date,code,time,price,volume,bs
2026-06-29,600036,09:30:01,35.90,162,2
2026-06-29,600036,09:30:04,35.90,239,1
2026-06-29,600036,09:30:07,35.88,745,1
2026-06-29,600036,09:30:10,35.89,632,2
2026-06-29,600036,09:30:13,35.90,511,2
2026-06-29,600036,09:30:16,35.86,571,1
2026-06-29,600036,09:30:19,35.88,614,2
2026-06-29,600036,09:30:22,35.87,382,1
2026-06-29,600036,09:30:25,35.88,713,2
2026-06-29,600036,09:30:28,35.85,412,1
2026-06-29,600036,09:30:31,35.85,859,2
2026-06-29,600036,09:30:34,35.85,674,2
2026-06-29,600036,09:30:37,35.83,398,1
2026-06-29,600036,09:30:40,35.83,995,2
2026-06-29,600036,09:30:43,35.80,2197,1
2026-06-29,600036,09:30:46,35.81,1149,2
2026-06-29,600036,09:30:49,35.80,1913,1
2026-06-29,600036,09:30:52,35.77,2412,1
2026-06-29,600036,09:30:55,35.79,1180,2
2026-06-29,600036,09:30:58,35.76,435,1
2026-06-29,600036,09:31:01,35.76,1919,2
2026-06-29,600036,09:31:04,35.75,638,1
2026-06-29,600036,09:31:07,35.71,1917,1
2026-06-29,600036,09:31:10,35.71,643,2
2026-06-29,600036,09:31:13,35.70,3422,1
2026-06-29,600036,09:31:16,35.70,817,2
2026-06-29,600036,09:31:19,35.70,738,2
2026-06-29,600036,09:31:22,35.67,409,1
2026-06-29,600036,09:31:25,35.65,1110,1
2026-06-29,600036,09:31:28,35.64,2433,1
2026-06-29,600036,09:31:31,35.62,1181,1
2026-06-29,600036,09:31:34,35.61,945,1
2026-06-29,600036,09:31:37,35.59,2497,1
2026-06-29,600036,09:31:40,35.59,993,2
2026-06-29,600036,09:31:43,35.60,2085,2
2026-06-29,600036,09:31:46,35.61,2724,2
2026-06-29,600036,09:31:49,35.60,557,1
2026-06-29,600036,09:31:52,35.58,1137,1
2026-06-29,600036,09:31:55,35.62,1017,1
2026-06-29,600036,09:31:58,35.62,1284,1
2026-06-29,600036,09:32:01,35.59,1283,1
2026-06-29,600036,09:32:04,35.57,1350,1
2026-06-29,600036,09:32:07,35.58,1074,2
2026-06-29,600036,09:32:10,35.52,1527,1
2026-06-29,600036,09:32:13,35.51,3650,1
2026-06-29,600036,09:32:16,35.50,3444,1
2026-06-29,600036,09:32:19,35.50,3261,2
2026-06-29,600036,09:32:22,35.50,451,1
2026-06-29,600036,09:32:25,35.50,995,1
2026-06-29,600036,09:32:28,35.51,327,1
2026-06-29,600036,09:32:31,35.50,782,1
2026-06-29,600036,09:32:34,35.51,387,2
2026-06-29,600036,09:32:37,35.50,567,1
2026-06-29,600036,09:32:40,35.50,997,1
2026-06-29,600036,09:32:43,35.51,579,2
2026-06-29,600036,09:32:46,35.52,1079,1
2026-06-29,600036,09:32:49,35.52,491,1
2026-06-29,600036,09:32:52,35.52,349,1
2026-06-29,600036,09:32:55,35.52,529,1
2026-06-29,600036,09:32:58,35.54,718,2
2026-06-29,600036,09:33:01,35.58,1277,2
2026-06-29,600036,09:33:04,35.59,559,2
2026-06-29,600036,09:33:07,35.60,651,2
2026-06-29,600036,09:33:10,35.59,696,1
2026-06-29,600036,09:33:13,35.58,2176,1
2026-06-29,600036,09:33:16,35.56,689,1
2026-06-29,600036,09:33:19,35.57,1403,2
2026-06-29,600036,09:33:22,35.58,581,2
2026-06-29,600036,09:33:25,35.56,790,1
2026-06-29,600036,09:33:28,35.58,920,2
2026-06-29,600036,09:33:31,35.52,964,1
2026-06-29,600036,09:33:34,35.54,1162,2
2026-06-29,600036,09:33:37,35.54,273,2
2026-06-29,600036,09:33:40,35.54,120,2
2026-06-29,600036,09:33:43,35.54,1481,2
2026-06-29,600036,09:33:46,35.54,723,2
2026-06-29,600036,09:33:49,35.53,588,1
2026-06-29,600036,09:33:52,35.52,428,1
2026-06-29,600036,09:33:55,35.51,593,1
2026-06-29,600036,09:33:58,35.50,3809,1
2026-06-29,600036,09:34:01,35.46,953,1
2026-06-29,600036,09:34:04,35.49,516,2
2026-06-29,600036,09:34:07,35.48,300,1
2026-06-29,600036,09:34:10,35.48,208,2
2026-06-29,600036,09:34:13,35.47,607,1
2026-06-29,600036,09:34:16,35.48,709,2
2026-06-29,600036,09:34:19,35.50,334,2
2026-06-29,600036,09:34:22,35.47,703,1
2026-06-29,600036,09:34:25,35.46,1731,1
2026-06-29,600036,09:34:28,35.46,512,2
2026-06-29,600036,09:34:31,35.46,975,2
2026-06-29,600036,09:34:34,35.45,739,1
2026-06-29,600036,09:34:37,35.44,732,1
2026-06-29,600036,09:34:40,35.43,473,1
2026-06-29,600036,09:34:43,35.43,462,1
2026-06-29,600036,09:34:46,35.43,577,1
2026-06-29,600036,09:34:49,35.43,428,2
2026-06-29,600036,09:34:52,35.42,256,1
2026-06-29,600036,09:34:55,35.43,464,2
2026-06-29,600036,09:34:58,35.43,331,2
2026-06-29,600036,09:35:01,35.41,731,1
2026-06-29,600036,09:35:04,35.42,500,2
2026-06-29,600036,09:35:07,35.42,508,1
2026-06-29,600036,09:35:10,35.44,291,2
2026-06-29,600036,09:35:13,35.43,717,1
2026-06-29,600036,09:35:16,35.42,384,1
2026-06-29,600036,09:35:19,35.41,1571,1
2026-06-29,600036,09:35:22,35.42,1773,2
2026-06-29,600036,09:35:25,35.42,791,2
2026-06-29,600036,09:35:28,35.41,226,1
2026-06-29,600036,09:35:31,35.42,577,2
2026-06-29,600036,09:35:34,35.42,551,1
2026-06-29,600036,09:35:37,35.42,617,1
2026-06-29,600036,09:35:40,35.43,914,2
2026-06-29,600036,09:35:43,35.42,880,1
2026-06-29,600036,09:35:46,35.42,403,1
2026-06-29,600036,09:35:49,35.43,871,2
2026-06-29,600036,09:35:52,35.43,614,2
2026-06-29,600036,09:35:55,35.42,427,1
2026-06-29,600036,09:35:58,35.42,495,1
2026-06-29,600036,09:36:01,35.42,560,1
2026-06-29,600036,09:36:04,35.44,217,2
2026-06-29,600036,09:36:07,35.45,575,2
2026-06-29,600036,09:36:10,35.45,76,2
2026-06-29,600036,09:36:13,35.44,201,1
2026-06-29,600036,09:36:16,35.45,221,2
2026-06-29,600036,09:36:19,35.44,314,1
2026-06-29,600036,09:36:22,35.44,1933,1
2026-06-29,600036,09:36:25,35.44,716,1
2026-06-29,600036,09:36:28,35.44,717,1
2026-06-29,600036,09:36:31,35.44,331,2
2026-06-29,600036,09:36:34,35.45,266,2
2026-06-29,600036,09:36:37,35.45,194,2
2026-06-29,600036,09:36:40,35.44,699,1
2026-06-29,600036,09:36:43,35.44,762,2
2026-06-29,600036,09:36:46,35.43,424,1
2026-06-29,600036,09:36:49,35.44,912,2
2026-06-29,600036,09:36:52,35.43,201,1
2026-06-29,600036,09:36:55,35.42,1255,1
2026-06-29,600036,09:36:58,35.43,226,2
2026-06-29,600036,09:37:01,35.42,673,1
2026-06-29,600036,09:37:04,35.41,1384,1
2026-06-29,600036,09:37:07,35.42,1321,2
2026-06-29,600036,09:37:10,35.42,144,2
2026-06-29,600036,09:37:13,35.41,492,1
2026-06-29,600036,09:37:16,35.41,1138,2
2026-06-29,600036,09:37:19,35.41,614,2
2026-06-29,600036,09:37:22,35.41,752,2
2026-06-29,600036,09:37:25,35.42,151,2
2026-06-29,600036,09:37:28,35.42,320,2
2026-06-29,600036,09:37:31,35.42,403,2
2026-06-29,600036,09:37:34,35.42,300,2
2026-06-29,600036,09:37:37,35.42,382,2
2026-06-29,600036,09:37:40,35.42,483,2
2026-06-29,600036,09:37:43,35.42,269,2
2026-06-29,600036,09:37:46,35.42,324,2
2026-06-29,600036,09:37:49,35.42,598,2
2026-06-29,600036,09:37:52,35.41,747,1
2026-06-29,600036,09:37:55,35.41,466,1
2026-06-29,600036,09:37:58,35.42,346,2
2026-06-29,600036,09:38:01,35.41,654,1
2026-06-29,600036,09:38:04,35.42,470,2
2026-06-29,600036,09:38:07,35.42,335,2
2026-06-29,600036,09:38:10,35.43,39,2
2026-06-29,600036,09:38:13,35.42,292,1
2026-06-29,600036,09:38:16,35.42,324,1
2026-06-29,600036,09:38:19,35.42,431,2
2026-06-29,600036,09:38:22,35.42,206,2
2026-06-29,600036,09:38:25,35.42,349,2
2026-06-29,600036,09:38:28,35.42,382,1
2026-06-29,600036,09:38:31,35.43,404,2
2026-06-29,600036,09:38:34,35.43,466,2
2026-06-29,600036,09:38:37,35.43,123,2
2026-06-29,600036,09:38:40,35.44,106,2
2026-06-29,600036,09:38:43,35.45,133,2
2026-06-29,600036,09:38:46,35.44,395,1
2026-06-29,600036,09:38:49,35.45,477,2
2026-06-29,600036,09:38:52,35.45,99,1
2026-06-29,600036,09:38:55,35.46,308,2
2026-06-29,600036,09:38:58,35.46,93,2
2026-06-29,600036,09:39:01,35.45,301,1
2026-06-29,600036,09:39:04,35.45,203,1
2026-06-29,600036,09:39:07,35.46,151,1
2026-06-29,600036,09:39:10,35.46,527,1
2026-06-29,600036,09:39:13,35.46,614,1
2026-06-29,600036,09:39:16,35.47,815,2
2026-06-29,600036,09:39:19,35.47,926,1
2026-06-29,600036,09:39:22,35.47,313,1
2026-06-29,600036,09:39:25,35.47,820,2
2026-06-29,600036,09:39:28,35.47,336,2
2026-06-29,600036,09:39:31,35.47,364,2
2026-06-29,600036,09:39:34,35.47,156,1
2026-06-29,600036,09:39:37,35.48,192,2
2026-06-29,600036,09:39:40,35.47,630,1
2026-06-29,600036,09:39:43,35.45,1288,1
2026-06-29,600036,09:39:46,35.46,613,2
2026-06-29,600036,09:39:49,35.46,967,2
2026-06-29,600036,09:39:52,35.44,495,1
2026-06-29,600036,09:39:55,35.45,380,1
2026-06-29,600036,09:39:58,35.46,441,2
2026-06-29,600036,09:40:01,35.45,126,1
2026-06-29,600036,09:40:04,35.45,434,1
2026-06-29,600036,09:40:07,35.45,277,2
2026-06-29,600036,09:40:10,35.44,536,1
2026-06-29,600036,09:40:13,35.44,171,2
2026-06-29,600036,09:40:16,35.44,285,2
2026-06-29,600036,09:40:19,35.44,118,2
2026-06-29,600036,09:40:22,35.43,564,1
2026-06-29,600036,09:40:25,35.44,208,2
2026-06-29,600036,09:40:28,35.44,665,1
2026-06-29,600036,09:40:31,35.42,1163,1
2026-06-29,600036,09:40:34,35.42,1204,1
2026-06-29,600036,09:40:37,35.42,476,2
2026-06-29,600036,09:40:40,35.41,2576,1
2026-06-29,600036,09:40:43,35.42,501,2
2026-06-29,600036,09:40:46,35.42,381,2
2026-06-29,600036,09:40:49,35.46,2941,2
2026-06-29,600036,09:40:52,35.45,481,1
2026-06-29,600036,09:40:55,35.45,218,1
2026-06-29,600036,09:40:58,35.44,514,1
2026-06-29,600036,09:41:01,35.43,471,1
2026-06-29,600036,09:41:04,35.46,265,2
2026-06-29,600036,09:41:07,35.47,102,2
2026-06-29,600036,09:41:10,35.48,466,2
2026-06-29,600036,09:41:13,35.49,380,2
2026-06-29,600036,09:41:16,35.52,240,2
2026-06-29,600036,09:41:19,35.53,267,2
2026-06-29,600036,09:41:22,35.53,143,1
2026-06-29,600036,09:41:25,35.53,405,2
2026-06-29,600036,09:41:28,35.53,167,1
2026-06-29,600036,09:41:31,35.53,607,1
2026-06-29,600036,09:41:34,35.50,397,1
2026-06-29,600036,09:41:37,35.52,148,2
2026-06-29,600036,09:41:40,35.51,197,2
2026-06-29,600036,09:41:43,35.51,137,1
2026-06-29,600036,09:41:46,35.51,266,1
2026-06-29,600036,09:41:49,35.51,150,1
2026-06-29,600036,09:41:52,35.52,165,2
2026-06-29,600036,09:41:55,35.51,145,1
2026-06-29,600036,09:41:58,35.52,199,2
2026-06-29,600036,09:42:01,35.51,535,1
2026-06-29,600036,09:42:04,35.51,436,2
2026-06-29,600036,09:42:07,35.52,149,2
2026-06-29,600036,09:42:10,35.53,191,2
2026-06-29,600036,09:42:13,35.53,125,2
2026-06-29,600036,09:42:16,35.52,269,1
2026-06-29,600036,09:42:19,35.52,113,2
2026-06-29,600036,09:42:22,35.53,89,2
2026-06-29,600036,09:42:25,35.53,67,2
2026-06-29,600036,09:42:28,35.52,870,1
2026-06-29,600036,09:42:31,35.53,545,2
2026-06-29,600036,09:42:34,35.53,123,1
2026-06-29,600036,09:42:37,35.52,643,1
2026-06-29,600036,09:42:40,35.53,139,2
2026-06-29,600036,09:42:43,35.54,148,2
2026-06-29,600036,09:42:46,35.53,142,1
2026-06-29,600036,09:42:49,35.54,200,2
2026-06-29,600036,09:42:52,35.53,178,1
2026-06-29,600036,09:42:55,35.54,548,2
2026-06-29,600036,09:42:58,35.54,289,2
2026-06-29,600036,09:43:01,35.54,224,2
2026-06-29,600036,09:43:04,35.52,976,1
2026-06-29,600036,09:43:07,35.53,616,2
2026-06-29,600036,09:43:10,35.52,467,1
2026-06-29,600036,09:43:13,35.53,143,2
2026-06-29,600036,09:43:16,35.54,192,2
2026-06-29,600036,09:43:19,35.59,1399,2
2026-06-29,600036,09:43:22,35.59,433,2
2026-06-29,600036,09:43:25,35.59,90,2
2026-06-29,600036,09:43:28,35.58,52,2
2026-06-29,600036,09:43:31,35.57,158,1
2026-06-29,600036,09:43:34,35.55,232,1
2026-06-29,600036,09:43:37,35.55,100,1
2026-06-29,600036,09:43:40,35.56,34,1
2026-06-29,600036,09:43:43,35.55,49,1
2026-06-29,600036,09:43:46,35.56,208,2
2026-06-29,600036,09:43:49,35.55,356,1
2026-06-29,600036,09:43:52,35.56,131,2
2026-06-29,600036,09:43:55,35.56,191,2
2026-06-29,600036,09:43:58,35.56,154,2
2026-06-29,600036,09:44:01,35.55,103,1
2026-06-29,600036,09:44:04,35.55,254,2
2026-06-29,600036,09:44:07,35.56,191,2
2026-06-29,600036,09:44:10,35.56,441,2
2026-06-29,600036,09:44:13,35.56,168,2
2026-06-29,600036,09:44:16,35.56,376,1
2026-06-29,600036,09:44:19,35.56,23,2
2026-06-29,600036,09:44:22,35.55,197,1
2026-06-29,600036,09:44:25,35.56,85,2
2026-06-29,600036,09:44:28,35.55,33,1
2026-06-29,600036,09:44:31,35.55,120,1
2026-06-29,600036,09:44:34,35.55,222,1
2026-06-29,600036,09:44:37,35.55,86,1
2026-06-29,600036,09:44:40,35.55,47,1
2026-06-29,600036,09:44:43,35.56,67,2
2026-06-29,600036,09:44:46,35.56,313,2
2026-06-29,600036,09:44:49,35.55,315,1
2026-06-29,600036,09:44:52,35.55,202,1
2026-06-29,600036,09:44:55,35.55,278,1
2026-06-29,600036,09:44:58,35.56,143,2
2026-06-29,600036,09:45:01,35.55,54,2
2026-06-29,600036,09:45:04,35.55,82,2
2026-06-29,600036,09:45:07,35.54,185,1
2026-06-29,600036,09:45:10,35.56,165,2
2026-06-29,600036,09:45:13,35.56,72,2
2026-06-29,600036,09:45:16,35.54,904,1
2026-06-29,600036,09:45:19,35.53,891,1
2026-06-29,600036,09:45:22,35.52,240,1
2026-06-29,600036,09:45:25,35.52,326,1
2026-06-29,600036,09:45:28,35.52,65,2
2026-06-29,600036,09:45:31,35.52,119,2
2026-06-29,600036,09:45:34,35.51,456,1
2026-06-29,600036,09:45:37,35.49,2512,1
2026-06-29,600036,09:45:40,35.49,288,2
2026-06-29,600036,09:45:43,35.48,554,1
2026-06-29,600036,09:45:46,35.48,161,1
2026-06-29,600036,09:45:49,35.47,412,1
2026-06-29,600036,09:45:52,35.48,202,2
2026-06-29,600036,09:45:55,35.48,171,2
2026-06-29,600036,09:45:58,35.47,193,1
2026-06-29,600036,09:46:01,35.47,265,1
2026-06-29,600036,09:46:04,35.47,139,2
2026-06-29,600036,09:46:07,35.47,359,2
2026-06-29,600036,09:46:10,35.46,204,1
2026-06-29,600036,09:46:13,35.47,248,2
2026-06-29,600036,09:46:16,35.46,583,1
2026-06-29,600036,09:46:19,35.48,149,2
2026-06-29,600036,09:46:22,35.46,794,1
2026-06-29,600036,09:46:25,35.48,318,2
2026-06-29,600036,09:46:28,35.50,470,2
2026-06-29,600036,09:46:31,35.50,95,2
2026-06-29,600036,09:46:34,35.50,135,2
2026-06-29,600036,09:46:37,35.52,462,2
2026-06-29,600036,09:46:40,35.51,86,1
2026-06-29,600036,09:46:43,35.50,88,1
2026-06-29,600036,09:46:46,35.50,117,2
2026-06-29,600036,09:46:49,35.49,120,1
2026-06-29,600036,09:46:52,35.50,58,2
2026-06-29,600036,09:46:55,35.49,85,1
2026-06-29,600036,09:46:58,35.50,53,2
2026-06-29,600036,09:47:01,35.49,446,1
2026-06-29,600036,09:47:04,35.49,344,2
2026-06-29,600036,09:47:07,35.50,92,2
2026-06-29,600036,09:47:10,35.50,275,2
2026-06-29,600036,09:47:13,35.50,751,2
2026-06-29,600036,09:47:16,35.53,190,2
2026-06-29,600036,09:47:19,35.53,25,2
2026-06-29,600036,09:47:22,35.52,42,2
2026-06-29,600036,09:47:25,35.52,150,1
2026-06-29,600036,09:47:28,35.52,90,1
2026-06-29,600036,09:47:31,35.52,69,2
2026-06-29,600036,09:47:34,35.52,190,2
2026-06-29,600036,09:47:37,35.51,324,1
2026-06-29,600036,09:47:40,35.51,182,2
2026-06-29,600036,09:47:43,35.55,346,2
2026-06-29,600036,09:47:46,35.52,663,1
2026-06-29,600036,09:47:49,35.52,488,1
2026-06-29,600036,09:47:52,35.55,132,2
2026-06-29,600036,09:47:55,35.53,47,1
2026-06-29,600036,09:47:58,35.53,47,2
2026-06-29,600036,09:48:01,35.51,338,1
2026-06-29,600036,09:48:04,35.52,131,2
2026-06-29,600036,09:48:07,35.52,663,2
2026-06-29,600036,09:48:10,35.53,635,2
2026-06-29,600036,09:48:13,35.52,219,1
2026-06-29,600036,09:48:16,35.53,99,2
2026-06-29,600036,09:48:19,35.52,515,1
2026-06-29,600036,09:48:22,35.52,72,2
2026-06-29,600036,09:48:25,35.52,91,1
2026-06-29,600036,09:48:28,35.52,104,2
2026-06-29,600036,09:48:31,35.52,51,2
2026-06-29,600036,09:48:34,35.52,476,2
2026-06-29,600036,09:48:37,35.52,64,2
2026-06-29,600036,09:48:40,35.52,130,2
2026-06-29,600036,09:48:43,35.52,52,2
2026-06-29,600036,09:48:46,35.52,111,2
2026-06-29,600036,09:48:49,35.52,92,2
2026-06-29,600036,09:48:52,35.51,90,1
2026-06-29,600036,09:48:55,35.52,43,2
2026-06-29,600036,09:48:58,35.52,44,2
2026-06-29,600036,09:49:01,35.52,59,2
2026-06-29,600036,09:49:04,35.51,129,1
2026-06-29,600036,09:49:07,35.52,155,2
2026-06-29,600036,09:49:10,35.51,112,1
2026-06-29,600036,09:49:13,35.51,142,1
2026-06-29,600036,09:49:16,35.50,229,1
2026-06-29,600036,09:49:19,35.51,155,2
2026-06-29,600036,09:49:22,35.52,156,2
2026-06-29,600036,09:49:25,35.52,383,2
2026-06-29,600036,09:49:28,35.52,374,1
2026-06-29,600036,09:49:31,35.53,199,1
2026-06-29,600036,09:49:34,35.53,156,2
2026-06-29,600036,09:49:37,35.52,58,1
2026-06-29,600036,09:49:40,35.53,114,2
2026-06-29,600036,09:49:43,35.53,15,1
2026-06-29,600036,09:49:46,35.53,66,1
2026-06-29,600036,09:49:49,35.54,23,2
2026-06-29,600036,09:49:52,35.53,79,1
2026-06-29,600036,09:49:55,35.54,202,2
2026-06-29,600036,09:49:58,35.55,460,2
2026-06-29,600036,09:50:01,35.55,348,2
2026-06-29,600036,09:50:04,35.54,1654,1
2026-06-29,600036,09:50:07,35.55,175,1
2026-06-29,600036,09:50:10,35.57,498,2
2026-06-29,600036,09:50:13,35.57,75,1
2026-06-29,600036,09:50:16,35.57,78,1
2026-06-29,600036,09:50:19,35.57,282,2
2026-06-29,600036,09:50:22,35.56,381,1
2026-06-29,600036,09:50:25,35.56,202,1
2026-06-29,600036,09:50:28,35.56,140,1
2026-06-29,600036,09:50:31,35.57,465,2
2026-06-29,600036,09:50:34,35.58,35,2
2026-06-29,600036,09:50:37,35.57,61,1
2026-06-29,600036,09:50:40,35.57,196,1
2026-06-29,600036,09:50:43,35.56,295,1
2026-06-29,600036,09:50:46,35.53,1043,1
2026-06-29,600036,09:50:49,35.53,698,1
2026-06-29,600036,09:50:52,35.51,528,1
2026-06-29,600036,09:50:55,35.51,123,1
2026-06-29,600036,09:50:58,35.52,15,2
2026-06-29,600036,09:51:01,35.52,143,2
2026-06-29,600036,09:51:04,35.52,129,2
2026-06-29,600036,09:51:07,35.52,142,2
2026-06-29,600036,09:51:10,35.51,152,1
2026-06-29,600036,09:51:13,35.52,58,2
2026-06-29,600036,09:51:16,35.52,67,1
2026-06-29,600036,09:51:19,35.52,150,2
2026-06-29,600036,09:51:22,35.51,134,1
2026-06-29,600036,09:51:25,35.51,88,1
2026-06-29,600036,09:51:28,35.51,156,2
2026-06-29,600036,09:51:31,35.51,140,2
2026-06-29,600036,09:51:34,35.52,401,2
2026-06-29,600036,09:51:37,35.52,39,1
2026-06-29,600036,09:51:40,35.53,116,2
2026-06-29,600036,09:51:43,35.53,93,2
2026-06-29,600036,09:51:46,35.52,118,1
2026-06-29,600036,09:51:49,35.52,47,1
2026-06-29,600036,09:51:52,35.52,37,1
2026-06-29,600036,09:51:55,35.53,142,2
2026-06-29,600036,09:51:58,35.53,58,2
2026-06-29,600036,09:52:01,35.55,412,2
2026-06-29,600036,09:52:04,35.55,340,2
2026-06-29,600036,09:52:07,35.56,23,2
2026-06-29,600036,09:52:10,35.56,52,2
2026-06-29,600036,09:52:13,35.56,71,2
2026-06-29,600036,09:52:16,35.55,1792,1
2026-06-29,600036,09:52:19,35.53,142,1
2026-06-29,600036,09:52:22,35.54,90,2
2026-06-29,600036,09:52:25,35.55,74,2
2026-06-29,600036,09:52:28,35.54,114,1
2026-06-29,600036,09:52:31,35.54,99,2
2026-06-29,600036,09:52:34,35.54,210,2
2026-06-29,600036,09:52:37,35.55,6,2
2026-06-29,600036,09:52:40,35.55,51,2
2026-06-29,600036,09:52:43,35.54,146,1
2026-06-29,600036,09:52:46,35.55,197,2
2026-06-29,600036,09:52:49,35.55,116,2
2026-06-29,600036,09:52:52,35.55,13,1
2026-06-29,600036,09:52:55,35.55,486,1
2026-06-29,600036,09:52:58,35.57,351,2
2026-06-29,600036,09:53:01,35.57,57,2
2026-06-29,600036,09:53:04,35.57,134,2
2026-06-29,600036,09:53:07,35.57,102,2
2026-06-29,600036,09:53:10,35.56,502,1
2026-06-29,600036,09:53:13,35.56,332,2
2026-06-29,600036,09:53:16,35.55,134,1
2026-06-29,600036,09:53:19,35.55,100,2
2026-06-29,600036,09:53:22,35.55,184,2
2026-06-29,600036,09:53:25,35.55,144,1
2026-06-29,600036,09:53:28,35.56,41,2
2026-06-29,600036,09:53:31,35.56,169,1
2026-06-29,600036,09:53:34,35.56,1203,1
2026-06-29,600036,09:53:37,35.55,239,1
2026-06-29,600036,09:53:40,35.56,52,2
2026-06-29,600036,09:53:43,35.56,43,1
2026-06-29,600036,09:53:46,35.58,2683,2
2026-06-29,600036,09:53:49,35.59,1230,2
2026-06-29,600036,09:53:52,35.58,610,2
2026-06-29,600036,09:53:55,35.59,153,2
2026-06-29,600036,09:53:58,35.59,122,1
2026-06-29,600036,09:54:01,35.59,127,1
2026-06-29,600036,09:54:04,35.60,152,2
2026-06-29,600036,09:54:07,35.60,85,2
2026-06-29,600036,09:54:10,35.59,133,1
2026-06-29,600036,09:54:13,35.60,73,2
2026-06-29,600036,09:54:16,35.60,176,2
2026-06-29,600036,09:54:19,35.60,1043,2
2026-06-29,600036,09:54:22,35.62,119,2
2026-06-29,600036,09:54:25,35.61,81,1
2026-06-29,600036,09:54:28,35.62,25,2
2026-06-29,600036,09:54:31,35.62,87,2
2026-06-29,600036,09:54:34,35.63,139,2
2026-06-29,600036,09:54:37,35.63,686,2
2026-06-29,600036,09:54:40,35.64,401,2
2026-06-29,600036,09:54:43,35.63,22,1
2026-06-29,600036,09:54:46,35.64,287,2
2026-06-29,600036,09:54:49,35.63,156,1
2026-06-29,600036,09:54:52,35.62,434,1
2026-06-29,600036,09:54:55,35.63,546,2
2026-06-29,600036,09:54:58,35.63,313,2
2026-06-29,600036,09:55:01,35.63,164,2
2026-06-29,600036,09:55:04,35.62,170,1
2026-06-29,600036,09:55:07,35.63,76,2
2026-06-29,600036,09:55:10,35.63,151,2
2026-06-29,600036,09:55:13,35.63,102,2
2026-06-29,600036,09:55:16,35.63,175,2
2026-06-29,600036,09:55:19,35.63,127,2
2026-06-29,600036,09:55:22,35.64,602,2
2026-06-29,600036,09:55:25,35.66,1183,2
2026-06-29,600036,09:55:28,35.67,226,2
2026-06-29,600036,09:55:31,35.66,128,1
2026-06-29,600036,09:55:34,35.67,95,2
2026-06-29,600036,09:55:37,35.67,1251,2
2026-06-29,600036,09:55:40,35.70,1022,2
2026-06-29,600036,09:55:43,35.72,127,2
2026-06-29,600036,09:55:46,35.72,283,1
2026-06-29,600036,09:55:49,35.73,816,2
2026-06-29,600036,09:55:52,35.75,414,2
2026-06-29,600036,09:55:55,35.75,97,2
2026-06-29,600036,09:55:58,35.74,80,1
2026-06-29,600036,09:56:01,35.74,299,1
2026-06-29,600036,09:56:04,35.74,618,2
2026-06-29,600036,09:56:07,35.74,187,2
2026-06-29,600036,09:56:10,35.73,226,1
2026-06-29,600036,09:56:13,35.74,471,2
2026-06-29,600036,09:56:16,35.76,1216,2
2026-06-29,600036,09:56:19,35.78,808,2
2026-06-29,600036,09:56:22,35.79,140,2
2026-06-29,600036,09:56:25,35.79,1073,2
2026-06-29,600036,09:56:28,35.80,125,2
2026-06-29,600036,09:56:31,35.80,360,1
2026-06-29,600036,09:56:34,35.81,64,2
2026-06-29,600036,09:56:37,35.82,59,2
2026-06-29,600036,09:56:40,35.81,51,1
2026-06-29,600036,09:56:43,35.82,282,2
2026-06-29,600036,09:56:46,35.82,632,2
2026-06-29,600036,09:56:49,35.82,343,2
2026-06-29,600036,09:56:52,35.81,685,1
2026-06-29,600036,09:56:55,35.81,627,1
2026-06-29,600036,09:56:58,35.81,312,1
2026-06-29,600036,09:57:01,35.81,485,1
2026-06-29,600036,09:57:04,35.82,711,2
2026-06-29,600036,09:57:07,35.84,823,2
2026-06-29,600036,09:57:10,35.84,430,2
2026-06-29,600036,09:57:13,35.85,187,2
2026-06-29,600036,09:57:16,35.85,379,2
2026-06-29,600036,09:57:19,35.84,395,1
2026-06-29,600036,09:57:22,35.84,134,2
2026-06-29,600036,09:57:25,35.84,123,2
2026-06-29,600036,09:57:28,35.83,198,1
2026-06-29,600036,09:57:31,35.82,65,1
2026-06-29,600036,09:57:34,35.83,75,2
2026-06-29,600036,09:57:37,35.82,741,1
2026-06-29,600036,09:57:40,35.83,83,2
2026-06-29,600036,09:57:43,35.81,104,1
2026-06-29,600036,09:57:46,35.81,206,1
2026-06-29,600036,09:57:49,35.81,144,2
2026-06-29,600036,09:57:52,35.81,67,2
2026-06-29,600036,09:57:55,35.80,382,1
2026-06-29,600036,09:57:58,35.81,472,2
2026-06-29,600036,09:58:01,35.80,696,1
2026-06-29,600036,09:58:04,35.78,172,1
2026-06-29,600036,09:58:07,35.78,173,1
2026-06-29,600036,09:58:10,35.79,1104,2
2026-06-29,600036,09:58:13,35.80,511,2
2026-06-29,600036,09:58:16,35.79,138,1
2026-06-29,600036,09:58:19,35.80,186,2
2026-06-29,600036,09:58:22,35.80,389,2
2026-06-29,600036,09:58:25,35.80,442,2
2026-06-29,600036,09:58:28,35.81,111,2
2026-06-29,600036,09:58:31,35.80,82,1
2026-06-29,600036,09:58:34,35.81,97,2
2026-06-29,600036,09:58:37,35.80,107,1
2026-06-29,600036,09:58:40,35.80,225,1
2026-06-29,600036,09:58:43,35.79,249,1
2026-06-29,600036,09:58:46,35.78,153,2
2026-06-29,600036,09:58:49,35.76,48,1
2026-06-29,600036,09:58:52,35.79,483,2
2026-06-29,600036,09:58:55,35.76,439,1
2026-06-29,600036,09:58:58,35.79,338,2
2026-06-29,600036,09:59:01,35.79,430,1
2026-06-29,600036,09:59:04,35.77,607,1
2026-06-29,600036,09:59:07,35.78,43,2
2026-06-29,600036,09:59:10,35.78,284,2
2026-06-29,600036,09:59:13,35.79,95,2
2026-06-29,600036,09:59:16,35.79,603,2
2026-06-29,600036,09:59:19,35.80,1105,2
2026-06-29,600036,09:59:22,35.77,123,1
2026-06-29,600036,09:59:25,35.78,451,2
2026-06-29,600036,09:59:28,35.80,269,2
2026-06-29,600036,09:59:31,35.80,337,1
2026-06-29,600036,09:59:34,35.80,230,2
2026-06-29,600036,09:59:37,35.77,159,1
2026-06-29,600036,09:59:40,35.80,430,2
2026-06-29,600036,09:59:43,35.81,328,2
2026-06-29,600036,09:59:46,35.82,169,2
2026-06-29,600036,09:59:49,35.81,257,1
2026-06-29,600036,09:59:52,35.81,20,1
2026-06-29,600036,09:59:55,35.81,542,1
2026-06-29,600036,09:59:58,35.82,112,2
2026-06-29,600036,10:00:01,35.82,278,2
2026-06-29,600036,10:00:04,35.82,130,1
2026-06-29,600036,10:00:07,35.83,105,2
2026-06-29,600036,10:00:10,35.88,4393,2
2026-06-29,600036,10:00:13,35.87,261,1
2026-06-29,600036,10:00:16,35.90,890,2
2026-06-29,600036,10:00:19,35.89,896,2
2026-06-29,600036,10:00:22,35.90,68,2
2026-06-29,600036,10:00:25,35.89,784,1
2026-06-29,600036,10:00:28,35.87,345,1
2026-06-29,600036,10:00:31,35.88,93,2
2026-06-29,600036,10:00:34,35.88,69,2
2026-06-29,600036,10:00:37,35.88,448,2
2026-06-29,600036,10:00:40,35.86,933,1
2026-06-29,600036,10:00:43,35.86,475,2
2026-06-29,600036,10:00:46,35.85,404,1
2026-06-29,600036,10:00:49,35.86,536,1
2026-06-29,600036,10:00:52,35.87,304,1
2026-06-29,600036,10:00:55,35.87,670,1
2026-06-29,600036,10:00:58,35.87,403,1
2026-06-29,600036,10:01:01,35.87,124,1
2026-06-29,600036,10:01:04,35.86,436,1
2026-06-29,600036,10:01:07,35.87,1468,2
2026-06-29,600036,10:01:10,35.87,262,1
2026-06-29,600036,10:01:13,35.89,45,2
2026-06-29,600036,10:01:16,35.90,1534,2
2026-06-29,600036,10:01:19,35.91,603,2
2026-06-29,600036,10:01:22,35.91,42,1
2026-06-29,600036,10:01:25,35.92,801,2
2026-06-29,600036,10:01:28,35.91,204,1
2026-06-29,600036,10:01:31,35.91,92,1
2026-06-29,600036,10:01:34,35.91,84,1
2026-06-29,600036,10:01:37,35.91,59,1
2026-06-29,600036,10:01:40,35.91,934,1
2026-06-29,600036,10:01:43,35.92,632,2
2026-06-29,600036,10:01:46,35.92,104,2
2026-06-29,600036,10:01:49,35.91,45,2
2026-06-29,600036,10:01:52,35.91,798,1
2026-06-29,600036,10:01:55,35.91,161,2
2026-06-29,600036,10:01:58,35.88,485,1
2026-06-29,600036,10:02:01,35.87,509,1
2026-06-29,600036,10:02:04,35.88,135,2
2026-06-29,600036,10:02:07,35.87,325,1
2026-06-29,600036,10:02:10,35.91,362,2
2026-06-29,600036,10:02:13,35.91,164,2
2026-06-29,600036,10:02:16,35.90,168,1
2026-06-29,600036,10:02:19,35.90,136,2
2026-06-29,600036,10:02:22,35.89,248,1
2026-06-29,600036,10:02:25,35.90,228,2
2026-06-29,600036,10:02:28,35.90,82,2
2026-06-29,600036,10:02:31,35.93,1089,2
2026-06-29,600036,10:02:34,35.95,424,2
2026-06-29,600036,10:02:37,35.96,413,2
2026-06-29,600036,10:02:40,35.96,195,2
2026-06-29,600036,10:02:43,35.98,634,2
2026-06-29,600036,10:02:46,35.98,161,2
2026-06-29,600036,10:02:49,35.97,131,1
2026-06-29,600036,10:02:52,36.00,1424,2
2026-06-29,600036,10:02:55,35.98,316,1
2026-06-29,600036,10:02:58,35.98,100,1
2026-06-29,600036,10:03:01,36.00,590,2
2026-06-29,600036,10:03:04,36.00,2012,2
2026-06-29,600036,10:03:07,36.02,693,2
2026-06-29,600036,10:03:10,36.03,846,2
2026-06-29,600036,10:03:13,36.02,131,1
2026-06-29,600036,10:03:16,36.05,479,2
2026-06-29,600036,10:03:19,36.05,64,2
2026-06-29,600036,10:03:22,36.05,175,2
2026-06-29,600036,10:03:25,36.05,129,2
2026-06-29,600036,10:03:28,36.05,253,2
2026-06-29,600036,10:03:31,36.06,373,2
2026-06-29,600036,10:03:34,36.05,158,1
2026-06-29,600036,10:03:37,36.06,622,2
2026-06-29,600036,10:03:40,36.08,946,2
2026-06-29,600036,10:03:43,36.06,596,1
2026-06-29,600036,10:03:46,36.08,443,2
2026-06-29,600036,10:03:49,36.06,122,1
2026-06-29,600036,10:03:52,36.08,805,2
2026-06-29,600036,10:03:55,36.08,632,1
2026-06-29,600036,10:03:58,36.06,96,1
2026-06-29,600036,10:04:01,36.07,160,2
2026-06-29,600036,10:04:04,36.08,393,2
2026-06-29,600036,10:04:07,36.08,195,2
2026-06-29,600036,10:04:10,36.10,1569,2
2026-06-29,600036,10:04:13,36.10,483,2
2026-06-29,600036,10:04:16,36.10,374,2
2026-06-29,600036,10:04:19,36.09,685,1
2026-06-29,600036,10:04:22,36.09,560,1
2026-06-29,600036,10:04:25,36.06,950,1
2026-06-29,600036,10:04:28,36.06,1571,1
2026-06-29,600036,10:04:31,36.06,148,2
2026-06-29,600036,10:04:34,36.04,217,1
2026-06-29,600036,10:04:37,36.05,338,2
2026-06-29,600036,10:04:40,36.05,101,2
2026-06-29,600036,10:04:43,36.05,100,2
2026-06-29,600036,10:04:46,36.04,398,1
2026-06-29,600036,10:04:49,36.04,101,1
2026-06-29,600036,10:04:52,36.04,468,1
2026-06-29,600036,10:04:55,36.03,376,1
2026-06-29,600036,10:04:58,36.03,233,2
2026-06-29,600036,10:05:01,36.05,73,2
2026-06-29,600036,10:05:04,36.04,307,1
2026-06-29,600036,10:05:07,36.07,933,2
2026-06-29,600036,10:05:10,36.09,109,2
2026-06-29,600036,10:05:13,36.07,33,1
2026-06-29,600036,10:05:16,36.07,628,1
2026-06-29,600036,10:05:19,36.06,312,1
2026-06-29,600036,10:05:22,36.05,711,1
2026-06-29,600036,10:05:25,36.01,506,1
2026-06-29,600036,10:05:28,36.01,79,1
2026-06-29,600036,10:05:31,36.01,25,1
2026-06-29,600036,10:05:34,36.01,162,1
2026-06-29,600036,10:05:37,36.01,116,1
2026-06-29,600036,10:05:40,36.01,149,1
2026-06-29,600036,10:05:43,36.00,1130,1
2026-06-29,600036,10:05:46,35.99,151,2
2026-06-29,600036,10:05:49,35.98,486,1
2026-06-29,600036,10:05:52,35.98,99,1
2026-06-29,600036,10:05:55,35.98,232,1
2026-06-29,600036,10:05:58,35.98,384,1
2026-06-29,600036,10:06:01,35.97,527,1
2026-06-29,600036,10:06:04,35.97,79,2
2026-06-29,600036,10:06:07,35.96,88,1
2026-06-29,600036,10:06:10,35.96,172,1
2026-06-29,600036,10:06:13,35.96,199,1
2026-06-29,600036,10:06:16,35.97,366,2
2026-06-29,600036,10:06:19,35.97,41,2
2026-06-29,600036,10:06:22,35.96,110,1
2026-06-29,600036,10:06:25,35.97,101,2
2026-06-29,600036,10:06:28,35.96,29,1
2026-06-29,600036,10:06:31,35.95,321,1
2026-06-29,600036,10:06:34,35.95,91,1
2026-06-29,600036,10:06:37,35.95,320,1
2026-06-29,600036,10:06:40,35.95,417,1
2026-06-29,600036,10:06:43,35.95,298,1
2026-06-29,600036,10:06:46,35.96,285,2
2026-06-29,600036,10:06:49,35.95,124,1
2026-06-29,600036,10:06:52,35.97,516,2
2026-06-29,600036,10:06:55,35.96,118,1
2026-06-29,600036,10:06:58,35.96,161,1
2026-06-29,600036,10:07:01,35.96,55,1
2026-06-29,600036,10:07:04,35.97,114,2
2026-06-29,600036,10:07:07,35.97,54,2
2026-06-29,600036,10:07:10,35.94,567,1
2026-06-29,600036,10:07:13,35.93,183,1
2026-06-29,600036,10:07:16,35.94,1075,2
2026-06-29,600036,10:07:19,35.94,349,2
2026-06-29,600036,10:07:22,35.94,114,2
2026-06-29,600036,10:07:25,35.95,59,2
2026-06-29,600036,10:07:28,35.94,61,1
2026-06-29,600036,10:07:31,35.95,478,2
2026-06-29,600036,10:07:34,35.95,142,2
2026-06-29,600036,10:07:37,35.95,47,2
2026-06-29,600036,10:07:40,35.94,103,1
2026-06-29,600036,10:07:43,35.95,63,2
2026-06-29,600036,10:07:46,35.96,98,2
2026-06-29,600036,10:07:49,35.98,622,2
2026-06-29,600036,10:07:52,35.99,902,2
2026-06-29,600036,10:07:55,36.01,166,2
2026-06-29,600036,10:07:58,36.05,349,2
2026-06-29,600036,10:08:01,36.05,456,1
2026-06-29,600036,10:08:04,36.06,186,2
2026-06-29,600036,10:08:07,36.08,474,2
2026-06-29,600036,10:08:10,36.12,1236,2
2026-06-29,600036,10:08:13,36.13,479,2
2026-06-29,600036,10:08:16,36.10,260,1
2026-06-29,600036,10:08:19,36.10,1590,2
2026-06-29,600036,10:08:22,36.07,1128,1
2026-06-29,600036,10:08:25,36.08,611,2
2026-06-29,600036,10:08:28,36.08,52,2
2026-06-29,600036,10:08:31,36.08,662,2
2026-06-29,600036,10:08:34,36.07,63,1
2026-06-29,600036,10:08:37,36.08,235,2
2026-06-29,600036,10:08:40,36.07,192,1
2026-06-29,600036,10:08:43,36.07,291,1
2026-06-29,600036,10:08:46,36.07,125,1
2026-06-29,600036,10:08:49,36.09,134,2
2026-06-29,600036,10:08:52,36.08,943,1
2026-06-29,600036,10:08:55,36.12,110,2
2026-06-29,600036,10:08:58,36.13,480,2
2026-06-29,600036,10:09:01,36.14,819,2
2026-06-29,600036,10:09:04,36.15,768,2
2026-06-29,600036,10:09:07,36.15,174,2
2026-06-29,600036,10:09:10,36.15,304,2
2026-06-29,600036,10:09:13,36.15,387,1
2026-06-29,600036,10:09:16,36.15,351,2
2026-06-29,600036,10:09:19,36.15,84,2
2026-06-29,600036,10:09:22,36.15,486,2
2026-06-29,600036,10:09:25,36.16,544,2
2026-06-29,600036,10:09:28,36.16,223,2
2026-06-29,600036,10:09:31,36.16,182,2
2026-06-29,600036,10:09:34,36.15,133,1
2026-06-29,600036,10:09:37,36.15,151,1
2026-06-29,600036,10:09:40,36.16,294,2
2026-06-29,600036,10:09:43,36.15,204,1
2026-06-29,600036,10:09:46,36.15,43,1
2026-06-29,600036,10:09:49,36.16,276,2
2026-06-29,600036,10:09:52,36.15,222,1
2026-06-29,600036,10:09:55,36.15,361,1
2026-06-29,600036,10:09:58,36.15,477,1
2026-06-29,600036,10:10:01,36.16,395,2
2026-06-29,600036,10:10:04,36.23,3762,2
2026-06-29,600036,10:10:07,36.20,1214,1
2026-06-29,600036,10:10:10,36.19,2403,1
2026-06-29,600036,10:10:13,36.23,421,2
2026-06-29,600036,10:10:16,36.23,1286,1
2026-06-29,600036,10:10:19,36.22,413,1
2026-06-29,600036,10:10:22,36.22,391,1
2026-06-29,600036,10:10:25,36.23,119,2
2026-06-29,600036,10:10:28,36.27,664,2
2026-06-29,600036,10:10:31,36.27,393,2
2026-06-29,600036,10:10:34,36.27,186,2
2026-06-29,600036,10:10:37,36.26,768,1
2026-06-29,600036,10:10:40,36.25,1236,1
2026-06-29,600036,10:10:43,36.25,851,2
2026-06-29,600036,10:10:46,36.26,252,2
2026-06-29,600036,10:10:49,36.23,1803,1
2026-06-29,600036,10:10:52,36.23,939,2
2026-06-29,600036,10:10:55,36.25,440,2
2026-06-29,600036,10:10:58,36.24,138,2
2026-06-29,600036,10:11:01,36.24,326,2
2026-06-29,600036,10:11:04,36.26,442,2
2026-06-29,600036,10:11:07,36.27,313,2
2026-06-29,600036,10:11:10,36.27,608,1
2026-06-29,600036,10:11:13,36.27,562,1
2026-06-29,600036,10:11:16,36.28,783,2
2026-06-29,600036,10:11:19,36.29,128,2
2026-06-29,600036,10:11:22,36.28,800,1
2026-06-29,600036,10:11:25,36.29,374,2
2026-06-29,600036,10:11:28,36.27,649,1
2026-06-29,600036,10:11:31,36.27,295,2
2026-06-29,600036,10:11:34,36.27,96,2
2026-06-29,600036,10:11:37,36.27,151,2
2026-06-29,600036,10:11:40,36.25,1226,1
2026-06-29,600036,10:11:43,36.24,287,1
2026-06-29,600036,10:11:46,36.25,1003,2
2026-06-29,600036,10:11:49,36.24,304,1
2026-06-29,600036,10:11:52,36.26,1095,2
2026-06-29,600036,10:11:55,36.26,262,2
2026-06-29,600036,10:11:58,36.27,286,1
2026-06-29,600036,10:12:01,36.28,552,2
2026-06-29,600036,10:12:04,36.31,3073,2
2026-06-29,600036,10:12:07,36.28,1153,1
2026-06-29,600036,10:12:10,36.29,1392,2
2026-06-29,600036,10:12:13,36.29,348,2
2026-06-29,600036,10:12:16,36.31,196,2
2026-06-29,600036,10:12:19,36.30,546,1
2026-06-29,600036,10:12:22,36.33,529,2
2026-06-29,600036,10:12:25,36.32,253,1
2026-06-29,600036,10:12:28,36.33,166,2
2026-06-29,600036,10:12:31,36.33,315,2
2026-06-29,600036,10:12:34,36.34,778,2
2026-06-29,600036,10:12:37,36.35,967,2
2026-06-29,600036,10:12:40,36.36,468,2
2026-06-29,600036,10:12:43,36.36,1238,2
2026-06-29,600036,10:12:46,36.35,441,1
2026-06-29,600036,10:12:49,36.36,301,2
2026-06-29,600036,10:12:52,36.35,588,1
2026-06-29,600036,10:12:55,36.35,1122,2
2026-06-29,600036,10:12:58,36.33,435,1
2026-06-29,600036,10:13:01,36.33,69,2
2026-06-29,600036,10:13:04,36.33,947,2
2026-06-29,600036,10:13:07,36.34,339,2
2026-06-29,600036,10:13:10,36.35,752,2
2026-06-29,600036,10:13:13,36.35,333,1
2026-06-29,600036,10:13:16,36.35,693,2
2026-06-29,600036,10:13:19,36.35,64,2
2026-06-29,600036,10:13:22,36.35,926,2
2026-06-29,600036,10:13:25,36.34,1254,1
2026-06-29,600036,10:13:28,36.35,703,2
2026-06-29,600036,10:13:31,36.34,414,1
2026-06-29,600036,10:13:34,36.34,518,1
2026-06-29,600036,10:13:37,36.35,408,1
2026-06-29,600036,10:13:40,36.35,540,1
2026-06-29,600036,10:13:43,36.35,373,2
2026-06-29,600036,10:13:46,36.33,321,1
2026-06-29,600036,10:13:49,36.35,416,2
2026-06-29,600036,10:13:52,36.34,97,2
2026-06-29,600036,10:13:55,36.34,502,2
2026-06-29,600036,10:13:58,36.32,87,1
2026-06-29,600036,10:14:01,36.32,231,1
2026-06-29,600036,10:14:04,36.31,950,1
2026-06-29,600036,10:14:07,36.32,1240,2
2026-06-29,600036,10:14:10,36.28,332,1
2026-06-29,600036,10:14:13,36.30,568,2
2026-06-29,600036,10:14:16,36.30,178,1
2026-06-29,600036,10:14:19,36.28,261,1
2026-06-29,600036,10:14:22,36.30,242,2
2026-06-29,600036,10:14:25,36.30,161,2
2026-06-29,600036,10:14:28,36.31,458,2
2026-06-29,600036,10:14:31,36.29,156,1
2026-06-29,600036,10:14:34,36.30,66,2
2026-06-29,600036,10:14:37,36.31,346,2
2026-06-29,600036,10:14:40,36.29,490,1
2026-06-29,600036,10:14:43,36.29,98,2
2026-06-29,600036,10:14:46,36.29,83,2
2026-06-29,600036,10:14:49,36.29,267,1
2026-06-29,600036,10:14:52,36.28,88,1
2026-06-29,600036,10:14:55,36.29,123,2
2026-06-29,600036,10:14:58,36.28,555,1
2026-06-29,600036,10:15:01,36.29,78,2
2026-06-29,600036,10:15:04,36.28,351,1
2026-06-29,600036,10:15:07,36.28,150,2
2026-06-29,600036,10:15:10,36.27,139,1
2026-06-29,600036,10:15:13,36.26,40,1
2026-06-29,600036,10:15:16,36.24,378,1
2026-06-29,600036,10:15:19,36.24,67,2
2026-06-29,600036,10:15:22,36.24,385,2
2026-06-29,600036,10:15:25,36.24,384,1
2026-06-29,600036,10:15:28,36.24,122,2
2026-06-29,600036,10:15:31,36.24,252,2
2026-06-29,600036,10:15:34,36.26,716,2
2026-06-29,600036,10:15:37,36.27,314,2
2026-06-29,600036,10:15:40,36.29,373,2
2026-06-29,600036,10:15:43,36.29,173,2
2026-06-29,600036,10:15:46,36.28,206,1
2026-06-29,600036,10:15:49,36.28,253,1
2026-06-29,600036,10:15:52,36.28,350,2
2026-06-29,600036,10:15:55,36.27,300,1
2026-06-29,600036,10:15:58,36.26,35,1
2026-06-29,600036,10:16:01,36.25,488,1
2026-06-29,600036,10:16:04,36.25,425,1
2026-06-29,600036,10:16:07,36.27,280,2
2026-06-29,600036,10:16:10,36.26,378,1
2026-06-29,600036,10:16:13,36.26,931,2
2026-06-29,600036,10:16:16,36.28,210,2
2026-06-29,600036,10:16:19,36.27,339,1
2026-06-29,600036,10:16:22,36.28,218,2
2026-06-29,600036,10:16:25,36.27,53,1
2026-06-29,600036,10:16:28,36.27,174,1
2026-06-29,600036,10:16:31,36.26,344,1
2026-06-29,600036,10:16:34,36.27,423,2
2026-06-29,600036,10:16:37,36.28,369,2
2026-06-29,600036,10:16:40,36.27,208,1
2026-06-29,600036,10:16:43,36.29,115,1
2026-06-29,600036,10:16:46,36.29,263,1
2026-06-29,600036,10:16:49,36.29,100,1
2026-06-29,600036,10:16:52,36.29,332,1
2026-06-29,600036,10:16:55,36.29,272,1
2026-06-29,600036,10:16:58,36.29,144,1
2026-06-29,600036,10:17:01,36.31,832,2
2026-06-29,600036,10:17:04,36.33,920,2
2026-06-29,600036,10:17:07,36.33,445,2
2026-06-29,600036,10:17:10,36.37,2021,2
2026-06-29,600036,10:17:13,36.37,989,2
2026-06-29,600036,10:17:16,36.36,231,1
2026-06-29,600036,10:17:19,36.38,689,2
2026-06-29,600036,10:17:22,36.38,123,2
2026-06-29,600036,10:17:25,36.38,172,2
2026-06-29,600036,10:17:28,36.38,341,1
2026-06-29,600036,10:17:31,36.39,322,2
2026-06-29,600036,10:17:34,36.38,182,1
2026-06-29,600036,10:17:37,36.38,147,1
2026-06-29,600036,10:17:40,36.38,248,1
2026-06-29,600036,10:17:43,36.38,165,1
2026-06-29,600036,10:17:46,36.39,298,2
2026-06-29,600036,10:17:49,36.38,319,1
2026-06-29,600036,10:17:52,36.38,209,1
2026-06-29,600036,10:17:55,36.38,464,1
2026-06-29,600036,10:17:58,36.39,354,2
2026-06-29,600036,10:18:01,36.39,297,1
2026-06-29,600036,10:18:04,36.40,1105,2
2026-06-29,600036,10:18:07,36.43,1500,2
2026-06-29,600036,10:18:10,36.44,375,2
2026-06-29,600036,10:18:13,36.43,269,1
2026-06-29,600036,10:18:16,36.44,114,1
2026-06-29,600036,10:18:19,36.45,137,2
2026-06-29,600036,10:18:22,36.44,127,1
2026-06-29,600036,10:18:25,36.43,336,1
2026-06-29,600036,10:18:28,36.43,216,2
2026-06-29,600036,10:18:31,36.44,361,2
2026-06-29,600036,10:18:34,36.44,623,2
2026-06-29,600036,10:18:37,36.44,1674,1
2026-06-29,600036,10:18:40,36.43,224,1
2026-06-29,600036,10:18:43,36.41,825,1
2026-06-29,600036,10:18:46,36.40,251,1
2026-06-29,600036,10:18:49,36.38,201,1
2026-06-29,600036,10:18:52,36.36,736,1
2026-06-29,600036,10:18:55,36.36,268,1
2026-06-29,600036,10:18:58,36.38,122,2
2026-06-29,600036,10:19:01,36.39,222,2
2026-06-29,600036,10:19:04,36.42,134,2
2026-06-29,600036,10:19:07,36.42,156,2
2026-06-29,600036,10:19:10,36.43,359,2
2026-06-29,600036,10:19:13,36.44,541,2
2026-06-29,600036,10:19:16,36.44,1500,1
2026-06-29,600036,10:19:19,36.44,435,1
2026-06-29,600036,10:19:22,36.45,285,2
2026-06-29,600036,10:19:25,36.44,328,2
2026-06-29,600036,10:19:28,36.42,133,1
2026-06-29,600036,10:19:31,36.41,162,1
2026-06-29,600036,10:19:34,36.40,108,1
2026-06-29,600036,10:19:37,36.40,259,1
2026-06-29,600036,10:19:40,36.39,112,1
2026-06-29,600036,10:19:43,36.39,194,1
2026-06-29,600036,10:19:46,36.37,247,1
2026-06-29,600036,10:19:49,36.37,95,1
2026-06-29,600036,10:19:52,36.37,501,2
2026-06-29,600036,10:19:55,36.38,333,2
2026-06-29,600036,10:19:58,36.37,224,1
2026-06-29,600036,10:20:01,36.38,98,2
2026-06-29,600036,10:20:04,36.38,224,2
2026-06-29,600036,10:20:07,36.39,419,2
2026-06-29,600036,10:20:10,36.39,132,1
2026-06-29,600036,10:20:13,36.39,157,1
2026-06-29,600036,10:20:16,36.39,218,1
2026-06-29,600036,10:20:19,36.40,363,2
2026-06-29,600036,10:20:22,36.44,1232,2
2026-06-29,600036,10:20:25,36.44,948,2
2026-06-29,600036,10:20:28,36.45,34,2
2026-06-29,600036,10:20:31,36.42,202,1
2026-06-29,600036,10:20:34,36.42,222,2
2026-06-29,600036,10:20:37,36.41,65,1
2026-06-29,600036,10:20:40,36.40,195,1
2026-06-29,600036,10:20:43,36.40,247,1
2026-06-29,600036,10:20:46,36.38,106,1
2026-06-29,600036,10:20:49,36.35,294,1
2026-06-29,600036,10:20:52,36.36,109,2
2026-06-29,600036,10:20:55,36.35,74,1
2026-06-29,600036,10:20:58,36.35,152,1
2026-06-29,600036,10:21:01,36.35,118,1
2026-06-29,600036,10:21:04,36.35,79,1
2026-06-29,600036,10:21:07,36.36,112,2
2026-06-29,600036,10:21:10,36.34,511,1
2026-06-29,600036,10:21:13,36.35,405,2
2026-06-29,600036,10:21:16,36.38,119,2
2026-06-29,600036,10:21:19,36.37,93,1
2026-06-29,600036,10:21:22,36.38,133,1
2026-06-29,600036,10:21:25,36.37,41,1
2026-06-29,600036,10:21:28,36.38,298,2
2026-06-29,600036,10:21:31,36.38,85,1
2026-06-29,600036,10:21:34,36.38,249,2
2026-06-29,600036,10:21:37,36.37,29,1
2026-06-29,600036,10:21:40,36.37,70,1
2026-06-29,600036,10:21:43,36.37,252,1
2026-06-29,600036,10:21:46,36.37,109,2
2026-06-29,600036,10:21:49,36.37,110,2
2026-06-29,600036,10:21:52,36.37,221,1
2026-06-29,600036,10:21:55,36.37,187,2
2026-06-29,600036,10:21:58,36.35,272,1
2026-06-29,600036,10:22:01,36.37,80,2
2026-06-29,600036,10:22:04,36.36,93,1
2026-06-29,600036,10:22:07,36.37,246,1
2026-06-29,600036,10:22:10,36.38,341,2
2026-06-29,600036,10:22:13,36.42,994,2
2026-06-29,600036,10:22:16,36.43,698,2
2026-06-29,600036,10:22:19,36.42,212,1
2026-06-29,600036,10:22:22,36.43,190,2
2026-06-29,600036,10:22:25,36.39,190,1
2026-06-29,600036,10:22:28,36.41,135,2
2026-06-29,600036,10:22:31,36.40,80,1
2026-06-29,600036,10:22:34,36.40,104,2
2026-06-29,600036,10:22:37,36.39,218,1
2026-06-29,600036,10:22:40,36.39,26,2
2026-06-29,600036,10:22:43,36.39,66,1
2026-06-29,600036,10:22:46,36.39,200,2
2026-06-29,600036,10:22:49,36.39,70,1
2026-06-29,600036,10:22:52,36.39,30,1
2026-06-29,600036,10:22:55,36.40,37,2
2026-06-29,600036,10:22:58,36.39,129,1
2026-06-29,600036,10:23:01,36.41,70,2
2026-06-29,600036,10:23:04,36.40,28,1
2026-06-29,600036,10:23:07,36.41,210,2
2026-06-29,600036,10:23:10,36.41,80,2
2026-06-29,600036,10:23:13,36.41,52,2
2026-06-29,600036,10:23:16,36.41,62,2
2026-06-29,600036,10:23:19,36.41,192,2
2026-06-29,600036,10:23:22,36.40,93,1
2026-06-29,600036,10:23:25,36.40,122,1
2026-06-29,600036,10:23:28,36.40,155,1
2026-06-29,600036,10:23:31,36.40,147,2
2026-06-29,600036,10:23:34,36.39,121,1
2026-06-29,600036,10:23:37,36.38,44,1
2026-06-29,600036,10:23:40,36.40,76,2
2026-06-29,600036,10:23:43,36.38,25,1
2026-06-29,600036,10:23:46,36.39,25,2
2026-06-29,600036,10:23:49,36.38,68,1
2026-06-29,600036,10:23:52,36.38,54,2
2026-06-29,600036,10:23:55,36.37,125,1
2026-06-29,600036,10:23:58,36.37,155,1
2026-06-29,600036,10:24:01,36.40,629,2
2026-06-29,600036,10:24:04,36.41,362,2
2026-06-29,600036,10:24:07,36.41,204,1
2026-06-29,600036,10:24:10,36.41,160,1
2026-06-29,600036,10:24:13,36.41,170,1
2026-06-29,600036,10:24:16,36.40,114,1
2026-06-29,600036,10:24:19,36.43,158,2
2026-06-29,600036,10:24:22,36.42,581,1
2026-06-29,600036,10:24:25,36.45,1192,2
2026-06-29,600036,10:24:28,36.44,728,1
2026-06-29,600036,10:24:31,36.45,1453,2
2026-06-29,600036,10:24:34,36.44,212,1
2026-06-29,600036,10:24:37,36.45,151,2
2026-06-29,600036,10:24:40,36.45,657,2
2026-06-29,600036,10:24:43,36.44,116,1
2026-06-29,600036,10:24:46,36.44,318,1
2026-06-29,600036,10:24:49,36.44,168,1
2026-06-29,600036,10:24:52,36.46,274,2
2026-06-29,600036,10:24:55,36.45,395,1
2026-06-29,600036,10:24:58,36.45,435,1
2026-06-29,600036,10:25:01,36.45,933,1
2026-06-29,600036,10:25:04,36.45,118,2
2026-06-29,600036,10:25:07,36.47,296,2
2026-06-29,600036,10:25:10,36.45,101,1
2026-06-29,600036,10:25:13,36.47,124,2
2026-06-29,600036,10:25:16,36.46,176,2
2026-06-29,600036,10:25:19,36.48,690,2
2026-06-29,600036,10:25:22,36.48,1419,2
2026-06-29,600036,10:25:25,36.49,93,2
2026-06-29,600036,10:25:28,36.48,551,1
2026-06-29,600036,10:25:31,36.48,310,1
2026-06-29,600036,10:25:34,36.49,2185,2
2026-06-29,600036,10:25:37,36.49,325,2
2026-06-29,600036,10:25:40,36.49,784,2
2026-06-29,600036,10:25:43,36.49,618,1
2026-06-29,600036,10:25:46,36.50,179,2
2026-06-29,600036,10:25:49,36.49,230,1
2026-06-29,600036,10:25:52,36.50,1108,2
2026-06-29,600036,10:25:55,36.51,555,2
2026-06-29,600036,10:25:58,36.51,529,2
2026-06-29,600036,10:26:01,36.53,1067,2
2026-06-29,600036,10:26:04,36.54,293,2
2026-06-29,600036,10:26:07,36.53,512,1
2026-06-29,600036,10:26:10,36.51,1004,1
2026-06-29,600036,10:26:13,36.52,400,2
2026-06-29,600036,10:26:16,36.52,193,2
2026-06-29,600036,10:26:19,36.52,210,1
2026-06-29,600036,10:26:22,36.52,106,2
2026-06-29,600036,10:26:25,36.51,81,1
2026-06-29,600036,10:26:28,36.51,210,1
2026-06-29,600036,10:26:31,36.51,199,2
2026-06-29,600036,10:26:34,36.52,398,2
2026-06-29,600036,10:26:37,36.54,1472,2
2026-06-29,600036,10:26:40,36.55,689,2
2026-06-29,600036,10:26:43,36.57,2103,2
2026-06-29,600036,10:26:46,36.57,149,1
2026-06-29,600036,10:26:49,36.55,386,1
2026-06-29,600036,10:26:52,36.56,484,1
2026-06-29,600036,10:26:55,36.55,600,1
2026-06-29,600036,10:26:58,36.55,207,2
2026-06-29,600036,10:27:01,36.55,112,2
2026-06-29,600036,10:27:04,36.56,568,2
2026-06-29,600036,10:27:07,36.57,579,2
2026-06-29,600036,10:27:10,36.57,339,1
2026-06-29,600036,10:27:13,36.57,362,1
2026-06-29,600036,10:27:16,36.58,151,2
2026-06-29,600036,10:27:19,36.58,173,2
2026-06-29,600036,10:27:22,36.58,177,1
2026-06-29,600036,10:27:25,36.58,155,1
2026-06-29,600036,10:27:28,36.57,116,1
2026-06-29,600036,10:27:31,36.56,595,1
2026-06-29,600036,10:27:34,36.57,28,2
2026-06-29,600036,10:27:37,36.58,1009,2
2026-06-29,600036,10:27:40,36.57,188,1
2026-06-29,600036,10:27:43,36.58,1304,2
2026-06-29,600036,10:27:46,36.59,2140,2
2026-06-29,600036,10:27:49,36.60,1502,2
2026-06-29,600036,10:27:52,36.61,711,2
2026-06-29,600036,10:27:55,36.62,196,2
2026-06-29,600036,10:27:58,36.60,331,1
2026-06-29,600036,10:28:01,36.62,160,2
2026-06-29,600036,10:28:04,36.61,421,1
2026-06-29,600036,10:28:07,36.62,174,2
2026-06-29,600036,10:28:10,36.63,141,2
2026-06-29,600036,10:28:13,36.60,168,1
2026-06-29,600036,10:28:16,36.61,312,2
2026-06-29,600036,10:28:19,36.60,662,1
2026-06-29,600036,10:28:22,36.61,149,2
2026-06-29,600036,10:28:25,36.62,368,2
2026-06-29,600036,10:28:28,36.62,116,1
2026-06-29,600036,10:28:31,36.61,175,1
2026-06-29,600036,10:28:34,36.62,149,1
2026-06-29,600036,10:28:37,36.62,196,1
2026-06-29,600036,10:28:40,36.62,170,1
2026-06-29,600036,10:28:43,36.62,408,2
2026-06-29,600036,10:28:46,36.63,54,2
2026-06-29,600036,10:28:49,36.62,139,1
2026-06-29,600036,10:28:52,36.62,119,1
2026-06-29,600036,10:28:55,36.63,105,2
2026-06-29,600036,10:28:58,36.62,101,1
2026-06-29,600036,10:29:01,36.62,152,1
2026-06-29,600036,10:29:04,36.63,243,2
2026-06-29,600036,10:29:07,36.61,209,1
2026-06-29,600036,10:29:10,36.61,350,1
2026-06-29,600036,10:29:13,36.61,475,2
2026-06-29,600036,10:29:16,36.60,182,2
2026-06-29,600036,10:29:19,36.59,20,1
2026-06-29,600036,10:29:22,36.59,164,1
2026-06-29,600036,10:29:25,36.58,340,1
2026-06-29,600036,10:29:28,36.56,17,1
2026-06-29,600036,10:29:31,36.55,55,1
2026-06-29,600036,10:29:34,36.55,317,1
2026-06-29,600036,10:29:37,36.55,59,1
2026-06-29,600036,10:29:40,36.56,405,2
2026-06-29,600036,10:29:43,36.55,109,1
2026-06-29,600036,10:29:46,36.56,195,1
2026-06-29,600036,10:29:49,36.55,444,1
2026-06-29,600036,10:29:52,36.57,139,2
2026-06-29,600036,10:29:55,36.58,269,2
2026-06-29,600036,10:29:58,36.60,495,2
2026-06-29,600036,10:30:01,36.62,945,2
2026-06-29,600036,10:30:04,36.62,874,1
2026-06-29,600036,10:30:07,36.63,247,2
2026-06-29,600036,10:30:10,36.65,1063,2
2026-06-29,600036,10:30:13,36.65,392,2
2026-06-29,600036,10:30:16,36.62,170,2
2026-06-29,600036,10:30:19,36.61,353,1
2026-06-29,600036,10:30:22,36.63,401,2
2026-06-29,600036,10:30:25,36.63,314,2
2026-06-29,600036,10:30:28,36.63,75,1
2026-06-29,600036,10:30:31,36.63,194,1
2026-06-29,600036,10:30:34,36.63,34,2
2026-06-29,600036,10:30:37,36.62,186,1
2026-06-29,600036,10:30:40,36.61,361,1
2026-06-29,600036,10:30:43,36.61,119,2
2026-06-29,600036,10:30:46,36.60,23,1
2026-06-29,600036,10:30:49,36.58,364,1
2026-06-29,600036,10:30:52,36.58,88,2
2026-06-29,600036,10:30:55,36.57,56,1
2026-06-29,600036,10:30:58,36.57,212,2
2026-06-29,600036,10:31:01,36.57,258,2
2026-06-29,600036,10:31:04,36.57,994,2
2026-06-29,600036,10:31:07,36.59,223,2
2026-06-29,600036,10:31:10,36.58,451,1
2026-06-29,600036,10:31:13,36.58,125,1
2026-06-29,600036,10:31:16,36.60,94,2
2026-06-29,600036,10:31:19,36.59,226,1
2026-06-29,600036,10:31:22,36.59,91,1
2026-06-29,600036,10:31:25,36.59,86,1
2026-06-29,600036,10:31:28,36.59,83,1
2026-06-29,600036,10:31:31,36.59,81,1
2026-06-29,600036,10:31:34,36.60,137,2
2026-06-29,600036,10:31:37,36.60,124,2
2026-06-29,600036,10:31:40,36.61,1324,2
2026-06-29,600036,10:31:43,36.61,356,1
2026-06-29,600036,10:31:46,36.61,361,1
2026-06-29,600036,10:31:49,36.62,286,2
2026-06-29,600036,10:31:52,36.61,211,1
2026-06-29,600036,10:31:55,36.61,257,1
2026-06-29,600036,10:31:58,36.62,138,2
2026-06-29,600036,10:32:01,36.62,128,2
2026-06-29,600036,10:32:04,36.61,55,1
2026-06-29,600036,10:32:07,36.62,183,2
2026-06-29,600036,10:32:10,36.61,68,1
2026-06-29,600036,10:32:13,36.61,564,1
2026-06-29,600036,10:32:16,36.59,574,1
2026-06-29,600036,10:32:19,36.61,33,2
2026-06-29,600036,10:32:22,36.59,175,1
2026-06-29,600036,10:32:25,36.59,377,1
2026-06-29,600036,10:32:28,36.60,76,2
2026-06-29,600036,10:32:31,36.60,75,1
2026-06-29,600036,10:32:34,36.60,101,1
2026-06-29,600036,10:32:37,36.60,182,1
2026-06-29,600036,10:32:40,36.60,254,1
2026-06-29,600036,10:32:43,36.60,128,1
2026-06-29,600036,10:32:46,36.60,137,1
2026-06-29,600036,10:32:49,36.60,254,1
2026-06-29,600036,10:32:52,36.60,274,2
2026-06-29,600036,10:32:55,36.60,403,2
2026-06-29,600036,10:32:58,36.62,1115,2
2026-06-29,600036,10:33:01,36.63,1242,2
2026-06-29,600036,10:33:04,36.63,787,2
2026-06-29,600036,10:33:07,36.63,99,2
2026-06-29,600036,10:33:10,36.64,101,2
2026-06-29,600036,10:33:13,36.64,95,2
2026-06-29,600036,10:33:16,36.63,223,1
2026-06-29,600036,10:33:19,36.64,317,2
2026-06-29,600036,10:33:22,36.64,113,2
2026-06-29,600036,10:33:25,36.64,48,2
2026-06-29,600036,10:33:28,36.63,80,1
2026-06-29,600036,10:33:31,36.63,251,1
2026-06-29,600036,10:33:34,36.61,89,1
2026-06-29,600036,10:33:37,36.61,193,1
2026-06-29,600036,10:33:40,36.61,61,1
2026-06-29,600036,10:33:43,36.59,116,1
2026-06-29,600036,10:33:46,36.60,32,2
2026-06-29,600036,10:33:49,36.60,135,2
2026-06-29,600036,10:33:52,36.59,127,1
2026-06-29,600036,10:33:55,36.59,326,1
2026-06-29,600036,10:33:58,36.60,448,2
2026-06-29,600036,10:34:01,36.59,146,1
2026-06-29,600036,10:34:04,36.60,183,2
2026-06-29,600036,10:34:07,36.60,175,2
2026-06-29,600036,10:34:10,36.60,153,2
2026-06-29,600036,10:34:13,36.60,139,2
2026-06-29,600036,10:34:16,36.59,226,1
2026-06-29,600036,10:34:19,36.60,104,2
2026-06-29,600036,10:34:22,36.59,428,1
2026-06-29,600036,10:34:25,36.59,137,1
2026-06-29,600036,10:34:28,36.59,169,1
2026-06-29,600036,10:34:31,36.60,108,2
2026-06-29,600036,10:34:34,36.62,469,2
2026-06-29,600036,10:34:37,36.63,386,2
2026-06-29,600036,10:34:40,36.63,243,2
2026-06-29,600036,10:34:43,36.62,99,1
2026-06-29,600036,10:34:46,36.63,297,2
2026-06-29,600036,10:34:49,36.63,251,2
2026-06-29,600036,10:34:52,36.62,117,1
2026-06-29,600036,10:34:55,36.61,38,1
2026-06-29,600036,10:34:58,36.61,145,2
2026-06-29,600036,10:35:01,36.61,65,2
2026-06-29,600036,10:35:04,36.61,53,1
2026-06-29,600036,10:35:07,36.61,47,1
2026-06-29,600036,10:35:10,36.61,207,1
2026-06-29,600036,10:35:13,36.61,61,2
2026-06-29,600036,10:35:16,36.60,387,1
2026-06-29,600036,10:35:19,36.57,896,1
2026-06-29,600036,10:35:22,36.60,880,2
2026-06-29,600036,10:35:25,36.60,372,2
2026-06-29,600036,10:35:28,36.60,227,1
2026-06-29,600036,10:35:31,36.61,167,2
2026-06-29,600036,10:35:34,36.60,129,1
2026-06-29,600036,10:35:37,36.60,73,2
2026-06-29,600036,10:35:40,36.58,226,1
2026-06-29,600036,10:35:43,36.57,17,1
2026-06-29,600036,10:35:46,36.58,87,2
2026-06-29,600036,10:35:49,36.58,496,1
2026-06-29,600036,10:35:52,36.58,153,1
2026-06-29,600036,10:35:55,36.56,153,1
2026-06-29,600036,10:35:58,36.56,241,1
2026-06-29,600036,10:36:01,36.57,48,2
2026-06-29,600036,10:36:04,36.56,150,1
2026-06-29,600036,10:36:07,36.56,265,1
2026-06-29,600036,10:36:10,36.56,145,1
2026-06-29,600036,10:36:13,36.58,209,2
2026-06-29,600036,10:36:16,36.57,68,1
2026-06-29,600036,10:36:19,36.57,118,2
2026-06-29,600036,10:36:22,36.58,276,2
2026-06-29,600036,10:36:25,36.56,90,1
2026-06-29,600036,10:36:28,36.56,124,1
2026-06-29,600036,10:36:31,36.56,414,1
2026-06-29,600036,10:36:34,36.56,96,1
2026-06-29,600036,10:36:37,36.55,643,1
2026-06-29,600036,10:36:40,36.55,278,1
2026-06-29,600036,10:36:43,36.53,252,1
2026-06-29,600036,10:36:46,36.52,489,1
2026-06-29,600036,10:36:49,36.56,1295,2
2026-06-29,600036,10:36:52,36.57,1723,2
2026-06-29,600036,10:36:55,36.58,357,2
2026-06-29,600036,10:36:58,36.59,1413,2
2026-06-29,600036,10:37:01,36.63,2866,2
2026-06-29,600036,10:37:04,36.64,1266,2
2026-06-29,600036,10:37:07,36.65,3339,2
2026-06-29,600036,10:37:10,36.69,9286,2
2026-06-29,600036,10:37:13,36.70,368,2
2026-06-29,600036,10:37:16,36.70,1049,2
2026-06-29,600036,10:37:19,36.67,1772,1
2026-06-29,600036,10:37:22,36.63,301,1
2026-06-29,600036,10:37:25,36.63,75,2
2026-06-29,600036,10:37:28,36.62,742,1
2026-06-29,600036,10:37:31,36.63,71,2
2026-06-29,600036,10:37:34,36.63,247,1
2026-06-29,600036,10:37:37,36.61,324,1
2026-06-29,600036,10:37:40,36.60,72,1
2026-06-29,600036,10:37:43,36.61,97,2
2026-06-29,600036,10:37:46,36.60,156,2
2026-06-29,600036,10:37:49,36.60,183,2
2026-06-29,600036,10:37:52,36.60,210,2
2026-06-29,600036,10:37:55,36.60,173,1
2026-06-29,600036,10:37:58,36.60,220,1
2026-06-29,600036,10:38:01,36.60,114,2
2026-06-29,600036,10:38:04,36.59,77,1
2026-06-29,600036,10:38:07,36.59,102,1
2026-06-29,600036,10:38:10,36.57,94,1
2026-06-29,600036,10:38:13,36.60,1166,2
2026-06-29,600036,10:38:16,36.64,240,2
2026-06-29,600036,10:38:19,36.65,143,2
2026-06-29,600036,10:38:22,36.64,267,1
2026-06-29,600036,10:38:25,36.64,68,2
2026-06-29,600036,10:38:28,36.63,112,1
2026-06-29,600036,10:38:31,36.64,269,2
2026-06-29,600036,10:38:34,36.64,414,2
2026-06-29,600036,10:38:37,36.65,144,2
2026-06-29,600036,10:38:40,36.65,258,2
2026-06-29,600036,10:38:43,36.65,113,1
2026-06-29,600036,10:38:46,36.65,133,2
2026-06-29,600036,10:38:49,36.65,289,2
2026-06-29,600036,10:38:52,36.65,101,2
2026-06-29,600036,10:38:55,36.64,120,1
2026-06-29,600036,10:38:58,36.66,516,2
2026-06-29,600036,10:39:01,36.66,269,2
2026-06-29,600036,10:39:04,36.67,388,2
2026-06-29,600036,10:39:07,36.67,577,2
2026-06-29,600036,10:39:10,36.67,47,1
2026-06-29,600036,10:39:13,36.66,106,1
2026-06-29,600036,10:39:16,36.66,227,1
2026-06-29,600036,10:39:19,36.66,68,1
2026-06-29,600036,10:39:22,36.65,37,1
2026-06-29,600036,10:39:25,36.65,63,1
2026-06-29,600036,10:39:28,36.66,639,2
2026-06-29,600036,10:39:31,36.65,49,1
2026-06-29,600036,10:39:34,36.65,134,2
2026-06-29,600036,10:39:37,36.65,51,1
2026-06-29,600036,10:39:40,36.65,306,1
2026-06-29,600036,10:39:43,36.65,75,2
2026-06-29,600036,10:39:46,36.65,218,2
2026-06-29,600036,10:39:49,36.63,88,1
2026-06-29,600036,10:39:52,36.63,175,1
2026-06-29,600036,10:39:55,36.63,237,1
2026-06-29,600036,10:39:58,36.63,36,1
2026-06-29,600036,10:40:01,36.63,55,2
2026-06-29,600036,10:40:04,36.63,280,2
2026-06-29,600036,10:40:07,36.64,178,2
2026-06-29,600036,10:40:10,36.63,172,1
2026-06-29,600036,10:40:13,36.64,407,2
2026-06-29,600036,10:40:16,36.66,454,2
2026-06-29,600036,10:40:19,36.65,737,1
2026-06-29,600036,10:40:22,36.67,457,2
2026-06-29,600036,10:40:25,36.68,151,2
2026-06-29,600036,10:40:28,36.67,254,1
2026-06-29,600036,10:40:31,36.67,116,2
2026-06-29,600036,10:40:34,36.66,100,1
2026-06-29,600036,10:40:37,36.67,77,2
2026-06-29,600036,10:40:40,36.66,235,1
2026-06-29,600036,10:40:43,36.66,52,2
2026-06-29,600036,10:40:46,36.66,208,2
2026-06-29,600036,10:40:49,36.65,60,1
2026-06-29,600036,10:40:52,36.65,140,1
2026-06-29,600036,10:40:55,36.66,46,2
2026-06-29,600036,10:40:58,36.65,60,1
2026-06-29,600036,10:41:01,36.64,117,1
2026-06-29,600036,10:41:04,36.64,198,2
2026-06-29,600036,10:41:07,36.65,65,2
2026-06-29,600036,10:41:10,36.64,58,1
2026-06-29,600036,10:41:13,36.64,54,1
2026-06-29,600036,10:41:16,36.63,59,1
2026-06-29,600036,10:41:19,36.61,66,1
2026-06-29,600036,10:41:22,36.61,63,1
2026-06-29,600036,10:41:25,36.62,70,2
2026-06-29,600036,10:41:28,36.61,74,1
2026-06-29,600036,10:41:31,36.61,61,1
2026-06-29,600036,10:41:34,36.63,264,2
2026-06-29,600036,10:41:37,36.63,128,1
2026-06-29,600036,10:41:40,36.63,100,1
2026-06-29,600036,10:41:43,36.61,48,1
2026-06-29,600036,10:41:46,36.61,43,1
2026-06-29,600036,10:41:49,36.61,124,1
2026-06-29,600036,10:41:52,36.61,76,1
2026-06-29,600036,10:41:55,36.60,139,1
2026-06-29,600036,10:41:58,36.61,44,2
2026-06-29,600036,10:42:01,36.59,688,1
2026-06-29,600036,10:42:04,36.59,116,1
2026-06-29,600036,10:42:07,36.59,956,1
2026-06-29,600036,10:42:10,36.60,317,2
2026-06-29,600036,10:42:13,36.59,311,1
2026-06-29,600036,10:42:16,36.59,115,1
2026-06-29,600036,10:42:19,36.59,71,1
2026-06-29,600036,10:42:22,36.58,412,1
2026-06-29,600036,10:42:25,36.60,522,2
2026-06-29,600036,10:42:28,36.62,452,2
2026-06-29,600036,10:42:31,36.61,353,1
2026-06-29,600036,10:42:34,36.61,204,1
2026-06-29,600036,10:42:37,36.61,72,1
2026-06-29,600036,10:42:40,36.62,206,2
2026-06-29,600036,10:42:43,36.61,85,1
2026-06-29,600036,10:42:46,36.61,33,2
2026-06-29,600036,10:42:49,36.61,75,2
2026-06-29,600036,10:42:52,36.61,91,1
2026-06-29,600036,10:42:55,36.62,80,2
2026-06-29,600036,10:42:58,36.61,46,1
2026-06-29,600036,10:43:01,36.61,75,2
2026-06-29,600036,10:43:04,36.60,197,1
2026-06-29,600036,10:43:07,36.60,82,1
2026-06-29,600036,10:43:10,36.61,97,2
2026-06-29,600036,10:43:13,36.59,111,1
2026-06-29,600036,10:43:16,36.58,47,1
2026-06-29,600036,10:43:19,36.58,59,1
2026-06-29,600036,10:43:22,36.58,126,1
2026-06-29,600036,10:43:25,36.57,164,1
2026-06-29,600036,10:43:28,36.57,33,1
2026-06-29,600036,10:43:31,36.57,75,1
2026-06-29,600036,10:43:34,36.56,51,1
2026-06-29,600036,10:43:37,36.56,154,1
2026-06-29,600036,10:43:40,36.55,40,1
2026-06-29,600036,10:43:43,36.55,195,1
2026-06-29,600036,10:43:46,36.54,622,1
2026-06-29,600036,10:43:49,36.56,230,2
2026-06-29,600036,10:43:52,36.57,412,2
2026-06-29,600036,10:43:55,36.56,78,1
2026-06-29,600036,10:43:58,36.55,42,1
2026-06-29,600036,10:44:01,36.56,429,2
2026-06-29,600036,10:44:04,36.55,246,1
2026-06-29,600036,10:44:07,36.55,225,2
2026-06-29,600036,10:44:10,36.57,247,2
2026-06-29,600036,10:44:13,36.55,86,1
2026-06-29,600036,10:44:16,36.55,401,1
2026-06-29,600036,10:44:19,36.56,109,2
2026-06-29,600036,10:44:22,36.55,33,1
2026-06-29,600036,10:44:25,36.55,171,1
2026-06-29,600036,10:44:28,36.55,30,1
2026-06-29,600036,10:44:31,36.55,100,1
2026-06-29,600036,10:44:34,36.55,178,1
2026-06-29,600036,10:44:37,36.55,64,2
2026-06-29,600036,10:44:40,36.55,150,2
2026-06-29,600036,10:44:43,36.55,46,1
2026-06-29,600036,10:44:46,36.56,271,2
2026-06-29,600036,10:44:49,36.58,240,2
2026-06-29,600036,10:44:52,36.58,140,2
2026-06-29,600036,10:44:55,36.59,446,2
2026-06-29,600036,10:44:58,36.59,94,1
2026-06-29,600036,10:45:01,36.60,1144,2
2026-06-29,600036,10:45:04,36.58,321,1
2026-06-29,600036,10:45:07,36.57,85,1
2026-06-29,600036,10:45:10,36.58,473,2
2026-06-29,600036,10:45:13,36.57,55,1
2026-06-29,600036,10:45:16,36.56,318,1
2026-06-29,600036,10:45:19,36.56,22,1
2026-06-29,600036,10:45:22,36.56,145,1
2026-06-29,600036,10:45:25,36.56,275,1
2026-06-29,600036,10:45:28,36.55,15,1
2026-06-29,600036,10:45:31,36.53,25,1
2026-06-29,600036,10:45:34,36.54,5,2
2026-06-29,600036,10:45:37,36.53,29,1
2026-06-29,600036,10:45:40,36.53,128,1
2026-06-29,600036,10:45:43,36.53,278,1
2026-06-29,600036,10:45:46,36.53,221,2
2026-06-29,600036,10:45:49,36.52,97,1
2026-06-29,600036,10:45:52,36.52,183,1
2026-06-29,600036,10:45:55,36.52,113,1
2026-06-29,600036,10:45:58,36.52,301,2
2026-06-29,600036,10:46:01,36.51,79,1
2026-06-29,600036,10:46:04,36.51,579,1
2026-06-29,600036,10:46:07,36.51,57,2
2026-06-29,600036,10:46:10,36.51,951,2
2026-06-29,600036,10:46:13,36.56,846,2
2026-06-29,600036,10:46:16,36.57,170,2
2026-06-29,600036,10:46:19,36.57,447,2
2026-06-29,600036,10:46:22,36.58,40,2
2026-06-29,600036,10:46:25,36.57,110,1
2026-06-29,600036,10:46:28,36.57,114,1
2026-06-29,600036,10:46:31,36.56,110,1
2026-06-29,600036,10:46:34,36.56,76,1
2026-06-29,600036,10:46:37,36.55,75,1
2026-06-29,600036,10:46:40,36.56,6,2
2026-06-29,600036,10:46:43,36.55,74,1
2026-06-29,600036,10:46:46,36.56,13,2
2026-06-29,600036,10:46:49,36.55,100,1
2026-06-29,600036,10:46:52,36.55,40,1
2026-06-29,600036,10:46:55,36.55,45,1
2026-06-29,600036,10:46:58,36.55,92,1
2026-06-29,600036,10:47:01,36.55,54,1
2026-06-29,600036,10:47:04,36.55,145,1
2026-06-29,600036,10:47:07,36.55,7,2
2026-06-29,600036,10:47:10,36.55,173,2
2026-06-29,600036,10:47:13,36.55,57,1
2026-06-29,600036,10:47:16,36.55,60,1
2026-06-29,600036,10:47:19,36.56,148,2
2026-06-29,600036,10:47:22,36.55,108,1
2026-06-29,600036,10:47:25,36.56,314,2
2026-06-29,600036,10:47:28,36.57,234,2
2026-06-29,600036,10:47:31,36.58,293,2
2026-06-29,600036,10:47:34,36.58,333,2
2026-06-29,600036,10:47:37,36.58,118,2
2026-06-29,600036,10:47:40,36.61,1685,2
2026-06-29,600036,10:47:43,36.58,410,1
2026-06-29,600036,10:47:46,36.59,14,2
2026-06-29,600036,10:47:49,36.59,106,2
2026-06-29,600036,10:47:52,36.60,75,2
2026-06-29,600036,10:47:55,36.58,58,1
2026-06-29,600036,10:47:58,36.58,4,1
2026-06-29,600036,10:48:01,36.60,36,2
2026-06-29,600036,10:48:04,36.59,39,1
2026-06-29,600036,10:48:07,36.58,191,1
2026-06-29,600036,10:48:10,36.60,140,2
2026-06-29,600036,10:48:13,36.58,70,1
2026-06-29,600036,10:48:16,36.60,435,2
2026-06-29,600036,10:48:19,36.63,1552,2
2026-06-29,600036,10:48:22,36.63,153,2
2026-06-29,600036,10:48:25,36.64,433,2
2026-06-29,600036,10:48:28,36.64,81,2
2026-06-29,600036,10:48:31,36.63,202,1
2026-06-29,600036,10:48:34,36.63,387,2
2026-06-29,600036,10:48:37,36.64,150,2
2026-06-29,600036,10:48:40,36.60,158,1
2026-06-29,600036,10:48:43,36.60,42,1
2026-06-29,600036,10:48:46,36.62,13,2
2026-06-29,600036,10:48:49,36.62,152,2
2026-06-29,600036,10:48:52,36.62,49,2
2026-06-29,600036,10:48:55,36.62,108,1
2026-06-29,600036,10:48:58,36.61,23,1
2026-06-29,600036,10:49:01,36.60,62,1
2026-06-29,600036,10:49:04,36.61,36,2
2026-06-29,600036,10:49:07,36.61,106,1
2026-06-29,600036,10:49:10,36.60,71,1
2026-06-29,600036,10:49:13,36.59,111,1
2026-06-29,600036,10:49:16,36.60,74,1
2026-06-29,600036,10:49:19,36.59,48,1
2026-06-29,600036,10:49:22,36.56,301,1
2026-06-29,600036,10:49:25,36.55,32,1
2026-06-29,600036,10:49:28,36.55,131,2
2026-06-29,600036,10:49:31,36.54,29,1
2026-06-29,600036,10:49:34,36.57,188,2
2026-06-29,600036,10:49:37,36.56,52,1
2026-06-29,600036,10:49:40,36.57,45,2
2026-06-29,600036,10:49:43,36.59,73,2
2026-06-29,600036,10:49:46,36.58,61,1
2026-06-29,600036,10:49:49,36.58,24,1
2026-06-29,600036,10:49:52,36.59,61,2
2026-06-29,600036,10:49:55,36.59,38,2
2026-06-29,600036,10:49:58,36.57,228,1
2026-06-29,600036,10:50:01,36.59,17,2
2026-06-29,600036,10:50:04,36.57,78,1
2026-06-29,600036,10:50:07,36.56,371,1
2026-06-29,600036,10:50:10,36.56,59,1
2026-06-29,600036,10:50:13,36.56,144,1
2026-06-29,600036,10:50:16,36.54,119,1
2026-06-29,600036,10:50:19,36.59,411,2
2026-06-29,600036,10:50:22,36.62,1231,2
2026-06-29,600036,10:50:25,36.60,254,1
2026-06-29,600036,10:50:28,36.62,369,1
2026-06-29,600036,10:50:31,36.63,67,2
2026-06-29,600036,10:50:34,36.62,521,1
2026-06-29,600036,10:50:37,36.61,120,1
2026-06-29,600036,10:50:40,36.58,195,1
2026-06-29,600036,10:50:43,36.61,483,2
2026-06-29,600036,10:50:46,36.60,35,1
2026-06-29,600036,10:50:49,36.60,168,1
2026-06-29,600036,10:50:52,36.60,126,2
2026-06-29,600036,10:50:55,36.58,139,1
2026-06-29,600036,10:50:58,36.60,116,2
2026-06-29,600036,10:51:01,36.63,661,2
2026-06-29,600036,10:51:04,36.63,204,1
2026-06-29,600036,10:51:07,36.62,239,1
2026-06-29,600036,10:51:10,36.63,155,2
2026-06-29,600036,10:51:13,36.62,104,1
2026-06-29,600036,10:51:16,36.62,211,2
2026-06-29,600036,10:51:19,36.61,290,1
2026-06-29,600036,10:51:22,36.55,302,1
2026-06-29,600036,10:51:25,36.57,41,2
2026-06-29,600036,10:51:28,36.56,73,1
2026-06-29,600036,10:51:31,36.57,103,2
2026-06-29,600036,10:51:34,36.57,112,1
2026-06-29,600036,10:51:37,36.57,23,1
2026-06-29,600036,10:51:40,36.57,79,1
2026-06-29,600036,10:51:43,36.57,48,1
2026-06-29,600036,10:51:46,36.57,31,1
2026-06-29,600036,10:51:49,36.59,139,2
2026-06-29,600036,10:51:52,36.57,84,1
2026-06-29,600036,10:51:55,36.58,26,1
2026-06-29,600036,10:51:58,36.57,38,1
2026-06-29,600036,10:52:01,36.58,21,2
2026-06-29,600036,10:52:04,36.57,21,1
2026-06-29,600036,10:52:07,36.57,221,1
2026-06-29,600036,10:52:10,36.57,44,1
2026-06-29,600036,10:52:13,36.57,94,1
2026-06-29,600036,10:52:16,36.57,45,1
2026-06-29,600036,10:52:19,36.58,19,2
2026-06-29,600036,10:52:22,36.57,103,1
2026-06-29,600036,10:52:25,36.56,105,1
2026-06-29,600036,10:52:28,36.56,30,1
2026-06-29,600036,10:52:31,36.56,177,1
2026-06-29,600036,10:52:34,36.56,336,2
2026-06-29,600036,10:52:37,36.57,39,2
2026-06-29,600036,10:52:40,36.57,136,2
2026-06-29,600036,10:52:43,36.57,36,1
2026-06-29,600036,10:52:46,36.57,42,1
2026-06-29,600036,10:52:49,36.57,133,2
2026-06-29,600036,10:52:52,36.56,158,1
2026-06-29,600036,10:52:55,36.57,2,2
2026-06-29,600036,10:52:58,36.55,211,1
2026-06-29,600036,10:53:01,36.55,44,1
2026-06-29,600036,10:53:04,36.54,123,1
2026-06-29,600036,10:53:07,36.55,54,1
2026-06-29,600036,10:53:10,36.56,445,2
2026-06-29,600036,10:53:13,36.57,10,2
2026-06-29,600036,10:53:16,36.56,31,1
2026-06-29,600036,10:53:19,36.57,104,2
2026-06-29,600036,10:53:22,36.57,37,1
2026-06-29,600036,10:53:25,36.58,33,2
2026-06-29,600036,10:53:28,36.57,31,1
2026-06-29,600036,10:53:31,36.58,202,2
2026-06-29,600036,10:53:34,36.58,106,1
2026-06-29,600036,10:53:37,36.59,164,2
2026-06-29,600036,10:53:40,36.59,85,2
2026-06-29,600036,10:53:43,36.58,105,1
2026-06-29,600036,10:53:46,36.59,105,2
2026-06-29,600036,10:53:49,36.60,63,2
2026-06-29,600036,10:53:52,36.59,85,1
2026-06-29,600036,10:53:55,36.59,120,1
2026-06-29,600036,10:53:58,36.59,71,1
2026-06-29,600036,10:54:01,36.60,147,2
2026-06-29,600036,10:54:04,36.58,110,1
2026-06-29,600036,10:54:07,36.58,2,2
2026-06-29,600036,10:54:10,36.58,84,1
2026-06-29,600036,10:54:13,36.59,22,2
2026-06-29,600036,10:54:16,36.59,771,2
2026-06-29,600036,10:54:19,36.58,218,1
2026-06-29,600036,10:54:22,36.59,104,2
2026-06-29,600036,10:54:25,36.58,8,1
2026-06-29,600036,10:54:31,36.58,52,2
2026-06-29,600036,10:54:34,36.58,141,2
2026-06-29,600036,10:54:37,36.57,6,2
2026-06-29,600036,10:54:40,36.57,15,2
2026-06-29,600036,10:54:43,36.57,9,2
2026-06-29,600036,10:54:46,36.56,10,1
2026-06-29,600036,10:54:49,36.56,125,1
2026-06-29,600036,10:54:52,36.55,18,1
2026-06-29,600036,10:54:55,36.54,99,1
2026-06-29,600036,10:54:58,36.55,178,2
2026-06-29,600036,10:55:01,36.54,234,1
2026-06-29,600036,10:55:04,36.53,12,1
2026-06-29,600036,10:55:07,36.54,22,2
2026-06-29,600036,10:55:10,36.54,16,2
2026-06-29,600036,10:55:13,36.54,48,2
2026-06-29,600036,10:55:16,36.54,171,2
2026-06-29,600036,10:55:19,36.53,93,1
2026-06-29,600036,10:55:22,36.53,58,1
2026-06-29,600036,10:55:25,36.52,308,1
2026-06-29,600036,10:55:28,36.51,271,1
2026-06-29,600036,10:55:31,36.51,71,1
2026-06-29,600036,10:55:34,36.51,25,1
2026-06-29,600036,10:55:37,36.50,157,1
2026-06-29,600036,10:55:40,36.50,496,1
2026-06-29,600036,10:55:43,36.50,17,1
2026-06-29,600036,10:55:46,36.50,589,1
2026-06-29,600036,10:55:49,36.49,110,1
2026-06-29,600036,10:55:52,36.49,60,1
2026-06-29,600036,10:55:55,36.48,160,1
2026-06-29,600036,10:55:58,36.48,56,1
2026-06-29,600036,10:56:01,36.48,104,1
2026-06-29,600036,10:56:04,36.48,154,1
2026-06-29,600036,10:56:07,36.47,60,1
2026-06-29,600036,10:56:10,36.48,116,2
2026-06-29,600036,10:56:13,36.46,58,1
2026-06-29,600036,10:56:16,36.48,148,2
2026-06-29,600036,10:56:19,36.47,207,1
2026-06-29,600036,10:56:22,36.47,89,1
2026-06-29,600036,10:56:25,36.47,32,1
2026-06-29,600036,10:56:28,36.48,173,2
2026-06-29,600036,10:56:31,36.48,834,2
2026-06-29,600036,10:56:34,36.49,911,2
2026-06-29,600036,10:56:37,36.50,87,2
2026-06-29,600036,10:56:40,36.51,32,2
2026-06-29,600036,10:56:43,36.51,38,2
2026-06-29,600036,10:56:46,36.50,62,2
2026-06-29,600036,10:56:49,36.50,16,2
2026-06-29,600036,10:56:52,36.50,31,2
2026-06-29,600036,10:56:55,36.50,99,2
2026-06-29,600036,10:56:58,36.50,42,2
2026-06-29,600036,10:57:01,36.50,139,2
2026-06-29,600036,10:57:04,36.50,66,1
2026-06-29,600036,10:57:07,36.50,440,1
2026-06-29,600036,10:57:10,36.50,71,1
2026-06-29,600036,10:57:13,36.49,74,1
2026-06-29,600036,10:57:16,36.49,66,1
2026-06-29,600036,10:57:19,36.50,3,2
2026-06-29,600036,10:57:22,36.49,69,1
2026-06-29,600036,10:57:25,36.51,1329,2
2026-06-29,600036,10:57:28,36.51,15,1
2026-06-29,600036,10:57:31,36.50,108,1
2026-06-29,600036,10:57:34,36.50,202,1
2026-06-29,600036,10:57:37,36.52,290,1
2026-06-29,600036,10:57:40,36.52,81,1
2026-06-29,600036,10:57:43,36.52,46,1
2026-06-29,600036,10:57:46,36.53,46,2
2026-06-29,600036,10:57:49,36.53,193,2
2026-06-29,600036,10:57:52,36.52,73,1
2026-06-29,600036,10:57:55,36.52,24,1
2026-06-29,600036,10:57:58,36.52,154,2
2026-06-29,600036,10:58:01,36.56,383,2
2026-06-29,600036,10:58:04,36.56,80,2
2026-06-29,600036,10:58:07,36.57,131,2
2026-06-29,600036,10:58:10,36.56,217,1
2026-06-29,600036,10:58:13,36.56,185,1
2026-06-29,600036,10:58:16,36.54,313,1
2026-06-29,600036,10:58:19,36.55,46,2
2026-06-29,600036,10:58:22,36.55,87,2
2026-06-29,600036,10:58:25,36.56,41,2
2026-06-29,600036,10:58:28,36.57,67,2
2026-06-29,600036,10:58:31,36.57,102,2
2026-06-29,600036,10:58:34,36.56,26,1
2026-06-29,600036,10:58:37,36.56,67,1
2026-06-29,600036,10:58:40,36.56,81,1
2026-06-29,600036,10:58:43,36.55,86,1
2026-06-29,600036,10:58:46,36.55,72,1
2026-06-29,600036,10:58:49,36.56,57,2
2026-06-29,600036,10:58:52,36.55,147,1
2026-06-29,600036,10:58:55,36.55,28,1
2026-06-29,600036,10:58:58,36.55,35,2
2026-06-29,600036,10:59:01,36.55,77,2
2026-06-29,600036,10:59:04,36.55,22,1
2026-06-29,600036,10:59:07,36.55,45,1
2026-06-29,600036,10:59:10,36.56,65,2
2026-06-29,600036,10:59:13,36.56,41,2
2026-06-29,600036,10:59:16,36.55,89,2
2026-06-29,600036,10:59:19,36.53,76,1
2026-06-29,600036,10:59:22,36.53,102,1
2026-06-29,600036,10:59:25,36.53,72,1
2026-06-29,600036,10:59:28,36.54,63,2
2026-06-29,600036,10:59:31,36.54,48,2
2026-06-29,600036,10:59:34,36.54,75,2
2026-06-29,600036,10:59:37,36.54,208,2
2026-06-29,600036,10:59:40,36.56,448,2
2026-06-29,600036,10:59:43,36.57,588,2
2026-06-29,600036,10:59:46,36.57,90,2
2026-06-29,600036,10:59:49,36.57,73,2
2026-06-29,600036,10:59:52,36.57,125,2
2026-06-29,600036,10:59:55,36.57,27,2
2026-06-29,600036,10:59:58,36.56,20,1
2026-06-29,600036,11:00:01,36.56,15,1
2026-06-29,600036,11:00:04,36.55,268,1
2026-06-29,600036,11:00:07,36.55,27,1
2026-06-29,600036,11:00:10,36.56,156,2
2026-06-29,600036,11:00:13,36.55,118,1
2026-06-29,600036,11:00:16,36.54,63,1
2026-06-29,600036,11:00:19,36.54,79,2
2026-06-29,600036,11:00:22,36.54,156,1
2026-06-29,600036,11:00:25,36.54,119,1
2026-06-29,600036,11:00:28,36.54,187,1
2026-06-29,600036,11:00:31,36.54,492,2
2026-06-29,600036,11:00:34,36.53,72,2
2026-06-29,600036,11:00:37,36.52,21,1
2026-06-29,600036,11:00:40,36.54,339,2
2026-06-29,600036,11:00:43,36.54,33,2
2026-06-29,600036,11:00:46,36.53,324,1
2026-06-29,600036,11:00:49,36.54,65,2
2026-06-29,600036,11:00:52,36.53,827,1
2026-06-29,600036,11:00:55,36.52,391,1
2026-06-29,600036,11:00:58,36.54,114,2
2026-06-29,600036,11:01:01,36.54,83,2
2026-06-29,600036,11:01:04,36.54,62,1
2026-06-29,600036,11:01:07,36.55,39,2
2026-06-29,600036,11:01:10,36.56,249,2
2026-06-29,600036,11:01:13,36.55,92,1
2026-06-29,600036,11:01:16,36.55,30,1
2026-06-29,600036,11:01:19,36.56,28,2
2026-06-29,600036,11:01:22,36.56,77,1
2026-06-29,600036,11:01:25,36.56,304,1
2026-06-29,600036,11:01:28,36.56,24,1
2026-06-29,600036,11:01:31,36.55,83,1
2026-06-29,600036,11:01:34,36.55,45,1
2026-06-29,600036,11:01:37,36.55,21,1
2026-06-29,600036,11:01:40,36.55,21,1
2026-06-29,600036,11:01:43,36.55,306,1
2026-06-29,600036,11:01:46,36.54,78,1
2026-06-29,600036,11:01:49,36.54,360,2
2026-06-29,600036,11:01:52,36.55,109,2
2026-06-29,600036,11:01:55,36.54,87,1
2026-06-29,600036,11:01:58,36.54,111,1
2026-06-29,600036,11:02:01,36.54,111,1
2026-06-29,600036,11:02:04,36.55,72,2
2026-06-29,600036,11:02:07,36.55,72,2
2026-06-29,600036,11:02:10,36.57,181,2
2026-06-29,600036,11:02:13,36.56,206,1
2026-06-29,600036,11:02:16,36.57,81,2
2026-06-29,600036,11:02:19,36.57,294,2
2026-06-29,600036,11:02:22,36.60,2282,2
2026-06-29,600036,11:02:25,36.59,61,1
2026-06-29,600036,11:02:28,36.60,370,1
2026-06-29,600036,11:02:31,36.60,324,1
2026-06-29,600036,11:02:34,36.58,67,1
2026-06-29,600036,11:02:37,36.57,120,1
2026-06-29,600036,11:02:40,36.58,186,2
2026-06-29,600036,11:02:43,36.59,600,2
2026-06-29,600036,11:02:46,36.58,121,1
2026-06-29,600036,11:02:49,36.57,271,1
2026-06-29,600036,11:02:52,36.58,201,2
2026-06-29,600036,11:02:55,36.59,286,2
2026-06-29,600036,11:02:58,36.57,770,1
2026-06-29,600036,11:03:01,36.57,130,1
2026-06-29,600036,11:03:04,36.60,113,2
2026-06-29,600036,11:03:07,36.58,57,1
2026-06-29,600036,11:03:10,36.60,233,2
2026-06-29,600036,11:03:13,36.60,130,1
2026-06-29,600036,11:03:16,36.61,73,2
2026-06-29,600036,11:03:19,36.60,167,1
2026-06-29,600036,11:03:22,36.58,202,1
2026-06-29,600036,11:03:25,36.60,67,2
2026-06-29,600036,11:03:28,36.60,40,1
2026-06-29,600036,11:03:31,36.60,366,1
2026-06-29,600036,11:03:34,36.60,273,2
2026-06-29,600036,11:03:37,36.58,220,1
2026-06-29,600036,11:03:40,36.58,42,1
2026-06-29,600036,11:03:43,36.59,30,2
2026-06-29,600036,11:03:46,36.55,687,1
2026-06-29,600036,11:03:49,36.55,472,1
2026-06-29,600036,11:03:52,36.55,9,1
2026-06-29,600036,11:03:55,36.55,73,1
2026-06-29,600036,11:03:58,36.56,2,2
2026-06-29,600036,11:04:01,36.53,121,1
2026-06-29,600036,11:04:04,36.55,191,2
2026-06-29,600036,11:04:07,36.56,292,2
2026-06-29,600036,11:04:10,36.56,63,2
2026-06-29,600036,11:04:13,36.56,80,1
2026-06-29,600036,11:04:16,36.57,36,2
2026-06-29,600036,11:04:19,36.57,49,1
2026-06-29,600036,11:04:22,36.57,322,1
2026-06-29,600036,11:04:25,36.59,24,2
2026-06-29,600036,11:04:28,36.57,85,1
2026-06-29,600036,11:04:31,36.58,35,2
2026-06-29,600036,11:04:34,36.60,28,2
2026-06-29,600036,11:04:37,36.59,38,1
2026-06-29,600036,11:04:40,36.59,121,1
2026-06-29,600036,11:04:43,36.58,60,1
2026-06-29,600036,11:04:46,36.57,40,1
2026-06-29,600036,11:04:49,36.57,87,1
2026-06-29,600036,11:04:52,36.57,8,1
2026-06-29,600036,11:04:55,36.57,39,1
2026-06-29,600036,11:04:58,36.57,9,1
2026-06-29,600036,11:05:01,36.58,43,2
2026-06-29,600036,11:05:04,36.58,158,2
2026-06-29,600036,11:05:07,36.58,25,1
2026-06-29,600036,11:05:10,36.58,10,2
2026-06-29,600036,11:05:13,36.57,7,1
2026-06-29,600036,11:05:16,36.58,89,2
2026-06-29,600036,11:05:19,36.56,165,1
2026-06-29,600036,11:05:22,36.55,66,1
2026-06-29,600036,11:05:25,36.55,7,2
2026-06-29,600036,11:05:28,36.55,191,2
2026-06-29,600036,11:05:31,36.54,250,1
2026-06-29,600036,11:05:34,36.54,55,2
2026-06-29,600036,11:05:37,36.54,48,1
2026-06-29,600036,11:05:40,36.55,47,2
2026-06-29,600036,11:05:43,36.54,28,1
2026-06-29,600036,11:05:46,36.55,243,2
2026-06-29,600036,11:05:49,36.54,6,1
2026-06-29,600036,11:05:52,36.54,179,1
2026-06-29,600036,11:05:55,36.53,112,1
2026-06-29,600036,11:05:58,36.53,109,1
2026-06-29,600036,11:06:01,36.53,79,2
2026-06-29,600036,11:06:04,36.54,171,2
2026-06-29,600036,11:06:07,36.54,19,2
2026-06-29,600036,11:06:10,36.54,9,2
2026-06-29,600036,11:06:13,36.54,277,1
2026-06-29,600036,11:06:16,36.55,104,2
2026-06-29,600036,11:06:19,36.53,15,1
2026-06-29,600036,11:06:22,36.55,184,2
2026-06-29,600036,11:06:25,36.53,218,1
2026-06-29,600036,11:06:28,36.53,86,2
2026-06-29,600036,11:06:31,36.52,119,1
2026-06-29,600036,11:06:34,36.52,29,1
2026-06-29,600036,11:06:37,36.52,10,1
2026-06-29,600036,11:06:40,36.52,155,1
2026-06-29,600036,11:06:43,36.52,568,1
2026-06-29,600036,11:06:46,36.51,181,1
2026-06-29,600036,11:06:49,36.53,436,2
2026-06-29,600036,11:06:52,36.53,2,1
2026-06-29,600036,11:06:55,36.53,67,1
2026-06-29,600036,11:06:58,36.53,28,1
2026-06-29,600036,11:07:01,36.53,83,1
2026-06-29,600036,11:07:04,36.53,170,1
2026-06-29,600036,11:07:07,36.52,56,1
2026-06-29,600036,11:07:10,36.52,143,2
2026-06-29,600036,11:07:13,36.54,138,2
2026-06-29,600036,11:07:16,36.53,21,1
2026-06-29,600036,11:07:19,36.54,31,2
2026-06-29,600036,11:07:22,36.54,34,2
2026-06-29,600036,11:07:25,36.53,16,1
2026-06-29,600036,11:07:28,36.54,95,2
2026-06-29,600036,11:07:31,36.54,320,1
2026-06-29,600036,11:07:34,36.56,85,2
2026-06-29,600036,11:07:37,36.57,185,2
2026-06-29,600036,11:07:40,36.57,45,2
2026-06-29,600036,11:07:43,36.57,94,2
2026-06-29,600036,11:07:46,36.57,33,1
2026-06-29,600036,11:07:49,36.57,49,2
2026-06-29,600036,11:07:52,36.55,354,1
2026-06-29,600036,11:07:55,36.55,65,1
2026-06-29,600036,11:07:58,36.56,118,2
2026-06-29,600036,11:08:01,36.55,192,1
2026-06-29,600036,11:08:04,36.54,20,1
2026-06-29,600036,11:08:07,36.55,150,2
2026-06-29,600036,11:08:10,36.56,403,2
2026-06-29,600036,11:08:13,36.54,27,1
2026-06-29,600036,11:08:16,36.56,20,1
2026-06-29,600036,11:08:19,36.55,3,1
2026-06-29,600036,11:08:22,36.55,17,1
2026-06-29,600036,11:08:25,36.56,21,2
2026-06-29,600036,11:08:28,36.55,52,1
2026-06-29,600036,11:08:31,36.54,43,1
2026-06-29,600036,11:08:34,36.54,184,1
2026-06-29,600036,11:08:37,36.54,25,2
2026-06-29,600036,11:08:40,36.55,64,2
2026-06-29,600036,11:08:43,36.54,128,1
2026-06-29,600036,11:08:46,36.54,106,1
2026-06-29,600036,11:08:49,36.54,687,1
2026-06-29,600036,11:08:52,36.54,156,1
2026-06-29,600036,11:08:55,36.54,15,1
2026-06-29,600036,11:08:58,36.54,146,1
2026-06-29,600036,11:09:01,36.54,68,1
2026-06-29,600036,11:09:04,36.54,49,2
2026-06-29,600036,11:09:07,36.56,591,2
2026-06-29,600036,11:09:10,36.56,156,2
2026-06-29,600036,11:09:13,36.57,22,2
2026-06-29,600036,11:09:16,36.57,16,2
2026-06-29,600036,11:09:19,36.57,237,2
2026-06-29,600036,11:09:22,36.57,31,1
2026-06-29,600036,11:09:25,36.57,100,1
2026-06-29,600036,11:09:28,36.59,34,2
2026-06-29,600036,11:09:31,36.59,106,2
2026-06-29,600036,11:09:34,36.59,86,1
2026-06-29,600036,11:09:37,36.59,9,1
2026-06-29,600036,11:09:40,36.59,598,1
2026-06-29,600036,11:09:43,36.57,1073,1
2026-06-29,600036,11:09:46,36.56,52,1
2026-06-29,600036,11:09:49,36.55,135,1
2026-06-29,600036,11:09:52,36.54,39,1
2026-06-29,600036,11:09:55,36.55,76,2
2026-06-29,600036,11:09:58,36.56,9,2
2026-06-29,600036,11:10:01,36.55,32,1
2026-06-29,600036,11:10:04,36.58,906,2
2026-06-29,600036,11:10:07,36.60,382,2
2026-06-29,600036,11:10:10,36.60,239,2
2026-06-29,600036,11:10:13,36.60,162,1
2026-06-29,600036,11:10:16,36.60,218,2
2026-06-29,600036,11:10:19,36.61,275,2
2026-06-29,600036,11:10:22,36.60,197,1
2026-06-29,600036,11:10:25,36.61,165,1
2026-06-29,600036,11:10:28,36.61,42,1
2026-06-29,600036,11:10:31,36.61,112,2
2026-06-29,600036,11:10:34,36.61,7,2
2026-06-29,600036,11:10:37,36.61,108,2
2026-06-29,600036,11:10:40,36.61,82,1
2026-06-29,600036,11:10:43,36.60,159,1
2026-06-29,600036,11:10:46,36.61,24,2
2026-06-29,600036,11:10:49,36.61,23,1
2026-06-29,600036,11:10:52,36.62,689,2
2026-06-29,600036,11:10:55,36.62,206,2
2026-06-29,600036,11:10:58,36.62,234,1
2026-06-29,600036,11:11:01,36.63,104,2
2026-06-29,600036,11:11:04,36.61,59,1
2026-06-29,600036,11:11:07,36.63,283,2
2026-06-29,600036,11:11:10,36.64,101,2
2026-06-29,600036,11:11:13,36.63,53,1
2026-06-29,600036,11:11:16,36.63,62,2
2026-06-29,600036,11:11:19,36.63,92,2
2026-06-29,600036,11:11:22,36.62,157,1
2026-06-29,600036,11:11:25,36.60,240,1
2026-06-29,600036,11:11:28,36.60,246,1
2026-06-29,600036,11:11:31,36.58,68,1
2026-06-29,600036,11:11:34,36.57,182,1
2026-06-29,600036,11:11:37,36.59,59,2
2026-06-29,600036,11:11:40,36.58,52,1
2026-06-29,600036,11:11:43,36.59,26,2
2026-06-29,600036,11:11:46,36.60,105,2
2026-06-29,600036,11:11:49,36.59,102,1
2026-06-29,600036,11:11:52,36.59,48,1
2026-06-29,600036,11:11:55,36.61,49,2
2026-06-29,600036,11:11:58,36.60,199,1
2026-06-29,600036,11:12:01,36.61,135,1
2026-06-29,600036,11:12:04,36.61,86,1
2026-06-29,600036,11:12:07,36.61,289,1
2026-06-29,600036,11:12:10,36.58,238,1
2026-06-29,600036,11:12:13,36.58,170,2
2026-06-29,600036,11:12:16,36.59,310,2
2026-06-29,600036,11:12:19,36.59,149,2
2026-06-29,600036,11:12:22,36.58,201,1
2026-06-29,600036,11:12:28,36.58,102,1
2026-06-29,600036,11:12:31,36.59,25,2
2026-06-29,600036,11:12:34,36.58,172,1
2026-06-29,600036,11:12:37,36.58,50,2
2026-06-29,600036,11:12:40,36.59,63,2
2026-06-29,600036,11:12:43,36.58,9,1
2026-06-29,600036,11:12:46,36.59,46,2
2026-06-29,600036,11:12:49,36.57,83,1
2026-06-29,600036,11:12:52,36.57,40,1
2026-06-29,600036,11:12:55,36.57,5,1
2026-06-29,600036,11:12:58,36.57,45,1
2026-06-29,600036,11:13:01,36.57,102,1
2026-06-29,600036,11:13:04,36.57,22,1
2026-06-29,600036,11:13:07,36.57,20,1
2026-06-29,600036,11:13:10,36.57,27,1
2026-06-29,600036,11:13:13,36.58,8,2
2026-06-29,600036,11:13:16,36.57,9,1
2026-06-29,600036,11:13:19,36.57,4,1
2026-06-29,600036,11:13:22,36.57,8,1
2026-06-29,600036,11:13:25,36.58,10,2
2026-06-29,600036,11:13:28,36.57,101,1
2026-06-29,600036,11:13:31,36.57,100,1
2026-06-29,600036,11:13:34,36.56,110,1
2026-06-29,600036,11:13:37,36.54,1172,1
2026-06-29,600036,11:13:40,36.53,72,1
2026-06-29,600036,11:13:43,36.53,21,1
2026-06-29,600036,11:13:46,36.52,11,1
2026-06-29,600036,11:13:49,36.53,313,2
2026-06-29,600036,11:13:52,36.52,99,1
2026-06-29,600036,11:13:55,36.51,427,1
2026-06-29,600036,11:13:58,36.51,404,2
2026-06-29,600036,11:14:01,36.53,24,2
2026-06-29,600036,11:14:04,36.51,142,1
2026-06-29,600036,11:14:07,36.53,37,2
2026-06-29,600036,11:14:10,36.52,25,1
2026-06-29,600036,11:14:13,36.53,84,2
2026-06-29,600036,11:14:16,36.54,67,2
2026-06-29,600036,11:14:19,36.58,181,2
2026-06-29,600036,11:14:22,36.59,186,2
2026-06-29,600036,11:14:25,36.54,18,1
2026-06-29,600036,11:14:28,36.58,430,2
2026-06-29,600036,11:14:31,36.54,125,1
2026-06-29,600036,11:14:34,36.56,65,2
2026-06-29,600036,11:14:37,36.57,285,2
2026-06-29,600036,11:14:40,36.56,135,1
2026-06-29,600036,11:14:43,36.58,175,2
2026-06-29,600036,11:14:46,36.59,736,2
2026-06-29,600036,11:14:49,36.58,565,1
2026-06-29,600036,11:14:52,36.59,653,2
2026-06-29,600036,11:14:55,36.59,201,1
2026-06-29,600036,11:14:58,36.58,58,2
2026-06-29,600036,11:15:01,36.59,667,2
2026-06-29,600036,11:15:04,36.57,402,1
2026-06-29,600036,11:15:07,36.61,697,2
2026-06-29,600036,11:15:10,36.60,152,2
2026-06-29,600036,11:15:13,36.58,61,1
2026-06-29,600036,11:15:16,36.61,373,2
2026-06-29,600036,11:15:19,36.58,30,1
2026-06-29,600036,11:15:22,36.57,89,1
2026-06-29,600036,11:15:25,36.57,388,1
2026-06-29,600036,11:15:28,36.57,431,1
2026-06-29,600036,11:15:31,36.58,625,2
2026-06-29,600036,11:15:34,36.56,16,1
2026-06-29,600036,11:15:37,36.57,30,2
2026-06-29,600036,11:15:40,36.56,233,1
2026-06-29,600036,11:15:43,36.56,28,1
2026-06-29,600036,11:15:46,36.56,81,1
2026-06-29,600036,11:15:49,36.54,142,1
2026-06-29,600036,11:15:52,36.51,261,1
2026-06-29,600036,11:15:55,36.52,169,2
2026-06-29,600036,11:15:58,36.52,66,2
2026-06-29,600036,11:16:01,36.54,69,2
2026-06-29,600036,11:16:04,36.56,202,2
2026-06-29,600036,11:16:07,36.56,25,2
2026-06-29,600036,11:16:10,36.53,21,1
2026-06-29,600036,11:16:13,36.54,232,2
2026-06-29,600036,11:16:16,36.55,187,2
2026-06-29,600036,11:16:19,36.57,107,2
2026-06-29,600036,11:16:22,36.56,196,1
2026-06-29,600036,11:16:25,36.55,72,1
2026-06-29,600036,11:16:28,36.56,125,2
2026-06-29,600036,11:16:31,36.55,33,1
2026-06-29,600036,11:16:34,36.55,29,1
2026-06-29,600036,11:16:37,36.57,42,2
2026-06-29,600036,11:16:40,36.57,118,2
2026-06-29,600036,11:16:43,36.58,76,2
2026-06-29,600036,11:16:46,36.57,156,1
2026-06-29,600036,11:16:49,36.56,69,2
2026-06-29,600036,11:16:52,36.55,77,1
2026-06-29,600036,11:16:55,36.56,72,2
2026-06-29,600036,11:16:58,36.55,124,1
2026-06-29,600036,11:17:01,36.55,117,1
2026-06-29,600036,11:17:04,36.57,17,2
2026-06-29,600036,11:17:07,36.57,92,2
2026-06-29,600036,11:17:10,36.57,141,2
2026-06-29,600036,11:17:13,36.56,124,2
2026-06-29,600036,11:17:16,36.54,197,1
2026-06-29,600036,11:17:19,36.54,42,1
2026-06-29,600036,11:17:22,36.55,199,2
2026-06-29,600036,11:17:25,36.54,16,1
2026-06-29,600036,11:17:28,36.53,79,1
2026-06-29,600036,11:17:31,36.54,108,2
2026-06-29,600036,11:17:34,36.54,12,2
2026-06-29,600036,11:17:37,36.54,83,2
2026-06-29,600036,11:17:40,36.54,16,2
2026-06-29,600036,11:17:43,36.54,86,2
2026-06-29,600036,11:17:46,36.54,72,2
2026-06-29,600036,11:17:49,36.53,164,1
2026-06-29,600036,11:17:52,36.53,55,1
2026-06-29,600036,11:17:55,36.52,97,1
2026-06-29,600036,11:17:58,36.53,124,2
2026-06-29,600036,11:18:01,36.52,12,1
2026-06-29,600036,11:18:04,36.52,34,2
2026-06-29,600036,11:18:07,36.52,98,2
2026-06-29,600036,11:18:10,36.52,87,2
2026-06-29,600036,11:18:13,36.51,102,1
2026-06-29,600036,11:18:16,36.52,245,2
2026-06-29,600036,11:18:19,36.51,159,1
2026-06-29,600036,11:18:22,36.52,111,1
2026-06-29,600036,11:18:25,36.52,68,1
2026-06-29,600036,11:18:28,36.52,13,2
2026-06-29,600036,11:18:31,36.52,21,2
2026-06-29,600036,11:18:34,36.52,77,2
2026-06-29,600036,11:18:37,36.51,20,1
2026-06-29,600036,11:18:40,36.52,19,2
2026-06-29,600036,11:18:43,36.52,94,2
2026-06-29,600036,11:18:46,36.51,49,1
2026-06-29,600036,11:18:49,36.52,13,2
2026-06-29,600036,11:18:52,36.51,55,1
2026-06-29,600036,11:18:55,36.51,24,1
2026-06-29,600036,11:18:58,36.51,34,1
2026-06-29,600036,11:19:01,36.52,581,2
2026-06-29,600036,11:19:04,36.51,115,1
2026-06-29,600036,11:19:07,36.52,114,1
2026-06-29,600036,11:19:10,36.52,57,2
2026-06-29,600036,11:19:13,36.51,23,1
2026-06-29,600036,11:19:16,36.51,49,1
2026-06-29,600036,11:19:19,36.52,450,2
2026-06-29,600036,11:19:22,36.52,46,2
2026-06-29,600036,11:19:25,36.52,3,2
2026-06-29,600036,11:19:28,36.51,3,1
2026-06-29,600036,11:19:31,36.51,51,1
2026-06-29,600036,11:19:34,36.51,38,1
2026-06-29,600036,11:19:37,36.51,10,1
2026-06-29,600036,11:19:40,36.52,314,2
2026-06-29,600036,11:19:43,36.53,54,2
2026-06-29,600036,11:19:46,36.52,168,1
2026-06-29,600036,11:19:49,36.52,98,1
2026-06-29,600036,11:19:52,36.53,21,2
2026-06-29,600036,11:19:55,36.53,18,2
2026-06-29,600036,11:19:58,36.53,16,2
2026-06-29,600036,11:20:01,36.52,14,1
2026-06-29,600036,11:20:04,36.53,12,2
2026-06-29,600036,11:20:07,36.52,70,1
2026-06-29,600036,11:20:10,36.53,26,2
2026-06-29,600036,11:20:13,36.51,62,1
2026-06-29,600036,11:20:16,36.51,43,1
2026-06-29,600036,11:20:19,36.51,7,1
2026-06-29,600036,11:20:22,36.51,5,1
2026-06-29,600036,11:20:25,36.51,160,1
2026-06-29,600036,11:20:28,36.51,31,1
2026-06-29,600036,11:20:31,36.53,429,2
2026-06-29,600036,11:20:34,36.54,64,2
2026-06-29,600036,11:20:37,36.54,22,2
2026-06-29,600036,11:20:40,36.54,28,2
2026-06-29,600036,11:20:43,36.53,22,1
2026-06-29,600036,11:20:46,36.54,33,2
2026-06-29,600036,11:20:49,36.54,97,2
2026-06-29,600036,11:20:52,36.55,60,2
2026-06-29,600036,11:20:55,36.54,39,1
2026-06-29,600036,11:20:58,36.55,2,2
2026-06-29,600036,11:21:01,36.54,35,1
2026-06-29,600036,11:21:04,36.54,26,1
2026-06-29,600036,11:21:07,36.55,238,2
2026-06-29,600036,11:21:10,36.56,103,2
2026-06-29,600036,11:21:13,36.55,4,1
2026-06-29,600036,11:21:16,36.57,210,2
2026-06-29,600036,11:21:19,36.57,64,2
2026-06-29,600036,11:21:22,36.57,41,2
2026-06-29,600036,11:21:25,36.56,15,1
2026-06-29,600036,11:21:28,36.57,352,2
2026-06-29,600036,11:21:31,36.56,117,1
2026-06-29,600036,11:21:34,36.56,41,1
2026-06-29,600036,11:21:37,36.56,78,1
2026-06-29,600036,11:21:40,36.56,107,1
2026-06-29,600036,11:21:43,36.57,31,2
2026-06-29,600036,11:21:46,36.57,18,2
2026-06-29,600036,11:21:49,36.56,21,1
2026-06-29,600036,11:21:52,36.57,14,2
2026-06-29,600036,11:21:55,36.56,51,1
2026-06-29,600036,11:21:58,36.57,20,2
2026-06-29,600036,11:22:01,36.56,28,1
2026-06-29,600036,11:22:04,36.57,11,2
2026-06-29,600036,11:22:07,36.57,45,2
2026-06-29,600036,11:22:10,36.57,167,2
2026-06-29,600036,11:22:13,36.58,45,2
2026-06-29,600036,11:22:16,36.58,16,2
2026-06-29,600036,11:22:19,36.57,76,1
2026-06-29,600036,11:22:22,36.57,39,2
2026-06-29,600036,11:22:25,36.57,63,2
2026-06-29,600036,11:22:28,36.56,38,1
2026-06-29,600036,11:22:31,36.56,15,1
2026-06-29,600036,11:22:34,36.57,53,2
2026-06-29,600036,11:22:37,36.57,9,2
2026-06-29,600036,11:22:40,36.57,111,2
2026-06-29,600036,11:22:43,36.57,32,2
2026-06-29,600036,11:22:46,36.57,262,1
2026-06-29,600036,11:22:49,36.58,63,2
2026-06-29,600036,11:22:52,36.58,52,2
2026-06-29,600036,11:22:55,36.58,39,2
2026-06-29,600036,11:22:58,36.58,96,2
2026-06-29,600036,11:23:01,36.57,21,1
2026-06-29,600036,11:23:04,36.58,208,2
2026-06-29,600036,11:23:07,36.60,512,2
2026-06-29,600036,11:23:10,36.60,686,2
2026-06-29,600036,11:23:13,36.60,336,2
2026-06-29,600036,11:23:16,36.58,234,1
2026-06-29,600036,11:23:19,36.57,192,1
2026-06-29,600036,11:23:22,36.56,378,1
2026-06-29,600036,11:23:25,36.55,189,1
2026-06-29,600036,11:23:28,36.57,48,2
2026-06-29,600036,11:23:31,36.57,181,2
2026-06-29,600036,11:23:34,36.58,41,2
2026-06-29,600036,11:23:37,36.58,9,2
2026-06-29,600036,11:23:40,36.58,260,2
2026-06-29,600036,11:23:43,36.58,10,2
2026-06-29,600036,11:23:46,36.58,37,2
2026-06-29,600036,11:23:49,36.58,16,2
2026-06-29,600036,11:23:52,36.58,4,2
2026-06-29,600036,11:23:55,36.57,16,1
2026-06-29,600036,11:23:58,36.58,41,2
2026-06-29,600036,11:24:01,36.57,36,1
2026-06-29,600036,11:24:04,36.58,154,2
2026-06-29,600036,11:24:07,36.58,46,1
2026-06-29,600036,11:24:10,36.58,165,1
2026-06-29,600036,11:24:13,36.58,129,1
2026-06-29,600036,11:24:16,36.57,42,1
2026-06-29,600036,11:24:22,36.57,34,1
2026-06-29,600036,11:24:25,36.57,1,1
2026-06-29,600036,11:24:28,36.58,4,2
2026-06-29,600036,11:24:31,36.57,55,1
2026-06-29,600036,11:24:34,36.58,43,2
2026-06-29,600036,11:24:37,36.58,124,2
2026-06-29,600036,11:24:40,36.58,86,2
2026-06-29,600036,11:24:43,36.57,25,1
2026-06-29,600036,11:24:46,36.57,92,1
2026-06-29,600036,11:24:49,36.57,23,1
2026-06-29,600036,11:24:52,36.57,6,1
2026-06-29,600036,11:24:55,36.57,9,1
2026-06-29,600036,11:24:58,36.59,66,2
2026-06-29,600036,11:25:01,36.58,62,1
2026-06-29,600036,11:25:04,36.59,10,2
2026-06-29,600036,11:25:07,36.58,65,1
2026-06-29,600036,11:25:10,36.59,77,2
2026-06-29,600036,11:25:13,36.59,3,2
2026-06-29,600036,11:25:16,36.58,284,1
2026-06-29,600036,11:25:19,36.58,29,1
2026-06-29,600036,11:25:22,36.57,414,1
2026-06-29,600036,11:25:25,36.58,387,2
2026-06-29,600036,11:25:28,36.57,26,1
2026-06-29,600036,11:25:31,36.58,824,2
2026-06-29,600036,11:25:34,36.59,27,2
2026-06-29,600036,11:25:37,36.59,676,1
2026-06-29,600036,11:25:40,36.61,77,2
2026-06-29,600036,11:25:43,36.61,165,2
2026-06-29,600036,11:25:46,36.59,81,1
2026-06-29,600036,11:25:49,36.59,60,1
2026-06-29,600036,11:25:52,36.59,86,1
2026-06-29,600036,11:25:55,36.60,1,2
2026-06-29,600036,11:25:58,36.60,3,2
2026-06-29,600036,11:26:01,36.59,162,1
2026-06-29,600036,11:26:04,36.59,54,1
2026-06-29,600036,11:26:07,36.58,32,1
2026-06-29,600036,11:26:10,36.59,50,2
2026-06-29,600036,11:26:13,36.58,27,1
2026-06-29,600036,11:26:16,36.58,52,1
2026-06-29,600036,11:26:19,36.58,62,1
2026-06-29,600036,11:26:22,36.58,72,1
2026-06-29,600036,11:26:25,36.59,24,2
2026-06-29,600036,11:26:28,36.58,77,1
2026-06-29,600036,11:26:31,36.58,78,1
2026-06-29,600036,11:26:34,36.59,35,2
2026-06-29,600036,11:26:37,36.59,603,2
2026-06-29,600036,11:26:40,36.61,44,2
2026-06-29,600036,11:26:43,36.61,66,2
2026-06-29,600036,11:26:46,36.60,52,2
2026-06-29,600036,11:26:49,36.61,47,2
2026-06-29,600036,11:26:52,36.60,256,1
2026-06-29,600036,11:26:55,36.60,43,1
2026-06-29,600036,11:26:58,36.60,373,1
2026-06-29,600036,11:27:01,36.61,28,2
2026-06-29,600036,11:27:04,36.61,192,1
2026-06-29,600036,11:27:07,36.61,181,1
2026-06-29,600036,11:27:10,36.60,157,1
2026-06-29,600036,11:27:13,36.62,86,2
2026-06-29,600036,11:27:16,36.61,147,1
2026-06-29,600036,11:27:22,36.60,123,1
2026-06-29,600036,11:27:25,36.60,40,1
2026-06-29,600036,11:27:28,36.60,60,1
2026-06-29,600036,11:27:31,36.60,66,1
2026-06-29,600036,11:27:34,36.60,261,1
2026-06-29,600036,11:27:37,36.61,145,2
2026-06-29,600036,11:27:40,36.60,139,2
2026-06-29,600036,11:27:43,36.61,60,2
2026-06-29,600036,11:27:46,36.60,133,1
2026-06-29,600036,11:27:49,36.61,42,2
2026-06-29,600036,11:27:52,36.61,97,2
2026-06-29,600036,11:27:55,36.59,2,1
2026-06-29,600036,11:27:58,36.58,35,1
2026-06-29,600036,11:28:01,36.59,83,1
2026-06-29,600036,11:28:04,36.59,50,1
2026-06-29,600036,11:28:07,36.60,3,2
2026-06-29,600036,11:28:10,36.59,177,1
2026-06-29,600036,11:28:13,36.59,505,2
2026-06-29,600036,11:28:16,36.59,469,1
2026-06-29,600036,11:28:19,36.58,162,1
2026-06-29,600036,11:28:22,36.58,98,1
2026-06-29,600036,11:28:25,36.58,100,1
2026-06-29,600036,11:28:28,36.59,6,2
2026-06-29,600036,11:28:31,36.59,65,1
2026-06-29,600036,11:28:34,36.59,16,1
2026-06-29,600036,11:28:37,36.58,149,1
2026-06-29,600036,11:28:40,36.59,46,2
2026-06-29,600036,11:28:43,36.57,24,1
2026-06-29,600036,11:28:46,36.58,124,2
2026-06-29,600036,11:28:49,36.59,136,2
2026-06-29,600036,11:28:52,36.59,26,1
2026-06-29,600036,11:28:55,36.57,64,1
2026-06-29,600036,11:28:58,36.59,30,2
2026-06-29,600036,11:29:01,36.58,700,1
2026-06-29,600036,11:29:04,36.58,123,2
2026-06-29,600036,11:29:07,36.60,161,2
2026-06-29,600036,11:29:10,36.58,408,1
2026-06-29,600036,11:29:13,36.59,35,2
2026-06-29,600036,11:29:16,36.58,89,1
2026-06-29,600036,11:29:19,36.59,75,2
2026-06-29,600036,11:29:22,36.59,44,2
2026-06-29,600036,11:29:25,36.57,2,1
2026-06-29,600036,11:29:28,36.57,29,1
2026-06-29,600036,11:29:31,36.57,27,1
2026-06-29,600036,11:29:34,36.57,100,1
2026-06-29,600036,11:29:37,36.57,58,1
2026-06-29,600036,11:29:40,36.57,28,1
2026-06-29,600036,11:29:43,36.58,7,2
2026-06-29,600036,11:29:46,36.58,35,2
2026-06-29,600036,11:29:49,36.58,11,2
2026-06-29,600036,11:29:52,36.58,198,2
2026-06-29,600036,11:29:55,36.58,79,1
2026-06-29,600036,11:29:58,36.59,616,2
2026-06-29,600036,13:00:01,36.56,298,1
2026-06-29,600036,13:00:04,36.59,632,2
2026-06-29,600036,13:00:07,36.58,962,1
2026-06-29,600036,13:00:10,36.59,1322,2
2026-06-29,600036,13:00:13,36.59,1195,2
2026-06-29,600036,13:00:16,36.58,286,1
2026-06-29,600036,13:00:19,36.57,244,1
2026-06-29,600036,13:00:22,36.58,304,2
2026-06-29,600036,13:00:25,36.57,214,1
2026-06-29,600036,13:00:28,36.57,319,1
2026-06-29,600036,13:00:31,36.60,1508,2
2026-06-29,600036,13:00:34,36.62,963,2
2026-06-29,600036,13:00:37,36.62,1336,2
2026-06-29,600036,13:00:40,36.62,425,1
2026-06-29,600036,13:00:43,36.62,29,1
2026-06-29,600036,13:00:46,36.62,524,1
2026-06-29,600036,13:00:49,36.61,261,1
2026-06-29,600036,13:00:52,36.59,71,1
2026-06-29,600036,13:00:55,36.59,179,1
2026-06-29,600036,13:00:58,36.60,17,2
2026-06-29,600036,13:01:01,36.60,210,2
2026-06-29,600036,13:01:04,36.60,36,2
2026-06-29,600036,13:01:07,36.59,79,1
2026-06-29,600036,13:01:10,36.60,29,2
2026-06-29,600036,13:01:13,36.59,25,1
2026-06-29,600036,13:01:16,36.59,66,1
2026-06-29,600036,13:01:19,36.60,130,2
2026-06-29,600036,13:01:22,36.59,219,1
2026-06-29,600036,13:01:25,36.59,111,1
2026-06-29,600036,13:01:28,36.59,113,1
2026-06-29,600036,13:01:31,36.59,25,1
2026-06-29,600036,13:01:34,36.60,680,2
2026-06-29,600036,13:01:37,36.63,63,2
2026-06-29,600036,13:01:40,36.63,28,2
2026-06-29,600036,13:01:43,36.62,101,1
2026-06-29,600036,13:01:46,36.62,113,2
2026-06-29,600036,13:01:49,36.61,307,1
2026-06-29,600036,13:01:52,36.61,558,1
2026-06-29,600036,13:01:55,36.61,401,2
2026-06-29,600036,13:01:58,36.61,29,1
2026-06-29,600036,13:02:01,36.61,154,1
2026-06-29,600036,13:02:04,36.61,90,1
2026-06-29,600036,13:02:07,36.61,114,1
2026-06-29,600036,13:02:10,36.61,50,1
2026-06-29,600036,13:02:13,36.61,208,1
2026-06-29,600036,13:02:16,36.62,78,2
2026-06-29,600036,13:02:19,36.62,135,2
2026-06-29,600036,13:02:22,36.62,106,1
2026-06-29,600036,13:02:25,36.61,29,1
2026-06-29,600036,13:02:28,36.63,162,2
2026-06-29,600036,13:02:31,36.62,22,1
2026-06-29,600036,13:02:34,36.62,254,1
2026-06-29,600036,13:02:37,36.62,18,1
2026-06-29,600036,13:02:40,36.62,80,1
2026-06-29,600036,13:02:43,36.63,149,2
2026-06-29,600036,13:02:46,36.61,183,1
2026-06-29,600036,13:02:49,36.62,48,2
2026-06-29,600036,13:02:52,36.60,143,1
2026-06-29,600036,13:02:55,36.61,879,2
2026-06-29,600036,13:02:58,36.59,98,1
2026-06-29,600036,13:03:01,36.58,135,1
2026-06-29,600036,13:03:04,36.58,181,2
2026-06-29,600036,13:03:10,36.57,16,1
2026-06-29,600036,13:03:13,36.57,142,1
2026-06-29,600036,13:03:16,36.58,28,2
2026-06-29,600036,13:03:19,36.58,26,2
2026-06-29,600036,13:03:22,36.57,99,1
2026-06-29,600036,13:03:25,36.57,7,1
2026-06-29,600036,13:03:28,36.59,429,2
2026-06-29,600036,13:03:31,36.59,109,1
2026-06-29,600036,13:03:34,36.60,162,2
2026-06-29,600036,13:03:37,36.60,83,1
2026-06-29,600036,13:03:40,36.60,83,1
2026-06-29,600036,13:03:43,36.60,7,1
2026-06-29,600036,13:03:46,36.61,87,2
2026-06-29,600036,13:03:49,36.60,77,1
2026-06-29,600036,13:03:52,36.60,115,1
2026-06-29,600036,13:03:55,36.60,264,1
2026-06-29,600036,13:03:58,36.58,256,1
2026-06-29,600036,13:04:01,36.60,28,2
2026-06-29,600036,13:04:04,36.59,68,1
2026-06-29,600036,13:04:07,36.58,109,1
2026-06-29,600036,13:04:10,36.58,52,1
2026-06-29,600036,13:04:13,36.59,122,2
2026-06-29,600036,13:04:16,36.59,93,2
2026-06-29,600036,13:04:19,36.58,104,1
2026-06-29,600036,13:04:22,36.58,11,1
2026-06-29,600036,13:04:25,36.59,184,2
2026-06-29,600036,13:04:28,36.60,6,2
2026-06-29,600036,13:04:31,36.60,224,2
2026-06-29,600036,13:04:34,36.60,240,1
2026-06-29,600036,13:04:37,36.60,436,2
2026-06-29,600036,13:04:40,36.58,253,1
2026-06-29,600036,13:04:43,36.59,43,2
2026-06-29,600036,13:04:46,36.58,67,1
2026-06-29,600036,13:04:49,36.58,38,2
2026-06-29,600036,13:04:52,36.57,19,1
2026-06-29,600036,13:04:55,36.57,156,1
2026-06-29,600036,13:04:58,36.58,70,2
2026-06-29,600036,13:05:01,36.60,37,2
2026-06-29,600036,13:05:04,36.59,59,1
2026-06-29,600036,13:05:07,36.59,71,1
2026-06-29,600036,13:05:10,36.59,16,1
2026-06-29,600036,13:05:13,36.59,65,1
2026-06-29,600036,13:05:16,36.59,11,1
2026-06-29,600036,13:05:19,36.59,60,1
2026-06-29,600036,13:05:22,36.60,207,2
2026-06-29,600036,13:05:25,36.60,33,1
2026-06-29,600036,13:05:28,36.60,96,1
2026-06-29,600036,13:05:31,36.60,35,2
2026-06-29,600036,13:05:34,36.60,195,2
2026-06-29,600036,13:05:37,36.60,26,2
2026-06-29,600036,13:05:40,36.60,155,2
2026-06-29,600036,13:05:43,36.60,109,2
2026-06-29,600036,13:05:46,36.59,91,1
2026-06-29,600036,13:05:49,36.60,14,2
2026-06-29,600036,13:05:52,36.59,85,1
2026-06-29,600036,13:05:55,36.60,30,2
2026-06-29,600036,13:05:58,36.60,28,2
2026-06-29,600036,13:06:01,36.59,164,1
2026-06-29,600036,13:06:04,36.60,56,2
2026-06-29,600036,13:06:07,36.60,120,2
2026-06-29,600036,13:06:10,36.59,96,1
2026-06-29,600036,13:06:13,36.59,498,1
2026-06-29,600036,13:06:16,36.58,241,1
2026-06-29,600036,13:06:19,36.58,11,1
2026-06-29,600036,13:06:22,36.58,74,1
2026-06-29,600036,13:06:25,36.59,72,2
2026-06-29,600036,13:06:28,36.58,33,1
2026-06-29,600036,13:06:31,36.58,26,1
2026-06-29,600036,13:06:34,36.58,45,1
2026-06-29,600036,13:06:37,36.58,103,1
2026-06-29,600036,13:06:40,36.57,67,1
2026-06-29,600036,13:06:43,36.57,7,1
2026-06-29,600036,13:06:46,36.57,52,1
2026-06-29,600036,13:06:49,36.57,32,1
2026-06-29,600036,13:06:52,36.57,39,1
2026-06-29,600036,13:06:55,36.58,19,2
2026-06-29,600036,13:06:58,36.58,20,2
2026-06-29,600036,13:07:01,36.58,109,2
2026-06-29,600036,13:07:04,36.58,106,2
2026-06-29,600036,13:07:07,36.57,36,1
2026-06-29,600036,13:07:10,36.56,423,1
2026-06-29,600036,13:07:13,36.56,66,1
2026-06-29,600036,13:07:16,36.55,72,1
2026-06-29,600036,13:07:19,36.55,188,1
2026-06-29,600036,13:07:22,36.55,154,1
2026-06-29,600036,13:07:25,36.55,28,1
2026-06-29,600036,13:07:28,36.54,28,1
2026-06-29,600036,13:07:31,36.55,32,2
2026-06-29,600036,13:07:34,36.55,88,2
2026-06-29,600036,13:07:37,36.54,82,1
2026-06-29,600036,13:07:40,36.55,53,2
2026-06-29,600036,13:07:43,36.54,121,1
2026-06-29,600036,13:07:46,36.54,35,1
2026-06-29,600036,13:07:49,36.54,194,1
2026-06-29,600036,13:07:52,36.54,38,1
2026-06-29,600036,13:07:55,36.54,80,1
2026-06-29,600036,13:07:58,36.54,178,1
2026-06-29,600036,13:08:01,36.54,317,1
2026-06-29,600036,13:08:04,36.53,60,1
2026-06-29,600036,13:08:10,36.54,60,2
2026-06-29,600036,13:08:13,36.53,7,1
2026-06-29,600036,13:08:16,36.53,137,1
2026-06-29,600036,13:08:19,36.53,103,1
2026-06-29,600036,13:08:22,36.52,177,1
2026-06-29,600036,13:08:25,36.52,198,1
2026-06-29,600036,13:08:28,36.52,132,2
2026-06-29,600036,13:08:31,36.51,112,1
2026-06-29,600036,13:08:34,36.51,98,1
2026-06-29,600036,13:08:37,36.51,151,2
2026-06-29,600036,13:08:40,36.50,53,1
2026-06-29,600036,13:08:43,36.50,128,1
2026-06-29,600036,13:08:46,36.51,109,2
2026-06-29,600036,13:08:49,36.51,31,2
2026-06-29,600036,13:08:52,36.50,93,1
2026-06-29,600036,13:08:55,36.51,22,2
2026-06-29,600036,13:08:58,36.51,140,2
2026-06-29,600036,13:09:01,36.51,119,2
2026-06-29,600036,13:09:04,36.51,273,2
2026-06-29,600036,13:09:07,36.50,103,1
2026-06-29,600036,13:09:10,36.51,142,2
2026-06-29,600036,13:09:13,36.51,245,2
2026-06-29,600036,13:09:16,36.52,126,2
2026-06-29,600036,13:09:19,36.52,91,2
2026-06-29,600036,13:09:22,36.53,459,2
2026-06-29,600036,13:09:25,36.54,792,2
2026-06-29,600036,13:09:28,36.55,46,2
