date,code,time,price,volume,bs
2026-06-29,601012,09:30:00,12.51,5,2
2026-06-29,601012,09:30:03,12.51,1890,2
2026-06-29,601012,09:30:06,12.50,3785,1
2026-06-29,601012,09:30:09,12.50,2092,2
2026-06-29,601012,09:30:12,12.49,5152,1
2026-06-29,601012,09:30:15,12.50,2515,2
2026-06-29,601012,09:30:18,12.51,2421,2
2026-06-29,601012,09:30:21,12.52,2477,2
2026-06-29,601012,09:30:24,12.51,2343,1
2026-06-29,601012,09:30:27,12.52,6379,2
2026-06-29,601012,09:30:30,12.56,2796,2
2026-06-29,601012,09:30:33,12.55,1162,1
2026-06-29,601012,09:30:36,12.54,2564,1
2026-06-29,601012,09:30:39,12.56,1471,2
2026-06-29,601012,09:30:42,12.56,1351,1
2026-06-29,601012,09:30:45,12.59,2395,2
2026-06-29,601012,09:30:48,12.57,2127,1
2026-06-29,601012,09:30:51,12.60,1062,2
2026-06-29,601012,09:30:54,12.62,1107,2
2026-06-29,601012,09:30:57,12.61,1208,1
2026-06-29,601012,09:31:00,12.61,1994,2
2026-06-29,601012,09:31:03,12.61,1409,2
2026-06-29,601012,09:31:06,12.63,1218,2
2026-06-29,601012,09:31:09,12.64,711,2
2026-06-29,601012,09:31:12,12.66,845,2
2026-06-29,601012,09:31:15,12.65,4042,1
2026-06-29,601012,09:31:18,12.68,1052,2
2026-06-29,601012,09:31:21,12.67,2084,1
2026-06-29,601012,09:31:24,12.66,2879,1
2026-06-29,601012,09:31:27,12.64,3363,1
2026-06-29,601012,09:31:30,12.63,2430,1
2026-06-29,601012,09:31:33,12.62,1059,1
2026-06-29,601012,09:31:36,12.62,2034,2
2026-06-29,601012,09:31:39,12.62,1448,2
2026-06-29,601012,09:31:42,12.60,1465,1
2026-06-29,601012,09:31:45,12.60,2073,1
2026-06-29,601012,09:31:48,12.62,1263,2
2026-06-29,601012,09:31:51,12.62,2362,1
2026-06-29,601012,09:31:54,12.61,1223,1
2026-06-29,601012,09:31:57,12.60,1978,1
2026-06-29,601012,09:32:00,12.59,3241,1
2026-06-29,601012,09:32:03,12.58,1980,1
2026-06-29,601012,09:32:06,12.59,981,2
2026-06-29,601012,09:32:09,12.59,2321,2
2026-06-29,601012,09:32:12,12.60,1668,2
2026-06-29,601012,09:32:15,12.63,2148,2
2026-06-29,601012,09:32:18,12.63,528,2
2026-06-29,601012,09:32:21,12.60,640,1
2026-06-29,601012,09:32:24,12.58,963,1
2026-06-29,601012,09:32:27,12.57,762,1
2026-06-29,601012,09:32:30,12.55,2862,1
2026-06-29,601012,09:32:33,12.55,3187,1
2026-06-29,601012,09:32:36,12.55,4227,2
2026-06-29,601012,09:32:39,12.56,3330,2
2026-06-29,601012,09:32:42,12.56,1199,1
2026-06-29,601012,09:32:45,12.56,849,1
2026-06-29,601012,09:32:48,12.57,1021,1
2026-06-29,601012,09:32:51,12.57,821,2
2026-06-29,601012,09:32:54,12.56,761,1
2026-06-29,601012,09:32:57,12.56,777,2
2026-06-29,601012,09:33:00,12.57,2243,2
2026-06-29,601012,09:33:03,12.58,683,2
2026-06-29,601012,09:33:06,12.58,1937,1
2026-06-29,601012,09:33:09,12.58,1811,1
2026-06-29,601012,09:33:12,12.57,948,1
2026-06-29,601012,09:33:15,12.60,1930,2
2026-06-29,601012,09:33:18,12.58,994,1
2026-06-29,601012,09:33:21,12.60,253,2
2026-06-29,601012,09:33:24,12.60,771,2
2026-06-29,601012,09:33:27,12.59,727,1
2026-06-29,601012,09:33:30,12.58,260,1
2026-06-29,601012,09:33:33,12.58,370,1
2026-06-29,601012,09:33:36,12.57,593,1
2026-06-29,601012,09:33:39,12.56,2087,1
2026-06-29,601012,09:33:42,12.57,488,2
2026-06-29,601012,09:33:45,12.56,579,1
2026-06-29,601012,09:33:48,12.55,553,1
2026-06-29,601012,09:33:51,12.56,2219,2
2026-06-29,601012,09:33:54,12.55,459,1
2026-06-29,601012,09:33:57,12.55,369,2
2026-06-29,601012,09:34:00,12.53,1112,1
2026-06-29,601012,09:34:03,12.52,873,1
2026-06-29,601012,09:34:06,12.52,875,2
2026-06-29,601012,09:34:09,12.52,826,1
2026-06-29,601012,09:34:12,12.51,2526,1
2026-06-29,601012,09:34:15,12.51,721,1
2026-06-29,601012,09:34:18,12.51,1300,1
2026-06-29,601012,09:34:21,12.51,2042,1
2026-06-29,601012,09:34:24,12.51,631,2
2026-06-29,601012,09:34:27,12.51,765,2
2026-06-29,601012,09:34:30,12.50,957,1
2026-06-29,601012,09:34:33,12.51,1600,2
2026-06-29,601012,09:34:36,12.50,2632,1
2026-06-29,601012,09:34:39,12.52,1384,2
2026-06-29,601012,09:34:42,12.54,803,2
2026-06-29,601012,09:34:45,12.56,563,2
2026-06-29,601012,09:34:48,12.56,1161,2
2026-06-29,601012,09:34:51,12.56,527,1
2026-06-29,601012,09:34:54,12.57,436,2
2026-06-29,601012,09:34:57,12.58,331,2
2026-06-29,601012,09:35:00,12.57,872,1
2026-06-29,601012,09:35:03,12.58,441,2
2026-06-29,601012,09:35:06,12.57,441,1
2026-06-29,601012,09:35:09,12.56,641,1
2026-06-29,601012,09:35:12,12.56,843,1
2026-06-29,601012,09:35:15,12.56,609,1
2026-06-29,601012,09:35:18,12.57,2757,2
2026-06-29,601012,09:35:21,12.60,979,2
2026-06-29,601012,09:35:24,12.61,2158,2
2026-06-29,601012,09:35:27,12.63,2004,2
2026-06-29,601012,09:35:30,12.65,3711,2
2026-06-29,601012,09:35:33,12.65,279,2
2026-06-29,601012,09:35:36,12.64,188,1
2026-06-29,601012,09:35:39,12.63,247,1
2026-06-29,601012,09:35:42,12.62,1071,1
2026-06-29,601012,09:35:45,12.61,567,1
2026-06-29,601012,09:35:48,12.60,453,1
2026-06-29,601012,09:35:51,12.59,270,1
2026-06-29,601012,09:35:54,12.57,451,1
2026-06-29,601012,09:35:57,12.57,331,1
2026-06-29,601012,09:36:00,12.56,592,1
2026-06-29,601012,09:36:03,12.52,1466,1
2026-06-29,601012,09:36:06,12.52,1068,2
2026-06-29,601012,09:36:09,12.55,439,2
2026-06-29,601012,09:36:12,12.53,342,1
2026-06-29,601012,09:36:15,12.54,1054,2
2026-06-29,601012,09:36:18,12.53,551,1
2026-06-29,601012,09:36:21,12.55,923,2
2026-06-29,601012,09:36:24,12.55,765,2
2026-06-29,601012,09:36:27,12.56,990,2
2026-06-29,601012,09:36:30,12.56,270,1
2026-06-29,601012,09:36:33,12.55,795,1
2026-06-29,601012,09:36:36,12.55,435,2
2026-06-29,601012,09:36:39,12.55,474,2
2026-06-29,601012,09:36:42,12.54,857,1
2026-06-29,601012,09:36:45,12.54,207,2
2026-06-29,601012,09:36:48,12.53,990,1
2026-06-29,601012,09:36:51,12.54,1540,2
2026-06-29,601012,09:36:54,12.53,1145,1
2026-06-29,601012,09:36:57,12.53,320,2
2026-06-29,601012,09:37:00,12.52,2259,1
2026-06-29,601012,09:37:03,12.51,2047,1
2026-06-29,601012,09:37:06,12.51,512,1
2026-06-29,601012,09:37:09,12.51,980,2
2026-06-29,601012,09:37:12,12.50,1759,1
2026-06-29,601012,09:37:15,12.50,827,1
2026-06-29,601012,09:37:18,12.51,1985,2
2026-06-29,601012,09:37:21,12.50,1529,1
2026-06-29,601012,09:37:24,12.50,2007,2
2026-06-29,601012,09:37:27,12.51,676,2
2026-06-29,601012,09:37:30,12.52,1738,2
2026-06-29,601012,09:37:33,12.52,932,1
2026-06-29,601012,09:37:36,12.52,1004,1
2026-06-29,601012,09:37:39,12.51,194,1
2026-06-29,601012,09:37:42,12.51,834,1
2026-06-29,601012,09:37:45,12.52,1184,2
2026-06-29,601012,09:37:48,12.53,746,2
2026-06-29,601012,09:37:51,12.51,508,1
2026-06-29,601012,09:37:54,12.51,1060,1
2026-06-29,601012,09:37:57,12.53,1139,2
2026-06-29,601012,09:38:00,12.52,684,1
2026-06-29,601012,09:38:03,12.50,875,1
2026-06-29,601012,09:38:06,12.52,323,2
2026-06-29,601012,09:38:09,12.51,339,1
2026-06-29,601012,09:38:12,12.51,375,1
2026-06-29,601012,09:38:15,12.51,377,1
2026-06-29,601012,09:38:18,12.51,644,2
2026-06-29,601012,09:38:21,12.51,1048,2
2026-06-29,601012,09:38:24,12.51,2324,2
2026-06-29,601012,09:38:27,12.50,1082,1
2026-06-29,601012,09:38:30,12.50,779,1
2026-06-29,601012,09:38:33,12.50,1742,2
2026-06-29,601012,09:38:36,12.49,118,2
2026-06-29,601012,09:38:39,12.49,938,2
2026-06-29,601012,09:38:42,12.49,1058,2
2026-06-29,601012,09:38:45,12.49,546,1
2026-06-29,601012,09:38:48,12.49,1866,1
2026-06-29,601012,09:38:51,12.49,2043,2
2026-06-29,601012,09:38:54,12.50,1312,2
2026-06-29,601012,09:38:57,12.51,1631,2
2026-06-29,601012,09:39:00,12.53,986,2
2026-06-29,601012,09:39:03,12.57,1137,2
2026-06-29,601012,09:39:06,12.57,517,2
2026-06-29,601012,09:39:09,12.60,507,2
2026-06-29,601012,09:39:12,12.58,369,1
2026-06-29,601012,09:39:15,12.58,613,1
2026-06-29,601012,09:39:18,12.57,856,1
2026-06-29,601012,09:39:21,12.57,704,1
2026-06-29,601012,09:39:24,12.57,916,2
2026-06-29,601012,09:39:27,12.57,905,2
2026-06-29,601012,09:39:30,12.56,276,1
2026-06-29,601012,09:39:33,12.56,381,1
2026-06-29,601012,09:39:36,12.57,763,2
2026-06-29,601012,09:39:39,12.57,798,2
2026-06-29,601012,09:39:42,12.57,2893,2
2026-06-29,601012,09:39:45,12.58,2620,2
2026-06-29,601012,09:39:48,12.60,2178,2
2026-06-29,601012,09:39:51,12.60,808,1
2026-06-29,601012,09:39:54,12.66,2751,2
2026-06-29,601012,09:39:57,12.67,369,2
2026-06-29,601012,09:40:00,12.62,317,1
2026-06-29,601012,09:40:03,12.60,2095,1
2026-06-29,601012,09:40:06,12.59,304,1
2026-06-29,601012,09:40:09,12.62,889,2
2026-06-29,601012,09:40:12,12.60,706,1
2026-06-29,601012,09:40:15,12.61,483,2
2026-06-29,601012,09:40:18,12.62,347,2
2026-06-29,601012,09:40:21,12.62,785,2
2026-06-29,601012,09:40:24,12.64,1035,2
2026-06-29,601012,09:40:27,12.67,311,2
2026-06-29,601012,09:40:30,12.64,242,1
2026-06-29,601012,09:40:33,12.65,767,2
2026-06-29,601012,09:40:36,12.66,373,2
2026-06-29,601012,09:40:39,12.67,741,2
2026-06-29,601012,09:40:42,12.67,1346,2
2026-06-29,601012,09:40:45,12.68,896,2
2026-06-29,601012,09:40:48,12.70,1323,2
2026-06-29,601012,09:40:51,12.70,500,2
2026-06-29,601012,09:40:54,12.70,768,2
2026-06-29,601012,09:40:57,12.70,396,2
2026-06-29,601012,09:41:00,12.70,855,1
2026-06-29,601012,09:41:03,12.70,937,1
2026-06-29,601012,09:41:06,12.70,1055,2
2026-06-29,601012,09:41:09,12.69,430,1
2026-06-29,601012,09:41:12,12.70,1950,2
2026-06-29,601012,09:41:15,12.70,1604,1
2026-06-29,601012,09:41:18,12.71,435,2
2026-06-29,601012,09:41:21,12.70,772,2
2026-06-29,601012,09:41:24,12.70,612,1
2026-06-29,601012,09:41:27,12.70,2429,1
2026-06-29,601012,09:41:30,12.69,780,1
2026-06-29,601012,09:41:33,12.68,1262,1
2026-06-29,601012,09:41:36,12.67,353,1
2026-06-29,601012,09:41:39,12.67,973,2
2026-06-29,601012,09:41:42,12.67,361,2
2026-06-29,601012,09:41:45,12.67,247,2
2026-06-29,601012,09:41:48,12.67,225,2
2026-06-29,601012,09:41:51,12.66,197,1
2026-06-29,601012,09:41:54,12.65,229,1
2026-06-29,601012,09:41:57,12.65,452,1
2026-06-29,601012,09:42:00,12.65,1747,2
2026-06-29,601012,09:42:03,12.64,315,1
2026-06-29,601012,09:42:06,12.67,1245,2
2026-06-29,601012,09:42:09,12.68,613,2
2026-06-29,601012,09:42:12,12.68,891,1
2026-06-29,601012,09:42:15,12.67,273,1
2026-06-29,601012,09:42:18,12.68,227,2
2026-06-29,601012,09:42:21,12.67,199,1
2026-06-29,601012,09:42:24,12.69,896,2
2026-06-29,601012,09:42:27,12.69,384,1
2026-06-29,601012,09:42:30,12.69,178,1
2026-06-29,601012,09:42:33,12.69,2090,1
2026-06-29,601012,09:42:36,12.70,1316,2
2026-06-29,601012,09:42:39,12.69,559,2
2026-06-29,601012,09:42:42,12.69,372,2
2026-06-29,601012,09:42:45,12.68,809,1
2026-06-29,601012,09:42:48,12.69,1017,2
2026-06-29,601012,09:42:51,12.69,549,2
2026-06-29,601012,09:42:54,12.68,1194,1
2026-06-29,601012,09:42:57,12.68,276,1
2026-06-29,601012,09:43:00,12.68,411,1
2026-06-29,601012,09:43:03,12.68,676,2
2026-06-29,601012,09:43:06,12.68,240,2
2026-06-29,601012,09:43:09,12.69,756,2
2026-06-29,601012,09:43:12,12.74,3345,2
2026-06-29,601012,09:43:15,12.71,542,1
2026-06-29,601012,09:43:18,12.72,124,2
2026-06-29,601012,09:43:21,12.74,1394,2
2026-06-29,601012,09:43:24,12.73,1160,1
2026-06-29,601012,09:43:27,12.74,639,2
2026-06-29,601012,09:43:30,12.74,1108,2
2026-06-29,601012,09:43:33,12.74,872,2
2026-06-29,601012,09:43:36,12.74,493,1
2026-06-29,601012,09:43:39,12.75,654,2
2026-06-29,601012,09:43:42,12.73,716,1
2026-06-29,601012,09:43:45,12.74,305,2
2026-06-29,601012,09:43:48,12.74,192,2
2026-06-29,601012,09:43:51,12.73,1133,1
2026-06-29,601012,09:43:54,12.72,1190,1
2026-06-29,601012,09:43:57,12.71,285,1
2026-06-29,601012,09:44:00,12.72,127,2
2026-06-29,601012,09:44:03,12.70,620,1
2026-06-29,601012,09:44:06,12.70,394,2
2026-06-29,601012,09:44:09,12.70,257,1
2026-06-29,601012,09:44:12,12.69,622,1
2026-06-29,601012,09:44:15,12.69,463,2
2026-06-29,601012,09:44:18,12.68,1432,1
2026-06-29,601012,09:44:21,12.68,428,1
2026-06-29,601012,09:44:24,12.68,131,2
2026-06-29,601012,09:44:27,12.68,1169,2
2026-06-29,601012,09:44:30,12.68,262,2
2026-06-29,601012,09:44:33,12.66,910,1
2026-06-29,601012,09:44:36,12.69,180,2
2026-06-29,601012,09:44:39,12.68,1113,2
2026-06-29,601012,09:44:42,12.68,1161,1
2026-06-29,601012,09:44:45,12.68,770,1
2026-06-29,601012,09:44:48,12.67,222,1
2026-06-29,601012,09:44:51,12.67,274,2
2026-06-29,601012,09:44:54,12.66,328,1
2026-06-29,601012,09:44:57,12.67,251,2
2026-06-29,601012,09:45:00,12.66,257,1
2026-06-29,601012,09:45:03,12.66,1381,1
2026-06-29,601012,09:45:06,12.64,435,1
2026-06-29,601012,09:45:09,12.65,479,2
2026-06-29,601012,09:45:12,12.63,119,1
2026-06-29,601012,09:45:15,12.63,785,1
2026-06-29,601012,09:45:18,12.63,207,1
2026-06-29,601012,09:45:21,12.63,459,2
2026-06-29,601012,09:45:24,12.62,1079,1
2026-06-29,601012,09:45:27,12.63,909,2
2026-06-29,601012,09:45:30,12.63,307,1
2026-06-29,601012,09:45:33,12.64,366,2
2026-06-29,601012,09:45:36,12.63,868,1
2026-06-29,601012,09:45:39,12.63,26,1
2026-06-29,601012,09:45:42,12.62,388,1
2026-06-29,601012,09:45:45,12.63,233,2
2026-06-29,601012,09:45:48,12.63,148,2
2026-06-29,601012,09:45:51,12.62,1560,1
2026-06-29,601012,09:45:54,12.60,2423,1
2026-06-29,601012,09:45:57,12.59,382,1
2026-06-29,601012,09:46:00,12.62,730,2
2026-06-29,601012,09:46:03,12.62,208,2
2026-06-29,601012,09:46:06,12.62,1670,2
2026-06-29,601012,09:46:09,12.62,322,1
2026-06-29,601012,09:46:12,12.62,372,2
2026-06-29,601012,09:46:15,12.61,437,1
2026-06-29,601012,09:46:18,12.63,372,2
2026-06-29,601012,09:46:21,12.63,471,2
2026-06-29,601012,09:46:24,12.63,110,1
2026-06-29,601012,09:46:27,12.63,532,1
2026-06-29,601012,09:46:30,12.65,508,2
2026-06-29,601012,09:46:33,12.66,193,2
2026-06-29,601012,09:46:36,12.67,478,2
2026-06-29,601012,09:46:39,12.68,138,2
2026-06-29,601012,09:46:42,12.66,731,1
2026-06-29,601012,09:46:45,12.66,784,1
2026-06-29,601012,09:46:48,12.65,468,1
2026-06-29,601012,09:46:51,12.65,198,2
2026-06-29,601012,09:46:54,12.64,201,1
2026-06-29,601012,09:46:57,12.64,42,2
2026-06-29,601012,09:47:00,12.63,322,1
2026-06-29,601012,09:47:03,12.63,126,2
2026-06-29,601012,09:47:06,12.62,128,1
2026-06-29,601012,09:47:09,12.67,3549,2
2026-06-29,601012,09:47:12,12.67,410,2
2026-06-29,601012,09:47:15,12.66,615,1
2026-06-29,601012,09:47:18,12.66,84,1
2026-06-29,601012,09:47:21,12.66,47,2
2026-06-29,601012,09:47:24,12.66,163,2
2026-06-29,601012,09:47:27,12.64,103,1
2026-06-29,601012,09:47:30,12.64,159,1
2026-06-29,601012,09:47:33,12.65,364,2
2026-06-29,601012,09:47:36,12.64,102,1
2026-06-29,601012,09:47:39,12.64,72,2
2026-06-29,601012,09:47:42,12.64,224,2
2026-06-29,601012,09:47:45,12.64,239,2
2026-06-29,601012,09:47:48,12.64,80,2
2026-06-29,601012,09:47:51,12.64,254,1
2026-06-29,601012,09:47:54,12.64,335,1
2026-06-29,601012,09:47:57,12.63,77,1
2026-06-29,601012,09:48:00,12.63,346,1
2026-06-29,601012,09:48:03,12.62,271,1
2026-06-29,601012,09:48:06,12.62,233,1
2026-06-29,601012,09:48:09,12.62,244,1
2026-06-29,601012,09:48:12,12.60,4234,1
2026-06-29,601012,09:48:15,12.60,777,2
2026-06-29,601012,09:48:18,12.59,358,2
2026-06-29,601012,09:48:21,12.58,253,1
2026-06-29,601012,09:48:24,12.59,359,2
2026-06-29,601012,09:48:27,12.59,57,1
2026-06-29,601012,09:48:30,12.60,689,2
2026-06-29,601012,09:48:33,12.60,159,1
2026-06-29,601012,09:48:36,12.60,171,1
2026-06-29,601012,09:48:39,12.60,311,1
2026-06-29,601012,09:48:42,12.61,415,2
2026-06-29,601012,09:48:45,12.60,156,1
2026-06-29,601012,09:48:48,12.60,110,2
2026-06-29,601012,09:48:51,12.60,180,2
2026-06-29,601012,09:48:54,12.59,293,1
2026-06-29,601012,09:48:57,12.59,294,1
2026-06-29,601012,09:49:00,12.58,433,1
2026-06-29,601012,09:49:03,12.59,248,2
2026-06-29,601012,09:49:06,12.59,1842,2
2026-06-29,601012,09:49:09,12.59,251,1
2026-06-29,601012,09:49:12,12.59,322,1
2026-06-29,601012,09:49:15,12.60,88,2
2026-06-29,601012,09:49:18,12.60,46,2
2026-06-29,601012,09:49:21,12.59,989,1
2026-06-29,601012,09:49:24,12.60,413,2
2026-06-29,601012,09:49:27,12.59,424,1
2026-06-29,601012,09:49:30,12.58,1177,1
2026-06-29,601012,09:49:33,12.57,322,1
2026-06-29,601012,09:49:36,12.57,510,1
2026-06-29,601012,09:49:39,12.57,90,2
2026-06-29,601012,09:49:42,12.57,411,2
2026-06-29,601012,09:49:45,12.57,1166,1
2026-06-29,601012,09:49:48,12.57,215,2
2026-06-29,601012,09:49:51,12.56,98,1
2026-06-29,601012,09:49:54,12.56,80,2
2026-06-29,601012,09:49:57,12.55,838,1
2026-06-29,601012,09:50:00,12.54,27,1
2026-06-29,601012,09:50:03,12.54,339,1
2026-06-29,601012,09:50:06,12.54,553,2
2026-06-29,601012,09:50:09,12.54,313,1
2026-06-29,601012,09:50:12,12.53,184,1
2026-06-29,601012,09:50:15,12.54,259,2
2026-06-29,601012,09:50:18,12.54,688,2
2026-06-29,601012,09:50:21,12.53,374,1
2026-06-29,601012,09:50:24,12.53,418,1
2026-06-29,601012,09:50:27,12.53,968,1
2026-06-29,601012,09:50:30,12.53,401,1
2026-06-29,601012,09:50:33,12.53,614,1
2026-06-29,601012,09:50:36,12.53,212,1
2026-06-29,601012,09:50:39,12.53,396,1
2026-06-29,601012,09:50:42,12.55,382,2
2026-06-29,601012,09:50:45,12.55,297,1
2026-06-29,601012,09:50:48,12.55,157,1
2026-06-29,601012,09:50:51,12.55,129,1
2026-06-29,601012,09:50:54,12.55,198,1
2026-06-29,601012,09:50:57,12.56,345,2
2026-06-29,601012,09:51:00,12.55,419,1
2026-06-29,601012,09:51:03,12.55,160,2
2026-06-29,601012,09:51:06,12.54,153,1
2026-06-29,601012,09:51:09,12.54,565,1
2026-06-29,601012,09:51:12,12.54,308,1
2026-06-29,601012,09:51:15,12.54,116,2
2026-06-29,601012,09:51:18,12.54,189,2
2026-06-29,601012,09:51:21,12.54,274,2
2026-06-29,601012,09:51:24,12.53,656,1
2026-06-29,601012,09:51:27,12.52,1835,1
2026-06-29,601012,09:51:30,12.53,140,2
2026-06-29,601012,09:51:33,12.53,428,2
2026-06-29,601012,09:51:36,12.53,396,2
2026-06-29,601012,09:51:39,12.52,785,1
2026-06-29,601012,09:51:42,12.53,959,2
2026-06-29,601012,09:51:45,12.53,473,2
2026-06-29,601012,09:51:48,12.52,327,1
2026-06-29,601012,09:51:51,12.52,1066,1
2026-06-29,601012,09:51:54,12.52,639,1
2026-06-29,601012,09:51:57,12.51,220,1
2026-06-29,601012,09:52:00,12.52,394,2
2026-06-29,601012,09:52:03,12.52,188,2
2026-06-29,601012,09:52:06,12.52,369,2
2026-06-29,601012,09:52:09,12.52,311,1
2026-06-29,601012,09:52:12,12.52,145,1
2026-06-29,601012,09:52:15,12.52,245,1
2026-06-29,601012,09:52:18,12.52,249,1
2026-06-29,601012,09:52:21,12.53,158,2
2026-06-29,601012,09:52:24,12.53,170,2
2026-06-29,601012,09:52:27,12.53,387,2
2026-06-29,601012,09:52:30,12.53,278,2
2026-06-29,601012,09:52:33,12.53,750,2
2026-06-29,601012,09:52:36,12.53,153,2
2026-06-29,601012,09:52:39,12.53,64,2
2026-06-29,601012,09:52:42,12.53,254,2
2026-06-29,601012,09:52:45,12.53,290,2
2026-06-29,601012,09:52:48,12.53,72,1
2026-06-29,601012,09:52:51,12.53,272,1
2026-06-29,601012,09:52:54,12.53,340,2
2026-06-29,601012,09:52:57,12.53,437,2
2026-06-29,601012,09:53:00,12.53,422,2
2026-06-29,601012,09:53:03,12.53,703,2
2026-06-29,601012,09:53:06,12.52,3614,1
2026-06-29,601012,09:53:09,12.52,949,2
2026-06-29,601012,09:53:12,12.52,959,2
2026-06-29,601012,09:53:15,12.51,3279,1
2026-06-29,601012,09:53:18,12.49,7149,1
2026-06-29,601012,09:53:21,12.48,321,1
2026-06-29,601012,09:53:24,12.48,498,1
2026-06-29,601012,09:53:27,12.48,595,1
2026-06-29,601012,09:53:30,12.48,328,2
2026-06-29,601012,09:53:33,12.48,1408,2
2026-06-29,601012,09:53:36,12.47,716,1
2026-06-29,601012,09:53:39,12.47,636,1
2026-06-29,601012,09:53:42,12.47,920,1
2026-06-29,601012,09:53:45,12.47,332,1
2026-06-29,601012,09:53:48,12.46,1286,1
2026-06-29,601012,09:53:51,12.46,262,1
2026-06-29,601012,09:53:54,12.47,958,2
2026-06-29,601012,09:53:57,12.47,3184,2
2026-06-29,601012,09:54:00,12.49,1027,2
2026-06-29,601012,09:54:03,12.49,686,1
2026-06-29,601012,09:54:06,12.48,121,1
2026-06-29,601012,09:54:09,12.48,307,1
2026-06-29,601012,09:54:12,12.49,181,2
2026-06-29,601012,09:54:15,12.48,445,1
2026-06-29,601012,09:54:18,12.49,411,2
2026-06-29,601012,09:54:21,12.49,236,2
2026-06-29,601012,09:54:24,12.48,1026,1
2026-06-29,601012,09:54:27,12.48,178,2
2026-06-29,601012,09:54:30,12.48,393,2
2026-06-29,601012,09:54:33,12.48,289,2
2026-06-29,601012,09:54:36,12.47,249,1
2026-06-29,601012,09:54:39,12.47,888,1
2026-06-29,601012,09:54:42,12.48,149,2
2026-06-29,601012,09:54:45,12.47,282,1
2026-06-29,601012,09:54:48,12.48,450,2
2026-06-29,601012,09:54:51,12.48,307,1
2026-06-29,601012,09:54:54,12.48,384,1
2026-06-29,601012,09:54:57,12.48,443,1
2026-06-29,601012,09:55:00,12.49,261,2
2026-06-29,601012,09:55:03,12.48,749,1
2026-06-29,601012,09:55:06,12.49,378,2
2026-06-29,601012,09:55:09,12.48,964,1
2026-06-29,601012,09:55:12,12.48,317,2
2026-06-29,601012,09:55:15,12.47,1845,1
2026-06-29,601012,09:55:18,12.47,344,2
2026-06-29,601012,09:55:21,12.46,2015,1
2026-06-29,601012,09:55:24,12.46,745,2
2026-06-29,601012,09:55:27,12.46,496,2
2026-06-29,601012,09:55:30,12.46,676,2
2026-06-29,601012,09:55:33,12.45,3757,1
2026-06-29,601012,09:55:36,12.45,594,1
2026-06-29,601012,09:55:39,12.45,357,1
2026-06-29,601012,09:55:42,12.45,1965,1
2026-06-29,601012,09:55:45,12.46,466,2
2026-06-29,601012,09:55:48,12.46,434,2
2026-06-29,601012,09:55:51,12.45,116,1
2026-06-29,601012,09:55:54,12.46,475,2
2026-06-29,601012,09:55:57,12.45,362,1
2026-06-29,601012,09:56:00,12.45,364,2
2026-06-29,601012,09:56:03,12.46,717,2
2026-06-29,601012,09:56:06,12.46,808,1
2026-06-29,601012,09:56:09,12.46,507,2
2026-06-29,601012,09:56:12,12.46,145,1
2026-06-29,601012,09:56:15,12.47,123,2
2026-06-29,601012,09:56:18,12.47,251,2
2026-06-29,601012,09:56:21,12.47,323,2
2026-06-29,601012,09:56:24,12.47,370,2
2026-06-29,601012,09:56:27,12.47,229,1
2026-06-29,601012,09:56:30,12.47,163,1
2026-06-29,601012,09:56:33,12.48,88,2
2026-06-29,601012,09:56:36,12.48,251,2
2026-06-29,601012,09:56:39,12.47,305,1
2026-06-29,601012,09:56:42,12.49,382,2
2026-06-29,601012,09:56:45,12.52,3603,2
2026-06-29,601012,09:56:48,12.53,266,2
2026-06-29,601012,09:56:51,12.53,91,2
2026-06-29,601012,09:56:54,12.53,516,2
2026-06-29,601012,09:56:57,12.53,331,1
2026-06-29,601012,09:57:00,12.52,599,1
2026-06-29,601012,09:57:03,12.51,169,1
2026-06-29,601012,09:57:06,12.51,373,1
2026-06-29,601012,09:57:09,12.51,210,1
2026-06-29,601012,09:57:12,12.51,265,2
2026-06-29,601012,09:57:15,12.51,39,2
2026-06-29,601012,09:57:18,12.50,403,1
2026-06-29,601012,09:57:21,12.51,214,2
2026-06-29,601012,09:57:24,12.51,211,1
2026-06-29,601012,09:57:27,12.51,89,1
2026-06-29,601012,09:57:30,12.51,367,1
2026-06-29,601012,09:57:33,12.50,65,1
2026-06-29,601012,09:57:36,12.50,394,1
2026-06-29,601012,09:57:39,12.50,227,1
2026-06-29,601012,09:57:42,12.50,635,1
2026-06-29,601012,09:57:45,12.51,398,2
2026-06-29,601012,09:57:48,12.51,70,1
2026-06-29,601012,09:57:51,12.52,159,2
2026-06-29,601012,09:57:54,12.52,980,2
2026-06-29,601012,09:57:57,12.55,3697,2
2026-06-29,601012,09:58:00,12.56,1125,2
2026-06-29,601012,09:58:03,12.56,116,1
2026-06-29,601012,09:58:06,12.56,44,1
2026-06-29,601012,09:58:09,12.56,108,2
2026-06-29,601012,09:58:12,12.54,14,1
2026-06-29,601012,09:58:15,12.54,188,1
2026-06-29,601012,09:58:18,12.54,272,2
2026-06-29,601012,09:58:21,12.54,492,2
2026-06-29,601012,09:58:24,12.54,310,1
2026-06-29,601012,09:58:27,12.55,221,2
2026-06-29,601012,09:58:30,12.56,72,2
2026-06-29,601012,09:58:33,12.55,261,1
2026-06-29,601012,09:58:36,12.56,268,2
2026-06-29,601012,09:58:39,12.55,216,1
2026-06-29,601012,09:58:42,12.56,269,2
2026-06-29,601012,09:58:45,12.55,175,1
2026-06-29,601012,09:58:48,12.55,88,2
2026-06-29,601012,09:58:51,12.55,184,2
2026-06-29,601012,09:58:54,12.55,216,2
2026-06-29,601012,09:58:57,12.55,135,2
2026-06-29,601012,09:59:00,12.54,134,1
2026-06-29,601012,09:59:03,12.54,197,1
2026-06-29,601012,09:59:06,12.54,1970,1
2026-06-29,601012,09:59:09,12.54,26,2
2026-06-29,601012,09:59:12,12.53,80,1
2026-06-29,601012,09:59:15,12.52,112,1
2026-06-29,601012,09:59:18,12.53,539,2
2026-06-29,601012,09:59:21,12.52,86,1
2026-06-29,601012,09:59:24,12.52,102,1
2026-06-29,601012,09:59:27,12.53,376,2
2026-06-29,601012,09:59:30,12.54,343,2
2026-06-29,601012,09:59:33,12.55,476,2
2026-06-29,601012,09:59:36,12.55,53,2
2026-06-29,601012,09:59:39,12.56,121,2
2026-06-29,601012,09:59:42,12.55,393,1
2026-06-29,601012,09:59:45,12.56,145,2
2026-06-29,601012,09:59:48,12.55,361,1
2026-06-29,601012,09:59:51,12.55,228,2
2026-06-29,601012,09:59:54,12.54,192,1
2026-06-29,601012,09:59:57,12.57,1535,2
2026-06-29,601012,10:00:00,12.56,220,1
2026-06-29,601012,10:00:03,12.56,69,1
2026-06-29,601012,10:00:06,12.55,328,1
2026-06-29,601012,10:00:09,12.55,55,1
2026-06-29,601012,10:00:12,12.54,82,1
2026-06-29,601012,10:00:15,12.55,73,2
2026-06-29,601012,10:00:18,12.55,281,2
2026-06-29,601012,10:00:21,12.56,826,2
2026-06-29,601012,10:00:24,12.57,80,1
2026-06-29,601012,10:00:27,12.57,159,1
2026-06-29,601012,10:00:30,12.57,140,2
2026-06-29,601012,10:00:33,12.57,61,2
2026-06-29,601012,10:00:36,12.59,1382,2
2026-06-29,601012,10:00:39,12.61,2076,2
2026-06-29,601012,10:00:42,12.62,185,2
2026-06-29,601012,10:00:45,12.63,376,2
2026-06-29,601012,10:00:48,12.63,409,2
2026-06-29,601012,10:00:51,12.63,112,1
2026-06-29,601012,10:00:54,12.64,337,2
2026-06-29,601012,10:00:57,12.68,2321,2
2026-06-29,601012,10:01:00,12.68,375,2
2026-06-29,601012,10:01:03,12.67,268,1
2026-06-29,601012,10:01:06,12.72,3612,2
2026-06-29,601012,10:01:09,12.72,1852,2
2026-06-29,601012,10:01:12,12.72,1270,1
2026-06-29,601012,10:01:15,12.73,933,2
2026-06-29,601012,10:01:18,12.75,3415,2
2026-06-29,601012,10:01:21,12.77,2836,2
2026-06-29,601012,10:01:24,12.76,391,1
2026-06-29,601012,10:01:27,12.76,344,1
2026-06-29,601012,10:01:30,12.74,1944,1
2026-06-29,601012,10:01:33,12.76,487,2
2026-06-29,601012,10:01:36,12.74,322,2
2026-06-29,601012,10:01:39,12.75,1273,2
2026-06-29,601012,10:01:42,12.74,443,1
2026-06-29,601012,10:01:45,12.74,219,2
2026-06-29,601012,10:01:48,12.73,396,1
2026-06-29,601012,10:01:51,12.73,558,2
2026-06-29,601012,10:01:54,12.74,311,2
2026-06-29,601012,10:01:57,12.73,474,1
2026-06-29,601012,10:02:00,12.73,235,2
2026-06-29,601012,10:02:03,12.72,619,1
2026-06-29,601012,10:02:06,12.71,643,1
2026-06-29,601012,10:02:09,12.71,3751,2
2026-06-29,601012,10:02:12,12.70,504,1
2026-06-29,601012,10:02:15,12.70,210,2
2026-06-29,601012,10:02:18,12.69,196,1
2026-06-29,601012,10:02:21,12.68,178,1
2026-06-29,601012,10:02:24,12.67,513,1
2026-06-29,601012,10:02:27,12.68,4047,2
2026-06-29,601012,10:02:30,12.69,1011,2
2026-06-29,601012,10:02:33,12.69,275,1
2026-06-29,601012,10:02:36,12.69,311,1
2026-06-29,601012,10:02:39,12.70,140,2
2026-06-29,601012,10:02:42,12.70,265,1
2026-06-29,601012,10:02:45,12.70,151,2
2026-06-29,601012,10:02:48,12.70,129,2
2026-06-29,601012,10:02:51,12.70,503,2
2026-06-29,601012,10:02:54,12.70,827,1
2026-06-29,601012,10:02:57,12.70,304,1
2026-06-29,601012,10:03:00,12.71,550,2
2026-06-29,601012,10:03:03,12.73,1880,2
2026-06-29,601012,10:03:06,12.75,1875,2
2026-06-29,601012,10:03:09,12.76,2744,2
2026-06-29,601012,10:03:12,12.77,270,2
2026-06-29,601012,10:03:15,12.76,410,1
2026-06-29,601012,10:03:18,12.77,400,2
2026-06-29,601012,10:03:21,12.76,766,1
2026-06-29,601012,10:03:24,12.76,674,2
2026-06-29,601012,10:03:27,12.76,470,2
2026-06-29,601012,10:03:30,12.75,415,1
2026-06-29,601012,10:03:33,12.75,276,2
2026-06-29,601012,10:03:36,12.73,504,1
2026-06-29,601012,10:03:39,12.73,164,2
2026-06-29,601012,10:03:42,12.73,318,2
2026-06-29,601012,10:03:45,12.73,307,2
2026-06-29,601012,10:03:48,12.72,154,1
2026-06-29,601012,10:03:51,12.73,182,2
2026-06-29,601012,10:03:54,12.72,164,1
2026-06-29,601012,10:03:57,12.71,2168,1
2026-06-29,601012,10:04:00,12.71,136,2
2026-06-29,601012,10:04:03,12.70,567,1
2026-06-29,601012,10:04:06,12.69,744,1
2026-06-29,601012,10:04:09,12.69,277,1
2026-06-29,601012,10:04:12,12.68,467,1
2026-06-29,601012,10:04:15,12.67,91,1
2026-06-29,601012,10:04:18,12.67,43,1
2026-06-29,601012,10:04:21,12.67,167,1
2026-06-29,601012,10:04:24,12.69,1361,2
2026-06-29,601012,10:04:27,12.69,324,1
2026-06-29,601012,10:04:30,12.70,193,2
2026-06-29,601012,10:04:33,12.70,116,2
2026-06-29,601012,10:04:36,12.69,168,1
2026-06-29,601012,10:04:39,12.69,120,2
2026-06-29,601012,10:04:42,12.67,136,1
2026-06-29,601012,10:04:45,12.69,315,2
2026-06-29,601012,10:04:48,12.68,149,1
2026-06-29,601012,10:04:51,12.68,518,1
2026-06-29,601012,10:04:54,12.68,307,2
2026-06-29,601012,10:04:57,12.68,704,1
2026-06-29,601012,10:05:00,12.68,209,1
2026-06-29,601012,10:05:03,12.68,1146,2
2026-06-29,601012,10:05:06,12.68,382,1
2026-06-29,601012,10:05:09,12.68,101,1
2026-06-29,601012,10:05:12,12.69,234,2
2026-06-29,601012,10:05:15,12.70,646,2
2026-06-29,601012,10:05:18,12.70,176,2
2026-06-29,601012,10:05:21,12.71,422,2
2026-06-29,601012,10:05:24,12.71,54,2
2026-06-29,601012,10:05:27,12.71,452,2
2026-06-29,601012,10:05:30,12.71,88,1
2026-06-29,601012,10:05:33,12.75,2737,2
2026-06-29,601012,10:05:36,12.75,330,1
2026-06-29,601012,10:05:39,12.75,931,1
2026-06-29,601012,10:05:42,12.76,778,2
2026-06-29,601012,10:05:45,12.78,1627,2
2026-06-29,601012,10:05:48,12.77,647,1
2026-06-29,601012,10:05:51,12.78,1084,2
2026-06-29,601012,10:05:54,12.78,792,1
2026-06-29,601012,10:05:57,12.77,639,1
2026-06-29,601012,10:06:00,12.77,761,2
2026-06-29,601012,10:06:03,12.77,384,2
2026-06-29,601012,10:06:06,12.77,240,1
2026-06-29,601012,10:06:09,12.79,5257,2
2026-06-29,601012,10:06:12,12.80,4618,2
2026-06-29,601012,10:06:15,12.83,1129,2
2026-06-29,601012,10:06:18,12.82,959,1
2026-06-29,601012,10:06:21,12.83,316,2
2026-06-29,601012,10:06:24,12.84,1623,2
2026-06-29,601012,10:06:27,12.82,1150,1
2026-06-29,601012,10:06:30,12.83,2005,2
2026-06-29,601012,10:06:33,12.84,1798,2
2026-06-29,601012,10:06:36,12.82,636,1
2026-06-29,601012,10:06:39,12.83,659,2
2026-06-29,601012,10:06:42,12.82,476,1
2026-06-29,601012,10:06:45,12.83,1098,2
2026-06-29,601012,10:06:48,12.83,905,2
2026-06-29,601012,10:06:51,12.83,1056,2
2026-06-29,601012,10:06:54,12.83,656,1
2026-06-29,601012,10:06:57,12.84,1332,2
2026-06-29,601012,10:07:00,12.84,298,2
2026-06-29,601012,10:07:03,12.83,778,1
2026-06-29,601012,10:07:06,12.84,996,2
2026-06-29,601012,10:07:09,12.84,736,2
2026-06-29,601012,10:07:12,12.83,1398,1
2026-06-29,601012,10:07:15,12.83,283,1
2026-06-29,601012,10:07:18,12.82,149,1
2026-06-29,601012,10:07:21,12.82,1075,1
2026-06-29,601012,10:07:24,12.82,132,2
2026-06-29,601012,10:07:27,12.80,855,1
2026-06-29,601012,10:07:30,12.80,364,2
2026-06-29,601012,10:07:33,12.79,491,1
2026-06-29,601012,10:07:36,12.78,457,1
2026-06-29,601012,10:07:39,12.78,592,2
2026-06-29,601012,10:07:42,12.78,2752,2
2026-06-29,601012,10:07:45,12.78,301,2
2026-06-29,601012,10:07:48,12.77,424,1
2026-06-29,601012,10:07:51,12.77,196,2
2026-06-29,601012,10:07:54,12.76,124,1
2026-06-29,601012,10:07:57,12.76,383,1
2026-06-29,601012,10:08:00,12.76,225,1
2026-06-29,601012,10:08:03,12.76,404,2
2026-06-29,601012,10:08:06,12.75,381,1
2026-06-29,601012,10:08:09,12.76,1078,2
2026-06-29,601012,10:08:12,12.76,403,2
2026-06-29,601012,10:08:15,12.75,136,1
2026-06-29,601012,10:08:18,12.76,229,2
2026-06-29,601012,10:08:21,12.76,1234,1
2026-06-29,601012,10:08:24,12.75,899,1
2026-06-29,601012,10:08:27,12.76,284,2
2026-06-29,601012,10:08:30,12.75,257,1
2026-06-29,601012,10:08:33,12.76,184,2
2026-06-29,601012,10:08:36,12.75,150,1
2026-06-29,601012,10:08:39,12.76,1527,2
2026-06-29,601012,10:08:42,12.77,216,2
2026-06-29,601012,10:08:45,12.77,238,2
2026-06-29,601012,10:08:48,12.77,29,2
2026-06-29,601012,10:08:51,12.77,264,1
2026-06-29,601012,10:08:54,12.77,138,1
2026-06-29,601012,10:08:57,12.77,419,1
2026-06-29,601012,10:09:00,12.78,194,2
2026-06-29,601012,10:09:03,12.78,221,2
2026-06-29,601012,10:09:06,12.78,101,2
2026-06-29,601012,10:09:09,12.78,131,1
2026-06-29,601012,10:09:12,12.79,301,2
2026-06-29,601012,10:09:15,12.79,95,2
2026-06-29,601012,10:09:18,12.79,66,1
2026-06-29,601012,10:09:21,12.80,296,2
2026-06-29,601012,10:09:24,12.79,1024,1
2026-06-29,601012,10:09:27,12.79,1728,2
2026-06-29,601012,10:09:30,12.81,692,2
2026-06-29,601012,10:09:33,12.80,540,1
2026-06-29,601012,10:09:36,12.82,187,2
2026-06-29,601012,10:09:39,12.81,399,1
2026-06-29,601012,10:09:42,12.81,814,2
2026-06-29,601012,10:09:45,12.80,3596,1
2026-06-29,601012,10:09:48,12.80,403,2
2026-06-29,601012,10:09:51,12.79,198,1
2026-06-29,601012,10:09:54,12.79,561,1
2026-06-29,601012,10:09:57,12.77,392,1
2026-06-29,601012,10:10:00,12.78,328,2
2026-06-29,601012,10:10:03,12.77,1050,1
2026-06-29,601012,10:10:06,12.77,487,2
2026-06-29,601012,10:10:09,12.77,331,2
2026-06-29,601012,10:10:12,12.78,409,2
2026-06-29,601012,10:10:15,12.79,201,2
2026-06-29,601012,10:10:18,12.78,381,1
2026-06-29,601012,10:10:21,12.78,142,2
2026-06-29,601012,10:10:24,12.78,138,2
2026-06-29,601012,10:10:27,12.77,359,1
2026-06-29,601012,10:10:30,12.77,596,1
2026-06-29,601012,10:10:33,12.78,145,2
2026-06-29,601012,10:10:36,12.77,535,1
2026-06-29,601012,10:10:39,12.76,325,1
2026-06-29,601012,10:10:42,12.76,1382,1
2026-06-29,601012,10:10:45,12.75,31,1
2026-06-29,601012,10:10:48,12.74,178,1
2026-06-29,601012,10:10:51,12.74,171,1
2026-06-29,601012,10:10:54,12.74,588,2
2026-06-29,601012,10:10:57,12.76,1248,2
2026-06-29,601012,10:11:00,12.76,247,2
2026-06-29,601012,10:11:03,12.75,156,1
2026-06-29,601012,10:11:06,12.76,389,2
2026-06-29,601012,10:11:09,12.76,315,2
2026-06-29,601012,10:11:12,12.77,103,2
2026-06-29,601012,10:11:15,12.77,55,1
2026-06-29,601012,10:11:18,12.76,135,1
2026-06-29,601012,10:11:21,12.78,536,2
2026-06-29,601012,10:11:24,12.76,32,2
2026-06-29,601012,10:11:27,12.76,117,2
2026-06-29,601012,10:11:30,12.76,276,2
2026-06-29,601012,10:11:33,12.75,61,1
2026-06-29,601012,10:11:36,12.75,101,1
2026-06-29,601012,10:11:39,12.75,354,2
2026-06-29,601012,10:11:42,12.75,440,1
2026-06-29,601012,10:11:45,12.75,95,2
2026-06-29,601012,10:11:48,12.74,991,1
2026-06-29,601012,10:11:51,12.75,109,2
2026-06-29,601012,10:11:54,12.75,74,2
2026-06-29,601012,10:11:57,12.75,802,2
2026-06-29,601012,10:12:00,12.74,337,2
2026-06-29,601012,10:12:03,12.73,123,1
2026-06-29,601012,10:12:06,12.72,172,1
2026-06-29,601012,10:12:09,12.72,286,1
2026-06-29,601012,10:12:12,12.72,635,1
2026-06-29,601012,10:12:15,12.73,386,2
2026-06-29,601012,10:12:18,12.74,681,2
2026-06-29,601012,10:12:21,12.73,108,1
2026-06-29,601012,10:12:24,12.73,151,2
2026-06-29,601012,10:12:27,12.73,152,2
2026-06-29,601012,10:12:30,12.73,92,1
2026-06-29,601012,10:12:33,12.73,912,2
2026-06-29,601012,10:12:36,12.73,260,1
2026-06-29,601012,10:12:39,12.73,333,1
2026-06-29,601012,10:12:42,12.73,238,1
2026-06-29,601012,10:12:45,12.72,333,1
2026-06-29,601012,10:12:48,12.73,183,2
2026-06-29,601012,10:12:51,12.72,155,1
2026-06-29,601012,10:12:54,12.72,960,1
2026-06-29,601012,10:12:57,12.72,435,1
2026-06-29,601012,10:13:00,12.72,186,1
2026-06-29,601012,10:13:03,12.72,311,1
2026-06-29,601012,10:13:06,12.72,553,2
2026-06-29,601012,10:13:09,12.72,855,1
2026-06-29,601012,10:13:12,12.72,240,1
2026-06-29,601012,10:13:15,12.73,171,2
2026-06-29,601012,10:13:18,12.74,613,2
2026-06-29,601012,10:13:21,12.73,150,2
2026-06-29,601012,10:13:24,12.74,212,2
2026-06-29,601012,10:13:27,12.74,434,2
2026-06-29,601012,10:13:30,12.74,1048,2
2026-06-29,601012,10:13:33,12.74,473,2
2026-06-29,601012,10:13:36,12.74,191,1
2026-06-29,601012,10:13:39,12.74,267,1
2026-06-29,601012,10:13:42,12.74,100,2
2026-06-29,601012,10:13:45,12.75,175,2
2026-06-29,601012,10:13:48,12.73,302,1
2026-06-29,601012,10:13:51,12.73,88,1
2026-06-29,601012,10:13:54,12.75,79,2
2026-06-29,601012,10:13:57,12.75,446,2
2026-06-29,601012,10:14:00,12.74,310,1
2026-06-29,601012,10:14:03,12.74,282,2
2026-06-29,601012,10:14:06,12.74,216,2
2026-06-29,601012,10:14:09,12.75,346,2
2026-06-29,601012,10:14:12,12.74,557,1
2026-06-29,601012,10:14:15,12.74,90,2
2026-06-29,601012,10:14:18,12.74,293,2
2026-06-29,601012,10:14:21,12.74,711,2
2026-06-29,601012,10:14:24,12.74,475,1
2026-06-29,601012,10:14:27,12.74,449,2
2026-06-29,601012,10:14:30,12.73,49,1
2026-06-29,601012,10:14:33,12.73,70,1
2026-06-29,601012,10:14:36,12.73,377,1
2026-06-29,601012,10:14:39,12.74,216,2
2026-06-29,601012,10:14:42,12.73,224,1
2026-06-29,601012,10:14:45,12.73,579,2
2026-06-29,601012,10:14:48,12.72,370,1
2026-06-29,601012,10:14:51,12.72,183,2
2026-06-29,601012,10:14:54,12.72,165,1
2026-06-29,601012,10:14:57,12.73,434,2
2026-06-29,601012,10:15:00,12.74,290,2
2026-06-29,601012,10:15:03,12.73,861,1
2026-06-29,601012,10:15:06,12.72,232,1
2026-06-29,601012,10:15:09,12.72,161,1
2026-06-29,601012,10:15:12,12.74,166,2
2026-06-29,601012,10:15:15,12.73,217,1
2026-06-29,601012,10:15:18,12.73,188,2
2026-06-29,601012,10:15:21,12.72,252,1
2026-06-29,601012,10:15:24,12.73,135,2
2026-06-29,601012,10:15:27,12.73,365,1
2026-06-29,601012,10:15:30,12.74,404,2
2026-06-29,601012,10:15:33,12.73,126,1
2026-06-29,601012,10:15:36,12.73,199,2
2026-06-29,601012,10:15:39,12.74,496,2
2026-06-29,601012,10:15:42,12.74,1776,2
2026-06-29,601012,10:15:45,12.75,515,2
2026-06-29,601012,10:15:48,12.75,645,2
2026-06-29,601012,10:15:51,12.75,654,2
2026-06-29,601012,10:15:54,12.75,107,2
2026-06-29,601012,10:15:57,12.76,295,2
2026-06-29,601012,10:16:00,12.76,131,1
2026-06-29,601012,10:16:03,12.77,86,2
2026-06-29,601012,10:16:06,12.78,2200,2
2026-06-29,601012,10:16:09,12.78,466,2
2026-06-29,601012,10:16:12,12.79,469,2
2026-06-29,601012,10:16:15,12.80,179,2
2026-06-29,601012,10:16:18,12.80,462,2
2026-06-29,601012,10:16:21,12.80,449,2
2026-06-29,601012,10:16:24,12.80,417,2
2026-06-29,601012,10:16:27,12.80,422,2
2026-06-29,601012,10:16:30,12.80,91,1
2026-06-29,601012,10:16:33,12.79,933,1
2026-06-29,601012,10:16:36,12.79,531,1
2026-06-29,601012,10:16:39,12.79,554,1
2026-06-29,601012,10:16:42,12.79,599,1
2026-06-29,601012,10:16:45,12.80,699,2
2026-06-29,601012,10:16:48,12.80,322,1
2026-06-29,601012,10:16:51,12.80,455,2
2026-06-29,601012,10:16:54,12.80,634,2
2026-06-29,601012,10:16:57,12.80,251,2
2026-06-29,601012,10:17:00,12.80,257,2
2026-06-29,601012,10:17:03,12.80,338,2
2026-06-29,601012,10:17:06,12.80,373,1
2026-06-29,601012,10:17:09,12.80,859,1
2026-06-29,601012,10:17:12,12.80,661,1
2026-06-29,601012,10:17:15,12.79,418,1
2026-06-29,601012,10:17:18,12.79,609,1
2026-06-29,601012,10:17:21,12.80,474,2
2026-06-29,601012,10:17:24,12.80,546,2
2026-06-29,601012,10:17:27,12.80,175,2
2026-06-29,601012,10:17:30,12.80,104,2
2026-06-29,601012,10:17:33,12.80,117,2
2026-06-29,601012,10:17:36,12.79,927,1
2026-06-29,601012,10:17:39,12.79,424,2
2026-06-29,601012,10:17:42,12.79,333,2
2026-06-29,601012,10:17:45,12.79,400,1
2026-06-29,601012,10:17:48,12.79,123,1
2026-06-29,601012,10:17:51,12.81,4742,2
2026-06-29,601012,10:17:54,12.81,641,2
2026-06-29,601012,10:17:57,12.81,387,1
2026-06-29,601012,10:18:00,12.81,443,1
2026-06-29,601012,10:18:03,12.82,308,2
2026-06-29,601012,10:18:06,12.82,1095,2
2026-06-29,601012,10:18:09,12.82,511,2
2026-06-29,601012,10:18:12,12.82,510,2
2026-06-29,601012,10:18:15,12.82,167,2
2026-06-29,601012,10:18:18,12.81,1591,1
2026-06-29,601012,10:18:21,12.82,2309,2
2026-06-29,601012,10:18:24,12.82,176,2
2026-06-29,601012,10:18:27,12.82,504,2
2026-06-29,601012,10:18:30,12.82,578,2
2026-06-29,601012,10:18:33,12.81,399,1
2026-06-29,601012,10:18:36,12.82,410,2
2026-06-29,601012,10:18:39,12.82,380,1
2026-06-29,601012,10:18:42,12.82,584,1
2026-06-29,601012,10:18:45,12.83,408,2
2026-06-29,601012,10:18:48,12.83,396,2
2026-06-29,601012,10:18:51,12.83,364,2
2026-06-29,601012,10:18:54,12.83,225,2
2026-06-29,601012,10:18:57,12.83,509,2
2026-06-29,601012,10:19:00,12.82,373,1
2026-06-29,601012,10:19:03,12.83,561,2
2026-06-29,601012,10:19:06,12.82,506,1
2026-06-29,601012,10:19:09,12.82,1274,1
2026-06-29,601012,10:19:12,12.81,671,1
2026-06-29,601012,10:19:15,12.81,240,2
2026-06-29,601012,10:19:18,12.80,195,1
2026-06-29,601012,10:19:21,12.81,903,2
2026-06-29,601012,10:19:24,12.80,305,1
2026-06-29,601012,10:19:27,12.80,354,1
2026-06-29,601012,10:19:30,12.80,241,1
2026-06-29,601012,10:19:33,12.80,147,2
2026-06-29,601012,10:19:36,12.79,851,1
2026-06-29,601012,10:19:39,12.80,1523,2
2026-06-29,601012,10:19:42,12.82,1243,2
2026-06-29,601012,10:19:45,12.81,1061,1
2026-06-29,601012,10:19:48,12.81,178,2
2026-06-29,601012,10:19:51,12.80,982,1
2026-06-29,601012,10:19:54,12.80,72,1
2026-06-29,601012,10:19:57,12.81,2761,2
2026-06-29,601012,10:20:00,12.80,190,1
2026-06-29,601012,10:20:03,12.80,191,1
2026-06-29,601012,10:20:06,12.80,667,1
2026-06-29,601012,10:20:09,12.81,451,2
2026-06-29,601012,10:20:12,12.81,2719,2
2026-06-29,601012,10:20:15,12.82,4178,2
2026-06-29,601012,10:20:18,12.83,790,1
2026-06-29,601012,10:20:21,12.84,265,2
2026-06-29,601012,10:20:24,12.84,890,2
2026-06-29,601012,10:20:27,12.84,315,2
2026-06-29,601012,10:20:30,12.85,103,2
2026-06-29,601012,10:20:33,12.85,623,2
2026-06-29,601012,10:20:36,12.84,1066,1
2026-06-29,601012,10:20:39,12.84,206,2
2026-06-29,601012,10:20:42,12.84,597,2
2026-06-29,601012,10:20:45,12.83,1327,1
2026-06-29,601012,10:20:48,12.84,676,2
2026-06-29,601012,10:20:51,12.84,479,1
2026-06-29,601012,10:20:54,12.84,466,1
2026-06-29,601012,10:20:57,12.84,1104,1
2026-06-29,601012,10:21:00,12.84,491,1
2026-06-29,601012,10:21:03,12.84,1179,1
2026-06-29,601012,10:21:06,12.84,579,1
2026-06-29,601012,10:21:09,12.84,65,1
2026-06-29,601012,10:21:12,12.85,322,2
2026-06-29,601012,10:21:15,12.85,569,2
2026-06-29,601012,10:21:18,12.84,287,1
2026-06-29,601012,10:21:21,12.84,295,1
2026-06-29,601012,10:21:24,12.85,225,2
2026-06-29,601012,10:21:27,12.85,594,2
2026-06-29,601012,10:21:30,12.85,677,2
2026-06-29,601012,10:21:33,12.85,968,2
2026-06-29,601012,10:21:36,12.85,574,2
2026-06-29,601012,10:21:39,12.85,321,2
2026-06-29,601012,10:21:42,12.85,1051,1
2026-06-29,601012,10:21:45,12.85,341,1
2026-06-29,601012,10:21:48,12.86,502,2
2026-06-29,601012,10:21:51,12.86,587,2
2026-06-29,601012,10:21:54,12.86,122,1
2026-06-29,601012,10:21:57,12.86,137,1
2026-06-29,601012,10:22:00,12.86,347,1
2026-06-29,601012,10:22:03,12.86,1888,1
2026-06-29,601012,10:22:06,12.85,1329,1
2026-06-29,601012,10:22:09,12.84,1085,1
2026-06-29,601012,10:22:12,12.83,428,1
2026-06-29,601012,10:22:15,12.83,116,2
2026-06-29,601012,10:22:18,12.82,163,1
2026-06-29,601012,10:22:21,12.82,242,1
2026-06-29,601012,10:22:24,12.82,583,1
2026-06-29,601012,10:22:27,12.83,386,2
2026-06-29,601012,10:22:30,12.84,1045,2
2026-06-29,601012,10:22:33,12.83,216,1
2026-06-29,601012,10:22:36,12.83,410,1
2026-06-29,601012,10:22:39,12.83,118,2
2026-06-29,601012,10:22:42,12.82,134,1
2026-06-29,601012,10:22:45,12.82,419,1
2026-06-29,601012,10:22:48,12.83,258,2
2026-06-29,601012,10:22:51,12.84,925,2
2026-06-29,601012,10:22:54,12.85,306,2
2026-06-29,601012,10:22:57,12.84,314,1
2026-06-29,601012,10:23:00,12.84,785,1
2026-06-29,601012,10:23:03,12.84,271,1
2026-06-29,601012,10:23:06,12.85,920,2
2026-06-29,601012,10:23:09,12.84,280,1
2026-06-29,601012,10:23:12,12.84,504,1
2026-06-29,601012,10:23:15,12.84,274,1
2026-06-29,601012,10:23:18,12.85,272,2
2026-06-29,601012,10:23:21,12.85,132,2
2026-06-29,601012,10:23:24,12.85,318,1
2026-06-29,601012,10:23:27,12.86,1110,2
2026-06-29,601012,10:23:30,12.86,183,1
2026-06-29,601012,10:23:33,12.87,356,2
2026-06-29,601012,10:23:36,12.87,431,2
2026-06-29,601012,10:23:39,12.87,2281,2
2026-06-29,601012,10:23:42,12.88,322,2
2026-06-29,601012,10:23:45,12.88,1240,2
2026-06-29,601012,10:23:48,12.88,973,2
2026-06-29,601012,10:23:51,12.88,83,1
2026-06-29,601012,10:23:54,12.89,309,2
2026-06-29,601012,10:23:57,12.88,674,1
2026-06-29,601012,10:24:00,12.89,603,2
2026-06-29,601012,10:24:03,12.89,1613,2
2026-06-29,601012,10:24:06,12.89,272,2
2026-06-29,601012,10:24:09,12.90,665,2
2026-06-29,601012,10:24:12,12.90,567,2
2026-06-29,601012,10:24:15,12.90,648,2
2026-06-29,601012,10:24:18,12.90,1232,2
2026-06-29,601012,10:24:21,12.90,1184,2
2026-06-29,601012,10:24:24,12.91,176,2
2026-06-29,601012,10:24:27,12.91,425,2
2026-06-29,601012,10:24:30,12.90,1955,1
2026-06-29,601012,10:24:33,12.91,1482,2
2026-06-29,601012,10:24:36,12.90,370,1
2026-06-29,601012,10:24:39,12.90,549,1
2026-06-29,601012,10:24:42,12.91,1386,2
2026-06-29,601012,10:24:45,12.91,531,1
2026-06-29,601012,10:24:48,12.91,386,1
2026-06-29,601012,10:24:51,12.92,582,2
2026-06-29,601012,10:24:54,12.92,589,2
2026-06-29,601012,10:24:57,12.93,631,2
2026-06-29,601012,10:25:00,12.92,751,1
2026-06-29,601012,10:25:03,12.92,683,1
2026-06-29,601012,10:25:06,12.92,211,1
2026-06-29,601012,10:25:09,12.93,213,2
2026-06-29,601012,10:25:12,12.92,944,1
2026-06-29,601012,10:25:15,12.92,169,2
2026-06-29,601012,10:25:18,12.92,365,2
2026-06-29,601012,10:25:21,12.91,636,1
2026-06-29,601012,10:25:24,12.91,243,1
2026-06-29,601012,10:25:27,12.91,543,1
2026-06-29,601012,10:25:30,12.91,623,1
2026-06-29,601012,10:25:33,12.91,399,1
2026-06-29,601012,10:25:36,12.90,1758,1
2026-06-29,601012,10:25:39,12.90,571,2
2026-06-29,601012,10:25:42,12.89,602,1
2026-06-29,601012,10:25:45,12.89,155,1
2026-06-29,601012,10:25:48,12.88,792,1
2026-06-29,601012,10:25:51,12.88,212,2
2026-06-29,601012,10:25:54,12.87,603,1
2026-06-29,601012,10:25:57,12.87,1502,2
2026-06-29,601012,10:26:00,12.90,3906,2
2026-06-29,601012,10:26:03,12.90,683,1
2026-06-29,601012,10:26:06,12.91,571,2
2026-06-29,601012,10:26:09,12.91,617,2
2026-06-29,601012,10:26:12,12.90,241,1
2026-06-29,601012,10:26:15,12.91,816,2
2026-06-29,601012,10:26:18,12.91,375,2
2026-06-29,601012,10:26:21,12.90,412,1
2026-06-29,601012,10:26:24,12.91,479,2
2026-06-29,601012,10:26:27,12.91,680,2
2026-06-29,601012,10:26:30,12.91,312,1
2026-06-29,601012,10:26:33,12.91,209,2
2026-06-29,601012,10:26:36,12.91,657,2
2026-06-29,601012,10:26:39,12.91,461,1
2026-06-29,601012,10:26:42,12.91,230,1
2026-06-29,601012,10:26:45,12.92,401,2
2026-06-29,601012,10:26:48,12.91,864,1
2026-06-29,601012,10:26:51,12.90,372,1
2026-06-29,601012,10:26:54,12.91,449,2
2026-06-29,601012,10:26:57,12.92,593,2
2026-06-29,601012,10:27:00,12.91,254,1
2026-06-29,601012,10:27:03,12.92,148,2
2026-06-29,601012,10:27:06,12.91,2148,1
2026-06-29,601012,10:27:09,12.91,219,2
2026-06-29,601012,10:27:12,12.91,333,2
2026-06-29,601012,10:27:15,12.91,556,2
2026-06-29,601012,10:27:18,12.91,168,2
2026-06-29,601012,10:27:21,12.90,106,1
2026-06-29,601012,10:27:24,12.92,2027,2
2026-06-29,601012,10:27:27,12.91,256,1
2026-06-29,601012,10:27:30,12.92,253,2
2026-06-29,601012,10:27:33,12.91,950,1
2026-06-29,601012,10:27:36,12.91,487,2
2026-06-29,601012,10:27:39,12.91,153,2
2026-06-29,601012,10:27:42,12.91,136,2
2026-06-29,601012,10:27:45,12.90,253,1
2026-06-29,601012,10:27:48,12.90,296,1
2026-06-29,601012,10:27:51,12.91,212,2
2026-06-29,601012,10:27:54,12.90,360,1
2026-06-29,601012,10:27:57,12.91,713,2
2026-06-29,601012,10:28:00,12.90,310,1
2026-06-29,601012,10:28:03,12.90,1117,1
2026-06-29,601012,10:28:06,12.89,77,1
2026-06-29,601012,10:28:09,12.89,45,1
2026-06-29,601012,10:28:12,12.89,451,1
2026-06-29,601012,10:28:15,12.89,1625,1
2026-06-29,601012,10:28:18,12.88,682,1
2026-06-29,601012,10:28:21,12.89,691,2
2026-06-29,601012,10:28:24,12.89,563,2
2026-06-29,601012,10:28:27,12.88,737,1
2026-06-29,601012,10:28:30,12.89,434,2
2026-06-29,601012,10:28:33,12.88,414,1
2026-06-29,601012,10:28:36,12.89,943,2
2026-06-29,601012,10:28:39,12.88,662,1
2026-06-29,601012,10:28:42,12.88,978,1
2026-06-29,601012,10:28:45,12.90,3670,2
2026-06-29,601012,10:28:48,12.90,370,1
2026-06-29,601012,10:28:51,12.90,355,1
2026-06-29,601012,10:28:54,12.90,374,1
2026-06-29,601012,10:28:57,12.90,130,1
2026-06-29,601012,10:29:00,12.91,514,2
2026-06-29,601012,10:29:03,12.90,420,1
2026-06-29,601012,10:29:06,12.90,361,2
2026-06-29,601012,10:29:09,12.90,301,2
2026-06-29,601012,10:29:12,12.89,405,1
2026-06-29,601012,10:29:15,12.90,684,2
2026-06-29,601012,10:29:18,12.90,1058,1
2026-06-29,601012,10:29:21,12.90,114,2
2026-06-29,601012,10:29:24,12.89,166,1
2026-06-29,601012,10:29:27,12.89,93,1
2026-06-29,601012,10:29:30,12.90,1849,2
2026-06-29,601012,10:29:33,12.89,606,1
2026-06-29,601012,10:29:36,12.90,302,2
2026-06-29,601012,10:29:39,12.89,189,1
2026-06-29,601012,10:29:42,12.89,71,1
2026-06-29,601012,10:29:45,12.89,1052,1
2026-06-29,601012,10:29:48,12.89,550,2
2026-06-29,601012,10:29:51,12.89,1650,2
2026-06-29,601012,10:29:54,12.89,500,2
2026-06-29,601012,10:29:57,12.89,168,2
2026-06-29,601012,10:30:00,12.88,41,1
2026-06-29,601012,10:30:03,12.88,188,1
2026-06-29,601012,10:30:06,12.89,170,2
2026-06-29,601012,10:30:09,12.88,149,1
2026-06-29,601012,10:30:12,12.88,115,1
2026-06-29,601012,10:30:15,12.88,178,1
2026-06-29,601012,10:30:18,12.87,928,1
2026-06-29,601012,10:30:21,12.87,321,1
2026-06-29,601012,10:30:24,12.88,1452,2
2026-06-29,601012,10:30:27,12.87,855,1
2026-06-29,601012,10:30:30,12.87,282,1
2026-06-29,601012,10:30:33,12.87,357,1
2026-06-29,601012,10:30:36,12.88,419,2
2026-06-29,601012,10:30:39,12.88,444,2
2026-06-29,601012,10:30:42,12.88,671,2
2026-06-29,601012,10:30:45,12.89,1597,2
2026-06-29,601012,10:30:48,12.90,185,2
2026-06-29,601012,10:30:51,12.89,143,1
2026-06-29,601012,10:30:54,12.89,55,1
2026-06-29,601012,10:30:57,12.89,177,1
2026-06-29,601012,10:31:00,12.90,513,2
2026-06-29,601012,10:31:03,12.90,1401,2
2026-06-29,601012,10:31:06,12.90,849,1
2026-06-29,601012,10:31:09,12.89,460,1
2026-06-29,601012,10:31:12,12.89,441,1
2026-06-29,601012,10:31:15,12.88,193,1
2026-06-29,601012,10:31:18,12.88,156,1
2026-06-29,601012,10:31:21,12.88,835,1
2026-06-29,601012,10:31:24,12.88,173,1
2026-06-29,601012,10:31:27,12.88,86,2
2026-06-29,601012,10:31:30,12.88,1056,2
2026-06-29,601012,10:31:33,12.87,89,1
2026-06-29,601012,10:31:36,12.87,562,1
2026-06-29,601012,10:31:39,12.86,119,1
2026-06-29,601012,10:31:42,12.85,506,1
2026-06-29,601012,10:31:45,12.85,288,1
2026-06-29,601012,10:31:48,12.85,196,1
2026-06-29,601012,10:31:51,12.85,209,1
2026-06-29,601012,10:31:54,12.85,605,2
2026-06-29,601012,10:31:57,12.85,606,1
2026-06-29,601012,10:32:00,12.85,822,2
2026-06-29,601012,10:32:03,12.85,318,1
2026-06-29,601012,10:32:06,12.85,207,1
2026-06-29,601012,10:32:09,12.85,64,2
2026-06-29,601012,10:32:12,12.85,726,2
2026-06-29,601012,10:32:15,12.85,140,1
2026-06-29,601012,10:32:18,12.85,186,1
2026-06-29,601012,10:32:21,12.85,214,1
2026-06-29,601012,10:32:24,12.85,227,1
2026-06-29,601012,10:32:27,12.86,227,2
2026-06-29,601012,10:32:30,12.85,54,2
2026-06-29,601012,10:32:33,12.86,322,2
2026-06-29,601012,10:32:36,12.85,74,1
2026-06-29,601012,10:32:39,12.86,781,2
2026-06-29,601012,10:32:42,12.86,343,1
2026-06-29,601012,10:32:45,12.87,119,2
2026-06-29,601012,10:32:48,12.86,85,1
2026-06-29,601012,10:32:51,12.87,168,2
2026-06-29,601012,10:32:54,12.86,254,1
2026-06-29,601012,10:32:57,12.87,103,2
2026-06-29,601012,10:33:00,12.87,59,2
2026-06-29,601012,10:33:03,12.86,213,1
2026-06-29,601012,10:33:06,12.86,313,2
2026-06-29,601012,10:33:09,12.86,124,2
2026-06-29,601012,10:33:12,12.86,59,2
2026-06-29,601012,10:33:15,12.85,807,1
2026-06-29,601012,10:33:18,12.85,37,2
2026-06-29,601012,10:33:21,12.84,132,1
2026-06-29,601012,10:33:24,12.84,89,1
2026-06-29,601012,10:33:27,12.83,83,1
2026-06-29,601012,10:33:30,12.84,301,2
2026-06-29,601012,10:33:33,12.83,236,1
2026-06-29,601012,10:33:36,12.83,847,1
2026-06-29,601012,10:33:39,12.83,406,1
2026-06-29,601012,10:33:42,12.82,211,1
2026-06-29,601012,10:33:45,12.82,209,1
2026-06-29,601012,10:33:48,12.81,99,1
2026-06-29,601012,10:33:51,12.83,2719,2
2026-06-29,601012,10:33:54,12.83,1022,2
2026-06-29,601012,10:33:57,12.83,366,2
2026-06-29,601012,10:34:00,12.83,102,1
2026-06-29,601012,10:34:03,12.83,89,1
2026-06-29,601012,10:34:06,12.83,680,1
2026-06-29,601012,10:34:09,12.84,956,2
2026-06-29,601012,10:34:12,12.83,44,1
2026-06-29,601012,10:34:15,12.82,95,1
2026-06-29,601012,10:34:18,12.84,181,2
2026-06-29,601012,10:34:21,12.82,72,1
2026-06-29,601012,10:34:24,12.83,110,1
2026-06-29,601012,10:34:27,12.82,154,1
2026-06-29,601012,10:34:30,12.83,71,2
2026-06-29,601012,10:34:33,12.84,135,2
2026-06-29,601012,10:34:36,12.84,281,2
2026-06-29,601012,10:34:39,12.84,320,2
2026-06-29,601012,10:34:42,12.83,85,1
2026-06-29,601012,10:34:45,12.84,69,2
2026-06-29,601012,10:34:48,12.84,137,2
2026-06-29,601012,10:34:51,12.84,90,2
2026-06-29,601012,10:34:54,12.83,271,1
2026-06-29,601012,10:34:57,12.84,313,2
2026-06-29,601012,10:35:00,12.84,52,2
2026-06-29,601012,10:35:03,12.84,69,2
2026-06-29,601012,10:35:06,12.83,129,1
2026-06-29,601012,10:35:09,12.84,144,2
2026-06-29,601012,10:35:12,12.83,129,1
2026-06-29,601012,10:35:15,12.83,144,1
2026-06-29,601012,10:35:18,12.83,755,1
2026-06-29,601012,10:35:21,12.83,645,1
2026-06-29,601012,10:35:24,12.84,133,2
2026-06-29,601012,10:35:27,12.84,1033,2
2026-06-29,601012,10:35:30,12.84,770,1
2026-06-29,601012,10:35:33,12.84,67,1
2026-06-29,601012,10:35:36,12.85,217,2
2026-06-29,601012,10:35:39,12.85,614,2
2026-06-29,601012,10:35:42,12.85,101,1
2026-06-29,601012,10:35:45,12.85,669,1
2026-06-29,601012,10:35:48,12.85,89,1
2026-06-29,601012,10:35:51,12.85,128,1
2026-06-29,601012,10:35:54,12.85,203,1
2026-06-29,601012,10:35:57,12.85,16,2
2026-06-29,601012,10:36:00,12.85,54,2
2026-06-29,601012,10:36:03,12.84,437,1
2026-06-29,601012,10:36:06,12.84,614,1
2026-06-29,601012,10:36:09,12.85,50,2
2026-06-29,601012,10:36:12,12.85,52,1
2026-06-29,601012,10:36:15,12.85,116,1
2026-06-29,601012,10:36:18,12.85,108,1
2026-06-29,601012,10:36:21,12.85,409,1
2026-06-29,601012,10:36:24,12.85,43,1
2026-06-29,601012,10:36:27,12.86,36,2
2026-06-29,601012,10:36:30,12.85,114,1
2026-06-29,601012,10:36:33,12.85,148,1
2026-06-29,601012,10:36:36,12.85,215,1
2026-06-29,601012,10:36:39,12.85,147,2
2026-06-29,601012,10:36:42,12.84,41,1
2026-06-29,601012,10:36:45,12.85,130,2
2026-06-29,601012,10:36:48,12.85,176,2
2026-06-29,601012,10:36:51,12.84,88,1
2026-06-29,601012,10:36:54,12.84,81,1
2026-06-29,601012,10:36:57,12.84,185,1
2026-06-29,601012,10:37:00,12.85,615,2
2026-06-29,601012,10:37:03,12.85,513,2
2026-06-29,601012,10:37:06,12.85,570,2
2026-06-29,601012,10:37:09,12.85,130,1
2026-06-29,601012,10:37:12,12.85,91,2
2026-06-29,601012,10:37:15,12.85,250,2
2026-06-29,601012,10:37:18,12.85,47,2
2026-06-29,601012,10:37:21,12.85,28,2
2026-06-29,601012,10:37:24,12.85,143,2
2026-06-29,601012,10:37:27,12.85,66,2
2026-06-29,601012,10:37:30,12.85,44,2
2026-06-29,601012,10:37:33,12.85,79,2
2026-06-29,601012,10:37:36,12.85,117,2
2026-06-29,601012,10:37:39,12.85,43,2
2026-06-29,601012,10:37:42,12.85,58,2
2026-06-29,601012,10:37:45,12.84,20,1
2026-06-29,601012,10:37:48,12.84,526,1
2026-06-29,601012,10:37:51,12.84,126,2
2026-06-29,601012,10:37:54,12.83,23,1
2026-06-29,601012,10:37:57,12.83,31,1
2026-06-29,601012,10:38:00,12.83,466,1
2026-06-29,601012,10:38:03,12.83,149,1
2026-06-29,601012,10:38:06,12.83,423,2
2026-06-29,601012,10:38:09,12.82,80,1
2026-06-29,601012,10:38:12,12.83,363,2
2026-06-29,601012,10:38:15,12.84,823,2
2026-06-29,601012,10:38:18,12.84,121,2
2026-06-29,601012,10:38:21,12.84,98,2
2026-06-29,601012,10:38:24,12.83,123,1
2026-06-29,601012,10:38:27,12.84,530,2
2026-06-29,601012,10:38:30,12.83,110,1
2026-06-29,601012,10:38:33,12.83,400,1
2026-06-29,601012,10:38:36,12.83,504,1
2026-06-29,601012,10:38:39,12.85,218,2
2026-06-29,601012,10:38:42,12.82,1124,1
2026-06-29,601012,10:38:45,12.84,86,2
2026-06-29,601012,10:38:48,12.83,59,1
2026-06-29,601012,10:38:51,12.84,362,2
2026-06-29,601012,10:38:54,12.84,21,1
2026-06-29,601012,10:38:57,12.84,161,2
2026-06-29,601012,10:39:00,12.84,100,2
2026-06-29,601012,10:39:03,12.84,41,2
2026-06-29,601012,10:39:06,12.84,81,2
2026-06-29,601012,10:39:09,12.84,145,2
2026-06-29,601012,10:39:12,12.86,1709,2
2026-06-29,601012,10:39:15,12.86,733,2
2026-06-29,601012,10:39:18,12.86,698,2
2026-06-29,601012,10:39:21,12.87,83,2
2026-06-29,601012,10:39:24,12.87,180,2
2026-06-29,601012,10:39:27,12.87,133,2
2026-06-29,601012,10:39:30,12.87,462,2
2026-06-29,601012,10:39:33,12.87,335,2
2026-06-29,601012,10:39:36,12.87,204,2
2026-06-29,601012,10:39:39,12.87,373,1
2026-06-29,601012,10:39:42,12.87,223,1
2026-06-29,601012,10:39:45,12.87,497,2
2026-06-29,601012,10:39:48,12.87,142,2
2026-06-29,601012,10:39:51,12.87,306,2
2026-06-29,601012,10:39:54,12.87,216,2
2026-06-29,601012,10:39:57,12.87,563,2
2026-06-29,601012,10:40:00,12.87,212,2
2026-06-29,601012,10:40:03,12.87,241,1
2026-06-29,601012,10:40:06,12.87,707,1
2026-06-29,601012,10:40:09,12.87,862,2
2026-06-29,601012,10:40:12,12.87,285,2
2026-06-29,601012,10:40:15,12.86,32,1
2026-06-29,601012,10:40:18,12.86,281,1
2026-06-29,601012,10:40:21,12.86,81,1
2026-06-29,601012,10:40:24,12.86,378,1
2026-06-29,601012,10:40:27,12.87,136,2
2026-06-29,601012,10:40:30,12.86,18,2
2026-06-29,601012,10:40:33,12.86,62,2
2026-06-29,601012,10:40:36,12.86,62,2
2026-06-29,601012,10:40:39,12.86,270,2
2026-06-29,601012,10:40:42,12.84,17,1
2026-06-29,601012,10:40:45,12.85,29,2
2026-06-29,601012,10:40:48,12.85,88,2
2026-06-29,601012,10:40:51,12.84,85,1
2026-06-29,601012,10:40:54,12.85,99,2
2026-06-29,601012,10:40:57,12.85,45,1
2026-06-29,601012,10:41:00,12.85,56,1
2026-06-29,601012,10:41:03,12.85,251,1
2026-06-29,601012,10:41:06,12.85,7,2
2026-06-29,601012,10:41:09,12.84,172,1
2026-06-29,601012,10:41:12,12.84,36,1
2026-06-29,601012,10:41:15,12.84,30,1
2026-06-29,601012,10:41:18,12.84,62,1
2026-06-29,601012,10:41:21,12.84,89,1
2026-06-29,601012,10:41:24,12.85,87,2
2026-06-29,601012,10:41:27,12.84,45,1
2026-06-29,601012,10:41:30,12.85,30,2
2026-06-29,601012,10:41:33,12.84,31,1
2026-06-29,601012,10:41:36,12.84,502,1
2026-06-29,601012,10:41:39,12.84,3,2
2026-06-29,601012,10:41:42,12.84,61,2
2026-06-29,601012,10:41:45,12.83,94,1
2026-06-29,601012,10:41:48,12.84,42,2
2026-06-29,601012,10:41:51,12.84,51,2
2026-06-29,601012,10:41:54,12.83,22,1
2026-06-29,601012,10:41:57,12.83,64,1
2026-06-29,601012,10:42:00,12.83,55,1
2026-06-29,601012,10:42:03,12.83,57,1
2026-06-29,601012,10:42:06,12.83,28,1
2026-06-29,601012,10:42:09,12.83,183,1
2026-06-29,601012,10:42:12,12.83,338,1
2026-06-29,601012,10:42:15,12.83,93,2
2026-06-29,601012,10:42:18,12.82,74,1
2026-06-29,601012,10:42:21,12.82,78,1
2026-06-29,601012,10:42:24,12.82,980,1
2026-06-29,601012,10:42:27,12.81,281,1
2026-06-29,601012,10:42:30,12.81,290,1
2026-06-29,601012,10:42:33,12.81,868,1
2026-06-29,601012,10:42:36,12.80,47,1
2026-06-29,601012,10:42:39,12.80,800,1
2026-06-29,601012,10:42:42,12.79,1700,1
2026-06-29,601012,10:42:45,12.78,264,1
2026-06-29,601012,10:42:48,12.78,475,1
2026-06-29,601012,10:42:51,12.78,23,2
2026-06-29,601012,10:42:54,12.78,109,2
2026-06-29,601012,10:42:57,12.79,888,2
2026-06-29,601012,10:43:00,12.79,140,2
2026-06-29,601012,10:43:03,12.78,47,1
2026-06-29,601012,10:43:06,12.78,40,1
2026-06-29,601012,10:43:09,12.79,235,2
2026-06-29,601012,10:43:12,12.79,30,1
2026-06-29,601012,10:43:15,12.80,675,2
2026-06-29,601012,10:43:18,12.81,27,2
2026-06-29,601012,10:43:21,12.80,17,1
2026-06-29,601012,10:43:24,12.81,84,2
2026-06-29,601012,10:43:27,12.80,140,1
2026-06-29,601012,10:43:30,12.80,144,1
2026-06-29,601012,10:43:33,12.81,201,2
2026-06-29,601012,10:43:36,12.81,184,1
2026-06-29,601012,10:43:39,12.81,81,1
2026-06-29,601012,10:43:42,12.81,130,1
2026-06-29,601012,10:43:45,12.81,165,1
2026-06-29,601012,10:43:48,12.81,33,2
2026-06-29,601012,10:43:51,12.81,175,2
2026-06-29,601012,10:43:54,12.81,23,2
2026-06-29,601012,10:43:57,12.81,60,2
2026-06-29,601012,10:44:00,12.81,351,2
2026-06-29,601012,10:44:03,12.81,566,2
2026-06-29,601012,10:44:06,12.81,579,2
2026-06-29,601012,10:44:09,12.80,45,1
2026-06-29,601012,10:44:12,12.80,319,1
2026-06-29,601012,10:44:15,12.80,144,1
2026-06-29,601012,10:44:18,12.80,48,1
2026-06-29,601012,10:44:21,12.80,25,1
2026-06-29,601012,10:44:24,12.80,419,1
2026-06-29,601012,10:44:27,12.80,290,2
2026-06-29,601012,10:44:30,12.79,919,1
2026-06-29,601012,10:44:33,12.79,57,2
2026-06-29,601012,10:44:36,12.79,30,1
2026-06-29,601012,10:44:39,12.79,45,1
2026-06-29,601012,10:44:42,12.79,100,1
2026-06-29,601012,10:44:45,12.79,186,2
2026-06-29,601012,10:44:48,12.79,23,2
2026-06-29,601012,10:44:51,12.79,37,2
2026-06-29,601012,10:44:54,12.79,39,1
2026-06-29,601012,10:44:57,12.79,15,1
2026-06-29,601012,10:45:00,12.80,1382,2
2026-06-29,601012,10:45:03,12.83,2936,2
2026-06-29,601012,10:45:06,12.82,4,1
2026-06-29,601012,10:45:09,12.82,27,1
2026-06-29,601012,10:45:12,12.83,59,2
2026-06-29,601012,10:45:15,12.83,197,1
2026-06-29,601012,10:45:18,12.83,76,2
2026-06-29,601012,10:45:21,12.82,22,1
2026-06-29,601012,10:45:24,12.82,64,1
2026-06-29,601012,10:45:27,12.82,81,1
2026-06-29,601012,10:45:30,12.82,2,1
2026-06-29,601012,10:45:33,12.83,165,2
2026-06-29,601012,10:45:36,12.83,146,2
2026-06-29,601012,10:45:39,12.82,236,1
2026-06-29,601012,10:45:42,12.83,74,2
2026-06-29,601012,10:45:45,12.83,245,2
2026-06-29,601012,10:45:48,12.83,10,1
2026-06-29,601012,10:45:51,12.84,905,2
2026-06-29,601012,10:45:54,12.84,52,2
2026-06-29,601012,10:45:57,12.84,376,2
2026-06-29,601012,10:46:00,12.83,53,1
2026-06-29,601012,10:46:03,12.84,60,2
2026-06-29,601012,10:46:06,12.84,22,1
2026-06-29,601012,10:46:09,12.85,6,2
2026-06-29,601012,10:46:12,12.84,23,1
2026-06-29,601012,10:46:15,12.85,51,2
2026-06-29,601012,10:46:18,12.85,221,2
2026-06-29,601012,10:46:21,12.85,383,2
2026-06-29,601012,10:46:24,12.85,116,2
2026-06-29,601012,10:46:27,12.85,56,2
2026-06-29,601012,10:46:30,12.84,242,1
2026-06-29,601012,10:46:33,12.85,194,2
2026-06-29,601012,10:46:36,12.84,67,1
2026-06-29,601012,10:46:39,12.85,702,2
2026-06-29,601012,10:46:42,12.85,13,1
2026-06-29,601012,10:46:45,12.85,53,1
2026-06-29,601012,10:46:48,12.85,41,1
2026-06-29,601012,10:46:51,12.86,65,2
2026-06-29,601012,10:46:54,12.86,273,2
2026-06-29,601012,10:46:57,12.86,512,2
2026-06-29,601012,10:47:00,12.87,9,2
2026-06-29,601012,10:47:03,12.86,194,1
2026-06-29,601012,10:47:06,12.88,1142,2
2026-06-29,601012,10:47:09,12.89,58,2
2026-06-29,601012,10:47:12,12.88,474,1
2026-06-29,601012,10:47:15,12.89,101,2
2026-06-29,601012,10:47:18,12.89,882,2
2026-06-29,601012,10:47:21,12.89,72,1
2026-06-29,601012,10:47:24,12.90,147,2
2026-06-29,601012,10:47:27,12.89,129,1
2026-06-29,601012,10:47:30,12.90,3679,2
2026-06-29,601012,10:47:33,12.90,303,1
2026-06-29,601012,10:47:36,12.90,1181,1
2026-06-29,601012,10:47:39,12.89,890,1
2026-06-29,601012,10:47:42,12.89,296,2
2026-06-29,601012,10:47:45,12.89,94,1
2026-06-29,601012,10:47:48,12.89,157,1
2026-06-29,601012,10:47:51,12.89,380,2
2026-06-29,601012,10:47:54,12.89,111,2
2026-06-29,601012,10:47:57,12.89,56,1
2026-06-29,601012,10:48:00,12.89,757,1
2026-06-29,601012,10:48:03,12.89,119,1
2026-06-29,601012,10:48:06,12.90,372,2
2026-06-29,601012,10:48:09,12.91,64,2
2026-06-29,601012,10:48:12,12.91,116,2
2026-06-29,601012,10:48:15,12.90,93,1
2026-06-29,601012,10:48:18,12.90,103,1
2026-06-29,601012,10:48:21,12.90,475,1
2026-06-29,601012,10:48:24,12.89,75,1
2026-06-29,601012,10:48:27,12.90,138,2
2026-06-29,601012,10:48:30,12.90,851,2
2026-06-29,601012,10:48:33,12.90,202,2
2026-06-29,601012,10:48:36,12.90,349,2
2026-06-29,601012,10:48:39,12.89,98,1
2026-06-29,601012,10:48:42,12.90,329,2
2026-06-29,601012,10:48:45,12.89,142,1
2026-06-29,601012,10:48:48,12.89,172,1
2026-06-29,601012,10:48:51,12.90,127,2
2026-06-29,601012,10:48:54,12.90,271,2
2026-06-29,601012,10:48:57,12.90,185,2
2026-06-29,601012,10:49:00,12.90,30,2
2026-06-29,601012,10:49:03,12.89,38,1
2026-06-29,601012,10:49:06,12.89,60,1
2026-06-29,601012,10:49:09,12.90,15,2
2026-06-29,601012,10:49:12,12.90,68,2
2026-06-29,601012,10:49:15,12.89,85,1
2026-06-29,601012,10:49:18,12.90,422,2
2026-06-29,601012,10:49:21,12.89,59,1
2026-06-29,601012,10:49:24,12.89,248,1
2026-06-29,601012,10:49:27,12.90,163,2
2026-06-29,601012,10:49:30,12.89,626,1
2026-06-29,601012,10:49:33,12.89,2109,1
2026-06-29,601012,10:49:36,12.89,898,1
2026-06-29,601012,10:49:39,12.90,128,2
2026-06-29,601012,10:49:42,12.90,126,1
2026-06-29,601012,10:49:45,12.89,359,1
2026-06-29,601012,10:49:48,12.90,87,2
2026-06-29,601012,10:49:51,12.90,552,2
2026-06-29,601012,10:49:54,12.90,625,2
2026-06-29,601012,10:49:57,12.91,5233,2
2026-06-29,601012,10:50:00,12.91,189,1
2026-06-29,601012,10:50:03,12.91,139,1
2026-06-29,601012,10:50:06,12.92,442,2
2026-06-29,601012,10:50:09,12.92,506,2
2026-06-29,601012,10:50:12,12.92,296,2
2026-06-29,601012,10:50:15,12.91,178,1
2026-06-29,601012,10:50:18,12.91,2077,1
2026-06-29,601012,10:50:21,12.91,1213,1
2026-06-29,601012,10:50:24,12.92,103,2
2026-06-29,601012,10:50:27,12.91,336,1
2026-06-29,601012,10:50:30,12.91,2142,1
2026-06-29,601012,10:50:33,12.92,294,2
2026-06-29,601012,10:50:36,12.92,154,1
2026-06-29,601012,10:50:39,12.91,594,1
2026-06-29,601012,10:50:42,12.92,168,2
2026-06-29,601012,10:50:45,12.92,175,2
2026-06-29,601012,10:50:48,12.92,55,2
2026-06-29,601012,10:50:51,12.92,145,2
2026-06-29,601012,10:50:54,12.92,100,2
2026-06-29,601012,10:50:57,12.92,43,2
2026-06-29,601012,10:51:00,12.91,257,1
2026-06-29,601012,10:51:03,12.90,457,1
2026-06-29,601012,10:51:06,12.91,42,2
2026-06-29,601012,10:51:09,12.89,1436,1
2026-06-29,601012,10:51:12,12.89,1,1
2026-06-29,601012,10:51:15,12.89,152,1
2026-06-29,601012,10:51:18,12.89,173,1
2026-06-29,601012,10:51:21,12.89,127,1
2026-06-29,601012,10:51:24,12.90,1073,2
2026-06-29,601012,10:51:27,12.90,85,1
2026-06-29,601012,10:51:30,12.90,5,2
2026-06-29,601012,10:51:33,12.90,290,2
2026-06-29,601012,10:51:36,12.89,19,1
2026-06-29,601012,10:51:39,12.89,96,1
2026-06-29,601012,10:51:42,12.89,525,1
2026-06-29,601012,10:51:45,12.89,20,2
2026-06-29,601012,10:51:48,12.88,345,1
2026-06-29,601012,10:51:51,12.89,58,2
2026-06-29,601012,10:51:54,12.88,139,1
2026-06-29,601012,10:51:57,12.88,106,1
2026-06-29,601012,10:52:00,12.89,285,2
2026-06-29,601012,10:52:03,12.89,44,2
2026-06-29,601012,10:52:06,12.88,234,1
2026-06-29,601012,10:52:09,12.89,84,2
2026-06-29,601012,10:52:12,12.89,29,2
2026-06-29,601012,10:52:15,12.89,17,2
2026-06-29,601012,10:52:18,12.88,74,1
2026-06-29,601012,10:52:21,12.89,916,2
2026-06-29,601012,10:52:24,12.88,277,1
2026-06-29,601012,10:52:27,12.88,57,1
2026-06-29,601012,10:52:30,12.88,492,1
2026-06-29,601012,10:52:33,12.88,115,2
2026-06-29,601012,10:52:36,12.88,121,2
2026-06-29,601012,10:52:39,12.87,8,1
2026-06-29,601012,10:52:42,12.87,28,1
2026-06-29,601012,10:52:45,12.88,29,2
2026-06-29,601012,10:52:48,12.87,46,1
2026-06-29,601012,10:52:51,12.87,70,1
2026-06-29,601012,10:52:54,12.88,71,2
2026-06-29,601012,10:52:57,12.87,26,1
2026-06-29,601012,10:53:00,12.87,46,1
2026-06-29,601012,10:53:03,12.88,23,2
2026-06-29,601012,10:53:06,12.87,395,1
2026-06-29,601012,10:53:09,12.88,181,2
2026-06-29,601012,10:53:12,12.87,318,1
2026-06-29,601012,10:53:15,12.88,82,2
2026-06-29,601012,10:53:18,12.88,17,2
2026-06-29,601012,10:53:21,12.87,84,1
2026-06-29,601012,10:53:24,12.87,57,1
2026-06-29,601012,10:53:27,12.87,275,1
2026-06-29,601012,10:53:30,12.88,41,2
2026-06-29,601012,10:53:33,12.87,62,1
2026-06-29,601012,10:53:36,12.87,135,1
2026-06-29,601012,10:53:39,12.88,207,2
2026-06-29,601012,10:53:42,12.88,92,2
2026-06-29,601012,10:53:45,12.87,288,1
2026-06-29,601012,10:53:48,12.87,130,1
2026-06-29,601012,10:53:51,12.87,85,1
2026-06-29,601012,10:53:54,12.87,705,1
2026-06-29,601012,10:53:57,12.87,274,2
2026-06-29,601012,10:54:00,12.87,519,2
2026-06-29,601012,10:54:03,12.88,816,2
2026-06-29,601012,10:54:06,12.89,531,2
2026-06-29,601012,10:54:09,12.90,2398,2
2026-06-29,601012,10:54:12,12.90,45,1
2026-06-29,601012,10:54:15,12.90,104,1
2026-06-29,601012,10:54:18,12.91,282,2
2026-06-29,601012,10:54:21,12.91,37,2
2026-06-29,601012,10:54:24,12.91,135,2
2026-06-29,601012,10:54:27,12.91,111,2
2026-06-29,601012,10:54:30,12.91,611,2
2026-06-29,601012,10:54:33,12.90,52,1
2026-06-29,601012,10:54:36,12.91,137,2
2026-06-29,601012,10:54:39,12.91,73,2
2026-06-29,601012,10:54:42,12.90,71,1
2026-06-29,601012,10:54:45,12.90,66,1
2026-06-29,601012,10:54:48,12.91,708,2
2026-06-29,601012,10:54:51,12.91,187,1
2026-06-29,601012,10:54:54,12.90,119,1
2026-06-29,601012,10:54:57,12.90,123,1
2026-06-29,601012,10:55:00,12.91,363,2
2026-06-29,601012,10:55:03,12.91,142,1
2026-06-29,601012,10:55:06,12.91,158,1
2026-06-29,601012,10:55:09,12.91,11,2
2026-06-29,601012,10:55:12,12.91,113,2
2026-06-29,601012,10:55:15,12.91,347,2
2026-06-29,601012,10:55:18,12.90,125,1
2026-06-29,601012,10:55:21,12.91,128,2
2026-06-29,601012,10:55:24,12.90,286,1
2026-06-29,601012,10:55:27,12.90,436,1
2026-06-29,601012,10:55:30,12.91,259,2
2026-06-29,601012,10:55:33,12.91,344,2
2026-06-29,601012,10:55:36,12.91,180,2
2026-06-29,601012,10:55:39,12.91,135,2
2026-06-29,601012,10:55:42,12.91,612,2
2026-06-29,601012,10:55:45,12.91,373,2
2026-06-29,601012,10:55:48,12.92,347,2
2026-06-29,601012,10:55:51,12.91,147,1
2026-06-29,601012,10:55:54,12.91,118,1
2026-06-29,601012,10:55:57,12.92,157,2
2026-06-29,601012,10:56:00,12.92,54,2
2026-06-29,601012,10:56:03,12.91,201,1
2026-06-29,601012,10:56:06,12.92,240,2
2026-06-29,601012,10:56:09,12.92,189,2
2026-06-29,601012,10:56:12,12.92,264,2
2026-06-29,601012,10:56:15,12.92,86,2
2026-06-29,601012,10:56:18,12.91,561,1
2026-06-29,601012,10:56:21,12.92,71,2
2026-06-29,601012,10:56:24,12.91,135,1
2026-06-29,601012,10:56:27,12.91,146,1
2026-06-29,601012,10:56:30,12.91,60,1
2026-06-29,601012,10:56:33,12.91,212,1
2026-06-29,601012,10:56:36,12.92,279,2
2026-06-29,601012,10:56:39,12.91,137,1
2026-06-29,601012,10:56:42,12.92,64,2
2026-06-29,601012,10:56:45,12.90,1049,1
2026-06-29,601012,10:56:48,12.91,6,2
2026-06-29,601012,10:56:51,12.91,14,2
2026-06-29,601012,10:56:54,12.90,23,1
2026-06-29,601012,10:56:57,12.91,149,2
2026-06-29,601012,10:57:00,12.90,51,1
2026-06-29,601012,10:57:03,12.90,133,1
2026-06-29,601012,10:57:06,12.90,80,1
2026-06-29,601012,10:57:09,12.90,217,1
2026-06-29,601012,10:57:12,12.91,331,2
2026-06-29,601012,10:57:15,12.90,236,1
2026-06-29,601012,10:57:18,12.91,33,2
2026-06-29,601012,10:57:21,12.91,287,2
2026-06-29,601012,10:57:24,12.90,86,1
2026-06-29,601012,10:57:27,12.90,92,1
2026-06-29,601012,10:57:30,12.90,50,1
2026-06-29,601012,10:57:33,12.90,319,1
2026-06-29,601012,10:57:36,12.90,79,1
2026-06-29,601012,10:57:39,12.92,982,2
2026-06-29,601012,10:57:42,12.92,527,2
2026-06-29,601012,10:57:45,12.91,234,1
2026-06-29,601012,10:57:48,12.90,115,1
2026-06-29,601012,10:57:51,12.91,73,2
2026-06-29,601012,10:57:54,12.91,125,1
2026-06-29,601012,10:57:57,12.91,42,1
2026-06-29,601012,10:58:00,12.91,116,1
2026-06-29,601012,10:58:03,12.91,214,1
2026-06-29,601012,10:58:06,12.91,594,1
2026-06-29,601012,10:58:09,12.91,116,1
2026-06-29,601012,10:58:12,12.91,426,1
2026-06-29,601012,10:58:15,12.91,57,2
2026-06-29,601012,10:58:18,12.90,125,1
2026-06-29,601012,10:58:21,12.91,59,2
2026-06-29,601012,10:58:24,12.90,1731,1
2026-06-29,601012,10:58:27,12.89,1438,1
2026-06-29,601012,10:58:30,12.90,112,2
2026-06-29,601012,10:58:33,12.90,247,2
2026-06-29,601012,10:58:36,12.90,46,2
2026-06-29,601012,10:58:39,12.89,189,1
2026-06-29,601012,10:58:42,12.89,106,1
2026-06-29,601012,10:58:45,12.89,105,1
2026-06-29,601012,10:58:48,12.89,195,1
2026-06-29,601012,10:58:51,12.89,223,1
2026-06-29,601012,10:58:54,12.89,146,1
2026-06-29,601012,10:58:57,12.90,580,2
2026-06-29,601012,10:59:00,12.89,81,1
2026-06-29,601012,10:59:03,12.89,231,1
2026-06-29,601012,10:59:06,12.89,116,1
2026-06-29,601012,10:59:09,12.90,130,2
2026-06-29,601012,10:59:12,12.89,151,1
2026-06-29,601012,10:59:15,12.90,110,2
2026-06-29,601012,10:59:18,12.89,104,1
2026-06-29,601012,10:59:21,12.89,56,1
2026-06-29,601012,10:59:24,12.90,381,2
2026-06-29,601012,10:59:27,12.89,177,1
2026-06-29,601012,10:59:30,12.90,48,2
2026-06-29,601012,10:59:33,12.89,202,1
2026-06-29,601012,10:59:36,12.89,223,1
2026-06-29,601012,10:59:39,12.88,782,1
2026-06-29,601012,10:59:42,12.89,167,2
2026-06-29,601012,10:59:45,12.88,14,1
2026-06-29,601012,10:59:48,12.88,776,1
2026-06-29,601012,10:59:51,12.87,49,1
2026-06-29,601012,10:59:54,12.87,27,1
2026-06-29,601012,10:59:57,12.87,71,1
2026-06-29,601012,11:00:00,12.88,19,2
2026-06-29,601012,11:00:03,12.88,660,2
2026-06-29,601012,11:00:06,12.89,264,2
2026-06-29,601012,11:00:09,12.89,198,2
2026-06-29,601012,11:00:12,12.88,519,1
2026-06-29,601012,11:00:15,12.89,73,2
2026-06-29,601012,11:00:18,12.89,715,1
2026-06-29,601012,11:00:21,12.90,226,2
2026-06-29,601012,11:00:24,12.90,433,2
2026-06-29,601012,11:00:27,12.90,928,2
2026-06-29,601012,11:00:30,12.90,205,2
2026-06-29,601012,11:00:33,12.90,308,2
2026-06-29,601012,11:00:36,12.90,84,2
2026-06-29,601012,11:00:39,12.89,27,1
2026-06-29,601012,11:00:42,12.90,52,2
2026-06-29,601012,11:00:45,12.90,327,2
2026-06-29,601012,11:00:48,12.89,136,1
2026-06-29,601012,11:00:51,12.90,198,2
2026-06-29,601012,11:00:54,12.90,106,1
2026-06-29,601012,11:00:57,12.90,197,2
2026-06-29,601012,11:01:00,12.89,70,1
2026-06-29,601012,11:01:03,12.89,77,1
2026-06-29,601012,11:01:06,12.90,52,2
2026-06-29,601012,11:01:09,12.89,31,1
2026-06-29,601012,11:01:12,12.89,41,1
2026-06-29,601012,11:01:15,12.89,47,1
2026-06-29,601012,11:01:18,12.89,283,1
2026-06-29,601012,11:01:21,12.90,61,2
2026-06-29,601012,11:01:24,12.89,387,1
2026-06-29,601012,11:01:27,12.90,130,2
2026-06-29,601012,11:01:30,12.90,179,2
2026-06-29,601012,11:01:33,12.90,86,2
2026-06-29,601012,11:01:36,12.89,12,1
2026-06-29,601012,11:01:39,12.90,82,2
2026-06-29,601012,11:01:42,12.89,8,1
2026-06-29,601012,11:01:45,12.90,27,2
2026-06-29,601012,11:01:48,12.89,65,1
2026-06-29,601012,11:01:51,12.88,1196,1
2026-06-29,601012,11:01:54,12.88,231,1
2026-06-29,601012,11:01:57,12.88,1208,1
2026-06-29,601012,11:02:00,12.87,13,1
2026-06-29,601012,11:02:03,12.87,64,1
2026-06-29,601012,11:02:06,12.87,171,1
2026-06-29,601012,11:02:09,12.87,41,1
2026-06-29,601012,11:02:12,12.87,268,1
2026-06-29,601012,11:02:15,12.87,109,1
2026-06-29,601012,11:02:18,12.87,39,2
2026-06-29,601012,11:02:21,12.86,158,1
2026-06-29,601012,11:02:24,12.86,38,1
2026-06-29,601012,11:02:27,12.87,75,2
2026-06-29,601012,11:02:30,12.86,193,1
2026-06-29,601012,11:02:33,12.86,83,1
2026-06-29,601012,11:02:36,12.86,35,1
2026-06-29,601012,11:02:39,12.86,134,1
2026-06-29,601012,11:02:42,12.86,70,1
2026-06-29,601012,11:02:45,12.86,5,1
2026-06-29,601012,11:02:48,12.86,43,1
2026-06-29,601012,11:02:51,12.86,167,1
2026-06-29,601012,11:02:54,12.86,128,1
2026-06-29,601012,11:02:57,12.85,1279,1
2026-06-29,601012,11:03:00,12.85,109,1
2026-06-29,601012,11:03:03,12.85,49,1
2026-06-29,601012,11:03:06,12.85,41,1
2026-06-29,601012,11:03:09,12.86,76,2
2026-06-29,601012,11:03:12,12.85,47,1
2026-06-29,601012,11:03:15,12.85,92,1
2026-06-29,601012,11:03:18,12.85,26,1
2026-06-29,601012,11:03:21,12.86,45,2
2026-06-29,601012,11:03:24,12.86,37,2
2026-06-29,601012,11:03:27,12.86,232,2
2026-06-29,601012,11:03:30,12.85,55,1
2026-06-29,601012,11:03:33,12.85,58,1
2026-06-29,601012,11:03:36,12.86,62,2
2026-06-29,601012,11:03:39,12.85,128,1
2026-06-29,601012,11:03:42,12.86,127,2
2026-06-29,601012,11:03:45,12.85,108,1
2026-06-29,601012,11:03:48,12.86,136,2
2026-06-29,601012,11:03:51,12.85,8,1
2026-06-29,601012,11:03:54,12.86,76,2
2026-06-29,601012,11:03:57,12.85,8,1
2026-06-29,601012,11:04:00,12.86,32,2
2026-06-29,601012,11:04:03,12.86,55,2
2026-06-29,601012,11:04:06,12.86,278,2
2026-06-29,601012,11:04:09,12.86,164,2
2026-06-29,601012,11:04:12,12.85,21,1
2026-06-29,601012,11:04:15,12.86,68,2
2026-06-29,601012,11:04:18,12.86,481,2
2026-06-29,601012,11:04:21,12.85,4,1
2026-06-29,601012,11:04:24,12.85,14,1
2026-06-29,601012,11:04:27,12.85,107,1
2026-06-29,601012,11:04:30,12.86,35,2
2026-06-29,601012,11:04:33,12.86,35,2
2026-06-29,601012,11:04:36,12.86,2,2
2026-06-29,601012,11:04:39,12.86,39,2
2026-06-29,601012,11:04:42,12.85,194,1
2026-06-29,601012,11:04:45,12.85,39,1
2026-06-29,601012,11:04:48,12.85,279,1
2026-06-29,601012,11:04:51,12.85,54,1
2026-06-29,601012,11:04:54,12.85,57,1
2026-06-29,601012,11:04:57,12.85,19,1
2026-06-29,601012,11:05:00,12.85,176,1
2026-06-29,601012,11:05:03,12.86,220,2
2026-06-29,601012,11:05:06,12.86,90,2
2026-06-29,601012,11:05:09,12.85,207,1
2026-06-29,601012,11:05:12,12.85,260,2
2026-06-29,601012,11:05:15,12.85,71,1
2026-06-29,601012,11:05:18,12.85,214,1
2026-06-29,601012,11:05:21,12.85,20,1
2026-06-29,601012,11:05:24,12.86,26,2
2026-06-29,601012,11:05:27,12.86,41,2
2026-06-29,601012,11:05:30,12.86,39,2
2026-06-29,601012,11:05:33,12.85,260,1
2026-06-29,601012,11:05:36,12.86,133,2
2026-06-29,601012,11:05:39,12.85,71,1
2026-06-29,601012,11:05:42,12.86,8,2
2026-06-29,601012,11:05:45,12.85,17,1
2026-06-29,601012,11:05:48,12.86,134,2
2026-06-29,601012,11:05:51,12.85,66,1
2026-06-29,601012,11:05:54,12.85,16,1
2026-06-29,601012,11:05:57,12.85,99,1
2026-06-29,601012,11:06:00,12.86,30,2
2026-06-29,601012,11:06:03,12.85,312,1
2026-06-29,601012,11:06:06,12.85,7,1
2026-06-29,601012,11:06:09,12.85,463,1
2026-06-29,601012,11:06:12,12.85,25,1
2026-06-29,601012,11:06:15,12.86,162,2
2026-06-29,601012,11:06:18,12.86,758,2
2026-06-29,601012,11:06:21,12.86,123,1
2026-06-29,601012,11:06:24,12.87,11,2
2026-06-29,601012,11:06:27,12.86,23,1
2026-06-29,601012,11:06:30,12.87,95,2
2026-06-29,601012,11:06:33,12.85,60,1
2026-06-29,601012,11:06:36,12.86,97,2
2026-06-29,601012,11:06:39,12.86,59,1
2026-06-29,601012,11:06:42,12.87,24,2
2026-06-29,601012,11:06:45,12.86,24,1
2026-06-29,601012,11:06:48,12.86,23,1
2026-06-29,601012,11:06:51,12.86,5,1
2026-06-29,601012,11:06:54,12.87,212,2
2026-06-29,601012,11:06:57,12.87,157,2
2026-06-29,601012,11:07:00,12.87,52,1
2026-06-29,601012,11:07:03,12.87,256,1
2026-06-29,601012,11:07:06,12.86,234,1
2026-06-29,601012,11:07:09,12.87,21,2
2026-06-29,601012,11:07:15,12.87,57,2
2026-06-29,601012,11:07:18,12.88,45,2
2026-06-29,601012,11:07:21,12.87,8,1
2026-06-29,601012,11:07:24,12.88,32,2
2026-06-29,601012,11:07:27,12.87,7,1
2026-06-29,601012,11:07:30,12.87,327,1
2026-06-29,601012,11:07:33,12.87,103,2
2026-06-29,601012,11:07:36,12.87,47,2
2026-06-29,601012,11:07:39,12.87,54,2
2026-06-29,601012,11:07:42,12.87,112,2
2026-06-29,601012,11:07:45,12.86,39,1
2026-06-29,601012,11:07:48,12.87,102,2
2026-06-29,601012,11:07:51,12.86,564,1
2026-06-29,601012,11:07:54,12.86,112,2
2026-06-29,601012,11:07:57,12.86,29,2
2026-06-29,601012,11:08:00,12.86,39,2
2026-06-29,601012,11:08:03,12.86,11,2
2026-06-29,601012,11:08:06,12.86,458,2
2026-06-29,601012,11:08:09,12.86,99,2
2026-06-29,601012,11:08:12,12.86,169,2
2026-06-29,601012,11:08:15,12.86,14,2
2026-06-29,601012,11:08:18,12.86,30,2
2026-06-29,601012,11:08:21,12.86,70,2
2026-06-29,601012,11:08:24,12.86,9,1
2026-06-29,601012,11:08:27,12.86,248,1
2026-06-29,601012,11:08:30,12.85,51,1
2026-06-29,601012,11:08:33,12.86,139,2
2026-06-29,601012,11:08:36,12.85,14,1
2026-06-29,601012,11:08:39,12.85,883,1
2026-06-29,601012,11:08:42,12.84,37,1
2026-06-29,601012,11:08:45,12.84,14,1
2026-06-29,601012,11:08:48,12.85,241,2
2026-06-29,601012,11:08:51,12.84,12,1
2026-06-29,601012,11:08:54,12.85,129,2
2026-06-29,601012,11:08:57,12.85,313,2
2026-06-29,601012,11:09:00,12.84,29,1
2026-06-29,601012,11:09:03,12.84,73,1
2026-06-29,601012,11:09:06,12.85,37,2
2026-06-29,601012,11:09:09,12.84,12,1
2026-06-29,601012,11:09:12,12.85,180,2
2026-06-29,601012,11:09:15,12.85,28,1
2026-06-29,601012,11:09:18,12.85,370,1
2026-06-29,601012,11:09:21,12.86,38,2
2026-06-29,601012,11:09:24,12.86,153,2
2026-06-29,601012,11:09:27,12.85,15,1
2026-06-29,601012,11:09:30,12.85,152,1
2026-06-29,601012,11:09:33,12.85,103,1
2026-06-29,601012,11:09:36,12.86,44,2
2026-06-29,601012,11:09:39,12.86,47,2
2026-06-29,601012,11:09:42,12.86,225,1
2026-06-29,601012,11:09:45,12.86,17,1
2026-06-29,601012,11:09:48,12.86,81,1
2026-06-29,601012,11:09:51,12.87,59,2
2026-06-29,601012,11:09:54,12.87,4,2
2026-06-29,601012,11:09:57,12.86,17,1
2026-06-29,601012,11:10:00,12.87,51,2
2026-06-29,601012,11:10:03,12.87,419,2
2026-06-29,601012,11:10:06,12.87,174,2
2026-06-29,601012,11:10:09,12.86,39,1
2026-06-29,601012,11:10:12,12.86,459,1
2026-06-29,601012,11:10:15,12.85,1349,1
2026-06-29,601012,11:10:18,12.85,93,2
2026-06-29,601012,11:10:21,12.85,33,2
2026-06-29,601012,11:10:24,12.84,934,1
2026-06-29,601012,11:10:27,12.84,32,2
2026-06-29,601012,11:10:30,12.84,254,2
2026-06-29,601012,11:10:33,12.84,426,2
2026-06-29,601012,11:10:36,12.84,87,2
2026-06-29,601012,11:10:39,12.85,75,2
2026-06-29,601012,11:10:42,12.84,16,1
2026-06-29,601012,11:10:45,12.84,326,1
2026-06-29,601012,11:10:48,12.84,54,2
2026-06-29,601012,11:10:51,12.84,55,2
2026-06-29,601012,11:10:54,12.84,27,2
2026-06-29,601012,11:10:57,12.84,23,2
2026-06-29,601012,11:11:00,12.83,82,1
2026-06-29,601012,11:11:03,12.83,35,1
2026-06-29,601012,11:11:06,12.83,87,1
2026-06-29,601012,11:11:09,12.83,163,1
2026-06-29,601012,11:11:12,12.83,188,1
2026-06-29,601012,11:11:15,12.83,104,1
2026-06-29,601012,11:11:18,12.83,135,1
2026-06-29,601012,11:11:21,12.83,34,1
2026-06-29,601012,11:11:24,12.84,40,2
2026-06-29,601012,11:11:27,12.84,13,2
2026-06-29,601012,11:11:30,12.83,258,1
2026-06-29,601012,11:11:33,12.83,123,1
2026-06-29,601012,11:11:36,12.83,87,1
2026-06-29,601012,11:11:39,12.83,1521,1
2026-06-29,601012,11:11:42,12.83,57,2
2026-06-29,601012,11:11:45,12.83,22,2
2026-06-29,601012,11:11:48,12.83,13,2
2026-06-29,601012,11:11:51,12.82,84,1
2026-06-29,601012,11:11:54,12.83,92,2
2026-06-29,601012,11:11:57,12.83,52,2
2026-06-29,601012,11:12:00,12.83,64,2
2026-06-29,601012,11:12:03,12.83,195,2
2026-06-29,601012,11:12:06,12.82,4507,1
2026-06-29,601012,11:12:09,12.81,73,1
2026-06-29,601012,11:12:12,12.82,3,2
2026-06-29,601012,11:12:15,12.81,33,1
2026-06-29,601012,11:12:18,12.81,21,1
2026-06-29,601012,11:12:21,12.81,120,1
2026-06-29,601012,11:12:24,12.81,217,1
2026-06-29,601012,11:12:27,12.81,47,1
2026-06-29,601012,11:12:30,12.81,50,2
2026-06-29,601012,11:12:33,12.81,106,2
2026-06-29,601012,11:12:36,12.81,60,1
2026-06-29,601012,11:12:39,12.80,65,1
2026-06-29,601012,11:12:42,12.81,132,2
2026-06-29,601012,11:12:45,12.80,78,1
2026-06-29,601012,11:12:48,12.80,413,1
2026-06-29,601012,11:12:51,12.81,25,2
2026-06-29,601012,11:12:54,12.81,50,2
2026-06-29,601012,11:12:57,12.80,80,1
2026-06-29,601012,11:13:00,12.80,5,1
2026-06-29,601012,11:13:03,12.81,301,2
2026-06-29,601012,11:13:06,12.80,37,1
2026-06-29,601012,11:13:09,12.81,42,2
2026-06-29,601012,11:13:12,12.81,96,2
2026-06-29,601012,11:13:15,12.82,110,2
2026-06-29,601012,11:13:18,12.82,7,2
2026-06-29,601012,11:13:21,12.81,191,1
2026-06-29,601012,11:13:24,12.82,10,2
2026-06-29,601012,11:13:27,12.82,107,1
2026-06-29,601012,11:13:30,12.83,11,2
2026-06-29,601012,11:13:33,12.82,7,1
2026-06-29,601012,11:13:36,12.82,5,1
2026-06-29,601012,11:13:39,12.82,25,1
2026-06-29,601012,11:13:42,12.82,42,1
2026-06-29,601012,11:13:45,12.83,6,2
2026-06-29,601012,11:13:48,12.82,15,1
2026-06-29,601012,11:13:51,12.82,13,1
2026-06-29,601012,11:13:54,12.83,143,2
2026-06-29,601012,11:14:00,12.83,20,1
2026-06-29,601012,11:14:03,12.84,34,2
2026-06-29,601012,11:14:06,12.84,16,2
2026-06-29,601012,11:14:09,12.84,66,2
2026-06-29,601012,11:14:12,12.84,48,2
2026-06-29,601012,11:14:15,12.84,1,2
2026-06-29,601012,11:14:18,12.84,107,2
2026-06-29,601012,11:14:21,12.85,80,2
2026-06-29,601012,11:14:24,12.85,19,2
2026-06-29,601012,11:14:27,12.85,66,2
2026-06-29,601012,11:14:30,12.84,95,1
2026-06-29,601012,11:14:33,12.85,42,2
2026-06-29,601012,11:14:36,12.85,16,2
2026-06-29,601012,11:14:39,12.85,43,2
2026-06-29,601012,11:14:42,12.84,10,1
2026-06-29,601012,11:14:45,12.84,115,1
2026-06-29,601012,11:14:48,12.84,1,1
2026-06-29,601012,11:14:51,12.84,52,1
2026-06-29,601012,11:14:54,12.84,38,1
2026-06-29,601012,11:14:57,12.84,174,1
2026-06-29,601012,11:15:00,12.85,4,2
2026-06-29,601012,11:15:03,12.84,188,1
2026-06-29,601012,11:15:06,12.84,89,2
2026-06-29,601012,11:15:09,12.84,369,2
2026-06-29,601012,11:15:12,12.83,124,1
2026-06-29,601012,11:15:15,12.84,95,2
2026-06-29,601012,11:15:18,12.84,14,1
2026-06-29,601012,11:15:21,12.84,22,1
2026-06-29,601012,11:15:24,12.85,585,2
2026-06-29,601012,11:15:27,12.83,318,1
2026-06-29,601012,11:15:30,12.83,39,1
2026-06-29,601012,11:15:33,12.85,210,2
2026-06-29,601012,11:15:36,12.85,116,2
2026-06-29,601012,11:15:39,12.85,76,1
2026-06-29,601012,11:15:42,12.86,129,2
2026-06-29,601012,11:15:45,12.85,25,1
2026-06-29,601012,11:15:48,12.86,24,2
2026-06-29,601012,11:15:51,12.85,63,1
2026-06-29,601012,11:15:54,12.85,54,1
2026-06-29,601012,11:15:57,12.86,169,2
2026-06-29,601012,11:16:00,12.86,89,2
2026-06-29,601012,11:16:03,12.85,63,1
2026-06-29,601012,11:16:06,12.83,3603,1
2026-06-29,601012,11:16:09,12.84,10,2
2026-06-29,601012,11:16:12,12.83,8,1
2026-06-29,601012,11:16:15,12.83,11,1
2026-06-29,601012,11:16:18,12.83,60,1
2026-06-29,601012,11:16:21,12.83,60,1
2026-06-29,601012,11:16:24,12.84,87,2
2026-06-29,601012,11:16:27,12.84,33,2
2026-06-29,601012,11:16:30,12.83,43,1
2026-06-29,601012,11:16:33,12.84,12,2
2026-06-29,601012,11:16:36,12.84,8,2
2026-06-29,601012,11:16:39,12.83,13,1
2026-06-29,601012,11:16:42,12.83,51,1
2026-06-29,601012,11:16:45,12.84,37,2
2026-06-29,601012,11:16:48,12.84,37,2
2026-06-29,601012,11:16:51,12.84,13,2
2026-06-29,601012,11:16:54,12.84,56,2
2026-06-29,601012,11:16:57,12.84,46,2
2026-06-29,601012,11:17:00,12.84,162,2
2026-06-29,601012,11:17:03,12.83,33,1
2026-06-29,601012,11:17:06,12.84,137,2
2026-06-29,601012,11:17:09,12.84,100,2
2026-06-29,601012,11:17:12,12.84,81,2
2026-06-29,601012,11:17:15,12.84,46,2
2026-06-29,601012,11:17:18,12.84,92,2
2026-06-29,601012,11:17:21,12.84,19,2
2026-06-29,601012,11:17:24,12.84,45,2
2026-06-29,601012,11:17:27,12.83,25,1
2026-06-29,601012,11:17:30,12.84,13,2
2026-06-29,601012,11:17:33,12.84,193,2
2026-06-29,601012,11:17:36,12.83,2,1
2026-06-29,601012,11:17:39,12.84,295,2
2026-06-29,601012,11:17:42,12.83,59,1
2026-06-29,601012,11:17:48,12.84,19,2
2026-06-29,601012,11:17:51,12.83,20,1
2026-06-29,601012,11:17:54,12.83,8,1
2026-06-29,601012,11:17:57,12.83,20,1
2026-06-29,601012,11:18:00,12.84,30,2
2026-06-29,601012,11:18:03,12.83,3,1
2026-06-29,601012,11:18:06,12.84,84,2
2026-06-29,601012,11:18:09,12.84,284,2
2026-06-29,601012,11:18:12,12.83,108,1
2026-06-29,601012,11:18:15,12.83,78,1
2026-06-29,601012,11:18:18,12.83,1184,1
2026-06-29,601012,11:18:21,12.83,738,2
2026-06-29,601012,11:18:24,12.83,300,2
2026-06-29,601012,11:18:27,12.82,86,1
2026-06-29,601012,11:18:30,12.82,61,1
2026-06-29,601012,11:18:33,12.82,51,1
2026-06-29,601012,11:18:36,12.82,56,2
2026-06-29,601012,11:18:42,12.82,19,2
2026-06-29,601012,11:18:45,12.81,12,1
2026-06-29,601012,11:18:48,12.81,51,1
2026-06-29,601012,11:18:51,12.82,3,2
2026-06-29,601012,11:18:54,12.81,65,1
2026-06-29,601012,11:18:57,12.81,48,1
2026-06-29,601012,11:19:00,12.81,81,1
2026-06-29,601012,11:19:03,12.81,19,1
2026-06-29,601012,11:19:06,12.81,12,1
2026-06-29,601012,11:19:09,12.81,62,1
2026-06-29,601012,11:19:12,12.81,11,1
2026-06-29,601012,11:19:15,12.82,10,2
2026-06-29,601012,11:19:18,12.81,103,1
2026-06-29,601012,11:19:21,12.82,128,2
2026-06-29,601012,11:19:24,12.82,12,2
2026-06-29,601012,11:19:27,12.82,60,2
2026-06-29,601012,11:19:30,12.82,67,2
2026-06-29,601012,11:19:33,12.82,244,2
2026-06-29,601012,11:19:36,12.81,21,1
2026-06-29,601012,11:19:39,12.81,17,1
2026-06-29,601012,11:19:42,12.82,21,2
2026-06-29,601012,11:19:45,12.81,15,1
2026-06-29,601012,11:19:48,12.81,50,1
2026-06-29,601012,11:19:51,12.82,5,2
2026-06-29,601012,11:19:54,12.82,13,2
2026-06-29,601012,11:19:57,12.81,8,1
2026-06-29,601012,11:20:00,12.82,9,2
2026-06-29,601012,11:20:03,12.81,115,1
2026-06-29,601012,11:20:09,12.82,40,2
2026-06-29,601012,11:20:12,12.81,75,1
2026-06-29,601012,11:20:15,12.82,206,2
2026-06-29,601012,11:20:18,12.82,202,2
2026-06-29,601012,11:20:21,12.82,37,2
2026-06-29,601012,11:20:24,12.82,26,2
2026-06-29,601012,11:20:27,12.81,233,1
2026-06-29,601012,11:20:30,12.82,36,2
2026-06-29,601012,11:20:33,12.82,42,2
2026-06-29,601012,11:20:36,12.81,144,1
2026-06-29,601012,11:20:39,12.82,56,2
2026-06-29,601012,11:20:42,12.82,16,2
2026-06-29,601012,11:20:45,12.81,19,1
2026-06-29,601012,11:20:48,12.81,25,1
2026-06-29,601012,11:20:51,12.82,42,2
2026-06-29,601012,11:20:54,12.81,37,1
2026-06-29,601012,11:21:00,12.81,20,1
2026-06-29,601012,11:21:03,12.81,96,1
2026-06-29,601012,11:21:06,12.82,32,2
2026-06-29,601012,11:21:12,12.81,89,1
2026-06-29,601012,11:21:15,12.81,241,1
2026-06-29,601012,11:21:18,12.81,104,1
2026-06-29,601012,11:21:21,12.82,63,2
2026-06-29,601012,11:21:24,12.81,93,1
2026-06-29,601012,11:21:30,12.81,641,1
2026-06-29,601012,11:21:33,12.81,51,2
2026-06-29,601012,11:21:36,12.80,31,1
2026-06-29,601012,11:21:39,12.81,109,2
2026-06-29,601012,11:21:42,12.80,24,1
2026-06-29,601012,11:21:45,12.81,1,2
2026-06-29,601012,11:21:48,12.80,37,1
2026-06-29,601012,11:21:51,12.80,113,1
2026-06-29,601012,11:21:54,12.80,64,1
2026-06-29,601012,11:21:57,12.80,185,1
2026-06-29,601012,11:22:00,12.81,262,2
2026-06-29,601012,11:22:03,12.80,65,1
2026-06-29,601012,11:22:06,12.81,27,2
2026-06-29,601012,11:22:09,12.81,80,2
2026-06-29,601012,11:22:12,12.80,453,1
2026-06-29,601012,11:22:15,12.80,23,1
2026-06-29,601012,11:22:18,12.80,144,1
2026-06-29,601012,11:22:21,12.81,25,2
2026-06-29,601012,11:22:24,12.80,63,1
2026-06-29,601012,11:22:27,12.80,17,1
2026-06-29,601012,11:22:30,12.81,1,2
2026-06-29,601012,11:22:33,12.80,48,1
2026-06-29,601012,11:22:36,12.81,366,2
2026-06-29,601012,11:22:39,12.81,110,1
2026-06-29,601012,11:22:42,12.81,50,2
2026-06-29,601012,11:22:48,12.81,51,2
2026-06-29,601012,11:22:51,12.80,56,1
2026-06-29,601012,11:22:54,12.81,89,2
2026-06-29,601012,11:22:57,12.81,321,1
2026-06-29,601012,11:23:00,12.81,64,2
2026-06-29,601012,11:23:03,12.81,141,2
2026-06-29,601012,11:23:06,12.81,308,2
2026-06-29,601012,11:23:09,12.81,10,2
2026-06-29,601012,11:23:12,12.80,45,1
2026-06-29,601012,11:23:15,12.81,589,2
2026-06-29,601012,11:23:18,12.81,5,1
2026-06-29,601012,11:23:21,12.81,9,1
2026-06-29,601012,11:23:24,12.81,11,1
2026-06-29,601012,11:23:27,12.81,578,1
2026-06-29,601012,11:23:30,12.80,321,1
2026-06-29,601012,11:23:33,12.81,127,2
2026-06-29,601012,11:23:36,12.81,10,2
2026-06-29,601012,11:23:39,12.81,92,2
2026-06-29,601012,11:23:45,12.81,7,2
2026-06-29,601012,11:23:48,12.81,8,2
2026-06-29,601012,11:23:51,12.81,4,2
2026-06-29,601012,11:23:54,12.81,34,2
2026-06-29,601012,11:23:57,12.81,926,2
2026-06-29,601012,11:24:00,12.80,651,1
2026-06-29,601012,11:24:03,12.80,110,1
2026-06-29,601012,11:24:06,12.80,226,1
2026-06-29,601012,11:24:09,12.81,21,2
2026-06-29,601012,11:24:12,12.81,6,2
2026-06-29,601012,11:24:15,12.80,235,1
2026-06-29,601012,11:24:18,12.80,3,1
2026-06-29,601012,11:24:21,12.81,7,2
2026-06-29,601012,11:24:24,12.80,43,1
2026-06-29,601012,11:24:27,12.81,47,2
2026-06-29,601012,11:24:30,12.81,17,2
2026-06-29,601012,11:24:33,12.81,44,2
2026-06-29,601012,11:24:36,12.81,24,2
2026-06-29,601012,11:24:39,12.80,30,1
2026-06-29,601012,11:24:42,12.81,457,2
2026-06-29,601012,11:24:45,12.80,154,1
2026-06-29,601012,11:24:48,12.80,361,1
2026-06-29,601012,11:24:51,12.81,12,2
2026-06-29,601012,11:24:54,12.80,2,1
2026-06-29,601012,11:24:57,12.80,44,1
2026-06-29,601012,11:25:00,12.81,16,2
2026-06-29,601012,11:25:03,12.81,50,2
2026-06-29,601012,11:25:06,12.80,11,1
2026-06-29,601012,11:25:09,12.81,32,2
2026-06-29,601012,11:25:12,12.81,29,2
2026-06-29,601012,11:25:15,12.81,133,2
2026-06-29,601012,11:25:18,12.80,13,1
2026-06-29,601012,11:25:21,12.81,234,2
2026-06-29,601012,11:25:24,12.81,439,2
2026-06-29,601012,11:25:27,12.80,25,1
2026-06-29,601012,11:25:30,12.80,242,1
2026-06-29,601012,11:25:33,12.81,50,2
2026-06-29,601012,11:25:36,12.81,81,2
2026-06-29,601012,11:25:39,12.80,41,1
2026-06-29,601012,11:25:42,12.81,103,2
2026-06-29,601012,11:25:45,12.81,9,2
2026-06-29,601012,11:25:48,12.81,55,2
2026-06-29,601012,11:25:51,12.80,97,1
2026-06-29,601012,11:25:54,12.80,124,1
2026-06-29,601012,11:25:57,12.81,50,2
2026-06-29,601012,11:26:00,12.81,14,2
2026-06-29,601012,11:26:03,12.80,15,1
2026-06-29,601012,11:26:06,12.81,127,2
2026-06-29,601012,11:26:09,12.81,53,2
2026-06-29,601012,11:26:12,12.80,147,1
2026-06-29,601012,11:26:15,12.80,2,1
2026-06-29,601012,11:26:18,12.81,10,2
2026-06-29,601012,11:26:21,12.81,24,2
2026-06-29,601012,11:26:24,12.80,14,1
2026-06-29,601012,11:26:30,12.80,12,1
2026-06-29,601012,11:26:33,12.81,5,2
2026-06-29,601012,11:26:39,12.81,6,2
2026-06-29,601012,11:26:42,12.81,448,2
2026-06-29,601012,11:26:45,12.81,15,2
2026-06-29,601012,11:26:48,12.80,20,1
2026-06-29,601012,11:26:51,12.80,160,1
2026-06-29,601012,11:26:54,12.80,7,1
2026-06-29,601012,11:26:57,12.81,139,2
2026-06-29,601012,11:27:00,12.80,1753,1
2026-06-29,601012,11:27:03,12.80,67,2
2026-06-29,601012,11:27:06,12.79,137,1
2026-06-29,601012,11:27:09,12.80,1814,2
2026-06-29,601012,11:27:12,12.79,95,1
2026-06-29,601012,11:27:15,12.79,4,2
2026-06-29,601012,11:27:18,12.79,52,2
2026-06-29,601012,11:27:21,12.79,1564,2
2026-06-29,601012,11:27:24,12.78,81,1
2026-06-29,601012,11:27:27,12.78,106,1
2026-06-29,601012,11:27:30,12.79,22,2
2026-06-29,601012,11:27:33,12.78,33,1
2026-06-29,601012,11:27:36,12.78,86,1
2026-06-29,601012,11:27:39,12.78,21,1
2026-06-29,601012,11:27:42,12.78,161,1
2026-06-29,601012,11:27:45,12.78,123,1
2026-06-29,601012,11:27:48,12.78,77,1
2026-06-29,601012,11:27:51,12.79,141,2
2026-06-29,601012,11:27:54,12.78,360,1
2026-06-29,601012,11:27:57,12.78,37,1
2026-06-29,601012,11:28:00,12.78,30,1
2026-06-29,601012,11:28:03,12.78,162,1
2026-06-29,601012,11:28:06,12.78,206,1
2026-06-29,601012,11:28:09,12.78,53,1
2026-06-29,601012,11:28:12,12.79,174,2
2026-06-29,601012,11:28:15,12.78,40,1
2026-06-29,601012,11:28:18,12.78,143,1
2026-06-29,601012,11:28:21,12.78,1379,2
2026-06-29,601012,11:28:24,12.78,18,1
2026-06-29,601012,11:28:27,12.78,106,1
2026-06-29,601012,11:28:30,12.78,28,1
2026-06-29,601012,11:28:33,12.78,1342,1
2026-06-29,601012,11:28:36,12.79,45,2
2026-06-29,601012,11:28:39,12.79,22,1
2026-06-29,601012,11:28:42,12.79,13,1
2026-06-29,601012,11:28:45,12.80,234,2
2026-06-29,601012,11:28:48,12.80,258,2
2026-06-29,601012,11:28:51,12.79,46,1
2026-06-29,601012,11:28:54,12.79,28,1
2026-06-29,601012,11:28:57,12.79,45,1
2026-06-29,601012,11:29:00,12.80,95,2
2026-06-29,601012,11:29:03,12.80,48,2
2026-06-29,601012,11:29:06,12.79,64,1
2026-06-29,601012,11:29:09,12.79,31,1
2026-06-29,601012,11:29:12,12.79,178,2
2026-06-29,601012,11:29:15,12.79,45,2
2026-06-29,601012,11:29:18,12.78,181,1
2026-06-29,601012,11:29:21,12.78,56,1
2026-06-29,601012,11:29:24,12.79,122,2
2026-06-29,601012,11:29:27,12.78,44,1
2026-06-29,601012,11:29:30,12.78,82,1
2026-06-29,601012,11:29:33,12.79,411,2
2026-06-29,601012,11:29:36,12.78,200,1
2026-06-29,601012,11:29:39,12.78,85,1
2026-06-29,601012,11:29:42,12.79,21,2
2026-06-29,601012,11:29:45,12.78,47,1
2026-06-29,601012,11:29:48,12.78,92,1
2026-06-29,601012,11:29:51,12.78,17,1
2026-06-29,601012,11:29:54,12.78,58,1
2026-06-29,601012,11:29:57,12.79,99,2
2026-06-29,601012,11:30:00,12.78,11,1
2026-06-29,601012,13:00:03,12.80,683,2
2026-06-29,601012,13:00:06,12.78,1191,1
2026-06-29,601012,13:00:09,12.78,1672,2
2026-06-29,601012,13:00:12,12.78,808,2
2026-06-29,601012,13:00:15,12.78,281,2
2026-06-29,601012,13:00:18,12.77,927,1
2026-06-29,601012,13:00:21,12.76,1577,1
2026-06-29,601012,13:00:24,12.76,1035,2
2026-06-29,601012,13:00:27,12.75,1635,1
2026-06-29,601012,13:00:30,12.74,126,1
2026-06-29,601012,13:00:33,12.74,120,1
2026-06-29,601012,13:00:36,12.74,601,1
2026-06-29,601012,13:00:39,12.74,17,2
2026-06-29,601012,13:00:42,12.74,627,2
2026-06-29,601012,13:00:45,12.74,54,1
2026-06-29,601012,13:00:48,12.74,48,1
2026-06-29,601012,13:00:51,12.75,53,2
2026-06-29,601012,13:00:54,12.75,28,2
2026-06-29,601012,13:00:57,12.75,17,2
2026-06-29,601012,13:01:00,12.74,485,1
2026-06-29,601012,13:01:03,12.74,16,1
2026-06-29,601012,13:01:06,12.73,734,1
2026-06-29,601012,13:01:09,12.73,211,1
2026-06-29,601012,13:01:12,12.74,15,2
2026-06-29,601012,13:01:15,12.73,70,1
2026-06-29,601012,13:01:18,12.73,1094,1
2026-06-29,601012,13:01:21,12.73,257,1
2026-06-29,601012,13:01:24,12.73,1645,2
2026-06-29,601012,13:01:27,12.73,55,1
2026-06-29,601012,13:01:30,12.74,43,2
2026-06-29,601012,13:01:33,12.74,492,2
2026-06-29,601012,13:01:36,12.74,7,1
2026-06-29,601012,13:01:39,12.74,31,1
2026-06-29,601012,13:01:42,12.74,14,1
2026-06-29,601012,13:01:45,12.74,24,1
2026-06-29,601012,13:01:48,12.74,162,1
2026-06-29,601012,13:01:51,12.74,55,1
2026-06-29,601012,13:01:54,12.74,340,1
2026-06-29,601012,13:01:57,12.73,90,1
2026-06-29,601012,13:02:00,12.73,131,1
2026-06-29,601012,13:02:03,12.74,252,2
2026-06-29,601012,13:02:06,12.73,1211,1
2026-06-29,601012,13:02:09,12.73,243,2
2026-06-29,601012,13:02:12,12.72,4764,1
2026-06-29,601012,13:02:15,12.70,4497,1
2026-06-29,601012,13:02:18,12.72,411,2
2026-06-29,601012,13:02:21,12.71,47,1
2026-06-29,601012,13:02:24,12.71,79,2
2026-06-29,601012,13:02:27,12.71,37,2
2026-06-29,601012,13:02:30,12.70,195,1
2026-06-29,601012,13:02:33,12.71,86,2
2026-06-29,601012,13:02:36,12.70,4893,1
2026-06-29,601012,13:02:39,12.70,133,2
2026-06-29,601012,13:02:42,12.69,565,1
2026-06-29,601012,13:02:45,12.70,186,2
2026-06-29,601012,13:02:48,12.71,91,2
2026-06-29,601012,13:02:51,12.71,140,2
2026-06-29,601012,13:02:54,12.71,294,2
2026-06-29,601012,13:02:57,12.69,96,1
2026-06-29,601012,13:03:00,12.71,187,2
2026-06-29,601012,13:03:03,12.70,339,1
2026-06-29,601012,13:03:06,12.72,518,2
2026-06-29,601012,13:03:09,12.71,153,1
2026-06-29,601012,13:03:12,12.72,181,1
2026-06-29,601012,13:03:15,12.73,478,2
2026-06-29,601012,13:03:18,12.73,78,2
2026-06-29,601012,13:03:21,12.72,50,1
2026-06-29,601012,13:03:24,12.73,80,2
2026-06-29,601012,13:03:27,12.73,35,2
2026-06-29,601012,13:03:30,12.72,206,1
2026-06-29,601012,13:03:33,12.73,25,2
2026-06-29,601012,13:03:36,12.72,226,1
2026-06-29,601012,13:03:39,12.73,27,2
2026-06-29,601012,13:03:42,12.72,78,1
2026-06-29,601012,13:03:45,12.73,369,2
2026-06-29,601012,13:03:48,12.73,36,2
2026-06-29,601012,13:03:51,12.73,113,2
2026-06-29,601012,13:03:54,12.72,59,1
2026-06-29,601012,13:03:57,12.73,144,2
2026-06-29,601012,13:04:00,12.73,53,2
2026-06-29,601012,13:04:03,12.73,104,2
2026-06-29,601012,13:04:06,12.73,211,2
2026-06-29,601012,13:04:09,12.72,150,1
2026-06-29,601012,13:04:12,12.71,1044,1
2026-06-29,601012,13:04:15,12.71,72,1
2026-06-29,601012,13:04:18,12.72,131,2
2026-06-29,601012,13:04:21,12.71,290,1
2026-06-29,601012,13:04:24,12.71,165,1
2026-06-29,601012,13:04:27,12.72,264,2
2026-06-29,601012,13:04:30,12.72,219,2
2026-06-29,601012,13:04:33,12.71,49,1
2026-06-29,601012,13:04:36,12.72,39,2
2026-06-29,601012,13:04:39,12.72,55,2
2026-06-29,601012,13:04:42,12.72,54,2
2026-06-29,601012,13:04:45,12.71,37,1
2026-06-29,601012,13:04:48,12.72,52,2
2026-06-29,601012,13:04:51,12.72,74,2
2026-06-29,601012,13:04:54,12.72,291,2
2026-06-29,601012,13:04:57,12.72,58,2
2026-06-29,601012,13:05:00,12.72,84,2
2026-06-29,601012,13:05:03,12.72,184,2
2026-06-29,601012,13:05:06,12.71,146,1
2026-06-29,601012,13:05:09,12.72,28,2
2026-06-29,601012,13:05:12,12.72,85,2
2026-06-29,601012,13:05:15,12.72,99,2
2026-06-29,601012,13:05:18,12.71,1148,1
2026-06-29,601012,13:05:21,12.72,643,2
2026-06-29,601012,13:05:24,12.71,999,1
2026-06-29,601012,13:05:27,12.71,125,2
2026-06-29,601012,13:05:30,12.70,85,1
2026-06-29,601012,13:05:33,12.71,407,2
2026-06-29,601012,13:05:36,12.71,1,1
2026-06-29,601012,13:05:39,12.71,93,1
2026-06-29,601012,13:05:42,12.71,245,1
2026-06-29,601012,13:05:45,12.71,7,2
2026-06-29,601012,13:05:48,12.71,42,2
2026-06-29,601012,13:05:51,12.70,33,1
2026-06-29,601012,13:05:54,12.71,53,2
2026-06-29,601012,13:05:57,12.70,490,1
2026-06-29,601012,13:06:00,12.70,2872,1
2026-06-29,601012,13:06:03,12.70,263,1
2026-06-29,601012,13:06:06,12.69,1193,1
2026-06-29,601012,13:06:09,12.68,46,1
2026-06-29,601012,13:06:12,12.68,44,1
2026-06-29,601012,13:06:15,12.68,65,1
2026-06-29,601012,13:06:18,12.69,11,2
2026-06-29,601012,13:06:21,12.68,433,1
2026-06-29,601012,13:06:24,12.68,224,1
2026-06-29,601012,13:06:27,12.68,122,1
2026-06-29,601012,13:06:30,12.68,115,1
2026-06-29,601012,13:06:33,12.68,89,1
2026-06-29,601012,13:06:36,12.69,91,2
2026-06-29,601012,13:06:39,12.68,104,1
2026-06-29,601012,13:06:42,12.68,280,1
2026-06-29,601012,13:06:45,12.68,94,1
2026-06-29,601012,13:06:48,12.68,134,1
2026-06-29,601012,13:06:51,12.68,161,1
2026-06-29,601012,13:06:54,12.68,76,1
2026-06-29,601012,13:06:57,12.68,28,1
2026-06-29,601012,13:07:00,12.69,181,2
2026-06-29,601012,13:07:03,12.69,419,2
2026-06-29,601012,13:07:06,12.69,875,2
2026-06-29,601012,13:07:09,12.68,502,1
2026-06-29,601012,13:07:12,12.68,118,2
2026-06-29,601012,13:07:15,12.68,80,2
2026-06-29,601012,13:07:18,12.68,356,2
2026-06-29,601012,13:07:21,12.68,119,2
2026-06-29,601012,13:07:24,12.68,201,1
2026-06-29,601012,13:07:27,12.68,101,1
2026-06-29,601012,13:07:30,12.68,131,1
2026-06-29,601012,13:07:33,12.68,79,1
2026-06-29,601012,13:07:36,12.68,47,1
2026-06-29,601012,13:07:39,12.68,147,1
2026-06-29,601012,13:07:42,12.68,295,1
2026-06-29,601012,13:07:45,12.68,91,1
2026-06-29,601012,13:07:48,12.68,508,1
2026-06-29,601012,13:07:51,12.69,67,2
2026-06-29,601012,13:07:54,12.69,279,2
2026-06-29,601012,13:07:57,12.69,118,2
2026-06-29,601012,13:08:00,12.69,43,2
2026-06-29,601012,13:08:03,12.69,103,2
2026-06-29,601012,13:08:06,12.69,55,2
2026-06-29,601012,13:08:09,12.69,263,2
2026-06-29,601012,13:08:12,12.69,177,2
2026-06-29,601012,13:08:15,12.69,91,2
2026-06-29,601012,13:08:18,12.68,266,1
2026-06-29,601012,13:08:21,12.69,230,2
2026-06-29,601012,13:08:24,12.69,83,2
2026-06-29,601012,13:08:27,12.69,110,2
2026-06-29,601012,13:08:30,12.69,255,2
2026-06-29,601012,13:08:33,12.69,56,2
2026-06-29,601012,13:08:36,12.69,61,2
2026-06-29,601012,13:08:39,12.69,43,2
2026-06-29,601012,13:08:42,12.69,1048,2
2026-06-29,601012,13:08:45,12.69,65,2
2026-06-29,601012,13:08:48,12.69,79,2
2026-06-29,601012,13:08:51,12.69,172,2
2026-06-29,601012,13:08:54,12.69,178,2
2026-06-29,601012,13:08:57,12.69,127,2
2026-06-29,601012,13:09:00,12.69,136,2
2026-06-29,601012,13:09:03,12.69,251,2
2026-06-29,601012,13:09:06,12.69,184,2
2026-06-29,601012,13:09:09,12.70,75,2
2026-06-29,601012,13:09:12,12.69,33,1
2026-06-29,601012,13:09:15,12.70,1053,2
2026-06-29,601012,13:09:18,12.69,23,1
2026-06-29,601012,13:09:21,12.70,41,2
