date,code,time,price,volume,bs
2026-06-29,600519,09:30:02,1170.00,32,2
2026-06-29,600519,09:30:05,1169.00,58,1
2026-06-29,600519,09:30:08,1169.00,93,1
2026-06-29,600519,09:30:11,1169.00,28,2
2026-06-29,600519,09:30:14,1169.00,49,2
2026-06-29,600519,09:30:17,1168.78,42,1
2026-06-29,600519,09:30:20,1168.70,47,1
2026-06-29,600519,09:30:23,1168.63,35,1
2026-06-29,600519,09:30:26,1168.63,32,2
2026-06-29,600519,09:30:29,1167.00,60,1
2026-06-29,600519,09:30:32,1167.00,25,1
2026-06-29,600519,09:30:35,1167.00,49,2
2026-06-29,600519,09:30:38,1166.00,33,1
2026-06-29,600519,09:30:41,1166.00,17,1
2026-06-29,600519,09:30:44,1165.19,33,1
2026-06-29,600519,09:30:47,1164.00,64,1
2026-06-29,600519,09:30:50,1164.00,31,1
2026-06-29,600519,09:30:53,1161.99,42,1
2026-06-29,600519,09:30:56,1161.60,31,1
2026-06-29,600519,09:30:59,1161.60,49,2
2026-06-29,600519,09:31:02,1160.50,25,1
2026-06-29,600519,09:31:05,1160.00,58,1
2026-06-29,600519,09:31:08,1158.98,91,1
2026-06-29,600519,09:31:11,1158.28,17,1
2026-06-29,600519,09:31:14,1157.40,57,1
2026-06-29,600519,09:31:17,1157.00,30,1
2026-06-29,600519,09:31:20,1156.24,45,1
2026-06-29,600519,09:31:23,1155.00,86,1
2026-06-29,600519,09:31:26,1155.01,40,2
2026-06-29,600519,09:31:29,1155.00,29,1
2026-06-29,600519,09:31:32,1155.00,27,1
2026-06-29,600519,09:31:35,1154.00,49,1
2026-06-29,600519,09:31:38,1154.00,63,2
2026-06-29,600519,09:31:41,1154.02,92,2
2026-06-29,600519,09:31:44,1155.01,94,2
2026-06-29,600519,09:31:47,1155.80,37,2
2026-06-29,600519,09:31:50,1156.66,39,2
2026-06-29,600519,09:31:53,1155.01,30,1
2026-06-29,600519,09:31:56,1156.66,19,2
2026-06-29,600519,09:31:59,1157.00,23,2
2026-06-29,600519,09:32:02,1155.36,26,1
2026-06-29,600519,09:32:05,1155.36,22,1
2026-06-29,600519,09:32:08,1155.35,73,1
2026-06-29,600519,09:32:11,1155.34,44,1
2026-06-29,600519,09:32:14,1155.01,64,1
2026-06-29,600519,09:32:17,1155.00,29,1
2026-06-29,600519,09:32:20,1154.29,19,1
2026-06-29,600519,09:32:23,1154.20,34,1
2026-06-29,600519,09:32:26,1154.13,24,1
2026-06-29,600519,09:32:29,1154.10,8,1
2026-06-29,600519,09:32:32,1154.10,46,2
2026-06-29,600519,09:32:35,1154.09,78,1
2026-06-29,600519,09:32:38,1154.09,60,1
2026-06-29,600519,09:32:41,1154.08,102,1
2026-06-29,600519,09:32:44,1154.11,137,2
2026-06-29,600519,09:32:47,1154.70,31,2
2026-06-29,600519,09:32:50,1155.35,66,2
2026-06-29,600519,09:32:53,1155.35,32,2
2026-06-29,600519,09:32:56,1156.00,20,2
2026-06-29,600519,09:32:59,1155.37,13,1
2026-06-29,600519,09:33:02,1157.59,19,2
2026-06-29,600519,09:33:05,1155.56,30,2
2026-06-29,600519,09:33:08,1157.57,49,2
2026-06-29,600519,09:33:11,1157.00,25,1
2026-06-29,600519,09:33:14,1155.36,54,1
2026-06-29,600519,09:33:17,1155.59,20,2
2026-06-29,600519,09:33:20,1155.38,36,1
2026-06-29,600519,09:33:23,1155.36,13,1
2026-06-29,600519,09:33:26,1155.00,63,1
2026-06-29,600519,09:33:29,1154.90,21,1
2026-06-29,600519,09:33:32,1154.86,29,1
2026-06-29,600519,09:33:35,1154.89,24,2
2026-06-29,600519,09:33:38,1154.86,15,2
2026-06-29,600519,09:33:41,1154.60,18,1
2026-06-29,600519,09:33:44,1154.20,18,1
2026-06-29,600519,09:33:47,1154.85,27,2
2026-06-29,600519,09:33:50,1154.73,21,1
2026-06-29,600519,09:33:53,1154.60,21,1
2026-06-29,600519,09:33:56,1154.73,16,2
2026-06-29,600519,09:33:59,1154.95,10,2
2026-06-29,600519,09:34:02,1155.00,52,2
2026-06-29,600519,09:34:05,1155.34,172,2
2026-06-29,600519,09:34:08,1155.33,21,1
2026-06-29,600519,09:34:11,1154.96,43,1
2026-06-29,600519,09:34:14,1154.95,25,1
2026-06-29,600519,09:34:17,1154.93,22,1
2026-06-29,600519,09:34:20,1154.68,38,1
2026-06-29,600519,09:34:23,1154.60,14,1
2026-06-29,600519,09:34:26,1154.60,52,1
2026-06-29,600519,09:34:29,1154.34,14,1
2026-06-29,600519,09:34:32,1154.26,17,1
2026-06-29,600519,09:34:35,1154.02,42,1
2026-06-29,600519,09:34:38,1153.97,76,1
2026-06-29,600519,09:34:41,1153.89,42,1
2026-06-29,600519,09:34:44,1153.77,32,1
2026-06-29,600519,09:34:47,1153.56,68,1
2026-06-29,600519,09:34:50,1153.31,39,1
2026-06-29,600519,09:34:53,1153.01,31,1
2026-06-29,600519,09:34:56,1153.10,23,2
2026-06-29,600519,09:34:59,1153.01,39,1
2026-06-29,600519,09:35:02,1153.00,52,1
2026-06-29,600519,09:35:05,1153.00,55,1
2026-06-29,600519,09:35:08,1152.99,19,1
2026-06-29,600519,09:35:11,1153.00,45,2
2026-06-29,600519,09:35:14,1153.05,67,2
2026-06-29,600519,09:35:17,1153.55,53,2
2026-06-29,600519,09:35:20,1154.45,32,2
2026-06-29,600519,09:35:23,1154.68,15,2
2026-06-29,600519,09:35:26,1155.00,33,2
2026-06-29,600519,09:35:29,1155.91,14,2
2026-06-29,600519,09:35:32,1157.00,47,2
2026-06-29,600519,09:35:35,1156.60,22,1
2026-06-29,600519,09:35:38,1156.08,25,1
2026-06-29,600519,09:35:41,1156.04,81,1
2026-06-29,600519,09:35:44,1156.03,52,1
2026-06-29,600519,09:35:47,1155.92,100,1
2026-06-29,600519,09:35:50,1156.04,19,2
2026-06-29,600519,09:35:53,1157.30,12,2
2026-06-29,600519,09:35:56,1156.60,28,1
2026-06-29,600519,09:35:59,1157.00,4,2
2026-06-29,600519,09:36:02,1157.84,10,2
2026-06-29,600519,09:36:05,1157.87,9,2
2026-06-29,600519,09:36:08,1158.98,26,2
2026-06-29,600519,09:36:11,1159.61,10,2
2026-06-29,600519,09:36:14,1158.87,13,1
2026-06-29,600519,09:36:17,1158.98,22,2
2026-06-29,600519,09:36:20,1158.98,13,2
2026-06-29,600519,09:36:23,1158.88,12,1
2026-06-29,600519,09:36:26,1159.58,50,2
2026-06-29,600519,09:36:29,1159.60,8,2
2026-06-29,600519,09:36:32,1158.10,8,1
2026-06-29,600519,09:36:35,1158.90,17,2
2026-06-29,600519,09:36:38,1158.90,10,1
2026-06-29,600519,09:36:41,1158.88,28,1
2026-06-29,600519,09:36:44,1158.87,40,1
2026-06-29,600519,09:36:47,1158.84,4,2
2026-06-29,600519,09:36:50,1159.60,46,2
2026-06-29,600519,09:36:53,1158.90,19,1
2026-06-29,600519,09:36:56,1158.90,37,1
2026-06-29,600519,09:36:59,1158.90,17,2
2026-06-29,600519,09:37:02,1158.83,14,1
2026-06-29,600519,09:37:05,1158.83,27,2
2026-06-29,600519,09:37:08,1158.84,13,1
2026-06-29,600519,09:37:11,1158.84,17,1
2026-06-29,600519,09:37:14,1158.84,6,1
2026-06-29,600519,09:37:17,1158.84,13,1
2026-06-29,600519,09:37:20,1158.84,27,2
2026-06-29,600519,09:37:23,1158.83,9,1
2026-06-29,600519,09:37:26,1158.76,23,1
2026-06-29,600519,09:37:29,1158.84,14,2
2026-06-29,600519,09:37:32,1158.73,4,1
2026-06-29,600519,09:37:35,1158.09,23,1
2026-06-29,600519,09:37:38,1158.09,20,1
2026-06-29,600519,09:37:41,1158.72,14,2
2026-06-29,600519,09:37:44,1158.09,5,1
2026-06-29,600519,09:37:47,1158.00,19,1
2026-06-29,600519,09:37:50,1158.00,17,1
2026-06-29,600519,09:37:53,1158.03,16,2
2026-06-29,600519,09:37:56,1157.01,5,1
2026-06-29,600519,09:37:59,1157.87,6,2
2026-06-29,600519,09:38:02,1158.00,32,2
2026-06-29,600519,09:38:05,1157.51,3,1
2026-06-29,600519,09:38:08,1157.00,10,1
2026-06-29,600519,09:38:11,1157.87,1,2
2026-06-29,600519,09:38:14,1157.87,10,2
2026-06-29,600519,09:38:17,1157.03,6,1
2026-06-29,600519,09:38:20,1157.87,25,2
2026-06-29,600519,09:38:23,1157.05,3,1
2026-06-29,600519,09:38:26,1157.13,15,2
2026-06-29,600519,09:38:29,1157.87,8,2
2026-06-29,600519,09:38:32,1157.13,10,1
2026-06-29,600519,09:38:35,1157.86,2,2
2026-06-29,600519,09:38:38,1157.87,9,2
2026-06-29,600519,09:38:41,1157.10,23,1
2026-06-29,600519,09:38:44,1157.11,39,2
2026-06-29,600519,09:38:47,1157.18,39,2
2026-06-29,600519,09:38:50,1157.37,41,2
2026-06-29,600519,09:38:53,1157.28,7,2
2026-06-29,600519,09:38:56,1157.20,12,1
2026-06-29,600519,09:38:59,1157.37,2,2
2026-06-29,600519,09:39:02,1157.20,11,1
2026-06-29,600519,09:39:05,1157.17,3,1
2026-06-29,600519,09:39:08,1157.14,39,1
2026-06-29,600519,09:39:11,1157.05,15,1
2026-06-29,600519,09:39:14,1157.03,5,1
2026-06-29,600519,09:39:17,1157.00,10,1
2026-06-29,600519,09:39:20,1156.04,17,1
2026-06-29,600519,09:39:23,1157.00,17,2
2026-06-29,600519,09:39:26,1156.09,5,1
2026-06-29,600519,09:39:29,1156.00,7,1
2026-06-29,600519,09:39:32,1156.03,3,2
2026-06-29,600519,09:39:35,1156.09,15,2
2026-06-29,600519,09:39:38,1156.08,5,1
2026-06-29,600519,09:39:41,1156.09,2,2
2026-06-29,600519,09:39:44,1154.99,35,1
2026-06-29,600519,09:39:47,1154.58,8,1
2026-06-29,600519,09:39:50,1154.02,12,1
2026-06-29,600519,09:39:53,1154.10,3,2
2026-06-29,600519,09:39:56,1154.10,10,1
2026-06-29,600519,09:39:59,1154.18,19,2
2026-06-29,600519,09:40:02,1154.10,22,1
2026-06-29,600519,09:40:05,1156.00,73,2
2026-06-29,600519,09:40:08,1157.18,30,2
2026-06-29,600519,09:40:11,1157.80,16,2
2026-06-29,600519,09:40:14,1156.61,12,1
2026-06-29,600519,09:40:17,1156.03,9,1
2026-06-29,600519,09:40:20,1156.61,4,2
2026-06-29,600519,09:40:23,1156.61,6,2
2026-06-29,600519,09:40:26,1157.18,17,2
2026-06-29,600519,09:40:29,1156.61,12,1
2026-06-29,600519,09:40:32,1156.61,5,1
2026-06-29,600519,09:40:35,1156.04,6,1
2026-06-29,600519,09:40:38,1155.85,12,1
2026-06-29,600519,09:40:41,1155.65,6,1
2026-06-29,600519,09:40:44,1155.66,11,2
2026-06-29,600519,09:40:47,1155.66,14,2
2026-06-29,600519,09:40:50,1155.65,2,1
2026-06-29,600519,09:40:53,1155.66,13,2
2026-06-29,600519,09:40:56,1155.40,10,1
2026-06-29,600519,09:40:59,1155.33,6,1
2026-06-29,600519,09:41:02,1155.11,9,1
2026-06-29,600519,09:41:05,1155.00,16,1
2026-06-29,600519,09:41:08,1155.32,11,2
2026-06-29,600519,09:41:11,1155.01,33,1
2026-06-29,600519,09:41:14,1155.04,38,2
2026-06-29,600519,09:41:17,1155.45,9,2
2026-06-29,600519,09:41:20,1155.11,5,1
2026-06-29,600519,09:41:23,1155.66,7,2
2026-06-29,600519,09:41:26,1155.00,34,1
2026-06-29,600519,09:41:29,1155.66,43,2
2026-06-29,600519,09:41:32,1155.33,7,1
2026-06-29,600519,09:41:35,1154.88,19,1
2026-06-29,600519,09:41:38,1154.50,7,1
2026-06-29,600519,09:41:41,1155.11,8,2
2026-06-29,600519,09:41:44,1154.88,1,1
2026-06-29,600519,09:41:47,1155.00,8,2
2026-06-29,600519,09:41:50,1155.00,17,1
2026-06-29,600519,09:41:53,1154.10,24,1
2026-06-29,600519,09:41:56,1154.10,46,1
2026-06-29,600519,09:42:02,1154.18,6,1
2026-06-29,600519,09:42:05,1154.22,24,2
2026-06-29,600519,09:42:08,1155.19,11,2
2026-06-29,600519,09:42:11,1155.55,11,2
2026-06-29,600519,09:42:14,1155.55,6,1
2026-06-29,600519,09:42:17,1155.55,48,1
2026-06-29,600519,09:42:20,1155.55,29,2
2026-06-29,600519,09:42:23,1155.99,4,2
2026-06-29,600519,09:42:26,1155.32,17,1
2026-06-29,600519,09:42:29,1155.46,4,2
2026-06-29,600519,09:42:32,1155.46,13,2
2026-06-29,600519,09:42:35,1155.55,14,2
2026-06-29,600519,09:42:38,1155.56,23,2
2026-06-29,600519,09:42:41,1155.46,13,1
2026-06-29,600519,09:42:44,1155.46,22,1
2026-06-29,600519,09:42:47,1155.46,17,2
2026-06-29,600519,09:42:50,1156.46,24,2
2026-06-29,600519,09:42:53,1155.46,4,1
2026-06-29,600519,09:42:56,1155.46,7,2
2026-06-29,600519,09:42:59,1155.32,8,1
2026-06-29,600519,09:43:02,1155.45,4,2
2026-06-29,600519,09:43:05,1155.05,7,1
2026-06-29,600519,09:43:08,1155.07,10,2
2026-06-29,600519,09:43:11,1155.00,34,1
2026-06-29,600519,09:43:14,1155.00,24,1
2026-06-29,600519,09:43:17,1155.00,8,2
2026-06-29,600519,09:43:20,1155.04,5,2
2026-06-29,600519,09:43:23,1156.00,12,2
2026-06-29,600519,09:43:26,1155.04,2,1
2026-06-29,600519,09:43:29,1154.99,12,1
2026-06-29,600519,09:43:32,1154.83,20,1
2026-06-29,600519,09:43:35,1154.83,3,1
2026-06-29,600519,09:43:38,1155.04,5,2
2026-06-29,600519,09:43:41,1154.83,11,1
2026-06-29,600519,09:43:44,1155.00,21,2
2026-06-29,600519,09:43:47,1155.04,16,2
2026-06-29,600519,09:43:50,1154.66,14,1
2026-06-29,600519,09:43:53,1154.64,10,1
2026-06-29,600519,09:43:56,1155.00,6,2
2026-06-29,600519,09:43:59,1154.62,11,1
2026-06-29,600519,09:44:02,1153.13,183,1
2026-06-29,600519,09:44:05,1152.80,116,1
2026-06-29,600519,09:44:08,1153.50,43,2
2026-06-29,600519,09:44:11,1154.48,55,2
2026-06-29,600519,09:44:14,1153.51,37,1
2026-06-29,600519,09:44:17,1153.53,7,2
2026-06-29,600519,09:44:20,1153.05,10,1
2026-06-29,600519,09:44:23,1154.50,15,2
2026-06-29,600519,09:44:26,1153.58,8,1
2026-06-29,600519,09:44:29,1153.31,14,1
2026-06-29,600519,09:44:32,1153.54,3,2
2026-06-29,600519,09:44:35,1153.30,7,1
2026-06-29,600519,09:44:38,1153.31,4,2
2026-06-29,600519,09:44:41,1153.31,9,1
2026-06-29,600519,09:44:44,1153.31,4,1
2026-06-29,600519,09:44:47,1153.48,14,2
2026-06-29,600519,09:44:50,1153.05,6,1
2026-06-29,600519,09:44:53,1153.00,21,1
2026-06-29,600519,09:44:56,1153.05,9,2
2026-06-29,600519,09:44:59,1153.05,5,2
2026-06-29,600519,09:45:02,1153.10,28,2
2026-06-29,600519,09:45:05,1153.00,11,2
2026-06-29,600519,09:45:08,1153.00,15,2
2026-06-29,600519,09:45:11,1152.91,20,1
2026-06-29,600519,09:45:14,1152.88,10,1
2026-06-29,600519,09:45:17,1152.90,19,2
2026-06-29,600519,09:45:20,1152.66,20,1
2026-06-29,600519,09:45:23,1152.49,13,1
2026-06-29,600519,09:45:26,1152.03,32,1
2026-06-29,600519,09:45:29,1152.00,61,1
2026-06-29,600519,09:45:32,1151.99,70,1
2026-06-29,600519,09:45:35,1151.63,14,1
2026-06-29,600519,09:45:38,1151.45,16,1
2026-06-29,600519,09:45:41,1151.26,20,1
2026-06-29,600519,09:45:44,1151.40,18,2
2026-06-29,600519,09:45:47,1151.17,36,1
2026-06-29,600519,09:45:50,1151.26,9,2
2026-06-29,600519,09:45:53,1151.16,11,1
2026-06-29,600519,09:45:56,1151.08,4,1
2026-06-29,600519,09:45:59,1151.04,26,1
2026-06-29,600519,09:46:02,1151.08,13,2
2026-06-29,600519,09:46:05,1151.76,46,2
2026-06-29,600519,09:46:08,1152.00,18,2
2026-06-29,600519,09:46:11,1152.21,98,2
2026-06-29,600519,09:46:14,1152.22,18,2
2026-06-29,600519,09:46:17,1152.21,13,1
2026-06-29,600519,09:46:20,1152.88,22,2
2026-06-29,600519,09:46:23,1152.22,15,1
2026-06-29,600519,09:46:26,1152.88,31,2
2026-06-29,600519,09:46:29,1152.19,8,1
2026-06-29,600519,09:46:32,1152.88,36,2
2026-06-29,600519,09:46:35,1152.22,22,1
2026-06-29,600519,09:46:38,1152.88,71,2
2026-06-29,600519,09:46:41,1153.00,12,2
2026-06-29,600519,09:46:44,1152.23,7,1
2026-06-29,600519,09:46:47,1152.38,1,1
2026-06-29,600519,09:46:50,1152.44,4,2
2026-06-29,600519,09:46:53,1152.38,6,2
2026-06-29,600519,09:46:56,1152.38,9,2
2026-06-29,600519,09:46:59,1152.66,37,2
2026-06-29,600519,09:47:02,1153.00,8,2
2026-06-29,600519,09:47:05,1153.54,18,2
2026-06-29,600519,09:47:08,1154.00,11,2
2026-06-29,600519,09:47:11,1154.61,13,2
2026-06-29,600519,09:47:14,1154.61,12,2
2026-06-29,600519,09:47:17,1155.00,6,2
2026-06-29,600519,09:47:20,1154.43,23,1
2026-06-29,600519,09:47:23,1155.00,11,2
2026-06-29,600519,09:47:26,1154.96,11,2
2026-06-29,600519,09:47:29,1154.98,4,2
2026-06-29,600519,09:47:32,1154.99,9,2
2026-06-29,600519,09:47:35,1154.51,7,1
2026-06-29,600519,09:47:38,1154.20,31,1
2026-06-29,600519,09:47:41,1154.03,6,1
2026-06-29,600519,09:47:44,1154.03,10,1
2026-06-29,600519,09:47:47,1154.03,3,1
2026-06-29,600519,09:47:50,1154.13,6,1
2026-06-29,600519,09:47:53,1154.13,10,1
2026-06-29,600519,09:47:56,1154.13,8,1
2026-06-29,600519,09:47:59,1154.12,3,1
2026-06-29,600519,09:48:02,1154.05,10,1
2026-06-29,600519,09:48:05,1154.10,11,2
2026-06-29,600519,09:48:08,1154.03,5,1
2026-06-29,600519,09:48:11,1154.03,17,1
2026-06-29,600519,09:48:14,1154.10,5,2
2026-06-29,600519,09:48:17,1154.13,6,2
2026-06-29,600519,09:48:20,1154.11,6,1
2026-06-29,600519,09:48:23,1154.51,1,2
2026-06-29,600519,09:48:26,1154.50,28,1
2026-06-29,600519,09:48:29,1154.51,1,2
2026-06-29,600519,09:48:32,1154.50,3,1
2026-06-29,600519,09:48:35,1154.96,5,2
2026-06-29,600519,09:48:38,1154.89,89,2
2026-06-29,600519,09:48:41,1155.32,77,2
2026-06-29,600519,09:48:44,1155.45,4,2
2026-06-29,600519,09:48:47,1155.55,3,2
2026-06-29,600519,09:48:50,1155.50,4,1
2026-06-29,600519,09:48:53,1155.55,9,2
2026-06-29,600519,09:48:56,1155.55,2,1
2026-06-29,600519,09:48:59,1155.55,6,1
2026-06-29,600519,09:49:02,1155.55,9,1
2026-06-29,600519,09:49:05,1155.55,8,1
2026-06-29,600519,09:49:08,1155.95,10,2
2026-06-29,600519,09:49:11,1155.61,4,2
2026-06-29,600519,09:49:14,1155.61,5,2
2026-06-29,600519,09:49:17,1156.40,69,2
2026-06-29,600519,09:49:20,1158.48,128,2
2026-06-29,600519,09:49:23,1159.04,22,2
2026-06-29,600519,09:49:26,1159.10,10,2
2026-06-29,600519,09:49:29,1159.10,8,1
2026-06-29,600519,09:49:32,1158.65,21,1
2026-06-29,600519,09:49:35,1158.50,20,1
2026-06-29,600519,09:49:38,1158.50,15,2
2026-06-29,600519,09:49:41,1158.49,6,1
2026-06-29,600519,09:49:44,1158.00,11,1
2026-06-29,600519,09:49:47,1158.17,9,2
2026-06-29,600519,09:49:50,1158.17,15,2
2026-06-29,600519,09:49:53,1157.92,27,1
2026-06-29,600519,09:49:56,1157.80,9,1
2026-06-29,600519,09:49:59,1157.70,17,1
2026-06-29,600519,09:50:02,1157.80,3,2
2026-06-29,600519,09:50:05,1157.80,3,2
2026-06-29,600519,09:50:08,1156.68,34,1
2026-06-29,600519,09:50:11,1156.16,4,1
2026-06-29,600519,09:50:14,1156.00,5,1
2026-06-29,600519,09:50:17,1155.61,2,1
2026-06-29,600519,09:50:20,1155.33,4,1
2026-06-29,600519,09:50:23,1155.34,1,2
2026-06-29,600519,09:50:26,1154.99,15,1
2026-06-29,600519,09:50:29,1155.99,16,2
2026-06-29,600519,09:50:32,1155.58,8,2
2026-06-29,600519,09:50:35,1154.99,7,1
2026-06-29,600519,09:50:38,1155.34,10,2
2026-06-29,600519,09:50:41,1155.47,2,2
2026-06-29,600519,09:50:47,1155.16,5,1
2026-06-29,600519,09:50:50,1155.11,4,1
2026-06-29,600519,09:50:53,1154.91,12,1
2026-06-29,600519,09:50:56,1155.07,4,2
2026-06-29,600519,09:50:59,1155.01,10,1
2026-06-29,600519,09:51:02,1154.90,4,1
2026-06-29,600519,09:51:05,1154.89,5,1
2026-06-29,600519,09:51:08,1155.07,8,2
2026-06-29,600519,09:51:11,1155.06,4,1
2026-06-29,600519,09:51:14,1155.07,5,2
2026-06-29,600519,09:51:17,1155.07,6,2
2026-06-29,600519,09:51:20,1154.80,7,1
2026-06-29,600519,09:51:23,1155.07,5,2
2026-06-29,600519,09:51:26,1154.60,7,1
2026-06-29,600519,09:51:29,1155.07,20,2
2026-06-29,600519,09:51:32,1155.07,4,2
2026-06-29,600519,09:51:35,1154.61,1,1
2026-06-29,600519,09:51:38,1155.00,4,2
2026-06-29,600519,09:51:41,1155.00,5,1
2026-06-29,600519,09:51:44,1155.00,3,1
2026-06-29,600519,09:51:47,1154.55,3,1
2026-06-29,600519,09:51:50,1155.09,19,2
2026-06-29,600519,09:51:53,1155.09,19,1
2026-06-29,600519,09:51:56,1155.33,25,2
2026-06-29,600519,09:51:59,1156.16,16,2
2026-06-29,600519,09:52:02,1156.53,23,2
2026-06-29,600519,09:52:05,1156.80,5,2
2026-06-29,600519,09:52:08,1156.80,1,2
2026-06-29,600519,09:52:11,1156.08,5,1
2026-06-29,600519,09:52:14,1156.02,10,1
2026-06-29,600519,09:52:17,1156.88,16,2
2026-06-29,600519,09:52:20,1156.05,4,1
2026-06-29,600519,09:52:23,1156.70,15,2
2026-06-29,600519,09:52:26,1157.07,5,2
2026-06-29,600519,09:52:29,1156.99,1,1
2026-06-29,600519,09:52:32,1157.50,12,2
2026-06-29,600519,09:52:35,1157.80,14,2
2026-06-29,600519,09:52:38,1157.50,2,1
2026-06-29,600519,09:52:41,1157.80,6,2
2026-06-29,600519,09:52:44,1157.50,10,1
2026-06-29,600519,09:52:47,1157.80,6,2
2026-06-29,600519,09:52:50,1157.24,2,1
2026-06-29,600519,09:52:53,1157.04,13,1
2026-06-29,600519,09:52:56,1157.30,3,2
2026-06-29,600519,09:52:59,1157.80,170,2
2026-06-29,600519,09:53:02,1159.00,14,2
2026-06-29,600519,09:53:05,1158.78,10,1
2026-06-29,600519,09:53:08,1159.00,10,2
2026-06-29,600519,09:53:11,1158.00,12,1
2026-06-29,600519,09:53:14,1158.98,39,2
2026-06-29,600519,09:53:17,1159.00,17,2
2026-06-29,600519,09:53:20,1159.77,4,2
2026-06-29,600519,09:53:23,1159.00,8,1
2026-06-29,600519,09:53:26,1159.75,2,2
2026-06-29,600519,09:53:29,1159.77,18,2
2026-06-29,600519,09:53:32,1159.88,8,2
2026-06-29,600519,09:53:35,1160.11,78,2
2026-06-29,600519,09:53:38,1160.80,17,2
2026-06-29,600519,09:53:41,1160.12,10,1
2026-06-29,600519,09:53:44,1160.80,11,2
2026-06-29,600519,09:53:47,1160.49,5,1
2026-06-29,600519,09:53:53,1160.01,13,1
2026-06-29,600519,09:53:56,1160.80,13,2
2026-06-29,600519,09:53:59,1161.00,12,2
2026-06-29,600519,09:54:02,1162.00,84,2
2026-06-29,600519,09:54:05,1160.40,15,1
2026-06-29,600519,09:54:08,1161.00,16,2
2026-06-29,600519,09:54:11,1161.04,20,2
2026-06-29,600519,09:54:14,1163.00,34,2
2026-06-29,600519,09:54:17,1163.26,13,2
2026-06-29,600519,09:54:20,1164.00,34,2
2026-06-29,600519,09:54:23,1163.84,5,1
2026-06-29,600519,09:54:26,1163.66,9,1
2026-06-29,600519,09:54:29,1162.88,11,1
2026-06-29,600519,09:54:32,1163.56,15,2
2026-06-29,600519,09:54:35,1162.78,8,1
2026-06-29,600519,09:54:38,1163.42,15,2
2026-06-29,600519,09:54:41,1163.47,8,2
2026-06-29,600519,09:54:44,1163.30,23,2
2026-06-29,600519,09:54:47,1162.60,17,1
2026-06-29,600519,09:54:50,1161.90,20,2
2026-06-29,600519,09:54:53,1162.13,18,2
2026-06-29,600519,09:54:56,1162.64,8,2
2026-06-29,600519,09:54:59,1161.84,6,1
2026-06-29,600519,09:55:02,1162.38,3,2
2026-06-29,600519,09:55:05,1161.44,19,1
2026-06-29,600519,09:55:08,1161.82,5,2
2026-06-29,600519,09:55:11,1162.38,45,2
2026-06-29,600519,09:55:14,1161.41,14,1
2026-06-29,600519,09:55:17,1162.45,15,2
2026-06-29,600519,09:55:20,1161.82,10,1
2026-06-29,600519,09:55:23,1161.84,48,2
2026-06-29,600519,09:55:26,1162.00,9,1
2026-06-29,600519,09:55:32,1162.15,15,1
2026-06-29,600519,09:55:35,1162.03,1,1
2026-06-29,600519,09:55:38,1162.75,44,2
2026-06-29,600519,09:55:41,1162.00,3,2
2026-06-29,600519,09:55:44,1162.88,12,2
2026-06-29,600519,09:55:47,1162.98,17,2
2026-06-29,600519,09:55:50,1162.61,13,1
2026-06-29,600519,09:55:53,1162.61,17,1
2026-06-29,600519,09:55:56,1162.61,11,2
2026-06-29,600519,09:55:59,1163.30,8,2
2026-06-29,600519,09:56:02,1163.88,24,2
2026-06-29,600519,09:56:05,1163.40,21,1
2026-06-29,600519,09:56:08,1163.50,14,2
2026-06-29,600519,09:56:11,1163.01,12,1
2026-06-29,600519,09:56:14,1163.88,15,2
2026-06-29,600519,09:56:17,1163.90,38,2
2026-06-29,600519,09:56:20,1164.31,7,2
2026-06-29,600519,09:56:23,1164.71,14,2
2026-06-29,600519,09:56:26,1164.52,14,1
2026-06-29,600519,09:56:29,1164.66,29,2
2026-06-29,600519,09:56:32,1164.44,6,1
2026-06-29,600519,09:56:35,1166.10,95,2
2026-06-29,600519,09:56:38,1166.54,25,2
2026-06-29,600519,09:56:41,1166.54,21,2
2026-06-29,600519,09:56:44,1166.01,14,1
2026-06-29,600519,09:56:47,1166.64,40,2
2026-06-29,600519,09:56:50,1166.63,17,1
2026-06-29,600519,09:56:53,1166.63,19,1
2026-06-29,600519,09:56:56,1166.00,23,1
2026-06-29,600519,09:56:59,1167.52,44,2
2026-06-29,600519,09:57:02,1167.52,78,1
2026-06-29,600519,09:57:05,1168.63,28,2
2026-06-29,600519,09:57:08,1169.60,65,2
2026-06-29,600519,09:57:11,1169.69,11,2
2026-06-29,600519,09:57:14,1169.00,12,1
2026-06-29,600519,09:57:17,1169.69,8,1
2026-06-29,600519,09:57:20,1169.62,49,1
2026-06-29,600519,09:57:23,1169.64,63,2
2026-06-29,600519,09:57:26,1170.00,101,2
2026-06-29,600519,09:57:29,1168.99,30,1
2026-06-29,600519,09:57:32,1170.00,103,2
2026-06-29,600519,09:57:35,1170.00,26,2
2026-06-29,600519,09:57:38,1169.03,57,1
2026-06-29,600519,09:57:41,1170.00,57,2
2026-06-29,600519,09:57:44,1169.98,15,1
2026-06-29,600519,09:57:47,1169.06,3,1
2026-06-29,600519,09:57:50,1168.66,6,1
2026-06-29,600519,09:57:53,1167.52,32,1
2026-06-29,600519,09:57:56,1166.06,9,1
2026-06-29,600519,09:57:59,1167.59,33,2
2026-06-29,600519,09:58:02,1167.80,20,2
2026-06-29,600519,09:58:05,1168.00,4,2
2026-06-29,600519,09:58:08,1167.76,8,1
2026-06-29,600519,09:58:11,1166.42,5,1
2026-06-29,600519,09:58:14,1167.35,26,2
2026-06-29,600519,09:58:17,1166.00,12,1
2026-06-29,600519,09:58:20,1164.15,13,1
2026-06-29,600519,09:58:23,1166.45,11,2
2026-06-29,600519,09:58:26,1166.50,9,2
2026-06-29,600519,09:58:29,1166.51,18,1
2026-06-29,600519,09:58:32,1166.57,8,2
2026-06-29,600519,09:58:35,1166.51,13,1
2026-06-29,600519,09:58:38,1166.52,13,2
2026-06-29,600519,09:58:41,1167.34,16,2
2026-06-29,600519,09:58:44,1167.34,5,2
2026-06-29,600519,09:58:47,1167.44,16,2
2026-06-29,600519,09:58:50,1166.99,10,1
2026-06-29,600519,09:58:53,1168.00,43,2
2026-06-29,600519,09:58:56,1166.83,4,2
2026-06-29,600519,09:58:59,1168.18,39,2
2026-06-29,600519,09:59:02,1168.19,11,2
2026-06-29,600519,09:59:05,1169.00,19,2
2026-06-29,600519,09:59:08,1168.05,21,1
2026-06-29,600519,09:59:11,1168.93,9,2
2026-06-29,600519,09:59:14,1168.72,9,1
2026-06-29,600519,09:59:17,1167.49,7,1
2026-06-29,600519,09:59:20,1167.49,10,1
2026-06-29,600519,09:59:23,1167.50,15,2
2026-06-29,600519,09:59:26,1168.00,2,2
2026-06-29,600519,09:59:29,1167.49,10,1
2026-06-29,600519,09:59:32,1168.00,7,2
2026-06-29,600519,09:59:35,1167.42,4,1
2026-06-29,600519,09:59:38,1167.41,13,1
2026-06-29,600519,09:59:41,1167.00,6,1
2026-06-29,600519,09:59:44,1167.37,12,2
2026-06-29,600519,09:59:47,1166.61,11,1
2026-06-29,600519,09:59:50,1166.50,2,1
2026-06-29,600519,09:59:53,1166.54,26,2
2026-06-29,600519,09:59:56,1166.42,13,1
2026-06-29,600519,09:59:59,1166.50,14,2
2026-06-29,600519,10:00:02,1166.55,11,2
2026-06-29,600519,10:00:05,1167.01,18,2
2026-06-29,600519,10:00:08,1167.40,94,2
2026-06-29,600519,10:00:11,1167.44,20,2
2026-06-29,600519,10:00:14,1168.00,15,2
2026-06-29,600519,10:00:17,1167.48,6,1
2026-06-29,600519,10:00:20,1167.35,15,1
2026-06-29,600519,10:00:23,1166.50,23,1
2026-06-29,600519,10:00:26,1165.00,13,1
2026-06-29,600519,10:00:29,1164.30,9,1
2026-06-29,600519,10:00:32,1165.36,6,2
2026-06-29,600519,10:00:35,1164.30,1,1
2026-06-29,600519,10:00:38,1165.00,10,2
2026-06-29,600519,10:00:41,1164.30,5,2
2026-06-29,600519,10:00:44,1164.11,4,1
2026-06-29,600519,10:00:47,1165.00,10,2
2026-06-29,600519,10:00:50,1164.44,28,1
2026-06-29,600519,10:00:53,1164.44,14,1
2026-06-29,600519,10:00:56,1165.00,9,2
2026-06-29,600519,10:00:59,1164.39,5,1
2026-06-29,600519,10:01:02,1164.38,6,1
2026-06-29,600519,10:01:05,1165.52,17,2
2026-06-29,600519,10:01:08,1165.58,3,2
2026-06-29,600519,10:01:11,1165.01,27,1
2026-06-29,600519,10:01:14,1165.58,6,2
2026-06-29,600519,10:01:17,1165.64,14,2
2026-06-29,600519,10:01:20,1165.66,12,2
2026-06-29,600519,10:01:23,1165.46,31,1
2026-06-29,600519,10:01:26,1165.40,8,1
2026-06-29,600519,10:01:29,1165.00,1,1
2026-06-29,600519,10:01:32,1164.99,5,1
2026-06-29,600519,10:01:35,1165.08,5,2
2026-06-29,600519,10:01:38,1165.00,3,2
2026-06-29,600519,10:01:41,1165.38,10,2
2026-06-29,600519,10:01:44,1165.00,13,1
2026-06-29,600519,10:01:47,1165.00,9,2
2026-06-29,600519,10:01:50,1164.97,3,1
2026-06-29,600519,10:01:53,1164.99,2,2
2026-06-29,600519,10:01:56,1164.40,5,1
2026-06-29,600519,10:01:59,1164.96,4,2
2026-06-29,600519,10:02:02,1164.40,9,1
2026-06-29,600519,10:02:05,1164.31,9,1
2026-06-29,600519,10:02:08,1163.99,25,1
2026-06-29,600519,10:02:11,1163.99,5,2
2026-06-29,600519,10:02:14,1164.31,15,2
2026-06-29,600519,10:02:17,1164.31,24,2
2026-06-29,600519,10:02:20,1164.02,5,1
2026-06-29,600519,10:02:23,1164.41,28,2
2026-06-29,600519,10:02:26,1164.45,15,2
2026-06-29,600519,10:02:29,1166.89,80,2
2026-06-29,600519,10:02:32,1167.01,12,2
2026-06-29,600519,10:02:35,1167.01,2,2
2026-06-29,600519,10:02:38,1167.69,2,2
2026-06-29,600519,10:02:41,1167.01,1,1
2026-06-29,600519,10:02:44,1168.00,20,2
2026-06-29,600519,10:02:47,1167.96,3,1
2026-06-29,600519,10:02:50,1167.69,1,1
2026-06-29,600519,10:02:53,1168.20,22,2
2026-06-29,600519,10:02:56,1168.99,67,2
2026-06-29,600519,10:02:59,1169.77,97,2
2026-06-29,600519,10:03:02,1170.00,105,2
2026-06-29,600519,10:03:05,1171.00,114,2
2026-06-29,600519,10:03:08,1170.70,18,1
2026-06-29,600519,10:03:11,1170.69,37,1
2026-06-29,600519,10:03:14,1174.00,145,2
2026-06-29,600519,10:03:17,1173.42,28,1
2026-06-29,600519,10:03:20,1172.55,18,1
2026-06-29,600519,10:03:23,1171.58,23,1
2026-06-29,600519,10:03:26,1173.00,17,2
2026-06-29,600519,10:03:29,1173.00,40,2
2026-06-29,600519,10:03:32,1173.42,10,2
2026-06-29,600519,10:03:35,1173.92,12,2
2026-06-29,600519,10:03:38,1173.41,61,1
2026-06-29,600519,10:03:41,1173.42,35,2
2026-06-29,600519,10:03:44,1173.40,69,1
2026-06-29,600519,10:03:47,1173.42,14,2
2026-06-29,600519,10:03:50,1173.92,13,2
2026-06-29,600519,10:03:53,1173.97,16,2
2026-06-29,600519,10:03:56,1173.92,90,1
2026-06-29,600519,10:03:59,1174.00,8,2
2026-06-29,600519,10:04:02,1174.60,20,2
2026-06-29,600519,10:04:05,1174.60,63,1
2026-06-29,600519,10:04:08,1175.67,81,2
2026-06-29,600519,10:04:11,1175.80,35,2
2026-06-29,600519,10:04:14,1175.00,17,1
2026-06-29,600519,10:04:17,1175.00,49,2
2026-06-29,600519,10:04:20,1175.41,19,2
2026-06-29,600519,10:04:23,1174.00,43,1
2026-06-29,600519,10:04:26,1173.89,32,1
2026-06-29,600519,10:04:29,1173.78,3,1
2026-06-29,600519,10:04:32,1173.10,13,2
2026-06-29,600519,10:04:35,1173.01,19,2
2026-06-29,600519,10:04:38,1172.90,15,1
2026-06-29,600519,10:04:41,1172.54,38,1
2026-06-29,600519,10:04:44,1172.54,15,1
2026-06-29,600519,10:04:47,1172.98,7,2
2026-06-29,600519,10:04:50,1173.20,45,2
2026-06-29,600519,10:04:53,1173.20,65,2
2026-06-29,600519,10:04:56,1173.20,18,1
2026-06-29,600519,10:04:59,1173.16,12,1
2026-06-29,600519,10:05:02,1173.50,18,2
2026-06-29,600519,10:05:05,1173.64,57,2
2026-06-29,600519,10:05:08,1174.88,67,2
2026-06-29,600519,10:05:11,1174.59,8,1
2026-06-29,600519,10:05:14,1174.60,20,2
2026-06-29,600519,10:05:17,1174.47,31,1
2026-06-29,600519,10:05:20,1172.54,49,1
2026-06-29,600519,10:05:23,1173.00,13,2
2026-06-29,600519,10:05:26,1172.00,23,1
2026-06-29,600519,10:05:29,1172.00,10,2
2026-06-29,600519,10:05:32,1170.25,34,1
2026-06-29,600519,10:05:35,1170.65,14,2
2026-06-29,600519,10:05:38,1171.95,7,2
2026-06-29,600519,10:05:41,1170.72,17,1
2026-06-29,600519,10:05:44,1171.82,6,2
2026-06-29,600519,10:05:47,1171.00,37,2
2026-06-29,600519,10:05:50,1171.31,4,2
2026-06-29,600519,10:05:53,1170.69,12,1
2026-06-29,600519,10:05:56,1170.69,6,2
2026-06-29,600519,10:05:59,1170.69,3,2
2026-06-29,600519,10:06:02,1170.27,6,1
2026-06-29,600519,10:06:05,1170.30,4,2
2026-06-29,600519,10:06:08,1170.90,56,2
2026-06-29,600519,10:06:11,1170.35,3,1
2026-06-29,600519,10:06:14,1171.98,68,2
2026-06-29,600519,10:06:17,1172.00,4,2
2026-06-29,600519,10:06:20,1173.00,1,2
2026-06-29,600519,10:06:23,1173.00,7,2
2026-06-29,600519,10:06:26,1173.00,5,2
2026-06-29,600519,10:06:29,1173.02,8,1
2026-06-29,600519,10:06:32,1173.57,13,2
2026-06-29,600519,10:06:35,1173.90,5,2
2026-06-29,600519,10:06:38,1173.50,24,1
2026-06-29,600519,10:06:41,1173.26,6,1
2026-06-29,600519,10:06:44,1171.99,34,1
2026-06-29,600519,10:06:47,1173.50,57,2
2026-06-29,600519,10:06:50,1171.99,3,2
2026-06-29,600519,10:06:53,1172.25,5,2
2026-06-29,600519,10:06:56,1173.00,2,2
2026-06-29,600519,10:06:59,1172.41,8,1
2026-06-29,600519,10:07:02,1172.37,7,1
2026-06-29,600519,10:07:05,1172.36,54,1
2026-06-29,600519,10:07:08,1172.36,2,1
2026-06-29,600519,10:07:11,1172.05,31,1
2026-06-29,600519,10:07:17,1172.00,5,1
2026-06-29,600519,10:07:20,1172.92,37,2
2026-06-29,600519,10:07:23,1173.34,28,2
2026-06-29,600519,10:07:26,1173.51,69,2
2026-06-29,600519,10:07:29,1174.15,57,2
2026-06-29,600519,10:07:32,1176.00,233,2
2026-06-29,600519,10:07:35,1176.50,103,2
2026-06-29,600519,10:07:38,1176.60,8,2
2026-06-29,600519,10:07:41,1176.66,16,2
2026-06-29,600519,10:07:44,1177.00,10,2
2026-06-29,600519,10:07:47,1177.76,15,2
2026-06-29,600519,10:07:50,1177.97,23,2
2026-06-29,600519,10:07:53,1177.64,11,2
2026-06-29,600519,10:07:56,1179.10,297,2
2026-06-29,600519,10:07:59,1179.94,18,2
2026-06-29,600519,10:08:02,1179.07,30,1
2026-06-29,600519,10:08:05,1181.79,171,2
2026-06-29,600519,10:08:08,1181.00,333,1
2026-06-29,600519,10:08:11,1181.78,39,2
2026-06-29,600519,10:08:14,1181.00,62,1
2026-06-29,600519,10:08:17,1179.99,14,1
2026-06-29,600519,10:08:20,1179.99,22,2
2026-06-29,600519,10:08:23,1179.94,6,1
2026-06-29,600519,10:08:26,1179.93,6,1
2026-06-29,600519,10:08:29,1178.94,25,1
2026-06-29,600519,10:08:32,1178.65,35,1
2026-06-29,600519,10:08:35,1179.90,17,2
2026-06-29,600519,10:08:38,1179.50,13,1
2026-06-29,600519,10:08:41,1181.00,201,2
2026-06-29,600519,10:08:44,1181.00,177,2
2026-06-29,600519,10:08:47,1181.78,171,2
2026-06-29,600519,10:08:50,1181.00,35,1
2026-06-29,600519,10:08:53,1181.50,17,2
2026-06-29,600519,10:08:56,1181.01,66,1
2026-06-29,600519,10:08:59,1181.50,17,2
2026-06-29,600519,10:09:02,1180.56,5,1
2026-06-29,600519,10:09:05,1180.56,10,1
2026-06-29,600519,10:09:08,1180.00,10,1
2026-06-29,600519,10:09:11,1180.00,74,1
2026-06-29,600519,10:09:14,1179.93,61,1
2026-06-29,600519,10:09:17,1179.92,8,1
2026-06-29,600519,10:09:20,1179.75,108,1
2026-06-29,600519,10:09:23,1181.02,235,2
2026-06-29,600519,10:09:26,1181.02,17,1
2026-06-29,600519,10:09:29,1181.02,10,1
2026-06-29,600519,10:09:32,1180.99,25,1
2026-06-29,600519,10:09:35,1181.02,43,2
2026-06-29,600519,10:09:38,1180.50,20,1
2026-06-29,600519,10:09:41,1180.50,10,1
2026-06-29,600519,10:09:44,1180.41,11,1
2026-06-29,600519,10:09:47,1180.51,14,2
2026-06-29,600519,10:09:50,1180.50,9,1
2026-06-29,600519,10:09:53,1180.00,30,1
2026-06-29,600519,10:09:56,1181.50,75,2
2026-06-29,600519,10:09:59,1180.10,216,1
2026-06-29,600519,10:10:02,1181.20,49,2
2026-06-29,600519,10:10:05,1181.21,17,2
2026-06-29,600519,10:10:08,1181.20,12,1
2026-06-29,600519,10:10:11,1181.04,16,1
2026-06-29,600519,10:10:14,1181.13,13,2
2026-06-29,600519,10:10:17,1181.04,9,1
2026-06-29,600519,10:10:20,1180.84,21,1
2026-06-29,600519,10:10:23,1181.01,20,2
2026-06-29,600519,10:10:26,1180.85,5,1
2026-06-29,600519,10:10:29,1180.37,49,1
2026-06-29,600519,10:10:32,1180.68,8,2
2026-06-29,600519,10:10:35,1180.37,12,1
2026-06-29,600519,10:10:38,1180.71,7,2
2026-06-29,600519,10:10:41,1181.82,279,2
2026-06-29,600519,10:10:44,1182.44,263,2
2026-06-29,600519,10:10:47,1182.88,13,2
2026-06-29,600519,10:10:50,1182.23,29,1
2026-06-29,600519,10:10:53,1182.99,21,2
2026-06-29,600519,10:10:56,1182.99,36,2
2026-06-29,600519,10:10:59,1183.00,70,2
2026-06-29,600519,10:11:02,1183.71,36,2
2026-06-29,600519,10:11:05,1183.38,53,1
2026-06-29,600519,10:11:08,1182.28,54,1
2026-06-29,600519,10:11:11,1182.76,14,2
2026-06-29,600519,10:11:14,1183.00,52,2
2026-06-29,600519,10:11:17,1183.00,34,1
2026-06-29,600519,10:11:20,1183.00,9,2
2026-06-29,600519,10:11:23,1182.95,9,1
2026-06-29,600519,10:11:26,1183.00,16,2
2026-06-29,600519,10:11:29,1182.94,8,1
2026-06-29,600519,10:11:32,1182.94,10,2
2026-06-29,600519,10:11:35,1182.88,4,1
2026-06-29,600519,10:11:38,1182.92,18,1
2026-06-29,600519,10:11:41,1182.89,1,1
2026-06-29,600519,10:11:44,1182.88,15,1
2026-06-29,600519,10:11:47,1182.44,79,1
2026-06-29,600519,10:11:50,1183.03,232,2
2026-06-29,600519,10:11:53,1183.38,106,2
2026-06-29,600519,10:11:56,1183.02,25,1
2026-06-29,600519,10:11:59,1182.97,12,1
2026-06-29,600519,10:12:02,1183.00,6,2
2026-06-29,600519,10:12:05,1182.88,64,1
2026-06-29,600519,10:12:08,1182.00,56,1
2026-06-29,600519,10:12:11,1181.99,11,1
2026-06-29,600519,10:12:14,1180.87,24,1
2026-06-29,600519,10:12:17,1180.91,9,1
2026-06-29,600519,10:12:20,1182.12,68,2
2026-06-29,600519,10:12:23,1182.02,22,1
2026-06-29,600519,10:12:26,1182.03,10,2
2026-06-29,600519,10:12:29,1182.88,41,2
2026-06-29,600519,10:12:32,1182.13,19,1
2026-06-29,600519,10:12:35,1182.14,22,2
2026-06-29,600519,10:12:38,1182.14,11,1
2026-06-29,600519,10:12:41,1182.13,13,1
2026-06-29,600519,10:12:44,1182.00,38,1
2026-06-29,600519,10:12:47,1181.98,8,1
2026-06-29,600519,10:12:50,1181.90,30,1
2026-06-29,600519,10:12:53,1181.03,9,1
2026-06-29,600519,10:12:56,1181.90,14,2
2026-06-29,600519,10:12:59,1181.05,24,1
2026-06-29,600519,10:13:02,1181.22,32,2
2026-06-29,600519,10:13:05,1182.17,32,2
2026-06-29,600519,10:13:08,1182.14,31,1
2026-06-29,600519,10:13:11,1182.17,11,2
2026-06-29,600519,10:13:14,1181.98,17,1
2026-06-29,600519,10:13:17,1181.30,11,1
2026-06-29,600519,10:13:20,1181.28,15,2
2026-06-29,600519,10:13:23,1180.75,22,1
2026-06-29,600519,10:13:26,1180.64,99,1
2026-06-29,600519,10:13:29,1180.71,8,2
2026-06-29,600519,10:13:32,1180.23,12,1
2026-06-29,600519,10:13:35,1180.30,28,2
2026-06-29,600519,10:13:38,1181.00,14,2
2026-06-29,600519,10:13:41,1180.15,13,1
2026-06-29,600519,10:13:44,1180.15,13,2
2026-06-29,600519,10:13:47,1180.17,14,2
2026-06-29,600519,10:13:50,1180.24,14,2
2026-06-29,600519,10:13:53,1180.15,9,1
2026-06-29,600519,10:13:56,1180.50,11,2
2026-06-29,600519,10:13:59,1180.13,12,1
2026-06-29,600519,10:14:02,1180.98,14,2
2026-06-29,600519,10:14:05,1180.15,15,1
2026-06-29,600519,10:14:08,1181.16,14,2
2026-06-29,600519,10:14:11,1181.90,16,2
2026-06-29,600519,10:14:14,1181.90,15,2
2026-06-29,600519,10:14:17,1180.41,18,1
2026-06-29,600519,10:14:20,1180.98,25,2
2026-06-29,600519,10:14:23,1180.30,22,1
2026-06-29,600519,10:14:26,1179.99,41,1
2026-06-29,600519,10:14:29,1179.71,37,1
2026-06-29,600519,10:14:32,1179.74,8,2
2026-06-29,600519,10:14:35,1179.74,10,2
2026-06-29,600519,10:14:38,1178.58,28,1
2026-06-29,600519,10:14:41,1178.72,15,2
2026-06-29,600519,10:14:44,1178.58,19,1
2026-06-29,600519,10:14:47,1179.74,23,2
2026-06-29,600519,10:14:50,1178.67,7,1
2026-06-29,600519,10:14:53,1179.75,11,2
2026-06-29,600519,10:14:56,1178.72,25,1
2026-06-29,600519,10:14:59,1178.00,14,1
2026-06-29,600519,10:15:02,1179.50,10,2
2026-06-29,600519,10:15:05,1179.55,31,2
2026-06-29,600519,10:15:08,1178.68,56,1
2026-06-29,600519,10:15:11,1179.71,43,2
2026-06-29,600519,10:15:14,1180.74,13,2
2026-06-29,600519,10:15:17,1180.97,11,2
2026-06-29,600519,10:15:20,1181.16,7,2
2026-06-29,600519,10:15:23,1181.00,7,1
2026-06-29,600519,10:15:26,1181.06,10,2
2026-06-29,600519,10:15:29,1181.00,11,1
2026-06-29,600519,10:15:32,1181.16,8,1
2026-06-29,600519,10:15:35,1181.16,11,1
2026-06-29,600519,10:15:38,1181.99,45,2
2026-06-29,600519,10:15:41,1182.29,51,2
2026-06-29,600519,10:15:44,1182.29,18,1
2026-06-29,600519,10:15:47,1183.51,184,2
2026-06-29,600519,10:15:50,1183.57,30,2
2026-06-29,600519,10:15:53,1183.71,22,2
2026-06-29,600519,10:15:56,1184.00,8,2
2026-06-29,600519,10:15:59,1183.71,22,1
2026-06-29,600519,10:16:02,1184.49,63,2
2026-06-29,600519,10:16:05,1184.94,23,2
2026-06-29,600519,10:16:08,1185.66,185,2
2026-06-29,600519,10:16:11,1185.99,35,2
2026-06-29,600519,10:16:14,1186.25,68,2
2026-06-29,600519,10:16:17,1186.66,36,2
2026-06-29,600519,10:16:20,1187.41,184,2
2026-06-29,600519,10:16:23,1187.02,38,1
2026-06-29,600519,10:16:26,1188.00,19,2
2026-06-29,600519,10:16:29,1187.02,51,1
2026-06-29,600519,10:16:32,1187.43,122,2
2026-06-29,600519,10:16:35,1187.41,13,1
2026-06-29,600519,10:16:38,1188.09,32,2
2026-06-29,600519,10:16:41,1188.39,24,2
2026-06-29,600519,10:16:44,1188.51,23,2
2026-06-29,600519,10:16:47,1188.47,20,1
2026-06-29,600519,10:16:50,1188.30,20,1
2026-06-29,600519,10:16:53,1188.30,101,2
2026-06-29,600519,10:16:56,1188.55,71,2
2026-06-29,600519,10:16:59,1190.58,272,2
2026-06-29,600519,10:17:02,1191.88,45,2
2026-06-29,600519,10:17:05,1193.10,100,2
2026-06-29,600519,10:17:08,1194.00,32,2
2026-06-29,600519,10:17:11,1195.00,101,2
2026-06-29,600519,10:17:14,1194.46,22,1
2026-06-29,600519,10:17:17,1195.50,97,2
2026-06-29,600519,10:17:20,1195.50,37,1
2026-06-29,600519,10:17:23,1196.25,93,2
2026-06-29,600519,10:17:26,1196.00,66,1
2026-06-29,600519,10:17:29,1196.00,38,1
2026-06-29,600519,10:17:32,1196.00,24,2
2026-06-29,600519,10:17:35,1196.00,20,2
2026-06-29,600519,10:17:38,1196.56,40,2
2026-06-29,600519,10:17:41,1196.54,32,1
2026-06-29,600519,10:17:44,1196.54,24,1
2026-06-29,600519,10:17:47,1196.50,14,1
2026-06-29,600519,10:17:50,1196.20,24,1
2026-06-29,600519,10:17:53,1196.00,31,1
2026-06-29,600519,10:17:56,1196.00,8,2
2026-06-29,600519,10:17:59,1196.10,40,2
2026-06-29,600519,10:18:02,1196.38,52,2
2026-06-29,600519,10:18:05,1197.56,146,2
2026-06-29,600519,10:18:08,1199.57,327,2
2026-06-29,600519,10:18:11,1200.00,316,2
2026-06-29,600519,10:18:14,1199.99,90,1
2026-06-29,600519,10:18:17,1201.01,69,2
2026-06-29,600519,10:18:20,1200.01,38,1
2026-06-29,600519,10:18:23,1200.50,40,2
2026-06-29,600519,10:18:26,1200.92,39,2
2026-06-29,600519,10:18:29,1201.62,104,2
2026-06-29,600519,10:18:32,1202.99,40,2
2026-06-29,600519,10:18:35,1203.00,104,2
2026-06-29,600519,10:18:38,1202.00,40,1
2026-06-29,600519,10:18:41,1201.61,18,1
2026-06-29,600519,10:18:44,1201.52,49,1
2026-06-29,600519,10:18:47,1200.91,35,1
2026-06-29,600519,10:18:50,1200.92,53,2
2026-06-29,600519,10:18:53,1201.98,38,2
2026-06-29,600519,10:18:56,1202.00,36,2
2026-06-29,600519,10:18:59,1202.99,84,2
2026-06-29,600519,10:19:02,1202.20,95,1
2026-06-29,600519,10:19:05,1202.01,38,1
2026-06-29,600519,10:19:08,1202.00,49,1
2026-06-29,600519,10:19:11,1201.02,19,1
2026-06-29,600519,10:19:14,1200.02,56,1
2026-06-29,600519,10:19:17,1198.57,23,1
2026-06-29,600519,10:19:20,1198.57,23,1
2026-06-29,600519,10:19:23,1198.58,19,2
2026-06-29,600519,10:19:26,1198.57,3,1
2026-06-29,600519,10:19:29,1197.22,15,1
2026-06-29,600519,10:19:32,1197.00,29,1
2026-06-29,600519,10:19:35,1198.57,110,2
2026-06-29,600519,10:19:38,1197.68,59,1
2026-06-29,600519,10:19:41,1196.81,13,1
2026-06-29,600519,10:19:44,1196.66,40,1
2026-06-29,600519,10:19:47,1196.80,10,2
2026-06-29,600519,10:19:50,1196.80,26,1
2026-06-29,600519,10:19:53,1198.00,77,2
2026-06-29,600519,10:19:56,1198.56,72,2
2026-06-29,600519,10:19:59,1197.02,7,1
2026-06-29,600519,10:20:02,1197.04,22,1
2026-06-29,600519,10:20:05,1197.72,57,2
2026-06-29,600519,10:20:08,1197.75,16,2
2026-06-29,600519,10:20:11,1197.66,12,1
2026-06-29,600519,10:20:14,1197.46,19,1
2026-06-29,600519,10:20:17,1197.50,21,2
2026-06-29,600519,10:20:20,1197.51,7,2
2026-06-29,600519,10:20:23,1197.42,11,1
2026-06-29,600519,10:20:26,1197.40,12,1
2026-06-29,600519,10:20:29,1197.50,21,2
2026-06-29,600519,10:20:32,1197.20,11,1
2026-06-29,600519,10:20:35,1197.60,23,2
2026-06-29,600519,10:20:38,1197.61,4,2
2026-06-29,600519,10:20:41,1197.06,15,1
2026-06-29,600519,10:20:44,1195.40,33,1
2026-06-29,600519,10:20:47,1195.40,18,1
2026-06-29,600519,10:20:50,1195.40,14,1
2026-06-29,600519,10:20:53,1195.03,23,1
2026-06-29,600519,10:20:56,1196.45,9,2
2026-06-29,600519,10:20:59,1195.66,28,1
2026-06-29,600519,10:21:02,1197.20,27,2
2026-06-29,600519,10:21:05,1197.50,17,2
2026-06-29,600519,10:21:08,1197.25,20,1
2026-06-29,600519,10:21:11,1197.25,8,2
2026-06-29,600519,10:21:14,1197.25,8,2
2026-06-29,600519,10:21:17,1197.25,6,2
2026-06-29,600519,10:21:20,1197.25,9,2
2026-06-29,600519,10:21:23,1197.48,16,2
2026-06-29,600519,10:21:26,1197.60,29,2
2026-06-29,600519,10:21:29,1197.48,23,1
2026-06-29,600519,10:21:32,1197.75,41,2
2026-06-29,600519,10:21:35,1197.65,15,1
2026-06-29,600519,10:21:38,1197.76,4,2
2026-06-29,600519,10:21:41,1197.75,5,1
2026-06-29,600519,10:21:44,1197.86,8,2
2026-06-29,600519,10:21:47,1197.75,5,2
2026-06-29,600519,10:21:50,1198.00,24,2
2026-06-29,600519,10:21:53,1197.75,5,1
2026-06-29,600519,10:21:56,1198.00,22,2
2026-06-29,600519,10:21:59,1198.06,7,2
2026-06-29,600519,10:22:02,1198.51,24,2
2026-06-29,600519,10:22:05,1198.46,21,1
2026-06-29,600519,10:22:08,1198.58,17,2
2026-06-29,600519,10:22:11,1199.87,74,2
2026-06-29,600519,10:22:14,1199.88,24,2
2026-06-29,600519,10:22:17,1198.88,36,1
2026-06-29,600519,10:22:20,1197.58,82,1
2026-06-29,600519,10:22:23,1195.66,46,1
2026-06-29,600519,10:22:26,1195.00,8,1
2026-06-29,600519,10:22:29,1195.38,4,2
2026-06-29,600519,10:22:32,1194.45,3,1
2026-06-29,600519,10:22:35,1194.44,6,1
2026-06-29,600519,10:22:38,1194.44,27,1
2026-06-29,600519,10:22:41,1195.16,22,2
2026-06-29,600519,10:22:44,1194.63,25,1
2026-06-29,600519,10:22:47,1195.28,52,2
2026-06-29,600519,10:22:50,1195.00,15,1
2026-06-29,600519,10:22:53,1195.50,8,2
2026-06-29,600519,10:22:56,1196.45,35,2
2026-06-29,600519,10:22:59,1196.40,22,1
2026-06-29,600519,10:23:02,1196.74,11,2
2026-06-29,600519,10:23:05,1196.99,15,2
2026-06-29,600519,10:23:08,1196.76,14,1
2026-06-29,600519,10:23:11,1197.00,3,2
2026-06-29,600519,10:23:14,1197.50,9,2
2026-06-29,600519,10:23:17,1196.99,18,1
2026-06-29,600519,10:23:20,1196.99,6,2
2026-06-29,600519,10:23:23,1196.98,5,1
2026-06-29,600519,10:23:26,1196.76,21,1
2026-06-29,600519,10:23:29,1196.76,19,1
2026-06-29,600519,10:23:32,1196.76,21,1
2026-06-29,600519,10:23:35,1197.00,23,2
2026-06-29,600519,10:23:38,1196.76,16,2
2026-06-29,600519,10:23:41,1197.00,10,2
2026-06-29,600519,10:23:44,1198.00,49,2
2026-06-29,600519,10:23:47,1198.60,9,2
2026-06-29,600519,10:23:50,1198.59,15,1
2026-06-29,600519,10:23:53,1199.24,40,2
2026-06-29,600519,10:23:56,1200.00,32,2
2026-06-29,600519,10:23:59,1200.26,127,2
2026-06-29,600519,10:24:02,1200.28,34,2
2026-06-29,600519,10:24:05,1201.04,26,2
2026-06-29,600519,10:24:08,1201.05,23,2
2026-06-29,600519,10:24:11,1201.90,18,2
2026-06-29,600519,10:24:14,1201.05,66,1
2026-06-29,600519,10:24:17,1201.10,17,2
2026-06-29,600519,10:24:20,1201.07,5,1
2026-06-29,600519,10:24:23,1200.26,21,1
2026-06-29,600519,10:24:26,1201.83,40,2
2026-06-29,600519,10:24:29,1201.78,18,2
2026-06-29,600519,10:24:32,1201.06,10,1
2026-06-29,600519,10:24:35,1200.26,17,1
2026-06-29,600519,10:24:38,1200.28,8,2
2026-06-29,600519,10:24:41,1201.06,12,2
2026-06-29,600519,10:24:44,1201.06,34,2
2026-06-29,600519,10:24:47,1201.06,41,1
2026-06-29,600519,10:24:50,1201.06,76,1
2026-06-29,600519,10:24:53,1201.00,31,1
2026-06-29,600519,10:24:56,1201.00,44,2
2026-06-29,600519,10:24:59,1201.00,5,2
2026-06-29,600519,10:25:02,1200.80,10,2
2026-06-29,600519,10:25:05,1201.60,52,2
2026-06-29,600519,10:25:08,1201.99,34,2
2026-06-29,600519,10:25:11,1202.22,189,2
2026-06-29,600519,10:25:14,1202.86,23,2
2026-06-29,600519,10:25:17,1202.98,29,2
2026-06-29,600519,10:25:20,1203.10,224,2
2026-06-29,600519,10:25:23,1203.26,41,2
2026-06-29,600519,10:25:26,1203.50,32,2
2026-06-29,600519,10:25:29,1203.67,25,2
2026-06-29,600519,10:25:32,1204.21,47,2
2026-06-29,600519,10:25:35,1205.00,32,2
2026-06-29,600519,10:25:38,1205.03,149,2
2026-06-29,600519,10:25:41,1205.01,56,1
2026-06-29,600519,10:25:44,1204.23,72,1
2026-06-29,600519,10:25:47,1204.00,38,1
2026-06-29,600519,10:25:50,1203.18,141,1
2026-06-29,600519,10:25:53,1202.57,21,1
2026-06-29,600519,10:25:56,1201.81,12,1
2026-06-29,600519,10:25:59,1201.81,7,1
2026-06-29,600519,10:26:02,1201.81,13,1
2026-06-29,600519,10:26:05,1201.81,25,2
2026-06-29,600519,10:26:08,1201.84,23,2
2026-06-29,600519,10:26:11,1202.88,48,2
2026-06-29,600519,10:26:14,1202.93,38,2
2026-06-29,600519,10:26:17,1202.96,9,2
2026-06-29,600519,10:26:20,1202.88,18,1
2026-06-29,600519,10:26:23,1202.84,53,1
2026-06-29,600519,10:26:26,1202.00,11,1
2026-06-29,600519,10:26:29,1202.01,10,2
2026-06-29,600519,10:26:32,1202.01,15,1
2026-06-29,600519,10:26:35,1202.65,16,2
2026-06-29,600519,10:26:38,1201.86,7,1
2026-06-29,600519,10:26:41,1201.85,17,1
2026-06-29,600519,10:26:44,1201.80,5,1
2026-06-29,600519,10:26:47,1201.79,6,1
2026-06-29,600519,10:26:50,1201.00,30,1
2026-06-29,600519,10:26:53,1200.32,16,1
2026-06-29,600519,10:26:56,1200.27,42,1
2026-06-29,600519,10:26:59,1200.31,21,2
2026-06-29,600519,10:27:02,1200.31,22,2
2026-06-29,600519,10:27:05,1200.28,35,1
2026-06-29,600519,10:27:08,1201.85,76,2
2026-06-29,600519,10:27:11,1201.07,99,1
2026-06-29,600519,10:27:14,1200.28,14,1
2026-06-29,600519,10:27:17,1200.96,8,2
2026-06-29,600519,10:27:20,1200.47,7,1
2026-06-29,600519,10:27:23,1200.28,9,1
2026-06-29,600519,10:27:26,1200.27,13,1
2026-06-29,600519,10:27:29,1200.00,9,1
2026-06-29,600519,10:27:32,1199.96,29,1
2026-06-29,600519,10:27:35,1199.96,20,1
2026-06-29,600519,10:27:38,1200.26,40,2
2026-06-29,600519,10:27:41,1201.88,52,2
2026-06-29,600519,10:27:44,1202.03,49,2
2026-06-29,600519,10:27:47,1203.09,64,2
2026-06-29,600519,10:27:50,1203.97,18,2
2026-06-29,600519,10:27:53,1203.77,51,1
2026-06-29,600519,10:27:56,1203.78,26,2
2026-06-29,600519,10:27:59,1202.22,11,1
2026-06-29,600519,10:28:02,1203.08,10,2
2026-06-29,600519,10:28:05,1203.09,41,2
2026-06-29,600519,10:28:08,1203.07,10,1
2026-06-29,600519,10:28:11,1202.92,8,1
2026-06-29,600519,10:28:14,1202.92,7,1
2026-06-29,600519,10:28:17,1203.00,11,2
2026-06-29,600519,10:28:20,1202.23,14,1
2026-06-29,600519,10:28:23,1202.92,6,2
2026-06-29,600519,10:28:26,1202.83,3,1
2026-06-29,600519,10:28:29,1202.83,9,1
2026-06-29,600519,10:28:32,1202.92,3,2
2026-06-29,600519,10:28:35,1202.24,10,1
2026-06-29,600519,10:28:38,1202.23,29,1
2026-06-29,600519,10:28:41,1202.20,31,1
2026-06-29,600519,10:28:44,1202.21,14,2
2026-06-29,600519,10:28:47,1202.21,18,1
2026-06-29,600519,10:28:50,1202.25,10,2
2026-06-29,600519,10:28:53,1202.83,27,2
2026-06-29,600519,10:28:56,1202.83,48,2
2026-06-29,600519,10:28:59,1202.81,31,1
2026-06-29,600519,10:29:02,1203.01,53,2
2026-06-29,600519,10:29:05,1202.20,54,1
2026-06-29,600519,10:29:08,1201.12,33,1
2026-06-29,600519,10:29:11,1200.00,13,1
2026-06-29,600519,10:29:14,1201.77,2,2
2026-06-29,600519,10:29:17,1201.96,9,2
2026-06-29,600519,10:29:20,1201.32,7,1
2026-06-29,600519,10:29:23,1201.07,12,1
2026-06-29,600519,10:29:26,1200.88,3,1
2026-06-29,600519,10:29:29,1200.05,11,1
2026-06-29,600519,10:29:32,1200.01,6,1
2026-06-29,600519,10:29:35,1199.00,21,1
2026-06-29,600519,10:29:38,1199.82,14,2
2026-06-29,600519,10:29:41,1198.86,3,1
2026-06-29,600519,10:29:44,1198.88,40,1
2026-06-29,600519,10:29:47,1198.29,19,1
2026-06-29,600519,10:29:50,1198.34,12,2
2026-06-29,600519,10:29:53,1199.95,67,2
2026-06-29,600519,10:29:56,1200.87,56,2
2026-06-29,600519,10:29:59,1201.31,42,2
2026-06-29,600519,10:30:02,1202.08,34,2
2026-06-29,600519,10:30:05,1202.68,15,2
2026-06-29,600519,10:30:08,1202.68,40,1
2026-06-29,600519,10:30:11,1202.82,41,2
2026-06-29,600519,10:30:14,1203.00,76,2
2026-06-29,600519,10:30:17,1201.34,25,1
2026-06-29,600519,10:30:20,1200.00,11,1
2026-06-29,600519,10:30:23,1198.50,19,1
2026-06-29,600519,10:30:26,1199.95,20,2
2026-06-29,600519,10:30:29,1200.37,43,2
2026-06-29,600519,10:30:32,1201.51,25,2
2026-06-29,600519,10:30:35,1201.34,27,1
2026-06-29,600519,10:30:38,1201.50,12,2
2026-06-29,600519,10:30:41,1200.40,15,1
2026-06-29,600519,10:30:44,1200.40,7,1
2026-06-29,600519,10:30:47,1200.45,10,2
2026-06-29,600519,10:30:50,1200.43,28,1
2026-06-29,600519,10:30:53,1200.56,19,2
2026-06-29,600519,10:30:56,1201.00,8,2
2026-06-29,600519,10:30:59,1201.10,17,2
2026-06-29,600519,10:31:02,1202.50,91,2
2026-06-29,600519,10:31:05,1203.50,113,2
2026-06-29,600519,10:31:08,1202.86,41,1
2026-06-29,600519,10:31:11,1203.45,23,2
2026-06-29,600519,10:31:14,1203.50,17,2
2026-06-29,600519,10:31:17,1203.87,25,2
2026-06-29,600519,10:31:20,1203.50,22,1
2026-06-29,600519,10:31:23,1203.51,27,2
2026-06-29,600519,10:31:26,1203.50,6,2
2026-06-29,600519,10:31:29,1203.50,11,2
2026-06-29,600519,10:31:32,1203.33,43,2
2026-06-29,600519,10:31:35,1203.50,17,2
2026-06-29,600519,10:31:38,1203.50,16,2
2026-06-29,600519,10:31:41,1202.67,6,1
2026-06-29,600519,10:31:44,1203.48,12,2
2026-06-29,600519,10:31:47,1203.87,79,2
2026-06-29,600519,10:31:50,1204.62,88,2
2026-06-29,600519,10:31:53,1204.67,11,2
2026-06-29,600519,10:31:56,1204.97,17,2
2026-06-29,600519,10:31:59,1204.90,16,1
2026-06-29,600519,10:32:02,1205.80,323,2
2026-06-29,600519,10:32:05,1206.00,106,2
2026-06-29,600519,10:32:08,1205.98,33,1
2026-06-29,600519,10:32:11,1206.48,41,2
2026-06-29,600519,10:32:14,1206.00,44,1
2026-06-29,600519,10:32:17,1205.01,58,1
2026-06-29,600519,10:32:20,1205.25,20,2
2026-06-29,600519,10:32:23,1205.99,12,2
2026-06-29,600519,10:32:26,1205.98,8,2
2026-06-29,600519,10:32:29,1205.96,5,1
2026-06-29,600519,10:32:32,1205.98,11,2
2026-06-29,600519,10:32:35,1205.00,19,1
2026-06-29,600519,10:32:38,1205.19,17,2
2026-06-29,600519,10:32:41,1205.00,26,1
2026-06-29,600519,10:32:44,1205.00,18,2
2026-06-29,600519,10:32:47,1204.99,18,1
2026-06-29,600519,10:32:50,1204.99,11,1
2026-06-29,600519,10:32:53,1205.00,8,2
2026-06-29,600519,10:32:56,1204.98,39,2
2026-06-29,600519,10:32:59,1205.70,46,2
2026-06-29,600519,10:33:02,1205.90,32,2
2026-06-29,600519,10:33:05,1205.95,41,2
2026-06-29,600519,10:33:08,1206.00,65,2
2026-06-29,600519,10:33:11,1205.99,13,2
2026-06-29,600519,10:33:14,1205.90,14,1
2026-06-29,600519,10:33:17,1205.95,45,2
2026-06-29,600519,10:33:20,1205.75,6,1
2026-06-29,600519,10:33:23,1205.95,13,2
2026-06-29,600519,10:33:26,1205.96,58,2
2026-06-29,600519,10:33:29,1205.96,35,1
2026-06-29,600519,10:33:32,1205.95,26,1
2026-06-29,600519,10:33:35,1205.95,34,1
2026-06-29,600519,10:33:38,1205.94,19,1
2026-06-29,600519,10:33:41,1205.94,19,1
2026-06-29,600519,10:33:44,1205.94,14,2
2026-06-29,600519,10:33:47,1205.99,18,2
2026-06-29,600519,10:33:50,1206.00,38,2
2026-06-29,600519,10:33:53,1206.40,20,2
2026-06-29,600519,10:33:56,1206.00,18,1
2026-06-29,600519,10:33:59,1206.43,18,2
2026-06-29,600519,10:34:02,1206.62,28,2
2026-06-29,600519,10:34:05,1206.66,15,2
2026-06-29,600519,10:34:08,1206.60,21,1
2026-06-29,600519,10:34:11,1206.98,36,2
2026-06-29,600519,10:34:14,1207.88,82,2
2026-06-29,600519,10:34:17,1208.23,118,2
2026-06-29,600519,10:34:20,1208.43,22,2
2026-06-29,600519,10:34:23,1208.44,25,2
2026-06-29,600519,10:34:26,1208.50,69,2
2026-06-29,600519,10:34:29,1208.51,66,2
2026-06-29,600519,10:34:32,1207.89,47,1
2026-06-29,600519,10:34:35,1208.80,55,2
2026-06-29,600519,10:34:38,1207.98,30,1
2026-06-29,600519,10:34:41,1208.53,16,2
2026-06-29,600519,10:34:44,1208.48,57,1
2026-06-29,600519,10:34:47,1208.80,42,2
2026-06-29,600519,10:34:50,1208.88,38,2
2026-06-29,600519,10:34:53,1208.96,22,2
2026-06-29,600519,10:34:56,1209.00,58,2
2026-06-29,600519,10:34:59,1208.01,33,1
2026-06-29,600519,10:35:02,1208.86,26,2
2026-06-29,600519,10:35:05,1208.91,8,2
2026-06-29,600519,10:35:08,1208.99,44,2
2026-06-29,600519,10:35:11,1209.00,63,2
2026-06-29,600519,10:35:14,1209.21,33,2
2026-06-29,600519,10:35:17,1209.22,16,2
2026-06-29,600519,10:35:20,1209.50,16,2
2026-06-29,600519,10:35:23,1209.52,46,2
2026-06-29,600519,10:35:26,1209.50,42,1
2026-06-29,600519,10:35:29,1209.55,22,2
2026-06-29,600519,10:35:32,1209.66,16,2
2026-06-29,600519,10:35:35,1209.95,23,2
2026-06-29,600519,10:35:38,1211.50,398,2
2026-06-29,600519,10:35:41,1212.10,72,2
2026-06-29,600519,10:35:44,1212.88,41,2
2026-06-29,600519,10:35:47,1213.13,70,2
2026-06-29,600519,10:35:50,1213.99,33,2
2026-06-29,600519,10:35:53,1214.12,52,2
2026-06-29,600519,10:35:56,1214.80,72,2
2026-06-29,600519,10:35:59,1214.79,88,2
2026-06-29,600519,10:36:02,1214.88,56,2
2026-06-29,600519,10:36:05,1214.79,31,1
2026-06-29,600519,10:36:08,1213.73,91,1
2026-06-29,600519,10:36:11,1213.12,54,1
2026-06-29,600519,10:36:14,1213.87,46,2
2026-06-29,600519,10:36:17,1212.36,48,1
2026-06-29,600519,10:36:20,1212.36,25,1
2026-06-29,600519,10:36:23,1213.00,29,2
2026-06-29,600519,10:36:26,1212.36,24,1
2026-06-29,600519,10:36:29,1211.72,55,1
2026-06-29,600519,10:36:32,1210.02,10,1
2026-06-29,600519,10:36:35,1210.15,15,2
2026-06-29,600519,10:36:38,1210.04,21,1
2026-06-29,600519,10:36:41,1211.50,26,2
2026-06-29,600519,10:36:44,1211.50,28,2
2026-06-29,600519,10:36:47,1211.49,20,2
2026-06-29,600519,10:36:50,1211.71,13,2
2026-06-29,600519,10:36:53,1211.71,28,1
2026-06-29,600519,10:36:56,1212.35,21,2
2026-06-29,600519,10:36:59,1211.70,52,1
2026-06-29,600519,10:37:02,1211.57,72,1
2026-06-29,600519,10:37:05,1211.57,61,2
2026-06-29,600519,10:37:08,1211.67,25,2
2026-06-29,600519,10:37:11,1211.67,24,1
2026-06-29,600519,10:37:14,1212.00,25,2
2026-06-29,600519,10:37:17,1211.66,12,1
2026-06-29,600519,10:37:20,1211.00,38,1
2026-06-29,600519,10:37:23,1211.00,16,2
2026-06-29,600519,10:37:26,1211.65,15,2
2026-06-29,600519,10:37:29,1210.16,49,1
2026-06-29,600519,10:37:32,1210.01,26,1
2026-06-29,600519,10:37:35,1210.16,26,2
2026-06-29,600519,10:37:38,1210.16,15,1
2026-06-29,600519,10:37:41,1210.29,35,2
2026-06-29,600519,10:37:44,1210.15,30,1
2026-06-29,600519,10:37:47,1210.30,78,2
2026-06-29,600519,10:37:50,1210.33,19,1
2026-06-29,600519,10:37:53,1210.91,17,2
2026-06-29,600519,10:37:56,1211.65,6,2
2026-06-29,600519,10:37:59,1211.57,44,1
2026-06-29,600519,10:38:02,1210.93,39,1
2026-06-29,600519,10:38:05,1210.92,22,1
2026-06-29,600519,10:38:08,1210.94,17,2
2026-06-29,600519,10:38:11,1211.57,15,2
2026-06-29,600519,10:38:14,1212.00,40,2
2026-06-29,600519,10:38:17,1212.12,30,2
2026-06-29,600519,10:38:20,1212.07,31,1
2026-06-29,600519,10:38:23,1212.36,25,2
2026-06-29,600519,10:38:26,1212.49,15,2
2026-06-29,600519,10:38:29,1212.71,30,2
2026-06-29,600519,10:38:32,1212.69,22,1
2026-06-29,600519,10:38:35,1212.71,32,2
2026-06-29,600519,10:38:38,1212.71,15,2
2026-06-29,600519,10:38:41,1212.69,50,1
2026-06-29,600519,10:38:44,1212.70,67,2
2026-06-29,600519,10:38:47,1212.72,30,2
2026-06-29,600519,10:38:50,1212.88,30,2
2026-06-29,600519,10:38:53,1212.72,13,1
2026-06-29,600519,10:38:56,1213.02,13,2
2026-06-29,600519,10:38:59,1212.89,58,1
2026-06-29,600519,10:39:02,1213.00,28,2
2026-06-29,600519,10:39:05,1213.00,32,2
2026-06-29,600519,10:39:08,1212.87,18,1
2026-06-29,600519,10:39:11,1212.87,25,1
2026-06-29,600519,10:39:14,1212.87,25,2
2026-06-29,600519,10:39:17,1212.87,8,1
2026-06-29,600519,10:39:20,1212.87,32,1
2026-06-29,600519,10:39:23,1212.87,14,2
2026-06-29,600519,10:39:26,1212.87,24,2
2026-06-29,600519,10:39:29,1212.83,17,1
2026-06-29,600519,10:39:32,1212.65,42,1
2026-06-29,600519,10:39:35,1212.01,29,1
2026-06-29,600519,10:39:38,1212.50,8,2
2026-06-29,600519,10:39:41,1211.99,7,1
2026-06-29,600519,10:39:44,1211.98,12,1
2026-06-29,600519,10:39:47,1211.98,18,1
2026-06-29,600519,10:39:50,1211.90,14,1
2026-06-29,600519,10:39:53,1211.97,15,2
2026-06-29,600519,10:39:56,1211.57,24,1
2026-06-29,600519,10:39:59,1210.17,8,1
2026-06-29,600519,10:40:02,1210.19,15,2
2026-06-29,600519,10:40:05,1211.57,21,2
2026-06-29,600519,10:40:08,1211.96,23,2
2026-06-29,600519,10:40:11,1212.01,32,2
2026-06-29,600519,10:40:14,1212.12,13,2
2026-06-29,600519,10:40:17,1212.74,18,2
2026-06-29,600519,10:40:20,1212.83,30,2
2026-06-29,600519,10:40:23,1212.82,20,1
2026-06-29,600519,10:40:26,1212.80,12,1
2026-06-29,600519,10:40:29,1212.81,17,2
2026-06-29,600519,10:40:32,1212.80,40,1
2026-06-29,600519,10:40:35,1212.80,34,2
2026-06-29,600519,10:40:38,1212.78,8,1
2026-06-29,600519,10:40:41,1212.76,29,1
2026-06-29,600519,10:40:44,1212.74,13,1
2026-06-29,600519,10:40:47,1212.73,7,1
2026-06-29,600519,10:40:50,1212.72,12,1
2026-06-29,600519,10:40:53,1212.72,6,2
2026-06-29,600519,10:40:56,1212.47,6,1
2026-06-29,600519,10:40:59,1212.46,13,1
2026-06-29,600519,10:41:02,1212.47,13,2
2026-06-29,600519,10:41:05,1212.42,6,1
2026-06-29,600519,10:41:08,1212.40,15,1
2026-06-29,600519,10:41:11,1211.18,16,1
2026-06-29,600519,10:41:14,1211.52,1,2
2026-06-29,600519,10:41:17,1210.34,8,1
2026-06-29,600519,10:41:20,1209.55,21,1
2026-06-29,600519,10:41:23,1209.55,31,1
2026-06-29,600519,10:41:29,1208.78,9,1
2026-06-29,600519,10:41:32,1208.79,16,2
2026-06-29,600519,10:41:35,1208.00,17,1
2026-06-29,600519,10:41:38,1208.00,12,1
2026-06-29,600519,10:41:41,1208.00,20,1
2026-06-29,600519,10:41:44,1207.99,5,2
2026-06-29,600519,10:41:47,1208.00,45,2
2026-06-29,600519,10:41:50,1208.60,68,2
2026-06-29,600519,10:41:53,1209.47,51,2
2026-06-29,600519,10:41:56,1209.95,24,2
2026-06-29,600519,10:41:59,1209.95,7,2
2026-06-29,600519,10:42:02,1209.96,13,2
2026-06-29,600519,10:42:05,1210.00,5,2
2026-06-29,600519,10:42:08,1210.90,16,2
2026-06-29,600519,10:42:11,1210.02,12,1
2026-06-29,600519,10:42:14,1210.35,10,2
2026-06-29,600519,10:42:17,1210.35,20,2
2026-06-29,600519,10:42:20,1210.90,23,2
2026-06-29,600519,10:42:23,1210.52,25,1
2026-06-29,600519,10:42:26,1211.18,3,2
2026-06-29,600519,10:42:29,1210.51,24,1
2026-06-29,600519,10:42:32,1210.91,10,2
2026-06-29,600519,10:42:35,1210.88,20,1
2026-06-29,600519,10:42:38,1210.87,21,1
2026-06-29,600519,10:42:41,1210.85,26,1
2026-06-29,600519,10:42:44,1210.86,2,1
2026-06-29,600519,10:42:47,1210.87,13,2
2026-06-29,600519,10:42:50,1210.35,20,1
2026-06-29,600519,10:42:53,1210.81,5,2
2026-06-29,600519,10:42:56,1210.12,3,1
2026-06-29,600519,10:42:59,1210.13,4,2
2026-06-29,600519,10:43:02,1210.12,7,1
2026-06-29,600519,10:43:05,1210.13,13,2
2026-06-29,600519,10:43:08,1210.49,24,2
2026-06-29,600519,10:43:11,1210.49,6,1
2026-06-29,600519,10:43:14,1210.70,24,2
2026-06-29,600519,10:43:17,1210.49,16,1
2026-06-29,600519,10:43:20,1210.48,16,1
2026-06-29,600519,10:43:23,1210.47,12,1
2026-06-29,600519,10:43:26,1210.46,13,1
2026-06-29,600519,10:43:29,1210.41,34,1
2026-06-29,600519,10:43:32,1210.39,19,1
2026-06-29,600519,10:43:35,1210.70,87,2
2026-06-29,600519,10:43:38,1210.77,33,2
2026-06-29,600519,10:43:41,1210.81,13,2
2026-06-29,600519,10:43:44,1210.82,13,2
2026-06-29,600519,10:43:47,1210.87,42,2
2026-06-29,600519,10:43:50,1212.38,96,2
2026-06-29,600519,10:43:53,1212.40,36,2
2026-06-29,600519,10:43:56,1212.45,30,2
2026-06-29,600519,10:43:59,1212.51,17,2
2026-06-29,600519,10:44:02,1212.48,9,1
2026-06-29,600519,10:44:05,1212.47,25,1
2026-06-29,600519,10:44:08,1212.48,35,2
2026-06-29,600519,10:44:11,1212.47,10,1
2026-06-29,600519,10:44:14,1212.47,5,1
2026-06-29,600519,10:44:17,1212.45,35,1
2026-06-29,600519,10:44:20,1212.43,19,1
2026-06-29,600519,10:44:23,1212.44,5,1
2026-06-29,600519,10:44:26,1212.43,9,1
2026-06-29,600519,10:44:29,1212.37,27,1
2026-06-29,600519,10:44:32,1212.37,1,2
2026-06-29,600519,10:44:35,1212.37,2,2
2026-06-29,600519,10:44:38,1210.87,2,1
2026-06-29,600519,10:44:41,1210.87,2,1
2026-06-29,600519,10:44:44,1212.00,4,2
2026-06-29,600519,10:44:47,1210.91,2,1
2026-06-29,600519,10:44:50,1211.99,26,2
2026-06-29,600519,10:44:53,1212.00,5,2
2026-06-29,600519,10:44:56,1212.00,2,2
2026-06-29,600519,10:44:59,1210.91,7,1
2026-06-29,600519,10:45:02,1210.91,5,1
2026-06-29,600519,10:45:05,1211.98,7,2
2026-06-29,600519,10:45:08,1210.91,5,1
2026-06-29,600519,10:45:11,1210.91,3,1
2026-06-29,600519,10:45:14,1210.88,9,1
2026-06-29,600519,10:45:17,1210.76,7,1
2026-06-29,600519,10:45:20,1210.00,24,1
2026-06-29,600519,10:45:23,1210.10,5,2
2026-06-29,600519,10:45:26,1210.00,1,1
2026-06-29,600519,10:45:29,1210.00,10,1
2026-06-29,600519,10:45:32,1209.98,4,1
2026-06-29,600519,10:45:35,1209.92,9,1
2026-06-29,600519,10:45:38,1209.18,3,1
2026-06-29,600519,10:45:41,1209.18,8,1
2026-06-29,600519,10:45:44,1209.20,22,2
2026-06-29,600519,10:45:47,1209.22,9,2
2026-06-29,600519,10:45:50,1209.23,23,2
2026-06-29,600519,10:45:53,1209.28,18,1
2026-06-29,600519,10:45:56,1209.94,8,2
2026-06-29,600519,10:45:59,1209.29,9,1
2026-06-29,600519,10:46:02,1209.36,10,2
2026-06-29,600519,10:46:05,1209.35,9,1
2026-06-29,600519,10:46:08,1209.78,11,2
2026-06-29,600519,10:46:11,1209.30,15,1
2026-06-29,600519,10:46:14,1209.40,3,2
2026-06-29,600519,10:46:17,1209.88,20,2
2026-06-29,600519,10:46:20,1210.00,12,2
2026-06-29,600519,10:46:23,1209.92,35,1
2026-06-29,600519,10:46:26,1210.00,5,2
2026-06-29,600519,10:46:29,1209.95,13,1
2026-06-29,600519,10:46:32,1210.10,10,2
2026-06-29,600519,10:46:35,1210.74,5,2
2026-06-29,600519,10:46:38,1210.00,4,1
2026-06-29,600519,10:46:41,1210.00,31,1
2026-06-29,600519,10:46:44,1210.00,13,2
2026-06-29,600519,10:46:47,1210.01,6,2
2026-06-29,600519,10:46:50,1210.60,23,2
2026-06-29,600519,10:46:53,1210.06,22,1
2026-06-29,600519,10:46:56,1210.06,8,1
2026-06-29,600519,10:46:59,1210.09,10,2
2026-06-29,600519,10:47:02,1210.11,19,2
2026-06-29,600519,10:47:05,1210.10,9,2
2026-06-29,600519,10:47:08,1210.08,31,1
2026-06-29,600519,10:47:11,1210.86,25,2
2026-06-29,600519,10:47:14,1210.91,11,2
2026-06-29,600519,10:47:17,1210.95,15,2
2026-06-29,600519,10:47:20,1211.86,8,2
2026-06-29,600519,10:47:23,1211.96,8,2
2026-06-29,600519,10:47:26,1212.00,98,2
2026-06-29,600519,10:47:29,1212.30,37,2
2026-06-29,600519,10:47:32,1212.37,15,2
2026-06-29,600519,10:47:35,1212.47,38,2
2026-06-29,600519,10:47:38,1212.77,21,2
2026-06-29,600519,10:47:41,1212.80,79,2
2026-06-29,600519,10:47:44,1212.91,28,2
2026-06-29,600519,10:47:47,1212.97,72,2
2026-06-29,600519,10:47:50,1213.00,46,2
2026-06-29,600519,10:47:53,1213.12,5,2
2026-06-29,600519,10:47:56,1213.09,15,1
2026-06-29,600519,10:47:59,1213.77,25,2
2026-06-29,600519,10:48:02,1213.79,12,2
2026-06-29,600519,10:48:05,1213.88,6,2
2026-06-29,600519,10:48:08,1213.85,8,1
2026-06-29,600519,10:48:11,1213.88,19,2
2026-06-29,600519,10:48:14,1213.88,13,2
2026-06-29,600519,10:48:17,1213.88,28,2
2026-06-29,600519,10:48:20,1213.85,61,1
2026-06-29,600519,10:48:23,1213.88,13,2
2026-06-29,600519,10:48:26,1213.90,11,2
2026-06-29,600519,10:48:29,1213.82,19,1
2026-06-29,600519,10:48:32,1213.87,27,2
2026-06-29,600519,10:48:35,1213.87,10,1
2026-06-29,600519,10:48:38,1213.90,28,2
2026-06-29,600519,10:48:41,1213.87,10,1
2026-06-29,600519,10:48:44,1213.88,6,2
2026-06-29,600519,10:48:47,1214.00,19,2
2026-06-29,600519,10:48:50,1213.99,34,2
2026-06-29,600519,10:48:53,1213.82,26,1
2026-06-29,600519,10:48:56,1212.86,20,1
2026-06-29,600519,10:48:59,1212.96,5,2
2026-06-29,600519,10:49:02,1212.85,5,1
2026-06-29,600519,10:49:05,1212.80,18,1
2026-06-29,600519,10:49:08,1212.84,5,2
2026-06-29,600519,10:49:11,1212.84,7,2
2026-06-29,600519,10:49:14,1212.34,25,1
2026-06-29,600519,10:49:17,1212.33,2,1
2026-06-29,600519,10:49:20,1212.02,25,1
2026-06-29,600519,10:49:23,1212.00,4,1
2026-06-29,600519,10:49:26,1211.98,3,1
2026-06-29,600519,10:49:29,1211.02,5,1
2026-06-29,600519,10:49:32,1211.00,14,1
2026-06-29,600519,10:49:38,1210.54,2,1
2026-06-29,600519,10:49:41,1210.00,13,1
2026-06-29,600519,10:49:44,1210.01,7,1
2026-06-29,600519,10:49:47,1210.45,9,2
2026-06-29,600519,10:49:50,1210.45,24,1
2026-06-29,600519,10:49:53,1210.45,5,2
2026-06-29,600519,10:49:56,1209.91,1,1
2026-06-29,600519,10:49:59,1209.90,42,1
2026-06-29,600519,10:50:02,1209.40,4,1
2026-06-29,600519,10:50:05,1209.89,1,2
2026-06-29,600519,10:50:08,1208.77,23,1
2026-06-29,600519,10:50:11,1208.30,14,1
2026-06-29,600519,10:50:14,1208.00,8,1
2026-06-29,600519,10:50:17,1207.96,5,1
2026-06-29,600519,10:50:20,1206.96,5,1
2026-06-29,600519,10:50:23,1206.82,4,1
2026-06-29,600519,10:50:26,1206.83,14,2
2026-06-29,600519,10:50:29,1207.40,26,2
2026-06-29,600519,10:50:32,1207.94,18,2
2026-06-29,600519,10:50:35,1207.42,15,1
2026-06-29,600519,10:50:38,1207.41,20,1
2026-06-29,600519,10:50:41,1207.89,13,2
2026-06-29,600519,10:50:47,1207.31,7,1
2026-06-29,600519,10:50:50,1207.31,9,1
2026-06-29,600519,10:50:53,1207.29,11,1
2026-06-29,600519,10:50:56,1206.80,6,1
2026-06-29,600519,10:50:59,1207.30,18,2
2026-06-29,600519,10:51:02,1207.41,19,2
2026-06-29,600519,10:51:05,1207.31,15,1
2026-06-29,600519,10:51:08,1207.31,14,1
2026-06-29,600519,10:51:11,1207.98,28,2
2026-06-29,600519,10:51:14,1207.90,20,1
2026-06-29,600519,10:51:17,1207.89,25,1
2026-06-29,600519,10:51:20,1207.88,16,1
2026-06-29,600519,10:51:23,1207.90,8,2
2026-06-29,600519,10:51:26,1207.88,8,1
2026-06-29,600519,10:51:29,1207.74,1,1
2026-06-29,600519,10:51:32,1207.87,4,2
2026-06-29,600519,10:51:35,1207.74,6,1
2026-06-29,600519,10:51:38,1208.41,57,2
2026-06-29,600519,10:51:41,1208.74,21,2
2026-06-29,600519,10:51:44,1208.74,4,2
2026-06-29,600519,10:51:47,1208.77,122,2
2026-06-29,600519,10:51:50,1209.41,6,2
2026-06-29,600519,10:51:53,1209.41,6,2
2026-06-29,600519,10:51:56,1209.79,3,2
2026-06-29,600519,10:51:59,1208.80,6,1
2026-06-29,600519,10:52:02,1209.50,18,2
2026-06-29,600519,10:52:05,1209.50,13,2
2026-06-29,600519,10:52:08,1209.15,1,1
2026-06-29,600519,10:52:11,1207.91,4,1
2026-06-29,600519,10:52:14,1207.91,10,1
2026-06-29,600519,10:52:17,1207.87,3,2
2026-06-29,600519,10:52:20,1207.50,4,1
2026-06-29,600519,10:52:23,1207.34,14,1
2026-06-29,600519,10:52:26,1207.74,4,1
2026-06-29,600519,10:52:29,1207.50,3,1
2026-06-29,600519,10:52:32,1207.52,11,2
2026-06-29,600519,10:52:35,1208.04,98,2
2026-06-29,600519,10:52:38,1209.04,16,2
2026-06-29,600519,10:52:41,1209.05,5,1
2026-06-29,600519,10:52:44,1208.04,30,1
2026-06-29,600519,10:52:47,1208.04,12,2
2026-06-29,600519,10:52:50,1207.54,7,1
2026-06-29,600519,10:52:53,1208.98,6,2
2026-06-29,600519,10:52:56,1208.96,7,1
2026-06-29,600519,10:52:59,1207.58,4,1
2026-06-29,600519,10:53:02,1207.60,4,2
2026-06-29,600519,10:53:05,1208.95,7,2
2026-06-29,600519,10:53:11,1208.26,17,1
2026-06-29,600519,10:53:14,1208.46,6,1
2026-06-29,600519,10:53:17,1208.31,25,1
2026-06-29,600519,10:53:20,1208.60,20,2
2026-06-29,600519,10:53:23,1208.29,4,1
2026-06-29,600519,10:53:26,1207.65,4,1
2026-06-29,600519,10:53:29,1207.65,3,1
2026-06-29,600519,10:53:32,1207.63,4,1
2026-06-29,600519,10:53:35,1207.66,11,2
2026-06-29,600519,10:53:38,1207.63,7,1
2026-06-29,600519,10:53:41,1207.62,5,1
2026-06-29,600519,10:53:44,1207.57,7,1
2026-06-29,600519,10:53:47,1207.34,3,1
2026-06-29,600519,10:53:50,1207.31,2,1
2026-06-29,600519,10:53:53,1207.01,1,1
2026-06-29,600519,10:53:56,1207.00,12,1
2026-06-29,600519,10:53:59,1207.30,11,2
2026-06-29,600519,10:54:02,1207.01,12,2
2026-06-29,600519,10:54:05,1207.02,3,2
2026-06-29,600519,10:54:08,1207.00,6,1
2026-06-29,600519,10:54:11,1207.04,1,2
2026-06-29,600519,10:54:14,1206.97,3,1
2026-06-29,600519,10:54:20,1206.98,4,1
2026-06-29,600519,10:54:23,1206.96,8,1
2026-06-29,600519,10:54:26,1206.98,2,2
2026-06-29,600519,10:54:29,1206.96,32,1
2026-06-29,600519,10:54:32,1206.94,9,1
2026-06-29,600519,10:54:35,1206.85,5,1
2026-06-29,600519,10:54:38,1206.83,4,1
2026-06-29,600519,10:54:41,1206.83,4,1
2026-06-29,600519,10:54:47,1206.82,3,1
2026-06-29,600519,10:54:50,1206.80,6,1
2026-06-29,600519,10:54:53,1206.80,2,1
2026-06-29,600519,10:54:56,1206.31,4,1
2026-06-29,600519,10:54:59,1206.38,9,2
2026-06-29,600519,10:55:02,1206.21,19,1
2026-06-29,600519,10:55:05,1206.22,5,2
2026-06-29,600519,10:55:08,1206.20,25,1
2026-06-29,600519,10:55:11,1206.03,12,1
2026-06-29,600519,10:55:14,1206.02,5,1
2026-06-29,600519,10:55:17,1206.02,16,2
2026-06-29,600519,10:55:20,1206.02,18,2
2026-06-29,600519,10:55:23,1206.02,13,1
2026-06-29,600519,10:55:26,1206.00,14,1
2026-06-29,600519,10:55:29,1206.02,17,2
2026-06-29,600519,10:55:32,1206.01,7,1
2026-06-29,600519,10:55:35,1206.00,9,1
2026-06-29,600519,10:55:38,1206.00,5,1
2026-06-29,600519,10:55:41,1206.00,10,1
2026-06-29,600519,10:55:44,1206.00,1,2
2026-06-29,600519,10:55:47,1205.99,8,1
2026-06-29,600519,10:55:50,1205.99,3,1
2026-06-29,600519,10:55:53,1205.96,6,1
2026-06-29,600519,10:55:56,1205.96,6,2
2026-06-29,600519,10:55:59,1205.78,22,1
2026-06-29,600519,10:56:02,1205.88,10,2
2026-06-29,600519,10:56:05,1205.78,7,1
2026-06-29,600519,10:56:08,1205.77,11,1
2026-06-29,600519,10:56:11,1205.77,16,1
2026-06-29,600519,10:56:14,1205.73,11,1
2026-06-29,600519,10:56:17,1205.72,5,1
2026-06-29,600519,10:56:20,1205.67,5,1
2026-06-29,600519,10:56:23,1205.58,1,1
2026-06-29,600519,10:56:26,1205.52,6,1
2026-06-29,600519,10:56:29,1205.51,5,1
2026-06-29,600519,10:56:32,1205.51,6,1
2026-06-29,600519,10:56:35,1205.50,10,1
2026-06-29,600519,10:56:38,1205.51,38,2
2026-06-29,600519,10:56:41,1206.01,179,2
2026-06-29,600519,10:56:44,1206.66,42,2
2026-06-29,600519,10:56:47,1207.00,20,2
2026-06-29,600519,10:56:50,1207.53,13,2
2026-06-29,600519,10:56:53,1207.16,27,1
2026-06-29,600519,10:56:56,1207.15,7,1
2026-06-29,600519,10:56:59,1207.59,14,2
2026-06-29,600519,10:57:05,1207.58,5,2
2026-06-29,600519,10:57:08,1207.53,5,1
2026-06-29,600519,10:57:11,1207.19,4,1
2026-06-29,600519,10:57:14,1207.19,10,1
2026-06-29,600519,10:57:17,1207.20,2,1
2026-06-29,600519,10:57:20,1207.20,7,1
2026-06-29,600519,10:57:23,1207.33,3,2
2026-06-29,600519,10:57:26,1207.09,2,1
2026-06-29,600519,10:57:29,1207.09,11,1
2026-06-29,600519,10:57:32,1207.06,4,1
2026-06-29,600519,10:57:35,1206.02,2,1
2026-06-29,600519,10:57:38,1206.82,4,2
2026-06-29,600519,10:57:41,1206.03,2,1
2026-06-29,600519,10:57:44,1206.03,6,1
2026-06-29,600519,10:57:47,1206.03,9,1
2026-06-29,600519,10:57:50,1206.03,12,1
2026-06-29,600519,10:57:53,1206.00,32,1
2026-06-29,600519,10:57:59,1205.58,9,1
2026-06-29,600519,10:58:02,1206.78,23,2
2026-06-29,600519,10:58:05,1206.83,16,2
2026-06-29,600519,10:58:08,1207.19,43,2
2026-06-29,600519,10:58:11,1207.53,51,2
2026-06-29,600519,10:58:14,1207.68,21,2
2026-06-29,600519,10:58:17,1208.29,44,2
2026-06-29,600519,10:58:20,1208.68,11,2
2026-06-29,600519,10:58:23,1208.98,3,2
2026-06-29,600519,10:58:26,1208.68,4,1
2026-06-29,600519,10:58:29,1208.99,17,2
2026-06-29,600519,10:58:32,1208.71,7,1
2026-06-29,600519,10:58:35,1209.00,15,2
2026-06-29,600519,10:58:38,1209.05,6,2
2026-06-29,600519,10:58:41,1209.05,12,2
2026-06-29,600519,10:58:44,1209.06,9,2
2026-06-29,600519,10:58:47,1209.03,8,1
2026-06-29,600519,10:58:50,1209.04,3,2
2026-06-29,600519,10:58:53,1208.55,3,1
2026-06-29,600519,10:58:56,1208.55,1,1
2026-06-29,600519,10:58:59,1208.50,4,1
2026-06-29,600519,10:59:02,1208.50,3,1
2026-06-29,600519,10:59:05,1208.56,1,2
2026-06-29,600519,10:59:08,1208.55,4,2
2026-06-29,600519,10:59:11,1208.44,2,1
2026-06-29,600519,10:59:14,1208.55,2,2
2026-06-29,600519,10:59:17,1208.50,4,2
2026-06-29,600519,10:59:20,1208.54,8,2
2026-06-29,600519,10:59:23,1207.55,3,1
2026-06-29,600519,10:59:26,1207.55,3,1
2026-06-29,600519,10:59:29,1207.55,17,1
2026-06-29,600519,10:59:32,1207.51,1,1
2026-06-29,600519,10:59:35,1207.39,11,2
2026-06-29,600519,10:59:38,1207.55,26,2
2026-06-29,600519,10:59:41,1207.55,9,2
2026-06-29,600519,10:59:44,1208.00,5,2
2026-06-29,600519,10:59:47,1208.50,5,2
2026-06-29,600519,10:59:50,1208.01,21,1
2026-06-29,600519,10:59:53,1208.01,2,1
2026-06-29,600519,10:59:56,1208.01,17,1
2026-06-29,600519,10:59:59,1208.45,1,2
2026-06-29,600519,11:00:02,1208.68,25,2
2026-06-29,600519,11:00:05,1208.55,28,1
2026-06-29,600519,11:00:08,1209.00,3,2
2026-06-29,600519,11:00:11,1209.04,5,2
2026-06-29,600519,11:00:14,1208.55,6,1
2026-06-29,600519,11:00:17,1208.99,8,2
2026-06-29,600519,11:00:20,1208.55,7,1
2026-06-29,600519,11:00:23,1208.55,6,1
2026-06-29,600519,11:00:26,1208.54,6,1
2026-06-29,600519,11:00:29,1208.49,6,1
2026-06-29,600519,11:00:32,1208.45,3,1
2026-06-29,600519,11:00:35,1208.49,1,2
2026-06-29,600519,11:00:38,1208.44,1,1
2026-06-29,600519,11:00:44,1208.45,2,1
2026-06-29,600519,11:00:47,1208.54,2,2
2026-06-29,600519,11:00:50,1208.32,12,1
2026-06-29,600519,11:00:53,1208.03,5,1
2026-06-29,600519,11:00:56,1207.89,4,1
2026-06-29,600519,11:00:59,1208.01,10,2
2026-06-29,600519,11:01:02,1208.81,24,2
2026-06-29,600519,11:01:05,1209.05,22,2
2026-06-29,600519,11:01:08,1209.10,12,2
2026-06-29,600519,11:01:11,1209.30,9,2
2026-06-29,600519,11:01:14,1209.05,4,1
2026-06-29,600519,11:01:20,1209.06,3,2
2026-06-29,600519,11:01:23,1209.04,5,1
2026-06-29,600519,11:01:29,1208.95,4,1
2026-06-29,600519,11:01:32,1208.84,1,1
2026-06-29,600519,11:01:38,1208.98,1,2
2026-06-29,600519,11:01:41,1208.99,4,2
2026-06-29,600519,11:01:44,1209.00,1,2
2026-06-29,600519,11:01:47,1208.99,6,1
2026-06-29,600519,11:01:50,1208.97,15,1
2026-06-29,600519,11:01:56,1208.56,10,1
2026-06-29,600519,11:01:59,1208.68,7,2
2026-06-29,600519,11:02:02,1208.53,5,1
2026-06-29,600519,11:02:05,1208.21,1,1
2026-06-29,600519,11:02:08,1208.15,9,1
2026-06-29,600519,11:02:11,1208.18,1,2
2026-06-29,600519,11:02:14,1208.08,8,1
2026-06-29,600519,11:02:17,1208.18,8,2
2026-06-29,600519,11:02:20,1208.17,2,1
2026-06-29,600519,11:02:23,1208.18,3,2
2026-06-29,600519,11:02:26,1208.17,3,1
2026-06-29,600519,11:02:29,1208.16,3,1
2026-06-29,600519,11:02:32,1208.16,2,1
2026-06-29,600519,11:02:35,1208.06,9,1
2026-06-29,600519,11:02:38,1208.06,6,1
2026-06-29,600519,11:02:41,1208.11,12,2
2026-06-29,600519,11:02:44,1208.05,7,1
2026-06-29,600519,11:02:47,1208.04,5,1
2026-06-29,600519,11:02:50,1208.04,5,1
2026-06-29,600519,11:02:53,1208.04,4,1
2026-06-29,600519,11:02:56,1207.94,16,1
2026-06-29,600519,11:02:59,1207.38,5,1
2026-06-29,600519,11:03:02,1207.38,5,1
2026-06-29,600519,11:03:05,1207.38,3,1
2026-06-29,600519,11:03:08,1207.38,8,1
2026-06-29,600519,11:03:11,1208.16,38,2
2026-06-29,600519,11:03:14,1208.55,11,2
2026-06-29,600519,11:03:17,1208.30,2,1
2026-06-29,600519,11:03:20,1208.37,6,2
2026-06-29,600519,11:03:23,1208.32,4,1
2026-06-29,600519,11:03:26,1208.33,77,2
2026-06-29,600519,11:03:29,1208.34,7,2
2026-06-29,600519,11:03:32,1208.39,3,2
2026-06-29,600519,11:03:35,1208.55,3,2
2026-06-29,600519,11:03:38,1208.39,1,1
2026-06-29,600519,11:03:41,1208.55,4,2
2026-06-29,600519,11:03:44,1208.55,3,2
2026-06-29,600519,11:03:47,1208.50,4,1
2026-06-29,600519,11:03:53,1208.50,7,1
2026-06-29,600519,11:03:56,1208.55,2,2
2026-06-29,600519,11:04:02,1208.49,9,1
2026-06-29,600519,11:04:05,1208.39,11,1
2026-06-29,600519,11:04:08,1208.39,3,1
2026-06-29,600519,11:04:11,1208.58,4,2
2026-06-29,600519,11:04:14,1208.99,11,2
2026-06-29,600519,11:04:17,1209.28,24,2
2026-06-29,600519,11:04:20,1209.60,6,2
2026-06-29,600519,11:04:23,1209.67,8,2
2026-06-29,600519,11:04:26,1209.66,3,1
2026-06-29,600519,11:04:29,1210.00,22,2
2026-06-29,600519,11:04:32,1209.66,30,1
2026-06-29,600519,11:04:35,1209.33,2,1
2026-06-29,600519,11:04:38,1209.33,2,1
2026-06-29,600519,11:04:41,1209.36,13,2
2026-06-29,600519,11:04:44,1209.34,6,1
2026-06-29,600519,11:04:47,1209.32,8,1
2026-06-29,600519,11:04:50,1209.11,9,1
2026-06-29,600519,11:04:53,1209.00,5,1
2026-06-29,600519,11:04:56,1209.00,3,1
2026-06-29,600519,11:04:59,1208.56,4,1
2026-06-29,600519,11:05:02,1209.26,3,2
2026-06-29,600519,11:05:05,1209.00,3,2
2026-06-29,600519,11:05:08,1208.91,4,1
2026-06-29,600519,11:05:11,1209.00,4,2
2026-06-29,600519,11:05:14,1208.91,7,1
2026-06-29,600519,11:05:17,1209.10,8,2
2026-06-29,600519,11:05:20,1208.92,1,1
2026-06-29,600519,11:05:23,1208.91,7,1
2026-06-29,600519,11:05:26,1208.91,5,2
2026-06-29,600519,11:05:29,1208.90,2,1
2026-06-29,600519,11:05:32,1208.84,2,2
2026-06-29,600519,11:05:35,1208.81,1,2
2026-06-29,600519,11:05:38,1208.79,2,1
2026-06-29,600519,11:05:41,1208.79,5,1
2026-06-29,600519,11:05:44,1208.78,2,1
2026-06-29,600519,11:05:47,1208.82,3,2
2026-06-29,600519,11:05:50,1208.78,6,1
2026-06-29,600519,11:05:53,1208.49,5,1
2026-06-29,600519,11:05:56,1208.21,8,1
2026-06-29,600519,11:05:59,1208.35,1,2
2026-06-29,600519,11:06:02,1208.01,4,1
2026-06-29,600519,11:06:05,1208.32,1,2
2026-06-29,600519,11:06:08,1208.02,3,1
2026-06-29,600519,11:06:11,1208.02,2,1
2026-06-29,600519,11:06:17,1208.02,3,1
2026-06-29,600519,11:06:20,1208.10,1,2
2026-06-29,600519,11:06:23,1207.99,17,1
2026-06-29,600519,11:06:26,1207.92,9,1
2026-06-29,600519,11:06:32,1207.89,1,1
2026-06-29,600519,11:06:38,1207.59,6,1
2026-06-29,600519,11:06:41,1207.53,9,1
2026-06-29,600519,11:06:44,1207.31,3,1
2026-06-29,600519,11:06:47,1207.20,1,1
2026-06-29,600519,11:06:50,1207.21,5,1
2026-06-29,600519,11:06:53,1207.19,1,1
2026-06-29,600519,11:06:56,1207.19,2,1
2026-06-29,600519,11:06:59,1207.19,4,1
2026-06-29,600519,11:07:02,1207.02,6,1
2026-06-29,600519,11:07:05,1207.02,4,1
2026-06-29,600519,11:07:08,1207.18,16,2
2026-06-29,600519,11:07:11,1207.02,6,1
2026-06-29,600519,11:07:14,1207.17,2,2
2026-06-29,600519,11:07:17,1207.02,2,1
2026-06-29,600519,11:07:20,1207.02,8,1
2026-06-29,600519,11:07:26,1207.02,11,1
2026-06-29,600519,11:07:29,1207.00,6,1
2026-06-29,600519,11:07:32,1207.02,2,2
2026-06-29,600519,11:07:35,1207.21,50,2
2026-06-29,600519,11:07:38,1207.89,8,2
2026-06-29,600519,11:07:41,1208.02,16,2
2026-06-29,600519,11:07:44,1208.55,7,2
2026-06-29,600519,11:07:47,1208.78,11,2
2026-06-29,600519,11:07:50,1208.92,9,2
2026-06-29,600519,11:07:53,1209.00,6,2
2026-06-29,600519,11:07:56,1209.30,5,2
2026-06-29,600519,11:07:59,1209.28,6,1
2026-06-29,600519,11:08:02,1209.23,13,1
2026-06-29,600519,11:08:05,1209.31,7,2
2026-06-29,600519,11:08:08,1209.65,1,2
2026-06-29,600519,11:08:11,1209.65,1,1
2026-06-29,600519,11:08:14,1209.56,1,1
2026-06-29,600519,11:08:17,1209.30,4,1
2026-06-29,600519,11:08:20,1209.30,1,1
2026-06-29,600519,11:08:23,1209.26,11,1
2026-06-29,600519,11:08:26,1209.25,3,2
2026-06-29,600519,11:08:29,1209.25,2,2
2026-06-29,600519,11:08:32,1209.25,1,2
2026-06-29,600519,11:08:35,1208.93,2,1
2026-06-29,600519,11:08:38,1208.93,2,1
2026-06-29,600519,11:08:41,1208.93,9,1
2026-06-29,600519,11:08:44,1209.22,2,2
2026-06-29,600519,11:08:47,1208.92,5,1
2026-06-29,600519,11:08:50,1207.32,5,1
2026-06-29,600519,11:08:53,1207.32,1,1
2026-06-29,600519,11:08:56,1208.66,1,2
2026-06-29,600519,11:08:59,1207.31,2,1
2026-06-29,600519,11:09:02,1207.11,3,1
2026-06-29,600519,11:09:05,1207.29,3,2
2026-06-29,600519,11:09:08,1207.40,11,2
2026-06-29,600519,11:09:11,1207.33,3,1
2026-06-29,600519,11:09:14,1207.35,3,1
2026-06-29,600519,11:09:17,1207.39,11,2
2026-06-29,600519,11:09:20,1208.77,3,2
2026-06-29,600519,11:09:23,1209.00,4,2
2026-06-29,600519,11:09:26,1208.83,5,1
2026-06-29,600519,11:09:29,1208.83,3,1
2026-06-29,600519,11:09:32,1209.00,2,2
2026-06-29,600519,11:09:35,1209.12,4,2
2026-06-29,600519,11:09:38,1209.14,3,2
2026-06-29,600519,11:09:41,1209.02,1,1
2026-06-29,600519,11:09:44,1209.12,4,1
2026-06-29,600519,11:09:47,1209.05,3,1
2026-06-29,600519,11:09:50,1209.12,1,2
2026-06-29,600519,11:09:53,1209.14,2,2
2026-06-29,600519,11:09:56,1209.14,3,2
2026-06-29,600519,11:09:59,1209.06,1,1
2026-06-29,600519,11:10:02,1209.09,9,2
2026-06-29,600519,11:10:05,1209.05,10,1
2026-06-29,600519,11:10:08,1209.05,7,1
2026-06-29,600519,11:10:11,1209.01,6,1
2026-06-29,600519,11:10:14,1209.12,29,2
2026-06-29,600519,11:10:17,1209.12,13,1
2026-06-29,600519,11:10:20,1209.25,11,2
2026-06-29,600519,11:10:23,1209.14,5,1
2026-06-29,600519,11:10:26,1209.48,8,2
2026-06-29,600519,11:10:29,1209.65,3,2
2026-06-29,600519,11:10:32,1209.14,7,1
2026-06-29,600519,11:10:35,1209.14,6,1
2026-06-29,600519,11:10:38,1209.00,7,1
2026-06-29,600519,11:10:41,1208.81,13,1
2026-06-29,600519,11:10:44,1207.67,1,1
2026-06-29,600519,11:10:47,1207.67,2,2
2026-06-29,600519,11:10:50,1207.58,4,1
2026-06-29,600519,11:10:53,1207.50,1,1
2026-06-29,600519,11:10:56,1207.39,7,1
2026-06-29,600519,11:10:59,1207.49,4,2
2026-06-29,600519,11:11:02,1207.50,3,2
2026-06-29,600519,11:11:05,1207.50,5,2
2026-06-29,600519,11:11:08,1207.50,3,1
2026-06-29,600519,11:11:11,1207.50,1,1
2026-06-29,600519,11:11:14,1207.52,9,2
2026-06-29,600519,11:11:17,1207.68,7,2
2026-06-29,600519,11:11:20,1207.69,5,1
2026-06-29,600519,11:11:23,1207.69,6,1
2026-06-29,600519,11:11:26,1207.69,3,2
2026-06-29,600519,11:11:29,1207.50,3,1
2026-06-29,600519,11:11:32,1207.65,6,2
2026-06-29,600519,11:11:35,1207.51,8,1
2026-06-29,600519,11:11:38,1207.51,7,1
2026-06-29,600519,11:11:41,1207.52,4,1
2026-06-29,600519,11:11:44,1207.50,3,1
2026-06-29,600519,11:11:47,1207.50,4,1
2026-06-29,600519,11:11:50,1207.41,6,1
2026-06-29,600519,11:11:53,1207.40,5,1
2026-06-29,600519,11:11:56,1207.40,5,1
2026-06-29,600519,11:11:59,1207.29,5,1
2026-06-29,600519,11:12:02,1207.31,7,2
2026-06-29,600519,11:12:05,1207.31,5,1
2026-06-29,600519,11:12:08,1207.07,7,1
2026-06-29,600519,11:12:11,1207.07,5,1
2026-06-29,600519,11:12:14,1207.00,7,1
2026-06-29,600519,11:12:17,1206.84,2,1
2026-06-29,600519,11:12:20,1206.99,3,2
2026-06-29,600519,11:12:23,1206.31,4,1
2026-06-29,600519,11:12:26,1206.32,2,1
2026-06-29,600519,11:12:29,1206.84,6,2
2026-06-29,600519,11:12:32,1207.00,10,2
2026-06-29,600519,11:12:35,1207.00,5,2
2026-06-29,600519,11:12:38,1207.40,59,2
2026-06-29,600519,11:12:41,1206.54,23,1
2026-06-29,600519,11:12:44,1206.58,19,2
2026-06-29,600519,11:12:47,1206.60,4,2
2026-06-29,600519,11:12:50,1206.57,9,1
2026-06-29,600519,11:12:53,1206.58,3,2
2026-06-29,600519,11:12:56,1206.60,2,2
2026-06-29,600519,11:12:59,1206.58,1,1
2026-06-29,600519,11:13:02,1206.58,2,1
2026-06-29,600519,11:13:05,1206.60,2,2
2026-06-29,600519,11:13:08,1206.58,1,2
2026-06-29,600519,11:13:11,1206.58,4,1
2026-06-29,600519,11:13:14,1206.60,3,2
2026-06-29,600519,11:13:17,1206.56,3,1
2026-06-29,600519,11:13:20,1206.57,1,2
2026-06-29,600519,11:13:23,1206.56,1,1
2026-06-29,600519,11:13:26,1206.57,3,2
2026-06-29,600519,11:13:29,1206.57,1,2
2026-06-29,600519,11:13:32,1206.56,1,1
2026-06-29,600519,11:13:35,1206.55,8,1
2026-06-29,600519,11:13:38,1205.25,47,1
2026-06-29,600519,11:13:41,1205.00,5,1
2026-06-29,600519,11:13:44,1204.98,22,1
2026-06-29,600519,11:13:47,1204.98,3,1
2026-06-29,600519,11:13:50,1204.98,10,1
2026-06-29,600519,11:13:53,1204.98,5,2
2026-06-29,600519,11:13:59,1204.15,1,1
2026-06-29,600519,11:14:02,1204.16,5,2
2026-06-29,600519,11:14:05,1204.16,6,1
2026-06-29,600519,11:14:08,1204.16,4,1
2026-06-29,600519,11:14:11,1204.16,5,1
2026-06-29,600519,11:14:14,1204.16,6,2
2026-06-29,600519,11:14:17,1205.00,11,2
2026-06-29,600519,11:14:20,1204.18,29,1
2026-06-29,600519,11:14:23,1205.35,14,2
2026-06-29,600519,11:14:26,1204.32,17,1
2026-06-29,600519,11:14:29,1204.37,2,2
2026-06-29,600519,11:14:32,1205.96,8,2
2026-06-29,600519,11:14:38,1205.50,2,2
2026-06-29,600519,11:14:41,1205.11,5,1
2026-06-29,600519,11:14:44,1205.00,4,1
2026-06-29,600519,11:14:47,1205.00,2,1
2026-06-29,600519,11:14:50,1204.56,3,1
2026-06-29,600519,11:14:56,1204.40,2,1
2026-06-29,600519,11:14:59,1204.34,4,1
2026-06-29,600519,11:15:02,1204.39,2,2
2026-06-29,600519,11:15:05,1204.35,2,1
2026-06-29,600519,11:15:08,1204.35,3,1
2026-06-29,600519,11:15:11,1204.40,10,2
2026-06-29,600519,11:15:14,1204.36,1,1
2026-06-29,600519,11:15:17,1204.38,8,2
2026-06-29,600519,11:15:20,1204.40,3,2
2026-06-29,600519,11:15:23,1204.41,3,2
2026-06-29,600519,11:15:26,1204.42,16,2
2026-06-29,600519,11:15:29,1204.41,5,1
2026-06-29,600519,11:15:32,1204.42,4,2
2026-06-29,600519,11:15:35,1204.41,7,1
2026-06-29,600519,11:15:38,1204.42,2,2
2026-06-29,600519,11:15:41,1204.41,7,2
2026-06-29,600519,11:15:44,1204.40,4,1
2026-06-29,600519,11:15:47,1204.35,13,1
2026-06-29,600519,11:15:50,1204.33,10,1
2026-06-29,600519,11:15:53,1204.33,8,2
2026-06-29,600519,11:15:56,1204.32,3,2
2026-06-29,600519,11:15:59,1204.32,3,2
2026-06-29,600519,11:16:02,1204.32,2,2
2026-06-29,600519,11:16:05,1204.32,3,1
2026-06-29,600519,11:16:08,1204.33,7,2
2026-06-29,600519,11:16:11,1204.31,5,1
2026-06-29,600519,11:16:14,1204.32,5,2
2026-06-29,600519,11:16:17,1204.30,2,1
2026-06-29,600519,11:16:23,1204.30,6,2
2026-06-29,600519,11:16:26,1204.30,5,1
2026-06-29,600519,11:16:29,1204.26,8,1
2026-06-29,600519,11:16:32,1204.29,16,2
2026-06-29,600519,11:16:35,1204.25,10,1
2026-06-29,600519,11:16:38,1204.25,5,2
2026-06-29,600519,11:16:41,1204.24,2,1
2026-06-29,600519,11:16:44,1204.23,2,1
2026-06-29,600519,11:16:47,1204.24,2,2
2026-06-29,600519,11:16:50,1204.22,1,2
2026-06-29,600519,11:16:53,1204.22,1,2
2026-06-29,600519,11:16:56,1204.20,6,1
2026-06-29,600519,11:16:59,1204.20,1,2
2026-06-29,600519,11:17:02,1204.20,12,2
2026-06-29,600519,11:17:05,1204.20,5,2
2026-06-29,600519,11:17:08,1204.18,1,1
2026-06-29,600519,11:17:11,1204.10,9,1
2026-06-29,600519,11:17:14,1203.40,10,1
2026-06-29,600519,11:17:17,1203.40,1,1
2026-06-29,600519,11:17:20,1203.12,2,1
2026-06-29,600519,11:17:23,1202.62,41,1
2026-06-29,600519,11:17:26,1202.62,5,2
2026-06-29,600519,11:17:29,1202.62,4,2
2026-06-29,600519,11:17:32,1202.62,6,2
2026-06-29,600519,11:17:35,1202.76,10,2
2026-06-29,600519,11:17:38,1202.15,4,1
2026-06-29,600519,11:17:41,1202.15,3,2
2026-06-29,600519,11:17:44,1202.13,4,1
2026-06-29,600519,11:17:47,1202.14,7,2
2026-06-29,600519,11:17:50,1202.15,12,2
2026-06-29,600519,11:17:53,1202.15,8,1
2026-06-29,600519,11:17:56,1202.01,21,1
2026-06-29,600519,11:17:59,1202.00,6,1
2026-06-29,600519,11:18:02,1202.00,9,1
2026-06-29,600519,11:18:05,1202.00,6,1
2026-06-29,600519,11:18:08,1201.58,11,1
2026-06-29,600519,11:18:11,1201.35,3,1
2026-06-29,600519,11:18:14,1201.99,9,2
2026-06-29,600519,11:18:17,1202.09,15,2
2026-06-29,600519,11:18:20,1201.99,25,1
2026-06-29,600519,11:18:23,1202.09,5,2
2026-06-29,600519,11:18:26,1202.10,5,2
2026-06-29,600519,11:18:29,1202.09,8,1
2026-06-29,600519,11:18:32,1202.00,11,1
2026-06-29,600519,11:18:35,1202.02,11,2
2026-06-29,600519,11:18:38,1202.01,12,2
2026-06-29,600519,11:18:41,1202.58,1,2
2026-06-29,600519,11:18:44,1202.09,2,1
2026-06-29,600519,11:18:47,1202.00,3,1
2026-06-29,600519,11:18:50,1202.01,8,2
2026-06-29,600519,11:18:53,1201.99,8,1
2026-06-29,600519,11:18:56,1201.99,3,2
2026-06-29,600519,11:18:59,1202.01,8,2
2026-06-29,600519,11:19:02,1202.00,6,1
2026-06-29,600519,11:19:05,1202.57,1,2
2026-06-29,600519,11:19:11,1202.62,5,2
2026-06-29,600519,11:19:14,1203.00,13,2
2026-06-29,600519,11:19:17,1202.98,9,2
2026-06-29,600519,11:19:20,1203.05,4,2
2026-06-29,600519,11:19:23,1203.39,3,2
2026-06-29,600519,11:19:26,1204.00,6,2
2026-06-29,600519,11:19:29,1203.80,4,1
2026-06-29,600519,11:19:32,1204.19,8,2
2026-06-29,600519,11:19:35,1204.25,5,2
2026-06-29,600519,11:19:38,1204.29,4,2
2026-06-29,600519,11:19:41,1204.26,1,1
2026-06-29,600519,11:19:44,1204.26,2,1
2026-06-29,600519,11:19:47,1204.30,3,2
2026-06-29,600519,11:19:50,1204.25,2,2
2026-06-29,600519,11:19:56,1204.16,5,1
2026-06-29,600519,11:19:59,1204.26,1,2
2026-06-29,600519,11:20:02,1204.16,1,1
2026-06-29,600519,11:20:08,1204.17,1,1
2026-06-29,600519,11:20:11,1204.20,12,2
2026-06-29,600519,11:20:14,1204.18,3,1
2026-06-29,600519,11:20:17,1204.20,3,2
2026-06-29,600519,11:20:20,1204.19,4,1
2026-06-29,600519,11:20:23,1204.18,16,1
2026-06-29,600519,11:20:26,1204.12,2,1
2026-06-29,600519,11:20:29,1204.13,2,2
2026-06-29,600519,11:20:32,1204.33,35,2
2026-06-29,600519,11:20:35,1204.43,6,2
2026-06-29,600519,11:20:38,1204.56,4,2
2026-06-29,600519,11:20:41,1205.00,15,2
2026-06-29,600519,11:20:44,1206.20,24,2
2026-06-29,600519,11:20:47,1206.32,7,2
2026-06-29,600519,11:20:50,1205.16,3,1
2026-06-29,600519,11:20:53,1205.16,4,2
2026-06-29,600519,11:20:59,1205.16,6,2
2026-06-29,600519,11:21:02,1205.16,6,2
2026-06-29,600519,11:21:05,1205.16,4,2
2026-06-29,600519,11:21:08,1205.10,3,2
2026-06-29,600519,11:21:11,1205.10,4,2
2026-06-29,600519,11:21:14,1205.16,3,2
2026-06-29,600519,11:21:17,1205.12,3,1
2026-06-29,600519,11:21:20,1205.16,4,2
2026-06-29,600519,11:21:23,1205.12,1,1
2026-06-29,600519,11:21:26,1205.12,5,1
2026-06-29,600519,11:21:29,1205.11,3,1
2026-06-29,600519,11:21:32,1205.11,4,1
2026-06-29,600519,11:21:35,1205.09,1,1
2026-06-29,600519,11:21:38,1205.10,6,2
2026-06-29,600519,11:21:41,1205.09,12,1
2026-06-29,600519,11:21:44,1205.08,1,1
2026-06-29,600519,11:21:50,1205.07,4,1
2026-06-29,600519,11:21:56,1205.06,5,1
2026-06-29,600519,11:21:59,1205.02,10,1
2026-06-29,600519,11:22:02,1205.00,1,2
2026-06-29,600519,11:22:05,1204.18,2,1
2026-06-29,600519,11:22:08,1205.00,12,2
2026-06-29,600519,11:22:11,1204.95,1,1
2026-06-29,600519,11:22:14,1204.95,1,1
2026-06-29,600519,11:22:17,1204.20,2,1
2026-06-29,600519,11:22:20,1204.95,1,2
2026-06-29,600519,11:22:23,1204.11,2,1
2026-06-29,600519,11:22:29,1204.10,8,1
2026-06-29,600519,11:22:38,1204.10,4,1
2026-06-29,600519,11:22:41,1204.11,1,2
2026-06-29,600519,11:22:44,1204.12,1,2
2026-06-29,600519,11:22:47,1204.12,4,1
2026-06-29,600519,11:22:56,1204.13,2,1
2026-06-29,600519,11:22:59,1204.13,2,1
2026-06-29,600519,11:23:02,1204.11,7,1
2026-06-29,600519,11:23:05,1204.10,5,1
2026-06-29,600519,11:23:08,1204.12,7,2
2026-06-29,600519,11:23:11,1204.72,3,2
2026-06-29,600519,11:23:20,1204.70,3,2
2026-06-29,600519,11:23:23,1204.16,5,1
2026-06-29,600519,11:23:26,1204.17,2,2
2026-06-29,600519,11:23:29,1204.18,3,2
2026-06-29,600519,11:23:32,1204.17,1,1
2026-06-29,600519,11:23:35,1204.60,3,2
2026-06-29,600519,11:23:38,1204.18,4,1
2026-06-29,600519,11:23:41,1204.16,4,1
2026-06-29,600519,11:23:44,1204.69,1,2
2026-06-29,600519,11:23:47,1204.70,6,2
2026-06-29,600519,11:23:53,1204.68,3,2
2026-06-29,600519,11:23:56,1204.52,1,1
2026-06-29,600519,11:24:02,1204.57,2,2
2026-06-29,600519,11:24:05,1204.57,2,2
2026-06-29,600519,11:24:08,1204.57,1,1
2026-06-29,600519,11:24:11,1204.58,5,2
2026-06-29,600519,11:24:17,1204.60,2,2
2026-06-29,600519,11:24:20,1204.59,2,1
2026-06-29,600519,11:24:23,1204.59,9,1
2026-06-29,600519,11:24:26,1204.68,1,2
2026-06-29,600519,11:24:29,1204.69,6,2
2026-06-29,600519,11:24:32,1204.69,3,2
2026-06-29,600519,11:24:35,1204.59,4,1
2026-06-29,600519,11:24:38,1204.69,2,2
2026-06-29,600519,11:24:44,1204.60,1,1
2026-06-29,600519,11:24:47,1204.60,1,1
2026-06-29,600519,11:24:50,1204.60,3,1
2026-06-29,600519,11:24:53,1204.69,2,2
2026-06-29,600519,11:24:59,1204.69,3,2
2026-06-29,600519,11:25:02,1204.69,4,2
2026-06-29,600519,11:25:11,1205.00,19,2
2026-06-29,600519,11:25:14,1205.09,23,2
2026-06-29,600519,11:25:17,1205.16,14,2
2026-06-29,600519,11:25:20,1205.29,10,2
2026-06-29,600519,11:25:23,1205.29,3,2
2026-06-29,600519,11:25:29,1205.29,5,2
2026-06-29,600519,11:25:32,1205.91,6,2
2026-06-29,600519,11:25:35,1205.85,3,1
2026-06-29,600519,11:25:38,1205.23,8,1
2026-06-29,600519,11:25:41,1205.22,8,1
2026-06-29,600519,11:25:44,1205.85,1,2
2026-06-29,600519,11:25:47,1205.24,1,1
2026-06-29,600519,11:25:50,1205.24,4,1
2026-06-29,600519,11:25:56,1205.25,3,2
2026-06-29,600519,11:25:59,1205.24,3,1
2026-06-29,600519,11:26:02,1205.85,18,2
2026-06-29,600519,11:26:05,1205.86,7,2
2026-06-29,600519,11:26:08,1205.86,8,2
2026-06-29,600519,11:26:11,1205.86,4,2
2026-06-29,600519,11:26:14,1206.56,5,2
2026-06-29,600519,11:26:17,1206.57,6,2
2026-06-29,600519,11:26:20,1206.88,41,2
2026-06-29,600519,11:26:23,1206.87,3,1
2026-06-29,600519,11:26:26,1206.56,4,1
2026-06-29,600519,11:26:29,1206.57,4,2
2026-06-29,600519,11:26:32,1206.56,7,1
2026-06-29,600519,11:26:35,1206.56,14,2
2026-06-29,600519,11:26:38,1207.44,1,2
2026-06-29,600519,11:26:41,1207.00,16,2
2026-06-29,600519,11:26:44,1206.65,7,1
2026-06-29,600519,11:26:47,1207.00,2,2
2026-06-29,600519,11:26:50,1206.58,6,1
2026-06-29,600519,11:26:53,1206.57,4,1
2026-06-29,600519,11:26:56,1206.56,9,1
2026-06-29,600519,11:26:59,1206.56,3,1
2026-06-29,600519,11:27:02,1206.56,3,1
2026-06-29,600519,11:27:05,1206.56,7,2
2026-06-29,600519,11:27:08,1206.67,20,2
2026-06-29,600519,11:27:11,1206.57,6,2
2026-06-29,600519,11:27:14,1206.56,2,1
2026-06-29,600519,11:27:17,1206.57,13,2
2026-06-29,600519,11:27:20,1206.67,8,2
2026-06-29,600519,11:27:23,1206.67,2,2
2026-06-29,600519,11:27:26,1207.00,4,2
2026-06-29,600519,11:27:29,1207.00,2,2
2026-06-29,600519,11:27:32,1207.00,11,2
2026-06-29,600519,11:27:35,1207.26,3,2
2026-06-29,600519,11:27:38,1207.50,1,2
2026-06-29,600519,11:27:41,1207.50,2,2
2026-06-29,600519,11:27:47,1207.50,2,2
2026-06-29,600519,11:27:50,1207.26,1,1
2026-06-29,600519,11:27:53,1207.49,3,2
2026-06-29,600519,11:27:59,1208.30,10,2
2026-06-29,600519,11:28:02,1208.41,2,2
2026-06-29,600519,11:28:05,1208.41,1,2
2026-06-29,600519,11:28:08,1208.18,4,1
2026-06-29,600519,11:28:11,1208.40,4,2
2026-06-29,600519,11:28:17,1208.40,16,2
2026-06-29,600519,11:28:20,1208.41,3,2
2026-06-29,600519,11:28:23,1208.21,3,1
2026-06-29,600519,11:28:26,1208.40,1,2
2026-06-29,600519,11:28:29,1208.20,2,1
2026-06-29,600519,11:28:32,1208.39,4,2
2026-06-29,600519,11:28:35,1208.20,2,1
2026-06-29,600519,11:28:38,1208.13,7,1
2026-06-29,600519,11:28:41,1208.20,1,2
2026-06-29,600519,11:28:47,1208.13,6,2
2026-06-29,600519,11:28:50,1208.20,1,2
2026-06-29,600519,11:28:53,1208.12,3,1
2026-06-29,600519,11:28:56,1208.09,1,1
2026-06-29,600519,11:28:59,1208.02,6,1
2026-06-29,600519,11:29:02,1207.71,20,1
2026-06-29,600519,11:29:08,1207.52,2,1
2026-06-29,600519,11:29:11,1207.52,3,1
2026-06-29,600519,11:29:14,1207.51,3,1
2026-06-29,600519,11:29:17,1207.50,2,1
2026-06-29,600519,11:29:20,1207.00,5,1
2026-06-29,600519,11:29:23,1207.49,16,2
2026-06-29,600519,11:29:26,1207.00,2,1
2026-06-29,600519,11:29:29,1207.00,4,1
2026-06-29,600519,11:29:32,1206.58,2,1
2026-06-29,600519,11:29:35,1206.58,3,1
2026-06-29,600519,11:29:38,1207.18,1,2
2026-06-29,600519,11:29:41,1207.00,5,1
2026-06-29,600519,11:29:44,1207.18,5,2
2026-06-29,600519,11:29:47,1207.00,1,1
2026-06-29,600519,11:29:50,1207.00,6,1
2026-06-29,600519,11:29:53,1207.00,8,1
2026-06-29,600519,11:29:56,1207.00,3,1
2026-06-29,600519,11:29:59,1206.58,1,1
2026-06-29,600519,11:30:02,1206.29,1,1
2026-06-29,600519,13:00:02,1206.00,14,1
2026-06-29,600519,13:00:05,1207.00,54,2
2026-06-29,600519,13:00:08,1206.58,45,1
2026-06-29,600519,13:00:11,1206.63,63,2
2026-06-29,600519,13:00:14,1206.58,50,1
2026-06-29,600519,13:00:17,1206.49,19,1
2026-06-29,600519,13:00:20,1206.01,33,1
2026-06-29,600519,13:00:23,1205.90,50,1
2026-06-29,600519,13:00:26,1205.09,26,1
2026-06-29,600519,13:00:29,1204.05,77,1
2026-06-29,600519,13:00:32,1203.06,16,1
2026-06-29,600519,13:00:35,1202.01,16,1
2026-06-29,600519,13:00:38,1201.88,27,1
2026-06-29,600519,13:00:41,1201.66,6,1
2026-06-29,600519,13:00:44,1201.67,11,2
2026-06-29,600519,13:00:47,1201.66,19,1
2026-06-29,600519,13:00:50,1201.57,10,1
2026-06-29,600519,13:00:53,1203.93,23,2
2026-06-29,600519,13:00:56,1201.86,21,1
2026-06-29,600519,13:00:59,1203.92,3,2
2026-06-29,600519,13:01:02,1202.00,11,1
2026-06-29,600519,13:01:05,1204.14,5,2
2026-06-29,600519,13:01:08,1204.14,7,2
2026-06-29,600519,13:01:11,1203.92,2,1
2026-06-29,600519,13:01:14,1202.50,3,1
2026-06-29,600519,13:01:17,1203.91,4,2
2026-06-29,600519,13:01:20,1203.91,4,2
2026-06-29,600519,13:01:23,1203.91,2,2
2026-06-29,600519,13:01:26,1202.58,3,1
2026-06-29,600519,13:01:32,1202.53,4,1
2026-06-29,600519,13:01:35,1202.59,10,2
2026-06-29,600519,13:01:38,1202.58,5,1
2026-06-29,600519,13:01:41,1202.58,11,1
2026-06-29,600519,13:01:44,1203.88,3,2
2026-06-29,600519,13:01:47,1203.00,3,1
2026-06-29,600519,13:01:50,1203.91,4,2
2026-06-29,600519,13:01:53,1204.00,10,2
2026-06-29,600519,13:01:56,1204.14,3,2
2026-06-29,600519,13:01:59,1204.99,2,2
2026-06-29,600519,13:02:02,1205.00,23,2
2026-06-29,600519,13:02:05,1204.99,9,1
2026-06-29,600519,13:02:08,1205.00,9,2
2026-06-29,600519,13:02:11,1204.78,5,1
2026-06-29,600519,13:02:14,1204.96,5,2
2026-06-29,600519,13:02:17,1203.92,5,1
2026-06-29,600519,13:02:23,1204.97,2,2
2026-06-29,600519,13:02:26,1204.97,4,2
2026-06-29,600519,13:02:29,1203.95,8,1
2026-06-29,600519,13:02:32,1204.97,3,2
2026-06-29,600519,13:02:35,1204.00,1,1
2026-06-29,600519,13:02:38,1204.99,8,2
2026-06-29,600519,13:02:41,1205.00,11,2
2026-06-29,600519,13:02:44,1204.01,3,1
2026-06-29,600519,13:02:47,1204.99,2,2
2026-06-29,600519,13:02:50,1204.97,3,1
2026-06-29,600519,13:02:53,1204.97,1,1
2026-06-29,600519,13:02:56,1204.99,8,2
2026-06-29,600519,13:02:59,1204.99,2,2
2026-06-29,600519,13:03:05,1204.03,5,1
2026-06-29,600519,13:03:08,1204.02,9,1
2026-06-29,600519,13:03:11,1204.01,4,1
2026-06-29,600519,13:03:14,1204.01,1,1
2026-06-29,600519,13:03:17,1204.01,1,1
2026-06-29,600519,13:03:20,1204.01,2,1
2026-06-29,600519,13:03:23,1203.97,2,1
2026-06-29,600519,13:03:26,1204.00,2,2
2026-06-29,600519,13:03:29,1204.00,1,2
2026-06-29,600519,13:03:32,1203.96,5,1
2026-06-29,600519,13:03:35,1203.96,5,1
2026-06-29,600519,13:03:38,1203.96,1,1
2026-06-29,600519,13:03:41,1204.00,2,2
2026-06-29,600519,13:03:44,1204.01,5,2
2026-06-29,600519,13:03:47,1204.01,6,2
2026-06-29,600519,13:03:50,1204.02,1,2
2026-06-29,600519,13:03:53,1204.02,2,2
2026-06-29,600519,13:03:56,1203.87,34,1
2026-06-29,600519,13:03:59,1203.01,5,1
2026-06-29,600519,13:04:02,1203.84,4,2
2026-06-29,600519,13:04:05,1203.01,2,1
2026-06-29,600519,13:04:08,1203.01,6,1
2026-06-29,600519,13:04:11,1203.01,10,1
2026-06-29,600519,13:04:14,1203.11,12,2
2026-06-29,600519,13:04:17,1203.02,11,1
2026-06-29,600519,13:04:20,1203.11,8,2
2026-06-29,600519,13:04:23,1203.04,5,1
2026-06-29,600519,13:04:26,1204.11,10,2
2026-06-29,600519,13:04:29,1204.97,5,2
2026-06-29,600519,13:04:32,1203.95,3,1
2026-06-29,600519,13:04:35,1203.87,2,1
2026-06-29,600519,13:04:38,1204.11,2,2
2026-06-29,600519,13:04:47,1204.11,5,2
2026-06-29,600519,13:04:50,1204.12,2,2
2026-06-29,600519,13:04:53,1204.13,2,2
2026-06-29,600519,13:04:56,1204.12,4,1
2026-06-29,600519,13:04:59,1204.12,10,1
2026-06-29,600519,13:05:02,1204.00,6,1
2026-06-29,600519,13:05:05,1203.95,2,1
2026-06-29,600519,13:05:11,1203.78,4,1
2026-06-29,600519,13:05:17,1203.77,5,1
2026-06-29,600519,13:05:20,1203.78,3,2
2026-06-29,600519,13:05:23,1203.78,4,1
2026-06-29,600519,13:05:26,1203.77,3,1
2026-06-29,600519,13:05:29,1203.71,1,1
2026-06-29,600519,13:05:32,1203.79,9,2
2026-06-29,600519,13:05:35,1203.69,2,1
2026-06-29,600519,13:05:38,1203.69,2,1
2026-06-29,600519,13:05:41,1204.14,21,2
2026-06-29,600519,13:05:44,1204.80,3,2
2026-06-29,600519,13:05:47,1205.10,27,2
2026-06-29,600519,13:05:50,1206.51,7,2
2026-06-29,600519,13:05:53,1204.91,2,1
2026-06-29,600519,13:05:56,1204.98,5,2
2026-06-29,600519,13:05:59,1204.92,2,2
2026-06-29,600519,13:06:02,1204.16,5,1
2026-06-29,600519,13:06:05,1204.89,1,2
2026-06-29,600519,13:06:08,1204.15,4,1
2026-06-29,600519,13:06:11,1204.82,2,2
2026-06-29,600519,13:06:14,1204.15,3,1
2026-06-29,600519,13:06:17,1204.15,1,1
2026-06-29,600519,13:06:20,1204.14,6,1
2026-06-29,600519,13:06:23,1204.15,3,2
2026-06-29,600519,13:06:26,1204.18,3,2
2026-06-29,600519,13:06:29,1204.14,4,1
2026-06-29,600519,13:06:32,1204.14,1,2
2026-06-29,600519,13:06:35,1204.18,2,2
2026-06-29,600519,13:06:38,1204.18,4,2
2026-06-29,600519,13:06:41,1204.15,4,1
2026-06-29,600519,13:06:44,1204.07,1,1
2026-06-29,600519,13:06:47,1204.07,3,1
2026-06-29,600519,13:06:50,1204.06,9,1
2026-06-29,600519,13:06:53,1204.07,9,2
2026-06-29,600519,13:06:56,1204.20,11,2
2026-06-29,600519,13:06:59,1205.00,9,2
2026-06-29,600519,13:07:02,1205.02,11,2
2026-06-29,600519,13:07:05,1205.00,11,1
2026-06-29,600519,13:07:08,1204.95,4,1
2026-06-29,600519,13:07:11,1204.86,7,1
2026-06-29,600519,13:07:14,1204.07,4,1
2026-06-29,600519,13:07:17,1204.82,1,2
2026-06-29,600519,13:07:20,1204.75,1,1
2026-06-29,600519,13:07:23,1204.74,1,1
2026-06-29,600519,13:07:26,1204.12,1,1
2026-06-29,600519,13:07:32,1204.07,7,1
2026-06-29,600519,13:07:35,1204.01,4,1
2026-06-29,600519,13:07:38,1204.12,4,2
2026-06-29,600519,13:07:41,1203.84,11,1
2026-06-29,600519,13:07:44,1203.84,5,1
2026-06-29,600519,13:07:47,1203.84,3,1
2026-06-29,600519,13:07:50,1204.01,4,2
2026-06-29,600519,13:07:53,1203.25,5,1
2026-06-29,600519,13:07:56,1203.68,24,2
2026-06-29,600519,13:07:59,1203.68,5,2
2026-06-29,600519,13:08:02,1203.06,5,1
2026-06-29,600519,13:08:05,1203.67,2,2
2026-06-29,600519,13:08:08,1203.08,1,2
2026-06-29,600519,13:08:11,1203.06,8,1
2026-06-29,600519,13:08:14,1203.05,4,1
2026-06-29,600519,13:08:17,1203.09,1,1
2026-06-29,600519,13:08:20,1203.05,5,1
2026-06-29,600519,13:08:23,1203.67,5,2
2026-06-29,600519,13:08:26,1203.68,2,2
2026-06-29,600519,13:08:29,1203.70,2,2
2026-06-29,600519,13:08:32,1204.46,16,2
2026-06-29,600519,13:08:35,1204.03,4,1
2026-06-29,600519,13:08:38,1204.46,1,2
2026-06-29,600519,13:08:41,1204.46,4,2
2026-06-29,600519,13:08:44,1204.04,6,1
2026-06-29,600519,13:08:47,1204.04,1,1
2026-06-29,600519,13:08:50,1204.03,2,1
2026-06-29,600519,13:08:53,1204.40,2,2
2026-06-29,600519,13:08:56,1204.03,7,1
2026-06-29,600519,13:08:59,1204.04,2,2
2026-06-29,600519,13:09:02,1204.51,5,2
2026-06-29,600519,13:09:05,1204.51,8,2
2026-06-29,600519,13:09:08,1204.52,9,2
2026-06-29,600519,13:09:11,1204.51,5,1
2026-06-29,600519,13:09:14,1204.52,5,2
2026-06-29,600519,13:09:17,1204.52,3,1
2026-06-29,600519,13:09:20,1204.54,2,2
2026-06-29,600519,13:09:23,1205.01,56,2
