date,code,time,price,volume,bs
2026-06-29,000858,09:30:00,73.00,777,1
2026-06-29,000858,09:30:03,72.92,1698,1
2026-06-29,000858,09:30:06,72.80,601,1
2026-06-29,000858,09:30:09,72.63,917,1
2026-06-29,000858,09:30:12,72.48,678,1
2026-06-29,000858,09:30:15,72.33,747,1
2026-06-29,000858,09:30:18,72.31,354,1
2026-06-29,000858,09:30:21,72.27,345,1
2026-06-29,000858,09:30:24,72.25,510,1
2026-06-29,000858,09:30:27,72.27,584,2
2026-06-29,000858,09:30:30,72.29,492,1
2026-06-29,000858,09:30:33,72.30,425,2
2026-06-29,000858,09:30:36,72.36,518,2
2026-06-29,000858,09:30:39,72.29,1011,1
2026-06-29,000858,09:30:42,72.36,392,2
2026-06-29,000858,09:30:45,72.37,129,1
2026-06-29,000858,09:30:48,72.37,157,1
2026-06-29,000858,09:30:51,72.43,231,2
2026-06-29,000858,09:30:54,72.37,479,1
2026-06-29,000858,09:30:57,72.34,271,1
2026-06-29,000858,09:31:00,72.32,324,1
2026-06-29,000858,09:31:03,72.30,291,1
2026-06-29,000858,09:31:06,72.29,373,1
2026-06-29,000858,09:31:09,72.27,552,1
2026-06-29,000858,09:31:12,72.26,313,1
2026-06-29,000858,09:31:15,72.23,738,1
2026-06-29,000858,09:31:18,72.21,460,1
2026-06-29,000858,09:31:21,72.17,338,1
2026-06-29,000858,09:31:24,72.17,382,1
2026-06-29,000858,09:31:27,72.17,547,1
2026-06-29,000858,09:31:30,72.21,907,2
2026-06-29,000858,09:31:33,72.26,1869,2
2026-06-29,000858,09:31:36,72.29,745,2
2026-06-29,000858,09:31:39,72.30,462,1
2026-06-29,000858,09:31:42,72.36,153,2
2026-06-29,000858,09:31:45,72.35,101,1
2026-06-29,000858,09:31:48,72.35,124,1
2026-06-29,000858,09:31:51,72.35,432,1
2026-06-29,000858,09:31:54,72.30,106,1
2026-06-29,000858,09:31:57,72.28,382,1
2026-06-29,000858,09:32:00,72.28,189,1
2026-06-29,000858,09:32:03,72.28,398,2
2026-06-29,000858,09:32:06,72.25,218,1
2026-06-29,000858,09:32:09,72.22,371,1
2026-06-29,000858,09:32:12,72.20,333,1
2026-06-29,000858,09:32:15,72.20,123,1
2026-06-29,000858,09:32:18,72.14,194,1
2026-06-29,000858,09:32:21,72.08,598,1
2026-06-29,000858,09:32:24,72.10,248,2
2026-06-29,000858,09:32:27,72.13,325,2
2026-06-29,000858,09:32:30,72.15,281,2
2026-06-29,000858,09:32:33,72.22,398,2
2026-06-29,000858,09:32:36,72.22,79,1
2026-06-29,000858,09:32:39,72.31,186,2
2026-06-29,000858,09:32:42,72.44,345,2
2026-06-29,000858,09:32:45,72.43,200,1
2026-06-29,000858,09:32:48,72.54,98,2
2026-06-29,000858,09:32:51,72.52,52,1
2026-06-29,000858,09:32:54,72.45,186,1
2026-06-29,000858,09:32:57,72.45,243,2
2026-06-29,000858,09:33:00,72.51,83,2
2026-06-29,000858,09:33:03,72.48,125,1
2026-06-29,000858,09:33:06,72.38,204,1
2026-06-29,000858,09:33:09,72.42,110,2
2026-06-29,000858,09:33:12,72.34,90,1
2026-06-29,000858,09:33:15,72.33,175,1
2026-06-29,000858,09:33:18,72.33,65,2
2026-06-29,000858,09:33:21,72.33,78,1
2026-06-29,000858,09:33:24,72.33,272,2
2026-06-29,000858,09:33:27,72.32,65,1
2026-06-29,000858,09:33:30,72.32,38,2
2026-06-29,000858,09:33:33,72.30,37,1
2026-06-29,000858,09:33:36,72.31,112,2
2026-06-29,000858,09:33:39,72.31,151,1
2026-06-29,000858,09:33:42,72.31,88,1
2026-06-29,000858,09:33:45,72.33,110,2
2026-06-29,000858,09:33:48,72.32,60,1
2026-06-29,000858,09:33:51,72.32,90,2
2026-06-29,000858,09:33:54,72.32,145,2
2026-06-29,000858,09:33:57,72.25,325,1
2026-06-29,000858,09:34:00,72.25,178,1
2026-06-29,000858,09:34:03,72.24,91,1
2026-06-29,000858,09:34:06,72.28,343,2
2026-06-29,000858,09:34:09,72.29,148,2
2026-06-29,000858,09:34:12,72.26,53,1
2026-06-29,000858,09:34:15,72.22,94,1
2026-06-29,000858,09:34:18,72.20,176,1
2026-06-29,000858,09:34:21,72.20,186,1
2026-06-29,000858,09:34:24,72.20,67,2
2026-06-29,000858,09:34:27,72.17,118,1
2026-06-29,000858,09:34:30,72.17,240,2
2026-06-29,000858,09:34:33,72.16,90,2
2026-06-29,000858,09:34:36,72.12,158,1
2026-06-29,000858,09:34:39,72.12,116,1
2026-06-29,000858,09:34:42,72.12,116,2
2026-06-29,000858,09:34:45,72.12,111,2
2026-06-29,000858,09:34:48,72.12,468,2
2026-06-29,000858,09:34:51,72.11,282,1
2026-06-29,000858,09:34:54,72.11,574,2
2026-06-29,000858,09:34:57,72.13,500,2
2026-06-29,000858,09:35:00,72.12,104,1
2026-06-29,000858,09:35:03,72.17,384,2
2026-06-29,000858,09:35:06,72.21,284,2
2026-06-29,000858,09:35:09,72.21,97,1
2026-06-29,000858,09:35:12,72.27,80,2
2026-06-29,000858,09:35:15,72.20,166,1
2026-06-29,000858,09:35:18,72.32,539,2
2026-06-29,000858,09:35:21,72.24,57,1
2026-06-29,000858,09:35:24,72.29,252,2
2026-06-29,000858,09:35:27,72.29,155,2
2026-06-29,000858,09:35:30,72.33,76,2
2026-06-29,000858,09:35:33,72.34,49,2
2026-06-29,000858,09:35:36,72.30,126,1
2026-06-29,000858,09:35:39,72.29,135,1
2026-06-29,000858,09:35:42,72.29,92,2
2026-06-29,000858,09:35:45,72.37,130,2
2026-06-29,000858,09:35:48,72.31,68,1
2026-06-29,000858,09:35:51,72.33,155,2
2026-06-29,000858,09:35:54,72.40,51,2
2026-06-29,000858,09:35:57,72.40,24,1
2026-06-29,000858,09:36:00,72.41,99,2
2026-06-29,000858,09:36:03,72.38,101,1
2026-06-29,000858,09:36:06,72.36,210,1
2026-06-29,000858,09:36:09,72.32,78,1
2026-06-29,000858,09:36:12,72.37,284,2
2026-06-29,000858,09:36:15,72.36,120,1
2026-06-29,000858,09:36:18,72.37,36,2
2026-06-29,000858,09:36:21,72.34,90,1
2026-06-29,000858,09:36:24,72.35,95,2
2026-06-29,000858,09:36:27,72.33,92,1
2026-06-29,000858,09:36:30,72.30,244,1
2026-06-29,000858,09:36:33,72.30,142,2
2026-06-29,000858,09:36:36,72.29,82,1
2026-06-29,000858,09:36:39,72.28,58,1
2026-06-29,000858,09:36:42,72.27,62,1
2026-06-29,000858,09:36:45,72.26,40,1
2026-06-29,000858,09:36:48,72.26,46,1
2026-06-29,000858,09:36:51,72.26,116,1
2026-06-29,000858,09:36:54,72.25,164,1
2026-06-29,000858,09:36:57,72.23,71,1
2026-06-29,000858,09:37:00,72.24,84,2
2026-06-29,000858,09:37:03,72.26,224,2
2026-06-29,000858,09:37:06,72.29,182,2
2026-06-29,000858,09:37:09,72.30,74,2
2026-06-29,000858,09:37:12,72.29,102,1
2026-06-29,000858,09:37:15,72.29,51,2
2026-06-29,000858,09:37:18,72.29,38,2
2026-06-29,000858,09:37:21,72.30,160,2
2026-06-29,000858,09:37:24,72.32,135,2
2026-06-29,000858,09:37:27,72.28,351,1
2026-06-29,000858,09:37:30,72.31,103,2
2026-06-29,000858,09:37:33,72.28,84,1
2026-06-29,000858,09:37:36,72.28,59,1
2026-06-29,000858,09:37:39,72.29,119,2
2026-06-29,000858,09:37:42,72.28,64,1
2026-06-29,000858,09:37:45,72.28,47,2
2026-06-29,000858,09:37:48,72.26,305,1
2026-06-29,000858,09:37:51,72.29,27,2
2026-06-29,000858,09:37:54,72.27,38,1
2026-06-29,000858,09:37:57,72.26,262,1
2026-06-29,000858,09:38:00,72.28,106,2
2026-06-29,000858,09:38:03,72.30,237,2
2026-06-29,000858,09:38:06,72.24,220,1
2026-06-29,000858,09:38:09,72.24,445,1
2026-06-29,000858,09:38:12,72.24,171,2
2026-06-29,000858,09:38:15,72.22,26,2
2026-06-29,000858,09:38:18,72.23,64,2
2026-06-29,000858,09:38:21,72.23,33,2
2026-06-29,000858,09:38:24,72.22,91,1
2026-06-29,000858,09:38:27,72.18,393,1
2026-06-29,000858,09:38:30,72.19,71,2
2026-06-29,000858,09:38:33,72.18,141,1
2026-06-29,000858,09:38:36,72.18,74,2
2026-06-29,000858,09:38:39,72.18,105,2
2026-06-29,000858,09:38:42,72.19,45,2
2026-06-29,000858,09:38:45,72.19,10,2
2026-06-29,000858,09:38:48,72.19,110,2
2026-06-29,000858,09:38:51,72.20,163,2
2026-06-29,000858,09:38:54,72.19,32,1
2026-06-29,000858,09:38:57,72.19,39,2
2026-06-29,000858,09:39:00,72.19,87,2
2026-06-29,000858,09:39:03,72.18,87,1
2026-06-29,000858,09:39:06,72.19,238,2
2026-06-29,000858,09:39:09,72.19,76,2
2026-06-29,000858,09:39:12,72.18,116,1
2026-06-29,000858,09:39:15,72.17,79,1
2026-06-29,000858,09:39:18,72.17,190,2
2026-06-29,000858,09:39:21,72.16,65,2
2026-06-29,000858,09:39:24,72.15,71,2
2026-06-29,000858,09:39:27,72.15,85,1
2026-06-29,000858,09:39:30,72.11,259,1
2026-06-29,000858,09:39:33,72.09,495,1
2026-06-29,000858,09:39:36,72.05,936,1
2026-06-29,000858,09:39:39,72.04,510,1
2026-06-29,000858,09:39:42,72.02,2070,1
2026-06-29,000858,09:39:45,72.01,287,1
2026-06-29,000858,09:39:48,71.97,1461,1
2026-06-29,000858,09:39:51,71.96,474,1
2026-06-29,000858,09:39:54,71.96,91,1
2026-06-29,000858,09:39:57,71.96,375,2
2026-06-29,000858,09:40:00,71.97,637,2
2026-06-29,000858,09:40:03,71.99,394,2
2026-06-29,000858,09:40:06,72.12,478,2
2026-06-29,000858,09:40:09,72.12,123,1
2026-06-29,000858,09:40:12,72.18,965,2
2026-06-29,000858,09:40:15,72.15,465,1
2026-06-29,000858,09:40:18,72.17,38,2
2026-06-29,000858,09:40:21,72.15,81,1
2026-06-29,000858,09:40:24,72.10,71,1
2026-06-29,000858,09:40:27,72.08,86,1
2026-06-29,000858,09:40:30,72.08,244,1
2026-06-29,000858,09:40:33,72.05,152,1
2026-06-29,000858,09:40:36,72.15,621,2
2026-06-29,000858,09:40:39,72.12,33,1
2026-06-29,000858,09:40:42,72.08,34,1
2026-06-29,000858,09:40:45,72.09,33,2
2026-06-29,000858,09:40:48,72.16,331,2
2026-06-29,000858,09:40:51,72.15,285,1
2026-06-29,000858,09:40:54,72.17,82,2
2026-06-29,000858,09:40:57,72.11,75,1
2026-06-29,000858,09:41:00,72.10,55,1
2026-06-29,000858,09:41:03,72.10,114,2
2026-06-29,000858,09:41:06,72.11,104,2
2026-06-29,000858,09:41:09,72.13,50,2
2026-06-29,000858,09:41:12,72.12,62,1
2026-06-29,000858,09:41:15,72.11,52,1
2026-06-29,000858,09:41:18,72.13,36,2
2026-06-29,000858,09:41:21,72.10,92,1
2026-06-29,000858,09:41:24,72.09,469,1
2026-06-29,000858,09:41:27,72.10,193,2
2026-06-29,000858,09:41:30,72.09,1268,2
2026-06-29,000858,09:41:33,72.03,90,1
2026-06-29,000858,09:41:36,72.00,271,1
2026-06-29,000858,09:41:39,72.00,151,1
2026-06-29,000858,09:41:42,72.00,55,1
2026-06-29,000858,09:41:45,72.00,116,1
2026-06-29,000858,09:41:48,71.99,136,1
2026-06-29,000858,09:41:51,72.01,403,2
2026-06-29,000858,09:41:54,71.99,228,1
2026-06-29,000858,09:41:57,71.99,78,1
2026-06-29,000858,09:42:00,71.99,109,1
2026-06-29,000858,09:42:03,71.98,230,1
2026-06-29,000858,09:42:06,72.02,761,2
2026-06-29,000858,09:42:09,72.12,986,2
2026-06-29,000858,09:42:12,72.14,266,2
2026-06-29,000858,09:42:15,72.13,39,1
2026-06-29,000858,09:42:18,72.14,184,2
2026-06-29,000858,09:42:21,72.16,40,2
2026-06-29,000858,09:42:24,72.16,40,1
2026-06-29,000858,09:42:27,72.16,158,1
2026-06-29,000858,09:42:30,72.12,128,1
2026-06-29,000858,09:42:33,72.11,104,1
2026-06-29,000858,09:42:36,72.13,25,2
2026-06-29,000858,09:42:39,72.19,392,2
2026-06-29,000858,09:42:42,72.18,87,1
2026-06-29,000858,09:42:45,72.18,39,1
2026-06-29,000858,09:42:48,72.22,97,2
2026-06-29,000858,09:42:51,72.20,103,1
2026-06-29,000858,09:42:54,72.22,83,2
2026-06-29,000858,09:42:57,72.18,89,1
2026-06-29,000858,09:43:00,72.15,134,1
2026-06-29,000858,09:43:03,72.15,39,2
2026-06-29,000858,09:43:06,72.14,139,1
2026-06-29,000858,09:43:09,72.09,359,1
2026-06-29,000858,09:43:12,72.05,84,1
2026-06-29,000858,09:43:15,72.11,64,2
2026-06-29,000858,09:43:18,72.07,37,1
2026-06-29,000858,09:43:21,72.08,33,2
2026-06-29,000858,09:43:24,72.06,100,2
2026-06-29,000858,09:43:27,72.08,43,2
2026-06-29,000858,09:43:30,72.07,186,1
2026-06-29,000858,09:43:33,72.05,96,1
2026-06-29,000858,09:43:36,72.05,22,2
2026-06-29,000858,09:43:39,72.03,101,1
2026-06-29,000858,09:43:42,72.04,78,2
2026-06-29,000858,09:43:45,72.03,135,1
2026-06-29,000858,09:43:48,72.03,24,1
2026-06-29,000858,09:43:51,72.02,77,1
2026-06-29,000858,09:43:54,72.03,133,2
2026-06-29,000858,09:43:57,72.04,244,2
2026-06-29,000858,09:44:00,72.04,70,1
2026-06-29,000858,09:44:03,72.00,1365,1
2026-06-29,000858,09:44:06,72.00,316,1
2026-06-29,000858,09:44:09,72.00,207,1
2026-06-29,000858,09:44:12,72.00,55,2
2026-06-29,000858,09:44:15,71.97,144,1
2026-06-29,000858,09:44:18,71.97,33,1
2026-06-29,000858,09:44:21,71.97,65,1
2026-06-29,000858,09:44:24,71.97,43,2
2026-06-29,000858,09:44:27,71.96,188,1
2026-06-29,000858,09:44:30,71.95,41,1
2026-06-29,000858,09:44:33,71.95,156,1
2026-06-29,000858,09:44:36,71.97,97,2
2026-06-29,000858,09:44:39,71.96,25,1
2026-06-29,000858,09:44:42,71.96,84,1
2026-06-29,000858,09:44:45,71.96,57,1
2026-06-29,000858,09:44:48,71.96,164,1
2026-06-29,000858,09:44:51,71.97,253,2
2026-06-29,000858,09:44:54,71.98,75,2
2026-06-29,000858,09:44:57,71.96,55,1
2026-06-29,000858,09:45:00,71.97,39,2
2026-06-29,000858,09:45:03,71.97,243,2
2026-06-29,000858,09:45:06,71.92,540,1
2026-06-29,000858,09:45:09,71.90,325,1
2026-06-29,000858,09:45:12,71.90,335,1
2026-06-29,000858,09:45:15,71.91,1352,2
2026-06-29,000858,09:45:18,71.90,99,1
2026-06-29,000858,09:45:21,71.90,90,1
2026-06-29,000858,09:45:24,71.90,182,2
2026-06-29,000858,09:45:27,71.90,91,1
2026-06-29,000858,09:45:30,71.90,21,1
2026-06-29,000858,09:45:33,71.91,78,1
2026-06-29,000858,09:45:36,71.89,194,1
2026-06-29,000858,09:45:39,71.86,637,1
2026-06-29,000858,09:45:42,71.86,111,1
2026-06-29,000858,09:45:45,71.83,132,1
2026-06-29,000858,09:45:48,71.82,69,1
2026-06-29,000858,09:45:51,71.80,406,1
2026-06-29,000858,09:45:54,71.76,732,1
2026-06-29,000858,09:45:57,71.77,96,2
2026-06-29,000858,09:46:00,71.80,549,2
2026-06-29,000858,09:46:03,71.79,201,1
2026-06-29,000858,09:46:06,71.83,516,2
2026-06-29,000858,09:46:09,71.83,84,2
2026-06-29,000858,09:46:12,71.82,217,1
2026-06-29,000858,09:46:15,71.90,96,2
2026-06-29,000858,09:46:18,71.92,187,2
2026-06-29,000858,09:46:21,71.98,119,2
2026-06-29,000858,09:46:24,72.00,217,2
2026-06-29,000858,09:46:27,71.98,45,1
2026-06-29,000858,09:46:30,71.99,145,2
2026-06-29,000858,09:46:33,72.00,303,2
2026-06-29,000858,09:46:36,72.05,404,2
2026-06-29,000858,09:46:39,72.01,86,1
2026-06-29,000858,09:46:42,72.08,274,2
2026-06-29,000858,09:46:45,72.02,46,1
2026-06-29,000858,09:46:48,72.02,16,1
2026-06-29,000858,09:46:51,72.00,94,1
2026-06-29,000858,09:46:54,72.02,40,2
2026-06-29,000858,09:46:57,72.00,35,1
2026-06-29,000858,09:47:00,72.00,129,1
2026-06-29,000858,09:47:03,72.00,37,1
2026-06-29,000858,09:47:06,72.09,169,2
2026-06-29,000858,09:47:09,72.11,257,2
2026-06-29,000858,09:47:12,72.15,21,2
2026-06-29,000858,09:47:15,72.15,68,1
2026-06-29,000858,09:47:18,72.16,20,1
2026-06-29,000858,09:47:21,72.15,111,1
2026-06-29,000858,09:47:24,72.11,99,1
2026-06-29,000858,09:47:27,72.11,25,1
2026-06-29,000858,09:47:30,72.10,419,1
2026-06-29,000858,09:47:33,72.09,38,2
2026-06-29,000858,09:47:36,72.08,75,1
2026-06-29,000858,09:47:39,72.08,71,2
2026-06-29,000858,09:47:42,72.08,47,2
2026-06-29,000858,09:47:45,72.08,22,1
2026-06-29,000858,09:47:48,72.09,66,2
2026-06-29,000858,09:47:51,72.07,91,2
2026-06-29,000858,09:47:54,72.07,130,2
2026-06-29,000858,09:47:57,72.06,28,2
2026-06-29,000858,09:48:00,72.06,24,2
2026-06-29,000858,09:48:03,72.06,75,1
2026-06-29,000858,09:48:06,72.06,49,2
2026-06-29,000858,09:48:09,72.06,84,2
2026-06-29,000858,09:48:12,72.05,39,1
2026-06-29,000858,09:48:15,72.03,37,1
2026-06-29,000858,09:48:18,72.02,6,2
2026-06-29,000858,09:48:21,72.01,70,1
2026-06-29,000858,09:48:24,72.00,34,1
2026-06-29,000858,09:48:27,72.00,45,1
2026-06-29,000858,09:48:30,71.99,13,1
2026-06-29,000858,09:48:33,71.98,90,1
2026-06-29,000858,09:48:36,72.00,427,2
2026-06-29,000858,09:48:39,72.06,287,2
2026-06-29,000858,09:48:42,72.04,5,1
2026-06-29,000858,09:48:45,72.09,75,2
2026-06-29,000858,09:48:48,72.04,32,1
2026-06-29,000858,09:48:51,72.08,39,2
2026-06-29,000858,09:48:54,72.05,15,2
2026-06-29,000858,09:48:57,72.04,127,1
2026-06-29,000858,09:49:00,72.03,36,1
2026-06-29,000858,09:49:03,72.05,38,2
2026-06-29,000858,09:49:06,72.05,67,1
2026-06-29,000858,09:49:09,72.04,54,1
2026-06-29,000858,09:49:12,72.03,112,1
2026-06-29,000858,09:49:15,72.03,47,1
2026-06-29,000858,09:49:18,72.19,1189,2
2026-06-29,000858,09:49:21,72.23,38,2
2026-06-29,000858,09:49:24,72.20,109,1
2026-06-29,000858,09:49:27,72.23,25,2
2026-06-29,000858,09:49:30,72.23,42,1
2026-06-29,000858,09:49:33,72.19,60,1
2026-06-29,000858,09:49:36,72.10,110,1
2026-06-29,000858,09:49:39,72.12,105,2
2026-06-29,000858,09:49:42,72.18,100,2
2026-06-29,000858,09:49:45,72.11,97,1
2026-06-29,000858,09:49:48,72.08,70,1
2026-06-29,000858,09:49:51,72.06,38,1
2026-06-29,000858,09:49:54,72.10,62,2
2026-06-29,000858,09:49:57,72.12,28,2
2026-06-29,000858,09:50:00,72.12,34,2
2026-06-29,000858,09:50:03,72.11,47,1
2026-06-29,000858,09:50:06,72.12,60,1
2026-06-29,000858,09:50:09,72.10,42,1
2026-06-29,000858,09:50:12,72.08,38,1
2026-06-29,000858,09:50:15,72.10,51,2
2026-06-29,000858,09:50:18,72.04,11,1
2026-06-29,000858,09:50:21,72.04,48,1
2026-06-29,000858,09:50:24,72.07,11,2
2026-06-29,000858,09:50:27,72.07,38,2
2026-06-29,000858,09:50:30,72.08,8,2
2026-06-29,000858,09:50:33,72.07,37,1
2026-06-29,000858,09:50:36,72.06,28,1
2026-06-29,000858,09:50:39,72.08,20,2
2026-06-29,000858,09:50:42,72.05,60,1
2026-06-29,000858,09:50:45,72.03,102,1
2026-06-29,000858,09:50:48,71.97,250,1
2026-06-29,000858,09:50:51,71.94,73,1
2026-06-29,000858,09:50:54,71.92,40,1
2026-06-29,000858,09:50:57,71.92,81,2
2026-06-29,000858,09:51:00,71.90,11,1
2026-06-29,000858,09:51:03,71.90,41,2
2026-06-29,000858,09:51:06,71.88,167,1
2026-06-29,000858,09:51:09,71.88,71,2
2026-06-29,000858,09:51:12,71.87,60,1
2026-06-29,000858,09:51:15,71.89,267,2
2026-06-29,000858,09:51:18,71.89,22,2
2026-06-29,000858,09:51:21,71.88,79,1
2026-06-29,000858,09:51:24,71.89,102,2
2026-06-29,000858,09:51:27,71.90,82,2
2026-06-29,000858,09:51:30,71.93,301,2
2026-06-29,000858,09:51:33,71.94,54,2
2026-06-29,000858,09:51:36,72.00,69,2
2026-06-29,000858,09:51:39,72.01,42,2
2026-06-29,000858,09:51:42,72.02,14,2
2026-06-29,000858,09:51:45,72.00,19,1
2026-06-29,000858,09:51:48,72.05,73,2
2026-06-29,000858,09:51:51,72.05,17,1
2026-06-29,000858,09:51:54,72.06,35,2
2026-06-29,000858,09:51:57,72.10,119,2
2026-06-29,000858,09:52:00,72.11,99,2
2026-06-29,000858,09:52:03,72.13,34,2
2026-06-29,000858,09:52:06,72.15,31,2
2026-06-29,000858,09:52:09,72.12,33,1
2026-06-29,000858,09:52:12,72.13,140,2
2026-06-29,000858,09:52:15,72.13,108,1
2026-06-29,000858,09:52:18,72.12,24,1
2026-06-29,000858,09:52:21,72.10,61,1
2026-06-29,000858,09:52:24,72.12,29,2
2026-06-29,000858,09:52:27,72.08,23,1
2026-06-29,000858,09:52:30,72.10,69,2
2026-06-29,000858,09:52:33,72.09,56,1
2026-06-29,000858,09:52:36,72.12,38,2
2026-06-29,000858,09:52:39,72.10,35,1
2026-06-29,000858,09:52:42,72.12,28,2
2026-06-29,000858,09:52:45,72.11,38,1
2026-06-29,000858,09:52:48,72.11,38,1
2026-06-29,000858,09:52:51,72.11,20,1
2026-06-29,000858,09:52:54,72.12,187,2
2026-06-29,000858,09:52:57,72.16,269,2
2026-06-29,000858,09:53:00,72.16,90,1
2026-06-29,000858,09:53:03,72.18,65,2
2026-06-29,000858,09:53:06,72.18,66,1
2026-06-29,000858,09:53:09,72.16,78,1
2026-06-29,000858,09:53:12,72.16,75,1
2026-06-29,000858,09:53:15,72.24,550,2
2026-06-29,000858,09:53:18,72.25,80,2
2026-06-29,000858,09:53:21,72.24,29,1
2026-06-29,000858,09:53:24,72.20,58,1
2026-06-29,000858,09:53:27,72.24,54,2
2026-06-29,000858,09:53:30,72.24,41,2
2026-06-29,000858,09:53:33,72.24,354,2
2026-06-29,000858,09:53:36,72.24,18,2
2026-06-29,000858,09:53:39,72.25,52,2
2026-06-29,000858,09:53:42,72.27,53,2
2026-06-29,000858,09:53:45,72.26,84,1
2026-06-29,000858,09:53:48,72.33,205,2
2026-06-29,000858,09:53:51,72.30,18,1
2026-06-29,000858,09:53:54,72.34,5,2
2026-06-29,000858,09:53:57,72.34,62,1
2026-06-29,000858,09:54:00,72.35,234,2
2026-06-29,000858,09:54:03,72.39,87,2
2026-06-29,000858,09:54:06,72.46,655,2
2026-06-29,000858,09:54:09,72.45,103,1
2026-06-29,000858,09:54:12,72.51,360,2
2026-06-29,000858,09:54:15,72.55,61,2
2026-06-29,000858,09:54:18,72.56,138,2
2026-06-29,000858,09:54:21,72.56,63,2
2026-06-29,000858,09:54:24,72.56,58,1
2026-06-29,000858,09:54:27,72.55,93,1
2026-06-29,000858,09:54:30,72.50,231,1
2026-06-29,000858,09:54:33,72.51,122,2
2026-06-29,000858,09:54:36,72.50,113,1
2026-06-29,000858,09:54:39,72.50,83,2
2026-06-29,000858,09:54:42,72.45,28,1
2026-06-29,000858,09:54:45,72.45,41,2
2026-06-29,000858,09:54:48,72.44,58,1
2026-06-29,000858,09:54:51,72.44,22,2
2026-06-29,000858,09:54:54,72.44,103,2
2026-06-29,000858,09:54:57,72.42,41,1
2026-06-29,000858,09:55:00,72.41,61,1
2026-06-29,000858,09:55:03,72.39,34,1
2026-06-29,000858,09:55:06,72.38,55,2
2026-06-29,000858,09:55:09,72.38,80,2
2026-06-29,000858,09:55:12,72.39,39,2
2026-06-29,000858,09:55:15,72.36,34,1
2026-06-29,000858,09:55:18,72.36,207,2
2026-06-29,000858,09:55:21,72.35,27,1
2026-06-29,000858,09:55:24,72.40,207,2
2026-06-29,000858,09:55:27,72.34,587,1
2026-06-29,000858,09:55:30,72.36,34,2
2026-06-29,000858,09:55:33,72.37,453,2
2026-06-29,000858,09:55:36,72.37,207,1
2026-06-29,000858,09:55:39,72.36,19,1
2026-06-29,000858,09:55:42,72.30,342,1
2026-06-29,000858,09:55:45,72.36,630,2
2026-06-29,000858,09:55:48,72.34,25,1
2026-06-29,000858,09:55:51,72.35,29,2
2026-06-29,000858,09:55:54,72.35,165,1
2026-06-29,000858,09:55:57,72.35,466,2
2026-06-29,000858,09:56:00,72.37,194,2
2026-06-29,000858,09:56:03,72.40,27,2
2026-06-29,000858,09:56:06,72.42,144,2
2026-06-29,000858,09:56:09,72.46,117,2
2026-06-29,000858,09:56:12,72.46,61,2
2026-06-29,000858,09:56:15,72.46,18,2
2026-06-29,000858,09:56:18,72.45,78,1
2026-06-29,000858,09:56:21,72.55,477,2
2026-06-29,000858,09:56:24,72.55,56,1
2026-06-29,000858,09:56:27,72.54,223,1
2026-06-29,000858,09:56:30,72.58,203,2
2026-06-29,000858,09:56:33,72.60,20,2
2026-06-29,000858,09:56:36,72.62,24,2
2026-06-29,000858,09:56:39,72.63,141,2
2026-06-29,000858,09:56:42,72.63,60,1
2026-06-29,000858,09:56:45,72.64,125,2
2026-06-29,000858,09:56:48,72.64,172,2
2026-06-29,000858,09:56:51,72.62,82,1
2026-06-29,000858,09:56:54,72.61,41,1
2026-06-29,000858,09:56:57,72.62,92,2
2026-06-29,000858,09:57:00,72.70,391,2
2026-06-29,000858,09:57:03,72.72,382,2
2026-06-29,000858,09:57:06,72.76,92,2
2026-06-29,000858,09:57:09,72.73,179,1
2026-06-29,000858,09:57:12,72.81,80,2
2026-06-29,000858,09:57:15,72.82,34,2
2026-06-29,000858,09:57:18,72.80,106,1
2026-06-29,000858,09:57:21,72.74,72,1
2026-06-29,000858,09:57:24,72.74,124,1
2026-06-29,000858,09:57:27,72.75,112,2
2026-06-29,000858,09:57:30,72.71,68,1
2026-06-29,000858,09:57:33,72.71,29,2
2026-06-29,000858,09:57:36,72.67,46,1
2026-06-29,000858,09:57:39,72.62,25,1
2026-06-29,000858,09:57:42,72.60,57,1
2026-06-29,000858,09:57:45,72.62,49,2
2026-06-29,000858,09:57:48,72.62,90,2
2026-06-29,000858,09:57:51,72.62,114,1
2026-06-29,000858,09:57:54,72.63,33,2
2026-06-29,000858,09:57:57,72.73,55,2
2026-06-29,000858,09:58:00,72.70,17,1
2026-06-29,000858,09:58:03,72.70,128,2
2026-06-29,000858,09:58:06,72.68,26,1
2026-06-29,000858,09:58:09,72.69,65,1
2026-06-29,000858,09:58:12,72.69,35,2
2026-06-29,000858,09:58:15,72.69,87,2
2026-06-29,000858,09:58:18,72.69,109,2
2026-06-29,000858,09:58:21,72.65,43,1
2026-06-29,000858,09:58:24,72.68,407,2
2026-06-29,000858,09:58:27,72.67,37,1
2026-06-29,000858,09:58:30,72.68,46,2
2026-06-29,000858,09:58:33,72.64,49,1
2026-06-29,000858,09:58:36,72.64,51,1
2026-06-29,000858,09:58:39,72.64,15,2
2026-06-29,000858,09:58:42,72.64,102,2
2026-06-29,000858,09:58:45,72.66,382,2
2026-06-29,000858,09:58:48,72.66,174,1
2026-06-29,000858,09:58:51,72.66,78,1
2026-06-29,000858,09:58:54,72.66,27,1
2026-06-29,000858,09:58:57,72.65,22,1
2026-06-29,000858,09:59:00,72.69,68,2
2026-06-29,000858,09:59:03,72.78,335,2
2026-06-29,000858,09:59:06,72.80,483,2
2026-06-29,000858,09:59:09,72.80,99,1
2026-06-29,000858,09:59:12,72.76,63,1
2026-06-29,000858,09:59:15,72.80,90,2
2026-06-29,000858,09:59:18,72.76,19,1
2026-06-29,000858,09:59:21,72.74,25,1
2026-06-29,000858,09:59:24,72.73,77,1
2026-06-29,000858,09:59:27,72.71,51,2
2026-06-29,000858,09:59:30,72.74,160,2
2026-06-29,000858,09:59:33,72.69,57,1
2026-06-29,000858,09:59:36,72.69,32,2
2026-06-29,000858,09:59:39,72.69,36,2
2026-06-29,000858,09:59:42,72.69,63,2
2026-06-29,000858,09:59:45,72.71,192,2
2026-06-29,000858,09:59:48,72.74,33,2
2026-06-29,000858,09:59:51,72.71,62,1
2026-06-29,000858,09:59:54,72.74,30,2
2026-06-29,000858,09:59:57,72.73,70,2
2026-06-29,000858,10:00:00,72.73,22,2
2026-06-29,000858,10:00:03,72.71,55,1
2026-06-29,000858,10:00:06,72.79,305,2
2026-06-29,000858,10:00:09,72.83,266,2
2026-06-29,000858,10:00:12,72.85,107,2
2026-06-29,000858,10:00:15,72.86,28,2
2026-06-29,000858,10:00:18,72.85,101,1
2026-06-29,000858,10:00:21,72.71,139,1
2026-06-29,000858,10:00:24,72.71,149,1
2026-06-29,000858,10:00:27,72.69,297,1
2026-06-29,000858,10:00:30,72.66,94,1
2026-06-29,000858,10:00:33,72.61,30,1
2026-06-29,000858,10:00:36,72.65,64,2
2026-06-29,000858,10:00:39,72.60,25,1
2026-06-29,000858,10:00:42,72.61,79,2
2026-06-29,000858,10:00:45,72.64,39,1
2026-06-29,000858,10:00:48,72.60,362,1
2026-06-29,000858,10:00:51,72.64,649,2
2026-06-29,000858,10:00:54,72.69,226,2
2026-06-29,000858,10:00:57,72.65,256,1
2026-06-29,000858,10:01:00,72.61,16,1
2026-06-29,000858,10:01:03,72.64,21,2
2026-06-29,000858,10:01:06,72.69,548,2
2026-06-29,000858,10:01:09,72.70,68,2
2026-06-29,000858,10:01:12,72.68,55,1
2026-06-29,000858,10:01:15,72.69,102,2
2026-06-29,000858,10:01:18,72.74,273,2
2026-06-29,000858,10:01:21,72.78,111,2
2026-06-29,000858,10:01:24,72.75,25,2
2026-06-29,000858,10:01:27,72.71,18,1
2026-06-29,000858,10:01:30,72.68,67,1
2026-06-29,000858,10:01:33,72.68,34,2
2026-06-29,000858,10:01:36,72.67,13,1
2026-06-29,000858,10:01:39,72.66,40,1
2026-06-29,000858,10:01:42,72.63,60,1
2026-06-29,000858,10:01:45,72.62,23,1
2026-06-29,000858,10:01:48,72.60,113,1
2026-06-29,000858,10:01:51,72.59,66,1
2026-06-29,000858,10:01:54,72.60,45,2
2026-06-29,000858,10:01:57,72.57,71,1
2026-06-29,000858,10:02:00,72.58,33,2
2026-06-29,000858,10:02:03,72.59,80,2
2026-06-29,000858,10:02:06,72.66,39,2
2026-06-29,000858,10:02:09,72.62,26,1
2026-06-29,000858,10:02:12,72.66,39,2
2026-06-29,000858,10:02:15,72.71,81,2
2026-06-29,000858,10:02:18,72.74,53,2
2026-06-29,000858,10:02:21,72.77,51,2
2026-06-29,000858,10:02:24,72.78,101,2
2026-06-29,000858,10:02:27,72.86,300,2
2026-06-29,000858,10:02:30,72.90,334,2
2026-06-29,000858,10:02:33,72.92,73,2
2026-06-29,000858,10:02:36,72.94,71,2
2026-06-29,000858,10:02:39,72.94,50,1
2026-06-29,000858,10:02:42,72.93,166,1
2026-06-29,000858,10:02:45,72.92,79,1
2026-06-29,000858,10:02:48,72.89,54,1
2026-06-29,000858,10:02:51,72.90,44,2
2026-06-29,000858,10:02:54,72.90,91,2
2026-06-29,000858,10:02:57,72.95,265,2
2026-06-29,000858,10:03:00,72.96,76,2
2026-06-29,000858,10:03:03,72.99,252,2
2026-06-29,000858,10:03:06,72.99,795,2
2026-06-29,000858,10:03:09,73.05,165,2
2026-06-29,000858,10:03:12,73.10,263,2
2026-06-29,000858,10:03:15,73.07,255,1
2026-06-29,000858,10:03:18,73.14,213,2
2026-06-29,000858,10:03:21,73.14,166,2
2026-06-29,000858,10:03:24,73.17,217,2
2026-06-29,000858,10:03:27,73.16,77,1
2026-06-29,000858,10:03:30,73.18,149,2
2026-06-29,000858,10:03:33,73.18,123,2
2026-06-29,000858,10:03:36,73.16,83,1
2026-06-29,000858,10:03:39,73.16,206,2
2026-06-29,000858,10:03:42,73.20,352,2
2026-06-29,000858,10:03:45,73.23,224,2
2026-06-29,000858,10:03:48,73.20,95,1
2026-06-29,000858,10:03:51,73.24,82,2
2026-06-29,000858,10:03:54,73.24,134,2
2026-06-29,000858,10:03:57,73.26,156,2
2026-06-29,000858,10:04:00,73.34,251,2
2026-06-29,000858,10:04:03,73.33,115,1
2026-06-29,000858,10:04:06,73.43,181,2
2026-06-29,000858,10:04:09,73.53,686,2
2026-06-29,000858,10:04:12,73.50,276,1
2026-06-29,000858,10:04:15,73.52,225,2
2026-06-29,000858,10:04:18,73.50,197,1
2026-06-29,000858,10:04:21,73.44,135,1
2026-06-29,000858,10:04:24,73.41,286,1
2026-06-29,000858,10:04:27,73.35,98,1
2026-06-29,000858,10:04:30,73.38,138,2
2026-06-29,000858,10:04:33,73.35,80,1
2026-06-29,000858,10:04:36,73.39,121,2
2026-06-29,000858,10:04:39,73.37,115,1
2026-06-29,000858,10:04:42,73.37,41,1
2026-06-29,000858,10:04:45,73.36,174,1
2026-06-29,000858,10:04:48,73.41,280,2
2026-06-29,000858,10:04:51,73.45,228,2
2026-06-29,000858,10:04:54,73.48,274,2
2026-06-29,000858,10:04:57,73.50,56,2
2026-06-29,000858,10:05:00,73.50,90,2
2026-06-29,000858,10:05:03,73.48,277,1
2026-06-29,000858,10:05:06,73.47,141,1
2026-06-29,000858,10:05:09,73.47,99,1
2026-06-29,000858,10:05:12,73.47,140,1
2026-06-29,000858,10:05:15,73.47,136,2
2026-06-29,000858,10:05:18,73.38,148,1
2026-06-29,000858,10:05:21,73.30,350,1
2026-06-29,000858,10:05:24,73.30,59,2
2026-06-29,000858,10:05:27,73.26,73,1
2026-06-29,000858,10:05:30,73.30,355,2
2026-06-29,000858,10:05:33,73.24,27,1
2026-06-29,000858,10:05:36,73.25,32,2
2026-06-29,000858,10:05:39,73.23,47,1
2026-06-29,000858,10:05:42,73.23,26,1
2026-06-29,000858,10:05:45,73.22,68,1
2026-06-29,000858,10:05:48,73.13,94,1
2026-06-29,000858,10:05:51,73.21,39,2
2026-06-29,000858,10:05:54,73.15,28,1
2026-06-29,000858,10:05:57,73.14,45,1
2026-06-29,000858,10:06:00,73.19,140,2
2026-06-29,000858,10:06:03,73.18,56,1
2026-06-29,000858,10:06:06,73.18,16,2
2026-06-29,000858,10:06:09,73.19,119,2
2026-06-29,000858,10:06:12,73.21,90,2
2026-06-29,000858,10:06:15,73.20,42,1
2026-06-29,000858,10:06:18,73.25,405,2
2026-06-29,000858,10:06:21,73.25,75,2
2026-06-29,000858,10:06:24,73.25,76,1
2026-06-29,000858,10:06:27,73.25,53,1
2026-06-29,000858,10:06:30,73.25,21,2
2026-06-29,000858,10:06:33,73.27,107,2
2026-06-29,000858,10:06:36,73.26,67,1
2026-06-29,000858,10:06:39,73.26,52,1
2026-06-29,000858,10:06:42,73.26,30,1
2026-06-29,000858,10:06:45,73.19,354,1
2026-06-29,000858,10:06:48,73.15,44,1
2026-06-29,000858,10:06:51,73.18,105,2
2026-06-29,000858,10:06:54,73.15,59,1
2026-06-29,000858,10:06:57,73.16,48,2
2026-06-29,000858,10:07:00,73.16,40,2
2026-06-29,000858,10:07:03,73.18,78,2
2026-06-29,000858,10:07:06,73.20,26,2
2026-06-29,000858,10:07:09,73.20,24,1
2026-06-29,000858,10:07:12,73.23,35,2
2026-06-29,000858,10:07:15,73.22,22,1
2026-06-29,000858,10:07:18,73.26,80,2
2026-06-29,000858,10:07:21,73.31,604,2
2026-06-29,000858,10:07:24,73.31,105,1
2026-06-29,000858,10:07:27,73.33,37,2
2026-06-29,000858,10:07:30,73.35,199,2
2026-06-29,000858,10:07:33,73.38,92,2
2026-06-29,000858,10:07:36,73.39,136,2
2026-06-29,000858,10:07:39,73.43,70,2
2026-06-29,000858,10:07:42,73.44,44,2
2026-06-29,000858,10:07:45,73.45,35,2
2026-06-29,000858,10:07:48,73.52,725,2
2026-06-29,000858,10:07:51,73.52,313,2
2026-06-29,000858,10:07:54,73.52,92,1
2026-06-29,000858,10:07:57,73.65,1167,2
2026-06-29,000858,10:08:00,73.62,482,1
2026-06-29,000858,10:08:03,73.67,61,2
2026-06-29,000858,10:08:06,73.74,178,2
2026-06-29,000858,10:08:09,73.76,170,2
2026-06-29,000858,10:08:12,73.75,189,1
2026-06-29,000858,10:08:15,73.75,352,1
2026-06-29,000858,10:08:18,73.75,259,1
2026-06-29,000858,10:08:21,73.72,177,1
2026-06-29,000858,10:08:24,73.70,378,1
2026-06-29,000858,10:08:27,73.72,92,2
2026-06-29,000858,10:08:30,73.73,246,2
2026-06-29,000858,10:08:33,73.74,463,2
2026-06-29,000858,10:08:36,73.80,483,2
2026-06-29,000858,10:08:39,73.83,398,2
2026-06-29,000858,10:08:42,73.83,465,1
2026-06-29,000858,10:08:45,73.89,732,2
2026-06-29,000858,10:08:48,73.98,2070,2
2026-06-29,000858,10:08:51,74.00,650,2
2026-06-29,000858,10:08:54,74.12,936,2
2026-06-29,000858,10:08:57,74.03,471,1
2026-06-29,000858,10:09:00,74.03,126,1
2026-06-29,000858,10:09:03,74.04,520,2
2026-06-29,000858,10:09:06,74.03,510,1
2026-06-29,000858,10:09:09,73.99,231,1
2026-06-29,000858,10:09:12,73.96,343,1
2026-06-29,000858,10:09:15,73.88,276,1
2026-06-29,000858,10:09:18,73.90,435,2
2026-06-29,000858,10:09:21,73.87,118,1
2026-06-29,000858,10:09:24,73.90,409,2
2026-06-29,000858,10:09:27,73.89,126,1
2026-06-29,000858,10:09:30,73.88,171,1
2026-06-29,000858,10:09:33,73.88,177,1
2026-06-29,000858,10:09:36,73.87,107,1
2026-06-29,000858,10:09:39,73.86,137,1
2026-06-29,000858,10:09:42,73.86,83,2
2026-06-29,000858,10:09:45,73.87,110,2
2026-06-29,000858,10:09:48,73.88,625,2
2026-06-29,000858,10:09:51,73.91,130,2
2026-06-29,000858,10:09:54,73.96,166,2
2026-06-29,000858,10:09:57,74.00,481,2
2026-06-29,000858,10:10:00,74.05,144,2
2026-06-29,000858,10:10:03,74.02,182,1
2026-06-29,000858,10:10:06,74.00,162,1
2026-06-29,000858,10:10:09,74.01,773,2
2026-06-29,000858,10:10:12,74.01,182,2
2026-06-29,000858,10:10:15,74.00,118,1
2026-06-29,000858,10:10:18,74.00,316,1
2026-06-29,000858,10:10:21,74.02,359,2
2026-06-29,000858,10:10:24,74.00,207,1
2026-06-29,000858,10:10:27,74.19,1349,2
2026-06-29,000858,10:10:30,74.20,363,2
2026-06-29,000858,10:10:33,74.13,95,1
2026-06-29,000858,10:10:36,74.11,107,1
2026-06-29,000858,10:10:39,74.11,65,1
2026-06-29,000858,10:10:42,74.11,113,2
2026-06-29,000858,10:10:45,74.12,221,2
2026-06-29,000858,10:10:48,74.10,119,1
2026-06-29,000858,10:10:51,74.11,225,2
2026-06-29,000858,10:10:54,74.18,257,2
2026-06-29,000858,10:10:57,74.14,186,1
2026-06-29,000858,10:11:00,74.18,374,2
2026-06-29,000858,10:11:03,74.19,337,2
2026-06-29,000858,10:11:06,74.19,197,1
2026-06-29,000858,10:11:09,74.19,94,1
2026-06-29,000858,10:11:12,74.19,154,2
2026-06-29,000858,10:11:15,74.13,317,1
2026-06-29,000858,10:11:18,74.12,137,1
2026-06-29,000858,10:11:21,74.03,949,1
2026-06-29,000858,10:11:24,74.03,78,1
2026-06-29,000858,10:11:27,74.11,205,2
2026-06-29,000858,10:11:30,74.07,118,1
2026-06-29,000858,10:11:33,74.11,52,2
2026-06-29,000858,10:11:36,74.10,79,1
2026-06-29,000858,10:11:39,74.07,50,1
2026-06-29,000858,10:11:42,74.04,106,1
2026-06-29,000858,10:11:45,74.05,67,2
2026-06-29,000858,10:11:48,74.06,795,2
2026-06-29,000858,10:11:51,74.10,163,2
2026-06-29,000858,10:11:54,74.09,187,1
2026-06-29,000858,10:11:57,74.10,90,2
2026-06-29,000858,10:12:00,74.09,195,1
2026-06-29,000858,10:12:03,74.09,111,1
2026-06-29,000858,10:12:06,74.08,718,1
2026-06-29,000858,10:12:09,74.02,96,1
2026-06-29,000858,10:12:12,74.00,71,1
2026-06-29,000858,10:12:15,73.98,192,1
2026-06-29,000858,10:12:18,74.00,202,2
2026-06-29,000858,10:12:21,73.98,128,1
2026-06-29,000858,10:12:24,73.99,83,2
2026-06-29,000858,10:12:27,73.98,108,1
2026-06-29,000858,10:12:30,73.98,85,1
2026-06-29,000858,10:12:33,73.97,157,1
2026-06-29,000858,10:12:36,73.98,232,2
2026-06-29,000858,10:12:39,73.97,140,1
2026-06-29,000858,10:12:42,73.97,112,2
2026-06-29,000858,10:12:45,73.86,109,1
2026-06-29,000858,10:12:48,73.86,92,1
2026-06-29,000858,10:12:51,73.86,50,2
2026-06-29,000858,10:12:54,73.86,31,2
2026-06-29,000858,10:12:57,73.87,86,2
2026-06-29,000858,10:13:00,73.81,47,1
2026-06-29,000858,10:13:03,73.90,206,2
2026-06-29,000858,10:13:06,73.89,289,1
2026-06-29,000858,10:13:09,73.89,130,1
2026-06-29,000858,10:13:12,73.90,74,2
2026-06-29,000858,10:13:15,73.89,69,1
2026-06-29,000858,10:13:18,73.84,247,1
2026-06-29,000858,10:13:21,73.85,179,2
2026-06-29,000858,10:13:24,73.88,145,2
2026-06-29,000858,10:13:27,73.78,260,1
2026-06-29,000858,10:13:30,73.77,62,1
2026-06-29,000858,10:13:33,73.78,54,1
2026-06-29,000858,10:13:36,73.75,93,1
2026-06-29,000858,10:13:39,73.75,60,1
2026-06-29,000858,10:13:42,73.74,83,1
2026-06-29,000858,10:13:45,73.72,174,1
2026-06-29,000858,10:13:48,73.72,131,1
2026-06-29,000858,10:13:51,73.71,79,1
2026-06-29,000858,10:13:54,73.70,94,1
2026-06-29,000858,10:13:57,73.69,172,1
2026-06-29,000858,10:14:00,73.69,157,2
2026-06-29,000858,10:14:03,73.71,401,2
2026-06-29,000858,10:14:06,73.69,134,1
2026-06-29,000858,10:14:09,73.69,108,2
2026-06-29,000858,10:14:12,73.78,242,2
2026-06-29,000858,10:14:15,73.75,111,1
2026-06-29,000858,10:14:18,73.78,120,2
2026-06-29,000858,10:14:21,73.78,18,2
2026-06-29,000858,10:14:24,73.72,101,1
2026-06-29,000858,10:14:27,73.63,159,1
2026-06-29,000858,10:14:30,73.60,70,1
2026-06-29,000858,10:14:33,73.64,69,2
2026-06-29,000858,10:14:36,73.62,104,1
2026-06-29,000858,10:14:39,73.60,87,1
2026-06-29,000858,10:14:42,73.60,92,1
2026-06-29,000858,10:14:45,73.65,248,2
2026-06-29,000858,10:14:48,73.65,62,1
2026-06-29,000858,10:14:51,73.66,35,1
2026-06-29,000858,10:14:54,73.68,40,2
2026-06-29,000858,10:14:57,73.65,54,1
2026-06-29,000858,10:15:00,73.65,175,2
2026-06-29,000858,10:15:03,73.65,44,1
2026-06-29,000858,10:15:06,73.69,139,2
2026-06-29,000858,10:15:09,73.71,81,2
2026-06-29,000858,10:15:12,73.71,29,2
2026-06-29,000858,10:15:15,73.73,14,2
2026-06-29,000858,10:15:18,73.73,39,2
2026-06-29,000858,10:15:21,73.68,192,1
2026-06-29,000858,10:15:24,73.73,86,2
2026-06-29,000858,10:15:27,73.74,78,2
2026-06-29,000858,10:15:30,73.73,30,1
2026-06-29,000858,10:15:33,73.73,32,2
2026-06-29,000858,10:15:36,73.74,106,2
2026-06-29,000858,10:15:39,73.78,148,2
2026-06-29,000858,10:15:42,73.82,122,2
2026-06-29,000858,10:15:45,73.85,99,2
2026-06-29,000858,10:15:48,73.87,126,2
2026-06-29,000858,10:15:51,73.90,154,2
2026-06-29,000858,10:15:54,73.89,88,1
2026-06-29,000858,10:15:57,73.91,40,2
2026-06-29,000858,10:16:00,73.92,56,2
2026-06-29,000858,10:16:03,74.04,648,2
2026-06-29,000858,10:16:06,74.03,235,1
2026-06-29,000858,10:16:09,74.07,178,2
2026-06-29,000858,10:16:12,74.14,460,2
2026-06-29,000858,10:16:15,74.17,211,2
2026-06-29,000858,10:16:18,74.19,230,2
2026-06-29,000858,10:16:21,74.14,476,1
2026-06-29,000858,10:16:24,74.19,75,2
2026-06-29,000858,10:16:27,74.19,174,1
2026-06-29,000858,10:16:30,74.22,661,2
2026-06-29,000858,10:16:33,74.22,226,2
2026-06-29,000858,10:16:36,74.28,550,2
2026-06-29,000858,10:16:39,74.30,335,2
2026-06-29,000858,10:16:42,74.30,106,2
2026-06-29,000858,10:16:45,74.30,100,2
2026-06-29,000858,10:16:48,74.29,242,2
2026-06-29,000858,10:16:51,74.30,354,2
2026-06-29,000858,10:16:54,74.26,227,1
2026-06-29,000858,10:16:57,74.24,212,1
2026-06-29,000858,10:17:00,74.36,1421,2
2026-06-29,000858,10:17:03,74.37,527,2
2026-06-29,000858,10:17:06,74.50,2978,2
2026-06-29,000858,10:17:09,74.54,285,2
2026-06-29,000858,10:17:12,74.60,1051,2
2026-06-29,000858,10:17:15,74.57,602,1
2026-06-29,000858,10:17:18,74.57,143,2
2026-06-29,000858,10:17:21,74.57,629,2
2026-06-29,000858,10:17:24,74.60,386,2
2026-06-29,000858,10:17:27,74.56,95,1
2026-06-29,000858,10:17:30,74.57,198,2
2026-06-29,000858,10:17:33,74.57,388,2
2026-06-29,000858,10:17:36,74.57,754,2
2026-06-29,000858,10:17:39,74.57,462,1
2026-06-29,000858,10:17:42,74.53,149,1
2026-06-29,000858,10:17:45,74.56,163,2
2026-06-29,000858,10:17:48,74.55,97,1
2026-06-29,000858,10:17:51,74.53,306,2
2026-06-29,000858,10:17:54,74.55,285,2
2026-06-29,000858,10:17:57,74.52,126,1
2026-06-29,000858,10:18:00,74.54,352,2
2026-06-29,000858,10:18:03,74.54,366,2
2026-06-29,000858,10:18:06,74.58,2548,2
2026-06-29,000858,10:18:09,74.62,417,2
2026-06-29,000858,10:18:12,74.73,373,2
2026-06-29,000858,10:18:15,74.71,377,1
2026-06-29,000858,10:18:18,74.71,244,1
2026-06-29,000858,10:18:21,74.69,205,1
2026-06-29,000858,10:18:24,74.63,48,1
2026-06-29,000858,10:18:27,74.60,190,1
2026-06-29,000858,10:18:30,74.60,412,2
2026-06-29,000858,10:18:33,74.68,184,2
2026-06-29,000858,10:18:36,74.68,134,2
2026-06-29,000858,10:18:39,74.67,103,1
2026-06-29,000858,10:18:42,74.65,125,1
2026-06-29,000858,10:18:45,74.68,334,2
2026-06-29,000858,10:18:48,74.66,633,2
2026-06-29,000858,10:18:51,74.70,140,2
2026-06-29,000858,10:18:54,74.65,129,1
2026-06-29,000858,10:18:57,74.74,416,2
2026-06-29,000858,10:19:00,74.73,583,1
2026-06-29,000858,10:19:03,74.73,343,2
2026-06-29,000858,10:19:06,74.68,261,1
2026-06-29,000858,10:19:09,74.69,183,1
2026-06-29,000858,10:19:12,74.69,128,2
2026-06-29,000858,10:19:15,74.62,331,1
2026-06-29,000858,10:19:18,74.58,173,1
2026-06-29,000858,10:19:21,74.56,71,1
2026-06-29,000858,10:19:24,74.58,119,2
2026-06-29,000858,10:19:27,74.56,150,1
2026-06-29,000858,10:19:30,74.55,878,1
2026-06-29,000858,10:19:33,74.54,161,1
2026-06-29,000858,10:19:36,74.54,177,1
2026-06-29,000858,10:19:39,74.54,157,1
2026-06-29,000858,10:19:42,74.52,175,1
2026-06-29,000858,10:19:45,74.51,708,1
2026-06-29,000858,10:19:48,74.51,143,1
2026-06-29,000858,10:19:51,74.52,232,2
2026-06-29,000858,10:19:54,74.51,546,2
2026-06-29,000858,10:19:57,74.52,237,1
2026-06-29,000858,10:20:00,74.50,74,1
2026-06-29,000858,10:20:03,74.56,778,2
2026-06-29,000858,10:20:06,74.54,431,1
2026-06-29,000858,10:20:09,74.68,298,2
2026-06-29,000858,10:20:12,74.68,39,2
2026-06-29,000858,10:20:15,74.57,113,1
2026-06-29,000858,10:20:18,74.63,510,2
2026-06-29,000858,10:20:21,74.61,48,2
2026-06-29,000858,10:20:24,74.62,91,2
2026-06-29,000858,10:20:27,74.69,364,2
2026-06-29,000858,10:20:30,74.69,126,2
2026-06-29,000858,10:20:33,74.70,223,2
2026-06-29,000858,10:20:36,74.69,97,1
2026-06-29,000858,10:20:39,74.71,317,2
2026-06-29,000858,10:20:42,74.70,172,1
2026-06-29,000858,10:20:45,74.70,89,2
2026-06-29,000858,10:20:48,74.65,83,1
2026-06-29,000858,10:20:51,74.58,131,1
2026-06-29,000858,10:20:54,74.57,50,1
2026-06-29,000858,10:20:57,74.59,41,2
2026-06-29,000858,10:21:00,74.60,221,2
2026-06-29,000858,10:21:03,74.68,211,2
2026-06-29,000858,10:21:06,74.68,125,2
2026-06-29,000858,10:21:09,74.68,97,2
2026-06-29,000858,10:21:12,74.64,80,1
2026-06-29,000858,10:21:15,74.66,113,2
2026-06-29,000858,10:21:18,74.65,95,1
2026-06-29,000858,10:21:21,74.67,250,2
2026-06-29,000858,10:21:24,74.66,544,1
2026-06-29,000858,10:21:27,74.61,859,1
2026-06-29,000858,10:21:30,74.60,234,1
2026-06-29,000858,10:21:33,74.65,33,2
2026-06-29,000858,10:21:36,74.61,44,1
2026-06-29,000858,10:21:39,74.65,65,2
2026-06-29,000858,10:21:42,74.65,570,2
2026-06-29,000858,10:21:45,74.65,177,2
2026-06-29,000858,10:21:48,74.65,163,1
2026-06-29,000858,10:21:51,74.64,68,1
2026-06-29,000858,10:21:54,74.65,33,2
2026-06-29,000858,10:21:57,74.63,69,1
2026-06-29,000858,10:22:00,74.65,83,2
2026-06-29,000858,10:22:03,74.63,72,1
2026-06-29,000858,10:22:06,74.68,623,2
2026-06-29,000858,10:22:09,74.70,1142,2
2026-06-29,000858,10:22:12,74.70,735,2
2026-06-29,000858,10:22:15,74.72,157,2
2026-06-29,000858,10:22:18,74.69,131,1
2026-06-29,000858,10:22:21,74.61,785,1
2026-06-29,000858,10:22:24,74.60,126,1
2026-06-29,000858,10:22:27,74.54,47,1
2026-06-29,000858,10:22:30,74.50,116,1
2026-06-29,000858,10:22:33,74.48,66,1
2026-06-29,000858,10:22:36,74.48,23,1
2026-06-29,000858,10:22:39,74.46,193,1
2026-06-29,000858,10:22:42,74.46,110,1
2026-06-29,000858,10:22:45,74.44,155,1
2026-06-29,000858,10:22:48,74.43,82,1
2026-06-29,000858,10:22:51,74.44,124,2
2026-06-29,000858,10:22:54,74.46,408,2
2026-06-29,000858,10:22:57,74.47,96,2
2026-06-29,000858,10:23:00,74.55,337,2
2026-06-29,000858,10:23:03,74.48,68,1
2026-06-29,000858,10:23:06,74.58,70,2
2026-06-29,000858,10:23:09,74.58,154,2
2026-06-29,000858,10:23:12,74.54,42,1
2026-06-29,000858,10:23:15,74.58,191,2
2026-06-29,000858,10:23:18,74.52,71,1
2026-06-29,000858,10:23:21,74.58,98,2
2026-06-29,000858,10:23:24,74.56,56,1
2026-06-29,000858,10:23:27,74.49,313,1
2026-06-29,000858,10:23:30,74.49,15,2
2026-06-29,000858,10:23:33,74.46,26,1
2026-06-29,000858,10:23:36,74.43,64,1
2026-06-29,000858,10:23:39,74.43,65,2
2026-06-29,000858,10:23:42,74.46,145,2
2026-06-29,000858,10:23:45,74.44,81,1
2026-06-29,000858,10:23:48,74.50,60,2
2026-06-29,000858,10:23:51,74.46,56,1
2026-06-29,000858,10:23:54,74.60,550,2
2026-06-29,000858,10:23:57,74.61,128,2
2026-06-29,000858,10:24:00,74.57,65,1
2026-06-29,000858,10:24:03,74.61,76,2
2026-06-29,000858,10:24:06,74.62,65,2
2026-06-29,000858,10:24:09,74.61,41,1
2026-06-29,000858,10:24:12,74.62,54,2
2026-06-29,000858,10:24:15,74.61,69,1
2026-06-29,000858,10:24:18,74.67,331,2
2026-06-29,000858,10:24:21,74.71,610,2
2026-06-29,000858,10:24:24,74.74,443,2
2026-06-29,000858,10:24:27,74.77,124,2
2026-06-29,000858,10:24:30,74.77,239,2
2026-06-29,000858,10:24:33,74.80,762,2
2026-06-29,000858,10:24:36,74.77,330,1
2026-06-29,000858,10:24:39,74.80,400,2
2026-06-29,000858,10:24:42,74.77,113,1
2026-06-29,000858,10:24:45,74.79,141,2
2026-06-29,000858,10:24:48,74.77,299,1
2026-06-29,000858,10:24:51,74.78,136,2
2026-06-29,000858,10:24:54,74.73,72,1
2026-06-29,000858,10:24:57,74.73,68,1
2026-06-29,000858,10:25:00,74.77,62,2
2026-06-29,000858,10:25:03,74.77,150,2
2026-06-29,000858,10:25:06,74.77,329,1
2026-06-29,000858,10:25:09,74.79,135,2
2026-06-29,000858,10:25:12,74.81,428,2
2026-06-29,000858,10:25:15,74.81,342,1
2026-06-29,000858,10:25:18,74.82,133,2
2026-06-29,000858,10:25:21,74.80,175,1
2026-06-29,000858,10:25:24,74.82,136,2
2026-06-29,000858,10:25:27,74.80,125,1
2026-06-29,000858,10:25:30,74.81,134,2
2026-06-29,000858,10:25:33,74.81,250,1
2026-06-29,000858,10:25:36,74.86,479,2
2026-06-29,000858,10:25:39,74.90,452,2
2026-06-29,000858,10:25:42,74.90,73,2
2026-06-29,000858,10:25:45,74.90,131,2
2026-06-29,000858,10:25:48,74.89,118,2
2026-06-29,000858,10:25:51,74.90,202,2
2026-06-29,000858,10:25:54,74.89,206,2
2026-06-29,000858,10:25:57,74.88,95,1
2026-06-29,000858,10:26:00,74.83,122,1
2026-06-29,000858,10:26:03,74.82,145,1
2026-06-29,000858,10:26:06,74.83,52,2
2026-06-29,000858,10:26:09,74.84,615,2
2026-06-29,000858,10:26:12,74.83,49,1
2026-06-29,000858,10:26:15,74.80,106,1
2026-06-29,000858,10:26:18,74.82,47,1
2026-06-29,000858,10:26:21,74.79,76,1
2026-06-29,000858,10:26:24,74.80,45,2
2026-06-29,000858,10:26:27,74.79,194,1
2026-06-29,000858,10:26:30,74.76,124,1
2026-06-29,000858,10:26:33,74.79,56,2
2026-06-29,000858,10:26:36,74.74,294,1
2026-06-29,000858,10:26:39,74.75,24,2
2026-06-29,000858,10:26:42,74.75,56,1
2026-06-29,000858,10:26:45,74.76,35,2
2026-06-29,000858,10:26:48,74.75,110,1
2026-06-29,000858,10:26:51,74.81,674,2
2026-06-29,000858,10:26:54,74.81,139,2
2026-06-29,000858,10:26:57,74.81,62,2
2026-06-29,000858,10:27:00,74.80,119,1
2026-06-29,000858,10:27:03,74.79,66,1
2026-06-29,000858,10:27:06,74.80,317,2
2026-06-29,000858,10:27:09,74.85,192,2
2026-06-29,000858,10:27:12,74.81,56,1
2026-06-29,000858,10:27:15,74.81,61,1
2026-06-29,000858,10:27:18,74.81,55,1
2026-06-29,000858,10:27:21,74.81,226,1
2026-06-29,000858,10:27:24,74.77,57,1
2026-06-29,000858,10:27:27,74.81,76,2
2026-06-29,000858,10:27:30,74.82,167,2
2026-06-29,000858,10:27:33,74.80,270,1
2026-06-29,000858,10:27:36,74.77,432,1
2026-06-29,000858,10:27:39,74.82,93,2
2026-06-29,000858,10:27:42,74.92,922,2
2026-06-29,000858,10:27:45,74.93,221,2
2026-06-29,000858,10:27:48,74.97,395,2
2026-06-29,000858,10:27:51,74.98,138,2
2026-06-29,000858,10:27:54,74.97,116,1
2026-06-29,000858,10:27:57,74.93,70,1
2026-06-29,000858,10:28:00,74.93,99,1
2026-06-29,000858,10:28:03,74.94,128,2
2026-06-29,000858,10:28:06,74.91,95,1
2026-06-29,000858,10:28:09,74.90,43,1
2026-06-29,000858,10:28:12,74.90,41,1
2026-06-29,000858,10:28:15,74.90,204,2
2026-06-29,000858,10:28:18,74.90,61,1
2026-06-29,000858,10:28:21,74.90,252,1
2026-06-29,000858,10:28:24,74.90,64,2
2026-06-29,000858,10:28:27,74.90,40,2
2026-06-29,000858,10:28:30,74.86,21,1
2026-06-29,000858,10:28:33,74.84,19,1
2026-06-29,000858,10:28:36,74.82,89,1
2026-06-29,000858,10:28:39,74.80,38,1
2026-06-29,000858,10:28:42,74.77,68,1
2026-06-29,000858,10:28:45,74.77,26,1
2026-06-29,000858,10:28:48,74.76,106,1
2026-06-29,000858,10:28:51,74.73,114,1
2026-06-29,000858,10:28:54,74.74,90,2
2026-06-29,000858,10:28:57,74.71,63,1
2026-06-29,000858,10:29:00,74.66,1676,1
2026-06-29,000858,10:29:03,74.70,158,2
2026-06-29,000858,10:29:06,74.69,33,1
2026-06-29,000858,10:29:09,74.69,110,1
2026-06-29,000858,10:29:12,74.66,43,1
2026-06-29,000858,10:29:15,74.65,33,1
2026-06-29,000858,10:29:18,74.63,27,1
2026-06-29,000858,10:29:21,74.66,199,2
2026-06-29,000858,10:29:24,74.60,188,1
2026-06-29,000858,10:29:27,74.60,38,1
2026-06-29,000858,10:29:30,74.55,33,1
2026-06-29,000858,10:29:33,74.60,102,2
2026-06-29,000858,10:29:36,74.60,70,1
2026-06-29,000858,10:29:39,74.60,128,1
2026-06-29,000858,10:29:42,74.60,124,1
2026-06-29,000858,10:29:45,74.58,137,1
2026-06-29,000858,10:29:48,74.56,30,1
2026-06-29,000858,10:29:51,74.58,215,2
2026-06-29,000858,10:29:54,74.64,546,2
2026-06-29,000858,10:29:57,74.68,233,2
2026-06-29,000858,10:30:00,74.70,106,2
2026-06-29,000858,10:30:03,74.74,105,2
2026-06-29,000858,10:30:06,74.83,357,2
2026-06-29,000858,10:30:09,74.76,51,1
2026-06-29,000858,10:30:12,74.75,73,1
2026-06-29,000858,10:30:15,74.79,98,2
2026-06-29,000858,10:30:18,74.74,93,1
2026-06-29,000858,10:30:21,74.69,85,1
2026-06-29,000858,10:30:24,74.58,176,1
2026-06-29,000858,10:30:27,74.57,36,1
2026-06-29,000858,10:30:30,74.58,229,2
2026-06-29,000858,10:30:33,74.58,110,2
2026-06-29,000858,10:30:36,74.65,24,2
2026-06-29,000858,10:30:39,74.61,36,1
2026-06-29,000858,10:30:42,74.60,38,1
2026-06-29,000858,10:30:45,74.60,89,1
2026-06-29,000858,10:30:48,74.60,261,2
2026-06-29,000858,10:30:51,74.60,34,1
2026-06-29,000858,10:30:54,74.60,108,2
2026-06-29,000858,10:30:57,74.58,66,1
2026-06-29,000858,10:31:00,74.58,26,2
2026-06-29,000858,10:31:03,74.66,209,2
2026-06-29,000858,10:31:06,74.72,88,2
2026-06-29,000858,10:31:09,74.76,114,2
2026-06-29,000858,10:31:12,74.82,232,2
2026-06-29,000858,10:31:15,74.85,151,2
2026-06-29,000858,10:31:18,74.85,141,2
2026-06-29,000858,10:31:21,74.76,250,1
2026-06-29,000858,10:31:24,74.77,122,2
2026-06-29,000858,10:31:27,74.75,14,1
2026-06-29,000858,10:31:30,74.74,19,1
2026-06-29,000858,10:31:33,74.76,59,2
2026-06-29,000858,10:31:36,74.79,145,2
2026-06-29,000858,10:31:39,74.76,89,1
2026-06-29,000858,10:31:42,74.75,19,1
2026-06-29,000858,10:31:45,74.75,43,2
2026-06-29,000858,10:31:48,74.72,33,1
2026-06-29,000858,10:31:51,74.81,359,2
2026-06-29,000858,10:31:54,74.79,155,1
2026-06-29,000858,10:31:57,74.79,16,1
2026-06-29,000858,10:32:00,74.80,51,2
2026-06-29,000858,10:32:03,74.79,73,2
2026-06-29,000858,10:32:06,74.77,55,2
2026-06-29,000858,10:32:09,74.75,27,1
2026-06-29,000858,10:32:12,74.75,67,2
2026-06-29,000858,10:32:15,74.75,51,2
2026-06-29,000858,10:32:18,74.75,64,2
2026-06-29,000858,10:32:21,74.72,14,1
2026-06-29,000858,10:32:24,74.72,20,1
2026-06-29,000858,10:32:27,74.72,1205,2
2026-06-29,000858,10:32:30,74.71,103,1
2026-06-29,000858,10:32:33,74.72,52,1
2026-06-29,000858,10:32:36,74.71,59,1
2026-06-29,000858,10:32:39,74.71,83,1
2026-06-29,000858,10:32:42,74.71,99,1
2026-06-29,000858,10:32:45,74.70,109,1
2026-06-29,000858,10:32:48,74.71,49,2
2026-06-29,000858,10:32:51,74.70,96,1
2026-06-29,000858,10:32:54,74.69,21,1
2026-06-29,000858,10:32:57,74.75,290,2
2026-06-29,000858,10:33:00,74.79,449,2
2026-06-29,000858,10:33:03,74.79,291,1
2026-06-29,000858,10:33:06,74.80,107,2
2026-06-29,000858,10:33:09,74.79,73,1
2026-06-29,000858,10:33:12,74.79,49,1
2026-06-29,000858,10:33:15,74.78,37,1
2026-06-29,000858,10:33:18,74.78,47,1
2026-06-29,000858,10:33:21,74.77,96,1
2026-06-29,000858,10:33:24,74.79,148,2
2026-06-29,000858,10:33:27,74.77,55,1
2026-06-29,000858,10:33:30,74.78,7,2
2026-06-29,000858,10:33:33,74.77,4,1
2026-06-29,000858,10:33:36,74.75,19,1
2026-06-29,000858,10:33:39,74.75,36,1
2026-06-29,000858,10:33:42,74.75,78,2
2026-06-29,000858,10:33:45,74.75,115,1
2026-06-29,000858,10:33:48,74.75,52,1
2026-06-29,000858,10:33:51,74.75,85,1
2026-06-29,000858,10:33:54,74.75,116,1
2026-06-29,000858,10:33:57,74.75,25,2
2026-06-29,000858,10:34:00,74.74,37,1
2026-06-29,000858,10:34:03,74.75,93,2
2026-06-29,000858,10:34:06,74.75,26,1
2026-06-29,000858,10:34:09,74.75,120,1
2026-06-29,000858,10:34:12,74.83,711,2
2026-06-29,000858,10:34:15,74.87,359,2
2026-06-29,000858,10:34:18,74.86,567,1
2026-06-29,000858,10:34:21,74.86,72,1
2026-06-29,000858,10:34:24,74.86,81,2
2026-06-29,000858,10:34:27,74.85,47,1
2026-06-29,000858,10:34:30,74.85,182,2
2026-06-29,000858,10:34:33,74.84,40,1
2026-06-29,000858,10:34:36,74.84,15,2
2026-06-29,000858,10:34:39,74.84,35,2
2026-06-29,000858,10:34:42,74.83,45,1
2026-06-29,000858,10:34:45,74.85,165,2
2026-06-29,000858,10:34:48,74.84,78,1
2026-06-29,000858,10:34:51,74.88,154,2
2026-06-29,000858,10:34:54,74.88,44,2
2026-06-29,000858,10:34:57,74.88,208,2
2026-06-29,000858,10:35:00,74.88,187,1
2026-06-29,000858,10:35:03,74.90,431,2
2026-06-29,000858,10:35:06,74.88,98,1
2026-06-29,000858,10:35:09,74.88,129,2
2026-06-29,000858,10:35:12,74.88,59,2
2026-06-29,000858,10:35:15,74.88,79,1
2026-06-29,000858,10:35:18,74.83,257,1
2026-06-29,000858,10:35:21,74.83,562,1
2026-06-29,000858,10:35:24,74.83,68,1
2026-06-29,000858,10:35:27,74.83,29,1
2026-06-29,000858,10:35:30,74.85,82,2
2026-06-29,000858,10:35:33,75.26,9754,2
2026-06-29,000858,10:35:36,75.25,508,1
2026-06-29,000858,10:35:39,75.25,94,2
2026-06-29,000858,10:35:42,75.25,83,2
2026-06-29,000858,10:35:45,75.18,346,1
2026-06-29,000858,10:35:48,75.20,112,2
2026-06-29,000858,10:35:51,75.25,66,2
2026-06-29,000858,10:35:54,75.26,430,2
2026-06-29,000858,10:35:57,75.27,106,2
2026-06-29,000858,10:36:00,75.26,310,1
2026-06-29,000858,10:36:03,75.26,166,2
2026-06-29,000858,10:36:06,75.24,129,1
2026-06-29,000858,10:36:09,75.22,106,1
2026-06-29,000858,10:36:12,75.22,143,2
2026-06-29,000858,10:36:15,75.20,160,1
2026-06-29,000858,10:36:18,75.19,89,1
2026-06-29,000858,10:36:21,75.17,8,1
2026-06-29,000858,10:36:24,75.12,51,1
2026-06-29,000858,10:36:27,75.11,60,1
2026-06-29,000858,10:36:30,75.11,482,2
2026-06-29,000858,10:36:33,74.97,41,1
2026-06-29,000858,10:36:36,74.97,17,2
2026-06-29,000858,10:36:39,74.96,121,1
2026-06-29,000858,10:36:42,74.96,108,2
2026-06-29,000858,10:36:45,75.00,412,2
2026-06-29,000858,10:36:48,74.97,40,1
2026-06-29,000858,10:36:51,74.99,37,2
2026-06-29,000858,10:36:54,75.00,119,2
2026-06-29,000858,10:36:57,74.98,59,1
2026-06-29,000858,10:37:00,74.98,98,1
2026-06-29,000858,10:37:03,74.99,213,2
2026-06-29,000858,10:37:06,75.00,187,2
2026-06-29,000858,10:37:09,74.97,292,1
2026-06-29,000858,10:37:12,75.00,162,2
2026-06-29,000858,10:37:15,75.00,129,1
2026-06-29,000858,10:37:18,75.04,82,2
2026-06-29,000858,10:37:21,75.03,190,1
2026-06-29,000858,10:37:24,75.01,116,1
2026-06-29,000858,10:37:27,75.01,117,1
2026-06-29,000858,10:37:30,74.88,691,1
2026-06-29,000858,10:37:33,74.76,228,1
2026-06-29,000858,10:37:36,74.84,56,2
2026-06-29,000858,10:37:39,74.88,70,2
2026-06-29,000858,10:37:42,74.80,18,1
2026-06-29,000858,10:37:45,74.82,41,2
2026-06-29,000858,10:37:48,74.81,76,1
2026-06-29,000858,10:37:51,74.80,100,1
2026-06-29,000858,10:37:54,74.84,215,2
2026-06-29,000858,10:37:57,74.84,55,2
2026-06-29,000858,10:38:00,74.80,21,1
2026-06-29,000858,10:38:03,74.78,44,1
2026-06-29,000858,10:38:06,74.76,58,1
2026-06-29,000858,10:38:09,74.75,45,1
2026-06-29,000858,10:38:12,74.74,33,1
2026-06-29,000858,10:38:15,74.73,57,2
2026-06-29,000858,10:38:18,74.73,60,2
2026-06-29,000858,10:38:21,74.72,82,1
2026-06-29,000858,10:38:24,74.72,41,2
2026-06-29,000858,10:38:27,74.72,55,2
2026-06-29,000858,10:38:30,74.72,105,2
2026-06-29,000858,10:38:33,74.71,86,2
2026-06-29,000858,10:38:36,74.75,243,2
2026-06-29,000858,10:38:39,74.77,60,2
2026-06-29,000858,10:38:42,74.80,40,2
2026-06-29,000858,10:38:45,74.77,69,1
2026-06-29,000858,10:38:48,74.75,70,1
2026-06-29,000858,10:38:51,74.73,27,1
2026-06-29,000858,10:38:54,74.71,117,1
2026-06-29,000858,10:38:57,74.70,81,1
2026-06-29,000858,10:39:00,74.57,537,1
2026-06-29,000858,10:39:03,74.64,205,2
2026-06-29,000858,10:39:06,74.56,107,1
2026-06-29,000858,10:39:09,74.67,51,2
2026-06-29,000858,10:39:12,74.64,32,1
2026-06-29,000858,10:39:15,74.63,114,1
2026-06-29,000858,10:39:18,74.73,155,2
2026-06-29,000858,10:39:21,74.73,49,1
2026-06-29,000858,10:39:24,74.71,9,1
2026-06-29,000858,10:39:27,74.77,129,2
2026-06-29,000858,10:39:30,74.72,118,1
2026-06-29,000858,10:39:33,74.73,16,2
2026-06-29,000858,10:39:36,74.73,42,2
2026-06-29,000858,10:39:39,74.72,82,1
2026-06-29,000858,10:39:42,74.74,24,2
2026-06-29,000858,10:39:45,74.74,56,1
2026-06-29,000858,10:39:48,74.74,111,1
2026-06-29,000858,10:39:51,74.73,21,1
2026-06-29,000858,10:39:54,74.72,168,1
2026-06-29,000858,10:39:57,74.70,8,1
2026-06-29,000858,10:40:00,74.69,13,1
2026-06-29,000858,10:40:03,74.68,7,2
2026-06-29,000858,10:40:06,74.63,170,1
2026-06-29,000858,10:40:09,74.73,112,2
2026-06-29,000858,10:40:12,74.76,159,2
2026-06-29,000858,10:40:15,74.81,184,2
2026-06-29,000858,10:40:18,74.80,83,1
2026-06-29,000858,10:40:21,74.79,42,1
2026-06-29,000858,10:40:24,74.81,61,2
2026-06-29,000858,10:40:27,74.81,113,1
2026-06-29,000858,10:40:30,74.80,52,1
2026-06-29,000858,10:40:33,74.80,63,1
2026-06-29,000858,10:40:36,74.73,61,1
2026-06-29,000858,10:40:39,74.73,13,1
2026-06-29,000858,10:40:42,74.72,18,1
2026-06-29,000858,10:40:45,74.71,11,1
2026-06-29,000858,10:40:48,74.71,11,1
2026-06-29,000858,10:40:51,74.70,15,1
2026-06-29,000858,10:40:54,74.71,277,2
2026-06-29,000858,10:40:57,74.71,100,2
2026-06-29,000858,10:41:00,74.77,25,2
2026-06-29,000858,10:41:03,74.74,12,1
2026-06-29,000858,10:41:06,74.75,42,2
2026-06-29,000858,10:41:09,74.75,22,2
2026-06-29,000858,10:41:12,74.69,67,1
2026-06-29,000858,10:41:15,74.70,97,2
2026-06-29,000858,10:41:18,74.70,42,2
2026-06-29,000858,10:41:21,74.66,89,1
2026-06-29,000858,10:41:24,74.63,25,1
2026-06-29,000858,10:41:27,74.63,65,2
2026-06-29,000858,10:41:30,74.58,20,1
2026-06-29,000858,10:41:33,74.57,87,1
2026-06-29,000858,10:41:36,74.55,329,1
2026-06-29,000858,10:41:39,74.56,32,2
2026-06-29,000858,10:41:42,74.55,35,2
2026-06-29,000858,10:41:45,74.55,22,1
2026-06-29,000858,10:41:48,74.56,81,2
2026-06-29,000858,10:41:51,74.55,32,2
2026-06-29,000858,10:41:54,74.53,22,1
2026-06-29,000858,10:41:57,74.52,243,1
2026-06-29,000858,10:42:00,74.51,108,1
2026-06-29,000858,10:42:03,74.55,199,2
2026-06-29,000858,10:42:06,74.59,196,2
2026-06-29,000858,10:42:09,74.63,56,2
2026-06-29,000858,10:42:12,74.63,44,2
2026-06-29,000858,10:42:15,74.67,175,2
2026-06-29,000858,10:42:18,74.70,137,2
2026-06-29,000858,10:42:21,74.71,254,1
2026-06-29,000858,10:42:24,74.74,1144,2
2026-06-29,000858,10:42:27,74.68,137,1
2026-06-29,000858,10:42:30,74.68,64,1
2026-06-29,000858,10:42:33,74.67,1,2
2026-06-29,000858,10:42:36,74.67,30,2
2026-06-29,000858,10:42:39,74.65,47,1
2026-06-29,000858,10:42:42,74.64,46,1
2026-06-29,000858,10:42:45,74.63,79,2
2026-06-29,000858,10:42:48,74.62,25,2
2026-06-29,000858,10:42:51,74.63,24,2
2026-06-29,000858,10:42:54,74.61,133,1
2026-06-29,000858,10:42:57,74.62,112,2
2026-06-29,000858,10:43:00,74.64,70,1
2026-06-29,000858,10:43:03,74.64,25,2
2026-06-29,000858,10:43:06,74.66,85,2
2026-06-29,000858,10:43:09,74.63,30,1
2026-06-29,000858,10:43:12,74.64,19,1
2026-06-29,000858,10:43:15,74.64,14,1
2026-06-29,000858,10:43:18,74.62,26,1
2026-06-29,000858,10:43:21,74.63,23,2
2026-06-29,000858,10:43:24,74.63,46,1
2026-06-29,000858,10:43:27,74.63,31,1
2026-06-29,000858,10:43:30,74.63,58,2
2026-06-29,000858,10:43:33,74.64,60,2
2026-06-29,000858,10:43:36,74.64,35,2
2026-06-29,000858,10:43:39,74.64,15,2
2026-06-29,000858,10:43:45,74.63,159,2
2026-06-29,000858,10:43:48,74.63,18,1
2026-06-29,000858,10:43:51,74.61,30,1
2026-06-29,000858,10:43:54,74.63,10,2
2026-06-29,000858,10:43:57,74.63,18,1
2026-06-29,000858,10:44:00,74.63,25,2
2026-06-29,000858,10:44:03,74.63,40,2
2026-06-29,000858,10:44:06,74.59,22,1
2026-06-29,000858,10:44:09,74.61,69,2
2026-06-29,000858,10:44:12,74.61,38,1
2026-06-29,000858,10:44:15,74.60,17,1
2026-06-29,000858,10:44:18,74.60,88,1
2026-06-29,000858,10:44:21,74.59,98,1
2026-06-29,000858,10:44:24,74.60,39,2
2026-06-29,000858,10:44:27,74.57,46,1
2026-06-29,000858,10:44:30,74.55,19,1
2026-06-29,000858,10:44:33,74.57,58,2
2026-06-29,000858,10:44:36,74.57,20,2
2026-06-29,000858,10:44:39,74.56,16,1
2026-06-29,000858,10:44:42,74.57,24,2
2026-06-29,000858,10:44:45,74.58,121,2
2026-06-29,000858,10:44:48,74.61,170,2
2026-06-29,000858,10:44:51,74.59,63,1
2026-06-29,000858,10:44:54,74.62,87,2
2026-06-29,000858,10:44:57,74.64,322,2
2026-06-29,000858,10:45:00,74.67,341,2
2026-06-29,000858,10:45:03,74.68,168,2
2026-06-29,000858,10:45:06,74.69,27,2
2026-06-29,000858,10:45:09,74.63,58,1
2026-06-29,000858,10:45:12,74.63,14,1
2026-06-29,000858,10:45:15,74.60,55,1
2026-06-29,000858,10:45:18,74.60,230,1
2026-06-29,000858,10:45:21,74.61,29,2
2026-06-29,000858,10:45:24,74.60,22,1
2026-06-29,000858,10:45:27,74.58,25,1
2026-06-29,000858,10:45:30,74.58,13,1
2026-06-29,000858,10:45:33,74.58,86,2
2026-06-29,000858,10:45:36,74.58,316,1
2026-06-29,000858,10:45:39,74.58,52,2
2026-06-29,000858,10:45:42,74.59,38,1
2026-06-29,000858,10:45:45,74.60,45,2
2026-06-29,000858,10:45:48,74.60,16,2
2026-06-29,000858,10:45:51,74.59,55,1
2026-06-29,000858,10:45:54,74.59,37,1
2026-06-29,000858,10:45:57,74.60,14,2
2026-06-29,000858,10:46:00,74.59,38,1
2026-06-29,000858,10:46:03,74.61,55,2
2026-06-29,000858,10:46:06,74.59,48,1
2026-06-29,000858,10:46:09,74.58,24,1
2026-06-29,000858,10:46:12,74.58,30,1
2026-06-29,000858,10:46:15,74.58,75,1
2026-06-29,000858,10:46:18,74.58,52,1
2026-06-29,000858,10:46:21,74.58,24,1
2026-06-29,000858,10:46:24,74.59,69,2
2026-06-29,000858,10:46:27,74.58,9,1
2026-06-29,000858,10:46:30,74.56,315,1
2026-06-29,000858,10:46:33,74.55,30,1
2026-06-29,000858,10:46:36,74.54,60,1
2026-06-29,000858,10:46:39,74.54,109,1
2026-06-29,000858,10:46:42,74.61,473,2
2026-06-29,000858,10:46:45,74.61,73,1
2026-06-29,000858,10:46:48,74.62,11,2
2026-06-29,000858,10:46:51,74.63,5,2
2026-06-29,000858,10:46:54,74.62,22,1
2026-06-29,000858,10:46:57,74.64,27,2
2026-06-29,000858,10:47:00,74.64,6,2
2026-06-29,000858,10:47:03,74.65,66,2
2026-06-29,000858,10:47:06,74.64,17,1
2026-06-29,000858,10:47:09,74.64,18,1
2026-06-29,000858,10:47:12,74.62,17,1
2026-06-29,000858,10:47:15,74.63,12,2
2026-06-29,000858,10:47:18,74.64,73,2
2026-06-29,000858,10:47:21,74.65,159,2
2026-06-29,000858,10:47:24,74.65,16,2
2026-06-29,000858,10:47:27,74.66,119,2
2026-06-29,000858,10:47:30,74.72,241,2
2026-06-29,000858,10:47:33,74.74,39,2
2026-06-29,000858,10:47:36,74.78,103,2
2026-06-29,000858,10:47:39,74.82,149,2
2026-06-29,000858,10:47:42,74.85,55,2
2026-06-29,000858,10:47:45,74.87,17,2
2026-06-29,000858,10:47:48,74.90,131,2
2026-06-29,000858,10:47:51,74.92,73,2
2026-06-29,000858,10:47:54,74.86,139,1
2026-06-29,000858,10:47:57,74.83,434,1
2026-06-29,000858,10:48:00,74.78,55,1
2026-06-29,000858,10:48:03,74.83,34,2
2026-06-29,000858,10:48:06,74.80,12,1
2026-06-29,000858,10:48:09,74.83,166,2
2026-06-29,000858,10:48:12,74.81,33,1
2026-06-29,000858,10:48:15,74.83,59,2
2026-06-29,000858,10:48:18,74.83,66,2
2026-06-29,000858,10:48:21,74.84,46,2
2026-06-29,000858,10:48:24,74.86,158,2
2026-06-29,000858,10:48:27,74.84,14,1
2026-06-29,000858,10:48:30,74.85,44,2
2026-06-29,000858,10:48:33,74.84,35,1
2026-06-29,000858,10:48:36,74.84,9,1
2026-06-29,000858,10:48:39,74.85,4,2
2026-06-29,000858,10:48:42,74.84,23,1
2026-06-29,000858,10:48:45,74.84,57,2
2026-06-29,000858,10:48:48,74.82,8,1
2026-06-29,000858,10:48:51,74.83,22,2
2026-06-29,000858,10:48:54,74.82,27,1
2026-06-29,000858,10:48:57,74.81,18,1
2026-06-29,000858,10:49:00,74.80,50,1
2026-06-29,000858,10:49:03,74.79,12,1
2026-06-29,000858,10:49:06,74.77,75,1
2026-06-29,000858,10:49:09,74.76,25,1
2026-06-29,000858,10:49:12,74.73,30,1
2026-06-29,000858,10:49:15,74.75,7,2
2026-06-29,000858,10:49:18,74.75,11,2
2026-06-29,000858,10:49:21,74.73,16,1
2026-06-29,000858,10:49:24,74.70,49,1
2026-06-29,000858,10:49:27,74.70,61,1
2026-06-29,000858,10:49:30,74.72,27,2
2026-06-29,000858,10:49:33,74.70,33,2
2026-06-29,000858,10:49:36,74.70,8,2
2026-06-29,000858,10:49:39,74.70,5,1
2026-06-29,000858,10:49:42,74.71,28,2
2026-06-29,000858,10:49:45,74.69,21,1
2026-06-29,000858,10:49:48,74.70,12,1
2026-06-29,000858,10:49:51,74.71,4,2
2026-06-29,000858,10:49:54,74.71,18,1
2026-06-29,000858,10:49:57,74.70,17,1
2026-06-29,000858,10:50:00,74.67,67,1
2026-06-29,000858,10:50:03,74.66,33,1
2026-06-29,000858,10:50:06,74.68,22,2
2026-06-29,000858,10:50:09,74.69,38,2
2026-06-29,000858,10:50:12,74.70,12,2
2026-06-29,000858,10:50:15,74.68,58,1
2026-06-29,000858,10:50:18,74.69,65,2
2026-06-29,000858,10:50:21,74.70,325,2
2026-06-29,000858,10:50:24,74.65,194,1
2026-06-29,000858,10:50:27,74.66,27,2
2026-06-29,000858,10:50:30,74.65,11,1
2026-06-29,000858,10:50:33,74.65,69,1
2026-06-29,000858,10:50:36,74.65,9,1
2026-06-29,000858,10:50:39,74.65,19,1
2026-06-29,000858,10:50:42,74.65,80,1
2026-06-29,000858,10:50:45,74.72,284,2
2026-06-29,000858,10:50:48,74.73,65,2
2026-06-29,000858,10:50:51,74.72,25,1
2026-06-29,000858,10:50:54,74.71,52,1
2026-06-29,000858,10:50:57,74.72,8,2
2026-06-29,000858,10:51:00,74.73,61,2
2026-06-29,000858,10:51:03,74.73,37,1
2026-06-29,000858,10:51:06,74.73,3,2
2026-06-29,000858,10:51:09,74.72,20,1
2026-06-29,000858,10:51:12,74.72,5,1
2026-06-29,000858,10:51:15,74.70,15,1
2026-06-29,000858,10:51:18,74.70,33,1
2026-06-29,000858,10:51:21,74.72,45,2
2026-06-29,000858,10:51:24,74.70,58,1
2026-06-29,000858,10:51:27,74.70,13,1
2026-06-29,000858,10:51:30,74.69,92,1
2026-06-29,000858,10:51:33,74.69,26,1
2026-06-29,000858,10:51:36,74.71,22,2
2026-06-29,000858,10:51:39,74.74,204,2
2026-06-29,000858,10:51:42,74.73,24,1
2026-06-29,000858,10:51:45,74.73,29,1
2026-06-29,000858,10:51:48,74.75,40,2
2026-06-29,000858,10:51:51,74.73,25,1
2026-06-29,000858,10:51:54,74.75,86,2
2026-06-29,000858,10:51:57,74.78,27,2
2026-06-29,000858,10:52:00,74.77,6,1
2026-06-29,000858,10:52:03,74.78,46,2
2026-06-29,000858,10:52:06,74.80,161,2
2026-06-29,000858,10:52:09,74.80,7,1
2026-06-29,000858,10:52:12,74.80,20,1
2026-06-29,000858,10:52:15,74.79,85,1
2026-06-29,000858,10:52:18,74.79,66,1
2026-06-29,000858,10:52:21,74.81,47,2
2026-06-29,000858,10:52:24,74.79,5,1
2026-06-29,000858,10:52:27,74.79,11,1
2026-06-29,000858,10:52:30,74.78,11,1
2026-06-29,000858,10:52:33,74.78,13,1
2026-06-29,000858,10:52:36,74.78,24,1
2026-06-29,000858,10:52:39,74.84,309,2
2026-06-29,000858,10:52:42,74.86,59,2
2026-06-29,000858,10:52:45,74.87,93,1
2026-06-29,000858,10:52:48,74.87,70,1
2026-06-29,000858,10:52:51,74.87,357,1
2026-06-29,000858,10:52:54,74.87,29,1
2026-06-29,000858,10:52:57,74.87,62,2
2026-06-29,000858,10:53:00,74.87,34,1
2026-06-29,000858,10:53:03,74.87,34,1
2026-06-29,000858,10:53:06,74.89,82,2
2026-06-29,000858,10:53:09,74.90,109,2
2026-06-29,000858,10:53:12,74.90,77,2
2026-06-29,000858,10:53:15,74.93,95,2
2026-06-29,000858,10:53:18,74.95,47,2
2026-06-29,000858,10:53:21,74.98,127,2
2026-06-29,000858,10:53:24,74.96,136,1
2026-06-29,000858,10:53:27,74.93,82,1
2026-06-29,000858,10:53:30,74.91,57,1
2026-06-29,000858,10:53:33,74.88,16,1
2026-06-29,000858,10:53:36,74.90,95,2
2026-06-29,000858,10:53:39,74.87,24,1
2026-06-29,000858,10:53:42,74.85,33,1
2026-06-29,000858,10:53:45,74.85,39,1
2026-06-29,000858,10:53:48,74.87,30,2
2026-06-29,000858,10:53:51,74.86,22,1
2026-06-29,000858,10:53:54,74.86,32,1
2026-06-29,000858,10:53:57,74.87,92,2
2026-06-29,000858,10:54:00,74.86,64,1
2026-06-29,000858,10:54:03,74.85,14,1
2026-06-29,000858,10:54:06,74.85,21,1
2026-06-29,000858,10:54:09,74.85,140,1
2026-06-29,000858,10:54:12,74.85,35,1
2026-06-29,000858,10:54:15,74.83,14,1
2026-06-29,000858,10:54:18,74.85,6,2
2026-06-29,000858,10:54:21,74.85,5,2
2026-06-29,000858,10:54:24,74.83,63,1
2026-06-29,000858,10:54:27,74.82,12,1
2026-06-29,000858,10:54:30,74.80,18,1
2026-06-29,000858,10:54:33,74.80,6,1
2026-06-29,000858,10:54:36,74.81,19,2
2026-06-29,000858,10:54:39,74.80,35,1
2026-06-29,000858,10:54:42,74.80,17,1
2026-06-29,000858,10:54:45,74.80,17,2
2026-06-29,000858,10:54:48,74.80,44,2
2026-06-29,000858,10:54:51,74.81,70,2
2026-06-29,000858,10:54:54,74.79,21,1
2026-06-29,000858,10:54:57,74.79,9,2
2026-06-29,000858,10:55:00,74.78,27,1
2026-06-29,000858,10:55:03,74.80,208,2
2026-06-29,000858,10:55:06,74.82,76,2
2026-06-29,000858,10:55:09,74.84,34,2
2026-06-29,000858,10:55:12,74.84,25,1
2026-06-29,000858,10:55:15,74.85,26,2
2026-06-29,000858,10:55:18,74.85,3,1
2026-06-29,000858,10:55:21,74.85,37,1
2026-06-29,000858,10:55:24,74.82,64,1
2026-06-29,000858,10:55:27,74.81,26,1
2026-06-29,000858,10:55:30,74.81,25,1
2026-06-29,000858,10:55:33,74.80,17,1
2026-06-29,000858,10:55:36,74.78,13,1
2026-06-29,000858,10:55:39,74.80,30,2
2026-06-29,000858,10:55:42,74.80,27,2
2026-06-29,000858,10:55:45,74.78,15,1
2026-06-29,000858,10:55:48,74.79,13,1
2026-06-29,000858,10:55:51,74.79,15,1
2026-06-29,000858,10:55:54,74.78,24,1
2026-06-29,000858,10:55:57,74.76,9,1
2026-06-29,000858,10:56:00,74.74,11,1
2026-06-29,000858,10:56:03,74.73,20,1
2026-06-29,000858,10:56:06,74.71,39,1
2026-06-29,000858,10:56:09,74.70,77,1
2026-06-29,000858,10:56:12,74.70,118,1
2026-06-29,000858,10:56:15,74.68,29,1
2026-06-29,000858,10:56:18,74.68,24,1
2026-06-29,000858,10:56:21,74.68,6,1
2026-06-29,000858,10:56:24,74.67,20,1
2026-06-29,000858,10:56:27,74.67,7,1
2026-06-29,000858,10:56:30,74.66,4,1
2026-06-29,000858,10:56:33,74.68,31,2
2026-06-29,000858,10:56:36,74.66,37,2
2026-06-29,000858,10:56:39,74.67,32,2
2026-06-29,000858,10:56:42,74.70,174,2
2026-06-29,000858,10:56:45,74.71,53,2
2026-06-29,000858,10:56:48,74.78,59,2
2026-06-29,000858,10:56:51,74.80,113,2
2026-06-29,000858,10:56:54,74.83,36,2
2026-06-29,000858,10:56:57,74.84,169,2
2026-06-29,000858,10:57:00,74.80,72,1
2026-06-29,000858,10:57:03,74.79,63,1
2026-06-29,000858,10:57:06,74.79,28,2
2026-06-29,000858,10:57:09,74.78,6,1
2026-06-29,000858,10:57:12,74.78,6,1
2026-06-29,000858,10:57:15,74.78,29,1
2026-06-29,000858,10:57:18,74.76,6,1
2026-06-29,000858,10:57:21,74.77,24,2
2026-06-29,000858,10:57:24,74.77,5,2
2026-06-29,000858,10:57:27,74.77,26,2
2026-06-29,000858,10:57:30,74.76,79,1
2026-06-29,000858,10:57:33,74.75,54,1
2026-06-29,000858,10:57:36,74.76,53,2
2026-06-29,000858,10:57:39,74.75,60,1
2026-06-29,000858,10:57:42,74.77,17,2
2026-06-29,000858,10:57:45,74.75,44,1
2026-06-29,000858,10:57:48,74.75,34,1
2026-06-29,000858,10:57:51,74.75,95,1
2026-06-29,000858,10:57:54,74.75,37,2
2026-06-29,000858,10:57:57,74.75,2,2
2026-06-29,000858,10:58:00,74.74,4,1
2026-06-29,000858,10:58:03,74.75,106,2
2026-06-29,000858,10:58:06,74.76,190,2
2026-06-29,000858,10:58:09,74.76,52,2
2026-06-29,000858,10:58:12,74.80,277,2
2026-06-29,000858,10:58:15,74.84,43,2
2026-06-29,000858,10:58:18,74.85,32,2
2026-06-29,000858,10:58:21,74.86,122,2
2026-06-29,000858,10:58:24,74.88,55,2
2026-06-29,000858,10:58:27,74.87,19,1
2026-06-29,000858,10:58:30,74.88,61,2
2026-06-29,000858,10:58:33,74.88,20,2
2026-06-29,000858,10:58:36,74.88,58,2
2026-06-29,000858,10:58:39,74.88,17,1
2026-06-29,000858,10:58:42,74.88,22,1
2026-06-29,000858,10:58:45,74.89,28,2
2026-06-29,000858,10:58:48,74.88,33,1
2026-06-29,000858,10:58:51,74.89,19,2
2026-06-29,000858,10:58:54,74.89,129,1
2026-06-29,000858,10:58:57,74.84,95,1
2026-06-29,000858,10:59:00,74.80,14,1
2026-06-29,000858,10:59:03,74.81,11,2
2026-06-29,000858,10:59:06,74.80,35,1
2026-06-29,000858,10:59:09,74.80,31,1
2026-06-29,000858,10:59:12,74.79,52,1
2026-06-29,000858,10:59:15,74.79,26,2
2026-06-29,000858,10:59:18,74.80,28,2
2026-06-29,000858,10:59:21,74.81,33,2
2026-06-29,000858,10:59:24,74.80,13,1
2026-06-29,000858,10:59:27,74.80,40,1
2026-06-29,000858,10:59:30,74.80,15,2
2026-06-29,000858,10:59:33,74.78,15,1
2026-06-29,000858,10:59:36,74.77,46,1
2026-06-29,000858,10:59:39,74.77,18,1
2026-06-29,000858,10:59:42,74.77,9,1
2026-06-29,000858,10:59:45,74.78,21,2
2026-06-29,000858,10:59:48,74.77,20,1
2026-06-29,000858,10:59:51,74.77,15,1
2026-06-29,000858,10:59:54,74.76,14,1
2026-06-29,000858,10:59:57,74.76,3,1
2026-06-29,000858,11:00:00,74.76,4,1
2026-06-29,000858,11:00:03,74.78,91,2
2026-06-29,000858,11:00:06,74.81,111,2
2026-06-29,000858,11:00:09,74.81,10,1
2026-06-29,000858,11:00:12,74.79,12,1
2026-06-29,000858,11:00:15,74.80,3,2
2026-06-29,000858,11:00:18,74.79,20,1
2026-06-29,000858,11:00:21,74.80,26,2
2026-06-29,000858,11:00:24,74.81,48,2
2026-06-29,000858,11:00:27,74.80,54,1
2026-06-29,000858,11:00:30,74.80,35,1
2026-06-29,000858,11:00:33,74.79,7,1
2026-06-29,000858,11:00:36,74.77,15,1
2026-06-29,000858,11:00:39,74.79,35,2
2026-06-29,000858,11:00:42,74.80,7,2
2026-06-29,000858,11:00:45,74.77,2,1
2026-06-29,000858,11:00:48,74.76,35,1
2026-06-29,000858,11:00:51,74.76,19,1
2026-06-29,000858,11:00:54,74.76,24,1
2026-06-29,000858,11:00:57,74.76,65,1
2026-06-29,000858,11:01:00,74.77,20,2
2026-06-29,000858,11:01:03,74.79,24,2
2026-06-29,000858,11:01:06,74.81,160,2
2026-06-29,000858,11:01:09,74.84,20,2
2026-06-29,000858,11:01:12,74.84,12,2
2026-06-29,000858,11:01:15,74.83,15,1
2026-06-29,000858,11:01:18,74.83,13,1
2026-06-29,000858,11:01:21,74.84,32,2
2026-06-29,000858,11:01:24,74.84,23,1
2026-06-29,000858,11:01:27,74.85,156,2
2026-06-29,000858,11:01:30,74.85,16,1
2026-06-29,000858,11:01:33,74.85,33,1
2026-06-29,000858,11:01:36,74.85,14,1
2026-06-29,000858,11:01:39,74.84,8,1
2026-06-29,000858,11:01:42,74.85,23,2
2026-06-29,000858,11:01:45,74.83,7,1
2026-06-29,000858,11:01:48,74.80,27,1
2026-06-29,000858,11:01:51,74.75,67,1
2026-06-29,000858,11:01:54,74.76,33,1
2026-06-29,000858,11:01:57,74.76,57,1
2026-06-29,000858,11:02:00,74.73,31,1
2026-06-29,000858,11:02:03,74.76,30,2
2026-06-29,000858,11:02:06,74.73,50,1
2026-06-29,000858,11:02:09,74.76,4,2
2026-06-29,000858,11:02:12,74.76,29,2
2026-06-29,000858,11:02:15,74.77,71,2
2026-06-29,000858,11:02:18,74.78,32,2
2026-06-29,000858,11:02:21,74.79,8,2
2026-06-29,000858,11:02:24,74.79,26,2
2026-06-29,000858,11:02:27,74.80,4,2
2026-06-29,000858,11:02:30,74.79,28,1
2026-06-29,000858,11:02:33,74.80,6,2
2026-06-29,000858,11:02:36,74.82,67,2
2026-06-29,000858,11:02:39,74.80,32,1
2026-06-29,000858,11:02:42,74.81,20,2
2026-06-29,000858,11:02:45,74.81,7,1
2026-06-29,000858,11:02:48,74.81,15,2
2026-06-29,000858,11:02:51,74.80,45,1
2026-06-29,000858,11:02:54,74.80,35,1
2026-06-29,000858,11:02:57,74.79,26,1
2026-06-29,000858,11:03:00,74.77,23,1
2026-06-29,000858,11:03:03,74.77,15,1
2026-06-29,000858,11:03:06,74.76,64,1
2026-06-29,000858,11:03:09,74.76,10,2
2026-06-29,000858,11:03:12,74.77,32,2
2026-06-29,000858,11:03:15,74.77,30,2
2026-06-29,000858,11:03:18,74.77,19,2
2026-06-29,000858,11:03:21,74.76,7,1
2026-06-29,000858,11:03:24,74.77,278,2
2026-06-29,000858,11:03:27,74.77,101,1
2026-06-29,000858,11:03:30,74.77,60,2
2026-06-29,000858,11:03:33,74.78,22,2
2026-06-29,000858,11:03:36,74.77,24,1
2026-06-29,000858,11:03:39,74.78,7,1
2026-06-29,000858,11:03:42,74.78,16,1
2026-06-29,000858,11:03:45,74.77,17,1
2026-06-29,000858,11:03:48,74.77,14,2
2026-06-29,000858,11:03:51,74.77,24,2
2026-06-29,000858,11:03:54,74.76,19,1
2026-06-29,000858,11:03:57,74.76,14,1
2026-06-29,000858,11:04:00,74.77,18,2
2026-06-29,000858,11:04:03,74.76,73,1
2026-06-29,000858,11:04:06,74.74,33,1
2026-06-29,000858,11:04:09,74.76,7,2
2026-06-29,000858,11:04:12,74.76,20,2
2026-06-29,000858,11:04:15,74.77,44,2
2026-06-29,000858,11:04:18,74.80,154,2
2026-06-29,000858,11:04:21,74.84,88,2
2026-06-29,000858,11:04:24,74.85,51,2
2026-06-29,000858,11:04:27,74.85,49,2
2026-06-29,000858,11:04:30,74.85,17,2
2026-06-29,000858,11:04:33,74.85,16,2
2026-06-29,000858,11:04:36,74.84,60,1
2026-06-29,000858,11:04:39,74.85,15,2
2026-06-29,000858,11:04:42,74.83,20,1
2026-06-29,000858,11:04:45,74.83,2,2
2026-06-29,000858,11:04:48,74.80,25,1
2026-06-29,000858,11:04:51,74.80,5,2
2026-06-29,000858,11:04:54,74.80,53,1
2026-06-29,000858,11:04:57,74.79,33,1
2026-06-29,000858,11:05:00,74.77,49,1
2026-06-29,000858,11:05:03,74.75,26,1
2026-06-29,000858,11:05:06,74.74,25,1
2026-06-29,000858,11:05:09,74.74,4,1
2026-06-29,000858,11:05:12,74.75,62,2
2026-06-29,000858,11:05:15,74.76,6,2
2026-06-29,000858,11:05:18,74.72,87,1
2026-06-29,000858,11:05:21,74.70,43,1
2026-06-29,000858,11:05:24,74.71,22,1
2026-06-29,000858,11:05:27,74.71,10,1
2026-06-29,000858,11:05:30,74.68,37,1
2026-06-29,000858,11:05:33,74.68,12,1
2026-06-29,000858,11:05:36,74.70,18,2
2026-06-29,000858,11:05:39,74.70,14,1
2026-06-29,000858,11:05:42,74.70,5,1
2026-06-29,000858,11:05:45,74.68,64,1
2026-06-29,000858,11:05:48,74.68,27,1
2026-06-29,000858,11:05:51,74.68,17,1
2026-06-29,000858,11:05:54,74.67,58,1
2026-06-29,000858,11:05:57,74.66,29,1
2026-06-29,000858,11:06:00,74.63,16,1
2026-06-29,000858,11:06:03,74.63,8,1
2026-06-29,000858,11:06:06,74.64,45,1
2026-06-29,000858,11:06:09,74.64,46,1
2026-06-29,000858,11:06:12,74.65,17,2
2026-06-29,000858,11:06:15,74.64,50,1
2026-06-29,000858,11:06:18,74.64,9,2
2026-06-29,000858,11:06:21,74.62,63,1
2026-06-29,000858,11:06:24,74.62,46,1
2026-06-29,000858,11:06:27,74.62,15,1
2026-06-29,000858,11:06:30,74.62,20,1
2026-06-29,000858,11:06:33,74.63,42,2
2026-06-29,000858,11:06:36,74.61,12,1
2026-06-29,000858,11:06:39,74.61,51,1
2026-06-29,000858,11:06:42,74.60,52,1
2026-06-29,000858,11:06:45,74.60,60,1
2026-06-29,000858,11:06:48,74.60,45,1
2026-06-29,000858,11:06:51,74.60,37,1
2026-06-29,000858,11:06:54,74.60,151,1
2026-06-29,000858,11:06:57,74.60,103,1
2026-06-29,000858,11:07:00,74.58,3,1
2026-06-29,000858,11:07:03,74.58,12,1
2026-06-29,000858,11:07:06,74.58,6,1
2026-06-29,000858,11:07:09,74.57,35,1
2026-06-29,000858,11:07:12,74.55,9,1
2026-06-29,000858,11:07:15,74.54,60,1
2026-06-29,000858,11:07:18,74.57,1,2
2026-06-29,000858,11:07:21,74.55,89,1
2026-06-29,000858,11:07:24,74.55,95,1
2026-06-29,000858,11:07:27,74.55,56,1
2026-06-29,000858,11:07:30,74.59,123,2
2026-06-29,000858,11:07:33,74.63,107,2
2026-06-29,000858,11:07:36,74.67,121,2
2026-06-29,000858,11:07:39,74.69,56,2
2026-06-29,000858,11:07:42,74.67,52,1
2026-06-29,000858,11:07:45,74.72,147,2
2026-06-29,000858,11:07:48,74.73,50,2
2026-06-29,000858,11:07:51,74.75,56,2
2026-06-29,000858,11:07:54,74.75,109,1
2026-06-29,000858,11:07:57,74.75,13,2
2026-06-29,000858,11:08:00,74.73,5,1
2026-06-29,000858,11:08:03,74.73,7,2
2026-06-29,000858,11:08:06,74.72,10,1
2026-06-29,000858,11:08:09,74.74,17,2
2026-06-29,000858,11:08:12,74.73,33,1
2026-06-29,000858,11:08:15,74.72,27,1
2026-06-29,000858,11:08:18,74.72,17,2
2026-06-29,000858,11:08:21,74.74,15,2
2026-06-29,000858,11:08:24,74.74,39,1
2026-06-29,000858,11:08:27,74.75,78,2
2026-06-29,000858,11:08:30,74.76,38,2
2026-06-29,000858,11:08:33,74.77,7,2
2026-06-29,000858,11:08:36,74.76,19,1
2026-06-29,000858,11:08:39,74.76,131,1
2026-06-29,000858,11:08:42,74.77,41,2
2026-06-29,000858,11:08:45,74.72,30,1
2026-06-29,000858,11:08:48,74.71,4,1
2026-06-29,000858,11:08:51,74.74,12,2
2026-06-29,000858,11:08:54,74.69,20,1
2026-06-29,000858,11:08:57,74.68,13,1
2026-06-29,000858,11:09:00,74.71,26,2
2026-06-29,000858,11:09:03,74.68,11,1
2026-06-29,000858,11:09:06,74.69,8,2
2026-06-29,000858,11:09:09,74.68,19,1
2026-06-29,000858,11:09:12,74.68,18,1
2026-06-29,000858,11:09:15,74.68,21,2
2026-06-29,000858,11:09:18,74.70,20,2
2026-06-29,000858,11:09:21,74.74,64,2
2026-06-29,000858,11:09:24,74.75,41,2
2026-06-29,000858,11:09:27,74.75,9,1
2026-06-29,000858,11:09:30,74.75,22,1
2026-06-29,000858,11:09:33,74.76,3,2
2026-06-29,000858,11:09:36,74.76,9,1
2026-06-29,000858,11:09:39,74.76,13,1
2026-06-29,000858,11:09:42,74.76,18,1
2026-06-29,000858,11:09:45,74.77,24,2
2026-06-29,000858,11:09:48,74.74,14,1
2026-06-29,000858,11:09:51,74.73,8,1
2026-06-29,000858,11:09:54,74.74,12,2
2026-06-29,000858,11:09:57,74.74,21,2
2026-06-29,000858,11:10:00,74.73,3,1
2026-06-29,000858,11:10:03,74.72,15,1
2026-06-29,000858,11:10:06,74.73,42,2
2026-06-29,000858,11:10:09,74.68,38,1
2026-06-29,000858,11:10:12,74.73,27,2
2026-06-29,000858,11:10:15,74.81,359,2
2026-06-29,000858,11:10:18,74.85,252,2
2026-06-29,000858,11:10:21,74.82,169,1
2026-06-29,000858,11:10:24,74.85,148,2
2026-06-29,000858,11:10:27,74.84,12,1
2026-06-29,000858,11:10:30,74.84,20,1
2026-06-29,000858,11:10:33,74.84,1,2
2026-06-29,000858,11:10:36,74.84,25,2
2026-06-29,000858,11:10:39,74.83,12,1
2026-06-29,000858,11:10:42,74.82,62,1
2026-06-29,000858,11:10:45,74.80,34,1
2026-06-29,000858,11:10:48,74.79,23,1
2026-06-29,000858,11:10:51,74.80,12,1
2026-06-29,000858,11:10:54,74.82,12,2
2026-06-29,000858,11:10:57,74.80,5,1
2026-06-29,000858,11:11:00,74.80,44,2
2026-06-29,000858,11:11:03,74.79,51,1
2026-06-29,000858,11:11:06,74.81,31,2
2026-06-29,000858,11:11:09,74.81,3,2
2026-06-29,000858,11:11:12,74.79,37,1
2026-06-29,000858,11:11:15,74.80,88,2
2026-06-29,000858,11:11:18,74.80,29,1
2026-06-29,000858,11:11:21,74.80,140,2
2026-06-29,000858,11:11:24,74.79,15,1
2026-06-29,000858,11:11:27,74.79,6,1
2026-06-29,000858,11:11:30,74.80,24,2
2026-06-29,000858,11:11:33,74.80,14,2
2026-06-29,000858,11:11:36,74.79,17,1
2026-06-29,000858,11:11:39,74.77,8,1
2026-06-29,000858,11:11:42,74.77,4,1
2026-06-29,000858,11:11:45,74.78,42,1
2026-06-29,000858,11:11:48,74.77,28,1
2026-06-29,000858,11:11:51,74.78,17,2
2026-06-29,000858,11:11:54,74.79,49,2
2026-06-29,000858,11:11:57,74.76,45,1
2026-06-29,000858,11:12:00,74.66,132,1
2026-06-29,000858,11:12:03,74.72,18,2
2026-06-29,000858,11:12:06,74.74,33,2
2026-06-29,000858,11:12:09,74.64,23,1
2026-06-29,000858,11:12:12,74.70,11,2
2026-06-29,000858,11:12:15,74.67,18,1
2026-06-29,000858,11:12:18,74.68,7,2
2026-06-29,000858,11:12:21,74.69,63,2
2026-06-29,000858,11:12:24,74.68,10,1
2026-06-29,000858,11:12:27,74.67,9,1
2026-06-29,000858,11:12:30,74.68,35,2
2026-06-29,000858,11:12:33,74.68,38,2
2026-06-29,000858,11:12:36,74.69,56,2
2026-06-29,000858,11:12:39,74.70,23,2
2026-06-29,000858,11:12:42,74.72,53,2
2026-06-29,000858,11:12:45,74.74,22,2
2026-06-29,000858,11:12:48,74.72,3,1
2026-06-29,000858,11:12:51,74.74,17,2
2026-06-29,000858,11:12:54,74.73,6,1
2026-06-29,000858,11:12:57,74.72,11,1
2026-06-29,000858,11:13:00,74.72,4,1
2026-06-29,000858,11:13:03,74.72,17,1
2026-06-29,000858,11:13:06,74.74,32,2
2026-06-29,000858,11:13:09,74.70,64,1
2026-06-29,000858,11:13:12,74.72,14,2
2026-06-29,000858,11:13:15,74.66,34,1
2026-06-29,000858,11:13:18,74.68,17,2
2026-06-29,000858,11:13:21,74.65,42,1
2026-06-29,000858,11:13:24,74.67,14,2
2026-06-29,000858,11:13:27,74.65,4,1
2026-06-29,000858,11:13:33,74.65,1,2
2026-06-29,000858,11:13:36,74.65,40,2
2026-06-29,000858,11:13:39,74.62,8,1
2026-06-29,000858,11:13:42,74.57,79,1
2026-06-29,000858,11:13:45,74.61,21,2
2026-06-29,000858,11:13:48,74.57,5,1
2026-06-29,000858,11:13:51,74.57,22,2
2026-06-29,000858,11:13:54,74.56,11,1
2026-06-29,000858,11:13:57,74.57,157,2
2026-06-29,000858,11:14:00,74.56,128,1
2026-06-29,000858,11:14:03,74.56,17,2
2026-06-29,000858,11:14:06,74.55,18,1
2026-06-29,000858,11:14:09,74.55,3,2
2026-06-29,000858,11:14:12,74.55,147,2
2026-06-29,000858,11:14:15,74.52,58,1
2026-06-29,000858,11:14:18,74.52,7,1
2026-06-29,000858,11:14:21,74.52,3,2
2026-06-29,000858,11:14:24,74.51,30,1
2026-06-29,000858,11:14:27,74.52,26,2
2026-06-29,000858,11:14:30,74.51,81,1
2026-06-29,000858,11:14:33,74.51,152,1
2026-06-29,000858,11:14:36,74.52,58,2
2026-06-29,000858,11:14:39,74.52,45,2
2026-06-29,000858,11:14:42,74.51,165,1
2026-06-29,000858,11:14:45,74.52,41,2
2026-06-29,000858,11:14:48,74.51,127,2
2026-06-29,000858,11:14:51,74.51,180,1
2026-06-29,000858,11:14:54,74.51,19,2
2026-06-29,000858,11:14:57,74.51,13,1
2026-06-29,000858,11:15:00,74.52,298,2
2026-06-29,000858,11:15:03,74.51,12,1
2026-06-29,000858,11:15:06,74.51,17,1
2026-06-29,000858,11:15:09,74.51,10,1
2026-06-29,000858,11:15:12,74.52,22,2
2026-06-29,000858,11:15:15,74.52,4,2
2026-06-29,000858,11:15:18,74.50,270,1
2026-06-29,000858,11:15:21,74.50,11,1
2026-06-29,000858,11:15:24,74.49,39,1
2026-06-29,000858,11:15:27,74.48,73,1
2026-06-29,000858,11:15:30,74.49,14,2
2026-06-29,000858,11:15:33,74.48,23,1
2026-06-29,000858,11:15:36,74.48,33,1
2026-06-29,000858,11:15:39,74.48,70,2
2026-06-29,000858,11:15:42,74.48,91,2
2026-06-29,000858,11:15:45,74.46,49,1
2026-06-29,000858,11:15:48,74.43,130,1
2026-06-29,000858,11:15:51,74.43,22,1
2026-06-29,000858,11:15:54,74.43,24,1
2026-06-29,000858,11:15:57,74.42,16,1
2026-06-29,000858,11:16:00,74.42,25,1
2026-06-29,000858,11:16:03,74.41,395,1
2026-06-29,000858,11:16:06,74.42,39,2
2026-06-29,000858,11:16:09,74.42,128,2
2026-06-29,000858,11:16:12,74.41,40,1
2026-06-29,000858,11:16:15,74.40,28,1
2026-06-29,000858,11:16:18,74.41,46,1
2026-06-29,000858,11:16:21,74.41,13,1
2026-06-29,000858,11:16:24,74.41,27,1
2026-06-29,000858,11:16:27,74.42,103,2
2026-06-29,000858,11:16:30,74.42,33,1
2026-06-29,000858,11:16:33,74.47,73,2
2026-06-29,000858,11:16:36,74.45,39,1
2026-06-29,000858,11:16:39,74.46,18,2
2026-06-29,000858,11:16:42,74.46,23,1
2026-06-29,000858,11:16:45,74.51,81,2
2026-06-29,000858,11:16:48,74.53,25,2
2026-06-29,000858,11:16:51,74.53,17,2
2026-06-29,000858,11:16:54,74.52,9,1
2026-06-29,000858,11:16:57,74.52,14,1
2026-06-29,000858,11:17:00,74.49,14,1
2026-06-29,000858,11:17:03,74.48,6,1
2026-06-29,000858,11:17:06,74.48,27,1
2026-06-29,000858,11:17:09,74.43,53,1
2026-06-29,000858,11:17:12,74.43,16,1
2026-06-29,000858,11:17:15,74.43,8,1
2026-06-29,000858,11:17:18,74.38,338,1
2026-06-29,000858,11:17:21,74.41,56,2
2026-06-29,000858,11:17:24,74.39,15,1
2026-06-29,000858,11:17:27,74.40,13,2
2026-06-29,000858,11:17:30,74.39,14,1
2026-06-29,000858,11:17:33,74.39,8,1
2026-06-29,000858,11:17:36,74.39,16,2
2026-06-29,000858,11:17:39,74.39,41,2
2026-06-29,000858,11:17:42,74.40,42,2
2026-06-29,000858,11:17:45,74.40,19,2
2026-06-29,000858,11:17:48,74.39,18,1
2026-06-29,000858,11:17:51,74.38,20,1
2026-06-29,000858,11:17:54,74.38,24,1
2026-06-29,000858,11:17:57,74.39,56,2
2026-06-29,000858,11:18:00,74.37,13,1
2026-06-29,000858,11:18:03,74.37,48,1
2026-06-29,000858,11:18:06,74.36,30,1
2026-06-29,000858,11:18:09,74.36,21,1
2026-06-29,000858,11:18:12,74.36,71,1
2026-06-29,000858,11:18:15,74.40,166,2
2026-06-29,000858,11:18:18,74.45,103,2
2026-06-29,000858,11:18:21,74.45,28,2
2026-06-29,000858,11:18:24,74.48,68,2
2026-06-29,000858,11:18:27,74.49,6,2
2026-06-29,000858,11:18:30,74.49,14,2
2026-06-29,000858,11:18:33,74.49,10,2
2026-06-29,000858,11:18:36,74.49,38,1
2026-06-29,000858,11:18:39,74.49,62,1
2026-06-29,000858,11:18:42,74.48,42,1
2026-06-29,000858,11:18:45,74.50,12,2
2026-06-29,000858,11:18:48,74.46,8,1
2026-06-29,000858,11:18:51,74.46,18,1
2026-06-29,000858,11:18:54,74.46,7,1
2026-06-29,000858,11:18:57,74.46,49,1
2026-06-29,000858,11:19:00,74.47,36,2
2026-06-29,000858,11:19:03,74.49,54,2
2026-06-29,000858,11:19:06,74.47,30,1
2026-06-29,000858,11:19:09,74.47,28,1
2026-06-29,000858,11:19:12,74.49,20,2
2026-06-29,000858,11:19:15,74.47,29,1
2026-06-29,000858,11:19:18,74.47,46,1
2026-06-29,000858,11:19:21,74.48,13,1
2026-06-29,000858,11:19:24,74.49,22,2
2026-06-29,000858,11:19:27,74.49,51,2
2026-06-29,000858,11:19:30,74.51,60,2
2026-06-29,000858,11:19:33,74.53,43,2
2026-06-29,000858,11:19:36,74.53,8,1
2026-06-29,000858,11:19:39,74.53,54,1
2026-06-29,000858,11:19:42,74.53,17,1
2026-06-29,000858,11:19:45,74.54,34,2
2026-06-29,000858,11:19:51,74.53,13,1
2026-06-29,000858,11:19:54,74.54,3,2
2026-06-29,000858,11:19:57,74.52,26,1
2026-06-29,000858,11:20:00,74.53,3,2
2026-06-29,000858,11:20:03,74.52,15,1
2026-06-29,000858,11:20:06,74.49,151,1
2026-06-29,000858,11:20:09,74.49,25,1
2026-06-29,000858,11:20:12,74.47,26,1
2026-06-29,000858,11:20:15,74.50,4,2
2026-06-29,000858,11:20:18,74.49,7,2
2026-06-29,000858,11:20:21,74.48,9,2
2026-06-29,000858,11:20:24,74.47,10,1
2026-06-29,000858,11:20:27,74.49,21,2
2026-06-29,000858,11:20:30,74.53,52,2
2026-06-29,000858,11:20:33,74.54,24,2
2026-06-29,000858,11:20:36,74.54,42,2
2026-06-29,000858,11:20:39,74.54,13,1
2026-06-29,000858,11:20:42,74.55,33,2
2026-06-29,000858,11:20:45,74.55,12,2
2026-06-29,000858,11:20:48,74.54,19,1
2026-06-29,000858,11:20:51,74.56,27,2
2026-06-29,000858,11:20:54,74.56,11,1
2026-06-29,000858,11:20:57,74.59,73,2
2026-06-29,000858,11:21:00,74.58,53,1
2026-06-29,000858,11:21:03,74.59,15,1
2026-06-29,000858,11:21:06,74.59,10,1
2026-06-29,000858,11:21:09,74.60,22,2
2026-06-29,000858,11:21:12,74.60,39,2
2026-06-29,000858,11:21:15,74.59,12,1
2026-06-29,000858,11:21:18,74.60,42,1
2026-06-29,000858,11:21:21,74.60,33,1
2026-06-29,000858,11:21:24,74.61,4,2
2026-06-29,000858,11:21:27,74.60,32,1
2026-06-29,000858,11:21:30,74.60,19,1
2026-06-29,000858,11:21:33,74.61,27,2
2026-06-29,000858,11:21:36,74.62,15,2
2026-06-29,000858,11:21:39,74.61,16,1
2026-06-29,000858,11:21:42,74.61,14,1
2026-06-29,000858,11:21:45,74.61,41,1
2026-06-29,000858,11:21:48,74.62,9,2
2026-06-29,000858,11:21:51,74.60,36,1
2026-06-29,000858,11:21:54,74.60,7,1
2026-06-29,000858,11:21:57,74.60,22,1
2026-06-29,000858,11:22:00,74.59,16,1
2026-06-29,000858,11:22:03,74.58,61,1
2026-06-29,000858,11:22:06,74.56,167,1
2026-06-29,000858,11:22:09,74.55,6,1
2026-06-29,000858,11:22:12,74.54,15,1
2026-06-29,000858,11:22:15,74.54,8,1
2026-06-29,000858,11:22:18,74.54,12,1
2026-06-29,000858,11:22:21,74.52,5,1
2026-06-29,000858,11:22:24,74.51,24,1
2026-06-29,000858,11:22:27,74.55,70,2
2026-06-29,000858,11:22:30,74.53,7,1
2026-06-29,000858,11:22:33,74.52,12,1
2026-06-29,000858,11:22:36,74.52,3,1
2026-06-29,000858,11:22:39,74.52,8,1
2026-06-29,000858,11:22:42,74.51,15,1
2026-06-29,000858,11:22:45,74.53,136,2
2026-06-29,000858,11:22:48,74.55,30,2
2026-06-29,000858,11:22:51,74.54,29,1
2026-06-29,000858,11:22:54,74.56,15,2
2026-06-29,000858,11:22:57,74.53,6,1
2026-06-29,000858,11:23:00,74.53,17,1
2026-06-29,000858,11:23:03,74.53,44,1
2026-06-29,000858,11:23:06,74.53,15,2
2026-06-29,000858,11:23:09,74.55,79,2
2026-06-29,000858,11:23:12,74.56,55,2
2026-06-29,000858,11:23:15,74.58,38,2
2026-06-29,000858,11:23:18,74.57,19,1
2026-06-29,000858,11:23:21,74.58,3,2
2026-06-29,000858,11:23:24,74.58,40,1
2026-06-29,000858,11:23:27,74.58,7,1
2026-06-29,000858,11:23:30,74.58,22,1
2026-06-29,000858,11:23:33,74.58,33,2
2026-06-29,000858,11:23:36,74.58,28,2
2026-06-29,000858,11:23:39,74.59,15,2
2026-06-29,000858,11:23:42,74.59,50,2
2026-06-29,000858,11:23:45,74.59,5,1
2026-06-29,000858,11:23:48,74.59,79,1
2026-06-29,000858,11:23:51,74.61,1,2
2026-06-29,000858,11:23:54,74.58,87,2
2026-06-29,000858,11:23:57,74.57,21,1
2026-06-29,000858,11:24:00,74.57,56,1
2026-06-29,000858,11:24:03,74.57,9,1
2026-06-29,000858,11:24:06,74.57,21,1
2026-06-29,000858,11:24:09,74.57,9,1
2026-06-29,000858,11:24:12,74.57,28,1
2026-06-29,000858,11:24:15,74.56,22,1
2026-06-29,000858,11:24:18,74.56,3,1
2026-06-29,000858,11:24:21,74.57,17,2
2026-06-29,000858,11:24:24,74.57,4,2
2026-06-29,000858,11:24:27,74.56,11,1
2026-06-29,000858,11:24:30,74.56,11,1
2026-06-29,000858,11:24:33,74.54,50,1
2026-06-29,000858,11:24:36,74.54,16,1
2026-06-29,000858,11:24:39,74.52,43,1
2026-06-29,000858,11:24:42,74.54,120,2
2026-06-29,000858,11:24:45,74.54,1,2
2026-06-29,000858,11:24:48,74.54,63,2
2026-06-29,000858,11:24:51,74.54,5,2
2026-06-29,000858,11:24:54,74.55,49,2
2026-06-29,000858,11:24:57,74.55,13,2
2026-06-29,000858,11:25:00,74.56,8,2
2026-06-29,000858,11:25:03,74.55,8,1
2026-06-29,000858,11:25:06,74.56,12,2
2026-06-29,000858,11:25:09,74.55,14,1
2026-06-29,000858,11:25:12,74.59,81,2
2026-06-29,000858,11:25:15,74.60,19,2
2026-06-29,000858,11:25:18,74.61,3,2
2026-06-29,000858,11:25:21,74.61,75,2
2026-06-29,000858,11:25:24,74.61,30,2
2026-06-29,000858,11:25:27,74.60,39,1
2026-06-29,000858,11:25:30,74.60,9,1
2026-06-29,000858,11:25:33,74.60,28,1
2026-06-29,000858,11:25:36,74.60,25,1
2026-06-29,000858,11:25:39,74.61,10,2
2026-06-29,000858,11:25:42,74.61,1,2
2026-06-29,000858,11:25:45,74.60,24,1
2026-06-29,000858,11:25:48,74.60,30,1
2026-06-29,000858,11:25:51,74.60,24,1
2026-06-29,000858,11:25:54,74.65,85,2
2026-06-29,000858,11:25:57,74.65,33,2
2026-06-29,000858,11:26:00,74.65,38,2
2026-06-29,000858,11:26:03,74.65,12,1
2026-06-29,000858,11:26:06,74.66,153,2
2026-06-29,000858,11:26:09,74.68,103,2
2026-06-29,000858,11:26:12,74.68,43,2
2026-06-29,000858,11:26:15,74.68,10,2
2026-06-29,000858,11:26:18,74.69,18,2
2026-06-29,000858,11:26:21,74.69,42,1
2026-06-29,000858,11:26:24,74.65,22,1
2026-06-29,000858,11:26:27,74.68,90,2
2026-06-29,000858,11:26:30,74.64,26,1
2026-06-29,000858,11:26:33,74.64,11,1
2026-06-29,000858,11:26:36,74.63,21,1
2026-06-29,000858,11:26:39,74.61,39,1
2026-06-29,000858,11:26:42,74.60,22,1
2026-06-29,000858,11:26:45,74.59,27,1
2026-06-29,000858,11:26:48,74.59,45,2
2026-06-29,000858,11:26:51,74.58,23,1
2026-06-29,000858,11:26:54,74.57,16,1
2026-06-29,000858,11:26:57,74.57,25,1
2026-06-29,000858,11:27:00,74.58,24,2
2026-06-29,000858,11:27:03,74.56,17,1
2026-06-29,000858,11:27:06,74.58,39,2
2026-06-29,000858,11:27:09,74.58,1,2
2026-06-29,000858,11:27:12,74.57,25,1
2026-06-29,000858,11:27:15,74.58,22,2
2026-06-29,000858,11:27:18,74.60,36,2
2026-06-29,000858,11:27:21,74.57,51,1
2026-06-29,000858,11:27:24,74.59,5,2
2026-06-29,000858,11:27:27,74.60,6,2
2026-06-29,000858,11:27:30,74.58,18,1
2026-06-29,000858,11:27:33,74.58,12,1
2026-06-29,000858,11:27:36,74.60,7,2
2026-06-29,000858,11:27:39,74.59,22,1
2026-06-29,000858,11:27:42,74.59,40,1
2026-06-29,000858,11:27:45,74.60,2,2
2026-06-29,000858,11:27:48,74.60,112,2
2026-06-29,000858,11:27:51,74.60,14,1
2026-06-29,000858,11:27:54,74.60,9,1
2026-06-29,000858,11:27:57,74.61,36,2
2026-06-29,000858,11:28:00,74.60,21,1
2026-06-29,000858,11:28:03,74.60,37,1
2026-06-29,000858,11:28:06,74.60,20,1
2026-06-29,000858,11:28:09,74.60,17,1
2026-06-29,000858,11:28:12,74.60,28,1
2026-06-29,000858,11:28:15,74.60,72,1
2026-06-29,000858,11:28:18,74.61,27,2
2026-06-29,000858,11:28:21,74.61,4,1
2026-06-29,000858,11:28:24,74.61,9,1
2026-06-29,000858,11:28:27,74.61,6,1
2026-06-29,000858,11:28:30,74.63,30,2
2026-06-29,000858,11:28:33,74.63,16,1
2026-06-29,000858,11:28:36,74.63,57,2
2026-06-29,000858,11:28:39,74.62,29,1
2026-06-29,000858,11:28:42,74.64,24,2
2026-06-29,000858,11:28:45,74.63,14,1
2026-06-29,000858,11:28:48,74.63,2,2
2026-06-29,000858,11:28:51,74.62,15,1
2026-06-29,000858,11:28:54,74.63,11,2
2026-06-29,000858,11:28:57,74.64,50,2
2026-06-29,000858,11:29:00,74.63,33,1
2026-06-29,000858,11:29:03,74.63,15,1
2026-06-29,000858,11:29:06,74.64,5,2
2026-06-29,000858,11:29:09,74.64,14,2
2026-06-29,000858,11:29:12,74.63,30,1
2026-06-29,000858,11:29:15,74.64,6,2
2026-06-29,000858,11:29:18,74.65,4,2
2026-06-29,000858,11:29:21,74.64,24,1
2026-06-29,000858,11:29:24,74.64,7,1
2026-06-29,000858,11:29:27,74.63,10,1
2026-06-29,000858,11:29:30,74.63,18,1
2026-06-29,000858,11:29:33,74.63,16,2
2026-06-29,000858,11:29:36,74.64,25,2
2026-06-29,000858,11:29:39,74.64,4,2
2026-06-29,000858,11:29:42,74.64,27,2
2026-06-29,000858,11:29:45,74.61,13,1
2026-06-29,000858,11:29:48,74.60,11,1
2026-06-29,000858,11:29:51,74.63,15,2
2026-06-29,000858,11:29:57,74.60,16,1
2026-06-29,000858,11:30:00,74.61,42,1
2026-06-29,000858,13:00:00,74.64,190,2
2026-06-29,000858,13:00:03,74.62,811,1
2026-06-29,000858,13:00:06,74.64,147,2
2026-06-29,000858,13:00:09,74.62,157,1
2026-06-29,000858,13:00:12,74.78,582,2
2026-06-29,000858,13:00:15,74.66,136,1
2026-06-29,000858,13:00:18,74.60,117,1
2026-06-29,000858,13:00:21,74.52,287,1
2026-06-29,000858,13:00:24,74.46,674,1
2026-06-29,000858,13:00:27,74.43,35,1
2026-06-29,000858,13:00:30,74.41,37,1
2026-06-29,000858,13:00:33,74.35,147,1
2026-06-29,000858,13:00:36,74.35,53,1
2026-06-29,000858,13:00:39,74.33,112,1
2026-06-29,000858,13:00:42,74.27,200,1
2026-06-29,000858,13:00:45,74.27,61,1
2026-06-29,000858,13:00:48,74.25,69,1
2026-06-29,000858,13:00:51,74.26,75,2
2026-06-29,000858,13:00:54,74.26,180,2
2026-06-29,000858,13:00:57,74.31,94,2
2026-06-29,000858,13:01:00,74.35,46,2
2026-06-29,000858,13:01:03,74.38,110,2
2026-06-29,000858,13:01:06,74.35,60,1
2026-06-29,000858,13:01:09,74.35,155,1
2026-06-29,000858,13:01:12,74.37,76,2
2026-06-29,000858,13:01:15,74.34,62,1
2026-06-29,000858,13:01:18,74.38,46,2
2026-06-29,000858,13:01:21,74.36,34,2
2026-06-29,000858,13:01:24,74.36,35,2
2026-06-29,000858,13:01:27,74.33,16,1
2026-06-29,000858,13:01:30,74.38,59,2
2026-06-29,000858,13:01:33,74.38,34,2
2026-06-29,000858,13:01:36,74.38,40,2
2026-06-29,000858,13:01:39,74.38,10,2
2026-06-29,000858,13:01:42,74.38,10,2
2026-06-29,000858,13:01:45,74.42,76,2
2026-06-29,000858,13:01:48,74.45,99,2
2026-06-29,000858,13:01:51,74.46,30,2
2026-06-29,000858,13:01:54,74.46,59,2
2026-06-29,000858,13:01:57,74.45,63,1
2026-06-29,000858,13:02:00,74.47,5,2
2026-06-29,000858,13:02:03,74.46,12,1
2026-06-29,000858,13:02:06,74.45,17,1
2026-06-29,000858,13:02:09,74.45,21,1
2026-06-29,000858,13:02:12,74.43,21,1
2026-06-29,000858,13:02:15,74.44,15,2
2026-06-29,000858,13:02:18,74.44,57,2
2026-06-29,000858,13:02:21,74.43,6,1
2026-06-29,000858,13:02:24,74.44,16,2
2026-06-29,000858,13:02:27,74.42,32,1
2026-06-29,000858,13:02:30,74.43,71,2
2026-06-29,000858,13:02:33,74.43,77,1
2026-06-29,000858,13:02:36,74.44,40,2
2026-06-29,000858,13:02:39,74.43,23,1
2026-06-29,000858,13:02:42,74.43,148,1
2026-06-29,000858,13:02:45,74.42,3,1
2026-06-29,000858,13:02:48,74.41,10,1
2026-06-29,000858,13:02:51,74.40,18,1
2026-06-29,000858,13:02:54,74.40,25,1
2026-06-29,000858,13:02:57,74.39,28,1
2026-06-29,000858,13:03:00,74.40,3,2
2026-06-29,000858,13:03:03,74.39,32,1
2026-06-29,000858,13:03:06,74.34,93,1
2026-06-29,000858,13:03:09,74.34,11,1
2026-06-29,000858,13:03:12,74.33,24,1
2026-06-29,000858,13:03:15,74.32,54,1
2026-06-29,000858,13:03:18,74.32,46,1
2026-06-29,000858,13:03:21,74.32,100,2
2026-06-29,000858,13:03:24,74.32,17,2
2026-06-29,000858,13:03:27,74.36,19,2
2026-06-29,000858,13:03:30,74.35,11,1
2026-06-29,000858,13:03:33,74.36,50,2
2026-06-29,000858,13:03:36,74.37,18,2
2026-06-29,000858,13:03:39,74.36,36,1
2026-06-29,000858,13:03:42,74.36,20,1
2026-06-29,000858,13:03:45,74.37,12,2
2026-06-29,000858,13:03:48,74.36,34,1
2026-06-29,000858,13:03:51,74.36,127,1
2026-06-29,000858,13:03:54,74.33,154,1
2026-06-29,000858,13:03:57,74.30,74,1
2026-06-29,000858,13:04:00,74.28,12,1
2026-06-29,000858,13:04:03,74.30,10,2
2026-06-29,000858,13:04:06,74.32,24,2
2026-06-29,000858,13:04:09,74.29,8,1
2026-06-29,000858,13:04:12,74.28,19,1
2026-06-29,000858,13:04:15,74.28,41,1
2026-06-29,000858,13:04:18,74.29,46,2
2026-06-29,000858,13:04:21,74.29,5,2
2026-06-29,000858,13:04:24,74.28,45,1
2026-06-29,000858,13:04:27,74.32,37,2
2026-06-29,000858,13:04:30,74.37,107,2
2026-06-29,000858,13:04:33,74.39,46,2
2026-06-29,000858,13:04:36,74.41,52,2
2026-06-29,000858,13:04:39,74.39,47,1
2026-06-29,000858,13:04:42,74.40,49,2
2026-06-29,000858,13:04:45,74.43,38,2
2026-06-29,000858,13:04:48,74.39,1,1
2026-06-29,000858,13:04:51,74.39,5,2
2026-06-29,000858,13:04:54,74.39,15,2
2026-06-29,000858,13:04:57,74.39,7,2
2026-06-29,000858,13:05:00,74.38,96,1
2026-06-29,000858,13:05:03,74.38,1,2
2026-06-29,000858,13:05:06,74.35,32,1
2026-06-29,000858,13:05:09,74.35,16,2
2026-06-29,000858,13:05:12,74.34,27,1
2026-06-29,000858,13:05:15,74.34,19,2
2026-06-29,000858,13:05:18,74.34,25,2
2026-06-29,000858,13:05:21,74.33,17,1
2026-06-29,000858,13:05:24,74.32,15,1
2026-06-29,000858,13:05:27,74.32,24,2
2026-06-29,000858,13:05:30,74.30,31,1
2026-06-29,000858,13:05:33,74.32,28,2
2026-06-29,000858,13:05:36,74.36,84,2
2026-06-29,000858,13:05:39,74.36,5,1
2026-06-29,000858,13:05:42,74.34,7,1
2026-06-29,000858,13:05:45,74.34,42,1
2026-06-29,000858,13:05:48,74.33,17,1
2026-06-29,000858,13:05:54,74.33,1,1
2026-06-29,000858,13:05:57,74.36,19,2
2026-06-29,000858,13:06:00,74.36,6,2
2026-06-29,000858,13:06:03,74.36,17,1
2026-06-29,000858,13:06:06,74.33,114,1
2026-06-29,000858,13:06:09,74.31,102,1
2026-06-29,000858,13:06:12,74.30,12,1
2026-06-29,000858,13:06:15,74.30,39,1
2026-06-29,000858,13:06:18,74.30,7,1
2026-06-29,000858,13:06:21,74.30,29,1
2026-06-29,000858,13:06:24,74.30,50,1
2026-06-29,000858,13:06:27,74.30,112,2
2026-06-29,000858,13:06:30,74.30,31,1
2026-06-29,000858,13:06:33,74.32,15,2
2026-06-29,000858,13:06:36,74.32,9,1
2026-06-29,000858,13:06:39,74.32,6,1
2026-06-29,000858,13:06:42,74.32,4,1
2026-06-29,000858,13:06:45,74.32,7,1
2026-06-29,000858,13:06:48,74.31,41,1
2026-06-29,000858,13:06:51,74.31,9,1
2026-06-29,000858,13:06:54,74.32,34,2
2026-06-29,000858,13:06:57,74.30,23,1
2026-06-29,000858,13:07:00,74.30,24,1
2026-06-29,000858,13:07:03,74.31,72,2
2026-06-29,000858,13:07:06,74.30,53,1
2026-06-29,000858,13:07:09,74.30,30,1
2026-06-29,000858,13:07:12,74.30,47,1
2026-06-29,000858,13:07:15,74.30,31,2
2026-06-29,000858,13:07:18,74.26,168,1
2026-06-29,000858,13:07:21,74.26,17,1
2026-06-29,000858,13:07:24,74.25,36,1
2026-06-29,000858,13:07:27,74.25,13,1
2026-06-29,000858,13:07:30,74.26,71,2
2026-06-29,000858,13:07:33,74.25,54,1
2026-06-29,000858,13:07:36,74.26,26,1
2026-06-29,000858,13:07:39,74.26,15,1
2026-06-29,000858,13:07:42,74.26,36,1
2026-06-29,000858,13:07:45,74.26,20,2
2026-06-29,000858,13:07:48,74.26,43,2
2026-06-29,000858,13:07:51,74.30,187,2
2026-06-29,000858,13:07:54,74.28,10,1
2026-06-29,000858,13:07:57,74.26,32,1
2026-06-29,000858,13:08:00,74.28,2,2
2026-06-29,000858,13:08:03,74.30,48,2
2026-06-29,000858,13:08:06,74.26,33,1
2026-06-29,000858,13:08:09,74.27,2,2
2026-06-29,000858,13:08:12,74.26,20,1
2026-06-29,000858,13:08:15,74.26,12,2
2026-06-29,000858,13:08:18,74.30,149,2
2026-06-29,000858,13:08:21,74.31,101,2
2026-06-29,000858,13:08:24,74.31,23,1
2026-06-29,000858,13:08:27,74.31,14,1
2026-06-29,000858,13:08:30,74.31,19,1
2026-06-29,000858,13:08:33,74.32,99,2
2026-06-29,000858,13:08:36,74.32,25,1
2026-06-29,000858,13:08:39,74.33,45,2
2026-06-29,000858,13:08:42,74.34,17,2
2026-06-29,000858,13:08:45,74.33,22,1
2026-06-29,000858,13:08:48,74.32,114,1
2026-06-29,000858,13:08:51,74.31,15,1
2026-06-29,000858,13:08:54,74.32,20,2
2026-06-29,000858,13:08:57,74.32,19,1
2026-06-29,000858,13:09:00,74.32,5,1
2026-06-29,000858,13:09:03,74.33,28,2
2026-06-29,000858,13:09:06,74.31,119,1
2026-06-29,000858,13:09:09,74.30,53,1
2026-06-29,000858,13:09:12,74.30,6,1
2026-06-29,000858,13:09:15,74.30,20,1
2026-06-29,000858,13:09:18,74.30,14,1
2026-06-29,000858,13:09:21,74.31,9,2
2026-06-29,000858,13:09:24,74.32,50,2
2026-06-29,000858,13:09:27,74.33,3,2
2026-06-29,000858,13:09:30,74.32,47,1
2026-06-29,000858,13:09:33,74.32,54,1
2026-06-29,000858,13:09:36,74.32,24,2
2026-06-29,000858,13:09:39,74.30,139,1
2026-06-29,000858,13:09:42,74.29,27,1
2026-06-29,000858,13:09:45,74.25,57,1
2026-06-29,000858,13:09:48,74.25,34,1
2026-06-29,000858,13:09:51,74.22,95,1
2026-06-29,000858,13:09:54,74.23,34,2
2026-06-29,000858,13:09:57,74.23,76,1
2026-06-29,000858,13:10:00,74.23,23,1
2026-06-29,000858,13:10:03,74.25,26,2
2026-06-29,000858,13:10:06,74.26,10,2
2026-06-29,000858,13:10:09,74.25,39,1
2026-06-29,000858,13:10:12,74.26,8,2
2026-06-29,000858,13:10:15,74.25,48,1
2026-06-29,000858,13:10:18,74.25,52,1
2026-06-29,000858,13:10:21,74.26,23,2
2026-06-29,000858,13:10:24,74.26,15,2
2026-06-29,000858,13:10:27,74.25,9,1
2026-06-29,000858,13:10:30,74.25,43,1
2026-06-29,000858,13:10:33,74.25,202,1
2026-06-29,000858,13:10:36,74.25,3,2
2026-06-29,000858,13:10:39,74.25,16,2
2026-06-29,000858,13:10:42,74.25,40,2
2026-06-29,000858,13:10:45,74.24,32,1
