date,code,time,price,volume,bs
2026-06-29,000333,09:30:00,75.80,4896,2
2026-06-29,000333,09:30:03,75.85,10074,2
2026-06-29,000333,09:30:06,75.91,2993,2
2026-06-29,000333,09:30:09,75.90,2663,1
2026-06-29,000333,09:30:12,75.96,2555,2
2026-06-29,000333,09:30:15,75.82,1726,1
2026-06-29,000333,09:30:18,75.80,1333,1
2026-06-29,000333,09:30:21,75.79,2880,1
2026-06-29,000333,09:30:24,75.68,2626,1
2026-06-29,000333,09:30:27,75.68,602,1
2026-06-29,000333,09:30:30,75.68,2236,2
2026-06-29,000333,09:30:33,75.57,1387,1
2026-06-29,000333,09:30:36,75.55,1015,1
2026-06-29,000333,09:30:39,75.56,697,2
2026-06-29,000333,09:30:42,75.56,2140,2
2026-06-29,000333,09:30:45,75.58,1096,2
2026-06-29,000333,09:30:48,75.68,1493,2
2026-06-29,000333,09:30:51,75.85,924,2
2026-06-29,000333,09:30:54,75.98,276,2
2026-06-29,000333,09:30:57,76.01,468,2
2026-06-29,000333,09:31:00,76.09,252,2
2026-06-29,000333,09:31:03,76.15,318,2
2026-06-29,000333,09:31:06,76.20,789,2
2026-06-29,000333,09:31:09,76.33,517,2
2026-06-29,000333,09:31:12,76.40,340,2
2026-06-29,000333,09:31:15,76.39,609,1
2026-06-29,000333,09:31:18,76.36,1287,1
2026-06-29,000333,09:31:21,76.20,3196,1
2026-06-29,000333,09:31:24,76.12,1897,1
2026-06-29,000333,09:31:27,76.04,1550,1
2026-06-29,000333,09:31:30,76.02,1148,1
2026-06-29,000333,09:31:33,76.03,1780,2
2026-06-29,000333,09:31:36,76.05,2444,2
2026-06-29,000333,09:31:39,76.19,949,1
2026-06-29,000333,09:31:42,76.20,995,2
2026-06-29,000333,09:31:45,76.24,481,2
2026-06-29,000333,09:31:48,76.29,548,2
2026-06-29,000333,09:31:51,76.32,281,2
2026-06-29,000333,09:31:54,76.30,893,1
2026-06-29,000333,09:31:57,76.37,954,2
2026-06-29,000333,09:32:00,76.37,622,2
2026-06-29,000333,09:32:03,76.39,1011,2
2026-06-29,000333,09:32:06,76.36,1028,1
2026-06-29,000333,09:32:09,76.33,920,1
2026-06-29,000333,09:32:12,76.29,1055,1
2026-06-29,000333,09:32:15,76.25,749,1
2026-06-29,000333,09:32:18,76.29,990,2
2026-06-29,000333,09:32:21,76.30,224,2
2026-06-29,000333,09:32:24,76.29,385,1
2026-06-29,000333,09:32:27,76.26,489,1
2026-06-29,000333,09:32:30,76.25,373,1
2026-06-29,000333,09:32:33,76.30,791,2
2026-06-29,000333,09:32:36,76.30,459,1
2026-06-29,000333,09:32:39,76.28,307,2
2026-06-29,000333,09:32:42,76.29,916,2
2026-06-29,000333,09:32:45,76.29,923,1
2026-06-29,000333,09:32:48,76.28,245,1
2026-06-29,000333,09:32:51,76.28,1075,1
2026-06-29,000333,09:32:54,76.25,420,1
2026-06-29,000333,09:32:57,76.25,653,1
2026-06-29,000333,09:33:00,76.16,498,1
2026-06-29,000333,09:33:03,76.03,729,1
2026-06-29,000333,09:33:06,76.09,373,2
2026-06-29,000333,09:33:09,76.10,921,2
2026-06-29,000333,09:33:12,76.23,342,2
2026-06-29,000333,09:33:15,76.17,522,1
2026-06-29,000333,09:33:18,76.23,720,1
2026-06-29,000333,09:33:21,76.28,460,2
2026-06-29,000333,09:33:24,76.28,1607,1
2026-06-29,000333,09:33:27,76.29,314,1
2026-06-29,000333,09:33:30,76.38,369,2
2026-06-29,000333,09:33:33,76.35,461,1
2026-06-29,000333,09:33:36,76.28,309,1
2026-06-29,000333,09:33:39,76.30,350,2
2026-06-29,000333,09:33:42,76.24,459,1
2026-06-29,000333,09:33:45,76.32,324,2
2026-06-29,000333,09:33:48,76.32,276,2
2026-06-29,000333,09:33:51,76.30,339,1
2026-06-29,000333,09:33:54,76.29,197,2
2026-06-29,000333,09:33:57,76.27,572,1
2026-06-29,000333,09:34:00,76.28,491,2
2026-06-29,000333,09:34:03,76.27,219,1
2026-06-29,000333,09:34:06,76.28,484,1
2026-06-29,000333,09:34:09,76.28,251,1
2026-06-29,000333,09:34:12,76.27,534,1
2026-06-29,000333,09:34:15,76.28,242,2
2026-06-29,000333,09:34:18,76.27,671,1
2026-06-29,000333,09:34:21,76.27,533,2
2026-06-29,000333,09:34:24,76.27,494,1
2026-06-29,000333,09:34:27,76.22,690,1
2026-06-29,000333,09:34:30,76.10,848,1
2026-06-29,000333,09:34:33,76.09,268,1
2026-06-29,000333,09:34:36,76.09,310,2
2026-06-29,000333,09:34:39,76.10,75,2
2026-06-29,000333,09:34:42,76.09,1156,1
2026-06-29,000333,09:34:45,76.11,126,2
2026-06-29,000333,09:34:48,76.20,233,2
2026-06-29,000333,09:34:51,76.14,633,1
2026-06-29,000333,09:34:54,76.14,227,2
2026-06-29,000333,09:34:57,76.18,281,2
2026-06-29,000333,09:35:00,76.11,227,1
2026-06-29,000333,09:35:03,76.16,395,2
2026-06-29,000333,09:35:06,76.11,453,1
2026-06-29,000333,09:35:09,76.10,444,1
2026-06-29,000333,09:35:12,76.11,412,2
2026-06-29,000333,09:35:15,76.13,327,2
2026-06-29,000333,09:35:18,76.15,326,2
2026-06-29,000333,09:35:21,76.15,139,2
2026-06-29,000333,09:35:24,76.09,278,1
2026-06-29,000333,09:35:27,76.07,211,1
2026-06-29,000333,09:35:30,76.04,629,1
2026-06-29,000333,09:35:33,76.04,169,2
2026-06-29,000333,09:35:36,76.02,158,1
2026-06-29,000333,09:35:39,76.02,94,1
2026-06-29,000333,09:35:42,76.01,178,1
2026-06-29,000333,09:35:45,75.89,938,1
2026-06-29,000333,09:35:48,75.95,318,2
2026-06-29,000333,09:35:51,75.89,121,1
2026-06-29,000333,09:35:54,75.81,180,1
2026-06-29,000333,09:35:57,75.83,105,2
2026-06-29,000333,09:36:00,75.86,918,2
2026-06-29,000333,09:36:03,75.92,1132,2
2026-06-29,000333,09:36:06,75.86,240,1
2026-06-29,000333,09:36:09,75.94,157,2
2026-06-29,000333,09:36:12,75.93,186,1
2026-06-29,000333,09:36:15,75.96,134,2
2026-06-29,000333,09:36:18,75.99,236,2
2026-06-29,000333,09:36:21,76.00,761,2
2026-06-29,000333,09:36:24,76.01,507,2
2026-06-29,000333,09:36:27,76.01,279,2
2026-06-29,000333,09:36:30,76.01,152,1
2026-06-29,000333,09:36:33,76.02,402,2
2026-06-29,000333,09:36:36,76.01,300,1
2026-06-29,000333,09:36:39,76.02,167,2
2026-06-29,000333,09:36:42,76.02,81,1
2026-06-29,000333,09:36:45,76.04,121,2
2026-06-29,000333,09:36:48,76.01,131,1
2026-06-29,000333,09:36:51,76.02,332,2
2026-06-29,000333,09:36:54,76.02,469,2
2026-06-29,000333,09:36:57,76.11,720,2
2026-06-29,000333,09:37:00,76.12,411,2
2026-06-29,000333,09:37:03,76.12,270,2
2026-06-29,000333,09:37:06,76.16,218,2
2026-06-29,000333,09:37:09,76.19,491,2
2026-06-29,000333,09:37:12,76.24,386,2
2026-06-29,000333,09:37:15,76.27,362,2
2026-06-29,000333,09:37:18,76.18,287,1
2026-06-29,000333,09:37:21,76.21,112,2
2026-06-29,000333,09:37:24,76.28,376,2
2026-06-29,000333,09:37:27,76.27,84,2
2026-06-29,000333,09:37:30,76.27,120,2
2026-06-29,000333,09:37:33,76.23,294,1
2026-06-29,000333,09:37:36,76.21,221,1
2026-06-29,000333,09:37:39,76.28,513,2
2026-06-29,000333,09:37:42,76.29,350,2
2026-06-29,000333,09:37:45,76.23,303,1
2026-06-29,000333,09:37:48,76.24,103,2
2026-06-29,000333,09:37:51,76.24,407,1
2026-06-29,000333,09:37:54,76.24,274,2
2026-06-29,000333,09:37:57,76.25,133,2
2026-06-29,000333,09:38:00,76.25,167,2
2026-06-29,000333,09:38:03,76.25,302,2
2026-06-29,000333,09:38:06,76.24,374,1
2026-06-29,000333,09:38:09,76.24,1303,2
2026-06-29,000333,09:38:12,76.26,159,2
2026-06-29,000333,09:38:15,76.27,750,2
2026-06-29,000333,09:38:18,76.29,218,2
2026-06-29,000333,09:38:21,76.27,266,1
2026-06-29,000333,09:38:24,76.27,226,2
2026-06-29,000333,09:38:27,76.28,131,2
2026-06-29,000333,09:38:30,76.28,80,2
2026-06-29,000333,09:38:33,76.27,247,1
2026-06-29,000333,09:38:36,76.17,464,1
2026-06-29,000333,09:38:39,76.11,622,1
2026-06-29,000333,09:38:42,76.12,232,1
2026-06-29,000333,09:38:45,76.12,99,1
2026-06-29,000333,09:38:48,76.07,258,1
2026-06-29,000333,09:38:51,76.06,302,1
2026-06-29,000333,09:38:54,76.04,265,1
2026-06-29,000333,09:38:57,76.03,211,1
2026-06-29,000333,09:39:00,76.01,457,1
2026-06-29,000333,09:39:03,76.00,580,1
2026-06-29,000333,09:39:06,75.99,347,1
2026-06-29,000333,09:39:09,75.98,176,1
2026-06-29,000333,09:39:12,75.99,621,2
2026-06-29,000333,09:39:15,75.99,322,1
2026-06-29,000333,09:39:18,76.00,129,2
2026-06-29,000333,09:39:21,75.99,725,1
2026-06-29,000333,09:39:24,76.00,457,2
2026-06-29,000333,09:39:27,75.96,235,1
2026-06-29,000333,09:39:30,75.95,380,1
2026-06-29,000333,09:39:33,75.94,315,1
2026-06-29,000333,09:39:36,75.93,181,1
2026-06-29,000333,09:39:39,75.91,154,1
2026-06-29,000333,09:39:42,75.92,163,1
2026-06-29,000333,09:39:45,75.91,447,2
2026-06-29,000333,09:39:48,75.90,182,2
2026-06-29,000333,09:39:51,75.81,817,1
2026-06-29,000333,09:39:54,75.83,96,2
2026-06-29,000333,09:39:57,75.80,84,1
2026-06-29,000333,09:40:00,75.81,130,2
2026-06-29,000333,09:40:03,75.79,426,1
2026-06-29,000333,09:40:06,75.82,215,2
2026-06-29,000333,09:40:09,75.79,153,1
2026-06-29,000333,09:40:12,75.70,126,1
2026-06-29,000333,09:40:15,75.70,123,1
2026-06-29,000333,09:40:18,75.58,468,1
2026-06-29,000333,09:40:21,75.56,193,1
2026-06-29,000333,09:40:24,75.56,221,2
2026-06-29,000333,09:40:27,75.55,397,1
2026-06-29,000333,09:40:30,75.47,941,1
2026-06-29,000333,09:40:33,75.47,466,2
2026-06-29,000333,09:40:36,75.42,414,1
2026-06-29,000333,09:40:39,75.42,292,1
2026-06-29,000333,09:40:42,75.42,347,2
2026-06-29,000333,09:40:45,75.48,932,2
2026-06-29,000333,09:40:48,75.42,1423,1
2026-06-29,000333,09:40:51,75.48,176,2
2026-06-29,000333,09:40:54,75.47,546,1
2026-06-29,000333,09:40:57,75.48,428,2
2026-06-29,000333,09:41:00,75.49,138,2
2026-06-29,000333,09:41:03,75.62,2740,2
2026-06-29,000333,09:41:06,75.63,233,2
2026-06-29,000333,09:41:09,75.66,133,2
2026-06-29,000333,09:41:12,75.73,52,2
2026-06-29,000333,09:41:15,75.80,20,2
2026-06-29,000333,09:41:18,75.88,350,2
2026-06-29,000333,09:41:21,75.90,94,2
2026-06-29,000333,09:41:24,75.88,114,1
2026-06-29,000333,09:41:27,75.94,138,2
2026-06-29,000333,09:41:30,75.94,234,2
2026-06-29,000333,09:41:33,75.95,104,2
2026-06-29,000333,09:41:36,75.94,115,1
2026-06-29,000333,09:41:39,75.97,175,2
2026-06-29,000333,09:41:42,75.92,440,1
2026-06-29,000333,09:41:45,75.97,243,2
2026-06-29,000333,09:41:48,75.95,118,1
2026-06-29,000333,09:41:51,75.91,214,1
2026-06-29,000333,09:41:54,75.86,202,1
2026-06-29,000333,09:41:57,75.85,181,1
2026-06-29,000333,09:42:00,75.87,84,2
2026-06-29,000333,09:42:03,75.86,153,1
2026-06-29,000333,09:42:06,75.95,209,2
2026-06-29,000333,09:42:09,76.00,436,2
2026-06-29,000333,09:42:12,76.19,320,2
2026-06-29,000333,09:42:15,76.23,560,2
2026-06-29,000333,09:42:18,76.26,160,2
2026-06-29,000333,09:42:21,76.26,316,1
2026-06-29,000333,09:42:24,76.25,118,1
2026-06-29,000333,09:42:27,76.25,153,1
2026-06-29,000333,09:42:30,76.19,147,1
2026-06-29,000333,09:42:33,76.12,155,1
2026-06-29,000333,09:42:36,76.11,123,1
2026-06-29,000333,09:42:39,76.05,125,1
2026-06-29,000333,09:42:42,76.06,153,2
2026-06-29,000333,09:42:45,76.06,216,1
2026-06-29,000333,09:42:48,76.05,195,2
2026-06-29,000333,09:42:51,76.10,422,2
2026-06-29,000333,09:42:54,76.11,110,1
2026-06-29,000333,09:42:57,76.06,469,1
2026-06-29,000333,09:43:00,76.13,98,2
2026-06-29,000333,09:43:03,76.10,182,1
2026-06-29,000333,09:43:06,76.14,225,2
2026-06-29,000333,09:43:09,76.15,209,2
2026-06-29,000333,09:43:12,76.18,270,2
2026-06-29,000333,09:43:15,76.24,699,2
2026-06-29,000333,09:43:18,76.32,2299,2
2026-06-29,000333,09:43:21,76.40,1431,2
2026-06-29,000333,09:43:24,76.34,306,1
2026-06-29,000333,09:43:27,76.30,290,1
2026-06-29,000333,09:43:30,76.34,427,2
2026-06-29,000333,09:43:33,76.38,93,2
2026-06-29,000333,09:43:36,76.41,75,2
2026-06-29,000333,09:43:39,76.41,137,1
2026-06-29,000333,09:43:42,76.40,523,1
2026-06-29,000333,09:43:45,76.39,543,1
2026-06-29,000333,09:43:48,76.37,150,2
2026-06-29,000333,09:43:51,76.37,344,2
2026-06-29,000333,09:43:54,76.37,192,2
2026-06-29,000333,09:43:57,76.37,336,1
2026-06-29,000333,09:44:00,76.37,161,2
2026-06-29,000333,09:44:03,76.40,53,2
2026-06-29,000333,09:44:06,76.40,151,2
2026-06-29,000333,09:44:09,76.40,363,1
2026-06-29,000333,09:44:12,76.45,110,2
2026-06-29,000333,09:44:15,76.47,117,2
2026-06-29,000333,09:44:18,76.47,125,2
2026-06-29,000333,09:44:21,76.47,80,2
2026-06-29,000333,09:44:24,76.47,307,1
2026-06-29,000333,09:44:27,76.46,867,1
2026-06-29,000333,09:44:30,76.47,177,2
2026-06-29,000333,09:44:33,76.45,666,1
2026-06-29,000333,09:44:36,76.48,323,2
2026-06-29,000333,09:44:39,76.48,132,1
2026-06-29,000333,09:44:42,76.46,264,1
2026-06-29,000333,09:44:45,76.46,222,2
2026-06-29,000333,09:44:48,76.47,293,2
2026-06-29,000333,09:44:51,76.47,123,2
2026-06-29,000333,09:44:54,76.47,391,1
2026-06-29,000333,09:44:57,76.46,158,1
2026-06-29,000333,09:45:00,76.39,608,1
2026-06-29,000333,09:45:03,76.29,583,1
2026-06-29,000333,09:45:06,76.30,117,2
2026-06-29,000333,09:45:09,76.36,225,2
2026-06-29,000333,09:45:12,76.35,76,1
2026-06-29,000333,09:45:15,76.36,137,2
2026-06-29,000333,09:45:18,76.37,351,2
2026-06-29,000333,09:45:21,76.38,75,2
2026-06-29,000333,09:45:24,76.40,84,2
2026-06-29,000333,09:45:27,76.37,243,1
2026-06-29,000333,09:45:30,76.37,136,2
2026-06-29,000333,09:45:33,76.37,176,2
2026-06-29,000333,09:45:36,76.37,213,1
2026-06-29,000333,09:45:39,76.36,236,1
2026-06-29,000333,09:45:42,76.34,64,1
2026-06-29,000333,09:45:45,76.37,242,2
2026-06-29,000333,09:45:48,76.36,184,1
2026-06-29,000333,09:45:51,76.35,270,2
2026-06-29,000333,09:45:54,76.33,150,1
2026-06-29,000333,09:45:57,76.29,660,1
2026-06-29,000333,09:46:00,76.32,472,2
2026-06-29,000333,09:46:03,76.32,41,2
2026-06-29,000333,09:46:06,76.32,434,2
2026-06-29,000333,09:46:09,76.32,138,1
2026-06-29,000333,09:46:12,76.33,129,2
2026-06-29,000333,09:46:15,76.34,126,2
2026-06-29,000333,09:46:18,76.34,63,1
2026-06-29,000333,09:46:21,76.36,334,2
2026-06-29,000333,09:46:24,76.36,101,2
2026-06-29,000333,09:46:27,76.37,381,2
2026-06-29,000333,09:46:30,76.33,374,1
2026-06-29,000333,09:46:33,76.33,247,2
2026-06-29,000333,09:46:36,76.31,364,1
2026-06-29,000333,09:46:39,76.31,61,2
2026-06-29,000333,09:46:42,76.21,353,1
2026-06-29,000333,09:46:45,76.16,94,1
2026-06-29,000333,09:46:48,76.16,144,1
2026-06-29,000333,09:46:51,76.13,152,1
2026-06-29,000333,09:46:54,76.15,81,2
2026-06-29,000333,09:46:57,76.13,150,1
2026-06-29,000333,09:47:00,76.19,92,2
2026-06-29,000333,09:47:03,76.18,83,1
2026-06-29,000333,09:47:06,76.19,256,2
2026-06-29,000333,09:47:09,76.22,132,2
2026-06-29,000333,09:47:12,76.24,62,2
2026-06-29,000333,09:47:15,76.25,111,2
2026-06-29,000333,09:47:18,76.27,76,2
2026-06-29,000333,09:47:21,76.27,293,1
2026-06-29,000333,09:47:24,76.24,226,1
2026-06-29,000333,09:47:27,76.23,167,1
2026-06-29,000333,09:47:30,76.23,166,2
2026-06-29,000333,09:47:33,76.22,187,1
2026-06-29,000333,09:47:36,76.22,186,2
2026-06-29,000333,09:47:39,76.20,173,1
2026-06-29,000333,09:47:42,76.19,302,1
2026-06-29,000333,09:47:45,76.20,94,2
2026-06-29,000333,09:47:48,76.20,113,2
2026-06-29,000333,09:47:51,76.20,191,2
2026-06-29,000333,09:47:54,76.20,87,2
2026-06-29,000333,09:47:57,76.20,93,2
2026-06-29,000333,09:48:00,76.20,78,2
2026-06-29,000333,09:48:03,76.21,46,2
2026-06-29,000333,09:48:06,76.20,223,1
2026-06-29,000333,09:48:09,76.22,71,2
2026-06-29,000333,09:48:12,76.20,156,1
2026-06-29,000333,09:48:15,76.23,116,2
2026-06-29,000333,09:48:18,76.23,112,2
2026-06-29,000333,09:48:21,76.24,96,2
2026-06-29,000333,09:48:24,76.23,109,1
2026-06-29,000333,09:48:27,76.23,119,1
2026-06-29,000333,09:48:30,76.22,186,1
2026-06-29,000333,09:48:33,76.22,135,2
2026-06-29,000333,09:48:36,76.22,78,1
2026-06-29,000333,09:48:39,76.22,196,1
2026-06-29,000333,09:48:42,76.22,192,1
2026-06-29,000333,09:48:45,76.22,164,2
2026-06-29,000333,09:48:48,76.20,163,1
2026-06-29,000333,09:48:51,76.20,126,2
2026-06-29,000333,09:48:54,76.21,105,2
2026-06-29,000333,09:48:57,76.20,82,1
2026-06-29,000333,09:49:00,76.21,97,2
2026-06-29,000333,09:49:03,76.22,220,2
2026-06-29,000333,09:49:06,76.23,231,2
2026-06-29,000333,09:49:09,76.23,917,2
2026-06-29,000333,09:49:12,76.24,100,2
2026-06-29,000333,09:49:15,76.29,83,2
2026-06-29,000333,09:49:18,76.30,175,2
2026-06-29,000333,09:49:21,76.35,508,2
2026-06-29,000333,09:49:24,76.37,104,2
2026-06-29,000333,09:49:27,76.39,282,2
2026-06-29,000333,09:49:30,76.39,165,2
2026-06-29,000333,09:49:33,76.39,855,1
2026-06-29,000333,09:49:36,76.36,147,1
2026-06-29,000333,09:49:39,76.39,299,2
2026-06-29,000333,09:49:42,76.39,53,1
2026-06-29,000333,09:49:45,76.39,123,1
2026-06-29,000333,09:49:48,76.42,87,2
2026-06-29,000333,09:49:51,76.40,402,1
2026-06-29,000333,09:49:54,76.39,57,1
2026-06-29,000333,09:49:57,76.39,135,1
2026-06-29,000333,09:50:00,76.40,158,2
2026-06-29,000333,09:50:03,76.40,524,2
2026-06-29,000333,09:50:06,76.44,130,2
2026-06-29,000333,09:50:09,76.41,87,1
2026-06-29,000333,09:50:12,76.44,88,2
2026-06-29,000333,09:50:15,76.44,41,2
2026-06-29,000333,09:50:18,76.44,349,2
2026-06-29,000333,09:50:21,76.40,294,1
2026-06-29,000333,09:50:24,76.44,435,2
2026-06-29,000333,09:50:27,76.39,260,1
2026-06-29,000333,09:50:30,76.40,268,2
2026-06-29,000333,09:50:33,76.41,279,2
2026-06-29,000333,09:50:36,76.40,56,1
2026-06-29,000333,09:50:39,76.40,77,1
2026-06-29,000333,09:50:42,76.41,97,2
2026-06-29,000333,09:50:45,76.42,150,2
2026-06-29,000333,09:50:48,76.42,781,1
2026-06-29,000333,09:50:51,76.34,356,1
2026-06-29,000333,09:50:54,76.36,84,2
2026-06-29,000333,09:50:57,76.36,131,1
2026-06-29,000333,09:51:00,76.37,30,2
2026-06-29,000333,09:51:03,76.36,113,2
2026-06-29,000333,09:51:06,76.38,168,2
2026-06-29,000333,09:51:09,76.34,327,1
2026-06-29,000333,09:51:12,76.34,33,2
2026-06-29,000333,09:51:15,76.34,94,2
2026-06-29,000333,09:51:18,76.35,175,2
2026-06-29,000333,09:51:21,76.28,128,1
2026-06-29,000333,09:51:24,76.30,102,2
2026-06-29,000333,09:51:27,76.30,110,2
2026-06-29,000333,09:51:30,76.34,248,2
2026-06-29,000333,09:51:33,76.30,104,1
2026-06-29,000333,09:51:36,76.30,39,2
2026-06-29,000333,09:51:39,76.28,35,1
2026-06-29,000333,09:51:42,76.28,134,1
2026-06-29,000333,09:51:45,76.28,381,2
2026-06-29,000333,09:51:48,76.28,135,2
2026-06-29,000333,09:51:51,76.27,201,1
2026-06-29,000333,09:51:54,76.27,54,2
2026-06-29,000333,09:51:57,76.27,242,2
2026-06-29,000333,09:52:00,76.25,223,1
2026-06-29,000333,09:52:03,76.25,373,2
2026-06-29,000333,09:52:06,76.24,58,1
2026-06-29,000333,09:52:09,76.26,173,2
2026-06-29,000333,09:52:12,76.26,237,2
2026-06-29,000333,09:52:15,76.25,63,1
2026-06-29,000333,09:52:18,76.25,155,2
2026-06-29,000333,09:52:21,76.26,308,2
2026-06-29,000333,09:52:24,76.28,226,2
2026-06-29,000333,09:52:27,76.28,173,2
2026-06-29,000333,09:52:30,76.29,245,2
2026-06-29,000333,09:52:33,76.30,96,2
2026-06-29,000333,09:52:36,76.29,45,1
2026-06-29,000333,09:52:39,76.30,444,1
2026-06-29,000333,09:52:42,76.30,73,2
2026-06-29,000333,09:52:45,76.29,17,1
2026-06-29,000333,09:52:48,76.29,189,1
2026-06-29,000333,09:52:51,76.27,386,1
2026-06-29,000333,09:52:54,76.27,224,1
2026-06-29,000333,09:52:57,76.27,35,2
2026-06-29,000333,09:53:00,76.27,85,2
2026-06-29,000333,09:53:03,76.26,271,1
2026-06-29,000333,09:53:06,76.24,51,1
2026-06-29,000333,09:53:09,76.24,83,1
2026-06-29,000333,09:53:12,76.24,57,2
2026-06-29,000333,09:53:15,76.24,139,2
2026-06-29,000333,09:53:18,76.23,86,1
2026-06-29,000333,09:53:21,76.23,52,1
2026-06-29,000333,09:53:24,76.24,148,2
2026-06-29,000333,09:53:27,76.23,243,1
2026-06-29,000333,09:53:30,76.22,176,1
2026-06-29,000333,09:53:33,76.22,121,1
2026-06-29,000333,09:53:36,76.21,24,1
2026-06-29,000333,09:53:39,76.22,76,2
2026-06-29,000333,09:53:42,76.20,43,1
2026-06-29,000333,09:53:45,76.21,66,2
2026-06-29,000333,09:53:48,76.21,180,1
2026-06-29,000333,09:53:51,76.21,509,2
2026-06-29,000333,09:53:54,76.21,229,2
2026-06-29,000333,09:53:57,76.19,1160,1
2026-06-29,000333,09:54:00,76.19,437,1
2026-06-29,000333,09:54:03,76.19,228,2
2026-06-29,000333,09:54:06,76.18,188,1
2026-06-29,000333,09:54:09,76.18,67,2
2026-06-29,000333,09:54:12,76.17,147,1
2026-06-29,000333,09:54:15,76.22,745,2
2026-06-29,000333,09:54:18,76.23,226,2
2026-06-29,000333,09:54:21,76.23,42,2
2026-06-29,000333,09:54:24,76.24,112,2
2026-06-29,000333,09:54:27,76.26,140,2
2026-06-29,000333,09:54:30,76.27,141,2
2026-06-29,000333,09:54:33,76.28,150,2
2026-06-29,000333,09:54:36,76.28,18,1
2026-06-29,000333,09:54:39,76.24,266,1
2026-06-29,000333,09:54:42,76.24,95,2
2026-06-29,000333,09:54:45,76.24,36,2
2026-06-29,000333,09:54:48,76.26,59,2
2026-06-29,000333,09:54:51,76.26,126,1
2026-06-29,000333,09:54:54,76.27,419,2
2026-06-29,000333,09:54:57,76.26,286,1
2026-06-29,000333,09:55:00,76.20,505,1
2026-06-29,000333,09:55:03,76.12,329,1
2026-06-29,000333,09:55:06,76.15,97,2
2026-06-29,000333,09:55:09,76.20,26,2
2026-06-29,000333,09:55:12,76.17,14,1
2026-06-29,000333,09:55:15,76.18,43,2
2026-06-29,000333,09:55:18,76.17,34,1
2026-06-29,000333,09:55:21,76.18,22,1
2026-06-29,000333,09:55:24,76.19,19,2
2026-06-29,000333,09:55:27,76.20,195,2
2026-06-29,000333,09:55:30,76.20,35,2
2026-06-29,000333,09:55:33,76.20,52,2
2026-06-29,000333,09:55:36,76.19,141,1
2026-06-29,000333,09:55:39,76.20,50,2
2026-06-29,000333,09:55:42,76.19,47,2
2026-06-29,000333,09:55:45,76.19,29,2
2026-06-29,000333,09:55:48,76.20,152,2
2026-06-29,000333,09:55:51,76.19,41,1
2026-06-29,000333,09:55:54,76.19,158,1
2026-06-29,000333,09:55:57,76.20,77,2
2026-06-29,000333,09:56:00,76.19,108,1
2026-06-29,000333,09:56:03,76.22,2443,2
2026-06-29,000333,09:56:06,76.20,197,1
2026-06-29,000333,09:56:09,76.26,115,2
2026-06-29,000333,09:56:12,76.26,139,2
2026-06-29,000333,09:56:15,76.27,75,2
2026-06-29,000333,09:56:18,76.28,205,2
2026-06-29,000333,09:56:21,76.28,22,2
2026-06-29,000333,09:56:24,76.28,127,2
2026-06-29,000333,09:56:27,76.28,69,2
2026-06-29,000333,09:56:30,76.28,82,2
2026-06-29,000333,09:56:33,76.28,117,2
2026-06-29,000333,09:56:36,76.28,73,2
2026-06-29,000333,09:56:39,76.29,269,2
2026-06-29,000333,09:56:42,76.28,149,1
2026-06-29,000333,09:56:45,76.30,2340,2
2026-06-29,000333,09:56:48,76.38,181,2
2026-06-29,000333,09:56:51,76.40,221,2
2026-06-29,000333,09:56:54,76.43,378,2
2026-06-29,000333,09:56:57,76.42,15,1
2026-06-29,000333,09:57:00,76.45,153,2
2026-06-29,000333,09:57:03,76.40,513,1
2026-06-29,000333,09:57:06,76.43,164,2
2026-06-29,000333,09:57:09,76.39,73,1
2026-06-29,000333,09:57:12,76.39,370,1
2026-06-29,000333,09:57:15,76.44,119,2
2026-06-29,000333,09:57:18,76.44,145,2
2026-06-29,000333,09:57:21,76.40,221,1
2026-06-29,000333,09:57:24,76.41,145,2
2026-06-29,000333,09:57:27,76.40,222,1
2026-06-29,000333,09:57:30,76.41,187,2
2026-06-29,000333,09:57:33,76.42,380,2
2026-06-29,000333,09:57:36,76.44,107,2
2026-06-29,000333,09:57:39,76.43,200,2
2026-06-29,000333,09:57:42,76.43,38,2
2026-06-29,000333,09:57:45,76.40,247,1
2026-06-29,000333,09:57:48,76.39,170,1
2026-06-29,000333,09:57:51,76.39,148,1
2026-06-29,000333,09:57:54,76.38,25,1
2026-06-29,000333,09:57:57,76.33,26,1
2026-06-29,000333,09:58:00,76.40,69,2
2026-06-29,000333,09:58:03,76.38,181,2
2026-06-29,000333,09:58:06,76.38,41,2
2026-06-29,000333,09:58:09,76.37,259,1
2026-06-29,000333,09:58:12,76.35,41,1
2026-06-29,000333,09:58:15,76.36,263,2
2026-06-29,000333,09:58:18,76.36,228,1
2026-06-29,000333,09:58:21,76.34,24,1
2026-06-29,000333,09:58:24,76.35,41,2
2026-06-29,000333,09:58:27,76.35,36,2
2026-06-29,000333,09:58:30,76.35,86,2
2026-06-29,000333,09:58:33,76.35,113,1
2026-06-29,000333,09:58:36,76.35,81,1
2026-06-29,000333,09:58:39,76.35,84,1
2026-06-29,000333,09:58:42,76.35,145,2
2026-06-29,000333,09:58:45,76.33,128,1
2026-06-29,000333,09:58:48,76.32,99,1
2026-06-29,000333,09:58:51,76.32,94,1
2026-06-29,000333,09:58:54,76.32,83,2
2026-06-29,000333,09:58:57,76.29,91,1
2026-06-29,000333,09:59:00,76.30,38,2
2026-06-29,000333,09:59:03,76.30,82,2
2026-06-29,000333,09:59:06,76.29,44,1
2026-06-29,000333,09:59:09,76.29,100,2
2026-06-29,000333,09:59:12,76.29,243,1
2026-06-29,000333,09:59:15,76.25,202,1
2026-06-29,000333,09:59:18,76.25,121,2
2026-06-29,000333,09:59:21,76.29,58,2
2026-06-29,000333,09:59:24,76.25,61,1
2026-06-29,000333,09:59:27,76.28,98,2
2026-06-29,000333,09:59:30,76.28,47,1
2026-06-29,000333,09:59:33,76.27,126,1
2026-06-29,000333,09:59:36,76.27,49,1
2026-06-29,000333,09:59:39,76.28,25,2
2026-06-29,000333,09:59:42,76.29,7,2
2026-06-29,000333,09:59:45,76.29,56,2
2026-06-29,000333,09:59:48,76.29,123,1
2026-06-29,000333,09:59:51,76.29,52,1
2026-06-29,000333,09:59:54,76.29,96,2
2026-06-29,000333,09:59:57,76.29,42,1
2026-06-29,000333,10:00:00,76.28,11,1
2026-06-29,000333,10:00:03,76.29,108,2
2026-06-29,000333,10:00:06,76.28,52,1
2026-06-29,000333,10:00:09,76.29,49,2
2026-06-29,000333,10:00:12,76.28,94,1
2026-06-29,000333,10:00:15,76.30,126,2
2026-06-29,000333,10:00:18,76.21,497,1
2026-06-29,000333,10:00:21,76.19,469,1
2026-06-29,000333,10:00:24,76.16,33,2
2026-06-29,000333,10:00:27,76.14,45,1
2026-06-29,000333,10:00:30,76.16,47,2
2026-06-29,000333,10:00:33,76.14,49,1
2026-06-29,000333,10:00:36,76.11,107,1
2026-06-29,000333,10:00:39,76.06,330,1
2026-06-29,000333,10:00:42,76.04,363,1
2026-06-29,000333,10:00:45,76.04,103,2
2026-06-29,000333,10:00:48,76.01,231,1
2026-06-29,000333,10:00:51,76.03,173,2
2026-06-29,000333,10:00:54,76.04,59,2
2026-06-29,000333,10:00:57,76.05,97,2
2026-06-29,000333,10:01:00,76.05,30,1
2026-06-29,000333,10:01:03,76.06,98,2
2026-06-29,000333,10:01:06,76.06,225,2
2026-06-29,000333,10:01:09,76.06,53,2
2026-06-29,000333,10:01:12,76.06,125,2
2026-06-29,000333,10:01:15,76.03,102,1
2026-06-29,000333,10:01:18,76.02,315,1
2026-06-29,000333,10:01:21,76.01,36,1
2026-06-29,000333,10:01:24,75.90,1279,1
2026-06-29,000333,10:01:27,75.93,47,2
2026-06-29,000333,10:01:30,75.92,67,1
2026-06-29,000333,10:01:33,75.90,146,1
2026-06-29,000333,10:01:36,75.88,108,1
2026-06-29,000333,10:01:39,75.88,65,1
2026-06-29,000333,10:01:42,75.88,167,2
2026-06-29,000333,10:01:45,75.88,81,1
2026-06-29,000333,10:01:48,75.87,148,1
2026-06-29,000333,10:01:51,75.87,194,1
2026-06-29,000333,10:01:54,75.86,101,1
2026-06-29,000333,10:01:57,75.87,116,2
2026-06-29,000333,10:02:00,75.86,83,1
2026-06-29,000333,10:02:03,75.84,160,1
2026-06-29,000333,10:02:06,75.86,430,2
2026-06-29,000333,10:02:09,75.83,48,1
2026-06-29,000333,10:02:12,75.80,152,1
2026-06-29,000333,10:02:15,75.80,743,1
2026-06-29,000333,10:02:18,75.77,156,1
2026-06-29,000333,10:02:21,75.74,54,1
2026-06-29,000333,10:02:24,75.75,57,2
2026-06-29,000333,10:02:27,75.77,124,2
2026-06-29,000333,10:02:30,75.77,87,1
2026-06-29,000333,10:02:33,75.78,166,2
2026-06-29,000333,10:02:36,75.77,142,1
2026-06-29,000333,10:02:39,75.79,92,2
2026-06-29,000333,10:02:42,75.78,50,1
2026-06-29,000333,10:02:45,75.80,51,2
2026-06-29,000333,10:02:48,75.79,107,1
2026-06-29,000333,10:02:51,75.80,117,2
2026-06-29,000333,10:02:54,75.79,44,1
2026-06-29,000333,10:02:57,75.79,102,1
2026-06-29,000333,10:03:00,75.78,244,1
2026-06-29,000333,10:03:03,75.79,119,1
2026-06-29,000333,10:03:06,75.80,48,2
2026-06-29,000333,10:03:09,75.83,1599,2
2026-06-29,000333,10:03:12,75.85,702,2
2026-06-29,000333,10:03:15,75.86,34,2
2026-06-29,000333,10:03:18,75.92,215,2
2026-06-29,000333,10:03:21,75.91,135,2
2026-06-29,000333,10:03:24,75.92,110,2
2026-06-29,000333,10:03:27,76.01,18,2
2026-06-29,000333,10:03:30,75.98,24,1
2026-06-29,000333,10:03:33,76.01,55,2
2026-06-29,000333,10:03:36,76.02,183,2
2026-06-29,000333,10:03:39,76.07,8,2
2026-06-29,000333,10:03:42,76.08,113,2
2026-06-29,000333,10:03:45,76.16,31,2
2026-06-29,000333,10:03:48,76.10,151,1
2026-06-29,000333,10:03:51,76.11,101,2
2026-06-29,000333,10:03:54,76.11,163,1
2026-06-29,000333,10:03:57,76.09,132,1
2026-06-29,000333,10:04:00,76.10,131,2
2026-06-29,000333,10:04:03,76.11,42,2
2026-06-29,000333,10:04:06,76.12,296,2
2026-06-29,000333,10:04:09,76.08,357,1
2026-06-29,000333,10:04:12,76.14,139,2
2026-06-29,000333,10:04:15,76.13,23,1
2026-06-29,000333,10:04:18,76.11,58,1
2026-06-29,000333,10:04:21,76.13,23,2
2026-06-29,000333,10:04:24,76.11,94,1
2026-06-29,000333,10:04:27,76.09,153,1
2026-06-29,000333,10:04:30,76.11,103,2
2026-06-29,000333,10:04:33,76.11,18,2
2026-06-29,000333,10:04:36,76.10,53,1
2026-06-29,000333,10:04:39,76.11,73,2
2026-06-29,000333,10:04:42,76.10,240,1
2026-06-29,000333,10:04:45,76.07,62,1
2026-06-29,000333,10:04:48,76.07,67,1
2026-06-29,000333,10:04:51,76.13,115,2
2026-06-29,000333,10:04:54,76.20,88,2
2026-06-29,000333,10:04:57,76.20,17,2
2026-06-29,000333,10:05:00,76.20,42,2
2026-06-29,000333,10:05:03,76.20,103,2
2026-06-29,000333,10:05:06,76.19,240,1
2026-06-29,000333,10:05:09,76.14,47,1
2026-06-29,000333,10:05:12,76.18,154,2
2026-06-29,000333,10:05:15,76.12,263,1
2026-06-29,000333,10:05:18,76.10,220,1
2026-06-29,000333,10:05:21,76.09,120,1
2026-06-29,000333,10:05:24,76.05,395,1
2026-06-29,000333,10:05:27,76.06,60,2
2026-06-29,000333,10:05:30,76.06,6,2
2026-06-29,000333,10:05:33,76.05,58,1
2026-06-29,000333,10:05:36,76.06,137,2
2026-06-29,000333,10:05:39,76.05,30,1
2026-06-29,000333,10:05:42,76.06,117,2
2026-06-29,000333,10:05:45,76.04,70,1
2026-06-29,000333,10:05:48,76.04,272,1
2026-06-29,000333,10:05:51,76.01,171,1
2026-06-29,000333,10:05:54,75.95,414,1
2026-06-29,000333,10:05:57,75.89,112,1
2026-06-29,000333,10:06:00,75.89,26,1
2026-06-29,000333,10:06:03,75.84,150,1
2026-06-29,000333,10:06:06,75.83,36,1
2026-06-29,000333,10:06:09,75.84,125,2
2026-06-29,000333,10:06:12,75.85,117,2
2026-06-29,000333,10:06:15,75.84,123,1
2026-06-29,000333,10:06:18,75.85,429,2
2026-06-29,000333,10:06:21,75.85,142,2
2026-06-29,000333,10:06:24,75.85,613,2
2026-06-29,000333,10:06:27,75.84,182,1
2026-06-29,000333,10:06:30,75.85,313,2
2026-06-29,000333,10:06:33,75.85,109,2
2026-06-29,000333,10:06:36,75.85,126,2
2026-06-29,000333,10:06:39,75.84,89,1
2026-06-29,000333,10:06:42,75.82,508,1
2026-06-29,000333,10:06:45,75.80,262,1
2026-06-29,000333,10:06:48,75.78,144,1
2026-06-29,000333,10:06:51,75.78,89,1
2026-06-29,000333,10:06:54,75.79,34,2
2026-06-29,000333,10:06:57,75.79,171,2
2026-06-29,000333,10:07:00,75.78,156,1
2026-06-29,000333,10:07:03,75.78,269,1
2026-06-29,000333,10:07:06,75.78,357,1
2026-06-29,000333,10:07:09,75.76,138,1
2026-06-29,000333,10:07:12,75.76,306,1
2026-06-29,000333,10:07:15,75.77,76,2
2026-06-29,000333,10:07:18,75.77,42,2
2026-06-29,000333,10:07:21,75.75,364,1
2026-06-29,000333,10:07:24,75.75,92,1
2026-06-29,000333,10:07:27,75.73,229,1
2026-06-29,000333,10:07:30,75.74,152,2
2026-06-29,000333,10:07:33,75.73,36,1
2026-06-29,000333,10:07:36,75.73,98,2
2026-06-29,000333,10:07:39,75.72,117,1
2026-06-29,000333,10:07:42,75.75,1273,2
2026-06-29,000333,10:07:45,75.76,124,2
2026-06-29,000333,10:07:48,75.74,247,1
2026-06-29,000333,10:07:51,75.86,2196,2
2026-06-29,000333,10:07:54,75.90,161,2
2026-06-29,000333,10:07:57,75.98,231,2
2026-06-29,000333,10:08:00,76.08,92,2
2026-06-29,000333,10:08:03,76.01,145,1
2026-06-29,000333,10:08:06,76.14,48,2
2026-06-29,000333,10:08:09,76.13,75,1
2026-06-29,000333,10:08:12,76.13,22,2
2026-06-29,000333,10:08:15,76.07,754,1
2026-06-29,000333,10:08:18,76.02,284,1
2026-06-29,000333,10:08:21,76.07,61,2
2026-06-29,000333,10:08:24,76.01,37,1
2026-06-29,000333,10:08:27,76.03,57,2
2026-06-29,000333,10:08:30,76.00,78,1
2026-06-29,000333,10:08:33,76.01,210,1
2026-06-29,000333,10:08:36,76.00,41,2
2026-06-29,000333,10:08:39,76.01,24,2
2026-06-29,000333,10:08:42,76.01,551,1
2026-06-29,000333,10:08:45,76.01,123,1
2026-06-29,000333,10:08:48,76.01,102,2
2026-06-29,000333,10:08:51,76.01,80,2
2026-06-29,000333,10:08:54,76.00,67,1
2026-06-29,000333,10:08:57,76.00,126,1
2026-06-29,000333,10:09:00,75.99,106,1
2026-06-29,000333,10:09:03,76.00,203,2
2026-06-29,000333,10:09:06,76.00,125,2
2026-06-29,000333,10:09:09,76.00,98,1
2026-06-29,000333,10:09:12,76.02,44,2
2026-06-29,000333,10:09:15,76.04,49,2
2026-06-29,000333,10:09:18,76.06,17,2
2026-06-29,000333,10:09:21,76.06,39,2
2026-06-29,000333,10:09:24,76.06,62,1
2026-06-29,000333,10:09:27,76.09,62,2
2026-06-29,000333,10:09:30,76.09,28,2
2026-06-29,000333,10:09:33,76.09,167,2
2026-06-29,000333,10:09:36,76.10,88,2
2026-06-29,000333,10:09:39,76.10,11,2
2026-06-29,000333,10:09:42,76.10,103,2
2026-06-29,000333,10:09:45,76.09,112,1
2026-06-29,000333,10:09:48,76.09,138,1
2026-06-29,000333,10:09:51,76.09,53,1
2026-06-29,000333,10:09:54,76.11,83,2
2026-06-29,000333,10:09:57,76.14,28,2
2026-06-29,000333,10:10:00,76.14,14,2
2026-06-29,000333,10:10:03,76.15,91,2
2026-06-29,000333,10:10:06,76.14,159,1
2026-06-29,000333,10:10:09,76.17,35,2
2026-06-29,000333,10:10:12,76.11,273,1
2026-06-29,000333,10:10:15,76.13,116,2
2026-06-29,000333,10:10:18,76.14,31,2
2026-06-29,000333,10:10:21,76.15,116,2
2026-06-29,000333,10:10:24,76.16,132,2
2026-06-29,000333,10:10:27,76.20,44,2
2026-06-29,000333,10:10:30,76.20,62,2
2026-06-29,000333,10:10:33,76.19,210,1
2026-06-29,000333,10:10:36,76.18,51,2
2026-06-29,000333,10:10:39,76.18,42,2
2026-06-29,000333,10:10:42,76.18,316,1
2026-06-29,000333,10:10:45,76.18,70,1
2026-06-29,000333,10:10:48,76.16,272,1
2026-06-29,000333,10:10:51,76.18,145,2
2026-06-29,000333,10:10:54,76.16,87,1
2026-06-29,000333,10:10:57,76.17,19,2
2026-06-29,000333,10:11:00,76.17,28,2
2026-06-29,000333,10:11:03,76.18,360,2
2026-06-29,000333,10:11:06,76.18,238,2
2026-06-29,000333,10:11:09,76.17,150,1
2026-06-29,000333,10:11:12,76.18,39,2
2026-06-29,000333,10:11:15,76.18,103,2
2026-06-29,000333,10:11:18,76.20,93,2
2026-06-29,000333,10:11:21,76.20,123,2
2026-06-29,000333,10:11:24,76.20,292,2
2026-06-29,000333,10:11:27,76.20,483,2
2026-06-29,000333,10:11:30,76.17,230,1
2026-06-29,000333,10:11:33,76.15,231,1
2026-06-29,000333,10:11:36,76.11,140,1
2026-06-29,000333,10:11:39,76.08,166,1
2026-06-29,000333,10:11:42,76.08,63,2
2026-06-29,000333,10:11:45,76.08,51,2
2026-06-29,000333,10:11:48,76.09,74,2
2026-06-29,000333,10:11:51,76.12,40,2
2026-06-29,000333,10:11:54,76.13,89,2
2026-06-29,000333,10:11:57,76.16,63,2
2026-06-29,000333,10:12:00,76.17,63,2
2026-06-29,000333,10:12:03,76.14,27,1
2026-06-29,000333,10:12:06,76.06,385,1
2026-06-29,000333,10:12:09,76.06,49,2
2026-06-29,000333,10:12:12,76.05,33,1
2026-06-29,000333,10:12:15,76.06,50,2
2026-06-29,000333,10:12:18,76.09,41,2
2026-06-29,000333,10:12:21,76.10,42,2
2026-06-29,000333,10:12:24,76.14,60,2
2026-06-29,000333,10:12:27,76.13,32,1
2026-06-29,000333,10:12:30,76.13,93,2
2026-06-29,000333,10:12:33,76.14,76,2
2026-06-29,000333,10:12:36,76.14,93,2
2026-06-29,000333,10:12:39,76.12,198,1
2026-06-29,000333,10:12:42,76.05,217,1
2026-06-29,000333,10:12:45,76.01,324,1
2026-06-29,000333,10:12:48,75.96,452,1
2026-06-29,000333,10:12:51,75.96,66,2
2026-06-29,000333,10:12:54,75.97,61,2
2026-06-29,000333,10:12:57,75.98,108,2
2026-06-29,000333,10:13:00,75.93,184,1
2026-06-29,000333,10:13:03,75.93,185,2
2026-06-29,000333,10:13:06,75.93,60,2
2026-06-29,000333,10:13:09,75.93,194,2
2026-06-29,000333,10:13:12,75.93,189,2
2026-06-29,000333,10:13:15,75.91,264,1
2026-06-29,000333,10:13:18,75.90,43,1
2026-06-29,000333,10:13:21,75.91,43,2
2026-06-29,000333,10:13:24,75.92,139,2
2026-06-29,000333,10:13:27,75.91,81,1
2026-06-29,000333,10:13:30,75.93,712,2
2026-06-29,000333,10:13:33,75.95,212,2
2026-06-29,000333,10:13:36,76.00,48,2
2026-06-29,000333,10:13:39,76.04,100,2
2026-06-29,000333,10:13:42,76.00,194,1
2026-06-29,000333,10:13:45,76.02,228,2
2026-06-29,000333,10:13:48,76.04,150,2
2026-06-29,000333,10:13:51,76.04,65,2
2026-06-29,000333,10:13:54,76.03,170,1
2026-06-29,000333,10:13:57,75.98,109,1
2026-06-29,000333,10:14:00,75.96,249,1
2026-06-29,000333,10:14:03,75.98,149,2
2026-06-29,000333,10:14:06,75.95,143,1
2026-06-29,000333,10:14:09,75.91,275,1
2026-06-29,000333,10:14:12,75.97,114,2
2026-06-29,000333,10:14:15,75.95,111,1
2026-06-29,000333,10:14:18,75.95,78,1
2026-06-29,000333,10:14:21,75.91,285,1
2026-06-29,000333,10:14:24,75.95,31,2
2026-06-29,000333,10:14:27,75.99,65,2
2026-06-29,000333,10:14:30,75.92,164,1
2026-06-29,000333,10:14:33,75.91,233,1
2026-06-29,000333,10:14:36,75.91,216,2
2026-06-29,000333,10:14:39,75.93,268,2
2026-06-29,000333,10:14:42,75.94,77,1
2026-06-29,000333,10:14:45,75.92,138,1
2026-06-29,000333,10:14:48,75.91,239,1
2026-06-29,000333,10:14:51,75.92,458,1
2026-06-29,000333,10:14:54,75.92,117,2
2026-06-29,000333,10:14:57,75.93,58,2
2026-06-29,000333,10:15:00,75.94,149,2
2026-06-29,000333,10:15:03,75.94,229,1
2026-06-29,000333,10:15:06,75.95,155,2
2026-06-29,000333,10:15:09,75.93,73,1
2026-06-29,000333,10:15:12,75.95,71,2
2026-06-29,000333,10:15:15,75.98,295,2
2026-06-29,000333,10:15:18,76.00,195,2
2026-06-29,000333,10:15:21,76.01,93,2
2026-06-29,000333,10:15:24,76.02,51,2
2026-06-29,000333,10:15:27,76.05,82,2
2026-06-29,000333,10:15:30,76.05,183,2
2026-06-29,000333,10:15:33,76.08,27,2
2026-06-29,000333,10:15:36,76.09,40,2
2026-06-29,000333,10:15:39,76.15,680,2
2026-06-29,000333,10:15:42,76.15,109,2
2026-06-29,000333,10:15:45,76.18,229,2
2026-06-29,000333,10:15:48,76.20,281,2
2026-06-29,000333,10:15:51,76.18,156,1
2026-06-29,000333,10:15:54,76.20,124,2
2026-06-29,000333,10:15:57,76.20,131,2
2026-06-29,000333,10:16:00,76.20,124,2
2026-06-29,000333,10:16:03,76.19,277,1
2026-06-29,000333,10:16:06,76.23,628,2
2026-06-29,000333,10:16:09,76.26,176,2
2026-06-29,000333,10:16:12,76.27,127,2
2026-06-29,000333,10:16:15,76.29,97,2
2026-06-29,000333,10:16:18,76.30,62,2
2026-06-29,000333,10:16:21,76.30,110,2
2026-06-29,000333,10:16:24,76.32,116,2
2026-06-29,000333,10:16:27,76.35,44,2
2026-06-29,000333,10:16:30,76.33,516,1
2026-06-29,000333,10:16:33,76.32,97,1
2026-06-29,000333,10:16:36,76.32,48,1
2026-06-29,000333,10:16:39,76.32,121,1
2026-06-29,000333,10:16:42,76.27,401,1
2026-06-29,000333,10:16:45,76.26,112,1
2026-06-29,000333,10:16:48,76.30,31,2
2026-06-29,000333,10:16:51,76.29,33,1
2026-06-29,000333,10:16:54,76.29,32,2
2026-06-29,000333,10:16:57,76.28,37,2
2026-06-29,000333,10:17:00,76.30,251,2
2026-06-29,000333,10:17:03,76.29,208,1
2026-06-29,000333,10:17:06,76.31,324,2
2026-06-29,000333,10:17:09,76.36,403,2
2026-06-29,000333,10:17:12,76.37,111,2
2026-06-29,000333,10:17:15,76.38,340,2
2026-06-29,000333,10:17:18,76.42,467,2
2026-06-29,000333,10:17:21,76.45,852,2
2026-06-29,000333,10:17:24,76.49,251,2
2026-06-29,000333,10:17:27,76.50,295,2
2026-06-29,000333,10:17:30,76.48,276,1
2026-06-29,000333,10:17:33,76.50,441,2
2026-06-29,000333,10:17:36,76.50,784,2
2026-06-29,000333,10:17:39,76.50,466,2
2026-06-29,000333,10:17:42,76.49,193,1
2026-06-29,000333,10:17:45,76.49,278,2
2026-06-29,000333,10:17:48,76.50,670,2
2026-06-29,000333,10:17:51,76.50,605,2
2026-06-29,000333,10:17:54,76.53,362,2
2026-06-29,000333,10:17:57,76.54,408,2
2026-06-29,000333,10:18:00,76.57,169,2
2026-06-29,000333,10:18:03,76.59,181,2
2026-06-29,000333,10:18:06,76.62,939,2
2026-06-29,000333,10:18:09,76.66,276,2
2026-06-29,000333,10:18:12,76.68,131,2
2026-06-29,000333,10:18:15,76.68,424,2
2026-06-29,000333,10:18:18,76.67,129,1
2026-06-29,000333,10:18:21,76.68,419,2
2026-06-29,000333,10:18:24,76.69,181,2
2026-06-29,000333,10:18:27,76.70,183,2
2026-06-29,000333,10:18:30,76.71,187,2
2026-06-29,000333,10:18:33,76.73,78,2
2026-06-29,000333,10:18:36,76.73,131,1
2026-06-29,000333,10:18:39,76.72,198,1
2026-06-29,000333,10:18:42,76.73,453,2
2026-06-29,000333,10:18:45,76.73,203,1
2026-06-29,000333,10:18:48,76.73,362,1
2026-06-29,000333,10:18:51,76.74,172,2
2026-06-29,000333,10:18:54,76.74,343,1
2026-06-29,000333,10:18:57,76.74,289,2
2026-06-29,000333,10:19:00,76.73,123,1
2026-06-29,000333,10:19:03,76.72,190,1
2026-06-29,000333,10:19:06,76.73,352,2
2026-06-29,000333,10:19:09,76.75,403,2
2026-06-29,000333,10:19:12,76.87,1520,2
2026-06-29,000333,10:19:15,76.87,407,2
2026-06-29,000333,10:19:18,76.90,651,2
2026-06-29,000333,10:19:21,76.94,368,2
2026-06-29,000333,10:19:24,77.12,2780,2
2026-06-29,000333,10:19:27,77.16,690,2
2026-06-29,000333,10:19:30,77.28,471,2
2026-06-29,000333,10:19:33,77.34,721,2
2026-06-29,000333,10:19:36,77.34,1096,1
2026-06-29,000333,10:19:39,77.33,1037,1
2026-06-29,000333,10:19:42,77.34,885,2
2026-06-29,000333,10:19:45,77.34,333,2
2026-06-29,000333,10:19:48,77.30,624,1
2026-06-29,000333,10:19:51,77.32,472,2
2026-06-29,000333,10:19:54,77.33,490,2
2026-06-29,000333,10:19:57,77.33,383,2
2026-06-29,000333,10:20:00,77.37,991,2
2026-06-29,000333,10:20:03,77.40,1110,2
2026-06-29,000333,10:20:06,77.42,161,2
2026-06-29,000333,10:20:09,77.48,245,2
2026-06-29,000333,10:20:12,77.49,330,2
2026-06-29,000333,10:20:15,77.49,304,2
2026-06-29,000333,10:20:18,77.49,364,2
2026-06-29,000333,10:20:21,77.49,170,2
2026-06-29,000333,10:20:24,77.50,297,2
2026-06-29,000333,10:20:27,77.51,852,2
2026-06-29,000333,10:20:30,77.56,559,2
2026-06-29,000333,10:20:33,77.58,865,1
2026-06-29,000333,10:20:36,77.57,964,1
2026-06-29,000333,10:20:39,77.57,429,2
2026-06-29,000333,10:20:42,77.57,466,1
2026-06-29,000333,10:20:45,77.51,375,1
2026-06-29,000333,10:20:48,77.49,932,1
2026-06-29,000333,10:20:51,77.51,625,2
2026-06-29,000333,10:20:54,77.50,260,2
2026-06-29,000333,10:20:57,77.42,303,1
2026-06-29,000333,10:21:00,77.43,103,2
2026-06-29,000333,10:21:03,77.43,358,1
2026-06-29,000333,10:21:06,77.45,78,2
2026-06-29,000333,10:21:09,77.53,444,2
2026-06-29,000333,10:21:12,77.56,254,2
2026-06-29,000333,10:21:15,77.57,386,2
2026-06-29,000333,10:21:18,77.58,257,2
2026-06-29,000333,10:21:21,77.59,436,2
2026-06-29,000333,10:21:24,77.59,248,1
2026-06-29,000333,10:21:27,77.65,436,2
2026-06-29,000333,10:21:30,77.66,201,2
2026-06-29,000333,10:21:33,77.66,389,2
2026-06-29,000333,10:21:36,77.65,126,1
2026-06-29,000333,10:21:39,77.52,947,1
2026-06-29,000333,10:21:42,77.49,694,1
2026-06-29,000333,10:21:45,77.58,292,2
2026-06-29,000333,10:21:48,77.64,94,2
2026-06-29,000333,10:21:51,77.64,39,2
2026-06-29,000333,10:21:54,77.61,361,2
2026-06-29,000333,10:21:57,77.61,334,1
2026-06-29,000333,10:22:00,77.56,489,1
2026-06-29,000333,10:22:03,77.59,86,2
2026-06-29,000333,10:22:06,77.60,130,2
2026-06-29,000333,10:22:09,77.59,368,1
2026-06-29,000333,10:22:12,77.61,252,2
2026-06-29,000333,10:22:15,77.59,113,1
2026-06-29,000333,10:22:18,77.59,218,1
2026-06-29,000333,10:22:21,77.59,255,2
2026-06-29,000333,10:22:24,77.62,548,2
2026-06-29,000333,10:22:27,77.61,71,1
2026-06-29,000333,10:22:30,77.65,495,2
2026-06-29,000333,10:22:33,77.66,162,2
2026-06-29,000333,10:22:36,77.66,120,2
2026-06-29,000333,10:22:39,77.67,85,2
2026-06-29,000333,10:22:42,77.67,460,2
2026-06-29,000333,10:22:45,77.67,246,2
2026-06-29,000333,10:22:48,77.60,803,1
2026-06-29,000333,10:22:51,77.58,402,1
2026-06-29,000333,10:22:54,77.59,99,2
2026-06-29,000333,10:22:57,77.65,169,2
2026-06-29,000333,10:23:00,77.62,99,1
2026-06-29,000333,10:23:03,77.60,79,1
2026-06-29,000333,10:23:06,77.61,103,1
2026-06-29,000333,10:23:09,77.61,347,2
2026-06-29,000333,10:23:12,77.61,73,1
2026-06-29,000333,10:23:15,77.61,210,1
2026-06-29,000333,10:23:18,77.63,106,2
2026-06-29,000333,10:23:21,77.58,366,1
2026-06-29,000333,10:23:24,77.60,237,2
2026-06-29,000333,10:23:27,77.57,569,1
2026-06-29,000333,10:23:30,77.53,135,1
2026-06-29,000333,10:23:33,77.57,261,2
2026-06-29,000333,10:23:36,77.59,106,2
2026-06-29,000333,10:23:39,77.58,384,1
2026-06-29,000333,10:23:42,77.58,87,2
2026-06-29,000333,10:23:45,77.60,121,2
2026-06-29,000333,10:23:48,77.58,375,1
2026-06-29,000333,10:23:51,77.60,237,2
2026-06-29,000333,10:23:54,77.62,411,2
2026-06-29,000333,10:23:57,77.60,315,1
2026-06-29,000333,10:24:00,77.62,96,2
2026-06-29,000333,10:24:03,77.61,92,1
2026-06-29,000333,10:24:06,77.65,72,2
2026-06-29,000333,10:24:09,77.62,75,1
2026-06-29,000333,10:24:12,77.62,160,1
2026-06-29,000333,10:24:15,77.62,400,1
2026-06-29,000333,10:24:18,77.64,205,1
2026-06-29,000333,10:24:21,77.64,137,1
2026-06-29,000333,10:24:24,77.65,168,2
2026-06-29,000333,10:24:27,77.66,161,2
2026-06-29,000333,10:24:30,77.65,251,1
2026-06-29,000333,10:24:33,77.67,76,2
2026-06-29,000333,10:24:36,77.66,272,1
2026-06-29,000333,10:24:39,77.65,192,1
2026-06-29,000333,10:24:42,77.65,131,1
2026-06-29,000333,10:24:45,77.65,114,1
2026-06-29,000333,10:24:48,77.64,129,1
2026-06-29,000333,10:24:51,77.62,214,1
2026-06-29,000333,10:24:54,77.61,40,1
2026-06-29,000333,10:24:57,77.61,56,1
2026-06-29,000333,10:25:00,77.60,145,1
2026-06-29,000333,10:25:03,77.60,151,1
2026-06-29,000333,10:25:06,77.60,47,2
2026-06-29,000333,10:25:09,77.60,86,2
2026-06-29,000333,10:25:12,77.55,171,1
2026-06-29,000333,10:25:15,77.55,131,2
2026-06-29,000333,10:25:18,77.55,167,2
2026-06-29,000333,10:25:21,77.54,83,1
2026-06-29,000333,10:25:24,77.57,292,2
2026-06-29,000333,10:25:27,77.62,203,2
2026-06-29,000333,10:25:30,77.64,420,2
2026-06-29,000333,10:25:33,77.67,826,2
2026-06-29,000333,10:25:36,77.68,734,2
2026-06-29,000333,10:25:39,77.64,302,1
2026-06-29,000333,10:25:42,77.65,87,2
2026-06-29,000333,10:25:45,77.68,427,2
2026-06-29,000333,10:25:48,77.63,218,1
2026-06-29,000333,10:25:51,77.66,134,2
2026-06-29,000333,10:25:54,77.68,143,2
2026-06-29,000333,10:25:57,77.66,175,1
2026-06-29,000333,10:26:00,77.63,159,1
2026-06-29,000333,10:26:03,77.57,303,1
2026-06-29,000333,10:26:06,77.56,247,1
2026-06-29,000333,10:26:09,77.50,138,1
2026-06-29,000333,10:26:12,77.54,76,2
2026-06-29,000333,10:26:15,77.57,95,2
2026-06-29,000333,10:26:18,77.51,212,1
2026-06-29,000333,10:26:21,77.51,104,2
2026-06-29,000333,10:26:24,77.52,162,2
2026-06-29,000333,10:26:27,77.54,49,2
2026-06-29,000333,10:26:30,77.54,96,1
2026-06-29,000333,10:26:33,77.53,211,1
2026-06-29,000333,10:26:36,77.54,333,2
2026-06-29,000333,10:26:39,77.54,133,1
2026-06-29,000333,10:26:42,77.55,323,2
2026-06-29,000333,10:26:45,77.57,280,2
2026-06-29,000333,10:26:48,77.58,416,2
2026-06-29,000333,10:26:51,77.61,102,2
2026-06-29,000333,10:26:54,77.62,196,2
2026-06-29,000333,10:26:57,77.66,78,2
2026-06-29,000333,10:27:00,77.64,80,1
2026-06-29,000333,10:27:03,77.66,156,2
2026-06-29,000333,10:27:06,77.66,246,1
2026-06-29,000333,10:27:09,77.68,55,2
2026-06-29,000333,10:27:12,77.68,247,2
2026-06-29,000333,10:27:15,77.68,100,2
2026-06-29,000333,10:27:18,77.68,61,2
2026-06-29,000333,10:27:21,77.69,87,2
2026-06-29,000333,10:27:24,77.68,98,1
2026-06-29,000333,10:27:27,77.67,142,1
2026-06-29,000333,10:27:30,77.68,234,1
2026-06-29,000333,10:27:33,77.68,314,1
2026-06-29,000333,10:27:36,77.68,115,1
2026-06-29,000333,10:27:39,77.68,136,1
2026-06-29,000333,10:27:42,77.68,172,1
2026-06-29,000333,10:27:45,77.69,142,2
2026-06-29,000333,10:27:48,77.69,637,2
2026-06-29,000333,10:27:51,77.70,863,2
2026-06-29,000333,10:27:54,77.70,512,2
2026-06-29,000333,10:27:57,77.70,197,2
2026-06-29,000333,10:28:00,77.70,495,2
2026-06-29,000333,10:28:03,77.87,1786,2
2026-06-29,000333,10:28:06,77.88,99,2
2026-06-29,000333,10:28:09,77.86,114,1
2026-06-29,000333,10:28:12,77.88,177,2
2026-06-29,000333,10:28:15,77.88,252,2
2026-06-29,000333,10:28:18,77.88,350,2
2026-06-29,000333,10:28:21,77.90,107,2
2026-06-29,000333,10:28:24,77.89,160,1
2026-06-29,000333,10:28:27,77.90,253,2
2026-06-29,000333,10:28:30,77.91,406,2
2026-06-29,000333,10:28:33,77.92,100,2
2026-06-29,000333,10:28:36,77.90,245,1
2026-06-29,000333,10:28:39,77.94,192,2
2026-06-29,000333,10:28:42,77.94,207,2
2026-06-29,000333,10:28:45,77.94,247,2
2026-06-29,000333,10:28:48,77.90,255,1
2026-06-29,000333,10:28:51,77.90,290,1
2026-06-29,000333,10:28:54,77.90,594,2
2026-06-29,000333,10:28:57,77.86,194,1
2026-06-29,000333,10:29:00,77.80,292,1
2026-06-29,000333,10:29:03,77.84,103,2
2026-06-29,000333,10:29:06,77.84,58,2
2026-06-29,000333,10:29:09,77.85,245,2
2026-06-29,000333,10:29:12,77.80,135,1
2026-06-29,000333,10:29:15,77.80,90,2
2026-06-29,000333,10:29:18,77.78,75,1
2026-06-29,000333,10:29:21,77.73,88,1
2026-06-29,000333,10:29:24,77.80,291,2
2026-06-29,000333,10:29:27,77.77,459,1
2026-06-29,000333,10:29:30,77.77,38,1
2026-06-29,000333,10:29:33,77.77,42,2
2026-06-29,000333,10:29:36,77.72,748,1
2026-06-29,000333,10:29:39,77.72,65,2
2026-06-29,000333,10:29:42,77.70,102,1
2026-06-29,000333,10:29:45,77.70,10,1
2026-06-29,000333,10:29:48,77.68,111,2
2026-06-29,000333,10:29:51,77.65,32,1
2026-06-29,000333,10:29:54,77.65,142,1
2026-06-29,000333,10:29:57,77.66,91,2
2026-06-29,000333,10:30:00,77.66,80,1
2026-06-29,000333,10:30:03,77.66,72,1
2026-06-29,000333,10:30:06,77.66,156,1
2026-06-29,000333,10:30:09,77.67,79,2
2026-06-29,000333,10:30:12,77.70,210,2
2026-06-29,000333,10:30:15,77.66,110,1
2026-06-29,000333,10:30:18,77.66,145,1
2026-06-29,000333,10:30:21,77.63,292,1
2026-06-29,000333,10:30:24,77.66,213,2
2026-06-29,000333,10:30:27,77.65,132,1
2026-06-29,000333,10:30:30,77.66,216,2
2026-06-29,000333,10:30:33,77.66,70,1
2026-06-29,000333,10:30:36,77.66,62,1
2026-06-29,000333,10:30:39,77.60,96,1
2026-06-29,000333,10:30:42,77.60,54,1
2026-06-29,000333,10:30:45,77.61,234,1
2026-06-29,000333,10:30:48,77.61,22,1
2026-06-29,000333,10:30:51,77.61,72,1
2026-06-29,000333,10:30:54,77.60,189,1
2026-06-29,000333,10:30:57,77.57,820,1
2026-06-29,000333,10:31:00,77.57,79,2
2026-06-29,000333,10:31:03,77.58,116,2
2026-06-29,000333,10:31:06,77.58,212,2
2026-06-29,000333,10:31:09,77.57,128,1
2026-06-29,000333,10:31:12,77.60,135,2
2026-06-29,000333,10:31:15,77.63,51,2
2026-06-29,000333,10:31:18,77.62,365,1
2026-06-29,000333,10:31:21,77.63,83,2
2026-06-29,000333,10:31:24,77.60,289,1
2026-06-29,000333,10:31:27,77.59,16,1
2026-06-29,000333,10:31:30,77.58,66,1
2026-06-29,000333,10:31:33,77.57,52,1
2026-06-29,000333,10:31:36,77.58,44,2
2026-06-29,000333,10:31:39,77.59,91,2
2026-06-29,000333,10:31:42,77.59,35,2
2026-06-29,000333,10:31:45,77.59,31,1
2026-06-29,000333,10:31:48,77.59,101,1
2026-06-29,000333,10:31:51,77.59,76,1
2026-06-29,000333,10:31:54,77.58,471,1
2026-06-29,000333,10:31:57,77.57,198,1
2026-06-29,000333,10:32:00,77.56,129,1
2026-06-29,000333,10:32:03,77.54,36,1
2026-06-29,000333,10:32:06,77.54,32,2
2026-06-29,000333,10:32:09,77.53,127,1
2026-06-29,000333,10:32:12,77.50,455,1
2026-06-29,000333,10:32:15,77.51,90,2
2026-06-29,000333,10:32:18,77.53,58,2
2026-06-29,000333,10:32:21,77.52,145,1
2026-06-29,000333,10:32:24,77.53,66,2
2026-06-29,000333,10:32:27,77.56,607,2
2026-06-29,000333,10:32:30,77.56,111,2
2026-06-29,000333,10:32:33,77.55,320,1
2026-06-29,000333,10:32:36,77.54,137,1
2026-06-29,000333,10:32:39,77.55,42,1
2026-06-29,000333,10:32:42,77.56,99,2
2026-06-29,000333,10:32:45,77.51,245,1
2026-06-29,000333,10:32:48,77.50,143,1
2026-06-29,000333,10:32:51,77.49,130,2
2026-06-29,000333,10:32:54,77.48,30,2
2026-06-29,000333,10:32:57,77.48,21,2
2026-06-29,000333,10:33:00,77.47,57,1
2026-06-29,000333,10:33:03,77.47,41,2
2026-06-29,000333,10:33:06,77.47,217,1
2026-06-29,000333,10:33:09,77.48,61,2
2026-06-29,000333,10:33:12,77.49,66,2
2026-06-29,000333,10:33:15,77.50,194,2
2026-06-29,000333,10:33:18,77.48,652,1
2026-06-29,000333,10:33:21,77.40,880,1
2026-06-29,000333,10:33:24,77.28,409,1
2026-06-29,000333,10:33:27,77.28,73,1
2026-06-29,000333,10:33:30,77.23,251,1
2026-06-29,000333,10:33:33,77.25,81,2
2026-06-29,000333,10:33:36,77.25,242,2
2026-06-29,000333,10:33:39,77.25,137,2
2026-06-29,000333,10:33:42,77.26,709,2
2026-06-29,000333,10:33:45,77.21,148,1
2026-06-29,000333,10:33:48,77.23,146,2
2026-06-29,000333,10:33:51,77.21,80,1
2026-06-29,000333,10:33:54,77.20,215,1
2026-06-29,000333,10:33:57,77.20,247,1
2026-06-29,000333,10:34:00,77.20,225,1
2026-06-29,000333,10:34:03,77.20,151,2
2026-06-29,000333,10:34:06,77.22,121,2
2026-06-29,000333,10:34:09,77.26,247,2
2026-06-29,000333,10:34:12,77.24,217,1
2026-06-29,000333,10:34:15,77.28,97,2
2026-06-29,000333,10:34:18,77.27,52,1
2026-06-29,000333,10:34:21,77.27,40,1
2026-06-29,000333,10:34:24,77.28,125,2
2026-06-29,000333,10:34:27,77.28,109,2
2026-06-29,000333,10:34:30,77.29,50,2
2026-06-29,000333,10:34:33,77.31,72,2
2026-06-29,000333,10:34:36,77.30,67,1
2026-06-29,000333,10:34:39,77.31,111,2
2026-06-29,000333,10:34:42,77.30,189,1
2026-06-29,000333,10:34:45,77.29,143,1
2026-06-29,000333,10:34:48,77.31,35,2
2026-06-29,000333,10:34:51,77.31,80,2
2026-06-29,000333,10:34:54,77.34,270,2
2026-06-29,000333,10:34:57,77.34,91,2
2026-06-29,000333,10:35:00,77.34,49,1
2026-06-29,000333,10:35:03,77.37,34,2
2026-06-29,000333,10:35:06,77.37,39,1
2026-06-29,000333,10:35:09,77.36,107,1
2026-06-29,000333,10:35:12,77.38,112,2
2026-06-29,000333,10:35:15,77.31,375,1
2026-06-29,000333,10:35:18,77.28,377,1
2026-06-29,000333,10:35:21,77.31,175,2
2026-06-29,000333,10:35:24,77.28,245,1
2026-06-29,000333,10:35:27,77.29,121,2
2026-06-29,000333,10:35:30,77.30,280,2
2026-06-29,000333,10:35:33,77.31,120,2
2026-06-29,000333,10:35:36,77.28,88,1
2026-06-29,000333,10:35:39,77.28,59,1
2026-06-29,000333,10:35:42,77.27,105,1
2026-06-29,000333,10:35:45,77.26,78,2
2026-06-29,000333,10:35:48,77.26,249,2
2026-06-29,000333,10:35:51,77.26,115,2
2026-06-29,000333,10:35:54,77.28,152,2
2026-06-29,000333,10:35:57,77.31,81,2
2026-06-29,000333,10:36:00,77.31,526,2
2026-06-29,000333,10:36:03,77.33,313,2
2026-06-29,000333,10:36:06,77.34,47,2
2026-06-29,000333,10:36:09,77.35,112,2
2026-06-29,000333,10:36:12,77.34,122,1
2026-06-29,000333,10:36:15,77.32,275,1
2026-06-29,000333,10:36:18,77.30,169,1
2026-06-29,000333,10:36:21,77.30,283,2
2026-06-29,000333,10:36:24,77.30,160,2
2026-06-29,000333,10:36:27,77.30,116,2
2026-06-29,000333,10:36:30,77.21,162,1
2026-06-29,000333,10:36:33,77.17,171,1
2026-06-29,000333,10:36:36,77.19,153,2
2026-06-29,000333,10:36:39,77.16,27,2
2026-06-29,000333,10:36:42,77.12,116,2
2026-06-29,000333,10:36:45,77.13,95,2
2026-06-29,000333,10:36:48,77.12,40,1
2026-06-29,000333,10:36:51,77.12,84,1
2026-06-29,000333,10:36:54,77.10,121,1
2026-06-29,000333,10:36:57,77.14,212,2
2026-06-29,000333,10:37:00,77.12,255,1
2026-06-29,000333,10:37:03,77.13,245,2
2026-06-29,000333,10:37:06,77.13,242,2
2026-06-29,000333,10:37:09,77.22,1111,2
2026-06-29,000333,10:37:12,77.40,1325,2
2026-06-29,000333,10:37:15,77.51,146,2
2026-06-29,000333,10:37:18,77.40,103,1
2026-06-29,000333,10:37:21,77.38,86,1
2026-06-29,000333,10:37:24,77.40,86,2
2026-06-29,000333,10:37:27,77.49,1304,2
2026-06-29,000333,10:37:30,77.49,100,1
2026-06-29,000333,10:37:33,77.51,1592,2
2026-06-29,000333,10:37:36,77.51,24,1
2026-06-29,000333,10:37:39,77.51,97,1
2026-06-29,000333,10:37:42,77.55,1454,2
2026-06-29,000333,10:37:45,77.52,441,1
2026-06-29,000333,10:37:48,77.46,96,1
2026-06-29,000333,10:37:51,77.49,103,2
2026-06-29,000333,10:37:54,77.45,205,1
2026-06-29,000333,10:37:57,77.47,266,2
2026-06-29,000333,10:38:00,77.46,586,1
2026-06-29,000333,10:38:03,77.47,535,2
2026-06-29,000333,10:38:06,77.45,110,1
2026-06-29,000333,10:38:09,77.50,380,2
2026-06-29,000333,10:38:12,77.40,80,1
2026-06-29,000333,10:38:15,77.40,144,1
2026-06-29,000333,10:38:18,77.47,39,2
2026-06-29,000333,10:38:21,77.44,62,1
2026-06-29,000333,10:38:24,77.39,70,1
2026-06-29,000333,10:38:27,77.40,102,2
2026-06-29,000333,10:38:30,77.40,156,2
2026-06-29,000333,10:38:33,77.40,33,1
2026-06-29,000333,10:38:36,77.42,168,2
2026-06-29,000333,10:38:39,77.40,91,1
2026-06-29,000333,10:38:42,77.41,96,2
2026-06-29,000333,10:38:45,77.42,67,2
2026-06-29,000333,10:38:48,77.41,74,1
2026-06-29,000333,10:38:51,77.42,34,2
2026-06-29,000333,10:38:54,77.41,125,1
2026-06-29,000333,10:38:57,77.41,372,2
2026-06-29,000333,10:39:00,77.40,325,1
2026-06-29,000333,10:39:03,77.40,128,1
2026-06-29,000333,10:39:06,77.40,15,2
2026-06-29,000333,10:39:09,77.40,64,2
2026-06-29,000333,10:39:12,77.34,90,1
2026-06-29,000333,10:39:15,77.35,171,2
2026-06-29,000333,10:39:18,77.37,41,2
2026-06-29,000333,10:39:21,77.26,115,1
2026-06-29,000333,10:39:24,77.32,159,2
2026-06-29,000333,10:39:27,77.32,52,2
2026-06-29,000333,10:39:30,77.28,56,1
2026-06-29,000333,10:39:33,77.26,96,1
2026-06-29,000333,10:39:36,77.25,58,2
2026-06-29,000333,10:39:39,77.23,107,1
2026-06-29,000333,10:39:42,77.29,36,2
2026-06-29,000333,10:39:45,77.29,147,2
2026-06-29,000333,10:39:48,77.29,167,1
2026-06-29,000333,10:39:51,77.30,155,2
2026-06-29,000333,10:39:54,77.35,106,2
2026-06-29,000333,10:39:57,77.31,135,1
2026-06-29,000333,10:40:00,77.31,135,1
2026-06-29,000333,10:40:03,77.30,188,1
2026-06-29,000333,10:40:06,77.30,203,2
2026-06-29,000333,10:40:09,77.27,47,1
2026-06-29,000333,10:40:12,77.26,84,1
2026-06-29,000333,10:40:15,77.19,80,1
2026-06-29,000333,10:40:18,77.14,124,1
2026-06-29,000333,10:40:21,77.14,49,1
2026-06-29,000333,10:40:24,77.15,78,2
2026-06-29,000333,10:40:27,77.17,57,2
2026-06-29,000333,10:40:30,77.19,170,2
2026-06-29,000333,10:40:33,77.20,157,2
2026-06-29,000333,10:40:36,77.19,80,1
2026-06-29,000333,10:40:39,77.25,22,2
2026-06-29,000333,10:40:42,77.25,41,1
2026-06-29,000333,10:40:45,77.25,57,1
2026-06-29,000333,10:40:48,77.26,170,2
2026-06-29,000333,10:40:51,77.26,30,2
2026-06-29,000333,10:40:54,77.27,216,2
2026-06-29,000333,10:40:57,77.27,133,1
2026-06-29,000333,10:41:00,77.14,303,1
2026-06-29,000333,10:41:03,77.12,346,1
2026-06-29,000333,10:41:06,77.03,500,1
2026-06-29,000333,10:41:09,77.04,240,2
2026-06-29,000333,10:41:12,77.01,968,1
2026-06-29,000333,10:41:15,77.00,493,1
2026-06-29,000333,10:41:18,77.00,871,1
2026-06-29,000333,10:41:21,76.97,95,1
2026-06-29,000333,10:41:24,76.95,40,1
2026-06-29,000333,10:41:27,76.95,38,2
2026-06-29,000333,10:41:30,76.95,16,2
2026-06-29,000333,10:41:33,76.93,105,1
2026-06-29,000333,10:41:36,76.92,21,1
2026-06-29,000333,10:41:39,76.88,316,1
2026-06-29,000333,10:41:42,76.87,107,1
2026-06-29,000333,10:41:45,76.89,206,2
2026-06-29,000333,10:41:48,76.88,81,1
2026-06-29,000333,10:41:51,76.87,184,1
2026-06-29,000333,10:41:54,76.87,51,1
2026-06-29,000333,10:41:57,76.86,215,1
2026-06-29,000333,10:42:00,76.89,206,2
2026-06-29,000333,10:42:03,76.89,63,2
2026-06-29,000333,10:42:06,76.92,465,2
2026-06-29,000333,10:42:09,76.91,124,1
2026-06-29,000333,10:42:12,76.91,88,1
2026-06-29,000333,10:42:15,76.92,38,2
2026-06-29,000333,10:42:18,76.93,29,2
2026-06-29,000333,10:42:21,76.92,155,1
2026-06-29,000333,10:42:24,76.91,20,1
2026-06-29,000333,10:42:27,76.92,58,2
2026-06-29,000333,10:42:30,76.92,82,2
2026-06-29,000333,10:42:33,76.92,187,2
2026-06-29,000333,10:42:36,76.92,91,1
2026-06-29,000333,10:42:39,76.92,569,1
2026-06-29,000333,10:42:42,76.90,25,1
2026-06-29,000333,10:42:45,76.89,94,1
2026-06-29,000333,10:42:48,76.88,80,1
2026-06-29,000333,10:42:51,76.85,65,1
2026-06-29,000333,10:42:54,76.85,22,2
2026-06-29,000333,10:42:57,76.86,13,2
2026-06-29,000333,10:43:00,76.84,60,1
2026-06-29,000333,10:43:03,76.85,99,2
2026-06-29,000333,10:43:06,76.84,84,1
2026-06-29,000333,10:43:09,76.83,46,1
2026-06-29,000333,10:43:12,76.83,109,2
2026-06-29,000333,10:43:15,76.83,50,2
2026-06-29,000333,10:43:18,76.82,259,1
2026-06-29,000333,10:43:21,76.79,55,1
2026-06-29,000333,10:43:24,76.79,38,2
2026-06-29,000333,10:43:27,76.79,21,2
2026-06-29,000333,10:43:30,76.78,107,2
2026-06-29,000333,10:43:33,76.79,122,2
2026-06-29,000333,10:43:36,76.79,50,2
2026-06-29,000333,10:43:39,76.76,213,1
2026-06-29,000333,10:43:42,76.76,43,1
2026-06-29,000333,10:43:45,76.77,139,2
2026-06-29,000333,10:43:48,76.77,53,2
2026-06-29,000333,10:43:51,76.77,28,2
2026-06-29,000333,10:43:54,76.76,162,1
2026-06-29,000333,10:43:57,76.77,18,2
2026-06-29,000333,10:44:00,76.76,23,1
2026-06-29,000333,10:44:03,76.73,262,1
2026-06-29,000333,10:44:06,76.71,90,1
2026-06-29,000333,10:44:09,76.70,503,1
2026-06-29,000333,10:44:12,76.70,10,1
2026-06-29,000333,10:44:15,76.71,115,2
2026-06-29,000333,10:44:18,76.71,93,1
2026-06-29,000333,10:44:21,76.72,46,2
2026-06-29,000333,10:44:24,76.71,17,1
2026-06-29,000333,10:44:27,76.71,68,1
2026-06-29,000333,10:44:30,76.70,86,2
2026-06-29,000333,10:44:33,76.69,103,1
2026-06-29,000333,10:44:36,76.70,191,2
2026-06-29,000333,10:44:39,76.69,100,1
2026-06-29,000333,10:44:42,76.68,17,1
2026-06-29,000333,10:44:45,76.70,58,2
2026-06-29,000333,10:44:48,76.68,35,1
2026-06-29,000333,10:44:51,76.68,18,1
2026-06-29,000333,10:44:54,76.69,172,2
2026-06-29,000333,10:44:57,76.70,37,2
2026-06-29,000333,10:45:00,76.69,58,2
2026-06-29,000333,10:45:03,76.70,47,2
2026-06-29,000333,10:45:06,76.69,20,1
2026-06-29,000333,10:45:09,76.70,135,2
2026-06-29,000333,10:45:12,76.70,103,2
2026-06-29,000333,10:45:15,76.70,116,2
2026-06-29,000333,10:45:18,76.70,243,2
2026-06-29,000333,10:45:21,76.70,93,2
2026-06-29,000333,10:45:24,76.70,11,2
2026-06-29,000333,10:45:27,76.70,29,2
2026-06-29,000333,10:45:30,76.70,56,2
2026-06-29,000333,10:45:33,76.69,109,1
2026-06-29,000333,10:45:36,76.69,45,1
2026-06-29,000333,10:45:39,76.69,26,1
2026-06-29,000333,10:45:42,76.70,87,2
2026-06-29,000333,10:45:45,76.70,42,2
2026-06-29,000333,10:45:48,76.69,25,1
2026-06-29,000333,10:45:51,76.63,318,1
2026-06-29,000333,10:45:54,76.64,84,2
2026-06-29,000333,10:45:57,76.62,222,1
2026-06-29,000333,10:46:00,76.61,73,1
2026-06-29,000333,10:46:03,76.60,120,1
2026-06-29,000333,10:46:06,76.61,22,2
2026-06-29,000333,10:46:09,76.61,189,2
2026-06-29,000333,10:46:12,76.60,346,1
2026-06-29,000333,10:46:15,76.61,82,2
2026-06-29,000333,10:46:18,76.61,150,1
2026-06-29,000333,10:46:21,76.59,146,1
2026-06-29,000333,10:46:24,76.58,87,1
2026-06-29,000333,10:46:27,76.57,169,1
2026-06-29,000333,10:46:30,76.55,26,1
2026-06-29,000333,10:46:33,76.55,109,1
2026-06-29,000333,10:46:36,76.55,18,1
2026-06-29,000333,10:46:39,76.56,61,2
2026-06-29,000333,10:46:42,76.57,37,2
2026-06-29,000333,10:46:45,76.57,52,2
2026-06-29,000333,10:46:48,76.57,44,2
2026-06-29,000333,10:46:51,76.57,55,2
2026-06-29,000333,10:46:54,76.57,104,2
2026-06-29,000333,10:46:57,76.56,10,1
2026-06-29,000333,10:47:00,76.57,44,2
2026-06-29,000333,10:47:03,76.57,18,2
2026-06-29,000333,10:47:06,76.57,100,2
2026-06-29,000333,10:47:09,76.57,54,2
2026-06-29,000333,10:47:12,76.57,9,1
2026-06-29,000333,10:47:15,76.58,147,2
2026-06-29,000333,10:47:18,76.58,91,2
2026-06-29,000333,10:47:21,76.61,163,2
2026-06-29,000333,10:47:24,76.61,22,2
2026-06-29,000333,10:47:27,76.61,39,2
2026-06-29,000333,10:47:30,76.61,118,2
2026-06-29,000333,10:47:33,76.62,147,2
2026-06-29,000333,10:47:36,76.61,107,1
2026-06-29,000333,10:47:39,76.61,138,2
2026-06-29,000333,10:47:42,76.60,241,1
2026-06-29,000333,10:47:45,76.60,190,1
2026-06-29,000333,10:47:48,76.68,1027,2
2026-06-29,000333,10:47:51,76.62,44,1
2026-06-29,000333,10:47:54,76.68,8,2
2026-06-29,000333,10:47:57,76.68,29,2
2026-06-29,000333,10:48:00,76.68,60,2
2026-06-29,000333,10:48:03,76.68,54,2
2026-06-29,000333,10:48:06,76.68,67,2
2026-06-29,000333,10:48:09,76.68,90,1
2026-06-29,000333,10:48:12,76.69,39,2
2026-06-29,000333,10:48:15,76.69,63,2
2026-06-29,000333,10:48:18,76.69,75,2
2026-06-29,000333,10:48:21,76.69,55,2
2026-06-29,000333,10:48:24,76.69,139,1
2026-06-29,000333,10:48:27,76.70,71,2
2026-06-29,000333,10:48:30,76.70,206,2
2026-06-29,000333,10:48:33,76.70,65,2
2026-06-29,000333,10:48:36,76.70,192,2
2026-06-29,000333,10:48:39,76.70,94,1
2026-06-29,000333,10:48:42,76.71,14,2
2026-06-29,000333,10:48:45,76.71,55,2
2026-06-29,000333,10:48:48,76.71,218,2
2026-06-29,000333,10:48:51,76.70,112,1
2026-06-29,000333,10:48:54,76.67,366,1
2026-06-29,000333,10:48:57,76.64,145,1
2026-06-29,000333,10:49:00,76.62,97,1
2026-06-29,000333,10:49:03,76.60,155,1
2026-06-29,000333,10:49:06,76.60,112,1
2026-06-29,000333,10:49:09,76.61,110,1
2026-06-29,000333,10:49:12,76.61,90,1
2026-06-29,000333,10:49:15,76.62,34,2
2026-06-29,000333,10:49:18,76.61,27,1
2026-06-29,000333,10:49:21,76.61,94,1
2026-06-29,000333,10:49:24,76.61,64,1
2026-06-29,000333,10:49:27,76.62,69,2
2026-06-29,000333,10:49:30,76.61,35,1
2026-06-29,000333,10:49:33,76.62,46,2
2026-06-29,000333,10:49:36,76.62,38,2
2026-06-29,000333,10:49:39,76.62,25,2
2026-06-29,000333,10:49:42,76.62,82,2
2026-06-29,000333,10:49:45,76.61,57,1
2026-06-29,000333,10:49:48,76.62,71,2
2026-06-29,000333,10:49:51,76.61,122,1
2026-06-29,000333,10:49:54,76.61,50,1
2026-06-29,000333,10:49:57,76.61,314,1
2026-06-29,000333,10:50:00,76.61,134,1
2026-06-29,000333,10:50:03,76.55,461,1
2026-06-29,000333,10:50:06,76.54,30,1
2026-06-29,000333,10:50:09,76.59,74,2
2026-06-29,000333,10:50:12,76.61,31,2
2026-06-29,000333,10:50:15,76.58,46,1
2026-06-29,000333,10:50:18,76.59,30,2
2026-06-29,000333,10:50:21,76.57,60,1
2026-06-29,000333,10:50:24,76.60,54,2
2026-06-29,000333,10:50:27,76.60,178,1
2026-06-29,000333,10:50:30,76.60,103,1
2026-06-29,000333,10:50:33,76.60,89,1
2026-06-29,000333,10:50:36,76.62,96,2
2026-06-29,000333,10:50:39,76.61,15,1
2026-06-29,000333,10:50:42,76.61,27,1
2026-06-29,000333,10:50:45,76.60,34,1
2026-06-29,000333,10:50:48,76.60,62,1
2026-06-29,000333,10:50:51,76.60,110,1
2026-06-29,000333,10:50:54,76.60,90,2
2026-06-29,000333,10:50:57,76.63,934,2
2026-06-29,000333,10:51:00,76.67,72,2
2026-06-29,000333,10:51:03,76.70,44,2
2026-06-29,000333,10:51:06,76.70,69,2
2026-06-29,000333,10:51:09,76.71,37,2
2026-06-29,000333,10:51:12,76.71,73,2
2026-06-29,000333,10:51:15,76.71,37,2
2026-06-29,000333,10:51:18,76.71,136,2
2026-06-29,000333,10:51:21,76.71,68,2
2026-06-29,000333,10:51:24,76.70,93,1
2026-06-29,000333,10:51:27,76.70,75,1
2026-06-29,000333,10:51:30,76.68,123,1
2026-06-29,000333,10:51:33,76.69,105,2
2026-06-29,000333,10:51:36,76.65,27,1
2026-06-29,000333,10:51:39,76.66,22,2
2026-06-29,000333,10:51:42,76.65,72,1
2026-06-29,000333,10:51:45,76.66,74,2
2026-06-29,000333,10:51:48,76.68,108,2
2026-06-29,000333,10:51:51,76.66,43,1
2026-06-29,000333,10:51:54,76.62,98,1
2026-06-29,000333,10:51:57,76.66,113,2
2026-06-29,000333,10:52:00,76.62,27,1
2026-06-29,000333,10:52:03,76.66,46,2
2026-06-29,000333,10:52:06,76.64,386,1
2026-06-29,000333,10:52:09,76.62,105,1
2026-06-29,000333,10:52:12,76.60,47,1
2026-06-29,000333,10:52:15,76.60,27,1
2026-06-29,000333,10:52:18,76.61,83,2
2026-06-29,000333,10:52:21,76.61,33,2
2026-06-29,000333,10:52:24,76.60,134,1
2026-06-29,000333,10:52:27,76.62,60,2
2026-06-29,000333,10:52:30,76.61,27,2
2026-06-29,000333,10:52:33,76.62,41,2
2026-06-29,000333,10:52:36,76.62,39,2
2026-06-29,000333,10:52:39,76.62,73,2
2026-06-29,000333,10:52:42,76.62,19,2
2026-06-29,000333,10:52:45,76.62,18,2
2026-06-29,000333,10:52:48,76.62,35,2
2026-06-29,000333,10:52:51,76.62,48,1
2026-06-29,000333,10:52:54,76.62,75,1
2026-06-29,000333,10:52:57,76.61,92,1
2026-06-29,000333,10:53:00,76.65,73,2
2026-06-29,000333,10:53:03,76.66,37,2
2026-06-29,000333,10:53:06,76.62,29,1
2026-06-29,000333,10:53:09,76.66,140,2
2026-06-29,000333,10:53:12,76.66,42,2
2026-06-29,000333,10:53:15,76.70,43,2
2026-06-29,000333,10:53:18,76.71,57,2
2026-06-29,000333,10:53:21,76.68,67,1
2026-06-29,000333,10:53:24,76.71,70,1
2026-06-29,000333,10:53:27,76.70,47,1
2026-06-29,000333,10:53:30,76.70,106,2
2026-06-29,000333,10:53:33,76.70,166,1
2026-06-29,000333,10:53:36,76.74,402,2
2026-06-29,000333,10:53:39,76.76,520,2
2026-06-29,000333,10:53:42,76.72,93,1
2026-06-29,000333,10:53:45,76.78,25,2
2026-06-29,000333,10:53:48,76.80,102,2
2026-06-29,000333,10:53:51,76.84,72,2
2026-06-29,000333,10:53:54,76.83,165,1
2026-06-29,000333,10:53:57,76.82,173,1
2026-06-29,000333,10:54:00,76.81,172,1
2026-06-29,000333,10:54:03,76.76,95,1
2026-06-29,000333,10:54:06,76.80,80,2
2026-06-29,000333,10:54:09,76.77,74,1
2026-06-29,000333,10:54:12,76.82,91,2
2026-06-29,000333,10:54:15,76.78,39,1
2026-06-29,000333,10:54:18,76.82,30,2
2026-06-29,000333,10:54:21,76.83,33,2
2026-06-29,000333,10:54:24,76.83,28,2
2026-06-29,000333,10:54:27,76.83,85,2
2026-06-29,000333,10:54:30,76.85,96,2
2026-06-29,000333,10:54:33,76.83,107,1
2026-06-29,000333,10:54:36,76.86,59,2
2026-06-29,000333,10:54:39,76.86,29,2
2026-06-29,000333,10:54:42,76.83,62,1
2026-06-29,000333,10:54:45,76.85,105,2
2026-06-29,000333,10:54:48,76.84,54,1
2026-06-29,000333,10:54:51,76.80,82,1
2026-06-29,000333,10:54:54,76.85,118,2
2026-06-29,000333,10:54:57,76.83,89,1
2026-06-29,000333,10:55:00,76.83,47,1
2026-06-29,000333,10:55:03,76.81,40,1
2026-06-29,000333,10:55:06,76.82,170,2
2026-06-29,000333,10:55:09,76.82,36,2
2026-06-29,000333,10:55:12,76.85,33,2
2026-06-29,000333,10:55:15,76.85,15,2
2026-06-29,000333,10:55:18,76.84,5,2
2026-06-29,000333,10:55:21,76.86,63,2
2026-06-29,000333,10:55:24,76.86,41,2
2026-06-29,000333,10:55:27,76.85,48,1
2026-06-29,000333,10:55:30,76.85,53,1
2026-06-29,000333,10:55:33,76.85,160,1
2026-06-29,000333,10:55:36,76.86,47,2
2026-06-29,000333,10:55:39,76.85,136,1
2026-06-29,000333,10:55:42,76.86,144,2
2026-06-29,000333,10:55:45,76.86,68,2
2026-06-29,000333,10:55:48,76.83,403,1
2026-06-29,000333,10:55:51,76.80,208,1
2026-06-29,000333,10:55:54,76.80,276,1
2026-06-29,000333,10:55:57,76.74,221,1
2026-06-29,000333,10:56:00,76.75,74,2
2026-06-29,000333,10:56:03,76.73,25,1
2026-06-29,000333,10:56:06,76.74,73,2
2026-06-29,000333,10:56:09,76.76,100,2
2026-06-29,000333,10:56:12,76.76,90,2
2026-06-29,000333,10:56:15,76.73,69,1
2026-06-29,000333,10:56:18,76.74,131,1
2026-06-29,000333,10:56:21,76.75,69,2
2026-06-29,000333,10:56:24,76.77,52,2
2026-06-29,000333,10:56:27,76.78,63,2
2026-06-29,000333,10:56:30,76.76,112,1
2026-06-29,000333,10:56:33,76.77,108,2
2026-06-29,000333,10:56:36,76.77,35,2
2026-06-29,000333,10:56:39,76.76,87,1
2026-06-29,000333,10:56:42,76.76,98,1
2026-06-29,000333,10:56:45,76.76,47,1
2026-06-29,000333,10:56:48,76.77,41,2
2026-06-29,000333,10:56:51,76.76,54,1
2026-06-29,000333,10:56:54,76.76,110,1
2026-06-29,000333,10:56:57,76.76,38,1
2026-06-29,000333,10:57:00,76.77,40,2
2026-06-29,000333,10:57:03,76.76,32,1
2026-06-29,000333,10:57:06,76.77,34,2
2026-06-29,000333,10:57:09,76.77,50,2
2026-06-29,000333,10:57:12,76.77,97,2
2026-06-29,000333,10:57:15,76.77,138,2
2026-06-29,000333,10:57:18,76.77,119,2
2026-06-29,000333,10:57:21,76.77,202,2
2026-06-29,000333,10:57:24,76.78,66,2
2026-06-29,000333,10:57:27,76.79,54,2
2026-06-29,000333,10:57:30,76.80,71,2
2026-06-29,000333,10:57:33,76.81,167,2
2026-06-29,000333,10:57:36,76.80,76,1
2026-06-29,000333,10:57:39,76.77,241,1
2026-06-29,000333,10:57:42,76.79,291,2
2026-06-29,000333,10:57:45,76.76,60,1
2026-06-29,000333,10:57:48,76.74,60,1
2026-06-29,000333,10:57:51,76.74,72,2
2026-06-29,000333,10:57:54,76.75,21,2
2026-06-29,000333,10:57:57,76.76,42,2
2026-06-29,000333,10:58:00,76.76,50,2
2026-06-29,000333,10:58:03,76.79,92,2
2026-06-29,000333,10:58:06,76.80,103,2
2026-06-29,000333,10:58:09,76.82,43,2
2026-06-29,000333,10:58:12,76.85,64,2
2026-06-29,000333,10:58:15,76.86,88,2
2026-06-29,000333,10:58:18,76.89,160,2
2026-06-29,000333,10:58:21,76.95,95,2
2026-06-29,000333,10:58:24,76.94,77,1
2026-06-29,000333,10:58:27,76.93,80,2
2026-06-29,000333,10:58:30,76.93,65,2
2026-06-29,000333,10:58:33,76.96,81,2
2026-06-29,000333,10:58:36,76.98,38,2
2026-06-29,000333,10:58:39,76.96,45,1
2026-06-29,000333,10:58:42,76.96,48,2
2026-06-29,000333,10:58:45,76.95,225,2
2026-06-29,000333,10:58:48,76.94,60,1
2026-06-29,000333,10:58:51,76.92,43,1
2026-06-29,000333,10:58:54,76.95,81,2
2026-06-29,000333,10:58:57,76.93,32,1
2026-06-29,000333,10:59:00,76.93,206,1
2026-06-29,000333,10:59:03,76.93,79,1
2026-06-29,000333,10:59:06,76.93,60,1
2026-06-29,000333,10:59:09,76.94,72,2
2026-06-29,000333,10:59:12,76.94,59,1
2026-06-29,000333,10:59:15,76.92,105,1
2026-06-29,000333,10:59:18,76.93,66,2
2026-06-29,000333,10:59:21,76.92,52,2
2026-06-29,000333,10:59:24,76.94,120,2
2026-06-29,000333,10:59:27,76.95,67,2
2026-06-29,000333,10:59:30,76.93,92,1
2026-06-29,000333,10:59:33,76.94,51,1
2026-06-29,000333,10:59:36,76.93,34,1
2026-06-29,000333,10:59:39,76.87,156,1
2026-06-29,000333,10:59:42,76.93,68,2
2026-06-29,000333,10:59:45,76.87,115,1
2026-06-29,000333,10:59:48,76.95,338,2
2026-06-29,000333,10:59:51,76.99,185,2
2026-06-29,000333,10:59:54,77.00,164,2
2026-06-29,000333,10:59:57,77.00,75,1
2026-06-29,000333,11:00:00,77.02,23,2
2026-06-29,000333,11:00:03,77.03,86,2
2026-06-29,000333,11:00:06,77.05,51,2
2026-06-29,000333,11:00:09,77.04,31,2
2026-06-29,000333,11:00:12,77.05,67,2
2026-06-29,000333,11:00:15,77.07,49,2
2026-06-29,000333,11:00:18,77.06,56,1
2026-06-29,000333,11:00:21,77.06,75,1
2026-06-29,000333,11:00:24,77.03,215,1
2026-06-29,000333,11:00:27,77.03,90,2
2026-06-29,000333,11:00:30,77.04,28,1
2026-06-29,000333,11:00:33,77.04,67,1
2026-06-29,000333,11:00:36,77.04,33,2
2026-06-29,000333,11:00:39,77.06,144,2
2026-06-29,000333,11:00:42,77.06,47,1
2026-06-29,000333,11:00:45,77.11,108,2
2026-06-29,000333,11:00:48,77.08,96,1
2026-06-29,000333,11:00:51,77.06,106,1
2026-06-29,000333,11:00:54,77.06,101,1
2026-06-29,000333,11:00:57,77.00,185,1
2026-06-29,000333,11:01:00,77.13,336,2
2026-06-29,000333,11:01:03,77.13,218,2
2026-06-29,000333,11:01:06,77.18,103,2
2026-06-29,000333,11:01:09,77.15,55,1
2026-06-29,000333,11:01:12,77.15,234,1
2026-06-29,000333,11:01:15,77.19,81,2
2026-06-29,000333,11:01:18,77.20,67,2
2026-06-29,000333,11:01:21,77.18,52,1
2026-06-29,000333,11:01:24,77.12,31,1
2026-06-29,000333,11:01:27,77.10,78,1
2026-06-29,000333,11:01:30,77.15,44,2
2026-06-29,000333,11:01:33,77.13,15,1
2026-06-29,000333,11:01:36,77.13,64,2
2026-06-29,000333,11:01:39,77.11,49,1
2026-06-29,000333,11:01:42,77.13,77,2
2026-06-29,000333,11:01:45,77.10,30,1
2026-06-29,000333,11:01:48,77.08,59,2
2026-06-29,000333,11:01:51,77.08,23,2
2026-06-29,000333,11:01:54,77.00,121,1
2026-06-29,000333,11:01:57,77.06,201,2
2026-06-29,000333,11:02:00,77.04,46,1
2026-06-29,000333,11:02:03,77.02,51,1
2026-06-29,000333,11:02:06,77.01,77,1
2026-06-29,000333,11:02:09,77.01,98,2
2026-06-29,000333,11:02:12,77.03,68,2
2026-06-29,000333,11:02:15,77.05,50,2
2026-06-29,000333,11:02:18,77.07,107,2
2026-06-29,000333,11:02:21,77.05,31,1
2026-06-29,000333,11:02:24,77.04,46,1
2026-06-29,000333,11:02:27,77.04,31,1
2026-06-29,000333,11:02:30,77.02,41,1
2026-06-29,000333,11:02:33,77.01,62,1
2026-06-29,000333,11:02:36,77.02,55,2
2026-06-29,000333,11:02:39,77.01,110,1
2026-06-29,000333,11:02:42,77.00,90,1
2026-06-29,000333,11:02:45,76.99,52,2
2026-06-29,000333,11:02:48,76.99,113,2
2026-06-29,000333,11:02:51,76.97,61,1
2026-06-29,000333,11:02:54,76.97,78,1
2026-06-29,000333,11:02:57,76.97,112,1
2026-06-29,000333,11:03:00,76.89,123,1
2026-06-29,000333,11:03:03,76.96,47,2
2026-06-29,000333,11:03:06,76.96,51,2
2026-06-29,000333,11:03:09,76.97,221,2
2026-06-29,000333,11:03:12,76.97,39,2
2026-06-29,000333,11:03:15,76.98,95,2
2026-06-29,000333,11:03:18,76.99,50,2
2026-06-29,000333,11:03:21,76.99,67,1
2026-06-29,000333,11:03:24,76.99,107,1
2026-06-29,000333,11:03:27,77.00,29,2
2026-06-29,000333,11:03:30,77.00,34,2
2026-06-29,000333,11:03:33,77.00,42,1
2026-06-29,000333,11:03:36,77.01,45,2
2026-06-29,000333,11:03:39,77.01,21,1
2026-06-29,000333,11:03:42,77.02,42,2
2026-06-29,000333,11:03:45,77.00,96,1
2026-06-29,000333,11:03:48,77.00,187,1
2026-06-29,000333,11:03:51,77.01,87,2
2026-06-29,000333,11:03:54,77.00,78,1
2026-06-29,000333,11:03:57,77.02,141,2
2026-06-29,000333,11:04:00,77.02,58,2
2026-06-29,000333,11:04:03,76.99,73,1
2026-06-29,000333,11:04:06,76.97,109,1
2026-06-29,000333,11:04:09,76.95,98,1
2026-06-29,000333,11:04:12,76.95,42,2
2026-06-29,000333,11:04:15,76.95,27,2
2026-06-29,000333,11:04:18,76.96,200,2
2026-06-29,000333,11:04:21,76.90,126,1
2026-06-29,000333,11:04:24,76.95,36,2
2026-06-29,000333,11:04:27,76.96,30,2
2026-06-29,000333,11:04:30,76.96,34,2
2026-06-29,000333,11:04:33,76.95,38,2
2026-06-29,000333,11:04:36,76.93,19,1
2026-06-29,000333,11:04:39,76.93,20,1
2026-06-29,000333,11:04:42,76.94,7,2
2026-06-29,000333,11:04:45,76.94,5,2
2026-06-29,000333,11:04:48,76.92,51,1
2026-06-29,000333,11:04:51,76.92,45,1
2026-06-29,000333,11:04:54,76.93,57,2
2026-06-29,000333,11:04:57,76.91,17,1
2026-06-29,000333,11:05:00,76.89,18,1
2026-06-29,000333,11:05:03,76.90,86,2
2026-06-29,000333,11:05:06,76.90,96,2
2026-06-29,000333,11:05:09,76.91,309,2
2026-06-29,000333,11:05:12,76.91,155,2
2026-06-29,000333,11:05:15,76.90,58,1
2026-06-29,000333,11:05:18,76.91,17,2
2026-06-29,000333,11:05:21,76.89,139,1
2026-06-29,000333,11:05:24,76.89,63,1
2026-06-29,000333,11:05:27,76.90,52,2
2026-06-29,000333,11:05:30,76.90,82,2
2026-06-29,000333,11:05:33,76.88,59,1
2026-06-29,000333,11:05:36,76.88,55,1
2026-06-29,000333,11:05:39,76.88,32,2
2026-06-29,000333,11:05:42,76.88,36,2
2026-06-29,000333,11:05:45,76.87,39,1
2026-06-29,000333,11:05:48,76.86,23,1
2026-06-29,000333,11:05:51,76.82,84,1
2026-06-29,000333,11:05:54,76.84,30,2
2026-06-29,000333,11:05:57,76.81,40,1
2026-06-29,000333,11:06:00,76.81,27,1
2026-06-29,000333,11:06:03,76.80,160,1
2026-06-29,000333,11:06:06,76.82,85,2
2026-06-29,000333,11:06:09,76.81,52,1
2026-06-29,000333,11:06:12,76.81,30,1
2026-06-29,000333,11:06:15,76.81,42,2
2026-06-29,000333,11:06:18,76.85,791,2
2026-06-29,000333,11:06:21,76.90,179,2
2026-06-29,000333,11:06:24,76.86,107,1
2026-06-29,000333,11:06:27,76.87,30,2
2026-06-29,000333,11:06:30,76.84,85,1
2026-06-29,000333,11:06:33,76.88,45,2
2026-06-29,000333,11:06:36,76.83,34,1
2026-06-29,000333,11:06:39,76.84,56,2
2026-06-29,000333,11:06:42,76.82,66,1
2026-06-29,000333,11:06:45,76.82,40,1
2026-06-29,000333,11:06:48,76.82,87,1
2026-06-29,000333,11:06:51,76.82,44,1
2026-06-29,000333,11:06:54,76.83,116,2
2026-06-29,000333,11:06:57,76.82,39,1
2026-06-29,000333,11:07:00,76.83,83,2
2026-06-29,000333,11:07:03,76.84,23,2
2026-06-29,000333,11:07:06,76.83,4,1
2026-06-29,000333,11:07:09,76.82,50,1
2026-06-29,000333,11:07:12,76.83,59,1
2026-06-29,000333,11:07:15,76.83,58,2
2026-06-29,000333,11:07:18,76.84,33,2
2026-06-29,000333,11:07:21,76.84,104,2
2026-06-29,000333,11:07:24,76.84,15,2
2026-06-29,000333,11:07:27,76.84,14,2
2026-06-29,000333,11:07:30,76.84,40,2
2026-06-29,000333,11:07:33,76.83,33,1
2026-06-29,000333,11:07:36,76.82,7,1
2026-06-29,000333,11:07:39,76.83,38,2
2026-06-29,000333,11:07:42,76.83,9,2
2026-06-29,000333,11:07:45,76.83,19,2
2026-06-29,000333,11:07:48,76.83,150,2
2026-06-29,000333,11:07:51,76.82,44,1
2026-06-29,000333,11:07:54,76.82,27,2
2026-06-29,000333,11:07:57,76.83,89,2
2026-06-29,000333,11:08:00,76.82,30,2
2026-06-29,000333,11:08:03,76.82,37,1
2026-06-29,000333,11:08:06,76.83,31,2
2026-06-29,000333,11:08:09,76.83,184,2
2026-06-29,000333,11:08:12,76.83,116,2
2026-06-29,000333,11:08:15,76.84,61,2
2026-06-29,000333,11:08:18,76.84,40,1
2026-06-29,000333,11:08:21,76.85,35,2
2026-06-29,000333,11:08:24,76.84,55,1
2026-06-29,000333,11:08:27,76.84,107,1
2026-06-29,000333,11:08:30,76.83,115,1
2026-06-29,000333,11:08:33,76.80,272,1
2026-06-29,000333,11:08:36,76.77,97,1
2026-06-29,000333,11:08:39,76.78,66,2
2026-06-29,000333,11:08:42,76.78,30,2
2026-06-29,000333,11:08:45,76.78,29,2
2026-06-29,000333,11:08:48,76.78,62,2
2026-06-29,000333,11:08:51,76.77,47,1
2026-06-29,000333,11:08:54,76.76,204,1
2026-06-29,000333,11:08:57,76.76,95,1
2026-06-29,000333,11:09:00,76.75,53,1
2026-06-29,000333,11:09:03,76.74,37,1
2026-06-29,000333,11:09:06,76.75,50,2
2026-06-29,000333,11:09:09,76.75,74,2
2026-06-29,000333,11:09:12,76.75,13,2
2026-06-29,000333,11:09:15,76.76,226,2
2026-06-29,000333,11:09:18,76.85,612,2
2026-06-29,000333,11:09:21,76.85,202,1
2026-06-29,000333,11:09:24,76.85,114,2
2026-06-29,000333,11:09:27,76.82,90,1
2026-06-29,000333,11:09:30,76.85,40,2
2026-06-29,000333,11:09:33,76.85,38,2
2026-06-29,000333,11:09:36,76.87,103,2
2026-06-29,000333,11:09:39,76.88,46,2
2026-06-29,000333,11:09:42,76.88,26,2
2026-06-29,000333,11:09:45,76.87,21,1
2026-06-29,000333,11:09:48,76.88,82,2
2026-06-29,000333,11:09:51,76.88,29,2
2026-06-29,000333,11:09:54,76.88,60,2
2026-06-29,000333,11:09:57,76.88,50,2
2026-06-29,000333,11:10:00,76.87,18,2
2026-06-29,000333,11:10:03,76.84,89,1
2026-06-29,000333,11:10:06,76.80,125,1
2026-06-29,000333,11:10:09,76.82,45,2
2026-06-29,000333,11:10:12,76.82,28,2
2026-06-29,000333,11:10:15,76.84,29,2
2026-06-29,000333,11:10:18,76.88,73,2
2026-06-29,000333,11:10:21,76.88,53,2
2026-06-29,000333,11:10:24,76.88,31,2
2026-06-29,000333,11:10:27,76.89,55,2
2026-06-29,000333,11:10:30,76.90,17,2
2026-06-29,000333,11:10:33,76.91,54,2
2026-06-29,000333,11:10:36,76.91,20,2
2026-06-29,000333,11:10:39,76.90,41,1
2026-06-29,000333,11:10:42,76.89,39,1
2026-06-29,000333,11:10:45,76.91,52,2
2026-06-29,000333,11:10:48,76.90,38,1
2026-06-29,000333,11:10:51,76.89,30,1
2026-06-29,000333,11:10:54,76.90,37,2
2026-06-29,000333,11:10:57,76.92,72,2
2026-06-29,000333,11:11:00,76.94,50,2
2026-06-29,000333,11:11:03,76.96,29,2
2026-06-29,000333,11:11:06,76.99,54,2
2026-06-29,000333,11:11:09,76.98,81,1
2026-06-29,000333,11:11:12,76.96,23,1
2026-06-29,000333,11:11:15,76.97,19,2
2026-06-29,000333,11:11:18,76.96,41,1
2026-06-29,000333,11:11:21,76.95,44,1
2026-06-29,000333,11:11:24,76.95,44,1
2026-06-29,000333,11:11:27,76.94,63,1
2026-06-29,000333,11:11:30,76.94,84,1
2026-06-29,000333,11:11:33,76.92,184,1
2026-06-29,000333,11:11:36,76.92,123,2
2026-06-29,000333,11:11:39,76.94,94,2
2026-06-29,000333,11:11:42,76.90,84,1
2026-06-29,000333,11:11:45,76.91,21,2
2026-06-29,000333,11:11:48,76.90,45,1
2026-06-29,000333,11:11:51,76.89,78,1
2026-06-29,000333,11:11:54,76.90,45,2
2026-06-29,000333,11:11:57,76.87,60,1
2026-06-29,000333,11:12:00,76.90,15,2
2026-06-29,000333,11:12:03,76.90,130,1
2026-06-29,000333,11:12:06,76.89,63,2
2026-06-29,000333,11:12:09,76.89,70,1
2026-06-29,000333,11:12:12,76.89,25,2
2026-06-29,000333,11:12:15,76.89,37,1
2026-06-29,000333,11:12:18,76.89,43,2
2026-06-29,000333,11:12:21,76.90,23,2
2026-06-29,000333,11:12:24,76.91,242,2
2026-06-29,000333,11:12:27,76.92,78,2
2026-06-29,000333,11:12:30,76.92,76,2
2026-06-29,000333,11:12:33,76.93,58,1
2026-06-29,000333,11:12:36,76.95,439,2
2026-06-29,000333,11:12:39,76.99,96,2
2026-06-29,000333,11:12:42,76.98,49,1
2026-06-29,000333,11:12:45,76.97,10,1
2026-06-29,000333,11:12:48,76.98,209,1
2026-06-29,000333,11:12:51,76.97,75,1
2026-06-29,000333,11:12:54,76.98,53,2
2026-06-29,000333,11:12:57,76.99,32,2
2026-06-29,000333,11:13:00,76.98,73,1
2026-06-29,000333,11:13:03,76.97,75,1
2026-06-29,000333,11:13:06,76.89,77,1
2026-06-29,000333,11:13:09,76.95,238,2
2026-06-29,000333,11:13:12,76.88,51,1
2026-06-29,000333,11:13:15,76.88,12,1
2026-06-29,000333,11:13:18,76.89,48,1
2026-06-29,000333,11:13:21,76.92,74,2
2026-06-29,000333,11:13:24,76.89,30,1
2026-06-29,000333,11:13:27,76.90,35,2
2026-06-29,000333,11:13:30,76.91,29,2
2026-06-29,000333,11:13:33,76.91,58,2
2026-06-29,000333,11:13:36,76.80,188,1
2026-06-29,000333,11:13:39,76.85,204,2
2026-06-29,000333,11:13:42,76.84,21,1
2026-06-29,000333,11:13:45,76.84,28,2
2026-06-29,000333,11:13:48,76.84,7,2
2026-06-29,000333,11:13:51,76.83,27,2
2026-06-29,000333,11:13:54,76.83,43,2
2026-06-29,000333,11:13:57,76.83,36,2
2026-06-29,000333,11:14:00,76.83,41,2
2026-06-29,000333,11:14:03,76.82,174,1
2026-06-29,000333,11:14:06,76.81,81,1
2026-06-29,000333,11:14:09,76.80,26,1
2026-06-29,000333,11:14:12,76.81,18,1
2026-06-29,000333,11:14:15,76.82,48,2
2026-06-29,000333,11:14:18,76.83,52,2
2026-06-29,000333,11:14:21,76.83,18,2
2026-06-29,000333,11:14:24,76.84,74,2
2026-06-29,000333,11:14:27,76.82,38,1
2026-06-29,000333,11:14:30,76.81,83,1
2026-06-29,000333,11:14:33,76.83,59,2
2026-06-29,000333,11:14:36,76.81,32,1
2026-06-29,000333,11:14:39,76.82,88,2
2026-06-29,000333,11:14:42,76.82,28,2
2026-06-29,000333,11:14:45,76.81,51,1
2026-06-29,000333,11:14:48,76.81,44,1
2026-06-29,000333,11:14:51,76.78,160,1
2026-06-29,000333,11:14:54,76.77,92,1
2026-06-29,000333,11:14:57,76.76,15,1
2026-06-29,000333,11:15:00,76.75,105,1
2026-06-29,000333,11:15:03,76.70,439,1
2026-06-29,000333,11:15:06,76.70,93,1
2026-06-29,000333,11:15:09,76.72,138,2
2026-06-29,000333,11:15:12,76.71,87,1
2026-06-29,000333,11:15:15,76.71,33,1
2026-06-29,000333,11:15:18,76.71,70,1
2026-06-29,000333,11:15:21,76.71,29,1
2026-06-29,000333,11:15:24,76.71,35,2
2026-06-29,000333,11:15:27,76.71,19,2
2026-06-29,000333,11:15:30,76.70,200,1
2026-06-29,000333,11:15:33,76.69,264,1
2026-06-29,000333,11:15:36,76.71,503,2
2026-06-29,000333,11:15:39,76.71,64,2
2026-06-29,000333,11:15:42,76.71,17,2
2026-06-29,000333,11:15:45,76.71,11,2
2026-06-29,000333,11:15:48,76.70,69,1
2026-06-29,000333,11:15:51,76.70,73,2
2026-06-29,000333,11:15:54,76.68,142,1
2026-06-29,000333,11:15:57,76.68,41,1
2026-06-29,000333,11:16:00,76.69,102,2
2026-06-29,000333,11:16:03,76.68,53,1
2026-06-29,000333,11:16:06,76.68,32,1
2026-06-29,000333,11:16:09,76.69,35,2
2026-06-29,000333,11:16:12,76.67,41,1
2026-06-29,000333,11:16:15,76.67,26,1
2026-06-29,000333,11:16:18,76.67,26,1
2026-06-29,000333,11:16:21,76.68,56,2
2026-06-29,000333,11:16:24,76.67,62,1
2026-06-29,000333,11:16:27,76.67,53,1
2026-06-29,000333,11:16:30,76.67,97,1
2026-06-29,000333,11:16:33,76.67,70,1
2026-06-29,000333,11:16:36,76.68,32,2
2026-06-29,000333,11:16:39,76.68,78,2
2026-06-29,000333,11:16:42,76.67,21,1
2026-06-29,000333,11:16:45,76.68,17,2
2026-06-29,000333,11:16:48,76.68,11,2
2026-06-29,000333,11:16:51,76.73,436,2
2026-06-29,000333,11:16:54,76.80,293,2
2026-06-29,000333,11:16:57,76.80,166,2
2026-06-29,000333,11:17:00,76.80,43,2
2026-06-29,000333,11:17:03,76.80,38,1
2026-06-29,000333,11:17:06,76.81,64,2
2026-06-29,000333,11:17:09,76.80,126,1
2026-06-29,000333,11:17:12,76.80,138,2
2026-06-29,000333,11:17:15,76.78,33,1
2026-06-29,000333,11:17:18,76.78,15,1
2026-06-29,000333,11:17:21,76.78,95,1
2026-06-29,000333,11:17:24,76.78,29,2
2026-06-29,000333,11:17:27,76.78,148,2
2026-06-29,000333,11:17:30,76.78,25,2
2026-06-29,000333,11:17:33,76.78,107,1
2026-06-29,000333,11:17:36,76.78,177,2
2026-06-29,000333,11:17:39,76.77,39,1
2026-06-29,000333,11:17:42,76.76,153,1
2026-06-29,000333,11:17:45,76.72,91,1
2026-06-29,000333,11:17:48,76.71,139,1
2026-06-29,000333,11:17:51,76.68,139,1
2026-06-29,000333,11:17:54,76.68,84,1
2026-06-29,000333,11:17:57,76.70,27,2
2026-06-29,000333,11:18:00,76.70,19,2
2026-06-29,000333,11:18:03,76.70,50,2
2026-06-29,000333,11:18:06,76.70,33,2
2026-06-29,000333,11:18:09,76.70,19,2
2026-06-29,000333,11:18:12,76.69,14,1
2026-06-29,000333,11:18:15,76.69,102,1
2026-06-29,000333,11:18:18,76.68,62,1
2026-06-29,000333,11:18:21,76.68,72,2
2026-06-29,000333,11:18:24,76.70,75,2
2026-06-29,000333,11:18:27,76.70,16,2
2026-06-29,000333,11:18:30,76.70,31,2
2026-06-29,000333,11:18:33,76.70,55,2
2026-06-29,000333,11:18:36,76.70,21,2
2026-06-29,000333,11:18:39,76.69,10,1
2026-06-29,000333,11:18:42,76.68,3,1
2026-06-29,000333,11:18:45,76.69,30,1
2026-06-29,000333,11:18:48,76.70,88,2
2026-06-29,000333,11:18:51,76.70,19,2
2026-06-29,000333,11:18:54,76.69,127,1
2026-06-29,000333,11:18:57,76.70,50,2
2026-06-29,000333,11:19:00,76.70,25,2
2026-06-29,000333,11:19:03,76.70,65,2
2026-06-29,000333,11:19:06,76.70,56,2
2026-06-29,000333,11:19:09,76.70,15,2
2026-06-29,000333,11:19:12,76.70,19,2
2026-06-29,000333,11:19:15,76.70,20,2
2026-06-29,000333,11:19:18,76.69,91,1
2026-06-29,000333,11:19:21,76.69,147,1
2026-06-29,000333,11:19:24,76.69,60,1
2026-06-29,000333,11:19:27,76.69,66,1
2026-06-29,000333,11:19:30,76.70,12,2
2026-06-29,000333,11:19:33,76.70,64,2
2026-06-29,000333,11:19:36,76.70,25,2
2026-06-29,000333,11:19:39,76.70,30,2
2026-06-29,000333,11:19:42,76.70,43,1
2026-06-29,000333,11:19:45,76.72,29,2
2026-06-29,000333,11:19:48,76.70,38,1
2026-06-29,000333,11:19:51,76.70,27,1
2026-06-29,000333,11:19:54,76.70,92,2
2026-06-29,000333,11:19:57,76.71,50,2
2026-06-29,000333,11:20:00,76.71,8,2
2026-06-29,000333,11:20:03,76.71,23,2
2026-06-29,000333,11:20:06,76.71,109,2
2026-06-29,000333,11:20:09,76.71,89,2
2026-06-29,000333,11:20:12,76.70,143,1
2026-06-29,000333,11:20:15,76.74,24,2
2026-06-29,000333,11:20:18,76.72,124,1
2026-06-29,000333,11:20:21,76.75,47,2
2026-06-29,000333,11:20:24,76.75,46,2
2026-06-29,000333,11:20:27,76.76,41,2
2026-06-29,000333,11:20:30,76.76,18,2
2026-06-29,000333,11:20:33,76.76,31,2
2026-06-29,000333,11:20:36,76.77,27,2
2026-06-29,000333,11:20:39,76.76,28,1
2026-06-29,000333,11:20:42,76.76,194,1
2026-06-29,000333,11:20:45,76.75,46,1
2026-06-29,000333,11:20:48,76.73,391,1
2026-06-29,000333,11:20:51,76.71,162,1
2026-06-29,000333,11:20:54,76.71,262,1
2026-06-29,000333,11:20:57,76.70,81,1
2026-06-29,000333,11:21:00,76.70,101,1
2026-06-29,000333,11:21:03,76.72,177,2
2026-06-29,000333,11:21:06,76.72,20,2
2026-06-29,000333,11:21:09,76.72,12,2
2026-06-29,000333,11:21:12,76.73,50,2
2026-06-29,000333,11:21:15,76.73,312,2
2026-06-29,000333,11:21:18,76.74,60,2
2026-06-29,000333,11:21:21,76.77,24,2
2026-06-29,000333,11:21:24,76.76,15,1
2026-06-29,000333,11:21:27,76.78,53,2
2026-06-29,000333,11:21:30,76.77,22,1
2026-06-29,000333,11:21:33,76.78,33,2
2026-06-29,000333,11:21:36,76.78,69,2
2026-06-29,000333,11:21:39,76.76,154,1
2026-06-29,000333,11:21:42,76.76,90,1
2026-06-29,000333,11:21:45,76.76,88,2
2026-06-29,000333,11:21:48,76.76,67,2
2026-06-29,000333,11:21:51,76.76,504,2
2026-06-29,000333,11:21:54,76.76,105,2
2026-06-29,000333,11:21:57,76.77,82,2
2026-06-29,000333,11:22:00,76.76,47,1
2026-06-29,000333,11:22:03,76.75,26,1
2026-06-29,000333,11:22:06,76.75,28,2
2026-06-29,000333,11:22:09,76.74,45,1
2026-06-29,000333,11:22:12,76.74,67,1
2026-06-29,000333,11:22:15,76.75,56,2
2026-06-29,000333,11:22:18,76.76,72,2
2026-06-29,000333,11:22:21,76.75,18,1
2026-06-29,000333,11:22:24,76.75,22,2
2026-06-29,000333,11:22:27,76.76,82,2
2026-06-29,000333,11:22:30,76.83,1291,2
2026-06-29,000333,11:22:33,76.85,173,2
2026-06-29,000333,11:22:36,76.85,360,2
2026-06-29,000333,11:22:39,76.84,43,2
2026-06-29,000333,11:22:42,76.85,28,2
2026-06-29,000333,11:22:45,76.85,19,2
2026-06-29,000333,11:22:48,76.85,24,2
2026-06-29,000333,11:22:51,76.84,49,1
2026-06-29,000333,11:22:54,76.84,88,2
2026-06-29,000333,11:22:57,76.90,188,2
2026-06-29,000333,11:23:00,76.94,39,2
2026-06-29,000333,11:23:03,76.91,30,1
2026-06-29,000333,11:23:06,76.90,36,1
2026-06-29,000333,11:23:09,76.90,57,1
2026-06-29,000333,11:23:12,76.91,24,2
2026-06-29,000333,11:23:15,76.88,61,1
2026-06-29,000333,11:23:18,76.88,35,1
2026-06-29,000333,11:23:21,76.89,20,2
2026-06-29,000333,11:23:24,76.89,24,2
2026-06-29,000333,11:23:27,76.90,64,2
2026-06-29,000333,11:23:30,76.90,24,1
2026-06-29,000333,11:23:33,76.90,9,1
2026-06-29,000333,11:23:36,76.92,41,2
2026-06-29,000333,11:23:39,76.92,41,2
2026-06-29,000333,11:23:42,76.92,25,2
2026-06-29,000333,11:23:45,76.91,7,2
2026-06-29,000333,11:23:48,76.91,19,2
2026-06-29,000333,11:23:51,76.92,27,2
2026-06-29,000333,11:23:54,76.92,52,2
2026-06-29,000333,11:23:57,76.92,46,2
2026-06-29,000333,11:24:00,76.92,108,2
2026-06-29,000333,11:24:03,76.92,24,2
2026-06-29,000333,11:24:06,76.92,80,2
2026-06-29,000333,11:24:09,76.93,375,2
2026-06-29,000333,11:24:12,76.94,52,2
2026-06-29,000333,11:24:15,76.93,9,1
2026-06-29,000333,11:24:18,76.98,27,2
2026-06-29,000333,11:24:21,76.98,10,2
2026-06-29,000333,11:24:24,76.99,33,2
2026-06-29,000333,11:24:27,76.99,179,2
2026-06-29,000333,11:24:30,76.99,64,2
2026-06-29,000333,11:24:33,77.00,46,2
2026-06-29,000333,11:24:36,76.99,29,1
2026-06-29,000333,11:24:39,77.00,25,2
2026-06-29,000333,11:24:42,77.00,35,2
2026-06-29,000333,11:24:45,77.12,680,2
2026-06-29,000333,11:24:48,77.11,131,1
2026-06-29,000333,11:24:51,77.05,602,1
2026-06-29,000333,11:24:54,77.02,312,1
2026-06-29,000333,11:24:57,77.03,74,2
2026-06-29,000333,11:25:00,77.05,63,2
2026-06-29,000333,11:25:03,77.05,34,2
2026-06-29,000333,11:25:06,77.06,111,2
2026-06-29,000333,11:25:09,77.05,36,1
2026-06-29,000333,11:25:12,77.05,48,1
2026-06-29,000333,11:25:15,77.09,57,2
2026-06-29,000333,11:25:18,77.09,30,2
2026-06-29,000333,11:25:21,77.07,39,1
2026-06-29,000333,11:25:24,77.09,64,2
2026-06-29,000333,11:25:27,77.10,53,2
2026-06-29,000333,11:25:30,77.10,72,1
2026-06-29,000333,11:25:33,77.10,76,1
2026-06-29,000333,11:25:36,77.11,96,2
2026-06-29,000333,11:25:39,77.11,48,2
2026-06-29,000333,11:25:42,77.10,37,1
2026-06-29,000333,11:25:45,77.10,15,2
2026-06-29,000333,11:25:48,77.10,38,2
2026-06-29,000333,11:25:51,77.11,15,2
2026-06-29,000333,11:25:54,77.12,25,2
2026-06-29,000333,11:25:57,77.14,31,2
2026-06-29,000333,11:26:00,77.12,23,1
2026-06-29,000333,11:26:03,77.13,67,2
2026-06-29,000333,11:26:06,77.13,81,2
2026-06-29,000333,11:26:09,77.12,77,1
2026-06-29,000333,11:26:12,77.13,53,2
2026-06-29,000333,11:26:15,77.13,83,2
2026-06-29,000333,11:26:18,77.13,35,1
2026-06-29,000333,11:26:21,77.13,24,1
2026-06-29,000333,11:26:24,77.14,42,2
2026-06-29,000333,11:26:27,77.15,75,2
2026-06-29,000333,11:26:30,77.14,60,1
2026-06-29,000333,11:26:33,77.12,195,1
2026-06-29,000333,11:26:36,77.00,259,1
2026-06-29,000333,11:26:39,76.94,183,1
2026-06-29,000333,11:26:42,76.92,135,1
2026-06-29,000333,11:26:45,76.94,52,2
2026-06-29,000333,11:26:48,76.94,21,2
2026-06-29,000333,11:26:51,76.94,18,2
2026-06-29,000333,11:26:54,77.01,561,2
2026-06-29,000333,11:26:57,77.04,109,2
2026-06-29,000333,11:27:00,77.04,13,2
2026-06-29,000333,11:27:03,77.04,23,2
2026-06-29,000333,11:27:06,77.00,36,1
2026-06-29,000333,11:27:09,76.99,45,2
2026-06-29,000333,11:27:12,76.97,44,1
2026-06-29,000333,11:27:15,76.99,90,2
2026-06-29,000333,11:27:18,76.99,57,2
2026-06-29,000333,11:27:21,76.99,87,2
2026-06-29,000333,11:27:24,77.00,107,2
2026-06-29,000333,11:27:27,76.97,82,1
2026-06-29,000333,11:27:30,76.91,81,1
2026-06-29,000333,11:27:33,76.91,169,1
2026-06-29,000333,11:27:36,76.91,98,1
2026-06-29,000333,11:27:39,76.91,63,1
2026-06-29,000333,11:27:42,76.89,22,1
2026-06-29,000333,11:27:45,76.92,33,2
2026-06-29,000333,11:27:48,76.92,27,2
2026-06-29,000333,11:27:51,76.92,99,2
2026-06-29,000333,11:27:54,76.91,97,1
2026-06-29,000333,11:27:57,76.92,25,2
2026-06-29,000333,11:28:00,76.91,14,1
2026-06-29,000333,11:28:03,76.92,39,2
2026-06-29,000333,11:28:06,76.92,42,2
2026-06-29,000333,11:28:09,76.90,34,2
2026-06-29,000333,11:28:12,76.88,86,1
2026-06-29,000333,11:28:15,76.90,64,2
2026-06-29,000333,11:28:18,76.90,121,1
2026-06-29,000333,11:28:21,76.88,52,1
2026-06-29,000333,11:28:24,76.88,69,2
2026-06-29,000333,11:28:27,76.89,17,2
2026-06-29,000333,11:28:30,76.89,37,2
2026-06-29,000333,11:28:33,76.91,75,2
2026-06-29,000333,11:28:36,76.94,170,2
2026-06-29,000333,11:28:39,76.95,68,2
2026-06-29,000333,11:28:42,76.94,63,1
2026-06-29,000333,11:28:45,76.94,68,1
2026-06-29,000333,11:28:48,76.89,108,1
2026-06-29,000333,11:28:51,76.95,148,2
2026-06-29,000333,11:28:54,76.90,42,1
2026-06-29,000333,11:28:57,76.94,57,2
2026-06-29,000333,11:29:00,76.94,133,1
2026-06-29,000333,11:29:03,76.94,26,2
2026-06-29,000333,11:29:06,76.94,59,2
2026-06-29,000333,11:29:09,76.95,155,2
2026-06-29,000333,11:29:12,76.94,85,1
2026-06-29,000333,11:29:15,76.91,266,1
2026-06-29,000333,11:29:18,76.91,168,1
2026-06-29,000333,11:29:21,76.90,69,1
2026-06-29,000333,11:29:24,76.86,180,1
2026-06-29,000333,11:29:27,76.90,202,2
2026-06-29,000333,11:29:30,76.90,100,1
2026-06-29,000333,11:29:33,76.87,59,1
2026-06-29,000333,11:29:36,76.86,38,1
2026-06-29,000333,11:29:39,76.84,86,1
2026-06-29,000333,11:29:42,76.85,31,2
2026-06-29,000333,11:29:45,76.83,19,1
2026-06-29,000333,11:29:48,76.82,16,1
2026-06-29,000333,11:29:51,76.81,90,1
2026-06-29,000333,11:29:54,76.80,243,1
2026-06-29,000333,11:29:57,76.82,750,2
2026-06-29,000333,11:30:00,76.89,89,2
2026-06-29,000333,13:00:00,77.04,582,2
2026-06-29,000333,13:00:03,77.00,1184,1
2026-06-29,000333,13:00:06,77.18,1164,2
2026-06-29,000333,13:00:09,77.34,726,2
2026-06-29,000333,13:00:12,77.49,2216,2
2026-06-29,000333,13:00:15,77.48,449,1
2026-06-29,000333,13:00:18,77.34,270,1
2026-06-29,000333,13:00:21,77.23,352,1
2026-06-29,000333,13:00:24,77.22,220,1
2026-06-29,000333,13:00:27,77.33,807,2
2026-06-29,000333,13:00:30,77.33,312,2
2026-06-29,000333,13:00:33,77.41,94,2
2026-06-29,000333,13:00:36,77.43,54,2
2026-06-29,000333,13:00:39,77.44,98,2
2026-06-29,000333,13:00:42,77.45,162,2
2026-06-29,000333,13:00:45,77.47,197,2
2026-06-29,000333,13:00:48,77.48,144,2
2026-06-29,000333,13:00:51,77.42,547,1
2026-06-29,000333,13:00:54,77.37,132,1
2026-06-29,000333,13:00:57,77.49,438,2
2026-06-29,000333,13:01:00,77.47,74,1
2026-06-29,000333,13:01:03,77.47,144,2
2026-06-29,000333,13:01:06,77.43,209,1
2026-06-29,000333,13:01:09,77.34,207,1
2026-06-29,000333,13:01:12,77.41,164,2
2026-06-29,000333,13:01:15,77.40,54,1
2026-06-29,000333,13:01:18,77.40,81,2
2026-06-29,000333,13:01:21,77.39,186,1
2026-06-29,000333,13:01:24,77.36,73,1
2026-06-29,000333,13:01:27,77.30,49,1
2026-06-29,000333,13:01:30,77.25,147,1
2026-06-29,000333,13:01:33,77.32,96,2
2026-06-29,000333,13:01:36,77.32,67,2
2026-06-29,000333,13:01:39,77.34,99,2
2026-06-29,000333,13:01:42,77.33,87,1
2026-06-29,000333,13:01:45,77.31,129,1
2026-06-29,000333,13:01:48,77.26,92,1
2026-06-29,000333,13:01:51,77.27,39,2
2026-06-29,000333,13:01:54,77.24,113,1
2026-06-29,000333,13:01:57,77.23,105,1
2026-06-29,000333,13:02:00,77.14,71,1
2026-06-29,000333,13:02:03,77.07,73,1
2026-06-29,000333,13:02:06,77.05,84,1
2026-06-29,000333,13:02:09,77.07,115,2
2026-06-29,000333,13:02:12,77.07,63,2
2026-06-29,000333,13:02:15,77.07,23,2
2026-06-29,000333,13:02:18,77.04,65,1
2026-06-29,000333,13:02:21,77.05,126,2
2026-06-29,000333,13:02:24,77.03,129,1
2026-06-29,000333,13:02:27,77.01,134,1
2026-06-29,000333,13:02:30,76.96,48,1
2026-06-29,000333,13:02:33,76.97,99,1
2026-06-29,000333,13:02:36,76.98,211,2
2026-06-29,000333,13:02:39,76.96,169,1
2026-06-29,000333,13:02:42,76.96,30,2
2026-06-29,000333,13:02:45,76.96,56,2
2026-06-29,000333,13:02:48,76.96,175,2
2026-06-29,000333,13:02:51,76.98,108,2
2026-06-29,000333,13:02:54,76.97,50,2
2026-06-29,000333,13:02:57,76.98,31,2
2026-06-29,000333,13:03:00,76.97,31,1
2026-06-29,000333,13:03:03,76.97,334,1
2026-06-29,000333,13:03:06,76.96,181,1
2026-06-29,000333,13:03:09,76.98,380,2
2026-06-29,000333,13:03:12,76.98,121,2
2026-06-29,000333,13:03:15,76.98,194,2
2026-06-29,000333,13:03:18,76.98,35,2
2026-06-29,000333,13:03:21,76.96,36,1
2026-06-29,000333,13:03:24,77.03,1195,2
2026-06-29,000333,13:03:27,77.07,176,2
2026-06-29,000333,13:03:30,77.04,53,1
2026-06-29,000333,13:03:33,77.03,84,1
2026-06-29,000333,13:03:36,77.07,61,2
2026-06-29,000333,13:03:39,77.08,20,2
2026-06-29,000333,13:03:42,77.08,69,2
2026-06-29,000333,13:03:45,77.09,57,2
2026-06-29,000333,13:03:48,77.11,287,2
2026-06-29,000333,13:03:51,77.09,131,1
2026-06-29,000333,13:03:54,77.09,59,1
2026-06-29,000333,13:03:57,77.10,114,2
2026-06-29,000333,13:04:00,77.09,116,1
2026-06-29,000333,13:04:03,77.03,250,1
2026-06-29,000333,13:04:06,77.03,50,1
2026-06-29,000333,13:04:09,77.04,35,2
2026-06-29,000333,13:04:12,77.07,19,2
2026-06-29,000333,13:04:15,77.06,53,1
2026-06-29,000333,13:04:18,77.04,104,1
2026-06-29,000333,13:04:21,77.04,64,1
2026-06-29,000333,13:04:24,77.04,64,2
2026-06-29,000333,13:04:27,77.06,44,2
2026-06-29,000333,13:04:30,77.06,30,2
2026-06-29,000333,13:04:33,77.04,53,1
2026-06-29,000333,13:04:36,77.05,66,2
2026-06-29,000333,13:04:39,77.05,64,2
2026-06-29,000333,13:04:42,77.05,24,2
2026-06-29,000333,13:04:45,77.05,22,2
2026-06-29,000333,13:04:48,77.05,62,2
2026-06-29,000333,13:04:51,77.05,60,2
2026-06-29,000333,13:04:54,77.05,57,2
2026-06-29,000333,13:04:57,77.05,465,1
2026-06-29,000333,13:05:00,77.02,118,1
2026-06-29,000333,13:05:03,77.04,18,2
2026-06-29,000333,13:05:06,77.03,22,1
2026-06-29,000333,13:05:09,77.03,7,2
2026-06-29,000333,13:05:12,77.03,24,2
2026-06-29,000333,13:05:15,77.03,35,2
2026-06-29,000333,13:05:18,77.03,47,1
2026-06-29,000333,13:05:21,77.04,61,2
2026-06-29,000333,13:05:24,77.04,31,2
2026-06-29,000333,13:05:27,77.05,48,2
2026-06-29,000333,13:05:30,77.03,36,1
2026-06-29,000333,13:05:33,77.04,40,1
2026-06-29,000333,13:05:36,77.06,47,2
2026-06-29,000333,13:05:39,77.07,34,2
2026-06-29,000333,13:05:42,77.08,24,2
2026-06-29,000333,13:05:45,77.10,52,2
2026-06-29,000333,13:05:48,77.11,52,2
2026-06-29,000333,13:05:51,77.08,68,1
2026-06-29,000333,13:05:54,77.11,74,2
2026-06-29,000333,13:05:57,77.11,29,2
2026-06-29,000333,13:06:00,77.13,71,2
2026-06-29,000333,13:06:03,77.11,143,1
2026-06-29,000333,13:06:06,77.11,592,2
2026-06-29,000333,13:06:09,77.13,97,2
2026-06-29,000333,13:06:12,77.13,325,2
2026-06-29,000333,13:06:15,77.15,431,2
2026-06-29,000333,13:06:18,77.19,138,2
2026-06-29,000333,13:06:21,77.19,79,2
2026-06-29,000333,13:06:24,77.19,44,2
2026-06-29,000333,13:06:27,77.16,21,1
2026-06-29,000333,13:06:30,77.16,76,2
2026-06-29,000333,13:06:33,77.16,76,2
2026-06-29,000333,13:06:36,77.18,35,2
2026-06-29,000333,13:06:39,77.19,73,2
2026-06-29,000333,13:06:42,77.20,60,2
2026-06-29,000333,13:06:45,77.18,60,1
2026-06-29,000333,13:06:48,77.18,145,2
2026-06-29,000333,13:06:51,77.20,53,2
2026-06-29,000333,13:06:54,77.20,74,2
2026-06-29,000333,13:06:57,77.18,202,1
2026-06-29,000333,13:07:00,77.19,142,1
2026-06-29,000333,13:07:03,77.18,262,1
2026-06-29,000333,13:07:06,77.10,183,1
2026-06-29,000333,13:07:09,77.09,109,2
2026-06-29,000333,13:07:12,77.05,67,1
2026-06-29,000333,13:07:15,77.08,71,2
2026-06-29,000333,13:07:18,77.00,177,1
2026-06-29,000333,13:07:21,77.00,84,2
2026-06-29,000333,13:07:24,77.00,51,2
2026-06-29,000333,13:07:27,77.00,62,2
2026-06-29,000333,13:07:30,77.00,145,2
2026-06-29,000333,13:07:33,76.98,63,1
2026-06-29,000333,13:07:36,76.97,97,1
2026-06-29,000333,13:07:39,76.96,77,2
2026-06-29,000333,13:07:42,76.94,61,1
2026-06-29,000333,13:07:45,76.99,48,2
2026-06-29,000333,13:07:48,76.98,53,1
2026-06-29,000333,13:07:51,76.96,46,1
2026-06-29,000333,13:07:54,76.95,29,2
2026-06-29,000333,13:07:57,76.94,104,1
2026-06-29,000333,13:08:00,76.90,179,1
2026-06-29,000333,13:08:03,76.91,84,1
2026-06-29,000333,13:08:06,76.91,62,2
2026-06-29,000333,13:08:09,76.92,41,2
2026-06-29,000333,13:08:12,76.92,31,2
2026-06-29,000333,13:08:15,76.92,38,2
2026-06-29,000333,13:08:18,76.93,37,2
2026-06-29,000333,13:08:21,76.93,52,2
2026-06-29,000333,13:08:24,76.93,144,1
2026-06-29,000333,13:08:27,76.93,31,2
2026-06-29,000333,13:08:30,76.92,140,1
2026-06-29,000333,13:08:33,76.92,213,1
2026-06-29,000333,13:08:36,76.91,203,1
2026-06-29,000333,13:08:39,76.90,203,1
2026-06-29,000333,13:08:42,76.90,159,1
2026-06-29,000333,13:08:45,76.91,161,2
2026-06-29,000333,13:08:48,76.91,115,1
2026-06-29,000333,13:08:51,76.90,85,1
2026-06-29,000333,13:08:54,76.91,59,2
2026-06-29,000333,13:08:57,76.91,16,2
2026-06-29,000333,13:09:00,76.90,25,1
2026-06-29,000333,13:09:03,76.90,88,1
2026-06-29,000333,13:09:06,76.90,69,1
2026-06-29,000333,13:09:09,76.91,103,2
2026-06-29,000333,13:09:12,76.91,28,2
2026-06-29,000333,13:09:15,76.90,58,1
2026-06-29,000333,13:09:18,76.90,104,1
2026-06-29,000333,13:09:21,76.90,59,1
2026-06-29,000333,13:09:24,76.90,72,2
2026-06-29,000333,13:09:27,76.90,263,2
2026-06-29,000333,13:09:30,76.89,81,1
2026-06-29,000333,13:09:33,76.88,869,1
2026-06-29,000333,13:09:36,76.87,171,1
