date,code,time,price,volume,bs
2026-04-30,601318,14:06:57,59.4700,37,2
2026-04-30,601318,14:07:01,59.4800,26,1
2026-04-30,601318,14:07:04,59.4700,234,2
2026-04-30,601318,14:07:07,59.4800,57,1
2026-04-30,601318,14:07:09,59.4700,59,2
2026-04-30,601318,14:07:12,59.4800,24,1
2026-04-30,601318,14:07:16,59.4700,65,2
2026-04-30,601318,14:07:18,59.4700,58,1
2026-04-30,601318,14:07:22,59.4700,37,1
2026-04-30,601318,14:07:24,59.4800,52,1
2026-04-30,601318,14:07:27,59.4800,204,1
2026-04-30,601318,14:07:31,59.4800,85,1
2026-04-30,601318,14:07:34,59.4800,154,1
2026-04-30,601318,14:07:37,59.4800,176,2
2026-04-30,601318,14:07:42,59.4800,9,2
2026-04-30,601318,14:07:45,59.4800,31,2
2026-04-30,601318,14:07:49,59.4800,75,2
2026-04-30,601318,14:07:51,59.4800,51,1
2026-04-30,601318,14:07:55,59.4800,26,1
2026-04-30,601318,14:07:58,59.5000,304,1
2026-04-30,601318,14:08:00,59.4900,49,4
2026-04-30,601318,14:08:04,59.4800,223,2
2026-04-30,601318,14:08:06,59.4800,50,2
2026-04-30,601318,14:08:10,59.4800,14,2
2026-04-30,601318,14:08:13,59.4900,22,1
2026-04-30,601318,14:08:16,59.4800,23,2
2026-04-30,601318,14:08:18,59.4700,45,2
2026-04-30,601318,14:08:22,59.4800,66,1
2026-04-30,601318,14:08:24,59.4900,78,1
2026-04-30,601318,14:08:27,59.4900,250,1
2026-04-30,601318,14:08:31,59.4700,126,2
2026-04-30,601318,14:08:33,59.4800,228,1
2026-04-30,601318,14:08:36,59.4600,610,2
2026-04-30,601318,14:08:40,59.4600,34,1
2026-04-30,601318,14:08:43,59.4600,119,1
2026-04-30,601318,14:08:45,59.4900,175,1
2026-04-30,601318,14:08:49,59.4900,245,1
2026-04-30,601318,14:08:52,59.4900,47,1
2026-04-30,601318,14:08:55,59.4800,16,1
2026-04-30,601318,14:08:58,59.4900,96,1
2026-04-30,601318,14:09:01,59.4900,126,1
2026-04-30,601318,14:09:03,59.4900,57,1
2026-04-30,601318,14:09:07,59.4800,183,2
2026-04-30,601318,14:09:09,59.4700,33,2
2026-04-30,601318,14:09:13,59.4800,23,1
2026-04-30,601318,14:09:16,59.4700,34,2
2026-04-30,601318,14:09:19,59.4900,214,1
2026-04-30,601318,14:09:22,59.4800,109,2
2026-04-30,601318,14:09:25,59.4800,14,2
2026-04-30,601318,14:09:27,59.4700,10,2
2026-04-30,601318,14:09:30,59.4800,27,1
2026-04-30,601318,14:09:34,59.4800,240,1
2026-04-30,601318,14:09:37,59.4800,154,2
2026-04-30,601318,14:09:40,59.4800,153,1
2026-04-30,601318,14:09:42,59.4800,109,1
2026-04-30,601318,14:09:46,59.4800,99,1
2026-04-30,601318,14:09:48,59.4600,32,2
2026-04-30,601318,14:09:52,59.4400,438,2
2026-04-30,601318,14:09:55,59.4500,77,4
2026-04-30,601318,14:09:57,59.4500,113,2
2026-04-30,601318,14:10:00,59.4500,41,2
2026-04-30,601318,14:10:04,59.4500,172,1
2026-04-30,601318,14:10:07,59.4500,117,2
2026-04-30,601318,14:10:10,59.4400,86,2
2026-04-30,601318,14:10:13,59.4600,217,1
2026-04-30,601318,14:10:16,59.4400,63,2
2026-04-30,601318,14:10:18,59.4300,273,2
2026-04-30,601318,14:10:22,59.4400,562,1
2026-04-30,601318,14:10:25,59.4400,268,1
2026-04-30,601318,14:10:28,59.4900,303,1
2026-04-30,601318,14:10:31,59.4900,326,1
2026-04-30,601318,14:10:34,59.4600,248,2
2026-04-30,601318,14:10:37,59.4600,163,2
2026-04-30,601318,14:10:39,59.4600,53,2
2026-04-30,601318,14:10:42,59.4900,112,1
2026-04-30,601318,14:10:45,59.4800,39,1
2026-04-30,601318,14:10:49,59.4800,111,2
2026-04-30,601318,14:10:51,59.4900,94,1
2026-04-30,601318,14:10:55,59.4800,16,2
2026-04-30,601318,14:10:58,59.4800,255,2
2026-04-30,601318,14:11:01,59.4700,356,2
2026-04-30,601318,14:11:03,59.4800,179,1
2026-04-30,601318,14:11:07,59.4900,82,1
2026-04-30,601318,14:11:10,59.4800,45,1
2026-04-30,601318,14:11:13,59.4900,98,1
2026-04-30,601318,14:11:15,59.4700,103,2
2026-04-30,601318,14:11:18,59.4700,51,2
2026-04-30,601318,14:11:21,59.4800,40,1
2026-04-30,601318,14:11:24,59.4900,210,1
2026-04-30,601318,14:11:28,59.4800,61,2
2026-04-30,601318,14:11:31,59.4900,89,1
2026-04-30,601318,14:11:34,59.4900,271,1
2026-04-30,601318,14:11:36,59.4900,38,1
2026-04-30,601318,14:11:40,59.4900,54,1
2026-04-30,601318,14:11:43,59.4900,29,1
2026-04-30,601318,14:11:45,59.4800,174,2
2026-04-30,601318,14:11:48,59.4800,82,1
2026-04-30,601318,14:11:52,59.4800,71,1
2026-04-30,601318,14:11:55,59.4800,57,1
2026-04-30,601318,14:11:57,59.4800,289,1
2026-04-30,601318,14:12:01,59.4700,42,2
2026-04-30,601318,14:12:04,59.4800,99,1
2026-04-30,601318,14:12:07,59.4800,141,2
2026-04-30,601318,14:12:09,59.4700,203,2
2026-04-30,601318,14:12:13,59.4800,65,1
2026-04-30,601318,14:12:15,59.4800,23,1
2026-04-30,601318,14:12:18,59.4800,146,1
2026-04-30,601318,14:12:22,59.4900,484,1
2026-04-30,601318,14:12:25,59.4900,1,1
2026-04-30,601318,14:12:28,59.4800,416,2
2026-04-30,601318,14:12:31,59.4800,61,1
2026-04-30,601318,14:12:34,59.4800,116,1
2026-04-30,601318,14:12:36,59.4700,354,2
2026-04-30,601318,14:12:40,59.4900,133,1
2026-04-30,601318,14:12:43,59.4900,12,1
2026-04-30,601318,14:12:46,59.4800,39,2
2026-04-30,601318,14:12:49,59.4900,230,1
2026-04-30,601318,14:12:52,59.4900,69,1
2026-04-30,601318,14:12:54,59.4800,105,2
2026-04-30,601318,14:12:57,59.4800,150,2
2026-04-30,601318,14:13:00,59.4700,138,2
2026-04-30,601318,14:13:04,59.4800,600,1
2026-04-30,601318,14:13:06,59.4700,141,2
2026-04-30,601318,14:13:10,59.4800,175,1
2026-04-30,601318,14:13:13,59.4700,5,4
2026-04-30,601318,14:13:16,59.4700,1,2
2026-04-30,601318,14:13:19,59.4700,60,2
2026-04-30,601318,14:13:24,59.4800,8,1
2026-04-30,601318,14:13:28,59.4700,354,2
2026-04-30,601318,14:13:31,59.4700,26,2
2026-04-30,601318,14:13:34,59.4700,171,1
2026-04-30,601318,14:13:37,59.4700,7,2
2026-04-30,601318,14:13:39,59.4700,164,2
2026-04-30,601318,14:13:43,59.4800,238,1
2026-04-30,601318,14:13:45,59.4700,4,2
2026-04-30,601318,14:13:49,59.4700,168,2
2026-04-30,601318,14:13:52,59.4600,184,2
2026-04-30,601318,14:13:54,59.4700,107,1
2026-04-30,601318,14:13:57,59.4700,147,2
2026-04-30,601318,14:14:00,59.4700,66,4
2026-04-30,601318,14:14:03,59.4700,152,1
2026-04-30,601318,14:14:07,59.4800,14,1
2026-04-30,601318,14:14:10,59.4700,92,2
2026-04-30,601318,14:14:13,59.4700,58,1
2026-04-30,601318,14:14:16,59.4700,56,2
2026-04-30,601318,14:14:18,59.4700,86,2
2026-04-30,601318,14:14:22,59.4800,22,1
2026-04-30,601318,14:14:25,59.4800,208,1
2026-04-30,601318,14:14:28,59.4800,24,2
2026-04-30,601318,14:14:31,59.4800,208,2
2026-04-30,601318,14:14:33,59.4800,88,1
2026-04-30,601318,14:14:37,59.4700,131,2
2026-04-30,601318,14:14:39,59.4700,98,2
2026-04-30,601318,14:14:42,59.4700,4,2
2026-04-30,601318,14:14:45,59.4800,23,1
2026-04-30,601318,14:14:48,59.4700,23,2
2026-04-30,601318,14:14:52,59.4800,6,1
2026-04-30,601318,14:14:55,59.4800,127,1
2026-04-30,601318,14:14:58,59.4700,115,2
2026-04-30,601318,14:15:01,59.4900,221,1
2026-04-30,601318,14:15:03,59.4800,236,2
2026-04-30,601318,14:15:06,59.4900,2,1
2026-04-30,601318,14:15:10,59.4900,190,1
2026-04-30,601318,14:15:12,59.4800,53,2
2026-04-30,601318,14:15:16,59.4800,37,2
2026-04-30,601318,14:15:18,59.4800,308,2
2026-04-30,601318,14:15:22,59.4800,44,2
2026-04-30,601318,14:15:25,59.4800,80,2
2026-04-30,601318,14:15:27,59.4800,2,1
2026-04-30,601318,14:15:31,59.4700,24,2
2026-04-30,601318,14:15:33,59.4800,129,1
2026-04-30,601318,14:15:37,59.4800,12,2
2026-04-30,601318,14:15:39,59.4800,304,2
2026-04-30,601318,14:15:43,59.4900,98,1
2026-04-30,601318,14:15:46,59.4800,175,2
2026-04-30,601318,14:15:48,59.4700,111,2
2026-04-30,601318,14:15:51,59.4800,205,1
2026-04-30,601318,14:15:54,59.4700,10,2
2026-04-30,601318,14:15:58,59.4700,293,2
2026-04-30,601318,14:16:01,59.4700,25,2
2026-04-30,601318,14:16:04,59.4700,215,1
2026-04-30,601318,14:16:07,59.5000,681,1
2026-04-30,601318,14:16:09,59.5000,784,1
2026-04-30,601318,14:16:12,59.5000,219,1
2026-04-30,601318,14:16:15,59.4900,238,2
2026-04-30,601318,14:16:18,59.4900,46,2
2026-04-30,601318,14:16:22,59.5000,241,1
2026-04-30,601318,14:16:25,59.4900,1,2
2026-04-30,601318,14:16:28,59.4900,66,2
2026-04-30,601318,14:16:30,59.4900,288,2
2026-04-30,601318,14:16:33,59.5000,190,1
2026-04-30,601318,14:16:37,59.5000,16,1
2026-04-30,601318,14:16:40,59.4900,97,2
2026-04-30,601318,14:16:43,59.4800,55,2
2026-04-30,601318,14:16:46,59.4900,38,1
2026-04-30,601318,14:16:49,59.4800,165,2
2026-04-30,601318,14:16:52,59.4900,237,1
2026-04-30,601318,14:16:55,59.4900,12,1
2026-04-30,601318,14:16:58,59.4900,71,1
2026-04-30,601318,14:17:01,59.4900,111,1
2026-04-30,601318,14:17:04,59.4900,174,1
2026-04-30,601318,14:17:06,59.4900,187,2
2026-04-30,601318,14:17:09,59.4700,565,2
2026-04-30,601318,14:17:12,59.4700,20,2
2026-04-30,601318,14:17:15,59.4700,20,2
2026-04-30,601318,14:17:19,59.4700,25,2
2026-04-30,601318,14:17:22,59.4800,59,1
2026-04-30,601318,14:17:24,59.4800,91,1
2026-04-30,601318,14:17:27,59.4900,19,1
2026-04-30,601318,14:17:30,59.4800,69,2
2026-04-30,601318,14:17:34,59.4800,312,2
2026-04-30,601318,14:17:37,59.4800,40,2
2026-04-30,601318,14:17:39,59.4800,56,2
2026-04-30,601318,14:17:42,59.4900,62,1
2026-04-30,601318,14:17:46,59.4700,31,2
2026-04-30,601318,14:17:49,59.4700,272,2
2026-04-30,601318,14:17:51,59.4700,51,2
2026-04-30,601318,14:17:55,59.4900,249,1
2026-04-30,601318,14:17:58,59.4600,150,2
2026-04-30,601318,14:18:01,59.4700,4,2
2026-04-30,601318,14:18:04,59.4700,67,1
2026-04-30,601318,14:18:07,59.4800,33,1
2026-04-30,601318,14:18:10,59.4700,321,2
2026-04-30,601318,14:18:13,59.4800,91,1
2026-04-30,601318,14:18:15,59.4800,210,2
2026-04-30,601318,14:18:18,59.4800,57,2
2026-04-30,601318,14:18:22,59.4800,64,1
2026-04-30,601318,14:18:25,59.4700,125,2
2026-04-30,601318,14:18:27,59.4700,88,2
2026-04-30,601318,14:18:30,59.4600,119,2
2026-04-30,601318,14:18:34,59.4700,216,1
2026-04-30,601318,14:18:37,59.4700,15,1
2026-04-30,601318,14:18:40,59.4600,57,2
2026-04-30,601318,14:18:43,59.4500,87,2
2026-04-30,601318,14:18:46,59.4400,802,2
2026-04-30,601318,14:18:48,59.4600,346,1
2026-04-30,601318,14:18:52,59.4600,324,1
2026-04-30,601318,14:18:55,59.4600,68,2
2026-04-30,601318,14:18:58,59.4600,29,2
2026-04-30,601318,14:19:01,59.4500,47,2
2026-04-30,601318,14:19:03,59.4600,59,1
2026-04-30,601318,14:19:07,59.4600,2,2
2026-04-30,601318,14:19:10,59.4700,38,1
2026-04-30,601318,14:19:13,59.4600,73,2
2026-04-30,601318,14:19:16,59.4700,48,1
2026-04-30,601318,14:19:19,59.4600,98,2
2026-04-30,601318,14:19:22,59.4600,93,2
2026-04-30,601318,14:19:25,59.4600,55,2
2026-04-30,601318,14:19:28,59.4600,23,2
2026-04-30,601318,14:19:30,59.4600,58,2
2026-04-30,601318,14:19:33,59.4700,152,1
2026-04-30,601318,14:19:37,59.4700,79,2
2026-04-30,601318,14:19:40,59.4600,311,2
2026-04-30,601318,14:19:43,59.4800,22,1
2026-04-30,601318,14:19:45,59.4600,111,2
2026-04-30,601318,14:19:48,59.4600,202,1
2026-04-30,601318,14:19:51,59.4500,145,2
2026-04-30,601318,14:19:55,59.4600,58,1
2026-04-30,601318,14:19:57,59.4400,20,2
2026-04-30,601318,14:20:00,59.4400,35,2
2026-04-30,601318,14:20:04,59.4500,83,1
2026-04-30,601318,14:20:06,59.4600,72,1
2026-04-30,601318,14:20:10,59.4600,129,1
2026-04-30,601318,14:20:12,59.4500,87,1
2026-04-30,601318,14:20:16,59.4800,381,1
2026-04-30,601318,14:20:19,59.4800,619,1
2026-04-30,601318,14:20:21,59.4800,43,1
2026-04-30,601318,14:20:24,59.4800,2,1
2026-04-30,601318,14:20:28,59.4700,87,2
2026-04-30,601318,14:20:31,59.4700,50,2
2026-04-30,601318,14:20:34,59.4700,193,1
2026-04-30,601318,14:20:37,59.4600,27,2
2026-04-30,601318,14:20:40,59.4600,72,2
2026-04-30,601318,14:20:43,59.4600,56,2
2026-04-30,601318,14:20:45,59.4700,28,1
2026-04-30,601318,14:20:48,59.4600,85,1
2026-04-30,601318,14:20:52,59.4500,57,2
2026-04-30,601318,14:20:55,59.4600,258,1
2026-04-30,601318,14:20:57,59.4600,48,1
2026-04-30,601318,14:21:01,59.4500,12,2
2026-04-30,601318,14:21:03,59.4500,208,2
2026-04-30,601318,14:21:06,59.4600,30,1
2026-04-30,601318,14:21:09,59.4500,25,2
2026-04-30,601318,14:21:13,59.4500,39,2
2026-04-30,601318,14:21:15,59.4500,4,2
2026-04-30,601318,14:21:19,59.4500,81,2
2026-04-30,601318,14:21:22,59.4500,14,4
2026-04-30,601318,14:21:25,59.4400,129,2
2026-04-30,601318,14:21:28,59.4500,86,1
2026-04-30,601318,14:21:31,59.4500,40,1
2026-04-30,601318,14:21:34,59.4600,180,1
2026-04-30,601318,14:21:37,59.4500,6,2
2026-04-30,601318,14:21:39,59.4600,38,1
2026-04-30,601318,14:21:42,59.4500,60,2
2026-04-30,601318,14:21:45,59.4500,26,1
2026-04-30,601318,14:21:48,59.4400,64,2
2026-04-30,601318,14:21:52,59.4500,154,1
2026-04-30,601318,14:21:55,59.4400,44,2
2026-04-30,601318,14:21:58,59.4400,63,2
2026-04-30,601318,14:22:00,59.4400,54,2
2026-04-30,601318,14:22:04,59.4500,156,1
2026-04-30,601318,14:22:07,59.4500,36,2
2026-04-30,601318,14:22:10,59.4400,305,2
2026-04-30,601318,14:22:13,59.4300,496,2
2026-04-30,601318,14:22:16,59.4600,249,1
2026-04-30,601318,14:22:19,59.4700,842,1
2026-04-30,601318,14:22:22,59.4300,1341,2
2026-04-30,601318,14:22:24,59.4400,84,1
2026-04-30,601318,14:22:27,59.4400,175,1
2026-04-30,601318,14:22:31,59.4300,149,2
2026-04-30,601318,14:22:33,59.4300,111,1
2026-04-30,601318,14:22:37,59.4400,272,1
2026-04-30,601318,14:22:39,59.4600,866,1
2026-04-30,601318,14:22:42,59.4600,433,2
2026-04-30,601318,14:22:45,59.4500,42,1
2026-04-30,601318,14:22:49,59.4300,22,2
2026-04-30,601318,14:22:51,59.4300,35,2
2026-04-30,601318,14:22:55,59.4300,47,2
2026-04-30,601318,14:22:58,59.4400,163,1
2026-04-30,601318,14:23:01,59.4400,272,1
2026-04-30,601318,14:23:04,59.4300,304,2
2026-04-30,601318,14:23:07,59.4400,45,1
2026-04-30,601318,14:23:09,59.4400,124,1
2026-04-30,601318,14:23:12,59.4200,85,2
2026-04-30,601318,14:23:15,59.4300,26,1
2026-04-30,601318,14:23:18,59.4400,497,1
2026-04-30,601318,14:23:21,59.4300,50,2
2026-04-30,601318,14:23:25,59.4300,301,2
2026-04-30,601318,14:23:28,59.4300,101,1
2026-04-30,601318,14:23:30,59.4200,64,2
2026-04-30,601318,14:23:33,59.4300,214,1
2026-04-30,601318,14:23:37,59.4200,30,2
2026-04-30,601318,14:23:40,59.4200,1,2
2026-04-30,601318,14:23:43,59.4300,64,1
2026-04-30,601318,14:23:46,59.4200,88,2
2026-04-30,601318,14:23:49,59.4200,19,1
2026-04-30,601318,14:23:52,59.4200,10,1
2026-04-30,601318,14:23:54,59.4200,33,1
2026-04-30,601318,14:23:57,59.4200,765,1
2026-04-30,601318,14:24:00,59.3900,401,2
2026-04-30,601318,14:24:04,59.4000,124,1
2026-04-30,601318,14:24:07,59.4100,9,1
2026-04-30,601318,14:24:10,59.4000,147,2
2026-04-30,601318,14:24:13,59.4000,27,2
2026-04-30,601318,14:24:16,59.4000,19,2
2026-04-30,601318,14:24:19,59.4100,455,1
2026-04-30,601318,14:24:21,59.4000,59,2
2026-04-30,601318,14:24:25,59.3900,55,2
2026-04-30,601318,14:24:27,59.4000,142,1
2026-04-30,601318,14:24:31,59.4000,41,2
2026-04-30,601318,14:24:34,59.4000,134,1
2026-04-30,601318,14:24:37,59.4000,40,2
2026-04-30,601318,14:24:40,59.4000,123,2
2026-04-30,601318,14:24:43,59.4000,70,2
2026-04-30,601318,14:24:46,59.3900,2,2
2026-04-30,601318,14:24:48,59.4000,21,1
2026-04-30,601318,14:24:51,59.3900,15,2
2026-04-30,601318,14:24:54,59.4000,28,1
2026-04-30,601318,14:24:58,59.4000,26,1
2026-04-30,601318,14:25:00,59.4000,20,1
2026-04-30,601318,14:25:04,59.4000,383,1
2026-04-30,601318,14:25:06,59.4000,180,1
2026-04-30,601318,14:25:10,59.4000,14,2
2026-04-30,601318,14:25:13,59.4000,8,2
2026-04-30,601318,14:25:16,59.4000,59,2
2026-04-30,601318,14:25:18,59.4000,80,2
2026-04-30,601318,14:25:22,59.3800,441,2
2026-04-30,601318,14:25:25,59.3800,194,2
2026-04-30,601318,14:25:28,59.3800,322,2
2026-04-30,601318,14:25:30,59.3800,111,2
2026-04-30,601318,14:25:34,59.3700,669,2
2026-04-30,601318,14:25:36,59.3700,265,2
2026-04-30,601318,14:25:40,59.4000,710,1
2026-04-30,601318,14:25:42,59.4000,397,1
2026-04-30,601318,14:25:45,59.3800,20,2
2026-04-30,601318,14:25:48,59.4000,105,1
2026-04-30,601318,14:25:52,59.4000,104,1
2026-04-30,601318,14:25:54,59.4000,147,1
2026-04-30,601318,14:25:57,59.4000,293,1
2026-04-30,601318,14:26:01,59.3900,286,2
2026-04-30,601318,14:26:04,59.4000,86,1
2026-04-30,601318,14:26:07,59.4000,51,2
2026-04-30,601318,14:26:10,59.4100,282,1
2026-04-30,601318,14:26:12,59.4000,173,2
2026-04-30,601318,14:26:16,59.4000,5,1
2026-04-30,601318,14:26:19,59.4000,135,1
2026-04-30,601318,14:26:21,59.4000,104,1
2026-04-30,601318,14:26:25,59.3900,44,2
2026-04-30,601318,14:26:28,59.3900,64,2
2026-04-30,601318,14:26:30,59.4000,354,1
2026-04-30,601318,14:26:33,59.4000,216,1
2026-04-30,601318,14:26:37,59.3900,31,1
2026-04-30,601318,14:26:40,59.3900,50,1
2026-04-30,601318,14:26:43,59.3900,31,1
2026-04-30,601318,14:26:46,59.3900,29,1
2026-04-30,601318,14:26:49,59.3900,127,1
2026-04-30,601318,14:26:51,59.3800,30,2
2026-04-30,601318,14:26:54,59.3900,37,1
2026-04-30,601318,14:26:58,59.3900,276,1
2026-04-30,601318,14:27:01,59.3900,63,1
2026-04-30,601318,14:27:04,59.3900,135,1
2026-04-30,601318,14:27:06,59.4000,121,1
2026-04-30,601318,14:27:10,59.3900,49,2
2026-04-30,601318,14:27:12,59.3900,64,1
2026-04-30,601318,14:27:16,59.3900,24,1
2026-04-30,601318,14:27:18,59.3900,106,1
2026-04-30,601318,14:27:22,59.3900,143,1
2026-04-30,601318,14:27:25,59.3900,128,1
2026-04-30,601318,14:27:27,59.3900,310,2
2026-04-30,601318,14:27:30,59.3900,96,2
2026-04-30,601318,14:27:33,59.3900,71,1
2026-04-30,601318,14:27:36,59.3900,172,2
2026-04-30,601318,14:27:40,59.3900,26,2
2026-04-30,601318,14:27:43,59.4000,175,1
2026-04-30,601318,14:27:46,59.3900,35,1
2026-04-30,601318,14:27:49,59.4000,150,1
2026-04-30,601318,14:27:52,59.4000,571,1
2026-04-30,601318,14:27:55,59.4000,43,1
2026-04-30,601318,14:27:57,59.4000,141,1
2026-04-30,601318,14:28:01,59.4000,87,1
2026-04-30,601318,14:28:04,59.3900,231,2
2026-04-30,601318,14:28:07,59.4000,61,2
2026-04-30,601318,14:28:10,59.4000,33,2
2026-04-30,601318,14:28:12,59.4100,9,1
2026-04-30,601318,14:28:16,59.4100,16,1
2026-04-30,601318,14:28:18,59.4100,201,1
2026-04-30,601318,14:28:22,59.4100,56,1
2026-04-30,601318,14:28:25,59.4000,33,2
2026-04-30,601318,14:28:28,59.4100,117,1
2026-04-30,601318,14:28:30,59.4100,64,1
2026-04-30,601318,14:28:34,59.4100,309,1
2026-04-30,601318,14:28:37,59.4000,163,2
2026-04-30,601318,14:28:40,59.4000,98,2
2026-04-30,601318,14:28:42,59.3900,145,2
2026-04-30,601318,14:28:46,59.3900,51,2
2026-04-30,601318,14:28:48,59.3900,172,2
2026-04-30,601318,14:28:52,59.3800,744,2
2026-04-30,601318,14:28:54,59.3900,258,1
2026-04-30,601318,14:28:58,59.3900,11,1
2026-04-30,601318,14:29:01,59.3800,34,2
2026-04-30,601318,14:29:03,59.3800,232,2
2026-04-30,601318,14:29:06,59.4000,50,1
2026-04-30,601318,14:29:10,59.3800,252,2
2026-04-30,601318,14:29:13,59.3900,13,1
2026-04-30,601318,14:29:16,59.3900,14,1
2026-04-30,601318,14:29:18,59.3900,37,1
2026-04-30,601318,14:29:22,59.3900,29,1
2026-04-30,601318,14:29:25,59.3900,205,1
2026-04-30,601318,14:29:28,59.3800,356,2
2026-04-30,601318,14:29:31,59.3800,82,2
2026-04-30,601318,14:29:33,59.3800,19,1
2026-04-30,601318,14:29:37,59.3700,51,2
2026-04-30,601318,14:29:40,59.3800,94,1
2026-04-30,601318,14:29:43,59.3700,61,2
2026-04-30,601318,14:29:46,59.3800,12,1
2026-04-30,601318,14:29:48,59.3800,43,1
2026-04-30,601318,14:29:52,59.3700,48,2
2026-04-30,601318,14:29:55,59.3800,3,1
2026-04-30,601318,14:30:01,59.3700,2,2
2026-04-30,601318,14:30:04,59.3700,113,2
2026-04-30,601318,14:30:07,59.3700,204,2
2026-04-30,601318,14:30:09,59.3800,161,1
2026-04-30,601318,14:30:13,59.3800,340,1
2026-04-30,601318,14:30:16,59.3800,75,2
2026-04-30,601318,14:30:19,59.3900,60,1
2026-04-30,601318,14:30:22,59.3900,161,1
2026-04-30,601318,14:30:24,59.3900,137,1
2026-04-30,601318,14:30:27,59.3900,15,2
2026-04-30,601318,14:30:30,59.3800,259,2
2026-04-30,601318,14:30:34,59.3900,39,1
2026-04-30,601318,14:30:36,59.3900,33,1
2026-04-30,601318,14:30:40,59.3900,64,1
2026-04-30,601318,14:30:42,59.3900,114,2
2026-04-30,601318,14:30:46,59.3900,130,1
2026-04-30,601318,14:30:49,59.3900,130,1
2026-04-30,601318,14:30:51,59.3900,54,2
2026-04-30,601318,14:30:55,59.3900,75,2
2026-04-30,601318,14:30:58,59.3900,9,2
2026-04-30,601318,14:31:00,59.3900,13,2
2026-04-30,601318,14:31:03,59.4000,53,1
2026-04-30,601318,14:31:07,59.3900,51,2
2026-04-30,601318,14:31:09,59.4000,305,1
2026-04-30,601318,14:31:13,59.4000,130,1
2026-04-30,601318,14:31:16,59.3900,65,2
2026-04-30,601318,14:31:19,59.3900,23,1
2026-04-30,601318,14:31:21,59.3900,131,1
2026-04-30,601318,14:31:25,59.4000,294,1
2026-04-30,601318,14:31:28,59.3900,49,2
2026-04-30,601318,14:31:30,59.3900,127,2
2026-04-30,601318,14:31:33,59.4000,235,1
2026-04-30,601318,14:31:37,59.3900,28,2
2026-04-30,601318,14:31:40,59.3900,44,2
2026-04-30,601318,14:31:43,59.3900,27,2
2026-04-30,601318,14:31:45,59.4000,89,1
2026-04-30,601318,14:31:49,59.4000,568,1
2026-04-30,601318,14:31:52,59.4000,132,2
2026-04-30,601318,14:31:55,59.4100,14,1
2026-04-30,601318,14:31:58,59.4100,37,1
2026-04-30,601318,14:32:00,59.4100,76,1
2026-04-30,601318,14:32:04,59.4100,24,1
2026-04-30,601318,14:32:06,59.4000,14,2
2026-04-30,601318,14:32:10,59.4100,9,1
2026-04-30,601318,14:32:12,59.4000,10,2
2026-04-30,601318,14:32:16,59.4100,27,1
2026-04-30,601318,14:32:19,59.4000,77,2
2026-04-30,601318,14:32:21,59.4100,74,1
2026-04-30,601318,14:32:25,59.4000,168,2
2026-04-30,601318,14:32:28,59.4000,148,2
2026-04-30,601318,14:32:31,59.4000,176,2
2026-04-30,601318,14:32:34,59.4000,196,2
2026-04-30,601318,14:32:36,59.4000,288,1
2026-04-30,601318,14:32:40,59.3900,315,2
2026-04-30,601318,14:32:42,59.3800,235,2
2026-04-30,601318,14:32:46,59.3800,96,2
2026-04-30,601318,14:32:49,59.4000,309,1
2026-04-30,601318,14:32:51,59.3900,10,4
2026-04-30,601318,14:32:55,59.4000,40,1
2026-04-30,601318,14:32:58,59.4000,13,1
2026-04-30,601318,14:33:01,59.4000,92,1
2026-04-30,601318,14:33:03,59.4000,84,1
2026-04-30,601318,14:33:07,59.3900,128,2
2026-04-30,601318,14:33:09,59.3900,407,2
2026-04-30,601318,14:33:13,59.3800,62,2
2026-04-30,601318,14:33:16,59.3900,72,1
2026-04-30,601318,14:33:19,59.3900,107,1
2026-04-30,601318,14:33:22,59.3800,140,2
2026-04-30,601318,14:33:25,59.3900,19,1
2026-04-30,601318,14:33:28,59.3900,10,1
2026-04-30,601318,14:33:30,59.3900,94,1
2026-04-30,601318,14:33:33,59.3900,22,1
2026-04-30,601318,14:33:37,59.3900,51,1
2026-04-30,601318,14:33:40,59.3900,42,1
2026-04-30,601318,14:33:43,59.3900,36,1
2026-04-30,601318,14:33:46,59.3800,11,2
2026-04-30,601318,14:33:48,59.3900,54,1
2026-04-30,601318,14:33:52,59.3800,107,2
2026-04-30,601318,14:33:54,59.3900,48,1
2026-04-30,601318,14:33:57,59.3800,102,2
2026-04-30,601318,14:34:01,59.3900,54,1
2026-04-30,601318,14:34:03,59.3900,61,1
2026-04-30,601318,14:34:06,59.3900,40,1
2026-04-30,601318,14:34:10,59.3800,106,2
2026-04-30,601318,14:34:12,59.3800,85,2
2026-04-30,601318,14:34:16,59.3900,1248,1
2026-04-30,601318,14:34:18,59.3900,6,2
2026-04-30,601318,14:34:21,59.3900,38,2
2026-04-30,601318,14:34:25,59.3900,148,2
2026-04-30,601318,14:34:27,59.3900,124,2
2026-04-30,601318,14:34:31,59.4000,69,1
2026-04-30,601318,14:34:34,59.4000,267,1
2026-04-30,601318,14:34:36,59.4000,66,1
2026-04-30,601318,14:34:40,59.4000,35,1
2026-04-30,601318,14:34:43,59.3900,29,2
2026-04-30,601318,14:34:45,59.3900,287,2
2026-04-30,601318,14:34:49,59.3900,43,2
2026-04-30,601318,14:34:51,59.4000,50,1
2026-04-30,601318,14:34:54,59.3900,6,2
2026-04-30,601318,14:34:58,59.4000,14,1
2026-04-30,601318,14:35:01,59.3900,93,2
2026-04-30,601318,14:35:04,59.4000,147,1
2026-04-30,601318,14:35:07,59.3900,130,2
2026-04-30,601318,14:35:10,59.4000,4,1
2026-04-30,601318,14:35:12,59.4000,108,1
2026-04-30,601318,14:35:16,59.4000,70,1
2026-04-30,601318,14:35:18,59.3900,75,2
2026-04-30,601318,14:35:21,59.3900,67,2
2026-04-30,601318,14:35:25,59.4000,65,1
2026-04-30,601318,14:35:28,59.3900,28,2
2026-04-30,601318,14:35:31,59.3900,42,2
2026-04-30,601318,14:35:34,59.3900,13,2
2026-04-30,601318,14:35:36,59.4000,12,1
2026-04-30,601318,14:35:40,59.3900,24,2
2026-04-30,601318,14:35:42,59.4100,919,1
2026-04-30,601318,14:35:46,59.4000,69,2
2026-04-30,601318,14:35:49,59.4100,46,1
2026-04-30,601318,14:35:51,59.4200,824,1
2026-04-30,601318,14:35:55,59.4300,535,1
2026-04-30,601318,14:35:58,59.4400,3817,1
2026-04-30,601318,14:36:01,59.4700,1739,1
2026-04-30,601318,14:36:04,59.4700,542,2
2026-04-30,601318,14:36:07,59.4500,783,2
2026-04-30,601318,14:36:09,59.4400,868,2
2026-04-30,601318,14:36:12,59.4500,81,1
2026-04-30,601318,14:36:16,59.4500,192,1
2026-04-30,601318,14:36:18,59.4600,261,1
2026-04-30,601318,14:36:22,59.4700,387,1
2026-04-30,601318,14:36:24,59.4600,40,2
2026-04-30,601318,14:36:28,59.4600,35,2
2026-04-30,601318,14:36:30,59.4600,47,2
2026-04-30,601318,14:36:33,59.4700,98,1
2026-04-30,601318,14:36:37,59.4700,14,1
2026-04-30,601318,14:36:40,59.4700,36,1
2026-04-30,601318,14:36:43,59.4700,77,1
2026-04-30,601318,14:36:46,59.4600,297,2
2026-04-30,601318,14:36:49,59.4500,112,2
2026-04-30,601318,14:36:52,59.4600,149,1
2026-04-30,601318,14:36:55,59.4500,76,2
2026-04-30,601318,14:36:57,59.4500,132,1
2026-04-30,601318,14:37:01,59.4500,216,1
2026-04-30,601318,14:37:03,59.4400,230,2
2026-04-30,601318,14:37:06,59.4400,96,2
2026-04-30,601318,14:37:09,59.4600,216,1
2026-04-30,601318,14:37:13,59.4400,323,2
2026-04-30,601318,14:37:16,59.4500,28,1
2026-04-30,601318,14:37:19,59.4500,190,1
2026-04-30,601318,14:37:22,59.4500,243,1
2026-04-30,601318,14:37:25,59.4400,63,2
2026-04-30,601318,14:37:27,59.4500,86,1
2026-04-30,601318,14:37:30,59.4400,34,4
2026-04-30,601318,14:37:33,59.4400,48,1
2026-04-30,601318,14:37:36,59.4300,41,2
2026-04-30,601318,14:37:39,59.4300,44,1
2026-04-30,601318,14:37:42,59.4300,8,1
2026-04-30,601318,14:37:46,59.4300,84,1
2026-04-30,601318,14:37:49,59.4300,128,1
2026-04-30,601318,14:37:52,59.4200,58,2
2026-04-30,601318,14:37:55,59.4200,27,2
2026-04-30,601318,14:37:57,59.4200,109,2
2026-04-30,601318,14:38:01,59.4200,88,2
2026-04-30,601318,14:38:04,59.4300,34,1
2026-04-30,601318,14:38:07,59.4300,46,1
2026-04-30,601318,14:38:09,59.4400,320,1
2026-04-30,601318,14:38:13,59.4500,99,1
2026-04-30,601318,14:38:15,59.4500,45,1
2026-04-30,601318,14:38:19,59.4500,120,1
2026-04-30,601318,14:38:22,59.4400,40,2
2026-04-30,601318,14:38:24,59.4400,108,1
2026-04-30,601318,14:38:28,59.4400,161,1
2026-04-30,601318,14:38:31,59.4400,42,1
2026-04-30,601318,14:38:34,59.4300,113,2
2026-04-30,601318,14:38:36,59.4300,535,2
2026-04-30,601318,14:38:40,59.4200,230,2
2026-04-30,601318,14:38:43,59.4300,52,1
2026-04-30,601318,14:38:46,59.4200,134,2
2026-04-30,601318,14:38:48,59.4200,17,2
2026-04-30,601318,14:38:51,59.4300,101,1
2026-04-30,601318,14:38:55,59.4300,291,1
2026-04-30,601318,14:38:57,59.4200,104,2
2026-04-30,601318,14:39:01,59.4300,43,1
2026-04-30,601318,14:39:03,59.4300,164,1
2026-04-30,601318,14:39:07,59.4200,232,2
2026-04-30,601318,14:39:10,59.4200,11,2
2026-04-30,601318,14:39:13,59.4300,15,1
2026-04-30,601318,14:39:15,59.4300,93,1
2026-04-30,601318,14:39:19,59.4300,136,1
2026-04-30,601318,14:39:22,59.4500,282,1
2026-04-30,601318,14:39:24,59.4400,29,2
2026-04-30,601318,14:39:27,59.4500,391,1
2026-04-30,601318,14:39:31,59.4500,158,1
2026-04-30,601318,14:39:34,59.4600,176,1
2026-04-30,601318,14:39:37,59.4500,64,1
2026-04-30,601318,14:39:40,59.4600,79,1
2026-04-30,601318,14:39:43,59.4500,77,2
2026-04-30,601318,14:39:45,59.4500,41,2
2026-04-30,601318,14:39:48,59.4600,52,1
2026-04-30,601318,14:39:51,59.4500,52,2
2026-04-30,601318,14:39:55,59.4500,14,2
2026-04-30,601318,14:39:57,59.4500,58,2
2026-04-30,601318,14:40:01,59.4600,122,1
2026-04-30,601318,14:40:04,59.4600,131,1
2026-04-30,601318,14:40:06,59.4700,182,1
2026-04-30,601318,14:40:10,59.4600,235,2
2026-04-30,601318,14:40:12,59.4500,149,2
2026-04-30,601318,14:40:16,59.4700,31,1
2026-04-30,601318,14:40:19,59.4600,89,2
2026-04-30,601318,14:40:22,59.4600,227,2
2026-04-30,601318,14:40:24,59.4700,25,4
2026-04-30,601318,14:40:27,59.4700,33,1
2026-04-30,601318,14:40:30,59.4700,145,1
2026-04-30,601318,14:40:33,59.4500,159,2
2026-04-30,601318,14:40:36,59.4500,325,2
2026-04-30,601318,14:40:39,59.4500,25,2
2026-04-30,601318,14:40:43,59.4500,129,2
2026-04-30,601318,14:40:46,59.4500,135,2
2026-04-30,601318,14:40:49,59.4500,150,1
2026-04-30,601318,14:40:51,59.4500,420,1
2026-04-30,601318,14:40:55,59.4500,98,1
2026-04-30,601318,14:40:58,59.4600,185,1
2026-04-30,601318,14:41:00,59.4500,126,1
2026-04-30,601318,14:41:03,59.4400,94,2
2026-04-30,601318,14:41:07,59.4500,56,1
2026-04-30,601318,14:41:10,59.4500,136,1
2026-04-30,601318,14:41:12,59.4400,288,2
2026-04-30,601318,14:41:15,59.4400,28,2
2026-04-30,601318,14:41:18,59.4600,91,1
2026-04-30,601318,14:41:22,59.4500,152,2
2026-04-30,601318,14:41:25,59.4500,46,2
2026-04-30,601318,14:41:28,59.4500,188,2
2026-04-30,601318,14:41:30,59.4500,399,2
2026-04-30,601318,14:41:33,59.4400,10,2
2026-04-30,601318,14:41:36,59.4300,61,2
2026-04-30,601318,14:41:40,59.4400,26,1
2026-04-30,601318,14:41:42,59.4400,87,1
2026-04-30,601318,14:41:46,59.4400,53,1
2026-04-30,601318,14:41:48,59.4400,51,1
2026-04-30,601318,14:41:52,59.4500,240,1
2026-04-30,601318,14:41:54,59.4400,54,2
2026-04-30,601318,14:41:58,59.4500,56,1
2026-04-30,601318,14:42:01,59.4600,167,1
2026-04-30,601318,14:42:04,59.4400,141,2
2026-04-30,601318,14:42:06,59.4500,37,1
2026-04-30,601318,14:42:10,59.4600,140,1
2026-04-30,601318,14:42:13,59.4600,293,1
2026-04-30,601318,14:42:16,59.4400,173,2
2026-04-30,601318,14:42:18,59.4500,22,4
2026-04-30,601318,14:42:22,59.4600,278,1
2026-04-30,601318,14:42:25,59.4600,302,2
2026-04-30,601318,14:42:27,59.4700,73,1
2026-04-30,601318,14:42:31,59.4600,560,4
2026-04-30,601318,14:42:34,59.4500,83,2
2026-04-30,601318,14:42:36,59.4500,106,2
2026-04-30,601318,14:42:40,59.4600,230,1
2026-04-30,601318,14:42:43,59.4600,140,2
2026-04-30,601318,14:42:46,59.4700,222,1
2026-04-30,601318,14:42:49,59.4600,265,2
2026-04-30,601318,14:42:51,59.4600,150,2
2026-04-30,601318,14:42:55,59.4800,317,1
2026-04-30,601318,14:42:58,59.4800,97,1
2026-04-30,601318,14:43:01,59.4800,112,1
2026-04-30,601318,14:43:04,59.4700,188,2
2026-04-30,601318,14:43:06,59.4800,107,1
2026-04-30,601318,14:43:10,59.4700,204,2
2026-04-30,601318,14:43:12,59.4700,420,1
2026-04-30,601318,14:43:15,59.4600,352,2
2026-04-30,601318,14:43:19,59.4700,64,1
2026-04-30,601318,14:43:21,59.4700,51,2
2026-04-30,601318,14:43:25,59.4700,27,2
2026-04-30,601318,14:43:27,59.4800,96,1
2026-04-30,601318,14:43:31,59.4800,99,1
2026-04-30,601318,14:43:33,59.4800,638,1
2026-04-30,601318,14:43:37,59.4700,19,2
2026-04-30,601318,14:43:40,59.4700,760,2
2026-04-30,601318,14:43:42,59.4700,97,2
2026-04-30,601318,14:43:46,59.4700,50,1
2026-04-30,601318,14:43:49,59.4500,239,2
2026-04-30,601318,14:43:52,59.4500,221,2
2026-04-30,601318,14:43:55,59.4400,55,2
2026-04-30,601318,14:43:58,59.4500,175,1
2026-04-30,601318,14:44:00,59.4500,115,1
2026-04-30,601318,14:44:03,59.4800,1160,1
2026-04-30,601318,14:44:06,59.4600,232,2
2026-04-30,601318,14:44:10,59.4700,12,1
2026-04-30,601318,14:44:12,59.4600,20,2
2026-04-30,601318,14:44:15,59.4500,118,2
2026-04-30,601318,14:44:19,59.4500,75,2
2026-04-30,601318,14:44:21,59.4500,16,2
2026-04-30,601318,14:44:25,59.4500,12,2
2026-04-30,601318,14:44:27,59.4600,34,1
2026-04-30,601318,14:44:31,59.4500,205,2
2026-04-30,601318,14:44:33,59.4500,17,2
2026-04-30,601318,14:44:37,59.4400,47,2
2026-04-30,601318,14:44:40,59.4500,64,1
2026-04-30,601318,14:44:43,59.4400,92,2
2026-04-30,601318,14:44:45,59.4400,60,2
2026-04-30,601318,14:44:49,59.4400,35,1
2026-04-30,601318,14:44:52,59.4400,19,2
2026-04-30,601318,14:44:55,59.4500,234,1
2026-04-30,601318,14:44:58,59.4500,39,1
2026-04-30,601318,14:45:00,59.4500,18,1
2026-04-30,601318,14:45:03,59.4400,10,2
2026-04-30,601318,14:45:07,59.4500,122,1
2026-04-30,601318,14:45:10,59.4400,240,2
2026-04-30,601318,14:45:12,59.4400,59,1
2026-04-30,601318,14:45:15,59.4400,50,1
2026-04-30,601318,14:45:18,59.4400,20,2
2026-04-30,601318,14:45:22,59.4400,39,2
2026-04-30,601318,14:45:25,59.4400,37,2
2026-04-30,601318,14:45:28,59.4400,124,2
2026-04-30,601318,14:45:30,59.4300,49,2
2026-04-30,601318,14:45:34,59.4300,90,2
2026-04-30,601318,14:45:37,59.4400,182,1
2026-04-30,601318,14:45:39,59.4300,52,2
2026-04-30,601318,14:45:42,59.4300,130,2
2026-04-30,601318,14:45:46,59.4300,75,2
2026-04-30,601318,14:45:49,59.4400,42,1
2026-04-30,601318,14:45:52,59.4400,53,1
2026-04-30,601318,14:45:55,59.4400,180,1
2026-04-30,601318,14:45:58,59.4300,110,2
2026-04-30,601318,14:46:01,59.4400,35,4
2026-04-30,601318,14:46:04,59.4300,185,2
2026-04-30,601318,14:46:06,59.4300,38,2
2026-04-30,601318,14:46:09,59.4300,34,2
2026-04-30,601318,14:46:13,59.4300,114,2
2026-04-30,601318,14:46:15,59.4200,177,2
2026-04-30,601318,14:46:19,59.4200,52,2
2026-04-30,601318,14:46:21,59.4200,60,2
2026-04-30,601318,14:46:25,59.4300,25,1
2026-04-30,601318,14:46:28,59.4200,83,2
2026-04-30,601318,14:46:30,59.4200,74,2
2026-04-30,601318,14:46:33,59.4300,79,1
2026-04-30,601318,14:46:36,59.4300,43,2
2026-04-30,601318,14:46:40,59.4400,293,1
2026-04-30,601318,14:46:43,59.4300,33,2
2026-04-30,601318,14:46:45,59.4300,110,2
2026-04-30,601318,14:46:48,59.4300,70,1
2026-04-30,601318,14:46:52,59.4200,73,2
2026-04-30,601318,14:46:55,59.4300,29,1
2026-04-30,601318,14:46:58,59.4300,17,1
2026-04-30,601318,14:47:01,59.4300,69,1
2026-04-30,601318,14:47:04,59.4200,114,2
2026-04-30,601318,14:47:07,59.4200,88,2
2026-04-30,601318,14:47:10,59.4300,126,1
2026-04-30,601318,14:47:12,59.4200,44,2
2026-04-30,601318,14:47:15,59.4300,228,1
2026-04-30,601318,14:47:19,59.4200,14,2
2026-04-30,601318,14:47:22,59.4300,22,1
2026-04-30,601318,14:47:25,59.4200,53,2
2026-04-30,601318,14:47:28,59.4200,22,2
2026-04-30,601318,14:47:30,59.4200,15,2
2026-04-30,601318,14:47:33,59.4200,140,2
2026-04-30,601318,14:47:37,59.4200,29,2
2026-04-30,601318,14:47:39,59.4200,82,2
2026-04-30,601318,14:47:43,59.4100,90,2
2026-04-30,601318,14:47:46,59.4100,295,2
2026-04-30,601318,14:47:48,59.4200,106,4
2026-04-30,601318,14:47:51,59.4100,529,2
2026-04-30,601318,14:47:55,59.4100,104,1
2026-04-30,601318,14:47:57,59.4100,182,1
2026-04-30,601318,14:48:01,59.4000,60,2
2026-04-30,601318,14:48:04,59.4100,88,1
2026-04-30,601318,14:48:07,59.4100,136,1
2026-04-30,601318,14:48:10,59.4100,207,1
2026-04-30,601318,14:48:13,59.4000,115,2
2026-04-30,601318,14:48:16,59.4000,159,2
2026-04-30,601318,14:48:19,59.4000,375,2
2026-04-30,601318,14:48:22,59.3900,1011,2
2026-04-30,601318,14:48:24,59.3900,58,1
2026-04-30,601318,14:48:28,59.3800,71,2
2026-04-30,601318,14:48:31,59.3900,138,1
2026-04-30,601318,14:48:34,59.3800,156,2
2026-04-30,601318,14:48:36,59.3900,101,1
2026-04-30,601318,14:48:39,59.4100,171,1
2026-04-30,601318,14:48:43,59.4200,329,1
2026-04-30,601318,14:48:45,59.4500,886,1
2026-04-30,601318,14:48:48,59.4200,95,2
2026-04-30,601318,14:48:51,59.4200,62,2
2026-04-30,601318,14:48:55,59.4300,77,1
2026-04-30,601318,14:48:57,59.4200,18,2
2026-04-30,601318,14:49:01,59.4400,142,1
2026-04-30,601318,14:49:04,59.4300,53,2
2026-04-30,601318,14:49:07,59.4200,54,2
2026-04-30,601318,14:49:10,59.4500,45,1
2026-04-30,601318,14:49:13,59.4300,22,2
2026-04-30,601318,14:49:16,59.4400,74,1
2026-04-30,601318,14:49:18,59.4200,105,2
2026-04-30,601318,14:49:21,59.4300,49,2
2026-04-30,601318,14:49:25,59.4300,56,1
2026-04-30,601318,14:49:28,59.4300,19,2
2026-04-30,601318,14:49:30,59.4300,123,2
2026-04-30,601318,14:49:33,59.4300,76,2
2026-04-30,601318,14:49:36,59.4200,33,2
2026-04-30,601318,14:49:39,59.4200,69,2
2026-04-30,601318,14:49:43,59.4300,60,1
2026-04-30,601318,14:49:46,59.4200,48,2
2026-04-30,601318,14:49:49,59.4200,35,2
2026-04-30,601318,14:49:51,59.4300,39,1
2026-04-30,601318,14:49:55,59.4200,65,2
2026-04-30,601318,14:49:58,59.4200,25,2
2026-04-30,601318,14:50:01,59.4300,19,1
2026-04-30,601318,14:50:03,59.4300,73,1
2026-04-30,601318,14:50:07,59.4200,40,2
2026-04-30,601318,14:50:10,59.4300,47,1
2026-04-30,601318,14:50:12,59.4300,143,1
2026-04-30,601318,14:50:15,59.4300,175,2
2026-04-30,601318,14:50:19,59.4300,33,1
2026-04-30,601318,14:50:21,59.4300,22,1
2026-04-30,601318,14:50:24,59.4400,107,1
2026-04-30,601318,14:50:28,59.4300,16,2
2026-04-30,601318,14:50:31,59.4300,18,2
2026-04-30,601318,14:50:34,59.4300,34,2
2026-04-30,601318,14:50:37,59.4400,118,1
2026-04-30,601318,14:50:39,59.4500,24,1
2026-04-30,601318,14:50:43,59.4300,232,2
2026-04-30,601318,14:50:45,59.4400,86,1
2026-04-30,601318,14:50:48,59.4400,60,1
2026-04-30,601318,14:50:51,59.4400,59,2
2026-04-30,601318,14:50:55,59.4400,39,2
2026-04-30,601318,14:50:58,59.4500,20,1
2026-04-30,601318,14:51:01,59.4400,91,2
2026-04-30,601318,14:51:04,59.4500,226,1
2026-04-30,601318,14:51:07,59.4400,90,2
2026-04-30,601318,14:51:10,59.4400,74,2
2026-04-30,601318,14:51:12,59.4200,256,2
2026-04-30,601318,14:51:16,59.4200,82,2
2026-04-30,601318,14:51:19,59.4200,431,2
2026-04-30,601318,14:51:22,59.4300,131,1
2026-04-30,601318,14:51:24,59.4100,43,2
2026-04-30,601318,14:51:28,59.4200,191,1
2026-04-30,601318,14:51:31,59.4300,179,1
2026-04-30,601318,14:51:34,59.4300,124,2
2026-04-30,601318,14:51:36,59.4300,35,1
2026-04-30,601318,14:51:40,59.4200,68,2
2026-04-30,601318,14:51:43,59.4300,25,1
2026-04-30,601318,14:51:46,59.4200,59,2
2026-04-30,601318,14:51:49,59.4300,29,1
2026-04-30,601318,14:51:52,59.4300,358,1
2026-04-30,601318,14:51:55,59.4200,159,2
2026-04-30,601318,14:51:57,59.4200,21,2
2026-04-30,601318,14:52:01,59.4200,47,2
2026-04-30,601318,14:52:04,59.4300,50,1
2026-04-30,601318,14:52:06,59.4300,43,1
2026-04-30,601318,14:52:09,59.4300,173,1
2026-04-30,601318,14:52:13,59.4300,21,1
2026-04-30,601318,14:52:16,59.4200,58,2
2026-04-30,601318,14:52:19,59.4200,134,2
2026-04-30,601318,14:52:21,59.4200,38,1
2026-04-30,601318,14:52:24,59.4300,58,1
2026-04-30,601318,14:52:28,59.4300,49,1
2026-04-30,601318,14:52:30,59.4300,240,1
2026-04-30,601318,14:52:34,59.4200,274,2
2026-04-30,601318,14:52:37,59.4200,90,2
2026-04-30,601318,14:52:39,59.4200,191,1
2026-04-30,601318,14:52:43,59.4100,132,2
2026-04-30,601318,14:52:46,59.4300,126,1
2026-04-30,601318,14:52:48,59.4200,221,2
2026-04-30,601318,14:52:52,59.4200,106,1
2026-04-30,601318,14:52:55,59.4200,77,1
2026-04-30,601318,14:52:58,59.4100,151,2
2026-04-30,601318,14:53:01,59.4100,83,2
2026-04-30,601318,14:53:04,59.4200,209,1
2026-04-30,601318,14:53:07,59.4200,28,1
2026-04-30,601318,14:53:10,59.4100,52,2
2026-04-30,601318,14:53:12,59.4100,114,2
2026-04-30,601318,14:53:16,59.4200,63,1
2026-04-30,601318,14:53:18,59.4100,10,2
2026-04-30,601318,14:53:22,59.4100,71,2
2026-04-30,601318,14:53:25,59.4100,23,2
2026-04-30,601318,14:53:27,59.4100,182,2
2026-04-30,601318,14:53:31,59.4100,131,2
2026-04-30,601318,14:53:33,59.4100,49,2
2026-04-30,601318,14:53:37,59.4100,60,2
2026-04-30,601318,14:53:40,59.4100,93,2
2026-04-30,601318,14:53:42,59.4100,14,2
2026-04-30,601318,14:53:46,59.4100,96,2
2026-04-30,601318,14:53:49,59.4100,48,2
2026-04-30,601318,14:53:52,59.4100,49,2
2026-04-30,601318,14:53:55,59.4100,54,2
2026-04-30,601318,14:53:58,59.4100,56,1
2026-04-30,601318,14:54:01,59.4200,34,1
2026-04-30,601318,14:54:03,59.4100,146,2
2026-04-30,601318,14:54:07,59.4100,271,2
2026-04-30,601318,14:54:10,59.4100,1004,2
2026-04-30,601318,14:54:13,59.4100,407,1
2026-04-30,601318,14:54:15,59.4100,46,2
2026-04-30,601318,14:54:18,59.4100,65,2
2026-04-30,601318,14:54:21,59.4000,49,2
2026-04-30,601318,14:54:24,59.4000,277,2
2026-04-30,601318,14:54:28,59.4000,55,2
2026-04-30,601318,14:54:31,59.4000,56,2
2026-04-30,601318,14:54:34,59.4100,222,1
2026-04-30,601318,14:54:37,59.4000,478,2
2026-04-30,601318,14:54:40,59.3900,71,2
2026-04-30,601318,14:54:42,59.4000,146,1
2026-04-30,601318,14:54:45,59.4100,62,1
2026-04-30,601318,14:54:49,59.4000,35,2
2026-04-30,601318,14:54:52,59.4000,422,2
2026-04-30,601318,14:54:54,59.3900,42,2
2026-04-30,601318,14:54:57,59.3900,398,2
2026-04-30,601318,14:55:00,59.3900,140,2
2026-04-30,601318,14:55:04,59.4000,34,1
2026-04-30,601318,14:55:07,59.3900,472,2
2026-04-30,601318,14:55:10,59.3900,48,1
2026-04-30,601318,14:55:13,59.3800,259,2
2026-04-30,601318,14:55:15,59.3900,73,1
2026-04-30,601318,14:55:19,59.3900,113,2
2026-04-30,601318,14:55:21,59.3900,72,4
2026-04-30,601318,14:55:25,59.3900,69,1
2026-04-30,601318,14:55:27,59.3900,226,1
2026-04-30,601318,14:55:31,59.3900,154,2
2026-04-30,601318,14:55:34,59.3900,49,1
2026-04-30,601318,14:55:36,59.3900,95,2
2026-04-30,601318,14:55:39,59.3800,674,2
2026-04-30,601318,14:55:43,59.3800,77,2
2026-04-30,601318,14:55:45,59.3900,131,1
2026-04-30,601318,14:55:49,59.3900,85,2
2026-04-30,601318,14:55:51,59.3900,521,2
2026-04-30,601318,14:55:55,59.3900,76,2
2026-04-30,601318,14:55:57,59.4000,182,1
2026-04-30,601318,14:56:00,59.4000,87,2
2026-04-30,601318,14:56:03,59.4000,92,2
2026-04-30,601318,14:56:07,59.3900,153,2
2026-04-30,601318,14:56:09,59.3900,17,2
2026-04-30,601318,14:56:13,59.3900,214,2
2026-04-30,601318,14:56:16,59.4000,294,1
2026-04-30,601318,14:56:18,59.3900,378,2
2026-04-30,601318,14:56:21,59.3900,204,2
2026-04-30,601318,14:56:25,59.3900,274,2
2026-04-30,601318,14:56:28,59.3900,653,2
2026-04-30,601318,14:56:30,59.4100,91,1
2026-04-30,601318,14:56:33,59.4000,50,4
2026-04-30,601318,14:56:37,59.4000,123,2
2026-04-30,601318,14:56:39,59.4000,87,2
2026-04-30,601318,14:56:43,59.4000,124,2
2026-04-30,601318,14:56:45,59.3900,140,2
2026-04-30,601318,14:56:49,59.4000,29,1
2026-04-30,601318,14:56:52,59.3900,31,2
2026-04-30,601318,14:56:55,59.3900,61,2
2026-04-30,601318,14:56:58,59.3900,103,2
2026-04-30,601318,14:57:01,59.4000,72,1
2026-04-30,601318,15:00:03,59.3700,9733,4
2026-04-30,601318,13:16:55,59.5900,25,2
2026-04-30,601318,13:16:57,59.6000,89,1
2026-04-30,601318,13:17:01,59.6100,169,1
2026-04-30,601318,13:17:03,59.6100,46,2
2026-04-30,601318,13:17:07,59.6100,258,2
2026-04-30,601318,13:17:10,59.6400,123,1
2026-04-30,601318,13:17:13,59.6100,189,2
2026-04-30,601318,13:17:15,59.6100,188,2
2026-04-30,601318,13:17:19,59.6400,366,1
2026-04-30,601318,13:17:22,59.6100,306,2
2026-04-30,601318,13:17:25,59.6000,207,1
2026-04-30,601318,13:17:28,59.6000,129,2
2026-04-30,601318,13:17:31,59.6300,726,1
2026-04-30,601318,13:17:34,59.6100,325,4
2026-04-30,601318,13:17:36,59.5700,19,2
2026-04-30,601318,13:17:40,59.5900,138,1
2026-04-30,601318,13:17:42,59.6000,205,1
2026-04-30,601318,13:17:46,59.5900,547,2
2026-04-30,601318,13:17:49,59.5800,290,2
2026-04-30,601318,13:17:52,59.5800,415,2
2026-04-30,601318,13:17:54,59.5700,40,4
2026-04-30,601318,13:17:58,59.5800,117,1
2026-04-30,601318,13:18:00,59.5800,225,1
2026-04-30,601318,13:18:04,59.5900,100,1
2026-04-30,601318,13:18:06,59.5900,66,1
2026-04-30,601318,13:18:09,59.5900,102,1
2026-04-30,601318,13:18:13,59.5800,89,2
2026-04-30,601318,13:18:15,59.5700,295,2
2026-04-30,601318,13:18:19,59.5800,558,1
2026-04-30,601318,13:18:22,59.5700,17,1
2026-04-30,601318,13:18:25,59.5700,163,1
2026-04-30,601318,13:18:27,59.5700,147,1
2026-04-30,601318,13:18:31,59.5900,257,1
2026-04-30,601318,13:18:34,59.5800,34,2
2026-04-30,601318,13:18:36,59.5800,63,2
2026-04-30,601318,13:18:39,59.5800,161,2
2026-04-30,601318,13:18:43,59.5900,57,1
2026-04-30,601318,13:18:45,59.5900,832,2
2026-04-30,601318,13:18:49,59.5500,376,2
2026-04-30,601318,13:18:52,59.5800,110,1
2026-04-30,601318,13:18:55,59.5800,53,1
2026-04-30,601318,13:18:58,59.5900,84,1
2026-04-30,601318,13:19:00,59.5900,98,1
2026-04-30,601318,13:19:03,59.5800,54,1
2026-04-30,601318,13:19:07,59.5800,222,1
2026-04-30,601318,13:19:09,59.5800,149,2
2026-04-30,601318,13:19:13,59.5800,7,2
2026-04-30,601318,13:19:15,59.5800,609,2
2026-04-30,601318,13:19:18,59.5800,167,2
2026-04-30,601318,13:19:22,59.5800,95,2
2026-04-30,601318,13:19:24,59.5800,10,2
2026-04-30,601318,13:19:27,59.5800,73,2
2026-04-30,601318,13:19:31,59.5900,473,1
2026-04-30,601318,13:19:34,59.5800,39,2
2026-04-30,601318,13:19:36,59.5800,30,2
2026-04-30,601318,13:19:40,59.5900,29,2
2026-04-30,601318,13:19:43,59.5800,70,2
2026-04-30,601318,13:19:46,59.5600,537,2
2026-04-30,601318,13:19:49,59.5800,167,1
2026-04-30,601318,13:19:51,59.5800,256,1
2026-04-30,601318,13:19:55,59.5800,62,1
2026-04-30,601318,13:19:58,59.5500,214,2
2026-04-30,601318,13:20:00,59.5500,125,1
2026-04-30,601318,13:20:03,59.5800,118,1
2026-04-30,601318,13:20:07,59.5300,306,2
2026-04-30,601318,13:20:10,59.5600,47,1
2026-04-30,601318,13:20:13,59.5700,82,1
2026-04-30,601318,13:20:16,59.5600,83,1
2026-04-30,601318,13:20:19,59.5600,37,2
2026-04-30,601318,13:20:21,59.5600,39,2
2026-04-30,601318,13:20:25,59.5500,315,2
2026-04-30,601318,13:20:28,59.5500,116,2
2026-04-30,601318,13:20:30,59.5300,245,2
2026-04-30,601318,13:20:34,59.5300,33,2
2026-04-30,601318,13:20:37,59.5300,155,2
2026-04-30,601318,13:20:39,59.5300,265,2
2026-04-30,601318,13:20:43,59.5100,96,2
2026-04-30,601318,13:20:45,59.4800,404,2
2026-04-30,601318,13:20:49,59.4800,14,2
2026-04-30,601318,13:20:52,59.4700,130,2
2026-04-30,601318,13:20:54,59.4700,305,2
2026-04-30,601318,13:20:57,59.4700,145,2
2026-04-30,601318,13:21:01,59.4900,253,1
2026-04-30,601318,13:21:03,59.4800,27,4
2026-04-30,601318,13:21:07,59.4800,127,1
2026-04-30,601318,13:21:09,59.4700,109,2
2026-04-30,601318,13:21:13,59.4700,20,2
2026-04-30,601318,13:21:15,59.4700,98,2
2026-04-30,601318,13:21:18,59.4700,35,1
2026-04-30,601318,13:21:22,59.4600,84,2
2026-04-30,601318,13:21:25,59.4600,93,2
2026-04-30,601318,13:21:27,59.4500,26,2
2026-04-30,601318,13:21:30,59.4600,342,1
2026-04-30,601318,13:21:33,59.4700,30,1
2026-04-30,601318,13:21:37,59.4600,215,2
2026-04-30,601318,13:21:40,59.4600,4,1
2026-04-30,601318,13:21:42,59.4500,21,2
2026-04-30,601318,13:21:46,59.4500,607,2
2026-04-30,601318,13:21:49,59.4800,442,1
2026-04-30,601318,13:21:52,59.4800,22,2
2026-04-30,601318,13:21:54,59.4800,32,2
2026-04-30,601318,13:21:57,59.4900,87,1
2026-04-30,601318,13:22:00,59.4900,179,1
2026-04-30,601318,13:22:04,59.4900,59,2
2026-04-30,601318,13:22:07,59.4900,130,2
2026-04-30,601318,13:22:10,59.4500,291,2
2026-04-30,601318,13:22:13,59.4400,38,2
2026-04-30,601318,13:22:15,59.4500,229,1
2026-04-30,601318,13:22:18,59.4800,226,1
2026-04-30,601318,13:22:22,59.4800,65,2
2026-04-30,601318,13:22:25,59.4800,45,2
2026-04-30,601318,13:22:28,59.4800,29,1
2026-04-30,601318,13:22:31,59.4700,34,2
2026-04-30,601318,13:22:33,59.4900,239,1
2026-04-30,601318,13:22:37,59.4700,288,2
2026-04-30,601318,13:22:40,59.4800,73,1
2026-04-30,601318,13:22:42,59.4800,27,1
2026-04-30,601318,13:22:46,59.4700,294,2
2026-04-30,601318,13:22:49,59.4500,24,2
2026-04-30,601318,13:22:51,59.4700,43,1
2026-04-30,601318,13:22:55,59.4700,150,1
2026-04-30,601318,13:22:58,59.4400,351,2
2026-04-30,601318,13:23:01,59.4500,66,2
2026-04-30,601318,13:23:04,59.4500,217,2
2026-04-30,601318,13:23:07,59.4500,236,2
2026-04-30,601318,13:23:10,59.4800,94,1
2026-04-30,601318,13:23:13,59.4800,37,1
2026-04-30,601318,13:23:15,59.4700,198,2
2026-04-30,601318,13:23:18,59.4700,19,1
2026-04-30,601318,13:23:22,59.4700,30,1
2026-04-30,601318,13:23:25,59.4700,95,1
2026-04-30,601318,13:23:28,59.4600,191,2
2026-04-30,601318,13:23:31,59.4600,145,2
2026-04-30,601318,13:23:33,59.4600,231,2
2026-04-30,601318,13:23:36,59.4700,216,1
2026-04-30,601318,13:23:40,59.4600,211,2
2026-04-30,601318,13:23:43,59.4600,323,2
2026-04-30,601318,13:23:46,59.4600,121,1
2026-04-30,601318,13:23:48,59.4500,47,2
2026-04-30,601318,13:23:51,59.4500,88,2
2026-04-30,601318,13:23:55,59.4500,56,1
2026-04-30,601318,13:23:57,59.4700,290,1
2026-04-30,601318,13:24:01,59.4600,184,1
2026-04-30,601318,13:24:03,59.4600,174,1
2026-04-30,601318,13:24:06,59.4600,36,2
2026-04-30,601318,13:24:10,59.4700,73,2
2026-04-30,601318,13:24:12,59.4700,59,1
2026-04-30,601318,13:24:16,59.4400,81,2
2026-04-30,601318,13:24:19,59.4400,49,2
2026-04-30,601318,13:24:21,59.4400,147,2
2026-04-30,601318,13:24:25,59.4400,31,2
2026-04-30,601318,13:24:27,59.4400,38,2
2026-04-30,601318,13:24:31,59.4400,81,1
2026-04-30,601318,13:24:34,59.4600,188,1
2026-04-30,601318,13:24:36,59.4500,289,2
2026-04-30,601318,13:24:39,59.4400,23,2
2026-04-30,601318,13:24:43,59.4400,290,2
2026-04-30,601318,13:24:46,59.4400,77,2
2026-04-30,601318,13:24:49,59.4400,94,2
2026-04-30,601318,13:24:52,59.4700,339,1
2026-04-30,601318,13:24:55,59.4700,105,4
2026-04-30,601318,13:24:58,59.4400,302,2
2026-04-30,601318,13:25:01,59.4700,4,1
2026-04-30,601318,13:25:03,59.4800,367,1
2026-04-30,601318,13:25:06,59.5000,272,1
2026-04-30,601318,13:25:10,59.4900,469,2
2026-04-30,601318,13:25:13,59.5300,137,1
2026-04-30,601318,13:25:16,59.5000,153,2
2026-04-30,601318,13:25:19,59.5100,36,2
2026-04-30,601318,13:25:22,59.5300,248,1
2026-04-30,601318,13:25:24,59.5000,6,2
2026-04-30,601318,13:25:27,59.5300,84,1
2026-04-30,601318,13:25:30,59.5200,121,1
2026-04-30,601318,13:25:34,59.5200,328,1
2026-04-30,601318,13:25:37,59.5100,111,2
2026-04-30,601318,13:25:39,59.5100,99,1
2026-04-30,601318,13:25:42,59.5000,165,2
2026-04-30,601318,13:25:45,59.5100,185,1
2026-04-30,601318,13:25:49,59.5100,111,1
2026-04-30,601318,13:25:51,59.5000,252,2
2026-04-30,601318,13:25:54,59.4800,37,2
2026-04-30,601318,13:25:57,59.5000,90,1
2026-04-30,601318,13:26:01,59.5000,66,1
2026-04-30,601318,13:26:04,59.5000,83,1
2026-04-30,601318,13:26:07,59.5000,123,2
2026-04-30,601318,13:26:09,59.5400,130,1
2026-04-30,601318,13:26:12,59.5100,116,2
2026-04-30,601318,13:26:15,59.5100,69,2
2026-04-30,601318,13:26:19,59.5000,64,2
2026-04-30,601318,13:26:21,59.4900,157,2
2026-04-30,601318,13:26:25,59.4800,98,2
2026-04-30,601318,13:26:28,59.4900,177,1
2026-04-30,601318,13:26:31,59.4800,18,4
2026-04-30,601318,13:26:34,59.4900,100,1
2026-04-30,601318,13:26:36,59.4900,46,1
2026-04-30,601318,13:26:39,59.4800,81,2
2026-04-30,601318,13:26:43,59.5000,151,1
2026-04-30,601318,13:26:45,59.5000,168,2
2026-04-30,601318,13:26:49,59.5100,28,1
2026-04-30,601318,13:26:51,59.5100,62,1
2026-04-30,601318,13:26:54,59.5300,32,1
2026-04-30,601318,13:26:58,59.5300,78,2
2026-04-30,601318,13:27:01,59.5500,406,1
2026-04-30,601318,13:27:03,59.5400,275,4
2026-04-30,601318,13:27:06,59.5400,175,2
2026-04-30,601318,13:27:10,59.5800,264,1
2026-04-30,601318,13:27:12,59.5400,62,2
2026-04-30,601318,13:27:15,59.5900,112,1
2026-04-30,601318,13:27:18,59.5900,84,1
2026-04-30,601318,13:27:22,59.5900,358,1
2026-04-30,601318,13:27:25,59.5800,88,1
2026-04-30,601318,13:27:28,59.5800,43,1
2026-04-30,601318,13:27:31,59.5700,87,1
2026-04-30,601318,13:27:34,59.5500,238,2
2026-04-30,601318,13:27:37,59.5500,93,2
2026-04-30,601318,13:27:39,59.5400,49,2
2026-04-30,601318,13:27:42,59.5300,245,2
2026-04-30,601318,13:27:46,59.5300,74,4
2026-04-30,601318,13:27:48,59.5500,38,1
2026-04-30,601318,13:27:52,59.5500,27,1
2026-04-30,601318,13:27:54,59.5500,194,1
2026-04-30,601318,13:27:58,59.5400,204,2
2026-04-30,601318,13:28:01,59.5300,71,2
2026-04-30,601318,13:28:03,59.5400,517,1
2026-04-30,601318,13:28:07,59.5400,133,2
2026-04-30,601318,13:28:10,59.5100,382,2
2026-04-30,601318,13:28:13,59.4400,358,2
2026-04-30,601318,13:28:16,59.4400,73,2
2026-04-30,601318,13:28:18,59.4500,111,1
2026-04-30,601318,13:28:22,59.4600,259,1
2026-04-30,601318,13:28:25,59.4400,25,2
2026-04-30,601318,13:28:28,59.4700,80,1
2026-04-30,601318,13:28:31,59.4700,38,1
2026-04-30,601318,13:28:34,59.4700,86,1
2026-04-30,601318,13:28:37,59.4600,306,2
2026-04-30,601318,13:28:40,59.4600,101,2
2026-04-30,601318,13:28:43,59.4500,57,2
2026-04-30,601318,13:28:45,59.4500,38,1
2026-04-30,601318,13:28:49,59.4400,130,2
2026-04-30,601318,13:28:51,59.4400,184,2
2026-04-30,601318,13:28:55,59.4400,40,2
2026-04-30,601318,13:28:57,59.4400,80,2
2026-04-30,601318,13:29:01,59.4300,194,2
2026-04-30,601318,13:29:03,59.4400,108,1
2026-04-30,601318,13:29:07,59.4400,206,2
2026-04-30,601318,13:29:10,59.4400,251,2
2026-04-30,601318,13:29:12,59.4400,82,2
2026-04-30,601318,13:29:16,59.4400,26,2
2026-04-30,601318,13:29:19,59.4500,26,1
2026-04-30,601318,13:29:22,59.4400,68,2
2026-04-30,601318,13:29:24,59.4400,33,2
2026-04-30,601318,13:29:27,59.4300,446,2
2026-04-30,601318,13:29:31,59.4300,188,2
2026-04-30,601318,13:29:33,59.4500,100,1
2026-04-30,601318,13:29:36,59.4600,80,1
2026-04-30,601318,13:29:40,59.4800,304,1
2026-04-30,601318,13:29:43,59.4600,93,2
2026-04-30,601318,13:29:46,59.4800,48,4
2026-04-30,601318,13:29:49,59.4800,131,2
2026-04-30,601318,13:29:52,59.4800,304,1
2026-04-30,601318,13:29:55,59.4600,83,2
2026-04-30,601318,13:29:57,59.4600,46,2
2026-04-30,601318,13:30:01,59.4700,111,2
2026-04-30,601318,13:30:04,59.4800,166,1
2026-04-30,601318,13:30:07,59.5000,53,1
2026-04-30,601318,13:30:10,59.4800,157,2
2026-04-30,601318,13:30:13,59.5000,78,1
2026-04-30,601318,13:30:15,59.4800,6,2
2026-04-30,601318,13:30:19,59.5000,24,1
2026-04-30,601318,13:30:22,59.5000,45,1
2026-04-30,601318,13:30:25,59.5000,60,1
2026-04-30,601318,13:30:27,59.4900,137,2
2026-04-30,601318,13:30:31,59.4900,147,2
2026-04-30,601318,13:30:33,59.5000,491,1
2026-04-30,601318,13:30:37,59.4900,331,2
2026-04-30,601318,13:30:40,59.4800,252,2
2026-04-30,601318,13:30:43,59.4900,456,1
2026-04-30,601318,13:30:45,59.4900,85,1
2026-04-30,601318,13:30:49,59.4800,82,2
2026-04-30,601318,13:30:52,59.4800,46,1
2026-04-30,601318,13:30:54,59.4900,111,1
2026-04-30,601318,13:30:57,59.4800,25,2
2026-04-30,601318,13:31:00,59.4900,169,1
2026-04-30,601318,13:31:04,59.5000,78,1
2026-04-30,601318,13:31:07,59.5000,144,1
2026-04-30,601318,13:31:10,59.4900,242,2
2026-04-30,601318,13:31:13,59.4900,204,2
2026-04-30,601318,13:31:16,59.5000,96,1
2026-04-30,601318,13:31:19,59.5000,221,1
2026-04-30,601318,13:31:21,59.5300,115,1
2026-04-30,601318,13:31:25,59.5300,170,2
2026-04-30,601318,13:31:28,59.5500,121,1
2026-04-30,601318,13:31:31,59.5300,75,2
2026-04-30,601318,13:31:33,59.5500,369,1
2026-04-30,601318,13:31:36,59.5500,109,1
2026-04-30,601318,13:31:39,59.5300,358,2
2026-04-30,601318,13:31:42,59.5200,111,2
2026-04-30,601318,13:31:45,59.5100,514,2
2026-04-30,601318,13:31:48,59.5100,110,1
2026-04-30,601318,13:31:52,59.5100,29,1
2026-04-30,601318,13:31:55,59.5100,80,4
2026-04-30,601318,13:31:57,59.5000,46,2
2026-04-30,601318,13:32:00,59.5100,80,1
2026-04-30,601318,13:32:04,59.5100,184,1
2026-04-30,601318,13:32:07,59.5100,67,2
2026-04-30,601318,13:32:09,59.5100,308,2
2026-04-30,601318,13:32:12,59.5100,8,2
2026-04-30,601318,13:32:15,59.5100,59,2
2026-04-30,601318,13:32:18,59.5100,40,2
2026-04-30,601318,13:32:21,59.5100,51,2
2026-04-30,601318,13:32:24,59.5200,403,1
2026-04-30,601318,13:32:27,59.5200,15,2
2026-04-30,601318,13:32:30,59.5200,66,2
2026-04-30,601318,13:32:33,59.5300,171,1
2026-04-30,601318,13:32:37,59.5400,334,1
2026-04-30,601318,13:32:39,59.5500,262,1
2026-04-30,601318,13:32:42,59.5200,64,2
2026-04-30,601318,13:32:46,59.5400,207,1
2026-04-30,601318,13:32:49,59.5800,371,1
2026-04-30,601318,13:32:52,59.5800,718,1
2026-04-30,601318,13:32:55,59.5900,84,1
2026-04-30,601318,13:32:58,59.5900,656,1
2026-04-30,601318,13:33:01,59.5400,136,2
2026-04-30,601318,13:33:04,59.5400,161,1
2026-04-30,601318,13:33:07,59.5800,95,1
2026-04-30,601318,13:33:10,59.6000,68,1
2026-04-30,601318,13:33:13,59.5600,28,2
2026-04-30,601318,13:33:16,59.5700,89,1
2026-04-30,601318,13:33:19,59.6000,55,1
2026-04-30,601318,13:33:21,59.6000,49,1
2026-04-30,601318,13:33:25,59.6000,56,2
2026-04-30,601318,13:33:28,59.6000,47,1
2026-04-30,601318,13:33:31,59.5700,42,2
2026-04-30,601318,13:33:33,59.5800,78,1
2026-04-30,601318,13:33:36,59.6000,64,1
2026-04-30,601318,13:33:40,59.6100,161,1
2026-04-30,601318,13:33:42,59.5800,215,2
2026-04-30,601318,13:33:46,59.6100,130,1
2026-04-30,601318,13:33:49,59.6000,345,2
2026-04-30,601318,13:33:51,59.5800,245,2
2026-04-30,601318,13:33:55,59.5800,78,4
2026-04-30,601318,13:33:58,59.5700,94,2
2026-04-30,601318,13:34:01,59.5700,33,2
2026-04-30,601318,13:34:04,59.5900,107,1
2026-04-30,601318,13:34:07,59.5900,20,2
2026-04-30,601318,13:34:09,59.6000,216,1
2026-04-30,601318,13:34:13,59.5700,313,2
2026-04-30,601318,13:34:16,59.5500,76,2
2026-04-30,601318,13:34:19,59.6200,112,1
2026-04-30,601318,13:34:22,59.5700,24,2
2026-04-30,601318,13:34:25,59.6000,2,1
2026-04-30,601318,13:34:28,59.5900,76,1
2026-04-30,601318,13:34:31,59.5900,99,2
2026-04-30,601318,13:34:33,59.5700,296,2
2026-04-30,601318,13:34:37,59.5500,319,2
2026-04-30,601318,13:34:40,59.5600,141,2
2026-04-30,601318,13:34:43,59.5800,86,1
2026-04-30,601318,13:34:46,59.5600,63,2
2026-04-30,601318,13:34:48,59.5700,22,2
2026-04-30,601318,13:34:51,59.5700,64,2
2026-04-30,601318,13:34:55,59.5800,151,1
2026-04-30,601318,13:34:57,59.5500,17,2
2026-04-30,601318,13:35:01,59.5600,18,2
2026-04-30,601318,13:35:03,59.5500,585,2
2026-04-30,601318,13:35:07,59.5300,239,2
2026-04-30,601318,13:35:10,59.5500,48,2
2026-04-30,601318,13:35:13,59.5300,175,2
2026-04-30,601318,13:35:15,59.5600,218,1
2026-04-30,601318,13:35:19,59.5600,29,2
2026-04-30,601318,13:35:22,59.5600,8,2
2026-04-30,601318,13:35:25,59.5600,23,2
2026-04-30,601318,13:35:28,59.5800,31,1
2026-04-30,601318,13:35:31,59.5600,74,2
2026-04-30,601318,13:35:34,59.5700,196,1
2026-04-30,601318,13:35:36,59.5500,772,2
2026-04-30,601318,13:35:40,59.5600,190,1
2026-04-30,601318,13:35:42,59.5500,89,1
2026-04-30,601318,13:35:45,59.5500,13,2
2026-04-30,601318,13:35:48,59.5300,65,2
2026-04-30,601318,13:35:52,59.5500,79,1
2026-04-30,601318,13:35:55,59.5300,107,2
2026-04-30,601318,13:35:57,59.5500,160,1
2026-04-30,601318,13:36:01,59.5400,129,4
2026-04-30,601318,13:36:04,59.5700,74,1
2026-04-30,601318,13:36:07,59.5400,18,2
2026-04-30,601318,13:36:09,59.5400,23,2
2026-04-30,601318,13:36:12,59.5500,154,2
2026-04-30,601318,13:36:16,59.5200,623,2
2026-04-30,601318,13:36:18,59.5100,52,2
2026-04-30,601318,13:36:21,59.5200,7,2
2026-04-30,601318,13:36:25,59.5500,49,1
2026-04-30,601318,13:36:27,59.5800,212,1
2026-04-30,601318,13:36:31,59.5900,186,1
2026-04-30,601318,13:36:34,59.5800,210,1
2026-04-30,601318,13:36:37,59.5600,41,4
2026-04-30,601318,13:36:40,59.5200,409,2
2026-04-30,601318,13:36:43,59.5200,200,1
2026-04-30,601318,13:36:45,59.5300,62,1
2026-04-30,601318,13:36:49,59.5100,42,2
2026-04-30,601318,13:36:52,59.5100,34,2
2026-04-30,601318,13:36:54,59.5200,118,1
2026-04-30,601318,13:36:58,59.5200,8,2
2026-04-30,601318,13:37:00,59.5200,51,2
2026-04-30,601318,13:37:03,59.5300,161,1
2026-04-30,601318,13:37:07,59.5400,31,1
2026-04-30,601318,13:37:09,59.5400,130,2
2026-04-30,601318,13:37:13,59.5500,95,2
2026-04-30,601318,13:37:15,59.5500,137,2
2026-04-30,601318,13:37:19,59.5500,91,1
2026-04-30,601318,13:37:22,59.5500,287,1
2026-04-30,601318,13:37:25,59.5200,113,2
2026-04-30,601318,13:37:28,59.5500,114,1
2026-04-30,601318,13:37:30,59.5400,240,4
2026-04-30,601318,13:37:33,59.5500,40,1
2026-04-30,601318,13:37:37,59.5400,205,2
2026-04-30,601318,13:37:39,59.5400,74,2
2026-04-30,601318,13:37:42,59.5400,190,1
2026-04-30,601318,13:37:45,59.5300,124,2
2026-04-30,601318,13:37:48,59.5400,117,2
2026-04-30,601318,13:37:51,59.5400,4,2
2026-04-30,601318,13:37:55,59.5400,76,2
2026-04-30,601318,13:37:58,59.5400,12,4
2026-04-30,601318,13:38:00,59.5600,150,1
2026-04-30,601318,13:38:04,59.5200,306,2
2026-04-30,601318,13:38:07,59.5100,175,2
2026-04-30,601318,13:38:10,59.5500,116,1
2026-04-30,601318,13:38:12,59.5300,74,2
2026-04-30,601318,13:38:16,59.5300,295,2
2026-04-30,601318,13:38:18,59.5500,310,1
2026-04-30,601318,13:38:21,59.5200,123,2
2026-04-30,601318,13:38:24,59.5200,22,2
2026-04-30,601318,13:38:28,59.5300,89,1
2026-04-30,601318,13:38:31,59.5200,23,2
2026-04-30,601318,13:38:34,59.5200,282,2
2026-04-30,601318,13:38:37,59.5200,18,1
2026-04-30,601318,13:38:39,59.4900,61,2
2026-04-30,601318,13:38:42,59.5200,29,1
2026-04-30,601318,13:38:46,59.5000,45,2
2026-04-30,601318,13:38:48,59.5200,47,1
2026-04-30,601318,13:38:51,59.4900,361,2
2026-04-30,601318,13:38:55,59.5000,60,1
2026-04-30,601318,13:38:57,59.5000,26,2
2026-04-30,601318,13:39:00,59.5000,173,2
2026-04-30,601318,13:39:03,59.5000,189,1
2026-04-30,601318,13:39:07,59.5100,95,1
2026-04-30,601318,13:39:10,59.5000,131,2
2026-04-30,601318,13:39:12,59.5000,50,2
2026-04-30,601318,13:39:16,59.5100,132,1
2026-04-30,601318,13:39:18,59.5100,40,1
2026-04-30,601318,13:39:22,59.5000,226,2
2026-04-30,601318,13:39:25,59.5000,129,2
2026-04-30,601318,13:39:28,59.5100,10,1
2026-04-30,601318,13:39:30,59.5000,9,2
2026-04-30,601318,13:39:34,59.5100,181,1
2026-04-30,601318,13:39:37,59.5100,21,2
2026-04-30,601318,13:39:39,59.5100,61,1
2026-04-30,601318,13:39:42,59.5000,13,2
2026-04-30,601318,13:39:46,59.5000,241,2
2026-04-30,601318,13:39:48,59.5000,14,1
2026-04-30,601318,13:39:51,59.4900,370,2
2026-04-30,601318,13:39:54,59.4700,226,2
2026-04-30,601318,13:39:57,59.4900,203,1
2026-04-30,601318,13:40:01,59.4600,409,2
2026-04-30,601318,13:40:04,59.4900,61,1
2026-04-30,601318,13:40:06,59.4800,154,2
2026-04-30,601318,13:40:09,59.4700,135,2
2026-04-30,601318,13:40:13,59.4700,41,1
2026-04-30,601318,13:40:15,59.4700,28,1
2026-04-30,601318,13:40:18,59.4600,37,2
2026-04-30,601318,13:40:22,59.4600,43,2
2026-04-30,601318,13:40:25,59.4500,246,2
2026-04-30,601318,13:40:28,59.4500,27,2
2026-04-30,601318,13:40:30,59.4500,55,1
2026-04-30,601318,13:40:34,59.4600,694,1
2026-04-30,601318,13:40:37,59.4800,50,1
2026-04-30,601318,13:40:40,59.4700,29,2
2026-04-30,601318,13:40:43,59.4700,37,2
2026-04-30,601318,13:40:46,59.4900,123,1
2026-04-30,601318,13:40:48,59.5000,292,1
2026-04-30,601318,13:40:52,59.5000,329,1
2026-04-30,601318,13:40:55,59.4900,109,2
2026-04-30,601318,13:40:58,59.5200,23,1
2026-04-30,601318,13:41:01,59.5000,61,2
2026-04-30,601318,13:41:04,59.5100,213,1
2026-04-30,601318,13:41:07,59.5100,220,2
2026-04-30,601318,13:41:09,59.5000,166,2
2026-04-30,601318,13:41:12,59.5000,67,2
2026-04-30,601318,13:41:15,59.5100,50,1
2026-04-30,601318,13:41:18,59.5100,108,1
2026-04-30,601318,13:41:21,59.5000,37,4
2026-04-30,601318,13:41:25,59.5000,83,2
2026-04-30,601318,13:41:28,59.4900,128,2
2026-04-30,601318,13:41:31,59.4800,125,2
2026-04-30,601318,13:41:34,59.4900,116,1
2026-04-30,601318,13:41:36,59.4900,153,2
2026-04-30,601318,13:41:40,59.4900,66,2
2026-04-30,601318,13:41:42,59.5000,135,1
2026-04-30,601318,13:41:45,59.5000,63,2
2026-04-30,601318,13:41:49,59.5100,47,1
2026-04-30,601318,13:41:51,59.5100,111,1
2026-04-30,601318,13:41:54,59.5000,106,2
2026-04-30,601318,13:41:58,59.4800,105,2
2026-04-30,601318,13:42:01,59.4800,306,2
2026-04-30,601318,13:42:04,59.4500,783,2
2026-04-30,601318,13:42:07,59.4300,901,2
2026-04-30,601318,13:42:10,59.4600,36,1
2026-04-30,601318,13:42:12,59.4300,44,2
2026-04-30,601318,13:42:15,59.4400,125,2
2026-04-30,601318,13:42:19,59.4500,19,1
2026-04-30,601318,13:42:22,59.4400,124,2
2026-04-30,601318,13:42:24,59.4400,124,2
2026-04-30,601318,13:42:27,59.4700,103,1
2026-04-30,601318,13:42:30,59.4600,27,2
2026-04-30,601318,13:42:34,59.4600,68,1
2026-04-30,601318,13:42:36,59.5000,165,1
2026-04-30,601318,13:42:40,59.5100,260,1
2026-04-30,601318,13:42:42,59.5100,195,4
2026-04-30,601318,13:42:45,59.5000,91,2
2026-04-30,601318,13:42:48,59.5100,75,1
2026-04-30,601318,13:42:52,59.5100,247,1
2026-04-30,601318,13:42:55,59.5100,70,1
2026-04-30,601318,13:42:57,59.4800,287,2
2026-04-30,601318,13:43:00,59.4600,140,2
2026-04-30,601318,13:43:03,59.5000,54,1
2026-04-30,601318,13:43:06,59.5000,195,2
2026-04-30,601318,13:43:10,59.4800,188,2
2026-04-30,601318,13:43:12,59.4800,157,4
2026-04-30,601318,13:43:16,59.5000,96,1
2026-04-30,601318,13:43:18,59.4900,120,4
2026-04-30,601318,13:43:22,59.4900,45,2
2026-04-30,601318,13:43:25,59.5400,539,1
2026-04-30,601318,13:43:28,59.5300,20,1
2026-04-30,601318,13:43:31,59.5000,33,2
2026-04-30,601318,13:43:33,59.5100,248,1
2026-04-30,601318,13:43:36,59.5300,35,1
2026-04-30,601318,13:43:39,59.5100,79,2
2026-04-30,601318,13:43:43,59.5100,49,2
2026-04-30,601318,13:43:45,59.5500,244,1
2026-04-30,601318,13:43:49,59.5100,70,2
2026-04-30,601318,13:43:52,59.5300,248,1
2026-04-30,601318,13:43:55,59.5200,218,1
2026-04-30,601318,13:43:58,59.5400,67,1
2026-04-30,601318,13:44:01,59.5300,273,2
2026-04-30,601318,13:44:03,59.5300,221,1
2026-04-30,601318,13:44:07,59.5400,53,4
2026-04-30,601318,13:44:10,59.5500,88,1
2026-04-30,601318,13:44:13,59.5400,65,2
2026-04-30,601318,13:44:15,59.5600,254,1
2026-04-30,601318,13:44:19,59.5400,24,2
2026-04-30,601318,13:44:22,59.5400,36,2
2026-04-30,601318,13:44:25,59.5400,277,2
2026-04-30,601318,13:44:28,59.5900,136,1
2026-04-30,601318,13:44:30,59.5800,101,1
2026-04-30,601318,13:44:33,59.5800,248,1
2026-04-30,601318,13:44:37,59.5500,64,2
2026-04-30,601318,13:44:40,59.5500,83,2
2026-04-30,601318,13:44:43,59.5500,220,2
2026-04-30,601318,13:44:46,59.5600,240,1
2026-04-30,601318,13:44:49,59.5400,87,1
2026-04-30,601318,13:44:51,59.5400,284,1
2026-04-30,601318,13:44:54,59.5500,241,4
2026-04-30,601318,13:44:58,59.5700,88,1
2026-04-30,601318,13:45:01,59.5600,56,4
2026-04-30,601318,13:45:03,59.5600,82,1
2026-04-30,601318,13:45:06,59.5600,233,2
2026-04-30,601318,13:45:09,59.5400,206,2
2026-04-30,601318,13:45:13,59.5200,23,2
2026-04-30,601318,13:45:15,59.5200,79,1
2026-04-30,601318,13:45:19,59.5300,23,1
2026-04-30,601318,13:45:22,59.5200,91,2
2026-04-30,601318,13:45:25,59.5100,44,2
2026-04-30,601318,13:45:27,59.5100,86,2
2026-04-30,601318,13:45:31,59.5100,342,2
2026-04-30,601318,13:45:34,59.4900,362,2
2026-04-30,601318,13:45:37,59.5000,194,1
2026-04-30,601318,13:45:40,59.5100,187,1
2026-04-30,601318,13:45:43,59.4900,73,2
2026-04-30,601318,13:45:45,59.4800,127,2
2026-04-30,601318,13:45:48,59.5100,122,1
2026-04-30,601318,13:45:51,59.5000,77,2
2026-04-30,601318,13:45:55,59.5000,5,4
2026-04-30,601318,13:45:57,59.5000,30,1
2026-04-30,601318,13:46:00,59.5100,60,1
2026-04-30,601318,13:46:04,59.5000,307,2
2026-04-30,601318,13:46:06,59.5000,105,1
2026-04-30,601318,13:46:09,59.5000,87,1
2026-04-30,601318,13:46:13,59.4900,127,2
2026-04-30,601318,13:46:16,59.4800,149,2
2026-04-30,601318,13:46:18,59.4800,31,2
2026-04-30,601318,13:46:22,59.4800,230,2
2026-04-30,601318,13:46:25,59.4800,245,2
2026-04-30,601318,13:46:28,59.4800,102,1
2026-04-30,601318,13:46:31,59.4700,125,2
2026-04-30,601318,13:46:34,59.4700,245,2
2026-04-30,601318,13:46:37,59.4700,154,2
2026-04-30,601318,13:46:40,59.4800,178,1
2026-04-30,601318,13:46:43,59.4700,126,2
2026-04-30,601318,13:46:46,59.4700,31,1
2026-04-30,601318,13:46:48,59.4600,125,2
2026-04-30,601318,13:46:51,59.4600,201,1
2026-04-30,601318,13:46:55,59.4600,183,2
2026-04-30,601318,13:46:57,59.4500,322,2
2026-04-30,601318,13:47:01,59.4500,72,2
2026-04-30,601318,13:47:04,59.4500,457,1
2026-04-30,601318,13:47:07,59.4500,281,1
2026-04-30,601318,13:47:10,59.4500,8,1
2026-04-30,601318,13:47:12,59.4400,38,2
2026-04-30,601318,13:47:16,59.4500,61,1
2026-04-30,601318,13:47:19,59.4500,65,1
2026-04-30,601318,13:47:21,59.4400,148,2
2026-04-30,601318,13:47:25,59.4400,150,2
2026-04-30,601318,13:47:28,59.4400,74,1
2026-04-30,601318,13:47:31,59.4400,135,1
2026-04-30,601318,13:47:34,59.4500,562,1
2026-04-30,601318,13:47:36,59.4500,73,1
2026-04-30,601318,13:47:40,59.4600,22,1
2026-04-30,601318,13:47:43,59.4500,27,2
2026-04-30,601318,13:47:46,59.4600,43,2
2026-04-30,601318,13:47:49,59.4600,31,2
2026-04-30,601318,13:47:52,59.4600,16,2
2026-04-30,601318,13:47:54,59.4600,42,2
2026-04-30,601318,13:47:57,59.4600,42,1
2026-04-30,601318,13:48:00,59.4500,3,2
2026-04-30,601318,13:48:04,59.4500,481,2
2026-04-30,601318,13:48:07,59.4400,26,2
2026-04-30,601318,13:48:12,59.4400,449,2
2026-04-30,601318,13:48:16,59.4300,231,2
2026-04-30,601318,13:48:18,59.4300,4,2
2026-04-30,601318,13:48:21,59.4300,91,2
2026-04-30,601318,13:48:25,59.4300,144,2
2026-04-30,601318,13:48:27,59.4500,132,1
2026-04-30,601318,13:48:31,59.4600,335,1
2026-04-30,601318,13:48:34,59.4700,213,1
2026-04-30,601318,13:48:37,59.5000,308,1
2026-04-30,601318,13:48:40,59.4700,185,2
2026-04-30,601318,13:48:43,59.4700,15,2
2026-04-30,601318,13:48:45,59.4900,20,1
2026-04-30,601318,13:48:49,59.5000,69,1
2026-04-30,601318,13:48:52,59.5000,116,2
2026-04-30,601318,13:48:55,59.4700,153,2
2026-04-30,601318,13:48:58,59.4600,298,2
2026-04-30,601318,13:49:01,59.4600,75,1
2026-04-30,601318,13:49:03,59.4800,288,1
2026-04-30,601318,13:49:06,59.4800,51,1
2026-04-30,601318,13:49:10,59.4600,126,2
2026-04-30,601318,13:49:13,59.4600,86,2
2026-04-30,601318,13:49:16,59.4700,266,1
2026-04-30,601318,13:49:19,59.4700,35,1
2026-04-30,601318,13:49:22,59.4600,112,2
2026-04-30,601318,13:49:24,59.4600,30,2
2026-04-30,601318,13:49:28,59.4600,67,1
2026-04-30,601318,13:49:30,59.4500,35,2
2026-04-30,601318,13:49:33,59.4700,276,1
2026-04-30,601318,13:49:37,59.4900,180,1
2026-04-30,601318,13:49:40,59.4500,42,2
2026-04-30,601318,13:49:42,59.4600,89,2
2026-04-30,601318,13:49:46,59.4800,36,1
2026-04-30,601318,13:49:49,59.4600,77,2
2026-04-30,601318,13:49:51,59.4800,55,1
2026-04-30,601318,13:49:54,59.4800,37,2
2026-04-30,601318,13:49:57,59.4700,60,2
2026-04-30,601318,13:50:00,59.4800,148,1
2026-04-30,601318,13:50:04,59.4400,596,2
2026-04-30,601318,13:50:06,59.4500,3,2
2026-04-30,601318,13:50:10,59.4500,67,2
2026-04-30,601318,13:50:13,59.4500,132,2
2026-04-30,601318,13:50:16,59.4500,225,2
2026-04-30,601318,13:50:19,59.4700,60,1
2026-04-30,601318,13:50:22,59.4500,116,2
2026-04-30,601318,13:50:25,59.4600,35,2
2026-04-30,601318,13:50:28,59.4700,33,1
2026-04-30,601318,13:50:30,59.4700,176,1
2026-04-30,601318,13:50:33,59.4800,139,1
2026-04-30,601318,13:50:37,59.4900,134,1
2026-04-30,601318,13:50:39,59.5000,65,1
2026-04-30,601318,13:50:43,59.5000,199,1
2026-04-30,601318,13:50:46,59.4800,401,2
2026-04-30,601318,13:50:48,59.5000,120,1
2026-04-30,601318,13:50:51,59.4800,57,2
2026-04-30,601318,13:50:55,59.4600,556,2
2026-04-30,601318,13:50:57,59.4600,169,2
2026-04-30,601318,13:51:01,59.4400,69,2
2026-04-30,601318,13:51:03,59.4300,277,2
2026-04-30,601318,13:51:07,59.4300,165,2
2026-04-30,601318,13:51:10,59.4400,102,1
2026-04-30,601318,13:51:12,59.4300,173,2
2026-04-30,601318,13:51:16,59.4300,310,2
2026-04-30,601318,13:51:19,59.4300,129,1
2026-04-30,601318,13:51:21,59.4500,80,1
2026-04-30,601318,13:51:24,59.4400,62,1
2026-04-30,601318,13:51:28,59.4400,52,1
2026-04-30,601318,13:51:31,59.4400,46,4
2026-04-30,601318,13:51:34,59.4500,126,1
2026-04-30,601318,13:51:36,59.4500,71,2
2026-04-30,601318,13:51:39,59.4600,19,1
2026-04-30,601318,13:51:42,59.4500,79,2
2026-04-30,601318,13:51:46,59.4800,164,1
2026-04-30,601318,13:51:49,59.4500,10,2
2026-04-30,601318,13:51:51,59.4600,6,2
2026-04-30,601318,13:51:55,59.4700,30,1
2026-04-30,601318,13:51:58,59.4700,42,4
2026-04-30,601318,13:52:01,59.4700,162,2
2026-04-30,601318,13:52:03,59.4600,205,2
2026-04-30,601318,13:52:06,59.4600,232,2
2026-04-30,601318,13:52:10,59.4800,62,1
2026-04-30,601318,13:52:12,59.4600,42,2
2026-04-30,601318,13:52:15,59.4600,75,2
2026-04-30,601318,13:52:19,59.4700,120,1
2026-04-30,601318,13:52:21,59.4600,24,2
2026-04-30,601318,13:52:25,59.4600,118,2
2026-04-30,601318,13:52:28,59.4600,3,1
2026-04-30,601318,13:52:30,59.4800,17,1
2026-04-30,601318,13:52:33,59.4700,80,1
2026-04-30,601318,13:52:36,59.4700,29,2
2026-04-30,601318,13:52:39,59.4700,161,2
2026-04-30,601318,13:52:42,59.4600,85,2
2026-04-30,601318,13:52:45,59.4600,128,2
2026-04-30,601318,13:52:49,59.4600,16,2
2026-04-30,601318,13:52:51,59.4700,54,1
2026-04-30,601318,13:52:55,59.4600,619,2
2026-04-30,601318,13:52:58,59.4400,115,2
2026-04-30,601318,13:53:00,59.4400,73,1
2026-04-30,601318,13:53:04,59.4400,441,1
2026-04-30,601318,13:53:06,59.4600,676,1
2026-04-30,601318,13:53:10,59.4700,268,1
2026-04-30,601318,13:53:13,59.4400,100,2
2026-04-30,601318,13:53:16,59.4700,61,1
2026-04-30,601318,13:53:18,59.4500,28,2
2026-04-30,601318,13:53:22,59.4500,16,1
2026-04-30,601318,13:53:25,59.4400,72,2
2026-04-30,601318,13:53:28,59.4500,43,1
2026-04-30,601318,13:53:31,59.4400,30,2
2026-04-30,601318,13:53:34,59.4500,488,1
2026-04-30,601318,13:53:37,59.4400,230,2
2026-04-30,601318,13:53:40,59.4300,128,2
2026-04-30,601318,13:53:43,59.4300,141,1
2026-04-30,601318,13:53:46,59.4300,238,1
2026-04-30,601318,13:53:49,59.4600,273,1
2026-04-30,601318,13:53:52,59.4700,6,1
2026-04-30,601318,13:53:55,59.4600,133,2
2026-04-30,601318,13:53:58,59.4700,4,1
2026-04-30,601318,13:54:01,59.4700,11,1
2026-04-30,601318,13:54:03,59.4600,278,2
2026-04-30,601318,13:54:07,59.4600,363,2
2026-04-30,601318,13:54:10,59.4600,46,1
2026-04-30,601318,13:54:13,59.4600,142,2
2026-04-30,601318,13:54:16,59.4600,114,2
2026-04-30,601318,13:54:19,59.4600,103,1
2026-04-30,601318,13:54:22,59.4600,184,1
2026-04-30,601318,13:54:25,59.4500,109,2
2026-04-30,601318,13:54:28,59.4600,29,1
2026-04-30,601318,13:54:31,59.4500,43,2
2026-04-30,601318,13:54:34,59.4500,218,2
2026-04-30,601318,13:54:36,59.4600,48,1
2026-04-30,601318,13:54:39,59.4500,295,2
2026-04-30,601318,13:54:43,59.4400,134,2
2026-04-30,601318,13:54:46,59.4500,165,1
2026-04-30,601318,13:54:48,59.4500,182,1
2026-04-30,601318,13:54:51,59.4500,164,1
2026-04-30,601318,13:54:54,59.4400,107,2
2026-04-30,601318,13:54:58,59.4400,117,2
2026-04-30,601318,13:55:01,59.4600,494,1
2026-04-30,601318,13:55:03,59.4600,188,1
2026-04-30,601318,13:55:07,59.4600,254,1
2026-04-30,601318,13:55:10,59.4600,64,2
2026-04-30,601318,13:55:13,59.4500,84,2
2026-04-30,601318,13:55:16,59.4500,57,1
2026-04-30,601318,13:55:19,59.4500,249,1
2026-04-30,601318,13:55:22,59.4700,99,1
2026-04-30,601318,13:55:25,59.4500,152,2
2026-04-30,601318,13:55:27,59.4300,90,2
2026-04-30,601318,13:55:31,59.4400,223,2
2026-04-30,601318,13:55:34,59.4500,184,1
2026-04-30,601318,13:55:37,59.4400,146,2
2026-04-30,601318,13:55:40,59.4500,63,2
2026-04-30,601318,13:55:43,59.4500,6,2
2026-04-30,601318,13:55:46,59.4600,207,1
2026-04-30,601318,13:55:49,59.4500,107,2
2026-04-30,601318,13:55:52,59.4500,35,2
2026-04-30,601318,13:55:55,59.4500,21,2
2026-04-30,601318,13:55:58,59.4600,39,1
2026-04-30,601318,13:56:00,59.4500,163,2
2026-04-30,601318,13:56:04,59.4500,534,2
2026-04-30,601318,13:56:07,59.4500,43,2
2026-04-30,601318,13:56:09,59.4500,65,1
2026-04-30,601318,13:56:13,59.4500,19,1
2026-04-30,601318,13:56:16,59.4500,213,1
2026-04-30,601318,13:56:19,59.4800,304,1
2026-04-30,601318,13:56:22,59.4800,66,1
2026-04-30,601318,13:56:24,59.4500,44,2
2026-04-30,601318,13:56:27,59.4300,446,2
2026-04-30,601318,13:56:31,59.4400,86,1
2026-04-30,601318,13:56:33,59.4300,449,2
2026-04-30,601318,13:56:37,59.4800,292,1
2026-04-30,601318,13:56:40,59.4700,61,1
2026-04-30,601318,13:56:43,59.4600,51,2
2026-04-30,601318,13:56:46,59.4600,135,2
2026-04-30,601318,13:56:49,59.4600,7,1
2026-04-30,601318,13:56:52,59.4600,7,1
2026-04-30,601318,13:56:54,59.4500,22,2
2026-04-30,601318,13:56:58,59.4500,114,2
2026-04-30,601318,13:57:01,59.4500,9,2
2026-04-30,601318,13:57:03,59.4500,278,2
2026-04-30,601318,13:57:07,59.4500,389,2
2026-04-30,601318,13:57:10,59.4500,45,2
2026-04-30,601318,13:57:12,59.4600,11,1
2026-04-30,601318,13:57:15,59.4500,14,2
2026-04-30,601318,13:57:19,59.4500,23,2
2026-04-30,601318,13:57:21,59.4600,28,1
2026-04-30,601318,13:57:25,59.4500,258,2
2026-04-30,601318,13:57:28,59.4500,140,1
2026-04-30,601318,13:57:31,59.4600,150,1
2026-04-30,601318,13:57:34,59.4600,263,1
2026-04-30,601318,13:57:36,59.4600,482,2
2026-04-30,601318,13:57:40,59.4600,29,2
2026-04-30,601318,13:57:43,59.4600,37,2
2026-04-30,601318,13:57:46,59.4600,26,1
2026-04-30,601318,13:57:49,59.4700,21,1
2026-04-30,601318,13:57:51,59.4800,3,1
2026-04-30,601318,13:57:54,59.4700,73,2
2026-04-30,601318,13:57:57,59.4800,91,1
2026-04-30,601318,13:58:00,59.4800,8,1
2026-04-30,601318,13:58:04,59.4700,287,2
2026-04-30,601318,13:58:07,59.4600,411,2
2026-04-30,601318,13:58:09,59.4500,99,2
2026-04-30,601318,13:58:13,59.4600,3,2
2026-04-30,601318,13:58:16,59.4600,68,2
2026-04-30,601318,13:58:18,59.4600,70,1
2026-04-30,601318,13:58:21,59.4700,54,1
2026-04-30,601318,13:58:25,59.4500,238,2
2026-04-30,601318,13:58:27,59.4600,18,4
2026-04-30,601318,13:58:30,59.4600,33,1
2026-04-30,601318,13:58:34,59.4500,274,2
2026-04-30,601318,13:58:37,59.4500,29,2
2026-04-30,601318,13:58:39,59.4500,35,1
2026-04-30,601318,13:58:42,59.4500,49,1
2026-04-30,601318,13:58:45,59.4400,592,2
2026-04-30,601318,13:58:49,59.4700,390,1
2026-04-30,601318,13:58:51,59.4700,107,1
2026-04-30,601318,13:58:54,59.4700,54,2
2026-04-30,601318,13:58:58,59.4700,63,2
2026-04-30,601318,13:59:01,59.4700,81,2
2026-04-30,601318,13:59:04,59.4600,587,2
2026-04-30,601318,13:59:07,59.4600,26,1
2026-04-30,601318,13:59:10,59.4500,23,2
2026-04-30,601318,13:59:12,59.4600,126,1
2026-04-30,601318,13:59:16,59.4500,106,2
2026-04-30,601318,13:59:18,59.4600,73,1
2026-04-30,601318,13:59:22,59.4600,60,1
2026-04-30,601318,13:59:24,59.4500,36,2
2026-04-30,601318,13:59:28,59.4600,2,1
2026-04-30,601318,13:59:31,59.4500,26,2
2026-04-30,601318,13:59:33,59.4500,278,2
2026-04-30,601318,13:59:36,59.4500,56,1
2026-04-30,601318,13:59:40,59.4500,207,1
2026-04-30,601318,13:59:43,59.4400,100,2
2026-04-30,601318,13:59:46,59.4300,234,2
2026-04-30,601318,13:59:49,59.4400,173,1
2026-04-30,601318,13:59:52,59.4700,196,1
2026-04-30,601318,13:59:55,59.4300,274,2
2026-04-30,601318,13:59:58,59.4300,110,1
2026-04-30,601318,14:00:01,59.4200,180,2
2026-04-30,601318,14:00:03,59.4300,310,1
2026-04-30,601318,14:00:07,59.4600,63,1
2026-04-30,601318,14:00:10,59.4400,11,2
2026-04-30,601318,14:00:12,59.4400,54,2
2026-04-30,601318,14:00:15,59.4400,57,2
2026-04-30,601318,14:00:19,59.4400,93,1
2026-04-30,601318,14:00:21,59.4300,33,2
2026-04-30,601318,14:00:24,59.4400,351,1
2026-04-30,601318,14:00:28,59.4300,43,2
2026-04-30,601318,14:00:31,59.4300,162,2
2026-04-30,601318,14:00:33,59.4300,407,2
2026-04-30,601318,14:00:37,59.4400,303,2
2026-04-30,601318,14:00:40,59.4400,26,2
2026-04-30,601318,14:00:43,59.4400,163,2
2026-04-30,601318,14:00:45,59.4400,115,1
2026-04-30,601318,14:00:49,59.4400,244,1
2026-04-30,601318,14:00:52,59.4300,67,2
2026-04-30,601318,14:00:54,59.4300,73,2
2026-04-30,601318,14:00:58,59.4200,508,2
2026-04-30,601318,14:01:01,59.4200,9,2
2026-04-30,601318,14:01:04,59.4300,117,1
2026-04-30,601318,14:01:06,59.4100,766,2
2026-04-30,601318,14:01:10,59.4300,1182,1
2026-04-30,601318,14:01:13,59.4000,242,2
2026-04-30,601318,14:01:16,59.4000,37,2
2026-04-30,601318,14:01:19,59.4000,82,2
2026-04-30,601318,14:01:22,59.4200,44,1
2026-04-30,601318,14:01:24,59.4200,26,4
2026-04-30,601318,14:01:28,59.4200,60,2
2026-04-30,601318,14:01:30,59.4200,125,2
2026-04-30,601318,14:01:33,59.4300,95,1
2026-04-30,601318,14:01:37,59.4200,105,2
2026-04-30,601318,14:01:40,59.4400,1100,1
2026-04-30,601318,14:01:42,59.4500,35,2
2026-04-30,601318,14:01:46,59.4600,71,1
2026-04-30,601318,14:01:49,59.4800,123,1
2026-04-30,601318,14:01:51,59.4700,86,1
2026-04-30,601318,14:01:55,59.4700,113,2
2026-04-30,601318,14:01:58,59.4800,153,1
2026-04-30,601318,14:02:01,59.4600,60,4
2026-04-30,601318,14:02:04,59.4600,218,1
2026-04-30,601318,14:02:06,59.4400,60,2
2026-04-30,601318,14:02:10,59.4800,121,1
2026-04-30,601318,14:02:13,59.4800,138,1
2026-04-30,601318,14:02:16,59.4700,93,1
2026-04-30,601318,14:02:19,59.4500,42,2
2026-04-30,601318,14:02:22,59.4500,81,2
2026-04-30,601318,14:02:25,59.4500,23,2
2026-04-30,601318,14:02:28,59.4500,52,2
2026-04-30,601318,14:02:31,59.4600,38,1
2026-04-30,601318,14:02:33,59.4600,104,1
2026-04-30,601318,14:02:36,59.4700,220,1
2026-04-30,601318,14:02:40,59.4700,93,1
2026-04-30,601318,14:02:42,59.4600,11,2
2026-04-30,601318,14:02:45,59.4600,32,2
2026-04-30,601318,14:02:49,59.4600,92,2
2026-04-30,601318,14:02:52,59.4700,100,2
2026-04-30,601318,14:02:55,59.4800,97,1
2026-04-30,601318,14:02:58,59.4700,11,2
2026-04-30,601318,14:03:01,59.4700,66,2
2026-04-30,601318,14:03:04,59.4700,297,2
2026-04-30,601318,14:03:06,59.4600,205,2
2026-04-30,601318,14:03:09,59.4900,453,1
2026-04-30,601318,14:03:13,59.4700,45,2
2026-04-30,601318,14:03:16,59.4700,14,1
2026-04-30,601318,14:03:18,59.4800,267,1
2026-04-30,601318,14:03:22,59.4800,11,1
2026-04-30,601318,14:03:25,59.4700,85,2
2026-04-30,601318,14:03:28,59.4700,18,2
2026-04-30,601318,14:03:30,59.4800,43,1
2026-04-30,601318,14:03:33,59.4800,230,1
2026-04-30,601318,14:03:36,59.4900,131,1
2026-04-30,601318,14:03:39,59.4800,70,2
2026-04-30,601318,14:03:42,59.4800,107,2
2026-04-30,601318,14:03:45,59.4900,117,1
2026-04-30,601318,14:03:48,59.4900,47,1
2026-04-30,601318,14:03:51,59.4800,24,2
2026-04-30,601318,14:03:55,59.4800,171,2
2026-04-30,601318,14:03:57,59.4600,238,2
2026-04-30,601318,14:04:00,59.4600,134,2
2026-04-30,601318,14:04:04,59.4800,145,1
2026-04-30,601318,14:04:06,59.4700,129,2
2026-04-30,601318,14:04:09,59.4700,45,2
2026-04-30,601318,14:04:13,59.4800,22,1
2026-04-30,601318,14:04:16,59.4700,216,2
2026-04-30,601318,14:04:18,59.4700,240,1
2026-04-30,601318,14:04:21,59.4700,122,1
2026-04-30,601318,14:04:25,59.4700,19,2
2026-04-30,601318,14:04:28,59.4600,52,2
2026-04-30,601318,14:04:30,59.4600,105,1
2026-04-30,601318,14:04:34,59.4800,100,1
2026-04-30,601318,14:04:37,59.4800,412,1
2026-04-30,601318,14:04:40,59.4900,328,1
2026-04-30,601318,14:04:42,59.4900,243,1
2026-04-30,601318,14:04:46,59.4800,117,2
2026-04-30,601318,14:04:49,59.4900,158,1
2026-04-30,601318,14:04:51,59.4900,140,1
2026-04-30,601318,14:04:54,59.4800,32,2
2026-04-30,601318,14:04:57,59.4900,178,1
2026-04-30,601318,14:05:00,59.4900,190,1
2026-04-30,601318,14:05:03,59.4900,262,1
2026-04-30,601318,14:05:07,59.4900,60,1
2026-04-30,601318,14:05:10,59.4800,12,2
2026-04-30,601318,14:05:13,59.4800,32,2
2026-04-30,601318,14:05:15,59.4900,126,1
2026-04-30,601318,14:05:19,59.4900,117,1
2026-04-30,601318,14:05:21,59.4800,93,2
2026-04-30,601318,14:05:25,59.4800,36,2
2026-04-30,601318,14:05:28,59.4800,46,2
2026-04-30,601318,14:05:31,59.4800,59,1
2026-04-30,601318,14:05:34,59.4800,231,1
2026-04-30,601318,14:05:36,59.4800,151,1
2026-04-30,601318,14:05:40,59.4800,28,1
2026-04-30,601318,14:05:42,59.4800,3,1
2026-04-30,601318,14:05:46,59.4700,38,2
2026-04-30,601318,14:05:49,59.4800,35,1
2026-04-30,601318,14:05:52,59.4800,222,1
2026-04-30,601318,14:05:54,59.4800,45,2
2026-04-30,601318,14:05:57,59.4700,79,2
2026-04-30,601318,14:06:01,59.4700,100,2
2026-04-30,601318,14:06:04,59.4800,43,1
2026-04-30,601318,14:06:07,59.4700,229,2
2026-04-30,601318,14:06:10,59.4800,18,1
2026-04-30,601318,14:06:13,59.4800,2,2
2026-04-30,601318,14:06:16,59.4800,27,2
2026-04-30,601318,14:06:18,59.4700,12,2
2026-04-30,601318,14:06:21,59.4800,8,1
2026-04-30,601318,14:06:25,59.4800,39,1
2026-04-30,601318,14:06:28,59.4700,339,2
2026-04-30,601318,14:06:30,59.4800,6,1
2026-04-30,601318,14:06:34,59.4700,227,2
2026-04-30,601318,14:06:37,59.4700,19,2
2026-04-30,601318,14:06:39,59.4800,24,1
2026-04-30,601318,14:06:42,59.4700,9,2
2026-04-30,601318,14:06:45,59.4700,37,2
2026-04-30,601318,14:06:49,59.4700,111,1
2026-04-30,601318,14:06:51,59.4800,7,1
2026-04-30,601318,14:06:55,59.4700,34,2
2026-04-30,601318,10:56:58,59.4600,183,1
2026-04-30,601318,10:57:00,59.4600,41,1
2026-04-30,601318,10:57:04,59.4500,33,4
2026-04-30,601318,10:57:07,59.4500,43,1
2026-04-30,601318,10:57:09,59.4500,136,1
2026-04-30,601318,10:57:13,59.4500,29,2
2026-04-30,601318,10:57:15,59.4500,30,2
2026-04-30,601318,10:57:19,59.4600,160,1
2026-04-30,601318,10:57:22,59.4600,96,1
2026-04-30,601318,10:57:25,59.4600,33,1
2026-04-30,601318,10:57:27,59.4600,80,1
2026-04-30,601318,10:57:31,59.4600,6,2
2026-04-30,601318,10:57:34,59.4700,49,1
2026-04-30,601318,10:57:37,59.4700,21,1
2026-04-30,601318,10:57:40,59.4600,99,2
2026-04-30,601318,10:57:43,59.4600,33,2
2026-04-30,601318,10:57:46,59.4600,265,2
2026-04-30,601318,10:57:49,59.4600,173,1
2026-04-30,601318,10:57:52,59.4400,68,2
2026-04-30,601318,10:57:54,59.4500,51,1
2026-04-30,601318,10:57:57,59.4500,194,1
2026-04-30,601318,10:58:01,59.4600,207,1
2026-04-30,601318,10:58:03,59.4600,65,1
2026-04-30,601318,10:58:07,59.4600,114,1
2026-04-30,601318,10:58:10,59.4400,176,2
2026-04-30,601318,10:58:12,59.4500,7,1
2026-04-30,601318,10:58:15,59.4500,65,1
2026-04-30,601318,10:58:18,59.4400,108,2
2026-04-30,601318,10:58:22,59.4500,20,1
2026-04-30,601318,10:58:25,59.4500,99,2
2026-04-30,601318,10:58:27,59.4500,6,1
2026-04-30,601318,10:58:31,59.4400,94,2
2026-04-30,601318,10:58:33,59.4400,60,1
2026-04-30,601318,10:58:37,59.4400,62,1
2026-04-30,601318,10:58:40,59.4400,443,1
2026-04-30,601318,10:58:42,59.4400,84,1
2026-04-30,601318,10:58:45,59.4400,42,1
2026-04-30,601318,10:58:49,59.4400,118,1
2026-04-30,601318,10:58:52,59.4400,37,1
2026-04-30,601318,10:58:54,59.4400,18,2
2026-04-30,601318,10:58:58,59.4500,36,1
2026-04-30,601318,10:59:01,59.4600,76,1
2026-04-30,601318,10:59:04,59.4500,5,4
2026-04-30,601318,10:59:07,59.4500,9,2
2026-04-30,601318,10:59:10,59.4500,65,2
2026-04-30,601318,10:59:13,59.4400,47,2
2026-04-30,601318,10:59:15,59.4500,72,1
2026-04-30,601318,10:59:19,59.4500,338,1
2026-04-30,601318,10:59:22,59.4400,155,2
2026-04-30,601318,10:59:24,59.4500,46,1
2026-04-30,601318,10:59:28,59.4500,200,1
2026-04-30,601318,10:59:31,59.4500,44,2
2026-04-30,601318,10:59:34,59.4500,59,1
2026-04-30,601318,10:59:36,59.4400,89,2
2026-04-30,601318,10:59:39,59.4400,396,2
2026-04-30,601318,10:59:43,59.4100,459,2
2026-04-30,601318,10:59:46,59.4200,31,1
2026-04-30,601318,10:59:48,59.4200,36,1
2026-04-30,601318,10:59:52,59.4100,65,2
2026-04-30,601318,10:59:55,59.4100,18,2
2026-04-30,601318,10:59:58,59.4100,258,2
2026-04-30,601318,11:00:01,59.4200,49,1
2026-04-30,601318,11:00:04,59.4300,23,1
2026-04-30,601318,11:00:07,59.4300,215,1
2026-04-30,601318,11:00:10,59.4300,2,1
2026-04-30,601318,11:00:12,59.4200,35,2
2026-04-30,601318,11:00:16,59.4300,60,1
2026-04-30,601318,11:00:18,59.4300,45,1
2026-04-30,601318,11:00:21,59.4200,28,2
2026-04-30,601318,11:00:25,59.4100,365,2
2026-04-30,601318,11:00:27,59.4200,180,1
2026-04-30,601318,11:00:31,59.4100,374,2
2026-04-30,601318,11:00:34,59.3900,54,2
2026-04-30,601318,11:00:37,59.4000,191,2
2026-04-30,601318,11:00:40,59.4200,615,1
2026-04-30,601318,11:00:42,59.4000,208,2
2026-04-30,601318,11:00:46,59.4100,135,4
2026-04-30,601318,11:00:48,59.4000,51,2
2026-04-30,601318,11:00:52,59.4000,119,2
2026-04-30,601318,11:00:55,59.4000,161,1
2026-04-30,601318,11:00:58,59.3900,104,2
2026-04-30,601318,11:01:01,59.4000,91,1
2026-04-30,601318,11:01:04,59.3900,6,4
2026-04-30,601318,11:01:07,59.4000,38,1
2026-04-30,601318,11:01:10,59.3900,314,2
2026-04-30,601318,11:01:13,59.4200,56,1
2026-04-30,601318,11:01:16,59.4100,750,2
2026-04-30,601318,11:01:18,59.4100,358,2
2026-04-30,601318,11:01:22,59.4000,221,2
2026-04-30,601318,11:01:25,59.4000,167,4
2026-04-30,601318,11:01:28,59.4100,565,1
2026-04-30,601318,11:01:30,59.4400,129,1
2026-04-30,601318,11:01:34,59.4500,54,1
2026-04-30,601318,11:01:37,59.4300,34,2
2026-04-30,601318,11:01:39,59.4300,71,2
2026-04-30,601318,11:01:42,59.4600,30,1
2026-04-30,601318,11:01:46,59.4600,10,1
2026-04-30,601318,11:01:49,59.4500,84,4
2026-04-30,601318,11:01:51,59.4600,32,1
2026-04-30,601318,11:01:55,59.4600,50,1
2026-04-30,601318,11:01:58,59.4600,5,1
2026-04-30,601318,11:02:01,59.4600,97,1
2026-04-30,601318,11:02:03,59.4600,88,2
2026-04-30,601318,11:02:07,59.4700,134,1
2026-04-30,601318,11:02:10,59.4600,77,2
2026-04-30,601318,11:02:13,59.4700,46,1
2026-04-30,601318,11:02:15,59.4700,38,1
2026-04-30,601318,11:02:18,59.4700,46,2
2026-04-30,601318,11:02:22,59.4500,319,2
2026-04-30,601318,11:02:25,59.4600,436,1
2026-04-30,601318,11:02:28,59.4700,12,1
2026-04-30,601318,11:02:30,59.4700,36,2
2026-04-30,601318,11:02:34,59.4800,42,1
2026-04-30,601318,11:02:37,59.4900,29,1
2026-04-30,601318,11:02:40,59.4900,36,1
2026-04-30,601318,11:02:43,59.4900,138,1
2026-04-30,601318,11:02:45,59.4900,50,1
2026-04-30,601318,11:02:49,59.4800,30,2
2026-04-30,601318,11:02:52,59.4800,87,2
2026-04-30,601318,11:02:55,59.4800,42,1
2026-04-30,601318,11:02:58,59.5000,160,1
2026-04-30,601318,11:03:01,59.5100,118,1
2026-04-30,601318,11:03:03,59.5200,5,1
2026-04-30,601318,11:03:07,59.5100,20,2
2026-04-30,601318,11:03:10,59.5100,125,2
2026-04-30,601318,11:03:12,59.5200,15,1
2026-04-30,601318,11:03:16,59.5300,55,1
2026-04-30,601318,11:03:19,59.5300,84,1
2026-04-30,601318,11:03:21,59.5300,43,1
2026-04-30,601318,11:03:24,59.5300,39,2
2026-04-30,601318,11:03:28,59.5500,108,1
2026-04-30,601318,11:03:31,59.5700,191,1
2026-04-30,601318,11:03:34,59.5700,63,2
2026-04-30,601318,11:03:36,59.5600,74,4
2026-04-30,601318,11:03:40,59.5400,80,2
2026-04-30,601318,11:03:42,59.5500,24,1
2026-04-30,601318,11:03:46,59.5600,300,1
2026-04-30,601318,11:03:48,59.5500,126,1
2026-04-30,601318,11:03:52,59.5400,269,1
2026-04-30,601318,11:03:54,59.5300,21,2
2026-04-30,601318,11:03:58,59.5500,25,1
2026-04-30,601318,11:04:00,59.5500,51,1
2026-04-30,601318,11:04:04,59.5500,60,2
2026-04-30,601318,11:04:07,59.5500,92,2
2026-04-30,601318,11:04:09,59.5500,28,1
2026-04-30,601318,11:04:12,59.5400,59,2
2026-04-30,601318,11:04:16,59.5300,56,2
2026-04-30,601318,11:04:18,59.5400,36,1
2026-04-30,601318,11:04:22,59.5400,46,2
2026-04-30,601318,11:04:25,59.5500,11,1
2026-04-30,601318,11:04:27,59.5500,134,2
2026-04-30,601318,11:04:30,59.5600,53,1
2026-04-30,601318,11:04:34,59.5600,8,1
2026-04-30,601318,11:04:36,59.5600,13,1
2026-04-30,601318,11:04:40,59.5600,58,1
2026-04-30,601318,11:04:43,59.5600,27,1
2026-04-30,601318,11:04:45,59.5600,16,1
2026-04-30,601318,11:04:49,59.5700,101,1
2026-04-30,601318,11:04:52,59.5600,118,4
2026-04-30,601318,11:04:55,59.5400,166,2
2026-04-30,601318,11:04:58,59.5400,121,2
2026-04-30,601318,11:05:01,59.5500,61,1
2026-04-30,601318,11:05:04,59.5400,106,2
2026-04-30,601318,11:05:07,59.5200,187,2
2026-04-30,601318,11:05:10,59.5000,51,2
2026-04-30,601318,11:05:12,59.5100,22,1
2026-04-30,601318,11:05:16,59.5300,112,1
2026-04-30,601318,11:05:19,59.5200,30,1
2026-04-30,601318,11:05:22,59.5300,121,1
2026-04-30,601318,11:05:25,59.5400,39,1
2026-04-30,601318,11:05:27,59.5500,19,1
2026-04-30,601318,11:05:31,59.5500,67,1
2026-04-30,601318,11:05:34,59.5400,11,2
2026-04-30,601318,11:05:37,59.5300,79,2
2026-04-30,601318,11:05:40,59.5300,60,2
2026-04-30,601318,11:05:43,59.5400,66,1
2026-04-30,601318,11:05:46,59.5400,33,2
2026-04-30,601318,11:05:48,59.5400,66,2
2026-04-30,601318,11:05:52,59.5500,56,1
2026-04-30,601318,11:05:55,59.5400,76,2
2026-04-30,601318,11:05:57,59.5400,47,2
2026-04-30,601318,11:06:01,59.5600,56,1
2026-04-30,601318,11:06:03,59.5300,171,2
2026-04-30,601318,11:06:06,59.5200,107,2
2026-04-30,601318,11:06:10,59.5200,45,2
2026-04-30,601318,11:06:12,59.5000,72,2
2026-04-30,601318,11:06:16,59.5200,31,1
2026-04-30,601318,11:06:19,59.5000,112,2
2026-04-30,601318,11:06:22,59.5200,16,1
2026-04-30,601318,11:06:24,59.5200,6,1
2026-04-30,601318,11:06:28,59.5100,32,1
2026-04-30,601318,11:06:30,59.5000,64,2
2026-04-30,601318,11:06:33,59.5100,28,1
2026-04-30,601318,11:06:36,59.5200,42,1
2026-04-30,601318,11:06:39,59.5000,94,2
2026-04-30,601318,11:06:43,59.4900,108,2
2026-04-30,601318,11:06:45,59.5100,56,1
2026-04-30,601318,11:06:49,59.4900,42,2
2026-04-30,601318,11:06:52,59.5300,71,1
2026-04-30,601318,11:06:55,59.4900,423,2
2026-04-30,601318,11:06:58,59.4900,30,1
2026-04-30,601318,11:07:00,59.4800,72,2
2026-04-30,601318,11:07:03,59.4800,38,2
2026-04-30,601318,11:07:06,59.4800,131,1
2026-04-30,601318,11:07:10,59.4500,204,2
2026-04-30,601318,11:07:13,59.4500,88,1
2026-04-30,601318,11:07:16,59.4500,2,1
2026-04-30,601318,11:07:19,59.4300,107,2
2026-04-30,601318,11:07:21,59.4300,14,1
2026-04-30,601318,11:07:24,59.4200,26,2
2026-04-30,601318,11:07:27,59.4200,42,2
2026-04-30,601318,11:07:31,59.4300,57,1
2026-04-30,601318,11:07:34,59.4300,32,1
2026-04-30,601318,11:07:36,59.4200,73,2
2026-04-30,601318,11:07:39,59.4200,110,2
2026-04-30,601318,11:07:43,59.4200,8,2
2026-04-30,601318,11:07:46,59.4300,23,1
2026-04-30,601318,11:07:48,59.4200,90,2
2026-04-30,601318,11:07:52,59.4200,109,1
2026-04-30,601318,11:07:55,59.4100,22,1
2026-04-30,601318,11:07:58,59.4100,62,1
2026-04-30,601318,11:08:01,59.4200,41,1
2026-04-30,601318,11:08:03,59.4200,15,1
2026-04-30,601318,11:08:07,59.4200,19,1
2026-04-30,601318,11:08:09,59.4200,33,1
2026-04-30,601318,11:08:13,59.4200,47,1
2026-04-30,601318,11:08:15,59.4200,76,1
2026-04-30,601318,11:08:18,59.4100,33,2
2026-04-30,601318,11:08:21,59.4100,168,2
2026-04-30,601318,11:08:25,59.4100,34,2
2026-04-30,601318,11:08:28,59.4100,26,2
2026-04-30,601318,11:08:31,59.4200,9,4
2026-04-30,601318,11:08:33,59.4200,11,2
2026-04-30,601318,11:08:37,59.4200,65,2
2026-04-30,601318,11:08:40,59.4200,11,2
2026-04-30,601318,11:08:42,59.4200,315,2
2026-04-30,601318,11:08:46,59.4200,4,1
2026-04-30,601318,11:08:49,59.4200,2,1
2026-04-30,601318,11:08:52,59.4200,85,1
2026-04-30,601318,11:08:55,59.4100,58,2
2026-04-30,601318,11:08:58,59.4100,272,2
2026-04-30,601318,11:09:00,59.4000,677,2
2026-04-30,601318,11:09:04,59.4000,183,2
2026-04-30,601318,11:09:07,59.4000,106,1
2026-04-30,601318,11:09:09,59.4000,8,1
2026-04-30,601318,11:09:13,59.4000,23,1
2026-04-30,601318,11:09:15,59.3900,101,2
2026-04-30,601318,11:09:19,59.4000,94,1
2026-04-30,601318,11:09:21,59.3900,60,2
2026-04-30,601318,11:09:25,59.3900,86,1
2026-04-30,601318,11:09:28,59.4000,339,1
2026-04-30,601318,11:09:30,59.4000,221,1
2026-04-30,601318,11:09:34,59.4000,39,2
2026-04-30,601318,11:09:36,59.4000,58,2
2026-04-30,601318,11:09:39,59.4000,48,2
2026-04-30,601318,11:09:42,59.4000,13,1
2026-04-30,601318,11:09:46,59.4000,27,1
2026-04-30,601318,11:09:48,59.4000,109,1
2026-04-30,601318,11:09:52,59.3900,8,2
2026-04-30,601318,11:09:55,59.4000,6,1
2026-04-30,601318,11:09:58,59.4000,75,1
2026-04-30,601318,11:10:01,59.4100,63,1
2026-04-30,601318,11:10:03,59.4000,29,2
2026-04-30,601318,11:10:06,59.4100,54,1
2026-04-30,601318,11:10:09,59.4100,42,1
2026-04-30,601318,11:10:12,59.4200,3,1
2026-04-30,601318,11:10:16,59.4200,2,1
2026-04-30,601318,11:10:19,59.4200,6,1
2026-04-30,601318,11:10:22,59.4200,45,1
2026-04-30,601318,11:10:25,59.4200,47,1
2026-04-30,601318,11:10:28,59.4200,17,1
2026-04-30,601318,11:10:31,59.4100,69,2
2026-04-30,601318,11:10:34,59.4200,9,2
2026-04-30,601318,11:10:37,59.4500,135,1
2026-04-30,601318,11:10:40,59.4500,293,1
2026-04-30,601318,11:10:42,59.4300,71,2
2026-04-30,601318,11:10:46,59.4300,88,2
2026-04-30,601318,11:10:48,59.4500,120,1
2026-04-30,601318,11:10:52,59.4500,141,1
2026-04-30,601318,11:10:55,59.4500,28,2
2026-04-30,601318,11:10:57,59.4500,59,2
2026-04-30,601318,11:11:00,59.4500,82,2
2026-04-30,601318,11:11:04,59.4600,86,1
2026-04-30,601318,11:11:07,59.4600,47,2
2026-04-30,601318,11:11:09,59.4400,253,2
2026-04-30,601318,11:11:13,59.4100,123,2
2026-04-30,601318,11:11:16,59.4300,239,1
2026-04-30,601318,11:11:19,59.4300,256,1
2026-04-30,601318,11:11:22,59.4400,74,1
2026-04-30,601318,11:11:24,59.4300,91,2
2026-04-30,601318,11:11:27,59.4400,27,1
2026-04-30,601318,11:11:31,59.4300,200,2
2026-04-30,601318,11:11:34,59.4100,148,2
2026-04-30,601318,11:11:37,59.4100,44,2
2026-04-30,601318,11:11:40,59.4100,103,2
2026-04-30,601318,11:11:43,59.4200,33,4
2026-04-30,601318,11:11:46,59.4200,35,1
2026-04-30,601318,11:11:49,59.4200,79,1
2026-04-30,601318,11:11:51,59.4300,38,1
2026-04-30,601318,11:11:55,59.4200,50,2
2026-04-30,601318,11:11:58,59.4200,139,2
2026-04-30,601318,11:12:01,59.4300,41,1
2026-04-30,601318,11:12:03,59.4300,40,1
2026-04-30,601318,11:12:07,59.4300,51,2
2026-04-30,601318,11:12:09,59.4500,27,1
2026-04-30,601318,11:12:13,59.4500,52,1
2026-04-30,601318,11:12:15,59.4700,106,1
2026-04-30,601318,11:12:19,59.4700,51,1
2026-04-30,601318,11:12:22,59.4800,45,1
2026-04-30,601318,11:12:24,59.4300,909,2
2026-04-30,601318,11:12:28,59.4600,159,1
2026-04-30,601318,11:12:31,59.4300,182,2
2026-04-30,601318,11:12:34,59.4400,27,1
2026-04-30,601318,11:12:37,59.4500,173,1
2026-04-30,601318,11:12:39,59.4600,81,1
2026-04-30,601318,11:12:43,59.4800,99,1
2026-04-30,601318,11:12:46,59.4500,13,2
2026-04-30,601318,11:12:49,59.4700,71,1
2026-04-30,601318,11:12:51,59.4600,112,2
2026-04-30,601318,11:12:55,59.4600,41,4
2026-04-30,601318,11:12:57,59.4700,51,1
2026-04-30,601318,11:13:01,59.4600,64,2
2026-04-30,601318,11:13:04,59.4600,42,2
2026-04-30,601318,11:13:07,59.4600,70,2
2026-04-30,601318,11:13:10,59.4700,121,2
2026-04-30,601318,11:13:13,59.4700,29,1
2026-04-30,601318,11:13:15,59.4600,23,4
2026-04-30,601318,11:13:18,59.4600,65,1
2026-04-30,601318,11:13:21,59.4000,1113,2
2026-04-30,601318,11:13:25,59.3900,648,2
2026-04-30,601318,11:13:28,59.3900,211,1
2026-04-30,601318,11:13:31,59.4100,265,1
2026-04-30,601318,11:13:33,59.4000,47,2
2026-04-30,601318,11:13:37,59.4100,3,1
2026-04-30,601318,11:13:39,59.4100,46,1
2026-04-30,601318,11:13:42,59.4100,206,1
2026-04-30,601318,11:13:46,59.4100,14,2
2026-04-30,601318,11:13:48,59.4200,28,1
2026-04-30,601318,11:13:52,59.4100,250,2
2026-04-30,601318,11:13:54,59.4200,46,1
2026-04-30,601318,11:13:58,59.4200,37,2
2026-04-30,601318,11:14:01,59.4300,84,1
2026-04-30,601318,11:14:04,59.4200,77,2
2026-04-30,601318,11:14:07,59.4200,26,2
2026-04-30,601318,11:14:09,59.4300,29,1
2026-04-30,601318,11:14:13,59.4300,37,1
2026-04-30,601318,11:14:15,59.4400,9,1
2026-04-30,601318,11:14:19,59.4400,37,1
2026-04-30,601318,11:14:22,59.4200,336,2
2026-04-30,601318,11:14:25,59.4600,290,1
2026-04-30,601318,11:14:27,59.4300,65,2
2026-04-30,601318,11:14:31,59.4500,120,1
2026-04-30,601318,11:14:33,59.4400,48,2
2026-04-30,601318,11:14:37,59.4800,215,1
2026-04-30,601318,11:14:40,59.4800,11,2
2026-04-30,601318,11:14:43,59.4800,164,2
2026-04-30,601318,11:14:46,59.4600,43,2
2026-04-30,601318,11:14:49,59.4500,142,2
2026-04-30,601318,11:14:51,59.4600,29,2
2026-04-30,601318,11:14:55,59.4600,31,1
2026-04-30,601318,11:14:58,59.4600,40,1
2026-04-30,601318,11:15:01,59.4600,6,1
2026-04-30,601318,11:15:03,59.4700,187,1
2026-04-30,601318,11:15:07,59.4500,65,2
2026-04-30,601318,11:15:10,59.4700,17,1
2026-04-30,601318,11:15:12,59.4600,51,1
2026-04-30,601318,11:15:16,59.4500,75,4
2026-04-30,601318,11:15:18,59.4500,71,2
2026-04-30,601318,11:15:22,59.4400,54,2
2026-04-30,601318,11:15:25,59.4400,250,2
2026-04-30,601318,11:15:28,59.4700,189,1
2026-04-30,601318,11:15:30,59.4500,121,2
2026-04-30,601318,11:15:34,59.4500,26,2
2026-04-30,601318,11:15:36,59.4500,115,2
2026-04-30,601318,11:15:40,59.4400,711,2
2026-04-30,601318,11:15:43,59.4300,187,2
2026-04-30,601318,11:15:46,59.4200,127,2
2026-04-30,601318,11:15:48,59.4400,47,1
2026-04-30,601318,11:15:52,59.4400,2,1
2026-04-30,601318,11:15:55,59.4400,18,1
2026-04-30,601318,11:15:58,59.4400,16,2
2026-04-30,601318,11:16:01,59.4400,7,2
2026-04-30,601318,11:16:03,59.4500,102,1
2026-04-30,601318,11:16:07,59.4400,7,2
2026-04-30,601318,11:16:10,59.4400,92,2
2026-04-30,601318,11:16:13,59.4400,44,2
2026-04-30,601318,11:16:16,59.4400,120,2
2026-04-30,601318,11:16:18,59.4400,152,1
2026-04-30,601318,11:16:22,59.4400,146,2
2026-04-30,601318,11:16:24,59.4400,148,2
2026-04-30,601318,11:16:28,59.4200,136,2
2026-04-30,601318,11:16:30,59.4200,101,2
2026-04-30,601318,11:16:34,59.4300,23,4
2026-04-30,601318,11:16:37,59.4300,53,1
2026-04-30,601318,11:16:40,59.4400,35,1
2026-04-30,601318,11:16:43,59.4300,22,4
2026-04-30,601318,11:16:46,59.4400,6,1
2026-04-30,601318,11:16:49,59.4400,90,1
2026-04-30,601318,11:16:51,59.4400,142,1
2026-04-30,601318,11:16:55,59.4400,200,2
2026-04-30,601318,11:16:58,59.4300,189,2
2026-04-30,601318,11:17:00,59.4300,208,2
2026-04-30,601318,11:17:04,59.4400,86,1
2026-04-30,601318,11:17:07,59.4500,7,4
2026-04-30,601318,11:17:10,59.4600,145,1
2026-04-30,601318,11:17:13,59.4500,214,2
2026-04-30,601318,11:17:15,59.4600,79,2
2026-04-30,601318,11:17:19,59.4600,50,1
2026-04-30,601318,11:17:22,59.4700,17,1
2026-04-30,601318,11:17:24,59.4600,62,2
2026-04-30,601318,11:17:28,59.4700,43,2
2026-04-30,601318,11:17:31,59.5200,159,1
2026-04-30,601318,11:17:33,59.4900,70,2
2026-04-30,601318,11:17:36,59.5200,248,1
2026-04-30,601318,11:17:39,59.5200,89,1
2026-04-30,601318,11:17:43,59.5200,54,1
2026-04-30,601318,11:17:46,59.5200,95,2
2026-04-30,601318,11:17:49,59.5200,143,2
2026-04-30,601318,11:17:52,59.5300,190,4
2026-04-30,601318,11:17:55,59.5500,90,1
2026-04-30,601318,11:17:57,59.5400,117,1
2026-04-30,601318,11:18:01,59.5300,64,2
2026-04-30,601318,11:18:04,59.5400,116,1
2026-04-30,601318,11:18:07,59.5300,37,2
2026-04-30,601318,11:18:09,59.5600,88,1
2026-04-30,601318,11:18:12,59.5300,148,2
2026-04-30,601318,11:18:16,59.5200,207,2
2026-04-30,601318,11:18:18,59.4900,327,2
2026-04-30,601318,11:18:22,59.4900,84,2
2026-04-30,601318,11:18:25,59.4900,107,2
2026-04-30,601318,11:18:28,59.4900,36,2
2026-04-30,601318,11:18:30,59.5000,16,1
2026-04-30,601318,11:18:34,59.5000,138,1
2026-04-30,601318,11:18:36,59.5100,169,1
2026-04-30,601318,11:18:39,59.5200,70,1
2026-04-30,601318,11:18:42,59.5000,56,2
2026-04-30,601318,11:18:46,59.5300,190,1
2026-04-30,601318,11:18:48,59.5200,43,1
2026-04-30,601318,11:18:51,59.5500,238,1
2026-04-30,601318,11:18:55,59.5200,79,4
2026-04-30,601318,11:18:58,59.5400,139,1
2026-04-30,601318,11:19:00,59.5500,147,1
2026-04-30,601318,11:19:03,59.5300,63,2
2026-04-30,601318,11:19:07,59.5300,95,2
2026-04-30,601318,11:19:10,59.5300,112,2
2026-04-30,601318,11:19:12,59.5400,46,1
2026-04-30,601318,11:19:16,59.5500,57,1
2026-04-30,601318,11:19:18,59.5700,106,1
2026-04-30,601318,11:19:21,59.5200,317,2
2026-04-30,601318,11:19:24,59.5400,34,1
2026-04-30,601318,11:19:28,59.5400,52,1
2026-04-30,601318,11:19:30,59.5400,560,1
2026-04-30,601318,11:19:34,59.5500,581,4
2026-04-30,601318,11:19:37,59.5500,74,2
2026-04-30,601318,11:19:39,59.5500,31,1
2026-04-30,601318,11:19:43,59.5400,174,2
2026-04-30,601318,11:19:46,59.5500,120,2
2026-04-30,601318,11:19:49,59.5600,26,1
2026-04-30,601318,11:19:51,59.5500,84,2
2026-04-30,601318,11:19:55,59.5600,49,4
2026-04-30,601318,11:19:57,59.5600,126,1
2026-04-30,601318,11:20:01,59.5400,109,2
2026-04-30,601318,11:20:04,59.5300,183,2
2026-04-30,601318,11:20:06,59.5200,130,2
2026-04-30,601318,11:20:09,59.5200,109,1
2026-04-30,601318,11:20:13,59.5100,83,2
2026-04-30,601318,11:20:16,59.5200,27,1
2026-04-30,601318,11:20:18,59.4800,274,2
2026-04-30,601318,11:20:22,59.5000,78,1
2026-04-30,601318,11:20:25,59.4800,136,2
2026-04-30,601318,11:20:28,59.5000,33,1
2026-04-30,601318,11:20:30,59.5000,14,1
2026-04-30,601318,11:20:34,59.5000,35,1
2026-04-30,601318,11:20:37,59.4900,45,2
