date,code,time,price,volume,bs
2026-01-08,601012,14:07:01,18.7300,138,2
2026-01-08,601012,14:07:04,18.7300,142,2
2026-01-08,601012,14:07:07,18.7300,55,2
2026-01-08,601012,14:07:10,18.7300,37,2
2026-01-08,601012,14:07:13,18.7400,89,1
2026-01-08,601012,14:07:16,18.7400,82,1
2026-01-08,601012,14:07:19,18.7400,49,1
2026-01-08,601012,14:07:22,18.7400,136,1
2026-01-08,601012,14:07:25,18.7400,82,1
2026-01-08,601012,14:07:28,18.7400,32,1
2026-01-08,601012,14:07:31,18.7400,362,1
2026-01-08,601012,14:07:34,18.7400,6,2
2026-01-08,601012,14:07:37,18.7400,74,2
2026-01-08,601012,14:07:40,18.7400,266,2
2026-01-08,601012,14:07:43,18.7400,179,2
2026-01-08,601012,14:07:46,18.7400,89,2
2026-01-08,601012,14:07:49,18.7500,39,1
2026-01-08,601012,14:07:52,18.7600,913,1
2026-01-08,601012,14:07:55,18.7600,252,1
2026-01-08,601012,14:07:58,18.7500,217,2
2026-01-08,601012,14:08:01,18.7600,63,1
2026-01-08,601012,14:08:04,18.7500,238,2
2026-01-08,601012,14:08:07,18.7600,28,1
2026-01-08,601012,14:08:10,18.7500,95,2
2026-01-08,601012,14:08:13,18.7600,119,1
2026-01-08,601012,14:08:16,18.7600,38,1
2026-01-08,601012,14:08:19,18.7500,48,2
2026-01-08,601012,14:08:22,18.7500,85,2
2026-01-08,601012,14:08:25,18.7500,643,2
2026-01-08,601012,14:08:28,18.7400,152,2
2026-01-08,601012,14:08:31,18.7400,144,2
2026-01-08,601012,14:08:34,18.7500,14,1
2026-01-08,601012,14:08:37,18.7500,46,1
2026-01-08,601012,14:08:40,18.7400,138,2
2026-01-08,601012,14:08:43,18.7500,285,1
2026-01-08,601012,14:08:46,18.7400,55,2
2026-01-08,601012,14:08:49,18.7300,489,2
2026-01-08,601012,14:08:52,18.7300,109,2
2026-01-08,601012,14:08:55,18.7300,423,2
2026-01-08,601012,14:08:58,18.7300,135,1
2026-01-08,601012,14:09:01,18.7200,59,2
2026-01-08,601012,14:09:04,18.7200,96,2
2026-01-08,601012,14:09:07,18.7200,49,2
2026-01-08,601012,14:09:10,18.7200,2618,2
2026-01-08,601012,14:09:13,18.7000,182,2
2026-01-08,601012,14:09:16,18.7000,36,2
2026-01-08,601012,14:09:19,18.7100,170,1
2026-01-08,601012,14:09:22,18.7000,399,2
2026-01-08,601012,14:09:25,18.7100,46,1
2026-01-08,601012,14:09:28,18.7000,66,2
2026-01-08,601012,14:09:31,18.7000,146,2
2026-01-08,601012,14:09:34,18.7000,114,2
2026-01-08,601012,14:09:37,18.7100,405,1
2026-01-08,601012,14:09:40,18.7000,529,2
2026-01-08,601012,14:09:43,18.7200,478,1
2026-01-08,601012,14:09:46,18.7100,220,2
2026-01-08,601012,14:09:49,18.7000,132,2
2026-01-08,601012,14:09:52,18.7100,161,4
2026-01-08,601012,14:09:55,18.7200,300,1
2026-01-08,601012,14:09:58,18.7100,92,2
2026-01-08,601012,14:10:01,18.7100,316,2
2026-01-08,601012,14:10:04,18.7100,162,1
2026-01-08,601012,14:10:07,18.7000,29,2
2026-01-08,601012,14:10:10,18.7000,449,2
2026-01-08,601012,14:10:13,18.7000,370,2
2026-01-08,601012,14:10:16,18.6900,336,2
2026-01-08,601012,14:10:19,18.6900,217,2
2026-01-08,601012,14:10:22,18.6900,79,2
2026-01-08,601012,14:10:25,18.6900,675,2
2026-01-08,601012,14:10:28,18.6800,37,2
2026-01-08,601012,14:10:31,18.6800,289,2
2026-01-08,601012,14:10:34,18.6900,55,2
2026-01-08,601012,14:10:37,18.6900,239,2
2026-01-08,601012,14:10:40,18.6800,148,2
2026-01-08,601012,14:10:43,18.6800,175,2
2026-01-08,601012,14:10:46,18.6800,810,2
2026-01-08,601012,14:10:49,18.6700,122,2
2026-01-08,601012,14:10:52,18.6700,191,2
2026-01-08,601012,14:10:55,18.6700,208,2
2026-01-08,601012,14:10:58,18.6700,173,2
2026-01-08,601012,14:11:01,18.6700,226,2
2026-01-08,601012,14:11:04,18.6700,249,2
2026-01-08,601012,14:11:07,18.6700,207,2
2026-01-08,601012,14:11:10,18.6700,74,2
2026-01-08,601012,14:11:13,18.6700,608,2
2026-01-08,601012,14:11:16,18.6700,60,2
2026-01-08,601012,14:11:19,18.6800,498,1
2026-01-08,601012,14:11:22,18.6900,75,2
2026-01-08,601012,14:11:25,18.6900,136,2
2026-01-08,601012,14:11:28,18.7000,349,1
2026-01-08,601012,14:11:31,18.6900,250,2
2026-01-08,601012,14:11:34,18.6900,37,1
2026-01-08,601012,14:11:37,18.6900,60,1
2026-01-08,601012,14:11:40,18.6900,365,1
2026-01-08,601012,14:11:43,18.6900,72,1
2026-01-08,601012,14:11:46,18.6900,88,1
2026-01-08,601012,14:11:49,18.6800,117,2
2026-01-08,601012,14:11:52,18.6800,62,2
2026-01-08,601012,14:11:55,18.6900,43,1
2026-01-08,601012,14:11:58,18.6800,37,2
2026-01-08,601012,14:12:01,18.6900,11,1
2026-01-08,601012,14:12:04,18.6800,40,2
2026-01-08,601012,14:12:07,18.6700,797,2
2026-01-08,601012,14:12:10,18.6800,148,1
2026-01-08,601012,14:12:13,18.6700,1237,2
2026-01-08,601012,14:12:16,18.6600,107,2
2026-01-08,601012,14:12:19,18.6800,191,1
2026-01-08,601012,14:12:22,18.6600,105,2
2026-01-08,601012,14:12:25,18.6600,199,2
2026-01-08,601012,14:12:28,18.6600,160,2
2026-01-08,601012,14:12:31,18.6600,251,2
2026-01-08,601012,14:12:34,18.6700,52,1
2026-01-08,601012,14:12:37,18.6600,196,2
2026-01-08,601012,14:12:40,18.6600,205,2
2026-01-08,601012,14:12:43,18.6600,142,2
2026-01-08,601012,14:12:46,18.6600,168,2
2026-01-08,601012,14:12:49,18.6700,136,1
2026-01-08,601012,14:12:52,18.6600,841,2
2026-01-08,601012,14:12:55,18.6600,73,1
2026-01-08,601012,14:12:58,18.6500,476,2
2026-01-08,601012,14:13:01,18.6500,263,2
2026-01-08,601012,14:13:04,18.6500,99,2
2026-01-08,601012,14:13:07,18.6500,897,2
2026-01-08,601012,14:13:10,18.6600,612,1
2026-01-08,601012,14:13:13,18.6500,463,2
2026-01-08,601012,14:13:16,18.6600,110,1
2026-01-08,601012,14:13:19,18.6600,184,1
2026-01-08,601012,14:13:22,18.6600,71,1
2026-01-08,601012,14:13:25,18.6600,209,2
2026-01-08,601012,14:13:28,18.6600,27,2
2026-01-08,601012,14:13:31,18.6700,47,1
2026-01-08,601012,14:13:34,18.6700,91,1
2026-01-08,601012,14:13:37,18.6600,65,2
2026-01-08,601012,14:13:40,18.6700,696,1
2026-01-08,601012,14:13:43,18.6600,129,2
2026-01-08,601012,14:13:46,18.6700,67,1
2026-01-08,601012,14:13:49,18.6700,390,1
2026-01-08,601012,14:13:52,18.6600,237,2
2026-01-08,601012,14:13:55,18.6700,38,1
2026-01-08,601012,14:13:58,18.6700,210,1
2026-01-08,601012,14:14:01,18.6700,248,1
2026-01-08,601012,14:14:04,18.6600,3085,2
2026-01-08,601012,14:14:07,18.6600,2738,2
2026-01-08,601012,14:14:10,18.6600,314,1
2026-01-08,601012,14:14:13,18.6600,391,1
2026-01-08,601012,14:14:16,18.6500,115,2
2026-01-08,601012,14:14:19,18.6600,262,1
2026-01-08,601012,14:14:22,18.6600,116,1
2026-01-08,601012,14:14:25,18.6500,171,2
2026-01-08,601012,14:14:28,18.6500,61,2
2026-01-08,601012,14:14:31,18.6500,167,2
2026-01-08,601012,14:14:34,18.6500,228,2
2026-01-08,601012,14:14:37,18.6500,418,2
2026-01-08,601012,14:14:40,18.6500,172,1
2026-01-08,601012,14:14:43,18.6400,165,2
2026-01-08,601012,14:14:46,18.6400,135,2
2026-01-08,601012,14:14:49,18.6500,121,1
2026-01-08,601012,14:14:52,18.6400,283,2
2026-01-08,601012,14:14:55,18.6400,665,2
2026-01-08,601012,14:14:58,18.6500,691,1
2026-01-08,601012,14:15:01,18.6500,355,2
2026-01-08,601012,14:15:04,18.6400,544,2
2026-01-08,601012,14:15:07,18.6400,123,1
2026-01-08,601012,14:15:10,18.6400,69,2
2026-01-08,601012,14:15:13,18.6400,179,2
2026-01-08,601012,14:15:16,18.6300,52,2
2026-01-08,601012,14:15:19,18.6300,111,2
2026-01-08,601012,14:15:22,18.6300,387,2
2026-01-08,601012,14:15:25,18.6300,76,2
2026-01-08,601012,14:15:28,18.6300,363,2
2026-01-08,601012,14:15:31,18.6400,354,1
2026-01-08,601012,14:15:34,18.6400,244,1
2026-01-08,601012,14:15:37,18.6600,1358,1
2026-01-08,601012,14:15:40,18.6600,321,1
2026-01-08,601012,14:15:43,18.6600,156,1
2026-01-08,601012,14:15:46,18.6500,215,2
2026-01-08,601012,14:15:49,18.6400,69,2
2026-01-08,601012,14:15:52,18.6500,54,1
2026-01-08,601012,14:15:55,18.6500,64,1
2026-01-08,601012,14:15:58,18.6600,199,1
2026-01-08,601012,14:16:01,18.6500,90,2
2026-01-08,601012,14:16:04,18.6600,41,1
2026-01-08,601012,14:16:07,18.6600,428,1
2026-01-08,601012,14:16:10,18.6600,393,1
2026-01-08,601012,14:16:13,18.6600,341,2
2026-01-08,601012,14:16:16,18.6600,147,2
2026-01-08,601012,14:16:19,18.6700,89,1
2026-01-08,601012,14:16:22,18.6600,26,2
2026-01-08,601012,14:16:25,18.6700,175,1
2026-01-08,601012,14:16:28,18.6600,105,2
2026-01-08,601012,14:16:31,18.6700,156,1
2026-01-08,601012,14:16:34,18.6700,77,1
2026-01-08,601012,14:16:37,18.6700,317,1
2026-01-08,601012,14:16:40,18.6700,212,1
2026-01-08,601012,14:16:43,18.6700,12,1
2026-01-08,601012,14:16:46,18.6700,29,2
2026-01-08,601012,14:16:49,18.6800,96,1
2026-01-08,601012,14:16:52,18.6800,83,1
2026-01-08,601012,14:16:55,18.6800,64,1
2026-01-08,601012,14:16:58,18.6800,152,1
2026-01-08,601012,14:17:01,18.6800,145,1
2026-01-08,601012,14:17:04,18.6700,800,2
2026-01-08,601012,14:17:07,18.6600,658,2
2026-01-08,601012,14:17:10,18.6600,539,2
2026-01-08,601012,14:17:13,18.6600,286,1
2026-01-08,601012,14:17:16,18.6600,284,1
2026-01-08,601012,14:17:19,18.6500,46,2
2026-01-08,601012,14:17:22,18.6500,107,2
2026-01-08,601012,14:17:25,18.6600,33,1
2026-01-08,601012,14:17:28,18.6500,114,2
2026-01-08,601012,14:17:31,18.6500,282,2
2026-01-08,601012,14:17:34,18.6500,435,2
2026-01-08,601012,14:17:37,18.6600,214,1
2026-01-08,601012,14:17:40,18.6600,85,1
2026-01-08,601012,14:17:43,18.6600,44,2
2026-01-08,601012,14:17:46,18.6600,18,2
2026-01-08,601012,14:17:49,18.6700,227,1
2026-01-08,601012,14:17:52,18.6600,296,2
2026-01-08,601012,14:17:55,18.6700,33,1
2026-01-08,601012,14:17:58,18.6600,122,2
2026-01-08,601012,14:18:01,18.6700,106,1
2026-01-08,601012,14:18:04,18.6600,22,2
2026-01-08,601012,14:18:07,18.6600,99,2
2026-01-08,601012,14:18:10,18.6700,95,1
2026-01-08,601012,14:18:13,18.6600,369,2
2026-01-08,601012,14:18:16,18.6600,51,2
2026-01-08,601012,14:18:19,18.6700,253,1
2026-01-08,601012,14:18:22,18.6700,85,1
2026-01-08,601012,14:18:25,18.6700,45,1
2026-01-08,601012,14:18:28,18.6700,34,1
2026-01-08,601012,14:18:31,18.6700,4,1
2026-01-08,601012,14:18:34,18.6700,145,1
2026-01-08,601012,14:18:37,18.6700,106,2
2026-01-08,601012,14:18:40,18.6700,3,2
2026-01-08,601012,14:18:43,18.6700,375,2
2026-01-08,601012,14:18:46,18.6700,544,2
2026-01-08,601012,14:18:49,18.6700,119,2
2026-01-08,601012,14:18:52,18.6800,69,4
2026-01-08,601012,14:18:55,18.6900,5,1
2026-01-08,601012,14:18:58,18.6800,144,2
2026-01-08,601012,14:19:01,18.6800,91,2
2026-01-08,601012,14:19:04,18.6900,101,1
2026-01-08,601012,14:19:07,18.6900,59,1
2026-01-08,601012,14:19:10,18.6800,242,2
2026-01-08,601012,14:19:13,18.6900,171,1
2026-01-08,601012,14:19:16,18.7000,115,1
2026-01-08,601012,14:19:19,18.6900,35,2
2026-01-08,601012,14:19:22,18.7000,35,1
2026-01-08,601012,14:19:25,18.6900,316,2
2026-01-08,601012,14:19:28,18.7000,115,1
2026-01-08,601012,14:19:31,18.6900,192,2
2026-01-08,601012,14:19:34,18.6900,30,1
2026-01-08,601012,14:19:37,18.6800,7,2
2026-01-08,601012,14:19:40,18.6900,100,1
2026-01-08,601012,14:19:43,18.6800,88,2
2026-01-08,601012,14:19:46,18.6900,51,1
2026-01-08,601012,14:19:49,18.6900,47,1
2026-01-08,601012,14:19:52,18.6800,95,2
2026-01-08,601012,14:19:55,18.6800,327,2
2026-01-08,601012,14:19:58,18.6900,42,1
2026-01-08,601012,14:20:01,18.6900,38,1
2026-01-08,601012,14:20:04,18.6900,32,1
2026-01-08,601012,14:20:07,18.6800,46,2
2026-01-08,601012,14:20:10,18.6800,126,2
2026-01-08,601012,14:20:13,18.6800,217,2
2026-01-08,601012,14:20:16,18.6900,462,1
2026-01-08,601012,14:20:19,18.6800,173,2
2026-01-08,601012,14:20:22,18.6800,260,1
2026-01-08,601012,14:20:25,18.6700,29,2
2026-01-08,601012,14:20:28,18.6700,25,2
2026-01-08,601012,14:20:31,18.6800,101,1
2026-01-08,601012,14:20:34,18.6800,122,1
2026-01-08,601012,14:20:37,18.6800,88,1
2026-01-08,601012,14:20:40,18.6700,24,2
2026-01-08,601012,14:20:43,18.6700,124,2
2026-01-08,601012,14:20:46,18.6700,48,2
2026-01-08,601012,14:20:49,18.6700,369,2
2026-01-08,601012,14:20:52,18.6600,251,2
2026-01-08,601012,14:20:55,18.6800,139,1
2026-01-08,601012,14:20:58,18.6700,90,2
2026-01-08,601012,14:21:01,18.6800,65,1
2026-01-08,601012,14:21:04,18.6800,519,1
2026-01-08,601012,14:21:07,18.6900,107,1
2026-01-08,601012,14:21:10,18.6800,55,2
2026-01-08,601012,14:21:13,18.6900,1383,1
2026-01-08,601012,14:21:16,18.6900,82,2
2026-01-08,601012,14:21:19,18.7000,113,1
2026-01-08,601012,14:21:22,18.6900,186,2
2026-01-08,601012,14:21:25,18.6900,119,2
2026-01-08,601012,14:21:28,18.6900,90,2
2026-01-08,601012,14:21:31,18.6900,105,1
2026-01-08,601012,14:21:34,18.6900,27,2
2026-01-08,601012,14:21:37,18.7000,1239,1
2026-01-08,601012,14:21:40,18.7000,19,2
2026-01-08,601012,14:21:43,18.7100,80,1
2026-01-08,601012,14:21:46,18.7100,24,1
2026-01-08,601012,14:21:49,18.7100,58,1
2026-01-08,601012,14:21:52,18.7100,13,1
2026-01-08,601012,14:21:55,18.7200,272,1
2026-01-08,601012,14:21:58,18.7100,53,2
2026-01-08,601012,14:22:01,18.7200,80,1
2026-01-08,601012,14:22:04,18.7200,51,1
2026-01-08,601012,14:22:07,18.7200,70,1
2026-01-08,601012,14:22:10,18.7200,515,1
2026-01-08,601012,14:22:13,18.7200,13,2
2026-01-08,601012,14:22:16,18.7200,177,2
2026-01-08,601012,14:22:19,18.7300,84,1
2026-01-08,601012,14:22:22,18.7300,62,1
2026-01-08,601012,14:22:25,18.7300,73,1
2026-01-08,601012,14:22:28,18.7300,300,1
2026-01-08,601012,14:22:31,18.7300,159,2
2026-01-08,601012,14:22:34,18.7300,662,2
2026-01-08,601012,14:22:37,18.7300,428,2
2026-01-08,601012,14:22:40,18.7300,156,1
2026-01-08,601012,14:22:43,18.7300,236,1
2026-01-08,601012,14:22:46,18.7200,151,4
2026-01-08,601012,14:22:49,18.7300,52,1
2026-01-08,601012,14:22:52,18.7200,33,1
2026-01-08,601012,14:22:55,18.7200,56,1
2026-01-08,601012,14:22:58,18.7200,20,2
2026-01-08,601012,14:23:01,18.7300,16,1
2026-01-08,601012,14:23:04,18.7300,36,1
2026-01-08,601012,14:23:07,18.7200,84,2
2026-01-08,601012,14:23:10,18.7200,99,2
2026-01-08,601012,14:23:13,18.7200,124,2
2026-01-08,601012,14:23:16,18.7200,187,2
2026-01-08,601012,14:23:19,18.7200,93,2
2026-01-08,601012,14:23:22,18.7300,17,1
2026-01-08,601012,14:23:25,18.7200,120,2
2026-01-08,601012,14:23:28,18.7100,155,2
2026-01-08,601012,14:23:31,18.7200,40,1
2026-01-08,601012,14:23:34,18.7100,21,2
2026-01-08,601012,14:23:37,18.7200,47,1
2026-01-08,601012,14:23:40,18.7100,41,2
2026-01-08,601012,14:23:43,18.7100,137,2
2026-01-08,601012,14:23:46,18.7100,58,2
2026-01-08,601012,14:23:49,18.7200,397,1
2026-01-08,601012,14:23:52,18.7200,153,2
2026-01-08,601012,14:23:55,18.7200,150,1
2026-01-08,601012,14:23:58,18.7300,78,1
2026-01-08,601012,14:24:01,18.7200,13,2
2026-01-08,601012,14:24:04,18.7200,16,1
2026-01-08,601012,14:24:07,18.7100,268,2
2026-01-08,601012,14:24:10,18.7100,200,2
2026-01-08,601012,14:24:13,18.7200,29,1
2026-01-08,601012,14:24:16,18.7200,3,1
2026-01-08,601012,14:24:19,18.7200,82,1
2026-01-08,601012,14:24:22,18.7200,335,1
2026-01-08,601012,14:24:25,18.7200,39,1
2026-01-08,601012,14:24:28,18.7100,46,2
2026-01-08,601012,14:24:31,18.7200,1098,1
2026-01-08,601012,14:24:34,18.7100,639,2
2026-01-08,601012,14:24:37,18.7100,85,2
2026-01-08,601012,14:24:40,18.7100,207,1
2026-01-08,601012,14:24:43,18.7000,132,2
2026-01-08,601012,14:24:46,18.7000,1,2
2026-01-08,601012,14:24:49,18.7000,16,2
2026-01-08,601012,14:24:52,18.7000,78,2
2026-01-08,601012,14:24:55,18.7000,13,2
2026-01-08,601012,14:24:58,18.7000,29,2
2026-01-08,601012,14:25:01,18.7000,26,2
2026-01-08,601012,14:25:04,18.7000,86,2
2026-01-08,601012,14:25:07,18.7100,368,1
2026-01-08,601012,14:25:10,18.7100,15,2
2026-01-08,601012,14:25:13,18.7100,68,2
2026-01-08,601012,14:25:16,18.7100,161,2
2026-01-08,601012,14:25:19,18.7100,23,2
2026-01-08,601012,14:25:22,18.7100,36,1
2026-01-08,601012,14:25:28,18.7100,102,2
2026-01-08,601012,14:25:31,18.7100,107,2
2026-01-08,601012,14:25:34,18.7200,64,1
2026-01-08,601012,14:25:37,18.7100,111,1
2026-01-08,601012,14:25:40,18.7200,36,1
2026-01-08,601012,14:25:43,18.7100,14,2
2026-01-08,601012,14:25:46,18.7200,9,1
2026-01-08,601012,14:25:49,18.7200,29,1
2026-01-08,601012,14:25:52,18.7200,60,1
2026-01-08,601012,14:25:55,18.7100,56,2
2026-01-08,601012,14:25:58,18.7100,36,2
2026-01-08,601012,14:26:01,18.7100,23,2
2026-01-08,601012,14:26:04,18.7200,94,1
2026-01-08,601012,14:26:07,18.7100,271,2
2026-01-08,601012,14:26:10,18.7100,32,2
2026-01-08,601012,14:26:13,18.7100,82,2
2026-01-08,601012,14:26:16,18.7100,37,2
2026-01-08,601012,14:26:19,18.7200,101,1
2026-01-08,601012,14:26:22,18.7200,89,1
2026-01-08,601012,14:26:25,18.7100,462,2
2026-01-08,601012,14:26:28,18.7100,52,2
2026-01-08,601012,14:26:31,18.7100,261,2
2026-01-08,601012,14:26:34,18.7100,178,2
2026-01-08,601012,14:26:37,18.7200,205,1
2026-01-08,601012,14:26:40,18.7100,24,2
2026-01-08,601012,14:26:43,18.7100,150,2
2026-01-08,601012,14:26:46,18.7200,133,1
2026-01-08,601012,14:26:49,18.7200,59,1
2026-01-08,601012,14:26:52,18.7200,159,1
2026-01-08,601012,14:26:55,18.7100,388,2
2026-01-08,601012,14:26:58,18.7200,69,1
2026-01-08,601012,14:27:01,18.7100,36,2
2026-01-08,601012,14:27:04,18.7200,75,1
2026-01-08,601012,14:27:07,18.7200,139,1
2026-01-08,601012,14:27:10,18.7100,177,2
2026-01-08,601012,14:27:13,18.7200,214,1
2026-01-08,601012,14:27:16,18.7200,7,1
2026-01-08,601012,14:27:19,18.7100,69,2
2026-01-08,601012,14:27:25,18.7200,210,1
2026-01-08,601012,14:27:28,18.7100,161,2
2026-01-08,601012,14:27:31,18.7200,115,1
2026-01-08,601012,14:27:34,18.7200,30,1
2026-01-08,601012,14:27:37,18.7100,23,2
2026-01-08,601012,14:27:40,18.7200,123,1
2026-01-08,601012,14:27:43,18.7100,10,2
2026-01-08,601012,14:27:46,18.7100,48,2
2026-01-08,601012,14:27:49,18.7100,108,2
2026-01-08,601012,14:27:52,18.7200,168,1
2026-01-08,601012,14:27:55,18.7100,74,2
2026-01-08,601012,14:27:58,18.7100,327,2
2026-01-08,601012,14:28:01,18.7100,129,2
2026-01-08,601012,14:28:04,18.7200,167,1
2026-01-08,601012,14:28:07,18.7100,93,2
2026-01-08,601012,14:28:10,18.7100,137,2
2026-01-08,601012,14:28:13,18.7100,27,2
2026-01-08,601012,14:28:16,18.7100,93,2
2026-01-08,601012,14:28:19,18.7100,81,2
2026-01-08,601012,14:28:22,18.7100,79,2
2026-01-08,601012,14:28:25,18.7100,36,2
2026-01-08,601012,14:28:28,18.7200,203,1
2026-01-08,601012,14:28:31,18.7100,86,2
2026-01-08,601012,14:28:34,18.7200,109,1
2026-01-08,601012,14:28:37,18.7200,112,1
2026-01-08,601012,14:28:40,18.7100,140,2
2026-01-08,601012,14:28:43,18.7100,79,2
2026-01-08,601012,14:28:46,18.7200,42,1
2026-01-08,601012,14:28:49,18.7100,124,2
2026-01-08,601012,14:28:52,18.7100,168,2
2026-01-08,601012,14:28:55,18.7100,118,2
2026-01-08,601012,14:28:58,18.7100,15,2
2026-01-08,601012,14:29:01,18.7100,20,2
2026-01-08,601012,14:29:04,18.7200,36,1
2026-01-08,601012,14:29:07,18.7100,33,2
2026-01-08,601012,14:29:10,18.7200,43,1
2026-01-08,601012,14:29:13,18.7200,62,1
2026-01-08,601012,14:29:16,18.7100,132,2
2026-01-08,601012,14:29:19,18.7100,192,2
2026-01-08,601012,14:29:22,18.7200,4,1
2026-01-08,601012,14:29:25,18.7300,2143,1
2026-01-08,601012,14:29:28,18.7200,247,2
2026-01-08,601012,14:29:31,18.7200,44,2
2026-01-08,601012,14:29:34,18.7200,295,2
2026-01-08,601012,14:29:37,18.7200,21,2
2026-01-08,601012,14:29:40,18.7200,146,2
2026-01-08,601012,14:29:43,18.7200,368,2
2026-01-08,601012,14:29:46,18.7200,59,2
2026-01-08,601012,14:29:49,18.7300,39,1
2026-01-08,601012,14:29:52,18.7300,51,1
2026-01-08,601012,14:29:55,18.7200,64,2
2026-01-08,601012,14:29:58,18.7200,19,2
2026-01-08,601012,14:30:01,18.7300,129,1
2026-01-08,601012,14:30:04,18.7200,174,2
2026-01-08,601012,14:30:07,18.7300,154,1
2026-01-08,601012,14:30:10,18.7300,89,1
2026-01-08,601012,14:30:13,18.7300,218,1
2026-01-08,601012,14:30:16,18.7300,168,1
2026-01-08,601012,14:30:19,18.7300,101,1
2026-01-08,601012,14:30:22,18.7300,22,1
2026-01-08,601012,14:30:25,18.7200,563,2
2026-01-08,601012,14:30:28,18.7300,30,1
2026-01-08,601012,14:30:31,18.7300,72,1
2026-01-08,601012,14:30:34,18.7300,655,1
2026-01-08,601012,14:30:37,18.7200,118,2
2026-01-08,601012,14:30:40,18.7300,65,1
2026-01-08,601012,14:30:43,18.7300,261,1
2026-01-08,601012,14:30:46,18.7400,428,1
2026-01-08,601012,14:30:49,18.7200,106,2
2026-01-08,601012,14:30:52,18.7400,25,1
2026-01-08,601012,14:30:55,18.7400,113,1
2026-01-08,601012,14:30:58,18.7300,40,2
2026-01-08,601012,14:31:01,18.7400,157,1
2026-01-08,601012,14:31:04,18.7500,1455,1
2026-01-08,601012,14:31:07,18.7500,92,1
2026-01-08,601012,14:31:10,18.7400,34,2
2026-01-08,601012,14:31:13,18.7300,195,2
2026-01-08,601012,14:31:16,18.7400,45,1
2026-01-08,601012,14:31:19,18.7400,331,1
2026-01-08,601012,14:31:22,18.7300,6,2
2026-01-08,601012,14:31:25,18.7300,27,2
2026-01-08,601012,14:31:28,18.7400,112,1
2026-01-08,601012,14:31:31,18.7400,107,1
2026-01-08,601012,14:31:34,18.7300,16,2
2026-01-08,601012,14:31:37,18.7300,1004,2
2026-01-08,601012,14:31:40,18.7300,68,1
2026-01-08,601012,14:31:43,18.7300,173,1
2026-01-08,601012,14:31:46,18.7300,51,4
2026-01-08,601012,14:31:49,18.7300,16,2
2026-01-08,601012,14:31:52,18.7300,151,2
2026-01-08,601012,14:31:55,18.7300,87,2
2026-01-08,601012,14:31:58,18.7400,40,1
2026-01-08,601012,14:32:01,18.7400,264,1
2026-01-08,601012,14:32:04,18.7300,353,2
2026-01-08,601012,14:32:07,18.7300,19,2
2026-01-08,601012,14:32:10,18.7300,46,2
2026-01-08,601012,14:32:13,18.7300,95,2
2026-01-08,601012,14:32:16,18.7300,75,2
2026-01-08,601012,14:32:19,18.7300,122,2
2026-01-08,601012,14:32:22,18.7300,51,2
2026-01-08,601012,14:32:25,18.7400,83,1
2026-01-08,601012,14:32:28,18.7300,127,2
2026-01-08,601012,14:32:31,18.7300,41,2
2026-01-08,601012,14:32:34,18.7400,18,1
2026-01-08,601012,14:32:37,18.7300,83,2
2026-01-08,601012,14:32:40,18.7400,1014,1
2026-01-08,601012,14:32:43,18.7500,138,1
2026-01-08,601012,14:32:46,18.7400,409,2
2026-01-08,601012,14:32:49,18.7400,269,1
2026-01-08,601012,14:32:52,18.7400,97,2
2026-01-08,601012,14:32:55,18.7400,461,2
2026-01-08,601012,14:32:58,18.7400,92,2
2026-01-08,601012,14:33:01,18.7500,62,1
2026-01-08,601012,14:33:04,18.7500,2403,1
2026-01-08,601012,14:33:07,18.7500,436,2
2026-01-08,601012,14:33:10,18.7600,80,1
2026-01-08,601012,14:33:13,18.7500,479,2
2026-01-08,601012,14:33:16,18.7500,6,2
2026-01-08,601012,14:33:19,18.7600,123,1
2026-01-08,601012,14:33:22,18.7600,448,1
2026-01-08,601012,14:33:25,18.7600,65,2
2026-01-08,601012,14:33:28,18.7600,120,2
2026-01-08,601012,14:33:31,18.7700,43,1
2026-01-08,601012,14:33:34,18.7600,76,2
2026-01-08,601012,14:33:37,18.7700,65,1
2026-01-08,601012,14:33:40,18.7700,69,1
2026-01-08,601012,14:33:43,18.7700,489,1
2026-01-08,601012,14:33:46,18.7700,39,1
2026-01-08,601012,14:33:49,18.7700,87,1
2026-01-08,601012,14:33:52,18.7700,837,1
2026-01-08,601012,14:33:55,18.7600,180,2
2026-01-08,601012,14:33:58,18.7600,1179,2
2026-01-08,601012,14:34:01,18.7600,277,1
2026-01-08,601012,14:34:04,18.7600,131,2
2026-01-08,601012,14:34:07,18.7600,258,1
2026-01-08,601012,14:34:10,18.7600,162,1
2026-01-08,601012,14:34:13,18.7600,119,1
2026-01-08,601012,14:34:16,18.7500,36,2
2026-01-08,601012,14:34:19,18.7600,85,1
2026-01-08,601012,14:34:22,18.7600,245,1
2026-01-08,601012,14:34:25,18.7600,325,2
2026-01-08,601012,14:34:28,18.7600,91,2
2026-01-08,601012,14:34:31,18.7600,78,2
2026-01-08,601012,14:34:34,18.7500,14,2
2026-01-08,601012,14:34:37,18.7500,29,2
2026-01-08,601012,14:34:40,18.7500,153,2
2026-01-08,601012,14:34:43,18.7600,34,1
2026-01-08,601012,14:34:46,18.7500,70,2
2026-01-08,601012,14:34:49,18.7600,37,1
2026-01-08,601012,14:34:52,18.7500,72,2
2026-01-08,601012,14:34:55,18.7500,64,2
2026-01-08,601012,14:34:58,18.7500,64,2
2026-01-08,601012,14:35:01,18.7500,51,2
2026-01-08,601012,14:35:04,18.7500,881,2
2026-01-08,601012,14:35:07,18.7500,257,2
2026-01-08,601012,14:35:10,18.7600,1386,1
2026-01-08,601012,14:35:13,18.7600,741,2
2026-01-08,601012,14:35:16,18.7600,394,2
2026-01-08,601012,14:35:19,18.7600,413,2
2026-01-08,601012,14:35:22,18.7600,105,2
2026-01-08,601012,14:35:25,18.7600,240,2
2026-01-08,601012,14:35:28,18.7600,93,1
2026-01-08,601012,14:35:31,18.7600,27,1
2026-01-08,601012,14:35:34,18.7600,19,1
2026-01-08,601012,14:35:37,18.7500,1,2
2026-01-08,601012,14:35:40,18.7600,126,1
2026-01-08,601012,14:35:43,18.7600,18,1
2026-01-08,601012,14:35:46,18.7600,310,1
2026-01-08,601012,14:35:49,18.7600,116,1
2026-01-08,601012,14:35:52,18.7600,305,1
2026-01-08,601012,14:35:55,18.7600,246,1
2026-01-08,601012,14:35:58,18.7600,145,1
2026-01-08,601012,14:36:01,18.7600,147,1
2026-01-08,601012,14:36:04,18.7600,51,2
2026-01-08,601012,14:36:07,18.7500,223,2
2026-01-08,601012,14:36:10,18.7600,91,1
2026-01-08,601012,14:36:13,18.7600,442,1
2026-01-08,601012,14:36:16,18.7600,299,2
2026-01-08,601012,14:36:19,18.7600,65,2
2026-01-08,601012,14:36:22,18.7600,290,2
2026-01-08,601012,14:36:25,18.7700,635,1
2026-01-08,601012,14:36:28,18.7500,295,2
2026-01-08,601012,14:36:31,18.7600,102,1
2026-01-08,601012,14:36:34,18.7600,119,1
2026-01-08,601012,14:36:37,18.7500,6,2
2026-01-08,601012,14:36:40,18.7600,52,1
2026-01-08,601012,14:36:43,18.7500,1036,2
2026-01-08,601012,14:36:46,18.7500,169,2
2026-01-08,601012,14:36:49,18.7600,1018,1
2026-01-08,601012,14:36:52,18.7500,277,2
2026-01-08,601012,14:36:55,18.7500,259,2
2026-01-08,601012,14:36:58,18.7400,884,2
2026-01-08,601012,14:37:01,18.7500,81,1
2026-01-08,601012,14:37:04,18.7400,302,2
2026-01-08,601012,14:37:07,18.7400,139,2
2026-01-08,601012,14:37:10,18.7400,226,1
2026-01-08,601012,14:37:13,18.7300,105,2
2026-01-08,601012,14:37:16,18.7400,72,1
2026-01-08,601012,14:37:19,18.7400,116,1
2026-01-08,601012,14:37:22,18.7400,93,1
2026-01-08,601012,14:37:25,18.7500,434,1
2026-01-08,601012,14:37:28,18.7500,72,1
2026-01-08,601012,14:37:31,18.7500,83,1
2026-01-08,601012,14:37:34,18.7400,70,2
2026-01-08,601012,14:37:37,18.7500,58,1
2026-01-08,601012,14:37:40,18.7400,19,2
2026-01-08,601012,14:37:43,18.7400,68,2
2026-01-08,601012,14:37:46,18.7500,175,1
2026-01-08,601012,14:37:49,18.7400,280,2
2026-01-08,601012,14:37:52,18.7400,261,2
2026-01-08,601012,14:37:55,18.7500,243,1
2026-01-08,601012,14:37:58,18.7400,90,2
2026-01-08,601012,14:38:01,18.7400,26,2
2026-01-08,601012,14:38:04,18.7400,220,2
2026-01-08,601012,14:38:07,18.7300,335,2
2026-01-08,601012,14:38:10,18.7400,43,1
2026-01-08,601012,14:38:13,18.7300,104,2
2026-01-08,601012,14:38:16,18.7400,118,1
2026-01-08,601012,14:38:19,18.7400,106,1
2026-01-08,601012,14:38:22,18.7300,79,2
2026-01-08,601012,14:38:25,18.7400,196,1
2026-01-08,601012,14:38:28,18.7300,96,2
2026-01-08,601012,14:38:31,18.7400,40,1
2026-01-08,601012,14:38:34,18.7400,273,1
2026-01-08,601012,14:38:37,18.7300,153,2
2026-01-08,601012,14:38:40,18.7400,250,2
2026-01-08,601012,14:38:43,18.7500,112,1
2026-01-08,601012,14:38:46,18.7400,38,4
2026-01-08,601012,14:38:49,18.7400,151,1
2026-01-08,601012,14:38:52,18.7400,45,2
2026-01-08,601012,14:38:55,18.7400,104,1
2026-01-08,601012,14:38:58,18.7300,114,2
2026-01-08,601012,14:39:01,18.7400,66,1
2026-01-08,601012,14:39:04,18.7400,96,1
2026-01-08,601012,14:39:07,18.7400,99,1
2026-01-08,601012,14:39:10,18.7300,50,2
2026-01-08,601012,14:39:13,18.7400,644,1
2026-01-08,601012,14:39:16,18.7400,37,2
2026-01-08,601012,14:39:19,18.7400,65,2
2026-01-08,601012,14:39:22,18.7500,2195,1
2026-01-08,601012,14:39:25,18.7400,114,2
2026-01-08,601012,14:39:28,18.7400,320,2
2026-01-08,601012,14:39:31,18.7500,6,1
2026-01-08,601012,14:39:34,18.7500,66,1
2026-01-08,601012,14:39:37,18.7500,10,1
2026-01-08,601012,14:39:40,18.7500,42,1
2026-01-08,601012,14:39:43,18.7500,102,1
2026-01-08,601012,14:39:46,18.7500,218,1
2026-01-08,601012,14:39:49,18.7500,89,1
2026-01-08,601012,14:39:52,18.7500,170,1
2026-01-08,601012,14:39:55,18.7500,64,1
2026-01-08,601012,14:39:58,18.7400,342,2
2026-01-08,601012,14:40:01,18.7500,81,1
2026-01-08,601012,14:40:04,18.7400,193,2
2026-01-08,601012,14:40:07,18.7500,79,1
2026-01-08,601012,14:40:10,18.7500,142,1
2026-01-08,601012,14:40:13,18.7400,136,2
2026-01-08,601012,14:40:16,18.7500,120,1
2026-01-08,601012,14:40:19,18.7500,140,1
2026-01-08,601012,14:40:22,18.7400,238,2
2026-01-08,601012,14:40:25,18.7400,62,2
2026-01-08,601012,14:40:28,18.7400,85,2
2026-01-08,601012,14:40:31,18.7500,745,1
2026-01-08,601012,14:40:34,18.7500,149,1
2026-01-08,601012,14:40:37,18.7400,65,2
2026-01-08,601012,14:40:40,18.7400,427,2
2026-01-08,601012,14:40:43,18.7400,72,2
2026-01-08,601012,14:40:46,18.7500,245,1
2026-01-08,601012,14:40:49,18.7500,100,1
2026-01-08,601012,14:40:52,18.7500,44,1
2026-01-08,601012,14:40:55,18.7500,173,1
2026-01-08,601012,14:40:58,18.7500,120,1
2026-01-08,601012,14:41:01,18.7500,37,1
2026-01-08,601012,14:41:04,18.7400,252,2
2026-01-08,601012,14:41:07,18.7400,959,2
2026-01-08,601012,14:41:10,18.7500,684,1
2026-01-08,601012,14:41:13,18.7500,231,2
2026-01-08,601012,14:41:16,18.7600,157,1
2026-01-08,601012,14:41:19,18.7600,361,1
2026-01-08,601012,14:41:22,18.7600,145,1
2026-01-08,601012,14:41:25,18.7500,460,2
2026-01-08,601012,14:41:28,18.7500,602,2
2026-01-08,601012,14:41:31,18.7500,79,2
2026-01-08,601012,14:41:34,18.7600,101,1
2026-01-08,601012,14:41:37,18.7600,72,1
2026-01-08,601012,14:41:40,18.7500,138,2
2026-01-08,601012,14:41:43,18.7500,461,2
2026-01-08,601012,14:41:46,18.7500,216,2
2026-01-08,601012,14:41:49,18.7500,64,1
2026-01-08,601012,14:41:52,18.7500,227,1
2026-01-08,601012,14:41:55,18.7400,242,2
2026-01-08,601012,14:41:58,18.7400,45,2
2026-01-08,601012,14:42:01,18.7500,116,1
2026-01-08,601012,14:42:04,18.7400,225,2
2026-01-08,601012,14:42:07,18.7400,63,2
2026-01-08,601012,14:42:10,18.7500,181,1
2026-01-08,601012,14:42:13,18.7500,464,1
2026-01-08,601012,14:42:16,18.7500,46,1
2026-01-08,601012,14:42:19,18.7500,57,1
2026-01-08,601012,14:42:22,18.7500,184,1
2026-01-08,601012,14:42:25,18.7400,355,2
2026-01-08,601012,14:42:28,18.7300,1917,2
2026-01-08,601012,14:42:31,18.7300,212,2
2026-01-08,601012,14:42:34,18.7400,92,1
2026-01-08,601012,14:42:37,18.7300,104,2
2026-01-08,601012,14:42:40,18.7400,251,1
2026-01-08,601012,14:42:43,18.7300,238,2
2026-01-08,601012,14:42:46,18.7300,43,2
2026-01-08,601012,14:42:49,18.7300,79,2
2026-01-08,601012,14:42:52,18.7300,126,2
2026-01-08,601012,14:42:55,18.7400,39,1
2026-01-08,601012,14:42:58,18.7300,308,2
2026-01-08,601012,14:43:01,18.7300,155,2
2026-01-08,601012,14:43:04,18.7300,384,2
2026-01-08,601012,14:43:07,18.7300,199,2
2026-01-08,601012,14:43:10,18.7400,99,1
2026-01-08,601012,14:43:13,18.7400,480,1
2026-01-08,601012,14:43:16,18.7300,73,2
2026-01-08,601012,14:43:19,18.7300,233,2
2026-01-08,601012,14:43:22,18.7400,140,1
2026-01-08,601012,14:43:25,18.7300,232,2
2026-01-08,601012,14:43:28,18.7300,112,2
2026-01-08,601012,14:43:31,18.7400,55,1
2026-01-08,601012,14:43:34,18.7300,66,2
2026-01-08,601012,14:43:37,18.7300,156,1
2026-01-08,601012,14:43:40,18.7200,327,2
2026-01-08,601012,14:43:43,18.7300,199,1
2026-01-08,601012,14:43:46,18.7200,184,2
2026-01-08,601012,14:43:49,18.7200,351,2
2026-01-08,601012,14:43:52,18.7300,213,1
2026-01-08,601012,14:43:55,18.7300,138,1
2026-01-08,601012,14:43:58,18.7300,173,1
2026-01-08,601012,14:44:01,18.7300,234,2
2026-01-08,601012,14:44:04,18.7300,473,2
2026-01-08,601012,14:44:07,18.7300,226,1
2026-01-08,601012,14:44:10,18.7300,84,2
2026-01-08,601012,14:44:13,18.7300,752,2
2026-01-08,601012,14:44:16,18.7400,285,1
2026-01-08,601012,14:44:19,18.7300,240,2
2026-01-08,601012,14:44:22,18.7300,30,2
2026-01-08,601012,14:44:25,18.7300,147,2
2026-01-08,601012,14:44:28,18.7300,74,2
2026-01-08,601012,14:44:31,18.7300,8,2
2026-01-08,601012,14:44:34,18.7300,168,2
2026-01-08,601012,14:44:37,18.7300,58,2
2026-01-08,601012,14:44:40,18.7300,296,2
2026-01-08,601012,14:44:43,18.7300,182,2
2026-01-08,601012,14:44:46,18.7400,237,1
2026-01-08,601012,14:44:49,18.7300,108,2
2026-01-08,601012,14:44:52,18.7300,169,2
2026-01-08,601012,14:44:55,18.7300,36,2
2026-01-08,601012,14:44:58,18.7400,45,1
2026-01-08,601012,14:45:01,18.7300,53,2
2026-01-08,601012,14:45:04,18.7300,177,2
2026-01-08,601012,14:45:07,18.7400,371,1
2026-01-08,601012,14:45:10,18.7400,19,1
2026-01-08,601012,14:45:13,18.7300,206,2
2026-01-08,601012,14:45:16,18.7300,168,2
2026-01-08,601012,14:45:19,18.7300,529,2
2026-01-08,601012,14:45:22,18.7200,414,2
2026-01-08,601012,14:45:25,18.7400,327,1
2026-01-08,601012,14:45:28,18.7400,160,1
2026-01-08,601012,14:45:31,18.7400,183,1
2026-01-08,601012,14:45:34,18.7400,122,1
2026-01-08,601012,14:45:37,18.7400,69,1
2026-01-08,601012,14:45:40,18.7400,77,1
2026-01-08,601012,14:45:43,18.7400,91,1
2026-01-08,601012,14:45:46,18.7300,212,2
2026-01-08,601012,14:45:49,18.7300,57,2
2026-01-08,601012,14:45:52,18.7400,39,1
2026-01-08,601012,14:45:55,18.7300,372,2
2026-01-08,601012,14:45:58,18.7300,578,2
2026-01-08,601012,14:46:01,18.7300,28,2
2026-01-08,601012,14:46:04,18.7300,256,2
2026-01-08,601012,14:46:07,18.7400,94,1
2026-01-08,601012,14:46:10,18.7300,92,2
2026-01-08,601012,14:46:13,18.7300,54,2
2026-01-08,601012,14:46:16,18.7400,47,1
2026-01-08,601012,14:46:19,18.7300,259,2
2026-01-08,601012,14:46:22,18.7400,190,1
2026-01-08,601012,14:46:25,18.7300,297,2
2026-01-08,601012,14:46:28,18.7400,168,1
2026-01-08,601012,14:46:31,18.7300,271,2
2026-01-08,601012,14:46:34,18.7400,1293,1
2026-01-08,601012,14:46:37,18.7300,736,2
2026-01-08,601012,14:46:40,18.7400,722,1
2026-01-08,601012,14:46:43,18.7400,597,2
2026-01-08,601012,14:46:46,18.7400,129,2
2026-01-08,601012,14:46:49,18.7400,163,2
2026-01-08,601012,14:46:52,18.7400,228,2
2026-01-08,601012,14:46:55,18.7400,161,1
2026-01-08,601012,14:46:58,18.7300,433,2
2026-01-08,601012,14:47:01,18.7500,681,1
2026-01-08,601012,14:47:04,18.7400,133,2
2026-01-08,601012,14:47:07,18.7500,117,1
2026-01-08,601012,14:47:10,18.7400,343,2
2026-01-08,601012,14:47:13,18.7400,223,2
2026-01-08,601012,14:47:16,18.7400,48,2
2026-01-08,601012,14:47:19,18.7500,443,1
2026-01-08,601012,14:47:22,18.7500,203,1
2026-01-08,601012,14:47:25,18.7500,208,1
2026-01-08,601012,14:47:28,18.7500,181,1
2026-01-08,601012,14:47:31,18.7400,187,2
2026-01-08,601012,14:47:34,18.7500,135,1
2026-01-08,601012,14:47:37,18.7500,6,1
2026-01-08,601012,14:47:40,18.7400,198,2
2026-01-08,601012,14:47:43,18.7400,1172,2
2026-01-08,601012,14:47:46,18.7400,451,2
2026-01-08,601012,14:47:49,18.7400,443,2
2026-01-08,601012,14:47:52,18.7400,205,2
2026-01-08,601012,14:47:55,18.7400,342,2
2026-01-08,601012,14:47:58,18.7500,111,1
2026-01-08,601012,14:48:01,18.7400,323,2
2026-01-08,601012,14:48:04,18.7400,63,2
2026-01-08,601012,14:48:07,18.7400,981,2
2026-01-08,601012,14:48:10,18.7500,232,1
2026-01-08,601012,14:48:13,18.7400,199,2
2026-01-08,601012,14:48:16,18.7400,102,2
2026-01-08,601012,14:48:19,18.7500,47,1
2026-01-08,601012,14:48:22,18.7400,288,2
2026-01-08,601012,14:48:25,18.7500,294,1
2026-01-08,601012,14:48:28,18.7500,110,1
2026-01-08,601012,14:48:31,18.7500,181,1
2026-01-08,601012,14:48:34,18.7500,169,1
2026-01-08,601012,14:48:37,18.7500,390,1
2026-01-08,601012,14:48:40,18.7400,170,2
2026-01-08,601012,14:48:43,18.7400,167,2
2026-01-08,601012,14:48:46,18.7400,95,2
2026-01-08,601012,14:48:49,18.7400,108,2
2026-01-08,601012,14:48:52,18.7400,169,2
2026-01-08,601012,14:48:55,18.7400,1941,2
2026-01-08,601012,14:48:58,18.7400,215,1
2026-01-08,601012,14:49:01,18.7400,537,1
2026-01-08,601012,14:49:04,18.7400,208,2
2026-01-08,601012,14:49:07,18.7500,401,1
2026-01-08,601012,14:49:10,18.7500,258,1
2026-01-08,601012,14:49:13,18.7400,104,2
2026-01-08,601012,14:49:16,18.7500,155,1
2026-01-08,601012,14:49:19,18.7500,1162,1
2026-01-08,601012,14:49:22,18.7400,248,2
2026-01-08,601012,14:49:25,18.7400,125,2
2026-01-08,601012,14:49:28,18.7400,339,2
2026-01-08,601012,14:49:31,18.7400,181,2
2026-01-08,601012,14:49:34,18.7400,388,2
2026-01-08,601012,14:49:37,18.7500,790,1
2026-01-08,601012,14:49:40,18.7400,188,2
2026-01-08,601012,14:49:43,18.7300,589,2
2026-01-08,601012,14:49:46,18.7300,547,2
2026-01-08,601012,14:49:49,18.7300,451,2
2026-01-08,601012,14:49:52,18.7300,30,2
2026-01-08,601012,14:49:55,18.7400,436,1
2026-01-08,601012,14:49:58,18.7400,163,1
2026-01-08,601012,14:50:01,18.7300,386,2
2026-01-08,601012,14:50:04,18.7300,201,2
2026-01-08,601012,14:50:07,18.7300,521,2
2026-01-08,601012,14:50:10,18.7300,40,2
2026-01-08,601012,14:50:13,18.7400,170,1
2026-01-08,601012,14:50:16,18.7300,50,2
2026-01-08,601012,14:50:19,18.7300,757,2
2026-01-08,601012,14:50:22,18.7300,58,2
2026-01-08,601012,14:50:25,18.7300,156,2
2026-01-08,601012,14:50:28,18.7400,207,1
2026-01-08,601012,14:50:31,18.7400,105,1
2026-01-08,601012,14:50:34,18.7300,456,2
2026-01-08,601012,14:50:37,18.7400,111,2
2026-01-08,601012,14:50:40,18.7400,222,2
2026-01-08,601012,14:50:43,18.7400,313,2
2026-01-08,601012,14:50:46,18.7400,404,2
2026-01-08,601012,14:50:49,18.7400,363,1
2026-01-08,601012,14:50:52,18.7400,406,1
2026-01-08,601012,14:50:55,18.7400,477,1
2026-01-08,601012,14:50:58,18.7400,112,2
2026-01-08,601012,14:51:01,18.7400,554,2
2026-01-08,601012,14:51:04,18.7400,423,2
2026-01-08,601012,14:51:07,18.7400,351,2
2026-01-08,601012,14:51:10,18.7400,313,2
2026-01-08,601012,14:51:13,18.7500,228,1
2026-01-08,601012,14:51:16,18.7500,571,1
2026-01-08,601012,14:51:19,18.7500,390,1
2026-01-08,601012,14:51:22,18.7400,209,2
2026-01-08,601012,14:51:25,18.7400,542,2
2026-01-08,601012,14:51:28,18.7400,234,2
2026-01-08,601012,14:51:31,18.7500,144,1
2026-01-08,601012,14:51:34,18.7400,406,2
2026-01-08,601012,14:51:37,18.7500,133,1
2026-01-08,601012,14:51:40,18.7400,227,2
2026-01-08,601012,14:51:43,18.7400,367,2
2026-01-08,601012,14:51:46,18.7400,121,2
2026-01-08,601012,14:51:49,18.7400,301,2
2026-01-08,601012,14:51:52,18.7400,438,2
2026-01-08,601012,14:51:55,18.7500,190,1
2026-01-08,601012,14:51:58,18.7400,256,2
2026-01-08,601012,14:52:01,18.7500,314,1
2026-01-08,601012,14:52:04,18.7400,305,2
2026-01-08,601012,14:52:07,18.7500,604,1
2026-01-08,601012,14:52:10,18.7400,457,2
2026-01-08,601012,14:52:13,18.7500,169,1
2026-01-08,601012,14:52:16,18.7400,332,2
2026-01-08,601012,14:52:19,18.7400,291,2
2026-01-08,601012,14:52:22,18.7500,206,1
2026-01-08,601012,14:52:25,18.7500,369,1
2026-01-08,601012,14:52:28,18.7400,183,2
2026-01-08,601012,14:52:31,18.7500,487,1
2026-01-08,601012,14:52:34,18.7500,625,1
2026-01-08,601012,14:52:37,18.7500,447,1
2026-01-08,601012,14:52:40,18.7400,856,2
2026-01-08,601012,14:52:43,18.7500,671,1
2026-01-08,601012,14:52:46,18.7500,232,1
2026-01-08,601012,14:52:49,18.7400,250,2
2026-01-08,601012,14:52:52,18.7400,205,2
2026-01-08,601012,14:52:55,18.7400,677,2
2026-01-08,601012,14:52:58,18.7400,276,2
2026-01-08,601012,14:53:01,18.7400,427,2
2026-01-08,601012,14:53:04,18.7500,341,1
2026-01-08,601012,14:53:07,18.7500,125,1
2026-01-08,601012,14:53:10,18.7400,422,2
2026-01-08,601012,14:53:13,18.7400,373,2
2026-01-08,601012,14:53:16,18.7400,222,2
2026-01-08,601012,14:53:19,18.7400,116,2
2026-01-08,601012,14:53:22,18.7400,570,2
2026-01-08,601012,14:53:25,18.7400,184,2
2026-01-08,601012,14:53:28,18.7400,193,2
2026-01-08,601012,14:53:31,18.7400,331,2
2026-01-08,601012,14:53:34,18.7500,456,1
2026-01-08,601012,14:53:37,18.7500,211,1
2026-01-08,601012,14:53:40,18.7500,221,1
2026-01-08,601012,14:53:43,18.7400,239,2
2026-01-08,601012,14:53:46,18.7400,80,2
2026-01-08,601012,14:53:49,18.7400,343,2
2026-01-08,601012,14:53:52,18.7400,531,2
2026-01-08,601012,14:53:55,18.7400,231,2
2026-01-08,601012,14:53:58,18.7500,232,1
2026-01-08,601012,14:54:01,18.7500,744,1
2026-01-08,601012,14:54:04,18.7500,911,1
2026-01-08,601012,14:54:07,18.7400,306,2
2026-01-08,601012,14:54:10,18.7400,488,2
2026-01-08,601012,14:54:13,18.7500,627,1
2026-01-08,601012,14:54:16,18.7500,1004,1
2026-01-08,601012,14:54:19,18.7400,1241,2
2026-01-08,601012,14:54:22,18.7400,319,2
2026-01-08,601012,14:54:25,18.7400,924,2
2026-01-08,601012,14:54:28,18.7500,251,1
2026-01-08,601012,14:54:31,18.7400,910,2
2026-01-08,601012,14:54:34,18.7400,214,2
2026-01-08,601012,14:54:37,18.7400,555,2
2026-01-08,601012,14:54:40,18.7400,599,1
2026-01-08,601012,14:54:43,18.7400,304,1
2026-01-08,601012,14:54:46,18.7400,413,1
2026-01-08,601012,14:54:49,18.7400,146,1
2026-01-08,601012,14:54:52,18.7400,211,1
2026-01-08,601012,14:54:55,18.7500,1849,1
2026-01-08,601012,14:54:58,18.7400,269,2
2026-01-08,601012,14:55:01,18.7400,307,2
2026-01-08,601012,14:55:04,18.7400,1176,2
2026-01-08,601012,14:55:07,18.7400,214,2
2026-01-08,601012,14:55:10,18.7400,390,2
2026-01-08,601012,14:55:13,18.7400,395,2
2026-01-08,601012,14:55:16,18.7400,529,1
2026-01-08,601012,14:55:19,18.7500,160,1
2026-01-08,601012,14:55:22,18.7400,430,2
2026-01-08,601012,14:55:25,18.7500,296,1
2026-01-08,601012,14:55:28,18.7400,1111,2
2026-01-08,601012,14:55:31,18.7500,146,1
2026-01-08,601012,14:55:34,18.7500,696,1
2026-01-08,601012,14:55:37,18.7500,449,1
2026-01-08,601012,14:55:40,18.7500,378,1
2026-01-08,601012,14:55:43,18.7500,404,1
2026-01-08,601012,14:55:46,18.7500,692,2
2026-01-08,601012,14:55:49,18.7600,818,1
2026-01-08,601012,14:55:52,18.7600,373,1
2026-01-08,601012,14:55:55,18.7500,301,2
2026-01-08,601012,14:55:58,18.7500,137,2
2026-01-08,601012,14:56:01,18.7500,823,2
2026-01-08,601012,14:56:04,18.7500,1469,2
2026-01-08,601012,14:56:07,18.7600,238,1
2026-01-08,601012,14:56:10,18.7500,1866,2
2026-01-08,601012,14:56:13,18.7600,336,1
2026-01-08,601012,14:56:16,18.7600,2567,2
2026-01-08,601012,14:56:19,18.7600,300,1
2026-01-08,601012,14:56:22,18.7600,501,1
2026-01-08,601012,14:56:25,18.7700,442,1
2026-01-08,601012,14:56:28,18.7700,541,1
2026-01-08,601012,14:56:31,18.7600,302,2
2026-01-08,601012,14:56:34,18.7500,344,2
2026-01-08,601012,14:56:37,18.7500,404,2
2026-01-08,601012,14:56:40,18.7600,229,1
2026-01-08,601012,14:56:43,18.7600,256,1
2026-01-08,601012,14:56:46,18.7700,135,1
2026-01-08,601012,14:56:49,18.7700,343,1
2026-01-08,601012,14:56:52,18.7700,110,1
2026-01-08,601012,14:56:55,18.7700,145,1
2026-01-08,601012,14:56:58,18.7600,162,2
2026-01-08,601012,14:57:01,18.7700,400,1
2026-01-08,601012,15:00:03,18.7700,16149,4
2026-01-08,601012,13:16:55,18.7200,531,1
2026-01-08,601012,13:16:58,18.7200,259,1
2026-01-08,601012,13:17:01,18.7200,279,1
2026-01-08,601012,13:17:04,18.7200,189,2
2026-01-08,601012,13:17:07,18.7200,67,2
2026-01-08,601012,13:17:10,18.7300,742,1
2026-01-08,601012,13:17:13,18.7300,118,2
2026-01-08,601012,13:17:16,18.7300,223,2
2026-01-08,601012,13:17:19,18.7300,280,1
2026-01-08,601012,13:17:22,18.7300,180,1
2026-01-08,601012,13:17:25,18.7300,83,1
2026-01-08,601012,13:17:28,18.7300,1090,1
2026-01-08,601012,13:17:31,18.7300,358,1
2026-01-08,601012,13:17:34,18.7400,683,1
2026-01-08,601012,13:17:37,18.7300,232,1
2026-01-08,601012,13:17:40,18.7400,309,1
2026-01-08,601012,13:17:43,18.7400,234,1
2026-01-08,601012,13:17:46,18.7400,13,1
2026-01-08,601012,13:17:49,18.7400,142,1
2026-01-08,601012,13:17:52,18.7400,339,1
2026-01-08,601012,13:17:55,18.7400,439,1
2026-01-08,601012,13:17:58,18.7300,140,2
2026-01-08,601012,13:18:01,18.7300,401,2
2026-01-08,601012,13:18:04,18.7400,409,1
2026-01-08,601012,13:18:07,18.7400,550,1
2026-01-08,601012,13:18:10,18.7400,963,1
2026-01-08,601012,13:18:13,18.7400,402,1
2026-01-08,601012,13:18:16,18.7300,18,2
2026-01-08,601012,13:18:19,18.7300,293,2
2026-01-08,601012,13:18:22,18.7300,228,2
2026-01-08,601012,13:18:25,18.7300,344,2
2026-01-08,601012,13:18:28,18.7400,391,1
2026-01-08,601012,13:18:31,18.7400,166,1
2026-01-08,601012,13:18:34,18.7400,488,1
2026-01-08,601012,13:18:37,18.7400,334,1
2026-01-08,601012,13:18:40,18.7300,305,2
2026-01-08,601012,13:18:43,18.7300,854,2
2026-01-08,601012,13:18:46,18.7400,84,1
2026-01-08,601012,13:18:49,18.7300,39,2
2026-01-08,601012,13:18:52,18.7300,31,2
2026-01-08,601012,13:18:55,18.7300,297,2
2026-01-08,601012,13:18:58,18.7300,232,2
2026-01-08,601012,13:19:01,18.7300,62,1
2026-01-08,601012,13:19:04,18.7400,227,1
2026-01-08,601012,13:19:07,18.7300,50,2
2026-01-08,601012,13:19:10,18.7300,217,2
2026-01-08,601012,13:19:13,18.7300,105,2
2026-01-08,601012,13:19:16,18.7300,21,2
2026-01-08,601012,13:19:19,18.7300,100,2
2026-01-08,601012,13:19:22,18.7300,437,2
2026-01-08,601012,13:19:25,18.7300,48,2
2026-01-08,601012,13:19:28,18.7400,100,1
2026-01-08,601012,13:19:31,18.7400,126,1
2026-01-08,601012,13:19:34,18.7300,52,2
2026-01-08,601012,13:19:37,18.7400,167,1
2026-01-08,601012,13:19:40,18.7400,141,1
2026-01-08,601012,13:19:43,18.7400,123,1
2026-01-08,601012,13:19:46,18.7400,113,1
2026-01-08,601012,13:19:49,18.7400,163,1
2026-01-08,601012,13:19:52,18.7400,51,1
2026-01-08,601012,13:19:55,18.7400,132,1
2026-01-08,601012,13:19:58,18.7400,80,1
2026-01-08,601012,13:20:01,18.7400,126,1
2026-01-08,601012,13:20:04,18.7400,897,1
2026-01-08,601012,13:20:07,18.7400,226,1
2026-01-08,601012,13:20:10,18.7400,69,2
2026-01-08,601012,13:20:13,18.7400,1030,2
2026-01-08,601012,13:20:16,18.7500,350,1
2026-01-08,601012,13:20:19,18.7500,616,1
2026-01-08,601012,13:20:22,18.7500,225,1
2026-01-08,601012,13:20:25,18.7400,197,2
2026-01-08,601012,13:20:28,18.7400,111,2
2026-01-08,601012,13:20:31,18.7500,436,1
2026-01-08,601012,13:20:34,18.7500,340,2
2026-01-08,601012,13:20:37,18.7500,343,1
2026-01-08,601012,13:20:40,18.7600,264,1
2026-01-08,601012,13:20:43,18.7600,210,1
2026-01-08,601012,13:20:46,18.7600,201,1
2026-01-08,601012,13:20:49,18.7600,342,1
2026-01-08,601012,13:20:52,18.7500,334,2
2026-01-08,601012,13:20:55,18.7600,272,1
2026-01-08,601012,13:20:58,18.7500,170,2
2026-01-08,601012,13:21:01,18.7600,243,1
2026-01-08,601012,13:21:04,18.7600,339,1
2026-01-08,601012,13:21:07,18.7500,52,2
2026-01-08,601012,13:21:10,18.7500,666,2
2026-01-08,601012,13:21:13,18.7400,2034,2
2026-01-08,601012,13:21:16,18.7400,721,2
2026-01-08,601012,13:21:19,18.7500,635,1
2026-01-08,601012,13:21:22,18.7500,1366,1
2026-01-08,601012,13:21:25,18.7500,163,1
2026-01-08,601012,13:21:28,18.7500,114,1
2026-01-08,601012,13:21:31,18.7400,1919,2
2026-01-08,601012,13:21:34,18.7500,155,1
2026-01-08,601012,13:21:37,18.7300,23,2
2026-01-08,601012,13:21:40,18.7300,426,2
2026-01-08,601012,13:21:43,18.7300,136,2
2026-01-08,601012,13:21:46,18.7400,211,1
2026-01-08,601012,13:21:49,18.7300,21,1
2026-01-08,601012,13:21:52,18.7300,12,1
2026-01-08,601012,13:21:55,18.7300,31,1
2026-01-08,601012,13:21:58,18.7200,109,2
2026-01-08,601012,13:22:01,18.7300,145,1
2026-01-08,601012,13:22:04,18.7300,323,1
2026-01-08,601012,13:22:07,18.7300,39,2
2026-01-08,601012,13:22:10,18.7300,85,2
2026-01-08,601012,13:22:13,18.7400,116,1
2026-01-08,601012,13:22:16,18.7400,105,1
2026-01-08,601012,13:22:19,18.7400,374,1
2026-01-08,601012,13:22:22,18.7300,96,2
2026-01-08,601012,13:22:25,18.7400,358,1
2026-01-08,601012,13:22:28,18.7300,96,2
2026-01-08,601012,13:22:31,18.7400,104,1
2026-01-08,601012,13:22:34,18.7400,65,1
2026-01-08,601012,13:22:37,18.7400,559,1
2026-01-08,601012,13:22:40,18.7400,101,2
2026-01-08,601012,13:22:43,18.7500,423,1
2026-01-08,601012,13:22:46,18.7500,136,1
2026-01-08,601012,13:22:49,18.7400,101,2
2026-01-08,601012,13:22:52,18.7400,393,2
2026-01-08,601012,13:22:55,18.7500,1289,1
2026-01-08,601012,13:22:58,18.7500,101,1
2026-01-08,601012,13:23:01,18.7500,197,1
2026-01-08,601012,13:23:04,18.7500,45,1
2026-01-08,601012,13:23:07,18.7500,111,1
2026-01-08,601012,13:23:10,18.7500,21,1
2026-01-08,601012,13:23:13,18.7500,135,1
2026-01-08,601012,13:23:16,18.7500,46,1
2026-01-08,601012,13:23:19,18.7500,424,1
2026-01-08,601012,13:23:22,18.7500,176,2
2026-01-08,601012,13:23:25,18.7600,201,1
2026-01-08,601012,13:23:28,18.7500,423,2
2026-01-08,601012,13:23:31,18.7400,361,2
2026-01-08,601012,13:23:34,18.7600,133,1
2026-01-08,601012,13:23:37,18.7500,64,2
2026-01-08,601012,13:23:40,18.7400,108,2
2026-01-08,601012,13:23:43,18.7500,1727,1
2026-01-08,601012,13:23:46,18.7500,255,2
2026-01-08,601012,13:23:49,18.7500,172,1
2026-01-08,601012,13:23:52,18.7500,80,1
2026-01-08,601012,13:23:55,18.7500,212,1
2026-01-08,601012,13:23:58,18.7400,41,2
2026-01-08,601012,13:24:01,18.7500,105,1
2026-01-08,601012,13:24:04,18.7400,240,2
2026-01-08,601012,13:24:07,18.7400,81,2
2026-01-08,601012,13:24:10,18.7400,666,2
2026-01-08,601012,13:24:13,18.7400,294,2
2026-01-08,601012,13:24:16,18.7400,128,2
2026-01-08,601012,13:24:19,18.7300,190,2
2026-01-08,601012,13:24:22,18.7400,24,1
2026-01-08,601012,13:24:25,18.7400,303,1
2026-01-08,601012,13:24:28,18.7400,142,1
2026-01-08,601012,13:24:31,18.7300,174,2
2026-01-08,601012,13:24:34,18.7300,65,2
2026-01-08,601012,13:24:37,18.7300,56,2
2026-01-08,601012,13:24:40,18.7300,193,2
2026-01-08,601012,13:24:43,18.7300,123,2
2026-01-08,601012,13:24:46,18.7400,105,1
2026-01-08,601012,13:24:49,18.7300,46,2
2026-01-08,601012,13:24:52,18.7300,36,2
2026-01-08,601012,13:24:55,18.7300,126,2
2026-01-08,601012,13:24:58,18.7300,96,2
2026-01-08,601012,13:25:01,18.7300,638,2
2026-01-08,601012,13:25:04,18.7300,150,2
2026-01-08,601012,13:25:07,18.7300,20,1
2026-01-08,601012,13:25:10,18.7300,253,1
2026-01-08,601012,13:25:13,18.7300,299,1
2026-01-08,601012,13:25:16,18.7300,173,1
2026-01-08,601012,13:25:19,18.7300,215,2
2026-01-08,601012,13:25:22,18.7300,98,1
2026-01-08,601012,13:25:25,18.7300,112,2
2026-01-08,601012,13:25:28,18.7300,197,2
2026-01-08,601012,13:25:31,18.7300,63,2
2026-01-08,601012,13:25:34,18.7300,191,2
2026-01-08,601012,13:25:37,18.7300,48,2
2026-01-08,601012,13:25:40,18.7400,290,1
2026-01-08,601012,13:25:43,18.7700,7735,1
2026-01-08,601012,13:25:46,18.7700,2112,1
2026-01-08,601012,13:25:49,18.7700,64,1
2026-01-08,601012,13:25:52,18.7700,72,1
2026-01-08,601012,13:25:55,18.7700,1109,1
2026-01-08,601012,13:25:58,18.7700,16,1
2026-01-08,601012,13:26:01,18.7700,42,1
2026-01-08,601012,13:26:04,18.7500,200,2
2026-01-08,601012,13:26:07,18.7700,246,1
2026-01-08,601012,13:26:10,18.7600,34,2
2026-01-08,601012,13:26:13,18.7600,98,1
2026-01-08,601012,13:26:16,18.7700,389,1
2026-01-08,601012,13:26:19,18.7700,49,1
2026-01-08,601012,13:26:22,18.7700,101,1
2026-01-08,601012,13:26:25,18.7600,108,2
2026-01-08,601012,13:26:28,18.7600,220,2
2026-01-08,601012,13:26:31,18.7600,87,2
2026-01-08,601012,13:26:34,18.7600,83,2
2026-01-08,601012,13:26:37,18.7600,185,2
2026-01-08,601012,13:26:40,18.7600,230,2
2026-01-08,601012,13:26:43,18.7600,171,2
2026-01-08,601012,13:26:46,18.7600,151,1
2026-01-08,601012,13:26:49,18.7500,33,2
2026-01-08,601012,13:26:52,18.7600,95,1
2026-01-08,601012,13:26:55,18.7500,10,2
2026-01-08,601012,13:26:58,18.7600,864,1
2026-01-08,601012,13:27:01,18.7600,60,2
2026-01-08,601012,13:27:04,18.7600,354,2
2026-01-08,601012,13:27:07,18.7600,46,2
2026-01-08,601012,13:27:10,18.7600,236,1
2026-01-08,601012,13:27:13,18.7500,89,2
2026-01-08,601012,13:27:16,18.7500,176,2
2026-01-08,601012,13:27:19,18.7600,71,1
2026-01-08,601012,13:27:22,18.7500,63,2
2026-01-08,601012,13:27:25,18.7500,113,2
2026-01-08,601012,13:27:28,18.7600,812,1
2026-01-08,601012,13:27:31,18.7600,94,2
2026-01-08,601012,13:27:34,18.7600,195,2
2026-01-08,601012,13:27:37,18.7600,381,2
2026-01-08,601012,13:27:40,18.7600,202,2
2026-01-08,601012,13:27:43,18.7900,6091,1
2026-01-08,601012,13:27:46,18.7800,271,2
2026-01-08,601012,13:27:49,18.8000,62,1
2026-01-08,601012,13:27:52,18.7900,151,1
2026-01-08,601012,13:27:55,18.7900,542,1
2026-01-08,601012,13:27:58,18.7900,456,1
2026-01-08,601012,13:28:01,18.7800,170,4
2026-01-08,601012,13:28:04,18.7900,220,1
2026-01-08,601012,13:28:07,18.7900,166,1
2026-01-08,601012,13:28:10,18.8000,111,1
2026-01-08,601012,13:28:13,18.7900,913,2
2026-01-08,601012,13:28:16,18.8000,70,1
2026-01-08,601012,13:28:19,18.7900,573,2
2026-01-08,601012,13:28:22,18.8000,110,1
2026-01-08,601012,13:28:25,18.8000,278,1
2026-01-08,601012,13:28:28,18.7900,1251,2
2026-01-08,601012,13:28:31,18.8000,620,1
2026-01-08,601012,13:28:34,18.8000,1619,1
2026-01-08,601012,13:28:37,18.7900,1177,2
2026-01-08,601012,13:28:40,18.7900,138,1
2026-01-08,601012,13:28:43,18.7900,74,1
2026-01-08,601012,13:28:46,18.7800,394,2
2026-01-08,601012,13:28:49,18.7800,775,2
2026-01-08,601012,13:28:52,18.7800,25,1
2026-01-08,601012,13:28:55,18.7700,158,2
2026-01-08,601012,13:28:58,18.7700,316,2
2026-01-08,601012,13:29:01,18.7700,286,2
2026-01-08,601012,13:29:04,18.7700,38,1
2026-01-08,601012,13:29:07,18.7700,52,1
2026-01-08,601012,13:29:10,18.7600,51,2
2026-01-08,601012,13:29:13,18.7600,19,2
2026-01-08,601012,13:29:16,18.7500,307,2
2026-01-08,601012,13:29:19,18.7500,292,2
2026-01-08,601012,13:29:22,18.7700,140,1
2026-01-08,601012,13:29:25,18.7600,244,2
2026-01-08,601012,13:29:28,18.7700,167,1
2026-01-08,601012,13:29:31,18.7600,37,2
2026-01-08,601012,13:29:34,18.7600,669,2
2026-01-08,601012,13:29:37,18.7600,53,1
2026-01-08,601012,13:29:40,18.7500,62,2
2026-01-08,601012,13:29:43,18.7500,24,2
2026-01-08,601012,13:29:46,18.7500,215,2
2026-01-08,601012,13:29:49,18.7500,225,2
2026-01-08,601012,13:29:52,18.7500,613,2
2026-01-08,601012,13:29:55,18.7500,149,1
2026-01-08,601012,13:29:58,18.7500,85,1
2026-01-08,601012,13:30:01,18.7400,92,2
2026-01-08,601012,13:30:04,18.7400,340,2
2026-01-08,601012,13:30:07,18.7300,411,2
2026-01-08,601012,13:30:10,18.7200,262,2
2026-01-08,601012,13:30:13,18.7300,710,1
2026-01-08,601012,13:30:16,18.7200,105,2
2026-01-08,601012,13:30:19,18.7200,353,1
2026-01-08,601012,13:30:22,18.7100,352,2
2026-01-08,601012,13:30:25,18.7200,65,1
2026-01-08,601012,13:30:28,18.7200,658,1
2026-01-08,601012,13:30:31,18.7100,390,2
2026-01-08,601012,13:30:34,18.7200,414,1
2026-01-08,601012,13:30:37,18.7200,87,2
2026-01-08,601012,13:30:40,18.7200,327,4
2026-01-08,601012,13:30:43,18.7200,633,2
2026-01-08,601012,13:30:46,18.7100,233,2
2026-01-08,601012,13:30:49,18.7200,43,1
2026-01-08,601012,13:30:52,18.7200,99,1
2026-01-08,601012,13:30:55,18.7200,254,1
2026-01-08,601012,13:30:58,18.7200,165,1
2026-01-08,601012,13:31:01,18.7200,35,1
2026-01-08,601012,13:31:04,18.7200,607,1
2026-01-08,601012,13:31:07,18.7200,170,2
2026-01-08,601012,13:31:10,18.7200,15,2
2026-01-08,601012,13:31:13,18.7200,74,2
2026-01-08,601012,13:31:16,18.7200,185,2
2026-01-08,601012,13:31:19,18.7300,1000,1
2026-01-08,601012,13:31:22,18.7100,1134,2
2026-01-08,601012,13:31:25,18.7200,764,1
2026-01-08,601012,13:31:28,18.7200,474,1
2026-01-08,601012,13:31:31,18.7100,205,1
2026-01-08,601012,13:31:34,18.7200,350,1
2026-01-08,601012,13:31:37,18.7200,66,1
2026-01-08,601012,13:31:40,18.7200,463,1
2026-01-08,601012,13:31:43,18.7100,270,4
2026-01-08,601012,13:31:46,18.7100,124,2
2026-01-08,601012,13:31:49,18.7000,112,2
2026-01-08,601012,13:31:52,18.7100,319,1
2026-01-08,601012,13:31:55,18.7100,44,1
2026-01-08,601012,13:31:58,18.7000,28,2
2026-01-08,601012,13:32:01,18.7000,77,2
2026-01-08,601012,13:32:04,18.6900,3443,2
2026-01-08,601012,13:32:07,18.6900,499,1
2026-01-08,601012,13:32:10,18.6800,64,2
2026-01-08,601012,13:32:13,18.6700,60,2
2026-01-08,601012,13:32:16,18.6700,17,2
2026-01-08,601012,13:32:19,18.6700,257,2
2026-01-08,601012,13:32:22,18.6700,62,1
2026-01-08,601012,13:32:25,18.6600,287,2
2026-01-08,601012,13:32:28,18.6600,456,2
2026-01-08,601012,13:32:31,18.6600,937,2
2026-01-08,601012,13:32:34,18.6600,261,2
2026-01-08,601012,13:32:37,18.6600,202,2
2026-01-08,601012,13:32:40,18.6600,269,2
2026-01-08,601012,13:32:43,18.6600,270,2
2026-01-08,601012,13:32:46,18.6600,74,2
2026-01-08,601012,13:32:49,18.6600,163,2
2026-01-08,601012,13:32:52,18.6600,46,2
2026-01-08,601012,13:32:55,18.6600,354,2
2026-01-08,601012,13:32:58,18.6600,104,2
2026-01-08,601012,13:33:01,18.6600,65,2
2026-01-08,601012,13:33:04,18.6600,54,2
2026-01-08,601012,13:33:07,18.6600,272,2
2026-01-08,601012,13:33:10,18.6700,226,1
2026-01-08,601012,13:33:13,18.6600,1200,2
2026-01-08,601012,13:33:16,18.6600,176,2
2026-01-08,601012,13:33:19,18.6700,219,1
2026-01-08,601012,13:33:22,18.6700,105,1
2026-01-08,601012,13:33:25,18.6600,117,2
2026-01-08,601012,13:33:28,18.6700,84,1
2026-01-08,601012,13:33:31,18.6700,1206,1
2026-01-08,601012,13:33:34,18.6700,209,2
2026-01-08,601012,13:33:37,18.6700,25,1
2026-01-08,601012,13:33:40,18.6700,246,1
2026-01-08,601012,13:33:43,18.6700,43,1
2026-01-08,601012,13:33:46,18.6700,38,2
2026-01-08,601012,13:33:49,18.6800,58,1
2026-01-08,601012,13:33:55,18.6700,63,2
2026-01-08,601012,13:33:58,18.6700,53,2
2026-01-08,601012,13:34:01,18.6800,129,1
2026-01-08,601012,13:34:04,18.6800,72,1
2026-01-08,601012,13:34:07,18.6800,336,1
2026-01-08,601012,13:34:10,18.6700,68,2
2026-01-08,601012,13:34:13,18.6900,330,1
2026-01-08,601012,13:34:16,18.6900,108,1
2026-01-08,601012,13:34:19,18.6800,415,4
2026-01-08,601012,13:34:22,18.6800,21,1
2026-01-08,601012,13:34:25,18.6800,225,1
2026-01-08,601012,13:34:28,18.6800,1,2
2026-01-08,601012,13:34:31,18.6900,47,1
2026-01-08,601012,13:34:34,18.6800,15,2
2026-01-08,601012,13:34:37,18.6900,42,1
2026-01-08,601012,13:34:40,18.6800,51,2
2026-01-08,601012,13:34:43,18.6800,33,2
2026-01-08,601012,13:34:46,18.6800,68,2
2026-01-08,601012,13:34:49,18.6900,44,1
2026-01-08,601012,13:34:52,18.6900,50,1
2026-01-08,601012,13:34:55,18.6800,418,2
2026-01-08,601012,13:34:58,18.6700,8,2
2026-01-08,601012,13:35:01,18.6800,50,1
2026-01-08,601012,13:35:04,18.6800,584,1
2026-01-08,601012,13:35:07,18.6800,93,1
2026-01-08,601012,13:35:10,18.6800,44,1
2026-01-08,601012,13:35:13,18.6800,121,1
2026-01-08,601012,13:35:16,18.6800,223,1
2026-01-08,601012,13:35:19,18.6800,140,2
2026-01-08,601012,13:35:22,18.6800,37,1
2026-01-08,601012,13:35:25,18.6800,70,1
2026-01-08,601012,13:35:28,18.6900,42,1
2026-01-08,601012,13:35:31,18.6800,23,2
2026-01-08,601012,13:35:34,18.6800,63,2
2026-01-08,601012,13:35:37,18.6800,37,2
2026-01-08,601012,13:35:40,18.6900,526,1
2026-01-08,601012,13:35:43,18.6800,17,2
2026-01-08,601012,13:35:46,18.6800,33,2
2026-01-08,601012,13:35:49,18.6900,81,1
2026-01-08,601012,13:35:52,18.6900,95,1
2026-01-08,601012,13:35:55,18.6800,6,2
2026-01-08,601012,13:35:58,18.6800,38,2
2026-01-08,601012,13:36:01,18.6900,54,1
2026-01-08,601012,13:36:04,18.6900,846,1
2026-01-08,601012,13:36:07,18.6900,210,1
2026-01-08,601012,13:36:10,18.6900,35,2
2026-01-08,601012,13:36:13,18.6900,156,2
2026-01-08,601012,13:36:16,18.6900,411,2
2026-01-08,601012,13:36:19,18.7000,33,1
2026-01-08,601012,13:36:22,18.7000,59,1
2026-01-08,601012,13:36:25,18.7000,105,1
2026-01-08,601012,13:36:28,18.7000,61,1
2026-01-08,601012,13:36:31,18.6900,5,2
2026-01-08,601012,13:36:34,18.7100,884,1
2026-01-08,601012,13:36:37,18.7000,81,2
2026-01-08,601012,13:36:40,18.7000,19,2
2026-01-08,601012,13:36:43,18.7000,102,2
2026-01-08,601012,13:36:46,18.7100,29,1
2026-01-08,601012,13:36:49,18.7100,23,1
2026-01-08,601012,13:36:52,18.7100,194,1
2026-01-08,601012,13:36:55,18.7100,57,2
2026-01-08,601012,13:36:58,18.7200,20,1
2026-01-08,601012,13:37:01,18.7100,175,2
2026-01-08,601012,13:37:04,18.7100,219,2
2026-01-08,601012,13:37:07,18.7100,966,2
2026-01-08,601012,13:37:10,18.7100,121,1
2026-01-08,601012,13:37:13,18.7100,80,1
2026-01-08,601012,13:37:16,18.7000,271,2
2026-01-08,601012,13:37:19,18.7100,154,1
2026-01-08,601012,13:37:22,18.7100,568,2
2026-01-08,601012,13:37:25,18.7100,70,1
2026-01-08,601012,13:37:28,18.7000,139,2
2026-01-08,601012,13:37:31,18.7000,296,2
2026-01-08,601012,13:37:34,18.7000,71,1
2026-01-08,601012,13:37:37,18.7000,169,1
2026-01-08,601012,13:37:40,18.7000,83,1
2026-01-08,601012,13:37:43,18.6900,199,2
2026-01-08,601012,13:37:46,18.7000,23,2
2026-01-08,601012,13:37:49,18.6900,42,2
2026-01-08,601012,13:37:52,18.7000,40,1
2026-01-08,601012,13:37:55,18.7000,135,1
2026-01-08,601012,13:37:58,18.7000,100,1
2026-01-08,601012,13:38:01,18.7000,125,2
2026-01-08,601012,13:38:04,18.7000,115,2
2026-01-08,601012,13:38:07,18.7000,18,2
2026-01-08,601012,13:38:10,18.7100,40,1
2026-01-08,601012,13:38:13,18.7000,85,2
2026-01-08,601012,13:38:16,18.7000,119,2
2026-01-08,601012,13:38:19,18.7100,10,1
2026-01-08,601012,13:38:22,18.7100,104,1
2026-01-08,601012,13:38:25,18.7000,38,2
2026-01-08,601012,13:38:28,18.7000,70,2
2026-01-08,601012,13:38:31,18.7000,26,2
2026-01-08,601012,13:38:34,18.7100,26,1
2026-01-08,601012,13:38:37,18.7100,923,1
2026-01-08,601012,13:38:40,18.7100,76,2
2026-01-08,601012,13:38:43,18.7100,302,2
2026-01-08,601012,13:38:46,18.7100,30,2
2026-01-08,601012,13:38:49,18.7100,220,2
2026-01-08,601012,13:38:52,18.7100,180,1
2026-01-08,601012,13:38:55,18.7100,75,2
2026-01-08,601012,13:38:58,18.7100,67,2
2026-01-08,601012,13:39:01,18.7200,16,1
2026-01-08,601012,13:39:04,18.7100,29,2
2026-01-08,601012,13:39:07,18.7200,39,1
2026-01-08,601012,13:39:10,18.7200,25,1
2026-01-08,601012,13:39:13,18.7100,80,2
2026-01-08,601012,13:39:16,18.7100,6,2
2026-01-08,601012,13:39:19,18.7100,118,2
2026-01-08,601012,13:39:22,18.7100,126,2
2026-01-08,601012,13:39:25,18.7100,516,2
2026-01-08,601012,13:39:28,18.7000,200,2
2026-01-08,601012,13:39:31,18.7100,14,1
2026-01-08,601012,13:39:34,18.7000,1215,2
2026-01-08,601012,13:39:37,18.7000,171,1
2026-01-08,601012,13:39:40,18.6900,369,2
2026-01-08,601012,13:39:43,18.7000,128,1
2026-01-08,601012,13:39:46,18.7000,53,1
2026-01-08,601012,13:39:49,18.6900,227,2
2026-01-08,601012,13:39:52,18.6900,87,2
2026-01-08,601012,13:39:55,18.6900,26,2
2026-01-08,601012,13:39:58,18.6900,38,2
2026-01-08,601012,13:40:01,18.6900,26,2
2026-01-08,601012,13:40:04,18.6900,41,2
2026-01-08,601012,13:40:07,18.6900,56,2
2026-01-08,601012,13:40:10,18.6900,29,2
2026-01-08,601012,13:40:13,18.6900,966,2
2026-01-08,601012,13:40:16,18.6800,400,2
2026-01-08,601012,13:40:19,18.6900,109,1
2026-01-08,601012,13:40:22,18.6800,5,2
2026-01-08,601012,13:40:25,18.6800,194,2
2026-01-08,601012,13:40:28,18.6800,180,2
2026-01-08,601012,13:40:31,18.6900,5,1
2026-01-08,601012,13:40:34,18.6800,176,2
2026-01-08,601012,13:40:37,18.6900,15,1
2026-01-08,601012,13:40:40,18.6800,280,2
2026-01-08,601012,13:40:43,18.6900,59,1
2026-01-08,601012,13:40:46,18.6900,70,1
2026-01-08,601012,13:40:49,18.6800,61,2
2026-01-08,601012,13:40:52,18.6900,52,1
2026-01-08,601012,13:40:55,18.6900,35,1
2026-01-08,601012,13:40:58,18.6800,13,2
2026-01-08,601012,13:41:01,18.6800,37,2
2026-01-08,601012,13:41:04,18.6800,51,2
2026-01-08,601012,13:41:07,18.6900,223,1
2026-01-08,601012,13:41:10,18.7000,33,1
2026-01-08,601012,13:41:13,18.6900,72,2
2026-01-08,601012,13:41:16,18.6900,18,2
2026-01-08,601012,13:41:19,18.6900,109,2
2026-01-08,601012,13:41:22,18.7000,1076,1
2026-01-08,601012,13:41:25,18.7000,56,2
2026-01-08,601012,13:41:28,18.7100,140,1
2026-01-08,601012,13:41:31,18.7100,23,1
2026-01-08,601012,13:41:34,18.7000,25,2
2026-01-08,601012,13:41:37,18.7100,43,1
2026-01-08,601012,13:41:40,18.7100,169,1
2026-01-08,601012,13:41:43,18.7100,15,1
2026-01-08,601012,13:41:46,18.7100,9,1
2026-01-08,601012,13:41:49,18.7100,106,1
2026-01-08,601012,13:41:52,18.7000,22,2
2026-01-08,601012,13:41:55,18.7100,124,1
2026-01-08,601012,13:41:58,18.7100,38,2
2026-01-08,601012,13:42:01,18.7200,161,1
2026-01-08,601012,13:42:04,18.7200,66,1
2026-01-08,601012,13:42:07,18.7100,12,2
2026-01-08,601012,13:42:10,18.7200,346,1
2026-01-08,601012,13:42:13,18.7100,149,2
2026-01-08,601012,13:42:16,18.7100,18,2
2026-01-08,601012,13:42:19,18.7100,72,1
2026-01-08,601012,13:42:22,18.7100,76,1
2026-01-08,601012,13:42:25,18.7100,7,1
2026-01-08,601012,13:42:28,18.7000,37,2
2026-01-08,601012,13:42:31,18.7000,87,2
2026-01-08,601012,13:42:34,18.7000,38,2
2026-01-08,601012,13:42:37,18.7000,3,2
2026-01-08,601012,13:42:40,18.7100,13,1
2026-01-08,601012,13:42:43,18.7100,48,1
2026-01-08,601012,13:42:46,18.7000,31,2
2026-01-08,601012,13:42:49,18.7100,45,1
2026-01-08,601012,13:42:52,18.7100,241,1
2026-01-08,601012,13:42:55,18.7100,6,1
2026-01-08,601012,13:42:58,18.7000,42,2
2026-01-08,601012,13:43:01,18.7100,92,1
2026-01-08,601012,13:43:04,18.7000,43,2
2026-01-08,601012,13:43:07,18.7000,6,2
2026-01-08,601012,13:43:10,18.7000,78,2
2026-01-08,601012,13:43:13,18.7000,140,2
2026-01-08,601012,13:43:16,18.7000,24,2
2026-01-08,601012,13:43:19,18.7100,148,1
2026-01-08,601012,13:43:22,18.7000,13,2
2026-01-08,601012,13:43:25,18.7000,56,2
2026-01-08,601012,13:43:28,18.7100,87,1
2026-01-08,601012,13:43:31,18.7100,76,1
2026-01-08,601012,13:43:34,18.7200,44,1
2026-01-08,601012,13:43:37,18.7200,35,1
2026-01-08,601012,13:43:40,18.7100,18,2
2026-01-08,601012,13:43:43,18.7100,16,2
2026-01-08,601012,13:43:46,18.7200,6,1
2026-01-08,601012,13:43:49,18.7100,4,2
2026-01-08,601012,13:43:52,18.7100,28,2
2026-01-08,601012,13:43:55,18.7100,287,2
2026-01-08,601012,13:43:58,18.7000,107,2
2026-01-08,601012,13:44:01,18.7100,25,4
2026-01-08,601012,13:44:04,18.7100,6,2
2026-01-08,601012,13:44:07,18.7100,84,2
2026-01-08,601012,13:44:10,18.7100,76,1
2026-01-08,601012,13:44:13,18.7100,40,1
2026-01-08,601012,13:44:16,18.7100,3,2
2026-01-08,601012,13:44:19,18.7000,11,2
2026-01-08,601012,13:44:22,18.7200,380,1
2026-01-08,601012,13:44:25,18.7100,32,4
2026-01-08,601012,13:44:28,18.7000,39,2
2026-01-08,601012,13:44:31,18.7100,27,2
2026-01-08,601012,13:44:34,18.7100,77,1
2026-01-08,601012,13:44:37,18.7100,69,1
2026-01-08,601012,13:44:40,18.7200,56,1
2026-01-08,601012,13:44:43,18.7100,28,2
2026-01-08,601012,13:44:46,18.7100,13,2
2026-01-08,601012,13:44:49,18.7100,72,2
2026-01-08,601012,13:44:52,18.7200,59,1
2026-01-08,601012,13:44:55,18.7200,80,1
2026-01-08,601012,13:44:58,18.7100,37,2
2026-01-08,601012,13:45:01,18.7100,29,2
2026-01-08,601012,13:45:04,18.7100,10,2
2026-01-08,601012,13:45:07,18.7200,668,1
2026-01-08,601012,13:45:10,18.7200,151,2
2026-01-08,601012,13:45:13,18.7200,111,2
2026-01-08,601012,13:45:16,18.7200,85,2
2026-01-08,601012,13:45:19,18.7200,291,2
2026-01-08,601012,13:45:22,18.7200,67,2
2026-01-08,601012,13:45:25,18.7300,27,1
2026-01-08,601012,13:45:28,18.7100,75,2
2026-01-08,601012,13:45:31,18.7300,148,1
2026-01-08,601012,13:45:34,18.7200,2,2
2026-01-08,601012,13:45:37,18.7200,42,2
2026-01-08,601012,13:45:40,18.7300,156,1
2026-01-08,601012,13:45:43,18.7200,42,2
2026-01-08,601012,13:45:46,18.7200,58,2
2026-01-08,601012,13:45:49,18.7200,119,2
2026-01-08,601012,13:45:52,18.7300,36,1
2026-01-08,601012,13:45:55,18.7200,168,2
2026-01-08,601012,13:45:58,18.7200,103,2
2026-01-08,601012,13:46:01,18.7200,17,2
2026-01-08,601012,13:46:04,18.7300,63,1
2026-01-08,601012,13:46:07,18.7200,69,2
2026-01-08,601012,13:46:10,18.7300,34,1
2026-01-08,601012,13:46:13,18.7200,36,2
2026-01-08,601012,13:46:16,18.7200,132,2
2026-01-08,601012,13:46:19,18.7300,79,1
2026-01-08,601012,13:46:22,18.7300,52,1
2026-01-08,601012,13:46:25,18.7300,43,1
2026-01-08,601012,13:46:28,18.7200,40,2
2026-01-08,601012,13:46:31,18.7200,203,2
2026-01-08,601012,13:46:34,18.7300,30,1
2026-01-08,601012,13:46:37,18.7200,225,2
2026-01-08,601012,13:46:40,18.7200,211,2
2026-01-08,601012,13:46:43,18.7200,77,2
2026-01-08,601012,13:46:46,18.7200,31,2
2026-01-08,601012,13:46:49,18.7100,196,2
2026-01-08,601012,13:46:52,18.7200,35,1
2026-01-08,601012,13:46:55,18.7100,19,2
2026-01-08,601012,13:46:58,18.7100,12,2
2026-01-08,601012,13:47:01,18.7100,12,2
2026-01-08,601012,13:47:04,18.7100,10,2
2026-01-08,601012,13:47:07,18.7200,59,1
2026-01-08,601012,13:47:10,18.7200,93,1
2026-01-08,601012,13:47:13,18.7100,51,2
2026-01-08,601012,13:47:16,18.7100,13,2
2026-01-08,601012,13:47:19,18.7100,72,2
2026-01-08,601012,13:47:22,18.7100,70,2
2026-01-08,601012,13:47:25,18.7100,74,2
2026-01-08,601012,13:47:28,18.7100,23,2
2026-01-08,601012,13:47:31,18.7100,142,2
2026-01-08,601012,13:47:34,18.7100,22,2
2026-01-08,601012,13:47:37,18.7100,52,2
2026-01-08,601012,13:47:40,18.7100,118,2
2026-01-08,601012,13:47:43,18.7100,101,2
2026-01-08,601012,13:47:46,18.7100,207,2
2026-01-08,601012,13:47:49,18.7100,13,2
2026-01-08,601012,13:47:52,18.7200,554,1
2026-01-08,601012,13:47:55,18.7200,159,1
2026-01-08,601012,13:47:58,18.7100,229,2
2026-01-08,601012,13:48:01,18.7200,169,1
2026-01-08,601012,13:48:04,18.7100,12,2
2026-01-08,601012,13:48:07,18.7100,45,2
2026-01-08,601012,13:48:10,18.7200,61,1
2026-01-08,601012,13:48:13,18.7100,37,2
2026-01-08,601012,13:48:16,18.7200,185,1
2026-01-08,601012,13:48:19,18.7100,377,2
2026-01-08,601012,13:48:22,18.7100,26,2
2026-01-08,601012,13:48:25,18.7100,36,2
2026-01-08,601012,13:48:28,18.7100,128,2
2026-01-08,601012,13:48:31,18.7200,74,1
2026-01-08,601012,13:48:34,18.7100,148,2
2026-01-08,601012,13:48:37,18.7100,37,2
2026-01-08,601012,13:48:40,18.7200,25,1
2026-01-08,601012,13:48:43,18.7100,48,2
2026-01-08,601012,13:48:46,18.7100,39,2
2026-01-08,601012,13:48:49,18.7100,31,2
2026-01-08,601012,13:48:52,18.7100,24,2
2026-01-08,601012,13:48:55,18.7100,237,2
2026-01-08,601012,13:48:58,18.7100,120,2
2026-01-08,601012,13:49:01,18.7100,94,2
2026-01-08,601012,13:49:04,18.7100,220,2
2026-01-08,601012,13:49:10,18.7100,36,1
2026-01-08,601012,13:49:13,18.7000,33,2
2026-01-08,601012,13:49:16,18.7000,64,2
2026-01-08,601012,13:49:19,18.7000,54,2
2026-01-08,601012,13:49:22,18.7000,6,2
2026-01-08,601012,13:49:25,18.7100,61,1
2026-01-08,601012,13:49:28,18.7000,53,2
2026-01-08,601012,13:49:31,18.7000,147,2
2026-01-08,601012,13:49:34,18.7100,13,1
2026-01-08,601012,13:49:37,18.7000,30,2
2026-01-08,601012,13:49:40,18.7000,28,2
2026-01-08,601012,13:49:43,18.7000,107,2
2026-01-08,601012,13:49:46,18.7000,28,2
2026-01-08,601012,13:49:49,18.7000,83,2
2026-01-08,601012,13:49:52,18.7000,13,2
2026-01-08,601012,13:49:55,18.7000,453,2
2026-01-08,601012,13:49:58,18.7000,121,2
2026-01-08,601012,13:50:01,18.7000,107,2
2026-01-08,601012,13:50:04,18.7000,86,2
2026-01-08,601012,13:50:07,18.7000,29,2
2026-01-08,601012,13:50:10,18.7000,22,2
2026-01-08,601012,13:50:13,18.7000,84,2
2026-01-08,601012,13:50:16,18.7000,841,2
2026-01-08,601012,13:50:19,18.7000,45,1
2026-01-08,601012,13:50:22,18.7000,176,1
2026-01-08,601012,13:50:25,18.7000,55,1
2026-01-08,601012,13:50:28,18.6900,38,2
2026-01-08,601012,13:50:31,18.6900,21,2
2026-01-08,601012,13:50:34,18.7000,82,1
2026-01-08,601012,13:50:37,18.6900,18,2
2026-01-08,601012,13:50:40,18.6900,33,2
2026-01-08,601012,13:50:43,18.6900,65,2
2026-01-08,601012,13:50:46,18.6900,145,2
2026-01-08,601012,13:50:49,18.7000,264,1
2026-01-08,601012,13:50:52,18.7000,18,1
2026-01-08,601012,13:50:55,18.6900,66,2
2026-01-08,601012,13:50:58,18.6900,43,2
2026-01-08,601012,13:51:01,18.6900,103,2
2026-01-08,601012,13:51:04,18.7000,76,1
2026-01-08,601012,13:51:07,18.6900,1984,2
2026-01-08,601012,13:51:10,18.6900,102,1
2026-01-08,601012,13:51:13,18.6800,119,2
2026-01-08,601012,13:51:16,18.6900,100,1
2026-01-08,601012,13:51:19,18.6800,264,2
2026-01-08,601012,13:51:22,18.6900,212,1
2026-01-08,601012,13:51:25,18.6900,83,1
2026-01-08,601012,13:51:28,18.6800,58,2
2026-01-08,601012,13:51:31,18.6800,45,2
2026-01-08,601012,13:51:34,18.6800,22,2
2026-01-08,601012,13:51:37,18.6800,20,2
2026-01-08,601012,13:51:40,18.6800,224,2
2026-01-08,601012,13:51:43,18.6800,137,2
2026-01-08,601012,13:51:46,18.6800,36,2
2026-01-08,601012,13:51:49,18.6800,110,2
2026-01-08,601012,13:51:52,18.6800,745,2
2026-01-08,601012,13:51:55,18.6800,18,1
2026-01-08,601012,13:51:58,18.6800,216,1
2026-01-08,601012,13:52:01,18.6700,76,2
2026-01-08,601012,13:52:04,18.6700,128,2
2026-01-08,601012,13:52:07,18.6800,835,1
2026-01-08,601012,13:52:10,18.6800,109,2
2026-01-08,601012,13:52:13,18.6800,173,2
2026-01-08,601012,13:52:16,18.6800,133,2
2026-01-08,601012,13:52:19,18.6800,35,2
2026-01-08,601012,13:52:22,18.6800,22,2
2026-01-08,601012,13:52:25,18.6800,114,2
2026-01-08,601012,13:52:28,18.6800,38,2
2026-01-08,601012,13:52:31,18.6900,102,1
2026-01-08,601012,13:52:34,18.6800,112,2
2026-01-08,601012,13:52:37,18.6800,394,2
2026-01-08,601012,13:52:40,18.6800,8,2
2026-01-08,601012,13:52:43,18.7000,1160,1
2026-01-08,601012,13:52:46,18.7100,38,1
2026-01-08,601012,13:52:49,18.7000,11,2
2026-01-08,601012,13:52:52,18.7100,11,1
2026-01-08,601012,13:52:55,18.7000,128,2
2026-01-08,601012,13:52:58,18.7100,54,1
2026-01-08,601012,13:53:01,18.7200,815,1
2026-01-08,601012,13:53:04,18.7200,174,1
2026-01-08,601012,13:53:07,18.7200,84,1
2026-01-08,601012,13:53:10,18.7200,52,1
2026-01-08,601012,13:53:13,18.7100,41,2
2026-01-08,601012,13:53:16,18.7100,83,2
2026-01-08,601012,13:53:19,18.7100,97,2
2026-01-08,601012,13:53:22,18.7100,195,2
2026-01-08,601012,13:53:25,18.7100,39,2
2026-01-08,601012,13:53:28,18.7200,2501,1
2026-01-08,601012,13:53:31,18.7300,400,1
2026-01-08,601012,13:53:34,18.7300,84,2
2026-01-08,601012,13:53:37,18.7300,43,2
2026-01-08,601012,13:53:40,18.7300,353,2
2026-01-08,601012,13:53:43,18.7300,50,2
2026-01-08,601012,13:53:46,18.7300,155,2
2026-01-08,601012,13:53:49,18.7300,75,1
2026-01-08,601012,13:53:52,18.7300,51,1
2026-01-08,601012,13:53:55,18.7300,606,1
2026-01-08,601012,13:53:58,18.7300,51,2
2026-01-08,601012,13:54:01,18.7300,118,2
2026-01-08,601012,13:54:04,18.7300,100,2
2026-01-08,601012,13:54:07,18.7400,94,1
2026-01-08,601012,13:54:10,18.7400,151,1
2026-01-08,601012,13:54:13,18.7300,98,2
2026-01-08,601012,13:54:16,18.7300,64,2
2026-01-08,601012,13:54:19,18.7300,153,2
2026-01-08,601012,13:54:22,18.7300,166,2
2026-01-08,601012,13:54:25,18.7300,353,2
2026-01-08,601012,13:54:28,18.7300,99,2
2026-01-08,601012,13:54:31,18.7300,57,2
2026-01-08,601012,13:54:34,18.7300,102,2
2026-01-08,601012,13:54:37,18.7300,226,2
2026-01-08,601012,13:54:40,18.7300,177,2
2026-01-08,601012,13:54:43,18.7300,38,1
2026-01-08,601012,13:54:46,18.7300,18,1
2026-01-08,601012,13:54:49,18.7200,33,2
2026-01-08,601012,13:54:52,18.7200,14,2
2026-01-08,601012,13:54:55,18.7200,66,2
2026-01-08,601012,13:54:58,18.7300,40,1
2026-01-08,601012,13:55:01,18.7200,43,2
2026-01-08,601012,13:55:04,18.7300,28,1
2026-01-08,601012,13:55:07,18.7200,258,2
2026-01-08,601012,13:55:10,18.7200,75,2
2026-01-08,601012,13:55:13,18.7200,126,2
2026-01-08,601012,13:55:16,18.7300,30,1
2026-01-08,601012,13:55:19,18.7200,389,2
2026-01-08,601012,13:55:22,18.7300,41,1
2026-01-08,601012,13:55:25,18.7200,73,2
2026-01-08,601012,13:55:28,18.7200,123,2
2026-01-08,601012,13:55:31,18.7300,22,1
2026-01-08,601012,13:55:34,18.7200,66,2
2026-01-08,601012,13:55:37,18.7200,24,2
2026-01-08,601012,13:55:40,18.7200,24,2
2026-01-08,601012,13:55:43,18.7300,1689,1
2026-01-08,601012,13:55:46,18.7400,954,1
2026-01-08,601012,13:55:49,18.7400,35,1
2026-01-08,601012,13:55:52,18.7300,107,2
2026-01-08,601012,13:55:55,18.7300,438,2
2026-01-08,601012,13:55:58,18.7300,81,2
2026-01-08,601012,13:56:01,18.7400,151,1
2026-01-08,601012,13:56:04,18.7400,528,1
2026-01-08,601012,13:56:07,18.7400,184,1
2026-01-08,601012,13:56:10,18.7400,182,2
2026-01-08,601012,13:56:13,18.7500,721,1
2026-01-08,601012,13:56:16,18.7500,522,1
2026-01-08,601012,13:56:19,18.7400,88,2
2026-01-08,601012,13:56:22,18.7500,200,1
2026-01-08,601012,13:56:25,18.7500,177,1
2026-01-08,601012,13:56:28,18.7500,114,1
2026-01-08,601012,13:56:31,18.7500,19,1
2026-01-08,601012,13:56:34,18.7400,652,2
2026-01-08,601012,13:56:37,18.7500,133,1
2026-01-08,601012,13:56:40,18.7500,165,1
2026-01-08,601012,13:56:43,18.7500,148,1
2026-01-08,601012,13:56:46,18.7400,95,2
2026-01-08,601012,13:56:49,18.7500,87,1
2026-01-08,601012,13:56:52,18.7500,164,1
2026-01-08,601012,13:56:55,18.7500,118,1
2026-01-08,601012,13:56:58,18.7500,252,1
2026-01-08,601012,13:57:01,18.7500,205,1
2026-01-08,601012,13:57:04,18.7500,98,2
2026-01-08,601012,13:57:07,18.7500,34,2
2026-01-08,601012,13:57:10,18.7500,66,2
2026-01-08,601012,13:57:13,18.7600,90,1
2026-01-08,601012,13:57:16,18.7600,102,1
2026-01-08,601012,13:57:19,18.7500,96,2
2026-01-08,601012,13:57:22,18.7600,58,1
2026-01-08,601012,13:57:25,18.7500,447,2
2026-01-08,601012,13:57:28,18.7400,113,2
2026-01-08,601012,13:57:31,18.7500,2,1
2026-01-08,601012,13:57:34,18.7400,640,2
2026-01-08,601012,13:57:37,18.7400,230,2
2026-01-08,601012,13:57:40,18.7400,63,2
2026-01-08,601012,13:57:43,18.7400,114,2
2026-01-08,601012,13:57:46,18.7400,41,2
2026-01-08,601012,13:57:49,18.7500,117,1
2026-01-08,601012,13:57:52,18.7400,337,2
2026-01-08,601012,13:57:55,18.7400,21,1
2026-01-08,601012,13:57:58,18.7300,246,2
2026-01-08,601012,13:58:01,18.7300,25,2
2026-01-08,601012,13:58:04,18.7300,88,2
2026-01-08,601012,13:58:07,18.7400,49,1
2026-01-08,601012,13:58:10,18.7400,31,1
2026-01-08,601012,13:58:13,18.7300,251,2
2026-01-08,601012,13:58:16,18.7400,185,1
2026-01-08,601012,13:58:19,18.7300,27,2
2026-01-08,601012,13:58:22,18.7300,285,2
2026-01-08,601012,13:58:25,18.7400,598,1
2026-01-08,601012,13:58:28,18.7400,255,2
2026-01-08,601012,13:58:31,18.7400,21,2
2026-01-08,601012,13:58:34,18.7500,153,1
2026-01-08,601012,13:58:37,18.7400,166,2
2026-01-08,601012,13:58:40,18.7400,48,1
2026-01-08,601012,13:58:43,18.7400,262,1
2026-01-08,601012,13:58:46,18.7400,66,1
2026-01-08,601012,13:58:49,18.7400,82,2
2026-01-08,601012,13:58:52,18.7400,14,1
2026-01-08,601012,13:58:55,18.7400,54,1
2026-01-08,601012,13:58:58,18.7400,22,1
2026-01-08,601012,13:59:01,18.7400,256,1
2026-01-08,601012,13:59:04,18.7400,43,1
2026-01-08,601012,13:59:07,18.7300,35,2
2026-01-08,601012,13:59:10,18.7300,78,2
2026-01-08,601012,13:59:13,18.7300,135,2
2026-01-08,601012,13:59:16,18.7300,179,2
2026-01-08,601012,13:59:19,18.7300,6,1
2026-01-08,601012,13:59:22,18.7300,36,1
2026-01-08,601012,13:59:25,18.7300,80,1
2026-01-08,601012,13:59:28,18.7300,59,1
2026-01-08,601012,13:59:31,18.7300,101,1
2026-01-08,601012,13:59:34,18.7300,136,1
2026-01-08,601012,13:59:37,18.7300,349,1
2026-01-08,601012,13:59:40,18.7200,155,2
2026-01-08,601012,13:59:43,18.7200,192,2
2026-01-08,601012,13:59:46,18.7300,42,1
2026-01-08,601012,13:59:49,18.7300,438,1
2026-01-08,601012,13:59:52,18.7300,23,1
2026-01-08,601012,13:59:55,18.7200,60,2
2026-01-08,601012,13:59:58,18.7200,75,2
2026-01-08,601012,14:00:01,18.7300,232,1
2026-01-08,601012,14:00:04,18.7300,189,1
2026-01-08,601012,14:00:07,18.7300,60,2
2026-01-08,601012,14:00:10,18.7300,239,2
2026-01-08,601012,14:00:13,18.7300,162,2
2026-01-08,601012,14:00:16,18.7500,2229,1
2026-01-08,601012,14:00:19,18.7500,235,2
2026-01-08,601012,14:00:22,18.7400,88,2
2026-01-08,601012,14:00:25,18.7400,393,2
2026-01-08,601012,14:00:28,18.7500,59,1
2026-01-08,601012,14:00:31,18.7400,84,2
2026-01-08,601012,14:00:34,18.7400,123,2
2026-01-08,601012,14:00:37,18.7500,87,1
2026-01-08,601012,14:00:40,18.7500,111,1
2026-01-08,601012,14:00:43,18.7600,433,1
2026-01-08,601012,14:00:46,18.7700,533,1
2026-01-08,601012,14:00:49,18.7600,43,2
2026-01-08,601012,14:00:52,18.7700,66,1
2026-01-08,601012,14:00:55,18.7700,175,1
2026-01-08,601012,14:00:58,18.7600,27,2
2026-01-08,601012,14:01:01,18.7700,181,1
2026-01-08,601012,14:01:04,18.7600,464,2
2026-01-08,601012,14:01:07,18.7600,36,1
2026-01-08,601012,14:01:10,18.7600,109,1
2026-01-08,601012,14:01:13,18.7600,138,1
2026-01-08,601012,14:01:16,18.7600,156,1
2026-01-08,601012,14:01:19,18.7600,56,2
2026-01-08,601012,14:01:22,18.7600,51,2
2026-01-08,601012,14:01:25,18.7600,493,2
2026-01-08,601012,14:01:28,18.7600,181,1
2026-01-08,601012,14:01:31,18.7500,21,2
2026-01-08,601012,14:01:34,18.7600,123,1
2026-01-08,601012,14:01:37,18.7500,190,2
2026-01-08,601012,14:01:40,18.7600,285,1
2026-01-08,601012,14:01:43,18.7600,128,1
2026-01-08,601012,14:01:46,18.7500,41,2
2026-01-08,601012,14:01:49,18.7600,218,1
2026-01-08,601012,14:01:52,18.7600,738,1
2026-01-08,601012,14:01:55,18.7600,141,2
2026-01-08,601012,14:01:58,18.7600,183,2
2026-01-08,601012,14:02:01,18.7700,105,1
2026-01-08,601012,14:02:04,18.7600,366,2
2026-01-08,601012,14:02:07,18.7600,143,2
2026-01-08,601012,14:02:10,18.7600,251,2
2026-01-08,601012,14:02:13,18.7700,87,1
2026-01-08,601012,14:02:16,18.7700,32,1
2026-01-08,601012,14:02:19,18.7700,182,1
2026-01-08,601012,14:02:22,18.7700,16,1
2026-01-08,601012,14:02:25,18.7700,47,1
2026-01-08,601012,14:02:28,18.7600,210,2
2026-01-08,601012,14:02:31,18.7600,39,2
2026-01-08,601012,14:02:34,18.7600,118,2
2026-01-08,601012,14:02:37,18.7700,219,1
2026-01-08,601012,14:02:40,18.7600,367,2
2026-01-08,601012,14:02:43,18.7600,48,2
2026-01-08,601012,14:02:46,18.7600,63,2
2026-01-08,601012,14:02:49,18.7600,136,2
2026-01-08,601012,14:02:52,18.7600,190,2
2026-01-08,601012,14:02:55,18.7500,17,2
2026-01-08,601012,14:02:58,18.7500,653,2
2026-01-08,601012,14:03:01,18.7600,69,4
2026-01-08,601012,14:03:04,18.7600,80,2
2026-01-08,601012,14:03:07,18.7700,27,1
2026-01-08,601012,14:03:10,18.7600,186,2
2026-01-08,601012,14:03:13,18.7600,409,2
2026-01-08,601012,14:03:16,18.7600,61,2
2026-01-08,601012,14:03:19,18.7600,425,2
2026-01-08,601012,14:03:22,18.7600,146,2
2026-01-08,601012,14:03:25,18.7700,2342,1
2026-01-08,601012,14:03:28,18.7900,4788,1
2026-01-08,601012,14:03:31,18.7900,1423,1
2026-01-08,601012,14:03:34,18.8000,481,1
2026-01-08,601012,14:03:37,18.7900,60,4
2026-01-08,601012,14:03:40,18.7900,716,1
2026-01-08,601012,14:03:43,18.7900,304,1
2026-01-08,601012,14:03:46,18.7900,194,1
2026-01-08,601012,14:03:49,18.7900,179,2
2026-01-08,601012,14:03:52,18.7900,567,2
2026-01-08,601012,14:03:55,18.8000,693,1
2026-01-08,601012,14:03:58,18.7800,167,2
2026-01-08,601012,14:04:01,18.7900,273,1
2026-01-08,601012,14:04:04,18.7900,299,1
2026-01-08,601012,14:04:07,18.7900,3201,1
2026-01-08,601012,14:04:10,18.7900,67,2
2026-01-08,601012,14:04:13,18.7900,506,2
2026-01-08,601012,14:04:16,18.7900,133,1
2026-01-08,601012,14:04:19,18.7900,133,2
2026-01-08,601012,14:04:22,18.7900,106,1
2026-01-08,601012,14:04:25,18.7900,878,1
2026-01-08,601012,14:04:28,18.7900,833,2
2026-01-08,601012,14:04:31,18.7900,299,2
2026-01-08,601012,14:04:34,18.7900,53,1
2026-01-08,601012,14:04:37,18.7800,142,2
2026-01-08,601012,14:04:40,18.7800,82,2
2026-01-08,601012,14:04:43,18.7800,411,2
2026-01-08,601012,14:04:46,18.7800,200,1
2026-01-08,601012,14:04:49,18.7700,58,2
2026-01-08,601012,14:04:52,18.7800,47,1
2026-01-08,601012,14:04:55,18.7700,109,2
2026-01-08,601012,14:04:58,18.7700,524,2
2026-01-08,601012,14:05:01,18.7700,80,2
2026-01-08,601012,14:05:04,18.7600,249,2
2026-01-08,601012,14:05:07,18.7600,258,2
2026-01-08,601012,14:05:10,18.7600,68,2
2026-01-08,601012,14:05:13,18.7600,122,1
2026-01-08,601012,14:05:16,18.7500,86,2
2026-01-08,601012,14:05:19,18.7600,221,1
2026-01-08,601012,14:05:22,18.7500,26,2
2026-01-08,601012,14:05:25,18.7600,135,1
2026-01-08,601012,14:05:28,18.7600,10,1
2026-01-08,601012,14:05:31,18.7600,33,1
2026-01-08,601012,14:05:34,18.7500,68,2
2026-01-08,601012,14:05:37,18.7500,11,2
2026-01-08,601012,14:05:40,18.7500,9,2
2026-01-08,601012,14:05:43,18.7600,242,1
2026-01-08,601012,14:05:46,18.7500,31,2
2026-01-08,601012,14:05:49,18.7600,55,1
2026-01-08,601012,14:05:52,18.7500,60,2
2026-01-08,601012,14:05:55,18.7500,107,2
2026-01-08,601012,14:05:58,18.7600,148,1
2026-01-08,601012,14:06:01,18.7500,74,2
2026-01-08,601012,14:06:04,18.7500,303,2
2026-01-08,601012,14:06:07,18.7500,39,2
2026-01-08,601012,14:06:10,18.7500,184,2
2026-01-08,601012,14:06:13,18.7500,316,2
2026-01-08,601012,14:06:16,18.7500,1289,2
2026-01-08,601012,14:06:19,18.7500,57,2
2026-01-08,601012,14:06:22,18.7400,212,2
2026-01-08,601012,14:06:25,18.7400,159,2
2026-01-08,601012,14:06:28,18.7400,97,2
2026-01-08,601012,14:06:31,18.7400,98,2
2026-01-08,601012,14:06:34,18.7500,349,1
2026-01-08,601012,14:06:37,18.7400,55,2
2026-01-08,601012,14:06:40,18.7400,89,2
2026-01-08,601012,14:06:43,18.7400,139,2
2026-01-08,601012,14:06:46,18.7400,18,1
2026-01-08,601012,14:06:49,18.7300,154,2
2026-01-08,601012,14:06:52,18.7300,150,2
2026-01-08,601012,14:06:55,18.7400,277,2
2026-01-08,601012,14:06:58,18.7300,266,2
2026-01-08,601012,10:56:46,18.6400,16,2
2026-01-08,601012,10:56:49,18.6400,36,2
2026-01-08,601012,10:56:52,18.6400,12,2
2026-01-08,601012,10:56:55,18.6400,11,2
2026-01-08,601012,10:56:58,18.6400,134,2
2026-01-08,601012,10:57:01,18.6400,316,2
2026-01-08,601012,10:57:04,18.6500,68,1
2026-01-08,601012,10:57:07,18.6400,19,2
2026-01-08,601012,10:57:10,18.6500,232,1
2026-01-08,601012,10:57:13,18.6400,16,2
2026-01-08,601012,10:57:16,18.6500,167,1
2026-01-08,601012,10:57:19,18.6400,20,2
2026-01-08,601012,10:57:22,18.6400,139,2
2026-01-08,601012,10:57:25,18.6400,50,2
2026-01-08,601012,10:57:28,18.6400,34,2
2026-01-08,601012,10:57:31,18.6400,111,2
2026-01-08,601012,10:57:34,18.6400,131,2
2026-01-08,601012,10:57:37,18.6400,153,2
2026-01-08,601012,10:57:40,18.6500,66,1
2026-01-08,601012,10:57:43,18.6400,144,2
2026-01-08,601012,10:57:46,18.6500,134,1
2026-01-08,601012,10:57:49,18.6500,48,1
2026-01-08,601012,10:57:52,18.6400,446,2
2026-01-08,601012,10:57:55,18.6400,71,2
2026-01-08,601012,10:57:58,18.6500,195,1
2026-01-08,601012,10:58:01,18.6500,141,1
2026-01-08,601012,10:58:04,18.6400,159,2
2026-01-08,601012,10:58:07,18.6400,105,2
2026-01-08,601012,10:58:10,18.6500,2086,1
2026-01-08,601012,10:58:13,18.6600,1065,1
2026-01-08,601012,10:58:16,18.6500,416,2
2026-01-08,601012,10:58:19,18.6600,578,1
2026-01-08,601012,10:58:22,18.6700,293,1
2026-01-08,601012,10:58:25,18.6700,202,1
2026-01-08,601012,10:58:28,18.6700,515,1
2026-01-08,601012,10:58:31,18.6700,124,1
2026-01-08,601012,10:58:34,18.6700,15,1
2026-01-08,601012,10:58:37,18.6600,74,2
2026-01-08,601012,10:58:40,18.6600,58,2
2026-01-08,601012,10:58:43,18.6700,1216,1
2026-01-08,601012,10:58:46,18.6700,85,2
2026-01-08,601012,10:58:49,18.6700,3,2
2026-01-08,601012,10:58:52,18.6800,124,1
2026-01-08,601012,10:58:55,18.6900,1231,1
2026-01-08,601012,10:58:58,18.6800,132,2
2026-01-08,601012,10:59:01,18.6900,203,1
2026-01-08,601012,10:59:04,18.6900,165,1
2026-01-08,601012,10:59:07,18.6900,256,1
2026-01-08,601012,10:59:10,18.6900,662,1
2026-01-08,601012,10:59:13,18.6900,5,2
2026-01-08,601012,10:59:16,18.6900,207,2
2026-01-08,601012,10:59:19,18.7000,70,1
2026-01-08,601012,10:59:22,18.6900,77,2
2026-01-08,601012,10:59:25,18.6900,137,2
2026-01-08,601012,10:59:28,18.7000,739,1
2026-01-08,601012,10:59:31,18.7100,26,1
2026-01-08,601012,10:59:34,18.7100,256,1
2026-01-08,601012,10:59:37,18.7100,87,1
2026-01-08,601012,10:59:40,18.7000,675,2
2026-01-08,601012,10:59:43,18.7000,376,1
2026-01-08,601012,10:59:46,18.7000,385,1
2026-01-08,601012,10:59:49,18.7000,561,1
2026-01-08,601012,10:59:52,18.7000,297,1
2026-01-08,601012,10:59:55,18.7000,116,2
2026-01-08,601012,10:59:58,18.7100,71,1
2026-01-08,601012,11:00:01,18.7000,203,2
2026-01-08,601012,11:00:04,18.7000,403,2
2026-01-08,601012,11:00:07,18.7000,306,2
2026-01-08,601012,11:00:10,18.7000,47,2
2026-01-08,601012,11:00:13,18.7000,255,2
2026-01-08,601012,11:00:16,18.7000,78,2
2026-01-08,601012,11:00:19,18.7000,793,2
2026-01-08,601012,11:00:22,18.7000,172,1
2026-01-08,601012,11:00:25,18.7000,689,1
2026-01-08,601012,11:00:28,18.7000,406,2
2026-01-08,601012,11:00:31,18.7000,320,2
2026-01-08,601012,11:00:34,18.7000,20,1
2026-01-08,601012,11:00:37,18.6900,196,2
2026-01-08,601012,11:00:40,18.7000,1006,1
2026-01-08,601012,11:00:43,18.6900,7,1
2026-01-08,601012,11:00:46,18.6900,70,1
2026-01-08,601012,11:00:49,18.6900,32,1
2026-01-08,601012,11:00:56,18.6800,259,2
2026-01-08,601012,11:00:58,18.6800,320,2
2026-01-08,601012,11:01:01,18.6700,187,2
2026-01-08,601012,11:01:04,18.6800,52,1
2026-01-08,601012,11:01:07,18.6800,249,1
2026-01-08,601012,11:01:10,18.6600,198,2
2026-01-08,601012,11:01:13,18.6700,60,1
2026-01-08,601012,11:01:16,18.6600,114,2
2026-01-08,601012,11:01:19,18.6700,609,1
2026-01-08,601012,11:01:22,18.6700,34,1
2026-01-08,601012,11:01:25,18.6700,65,1
2026-01-08,601012,11:01:28,18.6600,76,2
2026-01-08,601012,11:01:31,18.6600,144,2
2026-01-08,601012,11:01:34,18.6700,96,1
2026-01-08,601012,11:01:37,18.6700,56,1
2026-01-08,601012,11:01:40,18.6600,219,2
2026-01-08,601012,11:01:43,18.6600,103,2
2026-01-08,601012,11:01:46,18.6700,41,1
2026-01-08,601012,11:01:49,18.6600,535,2
2026-01-08,601012,11:01:52,18.6600,27,2
2026-01-08,601012,11:01:55,18.6500,15,2
2026-01-08,601012,11:01:58,18.6600,43,1
2026-01-08,601012,11:02:01,18.6600,32,1
2026-01-08,601012,11:02:04,18.6500,17,2
2026-01-08,601012,11:02:07,18.6500,31,2
2026-01-08,601012,11:02:10,18.6600,13,1
2026-01-08,601012,11:02:13,18.6600,36,1
2026-01-08,601012,11:02:16,18.6500,116,2
2026-01-08,601012,11:02:19,18.6500,267,2
2026-01-08,601012,11:02:22,18.6600,55,1
2026-01-08,601012,11:02:25,18.6600,55,1
2026-01-08,601012,11:02:28,18.6600,125,1
2026-01-08,601012,11:02:31,18.6500,927,2
2026-01-08,601012,11:02:34,18.6500,91,2
2026-01-08,601012,11:02:37,18.6500,28,2
2026-01-08,601012,11:02:40,18.6600,71,1
2026-01-08,601012,11:02:43,18.6600,47,1
2026-01-08,601012,11:02:46,18.6500,25,2
2026-01-08,601012,11:02:49,18.6500,39,2
2026-01-08,601012,11:02:55,18.6500,512,2
2026-01-08,601012,11:02:58,18.6500,18,1
2026-01-08,601012,11:03:01,18.6400,67,2
2026-01-08,601012,11:03:04,18.6400,33,2
2026-01-08,601012,11:03:07,18.6600,392,1
2026-01-08,601012,11:03:10,18.6500,15,2
2026-01-08,601012,11:03:13,18.6500,70,2
2026-01-08,601012,11:03:16,18.6400,205,2
2026-01-08,601012,11:03:19,18.6500,86,2
2026-01-08,601012,11:03:22,18.6500,82,1
2026-01-08,601012,11:03:25,18.6400,52,2
2026-01-08,601012,11:03:28,18.6500,49,1
2026-01-08,601012,11:03:31,18.6500,6,2
2026-01-08,601012,11:03:34,18.6500,182,2
2026-01-08,601012,11:03:37,18.6500,72,2
2026-01-08,601012,11:03:40,18.6600,96,1
2026-01-08,601012,11:03:43,18.6500,71,2
2026-01-08,601012,11:03:46,18.6500,74,1
2026-01-08,601012,11:03:49,18.6500,38,1
2026-01-08,601012,11:03:52,18.6500,9,1
2026-01-08,601012,11:03:55,18.6500,140,1
2026-01-08,601012,11:03:58,18.6400,306,2
2026-01-08,601012,11:04:01,18.6500,93,1
2026-01-08,601012,11:04:04,18.6400,191,2
2026-01-08,601012,11:04:07,18.6400,27,2
2026-01-08,601012,11:04:10,18.6400,131,2
2026-01-08,601012,11:04:13,18.6500,121,1
2026-01-08,601012,11:04:16,18.6500,106,1
2026-01-08,601012,11:04:19,18.6400,605,2
2026-01-08,601012,11:04:22,18.6300,34,2
2026-01-08,601012,11:04:25,18.6400,172,1
2026-01-08,601012,11:04:28,18.6300,7,2
2026-01-08,601012,11:04:31,18.6400,279,1
2026-01-08,601012,11:04:34,18.6400,180,1
2026-01-08,601012,11:04:37,18.6400,458,1
2026-01-08,601012,11:04:40,18.6400,5,1
2026-01-08,601012,11:04:43,18.6300,91,2
2026-01-08,601012,11:04:46,18.6400,218,1
2026-01-08,601012,11:04:49,18.6300,50,2
2026-01-08,601012,11:04:52,18.6400,96,1
2026-01-08,601012,11:04:55,18.6400,160,1
2026-01-08,601012,11:04:58,18.6300,51,2
2026-01-08,601012,11:05:01,18.6200,781,2
2026-01-08,601012,11:05:04,18.6300,139,1
2026-01-08,601012,11:05:07,18.6300,278,1
2026-01-08,601012,11:05:10,18.6300,76,1
2026-01-08,601012,11:05:13,18.6200,183,2
2026-01-08,601012,11:05:16,18.6300,105,1
2026-01-08,601012,11:05:19,18.6300,78,1
2026-01-08,601012,11:05:22,18.6200,107,2
2026-01-08,601012,11:05:25,18.6300,248,1
2026-01-08,601012,11:05:28,18.6300,54,1
2026-01-08,601012,11:05:31,18.6300,83,1
2026-01-08,601012,11:05:34,18.6300,20,1
2026-01-08,601012,11:05:37,18.6300,1,1
2026-01-08,601012,11:05:40,18.6200,390,2
2026-01-08,601012,11:05:43,18.6200,47,2
2026-01-08,601012,11:05:46,18.6300,46,1
2026-01-08,601012,11:05:49,18.6300,214,1
2026-01-08,601012,11:05:52,18.6300,24,1
2026-01-08,601012,11:05:55,18.6200,1802,2
2026-01-08,601012,11:05:58,18.6100,524,2
2026-01-08,601012,11:06:01,18.6200,39,1
2026-01-08,601012,11:06:04,18.6100,120,2
2026-01-08,601012,11:06:07,18.6100,196,2
2026-01-08,601012,11:06:10,18.6100,276,2
2026-01-08,601012,11:06:13,18.6200,98,1
2026-01-08,601012,11:06:16,18.6100,206,2
2026-01-08,601012,11:06:19,18.6200,42,1
2026-01-08,601012,11:06:22,18.6100,14,2
2026-01-08,601012,11:06:25,18.6100,85,2
2026-01-08,601012,11:06:28,18.6200,31,1
2026-01-08,601012,11:06:31,18.6100,44,2
2026-01-08,601012,11:06:34,18.6100,217,2
2026-01-08,601012,11:06:37,18.6200,348,1
2026-01-08,601012,11:06:40,18.6100,117,2
2026-01-08,601012,11:06:43,18.6100,60,2
2026-01-08,601012,11:06:46,18.6100,15,2
2026-01-08,601012,11:06:49,18.6200,55,1
2026-01-08,601012,11:06:52,18.6100,260,2
2026-01-08,601012,11:06:55,18.6100,45,2
2026-01-08,601012,11:06:58,18.6100,42,2
2026-01-08,601012,11:07:01,18.6100,20,2
2026-01-08,601012,11:07:04,18.6100,63,2
2026-01-08,601012,11:07:07,18.6200,2028,1
2026-01-08,601012,11:07:10,18.6100,269,2
2026-01-08,601012,11:07:13,18.6100,170,1
2026-01-08,601012,11:07:16,18.6100,175,1
2026-01-08,601012,11:07:19,18.6100,130,2
2026-01-08,601012,11:07:22,18.6100,552,2
2026-01-08,601012,11:07:25,18.6100,150,2
2026-01-08,601012,11:07:28,18.6100,49,2
2026-01-08,601012,11:07:31,18.6100,50,2
2026-01-08,601012,11:07:34,18.6200,93,1
2026-01-08,601012,11:07:37,18.6100,49,2
2026-01-08,601012,11:07:40,18.6100,71,2
2026-01-08,601012,11:07:43,18.6100,88,2
2026-01-08,601012,11:07:46,18.6100,516,2
2026-01-08,601012,11:07:49,18.6100,376,2
2026-01-08,601012,11:07:52,18.6100,88,2
2026-01-08,601012,11:07:55,18.6100,112,1
2026-01-08,601012,11:07:58,18.6100,87,1
2026-01-08,601012,11:08:01,18.6100,145,1
2026-01-08,601012,11:08:04,18.6100,219,1
2026-01-08,601012,11:08:07,18.6100,99,1
2026-01-08,601012,11:08:10,18.6100,334,1
2026-01-08,601012,11:08:13,18.6100,214,2
2026-01-08,601012,11:08:16,18.6100,57,2
2026-01-08,601012,11:08:19,18.6100,83,2
2026-01-08,601012,11:08:22,18.6200,89,1
2026-01-08,601012,11:08:25,18.6100,29,2
2026-01-08,601012,11:08:28,18.6100,47,2
2026-01-08,601012,11:08:31,18.6200,97,1
2026-01-08,601012,11:08:34,18.6100,66,2
2026-01-08,601012,11:08:37,18.6200,156,1
2026-01-08,601012,11:08:40,18.6100,167,2
2026-01-08,601012,11:08:43,18.6100,297,2
2026-01-08,601012,11:08:46,18.6100,559,2
2026-01-08,601012,11:08:49,18.6200,73,1
2026-01-08,601012,11:08:52,18.6100,3,2
2026-01-08,601012,11:08:55,18.6200,183,1
2026-01-08,601012,11:08:58,18.6100,197,2
2026-01-08,601012,11:09:01,18.6100,46,2
2026-01-08,601012,11:09:04,18.6100,31,2
2026-01-08,601012,11:09:07,18.6200,127,1
2026-01-08,601012,11:09:10,18.6100,146,2
2026-01-08,601012,11:09:13,18.6100,67,2
2026-01-08,601012,11:09:16,18.6200,50,1
2026-01-08,601012,11:09:19,18.6100,54,2
2026-01-08,601012,11:09:22,18.6200,43,1
2026-01-08,601012,11:09:25,18.6200,94,1
2026-01-08,601012,11:09:28,18.6200,283,1
2026-01-08,601012,11:09:31,18.6200,705,1
2026-01-08,601012,11:09:34,18.6200,195,2
2026-01-08,601012,11:09:37,18.6300,96,1
2026-01-08,601012,11:09:40,18.6300,279,1
2026-01-08,601012,11:09:43,18.6300,88,2
2026-01-08,601012,11:09:46,18.6300,38,2
2026-01-08,601012,11:09:49,18.6300,94,2
2026-01-08,601012,11:09:52,18.6400,19,1
2026-01-08,601012,11:09:55,18.6400,189,1
2026-01-08,601012,11:09:58,18.6400,29,1
2026-01-08,601012,11:10:01,18.6300,94,2
2026-01-08,601012,11:10:04,18.6300,149,2
2026-01-08,601012,11:10:07,18.6300,137,2
2026-01-08,601012,11:10:10,18.6300,133,1
2026-01-08,601012,11:10:13,18.6200,73,2
2026-01-08,601012,11:10:16,18.6300,8,4
2026-01-08,601012,11:10:19,18.6300,88,1
2026-01-08,601012,11:10:22,18.6200,119,2
2026-01-08,601012,11:10:25,18.6300,39,1
2026-01-08,601012,11:10:28,18.6300,146,1
2026-01-08,601012,11:10:31,18.6300,26,2
2026-01-08,601012,11:10:34,18.6300,96,2
2026-01-08,601012,11:10:37,18.6300,100,2
2026-01-08,601012,11:10:40,18.6300,84,2
2026-01-08,601012,11:10:43,18.6400,90,1
2026-01-08,601012,11:10:46,18.6300,23,1
2026-01-08,601012,11:10:49,18.6300,68,1
2026-01-08,601012,11:10:52,18.6300,211,1
2026-01-08,601012,11:10:55,18.6300,70,1
2026-01-08,601012,11:10:58,18.6200,117,2
2026-01-08,601012,11:11:01,18.6300,475,1
2026-01-08,601012,11:11:04,18.6300,104,1
2026-01-08,601012,11:11:07,18.6300,85,1
2026-01-08,601012,11:11:10,18.6200,61,2
2026-01-08,601012,11:11:13,18.6300,165,1
2026-01-08,601012,11:11:16,18.6300,114,1
2026-01-08,601012,11:11:19,18.6300,73,1
2026-01-08,601012,11:11:22,18.6300,50,1
2026-01-08,601012,11:11:25,18.6200,157,2
2026-01-08,601012,11:11:28,18.6200,52,2
2026-01-08,601012,11:11:31,18.6300,60,1
2026-01-08,601012,11:11:34,18.6300,328,1
2026-01-08,601012,11:11:37,18.6200,418,2
2026-01-08,601012,11:11:40,18.6200,157,2
2026-01-08,601012,11:11:43,18.6300,387,1
2026-01-08,601012,11:11:46,18.6300,15,2
2026-01-08,601012,11:11:49,18.6300,316,2
2026-01-08,601012,11:11:52,18.6200,3,2
2026-01-08,601012,11:11:55,18.6300,140,1
2026-01-08,601012,11:11:58,18.6200,246,2
2026-01-08,601012,11:12:01,18.6200,67,2
2026-01-08,601012,11:12:04,18.6200,602,2
2026-01-08,601012,11:12:07,18.6300,69,1
2026-01-08,601012,11:12:10,18.6200,17,2
2026-01-08,601012,11:12:13,18.6200,72,2
2026-01-08,601012,11:12:16,18.6300,15,1
2026-01-08,601012,11:12:19,18.6300,150,1
2026-01-08,601012,11:12:22,18.6300,54,1
2026-01-08,601012,11:12:25,18.6300,190,1
2026-01-08,601012,11:12:28,18.6300,66,1
2026-01-08,601012,11:12:31,18.6200,54,2
2026-01-08,601012,11:12:34,18.6200,518,2
2026-01-08,601012,11:12:37,18.6200,3,2
2026-01-08,601012,11:12:40,18.6300,711,1
2026-01-08,601012,11:12:43,18.6200,29,2
2026-01-08,601012,11:12:46,18.6300,121,1
2026-01-08,601012,11:12:49,18.6200,164,2
2026-01-08,601012,11:12:52,18.6200,53,2
2026-01-08,601012,11:12:55,18.6200,68,2
2026-01-08,601012,11:12:58,18.6200,33,2
2026-01-08,601012,11:13:01,18.6300,139,1
2026-01-08,601012,11:13:04,18.6300,57,1
2026-01-08,601012,11:13:07,18.6200,53,2
2026-01-08,601012,11:13:10,18.6300,59,1
2026-01-08,601012,11:13:13,18.6200,12,2
2026-01-08,601012,11:13:16,18.6300,389,1
2026-01-08,601012,11:13:19,18.6300,23,1
2026-01-08,601012,11:13:22,18.6200,62,2
2026-01-08,601012,11:13:25,18.6300,551,1
2026-01-08,601012,11:13:28,18.6300,109,1
2026-01-08,601012,11:13:31,18.6300,68,1
2026-01-08,601012,11:13:34,18.6300,36,1
2026-01-08,601012,11:13:37,18.6300,151,1
2026-01-08,601012,11:13:40,18.6300,70,1
2026-01-08,601012,11:13:43,18.6300,38,1
2026-01-08,601012,11:13:46,18.6200,6,2
2026-01-08,601012,11:13:49,18.6200,65,2
2026-01-08,601012,11:13:52,18.6300,164,1
2026-01-08,601012,11:13:55,18.6200,164,2
2026-01-08,601012,11:13:58,18.6200,104,2
2026-01-08,601012,11:14:01,18.6200,212,2
2026-01-08,601012,11:14:04,18.6200,297,2
2026-01-08,601012,11:14:07,18.6200,1475,2
2026-01-08,601012,11:14:10,18.6200,60,1
2026-01-08,601012,11:14:13,18.6200,110,1
2026-01-08,601012,11:14:16,18.6200,464,1
2026-01-08,601012,11:14:19,18.6200,182,1
2026-01-08,601012,11:14:22,18.6200,201,1
2026-01-08,601012,11:14:25,18.6100,147,2
2026-01-08,601012,11:14:28,18.6100,59,2
2026-01-08,601012,11:14:31,18.6100,29,2
2026-01-08,601012,11:14:34,18.6100,1955,2
2026-01-08,601012,11:14:37,18.6100,6,1
2026-01-08,601012,11:14:40,18.6000,166,2
2026-01-08,601012,11:14:43,18.6000,170,2
2026-01-08,601012,11:14:46,18.6100,214,1
2026-01-08,601012,11:14:49,18.6000,264,2
2026-01-08,601012,11:14:52,18.6000,177,2
2026-01-08,601012,11:14:55,18.5900,7168,2
2026-01-08,601012,11:14:58,18.5900,969,2
2026-01-08,601012,11:15:01,18.5900,69,2
2026-01-08,601012,11:15:04,18.5900,1332,2
2026-01-08,601012,11:15:07,18.5900,56,1
2026-01-08,601012,11:15:10,18.5900,236,1
2026-01-08,601012,11:15:13,18.5900,81,1
2026-01-08,601012,11:15:16,18.5800,177,2
2026-01-08,601012,11:15:19,18.5900,365,1
2026-01-08,601012,11:15:22,18.5800,130,2
2026-01-08,601012,11:15:25,18.5900,198,1
2026-01-08,601012,11:15:28,18.5900,1051,1
2026-01-08,601012,11:15:31,18.5900,106,1
2026-01-08,601012,11:15:34,18.5900,271,1
2026-01-08,601012,11:15:37,18.5800,75,2
2026-01-08,601012,11:15:40,18.5800,112,2
2026-01-08,601012,11:15:43,18.5800,108,2
2026-01-08,601012,11:15:46,18.5800,9,2
2026-01-08,601012,11:15:49,18.5800,38,2
2026-01-08,601012,11:15:52,18.5900,605,1
2026-01-08,601012,11:15:55,18.5900,213,1
2026-01-08,601012,11:15:58,18.5800,222,2
2026-01-08,601012,11:16:01,18.5800,349,2
2026-01-08,601012,11:16:04,18.5800,155,2
2026-01-08,601012,11:16:07,18.5900,379,1
2026-01-08,601012,11:16:10,18.5800,178,2
2026-01-08,601012,11:16:13,18.5800,149,2
2026-01-08,601012,11:16:16,18.5900,180,1
2026-01-08,601012,11:16:19,18.5900,19,1
2026-01-08,601012,11:16:22,18.5900,202,1
2026-01-08,601012,11:16:25,18.5800,76,2
2026-01-08,601012,11:16:28,18.5800,1086,2
2026-01-08,601012,11:16:31,18.5800,101,2
2026-01-08,601012,11:16:34,18.5800,104,2
2026-01-08,601012,11:16:37,18.5900,52,1
2026-01-08,601012,11:16:40,18.5800,299,2
2026-01-08,601012,11:16:43,18.5800,47,2
2026-01-08,601012,11:16:46,18.5800,22,2
2026-01-08,601012,11:16:49,18.5900,263,1
2026-01-08,601012,11:16:52,18.5900,36,1
2026-01-08,601012,11:16:55,18.5800,68,2
2026-01-08,601012,11:16:58,18.5800,1456,2
2026-01-08,601012,11:17:01,18.5800,131,1
2026-01-08,601012,11:17:04,18.5800,193,1
2026-01-08,601012,11:17:07,18.5800,69,2
2026-01-08,601012,11:17:10,18.5800,239,2
2026-01-08,601012,11:17:13,18.5800,506,1
2026-01-08,601012,11:17:16,18.5800,38,1
2026-01-08,601012,11:17:19,18.5700,1144,2
2026-01-08,601012,11:17:22,18.5800,199,1
2026-01-08,601012,11:17:25,18.5800,42,1
2026-01-08,601012,11:17:28,18.5700,1530,2
2026-01-08,601012,11:17:31,18.5700,98,1
2026-01-08,601012,11:17:34,18.5700,61,1
2026-01-08,601012,11:17:37,18.5700,78,1
2026-01-08,601012,11:17:40,18.5700,583,1
2026-01-08,601012,11:17:43,18.5700,109,2
2026-01-08,601012,11:17:46,18.5800,77,1
2026-01-08,601012,11:17:49,18.5700,213,2
2026-01-08,601012,11:17:52,18.5700,171,2
2026-01-08,601012,11:17:55,18.5700,513,2
2026-01-08,601012,11:17:58,18.5700,78,2
2026-01-08,601012,11:18:01,18.5700,44,2
2026-01-08,601012,11:18:04,18.5700,382,2
2026-01-08,601012,11:18:07,18.5700,187,2
2026-01-08,601012,11:18:10,18.5700,228,2
2026-01-08,601012,11:18:13,18.5700,49,2
2026-01-08,601012,11:18:16,18.5700,95,2
2026-01-08,601012,11:18:19,18.5800,69,1
2026-01-08,601012,11:18:22,18.5800,86,1
2026-01-08,601012,11:18:25,18.5700,165,2
2026-01-08,601012,11:18:28,18.5800,57,1
2026-01-08,601012,11:18:31,18.5800,313,1
2026-01-08,601012,11:18:34,18.5700,134,2
2026-01-08,601012,11:18:37,18.5800,57,1
2026-01-08,601012,11:18:40,18.5700,441,2
2026-01-08,601012,11:18:43,18.5700,122,2
2026-01-08,601012,11:18:46,18.5800,166,1
2026-01-08,601012,11:18:49,18.5800,1443,1
2026-01-08,601012,11:18:52,18.5800,166,2
2026-01-08,601012,11:18:55,18.5800,132,2
2026-01-08,601012,11:18:58,18.5900,141,1
2026-01-08,601012,11:19:01,18.5800,56,2
2026-01-08,601012,11:19:04,18.5800,58,2
2026-01-08,601012,11:19:07,18.5800,302,2
2026-01-08,601012,11:19:10,18.5900,36,1
2026-01-08,601012,11:19:13,18.5800,532,2
2026-01-08,601012,11:19:16,18.5900,244,1
2026-01-08,601012,11:19:19,18.5800,61,2
2026-01-08,601012,11:19:22,18.5900,9,1
2026-01-08,601012,11:19:25,18.5900,83,1
2026-01-08,601012,11:19:28,18.5800,16,2
2026-01-08,601012,11:19:31,18.5800,40,2
2026-01-08,601012,11:19:34,18.5800,88,2
2026-01-08,601012,11:19:37,18.5800,83,2
2026-01-08,601012,11:19:40,18.5800,18,2
2026-01-08,601012,11:19:43,18.5800,604,2
2026-01-08,601012,11:19:46,18.5900,201,1
2026-01-08,601012,11:19:49,18.6000,5,1
2026-01-08,601012,11:19:52,18.6000,30,1
2026-01-08,601012,11:19:55,18.6000,87,1
2026-01-08,601012,11:19:58,18.5900,55,2
