date,code,time,price,volume,bs
2026-05-20,600036,14:07:08,37.2200,4,1
2026-05-20,600036,14:07:11,37.2200,67,1
2026-05-20,600036,14:07:14,37.2100,42,2
2026-05-20,600036,14:07:17,37.2100,56,2
2026-05-20,600036,14:07:20,37.2100,79,2
2026-05-20,600036,14:07:23,37.2100,70,2
2026-05-20,600036,14:07:26,37.2100,62,2
2026-05-20,600036,14:07:30,37.2200,26,1
2026-05-20,600036,14:07:32,37.2100,50,2
2026-05-20,600036,14:07:35,37.2200,22,1
2026-05-20,600036,14:07:38,37.2200,27,1
2026-05-20,600036,14:07:41,37.2200,22,1
2026-05-20,600036,14:07:44,37.2200,53,1
2026-05-20,600036,14:07:47,37.2200,32,1
2026-05-20,600036,14:07:50,37.2200,79,1
2026-05-20,600036,14:07:53,37.2100,24,2
2026-05-20,600036,14:07:56,37.2100,224,2
2026-05-20,600036,14:07:59,37.2100,62,2
2026-05-20,600036,14:08:02,37.2200,60,1
2026-05-20,600036,14:08:05,37.2200,37,1
2026-05-20,600036,14:08:08,37.2200,108,1
2026-05-20,600036,14:08:11,37.2100,1,2
2026-05-20,600036,14:08:14,37.2200,117,1
2026-05-20,600036,14:08:17,37.2200,85,1
2026-05-20,600036,14:08:20,37.2200,28,1
2026-05-20,600036,14:08:23,37.2200,52,1
2026-05-20,600036,14:08:27,37.2200,4,1
2026-05-20,600036,14:08:29,37.2200,21,1
2026-05-20,600036,14:08:32,37.2200,54,1
2026-05-20,600036,14:08:35,37.2200,60,1
2026-05-20,600036,14:08:38,37.2200,60,1
2026-05-20,600036,14:08:41,37.2200,62,1
2026-05-20,600036,14:08:44,37.2100,32,2
2026-05-20,600036,14:08:47,37.2200,111,1
2026-05-20,600036,14:08:50,37.2200,11,1
2026-05-20,600036,14:08:53,37.2100,28,2
2026-05-20,600036,14:08:56,37.2200,35,1
2026-05-20,600036,14:08:59,37.2200,21,1
2026-05-20,600036,14:09:02,37.2200,47,1
2026-05-20,600036,14:09:05,37.2200,28,1
2026-05-20,600036,14:09:08,37.2200,8,1
2026-05-20,600036,14:09:11,37.2200,12,1
2026-05-20,600036,14:09:14,37.2200,5,1
2026-05-20,600036,14:09:17,37.2200,100,1
2026-05-20,600036,14:09:20,37.2100,127,2
2026-05-20,600036,14:09:23,37.2100,175,2
2026-05-20,600036,14:09:26,37.2100,33,2
2026-05-20,600036,14:09:29,37.2100,87,2
2026-05-20,600036,14:09:32,37.2200,90,1
2026-05-20,600036,14:09:35,37.2100,64,2
2026-05-20,600036,14:09:38,37.2200,76,1
2026-05-20,600036,14:09:41,37.2100,7,2
2026-05-20,600036,14:09:44,37.2200,4,1
2026-05-20,600036,14:09:47,37.2100,172,2
2026-05-20,600036,14:09:50,37.2200,31,1
2026-05-20,600036,14:09:53,37.2200,7,1
2026-05-20,600036,14:09:56,37.2100,73,2
2026-05-20,600036,14:09:59,37.2200,93,1
2026-05-20,600036,14:10:02,37.2100,51,2
2026-05-20,600036,14:10:05,37.2100,14,2
2026-05-20,600036,14:10:08,37.2200,9,1
2026-05-20,600036,14:10:11,37.2200,23,1
2026-05-20,600036,14:10:14,37.2100,31,2
2026-05-20,600036,14:10:17,37.2200,81,1
2026-05-20,600036,14:10:20,37.2100,78,2
2026-05-20,600036,14:10:23,37.2100,61,2
2026-05-20,600036,14:10:26,37.2200,54,1
2026-05-20,600036,14:10:29,37.2100,975,2
2026-05-20,600036,14:10:32,37.2100,46,4
2026-05-20,600036,14:10:35,37.2100,36,2
2026-05-20,600036,14:10:38,37.2100,146,1
2026-05-20,600036,14:10:41,37.2000,239,2
2026-05-20,600036,14:10:44,37.2100,168,1
2026-05-20,600036,14:10:47,37.2100,28,1
2026-05-20,600036,14:10:50,37.2100,4,1
2026-05-20,600036,14:10:53,37.2100,16,1
2026-05-20,600036,14:10:57,37.2100,23,1
2026-05-20,600036,14:10:59,37.2100,238,1
2026-05-20,600036,14:11:02,37.2100,17,1
2026-05-20,600036,14:11:05,37.2100,72,1
2026-05-20,600036,14:11:08,37.2100,37,1
2026-05-20,600036,14:11:11,37.2000,35,2
2026-05-20,600036,14:11:14,37.2100,27,1
2026-05-20,600036,14:11:17,37.2100,78,1
2026-05-20,600036,14:11:20,37.2100,29,1
2026-05-20,600036,14:11:23,37.2100,25,1
2026-05-20,600036,14:11:26,37.2100,12,1
2026-05-20,600036,14:11:29,37.2100,51,1
2026-05-20,600036,14:11:32,37.2100,168,1
2026-05-20,600036,14:11:35,37.2100,10,1
2026-05-20,600036,14:11:38,37.2100,51,1
2026-05-20,600036,14:11:41,37.2100,50,1
2026-05-20,600036,14:11:44,37.2100,12,1
2026-05-20,600036,14:11:47,37.2100,111,1
2026-05-20,600036,14:11:50,37.2100,287,1
2026-05-20,600036,14:11:53,37.2100,30,1
2026-05-20,600036,14:11:56,37.2100,81,1
2026-05-20,600036,14:11:59,37.2000,35,2
2026-05-20,600036,14:12:02,37.2100,15,1
2026-05-20,600036,14:12:05,37.2100,33,1
2026-05-20,600036,14:12:08,37.2100,124,1
2026-05-20,600036,14:12:11,37.2000,40,2
2026-05-20,600036,14:12:14,37.2000,45,2
2026-05-20,600036,14:12:17,37.2100,56,1
2026-05-20,600036,14:12:20,37.2100,28,1
2026-05-20,600036,14:12:23,37.2100,65,1
2026-05-20,600036,14:12:26,37.2000,282,2
2026-05-20,600036,14:12:29,37.2100,14,1
2026-05-20,600036,14:12:32,37.2100,26,1
2026-05-20,600036,14:12:35,37.2100,67,1
2026-05-20,600036,14:12:38,37.2100,17,1
2026-05-20,600036,14:12:41,37.2100,6,1
2026-05-20,600036,14:12:44,37.2100,145,1
2026-05-20,600036,14:12:47,37.2100,54,1
2026-05-20,600036,14:12:50,37.2100,25,1
2026-05-20,600036,14:12:53,37.2100,76,1
2026-05-20,600036,14:12:57,37.2000,87,2
2026-05-20,600036,14:12:59,37.2100,100,1
2026-05-20,600036,14:13:02,37.2100,116,1
2026-05-20,600036,14:13:05,37.2100,18,1
2026-05-20,600036,14:13:08,37.2100,65,1
2026-05-20,600036,14:13:11,37.2100,23,1
2026-05-20,600036,14:13:14,37.2100,27,1
2026-05-20,600036,14:13:17,37.2100,102,1
2026-05-20,600036,14:13:20,37.2000,113,2
2026-05-20,600036,14:13:23,37.2100,48,1
2026-05-20,600036,14:13:26,37.2000,26,2
2026-05-20,600036,14:13:29,37.2000,79,2
2026-05-20,600036,14:13:32,37.2100,44,1
2026-05-20,600036,14:13:35,37.2100,59,1
2026-05-20,600036,14:13:38,37.2100,76,1
2026-05-20,600036,14:13:41,37.2100,175,1
2026-05-20,600036,14:13:44,37.2100,33,1
2026-05-20,600036,14:13:47,37.2100,55,1
2026-05-20,600036,14:13:50,37.2100,74,1
2026-05-20,600036,14:13:53,37.2100,52,1
2026-05-20,600036,14:13:56,37.2100,37,1
2026-05-20,600036,14:13:59,37.2100,1,1
2026-05-20,600036,14:14:02,37.2100,90,1
2026-05-20,600036,14:14:06,37.2100,63,1
2026-05-20,600036,14:14:08,37.2100,122,1
2026-05-20,600036,14:14:11,37.2100,69,1
2026-05-20,600036,14:14:14,37.2100,9,1
2026-05-20,600036,14:14:17,37.2100,44,1
2026-05-20,600036,14:14:20,37.2100,108,2
2026-05-20,600036,14:14:23,37.2100,71,1
2026-05-20,600036,14:14:26,37.2100,68,1
2026-05-20,600036,14:14:29,37.2100,115,2
2026-05-20,600036,14:14:32,37.2200,51,1
2026-05-20,600036,14:14:35,37.2100,33,1
2026-05-20,600036,14:14:38,37.2100,31,1
2026-05-20,600036,14:14:41,37.2100,155,1
2026-05-20,600036,14:14:44,37.2100,17,1
2026-05-20,600036,14:14:47,37.2000,34,2
2026-05-20,600036,14:14:50,37.2100,29,1
2026-05-20,600036,14:14:53,37.2000,14,2
2026-05-20,600036,14:14:56,37.2100,117,1
2026-05-20,600036,14:14:59,37.2200,174,1
2026-05-20,600036,14:15:02,37.2200,339,1
2026-05-20,600036,14:15:05,37.2200,6,1
2026-05-20,600036,14:15:08,37.2200,621,1
2026-05-20,600036,14:15:11,37.2200,21,1
2026-05-20,600036,14:15:14,37.2100,53,2
2026-05-20,600036,14:15:17,37.2100,63,2
2026-05-20,600036,14:15:20,37.2100,15,2
2026-05-20,600036,14:15:23,37.2200,23,1
2026-05-20,600036,14:15:26,37.2100,128,2
2026-05-20,600036,14:15:29,37.2200,52,1
2026-05-20,600036,14:15:32,37.2200,52,1
2026-05-20,600036,14:15:35,37.2200,99,1
2026-05-20,600036,14:15:38,37.2200,16,1
2026-05-20,600036,14:15:41,37.2100,35,2
2026-05-20,600036,14:15:44,37.2100,69,2
2026-05-20,600036,14:15:47,37.2200,29,1
2026-05-20,600036,14:15:50,37.2100,22,2
2026-05-20,600036,14:15:53,37.2200,23,1
2026-05-20,600036,14:15:56,37.2100,25,2
2026-05-20,600036,14:15:59,37.2200,1,1
2026-05-20,600036,14:16:02,37.2200,106,1
2026-05-20,600036,14:16:05,37.2100,44,2
2026-05-20,600036,14:16:08,37.2200,103,1
2026-05-20,600036,14:16:11,37.2200,28,1
2026-05-20,600036,14:16:14,37.2200,112,1
2026-05-20,600036,14:16:17,37.2200,37,1
2026-05-20,600036,14:16:20,37.2200,4,1
2026-05-20,600036,14:16:23,37.2200,28,1
2026-05-20,600036,14:16:26,37.2200,65,1
2026-05-20,600036,14:16:29,37.2100,71,2
2026-05-20,600036,14:16:32,37.2100,62,2
2026-05-20,600036,14:16:35,37.2100,83,2
2026-05-20,600036,14:16:38,37.2200,87,1
2026-05-20,600036,14:16:41,37.2100,38,2
2026-05-20,600036,14:16:44,37.2100,16,2
2026-05-20,600036,14:16:47,37.2200,94,1
2026-05-20,600036,14:16:50,37.2200,36,1
2026-05-20,600036,14:16:53,37.2200,11,1
2026-05-20,600036,14:16:56,37.2200,41,1
2026-05-20,600036,14:16:59,37.2200,4,1
2026-05-20,600036,14:17:03,37.2200,16,1
2026-05-20,600036,14:17:05,37.2200,7,1
2026-05-20,600036,14:17:08,37.2200,30,1
2026-05-20,600036,14:17:11,37.2200,645,1
2026-05-20,600036,14:17:14,37.2200,15,1
2026-05-20,600036,14:17:17,37.2100,36,2
2026-05-20,600036,14:17:20,37.2100,20,2
2026-05-20,600036,14:17:23,37.2100,8,2
2026-05-20,600036,14:17:26,37.2100,163,2
2026-05-20,600036,14:17:29,37.2100,93,2
2026-05-20,600036,14:17:32,37.2200,69,1
2026-05-20,600036,14:17:35,37.2200,21,1
2026-05-20,600036,14:17:38,37.2200,44,1
2026-05-20,600036,14:17:41,37.2200,21,1
2026-05-20,600036,14:17:44,37.2200,17,1
2026-05-20,600036,14:17:47,37.2200,56,1
2026-05-20,600036,14:17:50,37.2200,31,1
2026-05-20,600036,14:17:53,37.2200,14,1
2026-05-20,600036,14:17:56,37.2200,28,1
2026-05-20,600036,14:17:59,37.2200,12,1
2026-05-20,600036,14:18:02,37.2200,389,1
2026-05-20,600036,14:18:05,37.2100,75,2
2026-05-20,600036,14:18:08,37.2200,43,1
2026-05-20,600036,14:18:11,37.2100,139,2
2026-05-20,600036,14:18:14,37.2200,12,1
2026-05-20,600036,14:18:17,37.2200,38,1
2026-05-20,600036,14:18:20,37.2200,28,1
2026-05-20,600036,14:18:23,37.2200,22,1
2026-05-20,600036,14:18:26,37.2100,30,2
2026-05-20,600036,14:18:29,37.2200,76,1
2026-05-20,600036,14:18:32,37.2200,23,1
2026-05-20,600036,14:18:35,37.2100,10,2
2026-05-20,600036,14:18:38,37.2200,27,1
2026-05-20,600036,14:18:41,37.2200,17,1
2026-05-20,600036,14:18:44,37.2200,9,1
2026-05-20,600036,14:18:47,37.2200,2,1
2026-05-20,600036,14:18:50,37.2100,71,2
2026-05-20,600036,14:18:53,37.2200,50,1
2026-05-20,600036,14:18:56,37.2100,28,2
2026-05-20,600036,14:18:59,37.2200,3,1
2026-05-20,600036,14:19:02,37.2200,47,1
2026-05-20,600036,14:19:05,37.2200,86,1
2026-05-20,600036,14:19:08,37.2200,18,1
2026-05-20,600036,14:19:11,37.2100,80,2
2026-05-20,600036,14:19:14,37.2100,115,2
2026-05-20,600036,14:19:17,37.2100,100,2
2026-05-20,600036,14:19:20,37.2200,44,1
2026-05-20,600036,14:19:23,37.2200,53,1
2026-05-20,600036,14:19:26,37.2100,43,2
2026-05-20,600036,14:19:29,37.2200,29,1
2026-05-20,600036,14:19:32,37.2100,30,2
2026-05-20,600036,14:19:35,37.2200,9,1
2026-05-20,600036,14:19:38,37.2200,14,1
2026-05-20,600036,14:19:41,37.2100,8,2
2026-05-20,600036,14:19:44,37.2200,10,1
2026-05-20,600036,14:19:47,37.2200,20,1
2026-05-20,600036,14:19:50,37.2200,41,1
2026-05-20,600036,14:19:53,37.2200,8,1
2026-05-20,600036,14:19:56,37.2200,7,1
2026-05-20,600036,14:19:59,37.2200,56,1
2026-05-20,600036,14:20:02,37.2200,101,1
2026-05-20,600036,14:20:05,37.2100,149,2
2026-05-20,600036,14:20:08,37.2100,35,2
2026-05-20,600036,14:20:11,37.2200,1234,1
2026-05-20,600036,14:20:14,37.2000,433,2
2026-05-20,600036,14:20:17,37.2000,97,2
2026-05-20,600036,14:20:20,37.2000,80,2
2026-05-20,600036,14:20:23,37.2100,99,1
2026-05-20,600036,14:20:26,37.2100,73,1
2026-05-20,600036,14:20:29,37.2100,28,1
2026-05-20,600036,14:20:32,37.2000,11,2
2026-05-20,600036,14:20:35,37.2100,5,1
2026-05-20,600036,14:20:38,37.2100,35,1
2026-05-20,600036,14:20:41,37.2100,5,1
2026-05-20,600036,14:20:44,37.2100,42,1
2026-05-20,600036,14:20:48,37.2100,25,1
2026-05-20,600036,14:20:50,37.2100,35,1
2026-05-20,600036,14:20:53,37.2100,65,1
2026-05-20,600036,14:20:56,37.2100,5,1
2026-05-20,600036,14:20:59,37.2100,216,1
2026-05-20,600036,14:21:02,37.2100,84,1
2026-05-20,600036,14:21:05,37.2100,70,1
2026-05-20,600036,14:21:08,37.2000,38,2
2026-05-20,600036,14:21:11,37.2100,40,1
2026-05-20,600036,14:21:14,37.2000,49,2
2026-05-20,600036,14:21:17,37.2100,69,1
2026-05-20,600036,14:21:20,37.2100,4,1
2026-05-20,600036,14:21:23,37.2100,55,1
2026-05-20,600036,14:21:26,37.2100,114,1
2026-05-20,600036,14:21:29,37.2100,107,1
2026-05-20,600036,14:21:32,37.2100,30,1
2026-05-20,600036,14:21:35,37.2100,22,1
2026-05-20,600036,14:21:38,37.2100,48,1
2026-05-20,600036,14:21:41,37.2100,84,1
2026-05-20,600036,14:21:44,37.2100,56,1
2026-05-20,600036,14:21:47,37.2000,356,2
2026-05-20,600036,14:21:50,37.2100,83,1
2026-05-20,600036,14:21:53,37.2100,30,1
2026-05-20,600036,14:21:56,37.2100,74,1
2026-05-20,600036,14:21:59,37.2100,43,1
2026-05-20,600036,14:22:02,37.2100,74,1
2026-05-20,600036,14:22:05,37.2100,34,1
2026-05-20,600036,14:22:08,37.2100,26,1
2026-05-20,600036,14:22:11,37.2100,47,1
2026-05-20,600036,14:22:14,37.2100,55,1
2026-05-20,600036,14:22:17,37.2100,110,1
2026-05-20,600036,14:22:20,37.2100,140,1
2026-05-20,600036,14:22:23,37.2100,12,1
2026-05-20,600036,14:22:27,37.2100,18,1
2026-05-20,600036,14:22:29,37.2100,165,1
2026-05-20,600036,14:22:32,37.2100,57,1
2026-05-20,600036,14:22:35,37.2100,25,1
2026-05-20,600036,14:22:38,37.2100,139,1
2026-05-20,600036,14:22:41,37.2100,177,1
2026-05-20,600036,14:22:44,37.2000,319,2
2026-05-20,600036,14:22:47,37.2100,44,1
2026-05-20,600036,14:22:50,37.2100,71,1
2026-05-20,600036,14:22:53,37.2100,34,1
2026-05-20,600036,14:22:56,37.2100,12,1
2026-05-20,600036,14:22:59,37.2100,38,1
2026-05-20,600036,14:23:02,37.2100,129,1
2026-05-20,600036,14:23:05,37.2100,36,1
2026-05-20,600036,14:23:08,37.2100,136,1
2026-05-20,600036,14:23:11,37.2100,79,1
2026-05-20,600036,14:23:14,37.2100,91,1
2026-05-20,600036,14:23:17,37.2100,16,1
2026-05-20,600036,14:23:20,37.2100,66,1
2026-05-20,600036,14:23:23,37.2100,104,1
2026-05-20,600036,14:23:26,37.2000,7,2
2026-05-20,600036,14:23:29,37.2100,50,1
2026-05-20,600036,14:23:32,37.2100,59,1
2026-05-20,600036,14:23:35,37.2100,47,1
2026-05-20,600036,14:23:38,37.2100,580,1
2026-05-20,600036,14:23:41,37.2100,252,1
2026-05-20,600036,14:23:44,37.2100,782,1
2026-05-20,600036,14:23:47,37.2100,56,1
2026-05-20,600036,14:23:50,37.2000,218,2
2026-05-20,600036,14:23:53,37.2100,84,1
2026-05-20,600036,14:23:56,37.2100,85,1
2026-05-20,600036,14:23:59,37.2100,297,1
2026-05-20,600036,14:24:02,37.2100,307,1
2026-05-20,600036,14:24:05,37.2100,21,1
2026-05-20,600036,14:24:08,37.2100,552,1
2026-05-20,600036,14:24:11,37.2100,77,1
2026-05-20,600036,14:24:14,37.2100,131,1
2026-05-20,600036,14:24:17,37.2100,43,1
2026-05-20,600036,14:24:20,37.2100,97,1
2026-05-20,600036,14:24:23,37.2100,73,1
2026-05-20,600036,14:24:26,37.2000,102,2
2026-05-20,600036,14:24:29,37.2000,168,2
2026-05-20,600036,14:24:32,37.2100,41,1
2026-05-20,600036,14:24:35,37.2100,92,1
2026-05-20,600036,14:24:38,37.2100,107,1
2026-05-20,600036,14:24:41,37.2100,19,1
2026-05-20,600036,14:24:44,37.2100,101,1
2026-05-20,600036,14:24:47,37.2000,208,2
2026-05-20,600036,14:24:50,37.2100,5,1
2026-05-20,600036,14:24:53,37.2100,32,1
2026-05-20,600036,14:24:56,37.2100,95,1
2026-05-20,600036,14:24:59,37.2100,133,1
2026-05-20,600036,14:25:02,37.2000,181,2
2026-05-20,600036,14:25:05,37.2000,99,2
2026-05-20,600036,14:25:08,37.2100,117,1
2026-05-20,600036,14:25:11,37.2000,262,2
2026-05-20,600036,14:25:14,37.2100,46,1
2026-05-20,600036,14:25:17,37.2100,27,1
2026-05-20,600036,14:25:20,37.2000,219,2
2026-05-20,600036,14:25:23,37.2000,116,2
2026-05-20,600036,14:25:26,37.2100,488,1
2026-05-20,600036,14:25:29,37.2100,24,1
2026-05-20,600036,14:25:32,37.2000,9,2
2026-05-20,600036,14:25:35,37.2000,42,2
2026-05-20,600036,14:25:38,37.2100,67,1
2026-05-20,600036,14:25:41,37.2000,20,2
2026-05-20,600036,14:25:44,37.2100,23,1
2026-05-20,600036,14:25:47,37.2100,115,1
2026-05-20,600036,14:25:50,37.2100,67,1
2026-05-20,600036,14:25:53,37.2000,63,2
2026-05-20,600036,14:25:56,37.2100,55,1
2026-05-20,600036,14:26:00,37.2100,38,1
2026-05-20,600036,14:26:02,37.2100,84,1
2026-05-20,600036,14:26:05,37.2100,37,1
2026-05-20,600036,14:26:08,37.2100,38,1
2026-05-20,600036,14:26:11,37.2100,46,1
2026-05-20,600036,14:26:14,37.2100,152,1
2026-05-20,600036,14:26:17,37.2000,115,2
2026-05-20,600036,14:26:20,37.2000,111,2
2026-05-20,600036,14:26:23,37.2000,34,2
2026-05-20,600036,14:26:26,37.2100,51,1
2026-05-20,600036,14:26:29,37.2100,46,1
2026-05-20,600036,14:26:32,37.2100,99,1
2026-05-20,600036,14:26:35,37.2100,64,1
2026-05-20,600036,14:26:38,37.2100,60,1
2026-05-20,600036,14:26:41,37.2100,77,1
2026-05-20,600036,14:26:44,37.2100,31,1
2026-05-20,600036,14:26:47,37.2000,113,2
2026-05-20,600036,14:26:50,37.2100,33,1
2026-05-20,600036,14:26:53,37.2100,76,1
2026-05-20,600036,14:26:57,37.2000,33,2
2026-05-20,600036,14:26:59,37.2000,135,2
2026-05-20,600036,14:27:02,37.2100,217,1
2026-05-20,600036,14:27:05,37.2000,86,2
2026-05-20,600036,14:27:08,37.2000,784,2
2026-05-20,600036,14:27:11,37.2100,182,1
2026-05-20,600036,14:27:14,37.2000,194,2
2026-05-20,600036,14:27:17,37.2100,669,1
2026-05-20,600036,14:27:20,37.2000,18,2
2026-05-20,600036,14:27:23,37.2100,1125,1
2026-05-20,600036,14:27:26,37.2100,157,1
2026-05-20,600036,14:27:29,37.2100,88,1
2026-05-20,600036,14:27:32,37.2100,34,1
2026-05-20,600036,14:27:35,37.2100,28,1
2026-05-20,600036,14:27:38,37.2100,99,1
2026-05-20,600036,14:27:41,37.2000,26,2
2026-05-20,600036,14:27:44,37.2000,68,2
2026-05-20,600036,14:27:47,37.2100,34,1
2026-05-20,600036,14:27:50,37.2100,65,1
2026-05-20,600036,14:27:53,37.2100,35,1
2026-05-20,600036,14:27:56,37.2100,74,1
2026-05-20,600036,14:27:59,37.2100,124,1
2026-05-20,600036,14:28:02,37.2100,81,1
2026-05-20,600036,14:28:05,37.2100,20,1
2026-05-20,600036,14:28:08,37.2100,26,1
2026-05-20,600036,14:28:11,37.2100,6,1
2026-05-20,600036,14:28:14,37.2100,138,1
2026-05-20,600036,14:28:17,37.2000,157,2
2026-05-20,600036,14:28:20,37.2100,16,1
2026-05-20,600036,14:28:23,37.2100,133,1
2026-05-20,600036,14:28:26,37.2100,55,1
2026-05-20,600036,14:28:29,37.2100,51,1
2026-05-20,600036,14:28:32,37.2100,1039,1
2026-05-20,600036,14:28:35,37.2100,448,2
2026-05-20,600036,14:28:38,37.2200,546,1
2026-05-20,600036,14:28:41,37.2200,241,1
2026-05-20,600036,14:28:44,37.2200,53,1
2026-05-20,600036,14:28:47,37.2200,27,1
2026-05-20,600036,14:28:50,37.2100,69,2
2026-05-20,600036,14:28:53,37.2200,67,1
2026-05-20,600036,14:28:56,37.2100,236,2
2026-05-20,600036,14:28:59,37.2000,258,2
2026-05-20,600036,14:29:02,37.2100,162,1
2026-05-20,600036,14:29:05,37.2200,45,1
2026-05-20,600036,14:29:08,37.2100,96,4
2026-05-20,600036,14:29:11,37.2100,249,1
2026-05-20,600036,14:29:14,37.2100,10,2
2026-05-20,600036,14:29:17,37.2200,76,1
2026-05-20,600036,14:29:20,37.2100,124,2
2026-05-20,600036,14:29:23,37.2100,169,1
2026-05-20,600036,14:29:26,37.2100,70,1
2026-05-20,600036,14:29:29,37.2100,262,1
2026-05-20,600036,14:29:32,37.2100,153,1
2026-05-20,600036,14:29:35,37.2100,22,4
2026-05-20,600036,14:29:38,37.2100,20,1
2026-05-20,600036,14:29:41,37.2100,28,4
2026-05-20,600036,14:29:44,37.2100,51,1
2026-05-20,600036,14:29:47,37.2100,40,1
2026-05-20,600036,14:29:50,37.2000,57,2
2026-05-20,600036,14:29:53,37.2100,8,1
2026-05-20,600036,14:29:56,37.2100,46,1
2026-05-20,600036,14:29:59,37.2100,24,1
2026-05-20,600036,14:30:02,37.2100,507,1
2026-05-20,600036,14:30:05,37.2100,91,1
2026-05-20,600036,14:30:08,37.2100,37,1
2026-05-20,600036,14:30:12,37.2100,79,1
2026-05-20,600036,14:30:14,37.2100,15,1
2026-05-20,600036,14:30:17,37.2100,127,1
2026-05-20,600036,14:30:20,37.2100,56,1
2026-05-20,600036,14:30:23,37.2100,113,1
2026-05-20,600036,14:30:26,37.2000,58,2
2026-05-20,600036,14:30:29,37.2100,75,1
2026-05-20,600036,14:30:32,37.2100,1036,1
2026-05-20,600036,14:30:35,37.2000,10,2
2026-05-20,600036,14:30:38,37.2100,97,1
2026-05-20,600036,14:30:41,37.2200,228,1
2026-05-20,600036,14:30:44,37.2100,82,2
2026-05-20,600036,14:30:47,37.2200,276,1
2026-05-20,600036,14:30:50,37.2100,109,2
2026-05-20,600036,14:30:53,37.2100,80,1
2026-05-20,600036,14:30:56,37.2100,95,1
2026-05-20,600036,14:31:00,37.2100,32,1
2026-05-20,600036,14:31:02,37.2100,415,1
2026-05-20,600036,14:31:05,37.2100,30,1
2026-05-20,600036,14:31:08,37.2100,148,1
2026-05-20,600036,14:31:11,37.2100,85,1
2026-05-20,600036,14:31:14,37.2100,94,1
2026-05-20,600036,14:31:17,37.2000,61,2
2026-05-20,600036,14:31:20,37.2100,68,1
2026-05-20,600036,14:31:23,37.2100,100,1
2026-05-20,600036,14:31:26,37.2100,118,1
2026-05-20,600036,14:31:29,37.2100,50,1
2026-05-20,600036,14:31:32,37.2100,165,1
2026-05-20,600036,14:31:35,37.2100,59,1
2026-05-20,600036,14:31:38,37.2100,78,1
2026-05-20,600036,14:31:41,37.2100,86,1
2026-05-20,600036,14:31:44,37.2100,36,1
2026-05-20,600036,14:31:47,37.2000,38,2
2026-05-20,600036,14:31:50,37.2000,32,2
2026-05-20,600036,14:31:53,37.2100,70,1
2026-05-20,600036,14:31:56,37.2100,168,1
2026-05-20,600036,14:31:59,37.2100,115,1
2026-05-20,600036,14:32:02,37.2000,137,2
2026-05-20,600036,14:32:05,37.2100,62,1
2026-05-20,600036,14:32:08,37.2100,46,1
2026-05-20,600036,14:32:11,37.2100,62,1
2026-05-20,600036,14:32:14,37.2000,149,2
2026-05-20,600036,14:32:17,37.2000,2124,2
2026-05-20,600036,14:32:20,37.2000,212,2
2026-05-20,600036,14:32:23,37.2100,96,1
2026-05-20,600036,14:32:26,37.2000,54,2
2026-05-20,600036,14:32:29,37.2100,28,1
2026-05-20,600036,14:32:32,37.2000,254,2
2026-05-20,600036,14:32:35,37.2100,565,1
2026-05-20,600036,14:32:38,37.2100,96,1
2026-05-20,600036,14:32:41,37.2000,40,2
2026-05-20,600036,14:32:44,37.2100,25,1
2026-05-20,600036,14:32:47,37.2000,56,2
2026-05-20,600036,14:32:50,37.2000,62,2
2026-05-20,600036,14:32:53,37.2100,39,1
2026-05-20,600036,14:32:56,37.2100,41,1
2026-05-20,600036,14:33:00,37.2100,51,1
2026-05-20,600036,14:33:02,37.2100,177,1
2026-05-20,600036,14:33:05,37.2100,36,1
2026-05-20,600036,14:33:08,37.2100,59,1
2026-05-20,600036,14:33:11,37.2100,37,1
2026-05-20,600036,14:33:14,37.2000,64,2
2026-05-20,600036,14:33:17,37.2100,60,1
2026-05-20,600036,14:33:20,37.2000,215,2
2026-05-20,600036,14:33:23,37.2100,187,1
2026-05-20,600036,14:33:26,37.2100,101,1
2026-05-20,600036,14:33:29,37.2100,119,1
2026-05-20,600036,14:33:32,37.2000,129,2
2026-05-20,600036,14:33:35,37.2100,91,1
2026-05-20,600036,14:33:38,37.2100,110,1
2026-05-20,600036,14:33:41,37.2000,113,2
2026-05-20,600036,14:33:44,37.2000,10,2
2026-05-20,600036,14:33:47,37.2100,37,1
2026-05-20,600036,14:33:50,37.2000,143,2
2026-05-20,600036,14:33:53,37.2000,209,2
2026-05-20,600036,14:33:57,37.2000,118,2
2026-05-20,600036,14:33:59,37.2000,123,2
2026-05-20,600036,14:34:02,37.2100,44,1
2026-05-20,600036,14:34:05,37.2000,393,2
2026-05-20,600036,14:34:08,37.2100,93,1
2026-05-20,600036,14:34:11,37.2100,320,1
2026-05-20,600036,14:34:14,37.2100,96,1
2026-05-20,600036,14:34:17,37.2100,362,1
2026-05-20,600036,14:34:20,37.2000,176,2
2026-05-20,600036,14:34:23,37.2000,349,2
2026-05-20,600036,14:34:27,37.2000,137,2
2026-05-20,600036,14:34:29,37.2100,291,1
2026-05-20,600036,14:34:32,37.2100,36,1
2026-05-20,600036,14:34:35,37.2000,30,2
2026-05-20,600036,14:34:38,37.2100,94,1
2026-05-20,600036,14:34:41,37.2000,5910,2
2026-05-20,600036,14:34:44,37.2000,177,2
2026-05-20,600036,14:34:47,37.2000,76,1
2026-05-20,600036,14:34:50,37.2000,46,1
2026-05-20,600036,14:34:53,37.2000,473,1
2026-05-20,600036,14:34:56,37.2000,42,1
2026-05-20,600036,14:34:59,37.2000,32,1
2026-05-20,600036,14:35:02,37.2000,48,1
2026-05-20,600036,14:35:05,37.2000,356,1
2026-05-20,600036,14:35:09,37.2000,405,1
2026-05-20,600036,14:35:11,37.2000,511,1
2026-05-20,600036,14:35:14,37.2000,399,2
2026-05-20,600036,14:35:17,37.2000,244,1
2026-05-20,600036,14:35:20,37.2100,117,1
2026-05-20,600036,14:35:23,37.2100,136,1
2026-05-20,600036,14:35:26,37.2100,119,1
2026-05-20,600036,14:35:29,37.1900,94,2
2026-05-20,600036,14:35:32,37.2000,71,1
2026-05-20,600036,14:35:35,37.2000,209,1
2026-05-20,600036,14:35:38,37.2000,37,2
2026-05-20,600036,14:35:41,37.2000,63,1
2026-05-20,600036,14:35:44,37.2000,170,1
2026-05-20,600036,14:35:47,37.2000,95,2
2026-05-20,600036,14:35:50,37.2100,28,1
2026-05-20,600036,14:35:53,37.2100,128,1
2026-05-20,600036,14:35:56,37.2000,129,2
2026-05-20,600036,14:35:59,37.2000,8,2
2026-05-20,600036,14:36:02,37.2000,305,2
2026-05-20,600036,14:36:05,37.2000,103,2
2026-05-20,600036,14:36:08,37.2000,7,1
2026-05-20,600036,14:36:11,37.2000,713,1
2026-05-20,600036,14:36:14,37.2000,35,2
2026-05-20,600036,14:36:17,37.2000,46,2
2026-05-20,600036,14:36:20,37.2000,314,2
2026-05-20,600036,14:36:23,37.2000,29,2
2026-05-20,600036,14:36:26,37.2000,152,2
2026-05-20,600036,14:36:29,37.2100,105,1
2026-05-20,600036,14:36:32,37.2100,32,1
2026-05-20,600036,14:36:35,37.2000,33,2
2026-05-20,600036,14:36:38,37.2000,56,2
2026-05-20,600036,14:36:42,37.2000,70,2
2026-05-20,600036,14:36:44,37.2000,19,2
2026-05-20,600036,14:36:47,37.2100,321,1
2026-05-20,600036,14:36:50,37.2100,18,1
2026-05-20,600036,14:36:53,37.2100,74,1
2026-05-20,600036,14:36:56,37.2000,66,2
2026-05-20,600036,14:36:59,37.2000,113,2
2026-05-20,600036,14:37:02,37.2100,48,1
2026-05-20,600036,14:37:05,37.2000,240,2
2026-05-20,600036,14:37:08,37.2100,231,1
2026-05-20,600036,14:37:11,37.2000,14,2
2026-05-20,600036,14:37:14,37.2000,7,2
2026-05-20,600036,14:37:17,37.2100,16,1
2026-05-20,600036,14:37:20,37.2100,87,1
2026-05-20,600036,14:37:23,37.2100,84,1
2026-05-20,600036,14:37:26,37.2000,23,2
2026-05-20,600036,14:37:29,37.2100,94,1
2026-05-20,600036,14:37:32,37.2000,50,2
2026-05-20,600036,14:37:35,37.2100,35,1
2026-05-20,600036,14:37:38,37.2100,26,1
2026-05-20,600036,14:37:41,37.2100,83,1
2026-05-20,600036,14:37:44,37.2100,99,1
2026-05-20,600036,14:37:47,37.2100,98,1
2026-05-20,600036,14:37:50,37.2000,15,2
2026-05-20,600036,14:37:53,37.2100,528,1
2026-05-20,600036,14:37:56,37.2000,331,2
2026-05-20,600036,14:37:59,37.2000,63,2
2026-05-20,600036,14:38:02,37.2100,105,1
2026-05-20,600036,14:38:05,37.2000,48,2
2026-05-20,600036,14:38:08,37.2000,95,2
2026-05-20,600036,14:38:11,37.2000,59,2
2026-05-20,600036,14:38:14,37.2000,1228,2
2026-05-20,600036,14:38:17,37.2000,216,1
2026-05-20,600036,14:38:20,37.2000,91,1
2026-05-20,600036,14:38:23,37.1900,82,2
2026-05-20,600036,14:38:26,37.2000,125,1
2026-05-20,600036,14:38:29,37.2000,95,1
2026-05-20,600036,14:38:32,37.2000,129,1
2026-05-20,600036,14:38:35,37.2000,130,1
2026-05-20,600036,14:38:38,37.2000,69,1
2026-05-20,600036,14:38:41,37.2000,15,1
2026-05-20,600036,14:38:44,37.2000,18,1
2026-05-20,600036,14:38:47,37.2000,70,1
2026-05-20,600036,14:38:50,37.2000,54,1
2026-05-20,600036,14:38:53,37.1900,109,2
2026-05-20,600036,14:38:56,37.2000,160,1
2026-05-20,600036,14:38:59,37.2000,169,1
2026-05-20,600036,14:39:02,37.2000,23,1
2026-05-20,600036,14:39:05,37.1900,308,2
2026-05-20,600036,14:39:08,37.2000,233,1
2026-05-20,600036,14:39:11,37.2000,582,1
2026-05-20,600036,14:39:14,37.2000,104,1
2026-05-20,600036,14:39:17,37.2000,63,1
2026-05-20,600036,14:39:20,37.2000,41,1
2026-05-20,600036,14:39:23,37.2000,95,1
2026-05-20,600036,14:39:26,37.2000,53,1
2026-05-20,600036,14:39:29,37.2000,83,1
2026-05-20,600036,14:39:32,37.1900,96,2
2026-05-20,600036,14:39:35,37.1900,74,2
2026-05-20,600036,14:39:38,37.2000,32,1
2026-05-20,600036,14:39:41,37.1900,20,2
2026-05-20,600036,14:39:44,37.2000,44,1
2026-05-20,600036,14:39:47,37.1900,167,2
2026-05-20,600036,14:39:50,37.1900,239,2
2026-05-20,600036,14:39:53,37.2000,11,1
2026-05-20,600036,14:39:56,37.1900,83,2
2026-05-20,600036,14:39:59,37.2000,174,1
2026-05-20,600036,14:40:02,37.1900,77,2
2026-05-20,600036,14:40:05,37.1900,58,2
2026-05-20,600036,14:40:08,37.1900,140,2
2026-05-20,600036,14:40:11,37.2000,79,1
2026-05-20,600036,14:40:14,37.1900,128,2
2026-05-20,600036,14:40:17,37.1900,63,2
2026-05-20,600036,14:40:20,37.2000,197,1
2026-05-20,600036,14:40:23,37.1900,294,2
2026-05-20,600036,14:40:26,37.2000,239,1
2026-05-20,600036,14:40:29,37.2000,469,1
2026-05-20,600036,14:40:32,37.1900,144,2
2026-05-20,600036,14:40:35,37.2000,75,1
2026-05-20,600036,14:40:38,37.2000,59,1
2026-05-20,600036,14:40:42,37.2000,14,1
2026-05-20,600036,14:40:44,37.1900,133,2
2026-05-20,600036,14:40:47,37.1900,33,2
2026-05-20,600036,14:40:50,37.1900,310,2
2026-05-20,600036,14:40:53,37.2000,311,1
2026-05-20,600036,14:40:56,37.2000,60,1
2026-05-20,600036,14:40:59,37.2000,128,1
2026-05-20,600036,14:41:02,37.2000,90,1
2026-05-20,600036,14:41:05,37.2000,10,1
2026-05-20,600036,14:41:08,37.1900,88,2
2026-05-20,600036,14:41:11,37.2000,26,1
2026-05-20,600036,14:41:14,37.2000,70,1
2026-05-20,600036,14:41:17,37.2000,294,1
2026-05-20,600036,14:41:20,37.1900,102,2
2026-05-20,600036,14:41:23,37.1900,67,2
2026-05-20,600036,14:41:26,37.2000,24,1
2026-05-20,600036,14:41:29,37.1900,45,2
2026-05-20,600036,14:41:32,37.1900,244,2
2026-05-20,600036,14:41:35,37.2000,75,1
2026-05-20,600036,14:41:38,37.2000,494,1
2026-05-20,600036,14:41:41,37.1900,335,2
2026-05-20,600036,14:41:44,37.2000,165,1
2026-05-20,600036,14:41:47,37.2000,190,1
2026-05-20,600036,14:41:50,37.2000,1,1
2026-05-20,600036,14:41:53,37.2000,55,1
2026-05-20,600036,14:41:56,37.2000,70,1
2026-05-20,600036,14:41:59,37.2000,58,1
2026-05-20,600036,14:42:02,37.2000,398,1
2026-05-20,600036,14:42:05,37.2000,191,1
2026-05-20,600036,14:42:08,37.2000,52,1
2026-05-20,600036,14:42:11,37.2000,129,1
2026-05-20,600036,14:42:14,37.1900,264,2
2026-05-20,600036,14:42:17,37.2000,241,1
2026-05-20,600036,14:42:20,37.1900,71,2
2026-05-20,600036,14:42:23,37.1900,126,2
2026-05-20,600036,14:42:26,37.2000,101,1
2026-05-20,600036,14:42:29,37.2000,101,1
2026-05-20,600036,14:42:32,37.1900,42,2
2026-05-20,600036,14:42:35,37.1900,131,2
2026-05-20,600036,14:42:38,37.1900,133,2
2026-05-20,600036,14:42:41,37.1900,213,2
2026-05-20,600036,14:42:44,37.1900,156,2
2026-05-20,600036,14:42:47,37.2000,153,1
2026-05-20,600036,14:42:50,37.1900,45,2
2026-05-20,600036,14:42:53,37.2000,98,1
2026-05-20,600036,14:42:56,37.2000,76,1
2026-05-20,600036,14:42:59,37.2000,65,1
2026-05-20,600036,14:43:02,37.1900,310,2
2026-05-20,600036,14:43:05,37.1900,169,2
2026-05-20,600036,14:43:08,37.2000,11,1
2026-05-20,600036,14:43:11,37.2000,55,1
2026-05-20,600036,14:43:14,37.2000,42,1
2026-05-20,600036,14:43:17,37.2000,312,1
2026-05-20,600036,14:43:20,37.2000,109,1
2026-05-20,600036,14:43:23,37.1900,292,2
2026-05-20,600036,14:43:26,37.2000,160,1
2026-05-20,600036,14:43:29,37.2000,33,1
2026-05-20,600036,14:43:32,37.2000,1619,1
2026-05-20,600036,14:43:35,37.2000,1500,1
2026-05-20,600036,14:43:38,37.1900,422,2
2026-05-20,600036,14:43:41,37.1900,171,2
2026-05-20,600036,14:43:44,37.1900,106,2
2026-05-20,600036,14:43:47,37.1900,78,2
2026-05-20,600036,14:43:50,37.1900,248,2
2026-05-20,600036,14:43:53,37.1800,604,2
2026-05-20,600036,14:43:56,37.1900,169,1
2026-05-20,600036,14:43:59,37.1900,125,1
2026-05-20,600036,14:44:02,37.1900,77,1
2026-05-20,600036,14:44:05,37.1800,170,2
2026-05-20,600036,14:44:08,37.1900,145,1
2026-05-20,600036,14:44:11,37.1900,288,1
2026-05-20,600036,14:44:14,37.1900,36,1
2026-05-20,600036,14:44:17,37.1800,7,2
2026-05-20,600036,14:44:20,37.1800,140,2
2026-05-20,600036,14:44:23,37.1900,4,1
2026-05-20,600036,14:44:26,37.1900,2604,1
2026-05-20,600036,14:44:29,37.1800,122,2
2026-05-20,600036,14:44:32,37.1800,115,2
2026-05-20,600036,14:44:35,37.1800,464,2
2026-05-20,600036,14:44:38,37.1900,95,1
2026-05-20,600036,14:44:41,37.1900,99,1
2026-05-20,600036,14:44:44,37.1900,149,1
2026-05-20,600036,14:44:47,37.1900,17,1
2026-05-20,600036,14:44:50,37.1900,335,1
2026-05-20,600036,14:44:53,37.1900,102,1
2026-05-20,600036,14:44:56,37.1900,197,1
2026-05-20,600036,14:44:59,37.1800,379,2
2026-05-20,600036,14:45:02,37.1800,63,2
2026-05-20,600036,14:45:05,37.1800,331,2
2026-05-20,600036,14:45:08,37.1800,147,2
2026-05-20,600036,14:45:11,37.1900,89,1
2026-05-20,600036,14:45:14,37.1900,34,1
2026-05-20,600036,14:45:17,37.1900,47,1
2026-05-20,600036,14:45:20,37.1900,25,1
2026-05-20,600036,14:45:23,37.1900,141,1
2026-05-20,600036,14:45:26,37.1900,36,1
2026-05-20,600036,14:45:29,37.1800,213,2
2026-05-20,600036,14:45:32,37.1800,67,2
2026-05-20,600036,14:45:35,37.1900,43,1
2026-05-20,600036,14:45:38,37.1900,115,1
2026-05-20,600036,14:45:41,37.1800,66,2
2026-05-20,600036,14:45:44,37.1900,26,1
2026-05-20,600036,14:45:47,37.1900,158,1
2026-05-20,600036,14:45:50,37.1900,38,1
2026-05-20,600036,14:45:53,37.1900,287,1
2026-05-20,600036,14:45:56,37.1900,1111,1
2026-05-20,600036,14:45:59,37.1900,120,1
2026-05-20,600036,14:46:02,37.1900,79,1
2026-05-20,600036,14:46:05,37.1900,250,1
2026-05-20,600036,14:46:08,37.1900,346,1
2026-05-20,600036,14:46:11,37.1900,204,1
2026-05-20,600036,14:46:14,37.1900,132,1
2026-05-20,600036,14:46:17,37.1900,75,1
2026-05-20,600036,14:46:20,37.1900,31,1
2026-05-20,600036,14:46:23,37.1900,417,1
2026-05-20,600036,14:46:26,37.1900,50,1
2026-05-20,600036,14:46:29,37.1900,114,1
2026-05-20,600036,14:46:32,37.1900,80,1
2026-05-20,600036,14:46:35,37.1900,243,1
2026-05-20,600036,14:46:38,37.1900,301,1
2026-05-20,600036,14:46:41,37.1900,73,1
2026-05-20,600036,14:46:44,37.1900,207,1
2026-05-20,600036,14:46:47,37.1900,171,1
2026-05-20,600036,14:46:50,37.1900,406,1
2026-05-20,600036,14:46:53,37.1800,222,2
2026-05-20,600036,14:46:56,37.1900,83,1
2026-05-20,600036,14:46:59,37.1900,140,1
2026-05-20,600036,14:47:02,37.1800,257,2
2026-05-20,600036,14:47:05,37.1900,105,1
2026-05-20,600036,14:47:08,37.1900,320,1
2026-05-20,600036,14:47:11,37.1900,127,1
2026-05-20,600036,14:47:14,37.1900,78,1
2026-05-20,600036,14:47:17,37.1900,184,1
2026-05-20,600036,14:47:20,37.1900,79,1
2026-05-20,600036,14:47:23,37.1900,155,1
2026-05-20,600036,14:47:26,37.1800,154,2
2026-05-20,600036,14:47:29,37.1900,165,1
2026-05-20,600036,14:47:32,37.1900,68,1
2026-05-20,600036,14:47:35,37.1900,38,1
2026-05-20,600036,14:47:38,37.1900,351,1
2026-05-20,600036,14:47:41,37.1900,354,1
2026-05-20,600036,14:47:44,37.1900,327,1
2026-05-20,600036,14:47:47,37.1900,115,1
2026-05-20,600036,14:47:50,37.1800,66,2
2026-05-20,600036,14:47:53,37.1900,159,1
2026-05-20,600036,14:47:56,37.1900,58,1
2026-05-20,600036,14:47:59,37.1800,380,2
2026-05-20,600036,14:48:02,37.1800,49,2
2026-05-20,600036,14:48:05,37.1900,59,1
2026-05-20,600036,14:48:08,37.1800,296,2
2026-05-20,600036,14:48:11,37.1900,46,1
2026-05-20,600036,14:48:14,37.1800,96,2
2026-05-20,600036,14:48:17,37.1900,77,1
2026-05-20,600036,14:48:20,37.1900,144,1
2026-05-20,600036,14:48:23,37.1900,66,1
2026-05-20,600036,14:48:26,37.1900,286,1
2026-05-20,600036,14:48:29,37.1900,213,1
2026-05-20,600036,14:48:32,37.1900,63,1
2026-05-20,600036,14:48:35,37.1800,232,2
2026-05-20,600036,14:48:38,37.1900,101,1
2026-05-20,600036,14:48:41,37.1900,74,1
2026-05-20,600036,14:48:44,37.1900,108,1
2026-05-20,600036,14:48:47,37.1800,162,2
2026-05-20,600036,14:48:50,37.1800,83,2
2026-05-20,600036,14:48:53,37.1800,147,2
2026-05-20,600036,14:48:56,37.1900,123,1
2026-05-20,600036,14:48:59,37.1900,109,1
2026-05-20,600036,14:49:02,37.1900,1839,1
2026-05-20,600036,14:49:05,37.1800,559,2
2026-05-20,600036,14:49:08,37.1900,93,1
2026-05-20,600036,14:49:11,37.1800,253,2
2026-05-20,600036,14:49:14,37.1900,845,1
2026-05-20,600036,14:49:17,37.1800,141,2
2026-05-20,600036,14:49:20,37.1900,75,1
2026-05-20,600036,14:49:23,37.1900,120,1
2026-05-20,600036,14:49:26,37.1900,419,1
2026-05-20,600036,14:49:29,37.1900,994,1
2026-05-20,600036,14:49:32,37.1900,47,1
2026-05-20,600036,14:49:35,37.1900,120,1
2026-05-20,600036,14:49:38,37.1900,36,1
2026-05-20,600036,14:49:41,37.1900,374,1
2026-05-20,600036,14:49:44,37.1900,96,1
2026-05-20,600036,14:49:47,37.1800,251,2
2026-05-20,600036,14:49:50,37.1800,371,2
2026-05-20,600036,14:49:53,37.1900,92,1
2026-05-20,600036,14:49:56,37.1900,49,1
2026-05-20,600036,14:49:59,37.1900,33,1
2026-05-20,600036,14:50:02,37.1900,1118,1
2026-05-20,600036,14:50:05,37.1800,2020,2
2026-05-20,600036,14:50:08,37.1800,774,1
2026-05-20,600036,14:50:11,37.1800,545,1
2026-05-20,600036,14:50:14,37.1800,137,1
2026-05-20,600036,14:50:17,37.1800,174,1
2026-05-20,600036,14:50:20,37.1800,40,1
2026-05-20,600036,14:50:23,37.1800,67,1
2026-05-20,600036,14:50:26,37.1700,498,2
2026-05-20,600036,14:50:29,37.1800,963,1
2026-05-20,600036,14:50:32,37.1800,251,1
2026-05-20,600036,14:50:35,37.1800,190,1
2026-05-20,600036,14:50:38,37.1800,136,1
2026-05-20,600036,14:50:41,37.1800,83,1
2026-05-20,600036,14:50:44,37.1800,606,1
2026-05-20,600036,14:50:47,37.1700,227,2
2026-05-20,600036,14:50:50,37.1800,27,1
2026-05-20,600036,14:50:53,37.1800,532,1
2026-05-20,600036,14:50:57,37.1800,3,1
2026-05-20,600036,14:50:59,37.1800,109,1
2026-05-20,600036,14:51:02,37.1800,700,1
2026-05-20,600036,14:51:05,37.1800,281,1
2026-05-20,600036,14:51:08,37.1800,293,1
2026-05-20,600036,14:51:11,37.1700,73,2
2026-05-20,600036,14:51:14,37.1800,285,1
2026-05-20,600036,14:51:17,37.1800,35,1
2026-05-20,600036,14:51:20,37.1800,80,1
2026-05-20,600036,14:51:23,37.1800,55,1
2026-05-20,600036,14:51:26,37.1800,76,1
2026-05-20,600036,14:51:29,37.1800,178,1
2026-05-20,600036,14:51:32,37.1800,164,1
2026-05-20,600036,14:51:35,37.1800,53,1
2026-05-20,600036,14:51:38,37.1800,111,1
2026-05-20,600036,14:51:41,37.1800,141,1
2026-05-20,600036,14:51:44,37.1800,143,1
2026-05-20,600036,14:51:47,37.1800,121,1
2026-05-20,600036,14:51:50,37.1800,35,1
2026-05-20,600036,14:51:53,37.1800,136,1
2026-05-20,600036,14:51:56,37.1800,105,1
2026-05-20,600036,14:52:00,37.1700,84,2
2026-05-20,600036,14:52:02,37.1800,241,1
2026-05-20,600036,14:52:05,37.1800,1918,1
2026-05-20,600036,14:52:08,37.1800,235,2
2026-05-20,600036,14:52:11,37.1800,217,1
2026-05-20,600036,14:52:14,37.1800,133,1
2026-05-20,600036,14:52:17,37.1800,167,1
2026-05-20,600036,14:52:20,37.1800,31,1
2026-05-20,600036,14:52:23,37.1800,199,1
2026-05-20,600036,14:52:26,37.1800,64,1
2026-05-20,600036,14:52:29,37.1800,56,1
2026-05-20,600036,14:52:32,37.1800,233,1
2026-05-20,600036,14:52:35,37.1900,91,1
2026-05-20,600036,14:52:38,37.1900,23,1
2026-05-20,600036,14:52:41,37.1900,39,1
2026-05-20,600036,14:52:44,37.1900,624,1
2026-05-20,600036,14:52:47,37.1900,217,1
2026-05-20,600036,14:52:50,37.1900,139,1
2026-05-20,600036,14:52:53,37.1900,93,1
2026-05-20,600036,14:52:56,37.1900,743,1
2026-05-20,600036,14:52:59,37.1800,347,2
2026-05-20,600036,14:53:02,37.1800,125,2
2026-05-20,600036,14:53:05,37.1800,524,2
2026-05-20,600036,14:53:08,37.1900,125,1
2026-05-20,600036,14:53:11,37.1800,16,2
2026-05-20,600036,14:53:14,37.1900,50,1
2026-05-20,600036,14:53:17,37.1800,165,2
2026-05-20,600036,14:53:20,37.1800,55,2
2026-05-20,600036,14:53:23,37.1800,91,2
2026-05-20,600036,14:53:26,37.1800,79,2
2026-05-20,600036,14:53:29,37.1900,26,1
2026-05-20,600036,14:53:32,37.1800,332,2
2026-05-20,600036,14:53:35,37.1800,25,2
2026-05-20,600036,14:53:38,37.1900,95,1
2026-05-20,600036,14:53:41,37.1800,356,2
2026-05-20,600036,14:53:44,37.1800,99,2
2026-05-20,600036,14:53:47,37.1800,263,2
2026-05-20,600036,14:53:50,37.1800,47,2
2026-05-20,600036,14:53:53,37.1900,47,1
2026-05-20,600036,14:53:56,37.1900,64,1
2026-05-20,600036,14:53:59,37.1900,44,1
2026-05-20,600036,14:54:02,37.1900,39,1
2026-05-20,600036,14:54:05,37.1900,267,1
2026-05-20,600036,14:54:08,37.1900,70,1
2026-05-20,600036,14:54:11,37.1900,131,1
2026-05-20,600036,14:54:14,37.1900,101,1
2026-05-20,600036,14:54:17,37.1900,131,1
2026-05-20,600036,14:54:20,37.1900,73,1
2026-05-20,600036,14:54:23,37.1800,1216,2
2026-05-20,600036,14:54:26,37.1900,252,1
2026-05-20,600036,14:54:29,37.1800,65,2
2026-05-20,600036,14:54:32,37.1900,399,1
2026-05-20,600036,14:54:35,37.1900,72,1
2026-05-20,600036,14:54:38,37.1900,211,1
2026-05-20,600036,14:54:41,37.1900,95,1
2026-05-20,600036,14:54:44,37.1900,85,1
2026-05-20,600036,14:54:47,37.1800,363,2
2026-05-20,600036,14:54:50,37.1900,263,1
2026-05-20,600036,14:54:53,37.1800,471,2
2026-05-20,600036,14:54:56,37.1800,372,2
2026-05-20,600036,14:54:59,37.1800,124,2
2026-05-20,600036,14:55:02,37.1800,212,2
2026-05-20,600036,14:55:05,37.1800,183,2
2026-05-20,600036,14:55:08,37.1900,20,1
2026-05-20,600036,14:55:11,37.1800,80,2
2026-05-20,600036,14:55:14,37.1900,40,1
2026-05-20,600036,14:55:17,37.1800,46,2
2026-05-20,600036,14:55:20,37.1800,34,2
2026-05-20,600036,14:55:23,37.1900,23,1
2026-05-20,600036,14:55:26,37.1800,92,2
2026-05-20,600036,14:55:29,37.1900,85,1
2026-05-20,600036,14:55:33,37.1800,68,2
2026-05-20,600036,14:55:35,37.1800,284,2
2026-05-20,600036,14:55:38,37.1800,697,2
2026-05-20,600036,14:55:41,37.1800,77,2
2026-05-20,600036,14:55:44,37.1800,322,2
2026-05-20,600036,14:55:47,37.1800,53,2
2026-05-20,600036,14:55:50,37.1800,257,2
2026-05-20,600036,14:55:53,37.1700,228,2
2026-05-20,600036,14:55:56,37.1800,71,1
2026-05-20,600036,14:55:59,37.1800,113,1
2026-05-20,600036,14:56:02,37.1700,335,2
2026-05-20,600036,14:56:05,37.1700,183,2
2026-05-20,600036,14:56:08,37.1800,199,1
2026-05-20,600036,14:56:11,37.1800,154,1
2026-05-20,600036,14:56:14,37.1800,92,1
2026-05-20,600036,14:56:17,37.1700,223,2
2026-05-20,600036,14:56:20,37.1800,159,1
2026-05-20,600036,14:56:23,37.1800,111,1
2026-05-20,600036,14:56:26,37.1800,76,1
2026-05-20,600036,14:56:29,37.1800,456,2
2026-05-20,600036,14:56:32,37.1700,107,2
2026-05-20,600036,14:56:35,37.1700,218,2
2026-05-20,600036,14:56:38,37.1700,156,2
2026-05-20,600036,14:56:41,37.1700,88,2
2026-05-20,600036,14:56:44,37.1800,88,1
2026-05-20,600036,14:56:47,37.1800,219,1
2026-05-20,600036,14:56:50,37.1800,142,1
2026-05-20,600036,14:56:53,37.1900,226,1
2026-05-20,600036,14:56:56,37.1800,25,2
2026-05-20,600036,14:56:59,37.1900,35,1
2026-05-20,600036,14:57:02,37.1900,1,1
2026-05-20,600036,15:00:03,37.1700,15205,4
2026-05-20,600036,13:16:56,37.2300,58,1
2026-05-20,600036,13:16:59,37.2300,20,1
2026-05-20,600036,13:17:02,37.2300,52,1
2026-05-20,600036,13:17:05,37.2300,80,1
2026-05-20,600036,13:17:08,37.2300,87,1
2026-05-20,600036,13:17:11,37.2300,748,1
2026-05-20,600036,13:17:17,37.2300,609,2
2026-05-20,600036,13:17:20,37.2300,92,1
2026-05-20,600036,13:17:23,37.2300,216,2
2026-05-20,600036,13:17:26,37.2300,111,1
2026-05-20,600036,13:17:29,37.2300,88,2
2026-05-20,600036,13:17:32,37.2400,114,1
2026-05-20,600036,13:17:35,37.2400,2,1
2026-05-20,600036,13:17:38,37.2400,5,1
2026-05-20,600036,13:17:41,37.2400,60,1
2026-05-20,600036,13:17:44,37.2300,52,2
2026-05-20,600036,13:17:47,37.2300,42,2
2026-05-20,600036,13:17:50,37.2300,25,2
2026-05-20,600036,13:17:53,37.2300,88,2
2026-05-20,600036,13:17:56,37.2300,20,2
2026-05-20,600036,13:17:59,37.2400,122,1
2026-05-20,600036,13:18:02,37.2400,11,1
2026-05-20,600036,13:18:05,37.2400,22,1
2026-05-20,600036,13:18:08,37.2400,98,1
2026-05-20,600036,13:18:11,37.2400,78,1
2026-05-20,600036,13:18:14,37.2400,65,1
2026-05-20,600036,13:18:17,37.2400,25,1
2026-05-20,600036,13:18:20,37.2400,75,1
2026-05-20,600036,13:18:23,37.2400,83,1
2026-05-20,600036,13:18:26,37.2400,66,1
2026-05-20,600036,13:18:29,37.2300,112,2
2026-05-20,600036,13:18:32,37.2300,27,2
2026-05-20,600036,13:18:35,37.2300,94,2
2026-05-20,600036,13:18:38,37.2300,865,2
2026-05-20,600036,13:18:41,37.2300,873,2
2026-05-20,600036,13:18:44,37.2200,105,2
2026-05-20,600036,13:18:47,37.2200,45,2
2026-05-20,600036,13:18:50,37.2200,36,2
2026-05-20,600036,13:18:53,37.2200,12,2
2026-05-20,600036,13:18:56,37.2200,262,2
2026-05-20,600036,13:18:59,37.2200,11,2
2026-05-20,600036,13:19:02,37.2200,414,2
2026-05-20,600036,13:19:05,37.2200,126,2
2026-05-20,600036,13:19:08,37.2200,173,2
2026-05-20,600036,13:19:11,37.2200,23,2
2026-05-20,600036,13:19:14,37.2200,21,2
2026-05-20,600036,13:19:17,37.2200,35,2
2026-05-20,600036,13:19:20,37.2200,70,2
2026-05-20,600036,13:19:23,37.2200,11,2
2026-05-20,600036,13:19:26,37.2300,29,1
2026-05-20,600036,13:19:29,37.2300,9,1
2026-05-20,600036,13:19:32,37.2300,16,1
2026-05-20,600036,13:19:35,37.2300,189,1
2026-05-20,600036,13:19:38,37.2200,147,2
2026-05-20,600036,13:19:41,37.2200,29,2
2026-05-20,600036,13:19:44,37.2300,78,1
2026-05-20,600036,13:19:47,37.2300,26,1
2026-05-20,600036,13:19:50,37.2200,35,2
2026-05-20,600036,13:19:53,37.2300,26,1
2026-05-20,600036,13:19:56,37.2200,124,2
2026-05-20,600036,13:19:59,37.2300,116,1
2026-05-20,600036,13:20:02,37.2300,53,1
2026-05-20,600036,13:20:05,37.2200,24,2
2026-05-20,600036,13:20:08,37.2200,95,2
2026-05-20,600036,13:20:11,37.2100,1969,2
2026-05-20,600036,13:20:14,37.2200,62,1
2026-05-20,600036,13:20:17,37.2100,183,2
2026-05-20,600036,13:20:20,37.2200,17,1
2026-05-20,600036,13:20:23,37.2200,6,1
2026-05-20,600036,13:20:26,37.2200,89,1
2026-05-20,600036,13:20:29,37.2100,245,2
2026-05-20,600036,13:20:32,37.2100,1131,2
2026-05-20,600036,13:20:35,37.2200,86,1
2026-05-20,600036,13:20:38,37.2100,77,2
2026-05-20,600036,13:20:41,37.2100,93,2
2026-05-20,600036,13:20:44,37.2100,200,2
2026-05-20,600036,13:20:47,37.2100,65,2
2026-05-20,600036,13:20:50,37.2200,18,1
2026-05-20,600036,13:20:53,37.2100,59,2
2026-05-20,600036,13:20:56,37.2100,5787,2
2026-05-20,600036,13:20:59,37.2200,254,1
2026-05-20,600036,13:21:02,37.2100,471,2
2026-05-20,600036,13:21:05,37.2100,88,2
2026-05-20,600036,13:21:08,37.2100,63,2
2026-05-20,600036,13:21:11,37.2100,371,2
2026-05-20,600036,13:21:14,37.2000,59,2
2026-05-20,600036,13:21:17,37.2100,623,1
2026-05-20,600036,13:21:20,37.2100,74,1
2026-05-20,600036,13:21:23,37.2100,99,1
2026-05-20,600036,13:21:26,37.2000,82,2
2026-05-20,600036,13:21:29,37.2100,19,1
2026-05-20,600036,13:21:32,37.2100,18,1
2026-05-20,600036,13:21:35,37.2100,54,1
2026-05-20,600036,13:21:38,37.2100,208,1
2026-05-20,600036,13:21:41,37.2100,74,1
2026-05-20,600036,13:21:44,37.2100,30,1
2026-05-20,600036,13:21:47,37.2100,46,1
2026-05-20,600036,13:21:50,37.2100,40,1
2026-05-20,600036,13:21:53,37.2100,77,1
2026-05-20,600036,13:21:56,37.2100,15,1
2026-05-20,600036,13:21:59,37.2100,67,1
2026-05-20,600036,13:22:02,37.2000,12,2
2026-05-20,600036,13:22:05,37.2100,558,1
2026-05-20,600036,13:22:08,37.2100,343,1
2026-05-20,600036,13:22:11,37.2100,114,1
2026-05-20,600036,13:22:14,37.2100,194,1
2026-05-20,600036,13:22:17,37.2100,80,1
2026-05-20,600036,13:22:20,37.2100,316,1
2026-05-20,600036,13:22:23,37.2100,25,2
2026-05-20,600036,13:22:26,37.2200,42,1
2026-05-20,600036,13:22:29,37.2100,166,2
2026-05-20,600036,13:22:32,37.2200,35,1
2026-05-20,600036,13:22:35,37.2200,45,1
2026-05-20,600036,13:22:38,37.2200,48,1
2026-05-20,600036,13:22:41,37.2200,218,1
2026-05-20,600036,13:22:44,37.2200,24,1
2026-05-20,600036,13:22:47,37.2200,55,1
2026-05-20,600036,13:22:50,37.2100,132,2
2026-05-20,600036,13:22:53,37.2100,39,2
2026-05-20,600036,13:22:56,37.2200,83,1
2026-05-20,600036,13:22:59,37.2200,9,1
2026-05-20,600036,13:23:02,37.2200,107,1
2026-05-20,600036,13:23:05,37.2100,122,2
2026-05-20,600036,13:23:08,37.2200,51,1
2026-05-20,600036,13:23:11,37.2200,31,1
2026-05-20,600036,13:23:14,37.2100,54,2
2026-05-20,600036,13:23:17,37.2200,738,1
2026-05-20,600036,13:23:20,37.2100,88,2
2026-05-20,600036,13:23:23,37.2100,54,2
2026-05-20,600036,13:23:26,37.2200,119,1
2026-05-20,600036,13:23:29,37.2100,71,2
2026-05-20,600036,13:23:32,37.2100,16,2
2026-05-20,600036,13:23:35,37.2100,165,2
2026-05-20,600036,13:23:38,37.2200,91,1
2026-05-20,600036,13:23:41,37.2200,267,1
2026-05-20,600036,13:23:44,37.2200,46,1
2026-05-20,600036,13:23:47,37.2200,1100,1
2026-05-20,600036,13:23:50,37.2200,98,1
2026-05-20,600036,13:23:53,37.2200,128,1
2026-05-20,600036,13:23:56,37.2200,64,1
2026-05-20,600036,13:23:59,37.2100,70,2
2026-05-20,600036,13:24:02,37.2200,17,1
2026-05-20,600036,13:24:05,37.2200,119,1
2026-05-20,600036,13:24:08,37.2200,46,1
2026-05-20,600036,13:24:11,37.2200,43,1
2026-05-20,600036,13:24:14,37.2200,72,1
2026-05-20,600036,13:24:17,37.2200,104,1
2026-05-20,600036,13:24:20,37.2200,133,1
2026-05-20,600036,13:24:23,37.2100,103,2
2026-05-20,600036,13:24:26,37.2200,6,1
2026-05-20,600036,13:24:29,37.2200,18,1
2026-05-20,600036,13:24:32,37.2100,155,2
2026-05-20,600036,13:24:35,37.2200,45,1
2026-05-20,600036,13:24:38,37.2100,220,2
2026-05-20,600036,13:24:41,37.2200,432,1
2026-05-20,600036,13:24:44,37.2200,409,1
2026-05-20,600036,13:24:47,37.2100,45,2
2026-05-20,600036,13:24:50,37.2200,412,1
2026-05-20,600036,13:24:53,37.2200,15,1
2026-05-20,600036,13:24:56,37.2200,23,1
2026-05-20,600036,13:24:59,37.2200,173,1
2026-05-20,600036,13:25:02,37.2200,49,1
2026-05-20,600036,13:25:05,37.2200,516,1
2026-05-20,600036,13:25:08,37.2100,1038,2
2026-05-20,600036,13:25:11,37.2200,158,1
2026-05-20,600036,13:25:14,37.2200,45,1
2026-05-20,600036,13:25:17,37.2100,1496,2
2026-05-20,600036,13:25:20,37.2200,261,1
2026-05-20,600036,13:25:23,37.2200,1331,1
2026-05-20,600036,13:25:26,37.2200,29,4
2026-05-20,600036,13:25:29,37.2200,103,1
2026-05-20,600036,13:25:32,37.2100,6,2
2026-05-20,600036,13:25:35,37.2200,14,4
2026-05-20,600036,13:25:38,37.2100,26,2
2026-05-20,600036,13:25:41,37.2200,8,1
2026-05-20,600036,13:25:44,37.2200,11,1
2026-05-20,600036,13:25:47,37.2100,43,2
2026-05-20,600036,13:25:50,37.2100,96,2
2026-05-20,600036,13:25:53,37.2100,13,2
2026-05-20,600036,13:25:56,37.2100,8,2
2026-05-20,600036,13:25:59,37.2200,30,1
2026-05-20,600036,13:26:02,37.2100,15,2
2026-05-20,600036,13:26:05,37.2100,103,2
2026-05-20,600036,13:26:08,37.2100,392,2
2026-05-20,600036,13:26:11,37.2100,38,2
2026-05-20,600036,13:26:14,37.2100,346,2
2026-05-20,600036,13:26:17,37.2100,82,2
2026-05-20,600036,13:26:20,37.2200,7,1
2026-05-20,600036,13:26:23,37.2100,135,2
2026-05-20,600036,13:26:26,37.2100,10,1
2026-05-20,600036,13:26:29,37.2100,20,1
2026-05-20,600036,13:26:32,37.2000,23,2
2026-05-20,600036,13:26:35,37.2100,75,1
2026-05-20,600036,13:26:38,37.2100,6,1
2026-05-20,600036,13:26:41,37.2000,156,2
2026-05-20,600036,13:26:44,37.2100,77,1
2026-05-20,600036,13:26:47,37.2000,23,2
2026-05-20,600036,13:26:50,37.2100,54,1
2026-05-20,600036,13:26:53,37.2100,41,1
2026-05-20,600036,13:26:56,37.2000,42,2
2026-05-20,600036,13:26:59,37.2100,17,1
2026-05-20,600036,13:27:02,37.2000,16,2
2026-05-20,600036,13:27:05,37.2100,75,1
2026-05-20,600036,13:27:08,37.2100,241,1
2026-05-20,600036,13:27:11,37.2100,81,1
2026-05-20,600036,13:27:14,37.2100,16,1
2026-05-20,600036,13:27:17,37.2000,33,2
2026-05-20,600036,13:27:20,37.2100,31,1
2026-05-20,600036,13:27:23,37.2100,40,1
2026-05-20,600036,13:27:26,37.2100,139,1
2026-05-20,600036,13:27:29,37.2100,36,1
2026-05-20,600036,13:27:32,37.2100,43,1
2026-05-20,600036,13:27:35,37.2100,529,1
2026-05-20,600036,13:27:38,37.2100,91,1
2026-05-20,600036,13:27:41,37.2100,68,1
2026-05-20,600036,13:27:44,37.2100,39,1
2026-05-20,600036,13:27:47,37.2100,52,1
2026-05-20,600036,13:27:50,37.2100,87,1
2026-05-20,600036,13:27:53,37.2100,33,1
2026-05-20,600036,13:27:56,37.2000,170,2
2026-05-20,600036,13:27:59,37.2100,140,1
2026-05-20,600036,13:28:02,37.2200,125,1
2026-05-20,600036,13:28:05,37.2000,119,2
2026-05-20,600036,13:28:08,37.2200,158,1
2026-05-20,600036,13:28:11,37.2200,32,1
2026-05-20,600036,13:28:14,37.2100,59,4
2026-05-20,600036,13:28:17,37.2200,24,1
2026-05-20,600036,13:28:20,37.2100,12,2
2026-05-20,600036,13:28:23,37.2200,152,1
2026-05-20,600036,13:28:26,37.2100,43,2
2026-05-20,600036,13:28:29,37.2200,39,1
2026-05-20,600036,13:28:32,37.2200,35,1
2026-05-20,600036,13:28:35,37.2100,524,2
2026-05-20,600036,13:28:38,37.2200,158,1
2026-05-20,600036,13:28:41,37.2200,65,1
2026-05-20,600036,13:28:44,37.2200,6,1
2026-05-20,600036,13:28:47,37.2100,12,2
2026-05-20,600036,13:28:50,37.2100,298,2
2026-05-20,600036,13:28:53,37.2100,486,2
2026-05-20,600036,13:28:56,37.2100,135,4
2026-05-20,600036,13:28:59,37.2200,14,1
2026-05-20,600036,13:29:02,37.2100,112,2
2026-05-20,600036,13:29:05,37.2100,199,1
2026-05-20,600036,13:29:08,37.2100,27,1
2026-05-20,600036,13:29:11,37.2000,149,2
2026-05-20,600036,13:29:14,37.2100,481,1
2026-05-20,600036,13:29:17,37.2100,177,1
2026-05-20,600036,13:29:20,37.2100,70,1
2026-05-20,600036,13:29:23,37.2000,94,2
2026-05-20,600036,13:29:26,37.2100,66,1
2026-05-20,600036,13:29:29,37.2100,186,1
2026-05-20,600036,13:29:32,37.2100,43,1
2026-05-20,600036,13:29:35,37.2100,103,1
2026-05-20,600036,13:29:38,37.2100,31,1
2026-05-20,600036,13:29:41,37.2100,151,1
2026-05-20,600036,13:29:44,37.2100,17,1
2026-05-20,600036,13:29:47,37.2000,77,2
2026-05-20,600036,13:29:50,37.2100,54,1
2026-05-20,600036,13:29:53,37.2100,84,1
2026-05-20,600036,13:29:56,37.2100,159,1
2026-05-20,600036,13:29:59,37.2100,112,1
2026-05-20,600036,13:30:02,37.2000,103,2
2026-05-20,600036,13:30:05,37.2000,56,2
2026-05-20,600036,13:30:08,37.2100,128,1
2026-05-20,600036,13:30:11,37.2100,68,1
2026-05-20,600036,13:30:14,37.2100,112,1
2026-05-20,600036,13:30:17,37.2100,82,1
2026-05-20,600036,13:30:20,37.2100,118,1
2026-05-20,600036,13:30:23,37.2000,223,2
2026-05-20,600036,13:30:26,37.2100,83,1
2026-05-20,600036,13:30:29,37.2100,100,1
2026-05-20,600036,13:30:32,37.2000,22,2
2026-05-20,600036,13:30:35,37.2100,16,4
2026-05-20,600036,13:30:38,37.2100,38,1
2026-05-20,600036,13:30:41,37.2100,20,1
2026-05-20,600036,13:30:44,37.2100,31,1
2026-05-20,600036,13:30:47,37.2100,68,1
2026-05-20,600036,13:30:50,37.2100,41,1
2026-05-20,600036,13:30:53,37.2100,40,1
2026-05-20,600036,13:30:56,37.2100,42,2
2026-05-20,600036,13:30:59,37.2100,33,2
2026-05-20,600036,13:31:02,37.2200,108,1
2026-05-20,600036,13:31:05,37.2200,47,1
2026-05-20,600036,13:31:08,37.2200,123,1
2026-05-20,600036,13:31:11,37.2200,28,1
2026-05-20,600036,13:31:14,37.2200,50,1
2026-05-20,600036,13:31:17,37.2200,34,1
2026-05-20,600036,13:31:20,37.2200,74,1
2026-05-20,600036,13:31:23,37.2100,119,2
2026-05-20,600036,13:31:26,37.2200,454,1
2026-05-20,600036,13:31:30,37.2200,44,1
2026-05-20,600036,13:31:32,37.2200,72,2
2026-05-20,600036,13:31:35,37.2200,133,1
2026-05-20,600036,13:31:38,37.2200,44,4
2026-05-20,600036,13:31:41,37.2200,159,1
2026-05-20,600036,13:31:44,37.2100,2,2
2026-05-20,600036,13:31:48,37.2200,106,2
2026-05-20,600036,13:31:50,37.2200,43,2
2026-05-20,600036,13:31:53,37.2200,98,1
2026-05-20,600036,13:31:56,37.2200,87,1
2026-05-20,600036,13:31:59,37.2200,26,1
2026-05-20,600036,13:32:02,37.2100,15,2
2026-05-20,600036,13:32:05,37.2200,22,2
2026-05-20,600036,13:32:08,37.2200,51,2
2026-05-20,600036,13:32:11,37.2200,46,2
2026-05-20,600036,13:32:14,37.2200,30,2
2026-05-20,600036,13:32:17,37.2200,5,2
2026-05-20,600036,13:32:20,37.2300,11,1
2026-05-20,600036,13:32:23,37.2200,30,2
2026-05-20,600036,13:32:26,37.2200,677,2
2026-05-20,600036,13:32:29,37.2200,84,1
2026-05-20,600036,13:32:32,37.2200,133,1
2026-05-20,600036,13:32:35,37.2200,62,1
2026-05-20,600036,13:32:38,37.2200,19,1
2026-05-20,600036,13:32:41,37.2100,186,2
2026-05-20,600036,13:32:44,37.2100,189,2
2026-05-20,600036,13:32:47,37.2200,66,1
2026-05-20,600036,13:32:50,37.2200,163,1
2026-05-20,600036,13:32:53,37.2100,97,2
2026-05-20,600036,13:32:56,37.2100,61,2
2026-05-20,600036,13:32:59,37.2200,22,1
2026-05-20,600036,13:33:02,37.2200,89,1
2026-05-20,600036,13:33:05,37.2200,38,1
2026-05-20,600036,13:33:08,37.2100,53,2
2026-05-20,600036,13:33:11,37.2100,68,2
2026-05-20,600036,13:33:15,37.2200,9,1
2026-05-20,600036,13:33:17,37.2200,40,1
2026-05-20,600036,13:33:20,37.2200,11,1
2026-05-20,600036,13:33:23,37.2200,4,1
2026-05-20,600036,13:33:26,37.2200,5,1
2026-05-20,600036,13:33:29,37.2200,27,1
2026-05-20,600036,13:33:32,37.2200,20,1
2026-05-20,600036,13:33:35,37.2200,3,1
2026-05-20,600036,13:33:38,37.2200,106,1
2026-05-20,600036,13:33:41,37.2200,2,1
2026-05-20,600036,13:33:44,37.2200,241,1
2026-05-20,600036,13:33:47,37.2100,39,2
2026-05-20,600036,13:33:50,37.2100,35,2
2026-05-20,600036,13:33:53,37.2100,45,2
2026-05-20,600036,13:33:56,37.2200,43,1
2026-05-20,600036,13:33:59,37.2100,26,2
2026-05-20,600036,13:34:02,37.2100,91,2
2026-05-20,600036,13:34:05,37.2100,94,2
2026-05-20,600036,13:34:08,37.2100,46,2
2026-05-20,600036,13:34:11,37.2200,31,1
2026-05-20,600036,13:34:15,37.2100,9,2
2026-05-20,600036,13:34:17,37.2200,45,1
2026-05-20,600036,13:34:23,37.2200,28,1
2026-05-20,600036,13:34:26,37.2200,31,1
2026-05-20,600036,13:34:32,37.2200,26,1
2026-05-20,600036,13:34:36,37.2200,243,1
2026-05-20,600036,13:34:38,37.2200,56,1
2026-05-20,600036,13:34:41,37.2200,56,1
2026-05-20,600036,13:34:44,37.2200,75,1
2026-05-20,600036,13:34:47,37.2200,24,1
2026-05-20,600036,13:34:50,37.2200,43,1
2026-05-20,600036,13:34:53,37.2200,78,1
2026-05-20,600036,13:34:56,37.2200,57,1
2026-05-20,600036,13:34:59,37.2200,33,1
2026-05-20,600036,13:35:02,37.2100,58,2
2026-05-20,600036,13:35:05,37.2200,25,1
2026-05-20,600036,13:35:08,37.2100,222,2
2026-05-20,600036,13:35:11,37.2200,78,1
2026-05-20,600036,13:35:14,37.2200,86,1
2026-05-20,600036,13:35:17,37.2200,45,1
2026-05-20,600036,13:35:20,37.2200,43,1
2026-05-20,600036,13:35:23,37.2100,38,2
2026-05-20,600036,13:35:26,37.2100,339,2
2026-05-20,600036,13:35:29,37.2200,10,1
2026-05-20,600036,13:35:32,37.2100,137,2
2026-05-20,600036,13:35:35,37.2200,34,1
2026-05-20,600036,13:35:38,37.2100,102,2
2026-05-20,600036,13:35:41,37.2100,146,2
2026-05-20,600036,13:35:44,37.2200,62,1
2026-05-20,600036,13:35:47,37.2100,31,2
2026-05-20,600036,13:35:50,37.2100,25,2
2026-05-20,600036,13:35:53,37.2100,67,2
2026-05-20,600036,13:35:56,37.2100,46,2
2026-05-20,600036,13:35:59,37.2100,3,2
2026-05-20,600036,13:36:02,37.2100,15,2
2026-05-20,600036,13:36:05,37.2100,9,2
2026-05-20,600036,13:36:08,37.2100,37,2
2026-05-20,600036,13:36:11,37.2100,93,2
2026-05-20,600036,13:36:14,37.2100,216,2
2026-05-20,600036,13:36:17,37.2200,105,1
2026-05-20,600036,13:36:20,37.2100,26,2
2026-05-20,600036,13:36:23,37.2100,34,2
2026-05-20,600036,13:36:26,37.2100,3,2
2026-05-20,600036,13:36:29,37.2200,44,1
2026-05-20,600036,13:36:32,37.2200,105,1
2026-05-20,600036,13:36:35,37.2100,26,2
2026-05-20,600036,13:36:38,37.2200,352,1
2026-05-20,600036,13:36:41,37.2100,59,2
2026-05-20,600036,13:36:44,37.2100,901,2
2026-05-20,600036,13:36:47,37.2100,1818,2
2026-05-20,600036,13:36:50,37.2100,56,2
2026-05-20,600036,13:36:53,37.2200,4,1
2026-05-20,600036,13:36:56,37.2200,10,1
2026-05-20,600036,13:36:59,37.2100,12,2
2026-05-20,600036,13:37:02,37.2200,13,1
2026-05-20,600036,13:37:05,37.2200,21,1
2026-05-20,600036,13:37:08,37.2200,79,1
2026-05-20,600036,13:37:11,37.2100,451,2
2026-05-20,600036,13:37:14,37.2200,10,1
2026-05-20,600036,13:37:17,37.2200,75,1
2026-05-20,600036,13:37:20,37.2200,4,1
2026-05-20,600036,13:37:23,37.2100,25,2
2026-05-20,600036,13:37:26,37.2200,7,1
2026-05-20,600036,13:37:29,37.2200,22,1
2026-05-20,600036,13:37:32,37.2100,304,2
2026-05-20,600036,13:37:35,37.2100,9,2
2026-05-20,600036,13:37:38,37.2200,22,1
2026-05-20,600036,13:37:41,37.2100,43,2
2026-05-20,600036,13:37:44,37.2100,53,2
2026-05-20,600036,13:37:47,37.2200,26,1
2026-05-20,600036,13:37:50,37.2100,62,2
2026-05-20,600036,13:37:53,37.2100,1,2
2026-05-20,600036,13:37:57,37.2100,20,2
2026-05-20,600036,13:37:59,37.2200,16,1
2026-05-20,600036,13:38:02,37.2200,920,1
2026-05-20,600036,13:38:05,37.2100,74,2
2026-05-20,600036,13:38:08,37.2100,32,1
2026-05-20,600036,13:38:11,37.2000,77,2
2026-05-20,600036,13:38:14,37.2100,47,1
2026-05-20,600036,13:38:17,37.2100,487,1
2026-05-20,600036,13:38:20,37.2100,46,1
2026-05-20,600036,13:38:23,37.2000,213,2
2026-05-20,600036,13:38:26,37.2000,43,2
2026-05-20,600036,13:38:29,37.2100,2,1
2026-05-20,600036,13:38:32,37.2100,51,1
2026-05-20,600036,13:38:35,37.2100,30,1
2026-05-20,600036,13:38:38,37.2100,6,1
2026-05-20,600036,13:38:41,37.2100,12,1
2026-05-20,600036,13:38:44,37.2100,43,1
2026-05-20,600036,13:38:50,37.2100,61,1
2026-05-20,600036,13:38:53,37.2100,77,1
2026-05-20,600036,13:38:56,37.2100,87,1
2026-05-20,600036,13:38:59,37.2000,272,2
2026-05-20,600036,13:39:02,37.2100,45,1
2026-05-20,600036,13:39:05,37.2100,1,1
2026-05-20,600036,13:39:08,37.2100,79,1
2026-05-20,600036,13:39:11,37.2100,7,1
2026-05-20,600036,13:39:14,37.2000,21,2
2026-05-20,600036,13:39:17,37.2100,39,1
2026-05-20,600036,13:39:20,37.2100,55,1
2026-05-20,600036,13:39:23,37.2100,65,1
2026-05-20,600036,13:39:26,37.2100,434,1
2026-05-20,600036,13:39:29,37.2100,504,1
2026-05-20,600036,13:39:32,37.2000,24,2
2026-05-20,600036,13:39:35,37.2000,332,2
2026-05-20,600036,13:39:38,37.2200,35,1
2026-05-20,600036,13:39:41,37.2100,817,4
2026-05-20,600036,13:39:44,37.2100,76,1
2026-05-20,600036,13:39:47,37.2100,95,1
2026-05-20,600036,13:39:50,37.2200,15,1
2026-05-20,600036,13:39:53,37.2100,12,2
2026-05-20,600036,13:39:56,37.2100,20,2
2026-05-20,600036,13:39:59,37.2100,120,2
2026-05-20,600036,13:40:02,37.2200,484,1
2026-05-20,600036,13:40:05,37.2200,30,1
2026-05-20,600036,13:40:08,37.2200,41,1
2026-05-20,600036,13:40:11,37.2200,89,1
2026-05-20,600036,13:40:14,37.2200,37,1
2026-05-20,600036,13:40:17,37.2200,80,1
2026-05-20,600036,13:40:20,37.2100,672,2
2026-05-20,600036,13:40:23,37.2100,350,1
2026-05-20,600036,13:40:26,37.2100,104,1
2026-05-20,600036,13:40:29,37.2100,201,1
2026-05-20,600036,13:40:32,37.2100,43,1
2026-05-20,600036,13:40:35,37.2100,43,2
2026-05-20,600036,13:40:38,37.2200,52,1
2026-05-20,600036,13:40:41,37.2200,12,1
2026-05-20,600036,13:40:44,37.2200,103,1
2026-05-20,600036,13:40:47,37.2100,78,2
2026-05-20,600036,13:40:50,37.2200,1,1
2026-05-20,600036,13:40:53,37.2200,13,1
2026-05-20,600036,13:40:56,37.2200,65,1
2026-05-20,600036,13:40:59,37.2100,66,2
2026-05-20,600036,13:41:02,37.2100,80,2
2026-05-20,600036,13:41:05,37.2200,42,1
2026-05-20,600036,13:41:08,37.2100,54,2
2026-05-20,600036,13:41:11,37.2200,226,1
2026-05-20,600036,13:41:14,37.2200,28,1
2026-05-20,600036,13:41:17,37.2200,18,1
2026-05-20,600036,13:41:20,37.2200,125,1
2026-05-20,600036,13:41:23,37.2200,32,1
2026-05-20,600036,13:41:27,37.2200,1056,1
2026-05-20,600036,13:41:29,37.2300,42,1
2026-05-20,600036,13:41:32,37.2200,14,2
2026-05-20,600036,13:41:35,37.2200,10,2
2026-05-20,600036,13:41:38,37.2300,27,1
2026-05-20,600036,13:41:41,37.2200,22,2
2026-05-20,600036,13:41:44,37.2300,4,1
2026-05-20,600036,13:41:47,37.2200,75,2
2026-05-20,600036,13:41:50,37.2200,42,2
2026-05-20,600036,13:41:53,37.2200,433,2
2026-05-20,600036,13:41:56,37.2200,51,2
2026-05-20,600036,13:41:59,37.2200,43,2
2026-05-20,600036,13:42:02,37.2200,66,2
2026-05-20,600036,13:42:05,37.2300,34,1
2026-05-20,600036,13:42:08,37.2300,19,1
2026-05-20,600036,13:42:11,37.2200,35,2
2026-05-20,600036,13:42:14,37.2300,2,1
2026-05-20,600036,13:42:17,37.2200,24,2
2026-05-20,600036,13:42:20,37.2200,2,2
2026-05-20,600036,13:42:23,37.2300,6,1
2026-05-20,600036,13:42:26,37.2300,251,1
2026-05-20,600036,13:42:29,37.2300,12,1
2026-05-20,600036,13:42:32,37.2300,13,1
2026-05-20,600036,13:42:35,37.2200,44,2
2026-05-20,600036,13:42:38,37.2300,21,1
2026-05-20,600036,13:42:41,37.2300,22,1
2026-05-20,600036,13:42:44,37.2200,7,2
2026-05-20,600036,13:42:47,37.2300,132,1
2026-05-20,600036,13:42:50,37.2300,15,1
2026-05-20,600036,13:42:53,37.2200,6,2
2026-05-20,600036,13:42:56,37.2300,33,1
2026-05-20,600036,13:42:59,37.2200,76,2
2026-05-20,600036,13:43:02,37.2200,11,2
2026-05-20,600036,13:43:05,37.2200,96,2
2026-05-20,600036,13:43:08,37.2200,80,2
2026-05-20,600036,13:43:11,37.2300,16,1
2026-05-20,600036,13:43:14,37.2300,37,1
2026-05-20,600036,13:43:17,37.2200,21,2
2026-05-20,600036,13:43:20,37.2300,27,1
2026-05-20,600036,13:43:23,37.2300,30,1
2026-05-20,600036,13:43:26,37.2200,78,2
2026-05-20,600036,13:43:29,37.2300,84,1
2026-05-20,600036,13:43:32,37.2300,40,1
2026-05-20,600036,13:43:35,37.2300,72,1
2026-05-20,600036,13:43:38,37.2300,53,1
2026-05-20,600036,13:43:41,37.2300,36,1
2026-05-20,600036,13:43:44,37.2300,77,1
2026-05-20,600036,13:43:47,37.2200,26,2
2026-05-20,600036,13:43:50,37.2300,2,1
2026-05-20,600036,13:43:53,37.2200,27,2
2026-05-20,600036,13:43:56,37.2200,44,2
2026-05-20,600036,13:43:59,37.2300,71,1
2026-05-20,600036,13:44:02,37.2300,24,1
2026-05-20,600036,13:44:05,37.2300,47,1
2026-05-20,600036,13:44:09,37.2300,47,1
2026-05-20,600036,13:44:11,37.2300,14,1
2026-05-20,600036,13:44:14,37.2200,41,2
2026-05-20,600036,13:44:17,37.2300,21,1
2026-05-20,600036,13:44:20,37.2200,15,2
2026-05-20,600036,13:44:23,37.2300,32,1
2026-05-20,600036,13:44:26,37.2300,33,1
2026-05-20,600036,13:44:29,37.2300,73,1
2026-05-20,600036,13:44:32,37.2300,35,1
2026-05-20,600036,13:44:35,37.2300,60,1
2026-05-20,600036,13:44:38,37.2300,30,1
2026-05-20,600036,13:44:41,37.2300,46,1
2026-05-20,600036,13:44:44,37.2200,3,2
2026-05-20,600036,13:44:47,37.2300,39,1
2026-05-20,600036,13:44:50,37.2300,131,1
2026-05-20,600036,13:44:53,37.2300,18,1
2026-05-20,600036,13:44:56,37.2200,42,2
2026-05-20,600036,13:44:59,37.2300,101,1
2026-05-20,600036,13:45:02,37.2300,25,1
2026-05-20,600036,13:45:05,37.2300,155,1
2026-05-20,600036,13:45:08,37.2300,93,1
2026-05-20,600036,13:45:11,37.2200,92,2
2026-05-20,600036,13:45:14,37.2300,33,1
2026-05-20,600036,13:45:17,37.2200,55,2
2026-05-20,600036,13:45:20,37.2300,87,1
2026-05-20,600036,13:45:23,37.2300,4,1
2026-05-20,600036,13:45:26,37.2200,58,2
2026-05-20,600036,13:45:29,37.2200,16,2
2026-05-20,600036,13:45:32,37.2200,21,2
2026-05-20,600036,13:45:35,37.2200,37,2
2026-05-20,600036,13:45:38,37.2200,27,2
2026-05-20,600036,13:45:41,37.2300,82,1
2026-05-20,600036,13:45:44,37.2300,16,1
2026-05-20,600036,13:45:48,37.2300,10,1
2026-05-20,600036,13:45:50,37.2300,23,1
2026-05-20,600036,13:45:53,37.2200,41,2
2026-05-20,600036,13:45:56,37.2300,23,1
2026-05-20,600036,13:45:59,37.2300,38,1
2026-05-20,600036,13:46:02,37.2200,69,2
2026-05-20,600036,13:46:05,37.2300,5,1
2026-05-20,600036,13:46:08,37.2300,79,1
2026-05-20,600036,13:46:11,37.2200,44,2
2026-05-20,600036,13:46:14,37.2200,142,2
2026-05-20,600036,13:46:17,37.2300,2,1
2026-05-20,600036,13:46:20,37.2200,42,2
2026-05-20,600036,13:46:23,37.2200,104,2
2026-05-20,600036,13:46:26,37.2300,33,1
2026-05-20,600036,13:46:29,37.2200,5,2
2026-05-20,600036,13:46:32,37.2300,65,1
2026-05-20,600036,13:46:35,37.2300,2267,1
2026-05-20,600036,13:46:38,37.2300,105,1
2026-05-20,600036,13:46:41,37.2300,2,1
2026-05-20,600036,13:46:44,37.2200,36,2
2026-05-20,600036,13:46:47,37.2200,91,1
2026-05-20,600036,13:46:50,37.2200,58,1
2026-05-20,600036,13:46:53,37.2200,27,1
2026-05-20,600036,13:46:56,37.2200,33,1
2026-05-20,600036,13:46:59,37.2200,20,1
2026-05-20,600036,13:47:02,37.2100,50,2
2026-05-20,600036,13:47:05,37.2200,12,1
2026-05-20,600036,13:47:08,37.2200,14,1
2026-05-20,600036,13:47:11,37.2200,61,1
2026-05-20,600036,13:47:14,37.2200,32,1
2026-05-20,600036,13:47:17,37.2200,31,1
2026-05-20,600036,13:47:20,37.2200,58,1
2026-05-20,600036,13:47:23,37.2200,6,1
2026-05-20,600036,13:47:27,37.2100,5,2
2026-05-20,600036,13:47:29,37.2200,137,1
2026-05-20,600036,13:47:32,37.2200,18,1
2026-05-20,600036,13:47:35,37.2100,23,2
2026-05-20,600036,13:47:38,37.2100,25,2
2026-05-20,600036,13:47:41,37.2200,169,1
2026-05-20,600036,13:47:44,37.2200,172,1
2026-05-20,600036,13:47:47,37.2200,77,1
2026-05-20,600036,13:47:50,37.2200,56,1
2026-05-20,600036,13:47:53,37.2100,452,2
2026-05-20,600036,13:47:56,37.2200,543,1
2026-05-20,600036,13:47:59,37.2200,9,1
2026-05-20,600036,13:48:02,37.2100,35,2
2026-05-20,600036,13:48:05,37.2200,11,1
2026-05-20,600036,13:48:08,37.2200,278,1
2026-05-20,600036,13:48:11,37.2300,39,1
2026-05-20,600036,13:48:14,37.2300,72,1
2026-05-20,600036,13:48:17,37.2300,4,1
2026-05-20,600036,13:48:20,37.2300,33,1
2026-05-20,600036,13:48:23,37.2300,26,1
2026-05-20,600036,13:48:26,37.2300,7,1
2026-05-20,600036,13:48:29,37.2300,3,1
2026-05-20,600036,13:48:32,37.2300,22,1
2026-05-20,600036,13:48:36,37.2300,40,1
2026-05-20,600036,13:48:38,37.2300,26,1
2026-05-20,600036,13:48:41,37.2300,25,1
2026-05-20,600036,13:48:44,37.2200,3,2
2026-05-20,600036,13:48:47,37.2300,59,1
2026-05-20,600036,13:48:50,37.2300,39,1
2026-05-20,600036,13:48:53,37.2300,1,1
2026-05-20,600036,13:48:56,37.2300,73,1
2026-05-20,600036,13:48:59,37.2200,43,2
2026-05-20,600036,13:49:02,37.2300,17,1
2026-05-20,600036,13:49:05,37.2300,140,1
2026-05-20,600036,13:49:08,37.2300,79,1
2026-05-20,600036,13:49:11,37.2200,27,2
2026-05-20,600036,13:49:14,37.2200,97,2
2026-05-20,600036,13:49:17,37.2300,87,1
2026-05-20,600036,13:49:20,37.2300,241,1
2026-05-20,600036,13:49:23,37.2200,44,2
2026-05-20,600036,13:49:27,37.2300,124,1
2026-05-20,600036,13:49:29,37.2300,3,1
2026-05-20,600036,13:49:32,37.2200,105,2
2026-05-20,600036,13:49:35,37.2200,49,2
2026-05-20,600036,13:49:38,37.2300,20,1
2026-05-20,600036,13:49:41,37.2300,144,1
2026-05-20,600036,13:49:44,37.2200,86,2
2026-05-20,600036,13:49:47,37.2200,52,2
2026-05-20,600036,13:49:50,37.2200,348,2
2026-05-20,600036,13:49:53,37.2200,88,2
2026-05-20,600036,13:49:56,37.2200,158,2
2026-05-20,600036,13:49:59,37.2200,44,1
2026-05-20,600036,13:50:02,37.2100,31,2
2026-05-20,600036,13:50:05,37.2200,194,1
2026-05-20,600036,13:50:08,37.2200,186,1
2026-05-20,600036,13:50:11,37.2200,18,1
2026-05-20,600036,13:50:14,37.2100,21,2
2026-05-20,600036,13:50:17,37.2100,26,2
2026-05-20,600036,13:50:20,37.2100,15,2
2026-05-20,600036,13:50:23,37.2200,12,1
2026-05-20,600036,13:50:26,37.2200,10,1
2026-05-20,600036,13:50:29,37.2100,42,2
2026-05-20,600036,13:50:32,37.2100,19,2
2026-05-20,600036,13:50:35,37.2200,22,1
2026-05-20,600036,13:50:38,37.2100,149,2
2026-05-20,600036,13:50:41,37.2200,6,1
2026-05-20,600036,13:50:44,37.2200,21,1
2026-05-20,600036,13:50:47,37.2200,38,1
2026-05-20,600036,13:50:50,37.2200,39,1
2026-05-20,600036,13:50:53,37.2200,20,1
2026-05-20,600036,13:50:56,37.2100,32,2
2026-05-20,600036,13:50:59,37.2200,48,1
2026-05-20,600036,13:51:02,37.2200,21,1
2026-05-20,600036,13:51:05,37.2200,4,1
2026-05-20,600036,13:51:08,37.2200,18,1
2026-05-20,600036,13:51:11,37.2100,45,2
2026-05-20,600036,13:51:14,37.2100,441,2
2026-05-20,600036,13:51:17,37.2100,134,2
2026-05-20,600036,13:51:20,37.2100,44,2
2026-05-20,600036,13:51:23,37.2200,23,1
2026-05-20,600036,13:51:26,37.2100,63,2
2026-05-20,600036,13:51:30,37.2200,3,1
2026-05-20,600036,13:51:32,37.2100,51,2
2026-05-20,600036,13:51:35,37.2100,48,2
2026-05-20,600036,13:51:38,37.2200,20,1
2026-05-20,600036,13:51:41,37.2200,42,1
2026-05-20,600036,13:51:44,37.2200,44,1
2026-05-20,600036,13:51:47,37.2100,117,2
2026-05-20,600036,13:51:50,37.2100,39,2
2026-05-20,600036,13:51:53,37.2200,431,1
2026-05-20,600036,13:51:56,37.2200,6,1
2026-05-20,600036,13:51:59,37.2200,175,1
2026-05-20,600036,13:52:02,37.2200,217,1
2026-05-20,600036,13:52:05,37.2100,137,2
2026-05-20,600036,13:52:08,37.2200,51,1
2026-05-20,600036,13:52:11,37.2200,1,1
2026-05-20,600036,13:52:14,37.2200,149,1
2026-05-20,600036,13:52:17,37.2100,39,2
2026-05-20,600036,13:52:20,37.2200,4,1
2026-05-20,600036,13:52:23,37.2100,7,2
2026-05-20,600036,13:52:26,37.2200,44,1
2026-05-20,600036,13:52:29,37.2100,7,2
2026-05-20,600036,13:52:32,37.2100,46,2
2026-05-20,600036,13:52:35,37.2100,46,2
2026-05-20,600036,13:52:38,37.2200,59,1
2026-05-20,600036,13:52:41,37.2200,130,1
2026-05-20,600036,13:52:44,37.2200,25,1
2026-05-20,600036,13:52:47,37.2100,36,2
2026-05-20,600036,13:52:50,37.2200,19,1
2026-05-20,600036,13:52:53,37.2100,54,2
2026-05-20,600036,13:52:56,37.2200,19,1
2026-05-20,600036,13:52:59,37.2200,34,1
2026-05-20,600036,13:53:02,37.2200,33,1
2026-05-20,600036,13:53:05,37.2200,19,1
2026-05-20,600036,13:53:08,37.2100,20,2
2026-05-20,600036,13:53:11,37.2200,48,1
2026-05-20,600036,13:53:14,37.2200,21,1
2026-05-20,600036,13:53:17,37.2200,238,1
2026-05-20,600036,13:53:20,37.2100,17,2
2026-05-20,600036,13:53:23,37.2100,135,2
2026-05-20,600036,13:53:26,37.2200,18,1
2026-05-20,600036,13:53:29,37.2200,1,1
2026-05-20,600036,13:53:32,37.2100,65,2
2026-05-20,600036,13:53:35,37.2100,29,2
2026-05-20,600036,13:53:38,37.2200,29,1
2026-05-20,600036,13:53:41,37.2200,19,1
2026-05-20,600036,13:53:44,37.2200,50,1
2026-05-20,600036,13:53:47,37.2200,54,1
2026-05-20,600036,13:53:50,37.2200,14,1
2026-05-20,600036,13:53:53,37.2100,22,2
2026-05-20,600036,13:53:56,37.2100,44,2
2026-05-20,600036,13:53:59,37.2200,120,1
2026-05-20,600036,13:54:02,37.2200,51,1
2026-05-20,600036,13:54:05,37.2200,6,1
2026-05-20,600036,13:54:08,37.2200,33,1
2026-05-20,600036,13:54:11,37.2200,157,1
2026-05-20,600036,13:54:14,37.2100,11,2
2026-05-20,600036,13:54:17,37.2100,94,2
2026-05-20,600036,13:54:20,37.2200,241,1
2026-05-20,600036,13:54:23,37.2200,10,1
2026-05-20,600036,13:54:26,37.2200,30,1
2026-05-20,600036,13:54:29,37.2200,50,1
2026-05-20,600036,13:54:32,37.2200,55,1
2026-05-20,600036,13:54:35,37.2200,28,1
2026-05-20,600036,13:54:38,37.2200,823,1
2026-05-20,600036,13:54:41,37.2100,121,2
2026-05-20,600036,13:54:44,37.2200,332,1
2026-05-20,600036,13:54:47,37.2200,13,1
2026-05-20,600036,13:54:50,37.2100,6,2
2026-05-20,600036,13:54:53,37.2200,17,1
2026-05-20,600036,13:54:56,37.2200,7,1
2026-05-20,600036,13:54:59,37.2200,4,1
2026-05-20,600036,13:55:02,37.2100,83,2
2026-05-20,600036,13:55:05,37.2100,152,2
2026-05-20,600036,13:55:08,37.2100,1170,2
2026-05-20,600036,13:55:11,37.2100,28,1
2026-05-20,600036,13:55:14,37.2000,174,2
2026-05-20,600036,13:55:17,37.2100,183,1
2026-05-20,600036,13:55:20,37.2000,12,2
2026-05-20,600036,13:55:23,37.2100,49,1
2026-05-20,600036,13:55:26,37.2100,28,1
2026-05-20,600036,13:55:29,37.2000,30,2
2026-05-20,600036,13:55:32,37.2000,26,2
2026-05-20,600036,13:55:35,37.2100,63,1
2026-05-20,600036,13:55:38,37.2100,16,1
2026-05-20,600036,13:55:41,37.2100,103,1
2026-05-20,600036,13:55:44,37.2100,22,1
2026-05-20,600036,13:55:47,37.2000,12,2
2026-05-20,600036,13:55:50,37.2100,18,1
2026-05-20,600036,13:55:53,37.2100,42,1
2026-05-20,600036,13:55:56,37.2100,28,1
2026-05-20,600036,13:55:59,37.2100,15,1
2026-05-20,600036,13:56:02,37.2100,11,1
2026-05-20,600036,13:56:05,37.2100,26,1
2026-05-20,600036,13:56:08,37.2100,233,1
2026-05-20,600036,13:56:11,37.2100,52,1
2026-05-20,600036,13:56:14,37.2000,18,2
2026-05-20,600036,13:56:17,37.2000,35,2
2026-05-20,600036,13:56:20,37.2000,85,2
2026-05-20,600036,13:56:23,37.2100,38,1
2026-05-20,600036,13:56:26,37.2000,261,2
2026-05-20,600036,13:56:29,37.2000,73,2
2026-05-20,600036,13:56:32,37.2100,23,1
2026-05-20,600036,13:56:35,37.2100,15,1
2026-05-20,600036,13:56:38,37.2100,73,1
2026-05-20,600036,13:56:42,37.2100,19,1
2026-05-20,600036,13:56:44,37.2000,580,2
2026-05-20,600036,13:56:47,37.2000,21,2
2026-05-20,600036,13:56:50,37.2000,48,2
2026-05-20,600036,13:56:53,37.2000,141,2
2026-05-20,600036,13:56:56,37.2000,28,2
2026-05-20,600036,13:56:59,37.2100,230,1
2026-05-20,600036,13:57:02,37.2000,56,2
2026-05-20,600036,13:57:05,37.2100,70,1
2026-05-20,600036,13:57:08,37.2100,42,1
2026-05-20,600036,13:57:11,37.2100,29,1
2026-05-20,600036,13:57:14,37.2000,74,2
2026-05-20,600036,13:57:17,37.2000,86,2
2026-05-20,600036,13:57:20,37.2100,7,1
2026-05-20,600036,13:57:23,37.2100,82,1
2026-05-20,600036,13:57:26,37.2100,1501,1
2026-05-20,600036,13:57:29,37.2100,14,4
2026-05-20,600036,13:57:32,37.2000,32,2
2026-05-20,600036,13:57:35,37.2000,118,2
2026-05-20,600036,13:57:38,37.2100,41,1
2026-05-20,600036,13:57:41,37.2100,22,1
2026-05-20,600036,13:57:44,37.2100,40,1
2026-05-20,600036,13:57:47,37.2000,92,2
2026-05-20,600036,13:57:50,37.2100,82,1
2026-05-20,600036,13:57:53,37.2000,62,2
2026-05-20,600036,13:57:56,37.2100,23,1
2026-05-20,600036,13:57:59,37.2100,77,1
2026-05-20,600036,13:58:02,37.2100,31,1
2026-05-20,600036,13:58:05,37.2100,48,1
2026-05-20,600036,13:58:08,37.2100,7,1
2026-05-20,600036,13:58:11,37.2100,35,1
2026-05-20,600036,13:58:14,37.2100,37,1
2026-05-20,600036,13:58:17,37.2100,63,1
2026-05-20,600036,13:58:20,37.2100,36,1
2026-05-20,600036,13:58:23,37.2100,77,1
2026-05-20,600036,13:58:26,37.2000,62,2
2026-05-20,600036,13:58:29,37.2100,53,1
2026-05-20,600036,13:58:32,37.2000,61,2
2026-05-20,600036,13:58:35,37.2000,36,2
2026-05-20,600036,13:58:38,37.2100,152,1
2026-05-20,600036,13:58:41,37.2100,71,1
2026-05-20,600036,13:58:44,37.2100,62,1
2026-05-20,600036,13:58:47,37.2100,49,1
2026-05-20,600036,13:58:50,37.2100,185,1
2026-05-20,600036,13:58:53,37.2000,27,2
2026-05-20,600036,13:58:56,37.2100,71,1
2026-05-20,600036,13:58:59,37.2100,61,1
2026-05-20,600036,13:59:02,37.2100,102,1
2026-05-20,600036,13:59:05,37.2100,62,1
2026-05-20,600036,13:59:08,37.2200,134,1
2026-05-20,600036,13:59:11,37.2100,52,1
2026-05-20,600036,13:59:14,37.2100,38,1
2026-05-20,600036,13:59:17,37.2200,74,1
2026-05-20,600036,13:59:20,37.2200,72,1
2026-05-20,600036,13:59:23,37.2100,184,2
2026-05-20,600036,13:59:26,37.2000,194,2
2026-05-20,600036,13:59:29,37.2100,6,1
2026-05-20,600036,13:59:32,37.2200,219,1
2026-05-20,600036,13:59:35,37.2100,12,2
2026-05-20,600036,13:59:38,37.2200,36,1
2026-05-20,600036,13:59:41,37.2200,28,1
2026-05-20,600036,13:59:44,37.2100,17,2
2026-05-20,600036,13:59:47,37.2100,6,2
2026-05-20,600036,13:59:50,37.2200,45,1
2026-05-20,600036,13:59:53,37.2200,58,1
2026-05-20,600036,13:59:56,37.2200,6,1
2026-05-20,600036,13:59:59,37.2200,35,1
2026-05-20,600036,14:00:02,37.2100,36,2
2026-05-20,600036,14:00:05,37.2200,255,1
2026-05-20,600036,14:00:08,37.2200,77,1
2026-05-20,600036,14:00:11,37.2200,28,1
2026-05-20,600036,14:00:14,37.2200,21,1
2026-05-20,600036,14:00:17,37.2100,34,2
2026-05-20,600036,14:00:20,37.2100,136,2
2026-05-20,600036,14:00:23,37.2200,13,1
2026-05-20,600036,14:00:26,37.2200,21,1
2026-05-20,600036,14:00:29,37.2100,113,2
2026-05-20,600036,14:00:32,37.2200,30,1
2026-05-20,600036,14:00:35,37.2200,20,1
2026-05-20,600036,14:00:38,37.2200,54,1
2026-05-20,600036,14:00:41,37.2200,97,1
2026-05-20,600036,14:00:44,37.2200,33,1
2026-05-20,600036,14:00:47,37.2200,171,1
2026-05-20,600036,14:00:50,37.2200,175,1
2026-05-20,600036,14:00:53,37.2200,66,1
2026-05-20,600036,14:00:56,37.2200,115,1
2026-05-20,600036,14:00:59,37.2200,24,1
2026-05-20,600036,14:01:02,37.2100,69,2
2026-05-20,600036,14:01:05,37.2100,418,2
2026-05-20,600036,14:01:08,37.2100,56,2
2026-05-20,600036,14:01:11,37.2200,128,1
2026-05-20,600036,14:01:14,37.2100,5,2
2026-05-20,600036,14:01:17,37.2200,11,1
2026-05-20,600036,14:01:20,37.2200,44,1
2026-05-20,600036,14:01:23,37.2100,90,2
2026-05-20,600036,14:01:26,37.2100,77,2
2026-05-20,600036,14:01:29,37.2100,29,2
2026-05-20,600036,14:01:32,37.2100,69,2
2026-05-20,600036,14:01:35,37.2100,18,2
2026-05-20,600036,14:01:38,37.2200,42,1
2026-05-20,600036,14:01:41,37.2200,61,1
2026-05-20,600036,14:01:44,37.2200,40,1
2026-05-20,600036,14:01:47,37.2200,2,1
2026-05-20,600036,14:01:50,37.2200,24,1
2026-05-20,600036,14:01:53,37.2100,262,2
2026-05-20,600036,14:01:56,37.2100,62,2
2026-05-20,600036,14:01:59,37.2100,72,2
2026-05-20,600036,14:02:02,37.2200,58,1
2026-05-20,600036,14:02:05,37.2100,75,2
2026-05-20,600036,14:02:08,37.2200,45,1
2026-05-20,600036,14:02:11,37.2200,65,1
2026-05-20,600036,14:02:14,37.2200,9,1
2026-05-20,600036,14:02:17,37.2100,38,2
2026-05-20,600036,14:02:20,37.2100,6,2
2026-05-20,600036,14:02:23,37.2200,23,1
2026-05-20,600036,14:02:26,37.2200,52,1
2026-05-20,600036,14:02:29,37.2200,14,1
2026-05-20,600036,14:02:32,37.2200,90,1
2026-05-20,600036,14:02:35,37.2200,66,1
2026-05-20,600036,14:02:38,37.2200,50,1
2026-05-20,600036,14:02:41,37.2200,30,1
2026-05-20,600036,14:02:44,37.2100,35,2
2026-05-20,600036,14:02:47,37.2200,48,1
2026-05-20,600036,14:02:50,37.2100,7,2
2026-05-20,600036,14:02:53,37.2200,46,1
2026-05-20,600036,14:02:56,37.2200,35,1
2026-05-20,600036,14:02:59,37.2100,38,2
2026-05-20,600036,14:03:02,37.2200,145,1
2026-05-20,600036,14:03:05,37.2200,26,1
2026-05-20,600036,14:03:08,37.2200,20,1
2026-05-20,600036,14:03:11,37.2100,5,2
2026-05-20,600036,14:03:14,37.2200,40,1
2026-05-20,600036,14:03:17,37.2100,1338,2
2026-05-20,600036,14:03:20,37.2100,73,2
2026-05-20,600036,14:03:23,37.2000,94,2
2026-05-20,600036,14:03:26,37.2000,37,2
2026-05-20,600036,14:03:29,37.2000,32,2
2026-05-20,600036,14:03:32,37.2100,18,1
2026-05-20,600036,14:03:35,37.2000,50,2
2026-05-20,600036,14:03:38,37.2100,66,1
2026-05-20,600036,14:03:41,37.2100,67,1
2026-05-20,600036,14:03:44,37.2100,89,1
2026-05-20,600036,14:03:47,37.2000,52,2
2026-05-20,600036,14:03:50,37.2000,1,2
2026-05-20,600036,14:03:53,37.2000,43,2
2026-05-20,600036,14:03:56,37.2000,101,2
2026-05-20,600036,14:03:59,37.2100,135,1
2026-05-20,600036,14:04:02,37.2000,104,2
2026-05-20,600036,14:04:05,37.2100,27,1
2026-05-20,600036,14:04:08,37.2100,70,1
2026-05-20,600036,14:04:11,37.2100,9,1
2026-05-20,600036,14:04:14,37.2000,105,2
2026-05-20,600036,14:04:17,37.2100,985,1
2026-05-20,600036,14:04:20,37.2100,76,1
2026-05-20,600036,14:04:23,37.2000,95,2
2026-05-20,600036,14:04:26,37.2100,218,4
2026-05-20,600036,14:04:29,37.2000,95,2
2026-05-20,600036,14:04:32,37.2000,78,2
2026-05-20,600036,14:04:35,37.2100,66,1
2026-05-20,600036,14:04:38,37.2100,74,1
2026-05-20,600036,14:04:41,37.2000,15,2
2026-05-20,600036,14:04:44,37.2100,34,1
2026-05-20,600036,14:04:47,37.2100,51,1
2026-05-20,600036,14:04:50,37.2100,37,1
2026-05-20,600036,14:04:53,37.2100,34,1
2026-05-20,600036,14:04:57,37.2100,26,1
2026-05-20,600036,14:04:59,37.2100,4,1
2026-05-20,600036,14:05:02,37.2000,33,2
2026-05-20,600036,14:05:05,37.2100,88,1
2026-05-20,600036,14:05:08,37.2100,46,1
2026-05-20,600036,14:05:11,37.2100,30,1
2026-05-20,600036,14:05:14,37.2000,55,2
2026-05-20,600036,14:05:17,37.2000,53,2
2026-05-20,600036,14:05:20,37.2100,10,1
2026-05-20,600036,14:05:23,37.2000,46,2
2026-05-20,600036,14:05:26,37.2000,776,2
2026-05-20,600036,14:05:29,37.2100,80,1
2026-05-20,600036,14:05:32,37.2000,18,2
2026-05-20,600036,14:05:35,37.2000,133,2
2026-05-20,600036,14:05:38,37.2100,1824,1
2026-05-20,600036,14:05:41,37.2100,33,1
2026-05-20,600036,14:05:44,37.2100,108,1
2026-05-20,600036,14:05:47,37.2100,44,1
2026-05-20,600036,14:05:50,37.2000,72,2
2026-05-20,600036,14:05:53,37.2100,94,1
2026-05-20,600036,14:05:56,37.2000,938,2
2026-05-20,600036,14:05:59,37.2000,73,2
2026-05-20,600036,14:06:02,37.2100,83,1
2026-05-20,600036,14:06:05,37.2200,64,1
2026-05-20,600036,14:06:08,37.2100,809,2
2026-05-20,600036,14:06:11,37.2200,52,1
2026-05-20,600036,14:06:14,37.2100,55,2
2026-05-20,600036,14:06:17,37.2100,54,2
2026-05-20,600036,14:06:20,37.2200,42,1
2026-05-20,600036,14:06:23,37.2100,5,2
2026-05-20,600036,14:06:26,37.2200,63,1
2026-05-20,600036,14:06:29,37.2200,23,1
2026-05-20,600036,14:06:32,37.2100,12,2
2026-05-20,600036,14:06:35,37.2100,29,2
2026-05-20,600036,14:06:38,37.2200,69,1
2026-05-20,600036,14:06:41,37.2200,285,1
2026-05-20,600036,14:06:44,37.2200,31,1
2026-05-20,600036,14:06:47,37.2100,37,2
2026-05-20,600036,14:06:50,37.2200,49,1
2026-05-20,600036,14:06:53,37.2100,72,2
2026-05-20,600036,14:06:56,37.2200,36,1
2026-05-20,600036,14:06:59,37.2200,52,1
2026-05-20,600036,14:07:02,37.2100,31,2
2026-05-20,600036,14:07:05,37.2100,69,2
2026-05-20,600036,10:56:32,37.3000,38,2
2026-05-20,600036,10:56:35,37.3100,292,1
2026-05-20,600036,10:56:38,37.3100,85,1
2026-05-20,600036,10:56:41,37.3100,43,1
2026-05-20,600036,10:56:44,37.3100,23,1
2026-05-20,600036,10:56:47,37.3100,93,1
2026-05-20,600036,10:56:50,37.3000,31,2
2026-05-20,600036,10:56:53,37.3100,21,1
2026-05-20,600036,10:56:56,37.3000,101,2
2026-05-20,600036,10:56:59,37.3000,63,2
2026-05-20,600036,10:57:02,37.3100,31,1
2026-05-20,600036,10:57:05,37.3100,28,1
2026-05-20,600036,10:57:08,37.3000,9,2
2026-05-20,600036,10:57:11,37.3100,2,1
2026-05-20,600036,10:57:14,37.3100,16,1
2026-05-20,600036,10:57:17,37.3100,48,1
2026-05-20,600036,10:57:20,37.3100,131,1
2026-05-20,600036,10:57:23,37.3100,3,1
2026-05-20,600036,10:57:26,37.3100,1,1
2026-05-20,600036,10:57:29,37.3000,7,2
2026-05-20,600036,10:57:32,37.3100,28,1
2026-05-20,600036,10:57:35,37.3100,38,1
2026-05-20,600036,10:57:38,37.3100,14,1
2026-05-20,600036,10:57:41,37.3100,14,1
2026-05-20,600036,10:57:47,37.3100,42,1
2026-05-20,600036,10:57:50,37.3100,60,1
2026-05-20,600036,10:57:53,37.3000,13,2
2026-05-20,600036,10:57:56,37.3100,8,1
2026-05-20,600036,10:57:59,37.3100,49,1
2026-05-20,600036,10:58:02,37.3000,43,2
2026-05-20,600036,10:58:05,37.3100,91,1
2026-05-20,600036,10:58:08,37.3100,49,1
2026-05-20,600036,10:58:11,37.3100,69,1
2026-05-20,600036,10:58:14,37.3000,42,2
2026-05-20,600036,10:58:17,37.3100,24,1
2026-05-20,600036,10:58:20,37.3100,22,1
2026-05-20,600036,10:58:23,37.3100,2,1
2026-05-20,600036,10:58:26,37.3000,176,2
2026-05-20,600036,10:58:29,37.3100,36,1
2026-05-20,600036,10:58:32,37.3100,254,1
2026-05-20,600036,10:58:35,37.3000,23,2
2026-05-20,600036,10:58:38,37.3100,14,1
2026-05-20,600036,10:58:41,37.3000,861,2
2026-05-20,600036,10:58:44,37.3100,15,1
2026-05-20,600036,10:58:47,37.3000,38,2
2026-05-20,600036,10:58:50,37.3000,3,2
2026-05-20,600036,10:58:53,37.3100,88,1
2026-05-20,600036,10:58:56,37.3000,24,2
2026-05-20,600036,10:58:59,37.3000,13,2
2026-05-20,600036,10:59:02,37.3000,202,2
2026-05-20,600036,10:59:05,37.3100,1,1
2026-05-20,600036,10:59:08,37.3000,3,2
2026-05-20,600036,10:59:11,37.3100,5,1
2026-05-20,600036,10:59:14,37.3100,33,1
2026-05-20,600036,10:59:17,37.3100,124,1
2026-05-20,600036,10:59:20,37.3200,54,1
2026-05-20,600036,10:59:23,37.3100,1,1
2026-05-20,600036,10:59:26,37.3000,1,2
2026-05-20,600036,10:59:29,37.3000,39,2
2026-05-20,600036,10:59:32,37.3000,42,2
2026-05-20,600036,10:59:35,37.3100,53,1
2026-05-20,600036,10:59:38,37.3100,41,1
2026-05-20,600036,10:59:41,37.3200,127,1
2026-05-20,600036,10:59:44,37.3200,194,1
2026-05-20,600036,10:59:47,37.3200,240,1
2026-05-20,600036,10:59:50,37.3200,70,1
2026-05-20,600036,10:59:53,37.3300,123,1
2026-05-20,600036,10:59:56,37.3200,10,4
2026-05-20,600036,10:59:59,37.3200,226,1
2026-05-20,600036,11:00:02,37.3300,90,1
2026-05-20,600036,11:00:05,37.3300,8,1
2026-05-20,600036,11:00:08,37.3200,26,2
2026-05-20,600036,11:00:11,37.3300,51,1
2026-05-20,600036,11:00:14,37.3200,136,2
2026-05-20,600036,11:00:17,37.3200,22,2
2026-05-20,600036,11:00:20,37.3200,6,2
2026-05-20,600036,11:00:23,37.3300,96,1
2026-05-20,600036,11:00:26,37.3200,62,2
2026-05-20,600036,11:00:29,37.3300,118,1
2026-05-20,600036,11:00:32,37.3200,37,2
2026-05-20,600036,11:00:35,37.3200,19,2
2026-05-20,600036,11:00:38,37.3300,53,1
2026-05-20,600036,11:00:41,37.3300,6,1
2026-05-20,600036,11:00:44,37.3200,280,2
2026-05-20,600036,11:00:47,37.3100,35,2
2026-05-20,600036,11:00:50,37.3100,23,2
2026-05-20,600036,11:00:53,37.3100,53,2
2026-05-20,600036,11:00:56,37.3100,75,2
2026-05-20,600036,11:00:59,37.3100,15,2
2026-05-20,600036,11:01:02,37.3100,34,2
2026-05-20,600036,11:01:05,37.3100,118,2
2026-05-20,600036,11:01:08,37.3100,35,2
2026-05-20,600036,11:01:11,37.3200,1,1
2026-05-20,600036,11:01:14,37.3100,26,2
2026-05-20,600036,11:01:17,37.3100,4,2
2026-05-20,600036,11:01:23,37.3100,23,2
2026-05-20,600036,11:01:27,37.3100,4,2
2026-05-20,600036,11:01:29,37.3200,7,1
2026-05-20,600036,11:01:32,37.3200,117,1
2026-05-20,600036,11:01:35,37.3200,230,1
2026-05-20,600036,11:01:38,37.3100,21,2
2026-05-20,600036,11:01:41,37.3200,217,1
2026-05-20,600036,11:01:44,37.3200,296,1
2026-05-20,600036,11:01:47,37.3300,42,1
2026-05-20,600036,11:01:50,37.3200,32,2
2026-05-20,600036,11:01:53,37.3300,1,1
2026-05-20,600036,11:01:56,37.3200,15,2
2026-05-20,600036,11:01:59,37.3300,10,1
2026-05-20,600036,11:02:02,37.3200,114,2
2026-05-20,600036,11:02:05,37.3300,22,1
2026-05-20,600036,11:02:08,37.3300,45,1
2026-05-20,600036,11:02:11,37.3200,25,2
2026-05-20,600036,11:02:14,37.3200,30,2
2026-05-20,600036,11:02:17,37.3300,18,1
2026-05-20,600036,11:02:20,37.3200,2,2
2026-05-20,600036,11:02:23,37.3300,4,1
2026-05-20,600036,11:02:26,37.3200,406,2
2026-05-20,600036,11:02:29,37.3200,9,1
2026-05-20,600036,11:02:32,37.3200,15,1
2026-05-20,600036,11:02:35,37.3200,267,1
2026-05-20,600036,11:02:38,37.3200,16,1
2026-05-20,600036,11:02:41,37.3200,7,1
2026-05-20,600036,11:02:44,37.3200,23,1
2026-05-20,600036,11:02:47,37.3200,2,1
2026-05-20,600036,11:02:50,37.3200,13,1
2026-05-20,600036,11:02:53,37.3200,8,1
2026-05-20,600036,11:02:56,37.3100,28,2
2026-05-20,600036,11:02:59,37.3200,29,1
2026-05-20,600036,11:03:02,37.3100,57,2
2026-05-20,600036,11:03:05,37.3100,490,2
2026-05-20,600036,11:03:08,37.3000,52,2
2026-05-20,600036,11:03:11,37.3100,33,1
2026-05-20,600036,11:03:14,37.3000,57,2
2026-05-20,600036,11:03:17,37.3100,55,1
2026-05-20,600036,11:03:20,37.3100,37,1
2026-05-20,600036,11:03:23,37.3100,20,1
2026-05-20,600036,11:03:26,37.3100,60,1
2026-05-20,600036,11:03:29,37.3100,38,1
2026-05-20,600036,11:03:32,37.3100,82,1
2026-05-20,600036,11:03:35,37.3100,54,1
2026-05-20,600036,11:03:38,37.3100,8,1
2026-05-20,600036,11:03:41,37.3100,7,1
2026-05-20,600036,11:03:44,37.3100,219,1
2026-05-20,600036,11:03:47,37.3100,28,1
2026-05-20,600036,11:03:50,37.3100,13,1
2026-05-20,600036,11:03:53,37.3100,13,1
2026-05-20,600036,11:03:56,37.3100,21,1
2026-05-20,600036,11:03:59,37.3000,1,2
2026-05-20,600036,11:04:02,37.3000,32,2
2026-05-20,600036,11:04:05,37.3000,243,2
2026-05-20,600036,11:04:08,37.3000,22,2
2026-05-20,600036,11:04:11,37.3100,82,1
2026-05-20,600036,11:04:17,37.3100,20,1
2026-05-20,600036,11:04:20,37.3000,93,2
2026-05-20,600036,11:04:23,37.3100,20,1
2026-05-20,600036,11:04:26,37.3100,10,1
2026-05-20,600036,11:04:29,37.3100,10,1
2026-05-20,600036,11:04:32,37.3100,33,1
2026-05-20,600036,11:04:35,37.3000,23,2
2026-05-20,600036,11:04:38,37.3100,4,1
2026-05-20,600036,11:04:41,37.3100,30,1
2026-05-20,600036,11:04:44,37.3100,23,1
2026-05-20,600036,11:04:47,37.3100,29,1
2026-05-20,600036,11:04:50,37.3100,15,1
2026-05-20,600036,11:04:53,37.3100,17,1
2026-05-20,600036,11:04:56,37.3100,41,1
2026-05-20,600036,11:04:59,37.3100,10,1
2026-05-20,600036,11:05:02,37.3100,398,1
2026-05-20,600036,11:05:05,37.3100,243,1
2026-05-20,600036,11:05:08,37.3100,65,1
2026-05-20,600036,11:05:11,37.3100,13,1
2026-05-20,600036,11:05:14,37.3100,16,1
2026-05-20,600036,11:05:17,37.3100,83,1
2026-05-20,600036,11:05:20,37.3100,3,1
2026-05-20,600036,11:05:23,37.3100,16,1
2026-05-20,600036,11:05:26,37.3100,41,1
2026-05-20,600036,11:05:29,37.3100,53,1
2026-05-20,600036,11:05:32,37.3000,61,2
2026-05-20,600036,11:05:35,37.3000,183,2
2026-05-20,600036,11:05:38,37.3100,6,1
2026-05-20,600036,11:05:41,37.3100,5,1
2026-05-20,600036,11:05:44,37.3000,18,2
2026-05-20,600036,11:05:47,37.3100,170,1
2026-05-20,600036,11:05:50,37.3000,2,2
2026-05-20,600036,11:05:53,37.3000,140,2
2026-05-20,600036,11:05:56,37.3000,8,2
2026-05-20,600036,11:06:00,37.3100,9,1
2026-05-20,600036,11:06:02,37.3100,18,1
2026-05-20,600036,11:06:05,37.3000,26,2
2026-05-20,600036,11:06:08,37.3100,55,1
2026-05-20,600036,11:06:11,37.3100,85,1
2026-05-20,600036,11:06:14,37.3100,111,1
2026-05-20,600036,11:06:17,37.3000,41,2
2026-05-20,600036,11:06:20,37.3000,46,2
2026-05-20,600036,11:06:23,37.3100,31,1
2026-05-20,600036,11:06:26,37.3000,20,2
2026-05-20,600036,11:06:29,37.3000,811,2
2026-05-20,600036,11:06:32,37.3100,72,1
2026-05-20,600036,11:06:35,37.3100,53,1
2026-05-20,600036,11:06:38,37.3100,13,1
2026-05-20,600036,11:06:41,37.3100,47,1
2026-05-20,600036,11:06:44,37.3100,102,1
2026-05-20,600036,11:06:47,37.3100,157,1
2026-05-20,600036,11:06:50,37.3100,156,1
2026-05-20,600036,11:06:53,37.3100,115,1
2026-05-20,600036,11:06:56,37.3100,127,1
2026-05-20,600036,11:07:00,37.3000,39,2
2026-05-20,600036,11:07:02,37.3000,24,2
2026-05-20,600036,11:07:05,37.3000,108,2
2026-05-20,600036,11:07:08,37.3000,4,2
2026-05-20,600036,11:07:14,37.3100,2,1
2026-05-20,600036,11:07:17,37.3000,22,2
2026-05-20,600036,11:07:20,37.3000,13,2
2026-05-20,600036,11:07:23,37.3100,25,1
2026-05-20,600036,11:07:26,37.3100,23,1
2026-05-20,600036,11:07:29,37.3000,42,2
2026-05-20,600036,11:07:32,37.3100,43,1
2026-05-20,600036,11:07:35,37.3000,13,2
2026-05-20,600036,11:07:38,37.3100,23,1
2026-05-20,600036,11:07:41,37.3100,12,1
2026-05-20,600036,11:07:44,37.3100,10,1
2026-05-20,600036,11:07:47,37.3100,105,1
2026-05-20,600036,11:07:50,37.3000,20,2
2026-05-20,600036,11:07:53,37.3000,50,2
2026-05-20,600036,11:07:56,37.3000,56,2
2026-05-20,600036,11:07:59,37.3000,97,2
2026-05-20,600036,11:08:02,37.3100,39,1
2026-05-20,600036,11:08:05,37.3100,64,1
2026-05-20,600036,11:08:08,37.3100,12,1
2026-05-20,600036,11:08:11,37.3000,121,2
2026-05-20,600036,11:08:14,37.3000,31,2
2026-05-20,600036,11:08:17,37.3100,93,1
2026-05-20,600036,11:08:20,37.3100,8,1
2026-05-20,600036,11:08:23,37.3100,61,1
2026-05-20,600036,11:08:26,37.3100,2,1
2026-05-20,600036,11:08:29,37.3100,63,1
2026-05-20,600036,11:08:32,37.3100,65,1
2026-05-20,600036,11:08:35,37.3100,41,1
2026-05-20,600036,11:08:38,37.3100,28,1
2026-05-20,600036,11:08:41,37.3100,60,1
2026-05-20,600036,11:08:44,37.3100,19,1
2026-05-20,600036,11:08:47,37.3100,101,1
2026-05-20,600036,11:08:50,37.3100,279,1
2026-05-20,600036,11:08:53,37.3200,1,1
2026-05-20,600036,11:08:56,37.3100,54,2
2026-05-20,600036,11:08:59,37.3100,126,2
2026-05-20,600036,11:09:02,37.3100,126,2
2026-05-20,600036,11:09:06,37.3100,280,2
2026-05-20,600036,11:09:08,37.3100,210,1
2026-05-20,600036,11:09:11,37.3100,20,1
2026-05-20,600036,11:09:14,37.3100,30,1
2026-05-20,600036,11:09:17,37.3100,58,1
2026-05-20,600036,11:09:20,37.3100,80,1
2026-05-20,600036,11:09:23,37.3100,15,1
2026-05-20,600036,11:09:26,37.3100,33,1
2026-05-20,600036,11:09:29,37.3000,5,2
2026-05-20,600036,11:09:33,37.3100,11,1
2026-05-20,600036,11:09:35,37.3100,603,1
2026-05-20,600036,11:09:38,37.3100,40,1
2026-05-20,600036,11:09:41,37.3100,8,1
2026-05-20,600036,11:09:44,37.3100,29,1
2026-05-20,600036,11:09:47,37.3100,11,1
2026-05-20,600036,11:09:50,37.3100,23,1
2026-05-20,600036,11:09:53,37.3100,12,1
2026-05-20,600036,11:09:56,37.3100,22,1
2026-05-20,600036,11:09:59,37.3100,5,1
2026-05-20,600036,11:10:02,37.3100,114,1
2026-05-20,600036,11:10:05,37.3100,24,1
2026-05-20,600036,11:10:08,37.3100,10,1
2026-05-20,600036,11:10:11,37.3100,9,1
2026-05-20,600036,11:10:14,37.3000,63,2
2026-05-20,600036,11:10:17,37.3000,531,2
2026-05-20,600036,11:10:20,37.3100,930,1
2026-05-20,600036,11:10:23,37.3100,152,1
2026-05-20,600036,11:10:26,37.3100,14,1
2026-05-20,600036,11:10:29,37.3100,30,1
2026-05-20,600036,11:10:32,37.3000,34,2
2026-05-20,600036,11:10:35,37.3000,22,2
2026-05-20,600036,11:10:38,37.3100,36,1
2026-05-20,600036,11:10:41,37.3100,84,1
2026-05-20,600036,11:10:44,37.3000,7,2
2026-05-20,600036,11:10:47,37.3100,4,1
2026-05-20,600036,11:10:50,37.3000,2,2
2026-05-20,600036,11:10:53,37.3000,2,2
2026-05-20,600036,11:10:56,37.3000,95,2
2026-05-20,600036,11:10:59,37.3000,154,2
2026-05-20,600036,11:11:02,37.3000,82,2
2026-05-20,600036,11:11:05,37.3000,379,2
2026-05-20,600036,11:11:08,37.3000,21,2
2026-05-20,600036,11:11:11,37.3000,9,2
2026-05-20,600036,11:11:14,37.3000,48,2
2026-05-20,600036,11:11:17,37.3100,3,1
2026-05-20,600036,11:11:20,37.3000,6,2
2026-05-20,600036,11:11:23,37.3100,2,1
2026-05-20,600036,11:11:26,37.3100,5,1
2026-05-20,600036,11:11:29,37.3000,11,2
2026-05-20,600036,11:11:32,37.3100,22,1
2026-05-20,600036,11:11:35,37.3000,138,2
2026-05-20,600036,11:11:38,37.3100,6,1
2026-05-20,600036,11:11:41,37.3000,761,2
2026-05-20,600036,11:11:44,37.2900,323,2
2026-05-20,600036,11:11:47,37.3000,49,1
2026-05-20,600036,11:11:50,37.2900,132,2
2026-05-20,600036,11:11:53,37.2900,280,2
2026-05-20,600036,11:11:56,37.2900,15,2
2026-05-20,600036,11:12:02,37.2900,7,2
2026-05-20,600036,11:12:05,37.2900,190,2
2026-05-20,600036,11:12:08,37.2900,54,2
2026-05-20,600036,11:12:11,37.2900,8,2
2026-05-20,600036,11:12:14,37.3000,1,1
2026-05-20,600036,11:12:17,37.2900,171,2
2026-05-20,600036,11:12:20,37.2900,1494,2
2026-05-20,600036,11:12:23,37.2900,31,1
2026-05-20,600036,11:12:26,37.2900,15,1
2026-05-20,600036,11:12:29,37.2900,1,1
2026-05-20,600036,11:12:32,37.2900,17,1
2026-05-20,600036,11:12:35,37.2900,389,1
2026-05-20,600036,11:12:38,37.2800,41,2
2026-05-20,600036,11:12:41,37.2800,13,2
2026-05-20,600036,11:12:44,37.2800,109,2
2026-05-20,600036,11:12:47,37.2800,19,2
2026-05-20,600036,11:12:50,37.2800,17,2
2026-05-20,600036,11:12:53,37.2800,54,2
2026-05-20,600036,11:12:56,37.2800,65,2
2026-05-20,600036,11:12:59,37.2900,82,1
2026-05-20,600036,11:13:02,37.2800,264,2
2026-05-20,600036,11:13:05,37.2800,183,2
2026-05-20,600036,11:13:08,37.2900,97,1
2026-05-20,600036,11:13:11,37.2800,885,2
2026-05-20,600036,11:13:14,37.2700,686,2
2026-05-20,600036,11:13:17,37.2700,426,2
2026-05-20,600036,11:13:20,37.2700,892,2
2026-05-20,600036,11:13:23,37.2600,62,2
2026-05-20,600036,11:13:27,37.2600,595,2
2026-05-20,600036,11:13:29,37.2600,78,2
2026-05-20,600036,11:13:32,37.2600,184,2
2026-05-20,600036,11:13:35,37.2500,96,2
2026-05-20,600036,11:13:38,37.2500,231,2
2026-05-20,600036,11:13:41,37.2500,179,2
2026-05-20,600036,11:13:44,37.2500,7,2
2026-05-20,600036,11:13:47,37.2600,232,1
2026-05-20,600036,11:13:50,37.2600,3,1
2026-05-20,600036,11:13:53,37.2600,15,1
2026-05-20,600036,11:13:56,37.2600,414,1
2026-05-20,600036,11:13:59,37.2600,70,1
2026-05-20,600036,11:14:02,37.2600,61,1
2026-05-20,600036,11:14:05,37.2600,542,1
2026-05-20,600036,11:14:08,37.2600,128,1
2026-05-20,600036,11:14:11,37.2600,165,1
2026-05-20,600036,11:14:14,37.2600,60,1
2026-05-20,600036,11:14:17,37.2600,110,1
2026-05-20,600036,11:14:20,37.2600,9,1
2026-05-20,600036,11:14:23,37.2600,567,1
2026-05-20,600036,11:14:27,37.2600,23,1
2026-05-20,600036,11:14:29,37.2600,18,1
2026-05-20,600036,11:14:32,37.2600,91,1
2026-05-20,600036,11:14:35,37.2600,8,1
2026-05-20,600036,11:14:38,37.2600,65,1
2026-05-20,600036,11:14:41,37.2600,59,1
2026-05-20,600036,11:14:44,37.2600,51,1
2026-05-20,600036,11:14:47,37.2600,473,1
2026-05-20,600036,11:14:50,37.2600,78,2
2026-05-20,600036,11:14:53,37.2600,95,2
2026-05-20,600036,11:14:56,37.2600,69,2
2026-05-20,600036,11:14:59,37.2600,50,2
2026-05-20,600036,11:15:02,37.2600,889,2
2026-05-20,600036,11:15:05,37.2600,34,2
2026-05-20,600036,11:15:08,37.2700,10,1
2026-05-20,600036,11:15:11,37.2700,42,1
2026-05-20,600036,11:15:14,37.2600,133,2
2026-05-20,600036,11:15:17,37.2700,48,1
2026-05-20,600036,11:15:20,37.2600,44,2
2026-05-20,600036,11:15:23,37.2600,62,2
2026-05-20,600036,11:15:26,37.2600,143,2
2026-05-20,600036,11:15:29,37.2600,38,1
2026-05-20,600036,11:15:32,37.2600,98,1
2026-05-20,600036,11:15:35,37.2600,38,1
2026-05-20,600036,11:15:38,37.2600,27,1
2026-05-20,600036,11:15:41,37.2600,63,1
2026-05-20,600036,11:15:44,37.2600,11,1
2026-05-20,600036,11:15:47,37.2500,54,2
2026-05-20,600036,11:15:50,37.2600,4,1
2026-05-20,600036,11:15:53,37.2600,5,1
2026-05-20,600036,11:15:56,37.2500,14,2
2026-05-20,600036,11:15:59,37.2500,7,2
2026-05-20,600036,11:16:02,37.2500,189,2
2026-05-20,600036,11:16:05,37.2500,69,2
2026-05-20,600036,11:16:08,37.2500,7,2
2026-05-20,600036,11:16:11,37.2600,17,1
2026-05-20,600036,11:16:14,37.2600,32,1
2026-05-20,600036,11:16:17,37.2600,15,1
2026-05-20,600036,11:16:20,37.2500,83,2
2026-05-20,600036,11:16:23,37.2600,166,1
2026-05-20,600036,11:16:26,37.2500,208,2
2026-05-20,600036,11:16:29,37.2500,147,2
2026-05-20,600036,11:16:32,37.2600,33,1
2026-05-20,600036,11:16:35,37.2600,17,1
2026-05-20,600036,11:16:38,37.2600,79,1
2026-05-20,600036,11:16:41,37.2500,26,2
2026-05-20,600036,11:16:44,37.2600,22,1
2026-05-20,600036,11:16:47,37.2600,49,1
2026-05-20,600036,11:16:50,37.2500,58,2
2026-05-20,600036,11:16:53,37.2500,26,2
2026-05-20,600036,11:16:56,37.2500,26,2
2026-05-20,600036,11:16:59,37.2500,38,2
2026-05-20,600036,11:17:02,37.2600,75,1
2026-05-20,600036,11:17:05,37.2500,34,2
2026-05-20,600036,11:17:08,37.2500,91,2
2026-05-20,600036,11:17:11,37.2500,69,2
2026-05-20,600036,11:17:14,37.2600,6,1
2026-05-20,600036,11:17:17,37.2500,47,2
2026-05-20,600036,11:17:20,37.2600,52,1
2026-05-20,600036,11:17:23,37.2500,1392,2
2026-05-20,600036,11:17:26,37.2500,78,1
2026-05-20,600036,11:17:29,37.2500,15,1
2026-05-20,600036,11:17:32,37.2500,217,1
2026-05-20,600036,11:17:35,37.2400,5,2
2026-05-20,600036,11:17:38,37.2500,96,1
2026-05-20,600036,11:17:41,37.2400,390,2
2026-05-20,600036,11:17:44,37.2500,11,1
2026-05-20,600036,11:17:47,37.2500,80,1
2026-05-20,600036,11:17:50,37.2400,9,2
2026-05-20,600036,11:17:53,37.2500,6,1
2026-05-20,600036,11:17:57,37.2500,4,1
2026-05-20,600036,11:17:59,37.2500,5,1
2026-05-20,600036,11:18:02,37.2500,13,1
2026-05-20,600036,11:18:05,37.2400,263,2
2026-05-20,600036,11:18:08,37.2500,114,1
2026-05-20,600036,11:18:11,37.2500,26,1
2026-05-20,600036,11:18:14,37.2500,7,1
2026-05-20,600036,11:18:17,37.2500,16,1
2026-05-20,600036,11:18:20,37.2400,11,2
2026-05-20,600036,11:18:23,37.2500,40,1
2026-05-20,600036,11:18:26,37.2500,30,1
2026-05-20,600036,11:18:29,37.2400,23,2
2026-05-20,600036,11:18:32,37.2500,136,1
2026-05-20,600036,11:18:35,37.2500,112,1
2026-05-20,600036,11:18:38,37.2500,38,1
2026-05-20,600036,11:18:41,37.2500,103,1
2026-05-20,600036,11:18:44,37.2500,13,1
2026-05-20,600036,11:18:47,37.2500,22,1
2026-05-20,600036,11:18:50,37.2500,8,1
2026-05-20,600036,11:18:53,37.2500,66,1
2026-05-20,600036,11:18:56,37.2500,25,1
2026-05-20,600036,11:18:59,37.2500,14,1
2026-05-20,600036,11:19:02,37.2400,28,2
2026-05-20,600036,11:19:05,37.2400,289,2
2026-05-20,600036,11:19:08,37.2400,9,2
2026-05-20,600036,11:19:11,37.2400,48,1
2026-05-20,600036,11:19:14,37.2400,149,1
2026-05-20,600036,11:19:17,37.2300,17,2
2026-05-20,600036,11:19:20,37.2300,10,2
2026-05-20,600036,11:19:23,37.2400,116,1
2026-05-20,600036,11:19:26,37.2400,207,1
2026-05-20,600036,11:19:29,37.2400,23,1
2026-05-20,600036,11:19:33,37.2400,83,1
2026-05-20,600036,11:19:35,37.2400,193,1
2026-05-20,600036,11:19:38,37.2400,19,1
2026-05-20,600036,11:19:41,37.2400,7,1
2026-05-20,600036,11:19:44,37.2400,14,1
2026-05-20,600036,11:19:47,37.2400,2,1
2026-05-20,600036,11:19:50,37.2400,12,1
2026-05-20,600036,11:19:53,37.2300,67,2
2026-05-20,600036,11:19:56,37.2400,80,1
2026-05-20,600036,11:19:59,37.2300,53,2
2026-05-20,600036,11:20:02,37.2400,150,1
2026-05-20,600036,11:20:05,37.2400,42,1
2026-05-20,600036,11:20:08,37.2400,22,1
2026-05-20,600036,11:20:11,37.2400,5,1
2026-05-20,600036,11:20:14,37.2400,5,1
2026-05-20,600036,11:20:17,37.2400,24,1
2026-05-20,600036,11:20:20,37.2400,5,1
2026-05-20,600036,11:20:23,37.2400,148,1
2026-05-20,600036,11:20:26,37.2400,22,1
2026-05-20,600036,11:20:29,37.2300,56,2
2026-05-20,600036,11:20:32,37.2300,289,2
2026-05-20,600036,11:20:35,37.2400,17,1
2026-05-20,600036,11:20:38,37.2300,218,2
2026-05-20,600036,11:20:41,37.2300,37,2
2026-05-20,600036,11:20:44,37.2300,34,2
2026-05-20,600036,11:20:47,37.2400,124,1
2026-05-20,600036,11:20:50,37.2400,24,1
2026-05-20,600036,11:20:53,37.2400,14,1
2026-05-20,600036,11:20:56,37.2400,6,1
2026-05-20,600036,11:20:59,37.2400,50,1
