date,code,time,price,volume,bs
2026-03-09,000333,14:06:24,75.4900,14,2
2026-03-09,000333,14:06:27,75.4900,7,2
2026-03-09,000333,14:06:30,75.4900,4,1
2026-03-09,000333,14:06:33,75.4900,3,1
2026-03-09,000333,14:06:36,75.4900,40,1
2026-03-09,000333,14:06:39,75.4900,12,1
2026-03-09,000333,14:06:42,75.4800,23,2
2026-03-09,000333,14:06:45,75.5000,2,1
2026-03-09,000333,14:06:48,75.5000,3,1
2026-03-09,000333,14:06:51,75.5000,12,1
2026-03-09,000333,14:06:54,75.5000,8,1
2026-03-09,000333,14:06:57,75.5000,16,1
2026-03-09,000333,14:07:00,75.5000,43,1
2026-03-09,000333,14:07:03,75.5000,9,2
2026-03-09,000333,14:07:06,75.5100,41,2
2026-03-09,000333,14:07:09,75.5100,4,1
2026-03-09,000333,14:07:12,75.5100,60,1
2026-03-09,000333,14:07:15,75.5200,33,1
2026-03-09,000333,14:07:18,75.5200,18,1
2026-03-09,000333,14:07:21,75.5200,14,1
2026-03-09,000333,14:07:24,75.5200,3,1
2026-03-09,000333,14:07:27,75.5200,59,1
2026-03-09,000333,14:07:30,75.5200,42,1
2026-03-09,000333,14:07:33,75.5200,27,1
2026-03-09,000333,14:07:36,75.5200,33,1
2026-03-09,000333,14:07:39,75.5200,21,1
2026-03-09,000333,14:07:42,75.5100,109,2
2026-03-09,000333,14:07:45,75.5200,2,2
2026-03-09,000333,14:07:48,75.5300,6,2
2026-03-09,000333,14:07:51,75.5400,3,1
2026-03-09,000333,14:07:54,75.5400,43,1
2026-03-09,000333,14:08:00,75.5300,21,2
2026-03-09,000333,14:08:03,75.5400,11,1
2026-03-09,000333,14:08:06,75.5500,32,1
2026-03-09,000333,14:08:09,75.5400,20,2
2026-03-09,000333,14:08:12,75.5400,17,1
2026-03-09,000333,14:08:15,75.5300,43,2
2026-03-09,000333,14:08:18,75.5400,1,1
2026-03-09,000333,14:08:21,75.5400,9,1
2026-03-09,000333,14:08:24,75.5400,13,1
2026-03-09,000333,14:08:27,75.5100,117,2
2026-03-09,000333,14:08:30,75.5100,59,2
2026-03-09,000333,14:08:33,75.5100,7,1
2026-03-09,000333,14:08:36,75.5100,43,1
2026-03-09,000333,14:08:39,75.5100,97,1
2026-03-09,000333,14:08:42,75.5200,40,1
2026-03-09,000333,14:08:45,75.5200,11,1
2026-03-09,000333,14:08:48,75.5300,28,1
2026-03-09,000333,14:08:51,75.5300,82,1
2026-03-09,000333,14:08:54,75.5600,20,1
2026-03-09,000333,14:08:57,75.5600,13,1
2026-03-09,000333,14:09:00,75.5600,53,1
2026-03-09,000333,14:09:03,75.5400,52,2
2026-03-09,000333,14:09:06,75.5500,23,4
2026-03-09,000333,14:09:09,75.5500,23,2
2026-03-09,000333,14:09:12,75.5500,22,2
2026-03-09,000333,14:09:15,75.5700,14,1
2026-03-09,000333,14:09:18,75.5400,33,2
2026-03-09,000333,14:09:21,75.5500,10,4
2026-03-09,000333,14:09:24,75.5500,9,1
2026-03-09,000333,14:09:27,75.5500,16,1
2026-03-09,000333,14:09:30,75.5500,9,1
2026-03-09,000333,14:09:33,75.5400,7,2
2026-03-09,000333,14:09:36,75.5500,32,1
2026-03-09,000333,14:09:39,75.5500,4,1
2026-03-09,000333,14:09:42,75.5500,25,1
2026-03-09,000333,14:09:45,75.5500,34,2
2026-03-09,000333,14:09:48,75.5500,3,1
2026-03-09,000333,14:09:51,75.5400,57,2
2026-03-09,000333,14:09:54,75.5200,48,2
2026-03-09,000333,14:09:57,75.5500,15,1
2026-03-09,000333,14:10:00,75.5500,10,1
2026-03-09,000333,14:10:03,75.5300,6,2
2026-03-09,000333,14:10:06,75.5500,14,1
2026-03-09,000333,14:10:09,75.5500,7,1
2026-03-09,000333,14:10:12,75.5500,49,1
2026-03-09,000333,14:10:15,75.5500,6,1
2026-03-09,000333,14:10:18,75.5400,20,2
2026-03-09,000333,14:10:21,75.5400,51,2
2026-03-09,000333,14:10:24,75.5600,45,1
2026-03-09,000333,14:10:27,75.5700,65,1
2026-03-09,000333,14:10:30,75.5700,43,1
2026-03-09,000333,14:10:33,75.5700,37,1
2026-03-09,000333,14:10:36,75.5700,22,1
2026-03-09,000333,14:10:39,75.5700,24,1
2026-03-09,000333,14:10:42,75.5700,1,1
2026-03-09,000333,14:10:45,75.5700,40,1
2026-03-09,000333,14:10:48,75.5600,11,2
2026-03-09,000333,14:10:51,75.5600,1,2
2026-03-09,000333,14:10:54,75.5600,21,2
2026-03-09,000333,14:10:57,75.5700,8,1
2026-03-09,000333,14:11:00,75.5700,8,1
2026-03-09,000333,14:11:03,75.5700,18,1
2026-03-09,000333,14:11:06,75.5700,26,1
2026-03-09,000333,14:11:09,75.5700,8,1
2026-03-09,000333,14:11:12,75.5700,32,1
2026-03-09,000333,14:11:15,75.5600,4,2
2026-03-09,000333,14:11:18,75.5700,13,1
2026-03-09,000333,14:11:21,75.5600,7,2
2026-03-09,000333,14:11:24,75.5600,118,2
2026-03-09,000333,14:11:27,75.5600,47,2
2026-03-09,000333,14:11:30,75.5500,21,2
2026-03-09,000333,14:11:33,75.5500,23,2
2026-03-09,000333,14:11:36,75.5500,63,2
2026-03-09,000333,14:11:39,75.5500,6,2
2026-03-09,000333,14:11:42,75.5500,38,2
2026-03-09,000333,14:11:45,75.5500,50,2
2026-03-09,000333,14:11:48,75.5400,27,2
2026-03-09,000333,14:11:51,75.5300,54,2
2026-03-09,000333,14:11:54,75.5300,19,2
2026-03-09,000333,14:11:57,75.5300,25,2
2026-03-09,000333,14:12:00,75.5300,11,2
2026-03-09,000333,14:12:03,75.5200,37,2
2026-03-09,000333,14:12:06,75.5300,26,1
2026-03-09,000333,14:12:09,75.5300,33,1
2026-03-09,000333,14:12:12,75.5400,15,1
2026-03-09,000333,14:12:15,75.5400,2,1
2026-03-09,000333,14:12:18,75.5400,64,1
2026-03-09,000333,14:12:21,75.5400,4,1
2026-03-09,000333,14:12:24,75.5400,24,1
2026-03-09,000333,14:12:27,75.5400,44,1
2026-03-09,000333,14:12:30,75.5400,41,2
2026-03-09,000333,14:12:33,75.5400,34,4
2026-03-09,000333,14:12:36,75.5400,58,2
2026-03-09,000333,14:12:39,75.5500,9,4
2026-03-09,000333,14:12:42,75.5600,33,1
2026-03-09,000333,14:12:45,75.5600,9,1
2026-03-09,000333,14:12:48,75.5600,24,1
2026-03-09,000333,14:12:51,75.5700,30,1
2026-03-09,000333,14:12:54,75.5700,7,1
2026-03-09,000333,14:12:57,75.5700,29,1
2026-03-09,000333,14:13:00,75.5700,54,1
2026-03-09,000333,14:13:03,75.5700,28,1
2026-03-09,000333,14:13:06,75.5700,86,1
2026-03-09,000333,14:13:09,75.5700,12,2
2026-03-09,000333,14:13:12,75.5800,16,1
2026-03-09,000333,14:13:15,75.5800,33,1
2026-03-09,000333,14:13:18,75.5800,26,1
2026-03-09,000333,14:13:21,75.5800,14,1
2026-03-09,000333,14:13:24,75.5800,33,1
2026-03-09,000333,14:13:27,75.5700,15,2
2026-03-09,000333,14:13:30,75.5700,12,2
2026-03-09,000333,14:13:33,75.5600,11,2
2026-03-09,000333,14:13:36,75.5600,21,2
2026-03-09,000333,14:13:39,75.5700,15,1
2026-03-09,000333,14:13:42,75.5700,1,1
2026-03-09,000333,14:13:45,75.5700,19,1
2026-03-09,000333,14:13:48,75.5700,9,1
2026-03-09,000333,14:13:51,75.5700,9,1
2026-03-09,000333,14:13:54,75.5700,9,1
2026-03-09,000333,14:13:57,75.5700,19,1
2026-03-09,000333,14:14:00,75.5700,40,1
2026-03-09,000333,14:14:03,75.5700,66,2
2026-03-09,000333,14:14:06,75.5700,50,1
2026-03-09,000333,14:14:09,75.5700,5,2
2026-03-09,000333,14:14:12,75.5700,5,2
2026-03-09,000333,14:14:15,75.5800,13,1
2026-03-09,000333,14:14:18,75.5800,29,1
2026-03-09,000333,14:14:21,75.5800,15,1
2026-03-09,000333,14:14:27,75.5700,10,2
2026-03-09,000333,14:14:30,75.5700,46,2
2026-03-09,000333,14:14:33,75.5800,31,1
2026-03-09,000333,14:14:36,75.5800,73,1
2026-03-09,000333,14:14:39,75.5800,9,4
2026-03-09,000333,14:14:42,75.5900,5,1
2026-03-09,000333,14:14:45,75.5900,36,1
2026-03-09,000333,14:14:48,75.5900,14,1
2026-03-09,000333,14:14:51,75.5800,16,2
2026-03-09,000333,14:14:54,75.5900,30,1
2026-03-09,000333,14:14:57,75.5800,28,2
2026-03-09,000333,14:15:00,75.5800,44,1
2026-03-09,000333,14:15:03,75.5800,11,1
2026-03-09,000333,14:15:06,75.5900,59,1
2026-03-09,000333,14:15:09,75.5800,82,2
2026-03-09,000333,14:15:12,75.5900,26,1
2026-03-09,000333,14:15:15,75.5800,6,2
2026-03-09,000333,14:15:18,75.5800,3,2
2026-03-09,000333,14:15:21,75.5900,29,1
2026-03-09,000333,14:15:24,75.5800,3,4
2026-03-09,000333,14:15:27,75.5800,14,1
2026-03-09,000333,14:15:30,75.5800,19,1
2026-03-09,000333,14:15:33,75.5800,50,1
2026-03-09,000333,14:15:36,75.5800,16,1
2026-03-09,000333,14:15:39,75.5800,31,1
2026-03-09,000333,14:15:42,75.5800,33,1
2026-03-09,000333,14:15:45,75.5800,10,1
2026-03-09,000333,14:15:48,75.5700,18,2
2026-03-09,000333,14:15:51,75.5700,1,2
2026-03-09,000333,14:15:54,75.5700,17,2
2026-03-09,000333,14:15:57,75.5800,20,1
2026-03-09,000333,14:16:00,75.5800,69,1
2026-03-09,000333,14:16:03,75.5800,7,1
2026-03-09,000333,14:16:06,75.5800,41,1
2026-03-09,000333,14:16:09,75.5700,16,2
2026-03-09,000333,14:16:12,75.5800,16,1
2026-03-09,000333,14:16:15,75.5900,17,1
2026-03-09,000333,14:16:18,75.5600,94,2
2026-03-09,000333,14:16:21,75.5400,226,2
2026-03-09,000333,14:16:24,75.5400,155,2
2026-03-09,000333,14:16:27,75.5300,35,2
2026-03-09,000333,14:16:30,75.5300,40,2
2026-03-09,000333,14:16:33,75.5300,14,1
2026-03-09,000333,14:16:36,75.5200,37,2
2026-03-09,000333,14:16:39,75.5300,31,1
2026-03-09,000333,14:16:42,75.5300,2,1
2026-03-09,000333,14:16:45,75.5300,26,1
2026-03-09,000333,14:16:48,75.5300,47,1
2026-03-09,000333,14:16:51,75.5300,4,1
2026-03-09,000333,14:16:54,75.5300,1,2
2026-03-09,000333,14:16:57,75.5400,60,1
2026-03-09,000333,14:17:00,75.5300,5,2
2026-03-09,000333,14:17:03,75.5300,30,2
2026-03-09,000333,14:17:06,75.5500,252,1
2026-03-09,000333,14:17:09,75.5600,52,1
2026-03-09,000333,14:17:12,75.5700,26,4
2026-03-09,000333,14:17:15,75.5700,18,2
2026-03-09,000333,14:17:18,75.5900,21,1
2026-03-09,000333,14:17:21,75.5800,39,2
2026-03-09,000333,14:17:24,75.5900,33,1
2026-03-09,000333,14:17:27,75.5900,19,1
2026-03-09,000333,14:17:30,75.5800,16,2
2026-03-09,000333,14:17:33,75.5700,44,2
2026-03-09,000333,14:17:36,75.5800,21,1
2026-03-09,000333,14:17:39,75.5800,21,1
2026-03-09,000333,14:17:42,75.5800,8,1
2026-03-09,000333,14:17:45,75.5800,14,1
2026-03-09,000333,14:17:48,75.5800,68,1
2026-03-09,000333,14:17:51,75.5800,80,2
2026-03-09,000333,14:17:54,75.5900,22,1
2026-03-09,000333,14:17:57,75.5900,30,1
2026-03-09,000333,14:18:00,75.5700,26,2
2026-03-09,000333,14:18:03,75.5700,16,2
2026-03-09,000333,14:18:06,75.5700,28,2
2026-03-09,000333,14:18:09,75.5700,31,2
2026-03-09,000333,14:18:12,75.5800,29,1
2026-03-09,000333,14:18:15,75.5800,3,1
2026-03-09,000333,14:18:18,75.5700,28,2
2026-03-09,000333,14:18:21,75.5700,16,2
2026-03-09,000333,14:18:24,75.5800,4,1
2026-03-09,000333,14:18:27,75.5700,16,2
2026-03-09,000333,14:18:30,75.5600,176,2
2026-03-09,000333,14:18:33,75.5600,57,2
2026-03-09,000333,14:18:36,75.5600,56,1
2026-03-09,000333,14:18:39,75.5500,10,4
2026-03-09,000333,14:18:42,75.5500,29,1
2026-03-09,000333,14:18:45,75.5500,1,1
2026-03-09,000333,14:18:48,75.5500,20,1
2026-03-09,000333,14:18:51,75.5500,65,1
2026-03-09,000333,14:18:54,75.5400,74,2
2026-03-09,000333,14:18:57,75.5500,16,1
2026-03-09,000333,14:19:00,75.5500,29,1
2026-03-09,000333,14:19:03,75.5400,53,2
2026-03-09,000333,14:19:06,75.5400,126,2
2026-03-09,000333,14:19:09,75.5500,18,1
2026-03-09,000333,14:19:12,75.5500,10,1
2026-03-09,000333,14:19:15,75.5500,26,1
2026-03-09,000333,14:19:18,75.5400,40,2
2026-03-09,000333,14:19:21,75.5500,20,1
2026-03-09,000333,14:19:24,75.5500,44,1
2026-03-09,000333,14:19:27,75.5600,24,1
2026-03-09,000333,14:19:30,75.5600,61,1
2026-03-09,000333,14:19:33,75.5600,32,1
2026-03-09,000333,14:19:36,75.5600,30,1
2026-03-09,000333,14:19:39,75.5600,17,1
2026-03-09,000333,14:19:45,75.5600,34,1
2026-03-09,000333,14:19:48,75.5500,11,2
2026-03-09,000333,14:19:51,75.5600,30,1
2026-03-09,000333,14:19:54,75.5700,49,1
2026-03-09,000333,14:19:57,75.5900,61,1
2026-03-09,000333,14:20:00,75.5800,12,4
2026-03-09,000333,14:20:03,75.5700,36,2
2026-03-09,000333,14:20:06,75.5800,6,4
2026-03-09,000333,14:20:09,75.5900,3,1
2026-03-09,000333,14:20:12,75.5800,1,2
2026-03-09,000333,14:20:15,75.5900,3,1
2026-03-09,000333,14:20:18,75.5800,129,2
2026-03-09,000333,14:20:21,75.5800,34,1
2026-03-09,000333,14:20:24,75.5800,5,1
2026-03-09,000333,14:20:27,75.5800,58,1
2026-03-09,000333,14:20:33,75.5700,16,2
2026-03-09,000333,14:20:36,75.5800,21,1
2026-03-09,000333,14:20:39,75.5700,32,2
2026-03-09,000333,14:20:42,75.5700,2,2
2026-03-09,000333,14:20:45,75.5800,27,1
2026-03-09,000333,14:20:48,75.5700,33,2
2026-03-09,000333,14:20:51,75.5600,35,2
2026-03-09,000333,14:20:54,75.5600,45,2
2026-03-09,000333,14:20:57,75.5700,13,1
2026-03-09,000333,14:21:00,75.5700,17,1
2026-03-09,000333,14:21:03,75.5700,19,1
2026-03-09,000333,14:21:06,75.5600,22,2
2026-03-09,000333,14:21:09,75.5600,12,2
2026-03-09,000333,14:21:12,75.5600,40,2
2026-03-09,000333,14:21:15,75.5700,13,1
2026-03-09,000333,14:21:18,75.5700,136,1
2026-03-09,000333,14:21:21,75.5600,22,2
2026-03-09,000333,14:21:24,75.5600,40,2
2026-03-09,000333,14:21:27,75.5700,20,1
2026-03-09,000333,14:21:30,75.5600,34,2
2026-03-09,000333,14:21:33,75.5500,47,2
2026-03-09,000333,14:21:36,75.5600,39,4
2026-03-09,000333,14:21:39,75.5700,71,1
2026-03-09,000333,14:21:42,75.5600,15,2
2026-03-09,000333,14:21:45,75.5700,22,1
2026-03-09,000333,14:21:48,75.5600,74,2
2026-03-09,000333,14:21:51,75.5600,102,1
2026-03-09,000333,14:21:54,75.5700,48,1
2026-03-09,000333,14:21:57,75.5600,13,2
2026-03-09,000333,14:22:00,75.5800,199,1
2026-03-09,000333,14:22:03,75.5800,21,1
2026-03-09,000333,14:22:06,75.5700,26,2
2026-03-09,000333,14:22:09,75.5900,35,1
2026-03-09,000333,14:22:12,75.5900,34,1
2026-03-09,000333,14:22:15,75.5900,23,1
2026-03-09,000333,14:22:18,75.5800,128,2
2026-03-09,000333,14:22:21,75.5800,20,1
2026-03-09,000333,14:22:24,75.5800,58,1
2026-03-09,000333,14:22:27,75.5800,15,1
2026-03-09,000333,14:22:30,75.5800,18,1
2026-03-09,000333,14:22:33,75.5700,70,2
2026-03-09,000333,14:22:36,75.5700,77,2
2026-03-09,000333,14:22:39,75.5700,6,2
2026-03-09,000333,14:22:42,75.5800,9,1
2026-03-09,000333,14:22:45,75.5800,46,1
2026-03-09,000333,14:22:48,75.5700,124,2
2026-03-09,000333,14:22:51,75.5700,8,1
2026-03-09,000333,14:22:54,75.5600,69,2
2026-03-09,000333,14:22:57,75.5700,23,1
2026-03-09,000333,14:23:00,75.5600,8,2
2026-03-09,000333,14:23:03,75.5600,24,2
2026-03-09,000333,14:23:06,75.5700,48,1
2026-03-09,000333,14:23:09,75.5600,4,2
2026-03-09,000333,14:23:12,75.5700,1,1
2026-03-09,000333,14:23:15,75.5600,6,2
2026-03-09,000333,14:23:18,75.5600,45,2
2026-03-09,000333,14:23:21,75.5600,108,1
2026-03-09,000333,14:23:24,75.5600,2,1
2026-03-09,000333,14:23:27,75.5700,112,1
2026-03-09,000333,14:23:30,75.5700,8,1
2026-03-09,000333,14:23:33,75.5700,1,1
2026-03-09,000333,14:23:36,75.5700,36,1
2026-03-09,000333,14:23:39,75.5700,24,1
2026-03-09,000333,14:23:42,75.5700,19,1
2026-03-09,000333,14:23:45,75.5700,26,1
2026-03-09,000333,14:23:48,75.5600,108,2
2026-03-09,000333,14:23:51,75.5600,55,1
2026-03-09,000333,14:23:54,75.5700,9,1
2026-03-09,000333,14:23:57,75.5700,21,1
2026-03-09,000333,14:24:00,75.5700,23,1
2026-03-09,000333,14:24:03,75.5600,28,2
2026-03-09,000333,14:24:06,75.5700,75,1
2026-03-09,000333,14:24:09,75.5700,15,1
2026-03-09,000333,14:24:12,75.5600,17,2
2026-03-09,000333,14:24:15,75.5800,30,1
2026-03-09,000333,14:24:18,75.5700,119,2
2026-03-09,000333,14:24:21,75.5700,24,1
2026-03-09,000333,14:24:24,75.5700,22,1
2026-03-09,000333,14:24:27,75.5700,21,2
2026-03-09,000333,14:24:30,75.5700,36,2
2026-03-09,000333,14:24:33,75.5800,47,1
2026-03-09,000333,14:24:36,75.5800,32,1
2026-03-09,000333,14:24:39,75.5800,17,1
2026-03-09,000333,14:24:45,75.5800,46,1
2026-03-09,000333,14:24:48,75.5700,121,2
2026-03-09,000333,14:24:51,75.5800,11,2
2026-03-09,000333,14:24:54,75.5900,21,1
2026-03-09,000333,14:24:57,75.5900,20,1
2026-03-09,000333,14:25:00,75.5900,1,1
2026-03-09,000333,14:25:03,75.5900,13,1
2026-03-09,000333,14:25:06,75.6000,188,1
2026-03-09,000333,14:25:09,75.6000,39,1
2026-03-09,000333,14:25:12,75.5900,2,2
2026-03-09,000333,14:25:15,75.5900,6,2
2026-03-09,000333,14:25:18,75.5900,75,2
2026-03-09,000333,14:25:21,75.5900,3,1
2026-03-09,000333,14:25:24,75.5900,3,1
2026-03-09,000333,14:25:27,75.5900,2,1
2026-03-09,000333,14:25:30,75.5900,23,1
2026-03-09,000333,14:25:33,75.5900,15,1
2026-03-09,000333,14:25:36,75.5900,32,1
2026-03-09,000333,14:25:39,75.5900,51,1
2026-03-09,000333,14:25:42,75.5900,7,1
2026-03-09,000333,14:25:45,75.5800,16,2
2026-03-09,000333,14:25:48,75.5900,139,1
2026-03-09,000333,14:25:51,75.5700,362,2
2026-03-09,000333,14:25:54,75.5700,31,1
2026-03-09,000333,14:25:57,75.5500,300,2
2026-03-09,000333,14:26:00,75.5500,91,2
2026-03-09,000333,14:26:03,75.5500,6,1
2026-03-09,000333,14:26:06,75.5500,42,1
2026-03-09,000333,14:26:09,75.5500,11,1
2026-03-09,000333,14:26:12,75.5500,36,1
2026-03-09,000333,14:26:15,75.5400,21,2
2026-03-09,000333,14:26:18,75.5400,169,2
2026-03-09,000333,14:26:21,75.5500,32,1
2026-03-09,000333,14:26:24,75.5500,8,1
2026-03-09,000333,14:26:27,75.5500,27,1
2026-03-09,000333,14:26:30,75.5500,30,1
2026-03-09,000333,14:26:33,75.5500,72,1
2026-03-09,000333,14:26:36,75.5400,31,2
2026-03-09,000333,14:26:39,75.5500,34,1
2026-03-09,000333,14:26:42,75.5400,26,2
2026-03-09,000333,14:26:45,75.5400,19,2
2026-03-09,000333,14:26:48,75.5500,123,1
2026-03-09,000333,14:26:51,75.5500,11,1
2026-03-09,000333,14:26:54,75.5400,54,2
2026-03-09,000333,14:26:57,75.5500,96,1
2026-03-09,000333,14:27:00,75.5400,26,2
2026-03-09,000333,14:27:03,75.5400,9,2
2026-03-09,000333,14:27:06,75.5500,16,1
2026-03-09,000333,14:27:09,75.5500,16,1
2026-03-09,000333,14:27:12,75.5500,12,1
2026-03-09,000333,14:27:15,75.5500,16,1
2026-03-09,000333,14:27:18,75.5400,26,2
2026-03-09,000333,14:27:21,75.5300,16,2
2026-03-09,000333,14:27:24,75.5300,17,2
2026-03-09,000333,14:27:27,75.5400,3,1
2026-03-09,000333,14:27:30,75.5400,19,1
2026-03-09,000333,14:27:33,75.5300,19,2
2026-03-09,000333,14:27:36,75.5400,48,1
2026-03-09,000333,14:27:39,75.5300,41,2
2026-03-09,000333,14:27:42,75.5400,39,1
2026-03-09,000333,14:27:45,75.5400,10,1
2026-03-09,000333,14:27:48,75.5300,121,2
2026-03-09,000333,14:27:51,75.5400,16,1
2026-03-09,000333,14:27:54,75.5400,4,1
2026-03-09,000333,14:27:57,75.5400,13,1
2026-03-09,000333,14:28:00,75.5300,4,2
2026-03-09,000333,14:28:03,75.5400,28,1
2026-03-09,000333,14:28:06,75.5300,120,2
2026-03-09,000333,14:28:09,75.5400,57,1
2026-03-09,000333,14:28:12,75.5300,16,2
2026-03-09,000333,14:28:15,75.5400,50,1
2026-03-09,000333,14:28:18,75.5300,107,2
2026-03-09,000333,14:28:21,75.5200,15,2
2026-03-09,000333,14:28:24,75.5300,3,1
2026-03-09,000333,14:28:27,75.5300,25,1
2026-03-09,000333,14:28:30,75.5300,3,1
2026-03-09,000333,14:28:33,75.5300,12,1
2026-03-09,000333,14:28:36,75.5300,15,1
2026-03-09,000333,14:28:39,75.5300,80,1
2026-03-09,000333,14:28:42,75.5300,10,1
2026-03-09,000333,14:28:45,75.5200,24,2
2026-03-09,000333,14:28:48,75.5300,119,1
2026-03-09,000333,14:28:51,75.5200,38,2
2026-03-09,000333,14:28:54,75.5200,58,2
2026-03-09,000333,14:28:57,75.5200,58,2
2026-03-09,000333,14:29:00,75.5200,49,1
2026-03-09,000333,14:29:03,75.5200,135,1
2026-03-09,000333,14:29:06,75.5100,153,2
2026-03-09,000333,14:29:09,75.5200,57,1
2026-03-09,000333,14:29:12,75.5200,5,1
2026-03-09,000333,14:29:15,75.5200,47,1
2026-03-09,000333,14:29:18,75.5100,160,2
2026-03-09,000333,14:29:21,75.5100,58,2
2026-03-09,000333,14:29:24,75.5200,42,1
2026-03-09,000333,14:29:27,75.5200,15,1
2026-03-09,000333,14:29:30,75.5200,53,1
2026-03-09,000333,14:29:33,75.5200,1,1
2026-03-09,000333,14:29:36,75.5100,45,2
2026-03-09,000333,14:29:39,75.5100,6,2
2026-03-09,000333,14:29:42,75.5100,27,2
2026-03-09,000333,14:29:45,75.5100,16,2
2026-03-09,000333,14:29:48,75.5100,31,2
2026-03-09,000333,14:29:51,75.5100,27,1
2026-03-09,000333,14:29:54,75.5100,121,1
2026-03-09,000333,14:29:57,75.5000,6,2
2026-03-09,000333,14:30:00,75.5100,122,1
2026-03-09,000333,14:30:03,75.5100,353,1
2026-03-09,000333,14:30:06,75.5200,12,4
2026-03-09,000333,14:30:12,75.5300,30,1
2026-03-09,000333,14:30:15,75.5200,242,2
2026-03-09,000333,14:30:18,75.5200,139,1
2026-03-09,000333,14:30:24,75.5200,31,1
2026-03-09,000333,14:30:27,75.5300,23,1
2026-03-09,000333,14:30:30,75.5200,18,2
2026-03-09,000333,14:30:33,75.5200,48,2
2026-03-09,000333,14:30:36,75.5200,122,1
2026-03-09,000333,14:30:39,75.5200,9,2
2026-03-09,000333,14:30:42,75.5400,70,1
2026-03-09,000333,14:30:45,75.5500,118,1
2026-03-09,000333,14:30:48,75.5400,85,2
2026-03-09,000333,14:30:51,75.5400,13,1
2026-03-09,000333,14:30:54,75.5400,51,1
2026-03-09,000333,14:30:57,75.5400,31,1
2026-03-09,000333,14:31:00,75.5400,101,2
2026-03-09,000333,14:31:03,75.5500,17,1
2026-03-09,000333,14:31:06,75.5600,166,1
2026-03-09,000333,14:31:09,75.5500,9,4
2026-03-09,000333,14:31:12,75.5500,12,1
2026-03-09,000333,14:31:15,75.5500,30,2
2026-03-09,000333,14:31:18,75.5500,129,2
2026-03-09,000333,14:31:21,75.5600,6,1
2026-03-09,000333,14:31:24,75.5600,1,1
2026-03-09,000333,14:31:27,75.5600,12,1
2026-03-09,000333,14:31:30,75.5600,10,1
2026-03-09,000333,14:31:33,75.5600,11,1
2026-03-09,000333,14:31:36,75.5600,32,1
2026-03-09,000333,14:31:39,75.5600,40,1
2026-03-09,000333,14:31:42,75.5600,28,1
2026-03-09,000333,14:31:45,75.5700,19,1
2026-03-09,000333,14:31:48,75.5600,57,2
2026-03-09,000333,14:31:51,75.5600,41,1
2026-03-09,000333,14:31:54,75.5800,130,1
2026-03-09,000333,14:31:57,75.5800,5,1
2026-03-09,000333,14:32:00,75.5800,27,1
2026-03-09,000333,14:32:03,75.5700,16,2
2026-03-09,000333,14:32:06,75.5800,30,1
2026-03-09,000333,14:32:09,75.5800,41,1
2026-03-09,000333,14:32:12,75.5900,17,1
2026-03-09,000333,14:32:15,75.5900,2,1
2026-03-09,000333,14:32:18,75.5800,125,2
2026-03-09,000333,14:32:21,75.5800,61,1
2026-03-09,000333,14:32:24,75.6000,15,1
2026-03-09,000333,14:32:30,75.6000,9,1
2026-03-09,000333,14:32:33,75.6000,25,1
2026-03-09,000333,14:32:36,75.6000,36,1
2026-03-09,000333,14:32:39,75.6000,6,1
2026-03-09,000333,14:32:42,75.5900,12,2
2026-03-09,000333,14:32:45,75.5900,10,2
2026-03-09,000333,14:32:48,75.5900,161,2
2026-03-09,000333,14:32:51,75.5900,85,1
2026-03-09,000333,14:32:54,75.5900,13,1
2026-03-09,000333,14:32:57,75.5800,15,2
2026-03-09,000333,14:33:00,75.5900,149,1
2026-03-09,000333,14:33:03,75.5900,24,1
2026-03-09,000333,14:33:06,75.5900,27,1
2026-03-09,000333,14:33:09,75.5900,9,1
2026-03-09,000333,14:33:12,75.6000,40,1
2026-03-09,000333,14:33:15,75.5900,1,2
2026-03-09,000333,14:33:18,75.5900,71,2
2026-03-09,000333,14:33:21,75.5900,39,1
2026-03-09,000333,14:33:24,75.5900,11,1
2026-03-09,000333,14:33:27,75.5900,12,1
2026-03-09,000333,14:33:30,75.5900,59,1
2026-03-09,000333,14:33:33,75.5900,1,1
2026-03-09,000333,14:33:36,75.5800,60,2
2026-03-09,000333,14:33:39,75.5800,31,2
2026-03-09,000333,14:33:42,75.5900,21,1
2026-03-09,000333,14:33:48,75.5900,131,1
2026-03-09,000333,14:33:51,75.5900,20,1
2026-03-09,000333,14:33:54,75.6000,109,1
2026-03-09,000333,14:33:57,75.6000,13,1
2026-03-09,000333,14:34:00,75.6000,4,4
2026-03-09,000333,14:34:03,75.6000,6,1
2026-03-09,000333,14:34:06,75.6000,47,1
2026-03-09,000333,14:34:09,75.6100,8,1
2026-03-09,000333,14:34:12,75.6000,97,2
2026-03-09,000333,14:34:15,75.6100,3,4
2026-03-09,000333,14:34:18,75.6000,121,2
2026-03-09,000333,14:34:21,75.6100,9,1
2026-03-09,000333,14:34:27,75.6000,15,2
2026-03-09,000333,14:34:30,75.6100,71,1
2026-03-09,000333,14:34:33,75.6100,12,2
2026-03-09,000333,14:34:36,75.6200,33,1
2026-03-09,000333,14:34:39,75.6200,13,1
2026-03-09,000333,14:34:42,75.6100,3,2
2026-03-09,000333,14:34:45,75.6100,19,2
2026-03-09,000333,14:34:48,75.6000,90,2
2026-03-09,000333,14:34:51,75.6000,18,2
2026-03-09,000333,14:34:54,75.6200,84,1
2026-03-09,000333,14:34:57,75.6100,2,2
2026-03-09,000333,14:35:00,75.6000,68,2
2026-03-09,000333,14:35:03,75.6000,33,2
2026-03-09,000333,14:35:06,75.6100,18,1
2026-03-09,000333,14:35:12,75.6100,27,1
2026-03-09,000333,14:35:15,75.6100,24,1
2026-03-09,000333,14:35:18,75.6000,45,2
2026-03-09,000333,14:35:21,75.5900,14,2
2026-03-09,000333,14:35:24,75.5900,9,2
2026-03-09,000333,14:35:27,75.6000,21,1
2026-03-09,000333,14:35:30,75.5900,72,2
2026-03-09,000333,14:35:33,75.6000,16,1
2026-03-09,000333,14:35:36,75.6000,26,1
2026-03-09,000333,14:35:39,75.5900,23,2
2026-03-09,000333,14:35:42,75.5900,39,2
2026-03-09,000333,14:35:45,75.6000,2,1
2026-03-09,000333,14:35:48,75.5900,78,2
2026-03-09,000333,14:35:51,75.5900,74,1
2026-03-09,000333,14:35:54,75.6100,120,1
2026-03-09,000333,14:35:57,75.5800,63,2
2026-03-09,000333,14:36:00,75.5800,53,2
2026-03-09,000333,14:36:03,75.6100,41,1
2026-03-09,000333,14:36:06,75.5900,64,2
2026-03-09,000333,14:36:09,75.5900,27,1
2026-03-09,000333,14:36:12,75.6000,65,1
2026-03-09,000333,14:36:15,75.6000,41,1
2026-03-09,000333,14:36:18,75.5900,55,2
2026-03-09,000333,14:36:21,75.5800,19,2
2026-03-09,000333,14:36:24,75.5900,14,1
2026-03-09,000333,14:36:27,75.5800,35,2
2026-03-09,000333,14:36:30,75.5900,109,1
2026-03-09,000333,14:36:33,75.6000,24,1
2026-03-09,000333,14:36:36,75.6000,16,1
2026-03-09,000333,14:36:39,75.5900,4,2
2026-03-09,000333,14:36:42,75.5900,9,2
2026-03-09,000333,14:36:45,75.5900,3,2
2026-03-09,000333,14:36:48,75.5900,34,2
2026-03-09,000333,14:36:51,75.5800,35,2
2026-03-09,000333,14:36:54,75.5900,10,1
2026-03-09,000333,14:36:57,75.5900,158,1
2026-03-09,000333,14:37:00,75.5900,44,2
2026-03-09,000333,14:37:03,75.5900,22,1
2026-03-09,000333,14:37:06,75.6000,7,1
2026-03-09,000333,14:37:09,75.6000,4,2
2026-03-09,000333,14:37:12,75.6100,15,1
2026-03-09,000333,14:37:18,75.6000,99,2
2026-03-09,000333,14:37:21,75.6000,4,1
2026-03-09,000333,14:37:24,75.6000,11,1
2026-03-09,000333,14:37:27,75.6000,1,1
2026-03-09,000333,14:37:30,75.6000,69,1
2026-03-09,000333,14:37:33,75.6000,18,1
2026-03-09,000333,14:37:36,75.6000,25,1
2026-03-09,000333,14:37:39,75.6000,12,1
2026-03-09,000333,14:37:42,75.6000,23,1
2026-03-09,000333,14:37:45,75.6100,7,1
2026-03-09,000333,14:37:48,75.6000,287,2
2026-03-09,000333,14:37:51,75.6000,24,1
2026-03-09,000333,14:37:54,75.5800,9,2
2026-03-09,000333,14:37:57,75.6000,118,1
2026-03-09,000333,14:38:00,75.5900,36,2
2026-03-09,000333,14:38:03,75.5900,2,2
2026-03-09,000333,14:38:06,75.5900,26,2
2026-03-09,000333,14:38:09,75.5800,24,2
2026-03-09,000333,14:38:12,75.5800,6,2
2026-03-09,000333,14:38:15,75.5900,9,1
2026-03-09,000333,14:38:18,75.5700,99,2
2026-03-09,000333,14:38:21,75.5700,144,2
2026-03-09,000333,14:38:24,75.5600,23,2
2026-03-09,000333,14:38:27,75.5600,13,2
2026-03-09,000333,14:38:30,75.5600,110,2
2026-03-09,000333,14:38:33,75.5600,19,2
2026-03-09,000333,14:38:36,75.5700,44,1
2026-03-09,000333,14:38:39,75.5600,17,2
2026-03-09,000333,14:38:42,75.5700,5,1
2026-03-09,000333,14:38:45,75.5500,92,2
2026-03-09,000333,14:38:48,75.5500,146,2
2026-03-09,000333,14:38:51,75.5600,27,1
2026-03-09,000333,14:38:54,75.5500,24,2
2026-03-09,000333,14:38:57,75.5500,2,2
2026-03-09,000333,14:39:00,75.5600,95,1
2026-03-09,000333,14:39:03,75.5500,17,1
2026-03-09,000333,14:39:06,75.5500,40,1
2026-03-09,000333,14:39:09,75.5400,11,2
2026-03-09,000333,14:39:12,75.5500,17,1
2026-03-09,000333,14:39:15,75.5500,36,2
2026-03-09,000333,14:39:18,75.5400,77,2
2026-03-09,000333,14:39:21,75.5300,25,2
2026-03-09,000333,14:39:24,75.5300,27,2
2026-03-09,000333,14:39:27,75.5300,5,2
2026-03-09,000333,14:39:30,75.5400,152,1
2026-03-09,000333,14:39:33,75.5300,32,2
2026-03-09,000333,14:39:36,75.5300,55,2
2026-03-09,000333,14:39:39,75.5400,10,1
2026-03-09,000333,14:39:42,75.5400,14,1
2026-03-09,000333,14:39:45,75.5400,18,1
2026-03-09,000333,14:39:48,75.5400,126,1
2026-03-09,000333,14:39:51,75.5400,49,1
2026-03-09,000333,14:39:54,75.5400,103,1
2026-03-09,000333,14:39:57,75.5400,12,1
2026-03-09,000333,14:40:00,75.5300,19,2
2026-03-09,000333,14:40:03,75.5400,21,1
2026-03-09,000333,14:40:06,75.5400,31,1
2026-03-09,000333,14:40:09,75.5400,2,1
2026-03-09,000333,14:40:12,75.5400,26,1
2026-03-09,000333,14:40:15,75.5300,74,2
2026-03-09,000333,14:40:18,75.5200,125,2
2026-03-09,000333,14:40:21,75.5400,44,1
2026-03-09,000333,14:40:24,75.5200,44,2
2026-03-09,000333,14:40:27,75.5200,32,2
2026-03-09,000333,14:40:30,75.5300,126,1
2026-03-09,000333,14:40:33,75.5400,26,1
2026-03-09,000333,14:40:36,75.5400,34,1
2026-03-09,000333,14:40:39,75.5300,1,2
2026-03-09,000333,14:40:42,75.5400,19,1
2026-03-09,000333,14:40:45,75.5400,31,1
2026-03-09,000333,14:40:48,75.5300,11,2
2026-03-09,000333,14:40:51,75.5200,130,2
2026-03-09,000333,14:40:54,75.5300,101,1
2026-03-09,000333,14:40:57,75.5300,113,1
2026-03-09,000333,14:41:00,75.5300,31,1
2026-03-09,000333,14:41:03,75.5200,27,2
2026-03-09,000333,14:41:06,75.5300,19,1
2026-03-09,000333,14:41:09,75.5200,2,2
2026-03-09,000333,14:41:12,75.5200,16,2
2026-03-09,000333,14:41:15,75.5300,60,1
2026-03-09,000333,14:41:18,75.5200,122,2
2026-03-09,000333,14:41:21,75.5100,35,2
2026-03-09,000333,14:41:24,75.5200,58,2
2026-03-09,000333,14:41:27,75.5100,8,2
2026-03-09,000333,14:41:30,75.5100,148,2
2026-03-09,000333,14:41:33,75.5300,24,1
2026-03-09,000333,14:41:36,75.5300,17,1
2026-03-09,000333,14:41:39,75.5200,9,2
2026-03-09,000333,14:41:42,75.5300,16,1
2026-03-09,000333,14:41:45,75.5400,11,1
2026-03-09,000333,14:41:48,75.5200,19,2
2026-03-09,000333,14:41:51,75.5200,25,2
2026-03-09,000333,14:41:54,75.5300,11,1
2026-03-09,000333,14:41:57,75.5200,31,2
2026-03-09,000333,14:42:00,75.5200,38,2
2026-03-09,000333,14:42:03,75.5200,190,2
2026-03-09,000333,14:42:06,75.5200,62,1
2026-03-09,000333,14:42:09,75.5100,40,2
2026-03-09,000333,14:42:12,75.5200,38,1
2026-03-09,000333,14:42:15,75.5100,20,2
2026-03-09,000333,14:42:18,75.5100,122,2
2026-03-09,000333,14:42:21,75.5100,117,2
2026-03-09,000333,14:42:24,75.5100,35,2
2026-03-09,000333,14:42:27,75.5100,32,2
2026-03-09,000333,14:42:30,75.5200,93,1
2026-03-09,000333,14:42:33,75.5200,31,1
2026-03-09,000333,14:42:36,75.5200,34,1
2026-03-09,000333,14:42:39,75.5200,29,1
2026-03-09,000333,14:42:42,75.5300,42,1
2026-03-09,000333,14:42:45,75.5300,1,1
2026-03-09,000333,14:42:48,75.5200,137,2
2026-03-09,000333,14:42:51,75.5200,24,1
2026-03-09,000333,14:42:54,75.5200,29,1
2026-03-09,000333,14:42:57,75.5100,17,2
2026-03-09,000333,14:43:00,75.5200,14,1
2026-03-09,000333,14:43:03,75.5000,448,2
2026-03-09,000333,14:43:06,75.5100,116,4
2026-03-09,000333,14:43:09,75.5100,19,2
2026-03-09,000333,14:43:12,75.5100,7,2
2026-03-09,000333,14:43:15,75.5100,184,2
2026-03-09,000333,14:43:18,75.5000,138,2
2026-03-09,000333,14:43:21,75.5000,46,2
2026-03-09,000333,14:43:24,75.5100,21,1
2026-03-09,000333,14:43:27,75.5100,1,1
2026-03-09,000333,14:43:30,75.5000,88,2
2026-03-09,000333,14:43:33,75.5000,30,2
2026-03-09,000333,14:43:36,75.5000,806,2
2026-03-09,000333,14:43:39,75.5000,65,2
2026-03-09,000333,14:43:42,75.5000,45,2
2026-03-09,000333,14:43:45,75.5100,5,1
2026-03-09,000333,14:43:48,75.5100,134,1
2026-03-09,000333,14:43:51,75.5000,4,2
2026-03-09,000333,14:43:54,75.5000,32,2
2026-03-09,000333,14:43:57,75.4900,29,2
2026-03-09,000333,14:44:00,75.4900,116,2
2026-03-09,000333,14:44:03,75.4900,52,2
2026-03-09,000333,14:44:06,75.5000,51,1
2026-03-09,000333,14:44:09,75.4900,22,2
2026-03-09,000333,14:44:12,75.4800,23,2
2026-03-09,000333,14:44:15,75.4800,6,2
2026-03-09,000333,14:44:18,75.4800,140,2
2026-03-09,000333,14:44:21,75.4800,76,2
2026-03-09,000333,14:44:24,75.4800,43,2
2026-03-09,000333,14:44:27,75.4700,29,2
2026-03-09,000333,14:44:30,75.4700,60,2
2026-03-09,000333,14:44:33,75.4700,131,2
2026-03-09,000333,14:44:36,75.4700,79,1
2026-03-09,000333,14:44:39,75.4500,41,2
2026-03-09,000333,14:44:42,75.4500,20,2
2026-03-09,000333,14:44:45,75.4600,26,1
2026-03-09,000333,14:44:48,75.4500,180,2
2026-03-09,000333,14:44:51,75.4500,23,2
2026-03-09,000333,14:44:54,75.4500,42,2
2026-03-09,000333,14:44:57,75.4400,93,2
2026-03-09,000333,14:45:00,75.4400,58,2
2026-03-09,000333,14:45:03,75.4500,23,1
2026-03-09,000333,14:45:06,75.4400,196,2
2026-03-09,000333,14:45:09,75.4400,74,1
2026-03-09,000333,14:45:12,75.4500,180,1
2026-03-09,000333,14:45:15,75.4400,5,2
2026-03-09,000333,14:45:18,75.4300,111,2
2026-03-09,000333,14:45:21,75.4500,200,1
2026-03-09,000333,14:45:24,75.4500,4,2
2026-03-09,000333,14:45:27,75.4500,77,2
2026-03-09,000333,14:45:30,75.4500,14,1
2026-03-09,000333,14:45:33,75.4500,29,1
2026-03-09,000333,14:45:36,75.4500,25,1
2026-03-09,000333,14:45:39,75.4400,14,2
2026-03-09,000333,14:45:42,75.4500,21,1
2026-03-09,000333,14:45:45,75.4500,18,1
2026-03-09,000333,14:45:48,75.4300,140,2
2026-03-09,000333,14:45:51,75.4400,17,2
2026-03-09,000333,14:45:54,75.4500,21,1
2026-03-09,000333,14:45:57,75.4500,25,1
2026-03-09,000333,14:46:00,75.4500,73,1
2026-03-09,000333,14:46:03,75.4500,22,1
2026-03-09,000333,14:46:06,75.4500,96,1
2026-03-09,000333,14:46:09,75.4400,38,2
2026-03-09,000333,14:46:12,75.4500,56,1
2026-03-09,000333,14:46:15,75.4500,29,1
2026-03-09,000333,14:46:18,75.4500,134,1
2026-03-09,000333,14:46:21,75.4500,48,1
2026-03-09,000333,14:46:24,75.4500,73,1
2026-03-09,000333,14:46:27,75.4500,65,1
2026-03-09,000333,14:46:30,75.4400,26,1
2026-03-09,000333,14:46:33,75.4400,49,1
2026-03-09,000333,14:46:36,75.4300,36,2
2026-03-09,000333,14:46:39,75.4300,22,2
2026-03-09,000333,14:46:42,75.4300,18,2
2026-03-09,000333,14:46:45,75.4400,33,1
2026-03-09,000333,14:46:48,75.4400,128,1
2026-03-09,000333,14:46:51,75.4400,24,1
2026-03-09,000333,14:46:54,75.4300,16,2
2026-03-09,000333,14:46:57,75.4400,28,1
2026-03-09,000333,14:47:00,75.4400,61,1
2026-03-09,000333,14:47:03,75.4300,167,2
2026-03-09,000333,14:47:06,75.4300,68,1
2026-03-09,000333,14:47:09,75.4300,44,2
2026-03-09,000333,14:47:12,75.4200,53,2
2026-03-09,000333,14:47:15,75.4300,45,4
2026-03-09,000333,14:47:18,75.4400,135,1
2026-03-09,000333,14:47:21,75.4300,30,1
2026-03-09,000333,14:47:24,75.4200,67,2
2026-03-09,000333,14:47:27,75.4200,40,2
2026-03-09,000333,14:47:30,75.4500,131,1
2026-03-09,000333,14:47:33,75.4500,68,1
2026-03-09,000333,14:47:36,75.4500,40,1
2026-03-09,000333,14:47:39,75.4500,29,1
2026-03-09,000333,14:47:42,75.4500,1,2
2026-03-09,000333,14:47:45,75.4600,36,1
2026-03-09,000333,14:47:48,75.4600,137,1
2026-03-09,000333,14:47:51,75.4700,34,1
2026-03-09,000333,14:47:57,75.4500,22,2
2026-03-09,000333,14:48:00,75.4500,268,2
2026-03-09,000333,14:48:03,75.4800,27,4
2026-03-09,000333,14:48:06,75.4700,48,1
2026-03-09,000333,14:48:09,75.4600,47,2
2026-03-09,000333,14:48:12,75.5100,190,1
2026-03-09,000333,14:48:15,75.5300,116,1
2026-03-09,000333,14:48:18,75.4700,235,2
2026-03-09,000333,14:48:21,75.4800,83,1
2026-03-09,000333,14:48:24,75.4800,99,1
2026-03-09,000333,14:48:27,75.4800,42,2
2026-03-09,000333,14:48:30,75.4900,28,1
2026-03-09,000333,14:48:33,75.4900,37,1
2026-03-09,000333,14:48:36,75.4800,23,2
2026-03-09,000333,14:48:39,75.4900,41,2
2026-03-09,000333,14:48:45,75.5000,22,1
2026-03-09,000333,14:48:48,75.4900,180,2
2026-03-09,000333,14:48:51,75.4900,121,2
2026-03-09,000333,14:48:54,75.5000,4,1
2026-03-09,000333,14:48:57,75.5000,70,2
2026-03-09,000333,14:49:00,75.5200,103,1
2026-03-09,000333,14:49:03,75.5100,98,2
2026-03-09,000333,14:49:06,75.5400,123,1
2026-03-09,000333,14:49:09,75.5700,182,1
2026-03-09,000333,14:49:12,75.5400,113,2
2026-03-09,000333,14:49:15,75.5800,34,1
2026-03-09,000333,14:49:18,75.5300,49,2
2026-03-09,000333,14:49:21,75.5300,35,1
2026-03-09,000333,14:49:24,75.5200,80,2
2026-03-09,000333,14:49:27,75.5000,16,2
2026-03-09,000333,14:49:30,75.5200,16,1
2026-03-09,000333,14:49:33,75.5200,27,1
2026-03-09,000333,14:49:36,75.5100,64,2
2026-03-09,000333,14:49:39,75.5000,27,2
2026-03-09,000333,14:49:42,75.5100,43,1
2026-03-09,000333,14:49:45,75.5100,3,1
2026-03-09,000333,14:49:48,75.5000,89,2
2026-03-09,000333,14:49:51,75.5000,109,1
2026-03-09,000333,14:49:54,75.5000,93,1
2026-03-09,000333,14:49:57,75.5000,76,2
2026-03-09,000333,14:50:00,75.5100,91,1
2026-03-09,000333,14:50:03,75.5100,36,1
2026-03-09,000333,14:50:06,75.5100,24,1
2026-03-09,000333,14:50:09,75.5100,46,2
2026-03-09,000333,14:50:12,75.5200,115,1
2026-03-09,000333,14:50:15,75.5100,3,4
2026-03-09,000333,14:50:18,75.5200,156,1
2026-03-09,000333,14:50:21,75.5100,15,1
2026-03-09,000333,14:50:24,75.5300,158,1
2026-03-09,000333,14:50:27,75.5200,16,4
2026-03-09,000333,14:50:30,75.5200,17,2
2026-03-09,000333,14:50:33,75.5300,42,2
2026-03-09,000333,14:50:36,75.5300,26,2
2026-03-09,000333,14:50:39,75.5300,16,2
2026-03-09,000333,14:50:42,75.5300,14,2
2026-03-09,000333,14:50:45,75.5300,2,2
2026-03-09,000333,14:50:48,75.5200,20,2
2026-03-09,000333,14:50:51,75.5000,72,2
2026-03-09,000333,14:50:54,75.5000,20,2
2026-03-09,000333,14:50:57,75.5000,156,2
2026-03-09,000333,14:51:00,75.5000,153,1
2026-03-09,000333,14:51:03,75.5000,9,1
2026-03-09,000333,14:51:06,75.5100,52,1
2026-03-09,000333,14:51:09,75.5000,17,2
2026-03-09,000333,14:51:12,75.5100,178,1
2026-03-09,000333,14:51:15,75.5000,19,2
2026-03-09,000333,14:51:18,75.5600,557,1
2026-03-09,000333,14:51:21,75.5000,69,2
2026-03-09,000333,14:51:24,75.5300,5,1
2026-03-09,000333,14:51:27,75.5200,5,1
2026-03-09,000333,14:51:30,75.5200,15,2
2026-03-09,000333,14:51:33,75.5300,32,1
2026-03-09,000333,14:51:36,75.5200,38,2
2026-03-09,000333,14:51:39,75.5000,4,2
2026-03-09,000333,14:51:42,75.5100,24,4
2026-03-09,000333,14:51:45,75.5000,9,2
2026-03-09,000333,14:51:48,75.4900,67,2
2026-03-09,000333,14:51:51,75.4900,62,2
2026-03-09,000333,14:51:54,75.5000,15,1
2026-03-09,000333,14:51:57,75.5200,67,1
2026-03-09,000333,14:52:00,75.5000,8,2
2026-03-09,000333,14:52:03,75.4900,75,2
2026-03-09,000333,14:52:06,75.5200,54,1
2026-03-09,000333,14:52:09,75.5000,35,2
2026-03-09,000333,14:52:12,75.5000,25,2
2026-03-09,000333,14:52:15,75.5000,13,2
2026-03-09,000333,14:52:18,75.5000,83,2
2026-03-09,000333,14:52:21,75.5000,39,1
2026-03-09,000333,14:52:24,75.5000,19,1
2026-03-09,000333,14:52:27,75.4900,59,2
2026-03-09,000333,14:52:30,75.4900,15,2
2026-03-09,000333,14:52:33,75.4900,6,2
2026-03-09,000333,14:52:36,75.4900,50,2
2026-03-09,000333,14:52:39,75.4900,38,2
2026-03-09,000333,14:52:42,75.4700,132,2
2026-03-09,000333,14:52:45,75.4600,266,2
2026-03-09,000333,14:52:48,75.4500,98,2
2026-03-09,000333,14:52:51,75.4500,16,1
2026-03-09,000333,14:52:54,75.4400,15,2
2026-03-09,000333,14:52:57,75.4500,163,1
2026-03-09,000333,14:53:00,75.4300,28,2
2026-03-09,000333,14:53:03,75.4300,66,2
2026-03-09,000333,14:53:06,75.4500,74,1
2026-03-09,000333,14:53:09,75.4400,19,4
2026-03-09,000333,14:53:12,75.4400,29,4
2026-03-09,000333,14:53:15,75.4400,10,4
2026-03-09,000333,14:53:18,75.4400,132,2
2026-03-09,000333,14:53:21,75.4500,20,1
2026-03-09,000333,14:53:24,75.4500,36,1
2026-03-09,000333,14:53:27,75.4400,18,2
2026-03-09,000333,14:53:30,75.4500,21,4
2026-03-09,000333,14:53:33,75.4500,55,2
2026-03-09,000333,14:53:36,75.4500,31,1
2026-03-09,000333,14:53:39,75.4500,42,1
2026-03-09,000333,14:53:42,75.4400,18,2
2026-03-09,000333,14:53:45,75.4400,107,2
2026-03-09,000333,14:53:48,75.4400,137,4
2026-03-09,000333,14:53:51,75.4200,79,2
2026-03-09,000333,14:53:54,75.4300,97,4
2026-03-09,000333,14:53:57,75.4200,82,2
2026-03-09,000333,14:54:00,75.4200,191,2
2026-03-09,000333,14:54:03,75.4200,51,2
2026-03-09,000333,14:54:06,75.4200,53,2
2026-03-09,000333,14:54:09,75.4400,66,1
2026-03-09,000333,14:54:12,75.4300,21,4
2026-03-09,000333,14:54:15,75.4300,13,2
2026-03-09,000333,14:54:18,75.4200,128,2
2026-03-09,000333,14:54:21,75.4200,29,2
2026-03-09,000333,14:54:24,75.4200,50,2
2026-03-09,000333,14:54:27,75.4200,34,2
2026-03-09,000333,14:54:30,75.4200,31,2
2026-03-09,000333,14:54:33,75.4300,24,1
2026-03-09,000333,14:54:36,75.4200,37,2
2026-03-09,000333,14:54:39,75.4300,48,1
2026-03-09,000333,14:54:42,75.4200,140,2
2026-03-09,000333,14:54:45,75.4300,9,1
2026-03-09,000333,14:54:48,75.4100,95,2
2026-03-09,000333,14:54:51,75.4200,40,1
2026-03-09,000333,14:54:54,75.4200,27,1
2026-03-09,000333,14:54:57,75.4200,12,1
2026-03-09,000333,14:55:00,75.4200,41,1
2026-03-09,000333,14:55:03,75.4300,130,1
2026-03-09,000333,14:55:06,75.4300,22,1
2026-03-09,000333,14:55:09,75.4200,74,2
2026-03-09,000333,14:55:12,75.4300,16,1
2026-03-09,000333,14:55:15,75.4300,55,1
2026-03-09,000333,14:55:18,75.4300,133,1
2026-03-09,000333,14:55:21,75.4300,47,1
2026-03-09,000333,14:55:24,75.4300,60,1
2026-03-09,000333,14:55:27,75.4300,19,1
2026-03-09,000333,14:55:30,75.4300,74,1
2026-03-09,000333,14:55:33,75.4400,141,1
2026-03-09,000333,14:55:36,75.4300,18,2
2026-03-09,000333,14:55:39,75.4200,11,2
2026-03-09,000333,14:55:42,75.4300,86,1
2026-03-09,000333,14:55:45,75.4200,28,2
2026-03-09,000333,14:55:48,75.4300,191,1
2026-03-09,000333,14:55:51,75.4300,99,1
2026-03-09,000333,14:55:54,75.4300,14,1
2026-03-09,000333,14:55:57,75.4300,7,1
2026-03-09,000333,14:56:00,75.4300,102,1
2026-03-09,000333,14:56:03,75.4200,103,4
2026-03-09,000333,14:56:06,75.4200,26,2
2026-03-09,000333,14:56:09,75.4200,14,1
2026-03-09,000333,14:56:12,75.4200,34,1
2026-03-09,000333,14:56:15,75.4100,191,2
2026-03-09,000333,14:56:18,75.4100,76,2
2026-03-09,000333,14:56:21,75.4200,6,1
2026-03-09,000333,14:56:24,75.4100,32,2
2026-03-09,000333,14:56:27,75.4100,88,2
2026-03-09,000333,14:56:30,75.4100,86,2
2026-03-09,000333,14:56:33,75.4000,94,2
2026-03-09,000333,14:56:36,75.4100,84,1
2026-03-09,000333,14:56:39,75.4100,22,1
2026-03-09,000333,14:56:42,75.4100,42,2
2026-03-09,000333,14:56:45,75.4100,13,2
2026-03-09,000333,14:56:48,75.4200,41,1
2026-03-09,000333,14:56:51,75.4200,10,1
2026-03-09,000333,14:56:54,75.4200,4,1
2026-03-09,000333,14:56:57,75.4200,13,1
2026-03-09,000333,14:57:00,75.4200,4,2
2026-03-09,000333,15:00:01,75.4100,2403,4
2026-03-09,000333,13:15:27,75.4600,6,2
2026-03-09,000333,13:15:30,75.4600,18,1
2026-03-09,000333,13:15:33,75.4500,17,2
2026-03-09,000333,13:15:36,75.4600,32,1
2026-03-09,000333,13:15:39,75.4600,7,2
2026-03-09,000333,13:15:42,75.4500,10,2
2026-03-09,000333,13:15:45,75.4500,30,2
2026-03-09,000333,13:15:48,75.4600,10,1
2026-03-09,000333,13:15:51,75.4600,2,4
2026-03-09,000333,13:15:54,75.4600,42,4
2026-03-09,000333,13:15:57,75.4500,11,2
2026-03-09,000333,13:16:00,75.4600,40,1
2026-03-09,000333,13:16:03,75.4600,28,1
2026-03-09,000333,13:16:06,75.4600,76,1
2026-03-09,000333,13:16:09,75.4600,15,1
2026-03-09,000333,13:16:12,75.4600,15,1
2026-03-09,000333,13:16:15,75.4500,19,2
2026-03-09,000333,13:16:18,75.4500,72,2
2026-03-09,000333,13:16:21,75.4400,27,2
2026-03-09,000333,13:16:24,75.4300,381,2
2026-03-09,000333,13:16:27,75.4200,67,2
2026-03-09,000333,13:16:30,75.4200,103,2
2026-03-09,000333,13:16:33,75.4000,80,2
2026-03-09,000333,13:16:36,75.4000,63,2
2026-03-09,000333,13:16:39,75.4000,74,2
2026-03-09,000333,13:16:42,75.4000,47,2
2026-03-09,000333,13:16:45,75.4000,67,2
2026-03-09,000333,13:16:48,75.4000,113,2
2026-03-09,000333,13:16:51,75.4000,123,1
2026-03-09,000333,13:16:54,75.4000,115,1
2026-03-09,000333,13:16:57,75.4000,44,2
2026-03-09,000333,13:17:00,75.4000,18,1
2026-03-09,000333,13:17:03,75.4000,9,1
2026-03-09,000333,13:17:06,75.4000,76,1
2026-03-09,000333,13:17:09,75.3900,26,2
2026-03-09,000333,13:17:12,75.3900,16,2
2026-03-09,000333,13:17:15,75.3900,46,2
2026-03-09,000333,13:17:18,75.3900,92,2
2026-03-09,000333,13:17:21,75.4000,13,1
2026-03-09,000333,13:17:24,75.3900,33,2
2026-03-09,000333,13:17:27,75.3800,44,2
2026-03-09,000333,13:17:30,75.3800,14,2
2026-03-09,000333,13:17:33,75.3800,11,2
2026-03-09,000333,13:17:36,75.3800,45,1
2026-03-09,000333,13:17:39,75.3800,32,1
2026-03-09,000333,13:17:42,75.3800,28,2
2026-03-09,000333,13:17:45,75.3900,7,1
2026-03-09,000333,13:17:48,75.3800,11,2
2026-03-09,000333,13:17:51,75.3800,4,2
2026-03-09,000333,13:17:54,75.3900,6,1
2026-03-09,000333,13:17:57,75.3900,14,1
2026-03-09,000333,13:18:00,75.3800,8,2
2026-03-09,000333,13:18:03,75.3800,25,2
2026-03-09,000333,13:18:06,75.3900,78,1
2026-03-09,000333,13:18:09,75.3700,37,2
2026-03-09,000333,13:18:12,75.3800,12,4
2026-03-09,000333,13:18:15,75.3800,33,2
2026-03-09,000333,13:18:18,75.3900,75,1
2026-03-09,000333,13:18:21,75.4100,53,1
2026-03-09,000333,13:18:24,75.4000,4,2
2026-03-09,000333,13:18:27,75.4100,25,4
2026-03-09,000333,13:18:30,75.4100,12,1
2026-03-09,000333,13:18:33,75.4300,146,1
2026-03-09,000333,13:18:36,75.4400,21,1
2026-03-09,000333,13:18:39,75.4400,21,1
2026-03-09,000333,13:18:42,75.4400,48,1
2026-03-09,000333,13:18:45,75.4500,5,1
2026-03-09,000333,13:18:48,75.4500,13,1
2026-03-09,000333,13:18:51,75.4500,55,1
2026-03-09,000333,13:18:54,75.4500,34,1
2026-03-09,000333,13:18:57,75.4600,27,1
2026-03-09,000333,13:19:03,75.4600,6,1
2026-03-09,000333,13:19:06,75.4600,45,1
2026-03-09,000333,13:19:09,75.4700,32,1
2026-03-09,000333,13:19:12,75.4700,9,1
2026-03-09,000333,13:19:15,75.4700,22,1
2026-03-09,000333,13:19:18,75.4700,30,1
2026-03-09,000333,13:19:21,75.4800,14,1
2026-03-09,000333,13:19:24,75.4800,18,1
2026-03-09,000333,13:19:27,75.4700,3,2
2026-03-09,000333,13:19:30,75.4800,9,1
2026-03-09,000333,13:19:33,75.4800,10,1
2026-03-09,000333,13:19:36,75.4800,53,1
2026-03-09,000333,13:19:39,75.4800,62,1
2026-03-09,000333,13:19:42,75.4800,4,1
2026-03-09,000333,13:19:45,75.4700,3,2
2026-03-09,000333,13:19:48,75.4700,42,2
2026-03-09,000333,13:19:51,75.4700,14,2
2026-03-09,000333,13:19:54,75.4700,13,2
2026-03-09,000333,13:19:57,75.4800,120,1
2026-03-09,000333,13:20:00,75.4800,4,1
2026-03-09,000333,13:20:03,75.4700,23,2
2026-03-09,000333,13:20:06,75.4800,111,1
2026-03-09,000333,13:20:09,75.4700,100,2
2026-03-09,000333,13:20:12,75.4800,19,1
2026-03-09,000333,13:20:15,75.4800,35,2
2026-03-09,000333,13:20:18,75.4700,8,2
2026-03-09,000333,13:20:21,75.4700,1,2
2026-03-09,000333,13:20:24,75.4700,20,2
2026-03-09,000333,13:20:27,75.4800,18,1
2026-03-09,000333,13:20:30,75.4800,17,1
2026-03-09,000333,13:20:33,75.4800,4,1
2026-03-09,000333,13:20:36,75.4800,41,1
2026-03-09,000333,13:20:39,75.4800,6,2
2026-03-09,000333,13:20:42,75.4800,11,2
2026-03-09,000333,13:20:45,75.4800,4,1
2026-03-09,000333,13:20:48,75.4800,7,1
2026-03-09,000333,13:20:51,75.4800,7,1
2026-03-09,000333,13:20:54,75.4700,1,2
2026-03-09,000333,13:20:57,75.4700,33,2
2026-03-09,000333,13:21:00,75.4700,11,2
2026-03-09,000333,13:21:03,75.4700,9,2
2026-03-09,000333,13:21:06,75.4700,60,2
2026-03-09,000333,13:21:09,75.4700,11,2
2026-03-09,000333,13:21:12,75.4900,39,1
2026-03-09,000333,13:21:15,75.4900,3,1
2026-03-09,000333,13:21:18,75.4900,59,1
2026-03-09,000333,13:21:21,75.4900,23,2
2026-03-09,000333,13:21:24,75.4800,18,2
2026-03-09,000333,13:21:27,75.4900,11,2
2026-03-09,000333,13:21:30,75.5000,12,1
2026-03-09,000333,13:21:33,75.4900,3,2
2026-03-09,000333,13:21:36,75.4900,49,2
2026-03-09,000333,13:21:39,75.4900,19,2
2026-03-09,000333,13:21:42,75.4900,3,2
2026-03-09,000333,13:21:45,75.5000,16,1
2026-03-09,000333,13:21:48,75.5000,56,1
2026-03-09,000333,13:21:51,75.5000,22,2
2026-03-09,000333,13:21:54,75.5000,16,2
2026-03-09,000333,13:21:57,75.5000,14,1
2026-03-09,000333,13:22:00,75.4900,7,2
2026-03-09,000333,13:22:03,75.5000,69,1
2026-03-09,000333,13:22:06,75.5000,15,1
2026-03-09,000333,13:22:09,75.5000,9,1
2026-03-09,000333,13:22:12,75.5100,29,1
2026-03-09,000333,13:22:15,75.5000,21,2
2026-03-09,000333,13:22:18,75.5100,19,1
2026-03-09,000333,13:22:21,75.5200,53,1
2026-03-09,000333,13:22:24,75.5200,24,1
2026-03-09,000333,13:22:27,75.5200,35,1
2026-03-09,000333,13:22:30,75.5300,85,1
2026-03-09,000333,13:22:33,75.5200,87,2
2026-03-09,000333,13:22:36,75.5100,30,2
2026-03-09,000333,13:22:39,75.5000,8,2
2026-03-09,000333,13:22:42,75.5000,18,2
2026-03-09,000333,13:22:45,75.5000,18,2
2026-03-09,000333,13:22:48,75.5000,81,2
2026-03-09,000333,13:22:51,75.5000,6,2
2026-03-09,000333,13:22:54,75.5100,13,2
2026-03-09,000333,13:22:57,75.5100,4,1
2026-03-09,000333,13:23:00,75.5200,25,1
2026-03-09,000333,13:23:03,75.5200,11,1
2026-03-09,000333,13:23:06,75.5300,31,1
2026-03-09,000333,13:23:09,75.5300,53,1
2026-03-09,000333,13:23:12,75.5500,57,1
2026-03-09,000333,13:23:15,75.5300,22,2
2026-03-09,000333,13:23:18,75.5200,23,2
2026-03-09,000333,13:23:21,75.5200,18,2
2026-03-09,000333,13:23:24,75.5200,39,2
2026-03-09,000333,13:23:27,75.5100,14,2
2026-03-09,000333,13:23:30,75.5200,27,1
2026-03-09,000333,13:23:33,75.5200,32,1
2026-03-09,000333,13:23:36,75.5300,7,4
2026-03-09,000333,13:23:39,75.5300,11,2
2026-03-09,000333,13:23:42,75.5400,11,1
2026-03-09,000333,13:23:45,75.5400,6,1
2026-03-09,000333,13:23:48,75.5400,23,1
2026-03-09,000333,13:23:51,75.5500,2,1
2026-03-09,000333,13:23:54,75.5400,25,2
2026-03-09,000333,13:23:57,75.5600,21,1
2026-03-09,000333,13:24:00,75.5200,75,2
2026-03-09,000333,13:24:03,75.5200,28,2
2026-03-09,000333,13:24:06,75.5200,24,1
2026-03-09,000333,13:24:09,75.5200,15,2
2026-03-09,000333,13:24:12,75.5200,17,2
2026-03-09,000333,13:24:15,75.5200,1,2
2026-03-09,000333,13:24:18,75.5200,35,2
2026-03-09,000333,13:24:21,75.5100,24,2
2026-03-09,000333,13:24:24,75.5100,20,2
2026-03-09,000333,13:24:27,75.5000,30,2
2026-03-09,000333,13:24:30,75.5100,16,1
2026-03-09,000333,13:24:33,75.5100,20,1
2026-03-09,000333,13:24:36,75.5000,24,2
2026-03-09,000333,13:24:39,75.5100,14,1
2026-03-09,000333,13:24:42,75.5100,17,1
2026-03-09,000333,13:24:45,75.5000,8,2
2026-03-09,000333,13:24:48,75.5000,22,2
2026-03-09,000333,13:24:51,75.5000,5,2
2026-03-09,000333,13:24:54,75.5100,3,1
2026-03-09,000333,13:24:57,75.5000,17,2
2026-03-09,000333,13:25:00,75.5000,42,2
2026-03-09,000333,13:25:03,75.5100,22,1
2026-03-09,000333,13:25:06,75.5000,25,2
2026-03-09,000333,13:25:09,75.5100,33,1
2026-03-09,000333,13:25:12,75.5100,82,1
2026-03-09,000333,13:25:15,75.5100,26,1
2026-03-09,000333,13:25:18,75.5000,67,2
2026-03-09,000333,13:25:21,75.5000,24,2
2026-03-09,000333,13:25:24,75.4900,110,2
2026-03-09,000333,13:25:27,75.4900,48,2
2026-03-09,000333,13:25:30,75.4900,31,1
2026-03-09,000333,13:25:33,75.4800,111,2
2026-03-09,000333,13:25:36,75.4800,107,1
2026-03-09,000333,13:25:39,75.5400,1583,1
2026-03-09,000333,13:25:42,75.5600,213,1
2026-03-09,000333,13:25:45,75.5500,292,2
2026-03-09,000333,13:25:48,75.5600,289,1
2026-03-09,000333,13:25:51,75.5600,81,2
2026-03-09,000333,13:25:54,75.5500,7,2
2026-03-09,000333,13:25:57,75.5500,37,1
2026-03-09,000333,13:26:00,75.5500,13,1
2026-03-09,000333,13:26:03,75.5400,2,2
2026-03-09,000333,13:26:06,75.5500,31,1
2026-03-09,000333,13:26:09,75.5300,15,2
2026-03-09,000333,13:26:12,75.5300,5,2
2026-03-09,000333,13:26:15,75.5200,3,2
2026-03-09,000333,13:26:18,75.5200,10,2
2026-03-09,000333,13:26:21,75.5100,3,2
2026-03-09,000333,13:26:24,75.5200,14,1
2026-03-09,000333,13:26:27,75.5200,18,1
2026-03-09,000333,13:26:30,75.5100,7,2
2026-03-09,000333,13:26:33,75.5200,52,1
2026-03-09,000333,13:26:36,75.5300,61,1
2026-03-09,000333,13:26:39,75.5500,25,1
2026-03-09,000333,13:26:42,75.5500,33,1
2026-03-09,000333,13:26:45,75.5500,4,1
2026-03-09,000333,13:26:48,75.5500,31,1
2026-03-09,000333,13:26:51,75.5500,4,1
2026-03-09,000333,13:26:54,75.5400,7,2
2026-03-09,000333,13:26:57,75.5400,8,2
2026-03-09,000333,13:27:00,75.5500,6,1
2026-03-09,000333,13:27:03,75.5300,8,2
2026-03-09,000333,13:27:06,75.5400,1,4
2026-03-09,000333,13:27:09,75.5500,1,1
2026-03-09,000333,13:27:12,75.5400,24,2
2026-03-09,000333,13:27:18,75.5400,10,1
2026-03-09,000333,13:27:21,75.5400,5,1
2026-03-09,000333,13:27:24,75.5400,9,1
2026-03-09,000333,13:27:27,75.5400,2,1
2026-03-09,000333,13:27:30,75.5400,11,1
2026-03-09,000333,13:27:33,75.5400,27,1
2026-03-09,000333,13:27:36,75.5300,20,2
2026-03-09,000333,13:27:39,75.5400,5,2
2026-03-09,000333,13:27:42,75.5400,11,2
2026-03-09,000333,13:27:45,75.5400,4,2
2026-03-09,000333,13:27:48,75.5500,20,1
2026-03-09,000333,13:27:51,75.5400,4,2
2026-03-09,000333,13:27:54,75.5400,4,2
2026-03-09,000333,13:27:57,75.5500,10,1
2026-03-09,000333,13:28:00,75.5500,55,1
2026-03-09,000333,13:28:03,75.5500,21,1
2026-03-09,000333,13:28:06,75.5600,16,4
2026-03-09,000333,13:28:09,75.5400,15,2
2026-03-09,000333,13:28:12,75.5500,9,1
2026-03-09,000333,13:28:15,75.5500,11,1
2026-03-09,000333,13:28:18,75.5500,23,1
2026-03-09,000333,13:28:21,75.5400,6,2
2026-03-09,000333,13:28:24,75.5400,14,2
2026-03-09,000333,13:28:27,75.5500,6,1
2026-03-09,000333,13:28:30,75.5400,6,2
2026-03-09,000333,13:28:33,75.5400,3,4
2026-03-09,000333,13:28:36,75.5400,9,1
2026-03-09,000333,13:28:39,75.5400,3,2
2026-03-09,000333,13:28:42,75.5500,6,1
2026-03-09,000333,13:28:45,75.5400,1,2
2026-03-09,000333,13:28:48,75.5400,2,2
2026-03-09,000333,13:28:51,75.5400,20,2
2026-03-09,000333,13:28:57,75.5300,18,2
2026-03-09,000333,13:29:00,75.5300,8,2
2026-03-09,000333,13:29:03,75.5300,11,2
2026-03-09,000333,13:29:06,75.5400,50,1
2026-03-09,000333,13:29:09,75.5300,30,2
2026-03-09,000333,13:29:12,75.5500,31,1
2026-03-09,000333,13:29:15,75.5400,42,2
2026-03-09,000333,13:29:18,75.5300,3,2
2026-03-09,000333,13:29:21,75.5300,24,2
2026-03-09,000333,13:29:24,75.5300,15,2
2026-03-09,000333,13:29:27,75.5400,15,1
2026-03-09,000333,13:29:30,75.5300,46,2
2026-03-09,000333,13:29:33,75.5400,33,1
2026-03-09,000333,13:29:36,75.5400,23,1
2026-03-09,000333,13:29:39,75.5400,7,2
2026-03-09,000333,13:29:42,75.5400,11,2
2026-03-09,000333,13:29:45,75.5500,6,1
2026-03-09,000333,13:29:48,75.5400,2,2
2026-03-09,000333,13:29:51,75.5400,4,2
2026-03-09,000333,13:29:54,75.5500,3,1
2026-03-09,000333,13:29:57,75.5500,7,1
2026-03-09,000333,13:30:00,75.5400,7,2
2026-03-09,000333,13:30:03,75.5400,27,2
2026-03-09,000333,13:30:06,75.5500,23,1
2026-03-09,000333,13:30:09,75.5500,74,2
2026-03-09,000333,13:30:12,75.5500,32,2
2026-03-09,000333,13:30:15,75.5500,24,2
2026-03-09,000333,13:30:18,75.5400,13,2
2026-03-09,000333,13:30:21,75.5500,37,1
2026-03-09,000333,13:30:24,75.5500,5,1
2026-03-09,000333,13:30:27,75.5500,53,1
2026-03-09,000333,13:30:30,75.5400,28,2
2026-03-09,000333,13:30:33,75.5400,16,2
2026-03-09,000333,13:30:36,75.5400,37,2
2026-03-09,000333,13:30:39,75.5400,6,2
2026-03-09,000333,13:30:42,75.5400,8,2
2026-03-09,000333,13:30:45,75.5400,11,2
2026-03-09,000333,13:30:48,75.5400,5,2
2026-03-09,000333,13:30:51,75.5400,104,2
2026-03-09,000333,13:30:54,75.5300,35,2
2026-03-09,000333,13:30:57,75.5200,15,2
2026-03-09,000333,13:31:00,75.5300,26,1
2026-03-09,000333,13:31:03,75.5100,195,2
2026-03-09,000333,13:31:06,75.5100,85,2
2026-03-09,000333,13:31:09,75.5100,28,2
2026-03-09,000333,13:31:12,75.5000,63,2
2026-03-09,000333,13:31:15,75.5100,49,1
2026-03-09,000333,13:31:18,75.5300,90,1
2026-03-09,000333,13:31:21,75.5100,14,2
2026-03-09,000333,13:31:24,75.5100,61,1
2026-03-09,000333,13:31:27,75.5100,46,1
2026-03-09,000333,13:31:30,75.5000,29,2
2026-03-09,000333,13:31:33,75.5000,59,2
2026-03-09,000333,13:31:36,75.5100,25,2
2026-03-09,000333,13:31:39,75.5100,51,2
2026-03-09,000333,13:31:42,75.5100,45,2
2026-03-09,000333,13:31:45,75.5000,29,2
2026-03-09,000333,13:31:48,75.5000,60,2
2026-03-09,000333,13:31:51,75.5000,55,2
2026-03-09,000333,13:31:54,75.5000,25,2
2026-03-09,000333,13:31:57,75.5000,22,2
2026-03-09,000333,13:32:00,75.5000,9,2
2026-03-09,000333,13:32:03,75.5100,37,1
2026-03-09,000333,13:32:06,75.5100,26,1
2026-03-09,000333,13:32:09,75.5100,11,4
2026-03-09,000333,13:32:12,75.5000,6,2
2026-03-09,000333,13:32:15,75.5000,37,2
2026-03-09,000333,13:32:18,75.4900,247,2
2026-03-09,000333,13:32:21,75.4900,53,2
2026-03-09,000333,13:32:24,75.4700,80,2
2026-03-09,000333,13:32:27,75.4600,55,2
2026-03-09,000333,13:32:30,75.4500,85,2
2026-03-09,000333,13:32:33,75.4300,34,2
2026-03-09,000333,13:32:36,75.4400,30,1
2026-03-09,000333,13:32:39,75.4400,20,2
2026-03-09,000333,13:32:42,75.4500,20,1
2026-03-09,000333,13:32:45,75.4500,133,1
2026-03-09,000333,13:32:48,75.4600,1543,1
2026-03-09,000333,13:32:51,75.4200,138,2
2026-03-09,000333,13:32:54,75.4100,235,2
2026-03-09,000333,13:32:57,75.4400,91,1
2026-03-09,000333,13:33:00,75.4000,104,2
2026-03-09,000333,13:33:03,75.4000,100,2
2026-03-09,000333,13:33:06,75.4200,71,1
2026-03-09,000333,13:33:09,75.4000,14,2
2026-03-09,000333,13:33:12,75.4100,28,1
2026-03-09,000333,13:33:15,75.4000,7,2
2026-03-09,000333,13:33:18,75.4000,44,1
2026-03-09,000333,13:33:21,75.3900,19,2
2026-03-09,000333,13:33:24,75.4000,46,1
2026-03-09,000333,13:33:27,75.4100,21,1
2026-03-09,000333,13:33:30,75.3800,75,2
2026-03-09,000333,13:33:33,75.4000,9,2
2026-03-09,000333,13:33:36,75.4000,36,1
2026-03-09,000333,13:33:39,75.4000,9,2
2026-03-09,000333,13:33:42,75.4000,3,2
2026-03-09,000333,13:33:45,75.4000,6,2
2026-03-09,000333,13:33:48,75.4000,35,2
2026-03-09,000333,13:33:51,75.4100,76,1
2026-03-09,000333,13:33:54,75.4100,4,2
2026-03-09,000333,13:33:57,75.4100,8,2
2026-03-09,000333,13:34:00,75.4200,1,1
2026-03-09,000333,13:34:03,75.4200,3,1
2026-03-09,000333,13:34:06,75.4200,40,1
2026-03-09,000333,13:34:09,75.4200,27,1
2026-03-09,000333,13:34:12,75.4200,13,1
2026-03-09,000333,13:34:15,75.4200,2,2
2026-03-09,000333,13:34:21,75.4300,7,1
2026-03-09,000333,13:34:24,75.4200,9,2
2026-03-09,000333,13:34:27,75.4300,6,1
2026-03-09,000333,13:34:30,75.4200,8,2
2026-03-09,000333,13:34:33,75.4200,7,2
2026-03-09,000333,13:34:36,75.4300,42,1
2026-03-09,000333,13:34:39,75.4300,13,1
2026-03-09,000333,13:34:45,75.4300,8,1
2026-03-09,000333,13:34:48,75.4200,10,2
2026-03-09,000333,13:34:51,75.4200,13,2
2026-03-09,000333,13:34:54,75.4300,18,1
2026-03-09,000333,13:34:57,75.4200,24,2
2026-03-09,000333,13:35:00,75.4200,15,2
2026-03-09,000333,13:35:03,75.4300,14,1
2026-03-09,000333,13:35:06,75.4300,43,1
2026-03-09,000333,13:35:09,75.4200,25,2
2026-03-09,000333,13:35:12,75.4200,15,2
2026-03-09,000333,13:35:15,75.4300,90,1
2026-03-09,000333,13:35:18,75.4400,4,1
2026-03-09,000333,13:35:21,75.4300,22,2
2026-03-09,000333,13:35:24,75.4400,6,1
2026-03-09,000333,13:35:30,75.4400,64,1
2026-03-09,000333,13:35:33,75.4500,1,1
2026-03-09,000333,13:35:36,75.4500,91,1
2026-03-09,000333,13:35:39,75.4500,48,2
2026-03-09,000333,13:35:42,75.4800,93,1
2026-03-09,000333,13:35:45,75.4800,62,1
2026-03-09,000333,13:35:48,75.4800,23,1
2026-03-09,000333,13:35:51,75.4800,109,1
2026-03-09,000333,13:35:54,75.4800,12,1
2026-03-09,000333,13:35:57,75.5100,56,1
2026-03-09,000333,13:36:00,75.5000,18,2
2026-03-09,000333,13:36:03,75.5000,16,2
2026-03-09,000333,13:36:06,75.5100,13,1
2026-03-09,000333,13:36:09,75.5000,45,1
2026-03-09,000333,13:36:12,75.5300,66,1
2026-03-09,000333,13:36:15,75.5000,9,2
2026-03-09,000333,13:36:18,75.5100,17,4
2026-03-09,000333,13:36:21,75.5100,31,1
2026-03-09,000333,13:36:24,75.5200,14,1
2026-03-09,000333,13:36:27,75.5200,45,1
2026-03-09,000333,13:36:30,75.5200,2,2
2026-03-09,000333,13:36:36,75.5300,27,1
2026-03-09,000333,13:36:39,75.5300,3,2
2026-03-09,000333,13:36:42,75.5400,6,1
2026-03-09,000333,13:36:45,75.5400,21,1
2026-03-09,000333,13:36:48,75.5400,31,1
2026-03-09,000333,13:36:51,75.5500,1,1
2026-03-09,000333,13:36:54,75.5500,37,1
2026-03-09,000333,13:36:57,75.5700,21,1
2026-03-09,000333,13:37:00,75.5500,6,1
2026-03-09,000333,13:37:03,75.5500,30,1
2026-03-09,000333,13:37:06,75.5800,32,1
2026-03-09,000333,13:37:09,75.5600,13,2
2026-03-09,000333,13:37:12,75.5800,49,1
2026-03-09,000333,13:37:15,75.5600,45,2
2026-03-09,000333,13:37:21,75.5600,20,2
2026-03-09,000333,13:37:24,75.5500,32,2
2026-03-09,000333,13:37:27,75.5500,25,2
2026-03-09,000333,13:37:30,75.5500,15,2
2026-03-09,000333,13:37:33,75.5500,44,2
2026-03-09,000333,13:37:36,75.5100,99,2
2026-03-09,000333,13:37:39,75.5200,54,2
2026-03-09,000333,13:37:42,75.5200,37,1
2026-03-09,000333,13:37:45,75.5100,17,2
2026-03-09,000333,13:37:48,75.5200,38,1
2026-03-09,000333,13:37:51,75.5100,10,2
2026-03-09,000333,13:37:54,75.5100,9,2
2026-03-09,000333,13:37:57,75.5100,14,2
2026-03-09,000333,13:38:00,75.5200,22,1
2026-03-09,000333,13:38:03,75.5100,4,2
2026-03-09,000333,13:38:06,75.5200,79,1
2026-03-09,000333,13:38:09,75.5000,174,2
2026-03-09,000333,13:38:12,75.4500,89,2
2026-03-09,000333,13:38:15,75.4400,36,2
2026-03-09,000333,13:38:18,75.4400,50,1
2026-03-09,000333,13:38:21,75.4300,70,2
2026-03-09,000333,13:38:24,75.4400,23,1
2026-03-09,000333,13:38:27,75.4400,11,1
2026-03-09,000333,13:38:30,75.4400,133,1
2026-03-09,000333,13:38:33,75.4400,77,2
2026-03-09,000333,13:38:36,75.4500,160,1
2026-03-09,000333,13:38:39,75.4300,4,2
2026-03-09,000333,13:38:42,75.4400,33,1
2026-03-09,000333,13:38:45,75.4100,3,2
2026-03-09,000333,13:38:48,75.4300,12,1
2026-03-09,000333,13:38:51,75.4100,9,2
2026-03-09,000333,13:38:57,75.4300,72,1
2026-03-09,000333,13:39:00,75.4300,46,2
2026-03-09,000333,13:39:03,75.4300,24,2
2026-03-09,000333,13:39:06,75.4300,53,2
2026-03-09,000333,13:39:09,75.4400,140,1
2026-03-09,000333,13:39:12,75.4800,26,1
2026-03-09,000333,13:39:15,75.4600,21,4
2026-03-09,000333,13:39:18,75.4400,7,2
2026-03-09,000333,13:39:21,75.4600,12,1
2026-03-09,000333,13:39:24,75.4400,1,2
2026-03-09,000333,13:39:27,75.4400,3,2
2026-03-09,000333,13:39:30,75.4300,5,2
2026-03-09,000333,13:39:33,75.4500,1,1
2026-03-09,000333,13:39:36,75.4400,61,2
2026-03-09,000333,13:39:39,75.4500,13,1
2026-03-09,000333,13:39:42,75.4400,35,1
2026-03-09,000333,13:39:45,75.4400,12,2
2026-03-09,000333,13:39:48,75.4400,18,2
2026-03-09,000333,13:39:51,75.4500,15,1
2026-03-09,000333,13:39:54,75.4500,23,1
2026-03-09,000333,13:39:57,75.4400,4,2
2026-03-09,000333,13:40:00,75.4400,120,2
2026-03-09,000333,13:40:03,75.4400,52,2
2026-03-09,000333,13:40:06,75.4500,179,1
2026-03-09,000333,13:40:09,75.4200,25,2
2026-03-09,000333,13:40:12,75.4200,14,2
2026-03-09,000333,13:40:15,75.4100,30,2
2026-03-09,000333,13:40:18,75.4200,8,1
2026-03-09,000333,13:40:21,75.4200,30,1
2026-03-09,000333,13:40:24,75.4200,11,1
2026-03-09,000333,13:40:30,75.4000,91,2
2026-03-09,000333,13:40:33,75.3900,197,2
2026-03-09,000333,13:40:36,75.3800,62,2
2026-03-09,000333,13:40:39,75.3800,18,2
2026-03-09,000333,13:40:42,75.3800,8,2
2026-03-09,000333,13:40:45,75.3800,40,2
2026-03-09,000333,13:40:48,75.3800,9,1
2026-03-09,000333,13:40:51,75.3700,25,2
2026-03-09,000333,13:40:54,75.3700,6,2
2026-03-09,000333,13:40:57,75.3800,11,1
2026-03-09,000333,13:41:00,75.3800,1,1
2026-03-09,000333,13:41:03,75.3800,16,1
2026-03-09,000333,13:41:06,75.3800,42,1
2026-03-09,000333,13:41:09,75.3700,7,2
2026-03-09,000333,13:41:12,75.3800,19,1
2026-03-09,000333,13:41:15,75.3800,3,2
2026-03-09,000333,13:41:18,75.3800,27,2
2026-03-09,000333,13:41:21,75.3800,43,2
2026-03-09,000333,13:41:24,75.3900,10,1
2026-03-09,000333,13:41:27,75.3700,2,2
2026-03-09,000333,13:41:30,75.3800,90,1
2026-03-09,000333,13:41:33,75.3800,2,4
2026-03-09,000333,13:41:36,75.3800,25,4
2026-03-09,000333,13:41:39,75.3800,19,2
2026-03-09,000333,13:41:42,75.3900,22,1
2026-03-09,000333,13:41:45,75.3800,2,2
2026-03-09,000333,13:41:48,75.3800,10,2
2026-03-09,000333,13:41:51,75.3800,14,2
2026-03-09,000333,13:41:54,75.3900,7,1
2026-03-09,000333,13:41:57,75.3900,10,1
2026-03-09,000333,13:42:00,75.3800,11,2
2026-03-09,000333,13:42:03,75.3800,35,2
2026-03-09,000333,13:42:06,75.3800,47,2
2026-03-09,000333,13:42:09,75.3800,7,2
2026-03-09,000333,13:42:12,75.3800,11,2
2026-03-09,000333,13:42:15,75.3900,4,1
2026-03-09,000333,13:42:18,75.3800,8,2
2026-03-09,000333,13:42:21,75.3900,3,1
2026-03-09,000333,13:42:24,75.3800,4,2
2026-03-09,000333,13:42:27,75.3800,6,2
2026-03-09,000333,13:42:30,75.3900,8,1
2026-03-09,000333,13:42:33,75.3800,13,2
2026-03-09,000333,13:42:36,75.3900,36,1
2026-03-09,000333,13:42:39,75.3900,31,1
2026-03-09,000333,13:42:42,75.3900,40,1
2026-03-09,000333,13:42:45,75.3900,31,1
2026-03-09,000333,13:42:48,75.3900,39,1
2026-03-09,000333,13:42:51,75.3700,200,2
2026-03-09,000333,13:42:54,75.3900,226,1
2026-03-09,000333,13:42:57,75.3900,62,2
2026-03-09,000333,13:43:00,75.3900,44,1
2026-03-09,000333,13:43:03,75.3900,34,1
2026-03-09,000333,13:43:06,75.4000,79,1
2026-03-09,000333,13:43:09,75.4000,5,1
2026-03-09,000333,13:43:12,75.3900,9,2
2026-03-09,000333,13:43:15,75.4000,30,1
2026-03-09,000333,13:43:18,75.4000,4,1
2026-03-09,000333,13:43:21,75.4000,11,1
2026-03-09,000333,13:43:24,75.3900,11,2
2026-03-09,000333,13:43:27,75.4000,30,1
2026-03-09,000333,13:43:30,75.3900,31,2
2026-03-09,000333,13:43:33,75.4000,79,1
2026-03-09,000333,13:43:36,75.4200,47,1
2026-03-09,000333,13:43:39,75.4200,6,1
2026-03-09,000333,13:43:42,75.4100,14,2
2026-03-09,000333,13:43:45,75.4200,4,1
2026-03-09,000333,13:43:48,75.4200,8,2
2026-03-09,000333,13:43:51,75.4200,8,1
2026-03-09,000333,13:43:54,75.4200,8,2
2026-03-09,000333,13:44:00,75.4200,7,2
2026-03-09,000333,13:44:03,75.4200,1,2
2026-03-09,000333,13:44:06,75.4300,107,1
2026-03-09,000333,13:44:09,75.4500,39,1
2026-03-09,000333,13:44:12,75.4500,2,1
2026-03-09,000333,13:44:15,75.4600,42,1
2026-03-09,000333,13:44:18,75.4800,89,1
2026-03-09,000333,13:44:21,75.4600,40,2
2026-03-09,000333,13:44:24,75.5000,23,1
2026-03-09,000333,13:44:27,75.4600,28,2
2026-03-09,000333,13:44:30,75.5000,1,1
2026-03-09,000333,13:44:33,75.4700,8,2
2026-03-09,000333,13:44:36,75.4800,5,4
2026-03-09,000333,13:44:39,75.4900,3,1
2026-03-09,000333,13:44:42,75.4900,7,1
2026-03-09,000333,13:44:45,75.5000,2,1
2026-03-09,000333,13:44:48,75.5000,6,1
2026-03-09,000333,13:44:51,75.4800,36,2
2026-03-09,000333,13:44:54,75.4900,30,1
2026-03-09,000333,13:44:57,75.4900,10,2
2026-03-09,000333,13:45:00,75.4800,10,2
2026-03-09,000333,13:45:03,75.4800,24,2
2026-03-09,000333,13:45:06,75.4900,17,1
2026-03-09,000333,13:45:09,75.4800,13,2
2026-03-09,000333,13:45:12,75.4800,75,1
2026-03-09,000333,13:45:15,75.4700,48,2
2026-03-09,000333,13:45:18,75.4500,45,2
2026-03-09,000333,13:45:21,75.4700,40,1
2026-03-09,000333,13:45:24,75.4800,11,1
2026-03-09,000333,13:45:27,75.5000,4,1
2026-03-09,000333,13:45:30,75.4900,12,2
2026-03-09,000333,13:45:33,75.4900,26,2
2026-03-09,000333,13:45:36,75.4900,9,1
2026-03-09,000333,13:45:39,75.5000,33,1
2026-03-09,000333,13:45:42,75.4800,17,2
2026-03-09,000333,13:45:45,75.4900,2,1
2026-03-09,000333,13:45:48,75.4800,11,2
2026-03-09,000333,13:45:51,75.4900,3,2
2026-03-09,000333,13:45:54,75.5000,11,1
2026-03-09,000333,13:45:57,75.4900,10,1
2026-03-09,000333,13:46:00,75.4900,23,2
2026-03-09,000333,13:46:03,75.4900,11,1
2026-03-09,000333,13:46:06,75.4900,61,1
2026-03-09,000333,13:46:09,75.4900,25,1
2026-03-09,000333,13:46:12,75.4900,15,2
2026-03-09,000333,13:46:15,75.4900,31,1
2026-03-09,000333,13:46:18,75.5000,1,1
2026-03-09,000333,13:46:21,75.4900,18,2
2026-03-09,000333,13:46:24,75.4900,11,2
2026-03-09,000333,13:46:27,75.4900,11,1
2026-03-09,000333,13:46:30,75.4800,42,2
2026-03-09,000333,13:46:33,75.4800,14,2
2026-03-09,000333,13:46:36,75.4900,90,1
2026-03-09,000333,13:46:39,75.4900,13,1
2026-03-09,000333,13:46:42,75.4800,25,2
2026-03-09,000333,13:46:45,75.4800,10,2
2026-03-09,000333,13:46:48,75.4900,13,1
2026-03-09,000333,13:46:51,75.4800,7,2
2026-03-09,000333,13:46:54,75.4900,6,1
2026-03-09,000333,13:46:57,75.4800,5,2
2026-03-09,000333,13:47:00,75.4800,32,2
2026-03-09,000333,13:47:03,75.4900,63,1
2026-03-09,000333,13:47:06,75.4900,30,1
2026-03-09,000333,13:47:09,75.4900,28,1
2026-03-09,000333,13:47:12,75.4800,10,2
2026-03-09,000333,13:47:15,75.4900,9,1
2026-03-09,000333,13:47:18,75.4800,4,2
2026-03-09,000333,13:47:21,75.4800,4,2
2026-03-09,000333,13:47:24,75.4900,9,1
2026-03-09,000333,13:47:27,75.4900,14,1
2026-03-09,000333,13:47:30,75.4800,17,2
2026-03-09,000333,13:47:33,75.4900,14,1
2026-03-09,000333,13:47:36,75.4900,61,1
2026-03-09,000333,13:47:39,75.4800,13,2
2026-03-09,000333,13:47:42,75.4800,15,2
2026-03-09,000333,13:47:45,75.4800,25,1
2026-03-09,000333,13:47:48,75.4700,21,2
2026-03-09,000333,13:47:51,75.4800,24,1
2026-03-09,000333,13:47:54,75.4800,17,1
2026-03-09,000333,13:47:57,75.4700,14,2
2026-03-09,000333,13:48:00,75.4700,51,2
2026-03-09,000333,13:48:03,75.4700,11,2
2026-03-09,000333,13:48:06,75.4700,46,2
2026-03-09,000333,13:48:09,75.4700,5,2
2026-03-09,000333,13:48:12,75.4900,23,1
2026-03-09,000333,13:48:15,75.4700,6,2
2026-03-09,000333,13:48:18,75.4800,29,1
2026-03-09,000333,13:48:21,75.4800,7,2
2026-03-09,000333,13:48:24,75.5000,11,1
2026-03-09,000333,13:48:27,75.5000,15,1
2026-03-09,000333,13:48:30,75.4900,19,2
2026-03-09,000333,13:48:33,75.5000,35,1
2026-03-09,000333,13:48:36,75.5000,44,1
2026-03-09,000333,13:48:39,75.5100,34,1
2026-03-09,000333,13:48:42,75.5100,37,2
2026-03-09,000333,13:48:45,75.5500,25,1
2026-03-09,000333,13:48:48,75.5500,29,1
2026-03-09,000333,13:48:51,75.5700,61,1
2026-03-09,000333,13:48:54,75.5600,25,1
2026-03-09,000333,13:48:57,75.5600,19,1
2026-03-09,000333,13:49:00,75.5400,15,2
2026-03-09,000333,13:49:03,75.5500,12,1
2026-03-09,000333,13:49:06,75.5400,5,4
2026-03-09,000333,13:49:09,75.5400,27,2
2026-03-09,000333,13:49:12,75.5100,51,2
2026-03-09,000333,13:49:15,75.5500,88,1
2026-03-09,000333,13:49:18,75.5500,54,1
2026-03-09,000333,13:49:21,75.5600,26,1
2026-03-09,000333,13:49:24,75.5600,38,1
2026-03-09,000333,13:49:27,75.5600,6,1
2026-03-09,000333,13:49:30,75.5500,54,2
2026-03-09,000333,13:49:33,75.5100,15,2
2026-03-09,000333,13:49:36,75.5200,28,1
2026-03-09,000333,13:49:39,75.5300,10,1
2026-03-09,000333,13:49:42,75.5300,6,1
2026-03-09,000333,13:49:45,75.5600,100,1
2026-03-09,000333,13:49:48,75.5600,72,1
2026-03-09,000333,13:49:51,75.5600,21,2
2026-03-09,000333,13:49:54,75.5600,17,2
2026-03-09,000333,13:49:57,75.5900,24,1
2026-03-09,000333,13:50:00,75.5900,38,4
2026-03-09,000333,13:50:03,75.5800,13,1
2026-03-09,000333,13:50:06,75.5800,19,1
2026-03-09,000333,13:50:09,75.5700,17,2
2026-03-09,000333,13:50:12,75.5700,5,2
2026-03-09,000333,13:50:15,75.5700,2,2
2026-03-09,000333,13:50:18,75.5700,15,2
2026-03-09,000333,13:50:21,75.5600,15,2
2026-03-09,000333,13:50:24,75.5600,8,2
2026-03-09,000333,13:50:27,75.5600,23,2
2026-03-09,000333,13:50:30,75.5600,19,2
2026-03-09,000333,13:50:33,75.5700,59,1
2026-03-09,000333,13:50:36,75.5700,21,1
2026-03-09,000333,13:50:39,75.5800,16,1
2026-03-09,000333,13:50:42,75.5800,12,1
2026-03-09,000333,13:50:45,75.5800,26,1
2026-03-09,000333,13:50:48,75.5800,14,4
2026-03-09,000333,13:50:51,75.5800,16,1
2026-03-09,000333,13:50:54,75.5800,17,1
2026-03-09,000333,13:50:57,75.5900,10,1
2026-03-09,000333,13:51:00,75.5900,4,1
2026-03-09,000333,13:51:03,75.5900,4,1
2026-03-09,000333,13:51:06,75.5900,20,1
2026-03-09,000333,13:51:09,75.5900,32,1
2026-03-09,000333,13:51:12,75.5800,16,2
2026-03-09,000333,13:51:15,75.5900,18,1
2026-03-09,000333,13:51:18,75.5800,3,1
2026-03-09,000333,13:51:21,75.5800,25,1
2026-03-09,000333,13:51:27,75.5800,10,2
2026-03-09,000333,13:51:30,75.5800,2,1
2026-03-09,000333,13:51:33,75.5800,2,1
2026-03-09,000333,13:51:36,75.5800,20,1
2026-03-09,000333,13:51:39,75.5800,6,1
2026-03-09,000333,13:51:42,75.5800,10,1
2026-03-09,000333,13:51:45,75.5700,28,2
2026-03-09,000333,13:51:48,75.6100,169,1
2026-03-09,000333,13:51:51,75.6500,73,1
2026-03-09,000333,13:51:54,75.6500,74,1
2026-03-09,000333,13:51:57,75.6500,33,1
2026-03-09,000333,13:52:00,75.6300,28,4
2026-03-09,000333,13:52:03,75.6200,39,2
2026-03-09,000333,13:52:06,75.6200,56,1
2026-03-09,000333,13:52:09,75.6400,14,1
2026-03-09,000333,13:52:12,75.6200,7,2
2026-03-09,000333,13:52:15,75.6300,27,1
2026-03-09,000333,13:52:18,75.6300,40,1
2026-03-09,000333,13:52:21,75.6500,166,1
2026-03-09,000333,13:52:24,75.6500,30,2
2026-03-09,000333,13:52:27,75.6700,25,1
2026-03-09,000333,13:52:30,75.6400,21,2
2026-03-09,000333,13:52:33,75.6400,27,2
2026-03-09,000333,13:52:36,75.6500,30,1
2026-03-09,000333,13:52:39,75.6400,38,2
2026-03-09,000333,13:52:42,75.6300,8,2
2026-03-09,000333,13:52:45,75.6300,11,1
2026-03-09,000333,13:52:51,75.6200,13,2
2026-03-09,000333,13:52:54,75.6200,18,2
2026-03-09,000333,13:52:57,75.6300,13,1
2026-03-09,000333,13:53:00,75.6200,17,1
2026-03-09,000333,13:53:03,75.6100,8,4
2026-03-09,000333,13:53:06,75.6100,18,1
2026-03-09,000333,13:53:12,75.6200,8,1
2026-03-09,000333,13:53:15,75.6200,24,2
2026-03-09,000333,13:53:18,75.6200,26,1
2026-03-09,000333,13:53:21,75.6300,50,1
2026-03-09,000333,13:53:24,75.6500,103,1
2026-03-09,000333,13:53:27,75.6400,26,4
2026-03-09,000333,13:53:30,75.6400,46,2
2026-03-09,000333,13:53:33,75.6400,30,1
2026-03-09,000333,13:53:36,75.6700,63,1
2026-03-09,000333,13:53:39,75.7100,37,1
2026-03-09,000333,13:53:42,75.7100,31,1
2026-03-09,000333,13:53:45,75.7000,30,1
2026-03-09,000333,13:53:48,75.7100,17,1
2026-03-09,000333,13:53:51,75.6900,23,4
2026-03-09,000333,13:53:54,75.6700,32,2
2026-03-09,000333,13:53:57,75.6700,5,2
2026-03-09,000333,13:54:00,75.6700,12,2
2026-03-09,000333,13:54:03,75.6700,50,1
2026-03-09,000333,13:54:06,75.6700,27,1
2026-03-09,000333,13:54:09,75.6700,3,2
2026-03-09,000333,13:54:12,75.6800,31,1
2026-03-09,000333,13:54:15,75.6800,101,1
2026-03-09,000333,13:54:18,75.6900,17,1
2026-03-09,000333,13:54:21,75.6900,15,1
2026-03-09,000333,13:54:24,75.6800,4,2
2026-03-09,000333,13:54:27,75.6800,6,2
2026-03-09,000333,13:54:30,75.6800,6,1
2026-03-09,000333,13:54:33,75.6800,6,1
2026-03-09,000333,13:54:36,75.6700,39,2
2026-03-09,000333,13:54:39,75.6800,9,1
2026-03-09,000333,13:54:42,75.6800,5,1
2026-03-09,000333,13:54:45,75.6700,3,2
2026-03-09,000333,13:54:48,75.6700,3,2
2026-03-09,000333,13:54:51,75.6600,6,2
2026-03-09,000333,13:54:54,75.6700,1,1
2026-03-09,000333,13:54:57,75.6600,1,2
2026-03-09,000333,13:55:00,75.6600,8,2
2026-03-09,000333,13:55:03,75.6700,25,1
2026-03-09,000333,13:55:06,75.6600,38,2
2026-03-09,000333,13:55:09,75.6600,30,1
2026-03-09,000333,13:55:12,75.6500,10,2
2026-03-09,000333,13:55:15,75.6600,2,1
2026-03-09,000333,13:55:18,75.6600,5,1
2026-03-09,000333,13:55:21,75.6500,13,2
2026-03-09,000333,13:55:24,75.6500,6,2
2026-03-09,000333,13:55:27,75.6600,11,1
2026-03-09,000333,13:55:30,75.6500,19,2
2026-03-09,000333,13:55:33,75.6600,3,1
2026-03-09,000333,13:55:36,75.6500,51,2
2026-03-09,000333,13:55:39,75.6500,53,2
2026-03-09,000333,13:55:42,75.6500,27,2
2026-03-09,000333,13:55:45,75.6600,14,1
2026-03-09,000333,13:55:48,75.6600,3,1
2026-03-09,000333,13:55:51,75.6500,8,2
2026-03-09,000333,13:55:54,75.6600,16,1
2026-03-09,000333,13:55:57,75.6500,3,2
2026-03-09,000333,13:56:00,75.6500,28,2
2026-03-09,000333,13:56:03,75.6600,18,1
2026-03-09,000333,13:56:06,75.6500,4,4
2026-03-09,000333,13:56:09,75.6500,21,2
2026-03-09,000333,13:56:12,75.6500,3,2
2026-03-09,000333,13:56:15,75.6500,1,2
2026-03-09,000333,13:56:18,75.6600,5,1
2026-03-09,000333,13:56:21,75.6500,21,2
2026-03-09,000333,13:56:24,75.6500,4,2
2026-03-09,000333,13:56:27,75.6500,14,2
2026-03-09,000333,13:56:30,75.6500,147,2
2026-03-09,000333,13:56:33,75.6400,46,2
2026-03-09,000333,13:56:36,75.6500,50,1
2026-03-09,000333,13:56:39,75.6400,3,2
2026-03-09,000333,13:56:45,75.6500,5,1
2026-03-09,000333,13:56:48,75.6400,4,2
2026-03-09,000333,13:56:51,75.6500,2,1
2026-03-09,000333,13:56:54,75.6500,2,1
2026-03-09,000333,13:56:57,75.6500,119,1
2026-03-09,000333,13:57:00,75.6300,21,2
2026-03-09,000333,13:57:03,75.6300,26,2
2026-03-09,000333,13:57:06,75.6400,97,4
2026-03-09,000333,13:57:09,75.6200,47,2
2026-03-09,000333,13:57:12,75.6300,7,4
2026-03-09,000333,13:57:15,75.6400,34,1
2026-03-09,000333,13:57:18,75.6200,14,2
2026-03-09,000333,13:57:21,75.6100,7,2
2026-03-09,000333,13:57:24,75.6100,1,2
2026-03-09,000333,13:57:27,75.6500,200,1
2026-03-09,000333,13:57:30,75.6200,61,2
2026-03-09,000333,13:57:33,75.6200,21,2
2026-03-09,000333,13:57:36,75.6100,20,2
2026-03-09,000333,13:57:39,75.6400,213,1
2026-03-09,000333,13:57:42,75.6400,16,2
2026-03-09,000333,13:57:45,75.6100,11,2
2026-03-09,000333,13:57:48,75.6200,8,2
2026-03-09,000333,13:57:51,75.6400,62,1
2026-03-09,000333,13:57:54,75.6500,22,1
2026-03-09,000333,13:57:57,75.6500,6,1
2026-03-09,000333,13:58:00,75.6300,16,2
2026-03-09,000333,13:58:03,75.6500,4,1
2026-03-09,000333,13:58:06,75.6400,12,1
2026-03-09,000333,13:58:09,75.6100,70,2
2026-03-09,000333,13:58:12,75.6500,37,1
2026-03-09,000333,13:58:15,75.6600,118,1
2026-03-09,000333,13:58:18,75.6500,5,1
2026-03-09,000333,13:58:21,75.6500,25,1
2026-03-09,000333,13:58:24,75.6000,6,2
2026-03-09,000333,13:58:27,75.6000,26,2
2026-03-09,000333,13:58:30,75.6000,50,2
2026-03-09,000333,13:58:33,75.6000,17,2
2026-03-09,000333,13:58:36,75.6000,32,1
2026-03-09,000333,13:58:39,75.5800,103,2
2026-03-09,000333,13:58:42,75.5800,10,1
2026-03-09,000333,13:58:45,75.5800,113,1
2026-03-09,000333,13:58:48,75.5700,20,4
2026-03-09,000333,13:58:51,75.5500,10,2
2026-03-09,000333,13:58:54,75.5500,2,2
2026-03-09,000333,13:59:00,75.5500,9,2
2026-03-09,000333,13:59:03,75.5100,34,2
2026-03-09,000333,13:59:06,75.5500,117,1
2026-03-09,000333,13:59:09,75.5600,20,4
2026-03-09,000333,13:59:12,75.5600,30,2
2026-03-09,000333,13:59:15,75.5600,6,1
2026-03-09,000333,13:59:21,75.5600,15,2
2026-03-09,000333,13:59:24,75.5600,1,2
2026-03-09,000333,13:59:27,75.5600,1,2
2026-03-09,000333,13:59:30,75.5600,36,2
2026-03-09,000333,13:59:33,75.5600,9,1
2026-03-09,000333,13:59:36,75.5600,30,1
2026-03-09,000333,13:59:39,75.5700,37,1
2026-03-09,000333,13:59:42,75.5700,6,1
2026-03-09,000333,13:59:45,75.5600,1,2
2026-03-09,000333,13:59:48,75.5800,60,1
2026-03-09,000333,13:59:51,75.5600,41,4
2026-03-09,000333,13:59:54,75.5600,28,1
2026-03-09,000333,13:59:57,75.5700,47,1
2026-03-09,000333,14:00:00,75.5600,18,2
2026-03-09,000333,14:00:03,75.5600,77,2
2026-03-09,000333,14:00:06,75.5700,76,1
2026-03-09,000333,14:00:09,75.5700,21,2
2026-03-09,000333,14:00:12,75.5800,33,1
2026-03-09,000333,14:00:15,75.5700,8,1
2026-03-09,000333,14:00:18,75.5500,85,2
2026-03-09,000333,14:00:21,75.5600,37,1
2026-03-09,000333,14:00:24,75.5400,48,2
2026-03-09,000333,14:00:27,75.5700,139,1
2026-03-09,000333,14:00:30,75.5600,51,1
2026-03-09,000333,14:00:33,75.5500,29,2
2026-03-09,000333,14:00:36,75.5600,50,1
2026-03-09,000333,14:00:39,75.5700,26,1
2026-03-09,000333,14:00:42,75.5700,34,1
2026-03-09,000333,14:00:45,75.5600,155,1
2026-03-09,000333,14:00:48,75.5700,39,2
2026-03-09,000333,14:00:51,75.5800,2,4
2026-03-09,000333,14:00:54,75.5800,4,1
2026-03-09,000333,14:00:57,75.5900,1,1
2026-03-09,000333,14:01:00,75.5900,10,1
2026-03-09,000333,14:01:03,75.5800,15,2
2026-03-09,000333,14:01:06,75.5800,21,2
2026-03-09,000333,14:01:09,75.5900,14,1
2026-03-09,000333,14:01:12,75.5800,1,2
2026-03-09,000333,14:01:15,75.5800,7,2
2026-03-09,000333,14:01:18,75.5800,1,2
2026-03-09,000333,14:01:21,75.5900,43,1
2026-03-09,000333,14:01:24,75.5800,24,2
2026-03-09,000333,14:01:27,75.5900,5,1
2026-03-09,000333,14:01:33,75.5900,1,1
2026-03-09,000333,14:01:36,75.5900,16,1
2026-03-09,000333,14:01:39,75.5900,8,1
2026-03-09,000333,14:01:42,75.5900,114,1
2026-03-09,000333,14:01:45,75.6000,40,1
2026-03-09,000333,14:01:48,75.6000,12,1
2026-03-09,000333,14:01:51,75.6000,11,1
2026-03-09,000333,14:01:54,75.6000,21,1
2026-03-09,000333,14:01:57,75.5900,46,2
2026-03-09,000333,14:02:00,75.6000,50,1
2026-03-09,000333,14:02:03,75.6100,31,1
2026-03-09,000333,14:02:06,75.6100,32,1
2026-03-09,000333,14:02:09,75.6100,17,1
2026-03-09,000333,14:02:12,75.6100,37,1
2026-03-09,000333,14:02:15,75.6100,34,2
2026-03-09,000333,14:02:18,75.6000,14,2
2026-03-09,000333,14:02:21,75.6100,16,1
2026-03-09,000333,14:02:24,75.6100,7,1
2026-03-09,000333,14:02:27,75.6100,13,1
2026-03-09,000333,14:02:30,75.6100,8,1
2026-03-09,000333,14:02:33,75.6100,80,1
2026-03-09,000333,14:02:36,75.6100,50,1
2026-03-09,000333,14:02:39,75.6100,33,1
2026-03-09,000333,14:02:42,75.6200,33,1
2026-03-09,000333,14:02:45,75.6300,15,1
2026-03-09,000333,14:02:48,75.6200,14,1
2026-03-09,000333,14:02:51,75.6200,23,1
2026-03-09,000333,14:02:54,75.6300,33,1
2026-03-09,000333,14:02:57,75.6400,68,1
2026-03-09,000333,14:03:00,75.6400,33,1
2026-03-09,000333,14:03:03,75.6200,110,2
2026-03-09,000333,14:03:06,75.6000,81,2
2026-03-09,000333,14:03:09,75.5800,214,2
2026-03-09,000333,14:03:12,75.5800,135,2
2026-03-09,000333,14:03:15,75.5800,71,1
2026-03-09,000333,14:03:18,75.5700,21,1
2026-03-09,000333,14:03:21,75.5700,6,1
2026-03-09,000333,14:03:24,75.5700,11,1
2026-03-09,000333,14:03:27,75.5800,29,1
2026-03-09,000333,14:03:30,75.5700,13,2
2026-03-09,000333,14:03:33,75.5700,14,2
2026-03-09,000333,14:03:36,75.5600,35,2
2026-03-09,000333,14:03:39,75.5500,63,2
2026-03-09,000333,14:03:42,75.5500,31,2
2026-03-09,000333,14:03:45,75.5300,172,2
2026-03-09,000333,14:03:48,75.5300,59,2
2026-03-09,000333,14:03:51,75.5400,16,1
2026-03-09,000333,14:03:54,75.5300,11,1
2026-03-09,000333,14:03:57,75.5200,2,2
2026-03-09,000333,14:04:00,75.5200,8,2
2026-03-09,000333,14:04:03,75.5200,61,1
2026-03-09,000333,14:04:06,75.5100,48,2
2026-03-09,000333,14:04:09,75.5200,17,1
2026-03-09,000333,14:04:12,75.5200,12,1
2026-03-09,000333,14:04:15,75.5100,10,2
2026-03-09,000333,14:04:18,75.5100,37,2
2026-03-09,000333,14:04:21,75.5100,18,2
2026-03-09,000333,14:04:24,75.5200,18,1
2026-03-09,000333,14:04:27,75.5100,13,2
2026-03-09,000333,14:04:30,75.5100,92,1
2026-03-09,000333,14:04:33,75.5200,679,1
2026-03-09,000333,14:04:36,75.5200,237,1
2026-03-09,000333,14:04:39,75.5500,34,1
2026-03-09,000333,14:04:42,75.5200,3,2
2026-03-09,000333,14:04:45,75.5100,53,2
2026-03-09,000333,14:04:48,75.5100,22,2
2026-03-09,000333,14:04:51,75.5000,31,2
2026-03-09,000333,14:04:54,75.5000,161,2
2026-03-09,000333,14:04:57,75.4800,148,2
2026-03-09,000333,14:05:00,75.4700,25,2
2026-03-09,000333,14:05:03,75.4700,67,2
2026-03-09,000333,14:05:06,75.4500,81,2
2026-03-09,000333,14:05:09,75.4600,91,1
2026-03-09,000333,14:05:12,75.4600,73,1
2026-03-09,000333,14:05:15,75.4600,12,1
2026-03-09,000333,14:05:18,75.4600,1,1
2026-03-09,000333,14:05:21,75.4600,6,1
2026-03-09,000333,14:05:24,75.4400,53,2
2026-03-09,000333,14:05:27,75.4600,30,1
2026-03-09,000333,14:05:30,75.4600,60,1
2026-03-09,000333,14:05:33,75.4500,18,2
2026-03-09,000333,14:05:36,75.4500,95,1
2026-03-09,000333,14:05:39,75.4600,278,1
2026-03-09,000333,14:05:42,75.4600,63,1
2026-03-09,000333,14:05:45,75.4700,40,1
2026-03-09,000333,14:05:48,75.5000,22,1
2026-03-09,000333,14:05:51,75.4800,43,2
2026-03-09,000333,14:05:57,75.5000,12,1
2026-03-09,000333,14:06:00,75.4700,13,2
2026-03-09,000333,14:06:03,75.4800,6,1
2026-03-09,000333,14:06:06,75.5000,5,1
2026-03-09,000333,14:06:09,75.5000,51,1
2026-03-09,000333,14:06:12,75.5000,15,1
2026-03-09,000333,14:06:15,75.5000,13,1
2026-03-09,000333,14:06:18,75.4900,8,2
2026-03-09,000333,14:06:21,75.5000,3,1
2026-03-09,000333,10:53:06,75.7900,8,1
2026-03-09,000333,10:53:09,75.7800,8,2
2026-03-09,000333,10:53:12,75.8000,3,1
2026-03-09,000333,10:53:15,75.8000,5,1
2026-03-09,000333,10:53:18,75.7900,1,4
2026-03-09,000333,10:53:21,75.7900,2,1
2026-03-09,000333,10:53:24,75.8000,6,1
2026-03-09,000333,10:53:27,75.7800,51,2
2026-03-09,000333,10:53:30,75.7900,12,2
2026-03-09,000333,10:53:33,75.7800,61,2
2026-03-09,000333,10:53:36,75.7900,23,1
2026-03-09,000333,10:53:39,75.7700,20,2
2026-03-09,000333,10:53:42,75.7700,15,2
2026-03-09,000333,10:53:45,75.7700,8,2
2026-03-09,000333,10:53:48,75.7700,8,2
2026-03-09,000333,10:53:51,75.7700,7,2
2026-03-09,000333,10:53:54,75.7700,10,1
2026-03-09,000333,10:53:57,75.7600,22,2
2026-03-09,000333,10:54:00,75.7600,1,2
2026-03-09,000333,10:54:03,75.7700,55,1
2026-03-09,000333,10:54:06,75.7700,10,2
2026-03-09,000333,10:54:09,75.7700,17,2
2026-03-09,000333,10:54:12,75.7800,27,1
2026-03-09,000333,10:54:15,75.7700,2,4
2026-03-09,000333,10:54:18,75.7700,14,2
2026-03-09,000333,10:54:21,75.7700,3,1
2026-03-09,000333,10:54:24,75.7700,11,1
2026-03-09,000333,10:54:27,75.7700,3,1
2026-03-09,000333,10:54:30,75.7600,14,2
2026-03-09,000333,10:54:33,75.7600,1,2
2026-03-09,000333,10:54:36,75.7600,12,2
2026-03-09,000333,10:54:39,75.7600,9,2
2026-03-09,000333,10:54:42,75.7700,11,4
2026-03-09,000333,10:54:45,75.7600,25,2
2026-03-09,000333,10:54:48,75.7500,51,2
2026-03-09,000333,10:54:51,75.7400,116,2
2026-03-09,000333,10:54:54,75.7200,15,2
2026-03-09,000333,10:54:57,75.7100,1,2
2026-03-09,000333,10:55:00,75.7000,4,2
2026-03-09,000333,10:55:03,75.7100,17,4
2026-03-09,000333,10:55:06,75.7300,10,1
2026-03-09,000333,10:55:12,75.7200,3,2
2026-03-09,000333,10:55:15,75.7300,9,1
2026-03-09,000333,10:55:18,75.7300,22,1
2026-03-09,000333,10:55:21,75.7200,15,2
2026-03-09,000333,10:55:27,75.7300,14,1
2026-03-09,000333,10:55:30,75.7400,38,1
2026-03-09,000333,10:55:33,75.7400,15,1
2026-03-09,000333,10:55:36,75.7400,8,1
2026-03-09,000333,10:55:39,75.7400,10,2
2026-03-09,000333,10:55:42,75.7500,9,1
2026-03-09,000333,10:55:45,75.7400,11,2
2026-03-09,000333,10:55:48,75.7500,4,1
2026-03-09,000333,10:55:51,75.7500,22,1
2026-03-09,000333,10:55:54,75.7500,2,1
2026-03-09,000333,10:55:57,75.7500,1,4
2026-03-09,000333,10:56:00,75.7500,10,1
2026-03-09,000333,10:56:03,75.7500,15,1
2026-03-09,000333,10:56:06,75.7500,19,2
2026-03-09,000333,10:56:09,75.8000,379,1
2026-03-09,000333,10:56:12,75.8400,72,1
2026-03-09,000333,10:56:15,75.8300,31,2
2026-03-09,000333,10:56:18,75.8400,22,1
2026-03-09,000333,10:56:21,75.8300,13,2
2026-03-09,000333,10:56:24,75.8500,9,1
2026-03-09,000333,10:56:27,75.8100,81,2
2026-03-09,000333,10:56:30,75.8100,5,2
2026-03-09,000333,10:56:33,75.8000,10,2
2026-03-09,000333,10:56:39,75.8200,3,2
2026-03-09,000333,10:56:42,75.8200,7,2
2026-03-09,000333,10:56:45,75.8200,14,1
2026-03-09,000333,10:56:48,75.8300,10,1
2026-03-09,000333,10:56:51,75.8000,36,2
2026-03-09,000333,10:56:54,75.8100,4,1
2026-03-09,000333,10:56:57,75.7900,10,2
2026-03-09,000333,10:57:00,75.8100,25,1
2026-03-09,000333,10:57:03,75.7900,24,2
2026-03-09,000333,10:57:06,75.8100,30,1
2026-03-09,000333,10:57:09,75.7900,10,2
2026-03-09,000333,10:57:12,75.7800,1,2
2026-03-09,000333,10:57:15,75.7800,12,2
2026-03-09,000333,10:57:21,75.7700,9,2
2026-03-09,000333,10:57:24,75.7800,4,1
2026-03-09,000333,10:57:27,75.7800,1,1
2026-03-09,000333,10:57:30,75.7800,3,1
2026-03-09,000333,10:57:36,75.7800,8,1
2026-03-09,000333,10:57:39,75.7700,5,2
2026-03-09,000333,10:57:42,75.7700,9,2
2026-03-09,000333,10:57:45,75.7700,9,1
2026-03-09,000333,10:57:48,75.7600,10,2
2026-03-09,000333,10:57:51,75.7800,20,1
2026-03-09,000333,10:57:54,75.7800,34,1
2026-03-09,000333,10:57:57,75.7700,35,2
2026-03-09,000333,10:58:00,75.7700,3,2
2026-03-09,000333,10:58:03,75.7700,87,2
2026-03-09,000333,10:58:06,75.7900,223,1
2026-03-09,000333,10:58:09,75.7800,23,2
2026-03-09,000333,10:58:12,75.7800,16,2
2026-03-09,000333,10:58:15,75.7800,6,4
2026-03-09,000333,10:58:18,75.7800,34,2
2026-03-09,000333,10:58:21,75.8000,30,1
2026-03-09,000333,10:58:24,75.8000,1,1
2026-03-09,000333,10:58:27,75.7900,1,4
2026-03-09,000333,10:58:30,75.7800,24,2
2026-03-09,000333,10:58:33,75.8000,4,1
2026-03-09,000333,10:58:36,75.8000,58,1
2026-03-09,000333,10:58:39,75.8000,6,2
2026-03-09,000333,10:58:42,75.8100,1,1
2026-03-09,000333,10:58:45,75.8000,15,2
2026-03-09,000333,10:58:48,75.8100,6,1
2026-03-09,000333,10:58:51,75.8100,6,2
2026-03-09,000333,10:58:54,75.8100,3,2
2026-03-09,000333,10:58:57,75.8100,12,2
2026-03-09,000333,10:59:00,75.8100,17,2
2026-03-09,000333,10:59:03,75.8000,10,2
2026-03-09,000333,10:59:06,75.8000,17,2
2026-03-09,000333,10:59:09,75.8000,6,1
2026-03-09,000333,10:59:12,75.8100,15,1
2026-03-09,000333,10:59:15,75.7800,41,2
2026-03-09,000333,10:59:18,75.7800,9,1
2026-03-09,000333,10:59:21,75.7800,13,1
2026-03-09,000333,10:59:24,75.7700,5,2
2026-03-09,000333,10:59:27,75.7800,3,1
2026-03-09,000333,10:59:30,75.7800,5,1
2026-03-09,000333,10:59:33,75.7800,26,1
2026-03-09,000333,10:59:36,75.8000,10,1
2026-03-09,000333,10:59:39,75.7900,3,2
2026-03-09,000333,10:59:42,75.8000,1,1
2026-03-09,000333,10:59:45,75.7900,4,2
2026-03-09,000333,10:59:48,75.8000,5,1
2026-03-09,000333,10:59:51,75.8000,3,1
2026-03-09,000333,10:59:54,75.8000,20,1
2026-03-09,000333,10:59:57,75.8000,7,1
2026-03-09,000333,11:00:00,75.8000,77,1
2026-03-09,000333,11:00:03,75.8000,24,1
2026-03-09,000333,11:00:06,75.8100,1,4
2026-03-09,000333,11:00:12,75.8100,3,2
2026-03-09,000333,11:00:15,75.8100,26,2
2026-03-09,000333,11:00:18,75.8100,9,2
2026-03-09,000333,11:00:21,75.8100,19,1
2026-03-09,000333,11:00:24,75.8100,7,1
2026-03-09,000333,11:00:30,75.8100,13,1
2026-03-09,000333,11:00:33,75.7900,111,2
2026-03-09,000333,11:00:36,75.7900,84,1
2026-03-09,000333,11:00:39,75.7800,9,2
2026-03-09,000333,11:00:42,75.7900,32,1
2026-03-09,000333,11:00:45,75.8000,3,1
2026-03-09,000333,11:00:48,75.8000,5,1
2026-03-09,000333,11:00:51,75.7900,5,2
2026-03-09,000333,11:00:54,75.8000,2,1
2026-03-09,000333,11:00:57,75.7900,5,2
2026-03-09,000333,11:01:00,75.7900,2,2
2026-03-09,000333,11:01:03,75.8000,11,1
2026-03-09,000333,11:01:06,75.8000,14,1
2026-03-09,000333,11:01:09,75.8000,5,1
2026-03-09,000333,11:01:12,75.8000,27,1
2026-03-09,000333,11:01:15,75.8100,9,1
2026-03-09,000333,11:01:18,75.8100,2,1
2026-03-09,000333,11:01:21,75.7900,8,2
2026-03-09,000333,11:01:24,75.8000,5,4
2026-03-09,000333,11:01:30,75.7900,2,2
2026-03-09,000333,11:01:33,75.7900,9,2
2026-03-09,000333,11:01:36,75.7800,14,2
2026-03-09,000333,11:01:39,75.7700,104,2
2026-03-09,000333,11:01:42,75.7700,8,1
2026-03-09,000333,11:01:48,75.7700,91,1
2026-03-09,000333,11:01:51,75.7700,23,1
2026-03-09,000333,11:01:54,75.7600,7,4
2026-03-09,000333,11:01:57,75.7700,222,1
2026-03-09,000333,11:02:00,75.7700,7,2
2026-03-09,000333,11:02:03,75.7800,13,1
2026-03-09,000333,11:02:06,75.7700,13,2
2026-03-09,000333,11:02:09,75.7800,2,1
2026-03-09,000333,11:02:12,75.7800,1,1
2026-03-09,000333,11:02:15,75.7800,1,1
2026-03-09,000333,11:02:18,75.7800,26,1
2026-03-09,000333,11:02:21,75.7700,37,2
2026-03-09,000333,11:02:24,75.7600,15,2
2026-03-09,000333,11:02:27,75.7600,19,2
2026-03-09,000333,11:02:30,75.7500,85,2
2026-03-09,000333,11:02:33,75.7500,244,1
2026-03-09,000333,11:02:36,75.7500,32,2
2026-03-09,000333,11:02:39,75.7600,3,1
2026-03-09,000333,11:02:42,75.7500,1,2
2026-03-09,000333,11:02:45,75.7600,30,1
2026-03-09,000333,11:02:48,75.7600,7,1
2026-03-09,000333,11:02:51,75.7600,119,1
2026-03-09,000333,11:02:54,75.7600,2,1
2026-03-09,000333,11:02:57,75.7600,7,1
2026-03-09,000333,11:03:00,75.7600,20,1
2026-03-09,000333,11:03:03,75.7600,7,4
2026-03-09,000333,11:03:06,75.7500,58,2
2026-03-09,000333,11:03:09,75.7500,9,1
2026-03-09,000333,11:03:12,75.7500,15,1
2026-03-09,000333,11:03:15,75.7500,6,1
2026-03-09,000333,11:03:18,75.7500,7,1
2026-03-09,000333,11:03:21,75.7500,60,1
2026-03-09,000333,11:03:24,75.7600,9,1
2026-03-09,000333,11:03:27,75.7400,45,2
2026-03-09,000333,11:03:30,75.7100,138,2
2026-03-09,000333,11:03:33,75.6800,196,2
2026-03-09,000333,11:03:36,75.6500,15,2
2026-03-09,000333,11:03:39,75.6100,23,2
2026-03-09,000333,11:03:42,75.6200,20,2
2026-03-09,000333,11:03:45,75.6200,1,2
2026-03-09,000333,11:03:48,75.6100,5,2
2026-03-09,000333,11:03:54,75.6200,8,2
2026-03-09,000333,11:03:57,75.6400,1,1
2026-03-09,000333,11:04:00,75.6100,1,2
2026-03-09,000333,11:04:03,75.6200,11,2
2026-03-09,000333,11:04:06,75.6100,22,2
2026-03-09,000333,11:04:09,75.6100,41,2
2026-03-09,000333,11:04:12,75.6200,7,1
2026-03-09,000333,11:04:15,75.6100,1,4
2026-03-09,000333,11:04:18,75.6000,25,2
2026-03-09,000333,11:04:21,75.5800,16,2
2026-03-09,000333,11:04:24,75.5900,14,1
2026-03-09,000333,11:04:27,75.5800,1,2
2026-03-09,000333,11:04:30,75.5700,16,2
2026-03-09,000333,11:04:33,75.5600,7,2
2026-03-09,000333,11:04:36,75.5700,19,1
2026-03-09,000333,11:04:39,75.5700,9,1
2026-03-09,000333,11:04:42,75.5700,24,1
2026-03-09,000333,11:04:48,75.5600,5,2
2026-03-09,000333,11:04:51,75.5700,15,1
2026-03-09,000333,11:04:54,75.5600,22,2
2026-03-09,000333,11:05:00,75.5700,3,2
2026-03-09,000333,11:05:03,75.5700,14,2
2026-03-09,000333,11:05:06,75.5700,17,2
2026-03-09,000333,11:05:09,75.5700,14,2
2026-03-09,000333,11:05:12,75.5800,6,1
2026-03-09,000333,11:05:15,75.5700,16,2
2026-03-09,000333,11:05:18,75.5700,21,2
2026-03-09,000333,11:05:24,75.5700,23,2
2026-03-09,000333,11:05:27,75.5800,52,1
2026-03-09,000333,11:05:30,75.5800,36,2
2026-03-09,000333,11:05:33,75.5700,9,2
2026-03-09,000333,11:05:36,75.5800,1,4
2026-03-09,000333,11:05:39,75.5800,10,2
2026-03-09,000333,11:05:42,75.5900,2,1
2026-03-09,000333,11:05:45,75.5800,3,2
2026-03-09,000333,11:05:48,75.5800,40,2
2026-03-09,000333,11:05:51,75.5800,6,2
2026-03-09,000333,11:05:54,75.5800,9,2
2026-03-09,000333,11:05:57,75.6000,13,1
2026-03-09,000333,11:06:00,75.5800,5,2
2026-03-09,000333,11:06:03,75.6000,7,1
2026-03-09,000333,11:06:06,75.6000,71,1
2026-03-09,000333,11:06:09,75.6100,6,1
2026-03-09,000333,11:06:12,75.6000,2,2
2026-03-09,000333,11:06:15,75.5900,27,2
2026-03-09,000333,11:06:18,75.6000,20,1
2026-03-09,000333,11:06:21,75.5900,6,2
2026-03-09,000333,11:06:24,75.5700,37,2
2026-03-09,000333,11:06:27,75.5600,62,2
2026-03-09,000333,11:06:30,75.5500,20,2
2026-03-09,000333,11:06:33,75.5600,13,4
2026-03-09,000333,11:06:36,75.5700,55,1
2026-03-09,000333,11:06:39,75.5800,16,1
2026-03-09,000333,11:06:42,75.5800,15,1
2026-03-09,000333,11:06:45,75.5400,16,2
2026-03-09,000333,11:06:48,75.5800,6,1
2026-03-09,000333,11:06:51,75.5800,10,1
2026-03-09,000333,11:06:57,75.5700,9,2
2026-03-09,000333,11:07:00,75.5700,5,1
2026-03-09,000333,11:07:03,75.5800,4,1
2026-03-09,000333,11:07:06,75.5800,32,1
2026-03-09,000333,11:07:09,75.5800,124,1
2026-03-09,000333,11:07:15,75.5800,20,1
2026-03-09,000333,11:07:18,75.5800,20,1
2026-03-09,000333,11:07:21,75.5600,5,2
2026-03-09,000333,11:07:24,75.5700,15,2
2026-03-09,000333,11:07:27,75.5700,9,1
2026-03-09,000333,11:07:30,75.5600,26,2
2026-03-09,000333,11:07:33,75.5700,18,1
2026-03-09,000333,11:07:36,75.5600,26,2
2026-03-09,000333,11:07:39,75.5600,2,2
2026-03-09,000333,11:07:42,75.5600,3,2
2026-03-09,000333,11:07:45,75.5600,2,2
2026-03-09,000333,11:07:48,75.5700,1,1
2026-03-09,000333,11:07:51,75.5700,47,1
2026-03-09,000333,11:07:54,75.5800,24,1
2026-03-09,000333,11:07:57,75.5700,7,2
2026-03-09,000333,11:08:00,75.5800,2,1
2026-03-09,000333,11:08:03,75.5800,30,1
2026-03-09,000333,11:08:06,75.5900,53,1
2026-03-09,000333,11:08:09,75.5700,1147,2
2026-03-09,000333,11:08:12,75.4900,95,2
2026-03-09,000333,11:08:15,75.5600,85,1
2026-03-09,000333,11:08:18,75.5500,5,1
2026-03-09,000333,11:08:21,75.5200,15,1
2026-03-09,000333,11:08:24,75.5200,19,2
2026-03-09,000333,11:08:27,75.5200,4,1
2026-03-09,000333,11:08:30,75.5100,12,2
2026-03-09,000333,11:08:33,75.5000,16,2
2026-03-09,000333,11:08:36,75.5400,22,1
2026-03-09,000333,11:08:39,75.5200,12,2
2026-03-09,000333,11:08:42,75.5200,2,1
2026-03-09,000333,11:08:45,75.5100,4,2
2026-03-09,000333,11:08:48,75.5000,26,2
2026-03-09,000333,11:08:51,75.5100,3,4
2026-03-09,000333,11:08:54,75.5200,29,1
2026-03-09,000333,11:08:57,75.5000,43,2
2026-03-09,000333,11:09:00,75.5200,3,1
2026-03-09,000333,11:09:03,75.5400,48,1
2026-03-09,000333,11:09:06,75.5400,17,4
2026-03-09,000333,11:09:09,75.5300,8,2
2026-03-09,000333,11:09:12,75.5300,1,2
2026-03-09,000333,11:09:15,75.5300,3,2
2026-03-09,000333,11:09:18,75.5300,16,2
2026-03-09,000333,11:09:21,75.5200,11,2
2026-03-09,000333,11:09:24,75.5200,6,1
2026-03-09,000333,11:09:27,75.5200,13,1
2026-03-09,000333,11:09:30,75.5200,4,1
2026-03-09,000333,11:09:33,75.5200,7,4
2026-03-09,000333,11:09:36,75.5200,33,2
2026-03-09,000333,11:09:39,75.5100,1,2
2026-03-09,000333,11:09:42,75.5200,9,1
2026-03-09,000333,11:09:45,75.5200,14,1
2026-03-09,000333,11:09:48,75.5200,9,1
2026-03-09,000333,11:09:54,75.5100,23,2
2026-03-09,000333,11:10:00,75.5200,6,2
2026-03-09,000333,11:10:03,75.5400,91,1
2026-03-09,000333,11:10:06,75.5400,19,2
2026-03-09,000333,11:10:09,75.5500,7,1
2026-03-09,000333,11:10:12,75.5300,5,2
2026-03-09,000333,11:10:15,75.5500,2,1
2026-03-09,000333,11:10:21,75.5500,2,1
2026-03-09,000333,11:10:24,75.5600,45,1
2026-03-09,000333,11:10:27,75.5700,7,1
2026-03-09,000333,11:10:30,75.5700,4,1
2026-03-09,000333,11:10:33,75.5700,27,1
2026-03-09,000333,11:10:36,75.5700,21,1
2026-03-09,000333,11:10:39,75.5300,138,2
2026-03-09,000333,11:10:42,75.5100,65,2
2026-03-09,000333,11:10:45,75.5300,2,1
2026-03-09,000333,11:10:48,75.5200,1,1
2026-03-09,000333,11:10:51,75.5100,15,1
2026-03-09,000333,11:10:54,75.5000,84,2
2026-03-09,000333,11:10:57,75.5000,17,1
2026-03-09,000333,11:11:00,75.5100,3,1
2026-03-09,000333,11:11:03,75.5200,6,1
2026-03-09,000333,11:11:06,75.5200,51,1
2026-03-09,000333,11:11:09,75.5000,50,2
2026-03-09,000333,11:11:12,75.5100,14,2
2026-03-09,000333,11:11:15,75.5100,2,1
2026-03-09,000333,11:11:18,75.5100,43,1
2026-03-09,000333,11:11:21,75.5200,3,1
2026-03-09,000333,11:11:24,75.5100,3,2
2026-03-09,000333,11:11:30,75.5100,7,2
2026-03-09,000333,11:11:33,75.5100,18,2
2026-03-09,000333,11:11:36,75.5000,133,2
2026-03-09,000333,11:11:39,75.5000,32,1
2026-03-09,000333,11:11:42,75.5000,12,1
2026-03-09,000333,11:11:45,75.4900,4,2
2026-03-09,000333,11:11:48,75.5000,39,1
2026-03-09,000333,11:11:51,75.4900,14,2
2026-03-09,000333,11:11:54,75.5000,2,1
2026-03-09,000333,11:12:00,75.4800,6,2
2026-03-09,000333,11:12:03,75.4800,72,2
2026-03-09,000333,11:12:06,75.4900,13,4
2026-03-09,000333,11:12:09,75.5000,5,1
2026-03-09,000333,11:12:12,75.4900,14,2
2026-03-09,000333,11:12:15,75.5000,43,1
2026-03-09,000333,11:12:18,75.5000,10,1
2026-03-09,000333,11:12:21,75.4900,5,2
2026-03-09,000333,11:12:24,75.5000,75,1
2026-03-09,000333,11:12:27,75.4900,19,2
2026-03-09,000333,11:12:30,75.5000,15,1
2026-03-09,000333,11:12:33,75.5000,145,1
2026-03-09,000333,11:12:36,75.4900,22,2
2026-03-09,000333,11:12:39,75.4700,52,2
2026-03-09,000333,11:12:42,75.4900,1,1
2026-03-09,000333,11:12:45,75.4700,4,2
2026-03-09,000333,11:12:48,75.4700,14,2
2026-03-09,000333,11:12:51,75.4200,483,2
2026-03-09,000333,11:12:54,75.4200,56,1
2026-03-09,000333,11:12:57,75.4100,18,2
2026-03-09,000333,11:13:00,75.4000,100,2
2026-03-09,000333,11:13:03,75.4300,63,1
2026-03-09,000333,11:13:06,75.4300,27,1
2026-03-09,000333,11:13:09,75.4300,3,2
2026-03-09,000333,11:13:12,75.4300,4,2
2026-03-09,000333,11:13:15,75.4300,1,2
2026-03-09,000333,11:13:18,75.4400,2,1
2026-03-09,000333,11:13:21,75.4400,70,1
2026-03-09,000333,11:13:24,75.4500,6,1
2026-03-09,000333,11:13:27,75.4600,2,1
2026-03-09,000333,11:13:30,75.4600,7,1
2026-03-09,000333,11:13:33,75.4600,48,1
2026-03-09,000333,11:13:36,75.4700,36,1
2026-03-09,000333,11:13:39,75.4600,18,2
2026-03-09,000333,11:13:42,75.4500,15,2
2026-03-09,000333,11:13:45,75.4600,5,1
2026-03-09,000333,11:13:48,75.4500,8,2
2026-03-09,000333,11:13:51,75.4700,4,1
2026-03-09,000333,11:13:54,75.4700,1,1
2026-03-09,000333,11:13:57,75.4600,1,2
2026-03-09,000333,11:14:00,75.4600,1,2
2026-03-09,000333,11:14:03,75.4700,6,1
2026-03-09,000333,11:14:06,75.4700,22,1
2026-03-09,000333,11:14:09,75.4600,27,2
2026-03-09,000333,11:14:12,75.4600,12,2
2026-03-09,000333,11:14:18,75.4600,8,1
2026-03-09,000333,11:14:21,75.4600,13,1
2026-03-09,000333,11:14:33,75.4500,9,1
2026-03-09,000333,11:14:36,75.4500,17,1
2026-03-09,000333,11:14:39,75.4600,11,1
2026-03-09,000333,11:14:42,75.4500,46,2
2026-03-09,000333,11:14:45,75.4300,6,2
2026-03-09,000333,11:14:48,75.4300,1,2
2026-03-09,000333,11:14:51,75.4400,6,1
2026-03-09,000333,11:14:54,75.4400,25,1
2026-03-09,000333,11:14:57,75.4600,68,1
2026-03-09,000333,11:15:00,75.4600,42,1
2026-03-09,000333,11:15:03,75.4600,2,1
2026-03-09,000333,11:15:06,75.4600,28,1
2026-03-09,000333,11:15:09,75.4500,18,2
2026-03-09,000333,11:15:12,75.4600,18,1
2026-03-09,000333,11:15:15,75.4500,15,2
2026-03-09,000333,11:15:18,75.4500,42,1
2026-03-09,000333,11:15:21,75.4400,32,2
2026-03-09,000333,11:15:24,75.4300,5,2
2026-03-09,000333,11:15:27,75.4300,18,2
2026-03-09,000333,11:15:30,75.4300,9,2
2026-03-09,000333,11:15:33,75.4300,9,2
2026-03-09,000333,11:15:36,75.4400,28,1
2026-03-09,000333,11:15:39,75.4300,63,2
2026-03-09,000333,11:15:42,75.4100,2,2
2026-03-09,000333,11:15:45,75.4300,33,1
2026-03-09,000333,11:15:48,75.4500,381,1
2026-03-09,000333,11:15:51,75.4500,13,2
2026-03-09,000333,11:15:54,75.4500,100,2
2026-03-09,000333,11:15:57,75.4600,1,1
2026-03-09,000333,11:16:00,75.4500,2,2
2026-03-09,000333,11:16:03,75.4700,77,1
2026-03-09,000333,11:16:06,75.4700,20,2
2026-03-09,000333,11:16:09,75.4800,1,1
2026-03-09,000333,11:16:12,75.4800,4,1
2026-03-09,000333,11:16:15,75.4800,12,1
2026-03-09,000333,11:16:18,75.4800,6,1
2026-03-09,000333,11:16:24,75.4800,2,1
2026-03-09,000333,11:16:27,75.4800,2,1
2026-03-09,000333,11:16:30,75.4800,6,1
2026-03-09,000333,11:16:33,75.4800,33,1
2026-03-09,000333,11:16:36,75.4900,70,1
2026-03-09,000333,11:16:39,75.4900,1,2
2026-03-09,000333,11:16:42,75.5000,19,1
2026-03-09,000333,11:16:45,75.4900,3,2
2026-03-09,000333,11:16:48,75.5000,14,1
2026-03-09,000333,11:16:54,75.4900,47,2
2026-03-09,000333,11:16:57,75.5000,4,2
2026-03-09,000333,11:17:00,75.5000,1,4
2026-03-09,000333,11:17:03,75.5100,2,1
2026-03-09,000333,11:17:06,75.5100,8,1
2026-03-09,000333,11:17:15,75.5200,2,1
2026-03-09,000333,11:17:18,75.5200,4,1
2026-03-09,000333,11:17:21,75.5100,15,2
2026-03-09,000333,11:17:24,75.5100,33,2
2026-03-09,000333,11:17:27,75.5200,1,1
2026-03-09,000333,11:17:30,75.5100,17,2
2026-03-09,000333,11:17:33,75.5100,56,2
2026-03-09,000333,11:17:36,75.5200,37,1
2026-03-09,000333,11:17:39,75.5100,14,2
2026-03-09,000333,11:17:42,75.4900,53,2
2026-03-09,000333,11:17:45,75.4900,9,2
2026-03-09,000333,11:17:48,75.5000,10,4
2026-03-09,000333,11:17:51,75.4800,13,2
2026-03-09,000333,11:17:54,75.5000,6,1
2026-03-09,000333,11:17:57,75.4900,4,4
2026-03-09,000333,11:18:00,75.5000,3,1
2026-03-09,000333,11:18:03,75.4900,7,2
2026-03-09,000333,11:18:06,75.4900,16,1
2026-03-09,000333,11:18:09,75.4900,2,2
2026-03-09,000333,11:18:12,75.5000,126,1
2026-03-09,000333,11:18:15,75.5000,2,1
2026-03-09,000333,11:18:18,75.5000,1,1
2026-03-09,000333,11:18:21,75.5000,14,1
2026-03-09,000333,11:18:24,75.5100,113,1
2026-03-09,000333,11:18:27,75.5100,16,1
2026-03-09,000333,11:18:30,75.5000,2,2
2026-03-09,000333,11:18:33,75.5000,3,2
2026-03-09,000333,11:18:36,75.5200,75,1
2026-03-09,000333,11:18:39,75.5100,2,2
2026-03-09,000333,11:18:42,75.5300,11,1
2026-03-09,000333,11:18:45,75.5300,11,1
2026-03-09,000333,11:18:48,75.5200,5,2
2026-03-09,000333,11:18:54,75.5400,84,1
2026-03-09,000333,11:18:57,75.5500,9,1
2026-03-09,000333,11:19:00,75.5600,3,1
2026-03-09,000333,11:19:06,75.5500,22,2
2026-03-09,000333,11:19:09,75.5600,5,1
2026-03-09,000333,11:19:12,75.5600,7,1
2026-03-09,000333,11:19:15,75.5600,7,1
2026-03-09,000333,11:19:18,75.5600,2,1
2026-03-09,000333,11:19:21,75.5600,8,1
2026-03-09,000333,11:19:24,75.5700,10,1
2026-03-09,000333,11:19:27,75.5600,2,2
2026-03-09,000333,11:19:30,75.5700,21,1
2026-03-09,000333,11:19:33,75.5700,9,1
2026-03-09,000333,11:19:36,75.5700,29,1
2026-03-09,000333,11:19:39,75.5600,3,2
2026-03-09,000333,11:19:42,75.5500,14,2
2026-03-09,000333,11:19:45,75.5500,13,2
2026-03-09,000333,11:19:48,75.5400,54,2
2026-03-09,000333,11:19:51,75.5500,5,1
2026-03-09,000333,11:19:54,75.5500,15,1
2026-03-09,000333,11:19:57,75.5500,13,2
2026-03-09,000333,11:20:00,75.5500,22,2
2026-03-09,000333,11:20:03,75.5400,39,2
