date,code,time,price,volume,bs
2026-01-12,000001,14:06:21,11.4700,12,1
2026-01-12,000001,14:06:24,11.4600,55,2
2026-01-12,000001,14:06:27,11.4700,50,1
2026-01-12,000001,14:06:30,11.4700,36,1
2026-01-12,000001,14:06:33,11.4700,24,1
2026-01-12,000001,14:06:36,11.4700,931,1
2026-01-12,000001,14:06:39,11.4700,64,1
2026-01-12,000001,14:06:42,11.4600,49,2
2026-01-12,000001,14:06:45,11.4600,42,2
2026-01-12,000001,14:06:48,11.4600,53,2
2026-01-12,000001,14:06:51,11.4700,101,1
2026-01-12,000001,14:06:54,11.4700,567,1
2026-01-12,000001,14:06:57,11.4600,17,2
2026-01-12,000001,14:07:00,11.4700,55,1
2026-01-12,000001,14:07:03,11.4600,230,2
2026-01-12,000001,14:07:06,11.4700,15,1
2026-01-12,000001,14:07:09,11.4700,428,1
2026-01-12,000001,14:07:12,11.4800,259,1
2026-01-12,000001,14:07:15,11.4600,235,2
2026-01-12,000001,14:07:18,11.4700,124,1
2026-01-12,000001,14:07:21,11.4600,195,2
2026-01-12,000001,14:07:24,11.4700,19,1
2026-01-12,000001,14:07:27,11.4700,62,1
2026-01-12,000001,14:07:30,11.4700,118,1
2026-01-12,000001,14:07:33,11.4700,64,1
2026-01-12,000001,14:07:36,11.4700,26,1
2026-01-12,000001,14:07:39,11.4600,85,2
2026-01-12,000001,14:07:42,11.4600,426,2
2026-01-12,000001,14:07:45,11.4600,74,2
2026-01-12,000001,14:07:48,11.4700,115,1
2026-01-12,000001,14:07:51,11.4700,35,1
2026-01-12,000001,14:07:54,11.4700,164,1
2026-01-12,000001,14:07:57,11.4600,31,2
2026-01-12,000001,14:08:00,11.4600,146,2
2026-01-12,000001,14:08:03,11.4600,105,2
2026-01-12,000001,14:08:06,11.4700,3,1
2026-01-12,000001,14:08:09,11.4600,88,2
2026-01-12,000001,14:08:12,11.4700,153,1
2026-01-12,000001,14:08:15,11.4700,37,1
2026-01-12,000001,14:08:18,11.4600,40,2
2026-01-12,000001,14:08:21,11.4700,56,1
2026-01-12,000001,14:08:24,11.4700,219,1
2026-01-12,000001,14:08:27,11.4700,22,1
2026-01-12,000001,14:08:30,11.4700,92,1
2026-01-12,000001,14:08:33,11.4700,90,1
2026-01-12,000001,14:08:36,11.4700,111,1
2026-01-12,000001,14:08:39,11.4600,20,2
2026-01-12,000001,14:08:42,11.4600,57,2
2026-01-12,000001,14:08:45,11.4700,18,1
2026-01-12,000001,14:08:48,11.4600,57,2
2026-01-12,000001,14:08:51,11.4600,85,2
2026-01-12,000001,14:08:54,11.4700,191,1
2026-01-12,000001,14:08:57,11.4600,26,2
2026-01-12,000001,14:09:00,11.4700,84,1
2026-01-12,000001,14:09:03,11.4600,74,2
2026-01-12,000001,14:09:06,11.4700,14,1
2026-01-12,000001,14:09:09,11.4600,1345,2
2026-01-12,000001,14:09:12,11.4600,143,2
2026-01-12,000001,14:09:15,11.4700,83,1
2026-01-12,000001,14:09:18,11.4700,10,1
2026-01-12,000001,14:09:21,11.4700,19,1
2026-01-12,000001,14:09:24,11.4600,149,2
2026-01-12,000001,14:09:27,11.4700,30,1
2026-01-12,000001,14:09:30,11.4700,151,1
2026-01-12,000001,14:09:33,11.4600,2630,2
2026-01-12,000001,14:09:36,11.4700,155,1
2026-01-12,000001,14:09:39,11.4700,65,1
2026-01-12,000001,14:09:42,11.4700,27,1
2026-01-12,000001,14:09:45,11.4700,16,1
2026-01-12,000001,14:09:48,11.4700,3,1
2026-01-12,000001,14:09:51,11.4700,28,1
2026-01-12,000001,14:09:54,11.4700,8,1
2026-01-12,000001,14:09:57,11.4700,150,1
2026-01-12,000001,14:10:00,11.4700,41,1
2026-01-12,000001,14:10:03,11.4600,11,2
2026-01-12,000001,14:10:06,11.4700,24,1
2026-01-12,000001,14:10:09,11.4700,29,1
2026-01-12,000001,14:10:12,11.4700,2,1
2026-01-12,000001,14:10:15,11.4700,46,1
2026-01-12,000001,14:10:18,11.4600,60,2
2026-01-12,000001,14:10:21,11.4600,31,2
2026-01-12,000001,14:10:24,11.4600,98,2
2026-01-12,000001,14:10:27,11.4700,99,1
2026-01-12,000001,14:10:30,11.4700,84,1
2026-01-12,000001,14:10:33,11.4700,83,1
2026-01-12,000001,14:10:36,11.4700,47,1
2026-01-12,000001,14:10:39,11.4700,21,1
2026-01-12,000001,14:10:42,11.4700,343,1
2026-01-12,000001,14:10:45,11.4700,106,1
2026-01-12,000001,14:10:48,11.4700,55,1
2026-01-12,000001,14:10:51,11.4700,183,1
2026-01-12,000001,14:10:54,11.4700,31,1
2026-01-12,000001,14:10:57,11.4700,45,1
2026-01-12,000001,14:11:00,11.4700,8,1
2026-01-12,000001,14:11:03,11.4700,129,1
2026-01-12,000001,14:11:06,11.4700,39,1
2026-01-12,000001,14:11:09,11.4700,2,1
2026-01-12,000001,14:11:12,11.4700,86,1
2026-01-12,000001,14:11:15,11.4700,3,1
2026-01-12,000001,14:11:18,11.4600,38,2
2026-01-12,000001,14:11:21,11.4700,4,1
2026-01-12,000001,14:11:24,11.4700,29,1
2026-01-12,000001,14:11:27,11.4700,195,1
2026-01-12,000001,14:11:30,11.4700,52,1
2026-01-12,000001,14:11:33,11.4700,135,1
2026-01-12,000001,14:11:36,11.4700,79,1
2026-01-12,000001,14:11:39,11.4700,76,1
2026-01-12,000001,14:11:42,11.4700,13,1
2026-01-12,000001,14:11:45,11.4600,108,2
2026-01-12,000001,14:11:48,11.4700,87,1
2026-01-12,000001,14:11:51,11.4700,83,1
2026-01-12,000001,14:11:54,11.4700,69,1
2026-01-12,000001,14:11:57,11.4700,161,1
2026-01-12,000001,14:12:00,11.4700,150,1
2026-01-12,000001,14:12:03,11.4600,16,2
2026-01-12,000001,14:12:06,11.4700,63,1
2026-01-12,000001,14:12:09,11.4600,52,2
2026-01-12,000001,14:12:12,11.4700,82,1
2026-01-12,000001,14:12:15,11.4700,145,1
2026-01-12,000001,14:12:18,11.4700,112,1
2026-01-12,000001,14:12:21,11.4600,83,2
2026-01-12,000001,14:12:24,11.4600,20,2
2026-01-12,000001,14:12:27,11.4600,33,2
2026-01-12,000001,14:12:30,11.4700,132,1
2026-01-12,000001,14:12:33,11.4600,48,2
2026-01-12,000001,14:12:36,11.4700,124,1
2026-01-12,000001,14:12:39,11.4700,65,1
2026-01-12,000001,14:12:42,11.4700,193,1
2026-01-12,000001,14:12:45,11.4700,97,1
2026-01-12,000001,14:12:48,11.4600,107,2
2026-01-12,000001,14:12:51,11.4700,235,1
2026-01-12,000001,14:12:54,11.4700,22,1
2026-01-12,000001,14:12:57,11.4700,152,1
2026-01-12,000001,14:13:00,11.4700,158,1
2026-01-12,000001,14:13:03,11.4700,569,1
2026-01-12,000001,14:13:06,11.4600,86,2
2026-01-12,000001,14:13:09,11.4700,82,1
2026-01-12,000001,14:13:12,11.4600,354,2
2026-01-12,000001,14:13:15,11.4700,211,1
2026-01-12,000001,14:13:18,11.4700,203,1
2026-01-12,000001,14:13:21,11.4700,83,1
2026-01-12,000001,14:13:24,11.4700,139,1
2026-01-12,000001,14:13:27,11.4700,59,1
2026-01-12,000001,14:13:30,11.4600,175,2
2026-01-12,000001,14:13:33,11.4700,231,1
2026-01-12,000001,14:13:36,11.4700,106,1
2026-01-12,000001,14:13:39,11.4600,463,2
2026-01-12,000001,14:13:42,11.4700,16,1
2026-01-12,000001,14:13:45,11.4700,40,1
2026-01-12,000001,14:13:48,11.4700,79,1
2026-01-12,000001,14:13:51,11.4700,3,1
2026-01-12,000001,14:13:54,11.4600,51,2
2026-01-12,000001,14:13:57,11.4700,23,1
2026-01-12,000001,14:14:00,11.4700,284,1
2026-01-12,000001,14:14:03,11.4600,52,2
2026-01-12,000001,14:14:06,11.4700,134,1
2026-01-12,000001,14:14:09,11.4600,219,2
2026-01-12,000001,14:14:12,11.4700,178,1
2026-01-12,000001,14:14:15,11.4600,64,2
2026-01-12,000001,14:14:18,11.4600,83,2
2026-01-12,000001,14:14:21,11.4700,107,1
2026-01-12,000001,14:14:24,11.4600,67,2
2026-01-12,000001,14:14:27,11.4600,161,2
2026-01-12,000001,14:14:30,11.4700,108,1
2026-01-12,000001,14:14:33,11.4700,318,1
2026-01-12,000001,14:14:36,11.4600,2221,2
2026-01-12,000001,14:14:39,11.4700,478,1
2026-01-12,000001,14:14:42,11.4700,156,1
2026-01-12,000001,14:14:45,11.4600,62,2
2026-01-12,000001,14:14:48,11.4700,53,1
2026-01-12,000001,14:14:51,11.4600,222,2
2026-01-12,000001,14:14:54,11.4700,3244,1
2026-01-12,000001,14:14:57,11.4700,1279,1
2026-01-12,000001,14:15:00,11.4700,426,1
2026-01-12,000001,14:15:03,11.4700,179,1
2026-01-12,000001,14:15:06,11.4700,341,1
2026-01-12,000001,14:15:09,11.4700,136,1
2026-01-12,000001,14:15:12,11.4700,156,1
2026-01-12,000001,14:15:15,11.4700,901,1
2026-01-12,000001,14:15:18,11.4700,172,1
2026-01-12,000001,14:15:21,11.4700,137,1
2026-01-12,000001,14:15:24,11.4700,390,1
2026-01-12,000001,14:15:27,11.4700,424,1
2026-01-12,000001,14:15:30,11.4700,529,1
2026-01-12,000001,14:15:33,11.4700,56,1
2026-01-12,000001,14:15:36,11.4700,490,1
2026-01-12,000001,14:15:39,11.4700,218,1
2026-01-12,000001,14:15:42,11.4700,179,1
2026-01-12,000001,14:15:45,11.4700,280,1
2026-01-12,000001,14:15:48,11.4600,78,2
2026-01-12,000001,14:15:51,11.4700,69,1
2026-01-12,000001,14:15:54,11.4600,193,2
2026-01-12,000001,14:15:57,11.4700,42,1
2026-01-12,000001,14:16:00,11.4700,190,1
2026-01-12,000001,14:16:03,11.4700,56,1
2026-01-12,000001,14:16:06,11.4700,18,1
2026-01-12,000001,14:16:09,11.4700,195,1
2026-01-12,000001,14:16:12,11.4700,240,1
2026-01-12,000001,14:16:15,11.4700,242,2
2026-01-12,000001,14:16:18,11.4600,253,2
2026-01-12,000001,14:16:21,11.4700,120,1
2026-01-12,000001,14:16:24,11.4700,52,4
2026-01-12,000001,14:16:27,11.4600,3125,2
2026-01-12,000001,14:16:30,11.4700,2790,1
2026-01-12,000001,14:16:33,11.4600,133,2
2026-01-12,000001,14:16:36,11.4600,15,2
2026-01-12,000001,14:16:39,11.4600,279,2
2026-01-12,000001,14:16:42,11.4700,85,1
2026-01-12,000001,14:16:45,11.4700,83,1
2026-01-12,000001,14:16:48,11.4700,29,1
2026-01-12,000001,14:16:51,11.4600,209,2
2026-01-12,000001,14:16:54,11.4700,1891,1
2026-01-12,000001,14:16:57,11.4600,91,2
2026-01-12,000001,14:17:00,11.4700,96,1
2026-01-12,000001,14:17:03,11.4700,91,1
2026-01-12,000001,14:17:06,11.4700,177,1
2026-01-12,000001,14:17:09,11.4700,131,1
2026-01-12,000001,14:17:12,11.4700,186,1
2026-01-12,000001,14:17:15,11.4700,68,1
2026-01-12,000001,14:17:18,11.4700,238,1
2026-01-12,000001,14:17:21,11.4600,74,2
2026-01-12,000001,14:17:24,11.4600,68,2
2026-01-12,000001,14:17:27,11.4700,2,1
2026-01-12,000001,14:17:30,11.4700,120,1
2026-01-12,000001,14:17:33,11.4700,47,1
2026-01-12,000001,14:17:36,11.4700,104,1
2026-01-12,000001,14:17:39,11.4700,32,1
2026-01-12,000001,14:17:42,11.4700,28,1
2026-01-12,000001,14:17:45,11.4700,78,1
2026-01-12,000001,14:17:48,11.4700,125,1
2026-01-12,000001,14:17:51,11.4700,120,1
2026-01-12,000001,14:17:54,11.4700,107,1
2026-01-12,000001,14:17:57,11.4700,310,1
2026-01-12,000001,14:18:00,11.4700,68,1
2026-01-12,000001,14:18:03,11.4700,49,1
2026-01-12,000001,14:18:06,11.4700,184,1
2026-01-12,000001,14:18:09,11.4700,221,1
2026-01-12,000001,14:18:12,11.4600,667,2
2026-01-12,000001,14:18:15,11.4600,99,2
2026-01-12,000001,14:18:18,11.4700,120,1
2026-01-12,000001,14:18:21,11.4600,50,2
2026-01-12,000001,14:18:24,11.4700,47,1
2026-01-12,000001,14:18:30,11.4700,37,1
2026-01-12,000001,14:18:33,11.4600,77,2
2026-01-12,000001,14:18:36,11.4600,221,2
2026-01-12,000001,14:18:39,11.4600,32,2
2026-01-12,000001,14:18:42,11.4700,13,1
2026-01-12,000001,14:18:45,11.4700,14,1
2026-01-12,000001,14:18:48,11.4700,25,1
2026-01-12,000001,14:18:51,11.4600,49,2
2026-01-12,000001,14:18:54,11.4600,3,2
2026-01-12,000001,14:18:57,11.4700,212,1
2026-01-12,000001,14:19:00,11.4700,167,1
2026-01-12,000001,14:19:03,11.4600,47,2
2026-01-12,000001,14:19:06,11.4700,25,1
2026-01-12,000001,14:19:09,11.4700,537,1
2026-01-12,000001,14:19:12,11.4700,20,1
2026-01-12,000001,14:19:15,11.4700,163,1
2026-01-12,000001,14:19:18,11.4600,132,2
2026-01-12,000001,14:19:21,11.4600,31,2
2026-01-12,000001,14:19:24,11.4700,68,1
2026-01-12,000001,14:19:27,11.4700,31,1
2026-01-12,000001,14:19:30,11.4700,205,1
2026-01-12,000001,14:19:33,11.4700,53,1
2026-01-12,000001,14:19:36,11.4700,114,1
2026-01-12,000001,14:19:39,11.4600,46,2
2026-01-12,000001,14:19:45,11.4700,32,1
2026-01-12,000001,14:19:48,11.4600,7,2
2026-01-12,000001,14:19:51,11.4600,45,2
2026-01-12,000001,14:19:54,11.4700,33,1
2026-01-12,000001,14:19:57,11.4700,139,1
2026-01-12,000001,14:20:00,11.4700,75,1
2026-01-12,000001,14:20:03,11.4700,311,1
2026-01-12,000001,14:20:06,11.4700,107,1
2026-01-12,000001,14:20:09,11.4700,227,1
2026-01-12,000001,14:20:12,11.4600,68,2
2026-01-12,000001,14:20:15,11.4600,192,2
2026-01-12,000001,14:20:18,11.4700,241,1
2026-01-12,000001,14:20:21,11.4700,133,1
2026-01-12,000001,14:20:24,11.4700,223,1
2026-01-12,000001,14:20:27,11.4700,223,1
2026-01-12,000001,14:20:30,11.4700,168,1
2026-01-12,000001,14:20:33,11.4700,77,4
2026-01-12,000001,14:20:36,11.4700,103,1
2026-01-12,000001,14:20:39,11.4700,19,1
2026-01-12,000001,14:20:42,11.4700,144,1
2026-01-12,000001,14:20:45,11.4700,36,1
2026-01-12,000001,14:20:48,11.4700,41,1
2026-01-12,000001,14:20:51,11.4700,151,1
2026-01-12,000001,14:20:54,11.4700,927,1
2026-01-12,000001,14:20:57,11.4700,86,1
2026-01-12,000001,14:21:00,11.4700,326,1
2026-01-12,000001,14:21:03,11.4700,491,2
2026-01-12,000001,14:21:06,11.4700,204,1
2026-01-12,000001,14:21:09,11.4700,56,1
2026-01-12,000001,14:21:12,11.4700,79,1
2026-01-12,000001,14:21:15,11.4700,46,1
2026-01-12,000001,14:21:18,11.4700,100,1
2026-01-12,000001,14:21:21,11.4700,65,1
2026-01-12,000001,14:21:24,11.4700,74,1
2026-01-12,000001,14:21:27,11.4700,46,1
2026-01-12,000001,14:21:30,11.4700,106,1
2026-01-12,000001,14:21:33,11.4700,39,1
2026-01-12,000001,14:21:36,11.4700,242,1
2026-01-12,000001,14:21:39,11.4700,58,1
2026-01-12,000001,14:21:42,11.4700,164,4
2026-01-12,000001,14:21:45,11.4700,84,4
2026-01-12,000001,14:21:48,11.4600,215,2
2026-01-12,000001,14:21:51,11.4700,50,1
2026-01-12,000001,14:21:54,11.4700,275,2
2026-01-12,000001,14:21:57,11.4700,71,1
2026-01-12,000001,14:22:00,11.4700,31,1
2026-01-12,000001,14:22:03,11.4700,7,1
2026-01-12,000001,14:22:06,11.4700,27,1
2026-01-12,000001,14:22:09,11.4700,53,1
2026-01-12,000001,14:22:12,11.4700,39,1
2026-01-12,000001,14:22:15,11.4700,55,1
2026-01-12,000001,14:22:18,11.4600,36,2
2026-01-12,000001,14:22:21,11.4700,863,1
2026-01-12,000001,14:22:24,11.4700,169,1
2026-01-12,000001,14:22:27,11.4700,249,2
2026-01-12,000001,14:22:30,11.4800,44,1
2026-01-12,000001,14:22:33,11.4700,437,2
2026-01-12,000001,14:22:36,11.4700,184,2
2026-01-12,000001,14:22:39,11.4600,126,2
2026-01-12,000001,14:22:42,11.4700,246,1
2026-01-12,000001,14:22:45,11.4700,191,1
2026-01-12,000001,14:22:48,11.4700,139,2
2026-01-12,000001,14:22:51,11.4700,46,1
2026-01-12,000001,14:22:54,11.4700,41,1
2026-01-12,000001,14:22:57,11.4700,23,1
2026-01-12,000001,14:23:00,11.4700,116,1
2026-01-12,000001,14:23:03,11.4700,45,1
2026-01-12,000001,14:23:06,11.4700,41,1
2026-01-12,000001,14:23:09,11.4700,114,1
2026-01-12,000001,14:23:12,11.4700,224,2
2026-01-12,000001,14:23:15,11.4600,464,2
2026-01-12,000001,14:23:18,11.4600,44,2
2026-01-12,000001,14:23:21,11.4700,174,1
2026-01-12,000001,14:23:24,11.4700,101,1
2026-01-12,000001,14:23:27,11.4700,43,2
2026-01-12,000001,14:23:30,11.4700,77,1
2026-01-12,000001,14:23:33,11.4700,20,1
2026-01-12,000001,14:23:36,11.4700,108,1
2026-01-12,000001,14:23:39,11.4700,54,1
2026-01-12,000001,14:23:42,11.4700,87,1
2026-01-12,000001,14:23:45,11.4800,110,1
2026-01-12,000001,14:23:48,11.4600,280,2
2026-01-12,000001,14:23:51,11.4700,13,1
2026-01-12,000001,14:23:54,11.4700,179,1
2026-01-12,000001,14:23:57,11.4700,168,1
2026-01-12,000001,14:24:00,11.4700,8,1
2026-01-12,000001,14:24:03,11.4700,65,1
2026-01-12,000001,14:24:06,11.4700,13,1
2026-01-12,000001,14:24:09,11.4700,45,1
2026-01-12,000001,14:24:12,11.4700,21,1
2026-01-12,000001,14:24:15,11.4700,42,1
2026-01-12,000001,14:24:18,11.4600,79,2
2026-01-12,000001,14:24:21,11.4700,142,1
2026-01-12,000001,14:24:24,11.4700,103,1
2026-01-12,000001,14:24:30,11.4700,77,1
2026-01-12,000001,14:24:33,11.4700,106,1
2026-01-12,000001,14:24:36,11.4700,67,1
2026-01-12,000001,14:24:39,11.4600,146,2
2026-01-12,000001,14:24:42,11.4700,61,1
2026-01-12,000001,14:24:45,11.4700,34,1
2026-01-12,000001,14:24:48,11.4600,131,2
2026-01-12,000001,14:24:51,11.4700,8,1
2026-01-12,000001,14:24:54,11.4700,107,1
2026-01-12,000001,14:24:57,11.4700,27,1
2026-01-12,000001,14:25:00,11.4700,79,1
2026-01-12,000001,14:25:03,11.4600,32,2
2026-01-12,000001,14:25:06,11.4600,53,2
2026-01-12,000001,14:25:09,11.4700,127,1
2026-01-12,000001,14:25:12,11.4600,78,2
2026-01-12,000001,14:25:15,11.4700,54,1
2026-01-12,000001,14:25:18,11.4600,79,2
2026-01-12,000001,14:25:21,11.4700,157,1
2026-01-12,000001,14:25:24,11.4700,36,1
2026-01-12,000001,14:25:27,11.4700,57,1
2026-01-12,000001,14:25:30,11.4700,81,1
2026-01-12,000001,14:25:33,11.4700,8,1
2026-01-12,000001,14:25:36,11.4700,19,1
2026-01-12,000001,14:25:39,11.4700,121,1
2026-01-12,000001,14:25:42,11.4700,105,1
2026-01-12,000001,14:25:45,11.4600,53,2
2026-01-12,000001,14:25:48,11.4600,203,2
2026-01-12,000001,14:25:51,11.4700,78,1
2026-01-12,000001,14:25:54,11.4700,229,1
2026-01-12,000001,14:25:57,11.4700,79,1
2026-01-12,000001,14:26:00,11.4700,9,1
2026-01-12,000001,14:26:03,11.4700,75,1
2026-01-12,000001,14:26:06,11.4600,24,2
2026-01-12,000001,14:26:09,11.4700,7,1
2026-01-12,000001,14:26:12,11.4700,53,1
2026-01-12,000001,14:26:15,11.4700,207,1
2026-01-12,000001,14:26:18,11.4600,64,2
2026-01-12,000001,14:26:21,11.4700,72,1
2026-01-12,000001,14:26:24,11.4700,40,1
2026-01-12,000001,14:26:27,11.4600,73,2
2026-01-12,000001,14:26:30,11.4700,343,1
2026-01-12,000001,14:26:33,11.4600,85,2
2026-01-12,000001,14:26:36,11.4700,88,1
2026-01-12,000001,14:26:39,11.4700,200,1
2026-01-12,000001,14:26:42,11.4600,33,2
2026-01-12,000001,14:26:45,11.4600,702,2
2026-01-12,000001,14:26:48,11.4700,149,1
2026-01-12,000001,14:26:51,11.4700,92,1
2026-01-12,000001,14:26:54,11.4700,80,1
2026-01-12,000001,14:26:57,11.4700,63,1
2026-01-12,000001,14:27:00,11.4700,232,1
2026-01-12,000001,14:27:03,11.4700,232,1
2026-01-12,000001,14:27:06,11.4700,506,1
2026-01-12,000001,14:27:09,11.4700,43,1
2026-01-12,000001,14:27:12,11.4700,216,1
2026-01-12,000001,14:27:15,11.4700,319,1
2026-01-12,000001,14:27:18,11.4600,115,2
2026-01-12,000001,14:27:21,11.4700,59,1
2026-01-12,000001,14:27:24,11.4700,411,1
2026-01-12,000001,14:27:27,11.4600,207,2
2026-01-12,000001,14:27:30,11.4700,1342,1
2026-01-12,000001,14:27:33,11.4700,136,1
2026-01-12,000001,14:27:36,11.4700,100,1
2026-01-12,000001,14:27:39,11.4600,108,2
2026-01-12,000001,14:27:42,11.4700,136,1
2026-01-12,000001,14:27:45,11.4700,155,1
2026-01-12,000001,14:27:48,11.4600,141,2
2026-01-12,000001,14:27:51,11.4600,46,2
2026-01-12,000001,14:27:54,11.4700,63,1
2026-01-12,000001,14:27:57,11.4600,103,2
2026-01-12,000001,14:28:00,11.4800,95,1
2026-01-12,000001,14:28:03,11.4700,210,1
2026-01-12,000001,14:28:06,11.4700,4329,1
2026-01-12,000001,14:28:09,11.4800,45,1
2026-01-12,000001,14:28:12,11.4800,952,1
2026-01-12,000001,14:28:15,11.4800,89,1
2026-01-12,000001,14:28:18,11.4700,108,2
2026-01-12,000001,14:28:21,11.4800,140,1
2026-01-12,000001,14:28:24,11.4700,51,2
2026-01-12,000001,14:28:27,11.4700,81,2
2026-01-12,000001,14:28:30,11.4700,113,2
2026-01-12,000001,14:28:33,11.4800,169,1
2026-01-12,000001,14:28:36,11.4800,18,1
2026-01-12,000001,14:28:39,11.4800,150,1
2026-01-12,000001,14:28:42,11.4800,147,1
2026-01-12,000001,14:28:45,11.4800,13,1
2026-01-12,000001,14:28:48,11.4700,152,2
2026-01-12,000001,14:28:51,11.4800,98,1
2026-01-12,000001,14:28:54,11.4700,71,2
2026-01-12,000001,14:28:57,11.4700,78,2
2026-01-12,000001,14:29:00,11.4800,194,1
2026-01-12,000001,14:29:03,11.4800,144,1
2026-01-12,000001,14:29:06,11.4800,124,1
2026-01-12,000001,14:29:09,11.4800,114,1
2026-01-12,000001,14:29:12,11.4800,79,1
2026-01-12,000001,14:29:15,11.4700,180,2
2026-01-12,000001,14:29:18,11.4800,115,1
2026-01-12,000001,14:29:21,11.4800,76,1
2026-01-12,000001,14:29:24,11.4700,125,2
2026-01-12,000001,14:29:27,11.4700,145,2
2026-01-12,000001,14:29:30,11.4800,150,1
2026-01-12,000001,14:29:33,11.4800,62,1
2026-01-12,000001,14:29:36,11.4800,99,1
2026-01-12,000001,14:29:39,11.4800,171,1
2026-01-12,000001,14:29:42,11.4700,5,2
2026-01-12,000001,14:29:45,11.4700,16,2
2026-01-12,000001,14:29:48,11.4800,90,1
2026-01-12,000001,14:29:51,11.4800,136,1
2026-01-12,000001,14:29:54,11.4700,142,2
2026-01-12,000001,14:29:57,11.4700,101,2
2026-01-12,000001,14:30:00,11.4800,14,1
2026-01-12,000001,14:30:03,11.4700,60,2
2026-01-12,000001,14:30:06,11.4800,113,1
2026-01-12,000001,14:30:09,11.4800,29,1
2026-01-12,000001,14:30:12,11.4700,116,2
2026-01-12,000001,14:30:15,11.4800,22,1
2026-01-12,000001,14:30:18,11.4700,173,2
2026-01-12,000001,14:30:21,11.4800,15,1
2026-01-12,000001,14:30:24,11.4800,84,1
2026-01-12,000001,14:30:27,11.4700,110,2
2026-01-12,000001,14:30:30,11.4800,88,1
2026-01-12,000001,14:30:33,11.4800,46,1
2026-01-12,000001,14:30:36,11.4800,90,1
2026-01-12,000001,14:30:39,11.4800,216,1
2026-01-12,000001,14:30:42,11.4800,104,1
2026-01-12,000001,14:30:45,11.4800,10,1
2026-01-12,000001,14:30:48,11.4700,98,2
2026-01-12,000001,14:30:51,11.4800,49,1
2026-01-12,000001,14:30:54,11.4700,476,2
2026-01-12,000001,14:30:57,11.4700,310,2
2026-01-12,000001,14:31:00,11.4800,204,1
2026-01-12,000001,14:31:03,11.4800,90,1
2026-01-12,000001,14:31:06,11.4800,40,1
2026-01-12,000001,14:31:09,11.4700,1160,2
2026-01-12,000001,14:31:12,11.4700,349,2
2026-01-12,000001,14:31:15,11.4800,152,1
2026-01-12,000001,14:31:18,11.4700,707,2
2026-01-12,000001,14:31:21,11.4700,46,2
2026-01-12,000001,14:31:24,11.4800,135,1
2026-01-12,000001,14:31:27,11.4700,13,2
2026-01-12,000001,14:31:30,11.4700,204,2
2026-01-12,000001,14:31:36,11.4700,90,2
2026-01-12,000001,14:31:39,11.4800,3,1
2026-01-12,000001,14:31:42,11.4800,173,1
2026-01-12,000001,14:31:45,11.4700,55,2
2026-01-12,000001,14:31:48,11.4700,69,2
2026-01-12,000001,14:31:51,11.4800,191,1
2026-01-12,000001,14:31:54,11.4800,325,1
2026-01-12,000001,14:31:57,11.4700,12,2
2026-01-12,000001,14:32:00,11.4800,495,1
2026-01-12,000001,14:32:03,11.4800,473,1
2026-01-12,000001,14:32:06,11.4800,1178,1
2026-01-12,000001,14:32:09,11.4800,990,1
2026-01-12,000001,14:32:12,11.4800,131,1
2026-01-12,000001,14:32:15,11.4800,158,1
2026-01-12,000001,14:32:18,11.4800,121,1
2026-01-12,000001,14:32:21,11.4800,222,1
2026-01-12,000001,14:32:24,11.4700,14,2
2026-01-12,000001,14:32:27,11.4800,43,1
2026-01-12,000001,14:32:30,11.4800,124,1
2026-01-12,000001,14:32:33,11.4700,46,2
2026-01-12,000001,14:32:36,11.4700,483,2
2026-01-12,000001,14:32:39,11.4800,6,1
2026-01-12,000001,14:32:42,11.4700,87,2
2026-01-12,000001,14:32:45,11.4800,109,1
2026-01-12,000001,14:32:48,11.4700,141,2
2026-01-12,000001,14:32:51,11.4800,733,1
2026-01-12,000001,14:32:54,11.4800,210,1
2026-01-12,000001,14:32:57,11.4800,126,1
2026-01-12,000001,14:33:00,11.4800,144,1
2026-01-12,000001,14:33:03,11.4700,150,2
2026-01-12,000001,14:33:06,11.4800,59,1
2026-01-12,000001,14:33:09,11.4800,63,1
2026-01-12,000001,14:33:12,11.4700,2569,2
2026-01-12,000001,14:33:15,11.4700,26,2
2026-01-12,000001,14:33:18,11.4700,205,2
2026-01-12,000001,14:33:21,11.4700,71,2
2026-01-12,000001,14:33:24,11.4700,66,2
2026-01-12,000001,14:33:27,11.4700,487,2
2026-01-12,000001,14:33:30,11.4700,11,2
2026-01-12,000001,14:33:33,11.4700,61,2
2026-01-12,000001,14:33:36,11.4700,105,2
2026-01-12,000001,14:33:39,11.4700,20,2
2026-01-12,000001,14:33:42,11.4700,70,2
2026-01-12,000001,14:33:45,11.4700,36,2
2026-01-12,000001,14:33:48,11.4700,48,2
2026-01-12,000001,14:33:51,11.4800,24,1
2026-01-12,000001,14:33:54,11.4700,956,2
2026-01-12,000001,14:33:57,11.4700,197,2
2026-01-12,000001,14:34:00,11.4800,212,1
2026-01-12,000001,14:34:03,11.4800,11,1
2026-01-12,000001,14:34:06,11.4700,142,2
2026-01-12,000001,14:34:09,11.4700,3763,2
2026-01-12,000001,14:34:12,11.4800,140,1
2026-01-12,000001,14:34:15,11.4700,302,2
2026-01-12,000001,14:34:18,11.4800,208,1
2026-01-12,000001,14:34:21,11.4700,26,2
2026-01-12,000001,14:34:24,11.4700,1,2
2026-01-12,000001,14:34:27,11.4700,146,2
2026-01-12,000001,14:34:30,11.4800,126,1
2026-01-12,000001,14:34:33,11.4800,141,1
2026-01-12,000001,14:34:36,11.4700,4,2
2026-01-12,000001,14:34:39,11.4800,5,1
2026-01-12,000001,14:34:42,11.4700,260,2
2026-01-12,000001,14:34:45,11.4700,129,2
2026-01-12,000001,14:34:48,11.4700,51,2
2026-01-12,000001,14:34:51,11.4800,65,1
2026-01-12,000001,14:34:54,11.4800,508,1
2026-01-12,000001,14:34:57,11.4800,5,1
2026-01-12,000001,14:35:00,11.4800,89,1
2026-01-12,000001,14:35:03,11.4800,126,1
2026-01-12,000001,14:35:06,11.4700,67,2
2026-01-12,000001,14:35:09,11.4700,128,2
2026-01-12,000001,14:35:12,11.4800,21,1
2026-01-12,000001,14:35:18,11.4700,190,2
2026-01-12,000001,14:35:21,11.4800,70,1
2026-01-12,000001,14:35:24,11.4800,164,1
2026-01-12,000001,14:35:30,11.4700,23,2
2026-01-12,000001,14:35:33,11.4800,1,1
2026-01-12,000001,14:35:36,11.4700,847,2
2026-01-12,000001,14:35:39,11.4700,162,2
2026-01-12,000001,14:35:42,11.4700,33,2
2026-01-12,000001,14:35:45,11.4800,255,1
2026-01-12,000001,14:35:48,11.4800,62,1
2026-01-12,000001,14:35:51,11.4800,36,1
2026-01-12,000001,14:35:54,11.4800,25,1
2026-01-12,000001,14:35:57,11.4800,509,1
2026-01-12,000001,14:36:00,11.4800,39,1
2026-01-12,000001,14:36:03,11.4700,45,2
2026-01-12,000001,14:36:06,11.4700,53,2
2026-01-12,000001,14:36:09,11.4700,315,2
2026-01-12,000001,14:36:12,11.4700,10,2
2026-01-12,000001,14:36:15,11.4700,180,2
2026-01-12,000001,14:36:18,11.4800,100,1
2026-01-12,000001,14:36:21,11.4800,47,1
2026-01-12,000001,14:36:24,11.4800,34,1
2026-01-12,000001,14:36:27,11.4700,75,2
2026-01-12,000001,14:36:30,11.4800,541,1
2026-01-12,000001,14:36:33,11.4700,85,2
2026-01-12,000001,14:36:36,11.4800,164,1
2026-01-12,000001,14:36:39,11.4800,203,1
2026-01-12,000001,14:36:42,11.4700,152,2
2026-01-12,000001,14:36:45,11.4700,237,2
2026-01-12,000001,14:36:48,11.4800,167,1
2026-01-12,000001,14:36:51,11.4800,192,1
2026-01-12,000001,14:36:54,11.4800,24,1
2026-01-12,000001,14:36:57,11.4700,1,2
2026-01-12,000001,14:37:00,11.4800,57,1
2026-01-12,000001,14:37:03,11.4700,37,2
2026-01-12,000001,14:37:06,11.4700,59,2
2026-01-12,000001,14:37:09,11.4800,99,1
2026-01-12,000001,14:37:12,11.4700,546,2
2026-01-12,000001,14:37:15,11.4800,1341,1
2026-01-12,000001,14:37:18,11.4700,28,2
2026-01-12,000001,14:37:21,11.4700,32,2
2026-01-12,000001,14:37:24,11.4700,72,2
2026-01-12,000001,14:37:27,11.4800,112,1
2026-01-12,000001,14:37:30,11.4700,135,2
2026-01-12,000001,14:37:33,11.4800,13,1
2026-01-12,000001,14:37:36,11.4800,52,1
2026-01-12,000001,14:37:39,11.4800,22,1
2026-01-12,000001,14:37:42,11.4800,135,1
2026-01-12,000001,14:37:48,11.4700,132,2
2026-01-12,000001,14:37:51,11.4800,85,1
2026-01-12,000001,14:37:54,11.4700,13,2
2026-01-12,000001,14:38:00,11.4700,89,2
2026-01-12,000001,14:38:03,11.4700,238,2
2026-01-12,000001,14:38:06,11.4700,22,2
2026-01-12,000001,14:38:09,11.4700,15,2
2026-01-12,000001,14:38:12,11.4800,255,1
2026-01-12,000001,14:38:15,11.4700,186,2
2026-01-12,000001,14:38:18,11.4700,43,2
2026-01-12,000001,14:38:21,11.4700,475,2
2026-01-12,000001,14:38:24,11.4700,88,2
2026-01-12,000001,14:38:30,11.4800,6,1
2026-01-12,000001,14:38:33,11.4700,33,2
2026-01-12,000001,14:38:36,11.4700,3,2
2026-01-12,000001,14:38:39,11.4700,25,2
2026-01-12,000001,14:38:42,11.4700,19,2
2026-01-12,000001,14:38:45,11.4800,171,1
2026-01-12,000001,14:38:48,11.4800,37,1
2026-01-12,000001,14:38:51,11.4700,80,2
2026-01-12,000001,14:38:54,11.4700,73,2
2026-01-12,000001,14:38:57,11.4800,945,1
2026-01-12,000001,14:39:00,11.4800,38,1
2026-01-12,000001,14:39:03,11.4600,83,2
2026-01-12,000001,14:39:06,11.4700,167,2
2026-01-12,000001,14:39:09,11.4700,376,2
2026-01-12,000001,14:39:12,11.4700,17,2
2026-01-12,000001,14:39:15,11.4700,10,2
2026-01-12,000001,14:39:18,11.4700,9,2
2026-01-12,000001,14:39:21,11.4800,1,1
2026-01-12,000001,14:39:24,11.4700,101,2
2026-01-12,000001,14:39:30,11.4700,6,2
2026-01-12,000001,14:39:33,11.4800,1,1
2026-01-12,000001,14:39:36,11.4700,28,2
2026-01-12,000001,14:39:39,11.4800,95,1
2026-01-12,000001,14:39:42,11.4700,97,2
2026-01-12,000001,14:39:45,11.4800,46,1
2026-01-12,000001,14:39:48,11.4700,284,2
2026-01-12,000001,14:39:51,11.4700,168,1
2026-01-12,000001,14:39:54,11.4700,117,1
2026-01-12,000001,14:39:57,11.4700,37,1
2026-01-12,000001,14:40:00,11.4700,362,1
2026-01-12,000001,14:40:03,11.4700,129,1
2026-01-12,000001,14:40:06,11.4700,113,4
2026-01-12,000001,14:40:09,11.4700,150,4
2026-01-12,000001,14:40:12,11.4700,48,4
2026-01-12,000001,14:40:15,11.4800,166,1
2026-01-12,000001,14:40:18,11.4700,37,2
2026-01-12,000001,14:40:21,11.4700,63,2
2026-01-12,000001,14:40:24,11.4700,69,2
2026-01-12,000001,14:40:27,11.4700,219,2
2026-01-12,000001,14:40:30,11.4700,5,2
2026-01-12,000001,14:40:33,11.4800,51,1
2026-01-12,000001,14:40:36,11.4700,41,2
2026-01-12,000001,14:40:39,11.4700,11,2
2026-01-12,000001,14:40:42,11.4800,101,1
2026-01-12,000001,14:40:45,11.4700,114,2
2026-01-12,000001,14:40:54,11.4800,25,1
2026-01-12,000001,14:40:57,11.4800,23,1
2026-01-12,000001,14:41:00,11.4700,124,2
2026-01-12,000001,14:41:03,11.4700,68,2
2026-01-12,000001,14:41:06,11.4700,31,2
2026-01-12,000001,14:41:09,11.4800,2,1
2026-01-12,000001,14:41:12,11.4700,29,2
2026-01-12,000001,14:41:15,11.4700,1184,2
2026-01-12,000001,14:41:18,11.4700,5,2
2026-01-12,000001,14:41:21,11.4700,160,2
2026-01-12,000001,14:41:24,11.4800,84,1
2026-01-12,000001,14:41:27,11.4800,55,1
2026-01-12,000001,14:41:30,11.4700,344,2
2026-01-12,000001,14:41:33,11.4800,22,1
2026-01-12,000001,14:41:36,11.4700,18,2
2026-01-12,000001,14:41:39,11.4700,87,2
2026-01-12,000001,14:41:42,11.4700,51,2
2026-01-12,000001,14:41:45,11.4800,147,1
2026-01-12,000001,14:41:51,11.4700,130,2
2026-01-12,000001,14:41:54,11.4700,111,2
2026-01-12,000001,14:41:57,11.4800,20,1
2026-01-12,000001,14:42:00,11.4700,172,2
2026-01-12,000001,14:42:03,11.4700,137,2
2026-01-12,000001,14:42:06,11.4700,10,2
2026-01-12,000001,14:42:09,11.4700,51,2
2026-01-12,000001,14:42:12,11.4800,136,1
2026-01-12,000001,14:42:15,11.4700,8,2
2026-01-12,000001,14:42:18,11.4800,8,1
2026-01-12,000001,14:42:21,11.4700,79,2
2026-01-12,000001,14:42:24,11.4800,37,1
2026-01-12,000001,14:42:27,11.4800,72,1
2026-01-12,000001,14:42:30,11.4800,14,1
2026-01-12,000001,14:42:33,11.4800,62,1
2026-01-12,000001,14:42:36,11.4700,127,2
2026-01-12,000001,14:42:39,11.4700,553,2
2026-01-12,000001,14:42:42,11.4700,40,2
2026-01-12,000001,14:42:45,11.4700,51,2
2026-01-12,000001,14:42:48,11.4700,46,2
2026-01-12,000001,14:42:51,11.4700,41,2
2026-01-12,000001,14:42:54,11.4800,9,1
2026-01-12,000001,14:42:57,11.4700,141,2
2026-01-12,000001,14:43:00,11.4700,100,2
2026-01-12,000001,14:43:03,11.4700,96,2
2026-01-12,000001,14:43:06,11.4700,42,2
2026-01-12,000001,14:43:09,11.4700,52,2
2026-01-12,000001,14:43:12,11.4700,241,2
2026-01-12,000001,14:43:15,11.4800,28,1
2026-01-12,000001,14:43:18,11.4700,139,2
2026-01-12,000001,14:43:21,11.4700,1423,2
2026-01-12,000001,14:43:24,11.4700,116,1
2026-01-12,000001,14:43:27,11.4700,168,1
2026-01-12,000001,14:43:30,11.4600,87,2
2026-01-12,000001,14:43:33,11.4700,108,1
2026-01-12,000001,14:43:36,11.4600,78,2
2026-01-12,000001,14:43:39,11.4600,1096,2
2026-01-12,000001,14:43:42,11.4700,273,1
2026-01-12,000001,14:43:45,11.4600,50,2
2026-01-12,000001,14:43:48,11.4700,66,1
2026-01-12,000001,14:43:51,11.4600,47,2
2026-01-12,000001,14:43:54,11.4700,25,1
2026-01-12,000001,14:43:57,11.4600,22,2
2026-01-12,000001,14:44:00,11.4700,60,1
2026-01-12,000001,14:44:03,11.4600,30,2
2026-01-12,000001,14:44:06,11.4700,67,1
2026-01-12,000001,14:44:09,11.4600,32,2
2026-01-12,000001,14:44:12,11.4700,40,1
2026-01-12,000001,14:44:15,11.4700,133,1
2026-01-12,000001,14:44:18,11.4600,75,2
2026-01-12,000001,14:44:21,11.4600,129,2
2026-01-12,000001,14:44:24,11.4700,369,1
2026-01-12,000001,14:44:27,11.4600,28,2
2026-01-12,000001,14:44:30,11.4700,128,1
2026-01-12,000001,14:44:33,11.4700,69,1
2026-01-12,000001,14:44:36,11.4600,118,2
2026-01-12,000001,14:44:39,11.4700,10,1
2026-01-12,000001,14:44:42,11.4600,58,2
2026-01-12,000001,14:44:45,11.4600,21,2
2026-01-12,000001,14:44:48,11.4700,79,1
2026-01-12,000001,14:44:51,11.4600,240,2
2026-01-12,000001,14:44:54,11.4600,61,2
2026-01-12,000001,14:44:57,11.4700,6,1
2026-01-12,000001,14:45:00,11.4700,30,1
2026-01-12,000001,14:45:03,11.4700,45,1
2026-01-12,000001,14:45:06,11.4700,46,1
2026-01-12,000001,14:45:09,11.4600,25,2
2026-01-12,000001,14:45:12,11.4700,20,1
2026-01-12,000001,14:45:15,11.4700,83,1
2026-01-12,000001,14:45:18,11.4600,97,2
2026-01-12,000001,14:45:21,11.4600,113,2
2026-01-12,000001,14:45:24,11.4700,37,1
2026-01-12,000001,14:45:27,11.4600,85,2
2026-01-12,000001,14:45:30,11.4700,80,1
2026-01-12,000001,14:45:33,11.4600,83,2
2026-01-12,000001,14:45:36,11.4700,120,1
2026-01-12,000001,14:45:39,11.4700,58,1
2026-01-12,000001,14:45:42,11.4700,2,1
2026-01-12,000001,14:45:45,11.4700,113,1
2026-01-12,000001,14:45:48,11.4700,350,1
2026-01-12,000001,14:45:51,11.4700,145,1
2026-01-12,000001,14:45:54,11.4600,27,2
2026-01-12,000001,14:45:57,11.4600,14,2
2026-01-12,000001,14:46:00,11.4600,217,2
2026-01-12,000001,14:46:03,11.4600,49,2
2026-01-12,000001,14:46:06,11.4600,55,2
2026-01-12,000001,14:46:09,11.4700,172,1
2026-01-12,000001,14:46:12,11.4700,60,1
2026-01-12,000001,14:46:15,11.4700,32,1
2026-01-12,000001,14:46:18,11.4700,513,1
2026-01-12,000001,14:46:21,11.4700,474,1
2026-01-12,000001,14:46:24,11.4700,652,1
2026-01-12,000001,14:46:27,11.4600,2857,2
2026-01-12,000001,14:46:30,11.4700,307,1
2026-01-12,000001,14:46:33,11.4700,3,1
2026-01-12,000001,14:46:36,11.4700,46,1
2026-01-12,000001,14:46:39,11.4600,66,2
2026-01-12,000001,14:46:42,11.4700,42,1
2026-01-12,000001,14:46:45,11.4700,5,1
2026-01-12,000001,14:46:48,11.4600,10226,2
2026-01-12,000001,14:46:51,11.4600,135,2
2026-01-12,000001,14:46:54,11.4600,357,2
2026-01-12,000001,14:46:57,11.4600,200,2
2026-01-12,000001,14:47:00,11.4600,2242,2
2026-01-12,000001,14:47:03,11.4600,1307,2
2026-01-12,000001,14:47:06,11.4600,82,2
2026-01-12,000001,14:47:09,11.4600,20,2
2026-01-12,000001,14:47:12,11.4600,199,2
2026-01-12,000001,14:47:15,11.4700,95,1
2026-01-12,000001,14:47:18,11.4500,58,2
2026-01-12,000001,14:47:21,11.4600,128,4
2026-01-12,000001,14:47:24,11.4600,135,2
2026-01-12,000001,14:47:27,11.4500,484,2
2026-01-12,000001,14:47:30,11.4600,18,2
2026-01-12,000001,14:47:33,11.4500,150,2
2026-01-12,000001,14:47:36,11.4500,117,2
2026-01-12,000001,14:47:39,11.4600,174,4
2026-01-12,000001,14:47:42,11.4600,132,2
2026-01-12,000001,14:47:45,11.4600,50,2
2026-01-12,000001,14:47:51,11.4600,547,2
2026-01-12,000001,14:47:54,11.4600,180,2
2026-01-12,000001,14:47:57,11.4700,27,1
2026-01-12,000001,14:48:00,11.4600,54,2
2026-01-12,000001,14:48:03,11.4600,95,2
2026-01-12,000001,14:48:06,11.4600,144,2
2026-01-12,000001,14:48:09,11.4600,49,2
2026-01-12,000001,14:48:12,11.4700,100,1
2026-01-12,000001,14:48:15,11.4700,10,1
2026-01-12,000001,14:48:18,11.4600,307,2
2026-01-12,000001,14:48:21,11.4600,76,2
2026-01-12,000001,14:48:24,11.4700,34,1
2026-01-12,000001,14:48:27,11.4600,622,2
2026-01-12,000001,14:48:30,11.4700,82,1
2026-01-12,000001,14:48:33,11.4600,38,2
2026-01-12,000001,14:48:36,11.4600,62,2
2026-01-12,000001,14:48:39,11.4600,142,2
2026-01-12,000001,14:48:42,11.4600,12,2
2026-01-12,000001,14:48:45,11.4600,35,2
2026-01-12,000001,14:48:48,11.4600,66,2
2026-01-12,000001,14:48:51,11.4600,15,2
2026-01-12,000001,14:48:54,11.4600,79,2
2026-01-12,000001,14:48:57,11.4600,92,2
2026-01-12,000001,14:49:00,11.4700,81,1
2026-01-12,000001,14:49:03,11.4700,145,1
2026-01-12,000001,14:49:06,11.4700,135,1
2026-01-12,000001,14:49:09,11.4600,49,2
2026-01-12,000001,14:49:12,11.4600,60,2
2026-01-12,000001,14:49:15,11.4600,141,2
2026-01-12,000001,14:49:18,11.4600,124,2
2026-01-12,000001,14:49:21,11.4600,76,2
2026-01-12,000001,14:49:24,11.4600,186,2
2026-01-12,000001,14:49:27,11.4600,271,2
2026-01-12,000001,14:49:30,11.4700,157,1
2026-01-12,000001,14:49:33,11.4700,177,1
2026-01-12,000001,14:49:36,11.4600,100,2
2026-01-12,000001,14:49:39,11.4600,37,2
2026-01-12,000001,14:49:42,11.4600,147,2
2026-01-12,000001,14:49:45,11.4700,203,1
2026-01-12,000001,14:49:48,11.4700,36,1
2026-01-12,000001,14:49:51,11.4600,75,2
2026-01-12,000001,14:49:54,11.4600,51,2
2026-01-12,000001,14:49:57,11.4700,224,1
2026-01-12,000001,14:50:00,11.4700,288,1
2026-01-12,000001,14:50:03,11.4700,98,1
2026-01-12,000001,14:50:06,11.4600,46,2
2026-01-12,000001,14:50:09,11.4700,26,1
2026-01-12,000001,14:50:12,11.4600,343,2
2026-01-12,000001,14:50:15,11.4600,167,2
2026-01-12,000001,14:50:18,11.4700,769,1
2026-01-12,000001,14:50:21,11.4700,49,1
2026-01-12,000001,14:50:24,11.4600,46,2
2026-01-12,000001,14:50:27,11.4600,285,2
2026-01-12,000001,14:50:30,11.4600,114,2
2026-01-12,000001,14:50:33,11.4600,22,2
2026-01-12,000001,14:50:36,11.4700,398,1
2026-01-12,000001,14:50:39,11.4600,18,2
2026-01-12,000001,14:50:42,11.4600,230,2
2026-01-12,000001,14:50:45,11.4700,10,1
2026-01-12,000001,14:50:48,11.4700,175,1
2026-01-12,000001,14:50:51,11.4700,135,1
2026-01-12,000001,14:50:54,11.4600,76,2
2026-01-12,000001,14:50:57,11.4600,38,2
2026-01-12,000001,14:51:00,11.4600,651,2
2026-01-12,000001,14:51:03,11.4600,2286,2
2026-01-12,000001,14:51:06,11.4600,473,2
2026-01-12,000001,14:51:09,11.4700,378,1
2026-01-12,000001,14:51:12,11.4600,5071,2
2026-01-12,000001,14:51:15,11.4600,109,2
2026-01-12,000001,14:51:18,11.4600,240,2
2026-01-12,000001,14:51:21,11.4600,90,2
2026-01-12,000001,14:51:24,11.4600,234,2
2026-01-12,000001,14:51:27,11.4600,84,2
2026-01-12,000001,14:51:30,11.4800,4472,1
2026-01-12,000001,14:51:33,11.4700,556,2
2026-01-12,000001,14:51:36,11.4800,221,1
2026-01-12,000001,14:51:39,11.4700,36,2
2026-01-12,000001,14:51:42,11.4700,95,2
2026-01-12,000001,14:51:45,11.4700,155,2
2026-01-12,000001,14:51:48,11.4800,133,1
2026-01-12,000001,14:51:51,11.4800,90,1
2026-01-12,000001,14:51:54,11.4700,77,2
2026-01-12,000001,14:51:57,11.4700,26,2
2026-01-12,000001,14:52:00,11.4800,4,1
2026-01-12,000001,14:52:03,11.4700,95,2
2026-01-12,000001,14:52:06,11.4700,345,2
2026-01-12,000001,14:52:09,11.4800,7,1
2026-01-12,000001,14:52:12,11.4800,6222,1
2026-01-12,000001,14:52:15,11.4700,1,2
2026-01-12,000001,14:52:18,11.4800,22,1
2026-01-12,000001,14:52:21,11.4800,74,1
2026-01-12,000001,14:52:24,11.4800,12,1
2026-01-12,000001,14:52:27,11.4700,12,2
2026-01-12,000001,14:52:30,11.4700,118,2
2026-01-12,000001,14:52:33,11.4700,81,2
2026-01-12,000001,14:52:36,11.4700,1,2
2026-01-12,000001,14:52:39,11.4700,18,2
2026-01-12,000001,14:52:42,11.4700,4671,2
2026-01-12,000001,14:52:45,11.4700,50,2
2026-01-12,000001,14:52:48,11.4800,12,1
2026-01-12,000001,14:52:51,11.4800,25,1
2026-01-12,000001,14:52:54,11.4700,40,2
2026-01-12,000001,14:52:57,11.4700,209,2
2026-01-12,000001,14:53:00,11.4700,211,2
2026-01-12,000001,14:53:03,11.4800,198,1
2026-01-12,000001,14:53:06,11.4800,75,1
2026-01-12,000001,14:53:09,11.4700,181,2
2026-01-12,000001,14:53:12,11.4800,109,1
2026-01-12,000001,14:53:15,11.4800,948,1
2026-01-12,000001,14:53:18,11.4800,125,1
2026-01-12,000001,14:53:21,11.4800,402,1
2026-01-12,000001,14:53:24,11.4800,127,1
2026-01-12,000001,14:53:27,11.4700,32,2
2026-01-12,000001,14:53:30,11.4800,36,1
2026-01-12,000001,14:53:33,11.4800,143,1
2026-01-12,000001,14:53:36,11.4800,51,1
2026-01-12,000001,14:53:39,11.4800,62,1
2026-01-12,000001,14:53:42,11.4800,36,1
2026-01-12,000001,14:53:45,11.4800,57,1
2026-01-12,000001,14:53:51,11.4700,72,2
2026-01-12,000001,14:53:54,11.4700,127,2
2026-01-12,000001,14:53:57,11.4800,42,1
2026-01-12,000001,14:54:00,11.4800,286,1
2026-01-12,000001,14:54:03,11.4800,315,1
2026-01-12,000001,14:54:06,11.4800,134,1
2026-01-12,000001,14:54:09,11.4800,58,1
2026-01-12,000001,14:54:12,11.4700,405,2
2026-01-12,000001,14:54:15,11.4700,117,2
2026-01-12,000001,14:54:18,11.4800,246,1
2026-01-12,000001,14:54:21,11.4800,100,1
2026-01-12,000001,14:54:24,11.4700,213,2
2026-01-12,000001,14:54:27,11.4700,293,2
2026-01-12,000001,14:54:30,11.4800,135,1
2026-01-12,000001,14:54:33,11.4700,68,2
2026-01-12,000001,14:54:36,11.4800,10,1
2026-01-12,000001,14:54:39,11.4700,20,2
2026-01-12,000001,14:54:42,11.4700,295,2
2026-01-12,000001,14:54:45,11.4700,153,2
2026-01-12,000001,14:54:48,11.4800,100,1
2026-01-12,000001,14:54:51,11.4800,105,1
2026-01-12,000001,14:54:54,11.4800,124,1
2026-01-12,000001,14:54:57,11.4700,207,2
2026-01-12,000001,14:55:00,11.4800,57,1
2026-01-12,000001,14:55:03,11.4800,246,1
2026-01-12,000001,14:55:06,11.4800,111,1
2026-01-12,000001,14:55:09,11.4800,104,1
2026-01-12,000001,14:55:12,11.4800,206,1
2026-01-12,000001,14:55:15,11.4800,244,1
2026-01-12,000001,14:55:18,11.4700,189,2
2026-01-12,000001,14:55:21,11.4700,627,2
2026-01-12,000001,14:55:24,11.4800,58,1
2026-01-12,000001,14:55:27,11.4800,50,1
2026-01-12,000001,14:55:30,11.4800,29,1
2026-01-12,000001,14:55:33,11.4700,183,2
2026-01-12,000001,14:55:36,11.4800,31,1
2026-01-12,000001,14:55:39,11.4800,129,1
2026-01-12,000001,14:55:42,11.4800,305,1
2026-01-12,000001,14:55:45,11.4800,172,1
2026-01-12,000001,14:55:48,11.4700,15,2
2026-01-12,000001,14:55:51,11.4800,54,1
2026-01-12,000001,14:55:54,11.4800,377,1
2026-01-12,000001,14:55:57,11.4800,116,1
2026-01-12,000001,14:56:00,11.4800,192,1
2026-01-12,000001,14:56:03,11.4800,419,1
2026-01-12,000001,14:56:06,11.4800,74,1
2026-01-12,000001,14:56:09,11.4700,45,2
2026-01-12,000001,14:56:12,11.4700,119,2
2026-01-12,000001,14:56:15,11.4800,243,1
2026-01-12,000001,14:56:18,11.4700,37,2
2026-01-12,000001,14:56:21,11.4700,1768,2
2026-01-12,000001,14:56:24,11.4800,164,1
2026-01-12,000001,14:56:27,11.4800,190,1
2026-01-12,000001,14:56:30,11.4700,38,2
2026-01-12,000001,14:56:33,11.4700,293,2
2026-01-12,000001,14:56:36,11.4700,100,2
2026-01-12,000001,14:56:39,11.4700,20,2
2026-01-12,000001,14:56:42,11.4700,105,2
2026-01-12,000001,14:56:45,11.4700,91,2
2026-01-12,000001,14:56:48,11.4800,32,1
2026-01-12,000001,14:56:51,11.4800,45,1
2026-01-12,000001,14:56:54,11.4800,55,1
2026-01-12,000001,14:56:57,11.4800,62,1
2026-01-12,000001,14:57:00,11.4800,8,1
2026-01-12,000001,15:00:03,11.4800,10812,4
2026-01-12,000001,13:14:57,11.4700,182,1
2026-01-12,000001,13:15:00,11.4700,45,1
2026-01-12,000001,13:15:03,11.4700,56,1
2026-01-12,000001,13:15:06,11.4700,47,1
2026-01-12,000001,13:15:09,11.4700,22,1
2026-01-12,000001,13:15:12,11.4600,17,2
2026-01-12,000001,13:15:15,11.4700,40,1
2026-01-12,000001,13:15:21,11.4700,73,1
2026-01-12,000001,13:15:24,11.4600,63,2
2026-01-12,000001,13:15:27,11.4700,378,1
2026-01-12,000001,13:15:30,11.4700,137,2
2026-01-12,000001,13:15:33,11.4800,9,1
2026-01-12,000001,13:15:36,11.4700,21,2
2026-01-12,000001,13:15:39,11.4700,92,2
2026-01-12,000001,13:15:42,11.4700,59,2
2026-01-12,000001,13:15:45,11.4800,3,1
2026-01-12,000001,13:15:48,11.4700,21,2
2026-01-12,000001,13:15:51,11.4700,46,2
2026-01-12,000001,13:15:54,11.4700,682,2
2026-01-12,000001,13:15:57,11.4700,754,1
2026-01-12,000001,13:16:00,11.4700,59,1
2026-01-12,000001,13:16:03,11.4600,1078,2
2026-01-12,000001,13:16:06,11.4700,75,1
2026-01-12,000001,13:16:09,11.4700,347,1
2026-01-12,000001,13:16:12,11.4600,292,2
2026-01-12,000001,13:16:15,11.4700,14,1
2026-01-12,000001,13:16:18,11.4600,976,2
2026-01-12,000001,13:16:21,11.4700,59,4
2026-01-12,000001,13:16:24,11.4700,116,2
2026-01-12,000001,13:16:27,11.4700,10,2
2026-01-12,000001,13:16:30,11.4700,168,2
2026-01-12,000001,13:16:33,11.4800,3,1
2026-01-12,000001,13:16:36,11.4700,62,2
2026-01-12,000001,13:16:39,11.4700,20,2
2026-01-12,000001,13:16:42,11.4800,12,1
2026-01-12,000001,13:16:45,11.4800,121,1
2026-01-12,000001,13:16:48,11.4800,60,1
2026-01-12,000001,13:16:51,11.4800,115,1
2026-01-12,000001,13:16:54,11.4800,33,1
2026-01-12,000001,13:17:00,11.4800,96,1
2026-01-12,000001,13:17:03,11.4800,26,1
2026-01-12,000001,13:17:06,11.4800,10,1
2026-01-12,000001,13:17:09,11.4700,5,2
2026-01-12,000001,13:17:12,11.4800,72,1
2026-01-12,000001,13:17:21,11.4800,113,1
2026-01-12,000001,13:17:24,11.4700,130,2
2026-01-12,000001,13:17:27,11.4800,222,1
2026-01-12,000001,13:17:30,11.4700,1041,2
2026-01-12,000001,13:17:33,11.4800,414,1
2026-01-12,000001,13:17:36,11.4800,22,1
2026-01-12,000001,13:17:39,11.4800,45,1
2026-01-12,000001,13:17:42,11.4800,18,1
2026-01-12,000001,13:17:45,11.4700,28,2
2026-01-12,000001,13:17:48,11.4700,55,2
2026-01-12,000001,13:17:51,11.4800,8,1
2026-01-12,000001,13:17:54,11.4700,1899,2
2026-01-12,000001,13:17:57,11.4700,1430,2
2026-01-12,000001,13:18:00,11.4700,175,1
2026-01-12,000001,13:18:03,11.4700,61,1
2026-01-12,000001,13:18:06,11.4700,78,2
2026-01-12,000001,13:18:09,11.4700,7,2
2026-01-12,000001,13:18:12,11.4700,9,2
2026-01-12,000001,13:18:15,11.4700,36,2
2026-01-12,000001,13:18:18,11.4700,23,2
2026-01-12,000001,13:18:21,11.4800,48,1
2026-01-12,000001,13:18:24,11.4800,44,1
2026-01-12,000001,13:18:27,11.4800,22,1
2026-01-12,000001,13:18:30,11.4700,49,2
2026-01-12,000001,13:18:33,11.4800,5,1
2026-01-12,000001,13:18:36,11.4700,31,2
2026-01-12,000001,13:18:39,11.4700,52,2
2026-01-12,000001,13:18:42,11.4800,19,1
2026-01-12,000001,13:18:45,11.4700,619,2
2026-01-12,000001,13:18:48,11.4800,86,1
2026-01-12,000001,13:18:51,11.4800,16,1
2026-01-12,000001,13:18:54,11.4800,10,1
2026-01-12,000001,13:18:57,11.4700,108,2
2026-01-12,000001,13:19:00,11.4800,50,1
2026-01-12,000001,13:19:03,11.4800,24,1
2026-01-12,000001,13:19:06,11.4700,20,2
2026-01-12,000001,13:19:09,11.4700,16,2
2026-01-12,000001,13:19:12,11.4700,22,2
2026-01-12,000001,13:19:15,11.4700,614,2
2026-01-12,000001,13:19:18,11.4800,60,1
2026-01-12,000001,13:19:21,11.4800,195,1
2026-01-12,000001,13:19:24,11.4800,19,1
2026-01-12,000001,13:19:27,11.4800,12,1
2026-01-12,000001,13:19:30,11.4700,1,2
2026-01-12,000001,13:19:33,11.4800,89,1
2026-01-12,000001,13:19:36,11.4800,37,1
2026-01-12,000001,13:19:39,11.4700,9,2
2026-01-12,000001,13:19:42,11.4700,122,2
2026-01-12,000001,13:19:45,11.4800,16,1
2026-01-12,000001,13:19:48,11.4800,2,1
2026-01-12,000001,13:19:51,11.4800,45,1
2026-01-12,000001,13:19:54,11.4800,27,1
2026-01-12,000001,13:19:57,11.4700,29,2
2026-01-12,000001,13:20:00,11.4700,43,2
2026-01-12,000001,13:20:03,11.4700,33,2
2026-01-12,000001,13:20:06,11.4800,21,1
2026-01-12,000001,13:20:09,11.4700,327,2
2026-01-12,000001,13:20:12,11.4800,108,1
2026-01-12,000001,13:20:15,11.4800,109,1
2026-01-12,000001,13:20:18,11.4800,44,1
2026-01-12,000001,13:20:21,11.4700,58,2
2026-01-12,000001,13:20:24,11.4800,112,1
2026-01-12,000001,13:20:27,11.4800,13,1
2026-01-12,000001,13:20:30,11.4800,135,1
2026-01-12,000001,13:20:33,11.4700,99,2
2026-01-12,000001,13:20:36,11.4800,54,1
2026-01-12,000001,13:20:39,11.4800,20,1
2026-01-12,000001,13:20:42,11.4800,10,1
2026-01-12,000001,13:20:45,11.4800,10,1
2026-01-12,000001,13:20:48,11.4800,44,1
2026-01-12,000001,13:20:51,11.4800,48,1
2026-01-12,000001,13:20:54,11.4800,53,1
2026-01-12,000001,13:20:57,11.4800,9,1
2026-01-12,000001,13:21:00,11.4800,51,1
2026-01-12,000001,13:21:03,11.4800,126,1
2026-01-12,000001,13:21:06,11.4800,89,1
2026-01-12,000001,13:21:09,11.4700,19,2
2026-01-12,000001,13:21:12,11.4700,18,2
2026-01-12,000001,13:21:15,11.4800,64,1
2026-01-12,000001,13:21:18,11.4700,74,2
2026-01-12,000001,13:21:21,11.4700,44,2
2026-01-12,000001,13:21:24,11.4800,11,1
2026-01-12,000001,13:21:27,11.4800,5,1
2026-01-12,000001,13:21:30,11.4800,170,1
2026-01-12,000001,13:21:33,11.4800,75,1
2026-01-12,000001,13:21:36,11.4800,37,1
2026-01-12,000001,13:21:39,11.4800,22,1
2026-01-12,000001,13:21:42,11.4700,25,2
2026-01-12,000001,13:21:45,11.4800,25,1
2026-01-12,000001,13:21:48,11.4800,18,1
2026-01-12,000001,13:21:51,11.4700,5,2
2026-01-12,000001,13:21:54,11.4800,45,1
2026-01-12,000001,13:21:57,11.4800,37,1
2026-01-12,000001,13:22:00,11.4700,314,2
2026-01-12,000001,13:22:03,11.4800,193,1
2026-01-12,000001,13:22:06,11.4800,86,1
2026-01-12,000001,13:22:09,11.4800,78,1
2026-01-12,000001,13:22:12,11.4800,10,1
2026-01-12,000001,13:22:15,11.4700,26,2
2026-01-12,000001,13:22:18,11.4700,76,2
2026-01-12,000001,13:22:21,11.4700,54,2
2026-01-12,000001,13:22:24,11.4700,10,2
2026-01-12,000001,13:22:27,11.4800,58,1
2026-01-12,000001,13:22:30,11.4700,117,2
2026-01-12,000001,13:22:33,11.4700,50,2
2026-01-12,000001,13:22:36,11.4800,28,1
2026-01-12,000001,13:22:39,11.4700,21,2
2026-01-12,000001,13:22:42,11.4700,23,2
2026-01-12,000001,13:22:45,11.4700,59,2
2026-01-12,000001,13:22:48,11.4800,16,1
2026-01-12,000001,13:22:51,11.4700,37,2
2026-01-12,000001,13:22:54,11.4700,87,2
2026-01-12,000001,13:22:57,11.4800,974,1
2026-01-12,000001,13:23:00,11.4800,109,1
2026-01-12,000001,13:23:03,11.4800,79,1
2026-01-12,000001,13:23:06,11.4800,9,1
2026-01-12,000001,13:23:09,11.4800,287,1
2026-01-12,000001,13:23:12,11.4800,157,1
2026-01-12,000001,13:23:15,11.4800,83,1
2026-01-12,000001,13:23:18,11.4800,48,1
2026-01-12,000001,13:23:21,11.4800,8,1
2026-01-12,000001,13:23:24,11.4800,101,1
2026-01-12,000001,13:23:27,11.4800,24,1
2026-01-12,000001,13:23:30,11.4700,38,2
2026-01-12,000001,13:23:33,11.4800,553,1
2026-01-12,000001,13:23:36,11.4800,70,1
2026-01-12,000001,13:23:39,11.4800,98,1
2026-01-12,000001,13:23:42,11.4700,37,2
2026-01-12,000001,13:23:45,11.4800,5,1
2026-01-12,000001,13:23:48,11.4800,63,1
2026-01-12,000001,13:23:51,11.4700,29,2
2026-01-12,000001,13:23:54,11.4800,112,1
2026-01-12,000001,13:23:57,11.4800,45,1
2026-01-12,000001,13:24:00,11.4700,11,2
2026-01-12,000001,13:24:03,11.4800,55,1
2026-01-12,000001,13:24:06,11.4800,82,1
2026-01-12,000001,13:24:09,11.4700,207,2
2026-01-12,000001,13:24:12,11.4700,118,2
2026-01-12,000001,13:24:15,11.4700,79,2
2026-01-12,000001,13:24:18,11.4800,17,1
2026-01-12,000001,13:24:24,11.4700,102,2
2026-01-12,000001,13:24:27,11.4800,7884,1
2026-01-12,000001,13:24:30,11.4900,1380,1
2026-01-12,000001,13:24:33,11.4900,230,1
2026-01-12,000001,13:24:36,11.4800,381,2
2026-01-12,000001,13:24:39,11.4700,415,2
2026-01-12,000001,13:24:42,11.4900,75,1
2026-01-12,000001,13:24:45,11.4800,37,1
2026-01-12,000001,13:24:48,11.4700,66,2
2026-01-12,000001,13:24:51,11.4800,57,1
2026-01-12,000001,13:24:54,11.4800,209,1
2026-01-12,000001,13:24:57,11.4800,94,2
2026-01-12,000001,13:25:00,11.4900,66,1
2026-01-12,000001,13:25:03,11.4800,63,4
2026-01-12,000001,13:25:06,11.4900,31,1
2026-01-12,000001,13:25:09,11.4800,71,2
2026-01-12,000001,13:25:12,11.4800,44,1
2026-01-12,000001,13:25:15,11.4800,105,2
2026-01-12,000001,13:25:18,11.4900,149,1
2026-01-12,000001,13:25:21,11.4800,55,4
2026-01-12,000001,13:25:24,11.4900,40,1
2026-01-12,000001,13:25:27,11.4900,44,1
2026-01-12,000001,13:25:30,11.4800,96,2
2026-01-12,000001,13:25:33,11.4900,16,1
2026-01-12,000001,13:25:36,11.4800,1,2
2026-01-12,000001,13:25:39,11.4900,19,1
2026-01-12,000001,13:25:42,11.4800,49,2
2026-01-12,000001,13:25:45,11.4900,16,1
2026-01-12,000001,13:25:48,11.4800,62,2
2026-01-12,000001,13:25:51,11.4900,21,1
2026-01-12,000001,13:25:54,11.4900,220,1
2026-01-12,000001,13:25:57,11.4900,28,1
2026-01-12,000001,13:26:00,11.4800,76,2
2026-01-12,000001,13:26:03,11.4800,165,2
2026-01-12,000001,13:26:06,11.4800,107,2
2026-01-12,000001,13:26:09,11.4800,127,2
2026-01-12,000001,13:26:12,11.4900,12,1
2026-01-12,000001,13:26:15,11.4800,11,2
2026-01-12,000001,13:26:18,11.4900,17,1
2026-01-12,000001,13:26:21,11.4900,89,1
2026-01-12,000001,13:26:24,11.4800,282,2
2026-01-12,000001,13:26:27,11.4900,31,1
2026-01-12,000001,13:26:30,11.4800,15,2
2026-01-12,000001,13:26:33,11.4900,179,1
2026-01-12,000001,13:26:36,11.4800,40,2
2026-01-12,000001,13:26:39,11.4800,158,2
2026-01-12,000001,13:26:42,11.4800,40,2
2026-01-12,000001,13:26:45,11.4900,45,1
2026-01-12,000001,13:26:48,11.4900,8,1
2026-01-12,000001,13:26:51,11.4900,125,1
2026-01-12,000001,13:26:54,11.4900,50,1
2026-01-12,000001,13:27:00,11.4900,8,1
2026-01-12,000001,13:27:03,11.4900,225,1
2026-01-12,000001,13:27:06,11.4900,27,1
2026-01-12,000001,13:27:09,11.4800,117,2
2026-01-12,000001,13:27:12,11.4900,19,1
2026-01-12,000001,13:27:15,11.4900,97,1
2026-01-12,000001,13:27:18,11.4800,99,2
2026-01-12,000001,13:27:21,11.4900,32,1
2026-01-12,000001,13:27:24,11.4900,17,1
2026-01-12,000001,13:27:27,11.4900,1088,1
2026-01-12,000001,13:27:30,11.4800,138,2
2026-01-12,000001,13:27:33,11.4800,181,2
2026-01-12,000001,13:27:36,11.4800,395,2
2026-01-12,000001,13:27:39,11.4800,670,2
2026-01-12,000001,13:27:42,11.4900,69,1
2026-01-12,000001,13:27:48,11.4800,38,2
2026-01-12,000001,13:27:51,11.4800,10,2
2026-01-12,000001,13:27:54,11.4900,49,1
2026-01-12,000001,13:27:57,11.4900,5,1
2026-01-12,000001,13:28:00,11.4800,64,2
2026-01-12,000001,13:28:03,11.4900,241,1
2026-01-12,000001,13:28:06,11.4800,91,2
2026-01-12,000001,13:28:09,11.4900,118,1
2026-01-12,000001,13:28:12,11.4800,201,2
2026-01-12,000001,13:28:15,11.4900,230,1
2026-01-12,000001,13:28:18,11.4900,23,1
2026-01-12,000001,13:28:21,11.4800,3,2
2026-01-12,000001,13:28:24,11.4800,93,2
2026-01-12,000001,13:28:27,11.4900,13,1
2026-01-12,000001,13:28:30,11.4800,849,2
2026-01-12,000001,13:28:33,11.4800,273,2
2026-01-12,000001,13:28:36,11.4800,182,2
2026-01-12,000001,13:28:39,11.4900,35,1
2026-01-12,000001,13:28:42,11.4800,80,2
2026-01-12,000001,13:28:45,11.4900,35,1
2026-01-12,000001,13:28:48,11.4800,1,2
2026-01-12,000001,13:28:51,11.4900,197,1
2026-01-12,000001,13:28:54,11.4800,120,2
2026-01-12,000001,13:28:57,11.4900,25,1
2026-01-12,000001,13:29:00,11.4900,49,1
2026-01-12,000001,13:29:03,11.4800,92,2
2026-01-12,000001,13:29:06,11.4900,47,1
2026-01-12,000001,13:29:09,11.4800,34,2
2026-01-12,000001,13:29:12,11.4900,341,1
2026-01-12,000001,13:29:15,11.4900,441,1
2026-01-12,000001,13:29:18,11.4900,254,1
2026-01-12,000001,13:29:21,11.4900,23,1
2026-01-12,000001,13:29:24,11.4800,107,2
2026-01-12,000001,13:29:27,11.4900,55,1
2026-01-12,000001,13:29:30,11.4900,5,1
2026-01-12,000001,13:29:33,11.4800,31,2
2026-01-12,000001,13:29:36,11.4900,15,1
2026-01-12,000001,13:29:39,11.4800,15,2
2026-01-12,000001,13:29:42,11.4900,92,1
2026-01-12,000001,13:29:45,11.4800,78,2
2026-01-12,000001,13:29:48,11.4900,66,1
2026-01-12,000001,13:29:51,11.4800,189,2
2026-01-12,000001,13:29:54,11.4900,34,1
2026-01-12,000001,13:29:57,11.4900,10,1
2026-01-12,000001,13:30:00,11.4900,68,1
2026-01-12,000001,13:30:03,11.4800,117,2
2026-01-12,000001,13:30:06,11.4800,16,2
2026-01-12,000001,13:30:09,11.4900,27,1
2026-01-12,000001,13:30:12,11.4800,65,2
2026-01-12,000001,13:30:15,11.4900,83,1
2026-01-12,000001,13:30:18,11.4900,16,1
2026-01-12,000001,13:30:21,11.4900,10,1
2026-01-12,000001,13:30:24,11.4900,64,1
2026-01-12,000001,13:30:27,11.4800,29,2
2026-01-12,000001,13:30:30,11.4800,38,2
2026-01-12,000001,13:30:33,11.4800,31,2
2026-01-12,000001,13:30:36,11.4800,20,2
2026-01-12,000001,13:30:39,11.4800,23,2
2026-01-12,000001,13:30:42,11.4900,32,1
2026-01-12,000001,13:30:45,11.4900,5,1
2026-01-12,000001,13:30:48,11.4800,961,2
2026-01-12,000001,13:30:51,11.4900,131,1
2026-01-12,000001,13:30:54,11.4800,62,2
2026-01-12,000001,13:30:57,11.4900,25,1
2026-01-12,000001,13:31:00,11.4800,3013,2
2026-01-12,000001,13:31:03,11.4800,663,2
2026-01-12,000001,13:31:06,11.4700,165,2
2026-01-12,000001,13:31:09,11.4800,203,1
2026-01-12,000001,13:31:12,11.4800,34,1
2026-01-12,000001,13:31:15,11.4800,230,1
2026-01-12,000001,13:31:18,11.4800,97,1
2026-01-12,000001,13:31:21,11.4800,96,1
2026-01-12,000001,13:31:24,11.4800,39,1
2026-01-12,000001,13:31:27,11.4800,17,1
2026-01-12,000001,13:31:30,11.4800,140,1
2026-01-12,000001,13:31:33,11.4700,36,2
2026-01-12,000001,13:31:36,11.4800,15,1
2026-01-12,000001,13:31:39,11.4700,23,2
2026-01-12,000001,13:31:42,11.4800,13,1
2026-01-12,000001,13:31:45,11.4700,57,2
2026-01-12,000001,13:31:48,11.4700,23,2
2026-01-12,000001,13:31:51,11.4800,56,1
2026-01-12,000001,13:31:54,11.4800,105,1
2026-01-12,000001,13:31:57,11.4800,283,1
2026-01-12,000001,13:32:00,11.4700,51,2
2026-01-12,000001,13:32:03,11.4700,1194,2
2026-01-12,000001,13:32:06,11.4700,124,2
2026-01-12,000001,13:32:09,11.4800,13,1
2026-01-12,000001,13:32:12,11.4800,11,1
2026-01-12,000001,13:32:15,11.4800,52,1
2026-01-12,000001,13:32:18,11.4700,45,2
2026-01-12,000001,13:32:21,11.4800,8,1
2026-01-12,000001,13:32:24,11.4800,13,1
2026-01-12,000001,13:32:27,11.4700,24,2
2026-01-12,000001,13:32:30,11.4800,8,1
2026-01-12,000001,13:32:33,11.4700,43,2
2026-01-12,000001,13:32:36,11.4800,34,1
2026-01-12,000001,13:32:39,11.4700,50,2
2026-01-12,000001,13:32:42,11.4700,50,2
2026-01-12,000001,13:32:45,11.4700,17,2
2026-01-12,000001,13:32:48,11.4700,473,2
2026-01-12,000001,13:32:51,11.4800,67,1
2026-01-12,000001,13:32:57,11.4700,33,2
2026-01-12,000001,13:33:00,11.4800,5,1
2026-01-12,000001,13:33:03,11.4800,65,1
2026-01-12,000001,13:33:06,11.4700,67,2
2026-01-12,000001,13:33:09,11.4700,23,2
2026-01-12,000001,13:33:21,11.4700,55,2
2026-01-12,000001,13:33:24,11.4800,23,1
2026-01-12,000001,13:33:27,11.4800,13,1
2026-01-12,000001,13:33:30,11.4800,137,1
2026-01-12,000001,13:33:33,11.4700,106,2
2026-01-12,000001,13:33:36,11.4700,33,2
2026-01-12,000001,13:33:39,11.4700,22,2
2026-01-12,000001,13:33:42,11.4700,32,2
2026-01-12,000001,13:33:45,11.4700,28,2
2026-01-12,000001,13:33:48,11.4700,111,2
2026-01-12,000001,13:33:51,11.4800,84,1
2026-01-12,000001,13:33:54,11.4700,17,2
2026-01-12,000001,13:33:57,11.4700,42,2
2026-01-12,000001,13:34:00,11.4800,16,1
2026-01-12,000001,13:34:03,11.4700,170,2
2026-01-12,000001,13:34:09,11.4800,75,1
2026-01-12,000001,13:34:12,11.4700,3,2
2026-01-12,000001,13:34:18,11.4800,419,1
2026-01-12,000001,13:34:21,11.4800,22,1
2026-01-12,000001,13:34:24,11.4700,67,2
2026-01-12,000001,13:34:27,11.4700,53,2
2026-01-12,000001,13:34:33,11.4800,52,1
2026-01-12,000001,13:34:36,11.4800,48,1
2026-01-12,000001,13:34:45,11.4800,10,1
2026-01-12,000001,13:34:48,11.4700,23,2
2026-01-12,000001,13:34:51,11.4800,96,1
2026-01-12,000001,13:34:57,11.4800,116,1
2026-01-12,000001,13:35:00,11.4800,71,1
2026-01-12,000001,13:35:03,11.4800,67,1
2026-01-12,000001,13:35:06,11.4800,34,1
2026-01-12,000001,13:35:09,11.4700,70,2
2026-01-12,000001,13:35:15,11.4700,3,2
2026-01-12,000001,13:35:18,11.4800,45,1
2026-01-12,000001,13:35:21,11.4800,5,1
2026-01-12,000001,13:35:24,11.4800,148,1
2026-01-12,000001,13:35:27,11.4800,1,1
2026-01-12,000001,13:35:30,11.4700,71,2
2026-01-12,000001,13:35:33,11.4800,7,1
2026-01-12,000001,13:35:36,11.4800,48,1
2026-01-12,000001,13:35:39,11.4800,22,1
2026-01-12,000001,13:35:42,11.4700,5,2
2026-01-12,000001,13:35:45,11.4800,37,1
2026-01-12,000001,13:35:48,11.4800,46,1
2026-01-12,000001,13:35:51,11.4800,11,1
2026-01-12,000001,13:35:54,11.4700,13,2
2026-01-12,000001,13:35:57,11.4700,146,2
2026-01-12,000001,13:36:00,11.4800,204,1
2026-01-12,000001,13:36:03,11.4700,72,2
2026-01-12,000001,13:36:06,11.4700,332,2
2026-01-12,000001,13:36:09,11.4700,12,2
2026-01-12,000001,13:36:12,11.4700,110,2
2026-01-12,000001,13:36:15,11.4800,59,1
2026-01-12,000001,13:36:18,11.4700,27,2
2026-01-12,000001,13:36:21,11.4800,36,1
2026-01-12,000001,13:36:24,11.4700,41,2
2026-01-12,000001,13:36:27,11.4800,52,1
2026-01-12,000001,13:36:30,11.4700,46,2
2026-01-12,000001,13:36:33,11.4800,21,1
2026-01-12,000001,13:36:36,11.4800,130,1
2026-01-12,000001,13:36:39,11.4800,26,1
2026-01-12,000001,13:36:42,11.4700,65,2
2026-01-12,000001,13:36:45,11.4800,15,1
2026-01-12,000001,13:36:48,11.4800,43,1
2026-01-12,000001,13:36:51,11.4800,54,1
2026-01-12,000001,13:36:57,11.4800,20,1
2026-01-12,000001,13:37:00,11.4800,7,1
2026-01-12,000001,13:37:03,11.4800,132,1
2026-01-12,000001,13:37:06,11.4800,17,1
2026-01-12,000001,13:37:09,11.4800,46,1
2026-01-12,000001,13:37:15,11.4700,45,2
2026-01-12,000001,13:37:18,11.4700,13,2
2026-01-12,000001,13:37:21,11.4700,14,2
2026-01-12,000001,13:37:24,11.4700,83,2
2026-01-12,000001,13:37:27,11.4800,33,1
2026-01-12,000001,13:37:30,11.4700,15,2
2026-01-12,000001,13:37:33,11.4700,193,2
2026-01-12,000001,13:37:36,11.4700,35,2
2026-01-12,000001,13:37:39,11.4800,8,1
2026-01-12,000001,13:37:42,11.4700,61,2
2026-01-12,000001,13:37:45,11.4700,30,2
2026-01-12,000001,13:37:48,11.4800,59,1
2026-01-12,000001,13:37:51,11.4800,31,1
2026-01-12,000001,13:37:54,11.4800,55,1
2026-01-12,000001,13:37:57,11.4700,75,2
2026-01-12,000001,13:38:00,11.4700,17,2
2026-01-12,000001,13:38:03,11.4700,626,2
2026-01-12,000001,13:38:06,11.4700,5865,2
2026-01-12,000001,13:38:09,11.4600,1210,2
2026-01-12,000001,13:38:12,11.4700,72,1
2026-01-12,000001,13:38:15,11.4700,113,1
2026-01-12,000001,13:38:18,11.4700,608,1
2026-01-12,000001,13:38:21,11.4800,109,1
2026-01-12,000001,13:38:24,11.4700,54,2
2026-01-12,000001,13:38:27,11.4700,75,2
2026-01-12,000001,13:38:30,11.4700,79,2
2026-01-12,000001,13:38:33,11.4800,33,1
2026-01-12,000001,13:38:36,11.4700,110,2
2026-01-12,000001,13:38:39,11.4700,51,2
2026-01-12,000001,13:38:42,11.4800,64,1
2026-01-12,000001,13:38:45,11.4800,128,1
2026-01-12,000001,13:38:48,11.4700,19,2
2026-01-12,000001,13:38:51,11.4800,56,1
2026-01-12,000001,13:38:54,11.4800,15,1
2026-01-12,000001,13:38:57,11.4700,28,2
2026-01-12,000001,13:39:00,11.4800,20,1
2026-01-12,000001,13:39:03,11.4800,29,1
2026-01-12,000001,13:39:06,11.4700,70,2
2026-01-12,000001,13:39:09,11.4700,61,2
2026-01-12,000001,13:39:12,11.4800,3,1
2026-01-12,000001,13:39:15,11.4700,17,2
2026-01-12,000001,13:39:18,11.4700,12,2
2026-01-12,000001,13:39:21,11.4700,13,2
2026-01-12,000001,13:39:24,11.4700,237,2
2026-01-12,000001,13:39:27,11.4800,35,1
2026-01-12,000001,13:39:30,11.4700,23,2
2026-01-12,000001,13:39:33,11.4700,99,2
2026-01-12,000001,13:39:36,11.4700,217,2
2026-01-12,000001,13:39:39,11.4800,89,1
2026-01-12,000001,13:39:42,11.4700,23,2
2026-01-12,000001,13:39:45,11.4800,101,1
2026-01-12,000001,13:39:48,11.4700,30,2
2026-01-12,000001,13:39:51,11.4800,4,1
2026-01-12,000001,13:39:54,11.4700,155,2
2026-01-12,000001,13:39:57,11.4800,11,1
2026-01-12,000001,13:40:00,11.4800,18,1
2026-01-12,000001,13:40:03,11.4700,228,2
2026-01-12,000001,13:40:06,11.4700,56,2
2026-01-12,000001,13:40:09,11.4800,19,1
2026-01-12,000001,13:40:12,11.4700,63,2
2026-01-12,000001,13:40:15,11.4700,12,2
2026-01-12,000001,13:40:18,11.4800,186,1
2026-01-12,000001,13:40:21,11.4800,64,1
2026-01-12,000001,13:40:24,11.4700,41,2
2026-01-12,000001,13:40:27,11.4700,55,2
2026-01-12,000001,13:40:30,11.4700,225,2
2026-01-12,000001,13:40:33,11.4700,72,2
2026-01-12,000001,13:40:36,11.4700,1,2
2026-01-12,000001,13:40:39,11.4700,3,2
2026-01-12,000001,13:40:42,11.4700,37,2
2026-01-12,000001,13:40:45,11.4800,11,1
2026-01-12,000001,13:40:48,11.4800,186,1
2026-01-12,000001,13:40:51,11.4700,67,2
2026-01-12,000001,13:40:54,11.4700,235,2
2026-01-12,000001,13:40:57,11.4700,98,2
2026-01-12,000001,13:41:00,11.4800,197,1
2026-01-12,000001,13:41:03,11.4700,176,2
2026-01-12,000001,13:41:06,11.4700,64,2
2026-01-12,000001,13:41:09,11.4700,19,2
2026-01-12,000001,13:41:12,11.4700,282,2
2026-01-12,000001,13:41:15,11.4700,143,2
2026-01-12,000001,13:41:18,11.4700,356,2
2026-01-12,000001,13:41:21,11.4800,62,1
2026-01-12,000001,13:41:24,11.4700,27,2
2026-01-12,000001,13:41:27,11.4700,16,2
2026-01-12,000001,13:41:33,11.4700,149,2
2026-01-12,000001,13:41:36,11.4800,25,1
2026-01-12,000001,13:41:39,11.4800,31,1
2026-01-12,000001,13:41:42,11.4700,21,2
2026-01-12,000001,13:41:45,11.4700,946,2
2026-01-12,000001,13:41:48,11.4700,10,2
2026-01-12,000001,13:41:51,11.4800,31,1
2026-01-12,000001,13:41:54,11.4700,16,2
2026-01-12,000001,13:41:57,11.4700,50,2
2026-01-12,000001,13:42:00,11.4700,58,2
2026-01-12,000001,13:42:03,11.4800,15,1
2026-01-12,000001,13:42:06,11.4700,3,2
2026-01-12,000001,13:42:09,11.4700,25,2
2026-01-12,000001,13:42:12,11.4800,17,1
2026-01-12,000001,13:42:15,11.4700,528,2
2026-01-12,000001,13:42:18,11.4800,19,1
2026-01-12,000001,13:42:21,11.4700,118,2
2026-01-12,000001,13:42:24,11.4800,366,1
2026-01-12,000001,13:42:27,11.4700,93,2
2026-01-12,000001,13:42:30,11.4800,512,1
2026-01-12,000001,13:42:33,11.4800,92,1
2026-01-12,000001,13:42:36,11.4800,1,1
2026-01-12,000001,13:42:39,11.4800,135,1
2026-01-12,000001,13:42:42,11.4800,75,1
2026-01-12,000001,13:42:45,11.4800,68,1
2026-01-12,000001,13:42:48,11.4700,75,2
2026-01-12,000001,13:42:51,11.4700,167,2
2026-01-12,000001,13:42:54,11.4700,789,2
2026-01-12,000001,13:42:57,11.4700,127,1
2026-01-12,000001,13:43:00,11.4700,282,1
2026-01-12,000001,13:43:03,11.4700,133,1
2026-01-12,000001,13:43:06,11.4800,121,1
2026-01-12,000001,13:43:09,11.4800,11,1
2026-01-12,000001,13:43:12,11.4700,69,2
2026-01-12,000001,13:43:15,11.4700,74,2
2026-01-12,000001,13:43:18,11.4800,92,1
2026-01-12,000001,13:43:21,11.4700,17,2
2026-01-12,000001,13:43:24,11.4800,21,1
2026-01-12,000001,13:43:27,11.4800,94,1
2026-01-12,000001,13:43:30,11.4800,70,1
2026-01-12,000001,13:43:33,11.4800,126,1
2026-01-12,000001,13:43:36,11.4800,195,1
2026-01-12,000001,13:43:39,11.4800,14,1
2026-01-12,000001,13:43:42,11.4800,26,1
2026-01-12,000001,13:43:45,11.4700,19,2
2026-01-12,000001,13:43:48,11.4700,49,2
2026-01-12,000001,13:43:51,11.4700,3,2
2026-01-12,000001,13:43:54,11.4700,65,2
2026-01-12,000001,13:43:57,11.4800,34,1
2026-01-12,000001,13:44:00,11.4800,13,1
2026-01-12,000001,13:44:03,11.4800,154,1
2026-01-12,000001,13:44:06,11.4700,21,2
2026-01-12,000001,13:44:09,11.4700,155,2
2026-01-12,000001,13:44:12,11.4700,42,2
2026-01-12,000001,13:44:15,11.4800,52,1
2026-01-12,000001,13:44:18,11.4700,64,2
2026-01-12,000001,13:44:21,11.4700,28,2
2026-01-12,000001,13:44:24,11.4700,4,2
2026-01-12,000001,13:44:30,11.4700,18,2
2026-01-12,000001,13:44:33,11.4800,2,1
2026-01-12,000001,13:44:36,11.4700,68,2
2026-01-12,000001,13:44:39,11.4700,65,2
2026-01-12,000001,13:44:42,11.4800,27,1
2026-01-12,000001,13:44:45,11.4700,61,2
2026-01-12,000001,13:44:48,11.4800,7,1
2026-01-12,000001,13:44:51,11.4700,1,2
2026-01-12,000001,13:44:54,11.4700,5,2
2026-01-12,000001,13:45:00,11.4800,26,1
2026-01-12,000001,13:45:03,11.4800,27,1
2026-01-12,000001,13:45:06,11.4700,22,2
2026-01-12,000001,13:45:09,11.4700,85,2
2026-01-12,000001,13:45:12,11.4700,86,2
2026-01-12,000001,13:45:15,11.4700,26,2
2026-01-12,000001,13:45:18,11.4700,22,2
2026-01-12,000001,13:45:21,11.4700,132,2
2026-01-12,000001,13:45:24,11.4700,53,2
2026-01-12,000001,13:45:27,11.4800,7,1
2026-01-12,000001,13:45:30,11.4800,52,1
2026-01-12,000001,13:45:33,11.4700,66,2
2026-01-12,000001,13:45:36,11.4800,6,1
2026-01-12,000001,13:45:39,11.4800,187,1
2026-01-12,000001,13:45:42,11.4800,115,1
2026-01-12,000001,13:45:45,11.4800,11,1
2026-01-12,000001,13:45:51,11.4700,134,2
2026-01-12,000001,13:45:54,11.4800,17,1
2026-01-12,000001,13:45:57,11.4700,40,2
2026-01-12,000001,13:46:00,11.4800,11,1
2026-01-12,000001,13:46:03,11.4800,5,1
2026-01-12,000001,13:46:06,11.4700,5,2
2026-01-12,000001,13:46:09,11.4700,44,2
2026-01-12,000001,13:46:12,11.4800,6,1
2026-01-12,000001,13:46:15,11.4800,92,1
2026-01-12,000001,13:46:18,11.4800,19,1
2026-01-12,000001,13:46:24,11.4700,25,2
2026-01-12,000001,13:46:27,11.4800,13,1
2026-01-12,000001,13:46:30,11.4700,47,2
2026-01-12,000001,13:46:33,11.4700,7,2
2026-01-12,000001,13:46:36,11.4700,29,2
2026-01-12,000001,13:46:39,11.4700,169,2
2026-01-12,000001,13:46:42,11.4700,94,2
2026-01-12,000001,13:46:45,11.4800,10,1
2026-01-12,000001,13:46:48,11.4700,175,2
2026-01-12,000001,13:46:51,11.4700,206,2
2026-01-12,000001,13:46:54,11.4700,535,2
2026-01-12,000001,13:46:57,11.4800,95,1
2026-01-12,000001,13:47:00,11.4800,47,1
2026-01-12,000001,13:47:03,11.4700,170,2
2026-01-12,000001,13:47:06,11.4700,79,2
2026-01-12,000001,13:47:09,11.4700,12,2
2026-01-12,000001,13:47:12,11.4700,62,2
2026-01-12,000001,13:47:15,11.4800,9,1
2026-01-12,000001,13:47:18,11.4700,22,2
2026-01-12,000001,13:47:21,11.4700,1425,2
2026-01-12,000001,13:47:24,11.4800,308,1
2026-01-12,000001,13:47:27,11.4800,37,1
2026-01-12,000001,13:47:30,11.4700,91,2
2026-01-12,000001,13:47:33,11.4800,25,1
2026-01-12,000001,13:47:36,11.4700,1,2
2026-01-12,000001,13:47:39,11.4700,27,2
2026-01-12,000001,13:47:42,11.4700,18,2
2026-01-12,000001,13:47:45,11.4700,313,2
2026-01-12,000001,13:47:48,11.4800,40,1
2026-01-12,000001,13:47:51,11.4700,76,2
2026-01-12,000001,13:47:54,11.4700,8002,2
2026-01-12,000001,13:47:57,11.4700,795,1
2026-01-12,000001,13:48:00,11.4600,199,2
2026-01-12,000001,13:48:03,11.4700,567,1
2026-01-12,000001,13:48:06,11.4700,760,1
2026-01-12,000001,13:48:09,11.4700,113,1
2026-01-12,000001,13:48:12,11.4700,17,1
2026-01-12,000001,13:48:15,11.4600,66,2
2026-01-12,000001,13:48:18,11.4600,41,2
2026-01-12,000001,13:48:21,11.4600,1,2
2026-01-12,000001,13:48:24,11.4700,4,1
2026-01-12,000001,13:48:27,11.4600,1,2
2026-01-12,000001,13:48:30,11.4700,335,1
2026-01-12,000001,13:48:33,11.4600,66,2
2026-01-12,000001,13:48:39,11.4600,20,2
2026-01-12,000001,13:48:42,11.4700,5,1
2026-01-12,000001,13:48:45,11.4700,3,1
2026-01-12,000001,13:48:48,11.4600,133,2
2026-01-12,000001,13:48:51,11.4700,22,1
2026-01-12,000001,13:48:54,11.4700,12,1
2026-01-12,000001,13:48:57,11.4600,308,2
2026-01-12,000001,13:49:00,11.4700,80,1
2026-01-12,000001,13:49:03,11.4700,50,1
2026-01-12,000001,13:49:06,11.4600,2,2
2026-01-12,000001,13:49:09,11.4700,84,1
2026-01-12,000001,13:49:12,11.4700,44,1
2026-01-12,000001,13:49:15,11.4600,21,2
2026-01-12,000001,13:49:18,11.4700,324,1
2026-01-12,000001,13:49:21,11.4600,117,2
2026-01-12,000001,13:49:24,11.4700,43,1
2026-01-12,000001,13:49:27,11.4700,23,1
2026-01-12,000001,13:49:30,11.4700,235,1
2026-01-12,000001,13:49:33,11.4600,27,2
2026-01-12,000001,13:49:36,11.4600,1,2
2026-01-12,000001,13:49:39,11.4700,10,1
2026-01-12,000001,13:49:42,11.4600,151,2
2026-01-12,000001,13:49:45,11.4600,16,2
2026-01-12,000001,13:49:48,11.4600,56,2
2026-01-12,000001,13:49:51,11.4600,15,2
2026-01-12,000001,13:49:54,11.4600,51,2
2026-01-12,000001,13:49:57,11.4700,250,1
2026-01-12,000001,13:50:00,11.4700,51,1
2026-01-12,000001,13:50:03,11.4700,35,1
2026-01-12,000001,13:50:06,11.4600,53,2
2026-01-12,000001,13:50:09,11.4700,50,1
2026-01-12,000001,13:50:12,11.4700,117,1
2026-01-12,000001,13:50:15,11.4700,81,1
2026-01-12,000001,13:50:18,11.4600,56,2
2026-01-12,000001,13:50:21,11.4700,23,1
2026-01-12,000001,13:50:24,11.4600,10,2
2026-01-12,000001,13:50:27,11.4700,1091,1
2026-01-12,000001,13:50:30,11.4600,259,2
2026-01-12,000001,13:50:33,11.4600,8,2
2026-01-12,000001,13:50:36,11.4700,7,1
2026-01-12,000001,13:50:39,11.4700,36,1
2026-01-12,000001,13:50:42,11.4600,44,2
2026-01-12,000001,13:50:45,11.4600,62,2
2026-01-12,000001,13:50:48,11.4700,7,1
2026-01-12,000001,13:50:51,11.4700,2677,1
2026-01-12,000001,13:50:54,11.4700,38,1
2026-01-12,000001,13:50:57,11.4600,158,2
2026-01-12,000001,13:51:00,11.4700,66,1
2026-01-12,000001,13:51:03,11.4700,287,1
2026-01-12,000001,13:51:06,11.4700,271,1
2026-01-12,000001,13:51:09,11.4700,51,1
2026-01-12,000001,13:51:12,11.4700,20,1
2026-01-12,000001,13:51:15,11.4700,90,1
2026-01-12,000001,13:51:18,11.4700,63,1
2026-01-12,000001,13:51:21,11.4700,21,1
2026-01-12,000001,13:51:24,11.4600,144,2
2026-01-12,000001,13:51:27,11.4700,157,1
2026-01-12,000001,13:51:30,11.4800,252,1
2026-01-12,000001,13:51:33,11.4600,17,2
2026-01-12,000001,13:51:36,11.4600,2,2
2026-01-12,000001,13:51:39,11.4700,69,1
2026-01-12,000001,13:51:42,11.4700,55,1
2026-01-12,000001,13:51:45,11.4700,299,1
2026-01-12,000001,13:51:48,11.4700,86,1
2026-01-12,000001,13:51:51,11.4600,40,2
2026-01-12,000001,13:51:54,11.4600,12,2
2026-01-12,000001,13:51:57,11.4700,4,1
2026-01-12,000001,13:52:00,11.4600,224,2
2026-01-12,000001,13:52:03,11.4600,24,2
2026-01-12,000001,13:52:06,11.4700,28,1
2026-01-12,000001,13:52:09,11.4700,8,1
2026-01-12,000001,13:52:12,11.4600,16,2
2026-01-12,000001,13:52:15,11.4700,77,1
2026-01-12,000001,13:52:18,11.4600,138,2
2026-01-12,000001,13:52:21,11.4700,69,1
2026-01-12,000001,13:52:24,11.4700,19,1
2026-01-12,000001,13:52:30,11.4700,46,1
2026-01-12,000001,13:52:33,11.4600,34,2
2026-01-12,000001,13:52:36,11.4700,19,1
2026-01-12,000001,13:52:39,11.4700,261,2
2026-01-12,000001,13:52:42,11.4600,231,2
2026-01-12,000001,13:52:45,11.4700,134,1
2026-01-12,000001,13:52:48,11.4600,57,2
2026-01-12,000001,13:52:51,11.4600,12,2
2026-01-12,000001,13:52:54,11.4800,111,1
2026-01-12,000001,13:52:57,11.4700,283,4
2026-01-12,000001,13:53:00,11.4700,39,1
2026-01-12,000001,13:53:03,11.4600,63,2
2026-01-12,000001,13:53:06,11.4700,361,1
2026-01-12,000001,13:53:09,11.4700,38,1
2026-01-12,000001,13:53:12,11.4600,296,2
2026-01-12,000001,13:53:15,11.4700,64,1
2026-01-12,000001,13:53:18,11.4600,185,2
2026-01-12,000001,13:53:21,11.4700,31,1
2026-01-12,000001,13:53:24,11.4600,10,2
2026-01-12,000001,13:53:27,11.4700,9,1
2026-01-12,000001,13:53:30,11.4700,334,1
2026-01-12,000001,13:53:33,11.4700,73,1
2026-01-12,000001,13:53:36,11.4700,510,1
2026-01-12,000001,13:53:39,11.4600,82,2
2026-01-12,000001,13:53:42,11.4700,2,1
2026-01-12,000001,13:53:45,11.4600,586,2
2026-01-12,000001,13:53:48,11.4600,118,2
2026-01-12,000001,13:53:51,11.4700,29,1
2026-01-12,000001,13:53:54,11.4600,150,2
2026-01-12,000001,13:53:57,11.4700,155,1
2026-01-12,000001,13:54:00,11.4700,14,1
2026-01-12,000001,13:54:03,11.4700,72,1
2026-01-12,000001,13:54:06,11.4700,81,1
2026-01-12,000001,13:54:09,11.4700,25,1
2026-01-12,000001,13:54:12,11.4700,18,1
2026-01-12,000001,13:54:15,11.4600,50,2
2026-01-12,000001,13:54:18,11.4700,28,1
2026-01-12,000001,13:54:21,11.4700,14,1
2026-01-12,000001,13:54:24,11.4600,34,2
2026-01-12,000001,13:54:27,11.4700,30,1
2026-01-12,000001,13:54:30,11.4600,114,2
2026-01-12,000001,13:54:33,11.4600,52,2
2026-01-12,000001,13:54:36,11.4700,5,1
2026-01-12,000001,13:54:39,11.4700,18,1
2026-01-12,000001,13:54:42,11.4700,356,1
2026-01-12,000001,13:54:45,11.4600,165,2
2026-01-12,000001,13:54:48,11.4600,150,2
2026-01-12,000001,13:54:51,11.4700,42,1
2026-01-12,000001,13:54:54,11.4700,49,1
2026-01-12,000001,13:54:57,11.4700,98,1
2026-01-12,000001,13:55:00,11.4700,94,1
2026-01-12,000001,13:55:03,11.4700,1012,1
2026-01-12,000001,13:55:06,11.4600,395,2
2026-01-12,000001,13:55:09,11.4600,583,2
2026-01-12,000001,13:55:12,11.4600,103,2
2026-01-12,000001,13:55:15,11.4800,127,1
2026-01-12,000001,13:55:18,11.4700,133,4
2026-01-12,000001,13:55:21,11.4700,209,2
2026-01-12,000001,13:55:24,11.4700,199,1
2026-01-12,000001,13:55:27,11.4600,58,2
2026-01-12,000001,13:55:30,11.4700,108,1
2026-01-12,000001,13:55:33,11.4700,27,1
2026-01-12,000001,13:55:36,11.4700,211,1
2026-01-12,000001,13:55:39,11.4700,31,1
2026-01-12,000001,13:55:42,11.4700,164,1
2026-01-12,000001,13:55:45,11.4700,34,1
2026-01-12,000001,13:55:48,11.4600,233,2
2026-01-12,000001,13:55:51,11.4700,120,1
2026-01-12,000001,13:55:54,11.4600,32,2
2026-01-12,000001,13:55:57,11.4600,59,2
2026-01-12,000001,13:56:00,11.4700,246,1
2026-01-12,000001,13:56:03,11.4700,74,1
2026-01-12,000001,13:56:06,11.4700,229,1
2026-01-12,000001,13:56:09,11.4700,70,1
2026-01-12,000001,13:56:12,11.4700,25,4
2026-01-12,000001,13:56:15,11.4700,169,1
2026-01-12,000001,13:56:18,11.4700,146,1
2026-01-12,000001,13:56:21,11.4600,97,2
2026-01-12,000001,13:56:24,11.4700,28,1
2026-01-12,000001,13:56:27,11.4700,119,1
2026-01-12,000001,13:56:30,11.4600,15,2
2026-01-12,000001,13:56:33,11.4600,13,2
2026-01-12,000001,13:56:36,11.4600,61,2
2026-01-12,000001,13:56:39,11.4700,8,1
2026-01-12,000001,13:56:45,11.4600,1,2
2026-01-12,000001,13:56:48,11.4600,74,2
2026-01-12,000001,13:56:51,11.4700,86,1
2026-01-12,000001,13:56:54,11.4800,1077,1
2026-01-12,000001,13:56:57,11.4700,258,2
2026-01-12,000001,13:57:00,11.4700,88,1
2026-01-12,000001,13:57:03,11.4700,171,1
2026-01-12,000001,13:57:06,11.4700,78,2
2026-01-12,000001,13:57:09,11.4800,195,1
2026-01-12,000001,13:57:12,11.4700,60,2
2026-01-12,000001,13:57:15,11.4800,78,1
2026-01-12,000001,13:57:18,11.4800,103,1
2026-01-12,000001,13:57:21,11.4700,81,2
2026-01-12,000001,13:57:24,11.4700,134,2
2026-01-12,000001,13:57:27,11.4800,23,1
2026-01-12,000001,13:57:30,11.4700,54,2
2026-01-12,000001,13:57:33,11.4700,430,2
2026-01-12,000001,13:57:36,11.4700,46,1
2026-01-12,000001,13:57:39,11.4600,125,2
2026-01-12,000001,13:57:42,11.4600,39,2
2026-01-12,000001,13:57:45,11.4700,31,1
2026-01-12,000001,13:57:48,11.4600,79,2
2026-01-12,000001,13:57:51,11.4700,61,1
2026-01-12,000001,13:57:54,11.4600,65,2
2026-01-12,000001,13:57:57,11.4700,20,1
2026-01-12,000001,13:58:00,11.4700,8,1
2026-01-12,000001,13:58:03,11.4700,22,1
2026-01-12,000001,13:58:06,11.4700,40,1
2026-01-12,000001,13:58:09,11.4600,92,2
2026-01-12,000001,13:58:12,11.4700,13,1
2026-01-12,000001,13:58:15,11.4700,2,1
2026-01-12,000001,13:58:18,11.4700,55,1
2026-01-12,000001,13:58:21,11.4700,122,1
2026-01-12,000001,13:58:24,11.4700,52,1
2026-01-12,000001,13:58:27,11.4700,298,1
2026-01-12,000001,13:58:30,11.4700,61,1
2026-01-12,000001,13:58:33,11.4700,31,1
2026-01-12,000001,13:58:36,11.4600,125,2
2026-01-12,000001,13:58:39,11.4700,88,1
2026-01-12,000001,13:58:42,11.4700,137,1
2026-01-12,000001,13:58:45,11.4600,131,2
2026-01-12,000001,13:58:48,11.4700,145,1
2026-01-12,000001,13:58:51,11.4600,35,2
2026-01-12,000001,13:58:54,11.4700,8,1
2026-01-12,000001,13:58:57,11.4700,157,1
2026-01-12,000001,13:59:00,11.4700,327,1
2026-01-12,000001,13:59:03,11.4700,94,1
2026-01-12,000001,13:59:06,11.4700,184,1
2026-01-12,000001,13:59:09,11.4700,90,1
2026-01-12,000001,13:59:12,11.4700,33,1
2026-01-12,000001,13:59:15,11.4700,217,1
2026-01-12,000001,13:59:18,11.4700,113,1
2026-01-12,000001,13:59:21,11.4700,1677,1
2026-01-12,000001,13:59:24,11.4700,359,1
2026-01-12,000001,13:59:27,11.4700,315,1
2026-01-12,000001,13:59:30,11.4700,1370,1
2026-01-12,000001,13:59:33,11.4700,185,2
2026-01-12,000001,13:59:36,11.4800,78,1
2026-01-12,000001,13:59:39,11.4800,94,1
2026-01-12,000001,13:59:42,11.4700,110,2
2026-01-12,000001,13:59:45,11.4800,42,1
2026-01-12,000001,13:59:48,11.4700,37,2
2026-01-12,000001,13:59:51,11.4800,178,1
2026-01-12,000001,13:59:54,11.4700,1414,2
2026-01-12,000001,13:59:57,11.4800,141,1
2026-01-12,000001,14:00:00,11.4800,74,1
2026-01-12,000001,14:00:03,11.4800,86,1
2026-01-12,000001,14:00:06,11.4800,137,1
2026-01-12,000001,14:00:09,11.4700,89,2
2026-01-12,000001,14:00:12,11.4800,29,1
2026-01-12,000001,14:00:15,11.4800,10,1
2026-01-12,000001,14:00:18,11.4700,75,2
2026-01-12,000001,14:00:21,11.4700,549,2
2026-01-12,000001,14:00:24,11.4700,205,1
2026-01-12,000001,14:00:27,11.4700,1108,4
2026-01-12,000001,14:00:30,11.4700,242,1
2026-01-12,000001,14:00:33,11.4700,89,1
2026-01-12,000001,14:00:36,11.4700,182,2
2026-01-12,000001,14:00:39,11.4800,85,1
2026-01-12,000001,14:00:42,11.4700,49,1
2026-01-12,000001,14:00:45,11.4600,154,2
2026-01-12,000001,14:00:48,11.4700,130,1
2026-01-12,000001,14:00:51,11.4700,40,1
2026-01-12,000001,14:00:54,11.4700,22,1
2026-01-12,000001,14:00:57,11.4700,129,1
2026-01-12,000001,14:01:00,11.4700,184,1
2026-01-12,000001,14:01:03,11.4700,114,1
2026-01-12,000001,14:01:06,11.4700,207,1
2026-01-12,000001,14:01:09,11.4700,202,2
2026-01-12,000001,14:01:12,11.4700,24,4
2026-01-12,000001,14:01:15,11.4700,115,1
2026-01-12,000001,14:01:18,11.4700,31,1
2026-01-12,000001,14:01:21,11.4700,84,1
2026-01-12,000001,14:01:24,11.4600,93,2
2026-01-12,000001,14:01:27,11.4700,351,1
2026-01-12,000001,14:01:30,11.4600,83,2
2026-01-12,000001,14:01:33,11.4700,19,1
2026-01-12,000001,14:01:36,11.4700,22,1
2026-01-12,000001,14:01:39,11.4700,6,1
2026-01-12,000001,14:01:42,11.4700,27,1
2026-01-12,000001,14:01:45,11.4700,22,1
2026-01-12,000001,14:01:48,11.4700,20,1
2026-01-12,000001,14:01:51,11.4700,10,1
2026-01-12,000001,14:01:54,11.4700,33,1
2026-01-12,000001,14:01:57,11.4600,20,2
2026-01-12,000001,14:02:00,11.4700,33,1
2026-01-12,000001,14:02:03,11.4700,66,1
2026-01-12,000001,14:02:06,11.4600,38,2
2026-01-12,000001,14:02:09,11.4700,20,1
2026-01-12,000001,14:02:12,11.4600,91,2
2026-01-12,000001,14:02:15,11.4600,47,2
2026-01-12,000001,14:02:18,11.4700,33,1
2026-01-12,000001,14:02:21,11.4600,53,2
2026-01-12,000001,14:02:24,11.4700,282,1
2026-01-12,000001,14:02:27,11.4700,468,1
2026-01-12,000001,14:02:30,11.4700,124,4
2026-01-12,000001,14:02:33,11.4600,21,2
2026-01-12,000001,14:02:36,11.4700,123,1
2026-01-12,000001,14:02:39,11.4700,20,1
2026-01-12,000001,14:02:42,11.4600,29,2
2026-01-12,000001,14:02:45,11.4600,118,2
2026-01-12,000001,14:02:48,11.4700,42,1
2026-01-12,000001,14:02:51,11.4700,20,1
2026-01-12,000001,14:02:54,11.4700,445,1
2026-01-12,000001,14:02:57,11.4700,1980,2
2026-01-12,000001,14:03:00,11.4700,215,1
2026-01-12,000001,14:03:03,11.4600,86,2
2026-01-12,000001,14:03:06,11.4700,14,1
2026-01-12,000001,14:03:09,11.4700,11,1
2026-01-12,000001,14:03:12,11.4700,14,1
2026-01-12,000001,14:03:15,11.4700,9,1
2026-01-12,000001,14:03:18,11.4600,556,2
2026-01-12,000001,14:03:21,11.4700,121,1
2026-01-12,000001,14:03:24,11.4700,27,4
2026-01-12,000001,14:03:27,11.4700,458,1
2026-01-12,000001,14:03:30,11.4700,62,1
2026-01-12,000001,14:03:33,11.4700,69,1
2026-01-12,000001,14:03:36,11.4700,63,4
2026-01-12,000001,14:03:39,11.4700,40,1
2026-01-12,000001,14:03:42,11.4700,5,1
2026-01-12,000001,14:03:45,11.4700,45,1
2026-01-12,000001,14:03:48,11.4700,193,1
2026-01-12,000001,14:03:51,11.4600,279,2
2026-01-12,000001,14:03:54,11.4700,2,1
2026-01-12,000001,14:03:57,11.4700,36,1
2026-01-12,000001,14:04:00,11.4700,493,1
2026-01-12,000001,14:04:03,11.4700,15,1
2026-01-12,000001,14:04:06,11.4600,78,2
2026-01-12,000001,14:04:09,11.4700,47,1
2026-01-12,000001,14:04:12,11.4700,35,1
2026-01-12,000001,14:04:15,11.4700,2,1
2026-01-12,000001,14:04:18,11.4700,49,1
2026-01-12,000001,14:04:21,11.4700,180,1
2026-01-12,000001,14:04:24,11.4700,7,1
2026-01-12,000001,14:04:27,11.4700,42,1
2026-01-12,000001,14:04:30,11.4700,83,1
2026-01-12,000001,14:04:33,11.4700,7,1
2026-01-12,000001,14:04:36,11.4700,33,1
2026-01-12,000001,14:04:39,11.4600,2071,2
2026-01-12,000001,14:04:42,11.4700,315,1
2026-01-12,000001,14:04:45,11.4700,44,1
2026-01-12,000001,14:04:48,11.4700,3,1
2026-01-12,000001,14:04:51,11.4600,43,2
2026-01-12,000001,14:04:54,11.4700,11,1
2026-01-12,000001,14:04:57,11.4700,182,1
2026-01-12,000001,14:05:00,11.4700,641,1
2026-01-12,000001,14:05:03,11.4700,65,1
2026-01-12,000001,14:05:06,11.4600,53,2
2026-01-12,000001,14:05:09,11.4700,457,1
2026-01-12,000001,14:05:12,11.4700,130,1
2026-01-12,000001,14:05:15,11.4700,57,1
2026-01-12,000001,14:05:18,11.4700,18,1
2026-01-12,000001,14:05:21,11.4700,38,1
2026-01-12,000001,14:05:24,11.4700,466,1
2026-01-12,000001,14:05:27,11.4700,55,4
2026-01-12,000001,14:05:30,11.4700,149,1
2026-01-12,000001,14:05:33,11.4700,88,1
2026-01-12,000001,14:05:36,11.4700,26,1
2026-01-12,000001,14:05:39,11.4700,89,1
2026-01-12,000001,14:05:42,11.4700,217,1
2026-01-12,000001,14:05:45,11.4700,168,2
2026-01-12,000001,14:05:48,11.4700,82,1
2026-01-12,000001,14:05:51,11.4700,64,1
2026-01-12,000001,14:05:54,11.4700,276,1
2026-01-12,000001,14:05:57,11.4700,43,1
2026-01-12,000001,14:06:00,11.4700,201,1
2026-01-12,000001,14:06:03,11.4700,147,1
2026-01-12,000001,14:06:06,11.4700,99,1
2026-01-12,000001,14:06:09,11.4700,202,1
2026-01-12,000001,14:06:12,11.4700,430,1
2026-01-12,000001,14:06:15,11.4700,58,1
2026-01-12,000001,14:06:18,11.4700,107,1
2026-01-12,000001,10:50:57,11.4400,31,1
2026-01-12,000001,10:51:00,11.4400,55,1
2026-01-12,000001,10:51:03,11.4400,8,1
2026-01-12,000001,10:51:06,11.4400,158,1
2026-01-12,000001,10:51:09,11.4400,26,1
2026-01-12,000001,10:51:12,11.4400,3,1
2026-01-12,000001,10:51:15,11.4300,20,2
2026-01-12,000001,10:51:18,11.4300,35,2
2026-01-12,000001,10:51:21,11.4400,7,1
2026-01-12,000001,10:51:24,11.4400,24,1
2026-01-12,000001,10:51:27,11.4400,272,1
2026-01-12,000001,10:51:30,11.4400,32,1
2026-01-12,000001,10:51:33,11.4400,4,1
2026-01-12,000001,10:51:36,11.4300,46,2
2026-01-12,000001,10:51:39,11.4400,7,1
2026-01-12,000001,10:51:45,11.4400,29,1
2026-01-12,000001,10:51:48,11.4400,10,1
2026-01-12,000001,10:51:51,11.4400,159,1
2026-01-12,000001,10:51:54,11.4400,34,1
2026-01-12,000001,10:51:57,11.4400,142,1
2026-01-12,000001,10:52:00,11.4400,101,1
2026-01-12,000001,10:52:03,11.4400,226,1
2026-01-12,000001,10:52:06,11.4400,23,1
2026-01-12,000001,10:52:09,11.4400,82,1
2026-01-12,000001,10:52:12,11.4400,94,1
2026-01-12,000001,10:52:15,11.4400,28,1
2026-01-12,000001,10:52:18,11.4400,222,1
2026-01-12,000001,10:52:21,11.4400,53,1
2026-01-12,000001,10:52:24,11.4400,21,1
2026-01-12,000001,10:52:27,11.4400,90,1
2026-01-12,000001,10:52:30,11.4400,26,1
2026-01-12,000001,10:52:33,11.4400,81,1
2026-01-12,000001,10:52:36,11.4400,8,1
2026-01-12,000001,10:52:39,11.4400,176,1
2026-01-12,000001,10:52:42,11.4400,19,1
2026-01-12,000001,10:52:45,11.4300,13,2
2026-01-12,000001,10:52:48,11.4400,48,1
2026-01-12,000001,10:52:51,11.4400,29,1
2026-01-12,000001,10:52:54,11.4400,2,1
2026-01-12,000001,10:52:57,11.4400,53,1
2026-01-12,000001,10:53:00,11.4400,6,1
2026-01-12,000001,10:53:03,11.4400,21,1
2026-01-12,000001,10:53:06,11.4300,26,2
2026-01-12,000001,10:53:09,11.4400,20,1
2026-01-12,000001,10:53:12,11.4300,98,2
2026-01-12,000001,10:53:15,11.4400,88,1
2026-01-12,000001,10:53:18,11.4400,27,1
2026-01-12,000001,10:53:21,11.4400,19,1
2026-01-12,000001,10:53:24,11.4400,30,1
2026-01-12,000001,10:53:27,11.4400,40,1
2026-01-12,000001,10:53:30,11.4400,2990,1
2026-01-12,000001,10:53:33,11.4400,631,2
2026-01-12,000001,10:53:36,11.4400,470,2
2026-01-12,000001,10:53:39,11.4400,261,4
2026-01-12,000001,10:53:42,11.4300,30,2
2026-01-12,000001,10:53:45,11.4400,137,2
2026-01-12,000001,10:53:48,11.4400,56,1
2026-01-12,000001,10:53:51,11.4400,99,1
2026-01-12,000001,10:53:54,11.4400,21,1
2026-01-12,000001,10:53:57,11.4400,782,1
2026-01-12,000001,10:54:00,11.4400,438,2
2026-01-12,000001,10:54:03,11.4400,12916,1
2026-01-12,000001,10:54:06,11.4500,369,4
2026-01-12,000001,10:54:09,11.4500,109,4
2026-01-12,000001,10:54:12,11.4500,574,1
2026-01-12,000001,10:54:15,11.4500,78,1
2026-01-12,000001,10:54:18,11.4500,416,1
2026-01-12,000001,10:54:21,11.4500,16,1
2026-01-12,000001,10:54:24,11.4500,41,1
2026-01-12,000001,10:54:27,11.4500,28,1
2026-01-12,000001,10:54:30,11.4500,145,1
2026-01-12,000001,10:54:33,11.4600,37,1
2026-01-12,000001,10:54:36,11.4500,95,2
2026-01-12,000001,10:54:39,11.4500,275,2
2026-01-12,000001,10:54:42,11.4500,369,1
2026-01-12,000001,10:54:45,11.4500,184,2
2026-01-12,000001,10:54:48,11.4500,21,1
2026-01-12,000001,10:54:51,11.4500,39,1
2026-01-12,000001,10:54:54,11.4400,361,2
2026-01-12,000001,10:54:57,11.4500,26,4
2026-01-12,000001,10:55:00,11.4500,16,1
2026-01-12,000001,10:55:03,11.4400,78,2
2026-01-12,000001,10:55:06,11.4400,115,2
2026-01-12,000001,10:55:09,11.4500,36,1
2026-01-12,000001,10:55:12,11.4500,77,1
2026-01-12,000001,10:55:15,11.4400,23,2
2026-01-12,000001,10:55:18,11.4500,56,1
2026-01-12,000001,10:55:21,11.4500,115,2
2026-01-12,000001,10:55:24,11.4400,58,2
2026-01-12,000001,10:55:27,11.4500,135,1
2026-01-12,000001,10:55:30,11.4500,7,1
2026-01-12,000001,10:55:33,11.4600,88,1
2026-01-12,000001,10:55:36,11.4500,148,2
2026-01-12,000001,10:55:39,11.4400,74,2
2026-01-12,000001,10:55:42,11.4500,128,1
2026-01-12,000001,10:55:45,11.4600,74,1
2026-01-12,000001,10:55:48,11.4600,116,1
2026-01-12,000001,10:55:51,11.4500,75,2
2026-01-12,000001,10:55:54,11.4600,22,1
2026-01-12,000001,10:55:57,11.4500,70,2
2026-01-12,000001,10:56:00,11.4600,32,1
2026-01-12,000001,10:56:03,11.4600,37,1
2026-01-12,000001,10:56:06,11.4500,109,2
2026-01-12,000001,10:56:09,11.4500,11,2
2026-01-12,000001,10:56:12,11.4500,4,2
2026-01-12,000001,10:56:15,11.4600,1,1
2026-01-12,000001,10:56:18,11.4500,20,2
2026-01-12,000001,10:56:21,11.4500,19,2
2026-01-12,000001,10:56:24,11.4500,50,2
2026-01-12,000001,10:56:27,11.4500,90,2
2026-01-12,000001,10:56:30,11.4500,24,2
2026-01-12,000001,10:56:33,11.4600,297,1
2026-01-12,000001,10:56:36,11.4600,7,1
2026-01-12,000001,10:56:42,11.4500,8,2
2026-01-12,000001,10:56:45,11.4600,32,1
2026-01-12,000001,10:56:48,11.4500,1,2
2026-01-12,000001,10:56:51,11.4500,16,2
2026-01-12,000001,10:56:54,11.4600,28,1
2026-01-12,000001,10:56:57,11.4600,21,1
2026-01-12,000001,10:57:00,11.4600,39,1
2026-01-12,000001,10:57:03,11.4500,145,2
2026-01-12,000001,10:57:06,11.4500,107,2
2026-01-12,000001,10:57:09,11.4500,19,2
2026-01-12,000001,10:57:12,11.4500,11,2
2026-01-12,000001,10:57:15,11.4500,13,2
2026-01-12,000001,10:57:18,11.4500,58,2
2026-01-12,000001,10:57:21,11.4600,11,1
2026-01-12,000001,10:57:24,11.4500,64,2
2026-01-12,000001,10:57:27,11.4500,11,2
2026-01-12,000001,10:57:30,11.4500,64,2
2026-01-12,000001,10:57:33,11.4500,345,2
2026-01-12,000001,10:57:36,11.4500,161,2
2026-01-12,000001,10:57:39,11.4600,19,1
2026-01-12,000001,10:57:42,11.4600,31,1
2026-01-12,000001,10:57:45,11.4500,55,2
2026-01-12,000001,10:57:48,11.4500,18,2
2026-01-12,000001,10:57:51,11.4600,13,1
2026-01-12,000001,10:57:54,11.4500,59,2
2026-01-12,000001,10:57:57,11.4500,101,2
2026-01-12,000001,10:58:00,11.4600,29,1
2026-01-12,000001,10:58:03,11.4500,37,2
2026-01-12,000001,10:58:06,11.4500,36,2
2026-01-12,000001,10:58:09,11.4500,52,2
2026-01-12,000001,10:58:12,11.4600,29,1
2026-01-12,000001,10:58:15,11.4500,35,2
2026-01-12,000001,10:58:18,11.4500,25,2
2026-01-12,000001,10:58:21,11.4500,9,2
2026-01-12,000001,10:58:24,11.4500,1,2
2026-01-12,000001,10:58:27,11.4500,17,2
2026-01-12,000001,10:58:30,11.4500,54,2
2026-01-12,000001,10:58:33,11.4600,374,1
2026-01-12,000001,10:58:36,11.4600,56,1
2026-01-12,000001,10:58:39,11.4500,1,2
2026-01-12,000001,10:58:45,11.4600,9,1
2026-01-12,000001,10:58:48,11.4500,16,2
2026-01-12,000001,10:58:54,11.4500,120,2
2026-01-12,000001,10:58:57,11.4500,74,2
2026-01-12,000001,10:59:00,11.4500,52,2
2026-01-12,000001,10:59:03,11.4500,74,2
2026-01-12,000001,10:59:06,11.4500,43,2
2026-01-12,000001,10:59:09,11.4600,3,1
2026-01-12,000001,10:59:12,11.4500,75,2
2026-01-12,000001,10:59:15,11.4500,42,2
2026-01-12,000001,10:59:18,11.4500,67,2
2026-01-12,000001,10:59:21,11.4500,27,2
2026-01-12,000001,10:59:24,11.4500,522,2
2026-01-12,000001,10:59:27,11.4400,25,2
2026-01-12,000001,10:59:30,11.4400,65,2
2026-01-12,000001,10:59:33,11.4400,33,2
2026-01-12,000001,10:59:36,11.4500,1,1
2026-01-12,000001,10:59:39,11.4500,5,1
2026-01-12,000001,10:59:42,11.4400,18,2
2026-01-12,000001,10:59:45,11.4500,15,1
2026-01-12,000001,10:59:48,11.4500,360,1
2026-01-12,000001,10:59:51,11.4500,7,1
2026-01-12,000001,10:59:54,11.4500,27,1
2026-01-12,000001,10:59:57,11.4400,67,2
2026-01-12,000001,11:00:00,11.4500,24,1
2026-01-12,000001,11:00:03,11.4500,22,1
2026-01-12,000001,11:00:06,11.4500,8,1
2026-01-12,000001,11:00:09,11.4400,72,2
2026-01-12,000001,11:00:12,11.4400,49,2
2026-01-12,000001,11:00:15,11.4500,3,1
2026-01-12,000001,11:00:18,11.4500,2,1
2026-01-12,000001,11:00:21,11.4500,10,1
2026-01-12,000001,11:00:24,11.4500,42,1
2026-01-12,000001,11:00:27,11.4400,32,2
2026-01-12,000001,11:00:30,11.4500,55,1
2026-01-12,000001,11:00:36,11.4500,13,1
2026-01-12,000001,11:00:39,11.4500,6,1
2026-01-12,000001,11:00:42,11.4500,158,1
2026-01-12,000001,11:00:51,11.4500,5,1
2026-01-12,000001,11:00:54,11.4500,79,1
2026-01-12,000001,11:00:57,11.4400,504,2
2026-01-12,000001,11:01:00,11.4400,310,2
2026-01-12,000001,11:01:03,11.4400,16,2
2026-01-12,000001,11:01:06,11.4500,105,1
2026-01-12,000001,11:01:09,11.4400,53,2
2026-01-12,000001,11:01:12,11.4500,56,1
2026-01-12,000001,11:01:15,11.4500,16,1
2026-01-12,000001,11:01:18,11.4500,1,1
2026-01-12,000001,11:01:21,11.4500,20,1
2026-01-12,000001,11:01:24,11.4400,57,2
2026-01-12,000001,11:01:27,11.4500,7,1
2026-01-12,000001,11:01:30,11.4400,37,2
2026-01-12,000001,11:01:33,11.4500,10,1
2026-01-12,000001,11:01:36,11.4500,13,1
2026-01-12,000001,11:01:39,11.4500,5,1
2026-01-12,000001,11:01:42,11.4500,10,1
2026-01-12,000001,11:01:45,11.4400,49,2
2026-01-12,000001,11:01:48,11.4400,25,2
2026-01-12,000001,11:01:54,11.4500,13,1
2026-01-12,000001,11:02:00,11.4500,5,1
2026-01-12,000001,11:02:03,11.4500,144,1
2026-01-12,000001,11:02:09,11.4400,36,2
2026-01-12,000001,11:02:12,11.4400,144,2
2026-01-12,000001,11:02:15,11.4500,84,1
2026-01-12,000001,11:02:21,11.4400,44,2
2026-01-12,000001,11:02:24,11.4400,93,2
2026-01-12,000001,11:02:27,11.4500,165,1
2026-01-12,000001,11:02:30,11.4400,18,2
2026-01-12,000001,11:02:33,11.4400,33,2
2026-01-12,000001,11:02:36,11.4500,50,1
2026-01-12,000001,11:02:39,11.4500,50,1
2026-01-12,000001,11:02:42,11.4400,22,2
2026-01-12,000001,11:02:45,11.4400,26,2
2026-01-12,000001,11:02:48,11.4500,8,1
2026-01-12,000001,11:02:51,11.4500,15,1
2026-01-12,000001,11:02:54,11.4500,1,1
2026-01-12,000001,11:02:57,11.4500,10,1
2026-01-12,000001,11:03:00,11.4500,63,1
2026-01-12,000001,11:03:03,11.4500,20,1
2026-01-12,000001,11:03:06,11.4400,20,2
2026-01-12,000001,11:03:09,11.4500,1,1
2026-01-12,000001,11:03:12,11.4500,8,1
2026-01-12,000001,11:03:15,11.4400,7,2
2026-01-12,000001,11:03:21,11.4400,7052,2
2026-01-12,000001,11:03:24,11.4400,283,2
2026-01-12,000001,11:03:30,11.4400,49,2
2026-01-12,000001,11:03:36,11.4500,20,1
2026-01-12,000001,11:03:45,11.4500,140,1
2026-01-12,000001,11:03:48,11.4400,1,2
2026-01-12,000001,11:03:54,11.4400,52,2
2026-01-12,000001,11:04:00,11.4500,7,1
2026-01-12,000001,11:04:03,11.4400,74,2
2026-01-12,000001,11:04:06,11.4400,13,2
2026-01-12,000001,11:04:09,11.4400,28,2
2026-01-12,000001,11:04:15,11.4400,52,2
2026-01-12,000001,11:04:18,11.4400,4,2
2026-01-12,000001,11:04:24,11.4500,20,1
2026-01-12,000001,11:04:27,11.4500,2,1
2026-01-12,000001,11:04:30,11.4400,108,2
2026-01-12,000001,11:04:33,11.4400,38,2
2026-01-12,000001,11:04:36,11.4500,18,1
2026-01-12,000001,11:04:42,11.4400,22,2
2026-01-12,000001,11:04:45,11.4400,10,2
2026-01-12,000001,11:04:48,11.4400,104,2
2026-01-12,000001,11:04:51,11.4400,52,2
2026-01-12,000001,11:04:54,11.4400,307,2
2026-01-12,000001,11:04:57,11.4400,26,2
2026-01-12,000001,11:05:00,11.4400,61,2
2026-01-12,000001,11:05:03,11.4400,68,2
2026-01-12,000001,11:05:06,11.4400,14,2
2026-01-12,000001,11:05:09,11.4500,109,1
2026-01-12,000001,11:05:15,11.4400,25,2
2026-01-12,000001,11:05:21,11.4400,16,2
2026-01-12,000001,11:05:24,11.4500,10,1
2026-01-12,000001,11:05:27,11.4500,53,1
2026-01-12,000001,11:05:30,11.4400,5,2
2026-01-12,000001,11:05:33,11.4500,21,1
2026-01-12,000001,11:05:36,11.4500,84,1
2026-01-12,000001,11:05:39,11.4400,83,2
2026-01-12,000001,11:05:42,11.4400,157,2
2026-01-12,000001,11:05:48,11.4400,12,2
2026-01-12,000001,11:05:54,11.4400,7,2
2026-01-12,000001,11:05:57,11.4400,187,2
2026-01-12,000001,11:06:00,11.4500,25,1
2026-01-12,000001,11:06:03,11.4500,24,1
2026-01-12,000001,11:06:09,11.4400,4,2
2026-01-12,000001,11:06:15,11.4500,4,1
2026-01-12,000001,11:06:18,11.4400,17,2
2026-01-12,000001,11:06:21,11.4400,69,2
2026-01-12,000001,11:06:24,11.4400,86,2
2026-01-12,000001,11:06:27,11.4500,25,1
2026-01-12,000001,11:06:30,11.4500,33,1
2026-01-12,000001,11:06:33,11.4400,17,2
2026-01-12,000001,11:06:36,11.4400,13,2
2026-01-12,000001,11:06:39,11.4500,3,1
2026-01-12,000001,11:06:42,11.4400,19,2
2026-01-12,000001,11:06:45,11.4500,52,1
2026-01-12,000001,11:06:48,11.4400,2,2
2026-01-12,000001,11:06:51,11.4500,15,1
2026-01-12,000001,11:06:54,11.4400,9,2
2026-01-12,000001,11:06:57,11.4500,7,1
2026-01-12,000001,11:07:00,11.4400,2,2
2026-01-12,000001,11:07:03,11.4500,238,1
2026-01-12,000001,11:07:06,11.4500,24,1
2026-01-12,000001,11:07:12,11.4400,28,2
2026-01-12,000001,11:07:15,11.4400,22,2
2026-01-12,000001,11:07:18,11.4400,38,2
2026-01-12,000001,11:07:21,11.4500,25,1
2026-01-12,000001,11:07:24,11.4500,19,1
2026-01-12,000001,11:07:27,11.4500,5,1
2026-01-12,000001,11:07:30,11.4400,4,2
2026-01-12,000001,11:07:33,11.4500,9,1
2026-01-12,000001,11:07:39,11.4400,10,2
2026-01-12,000001,11:07:42,11.4400,11,2
2026-01-12,000001,11:07:45,11.4400,30,2
2026-01-12,000001,11:08:00,11.4500,52,1
2026-01-12,000001,11:08:03,11.4500,76,1
2026-01-12,000001,11:08:09,11.4400,3,2
2026-01-12,000001,11:08:12,11.4400,13,2
2026-01-12,000001,11:08:18,11.4400,100,2
2026-01-12,000001,11:08:21,11.4500,46,1
2026-01-12,000001,11:08:24,11.4400,12,2
2026-01-12,000001,11:08:27,11.4400,29,2
2026-01-12,000001,11:08:30,11.4400,2,2
2026-01-12,000001,11:08:33,11.4500,42,1
2026-01-12,000001,11:08:42,11.4400,42,2
2026-01-12,000001,11:08:45,11.4400,10,2
2026-01-12,000001,11:08:51,11.4500,1,1
2026-01-12,000001,11:08:54,11.4400,23,2
2026-01-12,000001,11:08:57,11.4500,2,1
2026-01-12,000001,11:09:00,11.4500,1,1
2026-01-12,000001,11:09:03,11.4400,83,2
2026-01-12,000001,11:09:06,11.4500,5,1
2026-01-12,000001,11:09:09,11.4400,29,2
2026-01-12,000001,11:09:18,11.4500,4,1
2026-01-12,000001,11:09:24,11.4500,49,1
2026-01-12,000001,11:09:27,11.4500,15,1
2026-01-12,000001,11:09:30,11.4400,21,2
2026-01-12,000001,11:09:33,11.4500,45,1
2026-01-12,000001,11:09:39,11.4500,1,1
2026-01-12,000001,11:09:42,11.4500,33,1
2026-01-12,000001,11:09:45,11.4500,2,1
2026-01-12,000001,11:09:48,11.4400,64,2
2026-01-12,000001,11:09:51,11.4500,3,1
2026-01-12,000001,11:09:57,11.4500,22,1
2026-01-12,000001,11:10:00,11.4500,41,1
2026-01-12,000001,11:10:03,11.4400,80,2
2026-01-12,000001,11:10:06,11.4400,94,2
2026-01-12,000001,11:10:09,11.4400,37,2
2026-01-12,000001,11:10:12,11.4500,104,1
2026-01-12,000001,11:10:15,11.4400,2,2
2026-01-12,000001,11:10:18,11.4500,16,1
2026-01-12,000001,11:10:21,11.4500,7,1
2026-01-12,000001,11:10:24,11.4500,30,1
2026-01-12,000001,11:10:27,11.4400,11,2
2026-01-12,000001,11:10:30,11.4400,19,2
2026-01-12,000001,11:10:33,11.4400,312,2
2026-01-12,000001,11:10:36,11.4500,57,1
2026-01-12,000001,11:10:39,11.4500,30,1
2026-01-12,000001,11:10:42,11.4400,10,2
2026-01-12,000001,11:10:45,11.4500,92,1
2026-01-12,000001,11:11:00,11.4500,11,1
2026-01-12,000001,11:11:03,11.4400,49,2
2026-01-12,000001,11:11:06,11.4500,22,1
2026-01-12,000001,11:11:12,11.4400,15,2
2026-01-12,000001,11:11:15,11.4400,141,2
2026-01-12,000001,11:11:18,11.4400,125,2
2026-01-12,000001,11:11:24,11.4400,26,2
2026-01-12,000001,11:11:27,11.4500,1032,1
2026-01-12,000001,11:11:30,11.4500,23,1
2026-01-12,000001,11:11:33,11.4500,43,1
2026-01-12,000001,11:11:36,11.4400,46,2
2026-01-12,000001,11:11:39,11.4400,39,2
2026-01-12,000001,11:11:42,11.4400,11,2
2026-01-12,000001,11:11:45,11.4500,45,1
2026-01-12,000001,11:11:51,11.4400,21,2
2026-01-12,000001,11:11:54,11.4400,8,2
2026-01-12,000001,11:11:57,11.4400,25,2
2026-01-12,000001,11:12:00,11.4500,56,1
2026-01-12,000001,11:12:03,11.4500,106,1
2026-01-12,000001,11:12:06,11.4400,24,2
2026-01-12,000001,11:12:09,11.4500,8,1
2026-01-12,000001,11:12:12,11.4400,37,2
2026-01-12,000001,11:12:15,11.4400,44,2
2026-01-12,000001,11:12:18,11.4500,38,1
2026-01-12,000001,11:12:21,11.4400,113,2
2026-01-12,000001,11:12:24,11.4500,10,1
2026-01-12,000001,11:12:27,11.4500,2,1
2026-01-12,000001,11:12:30,11.4500,111,1
2026-01-12,000001,11:12:33,11.4500,10,1
2026-01-12,000001,11:12:36,11.4500,601,1
2026-01-12,000001,11:12:39,11.4400,792,2
2026-01-12,000001,11:12:42,11.4400,712,2
2026-01-12,000001,11:12:45,11.4400,42,2
2026-01-12,000001,11:12:48,11.4500,10,1
2026-01-12,000001,11:12:51,11.4400,36,2
2026-01-12,000001,11:12:54,11.4500,2,1
2026-01-12,000001,11:12:57,11.4400,493,2
2026-01-12,000001,11:13:00,11.4400,85,2
2026-01-12,000001,11:13:03,11.4400,13,2
2026-01-12,000001,11:13:06,11.4400,11,2
2026-01-12,000001,11:13:09,11.4400,45,2
2026-01-12,000001,11:13:18,11.4500,1379,1
2026-01-12,000001,11:13:21,11.4400,587,2
2026-01-12,000001,11:13:24,11.4400,870,2
2026-01-12,000001,11:13:27,11.4400,145,1
2026-01-12,000001,11:13:30,11.4400,108,1
2026-01-12,000001,11:13:33,11.4400,40,1
2026-01-12,000001,11:13:36,11.4400,220,1
2026-01-12,000001,11:13:39,11.4300,74,2
2026-01-12,000001,11:13:42,11.4400,19,1
2026-01-12,000001,11:13:45,11.4400,29,1
2026-01-12,000001,11:13:48,11.4400,20,1
2026-01-12,000001,11:13:51,11.4500,19,1
2026-01-12,000001,11:13:54,11.4400,51,2
2026-01-12,000001,11:13:57,11.4400,6,2
2026-01-12,000001,11:14:00,11.4500,95,1
2026-01-12,000001,11:14:03,11.4500,20,1
2026-01-12,000001,11:14:06,11.4500,7,1
2026-01-12,000001,11:14:09,11.4400,23,2
2026-01-12,000001,11:14:12,11.4400,9,2
2026-01-12,000001,11:14:15,11.4500,33,1
2026-01-12,000001,11:14:18,11.4500,90,1
2026-01-12,000001,11:14:21,11.4400,11,2
2026-01-12,000001,11:14:24,11.4500,8,1
2026-01-12,000001,11:14:27,11.4500,35,1
2026-01-12,000001,11:14:33,11.4500,23,1
2026-01-12,000001,11:14:36,11.4400,31,2
2026-01-12,000001,11:14:39,11.4400,11,2
2026-01-12,000001,11:14:42,11.4400,154,2
2026-01-12,000001,11:14:45,11.4400,321,2
2026-01-12,000001,11:14:48,11.4500,2,1
2026-01-12,000001,11:14:54,11.4500,55,1
2026-01-12,000001,11:14:57,11.4500,246,1
2026-01-12,000001,11:15:00,11.4400,100,2
2026-01-12,000001,11:15:03,11.4500,23,1
2026-01-12,000001,11:15:06,11.4500,21,1
2026-01-12,000001,11:15:09,11.4500,109,1
2026-01-12,000001,11:15:12,11.4400,61,2
2026-01-12,000001,11:15:15,11.4500,23,1
2026-01-12,000001,11:15:18,11.4500,15,1
2026-01-12,000001,11:15:24,11.4500,20,1
2026-01-12,000001,11:15:27,11.4400,31,2
2026-01-12,000001,11:15:33,11.4400,24,2
2026-01-12,000001,11:15:36,11.4400,41,2
2026-01-12,000001,11:15:42,11.4500,5,1
2026-01-12,000001,11:15:48,11.4400,53,2
2026-01-12,000001,11:15:54,11.4500,49,1
2026-01-12,000001,11:15:57,11.4500,15,1
2026-01-12,000001,11:16:00,11.4500,39,1
2026-01-12,000001,11:16:03,11.4500,20,1
2026-01-12,000001,11:16:06,11.4400,46,2
2026-01-12,000001,11:16:09,11.4400,253,2
2026-01-12,000001,11:16:12,11.4400,5,2
2026-01-12,000001,11:16:15,11.4500,1174,1
2026-01-12,000001,11:16:18,11.4500,6,1
2026-01-12,000001,11:16:21,11.4500,6,1
2026-01-12,000001,11:16:24,11.4500,69,1
2026-01-12,000001,11:16:27,11.4400,26,2
2026-01-12,000001,11:16:30,11.4500,14,1
2026-01-12,000001,11:16:33,11.4500,3,1
2026-01-12,000001,11:16:36,11.4500,12,1
2026-01-12,000001,11:16:45,11.4500,25,1
2026-01-12,000001,11:16:51,11.4400,12,2
2026-01-12,000001,11:16:54,11.4400,52,2
2026-01-12,000001,11:16:57,11.4500,2,1
2026-01-12,000001,11:17:00,11.4400,11,2
2026-01-12,000001,11:17:03,11.4400,245,2
2026-01-12,000001,11:17:06,11.4400,80,2
2026-01-12,000001,11:17:12,11.4500,27,1
2026-01-12,000001,11:17:15,11.4400,8,2
2026-01-12,000001,11:17:18,11.4500,21,1
2026-01-12,000001,11:17:21,11.4500,21,1
2026-01-12,000001,11:17:24,11.4400,11,2
2026-01-12,000001,11:17:27,11.4500,2,1
2026-01-12,000001,11:17:33,11.4400,78,2
2026-01-12,000001,11:17:36,11.4500,41,1
2026-01-12,000001,11:17:39,11.4500,295,1
2026-01-12,000001,11:17:42,11.4500,54,1
2026-01-12,000001,11:17:45,11.4500,4,1
2026-01-12,000001,11:17:48,11.4500,66,1
2026-01-12,000001,11:17:54,11.4500,20,1
2026-01-12,000001,11:17:57,11.4400,112,2
2026-01-12,000001,11:18:00,11.4500,5,1
2026-01-12,000001,11:18:03,11.4500,85,1
2026-01-12,000001,11:18:06,11.4400,177,2
2026-01-12,000001,11:18:09,11.4400,23,2
2026-01-12,000001,11:18:12,11.4400,123,2
