date,code,time,price,volume,bs
2026-04-15,000858,14:04:15,103.5400,2,2
2026-04-15,000858,14:04:18,103.5400,6,2
2026-04-15,000858,14:04:21,103.5500,6,1
2026-04-15,000858,14:04:24,103.5400,11,2
2026-04-15,000858,14:04:27,103.5500,54,1
2026-04-15,000858,14:04:30,103.5400,5,1
2026-04-15,000858,14:04:33,103.5500,10,2
2026-04-15,000858,14:04:36,103.5500,3,2
2026-04-15,000858,14:04:39,103.5600,31,1
2026-04-15,000858,14:04:42,103.5700,1,2
2026-04-15,000858,14:04:45,103.5700,9,2
2026-04-15,000858,14:04:48,103.5700,15,2
2026-04-15,000858,14:04:51,103.5800,8,1
2026-04-15,000858,14:04:54,103.5800,1,1
2026-04-15,000858,14:04:57,103.5700,11,2
2026-04-15,000858,14:05:00,103.5800,2,1
2026-04-15,000858,14:05:09,103.5700,19,2
2026-04-15,000858,14:05:12,103.5800,56,1
2026-04-15,000858,14:05:15,103.5800,3,2
2026-04-15,000858,14:05:18,103.5800,23,2
2026-04-15,000858,14:05:21,103.5800,3,2
2026-04-15,000858,14:05:24,103.5900,1,1
2026-04-15,000858,14:05:27,103.5900,9,4
2026-04-15,000858,14:05:30,103.6000,75,1
2026-04-15,000858,14:05:33,103.6000,14,2
2026-04-15,000858,14:05:36,103.6000,14,2
2026-04-15,000858,14:05:39,103.6100,15,1
2026-04-15,000858,14:05:42,103.6100,229,4
2026-04-15,000858,14:05:45,103.6100,32,1
2026-04-15,000858,14:05:48,103.5900,27,2
2026-04-15,000858,14:05:51,103.5900,11,2
2026-04-15,000858,14:06:00,103.6100,12,1
2026-04-15,000858,14:06:03,103.6100,17,1
2026-04-15,000858,14:06:06,103.6000,3,1
2026-04-15,000858,14:06:09,103.6000,19,2
2026-04-15,000858,14:06:12,103.6000,22,2
2026-04-15,000858,14:06:15,103.6300,99,1
2026-04-15,000858,14:06:18,103.6300,11,1
2026-04-15,000858,14:06:21,103.6000,11,2
2026-04-15,000858,14:06:24,103.6300,2,1
2026-04-15,000858,14:06:27,103.6000,11,2
2026-04-15,000858,14:06:30,103.6200,147,1
2026-04-15,000858,14:06:33,103.6000,19,4
2026-04-15,000858,14:06:36,103.6000,4,2
2026-04-15,000858,14:06:39,103.6000,4,2
2026-04-15,000858,14:06:42,103.6000,3,2
2026-04-15,000858,14:06:45,103.6000,4,2
2026-04-15,000858,14:06:48,103.6000,145,2
2026-04-15,000858,14:06:51,103.6200,41,1
2026-04-15,000858,14:06:54,103.6300,22,1
2026-04-15,000858,14:06:57,103.6400,12,1
2026-04-15,000858,14:07:00,103.6400,15,1
2026-04-15,000858,14:07:03,103.6600,10,1
2026-04-15,000858,14:07:06,103.6300,30,2
2026-04-15,000858,14:07:09,103.6300,5,2
2026-04-15,000858,14:07:12,103.6200,31,2
2026-04-15,000858,14:07:15,103.6100,69,2
2026-04-15,000858,14:07:18,103.5900,28,2
2026-04-15,000858,14:07:21,103.6300,2,1
2026-04-15,000858,14:07:27,103.5900,7,2
2026-04-15,000858,14:07:30,103.5800,7,2
2026-04-15,000858,14:07:33,103.5800,1,2
2026-04-15,000858,14:07:36,103.5800,21,2
2026-04-15,000858,14:07:39,103.5800,16,2
2026-04-15,000858,14:07:42,103.5900,124,1
2026-04-15,000858,14:07:45,103.5900,10,1
2026-04-15,000858,14:07:48,103.6300,10,1
2026-04-15,000858,14:07:51,103.6000,5,1
2026-04-15,000858,14:07:54,103.6100,4,2
2026-04-15,000858,14:08:00,103.6000,1,1
2026-04-15,000858,14:08:03,103.6000,10,1
2026-04-15,000858,14:08:06,103.6000,7,1
2026-04-15,000858,14:08:09,103.6200,31,1
2026-04-15,000858,14:08:12,103.6100,5,4
2026-04-15,000858,14:08:15,103.6000,15,2
2026-04-15,000858,14:08:18,103.6000,7,2
2026-04-15,000858,14:08:21,103.6000,1,1
2026-04-15,000858,14:08:24,103.6000,12,1
2026-04-15,000858,14:08:27,103.6000,2,2
2026-04-15,000858,14:08:30,103.6000,12,2
2026-04-15,000858,14:08:33,103.5900,14,2
2026-04-15,000858,14:08:39,103.5900,15,2
2026-04-15,000858,14:08:42,103.5900,20,2
2026-04-15,000858,14:08:45,103.6000,14,1
2026-04-15,000858,14:08:48,103.5900,3,4
2026-04-15,000858,14:08:51,103.5900,1,2
2026-04-15,000858,14:08:54,103.5800,32,2
2026-04-15,000858,14:09:03,103.5800,13,2
2026-04-15,000858,14:09:06,103.5800,2,2
2026-04-15,000858,14:09:09,103.5800,9,2
2026-04-15,000858,14:09:12,103.5800,3,2
2026-04-15,000858,14:09:15,103.5900,2,1
2026-04-15,000858,14:09:18,103.5900,3,1
2026-04-15,000858,14:09:24,103.5800,14,2
2026-04-15,000858,14:09:27,103.5800,4,2
2026-04-15,000858,14:09:30,103.5900,5,1
2026-04-15,000858,14:09:33,103.5900,5,1
2026-04-15,000858,14:09:36,103.5800,8,2
2026-04-15,000858,14:09:42,103.5800,3,2
2026-04-15,000858,14:09:45,103.5900,69,1
2026-04-15,000858,14:09:48,103.5800,4,2
2026-04-15,000858,14:09:51,103.5900,34,1
2026-04-15,000858,14:09:54,103.5800,3,2
2026-04-15,000858,14:09:57,103.5800,53,2
2026-04-15,000858,14:10:03,103.5800,3,2
2026-04-15,000858,14:10:09,103.5800,23,2
2026-04-15,000858,14:10:12,103.5800,18,2
2026-04-15,000858,14:10:15,103.5900,10,1
2026-04-15,000858,14:10:18,103.5800,21,2
2026-04-15,000858,14:10:21,103.5900,9,1
2026-04-15,000858,14:10:24,103.5800,6,2
2026-04-15,000858,14:10:27,103.5800,7,1
2026-04-15,000858,14:10:30,103.5800,1,1
2026-04-15,000858,14:10:33,103.5700,17,2
2026-04-15,000858,14:10:36,103.5800,31,1
2026-04-15,000858,14:10:39,103.5700,13,2
2026-04-15,000858,14:10:42,103.5700,1,2
2026-04-15,000858,14:10:45,103.5700,1,2
2026-04-15,000858,14:10:48,103.5700,2,2
2026-04-15,000858,14:10:51,103.5700,16,2
2026-04-15,000858,14:10:54,103.5700,12,2
2026-04-15,000858,14:10:57,103.5600,22,2
2026-04-15,000858,14:11:00,103.5700,1,1
2026-04-15,000858,14:11:03,103.5600,5,2
2026-04-15,000858,14:11:06,103.5600,30,2
2026-04-15,000858,14:11:09,103.5500,19,2
2026-04-15,000858,14:11:12,103.5700,31,1
2026-04-15,000858,14:11:15,103.5700,17,2
2026-04-15,000858,14:11:21,103.5700,1,2
2026-04-15,000858,14:11:24,103.5700,1,2
2026-04-15,000858,14:11:27,103.5500,17,2
2026-04-15,000858,14:11:30,103.5800,69,1
2026-04-15,000858,14:11:33,103.5800,2,2
2026-04-15,000858,14:11:36,103.6000,80,1
2026-04-15,000858,14:11:42,103.6000,14,1
2026-04-15,000858,14:11:45,103.5900,21,2
2026-04-15,000858,14:11:48,103.6000,1,1
2026-04-15,000858,14:11:51,103.6000,32,1
2026-04-15,000858,14:11:54,103.6000,32,2
2026-04-15,000858,14:11:57,103.6000,31,4
2026-04-15,000858,14:12:00,103.6100,5,1
2026-04-15,000858,14:12:03,103.5900,16,2
2026-04-15,000858,14:12:06,103.6000,2,4
2026-04-15,000858,14:12:09,103.6100,23,1
2026-04-15,000858,14:12:12,103.6000,34,2
2026-04-15,000858,14:12:15,103.6200,28,1
2026-04-15,000858,14:12:18,103.6100,3,2
2026-04-15,000858,14:12:21,103.6100,1,1
2026-04-15,000858,14:12:24,103.6100,1,1
2026-04-15,000858,14:12:27,103.6100,7,1
2026-04-15,000858,14:12:30,103.6000,16,2
2026-04-15,000858,14:12:33,103.6000,28,2
2026-04-15,000858,14:12:39,103.6000,15,2
2026-04-15,000858,14:12:42,103.6000,22,2
2026-04-15,000858,14:12:45,103.6000,15,2
2026-04-15,000858,14:12:48,103.6100,5,1
2026-04-15,000858,14:12:51,103.6100,1,2
2026-04-15,000858,14:12:54,103.6100,16,2
2026-04-15,000858,14:12:57,103.6200,7,1
2026-04-15,000858,14:13:00,103.6200,1,1
2026-04-15,000858,14:13:03,103.6200,2,1
2026-04-15,000858,14:13:06,103.6200,12,1
2026-04-15,000858,14:13:09,103.6200,15,1
2026-04-15,000858,14:13:12,103.6100,12,2
2026-04-15,000858,14:13:15,103.6200,6,1
2026-04-15,000858,14:13:18,103.6100,14,2
2026-04-15,000858,14:13:21,103.6100,14,2
2026-04-15,000858,14:13:24,103.6200,4,1
2026-04-15,000858,14:13:27,103.6100,4,2
2026-04-15,000858,14:13:33,103.6100,17,2
2026-04-15,000858,14:13:36,103.6100,43,2
2026-04-15,000858,14:13:39,103.6200,9,1
2026-04-15,000858,14:13:42,103.6200,9,2
2026-04-15,000858,14:13:48,103.6200,2,2
2026-04-15,000858,14:13:51,103.6200,1,2
2026-04-15,000858,14:13:54,103.6300,69,1
2026-04-15,000858,14:13:57,103.6400,3,1
2026-04-15,000858,14:14:00,103.6400,1,1
2026-04-15,000858,14:14:03,103.6300,75,2
2026-04-15,000858,14:14:06,103.6400,15,1
2026-04-15,000858,14:14:09,103.6500,12,1
2026-04-15,000858,14:14:12,103.6400,22,2
2026-04-15,000858,14:14:15,103.6500,27,1
2026-04-15,000858,14:14:18,103.6500,1,1
2026-04-15,000858,14:14:21,103.6400,7,2
2026-04-15,000858,14:14:24,103.6600,42,1
2026-04-15,000858,14:14:27,103.6500,5,2
2026-04-15,000858,14:14:30,103.6600,20,1
2026-04-15,000858,14:14:33,103.6600,19,1
2026-04-15,000858,14:14:36,103.6500,5,2
2026-04-15,000858,14:14:39,103.6500,6,2
2026-04-15,000858,14:14:42,103.6600,34,1
2026-04-15,000858,14:14:45,103.6500,27,4
2026-04-15,000858,14:14:48,103.6500,3,1
2026-04-15,000858,14:14:51,103.6400,8,2
2026-04-15,000858,14:14:54,103.6500,8,1
2026-04-15,000858,14:14:57,103.6400,30,2
2026-04-15,000858,14:15:03,103.6500,28,1
2026-04-15,000858,14:15:06,103.6300,1,2
2026-04-15,000858,14:15:12,103.6300,12,2
2026-04-15,000858,14:15:15,103.6400,26,1
2026-04-15,000858,14:15:18,103.6500,14,1
2026-04-15,000858,14:15:21,103.6400,1,4
2026-04-15,000858,14:15:24,103.6500,13,1
2026-04-15,000858,14:15:27,103.6500,1,1
2026-04-15,000858,14:15:30,103.6400,1,2
2026-04-15,000858,14:15:33,103.6400,19,2
2026-04-15,000858,14:15:36,103.6400,6,2
2026-04-15,000858,14:15:39,103.6400,12,2
2026-04-15,000858,14:15:42,103.6400,10,2
2026-04-15,000858,14:15:45,103.6400,21,2
2026-04-15,000858,14:15:48,103.6400,1,1
2026-04-15,000858,14:15:51,103.6400,2,1
2026-04-15,000858,14:15:54,103.6300,7,2
2026-04-15,000858,14:15:57,103.6300,11,2
2026-04-15,000858,14:16:03,103.6400,32,1
2026-04-15,000858,14:16:06,103.6400,1,1
2026-04-15,000858,14:16:09,103.6300,7,2
2026-04-15,000858,14:16:12,103.6300,61,2
2026-04-15,000858,14:16:15,103.6300,28,1
2026-04-15,000858,14:16:24,103.6300,17,1
2026-04-15,000858,14:16:27,103.6200,51,2
2026-04-15,000858,14:16:30,103.6300,6,2
2026-04-15,000858,14:16:33,103.6400,24,1
2026-04-15,000858,14:16:36,103.6300,37,2
2026-04-15,000858,14:16:39,103.6300,13,2
2026-04-15,000858,14:16:42,103.6300,4,2
2026-04-15,000858,14:16:45,103.6200,166,2
2026-04-15,000858,14:16:48,103.6300,11,1
2026-04-15,000858,14:16:51,103.6200,4,2
2026-04-15,000858,14:16:54,103.6300,37,1
2026-04-15,000858,14:16:57,103.6200,9,2
2026-04-15,000858,14:17:00,103.6400,17,1
2026-04-15,000858,14:17:03,103.6400,14,1
2026-04-15,000858,14:17:06,103.6200,3,2
2026-04-15,000858,14:17:09,103.6200,3,2
2026-04-15,000858,14:17:12,103.6200,5,2
2026-04-15,000858,14:17:15,103.6200,22,2
2026-04-15,000858,14:17:18,103.6200,6,2
2026-04-15,000858,14:17:21,103.6200,8,2
2026-04-15,000858,14:17:24,103.6500,34,1
2026-04-15,000858,14:17:27,103.6400,4,4
2026-04-15,000858,14:17:30,103.6400,13,2
2026-04-15,000858,14:17:33,103.6500,10,1
2026-04-15,000858,14:17:36,103.6300,5,2
2026-04-15,000858,14:17:39,103.6400,1,1
2026-04-15,000858,14:17:42,103.6300,3,2
2026-04-15,000858,14:17:45,103.6300,23,2
2026-04-15,000858,14:17:48,103.6400,1,1
2026-04-15,000858,14:17:54,103.6400,17,1
2026-04-15,000858,14:17:57,103.6400,41,1
2026-04-15,000858,14:18:00,103.6400,34,1
2026-04-15,000858,14:18:03,103.6500,35,1
2026-04-15,000858,14:18:06,103.6500,147,1
2026-04-15,000858,14:18:09,103.6600,26,1
2026-04-15,000858,14:18:12,103.6700,26,1
2026-04-15,000858,14:18:15,103.6600,27,2
2026-04-15,000858,14:18:18,103.6800,16,1
2026-04-15,000858,14:18:21,103.6600,3,2
2026-04-15,000858,14:18:24,103.6800,21,1
2026-04-15,000858,14:18:27,103.6800,1,1
2026-04-15,000858,14:18:30,103.6800,102,1
2026-04-15,000858,14:18:33,103.7100,77,1
2026-04-15,000858,14:18:36,103.7200,15,1
2026-04-15,000858,14:18:39,103.7200,21,1
2026-04-15,000858,14:18:42,103.7100,11,2
2026-04-15,000858,14:18:45,103.7300,10,1
2026-04-15,000858,14:18:48,103.7200,13,2
2026-04-15,000858,14:18:51,103.7400,9,1
2026-04-15,000858,14:18:54,103.7500,2,1
2026-04-15,000858,14:18:57,103.7400,10,2
2026-04-15,000858,14:19:00,103.7400,27,2
2026-04-15,000858,14:19:03,103.6800,162,2
2026-04-15,000858,14:19:06,103.7300,8,1
2026-04-15,000858,14:19:09,103.7300,1,1
2026-04-15,000858,14:19:12,103.6900,16,2
2026-04-15,000858,14:19:15,103.6900,10,2
2026-04-15,000858,14:19:18,103.6800,14,2
2026-04-15,000858,14:19:21,103.6800,9,2
2026-04-15,000858,14:19:24,103.7200,3,1
2026-04-15,000858,14:19:27,103.7300,16,1
2026-04-15,000858,14:19:30,103.7100,8,2
2026-04-15,000858,14:19:33,103.7300,19,1
2026-04-15,000858,14:19:36,103.7100,3,2
2026-04-15,000858,14:19:39,103.7200,7,1
2026-04-15,000858,14:19:45,103.7200,9,2
2026-04-15,000858,14:19:48,103.7200,35,2
2026-04-15,000858,14:19:51,103.7100,2,2
2026-04-15,000858,14:19:54,103.7200,12,1
2026-04-15,000858,14:19:57,103.7200,2,1
2026-04-15,000858,14:20:00,103.7200,20,1
2026-04-15,000858,14:20:03,103.7100,21,2
2026-04-15,000858,14:20:09,103.7200,14,1
2026-04-15,000858,14:20:12,103.7100,8,2
2026-04-15,000858,14:20:15,103.7200,35,1
2026-04-15,000858,14:20:18,103.7100,29,2
2026-04-15,000858,14:20:21,103.7200,21,1
2026-04-15,000858,14:20:27,103.7000,27,2
2026-04-15,000858,14:20:30,103.7200,6,1
2026-04-15,000858,14:20:33,103.7100,3,4
2026-04-15,000858,14:20:36,103.7100,5,1
2026-04-15,000858,14:20:39,103.7100,4,1
2026-04-15,000858,14:20:42,103.7000,11,2
2026-04-15,000858,14:20:45,103.7100,5,1
2026-04-15,000858,14:20:48,103.6900,179,2
2026-04-15,000858,14:20:51,103.7000,2,4
2026-04-15,000858,14:20:54,103.7000,14,1
2026-04-15,000858,14:20:57,103.6900,10,2
2026-04-15,000858,14:21:00,103.6900,6,2
2026-04-15,000858,14:21:03,103.7000,5,1
2026-04-15,000858,14:21:06,103.7000,8,1
2026-04-15,000858,14:21:09,103.6900,21,2
2026-04-15,000858,14:21:12,103.7000,16,1
2026-04-15,000858,14:21:15,103.6900,30,1
2026-04-15,000858,14:21:18,103.6800,46,2
2026-04-15,000858,14:21:21,103.6800,14,1
2026-04-15,000858,14:21:24,103.6900,5,1
2026-04-15,000858,14:21:27,103.6800,6,2
2026-04-15,000858,14:21:30,103.6900,8,1
2026-04-15,000858,14:21:33,103.6800,24,2
2026-04-15,000858,14:21:36,103.6800,3,1
2026-04-15,000858,14:21:39,103.6800,6,1
2026-04-15,000858,14:21:42,103.6700,1,2
2026-04-15,000858,14:21:45,103.6800,10,1
2026-04-15,000858,14:21:48,103.6700,23,2
2026-04-15,000858,14:21:51,103.6800,32,1
2026-04-15,000858,14:21:54,103.6700,10,2
2026-04-15,000858,14:21:57,103.6800,3,1
2026-04-15,000858,14:22:00,103.6700,15,2
2026-04-15,000858,14:22:03,103.6700,45,2
2026-04-15,000858,14:22:06,103.6600,5,2
2026-04-15,000858,14:22:09,103.6600,3,2
2026-04-15,000858,14:22:15,103.6600,3,2
2026-04-15,000858,14:22:18,103.6600,3,2
2026-04-15,000858,14:22:21,103.6600,6,2
2026-04-15,000858,14:22:24,103.6600,2,2
2026-04-15,000858,14:22:27,103.6600,3,1
2026-04-15,000858,14:22:30,103.6500,15,2
2026-04-15,000858,14:22:33,103.6500,23,2
2026-04-15,000858,14:22:36,103.6400,51,2
2026-04-15,000858,14:22:42,103.6300,21,2
2026-04-15,000858,14:22:45,103.6300,2,2
2026-04-15,000858,14:22:48,103.6300,28,2
2026-04-15,000858,14:22:51,103.6300,1,2
2026-04-15,000858,14:22:54,103.6300,13,2
2026-04-15,000858,14:22:57,103.6400,33,1
2026-04-15,000858,14:23:00,103.6400,14,2
2026-04-15,000858,14:23:03,103.6400,6,2
2026-04-15,000858,14:23:06,103.6400,23,2
2026-04-15,000858,14:23:09,103.6400,13,2
2026-04-15,000858,14:23:12,103.6400,5,2
2026-04-15,000858,14:23:15,103.6500,4,1
2026-04-15,000858,14:23:18,103.6400,37,2
2026-04-15,000858,14:23:21,103.6300,2,2
2026-04-15,000858,14:23:24,103.6300,1,2
2026-04-15,000858,14:23:27,103.6300,28,2
2026-04-15,000858,14:23:30,103.6300,3,1
2026-04-15,000858,14:23:39,103.6200,32,2
2026-04-15,000858,14:23:42,103.6200,31,1
2026-04-15,000858,14:23:45,103.6100,9,2
2026-04-15,000858,14:23:48,103.6200,2,1
2026-04-15,000858,14:23:51,103.6100,1,2
2026-04-15,000858,14:23:54,103.6100,4,2
2026-04-15,000858,14:23:57,103.6200,12,1
2026-04-15,000858,14:24:00,103.6200,7,2
2026-04-15,000858,14:24:03,103.6100,6,2
2026-04-15,000858,14:24:06,103.6200,2,1
2026-04-15,000858,14:24:09,103.6200,7,1
2026-04-15,000858,14:24:12,103.6200,3,2
2026-04-15,000858,14:24:15,103.6300,32,1
2026-04-15,000858,14:24:18,103.6200,2,2
2026-04-15,000858,14:24:21,103.6200,2,2
2026-04-15,000858,14:24:30,103.6200,3,2
2026-04-15,000858,14:24:33,103.6200,9,2
2026-04-15,000858,14:24:36,103.6200,6,2
2026-04-15,000858,14:24:42,103.6400,15,1
2026-04-15,000858,14:24:45,103.6200,6,2
2026-04-15,000858,14:24:48,103.6300,62,1
2026-04-15,000858,14:24:51,103.6200,10,2
2026-04-15,000858,14:24:57,103.6200,16,2
2026-04-15,000858,14:25:00,103.6200,19,2
2026-04-15,000858,14:25:03,103.6200,5,2
2026-04-15,000858,14:25:06,103.6300,44,1
2026-04-15,000858,14:25:09,103.6300,8,1
2026-04-15,000858,14:25:12,103.6100,14,2
2026-04-15,000858,14:25:15,103.6100,32,2
2026-04-15,000858,14:25:18,103.6200,9,1
2026-04-15,000858,14:25:21,103.6000,23,2
2026-04-15,000858,14:25:27,103.6000,8,2
2026-04-15,000858,14:25:30,103.6000,9,2
2026-04-15,000858,14:25:33,103.6000,21,2
2026-04-15,000858,14:25:36,103.6000,3,2
2026-04-15,000858,14:25:39,103.6000,17,2
2026-04-15,000858,14:25:42,103.6000,17,2
2026-04-15,000858,14:25:45,103.6000,29,2
2026-04-15,000858,14:25:48,103.6000,15,2
2026-04-15,000858,14:25:51,103.6000,9,2
2026-04-15,000858,14:25:54,103.6000,5,2
2026-04-15,000858,14:25:57,103.6000,78,2
2026-04-15,000858,14:26:00,103.6000,65,2
2026-04-15,000858,14:26:03,103.6200,21,1
2026-04-15,000858,14:26:06,103.6400,38,1
2026-04-15,000858,14:26:09,103.6300,6,2
2026-04-15,000858,14:26:12,103.6300,96,2
2026-04-15,000858,14:26:15,103.6400,4,1
2026-04-15,000858,14:26:18,103.6500,8,1
2026-04-15,000858,14:26:21,103.6500,24,1
2026-04-15,000858,14:26:24,103.6500,12,1
2026-04-15,000858,14:26:27,103.6400,5,2
2026-04-15,000858,14:26:30,103.6500,19,1
2026-04-15,000858,14:26:33,103.6500,2,1
2026-04-15,000858,14:26:36,103.6300,3,2
2026-04-15,000858,14:26:39,103.6300,1,2
2026-04-15,000858,14:26:42,103.6300,19,2
2026-04-15,000858,14:26:45,103.6300,36,2
2026-04-15,000858,14:26:48,103.6300,5,1
2026-04-15,000858,14:26:51,103.6300,1,1
2026-04-15,000858,14:26:57,103.6300,75,1
2026-04-15,000858,14:27:00,103.6200,13,2
2026-04-15,000858,14:27:03,103.6300,16,1
2026-04-15,000858,14:27:06,103.6200,36,2
2026-04-15,000858,14:27:09,103.6100,6,2
2026-04-15,000858,14:27:15,103.6100,1,2
2026-04-15,000858,14:27:18,103.6100,5,2
2026-04-15,000858,14:27:21,103.6100,11,2
2026-04-15,000858,14:27:24,103.6100,1,2
2026-04-15,000858,14:27:27,103.6100,10,2
2026-04-15,000858,14:27:30,103.6000,17,2
2026-04-15,000858,14:27:33,103.6100,3,1
2026-04-15,000858,14:27:36,103.6000,1,2
2026-04-15,000858,14:27:39,103.6000,4,2
2026-04-15,000858,14:27:42,103.6000,21,2
2026-04-15,000858,14:27:45,103.6000,10,2
2026-04-15,000858,14:27:51,103.6000,20,2
2026-04-15,000858,14:27:54,103.5900,32,2
2026-04-15,000858,14:27:57,103.5900,4,2
2026-04-15,000858,14:28:00,103.5900,12,2
2026-04-15,000858,14:28:03,103.6000,22,1
2026-04-15,000858,14:28:06,103.6000,37,1
2026-04-15,000858,14:28:09,103.6000,4,1
2026-04-15,000858,14:28:12,103.6000,19,1
2026-04-15,000858,14:28:15,103.5900,42,2
2026-04-15,000858,14:28:18,103.5800,9,2
2026-04-15,000858,14:28:21,103.5800,13,2
2026-04-15,000858,14:28:24,103.5900,1,1
2026-04-15,000858,14:28:27,103.5800,4,2
2026-04-15,000858,14:28:30,103.5800,2,2
2026-04-15,000858,14:28:33,103.5900,7,1
2026-04-15,000858,14:28:36,103.5800,2,2
2026-04-15,000858,14:28:39,103.5800,1,2
2026-04-15,000858,14:28:42,103.5800,8,2
2026-04-15,000858,14:28:45,103.5800,9,2
2026-04-15,000858,14:28:48,103.5900,12,1
2026-04-15,000858,14:28:51,103.5800,19,2
2026-04-15,000858,14:28:57,103.5800,5,2
2026-04-15,000858,14:29:00,103.5900,31,1
2026-04-15,000858,14:29:03,103.5800,4,2
2026-04-15,000858,14:29:09,103.5800,37,2
2026-04-15,000858,14:29:12,103.5800,94,2
2026-04-15,000858,14:29:15,103.5800,3,1
2026-04-15,000858,14:29:18,103.5900,30,1
2026-04-15,000858,14:29:21,103.5700,2,2
2026-04-15,000858,14:29:24,103.5800,1,1
2026-04-15,000858,14:29:27,103.5800,16,1
2026-04-15,000858,14:29:30,103.5800,11,1
2026-04-15,000858,14:29:33,103.5700,3,2
2026-04-15,000858,14:29:36,103.5700,4,2
2026-04-15,000858,14:29:39,103.5700,3,2
2026-04-15,000858,14:29:42,103.5700,6,2
2026-04-15,000858,14:29:45,103.5800,28,1
2026-04-15,000858,14:29:48,103.5800,4,1
2026-04-15,000858,14:29:51,103.5700,35,2
2026-04-15,000858,14:29:54,103.5600,2,2
2026-04-15,000858,14:29:57,103.5700,11,1
2026-04-15,000858,14:30:00,103.5700,9,2
2026-04-15,000858,14:30:03,103.5800,17,1
2026-04-15,000858,14:30:06,103.5700,18,2
2026-04-15,000858,14:30:09,103.5700,10,1
2026-04-15,000858,14:30:12,103.5600,6,2
2026-04-15,000858,14:30:15,103.5700,1,1
2026-04-15,000858,14:30:18,103.5700,16,1
2026-04-15,000858,14:30:24,103.5700,9,2
2026-04-15,000858,14:30:27,103.5700,19,2
2026-04-15,000858,14:30:30,103.5800,3,1
2026-04-15,000858,14:30:33,103.5700,7,2
2026-04-15,000858,14:30:36,103.5700,29,2
2026-04-15,000858,14:30:39,103.5700,18,2
2026-04-15,000858,14:30:45,103.5800,2,1
2026-04-15,000858,14:30:48,103.5700,11,2
2026-04-15,000858,14:30:51,103.5700,38,2
2026-04-15,000858,14:30:54,103.5500,59,2
2026-04-15,000858,14:30:57,103.5500,14,2
2026-04-15,000858,14:31:00,103.5500,15,2
2026-04-15,000858,14:31:03,103.5500,1,1
2026-04-15,000858,14:31:06,103.5400,13,2
2026-04-15,000858,14:31:09,103.5300,35,2
2026-04-15,000858,14:31:12,103.5000,140,2
2026-04-15,000858,14:31:15,103.5200,22,1
2026-04-15,000858,14:31:18,103.5000,4,2
2026-04-15,000858,14:31:21,103.4900,14,2
2026-04-15,000858,14:31:24,103.4900,3,2
2026-04-15,000858,14:31:27,103.4800,45,2
2026-04-15,000858,14:31:30,103.4800,4,1
2026-04-15,000858,14:31:33,103.4700,15,2
2026-04-15,000858,14:31:36,103.4700,21,2
2026-04-15,000858,14:31:39,103.4700,5,2
2026-04-15,000858,14:31:42,103.4700,3,2
2026-04-15,000858,14:31:45,103.4700,32,2
2026-04-15,000858,14:31:48,103.4700,1,2
2026-04-15,000858,14:31:54,103.4800,43,1
2026-04-15,000858,14:32:00,103.4800,8,1
2026-04-15,000858,14:32:03,103.4700,3,2
2026-04-15,000858,14:32:06,103.4700,82,2
2026-04-15,000858,14:32:09,103.4700,107,2
2026-04-15,000858,14:32:12,103.4700,1,1
2026-04-15,000858,14:32:15,103.4600,14,2
2026-04-15,000858,14:32:18,103.4600,8,2
2026-04-15,000858,14:32:21,103.4600,13,2
2026-04-15,000858,14:32:24,103.4600,14,2
2026-04-15,000858,14:32:27,103.4600,1,1
2026-04-15,000858,14:32:30,103.4500,7,2
2026-04-15,000858,14:32:33,103.4500,13,2
2026-04-15,000858,14:32:36,103.4400,10,2
2026-04-15,000858,14:32:39,103.4500,9,1
2026-04-15,000858,14:32:42,103.4400,5,2
2026-04-15,000858,14:32:45,103.4500,2,1
2026-04-15,000858,14:32:48,103.4500,16,1
2026-04-15,000858,14:32:51,103.4600,43,1
2026-04-15,000858,14:32:54,103.4500,5,2
2026-04-15,000858,14:32:57,103.4500,20,2
2026-04-15,000858,14:33:00,103.4500,4,2
2026-04-15,000858,14:33:03,103.4600,10,1
2026-04-15,000858,14:33:06,103.4700,67,1
2026-04-15,000858,14:33:09,103.4700,28,1
2026-04-15,000858,14:33:12,103.4700,34,1
2026-04-15,000858,14:33:15,103.4700,26,1
2026-04-15,000858,14:33:18,103.4600,4,2
2026-04-15,000858,14:33:21,103.4600,67,2
2026-04-15,000858,14:33:24,103.4600,5,1
2026-04-15,000858,14:33:27,103.4600,13,1
2026-04-15,000858,14:33:30,103.4600,18,1
2026-04-15,000858,14:33:33,103.4600,9,1
2026-04-15,000858,14:33:36,103.4600,18,1
2026-04-15,000858,14:33:39,103.4600,20,1
2026-04-15,000858,14:33:42,103.4600,6,1
2026-04-15,000858,14:33:45,103.4500,8,2
2026-04-15,000858,14:33:48,103.4600,21,1
2026-04-15,000858,14:33:51,103.4700,42,1
2026-04-15,000858,14:33:54,103.5300,482,1
2026-04-15,000858,14:33:57,103.5400,20,1
2026-04-15,000858,14:34:00,103.5500,2,1
2026-04-15,000858,14:34:03,103.5500,13,1
2026-04-15,000858,14:34:06,103.5600,45,1
2026-04-15,000858,14:34:09,103.5500,36,2
2026-04-15,000858,14:34:12,103.5600,7,1
2026-04-15,000858,14:34:15,103.5600,7,4
2026-04-15,000858,14:34:18,103.5700,6,1
2026-04-15,000858,14:34:21,103.5700,9,1
2026-04-15,000858,14:34:24,103.5500,42,2
2026-04-15,000858,14:34:27,103.5600,40,1
2026-04-15,000858,14:34:30,103.5600,5,1
2026-04-15,000858,14:34:33,103.5500,18,2
2026-04-15,000858,14:34:36,103.5500,47,2
2026-04-15,000858,14:34:39,103.5500,3,2
2026-04-15,000858,14:34:42,103.5500,12,2
2026-04-15,000858,14:34:45,103.5500,32,2
2026-04-15,000858,14:34:48,103.5500,13,2
2026-04-15,000858,14:34:51,103.5500,8,4
2026-04-15,000858,14:34:54,103.5500,16,1
2026-04-15,000858,14:34:57,103.5500,21,2
2026-04-15,000858,14:35:00,103.5600,36,1
2026-04-15,000858,14:35:03,103.5500,53,4
2026-04-15,000858,14:35:06,103.5600,8,1
2026-04-15,000858,14:35:09,103.5400,10,2
2026-04-15,000858,14:35:12,103.5400,4,2
2026-04-15,000858,14:35:15,103.5400,9,2
2026-04-15,000858,14:35:18,103.5400,16,2
2026-04-15,000858,14:35:21,103.5500,10,1
2026-04-15,000858,14:35:24,103.5400,2,2
2026-04-15,000858,14:35:27,103.5500,25,1
2026-04-15,000858,14:35:30,103.5500,7,2
2026-04-15,000858,14:35:33,103.5500,13,2
2026-04-15,000858,14:35:36,103.5500,15,2
2026-04-15,000858,14:35:39,103.5500,3,1
2026-04-15,000858,14:35:42,103.5500,47,1
2026-04-15,000858,14:35:45,103.5500,10,2
2026-04-15,000858,14:35:48,103.5500,19,2
2026-04-15,000858,14:35:51,103.5400,45,2
2026-04-15,000858,14:35:54,103.5500,4,1
2026-04-15,000858,14:36:00,103.5300,23,2
2026-04-15,000858,14:36:03,103.5500,23,1
2026-04-15,000858,14:36:06,103.5500,8,1
2026-04-15,000858,14:36:09,103.5800,262,1
2026-04-15,000858,14:36:12,103.5800,59,2
2026-04-15,000858,14:36:15,103.5800,89,2
2026-04-15,000858,14:36:18,103.5800,22,2
2026-04-15,000858,14:36:21,103.6000,16,1
2026-04-15,000858,14:36:24,103.5900,22,2
2026-04-15,000858,14:36:27,103.5900,2,2
2026-04-15,000858,14:36:30,103.5900,8,2
2026-04-15,000858,14:36:33,103.5900,17,2
2026-04-15,000858,14:36:39,103.5900,8,2
2026-04-15,000858,14:36:42,103.5900,45,2
2026-04-15,000858,14:36:45,103.5800,30,2
2026-04-15,000858,14:36:48,103.5900,1,1
2026-04-15,000858,14:36:54,103.5800,5,2
2026-04-15,000858,14:36:57,103.5800,26,2
2026-04-15,000858,14:37:03,103.5700,4,2
2026-04-15,000858,14:37:06,103.5700,7,2
2026-04-15,000858,14:37:09,103.5700,3,2
2026-04-15,000858,14:37:12,103.5700,4,2
2026-04-15,000858,14:37:15,103.5700,19,2
2026-04-15,000858,14:37:18,103.5600,17,2
2026-04-15,000858,14:37:24,103.5700,104,1
2026-04-15,000858,14:37:27,103.5700,13,1
2026-04-15,000858,14:37:30,103.5700,12,4
2026-04-15,000858,14:37:33,103.5600,29,2
2026-04-15,000858,14:37:36,103.5700,19,2
2026-04-15,000858,14:37:39,103.5700,13,2
2026-04-15,000858,14:37:42,103.5700,19,2
2026-04-15,000858,14:37:45,103.5700,2,2
2026-04-15,000858,14:37:48,103.5800,6,1
2026-04-15,000858,14:37:51,103.5800,6,1
2026-04-15,000858,14:37:54,103.5700,5,2
2026-04-15,000858,14:37:57,103.5700,33,2
2026-04-15,000858,14:38:00,103.5600,16,2
2026-04-15,000858,14:38:03,103.5600,1,2
2026-04-15,000858,14:38:06,103.5700,38,1
2026-04-15,000858,14:38:09,103.5600,4,2
2026-04-15,000858,14:38:12,103.5700,1,1
2026-04-15,000858,14:38:15,103.5600,10,2
2026-04-15,000858,14:38:18,103.5700,17,1
2026-04-15,000858,14:38:21,103.5700,22,1
2026-04-15,000858,14:38:24,103.5800,28,1
2026-04-15,000858,14:38:27,103.5700,8,2
2026-04-15,000858,14:38:30,103.5800,4,1
2026-04-15,000858,14:38:33,103.5800,10,1
2026-04-15,000858,14:38:36,103.5700,22,2
2026-04-15,000858,14:38:42,103.5800,2,1
2026-04-15,000858,14:38:45,103.5800,11,1
2026-04-15,000858,14:38:48,103.5700,19,2
2026-04-15,000858,14:38:51,103.5700,5,2
2026-04-15,000858,14:38:54,103.5700,8,2
2026-04-15,000858,14:38:57,103.5700,1,2
2026-04-15,000858,14:39:00,103.5800,90,1
2026-04-15,000858,14:39:03,103.5700,34,2
2026-04-15,000858,14:39:06,103.5700,11,2
2026-04-15,000858,14:39:09,103.5700,4,1
2026-04-15,000858,14:39:12,103.5600,6,2
2026-04-15,000858,14:39:15,103.5700,2,1
2026-04-15,000858,14:39:18,103.5700,6,1
2026-04-15,000858,14:39:21,103.5600,93,2
2026-04-15,000858,14:39:24,103.5500,24,2
2026-04-15,000858,14:39:27,103.5600,11,1
2026-04-15,000858,14:39:30,103.5600,9,1
2026-04-15,000858,14:39:33,103.5500,15,2
2026-04-15,000858,14:39:36,103.5600,17,1
2026-04-15,000858,14:39:39,103.5500,8,2
2026-04-15,000858,14:39:42,103.5500,28,2
2026-04-15,000858,14:39:45,103.5600,10,1
2026-04-15,000858,14:39:48,103.5600,73,1
2026-04-15,000858,14:39:51,103.5600,9,2
2026-04-15,000858,14:39:54,103.5700,32,1
2026-04-15,000858,14:39:57,103.5700,28,1
2026-04-15,000858,14:40:00,103.5700,19,2
2026-04-15,000858,14:40:03,103.5800,9,1
2026-04-15,000858,14:40:06,103.5700,15,2
2026-04-15,000858,14:40:09,103.5900,8,1
2026-04-15,000858,14:40:12,103.5800,13,4
2026-04-15,000858,14:40:15,103.5800,8,1
2026-04-15,000858,14:40:18,103.5700,39,2
2026-04-15,000858,14:40:21,103.5800,23,4
2026-04-15,000858,14:40:24,103.5700,12,2
2026-04-15,000858,14:40:27,103.5700,6,2
2026-04-15,000858,14:40:30,103.5700,1,2
2026-04-15,000858,14:40:33,103.5700,7,2
2026-04-15,000858,14:40:36,103.5700,23,2
2026-04-15,000858,14:40:39,103.5700,23,2
2026-04-15,000858,14:40:42,103.5600,7,2
2026-04-15,000858,14:40:45,103.5700,6,1
2026-04-15,000858,14:40:48,103.5600,14,2
2026-04-15,000858,14:40:51,103.5600,5,2
2026-04-15,000858,14:40:57,103.5600,4,2
2026-04-15,000858,14:41:00,103.5600,13,2
2026-04-15,000858,14:41:03,103.5600,97,2
2026-04-15,000858,14:41:06,103.5600,27,2
2026-04-15,000858,14:41:09,103.5500,4,2
2026-04-15,000858,14:41:12,103.5400,18,2
2026-04-15,000858,14:41:15,103.5200,15,2
2026-04-15,000858,14:41:18,103.5200,2,2
2026-04-15,000858,14:41:21,103.5200,4,2
2026-04-15,000858,14:41:24,103.5200,3,2
2026-04-15,000858,14:41:27,103.5100,8,2
2026-04-15,000858,14:41:30,103.5200,8,1
2026-04-15,000858,14:41:33,103.5100,8,2
2026-04-15,000858,14:41:36,103.5100,12,2
2026-04-15,000858,14:41:39,103.5100,3,2
2026-04-15,000858,14:41:42,103.5000,29,2
2026-04-15,000858,14:41:45,103.5000,1,2
2026-04-15,000858,14:41:51,103.5000,26,2
2026-04-15,000858,14:41:54,103.5000,39,2
2026-04-15,000858,14:41:57,103.5000,11,2
2026-04-15,000858,14:42:00,103.4900,37,2
2026-04-15,000858,14:42:03,103.5000,11,1
2026-04-15,000858,14:42:06,103.5000,37,1
2026-04-15,000858,14:42:09,103.5100,14,1
2026-04-15,000858,14:42:12,103.5000,15,2
2026-04-15,000858,14:42:15,103.4900,9,2
2026-04-15,000858,14:42:18,103.5000,36,1
2026-04-15,000858,14:42:21,103.5100,3,1
2026-04-15,000858,14:42:27,103.5000,4,1
2026-04-15,000858,14:42:30,103.5000,4,1
2026-04-15,000858,14:42:33,103.4900,4,2
2026-04-15,000858,14:42:36,103.5000,5,1
2026-04-15,000858,14:42:39,103.4900,2,2
2026-04-15,000858,14:42:42,103.5000,28,1
2026-04-15,000858,14:42:45,103.4900,14,2
2026-04-15,000858,14:42:48,103.5000,21,1
2026-04-15,000858,14:42:51,103.5100,47,1
2026-04-15,000858,14:42:54,103.5000,32,2
2026-04-15,000858,14:42:57,103.5000,32,2
2026-04-15,000858,14:43:00,103.5100,15,4
2026-04-15,000858,14:43:03,103.5000,71,2
2026-04-15,000858,14:43:06,103.5100,33,2
2026-04-15,000858,14:43:09,103.5100,13,1
2026-04-15,000858,14:43:12,103.5100,12,1
2026-04-15,000858,14:43:15,103.5100,11,1
2026-04-15,000858,14:43:18,103.5100,11,1
2026-04-15,000858,14:43:21,103.5100,20,2
2026-04-15,000858,14:43:24,103.5100,4,2
2026-04-15,000858,14:43:27,103.5100,18,2
2026-04-15,000858,14:43:33,103.5100,2,2
2026-04-15,000858,14:43:36,103.5100,4,2
2026-04-15,000858,14:43:39,103.5100,18,2
2026-04-15,000858,14:43:42,103.5100,23,2
2026-04-15,000858,14:43:45,103.5200,6,1
2026-04-15,000858,14:43:48,103.5300,14,1
2026-04-15,000858,14:43:51,103.5200,17,2
2026-04-15,000858,14:43:54,103.5200,4,2
2026-04-15,000858,14:44:00,103.5300,10,1
2026-04-15,000858,14:44:03,103.5200,24,2
2026-04-15,000858,14:44:06,103.5200,5,2
2026-04-15,000858,14:44:09,103.5300,23,2
2026-04-15,000858,14:44:12,103.5300,2,2
2026-04-15,000858,14:44:15,103.5200,20,2
2026-04-15,000858,14:44:18,103.5200,3,2
2026-04-15,000858,14:44:21,103.5200,5,2
2026-04-15,000858,14:44:24,103.5200,10,2
2026-04-15,000858,14:44:27,103.5000,99,2
2026-04-15,000858,14:44:30,103.5000,3,2
2026-04-15,000858,14:44:33,103.5000,5,2
2026-04-15,000858,14:44:36,103.5100,2,4
2026-04-15,000858,14:44:39,103.5100,5,4
2026-04-15,000858,14:44:42,103.5200,9,1
2026-04-15,000858,14:44:45,103.5000,2,2
2026-04-15,000858,14:44:48,103.5200,1,1
2026-04-15,000858,14:44:51,103.5200,10,1
2026-04-15,000858,14:44:54,103.5200,15,1
2026-04-15,000858,14:44:57,103.5100,14,2
2026-04-15,000858,14:45:00,103.5200,1,1
2026-04-15,000858,14:45:03,103.5100,23,2
2026-04-15,000858,14:45:09,103.5100,8,2
2026-04-15,000858,14:45:12,103.5100,21,2
2026-04-15,000858,14:45:15,103.5100,44,2
2026-04-15,000858,14:45:18,103.5200,102,1
2026-04-15,000858,14:45:21,103.5300,18,1
2026-04-15,000858,14:45:24,103.5300,10,1
2026-04-15,000858,14:45:27,103.5300,20,1
2026-04-15,000858,14:45:30,103.5300,59,1
2026-04-15,000858,14:45:33,103.5200,2,4
2026-04-15,000858,14:45:36,103.5300,12,1
2026-04-15,000858,14:45:39,103.5200,6,1
2026-04-15,000858,14:45:42,103.5300,4,1
2026-04-15,000858,14:45:45,103.5200,22,1
2026-04-15,000858,14:45:48,103.5200,27,2
2026-04-15,000858,14:45:51,103.5200,18,2
2026-04-15,000858,14:45:54,103.5200,6,1
2026-04-15,000858,14:45:57,103.5100,9,2
2026-04-15,000858,14:46:00,103.5100,12,2
2026-04-15,000858,14:46:03,103.5200,3,1
2026-04-15,000858,14:46:06,103.5100,7,2
2026-04-15,000858,14:46:09,103.5200,13,1
2026-04-15,000858,14:46:12,103.5100,19,2
2026-04-15,000858,14:46:15,103.5200,7,1
2026-04-15,000858,14:46:18,103.5200,9,2
2026-04-15,000858,14:46:21,103.5200,53,2
2026-04-15,000858,14:46:24,103.5200,27,2
2026-04-15,000858,14:46:27,103.5200,4,1
2026-04-15,000858,14:46:30,103.5200,1,1
2026-04-15,000858,14:46:33,103.5200,13,1
2026-04-15,000858,14:46:36,103.5100,11,2
2026-04-15,000858,14:46:39,103.5200,18,1
2026-04-15,000858,14:46:42,103.5100,5,2
2026-04-15,000858,14:46:45,103.5100,29,2
2026-04-15,000858,14:46:48,103.5100,14,2
2026-04-15,000858,14:46:51,103.5100,101,2
2026-04-15,000858,14:46:54,103.5200,29,1
2026-04-15,000858,14:46:57,103.5100,4,4
2026-04-15,000858,14:47:00,103.5000,8,2
2026-04-15,000858,14:47:03,103.5100,4,1
2026-04-15,000858,14:47:06,103.5000,1,2
2026-04-15,000858,14:47:09,103.5000,27,2
2026-04-15,000858,14:47:12,103.5000,14,2
2026-04-15,000858,14:47:15,103.5000,47,2
2026-04-15,000858,14:47:18,103.5000,4,2
2026-04-15,000858,14:47:21,103.5000,8,4
2026-04-15,000858,14:47:24,103.5000,9,2
2026-04-15,000858,14:47:27,103.5000,103,2
2026-04-15,000858,14:47:30,103.5000,2,1
2026-04-15,000858,14:47:33,103.5000,10,1
2026-04-15,000858,14:47:36,103.5000,8,1
2026-04-15,000858,14:47:39,103.4900,1,2
2026-04-15,000858,14:47:42,103.4900,37,2
2026-04-15,000858,14:47:45,103.5000,8,1
2026-04-15,000858,14:47:48,103.4900,19,2
2026-04-15,000858,14:47:51,103.5000,1,1
2026-04-15,000858,14:47:54,103.5000,12,1
2026-04-15,000858,14:47:57,103.5100,79,1
2026-04-15,000858,14:48:00,103.5100,57,1
2026-04-15,000858,14:48:03,103.5100,30,2
2026-04-15,000858,14:48:06,103.5100,44,2
2026-04-15,000858,14:48:09,103.5100,11,1
2026-04-15,000858,14:48:12,103.5100,6,1
2026-04-15,000858,14:48:15,103.5000,6,2
2026-04-15,000858,14:48:18,103.5100,12,1
2026-04-15,000858,14:48:21,103.5000,14,2
2026-04-15,000858,14:48:24,103.5000,54,2
2026-04-15,000858,14:48:27,103.5100,29,1
2026-04-15,000858,14:48:30,103.5000,31,2
2026-04-15,000858,14:48:33,103.5100,26,1
2026-04-15,000858,14:48:36,103.5100,77,1
2026-04-15,000858,14:48:39,103.5100,25,1
2026-04-15,000858,14:48:42,103.5100,15,1
2026-04-15,000858,14:48:45,103.5100,24,1
2026-04-15,000858,14:48:48,103.5000,27,2
2026-04-15,000858,14:48:51,103.5000,7,2
2026-04-15,000858,14:48:54,103.5000,12,1
2026-04-15,000858,14:48:57,103.5000,16,1
2026-04-15,000858,14:49:00,103.5000,27,2
2026-04-15,000858,14:49:03,103.5100,45,1
2026-04-15,000858,14:49:06,103.5000,9,2
2026-04-15,000858,14:49:09,103.5100,4,1
2026-04-15,000858,14:49:12,103.5100,2,1
2026-04-15,000858,14:49:15,103.5100,52,1
2026-04-15,000858,14:49:18,103.5100,18,1
2026-04-15,000858,14:49:21,103.5100,21,1
2026-04-15,000858,14:49:24,103.5100,15,1
2026-04-15,000858,14:49:27,103.5100,30,1
2026-04-15,000858,14:49:30,103.5100,86,1
2026-04-15,000858,14:49:33,103.5100,35,2
2026-04-15,000858,14:49:36,103.5100,30,2
2026-04-15,000858,14:49:39,103.5100,56,2
2026-04-15,000858,14:49:42,103.5100,5,2
2026-04-15,000858,14:49:45,103.5200,21,1
2026-04-15,000858,14:49:48,103.5200,19,1
2026-04-15,000858,14:49:51,103.5200,36,1
2026-04-15,000858,14:49:54,103.5200,3,2
2026-04-15,000858,14:49:57,103.5000,10,2
2026-04-15,000858,14:50:00,103.5300,48,1
2026-04-15,000858,14:50:03,103.5200,10,1
2026-04-15,000858,14:50:06,103.5100,1,4
2026-04-15,000858,14:50:09,103.5200,29,1
2026-04-15,000858,14:50:12,103.5200,33,1
2026-04-15,000858,14:50:15,103.5300,51,1
2026-04-15,000858,14:50:18,103.5200,35,2
2026-04-15,000858,14:50:21,103.5200,16,1
2026-04-15,000858,14:50:24,103.5100,10,2
2026-04-15,000858,14:50:27,103.5200,7,4
2026-04-15,000858,14:50:30,103.5200,18,1
2026-04-15,000858,14:50:33,103.5200,9,2
2026-04-15,000858,14:50:36,103.5300,8,1
2026-04-15,000858,14:50:39,103.5200,2,2
2026-04-15,000858,14:50:42,103.5300,37,1
2026-04-15,000858,14:50:45,103.5200,66,2
2026-04-15,000858,14:50:48,103.5300,20,1
2026-04-15,000858,14:50:51,103.5300,8,2
2026-04-15,000858,14:50:54,103.5300,8,2
2026-04-15,000858,14:50:57,103.5300,23,2
2026-04-15,000858,14:51:00,103.5200,50,2
2026-04-15,000858,14:51:03,103.5400,62,1
2026-04-15,000858,14:51:06,103.5400,4,2
2026-04-15,000858,14:51:09,103.5400,5,2
2026-04-15,000858,14:51:12,103.5400,25,2
2026-04-15,000858,14:51:15,103.5400,3,2
2026-04-15,000858,14:51:18,103.5400,14,2
2026-04-15,000858,14:51:21,103.5400,5,2
2026-04-15,000858,14:51:24,103.5300,30,2
2026-04-15,000858,14:51:27,103.5500,13,1
2026-04-15,000858,14:51:30,103.5500,6,1
2026-04-15,000858,14:51:33,103.5500,26,1
2026-04-15,000858,14:51:36,103.5500,4,1
2026-04-15,000858,14:51:39,103.5400,12,2
2026-04-15,000858,14:51:42,103.5500,4,1
2026-04-15,000858,14:51:45,103.5500,31,1
2026-04-15,000858,14:51:48,103.5500,15,1
2026-04-15,000858,14:51:51,103.5500,9,1
2026-04-15,000858,14:51:54,103.5400,7,2
2026-04-15,000858,14:51:57,103.5500,1,1
2026-04-15,000858,14:52:00,103.5400,1,2
2026-04-15,000858,14:52:03,103.5400,58,2
2026-04-15,000858,14:52:06,103.5300,1,2
2026-04-15,000858,14:52:09,103.5300,7,2
2026-04-15,000858,14:52:12,103.5300,15,2
2026-04-15,000858,14:52:15,103.5300,20,2
2026-04-15,000858,14:52:18,103.5400,6,1
2026-04-15,000858,14:52:21,103.5300,8,2
2026-04-15,000858,14:52:24,103.5300,15,2
2026-04-15,000858,14:52:27,103.5300,7,2
2026-04-15,000858,14:52:30,103.5300,11,2
2026-04-15,000858,14:52:33,103.5300,22,2
2026-04-15,000858,14:52:36,103.5300,19,2
2026-04-15,000858,14:52:39,103.5300,10,2
2026-04-15,000858,14:52:42,103.5300,9,2
2026-04-15,000858,14:52:45,103.5300,11,2
2026-04-15,000858,14:52:48,103.5400,8,1
2026-04-15,000858,14:52:51,103.5400,13,1
2026-04-15,000858,14:52:54,103.5300,20,2
2026-04-15,000858,14:52:57,103.5400,6,1
2026-04-15,000858,14:53:00,103.5300,40,2
2026-04-15,000858,14:53:03,103.5300,45,2
2026-04-15,000858,14:53:06,103.5300,51,2
2026-04-15,000858,14:53:09,103.5400,15,4
2026-04-15,000858,14:53:12,103.5400,29,1
2026-04-15,000858,14:53:15,103.5300,24,4
2026-04-15,000858,14:53:18,103.5200,4,2
2026-04-15,000858,14:53:21,103.5200,2,2
2026-04-15,000858,14:53:24,103.5200,28,2
2026-04-15,000858,14:53:27,103.5400,45,1
2026-04-15,000858,14:53:30,103.5200,8,2
2026-04-15,000858,14:53:33,103.5200,30,2
2026-04-15,000858,14:53:36,103.5200,47,2
2026-04-15,000858,14:53:39,103.5100,14,2
2026-04-15,000858,14:53:42,103.5200,59,1
2026-04-15,000858,14:53:45,103.5100,15,2
2026-04-15,000858,14:53:48,103.5100,48,2
2026-04-15,000858,14:53:51,103.5100,98,4
2026-04-15,000858,14:53:54,103.5000,6,2
2026-04-15,000858,14:53:57,103.5000,11,2
2026-04-15,000858,14:54:00,103.5000,107,2
2026-04-15,000858,14:54:03,103.5000,34,1
2026-04-15,000858,14:54:06,103.5000,11,1
2026-04-15,000858,14:54:09,103.5000,23,1
2026-04-15,000858,14:54:12,103.4900,54,2
2026-04-15,000858,14:54:15,103.4900,8,1
2026-04-15,000858,14:54:18,103.4900,11,1
2026-04-15,000858,14:54:21,103.4900,16,2
2026-04-15,000858,14:54:24,103.5100,58,1
2026-04-15,000858,14:54:27,103.4900,28,2
2026-04-15,000858,14:54:30,103.4900,12,2
2026-04-15,000858,14:54:33,103.5000,8,4
2026-04-15,000858,14:54:36,103.4900,34,2
2026-04-15,000858,14:54:39,103.5000,8,2
2026-04-15,000858,14:54:42,103.5100,16,1
2026-04-15,000858,14:54:45,103.5000,16,2
2026-04-15,000858,14:54:48,103.5100,1,4
2026-04-15,000858,14:54:51,103.5100,34,2
2026-04-15,000858,14:54:54,103.5000,14,2
2026-04-15,000858,14:54:57,103.5000,4,1
2026-04-15,000858,14:55:00,103.5000,29,1
2026-04-15,000858,14:55:03,103.5000,6,1
2026-04-15,000858,14:55:06,103.5000,37,1
2026-04-15,000858,14:55:09,103.5000,14,1
2026-04-15,000858,14:55:12,103.5000,21,2
2026-04-15,000858,14:55:15,103.4900,7,2
2026-04-15,000858,14:55:18,103.5000,31,4
2026-04-15,000858,14:55:21,103.5100,16,1
2026-04-15,000858,14:55:24,103.5000,23,4
2026-04-15,000858,14:55:27,103.5100,39,1
2026-04-15,000858,14:55:30,103.4900,39,2
2026-04-15,000858,14:55:33,103.4900,26,2
2026-04-15,000858,14:55:36,103.5000,38,1
2026-04-15,000858,14:55:39,103.5000,20,2
2026-04-15,000858,14:55:42,103.5100,13,1
2026-04-15,000858,14:55:45,103.5000,13,2
2026-04-15,000858,14:55:48,103.5100,29,1
2026-04-15,000858,14:55:51,103.5100,47,1
2026-04-15,000858,14:55:54,103.5100,8,1
2026-04-15,000858,14:55:57,103.4900,50,2
2026-04-15,000858,14:56:00,103.5000,9,1
2026-04-15,000858,14:56:03,103.5000,22,1
2026-04-15,000858,14:56:06,103.5000,25,1
2026-04-15,000858,14:56:09,103.5000,11,1
2026-04-15,000858,14:56:12,103.5000,16,1
2026-04-15,000858,14:56:15,103.4900,39,2
2026-04-15,000858,14:56:18,103.5000,14,1
2026-04-15,000858,14:56:21,103.5000,28,1
2026-04-15,000858,14:56:24,103.5000,49,1
2026-04-15,000858,14:56:27,103.5000,125,1
2026-04-15,000858,14:56:30,103.4900,65,2
2026-04-15,000858,14:56:33,103.5000,112,1
2026-04-15,000858,14:56:36,103.5300,37,1
2026-04-15,000858,14:56:39,103.5000,31,2
2026-04-15,000858,14:56:42,103.5100,4,2
2026-04-15,000858,14:56:45,103.5300,14,1
2026-04-15,000858,14:56:48,103.5100,27,2
2026-04-15,000858,14:56:51,103.5200,3,1
2026-04-15,000858,14:56:54,103.5200,20,1
2026-04-15,000858,14:56:57,103.5200,6,1
2026-04-15,000858,14:57:00,103.5100,18,2
2026-04-15,000858,15:00:01,103.5500,1661,4
2026-04-15,000858,13:10:09,103.1400,9,2
2026-04-15,000858,13:10:12,103.1600,4,1
2026-04-15,000858,13:10:15,103.1600,8,2
2026-04-15,000858,13:10:18,103.1800,16,1
2026-04-15,000858,13:10:21,103.1800,7,1
2026-04-15,000858,13:10:24,103.1700,2,2
2026-04-15,000858,13:10:27,103.1800,4,1
2026-04-15,000858,13:10:30,103.1800,2,1
2026-04-15,000858,13:10:33,103.1900,12,1
2026-04-15,000858,13:10:36,103.1800,12,2
2026-04-15,000858,13:10:39,103.1800,3,2
2026-04-15,000858,13:10:42,103.1800,4,2
2026-04-15,000858,13:10:45,103.1900,46,1
2026-04-15,000858,13:10:48,103.2000,1,1
2026-04-15,000858,13:10:51,103.1900,76,2
2026-04-15,000858,13:10:57,103.1900,2,2
2026-04-15,000858,13:11:00,103.2000,3,1
2026-04-15,000858,13:11:03,103.1900,1,2
2026-04-15,000858,13:11:06,103.1900,13,2
2026-04-15,000858,13:11:09,103.1900,29,2
2026-04-15,000858,13:11:12,103.1900,115,2
2026-04-15,000858,13:11:15,103.1900,2,1
2026-04-15,000858,13:11:18,103.1800,4,1
2026-04-15,000858,13:11:24,103.1600,1,2
2026-04-15,000858,13:11:27,103.1600,6,2
2026-04-15,000858,13:11:30,103.1500,15,2
2026-04-15,000858,13:11:36,103.1500,3,1
2026-04-15,000858,13:11:39,103.1400,3,2
2026-04-15,000858,13:11:42,103.1400,4,2
2026-04-15,000858,13:11:45,103.1400,1,2
2026-04-15,000858,13:11:48,103.1400,17,2
2026-04-15,000858,13:11:51,103.1400,2,2
2026-04-15,000858,13:11:54,103.1400,22,2
2026-04-15,000858,13:11:57,103.1400,12,1
2026-04-15,000858,13:12:00,103.1300,8,2
2026-04-15,000858,13:12:06,103.1300,2,1
2026-04-15,000858,13:12:09,103.1300,3,1
2026-04-15,000858,13:12:12,103.1300,25,1
2026-04-15,000858,13:12:15,103.1300,20,1
2026-04-15,000858,13:12:18,103.1500,11,1
2026-04-15,000858,13:12:21,103.1600,13,1
2026-04-15,000858,13:12:24,103.1500,15,1
2026-04-15,000858,13:12:30,103.1800,7,1
2026-04-15,000858,13:12:33,103.1900,12,1
2026-04-15,000858,13:12:36,103.2000,6,1
2026-04-15,000858,13:12:39,103.2000,15,1
2026-04-15,000858,13:12:42,103.1900,6,2
2026-04-15,000858,13:12:45,103.2000,1,1
2026-04-15,000858,13:12:51,103.2000,10,1
2026-04-15,000858,13:12:54,103.2000,15,2
2026-04-15,000858,13:12:57,103.2000,9,2
2026-04-15,000858,13:13:00,103.2100,3,1
2026-04-15,000858,13:13:03,103.2000,10,2
2026-04-15,000858,13:13:09,103.2000,15,2
2026-04-15,000858,13:13:12,103.2000,1,1
2026-04-15,000858,13:13:15,103.2000,14,1
2026-04-15,000858,13:13:18,103.1900,31,2
2026-04-15,000858,13:13:21,103.2000,5,1
2026-04-15,000858,13:13:24,103.1900,9,2
2026-04-15,000858,13:13:27,103.2000,2,1
2026-04-15,000858,13:13:30,103.1900,4,2
2026-04-15,000858,13:13:33,103.1900,3,2
2026-04-15,000858,13:13:36,103.2000,1,1
2026-04-15,000858,13:13:45,103.2000,2,1
2026-04-15,000858,13:13:48,103.1900,5,2
2026-04-15,000858,13:13:51,103.1900,18,2
2026-04-15,000858,13:13:54,103.1800,4,2
2026-04-15,000858,13:13:57,103.1800,18,2
2026-04-15,000858,13:14:00,103.1800,16,2
2026-04-15,000858,13:14:03,103.1900,19,1
2026-04-15,000858,13:14:06,103.2100,71,1
2026-04-15,000858,13:14:09,103.2100,12,1
2026-04-15,000858,13:14:12,103.2100,30,1
2026-04-15,000858,13:14:15,103.2200,37,1
2026-04-15,000858,13:14:18,103.2200,35,1
2026-04-15,000858,13:14:21,103.2300,17,1
2026-04-15,000858,13:14:24,103.2300,10,1
2026-04-15,000858,13:14:27,103.2300,53,1
2026-04-15,000858,13:14:30,103.2600,95,1
2026-04-15,000858,13:14:33,103.2500,13,4
2026-04-15,000858,13:14:36,103.2600,2,2
2026-04-15,000858,13:14:39,103.2500,3,2
2026-04-15,000858,13:14:42,103.2600,8,1
2026-04-15,000858,13:14:48,103.2600,11,1
2026-04-15,000858,13:14:51,103.2600,31,1
2026-04-15,000858,13:14:54,103.2700,10,1
2026-04-15,000858,13:14:57,103.2600,16,2
2026-04-15,000858,13:15:00,103.2600,27,2
2026-04-15,000858,13:15:03,103.2600,2,2
2026-04-15,000858,13:15:06,103.2800,1,1
2026-04-15,000858,13:15:09,103.2700,4,2
2026-04-15,000858,13:15:12,103.2800,16,1
2026-04-15,000858,13:15:15,103.2800,32,1
2026-04-15,000858,13:15:18,103.2800,4,1
2026-04-15,000858,13:15:21,103.2700,3,2
2026-04-15,000858,13:15:24,103.2800,43,1
2026-04-15,000858,13:15:27,103.2600,14,2
2026-04-15,000858,13:15:30,103.2700,1,2
2026-04-15,000858,13:15:33,103.2700,11,2
2026-04-15,000858,13:15:36,103.2700,18,2
2026-04-15,000858,13:15:39,103.2700,6,2
2026-04-15,000858,13:15:42,103.2800,3,1
2026-04-15,000858,13:15:45,103.2700,5,2
2026-04-15,000858,13:15:48,103.2800,3,1
2026-04-15,000858,13:15:51,103.2800,5,1
2026-04-15,000858,13:15:54,103.2800,17,1
2026-04-15,000858,13:15:57,103.2800,7,1
2026-04-15,000858,13:16:00,103.2800,1,1
2026-04-15,000858,13:16:03,103.2700,15,2
2026-04-15,000858,13:16:06,103.2700,10,2
2026-04-15,000858,13:16:18,103.2800,11,1
2026-04-15,000858,13:16:21,103.2800,3,2
2026-04-15,000858,13:16:24,103.2700,37,2
2026-04-15,000858,13:16:27,103.2900,8,1
2026-04-15,000858,13:16:33,103.2900,36,1
2026-04-15,000858,13:16:36,103.2900,5,2
2026-04-15,000858,13:16:39,103.2900,30,1
2026-04-15,000858,13:16:42,103.2900,1,2
2026-04-15,000858,13:16:48,103.2900,29,2
2026-04-15,000858,13:16:51,103.2900,17,1
2026-04-15,000858,13:17:00,103.2800,2,2
2026-04-15,000858,13:17:03,103.2800,2,2
2026-04-15,000858,13:17:06,103.2800,26,2
2026-04-15,000858,13:17:09,103.2900,26,1
2026-04-15,000858,13:17:15,103.2700,5,2
2026-04-15,000858,13:17:18,103.2800,9,1
2026-04-15,000858,13:17:21,103.2700,45,2
2026-04-15,000858,13:17:24,103.2600,5,2
2026-04-15,000858,13:17:27,103.2700,28,1
2026-04-15,000858,13:17:30,103.2700,23,1
2026-04-15,000858,13:17:33,103.2600,36,2
2026-04-15,000858,13:17:39,103.2600,1,1
2026-04-15,000858,13:17:42,103.2600,3,1
2026-04-15,000858,13:17:45,103.2500,3,2
2026-04-15,000858,13:17:48,103.2500,27,2
2026-04-15,000858,13:17:51,103.2500,11,2
2026-04-15,000858,13:17:54,103.2500,11,2
2026-04-15,000858,13:17:57,103.2600,26,1
2026-04-15,000858,13:18:00,103.2500,34,2
2026-04-15,000858,13:18:03,103.2500,4,1
2026-04-15,000858,13:18:06,103.2700,39,1
2026-04-15,000858,13:18:09,103.2700,2,2
2026-04-15,000858,13:18:12,103.2900,45,1
2026-04-15,000858,13:18:18,103.2900,10,1
2026-04-15,000858,13:18:24,103.2900,34,2
2026-04-15,000858,13:18:27,103.2900,27,2
2026-04-15,000858,13:18:30,103.3000,7,1
2026-04-15,000858,13:18:33,103.2900,21,2
2026-04-15,000858,13:18:36,103.3000,10,1
2026-04-15,000858,13:18:39,103.3000,15,1
2026-04-15,000858,13:18:42,103.3000,116,1
2026-04-15,000858,13:18:45,103.3300,321,1
2026-04-15,000858,13:18:48,103.3400,26,1
2026-04-15,000858,13:18:51,103.3300,4,2
2026-04-15,000858,13:18:54,103.3300,14,2
2026-04-15,000858,13:19:00,103.3600,10,1
2026-04-15,000858,13:19:03,103.3500,4,2
2026-04-15,000858,13:19:06,103.3600,21,1
2026-04-15,000858,13:19:09,103.3700,16,1
2026-04-15,000858,13:19:12,103.3700,15,1
2026-04-15,000858,13:19:15,103.3700,17,1
2026-04-15,000858,13:19:18,103.3700,7,1
2026-04-15,000858,13:19:21,103.3700,14,1
2026-04-15,000858,13:19:24,103.3700,6,2
2026-04-15,000858,13:19:27,103.3800,13,1
2026-04-15,000858,13:19:30,103.3800,32,1
2026-04-15,000858,13:19:33,103.3700,1,2
2026-04-15,000858,13:19:36,103.3700,6,2
2026-04-15,000858,13:19:39,103.3900,25,1
2026-04-15,000858,13:19:42,103.3800,15,2
2026-04-15,000858,13:19:45,103.3700,3,2
2026-04-15,000858,13:19:48,103.3900,4,1
2026-04-15,000858,13:19:51,103.4000,102,1
2026-04-15,000858,13:19:54,103.3700,15,2
2026-04-15,000858,13:19:57,103.3700,5,2
2026-04-15,000858,13:20:00,103.3800,70,1
2026-04-15,000858,13:20:03,103.3900,16,1
2026-04-15,000858,13:20:06,103.3700,6,2
2026-04-15,000858,13:20:09,103.3700,13,2
2026-04-15,000858,13:20:12,103.3800,8,1
2026-04-15,000858,13:20:15,103.3800,1,1
2026-04-15,000858,13:20:18,103.3700,5,2
2026-04-15,000858,13:20:30,103.3800,1,1
2026-04-15,000858,13:20:33,103.3800,15,1
2026-04-15,000858,13:20:36,103.3800,15,1
2026-04-15,000858,13:20:39,103.3900,61,1
2026-04-15,000858,13:20:42,103.3800,2,2
2026-04-15,000858,13:20:45,103.3900,13,1
2026-04-15,000858,13:20:48,103.3800,4,2
2026-04-15,000858,13:20:51,103.3800,35,2
2026-04-15,000858,13:20:54,103.3800,13,2
2026-04-15,000858,13:20:57,103.3900,8,1
2026-04-15,000858,13:21:00,103.3800,14,2
2026-04-15,000858,13:21:03,103.3700,1,2
2026-04-15,000858,13:21:06,103.3700,6,2
2026-04-15,000858,13:21:09,103.3300,121,2
2026-04-15,000858,13:21:12,103.3300,16,2
2026-04-15,000858,13:21:15,103.3300,2,2
2026-04-15,000858,13:21:18,103.3300,15,2
2026-04-15,000858,13:21:21,103.3300,3,2
2026-04-15,000858,13:21:24,103.3300,12,2
2026-04-15,000858,13:21:27,103.3300,4,2
2026-04-15,000858,13:21:30,103.3300,22,2
2026-04-15,000858,13:21:33,103.3300,3,2
2026-04-15,000858,13:21:36,103.3600,20,1
2026-04-15,000858,13:21:39,103.3400,6,2
2026-04-15,000858,13:21:42,103.3800,31,1
2026-04-15,000858,13:21:45,103.3400,5,2
2026-04-15,000858,13:21:48,103.3600,13,2
2026-04-15,000858,13:21:51,103.3600,10,2
2026-04-15,000858,13:21:54,103.3600,17,2
2026-04-15,000858,13:21:57,103.3600,1,2
2026-04-15,000858,13:22:06,103.3400,44,2
2026-04-15,000858,13:22:12,103.3700,19,1
2026-04-15,000858,13:22:15,103.3800,14,1
2026-04-15,000858,13:22:18,103.3700,5,2
2026-04-15,000858,13:22:21,103.3700,4,2
2026-04-15,000858,13:22:24,103.3700,11,2
2026-04-15,000858,13:22:27,103.3700,23,2
2026-04-15,000858,13:22:30,103.3700,14,2
2026-04-15,000858,13:22:33,103.3800,63,1
2026-04-15,000858,13:22:36,103.3900,71,1
2026-04-15,000858,13:22:39,103.3900,17,2
2026-04-15,000858,13:22:42,103.3900,105,2
2026-04-15,000858,13:22:45,103.4000,57,1
2026-04-15,000858,13:22:48,103.3900,49,2
2026-04-15,000858,13:22:51,103.4000,4,1
2026-04-15,000858,13:22:54,103.4100,14,1
2026-04-15,000858,13:22:57,103.4000,6,2
2026-04-15,000858,13:23:00,103.4100,10,1
2026-04-15,000858,13:23:03,103.4000,3,1
2026-04-15,000858,13:23:06,103.3900,6,2
2026-04-15,000858,13:23:09,103.3900,19,2
2026-04-15,000858,13:23:12,103.3800,4,2
2026-04-15,000858,13:23:15,103.3900,6,1
2026-04-15,000858,13:23:18,103.3800,10,2
2026-04-15,000858,13:23:21,103.4000,13,1
2026-04-15,000858,13:23:24,103.3900,16,1
2026-04-15,000858,13:23:27,103.3800,10,2
2026-04-15,000858,13:23:33,103.3800,1,2
2026-04-15,000858,13:23:36,103.3800,22,2
2026-04-15,000858,13:23:39,103.3800,12,1
2026-04-15,000858,13:23:42,103.3900,20,1
2026-04-15,000858,13:23:45,103.3900,11,2
2026-04-15,000858,13:23:48,103.3900,3,2
2026-04-15,000858,13:23:51,103.3800,8,2
2026-04-15,000858,13:23:57,103.3900,4,1
2026-04-15,000858,13:24:00,103.3800,12,2
2026-04-15,000858,13:24:03,103.3900,34,1
2026-04-15,000858,13:24:06,103.3900,3,2
2026-04-15,000858,13:24:09,103.3900,2,2
2026-04-15,000858,13:24:12,103.3900,140,2
2026-04-15,000858,13:24:15,103.4100,11,1
2026-04-15,000858,13:24:18,103.4000,37,2
2026-04-15,000858,13:24:21,103.4100,18,1
2026-04-15,000858,13:24:24,103.4100,25,1
2026-04-15,000858,13:24:27,103.4100,138,1
2026-04-15,000858,13:24:30,103.4100,4,2
2026-04-15,000858,13:24:33,103.4100,15,2
2026-04-15,000858,13:24:36,103.4200,32,1
2026-04-15,000858,13:24:39,103.4200,9,2
2026-04-15,000858,13:24:42,103.4200,10,2
2026-04-15,000858,13:24:45,103.4300,33,1
2026-04-15,000858,13:24:48,103.4200,7,4
2026-04-15,000858,13:24:51,103.4100,10,2
2026-04-15,000858,13:24:54,103.4200,3,2
2026-04-15,000858,13:24:57,103.4300,40,1
2026-04-15,000858,13:25:00,103.4200,3,1
2026-04-15,000858,13:25:03,103.4200,1,1
2026-04-15,000858,13:25:06,103.4200,16,1
2026-04-15,000858,13:25:09,103.4100,27,2
2026-04-15,000858,13:25:12,103.4100,2,2
2026-04-15,000858,13:25:15,103.4100,12,2
2026-04-15,000858,13:25:18,103.3700,53,2
2026-04-15,000858,13:25:21,103.3600,2,2
2026-04-15,000858,13:25:24,103.4000,2,1
2026-04-15,000858,13:25:30,103.3900,1,2
2026-04-15,000858,13:25:33,103.3900,5,2
2026-04-15,000858,13:25:36,103.3800,1,4
2026-04-15,000858,13:25:39,103.3900,2,1
2026-04-15,000858,13:25:42,103.4000,18,1
2026-04-15,000858,13:25:45,103.3900,9,2
2026-04-15,000858,13:25:48,103.4000,19,1
2026-04-15,000858,13:25:51,103.4000,10,1
2026-04-15,000858,13:25:54,103.4000,14,1
2026-04-15,000858,13:25:57,103.4000,21,2
2026-04-15,000858,13:26:00,103.4000,2,2
2026-04-15,000858,13:26:03,103.4000,3,2
2026-04-15,000858,13:26:06,103.4100,11,1
2026-04-15,000858,13:26:09,103.4100,65,1
2026-04-15,000858,13:26:12,103.4000,19,2
2026-04-15,000858,13:26:15,103.4100,3,1
2026-04-15,000858,13:26:18,103.4100,7,2
2026-04-15,000858,13:26:21,103.4200,17,1
2026-04-15,000858,13:26:24,103.4000,24,2
2026-04-15,000858,13:26:27,103.4100,11,1
2026-04-15,000858,13:26:30,103.4100,13,2
2026-04-15,000858,13:26:33,103.4100,13,1
2026-04-15,000858,13:26:36,103.4200,15,1
2026-04-15,000858,13:26:39,103.4200,8,1
2026-04-15,000858,13:26:42,103.4200,77,1
2026-04-15,000858,13:26:45,103.4100,19,2
2026-04-15,000858,13:26:48,103.4200,25,1
2026-04-15,000858,13:26:51,103.4200,12,2
2026-04-15,000858,13:26:54,103.4200,5,1
2026-04-15,000858,13:26:57,103.4200,3,1
2026-04-15,000858,13:27:00,103.4200,3,1
2026-04-15,000858,13:27:03,103.4100,2,2
2026-04-15,000858,13:27:06,103.4200,1,1
2026-04-15,000858,13:27:09,103.4100,16,2
2026-04-15,000858,13:27:12,103.4200,15,1
2026-04-15,000858,13:27:15,103.4000,97,2
2026-04-15,000858,13:27:24,103.4000,3,1
2026-04-15,000858,13:27:27,103.4000,11,1
2026-04-15,000858,13:27:33,103.3900,3,2
2026-04-15,000858,13:27:36,103.4000,2,1
2026-04-15,000858,13:27:39,103.4000,19,1
2026-04-15,000858,13:27:42,103.3900,21,2
2026-04-15,000858,13:27:45,103.3900,10,2
2026-04-15,000858,13:27:48,103.4000,6,1
2026-04-15,000858,13:27:51,103.3900,3,2
2026-04-15,000858,13:27:57,103.4000,15,1
2026-04-15,000858,13:28:00,103.4000,10,1
2026-04-15,000858,13:28:03,103.3900,14,2
2026-04-15,000858,13:28:06,103.4000,26,1
2026-04-15,000858,13:28:09,103.3900,24,2
2026-04-15,000858,13:28:12,103.4000,3,1
2026-04-15,000858,13:28:15,103.3900,3,2
2026-04-15,000858,13:28:18,103.3900,13,2
2026-04-15,000858,13:28:24,103.3900,1,2
2026-04-15,000858,13:28:27,103.3900,10,2
2026-04-15,000858,13:28:30,103.3900,9,2
2026-04-15,000858,13:28:33,103.3900,4,2
2026-04-15,000858,13:28:36,103.3900,18,2
2026-04-15,000858,13:28:39,103.3900,11,2
2026-04-15,000858,13:28:42,103.3900,3,2
2026-04-15,000858,13:28:45,103.3800,90,2
2026-04-15,000858,13:28:48,103.3900,35,2
2026-04-15,000858,13:28:54,103.3400,6,2
2026-04-15,000858,13:28:57,103.3400,31,2
2026-04-15,000858,13:29:00,103.3500,2,2
2026-04-15,000858,13:29:06,103.3400,31,2
2026-04-15,000858,13:29:09,103.3800,1,1
2026-04-15,000858,13:29:12,103.3600,12,2
2026-04-15,000858,13:29:15,103.3600,20,2
2026-04-15,000858,13:29:18,103.3600,4,2
2026-04-15,000858,13:29:21,103.3700,5,4
2026-04-15,000858,13:29:24,103.3700,32,2
2026-04-15,000858,13:29:27,103.3600,12,2
2026-04-15,000858,13:29:30,103.3700,11,2
2026-04-15,000858,13:29:36,103.3600,19,2
2026-04-15,000858,13:29:39,103.3800,11,1
2026-04-15,000858,13:29:42,103.3800,7,1
2026-04-15,000858,13:29:45,103.3800,2,1
2026-04-15,000858,13:29:48,103.3800,10,2
2026-04-15,000858,13:29:51,103.3800,17,1
2026-04-15,000858,13:29:54,103.3900,4,1
2026-04-15,000858,13:29:57,103.3900,4,1
2026-04-15,000858,13:30:00,103.4000,23,1
2026-04-15,000858,13:30:03,103.4000,8,1
2026-04-15,000858,13:30:09,103.4000,21,1
2026-04-15,000858,13:30:12,103.3900,56,2
2026-04-15,000858,13:30:15,103.3900,1,2
2026-04-15,000858,13:30:21,103.4000,9,1
2026-04-15,000858,13:30:24,103.3900,25,2
2026-04-15,000858,13:30:27,103.3900,3,2
2026-04-15,000858,13:30:30,103.3600,52,2
2026-04-15,000858,13:30:33,103.3700,1,2
2026-04-15,000858,13:30:39,103.3900,5,1
2026-04-15,000858,13:30:42,103.3800,5,2
2026-04-15,000858,13:30:45,103.3900,2,1
2026-04-15,000858,13:30:48,103.3800,2,2
2026-04-15,000858,13:30:51,103.3900,4,1
2026-04-15,000858,13:30:54,103.3800,36,2
2026-04-15,000858,13:30:57,103.3800,15,2
2026-04-15,000858,13:31:00,103.3700,90,2
2026-04-15,000858,13:31:03,103.3800,10,1
2026-04-15,000858,13:31:06,103.3800,1,1
2026-04-15,000858,13:31:09,103.3800,108,1
2026-04-15,000858,13:31:12,103.4000,143,1
2026-04-15,000858,13:31:15,103.3900,23,2
2026-04-15,000858,13:31:18,103.3800,26,2
2026-04-15,000858,13:31:21,103.4000,25,1
2026-04-15,000858,13:31:24,103.4000,6,2
2026-04-15,000858,13:31:27,103.3900,2,4
2026-04-15,000858,13:31:33,103.3800,4,2
2026-04-15,000858,13:31:36,103.3900,20,1
2026-04-15,000858,13:31:39,103.3900,12,2
2026-04-15,000858,13:31:42,103.3900,10,2
2026-04-15,000858,13:31:45,103.3900,6,2
2026-04-15,000858,13:31:51,103.3900,1,2
2026-04-15,000858,13:31:54,103.3900,6,2
2026-04-15,000858,13:31:57,103.3900,4,2
2026-04-15,000858,13:32:00,103.3900,4,4
2026-04-15,000858,13:32:03,103.3900,4,2
2026-04-15,000858,13:32:06,103.3900,37,2
2026-04-15,000858,13:32:09,103.3900,12,1
2026-04-15,000858,13:32:12,103.4000,17,1
2026-04-15,000858,13:32:15,103.4100,1,1
2026-04-15,000858,13:32:18,103.4000,11,2
2026-04-15,000858,13:32:21,103.4000,6,1
2026-04-15,000858,13:32:24,103.4000,9,2
2026-04-15,000858,13:32:27,103.4100,24,1
2026-04-15,000858,13:32:30,103.4000,3,2
2026-04-15,000858,13:32:33,103.4000,16,2
2026-04-15,000858,13:32:36,103.4000,16,2
2026-04-15,000858,13:32:39,103.4000,1,4
2026-04-15,000858,13:32:42,103.4100,13,1
2026-04-15,000858,13:32:45,103.4100,5,1
2026-04-15,000858,13:32:48,103.4100,17,1
2026-04-15,000858,13:32:51,103.4100,41,1
2026-04-15,000858,13:32:54,103.4100,2,2
2026-04-15,000858,13:32:57,103.4100,40,2
2026-04-15,000858,13:33:00,103.4200,13,1
2026-04-15,000858,13:33:03,103.4400,186,1
2026-04-15,000858,13:33:06,103.4400,143,1
2026-04-15,000858,13:33:09,103.4400,4,1
2026-04-15,000858,13:33:12,103.4300,8,2
2026-04-15,000858,13:33:15,103.4400,16,1
2026-04-15,000858,13:33:18,103.4500,33,1
2026-04-15,000858,13:33:21,103.4400,91,2
2026-04-15,000858,13:33:24,103.4500,14,1
2026-04-15,000858,13:33:27,103.4500,26,1
2026-04-15,000858,13:33:30,103.4600,17,1
2026-04-15,000858,13:33:33,103.4600,15,1
2026-04-15,000858,13:33:36,103.4500,18,2
2026-04-15,000858,13:33:39,103.4600,17,1
2026-04-15,000858,13:33:42,103.4600,15,1
2026-04-15,000858,13:33:45,103.4600,33,1
2026-04-15,000858,13:33:48,103.4700,5,1
2026-04-15,000858,13:33:51,103.4600,20,2
2026-04-15,000858,13:33:54,103.4700,24,1
2026-04-15,000858,13:33:57,103.4800,12,1
2026-04-15,000858,13:34:00,103.4800,15,1
2026-04-15,000858,13:34:03,103.4700,13,2
2026-04-15,000858,13:34:06,103.4800,20,1
2026-04-15,000858,13:34:09,103.4700,6,2
2026-04-15,000858,13:34:12,103.4700,5,2
2026-04-15,000858,13:34:15,103.4700,4,2
2026-04-15,000858,13:34:18,103.4700,13,2
2026-04-15,000858,13:34:21,103.4800,21,1
2026-04-15,000858,13:34:24,103.4800,14,2
2026-04-15,000858,13:34:27,103.4900,16,1
2026-04-15,000858,13:34:30,103.4900,1,1
2026-04-15,000858,13:34:33,103.4900,28,1
2026-04-15,000858,13:34:36,103.4900,33,1
2026-04-15,000858,13:34:39,103.4800,22,2
2026-04-15,000858,13:34:42,103.4900,11,1
2026-04-15,000858,13:34:45,103.4900,6,1
2026-04-15,000858,13:34:48,103.4800,9,2
2026-04-15,000858,13:34:51,103.4900,15,1
2026-04-15,000858,13:34:54,103.4800,33,2
2026-04-15,000858,13:34:57,103.4800,2,1
2026-04-15,000858,13:35:00,103.4800,15,1
2026-04-15,000858,13:35:03,103.4800,15,1
2026-04-15,000858,13:35:06,103.4800,15,2
2026-04-15,000858,13:35:09,103.4700,25,2
2026-04-15,000858,13:35:12,103.4700,33,2
2026-04-15,000858,13:35:15,103.4500,117,2
2026-04-15,000858,13:35:18,103.4500,16,2
2026-04-15,000858,13:35:21,103.4500,21,2
2026-04-15,000858,13:35:24,103.4500,5,2
2026-04-15,000858,13:35:27,103.4400,11,2
2026-04-15,000858,13:35:30,103.4300,2,2
2026-04-15,000858,13:35:33,103.4400,3,1
2026-04-15,000858,13:35:36,103.4200,27,2
2026-04-15,000858,13:35:39,103.4300,8,2
2026-04-15,000858,13:35:42,103.4200,3,2
2026-04-15,000858,13:35:48,103.4100,10,2
2026-04-15,000858,13:35:54,103.4100,14,2
2026-04-15,000858,13:35:57,103.4100,26,2
2026-04-15,000858,13:36:00,103.4100,33,2
2026-04-15,000858,13:36:03,103.4100,14,2
2026-04-15,000858,13:36:06,103.4100,16,2
2026-04-15,000858,13:36:09,103.4300,21,1
2026-04-15,000858,13:36:12,103.4300,9,2
2026-04-15,000858,13:36:15,103.4200,29,2
2026-04-15,000858,13:36:18,103.4400,2,1
2026-04-15,000858,13:36:21,103.4300,7,1
2026-04-15,000858,13:36:24,103.4200,1,2
2026-04-15,000858,13:36:27,103.4300,10,1
2026-04-15,000858,13:36:30,103.4200,8,2
2026-04-15,000858,13:36:33,103.4300,15,1
2026-04-15,000858,13:36:36,103.4300,23,2
2026-04-15,000858,13:36:42,103.4300,25,2
2026-04-15,000858,13:36:45,103.4100,32,2
2026-04-15,000858,13:36:48,103.4200,1,1
2026-04-15,000858,13:36:51,103.4100,11,2
2026-04-15,000858,13:36:54,103.4200,4,1
2026-04-15,000858,13:36:57,103.4200,12,2
2026-04-15,000858,13:37:00,103.4300,5,1
2026-04-15,000858,13:37:03,103.4200,8,2
2026-04-15,000858,13:37:06,103.4300,24,1
2026-04-15,000858,13:37:09,103.4300,25,2
2026-04-15,000858,13:37:12,103.4300,4,2
2026-04-15,000858,13:37:15,103.4300,20,2
2026-04-15,000858,13:37:21,103.4200,11,2
2026-04-15,000858,13:37:24,103.4300,10,1
2026-04-15,000858,13:37:27,103.4200,3,2
2026-04-15,000858,13:37:30,103.4300,13,1
2026-04-15,000858,13:37:33,103.4200,1,2
2026-04-15,000858,13:37:36,103.4300,41,1
2026-04-15,000858,13:37:39,103.4200,39,2
2026-04-15,000858,13:37:42,103.4200,9,4
2026-04-15,000858,13:37:45,103.4300,7,1
2026-04-15,000858,13:37:48,103.4100,1,2
2026-04-15,000858,13:37:51,103.4300,12,1
2026-04-15,000858,13:37:54,103.4300,7,1
2026-04-15,000858,13:37:57,103.4200,6,2
2026-04-15,000858,13:38:00,103.4300,18,1
2026-04-15,000858,13:38:03,103.4200,15,2
2026-04-15,000858,13:38:06,103.4300,8,1
2026-04-15,000858,13:38:09,103.4300,58,1
2026-04-15,000858,13:38:12,103.4400,104,1
2026-04-15,000858,13:38:15,103.4700,30,1
2026-04-15,000858,13:38:18,103.4800,49,1
2026-04-15,000858,13:38:21,103.4500,47,2
2026-04-15,000858,13:38:24,103.4800,9,1
2026-04-15,000858,13:38:27,103.4800,10,1
2026-04-15,000858,13:38:30,103.4800,9,1
2026-04-15,000858,13:38:33,103.4900,23,1
2026-04-15,000858,13:38:36,103.4800,28,1
2026-04-15,000858,13:38:39,103.4800,2,2
2026-04-15,000858,13:38:42,103.4800,3,1
2026-04-15,000858,13:38:45,103.4600,9,2
2026-04-15,000858,13:38:51,103.4800,16,1
2026-04-15,000858,13:38:54,103.4800,6,1
2026-04-15,000858,13:38:57,103.4700,2,4
2026-04-15,000858,13:39:00,103.4600,25,2
2026-04-15,000858,13:39:03,103.4800,15,1
2026-04-15,000858,13:39:06,103.4700,11,2
2026-04-15,000858,13:39:09,103.4800,4,1
2026-04-15,000858,13:39:18,103.4800,6,1
2026-04-15,000858,13:39:21,103.4700,9,2
2026-04-15,000858,13:39:24,103.4800,17,1
2026-04-15,000858,13:39:30,103.4700,3,4
2026-04-15,000858,13:39:33,103.4600,1,2
2026-04-15,000858,13:39:36,103.4800,2,1
2026-04-15,000858,13:39:39,103.4800,13,1
2026-04-15,000858,13:39:42,103.4800,21,1
2026-04-15,000858,13:39:48,103.4800,6,1
2026-04-15,000858,13:39:51,103.4800,8,1
2026-04-15,000858,13:39:54,103.4700,11,2
2026-04-15,000858,13:39:57,103.4700,34,2
2026-04-15,000858,13:40:00,103.4700,12,2
2026-04-15,000858,13:40:03,103.4800,135,1
2026-04-15,000858,13:40:06,103.4900,76,1
2026-04-15,000858,13:40:09,103.4900,20,1
2026-04-15,000858,13:40:12,103.4900,1,1
2026-04-15,000858,13:40:15,103.4900,22,1
2026-04-15,000858,13:40:18,103.4900,8,1
2026-04-15,000858,13:40:24,103.4800,1,2
2026-04-15,000858,13:40:30,103.4800,9,2
2026-04-15,000858,13:40:33,103.4900,12,1
2026-04-15,000858,13:40:36,103.4900,24,1
2026-04-15,000858,13:40:39,103.4800,4,2
2026-04-15,000858,13:40:42,103.4800,5,2
2026-04-15,000858,13:40:45,103.4800,1,2
2026-04-15,000858,13:40:48,103.4800,7,2
2026-04-15,000858,13:40:51,103.4900,3,1
2026-04-15,000858,13:40:54,103.4800,7,2
2026-04-15,000858,13:40:57,103.4900,13,1
2026-04-15,000858,13:41:00,103.4800,3,2
2026-04-15,000858,13:41:03,103.4900,20,1
2026-04-15,000858,13:41:06,103.4800,3,2
2026-04-15,000858,13:41:09,103.4800,19,2
2026-04-15,000858,13:41:12,103.4800,22,2
2026-04-15,000858,13:41:15,103.4800,7,2
2026-04-15,000858,13:41:18,103.4800,4,2
2026-04-15,000858,13:41:21,103.4800,9,2
2026-04-15,000858,13:41:24,103.4700,2,2
2026-04-15,000858,13:41:30,103.4700,27,2
2026-04-15,000858,13:41:33,103.4700,1,2
2026-04-15,000858,13:41:36,103.4700,12,2
2026-04-15,000858,13:41:39,103.4700,15,2
2026-04-15,000858,13:41:42,103.4700,2,1
2026-04-15,000858,13:41:45,103.4600,7,2
2026-04-15,000858,13:41:48,103.4600,13,2
2026-04-15,000858,13:41:51,103.4600,12,2
2026-04-15,000858,13:41:54,103.4600,5,2
2026-04-15,000858,13:41:57,103.4600,12,2
2026-04-15,000858,13:42:00,103.4600,11,2
2026-04-15,000858,13:42:03,103.4600,6,2
2026-04-15,000858,13:42:06,103.4600,4,2
2026-04-15,000858,13:42:09,103.4600,2,2
2026-04-15,000858,13:42:12,103.4600,9,2
2026-04-15,000858,13:42:15,103.4600,16,2
2026-04-15,000858,13:42:21,103.4600,13,1
2026-04-15,000858,13:42:27,103.4700,19,1
2026-04-15,000858,13:42:30,103.4600,11,4
2026-04-15,000858,13:42:33,103.4800,14,1
2026-04-15,000858,13:42:36,103.4600,5,2
2026-04-15,000858,13:42:39,103.4700,11,1
2026-04-15,000858,13:42:45,103.4700,7,1
2026-04-15,000858,13:42:48,103.4800,18,1
2026-04-15,000858,13:42:51,103.4700,17,4
2026-04-15,000858,13:42:54,103.4700,5,2
2026-04-15,000858,13:42:57,103.4700,8,2
2026-04-15,000858,13:43:00,103.4700,51,2
2026-04-15,000858,13:43:03,103.4600,13,2
2026-04-15,000858,13:43:06,103.4600,43,2
2026-04-15,000858,13:43:09,103.4500,1,2
2026-04-15,000858,13:43:12,103.4500,2,2
2026-04-15,000858,13:43:15,103.4500,9,2
2026-04-15,000858,13:43:18,103.4600,9,1
2026-04-15,000858,13:43:21,103.4500,5,2
2026-04-15,000858,13:43:24,103.4600,43,1
2026-04-15,000858,13:43:27,103.4500,18,2
2026-04-15,000858,13:43:30,103.4400,6,2
2026-04-15,000858,13:43:33,103.4400,13,2
2026-04-15,000858,13:43:36,103.4500,3,1
2026-04-15,000858,13:43:39,103.4300,8,2
2026-04-15,000858,13:43:42,103.4300,3,2
2026-04-15,000858,13:43:48,103.4400,20,1
2026-04-15,000858,13:43:51,103.4200,8,2
2026-04-15,000858,13:43:54,103.4100,13,2
2026-04-15,000858,13:44:00,103.4100,18,2
2026-04-15,000858,13:44:03,103.4100,2,1
2026-04-15,000858,13:44:06,103.4000,2,2
2026-04-15,000858,13:44:09,103.4000,17,2
2026-04-15,000858,13:44:12,103.4000,4,2
2026-04-15,000858,13:44:15,103.4000,14,2
2026-04-15,000858,13:44:18,103.4000,4,2
2026-04-15,000858,13:44:21,103.4100,35,1
2026-04-15,000858,13:44:27,103.4000,17,2
2026-04-15,000858,13:44:30,103.4000,1,2
2026-04-15,000858,13:44:33,103.4100,25,1
2026-04-15,000858,13:44:36,103.4100,6,2
2026-04-15,000858,13:44:39,103.4100,6,2
2026-04-15,000858,13:44:42,103.4100,30,2
2026-04-15,000858,13:44:45,103.4200,14,1
2026-04-15,000858,13:44:48,103.4200,13,1
2026-04-15,000858,13:44:51,103.4200,3,1
2026-04-15,000858,13:44:54,103.4100,14,2
2026-04-15,000858,13:44:57,103.4200,22,1
2026-04-15,000858,13:45:00,103.4200,6,1
2026-04-15,000858,13:45:03,103.4200,9,2
2026-04-15,000858,13:45:06,103.4400,9,1
2026-04-15,000858,13:45:09,103.4300,40,2
2026-04-15,000858,13:45:18,103.4300,3,2
2026-04-15,000858,13:45:21,103.4400,4,1
2026-04-15,000858,13:45:24,103.4300,21,2
2026-04-15,000858,13:45:27,103.4400,7,4
2026-04-15,000858,13:45:30,103.4300,31,2
2026-04-15,000858,13:45:33,103.4300,14,1
2026-04-15,000858,13:45:36,103.4300,26,1
2026-04-15,000858,13:45:39,103.4400,15,1
2026-04-15,000858,13:45:45,103.4400,2,1
2026-04-15,000858,13:45:48,103.4400,18,1
2026-04-15,000858,13:45:51,103.4500,4,1
2026-04-15,000858,13:45:54,103.4300,5,2
2026-04-15,000858,13:45:57,103.4500,6,1
2026-04-15,000858,13:46:03,103.4400,14,2
2026-04-15,000858,13:46:06,103.4400,2,2
2026-04-15,000858,13:46:09,103.4400,49,2
2026-04-15,000858,13:46:12,103.4400,6,2
2026-04-15,000858,13:46:15,103.4500,14,1
2026-04-15,000858,13:46:18,103.4400,3,2
2026-04-15,000858,13:46:21,103.4500,15,1
2026-04-15,000858,13:46:24,103.4500,10,4
2026-04-15,000858,13:46:27,103.4600,11,1
2026-04-15,000858,13:46:30,103.4500,5,4
2026-04-15,000858,13:46:33,103.4400,6,2
2026-04-15,000858,13:46:36,103.4500,3,1
2026-04-15,000858,13:46:39,103.4500,9,1
2026-04-15,000858,13:46:42,103.4500,20,1
2026-04-15,000858,13:46:45,103.4600,46,1
2026-04-15,000858,13:46:48,103.4600,74,1
2026-04-15,000858,13:46:51,103.4700,183,1
2026-04-15,000858,13:46:54,103.4800,39,1
2026-04-15,000858,13:46:57,103.4800,5,2
2026-04-15,000858,13:47:00,103.5900,1288,1
2026-04-15,000858,13:47:03,103.6000,14,1
2026-04-15,000858,13:47:06,103.5900,237,2
2026-04-15,000858,13:47:09,103.5900,14,2
2026-04-15,000858,13:47:12,103.6000,277,1
2026-04-15,000858,13:47:15,103.6000,40,4
2026-04-15,000858,13:47:18,103.6100,19,1
2026-04-15,000858,13:47:21,103.6000,16,2
2026-04-15,000858,13:47:24,103.6300,35,1
2026-04-15,000858,13:47:27,103.6200,42,2
2026-04-15,000858,13:47:30,103.6300,20,1
2026-04-15,000858,13:47:33,103.6200,24,2
2026-04-15,000858,13:47:36,103.6500,147,1
2026-04-15,000858,13:47:39,103.6600,15,1
2026-04-15,000858,13:47:42,103.6500,22,2
2026-04-15,000858,13:47:45,103.6500,20,1
2026-04-15,000858,13:47:48,103.6400,13,2
2026-04-15,000858,13:47:51,103.6400,2,2
2026-04-15,000858,13:47:54,103.6400,184,2
2026-04-15,000858,13:47:57,103.6200,29,2
2026-04-15,000858,13:48:00,103.6200,24,2
2026-04-15,000858,13:48:03,103.6300,23,1
2026-04-15,000858,13:48:06,103.6200,11,1
2026-04-15,000858,13:48:09,103.6100,8,4
2026-04-15,000858,13:48:12,103.6100,2,2
2026-04-15,000858,13:48:15,103.6000,40,2
2026-04-15,000858,13:48:18,103.6000,19,1
2026-04-15,000858,13:48:24,103.6000,12,1
2026-04-15,000858,13:48:27,103.6000,33,1
2026-04-15,000858,13:48:30,103.6000,18,4
2026-04-15,000858,13:48:33,103.6200,58,1
2026-04-15,000858,13:48:36,103.6000,29,2
2026-04-15,000858,13:48:39,103.6100,15,1
2026-04-15,000858,13:48:42,103.6100,17,1
2026-04-15,000858,13:48:45,103.6100,16,2
2026-04-15,000858,13:48:48,103.6100,14,2
2026-04-15,000858,13:48:51,103.6100,18,1
2026-04-15,000858,13:48:54,103.6200,57,1
2026-04-15,000858,13:48:57,103.6200,20,2
2026-04-15,000858,13:49:00,103.6200,24,1
2026-04-15,000858,13:49:03,103.6000,67,2
2026-04-15,000858,13:49:06,103.6000,13,2
2026-04-15,000858,13:49:09,103.6500,41,1
2026-04-15,000858,13:49:12,103.6000,10,2
2026-04-15,000858,13:49:18,103.6000,4,2
2026-04-15,000858,13:49:21,103.6000,23,2
2026-04-15,000858,13:49:24,103.6000,21,2
2026-04-15,000858,13:49:27,103.6000,16,2
2026-04-15,000858,13:49:30,103.6000,27,2
2026-04-15,000858,13:49:33,103.6000,30,2
2026-04-15,000858,13:49:36,103.5900,18,2
2026-04-15,000858,13:49:42,103.5800,18,2
2026-04-15,000858,13:49:45,103.5700,25,2
2026-04-15,000858,13:49:48,103.5700,4,2
2026-04-15,000858,13:49:51,103.5700,3,2
2026-04-15,000858,13:49:54,103.5700,1,1
2026-04-15,000858,13:49:57,103.5600,12,2
2026-04-15,000858,13:50:00,103.5600,12,2
2026-04-15,000858,13:50:03,103.5600,35,2
2026-04-15,000858,13:50:06,103.5500,18,2
2026-04-15,000858,13:50:09,103.5400,13,2
2026-04-15,000858,13:50:12,103.5300,12,2
2026-04-15,000858,13:50:18,103.5300,8,2
2026-04-15,000858,13:50:21,103.5300,3,4
2026-04-15,000858,13:50:24,103.5300,21,1
2026-04-15,000858,13:50:27,103.5200,3,2
2026-04-15,000858,13:50:30,103.5200,13,1
2026-04-15,000858,13:50:33,103.5300,44,1
2026-04-15,000858,13:50:36,103.5200,24,2
2026-04-15,000858,13:50:39,103.5100,13,2
2026-04-15,000858,13:50:42,103.5200,31,1
2026-04-15,000858,13:50:45,103.5300,2,4
2026-04-15,000858,13:50:48,103.5400,39,1
2026-04-15,000858,13:50:51,103.5400,22,1
2026-04-15,000858,13:50:54,103.5500,6,1
2026-04-15,000858,13:50:57,103.5500,40,1
2026-04-15,000858,13:51:00,103.5400,15,2
2026-04-15,000858,13:51:03,103.5400,15,2
2026-04-15,000858,13:51:06,103.5400,6,2
2026-04-15,000858,13:51:09,103.5500,3,1
2026-04-15,000858,13:51:12,103.5500,12,1
2026-04-15,000858,13:51:15,103.5500,12,1
2026-04-15,000858,13:51:18,103.5400,2,2
2026-04-15,000858,13:51:21,103.5600,33,1
2026-04-15,000858,13:51:24,103.5500,15,2
2026-04-15,000858,13:51:27,103.5500,15,2
2026-04-15,000858,13:51:30,103.5500,3,4
2026-04-15,000858,13:51:33,103.5400,26,2
2026-04-15,000858,13:51:36,103.5500,32,1
2026-04-15,000858,13:51:39,103.5400,22,2
2026-04-15,000858,13:51:42,103.5400,19,2
2026-04-15,000858,13:51:45,103.5500,5,1
2026-04-15,000858,13:51:48,103.5400,23,2
2026-04-15,000858,13:51:51,103.5600,13,1
2026-04-15,000858,13:51:54,103.5600,6,2
2026-04-15,000858,13:51:57,103.5500,11,2
2026-04-15,000858,13:52:03,103.5700,17,1
2026-04-15,000858,13:52:06,103.5600,2,4
2026-04-15,000858,13:52:09,103.5600,1,1
2026-04-15,000858,13:52:12,103.5500,19,2
2026-04-15,000858,13:52:18,103.5600,5,1
2026-04-15,000858,13:52:21,103.5600,9,1
2026-04-15,000858,13:52:24,103.5600,14,1
2026-04-15,000858,13:52:27,103.5600,31,1
2026-04-15,000858,13:52:30,103.5600,5,2
2026-04-15,000858,13:52:33,103.5600,15,2
2026-04-15,000858,13:52:36,103.5600,22,2
2026-04-15,000858,13:52:39,103.5800,31,1
2026-04-15,000858,13:52:42,103.5900,21,1
2026-04-15,000858,13:52:45,103.5700,2,2
2026-04-15,000858,13:52:48,103.5700,10,2
2026-04-15,000858,13:52:51,103.5800,27,1
2026-04-15,000858,13:52:54,103.5700,6,2
2026-04-15,000858,13:53:00,103.5700,4,2
2026-04-15,000858,13:53:03,103.5700,39,2
2026-04-15,000858,13:53:06,103.6000,162,1
2026-04-15,000858,13:53:09,103.6100,182,1
2026-04-15,000858,13:53:12,103.6200,33,1
2026-04-15,000858,13:53:15,103.6300,9,1
2026-04-15,000858,13:53:18,103.6400,27,1
2026-04-15,000858,13:53:21,103.6600,135,1
2026-04-15,000858,13:53:24,103.6400,10,2
2026-04-15,000858,13:53:27,103.6400,24,2
2026-04-15,000858,13:53:30,103.6300,7,2
2026-04-15,000858,13:53:33,103.6400,46,4
2026-04-15,000858,13:53:36,103.6400,5,1
2026-04-15,000858,13:53:39,103.6300,36,2
2026-04-15,000858,13:53:42,103.6400,26,1
2026-04-15,000858,13:53:45,103.6300,6,2
2026-04-15,000858,13:53:48,103.6400,36,1
2026-04-15,000858,13:53:51,103.6400,13,1
2026-04-15,000858,13:53:54,103.6400,41,1
2026-04-15,000858,13:53:57,103.6400,79,2
2026-04-15,000858,13:54:00,103.6500,16,4
2026-04-15,000858,13:54:03,103.6400,13,2
2026-04-15,000858,13:54:06,103.6500,5,1
2026-04-15,000858,13:54:09,103.6400,38,2
2026-04-15,000858,13:54:12,103.6600,154,1
2026-04-15,000858,13:54:15,103.6400,15,2
2026-04-15,000858,13:54:18,103.6500,18,1
2026-04-15,000858,13:54:21,103.7200,834,1
2026-04-15,000858,13:54:24,103.7300,42,1
2026-04-15,000858,13:54:27,103.7500,76,1
2026-04-15,000858,13:54:30,103.7500,41,1
2026-04-15,000858,13:54:33,103.7500,96,1
2026-04-15,000858,13:54:36,103.7500,52,1
2026-04-15,000858,13:54:39,103.7300,6,2
2026-04-15,000858,13:54:42,103.7300,88,1
2026-04-15,000858,13:54:45,103.7300,8,1
2026-04-15,000858,13:54:48,103.7300,76,1
2026-04-15,000858,13:54:51,103.7500,41,1
2026-04-15,000858,13:54:54,103.7400,49,4
2026-04-15,000858,13:54:57,103.7500,28,1
2026-04-15,000858,13:55:00,103.7400,29,4
2026-04-15,000858,13:55:03,103.7300,52,2
2026-04-15,000858,13:55:06,103.7500,21,1
2026-04-15,000858,13:55:09,103.7500,13,2
2026-04-15,000858,13:55:12,103.7700,257,1
2026-04-15,000858,13:55:15,103.7400,22,2
2026-04-15,000858,13:55:18,103.7700,128,1
2026-04-15,000858,13:55:21,103.7500,70,2
2026-04-15,000858,13:55:24,103.7400,105,2
2026-04-15,000858,13:55:30,103.7400,41,2
2026-04-15,000858,13:55:33,103.7400,58,2
2026-04-15,000858,13:55:36,103.7500,47,2
2026-04-15,000858,13:55:39,103.7500,243,2
2026-04-15,000858,13:55:42,103.7300,24,2
2026-04-15,000858,13:55:45,103.7500,18,1
2026-04-15,000858,13:55:48,103.7400,7,2
2026-04-15,000858,13:55:51,103.7500,53,1
2026-04-15,000858,13:55:54,103.7400,12,4
2026-04-15,000858,13:55:57,103.7300,16,2
2026-04-15,000858,13:56:00,103.7400,12,1
2026-04-15,000858,13:56:03,103.7600,179,1
2026-04-15,000858,13:56:06,103.9900,3795,1
2026-04-15,000858,13:56:09,103.9900,154,1
2026-04-15,000858,13:56:12,103.8800,43,2
2026-04-15,000858,13:56:15,103.8900,27,1
2026-04-15,000858,13:56:18,103.9300,12,1
2026-04-15,000858,13:56:21,103.9700,26,1
2026-04-15,000858,13:56:24,103.9600,172,2
2026-04-15,000858,13:56:27,103.9600,167,2
2026-04-15,000858,13:56:30,103.9700,115,1
2026-04-15,000858,13:56:33,103.9600,40,1
2026-04-15,000858,13:56:36,103.9600,27,4
2026-04-15,000858,13:56:39,103.9600,13,1
2026-04-15,000858,13:56:42,103.9500,129,2
2026-04-15,000858,13:56:45,103.9400,348,2
2026-04-15,000858,13:56:48,103.9600,58,1
2026-04-15,000858,13:56:51,103.9500,122,2
2026-04-15,000858,13:56:54,103.9600,24,1
2026-04-15,000858,13:56:57,103.9400,19,1
2026-04-15,000858,13:57:00,103.9100,33,2
2026-04-15,000858,13:57:03,103.8500,68,2
2026-04-15,000858,13:57:06,103.8600,10,1
2026-04-15,000858,13:57:09,103.8600,3,1
2026-04-15,000858,13:57:12,103.8300,2,2
2026-04-15,000858,13:57:15,103.8200,4,2
2026-04-15,000858,13:57:18,103.8000,17,2
2026-04-15,000858,13:57:21,103.7800,16,2
2026-04-15,000858,13:57:24,103.7700,2,2
2026-04-15,000858,13:57:27,103.7700,23,2
2026-04-15,000858,13:57:30,103.7800,18,1
2026-04-15,000858,13:57:33,103.7700,28,2
2026-04-15,000858,13:57:36,103.7800,20,1
2026-04-15,000858,13:57:39,103.7700,5,2
2026-04-15,000858,13:57:42,103.7700,27,1
2026-04-15,000858,13:57:45,103.7700,17,2
2026-04-15,000858,13:57:48,103.7700,40,2
2026-04-15,000858,13:57:51,103.7800,59,1
2026-04-15,000858,13:57:54,103.7800,2,2
2026-04-15,000858,13:57:57,103.7800,8,1
2026-04-15,000858,13:58:00,103.7700,27,2
2026-04-15,000858,13:58:03,103.7600,41,2
2026-04-15,000858,13:58:06,103.7400,9,2
2026-04-15,000858,13:58:09,103.7400,8,1
2026-04-15,000858,13:58:12,103.7300,27,2
2026-04-15,000858,13:58:15,103.7300,9,1
2026-04-15,000858,13:58:18,103.7400,34,1
2026-04-15,000858,13:58:21,103.7300,13,2
2026-04-15,000858,13:58:24,103.7300,24,1
2026-04-15,000858,13:58:27,103.7300,11,1
2026-04-15,000858,13:58:30,103.7100,5,2
2026-04-15,000858,13:58:33,103.7100,20,2
2026-04-15,000858,13:58:36,103.7100,1,1
2026-04-15,000858,13:58:39,103.6900,3,2
2026-04-15,000858,13:58:42,103.7000,14,1
2026-04-15,000858,13:58:45,103.7000,7,1
2026-04-15,000858,13:58:48,103.7000,20,2
2026-04-15,000858,13:58:51,103.6800,14,2
2026-04-15,000858,13:58:54,103.6900,8,1
2026-04-15,000858,13:58:57,103.6800,12,2
2026-04-15,000858,13:59:03,103.6600,39,2
2026-04-15,000858,13:59:06,103.6800,2,1
2026-04-15,000858,13:59:09,103.6600,1,2
2026-04-15,000858,13:59:12,103.6600,10,2
2026-04-15,000858,13:59:15,103.6700,14,1
2026-04-15,000858,13:59:18,103.6700,12,1
2026-04-15,000858,13:59:21,103.6800,12,1
2026-04-15,000858,13:59:24,103.6700,1,4
2026-04-15,000858,13:59:27,103.6700,6,2
2026-04-15,000858,13:59:30,103.6600,17,2
2026-04-15,000858,13:59:33,103.6700,7,1
2026-04-15,000858,13:59:36,103.6700,3,1
2026-04-15,000858,13:59:39,103.6800,5,1
2026-04-15,000858,13:59:42,103.6800,9,1
2026-04-15,000858,13:59:45,103.6700,4,2
2026-04-15,000858,13:59:48,103.6800,6,1
2026-04-15,000858,13:59:51,103.6800,6,1
2026-04-15,000858,13:59:54,103.6700,19,2
2026-04-15,000858,13:59:57,103.6700,14,1
2026-04-15,000858,14:00:03,103.6600,51,2
2026-04-15,000858,14:00:06,103.6700,4,1
2026-04-15,000858,14:00:09,103.6800,26,1
2026-04-15,000858,14:00:12,103.6700,2,1
2026-04-15,000858,14:00:15,103.6600,25,2
2026-04-15,000858,14:00:18,103.6600,17,2
2026-04-15,000858,14:00:21,103.6600,33,2
2026-04-15,000858,14:00:24,103.6600,16,2
2026-04-15,000858,14:00:27,103.6600,10,2
2026-04-15,000858,14:00:30,103.6600,36,2
2026-04-15,000858,14:00:33,103.6600,21,2
2026-04-15,000858,14:00:36,103.6700,4,1
2026-04-15,000858,14:00:39,103.6500,6,2
2026-04-15,000858,14:00:42,103.6500,22,2
2026-04-15,000858,14:00:48,103.6500,1,1
2026-04-15,000858,14:00:51,103.6400,3,2
2026-04-15,000858,14:00:54,103.6400,54,2
2026-04-15,000858,14:00:57,103.6400,9,2
2026-04-15,000858,14:01:00,103.6400,21,2
2026-04-15,000858,14:01:03,103.6300,13,2
2026-04-15,000858,14:01:06,103.6400,10,1
2026-04-15,000858,14:01:09,103.6300,16,2
2026-04-15,000858,14:01:12,103.6200,18,2
2026-04-15,000858,14:01:15,103.6500,10,1
2026-04-15,000858,14:01:18,103.6500,49,1
2026-04-15,000858,14:01:21,103.6500,21,1
2026-04-15,000858,14:01:24,103.6700,21,1
2026-04-15,000858,14:01:27,103.6700,23,2
2026-04-15,000858,14:01:30,103.6700,4,1
2026-04-15,000858,14:01:33,103.6700,14,1
2026-04-15,000858,14:01:36,103.6600,28,2
2026-04-15,000858,14:01:39,103.6600,5,1
2026-04-15,000858,14:01:42,103.6600,17,1
2026-04-15,000858,14:01:45,103.6600,6,1
2026-04-15,000858,14:01:48,103.6500,6,2
2026-04-15,000858,14:01:54,103.6500,2,2
2026-04-15,000858,14:02:00,103.6600,6,1
2026-04-15,000858,14:02:03,103.6500,3,2
2026-04-15,000858,14:02:06,103.6500,4,2
2026-04-15,000858,14:02:09,103.6500,24,2
2026-04-15,000858,14:02:15,103.6500,132,2
2026-04-15,000858,14:02:18,103.6500,2,1
2026-04-15,000858,14:02:21,103.6300,19,2
2026-04-15,000858,14:02:24,103.6300,43,2
2026-04-15,000858,14:02:27,103.6300,11,2
2026-04-15,000858,14:02:30,103.6300,2,2
2026-04-15,000858,14:02:33,103.6300,2,2
2026-04-15,000858,14:02:36,103.6300,8,2
2026-04-15,000858,14:02:39,103.6400,18,1
2026-04-15,000858,14:02:42,103.6500,64,1
2026-04-15,000858,14:02:45,103.6600,1,1
2026-04-15,000858,14:02:48,103.6500,1,2
2026-04-15,000858,14:02:51,103.6600,10,1
2026-04-15,000858,14:02:54,103.6500,14,2
2026-04-15,000858,14:02:57,103.6500,8,2
2026-04-15,000858,14:03:00,103.6500,12,2
2026-04-15,000858,14:03:03,103.6400,3,2
2026-04-15,000858,14:03:06,103.6400,24,2
2026-04-15,000858,14:03:09,103.6200,2,2
2026-04-15,000858,14:03:12,103.5800,82,2
2026-04-15,000858,14:03:15,103.5600,47,2
2026-04-15,000858,14:03:18,103.5500,37,2
2026-04-15,000858,14:03:21,103.5300,11,2
2026-04-15,000858,14:03:24,103.5300,8,2
2026-04-15,000858,14:03:27,103.5400,1,4
2026-04-15,000858,14:03:30,103.5300,2,2
2026-04-15,000858,14:03:33,103.5300,9,2
2026-04-15,000858,14:03:36,103.5300,5,2
2026-04-15,000858,14:03:39,103.5400,8,2
2026-04-15,000858,14:03:42,103.5500,9,1
2026-04-15,000858,14:03:45,103.5500,10,1
2026-04-15,000858,14:03:48,103.5400,11,2
2026-04-15,000858,14:03:51,103.5400,3,1
2026-04-15,000858,14:03:54,103.5400,4,2
2026-04-15,000858,14:03:57,103.5500,4,1
2026-04-15,000858,14:04:03,103.5300,1,2
2026-04-15,000858,14:04:09,103.5400,15,1
2026-04-15,000858,14:04:12,103.5400,11,1
2026-04-15,000858,10:42:27,103.2000,3,1
2026-04-15,000858,10:42:30,103.2000,10,2
2026-04-15,000858,10:42:33,103.2000,6,1
2026-04-15,000858,10:42:36,103.2000,15,1
2026-04-15,000858,10:42:39,103.1900,1,2
2026-04-15,000858,10:42:42,103.2000,17,2
2026-04-15,000858,10:42:45,103.2000,12,2
2026-04-15,000858,10:42:48,103.2000,4,1
2026-04-15,000858,10:42:51,103.2000,6,2
2026-04-15,000858,10:42:54,103.2000,8,2
2026-04-15,000858,10:42:57,103.2000,18,2
2026-04-15,000858,10:43:00,103.2100,17,1
2026-04-15,000858,10:43:03,103.2100,31,1
2026-04-15,000858,10:43:06,103.2200,4,1
2026-04-15,000858,10:43:12,103.2200,13,1
2026-04-15,000858,10:43:15,103.2000,8,2
2026-04-15,000858,10:43:21,103.2000,7,2
2026-04-15,000858,10:43:24,103.2000,8,2
2026-04-15,000858,10:43:27,103.1800,122,2
2026-04-15,000858,10:43:30,103.1800,3,1
2026-04-15,000858,10:43:33,103.1700,6,2
2026-04-15,000858,10:43:36,103.1700,6,2
2026-04-15,000858,10:43:39,103.1700,3,2
2026-04-15,000858,10:43:42,103.1600,21,2
2026-04-15,000858,10:43:45,103.1600,7,1
2026-04-15,000858,10:43:48,103.1500,5,2
2026-04-15,000858,10:43:51,103.1600,26,1
2026-04-15,000858,10:43:54,103.1700,1,1
2026-04-15,000858,10:43:57,103.1600,1,2
2026-04-15,000858,10:44:00,103.1700,9,1
2026-04-15,000858,10:44:03,103.1700,3,1
2026-04-15,000858,10:44:06,103.1600,3,2
2026-04-15,000858,10:44:09,103.1700,2,1
2026-04-15,000858,10:44:12,103.1700,1,1
2026-04-15,000858,10:44:18,103.1600,2,2
2026-04-15,000858,10:44:21,103.1600,39,2
2026-04-15,000858,10:44:24,103.1700,2,1
2026-04-15,000858,10:44:27,103.1700,26,1
2026-04-15,000858,10:44:30,103.1700,2,1
2026-04-15,000858,10:44:33,103.1600,14,2
2026-04-15,000858,10:44:36,103.1700,2,1
2026-04-15,000858,10:44:39,103.1600,1,2
2026-04-15,000858,10:44:42,103.1700,1,1
2026-04-15,000858,10:44:45,103.1600,3,2
2026-04-15,000858,10:44:51,103.1700,13,1
2026-04-15,000858,10:44:54,103.1600,9,2
2026-04-15,000858,10:44:57,103.1600,2,2
2026-04-15,000858,10:45:00,103.1800,20,1
2026-04-15,000858,10:45:03,103.1600,1,2
2026-04-15,000858,10:45:09,103.1600,2,2
2026-04-15,000858,10:45:12,103.1600,13,2
2026-04-15,000858,10:45:15,103.1600,15,2
2026-04-15,000858,10:45:18,103.1700,3,1
2026-04-15,000858,10:45:21,103.1600,25,2
2026-04-15,000858,10:45:24,103.1600,13,2
2026-04-15,000858,10:45:27,103.1700,1,1
2026-04-15,000858,10:45:30,103.1600,3,2
2026-04-15,000858,10:45:33,103.1600,2,2
2026-04-15,000858,10:45:36,103.1800,7,1
2026-04-15,000858,10:45:39,103.1700,7,2
2026-04-15,000858,10:45:42,103.1800,5,1
2026-04-15,000858,10:45:48,103.1600,9,2
2026-04-15,000858,10:45:51,103.1700,2,1
2026-04-15,000858,10:45:54,103.1800,8,1
2026-04-15,000858,10:45:57,103.1700,13,4
2026-04-15,000858,10:46:00,103.1700,7,2
2026-04-15,000858,10:46:03,103.1700,7,1
2026-04-15,000858,10:46:06,103.1700,14,1
2026-04-15,000858,10:46:09,103.1700,5,1
2026-04-15,000858,10:46:12,103.1700,4,2
2026-04-15,000858,10:46:15,103.1700,1,2
2026-04-15,000858,10:46:18,103.1300,366,2
2026-04-15,000858,10:46:21,103.1200,13,2
2026-04-15,000858,10:46:24,103.1100,3,2
2026-04-15,000858,10:46:27,103.1100,2,2
2026-04-15,000858,10:46:30,103.1200,6,1
2026-04-15,000858,10:46:33,103.1200,1,2
2026-04-15,000858,10:46:36,103.1100,77,2
2026-04-15,000858,10:46:42,103.1100,3,1
2026-04-15,000858,10:46:45,103.0900,73,2
2026-04-15,000858,10:46:51,103.0800,6,2
2026-04-15,000858,10:46:57,103.0800,8,2
2026-04-15,000858,10:47:00,103.0800,2,2
2026-04-15,000858,10:47:03,103.0800,5,2
2026-04-15,000858,10:47:06,103.0800,10,2
2026-04-15,000858,10:47:09,103.0800,1,2
2026-04-15,000858,10:47:12,103.0800,21,2
2026-04-15,000858,10:47:18,103.0800,11,1
2026-04-15,000858,10:47:21,103.0700,14,2
2026-04-15,000858,10:47:24,103.0700,4,2
2026-04-15,000858,10:47:27,103.0700,5,2
2026-04-15,000858,10:47:30,103.0800,8,1
2026-04-15,000858,10:47:33,103.0800,43,1
2026-04-15,000858,10:47:36,103.0700,17,2
2026-04-15,000858,10:47:42,103.0900,9,2
2026-04-15,000858,10:47:45,103.0900,25,2
2026-04-15,000858,10:47:48,103.0900,2,4
2026-04-15,000858,10:47:54,103.0900,1,1
2026-04-15,000858,10:47:57,103.0900,7,1
2026-04-15,000858,10:48:00,103.0900,8,1
2026-04-15,000858,10:48:03,103.0800,28,2
2026-04-15,000858,10:48:06,103.0900,5,1
2026-04-15,000858,10:48:09,103.1100,133,1
2026-04-15,000858,10:48:12,103.1000,11,2
2026-04-15,000858,10:48:15,103.1100,5,2
2026-04-15,000858,10:48:18,103.1100,15,1
2026-04-15,000858,10:48:21,103.1000,4,2
2026-04-15,000858,10:48:24,103.1000,2,2
2026-04-15,000858,10:48:27,103.1200,1,1
2026-04-15,000858,10:48:30,103.1200,6,1
2026-04-15,000858,10:48:33,103.1100,3,2
2026-04-15,000858,10:48:45,103.1100,28,2
2026-04-15,000858,10:48:48,103.1300,32,1
2026-04-15,000858,10:48:51,103.1800,20,1
2026-04-15,000858,10:48:54,103.1200,1,2
2026-04-15,000858,10:48:57,103.1500,16,1
2026-04-15,000858,10:49:00,103.1200,5,2
2026-04-15,000858,10:49:03,103.1600,6,1
2026-04-15,000858,10:49:06,103.1400,3,2
2026-04-15,000858,10:49:09,103.1500,2,1
2026-04-15,000858,10:49:12,103.1500,10,1
2026-04-15,000858,10:49:18,103.1500,11,1
2026-04-15,000858,10:49:21,103.1400,1,2
2026-04-15,000858,10:49:24,103.1500,11,1
2026-04-15,000858,10:49:27,103.1500,5,2
2026-04-15,000858,10:49:33,103.1900,20,1
2026-04-15,000858,10:49:36,103.1900,1,1
2026-04-15,000858,10:49:42,103.1600,5,2
2026-04-15,000858,10:49:45,103.1900,4,1
2026-04-15,000858,10:49:48,103.1500,7,2
2026-04-15,000858,10:49:51,103.1500,6,2
2026-04-15,000858,10:49:54,103.1600,101,1
2026-04-15,000858,10:49:57,103.1500,1,2
2026-04-15,000858,10:50:00,103.1700,4,1
2026-04-15,000858,10:50:03,103.1600,15,2
2026-04-15,000858,10:50:06,103.1600,37,2
2026-04-15,000858,10:50:09,103.1500,4,2
2026-04-15,000858,10:50:12,103.1500,14,2
2026-04-15,000858,10:50:15,103.1600,8,4
2026-04-15,000858,10:50:18,103.1500,9,2
2026-04-15,000858,10:50:21,103.1500,6,1
2026-04-15,000858,10:50:24,103.1500,5,2
2026-04-15,000858,10:50:27,103.1500,10,2
2026-04-15,000858,10:50:30,103.1400,1,1
2026-04-15,000858,10:50:33,103.1100,10,2
2026-04-15,000858,10:50:36,103.1400,12,1
2026-04-15,000858,10:50:39,103.1200,6,2
2026-04-15,000858,10:50:42,103.1300,14,1
2026-04-15,000858,10:50:45,103.1300,2,2
2026-04-15,000858,10:50:48,103.1300,15,2
2026-04-15,000858,10:50:54,103.1400,10,2
2026-04-15,000858,10:51:00,103.1400,4,4
2026-04-15,000858,10:51:03,103.1400,1,1
2026-04-15,000858,10:51:06,103.1400,6,1
2026-04-15,000858,10:51:09,103.1300,5,2
2026-04-15,000858,10:51:12,103.1300,2,2
2026-04-15,000858,10:51:15,103.1400,9,1
2026-04-15,000858,10:51:18,103.1300,13,2
2026-04-15,000858,10:51:21,103.1400,7,1
2026-04-15,000858,10:51:24,103.1400,38,1
2026-04-15,000858,10:51:27,103.1400,2,2
2026-04-15,000858,10:51:30,103.1500,23,1
2026-04-15,000858,10:51:33,103.1600,24,1
2026-04-15,000858,10:51:36,103.1600,17,1
2026-04-15,000858,10:51:39,103.1500,3,2
2026-04-15,000858,10:51:42,103.1600,2,1
2026-04-15,000858,10:51:45,103.1700,10,1
2026-04-15,000858,10:51:48,103.1700,4,2
2026-04-15,000858,10:51:51,103.1900,111,1
2026-04-15,000858,10:51:54,103.1900,3,1
2026-04-15,000858,10:51:57,103.1900,2,2
2026-04-15,000858,10:52:00,103.2000,36,1
2026-04-15,000858,10:52:03,103.1900,12,2
2026-04-15,000858,10:52:06,103.2000,51,1
2026-04-15,000858,10:52:09,103.2000,15,4
2026-04-15,000858,10:52:12,103.2000,7,2
2026-04-15,000858,10:52:15,103.2100,27,1
2026-04-15,000858,10:52:18,103.2200,1,4
2026-04-15,000858,10:52:21,103.2100,1,2
2026-04-15,000858,10:52:24,103.2300,5,1
2026-04-15,000858,10:52:27,103.2300,4,2
2026-04-15,000858,10:52:30,103.2300,1,4
2026-04-15,000858,10:52:36,103.2400,3,1
2026-04-15,000858,10:52:39,103.2400,7,1
2026-04-15,000858,10:52:42,103.2500,9,1
2026-04-15,000858,10:52:45,103.2400,17,2
2026-04-15,000858,10:52:48,103.2300,13,2
2026-04-15,000858,10:52:51,103.2400,15,1
2026-04-15,000858,10:52:54,103.2400,4,1
2026-04-15,000858,10:52:57,103.2400,5,2
2026-04-15,000858,10:53:00,103.2500,19,1
2026-04-15,000858,10:53:03,103.2500,26,1
2026-04-15,000858,10:53:06,103.2500,2,1
2026-04-15,000858,10:53:09,103.2400,7,2
2026-04-15,000858,10:53:12,103.2500,1,1
2026-04-15,000858,10:53:15,103.2500,1,1
2026-04-15,000858,10:53:18,103.2500,5,1
2026-04-15,000858,10:53:21,103.2400,3,2
2026-04-15,000858,10:53:27,103.2500,3,1
2026-04-15,000858,10:53:30,103.2600,4,1
2026-04-15,000858,10:53:39,103.2600,15,1
2026-04-15,000858,10:53:42,103.2400,57,2
2026-04-15,000858,10:53:45,103.2400,28,1
2026-04-15,000858,10:53:48,103.2300,8,2
2026-04-15,000858,10:53:54,103.2300,24,2
2026-04-15,000858,10:53:57,103.2300,22,2
2026-04-15,000858,10:54:00,103.2300,4,2
2026-04-15,000858,10:54:03,103.2300,7,2
2026-04-15,000858,10:54:06,103.2200,3,2
2026-04-15,000858,10:54:09,103.2300,1,1
2026-04-15,000858,10:54:12,103.2500,28,1
2026-04-15,000858,10:54:15,103.2500,5,2
2026-04-15,000858,10:54:18,103.2700,16,1
2026-04-15,000858,10:54:21,103.2700,21,1
2026-04-15,000858,10:54:24,103.2800,3,1
2026-04-15,000858,10:54:27,103.2800,13,1
2026-04-15,000858,10:54:30,103.2700,6,4
2026-04-15,000858,10:54:33,103.2800,18,1
2026-04-15,000858,10:54:36,103.2700,3,1
2026-04-15,000858,10:54:39,103.2700,5,4
2026-04-15,000858,10:54:45,103.2700,2,2
2026-04-15,000858,10:54:48,103.2600,11,2
2026-04-15,000858,10:54:51,103.2700,2,4
2026-04-15,000858,10:54:54,103.2700,6,2
2026-04-15,000858,10:54:57,103.2800,33,1
2026-04-15,000858,10:55:00,103.2700,25,2
2026-04-15,000858,10:55:03,103.2700,90,4
2026-04-15,000858,10:55:06,103.2700,13,1
2026-04-15,000858,10:55:09,103.2700,2,1
2026-04-15,000858,10:55:12,103.2600,4,1
2026-04-15,000858,10:55:18,103.2500,4,2
2026-04-15,000858,10:55:21,103.2100,8,2
2026-04-15,000858,10:55:24,103.2100,3,1
2026-04-15,000858,10:55:33,103.2000,3,2
2026-04-15,000858,10:55:36,103.2000,3,2
2026-04-15,000858,10:55:39,103.2100,3,1
2026-04-15,000858,10:55:42,103.2000,4,2
2026-04-15,000858,10:55:48,103.2000,8,2
2026-04-15,000858,10:55:51,103.2000,8,2
2026-04-15,000858,10:55:54,103.2000,31,2
2026-04-15,000858,10:56:03,103.1900,6,2
2026-04-15,000858,10:56:09,103.1900,11,2
2026-04-15,000858,10:56:12,103.1900,1,2
2026-04-15,000858,10:56:15,103.2000,11,1
2026-04-15,000858,10:56:18,103.2000,2,1
2026-04-15,000858,10:56:21,103.1900,5,2
2026-04-15,000858,10:56:24,103.1900,2,2
2026-04-15,000858,10:56:27,103.1900,5,1
2026-04-15,000858,10:56:30,103.1900,10,1
2026-04-15,000858,10:56:36,103.1900,2,2
2026-04-15,000858,10:56:39,103.1800,11,2
2026-04-15,000858,10:56:45,103.1800,1,2
2026-04-15,000858,10:56:48,103.1800,2,2
2026-04-15,000858,10:56:51,103.1900,2,1
2026-04-15,000858,10:56:57,103.1800,9,2
2026-04-15,000858,10:57:00,103.1900,2,1
2026-04-15,000858,10:57:03,103.1900,10,1
2026-04-15,000858,10:57:06,103.1800,5,2
2026-04-15,000858,10:57:12,103.1900,7,1
2026-04-15,000858,10:57:15,103.1900,5,1
2026-04-15,000858,10:57:18,103.1900,12,1
2026-04-15,000858,10:57:21,103.1800,1,2
2026-04-15,000858,10:57:24,103.1900,8,1
2026-04-15,000858,10:57:27,103.1900,22,2
2026-04-15,000858,10:57:30,103.1900,3,2
2026-04-15,000858,10:57:33,103.1800,1,2
2026-04-15,000858,10:57:36,103.1800,1,2
2026-04-15,000858,10:57:39,103.1800,3,2
2026-04-15,000858,10:57:42,103.1800,9,2
2026-04-15,000858,10:57:45,103.1800,4,2
2026-04-15,000858,10:57:48,103.1800,5,2
2026-04-15,000858,10:57:51,103.1800,25,2
2026-04-15,000858,10:57:54,103.1800,4,2
2026-04-15,000858,10:57:57,103.1800,3,1
2026-04-15,000858,10:58:00,103.1800,2,1
2026-04-15,000858,10:58:03,103.1900,6,1
2026-04-15,000858,10:58:06,103.1800,6,1
2026-04-15,000858,10:58:09,103.1800,3,2
2026-04-15,000858,10:58:15,103.2000,45,1
2026-04-15,000858,10:58:18,103.2100,62,1
2026-04-15,000858,10:58:21,103.2100,11,1
2026-04-15,000858,10:58:24,103.2000,8,2
2026-04-15,000858,10:58:30,103.2000,2,2
2026-04-15,000858,10:58:33,103.2000,5,2
2026-04-15,000858,10:58:36,103.2000,4,2
2026-04-15,000858,10:58:39,103.2100,2,1
2026-04-15,000858,10:58:42,103.2000,4,2
2026-04-15,000858,10:58:48,103.2000,2,2
2026-04-15,000858,10:58:51,103.2000,5,2
2026-04-15,000858,10:58:54,103.2000,1,2
2026-04-15,000858,10:58:57,103.2000,2,2
2026-04-15,000858,10:59:00,103.2100,8,1
2026-04-15,000858,10:59:03,103.2000,3,2
2026-04-15,000858,10:59:09,103.2000,1,2
2026-04-15,000858,10:59:15,103.2100,5,1
2026-04-15,000858,10:59:18,103.2100,46,1
2026-04-15,000858,10:59:21,103.2000,6,2
2026-04-15,000858,10:59:24,103.2100,1,1
2026-04-15,000858,10:59:27,103.2200,37,1
2026-04-15,000858,10:59:30,103.2200,60,1
2026-04-15,000858,10:59:33,103.2400,13,1
2026-04-15,000858,10:59:36,103.2400,4,2
2026-04-15,000858,10:59:45,103.2500,3,1
2026-04-15,000858,10:59:48,103.2400,6,2
2026-04-15,000858,10:59:51,103.2400,5,2
2026-04-15,000858,10:59:54,103.2500,10,1
2026-04-15,000858,10:59:57,103.2500,2,1
2026-04-15,000858,11:00:00,103.2400,4,2
2026-04-15,000858,11:00:03,103.2400,5,2
2026-04-15,000858,11:00:06,103.2400,6,2
2026-04-15,000858,11:00:09,103.2500,5,1
2026-04-15,000858,11:00:12,103.2400,2,2
2026-04-15,000858,11:00:15,103.2400,10,2
2026-04-15,000858,11:00:18,103.2500,10,1
2026-04-15,000858,11:00:24,103.2200,4,2
2026-04-15,000858,11:00:30,103.2300,1,2
2026-04-15,000858,11:00:33,103.2400,11,1
2026-04-15,000858,11:00:36,103.2400,14,1
2026-04-15,000858,11:00:39,103.2500,3,1
2026-04-15,000858,11:00:42,103.2300,7,2
2026-04-15,000858,11:00:45,103.2500,7,1
2026-04-15,000858,11:00:48,103.2500,3,1
2026-04-15,000858,11:00:51,103.2500,5,1
2026-04-15,000858,11:00:54,103.2500,2,1
2026-04-15,000858,11:00:57,103.2400,2,2
2026-04-15,000858,11:01:00,103.2400,5,2
2026-04-15,000858,11:01:06,103.2400,2,2
2026-04-15,000858,11:01:09,103.2400,12,2
2026-04-15,000858,11:01:12,103.2400,5,1
2026-04-15,000858,11:01:15,103.2400,2,1
2026-04-15,000858,11:01:18,103.2400,13,1
2026-04-15,000858,11:01:21,103.2400,4,1
2026-04-15,000858,11:01:24,103.2300,23,2
2026-04-15,000858,11:01:27,103.2500,11,1
2026-04-15,000858,11:01:30,103.2500,1,1
2026-04-15,000858,11:01:33,103.2400,5,2
2026-04-15,000858,11:01:36,103.2400,15,2
2026-04-15,000858,11:01:39,103.2400,27,2
2026-04-15,000858,11:01:42,103.2400,2,2
2026-04-15,000858,11:01:45,103.2400,3,2
2026-04-15,000858,11:01:48,103.2400,11,2
2026-04-15,000858,11:01:54,103.2400,11,2
2026-04-15,000858,11:02:00,103.2400,7,2
2026-04-15,000858,11:02:03,103.2500,16,1
2026-04-15,000858,11:02:06,103.2400,5,2
2026-04-15,000858,11:02:09,103.2400,8,2
2026-04-15,000858,11:02:15,103.2400,1,2
2026-04-15,000858,11:02:18,103.2400,9,2
2026-04-15,000858,11:02:21,103.2500,17,1
2026-04-15,000858,11:02:24,103.2500,10,1
2026-04-15,000858,11:02:27,103.2500,15,1
2026-04-15,000858,11:02:30,103.2400,9,2
2026-04-15,000858,11:02:33,103.2400,2,2
2026-04-15,000858,11:02:36,103.2500,5,1
2026-04-15,000858,11:02:39,103.2500,14,1
2026-04-15,000858,11:02:42,103.2500,4,1
2026-04-15,000858,11:02:45,103.2500,10,1
2026-04-15,000858,11:02:48,103.2300,102,2
2026-04-15,000858,11:02:51,103.2200,1,2
2026-04-15,000858,11:02:54,103.2200,10,2
2026-04-15,000858,11:02:57,103.2200,4,2
2026-04-15,000858,11:03:03,103.2200,4,2
2026-04-15,000858,11:03:06,103.2200,16,2
2026-04-15,000858,11:03:09,103.2200,12,2
2026-04-15,000858,11:03:12,103.2200,1,2
2026-04-15,000858,11:03:15,103.2200,6,2
2026-04-15,000858,11:03:18,103.2200,15,2
2026-04-15,000858,11:03:24,103.2200,5,2
2026-04-15,000858,11:03:30,103.2100,3,2
2026-04-15,000858,11:03:33,103.2100,4,2
2026-04-15,000858,11:03:36,103.2100,15,2
2026-04-15,000858,11:03:39,103.2000,2,2
2026-04-15,000858,11:03:42,103.2100,1,1
2026-04-15,000858,11:03:48,103.2000,7,2
2026-04-15,000858,11:03:51,103.2100,1,1
2026-04-15,000858,11:03:57,103.2000,3,2
2026-04-15,000858,11:04:00,103.2000,10,2
2026-04-15,000858,11:04:03,103.2000,42,2
2026-04-15,000858,11:04:06,103.1900,6,2
2026-04-15,000858,11:04:12,103.2000,2,1
2026-04-15,000858,11:04:15,103.1900,6,2
2026-04-15,000858,11:04:18,103.1900,4,2
2026-04-15,000858,11:04:21,103.2000,2,1
2026-04-15,000858,11:04:24,103.1900,5,2
2026-04-15,000858,11:04:27,103.2000,4,1
2026-04-15,000858,11:04:30,103.2000,6,1
2026-04-15,000858,11:04:33,103.1900,2,2
2026-04-15,000858,11:04:36,103.1800,13,2
2026-04-15,000858,11:04:42,103.1900,5,1
2026-04-15,000858,11:04:45,103.1900,39,1
2026-04-15,000858,11:04:48,103.1900,19,2
2026-04-15,000858,11:04:51,103.1900,4,2
2026-04-15,000858,11:04:54,103.1900,3,2
2026-04-15,000858,11:04:57,103.1900,20,2
2026-04-15,000858,11:05:00,103.2000,1,1
2026-04-15,000858,11:05:03,103.2000,12,1
2026-04-15,000858,11:05:06,103.1900,3,4
2026-04-15,000858,11:05:12,103.1900,1,2
2026-04-15,000858,11:05:15,103.1900,5,2
2026-04-15,000858,11:05:18,103.1900,6,2
2026-04-15,000858,11:05:21,103.2000,2,1
2026-04-15,000858,11:05:27,103.2000,25,1
2026-04-15,000858,11:05:30,103.1900,4,2
2026-04-15,000858,11:05:33,103.1900,5,2
2026-04-15,000858,11:05:36,103.1900,9,2
2026-04-15,000858,11:05:39,103.1900,11,2
2026-04-15,000858,11:05:42,103.1800,4,2
2026-04-15,000858,11:05:48,103.1800,9,2
2026-04-15,000858,11:05:54,103.1800,19,2
2026-04-15,000858,11:05:57,103.1800,21,2
2026-04-15,000858,11:06:00,103.1800,9,2
2026-04-15,000858,11:06:03,103.1800,6,2
2026-04-15,000858,11:06:06,103.1800,15,2
2026-04-15,000858,11:06:09,103.1900,2,1
2026-04-15,000858,11:06:12,103.1800,8,2
2026-04-15,000858,11:06:15,103.1900,11,1
2026-04-15,000858,11:06:18,103.1800,7,2
2026-04-15,000858,11:06:21,103.1800,3,2
2026-04-15,000858,11:06:24,103.1800,25,2
2026-04-15,000858,11:06:27,103.1800,4,2
2026-04-15,000858,11:06:30,103.1800,9,2
2026-04-15,000858,11:06:33,103.1800,5,1
2026-04-15,000858,11:06:36,103.1800,4,1
2026-04-15,000858,11:06:39,103.1600,60,2
2026-04-15,000858,11:06:42,103.1700,43,1
2026-04-15,000858,11:06:45,103.1700,1,1
2026-04-15,000858,11:06:48,103.1600,14,2
2026-04-15,000858,11:06:51,103.1700,4,1
2026-04-15,000858,11:06:54,103.1600,3,2
2026-04-15,000858,11:06:57,103.1600,31,2
2026-04-15,000858,11:07:03,103.1500,5,2
2026-04-15,000858,11:07:06,103.1700,28,1
2026-04-15,000858,11:07:09,103.1600,1,2
2026-04-15,000858,11:07:12,103.1700,7,1
2026-04-15,000858,11:07:15,103.1700,18,1
2026-04-15,000858,11:07:18,103.1900,334,1
2026-04-15,000858,11:07:21,103.1900,11,2
2026-04-15,000858,11:07:24,103.1900,10,2
2026-04-15,000858,11:07:27,103.1900,16,2
2026-04-15,000858,11:07:30,103.2000,15,1
2026-04-15,000858,11:07:33,103.1900,5,2
2026-04-15,000858,11:07:36,103.1900,20,2
2026-04-15,000858,11:07:39,103.1900,10,1
2026-04-15,000858,11:07:48,103.1800,13,2
2026-04-15,000858,11:07:51,103.1900,5,1
2026-04-15,000858,11:07:54,103.1900,52,1
2026-04-15,000858,11:07:57,103.2000,4,1
2026-04-15,000858,11:08:03,103.2000,23,1
2026-04-15,000858,11:08:06,103.2000,7,1
2026-04-15,000858,11:08:09,103.2100,54,1
2026-04-15,000858,11:08:12,103.1900,3,2
2026-04-15,000858,11:08:15,103.2000,1,4
2026-04-15,000858,11:08:18,103.1900,1,2
2026-04-15,000858,11:08:21,103.2100,6,1
2026-04-15,000858,11:08:24,103.2000,22,2
2026-04-15,000858,11:08:27,103.2100,4,4
2026-04-15,000858,11:08:30,103.2200,21,1
2026-04-15,000858,11:08:33,103.2100,3,2
2026-04-15,000858,11:08:36,103.2100,5,2
2026-04-15,000858,11:08:42,103.2200,3,1
2026-04-15,000858,11:08:45,103.2200,3,1
2026-04-15,000858,11:08:48,103.2100,1,2
2026-04-15,000858,11:08:51,103.2200,4,1
