date,code,time,price,volume,bs
2026-06-17,601318,14:06:57,52.7400,78,2
2026-06-17,601318,14:07:00,52.7400,70,4
2026-06-17,601318,14:07:03,52.7500,67,1
2026-06-17,601318,14:07:06,52.7400,27,2
2026-06-17,601318,14:07:09,52.7400,50,2
2026-06-17,601318,14:07:12,52.7400,46,2
2026-06-17,601318,14:07:15,52.7500,180,1
2026-06-17,601318,14:07:18,52.7600,327,1
2026-06-17,601318,14:07:21,52.7800,38,1
2026-06-17,601318,14:07:24,52.7800,23,1
2026-06-17,601318,14:07:27,52.7900,127,1
2026-06-17,601318,14:07:30,52.7800,72,4
2026-06-17,601318,14:07:33,52.7900,19,1
2026-06-17,601318,14:07:36,52.7900,132,1
2026-06-17,601318,14:07:39,52.7900,70,2
2026-06-17,601318,14:07:42,52.7900,105,2
2026-06-17,601318,14:07:45,52.7800,110,2
2026-06-17,601318,14:07:48,52.7800,26,2
2026-06-17,601318,14:07:51,52.7800,51,2
2026-06-17,601318,14:07:54,52.7800,25,2
2026-06-17,601318,14:07:57,52.7800,152,2
2026-06-17,601318,14:08:00,52.7800,94,2
2026-06-17,601318,14:08:03,52.7800,7,1
2026-06-17,601318,14:08:06,52.7700,75,2
2026-06-17,601318,14:08:09,52.7700,5,2
2026-06-17,601318,14:08:12,52.7800,47,1
2026-06-17,601318,14:08:15,52.8100,1022,1
2026-06-17,601318,14:08:18,52.8200,145,4
2026-06-17,601318,14:08:21,52.8200,35,2
2026-06-17,601318,14:08:24,52.8100,47,2
2026-06-17,601318,14:08:27,52.8100,94,2
2026-06-17,601318,14:08:30,52.7900,20,2
2026-06-17,601318,14:08:33,52.8000,42,1
2026-06-17,601318,14:08:36,52.7900,76,2
2026-06-17,601318,14:08:39,52.8000,20,1
2026-06-17,601318,14:08:42,52.7900,11,2
2026-06-17,601318,14:08:45,52.7900,94,2
2026-06-17,601318,14:08:48,52.7900,63,2
2026-06-17,601318,14:08:51,52.7900,5,2
2026-06-17,601318,14:08:54,52.8000,49,1
2026-06-17,601318,14:08:57,52.7900,8,4
2026-06-17,601318,14:09:00,52.7800,21,2
2026-06-17,601318,14:09:03,52.7800,27,2
2026-06-17,601318,14:09:06,52.7800,4,2
2026-06-17,601318,14:09:09,52.7900,35,1
2026-06-17,601318,14:09:12,52.7900,51,1
2026-06-17,601318,14:09:15,52.7900,2,1
2026-06-17,601318,14:09:18,52.7900,8,1
2026-06-17,601318,14:09:21,52.7900,56,1
2026-06-17,601318,14:09:24,52.7800,45,2
2026-06-17,601318,14:09:27,52.7800,46,2
2026-06-17,601318,14:09:30,52.7800,28,2
2026-06-17,601318,14:09:33,52.7700,61,2
2026-06-17,601318,14:09:36,52.7600,59,2
2026-06-17,601318,14:09:39,52.7700,38,1
2026-06-17,601318,14:09:42,52.7700,36,1
2026-06-17,601318,14:09:45,52.7700,63,1
2026-06-17,601318,14:09:48,52.7600,63,2
2026-06-17,601318,14:09:51,52.7600,24,2
2026-06-17,601318,14:09:54,52.7700,150,1
2026-06-17,601318,14:09:57,52.7800,119,1
2026-06-17,601318,14:10:00,52.7800,185,2
2026-06-17,601318,14:10:03,52.7600,324,2
2026-06-17,601318,14:10:06,52.7700,109,4
2026-06-17,601318,14:10:09,52.7800,55,1
2026-06-17,601318,14:10:12,52.7700,43,2
2026-06-17,601318,14:10:15,52.7700,50,2
2026-06-17,601318,14:10:18,52.7700,119,2
2026-06-17,601318,14:10:21,52.7700,77,1
2026-06-17,601318,14:10:24,52.7700,75,1
2026-06-17,601318,14:10:27,52.7700,36,2
2026-06-17,601318,14:10:30,52.7700,12,2
2026-06-17,601318,14:10:33,52.7700,68,2
2026-06-17,601318,14:10:36,52.7600,39,2
2026-06-17,601318,14:10:39,52.7700,19,1
2026-06-17,601318,14:10:42,52.7600,127,2
2026-06-17,601318,14:10:45,52.7700,204,1
2026-06-17,601318,14:10:48,52.7700,86,2
2026-06-17,601318,14:10:51,52.7800,54,1
2026-06-17,601318,14:10:54,52.7800,56,2
2026-06-17,601318,14:10:57,52.7700,45,2
2026-06-17,601318,14:11:00,52.7700,68,2
2026-06-17,601318,14:11:03,52.7700,121,2
2026-06-17,601318,14:11:06,52.7600,187,2
2026-06-17,601318,14:11:09,52.7500,194,2
2026-06-17,601318,14:11:12,52.7500,99,2
2026-06-17,601318,14:11:15,52.7500,111,2
2026-06-17,601318,14:11:18,52.7600,56,1
2026-06-17,601318,14:11:21,52.7600,27,1
2026-06-17,601318,14:11:24,52.7500,76,2
2026-06-17,601318,14:11:27,52.7500,12,2
2026-06-17,601318,14:11:30,52.7500,131,2
2026-06-17,601318,14:11:33,52.7500,85,2
2026-06-17,601318,14:11:36,52.7400,82,2
2026-06-17,601318,14:11:39,52.7400,44,2
2026-06-17,601318,14:11:42,52.7400,31,2
2026-06-17,601318,14:11:45,52.7400,103,2
2026-06-17,601318,14:11:48,52.7500,31,1
2026-06-17,601318,14:11:51,52.7500,25,1
2026-06-17,601318,14:11:54,52.7400,74,2
2026-06-17,601318,14:11:57,52.7500,36,1
2026-06-17,601318,14:12:00,52.7400,53,2
2026-06-17,601318,14:12:03,52.7500,52,1
2026-06-17,601318,14:12:06,52.7900,756,1
2026-06-17,601318,14:12:09,52.7700,68,2
2026-06-17,601318,14:12:12,52.7700,47,2
2026-06-17,601318,14:12:15,52.7600,67,2
2026-06-17,601318,14:12:18,52.7700,7,1
2026-06-17,601318,14:12:21,52.7600,1,2
2026-06-17,601318,14:12:24,52.7600,42,2
2026-06-17,601318,14:12:27,52.7600,22,2
2026-06-17,601318,14:12:30,52.7500,58,2
2026-06-17,601318,14:12:33,52.7500,2,2
2026-06-17,601318,14:12:36,52.7600,30,1
2026-06-17,601318,14:12:39,52.7600,3,1
2026-06-17,601318,14:12:42,52.7600,37,1
2026-06-17,601318,14:12:45,52.7600,604,2
2026-06-17,601318,14:12:48,52.7600,36,2
2026-06-17,601318,14:12:51,52.7800,100,1
2026-06-17,601318,14:12:54,52.7800,111,2
2026-06-17,601318,14:12:57,52.7800,5,4
2026-06-17,601318,14:13:00,52.7800,20,1
2026-06-17,601318,14:13:03,52.7800,10,1
2026-06-17,601318,14:13:06,52.7700,114,2
2026-06-17,601318,14:13:09,52.7800,5,2
2026-06-17,601318,14:13:12,52.7900,481,1
2026-06-17,601318,14:13:15,52.7900,55,1
2026-06-17,601318,14:13:18,52.8000,33,1
2026-06-17,601318,14:13:21,52.8000,131,1
2026-06-17,601318,14:13:24,52.7900,198,2
2026-06-17,601318,14:13:27,52.7900,306,2
2026-06-17,601318,14:13:30,52.7900,23,1
2026-06-17,601318,14:13:33,52.7800,107,2
2026-06-17,601318,14:13:36,52.7900,99,1
2026-06-17,601318,14:13:39,52.7700,106,2
2026-06-17,601318,14:13:42,52.7600,24,4
2026-06-17,601318,14:13:45,52.7600,50,1
2026-06-17,601318,14:13:48,52.7600,6,1
2026-06-17,601318,14:13:51,52.7600,30,1
2026-06-17,601318,14:13:54,52.7500,111,2
2026-06-17,601318,14:13:57,52.7700,45,1
2026-06-17,601318,14:14:00,52.7600,34,2
2026-06-17,601318,14:14:03,52.7700,134,1
2026-06-17,601318,14:14:06,52.7600,15,2
2026-06-17,601318,14:14:09,52.7700,11,1
2026-06-17,601318,14:14:12,52.7600,101,2
2026-06-17,601318,14:14:15,52.7600,81,2
2026-06-17,601318,14:14:18,52.7600,11,2
2026-06-17,601318,14:14:21,52.7600,137,2
2026-06-17,601318,14:14:24,52.7500,80,2
2026-06-17,601318,14:14:27,52.7400,54,2
2026-06-17,601318,14:14:30,52.7400,28,2
2026-06-17,601318,14:14:33,52.7500,69,1
2026-06-17,601318,14:14:36,52.7200,124,2
2026-06-17,601318,14:14:39,52.7300,63,1
2026-06-17,601318,14:14:42,52.7300,104,1
2026-06-17,601318,14:14:45,52.7500,50,1
2026-06-17,601318,14:14:48,52.7500,21,1
2026-06-17,601318,14:14:51,52.7400,29,2
2026-06-17,601318,14:14:54,52.7500,94,1
2026-06-17,601318,14:14:57,52.7500,52,2
2026-06-17,601318,14:15:00,52.7500,29,2
2026-06-17,601318,14:15:03,52.7500,165,2
2026-06-17,601318,14:15:06,52.7500,60,1
2026-06-17,601318,14:15:09,52.7600,75,1
2026-06-17,601318,14:15:12,52.7600,16,2
2026-06-17,601318,14:15:15,52.7500,245,2
2026-06-17,601318,14:15:18,52.7600,16,2
2026-06-17,601318,14:15:21,52.7600,36,2
2026-06-17,601318,14:15:24,52.7700,58,1
2026-06-17,601318,14:15:27,52.7700,11,2
2026-06-17,601318,14:15:30,52.7700,233,2
2026-06-17,601318,14:15:33,52.7600,138,2
2026-06-17,601318,14:15:36,52.7600,19,1
2026-06-17,601318,14:15:39,52.7600,38,1
2026-06-17,601318,14:15:42,52.7600,41,1
2026-06-17,601318,14:15:45,52.7700,277,1
2026-06-17,601318,14:15:48,52.7700,22,1
2026-06-17,601318,14:15:51,52.7800,16,1
2026-06-17,601318,14:15:54,52.7500,418,2
2026-06-17,601318,14:15:57,52.7700,17,1
2026-06-17,601318,14:16:00,52.7600,58,4
2026-06-17,601318,14:16:03,52.7600,31,1
2026-06-17,601318,14:16:06,52.7600,41,2
2026-06-17,601318,14:16:09,52.7500,6,2
2026-06-17,601318,14:16:12,52.7500,52,2
2026-06-17,601318,14:16:15,52.7500,67,2
2026-06-17,601318,14:16:18,52.7600,52,1
2026-06-17,601318,14:16:21,52.7500,101,2
2026-06-17,601318,14:16:24,52.7500,63,2
2026-06-17,601318,14:16:27,52.7600,51,1
2026-06-17,601318,14:16:30,52.7500,19,2
2026-06-17,601318,14:16:33,52.7400,210,2
2026-06-17,601318,14:16:36,52.7600,82,1
2026-06-17,601318,14:16:39,52.7500,98,1
2026-06-17,601318,14:16:42,52.7400,12,2
2026-06-17,601318,14:16:45,52.7500,11,1
2026-06-17,601318,14:16:48,52.7400,10,2
2026-06-17,601318,14:16:51,52.7500,13,1
2026-06-17,601318,14:16:54,52.7500,35,1
2026-06-17,601318,14:16:57,52.7500,12,1
2026-06-17,601318,14:17:00,52.7500,92,2
2026-06-17,601318,14:17:03,52.7500,26,2
2026-06-17,601318,14:17:06,52.7400,110,2
2026-06-17,601318,14:17:09,52.7500,33,1
2026-06-17,601318,14:17:12,52.7500,16,2
2026-06-17,601318,14:17:15,52.7500,3,2
2026-06-17,601318,14:17:18,52.7600,60,1
2026-06-17,601318,14:17:21,52.7500,91,2
2026-06-17,601318,14:17:27,52.7500,207,2
2026-06-17,601318,14:17:30,52.7500,49,2
2026-06-17,601318,14:17:33,52.7400,82,2
2026-06-17,601318,14:17:36,52.7400,46,2
2026-06-17,601318,14:17:39,52.7400,12,2
2026-06-17,601318,14:17:42,52.7400,21,2
2026-06-17,601318,14:17:45,52.7500,4,1
2026-06-17,601318,14:17:48,52.7400,10,2
2026-06-17,601318,14:17:51,52.7400,24,2
2026-06-17,601318,14:17:54,52.7500,66,1
2026-06-17,601318,14:17:57,52.7500,10,1
2026-06-17,601318,14:18:00,52.7500,21,1
2026-06-17,601318,14:18:03,52.7400,44,2
2026-06-17,601318,14:18:06,52.7500,5,1
2026-06-17,601318,14:18:09,52.7500,292,1
2026-06-17,601318,14:18:12,52.7400,44,2
2026-06-17,601318,14:18:15,52.7400,29,2
2026-06-17,601318,14:18:18,52.7400,113,2
2026-06-17,601318,14:18:21,52.7500,148,1
2026-06-17,601318,14:18:24,52.7400,92,2
2026-06-17,601318,14:18:27,52.7500,30,4
2026-06-17,601318,14:18:30,52.7400,45,2
2026-06-17,601318,14:18:33,52.7400,18,2
2026-06-17,601318,14:18:36,52.7400,99,2
2026-06-17,601318,14:18:39,52.7500,96,1
2026-06-17,601318,14:18:42,52.7500,5,2
2026-06-17,601318,14:18:45,52.7600,10,1
2026-06-17,601318,14:18:48,52.7500,50,2
2026-06-17,601318,14:18:51,52.7500,17,2
2026-06-17,601318,14:18:54,52.7600,7,1
2026-06-17,601318,14:18:57,52.7500,71,2
2026-06-17,601318,14:19:00,52.7500,38,2
2026-06-17,601318,14:19:03,52.7500,126,2
2026-06-17,601318,14:19:06,52.7500,64,2
2026-06-17,601318,14:19:09,52.7500,1,2
2026-06-17,601318,14:19:12,52.7500,3,2
2026-06-17,601318,14:19:15,52.7600,61,1
2026-06-17,601318,14:19:18,52.7600,164,1
2026-06-17,601318,14:19:21,52.7600,33,1
2026-06-17,601318,14:19:24,52.7600,17,2
2026-06-17,601318,14:19:27,52.7600,16,2
2026-06-17,601318,14:19:30,52.7700,91,1
2026-06-17,601318,14:19:33,52.7500,74,2
2026-06-17,601318,14:19:36,52.7500,99,2
2026-06-17,601318,14:19:39,52.7600,12,1
2026-06-17,601318,14:19:42,52.7500,21,2
2026-06-17,601318,14:19:45,52.7500,10,2
2026-06-17,601318,14:19:48,52.7600,10,1
2026-06-17,601318,14:19:51,52.7500,16,2
2026-06-17,601318,14:19:54,52.7600,22,1
2026-06-17,601318,14:19:57,52.7500,38,2
2026-06-17,601318,14:20:00,52.7500,73,2
2026-06-17,601318,14:20:03,52.7500,16,2
2026-06-17,601318,14:20:06,52.7600,15,1
2026-06-17,601318,14:20:09,52.7500,15,2
2026-06-17,601318,14:20:12,52.7500,131,2
2026-06-17,601318,14:20:15,52.7500,1,2
2026-06-17,601318,14:20:18,52.7600,17,1
2026-06-17,601318,14:20:21,52.7500,34,2
2026-06-17,601318,14:20:24,52.7600,187,1
2026-06-17,601318,14:20:27,52.7700,1,1
2026-06-17,601318,14:20:30,52.7600,6,2
2026-06-17,601318,14:20:33,52.7600,18,2
2026-06-17,601318,14:20:36,52.7600,14,2
2026-06-17,601318,14:20:39,52.7700,28,1
2026-06-17,601318,14:20:42,52.7500,89,2
2026-06-17,601318,14:20:45,52.7600,69,1
2026-06-17,601318,14:20:48,52.7600,35,1
2026-06-17,601318,14:20:51,52.7600,41,1
2026-06-17,601318,14:20:54,52.7500,3,2
2026-06-17,601318,14:20:57,52.7600,15,1
2026-06-17,601318,14:21:00,52.7600,71,1
2026-06-17,601318,14:21:03,52.7500,78,2
2026-06-17,601318,14:21:06,52.7500,78,2
2026-06-17,601318,14:21:09,52.7400,366,2
2026-06-17,601318,14:21:12,52.7400,77,2
2026-06-17,601318,14:21:15,52.7400,38,2
2026-06-17,601318,14:21:18,52.7500,110,1
2026-06-17,601318,14:21:21,52.7400,60,2
2026-06-17,601318,14:21:24,52.7400,1,2
2026-06-17,601318,14:21:27,52.7500,24,1
2026-06-17,601318,14:21:30,52.7400,203,2
2026-06-17,601318,14:21:33,52.7400,147,1
2026-06-17,601318,14:21:36,52.7300,56,2
2026-06-17,601318,14:21:39,52.7300,1,2
2026-06-17,601318,14:21:42,52.7300,25,2
2026-06-17,601318,14:21:45,52.7300,122,2
2026-06-17,601318,14:21:48,52.7300,57,2
2026-06-17,601318,14:21:51,52.7300,31,2
2026-06-17,601318,14:21:54,52.7300,41,1
2026-06-17,601318,14:21:57,52.7200,153,2
2026-06-17,601318,14:22:00,52.7300,85,1
2026-06-17,601318,14:22:03,52.7300,67,1
2026-06-17,601318,14:22:06,52.7300,195,1
2026-06-17,601318,14:22:09,52.7300,65,2
2026-06-17,601318,14:22:12,52.7300,121,2
2026-06-17,601318,14:22:15,52.7300,51,2
2026-06-17,601318,14:22:18,52.7300,48,2
2026-06-17,601318,14:22:21,52.7300,32,2
2026-06-17,601318,14:22:24,52.7300,63,2
2026-06-17,601318,14:22:27,52.7400,138,1
2026-06-17,601318,14:22:30,52.7400,138,1
2026-06-17,601318,14:22:33,52.7400,98,1
2026-06-17,601318,14:22:36,52.7300,46,2
2026-06-17,601318,14:22:39,52.7200,128,2
2026-06-17,601318,14:22:42,52.7200,85,2
2026-06-17,601318,14:22:45,52.7300,106,1
2026-06-17,601318,14:22:48,52.7200,68,2
2026-06-17,601318,14:22:51,52.7200,45,2
2026-06-17,601318,14:22:54,52.7200,69,2
2026-06-17,601318,14:22:57,52.7300,134,1
2026-06-17,601318,14:23:00,52.7300,110,1
2026-06-17,601318,14:23:03,52.7200,183,2
2026-06-17,601318,14:23:06,52.7300,45,1
2026-06-17,601318,14:23:09,52.7300,44,1
2026-06-17,601318,14:23:12,52.7200,22,2
2026-06-17,601318,14:23:15,52.7300,18,1
2026-06-17,601318,14:23:18,52.7200,171,2
2026-06-17,601318,14:23:21,52.7100,244,2
2026-06-17,601318,14:23:24,52.7100,35,2
2026-06-17,601318,14:23:27,52.7100,128,2
2026-06-17,601318,14:23:30,52.7000,92,2
2026-06-17,601318,14:23:33,52.7000,281,2
2026-06-17,601318,14:23:36,52.7000,312,1
2026-06-17,601318,14:23:39,52.6900,109,2
2026-06-17,601318,14:23:42,52.6900,19,1
2026-06-17,601318,14:23:45,52.6900,36,1
2026-06-17,601318,14:23:48,52.6800,10,2
2026-06-17,601318,14:23:51,52.6800,15,2
2026-06-17,601318,14:23:54,52.6900,39,1
2026-06-17,601318,14:23:57,52.6800,7,2
2026-06-17,601318,14:24:00,52.6800,80,2
2026-06-17,601318,14:24:03,52.6900,238,1
2026-06-17,601318,14:24:06,52.7000,237,1
2026-06-17,601318,14:24:09,52.7000,216,1
2026-06-17,601318,14:24:12,52.6900,32,2
2026-06-17,601318,14:24:15,52.6900,114,2
2026-06-17,601318,14:24:18,52.7000,21,1
2026-06-17,601318,14:24:21,52.7000,16,1
2026-06-17,601318,14:24:24,52.6900,12,2
2026-06-17,601318,14:24:27,52.7000,70,1
2026-06-17,601318,14:24:30,52.7100,685,1
2026-06-17,601318,14:24:33,52.7300,12,2
2026-06-17,601318,14:24:36,52.7200,24,2
2026-06-17,601318,14:24:39,52.7100,114,2
2026-06-17,601318,14:24:42,52.7300,6,1
2026-06-17,601318,14:24:45,52.7200,9,2
2026-06-17,601318,14:24:48,52.7200,3,2
2026-06-17,601318,14:24:51,52.7200,49,2
2026-06-17,601318,14:24:54,52.7200,18,2
2026-06-17,601318,14:24:57,52.7300,45,1
2026-06-17,601318,14:25:00,52.7300,136,1
2026-06-17,601318,14:25:03,52.7300,16,1
2026-06-17,601318,14:25:06,52.7300,62,1
2026-06-17,601318,14:25:09,52.7200,36,2
2026-06-17,601318,14:25:12,52.7300,109,1
2026-06-17,601318,14:25:15,52.7200,20,2
2026-06-17,601318,14:25:18,52.7200,44,2
2026-06-17,601318,14:25:21,52.7200,24,2
2026-06-17,601318,14:25:24,52.7300,4,1
2026-06-17,601318,14:25:27,52.7200,13,2
2026-06-17,601318,14:25:30,52.7200,33,2
2026-06-17,601318,14:25:33,52.7300,64,1
2026-06-17,601318,14:25:39,52.7000,271,2
2026-06-17,601318,14:25:42,52.7000,76,2
2026-06-17,601318,14:25:45,52.7100,25,1
2026-06-17,601318,14:25:48,52.7100,105,1
2026-06-17,601318,14:25:54,52.7200,42,1
2026-06-17,601318,14:25:57,52.7200,23,1
2026-06-17,601318,14:26:00,52.7100,28,2
2026-06-17,601318,14:26:03,52.7100,113,2
2026-06-17,601318,14:26:06,52.7100,70,2
2026-06-17,601318,14:26:09,52.7100,191,2
2026-06-17,601318,14:26:12,52.7100,32,2
2026-06-17,601318,14:26:15,52.7100,91,2
2026-06-17,601318,14:26:18,52.7200,19,1
2026-06-17,601318,14:26:21,52.7100,2,2
2026-06-17,601318,14:26:24,52.7100,44,2
2026-06-17,601318,14:26:27,52.7200,58,1
2026-06-17,601318,14:26:30,52.7100,48,2
2026-06-17,601318,14:26:33,52.7100,23,1
2026-06-17,601318,14:26:36,52.7100,78,1
2026-06-17,601318,14:26:39,52.7000,93,2
2026-06-17,601318,14:26:42,52.7000,122,2
2026-06-17,601318,14:26:45,52.7000,308,2
2026-06-17,601318,14:26:48,52.7000,193,2
2026-06-17,601318,14:26:51,52.7100,45,1
2026-06-17,601318,14:26:54,52.7000,22,2
2026-06-17,601318,14:26:57,52.7000,40,2
2026-06-17,601318,14:27:00,52.7000,19,2
2026-06-17,601318,14:27:03,52.7000,23,2
2026-06-17,601318,14:27:06,52.6900,161,2
2026-06-17,601318,14:27:09,52.7000,12,2
2026-06-17,601318,14:27:12,52.7000,123,2
2026-06-17,601318,14:27:15,52.7000,74,2
2026-06-17,601318,14:27:18,52.7000,271,1
2026-06-17,601318,14:27:21,52.7200,186,1
2026-06-17,601318,14:27:24,52.7100,82,2
2026-06-17,601318,14:27:27,52.7200,144,1
2026-06-17,601318,14:27:30,52.7200,48,1
2026-06-17,601318,14:27:33,52.7100,68,2
2026-06-17,601318,14:27:36,52.7100,46,1
2026-06-17,601318,14:27:39,52.7000,50,2
2026-06-17,601318,14:27:42,52.7100,37,2
2026-06-17,601318,14:27:45,52.7100,127,1
2026-06-17,601318,14:27:48,52.7000,69,2
2026-06-17,601318,14:27:51,52.7100,23,1
2026-06-17,601318,14:27:54,52.7000,148,2
2026-06-17,601318,14:27:57,52.7000,1,2
2026-06-17,601318,14:28:00,52.7100,43,1
2026-06-17,601318,14:28:03,52.7000,5,2
2026-06-17,601318,14:28:06,52.7000,38,2
2026-06-17,601318,14:28:09,52.7000,65,2
2026-06-17,601318,14:28:12,52.7000,62,2
2026-06-17,601318,14:28:15,52.7100,62,1
2026-06-17,601318,14:28:18,52.7100,61,1
2026-06-17,601318,14:28:21,52.7100,177,1
2026-06-17,601318,14:28:24,52.7200,35,1
2026-06-17,601318,14:28:27,52.7100,51,2
2026-06-17,601318,14:28:30,52.7100,14,2
2026-06-17,601318,14:28:33,52.7200,15,1
2026-06-17,601318,14:28:36,52.7100,146,2
2026-06-17,601318,14:28:39,52.7100,53,2
2026-06-17,601318,14:28:42,52.7100,43,2
2026-06-17,601318,14:28:45,52.7100,41,2
2026-06-17,601318,14:28:48,52.7200,25,1
2026-06-17,601318,14:28:51,52.7200,36,1
2026-06-17,601318,14:28:54,52.7100,170,2
2026-06-17,601318,14:28:57,52.7000,121,2
2026-06-17,601318,14:29:00,52.7000,59,2
2026-06-17,601318,14:29:03,52.6900,143,2
2026-06-17,601318,14:29:06,52.6800,131,2
2026-06-17,601318,14:29:09,52.6800,44,2
2026-06-17,601318,14:29:12,52.6900,13,1
2026-06-17,601318,14:29:15,52.6800,120,2
2026-06-17,601318,14:29:18,52.6900,175,1
2026-06-17,601318,14:29:21,52.6900,55,1
2026-06-17,601318,14:29:24,52.6900,182,2
2026-06-17,601318,14:29:27,52.6900,53,2
2026-06-17,601318,14:29:30,52.6900,30,1
2026-06-17,601318,14:29:33,52.6800,80,2
2026-06-17,601318,14:29:36,52.6800,71,2
2026-06-17,601318,14:29:39,52.6900,99,1
2026-06-17,601318,14:29:42,52.6800,266,2
2026-06-17,601318,14:29:45,52.6800,88,2
2026-06-17,601318,14:29:48,52.6800,109,1
2026-06-17,601318,14:29:51,52.6700,26,2
2026-06-17,601318,14:29:54,52.6700,43,2
2026-06-17,601318,14:29:57,52.6700,18,2
2026-06-17,601318,14:30:00,52.6700,124,2
2026-06-17,601318,14:30:03,52.6800,351,1
2026-06-17,601318,14:30:06,52.6800,43,2
2026-06-17,601318,14:30:09,52.6900,22,1
2026-06-17,601318,14:30:12,52.6900,90,1
2026-06-17,601318,14:30:15,52.7000,38,1
2026-06-17,601318,14:30:18,52.7000,166,2
2026-06-17,601318,14:30:21,52.7100,68,1
2026-06-17,601318,14:30:24,52.7100,127,2
2026-06-17,601318,14:30:27,52.7000,54,2
2026-06-17,601318,14:30:30,52.7100,140,1
2026-06-17,601318,14:30:33,52.7100,133,1
2026-06-17,601318,14:30:36,52.7100,152,1
2026-06-17,601318,14:30:39,52.7100,74,1
2026-06-17,601318,14:30:42,52.7000,26,2
2026-06-17,601318,14:30:45,52.7100,213,1
2026-06-17,601318,14:30:48,52.7000,24,2
2026-06-17,601318,14:30:51,52.7200,59,1
2026-06-17,601318,14:30:54,52.7200,18,1
2026-06-17,601318,14:30:57,52.7200,15,1
2026-06-17,601318,14:31:00,52.7200,166,1
2026-06-17,601318,14:31:03,52.7100,94,2
2026-06-17,601318,14:31:06,52.7200,142,1
2026-06-17,601318,14:31:09,52.7200,198,1
2026-06-17,601318,14:31:12,52.7200,38,1
2026-06-17,601318,14:31:15,52.7000,124,2
2026-06-17,601318,14:31:18,52.7200,96,1
2026-06-17,601318,14:31:21,52.7200,132,1
2026-06-17,601318,14:31:24,52.7100,176,2
2026-06-17,601318,14:31:27,52.7100,70,2
2026-06-17,601318,14:31:30,52.7100,63,1
2026-06-17,601318,14:31:33,52.7000,191,2
2026-06-17,601318,14:31:36,52.7000,42,2
2026-06-17,601318,14:31:39,52.7000,21,2
2026-06-17,601318,14:31:42,52.7000,60,2
2026-06-17,601318,14:31:45,52.7100,248,1
2026-06-17,601318,14:31:48,52.7100,143,2
2026-06-17,601318,14:31:51,52.7100,75,1
2026-06-17,601318,14:31:54,52.7100,63,1
2026-06-17,601318,14:31:57,52.7100,109,1
2026-06-17,601318,14:32:00,52.7100,289,1
2026-06-17,601318,14:32:03,52.7100,73,1
2026-06-17,601318,14:32:06,52.7100,12,2
2026-06-17,601318,14:32:09,52.7100,149,2
2026-06-17,601318,14:32:12,52.7100,154,2
2026-06-17,601318,14:32:15,52.7100,198,2
2026-06-17,601318,14:32:18,52.7200,9,1
2026-06-17,601318,14:32:21,52.7100,194,2
2026-06-17,601318,14:32:24,52.7100,5,2
2026-06-17,601318,14:32:27,52.7200,1163,1
2026-06-17,601318,14:32:30,52.7100,197,2
2026-06-17,601318,14:32:33,52.7200,103,1
2026-06-17,601318,14:32:36,52.7200,62,1
2026-06-17,601318,14:32:39,52.7200,250,1
2026-06-17,601318,14:32:42,52.7100,48,2
2026-06-17,601318,14:32:45,52.7100,154,2
2026-06-17,601318,14:32:48,52.7100,301,2
2026-06-17,601318,14:32:51,52.7000,87,2
2026-06-17,601318,14:32:54,52.7000,306,2
2026-06-17,601318,14:32:57,52.7000,122,2
2026-06-17,601318,14:33:00,52.7000,150,2
2026-06-17,601318,14:33:03,52.7000,116,2
2026-06-17,601318,14:33:06,52.7000,49,2
2026-06-17,601318,14:33:09,52.7000,151,2
2026-06-17,601318,14:33:12,52.6800,167,2
2026-06-17,601318,14:33:15,52.7000,130,1
2026-06-17,601318,14:33:18,52.6900,61,2
2026-06-17,601318,14:33:21,52.7000,25,1
2026-06-17,601318,14:33:24,52.6900,95,2
2026-06-17,601318,14:33:27,52.6900,103,2
2026-06-17,601318,14:33:30,52.7000,150,1
2026-06-17,601318,14:33:33,52.7000,31,1
2026-06-17,601318,14:33:36,52.7000,197,1
2026-06-17,601318,14:33:39,52.7100,9,1
2026-06-17,601318,14:33:42,52.7000,19,2
2026-06-17,601318,14:33:45,52.7000,150,2
2026-06-17,601318,14:33:48,52.7100,60,1
2026-06-17,601318,14:33:51,52.7100,170,2
2026-06-17,601318,14:33:54,52.7100,177,2
2026-06-17,601318,14:33:57,52.7100,192,2
2026-06-17,601318,14:34:00,52.7200,126,1
2026-06-17,601318,14:34:03,52.7200,172,1
2026-06-17,601318,14:34:06,52.7100,75,2
2026-06-17,601318,14:34:09,52.7100,194,2
2026-06-17,601318,14:34:12,52.7100,72,1
2026-06-17,601318,14:34:15,52.7100,20,1
2026-06-17,601318,14:34:18,52.7100,2,1
2026-06-17,601318,14:34:21,52.7100,63,1
2026-06-17,601318,14:34:24,52.7100,254,1
2026-06-17,601318,14:34:27,52.7100,57,1
2026-06-17,601318,14:34:30,52.7000,29,2
2026-06-17,601318,14:34:33,52.7100,32,1
2026-06-17,601318,14:34:36,52.7100,103,1
2026-06-17,601318,14:34:39,52.7100,65,1
2026-06-17,601318,14:34:42,52.7100,31,1
2026-06-17,601318,14:34:45,52.7100,18,1
2026-06-17,601318,14:34:48,52.7100,17,1
2026-06-17,601318,14:34:51,52.7300,1136,1
2026-06-17,601318,14:34:54,52.7400,448,1
2026-06-17,601318,14:34:57,52.7300,275,2
2026-06-17,601318,14:35:00,52.7400,144,1
2026-06-17,601318,14:35:03,52.7400,164,1
2026-06-17,601318,14:35:06,52.7300,243,2
2026-06-17,601318,14:35:09,52.7400,155,1
2026-06-17,601318,14:35:12,52.7400,72,1
2026-06-17,601318,14:35:15,52.7400,767,1
2026-06-17,601318,14:35:18,52.7400,139,1
2026-06-17,601318,14:35:21,52.7800,864,1
2026-06-17,601318,14:35:24,52.7600,81,2
2026-06-17,601318,14:35:27,52.7500,903,2
2026-06-17,601318,14:35:30,52.7500,295,1
2026-06-17,601318,14:35:33,52.7400,88,2
2026-06-17,601318,14:35:36,52.7500,106,1
2026-06-17,601318,14:35:39,52.7400,314,2
2026-06-17,601318,14:35:42,52.7400,86,2
2026-06-17,601318,14:35:45,52.7500,265,1
2026-06-17,601318,14:35:48,52.7400,133,2
2026-06-17,601318,14:35:51,52.7500,27,1
2026-06-17,601318,14:35:54,52.7400,222,2
2026-06-17,601318,14:35:57,52.7500,102,1
2026-06-17,601318,14:36:00,52.7500,51,1
2026-06-17,601318,14:36:03,52.7400,102,2
2026-06-17,601318,14:36:06,52.7500,127,1
2026-06-17,601318,14:36:09,52.7400,126,2
2026-06-17,601318,14:36:12,52.7600,1250,1
2026-06-17,601318,14:36:15,52.7800,52,1
2026-06-17,601318,14:36:18,52.7800,217,1
2026-06-17,601318,14:36:21,52.7800,134,1
2026-06-17,601318,14:36:24,52.7900,7,1
2026-06-17,601318,14:36:27,52.7900,236,1
2026-06-17,601318,14:36:30,52.7900,113,1
2026-06-17,601318,14:36:33,52.7900,104,1
2026-06-17,601318,14:36:36,52.7900,101,1
2026-06-17,601318,14:36:39,52.7900,99,1
2026-06-17,601318,14:36:42,52.7800,401,2
2026-06-17,601318,14:36:45,52.7900,93,1
2026-06-17,601318,14:36:48,52.7900,21,1
2026-06-17,601318,14:36:51,52.7900,20,1
2026-06-17,601318,14:36:54,52.7900,72,1
2026-06-17,601318,14:36:57,52.7800,53,2
2026-06-17,601318,14:37:00,52.7700,61,2
2026-06-17,601318,14:37:03,52.7800,87,1
2026-06-17,601318,14:37:06,52.7800,40,1
2026-06-17,601318,14:37:09,52.7800,51,2
2026-06-17,601318,14:37:12,52.7900,66,1
2026-06-17,601318,14:37:15,52.7800,15,2
2026-06-17,601318,14:37:18,52.7800,93,2
2026-06-17,601318,14:37:21,52.7700,483,2
2026-06-17,601318,14:37:24,52.7600,185,2
2026-06-17,601318,14:37:27,52.7300,354,2
2026-06-17,601318,14:37:30,52.7300,18,2
2026-06-17,601318,14:37:33,52.7400,654,1
2026-06-17,601318,14:37:36,52.7300,33,2
2026-06-17,601318,14:37:39,52.7400,45,1
2026-06-17,601318,14:37:42,52.7400,26,1
2026-06-17,601318,14:37:45,52.7300,114,2
2026-06-17,601318,14:37:48,52.7300,32,2
2026-06-17,601318,14:37:51,52.7300,100,2
2026-06-17,601318,14:37:54,52.7200,89,2
2026-06-17,601318,14:37:57,52.7300,38,1
2026-06-17,601318,14:38:00,52.7300,586,1
2026-06-17,601318,14:38:03,52.7300,49,1
2026-06-17,601318,14:38:06,52.7300,473,1
2026-06-17,601318,14:38:09,52.7300,39,2
2026-06-17,601318,14:38:12,52.7300,103,2
2026-06-17,601318,14:38:15,52.7300,86,2
2026-06-17,601318,14:38:18,52.7300,182,2
2026-06-17,601318,14:38:21,52.7400,98,1
2026-06-17,601318,14:38:24,52.7300,52,2
2026-06-17,601318,14:38:27,52.7300,110,2
2026-06-17,601318,14:38:30,52.7400,26,1
2026-06-17,601318,14:38:33,52.7300,27,2
2026-06-17,601318,14:38:36,52.7400,319,1
2026-06-17,601318,14:38:39,52.7400,55,1
2026-06-17,601318,14:38:42,52.7200,158,2
2026-06-17,601318,14:38:45,52.7200,109,1
2026-06-17,601318,14:38:48,52.7200,146,2
2026-06-17,601318,14:38:51,52.7100,52,2
2026-06-17,601318,14:38:54,52.7200,119,4
2026-06-17,601318,14:38:57,52.7000,182,2
2026-06-17,601318,14:39:00,52.7000,167,2
2026-06-17,601318,14:39:03,52.7100,83,1
2026-06-17,601318,14:39:06,52.7000,241,2
2026-06-17,601318,14:39:09,52.7100,56,1
2026-06-17,601318,14:39:12,52.7000,18,2
2026-06-17,601318,14:39:15,52.7200,537,1
2026-06-17,601318,14:39:18,52.7300,144,1
2026-06-17,601318,14:39:21,52.7200,17,2
2026-06-17,601318,14:39:24,52.7200,38,2
2026-06-17,601318,14:39:27,52.7300,11,1
2026-06-17,601318,14:39:30,52.7300,84,1
2026-06-17,601318,14:39:33,52.7300,7,1
2026-06-17,601318,14:39:36,52.7200,143,2
2026-06-17,601318,14:39:39,52.7200,54,2
2026-06-17,601318,14:39:42,52.7100,519,2
2026-06-17,601318,14:39:45,52.7200,205,2
2026-06-17,601318,14:39:48,52.7300,146,1
2026-06-17,601318,14:39:51,52.7200,32,2
2026-06-17,601318,14:39:54,52.7200,86,2
2026-06-17,601318,14:39:57,52.7100,50,2
2026-06-17,601318,14:40:00,52.7200,101,1
2026-06-17,601318,14:40:03,52.7200,356,1
2026-06-17,601318,14:40:06,52.7200,167,4
2026-06-17,601318,14:40:09,52.7200,99,1
2026-06-17,601318,14:40:12,52.7200,271,2
2026-06-17,601318,14:40:15,52.7400,126,1
2026-06-17,601318,14:40:18,52.7300,159,2
2026-06-17,601318,14:40:21,52.7300,90,2
2026-06-17,601318,14:40:24,52.7400,103,4
2026-06-17,601318,14:40:27,52.7400,190,2
2026-06-17,601318,14:40:30,52.7500,132,1
2026-06-17,601318,14:40:33,52.7500,68,1
2026-06-17,601318,14:40:36,52.7500,28,1
2026-06-17,601318,14:40:39,52.7300,747,2
2026-06-17,601318,14:40:42,52.7400,462,1
2026-06-17,601318,14:40:45,52.7300,159,1
2026-06-17,601318,14:40:48,52.7200,116,2
2026-06-17,601318,14:40:51,52.7300,154,1
2026-06-17,601318,14:40:54,52.7300,71,1
2026-06-17,601318,14:40:57,52.7300,50,1
2026-06-17,601318,14:41:00,52.7200,109,2
2026-06-17,601318,14:41:03,52.7200,28,1
2026-06-17,601318,14:41:06,52.7100,139,2
2026-06-17,601318,14:41:09,52.7100,121,2
2026-06-17,601318,14:41:12,52.7200,77,1
2026-06-17,601318,14:41:15,52.7200,16,1
2026-06-17,601318,14:41:18,52.7200,68,1
2026-06-17,601318,14:41:21,52.7100,1,2
2026-06-17,601318,14:41:24,52.7200,40,1
2026-06-17,601318,14:41:27,52.7200,38,1
2026-06-17,601318,14:41:30,52.7200,46,1
2026-06-17,601318,14:41:33,52.7200,42,1
2026-06-17,601318,14:41:36,52.7200,264,1
2026-06-17,601318,14:41:39,52.7100,128,2
2026-06-17,601318,14:41:42,52.7100,251,2
2026-06-17,601318,14:41:45,52.7100,162,2
2026-06-17,601318,14:41:48,52.7200,87,1
2026-06-17,601318,14:41:51,52.7100,101,2
2026-06-17,601318,14:41:54,52.7200,325,1
2026-06-17,601318,14:41:57,52.7300,8,1
2026-06-17,601318,14:42:00,52.7200,12,2
2026-06-17,601318,14:42:03,52.7200,36,2
2026-06-17,601318,14:42:06,52.7400,387,1
2026-06-17,601318,14:42:09,52.7300,49,2
2026-06-17,601318,14:42:12,52.7300,45,2
2026-06-17,601318,14:42:15,52.7300,256,2
2026-06-17,601318,14:42:18,52.7300,819,1
2026-06-17,601318,14:42:21,52.7200,99,2
2026-06-17,601318,14:42:24,52.7200,112,2
2026-06-17,601318,14:42:27,52.7200,48,2
2026-06-17,601318,14:42:30,52.7300,48,1
2026-06-17,601318,14:42:33,52.7000,850,2
2026-06-17,601318,14:42:36,52.7100,69,4
2026-06-17,601318,14:42:39,52.7000,170,2
2026-06-17,601318,14:42:42,52.7200,43,1
2026-06-17,601318,14:42:45,52.7200,63,1
2026-06-17,601318,14:42:48,52.7200,151,1
2026-06-17,601318,14:42:51,52.7300,1208,1
2026-06-17,601318,14:42:54,52.7100,318,2
2026-06-17,601318,14:42:57,52.7100,24,1
2026-06-17,601318,14:43:00,52.7100,61,1
2026-06-17,601318,14:43:03,52.7100,43,1
2026-06-17,601318,14:43:06,52.7200,297,1
2026-06-17,601318,14:43:09,52.7300,254,1
2026-06-17,601318,14:43:12,52.7200,71,2
2026-06-17,601318,14:43:15,52.7300,238,1
2026-06-17,601318,14:43:18,52.7200,26,2
2026-06-17,601318,14:43:21,52.7200,228,2
2026-06-17,601318,14:43:24,52.7300,50,1
2026-06-17,601318,14:43:27,52.7300,131,2
2026-06-17,601318,14:43:30,52.7300,105,1
2026-06-17,601318,14:43:33,52.7400,65,1
2026-06-17,601318,14:43:36,52.7400,78,1
2026-06-17,601318,14:43:39,52.7400,120,1
2026-06-17,601318,14:43:42,52.7400,57,2
2026-06-17,601318,14:43:45,52.7500,68,1
2026-06-17,601318,14:43:48,52.7400,22,2
2026-06-17,601318,14:43:51,52.7400,323,2
2026-06-17,601318,14:43:54,52.7400,309,2
2026-06-17,601318,14:43:57,52.7500,162,1
2026-06-17,601318,14:44:00,52.7300,125,2
2026-06-17,601318,14:44:03,52.7400,87,4
2026-06-17,601318,14:44:06,52.7400,55,1
2026-06-17,601318,14:44:09,52.7400,39,2
2026-06-17,601318,14:44:12,52.7500,43,1
2026-06-17,601318,14:44:15,52.7500,243,2
2026-06-17,601318,14:44:18,52.7700,146,1
2026-06-17,601318,14:44:21,52.7800,71,1
2026-06-17,601318,14:44:24,52.7600,176,2
2026-06-17,601318,14:44:27,52.7600,45,1
2026-06-17,601318,14:44:30,52.7500,331,2
2026-06-17,601318,14:44:33,52.7500,15,1
2026-06-17,601318,14:44:36,52.7600,321,1
2026-06-17,601318,14:44:39,52.7600,213,1
2026-06-17,601318,14:44:42,52.7600,35,1
2026-06-17,601318,14:44:45,52.7700,57,1
2026-06-17,601318,14:44:48,52.7600,193,2
2026-06-17,601318,14:44:51,52.7600,7,1
2026-06-17,601318,14:44:54,52.7800,541,1
2026-06-17,601318,14:44:57,52.7700,113,1
2026-06-17,601318,14:45:00,52.7800,75,1
2026-06-17,601318,14:45:03,52.7700,119,1
2026-06-17,601318,14:45:06,52.7600,195,2
2026-06-17,601318,14:45:09,52.7700,141,1
2026-06-17,601318,14:45:12,52.7600,374,2
2026-06-17,601318,14:45:15,52.7600,253,1
2026-06-17,601318,14:45:18,52.7600,80,1
2026-06-17,601318,14:45:21,52.7700,58,1
2026-06-17,601318,14:45:24,52.7700,226,1
2026-06-17,601318,14:45:27,52.7700,38,2
2026-06-17,601318,14:45:30,52.7700,179,2
2026-06-17,601318,14:45:33,52.7600,56,2
2026-06-17,601318,14:45:36,52.7700,382,1
2026-06-17,601318,14:45:39,52.7600,118,2
2026-06-17,601318,14:45:42,52.7700,108,1
2026-06-17,601318,14:45:45,52.7700,20,1
2026-06-17,601318,14:45:48,52.7700,44,1
2026-06-17,601318,14:45:51,52.7700,307,1
2026-06-17,601318,14:45:54,52.7700,83,1
2026-06-17,601318,14:45:57,52.7700,82,1
2026-06-17,601318,14:46:00,52.7800,405,1
2026-06-17,601318,14:46:03,52.7800,28,1
2026-06-17,601318,14:46:06,52.7800,172,1
2026-06-17,601318,14:46:09,52.7900,1034,1
2026-06-17,601318,14:46:12,52.8000,318,1
2026-06-17,601318,14:46:15,52.8000,91,1
2026-06-17,601318,14:46:18,52.7900,35,2
2026-06-17,601318,14:46:21,52.7900,112,2
2026-06-17,601318,14:46:24,52.7800,630,2
2026-06-17,601318,14:46:27,52.7800,111,2
2026-06-17,601318,14:46:30,52.7900,50,1
2026-06-17,601318,14:46:33,52.7800,32,2
2026-06-17,601318,14:46:36,52.7800,101,2
2026-06-17,601318,14:46:39,52.7900,132,1
2026-06-17,601318,14:46:42,52.7900,15,1
2026-06-17,601318,14:46:45,52.7900,53,1
2026-06-17,601318,14:46:48,52.7900,71,2
2026-06-17,601318,14:46:51,52.7900,227,1
2026-06-17,601318,14:46:54,52.7900,149,1
2026-06-17,601318,14:46:57,52.7800,31,2
2026-06-17,601318,14:47:00,52.7900,144,1
2026-06-17,601318,14:47:03,52.7800,256,2
2026-06-17,601318,14:47:06,52.7800,91,1
2026-06-17,601318,14:47:09,52.7700,170,2
2026-06-17,601318,14:47:12,52.7700,40,2
2026-06-17,601318,14:47:15,52.7800,27,1
2026-06-17,601318,14:47:18,52.7800,97,1
2026-06-17,601318,14:47:21,52.7800,125,1
2026-06-17,601318,14:47:24,52.7900,74,1
2026-06-17,601318,14:47:27,52.7900,7,1
2026-06-17,601318,14:47:30,52.7900,174,1
2026-06-17,601318,14:47:33,52.7900,44,1
2026-06-17,601318,14:47:36,52.7900,457,1
2026-06-17,601318,14:47:39,52.7900,464,1
2026-06-17,601318,14:47:42,52.7900,45,1
2026-06-17,601318,14:47:45,52.7900,69,1
2026-06-17,601318,14:47:48,52.7800,26,2
2026-06-17,601318,14:47:51,52.7900,89,1
2026-06-17,601318,14:47:54,52.7900,152,2
2026-06-17,601318,14:47:57,52.8000,280,1
2026-06-17,601318,14:48:00,52.8000,32,1
2026-06-17,601318,14:48:03,52.7900,703,2
2026-06-17,601318,14:48:06,52.7800,447,2
2026-06-17,601318,14:48:09,52.7800,312,1
2026-06-17,601318,14:48:12,52.7700,288,2
2026-06-17,601318,14:48:15,52.7700,271,2
2026-06-17,601318,14:48:18,52.7700,139,2
2026-06-17,601318,14:48:21,52.7800,198,1
2026-06-17,601318,14:48:24,52.7800,127,1
2026-06-17,601318,14:48:27,52.7900,406,1
2026-06-17,601318,14:48:30,52.7900,204,1
2026-06-17,601318,14:48:33,52.7900,260,1
2026-06-17,601318,14:48:36,52.7900,106,1
2026-06-17,601318,14:48:39,52.7900,64,1
2026-06-17,601318,14:48:42,52.8000,21,1
2026-06-17,601318,14:48:45,52.8000,68,1
2026-06-17,601318,14:48:48,52.8000,37,1
2026-06-17,601318,14:48:51,52.8000,59,1
2026-06-17,601318,14:48:54,52.8000,71,1
2026-06-17,601318,14:48:57,52.8000,58,1
2026-06-17,601318,14:49:00,52.8000,210,1
2026-06-17,601318,14:49:03,52.8000,512,1
2026-06-17,601318,14:49:06,52.8000,231,1
2026-06-17,601318,14:49:09,52.8000,199,2
2026-06-17,601318,14:49:12,52.8100,151,1
2026-06-17,601318,14:49:15,52.8100,119,1
2026-06-17,601318,14:49:18,52.8200,330,1
2026-06-17,601318,14:49:21,52.8100,2,2
2026-06-17,601318,14:49:24,52.8000,127,2
2026-06-17,601318,14:49:27,52.8100,56,1
2026-06-17,601318,14:49:30,52.8100,22,1
2026-06-17,601318,14:49:33,52.8100,136,1
2026-06-17,601318,14:49:36,52.8000,71,2
2026-06-17,601318,14:49:39,52.8000,235,2
2026-06-17,601318,14:49:42,52.8100,25,1
2026-06-17,601318,14:49:45,52.8100,4,1
2026-06-17,601318,14:49:48,52.8000,538,2
2026-06-17,601318,14:49:51,52.8000,62,2
2026-06-17,601318,14:49:54,52.7900,121,2
2026-06-17,601318,14:49:57,52.7900,300,2
2026-06-17,601318,14:50:00,52.7800,177,2
2026-06-17,601318,14:50:03,52.7800,838,2
2026-06-17,601318,14:50:06,52.7700,193,4
2026-06-17,601318,14:50:09,52.7600,354,2
2026-06-17,601318,14:50:12,52.7600,154,2
2026-06-17,601318,14:50:15,52.7600,261,1
2026-06-17,601318,14:50:18,52.7600,156,1
2026-06-17,601318,14:50:21,52.7700,31,1
2026-06-17,601318,14:50:24,52.7600,568,2
2026-06-17,601318,14:50:27,52.7600,199,1
2026-06-17,601318,14:50:30,52.7500,324,2
2026-06-17,601318,14:50:33,52.7500,56,1
2026-06-17,601318,14:50:36,52.7500,81,1
2026-06-17,601318,14:50:39,52.7500,151,1
2026-06-17,601318,14:50:42,52.7500,89,2
2026-06-17,601318,14:50:45,52.7500,138,1
2026-06-17,601318,14:50:48,52.7400,171,2
2026-06-17,601318,14:50:51,52.7500,104,1
2026-06-17,601318,14:50:54,52.7500,169,1
2026-06-17,601318,14:50:57,52.7500,168,2
2026-06-17,601318,14:51:00,52.7600,266,1
2026-06-17,601318,14:51:03,52.7500,97,2
2026-06-17,601318,14:51:06,52.7600,28,1
2026-06-17,601318,14:51:09,52.7600,194,1
2026-06-17,601318,14:51:12,52.7600,162,1
2026-06-17,601318,14:51:15,52.7500,355,2
2026-06-17,601318,14:51:18,52.7600,20,4
2026-06-17,601318,14:51:21,52.7600,255,1
2026-06-17,601318,14:51:24,52.7600,138,1
2026-06-17,601318,14:51:27,52.7600,196,1
2026-06-17,601318,14:51:30,52.7600,41,2
2026-06-17,601318,14:51:33,52.7600,175,2
2026-06-17,601318,14:51:36,52.7600,380,1
2026-06-17,601318,14:51:39,52.7600,191,1
2026-06-17,601318,14:51:42,52.7600,193,1
2026-06-17,601318,14:51:45,52.7500,108,2
2026-06-17,601318,14:51:48,52.7500,87,2
2026-06-17,601318,14:51:51,52.7600,272,1
2026-06-17,601318,14:51:54,52.7600,66,2
2026-06-17,601318,14:51:57,52.7600,113,2
2026-06-17,601318,14:52:00,52.7600,29,2
2026-06-17,601318,14:52:03,52.7500,168,2
2026-06-17,601318,14:52:06,52.7600,97,4
2026-06-17,601318,14:52:09,52.7500,133,2
2026-06-17,601318,14:52:12,52.7600,250,1
2026-06-17,601318,14:52:15,52.7600,22,1
2026-06-17,601318,14:52:18,52.7600,53,1
2026-06-17,601318,14:52:21,52.7600,305,1
2026-06-17,601318,14:52:24,52.7600,58,2
2026-06-17,601318,14:52:27,52.7600,11,2
2026-06-17,601318,14:52:30,52.7700,303,1
2026-06-17,601318,14:52:33,52.7700,45,2
2026-06-17,601318,14:52:36,52.7900,276,1
2026-06-17,601318,14:52:39,52.8000,150,1
2026-06-17,601318,14:52:42,52.8000,31,1
2026-06-17,601318,14:52:45,52.8100,1237,1
2026-06-17,601318,14:52:48,52.8000,265,4
2026-06-17,601318,14:52:51,52.8000,245,2
2026-06-17,601318,14:52:54,52.8000,177,2
2026-06-17,601318,14:52:57,52.8000,56,2
2026-06-17,601318,14:53:00,52.7900,152,2
2026-06-17,601318,14:53:03,52.8000,89,1
2026-06-17,601318,14:53:06,52.8000,106,1
2026-06-17,601318,14:53:09,52.7900,89,2
2026-06-17,601318,14:53:12,52.8000,26,1
2026-06-17,601318,14:53:15,52.7800,321,2
2026-06-17,601318,14:53:18,52.7800,65,1
2026-06-17,601318,14:53:21,52.7800,11,1
2026-06-17,601318,14:53:24,52.7800,108,1
2026-06-17,601318,14:53:27,52.7800,1525,1
2026-06-17,601318,14:53:30,52.7800,102,1
2026-06-17,601318,14:53:33,52.7700,262,2
2026-06-17,601318,14:53:36,52.7800,1365,1
2026-06-17,601318,14:53:39,52.7700,227,2
2026-06-17,601318,14:53:42,52.7700,26,2
2026-06-17,601318,14:53:45,52.7600,503,2
2026-06-17,601318,14:53:48,52.7600,158,1
2026-06-17,601318,14:53:51,52.7700,1376,1
2026-06-17,601318,14:53:54,52.7700,13,2
2026-06-17,601318,14:53:57,52.7700,268,2
2026-06-17,601318,14:54:00,52.7700,43,2
2026-06-17,601318,14:54:03,52.7700,295,1
2026-06-17,601318,14:54:06,52.7700,78,1
2026-06-17,601318,14:54:09,52.7600,44,2
2026-06-17,601318,14:54:12,52.7600,337,2
2026-06-17,601318,14:54:15,52.7800,221,1
2026-06-17,601318,14:54:18,52.7700,26,2
2026-06-17,601318,14:54:21,52.7800,65,1
2026-06-17,601318,14:54:24,52.7800,53,1
2026-06-17,601318,14:54:27,52.7800,104,1
2026-06-17,601318,14:54:30,52.7700,126,2
2026-06-17,601318,14:54:33,52.7800,62,1
2026-06-17,601318,14:54:36,52.7800,469,1
2026-06-17,601318,14:54:39,52.7800,150,1
2026-06-17,601318,14:54:42,52.7900,310,1
2026-06-17,601318,14:54:45,52.7900,56,2
2026-06-17,601318,14:54:48,52.7900,1095,2
2026-06-17,601318,14:54:51,52.7800,253,2
2026-06-17,601318,14:54:54,52.8200,181,1
2026-06-17,601318,14:54:57,52.7800,27,2
2026-06-17,601318,14:55:00,52.7600,297,2
2026-06-17,601318,14:55:03,52.7600,217,2
2026-06-17,601318,14:55:06,52.7500,226,2
2026-06-17,601318,14:55:09,52.7600,41,1
2026-06-17,601318,14:55:12,52.7700,222,1
2026-06-17,601318,14:55:15,52.7700,237,1
2026-06-17,601318,14:55:18,52.7900,398,1
2026-06-17,601318,14:55:21,52.8000,76,4
2026-06-17,601318,14:55:24,52.8000,30,1
2026-06-17,601318,14:55:27,52.8000,404,1
2026-06-17,601318,14:55:30,52.7800,32,2
2026-06-17,601318,14:55:33,52.7900,147,1
2026-06-17,601318,14:55:36,52.7800,101,2
2026-06-17,601318,14:55:39,52.7900,102,1
2026-06-17,601318,14:55:42,52.7900,132,1
2026-06-17,601318,14:55:45,52.8000,472,1
2026-06-17,601318,14:55:48,52.7900,104,2
2026-06-17,601318,14:55:51,52.7900,140,1
2026-06-17,601318,14:55:54,52.7900,41,1
2026-06-17,601318,14:55:57,52.7800,143,2
2026-06-17,601318,14:56:00,52.8000,262,1
2026-06-17,601318,14:56:03,52.8100,155,1
2026-06-17,601318,14:56:06,52.8000,61,2
2026-06-17,601318,14:56:09,52.8100,141,1
2026-06-17,601318,14:56:12,52.8100,31,2
2026-06-17,601318,14:56:15,52.8100,354,1
2026-06-17,601318,14:56:18,52.8000,148,2
2026-06-17,601318,14:56:21,52.8000,356,2
2026-06-17,601318,14:56:24,52.8000,205,1
2026-06-17,601318,14:56:27,52.8000,36,1
2026-06-17,601318,14:56:30,52.8100,769,1
2026-06-17,601318,14:56:33,52.8100,311,1
2026-06-17,601318,14:56:36,52.8100,91,1
2026-06-17,601318,14:56:39,52.8100,105,1
2026-06-17,601318,14:56:42,52.8100,148,2
2026-06-17,601318,14:56:45,52.8200,190,1
2026-06-17,601318,14:56:48,52.8400,409,1
2026-06-17,601318,14:56:51,52.8400,315,1
2026-06-17,601318,14:56:54,52.8300,587,2
2026-06-17,601318,14:56:57,52.8500,61,1
2026-06-17,601318,14:57:00,52.8500,220,1
2026-06-17,601318,15:00:03,52.7600,9630,4
2026-06-17,601318,13:16:57,52.8500,55,2
2026-06-17,601318,13:17:00,52.8700,47,1
2026-06-17,601318,13:17:03,52.8500,18,2
2026-06-17,601318,13:17:06,52.8600,29,1
2026-06-17,601318,13:17:09,52.8400,69,2
2026-06-17,601318,13:17:12,52.8300,21,2
2026-06-17,601318,13:17:15,52.8400,56,1
2026-06-17,601318,13:17:18,52.8100,164,2
2026-06-17,601318,13:17:21,52.8000,24,2
2026-06-17,601318,13:17:24,52.8100,60,2
2026-06-17,601318,13:17:27,52.8000,141,2
2026-06-17,601318,13:17:30,52.7800,83,2
2026-06-17,601318,13:17:33,52.7800,32,2
2026-06-17,601318,13:17:36,52.8000,12,1
2026-06-17,601318,13:17:39,52.8000,63,1
2026-06-17,601318,13:17:42,52.7800,15,2
2026-06-17,601318,13:17:45,52.8000,98,1
2026-06-17,601318,13:17:48,52.8000,28,1
2026-06-17,601318,13:17:51,52.8000,89,1
2026-06-17,601318,13:17:54,52.7900,117,2
2026-06-17,601318,13:17:57,52.7900,38,2
2026-06-17,601318,13:18:00,52.7900,105,2
2026-06-17,601318,13:18:03,52.7900,117,1
2026-06-17,601318,13:18:06,52.7900,31,1
2026-06-17,601318,13:18:09,52.7900,158,1
2026-06-17,601318,13:18:12,52.7800,595,2
2026-06-17,601318,13:18:15,52.7500,384,2
2026-06-17,601318,13:18:18,52.7700,335,1
2026-06-17,601318,13:18:21,52.7400,107,2
2026-06-17,601318,13:18:24,52.7400,140,2
2026-06-17,601318,13:18:27,52.7300,160,4
2026-06-17,601318,13:18:30,52.7300,17,1
2026-06-17,601318,13:18:33,52.7300,95,1
2026-06-17,601318,13:18:36,52.7300,39,1
2026-06-17,601318,13:18:39,52.7300,31,1
2026-06-17,601318,13:18:42,52.7200,48,2
2026-06-17,601318,13:18:45,52.7300,52,1
2026-06-17,601318,13:18:48,52.7400,103,1
2026-06-17,601318,13:18:51,52.7300,73,2
2026-06-17,601318,13:18:54,52.7300,47,2
2026-06-17,601318,13:18:57,52.7300,34,2
2026-06-17,601318,13:19:00,52.7300,125,2
2026-06-17,601318,13:19:03,52.7300,68,1
2026-06-17,601318,13:19:06,52.7300,94,1
2026-06-17,601318,13:19:09,52.7500,46,1
2026-06-17,601318,13:19:12,52.7500,806,1
2026-06-17,601318,13:19:15,52.7400,214,2
2026-06-17,601318,13:19:18,52.7300,91,2
2026-06-17,601318,13:19:21,52.7300,48,1
2026-06-17,601318,13:19:24,52.7500,2,1
2026-06-17,601318,13:19:27,52.7300,42,2
2026-06-17,601318,13:19:30,52.7400,2,2
2026-06-17,601318,13:19:33,52.7500,133,1
2026-06-17,601318,13:19:36,52.7500,44,1
2026-06-17,601318,13:19:39,52.7600,30,4
2026-06-17,601318,13:19:42,52.7500,52,2
2026-06-17,601318,13:19:45,52.7700,56,1
2026-06-17,601318,13:19:48,52.7800,110,1
2026-06-17,601318,13:19:51,52.8200,383,1
2026-06-17,601318,13:19:54,52.7800,94,2
2026-06-17,601318,13:19:57,52.8000,38,4
2026-06-17,601318,13:20:00,52.8000,161,1
2026-06-17,601318,13:20:03,52.8100,282,4
2026-06-17,601318,13:20:06,52.8400,81,1
2026-06-17,601318,13:20:09,52.8500,80,1
2026-06-17,601318,13:20:12,52.8400,20,2
2026-06-17,601318,13:20:15,52.8600,48,1
2026-06-17,601318,13:20:18,52.8500,20,2
2026-06-17,601318,13:20:21,52.8500,195,2
2026-06-17,601318,13:20:24,52.8500,58,4
2026-06-17,601318,13:20:27,52.8500,54,1
2026-06-17,601318,13:20:30,52.8400,50,2
2026-06-17,601318,13:20:33,52.8400,42,1
2026-06-17,601318,13:20:36,52.8400,47,1
2026-06-17,601318,13:20:39,52.8500,49,1
2026-06-17,601318,13:20:42,52.8500,133,1
2026-06-17,601318,13:20:45,52.8500,33,1
2026-06-17,601318,13:20:48,52.8500,19,1
2026-06-17,601318,13:20:51,52.8500,38,1
2026-06-17,601318,13:20:54,52.8600,93,1
2026-06-17,601318,13:20:57,52.8500,102,2
2026-06-17,601318,13:21:00,52.8600,41,1
2026-06-17,601318,13:21:03,52.8400,56,1
2026-06-17,601318,13:21:06,52.8500,58,1
2026-06-17,601318,13:21:09,52.8600,158,1
2026-06-17,601318,13:21:12,52.8300,141,2
2026-06-17,601318,13:21:15,52.8200,297,2
2026-06-17,601318,13:21:18,52.8100,103,1
2026-06-17,601318,13:21:21,52.8200,64,1
2026-06-17,601318,13:21:24,52.8000,104,2
2026-06-17,601318,13:21:27,52.8000,143,1
2026-06-17,601318,13:21:30,52.8000,63,1
2026-06-17,601318,13:21:33,52.8000,144,1
2026-06-17,601318,13:21:36,52.8000,48,1
2026-06-17,601318,13:21:39,52.7900,41,2
2026-06-17,601318,13:21:42,52.8000,24,1
2026-06-17,601318,13:21:45,52.8000,39,1
2026-06-17,601318,13:21:48,52.7900,177,2
2026-06-17,601318,13:21:51,52.7800,90,2
2026-06-17,601318,13:21:54,52.7800,120,2
2026-06-17,601318,13:21:57,52.8000,45,1
2026-06-17,601318,13:22:00,52.8100,41,1
2026-06-17,601318,13:22:03,52.8000,194,2
2026-06-17,601318,13:22:06,52.8100,320,1
2026-06-17,601318,13:22:09,52.8700,671,1
2026-06-17,601318,13:22:12,52.8800,195,1
2026-06-17,601318,13:22:15,52.8700,788,2
2026-06-17,601318,13:22:18,52.8700,136,1
2026-06-17,601318,13:22:21,52.8700,187,2
2026-06-17,601318,13:22:24,52.8700,76,1
2026-06-17,601318,13:22:27,52.8600,273,1
2026-06-17,601318,13:22:30,52.8500,13,1
2026-06-17,601318,13:22:33,52.8300,293,2
2026-06-17,601318,13:22:36,52.8100,173,2
2026-06-17,601318,13:22:39,52.8300,192,1
2026-06-17,601318,13:22:42,52.8600,56,1
2026-06-17,601318,13:22:45,52.8400,257,2
2026-06-17,601318,13:22:48,52.8500,35,1
2026-06-17,601318,13:22:51,52.8500,54,1
2026-06-17,601318,13:22:54,52.8500,17,2
2026-06-17,601318,13:22:57,52.8600,12,1
2026-06-17,601318,13:23:00,52.8500,24,2
2026-06-17,601318,13:23:03,52.8600,35,1
2026-06-17,601318,13:23:06,52.8600,78,1
2026-06-17,601318,13:23:09,52.8600,60,1
2026-06-17,601318,13:23:12,52.8600,40,1
2026-06-17,601318,13:23:15,52.8600,110,2
2026-06-17,601318,13:23:18,52.8700,95,1
2026-06-17,601318,13:23:21,52.8700,61,1
2026-06-17,601318,13:23:24,52.8700,59,1
2026-06-17,601318,13:23:27,52.8700,190,1
2026-06-17,601318,13:23:30,52.8700,101,1
2026-06-17,601318,13:23:33,52.8800,51,1
2026-06-17,601318,13:23:36,52.8700,377,2
2026-06-17,601318,13:23:39,52.8700,50,2
2026-06-17,601318,13:23:42,52.8700,112,2
2026-06-17,601318,13:23:45,52.8700,160,2
2026-06-17,601318,13:23:48,52.8800,130,1
2026-06-17,601318,13:23:51,52.8700,19,2
2026-06-17,601318,13:23:54,52.8700,19,2
2026-06-17,601318,13:23:57,52.8700,40,2
2026-06-17,601318,13:24:00,52.8700,206,2
2026-06-17,601318,13:24:03,52.8600,46,2
2026-06-17,601318,13:24:06,52.8600,116,2
2026-06-17,601318,13:24:09,52.8600,43,2
2026-06-17,601318,13:24:12,52.8500,356,2
2026-06-17,601318,13:24:15,52.8300,196,2
2026-06-17,601318,13:24:18,52.8200,62,2
2026-06-17,601318,13:24:21,52.8100,20,2
2026-06-17,601318,13:24:24,52.8100,27,2
2026-06-17,601318,13:24:27,52.8000,11,2
2026-06-17,601318,13:24:30,52.8100,74,1
2026-06-17,601318,13:24:33,52.8100,55,1
2026-06-17,601318,13:24:36,52.8000,332,2
2026-06-17,601318,13:24:39,52.8000,50,2
2026-06-17,601318,13:24:42,52.8000,51,1
2026-06-17,601318,13:24:45,52.8000,52,1
2026-06-17,601318,13:24:48,52.8000,31,1
2026-06-17,601318,13:24:51,52.7900,22,2
2026-06-17,601318,13:24:54,52.8000,22,1
2026-06-17,601318,13:24:57,52.8000,33,1
2026-06-17,601318,13:25:00,52.7900,413,2
2026-06-17,601318,13:25:03,52.7800,23,2
2026-06-17,601318,13:25:06,52.7800,114,2
2026-06-17,601318,13:25:09,52.7800,4,1
2026-06-17,601318,13:25:12,52.7800,86,1
2026-06-17,601318,13:25:15,52.7700,102,2
2026-06-17,601318,13:25:18,52.7600,33,2
2026-06-17,601318,13:25:21,52.7400,195,2
2026-06-17,601318,13:25:24,52.7400,21,1
2026-06-17,601318,13:25:27,52.7200,349,2
2026-06-17,601318,13:25:30,52.7100,37,2
2026-06-17,601318,13:25:33,52.7100,40,2
2026-06-17,601318,13:25:36,52.7200,144,1
2026-06-17,601318,13:25:39,52.7200,38,1
2026-06-17,601318,13:25:42,52.7200,278,1
2026-06-17,601318,13:25:45,52.7100,47,2
2026-06-17,601318,13:25:48,52.7100,34,2
2026-06-17,601318,13:25:51,52.7100,77,2
2026-06-17,601318,13:25:54,52.7200,16,1
2026-06-17,601318,13:25:57,52.7200,10,2
2026-06-17,601318,13:26:00,52.7200,33,2
2026-06-17,601318,13:26:03,52.7200,129,1
2026-06-17,601318,13:26:06,52.7200,80,1
2026-06-17,601318,13:26:09,52.7100,109,2
2026-06-17,601318,13:26:12,52.7200,14,2
2026-06-17,601318,13:26:15,52.7300,267,1
2026-06-17,601318,13:26:18,52.7300,154,1
2026-06-17,601318,13:26:21,52.7200,31,2
2026-06-17,601318,13:26:24,52.7200,300,2
2026-06-17,601318,13:26:27,52.7200,114,2
2026-06-17,601318,13:26:30,52.7300,155,1
2026-06-17,601318,13:26:33,52.7200,22,2
2026-06-17,601318,13:26:36,52.7200,31,2
2026-06-17,601318,13:26:39,52.7300,72,1
2026-06-17,601318,13:26:42,52.7200,41,2
2026-06-17,601318,13:26:45,52.7300,5,2
2026-06-17,601318,13:26:48,52.7400,8,1
2026-06-17,601318,13:26:51,52.7300,28,2
2026-06-17,601318,13:26:54,52.7400,39,1
2026-06-17,601318,13:26:57,52.7400,14,1
2026-06-17,601318,13:27:00,52.7400,15,1
2026-06-17,601318,13:27:03,52.7300,49,2
2026-06-17,601318,13:27:06,52.7400,234,1
2026-06-17,601318,13:27:09,52.7400,42,1
2026-06-17,601318,13:27:12,52.7300,64,2
2026-06-17,601318,13:27:15,52.7300,60,2
2026-06-17,601318,13:27:18,52.7400,48,1
2026-06-17,601318,13:27:21,52.7400,34,1
2026-06-17,601318,13:27:24,52.7400,13,4
2026-06-17,601318,13:27:27,52.7400,23,2
2026-06-17,601318,13:27:30,52.7400,23,1
2026-06-17,601318,13:27:33,52.7400,33,1
2026-06-17,601318,13:27:36,52.7200,382,2
2026-06-17,601318,13:27:39,52.7200,181,2
2026-06-17,601318,13:27:42,52.7200,223,1
2026-06-17,601318,13:27:45,52.7300,108,1
2026-06-17,601318,13:27:48,52.7200,231,4
2026-06-17,601318,13:27:51,52.7100,36,2
2026-06-17,601318,13:27:54,52.7100,39,2
2026-06-17,601318,13:27:57,52.7100,46,2
2026-06-17,601318,13:28:00,52.7000,8,2
2026-06-17,601318,13:28:03,52.7000,89,2
2026-06-17,601318,13:28:06,52.7000,21,2
2026-06-17,601318,13:28:09,52.7100,74,1
2026-06-17,601318,13:28:12,52.7100,68,1
2026-06-17,601318,13:28:15,52.7100,67,1
2026-06-17,601318,13:28:18,52.7100,16,2
2026-06-17,601318,13:28:21,52.7100,262,4
2026-06-17,601318,13:28:24,52.7000,16,2
2026-06-17,601318,13:28:27,52.7000,433,2
2026-06-17,601318,13:28:30,52.6900,392,2
2026-06-17,601318,13:28:33,52.6800,76,2
2026-06-17,601318,13:28:36,52.6900,5,1
2026-06-17,601318,13:28:39,52.6700,416,2
2026-06-17,601318,13:28:42,52.6700,123,1
2026-06-17,601318,13:28:45,52.6700,157,1
2026-06-17,601318,13:28:48,52.6800,114,1
2026-06-17,601318,13:28:51,52.6800,47,1
2026-06-17,601318,13:28:54,52.6800,7,1
2026-06-17,601318,13:28:57,52.6800,39,1
2026-06-17,601318,13:29:00,52.6800,104,1
2026-06-17,601318,13:29:03,52.6900,42,1
2026-06-17,601318,13:29:06,52.6900,55,1
2026-06-17,601318,13:29:09,52.7000,175,1
2026-06-17,601318,13:29:12,52.7000,63,1
2026-06-17,601318,13:29:15,52.7000,7,1
2026-06-17,601318,13:29:18,52.7000,72,1
2026-06-17,601318,13:29:21,52.7000,301,1
2026-06-17,601318,13:29:24,52.7000,47,2
2026-06-17,601318,13:29:27,52.7100,14,2
2026-06-17,601318,13:29:30,52.7100,35,2
2026-06-17,601318,13:29:33,52.7100,25,2
2026-06-17,601318,13:29:36,52.7000,169,2
2026-06-17,601318,13:29:39,52.7100,68,1
2026-06-17,601318,13:29:42,52.7000,30,2
2026-06-17,601318,13:29:45,52.7100,12,1
2026-06-17,601318,13:29:48,52.7100,30,1
2026-06-17,601318,13:29:51,52.7000,48,2
2026-06-17,601318,13:29:54,52.7100,104,1
2026-06-17,601318,13:29:57,52.7000,149,2
2026-06-17,601318,13:30:00,52.7000,246,2
2026-06-17,601318,13:30:03,52.7000,274,1
2026-06-17,601318,13:30:06,52.7000,123,1
2026-06-17,601318,13:30:09,52.7000,160,1
2026-06-17,601318,13:30:12,52.6900,124,4
2026-06-17,601318,13:30:15,52.7000,548,1
2026-06-17,601318,13:30:18,52.6900,60,2
2026-06-17,601318,13:30:21,52.6900,49,2
2026-06-17,601318,13:30:24,52.6900,62,2
2026-06-17,601318,13:30:27,52.6800,62,2
2026-06-17,601318,13:30:30,52.6900,309,1
2026-06-17,601318,13:30:33,52.7000,81,1
2026-06-17,601318,13:30:36,52.6900,22,2
2026-06-17,601318,13:30:39,52.6900,252,2
2026-06-17,601318,13:30:42,52.6900,22,1
2026-06-17,601318,13:30:45,52.6900,94,1
2026-06-17,601318,13:30:48,52.6900,29,1
2026-06-17,601318,13:30:51,52.6900,67,2
2026-06-17,601318,13:30:54,52.7000,54,1
2026-06-17,601318,13:30:57,52.6900,66,2
2026-06-17,601318,13:31:00,52.7000,86,1
2026-06-17,601318,13:31:03,52.7000,118,1
2026-06-17,601318,13:31:06,52.7000,266,1
2026-06-17,601318,13:31:09,52.7000,20,2
2026-06-17,601318,13:31:12,52.7000,80,2
2026-06-17,601318,13:31:15,52.7000,320,1
2026-06-17,601318,13:31:18,52.7200,110,1
2026-06-17,601318,13:31:21,52.7000,33,2
2026-06-17,601318,13:31:24,52.7200,28,1
2026-06-17,601318,13:31:27,52.7000,295,2
2026-06-17,601318,13:31:30,52.7000,227,1
2026-06-17,601318,13:31:33,52.6800,976,2
2026-06-17,601318,13:31:36,52.6800,78,2
2026-06-17,601318,13:31:39,52.6800,108,2
2026-06-17,601318,13:31:42,52.6800,166,2
2026-06-17,601318,13:31:45,52.6700,85,2
2026-06-17,601318,13:31:48,52.6700,22,2
2026-06-17,601318,13:31:51,52.6800,74,1
2026-06-17,601318,13:31:54,52.6800,26,1
2026-06-17,601318,13:31:57,52.6800,95,1
2026-06-17,601318,13:32:00,52.6800,71,1
2026-06-17,601318,13:32:03,52.6700,367,2
2026-06-17,601318,13:32:06,52.6600,1199,2
2026-06-17,601318,13:32:09,52.6400,279,2
2026-06-17,601318,13:32:12,52.6300,185,2
2026-06-17,601318,13:32:15,52.6300,99,1
2026-06-17,601318,13:32:18,52.6200,441,2
2026-06-17,601318,13:32:21,52.6300,148,1
2026-06-17,601318,13:32:24,52.6500,256,1
2026-06-17,601318,13:32:27,52.6600,49,1
2026-06-17,601318,13:32:30,52.6600,47,2
2026-06-17,601318,13:32:33,52.6600,18,1
2026-06-17,601318,13:32:36,52.6400,92,2
2026-06-17,601318,13:32:39,52.6400,99,1
2026-06-17,601318,13:32:42,52.6400,446,1
2026-06-17,601318,13:32:45,52.6400,39,1
2026-06-17,601318,13:32:48,52.6500,61,1
2026-06-17,601318,13:32:51,52.6400,47,2
2026-06-17,601318,13:32:54,52.6600,9,4
2026-06-17,601318,13:32:57,52.6600,20,1
2026-06-17,601318,13:33:00,52.6400,367,2
2026-06-17,601318,13:33:03,52.6400,182,2
2026-06-17,601318,13:33:06,52.6700,224,1
2026-06-17,601318,13:33:09,52.6400,100,2
2026-06-17,601318,13:33:12,52.6400,47,2
2026-06-17,601318,13:33:15,52.6500,113,1
2026-06-17,601318,13:33:18,52.6500,568,1
2026-06-17,601318,13:33:21,52.6500,283,2
2026-06-17,601318,13:33:24,52.6500,100,2
2026-06-17,601318,13:33:27,52.6500,139,2
2026-06-17,601318,13:33:30,52.6600,50,1
2026-06-17,601318,13:33:33,52.6600,414,1
2026-06-17,601318,13:33:36,52.6600,81,1
2026-06-17,601318,13:33:39,52.6400,373,2
2026-06-17,601318,13:33:42,52.6400,40,2
2026-06-17,601318,13:33:45,52.6400,81,1
2026-06-17,601318,13:33:48,52.6500,11,1
2026-06-17,601318,13:33:51,52.6400,80,2
2026-06-17,601318,13:33:54,52.6600,63,1
2026-06-17,601318,13:33:57,52.6600,51,1
2026-06-17,601318,13:34:00,52.6500,38,2
2026-06-17,601318,13:34:03,52.6600,261,1
2026-06-17,601318,13:34:06,52.6800,1,1
2026-06-17,601318,13:34:09,52.6800,43,1
2026-06-17,601318,13:34:12,52.6800,124,1
2026-06-17,601318,13:34:15,52.6700,271,4
2026-06-17,601318,13:34:18,52.6700,11,2
2026-06-17,601318,13:34:21,52.6700,15,2
2026-06-17,601318,13:34:24,52.6800,93,1
2026-06-17,601318,13:34:27,52.6700,316,2
2026-06-17,601318,13:34:30,52.6600,130,4
2026-06-17,601318,13:34:33,52.6700,69,1
2026-06-17,601318,13:34:36,52.6500,455,2
2026-06-17,601318,13:34:39,52.6700,35,2
2026-06-17,601318,13:34:42,52.6800,74,1
2026-06-17,601318,13:34:45,52.6700,342,2
2026-06-17,601318,13:34:48,52.6800,59,1
2026-06-17,601318,13:34:51,52.6700,33,4
2026-06-17,601318,13:34:54,52.6800,53,1
2026-06-17,601318,13:34:57,52.6600,158,2
2026-06-17,601318,13:35:00,52.6600,145,1
2026-06-17,601318,13:35:03,52.6500,346,2
2026-06-17,601318,13:35:06,52.6500,88,1
2026-06-17,601318,13:35:09,52.6500,77,1
2026-06-17,601318,13:35:12,52.6500,154,1
2026-06-17,601318,13:35:15,52.6500,180,1
2026-06-17,601318,13:35:18,52.6400,487,1
2026-06-17,601318,13:35:21,52.6400,100,2
2026-06-17,601318,13:35:24,52.6500,82,1
2026-06-17,601318,13:35:27,52.6400,50,2
2026-06-17,601318,13:35:30,52.6500,82,1
2026-06-17,601318,13:35:33,52.6500,69,1
2026-06-17,601318,13:35:36,52.6500,74,1
2026-06-17,601318,13:35:39,52.6500,66,1
2026-06-17,601318,13:35:42,52.6400,174,2
2026-06-17,601318,13:35:45,52.6500,54,1
2026-06-17,601318,13:35:48,52.6600,51,1
2026-06-17,601318,13:35:51,52.6500,41,2
2026-06-17,601318,13:35:54,52.6400,85,2
2026-06-17,601318,13:35:57,52.6600,36,1
2026-06-17,601318,13:36:00,52.6500,492,2
2026-06-17,601318,13:36:03,52.6400,81,2
2026-06-17,601318,13:36:06,52.6500,80,1
2026-06-17,601318,13:36:09,52.6500,329,1
2026-06-17,601318,13:36:12,52.6500,68,1
2026-06-17,601318,13:36:15,52.6500,64,1
2026-06-17,601318,13:36:18,52.6500,68,1
2026-06-17,601318,13:36:21,52.6300,186,2
2026-06-17,601318,13:36:24,52.6400,54,1
2026-06-17,601318,13:36:27,52.6300,180,2
2026-06-17,601318,13:36:30,52.6300,200,1
2026-06-17,601318,13:36:33,52.6200,351,2
2026-06-17,601318,13:36:36,52.6100,57,2
2026-06-17,601318,13:36:39,52.6100,567,2
2026-06-17,601318,13:36:42,52.6100,110,2
2026-06-17,601318,13:36:45,52.6100,44,2
2026-06-17,601318,13:36:48,52.6200,76,1
2026-06-17,601318,13:36:51,52.6100,74,2
2026-06-17,601318,13:36:54,52.6200,90,1
2026-06-17,601318,13:36:57,52.6300,242,1
2026-06-17,601318,13:37:00,52.6300,66,1
2026-06-17,601318,13:37:03,52.6300,218,1
2026-06-17,601318,13:37:06,52.6400,205,1
2026-06-17,601318,13:37:09,52.6300,89,2
2026-06-17,601318,13:37:12,52.6500,12,1
2026-06-17,601318,13:37:15,52.6500,19,1
2026-06-17,601318,13:37:18,52.6500,212,1
2026-06-17,601318,13:37:21,52.6500,183,1
2026-06-17,601318,13:37:24,52.6700,212,1
2026-06-17,601318,13:37:27,52.6800,18,1
2026-06-17,601318,13:37:30,52.6800,49,1
2026-06-17,601318,13:37:33,52.6700,40,2
2026-06-17,601318,13:37:36,52.6800,15,4
2026-06-17,601318,13:37:39,52.6900,148,1
2026-06-17,601318,13:37:42,52.6800,65,4
2026-06-17,601318,13:37:45,52.6800,135,1
2026-06-17,601318,13:37:48,52.6700,145,4
2026-06-17,601318,13:37:51,52.6600,222,4
2026-06-17,601318,13:37:54,52.6400,283,2
2026-06-17,601318,13:37:57,52.6500,136,2
2026-06-17,601318,13:38:00,52.6400,48,2
2026-06-17,601318,13:38:03,52.6300,334,2
2026-06-17,601318,13:38:06,52.6300,107,1
2026-06-17,601318,13:38:09,52.6300,250,1
2026-06-17,601318,13:38:12,52.6300,67,2
2026-06-17,601318,13:38:15,52.6300,136,2
2026-06-17,601318,13:38:18,52.6300,68,2
2026-06-17,601318,13:38:21,52.6300,45,2
2026-06-17,601318,13:38:24,52.6300,56,2
2026-06-17,601318,13:38:27,52.6300,55,2
2026-06-17,601318,13:38:30,52.6300,49,1
2026-06-17,601318,13:38:33,52.6300,171,1
2026-06-17,601318,13:38:36,52.6400,38,1
2026-06-17,601318,13:38:39,52.6400,35,1
2026-06-17,601318,13:38:42,52.6400,150,1
2026-06-17,601318,13:38:45,52.6300,8,2
2026-06-17,601318,13:38:48,52.6300,26,2
2026-06-17,601318,13:38:51,52.6400,74,1
2026-06-17,601318,13:38:54,52.6200,151,2
2026-06-17,601318,13:38:57,52.6300,68,2
2026-06-17,601318,13:39:00,52.6400,58,1
2026-06-17,601318,13:39:03,52.6200,596,2
2026-06-17,601318,13:39:06,52.6300,60,4
2026-06-17,601318,13:39:09,52.6500,145,1
2026-06-17,601318,13:39:12,52.6400,43,2
2026-06-17,601318,13:39:15,52.6400,146,2
2026-06-17,601318,13:39:18,52.6500,20,2
2026-06-17,601318,13:39:21,52.6500,66,2
2026-06-17,601318,13:39:24,52.6500,52,2
2026-06-17,601318,13:39:27,52.6600,141,1
2026-06-17,601318,13:39:30,52.6600,54,2
2026-06-17,601318,13:39:33,52.6600,177,2
2026-06-17,601318,13:39:36,52.6600,73,1
2026-06-17,601318,13:39:39,52.6500,260,2
2026-06-17,601318,13:39:42,52.6600,74,1
2026-06-17,601318,13:39:45,52.6600,45,1
2026-06-17,601318,13:39:48,52.6800,342,1
2026-06-17,601318,13:39:51,52.6800,58,1
2026-06-17,601318,13:39:54,52.6800,9,2
2026-06-17,601318,13:39:57,52.6700,135,2
2026-06-17,601318,13:40:00,52.6800,209,1
2026-06-17,601318,13:40:03,52.6900,21,1
2026-06-17,601318,13:40:06,52.6900,35,1
2026-06-17,601318,13:40:09,52.6800,205,2
2026-06-17,601318,13:40:12,52.7200,50,1
2026-06-17,601318,13:40:15,52.7100,66,2
2026-06-17,601318,13:40:18,52.7100,18,2
2026-06-17,601318,13:40:21,52.7100,88,2
2026-06-17,601318,13:40:24,52.7100,101,2
2026-06-17,601318,13:40:27,52.7200,205,1
2026-06-17,601318,13:40:30,52.7000,272,2
2026-06-17,601318,13:40:33,52.7200,90,1
2026-06-17,601318,13:40:36,52.7000,59,2
2026-06-17,601318,13:40:39,52.7000,255,2
2026-06-17,601318,13:40:42,52.7200,64,1
2026-06-17,601318,13:40:45,52.7100,100,2
2026-06-17,601318,13:40:48,52.7200,24,2
2026-06-17,601318,13:40:51,52.7200,48,2
2026-06-17,601318,13:40:54,52.7200,97,2
2026-06-17,601318,13:40:57,52.7200,161,2
2026-06-17,601318,13:41:00,52.7200,37,1
2026-06-17,601318,13:41:03,52.7100,39,2
2026-06-17,601318,13:41:06,52.7000,1124,2
2026-06-17,601318,13:41:09,52.6800,188,2
2026-06-17,601318,13:41:12,52.7100,462,1
2026-06-17,601318,13:41:15,52.7100,14,1
2026-06-17,601318,13:41:18,52.7100,24,1
2026-06-17,601318,13:41:21,52.7300,506,1
2026-06-17,601318,13:41:24,52.7300,91,1
2026-06-17,601318,13:41:27,52.7300,9,1
2026-06-17,601318,13:41:30,52.7300,48,1
2026-06-17,601318,13:41:33,52.7200,80,2
2026-06-17,601318,13:41:36,52.7300,149,1
2026-06-17,601318,13:41:39,52.7300,100,2
2026-06-17,601318,13:41:42,52.7400,30,1
2026-06-17,601318,13:41:45,52.7400,26,1
2026-06-17,601318,13:41:48,52.7500,18,1
2026-06-17,601318,13:41:51,52.7500,63,1
2026-06-17,601318,13:41:54,52.7500,92,1
2026-06-17,601318,13:41:57,52.7400,23,4
2026-06-17,601318,13:42:00,52.7400,46,4
2026-06-17,601318,13:42:03,52.7300,17,2
2026-06-17,601318,13:42:06,52.7400,134,1
2026-06-17,601318,13:42:09,52.7300,101,2
2026-06-17,601318,13:42:12,52.7300,26,2
2026-06-17,601318,13:42:15,52.7300,46,2
2026-06-17,601318,13:42:18,52.7300,57,2
2026-06-17,601318,13:42:21,52.7400,58,1
2026-06-17,601318,13:42:24,52.7200,64,2
2026-06-17,601318,13:42:27,52.7300,43,1
2026-06-17,601318,13:42:30,52.7200,69,2
2026-06-17,601318,13:42:33,52.7200,110,2
2026-06-17,601318,13:42:36,52.7000,88,2
2026-06-17,601318,13:42:39,52.7100,20,4
2026-06-17,601318,13:42:42,52.7200,96,1
2026-06-17,601318,13:42:45,52.7100,28,2
2026-06-17,601318,13:42:48,52.7200,4,1
2026-06-17,601318,13:42:51,52.7100,9,2
2026-06-17,601318,13:42:54,52.7100,78,2
2026-06-17,601318,13:42:57,52.7200,59,1
2026-06-17,601318,13:43:00,52.7100,44,2
2026-06-17,601318,13:43:03,52.7100,36,2
2026-06-17,601318,13:43:06,52.7100,215,2
2026-06-17,601318,13:43:09,52.7200,241,1
2026-06-17,601318,13:43:12,52.7200,501,1
2026-06-17,601318,13:43:15,52.7300,41,4
2026-06-17,601318,13:43:18,52.7300,202,2
2026-06-17,601318,13:43:21,52.7300,40,1
2026-06-17,601318,13:43:24,52.7200,48,2
2026-06-17,601318,13:43:27,52.7300,17,1
2026-06-17,601318,13:43:30,52.7300,42,2
2026-06-17,601318,13:43:33,52.7200,66,2
2026-06-17,601318,13:43:36,52.7200,85,2
2026-06-17,601318,13:43:39,52.7200,1,2
2026-06-17,601318,13:43:42,52.7400,171,1
2026-06-17,601318,13:43:45,52.7500,142,1
2026-06-17,601318,13:43:48,52.7500,142,2
2026-06-17,601318,13:43:51,52.7500,117,2
2026-06-17,601318,13:43:54,52.7600,113,1
2026-06-17,601318,13:43:57,52.7600,32,1
2026-06-17,601318,13:44:00,52.7600,132,1
2026-06-17,601318,13:44:03,52.7600,70,1
2026-06-17,601318,13:44:06,52.8000,446,1
2026-06-17,601318,13:44:09,52.8000,153,2
2026-06-17,601318,13:44:12,52.8000,124,2
2026-06-17,601318,13:44:15,52.8100,197,1
2026-06-17,601318,13:44:18,52.8000,20,2
2026-06-17,601318,13:44:21,52.7900,4,2
2026-06-17,601318,13:44:24,52.8100,363,1
2026-06-17,601318,13:44:27,52.8100,44,2
2026-06-17,601318,13:44:30,52.8000,33,2
2026-06-17,601318,13:44:33,52.7900,83,2
2026-06-17,601318,13:44:36,52.7600,196,2
2026-06-17,601318,13:44:39,52.7600,70,2
2026-06-17,601318,13:44:42,52.7600,38,2
2026-06-17,601318,13:44:45,52.7600,50,2
2026-06-17,601318,13:44:48,52.7700,63,1
2026-06-17,601318,13:44:51,52.7700,72,1
2026-06-17,601318,13:44:54,52.7700,139,2
2026-06-17,601318,13:44:57,52.7700,14,2
2026-06-17,601318,13:45:00,52.7700,110,1
2026-06-17,601318,13:45:03,52.7500,141,2
2026-06-17,601318,13:45:06,52.7400,312,2
2026-06-17,601318,13:45:09,52.7500,54,4
2026-06-17,601318,13:45:12,52.7500,148,1
2026-06-17,601318,13:45:15,52.7600,181,1
2026-06-17,601318,13:45:18,52.7700,64,1
2026-06-17,601318,13:45:21,52.7800,14,1
2026-06-17,601318,13:45:24,52.7800,48,1
2026-06-17,601318,13:45:27,52.7700,153,2
2026-06-17,601318,13:45:30,52.7800,70,1
2026-06-17,601318,13:45:33,52.7700,129,2
2026-06-17,601318,13:45:36,52.7800,1025,1
2026-06-17,601318,13:45:39,52.7800,5,2
2026-06-17,601318,13:45:42,52.7900,47,1
2026-06-17,601318,13:45:45,52.7900,876,1
2026-06-17,601318,13:45:48,52.7900,74,1
2026-06-17,601318,13:45:51,52.7900,62,2
2026-06-17,601318,13:45:54,52.7900,42,2
2026-06-17,601318,13:45:57,52.7900,39,2
2026-06-17,601318,13:46:00,52.7800,59,2
2026-06-17,601318,13:46:03,52.7900,86,1
2026-06-17,601318,13:46:06,52.8200,966,1
2026-06-17,601318,13:46:09,52.8600,826,1
2026-06-17,601318,13:46:12,52.8400,94,2
2026-06-17,601318,13:46:15,52.8400,87,1
2026-06-17,601318,13:46:18,52.8500,32,1
2026-06-17,601318,13:46:21,52.8500,33,1
2026-06-17,601318,13:46:24,52.8500,54,1
2026-06-17,601318,13:46:27,52.8400,50,2
2026-06-17,601318,13:46:30,52.8500,77,1
2026-06-17,601318,13:46:33,52.8400,63,2
2026-06-17,601318,13:46:36,52.8400,177,1
2026-06-17,601318,13:46:39,52.8200,51,2
2026-06-17,601318,13:46:42,52.8400,19,1
2026-06-17,601318,13:46:45,52.8300,17,4
2026-06-17,601318,13:46:48,52.8400,71,1
2026-06-17,601318,13:46:51,52.8300,36,2
2026-06-17,601318,13:46:54,52.8100,170,2
2026-06-17,601318,13:46:57,52.8000,131,2
2026-06-17,601318,13:47:00,52.8100,152,1
2026-06-17,601318,13:47:03,52.7900,154,2
2026-06-17,601318,13:47:06,52.7900,250,1
2026-06-17,601318,13:47:09,52.8000,366,1
2026-06-17,601318,13:47:12,52.8100,68,1
2026-06-17,601318,13:47:15,52.8000,56,2
2026-06-17,601318,13:47:18,52.8000,29,2
2026-06-17,601318,13:47:21,52.8100,29,1
2026-06-17,601318,13:47:24,52.8100,140,1
2026-06-17,601318,13:47:27,52.8100,86,2
2026-06-17,601318,13:47:30,52.8200,36,1
2026-06-17,601318,13:47:33,52.8200,55,1
2026-06-17,601318,13:47:36,52.8100,185,2
2026-06-17,601318,13:47:39,52.8200,28,1
2026-06-17,601318,13:47:42,52.8100,60,2
2026-06-17,601318,13:47:45,52.8200,45,1
2026-06-17,601318,13:47:48,52.8100,58,2
2026-06-17,601318,13:47:51,52.8200,46,1
2026-06-17,601318,13:47:54,52.8100,257,2
2026-06-17,601318,13:47:57,52.7800,272,2
2026-06-17,601318,13:48:00,52.7600,286,2
2026-06-17,601318,13:48:03,52.7700,103,1
2026-06-17,601318,13:48:06,52.7500,65,2
2026-06-17,601318,13:48:09,52.7600,249,1
2026-06-17,601318,13:48:12,52.7600,33,1
2026-06-17,601318,13:48:15,52.7700,84,1
2026-06-17,601318,13:48:18,52.7700,1,1
2026-06-17,601318,13:48:21,52.7700,63,1
2026-06-17,601318,13:48:24,52.7700,11,1
2026-06-17,601318,13:48:27,52.7600,63,2
2026-06-17,601318,13:48:30,52.7700,82,1
2026-06-17,601318,13:48:33,52.7700,81,1
2026-06-17,601318,13:48:36,52.7600,73,2
2026-06-17,601318,13:48:39,52.7700,117,1
2026-06-17,601318,13:48:42,52.7500,135,2
2026-06-17,601318,13:48:45,52.7700,75,1
2026-06-17,601318,13:48:48,52.7600,37,1
2026-06-17,601318,13:48:51,52.7500,85,2
2026-06-17,601318,13:48:54,52.7500,72,2
2026-06-17,601318,13:48:57,52.7500,20,2
2026-06-17,601318,13:49:00,52.7500,9,2
2026-06-17,601318,13:49:03,52.7500,59,2
2026-06-17,601318,13:49:06,52.7500,75,2
2026-06-17,601318,13:49:09,52.7400,77,2
2026-06-17,601318,13:49:12,52.7400,13,2
2026-06-17,601318,13:49:15,52.7500,25,1
2026-06-17,601318,13:49:18,52.7400,57,2
2026-06-17,601318,13:49:21,52.7600,122,1
2026-06-17,601318,13:49:24,52.7500,52,2
2026-06-17,601318,13:49:27,52.7400,11,2
2026-06-17,601318,13:49:30,52.7600,93,1
2026-06-17,601318,13:49:33,52.7600,78,1
2026-06-17,601318,13:49:36,52.7700,64,1
2026-06-17,601318,13:49:39,52.7600,421,2
2026-06-17,601318,13:49:42,52.7600,29,2
2026-06-17,601318,13:49:45,52.7700,58,1
2026-06-17,601318,13:49:48,52.7500,158,2
2026-06-17,601318,13:49:51,52.7500,22,2
2026-06-17,601318,13:49:54,52.7600,41,1
2026-06-17,601318,13:49:57,52.7600,117,1
2026-06-17,601318,13:50:00,52.7600,61,2
2026-06-17,601318,13:50:03,52.7600,52,2
2026-06-17,601318,13:50:06,52.7600,57,2
2026-06-17,601318,13:50:09,52.7600,197,1
2026-06-17,601318,13:50:12,52.7500,85,2
2026-06-17,601318,13:50:15,52.7400,83,2
2026-06-17,601318,13:50:18,52.7500,29,1
2026-06-17,601318,13:50:21,52.7400,30,2
2026-06-17,601318,13:50:24,52.7400,107,2
2026-06-17,601318,13:50:27,52.7600,405,1
2026-06-17,601318,13:50:30,52.7600,213,1
2026-06-17,601318,13:50:33,52.7600,87,1
2026-06-17,601318,13:50:36,52.7500,70,2
2026-06-17,601318,13:50:39,52.7400,125,2
2026-06-17,601318,13:50:42,52.7500,26,4
2026-06-17,601318,13:50:45,52.7500,95,2
2026-06-17,601318,13:50:48,52.7500,34,1
2026-06-17,601318,13:50:51,52.7400,42,2
2026-06-17,601318,13:50:54,52.7400,81,2
2026-06-17,601318,13:50:57,52.7400,147,2
2026-06-17,601318,13:51:00,52.7500,94,1
2026-06-17,601318,13:51:03,52.7400,16,2
2026-06-17,601318,13:51:06,52.7400,78,2
2026-06-17,601318,13:51:09,52.7300,44,2
2026-06-17,601318,13:51:12,52.7400,143,1
2026-06-17,601318,13:51:15,52.7400,37,1
2026-06-17,601318,13:51:18,52.7400,122,1
2026-06-17,601318,13:51:21,52.7300,24,2
2026-06-17,601318,13:51:24,52.7300,198,2
2026-06-17,601318,13:51:27,52.7100,175,2
2026-06-17,601318,13:51:30,52.7000,476,2
2026-06-17,601318,13:51:33,52.6900,77,2
2026-06-17,601318,13:51:36,52.6800,207,2
2026-06-17,601318,13:51:39,52.6600,136,2
2026-06-17,601318,13:51:42,52.6800,294,1
2026-06-17,601318,13:51:45,52.6700,131,2
2026-06-17,601318,13:51:48,52.6700,32,2
2026-06-17,601318,13:51:51,52.6700,46,2
2026-06-17,601318,13:51:54,52.6700,34,2
2026-06-17,601318,13:51:57,52.6700,212,2
2026-06-17,601318,13:52:00,52.6700,148,2
2026-06-17,601318,13:52:03,52.6700,93,2
2026-06-17,601318,13:52:06,52.6700,53,2
2026-06-17,601318,13:52:09,52.6700,112,2
2026-06-17,601318,13:52:12,52.6700,248,2
2026-06-17,601318,13:52:15,52.6600,357,2
2026-06-17,601318,13:52:18,52.6600,301,1
2026-06-17,601318,13:52:21,52.6400,81,2
2026-06-17,601318,13:52:24,52.6600,382,1
2026-06-17,601318,13:52:27,52.6400,310,2
2026-06-17,601318,13:52:30,52.6400,191,2
2026-06-17,601318,13:52:33,52.6500,117,1
2026-06-17,601318,13:52:36,52.6500,55,1
2026-06-17,601318,13:52:39,52.6500,164,2
2026-06-17,601318,13:52:42,52.6400,50,2
2026-06-17,601318,13:52:45,52.6500,203,1
2026-06-17,601318,13:52:48,52.6600,110,1
2026-06-17,601318,13:52:51,52.6700,31,1
2026-06-17,601318,13:52:54,52.6600,110,2
2026-06-17,601318,13:52:57,52.6500,100,2
2026-06-17,601318,13:53:00,52.6600,87,1
2026-06-17,601318,13:53:03,52.6700,283,1
2026-06-17,601318,13:53:06,52.6700,155,1
2026-06-17,601318,13:53:09,52.6800,60,1
2026-06-17,601318,13:53:12,52.6800,73,1
2026-06-17,601318,13:53:15,52.6700,11,2
2026-06-17,601318,13:53:18,52.6800,79,1
2026-06-17,601318,13:53:21,52.6700,181,2
2026-06-17,601318,13:53:24,52.6800,84,4
2026-06-17,601318,13:53:27,52.6800,14,2
2026-06-17,601318,13:53:30,52.6700,49,2
2026-06-17,601318,13:53:33,52.6800,78,1
2026-06-17,601318,13:53:36,52.6800,169,1
2026-06-17,601318,13:53:39,52.6800,128,2
2026-06-17,601318,13:53:42,52.6700,41,2
2026-06-17,601318,13:53:45,52.6800,58,1
2026-06-17,601318,13:53:48,52.6800,35,1
2026-06-17,601318,13:53:51,52.6800,54,1
2026-06-17,601318,13:53:54,52.6700,119,2
2026-06-17,601318,13:53:57,52.6800,47,1
2026-06-17,601318,13:54:00,52.6700,46,2
2026-06-17,601318,13:54:03,52.6700,81,2
2026-06-17,601318,13:54:06,52.6700,48,2
2026-06-17,601318,13:54:09,52.6900,573,1
2026-06-17,601318,13:54:12,52.6900,214,1
2026-06-17,601318,13:54:15,52.7000,42,1
2026-06-17,601318,13:54:18,52.7000,36,1
2026-06-17,601318,13:54:21,52.6900,23,2
2026-06-17,601318,13:54:24,52.7000,6,1
2026-06-17,601318,13:54:27,52.7000,22,1
2026-06-17,601318,13:54:30,52.7100,196,1
2026-06-17,601318,13:54:33,52.7100,163,1
2026-06-17,601318,13:54:36,52.7200,150,1
2026-06-17,601318,13:54:39,52.7100,24,2
2026-06-17,601318,13:54:42,52.7100,22,2
2026-06-17,601318,13:54:45,52.7000,54,2
2026-06-17,601318,13:54:48,52.7100,1,1
2026-06-17,601318,13:54:51,52.7100,30,1
2026-06-17,601318,13:54:54,52.7000,26,2
2026-06-17,601318,13:54:57,52.7100,32,1
2026-06-17,601318,13:55:00,52.7000,42,2
2026-06-17,601318,13:55:03,52.7000,1,2
2026-06-17,601318,13:55:06,52.7000,77,2
2026-06-17,601318,13:55:09,52.7100,328,1
2026-06-17,601318,13:55:12,52.7100,14,1
2026-06-17,601318,13:55:15,52.7100,109,1
2026-06-17,601318,13:55:18,52.7000,1,2
2026-06-17,601318,13:55:21,52.7100,62,1
2026-06-17,601318,13:55:24,52.7100,8,1
2026-06-17,601318,13:55:27,52.7100,19,1
2026-06-17,601318,13:55:30,52.7000,11,2
2026-06-17,601318,13:55:33,52.7100,47,1
2026-06-17,601318,13:55:36,52.7000,33,2
2026-06-17,601318,13:55:39,52.7100,166,1
2026-06-17,601318,13:55:42,52.7100,59,1
2026-06-17,601318,13:55:45,52.7100,43,1
2026-06-17,601318,13:55:48,52.7100,105,2
2026-06-17,601318,13:55:51,52.7100,23,2
2026-06-17,601318,13:55:54,52.7100,56,2
2026-06-17,601318,13:55:57,52.7100,55,2
2026-06-17,601318,13:56:00,52.7100,272,2
2026-06-17,601318,13:56:03,52.7200,23,1
2026-06-17,601318,13:56:06,52.7200,151,1
2026-06-17,601318,13:56:09,52.7200,21,2
2026-06-17,601318,13:56:12,52.7300,33,1
2026-06-17,601318,13:56:15,52.7300,41,1
2026-06-17,601318,13:56:18,52.7300,17,1
2026-06-17,601318,13:56:21,52.7300,57,1
2026-06-17,601318,13:56:24,52.7300,24,1
2026-06-17,601318,13:56:27,52.7300,179,1
2026-06-17,601318,13:56:30,52.7200,5,2
2026-06-17,601318,13:56:33,52.7200,322,2
2026-06-17,601318,13:56:36,52.7200,343,4
2026-06-17,601318,13:56:39,52.7000,76,2
2026-06-17,601318,13:56:42,52.7100,67,1
2026-06-17,601318,13:56:45,52.7100,21,1
2026-06-17,601318,13:56:48,52.7000,32,2
2026-06-17,601318,13:56:51,52.7100,73,1
2026-06-17,601318,13:56:54,52.7100,41,1
2026-06-17,601318,13:56:57,52.7100,2,1
2026-06-17,601318,13:57:00,52.7000,46,2
2026-06-17,601318,13:57:03,52.7000,33,2
2026-06-17,601318,13:57:06,52.7000,66,2
2026-06-17,601318,13:57:09,52.7000,59,2
2026-06-17,601318,13:57:12,52.7000,79,2
2026-06-17,601318,13:57:15,52.7000,98,1
2026-06-17,601318,13:57:18,52.6800,140,2
2026-06-17,601318,13:57:21,52.6800,150,2
2026-06-17,601318,13:57:24,52.6700,89,2
2026-06-17,601318,13:57:27,52.6600,100,2
2026-06-17,601318,13:57:30,52.6600,82,2
2026-06-17,601318,13:57:33,52.6600,131,2
2026-06-17,601318,13:57:36,52.6600,122,2
2026-06-17,601318,13:57:39,52.6600,125,2
2026-06-17,601318,13:57:42,52.7100,511,1
2026-06-17,601318,13:57:45,52.6900,522,2
2026-06-17,601318,13:57:48,52.7100,27,4
2026-06-17,601318,13:57:51,52.7000,43,2
2026-06-17,601318,13:57:54,52.6900,83,2
2026-06-17,601318,13:57:57,52.6800,242,2
2026-06-17,601318,13:58:00,52.6900,14,1
2026-06-17,601318,13:58:03,52.6800,97,2
2026-06-17,601318,13:58:06,52.6800,50,1
2026-06-17,601318,13:58:09,52.6700,168,2
2026-06-17,601318,13:58:12,52.6700,138,1
2026-06-17,601318,13:58:15,52.6700,83,2
2026-06-17,601318,13:58:18,52.6700,65,1
2026-06-17,601318,13:58:21,52.6700,82,2
2026-06-17,601318,13:58:24,52.6700,16,1
2026-06-17,601318,13:58:27,52.6700,60,1
2026-06-17,601318,13:58:30,52.6600,471,2
2026-06-17,601318,13:58:33,52.6500,350,2
2026-06-17,601318,13:58:36,52.6400,300,2
2026-06-17,601318,13:58:39,52.6300,97,2
2026-06-17,601318,13:58:42,52.6300,393,2
2026-06-17,601318,13:58:45,52.6300,265,1
2026-06-17,601318,13:58:48,52.6300,651,1
2026-06-17,601318,13:58:51,52.6200,301,2
2026-06-17,601318,13:58:54,52.6300,430,1
2026-06-17,601318,13:58:57,52.6500,408,1
2026-06-17,601318,13:59:00,52.6200,310,2
2026-06-17,601318,13:59:03,52.6200,155,2
2026-06-17,601318,13:59:06,52.6400,348,1
2026-06-17,601318,13:59:09,52.6400,154,2
2026-06-17,601318,13:59:12,52.6400,1204,2
2026-06-17,601318,13:59:15,52.6400,152,2
2026-06-17,601318,13:59:18,52.6500,54,1
2026-06-17,601318,13:59:21,52.6300,12,2
2026-06-17,601318,13:59:24,52.6300,40,1
2026-06-17,601318,13:59:27,52.6200,371,2
2026-06-17,601318,13:59:30,52.6200,49,2
2026-06-17,601318,13:59:33,52.6100,982,2
2026-06-17,601318,13:59:36,52.6100,338,1
2026-06-17,601318,13:59:39,52.6100,423,2
2026-06-17,601318,13:59:42,52.6100,264,1
2026-06-17,601318,13:59:45,52.6000,324,2
2026-06-17,601318,13:59:48,52.6000,96,2
2026-06-17,601318,13:59:51,52.6100,476,1
2026-06-17,601318,13:59:54,52.6100,42,1
2026-06-17,601318,13:59:57,52.6200,339,1
2026-06-17,601318,14:00:00,52.6100,422,2
2026-06-17,601318,14:00:03,52.6100,128,2
2026-06-17,601318,14:00:06,52.6100,77,1
2026-06-17,601318,14:00:09,52.6000,51,2
2026-06-17,601318,14:00:12,52.6000,160,2
2026-06-17,601318,14:00:15,52.6000,167,1
2026-06-17,601318,14:00:18,52.6000,107,2
2026-06-17,601318,14:00:21,52.5900,320,2
2026-06-17,601318,14:00:24,52.6000,29,1
2026-06-17,601318,14:00:27,52.6000,354,1
2026-06-17,601318,14:00:30,52.6000,34,2
2026-06-17,601318,14:00:33,52.6200,467,1
2026-06-17,601318,14:00:36,52.6100,431,2
2026-06-17,601318,14:00:39,52.6100,165,1
2026-06-17,601318,14:00:42,52.6000,196,2
2026-06-17,601318,14:00:45,52.6200,848,1
2026-06-17,601318,14:00:48,52.6400,103,1
2026-06-17,601318,14:00:51,52.6200,29,2
2026-06-17,601318,14:00:54,52.6300,9,1
2026-06-17,601318,14:00:57,52.6200,16,2
2026-06-17,601318,14:01:00,52.6200,186,2
2026-06-17,601318,14:01:03,52.6300,4,1
2026-06-17,601318,14:01:06,52.6300,54,1
2026-06-17,601318,14:01:09,52.6300,222,1
2026-06-17,601318,14:01:12,52.6200,69,2
2026-06-17,601318,14:01:15,52.6100,294,2
2026-06-17,601318,14:01:18,52.6000,205,2
2026-06-17,601318,14:01:21,52.6000,143,2
2026-06-17,601318,14:01:24,52.6100,50,1
2026-06-17,601318,14:01:27,52.6000,77,2
2026-06-17,601318,14:01:30,52.6000,23,2
2026-06-17,601318,14:01:33,52.6100,41,1
2026-06-17,601318,14:01:36,52.6100,4,1
2026-06-17,601318,14:01:39,52.6000,45,2
2026-06-17,601318,14:01:42,52.6100,40,1
2026-06-17,601318,14:01:45,52.6000,36,2
2026-06-17,601318,14:01:48,52.6100,4,1
2026-06-17,601318,14:01:51,52.6400,1077,1
2026-06-17,601318,14:01:54,52.6500,524,1
2026-06-17,601318,14:01:57,52.6500,213,2
2026-06-17,601318,14:02:00,52.6500,230,2
2026-06-17,601318,14:02:03,52.6500,20,2
2026-06-17,601318,14:02:06,52.6600,95,1
2026-06-17,601318,14:02:09,52.6600,54,2
2026-06-17,601318,14:02:12,52.6700,42,1
2026-06-17,601318,14:02:15,52.6600,36,2
2026-06-17,601318,14:02:18,52.6700,3,1
2026-06-17,601318,14:02:21,52.6600,22,2
2026-06-17,601318,14:02:24,52.6700,38,1
2026-06-17,601318,14:02:27,52.6600,112,2
2026-06-17,601318,14:02:30,52.6500,216,2
2026-06-17,601318,14:02:33,52.6400,34,2
2026-06-17,601318,14:02:36,52.6400,50,2
2026-06-17,601318,14:02:39,52.6500,55,1
2026-06-17,601318,14:02:42,52.6400,15,2
2026-06-17,601318,14:02:45,52.6500,132,1
2026-06-17,601318,14:02:48,52.6500,40,1
2026-06-17,601318,14:02:51,52.6400,67,2
2026-06-17,601318,14:02:54,52.6500,11,4
2026-06-17,601318,14:02:57,52.6400,39,2
2026-06-17,601318,14:03:00,52.6500,61,1
2026-06-17,601318,14:03:03,52.6500,19,1
2026-06-17,601318,14:03:06,52.6500,10,1
2026-06-17,601318,14:03:09,52.6400,40,2
2026-06-17,601318,14:03:12,52.6500,93,1
2026-06-17,601318,14:03:15,52.6500,78,1
2026-06-17,601318,14:03:18,52.6600,19,1
2026-06-17,601318,14:03:21,52.6800,119,1
2026-06-17,601318,14:03:24,52.7000,26,1
2026-06-17,601318,14:03:27,52.7000,70,1
2026-06-17,601318,14:03:30,52.7000,72,2
2026-06-17,601318,14:03:33,52.6900,29,2
2026-06-17,601318,14:03:36,52.7000,14,1
2026-06-17,601318,14:03:39,52.6900,65,2
2026-06-17,601318,14:03:42,52.6900,31,2
2026-06-17,601318,14:03:45,52.7000,26,1
2026-06-17,601318,14:03:48,52.6900,54,2
2026-06-17,601318,14:03:51,52.6900,27,2
2026-06-17,601318,14:03:54,52.7000,17,1
2026-06-17,601318,14:03:57,52.6900,25,2
2026-06-17,601318,14:04:00,52.6900,45,2
2026-06-17,601318,14:04:03,52.6900,38,2
2026-06-17,601318,14:04:06,52.6900,21,2
2026-06-17,601318,14:04:09,52.6700,247,2
2026-06-17,601318,14:04:12,52.6700,45,1
2026-06-17,601318,14:04:15,52.6700,40,1
2026-06-17,601318,14:04:18,52.6700,244,1
2026-06-17,601318,14:04:21,52.6900,151,1
2026-06-17,601318,14:04:24,52.6800,15,4
2026-06-17,601318,14:04:27,52.6800,2,1
2026-06-17,601318,14:04:30,52.6800,2,2
2026-06-17,601318,14:04:33,52.6800,76,2
2026-06-17,601318,14:04:36,52.6800,95,2
2026-06-17,601318,14:04:39,52.6700,179,2
2026-06-17,601318,14:04:42,52.6700,72,1
2026-06-17,601318,14:04:45,52.6700,31,1
2026-06-17,601318,14:04:48,52.6800,17,1
2026-06-17,601318,14:04:51,52.6700,57,2
2026-06-17,601318,14:04:54,52.6700,26,2
2026-06-17,601318,14:04:57,52.6800,7,1
2026-06-17,601318,14:05:00,52.6700,54,2
2026-06-17,601318,14:05:03,52.6700,106,2
2026-06-17,601318,14:05:06,52.6700,44,1
2026-06-17,601318,14:05:09,52.6600,60,2
2026-06-17,601318,14:05:12,52.6600,28,2
2026-06-17,601318,14:05:15,52.6700,51,1
2026-06-17,601318,14:05:18,52.6600,13,2
2026-06-17,601318,14:05:21,52.6600,96,2
2026-06-17,601318,14:05:24,52.6600,35,2
2026-06-17,601318,14:05:27,52.6600,17,2
2026-06-17,601318,14:05:30,52.6600,87,2
2026-06-17,601318,14:05:33,52.6700,1117,1
2026-06-17,601318,14:05:36,52.6800,128,1
2026-06-17,601318,14:05:39,52.6800,18,1
2026-06-17,601318,14:05:42,52.6800,72,1
2026-06-17,601318,14:05:45,52.6900,69,1
2026-06-17,601318,14:05:48,52.6800,15,2
2026-06-17,601318,14:05:51,52.6800,24,2
2026-06-17,601318,14:05:54,52.6700,44,2
2026-06-17,601318,14:05:57,52.6800,129,2
2026-06-17,601318,14:06:00,52.6900,161,1
2026-06-17,601318,14:06:03,52.6800,84,2
2026-06-17,601318,14:06:06,52.7000,224,1
2026-06-17,601318,14:06:09,52.7100,672,1
2026-06-17,601318,14:06:12,52.7400,45,1
2026-06-17,601318,14:06:15,52.7500,109,1
2026-06-17,601318,14:06:18,52.7600,156,1
2026-06-17,601318,14:06:21,52.7500,98,2
2026-06-17,601318,14:06:24,52.7500,51,2
2026-06-17,601318,14:06:27,52.7500,14,1
2026-06-17,601318,14:06:30,52.7200,531,2
2026-06-17,601318,14:06:33,52.7400,29,1
2026-06-17,601318,14:06:36,52.7400,16,1
2026-06-17,601318,14:06:39,52.7500,111,1
2026-06-17,601318,14:06:42,52.7500,16,2
2026-06-17,601318,14:06:45,52.7600,32,1
2026-06-17,601318,14:06:48,52.7500,64,2
2026-06-17,601318,14:06:51,52.7400,70,2
2026-06-17,601318,14:06:54,52.7400,38,1
2026-06-17,601318,10:56:39,52.7300,37,1
2026-06-17,601318,10:56:42,52.7300,19,1
2026-06-17,601318,10:56:45,52.7300,23,1
2026-06-17,601318,10:56:48,52.7200,19,2
2026-06-17,601318,10:56:51,52.7200,16,1
2026-06-17,601318,10:56:54,52.7200,116,1
2026-06-17,601318,10:56:57,52.7200,28,1
2026-06-17,601318,10:57:00,52.7100,15,4
2026-06-17,601318,10:57:03,52.7100,50,4
2026-06-17,601318,10:57:06,52.7300,366,1
2026-06-17,601318,10:57:09,52.7300,88,1
2026-06-17,601318,10:57:12,52.7200,29,2
2026-06-17,601318,10:57:15,52.7300,74,1
2026-06-17,601318,10:57:18,52.7300,86,1
2026-06-17,601318,10:57:21,52.7300,10,2
2026-06-17,601318,10:57:24,52.7100,128,2
2026-06-17,601318,10:57:27,52.7000,137,2
2026-06-17,601318,10:57:30,52.7000,30,1
2026-06-17,601318,10:57:33,52.6900,34,2
2026-06-17,601318,10:57:36,52.7400,143,1
2026-06-17,601318,10:57:39,52.7100,130,2
2026-06-17,601318,10:57:42,52.7500,35,1
2026-06-17,601318,10:57:45,52.7300,7,4
2026-06-17,601318,10:57:48,52.7400,14,2
2026-06-17,601318,10:57:51,52.7300,4,2
2026-06-17,601318,10:57:54,52.7400,17,1
2026-06-17,601318,10:57:57,52.7300,88,2
2026-06-17,601318,10:58:00,52.7200,52,2
2026-06-17,601318,10:58:03,52.7200,77,2
2026-06-17,601318,10:58:06,52.7200,204,1
2026-06-17,601318,10:58:09,52.7100,285,2
2026-06-17,601318,10:58:12,52.6900,102,2
2026-06-17,601318,10:58:15,52.6800,199,2
2026-06-17,601318,10:58:18,52.6900,143,1
2026-06-17,601318,10:58:21,52.6600,183,2
2026-06-17,601318,10:58:24,52.6500,93,2
2026-06-17,601318,10:58:27,52.6600,170,1
2026-06-17,601318,10:58:30,52.6600,21,1
2026-06-17,601318,10:58:33,52.6500,110,2
2026-06-17,601318,10:58:36,52.6600,63,1
2026-06-17,601318,10:58:39,52.6500,70,2
2026-06-17,601318,10:58:42,52.6600,48,2
2026-06-17,601318,10:58:45,52.6600,37,2
2026-06-17,601318,10:58:48,52.6600,65,2
2026-06-17,601318,10:58:51,52.6600,40,1
2026-06-17,601318,10:58:54,52.6600,127,1
2026-06-17,601318,10:58:57,52.6600,20,2
2026-06-17,601318,10:59:00,52.6500,61,2
2026-06-17,601318,10:59:03,52.6700,207,1
2026-06-17,601318,10:59:06,52.6700,316,1
2026-06-17,601318,10:59:09,52.6600,74,2
2026-06-17,601318,10:59:12,52.6700,159,1
2026-06-17,601318,10:59:15,52.6700,112,1
2026-06-17,601318,10:59:18,52.6700,86,2
2026-06-17,601318,10:59:21,52.6700,61,2
2026-06-17,601318,10:59:24,52.6700,46,2
2026-06-17,601318,10:59:27,52.6700,69,2
2026-06-17,601318,10:59:30,52.6700,76,1
2026-06-17,601318,10:59:33,52.6700,6,2
2026-06-17,601318,10:59:36,52.6700,64,2
2026-06-17,601318,10:59:39,52.6700,58,2
2026-06-17,601318,10:59:42,52.6700,32,2
2026-06-17,601318,10:59:45,52.6700,325,2
2026-06-17,601318,10:59:48,52.6700,119,1
2026-06-17,601318,10:59:51,52.6700,16,1
2026-06-17,601318,10:59:54,52.6700,27,1
2026-06-17,601318,10:59:57,52.6600,52,2
2026-06-17,601318,11:00:00,52.6700,92,1
2026-06-17,601318,11:00:03,52.6600,44,2
2026-06-17,601318,11:00:06,52.6700,8,1
2026-06-17,601318,11:00:09,52.6700,83,1
2026-06-17,601318,11:00:12,52.6600,46,2
2026-06-17,601318,11:00:15,52.6600,115,2
2026-06-17,601318,11:00:18,52.6700,20,1
2026-06-17,601318,11:00:21,52.6700,110,1
2026-06-17,601318,11:00:24,52.6600,129,2
2026-06-17,601318,11:00:27,52.6600,97,2
2026-06-17,601318,11:00:30,52.6700,14,1
2026-06-17,601318,11:00:33,52.6700,1,1
2026-06-17,601318,11:00:36,52.6700,93,1
2026-06-17,601318,11:00:39,52.6600,146,2
2026-06-17,601318,11:00:42,52.6700,60,1
2026-06-17,601318,11:00:45,52.6700,58,1
2026-06-17,601318,11:00:48,52.6700,57,1
2026-06-17,601318,11:00:51,52.6500,188,2
2026-06-17,601318,11:00:54,52.6500,122,2
2026-06-17,601318,11:00:57,52.6600,44,1
2026-06-17,601318,11:01:00,52.6600,29,2
2026-06-17,601318,11:01:03,52.6700,81,1
2026-06-17,601318,11:01:06,52.6700,24,2
2026-06-17,601318,11:01:09,52.6700,76,2
2026-06-17,601318,11:01:12,52.6500,524,2
2026-06-17,601318,11:01:15,52.6600,13,4
2026-06-17,601318,11:01:18,52.6600,149,1
2026-06-17,601318,11:01:21,52.6600,38,2
2026-06-17,601318,11:01:24,52.6600,11,2
2026-06-17,601318,11:01:27,52.6600,12,2
2026-06-17,601318,11:01:30,52.6700,1,1
2026-06-17,601318,11:01:33,52.6600,71,2
2026-06-17,601318,11:01:36,52.6600,323,1
2026-06-17,601318,11:01:39,52.6500,134,2
2026-06-17,601318,11:01:42,52.6500,151,2
2026-06-17,601318,11:01:45,52.6500,14,1
2026-06-17,601318,11:01:48,52.6500,39,1
2026-06-17,601318,11:01:51,52.6500,176,1
2026-06-17,601318,11:01:54,52.6500,18,2
2026-06-17,601318,11:01:57,52.6500,26,2
2026-06-17,601318,11:02:00,52.6400,79,2
2026-06-17,601318,11:02:03,52.6400,30,2
2026-06-17,601318,11:02:06,52.6400,211,2
2026-06-17,601318,11:02:09,52.6400,179,2
2026-06-17,601318,11:02:12,52.6300,121,2
2026-06-17,601318,11:02:15,52.6300,295,2
2026-06-17,601318,11:02:18,52.6300,7,1
2026-06-17,601318,11:02:21,52.6300,371,1
2026-06-17,601318,11:02:24,52.6200,177,2
2026-06-17,601318,11:02:27,52.6200,171,1
2026-06-17,601318,11:02:30,52.6200,46,2
2026-06-17,601318,11:02:33,52.6200,552,2
2026-06-17,601318,11:02:36,52.6200,89,1
2026-06-17,601318,11:02:39,52.6100,268,2
2026-06-17,601318,11:02:42,52.6100,372,2
2026-06-17,601318,11:02:45,52.6100,55,1
2026-06-17,601318,11:02:48,52.6100,73,1
2026-06-17,601318,11:02:51,52.6000,98,2
2026-06-17,601318,11:02:54,52.6100,78,1
2026-06-17,601318,11:02:57,52.6000,54,2
2026-06-17,601318,11:03:00,52.6100,152,1
2026-06-17,601318,11:03:03,52.6100,550,1
2026-06-17,601318,11:03:06,52.6000,382,2
2026-06-17,601318,11:03:09,52.6000,300,2
2026-06-17,601318,11:03:12,52.6000,252,2
2026-06-17,601318,11:03:15,52.5900,848,2
2026-06-17,601318,11:03:18,52.5900,285,1
2026-06-17,601318,11:03:21,52.5800,247,2
2026-06-17,601318,11:03:24,52.5900,42,1
2026-06-17,601318,11:03:27,52.5800,271,2
2026-06-17,601318,11:03:30,52.5800,126,1
2026-06-17,601318,11:03:33,52.5700,914,2
2026-06-17,601318,11:03:36,52.5700,78,1
2026-06-17,601318,11:03:39,52.5800,428,1
2026-06-17,601318,11:03:42,52.5700,47,2
2026-06-17,601318,11:03:45,52.5800,35,1
2026-06-17,601318,11:03:48,52.5700,37,2
2026-06-17,601318,11:03:51,52.5700,53,1
2026-06-17,601318,11:03:54,52.5700,24,2
2026-06-17,601318,11:03:57,52.5700,76,2
2026-06-17,601318,11:04:00,52.5700,6,1
2026-06-17,601318,11:04:03,52.5700,23,1
2026-06-17,601318,11:04:06,52.5600,37,2
2026-06-17,601318,11:04:09,52.5700,153,1
2026-06-17,601318,11:04:12,52.5800,141,1
2026-06-17,601318,11:04:15,52.5700,46,4
2026-06-17,601318,11:04:18,52.5700,84,2
2026-06-17,601318,11:04:21,52.5800,114,1
2026-06-17,601318,11:04:24,52.5800,67,1
2026-06-17,601318,11:04:27,52.5800,34,2
2026-06-17,601318,11:04:30,52.5800,420,2
2026-06-17,601318,11:04:33,52.5800,147,1
2026-06-17,601318,11:04:36,52.5800,409,2
2026-06-17,601318,11:04:39,52.5700,49,1
2026-06-17,601318,11:04:42,52.5600,11,2
2026-06-17,601318,11:04:45,52.5700,25,1
2026-06-17,601318,11:04:48,52.5600,20,2
2026-06-17,601318,11:04:51,52.5600,94,2
2026-06-17,601318,11:04:54,52.5600,91,2
2026-06-17,601318,11:04:57,52.5600,222,2
2026-06-17,601318,11:05:00,52.5600,51,1
2026-06-17,601318,11:05:03,52.5600,57,1
2026-06-17,601318,11:05:06,52.5600,145,1
2026-06-17,601318,11:05:09,52.5600,163,1
2026-06-17,601318,11:05:12,52.5500,44,2
2026-06-17,601318,11:05:15,52.5400,308,2
2026-06-17,601318,11:05:18,52.5400,432,2
2026-06-17,601318,11:05:21,52.5300,83,2
2026-06-17,601318,11:05:24,52.5200,117,2
2026-06-17,601318,11:05:27,52.5300,70,1
2026-06-17,601318,11:05:30,52.5300,117,2
2026-06-17,601318,11:05:33,52.5300,35,1
2026-06-17,601318,11:05:36,52.5300,223,1
2026-06-17,601318,11:05:39,52.5300,137,1
2026-06-17,601318,11:05:42,52.5300,184,2
2026-06-17,601318,11:05:45,52.5400,266,1
2026-06-17,601318,11:05:48,52.5300,295,2
2026-06-17,601318,11:05:51,52.5300,139,1
2026-06-17,601318,11:05:54,52.5300,102,2
2026-06-17,601318,11:05:57,52.5400,111,1
2026-06-17,601318,11:06:00,52.5300,73,2
2026-06-17,601318,11:06:03,52.5300,51,2
2026-06-17,601318,11:06:06,52.5400,20,1
2026-06-17,601318,11:06:09,52.5400,27,1
2026-06-17,601318,11:06:12,52.5200,444,2
2026-06-17,601318,11:06:15,52.5300,29,2
2026-06-17,601318,11:06:18,52.5300,187,1
2026-06-17,601318,11:06:21,52.5300,177,1
2026-06-17,601318,11:06:24,52.5300,96,1
2026-06-17,601318,11:06:27,52.5200,357,2
2026-06-17,601318,11:06:30,52.5200,46,1
2026-06-17,601318,11:06:33,52.5100,56,2
2026-06-17,601318,11:06:36,52.5200,92,1
2026-06-17,601318,11:06:39,52.5100,68,2
2026-06-17,601318,11:06:42,52.5200,69,1
2026-06-17,601318,11:06:45,52.5200,56,1
2026-06-17,601318,11:06:48,52.5200,18,1
2026-06-17,601318,11:06:51,52.5200,54,1
2026-06-17,601318,11:06:54,52.5200,59,2
2026-06-17,601318,11:06:57,52.5200,53,1
2026-06-17,601318,11:07:00,52.5200,68,1
2026-06-17,601318,11:07:03,52.5100,36,2
2026-06-17,601318,11:07:06,52.5200,52,1
2026-06-17,601318,11:07:09,52.5200,23,1
2026-06-17,601318,11:07:12,52.5200,126,1
2026-06-17,601318,11:07:15,52.5200,91,1
2026-06-17,601318,11:07:18,52.5200,188,1
2026-06-17,601318,11:07:21,52.5200,104,1
2026-06-17,601318,11:07:24,52.5200,16,1
2026-06-17,601318,11:07:27,52.5400,218,1
2026-06-17,601318,11:07:30,52.5300,465,4
2026-06-17,601318,11:07:33,52.5500,233,1
2026-06-17,601318,11:07:36,52.5500,130,1
2026-06-17,601318,11:07:39,52.5400,84,2
2026-06-17,601318,11:07:42,52.5500,102,1
2026-06-17,601318,11:07:45,52.5600,58,1
2026-06-17,601318,11:07:48,52.5600,7,1
2026-06-17,601318,11:07:51,52.5500,78,2
2026-06-17,601318,11:07:54,52.5600,19,4
2026-06-17,601318,11:07:57,52.5600,131,2
2026-06-17,601318,11:08:00,52.5600,48,1
2026-06-17,601318,11:08:03,52.5600,38,1
2026-06-17,601318,11:08:06,52.5600,61,1
2026-06-17,601318,11:08:09,52.5600,28,1
2026-06-17,601318,11:08:12,52.5600,28,4
2026-06-17,601318,11:08:15,52.5600,62,2
2026-06-17,601318,11:08:18,52.5600,20,2
2026-06-17,601318,11:08:21,52.5600,76,1
2026-06-17,601318,11:08:24,52.5500,120,2
2026-06-17,601318,11:08:27,52.5500,48,2
2026-06-17,601318,11:08:30,52.5500,93,2
2026-06-17,601318,11:08:33,52.5700,218,1
2026-06-17,601318,11:08:36,52.5700,20,1
2026-06-17,601318,11:08:39,52.5600,76,2
2026-06-17,601318,11:08:42,52.5600,272,4
2026-06-17,601318,11:08:45,52.5600,52,2
2026-06-17,601318,11:08:48,52.5600,368,1
2026-06-17,601318,11:08:51,52.5600,6,2
2026-06-17,601318,11:08:54,52.5700,18,1
2026-06-17,601318,11:08:57,52.5600,16,2
2026-06-17,601318,11:09:00,52.5700,57,1
2026-06-17,601318,11:09:03,52.5600,63,2
2026-06-17,601318,11:09:06,52.5700,88,1
2026-06-17,601318,11:09:09,52.5700,292,1
2026-06-17,601318,11:09:12,52.5500,37,2
2026-06-17,601318,11:09:15,52.5600,35,1
2026-06-17,601318,11:09:18,52.5600,35,1
2026-06-17,601318,11:09:21,52.5500,227,2
2026-06-17,601318,11:09:24,52.5400,167,2
2026-06-17,601318,11:09:27,52.5400,31,1
2026-06-17,601318,11:09:30,52.5400,48,1
2026-06-17,601318,11:09:33,52.5500,34,1
2026-06-17,601318,11:09:36,52.5400,71,2
2026-06-17,601318,11:09:39,52.5500,351,1
2026-06-17,601318,11:09:42,52.5500,64,2
2026-06-17,601318,11:09:45,52.5600,53,1
2026-06-17,601318,11:09:48,52.5600,126,1
2026-06-17,601318,11:09:51,52.5600,44,2
2026-06-17,601318,11:09:54,52.5600,4,2
2026-06-17,601318,11:09:57,52.5700,109,1
2026-06-17,601318,11:10:00,52.5700,5,2
2026-06-17,601318,11:10:03,52.5800,21,1
2026-06-17,601318,11:10:06,52.5700,15,2
2026-06-17,601318,11:10:09,52.5700,44,2
2026-06-17,601318,11:10:12,52.5000,7047,2
2026-06-17,601318,11:10:15,52.5400,222,1
2026-06-17,601318,11:10:18,52.5400,38,1
2026-06-17,601318,11:10:21,52.5700,272,1
2026-06-17,601318,11:10:24,52.5500,15,2
2026-06-17,601318,11:10:27,52.5600,16,2
2026-06-17,601318,11:10:30,52.5600,89,2
2026-06-17,601318,11:10:33,52.5700,155,1
2026-06-17,601318,11:10:39,52.5700,23,2
2026-06-17,601318,11:10:42,52.5800,2,1
2026-06-17,601318,11:10:45,52.5700,2,2
2026-06-17,601318,11:10:48,52.5700,25,2
2026-06-17,601318,11:10:51,52.5700,139,2
2026-06-17,601318,11:10:54,52.5700,37,1
2026-06-17,601318,11:10:57,52.5600,25,2
2026-06-17,601318,11:11:00,52.5700,45,1
2026-06-17,601318,11:11:03,52.5500,44,2
2026-06-17,601318,11:11:06,52.5700,77,1
2026-06-17,601318,11:11:09,52.5500,50,2
2026-06-17,601318,11:11:12,52.5400,2387,2
2026-06-17,601318,11:11:15,52.5300,130,2
2026-06-17,601318,11:11:18,52.5300,27,2
2026-06-17,601318,11:11:21,52.5300,176,2
2026-06-17,601318,11:11:24,52.5400,7,1
2026-06-17,601318,11:11:27,52.5400,19,1
2026-06-17,601318,11:11:30,52.5300,217,2
2026-06-17,601318,11:11:33,52.5400,49,2
2026-06-17,601318,11:11:36,52.5400,14,2
2026-06-17,601318,11:11:39,52.5500,13,1
2026-06-17,601318,11:11:42,52.5400,68,2
2026-06-17,601318,11:11:45,52.5400,16,1
2026-06-17,601318,11:11:48,52.5400,22,1
2026-06-17,601318,11:11:51,52.5300,127,2
2026-06-17,601318,11:11:54,52.5400,77,1
2026-06-17,601318,11:11:57,52.5400,94,1
2026-06-17,601318,11:12:00,52.5400,61,1
2026-06-17,601318,11:12:03,52.5400,50,1
2026-06-17,601318,11:12:06,52.5400,119,2
2026-06-17,601318,11:12:09,52.5400,23,2
2026-06-17,601318,11:12:12,52.5400,103,2
2026-06-17,601318,11:12:15,52.5500,50,1
2026-06-17,601318,11:12:18,52.5500,27,1
2026-06-17,601318,11:12:21,52.5500,102,1
2026-06-17,601318,11:12:24,52.5400,156,2
2026-06-17,601318,11:12:27,52.5400,55,1
2026-06-17,601318,11:12:30,52.5400,10,1
2026-06-17,601318,11:12:33,52.5400,45,1
2026-06-17,601318,11:12:36,52.5400,87,1
2026-06-17,601318,11:12:39,52.5400,20,1
2026-06-17,601318,11:12:42,52.5400,102,1
2026-06-17,601318,11:12:45,52.5400,60,1
2026-06-17,601318,11:12:48,52.5200,41,2
2026-06-17,601318,11:12:51,52.5300,39,2
2026-06-17,601318,11:12:54,52.5300,40,1
2026-06-17,601318,11:12:57,52.5300,21,2
2026-06-17,601318,11:13:00,52.5400,54,1
2026-06-17,601318,11:13:03,52.5300,111,2
2026-06-17,601318,11:13:06,52.5400,19,1
2026-06-17,601318,11:13:09,52.5300,128,2
2026-06-17,601318,11:13:12,52.5300,13,2
2026-06-17,601318,11:13:15,52.5300,48,2
2026-06-17,601318,11:13:18,52.5300,46,2
2026-06-17,601318,11:13:21,52.5400,20,1
2026-06-17,601318,11:13:24,52.5500,227,1
2026-06-17,601318,11:13:27,52.5300,40,2
2026-06-17,601318,11:13:30,52.5500,47,1
2026-06-17,601318,11:13:33,52.5400,4,2
2026-06-17,601318,11:13:36,52.5400,111,2
2026-06-17,601318,11:13:39,52.5500,7,1
2026-06-17,601318,11:13:42,52.5400,215,2
2026-06-17,601318,11:13:45,52.5500,11,1
2026-06-17,601318,11:13:48,52.5500,40,1
2026-06-17,601318,11:13:51,52.5500,4,1
2026-06-17,601318,11:13:54,52.5500,30,1
2026-06-17,601318,11:13:57,52.5400,172,2
2026-06-17,601318,11:14:00,52.5400,19,1
2026-06-17,601318,11:14:03,52.5400,62,1
2026-06-17,601318,11:14:06,52.5400,313,1
2026-06-17,601318,11:14:09,52.5400,28,2
2026-06-17,601318,11:14:12,52.5400,24,2
2026-06-17,601318,11:14:15,52.5400,47,2
2026-06-17,601318,11:14:18,52.5500,24,1
2026-06-17,601318,11:14:21,52.5400,137,2
2026-06-17,601318,11:14:24,52.5500,2,1
2026-06-17,601318,11:14:27,52.5400,221,2
2026-06-17,601318,11:14:30,52.5400,42,1
2026-06-17,601318,11:14:33,52.5500,22,1
2026-06-17,601318,11:14:36,52.5400,9,2
2026-06-17,601318,11:14:39,52.5500,108,1
2026-06-17,601318,11:14:42,52.5500,87,1
2026-06-17,601318,11:14:45,52.5600,491,1
2026-06-17,601318,11:14:48,52.5400,462,2
2026-06-17,601318,11:14:51,52.5600,2,1
2026-06-17,601318,11:14:54,52.5600,45,1
2026-06-17,601318,11:14:57,52.5600,46,1
2026-06-17,601318,11:15:00,52.5500,163,2
2026-06-17,601318,11:15:03,52.5600,221,1
2026-06-17,601318,11:15:06,52.5900,386,1
2026-06-17,601318,11:15:09,52.6000,739,1
2026-06-17,601318,11:15:12,52.6000,472,1
2026-06-17,601318,11:15:15,52.6000,140,1
2026-06-17,601318,11:15:18,52.6000,8,2
2026-06-17,601318,11:15:21,52.6200,6,1
2026-06-17,601318,11:15:24,52.6100,46,2
2026-06-17,601318,11:15:27,52.6000,167,2
2026-06-17,601318,11:15:30,52.6100,107,1
2026-06-17,601318,11:15:33,52.6000,184,2
2026-06-17,601318,11:15:36,52.6100,450,1
2026-06-17,601318,11:15:39,52.6300,16,1
2026-06-17,601318,11:15:42,52.6100,101,2
2026-06-17,601318,11:15:45,52.6000,102,2
2026-06-17,601318,11:15:48,52.6000,61,2
2026-06-17,601318,11:15:51,52.6000,67,2
2026-06-17,601318,11:15:54,52.6000,66,2
2026-06-17,601318,11:15:57,52.6000,36,1
2026-06-17,601318,11:16:00,52.6000,88,1
2026-06-17,601318,11:16:03,52.6100,20,1
2026-06-17,601318,11:16:06,52.6200,255,1
2026-06-17,601318,11:16:09,52.6200,16,2
2026-06-17,601318,11:16:12,52.6300,39,1
2026-06-17,601318,11:16:15,52.6200,53,2
2026-06-17,601318,11:16:18,52.6200,14,1
2026-06-17,601318,11:16:21,52.6200,63,1
2026-06-17,601318,11:16:24,52.6300,12,1
2026-06-17,601318,11:16:27,52.6200,16,2
2026-06-17,601318,11:16:30,52.6300,50,1
2026-06-17,601318,11:16:33,52.6300,42,1
2026-06-17,601318,11:16:36,52.6300,15,1
2026-06-17,601318,11:16:39,52.6300,30,1
2026-06-17,601318,11:16:42,52.6300,216,1
2026-06-17,601318,11:16:45,52.6400,1,1
2026-06-17,601318,11:16:48,52.6400,25,2
2026-06-17,601318,11:16:51,52.6400,118,1
2026-06-17,601318,11:16:54,52.6400,64,2
2026-06-17,601318,11:16:57,52.6400,49,1
2026-06-17,601318,11:17:00,52.6700,1026,1
2026-06-17,601318,11:17:03,52.6800,47,1
2026-06-17,601318,11:17:06,52.6800,20,1
2026-06-17,601318,11:17:09,52.6900,8,1
2026-06-17,601318,11:17:12,52.6900,5,1
2026-06-17,601318,11:17:15,52.6800,98,2
2026-06-17,601318,11:17:18,52.7000,164,1
2026-06-17,601318,11:17:21,52.6800,20,2
2026-06-17,601318,11:17:24,52.7000,21,1
2026-06-17,601318,11:17:27,52.7000,24,1
2026-06-17,601318,11:17:30,52.7000,31,1
