date,code,time,price,volume,bs
2026-03-25,000001,14:03:12,10.9000,30,1
2026-03-25,000001,14:03:15,10.8900,7,2
2026-03-25,000001,14:03:21,10.9000,23,1
2026-03-25,000001,14:03:24,10.8900,64,2
2026-03-25,000001,14:03:30,10.8900,10,2
2026-03-25,000001,14:03:33,10.8900,33,2
2026-03-25,000001,14:03:36,10.9000,19,1
2026-03-25,000001,14:03:39,10.8900,16,2
2026-03-25,000001,14:03:42,10.8900,26,2
2026-03-25,000001,14:03:45,10.8900,2,2
2026-03-25,000001,14:03:48,10.8900,31,2
2026-03-25,000001,14:03:51,10.8900,20,2
2026-03-25,000001,14:03:54,10.8900,7,2
2026-03-25,000001,14:03:57,10.9000,1,1
2026-03-25,000001,14:04:00,10.8900,17,2
2026-03-25,000001,14:04:06,10.8900,1,2
2026-03-25,000001,14:04:09,10.8900,7,2
2026-03-25,000001,14:04:12,10.8900,247,2
2026-03-25,000001,14:04:15,10.8900,16,2
2026-03-25,000001,14:04:18,10.8900,341,2
2026-03-25,000001,14:04:21,10.8900,746,2
2026-03-25,000001,14:04:24,10.8800,94,2
2026-03-25,000001,14:04:27,10.8800,64,2
2026-03-25,000001,14:04:30,10.8900,23,1
2026-03-25,000001,14:04:33,10.8800,81,2
2026-03-25,000001,14:04:36,10.8900,232,1
2026-03-25,000001,14:04:39,10.8800,23,2
2026-03-25,000001,14:04:42,10.8900,263,1
2026-03-25,000001,14:04:45,10.8900,39,2
2026-03-25,000001,14:04:48,10.8900,2,1
2026-03-25,000001,14:04:51,10.8800,9,2
2026-03-25,000001,14:04:54,10.8900,43,1
2026-03-25,000001,14:04:57,10.8800,9,2
2026-03-25,000001,14:05:00,10.8900,198,1
2026-03-25,000001,14:05:03,10.8800,304,2
2026-03-25,000001,14:05:06,10.8900,10,4
2026-03-25,000001,14:05:09,10.8800,20,2
2026-03-25,000001,14:05:12,10.8900,1,4
2026-03-25,000001,14:05:15,10.8800,21,2
2026-03-25,000001,14:05:18,10.8900,40,2
2026-03-25,000001,14:05:21,10.8900,57,1
2026-03-25,000001,14:05:24,10.8900,20,2
2026-03-25,000001,14:05:27,10.8900,113,2
2026-03-25,000001,14:05:30,10.8900,1,2
2026-03-25,000001,14:05:33,10.8900,13,2
2026-03-25,000001,14:05:36,10.9000,2,1
2026-03-25,000001,14:05:39,10.8900,9,2
2026-03-25,000001,14:05:42,10.8900,24,2
2026-03-25,000001,14:05:45,10.9000,2,1
2026-03-25,000001,14:05:48,10.8900,1,2
2026-03-25,000001,14:05:51,10.8900,30,2
2026-03-25,000001,14:05:54,10.8900,7,2
2026-03-25,000001,14:05:57,10.9000,166,1
2026-03-25,000001,14:06:03,10.8900,50,2
2026-03-25,000001,14:06:09,10.8900,475,2
2026-03-25,000001,14:06:18,10.8900,31,2
2026-03-25,000001,14:06:21,10.9000,7,1
2026-03-25,000001,14:06:30,10.8900,28,2
2026-03-25,000001,14:06:33,10.9000,47,1
2026-03-25,000001,14:06:36,10.8900,39,2
2026-03-25,000001,14:06:39,10.9000,28,1
2026-03-25,000001,14:06:42,10.8900,44,2
2026-03-25,000001,14:06:45,10.9000,6,1
2026-03-25,000001,14:06:48,10.8900,20,2
2026-03-25,000001,14:06:51,10.8900,10,2
2026-03-25,000001,14:06:54,10.9000,9,1
2026-03-25,000001,14:06:57,10.8900,169,2
2026-03-25,000001,14:07:00,10.9000,39,1
2026-03-25,000001,14:07:03,10.8900,548,2
2026-03-25,000001,14:07:06,10.9000,16,1
2026-03-25,000001,14:07:12,10.9000,27,1
2026-03-25,000001,14:07:15,10.8900,7,2
2026-03-25,000001,14:07:18,10.9000,5,1
2026-03-25,000001,14:07:21,10.9000,4,1
2026-03-25,000001,14:07:24,10.8900,60,2
2026-03-25,000001,14:07:27,10.8900,3,2
2026-03-25,000001,14:07:30,10.9000,169,1
2026-03-25,000001,14:07:33,10.9000,524,1
2026-03-25,000001,14:07:36,10.9000,23,1
2026-03-25,000001,14:07:39,10.8900,10,2
2026-03-25,000001,14:07:42,10.8900,210,2
2026-03-25,000001,14:07:45,10.9000,14,1
2026-03-25,000001,14:07:48,10.8900,35,2
2026-03-25,000001,14:07:51,10.9000,38,1
2026-03-25,000001,14:07:54,10.9000,26,1
2026-03-25,000001,14:07:57,10.9000,37,1
2026-03-25,000001,14:08:00,10.9000,44,1
2026-03-25,000001,14:08:03,10.8900,194,2
2026-03-25,000001,14:08:06,10.9000,4,1
2026-03-25,000001,14:08:09,10.8900,13,2
2026-03-25,000001,14:08:12,10.8900,49,2
2026-03-25,000001,14:08:15,10.8900,14,2
2026-03-25,000001,14:08:18,10.9000,23,1
2026-03-25,000001,14:08:21,10.8900,28,2
2026-03-25,000001,14:08:27,10.9000,93,1
2026-03-25,000001,14:08:30,10.8900,23,2
2026-03-25,000001,14:08:33,10.9000,212,1
2026-03-25,000001,14:08:36,10.8900,36,2
2026-03-25,000001,14:08:39,10.8900,16,2
2026-03-25,000001,14:08:42,10.8900,85,2
2026-03-25,000001,14:08:48,10.9000,20,1
2026-03-25,000001,14:08:51,10.8900,34,2
2026-03-25,000001,14:08:54,10.8900,13,2
2026-03-25,000001,14:08:57,10.9000,498,1
2026-03-25,000001,14:09:00,10.9000,36,1
2026-03-25,000001,14:09:03,10.8900,102,2
2026-03-25,000001,14:09:06,10.9000,5,1
2026-03-25,000001,14:09:09,10.8900,217,2
2026-03-25,000001,14:09:12,10.9000,305,1
2026-03-25,000001,14:09:15,10.9000,217,1
2026-03-25,000001,14:09:18,10.8900,55,2
2026-03-25,000001,14:09:21,10.9000,24,1
2026-03-25,000001,14:09:24,10.8900,106,2
2026-03-25,000001,14:09:27,10.8900,5,2
2026-03-25,000001,14:09:30,10.9000,14,1
2026-03-25,000001,14:09:33,10.9000,285,1
2026-03-25,000001,14:09:36,10.9000,35,1
2026-03-25,000001,14:09:39,10.8900,9,2
2026-03-25,000001,14:09:42,10.9000,23,1
2026-03-25,000001,14:09:45,10.9000,368,1
2026-03-25,000001,14:09:48,10.8900,2,2
2026-03-25,000001,14:09:51,10.9000,300,1
2026-03-25,000001,14:09:54,10.9000,583,1
2026-03-25,000001,14:09:57,10.9000,2,1
2026-03-25,000001,14:10:00,10.9000,32,1
2026-03-25,000001,14:10:03,10.9000,64,1
2026-03-25,000001,14:10:06,10.9000,33,1
2026-03-25,000001,14:10:12,10.9000,1311,1
2026-03-25,000001,14:10:15,10.9100,489,1
2026-03-25,000001,14:10:18,10.9000,73,2
2026-03-25,000001,14:10:24,10.9100,48,1
2026-03-25,000001,14:10:27,10.9100,50,1
2026-03-25,000001,14:10:30,10.9100,28,1
2026-03-25,000001,14:10:33,10.9000,17,2
2026-03-25,000001,14:10:36,10.9100,3,1
2026-03-25,000001,14:10:39,10.9100,42,1
2026-03-25,000001,14:10:42,10.9000,13,2
2026-03-25,000001,14:10:48,10.9000,36,2
2026-03-25,000001,14:10:51,10.9100,44,1
2026-03-25,000001,14:10:54,10.9100,267,1
2026-03-25,000001,14:10:57,10.9100,1,1
2026-03-25,000001,14:11:03,10.9100,55,1
2026-03-25,000001,14:11:06,10.9100,5,1
2026-03-25,000001,14:11:09,10.9100,28,1
2026-03-25,000001,14:11:12,10.9000,112,2
2026-03-25,000001,14:11:15,10.9100,53,1
2026-03-25,000001,14:11:18,10.9000,17,2
2026-03-25,000001,14:11:21,10.9000,396,2
2026-03-25,000001,14:11:27,10.9100,178,1
2026-03-25,000001,14:11:30,10.9100,22,1
2026-03-25,000001,14:11:33,10.9100,27,1
2026-03-25,000001,14:11:39,10.9000,22,2
2026-03-25,000001,14:11:45,10.9100,41,1
2026-03-25,000001,14:11:51,10.9000,8,2
2026-03-25,000001,14:11:54,10.9100,58,1
2026-03-25,000001,14:11:57,10.9100,30,1
2026-03-25,000001,14:12:00,10.9100,195,1
2026-03-25,000001,14:12:03,10.9100,39,1
2026-03-25,000001,14:12:06,10.9100,320,1
2026-03-25,000001,14:12:12,10.9000,1,2
2026-03-25,000001,14:12:15,10.9100,41,1
2026-03-25,000001,14:12:18,10.9000,19,2
2026-03-25,000001,14:12:21,10.9100,21,1
2026-03-25,000001,14:12:24,10.9100,21,1
2026-03-25,000001,14:12:27,10.9100,23,1
2026-03-25,000001,14:12:30,10.9100,57,1
2026-03-25,000001,14:12:33,10.9100,251,1
2026-03-25,000001,14:12:36,10.9100,2,1
2026-03-25,000001,14:12:39,10.9000,16,2
2026-03-25,000001,14:12:42,10.9100,28,1
2026-03-25,000001,14:12:45,10.9100,35,1
2026-03-25,000001,14:12:57,10.9100,80,1
2026-03-25,000001,14:13:00,10.9100,127,1
2026-03-25,000001,14:13:03,10.9000,75,2
2026-03-25,000001,14:13:06,10.9100,48,1
2026-03-25,000001,14:13:12,10.9000,36,2
2026-03-25,000001,14:13:15,10.9100,273,1
2026-03-25,000001,14:13:18,10.9000,3,2
2026-03-25,000001,14:13:24,10.9100,15,1
2026-03-25,000001,14:13:27,10.9100,55,1
2026-03-25,000001,14:13:30,10.9100,5,1
2026-03-25,000001,14:13:33,10.9000,63,2
2026-03-25,000001,14:13:36,10.9000,6,2
2026-03-25,000001,14:13:39,10.9000,49,2
2026-03-25,000001,14:13:42,10.9100,99,1
2026-03-25,000001,14:13:45,10.9000,30,2
2026-03-25,000001,14:13:48,10.9000,202,2
2026-03-25,000001,14:13:51,10.9000,455,2
2026-03-25,000001,14:13:54,10.9000,222,2
2026-03-25,000001,14:13:57,10.8900,1551,2
2026-03-25,000001,14:14:00,10.9000,123,1
2026-03-25,000001,14:14:03,10.9000,70,1
2026-03-25,000001,14:14:06,10.9000,140,1
2026-03-25,000001,14:14:09,10.8900,44,2
2026-03-25,000001,14:14:12,10.8900,215,2
2026-03-25,000001,14:14:18,10.9000,2,1
2026-03-25,000001,14:14:21,10.9000,48,1
2026-03-25,000001,14:14:24,10.8900,592,2
2026-03-25,000001,14:14:30,10.8900,48,2
2026-03-25,000001,14:14:33,10.9000,113,1
2026-03-25,000001,14:14:36,10.9000,77,1
2026-03-25,000001,14:14:39,10.9000,70,1
2026-03-25,000001,14:14:42,10.9000,39,1
2026-03-25,000001,14:14:45,10.9000,246,1
2026-03-25,000001,14:14:48,10.9000,37,1
2026-03-25,000001,14:14:51,10.8900,50,2
2026-03-25,000001,14:14:54,10.9000,40,1
2026-03-25,000001,14:14:57,10.9000,138,1
2026-03-25,000001,14:15:00,10.8900,24,2
2026-03-25,000001,14:15:03,10.8900,24,2
2026-03-25,000001,14:15:06,10.9000,813,1
2026-03-25,000001,14:15:09,10.9000,58,1
2026-03-25,000001,14:15:12,10.9000,360,1
2026-03-25,000001,14:15:15,10.9000,51,1
2026-03-25,000001,14:15:18,10.8900,84,2
2026-03-25,000001,14:15:21,10.9000,50,1
2026-03-25,000001,14:15:24,10.8900,84,2
2026-03-25,000001,14:15:27,10.9000,47,1
2026-03-25,000001,14:15:30,10.9000,11,1
2026-03-25,000001,14:15:33,10.9000,34,1
2026-03-25,000001,14:15:36,10.9100,147,1
2026-03-25,000001,14:15:39,10.9000,31,1
2026-03-25,000001,14:15:42,10.9000,60,1
2026-03-25,000001,14:15:45,10.9000,165,1
2026-03-25,000001,14:15:48,10.9000,20,1
2026-03-25,000001,14:15:51,10.9000,21,1
2026-03-25,000001,14:16:00,10.9000,57,1
2026-03-25,000001,14:16:03,10.9000,17,1
2026-03-25,000001,14:16:06,10.9000,24,1
2026-03-25,000001,14:16:09,10.9000,73,1
2026-03-25,000001,14:16:12,10.9000,18,1
2026-03-25,000001,14:16:15,10.8900,9,2
2026-03-25,000001,14:16:18,10.9000,148,1
2026-03-25,000001,14:16:21,10.9000,52,1
2026-03-25,000001,14:16:24,10.9000,70,1
2026-03-25,000001,14:16:27,10.9000,12,1
2026-03-25,000001,14:16:30,10.9000,28,1
2026-03-25,000001,14:16:33,10.8900,125,2
2026-03-25,000001,14:16:39,10.9000,3,1
2026-03-25,000001,14:16:42,10.9000,106,1
2026-03-25,000001,14:16:45,10.9000,41,2
2026-03-25,000001,14:16:51,10.9000,4,2
2026-03-25,000001,14:16:54,10.9100,12,1
2026-03-25,000001,14:16:57,10.9000,80,2
2026-03-25,000001,14:17:00,10.9000,226,2
2026-03-25,000001,14:17:03,10.9000,21,1
2026-03-25,000001,14:17:06,10.9000,31,1
2026-03-25,000001,14:17:09,10.9000,2,1
2026-03-25,000001,14:17:12,10.9000,188,1
2026-03-25,000001,14:17:15,10.9000,32,1
2026-03-25,000001,14:17:18,10.9000,135,1
2026-03-25,000001,14:17:21,10.9000,48,1
2026-03-25,000001,14:17:24,10.9000,74,1
2026-03-25,000001,14:17:33,10.9000,36,1
2026-03-25,000001,14:17:36,10.9000,56,1
2026-03-25,000001,14:17:39,10.9000,214,1
2026-03-25,000001,14:17:42,10.9000,20,1
2026-03-25,000001,14:17:45,10.9000,2,1
2026-03-25,000001,14:17:48,10.9000,20,1
2026-03-25,000001,14:17:51,10.9000,18,1
2026-03-25,000001,14:17:54,10.9000,42,1
2026-03-25,000001,14:17:57,10.8900,69,2
2026-03-25,000001,14:18:00,10.9000,68,1
2026-03-25,000001,14:18:03,10.9000,45,1
2026-03-25,000001,14:18:06,10.9000,22,1
2026-03-25,000001,14:18:12,10.9000,162,1
2026-03-25,000001,14:18:15,10.9000,74,1
2026-03-25,000001,14:18:18,10.9000,8,2
2026-03-25,000001,14:18:21,10.9000,65,2
2026-03-25,000001,14:18:24,10.9000,137,2
2026-03-25,000001,14:18:27,10.9000,83,2
2026-03-25,000001,14:18:33,10.9000,28,1
2026-03-25,000001,14:18:36,10.9000,28,1
2026-03-25,000001,14:18:39,10.9000,22,1
2026-03-25,000001,14:18:42,10.9000,158,1
2026-03-25,000001,14:18:45,10.9000,50,1
2026-03-25,000001,14:18:48,10.9000,277,1
2026-03-25,000001,14:18:51,10.9000,106,2
2026-03-25,000001,14:18:54,10.9000,39,2
2026-03-25,000001,14:18:57,10.9000,31,2
2026-03-25,000001,14:19:00,10.9000,16,2
2026-03-25,000001,14:19:03,10.9000,231,2
2026-03-25,000001,14:19:06,10.9000,19,1
2026-03-25,000001,14:19:09,10.9000,16,1
2026-03-25,000001,14:19:12,10.9100,1,1
2026-03-25,000001,14:19:15,10.9000,20,2
2026-03-25,000001,14:19:21,10.9000,4,2
2026-03-25,000001,14:19:27,10.9100,33,1
2026-03-25,000001,14:19:30,10.9100,2,1
2026-03-25,000001,14:19:33,10.9100,8,1
2026-03-25,000001,14:19:36,10.9000,86,2
2026-03-25,000001,14:19:39,10.9000,10,2
2026-03-25,000001,14:19:42,10.9100,24,1
2026-03-25,000001,14:19:45,10.9100,1,1
2026-03-25,000001,14:19:54,10.9000,21,2
2026-03-25,000001,14:19:57,10.9100,63,1
2026-03-25,000001,14:20:00,10.9100,204,1
2026-03-25,000001,14:20:03,10.9100,46,1
2026-03-25,000001,14:20:06,10.9100,27,1
2026-03-25,000001,14:20:09,10.9000,24,2
2026-03-25,000001,14:20:12,10.9000,50,2
2026-03-25,000001,14:20:15,10.9100,1,1
2026-03-25,000001,14:20:18,10.9100,11,1
2026-03-25,000001,14:20:21,10.9000,14,2
2026-03-25,000001,14:20:24,10.9000,2,2
2026-03-25,000001,14:20:27,10.9000,54,2
2026-03-25,000001,14:20:30,10.9000,29,2
2026-03-25,000001,14:20:33,10.9100,43,1
2026-03-25,000001,14:20:36,10.9100,37,1
2026-03-25,000001,14:20:39,10.9000,2,2
2026-03-25,000001,14:20:45,10.9100,111,1
2026-03-25,000001,14:20:48,10.9100,1,1
2026-03-25,000001,14:20:51,10.9000,45,2
2026-03-25,000001,14:20:54,10.9000,75,2
2026-03-25,000001,14:20:57,10.9000,12,2
2026-03-25,000001,14:21:00,10.9000,211,2
2026-03-25,000001,14:21:03,10.9000,197,2
2026-03-25,000001,14:21:09,10.9000,10,2
2026-03-25,000001,14:21:12,10.9100,21,1
2026-03-25,000001,14:21:15,10.9100,11,1
2026-03-25,000001,14:21:18,10.9100,3,1
2026-03-25,000001,14:21:21,10.9100,247,1
2026-03-25,000001,14:21:24,10.9000,150,2
2026-03-25,000001,14:21:27,10.9000,89,2
2026-03-25,000001,14:21:30,10.9100,24,1
2026-03-25,000001,14:21:33,10.9100,46,1
2026-03-25,000001,14:21:36,10.9100,198,1
2026-03-25,000001,14:21:39,10.9100,1,1
2026-03-25,000001,14:21:42,10.9000,12,2
2026-03-25,000001,14:21:45,10.9100,34,1
2026-03-25,000001,14:21:48,10.9000,460,2
2026-03-25,000001,14:21:51,10.9100,58,1
2026-03-25,000001,14:21:54,10.9000,103,2
2026-03-25,000001,14:21:57,10.9000,12,2
2026-03-25,000001,14:22:00,10.9000,16,2
2026-03-25,000001,14:22:03,10.9000,180,2
2026-03-25,000001,14:22:06,10.9000,2,2
2026-03-25,000001,14:22:09,10.9000,12,2
2026-03-25,000001,14:22:12,10.9100,186,1
2026-03-25,000001,14:22:15,10.9000,7,2
2026-03-25,000001,14:22:18,10.9000,20,2
2026-03-25,000001,14:22:21,10.9000,50,2
2026-03-25,000001,14:22:24,10.9100,52,1
2026-03-25,000001,14:22:27,10.9100,90,1
2026-03-25,000001,14:22:33,10.9100,37,1
2026-03-25,000001,14:22:36,10.9100,27,1
2026-03-25,000001,14:22:39,10.9100,3,1
2026-03-25,000001,14:22:42,10.9100,153,1
2026-03-25,000001,14:22:45,10.9000,9,2
2026-03-25,000001,14:22:48,10.9100,7,1
2026-03-25,000001,14:22:51,10.9000,41,2
2026-03-25,000001,14:22:54,10.9100,113,1
2026-03-25,000001,14:22:57,10.9000,142,2
2026-03-25,000001,14:23:00,10.9100,27,1
2026-03-25,000001,14:23:06,10.9100,15,1
2026-03-25,000001,14:23:09,10.9000,32,2
2026-03-25,000001,14:23:12,10.9100,34,1
2026-03-25,000001,14:23:15,10.9100,195,1
2026-03-25,000001,14:23:18,10.9100,100,1
2026-03-25,000001,14:23:21,10.9100,121,1
2026-03-25,000001,14:23:24,10.9000,119,2
2026-03-25,000001,14:23:27,10.9100,2,1
2026-03-25,000001,14:23:30,10.9100,13,1
2026-03-25,000001,14:23:33,10.9100,64,1
2026-03-25,000001,14:23:36,10.9100,9,1
2026-03-25,000001,14:23:39,10.9000,3,2
2026-03-25,000001,14:23:42,10.9100,132,1
2026-03-25,000001,14:23:45,10.9100,93,1
2026-03-25,000001,14:23:48,10.9100,25,1
2026-03-25,000001,14:23:51,10.9100,21,1
2026-03-25,000001,14:23:54,10.9000,300,2
2026-03-25,000001,14:23:57,10.9100,18,1
2026-03-25,000001,14:24:00,10.9000,10,2
2026-03-25,000001,14:24:03,10.9100,441,1
2026-03-25,000001,14:24:06,10.9000,75,2
2026-03-25,000001,14:24:09,10.9000,11,2
2026-03-25,000001,14:24:12,10.9000,52,2
2026-03-25,000001,14:24:15,10.9000,221,2
2026-03-25,000001,14:24:18,10.9000,10,2
2026-03-25,000001,14:24:21,10.9100,24,1
2026-03-25,000001,14:24:24,10.9000,63,2
2026-03-25,000001,14:24:27,10.9000,2,2
2026-03-25,000001,14:24:30,10.9000,59,2
2026-03-25,000001,14:24:33,10.9000,68,2
2026-03-25,000001,14:24:36,10.9000,3,2
2026-03-25,000001,14:24:39,10.9100,39,1
2026-03-25,000001,14:24:42,10.9000,35,2
2026-03-25,000001,14:24:45,10.9100,4,1
2026-03-25,000001,14:24:48,10.9000,21,2
2026-03-25,000001,14:24:54,10.9000,2213,2
2026-03-25,000001,14:24:57,10.9100,245,1
2026-03-25,000001,14:25:00,10.9000,1,2
2026-03-25,000001,14:25:03,10.9000,7,2
2026-03-25,000001,14:25:06,10.9000,3,2
2026-03-25,000001,14:25:09,10.9100,34,1
2026-03-25,000001,14:25:12,10.9000,20,2
2026-03-25,000001,14:25:24,10.9100,88,1
2026-03-25,000001,14:25:27,10.9000,31,2
2026-03-25,000001,14:25:30,10.9000,206,2
2026-03-25,000001,14:25:33,10.9100,34,1
2026-03-25,000001,14:25:39,10.9100,169,1
2026-03-25,000001,14:25:42,10.9100,61,1
2026-03-25,000001,14:25:48,10.9100,71,1
2026-03-25,000001,14:25:51,10.9100,75,1
2026-03-25,000001,14:25:54,10.9000,88,2
2026-03-25,000001,14:25:57,10.9100,26,1
2026-03-25,000001,14:26:06,10.9100,186,1
2026-03-25,000001,14:26:09,10.9000,181,2
2026-03-25,000001,14:26:12,10.9100,27,1
2026-03-25,000001,14:26:15,10.9000,87,2
2026-03-25,000001,14:26:18,10.9100,20,1
2026-03-25,000001,14:26:21,10.9100,60,1
2026-03-25,000001,14:26:24,10.9100,255,1
2026-03-25,000001,14:26:27,10.9000,10,2
2026-03-25,000001,14:26:30,10.9100,166,1
2026-03-25,000001,14:26:33,10.9100,8,1
2026-03-25,000001,14:26:36,10.9000,69,2
2026-03-25,000001,14:26:39,10.9100,34,1
2026-03-25,000001,14:26:42,10.9000,87,2
2026-03-25,000001,14:26:45,10.9100,198,1
2026-03-25,000001,14:26:48,10.9100,36,1
2026-03-25,000001,14:26:54,10.9000,79,2
2026-03-25,000001,14:26:57,10.9100,339,1
2026-03-25,000001,14:27:00,10.9100,4,1
2026-03-25,000001,14:27:03,10.9100,22,1
2026-03-25,000001,14:27:06,10.9100,56,1
2026-03-25,000001,14:27:09,10.9000,72,2
2026-03-25,000001,14:27:12,10.9000,7,2
2026-03-25,000001,14:27:15,10.9100,25,1
2026-03-25,000001,14:27:18,10.9100,25,1
2026-03-25,000001,14:27:24,10.9100,159,1
2026-03-25,000001,14:27:30,10.9000,53,2
2026-03-25,000001,14:27:33,10.9000,93,2
2026-03-25,000001,14:27:36,10.9100,47,1
2026-03-25,000001,14:27:39,10.9000,20,2
2026-03-25,000001,14:27:42,10.9100,25,1
2026-03-25,000001,14:27:45,10.9100,492,1
2026-03-25,000001,14:27:48,10.9000,8,2
2026-03-25,000001,14:27:51,10.9000,12,2
2026-03-25,000001,14:27:54,10.9100,82,1
2026-03-25,000001,14:27:57,10.9100,23,1
2026-03-25,000001,14:28:00,10.9000,45,2
2026-03-25,000001,14:28:03,10.9100,69,1
2026-03-25,000001,14:28:06,10.9100,32,1
2026-03-25,000001,14:28:12,10.9000,403,2
2026-03-25,000001,14:28:15,10.9100,150,1
2026-03-25,000001,14:28:18,10.9100,10,1
2026-03-25,000001,14:28:21,10.9000,284,2
2026-03-25,000001,14:28:24,10.9000,43,2
2026-03-25,000001,14:28:27,10.9000,55,2
2026-03-25,000001,14:28:30,10.9100,163,1
2026-03-25,000001,14:28:33,10.9000,575,2
2026-03-25,000001,14:28:36,10.9000,190,2
2026-03-25,000001,14:28:39,10.9000,278,2
2026-03-25,000001,14:28:42,10.9000,17,2
2026-03-25,000001,14:28:45,10.9100,15,1
2026-03-25,000001,14:28:48,10.9000,7,2
2026-03-25,000001,14:28:51,10.9000,32,2
2026-03-25,000001,14:28:54,10.9000,12,2
2026-03-25,000001,14:28:57,10.9100,55,1
2026-03-25,000001,14:29:00,10.9100,370,1
2026-03-25,000001,14:29:03,10.9000,665,2
2026-03-25,000001,14:29:06,10.9000,118,2
2026-03-25,000001,14:29:09,10.9100,3,1
2026-03-25,000001,14:29:12,10.9100,349,1
2026-03-25,000001,14:29:15,10.9100,2044,1
2026-03-25,000001,14:29:18,10.9100,904,1
2026-03-25,000001,14:29:21,10.9100,261,1
2026-03-25,000001,14:29:24,10.9100,213,1
2026-03-25,000001,14:29:27,10.9100,789,1
2026-03-25,000001,14:29:30,10.9200,32,1
2026-03-25,000001,14:29:33,10.9200,1014,1
2026-03-25,000001,14:29:36,10.9100,28,4
2026-03-25,000001,14:29:39,10.9100,161,1
2026-03-25,000001,14:29:42,10.9100,22,1
2026-03-25,000001,14:29:45,10.9100,283,1
2026-03-25,000001,14:29:54,10.9000,1,2
2026-03-25,000001,14:29:57,10.9100,212,1
2026-03-25,000001,14:30:00,10.9100,66,1
2026-03-25,000001,14:30:03,10.9000,105,2
2026-03-25,000001,14:30:06,10.9100,371,1
2026-03-25,000001,14:30:09,10.9000,74,2
2026-03-25,000001,14:30:12,10.9100,28,1
2026-03-25,000001,14:30:15,10.9100,343,1
2026-03-25,000001,14:30:18,10.9100,7,1
2026-03-25,000001,14:30:21,10.9100,331,1
2026-03-25,000001,14:30:24,10.9100,80,4
2026-03-25,000001,14:30:27,10.9100,10,2
2026-03-25,000001,14:30:30,10.9200,33,1
2026-03-25,000001,14:30:33,10.9200,249,1
2026-03-25,000001,14:30:36,10.9200,43,1
2026-03-25,000001,14:30:39,10.9200,270,1
2026-03-25,000001,14:30:42,10.9200,179,1
2026-03-25,000001,14:30:51,10.9200,357,1
2026-03-25,000001,14:30:54,10.9200,143,1
2026-03-25,000001,14:30:57,10.9100,44,2
2026-03-25,000001,14:31:00,10.9200,130,1
2026-03-25,000001,14:31:03,10.9200,394,1
2026-03-25,000001,14:31:06,10.9200,125,1
2026-03-25,000001,14:31:15,10.9100,40,2
2026-03-25,000001,14:31:18,10.9200,224,1
2026-03-25,000001,14:31:21,10.9200,124,1
2026-03-25,000001,14:31:24,10.9200,233,1
2026-03-25,000001,14:31:27,10.9200,4,1
2026-03-25,000001,14:31:30,10.9100,50,2
2026-03-25,000001,14:31:33,10.9200,315,1
2026-03-25,000001,14:31:36,10.9200,56,1
2026-03-25,000001,14:31:39,10.9100,1,2
2026-03-25,000001,14:31:42,10.9100,6,2
2026-03-25,000001,14:31:45,10.9100,203,2
2026-03-25,000001,14:31:48,10.9200,70,1
2026-03-25,000001,14:31:51,10.9100,40,2
2026-03-25,000001,14:31:54,10.9200,253,1
2026-03-25,000001,14:32:00,10.9200,62,1
2026-03-25,000001,14:32:03,10.9200,249,1
2026-03-25,000001,14:32:06,10.9200,21,1
2026-03-25,000001,14:32:09,10.9200,20,1
2026-03-25,000001,14:32:12,10.9200,70,1
2026-03-25,000001,14:32:15,10.9100,15,2
2026-03-25,000001,14:32:18,10.9200,232,1
2026-03-25,000001,14:32:24,10.9200,233,1
2026-03-25,000001,14:32:27,10.9100,181,2
2026-03-25,000001,14:32:30,10.9200,252,1
2026-03-25,000001,14:32:33,10.9100,3,2
2026-03-25,000001,14:32:36,10.9100,1323,2
2026-03-25,000001,14:32:39,10.9100,46,2
2026-03-25,000001,14:32:42,10.9100,58,2
2026-03-25,000001,14:32:45,10.9200,211,1
2026-03-25,000001,14:32:54,10.9100,81,2
2026-03-25,000001,14:32:57,10.9200,292,1
2026-03-25,000001,14:33:06,10.9200,184,1
2026-03-25,000001,14:33:09,10.9100,150,2
2026-03-25,000001,14:33:12,10.9200,213,1
2026-03-25,000001,14:33:15,10.9200,8,1
2026-03-25,000001,14:33:18,10.9200,341,1
2026-03-25,000001,14:33:21,10.9100,8,2
2026-03-25,000001,14:33:24,10.9100,78,2
2026-03-25,000001,14:33:27,10.9100,178,2
2026-03-25,000001,14:33:30,10.9100,59,2
2026-03-25,000001,14:33:33,10.9100,235,2
2026-03-25,000001,14:33:36,10.9100,144,2
2026-03-25,000001,14:33:39,10.9100,178,2
2026-03-25,000001,14:33:42,10.9200,273,1
2026-03-25,000001,14:33:45,10.9200,2,1
2026-03-25,000001,14:33:48,10.9100,24,2
2026-03-25,000001,14:33:51,10.9200,73,1
2026-03-25,000001,14:33:54,10.9200,336,1
2026-03-25,000001,14:33:57,10.9100,33,2
2026-03-25,000001,14:34:03,10.9200,493,1
2026-03-25,000001,14:34:06,10.9200,109,1
2026-03-25,000001,14:34:09,10.9200,258,1
2026-03-25,000001,14:34:12,10.9200,211,1
2026-03-25,000001,14:34:15,10.9100,364,2
2026-03-25,000001,14:34:18,10.9200,75,1
2026-03-25,000001,14:34:21,10.9200,31,1
2026-03-25,000001,14:34:24,10.9200,121,1
2026-03-25,000001,14:34:27,10.9100,1,2
2026-03-25,000001,14:34:30,10.9200,234,1
2026-03-25,000001,14:34:33,10.9100,132,2
2026-03-25,000001,14:34:36,10.9200,228,1
2026-03-25,000001,14:34:39,10.9100,126,2
2026-03-25,000001,14:34:42,10.9100,13,2
2026-03-25,000001,14:34:45,10.9100,54,2
2026-03-25,000001,14:34:51,10.9200,353,1
2026-03-25,000001,14:34:54,10.9100,88,2
2026-03-25,000001,14:34:57,10.9200,253,1
2026-03-25,000001,14:35:00,10.9200,1,1
2026-03-25,000001,14:35:03,10.9100,36,2
2026-03-25,000001,14:35:06,10.9200,90,1
2026-03-25,000001,14:35:09,10.9100,53,2
2026-03-25,000001,14:35:12,10.9200,269,1
2026-03-25,000001,14:35:15,10.9200,1,1
2026-03-25,000001,14:35:18,10.9100,20,2
2026-03-25,000001,14:35:21,10.9200,5,1
2026-03-25,000001,14:35:24,10.9200,53,1
2026-03-25,000001,14:35:27,10.9100,308,2
2026-03-25,000001,14:35:30,10.9200,28,1
2026-03-25,000001,14:35:33,10.9200,456,1
2026-03-25,000001,14:35:36,10.9200,93,1
2026-03-25,000001,14:35:39,10.9200,131,1
2026-03-25,000001,14:35:42,10.9200,9,1
2026-03-25,000001,14:35:45,10.9200,302,1
2026-03-25,000001,14:35:48,10.9100,27,2
2026-03-25,000001,14:35:51,10.9200,120,1
2026-03-25,000001,14:35:54,10.9200,230,1
2026-03-25,000001,14:35:57,10.9200,327,1
2026-03-25,000001,14:36:00,10.9200,312,1
2026-03-25,000001,14:36:03,10.9200,207,1
2026-03-25,000001,14:36:06,10.9200,304,1
2026-03-25,000001,14:36:09,10.9200,18,1
2026-03-25,000001,14:36:12,10.9200,36,1
2026-03-25,000001,14:36:15,10.9200,126,1
2026-03-25,000001,14:36:18,10.9200,252,1
2026-03-25,000001,14:36:21,10.9100,15,2
2026-03-25,000001,14:36:24,10.9200,19,1
2026-03-25,000001,14:36:27,10.9100,15,2
2026-03-25,000001,14:36:30,10.9200,353,1
2026-03-25,000001,14:36:33,10.9200,178,1
2026-03-25,000001,14:36:36,10.9200,16,1
2026-03-25,000001,14:36:39,10.9100,26,2
2026-03-25,000001,14:36:42,10.9100,4,2
2026-03-25,000001,14:36:45,10.9200,292,1
2026-03-25,000001,14:36:48,10.9200,135,1
2026-03-25,000001,14:36:51,10.9200,25,1
2026-03-25,000001,14:36:54,10.9100,58,2
2026-03-25,000001,14:36:57,10.9200,263,1
2026-03-25,000001,14:37:00,10.9200,78,1
2026-03-25,000001,14:37:03,10.9100,15,2
2026-03-25,000001,14:37:06,10.9200,22,1
2026-03-25,000001,14:37:12,10.9100,29,2
2026-03-25,000001,14:37:15,10.9100,27,2
2026-03-25,000001,14:37:18,10.9100,48,2
2026-03-25,000001,14:37:21,10.9100,9,2
2026-03-25,000001,14:37:24,10.9100,57,2
2026-03-25,000001,14:37:27,10.9100,59,2
2026-03-25,000001,14:37:30,10.9200,155,1
2026-03-25,000001,14:37:33,10.9100,279,2
2026-03-25,000001,14:37:36,10.9100,1,2
2026-03-25,000001,14:37:39,10.9100,72,2
2026-03-25,000001,14:37:42,10.9200,70,1
2026-03-25,000001,14:37:45,10.9200,231,1
2026-03-25,000001,14:37:48,10.9100,9,2
2026-03-25,000001,14:37:51,10.9100,22,2
2026-03-25,000001,14:37:54,10.9200,91,1
2026-03-25,000001,14:38:00,10.9200,52,1
2026-03-25,000001,14:38:03,10.9100,7,2
2026-03-25,000001,14:38:06,10.9200,20,1
2026-03-25,000001,14:38:09,10.9200,2,1
2026-03-25,000001,14:38:12,10.9100,5,2
2026-03-25,000001,14:38:15,10.9100,79,2
2026-03-25,000001,14:38:18,10.9200,102,1
2026-03-25,000001,14:38:21,10.9200,382,1
2026-03-25,000001,14:38:24,10.9200,125,1
2026-03-25,000001,14:38:27,10.9200,206,1
2026-03-25,000001,14:38:30,10.9200,11,1
2026-03-25,000001,14:38:33,10.9100,23,2
2026-03-25,000001,14:38:36,10.9100,6,2
2026-03-25,000001,14:38:39,10.9100,579,2
2026-03-25,000001,14:38:42,10.9200,1018,1
2026-03-25,000001,14:38:45,10.9200,2501,1
2026-03-25,000001,14:38:48,10.9200,1760,1
2026-03-25,000001,14:38:51,10.9200,257,2
2026-03-25,000001,14:38:54,10.9300,702,1
2026-03-25,000001,14:38:57,10.9200,137,2
2026-03-25,000001,14:39:00,10.9200,814,2
2026-03-25,000001,14:39:03,10.9300,85,1
2026-03-25,000001,14:39:06,10.9200,230,2
2026-03-25,000001,14:39:09,10.9200,32,2
2026-03-25,000001,14:39:12,10.9300,220,1
2026-03-25,000001,14:39:15,10.9200,10,2
2026-03-25,000001,14:39:18,10.9300,13,1
2026-03-25,000001,14:39:21,10.9200,150,2
2026-03-25,000001,14:39:24,10.9300,391,1
2026-03-25,000001,14:39:30,10.9200,356,2
2026-03-25,000001,14:39:33,10.9300,31,1
2026-03-25,000001,14:39:36,10.9200,64,2
2026-03-25,000001,14:39:39,10.9200,95,2
2026-03-25,000001,14:39:42,10.9300,28,1
2026-03-25,000001,14:39:45,10.9300,14,1
2026-03-25,000001,14:39:48,10.9300,259,1
2026-03-25,000001,14:39:51,10.9300,14,1
2026-03-25,000001,14:39:54,10.9300,42,1
2026-03-25,000001,14:39:57,10.9300,115,1
2026-03-25,000001,14:40:00,10.9300,9,1
2026-03-25,000001,14:40:03,10.9300,296,1
2026-03-25,000001,14:40:06,10.9300,347,1
2026-03-25,000001,14:40:09,10.9300,68,1
2026-03-25,000001,14:40:12,10.9300,125,1
2026-03-25,000001,14:40:15,10.9300,27,1
2026-03-25,000001,14:40:18,10.9300,19,1
2026-03-25,000001,14:40:21,10.9200,284,2
2026-03-25,000001,14:40:24,10.9200,91,2
2026-03-25,000001,14:40:27,10.9200,19,2
2026-03-25,000001,14:40:30,10.9300,158,1
2026-03-25,000001,14:40:33,10.9200,255,2
2026-03-25,000001,14:40:36,10.9300,21,1
2026-03-25,000001,14:40:39,10.9200,43,2
2026-03-25,000001,14:40:42,10.9300,101,1
2026-03-25,000001,14:40:45,10.9200,296,2
2026-03-25,000001,14:40:51,10.9300,102,1
2026-03-25,000001,14:40:54,10.9200,322,2
2026-03-25,000001,14:40:57,10.9300,80,1
2026-03-25,000001,14:41:00,10.9300,281,1
2026-03-25,000001,14:41:03,10.9300,23,1
2026-03-25,000001,14:41:06,10.9300,166,1
2026-03-25,000001,14:41:09,10.9300,249,1
2026-03-25,000001,14:41:12,10.9300,7,1
2026-03-25,000001,14:41:15,10.9200,45,2
2026-03-25,000001,14:41:18,10.9300,141,1
2026-03-25,000001,14:41:21,10.9300,6,1
2026-03-25,000001,14:41:24,10.9300,354,1
2026-03-25,000001,14:41:27,10.9300,31,1
2026-03-25,000001,14:41:30,10.9300,271,1
2026-03-25,000001,14:41:33,10.9300,110,1
2026-03-25,000001,14:41:36,10.9300,31,1
2026-03-25,000001,14:41:39,10.9300,70,1
2026-03-25,000001,14:41:42,10.9300,294,1
2026-03-25,000001,14:41:45,10.9300,559,1
2026-03-25,000001,14:41:48,10.9200,9,2
2026-03-25,000001,14:41:51,10.9200,131,2
2026-03-25,000001,14:41:54,10.9300,342,1
2026-03-25,000001,14:41:57,10.9300,6,1
2026-03-25,000001,14:42:00,10.9200,261,2
2026-03-25,000001,14:42:03,10.9300,260,1
2026-03-25,000001,14:42:06,10.9200,132,2
2026-03-25,000001,14:42:09,10.9300,166,1
2026-03-25,000001,14:42:12,10.9300,35,1
2026-03-25,000001,14:42:15,10.9300,223,1
2026-03-25,000001,14:42:18,10.9200,84,2
2026-03-25,000001,14:42:21,10.9200,329,2
2026-03-25,000001,14:42:24,10.9200,422,2
2026-03-25,000001,14:42:27,10.9200,48,2
2026-03-25,000001,14:42:30,10.9300,45,1
2026-03-25,000001,14:42:33,10.9200,214,2
2026-03-25,000001,14:42:36,10.9200,79,2
2026-03-25,000001,14:42:39,10.9300,54,1
2026-03-25,000001,14:42:42,10.9300,3236,1
2026-03-25,000001,14:42:45,10.9300,559,1
2026-03-25,000001,14:42:48,10.9300,226,1
2026-03-25,000001,14:42:51,10.9300,274,1
2026-03-25,000001,14:42:54,10.9300,74,1
2026-03-25,000001,14:42:57,10.9300,77,1
2026-03-25,000001,14:43:00,10.9200,7,2
2026-03-25,000001,14:43:03,10.9300,11,1
2026-03-25,000001,14:43:06,10.9300,254,1
2026-03-25,000001,14:43:09,10.9300,51,1
2026-03-25,000001,14:43:12,10.9300,557,1
2026-03-25,000001,14:43:15,10.9300,257,1
2026-03-25,000001,14:43:18,10.9200,576,2
2026-03-25,000001,14:43:21,10.9300,129,1
2026-03-25,000001,14:43:24,10.9300,124,1
2026-03-25,000001,14:43:27,10.9300,234,1
2026-03-25,000001,14:43:30,10.9300,132,1
2026-03-25,000001,14:43:33,10.9300,184,1
2026-03-25,000001,14:43:36,10.9300,264,1
2026-03-25,000001,14:43:39,10.9300,34,1
2026-03-25,000001,14:43:42,10.9300,18,1
2026-03-25,000001,14:43:45,10.9300,144,1
2026-03-25,000001,14:43:48,10.9300,267,1
2026-03-25,000001,14:43:51,10.9200,65,2
2026-03-25,000001,14:43:54,10.9300,165,1
2026-03-25,000001,14:43:57,10.9300,97,1
2026-03-25,000001,14:44:00,10.9300,268,1
2026-03-25,000001,14:44:03,10.9400,330,1
2026-03-25,000001,14:44:06,10.9300,91,2
2026-03-25,000001,14:44:09,10.9300,9,2
2026-03-25,000001,14:44:12,10.9300,169,2
2026-03-25,000001,14:44:15,10.9300,37,2
2026-03-25,000001,14:44:18,10.9400,254,1
2026-03-25,000001,14:44:21,10.9400,95,1
2026-03-25,000001,14:44:24,10.9400,43,1
2026-03-25,000001,14:44:27,10.9300,53,2
2026-03-25,000001,14:44:30,10.9300,173,2
2026-03-25,000001,14:44:33,10.9400,269,1
2026-03-25,000001,14:44:36,10.9400,744,1
2026-03-25,000001,14:44:39,10.9400,120,1
2026-03-25,000001,14:44:42,10.9300,1255,2
2026-03-25,000001,14:44:45,10.9300,114,2
2026-03-25,000001,14:44:48,10.9400,4,1
2026-03-25,000001,14:44:51,10.9400,635,1
2026-03-25,000001,14:44:57,10.9400,324,1
2026-03-25,000001,14:45:00,10.9400,162,1
2026-03-25,000001,14:45:03,10.9300,52,2
2026-03-25,000001,14:45:06,10.9300,408,2
2026-03-25,000001,14:45:09,10.9400,20,1
2026-03-25,000001,14:45:12,10.9300,90,2
2026-03-25,000001,14:45:18,10.9300,422,2
2026-03-25,000001,14:45:24,10.9300,85,2
2026-03-25,000001,14:45:27,10.9300,264,2
2026-03-25,000001,14:45:30,10.9400,53,1
2026-03-25,000001,14:45:33,10.9400,356,1
2026-03-25,000001,14:45:36,10.9300,18,2
2026-03-25,000001,14:45:39,10.9300,445,2
2026-03-25,000001,14:45:42,10.9300,28,2
2026-03-25,000001,14:45:45,10.9300,537,2
2026-03-25,000001,14:45:48,10.9400,62,1
2026-03-25,000001,14:45:51,10.9400,76,1
2026-03-25,000001,14:45:54,10.9400,131,1
2026-03-25,000001,14:45:57,10.9300,47,2
2026-03-25,000001,14:46:00,10.9400,918,1
2026-03-25,000001,14:46:03,10.9400,1769,1
2026-03-25,000001,14:46:06,10.9400,1055,1
2026-03-25,000001,14:46:09,10.9300,427,2
2026-03-25,000001,14:46:12,10.9300,367,2
2026-03-25,000001,14:46:15,10.9400,151,1
2026-03-25,000001,14:46:18,10.9400,121,1
2026-03-25,000001,14:46:21,10.9400,331,1
2026-03-25,000001,14:46:24,10.9400,107,1
2026-03-25,000001,14:46:27,10.9400,22,1
2026-03-25,000001,14:46:30,10.9400,594,1
2026-03-25,000001,14:46:33,10.9300,58,2
2026-03-25,000001,14:46:36,10.9400,67,1
2026-03-25,000001,14:46:39,10.9300,216,2
2026-03-25,000001,14:46:42,10.9400,383,1
2026-03-25,000001,14:46:45,10.9400,520,1
2026-03-25,000001,14:46:48,10.9400,166,1
2026-03-25,000001,14:46:51,10.9400,119,1
2026-03-25,000001,14:46:54,10.9400,380,1
2026-03-25,000001,14:46:57,10.9400,286,1
2026-03-25,000001,14:47:00,10.9400,22,1
2026-03-25,000001,14:47:03,10.9400,2525,1
2026-03-25,000001,14:47:06,10.9400,1263,2
2026-03-25,000001,14:47:09,10.9500,699,1
2026-03-25,000001,14:47:12,10.9400,61,2
2026-03-25,000001,14:47:15,10.9500,189,1
2026-03-25,000001,14:47:18,10.9400,237,2
2026-03-25,000001,14:47:21,10.9400,160,2
2026-03-25,000001,14:47:24,10.9400,157,2
2026-03-25,000001,14:47:27,10.9300,328,2
2026-03-25,000001,14:47:30,10.9300,14,2
2026-03-25,000001,14:47:33,10.9400,66,1
2026-03-25,000001,14:47:36,10.9300,113,2
2026-03-25,000001,14:47:39,10.9400,292,1
2026-03-25,000001,14:47:42,10.9400,91,1
2026-03-25,000001,14:47:45,10.9300,281,2
2026-03-25,000001,14:47:48,10.9400,148,1
2026-03-25,000001,14:47:51,10.9400,257,1
2026-03-25,000001,14:47:54,10.9300,175,2
2026-03-25,000001,14:47:57,10.9400,65,1
2026-03-25,000001,14:48:00,10.9400,249,1
2026-03-25,000001,14:48:03,10.9400,146,1
2026-03-25,000001,14:48:06,10.9400,3,1
2026-03-25,000001,14:48:09,10.9300,240,2
2026-03-25,000001,14:48:12,10.9400,774,1
2026-03-25,000001,14:48:15,10.9400,306,2
2026-03-25,000001,14:48:18,10.9400,65,2
2026-03-25,000001,14:48:21,10.9400,419,2
2026-03-25,000001,14:48:24,10.9400,47,2
2026-03-25,000001,14:48:27,10.9400,279,2
2026-03-25,000001,14:48:30,10.9400,24,2
2026-03-25,000001,14:48:33,10.9400,122,2
2026-03-25,000001,14:48:36,10.9400,107,2
2026-03-25,000001,14:48:39,10.9400,94,2
2026-03-25,000001,14:48:42,10.9500,273,1
2026-03-25,000001,14:48:45,10.9400,51,2
2026-03-25,000001,14:48:48,10.9400,191,2
2026-03-25,000001,14:48:51,10.9500,34,1
2026-03-25,000001,14:48:54,10.9400,337,2
2026-03-25,000001,14:48:57,10.9500,60,1
2026-03-25,000001,14:49:00,10.9500,279,1
2026-03-25,000001,14:49:03,10.9400,1240,2
2026-03-25,000001,14:49:06,10.9500,1349,1
2026-03-25,000001,14:49:09,10.9500,104,1
2026-03-25,000001,14:49:12,10.9500,70,1
2026-03-25,000001,14:49:15,10.9500,118,1
2026-03-25,000001,14:49:18,10.9400,1083,2
2026-03-25,000001,14:49:21,10.9500,63,1
2026-03-25,000001,14:49:24,10.9400,31,2
2026-03-25,000001,14:49:27,10.9400,262,2
2026-03-25,000001,14:49:30,10.9400,90,2
2026-03-25,000001,14:49:33,10.9400,73,2
2026-03-25,000001,14:49:36,10.9500,27,1
2026-03-25,000001,14:49:39,10.9500,74,1
2026-03-25,000001,14:49:42,10.9400,48,2
2026-03-25,000001,14:49:45,10.9500,63,1
2026-03-25,000001,14:49:48,10.9400,3,2
2026-03-25,000001,14:49:51,10.9400,70,2
2026-03-25,000001,14:49:54,10.9500,36,1
2026-03-25,000001,14:49:57,10.9400,524,2
2026-03-25,000001,14:50:03,10.9500,2801,1
2026-03-25,000001,14:50:06,10.9500,123,1
2026-03-25,000001,14:50:09,10.9400,222,2
2026-03-25,000001,14:50:12,10.9400,17,2
2026-03-25,000001,14:50:15,10.9400,78,2
2026-03-25,000001,14:50:18,10.9400,91,2
2026-03-25,000001,14:50:21,10.9500,22,1
2026-03-25,000001,14:50:24,10.9400,78,2
2026-03-25,000001,14:50:27,10.9500,242,1
2026-03-25,000001,14:50:30,10.9400,65,2
2026-03-25,000001,14:50:33,10.9500,22,1
2026-03-25,000001,14:50:36,10.9400,16,2
2026-03-25,000001,14:50:39,10.9400,43,2
2026-03-25,000001,14:50:42,10.9500,19,1
2026-03-25,000001,14:50:45,10.9500,16,1
2026-03-25,000001,14:50:48,10.9500,38,1
2026-03-25,000001,14:50:51,10.9500,45,1
2026-03-25,000001,14:50:54,10.9500,689,1
2026-03-25,000001,14:50:57,10.9400,388,2
2026-03-25,000001,14:51:00,10.9400,2960,2
2026-03-25,000001,14:51:03,10.9400,1187,1
2026-03-25,000001,14:51:06,10.9400,606,2
2026-03-25,000001,14:51:09,10.9400,2,2
2026-03-25,000001,14:51:12,10.9400,10,2
2026-03-25,000001,14:51:15,10.9400,267,2
2026-03-25,000001,14:51:18,10.9400,119,2
2026-03-25,000001,14:51:21,10.9400,51,2
2026-03-25,000001,14:51:24,10.9400,23,2
2026-03-25,000001,14:51:27,10.9500,37,1
2026-03-25,000001,14:51:30,10.9400,174,2
2026-03-25,000001,14:51:33,10.9400,95,2
2026-03-25,000001,14:51:36,10.9500,20,1
2026-03-25,000001,14:51:39,10.9400,58,2
2026-03-25,000001,14:51:42,10.9500,87,1
2026-03-25,000001,14:51:45,10.9400,42,2
2026-03-25,000001,14:51:48,10.9400,151,2
2026-03-25,000001,14:51:51,10.9400,47,2
2026-03-25,000001,14:51:54,10.9400,57,2
2026-03-25,000001,14:51:57,10.9400,36,2
2026-03-25,000001,14:52:00,10.9400,37,2
2026-03-25,000001,14:52:03,10.9400,1173,2
2026-03-25,000001,14:52:06,10.9400,240,2
2026-03-25,000001,14:52:09,10.9500,138,1
2026-03-25,000001,14:52:12,10.9400,566,2
2026-03-25,000001,14:52:15,10.9400,231,2
2026-03-25,000001,14:52:18,10.9400,54,2
2026-03-25,000001,14:52:21,10.9500,39,1
2026-03-25,000001,14:52:24,10.9400,12,2
2026-03-25,000001,14:52:27,10.9500,39,1
2026-03-25,000001,14:52:30,10.9400,45,2
2026-03-25,000001,14:52:33,10.9500,16,1
2026-03-25,000001,14:52:36,10.9400,25,2
2026-03-25,000001,14:52:39,10.9500,63,1
2026-03-25,000001,14:52:42,10.9500,2,1
2026-03-25,000001,14:52:45,10.9400,292,2
2026-03-25,000001,14:52:48,10.9500,158,1
2026-03-25,000001,14:52:51,10.9500,109,1
2026-03-25,000001,14:52:54,10.9400,28,2
2026-03-25,000001,14:52:57,10.9400,58,2
2026-03-25,000001,14:53:00,10.9500,55,1
2026-03-25,000001,14:53:03,10.9500,1752,1
2026-03-25,000001,14:53:06,10.9500,54,1
2026-03-25,000001,14:53:09,10.9400,95,2
2026-03-25,000001,14:53:12,10.9400,11,2
2026-03-25,000001,14:53:15,10.9500,111,1
2026-03-25,000001,14:53:18,10.9400,29,2
2026-03-25,000001,14:53:21,10.9400,129,2
2026-03-25,000001,14:53:24,10.9400,4,2
2026-03-25,000001,14:53:27,10.9400,135,2
2026-03-25,000001,14:53:30,10.9400,28,2
2026-03-25,000001,14:53:33,10.9400,2813,2
2026-03-25,000001,14:53:36,10.9400,111,2
2026-03-25,000001,14:53:39,10.9400,242,2
2026-03-25,000001,14:53:42,10.9500,56,1
2026-03-25,000001,14:53:45,10.9400,358,2
2026-03-25,000001,14:53:48,10.9400,91,2
2026-03-25,000001,14:53:51,10.9500,99,1
2026-03-25,000001,14:53:54,10.9400,112,2
2026-03-25,000001,14:53:57,10.9400,36,2
2026-03-25,000001,14:54:00,10.9500,261,1
2026-03-25,000001,14:54:03,10.9400,2789,2
2026-03-25,000001,14:54:06,10.9400,119,2
2026-03-25,000001,14:54:09,10.9400,18,2
2026-03-25,000001,14:54:12,10.9500,38,1
2026-03-25,000001,14:54:15,10.9400,1184,2
2026-03-25,000001,14:54:18,10.9400,62,2
2026-03-25,000001,14:54:21,10.9500,144,1
2026-03-25,000001,14:54:24,10.9400,458,2
2026-03-25,000001,14:54:27,10.9400,311,2
2026-03-25,000001,14:54:30,10.9400,114,2
2026-03-25,000001,14:54:33,10.9300,226,2
2026-03-25,000001,14:54:36,10.9500,159,1
2026-03-25,000001,14:54:39,10.9400,128,2
2026-03-25,000001,14:54:42,10.9400,161,2
2026-03-25,000001,14:54:45,10.9400,217,2
2026-03-25,000001,14:54:48,10.9400,469,1
2026-03-25,000001,14:54:51,10.9300,880,2
2026-03-25,000001,14:54:54,10.9300,65,2
2026-03-25,000001,14:54:57,10.9400,31,1
2026-03-25,000001,14:55:00,10.9300,105,2
2026-03-25,000001,14:55:03,10.9300,203,2
2026-03-25,000001,14:55:06,10.9300,85,2
2026-03-25,000001,14:55:09,10.9300,67,2
2026-03-25,000001,14:55:12,10.9300,214,2
2026-03-25,000001,14:55:15,10.9300,538,2
2026-03-25,000001,14:55:18,10.9300,203,2
2026-03-25,000001,14:55:21,10.9300,208,2
2026-03-25,000001,14:55:24,10.9300,87,2
2026-03-25,000001,14:55:27,10.9300,234,2
2026-03-25,000001,14:55:30,10.9300,58,2
2026-03-25,000001,14:55:33,10.9300,113,2
2026-03-25,000001,14:55:36,10.9300,220,2
2026-03-25,000001,14:55:39,10.9300,64,2
2026-03-25,000001,14:55:42,10.9300,151,2
2026-03-25,000001,14:55:45,10.9300,202,2
2026-03-25,000001,14:55:48,10.9400,269,1
2026-03-25,000001,14:55:51,10.9300,52,2
2026-03-25,000001,14:55:54,10.9300,15,2
2026-03-25,000001,14:55:57,10.9400,20,1
2026-03-25,000001,14:56:00,10.9400,96,1
2026-03-25,000001,14:56:03,10.9400,807,1
2026-03-25,000001,14:56:06,10.9400,115,1
2026-03-25,000001,14:56:09,10.9300,458,2
2026-03-25,000001,14:56:12,10.9400,179,1
2026-03-25,000001,14:56:15,10.9300,70,2
2026-03-25,000001,14:56:18,10.9400,220,1
2026-03-25,000001,14:56:21,10.9300,671,2
2026-03-25,000001,14:56:24,10.9300,32,2
2026-03-25,000001,14:56:27,10.9300,23,2
2026-03-25,000001,14:56:30,10.9400,35,1
2026-03-25,000001,14:56:33,10.9300,100,2
2026-03-25,000001,14:56:36,10.9300,80,2
2026-03-25,000001,14:56:39,10.9400,357,1
2026-03-25,000001,14:56:42,10.9300,61,2
2026-03-25,000001,14:56:45,10.9300,86,2
2026-03-25,000001,14:56:48,10.9300,1,2
2026-03-25,000001,14:56:51,10.9300,1,2
2026-03-25,000001,14:56:54,10.9300,1,2
2026-03-25,000001,14:56:57,10.9300,46,2
2026-03-25,000001,14:57:00,10.9400,113,1
2026-03-25,000001,15:00:00,10.9400,8386,4
2026-03-25,000001,13:02:36,10.8700,9,2
2026-03-25,000001,13:02:42,10.8800,29,1
2026-03-25,000001,13:02:45,10.8700,26,2
2026-03-25,000001,13:02:48,10.8700,9,2
2026-03-25,000001,13:02:51,10.8800,85,1
2026-03-25,000001,13:02:54,10.8700,25,2
2026-03-25,000001,13:02:57,10.8800,4,1
2026-03-25,000001,13:03:00,10.8700,39,2
2026-03-25,000001,13:03:03,10.8700,130,2
2026-03-25,000001,13:03:06,10.8700,139,2
2026-03-25,000001,13:03:09,10.8700,15,2
2026-03-25,000001,13:03:12,10.8700,22,2
2026-03-25,000001,13:03:15,10.8700,87,2
2026-03-25,000001,13:03:18,10.8700,200,2
2026-03-25,000001,13:03:21,10.8700,4,2
2026-03-25,000001,13:03:24,10.8800,30,1
2026-03-25,000001,13:03:27,10.8700,32,2
2026-03-25,000001,13:03:30,10.8700,17,2
2026-03-25,000001,13:03:33,10.8700,1,2
2026-03-25,000001,13:03:39,10.8800,17,1
2026-03-25,000001,13:03:42,10.8700,50,2
2026-03-25,000001,13:03:45,10.8800,79,1
2026-03-25,000001,13:03:48,10.8700,17,2
2026-03-25,000001,13:03:54,10.8700,34,2
2026-03-25,000001,13:03:57,10.8700,22,2
2026-03-25,000001,13:04:03,10.8700,119,2
2026-03-25,000001,13:04:06,10.8700,9,2
2026-03-25,000001,13:04:09,10.8700,63,2
2026-03-25,000001,13:04:15,10.8700,40,2
2026-03-25,000001,13:04:18,10.8700,22,2
2026-03-25,000001,13:04:21,10.8700,14,2
2026-03-25,000001,13:04:27,10.8700,85,2
2026-03-25,000001,13:04:30,10.8700,17,2
2026-03-25,000001,13:04:33,10.8800,45,1
2026-03-25,000001,13:04:36,10.8700,239,2
2026-03-25,000001,13:04:39,10.8800,263,1
2026-03-25,000001,13:04:42,10.8800,583,1
2026-03-25,000001,13:04:45,10.8800,116,1
2026-03-25,000001,13:04:48,10.8800,1948,1
2026-03-25,000001,13:04:51,10.8800,231,1
2026-03-25,000001,13:04:54,10.8800,149,1
2026-03-25,000001,13:04:57,10.8800,24,1
2026-03-25,000001,13:05:00,10.8800,87,1
2026-03-25,000001,13:05:03,10.8800,50,2
2026-03-25,000001,13:05:06,10.8800,2,2
2026-03-25,000001,13:05:09,10.8800,1,2
2026-03-25,000001,13:05:12,10.8900,60,1
2026-03-25,000001,13:05:15,10.8800,1,2
2026-03-25,000001,13:05:18,10.8800,12,2
2026-03-25,000001,13:05:21,10.8800,46,2
2026-03-25,000001,13:05:24,10.8800,18,2
2026-03-25,000001,13:05:27,10.8800,1,2
2026-03-25,000001,13:05:30,10.8800,3,2
2026-03-25,000001,13:05:39,10.8800,22,2
2026-03-25,000001,13:05:42,10.8900,20,1
2026-03-25,000001,13:05:45,10.8900,22,1
2026-03-25,000001,13:05:48,10.8800,1,2
2026-03-25,000001,13:05:54,10.8800,22,2
2026-03-25,000001,13:05:57,10.8800,50,2
2026-03-25,000001,13:06:00,10.8800,311,2
2026-03-25,000001,13:06:03,10.8700,7,2
2026-03-25,000001,13:06:06,10.8800,81,1
2026-03-25,000001,13:06:15,10.8800,5,1
2026-03-25,000001,13:06:21,10.8800,4,1
2026-03-25,000001,13:06:24,10.8700,6,2
2026-03-25,000001,13:06:30,10.8700,77,2
2026-03-25,000001,13:06:33,10.8800,2,1
2026-03-25,000001,13:06:36,10.8800,10,1
2026-03-25,000001,13:06:39,10.8800,1,1
2026-03-25,000001,13:06:45,10.8800,2,1
2026-03-25,000001,13:06:48,10.8800,39,1
2026-03-25,000001,13:06:51,10.8800,21,1
2026-03-25,000001,13:07:00,10.8800,205,1
2026-03-25,000001,13:07:03,10.8700,245,2
2026-03-25,000001,13:07:06,10.8800,920,1
2026-03-25,000001,13:07:09,10.8800,256,1
2026-03-25,000001,13:07:12,10.8800,60,2
2026-03-25,000001,13:07:15,10.8800,20,2
2026-03-25,000001,13:07:18,10.8800,460,2
2026-03-25,000001,13:07:21,10.8800,13,2
2026-03-25,000001,13:07:24,10.8800,943,2
2026-03-25,000001,13:07:27,10.8800,39,1
2026-03-25,000001,13:07:30,10.8800,5,1
2026-03-25,000001,13:07:33,10.8800,200,1
2026-03-25,000001,13:07:36,10.8700,44,2
2026-03-25,000001,13:07:39,10.8800,24,1
2026-03-25,000001,13:07:42,10.8800,25,1
2026-03-25,000001,13:07:45,10.8800,99,1
2026-03-25,000001,13:07:48,10.8800,26,2
2026-03-25,000001,13:07:54,10.8800,2,2
2026-03-25,000001,13:08:00,10.8800,100,2
2026-03-25,000001,13:08:09,10.8800,36,2
2026-03-25,000001,13:08:15,10.8900,57,1
2026-03-25,000001,13:08:18,10.8900,242,1
2026-03-25,000001,13:08:21,10.8800,43,2
2026-03-25,000001,13:08:24,10.8800,200,2
2026-03-25,000001,13:08:27,10.8800,7,2
2026-03-25,000001,13:08:39,10.8900,1,1
2026-03-25,000001,13:08:42,10.8900,8,1
2026-03-25,000001,13:08:45,10.8900,20,1
2026-03-25,000001,13:08:48,10.8900,18,1
2026-03-25,000001,13:08:54,10.8800,13,2
2026-03-25,000001,13:08:57,10.8800,36,2
2026-03-25,000001,13:09:00,10.8900,13,1
2026-03-25,000001,13:09:03,10.8800,27,2
2026-03-25,000001,13:09:09,10.8900,84,1
2026-03-25,000001,13:09:12,10.8900,79,1
2026-03-25,000001,13:09:15,10.8800,87,2
2026-03-25,000001,13:09:18,10.8900,500,1
2026-03-25,000001,13:09:21,10.8800,12,2
2026-03-25,000001,13:09:24,10.8900,442,1
2026-03-25,000001,13:09:27,10.8900,76,1
2026-03-25,000001,13:09:30,10.8900,37,1
2026-03-25,000001,13:09:33,10.8800,8,2
2026-03-25,000001,13:09:36,10.8800,20,2
2026-03-25,000001,13:09:42,10.8800,40,2
2026-03-25,000001,13:09:48,10.8900,140,1
2026-03-25,000001,13:09:57,10.8900,79,1
2026-03-25,000001,13:10:03,10.8800,2,2
2026-03-25,000001,13:10:06,10.8900,35,1
2026-03-25,000001,13:10:09,10.8900,9,1
2026-03-25,000001,13:10:12,10.8900,25,1
2026-03-25,000001,13:10:15,10.8800,9,2
2026-03-25,000001,13:10:18,10.8900,21,1
2026-03-25,000001,13:10:21,10.8800,16,2
2026-03-25,000001,13:10:27,10.8900,41,1
2026-03-25,000001,13:10:45,10.8900,2,1
2026-03-25,000001,13:10:48,10.8900,2,1
2026-03-25,000001,13:10:54,10.8900,3,1
2026-03-25,000001,13:11:00,10.8900,23,1
2026-03-25,000001,13:11:03,10.8800,40,2
2026-03-25,000001,13:11:06,10.8800,2,2
2026-03-25,000001,13:11:09,10.8800,7,2
2026-03-25,000001,13:11:12,10.8900,522,1
2026-03-25,000001,13:11:15,10.8800,31,2
2026-03-25,000001,13:11:18,10.8800,13,2
2026-03-25,000001,13:11:21,10.8900,20,1
2026-03-25,000001,13:11:24,10.8800,368,2
2026-03-25,000001,13:11:27,10.8800,393,2
2026-03-25,000001,13:11:30,10.8900,32,1
2026-03-25,000001,13:11:33,10.8800,112,2
2026-03-25,000001,13:11:36,10.8900,15,1
2026-03-25,000001,13:11:39,10.8800,154,2
2026-03-25,000001,13:11:48,10.8800,43,2
2026-03-25,000001,13:12:00,10.8800,16,2
2026-03-25,000001,13:12:09,10.8800,2,2
2026-03-25,000001,13:12:12,10.8800,10,2
2026-03-25,000001,13:12:15,10.8900,66,1
2026-03-25,000001,13:12:18,10.8900,1,1
2026-03-25,000001,13:12:27,10.8900,2,1
2026-03-25,000001,13:12:30,10.8900,2,1
2026-03-25,000001,13:12:36,10.8900,19,1
2026-03-25,000001,13:12:39,10.8900,1,1
2026-03-25,000001,13:12:42,10.8800,16,2
2026-03-25,000001,13:12:45,10.8900,95,1
2026-03-25,000001,13:12:51,10.8900,41,1
2026-03-25,000001,13:12:54,10.8900,47,1
2026-03-25,000001,13:13:00,10.8900,15,1
2026-03-25,000001,13:13:03,10.8800,11,2
2026-03-25,000001,13:13:12,10.8800,13,2
2026-03-25,000001,13:13:15,10.8900,84,1
2026-03-25,000001,13:13:18,10.8900,58,1
2026-03-25,000001,13:13:21,10.8900,61,1
2026-03-25,000001,13:13:24,10.8900,37,1
2026-03-25,000001,13:13:36,10.8800,60,2
2026-03-25,000001,13:13:39,10.8800,2,2
2026-03-25,000001,13:13:42,10.8900,221,1
2026-03-25,000001,13:13:48,10.8800,16,2
2026-03-25,000001,13:13:51,10.8800,13,2
2026-03-25,000001,13:13:54,10.8900,20,1
2026-03-25,000001,13:13:57,10.8900,74,1
2026-03-25,000001,13:14:00,10.8900,26,1
2026-03-25,000001,13:14:03,10.8900,45,1
2026-03-25,000001,13:14:06,10.8900,22,1
2026-03-25,000001,13:14:09,10.8800,383,2
2026-03-25,000001,13:14:12,10.8900,29,1
2026-03-25,000001,13:14:15,10.8800,12,2
2026-03-25,000001,13:14:18,10.8800,82,2
2026-03-25,000001,13:14:21,10.8800,9,2
2026-03-25,000001,13:14:27,10.8900,5,1
2026-03-25,000001,13:14:33,10.8900,5,1
2026-03-25,000001,13:14:36,10.8900,26,1
2026-03-25,000001,13:14:39,10.8800,118,2
2026-03-25,000001,13:14:42,10.8800,85,2
2026-03-25,000001,13:14:45,10.8900,38,1
2026-03-25,000001,13:14:48,10.8900,10,1
2026-03-25,000001,13:14:54,10.8800,27,2
2026-03-25,000001,13:15:00,10.8800,27,2
2026-03-25,000001,13:15:03,10.8900,15,1
2026-03-25,000001,13:15:06,10.8800,1,2
2026-03-25,000001,13:15:09,10.8800,2,2
2026-03-25,000001,13:15:12,10.8900,72,1
2026-03-25,000001,13:15:15,10.8800,1,2
2026-03-25,000001,13:15:27,10.8800,21,2
2026-03-25,000001,13:15:30,10.8800,2,2
2026-03-25,000001,13:15:36,10.8800,123,2
2026-03-25,000001,13:15:39,10.8800,7,2
2026-03-25,000001,13:15:42,10.8900,980,1
2026-03-25,000001,13:15:45,10.8800,26,2
2026-03-25,000001,13:15:48,10.8800,114,2
2026-03-25,000001,13:15:51,10.8900,146,1
2026-03-25,000001,13:15:54,10.8800,47,2
2026-03-25,000001,13:15:57,10.8800,906,2
2026-03-25,000001,13:16:00,10.8700,4,2
2026-03-25,000001,13:16:03,10.8800,37,1
2026-03-25,000001,13:16:06,10.8800,3,1
2026-03-25,000001,13:16:09,10.8800,2813,1
2026-03-25,000001,13:16:12,10.8800,98,1
2026-03-25,000001,13:16:15,10.8800,19,1
2026-03-25,000001,13:16:18,10.8700,28,2
2026-03-25,000001,13:16:21,10.8800,78,1
2026-03-25,000001,13:16:24,10.8800,21,2
2026-03-25,000001,13:16:30,10.8800,2,2
2026-03-25,000001,13:16:33,10.8900,10,1
2026-03-25,000001,13:16:39,10.8800,143,2
2026-03-25,000001,13:16:42,10.8900,15,1
2026-03-25,000001,13:16:45,10.8900,6,1
2026-03-25,000001,13:16:48,10.8900,5,1
2026-03-25,000001,13:16:54,10.8800,21,2
2026-03-25,000001,13:17:00,10.8800,102,2
2026-03-25,000001,13:17:03,10.8800,132,2
2026-03-25,000001,13:17:06,10.8900,1,1
2026-03-25,000001,13:17:09,10.8800,49,2
2026-03-25,000001,13:17:12,10.8800,7,2
2026-03-25,000001,13:17:15,10.8900,60,1
2026-03-25,000001,13:17:18,10.8900,200,1
2026-03-25,000001,13:17:21,10.8800,56,2
2026-03-25,000001,13:17:24,10.8800,60,2
2026-03-25,000001,13:17:27,10.8900,4,1
2026-03-25,000001,13:17:30,10.8800,3,2
2026-03-25,000001,13:17:33,10.8800,22,2
2026-03-25,000001,13:17:36,10.8800,28,2
2026-03-25,000001,13:17:39,10.8800,227,2
2026-03-25,000001,13:17:42,10.8800,217,2
2026-03-25,000001,13:17:45,10.8800,105,1
2026-03-25,000001,13:17:48,10.8800,44,1
2026-03-25,000001,13:17:51,10.8800,35,1
2026-03-25,000001,13:17:54,10.8800,6,1
2026-03-25,000001,13:17:57,10.8800,12,1
2026-03-25,000001,13:18:00,10.8800,67,1
2026-03-25,000001,13:18:03,10.8800,13,1
2026-03-25,000001,13:18:06,10.8800,22,1
2026-03-25,000001,13:18:09,10.8800,22,1
2026-03-25,000001,13:18:12,10.8800,21,1
2026-03-25,000001,13:18:18,10.8800,8,1
2026-03-25,000001,13:18:21,10.8800,12,1
2026-03-25,000001,13:18:24,10.8700,21,2
2026-03-25,000001,13:18:30,10.8700,2,2
2026-03-25,000001,13:18:33,10.8800,1,1
2026-03-25,000001,13:18:36,10.8800,20,1
2026-03-25,000001,13:18:39,10.8800,15,1
2026-03-25,000001,13:18:42,10.8700,74,2
2026-03-25,000001,13:18:48,10.8700,12,2
2026-03-25,000001,13:18:51,10.8700,79,2
2026-03-25,000001,13:18:54,10.8800,4,1
2026-03-25,000001,13:19:00,10.8700,3,2
2026-03-25,000001,13:19:03,10.8800,31,1
2026-03-25,000001,13:19:06,10.8800,74,1
2026-03-25,000001,13:19:12,10.8800,10,1
2026-03-25,000001,13:19:18,10.8800,3,1
2026-03-25,000001,13:19:21,10.8700,25,2
2026-03-25,000001,13:19:27,10.8700,20,2
2026-03-25,000001,13:19:30,10.8700,3,2
2026-03-25,000001,13:19:36,10.8800,20,1
2026-03-25,000001,13:19:39,10.8800,126,1
2026-03-25,000001,13:19:42,10.8700,48,2
2026-03-25,000001,13:19:45,10.8800,40,1
2026-03-25,000001,13:19:48,10.8700,18,2
2026-03-25,000001,13:19:51,10.8800,18,1
2026-03-25,000001,13:19:54,10.8800,20,1
2026-03-25,000001,13:19:57,10.8800,41,1
2026-03-25,000001,13:20:00,10.8800,1,1
2026-03-25,000001,13:20:03,10.8700,85,2
2026-03-25,000001,13:20:06,10.8700,73,2
2026-03-25,000001,13:20:09,10.8800,5,1
2026-03-25,000001,13:20:12,10.8700,30,2
2026-03-25,000001,13:20:15,10.8800,4,1
2026-03-25,000001,13:20:21,10.8700,16,2
2026-03-25,000001,13:20:24,10.8800,15,1
2026-03-25,000001,13:20:33,10.8800,21,1
2026-03-25,000001,13:20:36,10.8800,52,1
2026-03-25,000001,13:20:39,10.8700,24,2
2026-03-25,000001,13:20:42,10.8800,81,1
2026-03-25,000001,13:20:45,10.8800,107,1
2026-03-25,000001,13:20:48,10.8800,41,1
2026-03-25,000001,13:20:51,10.8800,159,1
2026-03-25,000001,13:20:54,10.8800,20,1
2026-03-25,000001,13:20:57,10.8800,130,1
2026-03-25,000001,13:21:03,10.8800,70,1
2026-03-25,000001,13:21:06,10.8800,22,1
2026-03-25,000001,13:21:09,10.8700,27,2
2026-03-25,000001,13:21:12,10.8700,12,2
2026-03-25,000001,13:21:15,10.8800,9,1
2026-03-25,000001,13:21:18,10.8800,32,1
2026-03-25,000001,13:21:21,10.8800,165,1
2026-03-25,000001,13:21:24,10.8700,310,2
2026-03-25,000001,13:21:30,10.8700,6,2
2026-03-25,000001,13:21:33,10.8800,56,1
2026-03-25,000001,13:21:36,10.8800,28,1
2026-03-25,000001,13:21:39,10.8800,89,1
2026-03-25,000001,13:21:42,10.8800,53,1
2026-03-25,000001,13:21:48,10.8800,6,1
2026-03-25,000001,13:21:51,10.8700,34,2
2026-03-25,000001,13:21:54,10.8800,26,1
2026-03-25,000001,13:21:57,10.8800,5,1
2026-03-25,000001,13:22:03,10.8700,49,2
2026-03-25,000001,13:22:06,10.8800,62,1
2026-03-25,000001,13:22:09,10.8700,50,2
2026-03-25,000001,13:22:12,10.8800,1,1
2026-03-25,000001,13:22:15,10.8800,61,1
2026-03-25,000001,13:22:18,10.8800,30,1
2026-03-25,000001,13:22:21,10.8700,185,2
2026-03-25,000001,13:22:24,10.8800,70,1
2026-03-25,000001,13:22:27,10.8800,8,1
2026-03-25,000001,13:22:30,10.8800,17,1
2026-03-25,000001,13:22:33,10.8800,54,1
2026-03-25,000001,13:22:36,10.8800,209,1
2026-03-25,000001,13:22:39,10.8800,605,2
2026-03-25,000001,13:22:42,10.8900,357,1
2026-03-25,000001,13:22:45,10.8800,60,2
2026-03-25,000001,13:22:48,10.8800,388,2
2026-03-25,000001,13:22:51,10.8900,72,1
2026-03-25,000001,13:22:57,10.8900,16,1
2026-03-25,000001,13:23:00,10.8800,2,2
2026-03-25,000001,13:23:03,10.8800,52,2
2026-03-25,000001,13:23:06,10.8800,33,2
2026-03-25,000001,13:23:09,10.8700,207,2
2026-03-25,000001,13:23:12,10.8800,9,2
2026-03-25,000001,13:23:18,10.8800,25,2
2026-03-25,000001,13:23:21,10.8800,64,2
2026-03-25,000001,13:23:24,10.8800,44,2
2026-03-25,000001,13:23:27,10.8800,50,1
2026-03-25,000001,13:23:30,10.8800,5,1
2026-03-25,000001,13:23:33,10.8800,246,1
2026-03-25,000001,13:23:36,10.8800,64,2
2026-03-25,000001,13:23:39,10.8900,34,1
2026-03-25,000001,13:23:42,10.8700,383,2
2026-03-25,000001,13:23:48,10.8800,23,1
2026-03-25,000001,13:23:51,10.8700,91,2
2026-03-25,000001,13:23:54,10.8700,109,2
2026-03-25,000001,13:23:57,10.8800,26,1
2026-03-25,000001,13:24:03,10.8800,15,1
2026-03-25,000001,13:24:06,10.8800,173,1
2026-03-25,000001,13:24:09,10.8800,226,2
2026-03-25,000001,13:24:12,10.8800,250,2
2026-03-25,000001,13:24:15,10.8700,59,2
2026-03-25,000001,13:24:21,10.8800,44,1
2026-03-25,000001,13:24:24,10.8700,8,2
2026-03-25,000001,13:24:30,10.8800,9,1
2026-03-25,000001,13:24:42,10.8700,36,2
2026-03-25,000001,13:24:45,10.8800,35,1
2026-03-25,000001,13:24:48,10.8800,14,1
2026-03-25,000001,13:24:51,10.8800,8,1
2026-03-25,000001,13:25:00,10.8800,22,1
2026-03-25,000001,13:25:03,10.8700,2,2
2026-03-25,000001,13:25:09,10.8700,26,2
2026-03-25,000001,13:25:12,10.8700,25,2
2026-03-25,000001,13:25:15,10.8800,29,1
2026-03-25,000001,13:25:21,10.8700,22,2
2026-03-25,000001,13:25:24,10.8700,18,2
2026-03-25,000001,13:25:27,10.8800,10,1
2026-03-25,000001,13:25:42,10.8800,12,1
2026-03-25,000001,13:25:45,10.8700,1,2
2026-03-25,000001,13:25:48,10.8800,13,1
2026-03-25,000001,13:25:51,10.8700,20,2
2026-03-25,000001,13:25:54,10.8800,11,1
2026-03-25,000001,13:25:57,10.8700,5345,2
2026-03-25,000001,13:26:00,10.8700,59,1
2026-03-25,000001,13:26:03,10.8600,120,2
2026-03-25,000001,13:26:06,10.8700,125,1
2026-03-25,000001,13:26:09,10.8700,101,1
2026-03-25,000001,13:26:12,10.8700,40,1
2026-03-25,000001,13:26:15,10.8700,3,1
2026-03-25,000001,13:26:18,10.8700,11,1
2026-03-25,000001,13:26:21,10.8700,26,1
2026-03-25,000001,13:26:24,10.8800,18,1
2026-03-25,000001,13:26:27,10.8700,13,4
2026-03-25,000001,13:26:30,10.8700,63,1
2026-03-25,000001,13:26:33,10.8700,85,2
2026-03-25,000001,13:26:36,10.8700,27,1
2026-03-25,000001,13:26:39,10.8700,228,1
2026-03-25,000001,13:26:42,10.8700,12,2
2026-03-25,000001,13:26:45,10.8700,21,2
2026-03-25,000001,13:26:51,10.8700,20,2
2026-03-25,000001,13:26:57,10.8700,7,2
2026-03-25,000001,13:27:00,10.8700,1,2
2026-03-25,000001,13:27:03,10.8800,34,1
2026-03-25,000001,13:27:09,10.8700,23,2
2026-03-25,000001,13:27:12,10.8800,36,1
2026-03-25,000001,13:27:15,10.8800,7,1
2026-03-25,000001,13:27:18,10.8800,47,1
2026-03-25,000001,13:27:24,10.8800,15,1
2026-03-25,000001,13:27:27,10.8700,189,2
2026-03-25,000001,13:27:33,10.8700,28,2
2026-03-25,000001,13:27:39,10.8700,7,2
2026-03-25,000001,13:27:42,10.8800,4,1
2026-03-25,000001,13:27:48,10.8700,13,2
2026-03-25,000001,13:27:51,10.8700,14,2
2026-03-25,000001,13:27:57,10.8800,17,1
2026-03-25,000001,13:28:03,10.8700,1,2
2026-03-25,000001,13:28:06,10.8700,31,2
2026-03-25,000001,13:28:15,10.8800,1,1
2026-03-25,000001,13:28:18,10.8800,100,1
2026-03-25,000001,13:28:21,10.8700,10,2
2026-03-25,000001,13:28:24,10.8800,56,1
2026-03-25,000001,13:28:30,10.8700,20,2
2026-03-25,000001,13:28:33,10.8700,22,2
2026-03-25,000001,13:28:36,10.8800,5,1
2026-03-25,000001,13:28:39,10.8700,5,2
2026-03-25,000001,13:28:48,10.8800,15,1
2026-03-25,000001,13:28:54,10.8800,5,1
2026-03-25,000001,13:29:00,10.8700,39,2
2026-03-25,000001,13:29:03,10.8800,8,1
2026-03-25,000001,13:29:06,10.8800,50,1
2026-03-25,000001,13:29:09,10.8700,31,2
2026-03-25,000001,13:29:12,10.8700,48,2
2026-03-25,000001,13:29:15,10.8700,1,2
2026-03-25,000001,13:29:18,10.8800,75,1
2026-03-25,000001,13:29:24,10.8800,3,1
2026-03-25,000001,13:29:27,10.8800,31,1
2026-03-25,000001,13:29:30,10.8700,37,2
2026-03-25,000001,13:29:33,10.8700,12,2
2026-03-25,000001,13:29:36,10.8700,15,2
2026-03-25,000001,13:29:39,10.8800,16,1
2026-03-25,000001,13:29:42,10.8700,174,2
2026-03-25,000001,13:29:45,10.8700,55,2
2026-03-25,000001,13:29:48,10.8700,29,2
2026-03-25,000001,13:29:51,10.8800,25,1
2026-03-25,000001,13:29:57,10.8700,1,2
2026-03-25,000001,13:30:00,10.8700,14,2
2026-03-25,000001,13:30:03,10.8700,14,2
2026-03-25,000001,13:30:06,10.8700,15,2
2026-03-25,000001,13:30:09,10.8700,460,2
2026-03-25,000001,13:30:12,10.8700,25,2
2026-03-25,000001,13:30:15,10.8700,90,2
2026-03-25,000001,13:30:18,10.8700,12,2
2026-03-25,000001,13:30:21,10.8700,9,2
2026-03-25,000001,13:30:24,10.8700,83,2
2026-03-25,000001,13:30:27,10.8700,9,2
2026-03-25,000001,13:30:30,10.8700,60,2
2026-03-25,000001,13:30:36,10.8700,87,2
2026-03-25,000001,13:30:45,10.8800,1,1
2026-03-25,000001,13:30:48,10.8700,46,2
2026-03-25,000001,13:30:51,10.8700,2,2
2026-03-25,000001,13:30:54,10.8700,6,2
2026-03-25,000001,13:31:03,10.8800,188,1
2026-03-25,000001,13:31:06,10.8800,13,1
2026-03-25,000001,13:31:09,10.8700,7,2
2026-03-25,000001,13:31:12,10.8800,38,1
2026-03-25,000001,13:31:15,10.8800,21,1
2026-03-25,000001,13:31:18,10.8700,45,2
2026-03-25,000001,13:31:21,10.8800,9,1
2026-03-25,000001,13:31:24,10.8700,40,2
2026-03-25,000001,13:31:30,10.8800,76,1
2026-03-25,000001,13:31:33,10.8700,16,2
2026-03-25,000001,13:31:36,10.8700,3,2
2026-03-25,000001,13:31:39,10.8800,17,1
2026-03-25,000001,13:31:42,10.8800,7,1
2026-03-25,000001,13:31:45,10.8800,63,1
2026-03-25,000001,13:31:48,10.8700,9,2
2026-03-25,000001,13:31:57,10.8800,2257,1
2026-03-25,000001,13:32:00,10.8800,141,1
2026-03-25,000001,13:32:03,10.8800,259,1
2026-03-25,000001,13:32:06,10.8800,783,1
2026-03-25,000001,13:32:09,10.8800,14,2
2026-03-25,000001,13:32:12,10.8800,191,2
2026-03-25,000001,13:32:15,10.8900,46,1
2026-03-25,000001,13:32:18,10.8800,543,2
2026-03-25,000001,13:32:21,10.8800,88,1
2026-03-25,000001,13:32:24,10.8800,17,1
2026-03-25,000001,13:32:27,10.8800,67,1
2026-03-25,000001,13:32:30,10.8800,5,1
2026-03-25,000001,13:32:33,10.8800,174,1
2026-03-25,000001,13:32:36,10.8800,258,1
2026-03-25,000001,13:32:39,10.8900,15,1
2026-03-25,000001,13:32:42,10.8800,23,2
2026-03-25,000001,13:32:45,10.8800,50,2
2026-03-25,000001,13:32:51,10.8900,2,1
2026-03-25,000001,13:32:54,10.8800,1,2
2026-03-25,000001,13:32:57,10.8900,10,1
2026-03-25,000001,13:33:06,10.8800,4,2
2026-03-25,000001,13:33:12,10.8900,43,1
2026-03-25,000001,13:33:15,10.8900,9,1
2026-03-25,000001,13:33:18,10.8900,73,1
2026-03-25,000001,13:33:21,10.8800,10,2
2026-03-25,000001,13:33:24,10.8900,45,1
2026-03-25,000001,13:33:27,10.8900,201,1
2026-03-25,000001,13:33:30,10.8800,6,2
2026-03-25,000001,13:33:33,10.8900,29,1
2026-03-25,000001,13:33:36,10.8900,19,1
2026-03-25,000001,13:33:42,10.8900,29,1
2026-03-25,000001,13:33:45,10.8900,140,1
2026-03-25,000001,13:33:48,10.8900,71,1
2026-03-25,000001,13:33:54,10.8800,29,2
2026-03-25,000001,13:33:57,10.8800,16,2
2026-03-25,000001,13:34:00,10.8800,16,2
2026-03-25,000001,13:34:03,10.8800,186,2
2026-03-25,000001,13:34:06,10.8800,700,2
2026-03-25,000001,13:34:09,10.8800,215,1
2026-03-25,000001,13:34:12,10.8800,107,1
2026-03-25,000001,13:34:15,10.8800,16,1
2026-03-25,000001,13:34:18,10.8700,26,2
2026-03-25,000001,13:34:21,10.8800,26,1
2026-03-25,000001,13:34:24,10.8800,60,1
2026-03-25,000001,13:34:27,10.8800,13,1
2026-03-25,000001,13:34:30,10.8800,140,1
2026-03-25,000001,13:34:33,10.8800,16,2
2026-03-25,000001,13:34:36,10.8800,79,2
2026-03-25,000001,13:34:39,10.8800,60,2
2026-03-25,000001,13:34:42,10.8900,15,1
2026-03-25,000001,13:34:45,10.8900,1,1
2026-03-25,000001,13:34:48,10.8800,16,2
2026-03-25,000001,13:34:51,10.8800,51,2
2026-03-25,000001,13:34:54,10.8800,42,2
2026-03-25,000001,13:35:00,10.8800,10,2
2026-03-25,000001,13:35:03,10.8800,68,2
2026-03-25,000001,13:35:06,10.8800,2,2
2026-03-25,000001,13:35:09,10.8800,1,2
2026-03-25,000001,13:35:12,10.8900,11,1
2026-03-25,000001,13:35:15,10.8900,1,1
2026-03-25,000001,13:35:18,10.8800,48,2
2026-03-25,000001,13:35:21,10.8800,16,2
2026-03-25,000001,13:35:24,10.8900,60,1
2026-03-25,000001,13:35:27,10.8800,112,2
2026-03-25,000001,13:35:30,10.8800,5,2
2026-03-25,000001,13:35:33,10.8800,19,2
2026-03-25,000001,13:35:45,10.8900,121,1
2026-03-25,000001,13:35:57,10.8800,18,2
2026-03-25,000001,13:36:00,10.8800,24,2
2026-03-25,000001,13:36:06,10.8800,13,2
2026-03-25,000001,13:36:12,10.8800,3,2
2026-03-25,000001,13:36:18,10.8900,21,1
2026-03-25,000001,13:36:21,10.8800,19,2
2026-03-25,000001,13:36:30,10.8900,5,1
2026-03-25,000001,13:36:36,10.8900,6,1
2026-03-25,000001,13:36:42,10.8800,6,2
2026-03-25,000001,13:36:45,10.8900,36,1
2026-03-25,000001,13:36:48,10.8900,1,1
2026-03-25,000001,13:36:51,10.8800,16,2
2026-03-25,000001,13:36:54,10.8800,48,2
2026-03-25,000001,13:36:57,10.8800,12,2
2026-03-25,000001,13:37:00,10.8800,3,2
2026-03-25,000001,13:37:03,10.8800,818,2
2026-03-25,000001,13:37:06,10.8800,48,2
2026-03-25,000001,13:37:09,10.8800,286,2
2026-03-25,000001,13:37:12,10.8800,23,2
2026-03-25,000001,13:37:15,10.8800,227,2
2026-03-25,000001,13:37:18,10.8800,48,2
2026-03-25,000001,13:37:21,10.8800,1,2
2026-03-25,000001,13:37:27,10.8800,1,2
2026-03-25,000001,13:37:30,10.8900,1,1
2026-03-25,000001,13:37:33,10.8800,70,2
2026-03-25,000001,13:37:36,10.8800,11,2
2026-03-25,000001,13:37:39,10.8900,4046,1
2026-03-25,000001,13:37:42,10.8900,18,1
2026-03-25,000001,13:37:45,10.8800,64,2
2026-03-25,000001,13:37:48,10.8900,17,1
2026-03-25,000001,13:37:51,10.8900,167,1
2026-03-25,000001,13:37:54,10.8800,1,2
2026-03-25,000001,13:37:57,10.8800,192,2
2026-03-25,000001,13:38:00,10.8900,30,1
2026-03-25,000001,13:38:03,10.8900,103,1
2026-03-25,000001,13:38:06,10.8900,670,1
2026-03-25,000001,13:38:09,10.8900,76,1
2026-03-25,000001,13:38:12,10.8800,51,2
2026-03-25,000001,13:38:15,10.8900,1448,1
2026-03-25,000001,13:38:18,10.8900,254,1
2026-03-25,000001,13:38:21,10.8800,97,2
2026-03-25,000001,13:38:24,10.8800,558,2
2026-03-25,000001,13:38:27,10.8900,158,1
2026-03-25,000001,13:38:30,10.8900,16,1
2026-03-25,000001,13:38:36,10.8900,32,1
2026-03-25,000001,13:38:39,10.8800,18,2
2026-03-25,000001,13:38:42,10.8900,22,1
2026-03-25,000001,13:38:51,10.8900,3,1
2026-03-25,000001,13:38:57,10.8900,6,1
2026-03-25,000001,13:39:06,10.8800,13,2
2026-03-25,000001,13:39:09,10.8900,10,1
2026-03-25,000001,13:39:12,10.8800,242,2
2026-03-25,000001,13:39:15,10.8900,10,1
2026-03-25,000001,13:39:18,10.8900,114,1
2026-03-25,000001,13:39:21,10.8900,354,1
2026-03-25,000001,13:39:24,10.8900,20,1
2026-03-25,000001,13:39:27,10.8900,8,1
2026-03-25,000001,13:39:30,10.8800,12,2
2026-03-25,000001,13:39:33,10.8900,5,1
2026-03-25,000001,13:39:36,10.8900,4102,1
2026-03-25,000001,13:39:39,10.9000,343,1
2026-03-25,000001,13:39:42,10.8900,958,2
2026-03-25,000001,13:39:45,10.9000,90,1
2026-03-25,000001,13:39:48,10.8900,30,2
2026-03-25,000001,13:39:51,10.9000,25,1
2026-03-25,000001,13:39:54,10.9000,2502,1
2026-03-25,000001,13:39:57,10.9000,34,1
2026-03-25,000001,13:40:00,10.8900,86,2
2026-03-25,000001,13:40:03,10.8900,190,2
2026-03-25,000001,13:40:06,10.8900,223,2
2026-03-25,000001,13:40:09,10.8900,13,2
2026-03-25,000001,13:40:12,10.9000,23,1
2026-03-25,000001,13:40:15,10.8900,107,2
2026-03-25,000001,13:40:18,10.8900,108,2
2026-03-25,000001,13:40:21,10.8900,31,2
2026-03-25,000001,13:40:24,10.9000,28,1
2026-03-25,000001,13:40:27,10.8900,615,2
2026-03-25,000001,13:40:30,10.8900,99,1
2026-03-25,000001,13:40:33,10.8900,6,1
2026-03-25,000001,13:40:39,10.8900,20,1
2026-03-25,000001,13:40:42,10.8900,216,1
2026-03-25,000001,13:40:45,10.8800,20,2
2026-03-25,000001,13:40:51,10.8900,10,1
2026-03-25,000001,13:40:57,10.8900,320,1
2026-03-25,000001,13:41:00,10.8900,50,1
2026-03-25,000001,13:41:03,10.8900,35,1
2026-03-25,000001,13:41:06,10.8900,2237,1
2026-03-25,000001,13:41:09,10.8900,97,1
2026-03-25,000001,13:41:12,10.8900,83,2
2026-03-25,000001,13:41:15,10.8900,13,2
2026-03-25,000001,13:41:21,10.8900,26,2
2026-03-25,000001,13:41:24,10.8900,244,2
2026-03-25,000001,13:41:27,10.9000,11,1
2026-03-25,000001,13:41:30,10.8900,7,2
2026-03-25,000001,13:41:33,10.8900,2,2
2026-03-25,000001,13:41:36,10.9000,55,1
2026-03-25,000001,13:41:39,10.9000,40,1
2026-03-25,000001,13:41:42,10.9000,46,1
2026-03-25,000001,13:41:45,10.8900,8,2
2026-03-25,000001,13:41:48,10.8900,180,2
2026-03-25,000001,13:41:51,10.9000,28,1
2026-03-25,000001,13:41:57,10.9000,21,1
2026-03-25,000001,13:42:00,10.8900,160,2
2026-03-25,000001,13:42:06,10.8900,52,2
2026-03-25,000001,13:42:09,10.8900,1569,2
2026-03-25,000001,13:42:12,10.8900,35,1
2026-03-25,000001,13:42:15,10.8900,24,1
2026-03-25,000001,13:42:18,10.8800,16,2
2026-03-25,000001,13:42:27,10.8900,15,1
2026-03-25,000001,13:42:30,10.8800,9,2
2026-03-25,000001,13:42:33,10.8900,7,1
2026-03-25,000001,13:42:42,10.8900,22,1
2026-03-25,000001,13:42:45,10.8900,501,1
2026-03-25,000001,13:42:48,10.8900,2,1
2026-03-25,000001,13:42:54,10.8900,12,1
2026-03-25,000001,13:42:57,10.8900,9,1
2026-03-25,000001,13:43:00,10.8900,1,1
2026-03-25,000001,13:43:03,10.8900,1057,1
2026-03-25,000001,13:43:06,10.8900,256,1
2026-03-25,000001,13:43:09,10.8900,3,1
2026-03-25,000001,13:43:12,10.8900,55,1
2026-03-25,000001,13:43:15,10.8800,39,2
2026-03-25,000001,13:43:18,10.8800,108,2
2026-03-25,000001,13:43:21,10.8800,3,2
2026-03-25,000001,13:43:24,10.8900,40,1
2026-03-25,000001,13:43:27,10.8900,81,1
2026-03-25,000001,13:43:30,10.8900,22,1
2026-03-25,000001,13:43:33,10.8800,19,2
2026-03-25,000001,13:43:36,10.8800,58,2
2026-03-25,000001,13:43:39,10.8900,61,1
2026-03-25,000001,13:43:42,10.8800,35,2
2026-03-25,000001,13:43:45,10.8900,83,1
2026-03-25,000001,13:43:48,10.8900,2,1
2026-03-25,000001,13:43:51,10.8900,156,1
2026-03-25,000001,13:43:54,10.8800,7,2
2026-03-25,000001,13:43:57,10.8800,13,2
2026-03-25,000001,13:44:00,10.8800,1401,2
2026-03-25,000001,13:44:03,10.8800,120,2
2026-03-25,000001,13:44:06,10.8800,2,2
2026-03-25,000001,13:44:09,10.8800,28,2
2026-03-25,000001,13:44:12,10.8800,11,2
2026-03-25,000001,13:44:15,10.8900,200,1
2026-03-25,000001,13:44:21,10.8900,17,1
2026-03-25,000001,13:44:24,10.8800,13,2
2026-03-25,000001,13:44:33,10.8900,17,1
2026-03-25,000001,13:44:36,10.8800,29,2
2026-03-25,000001,13:44:39,10.8900,88,1
2026-03-25,000001,13:44:42,10.8800,17,2
2026-03-25,000001,13:44:45,10.8900,2,1
2026-03-25,000001,13:44:48,10.8900,209,1
2026-03-25,000001,13:44:51,10.8900,71,1
2026-03-25,000001,13:44:54,10.8800,1602,2
2026-03-25,000001,13:44:57,10.8800,99,2
2026-03-25,000001,13:45:00,10.8800,24,2
2026-03-25,000001,13:45:03,10.8900,79,1
2026-03-25,000001,13:45:06,10.8900,45,1
2026-03-25,000001,13:45:12,10.8800,7,2
2026-03-25,000001,13:45:15,10.8900,360,1
2026-03-25,000001,13:45:18,10.8800,10,2
2026-03-25,000001,13:45:21,10.8900,106,1
2026-03-25,000001,13:45:24,10.8900,86,1
2026-03-25,000001,13:45:27,10.8900,259,1
2026-03-25,000001,13:45:30,10.8800,33,2
2026-03-25,000001,13:45:33,10.8800,205,2
2026-03-25,000001,13:45:36,10.8900,29,1
2026-03-25,000001,13:45:39,10.8900,164,1
2026-03-25,000001,13:45:45,10.8800,101,2
2026-03-25,000001,13:45:48,10.8900,39,1
2026-03-25,000001,13:45:51,10.8800,42,2
2026-03-25,000001,13:45:54,10.8800,2,2
2026-03-25,000001,13:45:57,10.8800,14,2
2026-03-25,000001,13:46:00,10.8800,30,2
2026-03-25,000001,13:46:03,10.8900,5163,1
2026-03-25,000001,13:46:06,10.9000,319,1
2026-03-25,000001,13:46:09,10.8900,234,2
2026-03-25,000001,13:46:12,10.8900,14,2
2026-03-25,000001,13:46:15,10.9000,1181,1
2026-03-25,000001,13:46:18,10.8900,325,2
2026-03-25,000001,13:46:21,10.8900,10,2
2026-03-25,000001,13:46:24,10.8900,2,2
2026-03-25,000001,13:46:27,10.8900,26,2
2026-03-25,000001,13:46:33,10.8900,24,2
2026-03-25,000001,13:46:39,10.9000,1,1
2026-03-25,000001,13:46:42,10.9000,145,1
2026-03-25,000001,13:46:45,10.9000,23,1
2026-03-25,000001,13:46:48,10.8900,18,2
2026-03-25,000001,13:46:51,10.8900,27,2
2026-03-25,000001,13:46:54,10.9000,20,1
2026-03-25,000001,13:46:57,10.9100,11163,1
2026-03-25,000001,13:47:00,10.9100,421,1
2026-03-25,000001,13:47:03,10.9100,147,1
2026-03-25,000001,13:47:06,10.9000,1,2
2026-03-25,000001,13:47:09,10.9100,3,1
2026-03-25,000001,13:47:12,10.9100,29,1
2026-03-25,000001,13:47:15,10.9000,50,2
2026-03-25,000001,13:47:18,10.9000,38,2
2026-03-25,000001,13:47:21,10.9100,47,1
2026-03-25,000001,13:47:24,10.9000,49,2
2026-03-25,000001,13:47:27,10.9100,675,1
2026-03-25,000001,13:47:30,10.9000,9,2
2026-03-25,000001,13:47:33,10.9000,234,2
2026-03-25,000001,13:47:36,10.9100,54,1
2026-03-25,000001,13:47:39,10.9100,1,1
2026-03-25,000001,13:47:42,10.9100,32,1
2026-03-25,000001,13:47:45,10.9100,55,1
2026-03-25,000001,13:47:48,10.9000,16,2
2026-03-25,000001,13:47:51,10.9000,13,2
2026-03-25,000001,13:47:54,10.9000,36,2
2026-03-25,000001,13:47:57,10.9100,153,1
2026-03-25,000001,13:48:00,10.9000,12,2
2026-03-25,000001,13:48:03,10.9100,65,1
2026-03-25,000001,13:48:06,10.9000,32,2
2026-03-25,000001,13:48:09,10.9000,90,2
2026-03-25,000001,13:48:12,10.9100,1,1
2026-03-25,000001,13:48:15,10.9100,405,1
2026-03-25,000001,13:48:18,10.9000,5,2
2026-03-25,000001,13:48:21,10.9000,101,2
2026-03-25,000001,13:48:24,10.9000,100,2
2026-03-25,000001,13:48:30,10.9000,625,2
2026-03-25,000001,13:48:33,10.9100,34,1
2026-03-25,000001,13:48:36,10.9000,194,2
2026-03-25,000001,13:48:39,10.9100,12,1
2026-03-25,000001,13:48:42,10.9100,56,1
2026-03-25,000001,13:48:45,10.9000,28,2
2026-03-25,000001,13:48:51,10.9000,8,2
2026-03-25,000001,13:48:54,10.9000,48,2
2026-03-25,000001,13:48:57,10.9100,156,1
2026-03-25,000001,13:49:00,10.9100,27,1
2026-03-25,000001,13:49:03,10.9100,222,1
2026-03-25,000001,13:49:06,10.9000,60,2
2026-03-25,000001,13:49:09,10.9100,8,1
2026-03-25,000001,13:49:12,10.9100,129,1
2026-03-25,000001,13:49:15,10.9100,99,1
2026-03-25,000001,13:49:18,10.9100,402,1
2026-03-25,000001,13:49:21,10.9100,77,1
2026-03-25,000001,13:49:24,10.9100,458,1
2026-03-25,000001,13:49:27,10.9000,81,2
2026-03-25,000001,13:49:30,10.9000,540,2
2026-03-25,000001,13:49:33,10.9100,71,1
2026-03-25,000001,13:49:36,10.9100,161,1
2026-03-25,000001,13:49:39,10.9100,56,1
2026-03-25,000001,13:49:42,10.9000,82,2
2026-03-25,000001,13:49:45,10.9000,94,2
2026-03-25,000001,13:49:48,10.9000,116,2
2026-03-25,000001,13:49:51,10.9100,48,1
2026-03-25,000001,13:49:54,10.9000,215,2
2026-03-25,000001,13:49:57,10.9100,5,1
2026-03-25,000001,13:50:00,10.9100,26,1
2026-03-25,000001,13:50:03,10.9000,33,2
2026-03-25,000001,13:50:06,10.9100,49,1
2026-03-25,000001,13:50:09,10.9100,255,1
2026-03-25,000001,13:50:12,10.9000,38,2
2026-03-25,000001,13:50:15,10.9100,39,1
2026-03-25,000001,13:50:18,10.9000,102,2
2026-03-25,000001,13:50:21,10.9100,299,1
2026-03-25,000001,13:50:24,10.9000,13,2
2026-03-25,000001,13:50:27,10.9100,198,1
2026-03-25,000001,13:50:33,10.9100,322,1
2026-03-25,000001,13:50:36,10.9100,142,1
2026-03-25,000001,13:50:39,10.9100,147,1
2026-03-25,000001,13:50:42,10.9100,203,2
2026-03-25,000001,13:50:45,10.9200,370,1
2026-03-25,000001,13:50:48,10.9100,192,2
2026-03-25,000001,13:50:51,10.9100,7,2
2026-03-25,000001,13:50:54,10.9100,35,2
2026-03-25,000001,13:50:57,10.9100,252,2
2026-03-25,000001,13:51:00,10.9100,60,1
2026-03-25,000001,13:51:03,10.9100,29,1
2026-03-25,000001,13:51:06,10.9100,311,1
2026-03-25,000001,13:51:09,10.9100,53,1
2026-03-25,000001,13:51:12,10.9000,48,2
2026-03-25,000001,13:51:15,10.9000,38,2
2026-03-25,000001,13:51:18,10.9000,17,2
2026-03-25,000001,13:51:21,10.9100,169,1
2026-03-25,000001,13:51:27,10.9000,12,2
2026-03-25,000001,13:51:30,10.9100,43,1
2026-03-25,000001,13:51:36,10.9000,7,2
2026-03-25,000001,13:51:42,10.9100,56,1
2026-03-25,000001,13:51:48,10.9100,44,1
2026-03-25,000001,13:51:54,10.9100,212,1
2026-03-25,000001,13:51:57,10.9000,58,2
2026-03-25,000001,13:52:06,10.9000,92,2
2026-03-25,000001,13:52:09,10.9000,23,2
2026-03-25,000001,13:52:12,10.9000,14,2
2026-03-25,000001,13:52:15,10.9100,24,1
2026-03-25,000001,13:52:18,10.9100,41,1
2026-03-25,000001,13:52:21,10.9000,2,2
2026-03-25,000001,13:52:24,10.9100,155,1
2026-03-25,000001,13:52:27,10.9000,5,2
2026-03-25,000001,13:52:33,10.9000,1,2
2026-03-25,000001,13:52:36,10.9000,7,2
2026-03-25,000001,13:52:39,10.9000,25,2
2026-03-25,000001,13:52:42,10.9000,139,2
2026-03-25,000001,13:52:45,10.9100,33,1
2026-03-25,000001,13:52:48,10.9100,19,1
2026-03-25,000001,13:52:51,10.9100,59,1
2026-03-25,000001,13:52:54,10.9100,40,1
2026-03-25,000001,13:52:57,10.9100,194,1
2026-03-25,000001,13:53:00,10.9000,8,2
2026-03-25,000001,13:53:03,10.9100,30,1
2026-03-25,000001,13:53:06,10.9100,18,1
2026-03-25,000001,13:53:09,10.9000,10,2
2026-03-25,000001,13:53:12,10.9100,166,1
2026-03-25,000001,13:53:15,10.9000,48,2
2026-03-25,000001,13:53:21,10.9000,28,2
2026-03-25,000001,13:53:24,10.9000,12,2
2026-03-25,000001,13:53:27,10.9100,32,1
2026-03-25,000001,13:53:30,10.9000,24,2
2026-03-25,000001,13:53:33,10.9100,38,1
2026-03-25,000001,13:53:36,10.9100,233,1
2026-03-25,000001,13:53:42,10.9100,8,1
2026-03-25,000001,13:53:45,10.9000,107,2
2026-03-25,000001,13:53:48,10.9000,66,2
2026-03-25,000001,13:53:51,10.9000,199,2
2026-03-25,000001,13:53:54,10.9100,511,1
2026-03-25,000001,13:53:57,10.9100,36,1
2026-03-25,000001,13:54:00,10.9000,46,2
2026-03-25,000001,13:54:03,10.9100,53,1
2026-03-25,000001,13:54:06,10.9000,287,2
2026-03-25,000001,13:54:09,10.9000,1000,2
2026-03-25,000001,13:54:12,10.9000,1805,2
2026-03-25,000001,13:54:15,10.9000,32,1
2026-03-25,000001,13:54:18,10.9000,3,1
2026-03-25,000001,13:54:21,10.9000,469,1
2026-03-25,000001,13:54:24,10.9100,48,1
2026-03-25,000001,13:54:27,10.9000,140,2
2026-03-25,000001,13:54:30,10.9100,87,1
2026-03-25,000001,13:54:33,10.9000,64,2
2026-03-25,000001,13:54:36,10.9100,2,1
2026-03-25,000001,13:54:39,10.9000,10,2
2026-03-25,000001,13:54:42,10.9000,52,2
2026-03-25,000001,13:54:45,10.9000,16,2
2026-03-25,000001,13:54:51,10.9000,1,2
2026-03-25,000001,13:54:54,10.9100,3,1
2026-03-25,000001,13:54:57,10.9100,6,1
2026-03-25,000001,13:55:00,10.9100,3,1
2026-03-25,000001,13:55:03,10.9000,12,2
2026-03-25,000001,13:55:06,10.9000,33,2
2026-03-25,000001,13:55:09,10.9100,22,1
2026-03-25,000001,13:55:12,10.9000,8,2
2026-03-25,000001,13:55:18,10.9000,19,2
2026-03-25,000001,13:55:21,10.9100,440,1
2026-03-25,000001,13:55:24,10.9100,44,1
2026-03-25,000001,13:55:27,10.9000,7,2
2026-03-25,000001,13:55:30,10.9100,37,1
2026-03-25,000001,13:55:33,10.9000,27,2
2026-03-25,000001,13:55:42,10.9000,302,2
2026-03-25,000001,13:55:45,10.9000,23,2
2026-03-25,000001,13:55:48,10.9100,103,1
2026-03-25,000001,13:55:51,10.9000,28,2
2026-03-25,000001,13:55:57,10.9100,103,1
2026-03-25,000001,13:56:00,10.9000,17,2
2026-03-25,000001,13:56:03,10.9000,86,2
2026-03-25,000001,13:56:06,10.9100,13,1
2026-03-25,000001,13:56:09,10.9000,27,2
2026-03-25,000001,13:56:12,10.9000,258,2
2026-03-25,000001,13:56:15,10.9100,66,1
2026-03-25,000001,13:56:18,10.9000,531,2
2026-03-25,000001,13:56:21,10.9000,190,1
2026-03-25,000001,13:56:24,10.9000,28,1
2026-03-25,000001,13:56:27,10.9000,8,1
2026-03-25,000001,13:56:30,10.8900,14,2
2026-03-25,000001,13:56:33,10.8900,10,2
2026-03-25,000001,13:56:36,10.8900,108,2
2026-03-25,000001,13:56:39,10.9000,38,1
2026-03-25,000001,13:56:45,10.9000,23,1
2026-03-25,000001,13:56:51,10.9000,221,1
2026-03-25,000001,13:56:54,10.9000,3,1
2026-03-25,000001,13:56:57,10.9000,18,1
2026-03-25,000001,13:57:00,10.9000,2,1
2026-03-25,000001,13:57:03,10.9000,34,1
2026-03-25,000001,13:57:06,10.9000,32,1
2026-03-25,000001,13:57:09,10.9000,75,1
2026-03-25,000001,13:57:12,10.9000,92,1
2026-03-25,000001,13:57:18,10.8900,211,2
2026-03-25,000001,13:57:21,10.9000,25,1
2026-03-25,000001,13:57:24,10.9000,36,1
2026-03-25,000001,13:57:27,10.9000,859,1
2026-03-25,000001,13:57:30,10.9000,90,2
2026-03-25,000001,13:57:33,10.9000,79,2
2026-03-25,000001,13:57:36,10.8900,12,2
2026-03-25,000001,13:57:39,10.9000,35,1
2026-03-25,000001,13:57:42,10.9000,7,1
2026-03-25,000001,13:57:45,10.9000,3,2
2026-03-25,000001,13:57:48,10.8900,93,2
2026-03-25,000001,13:57:51,10.9000,229,1
2026-03-25,000001,13:57:54,10.8900,30,2
2026-03-25,000001,13:57:57,10.9000,62,1
2026-03-25,000001,13:58:00,10.9000,1,1
2026-03-25,000001,13:58:06,10.9000,1030,1
2026-03-25,000001,13:58:09,10.8900,7,2
2026-03-25,000001,13:58:12,10.8900,2629,2
2026-03-25,000001,13:58:15,10.8900,43,2
2026-03-25,000001,13:58:18,10.8900,112,2
2026-03-25,000001,13:58:21,10.8900,54,2
2026-03-25,000001,13:58:24,10.8900,53,2
2026-03-25,000001,13:58:27,10.8900,202,1
2026-03-25,000001,13:58:30,10.8900,25,1
2026-03-25,000001,13:58:33,10.9000,816,1
2026-03-25,000001,13:58:36,10.8900,132,4
2026-03-25,000001,13:58:39,10.9000,32,1
2026-03-25,000001,13:58:42,10.9000,57,1
2026-03-25,000001,13:58:45,10.8900,7,2
2026-03-25,000001,13:58:48,10.9000,2,1
2026-03-25,000001,13:58:54,10.8900,422,2
2026-03-25,000001,13:59:00,10.8900,25,2
2026-03-25,000001,13:59:03,10.8900,48,2
2026-03-25,000001,13:59:09,10.8900,24,2
2026-03-25,000001,13:59:12,10.8900,1,2
2026-03-25,000001,13:59:15,10.8900,61,2
2026-03-25,000001,13:59:18,10.8900,23,2
2026-03-25,000001,13:59:21,10.8900,25,2
2026-03-25,000001,13:59:24,10.8900,16,2
2026-03-25,000001,13:59:27,10.9000,134,1
2026-03-25,000001,13:59:33,10.8900,33,2
2026-03-25,000001,13:59:36,10.8900,584,2
2026-03-25,000001,13:59:39,10.8900,28,2
2026-03-25,000001,13:59:42,10.8900,4,2
2026-03-25,000001,13:59:45,10.8900,10,2
2026-03-25,000001,13:59:51,10.8900,22,2
2026-03-25,000001,13:59:54,10.8900,7,2
2026-03-25,000001,13:59:57,10.9000,6,1
2026-03-25,000001,14:00:00,10.8900,1,2
2026-03-25,000001,14:00:06,10.9000,5,1
2026-03-25,000001,14:00:09,10.8900,351,2
2026-03-25,000001,14:00:12,10.8900,1221,2
2026-03-25,000001,14:00:21,10.8900,8,2
2026-03-25,000001,14:00:24,10.8900,16,2
2026-03-25,000001,14:00:27,10.9000,2,1
2026-03-25,000001,14:00:36,10.9000,9,1
2026-03-25,000001,14:00:39,10.8900,235,2
2026-03-25,000001,14:00:42,10.8900,7,2
2026-03-25,000001,14:00:48,10.8900,14,2
2026-03-25,000001,14:00:51,10.9000,103,1
2026-03-25,000001,14:00:54,10.8900,55,2
2026-03-25,000001,14:00:57,10.8900,63,2
2026-03-25,000001,14:01:00,10.8900,4,2
2026-03-25,000001,14:01:03,10.8900,3,2
2026-03-25,000001,14:01:06,10.8900,9,2
2026-03-25,000001,14:01:09,10.9000,203,1
2026-03-25,000001,14:01:12,10.8900,29,2
2026-03-25,000001,14:01:15,10.8900,72,2
2026-03-25,000001,14:01:18,10.8900,35,2
2026-03-25,000001,14:01:21,10.8900,88,2
2026-03-25,000001,14:01:24,10.8900,16,2
2026-03-25,000001,14:01:30,10.8900,12,2
2026-03-25,000001,14:01:33,10.8900,70,2
2026-03-25,000001,14:01:39,10.9000,1,1
2026-03-25,000001,14:01:42,10.8900,6,2
2026-03-25,000001,14:01:45,10.8900,13,2
2026-03-25,000001,14:01:48,10.9000,151,1
2026-03-25,000001,14:01:54,10.8900,1,2
2026-03-25,000001,14:02:03,10.8900,26,2
2026-03-25,000001,14:02:06,10.8900,52,2
2026-03-25,000001,14:02:09,10.8900,42,2
2026-03-25,000001,14:02:12,10.8900,13,2
2026-03-25,000001,14:02:15,10.8900,1,2
2026-03-25,000001,14:02:18,10.8900,30,2
2026-03-25,000001,14:02:21,10.8900,34,2
2026-03-25,000001,14:02:24,10.8900,12,2
2026-03-25,000001,14:02:27,10.8900,15,2
2026-03-25,000001,14:02:30,10.9000,31,1
2026-03-25,000001,14:02:33,10.8900,701,2
2026-03-25,000001,14:02:36,10.8900,1014,2
2026-03-25,000001,14:02:39,10.8900,89,2
2026-03-25,000001,14:02:42,10.8900,47,1
2026-03-25,000001,14:02:45,10.8800,34,2
2026-03-25,000001,14:02:48,10.8900,3,1
2026-03-25,000001,14:02:51,10.8900,75,1
2026-03-25,000001,14:02:54,10.8900,42,1
2026-03-25,000001,14:02:57,10.8900,373,1
2026-03-25,000001,14:03:00,10.8900,46,2
2026-03-25,000001,14:03:06,10.8900,53,2
2026-03-25,000001,10:32:24,10.8500,3,2
2026-03-25,000001,10:32:27,10.8500,70,2
2026-03-25,000001,10:32:30,10.8600,7,1
2026-03-25,000001,10:32:33,10.8500,80,2
2026-03-25,000001,10:32:39,10.8500,16,2
2026-03-25,000001,10:32:42,10.8500,9,2
2026-03-25,000001,10:32:45,10.8500,15,2
2026-03-25,000001,10:32:51,10.8500,22,2
2026-03-25,000001,10:32:54,10.8600,12,1
2026-03-25,000001,10:32:57,10.8500,7,2
2026-03-25,000001,10:33:00,10.8600,24,1
2026-03-25,000001,10:33:03,10.8500,100,2
2026-03-25,000001,10:33:06,10.8500,2,2
2026-03-25,000001,10:33:12,10.8500,5,2
2026-03-25,000001,10:33:15,10.8600,21,1
2026-03-25,000001,10:33:18,10.8500,33,2
2026-03-25,000001,10:33:21,10.8500,103,2
2026-03-25,000001,10:33:24,10.8400,3049,2
2026-03-25,000001,10:33:27,10.8400,1,2
2026-03-25,000001,10:33:30,10.8400,9,2
2026-03-25,000001,10:33:33,10.8400,9,2
2026-03-25,000001,10:33:36,10.8400,16,2
2026-03-25,000001,10:33:42,10.8500,42,1
2026-03-25,000001,10:33:48,10.8400,23,2
2026-03-25,000001,10:33:51,10.8500,276,1
2026-03-25,000001,10:33:54,10.8400,76,2
2026-03-25,000001,10:33:57,10.8500,45,1
2026-03-25,000001,10:34:00,10.8500,351,1
2026-03-25,000001,10:34:03,10.8400,17,2
2026-03-25,000001,10:34:06,10.8500,36,1
2026-03-25,000001,10:34:09,10.8400,10,2
2026-03-25,000001,10:34:12,10.8500,61,1
2026-03-25,000001,10:34:15,10.8600,548,1
2026-03-25,000001,10:34:18,10.8600,15,1
2026-03-25,000001,10:34:24,10.8600,141,1
2026-03-25,000001,10:34:27,10.8500,68,2
2026-03-25,000001,10:34:30,10.8500,18,2
2026-03-25,000001,10:34:36,10.8600,15,1
2026-03-25,000001,10:34:42,10.8600,40,1
2026-03-25,000001,10:34:48,10.8500,1,2
2026-03-25,000001,10:34:51,10.8500,16,2
2026-03-25,000001,10:34:54,10.8600,1,1
2026-03-25,000001,10:35:00,10.8500,102,2
2026-03-25,000001,10:35:03,10.8500,23,2
2026-03-25,000001,10:35:06,10.8500,187,2
2026-03-25,000001,10:35:09,10.8500,69,2
2026-03-25,000001,10:35:12,10.8500,2,2
2026-03-25,000001,10:35:15,10.8500,55,2
2026-03-25,000001,10:35:18,10.8500,399,2
2026-03-25,000001,10:35:21,10.8500,33,1
2026-03-25,000001,10:35:24,10.8500,14,1
2026-03-25,000001,10:35:30,10.8500,54,1
2026-03-25,000001,10:35:33,10.8400,33,2
2026-03-25,000001,10:35:36,10.8500,10,1
2026-03-25,000001,10:35:39,10.8500,1,1
2026-03-25,000001,10:35:45,10.8500,54,1
2026-03-25,000001,10:35:51,10.8500,1,1
2026-03-25,000001,10:35:54,10.8500,1,1
2026-03-25,000001,10:35:57,10.8400,5,2
2026-03-25,000001,10:36:03,10.8500,1,1
2026-03-25,000001,10:36:06,10.8500,1,1
2026-03-25,000001,10:36:09,10.8500,7,1
2026-03-25,000001,10:36:15,10.8400,20,2
2026-03-25,000001,10:36:18,10.8500,17,1
2026-03-25,000001,10:36:21,10.8400,122,2
2026-03-25,000001,10:36:30,10.8500,12,1
2026-03-25,000001,10:36:33,10.8400,70,2
2026-03-25,000001,10:36:36,10.8500,27,1
2026-03-25,000001,10:36:39,10.8400,9,2
2026-03-25,000001,10:36:48,10.8400,39,2
2026-03-25,000001,10:36:51,10.8400,3,2
2026-03-25,000001,10:36:54,10.8500,1,1
2026-03-25,000001,10:36:57,10.8400,71,2
2026-03-25,000001,10:37:00,10.8500,12,1
2026-03-25,000001,10:37:03,10.8500,47,1
2026-03-25,000001,10:37:06,10.8400,4055,2
2026-03-25,000001,10:37:09,10.8500,141,1
2026-03-25,000001,10:37:12,10.8500,40,1
2026-03-25,000001,10:37:15,10.8400,68,2
2026-03-25,000001,10:37:18,10.8500,17,1
2026-03-25,000001,10:37:21,10.8500,19,1
2026-03-25,000001,10:37:30,10.8500,1,1
2026-03-25,000001,10:37:39,10.8400,16,2
2026-03-25,000001,10:37:42,10.8400,64,2
2026-03-25,000001,10:37:45,10.8500,26,1
2026-03-25,000001,10:37:48,10.8400,16,2
2026-03-25,000001,10:37:51,10.8400,15,2
2026-03-25,000001,10:37:54,10.8400,27,2
2026-03-25,000001,10:38:03,10.8400,128,2
2026-03-25,000001,10:38:06,10.8500,10,1
2026-03-25,000001,10:38:12,10.8500,23,1
2026-03-25,000001,10:38:15,10.8400,5,2
2026-03-25,000001,10:38:21,10.8500,53,1
2026-03-25,000001,10:38:24,10.8500,48,1
2026-03-25,000001,10:38:27,10.8500,1,1
2026-03-25,000001,10:38:30,10.8400,31,2
2026-03-25,000001,10:38:33,10.8500,6,1
2026-03-25,000001,10:38:36,10.8400,35,2
2026-03-25,000001,10:38:39,10.8500,10,1
2026-03-25,000001,10:38:42,10.8400,10,2
2026-03-25,000001,10:38:48,10.8500,1,1
2026-03-25,000001,10:38:51,10.8500,21,1
2026-03-25,000001,10:38:54,10.8400,10,2
2026-03-25,000001,10:38:57,10.8400,3,2
2026-03-25,000001,10:39:00,10.8400,2131,2
2026-03-25,000001,10:39:03,10.8400,73,2
2026-03-25,000001,10:39:06,10.8400,29,2
2026-03-25,000001,10:39:12,10.8500,394,1
2026-03-25,000001,10:39:15,10.8500,152,1
2026-03-25,000001,10:39:18,10.8500,1507,1
2026-03-25,000001,10:39:21,10.8500,20,2
2026-03-25,000001,10:39:27,10.8600,3,1
2026-03-25,000001,10:39:30,10.8600,9,1
2026-03-25,000001,10:39:33,10.8500,247,2
2026-03-25,000001,10:39:39,10.8600,17,1
2026-03-25,000001,10:39:42,10.8500,44,2
2026-03-25,000001,10:39:45,10.8500,4,2
2026-03-25,000001,10:39:48,10.8600,39,1
2026-03-25,000001,10:39:51,10.8500,55,2
2026-03-25,000001,10:39:54,10.8600,50,1
2026-03-25,000001,10:39:57,10.8500,16,2
2026-03-25,000001,10:40:00,10.8600,125,1
2026-03-25,000001,10:40:03,10.8500,20,2
2026-03-25,000001,10:40:09,10.8600,211,1
2026-03-25,000001,10:40:12,10.8500,20,2
2026-03-25,000001,10:40:15,10.8500,39,2
2026-03-25,000001,10:40:18,10.8500,4,2
2026-03-25,000001,10:40:21,10.8600,86,1
2026-03-25,000001,10:40:24,10.8600,5637,1
2026-03-25,000001,10:40:27,10.8600,412,1
2026-03-25,000001,10:40:30,10.8600,24,2
2026-03-25,000001,10:40:36,10.8600,357,2
2026-03-25,000001,10:40:39,10.8500,445,2
2026-03-25,000001,10:40:42,10.8500,63,2
2026-03-25,000001,10:40:45,10.8600,71,1
2026-03-25,000001,10:40:48,10.8500,16,2
2026-03-25,000001,10:40:51,10.8500,126,2
2026-03-25,000001,10:40:54,10.8500,83,2
2026-03-25,000001,10:40:57,10.8600,3,1
2026-03-25,000001,10:41:00,10.8600,82,1
2026-03-25,000001,10:41:03,10.8600,127,1
2026-03-25,000001,10:41:09,10.8500,16,2
2026-03-25,000001,10:41:12,10.8500,24,2
2026-03-25,000001,10:41:15,10.8600,3,1
2026-03-25,000001,10:41:21,10.8600,1,1
2026-03-25,000001,10:41:24,10.8500,28,2
2026-03-25,000001,10:41:27,10.8500,28,2
2026-03-25,000001,10:41:30,10.8600,8,1
2026-03-25,000001,10:41:33,10.8600,2,1
2026-03-25,000001,10:41:42,10.8600,46,1
2026-03-25,000001,10:41:45,10.8500,28,2
2026-03-25,000001,10:41:48,10.8600,65,1
2026-03-25,000001,10:41:51,10.8600,28,1
2026-03-25,000001,10:41:54,10.8500,28,2
2026-03-25,000001,10:41:57,10.8500,1,2
2026-03-25,000001,10:42:00,10.8600,107,1
2026-03-25,000001,10:42:03,10.8500,20,2
2026-03-25,000001,10:42:06,10.8600,2,1
2026-03-25,000001,10:42:12,10.8600,2,1
2026-03-25,000001,10:42:21,10.8500,28,2
2026-03-25,000001,10:42:24,10.8500,108,2
2026-03-25,000001,10:42:27,10.8500,402,2
2026-03-25,000001,10:42:30,10.8500,31,2
2026-03-25,000001,10:42:33,10.8500,14,2
2026-03-25,000001,10:42:36,10.8600,54,1
2026-03-25,000001,10:42:39,10.8600,65,1
2026-03-25,000001,10:42:42,10.8500,7,2
2026-03-25,000001,10:42:45,10.8500,1,2
2026-03-25,000001,10:42:48,10.8500,196,2
2026-03-25,000001,10:42:51,10.8600,10,1
2026-03-25,000001,10:42:54,10.8500,16,2
2026-03-25,000001,10:42:57,10.8600,152,1
2026-03-25,000001,10:43:00,10.8600,22,1
2026-03-25,000001,10:43:03,10.8600,107,1
2026-03-25,000001,10:43:06,10.8500,72,2
2026-03-25,000001,10:43:09,10.8600,314,1
2026-03-25,000001,10:43:12,10.8500,35,2
2026-03-25,000001,10:43:15,10.8600,63,1
2026-03-25,000001,10:43:18,10.8500,77,2
2026-03-25,000001,10:43:21,10.8600,10,1
2026-03-25,000001,10:43:24,10.8500,6,2
2026-03-25,000001,10:43:27,10.8600,51,1
2026-03-25,000001,10:43:30,10.8600,809,1
2026-03-25,000001,10:43:33,10.8600,300,2
2026-03-25,000001,10:43:36,10.8600,5,1
2026-03-25,000001,10:43:39,10.8600,36,1
2026-03-25,000001,10:43:42,10.8600,5,1
2026-03-25,000001,10:43:45,10.8600,36,1
2026-03-25,000001,10:43:48,10.8600,135,1
2026-03-25,000001,10:43:51,10.8600,92,1
2026-03-25,000001,10:43:54,10.8600,282,2
2026-03-25,000001,10:43:57,10.8600,1,1
2026-03-25,000001,10:44:00,10.8600,40,1
2026-03-25,000001,10:44:03,10.8500,82,2
2026-03-25,000001,10:44:06,10.8600,61,1
2026-03-25,000001,10:44:12,10.8500,39,2
2026-03-25,000001,10:44:15,10.8600,8,1
2026-03-25,000001,10:44:18,10.8600,68,1
2026-03-25,000001,10:44:21,10.8600,16,1
2026-03-25,000001,10:44:24,10.8500,12,2
2026-03-25,000001,10:44:27,10.8500,20,2
2026-03-25,000001,10:44:30,10.8500,94,2
2026-03-25,000001,10:44:36,10.8600,84,1
2026-03-25,000001,10:44:39,10.8600,17,1
2026-03-25,000001,10:44:42,10.8600,118,1
2026-03-25,000001,10:44:45,10.8600,40,2
2026-03-25,000001,10:44:48,10.8700,1,1
2026-03-25,000001,10:44:51,10.8600,100,2
2026-03-25,000001,10:44:54,10.8600,44,1
2026-03-25,000001,10:44:57,10.8600,2,1
2026-03-25,000001,10:45:00,10.8600,43,1
2026-03-25,000001,10:45:03,10.8600,19,1
2026-03-25,000001,10:45:09,10.8600,23,1
2026-03-25,000001,10:45:12,10.8600,14,1
2026-03-25,000001,10:45:15,10.8600,1,1
2026-03-25,000001,10:45:18,10.8600,15,1
2026-03-25,000001,10:45:21,10.8600,130,1
2026-03-25,000001,10:45:27,10.8500,56,2
2026-03-25,000001,10:45:30,10.8600,20,1
2026-03-25,000001,10:45:33,10.8500,50,2
2026-03-25,000001,10:45:39,10.8600,53,1
2026-03-25,000001,10:45:42,10.8500,36,2
2026-03-25,000001,10:45:45,10.8600,422,1
2026-03-25,000001,10:45:48,10.8600,205,2
2026-03-25,000001,10:45:51,10.8600,103,2
2026-03-25,000001,10:45:54,10.8600,189,2
2026-03-25,000001,10:45:57,10.8600,52,2
2026-03-25,000001,10:46:00,10.8600,39,2
2026-03-25,000001,10:46:03,10.8700,69,1
2026-03-25,000001,10:46:06,10.8600,20,2
2026-03-25,000001,10:46:09,10.8600,29,2
2026-03-25,000001,10:46:12,10.8700,5,1
2026-03-25,000001,10:46:15,10.8700,1,1
2026-03-25,000001,10:46:18,10.8700,49,1
2026-03-25,000001,10:46:21,10.8600,4,2
2026-03-25,000001,10:46:24,10.8600,1,2
2026-03-25,000001,10:46:27,10.8700,16,1
2026-03-25,000001,10:46:30,10.8700,1,1
2026-03-25,000001,10:46:39,10.8600,89,2
2026-03-25,000001,10:46:42,10.8700,27,1
2026-03-25,000001,10:46:45,10.8700,70,1
2026-03-25,000001,10:46:48,10.8600,10,2
2026-03-25,000001,10:46:54,10.8600,16,2
2026-03-25,000001,10:46:57,10.8600,16,2
2026-03-25,000001,10:47:00,10.8600,16,2
2026-03-25,000001,10:47:03,10.8700,124,1
2026-03-25,000001,10:47:06,10.8600,25,2
2026-03-25,000001,10:47:09,10.8700,6,1
2026-03-25,000001,10:47:12,10.8600,13,2
2026-03-25,000001,10:47:15,10.8600,16,2
2026-03-25,000001,10:47:18,10.8700,14,1
2026-03-25,000001,10:47:21,10.8600,1538,2
2026-03-25,000001,10:47:24,10.8700,109,1
2026-03-25,000001,10:47:27,10.8600,68,2
2026-03-25,000001,10:47:30,10.8700,23,1
2026-03-25,000001,10:47:33,10.8700,3,1
2026-03-25,000001,10:47:39,10.8700,986,1
2026-03-25,000001,10:47:42,10.8700,195,1
2026-03-25,000001,10:47:45,10.8600,54,2
2026-03-25,000001,10:47:48,10.8700,3,1
2026-03-25,000001,10:47:51,10.8700,53,1
2026-03-25,000001,10:47:54,10.8600,659,2
2026-03-25,000001,10:47:57,10.8700,24,1
2026-03-25,000001,10:48:03,10.8700,12,1
2026-03-25,000001,10:48:06,10.8700,9,1
2026-03-25,000001,10:48:15,10.8700,1,1
2026-03-25,000001,10:48:18,10.8700,37,1
2026-03-25,000001,10:48:21,10.8600,4,2
2026-03-25,000001,10:48:24,10.8700,56,1
2026-03-25,000001,10:48:27,10.8700,2,1
2026-03-25,000001,10:48:30,10.8700,37,1
2026-03-25,000001,10:48:33,10.8700,95,1
2026-03-25,000001,10:48:36,10.8700,43,1
2026-03-25,000001,10:48:39,10.8600,16,2
2026-03-25,000001,10:48:45,10.8700,48,1
2026-03-25,000001,10:48:48,10.8600,11,2
2026-03-25,000001,10:48:51,10.8700,53,1
2026-03-25,000001,10:48:57,10.8600,40,2
2026-03-25,000001,10:49:03,10.8700,2,1
2026-03-25,000001,10:49:06,10.8600,2,2
2026-03-25,000001,10:49:12,10.8600,5,2
2026-03-25,000001,10:49:15,10.8600,1360,2
2026-03-25,000001,10:49:18,10.8500,1608,2
2026-03-25,000001,10:49:21,10.8500,115,2
2026-03-25,000001,10:49:24,10.8500,59,2
2026-03-25,000001,10:49:27,10.8500,18,2
2026-03-25,000001,10:49:30,10.8600,16,1
2026-03-25,000001,10:49:33,10.8600,10,1
2026-03-25,000001,10:49:36,10.8500,60,2
2026-03-25,000001,10:49:39,10.8500,31,2
2026-03-25,000001,10:49:42,10.8600,203,1
2026-03-25,000001,10:49:48,10.8600,20,1
2026-03-25,000001,10:49:54,10.8600,32,1
2026-03-25,000001,10:49:57,10.8600,27,1
2026-03-25,000001,10:50:00,10.8600,27,1
2026-03-25,000001,10:50:03,10.8500,22,2
2026-03-25,000001,10:50:06,10.8600,4,1
2026-03-25,000001,10:50:09,10.8600,268,1
2026-03-25,000001,10:50:12,10.8600,1,1
2026-03-25,000001,10:50:15,10.8500,30,2
2026-03-25,000001,10:50:18,10.8600,20,1
2026-03-25,000001,10:50:21,10.8600,114,1
2026-03-25,000001,10:50:24,10.8600,47,1
2026-03-25,000001,10:50:27,10.8600,34,2
2026-03-25,000001,10:50:30,10.8600,7,2
2026-03-25,000001,10:50:33,10.8600,10,2
2026-03-25,000001,10:50:36,10.8700,14,1
2026-03-25,000001,10:50:45,10.8600,58,2
2026-03-25,000001,10:50:48,10.8600,53,2
2026-03-25,000001,10:50:51,10.8600,42,2
2026-03-25,000001,10:50:54,10.8600,21,2
2026-03-25,000001,10:50:57,10.8600,2,1
2026-03-25,000001,10:51:03,10.8600,30,1
2026-03-25,000001,10:51:06,10.8500,16,2
2026-03-25,000001,10:51:15,10.8600,100,1
2026-03-25,000001,10:51:18,10.8500,12,2
2026-03-25,000001,10:51:21,10.8500,12,2
2026-03-25,000001,10:51:24,10.8600,18,1
2026-03-25,000001,10:51:27,10.8600,10,1
2026-03-25,000001,10:51:30,10.8600,7,1
2026-03-25,000001,10:51:33,10.8500,79,2
2026-03-25,000001,10:51:45,10.8500,29,2
2026-03-25,000001,10:51:51,10.8600,52,1
2026-03-25,000001,10:51:54,10.8500,44,2
2026-03-25,000001,10:52:00,10.8500,10,2
2026-03-25,000001,10:52:03,10.8600,15,1
2026-03-25,000001,10:52:09,10.8600,2,1
2026-03-25,000001,10:52:12,10.8600,85,1
2026-03-25,000001,10:52:15,10.8500,16,2
2026-03-25,000001,10:52:18,10.8600,8,1
2026-03-25,000001,10:52:21,10.8500,5,2
2026-03-25,000001,10:52:24,10.8600,17,1
2026-03-25,000001,10:52:33,10.8600,105,1
2026-03-25,000001,10:52:36,10.8600,10,1
2026-03-25,000001,10:52:39,10.8500,12,2
2026-03-25,000001,10:52:42,10.8500,22,2
2026-03-25,000001,10:52:45,10.8600,63,1
2026-03-25,000001,10:52:48,10.8500,67,2
2026-03-25,000001,10:52:51,10.8600,62,1
2026-03-25,000001,10:52:54,10.8500,16,2
2026-03-25,000001,10:53:03,10.8500,11,2
2026-03-25,000001,10:53:12,10.8600,16,1
2026-03-25,000001,10:53:15,10.8600,52,1
2026-03-25,000001,10:53:18,10.8600,1194,1
2026-03-25,000001,10:53:21,10.8600,5,2
2026-03-25,000001,10:53:27,10.8600,29,2
2026-03-25,000001,10:53:30,10.8600,9,2
2026-03-25,000001,10:53:33,10.8700,6,1
2026-03-25,000001,10:53:36,10.8600,11,2
2026-03-25,000001,10:53:39,10.8600,165,2
2026-03-25,000001,10:53:42,10.8600,3,1
2026-03-25,000001,10:53:45,10.8600,3,1
2026-03-25,000001,10:53:48,10.8600,17,1
2026-03-25,000001,10:53:51,10.8600,10,1
2026-03-25,000001,10:53:54,10.8600,143,1
2026-03-25,000001,10:54:00,10.8600,139,1
2026-03-25,000001,10:54:03,10.8600,21,1
2026-03-25,000001,10:54:06,10.8600,80,1
2026-03-25,000001,10:54:09,10.8600,314,1
2026-03-25,000001,10:54:12,10.8600,40,1
2026-03-25,000001,10:54:15,10.8600,194,1
2026-03-25,000001,10:54:18,10.8600,71,1
2026-03-25,000001,10:54:21,10.8600,80,1
2026-03-25,000001,10:54:24,10.8600,21,1
2026-03-25,000001,10:54:27,10.8600,20,1
2026-03-25,000001,10:54:30,10.8600,69,1
2026-03-25,000001,10:54:33,10.8600,29,2
2026-03-25,000001,10:54:36,10.8700,2,1
2026-03-25,000001,10:54:42,10.8700,15,1
2026-03-25,000001,10:54:45,10.8700,86,1
2026-03-25,000001,10:54:51,10.8700,36,1
2026-03-25,000001,10:54:57,10.8600,36,2
2026-03-25,000001,10:55:06,10.8600,26,2
2026-03-25,000001,10:55:09,10.8700,131,1
2026-03-25,000001,10:55:21,10.8700,2,1
2026-03-25,000001,10:55:24,10.8600,16,2
2026-03-25,000001,10:55:27,10.8600,12,2
2026-03-25,000001,10:55:30,10.8700,37,1
2026-03-25,000001,10:55:33,10.8700,20,1
2026-03-25,000001,10:55:36,10.8700,140,1
2026-03-25,000001,10:55:39,10.8700,50,1
2026-03-25,000001,10:55:42,10.8700,12,1
2026-03-25,000001,10:55:45,10.8600,186,2
2026-03-25,000001,10:55:48,10.8600,10,2
2026-03-25,000001,10:55:51,10.8600,18,2
2026-03-25,000001,10:56:09,10.8600,1,2
2026-03-25,000001,10:56:12,10.8600,85,2
2026-03-25,000001,10:56:18,10.8700,29,1
2026-03-25,000001,10:56:24,10.8700,3,1
2026-03-25,000001,10:56:27,10.8600,38,2
2026-03-25,000001,10:56:30,10.8600,6,2
2026-03-25,000001,10:56:33,10.8700,1,1
2026-03-25,000001,10:56:36,10.8600,78,2
2026-03-25,000001,10:56:42,10.8700,4,1
2026-03-25,000001,10:56:54,10.8700,15,1
2026-03-25,000001,10:56:57,10.8700,21,1
2026-03-25,000001,10:57:00,10.8700,4,1
2026-03-25,000001,10:57:03,10.8700,94,1
2026-03-25,000001,10:57:06,10.8700,6,1
2026-03-25,000001,10:57:09,10.8600,12,2
2026-03-25,000001,10:57:18,10.8600,58,2
2026-03-25,000001,10:57:21,10.8600,137,2
2026-03-25,000001,10:57:24,10.8600,37,2
2026-03-25,000001,10:57:27,10.8600,807,2
2026-03-25,000001,10:57:30,10.8600,444,1
2026-03-25,000001,10:57:36,10.8600,6,1
2026-03-25,000001,10:57:39,10.8600,441,1
2026-03-25,000001,10:57:42,10.8600,36,1
2026-03-25,000001,10:57:45,10.8600,100,1
2026-03-25,000001,10:57:48,10.8500,15,2
2026-03-25,000001,10:57:51,10.8600,50,1
2026-03-25,000001,10:57:54,10.8600,14,1
2026-03-25,000001,10:57:57,10.8500,19,2
2026-03-25,000001,10:58:00,10.8600,10,1
2026-03-25,000001,10:58:03,10.8600,22,1
2026-03-25,000001,10:58:06,10.8600,12,1
2026-03-25,000001,10:58:12,10.8500,7,2
2026-03-25,000001,10:58:15,10.8600,10,1
2026-03-25,000001,10:58:18,10.8600,60,1
2026-03-25,000001,10:58:21,10.8500,3,2
2026-03-25,000001,10:58:24,10.8500,83,2
2026-03-25,000001,10:58:27,10.8500,29,2
2026-03-25,000001,10:58:30,10.8600,13,1
2026-03-25,000001,10:58:33,10.8500,50,2
2026-03-25,000001,10:58:36,10.8600,2,1
2026-03-25,000001,10:58:39,10.8500,8,2
2026-03-25,000001,10:58:42,10.8500,7,2
2026-03-25,000001,10:58:51,10.8600,3,1
2026-03-25,000001,10:58:54,10.8600,12,1
2026-03-25,000001,10:58:57,10.8600,29,1
2026-03-25,000001,10:59:00,10.8600,16,1
2026-03-25,000001,10:59:03,10.8600,216,1
2026-03-25,000001,10:59:06,10.8500,66,2
2026-03-25,000001,10:59:09,10.8500,19,2
2026-03-25,000001,10:59:15,10.8500,86,2
2026-03-25,000001,10:59:21,10.8500,35,2
2026-03-25,000001,10:59:24,10.8600,27,1
2026-03-25,000001,10:59:27,10.8600,97,1
2026-03-25,000001,10:59:30,10.8500,20,2
2026-03-25,000001,10:59:33,10.8600,23,1
2026-03-25,000001,10:59:36,10.8600,36,1
2026-03-25,000001,10:59:39,10.8600,78,1
2026-03-25,000001,10:59:48,10.8500,28,2
2026-03-25,000001,10:59:51,10.8600,70,1
2026-03-25,000001,10:59:54,10.8500,8,2
2026-03-25,000001,10:59:57,10.8600,1,1
2026-03-25,000001,11:00:03,10.8600,1,1
2026-03-25,000001,11:00:06,10.8600,20,1
2026-03-25,000001,11:00:09,10.8600,155,1
2026-03-25,000001,11:00:12,10.8600,9,1
2026-03-25,000001,11:00:15,10.8600,16,1
2026-03-25,000001,11:00:18,10.8600,31,1
2026-03-25,000001,11:00:21,10.8600,6,1
2026-03-25,000001,11:00:24,10.8600,9,1
2026-03-25,000001,11:00:27,10.8500,2,2
2026-03-25,000001,11:00:30,10.8600,7,1
2026-03-25,000001,11:00:33,10.8600,1570,1
2026-03-25,000001,11:00:36,10.8600,51,2
2026-03-25,000001,11:00:39,10.8700,44,1
2026-03-25,000001,11:00:45,10.8600,11,2
2026-03-25,000001,11:00:48,10.8600,11,2
2026-03-25,000001,11:00:54,10.8600,63,2
2026-03-25,000001,11:00:57,10.8600,20,2
2026-03-25,000001,11:01:03,10.8600,1,2
2026-03-25,000001,11:01:09,10.8700,467,1
2026-03-25,000001,11:01:12,10.8600,47,2
2026-03-25,000001,11:01:15,10.8700,6,1
2026-03-25,000001,11:01:18,10.8700,157,1
2026-03-25,000001,11:01:21,10.8600,1,2
2026-03-25,000001,11:01:24,10.8700,88,1
2026-03-25,000001,11:01:27,10.8600,168,2
2026-03-25,000001,11:01:30,10.8600,225,2
2026-03-25,000001,11:01:36,10.8700,65,1
2026-03-25,000001,11:01:39,10.8700,16,1
2026-03-25,000001,11:01:42,10.8700,28,1
2026-03-25,000001,11:01:45,10.8600,100,2
2026-03-25,000001,11:01:48,10.8700,41,1
2026-03-25,000001,11:01:51,10.8600,32,2
2026-03-25,000001,11:01:54,10.8700,30,1
2026-03-25,000001,11:01:57,10.8700,4,1
2026-03-25,000001,11:02:03,10.8700,6,1
2026-03-25,000001,11:02:06,10.8700,2,1
2026-03-25,000001,11:02:12,10.8600,17,2
2026-03-25,000001,11:02:15,10.8700,10,1
2026-03-25,000001,11:02:21,10.8700,1,1
2026-03-25,000001,11:02:24,10.8600,27,2
2026-03-25,000001,11:02:27,10.8700,920,1
2026-03-25,000001,11:02:30,10.8700,155,1
2026-03-25,000001,11:02:33,10.8700,69,1
2026-03-25,000001,11:02:36,10.8700,48,1
