date,code,time,price,volume,bs
2026-02-03,601318,14:07:07,66.3200,45,1
2026-02-03,601318,14:07:10,66.3400,58,1
2026-02-03,601318,14:07:13,66.3300,57,2
2026-02-03,601318,14:07:16,66.3500,34,1
2026-02-03,601318,14:07:19,66.3300,8,2
2026-02-03,601318,14:07:22,66.3500,34,1
2026-02-03,601318,14:07:25,66.3700,121,1
2026-02-03,601318,14:07:28,66.3600,53,2
2026-02-03,601318,14:07:31,66.3700,31,2
2026-02-03,601318,14:07:34,66.3900,23,1
2026-02-03,601318,14:07:37,66.3800,82,2
2026-02-03,601318,14:07:40,66.3800,31,2
2026-02-03,601318,14:07:43,66.3900,23,1
2026-02-03,601318,14:07:46,66.3700,43,2
2026-02-03,601318,14:07:49,66.3900,58,1
2026-02-03,601318,14:07:52,66.3900,29,2
2026-02-03,601318,14:07:55,66.3800,73,2
2026-02-03,601318,14:07:58,66.3700,32,2
2026-02-03,601318,14:08:01,66.3700,13,2
2026-02-03,601318,14:08:04,66.3700,35,2
2026-02-03,601318,14:08:07,66.3900,46,1
2026-02-03,601318,14:08:10,66.3800,25,4
2026-02-03,601318,14:08:13,66.3800,176,2
2026-02-03,601318,14:08:16,66.3800,152,1
2026-02-03,601318,14:08:19,66.3800,49,4
2026-02-03,601318,14:08:22,66.3700,50,2
2026-02-03,601318,14:08:25,66.3600,36,2
2026-02-03,601318,14:08:28,66.3700,20,1
2026-02-03,601318,14:08:31,66.3600,43,2
2026-02-03,601318,14:08:34,66.3700,50,1
2026-02-03,601318,14:08:37,66.3700,159,1
2026-02-03,601318,14:08:40,66.3900,33,1
2026-02-03,601318,14:08:43,66.3700,70,2
2026-02-03,601318,14:08:46,66.3700,25,2
2026-02-03,601318,14:08:49,66.3800,26,4
2026-02-03,601318,14:08:52,66.3900,29,1
2026-02-03,601318,14:08:55,66.3800,48,2
2026-02-03,601318,14:08:58,66.4100,133,1
2026-02-03,601318,14:09:01,66.3900,44,2
2026-02-03,601318,14:09:04,66.4000,81,4
2026-02-03,601318,14:09:07,66.3900,23,2
2026-02-03,601318,14:09:10,66.4000,46,4
2026-02-03,601318,14:09:13,66.4000,89,2
2026-02-03,601318,14:09:16,66.4100,34,1
2026-02-03,601318,14:09:19,66.4400,290,1
2026-02-03,601318,14:09:22,66.4400,156,1
2026-02-03,601318,14:09:25,66.4200,83,1
2026-02-03,601318,14:09:28,66.4100,44,1
2026-02-03,601318,14:09:31,66.4200,43,1
2026-02-03,601318,14:09:34,66.4000,153,2
2026-02-03,601318,14:09:37,66.3900,81,2
2026-02-03,601318,14:09:40,66.4100,79,1
2026-02-03,601318,14:09:43,66.3900,29,2
2026-02-03,601318,14:09:46,66.4100,32,1
2026-02-03,601318,14:09:49,66.4000,15,2
2026-02-03,601318,14:09:52,66.4000,122,1
2026-02-03,601318,14:09:55,66.4000,211,2
2026-02-03,601318,14:09:58,66.3900,89,2
2026-02-03,601318,14:10:01,66.3900,142,2
2026-02-03,601318,14:10:04,66.4000,71,1
2026-02-03,601318,14:10:07,66.4000,50,1
2026-02-03,601318,14:10:10,66.3800,215,2
2026-02-03,601318,14:10:13,66.3900,74,1
2026-02-03,601318,14:10:16,66.4000,102,1
2026-02-03,601318,14:10:19,66.4000,38,2
2026-02-03,601318,14:10:22,66.4000,31,2
2026-02-03,601318,14:10:25,66.4100,74,1
2026-02-03,601318,14:10:28,66.4000,37,2
2026-02-03,601318,14:10:31,66.4100,31,4
2026-02-03,601318,14:10:34,66.4100,84,1
2026-02-03,601318,14:10:37,66.4000,27,4
2026-02-03,601318,14:10:40,66.4000,39,2
2026-02-03,601318,14:10:43,66.3900,46,2
2026-02-03,601318,14:10:46,66.3900,46,2
2026-02-03,601318,14:10:49,66.4000,91,1
2026-02-03,601318,14:10:52,66.4200,34,1
2026-02-03,601318,14:10:55,66.4000,92,2
2026-02-03,601318,14:10:58,66.4200,25,1
2026-02-03,601318,14:11:01,66.4300,42,1
2026-02-03,601318,14:11:04,66.4200,46,2
2026-02-03,601318,14:11:07,66.4200,131,1
2026-02-03,601318,14:11:10,66.4200,118,1
2026-02-03,601318,14:11:13,66.4400,208,1
2026-02-03,601318,14:11:16,66.4400,113,1
2026-02-03,601318,14:11:19,66.4200,62,2
2026-02-03,601318,14:11:22,66.4400,41,1
2026-02-03,601318,14:11:25,66.4400,46,1
2026-02-03,601318,14:11:28,66.4300,144,4
2026-02-03,601318,14:11:31,66.4500,68,1
2026-02-03,601318,14:11:34,66.4200,22,2
2026-02-03,601318,14:11:37,66.4300,74,2
2026-02-03,601318,14:11:40,66.4500,23,4
2026-02-03,601318,14:11:43,66.4400,39,2
2026-02-03,601318,14:11:46,66.4600,50,1
2026-02-03,601318,14:11:49,66.4500,35,2
2026-02-03,601318,14:11:52,66.4500,61,2
2026-02-03,601318,14:11:55,66.4700,143,1
2026-02-03,601318,14:11:58,66.4600,37,1
2026-02-03,601318,14:12:01,66.4600,70,1
2026-02-03,601318,14:12:04,66.4600,320,2
2026-02-03,601318,14:12:07,66.4800,111,2
2026-02-03,601318,14:12:10,66.5100,289,1
2026-02-03,601318,14:12:13,66.5000,80,1
2026-02-03,601318,14:12:16,66.4700,68,2
2026-02-03,601318,14:12:19,66.4800,153,1
2026-02-03,601318,14:12:22,66.5000,41,1
2026-02-03,601318,14:12:25,66.5000,70,1
2026-02-03,601318,14:12:28,66.4700,31,2
2026-02-03,601318,14:12:31,66.4800,198,1
2026-02-03,601318,14:12:34,66.4700,168,2
2026-02-03,601318,14:12:37,66.4800,42,2
2026-02-03,601318,14:12:40,66.4600,314,2
2026-02-03,601318,14:12:43,66.4500,142,2
2026-02-03,601318,14:12:46,66.4800,50,1
2026-02-03,601318,14:12:49,66.4800,68,2
2026-02-03,601318,14:12:52,66.5000,160,1
2026-02-03,601318,14:12:55,66.5000,128,2
2026-02-03,601318,14:12:58,66.5100,60,1
2026-02-03,601318,14:13:01,66.5200,117,1
2026-02-03,601318,14:13:04,66.5200,105,2
2026-02-03,601318,14:13:07,66.5200,259,2
2026-02-03,601318,14:13:10,66.5100,170,2
2026-02-03,601318,14:13:13,66.5200,83,4
2026-02-03,601318,14:13:16,66.5100,56,2
2026-02-03,601318,14:13:19,66.5000,105,2
2026-02-03,601318,14:13:22,66.5000,67,2
2026-02-03,601318,14:13:25,66.5400,308,1
2026-02-03,601318,14:13:28,66.5000,138,2
2026-02-03,601318,14:13:31,66.4700,718,2
2026-02-03,601318,14:13:34,66.4800,230,1
2026-02-03,601318,14:13:37,66.4700,406,1
2026-02-03,601318,14:13:40,66.4700,121,1
2026-02-03,601318,14:13:43,66.4600,18,2
2026-02-03,601318,14:13:46,66.4600,56,2
2026-02-03,601318,14:13:49,66.4600,150,2
2026-02-03,601318,14:13:52,66.4600,41,2
2026-02-03,601318,14:13:55,66.4600,76,2
2026-02-03,601318,14:13:58,66.4600,155,2
2026-02-03,601318,14:14:01,66.4600,123,2
2026-02-03,601318,14:14:04,66.4700,62,1
2026-02-03,601318,14:14:07,66.4900,363,1
2026-02-03,601318,14:14:10,66.5000,200,1
2026-02-03,601318,14:14:13,66.5000,43,2
2026-02-03,601318,14:14:16,66.5000,102,2
2026-02-03,601318,14:14:19,66.5200,87,1
2026-02-03,601318,14:14:22,66.5400,83,1
2026-02-03,601318,14:14:25,66.5500,272,1
2026-02-03,601318,14:14:28,66.5500,105,1
2026-02-03,601318,14:14:31,66.5200,163,2
2026-02-03,601318,14:14:34,66.5500,161,1
2026-02-03,601318,14:14:37,66.5100,157,2
2026-02-03,601318,14:14:40,66.5100,35,2
2026-02-03,601318,14:14:43,66.5200,111,1
2026-02-03,601318,14:14:46,66.5500,41,1
2026-02-03,601318,14:14:49,66.5400,300,1
2026-02-03,601318,14:14:52,66.5100,130,1
2026-02-03,601318,14:14:55,66.5400,147,1
2026-02-03,601318,14:14:58,66.5200,141,1
2026-02-03,601318,14:15:01,66.5200,133,1
2026-02-03,601318,14:15:04,66.4900,509,2
2026-02-03,601318,14:15:07,66.4700,235,2
2026-02-03,601318,14:15:10,66.4600,136,2
2026-02-03,601318,14:15:13,66.5000,102,1
2026-02-03,601318,14:15:16,66.5000,58,1
2026-02-03,601318,14:15:19,66.4800,18,4
2026-02-03,601318,14:15:22,66.4900,59,1
2026-02-03,601318,14:15:25,66.4600,27,2
2026-02-03,601318,14:15:28,66.4800,27,1
2026-02-03,601318,14:15:31,66.5000,89,1
2026-02-03,601318,14:15:34,66.5200,99,1
2026-02-03,601318,14:15:37,66.5200,77,4
2026-02-03,601318,14:15:40,66.5000,50,2
2026-02-03,601318,14:15:43,66.5100,115,4
2026-02-03,601318,14:15:46,66.5100,86,1
2026-02-03,601318,14:15:49,66.5300,51,1
2026-02-03,601318,14:15:52,66.5300,133,2
2026-02-03,601318,14:15:55,66.5200,370,2
2026-02-03,601318,14:15:58,66.5100,499,2
2026-02-03,601318,14:16:01,66.4600,218,2
2026-02-03,601318,14:16:04,66.4500,161,2
2026-02-03,601318,14:16:07,66.4600,65,1
2026-02-03,601318,14:16:10,66.5300,183,1
2026-02-03,601318,14:16:13,66.4500,110,2
2026-02-03,601318,14:16:16,66.5000,57,1
2026-02-03,601318,14:16:19,66.5300,66,1
2026-02-03,601318,14:16:22,66.5000,253,2
2026-02-03,601318,14:16:25,66.5000,96,1
2026-02-03,601318,14:16:28,66.4700,41,2
2026-02-03,601318,14:16:31,66.4800,227,2
2026-02-03,601318,14:16:34,66.5400,271,1
2026-02-03,601318,14:16:37,66.4900,96,2
2026-02-03,601318,14:16:40,66.4900,44,2
2026-02-03,601318,14:16:43,66.4900,76,2
2026-02-03,601318,14:16:46,66.4900,60,2
2026-02-03,601318,14:16:49,66.4800,14,2
2026-02-03,601318,14:16:52,66.4900,15,1
2026-02-03,601318,14:16:55,66.4000,1186,2
2026-02-03,601318,14:16:58,66.4700,145,1
2026-02-03,601318,14:17:01,66.4100,226,2
2026-02-03,601318,14:17:04,66.4600,43,2
2026-02-03,601318,14:17:07,66.4600,26,1
2026-02-03,601318,14:17:10,66.3500,966,2
2026-02-03,601318,14:17:13,66.3700,114,2
2026-02-03,601318,14:17:16,66.4300,135,1
2026-02-03,601318,14:17:19,66.3900,57,2
2026-02-03,601318,14:17:22,66.4500,92,1
2026-02-03,601318,14:17:25,66.4500,202,1
2026-02-03,601318,14:17:28,66.4300,67,2
2026-02-03,601318,14:17:31,66.4100,30,2
2026-02-03,601318,14:17:34,66.3200,985,2
2026-02-03,601318,14:17:37,66.3700,247,2
2026-02-03,601318,14:17:40,66.3800,56,2
2026-02-03,601318,14:17:43,66.4000,48,1
2026-02-03,601318,14:17:46,66.4000,10,1
2026-02-03,601318,14:17:49,66.3700,49,2
2026-02-03,601318,14:17:52,66.4300,37,1
2026-02-03,601318,14:17:55,66.4300,37,2
2026-02-03,601318,14:17:58,66.4300,17,4
2026-02-03,601318,14:18:01,66.4400,37,1
2026-02-03,601318,14:18:04,66.4200,50,2
2026-02-03,601318,14:18:07,66.4100,39,2
2026-02-03,601318,14:18:10,66.4100,51,2
2026-02-03,601318,14:18:13,66.4300,88,1
2026-02-03,601318,14:18:16,66.4400,56,1
2026-02-03,601318,14:18:19,66.4400,19,1
2026-02-03,601318,14:18:22,66.4400,20,4
2026-02-03,601318,14:18:25,66.4400,85,2
2026-02-03,601318,14:18:28,66.4600,66,1
2026-02-03,601318,14:18:31,66.4300,25,2
2026-02-03,601318,14:18:34,66.4300,108,2
2026-02-03,601318,14:18:37,66.4500,101,1
2026-02-03,601318,14:18:40,66.4400,77,2
2026-02-03,601318,14:18:43,66.4400,41,2
2026-02-03,601318,14:18:46,66.4300,159,2
2026-02-03,601318,14:18:49,66.4100,111,2
2026-02-03,601318,14:18:52,66.4400,78,1
2026-02-03,601318,14:18:55,66.4200,65,2
2026-02-03,601318,14:18:58,66.4500,83,1
2026-02-03,601318,14:19:01,66.4400,80,2
2026-02-03,601318,14:19:04,66.4300,48,2
2026-02-03,601318,14:19:07,66.4400,32,4
2026-02-03,601318,14:19:10,66.4500,67,1
2026-02-03,601318,14:19:13,66.4400,68,2
2026-02-03,601318,14:19:16,66.4500,46,1
2026-02-03,601318,14:19:19,66.4400,121,4
2026-02-03,601318,14:19:22,66.4600,70,1
2026-02-03,601318,14:19:25,66.4500,58,1
2026-02-03,601318,14:19:28,66.4400,40,2
2026-02-03,601318,14:19:31,66.4400,69,2
2026-02-03,601318,14:19:34,66.4300,53,2
2026-02-03,601318,14:19:37,66.4400,55,1
2026-02-03,601318,14:19:40,66.4500,57,1
2026-02-03,601318,14:19:43,66.4400,72,2
2026-02-03,601318,14:19:46,66.4400,59,2
2026-02-03,601318,14:19:49,66.4400,79,2
2026-02-03,601318,14:19:52,66.4600,64,1
2026-02-03,601318,14:19:55,66.4400,64,2
2026-02-03,601318,14:19:58,66.4300,45,2
2026-02-03,601318,14:20:01,66.4400,51,1
2026-02-03,601318,14:20:04,66.4500,99,1
2026-02-03,601318,14:20:07,66.4400,73,2
2026-02-03,601318,14:20:10,66.4500,86,1
2026-02-03,601318,14:20:13,66.4500,37,1
2026-02-03,601318,14:20:16,66.4500,67,1
2026-02-03,601318,14:20:19,66.4500,92,1
2026-02-03,601318,14:20:22,66.4500,43,4
2026-02-03,601318,14:20:25,66.4500,25,4
2026-02-03,601318,14:20:28,66.4500,443,1
2026-02-03,601318,14:20:31,66.4400,250,4
2026-02-03,601318,14:20:34,66.4500,96,1
2026-02-03,601318,14:20:37,66.4500,85,2
2026-02-03,601318,14:20:40,66.4600,57,1
2026-02-03,601318,14:20:43,66.4600,98,1
2026-02-03,601318,14:20:46,66.4500,74,2
2026-02-03,601318,14:20:49,66.4400,76,2
2026-02-03,601318,14:20:52,66.4600,39,1
2026-02-03,601318,14:20:55,66.4700,128,1
2026-02-03,601318,14:20:58,66.5000,548,1
2026-02-03,601318,14:21:01,66.4500,162,2
2026-02-03,601318,14:21:04,66.4500,180,2
2026-02-03,601318,14:21:07,66.4700,76,1
2026-02-03,601318,14:21:10,66.4700,28,1
2026-02-03,601318,14:21:13,66.4800,43,1
2026-02-03,601318,14:21:16,66.4600,63,2
2026-02-03,601318,14:21:19,66.4800,148,1
2026-02-03,601318,14:21:22,66.4800,65,2
2026-02-03,601318,14:21:25,66.4600,56,2
2026-02-03,601318,14:21:28,66.4900,71,1
2026-02-03,601318,14:21:31,66.4800,26,1
2026-02-03,601318,14:21:34,66.4600,58,2
2026-02-03,601318,14:21:37,66.4800,59,1
2026-02-03,601318,14:21:40,66.5000,110,1
2026-02-03,601318,14:21:43,66.4600,18,1
2026-02-03,601318,14:21:46,66.4900,43,4
2026-02-03,601318,14:21:49,66.4700,28,1
2026-02-03,601318,14:21:52,66.4800,30,1
2026-02-03,601318,14:21:55,66.4700,17,1
2026-02-03,601318,14:21:58,66.4600,59,2
2026-02-03,601318,14:22:01,66.4700,36,4
2026-02-03,601318,14:22:04,66.4600,24,1
2026-02-03,601318,14:22:07,66.4500,104,2
2026-02-03,601318,14:22:10,66.4500,496,2
2026-02-03,601318,14:22:13,66.4800,82,1
2026-02-03,601318,14:22:16,66.4600,30,2
2026-02-03,601318,14:22:19,66.4800,123,1
2026-02-03,601318,14:22:22,66.4800,111,1
2026-02-03,601318,14:22:25,66.4800,79,1
2026-02-03,601318,14:22:28,66.4800,34,1
2026-02-03,601318,14:22:31,66.4800,26,1
2026-02-03,601318,14:22:34,66.4600,24,2
2026-02-03,601318,14:22:37,66.4700,15,4
2026-02-03,601318,14:22:40,66.4700,47,2
2026-02-03,601318,14:22:43,66.4800,70,1
2026-02-03,601318,14:22:46,66.4700,110,2
2026-02-03,601318,14:22:49,66.4700,65,2
2026-02-03,601318,14:22:52,66.4600,137,2
2026-02-03,601318,14:22:55,66.4600,94,2
2026-02-03,601318,14:22:58,66.4800,121,1
2026-02-03,601318,14:23:01,66.4500,49,2
2026-02-03,601318,14:23:04,66.4600,63,1
2026-02-03,601318,14:23:07,66.4500,35,2
2026-02-03,601318,14:23:10,66.4600,47,2
2026-02-03,601318,14:23:13,66.4600,53,1
2026-02-03,601318,14:23:16,66.4500,341,2
2026-02-03,601318,14:23:19,66.4600,122,1
2026-02-03,601318,14:23:22,66.4500,111,2
2026-02-03,601318,14:23:25,66.4600,53,1
2026-02-03,601318,14:23:28,66.4600,207,1
2026-02-03,601318,14:23:31,66.4500,86,2
2026-02-03,601318,14:23:34,66.4600,75,1
2026-02-03,601318,14:23:37,66.4600,38,1
2026-02-03,601318,14:23:40,66.4500,85,2
2026-02-03,601318,14:23:43,66.4500,495,2
2026-02-03,601318,14:23:46,66.4500,215,2
2026-02-03,601318,14:23:49,66.4500,72,1
2026-02-03,601318,14:23:52,66.4400,126,2
2026-02-03,601318,14:23:55,66.4400,41,2
2026-02-03,601318,14:23:58,66.4700,336,1
2026-02-03,601318,14:24:01,66.4600,241,2
2026-02-03,601318,14:24:04,66.4600,103,2
2026-02-03,601318,14:24:07,66.4800,36,1
2026-02-03,601318,14:24:10,66.4600,13,2
2026-02-03,601318,14:24:13,66.4900,79,1
2026-02-03,601318,14:24:16,66.4600,52,2
2026-02-03,601318,14:24:19,66.4800,22,1
2026-02-03,601318,14:24:22,66.4900,17,1
2026-02-03,601318,14:24:25,66.4800,66,1
2026-02-03,601318,14:24:28,66.4600,27,2
2026-02-03,601318,14:24:31,66.4600,13,2
2026-02-03,601318,14:24:34,66.4600,20,2
2026-02-03,601318,14:24:37,66.4600,197,2
2026-02-03,601318,14:24:40,66.4500,68,2
2026-02-03,601318,14:24:43,66.4500,36,2
2026-02-03,601318,14:24:46,66.4700,55,1
2026-02-03,601318,14:24:49,66.4500,77,2
2026-02-03,601318,14:24:52,66.4500,147,2
2026-02-03,601318,14:24:55,66.4500,206,2
2026-02-03,601318,14:24:58,66.4600,430,1
2026-02-03,601318,14:25:01,66.4300,403,2
2026-02-03,601318,14:25:04,66.4100,201,2
2026-02-03,601318,14:25:07,66.4100,105,2
2026-02-03,601318,14:25:10,66.4000,80,2
2026-02-03,601318,14:25:13,66.4100,94,4
2026-02-03,601318,14:25:16,66.4000,46,2
2026-02-03,601318,14:25:19,66.4300,40,1
2026-02-03,601318,14:25:22,66.4300,30,1
2026-02-03,601318,14:25:25,66.4100,130,2
2026-02-03,601318,14:25:28,66.4100,43,2
2026-02-03,601318,14:25:31,66.4100,9,2
2026-02-03,601318,14:25:34,66.4000,16,2
2026-02-03,601318,14:25:37,66.4000,14,2
2026-02-03,601318,14:25:40,66.4000,113,2
2026-02-03,601318,14:25:43,66.4000,79,2
2026-02-03,601318,14:25:46,66.4000,28,2
2026-02-03,601318,14:25:49,66.4000,81,2
2026-02-03,601318,14:25:52,66.4200,31,4
2026-02-03,601318,14:25:55,66.4000,40,2
2026-02-03,601318,14:25:58,66.4100,73,1
2026-02-03,601318,14:26:01,66.4100,48,1
2026-02-03,601318,14:26:04,66.4000,193,2
2026-02-03,601318,14:26:07,66.3900,72,2
2026-02-03,601318,14:26:10,66.4100,59,1
2026-02-03,601318,14:26:13,66.4200,218,1
2026-02-03,601318,14:26:16,66.4300,160,2
2026-02-03,601318,14:26:19,66.4400,45,4
2026-02-03,601318,14:26:22,66.4600,57,1
2026-02-03,601318,14:26:25,66.4400,57,2
2026-02-03,601318,14:26:28,66.4400,44,2
2026-02-03,601318,14:26:31,66.4400,19,2
2026-02-03,601318,14:26:34,66.4300,62,2
2026-02-03,601318,14:26:37,66.4600,172,1
2026-02-03,601318,14:26:40,66.4600,45,2
2026-02-03,601318,14:26:43,66.4600,41,1
2026-02-03,601318,14:26:46,66.4500,133,2
2026-02-03,601318,14:26:49,66.4600,80,4
2026-02-03,601318,14:26:52,66.4400,141,2
2026-02-03,601318,14:26:55,66.4900,168,1
2026-02-03,601318,14:26:58,66.4600,110,1
2026-02-03,601318,14:27:01,66.4900,120,1
2026-02-03,601318,14:27:04,66.4700,138,1
2026-02-03,601318,14:27:07,66.4700,107,2
2026-02-03,601318,14:27:10,66.4700,122,2
2026-02-03,601318,14:27:13,66.4700,68,2
2026-02-03,601318,14:27:16,66.4700,74,1
2026-02-03,601318,14:27:19,66.4900,242,1
2026-02-03,601318,14:27:22,66.4900,358,2
2026-02-03,601318,14:27:25,66.4700,236,2
2026-02-03,601318,14:27:28,66.4800,236,4
2026-02-03,601318,14:27:31,66.4400,69,2
2026-02-03,601318,14:27:34,66.4400,59,2
2026-02-03,601318,14:27:37,66.4700,93,1
2026-02-03,601318,14:27:40,66.4700,30,1
2026-02-03,601318,14:27:43,66.4700,16,2
2026-02-03,601318,14:27:46,66.4800,652,1
2026-02-03,601318,14:27:49,66.4700,246,2
2026-02-03,601318,14:27:52,66.5000,177,1
2026-02-03,601318,14:27:55,66.4800,59,2
2026-02-03,601318,14:27:58,66.4500,63,2
2026-02-03,601318,14:28:01,66.5000,57,1
2026-02-03,601318,14:28:04,66.4800,133,2
2026-02-03,601318,14:28:07,66.4900,75,1
2026-02-03,601318,14:28:10,66.5000,115,1
2026-02-03,601318,14:28:13,66.5100,188,1
2026-02-03,601318,14:28:16,66.4900,88,2
2026-02-03,601318,14:28:19,66.5000,63,2
2026-02-03,601318,14:28:22,66.5000,149,1
2026-02-03,601318,14:28:25,66.5100,164,1
2026-02-03,601318,14:28:28,66.5000,46,2
2026-02-03,601318,14:28:31,66.5000,88,2
2026-02-03,601318,14:28:34,66.4800,36,2
2026-02-03,601318,14:28:37,66.5100,115,1
2026-02-03,601318,14:28:40,66.5200,67,1
2026-02-03,601318,14:28:43,66.5000,63,2
2026-02-03,601318,14:28:46,66.5000,133,1
2026-02-03,601318,14:28:49,66.5000,56,2
2026-02-03,601318,14:28:52,66.5000,57,1
2026-02-03,601318,14:28:55,66.5000,29,1
2026-02-03,601318,14:28:58,66.5000,33,2
2026-02-03,601318,14:29:01,66.5100,46,1
2026-02-03,601318,14:29:04,66.5100,36,2
2026-02-03,601318,14:29:07,66.5200,117,1
2026-02-03,601318,14:29:10,66.5000,236,2
2026-02-03,601318,14:29:13,66.4900,502,2
2026-02-03,601318,14:29:16,66.4800,284,2
2026-02-03,601318,14:29:19,66.4800,66,1
2026-02-03,601318,14:29:22,66.4600,309,1
2026-02-03,601318,14:29:25,66.4400,437,2
2026-02-03,601318,14:29:28,66.4500,218,4
2026-02-03,601318,14:29:31,66.4300,118,2
2026-02-03,601318,14:29:34,66.4400,62,1
2026-02-03,601318,14:29:37,66.4400,75,2
2026-02-03,601318,14:29:40,66.4400,19,2
2026-02-03,601318,14:29:43,66.4500,50,1
2026-02-03,601318,14:29:46,66.4500,163,1
2026-02-03,601318,14:29:49,66.4400,99,2
2026-02-03,601318,14:29:52,66.4500,75,1
2026-02-03,601318,14:29:55,66.4500,53,2
2026-02-03,601318,14:29:58,66.4500,41,2
2026-02-03,601318,14:30:01,66.4500,30,2
2026-02-03,601318,14:30:04,66.4700,42,1
2026-02-03,601318,14:30:07,66.4800,86,1
2026-02-03,601318,14:30:10,66.4800,80,2
2026-02-03,601318,14:30:13,66.4900,190,1
2026-02-03,601318,14:30:16,66.4900,177,1
2026-02-03,601318,14:30:19,66.5000,103,1
2026-02-03,601318,14:30:22,66.4900,227,2
2026-02-03,601318,14:30:25,66.4800,166,2
2026-02-03,601318,14:30:28,66.4800,75,2
2026-02-03,601318,14:30:31,66.4800,29,2
2026-02-03,601318,14:30:34,66.4900,74,1
2026-02-03,601318,14:30:37,66.4900,50,2
2026-02-03,601318,14:30:40,66.4800,111,2
2026-02-03,601318,14:30:43,66.5000,169,1
2026-02-03,601318,14:30:46,66.5000,56,2
2026-02-03,601318,14:30:49,66.5000,46,2
2026-02-03,601318,14:30:52,66.5200,62,1
2026-02-03,601318,14:30:55,66.5000,118,2
2026-02-03,601318,14:30:58,66.5000,155,2
2026-02-03,601318,14:31:01,66.5000,402,2
2026-02-03,601318,14:31:04,66.4800,412,2
2026-02-03,601318,14:31:07,66.4800,268,2
2026-02-03,601318,14:31:10,66.4600,171,2
2026-02-03,601318,14:31:13,66.4800,180,1
2026-02-03,601318,14:31:16,66.4700,163,4
2026-02-03,601318,14:31:19,66.4700,64,1
2026-02-03,601318,14:31:22,66.4600,269,2
2026-02-03,601318,14:31:25,66.4800,125,2
2026-02-03,601318,14:31:28,66.4900,72,4
2026-02-03,601318,14:31:31,66.4800,53,2
2026-02-03,601318,14:31:34,66.4800,120,2
2026-02-03,601318,14:31:37,66.4800,88,2
2026-02-03,601318,14:31:40,66.4800,33,2
2026-02-03,601318,14:31:43,66.4900,67,2
2026-02-03,601318,14:31:46,66.5000,72,1
2026-02-03,601318,14:31:49,66.4900,106,2
2026-02-03,601318,14:31:52,66.5000,37,4
2026-02-03,601318,14:31:55,66.5000,100,2
2026-02-03,601318,14:31:58,66.5100,149,1
2026-02-03,601318,14:32:01,66.5200,90,1
2026-02-03,601318,14:32:04,66.5000,61,2
2026-02-03,601318,14:32:07,66.5200,77,1
2026-02-03,601318,14:32:10,66.5200,234,1
2026-02-03,601318,14:32:13,66.5000,135,2
2026-02-03,601318,14:32:16,66.5200,139,1
2026-02-03,601318,14:32:19,66.5200,256,1
2026-02-03,601318,14:32:22,66.5200,141,1
2026-02-03,601318,14:32:25,66.5100,121,4
2026-02-03,601318,14:32:28,66.5000,72,2
2026-02-03,601318,14:32:31,66.5000,164,2
2026-02-03,601318,14:32:34,66.4900,160,2
2026-02-03,601318,14:32:37,66.5000,174,1
2026-02-03,601318,14:32:40,66.4800,74,2
2026-02-03,601318,14:32:43,66.4900,23,1
2026-02-03,601318,14:32:46,66.4900,35,2
2026-02-03,601318,14:32:49,66.5100,31,1
2026-02-03,601318,14:32:52,66.5100,255,2
2026-02-03,601318,14:32:55,66.5100,40,1
2026-02-03,601318,14:32:58,66.5100,20,1
2026-02-03,601318,14:33:01,66.5100,103,1
2026-02-03,601318,14:33:04,66.5400,429,1
2026-02-03,601318,14:33:07,66.5700,427,1
2026-02-03,601318,14:33:10,66.5500,25,2
2026-02-03,601318,14:33:13,66.5500,64,2
2026-02-03,601318,14:33:16,66.5500,71,2
2026-02-03,601318,14:33:19,66.5500,48,1
2026-02-03,601318,14:33:22,66.5400,136,2
2026-02-03,601318,14:33:25,66.5400,59,1
2026-02-03,601318,14:33:28,66.5400,101,1
2026-02-03,601318,14:33:31,66.5400,61,2
2026-02-03,601318,14:33:34,66.5300,77,2
2026-02-03,601318,14:33:37,66.5300,68,2
2026-02-03,601318,14:33:40,66.5300,283,2
2026-02-03,601318,14:33:43,66.5300,126,2
2026-02-03,601318,14:33:46,66.5200,83,2
2026-02-03,601318,14:33:49,66.5200,75,1
2026-02-03,601318,14:33:52,66.5100,83,2
2026-02-03,601318,14:33:55,66.5100,96,2
2026-02-03,601318,14:33:58,66.5100,55,2
2026-02-03,601318,14:34:01,66.5000,25,2
2026-02-03,601318,14:34:04,66.5000,84,2
2026-02-03,601318,14:34:07,66.5000,29,2
2026-02-03,601318,14:34:10,66.5100,350,1
2026-02-03,601318,14:34:13,66.5100,34,2
2026-02-03,601318,14:34:16,66.5300,236,1
2026-02-03,601318,14:34:19,66.5200,197,2
2026-02-03,601318,14:34:22,66.5200,60,2
2026-02-03,601318,14:34:25,66.5100,35,2
2026-02-03,601318,14:34:28,66.5100,49,2
2026-02-03,601318,14:34:31,66.5100,550,2
2026-02-03,601318,14:34:34,66.5100,84,2
2026-02-03,601318,14:34:37,66.5200,154,1
2026-02-03,601318,14:34:40,66.5300,268,2
2026-02-03,601318,14:34:43,66.5000,91,2
2026-02-03,601318,14:34:46,66.5500,187,1
2026-02-03,601318,14:34:49,66.5100,126,2
2026-02-03,601318,14:34:52,66.5400,185,1
2026-02-03,601318,14:34:55,66.5400,149,2
2026-02-03,601318,14:34:58,66.5700,250,1
2026-02-03,601318,14:35:01,66.5200,135,2
2026-02-03,601318,14:35:04,66.5200,137,2
2026-02-03,601318,14:35:07,66.5400,95,1
2026-02-03,601318,14:35:10,66.5200,79,2
2026-02-03,601318,14:35:13,66.5300,54,1
2026-02-03,601318,14:35:16,66.5200,17,2
2026-02-03,601318,14:35:19,66.5100,37,2
2026-02-03,601318,14:35:22,66.5300,14,1
2026-02-03,601318,14:35:25,66.5200,88,2
2026-02-03,601318,14:35:28,66.5100,55,2
2026-02-03,601318,14:35:31,66.5200,88,1
2026-02-03,601318,14:35:34,66.5100,84,2
2026-02-03,601318,14:35:37,66.5200,439,4
2026-02-03,601318,14:35:40,66.5000,239,2
2026-02-03,601318,14:35:43,66.4900,241,2
2026-02-03,601318,14:35:46,66.4900,141,2
2026-02-03,601318,14:35:49,66.4900,171,1
2026-02-03,601318,14:35:52,66.4900,104,1
2026-02-03,601318,14:35:55,66.5000,368,1
2026-02-03,601318,14:35:58,66.4900,155,2
2026-02-03,601318,14:36:01,66.4900,206,1
2026-02-03,601318,14:36:04,66.4800,84,2
2026-02-03,601318,14:36:07,66.4800,210,2
2026-02-03,601318,14:36:10,66.4900,172,4
2026-02-03,601318,14:36:13,66.4800,346,2
2026-02-03,601318,14:36:16,66.4900,154,4
2026-02-03,601318,14:36:19,66.4900,86,1
2026-02-03,601318,14:36:22,66.4900,177,1
2026-02-03,601318,14:36:25,66.4900,110,4
2026-02-03,601318,14:36:28,66.4800,46,2
2026-02-03,601318,14:36:31,66.4800,67,2
2026-02-03,601318,14:36:34,66.4900,131,2
2026-02-03,601318,14:36:37,66.5000,123,1
2026-02-03,601318,14:36:40,66.4900,88,2
2026-02-03,601318,14:36:43,66.4800,56,2
2026-02-03,601318,14:36:46,66.5000,98,1
2026-02-03,601318,14:36:49,66.4900,105,2
2026-02-03,601318,14:36:52,66.5000,124,1
2026-02-03,601318,14:36:55,66.4900,99,2
2026-02-03,601318,14:36:58,66.4500,1255,2
2026-02-03,601318,14:37:01,66.4300,462,2
2026-02-03,601318,14:37:04,66.4300,882,2
2026-02-03,601318,14:37:07,66.4300,499,1
2026-02-03,601318,14:37:10,66.4300,155,2
2026-02-03,601318,14:37:13,66.4300,125,2
2026-02-03,601318,14:37:16,66.4900,127,1
2026-02-03,601318,14:37:19,66.4900,112,1
2026-02-03,601318,14:37:22,66.5000,238,1
2026-02-03,601318,14:37:25,66.5000,162,2
2026-02-03,601318,14:37:28,66.5000,124,2
2026-02-03,601318,14:37:31,66.5000,281,2
2026-02-03,601318,14:37:34,66.4600,181,2
2026-02-03,601318,14:37:37,66.5000,170,1
2026-02-03,601318,14:37:40,66.4600,150,2
2026-02-03,601318,14:37:43,66.4600,52,2
2026-02-03,601318,14:37:46,66.4700,52,1
2026-02-03,601318,14:37:49,66.4600,67,2
2026-02-03,601318,14:37:52,66.4500,31,2
2026-02-03,601318,14:37:55,66.4500,240,2
2026-02-03,601318,14:37:58,66.4500,415,1
2026-02-03,601318,14:38:01,66.4400,234,4
2026-02-03,601318,14:38:04,66.4300,114,2
2026-02-03,601318,14:38:07,66.4400,68,1
2026-02-03,601318,14:38:10,66.4300,112,2
2026-02-03,601318,14:38:13,66.4200,126,2
2026-02-03,601318,14:38:16,66.4400,97,1
2026-02-03,601318,14:38:19,66.4600,109,1
2026-02-03,601318,14:38:22,66.4500,49,2
2026-02-03,601318,14:38:25,66.4700,150,1
2026-02-03,601318,14:38:28,66.4700,76,1
2026-02-03,601318,14:38:31,66.4700,63,4
2026-02-03,601318,14:38:34,66.4700,13,2
2026-02-03,601318,14:38:37,66.4700,65,1
2026-02-03,601318,14:38:40,66.4700,110,1
2026-02-03,601318,14:38:43,66.4700,106,2
2026-02-03,601318,14:38:46,66.4800,280,1
2026-02-03,601318,14:38:49,66.4600,259,2
2026-02-03,601318,14:38:52,66.4600,162,2
2026-02-03,601318,14:38:55,66.4900,78,1
2026-02-03,601318,14:38:58,66.4700,77,1
2026-02-03,601318,14:39:01,66.4600,115,2
2026-02-03,601318,14:39:04,66.4700,74,4
2026-02-03,601318,14:39:07,66.4800,62,1
2026-02-03,601318,14:39:10,66.4600,298,2
2026-02-03,601318,14:39:13,66.4800,393,1
2026-02-03,601318,14:39:16,66.5100,238,1
2026-02-03,601318,14:39:19,66.4800,98,2
2026-02-03,601318,14:39:22,66.5000,103,1
2026-02-03,601318,14:39:25,66.5000,354,2
2026-02-03,601318,14:39:28,66.4800,117,2
2026-02-03,601318,14:39:31,66.4900,69,1
2026-02-03,601318,14:39:34,66.5000,135,1
2026-02-03,601318,14:39:37,66.4900,63,2
2026-02-03,601318,14:39:40,66.4900,59,2
2026-02-03,601318,14:39:43,66.5000,138,1
2026-02-03,601318,14:39:46,66.5400,148,1
2026-02-03,601318,14:39:49,66.5100,139,2
2026-02-03,601318,14:39:52,66.5100,114,2
2026-02-03,601318,14:39:55,66.5300,85,1
2026-02-03,601318,14:39:58,66.5200,50,2
2026-02-03,601318,14:40:01,66.5100,69,2
2026-02-03,601318,14:40:04,66.5000,295,2
2026-02-03,601318,14:40:07,66.5000,254,2
2026-02-03,601318,14:40:10,66.5100,427,1
2026-02-03,601318,14:40:13,66.4900,176,2
2026-02-03,601318,14:40:16,66.5000,277,1
2026-02-03,601318,14:40:19,66.5000,119,2
2026-02-03,601318,14:40:22,66.5000,91,1
2026-02-03,601318,14:40:25,66.5000,79,1
2026-02-03,601318,14:40:28,66.5000,59,2
2026-02-03,601318,14:40:31,66.5000,55,2
2026-02-03,601318,14:40:34,66.5400,165,1
2026-02-03,601318,14:40:37,66.5100,61,2
2026-02-03,601318,14:40:40,66.5200,41,1
2026-02-03,601318,14:40:43,66.5000,107,2
2026-02-03,601318,14:40:46,66.5000,193,2
2026-02-03,601318,14:40:49,66.5000,160,2
2026-02-03,601318,14:40:52,66.5000,165,2
2026-02-03,601318,14:40:55,66.5300,117,1
2026-02-03,601318,14:40:58,66.5100,73,2
2026-02-03,601318,14:41:01,66.5000,125,2
2026-02-03,601318,14:41:04,66.5300,466,1
2026-02-03,601318,14:41:07,66.5000,223,2
2026-02-03,601318,14:41:10,66.5000,115,2
2026-02-03,601318,14:41:13,66.5100,58,1
2026-02-03,601318,14:41:16,66.5300,108,1
2026-02-03,601318,14:41:19,66.5200,82,1
2026-02-03,601318,14:41:22,66.5000,47,2
2026-02-03,601318,14:41:25,66.5100,108,4
2026-02-03,601318,14:41:28,66.5100,57,2
2026-02-03,601318,14:41:31,66.5100,393,2
2026-02-03,601318,14:41:34,66.5000,275,2
2026-02-03,601318,14:41:37,66.4900,210,2
2026-02-03,601318,14:41:40,66.4800,611,2
2026-02-03,601318,14:41:43,66.4700,425,2
2026-02-03,601318,14:41:46,66.4900,531,1
2026-02-03,601318,14:41:49,66.4900,402,1
2026-02-03,601318,14:41:52,66.4900,522,2
2026-02-03,601318,14:41:55,66.4900,154,2
2026-02-03,601318,14:41:58,66.4800,223,1
2026-02-03,601318,14:42:01,66.4800,169,2
2026-02-03,601318,14:42:04,66.4800,91,4
2026-02-03,601318,14:42:07,66.4800,127,2
2026-02-03,601318,14:42:10,66.4700,63,2
2026-02-03,601318,14:42:13,66.4900,70,1
2026-02-03,601318,14:42:16,66.5000,91,4
2026-02-03,601318,14:42:19,66.4800,37,2
2026-02-03,601318,14:42:22,66.4900,36,1
2026-02-03,601318,14:42:25,66.4800,140,2
2026-02-03,601318,14:42:28,66.4700,396,2
2026-02-03,601318,14:42:31,66.4400,380,2
2026-02-03,601318,14:42:34,66.4600,165,1
2026-02-03,601318,14:42:37,66.4700,554,1
2026-02-03,601318,14:42:40,66.4400,211,2
2026-02-03,601318,14:42:43,66.4600,214,1
2026-02-03,601318,14:42:46,66.4600,112,1
2026-02-03,601318,14:42:49,66.4500,93,2
2026-02-03,601318,14:42:52,66.4700,117,1
2026-02-03,601318,14:42:55,66.4400,103,2
2026-02-03,601318,14:42:58,66.4400,66,2
2026-02-03,601318,14:43:01,66.4500,143,1
2026-02-03,601318,14:43:04,66.4500,284,2
2026-02-03,601318,14:43:07,66.4500,466,2
2026-02-03,601318,14:43:10,66.4600,234,2
2026-02-03,601318,14:43:13,66.4400,139,2
2026-02-03,601318,14:43:16,66.4400,54,2
2026-02-03,601318,14:43:19,66.4400,454,2
2026-02-03,601318,14:43:22,66.4300,356,2
2026-02-03,601318,14:43:25,66.4100,680,2
2026-02-03,601318,14:43:28,66.3700,867,2
2026-02-03,601318,14:43:31,66.4200,742,1
2026-02-03,601318,14:43:34,66.3800,173,2
2026-02-03,601318,14:43:37,66.4200,269,1
2026-02-03,601318,14:43:40,66.4100,323,4
2026-02-03,601318,14:43:43,66.4400,269,1
2026-02-03,601318,14:43:46,66.4400,232,2
2026-02-03,601318,14:43:49,66.4400,168,2
2026-02-03,601318,14:43:52,66.4400,120,1
2026-02-03,601318,14:43:55,66.4300,198,2
2026-02-03,601318,14:43:58,66.4200,185,2
2026-02-03,601318,14:44:01,66.4200,96,1
2026-02-03,601318,14:44:04,66.3800,211,2
2026-02-03,601318,14:44:07,66.4200,130,1
2026-02-03,601318,14:44:10,66.4000,61,2
2026-02-03,601318,14:44:13,66.4200,280,1
2026-02-03,601318,14:44:16,66.4200,238,2
2026-02-03,601318,14:44:19,66.4300,202,4
2026-02-03,601318,14:44:22,66.4100,105,2
2026-02-03,601318,14:44:25,66.4100,153,2
2026-02-03,601318,14:44:28,66.4100,118,2
2026-02-03,601318,14:44:31,66.4000,50,2
2026-02-03,601318,14:44:34,66.4100,39,2
2026-02-03,601318,14:44:37,66.4000,63,2
2026-02-03,601318,14:44:40,66.3900,72,2
2026-02-03,601318,14:44:43,66.3800,95,2
2026-02-03,601318,14:44:46,66.3800,104,2
2026-02-03,601318,14:44:49,66.3800,137,2
2026-02-03,601318,14:44:52,66.3800,210,2
2026-02-03,601318,14:44:55,66.3900,171,1
2026-02-03,601318,14:44:58,66.3900,66,2
2026-02-03,601318,14:45:01,66.3900,121,2
2026-02-03,601318,14:45:04,66.4000,113,2
2026-02-03,601318,14:45:07,66.3900,59,4
2026-02-03,601318,14:45:10,66.3800,84,2
2026-02-03,601318,14:45:13,66.3800,89,2
2026-02-03,601318,14:45:16,66.4100,292,1
2026-02-03,601318,14:45:19,66.4000,233,2
2026-02-03,601318,14:45:22,66.4400,307,1
2026-02-03,601318,14:45:25,66.4300,374,2
2026-02-03,601318,14:45:28,66.4400,257,1
2026-02-03,601318,14:45:31,66.4300,209,2
2026-02-03,601318,14:45:34,66.4100,133,2
2026-02-03,601318,14:45:37,66.4600,291,1
2026-02-03,601318,14:45:40,66.4400,262,2
2026-02-03,601318,14:45:43,66.4400,119,2
2026-02-03,601318,14:45:46,66.4600,241,1
2026-02-03,601318,14:45:49,66.4600,106,2
2026-02-03,601318,14:45:52,66.4600,138,2
2026-02-03,601318,14:45:55,66.4600,238,2
2026-02-03,601318,14:45:58,66.4600,143,2
2026-02-03,601318,14:46:01,66.4600,158,2
2026-02-03,601318,14:46:04,66.4600,150,1
2026-02-03,601318,14:46:07,66.4500,89,2
2026-02-03,601318,14:46:10,66.4500,64,2
2026-02-03,601318,14:46:13,66.4600,121,1
2026-02-03,601318,14:46:16,66.4600,60,1
2026-02-03,601318,14:46:19,66.4600,51,1
2026-02-03,601318,14:46:22,66.4400,74,2
2026-02-03,601318,14:46:25,66.4400,219,2
2026-02-03,601318,14:46:28,66.4500,196,1
2026-02-03,601318,14:46:31,66.4500,140,1
2026-02-03,601318,14:46:34,66.4500,123,2
2026-02-03,601318,14:46:37,66.4500,121,1
2026-02-03,601318,14:46:40,66.4500,248,1
2026-02-03,601318,14:46:43,66.4400,263,2
2026-02-03,601318,14:46:46,66.4400,312,2
2026-02-03,601318,14:46:49,66.4500,235,1
2026-02-03,601318,14:46:52,66.4500,131,2
2026-02-03,601318,14:46:55,66.4400,77,2
2026-02-03,601318,14:46:58,66.4500,107,1
2026-02-03,601318,14:47:01,66.4300,145,4
2026-02-03,601318,14:47:04,66.4400,317,1
2026-02-03,601318,14:47:07,66.4300,211,2
2026-02-03,601318,14:47:10,66.4400,423,1
2026-02-03,601318,14:47:13,66.4500,147,1
2026-02-03,601318,14:47:16,66.4400,142,2
2026-02-03,601318,14:47:19,66.4400,70,4
2026-02-03,601318,14:47:22,66.4300,156,2
2026-02-03,601318,14:47:25,66.4200,933,2
2026-02-03,601318,14:47:28,66.4200,697,2
2026-02-03,601318,14:47:31,66.4000,414,2
2026-02-03,601318,14:47:34,66.4000,536,2
2026-02-03,601318,14:47:37,66.3900,266,1
2026-02-03,601318,14:47:40,66.4000,291,1
2026-02-03,601318,14:47:43,66.4000,211,1
2026-02-03,601318,14:47:46,66.3600,4876,2
2026-02-03,601318,14:47:49,66.4000,89,1
2026-02-03,601318,14:47:52,66.4100,69,1
2026-02-03,601318,14:47:55,66.4100,160,1
2026-02-03,601318,14:47:58,66.4100,192,1
2026-02-03,601318,14:48:01,66.4000,157,2
2026-02-03,601318,14:48:04,66.4000,192,1
2026-02-03,601318,14:48:07,66.4000,163,1
2026-02-03,601318,14:48:10,66.4100,86,1
2026-02-03,601318,14:48:13,66.4300,140,1
2026-02-03,601318,14:48:16,66.4200,131,1
2026-02-03,601318,14:48:19,66.4400,119,1
2026-02-03,601318,14:48:22,66.4200,124,2
2026-02-03,601318,14:48:25,66.4400,81,1
2026-02-03,601318,14:48:28,66.4300,96,2
2026-02-03,601318,14:48:31,66.4400,254,1
2026-02-03,601318,14:48:34,66.4500,211,1
2026-02-03,601318,14:48:37,66.4400,139,2
2026-02-03,601318,14:48:40,66.4300,87,4
2026-02-03,601318,14:48:43,66.4300,127,1
2026-02-03,601318,14:48:46,66.4300,251,1
2026-02-03,601318,14:48:49,66.4200,244,2
2026-02-03,601318,14:48:52,66.4200,193,2
2026-02-03,601318,14:48:55,66.4300,171,2
2026-02-03,601318,14:48:58,66.4400,211,1
2026-02-03,601318,14:49:01,66.4200,171,2
2026-02-03,601318,14:49:04,66.4300,206,1
2026-02-03,601318,14:49:07,66.4400,199,1
2026-02-03,601318,14:49:10,66.4500,138,4
2026-02-03,601318,14:49:13,66.4700,279,1
2026-02-03,601318,14:49:16,66.4600,579,1
2026-02-03,601318,14:49:19,66.4600,110,1
2026-02-03,601318,14:49:22,66.4600,61,2
2026-02-03,601318,14:49:25,66.4700,64,1
2026-02-03,601318,14:49:28,66.4600,148,2
2026-02-03,601318,14:49:31,66.4500,51,2
2026-02-03,601318,14:49:34,66.4500,194,2
2026-02-03,601318,14:49:37,66.4400,282,2
2026-02-03,601318,14:49:40,66.4500,67,1
2026-02-03,601318,14:49:43,66.4600,239,1
2026-02-03,601318,14:49:46,66.4600,257,1
2026-02-03,601318,14:49:49,66.4800,121,1
2026-02-03,601318,14:49:52,66.4900,207,1
2026-02-03,601318,14:49:55,66.5000,188,2
2026-02-03,601318,14:49:58,66.5000,134,2
2026-02-03,601318,14:50:01,66.5000,71,2
2026-02-03,601318,14:50:04,66.5000,192,1
2026-02-03,601318,14:50:07,66.4900,158,2
2026-02-03,601318,14:50:10,66.4900,101,2
2026-02-03,601318,14:50:13,66.4900,56,2
2026-02-03,601318,14:50:16,66.5100,216,1
2026-02-03,601318,14:50:19,66.5100,50,1
2026-02-03,601318,14:50:22,66.5300,122,1
2026-02-03,601318,14:50:25,66.5300,57,1
2026-02-03,601318,14:50:28,66.5600,516,1
2026-02-03,601318,14:50:31,66.5500,208,1
2026-02-03,601318,14:50:34,66.5600,87,1
2026-02-03,601318,14:50:37,66.5600,747,1
2026-02-03,601318,14:50:40,66.5600,131,1
2026-02-03,601318,14:50:43,66.5600,160,2
2026-02-03,601318,14:50:46,66.5700,97,1
2026-02-03,601318,14:50:49,66.5700,75,4
2026-02-03,601318,14:50:52,66.5800,229,1
2026-02-03,601318,14:50:55,66.5800,330,2
2026-02-03,601318,14:50:58,66.5900,92,1
2026-02-03,601318,14:51:01,66.5700,288,2
2026-02-03,601318,14:51:04,66.5500,316,2
2026-02-03,601318,14:51:07,66.5600,192,1
2026-02-03,601318,14:51:10,66.5600,74,2
2026-02-03,601318,14:51:13,66.5500,166,2
2026-02-03,601318,14:51:16,66.5600,201,1
2026-02-03,601318,14:51:19,66.5500,155,2
2026-02-03,601318,14:51:22,66.5700,245,1
2026-02-03,601318,14:51:25,66.5600,223,2
2026-02-03,601318,14:51:28,66.5600,277,2
2026-02-03,601318,14:51:31,66.5700,280,1
2026-02-03,601318,14:51:34,66.5700,172,1
2026-02-03,601318,14:51:37,66.5700,182,2
2026-02-03,601318,14:51:40,66.5700,238,2
2026-02-03,601318,14:51:43,66.5700,210,2
2026-02-03,601318,14:51:46,66.5500,406,2
2026-02-03,601318,14:51:49,66.5500,409,2
2026-02-03,601318,14:51:52,66.5500,85,2
2026-02-03,601318,14:51:55,66.5500,94,2
2026-02-03,601318,14:51:58,66.5500,132,2
2026-02-03,601318,14:52:01,66.5500,80,2
2026-02-03,601318,14:52:04,66.5700,516,1
2026-02-03,601318,14:52:07,66.5800,212,1
2026-02-03,601318,14:52:10,66.5700,98,2
2026-02-03,601318,14:52:13,66.5800,68,1
2026-02-03,601318,14:52:16,66.5800,153,2
2026-02-03,601318,14:52:19,66.5900,172,1
2026-02-03,601318,14:52:22,66.6000,321,1
2026-02-03,601318,14:52:25,66.6000,52,1
2026-02-03,601318,14:52:28,66.6200,866,1
2026-02-03,601318,14:52:31,66.6200,110,1
2026-02-03,601318,14:52:34,66.6200,73,1
2026-02-03,601318,14:52:37,66.6200,138,1
2026-02-03,601318,14:52:40,66.6300,531,1
2026-02-03,601318,14:52:43,66.6400,90,1
2026-02-03,601318,14:52:46,66.6400,22,1
2026-02-03,601318,14:52:49,66.6500,108,1
2026-02-03,601318,14:52:52,66.6600,63,1
2026-02-03,601318,14:52:55,66.6600,932,1
2026-02-03,601318,14:52:58,66.6600,90,2
2026-02-03,601318,14:53:01,66.6600,232,2
2026-02-03,601318,14:53:04,66.6200,1213,2
2026-02-03,601318,14:53:07,66.5700,1147,2
2026-02-03,601318,14:53:10,66.6100,225,1
2026-02-03,601318,14:53:13,66.5800,95,2
2026-02-03,601318,14:53:16,66.5700,141,2
2026-02-03,601318,14:53:19,66.5600,155,2
2026-02-03,601318,14:53:22,66.5600,62,2
2026-02-03,601318,14:53:25,66.5600,142,2
2026-02-03,601318,14:53:28,66.5600,177,2
2026-02-03,601318,14:53:31,66.5500,138,2
2026-02-03,601318,14:53:34,66.5800,250,1
2026-02-03,601318,14:53:37,66.5700,127,2
2026-02-03,601318,14:53:40,66.5600,220,4
2026-02-03,601318,14:53:43,66.5700,196,1
2026-02-03,601318,14:53:46,66.5700,126,1
2026-02-03,601318,14:53:49,66.5700,281,2
2026-02-03,601318,14:53:52,66.5700,143,2
2026-02-03,601318,14:53:55,66.5700,238,2
2026-02-03,601318,14:53:58,66.5600,169,2
2026-02-03,601318,14:54:01,66.5700,249,1
2026-02-03,601318,14:54:04,66.5700,291,2
2026-02-03,601318,14:54:07,66.5800,118,4
2026-02-03,601318,14:54:10,66.5800,131,2
2026-02-03,601318,14:54:13,66.5700,134,2
2026-02-03,601318,14:54:16,66.5700,97,2
2026-02-03,601318,14:54:19,66.5800,240,1
2026-02-03,601318,14:54:22,66.5800,34,1
2026-02-03,601318,14:54:25,66.5900,127,1
2026-02-03,601318,14:54:28,66.5800,197,2
2026-02-03,601318,14:54:31,66.5800,252,1
2026-02-03,601318,14:54:34,66.5900,2202,1
2026-02-03,601318,14:54:37,66.5800,214,2
2026-02-03,601318,14:54:40,66.5900,41,2
2026-02-03,601318,14:54:43,66.5800,289,2
2026-02-03,601318,14:54:46,66.5900,76,2
2026-02-03,601318,14:54:49,66.5900,119,1
2026-02-03,601318,14:54:52,66.5900,70,4
2026-02-03,601318,14:54:55,66.5900,313,2
2026-02-03,601318,14:54:58,66.5800,493,2
2026-02-03,601318,14:55:01,66.6000,372,1
2026-02-03,601318,14:55:04,66.5800,173,2
2026-02-03,601318,14:55:07,66.5900,171,1
2026-02-03,601318,14:55:10,66.5800,144,2
2026-02-03,601318,14:55:13,66.5800,367,2
2026-02-03,601318,14:55:16,66.6400,653,1
2026-02-03,601318,14:55:19,66.6000,75,2
2026-02-03,601318,14:55:22,66.5700,351,2
2026-02-03,601318,14:55:25,66.5700,452,2
2026-02-03,601318,14:55:28,66.5600,207,2
2026-02-03,601318,14:55:31,66.5400,212,2
2026-02-03,601318,14:55:34,66.5500,75,4
2026-02-03,601318,14:55:37,66.5900,661,1
2026-02-03,601318,14:55:40,66.5600,171,2
2026-02-03,601318,14:55:43,66.5600,165,1
2026-02-03,601318,14:55:46,66.5500,519,2
2026-02-03,601318,14:55:49,66.5500,283,2
2026-02-03,601318,14:55:52,66.5500,323,2
2026-02-03,601318,14:55:55,66.5400,328,2
2026-02-03,601318,14:55:58,66.5500,156,1
2026-02-03,601318,14:56:01,66.5600,202,1
2026-02-03,601318,14:56:04,66.5600,61,1
2026-02-03,601318,14:56:07,66.5600,301,1
2026-02-03,601318,14:56:10,66.5700,291,1
2026-02-03,601318,14:56:13,66.5700,91,2
2026-02-03,601318,14:56:16,66.5800,182,1
2026-02-03,601318,14:56:19,66.5900,128,1
2026-02-03,601318,14:56:22,66.5800,27,2
2026-02-03,601318,14:56:25,66.5800,185,2
2026-02-03,601318,14:56:28,66.5800,72,2
2026-02-03,601318,14:56:31,66.5800,87,2
2026-02-03,601318,14:56:34,66.5900,146,1
2026-02-03,601318,14:56:37,66.5900,143,1
2026-02-03,601318,14:56:40,66.6000,150,1
2026-02-03,601318,14:56:43,66.6000,391,2
2026-02-03,601318,14:56:46,66.6000,183,1
2026-02-03,601318,14:56:49,66.5800,163,2
2026-02-03,601318,14:56:52,66.5800,149,2
2026-02-03,601318,14:56:55,66.5300,401,2
2026-02-03,601318,14:56:58,66.5800,178,1
2026-02-03,601318,14:57:01,66.5800,9,2
2026-02-03,601318,15:00:04,66.5800,10702,4
2026-02-03,601318,13:17:07,66.0900,182,4
2026-02-03,601318,13:17:10,66.0800,95,2
2026-02-03,601318,13:17:13,66.0900,88,1
2026-02-03,601318,13:17:16,66.0800,84,1
2026-02-03,601318,13:17:19,66.0800,24,1
2026-02-03,601318,13:17:22,66.0800,101,1
2026-02-03,601318,13:17:25,66.0700,100,2
2026-02-03,601318,13:17:28,66.0900,104,1
2026-02-03,601318,13:17:31,66.0900,52,1
2026-02-03,601318,13:17:34,66.0700,61,2
2026-02-03,601318,13:17:37,66.0900,41,1
2026-02-03,601318,13:17:40,66.0900,21,1
2026-02-03,601318,13:17:43,66.0900,65,1
2026-02-03,601318,13:17:46,66.1000,60,1
2026-02-03,601318,13:17:49,66.1000,44,1
2026-02-03,601318,13:17:52,66.1000,102,1
2026-02-03,601318,13:17:55,66.1000,47,2
2026-02-03,601318,13:17:58,66.1000,12,4
2026-02-03,601318,13:18:01,66.1100,19,1
2026-02-03,601318,13:18:04,66.1000,80,2
2026-02-03,601318,13:18:07,66.1000,86,1
2026-02-03,601318,13:18:10,66.1000,70,4
2026-02-03,601318,13:18:13,66.1200,275,1
2026-02-03,601318,13:18:16,66.1000,461,2
2026-02-03,601318,13:18:19,66.1000,320,1
2026-02-03,601318,13:18:22,66.0800,103,2
2026-02-03,601318,13:18:25,66.0800,81,1
2026-02-03,601318,13:18:28,66.1000,432,1
2026-02-03,601318,13:18:31,66.0600,211,2
2026-02-03,601318,13:18:34,66.0700,201,1
2026-02-03,601318,13:18:37,66.0500,103,2
2026-02-03,601318,13:18:40,66.0500,129,2
2026-02-03,601318,13:18:43,66.0500,84,1
2026-02-03,601318,13:18:46,66.0300,400,2
2026-02-03,601318,13:18:49,66.0200,284,2
2026-02-03,601318,13:18:52,66.0100,618,2
2026-02-03,601318,13:18:55,66.0000,264,2
2026-02-03,601318,13:18:58,66.0200,147,1
2026-02-03,601318,13:19:01,66.0200,60,1
2026-02-03,601318,13:19:04,66.0100,46,2
2026-02-03,601318,13:19:07,66.0100,504,2
2026-02-03,601318,13:19:10,66.0000,690,2
2026-02-03,601318,13:19:13,66.0000,249,2
2026-02-03,601318,13:19:16,66.0000,678,2
2026-02-03,601318,13:19:19,66.0100,272,1
2026-02-03,601318,13:19:22,66.0100,77,2
2026-02-03,601318,13:19:25,66.0100,121,2
2026-02-03,601318,13:19:28,66.0200,132,1
2026-02-03,601318,13:19:31,66.0200,100,2
2026-02-03,601318,13:19:34,66.0200,54,2
2026-02-03,601318,13:19:37,66.0100,165,2
2026-02-03,601318,13:19:40,66.0200,46,2
2026-02-03,601318,13:19:43,66.0200,15,2
2026-02-03,601318,13:19:46,66.0100,32,2
2026-02-03,601318,13:19:49,66.0300,146,2
2026-02-03,601318,13:19:52,66.0300,154,2
2026-02-03,601318,13:19:55,66.0500,211,1
2026-02-03,601318,13:19:58,66.0700,205,1
2026-02-03,601318,13:20:01,66.0600,81,1
2026-02-03,601318,13:20:04,66.0700,828,1
2026-02-03,601318,13:20:07,66.0700,303,1
2026-02-03,601318,13:20:10,66.0900,37,1
2026-02-03,601318,13:20:13,66.0900,52,2
2026-02-03,601318,13:20:16,66.1300,145,4
2026-02-03,601318,13:20:19,66.1300,83,1
2026-02-03,601318,13:20:22,66.1000,34,2
2026-02-03,601318,13:20:25,66.1300,49,1
2026-02-03,601318,13:20:28,66.1400,151,1
2026-02-03,601318,13:20:31,66.1300,75,2
2026-02-03,601318,13:20:34,66.1700,109,1
2026-02-03,601318,13:20:37,66.1900,115,1
2026-02-03,601318,13:20:40,66.1900,75,1
2026-02-03,601318,13:20:43,66.1500,54,2
2026-02-03,601318,13:20:46,66.1500,122,1
2026-02-03,601318,13:20:49,66.0800,55,2
2026-02-03,601318,13:20:52,66.2000,314,1
2026-02-03,601318,13:20:55,66.1300,109,2
2026-02-03,601318,13:20:58,66.1900,88,1
2026-02-03,601318,13:21:01,66.1300,27,2
2026-02-03,601318,13:21:04,66.1100,45,2
2026-02-03,601318,13:21:07,66.1300,34,1
2026-02-03,601318,13:21:10,66.1200,46,2
2026-02-03,601318,13:21:13,66.1200,65,2
2026-02-03,601318,13:21:16,66.1100,93,2
2026-02-03,601318,13:21:19,66.1400,59,1
2026-02-03,601318,13:21:22,66.1700,26,1
2026-02-03,601318,13:21:25,66.1400,21,2
2026-02-03,601318,13:21:28,66.1700,18,1
2026-02-03,601318,13:21:31,66.1800,20,1
2026-02-03,601318,13:21:34,66.1700,57,2
2026-02-03,601318,13:21:37,66.1500,55,2
2026-02-03,601318,13:21:40,66.1700,69,1
2026-02-03,601318,13:21:43,66.1500,54,2
2026-02-03,601318,13:21:46,66.1800,71,4
2026-02-03,601318,13:21:49,66.1700,96,1
2026-02-03,601318,13:21:52,66.1600,45,2
2026-02-03,601318,13:21:55,66.1500,64,1
2026-02-03,601318,13:21:58,66.1500,33,2
2026-02-03,601318,13:22:01,66.1600,27,1
2026-02-03,601318,13:22:04,66.1700,24,1
2026-02-03,601318,13:22:07,66.1900,42,1
2026-02-03,601318,13:22:10,66.1800,46,1
2026-02-03,601318,13:22:13,66.1700,26,2
2026-02-03,601318,13:22:16,66.1600,15,2
2026-02-03,601318,13:22:19,66.1800,55,2
2026-02-03,601318,13:22:22,66.1700,22,2
2026-02-03,601318,13:22:25,66.1800,82,1
2026-02-03,601318,13:22:28,66.2000,167,1
2026-02-03,601318,13:22:31,66.1900,88,2
2026-02-03,601318,13:22:34,66.2100,76,1
2026-02-03,601318,13:22:37,66.2100,41,1
2026-02-03,601318,13:22:40,66.2100,137,2
2026-02-03,601318,13:22:43,66.2100,295,1
2026-02-03,601318,13:22:46,66.2000,134,2
2026-02-03,601318,13:22:49,66.2000,77,1
2026-02-03,601318,13:22:52,66.1900,46,2
2026-02-03,601318,13:22:55,66.1900,96,2
2026-02-03,601318,13:22:58,66.2100,367,1
2026-02-03,601318,13:23:01,66.2100,168,1
2026-02-03,601318,13:23:04,66.1700,58,2
2026-02-03,601318,13:23:07,66.2000,108,4
2026-02-03,601318,13:23:10,66.2000,170,1
2026-02-03,601318,13:23:13,66.2200,90,1
2026-02-03,601318,13:23:16,66.2000,67,2
2026-02-03,601318,13:23:19,66.2200,19,2
2026-02-03,601318,13:23:22,66.2200,70,2
2026-02-03,601318,13:23:25,66.2200,49,4
2026-02-03,601318,13:23:28,66.2100,62,2
2026-02-03,601318,13:23:31,66.2100,24,2
2026-02-03,601318,13:23:34,66.2000,35,2
2026-02-03,601318,13:23:37,66.2100,16,1
2026-02-03,601318,13:23:40,66.2200,23,1
2026-02-03,601318,13:23:43,66.2200,15,2
2026-02-03,601318,13:23:46,66.2300,34,1
2026-02-03,601318,13:23:49,66.2200,42,1
2026-02-03,601318,13:23:52,66.2300,35,1
2026-02-03,601318,13:23:55,66.2200,40,2
2026-02-03,601318,13:23:58,66.2200,27,2
2026-02-03,601318,13:24:01,66.2000,150,2
2026-02-03,601318,13:24:04,66.2000,103,2
2026-02-03,601318,13:24:07,66.2000,64,2
2026-02-03,601318,13:24:10,66.2000,69,1
2026-02-03,601318,13:24:13,66.2000,49,1
2026-02-03,601318,13:24:16,66.2100,46,1
2026-02-03,601318,13:24:19,66.2100,13,2
2026-02-03,601318,13:24:22,66.1700,296,2
2026-02-03,601318,13:24:25,66.1500,115,2
2026-02-03,601318,13:24:28,66.1200,56,2
2026-02-03,601318,13:24:31,66.1700,71,1
2026-02-03,601318,13:24:34,66.1600,32,2
2026-02-03,601318,13:24:37,66.1800,14,1
2026-02-03,601318,13:24:40,66.1600,91,2
2026-02-03,601318,13:24:43,66.1700,67,1
2026-02-03,601318,13:24:46,66.1300,95,2
2026-02-03,601318,13:24:49,66.1700,28,1
2026-02-03,601318,13:24:52,66.1700,78,1
2026-02-03,601318,13:24:55,66.2000,67,1
2026-02-03,601318,13:24:58,66.1900,41,1
2026-02-03,601318,13:25:01,66.2000,95,1
2026-02-03,601318,13:25:04,66.1600,27,2
2026-02-03,601318,13:25:07,66.1600,70,2
2026-02-03,601318,13:25:10,66.1700,19,2
2026-02-03,601318,13:25:13,66.1600,39,2
2026-02-03,601318,13:25:16,66.1500,42,2
2026-02-03,601318,13:25:19,66.2000,15,1
2026-02-03,601318,13:25:22,66.1900,21,1
2026-02-03,601318,13:25:25,66.1900,10,1
2026-02-03,601318,13:25:28,66.2000,73,1
2026-02-03,601318,13:25:31,66.1800,47,2
2026-02-03,601318,13:25:34,66.1800,46,2
2026-02-03,601318,13:25:37,66.1900,64,1
2026-02-03,601318,13:25:40,66.1800,27,2
2026-02-03,601318,13:25:43,66.1800,30,1
2026-02-03,601318,13:25:46,66.1700,45,2
2026-02-03,601318,13:25:49,66.2100,24,1
2026-02-03,601318,13:25:52,66.1800,17,2
2026-02-03,601318,13:25:55,66.1700,59,2
2026-02-03,601318,13:25:58,66.1800,39,4
2026-02-03,601318,13:26:01,66.1700,33,2
2026-02-03,601318,13:26:04,66.1700,131,1
2026-02-03,601318,13:26:07,66.1700,43,2
2026-02-03,601318,13:26:10,66.1600,37,2
2026-02-03,601318,13:26:13,66.1500,51,2
2026-02-03,601318,13:26:16,66.1500,26,2
2026-02-03,601318,13:26:19,66.1600,14,2
2026-02-03,601318,13:26:22,66.1600,47,2
2026-02-03,601318,13:26:25,66.1500,28,2
2026-02-03,601318,13:26:28,66.1600,75,1
2026-02-03,601318,13:26:31,66.1600,46,1
2026-02-03,601318,13:26:34,66.1600,117,1
2026-02-03,601318,13:26:37,66.1300,59,2
2026-02-03,601318,13:26:40,66.1600,23,1
2026-02-03,601318,13:26:43,66.1600,15,1
2026-02-03,601318,13:26:46,66.1600,20,1
2026-02-03,601318,13:26:49,66.1600,110,1
2026-02-03,601318,13:26:52,66.1700,111,1
2026-02-03,601318,13:26:55,66.1500,132,2
2026-02-03,601318,13:26:58,66.1600,166,1
2026-02-03,601318,13:27:01,66.1600,53,1
2026-02-03,601318,13:27:04,66.1300,84,2
2026-02-03,601318,13:27:07,66.1600,349,1
2026-02-03,601318,13:27:10,66.1400,95,2
2026-02-03,601318,13:27:13,66.1200,145,2
2026-02-03,601318,13:27:16,66.1300,77,1
2026-02-03,601318,13:27:19,66.1200,22,2
2026-02-03,601318,13:27:22,66.1200,41,2
2026-02-03,601318,13:27:25,66.1400,53,1
2026-02-03,601318,13:27:28,66.1100,887,2
2026-02-03,601318,13:27:31,66.0700,232,2
2026-02-03,601318,13:27:34,66.0900,80,1
2026-02-03,601318,13:27:37,66.1100,66,1
2026-02-03,601318,13:27:40,66.1000,15,1
2026-02-03,601318,13:27:43,66.1100,41,1
2026-02-03,601318,13:27:46,66.1000,47,2
2026-02-03,601318,13:27:49,66.1000,14,2
2026-02-03,601318,13:27:52,66.1100,23,2
2026-02-03,601318,13:27:55,66.1100,35,1
2026-02-03,601318,13:27:58,66.1100,20,2
2026-02-03,601318,13:28:01,66.1200,19,2
2026-02-03,601318,13:28:04,66.1200,152,1
2026-02-03,601318,13:28:07,66.1400,96,1
2026-02-03,601318,13:28:10,66.1200,21,2
2026-02-03,601318,13:28:13,66.1300,13,1
2026-02-03,601318,13:28:16,66.1300,24,1
2026-02-03,601318,13:28:19,66.1400,31,1
2026-02-03,601318,13:28:22,66.1400,35,4
2026-02-03,601318,13:28:25,66.1300,124,2
2026-02-03,601318,13:28:28,66.1200,76,2
2026-02-03,601318,13:28:31,66.1300,64,1
2026-02-03,601318,13:28:34,66.1300,23,1
2026-02-03,601318,13:28:37,66.1000,102,2
2026-02-03,601318,13:28:40,66.1200,44,1
2026-02-03,601318,13:28:43,66.1500,32,1
2026-02-03,601318,13:28:46,66.1300,51,2
2026-02-03,601318,13:28:49,66.1500,87,1
2026-02-03,601318,13:28:52,66.1500,65,1
2026-02-03,601318,13:28:55,66.1400,45,2
2026-02-03,601318,13:28:58,66.1400,92,1
2026-02-03,601318,13:29:01,66.1300,68,2
2026-02-03,601318,13:29:04,66.1400,45,4
2026-02-03,601318,13:29:07,66.1300,21,1
2026-02-03,601318,13:29:10,66.1000,3,2
2026-02-03,601318,13:29:13,66.1300,24,1
2026-02-03,601318,13:29:16,66.1000,127,2
2026-02-03,601318,13:29:19,66.1100,55,1
2026-02-03,601318,13:29:22,66.0800,72,2
2026-02-03,601318,13:29:25,66.1200,74,1
2026-02-03,601318,13:29:28,66.1600,43,1
2026-02-03,601318,13:29:31,66.1300,29,2
2026-02-03,601318,13:29:34,66.1200,93,2
2026-02-03,601318,13:29:37,66.1600,49,1
2026-02-03,601318,13:29:40,66.1400,39,2
2026-02-03,601318,13:29:43,66.1200,83,2
2026-02-03,601318,13:29:46,66.1800,87,1
2026-02-03,601318,13:29:49,66.1600,36,2
2026-02-03,601318,13:29:52,66.1700,65,1
2026-02-03,601318,13:29:55,66.2000,72,1
2026-02-03,601318,13:29:58,66.1600,134,2
2026-02-03,601318,13:30:01,66.1400,34,2
2026-02-03,601318,13:30:04,66.1500,196,2
2026-02-03,601318,13:30:07,66.1800,54,1
2026-02-03,601318,13:30:10,66.1800,12,1
2026-02-03,601318,13:30:13,66.1800,32,2
2026-02-03,601318,13:30:16,66.2000,118,1
2026-02-03,601318,13:30:19,66.2200,175,1
2026-02-03,601318,13:30:22,66.2000,41,2
2026-02-03,601318,13:30:25,66.2200,23,1
2026-02-03,601318,13:30:28,66.2100,14,2
2026-02-03,601318,13:30:31,66.2200,40,1
2026-02-03,601318,13:30:34,66.2000,28,2
2026-02-03,601318,13:30:37,66.2200,35,1
2026-02-03,601318,13:30:40,66.2200,43,1
2026-02-03,601318,13:30:43,66.2100,35,4
2026-02-03,601318,13:30:46,66.2000,82,2
2026-02-03,601318,13:30:49,66.2000,34,2
2026-02-03,601318,13:30:52,66.2000,20,2
2026-02-03,601318,13:30:55,66.1800,226,2
2026-02-03,601318,13:30:58,66.1900,86,1
2026-02-03,601318,13:31:01,66.1800,49,1
2026-02-03,601318,13:31:04,66.1800,116,2
2026-02-03,601318,13:31:07,66.2200,237,1
2026-02-03,601318,13:31:10,66.2000,93,2
2026-02-03,601318,13:31:13,66.1800,91,2
2026-02-03,601318,13:31:16,66.2000,73,1
2026-02-03,601318,13:31:19,66.1900,33,4
2026-02-03,601318,13:31:22,66.2100,62,1
2026-02-03,601318,13:31:25,66.1900,83,2
2026-02-03,601318,13:31:28,66.2200,128,1
2026-02-03,601318,13:31:31,66.2200,93,1
2026-02-03,601318,13:31:34,66.2200,67,1
2026-02-03,601318,13:31:37,66.1900,46,2
2026-02-03,601318,13:31:40,66.2200,59,1
2026-02-03,601318,13:31:43,66.2000,31,2
2026-02-03,601318,13:31:46,66.2000,48,2
2026-02-03,601318,13:31:49,66.2200,116,1
2026-02-03,601318,13:31:52,66.2300,36,1
2026-02-03,601318,13:31:55,66.2300,95,1
2026-02-03,601318,13:31:58,66.2300,135,2
2026-02-03,601318,13:32:01,66.2200,372,2
2026-02-03,601318,13:32:04,66.2100,727,2
2026-02-03,601318,13:32:07,66.1800,141,2
2026-02-03,601318,13:32:10,66.1800,119,1
2026-02-03,601318,13:32:13,66.1600,42,2
2026-02-03,601318,13:32:16,66.1500,66,2
2026-02-03,601318,13:32:19,66.1800,23,1
2026-02-03,601318,13:32:22,66.1500,13,2
2026-02-03,601318,13:32:25,66.1500,93,2
2026-02-03,601318,13:32:28,66.1600,219,1
2026-02-03,601318,13:32:31,66.1500,363,2
2026-02-03,601318,13:32:34,66.1600,35,1
2026-02-03,601318,13:32:37,66.1600,46,2
2026-02-03,601318,13:32:40,66.1700,34,2
2026-02-03,601318,13:32:43,66.1700,25,1
2026-02-03,601318,13:32:46,66.1700,19,1
2026-02-03,601318,13:32:49,66.1700,62,2
2026-02-03,601318,13:32:52,66.1700,39,2
2026-02-03,601318,13:32:55,66.1700,207,2
2026-02-03,601318,13:32:58,66.1700,83,1
2026-02-03,601318,13:33:01,66.1500,88,2
2026-02-03,601318,13:33:04,66.1500,62,2
2026-02-03,601318,13:33:07,66.1500,42,2
2026-02-03,601318,13:33:10,66.1600,124,4
2026-02-03,601318,13:33:13,66.1400,140,2
2026-02-03,601318,13:33:16,66.1900,190,1
2026-02-03,601318,13:33:19,66.1400,447,2
2026-02-03,601318,13:33:22,66.1400,377,1
2026-02-03,601318,13:33:25,66.1400,106,2
2026-02-03,601318,13:33:28,66.1400,30,1
2026-02-03,601318,13:33:31,66.1400,36,1
2026-02-03,601318,13:33:34,66.1600,22,1
2026-02-03,601318,13:33:37,66.1400,83,2
2026-02-03,601318,13:33:40,66.1600,69,1
2026-02-03,601318,13:33:43,66.1900,21,1
2026-02-03,601318,13:33:46,66.2000,45,1
2026-02-03,601318,13:33:49,66.2000,97,1
2026-02-03,601318,13:33:52,66.2000,45,2
2026-02-03,601318,13:33:55,66.2000,84,1
2026-02-03,601318,13:33:58,66.2100,69,1
2026-02-03,601318,13:34:01,66.1800,31,2
2026-02-03,601318,13:34:04,66.1800,14,2
2026-02-03,601318,13:34:07,66.2100,408,1
2026-02-03,601318,13:34:10,66.2100,118,2
2026-02-03,601318,13:34:13,66.2000,56,2
2026-02-03,601318,13:34:16,66.2100,40,4
2026-02-03,601318,13:34:19,66.2100,357,1
2026-02-03,601318,13:34:22,66.1800,118,2
2026-02-03,601318,13:34:25,66.1600,104,2
2026-02-03,601318,13:34:28,66.1900,62,1
2026-02-03,601318,13:34:31,66.1900,22,2
2026-02-03,601318,13:34:34,66.1900,50,2
2026-02-03,601318,13:34:37,66.2000,303,1
2026-02-03,601318,13:34:40,66.1900,79,1
2026-02-03,601318,13:34:43,66.1700,82,2
2026-02-03,601318,13:34:46,66.1700,89,1
2026-02-03,601318,13:34:49,66.1700,100,1
2026-02-03,601318,13:34:52,66.1500,229,2
2026-02-03,601318,13:34:55,66.1700,247,1
2026-02-03,601318,13:34:58,66.1600,91,2
2026-02-03,601318,13:35:01,66.2100,198,1
2026-02-03,601318,13:35:04,66.1600,117,2
2026-02-03,601318,13:35:07,66.1900,73,1
2026-02-03,601318,13:35:10,66.1500,63,2
2026-02-03,601318,13:35:13,66.1900,36,2
2026-02-03,601318,13:35:16,66.1900,78,2
2026-02-03,601318,13:35:19,66.2000,732,1
2026-02-03,601318,13:35:22,66.2100,813,1
2026-02-03,601318,13:35:25,66.2000,366,2
2026-02-03,601318,13:35:28,66.2100,196,1
2026-02-03,601318,13:35:31,66.2600,592,1
2026-02-03,601318,13:35:34,66.1900,38,2
2026-02-03,601318,13:35:37,66.1900,47,2
2026-02-03,601318,13:35:40,66.1900,43,1
2026-02-03,601318,13:35:43,66.2100,59,1
2026-02-03,601318,13:35:46,66.2600,566,1
2026-02-03,601318,13:35:49,66.2600,31,1
2026-02-03,601318,13:35:52,66.2200,59,2
2026-02-03,601318,13:35:55,66.2100,53,2
2026-02-03,601318,13:35:58,66.2200,18,1
2026-02-03,601318,13:36:01,66.2200,53,1
2026-02-03,601318,13:36:04,66.2100,35,2
2026-02-03,601318,13:36:07,66.2300,290,1
2026-02-03,601318,13:36:10,66.2500,379,1
2026-02-03,601318,13:36:13,66.2900,13,1
2026-02-03,601318,13:36:16,66.3100,88,1
2026-02-03,601318,13:36:19,66.2900,20,2
2026-02-03,601318,13:36:22,66.2900,25,1
2026-02-03,601318,13:36:25,66.2700,451,2
2026-02-03,601318,13:36:28,66.2900,82,1
2026-02-03,601318,13:36:31,66.2800,49,2
2026-02-03,601318,13:36:34,66.2800,41,1
2026-02-03,601318,13:36:37,66.3300,73,1
2026-02-03,601318,13:36:40,66.2900,40,2
2026-02-03,601318,13:36:43,66.2900,15,2
2026-02-03,601318,13:36:46,66.3000,407,1
2026-02-03,601318,13:36:49,66.3000,46,2
2026-02-03,601318,13:36:52,66.2900,101,2
2026-02-03,601318,13:36:55,66.3000,153,1
2026-02-03,601318,13:36:58,66.3000,46,2
2026-02-03,601318,13:37:01,66.3200,349,1
2026-02-03,601318,13:37:04,66.3100,53,2
2026-02-03,601318,13:37:07,66.3300,54,1
2026-02-03,601318,13:37:10,66.3500,530,1
2026-02-03,601318,13:37:13,66.3600,56,1
2026-02-03,601318,13:37:16,66.3500,121,2
2026-02-03,601318,13:37:19,66.3800,184,1
2026-02-03,601318,13:37:22,66.3600,122,2
2026-02-03,601318,13:37:25,66.4000,62,1
2026-02-03,601318,13:37:28,66.3900,27,1
2026-02-03,601318,13:37:31,66.3800,39,2
2026-02-03,601318,13:37:34,66.4000,252,1
2026-02-03,601318,13:37:37,66.3800,21,4
2026-02-03,601318,13:37:40,66.3900,56,1
2026-02-03,601318,13:37:43,66.3700,102,2
2026-02-03,601318,13:37:46,66.3700,38,2
2026-02-03,601318,13:37:49,66.3700,9,2
2026-02-03,601318,13:37:52,66.3900,300,1
2026-02-03,601318,13:37:55,66.3700,83,2
2026-02-03,601318,13:37:58,66.3600,99,2
2026-02-03,601318,13:38:01,66.3600,40,2
2026-02-03,601318,13:38:04,66.3300,188,2
2026-02-03,601318,13:38:07,66.3600,35,1
2026-02-03,601318,13:38:10,66.3400,17,2
2026-02-03,601318,13:38:13,66.3300,75,2
2026-02-03,601318,13:38:16,66.3300,64,1
2026-02-03,601318,13:38:19,66.3200,44,2
2026-02-03,601318,13:38:22,66.3300,48,4
2026-02-03,601318,13:38:25,66.3400,14,1
2026-02-03,601318,13:38:28,66.3400,37,1
2026-02-03,601318,13:38:31,66.3400,202,1
2026-02-03,601318,13:38:34,66.3400,61,2
2026-02-03,601318,13:38:37,66.3500,136,1
2026-02-03,601318,13:38:40,66.3500,156,1
2026-02-03,601318,13:38:43,66.3600,66,1
2026-02-03,601318,13:38:46,66.3300,58,2
2026-02-03,601318,13:38:49,66.3600,57,1
2026-02-03,601318,13:38:52,66.3300,24,2
2026-02-03,601318,13:38:55,66.3200,150,2
2026-02-03,601318,13:38:58,66.3200,63,1
2026-02-03,601318,13:39:01,66.3200,45,1
2026-02-03,601318,13:39:04,66.2900,24,2
2026-02-03,601318,13:39:07,66.3200,38,1
2026-02-03,601318,13:39:10,66.3200,40,1
2026-02-03,601318,13:39:13,66.3000,180,2
2026-02-03,601318,13:39:16,66.2800,110,2
2026-02-03,601318,13:39:19,66.3100,522,1
2026-02-03,601318,13:39:22,66.3000,256,2
2026-02-03,601318,13:39:25,66.2500,182,2
2026-02-03,601318,13:39:28,66.3100,78,1
2026-02-03,601318,13:39:31,66.2700,51,2
2026-02-03,601318,13:39:34,66.2700,28,2
2026-02-03,601318,13:39:37,66.2900,30,1
2026-02-03,601318,13:39:40,66.2900,37,1
2026-02-03,601318,13:39:43,66.2700,168,2
2026-02-03,601318,13:39:46,66.2700,110,1
2026-02-03,601318,13:39:49,66.2700,45,1
2026-02-03,601318,13:39:52,66.2700,10,2
2026-02-03,601318,13:39:55,66.2900,527,1
2026-02-03,601318,13:39:58,66.2900,340,1
2026-02-03,601318,13:40:01,66.2800,57,2
2026-02-03,601318,13:40:04,66.2700,44,2
2026-02-03,601318,13:40:07,66.2700,33,2
2026-02-03,601318,13:40:10,66.3100,100,1
2026-02-03,601318,13:40:13,66.3200,46,1
2026-02-03,601318,13:40:16,66.3100,44,2
2026-02-03,601318,13:40:19,66.3100,14,2
2026-02-03,601318,13:40:22,66.2700,223,2
2026-02-03,601318,13:40:25,66.2700,122,2
2026-02-03,601318,13:40:28,66.2700,48,2
2026-02-03,601318,13:40:31,66.3000,69,1
2026-02-03,601318,13:40:34,66.3000,97,1
2026-02-03,601318,13:40:37,66.2800,133,4
2026-02-03,601318,13:40:40,66.2900,33,1
2026-02-03,601318,13:40:43,66.3100,154,1
2026-02-03,601318,13:40:46,66.3200,558,1
2026-02-03,601318,13:40:49,66.3000,296,2
2026-02-03,601318,13:40:52,66.3000,299,2
2026-02-03,601318,13:40:55,66.3100,264,2
2026-02-03,601318,13:40:58,66.3100,183,2
2026-02-03,601318,13:41:01,66.3300,164,2
2026-02-03,601318,13:41:04,66.3100,144,2
2026-02-03,601318,13:41:07,66.2800,181,2
2026-02-03,601318,13:41:10,66.2700,343,2
2026-02-03,601318,13:41:13,66.2600,264,2
2026-02-03,601318,13:41:16,66.2800,50,4
2026-02-03,601318,13:41:19,66.2900,42,1
2026-02-03,601318,13:41:22,66.2700,33,2
2026-02-03,601318,13:41:25,66.2700,24,2
2026-02-03,601318,13:41:28,66.2700,8,2
2026-02-03,601318,13:41:31,66.2700,217,2
2026-02-03,601318,13:41:34,66.2600,146,2
2026-02-03,601318,13:41:37,66.3100,474,1
2026-02-03,601318,13:41:40,66.3000,176,1
2026-02-03,601318,13:41:43,66.2700,54,2
2026-02-03,601318,13:41:46,66.2900,278,1
2026-02-03,601318,13:41:49,66.2500,95,2
2026-02-03,601318,13:41:52,66.2700,35,1
2026-02-03,601318,13:41:55,66.2700,36,1
2026-02-03,601318,13:41:58,66.2900,23,1
2026-02-03,601318,13:42:01,66.2600,15,2
2026-02-03,601318,13:42:04,66.2600,27,2
2026-02-03,601318,13:42:07,66.3000,39,1
2026-02-03,601318,13:42:10,66.2400,92,2
2026-02-03,601318,13:42:13,66.2600,213,1
2026-02-03,601318,13:42:16,66.2200,72,2
2026-02-03,601318,13:42:19,66.2700,55,1
2026-02-03,601318,13:42:22,66.2200,44,2
2026-02-03,601318,13:42:25,66.2500,83,1
2026-02-03,601318,13:42:28,66.2800,55,1
2026-02-03,601318,13:42:31,66.2700,24,1
2026-02-03,601318,13:42:34,66.2700,11,2
2026-02-03,601318,13:42:37,66.2700,10,2
2026-02-03,601318,13:42:40,66.2800,141,1
2026-02-03,601318,13:42:43,66.2500,177,2
2026-02-03,601318,13:42:46,66.2200,166,2
2026-02-03,601318,13:42:49,66.2200,80,1
2026-02-03,601318,13:42:52,66.2200,136,1
2026-02-03,601318,13:42:55,66.2500,204,1
2026-02-03,601318,13:42:58,66.2100,159,2
2026-02-03,601318,13:43:01,66.2000,72,2
2026-02-03,601318,13:43:04,66.1900,235,2
2026-02-03,601318,13:43:07,66.2100,151,1
2026-02-03,601318,13:43:10,66.2000,89,2
2026-02-03,601318,13:43:13,66.2300,52,1
2026-02-03,601318,13:43:16,66.2300,53,2
2026-02-03,601318,13:43:19,66.1900,52,2
2026-02-03,601318,13:43:22,66.2200,57,1
2026-02-03,601318,13:43:25,66.1900,136,2
2026-02-03,601318,13:43:28,66.2000,88,2
2026-02-03,601318,13:43:31,66.2100,67,2
2026-02-03,601318,13:43:34,66.2200,67,2
2026-02-03,601318,13:43:37,66.2100,22,2
2026-02-03,601318,13:43:40,66.2900,338,1
2026-02-03,601318,13:43:43,66.2400,136,2
2026-02-03,601318,13:43:46,66.2200,30,2
2026-02-03,601318,13:43:49,66.2400,21,2
2026-02-03,601318,13:43:52,66.2200,66,2
2026-02-03,601318,13:43:55,66.3100,247,1
2026-02-03,601318,13:43:58,66.3200,1540,1
2026-02-03,601318,13:44:01,66.3100,135,4
2026-02-03,601318,13:44:04,66.3200,56,2
2026-02-03,601318,13:44:07,66.3500,48,1
2026-02-03,601318,13:44:10,66.3000,272,2
2026-02-03,601318,13:44:13,66.3200,113,2
2026-02-03,601318,13:44:16,66.3500,33,1
2026-02-03,601318,13:44:19,66.3500,12,1
2026-02-03,601318,13:44:22,66.3300,307,2
2026-02-03,601318,13:44:25,66.3500,81,1
2026-02-03,601318,13:44:28,66.3500,12,1
2026-02-03,601318,13:44:31,66.3400,10,2
2026-02-03,601318,13:44:34,66.3400,90,2
2026-02-03,601318,13:44:37,66.3400,67,1
2026-02-03,601318,13:44:40,66.3300,23,4
2026-02-03,601318,13:44:43,66.3100,34,2
2026-02-03,601318,13:44:46,66.3300,14,1
2026-02-03,601318,13:44:49,66.3200,23,2
2026-02-03,601318,13:44:52,66.3200,51,2
2026-02-03,601318,13:44:55,66.3300,41,1
2026-02-03,601318,13:44:58,66.3400,14,1
2026-02-03,601318,13:45:01,66.3200,54,2
2026-02-03,601318,13:45:04,66.3500,104,1
2026-02-03,601318,13:45:07,66.3500,139,1
2026-02-03,601318,13:45:10,66.3400,16,4
2026-02-03,601318,13:45:13,66.3200,21,2
2026-02-03,601318,13:45:16,66.3200,43,2
2026-02-03,601318,13:45:19,66.3200,27,1
2026-02-03,601318,13:45:22,66.3200,48,1
2026-02-03,601318,13:45:25,66.3200,20,1
2026-02-03,601318,13:45:28,66.3200,27,1
2026-02-03,601318,13:45:31,66.3100,9,4
2026-02-03,601318,13:45:34,66.3100,92,2
2026-02-03,601318,13:45:37,66.3100,35,2
2026-02-03,601318,13:45:40,66.3500,150,1
2026-02-03,601318,13:45:43,66.3500,30,1
2026-02-03,601318,13:45:46,66.3500,30,2
2026-02-03,601318,13:45:49,66.3500,23,2
2026-02-03,601318,13:45:52,66.3500,98,2
2026-02-03,601318,13:45:55,66.3500,33,2
2026-02-03,601318,13:45:58,66.3600,152,2
2026-02-03,601318,13:46:01,66.3500,72,2
2026-02-03,601318,13:46:04,66.3800,159,1
2026-02-03,601318,13:46:07,66.3500,149,2
2026-02-03,601318,13:46:10,66.3600,191,2
2026-02-03,601318,13:46:13,66.3600,45,2
2026-02-03,601318,13:46:16,66.3500,72,2
2026-02-03,601318,13:46:19,66.3700,106,1
2026-02-03,601318,13:46:22,66.3500,117,2
2026-02-03,601318,13:46:25,66.3600,56,4
2026-02-03,601318,13:46:28,66.3800,508,1
2026-02-03,601318,13:46:31,66.3700,443,4
2026-02-03,601318,13:46:34,66.3800,33,2
2026-02-03,601318,13:46:37,66.4000,74,1
2026-02-03,601318,13:46:40,66.4400,196,1
2026-02-03,601318,13:46:43,66.4500,506,1
2026-02-03,601318,13:46:46,66.4100,72,2
2026-02-03,601318,13:46:49,66.4600,41,1
2026-02-03,601318,13:46:52,66.4600,37,1
2026-02-03,601318,13:46:55,66.4500,47,2
2026-02-03,601318,13:46:58,66.4300,93,2
2026-02-03,601318,13:47:01,66.4200,42,2
2026-02-03,601318,13:47:04,66.4200,323,2
2026-02-03,601318,13:47:07,66.4300,99,4
2026-02-03,601318,13:47:10,66.4100,3,2
2026-02-03,601318,13:47:13,66.4100,19,2
2026-02-03,601318,13:47:16,66.4100,71,2
2026-02-03,601318,13:47:19,66.4200,126,1
2026-02-03,601318,13:47:22,66.4300,28,1
2026-02-03,601318,13:47:25,66.4000,174,2
2026-02-03,601318,13:47:28,66.4000,5,2
2026-02-03,601318,13:47:31,66.4200,17,1
2026-02-03,601318,13:47:34,66.4000,116,2
2026-02-03,601318,13:47:37,66.4000,129,2
2026-02-03,601318,13:47:40,66.4000,6,1
2026-02-03,601318,13:47:43,66.3900,42,2
2026-02-03,601318,13:47:46,66.4000,21,1
2026-02-03,601318,13:47:49,66.4000,42,1
2026-02-03,601318,13:47:52,66.3900,43,2
2026-02-03,601318,13:47:55,66.3800,7,2
2026-02-03,601318,13:47:58,66.3900,8,1
2026-02-03,601318,13:48:01,66.3800,118,2
2026-02-03,601318,13:48:04,66.4100,45,1
2026-02-03,601318,13:48:07,66.4000,84,2
2026-02-03,601318,13:48:10,66.4000,35,1
2026-02-03,601318,13:48:13,66.4000,50,1
2026-02-03,601318,13:48:16,66.4000,87,2
2026-02-03,601318,13:48:19,66.4100,385,1
2026-02-03,601318,13:48:22,66.4200,514,1
2026-02-03,601318,13:48:25,66.4200,60,1
2026-02-03,601318,13:48:28,66.4700,48,1
2026-02-03,601318,13:48:31,66.4300,82,2
2026-02-03,601318,13:48:34,66.4800,81,1
2026-02-03,601318,13:48:37,66.5000,589,1
2026-02-03,601318,13:48:40,66.4800,11,4
2026-02-03,601318,13:48:43,66.5000,162,1
2026-02-03,601318,13:48:46,66.5100,142,1
2026-02-03,601318,13:48:49,66.5100,482,1
2026-02-03,601318,13:48:52,66.5400,74,1
2026-02-03,601318,13:48:55,66.5800,183,1
2026-02-03,601318,13:48:58,66.5800,180,1
2026-02-03,601318,13:49:01,66.5800,54,1
2026-02-03,601318,13:49:04,66.5500,97,2
2026-02-03,601318,13:49:07,66.5500,404,1
2026-02-03,601318,13:49:10,66.5200,466,2
2026-02-03,601318,13:49:13,66.5200,67,2
2026-02-03,601318,13:49:16,66.5400,102,1
2026-02-03,601318,13:49:19,66.5200,25,2
2026-02-03,601318,13:49:22,66.5500,194,1
2026-02-03,601318,13:49:25,66.5500,102,2
2026-02-03,601318,13:49:28,66.5100,48,2
2026-02-03,601318,13:49:31,66.5300,36,2
2026-02-03,601318,13:49:34,66.5000,81,2
2026-02-03,601318,13:49:37,66.4900,60,2
2026-02-03,601318,13:49:40,66.4900,86,2
2026-02-03,601318,13:49:43,66.4700,9,2
2026-02-03,601318,13:49:46,66.4800,68,1
2026-02-03,601318,13:49:49,66.4600,99,2
2026-02-03,601318,13:49:52,66.4600,15,1
2026-02-03,601318,13:49:55,66.4600,52,1
2026-02-03,601318,13:49:58,66.4900,59,1
2026-02-03,601318,13:50:01,66.4900,14,1
2026-02-03,601318,13:50:04,66.4600,54,2
2026-02-03,601318,13:50:07,66.4400,493,2
2026-02-03,601318,13:50:10,66.4600,234,1
2026-02-03,601318,13:50:13,66.4700,292,1
2026-02-03,601318,13:50:16,66.5200,139,1
2026-02-03,601318,13:50:19,66.4800,130,2
2026-02-03,601318,13:50:22,66.4800,68,1
2026-02-03,601318,13:50:25,66.4600,143,1
2026-02-03,601318,13:50:28,66.4500,38,2
2026-02-03,601318,13:50:31,66.4700,24,1
2026-02-03,601318,13:50:34,66.4800,26,1
2026-02-03,601318,13:50:37,66.5000,179,1
2026-02-03,601318,13:50:40,66.4800,181,2
2026-02-03,601318,13:50:43,66.4900,80,4
2026-02-03,601318,13:50:46,66.4900,119,1
2026-02-03,601318,13:50:49,66.4500,83,2
2026-02-03,601318,13:50:52,66.5000,94,1
2026-02-03,601318,13:50:55,66.4900,118,1
2026-02-03,601318,13:50:58,66.4700,283,2
2026-02-03,601318,13:51:01,66.4900,154,1
2026-02-03,601318,13:51:04,66.4500,75,2
2026-02-03,601318,13:51:07,66.4400,44,2
2026-02-03,601318,13:51:10,66.4600,90,1
2026-02-03,601318,13:51:13,66.4300,135,2
2026-02-03,601318,13:51:16,66.4500,73,1
2026-02-03,601318,13:51:19,66.4500,47,2
2026-02-03,601318,13:51:22,66.4600,53,4
2026-02-03,601318,13:51:25,66.4500,45,2
2026-02-03,601318,13:51:28,66.4700,33,1
2026-02-03,601318,13:51:31,66.5000,98,1
2026-02-03,601318,13:51:34,66.4900,130,2
2026-02-03,601318,13:51:37,66.5100,77,1
2026-02-03,601318,13:51:40,66.5000,92,4
2026-02-03,601318,13:51:43,66.5000,54,1
2026-02-03,601318,13:51:46,66.4900,26,2
2026-02-03,601318,13:51:49,66.5000,58,1
2026-02-03,601318,13:51:52,66.4800,105,2
2026-02-03,601318,13:51:55,66.4700,99,2
2026-02-03,601318,13:51:58,66.4700,148,2
2026-02-03,601318,13:52:01,66.4600,66,2
2026-02-03,601318,13:52:04,66.4000,724,2
2026-02-03,601318,13:52:07,66.3700,339,2
2026-02-03,601318,13:52:10,66.4000,314,1
2026-02-03,601318,13:52:13,66.3900,150,2
2026-02-03,601318,13:52:16,66.4000,80,1
2026-02-03,601318,13:52:19,66.3900,112,2
2026-02-03,601318,13:52:22,66.3800,163,4
2026-02-03,601318,13:52:25,66.3900,172,1
2026-02-03,601318,13:52:28,66.3400,122,2
2026-02-03,601318,13:52:31,66.3500,22,2
2026-02-03,601318,13:52:34,66.3700,21,1
2026-02-03,601318,13:52:37,66.3700,45,1
2026-02-03,601318,13:52:40,66.3700,24,1
2026-02-03,601318,13:52:43,66.3700,66,2
2026-02-03,601318,13:52:46,66.3900,64,2
2026-02-03,601318,13:52:49,66.3900,32,1
2026-02-03,601318,13:52:52,66.4400,140,1
2026-02-03,601318,13:52:55,66.3900,48,2
2026-02-03,601318,13:52:58,66.4100,59,1
2026-02-03,601318,13:53:01,66.4100,39,1
2026-02-03,601318,13:53:04,66.4000,47,2
2026-02-03,601318,13:53:07,66.4200,47,1
2026-02-03,601318,13:53:10,66.4000,17,1
2026-02-03,601318,13:53:13,66.4000,54,1
2026-02-03,601318,13:53:16,66.4300,63,1
2026-02-03,601318,13:53:19,66.4000,191,2
2026-02-03,601318,13:53:22,66.4100,46,1
2026-02-03,601318,13:53:25,66.4000,54,2
2026-02-03,601318,13:53:28,66.4200,143,1
2026-02-03,601318,13:53:31,66.4200,124,2
2026-02-03,601318,13:53:34,66.4100,81,2
2026-02-03,601318,13:53:37,66.4100,66,1
2026-02-03,601318,13:53:40,66.4100,31,2
2026-02-03,601318,13:53:43,66.4100,159,2
2026-02-03,601318,13:53:46,66.4100,181,1
2026-02-03,601318,13:53:49,66.4100,119,2
2026-02-03,601318,13:53:52,66.4200,30,2
2026-02-03,601318,13:53:55,66.4100,38,2
2026-02-03,601318,13:53:58,66.4100,23,2
2026-02-03,601318,13:54:01,66.4000,44,2
2026-02-03,601318,13:54:04,66.4000,35,2
2026-02-03,601318,13:54:07,66.4300,74,1
2026-02-03,601318,13:54:10,66.4200,68,2
2026-02-03,601318,13:54:13,66.4100,229,2
2026-02-03,601318,13:54:16,66.4100,62,1
2026-02-03,601318,13:54:19,66.4100,50,1
2026-02-03,601318,13:54:22,66.4000,32,2
2026-02-03,601318,13:54:25,66.4100,23,1
2026-02-03,601318,13:54:28,66.4200,30,1
2026-02-03,601318,13:54:31,66.4200,37,2
2026-02-03,601318,13:54:34,66.4200,42,2
2026-02-03,601318,13:54:37,66.4100,16,2
2026-02-03,601318,13:54:40,66.4100,7,2
2026-02-03,601318,13:54:43,66.4300,15,1
2026-02-03,601318,13:54:46,66.4100,82,2
2026-02-03,601318,13:54:49,66.4200,44,1
2026-02-03,601318,13:54:52,66.4300,27,1
2026-02-03,601318,13:54:55,66.4200,50,2
2026-02-03,601318,13:54:58,66.4200,112,2
2026-02-03,601318,13:55:01,66.4200,36,2
2026-02-03,601318,13:55:04,66.4400,46,1
2026-02-03,601318,13:55:07,66.4200,31,2
2026-02-03,601318,13:55:10,66.4200,12,2
2026-02-03,601318,13:55:13,66.4600,9,1
2026-02-03,601318,13:55:16,66.4700,66,1
2026-02-03,601318,13:55:19,66.4800,90,4
2026-02-03,601318,13:55:22,66.4900,115,1
2026-02-03,601318,13:55:25,66.4700,45,2
2026-02-03,601318,13:55:28,66.4700,139,2
2026-02-03,601318,13:55:31,66.4900,39,1
2026-02-03,601318,13:55:34,66.4600,78,2
2026-02-03,601318,13:55:37,66.4800,436,1
2026-02-03,601318,13:55:40,66.4700,119,2
2026-02-03,601318,13:55:43,66.4700,152,2
2026-02-03,601318,13:55:46,66.4800,37,2
2026-02-03,601318,13:55:49,66.4600,30,2
2026-02-03,601318,13:55:52,66.4900,53,1
2026-02-03,601318,13:55:55,66.4600,19,2
2026-02-03,601318,13:55:58,66.4900,34,1
2026-02-03,601318,13:56:01,66.4900,19,1
2026-02-03,601318,13:56:04,66.4900,13,1
2026-02-03,601318,13:56:07,66.5000,245,1
2026-02-03,601318,13:56:10,66.5100,116,1
2026-02-03,601318,13:56:13,66.5000,122,2
2026-02-03,601318,13:56:16,66.4600,36,2
2026-02-03,601318,13:56:19,66.4600,34,2
2026-02-03,601318,13:56:22,66.4700,42,2
2026-02-03,601318,13:56:25,66.4900,24,1
2026-02-03,601318,13:56:28,66.5000,24,1
2026-02-03,601318,13:56:31,66.5000,34,1
2026-02-03,601318,13:56:34,66.5000,1466,2
2026-02-03,601318,13:56:37,66.5100,18,1
2026-02-03,601318,13:56:40,66.5000,26,2
2026-02-03,601318,13:56:43,66.4900,71,2
2026-02-03,601318,13:56:46,66.5000,53,1
2026-02-03,601318,13:56:49,66.4900,40,2
2026-02-03,601318,13:56:52,66.5000,28,4
2026-02-03,601318,13:56:55,66.5100,30,1
2026-02-03,601318,13:56:58,66.5000,38,2
2026-02-03,601318,13:57:01,66.5200,181,1
2026-02-03,601318,13:57:04,66.5200,139,2
2026-02-03,601318,13:57:07,66.5300,90,1
2026-02-03,601318,13:57:10,66.5200,70,1
2026-02-03,601318,13:57:13,66.5100,113,2
2026-02-03,601318,13:57:16,66.5100,666,4
2026-02-03,601318,13:57:19,66.5000,280,2
2026-02-03,601318,13:57:22,66.4800,55,2
2026-02-03,601318,13:57:25,66.4800,72,2
2026-02-03,601318,13:57:28,66.5100,361,1
2026-02-03,601318,13:57:31,66.5000,572,2
2026-02-03,601318,13:57:34,66.5500,853,1
2026-02-03,601318,13:57:37,66.4600,304,2
2026-02-03,601318,13:57:40,66.5300,103,1
2026-02-03,601318,13:57:43,66.4600,78,2
2026-02-03,601318,13:57:46,66.4900,6,2
2026-02-03,601318,13:57:49,66.4900,20,1
2026-02-03,601318,13:57:52,66.4900,29,1
2026-02-03,601318,13:57:55,66.5200,386,1
2026-02-03,601318,13:57:58,66.4600,143,2
2026-02-03,601318,13:58:01,66.4600,71,2
2026-02-03,601318,13:58:04,66.4800,117,1
2026-02-03,601318,13:58:07,66.4800,50,2
2026-02-03,601318,13:58:10,66.4700,103,2
2026-02-03,601318,13:58:13,66.4500,131,2
2026-02-03,601318,13:58:16,66.4500,116,2
2026-02-03,601318,13:58:19,66.4500,71,2
2026-02-03,601318,13:58:22,66.4600,208,1
2026-02-03,601318,13:58:25,66.4500,128,2
2026-02-03,601318,13:58:28,66.4500,57,1
2026-02-03,601318,13:58:31,66.4700,127,1
2026-02-03,601318,13:58:34,66.4800,70,1
2026-02-03,601318,13:58:37,66.4400,40,2
2026-02-03,601318,13:58:40,66.4400,106,2
2026-02-03,601318,13:58:43,66.4400,111,2
2026-02-03,601318,13:58:46,66.4400,28,2
2026-02-03,601318,13:58:49,66.4400,70,2
2026-02-03,601318,13:58:52,66.4400,252,2
2026-02-03,601318,13:58:55,66.4300,177,2
2026-02-03,601318,13:58:58,66.4300,136,1
2026-02-03,601318,13:59:01,66.4300,146,1
2026-02-03,601318,13:59:04,66.4600,100,2
2026-02-03,601318,13:59:07,66.4400,64,2
2026-02-03,601318,13:59:10,66.4400,43,2
2026-02-03,601318,13:59:13,66.4300,20,2
2026-02-03,601318,13:59:16,66.4400,39,1
2026-02-03,601318,13:59:19,66.4400,23,2
2026-02-03,601318,13:59:22,66.4400,24,2
2026-02-03,601318,13:59:25,66.4500,28,4
2026-02-03,601318,13:59:28,66.4600,38,1
2026-02-03,601318,13:59:31,66.4500,104,2
2026-02-03,601318,13:59:34,66.4400,15,2
2026-02-03,601318,13:59:37,66.4500,393,1
2026-02-03,601318,13:59:40,66.4500,43,1
2026-02-03,601318,13:59:43,66.4500,39,1
2026-02-03,601318,13:59:46,66.4500,79,1
2026-02-03,601318,13:59:49,66.4500,70,2
2026-02-03,601318,13:59:52,66.4700,58,1
2026-02-03,601318,13:59:55,66.4400,150,2
2026-02-03,601318,13:59:58,66.4300,25,2
2026-02-03,601318,14:00:01,66.4500,62,1
2026-02-03,601318,14:00:04,66.4400,38,2
2026-02-03,601318,14:00:07,66.4400,78,2
2026-02-03,601318,14:00:10,66.4300,186,2
2026-02-03,601318,14:00:13,66.4300,148,2
2026-02-03,601318,14:00:16,66.4100,467,2
2026-02-03,601318,14:00:19,66.4300,286,1
2026-02-03,601318,14:00:22,66.4100,94,2
2026-02-03,601318,14:00:25,66.4100,56,2
2026-02-03,601318,14:00:28,66.4200,51,1
2026-02-03,601318,14:00:31,66.4200,105,1
2026-02-03,601318,14:00:34,66.4000,229,2
2026-02-03,601318,14:00:37,66.4100,537,1
2026-02-03,601318,14:00:40,66.3600,202,2
2026-02-03,601318,14:00:43,66.3800,109,1
2026-02-03,601318,14:00:46,66.3800,94,2
2026-02-03,601318,14:00:49,66.3900,96,1
2026-02-03,601318,14:00:52,66.3600,68,2
2026-02-03,601318,14:00:55,66.3700,50,2
2026-02-03,601318,14:00:58,66.3700,68,2
2026-02-03,601318,14:01:01,66.3600,113,2
2026-02-03,601318,14:01:04,66.3800,216,1
2026-02-03,601318,14:01:07,66.3700,151,2
2026-02-03,601318,14:01:10,66.3600,173,2
2026-02-03,601318,14:01:13,66.3600,424,2
2026-02-03,601318,14:01:16,66.3600,147,1
2026-02-03,601318,14:01:19,66.3300,89,2
2026-02-03,601318,14:01:22,66.3500,155,1
2026-02-03,601318,14:01:25,66.3300,131,2
2026-02-03,601318,14:01:28,66.3100,62,2
2026-02-03,601318,14:01:31,66.3100,117,2
2026-02-03,601318,14:01:34,66.3300,89,1
2026-02-03,601318,14:01:37,66.3100,19,2
2026-02-03,601318,14:01:40,66.3200,98,1
2026-02-03,601318,14:01:43,66.3300,118,1
2026-02-03,601318,14:01:46,66.3200,51,2
2026-02-03,601318,14:01:49,66.3100,78,2
2026-02-03,601318,14:01:52,66.3200,49,1
2026-02-03,601318,14:01:55,66.3200,51,2
2026-02-03,601318,14:01:58,66.3200,26,1
2026-02-03,601318,14:02:01,66.3100,103,2
2026-02-03,601318,14:02:04,66.3100,47,1
2026-02-03,601318,14:02:07,66.3000,38,2
2026-02-03,601318,14:02:10,66.3000,76,2
2026-02-03,601318,14:02:13,66.3100,167,1
2026-02-03,601318,14:02:16,66.3100,122,1
2026-02-03,601318,14:02:19,66.3000,109,2
2026-02-03,601318,14:02:22,66.3000,81,2
2026-02-03,601318,14:02:25,66.2900,80,2
2026-02-03,601318,14:02:28,66.2900,48,1
2026-02-03,601318,14:02:31,66.2800,129,2
2026-02-03,601318,14:02:34,66.2800,147,2
2026-02-03,601318,14:02:37,66.3000,370,1
2026-02-03,601318,14:02:40,66.2900,148,2
2026-02-03,601318,14:02:43,66.3000,108,2
2026-02-03,601318,14:02:46,66.3000,37,1
2026-02-03,601318,14:02:49,66.3000,82,1
2026-02-03,601318,14:02:52,66.2900,267,2
2026-02-03,601318,14:02:55,66.2900,156,1
2026-02-03,601318,14:02:58,66.3100,256,1
2026-02-03,601318,14:03:01,66.2700,74,2
2026-02-03,601318,14:03:04,66.2800,128,4
2026-02-03,601318,14:03:07,66.2700,223,2
2026-02-03,601318,14:03:10,66.2900,299,1
2026-02-03,601318,14:03:13,66.2500,1558,2
2026-02-03,601318,14:03:16,66.2000,108,2
2026-02-03,601318,14:03:19,66.2500,182,1
2026-02-03,601318,14:03:22,66.2600,340,1
2026-02-03,601318,14:03:25,66.2000,308,2
2026-02-03,601318,14:03:28,66.2700,118,1
2026-02-03,601318,14:03:31,66.2700,59,1
2026-02-03,601318,14:03:34,66.2700,265,1
2026-02-03,601318,14:03:37,66.2700,46,2
2026-02-03,601318,14:03:40,66.2700,75,2
2026-02-03,601318,14:03:43,66.2600,56,2
2026-02-03,601318,14:03:46,66.2600,33,2
2026-02-03,601318,14:03:49,66.2600,71,4
2026-02-03,601318,14:03:52,66.2600,6,4
2026-02-03,601318,14:03:55,66.2700,35,1
2026-02-03,601318,14:03:58,66.2700,35,1
2026-02-03,601318,14:04:01,66.2600,58,2
2026-02-03,601318,14:04:04,66.2500,132,2
2026-02-03,601318,14:04:07,66.2600,54,2
2026-02-03,601318,14:04:10,66.2600,16,2
2026-02-03,601318,14:04:13,66.2700,24,2
2026-02-03,601318,14:04:16,66.2700,98,2
2026-02-03,601318,14:04:19,66.2600,298,2
2026-02-03,601318,14:04:22,66.2600,135,1
2026-02-03,601318,14:04:25,66.2500,39,2
2026-02-03,601318,14:04:28,66.2600,53,4
2026-02-03,601318,14:04:31,66.2600,22,2
2026-02-03,601318,14:04:34,66.2600,31,2
2026-02-03,601318,14:04:37,66.2500,66,2
2026-02-03,601318,14:04:40,66.2600,238,1
2026-02-03,601318,14:04:43,66.2700,75,2
2026-02-03,601318,14:04:46,66.2700,20,2
2026-02-03,601318,14:04:49,66.2700,48,2
2026-02-03,601318,14:04:52,66.2500,55,2
2026-02-03,601318,14:04:55,66.2500,28,2
2026-02-03,601318,14:04:58,66.2600,26,1
2026-02-03,601318,14:05:01,66.2600,38,2
2026-02-03,601318,14:05:04,66.2700,45,2
2026-02-03,601318,14:05:07,66.2600,33,2
2026-02-03,601318,14:05:10,66.2800,341,1
2026-02-03,601318,14:05:13,66.2600,89,2
2026-02-03,601318,14:05:16,66.2600,46,2
2026-02-03,601318,14:05:19,66.2700,37,2
2026-02-03,601318,14:05:22,66.2700,30,1
2026-02-03,601318,14:05:25,66.2600,29,2
2026-02-03,601318,14:05:28,66.2600,109,2
2026-02-03,601318,14:05:31,66.2600,38,1
2026-02-03,601318,14:05:34,66.2500,23,2
2026-02-03,601318,14:05:37,66.2600,137,1
2026-02-03,601318,14:05:40,66.2500,170,2
2026-02-03,601318,14:05:43,66.2500,58,2
2026-02-03,601318,14:05:46,66.2600,256,4
2026-02-03,601318,14:05:49,66.2600,55,4
2026-02-03,601318,14:05:52,66.2600,76,2
2026-02-03,601318,14:05:55,66.2800,30,1
2026-02-03,601318,14:05:58,66.2700,65,4
2026-02-03,601318,14:06:01,66.2600,41,2
2026-02-03,601318,14:06:04,66.2600,47,2
2026-02-03,601318,14:06:07,66.2800,35,1
2026-02-03,601318,14:06:10,66.2600,23,2
2026-02-03,601318,14:06:13,66.3000,84,1
2026-02-03,601318,14:06:16,66.2600,40,2
2026-02-03,601318,14:06:19,66.2700,39,2
2026-02-03,601318,14:06:22,66.3300,288,1
2026-02-03,601318,14:06:25,66.3200,234,2
2026-02-03,601318,14:06:28,66.3200,53,2
2026-02-03,601318,14:06:31,66.3100,48,2
2026-02-03,601318,14:06:34,66.3300,61,1
2026-02-03,601318,14:06:37,66.3300,26,2
2026-02-03,601318,14:06:40,66.3600,60,1
2026-02-03,601318,14:06:43,66.3200,33,2
2026-02-03,601318,14:06:46,66.3200,26,2
2026-02-03,601318,14:06:49,66.3200,483,2
2026-02-03,601318,14:06:52,66.3600,138,1
2026-02-03,601318,14:06:55,66.3400,159,1
2026-02-03,601318,14:06:58,66.3200,75,2
2026-02-03,601318,14:07:01,66.3200,106,2
2026-02-03,601318,14:07:04,66.3200,101,1
2026-02-03,601318,10:57:10,65.7600,164,1
2026-02-03,601318,10:57:13,65.7500,24,2
2026-02-03,601318,10:57:16,65.7400,67,2
2026-02-03,601318,10:57:19,65.7500,58,1
2026-02-03,601318,10:57:22,65.7500,111,1
2026-02-03,601318,10:57:25,65.7500,102,1
2026-02-03,601318,10:57:28,65.7800,41,1
2026-02-03,601318,10:57:31,65.7400,108,2
2026-02-03,601318,10:57:34,65.7400,91,1
2026-02-03,601318,10:57:37,65.7400,56,1
2026-02-03,601318,10:57:40,65.7400,58,2
2026-02-03,601318,10:57:43,65.7000,697,2
2026-02-03,601318,10:57:46,65.6900,125,2
2026-02-03,601318,10:57:49,65.7000,480,1
2026-02-03,601318,10:57:52,65.6700,209,2
2026-02-03,601318,10:57:55,65.7000,13,1
2026-02-03,601318,10:57:58,65.7000,120,1
2026-02-03,601318,10:58:01,65.7000,169,1
2026-02-03,601318,10:58:04,65.7000,84,2
2026-02-03,601318,10:58:07,65.7000,42,2
2026-02-03,601318,10:58:10,65.7100,103,1
2026-02-03,601318,10:58:13,65.7200,188,1
2026-02-03,601318,10:58:16,65.7200,63,1
2026-02-03,601318,10:58:19,65.7200,124,1
2026-02-03,601318,10:58:22,65.7200,17,2
2026-02-03,601318,10:58:25,65.7300,55,1
2026-02-03,601318,10:58:28,65.7300,142,1
2026-02-03,601318,10:58:31,65.7300,229,2
2026-02-03,601318,10:58:34,65.7300,95,2
2026-02-03,601318,10:58:37,65.7300,91,1
2026-02-03,601318,10:58:40,65.7300,156,2
2026-02-03,601318,10:58:43,65.7300,243,2
2026-02-03,601318,10:58:46,65.7300,99,1
2026-02-03,601318,10:58:49,65.7300,34,2
2026-02-03,601318,10:58:52,65.7300,37,2
2026-02-03,601318,10:58:55,65.7300,109,2
2026-02-03,601318,10:58:58,65.7300,63,2
2026-02-03,601318,10:59:01,65.7300,45,2
2026-02-03,601318,10:59:04,65.7500,153,1
2026-02-03,601318,10:59:07,65.7200,108,2
2026-02-03,601318,10:59:10,65.7400,50,2
2026-02-03,601318,10:59:13,65.7400,137,2
2026-02-03,601318,10:59:16,65.7600,733,1
2026-02-03,601318,10:59:19,65.7500,192,2
2026-02-03,601318,10:59:22,65.7600,87,2
2026-02-03,601318,10:59:25,65.7600,95,2
2026-02-03,601318,10:59:28,65.7800,16,4
2026-02-03,601318,10:59:31,65.7700,55,2
2026-02-03,601318,10:59:34,65.7800,13,4
2026-02-03,601318,10:59:37,65.7900,56,1
2026-02-03,601318,10:59:40,65.7900,20,2
2026-02-03,601318,10:59:43,65.8000,250,1
2026-02-03,601318,10:59:46,65.7700,324,2
2026-02-03,601318,10:59:49,65.7700,135,1
2026-02-03,601318,10:59:52,65.7700,328,1
2026-02-03,601318,10:59:55,65.7500,559,2
2026-02-03,601318,10:59:58,65.7700,245,2
2026-02-03,601318,11:00:01,65.7600,90,2
2026-02-03,601318,11:00:04,65.7700,91,1
2026-02-03,601318,11:00:07,65.7600,126,2
2026-02-03,601318,11:00:10,65.7800,57,1
2026-02-03,601318,11:00:13,65.8000,46,1
2026-02-03,601318,11:00:16,65.7700,189,2
2026-02-03,601318,11:00:19,65.8100,146,1
2026-02-03,601318,11:00:22,65.8400,76,1
2026-02-03,601318,11:00:25,65.8600,94,1
2026-02-03,601318,11:00:28,65.8800,72,1
2026-02-03,601318,11:00:31,65.8800,44,2
2026-02-03,601318,11:00:34,65.8800,61,2
2026-02-03,601318,11:00:37,65.8800,132,2
2026-02-03,601318,11:00:40,65.8900,126,2
2026-02-03,601318,11:00:43,65.8800,100,2
2026-02-03,601318,11:00:46,65.9200,80,1
2026-02-03,601318,11:00:49,65.8700,273,2
2026-02-03,601318,11:00:52,65.9100,111,1
2026-02-03,601318,11:00:55,65.9100,73,2
2026-02-03,601318,11:00:58,65.9400,112,1
2026-02-03,601318,11:01:01,65.9300,36,2
2026-02-03,601318,11:01:04,65.9600,134,1
2026-02-03,601318,11:01:07,65.9600,73,2
2026-02-03,601318,11:01:10,66.0000,67,1
2026-02-03,601318,11:01:13,65.9700,48,2
2026-02-03,601318,11:01:16,66.0000,350,1
2026-02-03,601318,11:01:19,66.0000,154,2
2026-02-03,601318,11:01:22,66.0200,48,1
2026-02-03,601318,11:01:25,66.0200,79,1
2026-02-03,601318,11:01:28,66.0300,55,1
2026-02-03,601318,11:01:31,66.0500,61,1
2026-02-03,601318,11:01:34,66.0500,117,2
2026-02-03,601318,11:01:37,66.0700,64,2
2026-02-03,601318,11:01:40,66.0900,106,1
2026-02-03,601318,11:01:43,66.0900,73,4
2026-02-03,601318,11:01:46,66.0700,153,2
2026-02-03,601318,11:01:49,66.0700,79,1
2026-02-03,601318,11:01:52,66.0400,294,2
2026-02-03,601318,11:01:55,66.0500,138,1
2026-02-03,601318,11:01:58,66.0600,143,1
2026-02-03,601318,11:02:01,66.0600,51,2
2026-02-03,601318,11:02:04,66.1000,140,1
2026-02-03,601318,11:02:07,66.0800,23,2
2026-02-03,601318,11:02:10,66.0300,508,2
2026-02-03,601318,11:02:13,66.0000,696,2
2026-02-03,601318,11:02:16,66.0500,246,1
2026-02-03,601318,11:02:19,66.0200,147,1
2026-02-03,601318,11:02:22,66.0600,156,1
2026-02-03,601318,11:02:25,66.0400,120,4
2026-02-03,601318,11:02:28,66.0200,171,2
2026-02-03,601318,11:02:31,66.0700,61,1
2026-02-03,601318,11:02:34,66.0600,86,4
2026-02-03,601318,11:02:37,66.0400,119,2
2026-02-03,601318,11:02:40,66.0200,70,2
2026-02-03,601318,11:02:43,66.0600,123,1
2026-02-03,601318,11:02:46,66.0600,84,1
2026-02-03,601318,11:02:49,66.0600,76,1
2026-02-03,601318,11:02:52,66.1000,121,1
2026-02-03,601318,11:02:55,66.1100,249,1
2026-02-03,601318,11:02:58,66.1000,81,4
2026-02-03,601318,11:03:01,66.1200,302,1
2026-02-03,601318,11:03:04,66.1000,390,2
2026-02-03,601318,11:03:07,66.1200,56,1
2026-02-03,601318,11:03:10,66.1400,299,1
2026-02-03,601318,11:03:13,66.0800,246,2
2026-02-03,601318,11:03:16,66.1000,192,1
2026-02-03,601318,11:03:19,66.1000,208,4
2026-02-03,601318,11:03:22,66.0800,94,1
2026-02-03,601318,11:03:25,66.1200,50,1
2026-02-03,601318,11:03:28,66.1300,268,1
2026-02-03,601318,11:03:31,66.1200,329,1
2026-02-03,601318,11:03:34,66.1200,191,1
2026-02-03,601318,11:03:37,66.1200,219,1
2026-02-03,601318,11:03:40,66.1200,214,2
2026-02-03,601318,11:03:43,66.1200,145,2
2026-02-03,601318,11:03:46,66.1700,139,1
2026-02-03,601318,11:03:49,66.1800,102,1
2026-02-03,601318,11:03:52,66.1900,376,1
2026-02-03,601318,11:03:55,66.2000,242,1
2026-02-03,601318,11:03:58,66.2200,222,1
2026-02-03,601318,11:04:01,66.1600,429,2
2026-02-03,601318,11:04:04,66.1500,346,2
2026-02-03,601318,11:04:07,66.1600,229,1
2026-02-03,601318,11:04:10,66.1400,284,2
2026-02-03,601318,11:04:13,66.1500,128,1
2026-02-03,601318,11:04:16,66.1500,22,2
2026-02-03,601318,11:04:19,66.1900,156,1
2026-02-03,601318,11:04:22,66.1500,166,2
2026-02-03,601318,11:04:25,66.1800,31,1
2026-02-03,601318,11:04:28,66.1200,709,2
2026-02-03,601318,11:04:31,66.0800,171,2
2026-02-03,601318,11:04:34,66.1500,58,1
2026-02-03,601318,11:04:37,66.1600,207,1
2026-02-03,601318,11:04:40,66.1700,620,1
2026-02-03,601318,11:04:43,66.1600,132,2
2026-02-03,601318,11:04:46,66.1900,41,1
2026-02-03,601318,11:04:49,66.1500,1269,2
2026-02-03,601318,11:04:52,66.1700,166,2
2026-02-03,601318,11:04:55,66.1500,413,2
2026-02-03,601318,11:04:58,66.1500,126,2
2026-02-03,601318,11:05:01,66.1500,192,2
2026-02-03,601318,11:05:04,66.1000,579,2
2026-02-03,601318,11:05:07,66.0900,51,2
2026-02-03,601318,11:05:10,66.1100,117,4
2026-02-03,601318,11:05:13,66.0900,81,2
2026-02-03,601318,11:05:16,66.1000,70,2
2026-02-03,601318,11:05:19,66.0900,33,2
2026-02-03,601318,11:05:22,66.0900,262,2
2026-02-03,601318,11:05:25,66.0900,110,1
2026-02-03,601318,11:05:28,66.0900,28,1
2026-02-03,601318,11:05:31,66.0900,76,1
2026-02-03,601318,11:05:34,66.0800,45,2
2026-02-03,601318,11:05:37,66.0700,126,2
2026-02-03,601318,11:05:40,66.0900,123,1
2026-02-03,601318,11:05:43,66.1000,47,1
2026-02-03,601318,11:05:46,66.1000,42,1
2026-02-03,601318,11:05:49,66.0700,24,2
2026-02-03,601318,11:05:52,66.0700,34,2
2026-02-03,601318,11:05:55,66.0700,7,2
2026-02-03,601318,11:05:58,66.0700,20,2
2026-02-03,601318,11:06:01,66.0800,42,1
2026-02-03,601318,11:06:04,66.0600,25,2
2026-02-03,601318,11:06:07,66.0800,306,1
2026-02-03,601318,11:06:10,66.0400,53,2
2026-02-03,601318,11:06:13,66.0800,104,1
2026-02-03,601318,11:06:16,66.0800,26,1
2026-02-03,601318,11:06:19,66.0800,13,2
2026-02-03,601318,11:06:22,66.0900,52,1
2026-02-03,601318,11:06:25,66.0800,139,2
2026-02-03,601318,11:06:28,66.1000,38,4
2026-02-03,601318,11:06:31,66.1000,6,2
2026-02-03,601318,11:06:34,66.1000,135,2
2026-02-03,601318,11:06:37,66.1000,13,2
2026-02-03,601318,11:06:40,66.0900,138,2
2026-02-03,601318,11:06:43,66.1200,74,1
2026-02-03,601318,11:06:46,66.0900,21,2
2026-02-03,601318,11:06:49,66.1000,63,1
2026-02-03,601318,11:06:52,66.0700,54,2
2026-02-03,601318,11:06:55,66.0600,78,1
2026-02-03,601318,11:06:58,66.0600,21,1
2026-02-03,601318,11:07:01,66.0600,107,1
2026-02-03,601318,11:07:04,66.0600,61,1
2026-02-03,601318,11:07:07,66.0600,138,2
2026-02-03,601318,11:07:10,66.0900,76,1
2026-02-03,601318,11:07:13,66.0900,30,2
2026-02-03,601318,11:07:16,66.0800,81,2
2026-02-03,601318,11:07:19,66.0000,523,2
2026-02-03,601318,11:07:22,66.0000,140,2
2026-02-03,601318,11:07:25,66.0400,62,1
2026-02-03,601318,11:07:28,66.0500,7,1
2026-02-03,601318,11:07:31,66.0600,76,1
2026-02-03,601318,11:07:34,66.0600,165,2
2026-02-03,601318,11:07:37,66.0400,144,2
2026-02-03,601318,11:07:40,66.0300,45,2
2026-02-03,601318,11:07:43,66.0300,32,2
2026-02-03,601318,11:07:46,66.0400,139,1
2026-02-03,601318,11:07:49,66.0600,41,1
2026-02-03,601318,11:07:52,66.0800,225,1
2026-02-03,601318,11:07:55,66.0800,90,1
2026-02-03,601318,11:07:58,66.0900,27,1
2026-02-03,601318,11:08:01,66.0900,21,2
2026-02-03,601318,11:08:04,66.1100,132,1
2026-02-03,601318,11:08:07,66.1300,148,1
2026-02-03,601318,11:08:10,66.1400,72,1
2026-02-03,601318,11:08:13,66.1400,39,1
2026-02-03,601318,11:08:16,66.1500,206,1
2026-02-03,601318,11:08:19,66.1400,186,2
2026-02-03,601318,11:08:22,66.1500,161,2
2026-02-03,601318,11:08:25,66.1800,103,1
2026-02-03,601318,11:08:28,66.1700,75,2
2026-02-03,601318,11:08:31,66.1700,137,2
2026-02-03,601318,11:08:34,66.1700,281,2
2026-02-03,601318,11:08:37,66.1600,196,1
2026-02-03,601318,11:08:40,66.1000,642,2
2026-02-03,601318,11:08:43,66.1600,481,1
2026-02-03,601318,11:08:46,66.1800,518,1
2026-02-03,601318,11:08:49,66.1600,214,2
2026-02-03,601318,11:08:52,66.1500,313,2
2026-02-03,601318,11:08:55,66.1500,99,2
2026-02-03,601318,11:08:58,66.1100,230,2
2026-02-03,601318,11:09:01,66.1300,52,1
2026-02-03,601318,11:09:04,66.1000,37,2
2026-02-03,601318,11:09:07,66.1100,55,1
2026-02-03,601318,11:09:10,66.1000,34,2
2026-02-03,601318,11:09:13,66.0500,343,2
2026-02-03,601318,11:09:16,66.1100,6,1
2026-02-03,601318,11:09:19,66.0500,307,2
2026-02-03,601318,11:09:22,66.1000,366,1
2026-02-03,601318,11:09:25,66.0300,66,2
2026-02-03,601318,11:09:28,66.0300,320,2
2026-02-03,601318,11:09:31,65.9800,457,2
2026-02-03,601318,11:09:34,65.9600,233,2
2026-02-03,601318,11:09:37,65.9600,76,2
2026-02-03,601318,11:09:40,65.9600,87,2
2026-02-03,601318,11:09:43,65.9600,144,2
2026-02-03,601318,11:09:46,66.0300,40,1
2026-02-03,601318,11:09:49,66.0100,8,2
2026-02-03,601318,11:09:52,66.0100,39,2
2026-02-03,601318,11:09:55,66.0300,38,1
2026-02-03,601318,11:09:58,66.0100,19,2
2026-02-03,601318,11:10:01,66.0300,183,1
2026-02-03,601318,11:10:04,66.0300,2,2
2026-02-03,601318,11:10:07,66.0100,523,2
2026-02-03,601318,11:10:10,66.0100,357,2
2026-02-03,601318,11:10:13,66.0000,154,2
2026-02-03,601318,11:10:16,66.0100,23,4
2026-02-03,601318,11:10:19,66.0300,14,2
2026-02-03,601318,11:10:22,66.0300,47,1
2026-02-03,601318,11:10:25,66.0500,45,1
2026-02-03,601318,11:10:28,66.0700,19,1
2026-02-03,601318,11:10:31,66.0700,7,2
2026-02-03,601318,11:10:34,66.0800,158,1
2026-02-03,601318,11:10:37,66.0700,12,4
2026-02-03,601318,11:10:40,66.0700,29,2
2026-02-03,601318,11:10:43,66.0700,36,1
2026-02-03,601318,11:10:46,66.0800,202,1
2026-02-03,601318,11:10:49,66.0600,95,2
2026-02-03,601318,11:10:52,66.0300,137,2
2026-02-03,601318,11:10:55,66.0200,468,2
2026-02-03,601318,11:10:58,66.0200,194,2
2026-02-03,601318,11:11:01,66.0200,115,2
2026-02-03,601318,11:11:04,66.0100,234,2
2026-02-03,601318,11:11:07,66.0100,238,2
2026-02-03,601318,11:11:10,66.0200,129,1
2026-02-03,601318,11:11:13,66.0100,110,2
2026-02-03,601318,11:11:16,66.0000,116,2
2026-02-03,601318,11:11:19,65.9900,361,2
2026-02-03,601318,11:11:22,66.0000,213,4
2026-02-03,601318,11:11:25,66.0000,70,1
2026-02-03,601318,11:11:28,65.9900,124,2
2026-02-03,601318,11:11:31,65.9900,38,2
2026-02-03,601318,11:11:34,66.0000,1054,1
2026-02-03,601318,11:11:37,65.9800,409,2
2026-02-03,601318,11:11:40,65.9800,209,2
2026-02-03,601318,11:11:43,65.9600,98,2
2026-02-03,601318,11:11:46,65.9600,45,2
2026-02-03,601318,11:11:49,65.9600,44,1
2026-02-03,601318,11:11:52,65.9600,238,1
2026-02-03,601318,11:11:55,66.0100,175,1
2026-02-03,601318,11:11:58,65.9700,53,2
2026-02-03,601318,11:12:01,65.9400,74,2
2026-02-03,601318,11:12:04,65.9200,294,2
2026-02-03,601318,11:12:07,65.9300,683,2
2026-02-03,601318,11:12:10,65.8900,149,2
2026-02-03,601318,11:12:13,65.8700,450,2
2026-02-03,601318,11:12:16,65.8800,300,1
2026-02-03,601318,11:12:19,65.8600,530,2
2026-02-03,601318,11:12:22,65.8800,206,1
2026-02-03,601318,11:12:25,65.8800,58,2
2026-02-03,601318,11:12:28,65.9100,104,1
2026-02-03,601318,11:12:31,65.9200,80,2
2026-02-03,601318,11:12:34,65.9500,1811,1
2026-02-03,601318,11:12:37,65.9400,481,1
2026-02-03,601318,11:12:40,65.9600,131,1
2026-02-03,601318,11:12:43,65.9600,32,2
2026-02-03,601318,11:12:46,66.0000,1630,1
2026-02-03,601318,11:12:49,65.9600,471,2
2026-02-03,601318,11:12:52,66.0000,186,1
2026-02-03,601318,11:12:55,65.9500,150,2
2026-02-03,601318,11:12:58,65.9400,547,2
2026-02-03,601318,11:13:01,65.9500,164,4
2026-02-03,601318,11:13:04,65.9400,88,2
2026-02-03,601318,11:13:07,65.9100,270,2
2026-02-03,601318,11:13:10,65.9000,76,2
2026-02-03,601318,11:13:13,65.9600,804,1
2026-02-03,601318,11:13:16,65.9800,563,1
2026-02-03,601318,11:13:19,65.9800,154,1
2026-02-03,601318,11:13:22,65.9300,234,2
2026-02-03,601318,11:13:25,65.9800,69,1
2026-02-03,601318,11:13:28,66.0100,42,1
2026-02-03,601318,11:13:31,66.0100,120,1
2026-02-03,601318,11:13:34,66.0000,293,4
2026-02-03,601318,11:13:37,66.0200,130,1
2026-02-03,601318,11:13:40,66.0100,99,1
2026-02-03,601318,11:13:43,65.9400,212,2
2026-02-03,601318,11:13:46,65.9700,1389,1
2026-02-03,601318,11:13:49,65.9100,419,2
2026-02-03,601318,11:13:52,65.9900,89,1
2026-02-03,601318,11:13:55,66.0000,18,1
2026-02-03,601318,11:13:58,66.0000,37,1
2026-02-03,601318,11:14:01,66.0200,84,1
2026-02-03,601318,11:14:04,66.0300,63,1
2026-02-03,601318,11:14:07,66.0600,64,1
2026-02-03,601318,11:14:10,66.0500,73,1
2026-02-03,601318,11:14:13,66.0300,92,2
2026-02-03,601318,11:14:16,66.0300,200,2
2026-02-03,601318,11:14:19,66.0500,219,1
2026-02-03,601318,11:14:22,66.0100,173,2
2026-02-03,601318,11:14:25,66.0600,77,1
2026-02-03,601318,11:14:28,66.0900,68,1
2026-02-03,601318,11:14:31,66.0200,52,2
2026-02-03,601318,11:14:34,66.0800,138,1
2026-02-03,601318,11:14:37,66.0300,334,2
2026-02-03,601318,11:14:40,66.0200,390,2
2026-02-03,601318,11:14:43,66.0300,355,2
2026-02-03,601318,11:14:46,66.0700,91,1
2026-02-03,601318,11:14:49,66.0100,202,2
2026-02-03,601318,11:14:52,66.0900,64,1
2026-02-03,601318,11:14:55,66.1200,171,1
2026-02-03,601318,11:14:58,66.0600,65,2
2026-02-03,601318,11:15:01,66.0300,36,2
2026-02-03,601318,11:15:04,66.0400,32,1
2026-02-03,601318,11:15:07,66.0200,83,2
2026-02-03,601318,11:15:10,66.0000,621,2
2026-02-03,601318,11:15:13,65.9900,203,2
2026-02-03,601318,11:15:16,66.1500,662,1
2026-02-03,601318,11:15:19,65.9900,218,2
2026-02-03,601318,11:15:22,65.9900,90,2
2026-02-03,601318,11:15:25,65.9700,1028,2
2026-02-03,601318,11:15:28,65.9200,142,2
2026-02-03,601318,11:15:31,65.9200,162,1
2026-02-03,601318,11:15:34,65.9000,189,2
2026-02-03,601318,11:15:37,66.0600,490,1
2026-02-03,601318,11:15:40,66.0000,139,4
2026-02-03,601318,11:15:43,66.0500,69,1
2026-02-03,601318,11:15:46,66.0300,254,1
2026-02-03,601318,11:15:49,65.9500,78,2
2026-02-03,601318,11:15:52,65.9500,61,2
2026-02-03,601318,11:15:55,65.9800,116,2
2026-02-03,601318,11:15:58,65.9800,29,2
2026-02-03,601318,11:16:01,66.0100,12,1
2026-02-03,601318,11:16:04,66.0000,56,1
2026-02-03,601318,11:16:07,65.9900,19,2
2026-02-03,601318,11:16:10,65.9900,23,2
2026-02-03,601318,11:16:13,66.0400,31,1
2026-02-03,601318,11:16:16,66.0500,47,1
2026-02-03,601318,11:16:19,66.0700,67,1
2026-02-03,601318,11:16:22,66.0500,76,2
2026-02-03,601318,11:16:25,66.0600,79,4
2026-02-03,601318,11:16:28,66.0800,73,1
2026-02-03,601318,11:16:31,66.0400,246,2
2026-02-03,601318,11:16:34,66.1000,99,1
2026-02-03,601318,11:16:37,66.0800,107,2
2026-02-03,601318,11:16:40,66.0900,356,1
2026-02-03,601318,11:16:43,66.0200,124,2
2026-02-03,601318,11:16:46,66.0600,149,1
2026-02-03,601318,11:16:49,66.0800,70,1
2026-02-03,601318,11:16:52,66.0500,14,4
2026-02-03,601318,11:16:55,66.0800,52,1
2026-02-03,601318,11:16:58,66.0500,134,2
2026-02-03,601318,11:17:01,66.0800,176,1
2026-02-03,601318,11:17:04,66.0600,278,2
2026-02-03,601318,11:17:07,66.0300,68,2
2026-02-03,601318,11:17:10,66.0200,169,2
2026-02-03,601318,11:17:13,66.0700,66,1
2026-02-03,601318,11:17:16,66.0700,10,2
2026-02-03,601318,11:17:19,66.0600,175,2
2026-02-03,601318,11:17:22,66.0800,93,1
2026-02-03,601318,11:17:25,66.1000,34,1
2026-02-03,601318,11:17:28,66.0800,25,2
2026-02-03,601318,11:17:31,66.1000,31,1
2026-02-03,601318,11:17:34,66.1000,36,2
2026-02-03,601318,11:17:37,66.1500,55,1
2026-02-03,601318,11:17:40,66.1500,119,2
2026-02-03,601318,11:17:43,66.1600,70,1
2026-02-03,601318,11:17:46,66.1600,95,1
2026-02-03,601318,11:17:49,66.1900,70,1
2026-02-03,601318,11:17:52,66.2000,226,1
2026-02-03,601318,11:17:55,66.2000,200,2
2026-02-03,601318,11:17:58,66.2000,103,2
2026-02-03,601318,11:18:01,66.1800,109,2
2026-02-03,601318,11:18:04,66.1800,299,1
2026-02-03,601318,11:18:07,66.1700,290,2
2026-02-03,601318,11:18:10,66.2200,144,1
2026-02-03,601318,11:18:13,66.1000,73,2
2026-02-03,601318,11:18:16,66.1900,63,1
2026-02-03,601318,11:18:19,66.1800,58,2
2026-02-03,601318,11:18:22,66.1900,82,1
2026-02-03,601318,11:18:25,66.1800,52,1
2026-02-03,601318,11:18:28,66.1600,47,2
2026-02-03,601318,11:18:31,66.1700,28,4
2026-02-03,601318,11:18:34,66.2000,113,1
2026-02-03,601318,11:18:37,66.2200,155,1
2026-02-03,601318,11:18:40,66.2200,300,1
2026-02-03,601318,11:18:43,66.2200,210,1
2026-02-03,601318,11:18:46,66.2600,210,1
2026-02-03,601318,11:18:49,66.2100,260,2
2026-02-03,601318,11:18:52,66.2200,278,2
2026-02-03,601318,11:18:55,66.2200,133,1
2026-02-03,601318,11:18:58,66.1700,365,2
2026-02-03,601318,11:19:01,66.1600,153,2
2026-02-03,601318,11:19:04,66.2000,84,4
2026-02-03,601318,11:19:07,66.1400,53,2
2026-02-03,601318,11:19:10,66.2000,119,1
2026-02-03,601318,11:19:13,66.1300,135,2
2026-02-03,601318,11:19:16,66.2000,110,1
2026-02-03,601318,11:19:19,66.1800,24,1
2026-02-03,601318,11:19:22,66.1700,88,1
2026-02-03,601318,11:19:25,66.1300,45,2
2026-02-03,601318,11:19:28,66.1700,54,1
2026-02-03,601318,11:19:31,66.1300,14,2
2026-02-03,601318,11:19:34,66.1700,58,1
2026-02-03,601318,11:19:37,66.2000,40,1
2026-02-03,601318,11:19:40,66.1600,161,2
2026-02-03,601318,11:19:43,66.1700,55,2
2026-02-03,601318,11:19:46,66.2000,48,1
2026-02-03,601318,11:19:49,66.1300,93,2
2026-02-03,601318,11:19:52,66.1700,29,1
2026-02-03,601318,11:19:55,66.1700,357,1
2026-02-03,601318,11:19:58,66.2000,5,1
2026-02-03,601318,11:20:01,66.1900,78,2
2026-02-03,601318,11:20:04,66.1700,322,2
2026-02-03,601318,11:20:07,66.1700,127,1
2026-02-03,601318,11:20:10,66.1400,29,2
2026-02-03,601318,11:20:13,66.1500,34,1
2026-02-03,601318,11:20:16,66.1600,32,1
2026-02-03,601318,11:20:19,66.1600,468,1
2026-02-03,601318,11:20:22,66.1300,16,2
2026-02-03,601318,11:20:25,66.1600,7,1
2026-02-03,601318,11:20:28,66.1500,14,1
2026-02-03,601318,11:20:31,66.1700,565,1
2026-02-03,601318,11:20:34,66.2200,62,1
2026-02-03,601318,11:20:37,66.2200,36,1
2026-02-03,601318,11:20:40,66.2000,31,2
