date,code,time,price,volume,bs
2026-04-29,601318,14:07:08,59.1900,33,4
2026-04-29,601318,14:07:11,59.1900,112,1
2026-04-29,601318,14:07:14,59.1900,184,1
2026-04-29,601318,14:07:17,59.1900,120,1
2026-04-29,601318,14:07:20,59.1800,134,4
2026-04-29,601318,14:07:23,59.2000,32,1
2026-04-29,601318,14:07:26,59.2000,148,1
2026-04-29,601318,14:07:29,59.2000,84,1
2026-04-29,601318,14:07:32,59.1800,106,2
2026-04-29,601318,14:07:35,59.1800,108,1
2026-04-29,601318,14:07:38,59.2000,306,1
2026-04-29,601318,14:07:41,59.1900,122,4
2026-04-29,601318,14:07:44,59.2300,1573,1
2026-04-29,601318,14:07:47,59.2200,315,2
2026-04-29,601318,14:07:50,59.2300,483,1
2026-04-29,601318,14:07:53,59.2200,147,2
2026-04-29,601318,14:07:56,59.2300,873,1
2026-04-29,601318,14:07:59,59.2200,464,1
2026-04-29,601318,14:08:02,59.2200,50,1
2026-04-29,601318,14:08:05,59.2300,354,1
2026-04-29,601318,14:08:08,59.2400,479,1
2026-04-29,601318,14:08:11,59.2300,184,1
2026-04-29,601318,14:08:14,59.2300,68,2
2026-04-29,601318,14:08:17,59.2300,134,4
2026-04-29,601318,14:08:20,59.2200,101,2
2026-04-29,601318,14:08:23,59.2200,32,1
2026-04-29,601318,14:08:26,59.2200,190,1
2026-04-29,601318,14:08:29,59.2100,151,2
2026-04-29,601318,14:08:32,59.2200,30,1
2026-04-29,601318,14:08:35,59.2100,66,2
2026-04-29,601318,14:08:38,59.2100,257,2
2026-04-29,601318,14:08:41,59.2100,212,2
2026-04-29,601318,14:08:44,59.2300,181,1
2026-04-29,601318,14:08:47,59.2100,448,2
2026-04-29,601318,14:08:50,59.2100,140,1
2026-04-29,601318,14:08:53,59.2400,579,1
2026-04-29,601318,14:08:56,59.2200,90,2
2026-04-29,601318,14:08:59,59.2200,364,1
2026-04-29,601318,14:09:02,59.2300,269,4
2026-04-29,601318,14:09:05,59.2400,337,1
2026-04-29,601318,14:09:08,59.2400,312,1
2026-04-29,601318,14:09:11,59.2400,101,1
2026-04-29,601318,14:09:14,59.2400,49,1
2026-04-29,601318,14:09:17,59.2400,197,1
2026-04-29,601318,14:09:20,59.2400,88,1
2026-04-29,601318,14:09:23,59.2300,52,4
2026-04-29,601318,14:09:26,59.2400,142,1
2026-04-29,601318,14:09:29,59.2400,134,1
2026-04-29,601318,14:09:32,59.2300,577,2
2026-04-29,601318,14:09:35,59.2400,90,1
2026-04-29,601318,14:09:38,59.2300,764,2
2026-04-29,601318,14:09:41,59.2300,130,2
2026-04-29,601318,14:09:44,59.2400,75,1
2026-04-29,601318,14:09:47,59.2400,150,2
2026-04-29,601318,14:09:50,59.2400,167,1
2026-04-29,601318,14:09:53,59.2500,56,1
2026-04-29,601318,14:09:56,59.2500,568,1
2026-04-29,601318,14:09:59,59.2400,34,4
2026-04-29,601318,14:10:02,59.2300,141,2
2026-04-29,601318,14:10:05,59.2300,79,2
2026-04-29,601318,14:10:08,59.2100,97,2
2026-04-29,601318,14:10:11,59.2100,114,2
2026-04-29,601318,14:10:14,59.2100,30,2
2026-04-29,601318,14:10:17,59.2100,71,2
2026-04-29,601318,14:10:20,59.2100,194,2
2026-04-29,601318,14:10:23,59.2100,55,1
2026-04-29,601318,14:10:26,59.2100,147,1
2026-04-29,601318,14:10:29,59.2000,63,2
2026-04-29,601318,14:10:32,59.2100,48,1
2026-04-29,601318,14:10:35,59.2100,320,1
2026-04-29,601318,14:10:38,59.2100,223,2
2026-04-29,601318,14:10:41,59.2200,75,1
2026-04-29,601318,14:10:44,59.2300,171,1
2026-04-29,601318,14:10:47,59.2300,38,1
2026-04-29,601318,14:10:50,59.2300,93,1
2026-04-29,601318,14:10:53,59.2400,213,1
2026-04-29,601318,14:10:56,59.2200,251,2
2026-04-29,601318,14:10:59,59.2300,48,1
2026-04-29,601318,14:11:02,59.2400,193,1
2026-04-29,601318,14:11:05,59.2500,5635,1
2026-04-29,601318,14:11:08,59.2400,301,2
2026-04-29,601318,14:11:11,59.2500,322,1
2026-04-29,601318,14:11:14,59.2500,491,1
2026-04-29,601318,14:11:17,59.2500,711,1
2026-04-29,601318,14:11:20,59.2500,395,1
2026-04-29,601318,14:11:23,59.2500,608,1
2026-04-29,601318,14:11:26,59.2600,931,1
2026-04-29,601318,14:11:29,59.2600,356,1
2026-04-29,601318,14:11:32,59.2500,1041,2
2026-04-29,601318,14:11:35,59.2600,747,4
2026-04-29,601318,14:11:38,59.2600,1626,2
2026-04-29,601318,14:11:41,59.2700,157,1
2026-04-29,601318,14:11:44,59.2800,156,1
2026-04-29,601318,14:11:47,59.2600,57,2
2026-04-29,601318,14:11:50,59.2600,12,1
2026-04-29,601318,14:11:53,59.2600,97,1
2026-04-29,601318,14:11:56,59.2700,206,4
2026-04-29,601318,14:11:59,59.2500,347,2
2026-04-29,601318,14:12:02,59.2700,200,1
2026-04-29,601318,14:12:05,59.2800,524,1
2026-04-29,601318,14:12:08,59.2700,113,2
2026-04-29,601318,14:12:11,59.2700,1084,2
2026-04-29,601318,14:12:14,59.2700,341,2
2026-04-29,601318,14:12:17,59.2700,80,2
2026-04-29,601318,14:12:20,59.2700,135,2
2026-04-29,601318,14:12:23,59.2900,470,1
2026-04-29,601318,14:12:26,59.2900,462,1
2026-04-29,601318,14:12:29,59.2800,102,2
2026-04-29,601318,14:12:32,59.2900,92,1
2026-04-29,601318,14:12:35,59.2800,306,2
2026-04-29,601318,14:12:38,59.2800,153,2
2026-04-29,601318,14:12:41,59.2800,108,2
2026-04-29,601318,14:12:44,59.2800,166,2
2026-04-29,601318,14:12:47,59.2900,85,1
2026-04-29,601318,14:12:50,59.2800,408,1
2026-04-29,601318,14:12:53,59.2800,163,2
2026-04-29,601318,14:12:56,59.2800,203,1
2026-04-29,601318,14:12:59,59.2900,105,1
2026-04-29,601318,14:13:02,59.2800,76,2
2026-04-29,601318,14:13:05,59.2900,91,1
2026-04-29,601318,14:13:08,59.2800,155,2
2026-04-29,601318,14:13:11,59.2800,68,1
2026-04-29,601318,14:13:14,59.2800,103,1
2026-04-29,601318,14:13:17,59.2700,170,2
2026-04-29,601318,14:13:20,59.2800,257,1
2026-04-29,601318,14:13:23,59.2800,253,1
2026-04-29,601318,14:13:26,59.2700,112,2
2026-04-29,601318,14:13:29,59.2800,184,1
2026-04-29,601318,14:13:32,59.2800,1099,1
2026-04-29,601318,14:13:35,59.2800,229,2
2026-04-29,601318,14:13:38,59.2800,117,2
2026-04-29,601318,14:13:41,59.2800,104,2
2026-04-29,601318,14:13:44,59.3000,882,1
2026-04-29,601318,14:13:47,59.3000,655,1
2026-04-29,601318,14:13:50,59.3000,260,1
2026-04-29,601318,14:13:53,59.3000,450,1
2026-04-29,601318,14:13:56,59.3000,893,1
2026-04-29,601318,14:13:59,59.3000,342,1
2026-04-29,601318,14:14:02,59.2900,209,2
2026-04-29,601318,14:14:05,59.2900,340,2
2026-04-29,601318,14:14:08,59.3000,175,1
2026-04-29,601318,14:14:11,59.3000,185,1
2026-04-29,601318,14:14:14,59.2800,87,2
2026-04-29,601318,14:14:17,59.2900,156,1
2026-04-29,601318,14:14:20,59.2900,59,1
2026-04-29,601318,14:14:23,59.3000,228,1
2026-04-29,601318,14:14:26,59.2800,308,2
2026-04-29,601318,14:14:29,59.2800,113,2
2026-04-29,601318,14:14:32,59.2800,158,1
2026-04-29,601318,14:14:35,59.2800,101,2
2026-04-29,601318,14:14:38,59.2800,47,1
2026-04-29,601318,14:14:41,59.3000,231,1
2026-04-29,601318,14:14:44,59.2800,243,2
2026-04-29,601318,14:14:47,59.3000,315,1
2026-04-29,601318,14:14:50,59.3000,239,1
2026-04-29,601318,14:14:53,59.3000,598,1
2026-04-29,601318,14:14:56,59.3000,394,1
2026-04-29,601318,14:14:59,59.2800,342,2
2026-04-29,601318,14:15:02,59.3000,415,1
2026-04-29,601318,14:15:05,59.2900,164,1
2026-04-29,601318,14:15:08,59.2800,34,2
2026-04-29,601318,14:15:11,59.3000,167,1
2026-04-29,601318,14:15:14,59.2900,497,4
2026-04-29,601318,14:15:17,59.3000,315,1
2026-04-29,601318,14:15:20,59.2700,300,2
2026-04-29,601318,14:15:23,59.2800,141,1
2026-04-29,601318,14:15:26,59.2700,209,2
2026-04-29,601318,14:15:29,59.2800,134,1
2026-04-29,601318,14:15:32,59.2800,109,1
2026-04-29,601318,14:15:35,59.2800,73,1
2026-04-29,601318,14:15:38,59.2700,106,2
2026-04-29,601318,14:15:41,59.2700,364,2
2026-04-29,601318,14:15:44,59.2700,302,2
2026-04-29,601318,14:15:47,59.2800,342,4
2026-04-29,601318,14:15:50,59.2700,108,2
2026-04-29,601318,14:15:53,59.2800,204,1
2026-04-29,601318,14:15:56,59.2700,165,2
2026-04-29,601318,14:15:59,59.2700,300,2
2026-04-29,601318,14:16:02,59.2700,46,1
2026-04-29,601318,14:16:05,59.2800,236,1
2026-04-29,601318,14:16:08,59.3000,129,1
2026-04-29,601318,14:16:11,59.2800,126,2
2026-04-29,601318,14:16:14,59.2700,141,2
2026-04-29,601318,14:16:17,59.2700,191,1
2026-04-29,601318,14:16:20,59.2700,99,2
2026-04-29,601318,14:16:23,59.2700,34,2
2026-04-29,601318,14:16:26,59.2700,51,2
2026-04-29,601318,14:16:29,59.2800,100,1
2026-04-29,601318,14:16:32,59.2700,43,2
2026-04-29,601318,14:16:35,59.2700,97,2
2026-04-29,601318,14:16:38,59.2700,371,2
2026-04-29,601318,14:16:41,59.2900,1034,1
2026-04-29,601318,14:16:44,59.2800,222,4
2026-04-29,601318,14:16:47,59.2800,147,2
2026-04-29,601318,14:16:50,59.2900,23,1
2026-04-29,601318,14:16:53,59.2900,148,1
2026-04-29,601318,14:16:56,59.2900,169,1
2026-04-29,601318,14:16:59,59.2800,582,2
2026-04-29,601318,14:17:02,59.2800,144,1
2026-04-29,601318,14:17:05,59.2800,82,1
2026-04-29,601318,14:17:08,59.2800,153,2
2026-04-29,601318,14:17:11,59.2800,19,2
2026-04-29,601318,14:17:14,59.2900,43,1
2026-04-29,601318,14:17:17,59.2800,42,2
2026-04-29,601318,14:17:20,59.2800,221,2
2026-04-29,601318,14:17:23,59.2800,71,2
2026-04-29,601318,14:17:26,59.2800,209,2
2026-04-29,601318,14:17:29,59.2800,51,1
2026-04-29,601318,14:17:32,59.2800,157,1
2026-04-29,601318,14:17:35,59.2800,114,4
2026-04-29,601318,14:17:38,59.2700,260,2
2026-04-29,601318,14:17:41,59.2700,183,2
2026-04-29,601318,14:17:44,59.2700,439,2
2026-04-29,601318,14:17:47,59.2700,193,2
2026-04-29,601318,14:17:50,59.2700,114,2
2026-04-29,601318,14:17:53,59.2900,99,1
2026-04-29,601318,14:17:56,59.2700,260,2
2026-04-29,601318,14:17:59,59.2900,180,1
2026-04-29,601318,14:18:02,59.2800,513,2
2026-04-29,601318,14:18:05,59.3000,202,1
2026-04-29,601318,14:18:08,59.3000,358,1
2026-04-29,601318,14:18:11,59.2900,201,2
2026-04-29,601318,14:18:14,59.2900,32,2
2026-04-29,601318,14:18:17,59.2900,104,2
2026-04-29,601318,14:18:20,59.2900,217,2
2026-04-29,601318,14:18:23,59.2900,46,2
2026-04-29,601318,14:18:26,59.2900,917,1
2026-04-29,601318,14:18:29,59.2900,186,1
2026-04-29,601318,14:18:32,59.2800,71,2
2026-04-29,601318,14:18:35,59.2800,87,2
2026-04-29,601318,14:18:38,59.2800,114,2
2026-04-29,601318,14:18:41,59.2700,241,2
2026-04-29,601318,14:18:44,59.2800,490,1
2026-04-29,601318,14:18:47,59.2800,1507,1
2026-04-29,601318,14:18:50,59.2800,105,2
2026-04-29,601318,14:18:53,59.2800,71,1
2026-04-29,601318,14:18:56,59.2700,20,4
2026-04-29,601318,14:18:59,59.2700,28,4
2026-04-29,601318,14:19:02,59.3000,438,1
2026-04-29,601318,14:19:05,59.3000,1548,1
2026-04-29,601318,14:19:08,59.2900,72,2
2026-04-29,601318,14:19:11,59.3000,32,1
2026-04-29,601318,14:19:14,59.2900,35,4
2026-04-29,601318,14:19:17,59.3000,82,1
2026-04-29,601318,14:19:20,59.2800,78,2
2026-04-29,601318,14:19:23,59.2800,57,1
2026-04-29,601318,14:19:26,59.2900,35,4
2026-04-29,601318,14:19:29,59.2900,214,1
2026-04-29,601318,14:19:32,59.2900,154,1
2026-04-29,601318,14:19:35,59.2900,84,2
2026-04-29,601318,14:19:38,59.3000,151,1
2026-04-29,601318,14:19:41,59.3000,54,1
2026-04-29,601318,14:19:44,59.2900,56,2
2026-04-29,601318,14:19:47,59.2800,119,2
2026-04-29,601318,14:19:50,59.2800,316,2
2026-04-29,601318,14:19:53,59.2700,228,2
2026-04-29,601318,14:19:56,59.2700,366,1
2026-04-29,601318,14:19:59,59.2900,409,1
2026-04-29,601318,14:20:02,59.3000,891,1
2026-04-29,601318,14:20:05,59.3000,1312,2
2026-04-29,601318,14:20:08,59.2900,94,2
2026-04-29,601318,14:20:11,59.2800,46,2
2026-04-29,601318,14:20:14,59.2900,122,1
2026-04-29,601318,14:20:17,59.2900,208,1
2026-04-29,601318,14:20:20,59.2900,116,1
2026-04-29,601318,14:20:23,59.3000,560,1
2026-04-29,601318,14:20:26,59.2900,129,2
2026-04-29,601318,14:20:29,59.3000,125,1
2026-04-29,601318,14:20:32,59.2900,99,2
2026-04-29,601318,14:20:35,59.2900,14,2
2026-04-29,601318,14:20:38,59.2900,169,2
2026-04-29,601318,14:20:41,59.2800,157,2
2026-04-29,601318,14:20:44,59.3000,240,1
2026-04-29,601318,14:20:47,59.2800,210,2
2026-04-29,601318,14:20:50,59.2800,266,1
2026-04-29,601318,14:20:53,59.2700,153,2
2026-04-29,601318,14:20:56,59.2900,118,1
2026-04-29,601318,14:20:59,59.2800,144,2
2026-04-29,601318,14:21:02,59.2900,113,4
2026-04-29,601318,14:21:05,59.2800,43,2
2026-04-29,601318,14:21:08,59.2700,68,2
2026-04-29,601318,14:21:11,59.2700,162,2
2026-04-29,601318,14:21:14,59.2700,54,2
2026-04-29,601318,14:21:17,59.2700,265,2
2026-04-29,601318,14:21:20,59.2600,242,2
2026-04-29,601318,14:21:23,59.2800,301,1
2026-04-29,601318,14:21:26,59.2800,95,2
2026-04-29,601318,14:21:29,59.2600,119,2
2026-04-29,601318,14:21:32,59.2700,457,1
2026-04-29,601318,14:21:35,59.2700,1291,2
2026-04-29,601318,14:21:38,59.2800,224,1
2026-04-29,601318,14:21:41,59.2700,68,2
2026-04-29,601318,14:21:44,59.3000,85,1
2026-04-29,601318,14:21:47,59.2900,111,2
2026-04-29,601318,14:21:50,59.3000,192,1
2026-04-29,601318,14:21:53,59.2900,29,2
2026-04-29,601318,14:21:56,59.3000,80,1
2026-04-29,601318,14:21:59,59.3100,803,1
2026-04-29,601318,14:22:02,59.3100,1087,1
2026-04-29,601318,14:22:05,59.3100,476,1
2026-04-29,601318,14:22:08,59.3000,491,2
2026-04-29,601318,14:22:11,59.3000,101,1
2026-04-29,601318,14:22:14,59.3000,72,1
2026-04-29,601318,14:22:17,59.2900,91,2
2026-04-29,601318,14:22:20,59.2900,58,1
2026-04-29,601318,14:22:23,59.3100,358,1
2026-04-29,601318,14:22:26,59.3100,321,1
2026-04-29,601318,14:22:29,59.2900,35,2
2026-04-29,601318,14:22:32,59.3000,44,1
2026-04-29,601318,14:22:35,59.2900,72,2
2026-04-29,601318,14:22:38,59.2800,167,2
2026-04-29,601318,14:22:41,59.3000,53,1
2026-04-29,601318,14:22:44,59.2900,216,2
2026-04-29,601318,14:22:47,59.3000,132,1
2026-04-29,601318,14:22:50,59.3000,117,2
2026-04-29,601318,14:22:53,59.3000,52,2
2026-04-29,601318,14:22:56,59.3100,55,1
2026-04-29,601318,14:22:59,59.3100,113,1
2026-04-29,601318,14:23:02,59.2900,51,2
2026-04-29,601318,14:23:05,59.3000,122,1
2026-04-29,601318,14:23:08,59.2900,253,2
2026-04-29,601318,14:23:11,59.3000,162,4
2026-04-29,601318,14:23:14,59.2900,86,2
2026-04-29,601318,14:23:17,59.2900,104,2
2026-04-29,601318,14:23:20,59.2900,166,2
2026-04-29,601318,14:23:23,59.3000,86,1
2026-04-29,601318,14:23:26,59.3000,93,1
2026-04-29,601318,14:23:29,59.2900,246,2
2026-04-29,601318,14:23:32,59.3000,167,1
2026-04-29,601318,14:23:35,59.3000,1248,2
2026-04-29,601318,14:23:38,59.3300,1439,1
2026-04-29,601318,14:23:41,59.3900,7322,1
2026-04-29,601318,14:23:44,59.4400,3270,1
2026-04-29,601318,14:23:47,59.4400,922,1
2026-04-29,601318,14:23:50,59.4100,1632,2
2026-04-29,601318,14:23:53,59.4300,398,1
2026-04-29,601318,14:23:56,59.4300,801,1
2026-04-29,601318,14:23:59,59.4200,124,2
2026-04-29,601318,14:24:02,59.4500,784,1
2026-04-29,601318,14:24:05,59.4700,1226,1
2026-04-29,601318,14:24:08,59.4700,931,1
2026-04-29,601318,14:24:11,59.4800,224,1
2026-04-29,601318,14:24:14,59.4800,157,1
2026-04-29,601318,14:24:17,59.4600,295,2
2026-04-29,601318,14:24:20,59.4700,429,1
2026-04-29,601318,14:24:23,59.4700,592,1
2026-04-29,601318,14:24:26,59.4800,1447,1
2026-04-29,601318,14:24:29,59.4700,535,2
2026-04-29,601318,14:24:32,59.4700,78,2
2026-04-29,601318,14:24:35,59.4700,273,2
2026-04-29,601318,14:24:38,59.4600,253,2
2026-04-29,601318,14:24:41,59.4700,211,1
2026-04-29,601318,14:24:44,59.4800,490,1
2026-04-29,601318,14:24:47,59.4900,329,1
2026-04-29,601318,14:24:50,59.4600,155,2
2026-04-29,601318,14:24:53,59.4600,367,1
2026-04-29,601318,14:24:56,59.4800,523,1
2026-04-29,601318,14:24:59,59.4900,446,1
2026-04-29,601318,14:25:02,59.4900,223,1
2026-04-29,601318,14:25:05,59.4900,338,1
2026-04-29,601318,14:25:08,59.4800,223,2
2026-04-29,601318,14:25:11,59.4900,425,1
2026-04-29,601318,14:25:14,59.4800,246,2
2026-04-29,601318,14:25:17,59.5000,3088,1
2026-04-29,601318,14:25:20,59.5000,295,1
2026-04-29,601318,14:25:23,59.5000,1061,1
2026-04-29,601318,14:25:26,59.4800,18,4
2026-04-29,601318,14:25:29,59.4800,125,1
2026-04-29,601318,14:25:32,59.4800,125,1
2026-04-29,601318,14:25:35,59.4800,80,2
2026-04-29,601318,14:25:38,59.4700,40,2
2026-04-29,601318,14:25:41,59.4600,131,2
2026-04-29,601318,14:25:44,59.5000,1076,1
2026-04-29,601318,14:25:47,59.5000,1002,1
2026-04-29,601318,14:25:50,59.5000,387,1
2026-04-29,601318,14:25:53,59.4900,853,1
2026-04-29,601318,14:25:56,59.5000,541,1
2026-04-29,601318,14:25:59,59.4900,140,1
2026-04-29,601318,14:26:02,59.4900,1082,1
2026-04-29,601318,14:26:05,59.4900,182,2
2026-04-29,601318,14:26:08,59.4900,128,2
2026-04-29,601318,14:26:11,59.4800,239,2
2026-04-29,601318,14:26:14,59.4900,327,1
2026-04-29,601318,14:26:17,59.4900,387,1
2026-04-29,601318,14:26:20,59.4800,89,2
2026-04-29,601318,14:26:23,59.4900,119,1
2026-04-29,601318,14:26:26,59.4800,188,4
2026-04-29,601318,14:26:29,59.4800,311,1
2026-04-29,601318,14:26:32,59.4800,323,2
2026-04-29,601318,14:26:35,59.4900,210,1
2026-04-29,601318,14:26:38,59.4900,417,1
2026-04-29,601318,14:26:41,59.4800,163,2
2026-04-29,601318,14:26:44,59.4900,221,1
2026-04-29,601318,14:26:47,59.4900,598,1
2026-04-29,601318,14:26:50,59.4900,205,1
2026-04-29,601318,14:26:53,59.4900,616,1
2026-04-29,601318,14:26:56,59.4900,229,2
2026-04-29,601318,14:26:59,59.4900,178,1
2026-04-29,601318,14:27:02,59.5000,318,1
2026-04-29,601318,14:27:05,59.4900,99,2
2026-04-29,601318,14:27:08,59.4900,55,2
2026-04-29,601318,14:27:11,59.4900,129,1
2026-04-29,601318,14:27:14,59.4900,183,1
2026-04-29,601318,14:27:17,59.4800,179,2
2026-04-29,601318,14:27:20,59.4700,34,2
2026-04-29,601318,14:27:23,59.4700,212,2
2026-04-29,601318,14:27:26,59.4700,187,1
2026-04-29,601318,14:27:29,59.4700,170,1
2026-04-29,601318,14:27:32,59.4600,45,2
2026-04-29,601318,14:27:35,59.4600,156,1
2026-04-29,601318,14:27:38,59.4500,383,2
2026-04-29,601318,14:27:41,59.4500,84,2
2026-04-29,601318,14:27:44,59.4600,367,1
2026-04-29,601318,14:27:47,59.4800,562,1
2026-04-29,601318,14:27:50,59.4800,154,1
2026-04-29,601318,14:27:53,59.4800,234,1
2026-04-29,601318,14:27:56,59.4900,1264,1
2026-04-29,601318,14:27:59,59.4900,254,2
2026-04-29,601318,14:28:02,59.4900,145,1
2026-04-29,601318,14:28:05,59.4900,380,2
2026-04-29,601318,14:28:08,59.4800,390,2
2026-04-29,601318,14:28:11,59.4700,460,2
2026-04-29,601318,14:28:14,59.4900,2651,1
2026-04-29,601318,14:28:17,59.4800,352,2
2026-04-29,601318,14:28:20,59.4800,243,1
2026-04-29,601318,14:28:23,59.4700,49,2
2026-04-29,601318,14:28:26,59.4700,120,2
2026-04-29,601318,14:28:29,59.4700,99,1
2026-04-29,601318,14:28:32,59.4600,207,2
2026-04-29,601318,14:28:35,59.4700,158,4
2026-04-29,601318,14:28:38,59.4800,422,1
2026-04-29,601318,14:28:41,59.4700,122,1
2026-04-29,601318,14:28:44,59.4700,141,1
2026-04-29,601318,14:28:47,59.4800,470,1
2026-04-29,601318,14:28:50,59.4600,251,2
2026-04-29,601318,14:28:53,59.4900,870,1
2026-04-29,601318,14:28:56,59.4900,488,2
2026-04-29,601318,14:28:59,59.4800,890,2
2026-04-29,601318,14:29:02,59.4800,295,2
2026-04-29,601318,14:29:05,59.4700,143,2
2026-04-29,601318,14:29:08,59.4900,110,1
2026-04-29,601318,14:29:11,59.4800,18,1
2026-04-29,601318,14:29:14,59.4900,175,1
2026-04-29,601318,14:29:17,59.4700,241,2
2026-04-29,601318,14:29:20,59.4700,104,1
2026-04-29,601318,14:29:23,59.4700,104,1
2026-04-29,601318,14:29:26,59.4600,289,2
2026-04-29,601318,14:29:29,59.4600,73,1
2026-04-29,601318,14:29:32,59.4600,181,1
2026-04-29,601318,14:29:35,59.4500,88,2
2026-04-29,601318,14:29:38,59.4500,199,2
2026-04-29,601318,14:29:41,59.4500,85,2
2026-04-29,601318,14:29:44,59.4500,360,2
2026-04-29,601318,14:29:47,59.4500,573,2
2026-04-29,601318,14:29:50,59.4500,45,1
2026-04-29,601318,14:29:53,59.4500,231,1
2026-04-29,601318,14:29:56,59.4500,387,1
2026-04-29,601318,14:29:59,59.4500,505,1
2026-04-29,601318,14:30:02,59.4700,300,1
2026-04-29,601318,14:30:05,59.4500,542,2
2026-04-29,601318,14:30:08,59.4400,234,2
2026-04-29,601318,14:30:11,59.4400,110,2
2026-04-29,601318,14:30:14,59.4400,201,2
2026-04-29,601318,14:30:17,59.4400,565,2
2026-04-29,601318,14:30:20,59.4400,143,2
2026-04-29,601318,14:30:23,59.4400,109,2
2026-04-29,601318,14:30:26,59.4500,204,1
2026-04-29,601318,14:30:29,59.4500,241,1
2026-04-29,601318,14:30:32,59.4400,81,4
2026-04-29,601318,14:30:35,59.4500,624,1
2026-04-29,601318,14:30:38,59.4500,297,1
2026-04-29,601318,14:30:41,59.4500,575,1
2026-04-29,601318,14:30:44,59.4700,326,1
2026-04-29,601318,14:30:47,59.4700,291,1
2026-04-29,601318,14:30:50,59.4700,157,1
2026-04-29,601318,14:30:53,59.4800,172,1
2026-04-29,601318,14:30:56,59.4700,383,1
2026-04-29,601318,14:30:59,59.4600,211,2
2026-04-29,601318,14:31:02,59.4700,128,1
2026-04-29,601318,14:31:05,59.4700,131,1
2026-04-29,601318,14:31:08,59.4600,606,2
2026-04-29,601318,14:31:11,59.4600,375,1
2026-04-29,601318,14:31:14,59.4700,248,1
2026-04-29,601318,14:31:17,59.4900,518,1
2026-04-29,601318,14:31:20,59.4900,872,1
2026-04-29,601318,14:31:23,59.5000,837,1
2026-04-29,601318,14:31:26,59.4900,321,2
2026-04-29,601318,14:31:29,59.5000,913,1
2026-04-29,601318,14:31:32,59.5000,325,1
2026-04-29,601318,14:31:35,59.4900,321,2
2026-04-29,601318,14:31:38,59.5200,3524,1
2026-04-29,601318,14:31:41,59.5200,453,1
2026-04-29,601318,14:31:44,59.5400,387,1
2026-04-29,601318,14:31:47,59.5500,393,1
2026-04-29,601318,14:31:50,59.5300,105,2
2026-04-29,601318,14:31:53,59.5500,1064,1
2026-04-29,601318,14:31:56,59.5800,1029,1
2026-04-29,601318,14:31:59,59.5700,317,2
2026-04-29,601318,14:32:02,59.5700,1684,2
2026-04-29,601318,14:32:05,59.5700,342,1
2026-04-29,601318,14:32:08,59.5500,511,2
2026-04-29,601318,14:32:11,59.5300,309,2
2026-04-29,601318,14:32:14,59.5500,263,1
2026-04-29,601318,14:32:17,59.5400,171,2
2026-04-29,601318,14:32:20,59.5400,216,1
2026-04-29,601318,14:32:23,59.5400,235,1
2026-04-29,601318,14:32:26,59.5400,214,4
2026-04-29,601318,14:32:29,59.5600,469,1
2026-04-29,601318,14:32:32,59.5600,397,2
2026-04-29,601318,14:32:35,59.5700,436,1
2026-04-29,601318,14:32:38,59.5700,206,1
2026-04-29,601318,14:32:41,59.5400,85,2
2026-04-29,601318,14:32:44,59.5400,121,2
2026-04-29,601318,14:32:47,59.5800,388,1
2026-04-29,601318,14:32:50,59.5600,72,4
2026-04-29,601318,14:32:53,59.5600,330,1
2026-04-29,601318,14:32:56,59.5600,325,2
2026-04-29,601318,14:32:59,59.5600,131,2
2026-04-29,601318,14:33:02,59.5800,371,1
2026-04-29,601318,14:33:05,59.5700,570,2
2026-04-29,601318,14:33:08,59.5900,757,1
2026-04-29,601318,14:33:11,59.5600,234,2
2026-04-29,601318,14:33:14,59.5800,360,2
2026-04-29,601318,14:33:17,59.5700,171,2
2026-04-29,601318,14:33:20,59.5900,326,1
2026-04-29,601318,14:33:23,59.5800,162,2
2026-04-29,601318,14:33:26,59.5800,204,1
2026-04-29,601318,14:33:29,59.5800,247,1
2026-04-29,601318,14:33:32,59.5700,728,2
2026-04-29,601318,14:33:35,59.5700,210,1
2026-04-29,601318,14:33:38,59.5600,124,2
2026-04-29,601318,14:33:41,59.5600,88,2
2026-04-29,601318,14:33:44,59.5600,237,4
2026-04-29,601318,14:33:47,59.5700,280,1
2026-04-29,601318,14:33:50,59.5600,137,2
2026-04-29,601318,14:33:53,59.5600,355,2
2026-04-29,601318,14:33:56,59.5600,268,2
2026-04-29,601318,14:33:59,59.5600,126,1
2026-04-29,601318,14:34:02,59.5600,264,1
2026-04-29,601318,14:34:05,59.5600,497,1
2026-04-29,601318,14:34:08,59.5600,175,2
2026-04-29,601318,14:34:11,59.5600,115,2
2026-04-29,601318,14:34:14,59.5600,87,2
2026-04-29,601318,14:34:17,59.5600,400,2
2026-04-29,601318,14:34:20,59.5500,357,2
2026-04-29,601318,14:34:23,59.5600,60,1
2026-04-29,601318,14:34:26,59.5500,232,2
2026-04-29,601318,14:34:29,59.5500,174,2
2026-04-29,601318,14:34:32,59.5500,244,1
2026-04-29,601318,14:34:35,59.5400,924,2
2026-04-29,601318,14:34:38,59.5400,178,1
2026-04-29,601318,14:34:41,59.5400,194,1
2026-04-29,601318,14:34:44,59.5300,100,2
2026-04-29,601318,14:34:47,59.5300,433,2
2026-04-29,601318,14:34:50,59.5300,257,2
2026-04-29,601318,14:34:53,59.5300,213,1
2026-04-29,601318,14:34:56,59.5200,159,2
2026-04-29,601318,14:34:59,59.5100,120,2
2026-04-29,601318,14:35:02,59.5100,180,2
2026-04-29,601318,14:35:05,59.5100,191,2
2026-04-29,601318,14:35:08,59.5000,115,2
2026-04-29,601318,14:35:11,59.4900,298,2
2026-04-29,601318,14:35:14,59.5000,526,1
2026-04-29,601318,14:35:17,59.5100,913,1
2026-04-29,601318,14:35:20,59.5100,280,1
2026-04-29,601318,14:35:23,59.5100,893,2
2026-04-29,601318,14:35:26,59.5100,135,2
2026-04-29,601318,14:35:29,59.5100,248,1
2026-04-29,601318,14:35:32,59.5200,647,4
2026-04-29,601318,14:35:35,59.5200,409,1
2026-04-29,601318,14:35:38,59.5200,581,1
2026-04-29,601318,14:35:41,59.5200,556,2
2026-04-29,601318,14:35:44,59.5200,371,2
2026-04-29,601318,14:35:47,59.5100,338,2
2026-04-29,601318,14:35:50,59.5100,598,1
2026-04-29,601318,14:35:53,59.5400,967,1
2026-04-29,601318,14:35:56,59.5600,747,1
2026-04-29,601318,14:35:59,59.5400,579,2
2026-04-29,601318,14:36:02,59.5600,104,4
2026-04-29,601318,14:36:05,59.5800,999,1
2026-04-29,601318,14:36:08,59.5600,177,1
2026-04-29,601318,14:36:11,59.5600,331,2
2026-04-29,601318,14:36:14,59.5800,629,1
2026-04-29,601318,14:36:17,59.5700,437,2
2026-04-29,601318,14:36:20,59.5700,193,2
2026-04-29,601318,14:36:23,59.5800,254,1
2026-04-29,601318,14:36:26,59.5900,884,1
2026-04-29,601318,14:36:29,59.5700,1518,2
2026-04-29,601318,14:36:32,59.5800,320,1
2026-04-29,601318,14:36:35,59.5800,224,1
2026-04-29,601318,14:36:38,59.5800,173,1
2026-04-29,601318,14:36:41,59.5800,121,1
2026-04-29,601318,14:36:44,59.5800,163,1
2026-04-29,601318,14:36:47,59.5700,213,2
2026-04-29,601318,14:36:50,59.5500,130,2
2026-04-29,601318,14:36:53,59.5700,282,1
2026-04-29,601318,14:36:56,59.5600,152,1
2026-04-29,601318,14:36:59,59.5500,221,2
2026-04-29,601318,14:37:02,59.5600,234,1
2026-04-29,601318,14:37:05,59.5600,164,1
2026-04-29,601318,14:37:08,59.5600,132,2
2026-04-29,601318,14:37:11,59.5800,302,1
2026-04-29,601318,14:37:14,59.5800,502,1
2026-04-29,601318,14:37:17,59.5800,535,1
2026-04-29,601318,14:37:20,59.5700,90,4
2026-04-29,601318,14:37:23,59.5800,216,1
2026-04-29,601318,14:37:26,59.5700,245,2
2026-04-29,601318,14:37:29,59.5700,288,2
2026-04-29,601318,14:37:32,59.5700,130,2
2026-04-29,601318,14:37:35,59.5700,164,2
2026-04-29,601318,14:37:38,59.5800,306,1
2026-04-29,601318,14:37:41,59.5700,237,2
2026-04-29,601318,14:37:44,59.5700,300,1
2026-04-29,601318,14:37:47,59.5700,640,1
2026-04-29,601318,14:37:50,59.5500,259,2
2026-04-29,601318,14:37:53,59.5600,217,1
2026-04-29,601318,14:37:56,59.5400,207,2
2026-04-29,601318,14:37:59,59.5400,143,2
2026-04-29,601318,14:38:02,59.5500,148,1
2026-04-29,601318,14:38:05,59.5500,312,1
2026-04-29,601318,14:38:08,59.5500,261,1
2026-04-29,601318,14:38:11,59.5600,251,1
2026-04-29,601318,14:38:14,59.5700,403,1
2026-04-29,601318,14:38:17,59.5800,502,1
2026-04-29,601318,14:38:20,59.5500,159,2
2026-04-29,601318,14:38:23,59.5700,183,1
2026-04-29,601318,14:38:26,59.5500,90,2
2026-04-29,601318,14:38:29,59.5500,232,2
2026-04-29,601318,14:38:32,59.5700,253,1
2026-04-29,601318,14:38:35,59.5600,580,2
2026-04-29,601318,14:38:38,59.5600,80,1
2026-04-29,601318,14:38:41,59.5600,530,1
2026-04-29,601318,14:38:44,59.5600,551,1
2026-04-29,601318,14:38:47,59.5500,213,2
2026-04-29,601318,14:38:50,59.5600,221,1
2026-04-29,601318,14:38:53,59.5700,358,1
2026-04-29,601318,14:38:56,59.5700,338,1
2026-04-29,601318,14:38:59,59.5700,130,2
2026-04-29,601318,14:39:02,59.5600,259,2
2026-04-29,601318,14:39:05,59.5800,294,1
2026-04-29,601318,14:39:08,59.5800,368,1
2026-04-29,601318,14:39:11,59.5800,222,1
2026-04-29,601318,14:39:14,59.5900,496,1
2026-04-29,601318,14:39:17,59.5900,200,1
2026-04-29,601318,14:39:20,59.5800,196,4
2026-04-29,601318,14:39:23,59.5800,319,1
2026-04-29,601318,14:39:26,59.5800,242,1
2026-04-29,601318,14:39:29,59.5800,577,1
2026-04-29,601318,14:39:32,59.5800,206,2
2026-04-29,601318,14:39:35,59.5800,205,1
2026-04-29,601318,14:39:38,59.5800,434,2
2026-04-29,601318,14:39:41,59.5600,386,2
2026-04-29,601318,14:39:44,59.5600,198,2
2026-04-29,601318,14:39:47,59.5600,231,2
2026-04-29,601318,14:39:50,59.5700,267,1
2026-04-29,601318,14:39:53,59.5700,130,2
2026-04-29,601318,14:39:56,59.5700,353,2
2026-04-29,601318,14:39:59,59.5800,305,1
2026-04-29,601318,14:40:02,59.5800,269,1
2026-04-29,601318,14:40:05,59.5800,406,1
2026-04-29,601318,14:40:08,59.5600,321,2
2026-04-29,601318,14:40:11,59.5800,411,1
2026-04-29,601318,14:40:14,59.5800,468,1
2026-04-29,601318,14:40:17,59.5700,153,2
2026-04-29,601318,14:40:20,59.5600,294,2
2026-04-29,601318,14:40:23,59.5700,104,1
2026-04-29,601318,14:40:26,59.5600,268,2
2026-04-29,601318,14:40:29,59.5700,136,4
2026-04-29,601318,14:40:32,59.5800,585,1
2026-04-29,601318,14:40:35,59.5700,85,1
2026-04-29,601318,14:40:38,59.5700,1965,4
2026-04-29,601318,14:40:41,59.5600,144,2
2026-04-29,601318,14:40:44,59.5600,96,1
2026-04-29,601318,14:40:47,59.5600,119,1
2026-04-29,601318,14:40:50,59.5400,221,2
2026-04-29,601318,14:40:53,59.5500,131,1
2026-04-29,601318,14:40:56,59.5500,552,1
2026-04-29,601318,14:40:59,59.5600,512,1
2026-04-29,601318,14:41:02,59.5500,1268,2
2026-04-29,601318,14:41:05,59.5500,276,1
2026-04-29,601318,14:41:08,59.5000,1479,2
2026-04-29,601318,14:41:11,59.4900,713,2
2026-04-29,601318,14:41:14,59.4800,154,2
2026-04-29,601318,14:41:17,59.5000,607,1
2026-04-29,601318,14:41:20,59.4900,421,2
2026-04-29,601318,14:41:23,59.5200,288,1
2026-04-29,601318,14:41:26,59.5200,158,2
2026-04-29,601318,14:41:29,59.5300,785,1
2026-04-29,601318,14:41:32,59.5200,1518,2
2026-04-29,601318,14:41:35,59.5200,236,1
2026-04-29,601318,14:41:38,59.5100,239,2
2026-04-29,601318,14:41:41,59.5100,120,2
2026-04-29,601318,14:41:44,59.5000,259,2
2026-04-29,601318,14:41:47,59.5100,347,1
2026-04-29,601318,14:41:50,59.5000,192,2
2026-04-29,601318,14:41:53,59.5100,216,1
2026-04-29,601318,14:41:56,59.5000,43,2
2026-04-29,601318,14:41:59,59.5000,25,1
2026-04-29,601318,14:42:02,59.4900,92,2
2026-04-29,601318,14:42:05,59.4900,97,2
2026-04-29,601318,14:42:08,59.4900,351,1
2026-04-29,601318,14:42:11,59.5100,666,1
2026-04-29,601318,14:42:14,59.4900,435,2
2026-04-29,601318,14:42:17,59.5000,358,1
2026-04-29,601318,14:42:20,59.5200,1068,1
2026-04-29,601318,14:42:23,59.4800,148,2
2026-04-29,601318,14:42:26,59.5000,221,1
2026-04-29,601318,14:42:29,59.5100,267,1
2026-04-29,601318,14:42:32,59.5000,165,2
2026-04-29,601318,14:42:35,59.5100,342,1
2026-04-29,601318,14:42:38,59.5300,498,1
2026-04-29,601318,14:42:41,59.5100,89,2
2026-04-29,601318,14:42:44,59.5000,571,2
2026-04-29,601318,14:42:47,59.5000,63,2
2026-04-29,601318,14:42:50,59.5000,104,2
2026-04-29,601318,14:42:53,59.5100,362,1
2026-04-29,601318,14:42:56,59.5000,133,2
2026-04-29,601318,14:42:59,59.5000,338,1
2026-04-29,601318,14:43:02,59.5000,286,1
2026-04-29,601318,14:43:05,59.5000,311,1
2026-04-29,601318,14:43:08,59.5000,710,1
2026-04-29,601318,14:43:11,59.5300,308,1
2026-04-29,601318,14:43:14,59.5200,96,2
2026-04-29,601318,14:43:17,59.5200,128,2
2026-04-29,601318,14:43:20,59.5200,242,2
2026-04-29,601318,14:43:23,59.5000,104,2
2026-04-29,601318,14:43:26,59.5100,178,2
2026-04-29,601318,14:43:29,59.5100,50,4
2026-04-29,601318,14:43:32,59.5100,496,1
2026-04-29,601318,14:43:35,59.5000,586,2
2026-04-29,601318,14:43:38,59.5100,158,4
2026-04-29,601318,14:43:41,59.5100,244,1
2026-04-29,601318,14:43:44,59.5100,273,1
2026-04-29,601318,14:43:47,59.5000,83,2
2026-04-29,601318,14:43:50,59.4900,141,2
2026-04-29,601318,14:43:53,59.4900,54,2
2026-04-29,601318,14:43:56,59.5000,50,1
2026-04-29,601318,14:43:59,59.5000,189,1
2026-04-29,601318,14:44:02,59.4900,191,2
2026-04-29,601318,14:44:05,59.4900,362,1
2026-04-29,601318,14:44:08,59.4900,350,2
2026-04-29,601318,14:44:11,59.4800,520,2
2026-04-29,601318,14:44:14,59.4400,417,2
2026-04-29,601318,14:44:17,59.4400,33,2
2026-04-29,601318,14:44:20,59.4400,64,2
2026-04-29,601318,14:44:23,59.4400,274,2
2026-04-29,601318,14:44:26,59.4400,76,1
2026-04-29,601318,14:44:29,59.4400,99,1
2026-04-29,601318,14:44:32,59.4400,99,1
2026-04-29,601318,14:44:35,59.4200,58,2
2026-04-29,601318,14:44:38,59.4300,133,4
2026-04-29,601318,14:44:41,59.4400,330,1
2026-04-29,601318,14:44:44,59.4300,126,2
2026-04-29,601318,14:44:47,59.4200,85,2
2026-04-29,601318,14:44:50,59.4300,165,1
2026-04-29,601318,14:44:53,59.4200,191,2
2026-04-29,601318,14:44:56,59.4100,58,2
2026-04-29,601318,14:44:59,59.4200,321,1
2026-04-29,601318,14:45:02,59.4100,337,2
2026-04-29,601318,14:45:05,59.4100,151,1
2026-04-29,601318,14:45:08,59.4000,318,2
2026-04-29,601318,14:45:11,59.4000,324,2
2026-04-29,601318,14:45:14,59.3900,493,2
2026-04-29,601318,14:45:17,59.4000,306,1
2026-04-29,601318,14:45:20,59.3800,72,2
2026-04-29,601318,14:45:23,59.3800,249,2
2026-04-29,601318,14:45:26,59.3800,81,1
2026-04-29,601318,14:45:29,59.3900,326,1
2026-04-29,601318,14:45:32,59.4000,208,1
2026-04-29,601318,14:45:35,59.3900,238,2
2026-04-29,601318,14:45:38,59.3900,221,1
2026-04-29,601318,14:45:41,59.3900,224,2
2026-04-29,601318,14:45:44,59.3900,176,1
2026-04-29,601318,14:45:47,59.3800,322,2
2026-04-29,601318,14:45:50,59.3800,163,2
2026-04-29,601318,14:45:53,59.3900,341,1
2026-04-29,601318,14:45:56,59.3800,528,2
2026-04-29,601318,14:45:59,59.3900,467,1
2026-04-29,601318,14:46:02,59.3900,389,1
2026-04-29,601318,14:46:05,59.4000,425,1
2026-04-29,601318,14:46:08,59.3800,429,2
2026-04-29,601318,14:46:11,59.3800,306,1
2026-04-29,601318,14:46:14,59.3900,528,1
2026-04-29,601318,14:46:17,59.3900,210,1
2026-04-29,601318,14:46:20,59.3800,198,2
2026-04-29,601318,14:46:23,59.3900,432,2
2026-04-29,601318,14:46:26,59.3900,61,2
2026-04-29,601318,14:46:29,59.3800,164,2
2026-04-29,601318,14:46:32,59.3800,73,2
2026-04-29,601318,14:46:35,59.3800,297,2
2026-04-29,601318,14:46:38,59.3800,611,2
2026-04-29,601318,14:46:41,59.3800,290,1
2026-04-29,601318,14:46:44,59.3700,116,2
2026-04-29,601318,14:46:47,59.3600,333,2
2026-04-29,601318,14:46:50,59.3600,679,2
2026-04-29,601318,14:46:53,59.3600,595,1
2026-04-29,601318,14:46:56,59.3500,108,2
2026-04-29,601318,14:46:59,59.3500,137,2
2026-04-29,601318,14:47:02,59.3500,85,1
2026-04-29,601318,14:47:05,59.3400,127,2
2026-04-29,601318,14:47:08,59.3400,236,1
2026-04-29,601318,14:47:11,59.3300,315,2
2026-04-29,601318,14:47:14,59.3400,227,1
2026-04-29,601318,14:47:17,59.3400,53,2
2026-04-29,601318,14:47:20,59.3400,44,2
2026-04-29,601318,14:47:23,59.3500,179,1
2026-04-29,601318,14:47:26,59.3500,374,1
2026-04-29,601318,14:47:29,59.3500,590,1
2026-04-29,601318,14:47:32,59.3400,64,2
2026-04-29,601318,14:47:35,59.3400,371,1
2026-04-29,601318,14:47:38,59.3400,297,1
2026-04-29,601318,14:47:41,59.3500,140,1
2026-04-29,601318,14:47:44,59.3400,61,2
2026-04-29,601318,14:47:47,59.3400,42,2
2026-04-29,601318,14:47:50,59.3500,45,1
2026-04-29,601318,14:47:53,59.3400,207,2
2026-04-29,601318,14:47:56,59.3400,140,2
2026-04-29,601318,14:47:59,59.3300,182,2
2026-04-29,601318,14:48:02,59.3300,231,2
2026-04-29,601318,14:48:05,59.3400,391,1
2026-04-29,601318,14:48:08,59.3400,233,2
2026-04-29,601318,14:48:11,59.3500,241,1
2026-04-29,601318,14:48:14,59.3600,881,1
2026-04-29,601318,14:48:17,59.3600,382,1
2026-04-29,601318,14:48:20,59.3600,58,1
2026-04-29,601318,14:48:23,59.3700,326,1
2026-04-29,601318,14:48:26,59.3600,125,2
2026-04-29,601318,14:48:29,59.3700,212,1
2026-04-29,601318,14:48:32,59.3700,164,1
2026-04-29,601318,14:48:35,59.3600,219,2
2026-04-29,601318,14:48:38,59.3600,306,1
2026-04-29,601318,14:48:41,59.3700,670,1
2026-04-29,601318,14:48:44,59.3700,410,2
2026-04-29,601318,14:48:47,59.3800,527,4
2026-04-29,601318,14:48:50,59.3900,478,2
2026-04-29,601318,14:48:53,59.3800,430,2
2026-04-29,601318,14:48:56,59.3800,77,1
2026-04-29,601318,14:48:59,59.3700,232,2
2026-04-29,601318,14:49:02,59.3700,50,2
2026-04-29,601318,14:49:05,59.3800,274,1
2026-04-29,601318,14:49:08,59.4000,725,1
2026-04-29,601318,14:49:11,59.4000,53,1
2026-04-29,601318,14:49:14,59.3900,739,2
2026-04-29,601318,14:49:17,59.4200,289,1
2026-04-29,601318,14:49:20,59.4100,629,2
2026-04-29,601318,14:49:23,59.4000,50,2
2026-04-29,601318,14:49:26,59.4100,89,1
2026-04-29,601318,14:49:29,59.4000,98,2
2026-04-29,601318,14:49:32,59.4100,190,1
2026-04-29,601318,14:49:35,59.4000,288,2
2026-04-29,601318,14:49:38,59.4000,36,2
2026-04-29,601318,14:49:41,59.3900,115,2
2026-04-29,601318,14:49:44,59.3900,250,1
2026-04-29,601318,14:49:47,59.3800,201,2
2026-04-29,601318,14:49:50,59.3800,55,2
2026-04-29,601318,14:49:53,59.3900,234,1
2026-04-29,601318,14:49:56,59.3900,178,1
2026-04-29,601318,14:49:59,59.3900,337,2
2026-04-29,601318,14:50:02,59.3700,130,2
2026-04-29,601318,14:50:05,59.3600,1251,2
2026-04-29,601318,14:50:08,59.3500,215,2
2026-04-29,601318,14:50:11,59.3600,115,2
2026-04-29,601318,14:50:14,59.4000,484,1
2026-04-29,601318,14:50:17,59.4000,666,2
2026-04-29,601318,14:50:20,59.3800,1027,2
2026-04-29,601318,14:50:23,59.3800,138,2
2026-04-29,601318,14:50:26,59.3800,115,1
2026-04-29,601318,14:50:29,59.3700,115,2
2026-04-29,601318,14:50:32,59.3800,129,1
2026-04-29,601318,14:50:35,59.3900,525,1
2026-04-29,601318,14:50:38,59.3700,266,2
2026-04-29,601318,14:50:41,59.3900,423,1
2026-04-29,601318,14:50:44,59.3800,200,2
2026-04-29,601318,14:50:47,59.3800,1009,1
2026-04-29,601318,14:50:50,59.3900,184,1
2026-04-29,601318,14:50:53,59.3900,705,1
2026-04-29,601318,14:50:56,59.3600,115,2
2026-04-29,601318,14:50:59,59.3700,70,4
2026-04-29,601318,14:51:02,59.3500,442,2
2026-04-29,601318,14:51:05,59.3900,146,1
2026-04-29,601318,14:51:08,59.3600,54,2
2026-04-29,601318,14:51:11,59.3500,109,2
2026-04-29,601318,14:51:14,59.3600,247,4
2026-04-29,601318,14:51:17,59.3600,378,2
2026-04-29,601318,14:51:20,59.3600,95,1
2026-04-29,601318,14:51:23,59.3700,244,1
2026-04-29,601318,14:51:26,59.3600,340,2
2026-04-29,601318,14:51:29,59.3600,304,2
2026-04-29,601318,14:51:32,59.3600,74,1
2026-04-29,601318,14:51:35,59.3500,140,2
2026-04-29,601318,14:51:38,59.3500,269,2
2026-04-29,601318,14:51:41,59.3600,194,1
2026-04-29,601318,14:51:44,59.3500,342,2
2026-04-29,601318,14:51:47,59.3700,164,1
2026-04-29,601318,14:51:50,59.3700,65,2
2026-04-29,601318,14:51:53,59.3800,471,1
2026-04-29,601318,14:51:56,59.3800,117,2
2026-04-29,601318,14:51:59,59.3600,173,2
2026-04-29,601318,14:52:02,59.3800,31,1
2026-04-29,601318,14:52:05,59.3700,74,2
2026-04-29,601318,14:52:08,59.3700,47,4
2026-04-29,601318,14:52:11,59.3600,268,2
2026-04-29,601318,14:52:14,59.3500,69,2
2026-04-29,601318,14:52:17,59.3600,479,1
2026-04-29,601318,14:52:20,59.3500,500,4
2026-04-29,601318,14:52:23,59.3500,312,2
2026-04-29,601318,14:52:26,59.3600,115,1
2026-04-29,601318,14:52:29,59.3600,62,1
2026-04-29,601318,14:52:32,59.3700,138,1
2026-04-29,601318,14:52:35,59.3600,315,2
2026-04-29,601318,14:52:38,59.3600,122,2
2026-04-29,601318,14:52:41,59.3600,343,2
2026-04-29,601318,14:52:44,59.3600,224,1
2026-04-29,601318,14:52:47,59.3700,227,1
2026-04-29,601318,14:52:50,59.3600,60,2
2026-04-29,601318,14:52:53,59.3600,640,1
2026-04-29,601318,14:52:56,59.3700,250,1
2026-04-29,601318,14:52:59,59.3700,108,2
2026-04-29,601318,14:53:02,59.3700,328,2
2026-04-29,601318,14:53:05,59.3700,204,2
2026-04-29,601318,14:53:08,59.3700,46,2
2026-04-29,601318,14:53:11,59.3800,1338,1
2026-04-29,601318,14:53:14,59.3600,183,2
2026-04-29,601318,14:53:17,59.3700,62,2
2026-04-29,601318,14:53:20,59.3800,45,1
2026-04-29,601318,14:53:23,59.3700,132,2
2026-04-29,601318,14:53:26,59.3700,226,2
2026-04-29,601318,14:53:29,59.3700,177,2
2026-04-29,601318,14:53:32,59.3600,140,2
2026-04-29,601318,14:53:35,59.3600,337,2
2026-04-29,601318,14:53:38,59.3400,524,2
2026-04-29,601318,14:53:41,59.3400,187,2
2026-04-29,601318,14:53:44,59.3300,255,2
2026-04-29,601318,14:53:47,59.3300,232,2
2026-04-29,601318,14:53:50,59.3400,225,1
2026-04-29,601318,14:53:53,59.3500,152,1
2026-04-29,601318,14:53:56,59.3400,70,2
2026-04-29,601318,14:53:59,59.3400,378,2
2026-04-29,601318,14:54:02,59.3400,244,1
2026-04-29,601318,14:54:05,59.3300,788,2
2026-04-29,601318,14:54:08,59.3400,214,2
2026-04-29,601318,14:54:11,59.3500,96,1
2026-04-29,601318,14:54:14,59.3300,92,2
2026-04-29,601318,14:54:17,59.3400,579,1
2026-04-29,601318,14:54:20,59.3400,110,2
2026-04-29,601318,14:54:23,59.3400,173,2
2026-04-29,601318,14:54:26,59.3500,134,2
2026-04-29,601318,14:54:29,59.3400,159,2
2026-04-29,601318,14:54:32,59.3400,57,1
2026-04-29,601318,14:54:35,59.3400,102,2
2026-04-29,601318,14:54:38,59.3400,486,1
2026-04-29,601318,14:54:41,59.3300,416,2
2026-04-29,601318,14:54:44,59.3300,108,1
2026-04-29,601318,14:54:47,59.3300,692,1
2026-04-29,601318,14:54:50,59.3200,670,2
2026-04-29,601318,14:54:53,59.3400,304,1
2026-04-29,601318,14:54:56,59.3200,122,2
2026-04-29,601318,14:54:59,59.3500,313,1
2026-04-29,601318,14:55:02,59.3400,342,2
2026-04-29,601318,14:55:05,59.3300,571,2
2026-04-29,601318,14:55:08,59.3200,100,2
2026-04-29,601318,14:55:11,59.3200,461,2
2026-04-29,601318,14:55:14,59.3200,250,2
2026-04-29,601318,14:55:17,59.3200,289,2
2026-04-29,601318,14:55:20,59.3200,114,1
2026-04-29,601318,14:55:23,59.3200,211,1
2026-04-29,601318,14:55:26,59.3100,251,2
2026-04-29,601318,14:55:29,59.3100,199,1
2026-04-29,601318,14:55:32,59.3200,791,1
2026-04-29,601318,14:55:35,59.3000,576,2
2026-04-29,601318,14:55:38,59.3200,1023,1
2026-04-29,601318,14:55:41,59.3100,273,2
2026-04-29,601318,14:55:44,59.3100,129,1
2026-04-29,601318,14:55:47,59.3100,417,1
2026-04-29,601318,14:55:50,59.3100,180,4
2026-04-29,601318,14:55:53,59.3100,128,2
2026-04-29,601318,14:55:56,59.3100,206,2
2026-04-29,601318,14:55:59,59.3300,441,1
2026-04-29,601318,14:56:02,59.3200,275,1
2026-04-29,601318,14:56:05,59.3300,203,1
2026-04-29,601318,14:56:08,59.3200,103,4
2026-04-29,601318,14:56:11,59.3300,330,1
2026-04-29,601318,14:56:14,59.3200,280,2
2026-04-29,601318,14:56:17,59.3300,109,1
2026-04-29,601318,14:56:20,59.2800,558,2
2026-04-29,601318,14:56:23,59.3100,320,1
2026-04-29,601318,14:56:26,59.3100,154,1
2026-04-29,601318,14:56:29,59.3200,290,1
2026-04-29,601318,14:56:32,59.3200,185,2
2026-04-29,601318,14:56:35,59.3200,289,2
2026-04-29,601318,14:56:38,59.3000,68,2
2026-04-29,601318,14:56:41,59.3200,251,1
2026-04-29,601318,14:56:44,59.3200,635,2
2026-04-29,601318,14:56:47,59.3200,31,1
2026-04-29,601318,14:56:50,59.3000,354,2
2026-04-29,601318,14:56:53,59.3200,1158,1
2026-04-29,601318,14:56:56,59.3200,82,2
2026-04-29,601318,14:56:59,59.3300,85,1
2026-04-29,601318,14:57:02,59.3300,78,1
2026-04-29,601318,15:00:03,59.4300,17618,4
2026-04-29,601318,13:17:08,58.9800,131,2
2026-04-29,601318,13:17:11,58.9800,41,1
2026-04-29,601318,13:17:14,58.9700,274,2
2026-04-29,601318,13:17:17,58.9700,82,1
2026-04-29,601318,13:17:20,58.9700,139,1
2026-04-29,601318,13:17:23,58.9600,69,2
2026-04-29,601318,13:17:26,58.9700,47,1
2026-04-29,601318,13:17:29,58.9800,29,1
2026-04-29,601318,13:17:32,58.9600,119,2
2026-04-29,601318,13:17:35,58.9700,53,1
2026-04-29,601318,13:17:38,58.9700,185,1
2026-04-29,601318,13:17:41,58.9700,17,1
2026-04-29,601318,13:17:44,58.9700,82,1
2026-04-29,601318,13:17:47,58.9600,93,2
2026-04-29,601318,13:17:50,58.9500,39,2
2026-04-29,601318,13:17:53,58.9500,305,2
2026-04-29,601318,13:17:56,58.9500,156,1
2026-04-29,601318,13:17:59,58.9300,332,2
2026-04-29,601318,13:18:02,58.9700,131,1
2026-04-29,601318,13:18:05,58.9800,163,1
2026-04-29,601318,13:18:08,58.9800,98,1
2026-04-29,601318,13:18:11,58.9900,246,1
2026-04-29,601318,13:18:14,58.9900,624,1
2026-04-29,601318,13:18:17,59.0000,360,1
2026-04-29,601318,13:18:20,59.0000,592,1
2026-04-29,601318,13:18:23,58.9900,201,2
2026-04-29,601318,13:18:26,59.0300,1948,1
2026-04-29,601318,13:18:29,59.0300,228,2
2026-04-29,601318,13:18:32,59.0000,753,2
2026-04-29,601318,13:18:35,59.0400,237,1
2026-04-29,601318,13:18:38,59.0800,2712,1
2026-04-29,601318,13:18:41,59.0500,852,2
2026-04-29,601318,13:18:44,59.0800,368,4
2026-04-29,601318,13:18:47,59.1000,271,1
2026-04-29,601318,13:18:50,59.0700,328,2
2026-04-29,601318,13:18:53,59.0900,39,1
2026-04-29,601318,13:18:56,59.0700,93,2
2026-04-29,601318,13:18:59,59.0700,203,2
2026-04-29,601318,13:19:02,59.0600,87,2
2026-04-29,601318,13:19:05,59.0800,143,1
2026-04-29,601318,13:19:08,59.0900,264,1
2026-04-29,601318,13:19:11,59.0800,126,4
2026-04-29,601318,13:19:14,59.0800,64,1
2026-04-29,601318,13:19:17,59.0700,72,2
2026-04-29,601318,13:19:20,59.0700,130,2
2026-04-29,601318,13:19:23,59.0600,84,2
2026-04-29,601318,13:19:26,59.0600,134,2
2026-04-29,601318,13:19:29,59.0700,173,1
2026-04-29,601318,13:19:32,59.0600,39,2
2026-04-29,601318,13:19:35,59.0500,280,2
2026-04-29,601318,13:19:38,59.0400,68,2
2026-04-29,601318,13:19:41,59.0500,97,1
2026-04-29,601318,13:19:44,59.0300,37,2
2026-04-29,601318,13:19:47,59.0400,31,1
2026-04-29,601318,13:19:50,59.0300,110,2
2026-04-29,601318,13:19:53,59.0300,116,2
2026-04-29,601318,13:19:56,59.0200,116,2
2026-04-29,601318,13:19:59,59.0200,114,2
2026-04-29,601318,13:20:02,59.0100,173,2
2026-04-29,601318,13:20:05,59.0200,95,1
2026-04-29,601318,13:20:08,59.0000,206,2
2026-04-29,601318,13:20:11,59.0100,194,1
2026-04-29,601318,13:20:14,59.0000,568,2
2026-04-29,601318,13:20:17,59.0400,447,1
2026-04-29,601318,13:20:20,59.0500,411,1
2026-04-29,601318,13:20:23,59.0700,481,1
2026-04-29,601318,13:20:26,59.0700,498,1
2026-04-29,601318,13:20:29,59.0700,104,1
2026-04-29,601318,13:20:32,59.1400,3907,1
2026-04-29,601318,13:20:35,59.1400,425,2
2026-04-29,601318,13:20:38,59.1400,310,1
2026-04-29,601318,13:20:41,59.1300,260,2
2026-04-29,601318,13:20:44,59.1400,201,1
2026-04-29,601318,13:20:47,59.1200,164,2
2026-04-29,601318,13:20:50,59.1300,194,1
2026-04-29,601318,13:20:53,59.1300,106,1
2026-04-29,601318,13:20:56,59.1200,138,2
2026-04-29,601318,13:20:59,59.1100,193,2
2026-04-29,601318,13:21:02,59.1400,335,1
2026-04-29,601318,13:21:05,59.1300,1159,2
2026-04-29,601318,13:21:08,59.1200,1721,2
2026-04-29,601318,13:21:11,59.1300,645,1
2026-04-29,601318,13:21:14,59.1300,437,1
2026-04-29,601318,13:21:17,59.1300,880,1
2026-04-29,601318,13:21:20,59.1200,558,2
2026-04-29,601318,13:21:23,59.1300,465,1
2026-04-29,601318,13:21:26,59.1300,392,1
2026-04-29,601318,13:21:29,59.1200,370,2
2026-04-29,601318,13:21:32,59.1200,233,2
2026-04-29,601318,13:21:35,59.1200,184,2
2026-04-29,601318,13:21:38,59.1200,219,2
2026-04-29,601318,13:21:41,59.1200,136,2
2026-04-29,601318,13:21:44,59.1200,125,1
2026-04-29,601318,13:21:47,59.1300,2340,1
2026-04-29,601318,13:21:50,59.1300,835,2
2026-04-29,601318,13:21:53,59.1500,243,2
2026-04-29,601318,13:21:56,59.1500,197,2
2026-04-29,601318,13:21:59,59.1600,284,1
2026-04-29,601318,13:22:02,59.1500,147,2
2026-04-29,601318,13:22:05,59.1500,81,1
2026-04-29,601318,13:22:08,59.1400,184,2
2026-04-29,601318,13:22:11,59.1500,66,1
2026-04-29,601318,13:22:14,59.1400,110,2
2026-04-29,601318,13:22:17,59.1500,168,1
2026-04-29,601318,13:22:20,59.1300,268,2
2026-04-29,601318,13:22:23,59.1200,268,2
2026-04-29,601318,13:22:26,59.1400,86,1
2026-04-29,601318,13:22:29,59.1400,85,1
2026-04-29,601318,13:22:32,59.1400,55,1
2026-04-29,601318,13:22:35,59.1300,257,2
2026-04-29,601318,13:22:38,59.1300,197,2
2026-04-29,601318,13:22:41,59.1500,254,1
2026-04-29,601318,13:22:44,59.1400,110,4
2026-04-29,601318,13:22:47,59.1300,136,2
2026-04-29,601318,13:22:50,59.1300,179,2
2026-04-29,601318,13:22:53,59.1200,72,2
2026-04-29,601318,13:22:56,59.1200,156,2
2026-04-29,601318,13:22:59,59.1300,189,1
2026-04-29,601318,13:23:02,59.0900,165,2
2026-04-29,601318,13:23:05,59.0900,172,2
2026-04-29,601318,13:23:08,59.1000,142,4
2026-04-29,601318,13:23:11,59.1100,131,1
2026-04-29,601318,13:23:14,59.1200,81,1
2026-04-29,601318,13:23:17,59.1300,272,1
2026-04-29,601318,13:23:20,59.1200,643,2
2026-04-29,601318,13:23:23,59.1200,575,2
2026-04-29,601318,13:23:26,59.1300,290,1
2026-04-29,601318,13:23:29,59.1300,277,1
2026-04-29,601318,13:23:32,59.1400,251,1
2026-04-29,601318,13:23:35,59.1300,189,2
2026-04-29,601318,13:23:38,59.1300,197,2
2026-04-29,601318,13:23:41,59.1400,247,1
2026-04-29,601318,13:23:44,59.1400,193,1
2026-04-29,601318,13:23:47,59.1400,172,1
2026-04-29,601318,13:23:50,59.1400,326,1
2026-04-29,601318,13:23:53,59.1500,393,1
2026-04-29,601318,13:23:56,59.1500,485,1
2026-04-29,601318,13:23:59,59.1600,369,1
2026-04-29,601318,13:24:02,59.1700,2055,1
2026-04-29,601318,13:24:05,59.1900,2667,1
2026-04-29,601318,13:24:08,59.1900,1058,1
2026-04-29,601318,13:24:11,59.1800,252,2
2026-04-29,601318,13:24:14,59.1800,350,1
2026-04-29,601318,13:24:17,59.1800,197,1
2026-04-29,601318,13:24:20,59.1700,151,2
2026-04-29,601318,13:24:23,59.1800,133,1
2026-04-29,601318,13:24:26,59.1800,236,2
2026-04-29,601318,13:24:29,59.1800,301,1
2026-04-29,601318,13:24:32,59.1600,221,2
2026-04-29,601318,13:24:35,59.1700,122,1
2026-04-29,601318,13:24:38,59.1500,252,2
2026-04-29,601318,13:24:41,59.1900,226,1
2026-04-29,601318,13:24:44,59.1800,555,2
2026-04-29,601318,13:24:47,59.1800,428,1
2026-04-29,601318,13:24:50,59.1700,750,2
2026-04-29,601318,13:24:53,59.1800,299,1
2026-04-29,601318,13:24:56,59.1800,148,2
2026-04-29,601318,13:24:59,59.1700,283,2
2026-04-29,601318,13:25:02,59.1700,149,1
2026-04-29,601318,13:25:05,59.1700,33,2
2026-04-29,601318,13:25:08,59.1500,359,2
2026-04-29,601318,13:25:11,59.1300,219,2
2026-04-29,601318,13:25:14,59.1300,268,2
2026-04-29,601318,13:25:17,59.1200,102,2
2026-04-29,601318,13:25:20,59.1000,113,2
2026-04-29,601318,13:25:23,59.1000,253,2
2026-04-29,601318,13:25:26,59.1000,190,2
2026-04-29,601318,13:25:29,59.1100,169,1
2026-04-29,601318,13:25:32,59.1100,171,1
2026-04-29,601318,13:25:35,59.1100,202,2
2026-04-29,601318,13:25:38,59.1300,180,1
2026-04-29,601318,13:25:41,59.1000,138,2
2026-04-29,601318,13:25:44,59.1200,122,1
2026-04-29,601318,13:25:47,59.1000,104,2
2026-04-29,601318,13:25:50,59.1300,67,1
2026-04-29,601318,13:25:53,59.1200,165,2
2026-04-29,601318,13:25:56,59.1100,37,2
2026-04-29,601318,13:25:59,59.1000,125,2
2026-04-29,601318,13:26:02,59.1000,221,1
2026-04-29,601318,13:26:05,59.1000,63,1
2026-04-29,601318,13:26:08,59.1200,502,1
2026-04-29,601318,13:26:11,59.1000,483,2
2026-04-29,601318,13:26:14,59.1200,47,2
2026-04-29,601318,13:26:17,59.1000,102,2
2026-04-29,601318,13:26:20,59.1200,180,1
2026-04-29,601318,13:26:23,59.1300,95,2
2026-04-29,601318,13:26:26,59.1300,129,2
2026-04-29,601318,13:26:29,59.1100,179,2
2026-04-29,601318,13:26:32,59.1200,62,1
2026-04-29,601318,13:26:35,59.1100,35,2
2026-04-29,601318,13:26:38,59.1200,137,1
2026-04-29,601318,13:26:41,59.1500,168,1
2026-04-29,601318,13:26:44,59.1100,74,2
2026-04-29,601318,13:26:47,59.1400,740,1
2026-04-29,601318,13:26:50,59.1500,268,1
2026-04-29,601318,13:26:53,59.1400,91,2
2026-04-29,601318,13:26:56,59.1400,93,1
2026-04-29,601318,13:26:59,59.1400,114,1
2026-04-29,601318,13:27:02,59.1300,163,2
2026-04-29,601318,13:27:05,59.1300,63,1
2026-04-29,601318,13:27:08,59.1700,346,1
2026-04-29,601318,13:27:11,59.1700,154,1
2026-04-29,601318,13:27:14,59.1600,81,2
2026-04-29,601318,13:27:17,59.1500,575,2
2026-04-29,601318,13:27:20,59.1500,151,2
2026-04-29,601318,13:27:23,59.1200,187,2
2026-04-29,601318,13:27:26,59.1200,159,2
2026-04-29,601318,13:27:29,59.1200,123,2
2026-04-29,601318,13:27:32,59.1300,62,2
2026-04-29,601318,13:27:35,59.1300,35,1
2026-04-29,601318,13:27:38,59.1500,122,1
2026-04-29,601318,13:27:41,59.1500,154,1
2026-04-29,601318,13:27:44,59.1100,155,2
2026-04-29,601318,13:27:47,59.1200,78,2
2026-04-29,601318,13:27:50,59.1200,147,2
2026-04-29,601318,13:27:53,59.1700,1650,1
2026-04-29,601318,13:27:56,59.1900,901,1
2026-04-29,601318,13:27:59,59.2100,8677,1
2026-04-29,601318,13:28:02,59.2100,343,1
2026-04-29,601318,13:28:05,59.2100,56,2
2026-04-29,601318,13:28:08,59.2200,569,1
2026-04-29,601318,13:28:11,59.2100,296,2
2026-04-29,601318,13:28:14,59.2100,1187,1
2026-04-29,601318,13:28:17,59.2100,169,1
2026-04-29,601318,13:28:20,59.2000,102,2
2026-04-29,601318,13:28:23,59.2100,154,1
2026-04-29,601318,13:28:26,59.2000,316,2
2026-04-29,601318,13:28:29,59.2000,113,1
2026-04-29,601318,13:28:32,59.2000,162,1
2026-04-29,601318,13:28:35,59.2000,61,2
2026-04-29,601318,13:28:38,59.2000,98,1
2026-04-29,601318,13:28:41,59.1900,312,2
2026-04-29,601318,13:28:44,59.1900,51,1
2026-04-29,601318,13:28:47,59.1800,409,2
2026-04-29,601318,13:28:50,59.1800,143,1
2026-04-29,601318,13:28:53,59.1800,153,1
2026-04-29,601318,13:28:56,59.1900,95,1
2026-04-29,601318,13:28:59,59.1900,115,1
2026-04-29,601318,13:29:02,59.1800,209,2
2026-04-29,601318,13:29:05,59.1900,85,1
2026-04-29,601318,13:29:08,59.1800,323,2
2026-04-29,601318,13:29:11,59.1900,275,1
2026-04-29,601318,13:29:14,59.2000,200,1
2026-04-29,601318,13:29:17,59.1900,142,4
2026-04-29,601318,13:29:20,59.1800,266,2
2026-04-29,601318,13:29:23,59.1900,114,1
2026-04-29,601318,13:29:26,59.1800,67,2
2026-04-29,601318,13:29:29,59.1900,96,1
2026-04-29,601318,13:29:32,59.1800,81,4
2026-04-29,601318,13:29:35,59.1700,66,2
2026-04-29,601318,13:29:38,59.1700,118,2
2026-04-29,601318,13:29:41,59.2000,1396,1
2026-04-29,601318,13:29:44,59.2000,530,1
2026-04-29,601318,13:29:47,59.1900,136,2
2026-04-29,601318,13:29:50,59.1900,134,1
2026-04-29,601318,13:29:53,59.2000,67,1
2026-04-29,601318,13:29:56,59.1800,174,2
2026-04-29,601318,13:29:59,59.2000,225,1
2026-04-29,601318,13:30:02,59.1900,212,1
2026-04-29,601318,13:30:05,59.1900,45,1
2026-04-29,601318,13:30:08,59.1900,434,1
2026-04-29,601318,13:30:11,59.1700,1255,2
2026-04-29,601318,13:30:14,59.1800,342,1
2026-04-29,601318,13:30:17,59.2000,174,1
2026-04-29,601318,13:30:20,59.1900,171,1
2026-04-29,601318,13:30:23,59.1800,22,4
2026-04-29,601318,13:30:26,59.1800,49,2
2026-04-29,601318,13:30:29,59.1900,79,1
2026-04-29,601318,13:30:32,59.1900,203,2
2026-04-29,601318,13:30:35,59.1900,255,2
2026-04-29,601318,13:30:38,59.1900,176,1
2026-04-29,601318,13:30:41,59.1900,332,1
2026-04-29,601318,13:30:44,59.1800,45,2
2026-04-29,601318,13:30:47,59.1800,177,1
2026-04-29,601318,13:30:50,59.1800,189,2
2026-04-29,601318,13:30:53,59.1700,115,4
2026-04-29,601318,13:30:56,59.1600,75,2
2026-04-29,601318,13:30:59,59.1600,204,2
2026-04-29,601318,13:31:02,59.1700,99,2
2026-04-29,601318,13:31:05,59.1700,148,2
2026-04-29,601318,13:31:08,59.2000,494,1
2026-04-29,601318,13:31:11,59.1600,356,2
2026-04-29,601318,13:31:14,59.1700,99,4
2026-04-29,601318,13:31:17,59.1800,292,1
2026-04-29,601318,13:31:20,59.1800,168,1
2026-04-29,601318,13:31:23,59.1800,119,1
2026-04-29,601318,13:31:26,59.1700,23,4
2026-04-29,601318,13:31:29,59.1700,229,2
2026-04-29,601318,13:31:32,59.1600,197,2
2026-04-29,601318,13:31:35,59.1700,67,1
2026-04-29,601318,13:31:38,59.1800,206,1
2026-04-29,601318,13:31:41,59.1600,106,2
2026-04-29,601318,13:31:44,59.1800,72,1
2026-04-29,601318,13:31:47,59.1600,189,2
2026-04-29,601318,13:31:50,59.1600,144,2
2026-04-29,601318,13:31:53,59.1600,183,1
2026-04-29,601318,13:31:56,59.1600,166,2
2026-04-29,601318,13:31:59,59.1500,133,2
2026-04-29,601318,13:32:02,59.1500,412,2
2026-04-29,601318,13:32:05,59.1600,207,1
2026-04-29,601318,13:32:08,59.1700,500,1
2026-04-29,601318,13:32:11,59.1900,521,1
2026-04-29,601318,13:32:14,59.2000,300,1
2026-04-29,601318,13:32:17,59.1900,183,4
2026-04-29,601318,13:32:20,59.1900,179,1
2026-04-29,601318,13:32:23,59.1800,114,2
2026-04-29,601318,13:32:26,59.1900,174,1
2026-04-29,601318,13:32:29,59.2000,306,1
2026-04-29,601318,13:32:32,59.1900,410,2
2026-04-29,601318,13:32:35,59.1900,259,2
2026-04-29,601318,13:32:38,59.1900,76,2
2026-04-29,601318,13:32:41,59.1900,263,2
2026-04-29,601318,13:32:44,59.2000,208,1
2026-04-29,601318,13:32:47,59.1900,54,2
2026-04-29,601318,13:32:50,59.1900,133,1
2026-04-29,601318,13:32:53,59.1900,106,1
2026-04-29,601318,13:32:56,59.1800,6,4
2026-04-29,601318,13:32:59,59.1900,304,1
2026-04-29,601318,13:33:02,59.1700,27,2
2026-04-29,601318,13:33:05,59.1700,137,1
2026-04-29,601318,13:33:08,59.1600,550,2
2026-04-29,601318,13:33:11,59.1500,81,2
2026-04-29,601318,13:33:14,59.1600,113,1
2026-04-29,601318,13:33:17,59.1500,35,4
2026-04-29,601318,13:33:20,59.1500,107,1
2026-04-29,601318,13:33:23,59.1400,80,2
2026-04-29,601318,13:33:26,59.1400,124,1
2026-04-29,601318,13:33:29,59.1500,341,1
2026-04-29,601318,13:33:32,59.1400,477,2
2026-04-29,601318,13:33:35,59.1500,259,1
2026-04-29,601318,13:33:38,59.1500,208,1
2026-04-29,601318,13:33:41,59.1300,168,2
2026-04-29,601318,13:33:44,59.1300,93,1
2026-04-29,601318,13:33:47,59.1300,273,1
2026-04-29,601318,13:33:50,59.1200,365,2
2026-04-29,601318,13:33:53,59.1300,50,1
2026-04-29,601318,13:33:56,59.1400,180,1
2026-04-29,601318,13:33:59,59.1500,187,1
2026-04-29,601318,13:34:02,59.1500,108,1
2026-04-29,601318,13:34:05,59.1500,51,1
2026-04-29,601318,13:34:08,59.1600,97,1
2026-04-29,601318,13:34:11,59.1500,95,2
2026-04-29,601318,13:34:14,59.1500,141,2
2026-04-29,601318,13:34:17,59.1400,62,4
2026-04-29,601318,13:34:20,59.1400,181,1
2026-04-29,601318,13:34:23,59.1300,68,2
2026-04-29,601318,13:34:26,59.1500,310,1
2026-04-29,601318,13:34:29,59.1300,539,2
2026-04-29,601318,13:34:32,59.1300,49,2
2026-04-29,601318,13:34:35,59.1300,87,2
2026-04-29,601318,13:34:38,59.1300,149,1
2026-04-29,601318,13:34:41,59.1300,194,2
2026-04-29,601318,13:34:44,59.1300,165,1
2026-04-29,601318,13:34:47,59.1400,78,4
2026-04-29,601318,13:34:50,59.1500,88,1
2026-04-29,601318,13:34:53,59.1300,11,4
2026-04-29,601318,13:34:56,59.1800,682,1
2026-04-29,601318,13:34:59,59.1800,208,1
2026-04-29,601318,13:35:02,59.1800,561,1
2026-04-29,601318,13:35:05,59.1900,339,1
2026-04-29,601318,13:35:08,59.1700,540,4
2026-04-29,601318,13:35:11,59.1500,638,2
2026-04-29,601318,13:35:14,59.1600,136,1
2026-04-29,601318,13:35:17,59.1600,207,1
2026-04-29,601318,13:35:20,59.1500,121,2
2026-04-29,601318,13:35:23,59.1600,186,1
2026-04-29,601318,13:35:26,59.1700,831,1
2026-04-29,601318,13:35:29,59.1900,223,1
2026-04-29,601318,13:35:32,59.1900,91,1
2026-04-29,601318,13:35:35,59.1900,117,1
2026-04-29,601318,13:35:38,59.1700,95,2
2026-04-29,601318,13:35:41,59.1700,58,2
2026-04-29,601318,13:35:44,59.1700,51,1
2026-04-29,601318,13:35:47,59.1700,146,2
2026-04-29,601318,13:35:50,59.1600,127,2
2026-04-29,601318,13:35:53,59.1500,50,2
2026-04-29,601318,13:35:56,59.1600,112,1
2026-04-29,601318,13:35:59,59.1500,115,2
2026-04-29,601318,13:36:02,59.1500,110,1
2026-04-29,601318,13:36:05,59.1600,117,1
2026-04-29,601318,13:36:08,59.1600,240,1
2026-04-29,601318,13:36:11,59.1600,110,2
2026-04-29,601318,13:36:14,59.1700,111,1
2026-04-29,601318,13:36:17,59.1800,167,1
2026-04-29,601318,13:36:20,59.1600,255,2
2026-04-29,601318,13:36:23,59.1800,125,1
2026-04-29,601318,13:36:26,59.1600,140,2
2026-04-29,601318,13:36:29,59.1700,237,1
2026-04-29,601318,13:36:32,59.1600,101,2
2026-04-29,601318,13:36:35,59.1700,103,1
2026-04-29,601318,13:36:38,59.1600,236,2
2026-04-29,601318,13:36:41,59.1700,97,1
2026-04-29,601318,13:36:44,59.1600,59,2
2026-04-29,601318,13:36:47,59.1700,83,1
2026-04-29,601318,13:36:50,59.1700,158,1
2026-04-29,601318,13:36:53,59.1500,233,2
2026-04-29,601318,13:36:56,59.1700,96,1
2026-04-29,601318,13:36:59,59.1600,279,2
2026-04-29,601318,13:37:02,59.1600,137,2
2026-04-29,601318,13:37:05,59.1500,202,2
2026-04-29,601318,13:37:08,59.1600,284,1
2026-04-29,601318,13:37:11,59.1500,403,2
2026-04-29,601318,13:37:14,59.1500,228,1
2026-04-29,601318,13:37:17,59.1500,293,1
2026-04-29,601318,13:37:20,59.1400,146,2
2026-04-29,601318,13:37:23,59.1400,84,1
2026-04-29,601318,13:37:26,59.1500,134,1
2026-04-29,601318,13:37:29,59.1500,645,1
2026-04-29,601318,13:37:32,59.1300,223,2
2026-04-29,601318,13:37:35,59.1400,181,1
2026-04-29,601318,13:37:38,59.1400,331,1
2026-04-29,601318,13:37:41,59.1300,491,2
2026-04-29,601318,13:37:44,59.1600,389,1
2026-04-29,601318,13:37:47,59.1700,126,1
2026-04-29,601318,13:37:50,59.1500,103,2
2026-04-29,601318,13:37:53,59.1500,138,2
2026-04-29,601318,13:37:56,59.1700,286,1
2026-04-29,601318,13:37:59,59.1700,176,1
2026-04-29,601318,13:38:02,59.1700,174,1
2026-04-29,601318,13:38:05,59.1700,238,1
2026-04-29,601318,13:38:08,59.1700,188,1
2026-04-29,601318,13:38:11,59.1600,376,2
2026-04-29,601318,13:38:14,59.1800,196,1
2026-04-29,601318,13:38:17,59.1700,257,4
2026-04-29,601318,13:38:20,59.1700,24,2
2026-04-29,601318,13:38:23,59.1700,80,2
2026-04-29,601318,13:38:26,59.1900,184,1
2026-04-29,601318,13:38:29,59.1800,365,4
2026-04-29,601318,13:38:32,59.1700,101,2
2026-04-29,601318,13:38:35,59.1700,122,1
2026-04-29,601318,13:38:38,59.1800,76,1
2026-04-29,601318,13:38:41,59.1700,104,2
2026-04-29,601318,13:38:44,59.1800,90,1
2026-04-29,601318,13:38:47,59.1700,218,4
2026-04-29,601318,13:38:50,59.1800,70,1
2026-04-29,601318,13:38:53,59.1700,308,2
2026-04-29,601318,13:38:56,59.1700,90,2
2026-04-29,601318,13:38:59,59.1700,208,2
2026-04-29,601318,13:39:02,59.1700,58,1
2026-04-29,601318,13:39:05,59.1700,140,1
2026-04-29,601318,13:39:08,59.1500,151,2
2026-04-29,601318,13:39:11,59.1500,298,2
2026-04-29,601318,13:39:14,59.1700,151,1
2026-04-29,601318,13:39:17,59.1700,476,1
2026-04-29,601318,13:39:20,59.1700,75,2
2026-04-29,601318,13:39:23,59.1700,256,2
2026-04-29,601318,13:39:26,59.1600,94,2
2026-04-29,601318,13:39:29,59.1500,61,2
2026-04-29,601318,13:39:32,59.1500,956,2
2026-04-29,601318,13:39:35,59.1500,254,1
2026-04-29,601318,13:39:38,59.1500,382,1
2026-04-29,601318,13:39:41,59.1400,154,2
2026-04-29,601318,13:39:44,59.1500,366,1
2026-04-29,601318,13:39:47,59.1500,367,1
2026-04-29,601318,13:39:50,59.1400,221,1
2026-04-29,601318,13:39:53,59.1700,130,1
2026-04-29,601318,13:39:56,59.1700,124,1
2026-04-29,601318,13:39:59,59.1700,142,1
2026-04-29,601318,13:40:02,59.1500,63,2
2026-04-29,601318,13:40:05,59.1600,425,4
2026-04-29,601318,13:40:08,59.1700,169,1
2026-04-29,601318,13:40:11,59.1700,63,1
2026-04-29,601318,13:40:14,59.1500,123,2
2026-04-29,601318,13:40:17,59.1600,114,4
2026-04-29,601318,13:40:20,59.1600,29,4
2026-04-29,601318,13:40:23,59.1600,105,1
2026-04-29,601318,13:40:26,59.1600,50,2
2026-04-29,601318,13:40:29,59.1700,122,1
2026-04-29,601318,13:40:32,59.1700,89,1
2026-04-29,601318,13:40:35,59.1800,74,1
2026-04-29,601318,13:40:38,59.1800,231,1
2026-04-29,601318,13:40:41,59.1600,118,2
2026-04-29,601318,13:40:44,59.1600,233,1
2026-04-29,601318,13:40:47,59.1800,346,1
2026-04-29,601318,13:40:50,59.1800,280,1
2026-04-29,601318,13:40:53,59.1600,477,2
2026-04-29,601318,13:40:56,59.1800,171,1
2026-04-29,601318,13:40:59,59.1800,205,1
2026-04-29,601318,13:41:02,59.1600,112,2
2026-04-29,601318,13:41:05,59.1700,131,1
2026-04-29,601318,13:41:08,59.1800,197,1
2026-04-29,601318,13:41:11,59.1700,226,1
2026-04-29,601318,13:41:14,59.1500,125,2
2026-04-29,601318,13:41:17,59.1800,300,1
2026-04-29,601318,13:41:20,59.1600,64,2
2026-04-29,601318,13:41:23,59.1600,184,2
2026-04-29,601318,13:41:26,59.1600,62,2
2026-04-29,601318,13:41:29,59.1500,142,2
2026-04-29,601318,13:41:32,59.1500,48,2
2026-04-29,601318,13:41:35,59.1600,181,1
2026-04-29,601318,13:41:38,59.1800,201,1
2026-04-29,601318,13:41:41,59.1700,329,2
2026-04-29,601318,13:41:44,59.1600,220,2
2026-04-29,601318,13:41:47,59.1600,178,2
2026-04-29,601318,13:41:50,59.1700,194,1
2026-04-29,601318,13:41:53,59.1800,273,1
2026-04-29,601318,13:41:56,59.1800,354,1
2026-04-29,601318,13:41:59,59.1700,206,2
2026-04-29,601318,13:42:02,59.1700,98,2
2026-04-29,601318,13:42:05,59.1700,104,1
2026-04-29,601318,13:42:08,59.1700,355,1
2026-04-29,601318,13:42:11,59.1700,340,1
2026-04-29,601318,13:42:14,59.1700,281,1
2026-04-29,601318,13:42:17,59.1600,292,2
2026-04-29,601318,13:42:20,59.1700,199,4
2026-04-29,601318,13:42:23,59.1700,157,1
2026-04-29,601318,13:42:26,59.1800,86,1
2026-04-29,601318,13:42:29,59.1800,89,1
2026-04-29,601318,13:42:32,59.1700,87,2
2026-04-29,601318,13:42:35,59.1700,81,1
2026-04-29,601318,13:42:38,59.1800,228,1
2026-04-29,601318,13:42:41,59.1700,89,2
2026-04-29,601318,13:42:44,59.1600,230,2
2026-04-29,601318,13:42:47,59.1600,182,4
2026-04-29,601318,13:42:50,59.1700,148,4
2026-04-29,601318,13:42:53,59.1800,108,1
2026-04-29,601318,13:42:56,59.1800,296,1
2026-04-29,601318,13:42:59,59.1700,218,2
2026-04-29,601318,13:43:02,59.1700,62,2
2026-04-29,601318,13:43:05,59.1800,203,1
2026-04-29,601318,13:43:08,59.1800,281,1
2026-04-29,601318,13:43:11,59.1700,100,2
2026-04-29,601318,13:43:14,59.1700,160,1
2026-04-29,601318,13:43:17,59.1700,172,1
2026-04-29,601318,13:43:20,59.1800,117,1
2026-04-29,601318,13:43:23,59.1900,296,1
2026-04-29,601318,13:43:26,59.1900,44,1
2026-04-29,601318,13:43:29,59.1900,88,1
2026-04-29,601318,13:43:32,59.1700,99,2
2026-04-29,601318,13:43:35,59.1900,162,1
2026-04-29,601318,13:43:38,59.1800,390,2
2026-04-29,601318,13:43:41,59.2100,4588,1
2026-04-29,601318,13:43:44,59.2200,577,1
2026-04-29,601318,13:43:47,59.2300,1396,1
2026-04-29,601318,13:43:50,59.2300,301,1
2026-04-29,601318,13:43:53,59.2300,855,1
2026-04-29,601318,13:43:56,59.2300,540,1
2026-04-29,601318,13:43:59,59.2200,304,2
2026-04-29,601318,13:44:02,59.2300,165,4
2026-04-29,601318,13:44:05,59.2200,1050,2
2026-04-29,601318,13:44:08,59.2400,234,1
2026-04-29,601318,13:44:11,59.2300,73,2
2026-04-29,601318,13:44:14,59.2300,76,2
2026-04-29,601318,13:44:17,59.2400,290,1
2026-04-29,601318,13:44:20,59.2400,88,1
2026-04-29,601318,13:44:23,59.2300,315,2
2026-04-29,601318,13:44:26,59.2300,164,1
2026-04-29,601318,13:44:29,59.2200,52,2
2026-04-29,601318,13:44:32,59.2200,215,2
2026-04-29,601318,13:44:35,59.2300,318,1
2026-04-29,601318,13:44:38,59.2400,140,1
2026-04-29,601318,13:44:41,59.2400,75,1
2026-04-29,601318,13:44:44,59.2400,177,1
2026-04-29,601318,13:44:47,59.2400,163,1
2026-04-29,601318,13:44:50,59.2400,113,1
2026-04-29,601318,13:44:53,59.2400,528,1
2026-04-29,601318,13:44:56,59.2500,245,1
2026-04-29,601318,13:44:59,59.2500,353,1
2026-04-29,601318,13:45:02,59.2400,152,2
2026-04-29,601318,13:45:05,59.2400,454,1
2026-04-29,601318,13:45:08,59.2300,126,2
2026-04-29,601318,13:45:11,59.2200,66,2
2026-04-29,601318,13:45:14,59.2400,342,1
2026-04-29,601318,13:45:17,59.2200,100,2
2026-04-29,601318,13:45:20,59.2200,152,2
2026-04-29,601318,13:45:23,59.2100,44,2
2026-04-29,601318,13:45:26,59.2200,105,1
2026-04-29,601318,13:45:29,59.2100,166,2
2026-04-29,601318,13:45:32,59.2100,145,2
2026-04-29,601318,13:45:35,59.2100,178,1
2026-04-29,601318,13:45:38,59.2000,135,4
2026-04-29,601318,13:45:41,59.2000,87,1
2026-04-29,601318,13:45:44,59.1900,132,2
2026-04-29,601318,13:45:47,59.2100,155,1
2026-04-29,601318,13:45:50,59.2000,121,4
2026-04-29,601318,13:45:53,59.2000,168,1
2026-04-29,601318,13:45:56,59.2100,172,1
2026-04-29,601318,13:45:59,59.2100,194,1
2026-04-29,601318,13:46:02,59.2000,267,2
2026-04-29,601318,13:46:05,59.2000,287,1
2026-04-29,601318,13:46:08,59.1900,338,2
2026-04-29,601318,13:46:11,59.1900,570,2
2026-04-29,601318,13:46:14,59.1600,202,2
2026-04-29,601318,13:46:17,59.1100,537,2
2026-04-29,601318,13:46:20,59.1400,168,1
2026-04-29,601318,13:46:23,59.1500,54,1
2026-04-29,601318,13:46:26,59.1600,89,1
2026-04-29,601318,13:46:29,59.1600,81,1
2026-04-29,601318,13:46:32,59.1300,120,2
2026-04-29,601318,13:46:35,59.1500,75,1
2026-04-29,601318,13:46:38,59.1400,188,4
2026-04-29,601318,13:46:41,59.1500,26,1
2026-04-29,601318,13:46:44,59.1600,95,1
2026-04-29,601318,13:46:47,59.1500,50,4
2026-04-29,601318,13:46:50,59.1400,69,2
2026-04-29,601318,13:46:53,59.1600,117,1
2026-04-29,601318,13:46:56,59.1500,105,2
2026-04-29,601318,13:46:59,59.1400,69,2
2026-04-29,601318,13:47:02,59.1500,96,1
2026-04-29,601318,13:47:05,59.1400,205,2
2026-04-29,601318,13:47:08,59.1400,48,1
2026-04-29,601318,13:47:11,59.1300,53,4
2026-04-29,601318,13:47:14,59.1500,437,1
2026-04-29,601318,13:47:17,59.1500,190,2
2026-04-29,601318,13:47:20,59.1500,70,2
2026-04-29,601318,13:47:23,59.1400,96,2
2026-04-29,601318,13:47:26,59.1400,220,2
2026-04-29,601318,13:47:29,59.1400,132,1
2026-04-29,601318,13:47:32,59.1300,173,2
2026-04-29,601318,13:47:35,59.1700,288,1
2026-04-29,601318,13:47:38,59.1500,95,2
2026-04-29,601318,13:47:41,59.1600,65,4
2026-04-29,601318,13:47:44,59.1500,94,2
2026-04-29,601318,13:47:47,59.1500,38,1
2026-04-29,601318,13:47:50,59.1500,283,2
2026-04-29,601318,13:47:53,59.1400,221,2
2026-04-29,601318,13:47:56,59.1700,296,1
2026-04-29,601318,13:47:59,59.1700,202,1
2026-04-29,601318,13:48:02,59.1400,12,2
2026-04-29,601318,13:48:05,59.1400,110,2
2026-04-29,601318,13:48:08,59.1400,323,2
2026-04-29,601318,13:48:11,59.1300,168,2
2026-04-29,601318,13:48:14,59.1100,138,2
2026-04-29,601318,13:48:17,59.1500,150,1
2026-04-29,601318,13:48:20,59.1100,191,2
2026-04-29,601318,13:48:23,59.1400,202,1
2026-04-29,601318,13:48:26,59.1500,243,1
2026-04-29,601318,13:48:29,59.1500,200,1
2026-04-29,601318,13:48:32,59.1600,167,2
2026-04-29,601318,13:48:35,59.1700,365,1
2026-04-29,601318,13:48:38,59.1800,166,1
2026-04-29,601318,13:48:41,59.1700,64,1
2026-04-29,601318,13:48:44,59.1600,144,2
2026-04-29,601318,13:48:47,59.1600,120,2
2026-04-29,601318,13:48:50,59.1600,310,2
2026-04-29,601318,13:48:53,59.1600,119,2
2026-04-29,601318,13:48:56,59.1600,82,1
2026-04-29,601318,13:48:59,59.1500,209,2
2026-04-29,601318,13:49:02,59.1600,120,1
2026-04-29,601318,13:49:05,59.1500,212,2
2026-04-29,601318,13:49:08,59.1500,37,2
2026-04-29,601318,13:49:11,59.1600,514,1
2026-04-29,601318,13:49:14,59.1600,221,1
2026-04-29,601318,13:49:17,59.1600,94,2
2026-04-29,601318,13:49:20,59.1600,94,1
2026-04-29,601318,13:49:23,59.1500,389,2
2026-04-29,601318,13:49:26,59.1700,125,1
2026-04-29,601318,13:49:29,59.1700,64,1
2026-04-29,601318,13:49:32,59.1600,273,2
2026-04-29,601318,13:49:35,59.1600,149,2
2026-04-29,601318,13:49:38,59.1600,43,1
2026-04-29,601318,13:49:41,59.1500,177,2
2026-04-29,601318,13:49:44,59.1500,108,2
2026-04-29,601318,13:49:47,59.1300,42,2
2026-04-29,601318,13:49:50,59.1400,330,1
2026-04-29,601318,13:49:53,59.1500,370,1
2026-04-29,601318,13:49:56,59.1700,352,1
2026-04-29,601318,13:49:59,59.1700,252,2
2026-04-29,601318,13:50:02,59.1600,217,2
2026-04-29,601318,13:50:05,59.1500,116,2
2026-04-29,601318,13:50:08,59.1500,122,2
2026-04-29,601318,13:50:11,59.1600,117,1
2026-04-29,601318,13:50:14,59.1600,71,2
2026-04-29,601318,13:50:17,59.1600,216,1
2026-04-29,601318,13:50:20,59.1600,139,2
2026-04-29,601318,13:50:23,59.1600,334,2
2026-04-29,601318,13:50:26,59.1500,29,2
2026-04-29,601318,13:50:29,59.1500,55,2
2026-04-29,601318,13:50:32,59.1600,137,1
2026-04-29,601318,13:50:35,59.1500,156,2
2026-04-29,601318,13:50:38,59.1500,35,1
2026-04-29,601318,13:50:41,59.1500,77,1
2026-04-29,601318,13:50:44,59.1300,194,2
2026-04-29,601318,13:50:47,59.1500,65,1
2026-04-29,601318,13:50:50,59.1500,178,1
2026-04-29,601318,13:50:53,59.1500,430,2
2026-04-29,601318,13:50:56,59.1400,92,2
2026-04-29,601318,13:50:59,59.1500,65,1
2026-04-29,601318,13:51:02,59.1400,299,2
2026-04-29,601318,13:51:05,59.1400,10,1
2026-04-29,601318,13:51:08,59.1400,341,1
2026-04-29,601318,13:51:11,59.1400,80,1
2026-04-29,601318,13:51:14,59.1300,891,2
2026-04-29,601318,13:51:17,59.1700,499,1
2026-04-29,601318,13:51:20,59.1700,43,2
2026-04-29,601318,13:51:23,59.1700,249,2
2026-04-29,601318,13:51:26,59.1900,805,1
2026-04-29,601318,13:51:29,59.1700,633,1
2026-04-29,601318,13:51:32,59.1800,177,2
2026-04-29,601318,13:51:35,59.2000,381,1
2026-04-29,601318,13:51:38,59.2100,509,1
2026-04-29,601318,13:51:41,59.2100,149,1
2026-04-29,601318,13:51:44,59.2000,254,2
2026-04-29,601318,13:51:47,59.2100,287,1
2026-04-29,601318,13:51:50,59.2300,181,1
2026-04-29,601318,13:51:53,59.2100,59,2
2026-04-29,601318,13:51:56,59.2100,74,2
2026-04-29,601318,13:51:59,59.2100,81,2
2026-04-29,601318,13:52:02,59.2000,137,2
2026-04-29,601318,13:52:05,59.2000,87,1
2026-04-29,601318,13:52:08,59.1900,38,2
2026-04-29,601318,13:52:11,59.2000,196,1
2026-04-29,601318,13:52:14,59.1900,334,2
2026-04-29,601318,13:52:17,59.2300,205,1
2026-04-29,601318,13:52:20,59.2300,116,1
2026-04-29,601318,13:52:23,59.2300,222,1
2026-04-29,601318,13:52:26,59.2200,190,2
2026-04-29,601318,13:52:29,59.2300,115,1
2026-04-29,601318,13:52:32,59.2300,457,1
2026-04-29,601318,13:52:35,59.2300,223,2
2026-04-29,601318,13:52:38,59.2300,123,2
2026-04-29,601318,13:52:41,59.2300,258,2
2026-04-29,601318,13:52:44,59.2300,154,2
2026-04-29,601318,13:52:47,59.2200,52,2
2026-04-29,601318,13:52:50,59.2300,141,1
2026-04-29,601318,13:52:53,59.2200,203,1
2026-04-29,601318,13:52:56,59.2100,118,2
2026-04-29,601318,13:52:59,59.2200,109,1
2026-04-29,601318,13:53:02,59.2000,247,2
2026-04-29,601318,13:53:05,59.2000,412,2
2026-04-29,601318,13:53:08,59.2000,432,1
2026-04-29,601318,13:53:11,59.2000,121,1
2026-04-29,601318,13:53:14,59.2100,432,2
2026-04-29,601318,13:53:17,59.2200,622,2
2026-04-29,601318,13:53:20,59.2200,225,2
2026-04-29,601318,13:53:23,59.2400,122,1
2026-04-29,601318,13:53:26,59.2400,213,1
2026-04-29,601318,13:53:29,59.2100,572,2
2026-04-29,601318,13:53:32,59.2100,92,2
2026-04-29,601318,13:53:35,59.2400,901,1
2026-04-29,601318,13:53:38,59.2100,143,2
2026-04-29,601318,13:53:41,59.2000,144,2
2026-04-29,601318,13:53:44,59.2000,208,2
2026-04-29,601318,13:53:47,59.1900,80,2
2026-04-29,601318,13:53:50,59.2000,86,1
2026-04-29,601318,13:53:53,59.2100,127,1
2026-04-29,601318,13:53:56,59.2000,77,4
2026-04-29,601318,13:53:59,59.2000,61,2
2026-04-29,601318,13:54:02,59.1900,247,2
2026-04-29,601318,13:54:05,59.2100,89,1
2026-04-29,601318,13:54:08,59.2000,81,4
2026-04-29,601318,13:54:11,59.2100,45,1
2026-04-29,601318,13:54:14,59.2100,119,4
2026-04-29,601318,13:54:17,59.2100,56,2
2026-04-29,601318,13:54:20,59.2200,80,1
2026-04-29,601318,13:54:23,59.2100,113,2
2026-04-29,601318,13:54:26,59.2300,239,1
2026-04-29,601318,13:54:29,59.2100,190,2
2026-04-29,601318,13:54:32,59.2100,148,2
2026-04-29,601318,13:54:35,59.2100,99,2
2026-04-29,601318,13:54:38,59.2200,95,1
2026-04-29,601318,13:54:41,59.2200,180,1
2026-04-29,601318,13:54:44,59.2100,459,2
2026-04-29,601318,13:54:47,59.2100,426,1
2026-04-29,601318,13:54:50,59.2100,19,1
2026-04-29,601318,13:54:53,59.1900,1406,2
2026-04-29,601318,13:54:56,59.2000,144,1
2026-04-29,601318,13:54:59,59.1700,167,2
2026-04-29,601318,13:55:02,59.2000,17,1
2026-04-29,601318,13:55:05,59.1800,160,2
2026-04-29,601318,13:55:08,59.1500,382,2
2026-04-29,601318,13:55:11,59.1400,230,2
2026-04-29,601318,13:55:14,59.1700,276,1
2026-04-29,601318,13:55:17,59.1400,237,2
2026-04-29,601318,13:55:20,59.1400,232,1
2026-04-29,601318,13:55:23,59.1700,212,1
2026-04-29,601318,13:55:26,59.1700,398,1
2026-04-29,601318,13:55:29,59.1500,136,2
2026-04-29,601318,13:55:32,59.1900,135,1
2026-04-29,601318,13:55:35,59.1900,359,1
2026-04-29,601318,13:55:38,59.2000,708,1
2026-04-29,601318,13:55:41,59.1900,108,2
2026-04-29,601318,13:55:44,59.1800,498,2
2026-04-29,601318,13:55:47,59.2100,696,1
2026-04-29,601318,13:55:50,59.2100,256,1
2026-04-29,601318,13:55:53,59.2000,328,2
2026-04-29,601318,13:55:56,59.2000,158,2
2026-04-29,601318,13:55:59,59.1900,61,2
2026-04-29,601318,13:56:02,59.2000,75,4
2026-04-29,601318,13:56:05,59.2100,213,1
2026-04-29,601318,13:56:08,59.1900,237,2
2026-04-29,601318,13:56:11,59.1900,104,1
2026-04-29,601318,13:56:14,59.1900,138,2
2026-04-29,601318,13:56:17,59.1900,329,1
2026-04-29,601318,13:56:20,59.2000,177,1
2026-04-29,601318,13:56:23,59.2100,188,1
2026-04-29,601318,13:56:26,59.2000,252,2
2026-04-29,601318,13:56:29,59.2200,237,1
2026-04-29,601318,13:56:32,59.2100,100,1
2026-04-29,601318,13:56:35,59.2200,126,1
2026-04-29,601318,13:56:38,59.2100,250,2
2026-04-29,601318,13:56:41,59.2100,188,2
2026-04-29,601318,13:56:44,59.2100,140,2
2026-04-29,601318,13:56:47,59.2100,197,1
2026-04-29,601318,13:56:50,59.1800,113,2
2026-04-29,601318,13:56:53,59.2100,56,1
2026-04-29,601318,13:56:56,59.2200,203,1
2026-04-29,601318,13:56:59,59.2100,245,2
2026-04-29,601318,13:57:02,59.2200,114,4
2026-04-29,601318,13:57:05,59.2300,205,1
2026-04-29,601318,13:57:08,59.2200,321,2
2026-04-29,601318,13:57:11,59.2100,253,4
2026-04-29,601318,13:57:14,59.2200,162,1
2026-04-29,601318,13:57:17,59.2100,202,2
2026-04-29,601318,13:57:20,59.2100,90,2
2026-04-29,601318,13:57:23,59.2300,183,1
2026-04-29,601318,13:57:26,59.2200,360,2
2026-04-29,601318,13:57:29,59.2200,152,2
2026-04-29,601318,13:57:32,59.2200,352,2
2026-04-29,601318,13:57:35,59.2000,202,2
2026-04-29,601318,13:57:38,59.2000,240,2
2026-04-29,601318,13:57:41,59.2200,77,1
2026-04-29,601318,13:57:44,59.2000,150,2
2026-04-29,601318,13:57:47,59.2200,198,1
2026-04-29,601318,13:57:50,59.2000,49,2
2026-04-29,601318,13:57:53,59.1900,95,2
2026-04-29,601318,13:57:56,59.2000,60,2
2026-04-29,601318,13:57:59,59.2300,366,1
2026-04-29,601318,13:58:02,59.2200,133,2
2026-04-29,601318,13:58:05,59.2200,976,2
2026-04-29,601318,13:58:08,59.2200,195,1
2026-04-29,601318,13:58:11,59.2200,105,1
2026-04-29,601318,13:58:14,59.2000,145,2
2026-04-29,601318,13:58:17,59.2000,304,1
2026-04-29,601318,13:58:20,59.2200,145,1
2026-04-29,601318,13:58:23,59.2000,97,2
2026-04-29,601318,13:58:26,59.2000,175,2
2026-04-29,601318,13:58:29,59.2200,230,1
2026-04-29,601318,13:58:32,59.2200,74,1
2026-04-29,601318,13:58:35,59.2100,67,2
2026-04-29,601318,13:58:38,59.2100,274,2
2026-04-29,601318,13:58:41,59.2100,65,2
2026-04-29,601318,13:58:44,59.2000,323,2
2026-04-29,601318,13:58:47,59.2300,271,1
2026-04-29,601318,13:58:50,59.2300,63,1
2026-04-29,601318,13:58:53,59.2300,194,1
2026-04-29,601318,13:58:56,59.2200,145,4
2026-04-29,601318,13:58:59,59.2300,324,1
2026-04-29,601318,13:59:02,59.2300,332,1
2026-04-29,601318,13:59:05,59.2400,768,1
2026-04-29,601318,13:59:08,59.2300,957,2
2026-04-29,601318,13:59:11,59.2400,291,1
2026-04-29,601318,13:59:14,59.2200,248,2
2026-04-29,601318,13:59:17,59.2500,645,1
2026-04-29,601318,13:59:20,59.2500,96,1
2026-04-29,601318,13:59:23,59.2200,85,2
2026-04-29,601318,13:59:26,59.2500,237,1
2026-04-29,601318,13:59:29,59.2000,77,2
2026-04-29,601318,13:59:32,59.2000,122,2
2026-04-29,601318,13:59:35,59.2000,49,2
2026-04-29,601318,13:59:38,59.2000,188,1
2026-04-29,601318,13:59:41,59.1500,163,2
2026-04-29,601318,13:59:44,59.1700,213,1
2026-04-29,601318,13:59:47,59.1500,269,2
2026-04-29,601318,13:59:50,59.1500,165,1
2026-04-29,601318,13:59:53,59.1500,40,1
2026-04-29,601318,13:59:56,59.1600,91,4
2026-04-29,601318,13:59:59,59.1800,107,1
2026-04-29,601318,14:00:02,59.1600,267,1
2026-04-29,601318,14:00:05,59.1600,155,2
2026-04-29,601318,14:00:08,59.1300,177,2
2026-04-29,601318,14:00:11,59.1800,146,1
2026-04-29,601318,14:00:14,59.1300,26,2
2026-04-29,601318,14:00:17,59.1500,118,1
2026-04-29,601318,14:00:20,59.1800,13,1
2026-04-29,601318,14:00:23,59.1500,157,2
2026-04-29,601318,14:00:26,59.1500,227,2
2026-04-29,601318,14:00:29,59.1500,708,2
2026-04-29,601318,14:00:32,59.1500,54,1
2026-04-29,601318,14:00:35,59.1800,112,1
2026-04-29,601318,14:00:38,59.1700,79,2
2026-04-29,601318,14:00:41,59.1700,54,2
2026-04-29,601318,14:00:44,59.1700,103,1
2026-04-29,601318,14:00:47,59.1700,104,2
2026-04-29,601318,14:00:50,59.2000,502,1
2026-04-29,601318,14:00:53,59.1900,85,2
2026-04-29,601318,14:00:56,59.1800,177,2
2026-04-29,601318,14:00:59,59.2000,107,1
2026-04-29,601318,14:01:02,59.2000,198,1
2026-04-29,601318,14:01:05,59.1900,175,2
2026-04-29,601318,14:01:08,59.2000,287,2
2026-04-29,601318,14:01:11,59.2200,355,1
2026-04-29,601318,14:01:14,59.2000,237,2
2026-04-29,601318,14:01:17,59.2200,335,1
2026-04-29,601318,14:01:20,59.2100,369,2
2026-04-29,601318,14:01:23,59.2200,235,1
2026-04-29,601318,14:01:26,59.2000,254,2
2026-04-29,601318,14:01:29,59.2400,387,1
2026-04-29,601318,14:01:32,59.2300,123,4
2026-04-29,601318,14:01:35,59.2400,95,1
2026-04-29,601318,14:01:38,59.2400,209,1
2026-04-29,601318,14:01:41,59.2300,202,2
2026-04-29,601318,14:01:44,59.2300,93,2
2026-04-29,601318,14:01:47,59.2000,632,2
2026-04-29,601318,14:01:50,59.2000,227,1
2026-04-29,601318,14:01:53,59.2100,233,1
2026-04-29,601318,14:01:56,59.2000,61,2
2026-04-29,601318,14:01:59,59.2100,48,4
2026-04-29,601318,14:02:02,59.1900,197,2
2026-04-29,601318,14:02:05,59.1800,159,2
2026-04-29,601318,14:02:08,59.1800,21,1
2026-04-29,601318,14:02:11,59.1900,45,4
2026-04-29,601318,14:02:14,59.1900,40,2
2026-04-29,601318,14:02:17,59.1900,39,2
2026-04-29,601318,14:02:20,59.2000,76,1
2026-04-29,601318,14:02:23,59.1900,140,2
2026-04-29,601318,14:02:26,59.2000,86,1
2026-04-29,601318,14:02:29,59.1800,301,2
2026-04-29,601318,14:02:32,59.1900,117,1
2026-04-29,601318,14:02:35,59.1800,33,2
2026-04-29,601318,14:02:38,59.2100,200,1
2026-04-29,601318,14:02:41,59.1900,144,2
2026-04-29,601318,14:02:44,59.1900,120,2
2026-04-29,601318,14:02:47,59.1900,112,4
2026-04-29,601318,14:02:50,59.2200,211,1
2026-04-29,601318,14:02:53,59.2100,419,2
2026-04-29,601318,14:02:56,59.2100,77,1
2026-04-29,601318,14:02:59,59.2200,147,1
2026-04-29,601318,14:03:02,59.2000,208,2
2026-04-29,601318,14:03:05,59.2000,53,1
2026-04-29,601318,14:03:08,59.2200,207,1
2026-04-29,601318,14:03:11,59.2100,45,2
2026-04-29,601318,14:03:14,59.1900,183,2
2026-04-29,601318,14:03:17,59.1900,373,2
2026-04-29,601318,14:03:20,59.2100,181,1
2026-04-29,601318,14:03:23,59.2000,99,4
2026-04-29,601318,14:03:26,59.2000,29,4
2026-04-29,601318,14:03:29,59.2200,267,1
2026-04-29,601318,14:03:32,59.2200,817,1
2026-04-29,601318,14:03:35,59.2300,848,1
2026-04-29,601318,14:03:38,59.2300,129,2
2026-04-29,601318,14:03:41,59.2400,162,1
2026-04-29,601318,14:03:44,59.2200,68,2
2026-04-29,601318,14:03:47,59.2100,102,2
2026-04-29,601318,14:03:50,59.2300,194,1
2026-04-29,601318,14:03:53,59.2300,161,1
2026-04-29,601318,14:03:56,59.2100,515,2
2026-04-29,601318,14:03:59,59.1800,923,2
2026-04-29,601318,14:04:02,59.1800,349,1
2026-04-29,601318,14:04:05,59.1900,157,1
2026-04-29,601318,14:04:08,59.1900,367,2
2026-04-29,601318,14:04:11,59.2000,144,1
2026-04-29,601318,14:04:14,59.1900,52,2
2026-04-29,601318,14:04:17,59.2000,125,1
2026-04-29,601318,14:04:20,59.2000,1019,1
2026-04-29,601318,14:04:23,59.2000,58,2
2026-04-29,601318,14:04:26,59.1900,133,2
2026-04-29,601318,14:04:29,59.2200,229,1
2026-04-29,601318,14:04:32,59.2400,729,1
2026-04-29,601318,14:04:35,59.2300,59,1
2026-04-29,601318,14:04:38,59.2300,172,1
2026-04-29,601318,14:04:41,59.2300,222,1
2026-04-29,601318,14:04:44,59.2200,62,2
2026-04-29,601318,14:04:47,59.2200,72,1
2026-04-29,601318,14:04:50,59.2200,135,1
2026-04-29,601318,14:04:53,59.2300,106,1
2026-04-29,601318,14:04:56,59.2200,215,2
2026-04-29,601318,14:04:59,59.2000,416,2
2026-04-29,601318,14:05:02,59.1600,187,2
2026-04-29,601318,14:05:05,59.1600,185,2
2026-04-29,601318,14:05:08,59.1600,399,1
2026-04-29,601318,14:05:11,59.1600,160,1
2026-04-29,601318,14:05:14,59.1300,145,2
2026-04-29,601318,14:05:17,59.1500,152,1
2026-04-29,601318,14:05:20,59.1600,132,1
2026-04-29,601318,14:05:23,59.1700,146,1
2026-04-29,601318,14:05:26,59.1900,969,1
2026-04-29,601318,14:05:29,59.1500,724,2
2026-04-29,601318,14:05:32,59.1500,142,1
2026-04-29,601318,14:05:35,59.1500,25,1
2026-04-29,601318,14:05:38,59.1900,217,1
2026-04-29,601318,14:05:41,59.1900,172,2
2026-04-29,601318,14:05:44,59.1900,165,2
2026-04-29,601318,14:05:47,59.1700,96,2
2026-04-29,601318,14:05:50,59.1700,365,1
2026-04-29,601318,14:05:53,59.1900,79,2
2026-04-29,601318,14:05:56,59.2000,91,1
2026-04-29,601318,14:05:59,59.1900,134,2
2026-04-29,601318,14:06:02,59.2100,170,1
2026-04-29,601318,14:06:05,59.2000,82,1
2026-04-29,601318,14:06:08,59.1900,98,2
2026-04-29,601318,14:06:11,59.2000,47,1
2026-04-29,601318,14:06:14,59.2000,164,2
2026-04-29,601318,14:06:17,59.2000,106,1
2026-04-29,601318,14:06:20,59.2000,76,1
2026-04-29,601318,14:06:23,59.1900,98,2
2026-04-29,601318,14:06:26,59.1900,17,2
2026-04-29,601318,14:06:29,59.2000,290,1
2026-04-29,601318,14:06:32,59.2100,126,1
2026-04-29,601318,14:06:35,59.1900,168,2
2026-04-29,601318,14:06:38,59.1700,205,2
2026-04-29,601318,14:06:41,59.1800,23,1
2026-04-29,601318,14:06:44,59.1900,149,1
2026-04-29,601318,14:06:47,59.1800,67,2
2026-04-29,601318,14:06:50,59.2000,52,1
2026-04-29,601318,14:06:53,59.1900,44,4
2026-04-29,601318,14:06:56,59.1800,47,2
2026-04-29,601318,14:06:59,59.1800,85,2
2026-04-29,601318,14:07:02,59.1800,105,2
2026-04-29,601318,14:07:05,59.2000,237,1
2026-04-29,601318,10:57:05,58.4100,116,2
2026-04-29,601318,10:57:08,58.4300,68,1
2026-04-29,601318,10:57:11,58.4300,62,1
2026-04-29,601318,10:57:14,58.4300,18,1
2026-04-29,601318,10:57:17,58.4300,164,1
2026-04-29,601318,10:57:20,58.4200,124,2
2026-04-29,601318,10:57:23,58.4500,65,1
2026-04-29,601318,10:57:26,58.4500,140,1
2026-04-29,601318,10:57:29,58.4800,229,1
2026-04-29,601318,10:57:32,58.4800,209,1
2026-04-29,601318,10:57:35,58.4800,1191,1
2026-04-29,601318,10:57:38,58.4900,176,2
2026-04-29,601318,10:57:41,58.4600,181,2
2026-04-29,601318,10:57:44,58.4900,83,1
2026-04-29,601318,10:57:47,58.4900,57,1
2026-04-29,601318,10:57:50,58.4600,69,2
2026-04-29,601318,10:57:53,58.4600,5,1
2026-04-29,601318,10:57:56,58.4600,84,2
2026-04-29,601318,10:57:59,58.4700,24,1
2026-04-29,601318,10:58:02,58.4500,37,2
2026-04-29,601318,10:58:05,58.4400,181,2
2026-04-29,601318,10:58:08,58.4300,575,2
2026-04-29,601318,10:58:11,58.4300,497,2
2026-04-29,601318,10:58:14,58.4300,40,1
2026-04-29,601318,10:58:17,58.4300,117,1
2026-04-29,601318,10:58:20,58.4200,384,4
2026-04-29,601318,10:58:23,58.4300,38,1
2026-04-29,601318,10:58:26,58.4200,166,2
2026-04-29,601318,10:58:29,58.4200,85,2
2026-04-29,601318,10:58:32,58.4300,169,1
2026-04-29,601318,10:58:35,58.4200,104,2
2026-04-29,601318,10:58:38,58.4200,44,2
2026-04-29,601318,10:58:41,58.4200,84,1
2026-04-29,601318,10:58:44,58.4200,52,2
2026-04-29,601318,10:58:47,58.4300,214,1
2026-04-29,601318,10:58:50,58.4200,317,2
2026-04-29,601318,10:58:53,58.4200,52,1
2026-04-29,601318,10:58:56,58.4300,393,1
2026-04-29,601318,10:58:59,58.4100,187,2
2026-04-29,601318,10:59:02,58.4300,241,1
2026-04-29,601318,10:59:05,58.4000,278,2
2026-04-29,601318,10:59:08,58.4000,416,2
2026-04-29,601318,10:59:11,58.4100,239,2
2026-04-29,601318,10:59:14,58.4100,4,1
2026-04-29,601318,10:59:17,58.4100,13,2
2026-04-29,601318,10:59:20,58.4100,19,2
2026-04-29,601318,10:59:23,58.4100,57,2
2026-04-29,601318,10:59:26,58.4100,97,2
2026-04-29,601318,10:59:29,58.4100,79,2
2026-04-29,601318,10:59:32,58.4300,199,1
2026-04-29,601318,10:59:35,58.4200,84,1
2026-04-29,601318,10:59:38,58.4200,100,1
2026-04-29,601318,10:59:41,58.4200,65,1
2026-04-29,601318,10:59:44,58.4200,149,2
2026-04-29,601318,10:59:47,58.4300,71,1
2026-04-29,601318,10:59:50,58.4200,36,2
2026-04-29,601318,10:59:53,58.4200,63,1
2026-04-29,601318,10:59:56,58.4100,227,2
2026-04-29,601318,10:59:59,58.4000,147,2
2026-04-29,601318,11:00:02,58.4100,173,1
2026-04-29,601318,11:00:05,58.4100,448,1
2026-04-29,601318,11:00:08,58.4000,73,1
2026-04-29,601318,11:00:11,58.3900,347,2
2026-04-29,601318,11:00:14,58.3700,619,2
2026-04-29,601318,11:00:17,58.3700,367,2
2026-04-29,601318,11:00:20,58.3600,54,4
2026-04-29,601318,11:00:23,58.3200,712,2
2026-04-29,601318,11:00:26,58.3300,98,1
2026-04-29,601318,11:00:29,58.3200,56,2
2026-04-29,601318,11:00:32,58.3200,334,2
2026-04-29,601318,11:00:35,58.3300,70,1
2026-04-29,601318,11:00:38,58.3200,165,2
2026-04-29,601318,11:00:41,58.3300,213,1
2026-04-29,601318,11:00:44,58.3200,198,2
2026-04-29,601318,11:00:47,58.3300,76,1
2026-04-29,601318,11:00:50,58.3200,126,2
2026-04-29,601318,11:00:53,58.3400,245,1
2026-04-29,601318,11:00:56,58.3200,231,2
2026-04-29,601318,11:00:59,58.3400,117,1
2026-04-29,601318,11:01:02,58.3400,168,2
2026-04-29,601318,11:01:05,58.3400,66,1
2026-04-29,601318,11:01:08,58.3300,495,2
2026-04-29,601318,11:01:11,58.3400,140,2
2026-04-29,601318,11:01:14,58.3400,160,2
2026-04-29,601318,11:01:17,58.3500,420,1
2026-04-29,601318,11:01:20,58.3300,376,2
2026-04-29,601318,11:01:23,58.3400,1003,1
2026-04-29,601318,11:01:26,58.3300,194,2
2026-04-29,601318,11:01:29,58.3300,294,1
2026-04-29,601318,11:01:32,58.3300,298,2
2026-04-29,601318,11:01:35,58.3200,84,2
2026-04-29,601318,11:01:38,58.3300,125,1
2026-04-29,601318,11:01:41,58.3300,233,1
2026-04-29,601318,11:01:44,58.3400,54,1
2026-04-29,601318,11:01:47,58.3200,146,2
2026-04-29,601318,11:01:50,58.3300,71,1
2026-04-29,601318,11:01:53,58.3200,356,2
2026-04-29,601318,11:01:56,58.3300,299,1
2026-04-29,601318,11:01:59,58.3200,214,2
2026-04-29,601318,11:02:02,58.3200,229,1
2026-04-29,601318,11:02:05,58.3200,67,1
2026-04-29,601318,11:02:08,58.3100,1064,2
2026-04-29,601318,11:02:11,58.2800,2541,2
2026-04-29,601318,11:02:14,58.2800,125,2
2026-04-29,601318,11:02:17,58.2800,308,1
2026-04-29,601318,11:02:20,58.3100,370,1
2026-04-29,601318,11:02:23,58.2900,248,2
2026-04-29,601318,11:02:26,58.3000,1160,4
2026-04-29,601318,11:02:29,58.3200,587,1
2026-04-29,601318,11:02:32,58.3200,88,2
2026-04-29,601318,11:02:35,58.3400,502,1
2026-04-29,601318,11:02:38,58.3300,86,2
2026-04-29,601318,11:02:41,58.3300,166,2
2026-04-29,601318,11:02:44,58.3400,102,1
2026-04-29,601318,11:02:47,58.3400,70,2
2026-04-29,601318,11:02:50,58.3700,243,1
2026-04-29,601318,11:02:53,58.3400,56,1
2026-04-29,601318,11:02:56,58.3300,105,2
2026-04-29,601318,11:02:59,58.3400,81,1
2026-04-29,601318,11:03:02,58.3300,175,2
2026-04-29,601318,11:03:05,58.3500,69,1
2026-04-29,601318,11:03:08,58.3600,60,1
2026-04-29,601318,11:03:11,58.3500,545,2
2026-04-29,601318,11:03:14,58.3600,327,1
2026-04-29,601318,11:03:17,58.3700,236,1
2026-04-29,601318,11:03:20,58.3700,210,1
2026-04-29,601318,11:03:23,58.3700,75,1
2026-04-29,601318,11:03:26,58.3700,14,1
2026-04-29,601318,11:03:29,58.3700,57,1
2026-04-29,601318,11:03:32,58.3800,148,1
2026-04-29,601318,11:03:35,58.3700,562,2
2026-04-29,601318,11:03:38,58.4000,7,1
2026-04-29,601318,11:03:41,58.3700,164,2
2026-04-29,601318,11:03:44,58.3900,24,4
2026-04-29,601318,11:03:47,58.4000,92,1
2026-04-29,601318,11:03:50,58.3900,128,2
2026-04-29,601318,11:03:53,58.4300,48,1
2026-04-29,601318,11:03:56,58.3900,180,2
2026-04-29,601318,11:03:59,58.4000,136,1
2026-04-29,601318,11:04:02,58.3900,70,2
2026-04-29,601318,11:04:05,58.4100,368,1
2026-04-29,601318,11:04:08,58.4100,182,2
2026-04-29,601318,11:04:11,58.4000,106,2
2026-04-29,601318,11:04:14,58.4100,43,1
2026-04-29,601318,11:04:17,58.4100,78,1
2026-04-29,601318,11:04:20,58.4200,475,1
2026-04-29,601318,11:04:23,58.4200,215,2
2026-04-29,601318,11:04:26,58.4100,12,2
2026-04-29,601318,11:04:29,58.4100,23,2
2026-04-29,601318,11:04:32,58.4200,254,1
2026-04-29,601318,11:04:35,58.4200,76,2
2026-04-29,601318,11:04:38,58.4100,33,2
2026-04-29,601318,11:04:41,58.4200,229,1
2026-04-29,601318,11:04:44,58.4100,85,2
2026-04-29,601318,11:04:47,58.4200,174,1
2026-04-29,601318,11:04:50,58.3800,494,2
2026-04-29,601318,11:04:53,58.3900,125,4
2026-04-29,601318,11:04:56,58.3800,99,2
2026-04-29,601318,11:04:59,58.3900,36,1
2026-04-29,601318,11:05:02,58.3900,369,1
2026-04-29,601318,11:05:05,58.3900,34,1
2026-04-29,601318,11:05:08,58.4000,244,1
2026-04-29,601318,11:05:11,58.4100,675,1
2026-04-29,601318,11:05:14,58.4000,42,2
2026-04-29,601318,11:05:17,58.4100,123,1
2026-04-29,601318,11:05:20,58.4000,939,2
2026-04-29,601318,11:05:23,58.4000,104,2
2026-04-29,601318,11:05:26,58.4000,9,1
2026-04-29,601318,11:05:29,58.4000,82,1
2026-04-29,601318,11:05:32,58.4000,339,1
2026-04-29,601318,11:05:35,58.4000,101,1
2026-04-29,601318,11:05:38,58.4000,82,1
2026-04-29,601318,11:05:41,58.4300,49,1
2026-04-29,601318,11:05:44,58.4300,195,1
2026-04-29,601318,11:05:47,58.4300,9,1
2026-04-29,601318,11:05:50,58.4200,120,2
2026-04-29,601318,11:05:53,58.4400,156,1
2026-04-29,601318,11:05:56,58.4200,41,2
2026-04-29,601318,11:05:59,58.4500,24,1
2026-04-29,601318,11:06:02,58.4300,80,2
2026-04-29,601318,11:06:05,58.4500,7,1
2026-04-29,601318,11:06:08,58.4400,54,2
2026-04-29,601318,11:06:11,58.4400,111,2
2026-04-29,601318,11:06:14,58.4500,151,1
2026-04-29,601318,11:06:17,58.4700,123,1
2026-04-29,601318,11:06:20,58.4500,13,2
2026-04-29,601318,11:06:23,58.4800,20,1
2026-04-29,601318,11:06:26,58.4900,26,1
2026-04-29,601318,11:06:29,58.4900,76,1
2026-04-29,601318,11:06:32,58.4900,154,1
2026-04-29,601318,11:06:35,58.5000,4,1
2026-04-29,601318,11:06:38,58.4800,26,2
2026-04-29,601318,11:06:41,58.4800,30,2
2026-04-29,601318,11:06:44,58.4900,48,1
2026-04-29,601318,11:06:47,58.4800,96,2
2026-04-29,601318,11:06:50,58.4900,161,1
2026-04-29,601318,11:06:53,58.5000,69,1
2026-04-29,601318,11:06:56,58.5000,57,1
2026-04-29,601318,11:06:59,58.5100,35,1
2026-04-29,601318,11:07:02,58.4800,619,2
2026-04-29,601318,11:07:05,58.4900,106,1
2026-04-29,601318,11:07:08,58.4700,95,2
2026-04-29,601318,11:07:11,58.4700,77,2
2026-04-29,601318,11:07:14,58.4700,148,1
2026-04-29,601318,11:07:17,58.4500,73,2
2026-04-29,601318,11:07:20,58.4700,79,1
2026-04-29,601318,11:07:23,58.4800,61,1
2026-04-29,601318,11:07:26,58.4900,179,1
2026-04-29,601318,11:07:29,58.4900,38,2
2026-04-29,601318,11:07:32,58.4900,496,2
2026-04-29,601318,11:07:35,58.4900,46,1
2026-04-29,601318,11:07:38,58.4900,264,1
2026-04-29,601318,11:07:41,58.4900,315,2
2026-04-29,601318,11:07:44,58.4900,28,2
2026-04-29,601318,11:07:47,58.5200,166,1
2026-04-29,601318,11:07:50,58.5300,44,1
2026-04-29,601318,11:07:53,58.5300,31,2
2026-04-29,601318,11:07:56,58.5200,49,2
2026-04-29,601318,11:07:59,58.5200,36,2
2026-04-29,601318,11:08:02,58.5300,87,1
2026-04-29,601318,11:08:05,58.5300,71,2
2026-04-29,601318,11:08:08,58.5300,47,2
2026-04-29,601318,11:08:11,58.5400,104,1
2026-04-29,601318,11:08:14,58.5400,62,2
2026-04-29,601318,11:08:17,58.5600,36,1
2026-04-29,601318,11:08:20,58.5500,88,2
2026-04-29,601318,11:08:23,58.5600,66,1
2026-04-29,601318,11:08:26,58.5600,70,2
2026-04-29,601318,11:08:29,58.5900,19,1
2026-04-29,601318,11:08:32,58.5600,205,2
2026-04-29,601318,11:08:35,58.5800,36,1
2026-04-29,601318,11:08:38,58.5800,88,2
2026-04-29,601318,11:08:41,58.5800,34,1
2026-04-29,601318,11:08:44,58.5800,261,4
2026-04-29,601318,11:08:47,58.5700,224,2
2026-04-29,601318,11:08:50,58.5800,106,1
2026-04-29,601318,11:08:53,58.5800,94,2
2026-04-29,601318,11:08:56,58.5900,152,4
2026-04-29,601318,11:08:59,58.5800,137,2
2026-04-29,601318,11:09:02,58.5800,123,2
2026-04-29,601318,11:09:05,58.5800,142,2
2026-04-29,601318,11:09:08,58.5900,117,1
2026-04-29,601318,11:09:11,58.5700,248,2
2026-04-29,601318,11:09:14,58.6000,106,1
2026-04-29,601318,11:09:17,58.5900,80,2
2026-04-29,601318,11:09:20,58.5900,76,2
2026-04-29,601318,11:09:23,58.5800,155,2
2026-04-29,601318,11:09:26,58.5600,489,2
2026-04-29,601318,11:09:29,58.5500,126,2
2026-04-29,601318,11:09:32,58.5500,622,1
2026-04-29,601318,11:09:35,58.5800,344,4
2026-04-29,601318,11:09:38,58.5700,48,2
2026-04-29,601318,11:09:41,58.5900,88,1
2026-04-29,601318,11:09:44,58.5800,37,2
2026-04-29,601318,11:09:47,58.5900,22,1
2026-04-29,601318,11:09:50,58.5900,118,1
2026-04-29,601318,11:09:53,58.5800,150,1
2026-04-29,601318,11:09:56,58.5700,171,2
2026-04-29,601318,11:09:59,58.5900,534,1
2026-04-29,601318,11:10:02,58.5800,284,2
2026-04-29,601318,11:10:05,58.5800,43,2
2026-04-29,601318,11:10:08,58.5600,180,2
2026-04-29,601318,11:10:11,58.5600,114,2
2026-04-29,601318,11:10:14,58.5300,702,2
2026-04-29,601318,11:10:17,58.5700,118,1
2026-04-29,601318,11:10:20,58.5600,69,1
2026-04-29,601318,11:10:23,58.5300,17,2
2026-04-29,601318,11:10:26,58.5300,1279,2
2026-04-29,601318,11:10:29,58.5500,196,1
2026-04-29,601318,11:10:32,58.5500,60,2
2026-04-29,601318,11:10:35,58.5700,98,1
2026-04-29,601318,11:10:38,58.5700,29,1
2026-04-29,601318,11:10:41,58.5500,90,2
2026-04-29,601318,11:10:44,58.5700,73,1
2026-04-29,601318,11:10:47,58.5700,40,1
2026-04-29,601318,11:10:50,58.5700,15,1
2026-04-29,601318,11:10:53,58.5500,88,2
2026-04-29,601318,11:10:56,58.5700,226,1
2026-04-29,601318,11:10:59,58.5800,24,1
2026-04-29,601318,11:11:02,58.5400,135,2
2026-04-29,601318,11:11:05,58.5400,41,2
2026-04-29,601318,11:11:08,58.5600,159,1
2026-04-29,601318,11:11:11,58.5300,142,2
2026-04-29,601318,11:11:14,58.5500,88,1
2026-04-29,601318,11:11:17,58.5700,124,1
2026-04-29,601318,11:11:20,58.5700,43,1
2026-04-29,601318,11:11:23,58.5700,112,2
2026-04-29,601318,11:11:26,58.5600,69,2
2026-04-29,601318,11:11:29,58.5700,42,1
2026-04-29,601318,11:11:32,58.5700,42,2
2026-04-29,601318,11:11:35,58.5700,15,1
2026-04-29,601318,11:11:38,58.5700,295,1
2026-04-29,601318,11:11:41,58.5500,38,2
2026-04-29,601318,11:11:44,58.5800,50,1
2026-04-29,601318,11:11:47,58.5800,23,2
2026-04-29,601318,11:11:50,58.5800,32,2
2026-04-29,601318,11:11:53,58.5700,44,2
2026-04-29,601318,11:11:56,58.5700,32,2
2026-04-29,601318,11:11:59,58.5700,47,2
2026-04-29,601318,11:12:02,58.5600,300,2
2026-04-29,601318,11:12:05,58.5500,87,2
2026-04-29,601318,11:12:08,58.5500,4,2
2026-04-29,601318,11:12:11,58.5500,18,2
2026-04-29,601318,11:12:14,58.5600,85,1
2026-04-29,601318,11:12:17,58.5600,59,1
2026-04-29,601318,11:12:20,58.5700,72,1
2026-04-29,601318,11:12:23,58.5600,79,2
2026-04-29,601318,11:12:26,58.5600,79,2
2026-04-29,601318,11:12:29,58.5700,140,1
2026-04-29,601318,11:12:32,58.5700,46,2
2026-04-29,601318,11:12:35,58.5800,65,1
2026-04-29,601318,11:12:38,58.5600,38,2
2026-04-29,601318,11:12:41,58.5600,616,2
2026-04-29,601318,11:12:44,58.5800,192,2
2026-04-29,601318,11:12:47,58.5800,27,2
2026-04-29,601318,11:12:50,58.5900,108,1
2026-04-29,601318,11:12:53,58.5800,53,2
2026-04-29,601318,11:12:56,58.5900,137,1
2026-04-29,601318,11:12:59,58.5900,41,1
2026-04-29,601318,11:13:02,58.5900,77,1
2026-04-29,601318,11:13:05,58.5900,12,1
2026-04-29,601318,11:13:08,58.5900,179,1
2026-04-29,601318,11:13:11,58.5800,141,2
2026-04-29,601318,11:13:14,58.5800,43,2
2026-04-29,601318,11:13:17,58.5800,84,2
2026-04-29,601318,11:13:20,58.5700,24,2
2026-04-29,601318,11:13:23,58.5700,104,2
2026-04-29,601318,11:13:26,58.5600,69,4
2026-04-29,601318,11:13:29,58.5700,46,1
2026-04-29,601318,11:13:32,58.5400,105,2
2026-04-29,601318,11:13:35,58.5500,71,1
2026-04-29,601318,11:13:38,58.5400,149,2
2026-04-29,601318,11:13:41,58.5500,35,1
2026-04-29,601318,11:13:44,58.5400,76,2
2026-04-29,601318,11:13:47,58.5400,25,2
2026-04-29,601318,11:13:50,58.5400,25,1
2026-04-29,601318,11:13:53,58.5300,202,2
2026-04-29,601318,11:13:56,58.5300,199,1
2026-04-29,601318,11:13:59,58.5200,26,2
2026-04-29,601318,11:14:02,58.5300,112,2
2026-04-29,601318,11:14:05,58.5300,103,2
2026-04-29,601318,11:14:08,58.5100,28,2
2026-04-29,601318,11:14:11,58.5200,21,4
2026-04-29,601318,11:14:14,58.5200,61,1
2026-04-29,601318,11:14:17,58.5000,83,2
2026-04-29,601318,11:14:20,58.5100,92,1
2026-04-29,601318,11:14:23,58.5100,57,2
2026-04-29,601318,11:14:26,58.5100,40,2
2026-04-29,601318,11:14:29,58.5100,114,2
2026-04-29,601318,11:14:32,58.5100,92,2
2026-04-29,601318,11:14:35,58.5100,9,1
2026-04-29,601318,11:14:38,58.5100,65,1
2026-04-29,601318,11:14:41,58.5000,89,2
2026-04-29,601318,11:14:44,58.5100,96,1
2026-04-29,601318,11:14:47,58.5100,90,1
2026-04-29,601318,11:14:50,58.5200,29,4
2026-04-29,601318,11:14:53,58.5200,257,1
2026-04-29,601318,11:14:56,58.5200,29,1
2026-04-29,601318,11:14:59,58.5100,101,2
2026-04-29,601318,11:15:02,58.5100,122,2
2026-04-29,601318,11:15:05,58.5300,18,1
2026-04-29,601318,11:15:08,58.5000,73,2
2026-04-29,601318,11:15:11,58.5100,53,2
2026-04-29,601318,11:15:14,58.5200,48,1
2026-04-29,601318,11:15:17,58.5100,120,2
2026-04-29,601318,11:15:20,58.5000,33,2
2026-04-29,601318,11:15:23,58.4900,35,2
2026-04-29,601318,11:15:26,58.5000,38,1
2026-04-29,601318,11:15:29,58.4900,36,2
2026-04-29,601318,11:15:32,58.5000,50,1
2026-04-29,601318,11:15:35,58.4900,161,2
2026-04-29,601318,11:15:38,58.4900,15,1
2026-04-29,601318,11:15:41,58.4900,31,1
2026-04-29,601318,11:15:44,58.4600,234,2
2026-04-29,601318,11:15:47,58.4600,83,2
2026-04-29,601318,11:15:50,58.4600,46,2
2026-04-29,601318,11:15:53,58.5000,906,1
2026-04-29,601318,11:15:56,58.4900,166,2
2026-04-29,601318,11:15:59,58.5000,59,1
2026-04-29,601318,11:16:02,58.5000,19,2
2026-04-29,601318,11:16:05,58.5300,86,1
2026-04-29,601318,11:16:08,58.5300,99,1
2026-04-29,601318,11:16:11,58.5400,52,1
2026-04-29,601318,11:16:14,58.5200,36,2
2026-04-29,601318,11:16:17,58.5200,22,1
2026-04-29,601318,11:16:20,58.5300,27,4
2026-04-29,601318,11:16:23,58.5200,73,2
2026-04-29,601318,11:16:26,58.5200,13,1
2026-04-29,601318,11:16:29,58.5300,17,1
2026-04-29,601318,11:16:32,58.5300,3,2
2026-04-29,601318,11:16:35,58.5300,158,2
2026-04-29,601318,11:16:38,58.5500,31,1
2026-04-29,601318,11:16:41,58.5500,34,1
2026-04-29,601318,11:16:44,58.5400,250,2
2026-04-29,601318,11:16:47,58.5400,146,2
2026-04-29,601318,11:16:50,58.5700,53,1
2026-04-29,601318,11:16:53,58.5500,100,2
2026-04-29,601318,11:16:56,58.5600,17,2
2026-04-29,601318,11:16:59,58.5700,39,1
2026-04-29,601318,11:17:02,58.5800,198,1
2026-04-29,601318,11:17:05,58.5700,120,2
2026-04-29,601318,11:17:08,58.5800,24,1
2026-04-29,601318,11:17:11,58.5900,15,1
2026-04-29,601318,11:17:14,58.5800,124,2
2026-04-29,601318,11:17:17,58.5800,121,2
2026-04-29,601318,11:17:20,58.5900,398,1
2026-04-29,601318,11:17:23,58.6000,127,4
2026-04-29,601318,11:17:26,58.6000,42,2
2026-04-29,601318,11:17:29,58.6000,58,2
2026-04-29,601318,11:17:32,58.6300,178,1
2026-04-29,601318,11:17:35,58.6400,138,1
2026-04-29,601318,11:17:38,58.6300,9,4
2026-04-29,601318,11:17:41,58.6100,168,2
2026-04-29,601318,11:17:44,58.6100,133,2
2026-04-29,601318,11:17:47,58.6200,810,1
2026-04-29,601318,11:17:50,58.6200,43,1
2026-04-29,601318,11:17:53,58.6000,288,2
2026-04-29,601318,11:17:56,58.6400,35,1
2026-04-29,601318,11:17:59,58.6500,55,1
2026-04-29,601318,11:18:02,58.6500,44,1
2026-04-29,601318,11:18:05,58.6500,177,1
2026-04-29,601318,11:18:08,58.6600,631,1
2026-04-29,601318,11:18:11,58.6700,133,1
2026-04-29,601318,11:18:14,58.6600,73,2
2026-04-29,601318,11:18:17,58.6500,79,2
2026-04-29,601318,11:18:20,58.6600,74,1
2026-04-29,601318,11:18:23,58.6500,73,1
2026-04-29,601318,11:18:26,58.6600,75,1
2026-04-29,601318,11:18:29,58.6500,31,4
2026-04-29,601318,11:18:32,58.6600,57,1
2026-04-29,601318,11:18:35,58.6400,20,2
2026-04-29,601318,11:18:38,58.6500,53,1
2026-04-29,601318,11:18:41,58.6600,158,1
2026-04-29,601318,11:18:44,58.6500,63,2
2026-04-29,601318,11:18:47,58.6500,96,2
2026-04-29,601318,11:18:50,58.6700,253,1
2026-04-29,601318,11:18:53,58.6500,429,2
2026-04-29,601318,11:18:56,58.6500,40,2
2026-04-29,601318,11:18:59,58.6600,45,1
2026-04-29,601318,11:19:02,58.6500,231,2
2026-04-29,601318,11:19:05,58.6400,205,2
2026-04-29,601318,11:19:08,58.6400,59,2
2026-04-29,601318,11:19:11,58.6500,133,1
2026-04-29,601318,11:19:14,58.6400,220,1
2026-04-29,601318,11:19:17,58.6500,75,1
2026-04-29,601318,11:19:20,58.6400,149,2
2026-04-29,601318,11:19:23,58.6400,88,2
2026-04-29,601318,11:19:26,58.6400,57,1
2026-04-29,601318,11:19:29,58.6300,78,2
2026-04-29,601318,11:19:32,58.6000,963,2
2026-04-29,601318,11:19:35,58.5900,234,2
2026-04-29,601318,11:19:38,58.6000,63,1
2026-04-29,601318,11:19:41,58.5800,49,2
