date,code,time,price,volume,bs
2026-04-22,600036,14:06:16,39.7000,17,1
2026-04-22,600036,14:06:19,39.6900,36,2
2026-04-22,600036,14:06:22,39.7000,51,1
2026-04-22,600036,14:06:25,39.7000,107,1
2026-04-22,600036,14:06:28,39.7000,16,2
2026-04-22,600036,14:06:31,39.7000,53,1
2026-04-22,600036,14:06:34,39.7000,27,2
2026-04-22,600036,14:06:37,39.7100,43,1
2026-04-22,600036,14:06:40,39.7000,4,2
2026-04-22,600036,14:06:43,39.7100,5,1
2026-04-22,600036,14:06:46,39.7000,36,2
2026-04-22,600036,14:06:49,39.7100,11,1
2026-04-22,600036,14:06:52,39.6900,42,2
2026-04-22,600036,14:06:55,39.7100,6,1
2026-04-22,600036,14:06:58,39.7000,117,2
2026-04-22,600036,14:07:01,39.7000,10,2
2026-04-22,600036,14:07:04,39.7100,234,1
2026-04-22,600036,14:07:07,39.7000,136,2
2026-04-22,600036,14:07:10,39.6900,217,2
2026-04-22,600036,14:07:13,39.7100,103,1
2026-04-22,600036,14:07:16,39.7100,121,1
2026-04-22,600036,14:07:19,39.7000,24,2
2026-04-22,600036,14:07:22,39.7000,53,2
2026-04-22,600036,14:07:25,39.7000,25,2
2026-04-22,600036,14:07:28,39.7000,219,2
2026-04-22,600036,14:07:31,39.7000,32,2
2026-04-22,600036,14:07:34,39.7000,48,2
2026-04-22,600036,14:07:37,39.7000,453,2
2026-04-22,600036,14:07:40,39.6900,23,2
2026-04-22,600036,14:07:43,39.6800,180,2
2026-04-22,600036,14:07:46,39.6900,40,1
2026-04-22,600036,14:07:49,39.6800,11,2
2026-04-22,600036,14:07:52,39.6900,1509,1
2026-04-22,600036,14:07:55,39.6800,5,1
2026-04-22,600036,14:07:58,39.6700,580,2
2026-04-22,600036,14:08:01,39.6700,136,2
2026-04-22,600036,14:08:04,39.6800,22,2
2026-04-22,600036,14:08:07,39.6800,27,2
2026-04-22,600036,14:08:10,39.6800,124,2
2026-04-22,600036,14:08:13,39.6700,67,2
2026-04-22,600036,14:08:16,39.6900,23,1
2026-04-22,600036,14:08:19,39.6800,179,2
2026-04-22,600036,14:08:22,39.6800,70,2
2026-04-22,600036,14:08:25,39.6800,44,2
2026-04-22,600036,14:08:28,39.6800,15,2
2026-04-22,600036,14:08:31,39.6800,29,2
2026-04-22,600036,14:08:34,39.6800,520,2
2026-04-22,600036,14:08:37,39.6800,255,1
2026-04-22,600036,14:08:40,39.6700,60,2
2026-04-22,600036,14:08:43,39.6700,71,2
2026-04-22,600036,14:08:46,39.6800,5,1
2026-04-22,600036,14:08:49,39.6600,62,2
2026-04-22,600036,14:08:52,39.6700,33,2
2026-04-22,600036,14:08:55,39.6700,36,2
2026-04-22,600036,14:08:58,39.6700,6,2
2026-04-22,600036,14:09:01,39.6700,16,2
2026-04-22,600036,14:09:04,39.6700,5,2
2026-04-22,600036,14:09:07,39.6800,41,1
2026-04-22,600036,14:09:10,39.6700,72,2
2026-04-22,600036,14:09:13,39.6700,461,2
2026-04-22,600036,14:09:16,39.6800,33,1
2026-04-22,600036,14:09:19,39.6800,22,1
2026-04-22,600036,14:09:22,39.6700,97,2
2026-04-22,600036,14:09:25,39.6700,52,2
2026-04-22,600036,14:09:28,39.6700,144,2
2026-04-22,600036,14:09:31,39.6800,295,1
2026-04-22,600036,14:09:34,39.6700,255,2
2026-04-22,600036,14:09:37,39.6700,39,2
2026-04-22,600036,14:09:40,39.6700,82,2
2026-04-22,600036,14:09:43,39.6600,5,2
2026-04-22,600036,14:09:49,39.6800,31,1
2026-04-22,600036,14:09:52,39.6800,116,1
2026-04-22,600036,14:09:55,39.6800,63,1
2026-04-22,600036,14:09:58,39.6800,74,1
2026-04-22,600036,14:10:01,39.6800,84,2
2026-04-22,600036,14:10:04,39.6800,6,2
2026-04-22,600036,14:10:07,39.6800,43,2
2026-04-22,600036,14:10:10,39.6800,51,2
2026-04-22,600036,14:10:13,39.6900,40,1
2026-04-22,600036,14:10:16,39.6900,50,1
2026-04-22,600036,14:10:19,39.6800,24,2
2026-04-22,600036,14:10:22,39.6800,53,2
2026-04-22,600036,14:10:25,39.6800,36,2
2026-04-22,600036,14:10:28,39.6900,110,1
2026-04-22,600036,14:10:31,39.6900,10,1
2026-04-22,600036,14:10:34,39.6800,158,2
2026-04-22,600036,14:10:37,39.6900,52,1
2026-04-22,600036,14:10:40,39.6800,100,2
2026-04-22,600036,14:10:43,39.6900,12,1
2026-04-22,600036,14:10:46,39.6700,126,2
2026-04-22,600036,14:10:49,39.7000,403,1
2026-04-22,600036,14:10:52,39.6700,196,2
2026-04-22,600036,14:10:55,39.6800,26,2
2026-04-22,600036,14:10:58,39.6900,56,1
2026-04-22,600036,14:11:01,39.6800,171,2
2026-04-22,600036,14:11:04,39.6800,15,2
2026-04-22,600036,14:11:07,39.6800,167,2
2026-04-22,600036,14:11:10,39.6800,17,2
2026-04-22,600036,14:11:13,39.6800,67,2
2026-04-22,600036,14:11:16,39.6900,8,1
2026-04-22,600036,14:11:19,39.6800,61,2
2026-04-22,600036,14:11:22,39.6800,32,2
2026-04-22,600036,14:11:25,39.6800,145,2
2026-04-22,600036,14:11:28,39.6800,175,1
2026-04-22,600036,14:11:31,39.6900,167,1
2026-04-22,600036,14:11:34,39.6700,146,2
2026-04-22,600036,14:11:37,39.6800,32,4
2026-04-22,600036,14:11:40,39.6800,64,4
2026-04-22,600036,14:11:43,39.6700,210,2
2026-04-22,600036,14:11:46,39.6700,119,2
2026-04-22,600036,14:11:49,39.6900,19,1
2026-04-22,600036,14:11:52,39.6800,89,2
2026-04-22,600036,14:11:55,39.6800,89,2
2026-04-22,600036,14:11:58,39.6900,61,1
2026-04-22,600036,14:12:01,39.6800,262,2
2026-04-22,600036,14:12:04,39.6800,84,1
2026-04-22,600036,14:12:07,39.6900,124,1
2026-04-22,600036,14:12:10,39.6900,26,1
2026-04-22,600036,14:12:13,39.6900,45,1
2026-04-22,600036,14:12:16,39.7000,51,1
2026-04-22,600036,14:12:19,39.6900,52,4
2026-04-22,600036,14:12:22,39.6800,23,2
2026-04-22,600036,14:12:25,39.6800,24,2
2026-04-22,600036,14:12:28,39.6900,21,2
2026-04-22,600036,14:12:31,39.6900,29,2
2026-04-22,600036,14:12:34,39.6900,10,2
2026-04-22,600036,14:12:37,39.6900,51,2
2026-04-22,600036,14:12:40,39.6900,58,2
2026-04-22,600036,14:12:43,39.6900,55,1
2026-04-22,600036,14:12:46,39.6900,48,1
2026-04-22,600036,14:12:49,39.6900,138,2
2026-04-22,600036,14:12:52,39.6900,1,1
2026-04-22,600036,14:12:55,39.6800,55,2
2026-04-22,600036,14:12:58,39.6800,334,2
2026-04-22,600036,14:13:01,39.6900,218,1
2026-04-22,600036,14:13:04,39.6900,50,1
2026-04-22,600036,14:13:07,39.6800,84,2
2026-04-22,600036,14:13:10,39.6700,14,2
2026-04-22,600036,14:13:13,39.6900,89,1
2026-04-22,600036,14:13:16,39.6900,135,4
2026-04-22,600036,14:13:19,39.6900,11,1
2026-04-22,600036,14:13:22,39.6900,110,1
2026-04-22,600036,14:13:25,39.6900,10,2
2026-04-22,600036,14:13:28,39.6900,91,2
2026-04-22,600036,14:13:31,39.6900,2,2
2026-04-22,600036,14:13:34,39.6900,38,2
2026-04-22,600036,14:13:37,39.6900,134,2
2026-04-22,600036,14:13:40,39.6900,67,2
2026-04-22,600036,14:13:43,39.7000,22,1
2026-04-22,600036,14:13:46,39.6900,37,2
2026-04-22,600036,14:13:49,39.7000,53,1
2026-04-22,600036,14:13:52,39.6900,35,2
2026-04-22,600036,14:13:55,39.7000,502,4
2026-04-22,600036,14:13:58,39.7100,78,1
2026-04-22,600036,14:14:01,39.7000,120,4
2026-04-22,600036,14:14:04,39.7000,175,4
2026-04-22,600036,14:14:07,39.6700,109,2
2026-04-22,600036,14:14:10,39.7000,3,1
2026-04-22,600036,14:14:13,39.7000,82,1
2026-04-22,600036,14:14:16,39.6800,47,2
2026-04-22,600036,14:14:19,39.6900,21,2
2026-04-22,600036,14:14:22,39.6900,55,1
2026-04-22,600036,14:14:25,39.6900,2,1
2026-04-22,600036,14:14:28,39.6900,47,1
2026-04-22,600036,14:14:31,39.6900,218,2
2026-04-22,600036,14:14:34,39.6900,129,4
2026-04-22,600036,14:14:37,39.6800,20,2
2026-04-22,600036,14:14:40,39.6800,79,2
2026-04-22,600036,14:14:43,39.6900,1,4
2026-04-22,600036,14:14:46,39.6800,31,2
2026-04-22,600036,14:14:49,39.6900,3,4
2026-04-22,600036,14:14:52,39.6900,246,2
2026-04-22,600036,14:14:55,39.6800,14,2
2026-04-22,600036,14:14:58,39.6700,115,2
2026-04-22,600036,14:15:01,39.6800,19,2
2026-04-22,600036,14:15:04,39.6800,14,2
2026-04-22,600036,14:15:07,39.6900,40,1
2026-04-22,600036,14:15:10,39.6900,23,2
2026-04-22,600036,14:15:13,39.6900,42,2
2026-04-22,600036,14:15:16,39.7000,44,1
2026-04-22,600036,14:15:19,39.7000,4,1
2026-04-22,600036,14:15:22,39.7000,39,1
2026-04-22,600036,14:15:25,39.6900,14,2
2026-04-22,600036,14:15:28,39.7000,23,1
2026-04-22,600036,14:15:31,39.6900,175,2
2026-04-22,600036,14:15:34,39.6900,48,2
2026-04-22,600036,14:15:37,39.7000,66,1
2026-04-22,600036,14:15:40,39.7000,16,1
2026-04-22,600036,14:15:43,39.7000,66,1
2026-04-22,600036,14:15:46,39.7000,5,1
2026-04-22,600036,14:15:49,39.7000,19,1
2026-04-22,600036,14:15:52,39.6900,41,2
2026-04-22,600036,14:15:55,39.7000,6,1
2026-04-22,600036,14:15:58,39.6900,3,2
2026-04-22,600036,14:16:01,39.6900,16,2
2026-04-22,600036,14:16:07,39.6900,64,2
2026-04-22,600036,14:16:10,39.7000,6,1
2026-04-22,600036,14:16:13,39.6900,96,2
2026-04-22,600036,14:16:16,39.6900,35,2
2026-04-22,600036,14:16:19,39.6900,5,2
2026-04-22,600036,14:16:22,39.7000,39,1
2026-04-22,600036,14:16:25,39.7000,34,1
2026-04-22,600036,14:16:28,39.7000,43,1
2026-04-22,600036,14:16:31,39.6900,45,2
2026-04-22,600036,14:16:34,39.7000,14,1
2026-04-22,600036,14:16:37,39.6900,21,2
2026-04-22,600036,14:16:40,39.6900,155,2
2026-04-22,600036,14:16:43,39.7000,4,1
2026-04-22,600036,14:16:46,39.7000,14,1
2026-04-22,600036,14:16:49,39.6900,137,2
2026-04-22,600036,14:16:52,39.7000,16,1
2026-04-22,600036,14:16:55,39.6900,18,2
2026-04-22,600036,14:16:58,39.6900,10,2
2026-04-22,600036,14:17:01,39.7000,8,1
2026-04-22,600036,14:17:04,39.6900,4,2
2026-04-22,600036,14:17:07,39.7000,65,1
2026-04-22,600036,14:17:10,39.6900,173,2
2026-04-22,600036,14:17:13,39.6900,8,2
2026-04-22,600036,14:17:16,39.7000,21,1
2026-04-22,600036,14:17:19,39.6900,8,2
2026-04-22,600036,14:17:22,39.6900,2,2
2026-04-22,600036,14:17:25,39.7000,4,1
2026-04-22,600036,14:17:28,39.6900,36,2
2026-04-22,600036,14:17:31,39.6900,403,2
2026-04-22,600036,14:17:34,39.6900,106,2
2026-04-22,600036,14:17:37,39.6900,65,2
2026-04-22,600036,14:17:40,39.6900,21,1
2026-04-22,600036,14:17:43,39.6900,38,1
2026-04-22,600036,14:17:46,39.6800,12,2
2026-04-22,600036,14:17:49,39.6800,560,2
2026-04-22,600036,14:17:52,39.6800,44,2
2026-04-22,600036,14:17:55,39.6700,71,2
2026-04-22,600036,14:17:58,39.6800,17,2
2026-04-22,600036,14:18:01,39.6800,4,2
2026-04-22,600036,14:18:04,39.6900,14,1
2026-04-22,600036,14:18:07,39.6900,8,1
2026-04-22,600036,14:18:10,39.6800,80,2
2026-04-22,600036,14:18:13,39.6800,58,2
2026-04-22,600036,14:18:16,39.6900,7,1
2026-04-22,600036,14:18:19,39.6800,4,2
2026-04-22,600036,14:18:22,39.6900,17,1
2026-04-22,600036,14:18:25,39.6900,12,1
2026-04-22,600036,14:18:28,39.6900,29,1
2026-04-22,600036,14:18:31,39.6900,182,1
2026-04-22,600036,14:18:34,39.6800,56,2
2026-04-22,600036,14:18:37,39.6900,15,1
2026-04-22,600036,14:18:40,39.6800,18,2
2026-04-22,600036,14:18:43,39.6900,34,1
2026-04-22,600036,14:18:46,39.6800,20,2
2026-04-22,600036,14:18:49,39.6900,6,1
2026-04-22,600036,14:18:52,39.6900,2,1
2026-04-22,600036,14:18:55,39.6900,165,1
2026-04-22,600036,14:18:58,39.6800,2,2
2026-04-22,600036,14:19:01,39.6900,64,1
2026-04-22,600036,14:19:07,39.6900,22,1
2026-04-22,600036,14:19:13,39.6900,153,1
2026-04-22,600036,14:19:16,39.6800,144,2
2026-04-22,600036,14:19:19,39.6900,16,1
2026-04-22,600036,14:19:22,39.6800,31,2
2026-04-22,600036,14:19:25,39.6800,3,2
2026-04-22,600036,14:19:28,39.6800,20,2
2026-04-22,600036,14:19:31,39.6900,30,1
2026-04-22,600036,14:19:34,39.6800,364,2
2026-04-22,600036,14:19:37,39.6800,13,2
2026-04-22,600036,14:19:40,39.6800,20,2
2026-04-22,600036,14:19:43,39.6800,8,2
2026-04-22,600036,14:19:46,39.6800,64,2
2026-04-22,600036,14:19:49,39.6800,31,2
2026-04-22,600036,14:19:52,39.6800,46,2
2026-04-22,600036,14:19:55,39.6800,365,2
2026-04-22,600036,14:19:58,39.6900,58,1
2026-04-22,600036,14:20:01,39.6800,79,2
2026-04-22,600036,14:20:04,39.6800,105,2
2026-04-22,600036,14:20:07,39.6900,21,1
2026-04-22,600036,14:20:10,39.6800,14,2
2026-04-22,600036,14:20:13,39.6900,356,1
2026-04-22,600036,14:20:16,39.6800,8,2
2026-04-22,600036,14:20:19,39.6800,38,2
2026-04-22,600036,14:20:22,39.6800,105,2
2026-04-22,600036,14:20:25,39.6800,5,1
2026-04-22,600036,14:20:28,39.6800,42,1
2026-04-22,600036,14:20:31,39.6700,1998,2
2026-04-22,600036,14:20:34,39.6800,25,4
2026-04-22,600036,14:20:37,39.6900,39,1
2026-04-22,600036,14:20:40,39.6800,158,1
2026-04-22,600036,14:20:43,39.6800,58,1
2026-04-22,600036,14:20:46,39.6800,24,1
2026-04-22,600036,14:20:49,39.6700,1777,2
2026-04-22,600036,14:20:52,39.6800,145,1
2026-04-22,600036,14:20:55,39.6700,113,2
2026-04-22,600036,14:20:58,39.6700,157,2
2026-04-22,600036,14:21:01,39.6700,2,2
2026-04-22,600036,14:21:04,39.6800,133,1
2026-04-22,600036,14:21:07,39.6800,44,1
2026-04-22,600036,14:21:10,39.6800,149,2
2026-04-22,600036,14:21:13,39.6800,45,2
2026-04-22,600036,14:21:16,39.6800,32,2
2026-04-22,600036,14:21:19,39.6700,80,2
2026-04-22,600036,14:21:22,39.6800,38,4
2026-04-22,600036,14:21:25,39.6800,5,1
2026-04-22,600036,14:21:28,39.6700,133,2
2026-04-22,600036,14:21:31,39.6700,3,2
2026-04-22,600036,14:21:34,39.6700,11,2
2026-04-22,600036,14:21:37,39.6800,29,1
2026-04-22,600036,14:21:40,39.6700,2,2
2026-04-22,600036,14:21:43,39.6800,54,1
2026-04-22,600036,14:21:46,39.6800,19,1
2026-04-22,600036,14:21:49,39.6800,690,4
2026-04-22,600036,14:21:52,39.6800,74,2
2026-04-22,600036,14:21:55,39.6700,22,2
2026-04-22,600036,14:21:58,39.6700,46,2
2026-04-22,600036,14:22:01,39.6800,49,1
2026-04-22,600036,14:22:04,39.6900,84,1
2026-04-22,600036,14:22:07,39.6800,167,2
2026-04-22,600036,14:22:10,39.6800,7,2
2026-04-22,600036,14:22:13,39.6700,3,2
2026-04-22,600036,14:22:16,39.6700,14,2
2026-04-22,600036,14:22:19,39.6800,129,1
2026-04-22,600036,14:22:22,39.6800,25,2
2026-04-22,600036,14:22:28,39.6800,82,2
2026-04-22,600036,14:22:31,39.6900,24,1
2026-04-22,600036,14:22:34,39.6800,3,2
2026-04-22,600036,14:22:37,39.6800,18,2
2026-04-22,600036,14:22:40,39.6800,27,2
2026-04-22,600036,14:22:43,39.6800,43,2
2026-04-22,600036,14:22:46,39.6800,245,2
2026-04-22,600036,14:22:49,39.6800,20,1
2026-04-22,600036,14:22:52,39.6700,90,2
2026-04-22,600036,14:22:55,39.6800,12,1
2026-04-22,600036,14:22:58,39.6700,6,2
2026-04-22,600036,14:23:01,39.6800,19,1
2026-04-22,600036,14:23:04,39.6800,60,1
2026-04-22,600036,14:23:07,39.6700,805,2
2026-04-22,600036,14:23:10,39.6700,6,2
2026-04-22,600036,14:23:13,39.6600,71,2
2026-04-22,600036,14:23:16,39.6800,21,1
2026-04-22,600036,14:23:19,39.6700,17,2
2026-04-22,600036,14:23:22,39.6700,21,1
2026-04-22,600036,14:23:25,39.6600,2748,2
2026-04-22,600036,14:23:28,39.6700,42,1
2026-04-22,600036,14:23:31,39.6700,63,1
2026-04-22,600036,14:23:34,39.6800,10,1
2026-04-22,600036,14:23:37,39.6800,25,1
2026-04-22,600036,14:23:43,39.6800,85,1
2026-04-22,600036,14:23:46,39.6800,132,1
2026-04-22,600036,14:23:49,39.6800,5,1
2026-04-22,600036,14:23:52,39.6800,5,1
2026-04-22,600036,14:23:55,39.6800,20,1
2026-04-22,600036,14:23:58,39.6800,3,1
2026-04-22,600036,14:24:01,39.6700,72,2
2026-04-22,600036,14:24:04,39.6800,10,1
2026-04-22,600036,14:24:07,39.6800,21,1
2026-04-22,600036,14:24:10,39.6800,1,1
2026-04-22,600036,14:24:13,39.6700,15,2
2026-04-22,600036,14:24:16,39.6800,3,1
2026-04-22,600036,14:24:19,39.6700,7,2
2026-04-22,600036,14:24:22,39.6700,1267,2
2026-04-22,600036,14:24:25,39.6700,45,2
2026-04-22,600036,14:24:28,39.6600,24,2
2026-04-22,600036,14:24:31,39.6700,5,1
2026-04-22,600036,14:24:34,39.6700,5,1
2026-04-22,600036,14:24:37,39.6700,111,1
2026-04-22,600036,14:24:40,39.6600,717,2
2026-04-22,600036,14:24:43,39.6700,4,1
2026-04-22,600036,14:24:46,39.6700,79,1
2026-04-22,600036,14:24:49,39.6700,161,1
2026-04-22,600036,14:24:52,39.6700,29,2
2026-04-22,600036,14:24:55,39.6700,41,2
2026-04-22,600036,14:24:58,39.6700,33,2
2026-04-22,600036,14:25:01,39.6700,20,2
2026-04-22,600036,14:25:04,39.6800,68,1
2026-04-22,600036,14:25:07,39.6800,58,1
2026-04-22,600036,14:25:10,39.6800,21,1
2026-04-22,600036,14:25:13,39.6800,28,1
2026-04-22,600036,14:25:16,39.6700,218,2
2026-04-22,600036,14:25:19,39.6800,162,1
2026-04-22,600036,14:25:22,39.6700,33,2
2026-04-22,600036,14:25:25,39.6800,10,1
2026-04-22,600036,14:25:28,39.6800,7,1
2026-04-22,600036,14:25:31,39.6800,368,1
2026-04-22,600036,14:25:34,39.6800,378,1
2026-04-22,600036,14:25:37,39.6800,22,1
2026-04-22,600036,14:25:40,39.6800,7,1
2026-04-22,600036,14:25:43,39.6800,1,1
2026-04-22,600036,14:25:46,39.6700,58,2
2026-04-22,600036,14:25:49,39.6800,5,1
2026-04-22,600036,14:25:52,39.6700,20,2
2026-04-22,600036,14:25:55,39.6800,43,1
2026-04-22,600036,14:26:01,39.6700,470,2
2026-04-22,600036,14:26:04,39.6800,15,1
2026-04-22,600036,14:26:07,39.6800,22,1
2026-04-22,600036,14:26:10,39.6800,96,2
2026-04-22,600036,14:26:13,39.6800,122,2
2026-04-22,600036,14:26:16,39.6900,42,1
2026-04-22,600036,14:26:19,39.6700,80,2
2026-04-22,600036,14:26:22,39.6700,118,2
2026-04-22,600036,14:26:25,39.6800,7,1
2026-04-22,600036,14:26:28,39.6700,56,2
2026-04-22,600036,14:26:34,39.6900,75,1
2026-04-22,600036,14:26:37,39.6700,45,2
2026-04-22,600036,14:26:40,39.6700,322,2
2026-04-22,600036,14:26:43,39.6800,10,4
2026-04-22,600036,14:26:46,39.6700,7,2
2026-04-22,600036,14:26:49,39.6900,3,1
2026-04-22,600036,14:26:52,39.6800,1,2
2026-04-22,600036,14:26:55,39.6900,7,1
2026-04-22,600036,14:26:58,39.6900,15,1
2026-04-22,600036,14:27:01,39.6900,67,1
2026-04-22,600036,14:27:04,39.6800,55,2
2026-04-22,600036,14:27:07,39.6800,12,2
2026-04-22,600036,14:27:10,39.6900,7,1
2026-04-22,600036,14:27:13,39.6800,7,2
2026-04-22,600036,14:27:16,39.6800,43,2
2026-04-22,600036,14:27:19,39.6800,42,2
2026-04-22,600036,14:27:22,39.6800,17,2
2026-04-22,600036,14:27:25,39.6800,5,2
2026-04-22,600036,14:27:28,39.6800,8,2
2026-04-22,600036,14:27:31,39.6900,12,1
2026-04-22,600036,14:27:34,39.6800,71,2
2026-04-22,600036,14:27:37,39.6800,73,2
2026-04-22,600036,14:27:40,39.6800,8,4
2026-04-22,600036,14:27:43,39.6800,5,2
2026-04-22,600036,14:27:46,39.6800,86,2
2026-04-22,600036,14:27:49,39.6800,40,1
2026-04-22,600036,14:27:52,39.6800,123,2
2026-04-22,600036,14:27:55,39.6800,97,2
2026-04-22,600036,14:27:58,39.6800,3,4
2026-04-22,600036,14:28:01,39.6900,67,1
2026-04-22,600036,14:28:07,39.6900,23,1
2026-04-22,600036,14:28:10,39.6800,115,2
2026-04-22,600036,14:28:13,39.6800,12,2
2026-04-22,600036,14:28:16,39.6900,7,1
2026-04-22,600036,14:28:19,39.6800,30,2
2026-04-22,600036,14:28:22,39.6900,5,1
2026-04-22,600036,14:28:25,39.6800,121,2
2026-04-22,600036,14:28:28,39.6800,97,2
2026-04-22,600036,14:28:31,39.6900,112,1
2026-04-22,600036,14:28:34,39.6800,1,2
2026-04-22,600036,14:28:37,39.6900,7,1
2026-04-22,600036,14:28:40,39.6800,228,2
2026-04-22,600036,14:28:43,39.6900,6,1
2026-04-22,600036,14:28:46,39.6900,138,1
2026-04-22,600036,14:28:49,39.6900,2,1
2026-04-22,600036,14:28:52,39.6900,66,1
2026-04-22,600036,14:28:55,39.6800,52,2
2026-04-22,600036,14:29:01,39.6900,44,1
2026-04-22,600036,14:29:04,39.7000,32,1
2026-04-22,600036,14:29:07,39.6900,4,4
2026-04-22,600036,14:29:10,39.7000,313,1
2026-04-22,600036,14:29:13,39.6900,19,1
2026-04-22,600036,14:29:16,39.6900,16,1
2026-04-22,600036,14:29:19,39.6900,32,4
2026-04-22,600036,14:29:22,39.7000,21,1
2026-04-22,600036,14:29:25,39.6900,118,1
2026-04-22,600036,14:29:28,39.6900,109,1
2026-04-22,600036,14:29:31,39.6900,41,1
2026-04-22,600036,14:29:34,39.6800,189,2
2026-04-22,600036,14:29:37,39.6800,248,2
2026-04-22,600036,14:29:40,39.6800,60,2
2026-04-22,600036,14:29:43,39.6800,6,1
2026-04-22,600036,14:29:46,39.6700,1,2
2026-04-22,600036,14:29:49,39.6700,102,2
2026-04-22,600036,14:29:52,39.6800,1,1
2026-04-22,600036,14:29:55,39.6700,58,2
2026-04-22,600036,14:29:58,39.6700,686,2
2026-04-22,600036,14:30:01,39.6700,19,1
2026-04-22,600036,14:30:04,39.6700,19,1
2026-04-22,600036,14:30:07,39.6700,48,2
2026-04-22,600036,14:30:10,39.6700,71,2
2026-04-22,600036,14:30:13,39.6700,36,2
2026-04-22,600036,14:30:16,39.6800,3,1
2026-04-22,600036,14:30:19,39.6800,19,1
2026-04-22,600036,14:30:22,39.6800,54,1
2026-04-22,600036,14:30:25,39.6700,14,2
2026-04-22,600036,14:30:28,39.6800,68,1
2026-04-22,600036,14:30:31,39.6700,500,2
2026-04-22,600036,14:30:34,39.6800,262,4
2026-04-22,600036,14:30:37,39.6700,26,2
2026-04-22,600036,14:30:40,39.6800,3,1
2026-04-22,600036,14:30:46,39.6800,25,1
2026-04-22,600036,14:30:49,39.6700,4,2
2026-04-22,600036,14:30:52,39.6700,139,2
2026-04-22,600036,14:30:55,39.6900,605,1
2026-04-22,600036,14:30:58,39.6800,1,2
2026-04-22,600036,14:31:01,39.6900,4,1
2026-04-22,600036,14:31:04,39.6800,23,2
2026-04-22,600036,14:31:07,39.6800,414,2
2026-04-22,600036,14:31:10,39.6700,2,4
2026-04-22,600036,14:31:13,39.6700,1895,2
2026-04-22,600036,14:31:16,39.6700,20,2
2026-04-22,600036,14:31:19,39.6800,7,1
2026-04-22,600036,14:31:22,39.6700,100,2
2026-04-22,600036,14:31:25,39.6900,23,1
2026-04-22,600036,14:31:28,39.6800,2,4
2026-04-22,600036,14:31:31,39.6800,206,1
2026-04-22,600036,14:31:34,39.6900,38,1
2026-04-22,600036,14:31:37,39.6900,33,1
2026-04-22,600036,14:31:40,39.6900,158,1
2026-04-22,600036,14:31:43,39.6900,19,1
2026-04-22,600036,14:31:46,39.6900,13,1
2026-04-22,600036,14:31:49,39.6800,47,2
2026-04-22,600036,14:31:52,39.6900,5,1
2026-04-22,600036,14:31:55,39.6800,4,2
2026-04-22,600036,14:31:58,39.6800,108,2
2026-04-22,600036,14:32:01,39.6800,13,1
2026-04-22,600036,14:32:04,39.6800,38,1
2026-04-22,600036,14:32:07,39.6700,382,2
2026-04-22,600036,14:32:10,39.6700,5,2
2026-04-22,600036,14:32:13,39.6700,12,2
2026-04-22,600036,14:32:16,39.6800,48,1
2026-04-22,600036,14:32:19,39.6800,4,1
2026-04-22,600036,14:32:22,39.6800,30,1
2026-04-22,600036,14:32:25,39.6800,249,1
2026-04-22,600036,14:32:28,39.6800,64,1
2026-04-22,600036,14:32:31,39.6800,22,2
2026-04-22,600036,14:32:34,39.6800,66,2
2026-04-22,600036,14:32:37,39.6800,23,1
2026-04-22,600036,14:32:40,39.6800,34,1
2026-04-22,600036,14:32:43,39.6800,174,2
2026-04-22,600036,14:32:46,39.6900,13,1
2026-04-22,600036,14:32:49,39.6800,60,2
2026-04-22,600036,14:32:52,39.6900,5,1
2026-04-22,600036,14:32:55,39.6800,2,2
2026-04-22,600036,14:32:58,39.6900,448,1
2026-04-22,600036,14:33:01,39.6800,103,2
2026-04-22,600036,14:33:04,39.6800,137,2
2026-04-22,600036,14:33:07,39.6800,41,2
2026-04-22,600036,14:33:10,39.6800,34,2
2026-04-22,600036,14:33:13,39.6800,6,2
2026-04-22,600036,14:33:16,39.6900,10,1
2026-04-22,600036,14:33:19,39.6800,150,2
2026-04-22,600036,14:33:22,39.6800,109,2
2026-04-22,600036,14:33:25,39.6800,8,2
2026-04-22,600036,14:33:28,39.6900,50,1
2026-04-22,600036,14:33:31,39.6800,12,2
2026-04-22,600036,14:33:34,39.6800,12,2
2026-04-22,600036,14:33:37,39.6900,192,1
2026-04-22,600036,14:33:40,39.6900,12,1
2026-04-22,600036,14:33:43,39.6900,1,1
2026-04-22,600036,14:33:46,39.6800,41,2
2026-04-22,600036,14:33:49,39.6800,1,2
2026-04-22,600036,14:33:52,39.6800,57,2
2026-04-22,600036,14:33:55,39.6800,67,2
2026-04-22,600036,14:33:58,39.6800,11,2
2026-04-22,600036,14:34:01,39.6900,181,1
2026-04-22,600036,14:34:04,39.6900,90,2
2026-04-22,600036,14:34:07,39.7000,13,1
2026-04-22,600036,14:34:10,39.6900,82,2
2026-04-22,600036,14:34:13,39.6900,152,2
2026-04-22,600036,14:34:16,39.7000,40,1
2026-04-22,600036,14:34:19,39.7000,49,1
2026-04-22,600036,14:34:22,39.6900,12,2
2026-04-22,600036,14:34:28,39.6900,23,2
2026-04-22,600036,14:34:31,39.6900,6,2
2026-04-22,600036,14:34:34,39.6900,46,2
2026-04-22,600036,14:34:37,39.6900,81,2
2026-04-22,600036,14:34:40,39.6900,14,2
2026-04-22,600036,14:34:43,39.7000,30,1
2026-04-22,600036,14:34:46,39.7000,22,1
2026-04-22,600036,14:34:49,39.7000,326,1
2026-04-22,600036,14:34:52,39.7000,103,2
2026-04-22,600036,14:34:55,39.7000,50,1
2026-04-22,600036,14:34:58,39.7000,19,1
2026-04-22,600036,14:35:01,39.7000,29,1
2026-04-22,600036,14:35:04,39.7000,40,1
2026-04-22,600036,14:35:07,39.6900,34,2
2026-04-22,600036,14:35:10,39.7000,11,1
2026-04-22,600036,14:35:13,39.7000,34,1
2026-04-22,600036,14:35:16,39.7000,21,1
2026-04-22,600036,14:35:19,39.7000,13,1
2026-04-22,600036,14:35:22,39.7000,151,1
2026-04-22,600036,14:35:25,39.6900,38,2
2026-04-22,600036,14:35:28,39.7000,10,1
2026-04-22,600036,14:35:31,39.7000,13,1
2026-04-22,600036,14:35:34,39.7000,28,4
2026-04-22,600036,14:35:37,39.7000,10,4
2026-04-22,600036,14:35:40,39.7000,302,1
2026-04-22,600036,14:35:43,39.7000,6,1
2026-04-22,600036,14:35:46,39.6900,1,2
2026-04-22,600036,14:35:49,39.7000,6,1
2026-04-22,600036,14:35:52,39.7000,1,1
2026-04-22,600036,14:35:55,39.7000,7,1
2026-04-22,600036,14:35:58,39.6900,141,2
2026-04-22,600036,14:36:04,39.7000,12,1
2026-04-22,600036,14:36:07,39.6900,36,2
2026-04-22,600036,14:36:10,39.6900,1010,2
2026-04-22,600036,14:36:13,39.7000,129,1
2026-04-22,600036,14:36:16,39.7000,152,2
2026-04-22,600036,14:36:19,39.6900,28,2
2026-04-22,600036,14:36:22,39.6900,32,2
2026-04-22,600036,14:36:25,39.6900,56,2
2026-04-22,600036,14:36:28,39.6900,53,2
2026-04-22,600036,14:36:31,39.7000,598,1
2026-04-22,600036,14:36:34,39.6900,22,2
2026-04-22,600036,14:36:37,39.6900,28,2
2026-04-22,600036,14:36:40,39.7000,1,1
2026-04-22,600036,14:36:43,39.7000,2,1
2026-04-22,600036,14:36:46,39.6900,21,2
2026-04-22,600036,14:36:49,39.6900,254,2
2026-04-22,600036,14:36:58,39.7000,7,1
2026-04-22,600036,14:37:01,39.6900,6,2
2026-04-22,600036,14:37:04,39.7000,24,1
2026-04-22,600036,14:37:07,39.7000,180,1
2026-04-22,600036,14:37:10,39.6900,351,2
2026-04-22,600036,14:37:13,39.6900,2,2
2026-04-22,600036,14:37:16,39.7000,1,1
2026-04-22,600036,14:37:19,39.7000,7,1
2026-04-22,600036,14:37:25,39.7000,9,1
2026-04-22,600036,14:37:28,39.6900,190,2
2026-04-22,600036,14:37:31,39.6900,45,2
2026-04-22,600036,14:37:34,39.6900,1,2
2026-04-22,600036,14:37:37,39.7000,11,1
2026-04-22,600036,14:37:43,39.7000,1,1
2026-04-22,600036,14:37:46,39.6900,169,2
2026-04-22,600036,14:37:49,39.7000,149,1
2026-04-22,600036,14:37:52,39.7000,2,1
2026-04-22,600036,14:37:55,39.6900,10,2
2026-04-22,600036,14:37:58,39.6900,6,2
2026-04-22,600036,14:38:01,39.6900,28,2
2026-04-22,600036,14:38:04,39.7000,21,1
2026-04-22,600036,14:38:07,39.6900,181,2
2026-04-22,600036,14:38:10,39.6900,2,2
2026-04-22,600036,14:38:13,39.7000,2,1
2026-04-22,600036,14:38:16,39.7000,105,1
2026-04-22,600036,14:38:19,39.6900,7,2
2026-04-22,600036,14:38:22,39.6900,19,2
2026-04-22,600036,14:38:25,39.6900,185,2
2026-04-22,600036,14:38:28,39.6900,46,2
2026-04-22,600036,14:38:31,39.6900,17,2
2026-04-22,600036,14:38:34,39.6900,42,2
2026-04-22,600036,14:38:37,39.7000,30,1
2026-04-22,600036,14:38:40,39.6900,146,2
2026-04-22,600036,14:38:43,39.7000,1,1
2026-04-22,600036,14:38:46,39.6900,15,2
2026-04-22,600036,14:38:49,39.6900,5,2
2026-04-22,600036,14:38:52,39.7000,12,1
2026-04-22,600036,14:38:55,39.7000,9,1
2026-04-22,600036,14:38:58,39.6900,267,2
2026-04-22,600036,14:39:01,39.6900,24,2
2026-04-22,600036,14:39:04,39.7000,6,1
2026-04-22,600036,14:39:07,39.7000,9,1
2026-04-22,600036,14:39:10,39.6900,30,2
2026-04-22,600036,14:39:13,39.7000,4,1
2026-04-22,600036,14:39:16,39.6900,154,2
2026-04-22,600036,14:39:19,39.6900,23,2
2026-04-22,600036,14:39:22,39.6900,20,2
2026-04-22,600036,14:39:25,39.7000,1,1
2026-04-22,600036,14:39:28,39.7000,3,1
2026-04-22,600036,14:39:31,39.6900,2,2
2026-04-22,600036,14:39:34,39.6900,313,2
2026-04-22,600036,14:39:37,39.7000,27,1
2026-04-22,600036,14:39:40,39.7000,14,1
2026-04-22,600036,14:39:43,39.7000,1,1
2026-04-22,600036,14:39:46,39.7000,20,1
2026-04-22,600036,14:39:49,39.6900,44,2
2026-04-22,600036,14:39:52,39.6900,3,2
2026-04-22,600036,14:39:55,39.6900,411,2
2026-04-22,600036,14:39:58,39.7000,5,1
2026-04-22,600036,14:40:01,39.6900,64,2
2026-04-22,600036,14:40:04,39.7000,5,1
2026-04-22,600036,14:40:07,39.7000,399,1
2026-04-22,600036,14:40:10,39.7100,1,1
2026-04-22,600036,14:40:13,39.7100,10,1
2026-04-22,600036,14:40:16,39.6900,190,2
2026-04-22,600036,14:40:19,39.7000,35,1
2026-04-22,600036,14:40:22,39.7000,18,1
2026-04-22,600036,14:40:25,39.7000,29,1
2026-04-22,600036,14:40:28,39.7000,5,1
2026-04-22,600036,14:40:31,39.6900,5,2
2026-04-22,600036,14:40:34,39.6900,291,2
2026-04-22,600036,14:40:37,39.6900,532,2
2026-04-22,600036,14:40:40,39.6900,15,1
2026-04-22,600036,14:40:43,39.6900,12,1
2026-04-22,600036,14:40:46,39.6900,7,2
2026-04-22,600036,14:40:49,39.7000,3,1
2026-04-22,600036,14:40:52,39.7000,19,1
2026-04-22,600036,14:40:55,39.6900,107,2
2026-04-22,600036,14:40:58,39.6900,25,2
2026-04-22,600036,14:41:01,39.6900,39,2
2026-04-22,600036,14:41:04,39.7000,2,1
2026-04-22,600036,14:41:07,39.7000,36,1
2026-04-22,600036,14:41:10,39.6900,53,2
2026-04-22,600036,14:41:13,39.6900,158,2
2026-04-22,600036,14:41:16,39.6900,25,1
2026-04-22,600036,14:41:19,39.6900,83,1
2026-04-22,600036,14:41:22,39.6900,13,1
2026-04-22,600036,14:41:25,39.6900,107,1
2026-04-22,600036,14:41:28,39.6900,40,1
2026-04-22,600036,14:41:31,39.6900,17,1
2026-04-22,600036,14:41:34,39.6900,6,2
2026-04-22,600036,14:41:37,39.7000,54,1
2026-04-22,600036,14:41:40,39.6900,865,2
2026-04-22,600036,14:41:43,39.6900,23,1
2026-04-22,600036,14:41:46,39.6800,17,2
2026-04-22,600036,14:41:49,39.6900,12,1
2026-04-22,600036,14:41:52,39.6900,32,1
2026-04-22,600036,14:41:55,39.6800,26,2
2026-04-22,600036,14:41:58,39.6900,55,1
2026-04-22,600036,14:42:01,39.6800,1244,2
2026-04-22,600036,14:42:04,39.6800,13,1
2026-04-22,600036,14:42:07,39.6800,608,1
2026-04-22,600036,14:42:10,39.6800,29,1
2026-04-22,600036,14:42:13,39.6700,62,2
2026-04-22,600036,14:42:16,39.6700,11,2
2026-04-22,600036,14:42:19,39.6700,13,2
2026-04-22,600036,14:42:22,39.6800,13,1
2026-04-22,600036,14:42:25,39.6800,832,1
2026-04-22,600036,14:42:28,39.6800,1723,2
2026-04-22,600036,14:42:31,39.6800,10,2
2026-04-22,600036,14:42:34,39.6800,30,2
2026-04-22,600036,14:42:37,39.6800,33,2
2026-04-22,600036,14:42:40,39.6800,14,2
2026-04-22,600036,14:42:43,39.6800,9,2
2026-04-22,600036,14:42:46,39.6900,8,1
2026-04-22,600036,14:42:49,39.6800,20,2
2026-04-22,600036,14:42:52,39.6800,6,2
2026-04-22,600036,14:42:55,39.6800,232,2
2026-04-22,600036,14:42:58,39.6800,34,2
2026-04-22,600036,14:43:01,39.6800,51,2
2026-04-22,600036,14:43:04,39.6900,20,1
2026-04-22,600036,14:43:07,39.6800,5,2
2026-04-22,600036,14:43:10,39.6900,30,1
2026-04-22,600036,14:43:13,39.6800,1,2
2026-04-22,600036,14:43:16,39.6800,157,2
2026-04-22,600036,14:43:19,39.6800,5,2
2026-04-22,600036,14:43:22,39.6800,32,2
2026-04-22,600036,14:43:25,39.6900,4,1
2026-04-22,600036,14:43:28,39.6800,7,2
2026-04-22,600036,14:43:31,39.6900,1,1
2026-04-22,600036,14:43:34,39.6800,15,2
2026-04-22,600036,14:43:37,39.6900,1415,1
2026-04-22,600036,14:43:40,39.6900,2,1
2026-04-22,600036,14:43:43,39.6900,10,1
2026-04-22,600036,14:43:46,39.6900,39,1
2026-04-22,600036,14:43:49,39.6800,10,2
2026-04-22,600036,14:43:52,39.6800,52,2
2026-04-22,600036,14:43:55,39.6900,1,1
2026-04-22,600036,14:43:58,39.6900,2,1
2026-04-22,600036,14:44:01,39.6900,12,1
2026-04-22,600036,14:44:04,39.6900,280,1
2026-04-22,600036,14:44:07,39.6900,66,1
2026-04-22,600036,14:44:10,39.6900,8,1
2026-04-22,600036,14:44:13,39.6900,27,1
2026-04-22,600036,14:44:16,39.6900,233,1
2026-04-22,600036,14:44:19,39.6900,61,1
2026-04-22,600036,14:44:22,39.6900,27,1
2026-04-22,600036,14:44:25,39.6800,90,2
2026-04-22,600036,14:44:28,39.6900,762,1
2026-04-22,600036,14:44:31,39.6900,35,1
2026-04-22,600036,14:44:34,39.6800,10,2
2026-04-22,600036,14:44:37,39.6900,13,1
2026-04-22,600036,14:44:40,39.6900,4,1
2026-04-22,600036,14:44:43,39.6900,12,1
2026-04-22,600036,14:44:46,39.6900,8,1
2026-04-22,600036,14:44:49,39.6900,14,1
2026-04-22,600036,14:44:52,39.6800,437,2
2026-04-22,600036,14:44:55,39.6900,9,1
2026-04-22,600036,14:44:58,39.6800,30,2
2026-04-22,600036,14:45:01,39.6800,50,2
2026-04-22,600036,14:45:04,39.6800,1326,2
2026-04-22,600036,14:45:07,39.6700,29,2
2026-04-22,600036,14:45:10,39.6800,67,1
2026-04-22,600036,14:45:13,39.6800,57,1
2026-04-22,600036,14:45:16,39.6800,495,1
2026-04-22,600036,14:45:19,39.6700,28,2
2026-04-22,600036,14:45:22,39.6800,171,1
2026-04-22,600036,14:45:25,39.6800,31,1
2026-04-22,600036,14:45:28,39.6800,83,1
2026-04-22,600036,14:45:31,39.6800,68,1
2026-04-22,600036,14:45:34,39.6800,22,2
2026-04-22,600036,14:45:37,39.6800,31,2
2026-04-22,600036,14:45:40,39.6700,833,2
2026-04-22,600036,14:45:43,39.6700,64,2
2026-04-22,600036,14:45:46,39.6700,128,2
2026-04-22,600036,14:45:49,39.6800,30,1
2026-04-22,600036,14:45:52,39.6800,82,1
2026-04-22,600036,14:45:55,39.6800,98,1
2026-04-22,600036,14:45:58,39.6800,17,2
2026-04-22,600036,14:46:01,39.6800,39,2
2026-04-22,600036,14:46:04,39.6800,61,2
2026-04-22,600036,14:46:07,39.6800,15,2
2026-04-22,600036,14:46:10,39.6800,7,2
2026-04-22,600036,14:46:13,39.6900,1013,1
2026-04-22,600036,14:46:16,39.6900,142,2
2026-04-22,600036,14:46:19,39.6900,100,2
2026-04-22,600036,14:46:22,39.6900,43,2
2026-04-22,600036,14:46:25,39.7200,469,1
2026-04-22,600036,14:46:28,39.6900,527,2
2026-04-22,600036,14:46:31,39.7000,39,1
2026-04-22,600036,14:46:34,39.7100,63,1
2026-04-22,600036,14:46:37,39.7000,40,2
2026-04-22,600036,14:46:40,39.7000,69,2
2026-04-22,600036,14:46:43,39.7000,295,2
2026-04-22,600036,14:46:46,39.7000,1,2
2026-04-22,600036,14:46:49,39.7000,282,2
2026-04-22,600036,14:46:52,39.7000,17,2
2026-04-22,600036,14:46:55,39.7000,32,2
2026-04-22,600036,14:46:58,39.7000,11,4
2026-04-22,600036,14:47:01,39.7000,36,1
2026-04-22,600036,14:47:04,39.6900,75,2
2026-04-22,600036,14:47:07,39.7000,23,1
2026-04-22,600036,14:47:10,39.6900,42,2
2026-04-22,600036,14:47:13,39.7000,249,1
2026-04-22,600036,14:47:16,39.7000,1,1
2026-04-22,600036,14:47:19,39.6900,9,2
2026-04-22,600036,14:47:22,39.6900,41,2
2026-04-22,600036,14:47:25,39.6900,171,2
2026-04-22,600036,14:47:28,39.6900,9,2
2026-04-22,600036,14:47:31,39.7000,3,1
2026-04-22,600036,14:47:34,39.7000,4,1
2026-04-22,600036,14:47:37,39.6900,13,2
2026-04-22,600036,14:47:40,39.6900,1238,2
2026-04-22,600036,14:47:43,39.6900,102,2
2026-04-22,600036,14:47:46,39.6900,188,2
2026-04-22,600036,14:47:49,39.6900,194,1
2026-04-22,600036,14:47:52,39.6900,56,1
2026-04-22,600036,14:47:55,39.6800,9,2
2026-04-22,600036,14:47:58,39.6900,139,1
2026-04-22,600036,14:48:01,39.6800,127,2
2026-04-22,600036,14:48:04,39.6800,7,2
2026-04-22,600036,14:48:07,39.6800,4,2
2026-04-22,600036,14:48:10,39.6800,406,2
2026-04-22,600036,14:48:13,39.6800,90,2
2026-04-22,600036,14:48:16,39.6800,102,1
2026-04-22,600036,14:48:19,39.6700,88,2
2026-04-22,600036,14:48:22,39.6800,71,1
2026-04-22,600036,14:48:25,39.6700,43,2
2026-04-22,600036,14:48:28,39.6800,28,1
2026-04-22,600036,14:48:31,39.6800,42,1
2026-04-22,600036,14:48:34,39.6800,61,1
2026-04-22,600036,14:48:37,39.6700,782,2
2026-04-22,600036,14:48:40,39.6800,4,1
2026-04-22,600036,14:48:43,39.6700,3,2
2026-04-22,600036,14:48:46,39.6800,35,1
2026-04-22,600036,14:48:49,39.6700,3,2
2026-04-22,600036,14:48:52,39.6700,37,2
2026-04-22,600036,14:48:55,39.6700,2,2
2026-04-22,600036,14:48:58,39.6800,34,1
2026-04-22,600036,14:49:01,39.6800,17,1
2026-04-22,600036,14:49:04,39.6700,785,2
2026-04-22,600036,14:49:07,39.6700,44,1
2026-04-22,600036,14:49:10,39.6700,14,1
2026-04-22,600036,14:49:13,39.6700,38,1
2026-04-22,600036,14:49:16,39.6700,142,1
2026-04-22,600036,14:49:19,39.6700,241,1
2026-04-22,600036,14:49:22,39.6700,208,2
2026-04-22,600036,14:49:25,39.6800,20,4
2026-04-22,600036,14:49:28,39.6900,91,1
2026-04-22,600036,14:49:31,39.6800,425,2
2026-04-22,600036,14:49:34,39.6800,27,1
2026-04-22,600036,14:49:37,39.6700,54,2
2026-04-22,600036,14:49:40,39.6700,22,2
2026-04-22,600036,14:49:43,39.6700,8,2
2026-04-22,600036,14:49:46,39.6700,53,2
2026-04-22,600036,14:49:49,39.6800,53,1
2026-04-22,600036,14:49:52,39.6900,157,1
2026-04-22,600036,14:49:55,39.6900,3,1
2026-04-22,600036,14:49:58,39.6900,299,1
2026-04-22,600036,14:50:01,39.7000,129,1
2026-04-22,600036,14:50:04,39.6900,63,2
2026-04-22,600036,14:50:07,39.7000,96,1
2026-04-22,600036,14:50:10,39.6900,33,2
2026-04-22,600036,14:50:13,39.6800,72,2
2026-04-22,600036,14:50:16,39.6900,197,1
2026-04-22,600036,14:50:19,39.6900,169,2
2026-04-22,600036,14:50:22,39.6900,321,2
2026-04-22,600036,14:50:25,39.7100,80,1
2026-04-22,600036,14:50:28,39.7000,135,2
2026-04-22,600036,14:50:31,39.7000,35,2
2026-04-22,600036,14:50:34,39.7100,8,1
2026-04-22,600036,14:50:37,39.7000,16,2
2026-04-22,600036,14:50:40,39.7000,103,2
2026-04-22,600036,14:50:43,39.7100,284,1
2026-04-22,600036,14:50:46,39.7100,2,1
2026-04-22,600036,14:50:49,39.7000,16,2
2026-04-22,600036,14:50:52,39.7100,68,1
2026-04-22,600036,14:50:55,39.7000,326,2
2026-04-22,600036,14:50:58,39.7000,55,2
2026-04-22,600036,14:51:01,39.7000,389,2
2026-04-22,600036,14:51:04,39.7000,271,2
2026-04-22,600036,14:51:07,39.7000,92,2
2026-04-22,600036,14:51:10,39.7000,67,2
2026-04-22,600036,14:51:13,39.7100,33,1
2026-04-22,600036,14:51:16,39.7100,5,1
2026-04-22,600036,14:51:19,39.7100,7,1
2026-04-22,600036,14:51:22,39.7000,365,2
2026-04-22,600036,14:51:25,39.7100,110,1
2026-04-22,600036,14:51:28,39.7100,33,1
2026-04-22,600036,14:51:31,39.7100,181,1
2026-04-22,600036,14:51:34,39.7100,928,2
2026-04-22,600036,14:51:37,39.7100,18,1
2026-04-22,600036,14:51:40,39.7000,266,2
2026-04-22,600036,14:51:43,39.7100,130,1
2026-04-22,600036,14:51:46,39.7000,9,2
2026-04-22,600036,14:51:49,39.7000,24,2
2026-04-22,600036,14:51:52,39.7000,6,2
2026-04-22,600036,14:51:55,39.7000,15,2
2026-04-22,600036,14:51:58,39.7000,24,2
2026-04-22,600036,14:52:01,39.7000,303,2
2026-04-22,600036,14:52:04,39.7000,5,2
2026-04-22,600036,14:52:07,39.7000,41,2
2026-04-22,600036,14:52:10,39.7000,13,2
2026-04-22,600036,14:52:13,39.7000,16,2
2026-04-22,600036,14:52:16,39.7000,39,2
2026-04-22,600036,14:52:19,39.7000,344,2
2026-04-22,600036,14:52:22,39.7000,513,2
2026-04-22,600036,14:52:25,39.7000,90,2
2026-04-22,600036,14:52:28,39.7100,171,1
2026-04-22,600036,14:52:31,39.7100,16,2
2026-04-22,600036,14:52:34,39.7100,74,2
2026-04-22,600036,14:52:37,39.7100,106,2
2026-04-22,600036,14:52:40,39.7100,12,2
2026-04-22,600036,14:52:43,39.7200,159,1
2026-04-22,600036,14:52:46,39.7100,48,2
2026-04-22,600036,14:52:49,39.7100,25,2
2026-04-22,600036,14:52:52,39.7100,229,2
2026-04-22,600036,14:52:55,39.7000,9,2
2026-04-22,600036,14:52:58,39.7100,31,1
2026-04-22,600036,14:53:01,39.7100,121,1
2026-04-22,600036,14:53:04,39.7000,594,2
2026-04-22,600036,14:53:07,39.7100,35,1
2026-04-22,600036,14:53:10,39.7100,40,1
2026-04-22,600036,14:53:13,39.7100,3,1
2026-04-22,600036,14:53:16,39.7000,104,2
2026-04-22,600036,14:53:19,39.7100,76,1
2026-04-22,600036,14:53:22,39.7100,507,1
2026-04-22,600036,14:53:25,39.7000,1561,2
2026-04-22,600036,14:53:28,39.7100,6,1
2026-04-22,600036,14:53:31,39.7000,14,2
2026-04-22,600036,14:53:34,39.7100,14,1
2026-04-22,600036,14:53:37,39.7100,80,1
2026-04-22,600036,14:53:40,39.7000,518,2
2026-04-22,600036,14:53:43,39.7000,15,2
2026-04-22,600036,14:53:46,39.7100,212,1
2026-04-22,600036,14:53:49,39.7000,216,2
2026-04-22,600036,14:53:52,39.7000,9,1
2026-04-22,600036,14:53:55,39.6900,61,2
2026-04-22,600036,14:53:58,39.6900,62,2
2026-04-22,600036,14:54:01,39.7000,21,1
2026-04-22,600036,14:54:04,39.7000,8,1
2026-04-22,600036,14:54:07,39.7000,10,1
2026-04-22,600036,14:54:10,39.7000,994,1
2026-04-22,600036,14:54:13,39.7000,15,1
2026-04-22,600036,14:54:16,39.7000,30,1
2026-04-22,600036,14:54:19,39.7000,59,1
2026-04-22,600036,14:54:22,39.7000,25,1
2026-04-22,600036,14:54:25,39.6900,15,2
2026-04-22,600036,14:54:28,39.7000,3,1
2026-04-22,600036,14:54:31,39.6900,981,2
2026-04-22,600036,14:54:34,39.6900,1986,2
2026-04-22,600036,14:54:37,39.6800,34,2
2026-04-22,600036,14:54:40,39.7000,309,1
2026-04-22,600036,14:54:43,39.7000,342,1
2026-04-22,600036,14:54:46,39.7000,11,1
2026-04-22,600036,14:54:49,39.6900,21,2
2026-04-22,600036,14:54:52,39.6900,58,2
2026-04-22,600036,14:54:55,39.6900,100,1
2026-04-22,600036,14:54:58,39.6900,42,1
2026-04-22,600036,14:55:01,39.6900,37,2
2026-04-22,600036,14:55:04,39.6900,126,2
2026-04-22,600036,14:55:07,39.6900,87,1
2026-04-22,600036,14:55:10,39.6900,119,1
2026-04-22,600036,14:55:13,39.6800,648,2
2026-04-22,600036,14:55:16,39.6900,54,1
2026-04-22,600036,14:55:19,39.7000,66,1
2026-04-22,600036,14:55:22,39.7000,56,1
2026-04-22,600036,14:55:25,39.7000,41,1
2026-04-22,600036,14:55:28,39.6900,259,2
2026-04-22,600036,14:55:31,39.6900,98,2
2026-04-22,600036,14:55:34,39.6900,309,2
2026-04-22,600036,14:55:37,39.6900,88,2
2026-04-22,600036,14:55:40,39.6900,78,1
2026-04-22,600036,14:55:43,39.6900,24,1
2026-04-22,600036,14:55:46,39.6900,45,2
2026-04-22,600036,14:55:49,39.6900,130,2
2026-04-22,600036,14:55:52,39.6900,44,2
2026-04-22,600036,14:55:55,39.6900,3,2
2026-04-22,600036,14:55:58,39.6900,296,2
2026-04-22,600036,14:56:01,39.6900,277,2
2026-04-22,600036,14:56:04,39.6900,210,2
2026-04-22,600036,14:56:07,39.6800,79,2
2026-04-22,600036,14:56:10,39.6900,22,1
2026-04-22,600036,14:56:13,39.6900,577,1
2026-04-22,600036,14:56:16,39.6900,53,1
2026-04-22,600036,14:56:19,39.6900,1060,1
2026-04-22,600036,14:56:22,39.6800,597,1
2026-04-22,600036,14:56:25,39.6800,316,2
2026-04-22,600036,14:56:28,39.6900,31,1
2026-04-22,600036,14:56:31,39.6800,355,2
2026-04-22,600036,14:56:34,39.6700,77,4
2026-04-22,600036,14:56:37,39.6900,183,1
2026-04-22,600036,14:56:40,39.6800,49,2
2026-04-22,600036,14:56:43,39.6900,1414,1
2026-04-22,600036,14:56:46,39.6800,377,2
2026-04-22,600036,14:56:49,39.6800,45,2
2026-04-22,600036,14:56:52,39.6800,72,2
2026-04-22,600036,14:56:55,39.6800,33,4
2026-04-22,600036,14:56:58,39.6900,12,1
2026-04-22,600036,14:57:01,39.6900,72,2
2026-04-22,600036,15:00:04,39.7400,5893,4
2026-04-22,600036,13:15:16,39.6800,3,1
2026-04-22,600036,13:15:19,39.6800,29,1
2026-04-22,600036,13:15:22,39.6800,31,1
2026-04-22,600036,13:15:25,39.6700,27,2
2026-04-22,600036,13:15:28,39.6700,321,2
2026-04-22,600036,13:15:31,39.6700,267,2
2026-04-22,600036,13:15:34,39.6800,39,1
2026-04-22,600036,13:15:37,39.6700,12,2
2026-04-22,600036,13:15:40,39.6700,688,2
2026-04-22,600036,13:15:43,39.6800,52,1
2026-04-22,600036,13:15:46,39.6700,42,2
2026-04-22,600036,13:15:49,39.6700,22,2
2026-04-22,600036,13:15:52,39.6800,1,1
2026-04-22,600036,13:15:55,39.6800,10,1
2026-04-22,600036,13:16:01,39.6700,52,2
2026-04-22,600036,13:16:04,39.6800,108,1
2026-04-22,600036,13:16:07,39.6800,14,1
2026-04-22,600036,13:16:10,39.6800,10,1
2026-04-22,600036,13:16:13,39.6800,89,1
2026-04-22,600036,13:16:16,39.6800,40,1
2026-04-22,600036,13:16:19,39.6700,43,2
2026-04-22,600036,13:16:22,39.6800,360,1
2026-04-22,600036,13:16:25,39.6800,135,1
2026-04-22,600036,13:16:28,39.6700,205,2
2026-04-22,600036,13:16:31,39.6800,18,1
2026-04-22,600036,13:16:34,39.6800,7,1
2026-04-22,600036,13:16:37,39.6800,41,1
2026-04-22,600036,13:16:40,39.6700,17,2
2026-04-22,600036,13:16:43,39.6800,53,1
2026-04-22,600036,13:16:46,39.6700,31,2
2026-04-22,600036,13:16:49,39.6700,49,2
2026-04-22,600036,13:16:52,39.6700,23,2
2026-04-22,600036,13:16:55,39.6700,3,2
2026-04-22,600036,13:16:58,39.6700,84,2
2026-04-22,600036,13:17:01,39.6700,39,2
2026-04-22,600036,13:17:04,39.6800,14,1
2026-04-22,600036,13:17:07,39.6800,25,1
2026-04-22,600036,13:17:10,39.6800,27,1
2026-04-22,600036,13:17:13,39.6800,88,1
2026-04-22,600036,13:17:16,39.6700,306,2
2026-04-22,600036,13:17:19,39.6700,50,2
2026-04-22,600036,13:17:22,39.6800,14,1
2026-04-22,600036,13:17:25,39.6800,11,1
2026-04-22,600036,13:17:28,39.6800,143,1
2026-04-22,600036,13:17:31,39.6700,61,2
2026-04-22,600036,13:17:34,39.6800,77,1
2026-04-22,600036,13:17:37,39.6800,276,1
2026-04-22,600036,13:17:40,39.6800,103,1
2026-04-22,600036,13:17:46,39.6700,57,2
2026-04-22,600036,13:17:49,39.6700,128,2
2026-04-22,600036,13:17:52,39.6800,96,1
2026-04-22,600036,13:17:55,39.6800,29,1
2026-04-22,600036,13:17:58,39.6800,38,1
2026-04-22,600036,13:18:01,39.6700,278,2
2026-04-22,600036,13:18:04,39.6800,125,1
2026-04-22,600036,13:18:07,39.6800,57,1
2026-04-22,600036,13:18:10,39.6700,32,2
2026-04-22,600036,13:18:13,39.6700,85,2
2026-04-22,600036,13:18:19,39.6800,73,1
2026-04-22,600036,13:18:22,39.6800,9,1
2026-04-22,600036,13:18:25,39.6800,798,1
2026-04-22,600036,13:18:28,39.6800,237,1
2026-04-22,600036,13:18:31,39.6800,584,1
2026-04-22,600036,13:18:34,39.6800,31,1
2026-04-22,600036,13:18:37,39.6800,18,1
2026-04-22,600036,13:18:40,39.6800,200,1
2026-04-22,600036,13:18:43,39.6800,479,2
2026-04-22,600036,13:18:46,39.6800,91,2
2026-04-22,600036,13:18:49,39.6800,13,2
2026-04-22,600036,13:18:52,39.6900,12,1
2026-04-22,600036,13:18:55,39.6800,11,2
2026-04-22,600036,13:18:58,39.6800,7,2
2026-04-22,600036,13:19:01,39.6900,4,1
2026-04-22,600036,13:19:04,39.6800,180,2
2026-04-22,600036,13:19:07,39.6900,355,1
2026-04-22,600036,13:19:10,39.6900,68,1
2026-04-22,600036,13:19:13,39.6900,17,1
2026-04-22,600036,13:19:16,39.6900,22,1
2026-04-22,600036,13:19:19,39.6900,593,1
2026-04-22,600036,13:19:22,39.6900,47,1
2026-04-22,600036,13:19:25,39.6800,104,2
2026-04-22,600036,13:19:28,39.6800,8,2
2026-04-22,600036,13:19:31,39.6800,550,2
2026-04-22,600036,13:19:34,39.6800,35,1
2026-04-22,600036,13:19:37,39.6700,111,2
2026-04-22,600036,13:19:40,39.6800,10,1
2026-04-22,600036,13:19:43,39.6700,70,2
2026-04-22,600036,13:19:46,39.6700,42,2
2026-04-22,600036,13:19:49,39.6700,23,2
2026-04-22,600036,13:19:52,39.6700,722,2
2026-04-22,600036,13:19:55,39.6700,107,2
2026-04-22,600036,13:19:58,39.6700,82,2
2026-04-22,600036,13:20:01,39.6800,62,1
2026-04-22,600036,13:20:04,39.6700,375,2
2026-04-22,600036,13:20:07,39.6800,315,1
2026-04-22,600036,13:20:10,39.6700,140,2
2026-04-22,600036,13:20:13,39.6700,95,2
2026-04-22,600036,13:20:16,39.6700,77,2
2026-04-22,600036,13:20:19,39.6800,17,1
2026-04-22,600036,13:20:22,39.6700,114,2
2026-04-22,600036,13:20:25,39.6800,44,1
2026-04-22,600036,13:20:28,39.6700,157,2
2026-04-22,600036,13:20:31,39.6800,42,1
2026-04-22,600036,13:20:34,39.6700,56,2
2026-04-22,600036,13:20:37,39.6700,72,1
2026-04-22,600036,13:20:40,39.6600,111,2
2026-04-22,600036,13:20:43,39.6700,17,4
2026-04-22,600036,13:20:46,39.6700,18,1
2026-04-22,600036,13:20:49,39.6700,25,1
2026-04-22,600036,13:20:52,39.6600,109,2
2026-04-22,600036,13:20:55,39.6700,4,1
2026-04-22,600036,13:20:58,39.6700,25,1
2026-04-22,600036,13:21:01,39.6700,577,1
2026-04-22,600036,13:21:04,39.6700,1,1
2026-04-22,600036,13:21:07,39.6700,8,1
2026-04-22,600036,13:21:10,39.6700,23,1
2026-04-22,600036,13:21:16,39.6700,31,1
2026-04-22,600036,13:21:19,39.6700,4,1
2026-04-22,600036,13:21:22,39.6700,48,1
2026-04-22,600036,13:21:25,39.6700,12,1
2026-04-22,600036,13:21:28,39.6700,10,1
2026-04-22,600036,13:21:31,39.6600,257,2
2026-04-22,600036,13:21:34,39.6700,25,1
2026-04-22,600036,13:21:37,39.6600,106,2
2026-04-22,600036,13:21:40,39.6600,1,2
2026-04-22,600036,13:21:43,39.6600,24,2
2026-04-22,600036,13:21:46,39.6600,14,2
2026-04-22,600036,13:21:49,39.6600,508,2
2026-04-22,600036,13:21:52,39.6600,47,2
2026-04-22,600036,13:21:55,39.6600,35,2
2026-04-22,600036,13:21:58,39.6600,8,2
2026-04-22,600036,13:22:01,39.6700,21,1
2026-04-22,600036,13:22:04,39.6700,60,1
2026-04-22,600036,13:22:07,39.6700,144,1
2026-04-22,600036,13:22:10,39.6700,4,1
2026-04-22,600036,13:22:13,39.6700,59,1
2026-04-22,600036,13:22:16,39.6600,9,2
2026-04-22,600036,13:22:19,39.6600,30,2
2026-04-22,600036,13:22:22,39.6700,65,1
2026-04-22,600036,13:22:25,39.6600,53,2
2026-04-22,600036,13:22:28,39.6600,97,2
2026-04-22,600036,13:22:31,39.6700,74,1
2026-04-22,600036,13:22:34,39.6700,58,1
2026-04-22,600036,13:22:37,39.6600,396,2
2026-04-22,600036,13:22:40,39.6600,119,2
2026-04-22,600036,13:22:43,39.6400,4572,2
2026-04-22,600036,13:22:46,39.6400,311,2
2026-04-22,600036,13:22:49,39.6400,1782,2
2026-04-22,600036,13:22:52,39.6300,249,2
2026-04-22,600036,13:22:55,39.6300,657,2
2026-04-22,600036,13:22:58,39.6200,179,2
2026-04-22,600036,13:23:01,39.6200,323,2
2026-04-22,600036,13:23:04,39.6200,106,2
2026-04-22,600036,13:23:07,39.6200,88,2
2026-04-22,600036,13:23:10,39.6200,140,2
2026-04-22,600036,13:23:13,39.6200,53,2
2026-04-22,600036,13:23:16,39.6300,133,1
2026-04-22,600036,13:23:19,39.6200,110,2
2026-04-22,600036,13:23:22,39.6300,157,1
2026-04-22,600036,13:23:25,39.6300,225,1
2026-04-22,600036,13:23:28,39.6300,61,1
2026-04-22,600036,13:23:31,39.6300,170,1
2026-04-22,600036,13:23:34,39.6300,51,1
2026-04-22,600036,13:23:37,39.6200,37,2
2026-04-22,600036,13:23:40,39.6300,38,1
2026-04-22,600036,13:23:43,39.6300,69,1
2026-04-22,600036,13:23:46,39.6300,338,1
2026-04-22,600036,13:23:49,39.6300,156,1
2026-04-22,600036,13:23:52,39.6300,15,1
2026-04-22,600036,13:23:55,39.6300,970,1
2026-04-22,600036,13:23:58,39.6300,314,2
2026-04-22,600036,13:24:01,39.6200,74,2
2026-04-22,600036,13:24:04,39.6300,10,1
2026-04-22,600036,13:24:07,39.6300,10,1
2026-04-22,600036,13:24:10,39.6300,89,1
2026-04-22,600036,13:24:13,39.6200,24,2
2026-04-22,600036,13:24:16,39.6300,44,1
2026-04-22,600036,13:24:19,39.6200,26,2
2026-04-22,600036,13:24:22,39.6300,948,1
2026-04-22,600036,13:24:25,39.6300,15,2
2026-04-22,600036,13:24:28,39.6300,101,2
2026-04-22,600036,13:24:31,39.6400,26,1
2026-04-22,600036,13:24:34,39.6300,24,2
2026-04-22,600036,13:24:37,39.6300,24,2
2026-04-22,600036,13:24:40,39.6400,30,1
2026-04-22,600036,13:24:43,39.6400,58,1
2026-04-22,600036,13:24:46,39.6400,51,1
2026-04-22,600036,13:24:49,39.6400,45,1
2026-04-22,600036,13:24:52,39.6300,7,2
2026-04-22,600036,13:24:58,39.6400,153,1
2026-04-22,600036,13:25:01,39.6300,354,2
2026-04-22,600036,13:25:04,39.6400,123,1
2026-04-22,600036,13:25:07,39.6300,147,2
2026-04-22,600036,13:25:10,39.6300,156,2
2026-04-22,600036,13:25:13,39.6400,8,1
2026-04-22,600036,13:25:16,39.6300,279,2
2026-04-22,600036,13:25:19,39.6500,1227,1
2026-04-22,600036,13:25:22,39.6500,640,1
2026-04-22,600036,13:25:25,39.6500,218,1
2026-04-22,600036,13:25:28,39.6500,48,2
2026-04-22,600036,13:25:31,39.6500,28,1
2026-04-22,600036,13:25:34,39.6500,73,2
2026-04-22,600036,13:25:37,39.6600,16,1
2026-04-22,600036,13:25:40,39.6600,44,1
2026-04-22,600036,13:25:43,39.6600,14,1
2026-04-22,600036,13:25:46,39.6600,8,1
2026-04-22,600036,13:25:49,39.6600,6,1
2026-04-22,600036,13:25:52,39.6600,101,1
2026-04-22,600036,13:25:55,39.6500,36,2
2026-04-22,600036,13:25:58,39.6600,61,1
2026-04-22,600036,13:26:01,39.6600,358,1
2026-04-22,600036,13:26:04,39.6600,20,1
2026-04-22,600036,13:26:07,39.6500,45,2
2026-04-22,600036,13:26:10,39.6600,30,1
2026-04-22,600036,13:26:13,39.6600,36,1
2026-04-22,600036,13:26:16,39.6600,91,1
2026-04-22,600036,13:26:19,39.6500,38,2
2026-04-22,600036,13:26:22,39.6500,12,2
2026-04-22,600036,13:26:25,39.6500,274,2
2026-04-22,600036,13:26:28,39.6600,284,1
2026-04-22,600036,13:26:31,39.6500,116,2
2026-04-22,600036,13:26:34,39.6500,121,2
2026-04-22,600036,13:26:37,39.6500,61,2
2026-04-22,600036,13:26:40,39.6600,12,1
2026-04-22,600036,13:26:43,39.6600,167,1
2026-04-22,600036,13:26:46,39.6500,52,2
2026-04-22,600036,13:26:49,39.6600,9,1
2026-04-22,600036,13:26:52,39.6600,45,1
2026-04-22,600036,13:26:55,39.6500,20,2
2026-04-22,600036,13:26:58,39.6500,261,2
2026-04-22,600036,13:27:01,39.6500,94,2
2026-04-22,600036,13:27:04,39.6600,16,1
2026-04-22,600036,13:27:07,39.6500,93,2
2026-04-22,600036,13:27:10,39.6700,1074,1
2026-04-22,600036,13:27:13,39.6700,783,1
2026-04-22,600036,13:27:16,39.6700,8,1
2026-04-22,600036,13:27:19,39.6600,13,2
2026-04-22,600036,13:27:22,39.6700,7,1
2026-04-22,600036,13:27:25,39.6600,68,2
2026-04-22,600036,13:27:28,39.6700,2,1
2026-04-22,600036,13:27:31,39.6600,9,2
2026-04-22,600036,13:27:34,39.6600,3,2
2026-04-22,600036,13:27:37,39.6600,14,2
2026-04-22,600036,13:27:40,39.6700,47,1
2026-04-22,600036,13:27:43,39.6700,53,1
2026-04-22,600036,13:27:46,39.6700,25,1
2026-04-22,600036,13:27:49,39.6700,35,1
2026-04-22,600036,13:27:52,39.6600,292,2
2026-04-22,600036,13:27:55,39.6700,165,1
2026-04-22,600036,13:27:58,39.6600,42,2
2026-04-22,600036,13:28:01,39.6700,222,1
2026-04-22,600036,13:28:04,39.6700,176,1
2026-04-22,600036,13:28:07,39.6700,21,1
2026-04-22,600036,13:28:10,39.6700,124,1
2026-04-22,600036,13:28:13,39.6700,33,1
2026-04-22,600036,13:28:16,39.6700,288,1
2026-04-22,600036,13:28:19,39.6600,393,2
2026-04-22,600036,13:28:22,39.6600,5,2
2026-04-22,600036,13:28:25,39.6700,206,1
2026-04-22,600036,13:28:28,39.6700,207,1
2026-04-22,600036,13:28:31,39.6600,1014,2
2026-04-22,600036,13:28:34,39.6700,317,1
2026-04-22,600036,13:28:37,39.6600,46,2
2026-04-22,600036,13:28:40,39.6700,44,1
2026-04-22,600036,13:28:43,39.6700,18,1
2026-04-22,600036,13:28:46,39.6700,165,1
2026-04-22,600036,13:28:49,39.6600,32,2
2026-04-22,600036,13:28:52,39.6600,50,2
2026-04-22,600036,13:28:55,39.6700,23,1
2026-04-22,600036,13:28:58,39.6700,56,1
2026-04-22,600036,13:29:01,39.6600,16,2
2026-04-22,600036,13:29:04,39.6600,21,2
2026-04-22,600036,13:29:07,39.6700,33,1
2026-04-22,600036,13:29:10,39.6600,67,2
2026-04-22,600036,13:29:13,39.6600,213,2
2026-04-22,600036,13:29:16,39.6600,67,2
2026-04-22,600036,13:29:19,39.6600,69,2
2026-04-22,600036,13:29:22,39.6600,40,2
2026-04-22,600036,13:29:25,39.6600,100,2
2026-04-22,600036,13:29:28,39.6600,23,2
2026-04-22,600036,13:29:31,39.6700,48,1
2026-04-22,600036,13:29:34,39.6600,45,2
2026-04-22,600036,13:29:37,39.6600,32,2
2026-04-22,600036,13:29:40,39.6600,68,2
2026-04-22,600036,13:29:43,39.6600,30,2
2026-04-22,600036,13:29:46,39.6600,107,2
2026-04-22,600036,13:29:49,39.6700,31,1
2026-04-22,600036,13:29:52,39.6600,68,2
2026-04-22,600036,13:29:55,39.6600,3,2
2026-04-22,600036,13:29:58,39.6600,28,2
2026-04-22,600036,13:30:01,39.6600,4,2
2026-04-22,600036,13:30:04,39.6600,55,2
2026-04-22,600036,13:30:07,39.6600,109,2
2026-04-22,600036,13:30:10,39.6600,110,2
2026-04-22,600036,13:30:13,39.6600,41,1
2026-04-22,600036,13:30:16,39.6600,4,1
2026-04-22,600036,13:30:19,39.6600,66,1
2026-04-22,600036,13:30:22,39.6600,129,1
2026-04-22,600036,13:30:25,39.6500,56,2
2026-04-22,600036,13:30:28,39.6500,441,2
2026-04-22,600036,13:30:31,39.6500,2812,2
2026-04-22,600036,13:30:34,39.6600,88,1
2026-04-22,600036,13:30:37,39.6500,44,2
2026-04-22,600036,13:30:40,39.6500,464,2
2026-04-22,600036,13:30:43,39.6500,2,2
2026-04-22,600036,13:30:46,39.6500,65,2
2026-04-22,600036,13:30:49,39.6600,104,1
2026-04-22,600036,13:30:52,39.6600,22,1
2026-04-22,600036,13:30:55,39.6500,122,2
2026-04-22,600036,13:30:58,39.6500,58,2
2026-04-22,600036,13:31:01,39.6500,5,2
2026-04-22,600036,13:31:04,39.6600,238,1
2026-04-22,600036,13:31:07,39.6600,294,1
2026-04-22,600036,13:31:10,39.6600,25,1
2026-04-22,600036,13:31:13,39.6600,11,1
2026-04-22,600036,13:31:16,39.6500,53,2
2026-04-22,600036,13:31:19,39.6600,26,1
2026-04-22,600036,13:31:22,39.6600,110,1
2026-04-22,600036,13:31:25,39.6500,21,2
2026-04-22,600036,13:31:28,39.6600,282,1
2026-04-22,600036,13:31:31,39.6500,100,2
2026-04-22,600036,13:31:34,39.6600,125,1
2026-04-22,600036,13:31:37,39.6600,153,1
2026-04-22,600036,13:31:40,39.6600,65,1
2026-04-22,600036,13:31:43,39.6600,81,1
2026-04-22,600036,13:31:46,39.6500,224,2
2026-04-22,600036,13:31:49,39.6600,18,1
2026-04-22,600036,13:31:52,39.6600,333,1
2026-04-22,600036,13:31:55,39.6600,2,2
2026-04-22,600036,13:31:58,39.6700,57,1
2026-04-22,600036,13:32:01,39.6700,115,1
2026-04-22,600036,13:32:04,39.6700,5,4
2026-04-22,600036,13:32:07,39.6700,239,2
2026-04-22,600036,13:32:10,39.6800,63,1
2026-04-22,600036,13:32:13,39.6700,15,2
2026-04-22,600036,13:32:16,39.6800,172,1
2026-04-22,600036,13:32:19,39.6800,35,1
2026-04-22,600036,13:32:22,39.6800,5,1
2026-04-22,600036,13:32:25,39.6800,4,1
2026-04-22,600036,13:32:28,39.6700,96,2
2026-04-22,600036,13:32:31,39.6800,24,1
2026-04-22,600036,13:32:34,39.6800,28,1
2026-04-22,600036,13:32:37,39.6800,11,1
2026-04-22,600036,13:32:40,39.6800,126,1
2026-04-22,600036,13:32:43,39.6800,246,4
2026-04-22,600036,13:32:46,39.6800,30,1
2026-04-22,600036,13:32:49,39.6800,49,1
2026-04-22,600036,13:32:52,39.6800,637,2
2026-04-22,600036,13:32:55,39.6900,33,1
2026-04-22,600036,13:32:58,39.6800,517,2
2026-04-22,600036,13:33:01,39.6900,50,1
2026-04-22,600036,13:33:04,39.6900,101,1
2026-04-22,600036,13:33:07,39.6900,68,1
2026-04-22,600036,13:33:10,39.6900,234,1
2026-04-22,600036,13:33:13,39.6900,14,1
2026-04-22,600036,13:33:16,39.6900,62,1
2026-04-22,600036,13:33:19,39.6900,94,1
2026-04-22,600036,13:33:22,39.6900,79,1
2026-04-22,600036,13:33:25,39.7000,83,1
2026-04-22,600036,13:33:28,39.7000,32,1
2026-04-22,600036,13:33:31,39.7000,27,1
2026-04-22,600036,13:33:34,39.7100,393,1
2026-04-22,600036,13:33:37,39.6800,1329,2
2026-04-22,600036,13:33:40,39.6900,89,1
2026-04-22,600036,13:33:43,39.6800,498,2
2026-04-22,600036,13:33:46,39.6800,148,1
2026-04-22,600036,13:33:49,39.6900,5,1
2026-04-22,600036,13:33:52,39.6900,8,1
2026-04-22,600036,13:33:55,39.7000,34,1
2026-04-22,600036,13:33:58,39.7000,80,2
2026-04-22,600036,13:34:01,39.7000,51,1
2026-04-22,600036,13:34:04,39.7100,440,1
2026-04-22,600036,13:34:07,39.7200,351,1
2026-04-22,600036,13:34:10,39.7100,18,2
2026-04-22,600036,13:34:13,39.7200,211,1
2026-04-22,600036,13:34:16,39.7200,901,1
2026-04-22,600036,13:34:19,39.7100,83,4
2026-04-22,600036,13:34:22,39.7100,334,2
2026-04-22,600036,13:34:25,39.7100,564,2
2026-04-22,600036,13:34:28,39.7200,49,1
2026-04-22,600036,13:34:31,39.7200,242,1
2026-04-22,600036,13:34:34,39.7200,15,4
2026-04-22,600036,13:34:37,39.7300,50,1
2026-04-22,600036,13:34:40,39.7300,35,1
2026-04-22,600036,13:34:43,39.7300,22,1
2026-04-22,600036,13:34:46,39.7300,45,1
2026-04-22,600036,13:34:49,39.7300,42,2
2026-04-22,600036,13:34:52,39.7300,47,2
2026-04-22,600036,13:34:55,39.7300,3,2
2026-04-22,600036,13:34:58,39.7400,64,1
2026-04-22,600036,13:35:01,39.7400,10,1
2026-04-22,600036,13:35:04,39.7400,3,1
2026-04-22,600036,13:35:07,39.7500,319,1
2026-04-22,600036,13:35:10,39.7600,150,1
2026-04-22,600036,13:35:13,39.7600,29,2
2026-04-22,600036,13:35:16,39.7600,16,2
2026-04-22,600036,13:35:19,39.7700,164,1
2026-04-22,600036,13:35:22,39.7700,55,1
2026-04-22,600036,13:35:25,39.7700,110,1
2026-04-22,600036,13:35:31,39.7700,37,1
2026-04-22,600036,13:35:34,39.7700,58,1
2026-04-22,600036,13:35:37,39.7600,95,2
2026-04-22,600036,13:35:40,39.7800,146,1
2026-04-22,600036,13:35:43,39.7700,2,1
2026-04-22,600036,13:35:46,39.7700,66,1
2026-04-22,600036,13:35:49,39.7700,231,1
2026-04-22,600036,13:35:52,39.7600,11,2
2026-04-22,600036,13:35:55,39.7700,55,1
2026-04-22,600036,13:35:58,39.7600,24,2
2026-04-22,600036,13:36:01,39.7600,12,2
2026-04-22,600036,13:36:04,39.7600,48,2
2026-04-22,600036,13:36:07,39.7600,109,2
2026-04-22,600036,13:36:10,39.7600,46,2
2026-04-22,600036,13:36:13,39.7600,160,2
2026-04-22,600036,13:36:16,39.7600,453,2
2026-04-22,600036,13:36:19,39.7600,120,2
2026-04-22,600036,13:36:22,39.7700,96,1
2026-04-22,600036,13:36:25,39.7700,70,2
2026-04-22,600036,13:36:28,39.7800,66,1
2026-04-22,600036,13:36:31,39.7700,10,2
2026-04-22,600036,13:36:34,39.7800,85,1
2026-04-22,600036,13:36:37,39.7800,28,1
2026-04-22,600036,13:36:40,39.7700,2,2
2026-04-22,600036,13:36:43,39.7700,128,2
2026-04-22,600036,13:36:46,39.7800,20,1
2026-04-22,600036,13:36:49,39.7800,10,1
2026-04-22,600036,13:36:52,39.7800,62,1
2026-04-22,600036,13:36:55,39.7700,14,2
2026-04-22,600036,13:36:58,39.7700,20,2
2026-04-22,600036,13:37:01,39.7800,7,1
2026-04-22,600036,13:37:04,39.7800,6,1
2026-04-22,600036,13:37:07,39.7800,209,1
2026-04-22,600036,13:37:10,39.7700,32,2
2026-04-22,600036,13:37:13,39.7800,310,1
2026-04-22,600036,13:37:16,39.7800,66,1
2026-04-22,600036,13:37:19,39.7800,59,2
2026-04-22,600036,13:37:22,39.7900,18,1
2026-04-22,600036,13:37:25,39.7900,3,1
2026-04-22,600036,13:37:28,39.7900,9,1
2026-04-22,600036,13:37:31,39.7900,65,1
2026-04-22,600036,13:37:34,39.7900,191,1
2026-04-22,600036,13:37:37,39.7900,88,1
2026-04-22,600036,13:37:40,39.7800,30,2
2026-04-22,600036,13:37:43,39.7800,51,2
2026-04-22,600036,13:37:46,39.7800,17,2
2026-04-22,600036,13:37:49,39.7800,2,2
2026-04-22,600036,13:37:52,39.7800,70,2
2026-04-22,600036,13:37:55,39.7800,97,2
2026-04-22,600036,13:37:58,39.7900,70,1
2026-04-22,600036,13:38:01,39.7800,192,2
2026-04-22,600036,13:38:04,39.7800,9,2
2026-04-22,600036,13:38:07,39.7800,165,2
2026-04-22,600036,13:38:10,39.7800,717,2
2026-04-22,600036,13:38:13,39.7800,177,2
2026-04-22,600036,13:38:16,39.7800,57,2
2026-04-22,600036,13:38:19,39.7800,5,2
2026-04-22,600036,13:38:22,39.7800,19,2
2026-04-22,600036,13:38:25,39.7800,8,2
2026-04-22,600036,13:38:28,39.7800,293,2
2026-04-22,600036,13:38:31,39.7900,15,1
2026-04-22,600036,13:38:34,39.7800,19,2
2026-04-22,600036,13:38:37,39.7900,8,1
2026-04-22,600036,13:38:40,39.7900,2,1
2026-04-22,600036,13:38:43,39.7800,28,2
2026-04-22,600036,13:38:46,39.7900,163,1
2026-04-22,600036,13:38:49,39.7800,7,2
2026-04-22,600036,13:38:52,39.7900,23,1
2026-04-22,600036,13:38:55,39.7900,332,1
2026-04-22,600036,13:38:58,39.7900,180,1
2026-04-22,600036,13:39:01,39.7900,16,1
2026-04-22,600036,13:39:04,39.7900,45,1
2026-04-22,600036,13:39:07,39.7900,8,1
2026-04-22,600036,13:39:10,39.7900,49,1
2026-04-22,600036,13:39:13,39.7900,27,1
2026-04-22,600036,13:39:16,39.7900,108,1
2026-04-22,600036,13:39:19,39.7900,12,1
2026-04-22,600036,13:39:22,39.7800,389,2
2026-04-22,600036,13:39:25,39.7900,50,1
2026-04-22,600036,13:39:28,39.8000,366,1
2026-04-22,600036,13:39:31,39.7900,181,2
2026-04-22,600036,13:39:34,39.7900,356,2
2026-04-22,600036,13:39:37,39.7900,77,2
2026-04-22,600036,13:39:40,39.7900,25,2
2026-04-22,600036,13:39:43,39.7900,30,2
2026-04-22,600036,13:39:46,39.7900,133,2
2026-04-22,600036,13:39:49,39.7900,110,2
2026-04-22,600036,13:39:52,39.7900,8,2
2026-04-22,600036,13:39:55,39.7900,16,2
2026-04-22,600036,13:39:58,39.7900,87,1
2026-04-22,600036,13:40:01,39.7900,14,1
2026-04-22,600036,13:40:04,39.7800,103,2
2026-04-22,600036,13:40:07,39.7900,13,4
2026-04-22,600036,13:40:10,39.7900,25,1
2026-04-22,600036,13:40:13,39.7900,34,1
2026-04-22,600036,13:40:16,39.7800,290,2
2026-04-22,600036,13:40:19,39.7900,12,4
2026-04-22,600036,13:40:22,39.8000,135,1
2026-04-22,600036,13:40:25,39.8000,40,1
2026-04-22,600036,13:40:28,39.7900,3,2
2026-04-22,600036,13:40:31,39.7900,19,2
2026-04-22,600036,13:40:34,39.8000,1038,1
2026-04-22,600036,13:40:37,39.8100,127,1
2026-04-22,600036,13:40:40,39.8100,225,1
2026-04-22,600036,13:40:43,39.8200,122,1
2026-04-22,600036,13:40:46,39.8100,96,2
2026-04-22,600036,13:40:49,39.8100,7,2
2026-04-22,600036,13:40:52,39.8200,46,1
2026-04-22,600036,13:40:55,39.8100,136,2
2026-04-22,600036,13:40:58,39.8100,84,2
2026-04-22,600036,13:41:01,39.8100,20,2
2026-04-22,600036,13:41:04,39.8200,17,1
2026-04-22,600036,13:41:07,39.8200,12,1
2026-04-22,600036,13:41:10,39.8100,218,2
2026-04-22,600036,13:41:13,39.8200,141,1
2026-04-22,600036,13:41:16,39.8200,23,1
2026-04-22,600036,13:41:19,39.8100,16,2
2026-04-22,600036,13:41:22,39.8100,52,2
2026-04-22,600036,13:41:25,39.8100,40,2
2026-04-22,600036,13:41:28,39.8200,15,1
2026-04-22,600036,13:41:31,39.8100,19,2
2026-04-22,600036,13:41:34,39.8200,1,1
2026-04-22,600036,13:41:37,39.8100,216,2
2026-04-22,600036,13:41:40,39.8200,361,1
2026-04-22,600036,13:41:43,39.8300,339,1
2026-04-22,600036,13:41:46,39.8400,43,1
2026-04-22,600036,13:41:49,39.8300,75,2
2026-04-22,600036,13:41:52,39.8400,24,1
2026-04-22,600036,13:41:55,39.8400,81,1
2026-04-22,600036,13:41:58,39.8400,27,1
2026-04-22,600036,13:42:01,39.8500,300,1
2026-04-22,600036,13:42:04,39.8400,3,2
2026-04-22,600036,13:42:07,39.8500,189,1
2026-04-22,600036,13:42:10,39.8400,140,2
2026-04-22,600036,13:42:13,39.8500,6,1
2026-04-22,600036,13:42:16,39.8400,220,2
2026-04-22,600036,13:42:19,39.8400,26,2
2026-04-22,600036,13:42:22,39.8400,137,2
2026-04-22,600036,13:42:25,39.8500,2278,1
2026-04-22,600036,13:42:28,39.8300,1018,2
2026-04-22,600036,13:42:31,39.8300,68,1
2026-04-22,600036,13:42:34,39.8400,4,1
2026-04-22,600036,13:42:37,39.8400,61,1
2026-04-22,600036,13:42:40,39.8300,12,2
2026-04-22,600036,13:42:43,39.8300,83,2
2026-04-22,600036,13:42:46,39.8300,5,2
2026-04-22,600036,13:42:49,39.8400,3,1
2026-04-22,600036,13:42:52,39.8300,114,2
2026-04-22,600036,13:42:55,39.8300,16,2
2026-04-22,600036,13:42:58,39.8300,29,2
2026-04-22,600036,13:43:01,39.8300,87,2
2026-04-22,600036,13:43:04,39.8400,14,1
2026-04-22,600036,13:43:07,39.8400,20,1
2026-04-22,600036,13:43:10,39.8300,207,2
2026-04-22,600036,13:43:13,39.8400,43,1
2026-04-22,600036,13:43:16,39.8400,1,1
2026-04-22,600036,13:43:19,39.8300,160,2
2026-04-22,600036,13:43:22,39.8400,503,1
2026-04-22,600036,13:43:25,39.8400,149,1
2026-04-22,600036,13:43:28,39.8400,550,2
2026-04-22,600036,13:43:31,39.8400,10,2
2026-04-22,600036,13:43:34,39.8400,3,2
2026-04-22,600036,13:43:37,39.8400,204,2
2026-04-22,600036,13:43:40,39.8500,147,1
2026-04-22,600036,13:43:43,39.8400,15,2
2026-04-22,600036,13:43:46,39.8400,57,2
2026-04-22,600036,13:43:49,39.8400,179,2
2026-04-22,600036,13:43:52,39.8400,26,2
2026-04-22,600036,13:43:55,39.8400,30,2
2026-04-22,600036,13:43:58,39.8400,25,2
2026-04-22,600036,13:44:01,39.8400,94,2
2026-04-22,600036,13:44:04,39.8300,594,2
2026-04-22,600036,13:44:07,39.8300,574,2
2026-04-22,600036,13:44:10,39.8400,68,1
2026-04-22,600036,13:44:13,39.8400,9,1
2026-04-22,600036,13:44:16,39.8400,1,1
2026-04-22,600036,13:44:19,39.8300,22,2
2026-04-22,600036,13:44:22,39.8300,2,2
2026-04-22,600036,13:44:31,39.8300,1107,2
2026-04-22,600036,13:44:34,39.8400,5,1
2026-04-22,600036,13:44:37,39.8300,48,2
2026-04-22,600036,13:44:40,39.8300,182,2
2026-04-22,600036,13:44:43,39.8300,114,2
2026-04-22,600036,13:44:46,39.8300,27,1
2026-04-22,600036,13:44:49,39.8300,8,1
2026-04-22,600036,13:44:52,39.8300,30,1
2026-04-22,600036,13:44:55,39.8300,17,1
2026-04-22,600036,13:44:58,39.8200,55,2
2026-04-22,600036,13:45:01,39.8200,105,2
2026-04-22,600036,13:45:04,39.8200,75,2
2026-04-22,600036,13:45:07,39.8300,458,1
2026-04-22,600036,13:45:10,39.8300,184,2
2026-04-22,600036,13:45:13,39.8300,74,2
2026-04-22,600036,13:45:19,39.8300,46,2
2026-04-22,600036,13:45:22,39.8400,232,1
2026-04-22,600036,13:45:25,39.8300,148,2
2026-04-22,600036,13:45:28,39.8300,269,2
2026-04-22,600036,13:45:31,39.8300,108,2
2026-04-22,600036,13:45:34,39.8300,63,2
2026-04-22,600036,13:45:37,39.8400,37,1
2026-04-22,600036,13:45:40,39.8400,113,1
2026-04-22,600036,13:45:43,39.8400,124,1
2026-04-22,600036,13:45:46,39.8400,12,1
2026-04-22,600036,13:45:49,39.8400,127,1
2026-04-22,600036,13:45:52,39.8400,239,2
2026-04-22,600036,13:45:55,39.8500,36,1
2026-04-22,600036,13:45:58,39.8500,180,1
2026-04-22,600036,13:46:01,39.8400,179,2
2026-04-22,600036,13:46:04,39.8500,101,1
2026-04-22,600036,13:46:07,39.8400,803,2
2026-04-22,600036,13:46:10,39.8500,66,1
2026-04-22,600036,13:46:13,39.8500,53,1
2026-04-22,600036,13:46:16,39.8400,2,2
2026-04-22,600036,13:46:19,39.8400,138,2
2026-04-22,600036,13:46:22,39.8400,238,2
2026-04-22,600036,13:46:25,39.8400,43,2
2026-04-22,600036,13:46:28,39.8400,50,1
2026-04-22,600036,13:46:31,39.8400,5,1
2026-04-22,600036,13:46:34,39.8300,29,2
2026-04-22,600036,13:46:37,39.8400,14,1
2026-04-22,600036,13:46:40,39.8300,53,2
2026-04-22,600036,13:46:43,39.8300,22,2
2026-04-22,600036,13:46:46,39.8300,1514,2
2026-04-22,600036,13:46:49,39.8300,46,2
2026-04-22,600036,13:46:52,39.8300,376,2
2026-04-22,600036,13:46:55,39.8300,24,1
2026-04-22,600036,13:46:58,39.8200,102,2
2026-04-22,600036,13:47:01,39.8300,620,1
2026-04-22,600036,13:47:04,39.8300,104,2
2026-04-22,600036,13:47:07,39.8400,128,1
2026-04-22,600036,13:47:10,39.8400,52,1
2026-04-22,600036,13:47:13,39.8400,194,2
2026-04-22,600036,13:47:16,39.8400,46,1
2026-04-22,600036,13:47:19,39.8400,3,1
2026-04-22,600036,13:47:22,39.8400,107,1
2026-04-22,600036,13:47:25,39.8400,466,1
2026-04-22,600036,13:47:28,39.8300,127,2
2026-04-22,600036,13:47:31,39.8400,11,1
2026-04-22,600036,13:47:34,39.8400,48,1
2026-04-22,600036,13:47:37,39.8400,76,2
2026-04-22,600036,13:47:40,39.8400,121,2
2026-04-22,600036,13:47:43,39.8400,39,1
2026-04-22,600036,13:47:46,39.8400,4,1
2026-04-22,600036,13:47:49,39.8400,12,1
2026-04-22,600036,13:47:52,39.8300,17,2
2026-04-22,600036,13:47:55,39.8400,34,1
2026-04-22,600036,13:47:58,39.8300,64,2
2026-04-22,600036,13:48:01,39.8300,984,2
2026-04-22,600036,13:48:04,39.8400,110,1
2026-04-22,600036,13:48:07,39.8200,199,2
2026-04-22,600036,13:48:10,39.8400,101,1
2026-04-22,600036,13:48:13,39.8300,31,1
2026-04-22,600036,13:48:16,39.8300,22,2
2026-04-22,600036,13:48:19,39.8300,196,2
2026-04-22,600036,13:48:22,39.8300,24,2
2026-04-22,600036,13:48:25,39.8300,200,2
2026-04-22,600036,13:48:28,39.8400,134,1
2026-04-22,600036,13:48:31,39.8400,6,1
2026-04-22,600036,13:48:34,39.8400,97,2
2026-04-22,600036,13:48:37,39.8400,1011,1
2026-04-22,600036,13:48:40,39.8400,71,2
2026-04-22,600036,13:48:43,39.8500,223,1
2026-04-22,600036,13:48:46,39.8500,65,1
2026-04-22,600036,13:48:49,39.8400,232,2
2026-04-22,600036,13:48:52,39.8500,2,1
2026-04-22,600036,13:48:55,39.8500,10,1
2026-04-22,600036,13:48:58,39.8500,2,1
2026-04-22,600036,13:49:01,39.8500,10,1
2026-04-22,600036,13:49:04,39.8500,82,1
2026-04-22,600036,13:49:07,39.8500,23,1
2026-04-22,600036,13:49:10,39.8400,56,2
2026-04-22,600036,13:49:13,39.8400,166,2
2026-04-22,600036,13:49:16,39.8500,308,1
2026-04-22,600036,13:49:19,39.8500,68,1
2026-04-22,600036,13:49:22,39.8500,14,4
2026-04-22,600036,13:49:25,39.8400,73,2
2026-04-22,600036,13:49:28,39.8400,5,1
2026-04-22,600036,13:49:31,39.8300,12,2
2026-04-22,600036,13:49:34,39.8300,323,2
2026-04-22,600036,13:49:37,39.8400,25,1
2026-04-22,600036,13:49:40,39.8300,502,2
2026-04-22,600036,13:49:43,39.8400,18,1
2026-04-22,600036,13:49:46,39.8200,7,2
2026-04-22,600036,13:49:49,39.8200,14,2
2026-04-22,600036,13:49:52,39.8200,4,1
2026-04-22,600036,13:49:55,39.8200,12,1
2026-04-22,600036,13:49:58,39.8100,4,2
2026-04-22,600036,13:50:01,39.8200,58,1
2026-04-22,600036,13:50:04,39.8100,272,2
2026-04-22,600036,13:50:07,39.8100,15,2
2026-04-22,600036,13:50:10,39.8100,14,1
2026-04-22,600036,13:50:13,39.8100,7,1
2026-04-22,600036,13:50:16,39.8000,321,2
2026-04-22,600036,13:50:19,39.8000,54,4
2026-04-22,600036,13:50:22,39.8000,215,2
2026-04-22,600036,13:50:25,39.8100,78,1
2026-04-22,600036,13:50:28,39.7900,36,2
2026-04-22,600036,13:50:31,39.7900,1,2
2026-04-22,600036,13:50:34,39.7900,106,2
2026-04-22,600036,13:50:37,39.8000,12,2
2026-04-22,600036,13:50:40,39.8000,195,2
2026-04-22,600036,13:50:43,39.8000,31,1
2026-04-22,600036,13:50:46,39.8000,20,2
2026-04-22,600036,13:50:49,39.8000,10,2
2026-04-22,600036,13:50:52,39.8000,69,2
2026-04-22,600036,13:50:55,39.8000,16,2
2026-04-22,600036,13:50:58,39.7900,6,2
2026-04-22,600036,13:51:01,39.7900,1,2
2026-04-22,600036,13:51:04,39.8000,1,1
2026-04-22,600036,13:51:07,39.7900,28,2
2026-04-22,600036,13:51:10,39.7900,226,2
2026-04-22,600036,13:51:13,39.7900,82,1
2026-04-22,600036,13:51:16,39.8000,11,1
2026-04-22,600036,13:51:19,39.7900,140,2
2026-04-22,600036,13:51:22,39.7900,27,2
2026-04-22,600036,13:51:25,39.7800,148,2
2026-04-22,600036,13:51:28,39.7800,24,4
2026-04-22,600036,13:51:31,39.7800,12,1
2026-04-22,600036,13:51:34,39.7800,10,1
2026-04-22,600036,13:51:37,39.7700,16,2
2026-04-22,600036,13:51:40,39.7800,2,1
2026-04-22,600036,13:51:43,39.7700,201,2
2026-04-22,600036,13:51:46,39.7700,298,2
2026-04-22,600036,13:51:49,39.7700,34,2
2026-04-22,600036,13:51:52,39.7800,21,1
2026-04-22,600036,13:51:58,39.7700,3,2
2026-04-22,600036,13:52:01,39.7800,131,1
2026-04-22,600036,13:52:04,39.7700,22,2
2026-04-22,600036,13:52:07,39.7800,35,1
2026-04-22,600036,13:52:10,39.7700,36,2
2026-04-22,600036,13:52:13,39.7700,5,2
2026-04-22,600036,13:52:16,39.7700,119,2
2026-04-22,600036,13:52:19,39.7700,1,2
2026-04-22,600036,13:52:22,39.7700,16,2
2026-04-22,600036,13:52:25,39.7800,1,1
2026-04-22,600036,13:52:28,39.7800,10,1
2026-04-22,600036,13:52:31,39.7800,106,1
2026-04-22,600036,13:52:34,39.7700,6,2
2026-04-22,600036,13:52:37,39.7700,194,2
2026-04-22,600036,13:52:40,39.7800,10,1
2026-04-22,600036,13:52:43,39.7800,103,1
2026-04-22,600036,13:52:46,39.7700,26,2
2026-04-22,600036,13:52:49,39.7700,1,2
2026-04-22,600036,13:52:52,39.7800,3,1
2026-04-22,600036,13:52:55,39.7800,2,1
2026-04-22,600036,13:52:58,39.7800,258,1
2026-04-22,600036,13:53:01,39.7800,1,1
2026-04-22,600036,13:53:04,39.7700,3,2
2026-04-22,600036,13:53:07,39.7800,8,1
2026-04-22,600036,13:53:10,39.7800,5,1
2026-04-22,600036,13:53:13,39.7700,5,2
2026-04-22,600036,13:53:16,39.7800,1,1
2026-04-22,600036,13:53:19,39.7700,115,2
2026-04-22,600036,13:53:22,39.7800,20,1
2026-04-22,600036,13:53:28,39.7700,4,2
2026-04-22,600036,13:53:31,39.7800,51,1
2026-04-22,600036,13:53:34,39.7700,10,2
2026-04-22,600036,13:53:37,39.7700,350,2
2026-04-22,600036,13:53:40,39.7800,57,1
2026-04-22,600036,13:53:46,39.7700,29,2
2026-04-22,600036,13:53:49,39.7800,8,2
2026-04-22,600036,13:53:52,39.7800,14,2
2026-04-22,600036,13:53:55,39.7700,12,2
2026-04-22,600036,13:53:58,39.7700,109,2
2026-04-22,600036,13:54:01,39.7800,97,1
2026-04-22,600036,13:54:04,39.7700,9,2
2026-04-22,600036,13:54:07,39.7800,8,1
2026-04-22,600036,13:54:13,39.7800,5,1
2026-04-22,600036,13:54:16,39.7800,7,1
2026-04-22,600036,13:54:19,39.7800,58,1
2026-04-22,600036,13:54:22,39.7700,360,2
2026-04-22,600036,13:54:25,39.7700,496,2
2026-04-22,600036,13:54:28,39.7600,1226,2
2026-04-22,600036,13:54:31,39.7500,31,2
2026-04-22,600036,13:54:34,39.7500,52,2
2026-04-22,600036,13:54:37,39.7500,83,2
2026-04-22,600036,13:54:40,39.7500,43,2
2026-04-22,600036,13:54:43,39.7500,253,2
2026-04-22,600036,13:54:46,39.7500,34,1
2026-04-22,600036,13:54:49,39.7500,8,2
2026-04-22,600036,13:54:52,39.7600,6,1
2026-04-22,600036,13:54:55,39.7600,34,1
2026-04-22,600036,13:54:58,39.7500,23,2
2026-04-22,600036,13:55:01,39.7500,399,2
2026-04-22,600036,13:55:04,39.7500,9,2
2026-04-22,600036,13:55:07,39.7600,7,1
2026-04-22,600036,13:55:10,39.7600,8,1
2026-04-22,600036,13:55:13,39.7600,14,1
2026-04-22,600036,13:55:16,39.7500,15,2
2026-04-22,600036,13:55:19,39.7500,352,2
2026-04-22,600036,13:55:22,39.7500,24,1
2026-04-22,600036,13:55:25,39.7500,13,1
2026-04-22,600036,13:55:28,39.7500,20,1
2026-04-22,600036,13:55:31,39.7500,53,1
2026-04-22,600036,13:55:34,39.7500,27,1
2026-04-22,600036,13:55:37,39.7600,14,1
2026-04-22,600036,13:55:40,39.7500,239,2
2026-04-22,600036,13:55:43,39.7500,1,2
2026-04-22,600036,13:55:46,39.7500,15,2
2026-04-22,600036,13:55:49,39.7500,10,2
2026-04-22,600036,13:55:52,39.7500,209,2
2026-04-22,600036,13:55:55,39.7500,105,1
2026-04-22,600036,13:55:58,39.7400,188,2
2026-04-22,600036,13:56:01,39.7300,191,2
2026-04-22,600036,13:56:04,39.7300,15,2
2026-04-22,600036,13:56:07,39.7300,60,2
2026-04-22,600036,13:56:10,39.7300,28,2
2026-04-22,600036,13:56:13,39.7400,6,1
2026-04-22,600036,13:56:16,39.7400,48,1
2026-04-22,600036,13:56:19,39.7300,175,2
2026-04-22,600036,13:56:22,39.7300,4,2
2026-04-22,600036,13:56:25,39.7400,115,1
2026-04-22,600036,13:56:28,39.7400,8,4
2026-04-22,600036,13:56:31,39.7500,49,1
2026-04-22,600036,13:56:34,39.7500,59,1
2026-04-22,600036,13:56:37,39.7500,8,2
2026-04-22,600036,13:56:40,39.7500,3,2
2026-04-22,600036,13:56:46,39.7500,17,2
2026-04-22,600036,13:56:49,39.7600,1,1
2026-04-22,600036,13:56:52,39.7600,13,1
2026-04-22,600036,13:56:55,39.7500,51,2
2026-04-22,600036,13:56:58,39.7500,318,2
2026-04-22,600036,13:57:01,39.7500,5,1
2026-04-22,600036,13:57:04,39.7500,40,1
2026-04-22,600036,13:57:07,39.7500,10,1
2026-04-22,600036,13:57:10,39.7400,49,2
2026-04-22,600036,13:57:13,39.7500,21,1
2026-04-22,600036,13:57:16,39.7400,28,2
2026-04-22,600036,13:57:19,39.7400,441,2
2026-04-22,600036,13:57:22,39.7300,20,2
2026-04-22,600036,13:57:25,39.7400,81,1
2026-04-22,600036,13:57:28,39.7400,40,2
2026-04-22,600036,13:57:31,39.7500,60,1
2026-04-22,600036,13:57:34,39.7500,19,1
2026-04-22,600036,13:57:37,39.7500,15,1
2026-04-22,600036,13:57:40,39.7500,118,2
2026-04-22,600036,13:57:43,39.7500,10,2
2026-04-22,600036,13:57:46,39.7600,95,1
2026-04-22,600036,13:57:49,39.7500,2,4
2026-04-22,600036,13:57:52,39.7500,17,4
2026-04-22,600036,13:57:55,39.7500,44,1
2026-04-22,600036,13:57:58,39.7400,93,2
2026-04-22,600036,13:58:01,39.7400,154,2
2026-04-22,600036,13:58:04,39.7400,10,1
2026-04-22,600036,13:58:07,39.7400,62,1
2026-04-22,600036,13:58:10,39.7400,12,1
2026-04-22,600036,13:58:13,39.7400,821,1
2026-04-22,600036,13:58:16,39.7300,3,2
2026-04-22,600036,13:58:19,39.7300,1292,2
2026-04-22,600036,13:58:22,39.7400,87,4
2026-04-22,600036,13:58:25,39.7500,78,1
2026-04-22,600036,13:58:28,39.7500,15,2
2026-04-22,600036,13:58:31,39.7500,242,2
2026-04-22,600036,13:58:34,39.7400,59,2
2026-04-22,600036,13:58:37,39.7400,17,2
2026-04-22,600036,13:58:40,39.7400,300,2
2026-04-22,600036,13:58:43,39.7300,347,2
2026-04-22,600036,13:58:46,39.7500,327,1
2026-04-22,600036,13:58:49,39.7200,14,2
2026-04-22,600036,13:58:52,39.7100,62,2
2026-04-22,600036,13:58:55,39.7400,231,1
2026-04-22,600036,13:58:58,39.7200,142,2
2026-04-22,600036,13:59:01,39.7300,161,4
2026-04-22,600036,13:59:04,39.7300,1,1
2026-04-22,600036,13:59:07,39.7300,115,2
2026-04-22,600036,13:59:10,39.7200,1,2
2026-04-22,600036,13:59:13,39.7300,172,1
2026-04-22,600036,13:59:16,39.7200,79,2
2026-04-22,600036,13:59:19,39.7200,120,1
2026-04-22,600036,13:59:22,39.7200,19,1
2026-04-22,600036,13:59:25,39.7300,71,1
2026-04-22,600036,13:59:28,39.7200,50,2
2026-04-22,600036,13:59:31,39.7300,66,4
2026-04-22,600036,13:59:34,39.7200,14,2
2026-04-22,600036,13:59:37,39.7400,62,1
2026-04-22,600036,13:59:40,39.7300,8,1
2026-04-22,600036,13:59:43,39.7300,11,2
2026-04-22,600036,13:59:46,39.7400,2,1
2026-04-22,600036,13:59:49,39.7300,88,2
2026-04-22,600036,13:59:52,39.7300,26,1
2026-04-22,600036,13:59:55,39.7300,21,1
2026-04-22,600036,13:59:58,39.7200,6,2
2026-04-22,600036,14:00:04,39.7300,9,1
2026-04-22,600036,14:00:07,39.7200,443,2
2026-04-22,600036,14:00:10,39.7200,3,2
2026-04-22,600036,14:00:16,39.7200,113,2
2026-04-22,600036,14:00:19,39.7300,11,1
2026-04-22,600036,14:00:22,39.7100,853,2
2026-04-22,600036,14:00:25,39.7200,60,1
2026-04-22,600036,14:00:28,39.7200,13,1
2026-04-22,600036,14:00:31,39.7100,240,2
2026-04-22,600036,14:00:34,39.7200,2,1
2026-04-22,600036,14:00:37,39.7200,57,1
2026-04-22,600036,14:00:40,39.7100,51,2
2026-04-22,600036,14:00:43,39.7200,102,1
2026-04-22,600036,14:00:46,39.7200,60,4
2026-04-22,600036,14:00:49,39.7200,1,2
2026-04-22,600036,14:00:52,39.7300,47,1
2026-04-22,600036,14:00:58,39.7300,104,2
2026-04-22,600036,14:01:01,39.7300,62,4
2026-04-22,600036,14:01:04,39.7300,34,2
2026-04-22,600036,14:01:07,39.7300,64,2
2026-04-22,600036,14:01:10,39.7300,1,4
2026-04-22,600036,14:01:13,39.7300,121,2
2026-04-22,600036,14:01:16,39.7300,4,4
2026-04-22,600036,14:01:19,39.7300,36,2
2026-04-22,600036,14:01:22,39.7300,14,2
2026-04-22,600036,14:01:25,39.7400,48,1
2026-04-22,600036,14:01:28,39.7200,155,2
2026-04-22,600036,14:01:31,39.7100,284,2
2026-04-22,600036,14:01:34,39.7200,105,1
2026-04-22,600036,14:01:37,39.7200,100,2
2026-04-22,600036,14:01:40,39.7300,2,1
2026-04-22,600036,14:01:43,39.7200,14,2
2026-04-22,600036,14:01:46,39.7300,166,1
2026-04-22,600036,14:01:49,39.7200,5,2
2026-04-22,600036,14:01:52,39.7300,10,1
2026-04-22,600036,14:01:55,39.7200,12,2
2026-04-22,600036,14:01:58,39.7200,40,2
2026-04-22,600036,14:02:01,39.7300,29,1
2026-04-22,600036,14:02:04,39.7200,78,2
2026-04-22,600036,14:02:07,39.7500,192,1
2026-04-22,600036,14:02:10,39.7200,5,2
2026-04-22,600036,14:02:13,39.7100,345,2
2026-04-22,600036,14:02:16,39.7000,49,2
2026-04-22,600036,14:02:19,39.7000,297,2
2026-04-22,600036,14:02:22,39.7100,43,2
2026-04-22,600036,14:02:25,39.7100,291,2
2026-04-22,600036,14:02:28,39.7100,4,2
2026-04-22,600036,14:02:34,39.7100,174,2
2026-04-22,600036,14:02:37,39.7100,897,2
2026-04-22,600036,14:02:40,39.7100,98,2
2026-04-22,600036,14:02:43,39.7200,10,1
2026-04-22,600036,14:02:46,39.7200,44,1
2026-04-22,600036,14:02:49,39.7200,41,2
2026-04-22,600036,14:02:55,39.7200,24,2
2026-04-22,600036,14:02:58,39.7200,40,2
2026-04-22,600036,14:03:01,39.7200,30,2
2026-04-22,600036,14:03:04,39.7300,77,1
2026-04-22,600036,14:03:07,39.7300,14,1
2026-04-22,600036,14:03:10,39.7200,27,2
2026-04-22,600036,14:03:13,39.7200,361,2
2026-04-22,600036,14:03:16,39.7200,59,1
2026-04-22,600036,14:03:19,39.7200,1,1
2026-04-22,600036,14:03:22,39.7200,12,2
2026-04-22,600036,14:03:25,39.7300,20,1
2026-04-22,600036,14:03:28,39.7200,2,2
2026-04-22,600036,14:03:31,39.7200,232,2
2026-04-22,600036,14:03:34,39.7100,84,2
2026-04-22,600036,14:03:37,39.7200,13,1
2026-04-22,600036,14:03:40,39.7100,2,2
2026-04-22,600036,14:03:43,39.7200,7,1
2026-04-22,600036,14:03:46,39.7200,10,1
2026-04-22,600036,14:03:49,39.7100,50,2
2026-04-22,600036,14:03:52,39.7200,1,1
2026-04-22,600036,14:03:55,39.7100,652,2
2026-04-22,600036,14:03:58,39.7100,4,2
2026-04-22,600036,14:04:01,39.7100,41,2
2026-04-22,600036,14:04:04,39.7100,39,2
2026-04-22,600036,14:04:07,39.7100,19,2
2026-04-22,600036,14:04:10,39.7100,83,2
2026-04-22,600036,14:04:13,39.7000,201,2
2026-04-22,600036,14:04:16,39.7100,59,1
2026-04-22,600036,14:04:19,39.7100,10,1
2026-04-22,600036,14:04:22,39.7000,36,2
2026-04-22,600036,14:04:25,39.7100,10,1
2026-04-22,600036,14:04:28,39.7200,1,1
2026-04-22,600036,14:04:31,39.7100,13,2
2026-04-22,600036,14:04:34,39.7100,160,2
2026-04-22,600036,14:04:37,39.7000,31,2
2026-04-22,600036,14:04:40,39.7000,69,2
2026-04-22,600036,14:04:43,39.7000,117,2
2026-04-22,600036,14:04:46,39.7100,3,2
2026-04-22,600036,14:04:49,39.7100,52,2
2026-04-22,600036,14:04:52,39.7100,6,2
2026-04-22,600036,14:04:55,39.7100,304,2
2026-04-22,600036,14:04:58,39.7000,141,2
2026-04-22,600036,14:05:01,39.7000,103,2
2026-04-22,600036,14:05:04,39.7000,102,2
2026-04-22,600036,14:05:07,39.7200,9,1
2026-04-22,600036,14:05:10,39.7100,137,2
2026-04-22,600036,14:05:13,39.7200,3,1
2026-04-22,600036,14:05:16,39.7100,77,4
2026-04-22,600036,14:05:19,39.7000,631,2
2026-04-22,600036,14:05:22,39.7000,738,2
2026-04-22,600036,14:05:25,39.7000,30,1
2026-04-22,600036,14:05:28,39.7000,220,1
2026-04-22,600036,14:05:31,39.6900,53,2
2026-04-22,600036,14:05:34,39.6900,46,2
2026-04-22,600036,14:05:37,39.7000,15,1
2026-04-22,600036,14:05:40,39.6900,18,2
2026-04-22,600036,14:05:43,39.7000,673,1
2026-04-22,600036,14:05:46,39.6900,297,2
2026-04-22,600036,14:05:49,39.6900,35,2
2026-04-22,600036,14:05:52,39.7000,61,1
2026-04-22,600036,14:05:58,39.6900,14,1
2026-04-22,600036,14:06:01,39.6900,71,1
2026-04-22,600036,14:06:04,39.6900,8,2
2026-04-22,600036,14:06:07,39.6900,72,2
2026-04-22,600036,14:06:10,39.6900,6,2
2026-04-22,600036,14:06:13,39.7000,81,1
2026-04-22,600036,10:51:04,39.7300,80,2
2026-04-22,600036,10:51:07,39.7300,40,2
2026-04-22,600036,10:51:10,39.7300,109,1
2026-04-22,600036,10:51:13,39.7400,35,1
2026-04-22,600036,10:51:16,39.7300,50,4
2026-04-22,600036,10:51:19,39.7300,51,2
2026-04-22,600036,10:51:22,39.7200,30,2
2026-04-22,600036,10:51:25,39.7300,164,4
2026-04-22,600036,10:51:28,39.7200,34,2
2026-04-22,600036,10:51:31,39.7400,34,1
2026-04-22,600036,10:51:34,39.7400,6,1
2026-04-22,600036,10:51:37,39.7400,16,1
2026-04-22,600036,10:51:40,39.7400,13,4
2026-04-22,600036,10:51:43,39.7400,21,2
2026-04-22,600036,10:51:46,39.7500,69,1
2026-04-22,600036,10:51:49,39.7400,24,2
2026-04-22,600036,10:51:52,39.7500,42,1
2026-04-22,600036,10:51:55,39.7500,39,1
2026-04-22,600036,10:52:01,39.7500,204,1
2026-04-22,600036,10:52:04,39.7500,72,1
2026-04-22,600036,10:52:07,39.7400,55,1
2026-04-22,600036,10:52:10,39.7400,6,2
2026-04-22,600036,10:52:13,39.7400,25,2
2026-04-22,600036,10:52:16,39.7400,21,2
2026-04-22,600036,10:52:19,39.7500,86,1
2026-04-22,600036,10:52:22,39.7500,142,1
2026-04-22,600036,10:52:25,39.7500,39,2
2026-04-22,600036,10:52:28,39.7400,29,2
2026-04-22,600036,10:52:31,39.7600,3,1
2026-04-22,600036,10:52:34,39.7400,15,2
2026-04-22,600036,10:52:37,39.7400,13,2
2026-04-22,600036,10:52:43,39.7500,114,1
2026-04-22,600036,10:52:46,39.7500,37,1
2026-04-22,600036,10:52:49,39.7400,70,2
2026-04-22,600036,10:52:52,39.7400,15,2
2026-04-22,600036,10:52:55,39.7500,17,1
2026-04-22,600036,10:52:58,39.7400,9,2
2026-04-22,600036,10:53:01,39.7500,9,1
2026-04-22,600036,10:53:07,39.7400,11,2
2026-04-22,600036,10:53:10,39.7400,3,2
2026-04-22,600036,10:53:13,39.7400,3,2
2026-04-22,600036,10:53:16,39.7500,118,1
2026-04-22,600036,10:53:19,39.7500,4,1
2026-04-22,600036,10:53:22,39.7400,20,2
2026-04-22,600036,10:53:25,39.7500,37,1
2026-04-22,600036,10:53:28,39.7400,52,2
2026-04-22,600036,10:53:31,39.7500,107,1
2026-04-22,600036,10:53:34,39.7500,66,1
2026-04-22,600036,10:53:37,39.7400,67,2
2026-04-22,600036,10:53:40,39.7400,2,2
2026-04-22,600036,10:53:43,39.7400,18,2
2026-04-22,600036,10:53:46,39.7400,24,2
2026-04-22,600036,10:53:49,39.7400,46,2
2026-04-22,600036,10:53:52,39.7400,81,2
2026-04-22,600036,10:53:55,39.7400,21,2
2026-04-22,600036,10:53:58,39.7400,2,2
2026-04-22,600036,10:54:01,39.7500,19,1
2026-04-22,600036,10:54:04,39.7400,8,2
2026-04-22,600036,10:54:07,39.7400,21,2
2026-04-22,600036,10:54:10,39.7400,1,2
2026-04-22,600036,10:54:13,39.7400,31,2
2026-04-22,600036,10:54:16,39.7500,5,1
2026-04-22,600036,10:54:19,39.7500,27,1
2026-04-22,600036,10:54:22,39.7500,88,1
2026-04-22,600036,10:54:25,39.7500,26,1
2026-04-22,600036,10:54:28,39.7500,31,1
2026-04-22,600036,10:54:31,39.7500,15,1
2026-04-22,600036,10:54:34,39.7500,1,1
2026-04-22,600036,10:54:37,39.7400,24,2
2026-04-22,600036,10:54:40,39.7400,28,2
2026-04-22,600036,10:54:43,39.7400,4,2
2026-04-22,600036,10:54:46,39.7500,43,1
2026-04-22,600036,10:54:49,39.7500,7,1
2026-04-22,600036,10:54:52,39.7400,7,2
2026-04-22,600036,10:54:55,39.7500,26,1
2026-04-22,600036,10:55:01,39.7500,7,1
2026-04-22,600036,10:55:04,39.7400,22,2
2026-04-22,600036,10:55:07,39.7500,2,1
2026-04-22,600036,10:55:10,39.7400,44,2
2026-04-22,600036,10:55:13,39.7500,77,1
2026-04-22,600036,10:55:16,39.7400,43,2
2026-04-22,600036,10:55:19,39.7400,55,2
2026-04-22,600036,10:55:22,39.7400,37,2
2026-04-22,600036,10:55:25,39.7500,71,1
2026-04-22,600036,10:55:28,39.7400,72,2
2026-04-22,600036,10:55:31,39.7300,51,2
2026-04-22,600036,10:55:34,39.7400,49,2
2026-04-22,600036,10:55:37,39.7400,54,2
2026-04-22,600036,10:55:40,39.7400,31,1
2026-04-22,600036,10:55:43,39.7300,85,2
2026-04-22,600036,10:55:46,39.7300,65,2
2026-04-22,600036,10:55:49,39.7200,49,2
2026-04-22,600036,10:55:52,39.7200,37,2
2026-04-22,600036,10:55:55,39.7300,44,2
2026-04-22,600036,10:55:58,39.7300,19,2
2026-04-22,600036,10:56:01,39.7400,37,1
2026-04-22,600036,10:56:04,39.7300,10,2
2026-04-22,600036,10:56:07,39.7400,25,1
2026-04-22,600036,10:56:10,39.7300,36,2
2026-04-22,600036,10:56:13,39.7400,38,1
2026-04-22,600036,10:56:16,39.7400,17,1
2026-04-22,600036,10:56:19,39.7400,43,1
2026-04-22,600036,10:56:22,39.7400,59,1
2026-04-22,600036,10:56:25,39.7500,221,1
2026-04-22,600036,10:56:28,39.7500,99,2
2026-04-22,600036,10:56:31,39.7700,180,1
2026-04-22,600036,10:56:34,39.7300,85,2
2026-04-22,600036,10:56:37,39.7700,125,1
2026-04-22,600036,10:56:40,39.7400,58,2
2026-04-22,600036,10:56:43,39.7700,62,1
2026-04-22,600036,10:56:46,39.7300,137,2
2026-04-22,600036,10:56:49,39.7400,69,2
2026-04-22,600036,10:56:52,39.7300,46,2
2026-04-22,600036,10:56:55,39.7300,108,2
2026-04-22,600036,10:56:58,39.7300,33,2
2026-04-22,600036,10:57:01,39.7300,78,2
2026-04-22,600036,10:57:04,39.7600,109,1
2026-04-22,600036,10:57:07,39.7400,35,2
2026-04-22,600036,10:57:10,39.7700,60,1
2026-04-22,600036,10:57:13,39.7500,16,4
2026-04-22,600036,10:57:16,39.7400,135,2
2026-04-22,600036,10:57:19,39.7700,43,1
2026-04-22,600036,10:57:22,39.7600,54,1
2026-04-22,600036,10:57:25,39.7700,34,1
2026-04-22,600036,10:57:28,39.7700,81,1
2026-04-22,600036,10:57:31,39.7600,62,2
2026-04-22,600036,10:57:34,39.7500,66,2
2026-04-22,600036,10:57:37,39.7500,38,2
2026-04-22,600036,10:57:40,39.7800,61,1
2026-04-22,600036,10:57:43,39.7800,49,1
2026-04-22,600036,10:57:46,39.7500,25,2
2026-04-22,600036,10:57:49,39.7600,28,2
2026-04-22,600036,10:57:52,39.7600,14,2
2026-04-22,600036,10:57:58,39.7600,46,2
2026-04-22,600036,10:58:01,39.7600,13,4
2026-04-22,600036,10:58:04,39.7600,6,2
2026-04-22,600036,10:58:07,39.7600,46,1
2026-04-22,600036,10:58:13,39.7500,7,2
2026-04-22,600036,10:58:16,39.7500,2,2
2026-04-22,600036,10:58:22,39.7600,48,1
2026-04-22,600036,10:58:25,39.7500,30,2
2026-04-22,600036,10:58:28,39.7500,20,2
2026-04-22,600036,10:58:31,39.7500,16,2
2026-04-22,600036,10:58:34,39.7500,10,2
2026-04-22,600036,10:58:37,39.7500,14,2
2026-04-22,600036,10:58:40,39.7500,8,2
2026-04-22,600036,10:58:43,39.7400,31,2
2026-04-22,600036,10:58:46,39.7500,16,2
2026-04-22,600036,10:58:49,39.7400,12,2
2026-04-22,600036,10:58:52,39.7400,3,2
2026-04-22,600036,10:58:55,39.7400,1,2
2026-04-22,600036,10:58:58,39.7400,13,2
2026-04-22,600036,10:59:04,39.7500,3,1
2026-04-22,600036,10:59:07,39.7400,20,2
2026-04-22,600036,10:59:10,39.7500,13,1
2026-04-22,600036,10:59:13,39.7600,323,1
2026-04-22,600036,10:59:16,39.7600,168,2
2026-04-22,600036,10:59:19,39.7600,2,2
2026-04-22,600036,10:59:22,39.7600,58,2
2026-04-22,600036,10:59:25,39.7600,13,2
2026-04-22,600036,10:59:28,39.7700,32,1
2026-04-22,600036,10:59:31,39.7600,9,2
2026-04-22,600036,10:59:34,39.7700,60,1
2026-04-22,600036,10:59:37,39.7700,11,2
2026-04-22,600036,10:59:43,39.7800,5,1
2026-04-22,600036,10:59:46,39.7800,206,1
2026-04-22,600036,10:59:49,39.7800,8,2
2026-04-22,600036,10:59:52,39.7900,21,1
2026-04-22,600036,10:59:55,39.7900,51,1
2026-04-22,600036,10:59:58,39.7700,75,2
2026-04-22,600036,11:00:01,39.7800,216,2
2026-04-22,600036,11:00:04,39.7900,119,1
2026-04-22,600036,11:00:07,39.7700,64,2
2026-04-22,600036,11:00:10,39.7900,93,1
2026-04-22,600036,11:00:13,39.7800,36,2
2026-04-22,600036,11:00:16,39.7900,15,1
2026-04-22,600036,11:00:22,39.7800,39,2
2026-04-22,600036,11:00:25,39.7900,24,1
2026-04-22,600036,11:00:28,39.7800,10,2
2026-04-22,600036,11:00:31,39.7800,40,2
2026-04-22,600036,11:00:34,39.7900,42,1
2026-04-22,600036,11:00:37,39.8000,183,1
2026-04-22,600036,11:00:40,39.8000,64,1
2026-04-22,600036,11:00:43,39.7900,7,2
2026-04-22,600036,11:00:46,39.7900,49,2
2026-04-22,600036,11:00:49,39.8000,12,1
2026-04-22,600036,11:00:52,39.7900,4,2
2026-04-22,600036,11:00:55,39.7800,13,2
2026-04-22,600036,11:00:58,39.7900,13,1
2026-04-22,600036,11:01:01,39.7900,26,1
2026-04-22,600036,11:01:04,39.8000,303,1
2026-04-22,600036,11:01:07,39.7700,106,2
2026-04-22,600036,11:01:10,39.7900,3,2
2026-04-22,600036,11:01:13,39.7900,21,2
2026-04-22,600036,11:01:16,39.7900,37,2
2026-04-22,600036,11:01:22,39.7900,1,2
2026-04-22,600036,11:01:25,39.7900,2,2
2026-04-22,600036,11:01:28,39.7900,11,2
2026-04-22,600036,11:01:34,39.7900,5,2
2026-04-22,600036,11:01:37,39.8000,68,1
2026-04-22,600036,11:01:40,39.7900,3,2
2026-04-22,600036,11:01:43,39.7900,51,2
2026-04-22,600036,11:01:49,39.8000,4,1
2026-04-22,600036,11:01:52,39.8000,8,1
2026-04-22,600036,11:01:55,39.7900,2,2
2026-04-22,600036,11:01:58,39.7900,24,2
2026-04-22,600036,11:02:01,39.8000,105,1
2026-04-22,600036,11:02:07,39.7900,8,2
2026-04-22,600036,11:02:10,39.7900,20,2
2026-04-22,600036,11:02:16,39.8000,11,1
2026-04-22,600036,11:02:19,39.8000,9,1
2026-04-22,600036,11:02:22,39.7900,35,2
2026-04-22,600036,11:02:25,39.8000,53,1
2026-04-22,600036,11:02:28,39.8000,6,1
2026-04-22,600036,11:02:34,39.7900,31,2
2026-04-22,600036,11:02:37,39.7900,7,2
2026-04-22,600036,11:02:40,39.7900,52,2
2026-04-22,600036,11:02:43,39.8100,125,1
2026-04-22,600036,11:02:52,39.7900,2,2
2026-04-22,600036,11:02:55,39.8000,10,1
2026-04-22,600036,11:02:58,39.8000,7,1
2026-04-22,600036,11:03:01,39.7900,31,2
2026-04-22,600036,11:03:04,39.8000,8,1
2026-04-22,600036,11:03:07,39.7900,58,2
2026-04-22,600036,11:03:13,39.8000,52,1
2026-04-22,600036,11:03:16,39.8000,6,1
2026-04-22,600036,11:03:19,39.8000,10,1
2026-04-22,600036,11:03:22,39.8000,19,1
2026-04-22,600036,11:03:28,39.8000,2,1
2026-04-22,600036,11:03:31,39.8000,3,1
2026-04-22,600036,11:03:34,39.7900,94,2
2026-04-22,600036,11:03:37,39.7900,15,2
2026-04-22,600036,11:03:40,39.8000,7,1
2026-04-22,600036,11:03:43,39.8000,8,2
2026-04-22,600036,11:03:46,39.8000,3,2
2026-04-22,600036,11:03:49,39.8000,1,1
2026-04-22,600036,11:03:52,39.8000,28,1
2026-04-22,600036,11:03:55,39.8000,11,1
2026-04-22,600036,11:03:58,39.8000,2,1
2026-04-22,600036,11:04:01,39.7900,27,2
2026-04-22,600036,11:04:04,39.8000,86,1
2026-04-22,600036,11:04:07,39.8000,7,1
2026-04-22,600036,11:04:13,39.8000,1,1
2026-04-22,600036,11:04:16,39.8000,31,1
2026-04-22,600036,11:04:19,39.7900,9,2
2026-04-22,600036,11:04:22,39.7900,83,2
2026-04-22,600036,11:04:25,39.8000,89,1
2026-04-22,600036,11:04:28,39.7900,1,2
2026-04-22,600036,11:04:31,39.7900,10,2
2026-04-22,600036,11:04:34,39.8000,16,1
2026-04-22,600036,11:04:37,39.8000,157,1
2026-04-22,600036,11:04:40,39.8100,11,1
2026-04-22,600036,11:04:43,39.8000,23,2
2026-04-22,600036,11:04:46,39.8100,1,1
2026-04-22,600036,11:04:49,39.8100,2,1
2026-04-22,600036,11:04:52,39.8100,4,1
2026-04-22,600036,11:04:55,39.8000,33,2
2026-04-22,600036,11:04:58,39.8000,4,2
2026-04-22,600036,11:05:01,39.8000,190,2
2026-04-22,600036,11:05:04,39.8000,87,2
2026-04-22,600036,11:05:10,39.8100,99,1
2026-04-22,600036,11:05:13,39.8100,2,1
2026-04-22,600036,11:05:16,39.8000,59,2
2026-04-22,600036,11:05:19,39.8100,261,1
2026-04-22,600036,11:05:22,39.8100,6,2
2026-04-22,600036,11:05:25,39.8200,195,1
2026-04-22,600036,11:05:28,39.8300,19,1
2026-04-22,600036,11:05:31,39.8300,167,1
2026-04-22,600036,11:05:34,39.8400,124,1
2026-04-22,600036,11:05:37,39.8400,273,1
2026-04-22,600036,11:05:40,39.8400,73,1
2026-04-22,600036,11:05:43,39.8400,3,4
2026-04-22,600036,11:05:46,39.8500,113,1
2026-04-22,600036,11:05:49,39.8500,1,1
2026-04-22,600036,11:05:52,39.8500,25,1
2026-04-22,600036,11:05:55,39.8400,13,2
2026-04-22,600036,11:05:58,39.8400,6,2
2026-04-22,600036,11:06:01,39.8400,68,2
2026-04-22,600036,11:06:04,39.8500,77,1
2026-04-22,600036,11:06:10,39.8500,183,1
2026-04-22,600036,11:06:13,39.8500,96,1
2026-04-22,600036,11:06:16,39.8400,189,2
2026-04-22,600036,11:06:19,39.8500,87,1
2026-04-22,600036,11:06:25,39.8400,71,1
2026-04-22,600036,11:06:28,39.8500,13,1
2026-04-22,600036,11:06:31,39.8400,23,4
2026-04-22,600036,11:06:34,39.8400,44,1
2026-04-22,600036,11:06:37,39.8400,200,2
2026-04-22,600036,11:06:40,39.8400,33,1
2026-04-22,600036,11:06:43,39.8400,81,2
2026-04-22,600036,11:06:46,39.8400,28,2
2026-04-22,600036,11:06:49,39.8400,115,2
2026-04-22,600036,11:06:52,39.8400,10,1
2026-04-22,600036,11:06:55,39.8300,209,2
2026-04-22,600036,11:06:58,39.8300,18,2
2026-04-22,600036,11:07:01,39.8300,49,2
2026-04-22,600036,11:07:04,39.8300,30,2
2026-04-22,600036,11:07:07,39.8300,46,2
2026-04-22,600036,11:07:10,39.8400,20,1
2026-04-22,600036,11:07:13,39.8300,14,2
2026-04-22,600036,11:07:16,39.8300,46,2
2026-04-22,600036,11:07:19,39.8300,105,2
2026-04-22,600036,11:07:22,39.8200,123,2
2026-04-22,600036,11:07:28,39.8200,2,2
2026-04-22,600036,11:07:31,39.8400,181,1
2026-04-22,600036,11:07:34,39.8300,23,1
2026-04-22,600036,11:07:37,39.8400,71,1
2026-04-22,600036,11:07:40,39.8200,55,2
2026-04-22,600036,11:07:43,39.8400,9,1
2026-04-22,600036,11:07:49,39.8300,22,1
2026-04-22,600036,11:07:52,39.8300,3,1
2026-04-22,600036,11:07:55,39.8400,29,1
2026-04-22,600036,11:07:58,39.8400,24,1
2026-04-22,600036,11:08:01,39.8300,6,2
2026-04-22,600036,11:08:04,39.8400,39,1
2026-04-22,600036,11:08:13,39.8400,14,1
2026-04-22,600036,11:08:16,39.8300,30,2
2026-04-22,600036,11:08:19,39.8400,6,1
2026-04-22,600036,11:08:22,39.8400,54,1
2026-04-22,600036,11:08:25,39.8400,77,1
2026-04-22,600036,11:08:28,39.8300,5,2
2026-04-22,600036,11:08:31,39.8300,6,2
2026-04-22,600036,11:08:34,39.8200,141,2
2026-04-22,600036,11:08:37,39.8200,11,2
2026-04-22,600036,11:08:43,39.8300,37,1
2026-04-22,600036,11:08:46,39.8200,8,2
2026-04-22,600036,11:08:49,39.8300,22,1
2026-04-22,600036,11:08:52,39.8300,8,1
2026-04-22,600036,11:08:55,39.8300,54,1
2026-04-22,600036,11:08:58,39.8200,6,2
2026-04-22,600036,11:09:01,39.8100,23,2
2026-04-22,600036,11:09:04,39.8100,7,2
2026-04-22,600036,11:09:07,39.8100,7,2
2026-04-22,600036,11:09:10,39.8100,113,2
2026-04-22,600036,11:09:13,39.8100,45,2
2026-04-22,600036,11:09:16,39.8100,67,2
2026-04-22,600036,11:09:19,39.8100,154,2
2026-04-22,600036,11:09:22,39.8100,28,2
2026-04-22,600036,11:09:25,39.8100,37,2
2026-04-22,600036,11:09:28,39.8100,76,2
2026-04-22,600036,11:09:31,39.8200,8,1
2026-04-22,600036,11:09:34,39.8200,3,1
2026-04-22,600036,11:09:37,39.8100,6,2
2026-04-22,600036,11:09:40,39.8100,5,2
2026-04-22,600036,11:09:43,39.8100,37,2
2026-04-22,600036,11:09:46,39.8100,23,2
2026-04-22,600036,11:09:49,39.8200,2,1
2026-04-22,600036,11:09:55,39.8200,5,1
2026-04-22,600036,11:09:58,39.8200,16,1
2026-04-22,600036,11:10:01,39.8200,150,1
2026-04-22,600036,11:10:04,39.8200,69,1
2026-04-22,600036,11:10:07,39.8100,64,2
2026-04-22,600036,11:10:10,39.8200,4,1
2026-04-22,600036,11:10:13,39.8200,11,2
2026-04-22,600036,11:10:16,39.8100,4,2
2026-04-22,600036,11:10:19,39.8300,3,1
2026-04-22,600036,11:10:22,39.8200,8,2
2026-04-22,600036,11:10:25,39.8300,1,1
2026-04-22,600036,11:10:28,39.8200,20,2
2026-04-22,600036,11:10:31,39.8300,19,1
2026-04-22,600036,11:10:34,39.8100,18,2
2026-04-22,600036,11:10:37,39.8300,3,1
2026-04-22,600036,11:10:40,39.8200,30,1
2026-04-22,600036,11:10:43,39.8300,23,1
2026-04-22,600036,11:10:49,39.8200,33,1
2026-04-22,600036,11:10:52,39.8200,3,1
2026-04-22,600036,11:10:55,39.8100,73,2
2026-04-22,600036,11:10:58,39.8200,5,1
2026-04-22,600036,11:11:01,39.8200,15,1
2026-04-22,600036,11:11:04,39.8200,2,1
2026-04-22,600036,11:11:07,39.8100,11,2
2026-04-22,600036,11:11:10,39.8100,23,2
2026-04-22,600036,11:11:13,39.8200,15,1
2026-04-22,600036,11:11:16,39.8100,19,2
2026-04-22,600036,11:11:19,39.8200,48,1
2026-04-22,600036,11:11:22,39.8200,71,1
2026-04-22,600036,11:11:25,39.8200,14,1
2026-04-22,600036,11:11:28,39.8200,13,1
2026-04-22,600036,11:11:31,39.8200,6,1
2026-04-22,600036,11:11:34,39.8100,2,2
2026-04-22,600036,11:11:37,39.8100,14,2
2026-04-22,600036,11:11:40,39.8200,13,1
2026-04-22,600036,11:11:43,39.8100,2,2
2026-04-22,600036,11:11:46,39.8100,144,2
2026-04-22,600036,11:11:52,39.8100,10,2
2026-04-22,600036,11:11:55,39.8100,40,2
2026-04-22,600036,11:11:58,39.8200,9,1
2026-04-22,600036,11:12:01,39.8100,24,2
2026-04-22,600036,11:12:04,39.8100,12,2
2026-04-22,600036,11:12:07,39.8100,13,2
2026-04-22,600036,11:12:10,39.8100,2,2
2026-04-22,600036,11:12:13,39.8100,5,2
2026-04-22,600036,11:12:16,39.8200,9,1
2026-04-22,600036,11:12:19,39.8200,109,1
2026-04-22,600036,11:12:22,39.8200,6,1
2026-04-22,600036,11:12:25,39.8100,25,2
2026-04-22,600036,11:12:28,39.8000,53,2
2026-04-22,600036,11:12:31,39.8100,6,1
2026-04-22,600036,11:12:37,39.8000,56,2
2026-04-22,600036,11:12:40,39.8000,1,2
2026-04-22,600036,11:12:46,39.8000,27,2
2026-04-22,600036,11:12:49,39.8100,4,1
2026-04-22,600036,11:12:52,39.8000,13,2
2026-04-22,600036,11:12:55,39.8000,1,2
2026-04-22,600036,11:12:58,39.8100,11,1
2026-04-22,600036,11:13:01,39.8000,6,2
2026-04-22,600036,11:13:04,39.8100,34,1
2026-04-22,600036,11:13:07,39.8000,9,2
2026-04-22,600036,11:13:10,39.8100,18,1
2026-04-22,600036,11:13:13,39.8000,13,2
2026-04-22,600036,11:13:16,39.8100,1,1
2026-04-22,600036,11:13:19,39.8000,4,2
2026-04-22,600036,11:13:22,39.8100,57,1
2026-04-22,600036,11:13:25,39.8000,32,2
2026-04-22,600036,11:13:28,39.8000,2,2
2026-04-22,600036,11:13:31,39.8000,107,2
2026-04-22,600036,11:13:34,39.8000,8,2
2026-04-22,600036,11:13:37,39.8000,78,2
2026-04-22,600036,11:13:43,39.8000,3,1
2026-04-22,600036,11:13:46,39.7900,17,2
2026-04-22,600036,11:13:49,39.8000,1,1
2026-04-22,600036,11:13:55,39.8000,4,1
2026-04-22,600036,11:13:58,39.8000,7,1
2026-04-22,600036,11:14:01,39.7900,68,2
2026-04-22,600036,11:14:04,39.8000,10,1
2026-04-22,600036,11:14:07,39.8100,86,1
2026-04-22,600036,11:14:10,39.8000,23,2
2026-04-22,600036,11:14:13,39.8000,6,1
2026-04-22,600036,11:14:19,39.7900,1,2
2026-04-22,600036,11:14:22,39.8000,52,1
2026-04-22,600036,11:14:28,39.8000,1,2
2026-04-22,600036,11:14:34,39.8000,7,2
2026-04-22,600036,11:14:40,39.8000,118,2
2026-04-22,600036,11:14:43,39.8000,6,2
2026-04-22,600036,11:14:46,39.8000,51,2
2026-04-22,600036,11:14:49,39.8000,9,2
2026-04-22,600036,11:14:55,39.8000,31,2
2026-04-22,600036,11:14:58,39.8100,85,1
2026-04-22,600036,11:15:01,39.8100,15,1
2026-04-22,600036,11:15:04,39.8100,59,1
2026-04-22,600036,11:15:10,39.8100,20,1
2026-04-22,600036,11:15:13,39.8100,1,1
2026-04-22,600036,11:15:16,39.8100,4,1
2026-04-22,600036,11:15:19,39.8100,1,1
2026-04-22,600036,11:15:22,39.8100,5,1
2026-04-22,600036,11:15:25,39.8100,72,1
2026-04-22,600036,11:15:28,39.8100,2,2
2026-04-22,600036,11:15:31,39.8100,40,2
2026-04-22,600036,11:15:37,39.8200,5,1
2026-04-22,600036,11:15:40,39.8100,2,2
2026-04-22,600036,11:15:43,39.8100,1,2
2026-04-22,600036,11:15:46,39.8200,1,1
2026-04-22,600036,11:15:49,39.8100,10,2
2026-04-22,600036,11:15:52,39.8200,1,1
2026-04-22,600036,11:15:58,39.8200,3,1
2026-04-22,600036,11:16:01,39.8100,10,2
2026-04-22,600036,11:16:04,39.8100,1,2
2026-04-22,600036,11:16:07,39.8100,16,2
2026-04-22,600036,11:16:10,39.8300,761,1
2026-04-22,600036,11:16:13,39.8400,220,1
2026-04-22,600036,11:16:16,39.8500,45,1
2026-04-22,600036,11:16:19,39.8400,10,2
2026-04-22,600036,11:16:22,39.8400,29,2
2026-04-22,600036,11:16:28,39.8500,23,1
2026-04-22,600036,11:16:31,39.8500,1,1
2026-04-22,600036,11:16:37,39.8500,23,1
2026-04-22,600036,11:16:43,39.8400,1,2
2026-04-22,600036,11:16:46,39.8500,1,1
2026-04-22,600036,11:16:49,39.8500,5,1
2026-04-22,600036,11:16:52,39.8500,30,1
2026-04-22,600036,11:16:55,39.8500,39,1
2026-04-22,600036,11:16:58,39.8500,2,1
2026-04-22,600036,11:17:01,39.8400,10,2
2026-04-22,600036,11:17:04,39.8400,120,2
2026-04-22,600036,11:17:07,39.8400,50,1
2026-04-22,600036,11:17:10,39.8300,5,2
2026-04-22,600036,11:17:13,39.8400,8,1
2026-04-22,600036,11:17:16,39.8400,55,1
2026-04-22,600036,11:17:19,39.8400,10,1
2026-04-22,600036,11:17:22,39.8400,38,1
2026-04-22,600036,11:17:25,39.8300,47,2
2026-04-22,600036,11:17:37,39.8300,2,2
2026-04-22,600036,11:17:40,39.8300,2,2
2026-04-22,600036,11:17:43,39.8300,51,2
2026-04-22,600036,11:17:46,39.8300,87,2
2026-04-22,600036,11:17:49,39.8200,309,2
2026-04-22,600036,11:17:52,39.8300,1,1
2026-04-22,600036,11:17:55,39.8300,2,1
2026-04-22,600036,11:17:58,39.8300,23,1
2026-04-22,600036,11:18:01,39.8200,67,2
2026-04-22,600036,11:18:04,39.8300,5,1
2026-04-22,600036,11:18:07,39.8200,30,2
2026-04-22,600036,11:18:13,39.8200,3,2
2026-04-22,600036,11:18:16,39.8200,21,2
