date,code,time,price,volume,bs
2026-03-03,000858,14:06:57,102.8900,16,2
2026-03-03,000858,14:07:03,102.8900,10,2
2026-03-03,000858,14:07:06,102.9000,61,1
2026-03-03,000858,14:07:09,102.9000,15,1
2026-03-03,000858,14:07:15,102.9100,8,1
2026-03-03,000858,14:07:18,102.9200,10,1
2026-03-03,000858,14:07:21,102.9100,18,2
2026-03-03,000858,14:07:24,102.9100,6,2
2026-03-03,000858,14:07:27,102.9100,4,2
2026-03-03,000858,14:07:30,102.9000,123,2
2026-03-03,000858,14:07:33,102.8800,13,2
2026-03-03,000858,14:07:36,102.8700,54,2
2026-03-03,000858,14:07:39,102.9000,11,1
2026-03-03,000858,14:07:42,102.9000,7,1
2026-03-03,000858,14:07:45,102.8700,1,1
2026-03-03,000858,14:07:48,102.8900,8,1
2026-03-03,000858,14:07:51,102.8700,8,2
2026-03-03,000858,14:07:54,102.8700,6,2
2026-03-03,000858,14:07:57,102.8700,40,2
2026-03-03,000858,14:08:00,102.8700,24,2
2026-03-03,000858,14:08:03,102.8800,17,2
2026-03-03,000858,14:08:06,102.8700,6,2
2026-03-03,000858,14:08:09,102.8700,9,2
2026-03-03,000858,14:08:12,102.8700,17,2
2026-03-03,000858,14:08:15,102.8900,53,1
2026-03-03,000858,14:08:18,102.8700,59,4
2026-03-03,000858,14:08:21,102.8400,16,2
2026-03-03,000858,14:08:24,102.8600,20,1
2026-03-03,000858,14:08:27,102.8300,4,2
2026-03-03,000858,14:08:30,102.8600,28,1
2026-03-03,000858,14:08:33,102.8600,4,1
2026-03-03,000858,14:08:36,102.8200,94,2
2026-03-03,000858,14:08:39,102.8300,10,1
2026-03-03,000858,14:08:45,102.8300,17,2
2026-03-03,000858,14:08:48,102.8300,7,1
2026-03-03,000858,14:08:51,102.8400,39,1
2026-03-03,000858,14:08:54,102.8100,49,2
2026-03-03,000858,14:08:57,102.8200,5,1
2026-03-03,000858,14:09:00,102.8200,11,2
2026-03-03,000858,14:09:03,102.8200,23,2
2026-03-03,000858,14:09:06,102.8200,5,2
2026-03-03,000858,14:09:09,102.8300,19,1
2026-03-03,000858,14:09:12,102.8200,22,2
2026-03-03,000858,14:09:15,102.8200,5,1
2026-03-03,000858,14:09:18,102.8200,11,1
2026-03-03,000858,14:09:21,102.8200,9,1
2026-03-03,000858,14:09:24,102.8100,18,2
2026-03-03,000858,14:09:27,102.8200,66,1
2026-03-03,000858,14:09:30,102.8100,12,2
2026-03-03,000858,14:09:33,102.8100,24,2
2026-03-03,000858,14:09:36,102.8100,23,2
2026-03-03,000858,14:09:39,102.8100,60,2
2026-03-03,000858,14:09:42,102.8100,18,2
2026-03-03,000858,14:09:45,102.8100,16,2
2026-03-03,000858,14:09:48,102.8200,23,1
2026-03-03,000858,14:09:51,102.8200,18,1
2026-03-03,000858,14:09:54,102.8100,33,2
2026-03-03,000858,14:09:57,102.8200,40,1
2026-03-03,000858,14:10:00,102.8200,8,2
2026-03-03,000858,14:10:03,102.8200,30,2
2026-03-03,000858,14:10:06,102.8100,6,2
2026-03-03,000858,14:10:09,102.8200,9,1
2026-03-03,000858,14:10:12,102.8200,9,1
2026-03-03,000858,14:10:15,102.8100,16,2
2026-03-03,000858,14:10:18,102.8100,41,2
2026-03-03,000858,14:10:21,102.8100,18,4
2026-03-03,000858,14:10:24,102.8100,280,1
2026-03-03,000858,14:10:27,102.8100,42,1
2026-03-03,000858,14:10:30,102.8100,11,2
2026-03-03,000858,14:10:33,102.8100,48,2
2026-03-03,000858,14:10:36,102.8000,22,2
2026-03-03,000858,14:10:39,102.8100,106,1
2026-03-03,000858,14:10:42,102.8200,14,1
2026-03-03,000858,14:10:45,102.8100,7,1
2026-03-03,000858,14:10:48,102.8000,15,2
2026-03-03,000858,14:10:51,102.8100,10,1
2026-03-03,000858,14:10:54,102.7800,39,2
2026-03-03,000858,14:10:57,102.8200,45,1
2026-03-03,000858,14:11:00,102.8200,14,1
2026-03-03,000858,14:11:03,102.8100,16,1
2026-03-03,000858,14:11:06,102.8100,24,2
2026-03-03,000858,14:11:09,102.8000,15,2
2026-03-03,000858,14:11:12,102.7900,35,2
2026-03-03,000858,14:11:15,102.8000,31,1
2026-03-03,000858,14:11:18,102.8100,40,1
2026-03-03,000858,14:11:21,102.8200,6,1
2026-03-03,000858,14:11:24,102.8100,34,2
2026-03-03,000858,14:11:27,102.8500,7,1
2026-03-03,000858,14:11:30,102.8400,8,4
2026-03-03,000858,14:11:33,102.8300,32,2
2026-03-03,000858,14:11:36,102.8000,43,2
2026-03-03,000858,14:11:39,102.7900,8,2
2026-03-03,000858,14:11:42,102.8100,44,1
2026-03-03,000858,14:11:45,102.7800,49,2
2026-03-03,000858,14:11:48,102.7700,27,2
2026-03-03,000858,14:11:51,102.7800,34,1
2026-03-03,000858,14:11:54,102.7700,28,2
2026-03-03,000858,14:11:57,102.7800,26,1
2026-03-03,000858,14:12:00,102.7700,24,2
2026-03-03,000858,14:12:03,102.7800,25,4
2026-03-03,000858,14:12:06,102.7700,22,2
2026-03-03,000858,14:12:09,102.7700,18,2
2026-03-03,000858,14:12:12,102.7800,16,1
2026-03-03,000858,14:12:15,102.7800,19,1
2026-03-03,000858,14:12:18,102.8000,11,1
2026-03-03,000858,14:12:21,102.8200,47,1
2026-03-03,000858,14:12:24,102.8100,11,2
2026-03-03,000858,14:12:27,102.8100,38,2
2026-03-03,000858,14:12:30,102.8300,5,4
2026-03-03,000858,14:12:33,102.8500,36,1
2026-03-03,000858,14:12:36,102.8400,3,2
2026-03-03,000858,14:12:39,102.8400,20,2
2026-03-03,000858,14:12:42,102.8400,23,2
2026-03-03,000858,14:12:45,102.8500,38,1
2026-03-03,000858,14:12:48,102.8500,13,2
2026-03-03,000858,14:12:51,102.8500,41,2
2026-03-03,000858,14:12:54,102.8500,10,2
2026-03-03,000858,14:12:57,102.8500,58,1
2026-03-03,000858,14:13:00,102.8500,5,2
2026-03-03,000858,14:13:03,102.8500,12,2
2026-03-03,000858,14:13:06,102.8500,27,2
2026-03-03,000858,14:13:09,102.8500,40,2
2026-03-03,000858,14:13:12,102.8500,95,2
2026-03-03,000858,14:13:15,102.8500,164,2
2026-03-03,000858,14:13:18,102.8500,18,2
2026-03-03,000858,14:13:21,102.8500,13,2
2026-03-03,000858,14:13:24,102.8500,6,2
2026-03-03,000858,14:13:27,102.8500,60,1
2026-03-03,000858,14:13:30,102.8300,49,2
2026-03-03,000858,14:13:33,102.8600,5,1
2026-03-03,000858,14:13:36,102.8600,23,1
2026-03-03,000858,14:13:39,102.8300,17,2
2026-03-03,000858,14:13:42,102.8400,25,2
2026-03-03,000858,14:13:45,102.8200,12,2
2026-03-03,000858,14:13:48,102.8300,12,1
2026-03-03,000858,14:13:51,102.8200,14,2
2026-03-03,000858,14:13:54,102.8300,6,2
2026-03-03,000858,14:13:57,102.8400,24,1
2026-03-03,000858,14:14:00,102.8600,23,4
2026-03-03,000858,14:14:03,102.8700,3,1
2026-03-03,000858,14:14:06,102.8500,16,2
2026-03-03,000858,14:14:09,102.8600,8,4
2026-03-03,000858,14:14:12,102.8600,12,1
2026-03-03,000858,14:14:15,102.8600,10,1
2026-03-03,000858,14:14:18,102.8600,14,2
2026-03-03,000858,14:14:21,102.8800,17,1
2026-03-03,000858,14:14:24,102.8800,12,1
2026-03-03,000858,14:14:27,102.8700,18,1
2026-03-03,000858,14:14:30,102.8700,16,2
2026-03-03,000858,14:14:33,102.8700,16,2
2026-03-03,000858,14:14:36,102.8700,29,2
2026-03-03,000858,14:14:39,102.8800,28,1
2026-03-03,000858,14:14:42,102.8600,26,2
2026-03-03,000858,14:14:45,102.8700,4,1
2026-03-03,000858,14:14:48,102.8700,18,1
2026-03-03,000858,14:14:51,102.8800,37,1
2026-03-03,000858,14:14:54,102.8800,22,1
2026-03-03,000858,14:14:57,102.8700,55,2
2026-03-03,000858,14:15:00,102.8700,7,2
2026-03-03,000858,14:15:03,102.8700,14,1
2026-03-03,000858,14:15:06,102.8700,45,1
2026-03-03,000858,14:15:09,102.8500,16,2
2026-03-03,000858,14:15:12,102.8500,70,2
2026-03-03,000858,14:15:15,102.8600,52,1
2026-03-03,000858,14:15:18,102.8000,17,2
2026-03-03,000858,14:15:21,102.8000,90,2
2026-03-03,000858,14:15:24,102.7700,30,2
2026-03-03,000858,14:15:27,102.8000,82,1
2026-03-03,000858,14:15:30,102.7600,48,2
2026-03-03,000858,14:15:33,102.7600,7,1
2026-03-03,000858,14:15:36,102.7400,12,2
2026-03-03,000858,14:15:39,102.7600,8,1
2026-03-03,000858,14:15:42,102.7400,9,2
2026-03-03,000858,14:15:45,102.7500,15,1
2026-03-03,000858,14:15:48,102.7400,16,2
2026-03-03,000858,14:15:51,102.7400,26,2
2026-03-03,000858,14:15:54,102.7200,25,2
2026-03-03,000858,14:15:57,102.7500,52,1
2026-03-03,000858,14:16:00,102.7100,165,2
2026-03-03,000858,14:16:03,102.7100,9,4
2026-03-03,000858,14:16:06,102.7100,21,1
2026-03-03,000858,14:16:09,102.7200,29,1
2026-03-03,000858,14:16:12,102.7100,8,4
2026-03-03,000858,14:16:15,102.7000,24,2
2026-03-03,000858,14:16:18,102.7100,25,1
2026-03-03,000858,14:16:21,102.7200,15,1
2026-03-03,000858,14:16:24,102.7100,16,2
2026-03-03,000858,14:16:27,102.7200,26,1
2026-03-03,000858,14:16:30,102.7200,21,2
2026-03-03,000858,14:16:33,102.7300,6,2
2026-03-03,000858,14:16:36,102.7500,24,1
2026-03-03,000858,14:16:39,102.7300,27,2
2026-03-03,000858,14:16:42,102.7500,6,4
2026-03-03,000858,14:16:45,102.7500,6,2
2026-03-03,000858,14:16:48,102.7500,29,2
2026-03-03,000858,14:16:51,102.7500,14,1
2026-03-03,000858,14:16:54,102.7400,9,1
2026-03-03,000858,14:16:57,102.7500,36,1
2026-03-03,000858,14:17:00,102.7500,11,2
2026-03-03,000858,14:17:03,102.7600,13,1
2026-03-03,000858,14:17:06,102.7500,12,2
2026-03-03,000858,14:17:09,102.7600,7,4
2026-03-03,000858,14:17:12,102.7400,72,2
2026-03-03,000858,14:17:15,102.7400,25,1
2026-03-03,000858,14:17:18,102.7300,4,2
2026-03-03,000858,14:17:21,102.7400,16,1
2026-03-03,000858,14:17:24,102.7300,30,2
2026-03-03,000858,14:17:27,102.7300,57,1
2026-03-03,000858,14:17:30,102.7100,9,2
2026-03-03,000858,14:17:33,102.7200,11,1
2026-03-03,000858,14:17:36,102.7200,13,1
2026-03-03,000858,14:17:39,102.7200,9,1
2026-03-03,000858,14:17:42,102.7100,28,2
2026-03-03,000858,14:17:45,102.7100,10,2
2026-03-03,000858,14:17:48,102.7100,10,2
2026-03-03,000858,14:17:51,102.7200,6,1
2026-03-03,000858,14:17:54,102.7100,23,2
2026-03-03,000858,14:17:57,102.7200,39,1
2026-03-03,000858,14:18:00,102.7200,40,1
2026-03-03,000858,14:18:03,102.7200,8,4
2026-03-03,000858,14:18:06,102.7200,5,1
2026-03-03,000858,14:18:09,102.7200,9,1
2026-03-03,000858,14:18:12,102.7100,10,2
2026-03-03,000858,14:18:15,102.7000,23,2
2026-03-03,000858,14:18:18,102.7000,13,2
2026-03-03,000858,14:18:21,102.7000,8,2
2026-03-03,000858,14:18:24,102.7000,17,2
2026-03-03,000858,14:18:27,102.7100,136,1
2026-03-03,000858,14:18:30,102.7100,11,2
2026-03-03,000858,14:18:33,102.7200,11,2
2026-03-03,000858,14:18:36,102.7200,14,2
2026-03-03,000858,14:18:39,102.7100,6,2
2026-03-03,000858,14:18:42,102.7200,13,1
2026-03-03,000858,14:18:45,102.7100,27,2
2026-03-03,000858,14:18:48,102.7000,48,2
2026-03-03,000858,14:18:51,102.7100,15,2
2026-03-03,000858,14:18:54,102.7100,6,4
2026-03-03,000858,14:18:57,102.7400,50,1
2026-03-03,000858,14:19:00,102.7300,24,1
2026-03-03,000858,14:19:03,102.7100,34,1
2026-03-03,000858,14:19:06,102.7100,15,2
2026-03-03,000858,14:19:09,102.7200,28,1
2026-03-03,000858,14:19:12,102.7100,75,2
2026-03-03,000858,14:19:15,102.7000,24,2
2026-03-03,000858,14:19:18,102.6900,27,2
2026-03-03,000858,14:19:21,102.6900,30,2
2026-03-03,000858,14:19:24,102.6900,4,2
2026-03-03,000858,14:19:27,102.6900,53,1
2026-03-03,000858,14:19:30,102.6900,20,2
2026-03-03,000858,14:19:33,102.6900,22,2
2026-03-03,000858,14:19:36,102.6800,13,2
2026-03-03,000858,14:19:39,102.6800,22,2
2026-03-03,000858,14:19:42,102.6900,49,1
2026-03-03,000858,14:19:45,102.6900,20,1
2026-03-03,000858,14:19:48,102.6800,35,2
2026-03-03,000858,14:19:51,102.6800,19,2
2026-03-03,000858,14:19:54,102.6900,10,1
2026-03-03,000858,14:19:57,102.6900,51,1
2026-03-03,000858,14:20:00,102.6900,27,2
2026-03-03,000858,14:20:03,102.7100,4,1
2026-03-03,000858,14:20:06,102.7100,20,1
2026-03-03,000858,14:20:09,102.7000,44,2
2026-03-03,000858,14:20:12,102.7100,37,1
2026-03-03,000858,14:20:15,102.6900,11,2
2026-03-03,000858,14:20:18,102.7000,5,1
2026-03-03,000858,14:20:21,102.6900,42,2
2026-03-03,000858,14:20:24,102.6900,8,2
2026-03-03,000858,14:20:27,102.6800,45,2
2026-03-03,000858,14:20:30,102.6700,14,2
2026-03-03,000858,14:20:33,102.6600,7,2
2026-03-03,000858,14:20:36,102.6600,2,2
2026-03-03,000858,14:20:39,102.6600,35,2
2026-03-03,000858,14:20:42,102.6600,12,1
2026-03-03,000858,14:20:45,102.6500,21,2
2026-03-03,000858,14:20:48,102.6500,15,2
2026-03-03,000858,14:20:51,102.6500,31,2
2026-03-03,000858,14:20:54,102.6500,14,2
2026-03-03,000858,14:20:57,102.6500,56,1
2026-03-03,000858,14:21:00,102.6600,79,1
2026-03-03,000858,14:21:03,102.6400,61,2
2026-03-03,000858,14:21:06,102.6400,9,1
2026-03-03,000858,14:21:09,102.6200,8,2
2026-03-03,000858,14:21:12,102.6400,14,1
2026-03-03,000858,14:21:15,102.6500,12,1
2026-03-03,000858,14:21:18,102.6500,62,1
2026-03-03,000858,14:21:21,102.6800,4,1
2026-03-03,000858,14:21:24,102.6500,27,2
2026-03-03,000858,14:21:27,102.6400,59,2
2026-03-03,000858,14:21:30,102.6500,4,1
2026-03-03,000858,14:21:33,102.6400,7,2
2026-03-03,000858,14:21:36,102.6300,23,2
2026-03-03,000858,14:21:39,102.6500,17,1
2026-03-03,000858,14:21:42,102.6400,23,2
2026-03-03,000858,14:21:45,102.6400,24,1
2026-03-03,000858,14:21:48,102.6400,12,1
2026-03-03,000858,14:21:51,102.6300,27,2
2026-03-03,000858,14:21:54,102.6300,48,2
2026-03-03,000858,14:21:57,102.6400,37,2
2026-03-03,000858,14:22:00,102.6300,4,2
2026-03-03,000858,14:22:03,102.6500,29,2
2026-03-03,000858,14:22:06,102.6900,14,1
2026-03-03,000858,14:22:09,102.6900,6,1
2026-03-03,000858,14:22:12,102.7000,16,1
2026-03-03,000858,14:22:15,102.6900,21,1
2026-03-03,000858,14:22:18,102.7000,6,1
2026-03-03,000858,14:22:21,102.6900,34,2
2026-03-03,000858,14:22:24,102.7000,23,1
2026-03-03,000858,14:22:27,102.7000,9,2
2026-03-03,000858,14:22:30,102.7000,17,2
2026-03-03,000858,14:22:33,102.7100,9,1
2026-03-03,000858,14:22:36,102.7000,33,2
2026-03-03,000858,14:22:39,102.7000,43,1
2026-03-03,000858,14:22:42,102.7000,77,1
2026-03-03,000858,14:22:45,102.6900,7,2
2026-03-03,000858,14:22:48,102.7000,6,1
2026-03-03,000858,14:22:51,102.6900,12,2
2026-03-03,000858,14:22:54,102.6800,16,2
2026-03-03,000858,14:22:57,102.6900,12,1
2026-03-03,000858,14:23:00,102.6900,29,1
2026-03-03,000858,14:23:03,102.6900,27,1
2026-03-03,000858,14:23:06,102.6900,20,1
2026-03-03,000858,14:23:09,102.7000,45,1
2026-03-03,000858,14:23:12,102.6900,21,2
2026-03-03,000858,14:23:15,102.7000,17,1
2026-03-03,000858,14:23:18,102.6900,23,2
2026-03-03,000858,14:23:21,102.7000,17,1
2026-03-03,000858,14:23:24,102.7000,230,1
2026-03-03,000858,14:23:27,102.7000,15,1
2026-03-03,000858,14:23:30,102.7000,9,2
2026-03-03,000858,14:23:33,102.7000,5,2
2026-03-03,000858,14:23:36,102.6900,108,2
2026-03-03,000858,14:23:39,102.6900,219,1
2026-03-03,000858,14:23:42,102.6400,66,2
2026-03-03,000858,14:23:45,102.6300,26,2
2026-03-03,000858,14:23:48,102.6300,2,2
2026-03-03,000858,14:23:51,102.6500,25,2
2026-03-03,000858,14:23:54,102.6500,31,1
2026-03-03,000858,14:23:57,102.7000,17,1
2026-03-03,000858,14:24:00,102.6400,11,2
2026-03-03,000858,14:24:03,102.6700,44,1
2026-03-03,000858,14:24:06,102.6900,4,1
2026-03-03,000858,14:24:09,102.6900,35,1
2026-03-03,000858,14:24:12,102.6900,31,2
2026-03-03,000858,14:24:15,102.6900,4,2
2026-03-03,000858,14:24:18,102.6900,21,2
2026-03-03,000858,14:24:21,102.6800,28,2
2026-03-03,000858,14:24:24,102.7000,69,1
2026-03-03,000858,14:24:27,102.6800,15,1
2026-03-03,000858,14:24:30,102.6700,19,2
2026-03-03,000858,14:24:33,102.6700,23,2
2026-03-03,000858,14:24:36,102.6700,26,1
2026-03-03,000858,14:24:39,102.6800,73,2
2026-03-03,000858,14:24:42,102.6900,5,1
2026-03-03,000858,14:24:45,102.6700,17,2
2026-03-03,000858,14:24:48,102.6800,1,1
2026-03-03,000858,14:24:51,102.6900,31,1
2026-03-03,000858,14:24:54,102.6900,19,2
2026-03-03,000858,14:24:57,102.6600,44,2
2026-03-03,000858,14:25:00,102.6800,16,1
2026-03-03,000858,14:25:03,102.6800,17,1
2026-03-03,000858,14:25:06,102.6700,14,2
2026-03-03,000858,14:25:09,102.6800,44,1
2026-03-03,000858,14:25:12,102.6700,23,2
2026-03-03,000858,14:25:15,102.6800,24,4
2026-03-03,000858,14:25:18,102.6700,27,2
2026-03-03,000858,14:25:21,102.6700,5,2
2026-03-03,000858,14:25:24,102.6700,38,1
2026-03-03,000858,14:25:27,102.6600,17,2
2026-03-03,000858,14:25:30,102.6800,18,1
2026-03-03,000858,14:25:33,102.6500,39,2
2026-03-03,000858,14:25:36,102.6700,8,1
2026-03-03,000858,14:25:39,102.6800,51,1
2026-03-03,000858,14:25:42,102.6800,20,2
2026-03-03,000858,14:25:45,102.6800,30,2
2026-03-03,000858,14:25:48,102.6800,37,2
2026-03-03,000858,14:25:51,102.6800,14,2
2026-03-03,000858,14:25:54,102.6800,76,2
2026-03-03,000858,14:25:57,102.6800,11,1
2026-03-03,000858,14:26:00,102.6800,7,1
2026-03-03,000858,14:26:03,102.6800,11,1
2026-03-03,000858,14:26:06,102.6800,22,1
2026-03-03,000858,14:26:09,102.6700,42,2
2026-03-03,000858,14:26:12,102.6700,8,1
2026-03-03,000858,14:26:15,102.6800,20,1
2026-03-03,000858,14:26:18,102.6700,21,2
2026-03-03,000858,14:26:21,102.6800,23,1
2026-03-03,000858,14:26:24,102.6700,4,4
2026-03-03,000858,14:26:27,102.6600,191,2
2026-03-03,000858,14:26:30,102.6200,15,2
2026-03-03,000858,14:26:33,102.6300,119,2
2026-03-03,000858,14:26:36,102.6300,6,1
2026-03-03,000858,14:26:39,102.6200,16,2
2026-03-03,000858,14:26:42,102.6200,9,1
2026-03-03,000858,14:26:45,102.6200,21,1
2026-03-03,000858,14:26:48,102.6100,45,2
2026-03-03,000858,14:26:51,102.5900,189,2
2026-03-03,000858,14:26:54,102.5800,18,2
2026-03-03,000858,14:26:57,102.5900,21,1
2026-03-03,000858,14:27:00,102.5800,11,2
2026-03-03,000858,14:27:03,102.5800,31,2
2026-03-03,000858,14:27:06,102.5800,29,2
2026-03-03,000858,14:27:09,102.5800,25,1
2026-03-03,000858,14:27:12,102.5800,32,1
2026-03-03,000858,14:27:15,102.5700,49,2
2026-03-03,000858,14:27:18,102.6200,145,1
2026-03-03,000858,14:27:21,102.5900,29,2
2026-03-03,000858,14:27:24,102.5900,204,2
2026-03-03,000858,14:27:27,102.5900,32,1
2026-03-03,000858,14:27:30,102.6000,22,1
2026-03-03,000858,14:27:33,102.5900,13,2
2026-03-03,000858,14:27:36,102.5900,24,1
2026-03-03,000858,14:27:39,102.5900,22,1
2026-03-03,000858,14:27:42,102.5900,11,2
2026-03-03,000858,14:27:45,102.6000,16,1
2026-03-03,000858,14:27:48,102.5900,15,2
2026-03-03,000858,14:27:51,102.6500,24,1
2026-03-03,000858,14:27:54,102.6300,27,2
2026-03-03,000858,14:27:57,102.6400,16,1
2026-03-03,000858,14:28:00,102.6400,6,1
2026-03-03,000858,14:28:03,102.6400,5,1
2026-03-03,000858,14:28:06,102.6400,19,1
2026-03-03,000858,14:28:09,102.6400,16,1
2026-03-03,000858,14:28:12,102.6300,15,2
2026-03-03,000858,14:28:15,102.6000,30,2
2026-03-03,000858,14:28:18,102.6000,66,2
2026-03-03,000858,14:28:21,102.6000,7,1
2026-03-03,000858,14:28:24,102.6100,38,1
2026-03-03,000858,14:28:27,102.6200,15,1
2026-03-03,000858,14:28:30,102.6000,25,2
2026-03-03,000858,14:28:33,102.6400,27,1
2026-03-03,000858,14:28:36,102.6400,30,1
2026-03-03,000858,14:28:39,102.6400,12,1
2026-03-03,000858,14:28:42,102.6400,23,1
2026-03-03,000858,14:28:45,102.6400,17,1
2026-03-03,000858,14:28:48,102.6200,17,2
2026-03-03,000858,14:28:51,102.6400,20,1
2026-03-03,000858,14:28:54,102.6300,12,4
2026-03-03,000858,14:28:57,102.6200,26,2
2026-03-03,000858,14:29:00,102.6200,14,2
2026-03-03,000858,14:29:03,102.6400,31,1
2026-03-03,000858,14:29:06,102.6600,29,1
2026-03-03,000858,14:29:09,102.6500,16,2
2026-03-03,000858,14:29:12,102.6500,15,2
2026-03-03,000858,14:29:15,102.6500,9,2
2026-03-03,000858,14:29:18,102.6600,6,1
2026-03-03,000858,14:29:21,102.6600,9,1
2026-03-03,000858,14:29:24,102.6600,21,1
2026-03-03,000858,14:29:27,102.6700,18,1
2026-03-03,000858,14:29:30,102.6800,16,1
2026-03-03,000858,14:29:33,102.6700,62,2
2026-03-03,000858,14:29:36,102.6900,55,1
2026-03-03,000858,14:29:39,102.6700,13,2
2026-03-03,000858,14:29:42,102.6600,11,2
2026-03-03,000858,14:29:45,102.7000,30,1
2026-03-03,000858,14:29:48,102.6700,14,2
2026-03-03,000858,14:29:51,102.7000,7,1
2026-03-03,000858,14:29:54,102.6900,17,2
2026-03-03,000858,14:29:57,102.7000,5,1
2026-03-03,000858,14:30:00,102.7100,21,1
2026-03-03,000858,14:30:03,102.7200,30,1
2026-03-03,000858,14:30:06,102.7400,27,1
2026-03-03,000858,14:30:09,102.7400,7,2
2026-03-03,000858,14:30:12,102.7400,20,2
2026-03-03,000858,14:30:15,102.7700,14,1
2026-03-03,000858,14:30:18,102.7600,21,2
2026-03-03,000858,14:30:21,102.7900,11,1
2026-03-03,000858,14:30:24,102.7800,42,2
2026-03-03,000858,14:30:27,102.8000,34,1
2026-03-03,000858,14:30:30,102.8000,30,2
2026-03-03,000858,14:30:33,102.8200,15,1
2026-03-03,000858,14:30:36,102.8500,24,1
2026-03-03,000858,14:30:39,102.8700,58,1
2026-03-03,000858,14:30:42,102.8700,18,1
2026-03-03,000858,14:30:45,102.8500,51,2
2026-03-03,000858,14:30:48,102.8800,42,1
2026-03-03,000858,14:30:51,102.9000,120,1
2026-03-03,000858,14:30:54,102.9100,17,1
2026-03-03,000858,14:30:57,102.9200,38,1
2026-03-03,000858,14:31:00,102.9400,29,1
2026-03-03,000858,14:31:03,102.9500,74,1
2026-03-03,000858,14:31:06,102.9500,89,1
2026-03-03,000858,14:31:09,102.9500,61,1
2026-03-03,000858,14:31:12,102.9500,52,2
2026-03-03,000858,14:31:15,102.9100,145,2
2026-03-03,000858,14:31:18,102.9100,118,2
2026-03-03,000858,14:31:21,102.8500,37,2
2026-03-03,000858,14:31:24,102.9000,32,1
2026-03-03,000858,14:31:27,102.9000,9,1
2026-03-03,000858,14:31:30,102.8500,188,2
2026-03-03,000858,14:31:33,102.9100,117,1
2026-03-03,000858,14:31:36,102.9100,13,2
2026-03-03,000858,14:31:39,102.9100,2,2
2026-03-03,000858,14:31:42,102.9200,8,2
2026-03-03,000858,14:31:45,102.9000,42,2
2026-03-03,000858,14:31:48,102.9100,20,1
2026-03-03,000858,14:31:51,102.8800,5,2
2026-03-03,000858,14:31:54,102.8800,6,2
2026-03-03,000858,14:31:57,102.8800,131,2
2026-03-03,000858,14:32:00,102.8900,44,1
2026-03-03,000858,14:32:03,102.8800,20,1
2026-03-03,000858,14:32:06,102.8700,5,1
2026-03-03,000858,14:32:09,102.8500,8,2
2026-03-03,000858,14:32:12,102.8500,22,2
2026-03-03,000858,14:32:15,102.8500,8,2
2026-03-03,000858,14:32:18,102.8500,16,2
2026-03-03,000858,14:32:21,102.8500,9,2
2026-03-03,000858,14:32:24,102.8600,24,1
2026-03-03,000858,14:32:27,102.8500,9,2
2026-03-03,000858,14:32:30,102.8500,38,1
2026-03-03,000858,14:32:33,102.8800,16,1
2026-03-03,000858,14:32:36,102.8300,24,2
2026-03-03,000858,14:32:39,102.8200,1,2
2026-03-03,000858,14:32:42,102.8800,38,1
2026-03-03,000858,14:32:45,102.8800,12,4
2026-03-03,000858,14:32:48,102.8700,9,2
2026-03-03,000858,14:32:51,102.8900,5,1
2026-03-03,000858,14:32:54,102.8900,12,1
2026-03-03,000858,14:32:57,102.8900,24,1
2026-03-03,000858,14:33:00,102.8500,21,2
2026-03-03,000858,14:33:03,102.8800,21,1
2026-03-03,000858,14:33:06,102.8200,24,2
2026-03-03,000858,14:33:09,102.8500,8,1
2026-03-03,000858,14:33:12,102.8700,5,1
2026-03-03,000858,14:33:15,102.8600,1,4
2026-03-03,000858,14:33:18,102.8600,39,2
2026-03-03,000858,14:33:21,102.8700,9,1
2026-03-03,000858,14:33:24,102.8900,65,1
2026-03-03,000858,14:33:27,102.8700,12,4
2026-03-03,000858,14:33:30,102.8900,28,1
2026-03-03,000858,14:33:33,102.8900,25,2
2026-03-03,000858,14:33:36,102.8900,6,2
2026-03-03,000858,14:33:39,102.8900,22,2
2026-03-03,000858,14:33:42,102.8900,54,2
2026-03-03,000858,14:33:45,102.8900,49,4
2026-03-03,000858,14:33:48,102.9000,15,1
2026-03-03,000858,14:33:51,102.8800,5,4
2026-03-03,000858,14:33:54,102.8600,8,2
2026-03-03,000858,14:33:57,102.8500,4,2
2026-03-03,000858,14:34:00,102.8600,29,1
2026-03-03,000858,14:34:03,102.8600,15,4
2026-03-03,000858,14:34:06,102.8600,50,1
2026-03-03,000858,14:34:09,102.8600,40,1
2026-03-03,000858,14:34:12,102.8900,16,1
2026-03-03,000858,14:34:15,102.8800,8,1
2026-03-03,000858,14:34:18,102.8800,9,1
2026-03-03,000858,14:34:21,102.8400,7,2
2026-03-03,000858,14:34:24,102.8400,9,2
2026-03-03,000858,14:34:27,102.8800,21,1
2026-03-03,000858,14:34:30,102.8500,56,2
2026-03-03,000858,14:34:33,102.8500,24,1
2026-03-03,000858,14:34:36,102.8600,44,1
2026-03-03,000858,14:34:39,102.8500,11,2
2026-03-03,000858,14:34:42,102.9000,12,1
2026-03-03,000858,14:34:45,102.8800,6,1
2026-03-03,000858,14:34:48,102.8700,14,4
2026-03-03,000858,14:34:51,102.8700,12,1
2026-03-03,000858,14:34:54,102.8700,6,2
2026-03-03,000858,14:34:57,102.8700,39,2
2026-03-03,000858,14:35:00,102.8500,75,2
2026-03-03,000858,14:35:03,102.8500,13,2
2026-03-03,000858,14:35:06,102.8200,98,2
2026-03-03,000858,14:35:09,102.8100,38,2
2026-03-03,000858,14:35:12,102.8200,14,4
2026-03-03,000858,14:35:15,102.8300,8,1
2026-03-03,000858,14:35:18,102.8100,6,1
2026-03-03,000858,14:35:21,102.8100,176,1
2026-03-03,000858,14:35:24,102.8000,31,2
2026-03-03,000858,14:35:27,102.7500,33,2
2026-03-03,000858,14:35:30,102.8100,18,1
2026-03-03,000858,14:35:33,102.8000,11,1
2026-03-03,000858,14:35:36,102.7500,6,2
2026-03-03,000858,14:35:39,102.8000,31,1
2026-03-03,000858,14:35:42,102.7800,7,1
2026-03-03,000858,14:35:45,102.7800,14,1
2026-03-03,000858,14:35:48,102.7600,34,2
2026-03-03,000858,14:35:51,102.7800,19,1
2026-03-03,000858,14:35:54,102.7800,36,2
2026-03-03,000858,14:35:57,102.7900,15,2
2026-03-03,000858,14:36:00,102.8100,10,1
2026-03-03,000858,14:36:03,102.7800,5,2
2026-03-03,000858,14:36:06,102.8000,69,1
2026-03-03,000858,14:36:09,102.7800,51,2
2026-03-03,000858,14:36:12,102.7600,11,2
2026-03-03,000858,14:36:15,102.7600,30,2
2026-03-03,000858,14:36:18,102.7500,22,2
2026-03-03,000858,14:36:21,102.7800,6,1
2026-03-03,000858,14:36:24,102.7500,16,2
2026-03-03,000858,14:36:27,102.7600,11,1
2026-03-03,000858,14:36:30,102.7500,10,2
2026-03-03,000858,14:36:33,102.7500,7,2
2026-03-03,000858,14:36:36,102.7600,32,1
2026-03-03,000858,14:36:39,102.7100,28,2
2026-03-03,000858,14:36:42,102.7100,9,2
2026-03-03,000858,14:36:45,102.7500,19,1
2026-03-03,000858,14:36:48,102.7100,29,1
2026-03-03,000858,14:36:51,102.7000,48,2
2026-03-03,000858,14:36:54,102.7000,14,2
2026-03-03,000858,14:36:57,102.7000,1,2
2026-03-03,000858,14:37:00,102.7100,16,2
2026-03-03,000858,14:37:03,102.7400,27,1
2026-03-03,000858,14:37:06,102.7200,35,2
2026-03-03,000858,14:37:09,102.7100,18,2
2026-03-03,000858,14:37:12,102.7200,4,1
2026-03-03,000858,14:37:15,102.7100,43,2
2026-03-03,000858,14:37:18,102.7100,19,4
2026-03-03,000858,14:37:21,102.7500,42,1
2026-03-03,000858,14:37:24,102.7100,13,2
2026-03-03,000858,14:37:27,102.7100,47,2
2026-03-03,000858,14:37:30,102.7400,39,1
2026-03-03,000858,14:37:33,102.7400,23,1
2026-03-03,000858,14:37:36,102.7500,24,1
2026-03-03,000858,14:37:39,102.7000,14,2
2026-03-03,000858,14:37:42,102.7000,25,2
2026-03-03,000858,14:37:45,102.7000,29,2
2026-03-03,000858,14:37:48,102.7000,11,2
2026-03-03,000858,14:37:51,102.7000,13,2
2026-03-03,000858,14:37:54,102.7100,79,1
2026-03-03,000858,14:37:57,102.7100,49,1
2026-03-03,000858,14:38:00,102.7100,65,2
2026-03-03,000858,14:38:03,102.7100,60,1
2026-03-03,000858,14:38:06,102.7000,28,2
2026-03-03,000858,14:38:09,102.7100,32,1
2026-03-03,000858,14:38:12,102.7100,27,1
2026-03-03,000858,14:38:15,102.7100,17,2
2026-03-03,000858,14:38:18,102.7200,40,2
2026-03-03,000858,14:38:21,102.7100,34,4
2026-03-03,000858,14:38:24,102.7000,17,2
2026-03-03,000858,14:38:27,102.6900,18,2
2026-03-03,000858,14:38:30,102.6800,22,2
2026-03-03,000858,14:38:33,102.6900,27,1
2026-03-03,000858,14:38:36,102.6800,14,2
2026-03-03,000858,14:38:39,102.7000,19,1
2026-03-03,000858,14:38:42,102.6900,10,1
2026-03-03,000858,14:38:45,102.7000,19,4
2026-03-03,000858,14:38:48,102.7000,24,2
2026-03-03,000858,14:38:51,102.7100,70,1
2026-03-03,000858,14:38:54,102.7100,43,1
2026-03-03,000858,14:38:57,102.7200,26,1
2026-03-03,000858,14:39:00,102.7300,65,4
2026-03-03,000858,14:39:03,102.7500,79,1
2026-03-03,000858,14:39:06,102.7200,21,2
2026-03-03,000858,14:39:09,102.7200,26,1
2026-03-03,000858,14:39:12,102.7200,63,1
2026-03-03,000858,14:39:15,102.7200,36,2
2026-03-03,000858,14:39:18,102.7200,6,1
2026-03-03,000858,14:39:21,102.7200,10,1
2026-03-03,000858,14:39:24,102.7200,13,1
2026-03-03,000858,14:39:27,102.7100,37,2
2026-03-03,000858,14:39:30,102.7600,30,1
2026-03-03,000858,14:39:33,102.7600,15,1
2026-03-03,000858,14:39:36,102.7400,3,4
2026-03-03,000858,14:39:39,102.7300,4,4
2026-03-03,000858,14:39:42,102.7600,53,1
2026-03-03,000858,14:39:45,102.7200,31,2
2026-03-03,000858,14:39:48,102.7200,9,2
2026-03-03,000858,14:39:51,102.7200,6,1
2026-03-03,000858,14:39:54,102.7200,34,1
2026-03-03,000858,14:39:57,102.7100,23,2
2026-03-03,000858,14:40:00,102.7100,17,2
2026-03-03,000858,14:40:03,102.7200,7,1
2026-03-03,000858,14:40:06,102.7100,14,2
2026-03-03,000858,14:40:09,102.7000,111,2
2026-03-03,000858,14:40:12,102.7000,79,2
2026-03-03,000858,14:40:15,102.7100,45,1
2026-03-03,000858,14:40:18,102.7200,70,1
2026-03-03,000858,14:40:21,102.7200,66,1
2026-03-03,000858,14:40:24,102.7100,17,1
2026-03-03,000858,14:40:27,102.7200,23,1
2026-03-03,000858,14:40:30,102.7200,12,2
2026-03-03,000858,14:40:33,102.7100,26,2
2026-03-03,000858,14:40:36,102.7200,46,4
2026-03-03,000858,14:40:39,102.7100,17,1
2026-03-03,000858,14:40:42,102.7000,36,2
2026-03-03,000858,14:40:45,102.7100,37,1
2026-03-03,000858,14:40:48,102.7100,39,4
2026-03-03,000858,14:40:51,102.7200,13,1
2026-03-03,000858,14:40:54,102.7300,12,1
2026-03-03,000858,14:40:57,102.7300,22,1
2026-03-03,000858,14:41:00,102.7200,25,2
2026-03-03,000858,14:41:03,102.7500,48,1
2026-03-03,000858,14:41:06,102.7600,26,1
2026-03-03,000858,14:41:09,102.7900,143,1
2026-03-03,000858,14:41:12,102.7600,37,2
2026-03-03,000858,14:41:15,102.7600,19,2
2026-03-03,000858,14:41:18,102.7600,17,2
2026-03-03,000858,14:41:21,102.8000,23,1
2026-03-03,000858,14:41:24,102.7600,7,2
2026-03-03,000858,14:41:27,102.7300,32,2
2026-03-03,000858,14:41:30,102.7500,29,1
2026-03-03,000858,14:41:33,102.7500,21,1
2026-03-03,000858,14:41:36,102.7600,57,1
2026-03-03,000858,14:41:39,102.7300,103,2
2026-03-03,000858,14:41:42,102.7300,13,1
2026-03-03,000858,14:41:45,102.7000,17,2
2026-03-03,000858,14:41:48,102.7300,26,1
2026-03-03,000858,14:41:51,102.7600,25,1
2026-03-03,000858,14:41:54,102.7200,4,2
2026-03-03,000858,14:41:57,102.7500,41,1
2026-03-03,000858,14:42:00,102.7500,13,1
2026-03-03,000858,14:42:03,102.7600,14,1
2026-03-03,000858,14:42:06,102.7500,42,1
2026-03-03,000858,14:42:09,102.7500,15,1
2026-03-03,000858,14:42:12,102.7300,30,2
2026-03-03,000858,14:42:15,102.7400,19,2
2026-03-03,000858,14:42:18,102.7400,19,2
2026-03-03,000858,14:42:21,102.7300,26,2
2026-03-03,000858,14:42:24,102.7300,29,2
2026-03-03,000858,14:42:27,102.7300,44,2
2026-03-03,000858,14:42:30,102.7300,2,1
2026-03-03,000858,14:42:33,102.7200,41,2
2026-03-03,000858,14:42:36,102.7200,35,1
2026-03-03,000858,14:42:39,102.7200,18,1
2026-03-03,000858,14:42:42,102.7100,29,2
2026-03-03,000858,14:42:45,102.7100,20,2
2026-03-03,000858,14:42:48,102.7100,19,1
2026-03-03,000858,14:42:51,102.7100,17,1
2026-03-03,000858,14:42:54,102.7000,51,2
2026-03-03,000858,14:42:57,102.7000,15,2
2026-03-03,000858,14:43:00,102.7200,37,1
2026-03-03,000858,14:43:03,102.7100,29,2
2026-03-03,000858,14:43:06,102.7100,12,2
2026-03-03,000858,14:43:09,102.7300,56,1
2026-03-03,000858,14:43:12,102.7100,41,2
2026-03-03,000858,14:43:15,102.7300,42,1
2026-03-03,000858,14:43:18,102.7300,29,1
2026-03-03,000858,14:43:21,102.7300,116,1
2026-03-03,000858,14:43:24,102.7400,24,4
2026-03-03,000858,14:43:27,102.7500,36,1
2026-03-03,000858,14:43:30,102.7400,14,4
2026-03-03,000858,14:43:33,102.7300,18,2
2026-03-03,000858,14:43:36,102.7300,32,1
2026-03-03,000858,14:43:39,102.7500,11,1
2026-03-03,000858,14:43:42,102.7300,7,2
2026-03-03,000858,14:43:45,102.7400,8,1
2026-03-03,000858,14:43:48,102.7300,14,2
2026-03-03,000858,14:43:51,102.7300,18,1
2026-03-03,000858,14:43:54,102.7300,13,1
2026-03-03,000858,14:43:57,102.7300,19,1
2026-03-03,000858,14:44:00,102.7400,6,1
2026-03-03,000858,14:44:03,102.7200,10,2
2026-03-03,000858,14:44:06,102.7300,15,1
2026-03-03,000858,14:44:09,102.7200,21,2
2026-03-03,000858,14:44:12,102.7200,42,1
2026-03-03,000858,14:44:15,102.7200,40,1
2026-03-03,000858,14:44:18,102.7200,16,1
2026-03-03,000858,14:44:21,102.7100,23,2
2026-03-03,000858,14:44:24,102.7100,42,1
2026-03-03,000858,14:44:27,102.7100,17,1
2026-03-03,000858,14:44:30,102.7100,43,1
2026-03-03,000858,14:44:33,102.7100,33,1
2026-03-03,000858,14:44:36,102.7000,5,2
2026-03-03,000858,14:44:39,102.7100,5,1
2026-03-03,000858,14:44:42,102.7000,19,2
2026-03-03,000858,14:44:45,102.7000,37,2
2026-03-03,000858,14:44:48,102.7100,31,1
2026-03-03,000858,14:44:51,102.7100,6,1
2026-03-03,000858,14:44:54,102.7100,19,1
2026-03-03,000858,14:44:57,102.7000,5,2
2026-03-03,000858,14:45:00,102.7000,50,2
2026-03-03,000858,14:45:03,102.7000,31,2
2026-03-03,000858,14:45:06,102.7000,29,1
2026-03-03,000858,14:45:09,102.6900,52,2
2026-03-03,000858,14:45:12,102.6900,5,2
2026-03-03,000858,14:45:15,102.6900,11,2
2026-03-03,000858,14:45:18,102.6900,123,2
2026-03-03,000858,14:45:21,102.6900,32,1
2026-03-03,000858,14:45:24,102.6800,41,2
2026-03-03,000858,14:45:27,102.6800,5,1
2026-03-03,000858,14:45:30,102.6600,69,2
2026-03-03,000858,14:45:33,102.6600,4,1
2026-03-03,000858,14:45:36,102.6700,7,1
2026-03-03,000858,14:45:39,102.6700,25,1
2026-03-03,000858,14:45:42,102.6600,64,2
2026-03-03,000858,14:45:45,102.6700,31,1
2026-03-03,000858,14:45:48,102.6500,22,2
2026-03-03,000858,14:45:51,102.6600,9,4
2026-03-03,000858,14:45:54,102.6600,8,2
2026-03-03,000858,14:45:57,102.6600,7,1
2026-03-03,000858,14:46:00,102.6600,7,1
2026-03-03,000858,14:46:03,102.6700,57,1
2026-03-03,000858,14:46:06,102.6600,32,2
2026-03-03,000858,14:46:09,102.6600,32,2
2026-03-03,000858,14:46:12,102.6600,25,4
2026-03-03,000858,14:46:15,102.6500,22,2
2026-03-03,000858,14:46:18,102.6700,23,4
2026-03-03,000858,14:46:21,102.6800,51,1
2026-03-03,000858,14:46:24,102.6500,17,2
2026-03-03,000858,14:46:27,102.6700,6,1
2026-03-03,000858,14:46:30,102.6600,15,2
2026-03-03,000858,14:46:33,102.6600,20,2
2026-03-03,000858,14:46:36,102.6600,13,1
2026-03-03,000858,14:46:39,102.6600,19,2
2026-03-03,000858,14:46:42,102.6600,38,2
2026-03-03,000858,14:46:45,102.6600,26,1
2026-03-03,000858,14:46:48,102.6600,46,1
2026-03-03,000858,14:46:51,102.6500,33,2
2026-03-03,000858,14:46:54,102.6600,49,1
2026-03-03,000858,14:46:57,102.6500,32,2
2026-03-03,000858,14:47:00,102.6400,16,2
2026-03-03,000858,14:47:03,102.6400,33,1
2026-03-03,000858,14:47:06,102.6200,57,2
2026-03-03,000858,14:47:09,102.6200,68,2
2026-03-03,000858,14:47:12,102.6400,142,1
2026-03-03,000858,14:47:15,102.6000,30,2
2026-03-03,000858,14:47:18,102.6000,80,2
2026-03-03,000858,14:47:21,102.6100,35,1
2026-03-03,000858,14:47:24,102.6200,108,1
2026-03-03,000858,14:47:27,102.6200,76,2
2026-03-03,000858,14:47:30,102.6200,21,2
2026-03-03,000858,14:47:33,102.6200,23,2
2026-03-03,000858,14:47:36,102.6200,15,2
2026-03-03,000858,14:47:39,102.6300,16,1
2026-03-03,000858,14:47:42,102.6300,13,1
2026-03-03,000858,14:47:45,102.6200,27,2
2026-03-03,000858,14:47:48,102.6200,72,2
2026-03-03,000858,14:47:51,102.6200,9,1
2026-03-03,000858,14:47:54,102.6200,10,1
2026-03-03,000858,14:47:57,102.6200,13,1
2026-03-03,000858,14:48:00,102.6200,14,1
2026-03-03,000858,14:48:03,102.6100,24,2
2026-03-03,000858,14:48:06,102.6100,18,2
2026-03-03,000858,14:48:09,102.6100,23,1
2026-03-03,000858,14:48:12,102.6100,22,1
2026-03-03,000858,14:48:15,102.6100,18,1
2026-03-03,000858,14:48:18,102.6000,15,2
2026-03-03,000858,14:48:21,102.6100,18,1
2026-03-03,000858,14:48:24,102.6000,16,2
2026-03-03,000858,14:48:27,102.6000,30,2
2026-03-03,000858,14:48:30,102.6000,37,2
2026-03-03,000858,14:48:33,102.5800,48,2
2026-03-03,000858,14:48:36,102.5800,10,2
2026-03-03,000858,14:48:39,102.5800,6,1
2026-03-03,000858,14:48:42,102.5900,30,1
2026-03-03,000858,14:48:45,102.5800,22,2
2026-03-03,000858,14:48:48,102.5600,42,2
2026-03-03,000858,14:48:51,102.5600,6,1
2026-03-03,000858,14:48:54,102.5500,30,2
2026-03-03,000858,14:48:57,102.5500,43,2
2026-03-03,000858,14:49:00,102.5300,13,2
2026-03-03,000858,14:49:03,102.5400,93,1
2026-03-03,000858,14:49:06,102.5500,51,1
2026-03-03,000858,14:49:09,102.5200,49,2
2026-03-03,000858,14:49:12,102.5500,20,1
2026-03-03,000858,14:49:15,102.5500,80,1
2026-03-03,000858,14:49:18,102.5500,61,1
2026-03-03,000858,14:49:21,102.5500,16,2
2026-03-03,000858,14:49:24,102.5700,37,1
2026-03-03,000858,14:49:27,102.5500,77,2
2026-03-03,000858,14:49:30,102.5700,15,1
2026-03-03,000858,14:49:33,102.5500,65,2
2026-03-03,000858,14:49:36,102.5600,39,1
2026-03-03,000858,14:49:39,102.5700,42,4
2026-03-03,000858,14:49:42,102.5700,44,2
2026-03-03,000858,14:49:45,102.5600,80,2
2026-03-03,000858,14:49:48,102.5600,42,2
2026-03-03,000858,14:49:51,102.5700,19,1
2026-03-03,000858,14:49:54,102.5700,38,2
2026-03-03,000858,14:49:57,102.5600,5,2
2026-03-03,000858,14:50:00,102.5600,7,1
2026-03-03,000858,14:50:03,102.5500,13,2
2026-03-03,000858,14:50:06,102.5700,45,1
2026-03-03,000858,14:50:09,102.5500,61,2
2026-03-03,000858,14:50:12,102.5500,12,1
2026-03-03,000858,14:50:15,102.5500,12,2
2026-03-03,000858,14:50:18,102.5500,25,2
2026-03-03,000858,14:50:21,102.5600,29,1
2026-03-03,000858,14:50:24,102.5600,16,1
2026-03-03,000858,14:50:27,102.5600,29,1
2026-03-03,000858,14:50:30,102.5500,17,2
2026-03-03,000858,14:50:33,102.5500,24,2
2026-03-03,000858,14:50:36,102.5600,15,1
2026-03-03,000858,14:50:39,102.5600,52,1
2026-03-03,000858,14:50:42,102.5600,20,2
2026-03-03,000858,14:50:45,102.5700,69,1
2026-03-03,000858,14:50:48,102.5600,26,2
2026-03-03,000858,14:50:51,102.5500,14,2
2026-03-03,000858,14:50:54,102.5500,7,2
2026-03-03,000858,14:50:57,102.5600,12,1
2026-03-03,000858,14:51:00,102.5500,29,2
2026-03-03,000858,14:51:03,102.5500,72,1
2026-03-03,000858,14:51:06,102.5600,50,1
2026-03-03,000858,14:51:09,102.5600,46,2
2026-03-03,000858,14:51:12,102.5700,30,1
2026-03-03,000858,14:51:15,102.5600,37,4
2026-03-03,000858,14:51:18,102.5600,17,1
2026-03-03,000858,14:51:21,102.5500,125,2
2026-03-03,000858,14:51:24,102.5500,51,1
2026-03-03,000858,14:51:27,102.5500,39,2
2026-03-03,000858,14:51:30,102.5500,6,2
2026-03-03,000858,14:51:33,102.5400,41,2
2026-03-03,000858,14:51:36,102.5400,19,2
2026-03-03,000858,14:51:39,102.5400,15,1
2026-03-03,000858,14:51:42,102.5400,8,1
2026-03-03,000858,14:51:45,102.5400,33,1
2026-03-03,000858,14:51:48,102.5400,21,1
2026-03-03,000858,14:51:51,102.5500,111,1
2026-03-03,000858,14:51:54,102.5400,28,2
2026-03-03,000858,14:51:57,102.5500,38,1
2026-03-03,000858,14:52:00,102.5500,29,1
2026-03-03,000858,14:52:03,102.5300,64,2
2026-03-03,000858,14:52:06,102.5300,21,1
2026-03-03,000858,14:52:09,102.5600,45,1
2026-03-03,000858,14:52:12,102.5200,59,2
2026-03-03,000858,14:52:15,102.5300,27,2
2026-03-03,000858,14:52:18,102.5600,64,1
2026-03-03,000858,14:52:21,102.5300,55,2
2026-03-03,000858,14:52:24,102.5500,26,1
2026-03-03,000858,14:52:27,102.5400,27,4
2026-03-03,000858,14:52:30,102.5700,37,1
2026-03-03,000858,14:52:33,102.5700,16,1
2026-03-03,000858,14:52:36,102.5600,18,2
2026-03-03,000858,14:52:39,102.5600,19,2
2026-03-03,000858,14:52:42,102.5800,60,1
2026-03-03,000858,14:52:45,102.5800,55,1
2026-03-03,000858,14:52:48,102.5800,45,1
2026-03-03,000858,14:52:51,102.5800,62,1
2026-03-03,000858,14:52:54,102.5800,57,1
2026-03-03,000858,14:52:57,102.5700,52,2
2026-03-03,000858,14:53:00,102.5800,38,1
2026-03-03,000858,14:53:03,102.5700,36,2
2026-03-03,000858,14:53:06,102.5700,123,2
2026-03-03,000858,14:53:09,102.5600,35,2
2026-03-03,000858,14:53:12,102.5600,21,1
2026-03-03,000858,14:53:15,102.5500,35,2
2026-03-03,000858,14:53:18,102.5500,46,2
2026-03-03,000858,14:53:21,102.5500,72,1
2026-03-03,000858,14:53:24,102.5400,20,1
2026-03-03,000858,14:53:27,102.5400,56,1
2026-03-03,000858,14:53:30,102.5500,59,1
2026-03-03,000858,14:53:33,102.5400,49,2
2026-03-03,000858,14:53:36,102.5400,94,2
2026-03-03,000858,14:53:39,102.5400,32,2
2026-03-03,000858,14:53:42,102.5300,51,2
2026-03-03,000858,14:53:45,102.5400,27,1
2026-03-03,000858,14:53:48,102.5300,96,2
2026-03-03,000858,14:53:51,102.5300,53,2
2026-03-03,000858,14:53:54,102.5400,55,1
2026-03-03,000858,14:53:57,102.5400,39,2
2026-03-03,000858,14:54:00,102.5500,78,1
2026-03-03,000858,14:54:03,102.5300,95,2
2026-03-03,000858,14:54:06,102.5500,20,1
2026-03-03,000858,14:54:09,102.5300,23,2
2026-03-03,000858,14:54:12,102.5300,30,1
2026-03-03,000858,14:54:15,102.5500,79,1
2026-03-03,000858,14:54:18,102.5500,18,1
2026-03-03,000858,14:54:21,102.5400,35,2
2026-03-03,000858,14:54:24,102.5400,47,4
2026-03-03,000858,14:54:27,102.5400,14,1
2026-03-03,000858,14:54:30,102.5400,140,1
2026-03-03,000858,14:54:33,102.5300,19,2
2026-03-03,000858,14:54:36,102.5300,46,1
2026-03-03,000858,14:54:39,102.5300,22,1
2026-03-03,000858,14:54:42,102.5300,40,1
2026-03-03,000858,14:54:45,102.5100,103,2
2026-03-03,000858,14:54:48,102.5400,61,1
2026-03-03,000858,14:54:51,102.5200,71,2
2026-03-03,000858,14:54:54,102.5400,25,4
2026-03-03,000858,14:54:57,102.5300,22,2
2026-03-03,000858,14:55:00,102.5300,31,1
2026-03-03,000858,14:55:03,102.5200,109,2
2026-03-03,000858,14:55:06,102.5200,78,1
2026-03-03,000858,14:55:09,102.5200,112,1
2026-03-03,000858,14:55:12,102.5200,122,1
2026-03-03,000858,14:55:15,102.5200,74,1
2026-03-03,000858,14:55:18,102.5300,55,2
2026-03-03,000858,14:55:21,102.5400,19,1
2026-03-03,000858,14:55:24,102.5500,52,1
2026-03-03,000858,14:55:27,102.5600,109,1
2026-03-03,000858,14:55:30,102.5600,34,2
2026-03-03,000858,14:55:33,102.5700,65,1
2026-03-03,000858,14:55:36,102.5600,47,2
2026-03-03,000858,14:55:39,102.5700,20,1
2026-03-03,000858,14:55:42,102.5600,74,1
2026-03-03,000858,14:55:45,102.5600,96,1
2026-03-03,000858,14:55:48,102.5800,59,1
2026-03-03,000858,14:55:51,102.5700,40,2
2026-03-03,000858,14:55:54,102.5600,21,2
2026-03-03,000858,14:55:57,102.5700,45,1
2026-03-03,000858,14:56:00,102.5700,26,1
2026-03-03,000858,14:56:03,102.5600,39,2
2026-03-03,000858,14:56:06,102.5700,42,1
2026-03-03,000858,14:56:09,102.5600,18,1
2026-03-03,000858,14:56:12,102.5500,35,2
2026-03-03,000858,14:56:15,102.5600,51,1
2026-03-03,000858,14:56:18,102.5700,38,1
2026-03-03,000858,14:56:21,102.5700,33,1
2026-03-03,000858,14:56:24,102.5600,70,2
2026-03-03,000858,14:56:27,102.5600,35,1
2026-03-03,000858,14:56:30,102.5600,41,1
2026-03-03,000858,14:56:33,102.5500,102,2
2026-03-03,000858,14:56:36,102.5600,50,1
2026-03-03,000858,14:56:39,102.5500,30,2
2026-03-03,000858,14:56:42,102.5500,53,1
2026-03-03,000858,14:56:45,102.5600,62,1
2026-03-03,000858,14:56:48,102.5500,8,4
2026-03-03,000858,14:56:51,102.5500,12,2
2026-03-03,000858,14:56:54,102.5600,17,1
2026-03-03,000858,14:56:57,102.5700,123,1
2026-03-03,000858,14:57:00,102.5500,13,2
2026-03-03,000858,15:00:02,102.5500,1083,4
2026-03-03,000858,13:16:48,104.0500,42,2
2026-03-03,000858,13:16:51,104.0400,24,2
2026-03-03,000858,13:16:54,104.0500,10,1
2026-03-03,000858,13:16:57,104.0100,71,2
2026-03-03,000858,13:17:00,104.0000,94,2
2026-03-03,000858,13:17:03,103.9700,21,2
2026-03-03,000858,13:17:06,103.9900,22,1
2026-03-03,000858,13:17:09,103.9500,21,2
2026-03-03,000858,13:17:12,103.9000,31,2
2026-03-03,000858,13:17:15,103.9100,38,1
2026-03-03,000858,13:17:18,103.9000,60,2
2026-03-03,000858,13:17:21,103.9000,48,1
2026-03-03,000858,13:17:24,103.8900,29,2
2026-03-03,000858,13:17:27,103.8900,4,1
2026-03-03,000858,13:17:30,103.8100,27,2
2026-03-03,000858,13:17:33,103.8100,12,2
2026-03-03,000858,13:17:36,103.8000,38,2
2026-03-03,000858,13:17:39,103.8000,16,1
2026-03-03,000858,13:17:42,103.7800,18,2
2026-03-03,000858,13:17:45,103.7800,30,1
2026-03-03,000858,13:17:48,103.7500,19,2
2026-03-03,000858,13:17:51,103.7500,21,2
2026-03-03,000858,13:17:54,103.7500,52,1
2026-03-03,000858,13:17:57,103.7400,81,4
2026-03-03,000858,13:18:00,103.7200,47,2
2026-03-03,000858,13:18:03,103.6800,166,2
2026-03-03,000858,13:18:06,103.6800,25,1
2026-03-03,000858,13:18:09,103.6600,23,2
2026-03-03,000858,13:18:12,103.6600,9,1
2026-03-03,000858,13:18:15,103.6300,37,2
2026-03-03,000858,13:18:18,103.6100,63,2
2026-03-03,000858,13:18:21,103.6100,23,2
2026-03-03,000858,13:18:24,103.6100,63,1
2026-03-03,000858,13:18:27,103.6200,51,4
2026-03-03,000858,13:18:30,103.6100,41,2
2026-03-03,000858,13:18:33,103.6100,40,1
2026-03-03,000858,13:18:36,103.6200,86,1
2026-03-03,000858,13:18:39,103.6300,50,1
2026-03-03,000858,13:18:42,103.6200,80,2
2026-03-03,000858,13:18:45,103.6500,15,1
2026-03-03,000858,13:18:48,103.6600,46,1
2026-03-03,000858,13:18:51,103.6400,471,2
2026-03-03,000858,13:18:54,103.6200,284,2
2026-03-03,000858,13:18:57,103.6100,63,1
2026-03-03,000858,13:19:00,103.5700,13,2
2026-03-03,000858,13:19:03,103.6000,41,1
2026-03-03,000858,13:19:06,103.5600,27,2
2026-03-03,000858,13:19:09,103.5800,9,2
2026-03-03,000858,13:19:12,103.5800,40,1
2026-03-03,000858,13:19:15,103.5900,13,4
2026-03-03,000858,13:19:18,103.6000,158,1
2026-03-03,000858,13:19:21,103.5600,36,2
2026-03-03,000858,13:19:24,103.5600,32,4
2026-03-03,000858,13:19:27,103.5800,8,1
2026-03-03,000858,13:19:30,103.5500,29,2
2026-03-03,000858,13:19:33,103.5300,43,2
2026-03-03,000858,13:19:36,103.5300,10,2
2026-03-03,000858,13:19:39,103.5100,26,2
2026-03-03,000858,13:19:42,103.5300,13,1
2026-03-03,000858,13:19:45,103.5300,12,2
2026-03-03,000858,13:19:48,103.5200,40,2
2026-03-03,000858,13:19:51,103.5300,90,2
2026-03-03,000858,13:19:54,103.5300,17,1
2026-03-03,000858,13:19:57,103.5300,34,1
2026-03-03,000858,13:20:00,103.5200,9,2
2026-03-03,000858,13:20:03,103.5200,23,2
2026-03-03,000858,13:20:06,103.5200,22,2
2026-03-03,000858,13:20:09,103.5300,21,1
2026-03-03,000858,13:20:12,103.5400,14,1
2026-03-03,000858,13:20:15,103.5400,70,1
2026-03-03,000858,13:20:18,103.5400,8,2
2026-03-03,000858,13:20:21,103.5400,108,2
2026-03-03,000858,13:20:24,103.5300,27,2
2026-03-03,000858,13:20:27,103.5300,14,2
2026-03-03,000858,13:20:30,103.5300,208,1
2026-03-03,000858,13:20:33,103.5000,21,2
2026-03-03,000858,13:20:36,103.4900,12,2
2026-03-03,000858,13:20:39,103.4800,4,2
2026-03-03,000858,13:20:42,103.5000,27,1
2026-03-03,000858,13:20:45,103.4800,8,2
2026-03-03,000858,13:20:48,103.4700,30,2
2026-03-03,000858,13:20:51,103.4700,10,2
2026-03-03,000858,13:20:54,103.4700,20,4
2026-03-03,000858,13:20:57,103.4600,13,2
2026-03-03,000858,13:21:00,103.4600,14,1
2026-03-03,000858,13:21:03,103.4600,16,2
2026-03-03,000858,13:21:06,103.4600,112,1
2026-03-03,000858,13:21:09,103.4500,33,4
2026-03-03,000858,13:21:12,103.4500,60,1
2026-03-03,000858,13:21:15,103.4500,19,1
2026-03-03,000858,13:21:18,103.4800,6,1
2026-03-03,000858,13:21:21,103.4800,22,1
2026-03-03,000858,13:21:24,103.4800,8,1
2026-03-03,000858,13:21:27,103.4900,1,2
2026-03-03,000858,13:21:30,103.4900,32,2
2026-03-03,000858,13:21:33,103.4900,45,1
2026-03-03,000858,13:21:36,103.4900,3,2
2026-03-03,000858,13:21:39,103.5200,14,1
2026-03-03,000858,13:21:42,103.5200,8,1
2026-03-03,000858,13:21:45,103.5300,6,1
2026-03-03,000858,13:21:48,103.5300,33,1
2026-03-03,000858,13:21:51,103.5300,7,2
2026-03-03,000858,13:21:54,103.4600,500,2
2026-03-03,000858,13:21:57,103.5100,126,1
2026-03-03,000858,13:22:00,103.4700,23,1
2026-03-03,000858,13:22:03,103.4800,18,1
2026-03-03,000858,13:22:06,103.4600,13,2
2026-03-03,000858,13:22:09,103.4600,24,2
2026-03-03,000858,13:22:12,103.4800,19,1
2026-03-03,000858,13:22:15,103.4600,77,2
2026-03-03,000858,13:22:18,103.4600,19,1
2026-03-03,000858,13:22:21,103.4500,46,4
2026-03-03,000858,13:22:24,103.4500,13,1
2026-03-03,000858,13:22:27,103.4400,30,2
2026-03-03,000858,13:22:30,103.4500,13,2
2026-03-03,000858,13:22:33,103.4500,22,2
2026-03-03,000858,13:22:36,103.4500,5,2
2026-03-03,000858,13:22:39,103.4600,51,1
2026-03-03,000858,13:22:42,103.4600,30,2
2026-03-03,000858,13:22:45,103.4500,10,2
2026-03-03,000858,13:22:48,103.4600,25,1
2026-03-03,000858,13:22:51,103.4600,20,1
2026-03-03,000858,13:22:54,103.4700,13,4
2026-03-03,000858,13:22:57,103.4700,16,2
2026-03-03,000858,13:23:00,103.4800,20,1
2026-03-03,000858,13:23:03,103.4800,35,1
2026-03-03,000858,13:23:06,103.5000,19,1
2026-03-03,000858,13:23:09,103.5000,10,1
2026-03-03,000858,13:23:12,103.4800,4,2
2026-03-03,000858,13:23:15,103.5100,30,1
2026-03-03,000858,13:23:18,103.5400,58,1
2026-03-03,000858,13:23:21,103.4900,13,2
2026-03-03,000858,13:23:24,103.5300,26,1
2026-03-03,000858,13:23:27,103.4900,46,2
2026-03-03,000858,13:23:30,103.4900,122,1
2026-03-03,000858,13:23:33,103.4900,12,1
2026-03-03,000858,13:23:36,103.5300,78,1
2026-03-03,000858,13:23:39,103.4100,517,2
2026-03-03,000858,13:23:42,103.4100,36,1
2026-03-03,000858,13:23:45,103.4200,47,1
2026-03-03,000858,13:23:48,103.4800,33,1
2026-03-03,000858,13:23:51,103.4100,39,2
2026-03-03,000858,13:23:54,103.4100,41,2
2026-03-03,000858,13:23:57,103.4600,20,1
2026-03-03,000858,13:24:00,103.4100,10,2
2026-03-03,000858,13:24:03,103.4100,15,2
2026-03-03,000858,13:24:06,103.4500,38,1
2026-03-03,000858,13:24:09,103.4100,28,2
2026-03-03,000858,13:24:12,103.4100,7,1
2026-03-03,000858,13:24:15,103.4100,13,1
2026-03-03,000858,13:24:18,103.4100,23,1
2026-03-03,000858,13:24:21,103.4100,4,2
2026-03-03,000858,13:24:24,103.4200,121,2
2026-03-03,000858,13:24:27,103.4600,37,1
2026-03-03,000858,13:24:30,103.4600,46,2
2026-03-03,000858,13:24:33,103.4600,13,2
2026-03-03,000858,13:24:36,103.4700,30,1
2026-03-03,000858,13:24:39,103.4600,16,2
2026-03-03,000858,13:24:42,103.4500,4,2
2026-03-03,000858,13:24:45,103.4400,34,2
2026-03-03,000858,13:24:48,103.4600,14,1
2026-03-03,000858,13:24:51,103.4400,34,4
2026-03-03,000858,13:24:54,103.4200,8,2
2026-03-03,000858,13:24:57,103.4300,4,4
2026-03-03,000858,13:25:00,103.4400,3,1
2026-03-03,000858,13:25:03,103.4200,17,2
2026-03-03,000858,13:25:06,103.4200,67,2
2026-03-03,000858,13:25:09,103.4200,47,1
2026-03-03,000858,13:25:12,103.4100,62,1
2026-03-03,000858,13:25:15,103.3700,9,2
2026-03-03,000858,13:25:18,103.3900,5,1
2026-03-03,000858,13:25:21,103.3800,13,1
2026-03-03,000858,13:25:24,103.3800,11,2
2026-03-03,000858,13:25:27,103.3900,58,1
2026-03-03,000858,13:25:30,103.3800,29,2
2026-03-03,000858,13:25:33,103.3600,7,2
2026-03-03,000858,13:25:36,103.3500,53,2
2026-03-03,000858,13:25:39,103.3500,14,1
2026-03-03,000858,13:25:42,103.3500,39,1
2026-03-03,000858,13:25:45,103.3500,27,1
2026-03-03,000858,13:25:48,103.3500,8,2
2026-03-03,000858,13:25:51,103.3600,18,1
2026-03-03,000858,13:25:54,103.3500,28,4
2026-03-03,000858,13:25:57,103.3500,14,1
2026-03-03,000858,13:26:00,103.3400,51,2
2026-03-03,000858,13:26:03,103.3400,71,2
2026-03-03,000858,13:26:06,103.3400,20,1
2026-03-03,000858,13:26:09,103.3500,16,1
2026-03-03,000858,13:26:12,103.3500,18,1
2026-03-03,000858,13:26:15,103.3600,9,1
2026-03-03,000858,13:26:18,103.3900,21,1
2026-03-03,000858,13:26:21,103.4000,43,1
2026-03-03,000858,13:26:24,103.3600,35,2
2026-03-03,000858,13:26:27,103.3900,5,1
2026-03-03,000858,13:26:30,103.3600,3,2
2026-03-03,000858,13:26:33,103.3600,11,2
2026-03-03,000858,13:26:36,103.3700,5,1
2026-03-03,000858,13:26:39,103.3700,23,1
2026-03-03,000858,13:26:42,103.3700,12,2
2026-03-03,000858,13:26:45,103.3900,11,1
2026-03-03,000858,13:26:48,103.4000,29,1
2026-03-03,000858,13:26:51,103.4000,15,1
2026-03-03,000858,13:26:54,103.3900,23,1
2026-03-03,000858,13:26:57,103.3900,12,2
2026-03-03,000858,13:27:00,103.3900,22,2
2026-03-03,000858,13:27:03,103.3900,11,1
2026-03-03,000858,13:27:06,103.3900,10,1
2026-03-03,000858,13:27:09,103.3800,21,2
2026-03-03,000858,13:27:12,103.3900,42,1
2026-03-03,000858,13:27:15,103.4000,29,1
2026-03-03,000858,13:27:18,103.3900,47,2
2026-03-03,000858,13:27:21,103.4000,16,1
2026-03-03,000858,13:27:24,103.4000,4,2
2026-03-03,000858,13:27:27,103.4100,7,1
2026-03-03,000858,13:27:30,103.4100,11,1
2026-03-03,000858,13:27:33,103.4100,24,4
2026-03-03,000858,13:27:36,103.4100,9,2
2026-03-03,000858,13:27:39,103.4200,30,1
2026-03-03,000858,13:27:42,103.4300,8,1
2026-03-03,000858,13:27:45,103.3800,206,2
2026-03-03,000858,13:27:48,103.4200,50,1
2026-03-03,000858,13:27:51,103.3700,24,2
2026-03-03,000858,13:27:54,103.3500,54,2
2026-03-03,000858,13:27:57,103.3500,55,1
2026-03-03,000858,13:28:00,103.3500,60,1
2026-03-03,000858,13:28:03,103.4100,50,1
2026-03-03,000858,13:28:06,103.3600,3,2
2026-03-03,000858,13:28:09,103.3700,5,2
2026-03-03,000858,13:28:12,103.3700,5,4
2026-03-03,000858,13:28:15,103.3600,56,2
2026-03-03,000858,13:28:18,103.3500,42,2
2026-03-03,000858,13:28:21,103.3500,38,1
2026-03-03,000858,13:28:24,103.3300,30,2
2026-03-03,000858,13:28:27,103.3300,33,2
2026-03-03,000858,13:28:30,103.3200,11,2
2026-03-03,000858,13:28:33,103.3200,16,2
2026-03-03,000858,13:28:36,103.3400,17,1
2026-03-03,000858,13:28:39,103.3400,10,1
2026-03-03,000858,13:28:42,103.3400,15,1
2026-03-03,000858,13:28:45,103.3200,9,2
2026-03-03,000858,13:28:48,103.3400,29,1
2026-03-03,000858,13:28:51,103.3500,90,1
2026-03-03,000858,13:28:54,103.3200,33,4
2026-03-03,000858,13:28:57,103.3200,19,1
2026-03-03,000858,13:29:00,103.3100,17,2
2026-03-03,000858,13:29:03,103.3200,13,1
2026-03-03,000858,13:29:06,103.3100,14,1
2026-03-03,000858,13:29:09,103.3400,114,1
2026-03-03,000858,13:29:12,103.3200,19,2
2026-03-03,000858,13:29:15,103.3000,14,2
2026-03-03,000858,13:29:18,103.3400,38,1
2026-03-03,000858,13:29:21,103.3100,18,2
2026-03-03,000858,13:29:24,103.3000,193,2
2026-03-03,000858,13:29:27,103.3000,19,1
2026-03-03,000858,13:29:30,103.2900,41,1
2026-03-03,000858,13:29:33,103.2600,12,2
2026-03-03,000858,13:29:36,103.2500,32,2
2026-03-03,000858,13:29:39,103.3000,4,1
2026-03-03,000858,13:29:42,103.2600,24,1
2026-03-03,000858,13:29:45,103.2600,7,2
2026-03-03,000858,13:29:48,103.2600,19,2
2026-03-03,000858,13:29:51,103.2600,20,1
2026-03-03,000858,13:29:54,103.2500,29,2
2026-03-03,000858,13:29:57,103.2600,8,1
2026-03-03,000858,13:30:00,103.2600,26,1
2026-03-03,000858,13:30:03,103.2500,11,2
2026-03-03,000858,13:30:06,103.2500,8,2
2026-03-03,000858,13:30:09,103.2600,40,1
2026-03-03,000858,13:30:12,103.2700,22,1
2026-03-03,000858,13:30:15,103.2600,37,2
2026-03-03,000858,13:30:18,103.2800,41,1
2026-03-03,000858,13:30:21,103.2700,3,2
2026-03-03,000858,13:30:24,103.3000,6,1
2026-03-03,000858,13:30:27,103.2700,259,2
2026-03-03,000858,13:30:30,103.2600,59,1
2026-03-03,000858,13:30:33,103.2100,24,2
2026-03-03,000858,13:30:36,103.2000,22,2
2026-03-03,000858,13:30:39,103.2100,44,1
2026-03-03,000858,13:30:42,103.2000,20,2
2026-03-03,000858,13:30:45,103.2900,7,1
2026-03-03,000858,13:30:48,103.2300,10,1
2026-03-03,000858,13:30:51,103.2300,40,2
2026-03-03,000858,13:30:54,103.2300,5,2
2026-03-03,000858,13:30:57,103.2400,2,2
2026-03-03,000858,13:31:00,103.2800,56,1
2026-03-03,000858,13:31:03,103.2400,14,2
2026-03-03,000858,13:31:06,103.3000,30,1
2026-03-03,000858,13:31:09,103.3000,18,1
2026-03-03,000858,13:31:12,103.3000,49,1
2026-03-03,000858,13:31:15,103.3000,61,1
2026-03-03,000858,13:31:18,103.3000,11,1
2026-03-03,000858,13:31:21,103.2600,34,2
2026-03-03,000858,13:31:24,103.2500,38,4
2026-03-03,000858,13:31:27,103.2400,8,2
2026-03-03,000858,13:31:30,103.2500,4,4
2026-03-03,000858,13:31:33,103.2500,14,2
2026-03-03,000858,13:31:36,103.2500,41,2
2026-03-03,000858,13:31:39,103.2500,15,2
2026-03-03,000858,13:31:42,103.2600,13,1
2026-03-03,000858,13:31:45,103.2600,41,1
2026-03-03,000858,13:31:48,103.2600,9,2
2026-03-03,000858,13:31:51,103.3000,6,1
2026-03-03,000858,13:31:54,103.3000,10,1
2026-03-03,000858,13:31:57,103.3100,18,1
2026-03-03,000858,13:32:00,103.3000,23,2
2026-03-03,000858,13:32:03,103.3200,12,1
2026-03-03,000858,13:32:06,103.2900,10,2
2026-03-03,000858,13:32:09,103.3200,15,1
2026-03-03,000858,13:32:12,103.2900,45,2
2026-03-03,000858,13:32:15,103.2600,105,2
2026-03-03,000858,13:32:18,103.2600,35,1
2026-03-03,000858,13:32:21,103.2600,10,4
2026-03-03,000858,13:32:24,103.2400,23,2
2026-03-03,000858,13:32:27,103.2600,29,1
2026-03-03,000858,13:32:30,103.2600,8,2
2026-03-03,000858,13:32:33,103.2700,7,1
2026-03-03,000858,13:32:36,103.2600,12,2
2026-03-03,000858,13:32:39,103.2500,18,2
2026-03-03,000858,13:32:42,103.2600,3,1
2026-03-03,000858,13:32:45,103.2400,61,2
2026-03-03,000858,13:32:48,103.2500,25,1
2026-03-03,000858,13:32:51,103.2200,3,2
2026-03-03,000858,13:32:54,103.2200,33,2
2026-03-03,000858,13:32:57,103.2300,30,1
2026-03-03,000858,13:33:00,103.2200,17,2
2026-03-03,000858,13:33:03,103.2300,21,1
2026-03-03,000858,13:33:06,103.2200,2,2
2026-03-03,000858,13:33:09,103.2100,47,2
2026-03-03,000858,13:33:12,103.2200,32,1
2026-03-03,000858,13:33:15,103.2100,30,2
2026-03-03,000858,13:33:18,103.2200,53,1
2026-03-03,000858,13:33:21,103.2000,31,2
2026-03-03,000858,13:33:24,103.1700,210,2
2026-03-03,000858,13:33:27,103.1400,28,2
2026-03-03,000858,13:33:30,103.1200,14,2
2026-03-03,000858,13:33:33,103.1300,12,4
2026-03-03,000858,13:33:36,103.1000,27,2
2026-03-03,000858,13:33:39,103.1100,16,4
2026-03-03,000858,13:33:42,103.1000,34,2
2026-03-03,000858,13:33:45,103.0800,11,2
2026-03-03,000858,13:33:48,103.1100,14,1
2026-03-03,000858,13:33:51,103.0800,90,2
2026-03-03,000858,13:33:54,103.1000,10,2
2026-03-03,000858,13:33:57,103.1100,22,1
2026-03-03,000858,13:34:00,103.0900,9,1
2026-03-03,000858,13:34:03,103.1000,25,1
2026-03-03,000858,13:34:06,103.1000,24,1
2026-03-03,000858,13:34:09,103.0900,63,4
2026-03-03,000858,13:34:12,103.1000,16,1
2026-03-03,000858,13:34:15,103.1000,14,1
2026-03-03,000858,13:34:18,103.1000,2,1
2026-03-03,000858,13:34:21,103.0900,8,4
2026-03-03,000858,13:34:24,103.0800,29,2
2026-03-03,000858,13:34:27,103.0800,10,1
2026-03-03,000858,13:34:30,103.0800,16,1
2026-03-03,000858,13:34:33,103.0700,33,2
2026-03-03,000858,13:34:36,103.0700,19,2
2026-03-03,000858,13:34:39,103.0700,14,1
2026-03-03,000858,13:34:42,103.0500,58,2
2026-03-03,000858,13:34:45,103.0500,31,1
2026-03-03,000858,13:34:48,103.0300,13,2
2026-03-03,000858,13:34:51,103.0300,11,2
2026-03-03,000858,13:34:54,103.0300,23,2
2026-03-03,000858,13:34:57,103.0300,43,1
2026-03-03,000858,13:35:00,103.0100,17,2
2026-03-03,000858,13:35:03,103.0200,70,1
2026-03-03,000858,13:35:06,103.0200,16,2
2026-03-03,000858,13:35:09,103.0100,18,2
2026-03-03,000858,13:35:12,103.0200,13,1
2026-03-03,000858,13:35:15,103.0100,38,2
2026-03-03,000858,13:35:18,103.0300,38,1
2026-03-03,000858,13:35:21,103.0200,38,2
2026-03-03,000858,13:35:24,103.0400,21,1
2026-03-03,000858,13:35:27,103.0300,24,2
2026-03-03,000858,13:35:30,103.0200,4,2
2026-03-03,000858,13:35:33,103.0500,6,2
2026-03-03,000858,13:35:36,103.0600,20,1
2026-03-03,000858,13:35:39,103.0700,14,1
2026-03-03,000858,13:35:42,103.0800,61,1
2026-03-03,000858,13:35:45,103.0600,13,2
2026-03-03,000858,13:35:48,103.0300,29,2
2026-03-03,000858,13:35:51,103.0800,47,1
2026-03-03,000858,13:35:54,103.0700,44,2
2026-03-03,000858,13:35:57,103.0800,57,1
2026-03-03,000858,13:36:00,103.0800,21,1
2026-03-03,000858,13:36:03,103.0800,14,1
2026-03-03,000858,13:36:06,103.0700,46,2
2026-03-03,000858,13:36:09,103.0700,36,2
2026-03-03,000858,13:36:12,103.0800,24,1
2026-03-03,000858,13:36:15,103.0700,53,2
2026-03-03,000858,13:36:18,103.0600,18,2
2026-03-03,000858,13:36:21,103.0700,6,1
2026-03-03,000858,13:36:24,103.0400,44,2
2026-03-03,000858,13:36:27,103.0400,24,1
2026-03-03,000858,13:36:30,103.0400,8,1
2026-03-03,000858,13:36:33,103.0400,3,1
2026-03-03,000858,13:36:36,103.0400,14,1
2026-03-03,000858,13:36:39,103.0300,25,2
2026-03-03,000858,13:36:42,103.0300,102,2
2026-03-03,000858,13:36:45,103.0200,56,2
2026-03-03,000858,13:36:48,103.0400,36,1
2026-03-03,000858,13:36:51,103.0300,15,2
2026-03-03,000858,13:36:54,103.0300,16,2
2026-03-03,000858,13:36:57,103.0400,57,1
2026-03-03,000858,13:37:00,103.0400,27,1
2026-03-03,000858,13:37:03,103.0400,30,1
2026-03-03,000858,13:37:06,103.0400,12,1
2026-03-03,000858,13:37:09,103.0400,14,1
2026-03-03,000858,13:37:12,103.0300,56,2
2026-03-03,000858,13:37:15,103.0300,26,2
2026-03-03,000858,13:37:18,103.0300,6,2
2026-03-03,000858,13:37:21,103.0300,1,2
2026-03-03,000858,13:37:24,103.0400,15,1
2026-03-03,000858,13:37:27,103.0300,37,2
2026-03-03,000858,13:37:30,103.0300,11,2
2026-03-03,000858,13:37:33,103.0300,129,2
2026-03-03,000858,13:37:36,103.0100,220,2
2026-03-03,000858,13:37:39,103.0100,60,1
2026-03-03,000858,13:37:42,103.0100,49,1
2026-03-03,000858,13:37:45,103.0100,31,2
2026-03-03,000858,13:37:48,103.0200,29,1
2026-03-03,000858,13:37:51,103.0200,7,2
2026-03-03,000858,13:37:54,103.0100,230,2
2026-03-03,000858,13:37:57,102.9700,438,2
2026-03-03,000858,13:38:00,102.9500,90,2
2026-03-03,000858,13:38:03,102.9500,14,4
2026-03-03,000858,13:38:06,102.9400,16,4
2026-03-03,000858,13:38:09,102.9500,14,1
2026-03-03,000858,13:38:12,102.9400,6,4
2026-03-03,000858,13:38:15,102.9400,18,2
2026-03-03,000858,13:38:18,102.9600,24,1
2026-03-03,000858,13:38:21,103.0000,6,1
2026-03-03,000858,13:38:24,102.9600,9,2
2026-03-03,000858,13:38:27,102.9700,6,4
2026-03-03,000858,13:38:30,102.9800,4,1
2026-03-03,000858,13:38:33,102.9800,4,1
2026-03-03,000858,13:38:36,102.9900,11,1
2026-03-03,000858,13:38:39,102.9900,4,1
2026-03-03,000858,13:38:42,102.9700,5,1
2026-03-03,000858,13:38:45,102.9800,13,1
2026-03-03,000858,13:38:48,102.9700,13,2
2026-03-03,000858,13:38:51,102.9700,26,2
2026-03-03,000858,13:38:54,102.9800,21,1
2026-03-03,000858,13:38:57,102.9700,28,2
2026-03-03,000858,13:39:00,102.9800,5,2
2026-03-03,000858,13:39:03,102.9700,20,2
2026-03-03,000858,13:39:06,103.0000,18,1
2026-03-03,000858,13:39:09,102.9900,3,1
2026-03-03,000858,13:39:12,102.9800,23,2
2026-03-03,000858,13:39:15,102.9900,50,1
2026-03-03,000858,13:39:18,103.0000,28,1
2026-03-03,000858,13:39:21,103.0100,55,1
2026-03-03,000858,13:39:24,103.0100,7,1
2026-03-03,000858,13:39:27,103.0100,32,1
2026-03-03,000858,13:39:30,103.0100,14,1
2026-03-03,000858,13:39:33,103.0100,13,1
2026-03-03,000858,13:39:36,103.0100,47,2
2026-03-03,000858,13:39:39,103.0100,77,2
2026-03-03,000858,13:39:42,103.0100,11,1
2026-03-03,000858,13:39:45,103.0200,37,1
2026-03-03,000858,13:39:48,103.0200,17,1
2026-03-03,000858,13:39:51,103.0200,17,1
2026-03-03,000858,13:39:54,103.0100,7,2
2026-03-03,000858,13:39:57,103.0200,31,1
2026-03-03,000858,13:40:00,103.0200,26,1
2026-03-03,000858,13:40:03,103.0200,8,1
2026-03-03,000858,13:40:06,103.0100,61,1
2026-03-03,000858,13:40:09,102.9900,13,2
2026-03-03,000858,13:40:12,102.9900,49,2
2026-03-03,000858,13:40:15,103.0000,29,2
2026-03-03,000858,13:40:18,102.9700,115,2
2026-03-03,000858,13:40:21,102.9800,25,1
2026-03-03,000858,13:40:24,102.9900,8,4
2026-03-03,000858,13:40:27,103.0000,48,1
2026-03-03,000858,13:40:30,103.0000,4,1
2026-03-03,000858,13:40:33,102.9800,7,4
2026-03-03,000858,13:40:36,102.9900,5,1
2026-03-03,000858,13:40:39,102.9800,54,2
2026-03-03,000858,13:40:42,102.9700,40,2
2026-03-03,000858,13:40:45,102.9800,15,1
2026-03-03,000858,13:40:48,102.9900,54,2
2026-03-03,000858,13:40:51,102.9900,40,1
2026-03-03,000858,13:40:54,102.9800,37,4
2026-03-03,000858,13:40:57,102.9800,26,1
2026-03-03,000858,13:41:00,102.9800,13,1
2026-03-03,000858,13:41:03,102.9900,26,1
2026-03-03,000858,13:41:06,102.9700,10,2
2026-03-03,000858,13:41:09,102.9900,9,1
2026-03-03,000858,13:41:12,102.9900,13,1
2026-03-03,000858,13:41:15,102.9800,66,4
2026-03-03,000858,13:41:18,102.9900,9,4
2026-03-03,000858,13:41:21,102.9900,20,2
2026-03-03,000858,13:41:24,102.9900,8,2
2026-03-03,000858,13:41:27,102.9900,17,1
2026-03-03,000858,13:41:30,103.0000,46,1
2026-03-03,000858,13:41:33,103.0000,28,1
2026-03-03,000858,13:41:36,102.9900,18,2
2026-03-03,000858,13:41:39,103.0000,21,1
2026-03-03,000858,13:41:42,102.9900,22,1
2026-03-03,000858,13:41:45,102.9900,3,2
2026-03-03,000858,13:41:48,103.0100,5,1
2026-03-03,000858,13:41:51,103.0000,13,4
2026-03-03,000858,13:41:54,103.0000,3,1
2026-03-03,000858,13:41:57,103.0000,17,1
2026-03-03,000858,13:42:00,103.0000,12,4
2026-03-03,000858,13:42:03,103.0100,8,1
2026-03-03,000858,13:42:06,103.0100,12,1
2026-03-03,000858,13:42:09,103.0000,50,2
2026-03-03,000858,13:42:12,103.0000,38,2
2026-03-03,000858,13:42:15,103.0000,66,1
2026-03-03,000858,13:42:18,103.0000,18,2
2026-03-03,000858,13:42:21,103.0000,50,2
2026-03-03,000858,13:42:24,102.9900,58,2
2026-03-03,000858,13:42:27,102.9900,35,2
2026-03-03,000858,13:42:30,102.9900,6,1
2026-03-03,000858,13:42:33,102.9900,79,1
2026-03-03,000858,13:42:36,102.9800,6,2
2026-03-03,000858,13:42:39,102.9800,12,1
2026-03-03,000858,13:42:42,102.9900,3,1
2026-03-03,000858,13:42:45,103.0000,48,1
2026-03-03,000858,13:42:48,102.9900,12,2
2026-03-03,000858,13:42:51,102.9900,4,2
2026-03-03,000858,13:42:54,102.9900,16,2
2026-03-03,000858,13:42:57,103.0000,4,1
2026-03-03,000858,13:43:00,103.0000,9,1
2026-03-03,000858,13:43:03,102.9900,9,2
2026-03-03,000858,13:43:06,102.9900,12,2
2026-03-03,000858,13:43:09,103.0000,52,1
2026-03-03,000858,13:43:12,102.9900,17,2
2026-03-03,000858,13:43:15,102.9900,65,2
2026-03-03,000858,13:43:18,102.9900,8,2
2026-03-03,000858,13:43:21,102.9900,17,2
2026-03-03,000858,13:43:24,103.0000,6,1
2026-03-03,000858,13:43:27,103.0000,30,1
2026-03-03,000858,13:43:30,102.9900,35,2
2026-03-03,000858,13:43:33,103.0000,16,1
2026-03-03,000858,13:43:36,103.0300,18,1
2026-03-03,000858,13:43:39,103.0000,23,2
2026-03-03,000858,13:43:42,103.0100,11,4
2026-03-03,000858,13:43:45,103.0300,24,1
2026-03-03,000858,13:43:48,103.0000,84,2
2026-03-03,000858,13:43:51,103.0400,27,1
2026-03-03,000858,13:43:54,103.0400,6,2
2026-03-03,000858,13:43:57,103.0500,10,1
2026-03-03,000858,13:44:00,103.0500,4,2
2026-03-03,000858,13:44:03,103.0400,43,2
2026-03-03,000858,13:44:06,103.0400,2,2
2026-03-03,000858,13:44:09,103.0600,77,1
2026-03-03,000858,13:44:12,103.0300,4,1
2026-03-03,000858,13:44:15,103.0300,14,1
2026-03-03,000858,13:44:18,103.0400,13,1
2026-03-03,000858,13:44:21,103.0300,6,2
2026-03-03,000858,13:44:24,103.0400,15,1
2026-03-03,000858,13:44:27,103.0400,6,1
2026-03-03,000858,13:44:30,103.0300,9,2
2026-03-03,000858,13:44:33,103.0400,17,1
2026-03-03,000858,13:44:36,103.0300,6,2
2026-03-03,000858,13:44:39,103.0300,13,2
2026-03-03,000858,13:44:42,103.0400,23,1
2026-03-03,000858,13:44:45,103.0300,12,2
2026-03-03,000858,13:44:48,103.0200,8,2
2026-03-03,000858,13:44:51,103.0300,15,1
2026-03-03,000858,13:44:54,103.0300,23,2
2026-03-03,000858,13:44:57,103.0400,35,1
2026-03-03,000858,13:45:00,103.0300,5,2
2026-03-03,000858,13:45:03,103.0400,24,1
2026-03-03,000858,13:45:06,103.0400,1,2
2026-03-03,000858,13:45:09,103.0500,16,1
2026-03-03,000858,13:45:12,103.0300,25,2
2026-03-03,000858,13:45:15,103.0500,3,2
2026-03-03,000858,13:45:18,103.0700,6,1
2026-03-03,000858,13:45:21,103.0800,29,1
2026-03-03,000858,13:45:24,103.0500,29,2
2026-03-03,000858,13:45:27,103.0700,10,1
2026-03-03,000858,13:45:30,103.0500,15,2
2026-03-03,000858,13:45:33,103.0700,7,1
2026-03-03,000858,13:45:36,103.0700,29,2
2026-03-03,000858,13:45:39,103.0700,7,1
2026-03-03,000858,13:45:42,103.0700,7,1
2026-03-03,000858,13:45:45,103.0600,9,2
2026-03-03,000858,13:45:48,103.0600,7,2
2026-03-03,000858,13:45:51,103.0600,9,1
2026-03-03,000858,13:45:54,103.0600,24,1
2026-03-03,000858,13:46:00,103.0600,35,2
2026-03-03,000858,13:46:03,103.0600,13,1
2026-03-03,000858,13:46:06,103.0600,25,1
2026-03-03,000858,13:46:09,103.0700,22,1
2026-03-03,000858,13:46:12,103.0600,10,1
2026-03-03,000858,13:46:15,103.0600,15,1
2026-03-03,000858,13:46:18,103.0600,1,2
2026-03-03,000858,13:46:21,103.0500,42,2
2026-03-03,000858,13:46:24,103.0600,8,2
2026-03-03,000858,13:46:27,103.0600,12,2
2026-03-03,000858,13:46:30,103.0500,19,2
2026-03-03,000858,13:46:33,103.0600,12,2
2026-03-03,000858,13:46:36,103.0600,1,2
2026-03-03,000858,13:46:39,103.0600,12,2
2026-03-03,000858,13:46:42,103.0600,13,2
2026-03-03,000858,13:46:45,103.0600,6,2
2026-03-03,000858,13:46:48,103.0600,7,2
2026-03-03,000858,13:46:51,103.0600,65,1
2026-03-03,000858,13:46:54,103.0500,3,1
2026-03-03,000858,13:46:57,103.0600,25,1
2026-03-03,000858,13:47:00,103.0700,3,1
2026-03-03,000858,13:47:03,103.0500,10,2
2026-03-03,000858,13:47:06,103.0600,4,4
2026-03-03,000858,13:47:09,103.0500,17,2
2026-03-03,000858,13:47:12,103.0600,9,1
2026-03-03,000858,13:47:15,103.0600,12,1
2026-03-03,000858,13:47:18,103.0600,2,2
2026-03-03,000858,13:47:21,103.0600,18,2
2026-03-03,000858,13:47:24,103.0600,19,2
2026-03-03,000858,13:47:27,103.0500,123,2
2026-03-03,000858,13:47:30,103.0300,36,2
2026-03-03,000858,13:47:33,103.0300,63,1
2026-03-03,000858,13:47:36,103.0300,54,1
2026-03-03,000858,13:47:39,103.0300,19,2
2026-03-03,000858,13:47:42,103.0300,6,2
2026-03-03,000858,13:47:45,103.0300,1,2
2026-03-03,000858,13:47:48,103.0400,4,1
2026-03-03,000858,13:47:51,103.0500,20,1
2026-03-03,000858,13:47:54,103.0300,13,2
2026-03-03,000858,13:47:57,103.0300,11,2
2026-03-03,000858,13:48:00,103.0300,4,4
2026-03-03,000858,13:48:03,103.0400,14,4
2026-03-03,000858,13:48:06,103.0400,6,1
2026-03-03,000858,13:48:09,103.0700,23,1
2026-03-03,000858,13:48:12,103.0400,8,2
2026-03-03,000858,13:48:15,103.0400,7,2
2026-03-03,000858,13:48:18,103.0500,26,4
2026-03-03,000858,13:48:21,103.0700,8,1
2026-03-03,000858,13:48:27,103.0700,4,1
2026-03-03,000858,13:48:30,103.0700,8,1
2026-03-03,000858,13:48:33,103.0700,4,2
2026-03-03,000858,13:48:36,103.0600,17,2
2026-03-03,000858,13:48:39,103.0600,6,2
2026-03-03,000858,13:48:42,103.0600,22,1
2026-03-03,000858,13:48:45,103.0500,3,2
2026-03-03,000858,13:48:48,103.0700,38,1
2026-03-03,000858,13:48:51,103.0700,17,1
2026-03-03,000858,13:48:54,103.0700,20,4
2026-03-03,000858,13:48:57,103.0700,3,1
2026-03-03,000858,13:49:00,103.0600,9,2
2026-03-03,000858,13:49:03,103.0700,14,1
2026-03-03,000858,13:49:06,103.0600,5,2
2026-03-03,000858,13:49:09,103.0700,9,1
2026-03-03,000858,13:49:12,103.0700,5,1
2026-03-03,000858,13:49:15,103.0700,13,1
2026-03-03,000858,13:49:18,103.0700,6,2
2026-03-03,000858,13:49:21,103.0700,3,2
2026-03-03,000858,13:49:24,103.0800,15,1
2026-03-03,000858,13:49:27,103.0900,39,1
2026-03-03,000858,13:49:30,103.0800,36,2
2026-03-03,000858,13:49:33,103.0800,12,2
2026-03-03,000858,13:49:36,103.0800,3,2
2026-03-03,000858,13:49:39,103.1000,21,1
2026-03-03,000858,13:49:42,103.0900,8,2
2026-03-03,000858,13:49:45,103.1100,6,1
2026-03-03,000858,13:49:51,103.1100,24,2
2026-03-03,000858,13:49:54,103.1300,15,1
2026-03-03,000858,13:49:57,103.1300,16,2
2026-03-03,000858,13:50:00,103.1500,22,1
2026-03-03,000858,13:50:03,103.1600,84,1
2026-03-03,000858,13:50:06,103.1300,61,2
2026-03-03,000858,13:50:09,103.1100,49,2
2026-03-03,000858,13:50:12,103.1200,52,1
2026-03-03,000858,13:50:15,103.0900,4,2
2026-03-03,000858,13:50:18,103.0800,16,2
2026-03-03,000858,13:50:21,103.0800,12,1
2026-03-03,000858,13:50:24,103.1100,10,1
2026-03-03,000858,13:50:27,103.0900,30,2
2026-03-03,000858,13:50:30,103.0600,28,2
2026-03-03,000858,13:50:33,103.0600,29,2
2026-03-03,000858,13:50:36,103.0500,19,2
2026-03-03,000858,13:50:39,103.0600,6,1
2026-03-03,000858,13:50:42,103.0400,29,2
2026-03-03,000858,13:50:45,103.0400,1,2
2026-03-03,000858,13:50:48,103.0600,18,1
2026-03-03,000858,13:50:51,103.0600,59,1
2026-03-03,000858,13:50:54,103.0600,19,2
2026-03-03,000858,13:50:57,103.0600,11,2
2026-03-03,000858,13:51:00,103.1000,11,1
2026-03-03,000858,13:51:03,103.0600,11,2
2026-03-03,000858,13:51:06,103.0700,9,2
2026-03-03,000858,13:51:09,103.0600,5,2
2026-03-03,000858,13:51:12,103.0700,1,2
2026-03-03,000858,13:51:15,103.0700,29,2
2026-03-03,000858,13:51:18,103.0600,52,2
2026-03-03,000858,13:51:21,103.1100,40,1
2026-03-03,000858,13:51:24,103.0900,25,1
2026-03-03,000858,13:51:27,103.0900,1,2
2026-03-03,000858,13:51:30,103.0900,8,2
2026-03-03,000858,13:51:33,103.0900,16,1
2026-03-03,000858,13:51:36,103.0900,130,1
2026-03-03,000858,13:51:39,103.0900,20,1
2026-03-03,000858,13:51:42,103.0600,92,2
2026-03-03,000858,13:51:45,103.0600,19,1
2026-03-03,000858,13:51:48,103.0500,28,2
2026-03-03,000858,13:51:51,103.0600,15,1
2026-03-03,000858,13:51:54,103.0500,14,2
2026-03-03,000858,13:51:57,103.0500,26,2
2026-03-03,000858,13:52:00,103.0500,26,2
2026-03-03,000858,13:52:03,103.0600,49,1
2026-03-03,000858,13:52:06,103.0600,24,1
2026-03-03,000858,13:52:09,103.0400,6,2
2026-03-03,000858,13:52:12,103.0500,8,1
2026-03-03,000858,13:52:15,103.0300,14,2
2026-03-03,000858,13:52:18,103.0300,5,2
2026-03-03,000858,13:52:21,103.0300,27,2
2026-03-03,000858,13:52:24,103.0300,6,2
2026-03-03,000858,13:52:27,103.0300,6,2
2026-03-03,000858,13:52:30,103.0300,26,2
2026-03-03,000858,13:52:33,103.0200,31,2
2026-03-03,000858,13:52:36,103.0100,98,2
2026-03-03,000858,13:52:39,103.0100,52,2
2026-03-03,000858,13:52:42,103.0300,45,1
2026-03-03,000858,13:52:45,103.0200,5,2
2026-03-03,000858,13:52:48,103.0300,19,1
2026-03-03,000858,13:52:51,103.0200,6,2
2026-03-03,000858,13:52:54,103.0400,3,1
2026-03-03,000858,13:52:57,103.0300,21,1
2026-03-03,000858,13:53:00,103.0200,59,2
2026-03-03,000858,13:53:03,103.0300,464,1
2026-03-03,000858,13:53:06,103.0200,25,1
2026-03-03,000858,13:53:09,103.0200,32,1
2026-03-03,000858,13:53:12,103.0200,15,1
2026-03-03,000858,13:53:15,103.0400,17,1
2026-03-03,000858,13:53:18,103.0400,54,4
2026-03-03,000858,13:53:21,103.0500,25,1
2026-03-03,000858,13:53:24,103.0400,1,2
2026-03-03,000858,13:53:27,103.0300,11,2
2026-03-03,000858,13:53:30,103.0300,18,2
2026-03-03,000858,13:53:33,103.0300,10,2
2026-03-03,000858,13:53:36,103.0400,13,4
2026-03-03,000858,13:53:39,103.0300,47,2
2026-03-03,000858,13:53:42,103.0400,10,1
2026-03-03,000858,13:53:45,103.0400,23,2
2026-03-03,000858,13:53:48,103.0400,14,4
2026-03-03,000858,13:53:51,103.0500,10,2
2026-03-03,000858,13:53:54,103.0400,8,4
2026-03-03,000858,13:53:57,103.0000,247,2
2026-03-03,000858,13:54:00,103.0000,13,1
2026-03-03,000858,13:54:03,103.0400,22,1
2026-03-03,000858,13:54:06,103.0300,18,1
2026-03-03,000858,13:54:09,103.0300,18,1
2026-03-03,000858,13:54:12,103.0000,34,2
2026-03-03,000858,13:54:15,103.0400,21,1
2026-03-03,000858,13:54:18,103.0300,1,4
2026-03-03,000858,13:54:21,103.0200,313,2
2026-03-03,000858,13:54:24,103.0200,25,4
2026-03-03,000858,13:54:27,103.0200,10,2
2026-03-03,000858,13:54:30,103.0400,31,1
2026-03-03,000858,13:54:33,103.0400,17,1
2026-03-03,000858,13:54:36,103.0800,156,1
2026-03-03,000858,13:54:39,103.0400,113,4
2026-03-03,000858,13:54:42,103.1000,8,1
2026-03-03,000858,13:54:45,103.0600,77,1
2026-03-03,000858,13:54:48,103.0500,4,1
2026-03-03,000858,13:54:51,103.0600,10,1
2026-03-03,000858,13:54:54,103.1000,13,1
2026-03-03,000858,13:54:57,103.0200,22,2
2026-03-03,000858,13:55:00,103.0200,24,1
2026-03-03,000858,13:55:03,103.0100,9,1
2026-03-03,000858,13:55:06,103.0000,2,2
2026-03-03,000858,13:55:09,103.0100,12,1
2026-03-03,000858,13:55:12,103.0100,13,1
2026-03-03,000858,13:55:15,103.0100,31,1
2026-03-03,000858,13:55:18,103.0100,23,2
2026-03-03,000858,13:55:21,103.0200,137,1
2026-03-03,000858,13:55:24,103.0000,139,2
2026-03-03,000858,13:55:27,103.0000,20,2
2026-03-03,000858,13:55:30,103.0000,80,2
2026-03-03,000858,13:55:33,102.9900,9,2
2026-03-03,000858,13:55:36,103.0000,11,1
2026-03-03,000858,13:55:39,102.9900,5,2
2026-03-03,000858,13:55:42,102.9900,45,2
2026-03-03,000858,13:55:45,103.0000,70,1
2026-03-03,000858,13:55:48,103.0100,6,4
2026-03-03,000858,13:55:51,103.0000,3,2
2026-03-03,000858,13:55:54,103.0100,86,2
2026-03-03,000858,13:55:57,103.0200,14,1
2026-03-03,000858,13:56:00,103.0000,6,2
2026-03-03,000858,13:56:03,103.0000,27,2
2026-03-03,000858,13:56:06,103.0000,36,2
2026-03-03,000858,13:56:09,103.0100,19,1
2026-03-03,000858,13:56:12,103.0000,10,2
2026-03-03,000858,13:56:15,103.0200,81,1
2026-03-03,000858,13:56:18,103.0200,135,2
2026-03-03,000858,13:56:21,103.0000,14,2
2026-03-03,000858,13:56:24,102.9900,38,2
2026-03-03,000858,13:56:27,102.9900,6,1
2026-03-03,000858,13:56:30,103.0000,23,1
2026-03-03,000858,13:56:33,102.9900,3,1
2026-03-03,000858,13:56:36,102.9800,15,2
2026-03-03,000858,13:56:39,102.9800,33,2
2026-03-03,000858,13:56:42,102.9800,25,1
2026-03-03,000858,13:56:45,102.9800,13,1
2026-03-03,000858,13:56:48,102.9800,12,2
2026-03-03,000858,13:56:51,102.9800,4,2
2026-03-03,000858,13:56:54,102.9900,6,1
2026-03-03,000858,13:56:57,102.9900,12,1
2026-03-03,000858,13:57:00,102.9800,12,2
2026-03-03,000858,13:57:03,103.0000,31,1
2026-03-03,000858,13:57:06,102.9900,11,2
2026-03-03,000858,13:57:09,103.0000,5,1
2026-03-03,000858,13:57:12,102.9900,5,2
2026-03-03,000858,13:57:15,103.0000,43,1
2026-03-03,000858,13:57:18,103.0300,16,1
2026-03-03,000858,13:57:21,103.0000,9,2
2026-03-03,000858,13:57:24,103.0300,11,1
2026-03-03,000858,13:57:27,103.0000,6,2
2026-03-03,000858,13:57:30,103.0000,9,2
2026-03-03,000858,13:57:33,103.0100,23,1
2026-03-03,000858,13:57:36,103.0000,10,2
2026-03-03,000858,13:57:39,102.9900,36,2
2026-03-03,000858,13:57:42,103.0000,3,1
2026-03-03,000858,13:57:45,103.0000,23,1
2026-03-03,000858,13:57:48,103.0100,7,1
2026-03-03,000858,13:57:51,103.0000,11,2
2026-03-03,000858,13:57:54,103.0000,11,2
2026-03-03,000858,13:57:57,102.9900,4,2
2026-03-03,000858,13:58:00,102.9900,20,2
2026-03-03,000858,13:58:03,103.0000,10,1
2026-03-03,000858,13:58:06,102.9900,14,2
2026-03-03,000858,13:58:09,103.0000,11,1
2026-03-03,000858,13:58:12,103.0000,37,1
2026-03-03,000858,13:58:15,103.0000,31,1
2026-03-03,000858,13:58:18,103.0200,43,1
2026-03-03,000858,13:58:21,103.0000,31,2
2026-03-03,000858,13:58:24,102.9900,10,2
2026-03-03,000858,13:58:27,103.0000,53,1
2026-03-03,000858,13:58:30,102.9800,11,2
2026-03-03,000858,13:58:33,102.9800,2,2
2026-03-03,000858,13:58:36,102.9800,7,2
2026-03-03,000858,13:58:39,102.9800,21,2
2026-03-03,000858,13:58:42,102.9800,9,2
2026-03-03,000858,13:58:45,102.9900,18,1
2026-03-03,000858,13:58:48,102.9900,7,2
2026-03-03,000858,13:58:51,103.0000,24,1
2026-03-03,000858,13:58:54,102.9900,30,2
2026-03-03,000858,13:58:57,102.9900,24,2
2026-03-03,000858,13:59:00,102.9900,5,2
2026-03-03,000858,13:59:03,102.9900,17,2
2026-03-03,000858,13:59:06,103.0000,10,1
2026-03-03,000858,13:59:09,102.9900,40,2
2026-03-03,000858,13:59:12,102.9900,6,2
2026-03-03,000858,13:59:15,103.0000,32,1
2026-03-03,000858,13:59:18,102.9800,38,2
2026-03-03,000858,13:59:21,102.9900,11,1
2026-03-03,000858,13:59:24,102.9800,67,2
2026-03-03,000858,13:59:27,102.9800,14,1
2026-03-03,000858,13:59:30,102.9600,41,2
2026-03-03,000858,13:59:33,102.9700,15,1
2026-03-03,000858,13:59:36,102.9500,67,2
2026-03-03,000858,13:59:39,102.9400,8,2
2026-03-03,000858,13:59:42,102.9600,17,1
2026-03-03,000858,13:59:45,102.9300,74,2
2026-03-03,000858,13:59:48,102.9200,65,2
2026-03-03,000858,13:59:51,102.9100,48,2
2026-03-03,000858,13:59:54,102.9100,5,1
2026-03-03,000858,13:59:57,102.9100,12,2
2026-03-03,000858,14:00:00,102.9000,108,2
2026-03-03,000858,14:00:03,102.9000,131,2
2026-03-03,000858,14:00:06,102.9200,85,1
2026-03-03,000858,14:00:09,102.9200,31,2
2026-03-03,000858,14:00:12,102.9100,28,2
2026-03-03,000858,14:00:15,102.9300,89,1
2026-03-03,000858,14:00:18,102.9100,10,4
2026-03-03,000858,14:00:21,102.9200,2,1
2026-03-03,000858,14:00:24,102.9100,9,2
2026-03-03,000858,14:00:27,102.9100,2,2
2026-03-03,000858,14:00:30,102.9200,22,1
2026-03-03,000858,14:00:33,102.9200,18,2
2026-03-03,000858,14:00:36,102.9200,14,2
2026-03-03,000858,14:00:39,102.9200,17,2
2026-03-03,000858,14:00:42,102.9400,43,1
2026-03-03,000858,14:00:45,102.9200,21,1
2026-03-03,000858,14:00:48,102.9300,8,1
2026-03-03,000858,14:00:51,102.9200,10,2
2026-03-03,000858,14:00:54,102.9200,2,2
2026-03-03,000858,14:00:57,102.9300,18,1
2026-03-03,000858,14:01:00,102.9200,21,2
2026-03-03,000858,14:01:03,102.9200,7,2
2026-03-03,000858,14:01:06,102.9300,7,1
2026-03-03,000858,14:01:09,102.9300,8,1
2026-03-03,000858,14:01:12,102.9200,27,2
2026-03-03,000858,14:01:15,102.9300,54,1
2026-03-03,000858,14:01:18,102.9200,86,2
2026-03-03,000858,14:01:21,102.9200,35,2
2026-03-03,000858,14:01:24,102.9100,8,2
2026-03-03,000858,14:01:27,102.9200,27,1
2026-03-03,000858,14:01:30,102.9200,8,1
2026-03-03,000858,14:01:33,102.9100,12,4
2026-03-03,000858,14:01:36,102.9100,26,2
2026-03-03,000858,14:01:39,102.9100,6,2
2026-03-03,000858,14:01:42,102.9200,3,1
2026-03-03,000858,14:01:45,102.9200,86,1
2026-03-03,000858,14:01:48,102.9200,1,2
2026-03-03,000858,14:01:51,102.9300,15,1
2026-03-03,000858,14:01:54,102.9100,33,2
2026-03-03,000858,14:01:57,102.9100,24,2
2026-03-03,000858,14:02:00,102.9200,4,2
2026-03-03,000858,14:02:03,102.9200,7,2
2026-03-03,000858,14:02:06,102.9100,9,2
2026-03-03,000858,14:02:09,102.9300,4,2
2026-03-03,000858,14:02:12,102.9200,6,2
2026-03-03,000858,14:02:15,102.9400,41,1
2026-03-03,000858,14:02:18,102.9600,28,1
2026-03-03,000858,14:02:21,102.9700,6,1
2026-03-03,000858,14:02:24,102.9600,22,2
2026-03-03,000858,14:02:27,102.9700,57,1
2026-03-03,000858,14:02:30,102.9700,62,1
2026-03-03,000858,14:02:33,102.9600,16,1
2026-03-03,000858,14:02:36,102.9500,21,4
2026-03-03,000858,14:02:39,102.9600,3,1
2026-03-03,000858,14:02:42,102.9600,12,1
2026-03-03,000858,14:02:45,102.9600,26,1
2026-03-03,000858,14:02:48,102.9600,42,2
2026-03-03,000858,14:02:51,102.9500,9,2
2026-03-03,000858,14:02:54,102.9500,22,2
2026-03-03,000858,14:02:57,102.9600,14,1
2026-03-03,000858,14:03:00,102.9300,14,2
2026-03-03,000858,14:03:03,102.9300,8,2
2026-03-03,000858,14:03:06,102.9300,24,4
2026-03-03,000858,14:03:09,102.9200,30,2
2026-03-03,000858,14:03:12,102.9800,117,1
2026-03-03,000858,14:03:15,102.9300,57,1
2026-03-03,000858,14:03:18,102.9200,14,2
2026-03-03,000858,14:03:21,102.9300,17,2
2026-03-03,000858,14:03:24,102.9300,9,2
2026-03-03,000858,14:03:27,102.9300,10,2
2026-03-03,000858,14:03:30,102.9200,7,2
2026-03-03,000858,14:03:33,102.9200,7,2
2026-03-03,000858,14:03:36,102.9300,10,1
2026-03-03,000858,14:03:39,102.9200,19,2
2026-03-03,000858,14:03:42,102.9100,61,2
2026-03-03,000858,14:03:45,102.9200,23,1
2026-03-03,000858,14:03:48,102.9200,17,2
2026-03-03,000858,14:03:51,102.9600,3,1
2026-03-03,000858,14:03:54,102.9300,47,2
2026-03-03,000858,14:03:57,102.9200,10,2
2026-03-03,000858,14:04:00,102.9400,10,1
2026-03-03,000858,14:04:03,102.9200,9,2
2026-03-03,000858,14:04:06,102.9200,22,2
2026-03-03,000858,14:04:09,102.9100,22,2
2026-03-03,000858,14:04:12,102.9200,26,2
2026-03-03,000858,14:04:15,102.9300,18,1
2026-03-03,000858,14:04:18,102.9600,8,1
2026-03-03,000858,14:04:21,102.9300,21,2
2026-03-03,000858,14:04:24,102.9500,12,1
2026-03-03,000858,14:04:27,102.9600,13,1
2026-03-03,000858,14:04:30,102.9500,37,1
2026-03-03,000858,14:04:33,102.9500,56,1
2026-03-03,000858,14:04:36,102.9300,71,2
2026-03-03,000858,14:04:39,102.9100,69,2
2026-03-03,000858,14:04:42,102.9500,99,1
2026-03-03,000858,14:04:45,102.9400,32,1
2026-03-03,000858,14:04:48,102.9500,45,1
2026-03-03,000858,14:04:51,102.9400,4,2
2026-03-03,000858,14:04:54,102.9400,19,2
2026-03-03,000858,14:04:57,102.9300,32,2
2026-03-03,000858,14:05:00,102.9300,14,1
2026-03-03,000858,14:05:03,102.9300,3,1
2026-03-03,000858,14:05:06,102.9200,15,2
2026-03-03,000858,14:05:09,102.9200,15,1
2026-03-03,000858,14:05:12,102.9200,46,1
2026-03-03,000858,14:05:15,102.9300,36,1
2026-03-03,000858,14:05:18,102.9100,90,2
2026-03-03,000858,14:05:21,102.9200,420,1
2026-03-03,000858,14:05:24,102.8600,5,2
2026-03-03,000858,14:05:27,102.8500,25,2
2026-03-03,000858,14:05:30,102.8400,81,2
2026-03-03,000858,14:05:33,102.8500,7,1
2026-03-03,000858,14:05:36,102.8400,27,2
2026-03-03,000858,14:05:39,102.8300,36,2
2026-03-03,000858,14:05:42,102.8300,34,1
2026-03-03,000858,14:05:45,102.8400,55,1
2026-03-03,000858,14:05:48,102.8300,29,2
2026-03-03,000858,14:05:51,102.8600,7,1
2026-03-03,000858,14:05:54,102.8400,48,2
2026-03-03,000858,14:05:57,102.8600,10,1
2026-03-03,000858,14:06:00,102.8400,14,2
2026-03-03,000858,14:06:03,102.8300,28,2
2026-03-03,000858,14:06:06,102.8900,6,1
2026-03-03,000858,14:06:09,102.8300,43,2
2026-03-03,000858,14:06:12,102.8300,11,2
2026-03-03,000858,14:06:15,102.8600,17,1
2026-03-03,000858,14:06:18,102.8600,37,2
2026-03-03,000858,14:06:21,102.8700,20,1
2026-03-03,000858,14:06:24,102.8600,24,2
2026-03-03,000858,14:06:27,102.8500,12,2
2026-03-03,000858,14:06:30,102.8500,5,2
2026-03-03,000858,14:06:33,102.8500,10,1
2026-03-03,000858,14:06:36,102.8500,35,1
2026-03-03,000858,14:06:39,102.8500,18,2
2026-03-03,000858,14:06:42,102.8500,32,2
2026-03-03,000858,14:06:45,102.8900,48,1
2026-03-03,000858,14:06:48,102.8900,15,1
2026-03-03,000858,14:06:51,102.8900,5,1
2026-03-03,000858,14:06:54,102.8900,42,1
2026-03-03,000858,10:55:48,102.0900,26,1
2026-03-03,000858,10:55:51,102.0800,2,1
2026-03-03,000858,10:55:54,102.0700,30,1
2026-03-03,000858,10:55:57,102.0600,25,2
2026-03-03,000858,10:56:00,102.0700,29,1
2026-03-03,000858,10:56:03,102.0700,19,2
2026-03-03,000858,10:56:06,102.0700,10,2
2026-03-03,000858,10:56:09,102.0800,8,1
2026-03-03,000858,10:56:12,102.0700,7,2
2026-03-03,000858,10:56:15,102.0700,4,2
2026-03-03,000858,10:56:18,102.0700,10,2
2026-03-03,000858,10:56:21,102.0600,17,2
2026-03-03,000858,10:56:24,102.0600,2,2
2026-03-03,000858,10:56:27,102.0700,3,1
2026-03-03,000858,10:56:30,102.0700,6,1
2026-03-03,000858,10:56:33,102.0700,12,1
2026-03-03,000858,10:56:36,102.0700,7,1
2026-03-03,000858,10:56:39,102.0700,16,1
2026-03-03,000858,10:56:42,102.0700,13,1
2026-03-03,000858,10:56:45,102.0700,2,1
2026-03-03,000858,10:56:48,102.0600,28,2
2026-03-03,000858,10:56:51,102.0700,23,1
2026-03-03,000858,10:56:54,102.0700,6,1
2026-03-03,000858,10:56:57,102.0600,17,2
2026-03-03,000858,10:57:00,102.0700,2,1
2026-03-03,000858,10:57:03,102.0700,19,1
2026-03-03,000858,10:57:06,102.0700,13,1
2026-03-03,000858,10:57:09,102.0600,20,2
2026-03-03,000858,10:57:12,102.0600,21,1
2026-03-03,000858,10:57:15,102.0600,14,2
2026-03-03,000858,10:57:18,102.0700,14,1
2026-03-03,000858,10:57:21,102.0500,73,2
2026-03-03,000858,10:57:24,102.0600,23,4
2026-03-03,000858,10:57:27,102.0700,23,1
2026-03-03,000858,10:57:30,102.0700,77,1
2026-03-03,000858,10:57:33,102.0800,4,2
2026-03-03,000858,10:57:36,102.0800,6,2
2026-03-03,000858,10:57:39,102.0800,18,2
2026-03-03,000858,10:57:42,102.0800,19,1
2026-03-03,000858,10:57:45,102.0800,36,1
2026-03-03,000858,10:57:48,102.0800,11,2
2026-03-03,000858,10:57:51,102.0900,9,1
2026-03-03,000858,10:57:54,102.0900,37,1
2026-03-03,000858,10:57:57,102.0800,8,2
2026-03-03,000858,10:58:00,102.0700,26,2
2026-03-03,000858,10:58:03,102.0800,82,1
2026-03-03,000858,10:58:06,102.0700,52,2
2026-03-03,000858,10:58:09,102.0900,10,1
2026-03-03,000858,10:58:12,102.0700,7,2
2026-03-03,000858,10:58:15,102.0700,45,1
2026-03-03,000858,10:58:18,102.0700,20,2
2026-03-03,000858,10:58:21,102.0800,3,1
2026-03-03,000858,10:58:24,102.0700,6,2
2026-03-03,000858,10:58:27,102.0800,9,1
2026-03-03,000858,10:58:30,102.0700,44,2
2026-03-03,000858,10:58:33,102.0700,4,1
2026-03-03,000858,10:58:36,102.0600,2,2
2026-03-03,000858,10:58:39,102.0700,25,1
2026-03-03,000858,10:58:45,102.0600,23,2
2026-03-03,000858,10:58:48,102.0600,9,2
2026-03-03,000858,10:58:51,102.0600,7,1
2026-03-03,000858,10:58:54,102.0600,6,1
2026-03-03,000858,10:58:57,102.0600,12,1
2026-03-03,000858,10:59:00,102.0600,60,4
2026-03-03,000858,10:59:03,102.0700,53,1
2026-03-03,000858,10:59:06,102.0600,24,2
2026-03-03,000858,10:59:09,102.0600,43,1
2026-03-03,000858,10:59:12,102.0600,2,2
2026-03-03,000858,10:59:15,102.0600,9,2
2026-03-03,000858,10:59:18,102.0600,5,2
2026-03-03,000858,10:59:21,102.0600,8,4
2026-03-03,000858,10:59:24,102.0500,22,2
2026-03-03,000858,10:59:27,102.0500,13,2
2026-03-03,000858,10:59:30,102.0500,12,2
2026-03-03,000858,10:59:33,102.0500,5,2
2026-03-03,000858,10:59:36,102.0400,45,2
2026-03-03,000858,10:59:39,102.0400,2,1
2026-03-03,000858,10:59:42,102.0400,5,1
2026-03-03,000858,10:59:45,102.0400,8,1
2026-03-03,000858,10:59:48,102.0400,25,1
2026-03-03,000858,10:59:51,102.0400,10,1
2026-03-03,000858,10:59:54,102.0500,10,1
2026-03-03,000858,10:59:57,102.0600,25,1
2026-03-03,000858,11:00:00,102.0400,34,2
2026-03-03,000858,11:00:03,102.0900,158,1
2026-03-03,000858,11:00:06,102.0800,17,2
2026-03-03,000858,11:00:09,102.0700,5,2
2026-03-03,000858,11:00:12,102.0700,17,2
2026-03-03,000858,11:00:15,102.0700,12,2
2026-03-03,000858,11:00:18,102.0700,1,1
2026-03-03,000858,11:00:21,102.0700,27,1
2026-03-03,000858,11:00:24,102.0700,38,1
2026-03-03,000858,11:00:27,102.0700,2,4
2026-03-03,000858,11:00:30,102.0900,65,1
2026-03-03,000858,11:00:33,102.0800,9,2
2026-03-03,000858,11:00:36,102.0900,4,4
2026-03-03,000858,11:00:39,102.1000,6,1
2026-03-03,000858,11:00:42,102.1000,15,1
2026-03-03,000858,11:00:45,102.1000,5,1
2026-03-03,000858,11:00:48,102.0800,6,2
2026-03-03,000858,11:00:51,102.0800,18,2
2026-03-03,000858,11:00:54,102.0800,75,2
2026-03-03,000858,11:00:57,102.0900,13,4
2026-03-03,000858,11:01:00,102.0900,9,2
2026-03-03,000858,11:01:03,102.1000,84,1
2026-03-03,000858,11:01:06,102.0900,8,2
2026-03-03,000858,11:01:09,102.1100,101,1
2026-03-03,000858,11:01:12,102.1100,20,1
2026-03-03,000858,11:01:15,102.1200,2,1
2026-03-03,000858,11:01:18,102.1200,25,1
2026-03-03,000858,11:01:21,102.1400,64,1
2026-03-03,000858,11:01:24,102.1500,26,1
2026-03-03,000858,11:01:27,102.1500,9,2
2026-03-03,000858,11:01:30,102.1500,5,2
2026-03-03,000858,11:01:33,102.1500,10,2
2026-03-03,000858,11:01:36,102.1200,32,2
2026-03-03,000858,11:01:39,102.1200,7,2
2026-03-03,000858,11:01:42,102.1600,13,1
2026-03-03,000858,11:01:45,102.1300,8,2
2026-03-03,000858,11:01:48,102.1600,12,1
2026-03-03,000858,11:01:51,102.1800,75,1
2026-03-03,000858,11:01:54,102.1800,7,2
2026-03-03,000858,11:01:57,102.1900,4,1
2026-03-03,000858,11:02:00,102.1900,5,1
2026-03-03,000858,11:02:03,102.2100,38,1
2026-03-03,000858,11:02:06,102.2500,51,1
2026-03-03,000858,11:02:09,102.2600,8,1
2026-03-03,000858,11:02:12,102.2600,3,1
2026-03-03,000858,11:02:15,102.2600,7,2
2026-03-03,000858,11:02:18,102.2600,15,2
2026-03-03,000858,11:02:21,102.2600,25,2
2026-03-03,000858,11:02:24,102.2700,13,1
2026-03-03,000858,11:02:27,102.2800,15,1
2026-03-03,000858,11:02:30,102.2800,19,1
2026-03-03,000858,11:02:33,102.2800,42,1
2026-03-03,000858,11:02:36,102.2800,11,2
2026-03-03,000858,11:02:39,102.2800,12,2
2026-03-03,000858,11:02:42,102.2800,10,2
2026-03-03,000858,11:02:45,102.2900,5,1
2026-03-03,000858,11:02:48,102.2900,21,2
2026-03-03,000858,11:02:51,102.2900,110,2
2026-03-03,000858,11:02:54,102.2900,28,4
2026-03-03,000858,11:02:57,102.2900,26,1
2026-03-03,000858,11:03:00,102.2900,3,1
2026-03-03,000858,11:03:03,102.2900,27,1
2026-03-03,000858,11:03:06,102.2900,29,1
2026-03-03,000858,11:03:09,102.2900,11,2
2026-03-03,000858,11:03:12,102.2900,20,2
2026-03-03,000858,11:03:15,102.2900,8,2
2026-03-03,000858,11:03:18,102.3000,64,1
2026-03-03,000858,11:03:21,102.3000,11,1
2026-03-03,000858,11:03:24,102.3000,20,1
2026-03-03,000858,11:03:27,102.3000,7,2
2026-03-03,000858,11:03:30,102.3100,1,1
2026-03-03,000858,11:03:33,102.3100,39,1
2026-03-03,000858,11:03:36,102.3100,11,1
2026-03-03,000858,11:03:39,102.3200,2,1
2026-03-03,000858,11:03:42,102.3200,5,1
2026-03-03,000858,11:03:45,102.3100,27,2
2026-03-03,000858,11:03:48,102.3100,20,2
2026-03-03,000858,11:03:51,102.3100,9,1
2026-03-03,000858,11:03:54,102.3200,54,1
2026-03-03,000858,11:03:57,102.3200,12,2
2026-03-03,000858,11:04:00,102.3300,16,1
2026-03-03,000858,11:04:03,102.3400,26,1
2026-03-03,000858,11:04:06,102.3400,2,1
2026-03-03,000858,11:04:09,102.3200,36,2
2026-03-03,000858,11:04:12,102.3200,13,2
2026-03-03,000858,11:04:15,102.3100,18,2
2026-03-03,000858,11:04:18,102.2900,76,2
2026-03-03,000858,11:04:21,102.3000,32,1
2026-03-03,000858,11:04:24,102.3100,53,1
2026-03-03,000858,11:04:27,102.3100,14,1
2026-03-03,000858,11:04:30,102.3100,44,2
2026-03-03,000858,11:04:33,102.3400,30,1
2026-03-03,000858,11:04:36,102.3200,6,2
2026-03-03,000858,11:04:39,102.3200,7,2
2026-03-03,000858,11:04:42,102.3200,20,2
2026-03-03,000858,11:04:45,102.3400,1,1
2026-03-03,000858,11:04:48,102.3500,35,1
2026-03-03,000858,11:04:51,102.3800,60,1
2026-03-03,000858,11:04:54,102.4000,37,1
2026-03-03,000858,11:04:57,102.4300,35,1
2026-03-03,000858,11:05:00,102.4200,20,1
2026-03-03,000858,11:05:03,102.3900,5,2
2026-03-03,000858,11:05:06,102.4400,28,1
2026-03-03,000858,11:05:09,102.3900,80,2
2026-03-03,000858,11:05:12,102.4200,12,1
2026-03-03,000858,11:05:15,102.4100,19,4
2026-03-03,000858,11:05:18,102.3800,25,2
2026-03-03,000858,11:05:21,102.3400,25,2
2026-03-03,000858,11:05:24,102.3300,31,2
2026-03-03,000858,11:05:27,102.3400,17,4
2026-03-03,000858,11:05:30,102.3200,40,2
2026-03-03,000858,11:05:33,102.3200,8,2
2026-03-03,000858,11:05:36,102.3100,42,2
2026-03-03,000858,11:05:39,102.3300,1,1
2026-03-03,000858,11:05:42,102.3300,13,1
2026-03-03,000858,11:05:45,102.3300,40,1
2026-03-03,000858,11:05:48,102.3100,20,2
2026-03-03,000858,11:05:51,102.3200,8,1
2026-03-03,000858,11:05:54,102.3300,30,1
2026-03-03,000858,11:05:57,102.3200,6,1
2026-03-03,000858,11:06:00,102.3100,25,2
2026-03-03,000858,11:06:03,102.3200,20,1
2026-03-03,000858,11:06:06,102.3100,28,2
2026-03-03,000858,11:06:09,102.3100,10,2
2026-03-03,000858,11:06:12,102.3200,26,2
2026-03-03,000858,11:06:15,102.3200,10,1
2026-03-03,000858,11:06:18,102.3400,3,2
2026-03-03,000858,11:06:21,102.3400,6,2
2026-03-03,000858,11:06:24,102.3500,8,1
2026-03-03,000858,11:06:27,102.3300,8,2
2026-03-03,000858,11:06:30,102.3400,10,1
2026-03-03,000858,11:06:33,102.3300,7,2
2026-03-03,000858,11:06:36,102.3400,26,1
2026-03-03,000858,11:06:39,102.3300,14,4
2026-03-03,000858,11:06:42,102.3200,2,2
2026-03-03,000858,11:06:45,102.3200,21,2
2026-03-03,000858,11:06:48,102.3200,8,1
2026-03-03,000858,11:06:51,102.3100,13,2
2026-03-03,000858,11:06:54,102.3100,15,2
2026-03-03,000858,11:06:57,102.3200,10,1
2026-03-03,000858,11:07:00,102.3100,15,2
2026-03-03,000858,11:07:03,102.3100,17,2
2026-03-03,000858,11:07:06,102.3100,21,2
2026-03-03,000858,11:07:09,102.3100,3,4
2026-03-03,000858,11:07:12,102.3100,7,1
2026-03-03,000858,11:07:15,102.3100,19,1
2026-03-03,000858,11:07:18,102.3100,30,1
2026-03-03,000858,11:07:21,102.3100,2,1
2026-03-03,000858,11:07:24,102.3100,20,1
2026-03-03,000858,11:07:27,102.3100,1,1
2026-03-03,000858,11:07:30,102.3000,3,2
2026-03-03,000858,11:07:33,102.3000,15,2
2026-03-03,000858,11:07:36,102.3000,26,2
2026-03-03,000858,11:07:39,102.2900,19,2
2026-03-03,000858,11:07:42,102.2900,16,1
2026-03-03,000858,11:07:45,102.2800,11,2
2026-03-03,000858,11:07:48,102.2900,8,1
2026-03-03,000858,11:07:51,102.2800,52,2
2026-03-03,000858,11:07:54,102.2800,19,2
2026-03-03,000858,11:07:57,102.2900,16,1
2026-03-03,000858,11:08:00,102.2700,13,2
2026-03-03,000858,11:08:03,102.2800,7,4
2026-03-03,000858,11:08:06,102.2800,12,2
2026-03-03,000858,11:08:09,102.2800,34,4
2026-03-03,000858,11:08:12,102.2800,10,2
2026-03-03,000858,11:08:15,102.2600,14,2
2026-03-03,000858,11:08:18,102.2800,25,1
2026-03-03,000858,11:08:21,102.2800,13,1
2026-03-03,000858,11:08:24,102.2600,5,2
2026-03-03,000858,11:08:27,102.2600,4,2
2026-03-03,000858,11:08:30,102.2600,5,2
2026-03-03,000858,11:08:33,102.2600,11,1
2026-03-03,000858,11:08:36,102.2500,3,2
2026-03-03,000858,11:08:39,102.2500,18,2
2026-03-03,000858,11:08:42,102.2500,20,2
2026-03-03,000858,11:08:45,102.2300,8,2
2026-03-03,000858,11:08:48,102.2100,25,2
2026-03-03,000858,11:08:51,102.2000,47,2
2026-03-03,000858,11:08:54,102.1900,7,2
2026-03-03,000858,11:08:57,102.2100,33,1
2026-03-03,000858,11:09:00,102.2100,72,1
2026-03-03,000858,11:09:03,102.2000,20,2
2026-03-03,000858,11:09:09,102.2100,8,2
2026-03-03,000858,11:09:12,102.2300,12,1
2026-03-03,000858,11:09:15,102.2100,11,2
2026-03-03,000858,11:09:18,102.2300,20,1
2026-03-03,000858,11:09:21,102.2300,1,1
2026-03-03,000858,11:09:24,102.2200,41,1
2026-03-03,000858,11:09:27,102.2100,20,2
2026-03-03,000858,11:09:33,102.2200,23,1
2026-03-03,000858,11:09:36,102.2200,7,1
2026-03-03,000858,11:09:39,102.2100,26,2
2026-03-03,000858,11:09:42,102.2100,30,2
2026-03-03,000858,11:09:45,102.2200,4,2
2026-03-03,000858,11:09:48,102.2200,1,1
2026-03-03,000858,11:09:51,102.2200,11,1
2026-03-03,000858,11:09:54,102.2200,31,1
2026-03-03,000858,11:09:57,102.2300,6,1
2026-03-03,000858,11:10:00,102.2200,3,2
2026-03-03,000858,11:10:03,102.2300,82,1
2026-03-03,000858,11:10:09,102.2300,5,2
2026-03-03,000858,11:10:12,102.2300,2,2
2026-03-03,000858,11:10:15,102.2400,24,1
2026-03-03,000858,11:10:18,102.2300,52,2
2026-03-03,000858,11:10:21,102.2300,6,1
2026-03-03,000858,11:10:24,102.3100,175,1
2026-03-03,000858,11:10:27,102.3200,3,1
2026-03-03,000858,11:10:30,102.3200,59,1
2026-03-03,000858,11:10:33,102.3200,1,4
2026-03-03,000858,11:10:36,102.3200,1,2
2026-03-03,000858,11:10:39,102.3300,1,1
2026-03-03,000858,11:10:42,102.3200,16,2
2026-03-03,000858,11:10:45,102.3200,8,2
2026-03-03,000858,11:10:48,102.3700,103,1
2026-03-03,000858,11:10:51,102.3400,28,2
2026-03-03,000858,11:10:54,102.3800,7,1
2026-03-03,000858,11:10:57,102.3400,12,2
2026-03-03,000858,11:11:00,102.3500,11,1
2026-03-03,000858,11:11:03,102.3500,12,4
2026-03-03,000858,11:11:06,102.3800,18,1
2026-03-03,000858,11:11:09,102.3600,13,2
2026-03-03,000858,11:11:12,102.4100,72,1
2026-03-03,000858,11:11:15,102.4000,17,4
2026-03-03,000858,11:11:18,102.4100,2,2
2026-03-03,000858,11:11:21,102.4100,18,2
2026-03-03,000858,11:11:24,102.4000,27,2
2026-03-03,000858,11:11:27,102.4200,7,1
2026-03-03,000858,11:11:30,102.4100,35,4
2026-03-03,000858,11:11:33,102.4000,5,2
2026-03-03,000858,11:11:36,102.4100,3,2
2026-03-03,000858,11:11:39,102.4000,9,2
2026-03-03,000858,11:11:42,102.4000,33,2
2026-03-03,000858,11:11:48,102.4800,246,1
2026-03-03,000858,11:11:51,102.4900,160,1
2026-03-03,000858,11:11:54,102.4900,14,2
2026-03-03,000858,11:11:57,102.4900,18,2
2026-03-03,000858,11:12:00,102.4900,9,1
2026-03-03,000858,11:12:03,102.4900,74,1
2026-03-03,000858,11:12:06,102.4800,43,2
2026-03-03,000858,11:12:09,102.4900,11,1
2026-03-03,000858,11:12:12,102.5000,37,1
2026-03-03,000858,11:12:15,102.5000,121,1
2026-03-03,000858,11:12:18,102.5000,2,2
2026-03-03,000858,11:12:21,102.5000,10,2
2026-03-03,000858,11:12:24,102.5000,9,2
2026-03-03,000858,11:12:27,102.5100,18,1
2026-03-03,000858,11:12:30,102.5100,89,1
2026-03-03,000858,11:12:33,102.5000,19,2
2026-03-03,000858,11:12:36,102.5200,14,1
2026-03-03,000858,11:12:39,102.5000,42,2
2026-03-03,000858,11:12:42,102.5200,9,1
2026-03-03,000858,11:12:45,102.5100,10,2
2026-03-03,000858,11:12:48,102.5100,18,2
2026-03-03,000858,11:12:51,102.5100,20,2
2026-03-03,000858,11:12:54,102.5100,20,4
2026-03-03,000858,11:12:57,102.5000,14,2
2026-03-03,000858,11:13:00,102.5000,36,2
2026-03-03,000858,11:13:03,102.4500,107,2
2026-03-03,000858,11:13:06,102.4600,27,1
2026-03-03,000858,11:13:12,102.4600,7,1
2026-03-03,000858,11:13:15,102.4600,15,1
2026-03-03,000858,11:13:18,102.4500,11,1
2026-03-03,000858,11:13:21,102.4100,13,2
2026-03-03,000858,11:13:24,102.4700,61,1
2026-03-03,000858,11:13:30,102.4600,26,2
2026-03-03,000858,11:13:33,102.4400,3,2
2026-03-03,000858,11:13:36,102.4100,175,2
2026-03-03,000858,11:13:39,102.4600,11,1
2026-03-03,000858,11:13:42,102.4400,9,4
2026-03-03,000858,11:13:45,102.4400,6,1
2026-03-03,000858,11:13:48,102.4300,13,4
2026-03-03,000858,11:13:51,102.4200,12,2
2026-03-03,000858,11:13:54,102.4300,22,4
2026-03-03,000858,11:13:57,102.4300,33,2
2026-03-03,000858,11:14:00,102.4300,15,4
2026-03-03,000858,11:14:03,102.4300,40,1
2026-03-03,000858,11:14:06,102.4300,9,2
2026-03-03,000858,11:14:09,102.4400,7,1
2026-03-03,000858,11:14:12,102.4300,6,2
2026-03-03,000858,11:14:15,102.4200,9,2
2026-03-03,000858,11:14:18,102.4300,9,1
2026-03-03,000858,11:14:21,102.4200,3,2
2026-03-03,000858,11:14:24,102.4200,13,2
2026-03-03,000858,11:14:27,102.4000,4,2
2026-03-03,000858,11:14:30,102.4100,19,1
2026-03-03,000858,11:14:33,102.4100,4,1
2026-03-03,000858,11:14:36,102.4100,3,1
2026-03-03,000858,11:14:39,102.4000,12,2
2026-03-03,000858,11:14:42,102.3800,90,2
2026-03-03,000858,11:14:45,102.4100,28,1
2026-03-03,000858,11:14:48,102.3800,7,2
2026-03-03,000858,11:14:51,102.4000,1,1
2026-03-03,000858,11:14:54,102.3800,8,2
2026-03-03,000858,11:15:00,102.3800,14,2
2026-03-03,000858,11:15:03,102.4200,73,1
2026-03-03,000858,11:15:06,102.4200,28,1
2026-03-03,000858,11:15:09,102.4400,70,1
2026-03-03,000858,11:15:12,102.4400,63,1
2026-03-03,000858,11:15:15,102.4400,18,1
2026-03-03,000858,11:15:18,102.4400,1,2
2026-03-03,000858,11:15:21,102.4400,6,2
2026-03-03,000858,11:15:24,102.4300,5,2
2026-03-03,000858,11:15:27,102.4300,6,2
2026-03-03,000858,11:15:30,102.4400,16,1
2026-03-03,000858,11:15:33,102.4400,8,2
2026-03-03,000858,11:15:36,102.4400,5,2
2026-03-03,000858,11:15:39,102.4400,13,2
2026-03-03,000858,11:15:42,102.4300,29,2
2026-03-03,000858,11:15:45,102.4300,4,1
2026-03-03,000858,11:15:48,102.4300,4,1
2026-03-03,000858,11:15:51,102.4200,11,2
2026-03-03,000858,11:15:54,102.4200,34,2
2026-03-03,000858,11:15:57,102.4200,8,4
2026-03-03,000858,11:16:00,102.4100,8,2
2026-03-03,000858,11:16:03,102.4300,72,1
2026-03-03,000858,11:16:06,102.4200,25,2
2026-03-03,000858,11:16:09,102.4200,7,1
2026-03-03,000858,11:16:12,102.4100,3,2
2026-03-03,000858,11:16:15,102.4200,2,1
2026-03-03,000858,11:16:18,102.4000,4,2
2026-03-03,000858,11:16:21,102.4100,3,4
2026-03-03,000858,11:16:24,102.4100,5,1
2026-03-03,000858,11:16:27,102.4000,75,2
2026-03-03,000858,11:16:30,102.4100,19,1
2026-03-03,000858,11:16:33,102.3900,4,2
2026-03-03,000858,11:16:39,102.3900,4,2
2026-03-03,000858,11:16:42,102.3900,11,2
2026-03-03,000858,11:16:45,102.3900,15,2
2026-03-03,000858,11:16:48,102.3800,18,2
2026-03-03,000858,11:16:51,102.3900,16,1
2026-03-03,000858,11:16:54,102.4100,135,1
2026-03-03,000858,11:16:57,102.3800,16,2
2026-03-03,000858,11:17:00,102.3900,6,4
2026-03-03,000858,11:17:03,102.3800,7,2
2026-03-03,000858,11:17:06,102.3800,4,2
2026-03-03,000858,11:17:09,102.4000,3,1
2026-03-03,000858,11:17:12,102.4000,18,1
2026-03-03,000858,11:17:15,102.4000,15,1
2026-03-03,000858,11:17:18,102.3800,12,2
2026-03-03,000858,11:17:21,102.3900,1,1
2026-03-03,000858,11:17:24,102.3900,4,1
2026-03-03,000858,11:17:27,102.3900,1,1
2026-03-03,000858,11:17:30,102.3800,14,2
2026-03-03,000858,11:17:33,102.3800,22,2
2026-03-03,000858,11:17:36,102.3800,3,2
2026-03-03,000858,11:17:39,102.3800,29,2
2026-03-03,000858,11:17:42,102.3800,42,2
2026-03-03,000858,11:17:45,102.3500,233,2
2026-03-03,000858,11:17:48,102.3600,12,2
2026-03-03,000858,11:17:51,102.3600,8,1
2026-03-03,000858,11:17:54,102.3600,7,1
2026-03-03,000858,11:17:57,102.3400,35,2
2026-03-03,000858,11:18:00,102.3300,13,1
2026-03-03,000858,11:18:03,102.3500,24,1
2026-03-03,000858,11:18:06,102.3200,12,2
2026-03-03,000858,11:18:09,102.3200,9,2
2026-03-03,000858,11:18:12,102.3200,10,2
2026-03-03,000858,11:18:15,102.3200,31,1
2026-03-03,000858,11:18:18,102.3200,25,2
2026-03-03,000858,11:18:21,102.3200,20,2
2026-03-03,000858,11:18:24,102.3200,6,2
2026-03-03,000858,11:18:27,102.3200,11,2
2026-03-03,000858,11:18:30,102.3300,4,1
2026-03-03,000858,11:18:33,102.3200,8,2
2026-03-03,000858,11:18:36,102.3200,30,2
2026-03-03,000858,11:18:39,102.3200,6,2
