date,code,time,price,volume,bs
2026-04-28,601012,14:07:03,16.9800,20,1
2026-04-28,601012,14:07:06,16.9800,137,1
2026-04-28,601012,14:07:09,16.9800,10,1
2026-04-28,601012,14:07:12,16.9800,74,1
2026-04-28,601012,14:07:15,16.9700,307,2
2026-04-28,601012,14:07:18,16.9800,232,1
2026-04-28,601012,14:07:21,16.9800,19,1
2026-04-28,601012,14:07:24,16.9700,75,2
2026-04-28,601012,14:07:27,16.9700,32,2
2026-04-28,601012,14:07:30,16.9700,35,2
2026-04-28,601012,14:07:33,16.9800,90,1
2026-04-28,601012,14:07:36,16.9800,55,1
2026-04-28,601012,14:07:39,16.9700,44,2
2026-04-28,601012,14:07:42,16.9700,86,2
2026-04-28,601012,14:07:45,16.9800,8,1
2026-04-28,601012,14:07:48,16.9800,38,1
2026-04-28,601012,14:07:51,16.9700,167,2
2026-04-28,601012,14:07:54,16.9800,53,1
2026-04-28,601012,14:07:57,16.9800,27,1
2026-04-28,601012,14:08:00,16.9700,35,2
2026-04-28,601012,14:08:03,16.9800,5,1
2026-04-28,601012,14:08:06,16.9700,398,2
2026-04-28,601012,14:08:09,16.9800,34,1
2026-04-28,601012,14:08:12,16.9800,20,1
2026-04-28,601012,14:08:15,16.9800,1860,1
2026-04-28,601012,14:08:18,16.9800,526,2
2026-04-28,601012,14:08:21,16.9900,139,1
2026-04-28,601012,14:08:24,16.9800,64,2
2026-04-28,601012,14:08:27,16.9900,7,1
2026-04-28,601012,14:08:30,16.9900,44,1
2026-04-28,601012,14:08:33,16.9900,52,1
2026-04-28,601012,14:08:36,16.9900,86,1
2026-04-28,601012,14:08:39,16.9800,67,2
2026-04-28,601012,14:08:42,16.9900,64,1
2026-04-28,601012,14:08:45,16.9900,795,1
2026-04-28,601012,14:08:48,17.0000,71,1
2026-04-28,601012,14:08:51,17.0000,47,1
2026-04-28,601012,14:08:54,17.0000,30,1
2026-04-28,601012,14:08:57,17.0000,62,1
2026-04-28,601012,14:09:00,16.9900,16,2
2026-04-28,601012,14:09:03,16.9900,20,2
2026-04-28,601012,14:09:06,17.0000,24,1
2026-04-28,601012,14:09:09,17.0000,23,1
2026-04-28,601012,14:09:12,17.0000,4,1
2026-04-28,601012,14:09:15,17.0000,64,1
2026-04-28,601012,14:09:18,16.9900,57,2
2026-04-28,601012,14:09:21,16.9900,14,2
2026-04-28,601012,14:09:24,16.9900,127,2
2026-04-28,601012,14:09:27,16.9900,58,2
2026-04-28,601012,14:09:30,16.9900,25,2
2026-04-28,601012,14:09:33,16.9900,110,2
2026-04-28,601012,14:09:36,16.9900,62,2
2026-04-28,601012,14:09:39,16.9900,153,2
2026-04-28,601012,14:09:42,16.9900,137,2
2026-04-28,601012,14:09:45,16.9900,20,1
2026-04-28,601012,14:09:48,16.9900,13,1
2026-04-28,601012,14:09:51,16.9900,66,1
2026-04-28,601012,14:09:54,16.9800,17,2
2026-04-28,601012,14:09:57,16.9900,196,1
2026-04-28,601012,14:10:00,16.9900,14,1
2026-04-28,601012,14:10:03,16.9900,43,1
2026-04-28,601012,14:10:06,16.9900,694,1
2026-04-28,601012,14:10:09,16.9900,42,2
2026-04-28,601012,14:10:12,16.9900,118,2
2026-04-28,601012,14:10:15,16.9900,169,2
2026-04-28,601012,14:10:18,16.9900,104,2
2026-04-28,601012,14:10:21,16.9900,152,2
2026-04-28,601012,14:10:24,16.9900,112,2
2026-04-28,601012,14:10:27,16.9900,486,2
2026-04-28,601012,14:10:30,16.9900,152,2
2026-04-28,601012,14:10:33,16.9900,90,2
2026-04-28,601012,14:10:36,16.9900,70,2
2026-04-28,601012,14:10:39,17.0000,1,1
2026-04-28,601012,14:10:42,16.9900,156,2
2026-04-28,601012,14:10:45,17.0000,60,1
2026-04-28,601012,14:10:48,16.9900,128,2
2026-04-28,601012,14:10:51,16.9900,23,2
2026-04-28,601012,14:10:54,16.9900,1072,2
2026-04-28,601012,14:10:57,17.0000,15,1
2026-04-28,601012,14:11:03,16.9900,8,2
2026-04-28,601012,14:11:06,17.0000,2,1
2026-04-28,601012,14:11:09,17.0000,10,1
2026-04-28,601012,14:11:12,17.0000,22,1
2026-04-28,601012,14:11:15,16.9900,30,2
2026-04-28,601012,14:11:18,16.9900,17,2
2026-04-28,601012,14:11:21,17.0000,1435,1
2026-04-28,601012,14:11:24,17.0000,603,1
2026-04-28,601012,14:11:27,17.0000,15,2
2026-04-28,601012,14:11:30,17.0000,113,2
2026-04-28,601012,14:11:33,17.0000,77,2
2026-04-28,601012,14:11:36,17.0000,33,2
2026-04-28,601012,14:11:39,17.0000,17,2
2026-04-28,601012,14:11:42,17.0000,157,2
2026-04-28,601012,14:11:45,17.0000,62,2
2026-04-28,601012,14:11:48,17.0000,45,2
2026-04-28,601012,14:11:51,17.0000,41,2
2026-04-28,601012,14:11:54,17.0000,55,2
2026-04-28,601012,14:11:57,17.0100,92,1
2026-04-28,601012,14:12:00,17.0100,58,1
2026-04-28,601012,14:12:03,17.0100,34,1
2026-04-28,601012,14:12:06,17.0100,17,1
2026-04-28,601012,14:12:09,17.0000,31,2
2026-04-28,601012,14:12:12,17.0100,3,1
2026-04-28,601012,14:12:15,17.0000,145,2
2026-04-28,601012,14:12:18,17.0100,27,1
2026-04-28,601012,14:12:21,17.0000,40,2
2026-04-28,601012,14:12:24,17.0100,17,1
2026-04-28,601012,14:12:27,17.0000,5,2
2026-04-28,601012,14:12:30,17.0100,54,1
2026-04-28,601012,14:12:33,17.0100,82,1
2026-04-28,601012,14:12:36,17.0100,12,1
2026-04-28,601012,14:12:39,17.0000,17,2
2026-04-28,601012,14:12:42,17.0000,23,2
2026-04-28,601012,14:12:45,17.0000,47,2
2026-04-28,601012,14:12:48,17.0000,100,2
2026-04-28,601012,14:12:51,17.0000,12,2
2026-04-28,601012,14:12:54,17.0000,26,2
2026-04-28,601012,14:12:57,17.0000,106,2
2026-04-28,601012,14:13:00,17.0000,7,2
2026-04-28,601012,14:13:03,17.0000,86,2
2026-04-28,601012,14:13:06,17.0000,129,2
2026-04-28,601012,14:13:09,17.0000,51,2
2026-04-28,601012,14:13:12,17.0000,34,2
2026-04-28,601012,14:13:15,17.0100,58,1
2026-04-28,601012,14:13:18,17.0000,31,2
2026-04-28,601012,14:13:21,17.0000,37,2
2026-04-28,601012,14:13:24,17.0000,24,2
2026-04-28,601012,14:13:27,17.0000,42,2
2026-04-28,601012,14:13:30,17.0000,45,2
2026-04-28,601012,14:13:33,17.0000,16,2
2026-04-28,601012,14:13:36,17.0000,18,2
2026-04-28,601012,14:13:39,17.0100,69,1
2026-04-28,601012,14:13:42,17.0000,95,2
2026-04-28,601012,14:13:45,17.0000,57,2
2026-04-28,601012,14:13:48,17.0000,30,2
2026-04-28,601012,14:13:51,17.0100,4,1
2026-04-28,601012,14:13:54,17.0100,27,1
2026-04-28,601012,14:13:57,17.0100,111,1
2026-04-28,601012,14:14:00,17.0000,2,2
2026-04-28,601012,14:14:03,17.0000,75,2
2026-04-28,601012,14:14:06,17.0100,28,1
2026-04-28,601012,14:14:09,17.0100,130,1
2026-04-28,601012,14:14:12,17.0000,46,2
2026-04-28,601012,14:14:15,17.0000,11,2
2026-04-28,601012,14:14:18,17.0000,7,2
2026-04-28,601012,14:14:21,17.0000,133,2
2026-04-28,601012,14:14:24,17.0000,88,2
2026-04-28,601012,14:14:27,17.0000,39,2
2026-04-28,601012,14:14:30,17.0100,26,1
2026-04-28,601012,14:14:33,17.0100,65,1
2026-04-28,601012,14:14:36,17.0100,41,1
2026-04-28,601012,14:14:39,17.0000,151,2
2026-04-28,601012,14:14:42,17.0100,1,1
2026-04-28,601012,14:14:45,17.0100,4,1
2026-04-28,601012,14:14:48,17.0100,47,1
2026-04-28,601012,14:14:51,17.0100,65,1
2026-04-28,601012,14:14:54,17.0000,74,2
2026-04-28,601012,14:14:57,17.0100,65,1
2026-04-28,601012,14:15:00,17.0100,1147,1
2026-04-28,601012,14:15:03,17.0100,225,1
2026-04-28,601012,14:15:06,17.0100,29,1
2026-04-28,601012,14:15:09,17.0100,24,1
2026-04-28,601012,14:15:12,17.0100,335,1
2026-04-28,601012,14:15:15,17.0100,85,1
2026-04-28,601012,14:15:18,17.0100,41,2
2026-04-28,601012,14:15:21,17.0100,282,2
2026-04-28,601012,14:15:24,17.0100,106,2
2026-04-28,601012,14:15:27,17.0000,33,2
2026-04-28,601012,14:15:30,17.0100,3,1
2026-04-28,601012,14:15:33,17.0000,53,2
2026-04-28,601012,14:15:36,17.0000,22,2
2026-04-28,601012,14:15:39,17.0000,14,2
2026-04-28,601012,14:15:42,17.0000,88,2
2026-04-28,601012,14:15:45,17.0000,2042,2
2026-04-28,601012,14:15:48,17.0000,24,1
2026-04-28,601012,14:15:51,16.9900,63,2
2026-04-28,601012,14:15:54,16.9900,32,2
2026-04-28,601012,14:15:57,16.9900,26,2
2026-04-28,601012,14:16:00,16.9900,122,2
2026-04-28,601012,14:16:03,16.9900,116,2
2026-04-28,601012,14:16:06,16.9900,88,2
2026-04-28,601012,14:16:09,16.9900,123,2
2026-04-28,601012,14:16:12,16.9900,57,1
2026-04-28,601012,14:16:15,16.9900,48,1
2026-04-28,601012,14:16:18,16.9900,12,1
2026-04-28,601012,14:16:21,16.9900,248,1
2026-04-28,601012,14:16:24,16.9800,53,2
2026-04-28,601012,14:16:27,16.9800,55,2
2026-04-28,601012,14:16:30,16.9800,12,2
2026-04-28,601012,14:16:33,16.9900,139,1
2026-04-28,601012,14:16:36,16.9800,56,2
2026-04-28,601012,14:16:39,16.9900,14,1
2026-04-28,601012,14:16:42,16.9800,5,2
2026-04-28,601012,14:16:45,16.9800,132,2
2026-04-28,601012,14:16:48,16.9800,1,2
2026-04-28,601012,14:16:51,16.9900,36,1
2026-04-28,601012,14:16:54,16.9900,16,1
2026-04-28,601012,14:16:57,16.9900,18,1
2026-04-28,601012,14:17:00,16.9900,22,1
2026-04-28,601012,14:17:03,16.9800,154,2
2026-04-28,601012,14:17:06,16.9900,66,1
2026-04-28,601012,14:17:09,16.9800,563,2
2026-04-28,601012,14:17:12,16.9800,22,1
2026-04-28,601012,14:17:15,16.9800,39,2
2026-04-28,601012,14:17:18,16.9800,79,2
2026-04-28,601012,14:17:21,16.9800,70,2
2026-04-28,601012,14:17:24,16.9800,11,2
2026-04-28,601012,14:17:27,16.9900,67,1
2026-04-28,601012,14:17:30,16.9800,12,4
2026-04-28,601012,14:17:33,16.9900,17,1
2026-04-28,601012,14:17:36,16.9800,1,2
2026-04-28,601012,14:17:39,16.9700,18,2
2026-04-28,601012,14:17:42,16.9700,39,2
2026-04-28,601012,14:17:45,16.9800,1,1
2026-04-28,601012,14:17:48,16.9700,14,2
2026-04-28,601012,14:17:51,16.9700,54,2
2026-04-28,601012,14:17:54,16.9700,115,2
2026-04-28,601012,14:17:57,16.9800,25,1
2026-04-28,601012,14:18:00,16.9800,22,1
2026-04-28,601012,14:18:03,16.9800,458,1
2026-04-28,601012,14:18:06,16.9700,124,2
2026-04-28,601012,14:18:09,16.9800,925,1
2026-04-28,601012,14:18:12,16.9700,49,2
2026-04-28,601012,14:18:15,16.9800,16,1
2026-04-28,601012,14:18:18,16.9800,110,1
2026-04-28,601012,14:18:21,16.9700,1,2
2026-04-28,601012,14:18:24,16.9700,60,2
2026-04-28,601012,14:18:27,16.9700,10,2
2026-04-28,601012,14:18:30,16.9700,49,2
2026-04-28,601012,14:18:33,16.9700,161,2
2026-04-28,601012,14:18:36,16.9800,22,1
2026-04-28,601012,14:18:39,16.9700,23,2
2026-04-28,601012,14:18:42,16.9700,87,2
2026-04-28,601012,14:18:45,16.9700,53,2
2026-04-28,601012,14:18:48,16.9700,29,2
2026-04-28,601012,14:18:51,16.9700,84,2
2026-04-28,601012,14:18:54,16.9700,15,2
2026-04-28,601012,14:18:57,16.9700,21,4
2026-04-28,601012,14:19:00,16.9600,30,2
2026-04-28,601012,14:19:03,16.9600,37,2
2026-04-28,601012,14:19:06,16.9600,17,2
2026-04-28,601012,14:19:09,16.9700,29,1
2026-04-28,601012,14:19:12,16.9600,2,2
2026-04-28,601012,14:19:15,16.9800,181,1
2026-04-28,601012,14:19:18,16.9600,86,2
2026-04-28,601012,14:19:21,16.9700,11,2
2026-04-28,601012,14:19:24,16.9800,308,1
2026-04-28,601012,14:19:27,16.9700,12,4
2026-04-28,601012,14:19:30,16.9700,9,1
2026-04-28,601012,14:19:33,16.9600,52,2
2026-04-28,601012,14:19:36,16.9600,133,2
2026-04-28,601012,14:19:39,16.9700,14,1
2026-04-28,601012,14:19:42,16.9600,66,2
2026-04-28,601012,14:19:45,16.9600,2,2
2026-04-28,601012,14:19:48,16.9600,58,2
2026-04-28,601012,14:19:51,16.9600,93,2
2026-04-28,601012,14:19:54,16.9700,92,1
2026-04-28,601012,14:19:57,16.9700,40,1
2026-04-28,601012,14:20:00,16.9700,2,1
2026-04-28,601012,14:20:03,16.9700,15,1
2026-04-28,601012,14:20:06,16.9600,6,2
2026-04-28,601012,14:20:09,16.9700,26,1
2026-04-28,601012,14:20:12,16.9600,80,2
2026-04-28,601012,14:20:15,16.9600,95,2
2026-04-28,601012,14:20:18,16.9700,27,1
2026-04-28,601012,14:20:21,16.9600,124,2
2026-04-28,601012,14:20:24,16.9700,373,1
2026-04-28,601012,14:20:27,16.9600,12,2
2026-04-28,601012,14:20:30,16.9600,9,2
2026-04-28,601012,14:20:33,16.9700,53,1
2026-04-28,601012,14:20:36,16.9700,13,1
2026-04-28,601012,14:20:39,16.9600,68,2
2026-04-28,601012,14:20:42,16.9600,55,2
2026-04-28,601012,14:20:45,16.9600,43,2
2026-04-28,601012,14:20:48,16.9600,16,2
2026-04-28,601012,14:20:51,16.9600,174,2
2026-04-28,601012,14:20:54,16.9700,56,1
2026-04-28,601012,14:20:57,16.9700,229,1
2026-04-28,601012,14:21:00,16.9600,152,2
2026-04-28,601012,14:21:03,16.9600,4,2
2026-04-28,601012,14:21:06,16.9700,26,1
2026-04-28,601012,14:21:09,16.9700,47,1
2026-04-28,601012,14:21:12,16.9600,142,2
2026-04-28,601012,14:21:15,16.9700,13,1
2026-04-28,601012,14:21:18,16.9600,35,2
2026-04-28,601012,14:21:21,16.9600,128,2
2026-04-28,601012,14:21:24,16.9600,117,1
2026-04-28,601012,14:21:27,16.9500,55,2
2026-04-28,601012,14:21:30,16.9500,14,2
2026-04-28,601012,14:21:33,16.9600,40,1
2026-04-28,601012,14:21:36,16.9500,179,2
2026-04-28,601012,14:21:39,16.9500,47,2
2026-04-28,601012,14:21:42,16.9600,51,1
2026-04-28,601012,14:21:45,16.9600,96,1
2026-04-28,601012,14:21:48,16.9500,19,2
2026-04-28,601012,14:21:51,16.9500,12,2
2026-04-28,601012,14:21:54,16.9600,31,1
2026-04-28,601012,14:21:57,16.9600,2,1
2026-04-28,601012,14:22:00,16.9600,55,1
2026-04-28,601012,14:22:03,16.9600,38,1
2026-04-28,601012,14:22:06,16.9500,164,2
2026-04-28,601012,14:22:09,16.9600,16,1
2026-04-28,601012,14:22:12,16.9500,10,2
2026-04-28,601012,14:22:15,16.9600,9,1
2026-04-28,601012,14:22:18,16.9500,188,2
2026-04-28,601012,14:22:21,16.9500,117,2
2026-04-28,601012,14:22:24,16.9600,65,1
2026-04-28,601012,14:22:27,16.9500,74,2
2026-04-28,601012,14:22:30,16.9600,44,1
2026-04-28,601012,14:22:33,16.9500,143,2
2026-04-28,601012,14:22:36,16.9600,70,1
2026-04-28,601012,14:22:39,16.9500,41,2
2026-04-28,601012,14:22:42,16.9500,156,2
2026-04-28,601012,14:22:45,16.9500,33,2
2026-04-28,601012,14:22:48,16.9500,62,2
2026-04-28,601012,14:22:51,16.9500,41,2
2026-04-28,601012,14:22:54,16.9600,34,1
2026-04-28,601012,14:22:57,16.9600,70,1
2026-04-28,601012,14:23:00,16.9500,29,2
2026-04-28,601012,14:23:03,16.9500,9,2
2026-04-28,601012,14:23:06,16.9600,28,1
2026-04-28,601012,14:23:09,16.9500,104,2
2026-04-28,601012,14:23:12,16.9600,6,1
2026-04-28,601012,14:23:15,16.9500,2,2
2026-04-28,601012,14:23:18,16.9500,148,2
2026-04-28,601012,14:23:21,16.9500,56,2
2026-04-28,601012,14:23:24,16.9600,54,1
2026-04-28,601012,14:23:27,16.9500,49,2
2026-04-28,601012,14:23:30,16.9600,40,1
2026-04-28,601012,14:23:33,16.9500,85,2
2026-04-28,601012,14:23:36,16.9500,23,2
2026-04-28,601012,14:23:39,16.9600,140,1
2026-04-28,601012,14:23:42,16.9500,17,2
2026-04-28,601012,14:23:45,16.9600,230,1
2026-04-28,601012,14:23:48,16.9600,82,1
2026-04-28,601012,14:23:51,16.9500,1343,2
2026-04-28,601012,14:23:54,16.9600,23,1
2026-04-28,601012,14:23:57,16.9500,107,2
2026-04-28,601012,14:24:00,16.9600,66,1
2026-04-28,601012,14:24:03,16.9600,31,2
2026-04-28,601012,14:24:06,16.9600,12,1
2026-04-28,601012,14:24:09,16.9600,14,1
2026-04-28,601012,14:24:12,16.9500,10,2
2026-04-28,601012,14:24:15,16.9500,10,2
2026-04-28,601012,14:24:18,16.9500,20,2
2026-04-28,601012,14:24:21,16.9600,83,1
2026-04-28,601012,14:24:24,16.9500,45,2
2026-04-28,601012,14:24:27,16.9500,145,2
2026-04-28,601012,14:24:30,16.9600,117,1
2026-04-28,601012,14:24:33,16.9500,17,2
2026-04-28,601012,14:24:36,16.9600,123,1
2026-04-28,601012,14:24:39,16.9600,13,1
2026-04-28,601012,14:24:42,16.9600,33,1
2026-04-28,601012,14:24:45,16.9600,17,1
2026-04-28,601012,14:24:48,16.9600,44,1
2026-04-28,601012,14:24:51,16.9600,11,1
2026-04-28,601012,14:24:54,16.9600,53,1
2026-04-28,601012,14:24:57,16.9600,231,1
2026-04-28,601012,14:25:00,16.9600,7,1
2026-04-28,601012,14:25:03,16.9600,112,1
2026-04-28,601012,14:25:06,16.9600,146,1
2026-04-28,601012,14:25:09,16.9500,93,2
2026-04-28,601012,14:25:12,16.9600,121,1
2026-04-28,601012,14:25:15,16.9500,134,2
2026-04-28,601012,14:25:18,16.9500,86,2
2026-04-28,601012,14:25:21,16.9500,6,2
2026-04-28,601012,14:25:24,16.9400,618,2
2026-04-28,601012,14:25:27,16.9500,62,1
2026-04-28,601012,14:25:30,16.9500,40,1
2026-04-28,601012,14:25:33,16.9500,64,1
2026-04-28,601012,14:25:36,16.9400,140,2
2026-04-28,601012,14:25:39,16.9300,843,2
2026-04-28,601012,14:25:42,16.9400,30,1
2026-04-28,601012,14:25:45,16.9300,151,2
2026-04-28,601012,14:25:48,16.9400,63,1
2026-04-28,601012,14:25:51,16.9300,144,2
2026-04-28,601012,14:25:54,16.9300,158,2
2026-04-28,601012,14:25:57,16.9300,41,2
2026-04-28,601012,14:26:00,16.9300,57,2
2026-04-28,601012,14:26:03,16.9400,452,1
2026-04-28,601012,14:26:06,16.9300,564,2
2026-04-28,601012,14:26:09,16.9300,170,2
2026-04-28,601012,14:26:12,16.9300,805,2
2026-04-28,601012,14:26:15,16.9300,126,2
2026-04-28,601012,14:26:18,16.9300,391,2
2026-04-28,601012,14:26:21,16.9300,36,2
2026-04-28,601012,14:26:24,16.9300,95,2
2026-04-28,601012,14:26:27,16.9300,131,2
2026-04-28,601012,14:26:30,16.9300,284,2
2026-04-28,601012,14:26:33,16.9300,240,2
2026-04-28,601012,14:26:36,16.9300,46,2
2026-04-28,601012,14:26:39,16.9300,36,2
2026-04-28,601012,14:26:42,16.9400,157,1
2026-04-28,601012,14:26:45,16.9300,25,2
2026-04-28,601012,14:26:48,16.9300,175,2
2026-04-28,601012,14:26:51,16.9400,65,1
2026-04-28,601012,14:26:54,16.9300,64,2
2026-04-28,601012,14:26:57,16.9300,239,1
2026-04-28,601012,14:27:00,16.9300,46,1
2026-04-28,601012,14:27:03,16.9300,174,1
2026-04-28,601012,14:27:06,16.9200,298,2
2026-04-28,601012,14:27:09,16.9200,225,2
2026-04-28,601012,14:27:12,16.9200,216,2
2026-04-28,601012,14:27:15,16.9300,69,1
2026-04-28,601012,14:27:18,16.9200,4,2
2026-04-28,601012,14:27:21,16.9200,229,2
2026-04-28,601012,14:27:24,16.9200,42,2
2026-04-28,601012,14:27:27,16.9200,142,2
2026-04-28,601012,14:27:30,16.9200,1207,2
2026-04-28,601012,14:27:33,16.9200,239,2
2026-04-28,601012,14:27:36,16.9200,11,2
2026-04-28,601012,14:27:39,16.9200,53,2
2026-04-28,601012,14:27:42,16.9200,475,2
2026-04-28,601012,14:27:45,16.9300,211,1
2026-04-28,601012,14:27:48,16.9200,34,2
2026-04-28,601012,14:27:51,16.9200,199,2
2026-04-28,601012,14:27:54,16.9200,41,2
2026-04-28,601012,14:27:57,16.9300,286,1
2026-04-28,601012,14:28:00,16.9200,134,2
2026-04-28,601012,14:28:03,16.9200,532,2
2026-04-28,601012,14:28:06,16.9200,66,1
2026-04-28,601012,14:28:09,16.9100,269,2
2026-04-28,601012,14:28:12,16.9100,150,2
2026-04-28,601012,14:28:15,16.9200,57,1
2026-04-28,601012,14:28:18,16.9100,94,2
2026-04-28,601012,14:28:21,16.9200,120,1
2026-04-28,601012,14:28:24,16.9100,188,2
2026-04-28,601012,14:28:27,16.9200,110,1
2026-04-28,601012,14:28:30,16.9100,178,2
2026-04-28,601012,14:28:33,16.9200,49,1
2026-04-28,601012,14:28:36,16.9100,104,2
2026-04-28,601012,14:28:39,16.9100,124,2
2026-04-28,601012,14:28:42,16.9100,49,2
2026-04-28,601012,14:28:45,16.9200,91,1
2026-04-28,601012,14:28:48,16.9100,772,2
2026-04-28,601012,14:28:51,16.9200,11,4
2026-04-28,601012,14:28:54,16.9200,137,2
2026-04-28,601012,14:28:57,16.9200,1927,2
2026-04-28,601012,14:29:00,16.9200,21,1
2026-04-28,601012,14:29:03,16.9200,366,1
2026-04-28,601012,14:29:06,16.9100,876,2
2026-04-28,601012,14:29:09,16.9100,91,2
2026-04-28,601012,14:29:12,16.9200,809,1
2026-04-28,601012,14:29:15,16.9200,332,2
2026-04-28,601012,14:29:18,16.9100,68,2
2026-04-28,601012,14:29:21,16.9200,26,1
2026-04-28,601012,14:29:24,16.9100,194,2
2026-04-28,601012,14:29:27,16.9200,98,1
2026-04-28,601012,14:29:30,16.9100,644,2
2026-04-28,601012,14:29:33,16.9100,262,2
2026-04-28,601012,14:29:36,16.9100,312,2
2026-04-28,601012,14:29:39,16.9200,66,1
2026-04-28,601012,14:29:42,16.9200,53,1
2026-04-28,601012,14:29:45,16.9200,212,1
2026-04-28,601012,14:29:48,16.9100,35,2
2026-04-28,601012,14:29:51,16.9200,174,1
2026-04-28,601012,14:29:54,16.9200,959,1
2026-04-28,601012,14:29:57,16.9100,24,2
2026-04-28,601012,14:30:00,16.9200,60,1
2026-04-28,601012,14:30:03,16.9100,98,2
2026-04-28,601012,14:30:06,16.9100,337,2
2026-04-28,601012,14:30:09,16.9200,23,1
2026-04-28,601012,14:30:12,16.9100,46,2
2026-04-28,601012,14:30:15,16.9200,98,1
2026-04-28,601012,14:30:18,16.9200,479,1
2026-04-28,601012,14:30:21,16.9200,335,1
2026-04-28,601012,14:30:24,16.9200,558,1
2026-04-28,601012,14:30:27,16.9100,196,2
2026-04-28,601012,14:30:30,16.9200,1495,1
2026-04-28,601012,14:30:33,16.9100,493,2
2026-04-28,601012,14:30:36,16.9100,275,2
2026-04-28,601012,14:30:39,16.9000,122,2
2026-04-28,601012,14:30:42,16.9100,147,1
2026-04-28,601012,14:30:45,16.9000,204,2
2026-04-28,601012,14:30:48,16.9100,204,1
2026-04-28,601012,14:30:51,16.9100,79,1
2026-04-28,601012,14:30:54,16.9100,134,1
2026-04-28,601012,14:30:57,16.9000,250,2
2026-04-28,601012,14:31:00,16.9100,396,1
2026-04-28,601012,14:31:03,16.9100,66,1
2026-04-28,601012,14:31:06,16.9100,222,1
2026-04-28,601012,14:31:09,16.9100,81,1
2026-04-28,601012,14:31:12,16.9100,130,1
2026-04-28,601012,14:31:15,16.9100,163,1
2026-04-28,601012,14:31:18,16.9000,51,2
2026-04-28,601012,14:31:21,16.9100,83,1
2026-04-28,601012,14:31:24,16.9000,74,2
2026-04-28,601012,14:31:27,16.9000,385,2
2026-04-28,601012,14:31:30,16.9100,135,1
2026-04-28,601012,14:31:33,16.9000,312,2
2026-04-28,601012,14:31:36,16.9000,59,2
2026-04-28,601012,14:31:39,16.9100,15,1
2026-04-28,601012,14:31:42,16.9000,170,2
2026-04-28,601012,14:31:45,16.9000,131,2
2026-04-28,601012,14:31:48,16.9000,30,2
2026-04-28,601012,14:31:51,16.9000,521,2
2026-04-28,601012,14:31:54,16.9100,82,1
2026-04-28,601012,14:31:57,16.9100,20,1
2026-04-28,601012,14:32:00,16.9100,36,1
2026-04-28,601012,14:32:03,16.9100,21,1
2026-04-28,601012,14:32:06,16.9100,1,1
2026-04-28,601012,14:32:09,16.9000,40,2
2026-04-28,601012,14:32:12,16.9100,98,1
2026-04-28,601012,14:32:15,16.9000,41,2
2026-04-28,601012,14:32:18,16.9100,1916,1
2026-04-28,601012,14:32:21,16.9000,169,2
2026-04-28,601012,14:32:24,16.9100,74,1
2026-04-28,601012,14:32:27,16.9100,347,1
2026-04-28,601012,14:32:30,16.9000,86,2
2026-04-28,601012,14:32:33,16.9100,166,1
2026-04-28,601012,14:32:36,16.9100,272,1
2026-04-28,601012,14:32:39,16.9100,128,1
2026-04-28,601012,14:32:42,16.9100,101,2
2026-04-28,601012,14:32:45,16.9100,96,2
2026-04-28,601012,14:32:48,16.9100,259,2
2026-04-28,601012,14:32:51,16.9100,153,2
2026-04-28,601012,14:32:54,16.9100,152,1
2026-04-28,601012,14:32:57,16.9100,59,1
2026-04-28,601012,14:33:00,16.9100,65,1
2026-04-28,601012,14:33:03,16.9100,109,1
2026-04-28,601012,14:33:06,16.9100,104,1
2026-04-28,601012,14:33:09,16.9100,48,1
2026-04-28,601012,14:33:12,16.9100,111,1
2026-04-28,601012,14:33:15,16.9100,210,1
2026-04-28,601012,14:33:18,16.9000,138,2
2026-04-28,601012,14:33:21,16.9100,89,1
2026-04-28,601012,14:33:24,16.9100,153,2
2026-04-28,601012,14:33:27,16.9000,27,2
2026-04-28,601012,14:33:30,16.9100,50,1
2026-04-28,601012,14:33:33,16.9100,112,4
2026-04-28,601012,14:33:36,16.9000,94,2
2026-04-28,601012,14:33:39,16.9100,35,1
2026-04-28,601012,14:33:42,16.9100,15,1
2026-04-28,601012,14:33:45,16.9100,174,1
2026-04-28,601012,14:33:48,16.9100,109,1
2026-04-28,601012,14:33:51,16.9100,126,2
2026-04-28,601012,14:33:54,16.9100,120,1
2026-04-28,601012,14:33:57,16.9100,105,1
2026-04-28,601012,14:34:00,16.9100,132,1
2026-04-28,601012,14:34:03,16.9000,164,2
2026-04-28,601012,14:34:06,16.9000,96,2
2026-04-28,601012,14:34:09,16.9100,144,1
2026-04-28,601012,14:34:12,16.9000,97,2
2026-04-28,601012,14:34:15,16.9100,183,1
2026-04-28,601012,14:34:18,16.9000,40,2
2026-04-28,601012,14:34:21,16.9100,148,1
2026-04-28,601012,14:34:24,16.9100,31,1
2026-04-28,601012,14:34:27,16.9000,128,2
2026-04-28,601012,14:34:30,16.9100,454,1
2026-04-28,601012,14:34:33,16.9000,1438,2
2026-04-28,601012,14:34:36,16.9100,132,1
2026-04-28,601012,14:34:39,16.9100,58,1
2026-04-28,601012,14:34:42,16.9000,756,2
2026-04-28,601012,14:34:45,16.9100,441,1
2026-04-28,601012,14:34:48,16.9000,157,2
2026-04-28,601012,14:34:51,16.9100,83,1
2026-04-28,601012,14:34:54,16.9000,236,2
2026-04-28,601012,14:34:57,16.9000,257,2
2026-04-28,601012,14:35:00,16.9000,28,2
2026-04-28,601012,14:35:03,16.9000,19,2
2026-04-28,601012,14:35:06,16.9000,44,2
2026-04-28,601012,14:35:09,16.9000,1306,2
2026-04-28,601012,14:35:12,16.9100,313,1
2026-04-28,601012,14:35:15,16.9100,306,1
2026-04-28,601012,14:35:18,16.9000,197,2
2026-04-28,601012,14:35:21,16.9100,115,1
2026-04-28,601012,14:35:24,16.9000,43,2
2026-04-28,601012,14:35:27,16.9000,2240,2
2026-04-28,601012,14:35:30,16.9000,147,2
2026-04-28,601012,14:35:33,16.9000,434,2
2026-04-28,601012,14:35:36,16.9000,362,2
2026-04-28,601012,14:35:39,16.9100,158,1
2026-04-28,601012,14:35:42,16.9100,628,1
2026-04-28,601012,14:35:45,16.9000,464,2
2026-04-28,601012,14:35:48,16.9100,433,1
2026-04-28,601012,14:35:51,16.9000,491,2
2026-04-28,601012,14:35:54,16.9000,73,2
2026-04-28,601012,14:35:57,16.9100,7,1
2026-04-28,601012,14:36:00,16.9100,45,1
2026-04-28,601012,14:36:03,16.9100,489,1
2026-04-28,601012,14:36:06,16.9000,295,2
2026-04-28,601012,14:36:09,16.9000,139,2
2026-04-28,601012,14:36:12,16.9100,153,1
2026-04-28,601012,14:36:15,16.9100,82,1
2026-04-28,601012,14:36:18,16.9100,217,1
2026-04-28,601012,14:36:21,16.9000,16,2
2026-04-28,601012,14:36:24,16.9100,91,1
2026-04-28,601012,14:36:27,16.9000,239,2
2026-04-28,601012,14:36:30,16.9000,73,2
2026-04-28,601012,14:36:33,16.9100,185,1
2026-04-28,601012,14:36:36,16.9100,84,1
2026-04-28,601012,14:36:39,16.9000,140,2
2026-04-28,601012,14:36:42,16.9100,36,1
2026-04-28,601012,14:36:45,16.9100,213,1
2026-04-28,601012,14:36:48,16.9000,11,2
2026-04-28,601012,14:36:51,16.9100,90,1
2026-04-28,601012,14:36:54,16.9100,45,1
2026-04-28,601012,14:36:57,16.9100,111,1
2026-04-28,601012,14:37:00,16.9000,117,2
2026-04-28,601012,14:37:03,16.9100,55,1
2026-04-28,601012,14:37:06,16.9100,188,1
2026-04-28,601012,14:37:09,16.9100,585,1
2026-04-28,601012,14:37:12,16.9100,225,1
2026-04-28,601012,14:37:15,16.9100,493,1
2026-04-28,601012,14:37:18,16.9100,74,1
2026-04-28,601012,14:37:21,16.9000,177,2
2026-04-28,601012,14:37:24,16.9100,61,1
2026-04-28,601012,14:37:27,16.9100,92,1
2026-04-28,601012,14:37:30,16.9100,206,1
2026-04-28,601012,14:37:33,16.9000,389,2
2026-04-28,601012,14:37:36,16.9100,308,1
2026-04-28,601012,14:37:39,16.9000,266,2
2026-04-28,601012,14:37:42,16.9100,153,1
2026-04-28,601012,14:37:45,16.9000,342,2
2026-04-28,601012,14:37:48,16.9100,47,1
2026-04-28,601012,14:37:51,16.9100,117,1
2026-04-28,601012,14:37:54,16.9100,72,1
2026-04-28,601012,14:37:57,16.9100,98,1
2026-04-28,601012,14:38:00,16.9100,94,1
2026-04-28,601012,14:38:03,16.9100,163,1
2026-04-28,601012,14:38:06,16.9100,1861,1
2026-04-28,601012,14:38:09,16.9200,303,1
2026-04-28,601012,14:38:12,16.9200,83,1
2026-04-28,601012,14:38:15,16.9200,134,1
2026-04-28,601012,14:38:18,16.9100,231,2
2026-04-28,601012,14:38:21,16.9200,134,1
2026-04-28,601012,14:38:24,16.9100,108,2
2026-04-28,601012,14:38:27,16.9200,30,1
2026-04-28,601012,14:38:30,16.9100,23,2
2026-04-28,601012,14:38:33,16.9200,96,1
2026-04-28,601012,14:38:36,16.9200,743,1
2026-04-28,601012,14:38:39,16.9100,341,2
2026-04-28,601012,14:38:42,16.9200,210,1
2026-04-28,601012,14:38:45,16.9200,351,1
2026-04-28,601012,14:38:48,16.9200,124,1
2026-04-28,601012,14:38:51,16.9300,32,1
2026-04-28,601012,14:38:54,16.9200,62,2
2026-04-28,601012,14:38:57,16.9200,29,2
2026-04-28,601012,14:39:00,16.9300,32,1
2026-04-28,601012,14:39:03,16.9300,953,1
2026-04-28,601012,14:39:06,16.9300,5,2
2026-04-28,601012,14:39:09,16.9400,141,1
2026-04-28,601012,14:39:12,16.9400,418,1
2026-04-28,601012,14:39:15,16.9300,596,2
2026-04-28,601012,14:39:18,16.9300,43,1
2026-04-28,601012,14:39:21,16.9300,121,1
2026-04-28,601012,14:39:24,16.9300,412,1
2026-04-28,601012,14:39:27,16.9300,151,1
2026-04-28,601012,14:39:30,16.9300,128,1
2026-04-28,601012,14:39:33,16.9300,73,1
2026-04-28,601012,14:39:36,16.9300,387,1
2026-04-28,601012,14:39:39,16.9300,74,1
2026-04-28,601012,14:39:42,16.9300,20,1
2026-04-28,601012,14:39:45,16.9300,126,1
2026-04-28,601012,14:39:48,16.9300,100,1
2026-04-28,601012,14:39:51,16.9300,104,1
2026-04-28,601012,14:39:54,16.9200,32,2
2026-04-28,601012,14:39:57,16.9200,245,2
2026-04-28,601012,14:40:00,16.9200,159,2
2026-04-28,601012,14:40:03,16.9200,79,2
2026-04-28,601012,14:40:06,16.9300,312,1
2026-04-28,601012,14:40:09,16.9200,61,2
2026-04-28,601012,14:40:12,16.9300,32,1
2026-04-28,601012,14:40:15,16.9300,2,1
2026-04-28,601012,14:40:18,16.9300,43,1
2026-04-28,601012,14:40:21,16.9300,191,1
2026-04-28,601012,14:40:24,16.9300,59,1
2026-04-28,601012,14:40:27,16.9300,118,1
2026-04-28,601012,14:40:30,16.9200,46,2
2026-04-28,601012,14:40:33,16.9300,61,1
2026-04-28,601012,14:40:36,16.9300,119,1
2026-04-28,601012,14:40:39,16.9300,340,1
2026-04-28,601012,14:40:42,16.9300,99,2
2026-04-28,601012,14:40:45,16.9400,128,1
2026-04-28,601012,14:40:48,16.9300,44,2
2026-04-28,601012,14:40:51,16.9300,395,2
2026-04-28,601012,14:40:54,16.9300,655,2
2026-04-28,601012,14:40:57,16.9300,103,2
2026-04-28,601012,14:41:00,16.9400,243,1
2026-04-28,601012,14:41:03,16.9300,70,1
2026-04-28,601012,14:41:06,16.9300,45,2
2026-04-28,601012,14:41:09,16.9400,148,1
2026-04-28,601012,14:41:12,16.9300,45,2
2026-04-28,601012,14:41:15,16.9300,25,2
2026-04-28,601012,14:41:18,16.9400,154,1
2026-04-28,601012,14:41:21,16.9400,94,1
2026-04-28,601012,14:41:24,16.9400,40,1
2026-04-28,601012,14:41:27,16.9300,103,2
2026-04-28,601012,14:41:30,16.9300,20,2
2026-04-28,601012,14:41:33,16.9400,66,1
2026-04-28,601012,14:41:36,16.9400,111,1
2026-04-28,601012,14:41:39,16.9300,188,2
2026-04-28,601012,14:41:42,16.9300,88,2
2026-04-28,601012,14:41:45,16.9400,335,1
2026-04-28,601012,14:41:48,16.9300,91,2
2026-04-28,601012,14:41:51,16.9400,48,1
2026-04-28,601012,14:41:54,16.9300,33,2
2026-04-28,601012,14:41:57,16.9400,64,1
2026-04-28,601012,14:42:00,16.9400,69,1
2026-04-28,601012,14:42:03,16.9400,50,1
2026-04-28,601012,14:42:06,16.9400,80,1
2026-04-28,601012,14:42:09,16.9400,186,1
2026-04-28,601012,14:42:12,16.9400,174,1
2026-04-28,601012,14:42:15,16.9400,88,1
2026-04-28,601012,14:42:18,16.9400,54,1
2026-04-28,601012,14:42:21,16.9300,88,2
2026-04-28,601012,14:42:24,16.9400,63,1
2026-04-28,601012,14:42:27,16.9400,55,1
2026-04-28,601012,14:42:30,16.9400,74,1
2026-04-28,601012,14:42:33,16.9300,71,2
2026-04-28,601012,14:42:36,16.9400,20,1
2026-04-28,601012,14:42:39,16.9300,13,2
2026-04-28,601012,14:42:42,16.9400,37,1
2026-04-28,601012,14:42:45,16.9400,34,1
2026-04-28,601012,14:42:48,16.9400,136,1
2026-04-28,601012,14:42:51,16.9400,156,1
2026-04-28,601012,14:42:54,16.9300,49,2
2026-04-28,601012,14:42:57,16.9300,79,2
2026-04-28,601012,14:43:00,16.9400,310,1
2026-04-28,601012,14:43:03,16.9400,52,2
2026-04-28,601012,14:43:06,16.9400,83,2
2026-04-28,601012,14:43:09,16.9500,285,1
2026-04-28,601012,14:43:12,16.9400,73,2
2026-04-28,601012,14:43:15,16.9500,121,1
2026-04-28,601012,14:43:18,16.9500,73,1
2026-04-28,601012,14:43:21,16.9500,105,1
2026-04-28,601012,14:43:24,16.9500,85,1
2026-04-28,601012,14:43:27,16.9400,38,2
2026-04-28,601012,14:43:30,16.9500,62,1
2026-04-28,601012,14:43:33,16.9400,242,2
2026-04-28,601012,14:43:36,16.9400,155,2
2026-04-28,601012,14:43:39,16.9500,209,1
2026-04-28,601012,14:43:42,16.9400,28,2
2026-04-28,601012,14:43:45,16.9500,15,1
2026-04-28,601012,14:43:48,16.9500,16,1
2026-04-28,601012,14:43:51,16.9500,72,1
2026-04-28,601012,14:43:54,16.9500,38,1
2026-04-28,601012,14:43:57,16.9500,102,1
2026-04-28,601012,14:44:00,16.9500,91,1
2026-04-28,601012,14:44:03,16.9500,435,1
2026-04-28,601012,14:44:06,16.9500,431,1
2026-04-28,601012,14:44:09,16.9600,64,1
2026-04-28,601012,14:44:12,16.9500,6,2
2026-04-28,601012,14:44:15,16.9600,54,1
2026-04-28,601012,14:44:18,16.9600,211,1
2026-04-28,601012,14:44:21,16.9500,124,2
2026-04-28,601012,14:44:24,16.9600,28,1
2026-04-28,601012,14:44:27,16.9600,178,1
2026-04-28,601012,14:44:30,16.9600,114,1
2026-04-28,601012,14:44:33,16.9600,26,1
2026-04-28,601012,14:44:36,16.9500,29,2
2026-04-28,601012,14:44:39,16.9600,100,1
2026-04-28,601012,14:44:42,16.9600,18,1
2026-04-28,601012,14:44:45,16.9600,72,1
2026-04-28,601012,14:44:48,16.9500,113,2
2026-04-28,601012,14:44:51,16.9500,374,2
2026-04-28,601012,14:44:54,16.9600,106,1
2026-04-28,601012,14:44:57,16.9500,68,2
2026-04-28,601012,14:45:00,16.9600,62,1
2026-04-28,601012,14:45:03,16.9600,71,1
2026-04-28,601012,14:45:06,16.9600,197,1
2026-04-28,601012,14:45:09,16.9500,39,2
2026-04-28,601012,14:45:12,16.9600,17,1
2026-04-28,601012,14:45:15,16.9600,52,1
2026-04-28,601012,14:45:18,16.9600,36,1
2026-04-28,601012,14:45:21,16.9600,209,1
2026-04-28,601012,14:45:24,16.9600,54,1
2026-04-28,601012,14:45:27,16.9500,136,2
2026-04-28,601012,14:45:30,16.9600,112,1
2026-04-28,601012,14:45:33,16.9600,249,1
2026-04-28,601012,14:45:36,16.9600,82,1
2026-04-28,601012,14:45:39,16.9600,39,1
2026-04-28,601012,14:45:42,16.9600,162,1
2026-04-28,601012,14:45:45,16.9600,200,1
2026-04-28,601012,14:45:48,16.9600,6,2
2026-04-28,601012,14:45:51,16.9600,7,2
2026-04-28,601012,14:45:54,16.9500,601,2
2026-04-28,601012,14:45:57,16.9600,166,1
2026-04-28,601012,14:46:00,16.9600,23,1
2026-04-28,601012,14:46:03,16.9600,74,1
2026-04-28,601012,14:46:06,16.9600,182,1
2026-04-28,601012,14:46:09,16.9600,95,1
2026-04-28,601012,14:46:12,16.9600,71,1
2026-04-28,601012,14:46:15,16.9500,154,2
2026-04-28,601012,14:46:18,16.9600,31,1
2026-04-28,601012,14:46:21,16.9600,173,2
2026-04-28,601012,14:46:24,16.9500,66,2
2026-04-28,601012,14:46:27,16.9600,37,1
2026-04-28,601012,14:46:30,16.9600,26,1
2026-04-28,601012,14:46:33,16.9500,100,2
2026-04-28,601012,14:46:36,16.9600,680,1
2026-04-28,601012,14:46:39,16.9500,157,2
2026-04-28,601012,14:46:42,16.9600,76,1
2026-04-28,601012,14:46:45,16.9600,226,1
2026-04-28,601012,14:46:48,16.9600,122,1
2026-04-28,601012,14:46:51,16.9500,59,2
2026-04-28,601012,14:46:54,16.9600,67,1
2026-04-28,601012,14:46:57,16.9500,329,2
2026-04-28,601012,14:47:00,16.9600,817,1
2026-04-28,601012,14:47:03,16.9600,111,1
2026-04-28,601012,14:47:06,16.9600,94,1
2026-04-28,601012,14:47:09,16.9600,47,1
2026-04-28,601012,14:47:12,16.9500,139,2
2026-04-28,601012,14:47:15,16.9500,222,2
2026-04-28,601012,14:47:18,16.9500,116,2
2026-04-28,601012,14:47:21,16.9500,167,2
2026-04-28,601012,14:47:24,16.9500,28,2
2026-04-28,601012,14:47:27,16.9600,186,1
2026-04-28,601012,14:47:30,16.9600,27,1
2026-04-28,601012,14:47:33,16.9500,199,2
2026-04-28,601012,14:47:36,16.9600,47,1
2026-04-28,601012,14:47:39,16.9600,19,1
2026-04-28,601012,14:47:42,16.9500,157,2
2026-04-28,601012,14:47:45,16.9500,44,2
2026-04-28,601012,14:47:48,16.9500,102,2
2026-04-28,601012,14:47:51,16.9500,83,2
2026-04-28,601012,14:47:54,16.9500,155,2
2026-04-28,601012,14:47:57,16.9500,145,2
2026-04-28,601012,14:48:00,16.9500,154,2
2026-04-28,601012,14:48:03,16.9600,91,1
2026-04-28,601012,14:48:06,16.9500,697,2
2026-04-28,601012,14:48:09,16.9500,172,2
2026-04-28,601012,14:48:12,16.9600,59,1
2026-04-28,601012,14:48:15,16.9500,38,2
2026-04-28,601012,14:48:18,16.9500,102,2
2026-04-28,601012,14:48:21,16.9500,60,2
2026-04-28,601012,14:48:24,16.9600,344,1
2026-04-28,601012,14:48:27,16.9500,462,2
2026-04-28,601012,14:48:30,16.9500,450,2
2026-04-28,601012,14:48:33,16.9600,112,1
2026-04-28,601012,14:48:36,16.9500,88,2
2026-04-28,601012,14:48:39,16.9500,422,2
2026-04-28,601012,14:48:42,16.9600,122,1
2026-04-28,601012,14:48:45,16.9500,149,2
2026-04-28,601012,14:48:48,16.9500,53,2
2026-04-28,601012,14:48:51,16.9600,145,1
2026-04-28,601012,14:48:54,16.9600,251,1
2026-04-28,601012,14:48:57,16.9600,132,1
2026-04-28,601012,14:49:00,16.9600,78,1
2026-04-28,601012,14:49:03,16.9500,138,2
2026-04-28,601012,14:49:06,16.9600,187,1
2026-04-28,601012,14:49:09,16.9600,338,1
2026-04-28,601012,14:49:12,16.9500,191,2
2026-04-28,601012,14:49:15,16.9600,10,1
2026-04-28,601012,14:49:18,16.9600,173,1
2026-04-28,601012,14:49:21,16.9600,51,1
2026-04-28,601012,14:49:24,16.9600,55,1
2026-04-28,601012,14:49:27,16.9500,124,2
2026-04-28,601012,14:49:30,16.9500,63,2
2026-04-28,601012,14:49:33,16.9500,94,2
2026-04-28,601012,14:49:36,16.9600,62,1
2026-04-28,601012,14:49:39,16.9600,136,1
2026-04-28,601012,14:49:42,16.9600,17,1
2026-04-28,601012,14:49:45,16.9600,201,1
2026-04-28,601012,14:49:48,16.9500,544,2
2026-04-28,601012,14:49:51,16.9500,198,2
2026-04-28,601012,14:49:54,16.9500,615,2
2026-04-28,601012,14:49:57,16.9500,353,2
2026-04-28,601012,14:50:00,16.9500,93,1
2026-04-28,601012,14:50:03,16.9500,346,1
2026-04-28,601012,14:50:06,16.9500,477,1
2026-04-28,601012,14:50:09,16.9500,62,2
2026-04-28,601012,14:50:12,16.9500,96,2
2026-04-28,601012,14:50:15,16.9500,121,2
2026-04-28,601012,14:50:18,16.9600,47,1
2026-04-28,601012,14:50:21,16.9500,506,2
2026-04-28,601012,14:50:24,16.9500,52,2
2026-04-28,601012,14:50:27,16.9600,68,1
2026-04-28,601012,14:50:30,16.9500,195,2
2026-04-28,601012,14:50:33,16.9600,164,1
2026-04-28,601012,14:50:36,16.9500,242,2
2026-04-28,601012,14:50:39,16.9500,78,2
2026-04-28,601012,14:50:42,16.9500,72,2
2026-04-28,601012,14:50:45,16.9600,471,1
2026-04-28,601012,14:50:48,16.9500,55,2
2026-04-28,601012,14:50:51,16.9500,153,2
2026-04-28,601012,14:50:54,16.9500,209,2
2026-04-28,601012,14:50:57,16.9600,56,1
2026-04-28,601012,14:51:00,16.9600,152,1
2026-04-28,601012,14:51:03,16.9600,592,1
2026-04-28,601012,14:51:06,16.9500,211,2
2026-04-28,601012,14:51:09,16.9500,317,2
2026-04-28,601012,14:51:12,16.9500,553,2
2026-04-28,601012,14:51:15,16.9500,93,2
2026-04-28,601012,14:51:18,16.9500,110,2
2026-04-28,601012,14:51:21,16.9500,844,2
2026-04-28,601012,14:51:24,16.9500,148,2
2026-04-28,601012,14:51:27,16.9500,123,2
2026-04-28,601012,14:51:30,16.9500,199,2
2026-04-28,601012,14:51:33,16.9500,897,2
2026-04-28,601012,14:51:36,16.9500,118,2
2026-04-28,601012,14:51:39,16.9500,397,2
2026-04-28,601012,14:51:42,16.9600,136,1
2026-04-28,601012,14:51:45,16.9600,107,1
2026-04-28,601012,14:51:48,16.9600,517,1
2026-04-28,601012,14:51:51,16.9500,169,2
2026-04-28,601012,14:51:54,16.9500,66,2
2026-04-28,601012,14:51:57,16.9600,174,1
2026-04-28,601012,14:52:00,16.9600,567,1
2026-04-28,601012,14:52:03,16.9500,227,2
2026-04-28,601012,14:52:06,16.9500,200,2
2026-04-28,601012,14:52:09,16.9600,126,1
2026-04-28,601012,14:52:12,16.9600,157,1
2026-04-28,601012,14:52:15,16.9500,185,2
2026-04-28,601012,14:52:18,16.9500,51,2
2026-04-28,601012,14:52:21,16.9600,106,1
2026-04-28,601012,14:52:24,16.9600,115,1
2026-04-28,601012,14:52:27,16.9500,159,2
2026-04-28,601012,14:52:30,16.9500,124,2
2026-04-28,601012,14:52:33,16.9500,293,2
2026-04-28,601012,14:52:36,16.9600,471,1
2026-04-28,601012,14:52:39,16.9600,47,1
2026-04-28,601012,14:52:42,16.9600,53,1
2026-04-28,601012,14:52:45,16.9600,68,1
2026-04-28,601012,14:52:48,16.9600,143,1
2026-04-28,601012,14:52:51,16.9600,271,1
2026-04-28,601012,14:52:54,16.9500,68,2
2026-04-28,601012,14:52:57,16.9500,296,2
2026-04-28,601012,14:53:00,16.9600,168,1
2026-04-28,601012,14:53:03,16.9600,100,1
2026-04-28,601012,14:53:06,16.9500,164,2
2026-04-28,601012,14:53:09,16.9600,61,1
2026-04-28,601012,14:53:12,16.9500,31,2
2026-04-28,601012,14:53:15,16.9500,311,2
2026-04-28,601012,14:53:18,16.9500,133,2
2026-04-28,601012,14:53:21,16.9600,114,1
2026-04-28,601012,14:53:24,16.9600,179,1
2026-04-28,601012,14:53:27,16.9500,92,2
2026-04-28,601012,14:53:30,16.9500,235,2
2026-04-28,601012,14:53:33,16.9500,317,2
2026-04-28,601012,14:53:36,16.9500,155,2
2026-04-28,601012,14:53:39,16.9500,435,2
2026-04-28,601012,14:53:42,16.9600,365,1
2026-04-28,601012,14:53:45,16.9600,141,1
2026-04-28,601012,14:53:48,16.9500,37,2
2026-04-28,601012,14:53:51,16.9500,934,2
2026-04-28,601012,14:53:54,16.9600,170,1
2026-04-28,601012,14:53:57,16.9500,192,2
2026-04-28,601012,14:54:00,16.9500,235,2
2026-04-28,601012,14:54:03,16.9600,209,1
2026-04-28,601012,14:54:06,16.9600,122,1
2026-04-28,601012,14:54:09,16.9500,180,2
2026-04-28,601012,14:54:12,16.9600,485,1
2026-04-28,601012,14:54:15,16.9500,233,2
2026-04-28,601012,14:54:18,16.9500,245,2
2026-04-28,601012,14:54:21,16.9500,106,2
2026-04-28,601012,14:54:24,16.9500,88,2
2026-04-28,601012,14:54:27,16.9500,185,2
2026-04-28,601012,14:54:30,16.9600,95,1
2026-04-28,601012,14:54:33,16.9500,492,2
2026-04-28,601012,14:54:36,16.9500,523,2
2026-04-28,601012,14:54:39,16.9500,74,2
2026-04-28,601012,14:54:42,16.9500,187,1
2026-04-28,601012,14:54:45,16.9400,406,2
2026-04-28,601012,14:54:48,16.9400,73,2
2026-04-28,601012,14:54:51,16.9500,93,1
2026-04-28,601012,14:54:54,16.9400,251,2
2026-04-28,601012,14:54:57,16.9500,252,1
2026-04-28,601012,14:55:00,16.9400,190,2
2026-04-28,601012,14:55:03,16.9500,252,1
2026-04-28,601012,14:55:06,16.9400,267,2
2026-04-28,601012,14:55:09,16.9500,96,1
2026-04-28,601012,14:55:12,16.9400,99,2
2026-04-28,601012,14:55:15,16.9400,111,2
2026-04-28,601012,14:55:18,16.9400,212,2
2026-04-28,601012,14:55:21,16.9500,2011,1
2026-04-28,601012,14:55:24,16.9500,958,2
2026-04-28,601012,14:55:27,16.9500,389,2
2026-04-28,601012,14:55:30,16.9500,397,2
2026-04-28,601012,14:55:33,16.9500,165,2
2026-04-28,601012,14:55:36,16.9500,217,2
2026-04-28,601012,14:55:39,16.9500,383,2
2026-04-28,601012,14:55:42,16.9500,96,1
2026-04-28,601012,14:55:45,16.9600,1332,1
2026-04-28,601012,14:55:48,16.9500,150,2
2026-04-28,601012,14:55:51,16.9500,84,2
2026-04-28,601012,14:55:54,16.9500,267,2
2026-04-28,601012,14:55:57,16.9600,124,1
2026-04-28,601012,14:56:00,16.9500,150,2
2026-04-28,601012,14:56:03,16.9500,315,1
2026-04-28,601012,14:56:06,16.9500,346,1
2026-04-28,601012,14:56:09,16.9500,102,2
2026-04-28,601012,14:56:12,16.9500,388,2
2026-04-28,601012,14:56:15,16.9500,473,1
2026-04-28,601012,14:56:18,16.9500,280,1
2026-04-28,601012,14:56:21,16.9500,804,1
2026-04-28,601012,14:56:24,16.9500,233,2
2026-04-28,601012,14:56:27,16.9500,421,2
2026-04-28,601012,14:56:30,16.9500,665,2
2026-04-28,601012,14:56:33,16.9500,675,2
2026-04-28,601012,14:56:36,16.9500,210,2
2026-04-28,601012,14:56:39,16.9500,385,2
2026-04-28,601012,14:56:42,16.9600,302,1
2026-04-28,601012,14:56:45,16.9500,213,2
2026-04-28,601012,14:56:48,16.9500,92,2
2026-04-28,601012,14:56:51,16.9600,283,1
2026-04-28,601012,14:56:54,16.9500,201,2
2026-04-28,601012,14:56:57,16.9500,291,2
2026-04-28,601012,14:57:00,16.9500,251,2
2026-04-28,601012,15:00:03,16.9500,9198,4
2026-04-28,601012,13:16:48,17.0100,18,1
2026-04-28,601012,13:16:51,17.0000,61,2
2026-04-28,601012,13:16:54,17.0100,4,1
2026-04-28,601012,13:16:57,17.0000,57,2
2026-04-28,601012,13:17:00,17.0100,18,1
2026-04-28,601012,13:17:03,17.0000,28,2
2026-04-28,601012,13:17:06,17.0100,1,1
2026-04-28,601012,13:17:09,17.0000,8,2
2026-04-28,601012,13:17:12,17.0100,14,1
2026-04-28,601012,13:17:15,17.0100,49,1
2026-04-28,601012,13:17:18,17.0100,27,1
2026-04-28,601012,13:17:21,17.0100,52,1
2026-04-28,601012,13:17:24,17.0100,577,1
2026-04-28,601012,13:17:27,17.0100,291,1
2026-04-28,601012,13:17:30,17.0100,10,2
2026-04-28,601012,13:17:33,17.0100,135,2
2026-04-28,601012,13:17:36,17.0100,111,2
2026-04-28,601012,13:17:39,17.0200,408,1
2026-04-28,601012,13:17:42,17.0100,23,2
2026-04-28,601012,13:17:45,17.0200,18,1
2026-04-28,601012,13:17:48,17.0200,186,1
2026-04-28,601012,13:17:51,17.0100,24,2
2026-04-28,601012,13:17:54,17.0200,7,1
2026-04-28,601012,13:17:57,17.0200,65,1
2026-04-28,601012,13:18:00,17.0100,222,2
2026-04-28,601012,13:18:03,17.0200,366,1
2026-04-28,601012,13:18:06,17.0100,37,2
2026-04-28,601012,13:18:12,17.0200,30,1
2026-04-28,601012,13:18:15,17.0200,30,1
2026-04-28,601012,13:18:18,17.0100,40,2
2026-04-28,601012,13:18:21,17.0200,48,1
2026-04-28,601012,13:18:24,17.0100,118,2
2026-04-28,601012,13:18:27,17.0100,21,2
2026-04-28,601012,13:18:30,17.0100,53,2
2026-04-28,601012,13:18:33,17.0100,91,1
2026-04-28,601012,13:18:36,17.0100,65,1
2026-04-28,601012,13:18:39,17.0100,11,2
2026-04-28,601012,13:18:42,17.0100,252,2
2026-04-28,601012,13:18:45,17.0100,67,2
2026-04-28,601012,13:18:48,17.0200,7,1
2026-04-28,601012,13:18:51,17.0200,55,1
2026-04-28,601012,13:18:54,17.0100,7,2
2026-04-28,601012,13:18:57,17.0100,68,2
2026-04-28,601012,13:19:00,17.0100,79,2
2026-04-28,601012,13:19:03,17.0100,58,2
2026-04-28,601012,13:19:06,17.0100,16,2
2026-04-28,601012,13:19:09,17.0100,41,2
2026-04-28,601012,13:19:12,17.0100,99,2
2026-04-28,601012,13:19:15,17.0100,272,2
2026-04-28,601012,13:19:18,17.0100,65,1
2026-04-28,601012,13:19:21,17.0100,248,1
2026-04-28,601012,13:19:24,17.0000,51,2
2026-04-28,601012,13:19:27,17.0100,8,1
2026-04-28,601012,13:19:30,17.0100,38,1
2026-04-28,601012,13:19:33,17.0100,3,1
2026-04-28,601012,13:19:36,17.0100,18,1
2026-04-28,601012,13:19:39,17.0100,351,1
2026-04-28,601012,13:19:42,17.0100,274,1
2026-04-28,601012,13:19:45,17.0000,31,2
2026-04-28,601012,13:19:48,17.0100,22,1
2026-04-28,601012,13:19:51,17.0100,106,1
2026-04-28,601012,13:19:54,17.0100,37,1
2026-04-28,601012,13:19:57,17.0100,37,1
2026-04-28,601012,13:20:00,17.0100,30,1
2026-04-28,601012,13:20:03,17.0100,82,1
2026-04-28,601012,13:20:06,17.0000,52,2
2026-04-28,601012,13:20:09,17.0100,6,1
2026-04-28,601012,13:20:12,17.0000,84,2
2026-04-28,601012,13:20:15,17.0000,27,2
2026-04-28,601012,13:20:18,17.0000,16,2
2026-04-28,601012,13:20:21,17.0000,134,2
2026-04-28,601012,13:20:24,17.0000,45,2
2026-04-28,601012,13:20:27,17.0000,12,2
2026-04-28,601012,13:20:30,17.0100,27,1
2026-04-28,601012,13:20:33,17.0000,8,2
2026-04-28,601012,13:20:36,17.0000,12,2
2026-04-28,601012,13:20:39,17.0000,62,2
2026-04-28,601012,13:20:42,17.0000,37,2
2026-04-28,601012,13:20:45,17.0000,79,2
2026-04-28,601012,13:20:48,17.0000,73,2
2026-04-28,601012,13:20:51,17.0000,65,2
2026-04-28,601012,13:20:54,17.0100,75,1
2026-04-28,601012,13:20:57,17.0000,15,2
2026-04-28,601012,13:21:00,17.0000,509,2
2026-04-28,601012,13:21:03,17.0100,23,1
2026-04-28,601012,13:21:06,17.0000,92,2
2026-04-28,601012,13:21:09,17.0000,16,2
2026-04-28,601012,13:21:12,17.0100,39,1
2026-04-28,601012,13:21:15,17.0000,1080,2
2026-04-28,601012,13:21:18,17.0000,75,2
2026-04-28,601012,13:21:21,17.0000,264,2
2026-04-28,601012,13:21:24,17.0000,222,2
2026-04-28,601012,13:21:27,17.0000,18,2
2026-04-28,601012,13:21:30,17.0000,52,2
2026-04-28,601012,13:21:33,17.0100,26,1
2026-04-28,601012,13:21:36,17.0100,94,1
2026-04-28,601012,13:21:39,17.0000,3,2
2026-04-28,601012,13:21:42,17.0100,112,1
2026-04-28,601012,13:21:45,17.0000,31,2
2026-04-28,601012,13:21:48,17.0100,109,1
2026-04-28,601012,13:21:51,17.0000,272,2
2026-04-28,601012,13:21:54,17.0100,5,1
2026-04-28,601012,13:21:57,17.0100,65,1
2026-04-28,601012,13:22:00,17.0100,40,1
2026-04-28,601012,13:22:03,17.0000,26,2
2026-04-28,601012,13:22:06,17.0100,21,1
2026-04-28,601012,13:22:09,17.0000,421,2
2026-04-28,601012,13:22:12,17.0100,124,1
2026-04-28,601012,13:22:15,17.0000,155,2
2026-04-28,601012,13:22:18,17.0100,21,1
2026-04-28,601012,13:22:21,17.0000,96,2
2026-04-28,601012,13:22:24,17.0100,42,1
2026-04-28,601012,13:22:27,17.0100,152,1
2026-04-28,601012,13:22:30,17.0100,20,1
2026-04-28,601012,13:22:33,17.0100,34,1
2026-04-28,601012,13:22:36,17.0100,340,1
2026-04-28,601012,13:22:39,17.0100,66,1
2026-04-28,601012,13:22:42,17.0000,265,2
2026-04-28,601012,13:22:45,17.0100,83,1
2026-04-28,601012,13:22:48,17.0100,79,1
2026-04-28,601012,13:22:51,17.0100,11,1
2026-04-28,601012,13:22:54,17.0100,97,1
2026-04-28,601012,13:22:57,17.0100,40,1
2026-04-28,601012,13:23:00,17.0100,54,1
2026-04-28,601012,13:23:03,17.0100,126,1
2026-04-28,601012,13:23:06,17.0100,122,1
2026-04-28,601012,13:23:09,17.0100,66,1
2026-04-28,601012,13:23:12,17.0100,382,1
2026-04-28,601012,13:23:15,17.0100,48,1
2026-04-28,601012,13:23:18,17.0100,91,1
2026-04-28,601012,13:23:21,17.0000,84,2
2026-04-28,601012,13:23:24,17.0100,357,1
2026-04-28,601012,13:23:27,17.0100,47,1
2026-04-28,601012,13:23:30,17.0100,1,1
2026-04-28,601012,13:23:33,17.0100,20,1
2026-04-28,601012,13:23:36,17.0100,28,1
2026-04-28,601012,13:23:39,17.0100,30,1
2026-04-28,601012,13:23:42,17.0100,30,1
2026-04-28,601012,13:23:45,17.0100,19,1
2026-04-28,601012,13:23:48,17.0000,104,2
2026-04-28,601012,13:23:51,17.0000,108,2
2026-04-28,601012,13:23:54,17.0000,8,2
2026-04-28,601012,13:23:57,17.0000,21,2
2026-04-28,601012,13:24:00,17.0000,26,2
2026-04-28,601012,13:24:03,17.0000,31,2
2026-04-28,601012,13:24:06,17.0000,380,2
2026-04-28,601012,13:24:09,17.0000,64,2
2026-04-28,601012,13:24:12,17.0000,11,2
2026-04-28,601012,13:24:15,17.0000,64,2
2026-04-28,601012,13:24:18,17.0000,85,2
2026-04-28,601012,13:24:21,17.0000,1989,2
2026-04-28,601012,13:24:24,17.0000,23,2
2026-04-28,601012,13:24:27,17.0000,180,2
2026-04-28,601012,13:24:30,17.0000,184,2
2026-04-28,601012,13:24:33,17.0000,195,2
2026-04-28,601012,13:24:36,17.0000,3,2
2026-04-28,601012,13:24:42,17.0000,11,2
2026-04-28,601012,13:24:45,17.0000,63,2
2026-04-28,601012,13:24:48,17.0100,36,1
2026-04-28,601012,13:24:51,17.0000,21,2
2026-04-28,601012,13:24:54,17.0000,20,2
2026-04-28,601012,13:24:57,17.0000,1406,2
2026-04-28,601012,13:25:00,16.9900,64,2
2026-04-28,601012,13:25:03,16.9900,36,2
2026-04-28,601012,13:25:06,17.0000,24,1
2026-04-28,601012,13:25:09,16.9900,77,2
2026-04-28,601012,13:25:12,17.0000,104,1
2026-04-28,601012,13:25:15,17.0000,63,1
2026-04-28,601012,13:25:18,17.0000,105,1
2026-04-28,601012,13:25:21,16.9900,33,2
2026-04-28,601012,13:25:24,17.0000,52,1
2026-04-28,601012,13:25:27,16.9900,15,2
2026-04-28,601012,13:25:30,17.0000,98,1
2026-04-28,601012,13:25:33,16.9900,51,2
2026-04-28,601012,13:25:36,16.9900,78,2
2026-04-28,601012,13:25:39,17.0000,52,1
2026-04-28,601012,13:25:42,17.0000,220,1
2026-04-28,601012,13:25:45,17.0000,137,1
2026-04-28,601012,13:25:48,17.0000,23,1
2026-04-28,601012,13:25:51,17.0000,939,1
2026-04-28,601012,13:25:54,17.0000,388,1
2026-04-28,601012,13:25:57,17.0000,56,2
2026-04-28,601012,13:26:00,17.0000,25,2
2026-04-28,601012,13:26:03,17.0100,96,1
2026-04-28,601012,13:26:06,17.0100,133,1
2026-04-28,601012,13:26:09,17.0000,58,2
2026-04-28,601012,13:26:12,17.0000,20,2
2026-04-28,601012,13:26:15,17.0000,84,2
2026-04-28,601012,13:26:18,17.0100,30,1
2026-04-28,601012,13:26:21,17.0100,53,1
2026-04-28,601012,13:26:24,17.0000,10,2
2026-04-28,601012,13:26:27,17.0000,37,2
2026-04-28,601012,13:26:30,17.0000,79,2
2026-04-28,601012,13:26:33,17.0000,62,2
2026-04-28,601012,13:26:36,17.0000,60,2
2026-04-28,601012,13:26:39,17.0100,29,1
2026-04-28,601012,13:26:42,17.0000,41,2
2026-04-28,601012,13:26:45,17.0000,67,2
2026-04-28,601012,13:26:48,17.0000,18,2
2026-04-28,601012,13:26:51,17.0100,19,1
2026-04-28,601012,13:26:54,17.0000,29,2
2026-04-28,601012,13:26:57,17.0100,166,1
2026-04-28,601012,13:27:00,17.0100,39,1
2026-04-28,601012,13:27:03,17.0000,31,2
2026-04-28,601012,13:27:06,17.0100,25,1
2026-04-28,601012,13:27:09,17.0100,35,1
2026-04-28,601012,13:27:12,17.0100,72,1
2026-04-28,601012,13:27:15,17.0100,131,1
2026-04-28,601012,13:27:18,17.0100,97,1
2026-04-28,601012,13:27:21,17.0000,25,2
2026-04-28,601012,13:27:24,17.0100,152,1
2026-04-28,601012,13:27:27,17.0000,8,2
2026-04-28,601012,13:27:30,17.0100,29,1
2026-04-28,601012,13:27:33,17.0000,17,2
2026-04-28,601012,13:27:36,17.0000,55,2
2026-04-28,601012,13:27:39,17.0000,259,2
2026-04-28,601012,13:27:42,17.0000,14,2
2026-04-28,601012,13:27:45,17.0000,329,2
2026-04-28,601012,13:27:48,17.0000,131,2
2026-04-28,601012,13:27:51,17.0000,144,2
2026-04-28,601012,13:27:54,17.0000,600,2
2026-04-28,601012,13:27:57,17.0000,269,2
2026-04-28,601012,13:28:00,17.0000,397,2
2026-04-28,601012,13:28:03,16.9900,376,2
2026-04-28,601012,13:28:06,17.0000,528,1
2026-04-28,601012,13:28:09,17.0000,36,2
2026-04-28,601012,13:28:12,17.0000,42,2
2026-04-28,601012,13:28:15,17.0000,106,2
2026-04-28,601012,13:28:18,17.0100,67,1
2026-04-28,601012,13:28:21,17.0000,91,2
2026-04-28,601012,13:28:24,17.0000,20,2
2026-04-28,601012,13:28:27,16.9900,1200,2
2026-04-28,601012,13:28:30,17.0000,39,1
2026-04-28,601012,13:28:33,17.0000,283,1
2026-04-28,601012,13:28:36,17.0000,10,1
2026-04-28,601012,13:28:39,17.0000,23,1
2026-04-28,601012,13:28:42,16.9900,24,2
2026-04-28,601012,13:28:45,16.9900,27,2
2026-04-28,601012,13:28:48,17.0000,91,1
2026-04-28,601012,13:28:51,16.9900,21,2
2026-04-28,601012,13:28:54,16.9900,57,2
2026-04-28,601012,13:28:57,17.0000,161,1
2026-04-28,601012,13:29:00,16.9900,46,2
2026-04-28,601012,13:29:03,17.0000,31,1
2026-04-28,601012,13:29:06,17.0000,45,1
2026-04-28,601012,13:29:09,17.0000,47,1
2026-04-28,601012,13:29:12,16.9900,136,2
2026-04-28,601012,13:29:15,16.9900,10,2
2026-04-28,601012,13:29:18,17.0000,52,1
2026-04-28,601012,13:29:21,16.9900,45,2
2026-04-28,601012,13:29:24,17.0000,122,1
2026-04-28,601012,13:29:27,16.9900,78,2
2026-04-28,601012,13:29:30,17.0000,28,1
2026-04-28,601012,13:29:33,16.9900,66,2
2026-04-28,601012,13:29:36,17.0000,35,1
2026-04-28,601012,13:29:39,16.9900,75,2
2026-04-28,601012,13:29:42,16.9900,88,2
2026-04-28,601012,13:29:45,16.9900,51,2
2026-04-28,601012,13:29:48,16.9900,36,2
2026-04-28,601012,13:29:51,16.9900,51,2
2026-04-28,601012,13:29:54,16.9900,41,2
2026-04-28,601012,13:29:57,16.9900,42,2
2026-04-28,601012,13:30:00,16.9900,28,2
2026-04-28,601012,13:30:03,16.9900,336,2
2026-04-28,601012,13:30:06,16.9900,69,2
2026-04-28,601012,13:30:09,17.0000,37,1
2026-04-28,601012,13:30:12,16.9900,220,2
2026-04-28,601012,13:30:15,17.0000,23,1
2026-04-28,601012,13:30:18,17.0000,86,1
2026-04-28,601012,13:30:21,17.0000,10,1
2026-04-28,601012,13:30:24,17.0000,469,1
2026-04-28,601012,13:30:27,16.9900,108,2
2026-04-28,601012,13:30:30,17.0000,77,1
2026-04-28,601012,13:30:33,16.9900,129,2
2026-04-28,601012,13:30:36,17.0000,51,1
2026-04-28,601012,13:30:39,16.9900,12,2
2026-04-28,601012,13:30:42,16.9900,77,2
2026-04-28,601012,13:30:45,16.9900,1,2
2026-04-28,601012,13:30:48,17.0000,14,1
2026-04-28,601012,13:30:51,16.9900,586,2
2026-04-28,601012,13:30:54,16.9900,47,2
2026-04-28,601012,13:30:57,16.9900,1022,2
2026-04-28,601012,13:31:00,16.9900,75,2
2026-04-28,601012,13:31:03,16.9900,49,2
2026-04-28,601012,13:31:06,16.9900,31,2
2026-04-28,601012,13:31:09,16.9900,35,2
2026-04-28,601012,13:31:12,16.9900,65,2
2026-04-28,601012,13:31:15,16.9900,113,2
2026-04-28,601012,13:31:18,17.0000,216,1
2026-04-28,601012,13:31:21,16.9900,25,2
2026-04-28,601012,13:31:24,16.9900,229,2
2026-04-28,601012,13:31:27,16.9900,17,2
2026-04-28,601012,13:31:30,16.9900,60,2
2026-04-28,601012,13:31:33,16.9900,117,2
2026-04-28,601012,13:31:36,16.9800,8517,2
2026-04-28,601012,13:31:39,16.9800,72,2
2026-04-28,601012,13:31:42,16.9800,104,2
2026-04-28,601012,13:31:45,16.9900,28,1
2026-04-28,601012,13:31:48,16.9900,55,1
2026-04-28,601012,13:31:51,16.9900,238,1
2026-04-28,601012,13:31:54,16.9800,130,2
2026-04-28,601012,13:31:57,16.9800,19,2
2026-04-28,601012,13:32:00,16.9900,101,1
2026-04-28,601012,13:32:03,16.9900,729,1
2026-04-28,601012,13:32:06,16.9800,2850,2
2026-04-28,601012,13:32:09,16.9800,155,2
2026-04-28,601012,13:32:12,16.9800,88,2
2026-04-28,601012,13:32:15,16.9800,73,2
2026-04-28,601012,13:32:18,16.9800,108,2
2026-04-28,601012,13:32:21,16.9900,156,1
2026-04-28,601012,13:32:24,16.9800,90,2
2026-04-28,601012,13:32:27,16.9800,669,2
2026-04-28,601012,13:32:30,16.9800,3523,2
2026-04-28,601012,13:32:33,16.9700,868,2
2026-04-28,601012,13:32:36,16.9700,122,2
2026-04-28,601012,13:32:39,16.9700,275,2
2026-04-28,601012,13:32:42,16.9700,302,2
2026-04-28,601012,13:32:45,16.9700,295,2
2026-04-28,601012,13:32:48,16.9600,912,2
2026-04-28,601012,13:32:51,16.9600,210,2
2026-04-28,601012,13:32:54,16.9700,67,1
2026-04-28,601012,13:32:57,16.9600,208,2
2026-04-28,601012,13:33:00,16.9700,242,1
2026-04-28,601012,13:33:03,16.9600,3561,2
2026-04-28,601012,13:33:06,16.9600,129,1
2026-04-28,601012,13:33:09,16.9600,132,1
2026-04-28,601012,13:33:12,16.9500,479,2
2026-04-28,601012,13:33:15,16.9500,345,2
2026-04-28,601012,13:33:18,16.9500,1087,2
2026-04-28,601012,13:33:21,16.9500,224,2
2026-04-28,601012,13:33:24,16.9500,247,2
2026-04-28,601012,13:33:27,16.9500,1140,2
2026-04-28,601012,13:33:30,16.9500,806,2
2026-04-28,601012,13:33:33,16.9500,1261,2
2026-04-28,601012,13:33:36,16.9500,968,2
2026-04-28,601012,13:33:39,16.9500,700,2
2026-04-28,601012,13:33:42,16.9500,136,2
2026-04-28,601012,13:33:45,16.9500,327,2
2026-04-28,601012,13:33:48,16.9500,158,2
2026-04-28,601012,13:33:51,16.9500,592,2
2026-04-28,601012,13:33:54,16.9500,126,1
2026-04-28,601012,13:33:57,16.9500,107,1
2026-04-28,601012,13:34:00,16.9400,84,2
2026-04-28,601012,13:34:03,16.9500,192,1
2026-04-28,601012,13:34:06,16.9500,31,1
2026-04-28,601012,13:34:09,16.9500,902,1
2026-04-28,601012,13:34:12,16.9400,167,2
2026-04-28,601012,13:34:15,16.9500,163,1
2026-04-28,601012,13:34:18,16.9400,92,2
2026-04-28,601012,13:34:21,16.9400,116,2
2026-04-28,601012,13:34:24,16.9400,39,2
2026-04-28,601012,13:34:27,16.9400,375,2
2026-04-28,601012,13:34:30,16.9400,891,2
2026-04-28,601012,13:34:33,16.9500,2105,1
2026-04-28,601012,13:34:36,16.9500,116,2
2026-04-28,601012,13:34:39,16.9500,121,2
2026-04-28,601012,13:34:42,16.9400,70,2
2026-04-28,601012,13:34:45,16.9500,43,1
2026-04-28,601012,13:34:48,16.9400,27,2
2026-04-28,601012,13:34:51,16.9500,318,1
2026-04-28,601012,13:34:54,16.9500,538,1
2026-04-28,601012,13:34:57,16.9500,204,1
2026-04-28,601012,13:35:00,16.9500,227,1
2026-04-28,601012,13:35:03,16.9400,53,2
2026-04-28,601012,13:35:06,16.9500,663,1
2026-04-28,601012,13:35:09,16.9500,131,1
2026-04-28,601012,13:35:12,16.9500,176,1
2026-04-28,601012,13:35:15,16.9500,70,1
2026-04-28,601012,13:35:18,16.9500,135,1
2026-04-28,601012,13:35:21,16.9500,251,1
2026-04-28,601012,13:35:24,16.9500,289,1
2026-04-28,601012,13:35:27,16.9500,56,1
2026-04-28,601012,13:35:30,16.9500,138,1
2026-04-28,601012,13:35:33,16.9500,208,1
2026-04-28,601012,13:35:36,16.9400,109,2
2026-04-28,601012,13:35:39,16.9500,150,1
2026-04-28,601012,13:35:42,16.9400,75,2
2026-04-28,601012,13:35:45,16.9500,133,1
2026-04-28,601012,13:35:48,16.9400,261,2
2026-04-28,601012,13:35:51,16.9400,1054,2
2026-04-28,601012,13:35:54,16.9400,431,2
2026-04-28,601012,13:35:57,16.9500,179,1
2026-04-28,601012,13:36:00,16.9400,272,2
2026-04-28,601012,13:36:03,16.9500,171,1
2026-04-28,601012,13:36:06,16.9400,46,2
2026-04-28,601012,13:36:09,16.9400,61,1
2026-04-28,601012,13:36:12,16.9400,156,1
2026-04-28,601012,13:36:15,16.9300,796,2
2026-04-28,601012,13:36:18,16.9400,520,1
2026-04-28,601012,13:36:21,16.9300,188,2
2026-04-28,601012,13:36:24,16.9300,84,2
2026-04-28,601012,13:36:27,16.9300,259,2
2026-04-28,601012,13:36:30,16.9300,2634,2
2026-04-28,601012,13:36:33,16.9300,133,2
2026-04-28,601012,13:36:36,16.9300,218,1
2026-04-28,601012,13:36:39,16.9200,354,2
2026-04-28,601012,13:36:42,16.9200,281,2
2026-04-28,601012,13:36:45,16.9200,53,2
2026-04-28,601012,13:36:48,16.9200,222,2
2026-04-28,601012,13:36:51,16.9300,225,1
2026-04-28,601012,13:36:54,16.9200,512,2
2026-04-28,601012,13:36:57,16.9200,147,2
2026-04-28,601012,13:37:00,16.9200,302,2
2026-04-28,601012,13:37:03,16.9200,538,2
2026-04-28,601012,13:37:06,16.9200,353,2
2026-04-28,601012,13:37:09,16.9200,138,1
2026-04-28,601012,13:37:12,16.9100,4098,2
2026-04-28,601012,13:37:15,16.9100,763,2
2026-04-28,601012,13:37:18,16.9100,488,2
2026-04-28,601012,13:37:21,16.9200,103,1
2026-04-28,601012,13:37:24,16.9100,362,2
2026-04-28,601012,13:37:27,16.9100,167,1
2026-04-28,601012,13:37:30,16.9100,225,1
2026-04-28,601012,13:37:33,16.9100,517,1
2026-04-28,601012,13:37:36,16.9000,292,2
2026-04-28,601012,13:37:39,16.9100,1234,1
2026-04-28,601012,13:37:42,16.9100,161,4
2026-04-28,601012,13:37:45,16.9100,283,2
2026-04-28,601012,13:37:48,16.9100,79,1
2026-04-28,601012,13:37:51,16.9100,11192,1
2026-04-28,601012,13:37:54,16.9100,957,1
2026-04-28,601012,13:37:57,16.9000,177,2
2026-04-28,601012,13:38:00,16.9000,393,2
2026-04-28,601012,13:38:03,16.9000,211,2
2026-04-28,601012,13:38:06,16.9000,994,2
2026-04-28,601012,13:38:09,16.9000,349,2
2026-04-28,601012,13:38:12,16.9100,1283,1
2026-04-28,601012,13:38:15,16.9100,108,1
2026-04-28,601012,13:38:18,16.9100,36,1
2026-04-28,601012,13:38:21,16.9000,50,2
2026-04-28,601012,13:38:24,16.9000,155,2
2026-04-28,601012,13:38:27,16.9000,270,2
2026-04-28,601012,13:38:30,16.9000,462,2
2026-04-28,601012,13:38:33,16.9100,42,1
2026-04-28,601012,13:38:36,16.9000,108,2
2026-04-28,601012,13:38:39,16.9100,303,1
2026-04-28,601012,13:38:42,16.9100,269,1
2026-04-28,601012,13:38:45,16.9100,122,1
2026-04-28,601012,13:38:48,16.9100,1071,1
2026-04-28,601012,13:38:51,16.9100,555,1
2026-04-28,601012,13:38:54,16.9100,20,2
2026-04-28,601012,13:38:57,16.9200,95,1
2026-04-28,601012,13:39:00,16.9200,411,1
2026-04-28,601012,13:39:03,16.9200,40,2
2026-04-28,601012,13:39:06,16.9200,91,2
2026-04-28,601012,13:39:09,16.9200,102,2
2026-04-28,601012,13:39:12,16.9300,168,1
2026-04-28,601012,13:39:15,16.9300,81,1
2026-04-28,601012,13:39:18,16.9200,1107,2
2026-04-28,601012,13:39:21,16.9100,338,2
2026-04-28,601012,13:39:24,16.9200,110,1
2026-04-28,601012,13:39:27,16.9200,108,1
2026-04-28,601012,13:39:30,16.9100,1035,2
2026-04-28,601012,13:39:33,16.9100,56,2
2026-04-28,601012,13:39:36,16.9200,139,1
2026-04-28,601012,13:39:39,16.9200,74,1
2026-04-28,601012,13:39:42,16.9100,180,2
2026-04-28,601012,13:39:45,16.9100,70,2
2026-04-28,601012,13:39:48,16.9000,1485,2
2026-04-28,601012,13:39:51,16.9100,105,1
2026-04-28,601012,13:39:54,16.9100,2501,1
2026-04-28,601012,13:39:57,16.9100,885,2
2026-04-28,601012,13:40:00,16.9200,47,2
2026-04-28,601012,13:40:03,16.9200,62,2
2026-04-28,601012,13:40:06,16.9300,272,1
2026-04-28,601012,13:40:09,16.9100,176,2
2026-04-28,601012,13:40:12,16.9200,90,2
2026-04-28,601012,13:40:15,16.9200,72,1
2026-04-28,601012,13:40:18,16.9200,14,2
2026-04-28,601012,13:40:21,16.9300,28,1
2026-04-28,601012,13:40:24,16.9300,140,1
2026-04-28,601012,13:40:27,16.9300,27,1
2026-04-28,601012,13:40:30,16.9300,130,1
2026-04-28,601012,13:40:33,16.9300,76,1
2026-04-28,601012,13:40:36,16.9200,154,2
2026-04-28,601012,13:40:39,16.9300,192,1
2026-04-28,601012,13:40:42,16.9300,192,1
2026-04-28,601012,13:40:45,16.9300,91,1
2026-04-28,601012,13:40:48,16.9300,130,1
2026-04-28,601012,13:40:51,16.9300,29,1
2026-04-28,601012,13:40:54,16.9300,117,1
2026-04-28,601012,13:40:57,16.9300,104,1
2026-04-28,601012,13:41:00,16.9300,170,1
2026-04-28,601012,13:41:03,16.9300,260,1
2026-04-28,601012,13:41:06,16.9200,116,2
2026-04-28,601012,13:41:09,16.9200,199,2
2026-04-28,601012,13:41:12,16.9300,58,1
2026-04-28,601012,13:41:15,16.9300,79,1
2026-04-28,601012,13:41:18,16.9300,34,1
2026-04-28,601012,13:41:21,16.9300,62,2
2026-04-28,601012,13:41:24,16.9300,15,2
2026-04-28,601012,13:41:27,16.9400,48,1
2026-04-28,601012,13:41:30,16.9300,137,2
2026-04-28,601012,13:41:33,16.9400,56,1
2026-04-28,601012,13:41:36,16.9300,143,2
2026-04-28,601012,13:41:39,16.9400,73,1
2026-04-28,601012,13:41:42,16.9400,144,1
2026-04-28,601012,13:41:45,16.9400,21,1
2026-04-28,601012,13:41:48,16.9400,125,2
2026-04-28,601012,13:41:51,16.9500,42,1
2026-04-28,601012,13:41:54,16.9400,65,2
2026-04-28,601012,13:41:57,16.9400,28,2
2026-04-28,601012,13:42:00,16.9500,14,1
2026-04-28,601012,13:42:03,16.9500,345,1
2026-04-28,601012,13:42:06,16.9400,102,2
2026-04-28,601012,13:42:09,16.9400,561,1
2026-04-28,601012,13:42:12,16.9500,111,1
2026-04-28,601012,13:42:15,16.9500,12,1
2026-04-28,601012,13:42:18,16.9400,44,2
2026-04-28,601012,13:42:21,16.9500,173,1
2026-04-28,601012,13:42:24,16.9500,127,1
2026-04-28,601012,13:42:27,16.9500,76,1
2026-04-28,601012,13:42:30,16.9500,113,1
2026-04-28,601012,13:42:33,16.9500,48,1
2026-04-28,601012,13:42:36,16.9400,70,2
2026-04-28,601012,13:42:39,16.9500,28,1
2026-04-28,601012,13:42:42,16.9500,218,1
2026-04-28,601012,13:42:45,16.9500,31,1
2026-04-28,601012,13:42:48,16.9500,215,1
2026-04-28,601012,13:42:51,16.9500,270,1
2026-04-28,601012,13:42:54,16.9400,62,2
2026-04-28,601012,13:42:57,16.9400,142,2
2026-04-28,601012,13:43:00,16.9500,36,1
2026-04-28,601012,13:43:03,16.9500,163,1
2026-04-28,601012,13:43:06,16.9500,15,1
2026-04-28,601012,13:43:09,16.9500,95,1
2026-04-28,601012,13:43:12,16.9400,26,2
2026-04-28,601012,13:43:15,16.9400,110,2
2026-04-28,601012,13:43:18,16.9500,27,1
2026-04-28,601012,13:43:21,16.9500,42,1
2026-04-28,601012,13:43:24,16.9400,167,2
2026-04-28,601012,13:43:27,16.9500,58,1
2026-04-28,601012,13:43:30,16.9500,132,1
2026-04-28,601012,13:43:33,16.9500,52,1
2026-04-28,601012,13:43:36,16.9300,710,2
2026-04-28,601012,13:43:39,16.9400,121,1
2026-04-28,601012,13:43:42,16.9300,109,2
2026-04-28,601012,13:43:45,16.9400,52,1
2026-04-28,601012,13:43:48,16.9400,82,1
2026-04-28,601012,13:43:51,16.9300,122,2
2026-04-28,601012,13:43:54,16.9300,82,2
2026-04-28,601012,13:43:57,16.9300,58,2
2026-04-28,601012,13:44:00,16.9500,157,1
2026-04-28,601012,13:44:03,16.9400,12,4
2026-04-28,601012,13:44:06,16.9400,33,1
2026-04-28,601012,13:44:09,16.9300,10,2
2026-04-28,601012,13:44:12,16.9400,38,1
2026-04-28,601012,13:44:15,16.9400,27,1
2026-04-28,601012,13:44:18,16.9400,185,1
2026-04-28,601012,13:44:21,16.9400,41,1
2026-04-28,601012,13:44:24,16.9300,18,2
2026-04-28,601012,13:44:27,16.9400,36,1
2026-04-28,601012,13:44:30,16.9400,18,1
2026-04-28,601012,13:44:33,16.9400,106,1
2026-04-28,601012,13:44:36,16.9400,87,2
2026-04-28,601012,13:44:39,16.9400,75,2
2026-04-28,601012,13:44:42,16.9400,18,2
2026-04-28,601012,13:44:45,16.9400,20,2
2026-04-28,601012,13:44:48,16.9500,6,1
2026-04-28,601012,13:44:51,16.9400,185,2
2026-04-28,601012,13:44:54,16.9500,20,1
2026-04-28,601012,13:44:57,16.9400,8,2
2026-04-28,601012,13:45:00,16.9500,39,1
2026-04-28,601012,13:45:03,16.9500,25,1
2026-04-28,601012,13:45:06,16.9500,48,1
2026-04-28,601012,13:45:09,16.9500,42,1
2026-04-28,601012,13:45:12,16.9500,32,1
2026-04-28,601012,13:45:15,16.9500,159,1
2026-04-28,601012,13:45:18,16.9500,44,1
2026-04-28,601012,13:45:21,16.9400,120,2
2026-04-28,601012,13:45:24,16.9500,1026,1
2026-04-28,601012,13:45:27,16.9400,116,2
2026-04-28,601012,13:45:30,16.9400,183,1
2026-04-28,601012,13:45:33,16.9300,14,2
2026-04-28,601012,13:45:36,16.9400,16,1
2026-04-28,601012,13:45:39,16.9400,3,1
2026-04-28,601012,13:45:42,16.9400,38,1
2026-04-28,601012,13:45:45,16.9400,99,1
2026-04-28,601012,13:45:48,16.9400,123,1
2026-04-28,601012,13:45:51,16.9400,27,1
2026-04-28,601012,13:45:54,16.9400,18,1
2026-04-28,601012,13:45:57,16.9400,39,1
2026-04-28,601012,13:46:00,16.9300,58,2
2026-04-28,601012,13:46:03,16.9300,62,2
2026-04-28,601012,13:46:06,16.9300,116,2
2026-04-28,601012,13:46:09,16.9300,96,2
2026-04-28,601012,13:46:12,16.9400,125,1
2026-04-28,601012,13:46:15,16.9400,17,1
2026-04-28,601012,13:46:18,16.9300,61,2
2026-04-28,601012,13:46:21,16.9300,139,2
2026-04-28,601012,13:46:24,16.9300,144,2
2026-04-28,601012,13:46:27,16.9300,174,2
2026-04-28,601012,13:46:30,16.9300,6,2
2026-04-28,601012,13:46:33,16.9300,7,2
2026-04-28,601012,13:46:36,16.9400,814,1
2026-04-28,601012,13:46:39,16.9400,15,2
2026-04-28,601012,13:46:42,16.9400,13,2
2026-04-28,601012,13:46:45,16.9400,247,2
2026-04-28,601012,13:46:48,16.9400,45,2
2026-04-28,601012,13:46:51,16.9400,169,2
2026-04-28,601012,13:46:54,16.9400,118,1
2026-04-28,601012,13:46:57,16.9300,93,2
2026-04-28,601012,13:47:00,16.9400,3,1
2026-04-28,601012,13:47:03,16.9400,1,1
2026-04-28,601012,13:47:06,16.9400,13,1
2026-04-28,601012,13:47:09,16.9300,244,2
2026-04-28,601012,13:47:12,16.9300,87,2
2026-04-28,601012,13:47:15,16.9400,52,1
2026-04-28,601012,13:47:18,16.9300,15,2
2026-04-28,601012,13:47:21,16.9300,257,2
2026-04-28,601012,13:47:27,16.9400,70,1
2026-04-28,601012,13:47:30,16.9300,112,2
2026-04-28,601012,13:47:33,16.9300,94,2
2026-04-28,601012,13:47:36,16.9300,118,2
2026-04-28,601012,13:47:39,16.9300,678,2
2026-04-28,601012,13:47:42,16.9400,130,1
2026-04-28,601012,13:47:45,16.9300,278,2
2026-04-28,601012,13:47:48,16.9300,18,2
2026-04-28,601012,13:47:51,16.9300,294,2
2026-04-28,601012,13:47:54,16.9400,360,1
2026-04-28,601012,13:47:57,16.9200,140,2
2026-04-28,601012,13:48:00,16.9300,310,1
2026-04-28,601012,13:48:03,16.9300,66,2
2026-04-28,601012,13:48:06,16.9300,113,2
2026-04-28,601012,13:48:09,16.9400,40,1
2026-04-28,601012,13:48:12,16.9400,39,1
2026-04-28,601012,13:48:15,16.9400,13,1
2026-04-28,601012,13:48:18,16.9300,18,2
2026-04-28,601012,13:48:21,16.9400,208,1
2026-04-28,601012,13:48:24,16.9300,81,2
2026-04-28,601012,13:48:27,16.9300,47,1
2026-04-28,601012,13:48:30,16.9300,41,1
2026-04-28,601012,13:48:33,16.9300,105,1
2026-04-28,601012,13:48:36,16.9300,376,1
2026-04-28,601012,13:48:39,16.9300,97,1
2026-04-28,601012,13:48:42,16.9300,320,1
2026-04-28,601012,13:48:45,16.9300,79,1
2026-04-28,601012,13:48:48,16.9300,55,1
2026-04-28,601012,13:48:51,16.9300,46,1
2026-04-28,601012,13:48:54,16.9300,15,1
2026-04-28,601012,13:48:57,16.9200,243,2
2026-04-28,601012,13:49:00,16.9200,429,2
2026-04-28,601012,13:49:03,16.9300,328,1
2026-04-28,601012,13:49:06,16.9200,357,2
2026-04-28,601012,13:49:09,16.9100,274,2
2026-04-28,601012,13:49:12,16.9300,475,1
2026-04-28,601012,13:49:15,16.9200,75,2
2026-04-28,601012,13:49:18,16.9200,27,2
2026-04-28,601012,13:49:21,16.9300,25,1
2026-04-28,601012,13:49:24,16.9200,79,2
2026-04-28,601012,13:49:27,16.9200,67,2
2026-04-28,601012,13:49:30,16.9200,57,2
2026-04-28,601012,13:49:33,16.9200,41,2
2026-04-28,601012,13:49:36,16.9200,68,2
2026-04-28,601012,13:49:39,16.9200,31,2
2026-04-28,601012,13:49:42,16.9300,14,1
2026-04-28,601012,13:49:45,16.9200,65,2
2026-04-28,601012,13:49:48,16.9200,102,2
2026-04-28,601012,13:49:51,16.9300,14,1
2026-04-28,601012,13:49:54,16.9200,98,2
2026-04-28,601012,13:49:57,16.9300,31,1
2026-04-28,601012,13:50:00,16.9300,68,1
2026-04-28,601012,13:50:03,16.9300,88,1
2026-04-28,601012,13:50:06,16.9200,381,2
2026-04-28,601012,13:50:09,16.9300,55,1
2026-04-28,601012,13:50:12,16.9200,9,2
2026-04-28,601012,13:50:15,16.9200,122,2
2026-04-28,601012,13:50:18,16.9200,230,1
2026-04-28,601012,13:50:21,16.9200,116,2
2026-04-28,601012,13:50:24,16.9200,98,1
2026-04-28,601012,13:50:27,16.9200,53,1
2026-04-28,601012,13:50:30,16.9200,111,1
2026-04-28,601012,13:50:33,16.9100,231,2
2026-04-28,601012,13:50:36,16.9200,48,1
2026-04-28,601012,13:50:39,16.9100,774,2
2026-04-28,601012,13:50:42,16.9200,185,1
2026-04-28,601012,13:50:45,16.9200,42,1
2026-04-28,601012,13:50:48,16.9100,60,2
2026-04-28,601012,13:50:51,16.9100,67,2
2026-04-28,601012,13:50:54,16.9100,150,2
2026-04-28,601012,13:50:57,16.9000,2683,2
2026-04-28,601012,13:51:00,16.9100,118,1
2026-04-28,601012,13:51:03,16.9100,107,1
2026-04-28,601012,13:51:06,16.9000,159,2
2026-04-28,601012,13:51:09,16.9000,115,2
2026-04-28,601012,13:51:12,16.9000,104,2
2026-04-28,601012,13:51:15,16.9000,130,2
2026-04-28,601012,13:51:18,16.9000,161,2
2026-04-28,601012,13:51:21,16.9000,969,2
2026-04-28,601012,13:51:24,16.9000,309,2
2026-04-28,601012,13:51:27,16.9000,266,2
2026-04-28,601012,13:51:30,16.9000,533,2
2026-04-28,601012,13:51:33,16.9000,1912,2
2026-04-28,601012,13:51:36,16.9000,1249,2
2026-04-28,601012,13:51:39,16.9000,561,2
2026-04-28,601012,13:51:42,16.9000,170,2
2026-04-28,601012,13:51:45,16.9000,394,2
2026-04-28,601012,13:51:48,16.9000,738,2
2026-04-28,601012,13:51:51,16.9000,494,2
2026-04-28,601012,13:51:54,16.9000,985,2
2026-04-28,601012,13:51:57,16.9000,85,1
2026-04-28,601012,13:52:00,16.9000,126,1
2026-04-28,601012,13:52:03,16.8900,93,2
2026-04-28,601012,13:52:06,16.9000,218,1
2026-04-28,601012,13:52:09,16.8900,212,2
2026-04-28,601012,13:52:12,16.8900,122,2
2026-04-28,601012,13:52:15,16.8900,119,2
2026-04-28,601012,13:52:18,16.9000,69,1
2026-04-28,601012,13:52:21,16.8900,373,2
2026-04-28,601012,13:52:24,16.9000,118,1
2026-04-28,601012,13:52:27,16.8900,145,2
2026-04-28,601012,13:52:30,16.9000,126,1
2026-04-28,601012,13:52:33,16.8900,99,2
2026-04-28,601012,13:52:36,16.9000,176,1
2026-04-28,601012,13:52:39,16.9000,219,1
2026-04-28,601012,13:52:42,16.9000,175,1
2026-04-28,601012,13:52:45,16.9000,25,1
2026-04-28,601012,13:52:48,16.8900,183,2
2026-04-28,601012,13:52:51,16.9000,54,1
2026-04-28,601012,13:52:54,16.9000,205,1
2026-04-28,601012,13:52:57,16.8900,70,2
2026-04-28,601012,13:53:00,16.8900,275,2
2026-04-28,601012,13:53:03,16.9000,224,1
2026-04-28,601012,13:53:06,16.9000,679,1
2026-04-28,601012,13:53:09,16.9100,1762,1
2026-04-28,601012,13:53:12,16.9100,23,2
2026-04-28,601012,13:53:15,16.9100,12,2
2026-04-28,601012,13:53:18,16.9200,53,1
2026-04-28,601012,13:53:21,16.9100,126,2
2026-04-28,601012,13:53:24,16.9100,29,2
2026-04-28,601012,13:53:27,16.9100,33,2
2026-04-28,601012,13:53:30,16.9100,65,2
2026-04-28,601012,13:53:33,16.9100,126,2
2026-04-28,601012,13:53:36,16.9100,15,2
2026-04-28,601012,13:53:39,16.9200,34,1
2026-04-28,601012,13:53:42,16.9200,54,1
2026-04-28,601012,13:53:45,16.9200,33,1
2026-04-28,601012,13:53:48,16.9200,13,1
2026-04-28,601012,13:53:51,16.9200,31,1
2026-04-28,601012,13:53:54,16.9200,245,1
2026-04-28,601012,13:53:57,16.9200,376,1
2026-04-28,601012,13:54:00,16.9200,161,2
2026-04-28,601012,13:54:03,16.9200,42,2
2026-04-28,601012,13:54:06,16.9300,68,1
2026-04-28,601012,13:54:09,16.9200,85,2
2026-04-28,601012,13:54:12,16.9300,160,1
2026-04-28,601012,13:54:15,16.9200,305,2
2026-04-28,601012,13:54:18,16.9200,140,1
2026-04-28,601012,13:54:21,16.9300,266,1
2026-04-28,601012,13:54:24,16.9200,99,2
2026-04-28,601012,13:54:27,16.9200,193,1
2026-04-28,601012,13:54:30,16.9100,391,2
2026-04-28,601012,13:54:33,16.9200,21,1
2026-04-28,601012,13:54:36,16.9200,16,1
2026-04-28,601012,13:54:39,16.9200,642,1
2026-04-28,601012,13:54:42,16.9200,47,2
2026-04-28,601012,13:54:45,16.9200,63,2
2026-04-28,601012,13:54:48,16.9200,42,2
2026-04-28,601012,13:54:51,16.9200,47,1
2026-04-28,601012,13:54:54,16.9300,90,1
2026-04-28,601012,13:54:57,16.9300,28,1
2026-04-28,601012,13:55:00,16.9300,49,1
2026-04-28,601012,13:55:03,16.9300,34,1
2026-04-28,601012,13:55:06,16.9300,63,1
2026-04-28,601012,13:55:09,16.9200,139,2
2026-04-28,601012,13:55:12,16.9300,24,1
2026-04-28,601012,13:55:15,16.9200,116,2
2026-04-28,601012,13:55:18,16.9300,46,1
2026-04-28,601012,13:55:21,16.9200,329,2
2026-04-28,601012,13:55:24,16.9200,147,2
2026-04-28,601012,13:55:27,16.9200,253,2
2026-04-28,601012,13:55:30,16.9200,83,2
2026-04-28,601012,13:55:33,16.9300,14,1
2026-04-28,601012,13:55:36,16.9200,512,2
2026-04-28,601012,13:55:39,16.9300,44,1
2026-04-28,601012,13:55:42,16.9300,44,1
2026-04-28,601012,13:55:45,16.9300,1,1
2026-04-28,601012,13:55:48,16.9300,59,1
2026-04-28,601012,13:55:54,16.9300,62,1
2026-04-28,601012,13:55:57,16.9200,82,2
2026-04-28,601012,13:56:00,16.9200,111,2
2026-04-28,601012,13:56:03,16.9200,16,2
2026-04-28,601012,13:56:06,16.9200,182,2
2026-04-28,601012,13:56:09,16.9300,363,1
2026-04-28,601012,13:56:12,16.9300,3,1
2026-04-28,601012,13:56:15,16.9300,141,1
2026-04-28,601012,13:56:18,16.9300,78,1
2026-04-28,601012,13:56:21,16.9200,126,2
2026-04-28,601012,13:56:24,16.9300,119,1
2026-04-28,601012,13:56:27,16.9300,601,1
2026-04-28,601012,13:56:30,16.9300,51,2
2026-04-28,601012,13:56:33,16.9300,13,2
2026-04-28,601012,13:56:36,16.9400,32,1
2026-04-28,601012,13:56:39,16.9400,96,1
2026-04-28,601012,13:56:42,16.9400,165,1
2026-04-28,601012,13:56:45,16.9300,63,2
2026-04-28,601012,13:56:48,16.9400,51,1
2026-04-28,601012,13:56:51,16.9400,28,1
2026-04-28,601012,13:56:54,16.9400,28,1
2026-04-28,601012,13:56:57,16.9400,352,1
2026-04-28,601012,13:57:00,16.9400,19,1
2026-04-28,601012,13:57:03,16.9400,16,1
2026-04-28,601012,13:57:06,16.9400,59,1
2026-04-28,601012,13:57:09,16.9400,14,1
2026-04-28,601012,13:57:12,16.9400,74,1
2026-04-28,601012,13:57:15,16.9400,12,1
2026-04-28,601012,13:57:18,16.9400,26,1
2026-04-28,601012,13:57:21,16.9400,56,1
2026-04-28,601012,13:57:24,16.9300,44,2
2026-04-28,601012,13:57:27,16.9300,206,2
2026-04-28,601012,13:57:30,16.9300,331,2
2026-04-28,601012,13:57:33,16.9300,72,2
2026-04-28,601012,13:57:36,16.9400,64,1
2026-04-28,601012,13:57:39,16.9200,26,2
2026-04-28,601012,13:57:42,16.9200,177,2
2026-04-28,601012,13:57:45,16.9300,38,1
2026-04-28,601012,13:57:48,16.9300,83,2
2026-04-28,601012,13:57:51,16.9200,80,2
2026-04-28,601012,13:57:54,16.9300,35,1
2026-04-28,601012,13:57:57,16.9300,51,1
2026-04-28,601012,13:58:00,16.9200,59,2
2026-04-28,601012,13:58:03,16.9300,69,1
2026-04-28,601012,13:58:06,16.9200,577,2
2026-04-28,601012,13:58:09,16.9300,100,1
2026-04-28,601012,13:58:12,16.9300,10,1
2026-04-28,601012,13:58:15,16.9200,36,2
2026-04-28,601012,13:58:18,16.9300,57,1
2026-04-28,601012,13:58:21,16.9200,60,2
2026-04-28,601012,13:58:24,16.9300,1455,1
2026-04-28,601012,13:58:27,16.9300,5,2
2026-04-28,601012,13:58:30,16.9300,179,2
2026-04-28,601012,13:58:33,16.9300,7,2
2026-04-28,601012,13:58:36,16.9300,218,2
2026-04-28,601012,13:58:39,16.9300,200,2
2026-04-28,601012,13:58:42,16.9400,1147,1
2026-04-28,601012,13:58:45,16.9400,174,2
2026-04-28,601012,13:58:48,16.9400,190,2
2026-04-28,601012,13:58:51,16.9500,210,1
2026-04-28,601012,13:58:54,16.9500,40,1
2026-04-28,601012,13:58:57,16.9400,11,2
2026-04-28,601012,13:59:00,16.9400,61,2
2026-04-28,601012,13:59:03,16.9500,10,1
2026-04-28,601012,13:59:06,16.9400,27,2
2026-04-28,601012,13:59:09,16.9400,61,2
2026-04-28,601012,13:59:12,16.9500,169,1
2026-04-28,601012,13:59:15,16.9400,6,2
2026-04-28,601012,13:59:18,16.9400,50,2
2026-04-28,601012,13:59:21,16.9500,25,1
2026-04-28,601012,13:59:24,16.9400,98,2
2026-04-28,601012,13:59:27,16.9400,80,2
2026-04-28,601012,13:59:30,16.9500,88,1
2026-04-28,601012,13:59:33,16.9500,131,1
2026-04-28,601012,13:59:36,16.9400,145,2
2026-04-28,601012,13:59:39,16.9500,36,1
2026-04-28,601012,13:59:42,16.9500,151,1
2026-04-28,601012,13:59:45,16.9500,107,1
2026-04-28,601012,13:59:48,16.9500,109,1
2026-04-28,601012,13:59:51,16.9400,35,2
2026-04-28,601012,13:59:54,16.9400,28,2
2026-04-28,601012,13:59:57,16.9400,37,2
2026-04-28,601012,14:00:00,16.9400,387,2
2026-04-28,601012,14:00:03,16.9400,111,2
2026-04-28,601012,14:00:06,16.9400,45,2
2026-04-28,601012,14:00:09,16.9500,36,1
2026-04-28,601012,14:00:12,16.9400,10,2
2026-04-28,601012,14:00:15,16.9400,7,2
2026-04-28,601012,14:00:18,16.9400,42,2
2026-04-28,601012,14:00:21,16.9400,65,2
2026-04-28,601012,14:00:24,16.9500,16,1
2026-04-28,601012,14:00:27,16.9500,21,1
2026-04-28,601012,14:00:30,16.9500,43,1
2026-04-28,601012,14:00:33,16.9500,45,1
2026-04-28,601012,14:00:36,16.9500,705,1
2026-04-28,601012,14:00:39,16.9500,104,1
2026-04-28,601012,14:00:42,16.9500,170,1
2026-04-28,601012,14:00:45,16.9500,22,1
2026-04-28,601012,14:00:48,16.9500,21,1
2026-04-28,601012,14:00:51,16.9500,12,1
2026-04-28,601012,14:00:54,16.9500,22,1
2026-04-28,601012,14:00:57,16.9500,17,1
2026-04-28,601012,14:01:00,16.9500,91,1
2026-04-28,601012,14:01:03,16.9500,141,1
2026-04-28,601012,14:01:06,16.9500,72,1
2026-04-28,601012,14:01:09,16.9500,79,1
2026-04-28,601012,14:01:12,16.9500,26,1
2026-04-28,601012,14:01:15,16.9500,52,1
2026-04-28,601012,14:01:18,16.9500,47,1
2026-04-28,601012,14:01:21,16.9500,5,1
2026-04-28,601012,14:01:24,16.9500,184,1
2026-04-28,601012,14:01:27,16.9500,183,1
2026-04-28,601012,14:01:30,16.9400,1167,2
2026-04-28,601012,14:01:33,16.9500,100,1
2026-04-28,601012,14:01:36,16.9400,36,2
2026-04-28,601012,14:01:39,16.9400,326,2
2026-04-28,601012,14:01:42,16.9400,145,2
2026-04-28,601012,14:01:45,16.9400,84,2
2026-04-28,601012,14:01:48,16.9300,132,2
2026-04-28,601012,14:01:51,16.9400,78,2
2026-04-28,601012,14:01:54,16.9400,50,1
2026-04-28,601012,14:01:57,16.9300,17,2
2026-04-28,601012,14:02:00,16.9300,48,2
2026-04-28,601012,14:02:03,16.9300,128,2
2026-04-28,601012,14:02:06,16.9400,94,1
2026-04-28,601012,14:02:09,16.9300,17,2
2026-04-28,601012,14:02:12,16.9300,56,2
2026-04-28,601012,14:02:15,16.9300,96,2
2026-04-28,601012,14:02:18,16.9400,40,1
2026-04-28,601012,14:02:21,16.9300,39,2
2026-04-28,601012,14:02:24,16.9300,8,2
2026-04-28,601012,14:02:27,16.9300,432,2
2026-04-28,601012,14:02:30,16.9400,45,1
2026-04-28,601012,14:02:33,16.9400,33,1
2026-04-28,601012,14:02:36,16.9300,61,2
2026-04-28,601012,14:02:39,16.9400,51,1
2026-04-28,601012,14:02:42,16.9400,53,1
2026-04-28,601012,14:02:45,16.9300,21,2
2026-04-28,601012,14:02:48,16.9400,639,1
2026-04-28,601012,14:02:51,16.9400,842,1
2026-04-28,601012,14:02:54,16.9500,21,1
2026-04-28,601012,14:02:57,16.9500,239,1
2026-04-28,601012,14:03:00,16.9400,140,2
2026-04-28,601012,14:03:03,16.9400,462,2
2026-04-28,601012,14:03:06,16.9400,174,2
2026-04-28,601012,14:03:09,16.9400,15,2
2026-04-28,601012,14:03:12,16.9400,904,2
2026-04-28,601012,14:03:15,16.9400,71,2
2026-04-28,601012,14:03:18,16.9400,44,2
2026-04-28,601012,14:03:21,16.9400,164,2
2026-04-28,601012,14:03:24,16.9400,101,1
2026-04-28,601012,14:03:27,16.9400,24,1
2026-04-28,601012,14:03:30,16.9400,36,1
2026-04-28,601012,14:03:33,16.9300,125,2
2026-04-28,601012,14:03:36,16.9400,25,1
2026-04-28,601012,14:03:39,16.9300,1,2
2026-04-28,601012,14:03:42,16.9300,49,2
2026-04-28,601012,14:03:45,16.9300,19,2
2026-04-28,601012,14:03:48,16.9300,10,2
2026-04-28,601012,14:03:51,16.9400,8,1
2026-04-28,601012,14:03:54,16.9300,43,2
2026-04-28,601012,14:03:57,16.9300,961,2
2026-04-28,601012,14:04:00,16.9300,43,2
2026-04-28,601012,14:04:03,16.9400,40,1
2026-04-28,601012,14:04:06,16.9400,58,1
2026-04-28,601012,14:04:09,16.9400,10,1
2026-04-28,601012,14:04:12,16.9400,135,1
2026-04-28,601012,14:04:15,16.9400,75,1
2026-04-28,601012,14:04:18,16.9400,17,2
2026-04-28,601012,14:04:21,16.9500,144,1
2026-04-28,601012,14:04:24,16.9400,76,2
2026-04-28,601012,14:04:27,16.9500,11,1
2026-04-28,601012,14:04:33,16.9500,19,1
2026-04-28,601012,14:04:36,16.9600,718,1
2026-04-28,601012,14:04:39,16.9600,278,1
2026-04-28,601012,14:04:42,16.9600,13,1
2026-04-28,601012,14:04:45,16.9600,19,1
2026-04-28,601012,14:04:48,16.9600,12,1
2026-04-28,601012,14:04:51,16.9600,102,1
2026-04-28,601012,14:04:54,16.9600,40,1
2026-04-28,601012,14:04:57,16.9600,38,1
2026-04-28,601012,14:05:00,16.9500,21,2
2026-04-28,601012,14:05:03,16.9600,17,1
2026-04-28,601012,14:05:06,16.9600,83,1
2026-04-28,601012,14:05:09,16.9600,45,1
2026-04-28,601012,14:05:12,16.9600,34,1
2026-04-28,601012,14:05:15,16.9500,32,2
2026-04-28,601012,14:05:18,16.9600,29,1
2026-04-28,601012,14:05:21,16.9600,366,1
2026-04-28,601012,14:05:24,16.9600,106,1
2026-04-28,601012,14:05:27,16.9500,67,2
2026-04-28,601012,14:05:30,16.9600,6,1
2026-04-28,601012,14:05:33,16.9500,21,2
2026-04-28,601012,14:05:36,16.9500,112,2
2026-04-28,601012,14:05:39,16.9500,30,2
2026-04-28,601012,14:05:42,16.9600,35,1
2026-04-28,601012,14:05:45,16.9600,46,1
2026-04-28,601012,14:05:48,16.9600,37,1
2026-04-28,601012,14:05:51,16.9600,9,1
2026-04-28,601012,14:05:54,16.9600,30,1
2026-04-28,601012,14:05:57,16.9600,300,1
2026-04-28,601012,14:06:00,16.9600,35,2
2026-04-28,601012,14:06:03,16.9700,58,1
2026-04-28,601012,14:06:06,16.9700,909,1
2026-04-28,601012,14:06:09,16.9600,106,2
2026-04-28,601012,14:06:12,16.9700,169,1
2026-04-28,601012,14:06:15,16.9700,12,1
2026-04-28,601012,14:06:18,16.9600,32,2
2026-04-28,601012,14:06:21,16.9700,171,1
2026-04-28,601012,14:06:24,16.9700,38,1
2026-04-28,601012,14:06:27,16.9600,50,2
2026-04-28,601012,14:06:30,16.9600,23,2
2026-04-28,601012,14:06:33,16.9700,356,1
2026-04-28,601012,14:06:36,16.9700,254,2
2026-04-28,601012,14:06:39,16.9700,86,2
2026-04-28,601012,14:06:42,16.9700,15,2
2026-04-28,601012,14:06:45,16.9700,29,2
2026-04-28,601012,14:06:48,16.9700,28,2
2026-04-28,601012,14:06:51,16.9700,144,2
2026-04-28,601012,14:06:54,16.9800,70,1
2026-04-28,601012,14:06:57,16.9800,26,1
2026-04-28,601012,14:07:00,16.9800,49,1
2026-04-28,601012,10:55:18,17.0300,209,2
2026-04-28,601012,10:55:21,17.0300,31,1
2026-04-28,601012,10:55:24,17.0300,100,1
2026-04-28,601012,10:55:27,17.0300,33,1
2026-04-28,601012,10:55:30,17.0200,20,2
2026-04-28,601012,10:55:33,17.0200,437,2
2026-04-28,601012,10:55:36,17.0200,94,2
2026-04-28,601012,10:55:39,17.0300,128,1
2026-04-28,601012,10:55:42,17.0300,52,1
2026-04-28,601012,10:55:45,17.0200,65,2
2026-04-28,601012,10:55:48,17.0200,29,2
2026-04-28,601012,10:55:51,17.0200,85,2
2026-04-28,601012,10:55:54,17.0200,11,2
2026-04-28,601012,10:55:57,17.0200,70,2
2026-04-28,601012,10:56:00,17.0200,288,2
2026-04-28,601012,10:56:03,17.0100,270,2
2026-04-28,601012,10:56:12,17.0100,1,2
2026-04-28,601012,10:56:15,17.0100,51,2
2026-04-28,601012,10:56:21,17.0200,159,1
2026-04-28,601012,10:56:24,17.0200,32,1
2026-04-28,601012,10:56:27,17.0200,43,1
2026-04-28,601012,10:56:30,17.0100,900,2
2026-04-28,601012,10:56:33,17.0200,94,1
2026-04-28,601012,10:56:36,17.0100,26,2
2026-04-28,601012,10:56:39,17.0100,1007,2
2026-04-28,601012,10:56:42,17.0100,31,2
2026-04-28,601012,10:56:45,17.0100,103,2
2026-04-28,601012,10:56:48,17.0200,11,1
2026-04-28,601012,10:56:51,17.0100,39,2
2026-04-28,601012,10:56:54,17.0100,11,2
2026-04-28,601012,10:56:57,17.0100,14,2
2026-04-28,601012,10:57:00,17.0100,239,2
2026-04-28,601012,10:57:03,17.0100,53,2
2026-04-28,601012,10:57:06,17.0100,41,2
2026-04-28,601012,10:57:09,17.0200,80,1
2026-04-28,601012,10:57:12,17.0100,2,2
2026-04-28,601012,10:57:15,17.0100,17,2
2026-04-28,601012,10:57:18,17.0200,111,1
2026-04-28,601012,10:57:21,17.0100,125,2
2026-04-28,601012,10:57:24,17.0100,636,2
2026-04-28,601012,10:57:27,17.0200,28,1
2026-04-28,601012,10:57:30,17.0000,7241,2
2026-04-28,601012,10:57:33,17.0100,49,4
2026-04-28,601012,10:57:36,17.0100,31,1
2026-04-28,601012,10:57:39,17.0100,36,1
2026-04-28,601012,10:57:42,17.0000,56,2
2026-04-28,601012,10:57:45,17.0100,80,1
2026-04-28,601012,10:57:48,17.0100,22,1
2026-04-28,601012,10:57:51,17.0000,8,2
2026-04-28,601012,10:57:54,17.0000,24,2
2026-04-28,601012,10:57:57,17.0000,159,2
2026-04-28,601012,10:58:00,17.0100,265,1
2026-04-28,601012,10:58:03,17.0100,26,2
2026-04-28,601012,10:58:06,17.0100,12,2
2026-04-28,601012,10:58:09,17.0100,108,2
2026-04-28,601012,10:58:12,17.0100,116,2
2026-04-28,601012,10:58:15,17.0100,59,2
2026-04-28,601012,10:58:18,17.0100,23,1
2026-04-28,601012,10:58:21,17.0100,223,1
2026-04-28,601012,10:58:24,17.0100,121,2
2026-04-28,601012,10:58:27,17.0200,3,1
2026-04-28,601012,10:58:30,17.0200,214,1
2026-04-28,601012,10:58:33,17.0200,40,1
2026-04-28,601012,10:58:36,17.0100,43,2
2026-04-28,601012,10:58:39,17.0200,35,1
2026-04-28,601012,10:58:42,17.0100,37,2
2026-04-28,601012,10:58:45,17.0200,106,1
2026-04-28,601012,10:58:48,17.0200,7,1
2026-04-28,601012,10:58:51,17.0200,437,1
2026-04-28,601012,10:58:54,17.0100,101,2
2026-04-28,601012,10:58:57,17.0200,300,1
2026-04-28,601012,10:59:00,17.0200,113,1
2026-04-28,601012,10:59:03,17.0200,348,1
2026-04-28,601012,10:59:06,17.0100,3,4
2026-04-28,601012,10:59:09,17.0200,327,1
2026-04-28,601012,10:59:12,17.0100,12,2
2026-04-28,601012,10:59:15,17.0200,67,1
2026-04-28,601012,10:59:18,17.0100,50,2
2026-04-28,601012,10:59:21,17.0100,102,2
2026-04-28,601012,10:59:24,17.0200,32,1
2026-04-28,601012,10:59:27,17.0100,127,2
2026-04-28,601012,10:59:30,17.0200,154,1
2026-04-28,601012,10:59:33,17.0200,130,2
2026-04-28,601012,10:59:36,17.0200,61,1
2026-04-28,601012,10:59:39,17.0200,62,1
2026-04-28,601012,10:59:42,17.0200,48,1
2026-04-28,601012,10:59:45,17.0200,29,2
2026-04-28,601012,10:59:48,17.0200,10,2
2026-04-28,601012,10:59:51,17.0200,725,2
2026-04-28,601012,10:59:54,17.0300,76,1
2026-04-28,601012,10:59:57,17.0300,87,1
2026-04-28,601012,11:00:00,17.0200,12,2
2026-04-28,601012,11:00:03,17.0200,21,2
2026-04-28,601012,11:00:06,17.0200,20,2
2026-04-28,601012,11:00:09,17.0200,207,2
2026-04-28,601012,11:00:12,17.0300,36,1
2026-04-28,601012,11:00:15,17.0200,25,2
2026-04-28,601012,11:00:18,17.0300,66,1
2026-04-28,601012,11:00:21,17.0200,36,2
2026-04-28,601012,11:00:24,17.0200,10,2
2026-04-28,601012,11:00:27,17.0200,20,2
2026-04-28,601012,11:00:30,17.0200,13,2
2026-04-28,601012,11:00:33,17.0300,40,1
2026-04-28,601012,11:00:36,17.0200,72,2
2026-04-28,601012,11:00:39,17.0200,32,2
2026-04-28,601012,11:00:42,17.0200,125,2
2026-04-28,601012,11:00:45,17.0200,83,2
2026-04-28,601012,11:00:48,17.0200,180,2
2026-04-28,601012,11:00:51,17.0200,10,2
2026-04-28,601012,11:00:54,17.0200,45,2
2026-04-28,601012,11:00:57,17.0200,181,2
2026-04-28,601012,11:01:00,17.0200,23,1
2026-04-28,601012,11:01:03,17.0300,2140,1
2026-04-28,601012,11:01:06,17.0200,68,2
2026-04-28,601012,11:01:09,17.0200,8,2
2026-04-28,601012,11:01:12,17.0300,7,1
2026-04-28,601012,11:01:15,17.0200,18,2
2026-04-28,601012,11:01:18,17.0300,82,1
2026-04-28,601012,11:01:21,17.0300,88,1
2026-04-28,601012,11:01:24,17.0200,30,2
2026-04-28,601012,11:01:27,17.0300,96,1
2026-04-28,601012,11:01:30,17.0200,129,2
2026-04-28,601012,11:01:33,17.0300,19,1
2026-04-28,601012,11:01:36,17.0400,2458,1
2026-04-28,601012,11:01:39,17.0300,6,2
2026-04-28,601012,11:01:42,17.0400,6,1
2026-04-28,601012,11:01:45,17.0300,353,2
2026-04-28,601012,11:01:48,17.0300,15,1
2026-04-28,601012,11:01:51,17.0300,59,1
2026-04-28,601012,11:01:54,17.0300,9,1
2026-04-28,601012,11:01:57,17.0300,119,1
2026-04-28,601012,11:02:00,17.0300,498,1
2026-04-28,601012,11:02:03,17.0300,1174,1
2026-04-28,601012,11:02:09,17.0400,14,1
2026-04-28,601012,11:02:12,17.0400,15,1
2026-04-28,601012,11:02:15,17.0300,231,2
2026-04-28,601012,11:02:18,17.0400,7,1
2026-04-28,601012,11:02:21,17.0300,81,2
2026-04-28,601012,11:02:24,17.0300,35,2
2026-04-28,601012,11:02:27,17.0400,13,1
2026-04-28,601012,11:02:30,17.0400,4,1
2026-04-28,601012,11:02:33,17.0300,41,2
2026-04-28,601012,11:02:36,17.0400,63,1
2026-04-28,601012,11:02:39,17.0400,35,1
2026-04-28,601012,11:02:42,17.0400,22,1
2026-04-28,601012,11:02:45,17.0400,272,1
2026-04-28,601012,11:02:48,17.0300,96,2
2026-04-28,601012,11:02:51,17.0400,60,1
2026-04-28,601012,11:02:54,17.0400,8,1
2026-04-28,601012,11:02:57,17.0400,48,1
2026-04-28,601012,11:03:00,17.0400,24,1
2026-04-28,601012,11:03:03,17.0300,14,2
2026-04-28,601012,11:03:06,17.0400,11,1
2026-04-28,601012,11:03:09,17.0400,224,1
2026-04-28,601012,11:03:12,17.0300,49,2
2026-04-28,601012,11:03:15,17.0400,13,1
2026-04-28,601012,11:03:18,17.0400,84,1
2026-04-28,601012,11:03:21,17.0400,76,1
2026-04-28,601012,11:03:24,17.0400,51,1
2026-04-28,601012,11:03:27,17.0400,14,1
2026-04-28,601012,11:03:30,17.0300,106,2
2026-04-28,601012,11:03:33,17.0400,139,1
2026-04-28,601012,11:03:36,17.0400,115,1
2026-04-28,601012,11:03:39,17.0400,1,1
2026-04-28,601012,11:03:42,17.0400,122,1
2026-04-28,601012,11:03:45,17.0400,7,1
2026-04-28,601012,11:03:48,17.0400,10,1
2026-04-28,601012,11:03:51,17.0400,6,1
2026-04-28,601012,11:03:54,17.0400,34,1
2026-04-28,601012,11:03:57,17.0300,37,2
2026-04-28,601012,11:04:00,17.0400,86,1
2026-04-28,601012,11:04:03,17.0300,40,2
2026-04-28,601012,11:04:06,17.0400,188,1
2026-04-28,601012,11:04:09,17.0400,39,1
2026-04-28,601012,11:04:12,17.0400,139,1
2026-04-28,601012,11:04:15,17.0400,10,1
2026-04-28,601012,11:04:18,17.0400,25,1
2026-04-28,601012,11:04:21,17.0400,55,1
2026-04-28,601012,11:04:24,17.0400,49,1
2026-04-28,601012,11:04:27,17.0400,308,1
2026-04-28,601012,11:04:30,17.0300,6,2
2026-04-28,601012,11:04:33,17.0300,11,2
2026-04-28,601012,11:04:36,17.0400,10,1
2026-04-28,601012,11:04:39,17.0300,40,2
2026-04-28,601012,11:04:42,17.0300,7,2
2026-04-28,601012,11:04:45,17.0300,9,2
2026-04-28,601012,11:04:48,17.0400,59,1
2026-04-28,601012,11:04:51,17.0300,10,2
2026-04-28,601012,11:04:54,17.0400,10,1
2026-04-28,601012,11:04:57,17.0400,54,1
2026-04-28,601012,11:05:00,17.0400,10,1
2026-04-28,601012,11:05:03,17.0300,100,2
2026-04-28,601012,11:05:06,17.0300,4,1
2026-04-28,601012,11:05:09,17.0200,27,2
2026-04-28,601012,11:05:15,17.0200,9,2
2026-04-28,601012,11:05:18,17.0200,6,2
2026-04-28,601012,11:05:21,17.0200,10,2
2026-04-28,601012,11:05:24,17.0300,69,1
2026-04-28,601012,11:05:27,17.0300,111,1
2026-04-28,601012,11:05:30,17.0200,56,2
2026-04-28,601012,11:05:33,17.0300,7,1
2026-04-28,601012,11:05:36,17.0300,51,1
2026-04-28,601012,11:05:39,17.0500,885,1
2026-04-28,601012,11:05:42,17.0400,319,2
2026-04-28,601012,11:05:45,17.0400,101,2
2026-04-28,601012,11:05:48,17.0400,6,2
2026-04-28,601012,11:05:51,17.0400,225,2
2026-04-28,601012,11:05:54,17.0400,114,2
2026-04-28,601012,11:05:57,17.0400,58,2
2026-04-28,601012,11:06:00,17.0500,579,1
2026-04-28,601012,11:06:03,17.0500,6,1
2026-04-28,601012,11:06:06,17.0400,67,2
2026-04-28,601012,11:06:09,17.0400,12,2
2026-04-28,601012,11:06:12,17.0500,13,1
2026-04-28,601012,11:06:15,17.0400,2,2
2026-04-28,601012,11:06:18,17.0500,3,1
2026-04-28,601012,11:06:21,17.0400,32,2
2026-04-28,601012,11:06:24,17.0500,125,1
2026-04-28,601012,11:06:27,17.0400,23,2
2026-04-28,601012,11:06:30,17.0400,46,2
2026-04-28,601012,11:06:33,17.0400,77,2
2026-04-28,601012,11:06:36,17.0500,96,1
2026-04-28,601012,11:06:39,17.0400,99,2
2026-04-28,601012,11:06:42,17.0500,7,1
2026-04-28,601012,11:06:45,17.0500,4,1
2026-04-28,601012,11:06:48,17.0400,84,2
2026-04-28,601012,11:06:51,17.0400,8,1
2026-04-28,601012,11:06:54,17.0400,37,1
2026-04-28,601012,11:06:57,17.0400,200,1
2026-04-28,601012,11:07:00,17.0300,17,2
2026-04-28,601012,11:07:03,17.0300,61,2
2026-04-28,601012,11:07:06,17.0200,11,2
2026-04-28,601012,11:07:09,17.0300,86,1
2026-04-28,601012,11:07:12,17.0200,43,2
2026-04-28,601012,11:07:15,17.0200,20,2
2026-04-28,601012,11:07:18,17.0200,67,2
2026-04-28,601012,11:07:21,17.0200,118,2
2026-04-28,601012,11:07:24,17.0200,4,2
2026-04-28,601012,11:07:27,17.0300,85,1
2026-04-28,601012,11:07:30,17.0200,40,2
2026-04-28,601012,11:07:33,17.0300,1,1
2026-04-28,601012,11:07:36,17.0200,8,2
2026-04-28,601012,11:07:39,17.0300,5,1
2026-04-28,601012,11:07:42,17.0300,216,1
2026-04-28,601012,11:07:45,17.0300,6,1
2026-04-28,601012,11:07:48,17.0300,13,1
2026-04-28,601012,11:07:54,17.0200,16,2
2026-04-28,601012,11:07:57,17.0300,14,1
2026-04-28,601012,11:08:00,17.0300,32,1
2026-04-28,601012,11:08:03,17.0300,24,1
2026-04-28,601012,11:08:06,17.0200,13,2
2026-04-28,601012,11:08:09,17.0200,20,2
2026-04-28,601012,11:08:12,17.0200,27,2
2026-04-28,601012,11:08:15,17.0200,22,2
2026-04-28,601012,11:08:18,17.0200,17,2
2026-04-28,601012,11:08:21,17.0200,5,2
2026-04-28,601012,11:08:24,17.0300,581,1
2026-04-28,601012,11:08:27,17.0300,6,2
2026-04-28,601012,11:08:30,17.0400,7,1
2026-04-28,601012,11:08:33,17.0300,15,2
2026-04-28,601012,11:08:36,17.0300,5,2
2026-04-28,601012,11:08:39,17.0300,64,2
2026-04-28,601012,11:08:45,17.0300,41,2
2026-04-28,601012,11:08:48,17.0300,32,2
2026-04-28,601012,11:08:51,17.0300,20,2
2026-04-28,601012,11:08:54,17.0300,51,2
2026-04-28,601012,11:08:57,17.0400,4,1
2026-04-28,601012,11:09:00,17.0300,38,2
2026-04-28,601012,11:09:03,17.0300,24,2
2026-04-28,601012,11:09:06,17.0300,2,2
2026-04-28,601012,11:09:12,17.0400,205,1
2026-04-28,601012,11:09:15,17.0400,25,1
2026-04-28,601012,11:09:18,17.0300,34,2
2026-04-28,601012,11:09:24,17.0400,1,1
2026-04-28,601012,11:09:27,17.0300,10,2
2026-04-28,601012,11:09:30,17.0300,1,2
2026-04-28,601012,11:09:33,17.0300,32,2
2026-04-28,601012,11:09:36,17.0300,40,2
2026-04-28,601012,11:09:39,17.0300,3,2
2026-04-28,601012,11:09:42,17.0300,172,2
2026-04-28,601012,11:09:45,17.0300,18,2
2026-04-28,601012,11:09:48,17.0300,68,2
2026-04-28,601012,11:09:51,17.0400,178,1
2026-04-28,601012,11:09:54,17.0400,25,1
2026-04-28,601012,11:09:57,17.0400,21,1
2026-04-28,601012,11:10:00,17.0300,726,2
2026-04-28,601012,11:10:03,17.0300,18,1
2026-04-28,601012,11:10:06,17.0300,12,1
2026-04-28,601012,11:10:09,17.0200,106,2
2026-04-28,601012,11:10:12,17.0200,89,2
2026-04-28,601012,11:10:15,17.0400,1411,1
2026-04-28,601012,11:10:18,17.0400,23,1
2026-04-28,601012,11:10:21,17.0400,36,1
2026-04-28,601012,11:10:24,17.0300,2,2
2026-04-28,601012,11:10:27,17.0400,27,1
2026-04-28,601012,11:10:30,17.0400,250,1
2026-04-28,601012,11:10:36,17.0400,9,1
2026-04-28,601012,11:10:39,17.0300,5,2
2026-04-28,601012,11:10:42,17.0400,1,1
2026-04-28,601012,11:10:45,17.0400,16,1
2026-04-28,601012,11:10:48,17.0300,45,2
2026-04-28,601012,11:10:51,17.0300,213,2
2026-04-28,601012,11:10:54,17.0300,69,2
2026-04-28,601012,11:10:57,17.0300,63,2
2026-04-28,601012,11:11:03,17.0300,91,2
2026-04-28,601012,11:11:06,17.0400,5,1
2026-04-28,601012,11:11:09,17.0300,33,2
2026-04-28,601012,11:11:15,17.0400,28,1
2026-04-28,601012,11:11:18,17.0300,47,2
2026-04-28,601012,11:11:21,17.0300,105,2
2026-04-28,601012,11:11:24,17.0300,152,2
2026-04-28,601012,11:11:27,17.0300,15,1
2026-04-28,601012,11:11:30,17.0300,39,1
2026-04-28,601012,11:11:33,17.0200,26,2
2026-04-28,601012,11:11:36,17.0200,3,2
2026-04-28,601012,11:11:39,17.0200,56,2
2026-04-28,601012,11:11:42,17.0200,94,2
2026-04-28,601012,11:11:45,17.0200,25,2
2026-04-28,601012,11:11:48,17.0200,3,2
2026-04-28,601012,11:11:51,17.0200,28,2
2026-04-28,601012,11:11:54,17.0200,36,2
2026-04-28,601012,11:11:57,17.0200,120,2
2026-04-28,601012,11:12:00,17.0200,36,2
2026-04-28,601012,11:12:03,17.0200,231,2
2026-04-28,601012,11:12:06,17.0200,51,2
2026-04-28,601012,11:12:09,17.0200,340,2
2026-04-28,601012,11:12:12,17.0200,306,2
2026-04-28,601012,11:12:15,17.0300,74,1
2026-04-28,601012,11:12:18,17.0200,84,2
2026-04-28,601012,11:12:21,17.0200,68,2
2026-04-28,601012,11:12:24,17.0200,62,2
2026-04-28,601012,11:12:27,17.0300,5523,1
2026-04-28,601012,11:12:30,17.0300,8,2
2026-04-28,601012,11:12:33,17.0300,185,2
2026-04-28,601012,11:12:36,17.0300,81,4
2026-04-28,601012,11:12:39,17.0300,27,1
2026-04-28,601012,11:12:42,17.0300,177,1
2026-04-28,601012,11:12:45,17.0400,86,1
2026-04-28,601012,11:12:48,17.0300,58,2
2026-04-28,601012,11:12:51,17.0400,22,1
2026-04-28,601012,11:12:54,17.0400,12,1
2026-04-28,601012,11:12:57,17.0400,85,1
2026-04-28,601012,11:13:00,17.0300,35,2
2026-04-28,601012,11:13:03,17.0300,45,2
2026-04-28,601012,11:13:06,17.0400,36,1
2026-04-28,601012,11:13:09,17.0400,35,1
2026-04-28,601012,11:13:12,17.0300,21,2
2026-04-28,601012,11:13:15,17.0300,27,2
2026-04-28,601012,11:13:18,17.0400,89,1
2026-04-28,601012,11:13:21,17.0300,20,2
2026-04-28,601012,11:13:24,17.0400,679,1
2026-04-28,601012,11:13:27,17.0400,176,2
2026-04-28,601012,11:13:30,17.0400,54,1
2026-04-28,601012,11:13:33,17.0400,7,1
2026-04-28,601012,11:13:36,17.0300,136,2
2026-04-28,601012,11:13:39,17.0300,52,2
2026-04-28,601012,11:13:42,17.0300,4,2
2026-04-28,601012,11:13:45,17.0400,190,1
2026-04-28,601012,11:13:48,17.0300,118,2
2026-04-28,601012,11:13:51,17.0400,1,1
2026-04-28,601012,11:13:54,17.0300,2,2
2026-04-28,601012,11:13:57,17.0400,17,1
2026-04-28,601012,11:14:00,17.0400,115,1
2026-04-28,601012,11:14:03,17.0400,44,1
2026-04-28,601012,11:14:06,17.0300,68,2
2026-04-28,601012,11:14:09,17.0400,11,1
2026-04-28,601012,11:14:12,17.0400,21,1
2026-04-28,601012,11:14:15,17.0300,14,2
2026-04-28,601012,11:14:18,17.0300,35,2
2026-04-28,601012,11:14:21,17.0300,37,2
2026-04-28,601012,11:14:24,17.0400,13,1
2026-04-28,601012,11:14:27,17.0300,54,2
2026-04-28,601012,11:14:30,17.0400,13,1
2026-04-28,601012,11:14:33,17.0300,37,2
2026-04-28,601012,11:14:36,17.0400,63,1
2026-04-28,601012,11:14:39,17.0400,193,1
2026-04-28,601012,11:14:42,17.0400,5,1
2026-04-28,601012,11:14:45,17.0300,11,2
2026-04-28,601012,11:14:48,17.0400,43,1
2026-04-28,601012,11:14:54,17.0400,10,1
2026-04-28,601012,11:15:00,17.0300,10,2
2026-04-28,601012,11:15:03,17.0400,7,1
2026-04-28,601012,11:15:06,17.0300,15,2
2026-04-28,601012,11:15:09,17.0300,6,2
2026-04-28,601012,11:15:12,17.0300,8,2
2026-04-28,601012,11:15:15,17.0400,52,1
2026-04-28,601012,11:15:18,17.0400,70,1
2026-04-28,601012,11:15:21,17.0300,23,2
2026-04-28,601012,11:15:24,17.0400,110,1
2026-04-28,601012,11:15:27,17.0300,1,2
2026-04-28,601012,11:15:30,17.0300,5,2
2026-04-28,601012,11:15:33,17.0400,12,1
2026-04-28,601012,11:15:36,17.0400,19,1
2026-04-28,601012,11:15:39,17.0400,110,1
2026-04-28,601012,11:15:42,17.0400,86,1
2026-04-28,601012,11:15:45,17.0400,8,1
2026-04-28,601012,11:15:48,17.0300,56,2
2026-04-28,601012,11:15:51,17.0300,30,2
2026-04-28,601012,11:15:54,17.0400,78,1
2026-04-28,601012,11:15:57,17.0400,13,1
2026-04-28,601012,11:16:00,17.0300,18,2
2026-04-28,601012,11:16:03,17.0300,143,2
2026-04-28,601012,11:16:06,17.0300,136,2
2026-04-28,601012,11:16:09,17.0300,15,2
2026-04-28,601012,11:16:12,17.0300,77,2
2026-04-28,601012,11:16:15,17.0400,1746,1
2026-04-28,601012,11:16:18,17.0300,23,2
2026-04-28,601012,11:16:21,17.0300,12,2
2026-04-28,601012,11:16:24,17.0400,10,1
2026-04-28,601012,11:16:27,17.0400,15,1
2026-04-28,601012,11:16:30,17.0400,4,1
2026-04-28,601012,11:16:33,17.0400,52,1
2026-04-28,601012,11:16:36,17.0400,121,1
2026-04-28,601012,11:16:39,17.0400,364,1
2026-04-28,601012,11:16:42,17.0400,12,1
2026-04-28,601012,11:16:45,17.0400,2,1
2026-04-28,601012,11:16:48,17.0400,12,1
2026-04-28,601012,11:16:51,17.0400,170,1
2026-04-28,601012,11:16:54,17.0300,84,2
2026-04-28,601012,11:16:57,17.0300,11,2
2026-04-28,601012,11:17:06,17.0300,24,2
2026-04-28,601012,11:17:09,17.0300,21,2
2026-04-28,601012,11:17:12,17.0400,253,1
2026-04-28,601012,11:17:15,17.0400,2,1
2026-04-28,601012,11:17:18,17.0300,25,2
2026-04-28,601012,11:17:21,17.0400,70,1
2026-04-28,601012,11:17:24,17.0400,18,1
2026-04-28,601012,11:17:27,17.0300,20,2
2026-04-28,601012,11:17:30,17.0400,21,1
2026-04-28,601012,11:17:33,17.0400,91,1
2026-04-28,601012,11:17:36,17.0300,400,2
2026-04-28,601012,11:17:39,17.0300,46,2
2026-04-28,601012,11:17:42,17.0300,13,2
2026-04-28,601012,11:17:45,17.0400,48,1
2026-04-28,601012,11:17:48,17.0300,26,2
2026-04-28,601012,11:17:51,17.0300,23,2
2026-04-28,601012,11:17:54,17.0400,2146,1
2026-04-28,601012,11:17:57,17.0500,106,1
2026-04-28,601012,11:18:00,17.0400,172,2
2026-04-28,601012,11:18:03,17.0500,560,1
2026-04-28,601012,11:18:06,17.0500,13,2
2026-04-28,601012,11:18:09,17.0600,24,1
2026-04-28,601012,11:18:12,17.0600,1,1
2026-04-28,601012,11:18:15,17.0600,30,1
2026-04-28,601012,11:18:18,17.0600,1,1
2026-04-28,601012,11:18:21,17.0600,19,1
2026-04-28,601012,11:18:24,17.0600,1,1
2026-04-28,601012,11:18:27,17.0600,9,1
2026-04-28,601012,11:18:30,17.0600,37,1
2026-04-28,601012,11:18:33,17.0600,117,1
2026-04-28,601012,11:18:36,17.0500,185,2
2026-04-28,601012,11:18:39,17.0500,3,2
2026-04-28,601012,11:18:42,17.0400,136,2
2026-04-28,601012,11:18:45,17.0500,45,2
2026-04-28,601012,11:18:48,17.0500,84,2
2026-04-28,601012,11:18:51,17.0600,30,1
2026-04-28,601012,11:18:54,17.0500,23,2
2026-04-28,601012,11:18:57,17.0600,229,1
2026-04-28,601012,11:19:06,17.0500,10,2
2026-04-28,601012,11:19:09,17.0500,34,2
2026-04-28,601012,11:19:12,17.0500,16,2
2026-04-28,601012,11:19:15,17.0500,62,2
2026-04-28,601012,11:19:18,17.0500,32,1
2026-04-28,601012,11:19:21,17.0500,91,1
2026-04-28,601012,11:19:24,17.0500,12,4
2026-04-28,601012,11:19:27,17.0500,2,2
2026-04-28,601012,11:19:30,17.0500,48,2
2026-04-28,601012,11:19:33,17.0500,98,2
2026-04-28,601012,11:19:36,17.0500,26,1
2026-04-28,601012,11:19:39,17.0400,29,2
2026-04-28,601012,11:19:42,17.0500,6,1
2026-04-28,601012,11:19:45,17.0600,96,1
2026-04-28,601012,11:19:48,17.0600,7,1
2026-04-28,601012,11:19:51,17.0500,30,2
2026-04-28,601012,11:19:54,17.0500,137,2
2026-04-28,601012,11:19:57,17.0600,5,1
