date,code,time,price,volume,bs
2026-06-05,000333,14:06:24,81.9800,2,2
2026-06-05,000333,14:06:27,81.9700,31,2
2026-06-05,000333,14:06:30,81.9800,7,4
2026-06-05,000333,14:06:33,81.9700,8,2
2026-06-05,000333,14:06:36,81.9700,7,2
2026-06-05,000333,14:06:39,81.9800,16,1
2026-06-05,000333,14:06:42,81.9700,160,2
2026-06-05,000333,14:06:45,82.0000,6,1
2026-06-05,000333,14:06:48,82.0000,126,1
2026-06-05,000333,14:06:51,82.0100,120,1
2026-06-05,000333,14:06:54,82.0100,38,1
2026-06-05,000333,14:06:57,82.0300,74,1
2026-06-05,000333,14:07:00,82.0200,2,2
2026-06-05,000333,14:07:03,82.0300,9,1
2026-06-05,000333,14:07:06,82.0300,6,2
2026-06-05,000333,14:07:09,82.0300,9,1
2026-06-05,000333,14:07:12,82.0300,40,2
2026-06-05,000333,14:07:15,82.0300,13,1
2026-06-05,000333,14:07:18,82.0100,33,2
2026-06-05,000333,14:07:21,82.0200,15,1
2026-06-05,000333,14:07:24,82.0100,9,1
2026-06-05,000333,14:07:27,82.0100,10,1
2026-06-05,000333,14:07:30,82.0100,3,1
2026-06-05,000333,14:07:33,82.0100,8,2
2026-06-05,000333,14:07:36,82.0200,7,1
2026-06-05,000333,14:07:39,82.0300,10,1
2026-06-05,000333,14:07:42,82.0100,15,2
2026-06-05,000333,14:07:45,82.0200,10,1
2026-06-05,000333,14:07:51,82.0200,4,1
2026-06-05,000333,14:07:54,82.0200,4,1
2026-06-05,000333,14:07:57,82.0100,15,2
2026-06-05,000333,14:08:00,82.0200,8,1
2026-06-05,000333,14:08:03,82.0100,9,2
2026-06-05,000333,14:08:06,82.0100,9,2
2026-06-05,000333,14:08:12,82.0200,57,1
2026-06-05,000333,14:08:15,82.0100,16,2
2026-06-05,000333,14:08:18,82.0100,30,2
2026-06-05,000333,14:08:21,82.0200,1,1
2026-06-05,000333,14:08:24,82.0200,1,1
2026-06-05,000333,14:08:27,82.0100,12,2
2026-06-05,000333,14:08:30,82.0200,1,1
2026-06-05,000333,14:08:33,82.0100,10,2
2026-06-05,000333,14:08:36,82.0100,38,2
2026-06-05,000333,14:08:39,82.0100,8,2
2026-06-05,000333,14:08:42,82.0100,36,2
2026-06-05,000333,14:08:45,82.0100,3,1
2026-06-05,000333,14:08:48,82.0000,1,2
2026-06-05,000333,14:08:51,82.0000,1,2
2026-06-05,000333,14:08:57,82.0200,133,1
2026-06-05,000333,14:09:00,82.0100,9,1
2026-06-05,000333,14:09:03,82.0200,32,1
2026-06-05,000333,14:09:06,82.0200,8,1
2026-06-05,000333,14:09:09,82.0300,26,1
2026-06-05,000333,14:09:12,82.0300,49,2
2026-06-05,000333,14:09:15,82.0300,7,2
2026-06-05,000333,14:09:18,82.0400,10,1
2026-06-05,000333,14:09:21,82.0400,13,1
2026-06-05,000333,14:09:24,82.0500,27,1
2026-06-05,000333,14:09:27,82.0500,5,1
2026-06-05,000333,14:09:30,82.0500,1,1
2026-06-05,000333,14:09:33,82.0500,28,1
2026-06-05,000333,14:09:36,82.0400,233,2
2026-06-05,000333,14:09:39,82.0300,1,1
2026-06-05,000333,14:09:42,82.0100,42,2
2026-06-05,000333,14:09:48,82.0100,10,1
2026-06-05,000333,14:09:54,82.0000,25,2
2026-06-05,000333,14:09:57,82.0100,6,2
2026-06-05,000333,14:10:00,82.0100,3,4
2026-06-05,000333,14:10:03,82.0100,16,2
2026-06-05,000333,14:10:06,82.0100,4,2
2026-06-05,000333,14:10:09,82.0200,10,1
2026-06-05,000333,14:10:12,82.0000,28,2
2026-06-05,000333,14:10:15,82.0000,13,2
2026-06-05,000333,14:10:18,82.0000,14,2
2026-06-05,000333,14:10:21,82.0000,8,2
2026-06-05,000333,14:10:24,82.0000,45,2
2026-06-05,000333,14:10:27,82.0000,46,2
2026-06-05,000333,14:10:30,82.0000,6,2
2026-06-05,000333,14:10:33,82.0000,18,2
2026-06-05,000333,14:10:36,82.0000,35,2
2026-06-05,000333,14:10:39,82.0100,26,1
2026-06-05,000333,14:10:42,82.0000,59,2
2026-06-05,000333,14:10:45,82.0000,20,2
2026-06-05,000333,14:10:48,82.0000,75,2
2026-06-05,000333,14:10:51,82.0100,40,1
2026-06-05,000333,14:10:54,82.0200,2,4
2026-06-05,000333,14:10:57,82.0300,7,1
2026-06-05,000333,14:11:00,82.0300,40,1
2026-06-05,000333,14:11:03,82.0300,1,2
2026-06-05,000333,14:11:06,82.0400,38,1
2026-06-05,000333,14:11:09,82.0600,22,1
2026-06-05,000333,14:11:12,82.0500,42,2
2026-06-05,000333,14:11:18,82.0600,12,2
2026-06-05,000333,14:11:21,82.0700,16,1
2026-06-05,000333,14:11:24,82.0700,2,1
2026-06-05,000333,14:11:27,82.0800,22,1
2026-06-05,000333,14:11:33,82.0700,9,1
2026-06-05,000333,14:11:36,82.0800,5,1
2026-06-05,000333,14:11:39,82.0800,19,1
2026-06-05,000333,14:11:42,82.0700,18,2
2026-06-05,000333,14:11:45,82.0700,10,1
2026-06-05,000333,14:11:48,82.0700,6,1
2026-06-05,000333,14:11:51,82.0600,20,2
2026-06-05,000333,14:11:54,82.0700,30,1
2026-06-05,000333,14:11:57,82.0800,7,1
2026-06-05,000333,14:12:00,82.0800,13,1
2026-06-05,000333,14:12:03,82.0900,8,1
2026-06-05,000333,14:12:06,82.1100,20,1
2026-06-05,000333,14:12:09,82.1200,5,1
2026-06-05,000333,14:12:12,82.1000,25,2
2026-06-05,000333,14:12:15,82.0900,3,2
2026-06-05,000333,14:12:18,82.1000,27,1
2026-06-05,000333,14:12:21,82.0800,11,2
2026-06-05,000333,14:12:24,82.0900,25,1
2026-06-05,000333,14:12:27,82.0900,15,1
2026-06-05,000333,14:12:30,82.0900,16,1
2026-06-05,000333,14:12:33,82.1200,62,1
2026-06-05,000333,14:12:36,82.1400,36,1
2026-06-05,000333,14:12:39,82.1400,4,2
2026-06-05,000333,14:12:42,82.1300,61,2
2026-06-05,000333,14:12:45,82.1200,11,2
2026-06-05,000333,14:12:48,82.1200,21,2
2026-06-05,000333,14:12:51,82.1300,9,4
2026-06-05,000333,14:12:54,82.1400,22,4
2026-06-05,000333,14:12:57,82.1400,13,4
2026-06-05,000333,14:13:00,82.1500,22,1
2026-06-05,000333,14:13:03,82.1500,9,2
2026-06-05,000333,14:13:06,82.1700,39,1
2026-06-05,000333,14:13:09,82.1500,3,2
2026-06-05,000333,14:13:12,82.1400,34,2
2026-06-05,000333,14:13:15,82.1400,9,2
2026-06-05,000333,14:13:18,82.1400,8,2
2026-06-05,000333,14:13:21,82.1500,3,1
2026-06-05,000333,14:13:24,82.1400,10,2
2026-06-05,000333,14:13:27,82.1500,49,1
2026-06-05,000333,14:13:30,82.1500,57,1
2026-06-05,000333,14:13:33,82.1600,6,4
2026-06-05,000333,14:13:36,82.1800,7,1
2026-06-05,000333,14:13:39,82.1700,5,2
2026-06-05,000333,14:13:42,82.1800,6,1
2026-06-05,000333,14:13:45,82.1700,19,1
2026-06-05,000333,14:13:48,82.1600,26,2
2026-06-05,000333,14:13:51,82.1700,15,1
2026-06-05,000333,14:13:54,82.1600,23,2
2026-06-05,000333,14:13:57,82.1700,25,1
2026-06-05,000333,14:14:00,82.1500,179,2
2026-06-05,000333,14:14:03,82.1400,3,2
2026-06-05,000333,14:14:06,82.1500,11,1
2026-06-05,000333,14:14:09,82.1400,13,2
2026-06-05,000333,14:14:12,82.1400,41,2
2026-06-05,000333,14:14:15,82.1500,17,1
2026-06-05,000333,14:14:18,82.1500,10,1
2026-06-05,000333,14:14:21,82.1500,8,1
2026-06-05,000333,14:14:24,82.1400,3,2
2026-06-05,000333,14:14:27,82.1500,15,1
2026-06-05,000333,14:14:30,82.1500,31,2
2026-06-05,000333,14:14:33,82.1500,51,2
2026-06-05,000333,14:14:36,82.1500,26,2
2026-06-05,000333,14:14:39,82.1400,5,2
2026-06-05,000333,14:14:42,82.1400,57,2
2026-06-05,000333,14:14:45,82.1400,32,2
2026-06-05,000333,14:14:48,82.1500,35,1
2026-06-05,000333,14:14:51,82.1600,10,1
2026-06-05,000333,14:14:54,82.1500,12,2
2026-06-05,000333,14:14:57,82.1600,24,1
2026-06-05,000333,14:15:00,82.1600,6,2
2026-06-05,000333,14:15:03,82.1600,4,2
2026-06-05,000333,14:15:06,82.1500,34,2
2026-06-05,000333,14:15:09,82.1500,51,2
2026-06-05,000333,14:15:12,82.1500,71,2
2026-06-05,000333,14:15:15,82.1500,47,2
2026-06-05,000333,14:15:18,82.1500,28,2
2026-06-05,000333,14:15:21,82.1500,23,2
2026-06-05,000333,14:15:24,82.1600,16,1
2026-06-05,000333,14:15:27,82.1600,8,1
2026-06-05,000333,14:15:30,82.1500,22,2
2026-06-05,000333,14:15:33,82.1600,9,1
2026-06-05,000333,14:15:36,82.1600,11,1
2026-06-05,000333,14:15:39,82.1600,2,1
2026-06-05,000333,14:15:42,82.1600,46,1
2026-06-05,000333,14:15:45,82.1600,8,1
2026-06-05,000333,14:15:48,82.1600,12,1
2026-06-05,000333,14:15:51,82.1600,9,1
2026-06-05,000333,14:15:54,82.1600,26,1
2026-06-05,000333,14:15:57,82.1700,41,1
2026-06-05,000333,14:16:00,82.1700,91,1
2026-06-05,000333,14:16:03,82.1700,8,2
2026-06-05,000333,14:16:09,82.1700,1,2
2026-06-05,000333,14:16:12,82.1700,47,2
2026-06-05,000333,14:16:15,82.1700,6,2
2026-06-05,000333,14:16:18,82.1700,7,2
2026-06-05,000333,14:16:21,82.1800,7,1
2026-06-05,000333,14:16:24,82.1700,13,2
2026-06-05,000333,14:16:27,82.1800,46,1
2026-06-05,000333,14:16:33,82.1700,18,2
2026-06-05,000333,14:16:36,82.1700,11,2
2026-06-05,000333,14:16:39,82.1700,128,2
2026-06-05,000333,14:16:42,82.1600,44,2
2026-06-05,000333,14:16:45,82.1700,41,1
2026-06-05,000333,14:16:48,82.1600,3,2
2026-06-05,000333,14:16:51,82.1600,27,2
2026-06-05,000333,14:16:54,82.1600,6,2
2026-06-05,000333,14:16:57,82.1700,14,1
2026-06-05,000333,14:17:00,82.1700,1,1
2026-06-05,000333,14:17:03,82.1700,27,1
2026-06-05,000333,14:17:06,82.1600,4,2
2026-06-05,000333,14:17:09,82.1700,3,1
2026-06-05,000333,14:17:12,82.1500,119,2
2026-06-05,000333,14:17:15,82.1500,29,2
2026-06-05,000333,14:17:18,82.1300,54,2
2026-06-05,000333,14:17:21,82.1300,14,2
2026-06-05,000333,14:17:24,82.0900,26,2
2026-06-05,000333,14:17:27,82.0900,42,2
2026-06-05,000333,14:17:30,82.0900,8,4
2026-06-05,000333,14:17:33,82.1200,43,1
2026-06-05,000333,14:17:36,82.1100,10,4
2026-06-05,000333,14:17:39,82.1400,24,1
2026-06-05,000333,14:17:42,82.1600,148,1
2026-06-05,000333,14:17:45,82.1600,5,1
2026-06-05,000333,14:17:51,82.1600,6,1
2026-06-05,000333,14:17:54,82.1400,20,2
2026-06-05,000333,14:17:57,82.1600,7,1
2026-06-05,000333,14:18:00,82.1500,11,4
2026-06-05,000333,14:18:03,82.1400,2,2
2026-06-05,000333,14:18:06,82.1500,12,1
2026-06-05,000333,14:18:09,82.1800,80,1
2026-06-05,000333,14:18:12,82.1700,60,2
2026-06-05,000333,14:18:15,82.1700,8,2
2026-06-05,000333,14:18:18,82.1700,9,2
2026-06-05,000333,14:18:21,82.1800,10,1
2026-06-05,000333,14:18:24,82.1700,1,2
2026-06-05,000333,14:18:27,82.1700,23,2
2026-06-05,000333,14:18:33,82.1600,12,2
2026-06-05,000333,14:18:36,82.1700,9,1
2026-06-05,000333,14:18:39,82.1800,27,1
2026-06-05,000333,14:18:42,82.1600,56,2
2026-06-05,000333,14:18:45,82.1600,1,2
2026-06-05,000333,14:18:48,82.1800,11,1
2026-06-05,000333,14:18:51,82.1800,26,1
2026-06-05,000333,14:18:54,82.1800,15,1
2026-06-05,000333,14:18:57,82.1900,36,1
2026-06-05,000333,14:19:00,82.1800,7,1
2026-06-05,000333,14:19:03,82.1900,9,1
2026-06-05,000333,14:19:06,82.1800,49,1
2026-06-05,000333,14:19:09,82.2000,3,1
2026-06-05,000333,14:19:12,82.1900,69,2
2026-06-05,000333,14:19:15,82.2000,14,1
2026-06-05,000333,14:19:18,82.2000,11,2
2026-06-05,000333,14:19:21,82.1900,49,2
2026-06-05,000333,14:19:24,82.1800,16,2
2026-06-05,000333,14:19:27,82.1900,9,1
2026-06-05,000333,14:19:30,82.1900,61,1
2026-06-05,000333,14:19:33,82.1700,54,2
2026-06-05,000333,14:19:36,82.1600,82,2
2026-06-05,000333,14:19:39,82.1600,15,2
2026-06-05,000333,14:19:42,82.1800,63,1
2026-06-05,000333,14:19:45,82.1700,10,1
2026-06-05,000333,14:19:48,82.1700,3,2
2026-06-05,000333,14:19:51,82.1700,35,2
2026-06-05,000333,14:19:54,82.1700,6,2
2026-06-05,000333,14:19:57,82.1700,11,2
2026-06-05,000333,14:20:00,82.1700,12,2
2026-06-05,000333,14:20:03,82.1700,29,2
2026-06-05,000333,14:20:06,82.1700,10,2
2026-06-05,000333,14:20:09,82.1600,34,2
2026-06-05,000333,14:20:12,82.1700,53,1
2026-06-05,000333,14:20:15,82.1500,10,2
2026-06-05,000333,14:20:18,82.1700,18,1
2026-06-05,000333,14:20:21,82.1600,1,2
2026-06-05,000333,14:20:24,82.1600,14,2
2026-06-05,000333,14:20:27,82.1600,11,2
2026-06-05,000333,14:20:30,82.1700,34,1
2026-06-05,000333,14:20:33,82.1600,52,2
2026-06-05,000333,14:20:36,82.1600,7,2
2026-06-05,000333,14:20:39,82.1700,10,1
2026-06-05,000333,14:20:42,82.1600,42,2
2026-06-05,000333,14:20:45,82.1600,6,2
2026-06-05,000333,14:20:48,82.1800,191,1
2026-06-05,000333,14:20:51,82.1800,31,2
2026-06-05,000333,14:20:54,82.1900,3,1
2026-06-05,000333,14:20:57,82.1800,33,2
2026-06-05,000333,14:21:00,82.1800,28,2
2026-06-05,000333,14:21:03,82.1800,40,2
2026-06-05,000333,14:21:06,82.2000,19,1
2026-06-05,000333,14:21:12,82.1900,82,2
2026-06-05,000333,14:21:15,82.2000,11,2
2026-06-05,000333,14:21:18,82.2000,45,1
2026-06-05,000333,14:21:21,82.1900,75,2
2026-06-05,000333,14:21:24,82.1800,53,2
2026-06-05,000333,14:21:27,82.1800,85,2
2026-06-05,000333,14:21:30,82.1800,2,1
2026-06-05,000333,14:21:33,82.1800,14,1
2026-06-05,000333,14:21:36,82.1800,5,4
2026-06-05,000333,14:21:39,82.1900,10,1
2026-06-05,000333,14:21:42,82.1800,40,2
2026-06-05,000333,14:21:45,82.1700,13,2
2026-06-05,000333,14:21:48,82.1800,84,1
2026-06-05,000333,14:21:51,82.1700,2,2
2026-06-05,000333,14:21:54,82.1700,9,2
2026-06-05,000333,14:21:57,82.1800,34,1
2026-06-05,000333,14:22:00,82.1700,14,2
2026-06-05,000333,14:22:03,82.1700,21,2
2026-06-05,000333,14:22:06,82.1600,98,2
2026-06-05,000333,14:22:09,82.1100,4,4
2026-06-05,000333,14:22:12,82.1100,46,2
2026-06-05,000333,14:22:15,82.1100,29,2
2026-06-05,000333,14:22:18,82.1100,2,2
2026-06-05,000333,14:22:21,82.1100,5,2
2026-06-05,000333,14:22:24,82.1100,52,2
2026-06-05,000333,14:22:27,82.1100,55,2
2026-06-05,000333,14:22:30,82.0900,1,2
2026-06-05,000333,14:22:33,82.0900,9,4
2026-06-05,000333,14:22:36,82.1100,14,1
2026-06-05,000333,14:22:39,82.1000,20,4
2026-06-05,000333,14:22:42,82.1300,163,1
2026-06-05,000333,14:22:45,82.1600,49,1
2026-06-05,000333,14:22:48,82.1500,56,2
2026-06-05,000333,14:22:51,82.1400,14,2
2026-06-05,000333,14:22:54,82.1300,18,2
2026-06-05,000333,14:22:57,82.1300,17,2
2026-06-05,000333,14:23:00,82.1400,19,1
2026-06-05,000333,14:23:03,82.1700,162,1
2026-06-05,000333,14:23:06,82.0600,134,2
2026-06-05,000333,14:23:09,82.1300,36,1
2026-06-05,000333,14:23:12,82.0800,61,1
2026-06-05,000333,14:23:15,82.1100,4,1
2026-06-05,000333,14:23:18,82.1000,13,1
2026-06-05,000333,14:23:21,82.1400,11,1
2026-06-05,000333,14:23:24,82.0900,7,2
2026-06-05,000333,14:23:27,82.1400,7,1
2026-06-05,000333,14:23:30,82.1000,15,2
2026-06-05,000333,14:23:33,82.1600,35,1
2026-06-05,000333,14:23:36,82.1100,28,2
2026-06-05,000333,14:23:39,82.1000,5,2
2026-06-05,000333,14:23:42,82.1100,50,2
2026-06-05,000333,14:23:45,82.1300,18,1
2026-06-05,000333,14:23:51,82.1400,38,1
2026-06-05,000333,14:23:54,82.1600,51,1
2026-06-05,000333,14:23:57,82.1600,5,1
2026-06-05,000333,14:24:00,82.1700,71,1
2026-06-05,000333,14:24:03,82.1900,26,1
2026-06-05,000333,14:24:06,82.1700,1,2
2026-06-05,000333,14:24:09,82.1700,17,2
2026-06-05,000333,14:24:12,82.1700,55,2
2026-06-05,000333,14:24:15,82.1800,13,1
2026-06-05,000333,14:24:18,82.1900,112,1
2026-06-05,000333,14:24:21,82.2100,5,1
2026-06-05,000333,14:24:24,82.2000,17,2
2026-06-05,000333,14:24:27,82.2200,6,1
2026-06-05,000333,14:24:30,82.2300,17,1
2026-06-05,000333,14:24:33,82.2300,62,2
2026-06-05,000333,14:24:36,82.2400,27,2
2026-06-05,000333,14:24:39,82.2400,19,1
2026-06-05,000333,14:24:42,82.2300,63,1
2026-06-05,000333,14:24:45,82.2300,43,2
2026-06-05,000333,14:24:48,82.2400,37,1
2026-06-05,000333,14:24:51,82.2700,53,1
2026-06-05,000333,14:24:54,82.2400,4,2
2026-06-05,000333,14:24:57,82.2500,46,2
2026-06-05,000333,14:25:00,82.2600,62,2
2026-06-05,000333,14:25:03,82.2800,46,1
2026-06-05,000333,14:25:06,82.2300,152,2
2026-06-05,000333,14:25:09,82.2400,67,1
2026-06-05,000333,14:25:12,82.2500,64,1
2026-06-05,000333,14:25:15,82.2500,90,2
2026-06-05,000333,14:25:18,82.2600,15,4
2026-06-05,000333,14:25:21,82.2700,36,1
2026-06-05,000333,14:25:24,82.2700,22,1
2026-06-05,000333,14:25:27,82.2800,107,1
2026-06-05,000333,14:25:30,82.2500,144,2
2026-06-05,000333,14:25:33,82.2400,68,2
2026-06-05,000333,14:25:36,82.2400,21,1
2026-06-05,000333,14:25:39,82.2300,27,2
2026-06-05,000333,14:25:42,82.2300,70,2
2026-06-05,000333,14:25:45,82.2200,12,4
2026-06-05,000333,14:25:48,82.2200,13,1
2026-06-05,000333,14:25:51,82.2400,20,1
2026-06-05,000333,14:25:54,82.2300,5,2
2026-06-05,000333,14:25:57,82.2300,16,2
2026-06-05,000333,14:26:00,82.2400,11,2
2026-06-05,000333,14:26:03,82.2400,24,2
2026-06-05,000333,14:26:06,82.2200,61,2
2026-06-05,000333,14:26:09,82.2200,2,2
2026-06-05,000333,14:26:12,82.2200,73,2
2026-06-05,000333,14:26:15,82.2200,131,2
2026-06-05,000333,14:26:18,82.2000,89,2
2026-06-05,000333,14:26:21,82.1900,63,4
2026-06-05,000333,14:26:24,82.2000,6,1
2026-06-05,000333,14:26:27,82.1900,11,2
2026-06-05,000333,14:26:30,82.1900,24,2
2026-06-05,000333,14:26:33,82.2000,28,1
2026-06-05,000333,14:26:36,82.2000,85,1
2026-06-05,000333,14:26:39,82.2000,20,1
2026-06-05,000333,14:26:42,82.2100,22,2
2026-06-05,000333,14:26:45,82.2100,15,1
2026-06-05,000333,14:26:48,82.2100,40,1
2026-06-05,000333,14:26:51,82.2000,3,2
2026-06-05,000333,14:26:54,82.2000,97,2
2026-06-05,000333,14:26:57,82.2400,330,1
2026-06-05,000333,14:27:00,82.2300,124,2
2026-06-05,000333,14:27:03,82.2400,302,2
2026-06-05,000333,14:27:06,82.2300,22,2
2026-06-05,000333,14:27:09,82.2400,24,1
2026-06-05,000333,14:27:12,82.2400,63,1
2026-06-05,000333,14:27:15,82.2400,29,2
2026-06-05,000333,14:27:18,82.2300,53,2
2026-06-05,000333,14:27:21,82.2400,130,1
2026-06-05,000333,14:27:24,82.2300,61,2
2026-06-05,000333,14:27:27,82.2400,27,1
2026-06-05,000333,14:27:30,82.2300,60,2
2026-06-05,000333,14:27:33,82.2300,18,2
2026-06-05,000333,14:27:36,82.2400,55,1
2026-06-05,000333,14:27:39,82.2300,2,2
2026-06-05,000333,14:27:42,82.2300,116,2
2026-06-05,000333,14:27:45,82.2100,19,2
2026-06-05,000333,14:27:48,82.1900,40,2
2026-06-05,000333,14:27:51,82.2000,25,1
2026-06-05,000333,14:27:54,82.2100,42,1
2026-06-05,000333,14:27:57,82.2000,69,2
2026-06-05,000333,14:28:00,82.2200,66,1
2026-06-05,000333,14:28:03,82.2100,24,2
2026-06-05,000333,14:28:06,82.2000,113,2
2026-06-05,000333,14:28:09,82.1600,31,2
2026-06-05,000333,14:28:12,82.1600,53,2
2026-06-05,000333,14:28:15,82.1500,17,1
2026-06-05,000333,14:28:18,82.1600,53,1
2026-06-05,000333,14:28:21,82.1400,19,2
2026-06-05,000333,14:28:24,82.1600,86,1
2026-06-05,000333,14:28:27,82.1900,42,1
2026-06-05,000333,14:28:30,82.1800,58,4
2026-06-05,000333,14:28:33,82.1800,33,2
2026-06-05,000333,14:28:36,82.1900,22,1
2026-06-05,000333,14:28:39,82.1900,51,2
2026-06-05,000333,14:28:42,82.2000,66,1
2026-06-05,000333,14:28:45,82.1900,139,2
2026-06-05,000333,14:28:48,82.1700,11,2
2026-06-05,000333,14:28:51,82.1700,36,1
2026-06-05,000333,14:28:54,82.1800,58,1
2026-06-05,000333,14:28:57,82.1700,15,4
2026-06-05,000333,14:29:00,82.1600,110,2
2026-06-05,000333,14:29:03,82.1500,32,2
2026-06-05,000333,14:29:06,82.1600,9,4
2026-06-05,000333,14:29:09,82.1500,38,2
2026-06-05,000333,14:29:12,82.1500,61,2
2026-06-05,000333,14:29:15,82.1600,10,1
2026-06-05,000333,14:29:18,82.1500,17,2
2026-06-05,000333,14:29:21,82.1600,30,2
2026-06-05,000333,14:29:24,82.1600,25,2
2026-06-05,000333,14:29:27,82.1700,25,1
2026-06-05,000333,14:29:30,82.1700,22,2
2026-06-05,000333,14:29:33,82.1700,24,2
2026-06-05,000333,14:29:36,82.1700,2,2
2026-06-05,000333,14:29:39,82.1700,64,2
2026-06-05,000333,14:29:42,82.1500,48,2
2026-06-05,000333,14:29:45,82.1600,2,2
2026-06-05,000333,14:29:48,82.1600,71,2
2026-06-05,000333,14:29:51,82.1700,4,1
2026-06-05,000333,14:29:54,82.1600,7,2
2026-06-05,000333,14:29:57,82.1600,3,4
2026-06-05,000333,14:30:00,82.1600,53,1
2026-06-05,000333,14:30:03,82.1500,91,2
2026-06-05,000333,14:30:06,82.1500,43,2
2026-06-05,000333,14:30:09,82.1500,20,4
2026-06-05,000333,14:30:12,82.1400,50,2
2026-06-05,000333,14:30:15,82.1600,63,1
2026-06-05,000333,14:30:18,82.1700,12,1
2026-06-05,000333,14:30:21,82.1800,88,1
2026-06-05,000333,14:30:24,82.1700,18,4
2026-06-05,000333,14:30:27,82.1700,397,2
2026-06-05,000333,14:30:30,82.1700,61,1
2026-06-05,000333,14:30:33,82.1700,25,1
2026-06-05,000333,14:30:36,82.1700,8,1
2026-06-05,000333,14:30:39,82.1700,262,1
2026-06-05,000333,14:30:42,82.1600,63,2
2026-06-05,000333,14:30:45,82.1400,32,2
2026-06-05,000333,14:30:48,82.1400,28,1
2026-06-05,000333,14:30:51,82.1400,1,1
2026-06-05,000333,14:30:54,82.1300,30,2
2026-06-05,000333,14:30:57,82.1300,86,2
2026-06-05,000333,14:31:00,82.1100,5,2
2026-06-05,000333,14:31:03,82.1100,5,2
2026-06-05,000333,14:31:06,82.1100,15,2
2026-06-05,000333,14:31:09,82.1000,109,2
2026-06-05,000333,14:31:12,82.0800,82,2
2026-06-05,000333,14:31:15,82.0800,61,2
2026-06-05,000333,14:31:18,82.0800,131,2
2026-06-05,000333,14:31:21,82.0600,65,2
2026-06-05,000333,14:31:24,82.0700,34,4
2026-06-05,000333,14:31:27,82.0700,167,1
2026-06-05,000333,14:31:30,82.0600,27,2
2026-06-05,000333,14:31:33,82.0200,20,2
2026-06-05,000333,14:31:36,82.0600,10,1
2026-06-05,000333,14:31:39,82.0400,30,2
2026-06-05,000333,14:31:42,82.0400,28,2
2026-06-05,000333,14:31:45,82.0400,79,1
2026-06-05,000333,14:31:48,82.0500,34,1
2026-06-05,000333,14:31:51,82.0400,153,2
2026-06-05,000333,14:31:54,82.0500,45,4
2026-06-05,000333,14:31:57,82.0500,21,2
2026-06-05,000333,14:32:00,82.0400,50,2
2026-06-05,000333,14:32:03,82.0400,44,2
2026-06-05,000333,14:32:06,82.0400,27,2
2026-06-05,000333,14:32:09,82.0500,3,1
2026-06-05,000333,14:32:12,82.0300,68,2
2026-06-05,000333,14:32:15,82.0300,100,2
2026-06-05,000333,14:32:18,82.0100,17,2
2026-06-05,000333,14:32:21,82.0200,36,2
2026-06-05,000333,14:32:24,82.0200,1,2
2026-06-05,000333,14:32:27,82.0200,4,2
2026-06-05,000333,14:32:30,82.0200,1,2
2026-06-05,000333,14:32:33,82.0200,37,2
2026-06-05,000333,14:32:36,82.0200,7,2
2026-06-05,000333,14:32:39,82.0300,130,1
2026-06-05,000333,14:32:42,82.0200,95,2
2026-06-05,000333,14:32:45,82.0300,72,4
2026-06-05,000333,14:32:48,82.0200,44,1
2026-06-05,000333,14:32:51,82.0200,10,1
2026-06-05,000333,14:32:54,82.0200,129,1
2026-06-05,000333,14:32:57,82.0100,41,2
2026-06-05,000333,14:33:00,82.0100,71,2
2026-06-05,000333,14:33:03,82.0000,6,2
2026-06-05,000333,14:33:06,82.0000,45,2
2026-06-05,000333,14:33:09,82.0000,88,2
2026-06-05,000333,14:33:12,81.9700,57,2
2026-06-05,000333,14:33:15,81.9700,24,2
2026-06-05,000333,14:33:18,81.9800,10,1
2026-06-05,000333,14:33:21,81.9700,23,2
2026-06-05,000333,14:33:24,81.9700,39,2
2026-06-05,000333,14:33:27,81.9600,6,2
2026-06-05,000333,14:33:30,81.9700,29,2
2026-06-05,000333,14:33:33,81.9700,12,4
2026-06-05,000333,14:33:36,81.9800,12,1
2026-06-05,000333,14:33:39,81.9800,30,1
2026-06-05,000333,14:33:42,81.9600,66,2
2026-06-05,000333,14:33:45,81.9800,186,1
2026-06-05,000333,14:33:48,81.9800,116,2
2026-06-05,000333,14:33:51,81.9900,47,2
2026-06-05,000333,14:33:54,82.0000,77,1
2026-06-05,000333,14:33:57,82.0200,18,1
2026-06-05,000333,14:34:00,82.0300,36,1
2026-06-05,000333,14:34:03,82.0300,18,1
2026-06-05,000333,14:34:06,82.0400,287,1
2026-06-05,000333,14:34:09,82.0400,21,1
2026-06-05,000333,14:34:12,81.9900,37,2
2026-06-05,000333,14:34:15,82.0100,138,1
2026-06-05,000333,14:34:18,82.0100,59,1
2026-06-05,000333,14:34:21,82.0100,65,1
2026-06-05,000333,14:34:24,82.0200,52,1
2026-06-05,000333,14:34:27,81.9800,55,2
2026-06-05,000333,14:34:30,81.9400,58,2
2026-06-05,000333,14:34:33,81.9400,15,2
2026-06-05,000333,14:34:36,81.9500,20,4
2026-06-05,000333,14:34:39,81.9400,99,2
2026-06-05,000333,14:34:42,81.9200,78,2
2026-06-05,000333,14:34:45,81.9600,59,1
2026-06-05,000333,14:34:48,81.9600,2,1
2026-06-05,000333,14:34:51,81.9600,21,1
2026-06-05,000333,14:34:54,81.9600,13,1
2026-06-05,000333,14:34:57,81.9600,5,1
2026-06-05,000333,14:35:00,81.9400,15,2
2026-06-05,000333,14:35:03,81.9400,41,1
2026-06-05,000333,14:35:06,81.9400,90,1
2026-06-05,000333,14:35:09,81.9300,118,2
2026-06-05,000333,14:35:12,81.9300,40,2
2026-06-05,000333,14:35:15,81.9600,226,1
2026-06-05,000333,14:35:18,81.9600,3,1
2026-06-05,000333,14:35:21,81.9300,52,2
2026-06-05,000333,14:35:24,81.9200,48,1
2026-06-05,000333,14:35:27,81.9200,20,1
2026-06-05,000333,14:35:30,81.9100,4,2
2026-06-05,000333,14:35:33,81.9100,96,1
2026-06-05,000333,14:35:36,81.8900,44,2
2026-06-05,000333,14:35:39,81.8900,5,1
2026-06-05,000333,14:35:42,81.8800,54,2
2026-06-05,000333,14:35:45,81.8800,111,2
2026-06-05,000333,14:35:48,81.8900,117,1
2026-06-05,000333,14:35:51,81.8800,77,2
2026-06-05,000333,14:35:54,81.8800,23,2
2026-06-05,000333,14:35:57,81.8700,23,2
2026-06-05,000333,14:36:00,81.8700,41,2
2026-06-05,000333,14:36:03,81.8800,40,1
2026-06-05,000333,14:36:06,81.8900,42,1
2026-06-05,000333,14:36:09,81.9000,82,1
2026-06-05,000333,14:36:12,81.9100,121,1
2026-06-05,000333,14:36:15,81.9200,53,1
2026-06-05,000333,14:36:18,81.9200,39,1
2026-06-05,000333,14:36:21,81.9200,31,1
2026-06-05,000333,14:36:24,81.9100,41,2
2026-06-05,000333,14:36:27,81.9100,7,2
2026-06-05,000333,14:36:30,81.9000,6,2
2026-06-05,000333,14:36:33,81.9000,16,2
2026-06-05,000333,14:36:36,81.9100,120,1
2026-06-05,000333,14:36:39,81.9100,18,1
2026-06-05,000333,14:36:42,81.8800,49,2
2026-06-05,000333,14:36:45,81.8900,6,2
2026-06-05,000333,14:36:48,81.9100,7,1
2026-06-05,000333,14:36:51,81.9100,4,1
2026-06-05,000333,14:36:54,81.9100,31,1
2026-06-05,000333,14:36:57,81.9100,7,2
2026-06-05,000333,14:37:00,81.9200,10,1
2026-06-05,000333,14:37:03,81.9300,25,1
2026-06-05,000333,14:37:06,81.9300,84,1
2026-06-05,000333,14:37:09,81.9500,8,1
2026-06-05,000333,14:37:12,81.9500,116,2
2026-06-05,000333,14:37:15,81.9600,48,1
2026-06-05,000333,14:37:18,81.9400,5,2
2026-06-05,000333,14:37:21,81.9600,26,1
2026-06-05,000333,14:37:24,81.9600,52,1
2026-06-05,000333,14:37:30,81.9600,8,2
2026-06-05,000333,14:37:33,81.9700,12,1
2026-06-05,000333,14:37:36,81.9600,22,2
2026-06-05,000333,14:37:39,81.9800,26,1
2026-06-05,000333,14:37:42,81.9500,112,2
2026-06-05,000333,14:37:45,81.9500,4,2
2026-06-05,000333,14:37:48,81.9600,8,1
2026-06-05,000333,14:37:51,81.9600,4,1
2026-06-05,000333,14:37:54,81.9500,10,2
2026-06-05,000333,14:37:57,81.9200,222,2
2026-06-05,000333,14:38:00,81.9200,84,4
2026-06-05,000333,14:38:03,81.9200,12,2
2026-06-05,000333,14:38:06,81.9400,14,1
2026-06-05,000333,14:38:09,81.9300,61,1
2026-06-05,000333,14:38:12,81.9300,19,2
2026-06-05,000333,14:38:15,81.9200,128,2
2026-06-05,000333,14:38:18,81.9300,50,2
2026-06-05,000333,14:38:21,81.9300,10,2
2026-06-05,000333,14:38:24,81.9400,27,1
2026-06-05,000333,14:38:27,81.9300,5,1
2026-06-05,000333,14:38:30,81.9100,192,2
2026-06-05,000333,14:38:33,81.9000,2,2
2026-06-05,000333,14:38:36,81.9000,10,2
2026-06-05,000333,14:38:39,81.9100,17,1
2026-06-05,000333,14:38:42,81.9000,57,2
2026-06-05,000333,14:38:45,81.9100,8,1
2026-06-05,000333,14:38:48,81.9000,15,2
2026-06-05,000333,14:38:51,81.9100,88,1
2026-06-05,000333,14:38:54,81.9200,11,1
2026-06-05,000333,14:38:57,81.9100,8,2
2026-06-05,000333,14:39:00,81.9200,9,1
2026-06-05,000333,14:39:03,81.9400,19,1
2026-06-05,000333,14:39:06,81.9300,25,2
2026-06-05,000333,14:39:09,81.9200,15,2
2026-06-05,000333,14:39:12,81.9100,39,2
2026-06-05,000333,14:39:15,81.9100,135,2
2026-06-05,000333,14:39:18,81.8800,7,2
2026-06-05,000333,14:39:21,81.8800,69,2
2026-06-05,000333,14:39:24,81.8800,30,1
2026-06-05,000333,14:39:27,81.8700,8,2
2026-06-05,000333,14:39:30,81.8800,13,1
2026-06-05,000333,14:39:33,81.8700,56,2
2026-06-05,000333,14:39:36,81.8600,33,2
2026-06-05,000333,14:39:39,81.8600,39,2
2026-06-05,000333,14:39:42,81.8600,76,2
2026-06-05,000333,14:39:45,81.8600,2,1
2026-06-05,000333,14:39:48,81.8600,48,1
2026-06-05,000333,14:39:51,81.8500,7,2
2026-06-05,000333,14:39:54,81.8500,36,2
2026-06-05,000333,14:39:57,81.8500,29,2
2026-06-05,000333,14:40:00,81.8300,124,2
2026-06-05,000333,14:40:03,81.8400,28,1
2026-06-05,000333,14:40:06,81.8600,193,1
2026-06-05,000333,14:40:09,81.8600,46,1
2026-06-05,000333,14:40:12,81.8500,115,2
2026-06-05,000333,14:40:15,81.8400,12,2
2026-06-05,000333,14:40:18,81.8600,86,1
2026-06-05,000333,14:40:21,81.8500,9,2
2026-06-05,000333,14:40:24,81.8500,4,2
2026-06-05,000333,14:40:27,81.8600,36,1
2026-06-05,000333,14:40:30,81.8500,10,2
2026-06-05,000333,14:40:33,81.8900,47,1
2026-06-05,000333,14:40:36,81.8700,26,2
2026-06-05,000333,14:40:39,81.8700,7,2
2026-06-05,000333,14:40:42,81.8700,30,2
2026-06-05,000333,14:40:45,81.8600,3,2
2026-06-05,000333,14:40:48,81.8700,60,1
2026-06-05,000333,14:40:51,81.8700,53,2
2026-06-05,000333,14:40:54,81.8800,34,1
2026-06-05,000333,14:40:57,81.9000,10,1
2026-06-05,000333,14:41:00,81.8800,8,2
2026-06-05,000333,14:41:03,81.8800,7,2
2026-06-05,000333,14:41:06,81.8800,33,2
2026-06-05,000333,14:41:09,81.8800,14,1
2026-06-05,000333,14:41:12,81.8700,73,2
2026-06-05,000333,14:41:15,81.8900,5,1
2026-06-05,000333,14:41:18,81.8900,39,1
2026-06-05,000333,14:41:21,81.9000,8,1
2026-06-05,000333,14:41:24,81.8900,10,4
2026-06-05,000333,14:41:27,81.8900,14,1
2026-06-05,000333,14:41:30,81.9000,42,1
2026-06-05,000333,14:41:33,81.9000,6,1
2026-06-05,000333,14:41:36,81.9000,9,4
2026-06-05,000333,14:41:39,81.9000,3,1
2026-06-05,000333,14:41:42,81.8900,58,2
2026-06-05,000333,14:41:45,81.8900,10,1
2026-06-05,000333,14:41:48,81.8800,39,2
2026-06-05,000333,14:41:51,81.8800,33,2
2026-06-05,000333,14:41:54,81.8800,30,2
2026-06-05,000333,14:41:57,81.8900,14,1
2026-06-05,000333,14:42:00,81.8900,17,1
2026-06-05,000333,14:42:03,81.9000,31,1
2026-06-05,000333,14:42:06,81.9100,11,1
2026-06-05,000333,14:42:09,81.9100,19,1
2026-06-05,000333,14:42:12,81.9100,25,2
2026-06-05,000333,14:42:15,81.9100,14,1
2026-06-05,000333,14:42:18,81.8900,5,2
2026-06-05,000333,14:42:21,81.8900,1,2
2026-06-05,000333,14:42:24,81.9100,98,1
2026-06-05,000333,14:42:27,81.9000,12,4
2026-06-05,000333,14:42:30,81.8900,19,2
2026-06-05,000333,14:42:33,81.8900,14,2
2026-06-05,000333,14:42:36,81.9000,18,1
2026-06-05,000333,14:42:39,81.9000,19,1
2026-06-05,000333,14:42:42,81.8900,40,2
2026-06-05,000333,14:42:45,81.8900,9,2
2026-06-05,000333,14:42:48,81.8800,7,2
2026-06-05,000333,14:42:51,81.8800,35,2
2026-06-05,000333,14:42:54,81.8900,44,1
2026-06-05,000333,14:42:57,81.8800,328,2
2026-06-05,000333,14:43:00,81.8900,49,1
2026-06-05,000333,14:43:03,81.8800,40,2
2026-06-05,000333,14:43:06,81.8700,75,2
2026-06-05,000333,14:43:09,81.8800,33,1
2026-06-05,000333,14:43:12,81.8800,53,2
2026-06-05,000333,14:43:15,81.9000,32,1
2026-06-05,000333,14:43:18,81.8900,59,2
2026-06-05,000333,14:43:21,81.9000,8,1
2026-06-05,000333,14:43:24,81.8900,21,2
2026-06-05,000333,14:43:27,81.9000,10,1
2026-06-05,000333,14:43:30,81.9100,11,1
2026-06-05,000333,14:43:33,81.8900,23,2
2026-06-05,000333,14:43:36,81.8900,16,2
2026-06-05,000333,14:43:39,81.9200,22,1
2026-06-05,000333,14:43:42,81.9100,45,2
2026-06-05,000333,14:43:45,81.8900,20,2
2026-06-05,000333,14:43:48,81.9100,25,1
2026-06-05,000333,14:43:51,81.9200,13,1
2026-06-05,000333,14:43:54,81.9200,22,1
2026-06-05,000333,14:43:57,81.9200,37,1
2026-06-05,000333,14:44:00,81.9100,52,2
2026-06-05,000333,14:44:03,81.9200,14,1
2026-06-05,000333,14:44:06,81.9400,142,1
2026-06-05,000333,14:44:09,81.9500,148,1
2026-06-05,000333,14:44:12,81.9500,70,2
2026-06-05,000333,14:44:15,82.0000,36,1
2026-06-05,000333,14:44:18,81.9500,21,2
2026-06-05,000333,14:44:21,81.9800,11,1
2026-06-05,000333,14:44:24,81.9700,5,1
2026-06-05,000333,14:44:27,81.9700,1,1
2026-06-05,000333,14:44:30,81.9900,26,1
2026-06-05,000333,14:44:33,81.9600,8,2
2026-06-05,000333,14:44:36,81.9500,2,2
2026-06-05,000333,14:44:39,81.9700,18,1
2026-06-05,000333,14:44:42,81.9600,61,2
2026-06-05,000333,14:44:45,81.9700,13,4
2026-06-05,000333,14:44:48,81.9800,6,1
2026-06-05,000333,14:44:51,81.9700,23,1
2026-06-05,000333,14:44:54,81.9700,7,4
2026-06-05,000333,14:44:57,81.9700,162,1
2026-06-05,000333,14:45:00,81.9800,15,1
2026-06-05,000333,14:45:03,81.9800,7,4
2026-06-05,000333,14:45:06,82.0200,151,1
2026-06-05,000333,14:45:09,82.0300,27,1
2026-06-05,000333,14:45:12,82.0200,14,2
2026-06-05,000333,14:45:15,82.0100,32,2
2026-06-05,000333,14:45:18,82.0000,72,2
2026-06-05,000333,14:45:21,82.0000,27,1
2026-06-05,000333,14:45:24,81.9900,27,2
2026-06-05,000333,14:45:27,82.0100,21,1
2026-06-05,000333,14:45:30,82.0100,26,1
2026-06-05,000333,14:45:33,82.0200,28,1
2026-06-05,000333,14:45:36,82.0100,10,2
2026-06-05,000333,14:45:39,82.0000,54,2
2026-06-05,000333,14:45:42,82.0000,58,1
2026-06-05,000333,14:45:45,82.0000,5,1
2026-06-05,000333,14:45:48,81.9900,17,2
2026-06-05,000333,14:45:51,82.0000,31,1
2026-06-05,000333,14:45:54,81.9900,3,2
2026-06-05,000333,14:45:57,82.0000,3,1
2026-06-05,000333,14:46:00,82.0000,35,1
2026-06-05,000333,14:46:03,82.0000,1,1
2026-06-05,000333,14:46:06,82.0000,8,1
2026-06-05,000333,14:46:09,82.0000,83,1
2026-06-05,000333,14:46:12,82.0000,58,1
2026-06-05,000333,14:46:15,82.0000,3,2
2026-06-05,000333,14:46:18,82.0100,15,1
2026-06-05,000333,14:46:21,82.0000,27,2
2026-06-05,000333,14:46:24,82.0000,161,2
2026-06-05,000333,14:46:27,82.0000,28,1
2026-06-05,000333,14:46:30,82.0000,12,1
2026-06-05,000333,14:46:33,81.9900,6,2
2026-06-05,000333,14:46:36,81.9800,116,2
2026-06-05,000333,14:46:39,81.9900,10,1
2026-06-05,000333,14:46:42,81.9700,21,2
2026-06-05,000333,14:46:45,81.9600,32,2
2026-06-05,000333,14:46:48,81.9600,23,2
2026-06-05,000333,14:46:51,81.9600,15,2
2026-06-05,000333,14:46:54,81.9700,13,1
2026-06-05,000333,14:46:57,81.9500,32,2
2026-06-05,000333,14:47:00,81.9700,13,1
2026-06-05,000333,14:47:03,81.9600,67,2
2026-06-05,000333,14:47:06,81.9700,42,1
2026-06-05,000333,14:47:09,81.9700,2,2
2026-06-05,000333,14:47:12,81.9800,49,1
2026-06-05,000333,14:47:15,81.9700,5,2
2026-06-05,000333,14:47:18,81.9800,48,1
2026-06-05,000333,14:47:21,81.9700,21,2
2026-06-05,000333,14:47:24,81.9800,46,1
2026-06-05,000333,14:47:27,81.9700,4,2
2026-06-05,000333,14:47:30,81.9600,90,2
2026-06-05,000333,14:47:33,81.9600,47,2
2026-06-05,000333,14:47:36,81.9500,12,2
2026-06-05,000333,14:47:39,81.9500,162,2
2026-06-05,000333,14:47:42,81.9200,75,2
2026-06-05,000333,14:47:45,81.9200,30,1
2026-06-05,000333,14:47:48,81.9000,35,2
2026-06-05,000333,14:47:51,81.9100,13,4
2026-06-05,000333,14:47:54,81.9100,7,2
2026-06-05,000333,14:47:57,81.9200,8,1
2026-06-05,000333,14:48:00,81.9300,65,1
2026-06-05,000333,14:48:03,81.9400,28,1
2026-06-05,000333,14:48:06,81.9500,12,1
2026-06-05,000333,14:48:09,81.9500,87,1
2026-06-05,000333,14:48:12,81.9400,111,2
2026-06-05,000333,14:48:15,81.9600,256,1
2026-06-05,000333,14:48:18,81.9300,71,2
2026-06-05,000333,14:48:21,81.9400,13,1
2026-06-05,000333,14:48:24,81.9200,31,2
2026-06-05,000333,14:48:27,81.9200,11,1
2026-06-05,000333,14:48:30,81.9200,14,1
2026-06-05,000333,14:48:33,81.9200,16,1
2026-06-05,000333,14:48:36,81.9100,6,2
2026-06-05,000333,14:48:39,81.9100,24,2
2026-06-05,000333,14:48:42,81.9000,9,2
2026-06-05,000333,14:48:45,81.9000,50,2
2026-06-05,000333,14:48:48,81.8800,103,2
2026-06-05,000333,14:48:51,81.8700,171,2
2026-06-05,000333,14:48:54,81.8400,141,2
2026-06-05,000333,14:48:57,81.8300,38,2
2026-06-05,000333,14:49:00,81.8300,56,2
2026-06-05,000333,14:49:03,81.8700,115,1
2026-06-05,000333,14:49:06,81.8800,48,1
2026-06-05,000333,14:49:09,81.8400,39,2
2026-06-05,000333,14:49:12,81.8700,104,1
2026-06-05,000333,14:49:15,81.8600,30,2
2026-06-05,000333,14:49:18,81.8600,17,2
2026-06-05,000333,14:49:21,81.8600,11,2
2026-06-05,000333,14:49:24,81.8700,20,1
2026-06-05,000333,14:49:27,81.8600,11,2
2026-06-05,000333,14:49:30,81.8600,4,2
2026-06-05,000333,14:49:33,81.8700,17,1
2026-06-05,000333,14:49:36,81.8700,28,1
2026-06-05,000333,14:49:39,81.8700,19,2
2026-06-05,000333,14:49:42,81.8600,41,2
2026-06-05,000333,14:49:45,81.8600,7,1
2026-06-05,000333,14:49:48,81.8600,27,1
2026-06-05,000333,14:49:51,81.8500,21,2
2026-06-05,000333,14:49:54,81.8600,15,1
2026-06-05,000333,14:49:57,81.8500,12,2
2026-06-05,000333,14:50:00,81.8500,22,2
2026-06-05,000333,14:50:03,81.8500,139,2
2026-06-05,000333,14:50:06,81.8600,15,2
2026-06-05,000333,14:50:09,81.8700,11,1
2026-06-05,000333,14:50:12,81.8600,116,2
2026-06-05,000333,14:50:15,81.8600,28,1
2026-06-05,000333,14:50:18,81.8500,66,2
2026-06-05,000333,14:50:21,81.8500,110,2
2026-06-05,000333,14:50:24,81.8500,27,2
2026-06-05,000333,14:50:27,81.8500,8,1
2026-06-05,000333,14:50:30,81.8500,145,1
2026-06-05,000333,14:50:33,81.8600,14,1
2026-06-05,000333,14:50:36,81.8500,26,2
2026-06-05,000333,14:50:39,81.8500,2,2
2026-06-05,000333,14:50:42,81.8500,56,2
2026-06-05,000333,14:50:45,81.8400,29,2
2026-06-05,000333,14:50:48,81.8300,28,2
2026-06-05,000333,14:50:51,81.8400,28,1
2026-06-05,000333,14:50:54,81.8400,213,1
2026-06-05,000333,14:50:57,81.8300,7,2
2026-06-05,000333,14:51:00,81.8400,7,1
2026-06-05,000333,14:51:03,81.8300,19,2
2026-06-05,000333,14:51:06,81.8400,59,1
2026-06-05,000333,14:51:09,81.8300,105,2
2026-06-05,000333,14:51:12,81.8300,74,1
2026-06-05,000333,14:51:15,81.8300,32,1
2026-06-05,000333,14:51:18,81.8200,12,2
2026-06-05,000333,14:51:21,81.8200,149,2
2026-06-05,000333,14:51:24,81.8500,139,1
2026-06-05,000333,14:51:27,81.8500,10,2
2026-06-05,000333,14:51:30,81.8500,57,2
2026-06-05,000333,14:51:33,81.8500,11,1
2026-06-05,000333,14:51:36,81.8400,20,2
2026-06-05,000333,14:51:39,81.8400,34,1
2026-06-05,000333,14:51:42,81.8200,30,2
2026-06-05,000333,14:51:45,81.8200,33,1
2026-06-05,000333,14:51:48,81.8100,14,2
2026-06-05,000333,14:51:51,81.8100,46,2
2026-06-05,000333,14:51:54,81.8100,314,2
2026-06-05,000333,14:51:57,81.8000,411,2
2026-06-05,000333,14:52:00,81.8100,63,2
2026-06-05,000333,14:52:03,81.7800,309,2
2026-06-05,000333,14:52:06,81.7800,134,1
2026-06-05,000333,14:52:09,81.7700,10,2
2026-06-05,000333,14:52:12,81.7800,47,1
2026-06-05,000333,14:52:15,81.7800,94,1
2026-06-05,000333,14:52:18,81.8200,481,1
2026-06-05,000333,14:52:21,81.7800,64,2
2026-06-05,000333,14:52:24,81.8300,202,1
2026-06-05,000333,14:52:27,81.8300,218,1
2026-06-05,000333,14:52:30,81.8200,7,2
2026-06-05,000333,14:52:33,81.8300,94,2
2026-06-05,000333,14:52:36,81.8200,3,4
2026-06-05,000333,14:52:39,81.8000,52,2
2026-06-05,000333,14:52:42,81.7800,51,2
2026-06-05,000333,14:52:45,81.7900,15,2
2026-06-05,000333,14:52:48,81.7900,68,2
2026-06-05,000333,14:52:51,81.8000,15,1
2026-06-05,000333,14:52:54,81.7900,41,2
2026-06-05,000333,14:52:57,81.7900,92,1
2026-06-05,000333,14:53:00,81.7900,163,1
2026-06-05,000333,14:53:03,81.7800,46,2
2026-06-05,000333,14:53:06,81.7900,133,4
2026-06-05,000333,14:53:09,81.7700,172,2
2026-06-05,000333,14:53:12,81.7900,634,1
2026-06-05,000333,14:53:15,81.7600,237,2
2026-06-05,000333,14:53:18,81.7600,69,1
2026-06-05,000333,14:53:21,81.7600,111,2
2026-06-05,000333,14:53:24,81.7500,38,2
2026-06-05,000333,14:53:27,81.7300,87,2
2026-06-05,000333,14:53:30,81.7400,109,1
2026-06-05,000333,14:53:33,81.7500,60,1
2026-06-05,000333,14:53:36,81.7400,168,2
2026-06-05,000333,14:53:39,81.7400,64,1
2026-06-05,000333,14:53:42,81.7000,85,2
2026-06-05,000333,14:53:45,81.7300,122,1
2026-06-05,000333,14:53:48,81.7400,569,1
2026-06-05,000333,14:53:51,81.7300,40,2
2026-06-05,000333,14:53:54,81.7500,273,1
2026-06-05,000333,14:53:57,81.7300,7,1
2026-06-05,000333,14:54:00,81.7300,53,2
2026-06-05,000333,14:54:03,81.7100,129,2
2026-06-05,000333,14:54:06,81.7300,212,1
2026-06-05,000333,14:54:09,81.7300,74,2
2026-06-05,000333,14:54:12,81.7000,66,2
2026-06-05,000333,14:54:15,81.7300,66,1
2026-06-05,000333,14:54:18,81.7100,119,2
2026-06-05,000333,14:54:21,81.7800,320,1
2026-06-05,000333,14:54:24,81.7200,49,2
2026-06-05,000333,14:54:27,81.7600,23,1
2026-06-05,000333,14:54:30,81.7400,85,1
2026-06-05,000333,14:54:33,81.7400,22,1
2026-06-05,000333,14:54:36,81.7500,34,1
2026-06-05,000333,14:54:39,81.7500,9,2
2026-06-05,000333,14:54:42,81.7100,68,2
2026-06-05,000333,14:54:45,81.7100,44,2
2026-06-05,000333,14:54:48,81.7200,24,2
2026-06-05,000333,14:54:51,81.7400,317,1
2026-06-05,000333,14:54:54,81.7200,9,2
2026-06-05,000333,14:54:57,81.7400,19,2
2026-06-05,000333,14:55:00,81.7300,59,2
2026-06-05,000333,14:55:03,81.7700,100,1
2026-06-05,000333,14:55:06,81.7900,139,1
2026-06-05,000333,14:55:09,81.7500,11,2
2026-06-05,000333,14:55:12,81.7500,155,1
2026-06-05,000333,14:55:15,81.7500,77,2
2026-06-05,000333,14:55:18,81.9100,608,1
2026-06-05,000333,14:55:21,81.7600,118,2
2026-06-05,000333,14:55:24,81.7600,198,2
2026-06-05,000333,14:55:27,81.7600,179,1
2026-06-05,000333,14:55:30,81.7600,190,1
2026-06-05,000333,14:55:33,81.7300,240,2
2026-06-05,000333,14:55:36,81.7000,41,2
2026-06-05,000333,14:55:39,81.6900,47,2
2026-06-05,000333,14:55:42,81.6700,179,2
2026-06-05,000333,14:55:45,81.6600,156,2
2026-06-05,000333,14:55:48,81.7000,305,1
2026-06-05,000333,14:55:51,81.6800,14,4
2026-06-05,000333,14:55:54,81.6400,231,2
2026-06-05,000333,14:55:57,81.6600,52,1
2026-06-05,000333,14:56:00,81.6500,159,2
2026-06-05,000333,14:56:03,81.6400,101,2
2026-06-05,000333,14:56:06,81.6600,178,1
2026-06-05,000333,14:56:09,81.6600,12,2
2026-06-05,000333,14:56:12,81.6500,96,4
2026-06-05,000333,14:56:15,81.6400,119,2
2026-06-05,000333,14:56:18,81.6600,57,4
2026-06-05,000333,14:56:21,81.6400,35,2
2026-06-05,000333,14:56:24,81.6400,205,2
2026-06-05,000333,14:56:27,81.6300,114,2
2026-06-05,000333,14:56:30,81.6400,60,2
2026-06-05,000333,14:56:33,81.6300,99,2
2026-06-05,000333,14:56:36,81.6700,90,1
2026-06-05,000333,14:56:39,81.6700,161,1
2026-06-05,000333,14:56:42,81.6900,167,1
2026-06-05,000333,14:56:45,81.7000,60,1
2026-06-05,000333,14:56:48,81.7300,39,1
2026-06-05,000333,14:56:51,81.7000,23,1
2026-06-05,000333,14:56:54,81.6800,39,2
2026-06-05,000333,14:56:57,81.6700,40,2
2026-06-05,000333,14:57:00,81.6900,101,1
2026-06-05,000333,15:00:03,81.6900,1610,4
2026-06-05,000333,13:14:45,82.0600,8,2
2026-06-05,000333,13:14:48,82.0600,11,1
2026-06-05,000333,13:14:51,82.0600,3,1
2026-06-05,000333,13:14:54,82.0600,4,1
2026-06-05,000333,13:14:57,82.0600,20,1
2026-06-05,000333,13:15:00,82.0700,32,1
2026-06-05,000333,13:15:03,82.0600,10,2
2026-06-05,000333,13:15:06,82.0900,125,1
2026-06-05,000333,13:15:09,82.1000,32,1
2026-06-05,000333,13:15:12,82.0900,48,2
2026-06-05,000333,13:15:18,82.0900,14,2
2026-06-05,000333,13:15:21,82.1000,16,2
2026-06-05,000333,13:15:24,82.1200,18,1
2026-06-05,000333,13:15:27,82.1200,17,1
2026-06-05,000333,13:15:30,82.1200,35,2
2026-06-05,000333,13:15:33,82.1100,15,2
2026-06-05,000333,13:15:36,82.1300,3,1
2026-06-05,000333,13:15:39,82.1000,6,2
2026-06-05,000333,13:15:42,82.0900,37,2
2026-06-05,000333,13:15:45,82.1000,75,1
2026-06-05,000333,13:15:51,82.1100,21,1
2026-06-05,000333,13:15:54,82.1100,8,1
2026-06-05,000333,13:15:57,82.1400,17,1
2026-06-05,000333,13:16:00,82.1400,1,1
2026-06-05,000333,13:16:03,82.1400,21,1
2026-06-05,000333,13:16:06,82.1400,6,2
2026-06-05,000333,13:16:09,82.1400,12,1
2026-06-05,000333,13:16:12,82.1300,4,2
2026-06-05,000333,13:16:15,82.1300,9,1
2026-06-05,000333,13:16:18,82.1300,9,1
2026-06-05,000333,13:16:21,82.1200,9,1
2026-06-05,000333,13:16:24,82.1200,8,1
2026-06-05,000333,13:16:27,82.1300,19,1
2026-06-05,000333,13:16:30,82.1400,7,1
2026-06-05,000333,13:16:33,82.1300,33,2
2026-06-05,000333,13:16:36,82.1300,11,2
2026-06-05,000333,13:16:39,82.1300,17,2
2026-06-05,000333,13:16:42,82.1300,12,2
2026-06-05,000333,13:16:45,82.1300,28,1
2026-06-05,000333,13:16:48,82.1300,21,1
2026-06-05,000333,13:16:51,82.1300,6,1
2026-06-05,000333,13:16:57,82.1300,5,1
2026-06-05,000333,13:17:00,82.1300,18,1
2026-06-05,000333,13:17:03,82.1400,49,1
2026-06-05,000333,13:17:06,82.1300,2,2
2026-06-05,000333,13:17:09,82.1400,38,1
2026-06-05,000333,13:17:12,82.1400,35,2
2026-06-05,000333,13:17:15,82.1300,3,2
2026-06-05,000333,13:17:18,82.1300,12,1
2026-06-05,000333,13:17:21,82.1300,17,2
2026-06-05,000333,13:17:24,82.1400,16,1
2026-06-05,000333,13:17:27,82.1500,17,1
2026-06-05,000333,13:17:30,82.1500,9,1
2026-06-05,000333,13:17:33,82.1400,4,2
2026-06-05,000333,13:17:36,82.1400,20,2
2026-06-05,000333,13:17:39,82.1400,4,1
2026-06-05,000333,13:17:42,82.1300,47,2
2026-06-05,000333,13:17:45,82.1300,3,2
2026-06-05,000333,13:17:48,82.1300,60,2
2026-06-05,000333,13:17:51,82.1700,17,1
2026-06-05,000333,13:17:54,82.1800,4,1
2026-06-05,000333,13:17:57,82.1800,10,1
2026-06-05,000333,13:18:00,82.1700,4,2
2026-06-05,000333,13:18:03,82.1900,25,1
2026-06-05,000333,13:18:06,82.1500,33,2
2026-06-05,000333,13:18:09,82.1700,15,1
2026-06-05,000333,13:18:12,82.1700,48,1
2026-06-05,000333,13:18:15,82.1700,12,1
2026-06-05,000333,13:18:18,82.1900,24,1
2026-06-05,000333,13:18:21,82.2200,34,1
2026-06-05,000333,13:18:24,82.2400,30,1
2026-06-05,000333,13:18:27,82.2200,30,2
2026-06-05,000333,13:18:30,82.2300,4,4
2026-06-05,000333,13:18:33,82.2200,39,2
2026-06-05,000333,13:18:36,82.2300,27,1
2026-06-05,000333,13:18:39,82.2300,1,1
2026-06-05,000333,13:18:42,82.2100,16,2
2026-06-05,000333,13:18:45,82.2100,23,4
2026-06-05,000333,13:18:48,82.2100,9,1
2026-06-05,000333,13:18:51,82.2200,8,1
2026-06-05,000333,13:18:54,82.2100,7,2
2026-06-05,000333,13:18:57,82.2000,9,2
2026-06-05,000333,13:19:00,82.2000,17,2
2026-06-05,000333,13:19:03,82.1900,9,2
2026-06-05,000333,13:19:09,82.1900,3,2
2026-06-05,000333,13:19:12,82.1800,47,2
2026-06-05,000333,13:19:15,82.1700,4,2
2026-06-05,000333,13:19:18,82.1500,14,2
2026-06-05,000333,13:19:21,82.1500,2,2
2026-06-05,000333,13:19:24,82.1500,28,1
2026-06-05,000333,13:19:27,82.1700,6,1
2026-06-05,000333,13:19:30,82.1600,11,4
2026-06-05,000333,13:19:33,82.1700,19,1
2026-06-05,000333,13:19:36,82.1800,43,1
2026-06-05,000333,13:19:39,82.2000,7,1
2026-06-05,000333,13:19:42,82.1900,121,2
2026-06-05,000333,13:19:45,82.1800,3,2
2026-06-05,000333,13:19:48,82.1900,14,1
2026-06-05,000333,13:19:51,82.1800,4,2
2026-06-05,000333,13:19:54,82.1900,23,1
2026-06-05,000333,13:19:57,82.1900,15,1
2026-06-05,000333,13:20:00,82.1800,2,2
2026-06-05,000333,13:20:03,82.1900,13,1
2026-06-05,000333,13:20:06,82.1800,7,2
2026-06-05,000333,13:20:09,82.1900,12,1
2026-06-05,000333,13:20:12,82.1800,45,2
2026-06-05,000333,13:20:18,82.1800,2,1
2026-06-05,000333,13:20:21,82.1800,11,1
2026-06-05,000333,13:20:24,82.1800,5,1
2026-06-05,000333,13:20:27,82.1700,27,2
2026-06-05,000333,13:20:30,82.1800,16,1
2026-06-05,000333,13:20:33,82.1500,7,2
2026-06-05,000333,13:20:36,82.1800,1,1
2026-06-05,000333,13:20:39,82.1500,6,2
2026-06-05,000333,13:20:42,82.1600,73,2
2026-06-05,000333,13:20:45,82.1800,7,1
2026-06-05,000333,13:20:48,82.1800,155,1
2026-06-05,000333,13:20:51,82.1900,16,4
2026-06-05,000333,13:20:54,82.2100,40,1
2026-06-05,000333,13:20:57,82.2200,8,1
2026-06-05,000333,13:21:00,82.2300,9,1
2026-06-05,000333,13:21:03,82.2400,17,1
2026-06-05,000333,13:21:06,82.2300,20,2
2026-06-05,000333,13:21:09,82.2300,9,2
2026-06-05,000333,13:21:12,82.2200,35,2
2026-06-05,000333,13:21:15,82.2300,14,1
2026-06-05,000333,13:21:18,82.2500,26,1
2026-06-05,000333,13:21:21,82.2300,5,2
2026-06-05,000333,13:21:24,82.2600,8,1
2026-06-05,000333,13:21:27,82.2400,10,1
2026-06-05,000333,13:21:33,82.2400,10,2
2026-06-05,000333,13:21:36,82.2300,30,2
2026-06-05,000333,13:21:39,82.2300,16,2
2026-06-05,000333,13:21:42,82.2300,83,2
2026-06-05,000333,13:21:45,82.2200,14,2
2026-06-05,000333,13:21:48,82.2300,8,1
2026-06-05,000333,13:21:51,82.2200,5,2
2026-06-05,000333,13:21:54,82.2200,16,1
2026-06-05,000333,13:21:57,82.2100,6,2
2026-06-05,000333,13:22:00,82.2100,4,2
2026-06-05,000333,13:22:03,82.2100,35,2
2026-06-05,000333,13:22:06,82.2100,51,2
2026-06-05,000333,13:22:09,82.2300,27,1
2026-06-05,000333,13:22:12,82.2300,9,4
2026-06-05,000333,13:22:15,82.2200,37,1
2026-06-05,000333,13:22:18,82.2100,25,2
2026-06-05,000333,13:22:21,82.2100,4,2
2026-06-05,000333,13:22:24,82.2000,6,2
2026-06-05,000333,13:22:27,82.2200,12,1
2026-06-05,000333,13:22:30,82.2300,7,1
2026-06-05,000333,13:22:33,82.2000,13,2
2026-06-05,000333,13:22:36,82.2000,4,2
2026-06-05,000333,13:22:39,82.2100,4,1
2026-06-05,000333,13:22:42,82.2000,27,2
2026-06-05,000333,13:22:45,82.2000,2,1
2026-06-05,000333,13:22:51,82.1900,3,2
2026-06-05,000333,13:22:54,82.1900,7,2
2026-06-05,000333,13:22:57,82.2100,93,1
2026-06-05,000333,13:23:00,82.2200,16,1
2026-06-05,000333,13:23:03,82.2200,40,1
2026-06-05,000333,13:23:06,82.2200,5,2
2026-06-05,000333,13:23:09,82.2100,12,2
2026-06-05,000333,13:23:12,82.2000,38,2
2026-06-05,000333,13:23:15,82.2000,11,1
2026-06-05,000333,13:23:18,82.2200,16,1
2026-06-05,000333,13:23:21,82.2100,45,1
2026-06-05,000333,13:23:24,82.2200,3,1
2026-06-05,000333,13:23:27,82.2200,8,1
2026-06-05,000333,13:23:30,82.2300,21,1
2026-06-05,000333,13:23:33,82.2600,33,1
2026-06-05,000333,13:23:36,82.2300,3,2
2026-06-05,000333,13:23:39,82.2400,16,1
2026-06-05,000333,13:23:42,82.2300,33,2
2026-06-05,000333,13:23:45,82.2300,5,1
2026-06-05,000333,13:23:48,82.2300,1,1
2026-06-05,000333,13:23:51,82.2200,15,2
2026-06-05,000333,13:23:54,82.2200,27,2
2026-06-05,000333,13:23:57,82.2300,31,1
2026-06-05,000333,13:24:00,82.2200,15,2
2026-06-05,000333,13:24:03,82.2400,27,1
2026-06-05,000333,13:24:06,82.2200,21,2
2026-06-05,000333,13:24:09,82.2400,20,1
2026-06-05,000333,13:24:12,82.2200,46,2
2026-06-05,000333,13:24:15,82.2200,16,1
2026-06-05,000333,13:24:18,82.2200,29,1
2026-06-05,000333,13:24:21,82.2200,1,1
2026-06-05,000333,13:24:24,82.2200,9,1
2026-06-05,000333,13:24:27,82.2100,11,2
2026-06-05,000333,13:24:30,82.2200,9,1
2026-06-05,000333,13:24:33,82.2100,7,2
2026-06-05,000333,13:24:36,82.2200,1,1
2026-06-05,000333,13:24:39,82.2200,9,1
2026-06-05,000333,13:24:42,82.2100,14,2
2026-06-05,000333,13:24:45,82.2000,9,2
2026-06-05,000333,13:24:48,82.2000,11,2
2026-06-05,000333,13:24:51,82.2100,19,1
2026-06-05,000333,13:24:54,82.2100,24,1
2026-06-05,000333,13:24:57,82.2100,31,1
2026-06-05,000333,13:25:00,82.2300,27,1
2026-06-05,000333,13:25:03,82.2500,18,1
2026-06-05,000333,13:25:06,82.2200,22,2
2026-06-05,000333,13:25:09,82.2000,10,2
2026-06-05,000333,13:25:12,82.2000,42,2
2026-06-05,000333,13:25:15,82.2000,24,2
2026-06-05,000333,13:25:18,82.2000,43,2
2026-06-05,000333,13:25:21,82.2100,13,1
2026-06-05,000333,13:25:24,82.2000,11,2
2026-06-05,000333,13:25:27,82.2200,163,1
2026-06-05,000333,13:25:30,82.2500,28,1
2026-06-05,000333,13:25:33,82.2500,18,2
2026-06-05,000333,13:25:36,82.2500,7,2
2026-06-05,000333,13:25:39,82.2700,14,1
2026-06-05,000333,13:25:42,82.2500,63,2
2026-06-05,000333,13:25:45,82.2800,26,1
2026-06-05,000333,13:25:48,82.3400,49,1
2026-06-05,000333,13:25:51,82.3800,34,1
2026-06-05,000333,13:25:54,82.3500,29,1
2026-06-05,000333,13:25:57,82.3500,93,1
2026-06-05,000333,13:26:03,82.2900,15,2
2026-06-05,000333,13:26:06,82.3000,101,1
2026-06-05,000333,13:26:09,82.3400,29,1
2026-06-05,000333,13:26:12,82.2700,49,2
2026-06-05,000333,13:26:18,82.2800,22,2
2026-06-05,000333,13:26:21,82.2800,9,2
2026-06-05,000333,13:26:24,82.2700,19,2
2026-06-05,000333,13:26:27,82.3200,31,1
2026-06-05,000333,13:26:30,82.2800,6,2
2026-06-05,000333,13:26:33,82.2900,5,2
2026-06-05,000333,13:26:36,82.2900,8,2
2026-06-05,000333,13:26:39,82.3100,21,1
2026-06-05,000333,13:26:42,82.2700,13,2
2026-06-05,000333,13:26:45,82.2700,14,2
2026-06-05,000333,13:26:48,82.2800,5,1
2026-06-05,000333,13:26:51,82.2900,46,1
2026-06-05,000333,13:26:54,82.3200,15,1
2026-06-05,000333,13:26:57,82.3200,11,1
2026-06-05,000333,13:27:00,82.3200,79,1
2026-06-05,000333,13:27:03,82.3100,32,4
2026-06-05,000333,13:27:06,82.3300,36,1
2026-06-05,000333,13:27:09,82.3400,23,1
2026-06-05,000333,13:27:12,82.3000,19,2
2026-06-05,000333,13:27:15,82.3000,32,1
2026-06-05,000333,13:27:18,82.3100,14,1
2026-06-05,000333,13:27:21,82.3000,68,2
2026-06-05,000333,13:27:24,82.3000,42,1
2026-06-05,000333,13:27:27,82.3400,52,1
2026-06-05,000333,13:27:30,82.3400,11,1
2026-06-05,000333,13:27:33,82.3300,19,1
2026-06-05,000333,13:27:36,82.3300,118,4
2026-06-05,000333,13:27:39,82.3000,70,2
2026-06-05,000333,13:27:42,82.3000,31,2
2026-06-05,000333,13:27:45,82.3000,23,1
2026-06-05,000333,13:27:48,82.2900,5,2
2026-06-05,000333,13:27:51,82.3000,25,1
2026-06-05,000333,13:27:54,82.2900,4,2
2026-06-05,000333,13:27:57,82.3000,5,1
2026-06-05,000333,13:28:00,82.2900,5,2
2026-06-05,000333,13:28:03,82.3000,32,1
2026-06-05,000333,13:28:06,82.2900,8,1
2026-06-05,000333,13:28:09,82.2500,11,2
2026-06-05,000333,13:28:12,82.2600,8,1
2026-06-05,000333,13:28:15,82.2500,26,1
2026-06-05,000333,13:28:18,82.2900,33,1
2026-06-05,000333,13:28:21,82.2700,11,2
2026-06-05,000333,13:28:24,82.3000,47,1
2026-06-05,000333,13:28:27,82.3000,64,1
2026-06-05,000333,13:28:30,82.3200,11,1
2026-06-05,000333,13:28:33,82.3600,50,1
2026-06-05,000333,13:28:36,82.3800,9,1
2026-06-05,000333,13:28:39,82.4400,63,1
2026-06-05,000333,13:28:42,82.3600,71,2
2026-06-05,000333,13:28:45,82.4300,16,1
2026-06-05,000333,13:28:48,82.4200,4,1
2026-06-05,000333,13:28:51,82.3800,33,1
2026-06-05,000333,13:28:54,82.4100,21,1
2026-06-05,000333,13:28:57,82.4400,40,1
2026-06-05,000333,13:29:00,82.3900,17,2
2026-06-05,000333,13:29:03,82.4000,59,2
2026-06-05,000333,13:29:06,82.4000,24,2
2026-06-05,000333,13:29:09,82.4300,61,1
2026-06-05,000333,13:29:12,82.3800,215,2
2026-06-05,000333,13:29:15,82.4300,8,1
2026-06-05,000333,13:29:18,82.4500,19,1
2026-06-05,000333,13:29:21,82.3900,11,2
2026-06-05,000333,13:29:24,82.3900,12,2
2026-06-05,000333,13:29:27,82.4000,19,1
2026-06-05,000333,13:29:30,82.3700,38,2
2026-06-05,000333,13:29:33,82.3600,9,2
2026-06-05,000333,13:29:36,82.3500,24,2
2026-06-05,000333,13:29:39,82.3400,3,2
2026-06-05,000333,13:29:42,82.2900,11,2
2026-06-05,000333,13:29:45,82.2900,40,1
2026-06-05,000333,13:29:48,82.2600,4,2
2026-06-05,000333,13:29:51,82.2600,8,2
2026-06-05,000333,13:29:54,82.2700,62,1
2026-06-05,000333,13:29:57,82.3700,10,1
2026-06-05,000333,13:30:00,82.4000,18,1
2026-06-05,000333,13:30:03,82.4000,13,1
2026-06-05,000333,13:30:06,82.3400,136,2
2026-06-05,000333,13:30:09,82.3800,27,1
2026-06-05,000333,13:30:12,82.3400,61,2
2026-06-05,000333,13:30:15,82.3400,34,1
2026-06-05,000333,13:30:18,82.3200,373,2
2026-06-05,000333,13:30:21,82.3100,5,1
2026-06-05,000333,13:30:24,82.3200,23,1
2026-06-05,000333,13:30:27,82.3300,13,1
2026-06-05,000333,13:30:30,82.3100,14,2
2026-06-05,000333,13:30:33,82.3000,22,1
2026-06-05,000333,13:30:36,82.3400,21,1
2026-06-05,000333,13:30:39,82.3400,2,1
2026-06-05,000333,13:30:42,82.3200,23,2
2026-06-05,000333,13:30:45,82.2900,34,2
2026-06-05,000333,13:30:48,82.3000,4,1
2026-06-05,000333,13:30:51,82.3100,17,1
2026-06-05,000333,13:30:54,82.3100,15,1
2026-06-05,000333,13:30:57,82.3100,38,1
2026-06-05,000333,13:31:03,82.3000,18,2
2026-06-05,000333,13:31:06,82.3000,42,2
2026-06-05,000333,13:31:09,82.2700,28,1
2026-06-05,000333,13:31:12,82.2600,10,2
2026-06-05,000333,13:31:15,82.2700,60,1
2026-06-05,000333,13:31:18,82.3000,23,1
2026-06-05,000333,13:31:21,82.2900,14,2
2026-06-05,000333,13:31:24,82.2700,37,2
2026-06-05,000333,13:31:27,82.2500,41,2
2026-06-05,000333,13:31:30,82.2400,7,2
2026-06-05,000333,13:31:33,82.2300,9,2
2026-06-05,000333,13:31:36,82.2300,4,1
2026-06-05,000333,13:31:39,82.2400,6,1
2026-06-05,000333,13:31:42,82.2200,34,2
2026-06-05,000333,13:31:45,82.2100,8,2
2026-06-05,000333,13:31:48,82.2000,50,2
2026-06-05,000333,13:31:51,82.2100,13,1
2026-06-05,000333,13:31:54,82.1900,32,2
2026-06-05,000333,13:31:57,82.1900,12,1
2026-06-05,000333,13:32:00,82.1900,40,1
2026-06-05,000333,13:32:03,82.2000,47,1
2026-06-05,000333,13:32:06,82.2100,16,1
2026-06-05,000333,13:32:12,82.1900,20,2
2026-06-05,000333,13:32:15,82.1800,32,2
2026-06-05,000333,13:32:18,82.1800,37,2
2026-06-05,000333,13:32:21,82.1700,16,2
2026-06-05,000333,13:32:24,82.1600,10,2
2026-06-05,000333,13:32:27,82.1700,24,1
2026-06-05,000333,13:32:30,82.1700,15,1
2026-06-05,000333,13:32:33,82.1900,22,1
2026-06-05,000333,13:32:36,82.2000,41,1
2026-06-05,000333,13:32:39,82.2000,25,1
2026-06-05,000333,13:32:42,82.1900,150,2
2026-06-05,000333,13:32:45,82.2000,25,4
2026-06-05,000333,13:32:48,82.1800,234,2
2026-06-05,000333,13:32:51,82.1600,59,2
2026-06-05,000333,13:32:54,82.1600,1,4
2026-06-05,000333,13:32:57,82.1700,30,1
2026-06-05,000333,13:33:00,82.1500,25,2
2026-06-05,000333,13:33:03,82.1500,8,4
2026-06-05,000333,13:33:06,82.1500,4,2
2026-06-05,000333,13:33:09,82.1600,12,1
2026-06-05,000333,13:33:12,82.1600,15,2
2026-06-05,000333,13:33:15,82.1600,2,1
2026-06-05,000333,13:33:18,82.1600,34,1
2026-06-05,000333,13:33:21,82.1800,81,1
2026-06-05,000333,13:33:24,82.1900,50,1
2026-06-05,000333,13:33:27,82.2400,115,1
2026-06-05,000333,13:33:30,82.2400,19,1
2026-06-05,000333,13:33:33,82.2000,18,2
2026-06-05,000333,13:33:36,82.2100,22,1
2026-06-05,000333,13:33:39,82.2400,47,1
2026-06-05,000333,13:33:42,82.2100,44,2
2026-06-05,000333,13:33:45,82.2300,2,1
2026-06-05,000333,13:33:48,82.2200,6,2
2026-06-05,000333,13:33:51,82.2000,81,2
2026-06-05,000333,13:33:54,82.2000,36,1
2026-06-05,000333,13:33:57,82.2000,20,1
2026-06-05,000333,13:34:00,82.2000,12,1
2026-06-05,000333,13:34:03,82.2100,17,1
2026-06-05,000333,13:34:06,82.2100,3,1
2026-06-05,000333,13:34:09,82.2400,4,1
2026-06-05,000333,13:34:12,82.2300,33,2
2026-06-05,000333,13:34:15,82.2400,22,1
2026-06-05,000333,13:34:18,82.2400,9,1
2026-06-05,000333,13:34:21,82.2500,7,1
2026-06-05,000333,13:34:24,82.2400,12,2
2026-06-05,000333,13:34:27,82.2500,14,2
2026-06-05,000333,13:34:30,82.2600,14,1
2026-06-05,000333,13:34:33,82.2500,8,2
2026-06-05,000333,13:34:36,82.2500,13,1
2026-06-05,000333,13:34:39,82.2500,30,2
2026-06-05,000333,13:34:42,82.2500,4,2
2026-06-05,000333,13:34:45,82.2400,11,2
2026-06-05,000333,13:34:48,82.2300,46,2
2026-06-05,000333,13:34:51,82.2300,78,2
2026-06-05,000333,13:34:54,82.2000,103,2
2026-06-05,000333,13:34:57,82.2000,19,2
2026-06-05,000333,13:35:00,82.2000,10,2
2026-06-05,000333,13:35:03,82.2000,15,1
2026-06-05,000333,13:35:06,82.1900,4,2
2026-06-05,000333,13:35:09,82.1900,3,2
2026-06-05,000333,13:35:12,82.1900,18,2
2026-06-05,000333,13:35:15,82.1900,10,1
2026-06-05,000333,13:35:18,82.1900,2,1
2026-06-05,000333,13:35:21,82.1900,16,1
2026-06-05,000333,13:35:24,82.1900,80,1
2026-06-05,000333,13:35:27,82.2000,102,1
2026-06-05,000333,13:35:30,82.2100,20,1
2026-06-05,000333,13:35:33,82.2100,21,1
2026-06-05,000333,13:35:36,82.2300,11,1
2026-06-05,000333,13:35:42,82.2300,20,2
2026-06-05,000333,13:35:45,82.2300,14,1
2026-06-05,000333,13:35:48,82.2200,6,2
2026-06-05,000333,13:35:51,82.2200,9,2
2026-06-05,000333,13:35:54,82.2100,28,2
2026-06-05,000333,13:35:57,82.2100,60,2
2026-06-05,000333,13:36:00,82.2000,7,2
2026-06-05,000333,13:36:03,82.2000,18,2
2026-06-05,000333,13:36:06,82.1900,62,2
2026-06-05,000333,13:36:09,82.1900,23,2
2026-06-05,000333,13:36:12,82.1800,210,2
2026-06-05,000333,13:36:15,82.1700,26,2
2026-06-05,000333,13:36:18,82.1700,8,1
2026-06-05,000333,13:36:24,82.1600,8,2
2026-06-05,000333,13:36:27,82.1700,25,1
2026-06-05,000333,13:36:30,82.1900,25,1
2026-06-05,000333,13:36:33,82.1900,48,1
2026-06-05,000333,13:36:36,82.1900,3,2
2026-06-05,000333,13:36:39,82.2100,1,1
2026-06-05,000333,13:36:42,82.1900,60,2
2026-06-05,000333,13:36:45,82.2000,2,1
2026-06-05,000333,13:36:48,82.2000,8,1
2026-06-05,000333,13:36:51,82.2000,18,1
2026-06-05,000333,13:36:54,82.1800,51,2
2026-06-05,000333,13:36:57,82.1800,5,1
2026-06-05,000333,13:37:00,82.1900,5,4
2026-06-05,000333,13:37:03,82.2000,47,1
2026-06-05,000333,13:37:06,82.2000,6,2
2026-06-05,000333,13:37:09,82.2000,18,2
2026-06-05,000333,13:37:12,82.2000,64,2
2026-06-05,000333,13:37:15,82.2000,24,2
2026-06-05,000333,13:37:18,82.2100,21,1
2026-06-05,000333,13:37:21,82.2000,1,2
2026-06-05,000333,13:37:24,82.2000,5,2
2026-06-05,000333,13:37:27,82.2000,5,1
2026-06-05,000333,13:37:30,82.2000,22,1
2026-06-05,000333,13:37:33,82.2000,13,1
2026-06-05,000333,13:37:39,82.2100,9,1
2026-06-05,000333,13:37:42,82.2000,41,2
2026-06-05,000333,13:37:45,82.2000,5,2
2026-06-05,000333,13:37:48,82.2000,14,2
2026-06-05,000333,13:37:51,82.2000,3,2
2026-06-05,000333,13:37:54,82.2000,5,2
2026-06-05,000333,13:37:57,82.2000,15,1
2026-06-05,000333,13:38:00,82.2000,6,2
2026-06-05,000333,13:38:03,82.2000,9,2
2026-06-05,000333,13:38:06,82.2000,12,2
2026-06-05,000333,13:38:09,82.2000,3,2
2026-06-05,000333,13:38:12,82.2000,29,2
2026-06-05,000333,13:38:15,82.2000,2,1
2026-06-05,000333,13:38:18,82.2000,11,1
2026-06-05,000333,13:38:21,82.1900,3,2
2026-06-05,000333,13:38:24,82.1900,13,2
2026-06-05,000333,13:38:27,82.1900,10,2
2026-06-05,000333,13:38:30,82.2100,20,1
2026-06-05,000333,13:38:33,82.2000,14,1
2026-06-05,000333,13:38:36,82.2000,14,2
2026-06-05,000333,13:38:39,82.2100,5,1
2026-06-05,000333,13:38:42,82.2000,48,2
2026-06-05,000333,13:38:45,82.2000,1,2
2026-06-05,000333,13:38:48,82.2000,9,2
2026-06-05,000333,13:38:54,82.2000,5,2
2026-06-05,000333,13:38:57,82.2100,5,1
2026-06-05,000333,13:39:00,82.2000,41,2
2026-06-05,000333,13:39:03,82.2000,45,2
2026-06-05,000333,13:39:06,82.2100,31,1
2026-06-05,000333,13:39:09,82.2300,54,1
2026-06-05,000333,13:39:12,82.2300,56,4
2026-06-05,000333,13:39:15,82.2300,63,1
2026-06-05,000333,13:39:18,82.2200,64,1
2026-06-05,000333,13:39:21,82.2000,9,2
2026-06-05,000333,13:39:24,82.2100,6,1
2026-06-05,000333,13:39:27,82.2200,14,1
2026-06-05,000333,13:39:30,82.2100,5,2
2026-06-05,000333,13:39:33,82.2100,8,2
2026-06-05,000333,13:39:36,82.2200,1,1
2026-06-05,000333,13:39:39,82.2100,18,2
2026-06-05,000333,13:39:42,82.2100,10,2
2026-06-05,000333,13:39:45,82.1900,42,2
2026-06-05,000333,13:39:48,82.1900,42,2
2026-06-05,000333,13:39:51,82.1500,339,2
2026-06-05,000333,13:39:54,82.1500,11,2
2026-06-05,000333,13:39:57,82.1400,11,2
2026-06-05,000333,13:40:00,82.1400,5,2
2026-06-05,000333,13:40:03,82.1500,45,1
2026-06-05,000333,13:40:06,82.1600,14,1
2026-06-05,000333,13:40:09,82.1800,1,1
2026-06-05,000333,13:40:12,82.1800,3,2
2026-06-05,000333,13:40:15,82.1700,10,2
2026-06-05,000333,13:40:18,82.1600,8,2
2026-06-05,000333,13:40:21,82.1800,20,1
2026-06-05,000333,13:40:24,82.1600,39,2
2026-06-05,000333,13:40:27,82.1600,27,2
2026-06-05,000333,13:40:30,82.1600,47,2
2026-06-05,000333,13:40:33,82.1500,9,2
2026-06-05,000333,13:40:39,82.1600,2,1
2026-06-05,000333,13:40:42,82.1500,41,2
2026-06-05,000333,13:40:45,82.1500,3,2
2026-06-05,000333,13:40:48,82.1500,4,1
2026-06-05,000333,13:40:51,82.1500,17,1
2026-06-05,000333,13:40:54,82.1400,4,2
2026-06-05,000333,13:40:57,82.1400,10,2
2026-06-05,000333,13:41:00,82.1400,8,2
2026-06-05,000333,13:41:03,82.1400,9,2
2026-06-05,000333,13:41:09,82.1400,6,2
2026-06-05,000333,13:41:12,82.1300,14,2
2026-06-05,000333,13:41:15,82.1100,43,2
2026-06-05,000333,13:41:18,82.1100,35,1
2026-06-05,000333,13:41:21,82.1000,79,2
2026-06-05,000333,13:41:24,82.1000,76,2
2026-06-05,000333,13:41:27,82.0800,12,2
2026-06-05,000333,13:41:30,82.0800,4,2
2026-06-05,000333,13:41:33,82.0800,3,2
2026-06-05,000333,13:41:36,82.0800,16,2
2026-06-05,000333,13:41:39,82.0800,61,1
2026-06-05,000333,13:41:42,82.0700,12,2
2026-06-05,000333,13:41:45,82.0500,49,2
2026-06-05,000333,13:41:48,82.0500,29,2
2026-06-05,000333,13:41:51,82.0400,53,4
2026-06-05,000333,13:41:54,82.0300,7,2
2026-06-05,000333,13:41:57,82.0300,12,2
2026-06-05,000333,13:42:00,82.0300,10,2
2026-06-05,000333,13:42:03,82.0300,20,2
2026-06-05,000333,13:42:06,82.0400,90,1
2026-06-05,000333,13:42:09,82.0500,274,1
2026-06-05,000333,13:42:12,82.0400,15,2
2026-06-05,000333,13:42:15,82.0400,3,1
2026-06-05,000333,13:42:18,82.0300,140,2
2026-06-05,000333,13:42:21,82.0400,150,1
2026-06-05,000333,13:42:24,82.0500,40,4
2026-06-05,000333,13:42:27,82.0500,40,2
2026-06-05,000333,13:42:30,82.0600,11,1
2026-06-05,000333,13:42:33,82.0500,63,2
2026-06-05,000333,13:42:36,82.0600,7,4
2026-06-05,000333,13:42:39,82.0500,7,2
2026-06-05,000333,13:42:42,82.0400,5,2
2026-06-05,000333,13:42:45,82.0300,75,2
2026-06-05,000333,13:42:48,82.0300,2,4
2026-06-05,000333,13:42:51,82.0400,3,1
2026-06-05,000333,13:42:54,82.0500,37,1
2026-06-05,000333,13:42:57,82.0700,9,1
2026-06-05,000333,13:43:00,82.0700,6,2
2026-06-05,000333,13:43:03,82.0500,92,2
2026-06-05,000333,13:43:06,82.0500,45,1
2026-06-05,000333,13:43:09,82.0500,3,1
2026-06-05,000333,13:43:12,82.0400,59,2
2026-06-05,000333,13:43:15,82.0400,6,2
2026-06-05,000333,13:43:18,82.0400,68,2
2026-06-05,000333,13:43:21,82.0500,12,1
2026-06-05,000333,13:43:24,82.0500,11,1
2026-06-05,000333,13:43:27,82.0500,29,1
2026-06-05,000333,13:43:30,82.0500,15,1
2026-06-05,000333,13:43:33,82.0500,16,1
2026-06-05,000333,13:43:36,82.0900,54,1
2026-06-05,000333,13:43:39,82.1000,29,1
2026-06-05,000333,13:43:42,82.0500,54,2
2026-06-05,000333,13:43:45,82.0500,73,1
2026-06-05,000333,13:43:48,82.0500,289,1
2026-06-05,000333,13:43:51,82.0400,17,2
2026-06-05,000333,13:43:54,82.0400,24,1
2026-06-05,000333,13:43:57,82.0300,49,2
2026-06-05,000333,13:44:00,82.0200,42,2
2026-06-05,000333,13:44:03,82.0200,51,2
2026-06-05,000333,13:44:06,82.0400,10,2
2026-06-05,000333,13:44:09,82.0600,53,1
2026-06-05,000333,13:44:12,82.0300,35,2
2026-06-05,000333,13:44:15,82.0300,39,2
2026-06-05,000333,13:44:18,82.0400,4,4
2026-06-05,000333,13:44:21,82.0500,3,1
2026-06-05,000333,13:44:24,82.0500,13,1
2026-06-05,000333,13:44:27,82.0500,12,1
2026-06-05,000333,13:44:30,82.0500,8,2
2026-06-05,000333,13:44:33,82.0500,8,1
2026-06-05,000333,13:44:36,82.0500,10,2
2026-06-05,000333,13:44:39,82.0600,2,1
2026-06-05,000333,13:44:42,82.0500,15,2
2026-06-05,000333,13:44:45,82.0500,2,1
2026-06-05,000333,13:44:51,82.0400,2,2
2026-06-05,000333,13:44:54,82.0400,2,2
2026-06-05,000333,13:44:57,82.0500,16,1
2026-06-05,000333,13:45:00,82.0400,12,2
2026-06-05,000333,13:45:03,81.9900,2623,2
2026-06-05,000333,13:45:06,81.9900,105,2
2026-06-05,000333,13:45:09,82.0000,5,1
2026-06-05,000333,13:45:12,81.9900,33,2
2026-06-05,000333,13:45:15,81.9800,29,2
2026-06-05,000333,13:45:18,81.9900,41,1
2026-06-05,000333,13:45:21,81.9800,35,2
2026-06-05,000333,13:45:24,81.9700,34,2
2026-06-05,000333,13:45:27,81.9700,33,2
2026-06-05,000333,13:45:30,81.9700,13,2
2026-06-05,000333,13:45:33,81.9600,23,2
2026-06-05,000333,13:45:36,81.9600,9,2
2026-06-05,000333,13:45:39,81.9600,3,2
2026-06-05,000333,13:45:42,81.9600,32,2
2026-06-05,000333,13:45:45,81.9500,27,2
2026-06-05,000333,13:45:48,81.9500,40,2
2026-06-05,000333,13:45:54,81.9400,4,2
2026-06-05,000333,13:45:57,81.9300,34,2
2026-06-05,000333,13:46:00,81.9300,11,2
2026-06-05,000333,13:46:03,81.9300,31,2
2026-06-05,000333,13:46:06,81.9300,28,2
2026-06-05,000333,13:46:09,81.9300,7,2
2026-06-05,000333,13:46:12,81.9100,126,2
2026-06-05,000333,13:46:15,81.8700,364,2
2026-06-05,000333,13:46:18,81.8700,78,2
2026-06-05,000333,13:46:21,81.8700,9,2
2026-06-05,000333,13:46:24,81.8700,12,2
2026-06-05,000333,13:46:27,81.8800,11,1
2026-06-05,000333,13:46:30,81.8700,28,2
2026-06-05,000333,13:46:33,81.8600,20,2
2026-06-05,000333,13:46:36,81.8700,25,4
2026-06-05,000333,13:46:39,81.8900,220,1
2026-06-05,000333,13:46:42,81.8900,110,2
2026-06-05,000333,13:46:45,81.8900,13,1
2026-06-05,000333,13:46:48,81.8900,14,1
2026-06-05,000333,13:46:51,81.8900,104,1
2026-06-05,000333,13:46:54,81.8900,52,1
2026-06-05,000333,13:46:57,81.9100,20,1
2026-06-05,000333,13:47:00,81.9100,12,1
2026-06-05,000333,13:47:03,81.9100,32,2
2026-06-05,000333,13:47:06,81.9200,7,4
2026-06-05,000333,13:47:12,81.9300,25,2
2026-06-05,000333,13:47:15,81.9200,28,2
2026-06-05,000333,13:47:18,81.9300,72,1
2026-06-05,000333,13:47:21,81.9200,16,2
2026-06-05,000333,13:47:24,81.9100,61,2
2026-06-05,000333,13:47:27,81.9100,79,1
2026-06-05,000333,13:47:30,81.9100,32,1
2026-06-05,000333,13:47:33,81.9000,54,2
2026-06-05,000333,13:47:36,81.9000,13,2
2026-06-05,000333,13:47:39,81.9100,26,1
2026-06-05,000333,13:47:42,81.9000,46,2
2026-06-05,000333,13:47:45,81.9100,47,1
2026-06-05,000333,13:47:48,81.9100,17,2
2026-06-05,000333,13:47:51,81.9200,6,1
2026-06-05,000333,13:47:54,81.9100,9,2
2026-06-05,000333,13:47:57,81.9200,25,1
2026-06-05,000333,13:48:00,81.9100,4,2
2026-06-05,000333,13:48:03,81.9100,78,2
2026-06-05,000333,13:48:06,81.8900,19,2
2026-06-05,000333,13:48:09,81.9000,56,1
2026-06-05,000333,13:48:12,81.8800,50,2
2026-06-05,000333,13:48:15,81.9000,6,1
2026-06-05,000333,13:48:18,81.9000,2,1
2026-06-05,000333,13:48:21,81.9000,4,2
2026-06-05,000333,13:48:24,81.9100,5,1
2026-06-05,000333,13:48:27,81.9200,11,1
2026-06-05,000333,13:48:30,81.9200,2,1
2026-06-05,000333,13:48:33,81.9200,36,1
2026-06-05,000333,13:48:36,81.9300,4,1
2026-06-05,000333,13:48:39,81.9200,9,2
2026-06-05,000333,13:48:42,81.9000,39,2
2026-06-05,000333,13:48:45,81.9000,15,2
2026-06-05,000333,13:48:48,81.9000,8,2
2026-06-05,000333,13:48:51,81.9100,12,1
2026-06-05,000333,13:48:54,81.9100,7,2
2026-06-05,000333,13:48:57,81.9100,9,2
2026-06-05,000333,13:49:00,81.9100,63,2
2026-06-05,000333,13:49:03,81.9100,3,2
2026-06-05,000333,13:49:06,81.9100,17,2
2026-06-05,000333,13:49:09,81.9100,1,2
2026-06-05,000333,13:49:12,81.9100,37,2
2026-06-05,000333,13:49:15,81.9100,6,1
2026-06-05,000333,13:49:18,81.9100,7,1
2026-06-05,000333,13:49:21,81.9100,9,1
2026-06-05,000333,13:49:24,81.9000,70,2
2026-06-05,000333,13:49:27,81.9100,9,1
2026-06-05,000333,13:49:30,81.9100,3,2
2026-06-05,000333,13:49:33,81.9100,22,2
2026-06-05,000333,13:49:36,81.9100,2,2
2026-06-05,000333,13:49:39,81.9100,18,2
2026-06-05,000333,13:49:42,81.9000,74,2
2026-06-05,000333,13:49:45,81.9000,51,1
2026-06-05,000333,13:49:48,81.9000,15,1
2026-06-05,000333,13:49:51,81.9000,7,1
2026-06-05,000333,13:49:54,81.9000,19,1
2026-06-05,000333,13:49:57,81.9100,219,1
2026-06-05,000333,13:50:00,81.9000,14,1
2026-06-05,000333,13:50:09,81.8900,5,2
2026-06-05,000333,13:50:12,81.8900,28,2
2026-06-05,000333,13:50:15,81.8900,3,1
2026-06-05,000333,13:50:18,81.8900,26,1
2026-06-05,000333,13:50:21,81.8900,6,1
2026-06-05,000333,13:50:24,81.8900,8,1
2026-06-05,000333,13:50:27,81.8900,17,2
2026-06-05,000333,13:50:30,81.8900,10,2
2026-06-05,000333,13:50:33,81.8900,37,2
2026-06-05,000333,13:50:36,81.9000,12,1
2026-06-05,000333,13:50:39,81.8900,14,2
2026-06-05,000333,13:50:42,81.8900,24,2
2026-06-05,000333,13:50:45,81.8800,7,2
2026-06-05,000333,13:50:48,81.8800,1,2
2026-06-05,000333,13:50:51,81.8800,8,2
2026-06-05,000333,13:50:54,81.8800,9,2
2026-06-05,000333,13:50:57,81.8800,12,2
2026-06-05,000333,13:51:00,81.8800,46,2
2026-06-05,000333,13:51:03,81.8900,7,1
2026-06-05,000333,13:51:06,81.8900,3,2
2026-06-05,000333,13:51:09,81.8900,2,2
2026-06-05,000333,13:51:12,81.8900,205,2
2026-06-05,000333,13:51:15,81.8900,9,2
2026-06-05,000333,13:51:18,81.9000,2,4
2026-06-05,000333,13:51:21,81.9100,2,1
2026-06-05,000333,13:51:24,81.8900,54,2
2026-06-05,000333,13:51:27,81.9100,7,1
2026-06-05,000333,13:51:30,81.9100,15,1
2026-06-05,000333,13:51:33,81.9100,23,2
2026-06-05,000333,13:51:36,81.9100,6,2
2026-06-05,000333,13:51:39,81.9100,12,2
2026-06-05,000333,13:51:42,81.9100,28,2
2026-06-05,000333,13:51:45,81.9100,13,1
2026-06-05,000333,13:51:48,81.9100,5,1
2026-06-05,000333,13:51:51,81.9100,9,1
2026-06-05,000333,13:51:54,81.9100,18,1
2026-06-05,000333,13:51:57,81.9100,11,1
2026-06-05,000333,13:52:00,81.9200,33,1
2026-06-05,000333,13:52:03,81.9100,24,2
2026-06-05,000333,13:52:06,81.9200,3,4
2026-06-05,000333,13:52:09,81.9100,226,2
2026-06-05,000333,13:52:12,81.8900,87,2
2026-06-05,000333,13:52:15,81.8900,147,2
2026-06-05,000333,13:52:18,81.9100,9,1
2026-06-05,000333,13:52:21,81.8800,77,2
2026-06-05,000333,13:52:24,81.8700,100,2
2026-06-05,000333,13:52:27,81.8800,20,1
2026-06-05,000333,13:52:30,81.8800,15,1
2026-06-05,000333,13:52:33,81.8700,60,2
2026-06-05,000333,13:52:36,81.8800,4,4
2026-06-05,000333,13:52:39,81.8700,27,2
2026-06-05,000333,13:52:42,81.9000,64,1
2026-06-05,000333,13:52:45,81.8900,21,1
2026-06-05,000333,13:52:48,81.8900,33,1
2026-06-05,000333,13:52:51,81.8900,17,1
2026-06-05,000333,13:52:54,81.8900,51,2
2026-06-05,000333,13:52:57,81.8900,18,2
2026-06-05,000333,13:53:03,81.9000,11,1
2026-06-05,000333,13:53:06,81.9000,6,1
2026-06-05,000333,13:53:09,81.9000,11,1
2026-06-05,000333,13:53:12,81.8900,51,2
2026-06-05,000333,13:53:15,81.9000,12,1
2026-06-05,000333,13:53:18,81.9000,1,1
2026-06-05,000333,13:53:21,81.8900,10,2
2026-06-05,000333,13:53:27,81.9000,41,1
2026-06-05,000333,13:53:30,81.9000,1,2
2026-06-05,000333,13:53:33,81.9100,14,1
2026-06-05,000333,13:53:36,81.9100,14,2
2026-06-05,000333,13:53:39,81.9200,2,1
2026-06-05,000333,13:53:42,81.9200,58,1
2026-06-05,000333,13:53:45,81.9100,7,1
2026-06-05,000333,13:53:48,81.9100,23,1
2026-06-05,000333,13:53:51,81.8900,129,2
2026-06-05,000333,13:53:54,81.8700,143,2
2026-06-05,000333,13:53:57,81.8500,157,2
2026-06-05,000333,13:54:00,81.8600,21,1
2026-06-05,000333,13:54:03,81.8500,9,2
2026-06-05,000333,13:54:06,81.8500,3,2
2026-06-05,000333,13:54:09,81.8500,12,2
2026-06-05,000333,13:54:12,81.8400,23,2
2026-06-05,000333,13:54:15,81.8300,44,2
2026-06-05,000333,13:54:18,81.8300,24,2
2026-06-05,000333,13:54:21,81.8300,9,2
2026-06-05,000333,13:54:24,81.8300,48,2
2026-06-05,000333,13:54:27,81.8300,56,2
2026-06-05,000333,13:54:30,81.8300,8,2
2026-06-05,000333,13:54:33,81.8300,14,2
2026-06-05,000333,13:54:36,81.8400,13,1
2026-06-05,000333,13:54:39,81.8500,94,1
2026-06-05,000333,13:54:42,81.8500,106,1
2026-06-05,000333,13:54:45,81.8600,25,1
2026-06-05,000333,13:54:48,81.8700,4,1
2026-06-05,000333,13:54:51,81.8700,16,1
2026-06-05,000333,13:54:54,81.8700,33,2
2026-06-05,000333,13:54:57,81.8700,18,2
2026-06-05,000333,13:55:00,81.8700,5,2
2026-06-05,000333,13:55:03,81.8700,27,2
2026-06-05,000333,13:55:09,81.8800,21,1
2026-06-05,000333,13:55:12,81.8800,14,2
2026-06-05,000333,13:55:15,81.8800,22,1
2026-06-05,000333,13:55:18,81.8800,13,1
2026-06-05,000333,13:55:21,81.8700,6,2
2026-06-05,000333,13:55:24,81.8700,18,2
2026-06-05,000333,13:55:27,81.8700,21,1
2026-06-05,000333,13:55:30,81.8700,85,1
2026-06-05,000333,13:55:33,81.8800,62,1
2026-06-05,000333,13:55:36,81.8800,8,1
2026-06-05,000333,13:55:39,81.8900,23,1
2026-06-05,000333,13:55:42,81.8700,37,2
2026-06-05,000333,13:55:45,81.8700,2,2
2026-06-05,000333,13:55:48,81.8700,39,2
2026-06-05,000333,13:55:51,81.8800,124,1
2026-06-05,000333,13:55:54,81.8800,25,1
2026-06-05,000333,13:55:57,81.8900,5,1
2026-06-05,000333,13:56:00,81.8900,19,1
2026-06-05,000333,13:56:03,81.9000,14,1
2026-06-05,000333,13:56:06,81.9000,17,2
2026-06-05,000333,13:56:09,81.8900,15,2
2026-06-05,000333,13:56:12,81.8900,14,2
2026-06-05,000333,13:56:15,81.8800,18,2
2026-06-05,000333,13:56:18,81.8800,18,2
2026-06-05,000333,13:56:21,81.8700,30,2
2026-06-05,000333,13:56:24,81.8800,31,2
2026-06-05,000333,13:56:27,81.8800,8,2
2026-06-05,000333,13:56:30,81.8700,19,2
2026-06-05,000333,13:56:33,81.8700,43,2
2026-06-05,000333,13:56:36,81.8800,23,1
2026-06-05,000333,13:56:39,81.8700,116,2
2026-06-05,000333,13:56:42,81.8700,52,2
2026-06-05,000333,13:56:45,81.8500,46,2
2026-06-05,000333,13:56:48,81.8600,33,4
2026-06-05,000333,13:56:51,81.8900,12,1
2026-06-05,000333,13:56:57,81.8800,2,1
2026-06-05,000333,13:57:00,81.8900,14,1
2026-06-05,000333,13:57:03,81.8800,27,2
2026-06-05,000333,13:57:06,81.8800,36,2
2026-06-05,000333,13:57:09,81.9000,3,1
2026-06-05,000333,13:57:12,81.8800,23,2
2026-06-05,000333,13:57:15,81.8800,1,1
2026-06-05,000333,13:57:18,81.8700,1,2
2026-06-05,000333,13:57:21,81.8800,2,1
2026-06-05,000333,13:57:24,81.8800,57,1
2026-06-05,000333,13:57:27,81.8800,29,1
2026-06-05,000333,13:57:30,81.8900,5,1
2026-06-05,000333,13:57:33,81.8900,12,2
2026-06-05,000333,13:57:36,81.9000,18,1
2026-06-05,000333,13:57:39,81.8900,3,2
2026-06-05,000333,13:57:42,81.8900,44,2
2026-06-05,000333,13:57:45,81.8800,2,2
2026-06-05,000333,13:57:48,81.8900,15,1
2026-06-05,000333,13:57:51,81.8900,2,2
2026-06-05,000333,13:57:54,81.8900,7,2
2026-06-05,000333,13:57:57,81.9300,142,1
2026-06-05,000333,13:58:00,81.9300,18,1
2026-06-05,000333,13:58:03,81.9400,20,1
2026-06-05,000333,13:58:06,81.9200,105,2
2026-06-05,000333,13:58:09,81.9300,2,2
2026-06-05,000333,13:58:12,81.9200,3,2
2026-06-05,000333,13:58:15,81.9100,13,2
2026-06-05,000333,13:58:18,81.9200,88,1
2026-06-05,000333,13:58:21,81.9300,38,1
2026-06-05,000333,13:58:24,81.9300,8,1
2026-06-05,000333,13:58:27,81.9300,7,1
2026-06-05,000333,13:58:30,81.9300,1,1
2026-06-05,000333,13:58:33,81.9200,42,2
2026-06-05,000333,13:58:36,81.9300,5,1
2026-06-05,000333,13:58:39,81.9300,2,1
2026-06-05,000333,13:58:42,81.9200,46,2
2026-06-05,000333,13:58:45,81.9200,46,2
2026-06-05,000333,13:58:48,81.9200,27,1
2026-06-05,000333,13:58:51,81.9200,32,1
2026-06-05,000333,13:58:54,81.9200,20,1
2026-06-05,000333,13:58:57,81.9200,6,1
2026-06-05,000333,13:59:00,81.9200,1,2
2026-06-05,000333,13:59:03,81.9300,72,1
2026-06-05,000333,13:59:06,81.9300,3,1
2026-06-05,000333,13:59:09,81.9600,52,1
2026-06-05,000333,13:59:12,81.9400,20,2
2026-06-05,000333,13:59:15,81.9400,30,1
2026-06-05,000333,13:59:18,81.9400,49,1
2026-06-05,000333,13:59:21,81.9500,5,1
2026-06-05,000333,13:59:27,81.9500,9,1
2026-06-05,000333,13:59:30,81.9500,3,1
2026-06-05,000333,13:59:33,81.9500,39,1
2026-06-05,000333,13:59:36,81.9600,13,1
2026-06-05,000333,13:59:39,81.9500,32,1
2026-06-05,000333,13:59:42,81.9400,21,2
2026-06-05,000333,13:59:45,81.9300,22,2
2026-06-05,000333,13:59:48,81.9300,125,2
2026-06-05,000333,13:59:51,81.9600,356,1
2026-06-05,000333,13:59:54,82.0000,115,1
2026-06-05,000333,13:59:57,82.0200,12,1
2026-06-05,000333,14:00:00,82.0200,15,1
2026-06-05,000333,14:00:03,82.0200,72,1
2026-06-05,000333,14:00:06,82.0000,27,2
2026-06-05,000333,14:00:09,82.0100,19,2
2026-06-05,000333,14:00:12,82.0000,67,2
2026-06-05,000333,14:00:15,81.9800,51,2
2026-06-05,000333,14:00:18,81.9900,9,4
2026-06-05,000333,14:00:21,82.0000,3,1
2026-06-05,000333,14:00:24,81.9800,18,2
2026-06-05,000333,14:00:27,82.0200,135,1
2026-06-05,000333,14:00:30,82.0200,102,2
2026-06-05,000333,14:00:33,81.9900,228,2
2026-06-05,000333,14:00:36,81.9700,7,2
2026-06-05,000333,14:00:39,81.9600,16,2
2026-06-05,000333,14:00:42,81.9500,14,2
2026-06-05,000333,14:00:45,81.9300,16,2
2026-06-05,000333,14:00:48,81.9400,80,1
2026-06-05,000333,14:00:51,82.0300,119,1
2026-06-05,000333,14:00:54,82.0400,67,1
2026-06-05,000333,14:00:57,82.0400,18,1
2026-06-05,000333,14:01:00,82.0400,30,2
2026-06-05,000333,14:01:03,82.0500,19,1
2026-06-05,000333,14:01:06,82.0100,187,2
2026-06-05,000333,14:01:09,82.0100,60,2
2026-06-05,000333,14:01:12,81.9500,18,2
2026-06-05,000333,14:01:15,81.9600,22,2
2026-06-05,000333,14:01:18,81.9800,3,1
2026-06-05,000333,14:01:21,81.9800,1,1
2026-06-05,000333,14:01:24,81.9800,22,1
2026-06-05,000333,14:01:27,82.0100,13,1
2026-06-05,000333,14:01:30,82.0100,11,1
2026-06-05,000333,14:01:33,81.9900,7,2
2026-06-05,000333,14:01:36,82.0000,4,1
2026-06-05,000333,14:01:39,81.9900,1,2
2026-06-05,000333,14:01:42,81.9800,18,2
2026-06-05,000333,14:01:45,81.9700,5,2
2026-06-05,000333,14:01:48,81.9700,32,2
2026-06-05,000333,14:01:51,81.9400,69,2
2026-06-05,000333,14:01:54,81.9500,37,1
2026-06-05,000333,14:01:57,81.9500,74,1
2026-06-05,000333,14:02:03,81.9600,28,1
2026-06-05,000333,14:02:06,81.9700,23,1
2026-06-05,000333,14:02:09,81.9600,9,1
2026-06-05,000333,14:02:12,81.9500,94,2
2026-06-05,000333,14:02:15,81.9500,6,1
2026-06-05,000333,14:02:18,81.9500,71,1
2026-06-05,000333,14:02:21,81.9600,7,1
2026-06-05,000333,14:02:27,81.9700,6,1
2026-06-05,000333,14:02:30,81.9700,4,2
2026-06-05,000333,14:02:33,81.9700,23,2
2026-06-05,000333,14:02:36,81.9900,3,1
2026-06-05,000333,14:02:39,81.9900,6,1
2026-06-05,000333,14:02:42,82.0000,29,1
2026-06-05,000333,14:02:45,81.9800,1,2
2026-06-05,000333,14:02:48,81.9800,55,2
2026-06-05,000333,14:02:51,81.9700,12,2
2026-06-05,000333,14:02:54,81.9800,8,1
2026-06-05,000333,14:02:57,81.9800,21,1
2026-06-05,000333,14:03:03,81.9900,28,1
2026-06-05,000333,14:03:06,81.9900,18,1
2026-06-05,000333,14:03:09,81.9800,45,2
2026-06-05,000333,14:03:12,81.9600,108,2
2026-06-05,000333,14:03:15,81.9600,18,2
2026-06-05,000333,14:03:18,81.9600,28,2
2026-06-05,000333,14:03:21,81.9700,57,1
2026-06-05,000333,14:03:24,81.9600,20,2
2026-06-05,000333,14:03:27,81.9500,29,2
2026-06-05,000333,14:03:30,81.9500,35,2
2026-06-05,000333,14:03:33,81.9400,25,2
2026-06-05,000333,14:03:36,81.9400,1,2
2026-06-05,000333,14:03:39,81.9500,37,1
2026-06-05,000333,14:03:42,81.9400,119,2
2026-06-05,000333,14:03:45,81.9400,30,2
2026-06-05,000333,14:03:48,81.9900,75,1
2026-06-05,000333,14:03:54,82.0000,4,1
2026-06-05,000333,14:03:57,81.9900,31,2
2026-06-05,000333,14:04:00,81.9900,34,2
2026-06-05,000333,14:04:03,82.0000,43,1
2026-06-05,000333,14:04:06,82.0100,105,1
2026-06-05,000333,14:04:09,82.0000,53,2
2026-06-05,000333,14:04:12,81.9700,159,2
2026-06-05,000333,14:04:15,81.9600,10,2
2026-06-05,000333,14:04:18,81.9700,10,1
2026-06-05,000333,14:04:21,81.9700,1,2
2026-06-05,000333,14:04:24,81.9800,14,1
2026-06-05,000333,14:04:27,82.0000,20,1
2026-06-05,000333,14:04:30,81.9600,26,2
2026-06-05,000333,14:04:33,81.9700,3,2
2026-06-05,000333,14:04:36,81.9900,6,1
2026-06-05,000333,14:04:39,81.9900,7,2
2026-06-05,000333,14:04:42,81.9900,28,2
2026-06-05,000333,14:04:45,81.9800,29,2
2026-06-05,000333,14:04:48,81.9800,3,2
2026-06-05,000333,14:04:51,81.9800,22,2
2026-06-05,000333,14:04:54,81.9900,19,1
2026-06-05,000333,14:04:57,81.9900,44,1
2026-06-05,000333,14:05:00,81.9900,1,1
2026-06-05,000333,14:05:03,81.9900,34,1
2026-06-05,000333,14:05:06,81.9900,12,1
2026-06-05,000333,14:05:09,82.0000,13,1
2026-06-05,000333,14:05:12,81.9900,60,2
2026-06-05,000333,14:05:18,82.0100,6,1
2026-06-05,000333,14:05:21,82.0100,6,1
2026-06-05,000333,14:05:27,82.0000,17,2
2026-06-05,000333,14:05:30,82.0100,13,1
2026-06-05,000333,14:05:33,82.0000,22,2
2026-06-05,000333,14:05:36,82.0000,22,2
2026-06-05,000333,14:05:39,82.0100,9,1
2026-06-05,000333,14:05:42,82.0000,46,2
2026-06-05,000333,14:05:45,82.0000,77,2
2026-06-05,000333,14:05:48,82.0000,51,1
2026-06-05,000333,14:05:51,82.0000,8,1
2026-06-05,000333,14:05:54,81.9900,16,2
2026-06-05,000333,14:05:57,81.9900,16,2
2026-06-05,000333,14:06:00,81.9800,4,2
2026-06-05,000333,14:06:03,81.9800,23,2
2026-06-05,000333,14:06:06,81.9800,7,2
2026-06-05,000333,14:06:09,81.9800,1,2
2026-06-05,000333,14:06:12,81.9800,40,2
2026-06-05,000333,14:06:15,81.9800,12,2
2026-06-05,000333,14:06:18,81.9800,121,2
2026-06-05,000333,14:06:21,81.9900,11,1
2026-06-05,000333,10:52:06,82.3700,19,2
2026-06-05,000333,10:52:09,82.3100,69,2
2026-06-05,000333,10:52:12,82.3000,33,2
2026-06-05,000333,10:52:15,82.3300,177,1
2026-06-05,000333,10:52:18,82.3800,64,1
2026-06-05,000333,10:52:21,82.3900,53,2
2026-06-05,000333,10:52:24,82.4100,19,1
2026-06-05,000333,10:52:27,82.4100,30,2
2026-06-05,000333,10:52:30,82.4200,9,1
2026-06-05,000333,10:52:33,82.4300,10,1
2026-06-05,000333,10:52:36,82.4200,2,4
2026-06-05,000333,10:52:39,82.4400,39,1
2026-06-05,000333,10:52:42,82.4400,4,2
2026-06-05,000333,10:52:45,82.4100,2,2
2026-06-05,000333,10:52:48,82.4100,10,2
2026-06-05,000333,10:52:51,82.4300,1,1
2026-06-05,000333,10:52:54,82.4200,29,1
2026-06-05,000333,10:52:57,82.4300,6,1
2026-06-05,000333,10:53:00,82.4300,58,1
2026-06-05,000333,10:53:03,82.4500,96,1
2026-06-05,000333,10:53:06,82.4400,13,2
2026-06-05,000333,10:53:09,82.4500,3,1
2026-06-05,000333,10:53:12,82.4300,25,2
2026-06-05,000333,10:53:15,82.4300,14,1
2026-06-05,000333,10:53:18,82.4500,8,1
2026-06-05,000333,10:53:21,82.4300,1,1
2026-06-05,000333,10:53:24,82.4300,19,2
2026-06-05,000333,10:53:30,82.4500,4,1
2026-06-05,000333,10:53:33,82.4600,8,1
2026-06-05,000333,10:53:39,82.4500,1,4
2026-06-05,000333,10:53:42,82.4400,55,2
2026-06-05,000333,10:53:45,82.4300,7,2
2026-06-05,000333,10:53:48,82.4300,5,2
2026-06-05,000333,10:53:51,82.4300,10,2
2026-06-05,000333,10:53:54,82.4200,20,2
2026-06-05,000333,10:53:57,82.4100,15,2
2026-06-05,000333,10:54:00,82.3800,18,2
2026-06-05,000333,10:54:03,82.4100,95,1
2026-06-05,000333,10:54:06,82.4000,8,2
2026-06-05,000333,10:54:09,82.4100,6,1
2026-06-05,000333,10:54:12,82.4100,14,2
2026-06-05,000333,10:54:15,82.4000,3,2
2026-06-05,000333,10:54:18,82.4100,209,1
2026-06-05,000333,10:54:21,82.4200,6,1
2026-06-05,000333,10:54:24,82.4200,35,1
2026-06-05,000333,10:54:27,82.4200,42,1
2026-06-05,000333,10:54:30,82.4200,11,1
2026-06-05,000333,10:54:33,82.4100,39,2
2026-06-05,000333,10:54:36,82.4100,1,4
2026-06-05,000333,10:54:42,82.4000,27,2
2026-06-05,000333,10:54:45,82.4000,41,1
2026-06-05,000333,10:54:48,82.3500,51,2
2026-06-05,000333,10:54:51,82.3400,11,2
2026-06-05,000333,10:54:54,82.3600,45,1
2026-06-05,000333,10:54:57,82.3700,17,1
2026-06-05,000333,10:55:00,82.3700,16,1
2026-06-05,000333,10:55:03,82.3500,38,1
2026-06-05,000333,10:55:06,82.3400,29,2
2026-06-05,000333,10:55:09,82.3600,10,1
2026-06-05,000333,10:55:12,82.3600,9,2
2026-06-05,000333,10:55:15,82.3900,69,1
2026-06-05,000333,10:55:18,82.3700,93,2
2026-06-05,000333,10:55:21,82.3700,14,2
2026-06-05,000333,10:55:24,82.3800,19,1
2026-06-05,000333,10:55:27,82.4000,11,1
2026-06-05,000333,10:55:30,82.4100,9,1
2026-06-05,000333,10:55:33,82.3800,38,2
2026-06-05,000333,10:55:36,82.3800,12,2
2026-06-05,000333,10:55:39,82.3600,29,2
2026-06-05,000333,10:55:42,82.3600,16,2
2026-06-05,000333,10:55:45,82.3500,50,2
2026-06-05,000333,10:55:48,82.3900,83,1
2026-06-05,000333,10:55:51,82.3800,12,2
2026-06-05,000333,10:55:54,82.4100,6,1
2026-06-05,000333,10:55:57,82.4000,8,2
2026-06-05,000333,10:56:00,82.3900,35,2
2026-06-05,000333,10:56:03,82.3800,8,2
2026-06-05,000333,10:56:06,82.3700,4,2
2026-06-05,000333,10:56:09,82.4100,17,1
2026-06-05,000333,10:56:12,82.4200,73,1
2026-06-05,000333,10:56:15,82.4100,17,1
2026-06-05,000333,10:56:18,82.4100,21,1
2026-06-05,000333,10:56:21,82.4300,6,1
2026-06-05,000333,10:56:24,82.4300,10,1
2026-06-05,000333,10:56:27,82.4300,17,1
2026-06-05,000333,10:56:30,82.4400,10,1
2026-06-05,000333,10:56:33,82.4300,18,2
2026-06-05,000333,10:56:36,82.4400,1,1
2026-06-05,000333,10:56:39,82.4300,5,4
2026-06-05,000333,10:56:42,82.4200,5,2
2026-06-05,000333,10:56:45,82.4200,27,1
2026-06-05,000333,10:56:48,82.4100,3,2
2026-06-05,000333,10:56:51,82.4000,7,2
2026-06-05,000333,10:56:54,82.4000,33,2
2026-06-05,000333,10:56:57,82.4000,49,2
2026-06-05,000333,10:57:00,82.4000,40,2
2026-06-05,000333,10:57:03,82.3700,33,2
2026-06-05,000333,10:57:06,82.3900,3,1
2026-06-05,000333,10:57:12,82.3700,18,2
2026-06-05,000333,10:57:15,82.3500,22,2
2026-06-05,000333,10:57:18,82.3500,144,1
2026-06-05,000333,10:57:21,82.3600,18,1
2026-06-05,000333,10:57:24,82.3900,20,1
2026-06-05,000333,10:57:27,82.3500,136,2
2026-06-05,000333,10:57:30,82.3700,598,1
2026-06-05,000333,10:57:33,82.3800,51,2
2026-06-05,000333,10:57:36,82.3800,24,2
2026-06-05,000333,10:57:39,82.3700,4,2
2026-06-05,000333,10:57:42,82.3500,438,2
2026-06-05,000333,10:57:45,82.3500,33,2
2026-06-05,000333,10:57:51,82.3500,5,2
2026-06-05,000333,10:57:54,82.3600,49,1
2026-06-05,000333,10:57:57,82.3500,2,2
2026-06-05,000333,10:58:03,82.3600,163,1
2026-06-05,000333,10:58:06,82.3700,25,1
2026-06-05,000333,10:58:09,82.3700,25,1
2026-06-05,000333,10:58:12,82.4100,69,1
2026-06-05,000333,10:58:15,82.4100,4,1
2026-06-05,000333,10:58:18,82.4200,9,1
2026-06-05,000333,10:58:21,82.4100,1,1
2026-06-05,000333,10:58:24,82.3900,11,2
2026-06-05,000333,10:58:27,82.3900,27,2
2026-06-05,000333,10:58:30,82.4100,20,1
2026-06-05,000333,10:58:33,82.4200,16,1
2026-06-05,000333,10:58:36,82.4100,2,2
2026-06-05,000333,10:58:39,82.4200,10,1
2026-06-05,000333,10:58:42,82.4100,5,2
2026-06-05,000333,10:58:45,82.4000,46,2
2026-06-05,000333,10:58:48,82.4000,2,2
2026-06-05,000333,10:58:51,82.4000,1,2
2026-06-05,000333,10:58:54,82.3800,13,2
2026-06-05,000333,10:58:57,82.4000,20,1
2026-06-05,000333,10:59:00,82.3900,33,1
2026-06-05,000333,10:59:03,82.4000,13,1
2026-06-05,000333,10:59:06,82.3900,9,4
2026-06-05,000333,10:59:12,82.3800,44,2
2026-06-05,000333,10:59:15,82.3600,91,2
2026-06-05,000333,10:59:18,82.3600,40,2
2026-06-05,000333,10:59:21,82.3600,12,1
2026-06-05,000333,10:59:24,82.3600,21,1
2026-06-05,000333,10:59:27,82.3600,21,1
2026-06-05,000333,10:59:30,82.3600,38,1
2026-06-05,000333,10:59:33,82.3600,46,1
2026-06-05,000333,10:59:36,82.3600,14,1
2026-06-05,000333,10:59:39,82.3700,4,1
2026-06-05,000333,10:59:42,82.3600,69,2
2026-06-05,000333,10:59:45,82.3600,47,2
2026-06-05,000333,10:59:48,82.3600,42,2
2026-06-05,000333,10:59:51,82.3600,28,2
2026-06-05,000333,10:59:54,82.3500,150,2
2026-06-05,000333,10:59:57,82.3300,2,2
2026-06-05,000333,11:00:00,82.3400,8,1
2026-06-05,000333,11:00:03,82.3400,9,1
2026-06-05,000333,11:00:06,82.3600,33,1
2026-06-05,000333,11:00:09,82.3700,2,1
2026-06-05,000333,11:00:12,82.3600,16,2
2026-06-05,000333,11:00:15,82.3900,48,1
2026-06-05,000333,11:00:18,82.3900,19,1
2026-06-05,000333,11:00:21,82.3900,2,2
2026-06-05,000333,11:00:24,82.4000,30,1
2026-06-05,000333,11:00:27,82.3900,39,1
2026-06-05,000333,11:00:33,82.4000,7,2
2026-06-05,000333,11:00:36,82.3900,1,2
2026-06-05,000333,11:00:39,82.3900,10,2
2026-06-05,000333,11:00:42,82.3900,51,2
2026-06-05,000333,11:00:45,82.4000,28,1
2026-06-05,000333,11:00:48,82.4200,7,1
2026-06-05,000333,11:00:51,82.4200,3,1
2026-06-05,000333,11:00:54,82.4200,13,1
2026-06-05,000333,11:00:57,82.4200,17,1
2026-06-05,000333,11:01:00,82.4100,9,2
2026-06-05,000333,11:01:03,82.4100,8,2
2026-06-05,000333,11:01:09,82.4200,1,1
2026-06-05,000333,11:01:12,82.4100,48,2
2026-06-05,000333,11:01:18,82.4000,10,2
2026-06-05,000333,11:01:21,82.4100,23,1
2026-06-05,000333,11:01:24,82.4100,14,1
2026-06-05,000333,11:01:27,82.4100,46,1
2026-06-05,000333,11:01:30,82.4200,19,1
2026-06-05,000333,11:01:33,82.4200,4,2
2026-06-05,000333,11:01:36,82.4200,23,2
2026-06-05,000333,11:01:39,82.4100,27,2
2026-06-05,000333,11:01:42,82.4100,15,2
2026-06-05,000333,11:01:45,82.3900,15,2
2026-06-05,000333,11:01:48,82.3800,11,2
2026-06-05,000333,11:01:51,82.3700,3,2
2026-06-05,000333,11:01:54,82.3800,13,1
2026-06-05,000333,11:01:57,82.3800,4,1
2026-06-05,000333,11:02:00,82.3700,9,2
2026-06-05,000333,11:02:03,82.3700,15,2
2026-06-05,000333,11:02:06,82.3600,65,2
2026-06-05,000333,11:02:09,82.3600,1,2
2026-06-05,000333,11:02:12,82.3600,4,2
2026-06-05,000333,11:02:15,82.3400,39,2
2026-06-05,000333,11:02:21,82.3400,10,1
2026-06-05,000333,11:02:24,82.3500,27,1
2026-06-05,000333,11:02:27,82.3600,100,1
2026-06-05,000333,11:02:30,82.3700,18,1
2026-06-05,000333,11:02:33,82.3800,10,1
2026-06-05,000333,11:02:36,82.3700,43,2
2026-06-05,000333,11:02:39,82.3700,15,2
2026-06-05,000333,11:02:42,82.3600,3,2
2026-06-05,000333,11:02:45,82.3600,7,1
2026-06-05,000333,11:02:48,82.3500,2,2
2026-06-05,000333,11:02:51,82.3500,18,2
2026-06-05,000333,11:02:54,82.3600,13,1
2026-06-05,000333,11:02:57,82.3500,1,2
2026-06-05,000333,11:03:03,82.3500,56,2
2026-06-05,000333,11:03:06,82.3500,5,2
2026-06-05,000333,11:03:09,82.3600,1,1
2026-06-05,000333,11:03:12,82.3500,45,2
2026-06-05,000333,11:03:15,82.3600,12,1
2026-06-05,000333,11:03:18,82.3500,2,2
2026-06-05,000333,11:03:21,82.3600,1,1
2026-06-05,000333,11:03:24,82.3600,33,1
2026-06-05,000333,11:03:27,82.3500,11,2
2026-06-05,000333,11:03:33,82.3500,3,2
2026-06-05,000333,11:03:42,82.3500,48,2
2026-06-05,000333,11:03:45,82.3500,1,2
2026-06-05,000333,11:03:48,82.3500,9,2
2026-06-05,000333,11:03:51,82.3500,12,2
2026-06-05,000333,11:03:54,82.3600,15,1
2026-06-05,000333,11:03:57,82.3600,3,1
2026-06-05,000333,11:04:03,82.3600,29,1
2026-06-05,000333,11:04:09,82.3600,2,1
2026-06-05,000333,11:04:12,82.3600,100,1
2026-06-05,000333,11:04:15,82.3700,4,1
2026-06-05,000333,11:04:18,82.3700,47,1
2026-06-05,000333,11:04:21,82.3800,5,1
2026-06-05,000333,11:04:24,82.4100,27,1
2026-06-05,000333,11:04:27,82.3900,30,2
2026-06-05,000333,11:04:30,82.3800,17,2
2026-06-05,000333,11:04:33,82.3700,5,2
2026-06-05,000333,11:04:36,82.3500,46,2
2026-06-05,000333,11:04:39,82.3500,9,2
2026-06-05,000333,11:04:42,82.3500,54,2
2026-06-05,000333,11:04:45,82.3400,24,2
2026-06-05,000333,11:04:48,82.3400,25,2
2026-06-05,000333,11:04:51,82.3000,213,2
2026-06-05,000333,11:04:54,82.2900,12,2
2026-06-05,000333,11:04:57,82.2800,13,2
2026-06-05,000333,11:05:00,82.2800,4,2
2026-06-05,000333,11:05:03,82.2800,12,2
2026-06-05,000333,11:05:06,82.2800,8,2
2026-06-05,000333,11:05:09,82.2800,8,2
2026-06-05,000333,11:05:12,82.2800,12,2
2026-06-05,000333,11:05:15,82.2800,23,1
2026-06-05,000333,11:05:18,82.2800,10,1
2026-06-05,000333,11:05:21,82.2800,4,1
2026-06-05,000333,11:05:24,82.2800,32,1
2026-06-05,000333,11:05:27,82.2800,5,1
2026-06-05,000333,11:05:30,82.2800,8,1
2026-06-05,000333,11:05:33,82.2800,49,1
2026-06-05,000333,11:05:36,82.2800,2,2
2026-06-05,000333,11:05:39,82.2700,5,2
2026-06-05,000333,11:05:42,82.2700,26,2
2026-06-05,000333,11:05:45,82.2500,19,2
2026-06-05,000333,11:05:48,82.2600,8,4
2026-06-05,000333,11:05:51,82.2600,4,1
2026-06-05,000333,11:05:54,82.2600,6,1
2026-06-05,000333,11:05:57,82.2600,16,1
2026-06-05,000333,11:06:00,82.2600,45,1
2026-06-05,000333,11:06:03,82.2800,11,1
2026-06-05,000333,11:06:06,82.3000,121,1
2026-06-05,000333,11:06:09,82.3000,2,4
2026-06-05,000333,11:06:12,82.3000,10,2
2026-06-05,000333,11:06:15,82.2900,6,2
2026-06-05,000333,11:06:18,82.3000,3,1
2026-06-05,000333,11:06:21,82.3000,137,1
2026-06-05,000333,11:06:24,82.2900,8,4
2026-06-05,000333,11:06:27,82.2800,15,2
2026-06-05,000333,11:06:30,82.2800,20,2
2026-06-05,000333,11:06:33,82.2800,58,2
2026-06-05,000333,11:06:36,82.2800,22,2
2026-06-05,000333,11:06:39,82.2700,5,2
2026-06-05,000333,11:06:42,82.2700,47,2
2026-06-05,000333,11:06:45,82.2700,12,2
2026-06-05,000333,11:06:48,82.2700,19,1
2026-06-05,000333,11:06:51,82.2700,4,2
2026-06-05,000333,11:06:54,82.2800,6,1
2026-06-05,000333,11:06:57,82.2800,2,1
2026-06-05,000333,11:07:00,82.2700,6,2
2026-06-05,000333,11:07:03,82.2700,10,2
2026-06-05,000333,11:07:06,82.2800,75,1
2026-06-05,000333,11:07:09,82.2800,58,2
2026-06-05,000333,11:07:12,82.2600,31,2
2026-06-05,000333,11:07:15,82.2600,4,1
2026-06-05,000333,11:07:18,82.2600,2,1
2026-06-05,000333,11:07:21,82.2600,6,1
2026-06-05,000333,11:07:24,82.2700,14,1
2026-06-05,000333,11:07:27,82.2800,23,1
2026-06-05,000333,11:07:30,82.2800,74,1
2026-06-05,000333,11:07:33,82.2800,72,1
2026-06-05,000333,11:07:36,82.2900,12,1
2026-06-05,000333,11:07:39,82.2800,65,2
2026-06-05,000333,11:07:42,82.2700,32,2
2026-06-05,000333,11:07:45,82.2700,6,1
2026-06-05,000333,11:07:48,82.2700,27,1
2026-06-05,000333,11:07:51,82.2700,2,2
2026-06-05,000333,11:07:54,82.2800,13,1
2026-06-05,000333,11:07:57,82.2800,25,2
2026-06-05,000333,11:08:03,82.2600,5,2
2026-06-05,000333,11:08:06,82.2600,195,2
2026-06-05,000333,11:08:09,82.2500,14,2
2026-06-05,000333,11:08:12,82.2400,50,4
2026-06-05,000333,11:08:15,82.2200,2,2
2026-06-05,000333,11:08:18,82.2300,23,1
2026-06-05,000333,11:08:21,82.2300,11,1
2026-06-05,000333,11:08:24,82.2200,9,2
2026-06-05,000333,11:08:27,82.2200,5,2
2026-06-05,000333,11:08:30,82.2300,47,1
2026-06-05,000333,11:08:33,82.2500,34,1
2026-06-05,000333,11:08:36,82.2500,1,1
2026-06-05,000333,11:08:39,82.2500,1,1
2026-06-05,000333,11:08:42,82.2400,14,2
2026-06-05,000333,11:08:45,82.2400,22,1
2026-06-05,000333,11:08:48,82.2300,7,2
2026-06-05,000333,11:08:51,82.2400,14,1
2026-06-05,000333,11:08:54,82.2400,16,1
2026-06-05,000333,11:08:57,82.2300,26,2
2026-06-05,000333,11:09:00,82.2300,1,1
2026-06-05,000333,11:09:03,82.2300,12,1
2026-06-05,000333,11:09:06,82.2400,13,1
2026-06-05,000333,11:09:09,82.2300,2,2
2026-06-05,000333,11:09:12,82.2300,9,2
2026-06-05,000333,11:09:18,82.2300,18,1
2026-06-05,000333,11:09:21,82.2300,48,1
2026-06-05,000333,11:09:24,82.2300,46,1
2026-06-05,000333,11:09:27,82.2400,44,1
2026-06-05,000333,11:09:30,82.2400,18,2
2026-06-05,000333,11:09:33,82.2400,39,2
2026-06-05,000333,11:09:36,82.2500,56,1
2026-06-05,000333,11:09:39,82.2700,6,2
2026-06-05,000333,11:09:42,82.2800,24,2
2026-06-05,000333,11:09:45,82.2700,3,2
2026-06-05,000333,11:09:48,82.2800,55,1
2026-06-05,000333,11:09:51,82.2600,25,2
2026-06-05,000333,11:09:54,82.2700,21,1
2026-06-05,000333,11:09:57,82.2500,16,2
2026-06-05,000333,11:10:00,82.2600,10,1
2026-06-05,000333,11:10:03,82.2600,3,2
2026-06-05,000333,11:10:06,82.2700,13,1
2026-06-05,000333,11:10:09,82.2700,5,2
2026-06-05,000333,11:10:12,82.2700,6,2
2026-06-05,000333,11:10:15,82.2600,20,2
2026-06-05,000333,11:10:18,82.2700,10,1
2026-06-05,000333,11:10:21,82.2700,8,1
2026-06-05,000333,11:10:24,82.2700,18,1
2026-06-05,000333,11:10:27,82.2600,38,2
2026-06-05,000333,11:10:30,82.2700,5,1
2026-06-05,000333,11:10:33,82.2800,16,1
2026-06-05,000333,11:10:36,82.3000,33,1
2026-06-05,000333,11:10:39,82.3000,5,1
2026-06-05,000333,11:10:42,82.2900,17,2
2026-06-05,000333,11:10:45,82.2900,4,1
2026-06-05,000333,11:10:48,82.2800,18,2
2026-06-05,000333,11:10:51,82.2800,26,2
2026-06-05,000333,11:10:54,82.2800,13,1
2026-06-05,000333,11:10:57,82.2800,25,1
2026-06-05,000333,11:11:03,82.2900,45,1
2026-06-05,000333,11:11:06,82.2800,1,2
2026-06-05,000333,11:11:09,82.2800,18,2
2026-06-05,000333,11:11:12,82.2800,54,2
2026-06-05,000333,11:11:15,82.2700,8,2
2026-06-05,000333,11:11:18,82.2700,10,2
2026-06-05,000333,11:11:21,82.2700,3,2
2026-06-05,000333,11:11:24,82.2800,27,1
2026-06-05,000333,11:11:27,82.2800,16,1
2026-06-05,000333,11:11:33,82.2800,4,1
2026-06-05,000333,11:11:42,82.2700,41,2
2026-06-05,000333,11:11:45,82.2700,5,2
2026-06-05,000333,11:11:48,82.2800,21,1
2026-06-05,000333,11:11:51,82.2800,29,1
2026-06-05,000333,11:11:54,82.2700,10,2
2026-06-05,000333,11:11:57,82.2700,4,2
2026-06-05,000333,11:12:03,82.2700,14,2
2026-06-05,000333,11:12:06,82.2700,3,2
2026-06-05,000333,11:12:12,82.2700,51,2
2026-06-05,000333,11:12:15,82.2700,2,1
2026-06-05,000333,11:12:18,82.2600,3,2
2026-06-05,000333,11:12:21,82.2700,4,1
2026-06-05,000333,11:12:24,82.2700,10,1
2026-06-05,000333,11:12:27,82.2700,16,1
2026-06-05,000333,11:12:30,82.2700,5,1
2026-06-05,000333,11:12:33,82.2600,68,2
2026-06-05,000333,11:12:36,82.2600,30,2
2026-06-05,000333,11:12:39,82.2600,9,2
2026-06-05,000333,11:12:42,82.2600,35,2
2026-06-05,000333,11:12:45,82.2500,3,2
2026-06-05,000333,11:12:48,82.2500,3,2
2026-06-05,000333,11:12:51,82.2500,3,2
2026-06-05,000333,11:12:54,82.2600,13,1
2026-06-05,000333,11:13:00,82.2600,44,1
2026-06-05,000333,11:13:03,82.2800,50,1
2026-06-05,000333,11:13:06,82.2700,123,2
2026-06-05,000333,11:13:09,82.2700,10,2
2026-06-05,000333,11:13:12,82.2700,38,2
2026-06-05,000333,11:13:15,82.3100,68,1
2026-06-05,000333,11:13:18,82.2800,78,1
2026-06-05,000333,11:13:21,82.2800,6,2
2026-06-05,000333,11:13:24,82.2900,24,1
2026-06-05,000333,11:13:27,82.2800,14,1
2026-06-05,000333,11:13:36,82.2900,3,1
2026-06-05,000333,11:13:39,82.2800,2,2
2026-06-05,000333,11:13:42,82.2900,101,1
2026-06-05,000333,11:13:45,82.2800,60,2
2026-06-05,000333,11:13:48,82.2900,10,1
2026-06-05,000333,11:13:51,82.2800,4,2
2026-06-05,000333,11:13:54,82.2900,10,1
2026-06-05,000333,11:13:57,82.2900,13,1
2026-06-05,000333,11:14:00,82.3000,3,1
2026-06-05,000333,11:14:03,82.3000,6,1
2026-06-05,000333,11:14:06,82.2900,3,2
2026-06-05,000333,11:14:09,82.3000,12,1
2026-06-05,000333,11:14:12,82.3000,28,1
2026-06-05,000333,11:14:15,82.2800,3,2
2026-06-05,000333,11:14:18,82.2900,5,1
2026-06-05,000333,11:14:24,82.2900,5,1
2026-06-05,000333,11:14:27,82.2900,15,1
2026-06-05,000333,11:14:30,82.2900,19,1
2026-06-05,000333,11:14:33,82.2900,59,1
2026-06-05,000333,11:14:36,82.3100,9,1
2026-06-05,000333,11:14:39,82.3000,1,1
2026-06-05,000333,11:14:42,82.2700,87,2
2026-06-05,000333,11:14:45,82.2700,3,2
2026-06-05,000333,11:14:48,82.2700,12,2
2026-06-05,000333,11:14:51,82.2700,2,1
2026-06-05,000333,11:14:54,82.2700,9,1
2026-06-05,000333,11:14:57,82.2800,7,1
2026-06-05,000333,11:15:00,82.2600,9,2
2026-06-05,000333,11:15:03,82.2600,6,2
2026-06-05,000333,11:15:06,82.2600,2,2
2026-06-05,000333,11:15:09,82.2700,5,4
2026-06-05,000333,11:15:12,82.2600,18,2
2026-06-05,000333,11:15:15,82.2600,9,1
2026-06-05,000333,11:15:18,82.2600,6,1
2026-06-05,000333,11:15:21,82.2400,62,2
2026-06-05,000333,11:15:24,82.2300,42,2
2026-06-05,000333,11:15:27,82.2100,22,2
2026-06-05,000333,11:15:30,82.2100,7,2
2026-06-05,000333,11:15:33,82.1900,378,2
2026-06-05,000333,11:15:36,82.1800,44,2
2026-06-05,000333,11:15:39,82.1800,27,2
2026-06-05,000333,11:15:42,82.1700,4,2
2026-06-05,000333,11:15:45,82.1700,11,1
2026-06-05,000333,11:15:48,82.1700,26,1
2026-06-05,000333,11:15:51,82.1600,10,2
2026-06-05,000333,11:15:54,82.1700,157,1
2026-06-05,000333,11:15:57,82.1800,54,1
2026-06-05,000333,11:16:00,82.1900,143,4
2026-06-05,000333,11:16:03,82.1800,97,2
2026-06-05,000333,11:16:06,82.2100,4,1
2026-06-05,000333,11:16:09,82.1900,7,2
2026-06-05,000333,11:16:12,82.1900,14,2
2026-06-05,000333,11:16:15,82.1900,7,1
2026-06-05,000333,11:16:18,82.1900,30,1
2026-06-05,000333,11:16:21,82.1800,6,2
2026-06-05,000333,11:16:24,82.1900,13,1
2026-06-05,000333,11:16:27,82.1800,30,2
2026-06-05,000333,11:16:30,82.1900,17,1
2026-06-05,000333,11:16:33,82.2100,31,1
2026-06-05,000333,11:16:36,82.1900,18,2
2026-06-05,000333,11:16:39,82.1900,3,2
2026-06-05,000333,11:16:42,82.1900,19,2
2026-06-05,000333,11:16:48,82.1900,9,1
2026-06-05,000333,11:16:51,82.1900,17,1
2026-06-05,000333,11:16:54,82.1900,16,1
2026-06-05,000333,11:16:57,82.1900,9,1
2026-06-05,000333,11:17:00,82.1900,19,1
2026-06-05,000333,11:17:03,82.1800,14,2
2026-06-05,000333,11:17:06,82.1800,12,2
2026-06-05,000333,11:17:09,82.1800,35,2
2026-06-05,000333,11:17:12,82.1800,42,2
2026-06-05,000333,11:17:15,82.1700,7,2
2026-06-05,000333,11:17:18,82.1500,183,2
2026-06-05,000333,11:17:21,82.1500,49,2
2026-06-05,000333,11:17:24,82.1500,16,1
2026-06-05,000333,11:17:27,82.1400,4,2
2026-06-05,000333,11:17:30,82.1500,18,1
2026-06-05,000333,11:17:33,82.1500,4,1
2026-06-05,000333,11:17:36,82.1500,10,1
2026-06-05,000333,11:17:39,82.1300,23,2
2026-06-05,000333,11:17:42,82.1300,64,2
2026-06-05,000333,11:17:45,82.1300,51,2
2026-06-05,000333,11:17:48,82.0900,390,2
2026-06-05,000333,11:17:51,82.1000,49,1
2026-06-05,000333,11:17:54,82.0900,10,2
2026-06-05,000333,11:17:57,82.1000,95,1
2026-06-05,000333,11:18:00,82.1000,8,4
2026-06-05,000333,11:18:03,82.1100,23,1
2026-06-05,000333,11:18:06,82.1100,119,2
2026-06-05,000333,11:18:09,82.0800,3,2
2026-06-05,000333,11:18:12,82.0700,17,2
2026-06-05,000333,11:18:18,82.0700,8,1
2026-06-05,000333,11:18:21,82.0700,20,1
2026-06-05,000333,11:18:24,82.0700,6,1
2026-06-05,000333,11:18:27,82.0700,80,1
2026-06-05,000333,11:18:30,82.0700,63,2
2026-06-05,000333,11:18:33,82.0700,79,1
2026-06-05,000333,11:18:36,82.0600,34,2
2026-06-05,000333,11:18:39,82.0700,20,1
2026-06-05,000333,11:18:42,82.0600,45,2
2026-06-05,000333,11:18:45,82.0700,4,1
2026-06-05,000333,11:18:48,82.0700,15,1
2026-06-05,000333,11:18:51,82.0700,53,1
2026-06-05,000333,11:18:54,82.0700,30,1
2026-06-05,000333,11:18:57,82.0700,81,1
2026-06-05,000333,11:19:00,82.0600,17,2
2026-06-05,000333,11:19:03,82.0500,8,2
2026-06-05,000333,11:19:06,82.0600,8,1
2026-06-05,000333,11:19:09,82.0600,24,1
