date,code,time,price,volume,bs
2026-01-07,000858,14:05:33,107.6100,2,2
2026-01-07,000858,14:05:39,107.6100,6,2
2026-01-07,000858,14:05:42,107.6100,2,2
2026-01-07,000858,14:05:45,107.6100,1,1
2026-01-07,000858,14:05:48,107.6100,4,1
2026-01-07,000858,14:05:51,107.6200,19,1
2026-01-07,000858,14:05:54,107.6100,4,2
2026-01-07,000858,14:05:57,107.6100,14,2
2026-01-07,000858,14:06:00,107.6200,3,4
2026-01-07,000858,14:06:03,107.6200,1,1
2026-01-07,000858,14:06:06,107.6200,7,1
2026-01-07,000858,14:06:09,107.6200,7,2
2026-01-07,000858,14:06:15,107.6100,30,2
2026-01-07,000858,14:06:18,107.6200,1,1
2026-01-07,000858,14:06:21,107.6100,6,2
2026-01-07,000858,14:06:30,107.6500,30,1
2026-01-07,000858,14:06:33,107.6500,3,2
2026-01-07,000858,14:06:36,107.6100,33,2
2026-01-07,000858,14:06:39,107.6100,1,2
2026-01-07,000858,14:06:45,107.6100,30,2
2026-01-07,000858,14:06:48,107.6300,5,1
2026-01-07,000858,14:06:51,107.6400,1,1
2026-01-07,000858,14:06:54,107.6100,14,2
2026-01-07,000858,14:06:57,107.6000,6,2
2026-01-07,000858,14:07:00,107.6000,28,2
2026-01-07,000858,14:07:03,107.6000,2,2
2026-01-07,000858,14:07:06,107.6000,16,2
2026-01-07,000858,14:07:09,107.6000,45,2
2026-01-07,000858,14:07:12,107.6000,67,1
2026-01-07,000858,14:07:15,107.5900,7,2
2026-01-07,000858,14:07:18,107.6000,3,1
2026-01-07,000858,14:07:21,107.5900,9,2
2026-01-07,000858,14:07:24,107.6000,3,1
2026-01-07,000858,14:07:27,107.5900,7,2
2026-01-07,000858,14:07:30,107.6000,8,1
2026-01-07,000858,14:07:33,107.6000,9,1
2026-01-07,000858,14:07:36,107.5900,6,2
2026-01-07,000858,14:07:39,107.5900,12,2
2026-01-07,000858,14:07:42,107.6000,3,1
2026-01-07,000858,14:07:48,107.6000,21,1
2026-01-07,000858,14:07:51,107.5900,17,2
2026-01-07,000858,14:07:54,107.6000,9,1
2026-01-07,000858,14:07:57,107.6000,11,2
2026-01-07,000858,14:08:00,107.6000,14,1
2026-01-07,000858,14:08:03,107.6000,5,1
2026-01-07,000858,14:08:06,107.6000,6,1
2026-01-07,000858,14:08:09,107.5900,9,2
2026-01-07,000858,14:08:12,107.6000,50,1
2026-01-07,000858,14:08:15,107.5900,81,2
2026-01-07,000858,14:08:18,107.5900,77,2
2026-01-07,000858,14:08:21,107.6000,14,1
2026-01-07,000858,14:08:24,107.6000,10,1
2026-01-07,000858,14:08:27,107.6000,6,2
2026-01-07,000858,14:08:30,107.5800,49,2
2026-01-07,000858,14:08:33,107.6000,5,1
2026-01-07,000858,14:08:36,107.5900,6,2
2026-01-07,000858,14:08:39,107.5800,12,2
2026-01-07,000858,14:08:45,107.5800,19,2
2026-01-07,000858,14:08:48,107.5800,21,2
2026-01-07,000858,14:08:51,107.5800,70,2
2026-01-07,000858,14:08:54,107.5700,1,2
2026-01-07,000858,14:08:57,107.5800,13,1
2026-01-07,000858,14:09:00,107.5700,7,1
2026-01-07,000858,14:09:03,107.5700,10,1
2026-01-07,000858,14:09:09,107.5700,5,1
2026-01-07,000858,14:09:12,107.5600,36,2
2026-01-07,000858,14:09:15,107.5700,5,1
2026-01-07,000858,14:09:18,107.5600,20,2
2026-01-07,000858,14:09:21,107.5600,28,2
2026-01-07,000858,14:09:24,107.5500,37,2
2026-01-07,000858,14:09:27,107.5600,42,1
2026-01-07,000858,14:09:30,107.5600,4,1
2026-01-07,000858,14:09:33,107.5600,6,1
2026-01-07,000858,14:09:36,107.5600,23,2
2026-01-07,000858,14:09:39,107.5700,17,1
2026-01-07,000858,14:09:42,107.5600,111,2
2026-01-07,000858,14:09:48,107.5600,7,2
2026-01-07,000858,14:09:51,107.5600,12,2
2026-01-07,000858,14:09:54,107.5600,10,2
2026-01-07,000858,14:09:57,107.5500,38,2
2026-01-07,000858,14:10:00,107.5700,11,1
2026-01-07,000858,14:10:03,107.5700,4,2
2026-01-07,000858,14:10:06,107.5700,5,1
2026-01-07,000858,14:10:09,107.5700,3,2
2026-01-07,000858,14:10:12,107.5700,23,2
2026-01-07,000858,14:10:15,107.5700,11,2
2026-01-07,000858,14:10:18,107.5700,8,2
2026-01-07,000858,14:10:21,107.5800,6,1
2026-01-07,000858,14:10:24,107.5700,7,2
2026-01-07,000858,14:10:27,107.5700,6,1
2026-01-07,000858,14:10:30,107.5700,20,1
2026-01-07,000858,14:10:33,107.5800,56,1
2026-01-07,000858,14:10:36,107.5700,4,2
2026-01-07,000858,14:10:39,107.5700,9,2
2026-01-07,000858,14:10:42,107.5800,3,1
2026-01-07,000858,14:10:45,107.5700,20,2
2026-01-07,000858,14:10:48,107.5700,7,2
2026-01-07,000858,14:10:51,107.5700,3,2
2026-01-07,000858,14:10:54,107.5700,9,2
2026-01-07,000858,14:10:57,107.5700,39,2
2026-01-07,000858,14:11:00,107.5700,8,2
2026-01-07,000858,14:11:03,107.5600,33,2
2026-01-07,000858,14:11:06,107.5600,9,2
2026-01-07,000858,14:11:09,107.5800,37,1
2026-01-07,000858,14:11:12,107.5700,9,4
2026-01-07,000858,14:11:15,107.5800,13,1
2026-01-07,000858,14:11:18,107.5800,31,1
2026-01-07,000858,14:11:21,107.5700,23,4
2026-01-07,000858,14:11:24,107.5700,13,1
2026-01-07,000858,14:11:27,107.5700,11,1
2026-01-07,000858,14:11:30,107.5600,18,2
2026-01-07,000858,14:11:33,107.5700,2,1
2026-01-07,000858,14:11:36,107.5700,26,1
2026-01-07,000858,14:11:39,107.5800,116,1
2026-01-07,000858,14:11:42,107.5800,37,2
2026-01-07,000858,14:11:45,107.6000,20,1
2026-01-07,000858,14:11:48,107.5900,5,2
2026-01-07,000858,14:11:51,107.5900,18,2
2026-01-07,000858,14:11:54,107.5900,12,1
2026-01-07,000858,14:11:57,107.5900,18,1
2026-01-07,000858,14:12:00,107.5900,12,1
2026-01-07,000858,14:12:03,107.5800,32,2
2026-01-07,000858,14:12:06,107.5900,19,1
2026-01-07,000858,14:12:09,107.5900,19,1
2026-01-07,000858,14:12:12,107.5900,4,1
2026-01-07,000858,14:12:15,107.5900,27,1
2026-01-07,000858,14:12:18,107.5900,1,1
2026-01-07,000858,14:12:21,107.5900,17,1
2026-01-07,000858,14:12:24,107.6100,18,1
2026-01-07,000858,14:12:30,107.6100,7,1
2026-01-07,000858,14:12:33,107.6100,11,1
2026-01-07,000858,14:12:36,107.6100,9,1
2026-01-07,000858,14:12:39,107.6100,7,1
2026-01-07,000858,14:12:42,107.6000,18,2
2026-01-07,000858,14:12:48,107.6100,31,2
2026-01-07,000858,14:12:51,107.6100,28,1
2026-01-07,000858,14:12:54,107.6000,31,2
2026-01-07,000858,14:12:57,107.6200,4,2
2026-01-07,000858,14:13:00,107.6200,27,4
2026-01-07,000858,14:13:03,107.6100,18,2
2026-01-07,000858,14:13:06,107.6100,5,2
2026-01-07,000858,14:13:09,107.6100,7,2
2026-01-07,000858,14:13:12,107.6300,1,1
2026-01-07,000858,14:13:15,107.6300,8,1
2026-01-07,000858,14:13:18,107.6300,14,2
2026-01-07,000858,14:13:21,107.6300,6,2
2026-01-07,000858,14:13:24,107.6300,8,2
2026-01-07,000858,14:13:27,107.6400,6,1
2026-01-07,000858,14:13:30,107.6400,3,1
2026-01-07,000858,14:13:33,107.6400,9,2
2026-01-07,000858,14:13:36,107.6400,15,1
2026-01-07,000858,14:13:39,107.6500,6,1
2026-01-07,000858,14:13:42,107.6500,4,1
2026-01-07,000858,14:13:45,107.6400,14,2
2026-01-07,000858,14:13:48,107.6400,10,2
2026-01-07,000858,14:13:51,107.6400,3,2
2026-01-07,000858,14:13:54,107.6300,22,2
2026-01-07,000858,14:13:57,107.6300,16,1
2026-01-07,000858,14:14:00,107.6200,3,2
2026-01-07,000858,14:14:03,107.6300,14,1
2026-01-07,000858,14:14:06,107.6200,40,2
2026-01-07,000858,14:14:09,107.6300,33,2
2026-01-07,000858,14:14:12,107.6400,3,2
2026-01-07,000858,14:14:15,107.6300,12,2
2026-01-07,000858,14:14:18,107.6200,20,2
2026-01-07,000858,14:14:21,107.6300,4,1
2026-01-07,000858,14:14:24,107.6300,4,1
2026-01-07,000858,14:14:27,107.6200,26,2
2026-01-07,000858,14:14:30,107.6300,10,1
2026-01-07,000858,14:14:33,107.6100,8,2
2026-01-07,000858,14:14:36,107.6100,5,2
2026-01-07,000858,14:14:39,107.6100,84,2
2026-01-07,000858,14:14:42,107.6100,10,1
2026-01-07,000858,14:14:45,107.6100,38,1
2026-01-07,000858,14:14:48,107.6000,15,2
2026-01-07,000858,14:14:51,107.6100,45,1
2026-01-07,000858,14:14:54,107.6100,12,1
2026-01-07,000858,14:14:57,107.6100,6,1
2026-01-07,000858,14:15:00,107.6000,3,2
2026-01-07,000858,14:15:03,107.6000,11,2
2026-01-07,000858,14:15:06,107.6000,10,2
2026-01-07,000858,14:15:09,107.6100,23,1
2026-01-07,000858,14:15:12,107.6000,8,2
2026-01-07,000858,14:15:15,107.6100,34,1
2026-01-07,000858,14:15:18,107.6100,13,2
2026-01-07,000858,14:15:24,107.6000,42,2
2026-01-07,000858,14:15:27,107.6100,10,1
2026-01-07,000858,14:15:30,107.6100,16,1
2026-01-07,000858,14:15:33,107.6100,5,1
2026-01-07,000858,14:15:36,107.6000,2,2
2026-01-07,000858,14:15:39,107.6100,29,1
2026-01-07,000858,14:15:42,107.6100,24,2
2026-01-07,000858,14:15:48,107.6200,6,1
2026-01-07,000858,14:15:51,107.6100,21,2
2026-01-07,000858,14:15:54,107.6100,31,2
2026-01-07,000858,14:15:57,107.6000,20,2
2026-01-07,000858,14:16:00,107.6000,46,2
2026-01-07,000858,14:16:03,107.6000,18,2
2026-01-07,000858,14:16:06,107.6100,20,1
2026-01-07,000858,14:16:09,107.5900,8,2
2026-01-07,000858,14:16:15,107.6100,5,1
2026-01-07,000858,14:16:18,107.6000,4,2
2026-01-07,000858,14:16:24,107.6000,12,2
2026-01-07,000858,14:16:27,107.5900,29,2
2026-01-07,000858,14:16:30,107.6000,9,1
2026-01-07,000858,14:16:33,107.6000,19,2
2026-01-07,000858,14:16:36,107.6000,3,1
2026-01-07,000858,14:16:39,107.6000,16,1
2026-01-07,000858,14:16:42,107.6000,6,2
2026-01-07,000858,14:16:45,107.6000,3,1
2026-01-07,000858,14:16:48,107.6000,10,1
2026-01-07,000858,14:16:51,107.6000,6,4
2026-01-07,000858,14:16:54,107.5900,11,2
2026-01-07,000858,14:16:57,107.6000,10,1
2026-01-07,000858,14:17:00,107.5900,19,2
2026-01-07,000858,14:17:03,107.6000,7,1
2026-01-07,000858,14:17:06,107.6000,4,1
2026-01-07,000858,14:17:09,107.6000,11,1
2026-01-07,000858,14:17:12,107.5900,16,2
2026-01-07,000858,14:17:15,107.5900,17,2
2026-01-07,000858,14:17:18,107.5900,72,2
2026-01-07,000858,14:17:21,107.5700,101,2
2026-01-07,000858,14:17:24,107.5600,205,2
2026-01-07,000858,14:17:27,107.5500,21,2
2026-01-07,000858,14:17:30,107.5700,94,1
2026-01-07,000858,14:17:33,107.5700,15,2
2026-01-07,000858,14:17:36,107.5900,4,1
2026-01-07,000858,14:17:39,107.5800,4,2
2026-01-07,000858,14:17:42,107.5800,13,2
2026-01-07,000858,14:17:45,107.5900,65,1
2026-01-07,000858,14:17:48,107.5500,22,2
2026-01-07,000858,14:17:51,107.5500,12,2
2026-01-07,000858,14:17:54,107.5700,7,4
2026-01-07,000858,14:17:57,107.5700,8,1
2026-01-07,000858,14:18:00,107.5700,3,1
2026-01-07,000858,14:18:03,107.5600,15,2
2026-01-07,000858,14:18:09,107.5800,5,1
2026-01-07,000858,14:18:12,107.5900,26,1
2026-01-07,000858,14:18:15,107.5700,26,2
2026-01-07,000858,14:18:18,107.5900,1,1
2026-01-07,000858,14:18:21,107.5900,15,1
2026-01-07,000858,14:18:27,107.5900,29,1
2026-01-07,000858,14:18:30,107.5700,12,2
2026-01-07,000858,14:18:33,107.5900,1,1
2026-01-07,000858,14:18:36,107.5900,17,1
2026-01-07,000858,14:18:42,107.5800,2,2
2026-01-07,000858,14:18:45,107.5600,15,2
2026-01-07,000858,14:18:51,107.5800,3,1
2026-01-07,000858,14:18:54,107.5800,9,1
2026-01-07,000858,14:18:57,107.5800,30,1
2026-01-07,000858,14:19:00,107.6000,31,1
2026-01-07,000858,14:19:03,107.5800,11,2
2026-01-07,000858,14:19:06,107.6000,1,1
2026-01-07,000858,14:19:09,107.5600,32,2
2026-01-07,000858,14:19:15,107.5800,3,2
2026-01-07,000858,14:19:18,107.5900,16,1
2026-01-07,000858,14:19:21,107.5900,8,1
2026-01-07,000858,14:19:24,107.5900,5,1
2026-01-07,000858,14:19:27,107.5800,9,2
2026-01-07,000858,14:19:30,107.6000,4,1
2026-01-07,000858,14:19:33,107.5800,16,2
2026-01-07,000858,14:19:36,107.5800,4,2
2026-01-07,000858,14:19:39,107.5800,16,2
2026-01-07,000858,14:19:42,107.5800,18,2
2026-01-07,000858,14:19:45,107.5800,99,2
2026-01-07,000858,14:19:48,107.5900,22,1
2026-01-07,000858,14:19:51,107.5800,17,4
2026-01-07,000858,14:19:54,107.5600,45,2
2026-01-07,000858,14:19:57,107.5500,101,2
2026-01-07,000858,14:20:00,107.5500,220,2
2026-01-07,000858,14:20:03,107.5400,97,2
2026-01-07,000858,14:20:06,107.5600,15,1
2026-01-07,000858,14:20:09,107.5500,26,2
2026-01-07,000858,14:20:12,107.5700,12,1
2026-01-07,000858,14:20:15,107.5700,13,1
2026-01-07,000858,14:20:18,107.5800,3,1
2026-01-07,000858,14:20:21,107.5900,14,1
2026-01-07,000858,14:20:24,107.5700,3,2
2026-01-07,000858,14:20:27,107.5900,11,1
2026-01-07,000858,14:20:30,107.5700,2,2
2026-01-07,000858,14:20:36,107.5800,10,4
2026-01-07,000858,14:20:39,107.5700,16,2
2026-01-07,000858,14:20:42,107.5800,10,1
2026-01-07,000858,14:20:45,107.5800,4,2
2026-01-07,000858,14:20:48,107.5900,7,1
2026-01-07,000858,14:20:54,107.5900,5,2
2026-01-07,000858,14:20:57,107.5900,3,2
2026-01-07,000858,14:21:00,107.6000,72,1
2026-01-07,000858,14:21:03,107.5900,43,2
2026-01-07,000858,14:21:06,107.6200,6,1
2026-01-07,000858,14:21:09,107.6200,10,1
2026-01-07,000858,14:21:12,107.6100,17,1
2026-01-07,000858,14:21:15,107.6000,9,2
2026-01-07,000858,14:21:18,107.6000,2,2
2026-01-07,000858,14:21:21,107.6000,85,2
2026-01-07,000858,14:21:24,107.6000,24,1
2026-01-07,000858,14:21:27,107.6000,7,1
2026-01-07,000858,14:21:30,107.5900,6,2
2026-01-07,000858,14:21:33,107.5900,9,4
2026-01-07,000858,14:21:36,107.5900,10,2
2026-01-07,000858,14:21:39,107.5900,19,2
2026-01-07,000858,14:21:42,107.5900,1,2
2026-01-07,000858,14:21:45,107.6000,34,1
2026-01-07,000858,14:21:48,107.6000,34,2
2026-01-07,000858,14:21:51,107.5700,17,2
2026-01-07,000858,14:21:54,107.6000,9,1
2026-01-07,000858,14:21:57,107.5700,11,2
2026-01-07,000858,14:22:03,107.5800,4,2
2026-01-07,000858,14:22:06,107.5900,11,4
2026-01-07,000858,14:22:09,107.6000,8,1
2026-01-07,000858,14:22:12,107.6000,1,1
2026-01-07,000858,14:22:15,107.6000,6,1
2026-01-07,000858,14:22:18,107.5800,10,2
2026-01-07,000858,14:22:21,107.6000,24,1
2026-01-07,000858,14:22:24,107.6000,49,2
2026-01-07,000858,14:22:27,107.6000,24,2
2026-01-07,000858,14:22:30,107.6000,3,2
2026-01-07,000858,14:22:33,107.6100,2,1
2026-01-07,000858,14:22:36,107.6000,3,2
2026-01-07,000858,14:22:39,107.6000,101,2
2026-01-07,000858,14:22:42,107.6000,29,2
2026-01-07,000858,14:22:45,107.6000,11,1
2026-01-07,000858,14:22:48,107.6000,18,1
2026-01-07,000858,14:22:51,107.5900,11,2
2026-01-07,000858,14:22:54,107.5900,26,2
2026-01-07,000858,14:22:57,107.5800,4,2
2026-01-07,000858,14:23:00,107.5900,15,4
2026-01-07,000858,14:23:03,107.6000,9,4
2026-01-07,000858,14:23:06,107.6000,18,1
2026-01-07,000858,14:23:09,107.6200,12,1
2026-01-07,000858,14:23:12,107.6000,16,2
2026-01-07,000858,14:23:15,107.6300,15,1
2026-01-07,000858,14:23:18,107.6300,15,1
2026-01-07,000858,14:23:21,107.6200,5,4
2026-01-07,000858,14:23:24,107.6300,7,1
2026-01-07,000858,14:23:27,107.6500,14,1
2026-01-07,000858,14:23:30,107.6300,12,1
2026-01-07,000858,14:23:33,107.6300,3,2
2026-01-07,000858,14:23:36,107.6400,3,1
2026-01-07,000858,14:23:39,107.6400,1,1
2026-01-07,000858,14:23:42,107.6400,57,1
2026-01-07,000858,14:23:45,107.6200,19,2
2026-01-07,000858,14:23:48,107.6400,19,1
2026-01-07,000858,14:23:51,107.6100,5,2
2026-01-07,000858,14:23:57,107.6200,32,1
2026-01-07,000858,14:24:00,107.6000,12,2
2026-01-07,000858,14:24:03,107.6100,3,1
2026-01-07,000858,14:24:06,107.6000,3,2
2026-01-07,000858,14:24:09,107.6100,16,1
2026-01-07,000858,14:24:12,107.6100,5,1
2026-01-07,000858,14:24:15,107.6200,5,1
2026-01-07,000858,14:24:18,107.6200,3,2
2026-01-07,000858,14:24:24,107.6200,21,2
2026-01-07,000858,14:24:27,107.6100,9,2
2026-01-07,000858,14:24:30,107.6200,9,1
2026-01-07,000858,14:24:33,107.6200,11,1
2026-01-07,000858,14:24:36,107.6200,1,2
2026-01-07,000858,14:24:39,107.6200,4,1
2026-01-07,000858,14:24:42,107.6200,10,2
2026-01-07,000858,14:24:45,107.6200,15,2
2026-01-07,000858,14:24:48,107.6300,13,1
2026-01-07,000858,14:24:51,107.6300,15,1
2026-01-07,000858,14:24:54,107.6300,5,2
2026-01-07,000858,14:24:57,107.6400,8,1
2026-01-07,000858,14:25:00,107.6300,6,2
2026-01-07,000858,14:25:03,107.6300,37,2
2026-01-07,000858,14:25:06,107.6200,10,2
2026-01-07,000858,14:25:09,107.6300,1,1
2026-01-07,000858,14:25:12,107.6300,5,1
2026-01-07,000858,14:25:15,107.6200,1,2
2026-01-07,000858,14:25:18,107.6100,34,2
2026-01-07,000858,14:25:21,107.6100,17,2
2026-01-07,000858,14:25:24,107.6000,328,2
2026-01-07,000858,14:25:27,107.5800,49,2
2026-01-07,000858,14:25:30,107.5800,22,2
2026-01-07,000858,14:25:33,107.5900,4,1
2026-01-07,000858,14:25:36,107.5800,4,2
2026-01-07,000858,14:25:39,107.5900,18,1
2026-01-07,000858,14:25:42,107.5800,19,2
2026-01-07,000858,14:25:45,107.6000,9,1
2026-01-07,000858,14:25:48,107.5900,2,4
2026-01-07,000858,14:25:51,107.6000,17,1
2026-01-07,000858,14:25:54,107.5800,15,2
2026-01-07,000858,14:25:57,107.5800,39,2
2026-01-07,000858,14:26:00,107.5700,18,2
2026-01-07,000858,14:26:03,107.5700,7,2
2026-01-07,000858,14:26:06,107.5700,56,2
2026-01-07,000858,14:26:09,107.5600,10,2
2026-01-07,000858,14:26:12,107.5900,25,1
2026-01-07,000858,14:26:15,107.5800,7,1
2026-01-07,000858,14:26:18,107.5600,25,2
2026-01-07,000858,14:26:21,107.5800,10,1
2026-01-07,000858,14:26:24,107.5800,46,2
2026-01-07,000858,14:26:27,107.5800,7,2
2026-01-07,000858,14:26:30,107.5800,22,2
2026-01-07,000858,14:26:33,107.5900,13,1
2026-01-07,000858,14:26:39,107.6000,4,1
2026-01-07,000858,14:26:42,107.6100,30,1
2026-01-07,000858,14:26:45,107.6000,10,1
2026-01-07,000858,14:26:48,107.6000,2,4
2026-01-07,000858,14:26:51,107.6000,10,4
2026-01-07,000858,14:26:54,107.6100,33,1
2026-01-07,000858,14:26:57,107.5800,30,2
2026-01-07,000858,14:27:00,107.5900,13,1
2026-01-07,000858,14:27:03,107.6000,34,1
2026-01-07,000858,14:27:06,107.5800,7,2
2026-01-07,000858,14:27:09,107.5900,8,4
2026-01-07,000858,14:27:12,107.5900,5,4
2026-01-07,000858,14:27:15,107.5900,25,2
2026-01-07,000858,14:27:18,107.6000,8,1
2026-01-07,000858,14:27:21,107.6000,1,1
2026-01-07,000858,14:27:24,107.6000,10,1
2026-01-07,000858,14:27:27,107.6000,9,1
2026-01-07,000858,14:27:30,107.5900,24,4
2026-01-07,000858,14:27:33,107.5800,2,4
2026-01-07,000858,14:27:36,107.5800,36,2
2026-01-07,000858,14:27:39,107.5600,14,2
2026-01-07,000858,14:27:42,107.5800,2,1
2026-01-07,000858,14:27:45,107.5800,19,1
2026-01-07,000858,14:27:48,107.5800,23,1
2026-01-07,000858,14:27:51,107.5800,10,1
2026-01-07,000858,14:27:54,107.5800,1,2
2026-01-07,000858,14:27:57,107.5800,1,2
2026-01-07,000858,14:28:00,107.5800,2,2
2026-01-07,000858,14:28:03,107.5900,11,1
2026-01-07,000858,14:28:06,107.5800,64,2
2026-01-07,000858,14:28:09,107.5800,13,4
2026-01-07,000858,14:28:12,107.5700,26,2
2026-01-07,000858,14:28:15,107.5800,9,1
2026-01-07,000858,14:28:18,107.5800,6,2
2026-01-07,000858,14:28:21,107.6000,29,1
2026-01-07,000858,14:28:24,107.5800,8,2
2026-01-07,000858,14:28:27,107.5900,3,2
2026-01-07,000858,14:28:33,107.5800,6,2
2026-01-07,000858,14:28:36,107.5700,30,2
2026-01-07,000858,14:28:39,107.6000,22,1
2026-01-07,000858,14:28:42,107.5900,7,4
2026-01-07,000858,14:28:45,107.5900,29,1
2026-01-07,000858,14:28:48,107.5700,5,2
2026-01-07,000858,14:28:51,107.5700,13,2
2026-01-07,000858,14:28:54,107.5600,19,2
2026-01-07,000858,14:28:57,107.5800,6,1
2026-01-07,000858,14:29:03,107.5800,2,2
2026-01-07,000858,14:29:06,107.5700,18,2
2026-01-07,000858,14:29:09,107.5800,10,1
2026-01-07,000858,14:29:12,107.5800,37,1
2026-01-07,000858,14:29:15,107.5800,8,1
2026-01-07,000858,14:29:18,107.5700,41,2
2026-01-07,000858,14:29:21,107.5700,14,1
2026-01-07,000858,14:29:24,107.5600,2,2
2026-01-07,000858,14:29:30,107.5700,8,1
2026-01-07,000858,14:29:33,107.5600,63,2
2026-01-07,000858,14:29:36,107.5600,14,2
2026-01-07,000858,14:29:39,107.5600,8,2
2026-01-07,000858,14:29:42,107.5600,5,2
2026-01-07,000858,14:29:45,107.5600,12,2
2026-01-07,000858,14:29:48,107.5600,6,2
2026-01-07,000858,14:29:51,107.5600,8,2
2026-01-07,000858,14:29:54,107.5600,16,2
2026-01-07,000858,14:29:57,107.5600,127,2
2026-01-07,000858,14:30:00,107.5600,29,2
2026-01-07,000858,14:30:03,107.5600,30,2
2026-01-07,000858,14:30:06,107.5600,159,2
2026-01-07,000858,14:30:09,107.5500,46,1
2026-01-07,000858,14:30:12,107.5500,45,1
2026-01-07,000858,14:30:15,107.5600,17,1
2026-01-07,000858,14:30:18,107.5500,34,2
2026-01-07,000858,14:30:21,107.5300,43,2
2026-01-07,000858,14:30:24,107.5400,63,2
2026-01-07,000858,14:30:27,107.5300,7,2
2026-01-07,000858,14:30:30,107.5400,24,2
2026-01-07,000858,14:30:33,107.5400,17,2
2026-01-07,000858,14:30:36,107.5400,96,1
2026-01-07,000858,14:30:39,107.5300,62,2
2026-01-07,000858,14:30:42,107.5400,9,1
2026-01-07,000858,14:30:45,107.5300,21,2
2026-01-07,000858,14:30:48,107.5300,46,2
2026-01-07,000858,14:30:51,107.5200,38,2
2026-01-07,000858,14:30:54,107.5300,19,1
2026-01-07,000858,14:30:57,107.5300,5,1
2026-01-07,000858,14:31:00,107.5200,57,2
2026-01-07,000858,14:31:03,107.5300,13,1
2026-01-07,000858,14:31:06,107.5200,47,2
2026-01-07,000858,14:31:09,107.5100,18,2
2026-01-07,000858,14:31:12,107.5300,10,1
2026-01-07,000858,14:31:15,107.5200,16,2
2026-01-07,000858,14:31:18,107.5300,31,1
2026-01-07,000858,14:31:21,107.5300,26,1
2026-01-07,000858,14:31:24,107.5100,53,2
2026-01-07,000858,14:31:27,107.5100,21,2
2026-01-07,000858,14:31:30,107.5100,19,2
2026-01-07,000858,14:31:33,107.5100,37,2
2026-01-07,000858,14:31:36,107.5000,8,2
2026-01-07,000858,14:31:39,107.5000,41,2
2026-01-07,000858,14:31:42,107.5100,9,1
2026-01-07,000858,14:31:45,107.5000,19,2
2026-01-07,000858,14:31:48,107.5000,7,2
2026-01-07,000858,14:31:51,107.5000,4,2
2026-01-07,000858,14:31:54,107.5100,6,1
2026-01-07,000858,14:31:57,107.5000,11,2
2026-01-07,000858,14:32:00,107.5000,161,2
2026-01-07,000858,14:32:03,107.4700,712,2
2026-01-07,000858,14:32:06,107.4500,92,2
2026-01-07,000858,14:32:09,107.4800,61,1
2026-01-07,000858,14:32:12,107.4700,12,4
2026-01-07,000858,14:32:15,107.4600,5,2
2026-01-07,000858,14:32:18,107.4600,13,1
2026-01-07,000858,14:32:21,107.4600,33,2
2026-01-07,000858,14:32:24,107.4500,17,2
2026-01-07,000858,14:32:27,107.4500,12,2
2026-01-07,000858,14:32:30,107.4500,54,2
2026-01-07,000858,14:32:33,107.4600,112,1
2026-01-07,000858,14:32:36,107.4500,11,2
2026-01-07,000858,14:32:39,107.4500,101,2
2026-01-07,000858,14:32:42,107.4500,32,2
2026-01-07,000858,14:32:45,107.4500,15,2
2026-01-07,000858,14:32:48,107.4600,12,1
2026-01-07,000858,14:32:51,107.4600,32,1
2026-01-07,000858,14:32:54,107.4600,16,2
2026-01-07,000858,14:32:57,107.4700,31,1
2026-01-07,000858,14:33:00,107.4600,14,2
2026-01-07,000858,14:33:03,107.4600,18,2
2026-01-07,000858,14:33:06,107.4600,33,1
2026-01-07,000858,14:33:09,107.4500,15,2
2026-01-07,000858,14:33:12,107.4600,66,1
2026-01-07,000858,14:33:15,107.4600,6,2
2026-01-07,000858,14:33:18,107.4600,8,2
2026-01-07,000858,14:33:21,107.4600,57,2
2026-01-07,000858,14:33:24,107.4600,11,1
2026-01-07,000858,14:33:27,107.4400,29,2
2026-01-07,000858,14:33:30,107.4500,17,4
2026-01-07,000858,14:33:33,107.4300,33,2
2026-01-07,000858,14:33:36,107.4400,9,2
2026-01-07,000858,14:33:39,107.4400,1,4
2026-01-07,000858,14:33:42,107.4400,6,2
2026-01-07,000858,14:33:45,107.4400,94,1
2026-01-07,000858,14:33:48,107.4400,56,1
2026-01-07,000858,14:33:51,107.4400,42,1
2026-01-07,000858,14:33:54,107.4400,3,2
2026-01-07,000858,14:33:57,107.4500,8,4
2026-01-07,000858,14:34:00,107.4600,7,1
2026-01-07,000858,14:34:03,107.4600,14,1
2026-01-07,000858,14:34:06,107.4600,20,1
2026-01-07,000858,14:34:09,107.4600,7,2
2026-01-07,000858,14:34:12,107.4600,16,2
2026-01-07,000858,14:34:15,107.4600,5,2
2026-01-07,000858,14:34:18,107.4600,44,2
2026-01-07,000858,14:34:21,107.4600,24,2
2026-01-07,000858,14:34:24,107.4700,47,1
2026-01-07,000858,14:34:27,107.4700,38,1
2026-01-07,000858,14:34:30,107.4700,14,2
2026-01-07,000858,14:34:33,107.4700,22,2
2026-01-07,000858,14:34:36,107.4700,2,1
2026-01-07,000858,14:34:39,107.4600,49,2
2026-01-07,000858,14:34:42,107.4600,11,1
2026-01-07,000858,14:34:45,107.4700,46,1
2026-01-07,000858,14:34:48,107.4600,39,2
2026-01-07,000858,14:34:51,107.4700,9,1
2026-01-07,000858,14:34:54,107.4700,23,1
2026-01-07,000858,14:34:57,107.4700,84,1
2026-01-07,000858,14:35:00,107.4700,33,2
2026-01-07,000858,14:35:03,107.4700,37,2
2026-01-07,000858,14:35:06,107.4700,35,2
2026-01-07,000858,14:35:09,107.4700,215,2
2026-01-07,000858,14:35:12,107.4700,40,2
2026-01-07,000858,14:35:15,107.4700,12,1
2026-01-07,000858,14:35:18,107.4600,98,2
2026-01-07,000858,14:35:21,107.4600,39,2
2026-01-07,000858,14:35:24,107.4500,15,2
2026-01-07,000858,14:35:27,107.4500,39,2
2026-01-07,000858,14:35:30,107.4400,21,2
2026-01-07,000858,14:35:33,107.4500,18,2
2026-01-07,000858,14:35:36,107.4500,31,1
2026-01-07,000858,14:35:39,107.4500,17,2
2026-01-07,000858,14:35:42,107.4500,12,2
2026-01-07,000858,14:35:45,107.4600,18,1
2026-01-07,000858,14:35:48,107.4500,31,2
2026-01-07,000858,14:35:51,107.4500,30,1
2026-01-07,000858,14:35:54,107.4500,5,1
2026-01-07,000858,14:35:57,107.4500,9,2
2026-01-07,000858,14:36:00,107.4500,10,2
2026-01-07,000858,14:36:03,107.4600,25,1
2026-01-07,000858,14:36:06,107.4300,110,2
2026-01-07,000858,14:36:09,107.4300,15,2
2026-01-07,000858,14:36:12,107.4200,98,2
2026-01-07,000858,14:36:15,107.4500,12,4
2026-01-07,000858,14:36:18,107.4500,15,1
2026-01-07,000858,14:36:21,107.4300,10,2
2026-01-07,000858,14:36:24,107.4300,26,2
2026-01-07,000858,14:36:27,107.4300,42,2
2026-01-07,000858,14:36:30,107.4200,39,2
2026-01-07,000858,14:36:33,107.4500,33,1
2026-01-07,000858,14:36:36,107.4500,3,2
2026-01-07,000858,14:36:39,107.4500,11,2
2026-01-07,000858,14:36:42,107.4500,12,2
2026-01-07,000858,14:36:45,107.4400,14,2
2026-01-07,000858,14:36:48,107.4300,29,2
2026-01-07,000858,14:36:51,107.4500,32,1
2026-01-07,000858,14:36:54,107.4300,85,2
2026-01-07,000858,14:36:57,107.4200,19,2
2026-01-07,000858,14:37:00,107.4200,14,4
2026-01-07,000858,14:37:03,107.4400,170,1
2026-01-07,000858,14:37:06,107.4300,25,1
2026-01-07,000858,14:37:09,107.4300,42,2
2026-01-07,000858,14:37:12,107.4400,9,2
2026-01-07,000858,14:37:15,107.4400,5,2
2026-01-07,000858,14:37:18,107.4400,7,2
2026-01-07,000858,14:37:21,107.4400,19,2
2026-01-07,000858,14:37:24,107.4600,12,1
2026-01-07,000858,14:37:27,107.4600,9,2
2026-01-07,000858,14:37:30,107.4500,199,2
2026-01-07,000858,14:37:33,107.4400,28,2
2026-01-07,000858,14:37:36,107.4400,10,1
2026-01-07,000858,14:37:39,107.4200,166,2
2026-01-07,000858,14:37:42,107.4100,47,2
2026-01-07,000858,14:37:45,107.4200,2,2
2026-01-07,000858,14:37:48,107.4100,91,2
2026-01-07,000858,14:37:51,107.4100,21,1
2026-01-07,000858,14:37:54,107.4100,20,1
2026-01-07,000858,14:37:57,107.4100,49,1
2026-01-07,000858,14:38:00,107.4100,45,1
2026-01-07,000858,14:38:03,107.4200,199,1
2026-01-07,000858,14:38:06,107.4200,33,2
2026-01-07,000858,14:38:09,107.4200,9,2
2026-01-07,000858,14:38:12,107.4300,6,1
2026-01-07,000858,14:38:15,107.4500,15,1
2026-01-07,000858,14:38:18,107.4600,21,1
2026-01-07,000858,14:38:21,107.4500,65,2
2026-01-07,000858,14:38:24,107.4500,27,2
2026-01-07,000858,14:38:27,107.4700,16,1
2026-01-07,000858,14:38:30,107.4100,236,2
2026-01-07,000858,14:38:33,107.4100,28,2
2026-01-07,000858,14:38:39,107.4300,18,2
2026-01-07,000858,14:38:42,107.4400,24,2
2026-01-07,000858,14:38:45,107.4700,23,1
2026-01-07,000858,14:38:48,107.4800,8,2
2026-01-07,000858,14:38:51,107.4500,23,2
2026-01-07,000858,14:38:54,107.5000,30,1
2026-01-07,000858,14:38:57,107.4500,5,2
2026-01-07,000858,14:39:00,107.5000,1,1
2026-01-07,000858,14:39:03,107.4900,6,2
2026-01-07,000858,14:39:06,107.5100,34,1
2026-01-07,000858,14:39:09,107.5000,18,4
2026-01-07,000858,14:39:12,107.5000,8,2
2026-01-07,000858,14:39:15,107.5100,3,1
2026-01-07,000858,14:39:21,107.5000,39,2
2026-01-07,000858,14:39:24,107.4900,86,2
2026-01-07,000858,14:39:27,107.4800,25,2
2026-01-07,000858,14:39:30,107.4500,54,2
2026-01-07,000858,14:39:33,107.4800,12,1
2026-01-07,000858,14:39:36,107.4500,14,2
2026-01-07,000858,14:39:39,107.4500,2,2
2026-01-07,000858,14:39:42,107.4500,6,2
2026-01-07,000858,14:39:45,107.4500,14,2
2026-01-07,000858,14:39:48,107.4600,5,2
2026-01-07,000858,14:39:51,107.4500,21,2
2026-01-07,000858,14:39:54,107.4600,2,1
2026-01-07,000858,14:39:57,107.4700,9,1
2026-01-07,000858,14:40:00,107.4600,33,2
2026-01-07,000858,14:40:03,107.4600,17,2
2026-01-07,000858,14:40:06,107.4700,23,1
2026-01-07,000858,14:40:09,107.4600,64,2
2026-01-07,000858,14:40:12,107.4600,17,2
2026-01-07,000858,14:40:15,107.4600,29,2
2026-01-07,000858,14:40:18,107.4600,7,2
2026-01-07,000858,14:40:21,107.4600,13,2
2026-01-07,000858,14:40:24,107.4600,13,2
2026-01-07,000858,14:40:27,107.4600,35,2
2026-01-07,000858,14:40:30,107.4600,12,2
2026-01-07,000858,14:40:33,107.4700,39,1
2026-01-07,000858,14:40:36,107.4800,6,1
2026-01-07,000858,14:40:39,107.4800,16,1
2026-01-07,000858,14:40:42,107.4700,10,2
2026-01-07,000858,14:40:45,107.4800,4,1
2026-01-07,000858,14:40:48,107.4800,3,2
2026-01-07,000858,14:40:51,107.4900,4,1
2026-01-07,000858,14:40:54,107.4700,20,2
2026-01-07,000858,14:40:57,107.5000,36,1
2026-01-07,000858,14:41:00,107.4800,15,2
2026-01-07,000858,14:41:03,107.5000,23,1
2026-01-07,000858,14:41:06,107.5000,7,1
2026-01-07,000858,14:41:09,107.5000,10,1
2026-01-07,000858,14:41:12,107.4900,13,2
2026-01-07,000858,14:41:15,107.5000,2,1
2026-01-07,000858,14:41:18,107.5000,11,1
2026-01-07,000858,14:41:21,107.5000,15,1
2026-01-07,000858,14:41:24,107.5000,9,2
2026-01-07,000858,14:41:27,107.5000,16,2
2026-01-07,000858,14:41:30,107.5000,2,2
2026-01-07,000858,14:41:33,107.5100,14,1
2026-01-07,000858,14:41:36,107.5100,22,2
2026-01-07,000858,14:41:39,107.5200,24,1
2026-01-07,000858,14:41:42,107.5100,3,4
2026-01-07,000858,14:41:45,107.5100,2,1
2026-01-07,000858,14:41:48,107.5100,29,1
2026-01-07,000858,14:41:51,107.5000,12,2
2026-01-07,000858,14:41:54,107.5000,83,2
2026-01-07,000858,14:41:57,107.5100,79,1
2026-01-07,000858,14:42:00,107.5000,16,2
2026-01-07,000858,14:42:03,107.5000,3,1
2026-01-07,000858,14:42:06,107.5000,7,1
2026-01-07,000858,14:42:09,107.5000,69,2
2026-01-07,000858,14:42:12,107.5000,25,2
2026-01-07,000858,14:42:15,107.5000,6,2
2026-01-07,000858,14:42:18,107.5000,4,2
2026-01-07,000858,14:42:21,107.5000,5,2
2026-01-07,000858,14:42:24,107.5000,2,2
2026-01-07,000858,14:42:27,107.5400,43,1
2026-01-07,000858,14:42:30,107.5000,8,2
2026-01-07,000858,14:42:33,107.5400,37,1
2026-01-07,000858,14:42:36,107.5000,3,2
2026-01-07,000858,14:42:39,107.5100,1,2
2026-01-07,000858,14:42:42,107.5100,27,1
2026-01-07,000858,14:42:45,107.5200,12,1
2026-01-07,000858,14:42:48,107.5000,48,2
2026-01-07,000858,14:42:51,107.5100,17,1
2026-01-07,000858,14:42:54,107.5200,1,1
2026-01-07,000858,14:42:57,107.5200,13,1
2026-01-07,000858,14:43:00,107.5100,4,1
2026-01-07,000858,14:43:03,107.4900,9,2
2026-01-07,000858,14:43:06,107.5100,1,1
2026-01-07,000858,14:43:09,107.5200,9,1
2026-01-07,000858,14:43:12,107.5000,19,2
2026-01-07,000858,14:43:15,107.5000,18,2
2026-01-07,000858,14:43:18,107.5000,12,1
2026-01-07,000858,14:43:21,107.5000,6,2
2026-01-07,000858,14:43:24,107.5100,1,1
2026-01-07,000858,14:43:27,107.5000,20,2
2026-01-07,000858,14:43:30,107.5100,12,1
2026-01-07,000858,14:43:33,107.5000,18,2
2026-01-07,000858,14:43:36,107.5000,3,2
2026-01-07,000858,14:43:39,107.5000,13,2
2026-01-07,000858,14:43:42,107.4900,6,2
2026-01-07,000858,14:43:45,107.5000,7,1
2026-01-07,000858,14:43:48,107.5000,22,2
2026-01-07,000858,14:43:51,107.4900,4,2
2026-01-07,000858,14:43:54,107.5000,14,2
2026-01-07,000858,14:43:57,107.5000,23,2
2026-01-07,000858,14:44:00,107.5100,24,1
2026-01-07,000858,14:44:03,107.5000,5,4
2026-01-07,000858,14:44:06,107.4900,19,2
2026-01-07,000858,14:44:09,107.5000,106,1
2026-01-07,000858,14:44:12,107.4900,104,2
2026-01-07,000858,14:44:15,107.4900,67,1
2026-01-07,000858,14:44:18,107.4700,268,2
2026-01-07,000858,14:44:21,107.4800,81,2
2026-01-07,000858,14:44:24,107.4600,24,2
2026-01-07,000858,14:44:27,107.4700,8,2
2026-01-07,000858,14:44:30,107.4600,31,2
2026-01-07,000858,14:44:33,107.4600,15,2
2026-01-07,000858,14:44:36,107.4700,22,1
2026-01-07,000858,14:44:39,107.4700,30,2
2026-01-07,000858,14:44:42,107.4700,14,2
2026-01-07,000858,14:44:45,107.4600,17,2
2026-01-07,000858,14:44:48,107.4600,31,2
2026-01-07,000858,14:44:51,107.4600,34,2
2026-01-07,000858,14:44:54,107.4600,41,2
2026-01-07,000858,14:44:57,107.4600,29,2
2026-01-07,000858,14:45:00,107.4700,30,4
2026-01-07,000858,14:45:03,107.4600,25,2
2026-01-07,000858,14:45:06,107.4700,66,1
2026-01-07,000858,14:45:09,107.5000,36,1
2026-01-07,000858,14:45:12,107.4700,1,2
2026-01-07,000858,14:45:15,107.4900,3,1
2026-01-07,000858,14:45:18,107.4700,28,2
2026-01-07,000858,14:45:21,107.4700,14,2
2026-01-07,000858,14:45:24,107.5000,8,1
2026-01-07,000858,14:45:27,107.4800,10,2
2026-01-07,000858,14:45:30,107.4900,9,4
2026-01-07,000858,14:45:33,107.4800,1,2
2026-01-07,000858,14:45:36,107.4900,1,1
2026-01-07,000858,14:45:39,107.4900,4,1
2026-01-07,000858,14:45:42,107.4900,7,1
2026-01-07,000858,14:45:45,107.4900,13,1
2026-01-07,000858,14:45:48,107.4800,18,2
2026-01-07,000858,14:45:51,107.4800,8,2
2026-01-07,000858,14:45:54,107.4900,19,1
2026-01-07,000858,14:45:57,107.4800,13,2
2026-01-07,000858,14:46:00,107.4900,15,2
2026-01-07,000858,14:46:03,107.4900,2,1
2026-01-07,000858,14:46:06,107.4800,9,2
2026-01-07,000858,14:46:09,107.4900,11,1
2026-01-07,000858,14:46:12,107.4800,33,2
2026-01-07,000858,14:46:15,107.4900,14,4
2026-01-07,000858,14:46:18,107.4700,307,2
2026-01-07,000858,14:46:21,107.4900,43,1
2026-01-07,000858,14:46:24,107.4700,17,4
2026-01-07,000858,14:46:27,107.4600,10,2
2026-01-07,000858,14:46:30,107.4800,108,1
2026-01-07,000858,14:46:33,107.4600,19,2
2026-01-07,000858,14:46:36,107.4800,1,1
2026-01-07,000858,14:46:39,107.4700,9,4
2026-01-07,000858,14:46:42,107.4700,8,1
2026-01-07,000858,14:46:45,107.4700,39,2
2026-01-07,000858,14:46:48,107.4600,22,2
2026-01-07,000858,14:46:51,107.4800,32,1
2026-01-07,000858,14:46:54,107.4600,10,2
2026-01-07,000858,14:46:57,107.4600,4,2
2026-01-07,000858,14:47:00,107.4800,10,1
2026-01-07,000858,14:47:03,107.4800,19,1
2026-01-07,000858,14:47:06,107.4800,11,1
2026-01-07,000858,14:47:09,107.4700,12,2
2026-01-07,000858,14:47:12,107.4700,10,2
2026-01-07,000858,14:47:15,107.4600,7,2
2026-01-07,000858,14:47:18,107.4700,12,1
2026-01-07,000858,14:47:21,107.4700,7,1
2026-01-07,000858,14:47:24,107.4600,30,2
2026-01-07,000858,14:47:27,107.4700,28,1
2026-01-07,000858,14:47:30,107.4700,30,1
2026-01-07,000858,14:47:33,107.4700,49,2
2026-01-07,000858,14:47:36,107.4700,5,1
2026-01-07,000858,14:47:39,107.4700,12,1
2026-01-07,000858,14:47:42,107.4600,51,2
2026-01-07,000858,14:47:45,107.4700,6,1
2026-01-07,000858,14:47:48,107.4700,21,1
2026-01-07,000858,14:47:51,107.4600,18,2
2026-01-07,000858,14:47:54,107.4600,8,2
2026-01-07,000858,14:47:57,107.4700,12,1
2026-01-07,000858,14:48:00,107.4600,11,2
2026-01-07,000858,14:48:03,107.4600,20,2
2026-01-07,000858,14:48:06,107.4600,20,2
2026-01-07,000858,14:48:09,107.4600,17,2
2026-01-07,000858,14:48:12,107.4600,33,2
2026-01-07,000858,14:48:15,107.4500,23,2
2026-01-07,000858,14:48:18,107.4500,27,2
2026-01-07,000858,14:48:21,107.4600,26,1
2026-01-07,000858,14:48:24,107.4600,8,4
2026-01-07,000858,14:48:27,107.4500,45,2
2026-01-07,000858,14:48:30,107.4500,29,2
2026-01-07,000858,14:48:33,107.4500,10,2
2026-01-07,000858,14:48:36,107.4500,15,2
2026-01-07,000858,14:48:39,107.4500,16,2
2026-01-07,000858,14:48:42,107.4600,6,1
2026-01-07,000858,14:48:45,107.4500,6,2
2026-01-07,000858,14:48:48,107.4600,31,1
2026-01-07,000858,14:48:51,107.4600,7,1
2026-01-07,000858,14:48:54,107.4600,21,2
2026-01-07,000858,14:48:57,107.4700,17,1
2026-01-07,000858,14:49:00,107.4700,49,1
2026-01-07,000858,14:49:03,107.4700,36,1
2026-01-07,000858,14:49:06,107.4900,23,1
2026-01-07,000858,14:49:09,107.4700,8,2
2026-01-07,000858,14:49:12,107.4700,10,2
2026-01-07,000858,14:49:15,107.4700,3,1
2026-01-07,000858,14:49:18,107.4700,5,1
2026-01-07,000858,14:49:21,107.4700,25,1
2026-01-07,000858,14:49:24,107.4700,10,1
2026-01-07,000858,14:49:27,107.4600,17,2
2026-01-07,000858,14:49:30,107.4700,9,4
2026-01-07,000858,14:49:33,107.4700,1,2
2026-01-07,000858,14:49:36,107.4800,10,1
2026-01-07,000858,14:49:39,107.4700,9,2
2026-01-07,000858,14:49:42,107.4700,2,2
2026-01-07,000858,14:49:45,107.4800,14,1
2026-01-07,000858,14:49:48,107.4800,15,1
2026-01-07,000858,14:49:51,107.4700,15,2
2026-01-07,000858,14:49:54,107.4800,14,1
2026-01-07,000858,14:49:57,107.4800,26,1
2026-01-07,000858,14:50:00,107.4700,17,2
2026-01-07,000858,14:50:03,107.4600,26,2
2026-01-07,000858,14:50:06,107.4600,34,2
2026-01-07,000858,14:50:09,107.4800,20,1
2026-01-07,000858,14:50:12,107.4800,6,1
2026-01-07,000858,14:50:15,107.4700,53,4
2026-01-07,000858,14:50:18,107.4700,19,2
2026-01-07,000858,14:50:21,107.4700,22,2
2026-01-07,000858,14:50:24,107.4700,2,2
2026-01-07,000858,14:50:27,107.4700,9,2
2026-01-07,000858,14:50:30,107.4800,19,1
2026-01-07,000858,14:50:33,107.4800,41,1
2026-01-07,000858,14:50:36,107.4700,4,2
2026-01-07,000858,14:50:39,107.4700,24,2
2026-01-07,000858,14:50:42,107.4700,7,2
2026-01-07,000858,14:50:45,107.4700,10,2
2026-01-07,000858,14:50:48,107.4700,39,2
2026-01-07,000858,14:50:51,107.4700,11,2
2026-01-07,000858,14:50:54,107.4800,22,1
2026-01-07,000858,14:50:57,107.4700,14,2
2026-01-07,000858,14:51:00,107.4800,11,4
2026-01-07,000858,14:51:03,107.4700,114,2
2026-01-07,000858,14:51:06,107.4600,92,2
2026-01-07,000858,14:51:09,107.4700,18,1
2026-01-07,000858,14:51:12,107.4600,23,2
2026-01-07,000858,14:51:15,107.4600,4,2
2026-01-07,000858,14:51:18,107.4700,20,1
2026-01-07,000858,14:51:21,107.4800,29,1
2026-01-07,000858,14:51:24,107.4700,13,2
2026-01-07,000858,14:51:27,107.4700,7,4
2026-01-07,000858,14:51:30,107.4600,9,2
2026-01-07,000858,14:51:33,107.4700,56,1
2026-01-07,000858,14:51:36,107.4600,8,2
2026-01-07,000858,14:51:39,107.4600,14,2
2026-01-07,000858,14:51:42,107.4600,85,2
2026-01-07,000858,14:51:45,107.4700,16,4
2026-01-07,000858,14:51:48,107.4700,3,2
2026-01-07,000858,14:51:51,107.4700,5,2
2026-01-07,000858,14:51:54,107.4700,5,1
2026-01-07,000858,14:51:57,107.4700,10,1
2026-01-07,000858,14:52:00,107.4700,16,1
2026-01-07,000858,14:52:03,107.4700,94,1
2026-01-07,000858,14:52:06,107.4700,13,2
2026-01-07,000858,14:52:09,107.4700,12,2
2026-01-07,000858,14:52:12,107.4900,102,1
2026-01-07,000858,14:52:15,107.4700,20,2
2026-01-07,000858,14:52:18,107.4800,38,2
2026-01-07,000858,14:52:21,107.4900,35,1
2026-01-07,000858,14:52:24,107.4800,4,2
2026-01-07,000858,14:52:27,107.4900,7,2
2026-01-07,000858,14:52:30,107.4800,159,2
2026-01-07,000858,14:52:33,107.4800,18,2
2026-01-07,000858,14:52:36,107.4800,18,1
2026-01-07,000858,14:52:39,107.4700,33,2
2026-01-07,000858,14:52:42,107.4700,21,1
2026-01-07,000858,14:52:45,107.4700,1,2
2026-01-07,000858,14:52:48,107.4900,45,1
2026-01-07,000858,14:52:51,107.4700,7,2
2026-01-07,000858,14:52:54,107.4800,18,2
2026-01-07,000858,14:52:57,107.4800,27,1
2026-01-07,000858,14:53:00,107.4900,27,1
2026-01-07,000858,14:53:03,107.4800,35,2
2026-01-07,000858,14:53:06,107.4900,13,1
2026-01-07,000858,14:53:09,107.4900,14,1
2026-01-07,000858,14:53:12,107.4900,16,1
2026-01-07,000858,14:53:15,107.4900,8,1
2026-01-07,000858,14:53:18,107.4800,57,2
2026-01-07,000858,14:53:21,107.4800,109,2
2026-01-07,000858,14:53:24,107.4900,17,1
2026-01-07,000858,14:53:27,107.4900,58,1
2026-01-07,000858,14:53:30,107.4600,16,2
2026-01-07,000858,14:53:33,107.4700,18,2
2026-01-07,000858,14:53:36,107.4700,3,2
2026-01-07,000858,14:53:39,107.4800,36,2
2026-01-07,000858,14:53:42,107.4900,5,1
2026-01-07,000858,14:53:45,107.5000,57,1
2026-01-07,000858,14:53:48,107.4800,17,2
2026-01-07,000858,14:53:51,107.4900,39,4
2026-01-07,000858,14:53:54,107.4700,49,2
2026-01-07,000858,14:53:57,107.4800,11,2
2026-01-07,000858,14:54:00,107.4700,5,2
2026-01-07,000858,14:54:03,107.4800,22,1
2026-01-07,000858,14:54:06,107.4700,14,2
2026-01-07,000858,14:54:09,107.4800,52,1
2026-01-07,000858,14:54:12,107.4700,15,2
2026-01-07,000858,14:54:15,107.4600,176,2
2026-01-07,000858,14:54:18,107.4700,62,1
2026-01-07,000858,14:54:21,107.4700,11,1
2026-01-07,000858,14:54:24,107.4700,24,1
2026-01-07,000858,14:54:27,107.4700,19,1
2026-01-07,000858,14:54:30,107.4600,15,2
2026-01-07,000858,14:54:33,107.4700,86,1
2026-01-07,000858,14:54:36,107.4800,19,1
2026-01-07,000858,14:54:39,107.4700,5,2
2026-01-07,000858,14:54:42,107.4700,3,2
2026-01-07,000858,14:54:45,107.4700,9,2
2026-01-07,000858,14:54:48,107.4800,6,1
2026-01-07,000858,14:54:51,107.4700,45,2
2026-01-07,000858,14:54:54,107.4800,86,1
2026-01-07,000858,14:54:57,107.4600,13,2
2026-01-07,000858,14:55:00,107.4800,11,1
2026-01-07,000858,14:55:03,107.4700,33,4
2026-01-07,000858,14:55:06,107.4600,50,2
2026-01-07,000858,14:55:09,107.4600,16,2
2026-01-07,000858,14:55:12,107.4700,96,2
2026-01-07,000858,14:55:15,107.4600,23,2
2026-01-07,000858,14:55:18,107.4700,7,1
2026-01-07,000858,14:55:21,107.4700,51,1
2026-01-07,000858,14:55:24,107.5000,11,1
2026-01-07,000858,14:55:27,107.4800,10,2
2026-01-07,000858,14:55:30,107.4600,16,2
2026-01-07,000858,14:55:33,107.4800,37,4
2026-01-07,000858,14:55:36,107.5000,15,1
2026-01-07,000858,14:55:39,107.4800,29,2
2026-01-07,000858,14:55:42,107.4900,15,2
2026-01-07,000858,14:55:45,107.4800,9,2
2026-01-07,000858,14:55:48,107.5000,25,1
2026-01-07,000858,14:55:51,107.4800,54,2
2026-01-07,000858,14:55:54,107.4900,33,4
2026-01-07,000858,14:55:57,107.5100,102,1
2026-01-07,000858,14:56:00,107.5100,64,1
2026-01-07,000858,14:56:03,107.5100,33,1
2026-01-07,000858,14:56:06,107.5100,20,1
2026-01-07,000858,14:56:09,107.5200,13,1
2026-01-07,000858,14:56:12,107.5000,21,2
2026-01-07,000858,14:56:15,107.5100,33,1
2026-01-07,000858,14:56:18,107.5100,45,1
2026-01-07,000858,14:56:21,107.4800,47,2
2026-01-07,000858,14:56:24,107.5000,31,1
2026-01-07,000858,14:56:27,107.5000,30,2
2026-01-07,000858,14:56:30,107.4700,52,2
2026-01-07,000858,14:56:33,107.4700,32,2
2026-01-07,000858,14:56:36,107.4700,91,2
2026-01-07,000858,14:56:39,107.5000,14,1
2026-01-07,000858,14:56:42,107.5300,29,1
2026-01-07,000858,14:56:45,107.5000,10,2
2026-01-07,000858,14:56:48,107.5000,24,1
2026-01-07,000858,14:56:51,107.5000,25,1
2026-01-07,000858,14:56:54,107.5000,19,2
2026-01-07,000858,14:56:57,107.5200,12,1
2026-01-07,000858,14:57:00,107.5200,4,1
2026-01-07,000858,15:00:02,107.5200,1273,4
2026-01-07,000858,13:13:48,108.0400,16,1
2026-01-07,000858,13:13:51,108.0400,5,1
2026-01-07,000858,13:13:54,108.0400,5,1
2026-01-07,000858,13:13:57,108.0200,90,2
2026-01-07,000858,13:14:00,108.0200,9,1
2026-01-07,000858,13:14:03,108.0200,15,1
2026-01-07,000858,13:14:06,108.0200,51,4
2026-01-07,000858,13:14:09,108.0400,21,1
2026-01-07,000858,13:14:12,108.0200,7,2
2026-01-07,000858,13:14:15,108.0100,2,2
2026-01-07,000858,13:14:18,108.0200,14,1
2026-01-07,000858,13:14:21,108.0100,10,2
2026-01-07,000858,13:14:24,108.0200,23,1
2026-01-07,000858,13:14:27,108.0200,177,4
2026-01-07,000858,13:14:30,108.1000,304,1
2026-01-07,000858,13:14:33,108.0900,16,2
2026-01-07,000858,13:14:36,108.1300,27,1
2026-01-07,000858,13:14:39,108.1300,44,1
2026-01-07,000858,13:14:42,108.1300,19,4
2026-01-07,000858,13:14:45,108.1500,55,1
2026-01-07,000858,13:14:48,108.1400,14,2
2026-01-07,000858,13:14:51,108.1600,225,1
2026-01-07,000858,13:14:54,108.1600,31,2
2026-01-07,000858,13:14:57,108.1600,65,2
2026-01-07,000858,13:15:00,108.1600,41,1
2026-01-07,000858,13:15:03,108.0800,70,2
2026-01-07,000858,13:15:06,108.0300,31,2
2026-01-07,000858,13:15:09,108.0100,31,2
2026-01-07,000858,13:15:12,107.9500,73,2
2026-01-07,000858,13:15:15,107.9500,44,2
2026-01-07,000858,13:15:18,107.9500,32,2
2026-01-07,000858,13:15:21,108.0000,4,1
2026-01-07,000858,13:15:24,108.0000,45,2
2026-01-07,000858,13:15:27,108.0200,18,1
2026-01-07,000858,13:15:30,108.0100,21,4
2026-01-07,000858,13:15:33,108.0200,7,1
2026-01-07,000858,13:15:36,108.0400,13,1
2026-01-07,000858,13:15:39,108.0300,5,2
2026-01-07,000858,13:15:42,108.0700,40,1
2026-01-07,000858,13:15:45,108.0700,18,2
2026-01-07,000858,13:15:48,108.0700,39,2
2026-01-07,000858,13:15:51,108.0700,8,1
2026-01-07,000858,13:15:54,108.0800,14,1
2026-01-07,000858,13:15:57,108.0600,7,1
2026-01-07,000858,13:16:00,108.0600,58,1
2026-01-07,000858,13:16:03,108.0200,40,2
2026-01-07,000858,13:16:06,108.0100,1,2
2026-01-07,000858,13:16:09,108.0000,34,2
2026-01-07,000858,13:16:12,108.0000,13,2
2026-01-07,000858,13:16:15,107.9600,36,2
2026-01-07,000858,13:16:18,107.9600,9,1
2026-01-07,000858,13:16:21,107.9500,63,2
2026-01-07,000858,13:16:24,107.9600,16,1
2026-01-07,000858,13:16:27,107.9500,79,2
2026-01-07,000858,13:16:30,107.9600,19,1
2026-01-07,000858,13:16:33,107.9800,4,1
2026-01-07,000858,13:16:36,107.9600,5,2
2026-01-07,000858,13:16:39,107.9600,1,2
2026-01-07,000858,13:16:42,107.9800,2,2
2026-01-07,000858,13:16:45,107.9800,10,1
2026-01-07,000858,13:16:48,108.0000,37,1
2026-01-07,000858,13:16:51,108.0400,44,1
2026-01-07,000858,13:16:54,108.0500,15,1
2026-01-07,000858,13:16:57,108.0100,14,2
2026-01-07,000858,13:17:00,108.0100,14,2
2026-01-07,000858,13:17:03,108.0000,74,2
2026-01-07,000858,13:17:06,108.0100,5,1
2026-01-07,000858,13:17:09,108.0000,17,2
2026-01-07,000858,13:17:12,108.0000,21,1
2026-01-07,000858,13:17:15,108.0000,6,1
2026-01-07,000858,13:17:18,107.9800,6,2
2026-01-07,000858,13:17:21,107.9800,4,2
2026-01-07,000858,13:17:24,107.9900,3,1
2026-01-07,000858,13:17:27,107.9900,14,1
2026-01-07,000858,13:17:30,107.9900,44,2
2026-01-07,000858,13:17:33,107.9900,12,2
2026-01-07,000858,13:17:36,107.9800,17,2
2026-01-07,000858,13:17:39,108.0000,7,1
2026-01-07,000858,13:17:42,107.9800,28,2
2026-01-07,000858,13:17:45,107.9900,14,4
2026-01-07,000858,13:17:48,108.0100,12,1
2026-01-07,000858,13:17:51,108.0300,31,1
2026-01-07,000858,13:17:54,108.0400,9,1
2026-01-07,000858,13:17:57,108.0400,16,2
2026-01-07,000858,13:18:00,108.0300,18,2
2026-01-07,000858,13:18:03,108.0300,57,2
2026-01-07,000858,13:18:06,108.0200,13,1
2026-01-07,000858,13:18:09,108.0400,39,1
2026-01-07,000858,13:18:12,108.0300,34,1
2026-01-07,000858,13:18:15,108.0200,5,2
2026-01-07,000858,13:18:18,108.0300,1,1
2026-01-07,000858,13:18:21,108.0000,16,2
2026-01-07,000858,13:18:24,108.0000,7,1
2026-01-07,000858,13:18:27,108.0000,4,1
2026-01-07,000858,13:18:30,108.0000,6,1
2026-01-07,000858,13:18:33,107.9900,9,2
2026-01-07,000858,13:18:36,108.0000,5,1
2026-01-07,000858,13:18:39,108.0000,4,1
2026-01-07,000858,13:18:42,107.9900,60,2
2026-01-07,000858,13:18:45,107.9900,95,2
2026-01-07,000858,13:18:48,108.0000,2,2
2026-01-07,000858,13:18:51,108.0100,8,1
2026-01-07,000858,13:18:54,108.0000,4,2
2026-01-07,000858,13:18:57,108.0200,38,1
2026-01-07,000858,13:19:03,108.0200,15,2
2026-01-07,000858,13:19:06,108.0200,20,2
2026-01-07,000858,13:19:09,108.0200,34,2
2026-01-07,000858,13:19:12,108.0300,18,4
2026-01-07,000858,13:19:15,108.0300,1,2
2026-01-07,000858,13:19:18,108.0300,8,2
2026-01-07,000858,13:19:21,108.0200,16,2
2026-01-07,000858,13:19:24,108.0100,3,2
2026-01-07,000858,13:19:27,108.0100,19,2
2026-01-07,000858,13:19:30,108.0000,36,2
2026-01-07,000858,13:19:33,108.0100,1,1
2026-01-07,000858,13:19:36,107.9900,129,2
2026-01-07,000858,13:19:39,107.9900,60,1
2026-01-07,000858,13:19:42,107.9900,4,2
2026-01-07,000858,13:19:45,108.0000,27,1
2026-01-07,000858,13:19:48,107.9700,132,2
2026-01-07,000858,13:19:51,107.9700,46,2
2026-01-07,000858,13:19:54,107.9700,83,1
2026-01-07,000858,13:19:57,108.0000,10,1
2026-01-07,000858,13:20:00,107.9400,38,2
2026-01-07,000858,13:20:03,107.9600,7,1
2026-01-07,000858,13:20:06,107.9400,19,2
2026-01-07,000858,13:20:09,107.9500,81,1
2026-01-07,000858,13:20:12,107.9100,64,2
2026-01-07,000858,13:20:15,107.9100,198,1
2026-01-07,000858,13:20:18,107.9100,32,2
2026-01-07,000858,13:20:21,107.9500,25,1
2026-01-07,000858,13:20:24,107.9500,8,2
2026-01-07,000858,13:20:27,108.0000,3,1
2026-01-07,000858,13:20:30,107.9500,1,2
2026-01-07,000858,13:20:33,107.9500,19,2
2026-01-07,000858,13:20:36,107.9500,15,2
2026-01-07,000858,13:20:39,107.9500,3,2
2026-01-07,000858,13:20:45,107.9400,25,2
2026-01-07,000858,13:20:48,107.9400,5,2
2026-01-07,000858,13:20:51,107.9700,7,1
2026-01-07,000858,13:20:57,107.9700,1,1
2026-01-07,000858,13:21:00,107.9400,44,2
2026-01-07,000858,13:21:03,107.9500,24,1
2026-01-07,000858,13:21:06,107.9700,11,1
2026-01-07,000858,13:21:09,107.9400,1,2
2026-01-07,000858,13:21:15,107.9400,10,2
2026-01-07,000858,13:21:18,107.9500,28,2
2026-01-07,000858,13:21:21,107.9400,44,2
2026-01-07,000858,13:21:24,107.9300,47,2
2026-01-07,000858,13:21:27,107.9400,5,1
2026-01-07,000858,13:21:30,107.9300,13,2
2026-01-07,000858,13:21:33,107.9300,3,2
2026-01-07,000858,13:21:36,107.9200,10,2
2026-01-07,000858,13:21:39,107.9400,21,1
2026-01-07,000858,13:21:42,107.9200,48,2
2026-01-07,000858,13:21:45,107.9200,11,1
2026-01-07,000858,13:21:48,107.9100,61,2
2026-01-07,000858,13:21:51,107.9100,28,2
2026-01-07,000858,13:21:54,107.9200,30,1
2026-01-07,000858,13:21:57,107.9100,21,2
2026-01-07,000858,13:22:00,107.9200,12,1
2026-01-07,000858,13:22:03,107.9200,22,1
2026-01-07,000858,13:22:06,107.9100,13,2
2026-01-07,000858,13:22:09,107.9200,6,1
2026-01-07,000858,13:22:12,107.9100,101,2
2026-01-07,000858,13:22:15,107.9300,19,1
2026-01-07,000858,13:22:21,107.9200,6,2
2026-01-07,000858,13:22:24,107.9300,18,1
2026-01-07,000858,13:22:27,107.9400,8,1
2026-01-07,000858,13:22:30,107.9300,21,2
2026-01-07,000858,13:22:33,107.9400,32,1
2026-01-07,000858,13:22:36,107.9400,10,1
2026-01-07,000858,13:22:39,107.9400,17,1
2026-01-07,000858,13:22:42,107.9300,83,4
2026-01-07,000858,13:22:45,107.9600,58,1
2026-01-07,000858,13:22:48,107.9700,7,1
2026-01-07,000858,13:22:51,107.9600,21,2
2026-01-07,000858,13:22:54,107.9700,4,1
2026-01-07,000858,13:22:57,107.9600,23,2
2026-01-07,000858,13:23:00,107.9600,21,2
2026-01-07,000858,13:23:03,107.9600,14,2
2026-01-07,000858,13:23:06,107.9600,14,1
2026-01-07,000858,13:23:09,107.9500,1,2
2026-01-07,000858,13:23:12,107.9500,20,2
2026-01-07,000858,13:23:15,107.9500,16,2
2026-01-07,000858,13:23:18,107.9500,31,2
2026-01-07,000858,13:23:21,107.9500,13,2
2026-01-07,000858,13:23:24,107.9600,13,1
2026-01-07,000858,13:23:27,107.9400,1,2
2026-01-07,000858,13:23:30,107.9600,17,1
2026-01-07,000858,13:23:33,107.9700,35,1
2026-01-07,000858,13:23:36,107.9400,14,2
2026-01-07,000858,13:23:39,107.9600,1,1
2026-01-07,000858,13:23:42,107.9500,39,2
2026-01-07,000858,13:23:45,107.9600,5,1
2026-01-07,000858,13:23:48,107.9500,15,2
2026-01-07,000858,13:23:51,107.9500,4,2
2026-01-07,000858,13:23:54,107.9500,11,2
2026-01-07,000858,13:23:57,107.9500,9,1
2026-01-07,000858,13:24:00,107.9400,2,4
2026-01-07,000858,13:24:03,107.9300,26,2
2026-01-07,000858,13:24:06,107.9500,6,1
2026-01-07,000858,13:24:09,107.9400,7,4
2026-01-07,000858,13:24:15,107.9400,19,2
2026-01-07,000858,13:24:18,107.9400,4,2
2026-01-07,000858,13:24:21,107.9400,33,2
2026-01-07,000858,13:24:24,107.9400,10,2
2026-01-07,000858,13:24:27,107.9400,23,2
2026-01-07,000858,13:24:30,107.9400,23,2
2026-01-07,000858,13:24:33,107.9400,11,2
2026-01-07,000858,13:24:36,107.9400,11,2
2026-01-07,000858,13:24:39,107.9400,16,2
2026-01-07,000858,13:24:42,107.9400,4,2
2026-01-07,000858,13:24:45,107.9400,36,2
2026-01-07,000858,13:24:48,107.9400,6,2
2026-01-07,000858,13:24:51,107.9400,11,2
2026-01-07,000858,13:24:54,107.9500,16,1
2026-01-07,000858,13:24:57,107.9400,3,2
2026-01-07,000858,13:25:00,107.9400,8,1
2026-01-07,000858,13:25:03,107.9400,4,1
2026-01-07,000858,13:25:06,107.9400,43,1
2026-01-07,000858,13:25:09,107.9500,12,1
2026-01-07,000858,13:25:12,107.9600,35,1
2026-01-07,000858,13:25:15,107.9500,10,4
2026-01-07,000858,13:25:18,107.9600,15,1
2026-01-07,000858,13:25:21,107.9500,28,2
2026-01-07,000858,13:25:24,107.9500,13,2
2026-01-07,000858,13:25:27,107.9600,9,1
2026-01-07,000858,13:25:30,107.9500,101,2
2026-01-07,000858,13:25:33,107.9400,6,2
2026-01-07,000858,13:25:36,107.9400,48,1
2026-01-07,000858,13:25:39,107.9400,15,2
2026-01-07,000858,13:25:42,107.9500,18,1
2026-01-07,000858,13:25:45,107.9400,8,1
2026-01-07,000858,13:25:48,107.9300,16,2
2026-01-07,000858,13:25:51,107.9400,16,1
2026-01-07,000858,13:25:54,107.9200,6,2
2026-01-07,000858,13:25:57,107.9200,23,2
2026-01-07,000858,13:26:00,107.9200,12,1
2026-01-07,000858,13:26:03,107.9100,10,2
2026-01-07,000858,13:26:06,107.9100,15,2
2026-01-07,000858,13:26:09,107.9100,57,2
2026-01-07,000858,13:26:12,107.9200,22,1
2026-01-07,000858,13:26:15,107.9100,18,1
2026-01-07,000858,13:26:18,107.9100,10,1
2026-01-07,000858,13:26:21,107.9000,8,2
2026-01-07,000858,13:26:24,107.9000,19,2
2026-01-07,000858,13:26:27,107.9100,28,1
2026-01-07,000858,13:26:30,107.9200,10,1
2026-01-07,000858,13:26:33,107.9100,11,2
2026-01-07,000858,13:26:36,107.9100,13,2
2026-01-07,000858,13:26:39,107.9100,2,2
2026-01-07,000858,13:26:42,107.9100,25,2
2026-01-07,000858,13:26:45,107.9100,20,2
2026-01-07,000858,13:26:48,107.9100,7,1
2026-01-07,000858,13:26:51,107.9100,77,1
2026-01-07,000858,13:26:54,107.9000,2,2
2026-01-07,000858,13:26:57,107.9000,17,2
2026-01-07,000858,13:27:00,107.9000,8,2
2026-01-07,000858,13:27:03,107.9000,47,2
2026-01-07,000858,13:27:06,107.8900,15,2
2026-01-07,000858,13:27:09,107.8500,80,2
2026-01-07,000858,13:27:12,107.8800,1,1
2026-01-07,000858,13:27:15,107.8700,47,1
2026-01-07,000858,13:27:18,107.8300,9,2
2026-01-07,000858,13:27:21,107.8500,17,1
2026-01-07,000858,13:27:24,107.8500,2,2
2026-01-07,000858,13:27:27,107.8500,14,2
2026-01-07,000858,13:27:30,107.8500,16,2
2026-01-07,000858,13:27:33,107.8500,29,2
2026-01-07,000858,13:27:36,107.8400,20,2
2026-01-07,000858,13:27:39,107.8400,17,2
2026-01-07,000858,13:27:42,107.8400,5,1
2026-01-07,000858,13:27:45,107.8300,10,2
2026-01-07,000858,13:27:48,107.8300,1,2
2026-01-07,000858,13:27:51,107.8300,24,2
2026-01-07,000858,13:27:54,107.8400,38,1
2026-01-07,000858,13:27:57,107.8300,13,2
2026-01-07,000858,13:28:00,107.8300,33,2
2026-01-07,000858,13:28:03,107.8300,5,1
2026-01-07,000858,13:28:06,107.8300,15,1
2026-01-07,000858,13:28:09,107.8100,86,2
2026-01-07,000858,13:28:12,107.8200,1,1
2026-01-07,000858,13:28:15,107.8000,58,2
2026-01-07,000858,13:28:18,107.8000,52,2
2026-01-07,000858,13:28:21,107.8100,15,1
2026-01-07,000858,13:28:24,107.8200,217,1
2026-01-07,000858,13:28:27,107.8000,67,2
2026-01-07,000858,13:28:30,107.8500,39,1
2026-01-07,000858,13:28:33,107.8500,32,2
2026-01-07,000858,13:28:36,107.8600,13,1
2026-01-07,000858,13:28:39,107.8200,8,2
2026-01-07,000858,13:28:42,107.8500,10,1
2026-01-07,000858,13:28:45,107.8500,5,1
2026-01-07,000858,13:28:48,107.8300,2,2
2026-01-07,000858,13:28:51,107.8400,9,1
2026-01-07,000858,13:28:54,107.8400,11,2
2026-01-07,000858,13:28:57,107.8500,17,1
2026-01-07,000858,13:29:00,107.8500,21,1
2026-01-07,000858,13:29:03,107.8500,61,1
2026-01-07,000858,13:29:06,107.8400,22,2
2026-01-07,000858,13:29:09,107.8300,1,2
2026-01-07,000858,13:29:12,107.8300,37,2
2026-01-07,000858,13:29:15,107.8400,20,1
2026-01-07,000858,13:29:18,107.8300,11,2
2026-01-07,000858,13:29:21,107.8300,9,2
2026-01-07,000858,13:29:24,107.8400,58,1
2026-01-07,000858,13:29:30,107.8300,23,1
2026-01-07,000858,13:29:33,107.8300,21,2
2026-01-07,000858,13:29:36,107.8300,11,1
2026-01-07,000858,13:29:39,107.8200,29,4
2026-01-07,000858,13:29:42,107.8200,28,1
2026-01-07,000858,13:29:45,107.8200,36,2
2026-01-07,000858,13:29:48,107.8200,121,1
2026-01-07,000858,13:29:51,107.8100,59,2
2026-01-07,000858,13:29:54,107.8400,30,1
2026-01-07,000858,13:29:57,107.8300,33,1
2026-01-07,000858,13:30:00,107.8500,16,1
2026-01-07,000858,13:30:03,107.8500,3,2
2026-01-07,000858,13:30:06,107.8600,10,1
2026-01-07,000858,13:30:09,107.8500,28,2
2026-01-07,000858,13:30:12,107.8600,40,1
2026-01-07,000858,13:30:15,107.8600,7,1
2026-01-07,000858,13:30:18,107.8500,38,2
2026-01-07,000858,13:30:21,107.8600,40,1
2026-01-07,000858,13:30:24,107.8400,4,2
2026-01-07,000858,13:30:27,107.8700,31,1
2026-01-07,000858,13:30:30,107.8700,20,1
2026-01-07,000858,13:30:33,107.8300,29,2
2026-01-07,000858,13:30:36,107.8700,6,1
2026-01-07,000858,13:30:39,107.8700,23,2
2026-01-07,000858,13:30:42,107.8800,25,1
2026-01-07,000858,13:30:45,107.8800,9,1
2026-01-07,000858,13:30:48,107.8600,60,2
2026-01-07,000858,13:30:51,107.8800,13,1
2026-01-07,000858,13:30:54,107.8700,5,1
2026-01-07,000858,13:30:57,107.8600,1,4
2026-01-07,000858,13:31:00,107.8600,13,2
2026-01-07,000858,13:31:03,107.8600,11,1
2026-01-07,000858,13:31:06,107.8600,33,1
2026-01-07,000858,13:31:09,107.8500,13,2
2026-01-07,000858,13:31:12,107.8500,41,2
2026-01-07,000858,13:31:15,107.8700,14,1
2026-01-07,000858,13:31:18,107.8500,39,2
2026-01-07,000858,13:31:21,107.8500,9,2
2026-01-07,000858,13:31:24,107.8500,1,2
2026-01-07,000858,13:31:27,107.8400,134,2
2026-01-07,000858,13:31:30,107.8500,7,1
2026-01-07,000858,13:31:33,107.8500,19,2
2026-01-07,000858,13:31:36,107.8500,11,2
2026-01-07,000858,13:31:39,107.8900,67,1
2026-01-07,000858,13:31:42,107.8500,26,2
2026-01-07,000858,13:31:45,107.8800,7,1
2026-01-07,000858,13:31:51,107.8400,21,2
2026-01-07,000858,13:31:54,107.8700,127,1
2026-01-07,000858,13:31:57,107.8000,46,2
2026-01-07,000858,13:32:00,107.8700,24,1
2026-01-07,000858,13:32:03,107.8000,15,2
2026-01-07,000858,13:32:06,107.8400,19,1
2026-01-07,000858,13:32:09,107.8000,10,2
2026-01-07,000858,13:32:12,107.8300,7,1
2026-01-07,000858,13:32:15,107.8000,31,2
2026-01-07,000858,13:32:18,107.8300,1,1
2026-01-07,000858,13:32:21,107.8200,24,1
2026-01-07,000858,13:32:24,107.8000,42,2
2026-01-07,000858,13:32:27,107.8000,22,2
2026-01-07,000858,13:32:30,107.8300,7,1
2026-01-07,000858,13:32:33,107.8000,2,2
2026-01-07,000858,13:32:39,107.8000,19,2
2026-01-07,000858,13:32:42,107.8200,4,1
2026-01-07,000858,13:32:45,107.8200,37,1
2026-01-07,000858,13:32:48,107.8100,5,2
2026-01-07,000858,13:32:51,107.8300,4,1
2026-01-07,000858,13:32:54,107.8300,1,2
2026-01-07,000858,13:32:57,107.8300,25,2
2026-01-07,000858,13:33:00,107.8400,28,1
2026-01-07,000858,13:33:03,107.8300,13,2
2026-01-07,000858,13:33:06,107.8400,6,1
2026-01-07,000858,13:33:09,107.8300,1,2
2026-01-07,000858,13:33:12,107.8400,13,1
2026-01-07,000858,13:33:15,107.8400,9,1
2026-01-07,000858,13:33:18,107.8300,7,2
2026-01-07,000858,13:33:21,107.8300,37,2
2026-01-07,000858,13:33:24,107.8300,6,2
2026-01-07,000858,13:33:27,107.8300,14,2
2026-01-07,000858,13:33:30,107.8400,19,1
2026-01-07,000858,13:33:33,107.8300,96,2
2026-01-07,000858,13:33:36,107.8200,26,2
2026-01-07,000858,13:33:39,107.8300,5,2
2026-01-07,000858,13:33:42,107.8500,5,1
2026-01-07,000858,13:33:45,107.8200,26,2
2026-01-07,000858,13:33:48,107.8200,1,2
2026-01-07,000858,13:33:51,107.8200,17,2
2026-01-07,000858,13:33:54,107.8200,5,2
2026-01-07,000858,13:33:57,107.8200,47,2
2026-01-07,000858,13:34:00,107.8400,17,1
2026-01-07,000858,13:34:03,107.8200,8,2
2026-01-07,000858,13:34:06,107.8200,7,2
2026-01-07,000858,13:34:09,107.8300,14,1
2026-01-07,000858,13:34:12,107.8200,9,2
2026-01-07,000858,13:34:15,107.8300,3,1
2026-01-07,000858,13:34:18,107.8200,12,2
2026-01-07,000858,13:34:21,107.8300,20,1
2026-01-07,000858,13:34:24,107.8200,10,2
2026-01-07,000858,13:34:27,107.8200,18,2
2026-01-07,000858,13:34:30,107.8300,3,1
2026-01-07,000858,13:34:33,107.8500,85,1
2026-01-07,000858,13:34:36,107.8300,59,2
2026-01-07,000858,13:34:39,107.8300,4,2
2026-01-07,000858,13:34:42,107.8400,11,1
2026-01-07,000858,13:34:45,107.8400,1,1
2026-01-07,000858,13:34:48,107.8300,24,2
2026-01-07,000858,13:34:51,107.8500,6,1
2026-01-07,000858,13:34:54,107.8400,2,2
2026-01-07,000858,13:34:57,107.8400,4,2
2026-01-07,000858,13:35:00,107.8500,8,1
2026-01-07,000858,13:35:03,107.8400,2,2
2026-01-07,000858,13:35:06,107.8400,15,2
2026-01-07,000858,13:35:09,107.8400,5,2
2026-01-07,000858,13:35:12,107.8400,12,2
2026-01-07,000858,13:35:15,107.8500,7,1
2026-01-07,000858,13:35:18,107.8500,9,1
2026-01-07,000858,13:35:21,107.8600,30,1
2026-01-07,000858,13:35:24,107.8500,19,2
2026-01-07,000858,13:35:27,107.8500,27,2
2026-01-07,000858,13:35:30,107.8700,8,1
2026-01-07,000858,13:35:33,107.8800,14,1
2026-01-07,000858,13:35:36,107.8800,24,1
2026-01-07,000858,13:35:39,107.8800,23,2
2026-01-07,000858,13:35:42,107.8800,21,2
2026-01-07,000858,13:35:45,107.8900,29,1
2026-01-07,000858,13:35:48,107.8900,16,2
2026-01-07,000858,13:35:51,107.8900,17,2
2026-01-07,000858,13:35:54,107.8900,3,2
2026-01-07,000858,13:35:57,107.9000,32,1
2026-01-07,000858,13:36:00,107.9000,14,1
2026-01-07,000858,13:36:03,107.8900,1,2
2026-01-07,000858,13:36:06,107.9000,2,1
2026-01-07,000858,13:36:09,107.8900,32,2
2026-01-07,000858,13:36:12,107.9000,12,2
2026-01-07,000858,13:36:15,107.9000,1,2
2026-01-07,000858,13:36:18,107.9000,2,2
2026-01-07,000858,13:36:21,107.9000,12,2
2026-01-07,000858,13:36:24,107.9100,4,1
2026-01-07,000858,13:36:27,107.9100,14,1
2026-01-07,000858,13:36:30,107.9000,3,2
2026-01-07,000858,13:36:33,107.9000,65,2
2026-01-07,000858,13:36:36,107.9000,26,2
2026-01-07,000858,13:36:39,107.9000,6,2
2026-01-07,000858,13:36:42,107.9100,5,1
2026-01-07,000858,13:36:45,107.9000,12,2
2026-01-07,000858,13:36:48,107.9000,17,2
2026-01-07,000858,13:36:51,107.9000,14,2
2026-01-07,000858,13:36:54,107.9100,1,1
2026-01-07,000858,13:36:57,107.9100,6,1
2026-01-07,000858,13:37:00,107.9000,36,2
2026-01-07,000858,13:37:03,107.9000,22,2
2026-01-07,000858,13:37:06,107.9000,113,2
2026-01-07,000858,13:37:09,107.8900,17,2
2026-01-07,000858,13:37:12,107.8900,20,2
2026-01-07,000858,13:37:15,107.9000,2,4
2026-01-07,000858,13:37:18,107.8900,4,2
2026-01-07,000858,13:37:21,107.8900,4,2
2026-01-07,000858,13:37:24,107.9000,3,1
2026-01-07,000858,13:37:27,107.8900,9,2
2026-01-07,000858,13:37:33,107.9000,6,1
2026-01-07,000858,13:37:36,107.8900,6,2
2026-01-07,000858,13:37:39,107.8900,3,2
2026-01-07,000858,13:37:42,107.9000,4,1
2026-01-07,000858,13:37:45,107.8900,11,2
2026-01-07,000858,13:37:48,107.8900,7,2
2026-01-07,000858,13:37:51,107.8900,22,2
2026-01-07,000858,13:37:54,107.9000,25,1
2026-01-07,000858,13:37:57,107.8900,14,2
2026-01-07,000858,13:38:00,107.9000,24,1
2026-01-07,000858,13:38:03,107.9000,5,4
2026-01-07,000858,13:38:06,107.9000,24,1
2026-01-07,000858,13:38:09,107.9000,5,1
2026-01-07,000858,13:38:12,107.9000,11,2
2026-01-07,000858,13:38:15,107.9000,13,1
2026-01-07,000858,13:38:18,107.9000,4,1
2026-01-07,000858,13:38:21,107.8900,7,2
2026-01-07,000858,13:38:24,107.8900,20,2
2026-01-07,000858,13:38:27,107.9000,23,1
2026-01-07,000858,13:38:30,107.8900,8,2
2026-01-07,000858,13:38:33,107.8900,12,2
2026-01-07,000858,13:38:36,107.9000,9,1
2026-01-07,000858,13:38:39,107.8900,25,2
2026-01-07,000858,13:38:42,107.8900,23,2
2026-01-07,000858,13:38:45,107.9000,65,1
2026-01-07,000858,13:38:48,107.8900,14,2
2026-01-07,000858,13:38:51,107.9000,15,1
2026-01-07,000858,13:38:54,107.9000,6,1
2026-01-07,000858,13:38:57,107.9000,6,1
2026-01-07,000858,13:39:00,107.8800,55,2
2026-01-07,000858,13:39:03,107.8700,70,2
2026-01-07,000858,13:39:06,107.8900,32,1
2026-01-07,000858,13:39:09,107.8600,51,2
2026-01-07,000858,13:39:12,107.8700,20,1
2026-01-07,000858,13:39:15,107.8700,14,1
2026-01-07,000858,13:39:18,107.8400,97,2
2026-01-07,000858,13:39:21,107.8500,16,1
2026-01-07,000858,13:39:24,107.8400,7,2
2026-01-07,000858,13:39:27,107.8600,12,1
2026-01-07,000858,13:39:30,107.8500,7,4
2026-01-07,000858,13:39:33,107.8500,4,1
2026-01-07,000858,13:39:36,107.8600,8,1
2026-01-07,000858,13:39:39,107.8500,2,1
2026-01-07,000858,13:39:42,107.8500,5,1
2026-01-07,000858,13:39:45,107.8500,20,2
2026-01-07,000858,13:39:48,107.8500,11,2
2026-01-07,000858,13:39:51,107.8600,8,1
2026-01-07,000858,13:39:54,107.8600,14,1
2026-01-07,000858,13:39:57,107.8600,40,1
2026-01-07,000858,13:40:00,107.8600,3,2
2026-01-07,000858,13:40:03,107.8600,8,1
2026-01-07,000858,13:40:06,107.8500,2,2
2026-01-07,000858,13:40:09,107.8400,4,2
2026-01-07,000858,13:40:12,107.8400,4,2
2026-01-07,000858,13:40:15,107.8500,10,1
2026-01-07,000858,13:40:18,107.8400,72,2
2026-01-07,000858,13:40:21,107.8600,12,1
2026-01-07,000858,13:40:24,107.8500,5,1
2026-01-07,000858,13:40:27,107.8300,14,2
2026-01-07,000858,13:40:30,107.8100,59,2
2026-01-07,000858,13:40:33,107.8200,71,1
2026-01-07,000858,13:40:36,107.8000,38,2
2026-01-07,000858,13:40:39,107.8000,51,2
2026-01-07,000858,13:40:42,107.7900,92,2
2026-01-07,000858,13:40:45,107.7800,31,2
2026-01-07,000858,13:40:48,107.8000,14,1
2026-01-07,000858,13:40:51,107.7900,10,1
2026-01-07,000858,13:40:57,107.7800,63,2
2026-01-07,000858,13:41:00,107.7900,2,1
2026-01-07,000858,13:41:03,107.7700,22,2
2026-01-07,000858,13:41:06,107.7800,56,1
2026-01-07,000858,13:41:09,107.7700,61,2
2026-01-07,000858,13:41:12,107.7600,153,2
2026-01-07,000858,13:41:15,107.7500,3,1
2026-01-07,000858,13:41:18,107.7200,34,2
2026-01-07,000858,13:41:21,107.7200,13,2
2026-01-07,000858,13:41:24,107.7200,61,2
2026-01-07,000858,13:41:27,107.7100,58,2
2026-01-07,000858,13:41:30,107.7200,5,2
2026-01-07,000858,13:41:33,107.7200,43,2
2026-01-07,000858,13:41:36,107.7200,112,2
2026-01-07,000858,13:41:39,107.7000,5,2
2026-01-07,000858,13:41:42,107.7000,30,1
2026-01-07,000858,13:41:45,107.7000,5,2
2026-01-07,000858,13:41:48,107.6800,25,2
2026-01-07,000858,13:41:51,107.7000,6,1
2026-01-07,000858,13:41:54,107.6800,31,2
2026-01-07,000858,13:41:57,107.7200,7,1
2026-01-07,000858,13:42:00,107.7100,16,1
2026-01-07,000858,13:42:03,107.7200,107,1
2026-01-07,000858,13:42:06,107.7900,23,1
2026-01-07,000858,13:42:09,107.7200,46,2
2026-01-07,000858,13:42:12,107.7700,20,1
2026-01-07,000858,13:42:15,107.7500,2,2
2026-01-07,000858,13:42:18,107.7500,41,2
2026-01-07,000858,13:42:21,107.7500,42,1
2026-01-07,000858,13:42:24,107.7500,19,2
2026-01-07,000858,13:42:27,107.8000,104,1
2026-01-07,000858,13:42:30,107.7700,30,1
2026-01-07,000858,13:42:33,107.7200,20,2
2026-01-07,000858,13:42:36,107.7200,9,2
2026-01-07,000858,13:42:42,107.7100,7,2
2026-01-07,000858,13:42:45,107.7000,59,2
2026-01-07,000858,13:42:48,107.7100,6,1
2026-01-07,000858,13:42:51,107.7400,21,1
2026-01-07,000858,13:42:54,107.7400,5,2
2026-01-07,000858,13:42:57,107.7700,8,1
2026-01-07,000858,13:43:00,107.7400,56,2
2026-01-07,000858,13:43:03,107.7500,1,2
2026-01-07,000858,13:43:06,107.8000,31,1
2026-01-07,000858,13:43:09,107.7500,25,2
2026-01-07,000858,13:43:12,107.7900,15,1
2026-01-07,000858,13:43:15,107.7400,1,2
2026-01-07,000858,13:43:18,107.8000,73,1
2026-01-07,000858,13:43:21,107.8100,19,1
2026-01-07,000858,13:43:24,107.8200,9,1
2026-01-07,000858,13:43:27,107.8000,63,2
2026-01-07,000858,13:43:30,107.7900,37,2
2026-01-07,000858,13:43:33,107.7900,35,2
2026-01-07,000858,13:43:36,107.7900,13,1
2026-01-07,000858,13:43:39,107.7400,22,2
2026-01-07,000858,13:43:42,107.7100,7,2
2026-01-07,000858,13:43:48,107.7100,11,2
2026-01-07,000858,13:43:51,107.7100,13,2
2026-01-07,000858,13:43:54,107.7000,60,2
2026-01-07,000858,13:43:57,107.7100,18,2
2026-01-07,000858,13:44:00,107.7100,5,2
2026-01-07,000858,13:44:03,107.7100,1,2
2026-01-07,000858,13:44:06,107.7500,46,1
2026-01-07,000858,13:44:09,107.7000,1,2
2026-01-07,000858,13:44:12,107.7100,46,2
2026-01-07,000858,13:44:15,107.7000,2,2
2026-01-07,000858,13:44:18,107.7400,11,1
2026-01-07,000858,13:44:21,107.7100,35,2
2026-01-07,000858,13:44:24,107.7100,18,2
2026-01-07,000858,13:44:27,107.7100,16,2
2026-01-07,000858,13:44:30,107.7200,21,1
2026-01-07,000858,13:44:33,107.7100,10,4
2026-01-07,000858,13:44:36,107.7000,1,2
2026-01-07,000858,13:44:39,107.7100,24,1
2026-01-07,000858,13:44:42,107.7000,72,2
2026-01-07,000858,13:44:45,107.6900,6,4
2026-01-07,000858,13:44:48,107.6800,25,2
2026-01-07,000858,13:44:51,107.6900,12,1
2026-01-07,000858,13:44:54,107.6800,3,2
2026-01-07,000858,13:44:57,107.7000,14,1
2026-01-07,000858,13:45:00,107.6800,7,2
2026-01-07,000858,13:45:03,107.7000,13,4
2026-01-07,000858,13:45:06,107.7200,2,1
2026-01-07,000858,13:45:09,107.6800,6,2
2026-01-07,000858,13:45:12,107.7200,15,1
2026-01-07,000858,13:45:15,107.6800,11,2
2026-01-07,000858,13:45:18,107.7100,22,1
2026-01-07,000858,13:45:21,107.7200,5,1
2026-01-07,000858,13:45:24,107.6900,23,2
2026-01-07,000858,13:45:27,107.7000,69,2
2026-01-07,000858,13:45:30,107.7200,31,4
2026-01-07,000858,13:45:33,107.7400,123,1
2026-01-07,000858,13:45:36,107.7700,26,1
2026-01-07,000858,13:45:39,107.7400,72,2
2026-01-07,000858,13:45:42,107.7900,43,1
2026-01-07,000858,13:45:45,107.7600,5,2
2026-01-07,000858,13:45:48,107.7500,32,2
2026-01-07,000858,13:45:51,107.7800,23,1
2026-01-07,000858,13:45:54,107.7600,20,2
2026-01-07,000858,13:45:57,107.7900,10,1
2026-01-07,000858,13:46:00,107.7600,4,2
2026-01-07,000858,13:46:03,107.7600,45,2
2026-01-07,000858,13:46:06,107.7700,40,1
2026-01-07,000858,13:46:09,107.7600,48,4
2026-01-07,000858,13:46:12,107.7600,22,1
2026-01-07,000858,13:46:15,107.7200,20,1
2026-01-07,000858,13:46:18,107.7000,16,2
2026-01-07,000858,13:46:21,107.7200,5,1
2026-01-07,000858,13:46:24,107.7200,2,2
2026-01-07,000858,13:46:27,107.7300,4,1
2026-01-07,000858,13:46:30,107.7000,29,2
2026-01-07,000858,13:46:33,107.7000,56,2
2026-01-07,000858,13:46:36,107.6800,46,2
2026-01-07,000858,13:46:39,107.6800,32,2
2026-01-07,000858,13:46:42,107.6800,62,1
2026-01-07,000858,13:46:48,107.6700,30,1
2026-01-07,000858,13:46:51,107.6700,11,1
2026-01-07,000858,13:46:54,107.6700,6,1
2026-01-07,000858,13:46:57,107.6700,73,1
2026-01-07,000858,13:47:00,107.6600,62,4
2026-01-07,000858,13:47:03,107.6500,10,2
2026-01-07,000858,13:47:06,107.6500,10,2
2026-01-07,000858,13:47:09,107.6600,3,1
2026-01-07,000858,13:47:12,107.6500,41,2
2026-01-07,000858,13:47:15,107.6600,3,2
2026-01-07,000858,13:47:18,107.6600,1,2
2026-01-07,000858,13:47:21,107.6600,15,2
2026-01-07,000858,13:47:24,107.6700,30,4
2026-01-07,000858,13:47:27,107.6700,8,1
2026-01-07,000858,13:47:30,107.6900,14,1
2026-01-07,000858,13:47:33,107.7000,6,1
2026-01-07,000858,13:47:36,107.7100,18,1
2026-01-07,000858,13:47:39,107.7100,20,4
2026-01-07,000858,13:47:42,107.7200,8,2
2026-01-07,000858,13:47:45,107.7200,1,2
2026-01-07,000858,13:47:48,107.7200,1,2
2026-01-07,000858,13:47:51,107.7200,29,2
2026-01-07,000858,13:47:54,107.7300,2,1
2026-01-07,000858,13:47:57,107.7200,34,2
2026-01-07,000858,13:48:00,107.7200,49,2
2026-01-07,000858,13:48:03,107.7100,4,1
2026-01-07,000858,13:48:06,107.7100,6,1
2026-01-07,000858,13:48:09,107.6700,41,2
2026-01-07,000858,13:48:12,107.6700,16,1
2026-01-07,000858,13:48:15,107.6700,23,1
2026-01-07,000858,13:48:18,107.6600,22,2
2026-01-07,000858,13:48:21,107.6600,42,2
2026-01-07,000858,13:48:24,107.6700,1,2
2026-01-07,000858,13:48:27,107.6700,16,2
2026-01-07,000858,13:48:30,107.6600,9,4
2026-01-07,000858,13:48:33,107.6500,35,2
2026-01-07,000858,13:48:36,107.6500,10,2
2026-01-07,000858,13:48:39,107.6600,8,1
2026-01-07,000858,13:48:42,107.6600,1,1
2026-01-07,000858,13:48:45,107.6600,38,1
2026-01-07,000858,13:48:48,107.6600,3,1
2026-01-07,000858,13:48:51,107.6500,3,2
2026-01-07,000858,13:48:54,107.6600,56,1
2026-01-07,000858,13:48:57,107.6500,45,2
2026-01-07,000858,13:49:00,107.6500,16,1
2026-01-07,000858,13:49:03,107.6500,21,1
2026-01-07,000858,13:49:06,107.6400,28,2
2026-01-07,000858,13:49:09,107.6400,15,2
2026-01-07,000858,13:49:12,107.6400,12,2
2026-01-07,000858,13:49:15,107.6400,19,2
2026-01-07,000858,13:49:18,107.6400,4,2
2026-01-07,000858,13:49:21,107.6400,7,2
2026-01-07,000858,13:49:24,107.6400,15,2
2026-01-07,000858,13:49:27,107.6500,4,1
2026-01-07,000858,13:49:30,107.6500,44,1
2026-01-07,000858,13:49:33,107.6500,9,1
2026-01-07,000858,13:49:36,107.6500,11,2
2026-01-07,000858,13:49:42,107.6500,7,1
2026-01-07,000858,13:49:45,107.6400,8,2
2026-01-07,000858,13:49:48,107.6400,16,2
2026-01-07,000858,13:49:51,107.6400,100,2
2026-01-07,000858,13:49:54,107.6400,17,2
2026-01-07,000858,13:49:57,107.6400,13,2
2026-01-07,000858,13:50:00,107.6500,22,1
2026-01-07,000858,13:50:03,107.6500,13,2
2026-01-07,000858,13:50:06,107.6500,13,2
2026-01-07,000858,13:50:09,107.6500,16,2
2026-01-07,000858,13:50:12,107.6600,4,4
2026-01-07,000858,13:50:18,107.6600,8,2
2026-01-07,000858,13:50:21,107.6700,6,1
2026-01-07,000858,13:50:24,107.6700,13,1
2026-01-07,000858,13:50:27,107.6700,3,2
2026-01-07,000858,13:50:30,107.6700,2,2
2026-01-07,000858,13:50:33,107.6800,29,1
2026-01-07,000858,13:50:36,107.7000,24,1
2026-01-07,000858,13:50:39,107.7000,16,1
2026-01-07,000858,13:50:45,107.6800,25,2
2026-01-07,000858,13:50:48,107.6800,2,1
2026-01-07,000858,13:50:51,107.6800,2,1
2026-01-07,000858,13:50:54,107.6800,4,1
2026-01-07,000858,13:50:57,107.6600,115,2
2026-01-07,000858,13:51:00,107.6700,1,1
2026-01-07,000858,13:51:03,107.6400,4,2
2026-01-07,000858,13:51:06,107.6600,12,1
2026-01-07,000858,13:51:09,107.6400,4,2
2026-01-07,000858,13:51:12,107.6400,5,2
2026-01-07,000858,13:51:15,107.6500,2,2
2026-01-07,000858,13:51:21,107.6500,14,2
2026-01-07,000858,13:51:24,107.6600,18,1
2026-01-07,000858,13:51:27,107.6500,13,2
2026-01-07,000858,13:51:30,107.6600,10,1
2026-01-07,000858,13:51:33,107.6500,1,2
2026-01-07,000858,13:51:36,107.6600,59,1
2026-01-07,000858,13:51:39,107.6500,9,2
2026-01-07,000858,13:51:42,107.6500,19,2
2026-01-07,000858,13:51:45,107.6700,15,1
2026-01-07,000858,13:51:48,107.6600,22,2
2026-01-07,000858,13:51:54,107.6600,22,2
2026-01-07,000858,13:51:57,107.6700,10,1
2026-01-07,000858,13:52:00,107.6600,8,2
2026-01-07,000858,13:52:03,107.6700,9,1
2026-01-07,000858,13:52:06,107.6700,6,1
2026-01-07,000858,13:52:09,107.6800,6,1
2026-01-07,000858,13:52:12,107.6700,12,2
2026-01-07,000858,13:52:15,107.6700,1,4
2026-01-07,000858,13:52:18,107.6700,27,1
2026-01-07,000858,13:52:21,107.6600,15,2
2026-01-07,000858,13:52:24,107.6600,9,2
2026-01-07,000858,13:52:27,107.6700,3,1
2026-01-07,000858,13:52:30,107.6700,2,1
2026-01-07,000858,13:52:33,107.6700,10,1
2026-01-07,000858,13:52:36,107.6600,8,2
2026-01-07,000858,13:52:39,107.6700,13,1
2026-01-07,000858,13:52:42,107.6800,31,1
2026-01-07,000858,13:52:45,107.6600,13,2
2026-01-07,000858,13:52:48,107.6700,1,4
2026-01-07,000858,13:52:51,107.6700,1,2
2026-01-07,000858,13:52:57,107.6700,136,2
2026-01-07,000858,13:53:00,107.6800,4,4
2026-01-07,000858,13:53:03,107.6600,7,2
2026-01-07,000858,13:53:06,107.6800,2,1
2026-01-07,000858,13:53:09,107.6700,4,4
2026-01-07,000858,13:53:12,107.6600,11,2
2026-01-07,000858,13:53:15,107.6700,24,2
2026-01-07,000858,13:53:18,107.6700,17,2
2026-01-07,000858,13:53:21,107.7000,8,1
2026-01-07,000858,13:53:24,107.7000,18,1
2026-01-07,000858,13:53:27,107.7000,3,1
2026-01-07,000858,13:53:30,107.7000,9,1
2026-01-07,000858,13:53:33,107.7000,8,1
2026-01-07,000858,13:53:36,107.6800,15,2
2026-01-07,000858,13:53:39,107.7000,10,1
2026-01-07,000858,13:53:42,107.7000,37,1
2026-01-07,000858,13:53:45,107.6900,34,2
2026-01-07,000858,13:53:48,107.6900,35,2
2026-01-07,000858,13:53:51,107.6900,9,2
2026-01-07,000858,13:53:54,107.6800,5,2
2026-01-07,000858,13:53:57,107.6800,14,2
2026-01-07,000858,13:54:00,107.6900,11,1
2026-01-07,000858,13:54:06,107.6900,6,4
2026-01-07,000858,13:54:09,107.7000,13,1
2026-01-07,000858,13:54:12,107.7000,7,2
2026-01-07,000858,13:54:15,107.7000,2,2
2026-01-07,000858,13:54:18,107.7000,11,2
2026-01-07,000858,13:54:21,107.7000,9,2
2026-01-07,000858,13:54:24,107.7000,3,2
2026-01-07,000858,13:54:27,107.7000,7,2
2026-01-07,000858,13:54:30,107.7100,7,1
2026-01-07,000858,13:54:33,107.7100,6,2
2026-01-07,000858,13:54:36,107.7100,3,2
2026-01-07,000858,13:54:39,107.7100,3,2
2026-01-07,000858,13:54:42,107.7100,11,2
2026-01-07,000858,13:54:45,107.7100,4,2
2026-01-07,000858,13:54:48,107.7100,3,2
2026-01-07,000858,13:54:51,107.7000,131,2
2026-01-07,000858,13:54:54,107.7000,11,2
2026-01-07,000858,13:54:57,107.7100,9,1
2026-01-07,000858,13:55:00,107.7100,13,1
2026-01-07,000858,13:55:03,107.6900,35,2
2026-01-07,000858,13:55:06,107.7000,18,1
2026-01-07,000858,13:55:09,107.7000,15,1
2026-01-07,000858,13:55:12,107.6700,48,2
2026-01-07,000858,13:55:18,107.6700,35,2
2026-01-07,000858,13:55:21,107.6600,3,2
2026-01-07,000858,13:55:24,107.6600,29,2
2026-01-07,000858,13:55:27,107.6600,22,2
2026-01-07,000858,13:55:30,107.6600,46,2
2026-01-07,000858,13:55:33,107.6700,8,4
2026-01-07,000858,13:55:36,107.6600,3,2
2026-01-07,000858,13:55:39,107.6600,8,2
2026-01-07,000858,13:55:42,107.6800,68,1
2026-01-07,000858,13:55:45,107.6600,24,2
2026-01-07,000858,13:55:48,107.6500,2,2
2026-01-07,000858,13:55:51,107.6500,2,2
2026-01-07,000858,13:55:54,107.6500,5,2
2026-01-07,000858,13:55:57,107.6500,32,2
2026-01-07,000858,13:56:00,107.6500,7,2
2026-01-07,000858,13:56:03,107.6500,10,2
2026-01-07,000858,13:56:06,107.6400,59,2
2026-01-07,000858,13:56:09,107.6500,8,4
2026-01-07,000858,13:56:12,107.6500,7,1
2026-01-07,000858,13:56:15,107.6300,12,2
2026-01-07,000858,13:56:18,107.6600,14,1
2026-01-07,000858,13:56:21,107.6500,50,2
2026-01-07,000858,13:56:24,107.6600,9,1
2026-01-07,000858,13:56:27,107.6600,11,1
2026-01-07,000858,13:56:30,107.6600,15,1
2026-01-07,000858,13:56:33,107.6600,2,1
2026-01-07,000858,13:56:36,107.6500,20,2
2026-01-07,000858,13:56:39,107.6500,6,1
2026-01-07,000858,13:56:42,107.6600,10,1
2026-01-07,000858,13:56:45,107.6500,21,2
2026-01-07,000858,13:56:48,107.6600,3,4
2026-01-07,000858,13:56:51,107.6600,12,2
2026-01-07,000858,13:56:54,107.6600,14,2
2026-01-07,000858,13:56:57,107.6600,2,2
2026-01-07,000858,13:57:00,107.6600,23,2
2026-01-07,000858,13:57:03,107.6800,25,1
2026-01-07,000858,13:57:06,107.6600,35,2
2026-01-07,000858,13:57:09,107.6600,1,2
2026-01-07,000858,13:57:12,107.6800,21,1
2026-01-07,000858,13:57:18,107.6600,12,2
2026-01-07,000858,13:57:21,107.6600,17,2
2026-01-07,000858,13:57:24,107.6600,18,2
2026-01-07,000858,13:57:27,107.6600,4,2
2026-01-07,000858,13:57:30,107.6600,6,2
2026-01-07,000858,13:57:33,107.6600,40,2
2026-01-07,000858,13:57:36,107.6600,5,2
2026-01-07,000858,13:57:39,107.6600,22,2
2026-01-07,000858,13:57:42,107.6600,1,2
2026-01-07,000858,13:57:45,107.6600,5,2
2026-01-07,000858,13:57:48,107.6700,12,1
2026-01-07,000858,13:57:51,107.6600,7,2
2026-01-07,000858,13:57:54,107.6600,7,2
2026-01-07,000858,13:57:57,107.6600,27,2
2026-01-07,000858,13:58:00,107.6600,15,2
2026-01-07,000858,13:58:03,107.6900,93,1
2026-01-07,000858,13:58:06,107.6600,27,2
2026-01-07,000858,13:58:12,107.6800,1,1
2026-01-07,000858,13:58:15,107.6800,1,1
2026-01-07,000858,13:58:18,107.6800,4,1
2026-01-07,000858,13:58:24,107.6800,23,1
2026-01-07,000858,13:58:27,107.6800,11,1
2026-01-07,000858,13:58:33,107.6900,28,1
2026-01-07,000858,13:58:36,107.6800,17,2
2026-01-07,000858,13:58:39,107.6800,8,2
2026-01-07,000858,13:58:42,107.6900,1,1
2026-01-07,000858,13:58:45,107.6800,20,2
2026-01-07,000858,13:58:48,107.6800,11,2
2026-01-07,000858,13:58:51,107.6800,1,2
2026-01-07,000858,13:58:54,107.6800,11,2
2026-01-07,000858,13:58:57,107.6800,3,2
2026-01-07,000858,13:59:00,107.6800,5,2
2026-01-07,000858,13:59:03,107.6800,42,2
2026-01-07,000858,13:59:06,107.6700,81,2
2026-01-07,000858,13:59:09,107.6900,19,1
2026-01-07,000858,13:59:12,107.6800,6,4
2026-01-07,000858,13:59:15,107.6800,1,2
2026-01-07,000858,13:59:18,107.6700,2,2
2026-01-07,000858,13:59:21,107.6700,3,2
2026-01-07,000858,13:59:27,107.6700,36,2
2026-01-07,000858,13:59:30,107.6700,46,1
2026-01-07,000858,13:59:33,107.6600,8,2
2026-01-07,000858,13:59:36,107.6500,37,2
2026-01-07,000858,13:59:39,107.6500,65,2
2026-01-07,000858,13:59:42,107.6400,16,2
2026-01-07,000858,13:59:45,107.6500,16,1
2026-01-07,000858,13:59:48,107.6400,1,2
2026-01-07,000858,13:59:51,107.6600,14,1
2026-01-07,000858,13:59:54,107.6400,47,2
2026-01-07,000858,13:59:57,107.6300,111,2
2026-01-07,000858,14:00:00,107.6100,28,2
2026-01-07,000858,14:00:03,107.6100,82,2
2026-01-07,000858,14:00:06,107.6300,21,1
2026-01-07,000858,14:00:12,107.6200,5,2
2026-01-07,000858,14:00:15,107.6000,18,2
2026-01-07,000858,14:00:18,107.6100,1,2
2026-01-07,000858,14:00:21,107.6100,9,1
2026-01-07,000858,14:00:24,107.6100,12,1
2026-01-07,000858,14:00:27,107.6000,7,2
2026-01-07,000858,14:00:30,107.6000,206,2
2026-01-07,000858,14:00:33,107.6100,41,1
2026-01-07,000858,14:00:36,107.6000,11,2
2026-01-07,000858,14:00:39,107.5800,17,2
2026-01-07,000858,14:00:42,107.6000,1,1
2026-01-07,000858,14:00:45,107.6000,9,2
2026-01-07,000858,14:00:48,107.6100,12,1
2026-01-07,000858,14:00:51,107.6200,1,1
2026-01-07,000858,14:00:54,107.6100,23,2
2026-01-07,000858,14:00:57,107.6200,1,1
2026-01-07,000858,14:01:00,107.6200,5,1
2026-01-07,000858,14:01:03,107.6200,6,1
2026-01-07,000858,14:01:06,107.6300,17,1
2026-01-07,000858,14:01:09,107.6300,11,1
2026-01-07,000858,14:01:12,107.6300,15,2
2026-01-07,000858,14:01:15,107.6500,14,1
2026-01-07,000858,14:01:18,107.6500,3,2
2026-01-07,000858,14:01:21,107.6500,3,2
2026-01-07,000858,14:01:24,107.6600,9,1
2026-01-07,000858,14:01:27,107.6500,34,2
2026-01-07,000858,14:01:30,107.6500,7,2
2026-01-07,000858,14:01:33,107.6500,3,4
2026-01-07,000858,14:01:36,107.6500,2,4
2026-01-07,000858,14:01:39,107.6400,3,2
2026-01-07,000858,14:01:42,107.6400,4,2
2026-01-07,000858,14:01:45,107.6400,1,2
2026-01-07,000858,14:01:48,107.6300,31,2
2026-01-07,000858,14:01:51,107.6400,9,1
2026-01-07,000858,14:01:54,107.6400,9,4
2026-01-07,000858,14:01:57,107.6400,7,1
2026-01-07,000858,14:02:00,107.6200,5,2
2026-01-07,000858,14:02:03,107.6300,11,2
2026-01-07,000858,14:02:06,107.6300,4,2
2026-01-07,000858,14:02:09,107.6400,5,1
2026-01-07,000858,14:02:12,107.6400,4,1
2026-01-07,000858,14:02:15,107.6300,4,2
2026-01-07,000858,14:02:18,107.6500,37,1
2026-01-07,000858,14:02:21,107.6500,8,4
2026-01-07,000858,14:02:24,107.6600,6,1
2026-01-07,000858,14:02:27,107.6700,32,1
2026-01-07,000858,14:02:30,107.6900,46,1
2026-01-07,000858,14:02:33,107.6800,2,1
2026-01-07,000858,14:02:36,107.6600,2,2
2026-01-07,000858,14:02:39,107.6900,1,1
2026-01-07,000858,14:02:45,107.6700,2,2
2026-01-07,000858,14:02:51,107.6700,11,2
2026-01-07,000858,14:02:54,107.6900,9,1
2026-01-07,000858,14:02:57,107.6700,3,2
2026-01-07,000858,14:03:00,107.6800,1,4
2026-01-07,000858,14:03:03,107.6700,1,2
2026-01-07,000858,14:03:06,107.6800,11,1
2026-01-07,000858,14:03:09,107.6900,31,1
2026-01-07,000858,14:03:12,107.6700,11,1
2026-01-07,000858,14:03:15,107.6700,4,2
2026-01-07,000858,14:03:24,107.6700,8,2
2026-01-07,000858,14:03:27,107.6800,1,1
2026-01-07,000858,14:03:30,107.6800,1,1
2026-01-07,000858,14:03:33,107.6800,7,1
2026-01-07,000858,14:03:36,107.6800,1,1
2026-01-07,000858,14:03:39,107.6700,6,2
2026-01-07,000858,14:03:42,107.6700,1,2
2026-01-07,000858,14:03:45,107.6700,22,2
2026-01-07,000858,14:03:48,107.6700,12,2
2026-01-07,000858,14:03:51,107.6700,2,4
2026-01-07,000858,14:03:54,107.6800,19,1
2026-01-07,000858,14:03:57,107.6700,15,1
2026-01-07,000858,14:04:00,107.6700,3,2
2026-01-07,000858,14:04:03,107.6800,2,1
2026-01-07,000858,14:04:06,107.6800,19,1
2026-01-07,000858,14:04:09,107.6600,10,2
2026-01-07,000858,14:04:12,107.6700,17,4
2026-01-07,000858,14:04:15,107.6800,3,1
2026-01-07,000858,14:04:18,107.6700,2,4
2026-01-07,000858,14:04:21,107.6800,17,1
2026-01-07,000858,14:04:24,107.6600,42,2
2026-01-07,000858,14:04:30,107.6600,94,2
2026-01-07,000858,14:04:33,107.6600,168,2
2026-01-07,000858,14:04:36,107.6600,5,1
2026-01-07,000858,14:04:39,107.6300,27,2
2026-01-07,000858,14:04:42,107.6200,20,2
2026-01-07,000858,14:04:45,107.6200,6,2
2026-01-07,000858,14:04:48,107.6200,8,2
2026-01-07,000858,14:04:51,107.6300,25,1
2026-01-07,000858,14:04:54,107.6200,54,4
2026-01-07,000858,14:04:57,107.6200,6,1
2026-01-07,000858,14:05:00,107.6200,11,4
2026-01-07,000858,14:05:03,107.6000,39,2
2026-01-07,000858,14:05:06,107.6000,2,2
2026-01-07,000858,14:05:09,107.6200,5,1
2026-01-07,000858,14:05:12,107.6100,4,4
2026-01-07,000858,14:05:18,107.6100,2,1
2026-01-07,000858,14:05:24,107.6100,129,1
2026-01-07,000858,14:05:27,107.6000,4,1
2026-01-07,000858,14:05:30,107.6100,18,1
2026-01-07,000858,10:50:36,107.6200,12,2
2026-01-07,000858,10:50:39,107.6300,11,1
2026-01-07,000858,10:50:45,107.6300,7,1
2026-01-07,000858,10:50:48,107.6200,4,2
2026-01-07,000858,10:50:51,107.6300,41,1
2026-01-07,000858,10:50:54,107.6500,116,1
2026-01-07,000858,10:50:57,107.6700,15,1
2026-01-07,000858,10:51:00,107.6700,12,1
2026-01-07,000858,10:51:03,107.6500,53,2
2026-01-07,000858,10:51:06,107.6400,4,2
2026-01-07,000858,10:51:09,107.6500,15,1
2026-01-07,000858,10:51:12,107.6400,1,2
2026-01-07,000858,10:51:15,107.6500,3,1
2026-01-07,000858,10:51:18,107.6500,9,1
2026-01-07,000858,10:51:21,107.6400,6,2
2026-01-07,000858,10:51:24,107.6500,5,1
2026-01-07,000858,10:51:27,107.6400,9,2
2026-01-07,000858,10:51:30,107.6400,3,1
2026-01-07,000858,10:51:33,107.6300,3,2
2026-01-07,000858,10:51:36,107.6400,2,4
2026-01-07,000858,10:51:39,107.6500,11,1
2026-01-07,000858,10:51:42,107.6400,4,1
2026-01-07,000858,10:51:45,107.6500,6,1
2026-01-07,000858,10:51:48,107.6400,7,1
2026-01-07,000858,10:51:51,107.6400,2,2
2026-01-07,000858,10:51:54,107.6300,4,2
2026-01-07,000858,10:51:57,107.6300,3,2
2026-01-07,000858,10:52:00,107.6400,9,4
2026-01-07,000858,10:52:03,107.6500,23,1
2026-01-07,000858,10:52:06,107.6300,9,2
2026-01-07,000858,10:52:09,107.6300,12,2
2026-01-07,000858,10:52:12,107.6300,12,2
2026-01-07,000858,10:52:15,107.6300,10,1
2026-01-07,000858,10:52:18,107.6300,15,1
2026-01-07,000858,10:52:21,107.6300,7,2
2026-01-07,000858,10:52:24,107.6200,8,2
2026-01-07,000858,10:52:27,107.6200,3,2
2026-01-07,000858,10:52:30,107.6300,5,2
2026-01-07,000858,10:52:36,107.6300,2,2
2026-01-07,000858,10:52:39,107.6300,34,1
2026-01-07,000858,10:52:42,107.6400,20,1
2026-01-07,000858,10:52:48,107.6500,4,1
2026-01-07,000858,10:52:51,107.6400,1,2
2026-01-07,000858,10:52:54,107.6400,22,2
2026-01-07,000858,10:53:00,107.6300,8,2
2026-01-07,000858,10:53:03,107.6300,2,2
2026-01-07,000858,10:53:06,107.6300,4,2
2026-01-07,000858,10:53:09,107.6400,3,1
2026-01-07,000858,10:53:12,107.6400,50,1
2026-01-07,000858,10:53:15,107.6300,6,1
2026-01-07,000858,10:53:18,107.6300,18,1
2026-01-07,000858,10:53:21,107.6100,7,2
2026-01-07,000858,10:53:24,107.6300,5,1
2026-01-07,000858,10:53:27,107.6100,7,2
2026-01-07,000858,10:53:30,107.6300,25,1
2026-01-07,000858,10:53:33,107.6300,11,1
2026-01-07,000858,10:53:36,107.6400,15,1
2026-01-07,000858,10:53:39,107.6200,4,2
2026-01-07,000858,10:53:42,107.6100,9,2
2026-01-07,000858,10:53:48,107.6100,2,2
2026-01-07,000858,10:53:51,107.6100,13,2
2026-01-07,000858,10:53:54,107.6100,5,2
2026-01-07,000858,10:53:57,107.6200,33,1
2026-01-07,000858,10:54:00,107.6000,7,2
2026-01-07,000858,10:54:03,107.6100,8,1
2026-01-07,000858,10:54:06,107.6000,19,2
2026-01-07,000858,10:54:09,107.6100,1,2
2026-01-07,000858,10:54:12,107.6100,2,2
2026-01-07,000858,10:54:15,107.6100,2,2
2026-01-07,000858,10:54:18,107.6100,11,2
2026-01-07,000858,10:54:21,107.6100,5,2
2026-01-07,000858,10:54:24,107.6200,7,1
2026-01-07,000858,10:54:27,107.6100,2,2
2026-01-07,000858,10:54:30,107.6200,6,1
2026-01-07,000858,10:54:33,107.6000,152,2
2026-01-07,000858,10:54:36,107.6000,10,1
2026-01-07,000858,10:54:39,107.6400,49,1
2026-01-07,000858,10:54:42,107.5900,20,2
2026-01-07,000858,10:54:45,107.6000,27,1
2026-01-07,000858,10:54:48,107.6000,13,1
2026-01-07,000858,10:54:51,107.5900,24,2
2026-01-07,000858,10:54:54,107.5900,7,2
2026-01-07,000858,10:54:57,107.6300,11,1
2026-01-07,000858,10:55:00,107.5900,3,2
2026-01-07,000858,10:55:03,107.5800,8,2
2026-01-07,000858,10:55:06,107.5900,9,1
2026-01-07,000858,10:55:09,107.5800,2,2
2026-01-07,000858,10:55:12,107.5800,16,2
2026-01-07,000858,10:55:15,107.6000,38,1
2026-01-07,000858,10:55:18,107.5800,65,2
2026-01-07,000858,10:55:21,107.6100,41,1
2026-01-07,000858,10:55:24,107.6000,7,1
2026-01-07,000858,10:55:27,107.6000,10,2
2026-01-07,000858,10:55:30,107.6100,32,1
2026-01-07,000858,10:55:33,107.5900,1,2
2026-01-07,000858,10:55:36,107.5800,16,2
2026-01-07,000858,10:55:39,107.6000,5,1
2026-01-07,000858,10:55:42,107.6000,7,2
2026-01-07,000858,10:55:45,107.5700,152,2
2026-01-07,000858,10:55:48,107.5600,6,2
2026-01-07,000858,10:55:51,107.5700,47,1
2026-01-07,000858,10:55:54,107.5600,9,2
2026-01-07,000858,10:56:00,107.5700,16,1
2026-01-07,000858,10:56:03,107.5700,52,1
2026-01-07,000858,10:56:06,107.5700,14,1
2026-01-07,000858,10:56:09,107.5600,24,2
2026-01-07,000858,10:56:12,107.5700,6,1
2026-01-07,000858,10:56:15,107.5700,9,1
2026-01-07,000858,10:56:18,107.5600,24,2
2026-01-07,000858,10:56:21,107.5700,6,1
2026-01-07,000858,10:56:27,107.5600,11,2
2026-01-07,000858,10:56:30,107.5700,12,1
2026-01-07,000858,10:56:33,107.5700,13,1
2026-01-07,000858,10:56:36,107.5700,13,1
2026-01-07,000858,10:56:39,107.5800,6,1
2026-01-07,000858,10:56:42,107.5700,5,4
2026-01-07,000858,10:56:45,107.5700,6,2
2026-01-07,000858,10:56:48,107.5600,8,2
2026-01-07,000858,10:56:51,107.5600,41,2
2026-01-07,000858,10:56:54,107.5600,7,2
2026-01-07,000858,10:56:57,107.5700,71,1
2026-01-07,000858,10:57:00,107.5700,25,1
2026-01-07,000858,10:57:03,107.5600,39,1
2026-01-07,000858,10:57:06,107.6000,140,1
2026-01-07,000858,10:57:09,107.6000,34,1
2026-01-07,000858,10:57:12,107.6000,7,1
2026-01-07,000858,10:57:15,107.6000,34,1
2026-01-07,000858,10:57:18,107.6000,8,1
2026-01-07,000858,10:57:21,107.6100,6,1
2026-01-07,000858,10:57:24,107.6000,1,2
2026-01-07,000858,10:57:27,107.6000,8,2
2026-01-07,000858,10:57:30,107.6000,13,1
2026-01-07,000858,10:57:33,107.6200,6,1
2026-01-07,000858,10:57:36,107.6100,1,2
2026-01-07,000858,10:57:39,107.6000,6,1
2026-01-07,000858,10:57:42,107.6100,7,4
2026-01-07,000858,10:57:45,107.6100,3,1
2026-01-07,000858,10:57:48,107.6300,30,1
2026-01-07,000858,10:57:51,107.6200,5,2
2026-01-07,000858,10:57:54,107.6200,7,2
2026-01-07,000858,10:58:00,107.6300,1,1
2026-01-07,000858,10:58:03,107.6300,1,1
2026-01-07,000858,10:58:06,107.6300,8,1
2026-01-07,000858,10:58:09,107.6300,4,4
2026-01-07,000858,10:58:12,107.6200,10,2
2026-01-07,000858,10:58:15,107.6200,4,2
2026-01-07,000858,10:58:18,107.6200,1,2
2026-01-07,000858,10:58:21,107.6200,7,2
2026-01-07,000858,10:58:24,107.6200,3,2
2026-01-07,000858,10:58:27,107.6300,7,1
2026-01-07,000858,10:58:30,107.6200,3,2
2026-01-07,000858,10:58:33,107.6300,13,1
2026-01-07,000858,10:58:36,107.6300,5,2
2026-01-07,000858,10:58:39,107.6200,8,2
2026-01-07,000858,10:58:45,107.6200,4,2
2026-01-07,000858,10:58:51,107.6100,8,2
2026-01-07,000858,10:58:54,107.6100,1,2
2026-01-07,000858,10:58:57,107.6100,12,2
2026-01-07,000858,10:59:00,107.6100,6,2
2026-01-07,000858,10:59:03,107.6300,8,1
2026-01-07,000858,10:59:06,107.6100,1,2
2026-01-07,000858,10:59:09,107.6300,4,1
2026-01-07,000858,10:59:12,107.6200,1,4
2026-01-07,000858,10:59:18,107.6300,1,4
2026-01-07,000858,10:59:24,107.6200,6,2
2026-01-07,000858,10:59:27,107.6200,1,2
2026-01-07,000858,10:59:30,107.6100,7,2
2026-01-07,000858,10:59:33,107.6200,16,4
2026-01-07,000858,10:59:36,107.6300,14,1
2026-01-07,000858,10:59:39,107.6000,10,2
2026-01-07,000858,10:59:42,107.6000,46,2
2026-01-07,000858,10:59:45,107.6000,3,2
2026-01-07,000858,10:59:48,107.6300,1,1
2026-01-07,000858,10:59:51,107.6000,4,2
2026-01-07,000858,10:59:54,107.6100,3,2
2026-01-07,000858,10:59:57,107.6000,4,2
2026-01-07,000858,11:00:00,107.6000,2,2
2026-01-07,000858,11:00:03,107.6100,8,1
2026-01-07,000858,11:00:06,107.6000,6,2
2026-01-07,000858,11:00:09,107.6100,6,2
2026-01-07,000858,11:00:15,107.6100,3,1
2026-01-07,000858,11:00:21,107.6000,17,2
2026-01-07,000858,11:00:24,107.6000,2,2
2026-01-07,000858,11:00:27,107.6000,31,2
2026-01-07,000858,11:00:30,107.6100,15,1
2026-01-07,000858,11:00:33,107.6000,5,2
2026-01-07,000858,11:00:36,107.6100,9,1
2026-01-07,000858,11:00:39,107.5900,10,2
2026-01-07,000858,11:00:42,107.5800,4,2
2026-01-07,000858,11:00:45,107.5800,5,2
2026-01-07,000858,11:00:48,107.5900,9,2
2026-01-07,000858,11:00:51,107.6100,1,1
2026-01-07,000858,11:00:54,107.5800,11,2
2026-01-07,000858,11:00:57,107.5800,7,1
2026-01-07,000858,11:01:00,107.5700,9,2
2026-01-07,000858,11:01:03,107.5800,2,1
2026-01-07,000858,11:01:06,107.5800,10,2
2026-01-07,000858,11:01:09,107.5800,22,2
2026-01-07,000858,11:01:12,107.6000,9,1
2026-01-07,000858,11:01:15,107.5900,2,4
2026-01-07,000858,11:01:18,107.5800,3,2
2026-01-07,000858,11:01:21,107.5800,8,2
2026-01-07,000858,11:01:24,107.6000,17,1
2026-01-07,000858,11:01:27,107.5800,5,2
2026-01-07,000858,11:01:30,107.5800,2,2
2026-01-07,000858,11:01:36,107.5800,18,2
2026-01-07,000858,11:01:39,107.5800,1,2
2026-01-07,000858,11:01:42,107.6000,1,1
2026-01-07,000858,11:01:48,107.5900,1,2
2026-01-07,000858,11:01:51,107.6000,5,1
2026-01-07,000858,11:01:54,107.5900,10,2
2026-01-07,000858,11:01:57,107.5900,2,2
2026-01-07,000858,11:02:00,107.5900,4,2
2026-01-07,000858,11:02:06,107.5800,16,2
2026-01-07,000858,11:02:15,107.5900,1,1
2026-01-07,000858,11:02:18,107.5900,25,1
2026-01-07,000858,11:02:21,107.5800,3,2
2026-01-07,000858,11:02:24,107.6000,8,1
2026-01-07,000858,11:02:30,107.6000,6,2
2026-01-07,000858,11:02:33,107.6000,10,2
2026-01-07,000858,11:02:42,107.6100,3,1
2026-01-07,000858,11:02:45,107.5900,6,2
2026-01-07,000858,11:02:48,107.6000,2,1
2026-01-07,000858,11:02:51,107.6000,5,1
2026-01-07,000858,11:02:54,107.6000,2,1
2026-01-07,000858,11:02:57,107.6000,4,2
2026-01-07,000858,11:03:00,107.5900,3,2
2026-01-07,000858,11:03:03,107.5900,4,2
2026-01-07,000858,11:03:06,107.6000,4,1
2026-01-07,000858,11:03:09,107.6000,5,2
2026-01-07,000858,11:03:12,107.5900,15,2
2026-01-07,000858,11:03:15,107.6000,1,4
2026-01-07,000858,11:03:18,107.6000,5,2
2026-01-07,000858,11:03:21,107.6100,7,1
2026-01-07,000858,11:03:24,107.5900,8,2
2026-01-07,000858,11:03:30,107.6000,2,1
2026-01-07,000858,11:03:36,107.5900,36,2
2026-01-07,000858,11:03:39,107.5800,14,2
2026-01-07,000858,11:03:42,107.5900,7,1
2026-01-07,000858,11:03:45,107.5900,3,1
2026-01-07,000858,11:03:48,107.5900,42,1
2026-01-07,000858,11:03:51,107.5800,11,2
2026-01-07,000858,11:03:54,107.5900,5,1
2026-01-07,000858,11:04:00,107.5800,3,2
2026-01-07,000858,11:04:03,107.5900,6,1
2026-01-07,000858,11:04:06,107.5800,26,2
2026-01-07,000858,11:04:09,107.5900,10,1
2026-01-07,000858,11:04:12,107.5800,10,2
2026-01-07,000858,11:04:15,107.5800,1,2
2026-01-07,000858,11:04:18,107.5800,10,2
2026-01-07,000858,11:04:21,107.6000,46,1
2026-01-07,000858,11:04:24,107.5800,19,2
2026-01-07,000858,11:04:27,107.5800,3,2
2026-01-07,000858,11:04:30,107.6000,3,1
2026-01-07,000858,11:04:33,107.5900,6,2
2026-01-07,000858,11:04:36,107.5900,4,2
2026-01-07,000858,11:04:39,107.5900,16,2
2026-01-07,000858,11:04:42,107.6000,9,1
2026-01-07,000858,11:04:45,107.5800,23,2
2026-01-07,000858,11:04:48,107.5900,2,4
2026-01-07,000858,11:04:51,107.5900,4,2
2026-01-07,000858,11:04:54,107.5900,1,2
2026-01-07,000858,11:04:57,107.5900,3,2
2026-01-07,000858,11:05:00,107.6000,6,1
2026-01-07,000858,11:05:03,107.5900,4,2
2026-01-07,000858,11:05:06,107.5800,17,2
2026-01-07,000858,11:05:09,107.5900,1,4
2026-01-07,000858,11:05:12,107.5900,5,4
2026-01-07,000858,11:05:21,107.5800,5,2
2026-01-07,000858,11:05:24,107.5800,10,2
2026-01-07,000858,11:05:30,107.5900,2,1
2026-01-07,000858,11:05:33,107.5800,10,2
2026-01-07,000858,11:05:36,107.5900,6,1
2026-01-07,000858,11:05:39,107.5900,5,2
2026-01-07,000858,11:05:42,107.5900,6,2
2026-01-07,000858,11:05:45,107.6000,6,1
2026-01-07,000858,11:05:48,107.5900,1,2
2026-01-07,000858,11:05:51,107.5800,14,2
2026-01-07,000858,11:05:54,107.5800,8,2
2026-01-07,000858,11:05:57,107.5800,23,2
2026-01-07,000858,11:06:00,107.5800,70,2
2026-01-07,000858,11:06:03,107.5800,19,2
2026-01-07,000858,11:06:06,107.5800,23,2
2026-01-07,000858,11:06:09,107.5800,3,1
2026-01-07,000858,11:06:12,107.5800,16,1
2026-01-07,000858,11:06:15,107.5800,1,1
2026-01-07,000858,11:06:18,107.5800,1,1
2026-01-07,000858,11:06:21,107.5800,5,1
2026-01-07,000858,11:06:27,107.5800,10,1
2026-01-07,000858,11:06:30,107.5700,13,2
2026-01-07,000858,11:06:33,107.5700,8,2
2026-01-07,000858,11:06:36,107.5700,17,2
2026-01-07,000858,11:06:39,107.5700,68,2
2026-01-07,000858,11:06:42,107.5700,3,1
2026-01-07,000858,11:06:51,107.5600,7,2
2026-01-07,000858,11:06:54,107.5600,2,2
2026-01-07,000858,11:07:00,107.5700,3,1
2026-01-07,000858,11:07:03,107.5700,14,1
2026-01-07,000858,11:07:06,107.5600,3,2
2026-01-07,000858,11:07:09,107.5700,7,1
2026-01-07,000858,11:07:12,107.5700,7,1
2026-01-07,000858,11:07:15,107.5600,11,2
2026-01-07,000858,11:07:18,107.5600,29,2
2026-01-07,000858,11:07:21,107.5600,13,2
2026-01-07,000858,11:07:24,107.5600,8,2
2026-01-07,000858,11:07:27,107.5600,6,2
2026-01-07,000858,11:07:30,107.5600,14,2
2026-01-07,000858,11:07:33,107.5600,2,2
2026-01-07,000858,11:07:36,107.5600,4,2
2026-01-07,000858,11:07:39,107.5600,1,1
2026-01-07,000858,11:07:42,107.5600,2,1
2026-01-07,000858,11:07:45,107.5600,19,1
2026-01-07,000858,11:07:48,107.5500,14,2
2026-01-07,000858,11:07:51,107.5500,14,2
2026-01-07,000858,11:07:54,107.5500,18,2
2026-01-07,000858,11:07:57,107.5500,14,2
2026-01-07,000858,11:08:00,107.5500,18,2
2026-01-07,000858,11:08:03,107.5500,9,2
2026-01-07,000858,11:08:06,107.5500,8,2
2026-01-07,000858,11:08:09,107.5500,19,2
2026-01-07,000858,11:08:12,107.5600,63,1
2026-01-07,000858,11:08:15,107.5600,25,2
2026-01-07,000858,11:08:18,107.5600,2,2
2026-01-07,000858,11:08:24,107.5700,4,1
2026-01-07,000858,11:08:27,107.5600,4,2
2026-01-07,000858,11:08:30,107.5700,7,1
2026-01-07,000858,11:08:36,107.5600,9,2
2026-01-07,000858,11:08:39,107.5600,25,2
2026-01-07,000858,11:08:42,107.5600,5,1
2026-01-07,000858,11:08:45,107.5600,18,1
2026-01-07,000858,11:08:51,107.5600,3,1
2026-01-07,000858,11:08:54,107.5500,1,2
2026-01-07,000858,11:08:57,107.5600,11,1
2026-01-07,000858,11:09:00,107.5600,2,1
2026-01-07,000858,11:09:03,107.5600,15,1
2026-01-07,000858,11:09:06,107.5600,2,1
2026-01-07,000858,11:09:09,107.5600,6,4
2026-01-07,000858,11:09:12,107.5600,3,2
2026-01-07,000858,11:09:15,107.5700,4,1
2026-01-07,000858,11:09:18,107.5600,1,2
2026-01-07,000858,11:09:21,107.5700,1,1
2026-01-07,000858,11:09:24,107.5600,10,2
2026-01-07,000858,11:09:27,107.5600,6,1
2026-01-07,000858,11:09:30,107.5500,2,2
2026-01-07,000858,11:09:33,107.5500,9,2
2026-01-07,000858,11:09:36,107.5500,2,2
2026-01-07,000858,11:09:39,107.5600,2,1
2026-01-07,000858,11:09:42,107.5500,3,2
2026-01-07,000858,11:09:45,107.5600,3,1
2026-01-07,000858,11:09:48,107.5600,3,1
2026-01-07,000858,11:09:51,107.5500,8,2
2026-01-07,000858,11:09:54,107.5500,31,2
2026-01-07,000858,11:09:57,107.5500,2,2
2026-01-07,000858,11:10:00,107.5500,31,2
2026-01-07,000858,11:10:03,107.5500,4,1
2026-01-07,000858,11:10:06,107.5300,39,2
2026-01-07,000858,11:10:09,107.5200,11,2
2026-01-07,000858,11:10:12,107.5500,8,1
2026-01-07,000858,11:10:15,107.5200,10,2
2026-01-07,000858,11:10:21,107.5200,53,2
2026-01-07,000858,11:10:24,107.5300,8,1
2026-01-07,000858,11:10:27,107.5300,1,2
2026-01-07,000858,11:10:30,107.5300,8,2
2026-01-07,000858,11:10:33,107.5300,6,2
2026-01-07,000858,11:10:39,107.5400,5,4
2026-01-07,000858,11:10:45,107.5300,1,2
2026-01-07,000858,11:10:48,107.5300,23,2
2026-01-07,000858,11:10:51,107.5400,3,1
2026-01-07,000858,11:10:54,107.5300,3,1
2026-01-07,000858,11:10:57,107.5300,4,1
2026-01-07,000858,11:11:03,107.5200,16,2
2026-01-07,000858,11:11:06,107.5300,68,1
2026-01-07,000858,11:11:09,107.5300,3,1
2026-01-07,000858,11:11:12,107.5200,37,1
2026-01-07,000858,11:11:15,107.5400,6,1
2026-01-07,000858,11:11:18,107.5300,2,2
2026-01-07,000858,11:11:21,107.5400,5,1
2026-01-07,000858,11:11:24,107.5400,3,1
2026-01-07,000858,11:11:27,107.5300,4,2
2026-01-07,000858,11:11:30,107.5300,3,2
2026-01-07,000858,11:11:33,107.5400,9,1
2026-01-07,000858,11:11:39,107.5400,7,1
2026-01-07,000858,11:11:45,107.5400,1,1
2026-01-07,000858,11:11:48,107.5300,7,2
2026-01-07,000858,11:11:51,107.5300,27,2
2026-01-07,000858,11:11:54,107.5400,17,1
2026-01-07,000858,11:11:57,107.5300,12,2
2026-01-07,000858,11:12:00,107.5300,1,2
2026-01-07,000858,11:12:03,107.5300,57,2
2026-01-07,000858,11:12:06,107.5600,15,1
2026-01-07,000858,11:12:09,107.5400,13,2
2026-01-07,000858,11:12:15,107.5400,15,2
2026-01-07,000858,11:12:21,107.5400,14,2
2026-01-07,000858,11:12:24,107.5400,6,2
2026-01-07,000858,11:12:27,107.5500,15,1
2026-01-07,000858,11:12:30,107.5400,11,2
2026-01-07,000858,11:12:33,107.5400,4,2
2026-01-07,000858,11:12:36,107.5500,6,1
2026-01-07,000858,11:12:39,107.5400,8,2
2026-01-07,000858,11:12:42,107.5400,6,2
2026-01-07,000858,11:12:45,107.5400,6,2
2026-01-07,000858,11:12:48,107.5500,3,1
2026-01-07,000858,11:12:51,107.5400,38,2
2026-01-07,000858,11:12:54,107.5500,31,1
2026-01-07,000858,11:12:57,107.5400,11,2
2026-01-07,000858,11:13:00,107.5400,4,2
2026-01-07,000858,11:13:03,107.5500,1,1
2026-01-07,000858,11:13:06,107.5400,20,2
2026-01-07,000858,11:13:09,107.5500,15,1
2026-01-07,000858,11:13:12,107.5400,1,2
2026-01-07,000858,11:13:15,107.5500,6,1
2026-01-07,000858,11:13:18,107.5500,55,1
2026-01-07,000858,11:13:21,107.5500,16,1
2026-01-07,000858,11:13:24,107.5400,26,2
2026-01-07,000858,11:13:27,107.5400,10,2
2026-01-07,000858,11:13:30,107.5400,12,2
2026-01-07,000858,11:13:33,107.5500,20,1
2026-01-07,000858,11:13:36,107.5400,6,2
2026-01-07,000858,11:13:39,107.5400,5,2
2026-01-07,000858,11:13:42,107.5400,8,2
2026-01-07,000858,11:13:45,107.5400,16,2
2026-01-07,000858,11:13:48,107.5400,11,2
2026-01-07,000858,11:13:51,107.5500,4,1
2026-01-07,000858,11:13:54,107.5400,17,2
2026-01-07,000858,11:14:00,107.5500,5,1
2026-01-07,000858,11:14:03,107.5500,10,1
2026-01-07,000858,11:14:06,107.5500,15,1
2026-01-07,000858,11:14:09,107.5400,44,2
2026-01-07,000858,11:14:12,107.5400,7,2
2026-01-07,000858,11:14:15,107.5400,3,2
2026-01-07,000858,11:14:18,107.5400,2,2
2026-01-07,000858,11:14:21,107.5400,2,2
2026-01-07,000858,11:14:24,107.5500,2,1
2026-01-07,000858,11:14:27,107.5400,9,2
2026-01-07,000858,11:14:30,107.5400,13,2
2026-01-07,000858,11:14:33,107.5500,10,1
2026-01-07,000858,11:14:36,107.5500,26,1
2026-01-07,000858,11:14:39,107.5400,4,2
2026-01-07,000858,11:14:42,107.5500,1,1
2026-01-07,000858,11:14:45,107.5400,11,2
2026-01-07,000858,11:14:48,107.5400,2,2
2026-01-07,000858,11:14:51,107.5400,7,2
2026-01-07,000858,11:14:54,107.5500,18,1
2026-01-07,000858,11:14:57,107.5400,1,4
2026-01-07,000858,11:15:00,107.5300,9,2
2026-01-07,000858,11:15:03,107.5400,2,1
2026-01-07,000858,11:15:06,107.5300,9,2
2026-01-07,000858,11:15:12,107.5300,1,2
2026-01-07,000858,11:15:15,107.5300,37,2
2026-01-07,000858,11:15:18,107.5300,7,2
2026-01-07,000858,11:15:21,107.5200,23,2
2026-01-07,000858,11:15:24,107.5200,1,2
2026-01-07,000858,11:15:27,107.5300,1,1
2026-01-07,000858,11:15:30,107.5200,6,2
2026-01-07,000858,11:15:33,107.5200,52,2
2026-01-07,000858,11:15:36,107.5100,49,2
2026-01-07,000858,11:15:39,107.5200,13,1
2026-01-07,000858,11:15:42,107.5100,12,2
2026-01-07,000858,11:15:45,107.5100,3,2
2026-01-07,000858,11:15:48,107.5100,60,2
2026-01-07,000858,11:15:51,107.5100,23,2
