date,code,time,price,volume,bs
2026-06-03,000001,14:01:30,11.0100,17,2
2026-06-03,000001,14:01:33,11.0100,238,2
2026-06-03,000001,14:01:36,11.0100,4,2
2026-06-03,000001,14:01:39,11.0100,55,2
2026-06-03,000001,14:01:42,11.0100,23,2
2026-06-03,000001,14:01:45,11.0100,316,2
2026-06-03,000001,14:01:48,11.0000,308,2
2026-06-03,000001,14:01:51,11.0100,194,1
2026-06-03,000001,14:01:54,11.0100,85,1
2026-06-03,000001,14:01:57,11.0100,30,1
2026-06-03,000001,14:02:00,11.0100,12,1
2026-06-03,000001,14:02:03,11.0000,48,2
2026-06-03,000001,14:02:06,11.0000,24,2
2026-06-03,000001,14:02:09,11.0000,183,2
2026-06-03,000001,14:02:12,11.0000,32,2
2026-06-03,000001,14:02:15,11.0000,30,2
2026-06-03,000001,14:02:18,11.0100,28,1
2026-06-03,000001,14:02:24,11.0000,16,2
2026-06-03,000001,14:02:27,11.0100,7,1
2026-06-03,000001,14:02:30,11.0000,33,2
2026-06-03,000001,14:02:33,11.0000,51,2
2026-06-03,000001,14:02:36,11.0000,3,2
2026-06-03,000001,14:02:42,11.0100,781,1
2026-06-03,000001,14:02:45,11.0100,135,4
2026-06-03,000001,14:02:48,11.0100,1,2
2026-06-03,000001,14:02:51,11.0200,11,1
2026-06-03,000001,14:02:54,11.0200,11,1
2026-06-03,000001,14:02:57,11.0100,2,2
2026-06-03,000001,14:03:00,11.0100,13,2
2026-06-03,000001,14:03:03,11.0100,342,2
2026-06-03,000001,14:03:06,11.0100,26,2
2026-06-03,000001,14:03:09,11.0100,316,2
2026-06-03,000001,14:03:12,11.0100,13,1
2026-06-03,000001,14:03:15,11.0100,125,1
2026-06-03,000001,14:03:18,11.0100,114,1
2026-06-03,000001,14:03:21,11.0100,394,1
2026-06-03,000001,14:03:24,11.0200,15,1
2026-06-03,000001,14:03:27,11.0100,6,2
2026-06-03,000001,14:03:30,11.0200,143,1
2026-06-03,000001,14:03:33,11.0200,43,1
2026-06-03,000001,14:03:36,11.0100,1,2
2026-06-03,000001,14:03:39,11.0100,15,2
2026-06-03,000001,14:03:42,11.0100,4,2
2026-06-03,000001,14:03:45,11.0100,5,2
2026-06-03,000001,14:03:48,11.0100,62,2
2026-06-03,000001,14:03:51,11.0100,232,2
2026-06-03,000001,14:03:54,11.0000,451,2
2026-06-03,000001,14:03:57,11.0100,10,1
2026-06-03,000001,14:04:00,11.0000,52,2
2026-06-03,000001,14:04:03,11.0100,2,1
2026-06-03,000001,14:04:06,11.0100,3,1
2026-06-03,000001,14:04:09,11.0100,112,1
2026-06-03,000001,14:04:15,11.0000,79,2
2026-06-03,000001,14:04:18,11.0100,2,1
2026-06-03,000001,14:04:21,11.0000,32,2
2026-06-03,000001,14:04:27,11.0000,17,2
2026-06-03,000001,14:04:36,11.0100,135,1
2026-06-03,000001,14:04:39,11.0100,18,1
2026-06-03,000001,14:04:45,11.0000,5,2
2026-06-03,000001,14:04:48,11.0000,7,2
2026-06-03,000001,14:04:51,11.0100,2,1
2026-06-03,000001,14:04:54,11.0000,27,2
2026-06-03,000001,14:04:57,11.0000,176,2
2026-06-03,000001,14:05:00,11.0100,95,1
2026-06-03,000001,14:05:03,11.0100,34,1
2026-06-03,000001,14:05:06,11.0000,14,2
2026-06-03,000001,14:05:09,11.0100,15,1
2026-06-03,000001,14:05:12,11.0000,41,2
2026-06-03,000001,14:05:15,11.0100,15,1
2026-06-03,000001,14:05:18,11.0100,105,1
2026-06-03,000001,14:05:21,11.0100,735,1
2026-06-03,000001,14:05:27,11.0100,8,2
2026-06-03,000001,14:05:33,11.0100,3,2
2026-06-03,000001,14:05:39,11.0100,88,2
2026-06-03,000001,14:05:42,11.0100,17,2
2026-06-03,000001,14:05:45,11.0100,54,2
2026-06-03,000001,14:05:48,11.0200,85,1
2026-06-03,000001,14:05:51,11.0100,2,2
2026-06-03,000001,14:05:54,11.0100,8,2
2026-06-03,000001,14:05:57,11.0100,48,2
2026-06-03,000001,14:06:00,11.0100,23,2
2026-06-03,000001,14:06:03,11.0100,75,2
2026-06-03,000001,14:06:06,11.0100,636,2
2026-06-03,000001,14:06:09,11.0100,22,2
2026-06-03,000001,14:06:12,11.0100,100,2
2026-06-03,000001,14:06:15,11.0200,121,1
2026-06-03,000001,14:06:18,11.0200,2,1
2026-06-03,000001,14:06:27,11.0100,1,2
2026-06-03,000001,14:06:30,11.0200,135,1
2026-06-03,000001,14:06:36,11.0100,7,2
2026-06-03,000001,14:06:48,11.0100,57,2
2026-06-03,000001,14:06:51,11.0100,23,2
2026-06-03,000001,14:06:54,11.0100,12,2
2026-06-03,000001,14:06:57,11.0100,314,2
2026-06-03,000001,14:07:00,11.0100,85,2
2026-06-03,000001,14:07:03,11.0100,329,2
2026-06-03,000001,14:07:06,11.0100,398,1
2026-06-03,000001,14:07:09,11.0100,93,1
2026-06-03,000001,14:07:12,11.0000,29,2
2026-06-03,000001,14:07:21,11.0100,1,1
2026-06-03,000001,14:07:24,11.0100,80,1
2026-06-03,000001,14:07:30,11.0000,22,2
2026-06-03,000001,14:07:33,11.0000,1,2
2026-06-03,000001,14:07:39,11.0100,12,1
2026-06-03,000001,14:07:45,11.0000,18,2
2026-06-03,000001,14:07:48,11.0100,2,1
2026-06-03,000001,14:07:51,11.0100,103,1
2026-06-03,000001,14:07:57,11.0100,135,1
2026-06-03,000001,14:08:00,11.0000,2,2
2026-06-03,000001,14:08:03,11.0000,321,2
2026-06-03,000001,14:08:06,11.0000,1,2
2026-06-03,000001,14:08:12,11.0100,206,1
2026-06-03,000001,14:08:15,11.0000,3,2
2026-06-03,000001,14:08:18,11.0000,7,2
2026-06-03,000001,14:08:21,11.0100,11,1
2026-06-03,000001,14:08:27,11.0000,1,2
2026-06-03,000001,14:08:30,11.0100,140,1
2026-06-03,000001,14:08:36,11.0000,10,2
2026-06-03,000001,14:08:39,11.0000,1,2
2026-06-03,000001,14:08:42,11.0000,210,2
2026-06-03,000001,14:08:45,11.0100,34,1
2026-06-03,000001,14:08:48,11.0100,41,1
2026-06-03,000001,14:08:51,11.0000,4,2
2026-06-03,000001,14:08:54,11.0000,20,2
2026-06-03,000001,14:08:57,11.0100,135,1
2026-06-03,000001,14:09:03,11.0000,109,2
2026-06-03,000001,14:09:06,11.0000,100,2
2026-06-03,000001,14:09:09,11.0000,169,2
2026-06-03,000001,14:09:12,11.0000,320,2
2026-06-03,000001,14:09:15,11.0100,8,1
2026-06-03,000001,14:09:18,11.0000,95,2
2026-06-03,000001,14:09:21,11.0000,1993,2
2026-06-03,000001,14:09:24,11.0000,43,1
2026-06-03,000001,14:09:27,10.9900,59,2
2026-06-03,000001,14:09:30,11.0000,158,1
2026-06-03,000001,14:09:33,11.0000,1,1
2026-06-03,000001,14:09:42,10.9900,20,2
2026-06-03,000001,14:09:45,11.0000,2,1
2026-06-03,000001,14:09:48,11.0000,4,1
2026-06-03,000001,14:09:51,10.9900,1,2
2026-06-03,000001,14:09:54,11.0000,5,1
2026-06-03,000001,14:10:00,10.9900,18,2
2026-06-03,000001,14:10:09,11.0000,30,1
2026-06-03,000001,14:10:12,11.0000,151,1
2026-06-03,000001,14:10:15,10.9900,7,2
2026-06-03,000001,14:10:18,11.0000,2,1
2026-06-03,000001,14:10:21,11.0000,745,1
2026-06-03,000001,14:10:24,11.0000,136,1
2026-06-03,000001,14:10:27,11.0000,24,1
2026-06-03,000001,14:10:30,11.0000,76,1
2026-06-03,000001,14:10:33,10.9900,1,2
2026-06-03,000001,14:10:36,11.0000,49,1
2026-06-03,000001,14:10:39,11.0000,12,1
2026-06-03,000001,14:10:42,11.0000,14,1
2026-06-03,000001,14:10:45,10.9900,65,2
2026-06-03,000001,14:10:51,10.9900,3,2
2026-06-03,000001,14:10:54,11.0000,3,1
2026-06-03,000001,14:10:57,10.9900,33,2
2026-06-03,000001,14:11:00,11.0000,70,1
2026-06-03,000001,14:11:06,10.9900,146,2
2026-06-03,000001,14:11:12,10.9900,10,2
2026-06-03,000001,14:11:15,10.9900,22,2
2026-06-03,000001,14:11:18,10.9900,225,2
2026-06-03,000001,14:11:21,10.9900,858,2
2026-06-03,000001,14:11:24,11.0000,698,1
2026-06-03,000001,14:11:27,10.9900,182,2
2026-06-03,000001,14:11:30,10.9900,65,2
2026-06-03,000001,14:11:33,10.9900,303,2
2026-06-03,000001,14:11:36,10.9900,13,1
2026-06-03,000001,14:11:39,10.9800,7,2
2026-06-03,000001,14:11:42,10.9900,1,1
2026-06-03,000001,14:11:45,10.9800,7,2
2026-06-03,000001,14:11:48,10.9900,136,1
2026-06-03,000001,14:11:51,10.9900,22,1
2026-06-03,000001,14:11:54,10.9900,456,1
2026-06-03,000001,14:11:57,11.0000,149,1
2026-06-03,000001,14:12:00,10.9900,4,2
2026-06-03,000001,14:12:03,10.9900,3,2
2026-06-03,000001,14:12:06,10.9900,47,2
2026-06-03,000001,14:12:09,10.9900,166,2
2026-06-03,000001,14:12:15,11.0000,2,1
2026-06-03,000001,14:12:18,11.0000,2,1
2026-06-03,000001,14:12:21,10.9900,23,2
2026-06-03,000001,14:12:24,11.0000,28,1
2026-06-03,000001,14:12:27,11.0000,3,1
2026-06-03,000001,14:12:33,10.9900,77,2
2026-06-03,000001,14:12:36,11.0000,4,1
2026-06-03,000001,14:12:42,11.0000,27,1
2026-06-03,000001,14:12:45,10.9900,4,2
2026-06-03,000001,14:12:48,11.0000,56,1
2026-06-03,000001,14:12:54,11.0000,20,1
2026-06-03,000001,14:12:57,11.0000,328,1
2026-06-03,000001,14:13:00,10.9900,41,2
2026-06-03,000001,14:13:03,10.9900,108,2
2026-06-03,000001,14:13:06,11.0000,16,1
2026-06-03,000001,14:13:09,11.0000,276,1
2026-06-03,000001,14:13:12,10.9900,1,2
2026-06-03,000001,14:13:15,10.9900,10,2
2026-06-03,000001,14:13:18,11.0000,5,1
2026-06-03,000001,14:13:21,11.0000,55,1
2026-06-03,000001,14:13:24,10.9900,30,2
2026-06-03,000001,14:13:27,10.9900,30,2
2026-06-03,000001,14:13:30,11.0000,1,1
2026-06-03,000001,14:13:33,10.9900,1,2
2026-06-03,000001,14:13:36,10.9900,2,2
2026-06-03,000001,14:13:39,10.9900,124,2
2026-06-03,000001,14:13:42,11.0000,33,1
2026-06-03,000001,14:13:45,10.9900,5,2
2026-06-03,000001,14:13:48,10.9900,5,2
2026-06-03,000001,14:13:54,10.9900,21,2
2026-06-03,000001,14:13:57,10.9900,21,2
2026-06-03,000001,14:14:12,10.9900,88,2
2026-06-03,000001,14:14:15,11.0000,55,1
2026-06-03,000001,14:14:18,10.9900,6,2
2026-06-03,000001,14:14:21,10.9900,146,2
2026-06-03,000001,14:14:27,10.9900,19,2
2026-06-03,000001,14:14:30,11.0000,142,1
2026-06-03,000001,14:14:33,11.0000,120,1
2026-06-03,000001,14:14:36,11.0000,2,1
2026-06-03,000001,14:14:42,10.9900,18,2
2026-06-03,000001,14:14:45,10.9900,1,2
2026-06-03,000001,14:14:48,10.9900,2,2
2026-06-03,000001,14:14:51,11.0000,8,1
2026-06-03,000001,14:14:54,11.0000,4,1
2026-06-03,000001,14:14:57,10.9900,160,2
2026-06-03,000001,14:15:03,11.0000,36,1
2026-06-03,000001,14:15:06,11.0000,24,1
2026-06-03,000001,14:15:09,11.0000,4,1
2026-06-03,000001,14:15:21,11.0000,8,1
2026-06-03,000001,14:15:24,10.9900,16,2
2026-06-03,000001,14:15:33,10.9900,14,2
2026-06-03,000001,14:15:42,11.0000,141,1
2026-06-03,000001,14:15:45,10.9900,104,2
2026-06-03,000001,14:15:48,10.9900,4,2
2026-06-03,000001,14:15:51,11.0000,3,1
2026-06-03,000001,14:15:54,11.0000,342,1
2026-06-03,000001,14:15:57,11.0000,618,1
2026-06-03,000001,14:16:00,11.0000,408,1
2026-06-03,000001,14:16:03,11.0000,43,2
2026-06-03,000001,14:16:06,11.0000,5,1
2026-06-03,000001,14:16:09,11.0000,159,1
2026-06-03,000001,14:16:12,11.0000,127,2
2026-06-03,000001,14:16:15,11.0000,3,2
2026-06-03,000001,14:16:18,11.0000,2,2
2026-06-03,000001,14:16:21,11.0100,135,1
2026-06-03,000001,14:16:24,11.0100,13,1
2026-06-03,000001,14:16:27,11.0100,14,1
2026-06-03,000001,14:16:30,11.0100,35,1
2026-06-03,000001,14:16:33,11.0000,8,2
2026-06-03,000001,14:16:36,11.0100,250,1
2026-06-03,000001,14:16:39,11.0000,300,2
2026-06-03,000001,14:16:42,11.0100,41,1
2026-06-03,000001,14:16:48,11.0000,1,2
2026-06-03,000001,14:16:57,11.0000,5,2
2026-06-03,000001,14:17:00,11.0100,56,1
2026-06-03,000001,14:17:09,11.0000,92,2
2026-06-03,000001,14:17:12,11.0000,610,2
2026-06-03,000001,14:17:15,11.0000,66,2
2026-06-03,000001,14:17:18,11.0000,192,2
2026-06-03,000001,14:17:21,11.0000,4,1
2026-06-03,000001,14:17:24,11.0000,43,1
2026-06-03,000001,14:17:27,11.0000,13,1
2026-06-03,000001,14:17:30,11.0000,153,1
2026-06-03,000001,14:17:33,11.0000,349,1
2026-06-03,000001,14:17:39,11.0100,18,1
2026-06-03,000001,14:17:45,11.0000,11,2
2026-06-03,000001,14:17:48,11.0100,2,1
2026-06-03,000001,14:17:51,11.0100,5,1
2026-06-03,000001,14:17:54,11.0000,8,2
2026-06-03,000001,14:18:00,11.0100,2,1
2026-06-03,000001,14:18:03,11.0100,5,1
2026-06-03,000001,14:18:06,11.0000,276,2
2026-06-03,000001,14:18:09,11.0000,12,2
2026-06-03,000001,14:18:12,11.0000,60,2
2026-06-03,000001,14:18:15,11.0100,31,1
2026-06-03,000001,14:18:18,11.0100,11,1
2026-06-03,000001,14:18:21,11.0000,101,2
2026-06-03,000001,14:18:24,11.0100,110,1
2026-06-03,000001,14:18:30,11.0100,8,1
2026-06-03,000001,14:18:33,11.0000,2,2
2026-06-03,000001,14:18:36,11.0100,112,1
2026-06-03,000001,14:18:39,11.0000,7,2
2026-06-03,000001,14:18:42,11.0100,178,1
2026-06-03,000001,14:18:45,11.0100,116,1
2026-06-03,000001,14:18:48,11.0000,48,2
2026-06-03,000001,14:18:51,11.0100,12,1
2026-06-03,000001,14:18:54,11.0000,417,2
2026-06-03,000001,14:18:57,11.0100,8,1
2026-06-03,000001,14:19:00,11.0100,47,1
2026-06-03,000001,14:19:03,11.0100,233,1
2026-06-03,000001,14:19:06,11.0100,1463,1
2026-06-03,000001,14:19:09,11.0100,546,1
2026-06-03,000001,14:19:12,11.0100,39,1
2026-06-03,000001,14:19:15,11.0100,21,1
2026-06-03,000001,14:19:18,11.0100,97,1
2026-06-03,000001,14:19:21,11.0000,143,2
2026-06-03,000001,14:19:24,11.0100,294,1
2026-06-03,000001,14:19:27,11.0100,85,1
2026-06-03,000001,14:19:30,11.0100,214,1
2026-06-03,000001,14:19:33,11.0100,79,1
2026-06-03,000001,14:19:36,11.0100,40,2
2026-06-03,000001,14:19:39,11.0100,35,2
2026-06-03,000001,14:19:42,11.0100,4,2
2026-06-03,000001,14:19:45,11.0100,10,2
2026-06-03,000001,14:19:48,11.0100,15,2
2026-06-03,000001,14:19:51,11.0200,48,1
2026-06-03,000001,14:19:54,11.0200,10,1
2026-06-03,000001,14:19:57,11.0100,20,2
2026-06-03,000001,14:20:00,11.0100,9,2
2026-06-03,000001,14:20:03,11.0100,34,2
2026-06-03,000001,14:20:06,11.0200,6,1
2026-06-03,000001,14:20:09,11.0200,20,1
2026-06-03,000001,14:20:12,11.0200,79,1
2026-06-03,000001,14:20:18,11.0200,509,1
2026-06-03,000001,14:20:21,11.0200,14,1
2026-06-03,000001,14:20:24,11.0200,43,1
2026-06-03,000001,14:20:27,11.0200,331,1
2026-06-03,000001,14:20:30,11.0100,53,2
2026-06-03,000001,14:20:33,11.0100,13,2
2026-06-03,000001,14:20:36,11.0200,20,1
2026-06-03,000001,14:20:45,11.0100,151,2
2026-06-03,000001,14:20:48,11.0100,10,2
2026-06-03,000001,14:20:51,11.0200,761,1
2026-06-03,000001,14:20:54,11.0100,223,2
2026-06-03,000001,14:20:57,11.0100,2423,2
2026-06-03,000001,14:21:00,11.0100,176,1
2026-06-03,000001,14:21:03,11.0200,2132,1
2026-06-03,000001,14:21:06,11.0200,5,1
2026-06-03,000001,14:21:09,11.0100,16,2
2026-06-03,000001,14:21:12,11.0100,85,2
2026-06-03,000001,14:21:15,11.0200,5,1
2026-06-03,000001,14:21:21,11.0100,110,2
2026-06-03,000001,14:21:24,11.0100,13,2
2026-06-03,000001,14:21:27,11.0100,303,2
2026-06-03,000001,14:21:30,11.0100,118,2
2026-06-03,000001,14:21:33,11.0100,59,2
2026-06-03,000001,14:21:36,11.0100,20,2
2026-06-03,000001,14:21:39,11.0100,2,1
2026-06-03,000001,14:21:42,11.0100,3,1
2026-06-03,000001,14:21:51,11.0100,2,1
2026-06-03,000001,14:21:54,11.0000,56,2
2026-06-03,000001,14:22:00,11.0000,6,2
2026-06-03,000001,14:22:03,11.0100,73,1
2026-06-03,000001,14:22:06,11.0100,6,1
2026-06-03,000001,14:22:12,11.0100,3,1
2026-06-03,000001,14:22:21,11.0100,2,1
2026-06-03,000001,14:22:24,11.0000,11,2
2026-06-03,000001,14:22:27,11.0000,3,2
2026-06-03,000001,14:22:30,11.0000,17,2
2026-06-03,000001,14:22:33,11.0000,1,2
2026-06-03,000001,14:22:36,11.0100,10,1
2026-06-03,000001,14:22:45,11.0100,2,1
2026-06-03,000001,14:22:48,11.0000,1,2
2026-06-03,000001,14:22:54,11.0000,2,2
2026-06-03,000001,14:22:57,11.0100,135,1
2026-06-03,000001,14:23:00,11.0000,51,2
2026-06-03,000001,14:23:03,11.0000,139,2
2026-06-03,000001,14:23:06,11.0000,1,2
2026-06-03,000001,14:23:09,11.0100,40,1
2026-06-03,000001,14:23:12,11.0000,14,2
2026-06-03,000001,14:23:15,11.0000,9,2
2026-06-03,000001,14:23:18,11.0000,77,2
2026-06-03,000001,14:23:21,11.0000,911,2
2026-06-03,000001,14:23:24,11.0000,91,2
2026-06-03,000001,14:23:27,11.0000,8,2
2026-06-03,000001,14:23:30,11.0000,141,2
2026-06-03,000001,14:23:33,11.0000,35,2
2026-06-03,000001,14:23:36,11.0100,1,1
2026-06-03,000001,14:23:39,11.0000,23,2
2026-06-03,000001,14:23:42,11.0000,99,2
2026-06-03,000001,14:23:45,11.0000,81,2
2026-06-03,000001,14:23:48,11.0000,8,2
2026-06-03,000001,14:23:51,11.0000,12,2
2026-06-03,000001,14:23:54,11.0000,8,2
2026-06-03,000001,14:24:00,11.0000,1,2
2026-06-03,000001,14:24:03,11.0000,3,2
2026-06-03,000001,14:24:06,11.0000,178,2
2026-06-03,000001,14:24:09,11.0000,2,2
2026-06-03,000001,14:24:12,11.0100,37,1
2026-06-03,000001,14:24:15,11.0000,69,2
2026-06-03,000001,14:24:18,11.0000,99,2
2026-06-03,000001,14:24:21,11.0000,2,2
2026-06-03,000001,14:24:24,11.0100,150,1
2026-06-03,000001,14:24:33,11.0000,48,2
2026-06-03,000001,14:24:39,11.0000,25,2
2026-06-03,000001,14:24:42,11.0100,37,1
2026-06-03,000001,14:24:45,11.0100,14,1
2026-06-03,000001,14:24:48,11.0100,38,1
2026-06-03,000001,14:24:51,11.0100,36,1
2026-06-03,000001,14:24:54,11.0100,52,1
2026-06-03,000001,14:24:57,11.0000,60,2
2026-06-03,000001,14:25:00,11.0100,437,1
2026-06-03,000001,14:25:03,11.0000,12,2
2026-06-03,000001,14:25:06,11.0000,22,2
2026-06-03,000001,14:25:09,11.0000,30,2
2026-06-03,000001,14:25:12,11.0000,381,2
2026-06-03,000001,14:25:15,11.0000,156,2
2026-06-03,000001,14:25:18,11.0000,113,2
2026-06-03,000001,14:25:21,11.0000,55,2
2026-06-03,000001,14:25:24,11.0000,51,2
2026-06-03,000001,14:25:27,11.0100,66,1
2026-06-03,000001,14:25:30,11.0000,56,2
2026-06-03,000001,14:25:33,11.0100,24,1
2026-06-03,000001,14:25:36,11.0000,2,2
2026-06-03,000001,14:25:39,11.0000,39,2
2026-06-03,000001,14:25:42,11.0000,105,2
2026-06-03,000001,14:25:45,11.0000,30,2
2026-06-03,000001,14:25:48,11.0000,92,2
2026-06-03,000001,14:25:51,11.0000,67,2
2026-06-03,000001,14:25:54,11.0100,64,1
2026-06-03,000001,14:25:57,11.0100,28,1
2026-06-03,000001,14:26:00,11.0100,24,1
2026-06-03,000001,14:26:03,11.0100,22,1
2026-06-03,000001,14:26:06,11.0000,109,2
2026-06-03,000001,14:26:09,11.0100,39,1
2026-06-03,000001,14:26:12,11.0100,63,1
2026-06-03,000001,14:26:15,11.0100,184,1
2026-06-03,000001,14:26:18,11.0100,23,1
2026-06-03,000001,14:26:21,11.0100,79,1
2026-06-03,000001,14:26:24,11.0100,15,1
2026-06-03,000001,14:26:27,11.0100,51,1
2026-06-03,000001,14:26:30,11.0100,52,1
2026-06-03,000001,14:26:33,11.0000,82,2
2026-06-03,000001,14:26:36,11.0100,65,1
2026-06-03,000001,14:26:39,11.0100,12,1
2026-06-03,000001,14:26:42,11.0100,49,1
2026-06-03,000001,14:26:45,11.0000,30,2
2026-06-03,000001,14:26:48,11.0100,137,1
2026-06-03,000001,14:26:51,11.0100,29,1
2026-06-03,000001,14:26:54,11.0100,42,1
2026-06-03,000001,14:27:00,11.0100,28,1
2026-06-03,000001,14:27:06,11.0100,13,1
2026-06-03,000001,14:27:09,11.0100,1,1
2026-06-03,000001,14:27:12,11.0000,44,2
2026-06-03,000001,14:27:15,11.0100,33,1
2026-06-03,000001,14:27:18,11.0100,49,1
2026-06-03,000001,14:27:21,11.0100,138,1
2026-06-03,000001,14:27:24,11.0100,307,1
2026-06-03,000001,14:27:27,11.0100,16,1
2026-06-03,000001,14:27:30,11.0100,8,1
2026-06-03,000001,14:27:33,11.0100,74,1
2026-06-03,000001,14:27:36,11.0100,6,1
2026-06-03,000001,14:27:39,11.0100,505,1
2026-06-03,000001,14:27:42,11.0000,635,2
2026-06-03,000001,14:27:45,11.0100,48,1
2026-06-03,000001,14:27:54,11.0000,16,2
2026-06-03,000001,14:27:57,11.0000,1,2
2026-06-03,000001,14:28:09,11.0100,25,1
2026-06-03,000001,14:28:12,11.0100,456,1
2026-06-03,000001,14:28:15,11.0000,16,2
2026-06-03,000001,14:28:18,11.0100,17,1
2026-06-03,000001,14:28:21,11.0000,13,2
2026-06-03,000001,14:28:24,11.0100,1,1
2026-06-03,000001,14:28:27,11.0100,94,1
2026-06-03,000001,14:28:30,11.0100,13,1
2026-06-03,000001,14:28:33,11.0100,135,1
2026-06-03,000001,14:28:36,11.0000,50,2
2026-06-03,000001,14:28:39,11.0100,5,1
2026-06-03,000001,14:28:42,11.0000,19,2
2026-06-03,000001,14:28:45,11.0100,17,1
2026-06-03,000001,14:28:51,11.0100,23,1
2026-06-03,000001,14:28:54,11.0000,66,2
2026-06-03,000001,14:28:57,11.0100,6,1
2026-06-03,000001,14:29:00,11.0100,50,1
2026-06-03,000001,14:29:03,11.0100,15,1
2026-06-03,000001,14:29:06,11.0100,39,1
2026-06-03,000001,14:29:09,11.0100,5,1
2026-06-03,000001,14:29:12,11.0100,26,1
2026-06-03,000001,14:29:18,11.0100,7,1
2026-06-03,000001,14:29:24,11.0000,133,2
2026-06-03,000001,14:29:27,11.0000,15,2
2026-06-03,000001,14:29:30,11.0100,3,1
2026-06-03,000001,14:29:33,11.0100,228,1
2026-06-03,000001,14:29:36,11.0100,24,1
2026-06-03,000001,14:29:39,11.0000,22,2
2026-06-03,000001,14:29:42,11.0100,137,1
2026-06-03,000001,14:29:45,11.0100,52,1
2026-06-03,000001,14:29:48,11.0100,21,1
2026-06-03,000001,14:29:51,11.0100,17,1
2026-06-03,000001,14:29:54,11.0000,71,2
2026-06-03,000001,14:29:57,11.0000,11,2
2026-06-03,000001,14:30:00,11.0000,15,2
2026-06-03,000001,14:30:03,11.0100,235,1
2026-06-03,000001,14:30:06,11.0000,1,2
2026-06-03,000001,14:30:09,11.0100,176,1
2026-06-03,000001,14:30:12,11.0100,45,1
2026-06-03,000001,14:30:15,11.0100,68,1
2026-06-03,000001,14:30:18,11.0100,11,1
2026-06-03,000001,14:30:21,11.0100,3,1
2026-06-03,000001,14:30:27,11.0000,5,2
2026-06-03,000001,14:30:30,11.0100,12,1
2026-06-03,000001,14:30:33,11.0100,21,1
2026-06-03,000001,14:30:36,11.0100,23,1
2026-06-03,000001,14:30:39,11.0100,2,1
2026-06-03,000001,14:30:42,11.0000,10,2
2026-06-03,000001,14:30:45,11.0000,2,2
2026-06-03,000001,14:30:48,11.0100,43,1
2026-06-03,000001,14:30:54,11.0000,41,2
2026-06-03,000001,14:30:57,11.0000,4,2
2026-06-03,000001,14:31:00,11.0000,11,2
2026-06-03,000001,14:31:06,11.0000,72,2
2026-06-03,000001,14:31:09,11.0000,20,2
2026-06-03,000001,14:31:12,11.0100,25,1
2026-06-03,000001,14:31:15,11.0100,7,1
2026-06-03,000001,14:31:18,11.0000,129,2
2026-06-03,000001,14:31:21,11.0000,24,2
2026-06-03,000001,14:31:24,11.0000,2254,2
2026-06-03,000001,14:31:27,10.9900,8,2
2026-06-03,000001,14:31:30,10.9900,2,2
2026-06-03,000001,14:31:33,11.0000,17,1
2026-06-03,000001,14:31:36,11.0000,37,1
2026-06-03,000001,14:31:39,10.9900,11,2
2026-06-03,000001,14:31:42,10.9900,59,2
2026-06-03,000001,14:31:45,11.0000,204,1
2026-06-03,000001,14:31:48,10.9900,422,2
2026-06-03,000001,14:31:51,11.0000,79,1
2026-06-03,000001,14:31:54,11.0000,35,1
2026-06-03,000001,14:31:57,11.0000,323,1
2026-06-03,000001,14:32:00,11.0000,3,1
2026-06-03,000001,14:32:06,11.0000,356,1
2026-06-03,000001,14:32:09,11.0000,1218,1
2026-06-03,000001,14:32:12,11.0000,25,2
2026-06-03,000001,14:32:15,11.0100,138,1
2026-06-03,000001,14:32:18,11.0000,4,2
2026-06-03,000001,14:32:21,11.0100,39,1
2026-06-03,000001,14:32:24,11.0000,1,2
2026-06-03,000001,14:32:27,11.0100,118,1
2026-06-03,000001,14:32:33,11.0100,89,1
2026-06-03,000001,14:32:36,11.0000,78,2
2026-06-03,000001,14:32:39,11.0100,56,1
2026-06-03,000001,14:32:42,11.0000,566,2
2026-06-03,000001,14:32:45,11.0100,724,1
2026-06-03,000001,14:32:48,11.0100,4591,1
2026-06-03,000001,14:32:51,11.0200,222,1
2026-06-03,000001,14:32:54,11.0100,110,2
2026-06-03,000001,14:32:57,11.0100,52,2
2026-06-03,000001,14:33:00,11.0100,30,2
2026-06-03,000001,14:33:03,11.0200,39,1
2026-06-03,000001,14:33:06,11.0100,39,2
2026-06-03,000001,14:33:09,11.0100,1193,2
2026-06-03,000001,14:33:12,11.0100,43,1
2026-06-03,000001,14:33:15,11.0000,78,2
2026-06-03,000001,14:33:18,11.0100,17,1
2026-06-03,000001,14:33:21,11.0100,20,1
2026-06-03,000001,14:33:24,11.0000,51,2
2026-06-03,000001,14:33:27,11.0000,33,2
2026-06-03,000001,14:33:30,11.0100,12,1
2026-06-03,000001,14:33:33,11.0100,2,1
2026-06-03,000001,14:33:36,11.0100,4,1
2026-06-03,000001,14:33:39,11.0000,1,2
2026-06-03,000001,14:33:45,11.0000,74,2
2026-06-03,000001,14:33:48,11.0000,37,2
2026-06-03,000001,14:33:51,11.0000,84,2
2026-06-03,000001,14:33:54,11.0000,73,2
2026-06-03,000001,14:33:57,10.9900,473,2
2026-06-03,000001,14:34:00,11.0000,85,1
2026-06-03,000001,14:34:03,11.0000,496,1
2026-06-03,000001,14:34:06,11.0000,81,1
2026-06-03,000001,14:34:09,10.9900,148,2
2026-06-03,000001,14:34:12,11.0000,149,1
2026-06-03,000001,14:34:15,11.0100,51,1
2026-06-03,000001,14:34:18,11.0000,43,1
2026-06-03,000001,14:34:21,11.0000,47,1
2026-06-03,000001,14:34:24,11.0000,79,1
2026-06-03,000001,14:34:27,10.9900,126,2
2026-06-03,000001,14:34:30,11.0000,35,1
2026-06-03,000001,14:34:33,10.9900,19,2
2026-06-03,000001,14:34:36,11.0000,41,1
2026-06-03,000001,14:34:39,10.9900,22,2
2026-06-03,000001,14:34:42,11.0000,10,1
2026-06-03,000001,14:34:45,11.0000,17,1
2026-06-03,000001,14:34:48,10.9900,36,2
2026-06-03,000001,14:34:51,11.0000,169,1
2026-06-03,000001,14:34:54,11.0000,53,1
2026-06-03,000001,14:34:57,11.0000,314,1
2026-06-03,000001,14:35:00,11.0000,126,4
2026-06-03,000001,14:35:03,10.9900,201,2
2026-06-03,000001,14:35:06,11.0000,250,1
2026-06-03,000001,14:35:09,11.0000,93,1
2026-06-03,000001,14:35:12,11.0100,97,1
2026-06-03,000001,14:35:15,11.0100,42,1
2026-06-03,000001,14:35:18,11.0000,28,2
2026-06-03,000001,14:35:21,10.9900,6,2
2026-06-03,000001,14:35:24,11.0000,118,1
2026-06-03,000001,14:35:27,10.9900,12,2
2026-06-03,000001,14:35:33,11.0000,56,1
2026-06-03,000001,14:35:39,11.0000,88,1
2026-06-03,000001,14:35:42,10.9900,116,2
2026-06-03,000001,14:35:45,10.9800,6993,2
2026-06-03,000001,14:35:48,10.9800,375,1
2026-06-03,000001,14:35:51,10.9800,2120,2
2026-06-03,000001,14:35:54,10.9800,239,2
2026-06-03,000001,14:35:57,10.9800,44,1
2026-06-03,000001,14:36:00,10.9700,51,2
2026-06-03,000001,14:36:03,10.9800,1,1
2026-06-03,000001,14:36:06,10.9800,248,1
2026-06-03,000001,14:36:09,10.9700,3,2
2026-06-03,000001,14:36:15,10.9800,45,1
2026-06-03,000001,14:36:18,10.9800,35,1
2026-06-03,000001,14:36:21,10.9700,544,2
2026-06-03,000001,14:36:24,10.9800,16,1
2026-06-03,000001,14:36:27,10.9800,120,1
2026-06-03,000001,14:36:30,10.9800,19,1
2026-06-03,000001,14:36:33,10.9800,36,1
2026-06-03,000001,14:36:36,10.9800,8,1
2026-06-03,000001,14:36:39,10.9800,22,1
2026-06-03,000001,14:36:45,10.9800,1,1
2026-06-03,000001,14:36:48,10.9700,2,2
2026-06-03,000001,14:36:54,10.9800,19,1
2026-06-03,000001,14:36:57,10.9800,1210,1
2026-06-03,000001,14:37:00,10.9800,1670,2
2026-06-03,000001,14:37:03,10.9700,295,2
2026-06-03,000001,14:37:06,10.9700,146,2
2026-06-03,000001,14:37:09,10.9700,17,2
2026-06-03,000001,14:37:12,10.9700,18,2
2026-06-03,000001,14:37:15,10.9800,15,1
2026-06-03,000001,14:37:18,10.9800,32,1
2026-06-03,000001,14:37:21,10.9800,207,1
2026-06-03,000001,14:37:27,10.9800,548,1
2026-06-03,000001,14:37:30,10.9700,27,2
2026-06-03,000001,14:37:33,10.9800,28,1
2026-06-03,000001,14:37:36,10.9700,196,2
2026-06-03,000001,14:37:39,10.9700,4,2
2026-06-03,000001,14:37:42,10.9700,24,2
2026-06-03,000001,14:37:45,10.9800,2,1
2026-06-03,000001,14:37:51,10.9800,16,1
2026-06-03,000001,14:37:57,10.9700,101,2
2026-06-03,000001,14:38:00,10.9700,113,2
2026-06-03,000001,14:38:03,10.9700,64,2
2026-06-03,000001,14:38:06,10.9700,26,2
2026-06-03,000001,14:38:09,10.9800,74,1
2026-06-03,000001,14:38:12,10.9700,109,2
2026-06-03,000001,14:38:15,10.9800,35,1
2026-06-03,000001,14:38:18,10.9800,4,1
2026-06-03,000001,14:38:21,10.9800,163,1
2026-06-03,000001,14:38:24,10.9800,12,1
2026-06-03,000001,14:38:27,10.9800,151,1
2026-06-03,000001,14:38:30,10.9800,5,1
2026-06-03,000001,14:38:36,10.9800,10,1
2026-06-03,000001,14:38:39,10.9800,65,1
2026-06-03,000001,14:38:42,10.9700,30,2
2026-06-03,000001,14:38:45,10.9700,18,2
2026-06-03,000001,14:38:48,10.9800,51,1
2026-06-03,000001,14:38:51,10.9700,47,2
2026-06-03,000001,14:38:54,10.9700,22,2
2026-06-03,000001,14:38:57,10.9700,50,2
2026-06-03,000001,14:39:00,10.9700,20,2
2026-06-03,000001,14:39:03,10.9700,116,2
2026-06-03,000001,14:39:06,10.9700,16,2
2026-06-03,000001,14:39:09,10.9700,253,2
2026-06-03,000001,14:39:12,10.9700,5,2
2026-06-03,000001,14:39:15,10.9700,78,2
2026-06-03,000001,14:39:18,10.9700,720,2
2026-06-03,000001,14:39:21,10.9700,293,2
2026-06-03,000001,14:39:24,10.9700,39,2
2026-06-03,000001,14:39:27,10.9700,51,2
2026-06-03,000001,14:39:30,10.9700,59,2
2026-06-03,000001,14:39:33,10.9700,22,2
2026-06-03,000001,14:39:36,10.9700,6,2
2026-06-03,000001,14:39:39,10.9700,6,2
2026-06-03,000001,14:39:42,10.9700,164,2
2026-06-03,000001,14:39:45,10.9700,607,1
2026-06-03,000001,14:39:48,10.9700,73,1
2026-06-03,000001,14:39:51,10.9700,26,1
2026-06-03,000001,14:39:54,10.9700,249,1
2026-06-03,000001,14:39:57,10.9700,65,1
2026-06-03,000001,14:40:00,10.9700,118,1
2026-06-03,000001,14:40:03,10.9600,43,2
2026-06-03,000001,14:40:06,10.9700,92,2
2026-06-03,000001,14:40:09,10.9700,1154,2
2026-06-03,000001,14:40:12,10.9700,60,2
2026-06-03,000001,14:40:15,10.9800,199,1
2026-06-03,000001,14:40:18,10.9700,148,4
2026-06-03,000001,14:40:21,10.9800,48,1
2026-06-03,000001,14:40:24,10.9700,3,2
2026-06-03,000001,14:40:27,10.9700,1,2
2026-06-03,000001,14:40:30,10.9700,105,2
2026-06-03,000001,14:40:33,10.9700,3,2
2026-06-03,000001,14:40:36,10.9700,130,2
2026-06-03,000001,14:40:39,10.9800,4,1
2026-06-03,000001,14:40:42,10.9700,7,2
2026-06-03,000001,14:40:45,10.9700,46,2
2026-06-03,000001,14:40:48,10.9700,7,2
2026-06-03,000001,14:40:51,10.9800,28,1
2026-06-03,000001,14:40:54,10.9700,9,2
2026-06-03,000001,14:40:57,10.9700,32,2
2026-06-03,000001,14:41:00,10.9700,99,2
2026-06-03,000001,14:41:03,10.9700,8,2
2026-06-03,000001,14:41:06,10.9700,22,2
2026-06-03,000001,14:41:09,10.9800,15,1
2026-06-03,000001,14:41:12,10.9700,221,2
2026-06-03,000001,14:41:15,10.9700,79,2
2026-06-03,000001,14:41:18,10.9800,183,1
2026-06-03,000001,14:41:21,10.9700,1738,2
2026-06-03,000001,14:41:24,10.9700,465,2
2026-06-03,000001,14:41:27,10.9600,153,2
2026-06-03,000001,14:41:30,10.9700,55,1
2026-06-03,000001,14:41:33,10.9700,37,2
2026-06-03,000001,14:41:36,10.9600,71,2
2026-06-03,000001,14:41:39,10.9700,17,2
2026-06-03,000001,14:41:42,10.9700,25,1
2026-06-03,000001,14:41:45,10.9700,63,1
2026-06-03,000001,14:41:48,10.9700,177,1
2026-06-03,000001,14:41:51,10.9600,27,2
2026-06-03,000001,14:41:54,10.9700,5,1
2026-06-03,000001,14:41:57,10.9700,11,1
2026-06-03,000001,14:42:00,10.9700,24,1
2026-06-03,000001,14:42:03,10.9700,128,1
2026-06-03,000001,14:42:06,10.9700,1331,1
2026-06-03,000001,14:42:09,10.9800,189,1
2026-06-03,000001,14:42:12,10.9700,113,2
2026-06-03,000001,14:42:15,10.9700,74,2
2026-06-03,000001,14:42:18,10.9700,66,2
2026-06-03,000001,14:42:21,10.9800,307,1
2026-06-03,000001,14:42:24,10.9700,191,2
2026-06-03,000001,14:42:27,10.9700,67,2
2026-06-03,000001,14:42:33,10.9700,17,2
2026-06-03,000001,14:42:36,10.9700,68,2
2026-06-03,000001,14:42:39,10.9700,44,2
2026-06-03,000001,14:42:42,10.9700,51,2
2026-06-03,000001,14:42:45,10.9700,4,2
2026-06-03,000001,14:42:48,10.9700,11,2
2026-06-03,000001,14:42:51,10.9800,197,1
2026-06-03,000001,14:42:54,10.9700,1809,2
2026-06-03,000001,14:42:57,10.9600,84,2
2026-06-03,000001,14:43:00,10.9600,96,2
2026-06-03,000001,14:43:03,10.9700,255,1
2026-06-03,000001,14:43:06,10.9800,177,1
2026-06-03,000001,14:43:09,10.9700,252,2
2026-06-03,000001,14:43:12,10.9700,3,2
2026-06-03,000001,14:43:15,10.9800,30,1
2026-06-03,000001,14:43:18,10.9700,139,2
2026-06-03,000001,14:43:21,10.9700,3,2
2026-06-03,000001,14:43:24,10.9700,108,2
2026-06-03,000001,14:43:27,10.9700,55,2
2026-06-03,000001,14:43:30,10.9700,52,2
2026-06-03,000001,14:43:33,10.9800,237,1
2026-06-03,000001,14:43:36,10.9800,21,1
2026-06-03,000001,14:43:39,10.9800,16,1
2026-06-03,000001,14:43:42,10.9800,19,1
2026-06-03,000001,14:43:45,10.9700,52,2
2026-06-03,000001,14:43:48,10.9700,44,2
2026-06-03,000001,14:43:51,10.9800,173,1
2026-06-03,000001,14:43:54,10.9700,76,2
2026-06-03,000001,14:43:57,10.9700,59,2
2026-06-03,000001,14:44:00,10.9800,24,1
2026-06-03,000001,14:44:03,10.9800,633,1
2026-06-03,000001,14:44:06,10.9800,94,1
2026-06-03,000001,14:44:09,10.9800,41,1
2026-06-03,000001,14:44:15,10.9700,7,2
2026-06-03,000001,14:44:18,10.9700,20,2
2026-06-03,000001,14:44:21,10.9800,227,1
2026-06-03,000001,14:44:24,10.9800,27,1
2026-06-03,000001,14:44:33,10.9800,55,1
2026-06-03,000001,14:44:36,10.9800,63,1
2026-06-03,000001,14:44:39,10.9700,11,2
2026-06-03,000001,14:44:42,10.9800,24,1
2026-06-03,000001,14:44:45,10.9800,3,1
2026-06-03,000001,14:44:48,10.9800,36,1
2026-06-03,000001,14:44:51,10.9800,117,1
2026-06-03,000001,14:44:54,10.9800,41,1
2026-06-03,000001,14:44:57,10.9800,145,1
2026-06-03,000001,14:45:00,10.9700,69,2
2026-06-03,000001,14:45:03,10.9800,557,1
2026-06-03,000001,14:45:06,10.9800,91,2
2026-06-03,000001,14:45:09,10.9900,18,1
2026-06-03,000001,14:45:12,10.9900,18,1
2026-06-03,000001,14:45:15,10.9800,17,2
2026-06-03,000001,14:45:18,10.9900,14,1
2026-06-03,000001,14:45:21,10.9900,5,1
2026-06-03,000001,14:45:24,10.9900,15,1
2026-06-03,000001,14:45:27,10.9900,16,1
2026-06-03,000001,14:45:33,10.9800,17,2
2026-06-03,000001,14:45:39,10.9800,82,2
2026-06-03,000001,14:45:42,10.9900,1,1
2026-06-03,000001,14:45:45,10.9900,50,1
2026-06-03,000001,14:45:48,10.9900,34,1
2026-06-03,000001,14:45:51,10.9900,11,1
2026-06-03,000001,14:45:54,10.9800,10,2
2026-06-03,000001,14:45:57,10.9900,17,1
2026-06-03,000001,14:46:00,10.9900,53,1
2026-06-03,000001,14:46:03,10.9900,234,1
2026-06-03,000001,14:46:06,10.9900,79,1
2026-06-03,000001,14:46:09,10.9900,81,1
2026-06-03,000001,14:46:12,10.9900,152,1
2026-06-03,000001,14:46:15,10.9800,109,2
2026-06-03,000001,14:46:18,10.9800,62,2
2026-06-03,000001,14:46:21,10.9900,97,1
2026-06-03,000001,14:46:24,10.9900,212,1
2026-06-03,000001,14:46:27,10.9800,213,2
2026-06-03,000001,14:46:30,10.9900,17,1
2026-06-03,000001,14:46:33,10.9900,86,1
2026-06-03,000001,14:46:36,10.9900,16,1
2026-06-03,000001,14:46:42,10.9900,37,1
2026-06-03,000001,14:46:45,10.9800,60,2
2026-06-03,000001,14:46:48,10.9900,12,1
2026-06-03,000001,14:46:51,10.9800,3,2
2026-06-03,000001,14:46:54,10.9900,7,1
2026-06-03,000001,14:46:57,10.9900,12,1
2026-06-03,000001,14:47:00,10.9800,91,2
2026-06-03,000001,14:47:03,10.9900,91,1
2026-06-03,000001,14:47:06,10.9800,11,2
2026-06-03,000001,14:47:09,10.9900,5,1
2026-06-03,000001,14:47:12,10.9900,26,1
2026-06-03,000001,14:47:15,10.9900,43,1
2026-06-03,000001,14:47:18,10.9900,13,1
2026-06-03,000001,14:47:21,10.9900,85,1
2026-06-03,000001,14:47:24,10.9900,40,1
2026-06-03,000001,14:47:27,10.9800,19,2
2026-06-03,000001,14:47:30,10.9900,31,1
2026-06-03,000001,14:47:33,10.9900,20,1
2026-06-03,000001,14:47:36,10.9800,15,2
2026-06-03,000001,14:47:39,10.9900,16,1
2026-06-03,000001,14:47:42,10.9900,94,1
2026-06-03,000001,14:47:45,10.9900,9,1
2026-06-03,000001,14:47:51,10.9900,74,1
2026-06-03,000001,14:47:54,10.9900,7,1
2026-06-03,000001,14:47:57,10.9900,62,1
2026-06-03,000001,14:48:00,10.9900,12,1
2026-06-03,000001,14:48:03,10.9900,8,1
2026-06-03,000001,14:48:06,10.9900,92,1
2026-06-03,000001,14:48:09,10.9900,102,1
2026-06-03,000001,14:48:12,10.9900,38,1
2026-06-03,000001,14:48:15,10.9900,749,1
2026-06-03,000001,14:48:18,10.9900,121,1
2026-06-03,000001,14:48:21,10.9900,279,1
2026-06-03,000001,14:48:24,10.9900,24,1
2026-06-03,000001,14:48:27,10.9900,39,1
2026-06-03,000001,14:48:30,10.9900,89,1
2026-06-03,000001,14:48:33,10.9900,271,1
2026-06-03,000001,14:48:36,10.9900,547,1
2026-06-03,000001,14:48:39,10.9900,935,2
2026-06-03,000001,14:48:42,10.9900,157,1
2026-06-03,000001,14:48:45,10.9900,279,1
2026-06-03,000001,14:48:48,10.9900,16,1
2026-06-03,000001,14:48:51,10.9900,85,1
2026-06-03,000001,14:48:54,10.9900,52,2
2026-06-03,000001,14:48:57,10.9900,218,2
2026-06-03,000001,14:49:00,11.0000,43,1
2026-06-03,000001,14:49:03,10.9900,113,2
2026-06-03,000001,14:49:06,10.9900,28,2
2026-06-03,000001,14:49:09,10.9900,19,2
2026-06-03,000001,14:49:12,10.9900,1,2
2026-06-03,000001,14:49:15,10.9900,649,2
2026-06-03,000001,14:49:18,10.9800,33,2
2026-06-03,000001,14:49:21,10.9900,47,1
2026-06-03,000001,14:49:24,10.9900,115,1
2026-06-03,000001,14:49:27,10.9800,11,2
2026-06-03,000001,14:49:30,10.9900,110,1
2026-06-03,000001,14:49:33,10.9900,39,1
2026-06-03,000001,14:49:36,10.9900,164,1
2026-06-03,000001,14:49:39,10.9800,107,2
2026-06-03,000001,14:49:42,10.9900,3,1
2026-06-03,000001,14:49:45,10.9800,4,2
2026-06-03,000001,14:49:48,10.9800,19,2
2026-06-03,000001,14:49:51,10.9900,45,1
2026-06-03,000001,14:49:54,10.9900,48,1
2026-06-03,000001,14:49:57,10.9900,222,1
2026-06-03,000001,14:50:00,10.9900,30,1
2026-06-03,000001,14:50:03,10.9900,121,1
2026-06-03,000001,14:50:06,10.9900,77,1
2026-06-03,000001,14:50:09,10.9800,68,2
2026-06-03,000001,14:50:12,10.9800,53,2
2026-06-03,000001,14:50:15,10.9800,15,2
2026-06-03,000001,14:50:18,10.9900,417,1
2026-06-03,000001,14:50:21,10.9900,120,2
2026-06-03,000001,14:50:24,11.0000,285,1
2026-06-03,000001,14:50:27,11.0000,936,1
2026-06-03,000001,14:50:30,11.0000,140,1
2026-06-03,000001,14:50:33,10.9900,49,2
2026-06-03,000001,14:50:36,11.0000,119,1
2026-06-03,000001,14:50:39,11.0000,19,1
2026-06-03,000001,14:50:42,10.9900,34,2
2026-06-03,000001,14:50:45,10.9900,179,1
2026-06-03,000001,14:50:48,10.9900,26,1
2026-06-03,000001,14:50:51,10.9900,118,4
2026-06-03,000001,14:50:54,10.9900,45,4
2026-06-03,000001,14:50:57,10.9900,165,1
2026-06-03,000001,14:51:00,10.9900,77,2
2026-06-03,000001,14:51:03,10.9900,43,2
2026-06-03,000001,14:51:06,10.9900,18,2
2026-06-03,000001,14:51:09,10.9900,519,2
2026-06-03,000001,14:51:12,10.9900,17,2
2026-06-03,000001,14:51:15,11.0000,52,1
2026-06-03,000001,14:51:18,11.0000,185,1
2026-06-03,000001,14:51:21,10.9900,317,2
2026-06-03,000001,14:51:24,11.0000,64,1
2026-06-03,000001,14:51:27,10.9900,57,2
2026-06-03,000001,14:51:30,10.9900,45,2
2026-06-03,000001,14:51:33,10.9900,79,1
2026-06-03,000001,14:51:36,10.9800,67,2
2026-06-03,000001,14:51:39,10.9900,117,1
2026-06-03,000001,14:51:42,10.9800,50,2
2026-06-03,000001,14:51:45,10.9900,23,1
2026-06-03,000001,14:51:48,10.9900,40,1
2026-06-03,000001,14:51:51,10.9800,35,2
2026-06-03,000001,14:51:54,10.9900,28,1
2026-06-03,000001,14:51:57,10.9900,39,1
2026-06-03,000001,14:52:00,10.9900,3,1
2026-06-03,000001,14:52:03,10.9900,136,1
2026-06-03,000001,14:52:06,10.9800,20,2
2026-06-03,000001,14:52:09,10.9900,193,1
2026-06-03,000001,14:52:12,10.9900,10,1
2026-06-03,000001,14:52:15,10.9800,1,2
2026-06-03,000001,14:52:18,10.9800,2,2
2026-06-03,000001,14:52:21,10.9900,7,1
2026-06-03,000001,14:52:24,10.9800,25,2
2026-06-03,000001,14:52:27,10.9800,40,2
2026-06-03,000001,14:52:30,10.9900,1,1
2026-06-03,000001,14:52:33,10.9800,1004,2
2026-06-03,000001,14:52:36,10.9800,91,2
2026-06-03,000001,14:52:39,10.9800,80,2
2026-06-03,000001,14:52:42,10.9800,888,2
2026-06-03,000001,14:52:45,10.9900,113,1
2026-06-03,000001,14:52:48,10.9800,20,2
2026-06-03,000001,14:52:51,10.9900,117,1
2026-06-03,000001,14:52:54,10.9900,49,1
2026-06-03,000001,14:52:57,10.9800,37,2
2026-06-03,000001,14:53:00,10.9900,69,1
2026-06-03,000001,14:53:03,10.9900,386,1
2026-06-03,000001,14:53:06,10.9900,65,1
2026-06-03,000001,14:53:09,10.9800,11,2
2026-06-03,000001,14:53:12,10.9900,23,1
2026-06-03,000001,14:53:15,10.9900,10,1
2026-06-03,000001,14:53:18,10.9800,7,2
2026-06-03,000001,14:53:21,10.9900,5,1
2026-06-03,000001,14:53:24,10.9900,544,1
2026-06-03,000001,14:53:27,10.9900,482,2
2026-06-03,000001,14:53:30,10.9900,386,2
2026-06-03,000001,14:53:33,10.9900,160,4
2026-06-03,000001,14:53:36,10.9900,4,1
2026-06-03,000001,14:53:39,10.9800,88,2
2026-06-03,000001,14:53:42,10.9900,16,1
2026-06-03,000001,14:53:45,10.9900,29,1
2026-06-03,000001,14:53:48,10.9800,2,2
2026-06-03,000001,14:53:51,10.9900,851,1
2026-06-03,000001,14:53:54,10.9800,37,2
2026-06-03,000001,14:53:57,11.0000,98,1
2026-06-03,000001,14:54:00,10.9900,1020,2
2026-06-03,000001,14:54:03,10.9800,304,2
2026-06-03,000001,14:54:06,10.9900,13,1
2026-06-03,000001,14:54:09,11.0000,89,1
2026-06-03,000001,14:54:12,11.0000,166,1
2026-06-03,000001,14:54:15,10.9900,121,2
2026-06-03,000001,14:54:18,11.0000,87,1
2026-06-03,000001,14:54:21,10.9900,1102,2
2026-06-03,000001,14:54:24,11.0000,45,1
2026-06-03,000001,14:54:27,10.9900,47,2
2026-06-03,000001,14:54:30,10.9900,53,2
2026-06-03,000001,14:54:33,10.9900,47,2
2026-06-03,000001,14:54:36,10.9900,77,2
2026-06-03,000001,14:54:39,10.9900,25,2
2026-06-03,000001,14:54:42,10.9900,17,2
2026-06-03,000001,14:54:45,10.9900,42,2
2026-06-03,000001,14:54:48,10.9900,21,2
2026-06-03,000001,14:54:51,10.9900,57,2
2026-06-03,000001,14:54:54,10.9900,37,2
2026-06-03,000001,14:54:57,10.9900,4,1
2026-06-03,000001,14:55:00,10.9900,163,1
2026-06-03,000001,14:55:03,10.9800,93,2
2026-06-03,000001,14:55:06,10.9900,569,1
2026-06-03,000001,14:55:09,10.9900,86,1
2026-06-03,000001,14:55:12,10.9800,825,2
2026-06-03,000001,14:55:15,10.9800,21,2
2026-06-03,000001,14:55:18,10.9900,883,1
2026-06-03,000001,14:55:21,10.9900,187,4
2026-06-03,000001,14:55:24,10.9800,338,2
2026-06-03,000001,14:55:27,10.9900,62,1
2026-06-03,000001,14:55:30,11.0000,84,1
2026-06-03,000001,14:55:33,10.9900,79,2
2026-06-03,000001,14:55:36,10.9800,193,2
2026-06-03,000001,14:55:39,10.9900,37,1
2026-06-03,000001,14:55:42,10.9900,56,2
2026-06-03,000001,14:55:45,10.9900,39,2
2026-06-03,000001,14:55:48,10.9900,32,2
2026-06-03,000001,14:55:51,10.9800,327,2
2026-06-03,000001,14:55:54,10.9900,92,1
2026-06-03,000001,14:55:57,11.0000,16,1
2026-06-03,000001,14:56:00,10.9900,22,2
2026-06-03,000001,14:56:03,10.9900,72,1
2026-06-03,000001,14:56:06,11.0000,167,1
2026-06-03,000001,14:56:09,10.9800,672,2
2026-06-03,000001,14:56:12,10.9900,59,1
2026-06-03,000001,14:56:15,10.9900,55,1
2026-06-03,000001,14:56:18,10.9900,624,1
2026-06-03,000001,14:56:21,10.9800,384,2
2026-06-03,000001,14:56:24,10.9900,205,1
2026-06-03,000001,14:56:27,10.9900,35,1
2026-06-03,000001,14:56:30,10.9900,784,1
2026-06-03,000001,14:56:33,10.9800,342,2
2026-06-03,000001,14:56:36,10.9800,132,2
2026-06-03,000001,14:56:39,10.9800,104,2
2026-06-03,000001,14:56:42,10.9900,117,1
2026-06-03,000001,14:56:45,10.9800,23,2
2026-06-03,000001,14:56:48,10.9900,11,1
2026-06-03,000001,14:56:51,10.9900,23,1
2026-06-03,000001,14:56:54,10.9900,15,1
2026-06-03,000001,14:56:57,10.9900,31,1
2026-06-03,000001,14:57:00,10.9900,79,1
2026-06-03,000001,15:00:01,10.9900,9627,4
2026-06-03,000001,13:02:36,10.9800,9,1
2026-06-03,000001,13:02:39,10.9800,24,1
2026-06-03,000001,13:02:42,10.9800,7,1
2026-06-03,000001,13:02:45,10.9800,144,1
2026-06-03,000001,13:02:48,10.9800,33,1
2026-06-03,000001,13:02:51,10.9800,3,1
2026-06-03,000001,13:02:54,10.9800,24,1
2026-06-03,000001,13:02:57,10.9800,11,1
2026-06-03,000001,13:03:00,10.9800,15,1
2026-06-03,000001,13:03:03,10.9800,3,1
2026-06-03,000001,13:03:06,10.9800,1,1
2026-06-03,000001,13:03:09,10.9700,16,2
2026-06-03,000001,13:03:12,10.9800,161,1
2026-06-03,000001,13:03:15,10.9800,12,1
2026-06-03,000001,13:03:18,10.9700,108,2
2026-06-03,000001,13:03:21,10.9700,65,2
2026-06-03,000001,13:03:24,10.9700,20,2
2026-06-03,000001,13:03:27,10.9800,26,1
2026-06-03,000001,13:03:30,10.9800,336,1
2026-06-03,000001,13:03:36,10.9800,56,1
2026-06-03,000001,13:03:39,10.9700,17,2
2026-06-03,000001,13:03:42,10.9800,30,1
2026-06-03,000001,13:03:45,10.9800,109,1
2026-06-03,000001,13:03:48,10.9800,17,1
2026-06-03,000001,13:03:51,10.9800,74,1
2026-06-03,000001,13:03:54,10.9700,82,2
2026-06-03,000001,13:03:57,10.9700,17,2
2026-06-03,000001,13:04:00,10.9800,15,1
2026-06-03,000001,13:04:06,10.9800,4,1
2026-06-03,000001,13:04:15,10.9800,7,1
2026-06-03,000001,13:04:18,10.9800,41,1
2026-06-03,000001,13:04:21,10.9700,32,2
2026-06-03,000001,13:04:24,10.9800,10,1
2026-06-03,000001,13:04:27,10.9800,100,1
2026-06-03,000001,13:04:30,10.9800,4,1
2026-06-03,000001,13:04:33,10.9800,25,1
2026-06-03,000001,13:04:36,10.9700,12,2
2026-06-03,000001,13:04:39,10.9800,9,1
2026-06-03,000001,13:04:42,10.9800,10,1
2026-06-03,000001,13:04:45,10.9800,43,1
2026-06-03,000001,13:04:48,10.9800,13,1
2026-06-03,000001,13:04:51,10.9700,24,2
2026-06-03,000001,13:04:54,10.9800,1,1
2026-06-03,000001,13:04:57,10.9800,33,1
2026-06-03,000001,13:05:00,10.9700,70,2
2026-06-03,000001,13:05:03,10.9700,85,2
2026-06-03,000001,13:05:06,10.9700,71,2
2026-06-03,000001,13:05:09,10.9800,44,1
2026-06-03,000001,13:05:12,10.9700,16,2
2026-06-03,000001,13:05:15,10.9700,1,2
2026-06-03,000001,13:05:18,10.9800,99,1
2026-06-03,000001,13:05:21,10.9800,29,1
2026-06-03,000001,13:05:24,10.9800,2,1
2026-06-03,000001,13:05:27,10.9800,28,1
2026-06-03,000001,13:05:30,10.9700,12,2
2026-06-03,000001,13:05:33,10.9700,50,2
2026-06-03,000001,13:05:36,10.9800,27,1
2026-06-03,000001,13:05:39,10.9700,25,2
2026-06-03,000001,13:05:42,10.9700,16,2
2026-06-03,000001,13:05:45,10.9700,3,2
2026-06-03,000001,13:05:48,10.9800,43,1
2026-06-03,000001,13:05:51,10.9700,230,2
2026-06-03,000001,13:05:54,10.9700,26,2
2026-06-03,000001,13:05:57,10.9800,34,1
2026-06-03,000001,13:06:03,10.9700,66,2
2026-06-03,000001,13:06:09,10.9700,66,2
2026-06-03,000001,13:06:12,10.9700,66,2
2026-06-03,000001,13:06:15,10.9700,13,2
2026-06-03,000001,13:06:18,10.9700,84,2
2026-06-03,000001,13:06:21,10.9700,1033,2
2026-06-03,000001,13:06:24,10.9700,165,1
2026-06-03,000001,13:06:27,10.9700,2,1
2026-06-03,000001,13:06:30,10.9700,10,1
2026-06-03,000001,13:06:33,10.9600,61,2
2026-06-03,000001,13:06:36,10.9600,800,2
2026-06-03,000001,13:06:39,10.9600,12,2
2026-06-03,000001,13:06:42,10.9600,179,2
2026-06-03,000001,13:06:45,10.9600,202,2
2026-06-03,000001,13:06:51,10.9700,9,1
2026-06-03,000001,13:06:54,10.9700,26,1
2026-06-03,000001,13:07:00,10.9600,16,2
2026-06-03,000001,13:07:03,10.9600,6,2
2026-06-03,000001,13:07:09,10.9600,44,2
2026-06-03,000001,13:07:12,10.9700,275,1
2026-06-03,000001,13:07:15,10.9600,16,2
2026-06-03,000001,13:07:21,10.9700,4,1
2026-06-03,000001,13:07:24,10.9600,1,2
2026-06-03,000001,13:07:36,10.9600,28,2
2026-06-03,000001,13:07:39,10.9600,18,2
2026-06-03,000001,13:07:42,10.9700,17,1
2026-06-03,000001,13:07:45,10.9700,2,1
2026-06-03,000001,13:07:48,10.9600,1,2
2026-06-03,000001,13:07:51,10.9600,17,2
2026-06-03,000001,13:07:54,10.9700,15,1
2026-06-03,000001,13:07:57,10.9600,1,2
2026-06-03,000001,13:08:00,10.9600,23,2
2026-06-03,000001,13:08:03,10.9700,87,1
2026-06-03,000001,13:08:09,10.9600,17,2
2026-06-03,000001,13:08:12,10.9700,304,1
2026-06-03,000001,13:08:15,10.9700,2,1
2026-06-03,000001,13:08:18,10.9600,249,2
2026-06-03,000001,13:08:21,10.9600,19,2
2026-06-03,000001,13:08:24,10.9700,11,1
2026-06-03,000001,13:08:30,10.9600,50,2
2026-06-03,000001,13:08:36,10.9600,49,2
2026-06-03,000001,13:08:39,10.9600,123,2
2026-06-03,000001,13:08:45,10.9600,64,2
2026-06-03,000001,13:08:48,10.9600,19,2
2026-06-03,000001,13:08:51,10.9600,57,2
2026-06-03,000001,13:08:54,10.9600,38,2
2026-06-03,000001,13:08:57,10.9600,5,2
2026-06-03,000001,13:09:00,10.9600,132,2
2026-06-03,000001,13:09:03,10.9700,4,1
2026-06-03,000001,13:09:12,10.9700,168,1
2026-06-03,000001,13:09:15,10.9600,54,2
2026-06-03,000001,13:09:18,10.9600,14,2
2026-06-03,000001,13:09:21,10.9700,41,1
2026-06-03,000001,13:09:24,10.9600,284,2
2026-06-03,000001,13:09:30,10.9600,19,2
2026-06-03,000001,13:09:33,10.9600,245,2
2026-06-03,000001,13:09:36,10.9700,43,1
2026-06-03,000001,13:09:39,10.9600,3,2
2026-06-03,000001,13:09:42,10.9600,4014,2
2026-06-03,000001,13:09:45,10.9600,116,1
2026-06-03,000001,13:09:48,10.9600,4,1
2026-06-03,000001,13:09:51,10.9600,19,1
2026-06-03,000001,13:09:54,10.9600,135,1
2026-06-03,000001,13:09:57,10.9600,7,1
2026-06-03,000001,13:10:00,10.9600,14,1
2026-06-03,000001,13:10:03,10.9500,4,2
2026-06-03,000001,13:10:06,10.9500,21,2
2026-06-03,000001,13:10:09,10.9500,38,2
2026-06-03,000001,13:10:12,10.9500,10,2
2026-06-03,000001,13:10:15,10.9500,62,2
2026-06-03,000001,13:10:18,10.9500,68,2
2026-06-03,000001,13:10:21,10.9500,13,2
2026-06-03,000001,13:10:24,10.9600,4,1
2026-06-03,000001,13:10:27,10.9500,21,2
2026-06-03,000001,13:10:30,10.9500,32,2
2026-06-03,000001,13:10:33,10.9600,15,1
2026-06-03,000001,13:10:36,10.9500,55,2
2026-06-03,000001,13:10:39,10.9500,85,2
2026-06-03,000001,13:10:42,10.9500,28,2
2026-06-03,000001,13:10:45,10.9500,25,2
2026-06-03,000001,13:10:48,10.9500,69,2
2026-06-03,000001,13:10:51,10.9600,76,1
2026-06-03,000001,13:10:54,10.9500,16,2
2026-06-03,000001,13:10:57,10.9500,33,2
2026-06-03,000001,13:11:03,10.9600,4,1
2026-06-03,000001,13:11:06,10.9600,30,1
2026-06-03,000001,13:11:09,10.9500,181,2
2026-06-03,000001,13:11:12,10.9500,65,2
2026-06-03,000001,13:11:15,10.9500,72,2
2026-06-03,000001,13:11:18,10.9400,6808,2
2026-06-03,000001,13:11:21,10.9400,83,2
2026-06-03,000001,13:11:24,10.9500,5,1
2026-06-03,000001,13:11:30,10.9500,20,1
2026-06-03,000001,13:11:33,10.9500,12,1
2026-06-03,000001,13:11:36,10.9500,55,1
2026-06-03,000001,13:11:39,10.9500,2132,1
2026-06-03,000001,13:11:42,10.9400,660,2
2026-06-03,000001,13:11:45,10.9500,317,1
2026-06-03,000001,13:11:48,10.9500,129,1
2026-06-03,000001,13:11:51,10.9500,85,1
2026-06-03,000001,13:11:54,10.9500,10,1
2026-06-03,000001,13:11:57,10.9400,172,2
2026-06-03,000001,13:12:00,10.9400,18,2
2026-06-03,000001,13:12:03,10.9400,111,2
2026-06-03,000001,13:12:06,10.9500,41,1
2026-06-03,000001,13:12:09,10.9500,328,1
2026-06-03,000001,13:12:12,10.9500,1,1
2026-06-03,000001,13:12:15,10.9500,1,1
2026-06-03,000001,13:12:18,10.9400,16,2
2026-06-03,000001,13:12:24,10.9400,20,2
2026-06-03,000001,13:12:27,10.9500,269,1
2026-06-03,000001,13:12:30,10.9400,408,2
2026-06-03,000001,13:12:33,10.9500,33,1
2026-06-03,000001,13:12:36,10.9400,13,2
2026-06-03,000001,13:12:39,10.9400,92,2
2026-06-03,000001,13:12:42,10.9400,63,2
2026-06-03,000001,13:12:45,10.9400,61,2
2026-06-03,000001,13:12:48,10.9500,102,1
2026-06-03,000001,13:12:51,10.9400,424,2
2026-06-03,000001,13:12:54,10.9500,13,1
2026-06-03,000001,13:12:57,10.9400,8,2
2026-06-03,000001,13:13:00,10.9500,73,1
2026-06-03,000001,13:13:03,10.9500,105,1
2026-06-03,000001,13:13:06,10.9400,6,2
2026-06-03,000001,13:13:12,10.9400,18,2
2026-06-03,000001,13:13:15,10.9500,7,1
2026-06-03,000001,13:13:18,10.9500,114,1
2026-06-03,000001,13:13:21,10.9500,28,1
2026-06-03,000001,13:13:24,10.9500,1,1
2026-06-03,000001,13:13:27,10.9500,21,1
2026-06-03,000001,13:13:30,10.9400,29,2
2026-06-03,000001,13:13:33,10.9400,53,2
2026-06-03,000001,13:13:36,10.9400,45,2
2026-06-03,000001,13:13:39,10.9400,24,2
2026-06-03,000001,13:13:42,10.9500,13,1
2026-06-03,000001,13:13:45,10.9400,52,2
2026-06-03,000001,13:13:48,10.9500,23,1
2026-06-03,000001,13:13:51,10.9500,24,1
2026-06-03,000001,13:13:54,10.9400,43,2
2026-06-03,000001,13:13:57,10.9400,131,2
2026-06-03,000001,13:14:00,10.9500,21,1
2026-06-03,000001,13:14:03,10.9500,120,1
2026-06-03,000001,13:14:06,10.9400,1,2
2026-06-03,000001,13:14:09,10.9400,59,2
2026-06-03,000001,13:14:12,10.9500,72,1
2026-06-03,000001,13:14:15,10.9500,118,1
2026-06-03,000001,13:14:18,10.9500,94,1
2026-06-03,000001,13:14:21,10.9500,160,1
2026-06-03,000001,13:14:24,10.9500,540,1
2026-06-03,000001,13:14:27,10.9500,19,1
2026-06-03,000001,13:14:30,10.9500,338,1
2026-06-03,000001,13:14:33,10.9500,78,1
2026-06-03,000001,13:14:36,10.9400,109,2
2026-06-03,000001,13:14:39,10.9500,144,1
2026-06-03,000001,13:14:42,10.9400,219,2
2026-06-03,000001,13:14:45,10.9400,260,2
2026-06-03,000001,13:14:48,10.9500,15,1
2026-06-03,000001,13:14:51,10.9500,28,1
2026-06-03,000001,13:14:54,10.9400,110,2
2026-06-03,000001,13:14:57,10.9400,10,2
2026-06-03,000001,13:15:00,10.9500,10,1
2026-06-03,000001,13:15:03,10.9400,80,2
2026-06-03,000001,13:15:06,10.9400,196,2
2026-06-03,000001,13:15:09,10.9500,81,1
2026-06-03,000001,13:15:12,10.9400,317,2
2026-06-03,000001,13:15:15,10.9400,22,2
2026-06-03,000001,13:15:21,10.9400,16,2
2026-06-03,000001,13:15:24,10.9400,13,2
2026-06-03,000001,13:15:27,10.9500,138,1
2026-06-03,000001,13:15:30,10.9500,4,1
2026-06-03,000001,13:15:33,10.9400,13,2
2026-06-03,000001,13:15:36,10.9400,46,2
2026-06-03,000001,13:15:39,10.9400,39,2
2026-06-03,000001,13:15:42,10.9400,242,2
2026-06-03,000001,13:15:48,10.9500,174,1
2026-06-03,000001,13:15:51,10.9500,113,1
2026-06-03,000001,13:15:54,10.9500,2,1
2026-06-03,000001,13:16:03,10.9400,1,2
2026-06-03,000001,13:16:06,10.9400,16,2
2026-06-03,000001,13:16:09,10.9500,119,1
2026-06-03,000001,13:16:12,10.9400,58,2
2026-06-03,000001,13:16:15,10.9400,80,2
2026-06-03,000001,13:16:18,10.9400,49,2
2026-06-03,000001,13:16:21,10.9400,131,2
2026-06-03,000001,13:16:24,10.9500,3,1
2026-06-03,000001,13:16:27,10.9400,5,2
2026-06-03,000001,13:16:30,10.9400,22,2
2026-06-03,000001,13:16:33,10.9500,160,1
2026-06-03,000001,13:16:36,10.9500,365,1
2026-06-03,000001,13:16:39,10.9400,20,2
2026-06-03,000001,13:16:42,10.9500,10,1
2026-06-03,000001,13:16:45,10.9500,61,1
2026-06-03,000001,13:16:48,10.9400,94,2
2026-06-03,000001,13:16:51,10.9400,35,2
2026-06-03,000001,13:16:54,10.9400,17,2
2026-06-03,000001,13:16:57,10.9500,1,1
2026-06-03,000001,13:17:00,10.9500,40,1
2026-06-03,000001,13:17:03,10.9400,64,2
2026-06-03,000001,13:17:06,10.9500,9,1
2026-06-03,000001,13:17:09,10.9400,67,2
2026-06-03,000001,13:17:12,10.9400,896,2
2026-06-03,000001,13:17:15,10.9400,71,2
2026-06-03,000001,13:17:18,10.9500,28,1
2026-06-03,000001,13:17:21,10.9400,4,2
2026-06-03,000001,13:17:24,10.9500,29,1
2026-06-03,000001,13:17:27,10.9500,27,1
2026-06-03,000001,13:17:30,10.9400,7649,2
2026-06-03,000001,13:17:33,10.9400,2966,1
2026-06-03,000001,13:17:36,10.9400,4,1
2026-06-03,000001,13:17:39,10.9400,135,1
2026-06-03,000001,13:17:42,10.9300,87,2
2026-06-03,000001,13:17:45,10.9300,177,2
2026-06-03,000001,13:17:48,10.9400,21,1
2026-06-03,000001,13:17:51,10.9300,40,2
2026-06-03,000001,13:17:54,10.9400,128,1
2026-06-03,000001,13:17:57,10.9300,6,2
2026-06-03,000001,13:18:03,10.9300,1,2
2026-06-03,000001,13:18:06,10.9400,35,1
2026-06-03,000001,13:18:09,10.9300,10,2
2026-06-03,000001,13:18:12,10.9300,10,2
2026-06-03,000001,13:18:18,10.9300,57,2
2026-06-03,000001,13:18:21,10.9300,32,2
2026-06-03,000001,13:18:27,10.9300,247,2
2026-06-03,000001,13:18:30,10.9300,21,2
2026-06-03,000001,13:18:33,10.9300,14,2
2026-06-03,000001,13:18:36,10.9400,1,1
2026-06-03,000001,13:18:45,10.9400,15,1
2026-06-03,000001,13:18:48,10.9400,35,1
2026-06-03,000001,13:18:51,10.9400,50,1
2026-06-03,000001,13:18:54,10.9300,43,2
2026-06-03,000001,13:18:57,10.9300,68,2
2026-06-03,000001,13:19:00,10.9300,17,2
2026-06-03,000001,13:19:03,10.9400,38,1
2026-06-03,000001,13:19:06,10.9300,40,2
2026-06-03,000001,13:19:09,10.9300,5,2
2026-06-03,000001,13:19:12,10.9300,26,2
2026-06-03,000001,13:19:15,10.9400,114,1
2026-06-03,000001,13:19:18,10.9300,6,2
2026-06-03,000001,13:19:21,10.9300,63,2
2026-06-03,000001,13:19:24,10.9300,57,2
2026-06-03,000001,13:19:27,10.9400,4,1
2026-06-03,000001,13:19:30,10.9400,20,1
2026-06-03,000001,13:19:33,10.9400,2,1
2026-06-03,000001,13:19:36,10.9400,32,1
2026-06-03,000001,13:19:39,10.9400,20,1
2026-06-03,000001,13:19:42,10.9400,620,1
2026-06-03,000001,13:19:45,10.9400,140,1
2026-06-03,000001,13:19:51,10.9400,68,1
2026-06-03,000001,13:19:57,10.9400,36,1
2026-06-03,000001,13:20:00,10.9300,14,2
2026-06-03,000001,13:20:03,10.9300,61,2
2026-06-03,000001,13:20:06,10.9400,1,1
2026-06-03,000001,13:20:12,10.9400,11,1
2026-06-03,000001,13:20:18,10.9300,16,2
2026-06-03,000001,13:20:21,10.9300,5,2
2026-06-03,000001,13:20:24,10.9400,83,1
2026-06-03,000001,13:20:27,10.9300,2,2
2026-06-03,000001,13:20:30,10.9400,55,1
2026-06-03,000001,13:20:33,10.9400,117,1
2026-06-03,000001,13:20:36,10.9400,33,1
2026-06-03,000001,13:20:39,10.9300,10,2
2026-06-03,000001,13:20:42,10.9400,35,1
2026-06-03,000001,13:20:45,10.9400,747,1
2026-06-03,000001,13:20:48,10.9300,31,2
2026-06-03,000001,13:20:51,10.9400,46,1
2026-06-03,000001,13:20:54,10.9400,83,1
2026-06-03,000001,13:20:57,10.9400,1,1
2026-06-03,000001,13:21:03,10.9400,133,1
2026-06-03,000001,13:21:09,10.9300,136,2
2026-06-03,000001,13:21:18,10.9400,44,1
2026-06-03,000001,13:21:21,10.9300,25,2
2026-06-03,000001,13:21:27,10.9300,2,2
2026-06-03,000001,13:21:30,10.9400,45,1
2026-06-03,000001,13:21:33,10.9300,384,2
2026-06-03,000001,13:21:36,10.9400,2,1
2026-06-03,000001,13:21:39,10.9400,5,1
2026-06-03,000001,13:21:42,10.9400,15,1
2026-06-03,000001,13:21:45,10.9400,5,1
2026-06-03,000001,13:21:48,10.9400,46,1
2026-06-03,000001,13:21:51,10.9400,54,1
2026-06-03,000001,13:21:54,10.9400,84,1
2026-06-03,000001,13:21:57,10.9300,38,2
2026-06-03,000001,13:22:09,10.9400,11,1
2026-06-03,000001,13:22:15,10.9400,20,1
2026-06-03,000001,13:22:18,10.9300,36,2
2026-06-03,000001,13:22:24,10.9300,5,2
2026-06-03,000001,13:22:27,10.9300,6,2
2026-06-03,000001,13:22:30,10.9300,1,2
2026-06-03,000001,13:22:33,10.9300,101,2
2026-06-03,000001,13:22:36,10.9300,26,2
2026-06-03,000001,13:22:39,10.9400,81,1
2026-06-03,000001,13:22:42,10.9300,60,2
2026-06-03,000001,13:22:45,10.9300,5326,2
2026-06-03,000001,13:22:48,10.9300,33,1
2026-06-03,000001,13:22:51,10.9300,118,1
2026-06-03,000001,13:22:54,10.9200,19,2
2026-06-03,000001,13:22:57,10.9300,81,1
2026-06-03,000001,13:23:00,10.9200,55,2
2026-06-03,000001,13:23:03,10.9200,54,2
2026-06-03,000001,13:23:06,10.9200,13,2
2026-06-03,000001,13:23:12,10.9200,62,2
2026-06-03,000001,13:23:15,10.9200,19,2
2026-06-03,000001,13:23:18,10.9200,37,2
2026-06-03,000001,13:23:21,10.9300,25,1
2026-06-03,000001,13:23:24,10.9300,8,1
2026-06-03,000001,13:23:27,10.9300,47,1
2026-06-03,000001,13:23:30,10.9300,100,1
2026-06-03,000001,13:23:33,10.9300,99,1
2026-06-03,000001,13:23:36,10.9300,644,1
2026-06-03,000001,13:23:39,10.9300,2668,1
2026-06-03,000001,13:23:42,10.9400,245,1
2026-06-03,000001,13:23:45,10.9400,27,1
2026-06-03,000001,13:23:48,10.9300,373,2
2026-06-03,000001,13:23:51,10.9300,161,1
2026-06-03,000001,13:23:54,10.9300,30,1
2026-06-03,000001,13:23:57,10.9300,276,1
2026-06-03,000001,13:24:00,10.9300,540,1
2026-06-03,000001,13:24:03,10.9300,60,1
2026-06-03,000001,13:24:09,10.9400,168,1
2026-06-03,000001,13:24:15,10.9400,3,1
2026-06-03,000001,13:24:18,10.9300,857,2
2026-06-03,000001,13:24:21,10.9400,50,1
2026-06-03,000001,13:24:24,10.9400,94,1
2026-06-03,000001,13:24:27,10.9300,3012,2
2026-06-03,000001,13:24:30,10.9400,135,1
2026-06-03,000001,13:24:33,10.9400,8,1
2026-06-03,000001,13:24:36,10.9300,8,2
2026-06-03,000001,13:24:39,10.9400,895,1
2026-06-03,000001,13:24:42,10.9400,592,1
2026-06-03,000001,13:24:45,10.9300,120,2
2026-06-03,000001,13:24:48,10.9400,148,1
2026-06-03,000001,13:24:51,10.9400,22,1
2026-06-03,000001,13:24:54,10.9400,19,1
2026-06-03,000001,13:24:57,10.9400,133,1
2026-06-03,000001,13:25:00,10.9400,18,1
2026-06-03,000001,13:25:03,10.9300,16,2
2026-06-03,000001,13:25:06,10.9400,68,1
2026-06-03,000001,13:25:12,10.9400,13,2
2026-06-03,000001,13:25:15,10.9500,2,1
2026-06-03,000001,13:25:18,10.9500,2,1
2026-06-03,000001,13:25:21,10.9400,19,2
2026-06-03,000001,13:25:24,10.9400,18,2
2026-06-03,000001,13:25:27,10.9400,6,2
2026-06-03,000001,13:25:30,10.9500,17,1
2026-06-03,000001,13:25:33,10.9500,133,1
2026-06-03,000001,13:25:36,10.9500,15,1
2026-06-03,000001,13:25:39,10.9500,30,1
2026-06-03,000001,13:25:42,10.9400,107,2
2026-06-03,000001,13:25:48,10.9500,28,1
2026-06-03,000001,13:25:51,10.9400,52,2
2026-06-03,000001,13:25:57,10.9500,12,1
2026-06-03,000001,13:26:00,10.9500,14,1
2026-06-03,000001,13:26:03,10.9400,4,2
2026-06-03,000001,13:26:06,10.9500,4174,1
2026-06-03,000001,13:26:09,10.9600,50,1
2026-06-03,000001,13:26:12,10.9500,8,2
2026-06-03,000001,13:26:15,10.9500,36,2
2026-06-03,000001,13:26:18,10.9600,1,1
2026-06-03,000001,13:26:21,10.9500,115,2
2026-06-03,000001,13:26:24,10.9500,22,2
2026-06-03,000001,13:26:27,10.9600,56,1
2026-06-03,000001,13:26:30,10.9600,112,1
2026-06-03,000001,13:26:33,10.9600,56,1
2026-06-03,000001,13:26:36,10.9600,81,1
2026-06-03,000001,13:26:39,10.9500,125,2
2026-06-03,000001,13:26:42,10.9500,128,2
2026-06-03,000001,13:26:45,10.9600,25,1
2026-06-03,000001,13:26:57,10.9600,1366,1
2026-06-03,000001,13:27:00,10.9500,73,1
2026-06-03,000001,13:27:03,10.9500,20,1
2026-06-03,000001,13:27:06,10.9500,19,1
2026-06-03,000001,13:27:09,10.9500,9,1
2026-06-03,000001,13:27:12,10.9500,42,1
2026-06-03,000001,13:27:15,10.9400,10,2
2026-06-03,000001,13:27:18,10.9400,16,2
2026-06-03,000001,13:27:21,10.9400,9,2
2026-06-03,000001,13:27:24,10.9500,27,1
2026-06-03,000001,13:27:27,10.9500,6,1
2026-06-03,000001,13:27:33,10.9500,48,1
2026-06-03,000001,13:27:36,10.9500,16,1
2026-06-03,000001,13:27:39,10.9400,5,2
2026-06-03,000001,13:27:42,10.9400,91,2
2026-06-03,000001,13:27:45,10.9500,4,1
2026-06-03,000001,13:27:48,10.9500,23,1
2026-06-03,000001,13:27:51,10.9500,6,1
2026-06-03,000001,13:27:54,10.9500,37,1
2026-06-03,000001,13:27:57,10.9500,14,1
2026-06-03,000001,13:28:00,10.9500,61,1
2026-06-03,000001,13:28:03,10.9500,8,1
2026-06-03,000001,13:28:09,10.9500,1,1
2026-06-03,000001,13:28:12,10.9500,1,1
2026-06-03,000001,13:28:15,10.9500,136,1
2026-06-03,000001,13:28:18,10.9500,126,1
2026-06-03,000001,13:28:21,10.9500,4,1
2026-06-03,000001,13:28:24,10.9400,5,2
2026-06-03,000001,13:28:27,10.9500,5,1
2026-06-03,000001,13:28:30,10.9400,14,2
2026-06-03,000001,13:28:33,10.9500,27,1
2026-06-03,000001,13:28:39,10.9500,1,1
2026-06-03,000001,13:28:42,10.9500,6,1
2026-06-03,000001,13:28:45,10.9500,42,1
2026-06-03,000001,13:28:48,10.9500,13,1
2026-06-03,000001,13:28:51,10.9500,11,1
2026-06-03,000001,13:28:54,10.9500,112,1
2026-06-03,000001,13:28:57,10.9400,20,2
2026-06-03,000001,13:29:00,10.9600,659,1
2026-06-03,000001,13:29:03,10.9600,44,1
2026-06-03,000001,13:29:06,10.9600,10,2
2026-06-03,000001,13:29:12,10.9700,46,1
2026-06-03,000001,13:29:15,10.9700,17,1
2026-06-03,000001,13:29:21,10.9700,2539,1
2026-06-03,000001,13:29:24,10.9700,52,1
2026-06-03,000001,13:29:27,10.9500,30,2
2026-06-03,000001,13:29:30,10.9500,52,2
2026-06-03,000001,13:29:33,10.9600,59,1
2026-06-03,000001,13:29:36,10.9600,188,1
2026-06-03,000001,13:29:39,10.9600,246,2
2026-06-03,000001,13:29:42,10.9600,68,1
2026-06-03,000001,13:29:45,10.9600,184,1
2026-06-03,000001,13:29:48,10.9600,275,2
2026-06-03,000001,13:29:51,10.9600,41,1
2026-06-03,000001,13:29:54,10.9600,33,1
2026-06-03,000001,13:29:57,10.9600,31,1
2026-06-03,000001,13:30:00,10.9600,10,1
2026-06-03,000001,13:30:03,10.9600,229,1
2026-06-03,000001,13:30:06,10.9600,53,1
2026-06-03,000001,13:30:09,10.9600,1,1
2026-06-03,000001,13:30:12,10.9600,30,1
2026-06-03,000001,13:30:15,10.9600,56,1
2026-06-03,000001,13:30:21,10.9600,40,1
2026-06-03,000001,13:30:24,10.9600,164,1
2026-06-03,000001,13:30:27,10.9600,2,4
2026-06-03,000001,13:30:30,10.9700,40,1
2026-06-03,000001,13:30:33,10.9600,16,2
2026-06-03,000001,13:30:36,10.9600,16,2
2026-06-03,000001,13:30:39,10.9600,23,2
2026-06-03,000001,13:30:42,10.9600,81,2
2026-06-03,000001,13:30:45,10.9600,81,2
2026-06-03,000001,13:30:48,10.9600,79,2
2026-06-03,000001,13:30:51,10.9600,147,1
2026-06-03,000001,13:30:54,10.9600,41,1
2026-06-03,000001,13:30:57,10.9600,5,1
2026-06-03,000001,13:31:00,10.9600,30,1
2026-06-03,000001,13:31:03,10.9600,63,1
2026-06-03,000001,13:31:06,10.9500,17,2
2026-06-03,000001,13:31:09,10.9500,3,2
2026-06-03,000001,13:31:12,10.9500,11,2
2026-06-03,000001,13:31:15,10.9600,20,1
2026-06-03,000001,13:31:21,10.9500,22,2
2026-06-03,000001,13:31:24,10.9600,1,1
2026-06-03,000001,13:31:30,10.9600,182,1
2026-06-03,000001,13:31:33,10.9600,152,1
2026-06-03,000001,13:31:36,10.9700,14,1
2026-06-03,000001,13:31:39,10.9600,190,2
2026-06-03,000001,13:31:42,10.9700,15,1
2026-06-03,000001,13:31:45,10.9700,162,1
2026-06-03,000001,13:31:51,10.9600,29,2
2026-06-03,000001,13:31:54,10.9600,23,2
2026-06-03,000001,13:31:57,10.9700,20,1
2026-06-03,000001,13:32:00,10.9600,34,2
2026-06-03,000001,13:32:03,10.9700,34,1
2026-06-03,000001,13:32:06,10.9700,5,1
2026-06-03,000001,13:32:09,10.9700,4,1
2026-06-03,000001,13:32:12,10.9700,3,1
2026-06-03,000001,13:32:15,10.9700,53,1
2026-06-03,000001,13:32:24,10.9600,47,2
2026-06-03,000001,13:32:30,10.9700,15,1
2026-06-03,000001,13:32:33,10.9600,16,2
2026-06-03,000001,13:32:36,10.9600,3,2
2026-06-03,000001,13:32:42,10.9700,104,1
2026-06-03,000001,13:32:45,10.9700,6,1
2026-06-03,000001,13:32:48,10.9700,38,1
2026-06-03,000001,13:32:51,10.9700,54,1
2026-06-03,000001,13:32:54,10.9700,20,1
2026-06-03,000001,13:32:57,10.9700,10,1
2026-06-03,000001,13:33:00,10.9700,40,1
2026-06-03,000001,13:33:03,10.9700,2881,1
2026-06-03,000001,13:33:06,10.9700,183,2
2026-06-03,000001,13:33:09,10.9800,128,1
2026-06-03,000001,13:33:12,10.9800,68,1
2026-06-03,000001,13:33:15,10.9800,1858,1
2026-06-03,000001,13:33:18,10.9700,188,2
2026-06-03,000001,13:33:21,10.9800,11,1
2026-06-03,000001,13:33:24,10.9800,28,1
2026-06-03,000001,13:33:27,10.9800,15,1
2026-06-03,000001,13:33:33,10.9800,55,1
2026-06-03,000001,13:33:36,10.9800,68,1
2026-06-03,000001,13:33:39,10.9800,167,1
2026-06-03,000001,13:33:42,10.9700,5,2
2026-06-03,000001,13:33:45,10.9700,4,2
2026-06-03,000001,13:33:54,10.9700,27,2
2026-06-03,000001,13:33:57,10.9700,360,2
2026-06-03,000001,13:34:00,10.9700,74,2
2026-06-03,000001,13:34:03,10.9800,1,1
2026-06-03,000001,13:34:06,10.9700,41,2
2026-06-03,000001,13:34:09,10.9800,92,1
2026-06-03,000001,13:34:15,10.9800,11,1
2026-06-03,000001,13:34:18,10.9800,14,1
2026-06-03,000001,13:34:21,10.9700,1,2
2026-06-03,000001,13:34:27,10.9700,37,2
2026-06-03,000001,13:34:30,10.9800,8,1
2026-06-03,000001,13:34:36,10.9700,203,2
2026-06-03,000001,13:34:39,10.9700,35,2
2026-06-03,000001,13:34:42,10.9800,1,1
2026-06-03,000001,13:34:45,10.9800,2,1
2026-06-03,000001,13:34:51,10.9800,19,1
2026-06-03,000001,13:34:54,10.9700,31,2
2026-06-03,000001,13:34:57,10.9800,6,1
2026-06-03,000001,13:35:00,10.9700,2,2
2026-06-03,000001,13:35:03,10.9800,272,1
2026-06-03,000001,13:35:06,10.9800,1988,1
2026-06-03,000001,13:35:09,10.9800,20,2
2026-06-03,000001,13:35:12,10.9800,73,2
2026-06-03,000001,13:35:18,10.9800,74,2
2026-06-03,000001,13:35:24,10.9900,162,1
2026-06-03,000001,13:35:27,10.9900,25,1
2026-06-03,000001,13:35:30,10.9900,18,1
2026-06-03,000001,13:35:33,10.9800,6,2
2026-06-03,000001,13:35:36,10.9800,17,2
2026-06-03,000001,13:35:39,10.9900,187,1
2026-06-03,000001,13:35:42,10.9900,50,1
2026-06-03,000001,13:35:45,10.9900,111,1
2026-06-03,000001,13:35:48,10.9800,75,2
2026-06-03,000001,13:35:54,10.9800,25,2
2026-06-03,000001,13:35:57,10.9900,85,1
2026-06-03,000001,13:36:00,10.9800,50,2
2026-06-03,000001,13:36:06,10.9900,27,1
2026-06-03,000001,13:36:09,10.9800,5,2
2026-06-03,000001,13:36:12,10.9900,40,1
2026-06-03,000001,13:36:15,10.9800,61,2
2026-06-03,000001,13:36:21,10.9800,54,2
2026-06-03,000001,13:36:24,10.9900,16,1
2026-06-03,000001,13:36:27,10.9900,15,1
2026-06-03,000001,13:36:30,10.9800,1,2
2026-06-03,000001,13:36:33,10.9900,174,1
2026-06-03,000001,13:36:48,10.9900,18,1
2026-06-03,000001,13:36:51,10.9800,4,2
2026-06-03,000001,13:36:54,10.9900,135,1
2026-06-03,000001,13:36:57,10.9900,107,1
2026-06-03,000001,13:37:00,10.9800,10,2
2026-06-03,000001,13:37:03,10.9800,1,2
2026-06-03,000001,13:37:06,10.9900,21,1
2026-06-03,000001,13:37:09,10.9800,2,2
2026-06-03,000001,13:37:12,10.9800,31,2
2026-06-03,000001,13:37:15,10.9900,2,1
2026-06-03,000001,13:37:18,10.9800,15,2
2026-06-03,000001,13:37:24,10.9900,15,1
2026-06-03,000001,13:37:27,10.9800,5,2
2026-06-03,000001,13:37:30,10.9800,32,2
2026-06-03,000001,13:37:33,10.9900,61,1
2026-06-03,000001,13:37:36,10.9900,2,1
2026-06-03,000001,13:37:39,10.9900,20,1
2026-06-03,000001,13:37:42,10.9900,38,1
2026-06-03,000001,13:37:45,10.9900,3,1
2026-06-03,000001,13:37:48,10.9900,145,1
2026-06-03,000001,13:37:51,10.9900,63,1
2026-06-03,000001,13:37:54,10.9900,4,1
2026-06-03,000001,13:38:00,10.9900,154,1
2026-06-03,000001,13:38:06,10.9800,140,2
2026-06-03,000001,13:38:12,10.9800,143,2
2026-06-03,000001,13:38:15,10.9800,9,2
2026-06-03,000001,13:38:21,10.9800,60,2
2026-06-03,000001,13:38:24,10.9800,375,2
2026-06-03,000001,13:38:27,10.9800,267,2
2026-06-03,000001,13:38:30,10.9800,51,2
2026-06-03,000001,13:38:33,10.9800,22,2
2026-06-03,000001,13:38:39,10.9800,21,2
2026-06-03,000001,13:38:42,10.9800,3,2
2026-06-03,000001,13:38:45,10.9900,13,1
2026-06-03,000001,13:38:48,10.9900,502,1
2026-06-03,000001,13:38:51,10.9800,46,2
2026-06-03,000001,13:38:57,10.9900,1,1
2026-06-03,000001,13:39:00,10.9900,87,1
2026-06-03,000001,13:39:03,10.9800,23,2
2026-06-03,000001,13:39:06,10.9800,46,2
2026-06-03,000001,13:39:12,10.9800,14,2
2026-06-03,000001,13:39:15,10.9800,1,2
2026-06-03,000001,13:39:18,10.9800,117,2
2026-06-03,000001,13:39:21,10.9800,158,2
2026-06-03,000001,13:39:24,10.9800,352,2
2026-06-03,000001,13:39:27,10.9700,379,2
2026-06-03,000001,13:39:30,10.9700,40,2
2026-06-03,000001,13:39:33,10.9700,8,2
2026-06-03,000001,13:39:36,10.9800,42,1
2026-06-03,000001,13:39:39,10.9800,44,1
2026-06-03,000001,13:39:42,10.9700,8,2
2026-06-03,000001,13:39:48,10.9800,20,1
2026-06-03,000001,13:39:51,10.9700,4,2
2026-06-03,000001,13:39:54,10.9800,94,1
2026-06-03,000001,13:39:57,10.9800,11,1
2026-06-03,000001,13:40:03,10.9800,140,1
2026-06-03,000001,13:40:06,10.9800,24,1
2026-06-03,000001,13:40:09,10.9800,30,1
2026-06-03,000001,13:40:12,10.9700,10,2
2026-06-03,000001,13:40:15,10.9800,356,1
2026-06-03,000001,13:40:18,10.9800,329,1
2026-06-03,000001,13:40:21,10.9800,40,1
2026-06-03,000001,13:40:27,10.9800,93,1
2026-06-03,000001,13:40:30,10.9700,141,2
2026-06-03,000001,13:40:33,10.9800,16,1
2026-06-03,000001,13:40:36,10.9800,13,1
2026-06-03,000001,13:40:39,10.9800,425,1
2026-06-03,000001,13:40:42,10.9800,22,1
2026-06-03,000001,13:40:45,10.9800,14,1
2026-06-03,000001,13:40:48,10.9800,87,1
2026-06-03,000001,13:40:51,10.9700,33,2
2026-06-03,000001,13:40:57,10.9800,40,1
2026-06-03,000001,13:41:00,10.9700,26,2
2026-06-03,000001,13:41:03,10.9800,141,1
2026-06-03,000001,13:41:06,10.9700,20,2
2026-06-03,000001,13:41:09,10.9700,10,2
2026-06-03,000001,13:41:12,10.9800,74,1
2026-06-03,000001,13:41:15,10.9800,40,1
2026-06-03,000001,13:41:18,10.9800,2,1
2026-06-03,000001,13:41:21,10.9700,24,2
2026-06-03,000001,13:41:24,10.9700,32,2
2026-06-03,000001,13:41:30,10.9700,7327,2
2026-06-03,000001,13:41:33,10.9700,112,1
2026-06-03,000001,13:41:36,10.9700,7041,1
2026-06-03,000001,13:41:39,10.9600,76,2
2026-06-03,000001,13:41:42,10.9700,11,1
2026-06-03,000001,13:41:45,10.9600,53,2
2026-06-03,000001,13:41:48,10.9700,1,1
2026-06-03,000001,13:41:51,10.9600,22,2
2026-06-03,000001,13:41:54,10.9700,44,1
2026-06-03,000001,13:41:57,10.9700,13,1
2026-06-03,000001,13:42:00,10.9700,38,1
2026-06-03,000001,13:42:03,10.9600,30,2
2026-06-03,000001,13:42:06,10.9700,2053,1
2026-06-03,000001,13:42:09,10.9700,90,4
2026-06-03,000001,13:42:12,10.9700,72,1
2026-06-03,000001,13:42:18,10.9700,354,1
2026-06-03,000001,13:42:21,10.9800,24,1
2026-06-03,000001,13:42:24,10.9700,279,2
2026-06-03,000001,13:42:27,10.9700,1,2
2026-06-03,000001,13:42:30,10.9800,16,1
2026-06-03,000001,13:42:33,10.9700,30,2
2026-06-03,000001,13:42:36,10.9700,16,2
2026-06-03,000001,13:42:39,10.9800,135,1
2026-06-03,000001,13:42:45,10.9700,110,2
2026-06-03,000001,13:42:51,10.9800,5,1
2026-06-03,000001,13:42:54,10.9800,135,1
2026-06-03,000001,13:43:00,10.9700,18,2
2026-06-03,000001,13:43:03,10.9700,23,2
2026-06-03,000001,13:43:06,10.9800,135,1
2026-06-03,000001,13:43:09,10.9700,100,2
2026-06-03,000001,13:43:12,10.9700,49,2
2026-06-03,000001,13:43:15,10.9700,152,2
2026-06-03,000001,13:43:18,10.9800,15,1
2026-06-03,000001,13:43:21,10.9700,20,2
2026-06-03,000001,13:43:24,10.9700,26,2
2026-06-03,000001,13:43:30,10.9700,25,2
2026-06-03,000001,13:43:33,10.9700,28,2
2026-06-03,000001,13:43:36,10.9700,469,2
2026-06-03,000001,13:43:39,10.9600,54,2
2026-06-03,000001,13:43:42,10.9700,66,1
2026-06-03,000001,13:43:45,10.9700,31,1
2026-06-03,000001,13:43:48,10.9700,71,1
2026-06-03,000001,13:43:51,10.9600,33,2
2026-06-03,000001,13:44:03,10.9600,16,2
2026-06-03,000001,13:44:06,10.9600,30,2
2026-06-03,000001,13:44:09,10.9600,15,2
2026-06-03,000001,13:44:18,10.9700,87,1
2026-06-03,000001,13:44:21,10.9700,24,1
2026-06-03,000001,13:44:24,10.9600,15,2
2026-06-03,000001,13:44:36,10.9700,29,1
2026-06-03,000001,13:44:39,10.9700,33,1
2026-06-03,000001,13:44:45,10.9700,2,1
2026-06-03,000001,13:44:54,10.9600,6,2
2026-06-03,000001,13:44:57,10.9600,36,2
2026-06-03,000001,13:45:00,10.9700,56,1
2026-06-03,000001,13:45:06,10.9600,49,2
2026-06-03,000001,13:45:09,10.9600,18,2
2026-06-03,000001,13:45:18,10.9700,16,1
2026-06-03,000001,13:45:21,10.9700,2,1
2026-06-03,000001,13:45:30,10.9600,10,2
2026-06-03,000001,13:45:33,10.9700,15,1
2026-06-03,000001,13:45:39,10.9600,19,2
2026-06-03,000001,13:45:42,10.9700,21,1
2026-06-03,000001,13:45:45,10.9700,18,1
2026-06-03,000001,13:45:48,10.9700,11,1
2026-06-03,000001,13:45:51,10.9700,778,1
2026-06-03,000001,13:45:54,10.9600,470,2
2026-06-03,000001,13:45:57,10.9700,30,1
2026-06-03,000001,13:46:03,10.9600,33,2
2026-06-03,000001,13:46:06,10.9600,18,2
2026-06-03,000001,13:46:12,10.9600,1,2
2026-06-03,000001,13:46:15,10.9700,22,1
2026-06-03,000001,13:46:24,10.9700,38,1
2026-06-03,000001,13:46:27,10.9700,677,1
2026-06-03,000001,13:46:36,10.9800,11,1
2026-06-03,000001,13:46:39,10.9800,159,1
2026-06-03,000001,13:46:42,10.9700,20,2
2026-06-03,000001,13:46:45,10.9700,660,2
2026-06-03,000001,13:46:48,10.9700,50,2
2026-06-03,000001,13:46:51,10.9800,138,1
2026-06-03,000001,13:46:54,10.9700,16,2
2026-06-03,000001,13:46:57,10.9800,6,1
2026-06-03,000001,13:47:00,10.9800,135,1
2026-06-03,000001,13:47:06,10.9700,13,2
2026-06-03,000001,13:47:15,10.9700,1089,2
2026-06-03,000001,13:47:18,10.9800,19,1
2026-06-03,000001,13:47:21,10.9800,1,1
2026-06-03,000001,13:47:24,10.9700,15,2
2026-06-03,000001,13:47:27,10.9700,6,2
2026-06-03,000001,13:47:30,10.9800,24,1
2026-06-03,000001,13:47:36,10.9700,45,2
2026-06-03,000001,13:47:39,10.9700,137,2
2026-06-03,000001,13:47:45,10.9700,2,2
2026-06-03,000001,13:47:48,10.9700,32,2
2026-06-03,000001,13:47:51,10.9800,1,1
2026-06-03,000001,13:47:54,10.9800,148,1
2026-06-03,000001,13:47:57,10.9700,4,2
2026-06-03,000001,13:48:00,10.9800,59,1
2026-06-03,000001,13:48:06,10.9700,25,2
2026-06-03,000001,13:48:09,10.9800,273,1
2026-06-03,000001,13:48:12,10.9800,54,1
2026-06-03,000001,13:48:15,10.9800,157,1
2026-06-03,000001,13:48:24,10.9800,20,1
2026-06-03,000001,13:48:36,10.9700,1,2
2026-06-03,000001,13:48:39,10.9800,286,1
2026-06-03,000001,13:48:42,10.9700,18,2
2026-06-03,000001,13:48:45,10.9800,2,1
2026-06-03,000001,13:48:51,10.9700,6,2
2026-06-03,000001,13:48:54,10.9700,51,2
2026-06-03,000001,13:49:03,10.9700,17,2
2026-06-03,000001,13:49:06,10.9700,75,2
2026-06-03,000001,13:49:09,10.9800,146,1
2026-06-03,000001,13:49:12,10.9800,15,1
2026-06-03,000001,13:49:15,10.9800,3,1
2026-06-03,000001,13:49:21,10.9800,8,1
2026-06-03,000001,13:49:30,10.9700,7,2
2026-06-03,000001,13:49:33,10.9800,35,1
2026-06-03,000001,13:49:36,10.9800,13,1
2026-06-03,000001,13:49:39,10.9700,1,2
2026-06-03,000001,13:49:42,10.9700,120,2
2026-06-03,000001,13:49:51,10.9700,188,2
2026-06-03,000001,13:49:54,10.9700,33,2
2026-06-03,000001,13:49:57,10.9800,2,1
2026-06-03,000001,13:50:00,10.9800,14,1
2026-06-03,000001,13:50:03,10.9800,2,1
2026-06-03,000001,13:50:06,10.9700,55,2
2026-06-03,000001,13:50:09,10.9800,99,1
2026-06-03,000001,13:50:12,10.9800,15,1
2026-06-03,000001,13:50:15,10.9800,37,1
2026-06-03,000001,13:50:18,10.9700,166,2
2026-06-03,000001,13:50:21,10.9800,183,1
2026-06-03,000001,13:50:24,10.9800,24,1
2026-06-03,000001,13:50:30,10.9800,19,1
2026-06-03,000001,13:50:36,10.9700,16,2
2026-06-03,000001,13:50:39,10.9800,23,1
2026-06-03,000001,13:50:42,10.9800,203,1
2026-06-03,000001,13:50:45,10.9700,17,2
2026-06-03,000001,13:50:51,10.9800,23,1
2026-06-03,000001,13:50:54,10.9700,16,2
2026-06-03,000001,13:51:03,10.9800,17,1
2026-06-03,000001,13:51:06,10.9700,16,2
2026-06-03,000001,13:51:09,10.9800,18,1
2026-06-03,000001,13:51:12,10.9700,22,2
2026-06-03,000001,13:51:15,10.9800,11,1
2026-06-03,000001,13:51:18,10.9700,29,2
2026-06-03,000001,13:51:21,10.9700,19,2
2026-06-03,000001,13:51:24,10.9800,6,1
2026-06-03,000001,13:51:27,10.9800,17,1
2026-06-03,000001,13:51:30,10.9800,19,1
2026-06-03,000001,13:51:33,10.9700,29,2
2026-06-03,000001,13:51:39,10.9800,166,1
2026-06-03,000001,13:51:48,10.9800,2,1
2026-06-03,000001,13:51:51,10.9800,7,1
2026-06-03,000001,13:51:54,10.9700,16,2
2026-06-03,000001,13:51:57,10.9700,11,2
2026-06-03,000001,13:52:00,10.9800,35,1
2026-06-03,000001,13:52:03,10.9700,87,2
2026-06-03,000001,13:52:06,10.9800,1,1
2026-06-03,000001,13:52:09,10.9800,15,1
2026-06-03,000001,13:52:15,10.9800,41,1
2026-06-03,000001,13:52:24,10.9700,65,2
2026-06-03,000001,13:52:27,10.9800,101,1
2026-06-03,000001,13:52:30,10.9800,4,1
2026-06-03,000001,13:52:33,10.9800,12,1
2026-06-03,000001,13:52:39,10.9800,21,1
2026-06-03,000001,13:52:42,10.9800,20,1
2026-06-03,000001,13:52:45,10.9800,6,1
2026-06-03,000001,13:52:51,10.9700,34,2
2026-06-03,000001,13:52:54,10.9800,42,1
2026-06-03,000001,13:53:03,10.9700,112,2
2026-06-03,000001,13:53:06,10.9700,17,2
2026-06-03,000001,13:53:09,10.9700,40,2
2026-06-03,000001,13:53:12,10.9700,49,2
2026-06-03,000001,13:53:27,10.9700,47,2
2026-06-03,000001,13:53:33,10.9800,94,1
2026-06-03,000001,13:53:36,10.9700,118,2
2026-06-03,000001,13:53:39,10.9700,13,2
2026-06-03,000001,13:53:42,10.9800,20,1
2026-06-03,000001,13:53:45,10.9800,29,1
2026-06-03,000001,13:53:48,10.9800,1,1
2026-06-03,000001,13:53:51,10.9800,106,1
2026-06-03,000001,13:53:54,10.9800,4,1
2026-06-03,000001,13:54:03,10.9800,450,1
2026-06-03,000001,13:54:06,10.9800,1439,1
2026-06-03,000001,13:54:09,10.9800,1926,1
2026-06-03,000001,13:54:12,10.9900,41,1
2026-06-03,000001,13:54:15,10.9900,2,1
2026-06-03,000001,13:54:18,10.9800,30,2
2026-06-03,000001,13:54:21,10.9900,12,1
2026-06-03,000001,13:54:24,10.9800,96,2
2026-06-03,000001,13:54:27,10.9900,271,1
2026-06-03,000001,13:54:33,10.9900,114,1
2026-06-03,000001,13:54:36,10.9900,121,1
2026-06-03,000001,13:54:39,10.9900,12,1
2026-06-03,000001,13:54:42,10.9800,2,2
2026-06-03,000001,13:54:45,10.9800,56,2
2026-06-03,000001,13:54:51,10.9900,901,1
2026-06-03,000001,13:54:54,10.9800,21,2
2026-06-03,000001,13:55:00,10.9800,151,2
2026-06-03,000001,13:55:06,10.9900,73,1
2026-06-03,000001,13:55:09,10.9900,52,1
2026-06-03,000001,13:55:12,11.0000,3352,1
2026-06-03,000001,13:55:15,11.0000,133,1
2026-06-03,000001,13:55:18,10.9900,102,2
2026-06-03,000001,13:55:21,11.0000,5,1
2026-06-03,000001,13:55:24,10.9900,54,2
2026-06-03,000001,13:55:27,11.0000,1157,1
2026-06-03,000001,13:55:30,11.0000,256,1
2026-06-03,000001,13:55:33,11.0000,324,1
2026-06-03,000001,13:55:36,10.9900,26,2
2026-06-03,000001,13:55:39,11.0000,3160,1
2026-06-03,000001,13:55:42,11.0100,97,1
2026-06-03,000001,13:55:45,11.0000,15,2
2026-06-03,000001,13:55:48,11.0100,19,1
2026-06-03,000001,13:55:51,11.0100,1,1
2026-06-03,000001,13:55:57,11.0100,53,1
2026-06-03,000001,13:56:00,11.0000,41,2
2026-06-03,000001,13:56:03,11.0000,152,2
2026-06-03,000001,13:56:06,11.0100,63,1
2026-06-03,000001,13:56:09,11.0000,34,2
2026-06-03,000001,13:56:12,11.0100,29,1
2026-06-03,000001,13:56:15,11.0000,66,2
2026-06-03,000001,13:56:18,11.0100,361,1
2026-06-03,000001,13:56:21,11.0100,727,1
2026-06-03,000001,13:56:24,11.0000,105,2
2026-06-03,000001,13:56:27,11.0000,8,2
2026-06-03,000001,13:56:30,11.0000,68,2
2026-06-03,000001,13:56:33,11.0100,10,1
2026-06-03,000001,13:56:36,11.0000,25,2
2026-06-03,000001,13:56:39,11.0100,50,1
2026-06-03,000001,13:56:42,11.0000,101,2
2026-06-03,000001,13:56:45,11.0100,40,1
2026-06-03,000001,13:56:48,11.0100,7,1
2026-06-03,000001,13:56:51,11.0100,6,1
2026-06-03,000001,13:56:54,11.0000,10,2
2026-06-03,000001,13:56:57,11.0100,166,1
2026-06-03,000001,13:57:00,11.0000,32,2
2026-06-03,000001,13:57:03,11.0000,128,2
2026-06-03,000001,13:57:06,11.0000,70,2
2026-06-03,000001,13:57:09,11.0000,34,2
2026-06-03,000001,13:57:12,11.0000,734,2
2026-06-03,000001,13:57:15,11.0000,19,2
2026-06-03,000001,13:57:18,11.0000,4,2
2026-06-03,000001,13:57:21,11.0000,20,2
2026-06-03,000001,13:57:24,11.0000,50,2
2026-06-03,000001,13:57:27,11.0100,21,1
2026-06-03,000001,13:57:30,11.0000,31,2
2026-06-03,000001,13:57:33,11.0000,1856,2
2026-06-03,000001,13:57:36,11.0000,55,1
2026-06-03,000001,13:57:39,10.9900,11,2
2026-06-03,000001,13:57:42,10.9900,1,2
2026-06-03,000001,13:57:45,11.0000,8,1
2026-06-03,000001,13:57:48,11.0000,23,1
2026-06-03,000001,13:57:51,11.0000,20,1
2026-06-03,000001,13:57:54,10.9900,24,2
2026-06-03,000001,13:58:00,10.9900,9,2
2026-06-03,000001,13:58:03,11.0000,558,1
2026-06-03,000001,13:58:09,11.0100,48,1
2026-06-03,000001,13:58:12,11.0000,16,2
2026-06-03,000001,13:58:15,11.0100,2,1
2026-06-03,000001,13:58:18,11.0000,34,2
2026-06-03,000001,13:58:21,11.0100,2,1
2026-06-03,000001,13:58:24,11.0100,1,1
2026-06-03,000001,13:58:27,11.0100,37,1
2026-06-03,000001,13:58:30,11.0100,4,1
2026-06-03,000001,13:58:33,11.0000,5,2
2026-06-03,000001,13:58:36,11.0100,327,1
2026-06-03,000001,13:58:39,11.0100,1,1
2026-06-03,000001,13:58:42,11.0100,7,1
2026-06-03,000001,13:58:45,11.0000,16,2
2026-06-03,000001,13:58:51,11.0100,14,1
2026-06-03,000001,13:58:54,11.0000,39,2
2026-06-03,000001,13:59:00,11.0100,75,1
2026-06-03,000001,13:59:03,11.0100,26,1
2026-06-03,000001,13:59:06,11.0100,39,1
2026-06-03,000001,13:59:09,11.0000,3,2
2026-06-03,000001,13:59:12,11.0000,17,2
2026-06-03,000001,13:59:15,11.0000,25,2
2026-06-03,000001,13:59:21,11.0100,21,1
2026-06-03,000001,13:59:24,11.0000,631,2
2026-06-03,000001,13:59:27,11.0100,54,1
2026-06-03,000001,13:59:30,11.0100,5,1
2026-06-03,000001,13:59:33,11.0000,27,2
2026-06-03,000001,13:59:39,11.0100,47,1
2026-06-03,000001,13:59:42,11.0100,140,1
2026-06-03,000001,13:59:45,11.0000,4,2
2026-06-03,000001,13:59:48,11.0100,92,1
2026-06-03,000001,13:59:51,11.0100,48,1
2026-06-03,000001,13:59:54,11.0100,222,1
2026-06-03,000001,13:59:57,11.0100,91,1
2026-06-03,000001,14:00:00,11.0100,5154,1
2026-06-03,000001,14:00:03,11.0100,3,2
2026-06-03,000001,14:00:06,11.0100,50,2
2026-06-03,000001,14:00:09,11.0100,300,2
2026-06-03,000001,14:00:12,11.0100,515,2
2026-06-03,000001,14:00:15,11.0200,2,1
2026-06-03,000001,14:00:18,11.0100,20,2
2026-06-03,000001,14:00:21,11.0100,6,2
2026-06-03,000001,14:00:24,11.0100,9,2
2026-06-03,000001,14:00:27,11.0100,21,2
2026-06-03,000001,14:00:30,11.0100,2180,2
2026-06-03,000001,14:00:33,11.0200,37,1
2026-06-03,000001,14:00:36,11.0100,305,2
2026-06-03,000001,14:00:39,11.0100,216,1
2026-06-03,000001,14:00:42,11.0100,199,2
2026-06-03,000001,14:00:45,11.0100,8,2
2026-06-03,000001,14:00:48,11.0100,375,2
2026-06-03,000001,14:00:51,11.0100,48,2
2026-06-03,000001,14:00:54,11.0100,34,2
2026-06-03,000001,14:00:57,11.0100,59,2
2026-06-03,000001,14:01:00,11.0100,509,2
2026-06-03,000001,14:01:03,11.0100,17,2
2026-06-03,000001,14:01:06,11.0200,37,1
2026-06-03,000001,14:01:09,11.0100,17,2
2026-06-03,000001,14:01:12,11.0100,54,2
2026-06-03,000001,14:01:15,11.0200,921,1
2026-06-03,000001,14:01:18,11.0200,26,1
2026-06-03,000001,14:01:21,11.0100,39,2
2026-06-03,000001,14:01:24,11.0100,48,2
2026-06-03,000001,14:01:27,11.0100,349,2
2026-06-03,000001,10:33:15,10.9900,5,2
2026-06-03,000001,10:33:18,11.0000,76,1
2026-06-03,000001,10:33:21,11.0000,127,1
2026-06-03,000001,10:33:24,11.0000,22,1
2026-06-03,000001,10:33:27,11.0000,4,1
2026-06-03,000001,10:33:33,10.9900,21,2
2026-06-03,000001,10:33:36,10.9900,19,2
2026-06-03,000001,10:33:39,11.0000,533,1
2026-06-03,000001,10:33:42,10.9900,71,2
2026-06-03,000001,10:33:45,10.9900,35,2
2026-06-03,000001,10:33:48,11.0000,84,1
2026-06-03,000001,10:33:51,10.9900,14,2
2026-06-03,000001,10:33:54,11.0000,94,1
2026-06-03,000001,10:33:57,10.9900,201,2
2026-06-03,000001,10:34:00,11.0000,544,1
2026-06-03,000001,10:34:03,10.9900,122,2
2026-06-03,000001,10:34:06,10.9900,5,2
2026-06-03,000001,10:34:09,10.9900,1096,2
2026-06-03,000001,10:34:12,10.9900,430,2
2026-06-03,000001,10:34:15,11.0000,160,1
2026-06-03,000001,10:34:18,10.9900,21,2
2026-06-03,000001,10:34:21,10.9900,26,2
2026-06-03,000001,10:34:24,10.9900,5,2
2026-06-03,000001,10:34:27,10.9900,10,2
2026-06-03,000001,10:34:30,11.0000,34,1
2026-06-03,000001,10:34:33,10.9900,14,2
2026-06-03,000001,10:34:36,10.9900,24,2
2026-06-03,000001,10:34:39,10.9900,1141,2
2026-06-03,000001,10:34:42,10.9800,121,2
2026-06-03,000001,10:34:45,10.9900,70,1
2026-06-03,000001,10:34:48,10.9900,4,1
2026-06-03,000001,10:34:51,10.9900,20,1
2026-06-03,000001,10:34:54,10.9900,16,1
2026-06-03,000001,10:34:57,10.9800,196,2
2026-06-03,000001,10:35:00,10.9800,112,2
2026-06-03,000001,10:35:03,10.9900,10,1
2026-06-03,000001,10:35:06,10.9800,94,2
2026-06-03,000001,10:35:09,10.9900,106,1
2026-06-03,000001,10:35:12,10.9900,22,1
2026-06-03,000001,10:35:15,10.9900,98,1
2026-06-03,000001,10:35:18,10.9900,1,1
2026-06-03,000001,10:35:24,10.9900,39,1
2026-06-03,000001,10:35:27,10.9900,26,1
2026-06-03,000001,10:35:30,10.9900,73,1
2026-06-03,000001,10:35:33,10.9800,12,2
2026-06-03,000001,10:35:36,10.9800,48,2
2026-06-03,000001,10:35:39,10.9800,77,2
2026-06-03,000001,10:35:42,10.9900,4,1
2026-06-03,000001,10:35:45,10.9900,30,1
2026-06-03,000001,10:35:48,10.9900,2,1
2026-06-03,000001,10:35:51,10.9900,30,1
2026-06-03,000001,10:35:54,10.9900,110,1
2026-06-03,000001,10:36:00,10.9800,58,2
2026-06-03,000001,10:36:03,10.9900,3,1
2026-06-03,000001,10:36:06,10.9800,1,2
2026-06-03,000001,10:36:09,10.9900,1,1
2026-06-03,000001,10:36:24,10.9800,1,2
2026-06-03,000001,10:36:27,10.9900,91,1
2026-06-03,000001,10:36:30,10.9900,11,1
2026-06-03,000001,10:36:33,10.9800,10,2
2026-06-03,000001,10:36:39,10.9900,413,1
2026-06-03,000001,10:36:42,10.9900,26,2
2026-06-03,000001,10:36:45,10.9900,55,2
2026-06-03,000001,10:36:51,10.9900,263,2
2026-06-03,000001,10:36:54,10.9900,12,2
2026-06-03,000001,10:36:57,10.9900,12,2
2026-06-03,000001,10:37:00,10.9900,37,2
2026-06-03,000001,10:37:09,11.0000,12,1
2026-06-03,000001,10:37:12,10.9900,4,2
2026-06-03,000001,10:37:15,10.9900,12,2
2026-06-03,000001,10:37:18,10.9900,80,2
2026-06-03,000001,10:37:21,10.9900,6,2
2026-06-03,000001,10:37:24,10.9900,8,2
2026-06-03,000001,10:37:27,11.0000,71,1
2026-06-03,000001,10:37:30,10.9900,24,2
2026-06-03,000001,10:37:33,11.0000,16,1
2026-06-03,000001,10:37:36,10.9900,41,2
2026-06-03,000001,10:37:42,10.9900,23,2
2026-06-03,000001,10:37:45,10.9900,62,2
2026-06-03,000001,10:37:48,11.0000,25,1
2026-06-03,000001,10:37:51,10.9900,12,2
2026-06-03,000001,10:37:54,10.9900,3,2
2026-06-03,000001,10:37:57,10.9900,1,2
2026-06-03,000001,10:38:00,11.0000,6,1
2026-06-03,000001,10:38:03,10.9900,21,2
2026-06-03,000001,10:38:09,11.0000,26,1
2026-06-03,000001,10:38:12,11.0000,16,1
2026-06-03,000001,10:38:15,10.9900,57,2
2026-06-03,000001,10:38:18,11.0000,20,1
2026-06-03,000001,10:38:21,10.9900,40,2
2026-06-03,000001,10:38:24,11.0000,2,1
2026-06-03,000001,10:38:36,10.9900,7,2
2026-06-03,000001,10:38:39,10.9900,15,2
2026-06-03,000001,10:38:42,10.9900,232,2
2026-06-03,000001,10:38:45,10.9900,623,2
2026-06-03,000001,10:38:48,10.9900,126,2
2026-06-03,000001,10:38:51,11.0000,81,1
2026-06-03,000001,10:38:54,10.9900,42,2
2026-06-03,000001,10:38:57,10.9900,47,2
2026-06-03,000001,10:39:00,10.9900,19,2
2026-06-03,000001,10:39:03,10.9900,56,2
2026-06-03,000001,10:39:06,10.9800,3098,2
2026-06-03,000001,10:39:09,10.9800,173,2
2026-06-03,000001,10:39:12,10.9900,29,1
2026-06-03,000001,10:39:15,10.9900,97,1
2026-06-03,000001,10:39:18,10.9800,20,2
2026-06-03,000001,10:39:21,10.9900,95,1
2026-06-03,000001,10:39:27,10.9800,12,2
2026-06-03,000001,10:39:33,10.9900,68,1
2026-06-03,000001,10:39:36,10.9800,2,2
2026-06-03,000001,10:39:39,10.9900,13,1
2026-06-03,000001,10:39:42,10.9900,28,1
2026-06-03,000001,10:39:45,10.9900,2635,1
2026-06-03,000001,10:39:48,10.9900,578,1
2026-06-03,000001,10:39:51,10.9800,85,2
2026-06-03,000001,10:39:54,10.9800,149,2
2026-06-03,000001,10:39:57,10.9800,4,2
2026-06-03,000001,10:40:00,10.9800,10,2
2026-06-03,000001,10:40:03,10.9800,19,2
2026-06-03,000001,10:40:06,10.9800,130,2
2026-06-03,000001,10:40:09,10.9800,187,2
2026-06-03,000001,10:40:12,10.9800,98,2
2026-06-03,000001,10:40:15,10.9800,322,2
2026-06-03,000001,10:40:18,10.9800,103,2
2026-06-03,000001,10:40:21,10.9800,23,2
2026-06-03,000001,10:40:24,10.9800,13,2
2026-06-03,000001,10:40:27,10.9900,63,1
2026-06-03,000001,10:40:30,10.9800,11,2
2026-06-03,000001,10:40:36,10.9800,17,2
2026-06-03,000001,10:40:42,10.9800,1,2
2026-06-03,000001,10:40:45,10.9900,10,1
2026-06-03,000001,10:40:48,10.9900,12,1
2026-06-03,000001,10:40:51,10.9800,4,2
2026-06-03,000001,10:40:57,10.9800,4,2
2026-06-03,000001,10:41:03,10.9800,54,2
2026-06-03,000001,10:41:09,10.9900,12,1
2026-06-03,000001,10:41:12,10.9900,17,1
2026-06-03,000001,10:41:15,10.9800,54,2
2026-06-03,000001,10:41:18,10.9800,48,2
2026-06-03,000001,10:41:24,10.9800,19,2
2026-06-03,000001,10:41:27,10.9800,161,2
2026-06-03,000001,10:41:30,10.9900,12,1
2026-06-03,000001,10:41:33,10.9800,13,2
2026-06-03,000001,10:41:36,10.9900,23,1
2026-06-03,000001,10:41:42,10.9800,37,2
2026-06-03,000001,10:41:48,10.9800,90,2
2026-06-03,000001,10:41:51,10.9800,26,2
2026-06-03,000001,10:41:54,10.9800,70,2
2026-06-03,000001,10:41:57,10.9800,37,2
2026-06-03,000001,10:42:03,10.9800,43,2
2026-06-03,000001,10:42:06,10.9800,144,2
2026-06-03,000001,10:42:09,10.9800,214,2
2026-06-03,000001,10:42:12,10.9800,67,2
2026-06-03,000001,10:42:15,10.9900,3,1
2026-06-03,000001,10:42:18,10.9800,16,2
2026-06-03,000001,10:42:21,10.9900,8,1
2026-06-03,000001,10:42:24,10.9900,21,1
2026-06-03,000001,10:42:27,10.9800,110,2
2026-06-03,000001,10:42:30,10.9900,80,1
2026-06-03,000001,10:42:33,10.9800,13,2
2026-06-03,000001,10:42:36,10.9800,23,2
2026-06-03,000001,10:42:42,10.9900,12,1
2026-06-03,000001,10:42:45,10.9900,51,1
2026-06-03,000001,10:42:48,10.9800,114,2
2026-06-03,000001,10:42:51,10.9800,70,2
2026-06-03,000001,10:42:54,10.9800,2,2
2026-06-03,000001,10:42:57,10.9800,3,2
2026-06-03,000001,10:43:00,10.9800,9,2
2026-06-03,000001,10:43:03,10.9800,33,2
2026-06-03,000001,10:43:06,10.9800,19,2
2026-06-03,000001,10:43:09,10.9900,640,1
2026-06-03,000001,10:43:12,10.9900,754,1
2026-06-03,000001,10:43:15,10.9900,235,1
2026-06-03,000001,10:43:18,10.9800,533,2
2026-06-03,000001,10:43:21,10.9900,517,1
2026-06-03,000001,10:43:24,10.9900,74,2
2026-06-03,000001,10:43:27,10.9900,497,2
2026-06-03,000001,10:43:30,10.9900,259,2
2026-06-03,000001,10:43:33,10.9900,24,1
2026-06-03,000001,10:43:36,10.9900,1,1
2026-06-03,000001,10:43:39,10.9900,70,1
2026-06-03,000001,10:43:42,10.9900,156,1
2026-06-03,000001,10:43:48,10.9900,73,1
2026-06-03,000001,10:43:54,10.9900,33,1
2026-06-03,000001,10:43:57,10.9900,86,1
2026-06-03,000001,10:44:00,10.9800,37,2
2026-06-03,000001,10:44:03,10.9900,30,1
2026-06-03,000001,10:44:09,10.9900,481,1
2026-06-03,000001,10:44:15,10.9800,60,2
2026-06-03,000001,10:44:21,10.9900,26,1
2026-06-03,000001,10:44:24,10.9900,200,1
2026-06-03,000001,10:44:27,10.9900,118,1
2026-06-03,000001,10:44:30,10.9900,2,1
2026-06-03,000001,10:44:33,10.9900,25,1
2026-06-03,000001,10:44:36,10.9900,5,1
2026-06-03,000001,10:44:39,10.9900,26,1
2026-06-03,000001,10:44:42,10.9800,31,2
2026-06-03,000001,10:44:45,10.9900,42,1
2026-06-03,000001,10:44:48,10.9800,47,2
2026-06-03,000001,10:44:54,10.9800,10,2
2026-06-03,000001,10:44:57,10.9800,79,2
2026-06-03,000001,10:45:00,10.9800,22,2
2026-06-03,000001,10:45:06,10.9900,12,1
2026-06-03,000001,10:45:09,10.9900,24,1
2026-06-03,000001,10:45:12,10.9800,8,2
2026-06-03,000001,10:45:21,10.9900,29,1
2026-06-03,000001,10:45:24,10.9900,23,1
2026-06-03,000001,10:45:27,10.9900,46,1
2026-06-03,000001,10:45:30,10.9800,137,2
2026-06-03,000001,10:45:33,10.9800,13,2
2026-06-03,000001,10:45:36,10.9800,225,2
2026-06-03,000001,10:45:39,10.9900,477,1
2026-06-03,000001,10:45:42,10.9800,74,2
2026-06-03,000001,10:45:48,10.9900,31,1
2026-06-03,000001,10:45:51,10.9800,113,2
2026-06-03,000001,10:45:54,10.9800,26,2
2026-06-03,000001,10:45:57,10.9800,8,2
2026-06-03,000001,10:46:03,10.9800,39,2
2026-06-03,000001,10:46:06,10.9800,1,2
2026-06-03,000001,10:46:09,10.9800,190,2
2026-06-03,000001,10:46:12,10.9800,96,2
2026-06-03,000001,10:46:15,10.9800,734,2
2026-06-03,000001,10:46:18,10.9800,5354,2
2026-06-03,000001,10:46:21,10.9700,73,2
2026-06-03,000001,10:46:24,10.9700,57,2
2026-06-03,000001,10:46:27,10.9800,66,1
2026-06-03,000001,10:46:30,10.9800,364,1
2026-06-03,000001,10:46:33,10.9800,426,1
2026-06-03,000001,10:46:36,10.9700,241,2
2026-06-03,000001,10:46:39,10.9700,17,2
2026-06-03,000001,10:46:42,10.9800,111,1
2026-06-03,000001,10:46:45,10.9800,66,1
2026-06-03,000001,10:46:48,10.9800,10,2
2026-06-03,000001,10:46:51,10.9800,33,2
2026-06-03,000001,10:46:54,10.9800,326,2
2026-06-03,000001,10:46:57,10.9700,28,2
2026-06-03,000001,10:47:00,10.9700,11,2
2026-06-03,000001,10:47:03,10.9700,60,2
2026-06-03,000001,10:47:06,10.9700,53,2
2026-06-03,000001,10:47:09,10.9800,22,1
2026-06-03,000001,10:47:15,10.9800,52,1
2026-06-03,000001,10:47:18,10.9800,5,1
2026-06-03,000001,10:47:21,10.9700,353,2
2026-06-03,000001,10:47:27,10.9700,104,2
2026-06-03,000001,10:47:30,10.9800,82,1
2026-06-03,000001,10:47:36,10.9700,1,2
2026-06-03,000001,10:47:42,10.9800,254,1
2026-06-03,000001,10:47:45,10.9800,3,1
2026-06-03,000001,10:47:48,10.9800,128,1
2026-06-03,000001,10:47:51,10.9800,142,1
2026-06-03,000001,10:47:54,10.9800,76,1
2026-06-03,000001,10:47:57,10.9800,84,2
2026-06-03,000001,10:48:00,10.9800,60,2
2026-06-03,000001,10:48:03,10.9800,91,1
2026-06-03,000001,10:48:06,10.9900,92,1
2026-06-03,000001,10:48:09,10.9800,149,4
2026-06-03,000001,10:48:12,10.9700,37,2
2026-06-03,000001,10:48:15,10.9800,73,2
2026-06-03,000001,10:48:18,10.9800,51,4
2026-06-03,000001,10:48:21,10.9800,39,1
2026-06-03,000001,10:48:24,10.9800,250,2
2026-06-03,000001,10:48:27,10.9700,17,2
2026-06-03,000001,10:48:30,10.9800,1,1
2026-06-03,000001,10:48:33,10.9800,9,1
2026-06-03,000001,10:48:36,10.9800,50,1
2026-06-03,000001,10:48:39,10.9700,36,2
2026-06-03,000001,10:48:42,10.9900,33,1
2026-06-03,000001,10:48:45,10.9800,47,2
2026-06-03,000001,10:48:48,10.9800,144,2
2026-06-03,000001,10:48:51,10.9800,34,4
2026-06-03,000001,10:48:54,10.9800,90,2
2026-06-03,000001,10:48:57,10.9800,11,1
2026-06-03,000001,10:49:00,10.9800,1,1
2026-06-03,000001,10:49:03,10.9800,56,1
2026-06-03,000001,10:49:06,10.9800,47,1
2026-06-03,000001,10:49:09,10.9800,5,1
2026-06-03,000001,10:49:12,10.9800,39,1
2026-06-03,000001,10:49:15,10.9800,171,1
2026-06-03,000001,10:49:18,10.9800,49,1
2026-06-03,000001,10:49:21,10.9800,13,1
2026-06-03,000001,10:49:24,10.9800,7,1
2026-06-03,000001,10:49:27,10.9700,46,2
2026-06-03,000001,10:49:30,10.9700,42,2
2026-06-03,000001,10:49:33,10.9800,14,1
2026-06-03,000001,10:49:39,10.9800,85,1
2026-06-03,000001,10:49:42,10.9700,13,2
2026-06-03,000001,10:49:45,10.9800,59,1
2026-06-03,000001,10:49:48,10.9800,16,1
2026-06-03,000001,10:49:51,10.9800,14,1
2026-06-03,000001,10:49:57,10.9800,2,1
2026-06-03,000001,10:50:03,10.9700,37,2
2026-06-03,000001,10:50:06,10.9800,44,1
2026-06-03,000001,10:50:12,10.9800,42,1
2026-06-03,000001,10:50:15,10.9700,30,2
2026-06-03,000001,10:50:18,10.9700,13,2
2026-06-03,000001,10:50:21,10.9700,16,2
2026-06-03,000001,10:50:30,10.9700,48,2
2026-06-03,000001,10:50:33,10.9800,51,1
2026-06-03,000001,10:50:36,10.9700,10651,2
2026-06-03,000001,10:50:39,10.9700,667,1
2026-06-03,000001,10:50:42,10.9700,1,1
2026-06-03,000001,10:50:48,10.9700,58,1
2026-06-03,000001,10:50:51,10.9600,11,2
2026-06-03,000001,10:50:54,10.9700,223,1
2026-06-03,000001,10:50:57,10.9600,304,2
2026-06-03,000001,10:51:00,10.9700,112,1
2026-06-03,000001,10:51:03,10.9600,32,2
2026-06-03,000001,10:51:06,10.9600,16,2
2026-06-03,000001,10:51:09,10.9700,35,1
2026-06-03,000001,10:51:12,10.9600,219,2
2026-06-03,000001,10:51:15,10.9700,183,1
2026-06-03,000001,10:51:18,10.9600,13,2
2026-06-03,000001,10:51:21,10.9700,72,1
2026-06-03,000001,10:51:27,10.9700,92,1
2026-06-03,000001,10:51:30,10.9600,240,2
2026-06-03,000001,10:51:33,10.9600,158,2
2026-06-03,000001,10:51:36,10.9700,107,1
2026-06-03,000001,10:51:39,10.9700,323,1
2026-06-03,000001,10:51:42,10.9600,173,2
2026-06-03,000001,10:51:45,10.9700,23,1
2026-06-03,000001,10:51:48,10.9700,44,1
2026-06-03,000001,10:51:51,10.9600,117,2
2026-06-03,000001,10:51:54,10.9700,118,1
2026-06-03,000001,10:52:00,10.9700,1,1
2026-06-03,000001,10:52:09,10.9700,115,1
2026-06-03,000001,10:52:12,10.9700,50,1
2026-06-03,000001,10:52:15,10.9700,54,1
2026-06-03,000001,10:52:18,10.9700,348,1
2026-06-03,000001,10:52:21,10.9700,46,1
2026-06-03,000001,10:52:24,10.9700,30,1
2026-06-03,000001,10:52:33,10.9700,17,1
2026-06-03,000001,10:52:36,10.9700,28,1
2026-06-03,000001,10:52:39,10.9600,5,2
2026-06-03,000001,10:52:42,10.9700,35,1
2026-06-03,000001,10:52:45,10.9600,22,2
2026-06-03,000001,10:52:48,10.9700,2,1
2026-06-03,000001,10:52:51,10.9600,7,2
2026-06-03,000001,10:52:57,10.9600,5,2
2026-06-03,000001,10:53:00,10.9600,19,2
2026-06-03,000001,10:53:06,10.9600,20,2
2026-06-03,000001,10:53:12,10.9600,13,2
2026-06-03,000001,10:53:15,10.9600,1,2
2026-06-03,000001,10:53:18,10.9700,26,1
2026-06-03,000001,10:53:21,10.9700,3,1
2026-06-03,000001,10:53:27,10.9700,20,1
2026-06-03,000001,10:53:30,10.9700,30,1
2026-06-03,000001,10:53:36,10.9700,500,1
2026-06-03,000001,10:53:39,10.9600,528,2
2026-06-03,000001,10:53:42,10.9700,149,1
2026-06-03,000001,10:53:45,10.9600,120,2
2026-06-03,000001,10:53:48,10.9600,15,2
2026-06-03,000001,10:53:51,10.9600,21,2
2026-06-03,000001,10:53:54,10.9600,11,2
2026-06-03,000001,10:54:03,10.9700,310,1
2026-06-03,000001,10:54:09,10.9700,30,1
2026-06-03,000001,10:54:12,10.9700,1,1
2026-06-03,000001,10:54:15,10.9600,10,2
2026-06-03,000001,10:54:18,10.9700,16,1
2026-06-03,000001,10:54:24,10.9600,14,2
2026-06-03,000001,10:54:27,10.9600,26,2
2026-06-03,000001,10:54:30,10.9700,65,1
2026-06-03,000001,10:54:33,10.9700,7,1
2026-06-03,000001,10:54:36,10.9600,103,2
2026-06-03,000001,10:54:39,10.9700,20,1
2026-06-03,000001,10:54:42,10.9700,18,1
2026-06-03,000001,10:54:45,10.9600,257,2
2026-06-03,000001,10:54:48,10.9700,11,1
2026-06-03,000001,10:54:51,10.9700,43,1
2026-06-03,000001,10:54:54,10.9600,39,2
2026-06-03,000001,10:54:57,10.9600,54,2
2026-06-03,000001,10:55:00,10.9700,90,1
2026-06-03,000001,10:55:03,10.9600,71,2
2026-06-03,000001,10:55:06,10.9600,18,2
2026-06-03,000001,10:55:09,10.9600,3,2
2026-06-03,000001,10:55:12,10.9600,116,2
2026-06-03,000001,10:55:15,10.9600,509,2
2026-06-03,000001,10:55:18,10.9600,530,2
2026-06-03,000001,10:55:21,10.9600,20,2
2026-06-03,000001,10:55:24,10.9700,46,1
2026-06-03,000001,10:55:27,10.9600,235,2
2026-06-03,000001,10:55:30,10.9600,71,2
2026-06-03,000001,10:55:33,10.9700,6,1
2026-06-03,000001,10:55:36,10.9600,10,2
2026-06-03,000001,10:55:39,10.9700,205,1
2026-06-03,000001,10:55:42,10.9600,90,2
2026-06-03,000001,10:55:45,10.9700,6,1
2026-06-03,000001,10:55:51,10.9700,6,1
2026-06-03,000001,10:55:57,10.9600,710,2
2026-06-03,000001,10:56:00,10.9600,1846,2
2026-06-03,000001,10:56:03,10.9600,183,2
2026-06-03,000001,10:56:06,10.9600,38,2
2026-06-03,000001,10:56:09,10.9600,100,2
2026-06-03,000001,10:56:12,10.9700,4,1
2026-06-03,000001,10:56:15,10.9600,28,2
2026-06-03,000001,10:56:18,10.9600,22,2
2026-06-03,000001,10:56:21,10.9600,43,2
2026-06-03,000001,10:56:24,10.9600,8,2
2026-06-03,000001,10:56:27,10.9700,36,1
2026-06-03,000001,10:56:30,10.9700,15,1
2026-06-03,000001,10:56:33,10.9700,55,1
2026-06-03,000001,10:56:36,10.9600,2,2
2026-06-03,000001,10:56:39,10.9600,220,2
2026-06-03,000001,10:56:42,10.9600,3,2
2026-06-03,000001,10:56:45,10.9700,138,1
2026-06-03,000001,10:56:48,10.9700,4,1
2026-06-03,000001,10:56:51,10.9600,24,2
2026-06-03,000001,10:56:54,10.9600,9,2
2026-06-03,000001,10:56:57,10.9700,18,1
2026-06-03,000001,10:57:00,10.9700,4,1
2026-06-03,000001,10:57:03,10.9600,4,2
2026-06-03,000001,10:57:06,10.9700,12,1
2026-06-03,000001,10:57:09,10.9600,161,2
2026-06-03,000001,10:57:12,10.9700,241,1
2026-06-03,000001,10:57:15,10.9700,46,1
2026-06-03,000001,10:57:18,10.9700,7,1
2026-06-03,000001,10:57:21,10.9600,30,2
2026-06-03,000001,10:57:24,10.9600,73,2
2026-06-03,000001,10:57:27,10.9700,4,1
2026-06-03,000001,10:57:30,10.9700,8,1
2026-06-03,000001,10:57:33,10.9700,64,1
2026-06-03,000001,10:57:36,10.9700,10,1
2026-06-03,000001,10:57:39,10.9700,25,1
2026-06-03,000001,10:57:42,10.9700,12,1
2026-06-03,000001,10:57:45,10.9600,30,2
2026-06-03,000001,10:57:48,10.9600,72,2
2026-06-03,000001,10:57:51,10.9600,16,2
2026-06-03,000001,10:57:54,10.9700,115,1
2026-06-03,000001,10:57:57,10.9600,112,2
2026-06-03,000001,10:58:03,10.9600,1,2
2026-06-03,000001,10:58:06,10.9600,118,2
2026-06-03,000001,10:58:09,10.9600,1,2
2026-06-03,000001,10:58:12,10.9600,44,2
2026-06-03,000001,10:58:15,10.9500,11793,2
2026-06-03,000001,10:58:18,10.9600,466,1
2026-06-03,000001,10:58:21,10.9600,77,1
2026-06-03,000001,10:58:24,10.9600,84,1
2026-06-03,000001,10:58:27,10.9600,43,1
2026-06-03,000001,10:58:30,10.9600,163,1
2026-06-03,000001,10:58:33,10.9600,69,1
2026-06-03,000001,10:58:36,10.9600,35,1
2026-06-03,000001,10:58:39,10.9600,53,1
2026-06-03,000001,10:58:42,10.9600,20,1
2026-06-03,000001,10:58:45,10.9600,94,1
2026-06-03,000001,10:58:48,10.9600,11,1
2026-06-03,000001,10:58:51,10.9600,44,1
2026-06-03,000001,10:58:54,10.9600,10,1
2026-06-03,000001,10:58:57,10.9600,82,1
2026-06-03,000001,10:59:00,10.9600,20,1
2026-06-03,000001,10:59:03,10.9600,78,1
2026-06-03,000001,10:59:06,10.9600,6,1
2026-06-03,000001,10:59:09,10.9500,22,2
2026-06-03,000001,10:59:15,10.9500,30,2
2026-06-03,000001,10:59:18,10.9600,41,1
2026-06-03,000001,10:59:24,10.9600,118,1
2026-06-03,000001,10:59:27,10.9600,2,1
2026-06-03,000001,10:59:30,10.9500,95,2
2026-06-03,000001,10:59:33,10.9500,144,2
2026-06-03,000001,10:59:36,10.9600,74,1
2026-06-03,000001,10:59:39,10.9500,50,2
2026-06-03,000001,10:59:42,10.9500,35,2
2026-06-03,000001,10:59:48,10.9500,660,2
2026-06-03,000001,10:59:51,10.9500,294,2
2026-06-03,000001,10:59:54,10.9500,7,2
2026-06-03,000001,10:59:57,10.9500,34,2
2026-06-03,000001,11:00:00,10.9500,213,2
2026-06-03,000001,11:00:03,10.9600,171,1
2026-06-03,000001,11:00:06,10.9600,722,1
2026-06-03,000001,11:00:09,10.9600,57,1
2026-06-03,000001,11:00:12,10.9600,501,1
2026-06-03,000001,11:00:18,10.9500,29,2
2026-06-03,000001,11:00:21,10.9500,51,2
2026-06-03,000001,11:00:27,10.9500,9,2
2026-06-03,000001,11:00:30,10.9600,11,1
2026-06-03,000001,11:00:33,10.9500,44,2
2026-06-03,000001,11:00:36,10.9500,3,2
2026-06-03,000001,11:00:39,10.9500,39,2
2026-06-03,000001,11:00:42,10.9500,24,2
2026-06-03,000001,11:00:45,10.9500,141,2
2026-06-03,000001,11:00:48,10.9600,28,1
2026-06-03,000001,11:00:51,10.9500,25,2
2026-06-03,000001,11:00:54,10.9500,8,2
2026-06-03,000001,11:00:57,10.9600,73,1
2026-06-03,000001,11:01:00,10.9500,7,2
2026-06-03,000001,11:01:06,10.9600,76,1
2026-06-03,000001,11:01:12,10.9500,71,2
2026-06-03,000001,11:01:15,10.9600,2,1
2026-06-03,000001,11:01:24,10.9500,50,2
2026-06-03,000001,11:01:27,10.9600,4,1
2026-06-03,000001,11:01:30,10.9600,10,1
2026-06-03,000001,11:01:33,10.9600,9,1
2026-06-03,000001,11:01:36,10.9600,24,1
2026-06-03,000001,11:01:39,10.9600,107,1
2026-06-03,000001,11:01:42,10.9500,3,2
