date,code,time,price,volume,bs
2026-04-14,600036,14:05:47,39.0600,25,1
2026-04-14,600036,14:05:50,39.0500,25,2
2026-04-14,600036,14:05:56,39.0600,1,1
2026-04-14,600036,14:05:59,39.0500,3,2
2026-04-14,600036,14:06:02,39.0600,5,1
2026-04-14,600036,14:06:05,39.0500,420,2
2026-04-14,600036,14:06:08,39.0600,23,1
2026-04-14,600036,14:06:11,39.0600,12,1
2026-04-14,600036,14:06:14,39.0600,5,1
2026-04-14,600036,14:06:17,39.0500,31,2
2026-04-14,600036,14:06:20,39.0500,11,2
2026-04-14,600036,14:06:23,39.0500,85,2
2026-04-14,600036,14:06:26,39.0600,110,1
2026-04-14,600036,14:06:29,39.0500,2,2
2026-04-14,600036,14:06:32,39.0600,30,1
2026-04-14,600036,14:06:35,39.0600,51,1
2026-04-14,600036,14:06:38,39.0500,14,2
2026-04-14,600036,14:06:41,39.0500,8,2
2026-04-14,600036,14:06:44,39.0500,25,2
2026-04-14,600036,14:06:47,39.0500,13,2
2026-04-14,600036,14:06:50,39.0500,42,2
2026-04-14,600036,14:06:53,39.0500,8,2
2026-04-14,600036,14:06:56,39.0600,180,1
2026-04-14,600036,14:06:59,39.0500,2,2
2026-04-14,600036,14:07:02,39.0500,22,2
2026-04-14,600036,14:07:05,39.0500,11,2
2026-04-14,600036,14:07:08,39.0500,20,2
2026-04-14,600036,14:07:11,39.0500,35,2
2026-04-14,600036,14:07:14,39.0500,83,2
2026-04-14,600036,14:07:17,39.0600,1,1
2026-04-14,600036,14:07:20,39.0500,27,2
2026-04-14,600036,14:07:26,39.0500,5,2
2026-04-14,600036,14:07:29,39.0500,15,2
2026-04-14,600036,14:07:32,39.0600,8,1
2026-04-14,600036,14:07:35,39.0600,1,1
2026-04-14,600036,14:07:38,39.0500,6,2
2026-04-14,600036,14:07:41,39.0500,6,2
2026-04-14,600036,14:07:44,39.0600,528,1
2026-04-14,600036,14:07:47,39.0500,127,2
2026-04-14,600036,14:07:50,39.0500,38,2
2026-04-14,600036,14:07:53,39.0600,23,1
2026-04-14,600036,14:07:56,39.0500,22,2
2026-04-14,600036,14:07:59,39.0500,14,2
2026-04-14,600036,14:08:02,39.0600,49,1
2026-04-14,600036,14:08:05,39.0700,279,1
2026-04-14,600036,14:08:08,39.0600,974,2
2026-04-14,600036,14:08:11,39.0700,35,1
2026-04-14,600036,14:08:14,39.0700,104,1
2026-04-14,600036,14:08:17,39.0700,31,2
2026-04-14,600036,14:08:20,39.0800,33,1
2026-04-14,600036,14:08:26,39.0800,48,1
2026-04-14,600036,14:08:29,39.0800,47,1
2026-04-14,600036,14:08:32,39.0800,841,1
2026-04-14,600036,14:08:35,39.0800,142,2
2026-04-14,600036,14:08:38,39.0800,11,2
2026-04-14,600036,14:08:41,39.0800,8,2
2026-04-14,600036,14:08:44,39.0900,8,1
2026-04-14,600036,14:08:47,39.0800,189,2
2026-04-14,600036,14:08:50,39.0900,86,1
2026-04-14,600036,14:08:53,39.0900,1784,1
2026-04-14,600036,14:08:56,39.1000,1183,1
2026-04-14,600036,14:08:59,39.1000,180,1
2026-04-14,600036,14:09:02,39.1000,601,1
2026-04-14,600036,14:09:05,39.0900,161,2
2026-04-14,600036,14:09:08,39.1000,5,1
2026-04-14,600036,14:09:11,39.1000,15,1
2026-04-14,600036,14:09:14,39.1000,14,1
2026-04-14,600036,14:09:17,39.1000,199,1
2026-04-14,600036,14:09:20,39.1100,636,1
2026-04-14,600036,14:09:23,39.1100,66,1
2026-04-14,600036,14:09:26,39.1000,4,2
2026-04-14,600036,14:09:32,39.1100,1,1
2026-04-14,600036,14:09:35,39.1100,55,1
2026-04-14,600036,14:09:38,39.1000,34,2
2026-04-14,600036,14:09:41,39.1100,9,1
2026-04-14,600036,14:09:44,39.1100,2,1
2026-04-14,600036,14:09:47,39.1100,584,1
2026-04-14,600036,14:09:50,39.1100,25,1
2026-04-14,600036,14:09:53,39.1100,33,1
2026-04-14,600036,14:09:56,39.1100,3,1
2026-04-14,600036,14:09:59,39.1000,12,2
2026-04-14,600036,14:10:02,39.1000,706,2
2026-04-14,600036,14:10:05,39.1000,40,2
2026-04-14,600036,14:10:08,39.1000,104,1
2026-04-14,600036,14:10:11,39.1100,65,1
2026-04-14,600036,14:10:14,39.1100,22,1
2026-04-14,600036,14:10:17,39.1000,14,2
2026-04-14,600036,14:10:20,39.1300,2241,1
2026-04-14,600036,14:10:23,39.1300,401,1
2026-04-14,600036,14:10:26,39.1300,651,1
2026-04-14,600036,14:10:29,39.1300,508,1
2026-04-14,600036,14:10:32,39.1300,225,1
2026-04-14,600036,14:10:35,39.1300,78,2
2026-04-14,600036,14:10:38,39.1400,83,1
2026-04-14,600036,14:10:41,39.1300,104,2
2026-04-14,600036,14:10:44,39.1300,33,2
2026-04-14,600036,14:10:47,39.1400,254,1
2026-04-14,600036,14:10:50,39.1400,239,1
2026-04-14,600036,14:10:53,39.1400,112,2
2026-04-14,600036,14:10:56,39.1400,135,2
2026-04-14,600036,14:10:59,39.1400,129,1
2026-04-14,600036,14:11:02,39.1400,161,1
2026-04-14,600036,14:11:05,39.1400,478,2
2026-04-14,600036,14:11:08,39.1400,1086,2
2026-04-14,600036,14:11:11,39.1400,57,2
2026-04-14,600036,14:11:14,39.1300,255,2
2026-04-14,600036,14:11:17,39.1400,525,1
2026-04-14,600036,14:11:20,39.1300,129,2
2026-04-14,600036,14:11:23,39.1300,138,2
2026-04-14,600036,14:11:26,39.1300,521,2
2026-04-14,600036,14:11:29,39.1500,784,1
2026-04-14,600036,14:11:32,39.1600,377,1
2026-04-14,600036,14:11:35,39.1500,175,2
2026-04-14,600036,14:11:38,39.1500,46,2
2026-04-14,600036,14:11:41,39.1500,14,2
2026-04-14,600036,14:11:44,39.1500,903,2
2026-04-14,600036,14:11:47,39.1400,13,2
2026-04-14,600036,14:11:50,39.1500,29,1
2026-04-14,600036,14:11:53,39.1400,8,2
2026-04-14,600036,14:11:56,39.1400,35,2
2026-04-14,600036,14:11:59,39.1500,1188,1
2026-04-14,600036,14:12:02,39.1600,41,1
2026-04-14,600036,14:12:05,39.1500,4,2
2026-04-14,600036,14:12:08,39.1600,254,1
2026-04-14,600036,14:12:11,39.1600,836,1
2026-04-14,600036,14:12:14,39.1600,59,2
2026-04-14,600036,14:12:17,39.1600,39,2
2026-04-14,600036,14:12:20,39.1600,165,2
2026-04-14,600036,14:12:23,39.1600,63,1
2026-04-14,600036,14:12:26,39.1600,122,2
2026-04-14,600036,14:12:29,39.1600,34,2
2026-04-14,600036,14:12:32,39.1600,36,2
2026-04-14,600036,14:12:35,39.1600,594,2
2026-04-14,600036,14:12:38,39.1500,43,2
2026-04-14,600036,14:12:41,39.1600,461,1
2026-04-14,600036,14:12:44,39.1600,57,1
2026-04-14,600036,14:12:47,39.1600,51,2
2026-04-14,600036,14:12:50,39.1600,75,2
2026-04-14,600036,14:12:53,39.1600,46,2
2026-04-14,600036,14:12:56,39.1600,195,4
2026-04-14,600036,14:12:59,39.1600,456,2
2026-04-14,600036,14:13:02,39.1600,20,1
2026-04-14,600036,14:13:05,39.1600,11,1
2026-04-14,600036,14:13:08,39.1600,11,1
2026-04-14,600036,14:13:11,39.1600,12,1
2026-04-14,600036,14:13:14,39.1600,31,1
2026-04-14,600036,14:13:17,39.1600,14,1
2026-04-14,600036,14:13:20,39.1500,156,2
2026-04-14,600036,14:13:23,39.1500,287,2
2026-04-14,600036,14:13:26,39.1500,319,2
2026-04-14,600036,14:13:29,39.1500,117,2
2026-04-14,600036,14:13:32,39.1500,63,2
2026-04-14,600036,14:13:35,39.1500,397,2
2026-04-14,600036,14:13:38,39.1500,358,2
2026-04-14,600036,14:13:41,39.1500,115,1
2026-04-14,600036,14:13:44,39.1400,56,2
2026-04-14,600036,14:13:47,39.1400,14,2
2026-04-14,600036,14:13:50,39.1400,3,2
2026-04-14,600036,14:13:53,39.1400,13,2
2026-04-14,600036,14:13:56,39.1400,50,2
2026-04-14,600036,14:13:59,39.1500,2432,1
2026-04-14,600036,14:14:02,39.1800,1431,1
2026-04-14,600036,14:14:05,39.1600,77,2
2026-04-14,600036,14:14:08,39.1600,25,2
2026-04-14,600036,14:14:11,39.1700,32,1
2026-04-14,600036,14:14:14,39.1700,33,1
2026-04-14,600036,14:14:17,39.1600,6,2
2026-04-14,600036,14:14:23,39.1700,11,1
2026-04-14,600036,14:14:26,39.1700,26,1
2026-04-14,600036,14:14:29,39.1700,214,1
2026-04-14,600036,14:14:32,39.1700,66,2
2026-04-14,600036,14:14:35,39.1700,30,2
2026-04-14,600036,14:14:38,39.1800,157,1
2026-04-14,600036,14:14:41,39.1700,180,2
2026-04-14,600036,14:14:44,39.1800,27,1
2026-04-14,600036,14:14:47,39.1800,22,1
2026-04-14,600036,14:14:50,39.1700,260,2
2026-04-14,600036,14:14:53,39.1700,13,2
2026-04-14,600036,14:14:56,39.1700,11,2
2026-04-14,600036,14:14:59,39.1800,84,1
2026-04-14,600036,14:15:02,39.1700,248,2
2026-04-14,600036,14:15:05,39.1600,2,2
2026-04-14,600036,14:15:08,39.1700,19,1
2026-04-14,600036,14:15:11,39.1600,64,2
2026-04-14,600036,14:15:14,39.1600,24,2
2026-04-14,600036,14:15:17,39.1600,48,2
2026-04-14,600036,14:15:20,39.1600,34,2
2026-04-14,600036,14:15:23,39.1500,34,2
2026-04-14,600036,14:15:26,39.1500,22,2
2026-04-14,600036,14:15:29,39.1500,6,2
2026-04-14,600036,14:15:32,39.1500,33,2
2026-04-14,600036,14:15:35,39.1500,15,2
2026-04-14,600036,14:15:38,39.1500,39,2
2026-04-14,600036,14:15:41,39.1600,96,1
2026-04-14,600036,14:15:44,39.1500,99,2
2026-04-14,600036,14:15:47,39.1500,87,2
2026-04-14,600036,14:15:50,39.1500,37,2
2026-04-14,600036,14:15:53,39.1500,14,2
2026-04-14,600036,14:15:56,39.1500,8,2
2026-04-14,600036,14:15:59,39.1500,18,2
2026-04-14,600036,14:16:02,39.1500,17,2
2026-04-14,600036,14:16:05,39.1500,55,2
2026-04-14,600036,14:16:08,39.1300,504,2
2026-04-14,600036,14:16:11,39.1400,37,2
2026-04-14,600036,14:16:14,39.1400,7,1
2026-04-14,600036,14:16:17,39.1400,31,1
2026-04-14,600036,14:16:20,39.1300,5,2
2026-04-14,600036,14:16:23,39.1400,65,1
2026-04-14,600036,14:16:26,39.1400,48,1
2026-04-14,600036,14:16:29,39.1400,61,1
2026-04-14,600036,14:16:32,39.1400,47,1
2026-04-14,600036,14:16:35,39.1400,18,1
2026-04-14,600036,14:16:38,39.1400,20,1
2026-04-14,600036,14:16:41,39.1400,22,1
2026-04-14,600036,14:16:44,39.1500,566,1
2026-04-14,600036,14:16:47,39.1400,41,2
2026-04-14,600036,14:16:50,39.1400,27,2
2026-04-14,600036,14:16:53,39.1400,15,2
2026-04-14,600036,14:16:56,39.1400,25,2
2026-04-14,600036,14:16:59,39.1400,7,2
2026-04-14,600036,14:17:02,39.1400,36,2
2026-04-14,600036,14:17:05,39.1400,21,2
2026-04-14,600036,14:17:08,39.1400,11,2
2026-04-14,600036,14:17:11,39.1500,235,1
2026-04-14,600036,14:17:14,39.1600,30,1
2026-04-14,600036,14:17:17,39.1500,12,2
2026-04-14,600036,14:17:20,39.1600,9,1
2026-04-14,600036,14:17:23,39.1500,27,2
2026-04-14,600036,14:17:26,39.1500,139,2
2026-04-14,600036,14:17:29,39.1500,28,1
2026-04-14,600036,14:17:32,39.1500,15,1
2026-04-14,600036,14:17:35,39.1500,22,1
2026-04-14,600036,14:17:38,39.1500,13,1
2026-04-14,600036,14:17:41,39.1500,126,1
2026-04-14,600036,14:17:44,39.1500,165,1
2026-04-14,600036,14:17:47,39.1500,38,1
2026-04-14,600036,14:17:50,39.1400,388,2
2026-04-14,600036,14:17:53,39.1400,1,2
2026-04-14,600036,14:17:56,39.1400,12,2
2026-04-14,600036,14:17:59,39.1400,30,2
2026-04-14,600036,14:18:02,39.1500,17,1
2026-04-14,600036,14:18:05,39.1500,16,1
2026-04-14,600036,14:18:08,39.1400,65,2
2026-04-14,600036,14:18:11,39.1500,36,1
2026-04-14,600036,14:18:14,39.1500,17,1
2026-04-14,600036,14:18:17,39.1500,32,1
2026-04-14,600036,14:18:20,39.1500,309,1
2026-04-14,600036,14:18:23,39.1400,85,2
2026-04-14,600036,14:18:26,39.1400,16,2
2026-04-14,600036,14:18:29,39.1400,33,2
2026-04-14,600036,14:18:32,39.1400,28,2
2026-04-14,600036,14:18:35,39.1400,31,2
2026-04-14,600036,14:18:38,39.1500,19,1
2026-04-14,600036,14:18:41,39.1400,26,2
2026-04-14,600036,14:18:44,39.1400,21,2
2026-04-14,600036,14:18:47,39.1400,24,2
2026-04-14,600036,14:18:50,39.1400,45,2
2026-04-14,600036,14:18:53,39.1400,16,2
2026-04-14,600036,14:18:56,39.1400,12,2
2026-04-14,600036,14:18:59,39.1400,36,2
2026-04-14,600036,14:19:02,39.1400,27,2
2026-04-14,600036,14:19:05,39.1400,9,2
2026-04-14,600036,14:19:08,39.1400,35,2
2026-04-14,600036,14:19:11,39.1500,11,1
2026-04-14,600036,14:19:14,39.1400,44,2
2026-04-14,600036,14:19:17,39.1400,28,2
2026-04-14,600036,14:19:20,39.1400,21,2
2026-04-14,600036,14:19:23,39.1500,83,1
2026-04-14,600036,14:19:26,39.1500,4,1
2026-04-14,600036,14:19:29,39.1500,53,1
2026-04-14,600036,14:19:32,39.1400,27,2
2026-04-14,600036,14:19:35,39.1400,272,2
2026-04-14,600036,14:19:38,39.1400,66,2
2026-04-14,600036,14:19:41,39.1400,143,2
2026-04-14,600036,14:19:44,39.1400,10,1
2026-04-14,600036,14:19:50,39.1400,28,1
2026-04-14,600036,14:19:53,39.1400,15,1
2026-04-14,600036,14:19:56,39.1400,7,1
2026-04-14,600036,14:19:59,39.1300,21,2
2026-04-14,600036,14:20:02,39.1300,14,2
2026-04-14,600036,14:20:05,39.1300,7,2
2026-04-14,600036,14:20:08,39.1400,47,1
2026-04-14,600036,14:20:11,39.1300,17,2
2026-04-14,600036,14:20:14,39.1300,22,2
2026-04-14,600036,14:20:17,39.1300,55,2
2026-04-14,600036,14:20:20,39.1300,42,2
2026-04-14,600036,14:20:23,39.1300,57,2
2026-04-14,600036,14:20:26,39.1300,92,2
2026-04-14,600036,14:20:29,39.1300,11,1
2026-04-14,600036,14:20:32,39.1300,17,1
2026-04-14,600036,14:20:35,39.1300,8,1
2026-04-14,600036,14:20:38,39.1200,4,2
2026-04-14,600036,14:20:44,39.1300,173,1
2026-04-14,600036,14:20:47,39.1300,334,1
2026-04-14,600036,14:20:50,39.1300,24,4
2026-04-14,600036,14:20:53,39.1300,24,2
2026-04-14,600036,14:20:56,39.1400,6,1
2026-04-14,600036,14:20:59,39.1300,7,2
2026-04-14,600036,14:21:02,39.1400,1,1
2026-04-14,600036,14:21:05,39.1400,4,1
2026-04-14,600036,14:21:08,39.1400,22,1
2026-04-14,600036,14:21:11,39.1300,5,2
2026-04-14,600036,14:21:14,39.1400,28,1
2026-04-14,600036,14:21:17,39.1300,8,2
2026-04-14,600036,14:21:20,39.1300,30,2
2026-04-14,600036,14:21:23,39.1300,36,2
2026-04-14,600036,14:21:29,39.1300,13,2
2026-04-14,600036,14:21:35,39.1300,21,2
2026-04-14,600036,14:21:38,39.1400,48,1
2026-04-14,600036,14:21:44,39.1400,17,1
2026-04-14,600036,14:21:47,39.1300,3,2
2026-04-14,600036,14:21:50,39.1400,52,1
2026-04-14,600036,14:21:53,39.1300,43,2
2026-04-14,600036,14:21:56,39.1300,114,2
2026-04-14,600036,14:21:59,39.1400,1113,1
2026-04-14,600036,14:22:02,39.1400,389,2
2026-04-14,600036,14:22:05,39.1500,71,1
2026-04-14,600036,14:22:08,39.1500,2,1
2026-04-14,600036,14:22:11,39.1400,13,2
2026-04-14,600036,14:22:14,39.1500,38,1
2026-04-14,600036,14:22:20,39.1500,67,1
2026-04-14,600036,14:22:23,39.1500,4,1
2026-04-14,600036,14:22:26,39.1500,38,1
2026-04-14,600036,14:22:29,39.1500,17,1
2026-04-14,600036,14:22:32,39.1500,65,1
2026-04-14,600036,14:22:35,39.1400,26,2
2026-04-14,600036,14:22:38,39.1500,32,1
2026-04-14,600036,14:22:41,39.1500,15,1
2026-04-14,600036,14:22:44,39.1400,11,2
2026-04-14,600036,14:22:47,39.1500,47,1
2026-04-14,600036,14:22:50,39.1500,154,1
2026-04-14,600036,14:22:53,39.1400,15,2
2026-04-14,600036,14:22:56,39.1400,5,2
2026-04-14,600036,14:22:59,39.1400,41,2
2026-04-14,600036,14:23:02,39.1400,8,2
2026-04-14,600036,14:23:05,39.1400,11,2
2026-04-14,600036,14:23:08,39.1400,9,2
2026-04-14,600036,14:23:11,39.1400,35,2
2026-04-14,600036,14:23:14,39.1400,13,2
2026-04-14,600036,14:23:17,39.1500,28,1
2026-04-14,600036,14:23:20,39.1500,40,1
2026-04-14,600036,14:23:23,39.1500,8,1
2026-04-14,600036,14:23:26,39.1500,47,1
2026-04-14,600036,14:23:29,39.1500,31,1
2026-04-14,600036,14:23:32,39.1500,836,1
2026-04-14,600036,14:23:35,39.1500,83,2
2026-04-14,600036,14:23:38,39.1500,55,2
2026-04-14,600036,14:23:41,39.1600,68,1
2026-04-14,600036,14:23:44,39.1500,19,2
2026-04-14,600036,14:23:47,39.1500,13,2
2026-04-14,600036,14:23:50,39.1600,16,1
2026-04-14,600036,14:23:53,39.1500,10,2
2026-04-14,600036,14:23:56,39.1600,2,1
2026-04-14,600036,14:23:59,39.1500,9,2
2026-04-14,600036,14:24:02,39.1500,69,2
2026-04-14,600036,14:24:05,39.1500,2,2
2026-04-14,600036,14:24:08,39.1500,58,2
2026-04-14,600036,14:24:11,39.1500,1441,2
2026-04-14,600036,14:24:14,39.1500,22,1
2026-04-14,600036,14:24:17,39.1400,74,2
2026-04-14,600036,14:24:20,39.1500,4,1
2026-04-14,600036,14:24:23,39.1400,21,2
2026-04-14,600036,14:24:26,39.1400,24,2
2026-04-14,600036,14:24:29,39.1400,68,2
2026-04-14,600036,14:24:32,39.1400,8,2
2026-04-14,600036,14:24:35,39.1500,28,1
2026-04-14,600036,14:24:38,39.1500,8,1
2026-04-14,600036,14:24:41,39.1500,1,1
2026-04-14,600036,14:24:44,39.1500,11,1
2026-04-14,600036,14:24:47,39.1500,31,1
2026-04-14,600036,14:24:50,39.1400,6,2
2026-04-14,600036,14:24:53,39.1400,8,2
2026-04-14,600036,14:24:56,39.1400,3,2
2026-04-14,600036,14:24:59,39.1400,7,2
2026-04-14,600036,14:25:02,39.1400,38,2
2026-04-14,600036,14:25:05,39.1400,45,2
2026-04-14,600036,14:25:08,39.1400,22,2
2026-04-14,600036,14:25:11,39.1400,35,2
2026-04-14,600036,14:25:14,39.1500,13,1
2026-04-14,600036,14:25:17,39.1500,35,1
2026-04-14,600036,14:25:20,39.1400,2,2
2026-04-14,600036,14:25:23,39.1400,50,2
2026-04-14,600036,14:25:26,39.1400,5,2
2026-04-14,600036,14:25:29,39.1500,39,1
2026-04-14,600036,14:25:32,39.1500,2,1
2026-04-14,600036,14:25:35,39.1500,15,1
2026-04-14,600036,14:25:38,39.1500,1,1
2026-04-14,600036,14:25:44,39.1400,25,2
2026-04-14,600036,14:25:47,39.1400,69,2
2026-04-14,600036,14:25:50,39.1400,1162,2
2026-04-14,600036,14:25:53,39.1300,142,2
2026-04-14,600036,14:25:56,39.1300,149,2
2026-04-14,600036,14:25:59,39.1300,82,2
2026-04-14,600036,14:26:02,39.1300,84,2
2026-04-14,600036,14:26:05,39.1300,91,2
2026-04-14,600036,14:26:08,39.1300,49,2
2026-04-14,600036,14:26:11,39.1300,72,2
2026-04-14,600036,14:26:14,39.1300,83,2
2026-04-14,600036,14:26:17,39.1300,107,2
2026-04-14,600036,14:26:20,39.1200,18,2
2026-04-14,600036,14:26:23,39.1200,25,2
2026-04-14,600036,14:26:26,39.1200,264,2
2026-04-14,600036,14:26:29,39.1200,161,2
2026-04-14,600036,14:26:32,39.1100,103,2
2026-04-14,600036,14:26:35,39.1100,119,2
2026-04-14,600036,14:26:38,39.1100,38,1
2026-04-14,600036,14:26:41,39.1100,309,1
2026-04-14,600036,14:26:44,39.1100,209,1
2026-04-14,600036,14:26:47,39.1200,81,1
2026-04-14,600036,14:26:50,39.1200,269,1
2026-04-14,600036,14:26:53,39.1100,112,1
2026-04-14,600036,14:26:56,39.1100,13,2
2026-04-14,600036,14:26:59,39.1100,73,2
2026-04-14,600036,14:27:02,39.1100,18,2
2026-04-14,600036,14:27:05,39.1100,17,2
2026-04-14,600036,14:27:08,39.1100,1,2
2026-04-14,600036,14:27:11,39.1100,27,2
2026-04-14,600036,14:27:14,39.1100,33,2
2026-04-14,600036,14:27:17,39.1100,26,2
2026-04-14,600036,14:27:20,39.1200,3,1
2026-04-14,600036,14:27:23,39.1100,50,2
2026-04-14,600036,14:27:26,39.1100,3,2
2026-04-14,600036,14:27:32,39.1200,48,1
2026-04-14,600036,14:27:35,39.1100,172,2
2026-04-14,600036,14:27:38,39.1200,1062,1
2026-04-14,600036,14:27:41,39.1100,5,2
2026-04-14,600036,14:27:44,39.1200,5,1
2026-04-14,600036,14:27:47,39.1200,36,1
2026-04-14,600036,14:27:50,39.1200,10,1
2026-04-14,600036,14:27:53,39.1200,16,1
2026-04-14,600036,14:27:56,39.1200,54,1
2026-04-14,600036,14:27:59,39.1200,11,1
2026-04-14,600036,14:28:02,39.1200,11,1
2026-04-14,600036,14:28:05,39.1200,28,1
2026-04-14,600036,14:28:08,39.1100,152,2
2026-04-14,600036,14:28:11,39.1200,18,1
2026-04-14,600036,14:28:14,39.1200,103,1
2026-04-14,600036,14:28:17,39.1200,69,1
2026-04-14,600036,14:28:20,39.1200,21,1
2026-04-14,600036,14:28:23,39.1200,9,1
2026-04-14,600036,14:28:26,39.1200,4,1
2026-04-14,600036,14:28:29,39.1100,10,2
2026-04-14,600036,14:28:35,39.1200,13,1
2026-04-14,600036,14:28:38,39.1200,10,1
2026-04-14,600036,14:28:41,39.1200,34,1
2026-04-14,600036,14:28:44,39.1200,23,1
2026-04-14,600036,14:28:47,39.1200,1,1
2026-04-14,600036,14:28:50,39.1200,19,1
2026-04-14,600036,14:28:53,39.1200,9,1
2026-04-14,600036,14:28:56,39.1200,107,1
2026-04-14,600036,14:28:59,39.1200,7,1
2026-04-14,600036,14:29:02,39.1200,24,1
2026-04-14,600036,14:29:05,39.1200,62,1
2026-04-14,600036,14:29:08,39.1200,33,1
2026-04-14,600036,14:29:11,39.1100,8,2
2026-04-14,600036,14:29:14,39.1200,145,1
2026-04-14,600036,14:29:17,39.1200,24,1
2026-04-14,600036,14:29:20,39.1100,59,2
2026-04-14,600036,14:29:23,39.1200,655,1
2026-04-14,600036,14:29:26,39.1200,110,1
2026-04-14,600036,14:29:29,39.1200,9,1
2026-04-14,600036,14:29:32,39.1200,65,1
2026-04-14,600036,14:29:35,39.1300,161,1
2026-04-14,600036,14:29:38,39.1200,61,1
2026-04-14,600036,14:29:41,39.1300,9,1
2026-04-14,600036,14:29:44,39.1300,4,1
2026-04-14,600036,14:29:47,39.1200,56,2
2026-04-14,600036,14:29:50,39.1300,254,1
2026-04-14,600036,14:29:53,39.1400,1,1
2026-04-14,600036,14:29:56,39.1300,14,2
2026-04-14,600036,14:29:59,39.1400,5,1
2026-04-14,600036,14:30:02,39.1300,4,2
2026-04-14,600036,14:30:05,39.1300,2,2
2026-04-14,600036,14:30:08,39.1300,11,2
2026-04-14,600036,14:30:11,39.1300,21,2
2026-04-14,600036,14:30:17,39.1300,43,2
2026-04-14,600036,14:30:20,39.1400,540,1
2026-04-14,600036,14:30:23,39.1400,156,2
2026-04-14,600036,14:30:26,39.1400,97,2
2026-04-14,600036,14:30:29,39.1300,66,2
2026-04-14,600036,14:30:32,39.1400,4,1
2026-04-14,600036,14:30:35,39.1400,5,1
2026-04-14,600036,14:30:38,39.1400,8,1
2026-04-14,600036,14:30:41,39.1300,143,2
2026-04-14,600036,14:30:44,39.1400,6,1
2026-04-14,600036,14:30:50,39.1300,22,2
2026-04-14,600036,14:30:53,39.1300,10,2
2026-04-14,600036,14:30:56,39.1400,3,1
2026-04-14,600036,14:30:59,39.1300,46,2
2026-04-14,600036,14:31:02,39.1400,5,1
2026-04-14,600036,14:31:05,39.1400,15,1
2026-04-14,600036,14:31:08,39.1300,4,2
2026-04-14,600036,14:31:11,39.1300,3,2
2026-04-14,600036,14:31:14,39.1300,51,2
2026-04-14,600036,14:31:17,39.1300,26,2
2026-04-14,600036,14:31:20,39.1300,40,2
2026-04-14,600036,14:31:23,39.1300,458,2
2026-04-14,600036,14:31:26,39.1300,168,1
2026-04-14,600036,14:31:29,39.1300,47,1
2026-04-14,600036,14:31:32,39.1200,5,2
2026-04-14,600036,14:31:35,39.1300,1,1
2026-04-14,600036,14:31:38,39.1200,113,2
2026-04-14,600036,14:31:41,39.1100,225,2
2026-04-14,600036,14:31:44,39.1100,50,2
2026-04-14,600036,14:31:47,39.1100,246,2
2026-04-14,600036,14:31:50,39.1100,15,2
2026-04-14,600036,14:31:53,39.1200,19,1
2026-04-14,600036,14:31:56,39.1100,6,2
2026-04-14,600036,14:31:59,39.1100,45,2
2026-04-14,600036,14:32:05,39.1100,51,2
2026-04-14,600036,14:32:08,39.1100,3,2
2026-04-14,600036,14:32:11,39.1100,4,2
2026-04-14,600036,14:32:17,39.1100,45,2
2026-04-14,600036,14:32:20,39.1100,26,2
2026-04-14,600036,14:32:23,39.1200,20,1
2026-04-14,600036,14:32:26,39.1200,5,1
2026-04-14,600036,14:32:29,39.1200,93,1
2026-04-14,600036,14:32:32,39.1200,83,1
2026-04-14,600036,14:32:35,39.1100,6,2
2026-04-14,600036,14:32:38,39.1100,429,2
2026-04-14,600036,14:32:41,39.1200,18,1
2026-04-14,600036,14:32:44,39.1100,34,2
2026-04-14,600036,14:32:47,39.1200,381,1
2026-04-14,600036,14:32:50,39.1200,13,1
2026-04-14,600036,14:32:53,39.1200,2,1
2026-04-14,600036,14:32:56,39.1100,4,2
2026-04-14,600036,14:32:59,39.1100,2,2
2026-04-14,600036,14:33:02,39.1100,12,2
2026-04-14,600036,14:33:11,39.1100,35,2
2026-04-14,600036,14:33:14,39.1100,30,2
2026-04-14,600036,14:33:17,39.1100,26,2
2026-04-14,600036,14:33:20,39.1200,15,1
2026-04-14,600036,14:33:23,39.1200,39,1
2026-04-14,600036,14:33:26,39.1200,8,1
2026-04-14,600036,14:33:29,39.1200,11,1
2026-04-14,600036,14:33:32,39.1200,2,1
2026-04-14,600036,14:33:35,39.1200,27,1
2026-04-14,600036,14:33:38,39.1200,200,1
2026-04-14,600036,14:33:41,39.1200,6,1
2026-04-14,600036,14:33:44,39.1200,14,1
2026-04-14,600036,14:33:47,39.1200,6,1
2026-04-14,600036,14:33:50,39.1200,8,1
2026-04-14,600036,14:33:53,39.1100,38,2
2026-04-14,600036,14:33:59,39.1100,48,2
2026-04-14,600036,14:34:02,39.1100,1,2
2026-04-14,600036,14:34:05,39.1100,5,2
2026-04-14,600036,14:34:08,39.1200,11,1
2026-04-14,600036,14:34:11,39.1100,40,2
2026-04-14,600036,14:34:14,39.1200,63,1
2026-04-14,600036,14:34:17,39.1200,34,1
2026-04-14,600036,14:34:20,39.1200,105,1
2026-04-14,600036,14:34:23,39.1200,67,1
2026-04-14,600036,14:34:26,39.1200,47,1
2026-04-14,600036,14:34:29,39.1200,68,1
2026-04-14,600036,14:34:32,39.1200,33,1
2026-04-14,600036,14:34:35,39.1200,481,1
2026-04-14,600036,14:34:38,39.1300,206,1
2026-04-14,600036,14:34:41,39.1300,113,1
2026-04-14,600036,14:34:44,39.1300,19,1
2026-04-14,600036,14:34:47,39.1300,209,1
2026-04-14,600036,14:34:50,39.1300,7,2
2026-04-14,600036,14:34:53,39.1300,184,2
2026-04-14,600036,14:34:56,39.1300,185,1
2026-04-14,600036,14:34:59,39.1300,19,1
2026-04-14,600036,14:35:02,39.1300,15,1
2026-04-14,600036,14:35:05,39.1400,171,1
2026-04-14,600036,14:35:08,39.1400,30,1
2026-04-14,600036,14:35:11,39.1200,4,2
2026-04-14,600036,14:35:14,39.1200,3,2
2026-04-14,600036,14:35:17,39.1200,44,2
2026-04-14,600036,14:35:20,39.1200,29,2
2026-04-14,600036,14:35:26,39.1200,62,2
2026-04-14,600036,14:35:29,39.1200,15,2
2026-04-14,600036,14:35:32,39.1300,3,1
2026-04-14,600036,14:35:35,39.1200,56,2
2026-04-14,600036,14:35:38,39.1200,24,2
2026-04-14,600036,14:35:41,39.1300,44,1
2026-04-14,600036,14:35:44,39.1200,5,2
2026-04-14,600036,14:35:47,39.1300,122,1
2026-04-14,600036,14:35:50,39.1200,6,2
2026-04-14,600036,14:35:53,39.1200,8,2
2026-04-14,600036,14:35:56,39.1200,362,2
2026-04-14,600036,14:35:59,39.1100,65,2
2026-04-14,600036,14:36:02,39.1100,5,2
2026-04-14,600036,14:36:05,39.1200,15,1
2026-04-14,600036,14:36:08,39.1200,6,1
2026-04-14,600036,14:36:11,39.1100,3,2
2026-04-14,600036,14:36:14,39.1200,10,1
2026-04-14,600036,14:36:17,39.1200,42,1
2026-04-14,600036,14:36:20,39.1200,32,1
2026-04-14,600036,14:36:23,39.1200,1,1
2026-04-14,600036,14:36:26,39.1200,6,1
2026-04-14,600036,14:36:29,39.1100,8,2
2026-04-14,600036,14:36:32,39.1200,20,1
2026-04-14,600036,14:36:38,39.1200,17,1
2026-04-14,600036,14:36:41,39.1200,46,1
2026-04-14,600036,14:36:44,39.1200,55,1
2026-04-14,600036,14:36:47,39.1200,2,1
2026-04-14,600036,14:36:50,39.1100,6,2
2026-04-14,600036,14:36:53,39.1100,1,2
2026-04-14,600036,14:36:56,39.1100,34,2
2026-04-14,600036,14:36:59,39.1100,77,2
2026-04-14,600036,14:37:02,39.1200,1,1
2026-04-14,600036,14:37:05,39.1200,4,1
2026-04-14,600036,14:37:08,39.1200,1,1
2026-04-14,600036,14:37:11,39.1200,7,1
2026-04-14,600036,14:37:14,39.1200,39,1
2026-04-14,600036,14:37:17,39.1100,56,2
2026-04-14,600036,14:37:20,39.1200,26,1
2026-04-14,600036,14:37:23,39.1200,99,1
2026-04-14,600036,14:37:26,39.1200,42,1
2026-04-14,600036,14:37:29,39.1200,2,1
2026-04-14,600036,14:37:32,39.1200,10,1
2026-04-14,600036,14:37:35,39.1200,7,1
2026-04-14,600036,14:37:38,39.1100,3,2
2026-04-14,600036,14:37:41,39.1200,72,1
2026-04-14,600036,14:37:44,39.1100,6,2
2026-04-14,600036,14:37:47,39.1100,36,2
2026-04-14,600036,14:37:50,39.1200,6,1
2026-04-14,600036,14:37:53,39.1100,11,2
2026-04-14,600036,14:37:56,39.1200,14,1
2026-04-14,600036,14:37:59,39.1100,65,2
2026-04-14,600036,14:38:02,39.1200,10,1
2026-04-14,600036,14:38:05,39.1200,52,1
2026-04-14,600036,14:38:08,39.1100,11,2
2026-04-14,600036,14:38:11,39.1100,4,2
2026-04-14,600036,14:38:14,39.1200,22,1
2026-04-14,600036,14:38:17,39.1200,20,1
2026-04-14,600036,14:38:20,39.1200,4,1
2026-04-14,600036,14:38:23,39.1200,5,1
2026-04-14,600036,14:38:26,39.1200,217,1
2026-04-14,600036,14:38:29,39.1200,29,1
2026-04-14,600036,14:38:32,39.1100,69,2
2026-04-14,600036,14:38:35,39.1100,8,2
2026-04-14,600036,14:38:38,39.1100,10,2
2026-04-14,600036,14:38:41,39.1100,12,2
2026-04-14,600036,14:38:44,39.1200,2,1
2026-04-14,600036,14:38:47,39.1200,21,1
2026-04-14,600036,14:38:50,39.1100,14,2
2026-04-14,600036,14:38:53,39.1200,81,1
2026-04-14,600036,14:38:56,39.1200,13,1
2026-04-14,600036,14:38:59,39.1200,24,1
2026-04-14,600036,14:39:02,39.1100,156,2
2026-04-14,600036,14:39:05,39.1200,34,1
2026-04-14,600036,14:39:08,39.1200,574,1
2026-04-14,600036,14:39:11,39.1200,177,1
2026-04-14,600036,14:39:14,39.1200,167,1
2026-04-14,600036,14:39:17,39.1200,91,1
2026-04-14,600036,14:39:20,39.1300,188,1
2026-04-14,600036,14:39:23,39.1200,166,2
2026-04-14,600036,14:39:26,39.1300,99,1
2026-04-14,600036,14:39:29,39.1300,430,1
2026-04-14,600036,14:39:32,39.1300,246,1
2026-04-14,600036,14:39:35,39.1200,27,2
2026-04-14,600036,14:39:38,39.1300,15,4
2026-04-14,600036,14:39:41,39.1200,54,2
2026-04-14,600036,14:39:44,39.1200,20,2
2026-04-14,600036,14:39:47,39.1300,15,1
2026-04-14,600036,14:39:50,39.1200,16,2
2026-04-14,600036,14:39:53,39.1300,156,1
2026-04-14,600036,14:39:56,39.1300,6,1
2026-04-14,600036,14:39:59,39.1200,78,2
2026-04-14,600036,14:40:02,39.1300,142,1
2026-04-14,600036,14:40:05,39.1300,29,2
2026-04-14,600036,14:40:08,39.1300,244,2
2026-04-14,600036,14:40:11,39.1200,81,2
2026-04-14,600036,14:40:14,39.1200,42,2
2026-04-14,600036,14:40:17,39.1300,169,1
2026-04-14,600036,14:40:20,39.1300,88,1
2026-04-14,600036,14:40:23,39.1200,19,2
2026-04-14,600036,14:40:26,39.1300,32,1
2026-04-14,600036,14:40:29,39.1300,20,1
2026-04-14,600036,14:40:32,39.1300,28,1
2026-04-14,600036,14:40:35,39.1200,13,2
2026-04-14,600036,14:40:38,39.1300,89,1
2026-04-14,600036,14:40:41,39.1300,38,1
2026-04-14,600036,14:40:44,39.1300,29,1
2026-04-14,600036,14:40:47,39.1300,9,1
2026-04-14,600036,14:40:50,39.1300,46,1
2026-04-14,600036,14:40:53,39.1200,19,2
2026-04-14,600036,14:40:56,39.1200,64,2
2026-04-14,600036,14:40:59,39.1300,85,1
2026-04-14,600036,14:41:02,39.1200,13,2
2026-04-14,600036,14:41:05,39.1300,40,1
2026-04-14,600036,14:41:08,39.1200,4,2
2026-04-14,600036,14:41:11,39.1200,18,2
2026-04-14,600036,14:41:14,39.1300,141,1
2026-04-14,600036,14:41:17,39.1300,3,1
2026-04-14,600036,14:41:20,39.1300,9,1
2026-04-14,600036,14:41:23,39.1300,30,1
2026-04-14,600036,14:41:26,39.1300,21,1
2026-04-14,600036,14:41:29,39.1300,4,1
2026-04-14,600036,14:41:32,39.1200,29,2
2026-04-14,600036,14:41:35,39.1300,5,1
2026-04-14,600036,14:41:38,39.1300,6,1
2026-04-14,600036,14:41:41,39.1300,32,1
2026-04-14,600036,14:41:44,39.1200,17,2
2026-04-14,600036,14:41:47,39.1300,30,1
2026-04-14,600036,14:41:50,39.1300,14,1
2026-04-14,600036,14:41:53,39.1200,199,2
2026-04-14,600036,14:41:56,39.1200,18,2
2026-04-14,600036,14:41:59,39.1200,26,2
2026-04-14,600036,14:42:02,39.1200,95,2
2026-04-14,600036,14:42:05,39.1200,35,2
2026-04-14,600036,14:42:08,39.1200,202,2
2026-04-14,600036,14:42:11,39.1200,174,2
2026-04-14,600036,14:42:14,39.1200,38,2
2026-04-14,600036,14:42:20,39.1200,24,2
2026-04-14,600036,14:42:23,39.1200,4,2
2026-04-14,600036,14:42:26,39.1200,81,2
2026-04-14,600036,14:42:29,39.1200,18,2
2026-04-14,600036,14:42:32,39.1200,118,2
2026-04-14,600036,14:42:35,39.1200,82,2
2026-04-14,600036,14:42:38,39.1200,42,2
2026-04-14,600036,14:42:41,39.1200,32,2
2026-04-14,600036,14:42:44,39.1300,151,1
2026-04-14,600036,14:42:47,39.1300,35,1
2026-04-14,600036,14:42:50,39.1200,55,2
2026-04-14,600036,14:42:53,39.1200,41,2
2026-04-14,600036,14:42:56,39.1300,38,1
2026-04-14,600036,14:42:59,39.1300,71,1
2026-04-14,600036,14:43:02,39.1300,82,1
2026-04-14,600036,14:43:05,39.1200,29,2
2026-04-14,600036,14:43:08,39.1300,13,1
2026-04-14,600036,14:43:11,39.1300,15,1
2026-04-14,600036,14:43:14,39.1300,654,1
2026-04-14,600036,14:43:17,39.1300,314,1
2026-04-14,600036,14:43:20,39.1300,6,2
2026-04-14,600036,14:43:23,39.1300,2,2
2026-04-14,600036,14:43:26,39.1300,51,2
2026-04-14,600036,14:43:29,39.1400,85,1
2026-04-14,600036,14:43:35,39.1400,34,1
2026-04-14,600036,14:43:38,39.1400,67,1
2026-04-14,600036,14:43:41,39.1400,197,1
2026-04-14,600036,14:43:44,39.1400,22,1
2026-04-14,600036,14:43:47,39.1400,226,1
2026-04-14,600036,14:43:50,39.1400,98,2
2026-04-14,600036,14:43:53,39.1400,30,1
2026-04-14,600036,14:43:56,39.1300,13,2
2026-04-14,600036,14:43:59,39.1400,61,1
2026-04-14,600036,14:44:02,39.1400,105,1
2026-04-14,600036,14:44:05,39.1400,104,1
2026-04-14,600036,14:44:08,39.1400,41,1
2026-04-14,600036,14:44:11,39.1400,115,1
2026-04-14,600036,14:44:14,39.1300,6,2
2026-04-14,600036,14:44:17,39.1400,28,1
2026-04-14,600036,14:44:20,39.1400,45,1
2026-04-14,600036,14:44:23,39.1300,28,2
2026-04-14,600036,14:44:26,39.1400,83,1
2026-04-14,600036,14:44:29,39.1300,27,2
2026-04-14,600036,14:44:32,39.1400,52,1
2026-04-14,600036,14:44:35,39.1400,52,1
2026-04-14,600036,14:44:38,39.1400,130,1
2026-04-14,600036,14:44:41,39.1400,197,2
2026-04-14,600036,14:44:44,39.1400,17,2
2026-04-14,600036,14:44:47,39.1500,4,1
2026-04-14,600036,14:44:50,39.1500,50,1
2026-04-14,600036,14:44:53,39.1500,488,1
2026-04-14,600036,14:44:56,39.1500,63,1
2026-04-14,600036,14:44:59,39.1500,39,1
2026-04-14,600036,14:45:02,39.1500,107,1
2026-04-14,600036,14:45:05,39.1500,94,1
2026-04-14,600036,14:45:08,39.1500,88,1
2026-04-14,600036,14:45:11,39.1500,31,1
2026-04-14,600036,14:45:14,39.1500,912,1
2026-04-14,600036,14:45:17,39.1500,120,1
2026-04-14,600036,14:45:20,39.1500,57,1
2026-04-14,600036,14:45:23,39.1500,12,1
2026-04-14,600036,14:45:26,39.1400,84,2
2026-04-14,600036,14:45:29,39.1500,35,1
2026-04-14,600036,14:45:32,39.1500,63,1
2026-04-14,600036,14:45:35,39.1500,33,1
2026-04-14,600036,14:45:38,39.1400,310,2
2026-04-14,600036,14:45:41,39.1500,79,1
2026-04-14,600036,14:45:44,39.1500,13,1
2026-04-14,600036,14:45:47,39.1500,60,1
2026-04-14,600036,14:45:50,39.1500,77,1
2026-04-14,600036,14:45:53,39.1500,48,1
2026-04-14,600036,14:45:56,39.1400,9,2
2026-04-14,600036,14:45:59,39.1500,69,1
2026-04-14,600036,14:46:02,39.1500,301,1
2026-04-14,600036,14:46:05,39.1500,161,1
2026-04-14,600036,14:46:08,39.1500,10,1
2026-04-14,600036,14:46:11,39.1500,27,1
2026-04-14,600036,14:46:14,39.1400,67,2
2026-04-14,600036,14:46:17,39.1500,29,1
2026-04-14,600036,14:46:20,39.1400,93,2
2026-04-14,600036,14:46:23,39.1400,328,2
2026-04-14,600036,14:46:26,39.1500,331,1
2026-04-14,600036,14:46:29,39.1400,102,2
2026-04-14,600036,14:46:32,39.1500,11,1
2026-04-14,600036,14:46:35,39.1400,218,2
2026-04-14,600036,14:46:38,39.1400,246,1
2026-04-14,600036,14:46:41,39.1400,27,1
2026-04-14,600036,14:46:44,39.1300,108,2
2026-04-14,600036,14:46:47,39.1400,71,1
2026-04-14,600036,14:46:50,39.1300,486,2
2026-04-14,600036,14:46:53,39.1300,14,2
2026-04-14,600036,14:46:56,39.1400,4,1
2026-04-14,600036,14:46:59,39.1400,2,1
2026-04-14,600036,14:47:02,39.1300,74,2
2026-04-14,600036,14:47:05,39.1300,23,2
2026-04-14,600036,14:47:08,39.1300,42,2
2026-04-14,600036,14:47:11,39.1400,37,1
2026-04-14,600036,14:47:14,39.1300,106,2
2026-04-14,600036,14:47:17,39.1300,23,2
2026-04-14,600036,14:47:20,39.1400,40,1
2026-04-14,600036,14:47:23,39.1400,114,1
2026-04-14,600036,14:47:26,39.1400,153,1
2026-04-14,600036,14:47:29,39.1400,232,1
2026-04-14,600036,14:47:32,39.1400,81,1
2026-04-14,600036,14:47:35,39.1400,275,1
2026-04-14,600036,14:47:38,39.1400,429,1
2026-04-14,600036,14:47:41,39.1400,229,1
2026-04-14,600036,14:47:44,39.1400,16,2
2026-04-14,600036,14:47:47,39.1500,4,1
2026-04-14,600036,14:47:50,39.1400,24,2
2026-04-14,600036,14:47:53,39.1400,19,2
2026-04-14,600036,14:47:56,39.1500,24,1
2026-04-14,600036,14:47:59,39.1400,7,2
2026-04-14,600036,14:48:02,39.1500,62,1
2026-04-14,600036,14:48:05,39.1400,8,2
2026-04-14,600036,14:48:08,39.1500,107,1
2026-04-14,600036,14:48:11,39.1500,32,1
2026-04-14,600036,14:48:14,39.1400,20,2
2026-04-14,600036,14:48:17,39.1500,181,1
2026-04-14,600036,14:48:20,39.1400,65,2
2026-04-14,600036,14:48:23,39.1500,220,1
2026-04-14,600036,14:48:26,39.1500,343,1
2026-04-14,600036,14:48:29,39.1500,27,1
2026-04-14,600036,14:48:32,39.1500,18,1
2026-04-14,600036,14:48:35,39.1500,55,1
2026-04-14,600036,14:48:38,39.1500,2,1
2026-04-14,600036,14:48:41,39.1400,13,2
2026-04-14,600036,14:48:44,39.1500,277,1
2026-04-14,600036,14:48:47,39.1400,45,2
2026-04-14,600036,14:48:50,39.1500,90,1
2026-04-14,600036,14:48:53,39.1400,5,2
2026-04-14,600036,14:48:56,39.1400,226,2
2026-04-14,600036,14:48:59,39.1500,58,1
2026-04-14,600036,14:49:02,39.1500,53,1
2026-04-14,600036,14:49:05,39.1400,28,2
2026-04-14,600036,14:49:08,39.1500,33,1
2026-04-14,600036,14:49:11,39.1400,10,2
2026-04-14,600036,14:49:14,39.1500,359,1
2026-04-14,600036,14:49:17,39.1500,400,1
2026-04-14,600036,14:49:20,39.1400,55,2
2026-04-14,600036,14:49:23,39.1500,102,1
2026-04-14,600036,14:49:26,39.1500,143,1
2026-04-14,600036,14:49:29,39.1500,8,1
2026-04-14,600036,14:49:32,39.1500,76,1
2026-04-14,600036,14:49:35,39.1400,2,2
2026-04-14,600036,14:49:38,39.1400,24,2
2026-04-14,600036,14:49:41,39.1400,16,2
2026-04-14,600036,14:49:44,39.1500,45,1
2026-04-14,600036,14:49:47,39.1500,126,1
2026-04-14,600036,14:49:50,39.1500,24,1
2026-04-14,600036,14:49:53,39.1400,165,2
2026-04-14,600036,14:49:59,39.1500,40,1
2026-04-14,600036,14:50:02,39.1500,72,1
2026-04-14,600036,14:50:05,39.1500,99,1
2026-04-14,600036,14:50:08,39.1500,67,1
2026-04-14,600036,14:50:11,39.1500,16,1
2026-04-14,600036,14:50:14,39.1400,22,2
2026-04-14,600036,14:50:17,39.1400,44,2
2026-04-14,600036,14:50:20,39.1400,29,2
2026-04-14,600036,14:50:23,39.1400,184,2
2026-04-14,600036,14:50:26,39.1400,26,2
2026-04-14,600036,14:50:29,39.1400,110,2
2026-04-14,600036,14:50:32,39.1400,2,2
2026-04-14,600036,14:50:35,39.1500,514,1
2026-04-14,600036,14:50:38,39.1400,163,2
2026-04-14,600036,14:50:41,39.1400,71,2
2026-04-14,600036,14:50:44,39.1400,63,2
2026-04-14,600036,14:50:47,39.1400,96,2
2026-04-14,600036,14:50:50,39.1500,120,1
2026-04-14,600036,14:50:53,39.1500,18,1
2026-04-14,600036,14:50:56,39.1400,4,2
2026-04-14,600036,14:50:59,39.1400,41,2
2026-04-14,600036,14:51:02,39.1400,98,2
2026-04-14,600036,14:51:05,39.1400,7,2
2026-04-14,600036,14:51:08,39.1400,110,2
2026-04-14,600036,14:51:11,39.1500,151,1
2026-04-14,600036,14:51:14,39.1500,15,1
2026-04-14,600036,14:51:17,39.1400,135,2
2026-04-14,600036,14:51:20,39.1500,44,1
2026-04-14,600036,14:51:23,39.1400,12,2
2026-04-14,600036,14:51:26,39.1500,112,1
2026-04-14,600036,14:51:29,39.1400,40,2
2026-04-14,600036,14:51:32,39.1500,11,1
2026-04-14,600036,14:51:35,39.1500,52,1
2026-04-14,600036,14:51:38,39.1500,61,1
2026-04-14,600036,14:51:41,39.1400,5,2
2026-04-14,600036,14:51:44,39.1500,448,1
2026-04-14,600036,14:51:47,39.1400,67,2
2026-04-14,600036,14:51:50,39.1400,16,2
2026-04-14,600036,14:51:53,39.1400,34,2
2026-04-14,600036,14:51:56,39.1500,51,1
2026-04-14,600036,14:51:59,39.1500,52,1
2026-04-14,600036,14:52:02,39.1400,307,2
2026-04-14,600036,14:52:05,39.1400,195,2
2026-04-14,600036,14:52:08,39.1400,60,2
2026-04-14,600036,14:52:11,39.1400,60,2
2026-04-14,600036,14:52:14,39.1500,76,1
2026-04-14,600036,14:52:17,39.1400,12,2
2026-04-14,600036,14:52:20,39.1400,276,2
2026-04-14,600036,14:52:23,39.1400,93,2
2026-04-14,600036,14:52:26,39.1400,20,2
2026-04-14,600036,14:52:29,39.1400,227,2
2026-04-14,600036,14:52:32,39.1500,27,1
2026-04-14,600036,14:52:35,39.1500,221,1
2026-04-14,600036,14:52:38,39.1500,12,1
2026-04-14,600036,14:52:41,39.1500,51,1
2026-04-14,600036,14:52:44,39.1400,44,2
2026-04-14,600036,14:52:47,39.1400,86,2
2026-04-14,600036,14:52:50,39.1500,569,1
2026-04-14,600036,14:52:53,39.1400,215,2
2026-04-14,600036,14:52:56,39.1500,149,1
2026-04-14,600036,14:52:59,39.1400,3032,2
2026-04-14,600036,14:53:02,39.1500,227,1
2026-04-14,600036,14:53:05,39.1500,91,1
2026-04-14,600036,14:53:08,39.1500,156,1
2026-04-14,600036,14:53:11,39.1500,906,1
2026-04-14,600036,14:53:14,39.1500,262,1
2026-04-14,600036,14:53:17,39.1500,12,1
2026-04-14,600036,14:53:20,39.1500,123,1
2026-04-14,600036,14:53:23,39.1600,212,1
2026-04-14,600036,14:53:26,39.1600,103,1
2026-04-14,600036,14:53:29,39.1600,126,1
2026-04-14,600036,14:53:32,39.1600,156,1
2026-04-14,600036,14:53:35,39.1500,20,2
2026-04-14,600036,14:53:38,39.1500,18,2
2026-04-14,600036,14:53:41,39.1600,62,1
2026-04-14,600036,14:53:44,39.1600,71,1
2026-04-14,600036,14:53:47,39.1600,108,1
2026-04-14,600036,14:53:50,39.1600,96,1
2026-04-14,600036,14:53:53,39.1600,1839,1
2026-04-14,600036,14:53:56,39.1500,393,2
2026-04-14,600036,14:53:59,39.1600,75,1
2026-04-14,600036,14:54:02,39.1600,345,1
2026-04-14,600036,14:54:05,39.1500,109,2
2026-04-14,600036,14:54:08,39.1500,71,2
2026-04-14,600036,14:54:11,39.1500,189,2
2026-04-14,600036,14:54:14,39.1500,295,2
2026-04-14,600036,14:54:17,39.1500,108,2
2026-04-14,600036,14:54:20,39.1600,129,1
2026-04-14,600036,14:54:23,39.1600,33,2
2026-04-14,600036,14:54:26,39.1600,56,2
2026-04-14,600036,14:54:29,39.1600,112,2
2026-04-14,600036,14:54:32,39.1600,19,2
2026-04-14,600036,14:54:35,39.1600,61,2
2026-04-14,600036,14:54:38,39.1600,172,2
2026-04-14,600036,14:54:41,39.1700,67,1
2026-04-14,600036,14:54:44,39.1600,30,2
2026-04-14,600036,14:54:47,39.1600,72,2
2026-04-14,600036,14:54:50,39.1600,115,2
2026-04-14,600036,14:54:53,39.1600,34,1
2026-04-14,600036,14:54:56,39.1600,22,1
2026-04-14,600036,14:54:59,39.1600,44,1
2026-04-14,600036,14:55:02,39.1500,242,2
2026-04-14,600036,14:55:05,39.1500,235,2
2026-04-14,600036,14:55:08,39.1500,102,2
2026-04-14,600036,14:55:11,39.1500,18,2
2026-04-14,600036,14:55:14,39.1500,22,2
2026-04-14,600036,14:55:17,39.1600,30,1
2026-04-14,600036,14:55:20,39.1500,59,2
2026-04-14,600036,14:55:23,39.1500,89,2
2026-04-14,600036,14:55:26,39.1500,48,2
2026-04-14,600036,14:55:29,39.1600,110,1
2026-04-14,600036,14:55:32,39.1500,124,2
2026-04-14,600036,14:55:35,39.1500,77,2
2026-04-14,600036,14:55:38,39.1600,24,1
2026-04-14,600036,14:55:41,39.1400,631,2
2026-04-14,600036,14:55:44,39.1400,133,2
2026-04-14,600036,14:55:47,39.1500,113,1
2026-04-14,600036,14:55:50,39.1400,150,2
2026-04-14,600036,14:55:53,39.1400,21,2
2026-04-14,600036,14:55:56,39.1400,128,2
2026-04-14,600036,14:55:59,39.1500,36,1
2026-04-14,600036,14:56:02,39.1400,186,2
2026-04-14,600036,14:56:05,39.1400,177,2
2026-04-14,600036,14:56:08,39.1500,268,1
2026-04-14,600036,14:56:11,39.1500,22,2
2026-04-14,600036,14:56:14,39.1500,41,2
2026-04-14,600036,14:56:17,39.1600,146,1
2026-04-14,600036,14:56:20,39.1600,529,1
2026-04-14,600036,14:56:23,39.1600,69,2
2026-04-14,600036,14:56:26,39.1600,69,4
2026-04-14,600036,14:56:29,39.1600,64,1
2026-04-14,600036,14:56:32,39.1500,202,2
2026-04-14,600036,14:56:35,39.1500,81,2
2026-04-14,600036,14:56:38,39.1400,387,2
2026-04-14,600036,14:56:41,39.1400,84,2
2026-04-14,600036,14:56:44,39.1400,159,2
2026-04-14,600036,14:56:47,39.1700,121,1
2026-04-14,600036,14:56:50,39.1700,39,1
2026-04-14,600036,14:56:53,39.1600,19,2
2026-04-14,600036,14:56:56,39.1700,38,1
2026-04-14,600036,14:56:59,39.1600,43,2
2026-04-14,600036,15:00:02,39.1300,7681,4
2026-04-14,600036,13:13:14,39.0000,219,2
2026-04-14,600036,13:13:17,39.0000,55,2
2026-04-14,600036,13:13:20,39.0000,74,1
2026-04-14,600036,13:13:23,39.0000,190,1
2026-04-14,600036,13:13:26,38.9900,235,2
2026-04-14,600036,13:13:29,39.0000,55,4
2026-04-14,600036,13:13:32,39.0000,25,1
2026-04-14,600036,13:13:35,39.0000,104,1
2026-04-14,600036,13:13:38,38.9900,22,2
2026-04-14,600036,13:13:41,39.0000,93,1
2026-04-14,600036,13:13:44,39.0000,2,1
2026-04-14,600036,13:13:47,39.0000,121,1
2026-04-14,600036,13:13:50,39.0000,1,1
2026-04-14,600036,13:13:53,39.0000,2,1
2026-04-14,600036,13:13:56,38.9900,119,2
2026-04-14,600036,13:13:59,39.0000,25,4
2026-04-14,600036,13:14:02,39.0000,146,2
2026-04-14,600036,13:14:05,39.0000,62,2
2026-04-14,600036,13:14:08,39.0000,16,1
2026-04-14,600036,13:14:11,39.0000,9,1
2026-04-14,600036,13:14:14,39.0000,16,1
2026-04-14,600036,13:14:20,39.0000,83,1
2026-04-14,600036,13:14:26,38.9900,158,2
2026-04-14,600036,13:14:29,39.0000,4,1
2026-04-14,600036,13:14:32,39.0000,1,1
2026-04-14,600036,13:14:35,39.0000,3,1
2026-04-14,600036,13:14:38,39.0000,2,1
2026-04-14,600036,13:14:41,39.0000,5,1
2026-04-14,600036,13:14:44,39.0000,1,1
2026-04-14,600036,13:14:47,39.0000,9,1
2026-04-14,600036,13:14:50,38.9900,109,2
2026-04-14,600036,13:14:53,39.0000,14,1
2026-04-14,600036,13:14:56,38.9900,1,2
2026-04-14,600036,13:14:59,39.0000,15,1
2026-04-14,600036,13:15:02,39.0000,14,1
2026-04-14,600036,13:15:08,38.9900,41,2
2026-04-14,600036,13:15:11,39.0000,127,1
2026-04-14,600036,13:15:14,39.0000,16,1
2026-04-14,600036,13:15:17,38.9900,29,2
2026-04-14,600036,13:15:20,39.0000,2,1
2026-04-14,600036,13:15:23,39.0000,35,1
2026-04-14,600036,13:15:26,39.0000,8,1
2026-04-14,600036,13:15:35,39.0000,2,1
2026-04-14,600036,13:15:38,39.0000,28,1
2026-04-14,600036,13:15:41,38.9900,39,2
2026-04-14,600036,13:15:44,38.9900,21,2
2026-04-14,600036,13:15:47,38.9900,67,2
2026-04-14,600036,13:15:50,39.0000,45,1
2026-04-14,600036,13:15:53,38.9900,61,2
2026-04-14,600036,13:15:56,38.9900,38,2
2026-04-14,600036,13:15:59,38.9900,48,2
2026-04-14,600036,13:16:02,39.0000,90,1
2026-04-14,600036,13:16:05,38.9900,12,2
2026-04-14,600036,13:16:11,39.0000,16,1
2026-04-14,600036,13:16:14,38.9900,5,2
2026-04-14,600036,13:16:17,38.9900,181,2
2026-04-14,600036,13:16:20,39.0000,48,1
2026-04-14,600036,13:16:23,39.0000,30,1
2026-04-14,600036,13:16:26,39.0000,274,1
2026-04-14,600036,13:16:29,38.9800,9,2
2026-04-14,600036,13:16:32,38.9900,60,1
2026-04-14,600036,13:16:35,38.9900,5,1
2026-04-14,600036,13:16:38,38.9900,113,1
2026-04-14,600036,13:16:41,38.9900,27,1
2026-04-14,600036,13:16:44,38.9800,9,2
2026-04-14,600036,13:16:47,38.9800,27,2
2026-04-14,600036,13:16:50,38.9800,9,2
2026-04-14,600036,13:16:53,38.9900,133,1
2026-04-14,600036,13:16:56,38.9900,4,1
2026-04-14,600036,13:16:59,38.9800,8,2
2026-04-14,600036,13:17:05,38.9900,21,1
2026-04-14,600036,13:17:08,38.9800,23,2
2026-04-14,600036,13:17:11,38.9800,135,2
2026-04-14,600036,13:17:14,38.9800,63,2
2026-04-14,600036,13:17:17,38.9900,11,1
2026-04-14,600036,13:17:20,38.9800,15,2
2026-04-14,600036,13:17:23,38.9800,13,2
2026-04-14,600036,13:17:26,38.9900,9,1
2026-04-14,600036,13:17:29,38.9800,1,2
2026-04-14,600036,13:17:32,38.9800,19,2
2026-04-14,600036,13:17:35,38.9900,38,1
2026-04-14,600036,13:17:38,38.9800,1,2
2026-04-14,600036,13:17:41,38.9800,12,2
2026-04-14,600036,13:17:44,38.9800,32,2
2026-04-14,600036,13:17:47,38.9800,43,2
2026-04-14,600036,13:17:50,38.9800,7,2
2026-04-14,600036,13:17:53,38.9900,9,1
2026-04-14,600036,13:17:56,38.9900,518,1
2026-04-14,600036,13:17:59,38.9900,7,1
2026-04-14,600036,13:18:02,38.9900,7,1
2026-04-14,600036,13:18:05,38.9900,187,1
2026-04-14,600036,13:18:08,38.9900,11,1
2026-04-14,600036,13:18:11,38.9900,5,1
2026-04-14,600036,13:18:14,38.9900,55,1
2026-04-14,600036,13:18:17,38.9900,52,1
2026-04-14,600036,13:18:20,38.9800,4,2
2026-04-14,600036,13:18:23,38.9800,4,2
2026-04-14,600036,13:18:26,38.9900,14,1
2026-04-14,600036,13:18:29,38.9800,1,2
2026-04-14,600036,13:18:32,38.9900,6,1
2026-04-14,600036,13:18:35,38.9900,8,1
2026-04-14,600036,13:18:38,38.9800,4,2
2026-04-14,600036,13:18:41,38.9800,4,2
2026-04-14,600036,13:18:44,38.9900,11,1
2026-04-14,600036,13:18:47,38.9800,21,2
2026-04-14,600036,13:18:50,38.9800,6,2
2026-04-14,600036,13:18:53,38.9800,10,2
2026-04-14,600036,13:18:56,38.9900,114,1
2026-04-14,600036,13:18:59,38.9800,263,2
2026-04-14,600036,13:19:02,38.9900,13,1
2026-04-14,600036,13:19:05,38.9900,16,1
2026-04-14,600036,13:19:08,38.9900,36,1
2026-04-14,600036,13:19:11,38.9800,81,2
2026-04-14,600036,13:19:14,38.9900,9,1
2026-04-14,600036,13:19:20,38.9900,40,1
2026-04-14,600036,13:19:26,38.9900,22,1
2026-04-14,600036,13:19:32,38.9900,14,1
2026-04-14,600036,13:19:35,38.9900,75,1
2026-04-14,600036,13:19:38,38.9800,96,2
2026-04-14,600036,13:19:41,38.9800,107,2
2026-04-14,600036,13:19:44,38.9900,25,1
2026-04-14,600036,13:19:47,38.9900,12,1
2026-04-14,600036,13:19:50,38.9900,12,1
2026-04-14,600036,13:19:53,39.0000,285,1
2026-04-14,600036,13:19:56,38.9900,27,4
2026-04-14,600036,13:19:59,39.0000,5363,1
2026-04-14,600036,13:20:02,39.0000,221,2
2026-04-14,600036,13:20:05,39.0000,227,1
2026-04-14,600036,13:20:08,38.9900,46,2
2026-04-14,600036,13:20:11,38.9900,5,1
2026-04-14,600036,13:20:14,38.9900,141,1
2026-04-14,600036,13:20:17,39.0100,40,1
2026-04-14,600036,13:20:20,39.0000,26,1
2026-04-14,600036,13:20:23,39.0000,2,1
2026-04-14,600036,13:20:26,38.9900,2,2
2026-04-14,600036,13:20:29,39.0000,4,1
2026-04-14,600036,13:20:32,39.0000,49,1
2026-04-14,600036,13:20:35,39.0000,7,1
2026-04-14,600036,13:20:38,39.0000,9,1
2026-04-14,600036,13:20:44,39.0000,50,1
2026-04-14,600036,13:20:47,39.0000,144,1
2026-04-14,600036,13:20:50,39.0000,7,2
2026-04-14,600036,13:20:53,39.0000,5,2
2026-04-14,600036,13:20:56,39.0000,230,2
2026-04-14,600036,13:20:59,39.0100,37,1
2026-04-14,600036,13:21:02,39.0000,45,2
2026-04-14,600036,13:21:08,39.0100,93,1
2026-04-14,600036,13:21:11,39.0300,2336,1
2026-04-14,600036,13:21:14,39.0300,197,2
2026-04-14,600036,13:21:17,39.0300,112,2
2026-04-14,600036,13:21:20,39.0300,1570,2
2026-04-14,600036,13:21:23,39.0200,1941,2
2026-04-14,600036,13:21:26,39.0200,121,1
2026-04-14,600036,13:21:29,39.0200,38,1
2026-04-14,600036,13:21:32,39.0200,78,1
2026-04-14,600036,13:21:35,39.0200,14,1
2026-04-14,600036,13:21:38,39.0100,93,2
2026-04-14,600036,13:21:41,39.0100,14,2
2026-04-14,600036,13:21:44,39.0200,23,1
2026-04-14,600036,13:21:47,39.0100,27,2
2026-04-14,600036,13:21:50,39.0100,8,2
2026-04-14,600036,13:21:53,39.0200,15,1
2026-04-14,600036,13:21:56,39.0200,101,1
2026-04-14,600036,13:21:59,39.0200,113,1
2026-04-14,600036,13:22:02,39.0200,139,1
2026-04-14,600036,13:22:05,39.0200,121,1
2026-04-14,600036,13:22:08,39.0200,13,2
2026-04-14,600036,13:22:11,39.0200,34,2
2026-04-14,600036,13:22:14,39.0300,15,1
2026-04-14,600036,13:22:17,39.0200,31,2
2026-04-14,600036,13:22:20,39.0300,18,1
2026-04-14,600036,13:22:23,39.0200,52,2
2026-04-14,600036,13:22:26,39.0200,80,2
2026-04-14,600036,13:22:29,39.0100,16,2
2026-04-14,600036,13:22:32,39.0200,5,1
2026-04-14,600036,13:22:35,39.0200,31,1
2026-04-14,600036,13:22:38,39.0200,14,1
2026-04-14,600036,13:22:41,39.0100,23,2
2026-04-14,600036,13:22:44,39.0200,49,1
2026-04-14,600036,13:22:50,39.0200,10,1
2026-04-14,600036,13:22:53,39.0100,1,2
2026-04-14,600036,13:22:56,39.0100,44,2
2026-04-14,600036,13:22:59,39.0100,12,2
2026-04-14,600036,13:23:02,39.0000,109,2
2026-04-14,600036,13:23:05,39.0000,12,2
2026-04-14,600036,13:23:08,39.0100,66,1
2026-04-14,600036,13:23:11,39.0000,1,2
2026-04-14,600036,13:23:17,39.0000,24,2
2026-04-14,600036,13:23:20,39.0100,12,1
2026-04-14,600036,13:23:23,39.0100,1,1
2026-04-14,600036,13:23:26,39.0000,13,2
2026-04-14,600036,13:23:29,39.0000,28,2
2026-04-14,600036,13:23:32,39.0000,8,2
2026-04-14,600036,13:23:35,39.0000,34,2
2026-04-14,600036,13:23:38,39.0000,16,2
2026-04-14,600036,13:23:41,39.0100,1,1
2026-04-14,600036,13:23:47,39.0000,82,2
2026-04-14,600036,13:23:53,39.0100,3,1
2026-04-14,600036,13:23:56,39.0100,15,1
2026-04-14,600036,13:23:59,39.0000,29,2
2026-04-14,600036,13:24:02,39.0000,12,2
2026-04-14,600036,13:24:05,39.0100,20,1
2026-04-14,600036,13:24:08,39.0100,3,1
2026-04-14,600036,13:24:11,39.0100,4,1
2026-04-14,600036,13:24:14,39.0200,579,1
2026-04-14,600036,13:24:17,39.0100,50,1
2026-04-14,600036,13:24:20,39.0200,85,1
2026-04-14,600036,13:24:23,39.0000,2,2
2026-04-14,600036,13:24:26,39.0100,1009,4
2026-04-14,600036,13:24:29,39.0100,57,4
2026-04-14,600036,13:24:32,39.0100,15,1
2026-04-14,600036,13:24:35,39.0100,2,1
2026-04-14,600036,13:24:38,39.0000,4,2
2026-04-14,600036,13:24:41,39.0000,58,2
2026-04-14,600036,13:24:44,39.0000,5,2
2026-04-14,600036,13:24:47,39.0000,56,2
2026-04-14,600036,13:24:50,39.0000,28,2
2026-04-14,600036,13:24:53,38.9900,22,2
2026-04-14,600036,13:24:56,38.9900,23,2
2026-04-14,600036,13:25:02,39.0000,12,1
2026-04-14,600036,13:25:05,38.9900,51,2
2026-04-14,600036,13:25:08,38.9900,23,2
2026-04-14,600036,13:25:11,38.9900,11,2
2026-04-14,600036,13:25:14,38.9900,188,2
2026-04-14,600036,13:25:17,38.9900,18,2
2026-04-14,600036,13:25:20,38.9900,86,2
2026-04-14,600036,13:25:23,38.9900,87,2
2026-04-14,600036,13:25:26,39.0000,97,1
2026-04-14,600036,13:25:29,38.9900,23,2
2026-04-14,600036,13:25:32,39.0000,17,1
2026-04-14,600036,13:25:35,39.0000,23,1
2026-04-14,600036,13:25:38,38.9900,2,2
2026-04-14,600036,13:25:41,38.9900,79,2
2026-04-14,600036,13:25:44,38.9900,89,2
2026-04-14,600036,13:25:47,38.9900,121,2
2026-04-14,600036,13:25:50,38.9800,35,2
2026-04-14,600036,13:25:53,38.9800,57,2
2026-04-14,600036,13:25:56,38.9800,120,2
2026-04-14,600036,13:25:59,38.9900,171,1
2026-04-14,600036,13:26:02,38.9800,104,2
2026-04-14,600036,13:26:05,39.0000,541,1
2026-04-14,600036,13:26:08,38.9900,167,2
2026-04-14,600036,13:26:11,39.0000,67,1
2026-04-14,600036,13:26:14,39.0000,34,2
2026-04-14,600036,13:26:20,39.0100,28,1
2026-04-14,600036,13:26:23,39.0100,110,1
2026-04-14,600036,13:26:29,39.0000,7,2
2026-04-14,600036,13:26:32,39.0100,21,1
2026-04-14,600036,13:26:35,39.0100,9,1
2026-04-14,600036,13:26:38,39.0100,15,1
2026-04-14,600036,13:26:44,39.0000,9,2
2026-04-14,600036,13:26:47,39.0100,278,1
2026-04-14,600036,13:26:50,39.0100,50,1
2026-04-14,600036,13:26:53,39.0000,108,2
2026-04-14,600036,13:26:56,39.0000,54,2
2026-04-14,600036,13:26:59,38.9900,102,2
2026-04-14,600036,13:27:02,39.0000,76,1
2026-04-14,600036,13:27:05,39.0000,5,1
2026-04-14,600036,13:27:08,39.0000,229,1
2026-04-14,600036,13:27:11,38.9900,24,2
2026-04-14,600036,13:27:14,39.0000,2,1
2026-04-14,600036,13:27:17,39.0000,79,1
2026-04-14,600036,13:27:20,39.0000,36,2
2026-04-14,600036,13:27:23,39.0000,6,2
2026-04-14,600036,13:27:26,39.0100,2,1
2026-04-14,600036,13:27:29,39.0000,3,2
2026-04-14,600036,13:27:32,39.0100,6,1
2026-04-14,600036,13:27:35,39.0100,6,1
2026-04-14,600036,13:27:38,39.0100,7,1
2026-04-14,600036,13:27:41,39.0100,10,1
2026-04-14,600036,13:27:44,39.0100,31,1
2026-04-14,600036,13:27:50,39.0000,34,2
2026-04-14,600036,13:27:53,39.0000,228,2
2026-04-14,600036,13:27:56,39.0000,19,2
2026-04-14,600036,13:27:59,39.0000,21,2
2026-04-14,600036,13:28:02,39.0000,48,2
2026-04-14,600036,13:28:05,39.0100,22,1
2026-04-14,600036,13:28:08,39.0000,6,2
2026-04-14,600036,13:28:11,39.0100,7,1
2026-04-14,600036,13:28:14,39.0000,5,2
2026-04-14,600036,13:28:17,39.0000,17,2
2026-04-14,600036,13:28:20,39.0000,37,2
2026-04-14,600036,13:28:23,39.0100,19,1
2026-04-14,600036,13:28:26,39.0100,34,1
2026-04-14,600036,13:28:29,39.0000,55,2
2026-04-14,600036,13:28:32,39.0000,10,2
2026-04-14,600036,13:28:35,39.0100,23,1
2026-04-14,600036,13:28:38,39.0100,5,1
2026-04-14,600036,13:28:44,39.0000,91,2
2026-04-14,600036,13:28:47,39.0000,33,2
2026-04-14,600036,13:28:50,39.0000,15,2
2026-04-14,600036,13:28:53,39.0000,22,2
2026-04-14,600036,13:28:56,39.0100,133,1
2026-04-14,600036,13:28:59,39.0100,63,1
2026-04-14,600036,13:29:02,39.0100,182,1
2026-04-14,600036,13:29:05,39.0000,10,2
2026-04-14,600036,13:29:08,39.0100,3,1
2026-04-14,600036,13:29:11,39.0100,4,1
2026-04-14,600036,13:29:14,39.0000,46,2
2026-04-14,600036,13:29:17,39.0000,34,2
2026-04-14,600036,13:29:20,39.0000,3,2
2026-04-14,600036,13:29:23,39.0100,10,1
2026-04-14,600036,13:29:26,39.0000,39,2
2026-04-14,600036,13:29:29,39.0000,1,2
2026-04-14,600036,13:29:32,39.0000,46,2
2026-04-14,600036,13:29:35,39.0000,11,2
2026-04-14,600036,13:29:38,39.0000,15,2
2026-04-14,600036,13:29:41,39.0000,11,2
2026-04-14,600036,13:29:44,39.0100,81,1
2026-04-14,600036,13:29:47,39.0000,22,2
2026-04-14,600036,13:29:50,39.0100,12,1
2026-04-14,600036,13:29:53,39.0100,78,1
2026-04-14,600036,13:29:56,39.0100,22,1
2026-04-14,600036,13:29:59,39.0000,74,2
2026-04-14,600036,13:30:02,39.0000,9,2
2026-04-14,600036,13:30:05,39.0000,25,2
2026-04-14,600036,13:30:08,39.0100,35,1
2026-04-14,600036,13:30:11,39.0000,30,2
2026-04-14,600036,13:30:14,39.0100,30,1
2026-04-14,600036,13:30:17,39.0100,14,1
2026-04-14,600036,13:30:20,39.0000,4,2
2026-04-14,600036,13:30:23,39.0000,12,2
2026-04-14,600036,13:30:26,39.0000,29,2
2026-04-14,600036,13:30:29,39.0000,27,2
2026-04-14,600036,13:30:32,39.0000,22,2
2026-04-14,600036,13:30:35,39.0000,1,2
2026-04-14,600036,13:30:38,39.0100,132,1
2026-04-14,600036,13:30:41,39.0100,9,1
2026-04-14,600036,13:30:44,39.0100,353,1
2026-04-14,600036,13:30:47,39.0100,126,1
2026-04-14,600036,13:30:50,39.0000,37,2
2026-04-14,600036,13:30:53,39.0100,107,1
2026-04-14,600036,13:30:56,39.0100,89,1
2026-04-14,600036,13:30:59,39.0100,67,2
2026-04-14,600036,13:31:02,39.0200,33,1
2026-04-14,600036,13:31:05,39.0100,5,2
2026-04-14,600036,13:31:08,39.0100,92,2
2026-04-14,600036,13:31:11,39.0100,22,2
2026-04-14,600036,13:31:14,39.0200,66,1
2026-04-14,600036,13:31:17,39.0200,171,1
2026-04-14,600036,13:31:20,39.0200,12,1
2026-04-14,600036,13:31:23,39.0200,25,1
2026-04-14,600036,13:31:26,39.0200,26,1
2026-04-14,600036,13:31:29,39.0100,29,2
2026-04-14,600036,13:31:32,39.0100,26,2
2026-04-14,600036,13:31:35,39.0100,103,2
2026-04-14,600036,13:31:38,39.0000,210,2
2026-04-14,600036,13:31:41,39.0100,59,1
2026-04-14,600036,13:31:44,39.0100,3,1
2026-04-14,600036,13:31:50,39.0100,9,1
2026-04-14,600036,13:31:53,39.0100,44,1
2026-04-14,600036,13:31:56,39.0000,60,2
2026-04-14,600036,13:31:59,39.0100,197,1
2026-04-14,600036,13:32:02,39.0100,12,2
2026-04-14,600036,13:32:05,39.0200,24,1
2026-04-14,600036,13:32:08,39.0200,31,1
2026-04-14,600036,13:32:11,39.0200,63,1
2026-04-14,600036,13:32:14,39.0100,4,2
2026-04-14,600036,13:32:17,39.0200,13,1
2026-04-14,600036,13:32:20,39.0200,11,1
2026-04-14,600036,13:32:23,39.0100,15,2
2026-04-14,600036,13:32:26,39.0100,108,2
2026-04-14,600036,13:32:29,39.0200,15,1
2026-04-14,600036,13:32:32,39.0200,40,1
2026-04-14,600036,13:32:35,39.0100,12,2
2026-04-14,600036,13:32:38,39.0100,58,2
2026-04-14,600036,13:32:41,39.0100,111,2
2026-04-14,600036,13:32:44,39.0000,50,2
2026-04-14,600036,13:32:47,39.0200,60,1
2026-04-14,600036,13:32:50,39.0100,28,1
2026-04-14,600036,13:32:53,39.0000,41,2
2026-04-14,600036,13:32:56,39.0100,24,1
2026-04-14,600036,13:32:59,39.0100,5,1
2026-04-14,600036,13:33:02,39.0100,53,1
2026-04-14,600036,13:33:05,39.0100,56,1
2026-04-14,600036,13:33:08,39.0000,140,2
2026-04-14,600036,13:33:11,39.0100,4,1
2026-04-14,600036,13:33:14,39.0100,99,1
2026-04-14,600036,13:33:17,39.0000,90,2
2026-04-14,600036,13:33:20,39.0100,1,2
2026-04-14,600036,13:33:23,39.0100,802,2
2026-04-14,600036,13:33:26,39.0000,40,2
2026-04-14,600036,13:33:29,39.0100,31,1
2026-04-14,600036,13:33:32,39.0100,245,1
2026-04-14,600036,13:33:35,39.0000,84,2
2026-04-14,600036,13:33:38,39.0000,28,2
2026-04-14,600036,13:33:41,39.0000,37,2
2026-04-14,600036,13:33:44,39.0000,65,2
2026-04-14,600036,13:33:47,39.0000,534,2
2026-04-14,600036,13:33:50,39.0000,31,2
2026-04-14,600036,13:33:53,39.0100,17,1
2026-04-14,600036,13:33:56,39.0000,59,2
2026-04-14,600036,13:34:02,39.0000,11,2
2026-04-14,600036,13:34:05,39.0000,19,2
2026-04-14,600036,13:34:08,39.0000,127,2
2026-04-14,600036,13:34:11,39.0100,92,1
2026-04-14,600036,13:34:14,39.0000,14,2
2026-04-14,600036,13:34:17,39.0000,4,2
2026-04-14,600036,13:34:20,39.0000,51,2
2026-04-14,600036,13:34:23,39.0000,123,1
2026-04-14,600036,13:34:26,39.0000,4,1
2026-04-14,600036,13:34:29,39.0000,32,1
2026-04-14,600036,13:34:32,39.0100,24,1
2026-04-14,600036,13:34:35,39.0000,31,2
2026-04-14,600036,13:34:38,39.0000,49,2
2026-04-14,600036,13:34:41,39.0100,16,1
2026-04-14,600036,13:34:44,39.0100,13,1
2026-04-14,600036,13:34:47,39.0100,56,1
2026-04-14,600036,13:34:50,39.0100,31,1
2026-04-14,600036,13:34:53,39.0000,12,2
2026-04-14,600036,13:34:56,39.0100,13,1
2026-04-14,600036,13:34:59,39.0000,1,2
2026-04-14,600036,13:35:02,39.0100,24,1
2026-04-14,600036,13:35:05,39.0000,168,2
2026-04-14,600036,13:35:08,39.0100,52,1
2026-04-14,600036,13:35:11,39.0100,1,2
2026-04-14,600036,13:35:17,39.0100,5,2
2026-04-14,600036,13:35:20,39.0100,118,2
2026-04-14,600036,13:35:23,39.0200,6,1
2026-04-14,600036,13:35:26,39.0100,26,2
2026-04-14,600036,13:35:29,39.0100,79,2
2026-04-14,600036,13:35:32,39.0000,21,2
2026-04-14,600036,13:35:35,39.0200,10,1
2026-04-14,600036,13:35:38,39.0100,14,2
2026-04-14,600036,13:35:41,39.0100,8,2
2026-04-14,600036,13:35:44,39.0100,8,1
2026-04-14,600036,13:35:47,39.0100,67,1
2026-04-14,600036,13:35:50,39.0100,71,2
2026-04-14,600036,13:35:53,39.0000,54,2
2026-04-14,600036,13:35:56,39.0100,1,1
2026-04-14,600036,13:35:59,39.0000,295,2
2026-04-14,600036,13:36:02,39.0100,34,1
2026-04-14,600036,13:36:05,39.0100,74,1
2026-04-14,600036,13:36:08,39.0100,112,1
2026-04-14,600036,13:36:11,39.0200,77,1
2026-04-14,600036,13:36:14,39.0100,12,2
2026-04-14,600036,13:36:17,39.0100,2,2
2026-04-14,600036,13:36:20,39.0100,73,2
2026-04-14,600036,13:36:32,39.0200,19,1
2026-04-14,600036,13:36:35,39.0100,1,2
2026-04-14,600036,13:36:38,39.0100,10,2
2026-04-14,600036,13:36:41,39.0100,7,2
2026-04-14,600036,13:36:44,39.0200,26,1
2026-04-14,600036,13:36:47,39.0200,10,1
2026-04-14,600036,13:36:50,39.0200,45,1
2026-04-14,600036,13:36:53,39.0200,15,1
2026-04-14,600036,13:36:56,39.0100,11,2
2026-04-14,600036,13:36:59,39.0100,35,2
2026-04-14,600036,13:37:02,39.0100,67,2
2026-04-14,600036,13:37:05,39.0100,131,2
2026-04-14,600036,13:37:08,39.0200,77,1
2026-04-14,600036,13:37:11,39.0100,26,1
2026-04-14,600036,13:37:14,39.0100,19,1
2026-04-14,600036,13:37:17,39.0100,21,1
2026-04-14,600036,13:37:20,39.0000,39,2
2026-04-14,600036,13:37:23,39.0100,20,1
2026-04-14,600036,13:37:26,39.0000,1,2
2026-04-14,600036,13:37:29,39.0100,38,1
2026-04-14,600036,13:37:32,39.0000,25,2
2026-04-14,600036,13:37:35,39.0100,32,1
2026-04-14,600036,13:37:38,39.0100,7,1
2026-04-14,600036,13:37:41,39.0100,9,1
2026-04-14,600036,13:37:44,39.0100,8,1
2026-04-14,600036,13:37:47,39.0100,39,1
2026-04-14,600036,13:37:50,39.0100,128,1
2026-04-14,600036,13:37:53,39.0100,25,1
2026-04-14,600036,13:37:59,39.0000,1,2
2026-04-14,600036,13:38:02,39.0100,8,1
2026-04-14,600036,13:38:05,39.0100,18,1
2026-04-14,600036,13:38:08,39.0100,2,1
2026-04-14,600036,13:38:11,39.0100,9,1
2026-04-14,600036,13:38:17,39.0100,6,1
2026-04-14,600036,13:38:20,39.0100,8,1
2026-04-14,600036,13:38:23,39.0000,27,2
2026-04-14,600036,13:38:26,39.0100,28,1
2026-04-14,600036,13:38:29,39.0100,11,1
2026-04-14,600036,13:38:32,39.0100,25,1
2026-04-14,600036,13:38:35,39.0100,6,1
2026-04-14,600036,13:38:38,39.0100,20,1
2026-04-14,600036,13:38:41,39.0100,18,1
2026-04-14,600036,13:38:44,39.0000,19,2
2026-04-14,600036,13:38:47,39.0000,7,2
2026-04-14,600036,13:38:50,39.0000,14,2
2026-04-14,600036,13:38:53,39.0100,5,1
2026-04-14,600036,13:38:56,39.0100,30,1
2026-04-14,600036,13:39:02,39.0100,10,1
2026-04-14,600036,13:39:05,39.0100,32,1
2026-04-14,600036,13:39:08,39.0100,4,1
2026-04-14,600036,13:39:11,39.0100,16,1
2026-04-14,600036,13:39:14,39.0000,27,2
2026-04-14,600036,13:39:17,39.0100,19,1
2026-04-14,600036,13:39:20,39.0100,2,1
2026-04-14,600036,13:39:23,39.0000,49,2
2026-04-14,600036,13:39:26,39.0100,10,1
2026-04-14,600036,13:39:29,39.0000,737,2
2026-04-14,600036,13:39:32,39.0000,83,2
2026-04-14,600036,13:39:35,39.0100,14,1
2026-04-14,600036,13:39:38,39.0000,6,2
2026-04-14,600036,13:39:41,39.0100,6,1
2026-04-14,600036,13:39:44,39.0100,10,1
2026-04-14,600036,13:39:47,39.0100,4,1
2026-04-14,600036,13:39:50,39.0100,50,1
2026-04-14,600036,13:39:53,39.0100,13,1
2026-04-14,600036,13:39:56,39.0000,1004,2
2026-04-14,600036,13:39:59,39.0000,130,1
2026-04-14,600036,13:40:02,38.9900,80,2
2026-04-14,600036,13:40:05,39.0000,101,1
2026-04-14,600036,13:40:08,39.0000,20,1
2026-04-14,600036,13:40:11,39.0000,15,1
2026-04-14,600036,13:40:14,38.9900,65,2
2026-04-14,600036,13:40:17,39.0000,48,1
2026-04-14,600036,13:40:20,39.0000,56,1
2026-04-14,600036,13:40:23,39.0000,20,1
2026-04-14,600036,13:40:26,39.0000,15,1
2026-04-14,600036,13:40:29,39.0000,87,1
2026-04-14,600036,13:40:32,39.0000,8,1
2026-04-14,600036,13:40:35,39.0000,12,1
2026-04-14,600036,13:40:38,39.0000,6,1
2026-04-14,600036,13:40:41,38.9900,31,2
2026-04-14,600036,13:40:44,38.9900,2,2
2026-04-14,600036,13:40:47,38.9900,503,2
2026-04-14,600036,13:40:50,39.0000,26,1
2026-04-14,600036,13:40:53,38.9900,9,2
2026-04-14,600036,13:40:56,39.0000,9,1
2026-04-14,600036,13:40:59,38.9900,1,2
2026-04-14,600036,13:41:05,38.9900,19,2
2026-04-14,600036,13:41:08,38.9900,22,2
2026-04-14,600036,13:41:14,38.9900,12,2
2026-04-14,600036,13:41:17,38.9900,12,2
2026-04-14,600036,13:41:20,38.9900,5,2
2026-04-14,600036,13:41:23,38.9900,9,2
2026-04-14,600036,13:41:26,38.9900,6,2
2026-04-14,600036,13:41:29,39.0000,20,1
2026-04-14,600036,13:41:32,38.9900,4,2
2026-04-14,600036,13:41:35,39.0000,3,1
2026-04-14,600036,13:41:38,38.9900,26,2
2026-04-14,600036,13:41:41,38.9900,15,2
2026-04-14,600036,13:41:44,38.9900,236,2
2026-04-14,600036,13:41:47,38.9900,29,2
2026-04-14,600036,13:41:50,39.0000,10,1
2026-04-14,600036,13:41:56,38.9900,32,2
2026-04-14,600036,13:41:59,39.0000,5,1
2026-04-14,600036,13:42:02,38.9900,5,2
2026-04-14,600036,13:42:05,39.0000,123,1
2026-04-14,600036,13:42:08,38.9900,10,2
2026-04-14,600036,13:42:11,39.0000,3,1
2026-04-14,600036,13:42:14,39.0000,6,1
2026-04-14,600036,13:42:17,38.9900,31,2
2026-04-14,600036,13:42:20,38.9900,17,2
2026-04-14,600036,13:42:23,38.9900,20,2
2026-04-14,600036,13:42:26,38.9900,12,2
2026-04-14,600036,13:42:29,38.9900,17,2
2026-04-14,600036,13:42:32,39.0000,1,1
2026-04-14,600036,13:42:35,38.9900,164,2
2026-04-14,600036,13:42:38,38.9900,55,2
2026-04-14,600036,13:42:41,38.9900,88,2
2026-04-14,600036,13:42:44,38.9900,386,2
2026-04-14,600036,13:42:47,38.9900,105,2
2026-04-14,600036,13:42:50,39.0000,119,1
2026-04-14,600036,13:42:53,38.9900,73,2
2026-04-14,600036,13:42:56,38.9900,417,2
2026-04-14,600036,13:42:59,38.9900,1,2
2026-04-14,600036,13:43:02,38.9900,56,2
2026-04-14,600036,13:43:05,38.9900,129,2
2026-04-14,600036,13:43:08,38.9900,27,2
2026-04-14,600036,13:43:11,39.0000,1,1
2026-04-14,600036,13:43:14,38.9900,8,2
2026-04-14,600036,13:43:17,38.9900,79,2
2026-04-14,600036,13:43:20,38.9900,8,2
2026-04-14,600036,13:43:23,38.9800,415,2
2026-04-14,600036,13:43:26,38.9900,19,1
2026-04-14,600036,13:43:29,38.9800,5,2
2026-04-14,600036,13:43:32,38.9900,2,1
2026-04-14,600036,13:43:35,38.9900,16,1
2026-04-14,600036,13:43:38,38.9900,83,1
2026-04-14,600036,13:43:41,38.9900,15,1
2026-04-14,600036,13:43:44,38.9900,29,1
2026-04-14,600036,13:43:47,38.9800,4,2
2026-04-14,600036,13:43:50,38.9800,9,2
2026-04-14,600036,13:43:53,38.9800,20,2
2026-04-14,600036,13:43:56,38.9900,28,1
2026-04-14,600036,13:43:59,38.9800,40,2
2026-04-14,600036,13:44:02,38.9900,1,1
2026-04-14,600036,13:44:05,38.9800,47,2
2026-04-14,600036,13:44:08,38.9800,3,2
2026-04-14,600036,13:44:11,38.9900,201,1
2026-04-14,600036,13:44:14,38.9900,52,1
2026-04-14,600036,13:44:17,38.9800,39,2
2026-04-14,600036,13:44:20,38.9800,38,2
2026-04-14,600036,13:44:23,38.9800,15,2
2026-04-14,600036,13:44:26,38.9800,9,2
2026-04-14,600036,13:44:29,38.9800,235,2
2026-04-14,600036,13:44:32,38.9800,10,2
2026-04-14,600036,13:44:38,38.9900,2,1
2026-04-14,600036,13:44:44,38.9900,10,1
2026-04-14,600036,13:44:47,38.9900,18,1
2026-04-14,600036,13:44:50,38.9800,34,2
2026-04-14,600036,13:44:53,38.9800,11,2
2026-04-14,600036,13:44:56,38.9800,6,2
2026-04-14,600036,13:44:59,38.9900,246,1
2026-04-14,600036,13:45:02,38.9900,63,1
2026-04-14,600036,13:45:05,38.9900,127,1
2026-04-14,600036,13:45:08,38.9800,40,2
2026-04-14,600036,13:45:11,38.9900,75,1
2026-04-14,600036,13:45:14,38.9900,37,1
2026-04-14,600036,13:45:17,38.9900,13,1
2026-04-14,600036,13:45:20,38.9900,6,1
2026-04-14,600036,13:45:23,38.9900,1,1
2026-04-14,600036,13:45:26,38.9900,9,1
2026-04-14,600036,13:45:32,38.9900,42,1
2026-04-14,600036,13:45:35,38.9900,49,1
2026-04-14,600036,13:45:38,38.9900,19,1
2026-04-14,600036,13:45:41,38.9900,3,1
2026-04-14,600036,13:45:44,38.9900,7,1
2026-04-14,600036,13:45:47,38.9800,39,2
2026-04-14,600036,13:45:50,38.9900,24,1
2026-04-14,600036,13:45:53,38.9800,6,2
2026-04-14,600036,13:45:59,38.9800,8,2
2026-04-14,600036,13:46:02,38.9900,13,1
2026-04-14,600036,13:46:05,38.9900,20,1
2026-04-14,600036,13:46:08,38.9800,20,2
2026-04-14,600036,13:46:14,38.9800,78,2
2026-04-14,600036,13:46:17,38.9800,12,2
2026-04-14,600036,13:46:20,38.9800,14,2
2026-04-14,600036,13:46:23,38.9900,5,1
2026-04-14,600036,13:46:26,38.9900,1,1
2026-04-14,600036,13:46:29,38.9900,1,1
2026-04-14,600036,13:46:32,38.9800,19,2
2026-04-14,600036,13:46:35,38.9800,49,2
2026-04-14,600036,13:46:38,38.9900,5,1
2026-04-14,600036,13:46:41,38.9900,11,1
2026-04-14,600036,13:46:44,38.9900,2,1
2026-04-14,600036,13:46:47,38.9900,25,1
2026-04-14,600036,13:46:50,38.9800,30,2
2026-04-14,600036,13:46:53,38.9900,10,1
2026-04-14,600036,13:46:56,38.9900,94,1
2026-04-14,600036,13:46:59,38.9800,5,2
2026-04-14,600036,13:47:02,38.9800,5,2
2026-04-14,600036,13:47:05,38.9800,34,2
2026-04-14,600036,13:47:08,38.9900,30,1
2026-04-14,600036,13:47:11,38.9900,2,1
2026-04-14,600036,13:47:14,38.9900,36,1
2026-04-14,600036,13:47:17,38.9800,8,2
2026-04-14,600036,13:47:20,38.9900,36,1
2026-04-14,600036,13:47:23,38.9800,29,2
2026-04-14,600036,13:47:26,38.9900,3,1
2026-04-14,600036,13:47:29,38.9800,175,2
2026-04-14,600036,13:47:32,38.9800,23,2
2026-04-14,600036,13:47:35,38.9800,18,2
2026-04-14,600036,13:47:38,38.9900,6,1
2026-04-14,600036,13:47:41,38.9900,14,1
2026-04-14,600036,13:47:44,38.9800,48,2
2026-04-14,600036,13:47:47,38.9800,5,2
2026-04-14,600036,13:47:50,38.9900,15,1
2026-04-14,600036,13:47:53,38.9900,18,1
2026-04-14,600036,13:47:56,38.9800,26,2
2026-04-14,600036,13:47:59,38.9900,4,1
2026-04-14,600036,13:48:02,38.9800,30,2
2026-04-14,600036,13:48:05,38.9800,47,2
2026-04-14,600036,13:48:08,38.9900,17,1
2026-04-14,600036,13:48:11,38.9900,677,1
2026-04-14,600036,13:48:14,38.9900,88,1
2026-04-14,600036,13:48:17,38.9800,108,2
2026-04-14,600036,13:48:20,38.9900,112,1
2026-04-14,600036,13:48:23,38.9900,65,2
2026-04-14,600036,13:48:26,38.9900,125,2
2026-04-14,600036,13:48:29,38.9900,26,2
2026-04-14,600036,13:48:32,38.9900,5,2
2026-04-14,600036,13:48:35,38.9900,3,2
2026-04-14,600036,13:48:38,38.9900,16,2
2026-04-14,600036,13:48:41,39.0000,102,1
2026-04-14,600036,13:48:44,38.9900,118,2
2026-04-14,600036,13:48:47,39.0000,13,1
2026-04-14,600036,13:48:50,38.9900,227,2
2026-04-14,600036,13:48:53,38.9900,103,1
2026-04-14,600036,13:48:56,38.9900,45,1
2026-04-14,600036,13:48:59,38.9800,14,2
2026-04-14,600036,13:49:02,38.9900,419,1
2026-04-14,600036,13:49:05,38.9900,16,2
2026-04-14,600036,13:49:08,38.9900,3,2
2026-04-14,600036,13:49:11,38.9900,27,2
2026-04-14,600036,13:49:14,38.9900,18,2
2026-04-14,600036,13:49:17,38.9900,22,2
2026-04-14,600036,13:49:20,39.0000,4,1
2026-04-14,600036,13:49:23,39.0000,2,1
2026-04-14,600036,13:49:29,38.9900,40,2
2026-04-14,600036,13:49:32,38.9900,13,2
2026-04-14,600036,13:49:41,38.9900,67,2
2026-04-14,600036,13:49:44,38.9900,36,2
2026-04-14,600036,13:49:47,39.0000,25,1
2026-04-14,600036,13:49:50,38.9900,1,2
2026-04-14,600036,13:49:53,39.0000,16,1
2026-04-14,600036,13:49:56,39.0000,8,1
2026-04-14,600036,13:49:59,38.9900,10,2
2026-04-14,600036,13:50:02,38.9900,66,2
2026-04-14,600036,13:50:05,38.9900,53,2
2026-04-14,600036,13:50:08,38.9900,29,2
2026-04-14,600036,13:50:11,39.0000,28,1
2026-04-14,600036,13:50:14,38.9900,15,2
2026-04-14,600036,13:50:20,38.9900,8,2
2026-04-14,600036,13:50:23,38.9900,1098,2
2026-04-14,600036,13:50:26,38.9900,134,2
2026-04-14,600036,13:50:29,39.0000,106,2
2026-04-14,600036,13:50:32,38.9900,96,2
2026-04-14,600036,13:50:35,39.0000,76,1
2026-04-14,600036,13:50:38,38.9900,3,2
2026-04-14,600036,13:50:41,39.0000,25,1
2026-04-14,600036,13:50:44,39.0000,75,1
2026-04-14,600036,13:50:47,38.9900,136,2
2026-04-14,600036,13:50:50,39.0000,26,1
2026-04-14,600036,13:50:53,38.9900,9,2
2026-04-14,600036,13:50:56,39.0000,108,1
2026-04-14,600036,13:50:59,38.9900,26,2
2026-04-14,600036,13:51:02,39.0000,1,4
2026-04-14,600036,13:51:05,39.0000,34,2
2026-04-14,600036,13:51:08,39.0000,20,2
2026-04-14,600036,13:51:11,39.0000,226,4
2026-04-14,600036,13:51:14,39.0000,64,2
2026-04-14,600036,13:51:17,39.0000,38,2
2026-04-14,600036,13:51:20,39.0000,42,2
2026-04-14,600036,13:51:23,39.0000,7,2
2026-04-14,600036,13:51:26,39.0100,610,1
2026-04-14,600036,13:51:29,39.0100,166,2
2026-04-14,600036,13:51:32,39.0200,2,1
2026-04-14,600036,13:51:35,39.0200,9,1
2026-04-14,600036,13:51:38,39.0200,1584,1
2026-04-14,600036,13:51:41,39.0100,24,4
2026-04-14,600036,13:51:44,39.0100,10,2
2026-04-14,600036,13:51:47,39.0200,4,1
2026-04-14,600036,13:51:50,39.0200,814,1
2026-04-14,600036,13:51:53,39.0200,184,4
2026-04-14,600036,13:51:56,39.0300,2,1
2026-04-14,600036,13:52:02,39.0300,50,1
2026-04-14,600036,13:52:05,39.0300,38,1
2026-04-14,600036,13:52:08,39.0400,923,1
2026-04-14,600036,13:52:11,39.0400,205,1
2026-04-14,600036,13:52:14,39.0300,18,2
2026-04-14,600036,13:52:17,39.0300,17,2
2026-04-14,600036,13:52:20,39.0200,34,2
2026-04-14,600036,13:52:23,39.0300,9,1
2026-04-14,600036,13:52:26,39.0300,22,1
2026-04-14,600036,13:52:29,39.0200,611,2
2026-04-14,600036,13:52:32,39.0300,34,1
2026-04-14,600036,13:52:35,39.0200,24,2
2026-04-14,600036,13:52:38,39.0200,41,2
2026-04-14,600036,13:52:41,39.0200,30,2
2026-04-14,600036,13:52:44,39.0100,26,2
2026-04-14,600036,13:52:47,39.0300,233,1
2026-04-14,600036,13:52:50,39.0200,6,1
2026-04-14,600036,13:52:53,39.0200,17,1
2026-04-14,600036,13:52:56,39.0200,3,1
2026-04-14,600036,13:52:59,39.0100,24,2
2026-04-14,600036,13:53:02,39.0200,26,1
2026-04-14,600036,13:53:05,39.0200,3,1
2026-04-14,600036,13:53:08,39.0200,1,1
2026-04-14,600036,13:53:11,39.0200,211,1
2026-04-14,600036,13:53:14,39.0200,169,2
2026-04-14,600036,13:53:17,39.0100,101,2
2026-04-14,600036,13:53:20,39.0100,37,2
2026-04-14,600036,13:53:23,39.0200,4,1
2026-04-14,600036,13:53:26,39.0100,82,2
2026-04-14,600036,13:53:29,39.0200,5,1
2026-04-14,600036,13:53:32,39.0100,18,2
2026-04-14,600036,13:53:35,39.0200,19,1
2026-04-14,600036,13:53:38,39.0200,9,1
2026-04-14,600036,13:53:41,39.0200,5,1
2026-04-14,600036,13:53:44,39.0200,23,1
2026-04-14,600036,13:53:47,39.0200,69,1
2026-04-14,600036,13:53:50,39.0100,5,2
2026-04-14,600036,13:53:53,39.0200,53,1
2026-04-14,600036,13:53:56,39.0200,45,2
2026-04-14,600036,13:53:59,39.0100,33,2
2026-04-14,600036,13:54:02,39.0300,44,1
2026-04-14,600036,13:54:05,39.0200,18,2
2026-04-14,600036,13:54:08,39.0200,29,2
2026-04-14,600036,13:54:11,39.0200,6,2
2026-04-14,600036,13:54:14,39.0100,13,2
2026-04-14,600036,13:54:17,39.0200,29,2
2026-04-14,600036,13:54:20,39.0200,11,1
2026-04-14,600036,13:54:23,39.0200,28,1
2026-04-14,600036,13:54:26,39.0100,2,2
2026-04-14,600036,13:54:29,39.0200,2,1
2026-04-14,600036,13:54:32,39.0200,201,1
2026-04-14,600036,13:54:35,39.0200,891,4
2026-04-14,600036,13:54:38,39.0200,55,2
2026-04-14,600036,13:54:41,39.0200,8,2
2026-04-14,600036,13:54:44,39.0300,78,1
2026-04-14,600036,13:54:47,39.0400,47,1
2026-04-14,600036,13:54:50,39.0400,29,1
2026-04-14,600036,13:54:53,39.0200,30,2
2026-04-14,600036,13:54:59,39.0200,7,2
2026-04-14,600036,13:55:02,39.0200,33,2
2026-04-14,600036,13:55:05,39.0300,32,1
2026-04-14,600036,13:55:08,39.0300,106,1
2026-04-14,600036,13:55:11,39.0300,35,1
2026-04-14,600036,13:55:14,39.0300,6,2
2026-04-14,600036,13:55:17,39.0400,2,1
2026-04-14,600036,13:55:20,39.0300,19,2
2026-04-14,600036,13:55:23,39.0300,194,2
2026-04-14,600036,13:55:29,39.0300,55,2
2026-04-14,600036,13:55:32,39.0500,1378,1
2026-04-14,600036,13:55:35,39.0500,433,2
2026-04-14,600036,13:55:38,39.0400,235,2
2026-04-14,600036,13:55:41,39.0500,5,1
2026-04-14,600036,13:55:44,39.0400,78,2
2026-04-14,600036,13:55:47,39.0500,36,1
2026-04-14,600036,13:55:50,39.0500,12,1
2026-04-14,600036,13:55:53,39.0400,4,2
2026-04-14,600036,13:55:56,39.0400,1,2
2026-04-14,600036,13:55:59,39.0400,62,2
2026-04-14,600036,13:56:02,39.0500,33,1
2026-04-14,600036,13:56:05,39.0400,17,2
2026-04-14,600036,13:56:08,39.0400,953,2
2026-04-14,600036,13:56:11,39.0400,38,2
2026-04-14,600036,13:56:14,39.0500,67,1
2026-04-14,600036,13:56:17,39.0500,30,1
2026-04-14,600036,13:56:20,39.0400,40,2
2026-04-14,600036,13:56:23,39.0400,34,2
2026-04-14,600036,13:56:26,39.0500,118,1
2026-04-14,600036,13:56:29,39.0400,28,2
2026-04-14,600036,13:56:32,39.0500,2,1
2026-04-14,600036,13:56:35,39.0500,50,1
2026-04-14,600036,13:56:38,39.0500,44,1
2026-04-14,600036,13:56:41,39.0400,17,2
2026-04-14,600036,13:56:44,39.0300,66,2
2026-04-14,600036,13:56:47,39.0400,56,1
2026-04-14,600036,13:56:50,39.0400,28,1
2026-04-14,600036,13:56:53,39.0400,15,1
2026-04-14,600036,13:56:56,39.0400,63,1
2026-04-14,600036,13:56:59,39.0500,1252,1
2026-04-14,600036,13:57:02,39.0500,39,4
2026-04-14,600036,13:57:05,39.0500,73,2
2026-04-14,600036,13:57:08,39.0500,20,2
2026-04-14,600036,13:57:11,39.0500,1,2
2026-04-14,600036,13:57:14,39.0600,263,1
2026-04-14,600036,13:57:17,39.0600,8,1
2026-04-14,600036,13:57:20,39.0500,9,2
2026-04-14,600036,13:57:23,39.0500,68,2
2026-04-14,600036,13:57:26,39.0500,6,2
2026-04-14,600036,13:57:29,39.0500,32,2
2026-04-14,600036,13:57:32,39.0500,871,2
2026-04-14,600036,13:57:35,39.0400,3,4
2026-04-14,600036,13:57:38,39.0400,302,1
2026-04-14,600036,13:57:41,39.0200,101,2
2026-04-14,600036,13:57:44,39.0400,44,1
2026-04-14,600036,13:57:47,39.0300,70,2
2026-04-14,600036,13:57:50,39.0300,18,2
2026-04-14,600036,13:57:53,39.0400,74,1
2026-04-14,600036,13:57:56,39.0400,8,1
2026-04-14,600036,13:57:59,39.0300,14,2
2026-04-14,600036,13:58:02,39.0300,15,2
2026-04-14,600036,13:58:05,39.0400,22,1
2026-04-14,600036,13:58:08,39.0400,18,1
2026-04-14,600036,13:58:11,39.0500,70,1
2026-04-14,600036,13:58:14,39.0400,19,4
2026-04-14,600036,13:58:17,39.0400,13,2
2026-04-14,600036,13:58:20,39.0400,29,1
2026-04-14,600036,13:58:23,39.0400,16,1
2026-04-14,600036,13:58:26,39.0300,14,2
2026-04-14,600036,13:58:29,39.0400,90,1
2026-04-14,600036,13:58:32,39.0400,21,1
2026-04-14,600036,13:58:35,39.0400,49,1
2026-04-14,600036,13:58:38,39.0400,42,1
2026-04-14,600036,13:58:41,39.0500,99,1
2026-04-14,600036,13:58:44,39.0400,27,4
2026-04-14,600036,13:58:47,39.0500,85,1
2026-04-14,600036,13:58:50,39.0400,10,1
2026-04-14,600036,13:58:56,39.0400,11,1
2026-04-14,600036,13:58:59,39.0300,40,2
2026-04-14,600036,13:59:02,39.0400,6,1
2026-04-14,600036,13:59:05,39.0300,1,2
2026-04-14,600036,13:59:08,39.0300,17,2
2026-04-14,600036,13:59:11,39.0300,1,2
2026-04-14,600036,13:59:14,39.0300,9,2
2026-04-14,600036,13:59:17,39.0300,30,2
2026-04-14,600036,13:59:20,39.0300,5,2
2026-04-14,600036,13:59:23,39.0300,19,2
2026-04-14,600036,13:59:26,39.0300,40,2
2026-04-14,600036,13:59:29,39.0400,422,1
2026-04-14,600036,13:59:32,39.0400,23,4
2026-04-14,600036,13:59:35,39.0300,64,2
2026-04-14,600036,13:59:38,39.0600,365,1
2026-04-14,600036,13:59:41,39.0400,15,2
2026-04-14,600036,13:59:44,39.0600,736,1
2026-04-14,600036,13:59:47,39.0600,489,1
2026-04-14,600036,13:59:50,39.0300,119,2
2026-04-14,600036,13:59:53,39.0500,12,1
2026-04-14,600036,13:59:56,39.0400,1,2
2026-04-14,600036,13:59:59,39.0500,44,1
2026-04-14,600036,14:00:02,39.0500,1,2
2026-04-14,600036,14:00:05,39.0600,507,1
2026-04-14,600036,14:00:08,39.0600,59,1
2026-04-14,600036,14:00:11,39.0500,34,2
2026-04-14,600036,14:00:14,39.0600,312,1
2026-04-14,600036,14:00:17,39.0600,152,1
2026-04-14,600036,14:00:20,39.0600,56,2
2026-04-14,600036,14:00:23,39.0600,173,2
2026-04-14,600036,14:00:26,39.0600,17,2
2026-04-14,600036,14:00:29,39.0700,99,1
2026-04-14,600036,14:00:32,39.0700,12,1
2026-04-14,600036,14:00:35,39.0700,24,1
2026-04-14,600036,14:00:38,39.0700,27,1
2026-04-14,600036,14:00:44,39.0700,7,1
2026-04-14,600036,14:00:47,39.0600,1,2
2026-04-14,600036,14:00:50,39.0600,36,2
2026-04-14,600036,14:00:53,39.0600,29,2
2026-04-14,600036,14:00:56,39.0600,17,2
2026-04-14,600036,14:00:59,39.0700,12,1
2026-04-14,600036,14:01:02,39.0600,27,2
2026-04-14,600036,14:01:05,39.0600,13,2
2026-04-14,600036,14:01:08,39.0600,31,2
2026-04-14,600036,14:01:11,39.0600,124,2
2026-04-14,600036,14:01:14,39.0700,19,1
2026-04-14,600036,14:01:17,39.0700,111,1
2026-04-14,600036,14:01:20,39.0700,2431,1
2026-04-14,600036,14:01:23,39.0700,74,2
2026-04-14,600036,14:01:26,39.0700,14,2
2026-04-14,600036,14:01:29,39.0700,101,2
2026-04-14,600036,14:01:32,39.0700,82,2
2026-04-14,600036,14:01:35,39.0700,97,2
2026-04-14,600036,14:01:38,39.0700,46,2
2026-04-14,600036,14:01:41,39.0700,16,2
2026-04-14,600036,14:01:44,39.0700,109,2
2026-04-14,600036,14:01:47,39.0600,442,2
2026-04-14,600036,14:01:50,39.0600,20,2
2026-04-14,600036,14:01:53,39.0600,39,2
2026-04-14,600036,14:01:56,39.0600,62,2
2026-04-14,600036,14:01:59,39.0600,7,2
2026-04-14,600036,14:02:02,39.0600,5,2
2026-04-14,600036,14:02:05,39.0600,6,2
2026-04-14,600036,14:02:08,39.0700,49,1
2026-04-14,600036,14:02:11,39.0600,3,2
2026-04-14,600036,14:02:14,39.0600,13,2
2026-04-14,600036,14:02:17,39.0700,33,1
2026-04-14,600036,14:02:20,39.0500,584,2
2026-04-14,600036,14:02:23,39.0500,10,2
2026-04-14,600036,14:02:26,39.0600,70,1
2026-04-14,600036,14:02:29,39.0500,3,2
2026-04-14,600036,14:02:32,39.0500,11,2
2026-04-14,600036,14:02:35,39.0600,1,1
2026-04-14,600036,14:02:38,39.0500,3,2
2026-04-14,600036,14:02:44,39.0500,4,2
2026-04-14,600036,14:02:47,39.0500,93,2
2026-04-14,600036,14:02:50,39.0500,151,2
2026-04-14,600036,14:02:53,39.0500,42,2
2026-04-14,600036,14:02:56,39.0500,66,2
2026-04-14,600036,14:02:59,39.0500,3,2
2026-04-14,600036,14:03:02,39.0600,18,1
2026-04-14,600036,14:03:05,39.0500,10,2
2026-04-14,600036,14:03:08,39.0500,18,2
2026-04-14,600036,14:03:11,39.0500,68,2
2026-04-14,600036,14:03:14,39.0500,14,2
2026-04-14,600036,14:03:17,39.0500,5,2
2026-04-14,600036,14:03:20,39.0500,607,2
2026-04-14,600036,14:03:23,39.0500,54,2
2026-04-14,600036,14:03:26,39.0500,24,2
2026-04-14,600036,14:03:29,39.0600,14,1
2026-04-14,600036,14:03:32,39.0500,14,2
2026-04-14,600036,14:03:35,39.0500,2,2
2026-04-14,600036,14:03:38,39.0600,261,1
2026-04-14,600036,14:03:41,39.0600,71,1
2026-04-14,600036,14:03:44,39.0500,85,2
2026-04-14,600036,14:03:47,39.0500,4,2
2026-04-14,600036,14:03:50,39.0500,48,2
2026-04-14,600036,14:03:53,39.0500,36,2
2026-04-14,600036,14:03:56,39.0500,108,2
2026-04-14,600036,14:03:59,39.0500,43,2
2026-04-14,600036,14:04:02,39.0600,30,1
2026-04-14,600036,14:04:05,39.0500,324,2
2026-04-14,600036,14:04:08,39.0500,69,2
2026-04-14,600036,14:04:11,39.0500,17,2
2026-04-14,600036,14:04:14,39.0500,1,2
2026-04-14,600036,14:04:17,39.0500,27,2
2026-04-14,600036,14:04:20,39.0600,3,1
2026-04-14,600036,14:04:23,39.0500,5,2
2026-04-14,600036,14:04:26,39.0500,2,2
2026-04-14,600036,14:04:29,39.0600,1,1
2026-04-14,600036,14:04:32,39.0500,30,2
2026-04-14,600036,14:04:35,39.0500,29,2
2026-04-14,600036,14:04:38,39.0600,103,1
2026-04-14,600036,14:04:41,39.0500,22,2
2026-04-14,600036,14:04:44,39.0600,20,1
2026-04-14,600036,14:04:47,39.0600,2,1
2026-04-14,600036,14:04:50,39.0500,3,2
2026-04-14,600036,14:04:53,39.0600,44,1
2026-04-14,600036,14:04:56,39.0600,16,1
2026-04-14,600036,14:04:59,39.0600,8,1
2026-04-14,600036,14:05:02,39.0500,1,2
2026-04-14,600036,14:05:05,39.0600,25,1
2026-04-14,600036,14:05:11,39.0500,46,2
2026-04-14,600036,14:05:14,39.0600,24,1
2026-04-14,600036,14:05:17,39.0500,246,2
2026-04-14,600036,14:05:20,39.0600,33,1
2026-04-14,600036,14:05:23,39.0600,4,1
2026-04-14,600036,14:05:26,39.0600,8,1
2026-04-14,600036,14:05:29,39.0500,24,2
2026-04-14,600036,14:05:32,39.0500,31,2
2026-04-14,600036,14:05:38,39.0600,4,1
2026-04-14,600036,14:05:41,39.0500,8,2
2026-04-14,600036,14:05:44,39.0600,2,1
2026-04-14,600036,10:51:35,38.9800,39,2
2026-04-14,600036,10:51:38,38.9800,45,2
2026-04-14,600036,10:51:41,38.9900,2,1
2026-04-14,600036,10:51:44,38.9900,49,1
2026-04-14,600036,10:51:47,38.9800,114,2
2026-04-14,600036,10:51:50,38.9900,3,1
2026-04-14,600036,10:51:53,38.9900,48,1
2026-04-14,600036,10:51:56,38.9900,210,1
2026-04-14,600036,10:51:59,38.9900,59,1
2026-04-14,600036,10:52:02,38.9800,10,2
2026-04-14,600036,10:52:05,38.9900,8,1
2026-04-14,600036,10:52:08,38.9900,17,1
2026-04-14,600036,10:52:11,38.9800,12,2
2026-04-14,600036,10:52:14,38.9900,26,1
2026-04-14,600036,10:52:17,38.9800,44,2
2026-04-14,600036,10:52:20,38.9900,26,1
2026-04-14,600036,10:52:23,38.9900,29,1
2026-04-14,600036,10:52:26,38.9800,14,2
2026-04-14,600036,10:52:29,38.9800,31,2
2026-04-14,600036,10:52:32,38.9900,40,1
2026-04-14,600036,10:52:35,38.9900,27,1
2026-04-14,600036,10:52:38,38.9900,9,1
2026-04-14,600036,10:52:41,38.9800,19,2
2026-04-14,600036,10:52:44,38.9900,36,1
2026-04-14,600036,10:52:47,38.9900,23,1
2026-04-14,600036,10:52:50,38.9900,40,1
2026-04-14,600036,10:52:53,38.9900,120,1
2026-04-14,600036,10:52:56,39.0000,120,1
2026-04-14,600036,10:52:59,38.9900,106,2
2026-04-14,600036,10:53:02,38.9900,27,1
2026-04-14,600036,10:53:05,38.9900,11,1
2026-04-14,600036,10:53:08,38.9800,6,2
2026-04-14,600036,10:53:11,38.9900,16,1
2026-04-14,600036,10:53:14,38.9900,88,1
2026-04-14,600036,10:53:17,38.9900,28,1
2026-04-14,600036,10:53:20,38.9900,23,1
2026-04-14,600036,10:53:23,38.9900,43,1
2026-04-14,600036,10:53:26,38.9800,64,2
2026-04-14,600036,10:53:29,38.9800,35,2
2026-04-14,600036,10:53:32,38.9900,51,1
2026-04-14,600036,10:53:35,38.9900,272,1
2026-04-14,600036,10:53:38,38.9900,26,1
2026-04-14,600036,10:53:41,38.9900,69,1
2026-04-14,600036,10:53:44,38.9900,48,1
2026-04-14,600036,10:53:47,38.9900,48,1
2026-04-14,600036,10:53:50,38.9900,22,1
2026-04-14,600036,10:53:53,38.9900,13,1
2026-04-14,600036,10:53:56,38.9800,14,2
2026-04-14,600036,10:53:59,38.9800,298,2
2026-04-14,600036,10:54:02,38.9900,50,1
2026-04-14,600036,10:54:05,38.9900,130,1
2026-04-14,600036,10:54:08,38.9800,109,2
2026-04-14,600036,10:54:11,38.9900,114,1
2026-04-14,600036,10:54:14,38.9900,13,1
2026-04-14,600036,10:54:17,38.9900,66,1
2026-04-14,600036,10:54:20,38.9900,63,1
2026-04-14,600036,10:54:23,38.9900,14,1
2026-04-14,600036,10:54:26,38.9900,2,1
2026-04-14,600036,10:54:29,38.9900,13,1
2026-04-14,600036,10:54:32,38.9900,35,1
2026-04-14,600036,10:54:35,38.9900,37,1
2026-04-14,600036,10:54:38,38.9900,72,1
2026-04-14,600036,10:54:41,38.9900,120,2
2026-04-14,600036,10:54:44,38.9800,28,2
2026-04-14,600036,10:54:47,38.9800,5,2
2026-04-14,600036,10:54:50,38.9900,147,1
2026-04-14,600036,10:54:53,38.9900,28,2
2026-04-14,600036,10:54:56,38.9900,6,2
2026-04-14,600036,10:54:59,38.9900,14,2
2026-04-14,600036,10:55:02,38.9900,94,2
2026-04-14,600036,10:55:05,38.9900,3,1
2026-04-14,600036,10:55:08,38.9800,4,2
2026-04-14,600036,10:55:11,38.9800,21,2
2026-04-14,600036,10:55:14,38.9900,63,1
2026-04-14,600036,10:55:17,38.9800,53,2
2026-04-14,600036,10:55:20,38.9900,6,1
2026-04-14,600036,10:55:23,38.9800,26,2
2026-04-14,600036,10:55:26,38.9900,3,1
2026-04-14,600036,10:55:29,38.9800,44,2
2026-04-14,600036,10:55:32,38.9900,18,1
2026-04-14,600036,10:55:35,38.9900,22,1
2026-04-14,600036,10:55:38,38.9900,51,1
2026-04-14,600036,10:55:41,38.9800,1,2
2026-04-14,600036,10:55:47,38.9900,4,1
2026-04-14,600036,10:55:50,38.9900,1,1
2026-04-14,600036,10:55:53,38.9800,14,2
2026-04-14,600036,10:55:56,38.9900,40,1
2026-04-14,600036,10:55:59,38.9900,156,1
2026-04-14,600036,10:56:02,38.9900,73,1
2026-04-14,600036,10:56:05,38.9900,58,1
2026-04-14,600036,10:56:08,38.9900,22,2
2026-04-14,600036,10:56:11,39.0000,1,1
2026-04-14,600036,10:56:17,39.0000,1,1
2026-04-14,600036,10:56:20,39.0000,20,1
2026-04-14,600036,10:56:23,39.0000,3,1
2026-04-14,600036,10:56:26,38.9900,4,2
2026-04-14,600036,10:56:29,39.0000,11,1
2026-04-14,600036,10:56:32,39.0000,42,1
2026-04-14,600036,10:56:35,38.9900,4,2
2026-04-14,600036,10:56:38,39.0000,32,1
2026-04-14,600036,10:56:41,39.0000,9,1
2026-04-14,600036,10:56:47,39.0000,24,1
2026-04-14,600036,10:56:50,39.0000,7,1
2026-04-14,600036,10:56:53,38.9900,7,2
2026-04-14,600036,10:56:56,38.9900,240,2
2026-04-14,600036,10:56:59,38.9900,43,1
2026-04-14,600036,10:57:02,38.9900,39,1
2026-04-14,600036,10:57:05,38.9800,10,2
2026-04-14,600036,10:57:08,38.9900,24,1
2026-04-14,600036,10:57:11,38.9800,50,2
2026-04-14,600036,10:57:14,38.9800,72,2
2026-04-14,600036,10:57:17,38.9900,91,1
2026-04-14,600036,10:57:20,38.9800,24,2
2026-04-14,600036,10:57:23,38.9900,16,1
2026-04-14,600036,10:57:26,38.9900,35,1
2026-04-14,600036,10:57:29,38.9900,35,1
2026-04-14,600036,10:57:32,38.9900,11,1
2026-04-14,600036,10:57:35,38.9900,57,1
2026-04-14,600036,10:57:38,38.9900,39,1
2026-04-14,600036,10:57:41,38.9900,19,1
2026-04-14,600036,10:57:44,38.9900,12,1
2026-04-14,600036,10:57:47,38.9900,34,1
2026-04-14,600036,10:57:50,38.9900,46,1
2026-04-14,600036,10:57:53,38.9900,25,1
2026-04-14,600036,10:57:56,38.9900,31,1
2026-04-14,600036,10:57:59,38.9800,69,2
2026-04-14,600036,10:58:02,38.9800,191,2
2026-04-14,600036,10:58:05,38.9900,140,2
2026-04-14,600036,10:58:08,38.9800,28,2
2026-04-14,600036,10:58:11,38.9900,4,1
2026-04-14,600036,10:58:14,38.9900,8,1
2026-04-14,600036,10:58:17,38.9900,6,1
2026-04-14,600036,10:58:20,38.9900,4,1
2026-04-14,600036,10:58:23,38.9900,27,1
2026-04-14,600036,10:58:26,38.9900,2,1
2026-04-14,600036,10:58:32,38.9900,39,1
2026-04-14,600036,10:58:38,38.9800,26,2
2026-04-14,600036,10:58:41,38.9900,35,1
2026-04-14,600036,10:58:44,38.9800,9,2
2026-04-14,600036,10:58:47,38.9900,23,1
2026-04-14,600036,10:58:50,38.9800,14,2
2026-04-14,600036,10:58:53,38.9900,2,1
2026-04-14,600036,10:58:56,38.9900,24,1
2026-04-14,600036,10:58:59,38.9900,8,1
2026-04-14,600036,10:59:02,38.9800,2847,2
2026-04-14,600036,10:59:05,38.9700,150,2
2026-04-14,600036,10:59:08,38.9800,42,1
2026-04-14,600036,10:59:11,38.9700,82,2
2026-04-14,600036,10:59:14,38.9800,6,1
2026-04-14,600036,10:59:17,38.9700,35,2
2026-04-14,600036,10:59:20,38.9700,19,2
2026-04-14,600036,10:59:23,38.9700,60,2
2026-04-14,600036,10:59:26,38.9700,3,2
2026-04-14,600036,10:59:29,38.9800,19,1
2026-04-14,600036,10:59:32,38.9700,17,2
2026-04-14,600036,10:59:35,38.9700,65,2
2026-04-14,600036,10:59:38,38.9700,53,2
2026-04-14,600036,10:59:41,38.9800,33,1
2026-04-14,600036,10:59:44,38.9700,30,2
2026-04-14,600036,10:59:47,38.9700,4,2
2026-04-14,600036,10:59:50,38.9800,11,1
2026-04-14,600036,10:59:53,38.9700,30,2
2026-04-14,600036,10:59:56,38.9700,11,2
2026-04-14,600036,10:59:59,38.9800,55,1
2026-04-14,600036,11:00:02,38.9700,10,2
2026-04-14,600036,11:00:05,38.9800,2,1
2026-04-14,600036,11:00:08,38.9800,30,1
2026-04-14,600036,11:00:11,38.9800,43,1
2026-04-14,600036,11:00:14,38.9700,43,2
2026-04-14,600036,11:00:17,38.9800,27,1
2026-04-14,600036,11:00:20,38.9800,62,1
2026-04-14,600036,11:00:23,38.9800,16,1
2026-04-14,600036,11:00:26,38.9800,29,1
2026-04-14,600036,11:00:29,38.9700,86,2
2026-04-14,600036,11:00:32,38.9800,2,1
2026-04-14,600036,11:00:35,38.9700,127,2
2026-04-14,600036,11:00:38,38.9800,74,1
2026-04-14,600036,11:00:41,38.9800,25,1
2026-04-14,600036,11:00:44,38.9800,48,1
2026-04-14,600036,11:00:47,38.9700,31,2
2026-04-14,600036,11:00:50,38.9800,13,1
2026-04-14,600036,11:00:53,38.9800,15,1
2026-04-14,600036,11:00:56,38.9800,9,1
2026-04-14,600036,11:00:59,38.9800,30,1
2026-04-14,600036,11:01:02,38.9800,13,1
2026-04-14,600036,11:01:05,38.9700,24,2
2026-04-14,600036,11:01:08,38.9800,24,1
2026-04-14,600036,11:01:11,38.9700,13,2
2026-04-14,600036,11:01:14,38.9700,46,2
2026-04-14,600036,11:01:17,38.9700,62,2
2026-04-14,600036,11:01:20,38.9700,14,2
2026-04-14,600036,11:01:23,38.9800,17,1
2026-04-14,600036,11:01:26,38.9700,6,2
2026-04-14,600036,11:01:29,38.9700,141,2
2026-04-14,600036,11:01:32,38.9700,125,2
2026-04-14,600036,11:01:35,38.9800,41,1
2026-04-14,600036,11:01:38,38.9800,47,1
2026-04-14,600036,11:01:41,38.9800,55,1
2026-04-14,600036,11:01:44,38.9800,7,1
2026-04-14,600036,11:01:47,38.9700,11,2
2026-04-14,600036,11:01:50,38.9800,38,1
2026-04-14,600036,11:01:53,38.9700,14,2
2026-04-14,600036,11:01:56,38.9700,102,2
2026-04-14,600036,11:01:59,38.9700,125,2
2026-04-14,600036,11:02:02,38.9800,180,1
2026-04-14,600036,11:02:05,38.9700,91,2
2026-04-14,600036,11:02:08,38.9800,581,1
2026-04-14,600036,11:02:11,38.9800,2,1
2026-04-14,600036,11:02:14,38.9800,244,1
2026-04-14,600036,11:02:17,38.9800,72,2
2026-04-14,600036,11:02:20,38.9800,2,2
2026-04-14,600036,11:02:23,38.9800,11,2
2026-04-14,600036,11:02:26,38.9900,7,1
2026-04-14,600036,11:02:29,38.9800,69,2
2026-04-14,600036,11:02:32,38.9900,6,1
2026-04-14,600036,11:02:35,38.9800,15,2
2026-04-14,600036,11:02:38,38.9800,52,2
2026-04-14,600036,11:02:41,38.9900,51,1
2026-04-14,600036,11:02:47,38.9900,78,1
2026-04-14,600036,11:02:50,38.9900,8,1
2026-04-14,600036,11:02:53,38.9900,19,1
2026-04-14,600036,11:02:56,38.9800,90,2
2026-04-14,600036,11:02:59,38.9800,98,2
2026-04-14,600036,11:03:02,38.9800,42,2
2026-04-14,600036,11:03:05,38.9800,319,2
2026-04-14,600036,11:03:08,38.9800,61,1
2026-04-14,600036,11:03:11,38.9800,115,1
2026-04-14,600036,11:03:14,38.9700,184,2
2026-04-14,600036,11:03:17,38.9700,31,2
2026-04-14,600036,11:03:20,38.9800,161,1
2026-04-14,600036,11:03:23,38.9700,111,2
2026-04-14,600036,11:03:26,38.9700,85,2
2026-04-14,600036,11:03:29,38.9700,113,2
2026-04-14,600036,11:03:32,38.9700,31,2
2026-04-14,600036,11:03:35,38.9800,21,1
2026-04-14,600036,11:03:38,38.9700,41,2
2026-04-14,600036,11:03:41,38.9700,14,2
2026-04-14,600036,11:03:44,38.9700,22,2
2026-04-14,600036,11:03:47,38.9700,20,2
2026-04-14,600036,11:03:50,38.9800,22,1
2026-04-14,600036,11:03:53,38.9800,8,1
2026-04-14,600036,11:03:56,38.9800,25,1
2026-04-14,600036,11:04:02,38.9800,4,1
2026-04-14,600036,11:04:05,38.9700,2638,2
2026-04-14,600036,11:04:08,38.9600,152,2
2026-04-14,600036,11:04:11,38.9600,83,2
2026-04-14,600036,11:04:14,38.9700,441,1
2026-04-14,600036,11:04:17,38.9600,196,2
2026-04-14,600036,11:04:20,38.9600,19,2
2026-04-14,600036,11:04:23,38.9600,83,2
2026-04-14,600036,11:04:26,38.9600,120,2
2026-04-14,600036,11:04:29,38.9600,32,2
2026-04-14,600036,11:04:32,38.9600,49,2
2026-04-14,600036,11:04:35,38.9700,211,1
2026-04-14,600036,11:04:38,38.9700,21,1
2026-04-14,600036,11:04:41,38.9600,72,2
2026-04-14,600036,11:04:44,38.9600,276,2
2026-04-14,600036,11:04:47,38.9600,1226,2
2026-04-14,600036,11:04:50,38.9600,563,2
2026-04-14,600036,11:04:53,38.9600,391,2
2026-04-14,600036,11:04:56,38.9600,116,2
2026-04-14,600036,11:04:59,38.9600,471,2
2026-04-14,600036,11:05:02,38.9600,282,2
2026-04-14,600036,11:05:05,38.9600,82,2
2026-04-14,600036,11:05:08,38.9600,63,2
2026-04-14,600036,11:05:11,38.9600,630,2
2026-04-14,600036,11:05:14,38.9600,182,1
2026-04-14,600036,11:05:17,38.9600,72,1
2026-04-14,600036,11:05:20,38.9600,72,1
2026-04-14,600036,11:05:23,38.9600,48,1
2026-04-14,600036,11:05:26,38.9500,21,2
2026-04-14,600036,11:05:29,38.9600,128,1
2026-04-14,600036,11:05:32,38.9600,27,1
2026-04-14,600036,11:05:35,38.9600,53,1
2026-04-14,600036,11:05:38,38.9600,248,1
2026-04-14,600036,11:05:41,38.9600,62,1
2026-04-14,600036,11:05:44,38.9500,57,2
2026-04-14,600036,11:05:47,38.9600,13,1
2026-04-14,600036,11:05:50,38.9600,15,1
2026-04-14,600036,11:05:53,38.9600,24,1
2026-04-14,600036,11:05:56,38.9600,28,1
2026-04-14,600036,11:05:59,38.9600,102,1
2026-04-14,600036,11:06:02,38.9600,27,1
2026-04-14,600036,11:06:05,38.9600,22,1
2026-04-14,600036,11:06:08,38.9600,54,1
2026-04-14,600036,11:06:11,38.9500,94,2
2026-04-14,600036,11:06:14,38.9600,32,1
2026-04-14,600036,11:06:17,38.9600,26,1
2026-04-14,600036,11:06:20,38.9600,112,1
2026-04-14,600036,11:06:23,38.9600,50,1
2026-04-14,600036,11:06:26,38.9500,22,2
2026-04-14,600036,11:06:29,38.9600,168,1
2026-04-14,600036,11:06:32,38.9700,5,1
2026-04-14,600036,11:06:35,38.9600,37,2
2026-04-14,600036,11:06:38,38.9700,20,1
2026-04-14,600036,11:06:41,38.9600,7,2
2026-04-14,600036,11:06:44,38.9600,2,2
2026-04-14,600036,11:06:47,38.9700,141,1
2026-04-14,600036,11:06:50,38.9700,55,1
2026-04-14,600036,11:06:53,38.9600,125,2
2026-04-14,600036,11:06:56,38.9700,48,1
2026-04-14,600036,11:06:59,38.9700,55,1
2026-04-14,600036,11:07:02,38.9700,46,1
2026-04-14,600036,11:07:05,38.9700,76,1
2026-04-14,600036,11:07:08,38.9700,43,1
2026-04-14,600036,11:07:11,38.9600,46,2
2026-04-14,600036,11:07:14,38.9700,108,1
2026-04-14,600036,11:07:17,38.9600,50,2
2026-04-14,600036,11:07:20,38.9600,66,2
2026-04-14,600036,11:07:23,38.9700,50,1
2026-04-14,600036,11:07:26,38.9700,5,1
2026-04-14,600036,11:07:29,38.9700,8,1
2026-04-14,600036,11:07:32,38.9700,11,1
2026-04-14,600036,11:07:38,38.9700,55,1
2026-04-14,600036,11:07:41,38.9700,85,1
2026-04-14,600036,11:07:44,38.9600,8,2
2026-04-14,600036,11:07:47,38.9600,11,2
2026-04-14,600036,11:07:50,38.9700,4,1
2026-04-14,600036,11:07:53,38.9700,2,1
2026-04-14,600036,11:07:56,38.9700,30,1
2026-04-14,600036,11:07:59,38.9800,83,1
2026-04-14,600036,11:08:02,38.9700,8,4
2026-04-14,600036,11:08:05,38.9700,16,1
2026-04-14,600036,11:08:08,38.9600,9,2
2026-04-14,600036,11:08:11,38.9600,128,2
2026-04-14,600036,11:08:14,38.9600,13,2
2026-04-14,600036,11:08:17,38.9700,84,1
2026-04-14,600036,11:08:20,38.9600,1,2
2026-04-14,600036,11:08:23,38.9600,4,2
2026-04-14,600036,11:08:26,38.9700,13,1
2026-04-14,600036,11:08:29,38.9700,2,1
2026-04-14,600036,11:08:32,38.9700,8,1
2026-04-14,600036,11:08:35,38.9700,15,1
2026-04-14,600036,11:08:38,38.9700,51,1
2026-04-14,600036,11:08:41,38.9700,8,1
2026-04-14,600036,11:08:47,38.9700,9,1
2026-04-14,600036,11:08:50,38.9700,25,1
2026-04-14,600036,11:08:53,38.9600,20,2
2026-04-14,600036,11:08:56,38.9700,5,1
2026-04-14,600036,11:08:59,38.9700,5,1
2026-04-14,600036,11:09:02,38.9700,43,1
2026-04-14,600036,11:09:05,38.9600,2,2
2026-04-14,600036,11:09:08,38.9700,4,1
2026-04-14,600036,11:09:11,38.9600,134,2
2026-04-14,600036,11:09:14,38.9700,16,1
2026-04-14,600036,11:09:17,38.9700,2,1
2026-04-14,600036,11:09:20,38.9700,21,1
2026-04-14,600036,11:09:23,38.9700,165,1
2026-04-14,600036,11:09:26,38.9600,97,2
2026-04-14,600036,11:09:29,38.9500,602,2
2026-04-14,600036,11:09:32,38.9600,11,1
2026-04-14,600036,11:09:35,38.9500,100,2
2026-04-14,600036,11:09:38,38.9600,22,1
2026-04-14,600036,11:09:41,38.9600,29,1
2026-04-14,600036,11:09:44,38.9600,37,1
2026-04-14,600036,11:09:47,38.9500,19,2
2026-04-14,600036,11:09:50,38.9600,44,1
2026-04-14,600036,11:09:53,38.9600,43,1
2026-04-14,600036,11:09:56,38.9600,21,2
2026-04-14,600036,11:09:59,38.9600,5,2
2026-04-14,600036,11:10:02,38.9600,50,2
2026-04-14,600036,11:10:05,38.9600,74,1
2026-04-14,600036,11:10:08,38.9600,55,2
2026-04-14,600036,11:10:11,38.9500,193,2
2026-04-14,600036,11:10:14,38.9500,8,2
2026-04-14,600036,11:10:17,38.9600,2,1
2026-04-14,600036,11:10:20,38.9500,7,2
2026-04-14,600036,11:10:23,38.9500,72,2
2026-04-14,600036,11:10:26,38.9500,19,2
2026-04-14,600036,11:10:29,38.9600,40,1
2026-04-14,600036,11:10:32,38.9600,15,1
2026-04-14,600036,11:10:35,38.9600,7,1
2026-04-14,600036,11:10:38,38.9600,59,1
2026-04-14,600036,11:10:41,38.9600,53,1
2026-04-14,600036,11:10:44,38.9600,41,1
2026-04-14,600036,11:10:47,38.9600,3,1
2026-04-14,600036,11:10:50,38.9600,9,1
2026-04-14,600036,11:10:53,38.9600,5,1
2026-04-14,600036,11:10:56,38.9600,30,1
2026-04-14,600036,11:10:59,38.9600,56,1
2026-04-14,600036,11:11:02,38.9600,39,1
2026-04-14,600036,11:11:05,38.9600,36,1
2026-04-14,600036,11:11:08,38.9600,300,1
2026-04-14,600036,11:11:11,38.9600,20,1
2026-04-14,600036,11:11:14,38.9600,22,1
2026-04-14,600036,11:11:17,38.9600,3,1
2026-04-14,600036,11:11:20,38.9500,31,2
2026-04-14,600036,11:11:26,38.9500,75,2
2026-04-14,600036,11:11:29,38.9600,79,1
2026-04-14,600036,11:11:32,38.9600,16,1
2026-04-14,600036,11:11:35,38.9600,7,1
2026-04-14,600036,11:11:38,38.9700,106,1
2026-04-14,600036,11:11:41,38.9600,8,4
2026-04-14,600036,11:11:44,38.9600,46,2
2026-04-14,600036,11:11:47,38.9600,20,1
2026-04-14,600036,11:11:50,38.9600,19,1
2026-04-14,600036,11:11:56,38.9600,39,1
2026-04-14,600036,11:11:59,38.9600,77,1
2026-04-14,600036,11:12:02,38.9500,15,2
2026-04-14,600036,11:12:05,38.9700,183,1
2026-04-14,600036,11:12:08,38.9600,24,2
2026-04-14,600036,11:12:11,38.9600,66,2
2026-04-14,600036,11:12:14,38.9700,40,1
2026-04-14,600036,11:12:17,38.9700,4,1
2026-04-14,600036,11:12:20,38.9600,30,2
2026-04-14,600036,11:12:23,38.9700,3,1
2026-04-14,600036,11:12:26,38.9700,17,1
2026-04-14,600036,11:12:29,38.9700,5,1
2026-04-14,600036,11:12:32,38.9700,30,1
2026-04-14,600036,11:12:35,38.9700,101,1
2026-04-14,600036,11:12:38,38.9600,65,2
2026-04-14,600036,11:12:41,38.9600,40,2
2026-04-14,600036,11:12:44,38.9600,51,2
2026-04-14,600036,11:12:47,38.9700,26,1
2026-04-14,600036,11:12:50,38.9600,63,2
2026-04-14,600036,11:12:53,38.9700,3,1
2026-04-14,600036,11:12:56,38.9700,27,1
2026-04-14,600036,11:12:59,38.9600,4,2
2026-04-14,600036,11:13:02,38.9600,80,2
2026-04-14,600036,11:13:05,38.9600,6,2
2026-04-14,600036,11:13:08,38.9600,21,2
2026-04-14,600036,11:13:11,38.9700,11,1
2026-04-14,600036,11:13:14,38.9700,4,1
2026-04-14,600036,11:13:17,38.9700,17,1
2026-04-14,600036,11:13:20,38.9700,25,1
2026-04-14,600036,11:13:23,38.9700,14,1
2026-04-14,600036,11:13:26,38.9600,74,2
2026-04-14,600036,11:13:29,38.9600,545,2
2026-04-14,600036,11:13:32,38.9700,14,1
2026-04-14,600036,11:13:35,38.9600,159,2
2026-04-14,600036,11:13:38,38.9700,34,1
2026-04-14,600036,11:13:41,38.9600,14,2
2026-04-14,600036,11:13:44,38.9700,12,1
2026-04-14,600036,11:13:50,38.9600,152,2
2026-04-14,600036,11:13:53,38.9700,5,1
2026-04-14,600036,11:13:56,38.9600,572,2
2026-04-14,600036,11:13:59,38.9700,530,1
2026-04-14,600036,11:14:02,38.9600,197,2
2026-04-14,600036,11:14:05,38.9600,81,1
2026-04-14,600036,11:14:08,38.9600,53,1
2026-04-14,600036,11:14:11,38.9500,1038,2
2026-04-14,600036,11:14:14,38.9600,25,1
2026-04-14,600036,11:14:17,38.9600,37,1
2026-04-14,600036,11:14:20,38.9600,77,1
2026-04-14,600036,11:14:23,38.9600,16,1
2026-04-14,600036,11:14:26,38.9600,41,1
2026-04-14,600036,11:14:29,38.9600,14,1
2026-04-14,600036,11:14:32,38.9500,56,2
2026-04-14,600036,11:14:35,38.9600,5,1
2026-04-14,600036,11:14:38,38.9600,33,1
2026-04-14,600036,11:14:41,38.9600,29,2
2026-04-14,600036,11:14:44,38.9600,4,2
2026-04-14,600036,11:14:47,38.9600,24,2
2026-04-14,600036,11:14:53,38.9700,4,1
2026-04-14,600036,11:14:56,38.9700,22,1
2026-04-14,600036,11:14:59,38.9700,76,1
2026-04-14,600036,11:15:02,38.9700,25,1
2026-04-14,600036,11:15:05,38.9600,20,2
2026-04-14,600036,11:15:08,38.9600,5,2
2026-04-14,600036,11:15:11,38.9700,6,1
2026-04-14,600036,11:15:14,38.9700,2,1
2026-04-14,600036,11:15:17,38.9700,69,1
2026-04-14,600036,11:15:20,38.9600,1,2
2026-04-14,600036,11:15:23,38.9600,6,2
2026-04-14,600036,11:15:26,38.9600,391,2
2026-04-14,600036,11:15:29,38.9600,88,2
2026-04-14,600036,11:15:32,38.9600,59,1
2026-04-14,600036,11:15:35,38.9600,14,1
2026-04-14,600036,11:15:38,38.9600,9,1
2026-04-14,600036,11:15:41,38.9600,87,1
2026-04-14,600036,11:15:44,38.9700,69,1
2026-04-14,600036,11:15:47,38.9600,54,2
2026-04-14,600036,11:15:50,38.9600,3,1
2026-04-14,600036,11:15:53,38.9600,41,1
2026-04-14,600036,11:15:56,38.9600,20,1
2026-04-14,600036,11:15:59,38.9600,93,1
2026-04-14,600036,11:16:02,38.9600,59,1
2026-04-14,600036,11:16:05,38.9600,15,1
2026-04-14,600036,11:16:08,38.9600,36,1
2026-04-14,600036,11:16:11,38.9500,39,2
2026-04-14,600036,11:16:14,38.9600,41,1
2026-04-14,600036,11:16:17,38.9600,13,1
2026-04-14,600036,11:16:20,38.9700,28,1
2026-04-14,600036,11:16:23,38.9700,22,1
2026-04-14,600036,11:16:29,38.9600,137,2
2026-04-14,600036,11:16:32,38.9600,22,1
2026-04-14,600036,11:16:35,38.9500,29,2
2026-04-14,600036,11:16:38,38.9500,22,2
2026-04-14,600036,11:16:41,38.9500,1,2
2026-04-14,600036,11:16:44,38.9600,46,1
2026-04-14,600036,11:16:47,38.9600,30,1
2026-04-14,600036,11:16:50,38.9600,25,1
2026-04-14,600036,11:16:53,38.9600,85,1
2026-04-14,600036,11:16:56,38.9600,17,1
2026-04-14,600036,11:16:59,38.9700,25,1
2026-04-14,600036,11:17:02,38.9600,14,1
2026-04-14,600036,11:17:05,38.9700,12,1
2026-04-14,600036,11:17:08,38.9600,2,2
2026-04-14,600036,11:17:11,38.9700,2,1
