date,code,time,price,volume,bs
2026-03-13,601012,14:07:08,19.0200,226,2
2026-03-13,601012,14:07:11,19.0200,187,2
2026-03-13,601012,14:07:14,19.0300,158,1
2026-03-13,601012,14:07:17,19.0200,149,2
2026-03-13,601012,14:07:20,19.0200,255,2
2026-03-13,601012,14:07:23,19.0200,158,2
2026-03-13,601012,14:07:26,19.0200,375,2
2026-03-13,601012,14:07:29,19.0300,658,1
2026-03-13,601012,14:07:32,19.0200,548,2
2026-03-13,601012,14:07:35,19.0200,118,2
2026-03-13,601012,14:07:38,19.0200,533,2
2026-03-13,601012,14:07:41,19.0200,2462,2
2026-03-13,601012,14:07:44,19.0300,297,1
2026-03-13,601012,14:07:47,19.0200,466,2
2026-03-13,601012,14:07:50,19.0200,445,2
2026-03-13,601012,14:07:53,19.0200,168,1
2026-03-13,601012,14:07:56,19.0200,419,2
2026-03-13,601012,14:07:59,19.0200,473,1
2026-03-13,601012,14:08:02,19.0200,189,2
2026-03-13,601012,14:08:05,19.0300,387,1
2026-03-13,601012,14:08:08,19.0300,138,1
2026-03-13,601012,14:08:11,19.0300,170,1
2026-03-13,601012,14:08:14,19.0300,713,1
2026-03-13,601012,14:08:17,19.0300,132,1
2026-03-13,601012,14:08:20,19.0300,155,1
2026-03-13,601012,14:08:23,19.0300,143,1
2026-03-13,601012,14:08:26,19.0300,121,1
2026-03-13,601012,14:08:29,19.0300,482,2
2026-03-13,601012,14:08:32,19.0200,511,2
2026-03-13,601012,14:08:35,19.0200,193,2
2026-03-13,601012,14:08:38,19.0200,538,2
2026-03-13,601012,14:08:41,19.0200,295,2
2026-03-13,601012,14:08:44,19.0300,423,1
2026-03-13,601012,14:08:47,19.0300,127,2
2026-03-13,601012,14:08:50,19.0300,404,1
2026-03-13,601012,14:08:53,19.0400,617,1
2026-03-13,601012,14:08:56,19.0300,123,4
2026-03-13,601012,14:08:59,19.0400,117,1
2026-03-13,601012,14:09:02,19.0200,212,2
2026-03-13,601012,14:09:05,19.0300,139,1
2026-03-13,601012,14:09:08,19.0300,94,2
2026-03-13,601012,14:09:11,19.0400,201,1
2026-03-13,601012,14:09:14,19.0400,134,1
2026-03-13,601012,14:09:17,19.0400,218,1
2026-03-13,601012,14:09:20,19.0400,129,1
2026-03-13,601012,14:09:23,19.0300,194,2
2026-03-13,601012,14:09:26,19.0400,58,1
2026-03-13,601012,14:09:29,19.0400,131,1
2026-03-13,601012,14:09:32,19.0400,622,1
2026-03-13,601012,14:09:35,19.0400,94,1
2026-03-13,601012,14:09:38,19.0300,162,2
2026-03-13,601012,14:09:41,19.0400,239,1
2026-03-13,601012,14:09:44,19.0400,166,1
2026-03-13,601012,14:09:47,19.0400,431,2
2026-03-13,601012,14:09:50,19.0400,169,2
2026-03-13,601012,14:09:53,19.0500,59,1
2026-03-13,601012,14:09:56,19.0500,296,1
2026-03-13,601012,14:09:59,19.0400,144,2
2026-03-13,601012,14:10:02,19.0500,152,1
2026-03-13,601012,14:10:05,19.0400,62,2
2026-03-13,601012,14:10:08,19.0400,220,2
2026-03-13,601012,14:10:11,19.0500,123,1
2026-03-13,601012,14:10:14,19.0500,173,1
2026-03-13,601012,14:10:17,19.0500,382,1
2026-03-13,601012,14:10:20,19.0500,239,1
2026-03-13,601012,14:10:23,19.0400,117,2
2026-03-13,601012,14:10:26,19.0500,327,1
2026-03-13,601012,14:10:29,19.0400,136,2
2026-03-13,601012,14:10:32,19.0400,288,2
2026-03-13,601012,14:10:35,19.0300,73,2
2026-03-13,601012,14:10:38,19.0400,315,1
2026-03-13,601012,14:10:41,19.0400,157,2
2026-03-13,601012,14:10:44,19.0400,125,1
2026-03-13,601012,14:10:47,19.0400,121,1
2026-03-13,601012,14:10:50,19.0400,145,1
2026-03-13,601012,14:10:53,19.0400,174,2
2026-03-13,601012,14:10:56,19.0400,99,2
2026-03-13,601012,14:10:59,19.0400,219,2
2026-03-13,601012,14:11:02,19.0500,194,1
2026-03-13,601012,14:11:05,19.0400,106,2
2026-03-13,601012,14:11:08,19.0400,170,2
2026-03-13,601012,14:11:11,19.0400,383,2
2026-03-13,601012,14:11:14,19.0400,138,2
2026-03-13,601012,14:11:17,19.0500,176,1
2026-03-13,601012,14:11:20,19.0400,219,2
2026-03-13,601012,14:11:23,19.0500,365,1
2026-03-13,601012,14:11:26,19.0500,376,1
2026-03-13,601012,14:11:29,19.0500,202,1
2026-03-13,601012,14:11:32,19.0500,323,1
2026-03-13,601012,14:11:35,19.0500,139,1
2026-03-13,601012,14:11:38,19.0500,147,1
2026-03-13,601012,14:11:41,19.0500,130,1
2026-03-13,601012,14:11:44,19.0500,179,2
2026-03-13,601012,14:11:47,19.0600,510,1
2026-03-13,601012,14:11:50,19.0600,328,1
2026-03-13,601012,14:11:53,19.0600,213,1
2026-03-13,601012,14:11:56,19.0600,36,1
2026-03-13,601012,14:11:59,19.0600,315,1
2026-03-13,601012,14:12:02,19.0600,251,1
2026-03-13,601012,14:12:05,19.0600,309,2
2026-03-13,601012,14:12:08,19.0600,306,2
2026-03-13,601012,14:12:11,19.0600,133,2
2026-03-13,601012,14:12:14,19.0600,186,2
2026-03-13,601012,14:12:17,19.0700,102,1
2026-03-13,601012,14:12:20,19.0700,123,1
2026-03-13,601012,14:12:23,19.0700,131,1
2026-03-13,601012,14:12:26,19.0700,216,1
2026-03-13,601012,14:12:29,19.0700,353,1
2026-03-13,601012,14:12:32,19.0700,176,2
2026-03-13,601012,14:12:35,19.0700,98,1
2026-03-13,601012,14:12:38,19.0700,196,1
2026-03-13,601012,14:12:41,19.0600,294,2
2026-03-13,601012,14:12:44,19.0700,173,1
2026-03-13,601012,14:12:47,19.0800,364,1
2026-03-13,601012,14:12:50,19.0800,645,1
2026-03-13,601012,14:12:53,19.0800,347,1
2026-03-13,601012,14:12:56,19.0800,225,1
2026-03-13,601012,14:12:59,19.0800,406,1
2026-03-13,601012,14:13:02,19.0900,280,1
2026-03-13,601012,14:13:05,19.1000,4492,1
2026-03-13,601012,14:13:08,19.0900,597,2
2026-03-13,601012,14:13:11,19.0800,473,2
2026-03-13,601012,14:13:14,19.0800,1484,2
2026-03-13,601012,14:13:17,19.0900,245,1
2026-03-13,601012,14:13:20,19.0800,355,2
2026-03-13,601012,14:13:23,19.0800,333,1
2026-03-13,601012,14:13:26,19.0900,262,1
2026-03-13,601012,14:13:29,19.0800,123,2
2026-03-13,601012,14:13:32,19.0800,329,2
2026-03-13,601012,14:13:35,19.0800,405,2
2026-03-13,601012,14:13:38,19.0800,807,1
2026-03-13,601012,14:13:41,19.0800,461,4
2026-03-13,601012,14:13:44,19.0800,214,1
2026-03-13,601012,14:13:47,19.0700,1526,2
2026-03-13,601012,14:13:50,19.0800,452,1
2026-03-13,601012,14:13:53,19.0700,1141,2
2026-03-13,601012,14:13:56,19.0700,188,1
2026-03-13,601012,14:13:59,19.0800,205,1
2026-03-13,601012,14:14:02,19.0700,214,2
2026-03-13,601012,14:14:05,19.0700,560,1
2026-03-13,601012,14:14:08,19.0700,300,1
2026-03-13,601012,14:14:11,19.0600,401,2
2026-03-13,601012,14:14:14,19.0700,147,1
2026-03-13,601012,14:14:17,19.0700,181,1
2026-03-13,601012,14:14:20,19.0700,198,1
2026-03-13,601012,14:14:23,19.0700,55,1
2026-03-13,601012,14:14:26,19.0600,281,2
2026-03-13,601012,14:14:29,19.0700,101,1
2026-03-13,601012,14:14:32,19.0700,111,1
2026-03-13,601012,14:14:35,19.0700,246,1
2026-03-13,601012,14:14:38,19.0700,95,1
2026-03-13,601012,14:14:41,19.0600,394,2
2026-03-13,601012,14:14:44,19.0700,111,1
2026-03-13,601012,14:14:47,19.0700,317,1
2026-03-13,601012,14:14:50,19.0600,140,2
2026-03-13,601012,14:14:53,19.0700,239,1
2026-03-13,601012,14:14:56,19.0600,47,2
2026-03-13,601012,14:14:59,19.0600,330,2
2026-03-13,601012,14:15:02,19.0700,338,1
2026-03-13,601012,14:15:05,19.0700,254,1
2026-03-13,601012,14:15:08,19.0600,67,2
2026-03-13,601012,14:15:11,19.0700,230,1
2026-03-13,601012,14:15:14,19.0600,127,2
2026-03-13,601012,14:15:17,19.0700,74,1
2026-03-13,601012,14:15:20,19.0600,164,2
2026-03-13,601012,14:15:23,19.0600,218,1
2026-03-13,601012,14:15:26,19.0700,211,1
2026-03-13,601012,14:15:29,19.0700,40,1
2026-03-13,601012,14:15:32,19.0700,113,1
2026-03-13,601012,14:15:35,19.0600,113,2
2026-03-13,601012,14:15:38,19.0700,197,1
2026-03-13,601012,14:15:41,19.0700,190,1
2026-03-13,601012,14:15:44,19.0600,68,2
2026-03-13,601012,14:15:47,19.0700,537,1
2026-03-13,601012,14:15:50,19.0700,233,1
2026-03-13,601012,14:15:53,19.0700,102,1
2026-03-13,601012,14:15:56,19.0700,4141,1
2026-03-13,601012,14:15:59,19.0600,203,2
2026-03-13,601012,14:16:02,19.0700,244,2
2026-03-13,601012,14:16:05,19.0700,103,1
2026-03-13,601012,14:16:08,19.0800,98,1
2026-03-13,601012,14:16:11,19.0800,262,2
2026-03-13,601012,14:16:14,19.0800,148,2
2026-03-13,601012,14:16:17,19.0900,114,1
2026-03-13,601012,14:16:20,19.0900,372,1
2026-03-13,601012,14:16:23,19.0800,37,1
2026-03-13,601012,14:16:26,19.0800,169,1
2026-03-13,601012,14:16:29,19.0800,448,1
2026-03-13,601012,14:16:32,19.0800,115,2
2026-03-13,601012,14:16:35,19.0800,114,2
2026-03-13,601012,14:16:38,19.0900,119,1
2026-03-13,601012,14:16:41,19.0800,190,2
2026-03-13,601012,14:16:44,19.0800,86,1
2026-03-13,601012,14:16:47,19.0800,452,2
2026-03-13,601012,14:16:50,19.0800,135,1
2026-03-13,601012,14:16:53,19.0800,319,1
2026-03-13,601012,14:16:56,19.0700,465,2
2026-03-13,601012,14:16:59,19.0800,231,1
2026-03-13,601012,14:17:02,19.0700,196,2
2026-03-13,601012,14:17:05,19.0600,1242,2
2026-03-13,601012,14:17:08,19.0700,240,1
2026-03-13,601012,14:17:11,19.0700,157,1
2026-03-13,601012,14:17:14,19.0700,302,1
2026-03-13,601012,14:17:17,19.0600,246,2
2026-03-13,601012,14:17:20,19.0700,157,1
2026-03-13,601012,14:17:23,19.0700,421,1
2026-03-13,601012,14:17:26,19.0600,116,2
2026-03-13,601012,14:17:29,19.0700,439,1
2026-03-13,601012,14:17:32,19.0600,144,2
2026-03-13,601012,14:17:35,19.0700,84,1
2026-03-13,601012,14:17:38,19.0700,205,1
2026-03-13,601012,14:17:41,19.0600,61,2
2026-03-13,601012,14:17:44,19.0700,96,1
2026-03-13,601012,14:17:47,19.0700,64,1
2026-03-13,601012,14:17:50,19.0700,140,1
2026-03-13,601012,14:17:53,19.0700,104,1
2026-03-13,601012,14:17:56,19.0600,356,2
2026-03-13,601012,14:17:59,19.0700,477,1
2026-03-13,601012,14:18:02,19.0600,203,2
2026-03-13,601012,14:18:05,19.0600,175,2
2026-03-13,601012,14:18:08,19.0600,173,2
2026-03-13,601012,14:18:11,19.0600,137,2
2026-03-13,601012,14:18:14,19.0600,123,1
2026-03-13,601012,14:18:17,19.0600,271,1
2026-03-13,601012,14:18:20,19.0600,133,1
2026-03-13,601012,14:18:23,19.0600,233,1
2026-03-13,601012,14:18:26,19.0600,157,1
2026-03-13,601012,14:18:29,19.0500,273,2
2026-03-13,601012,14:18:32,19.0600,1058,1
2026-03-13,601012,14:18:35,19.0500,167,2
2026-03-13,601012,14:18:38,19.0600,313,1
2026-03-13,601012,14:18:41,19.0600,305,1
2026-03-13,601012,14:18:44,19.0500,126,2
2026-03-13,601012,14:18:47,19.0500,159,2
2026-03-13,601012,14:18:50,19.0500,216,2
2026-03-13,601012,14:18:53,19.0500,279,2
2026-03-13,601012,14:18:56,19.0500,137,2
2026-03-13,601012,14:18:59,19.0600,74,1
2026-03-13,601012,14:19:02,19.0500,505,2
2026-03-13,601012,14:19:05,19.0500,792,2
2026-03-13,601012,14:19:08,19.0500,508,2
2026-03-13,601012,14:19:11,19.0400,144,2
2026-03-13,601012,14:19:14,19.0400,114,2
2026-03-13,601012,14:19:17,19.0500,107,1
2026-03-13,601012,14:19:20,19.0500,39,1
2026-03-13,601012,14:19:23,19.0500,120,1
2026-03-13,601012,14:19:26,19.0500,117,1
2026-03-13,601012,14:19:29,19.0500,1265,1
2026-03-13,601012,14:19:32,19.0400,681,2
2026-03-13,601012,14:19:35,19.0400,446,1
2026-03-13,601012,14:19:38,19.0400,1328,1
2026-03-13,601012,14:19:41,19.0300,210,2
2026-03-13,601012,14:19:44,19.0300,2085,2
2026-03-13,601012,14:19:47,19.0300,185,2
2026-03-13,601012,14:19:50,19.0300,499,2
2026-03-13,601012,14:19:53,19.0300,190,2
2026-03-13,601012,14:19:56,19.0300,664,2
2026-03-13,601012,14:19:59,19.0300,135,1
2026-03-13,601012,14:20:02,19.0300,157,2
2026-03-13,601012,14:20:05,19.0500,254,1
2026-03-13,601012,14:20:08,19.0400,199,2
2026-03-13,601012,14:20:11,19.0400,94,2
2026-03-13,601012,14:20:14,19.0400,160,1
2026-03-13,601012,14:20:17,19.0400,74,1
2026-03-13,601012,14:20:20,19.0400,175,1
2026-03-13,601012,14:20:23,19.0400,103,1
2026-03-13,601012,14:20:26,19.0400,333,1
2026-03-13,601012,14:20:29,19.0400,231,1
2026-03-13,601012,14:20:32,19.0300,107,2
2026-03-13,601012,14:20:35,19.0300,257,2
2026-03-13,601012,14:20:38,19.0300,181,2
2026-03-13,601012,14:20:41,19.0300,108,2
2026-03-13,601012,14:20:44,19.0300,867,2
2026-03-13,601012,14:20:47,19.0300,175,1
2026-03-13,601012,14:20:50,19.0300,144,2
2026-03-13,601012,14:20:53,19.0300,228,2
2026-03-13,601012,14:20:56,19.0300,151,2
2026-03-13,601012,14:20:59,19.0300,177,2
2026-03-13,601012,14:21:02,19.0300,231,2
2026-03-13,601012,14:21:05,19.0200,1203,2
2026-03-13,601012,14:21:08,19.0300,124,4
2026-03-13,601012,14:21:11,19.0300,126,2
2026-03-13,601012,14:21:14,19.0300,78,1
2026-03-13,601012,14:21:17,19.0200,59,2
2026-03-13,601012,14:21:20,19.0200,198,2
2026-03-13,601012,14:21:23,19.0200,354,2
2026-03-13,601012,14:21:26,19.0200,492,2
2026-03-13,601012,14:21:29,19.0300,235,1
2026-03-13,601012,14:21:32,19.0200,85,2
2026-03-13,601012,14:21:35,19.0200,2026,2
2026-03-13,601012,14:21:38,19.0200,477,2
2026-03-13,601012,14:21:41,19.0300,264,1
2026-03-13,601012,14:21:44,19.0200,130,2
2026-03-13,601012,14:21:47,19.0200,977,2
2026-03-13,601012,14:21:50,19.0200,246,2
2026-03-13,601012,14:21:53,19.0200,199,1
2026-03-13,601012,14:21:56,19.0200,298,1
2026-03-13,601012,14:21:59,19.0100,1072,2
2026-03-13,601012,14:22:02,19.0200,1866,1
2026-03-13,601012,14:22:05,19.0200,720,1
2026-03-13,601012,14:22:08,19.0100,556,2
2026-03-13,601012,14:22:11,19.0100,251,2
2026-03-13,601012,14:22:14,19.0200,615,1
2026-03-13,601012,14:22:17,19.0200,553,1
2026-03-13,601012,14:22:20,19.0200,182,1
2026-03-13,601012,14:22:23,19.0100,388,2
2026-03-13,601012,14:22:26,19.0200,282,1
2026-03-13,601012,14:22:29,19.0100,108,2
2026-03-13,601012,14:22:32,19.0200,234,1
2026-03-13,601012,14:22:35,19.0200,279,1
2026-03-13,601012,14:22:38,19.0100,793,2
2026-03-13,601012,14:22:41,19.0100,706,2
2026-03-13,601012,14:22:44,19.0100,1578,2
2026-03-13,601012,14:22:47,19.0100,289,2
2026-03-13,601012,14:22:50,19.0100,198,2
2026-03-13,601012,14:22:53,19.0100,280,2
2026-03-13,601012,14:22:56,19.0100,290,2
2026-03-13,601012,14:22:59,19.0100,335,2
2026-03-13,601012,14:23:02,19.0100,4261,2
2026-03-13,601012,14:23:05,19.0100,210,1
2026-03-13,601012,14:23:08,19.0100,197,1
2026-03-13,601012,14:23:11,19.0100,438,1
2026-03-13,601012,14:23:14,19.0000,252,2
2026-03-13,601012,14:23:17,19.0000,2686,2
2026-03-13,601012,14:23:20,19.0000,413,2
2026-03-13,601012,14:23:23,19.0100,710,1
2026-03-13,601012,14:23:26,19.0100,790,1
2026-03-13,601012,14:23:29,19.0000,2512,2
2026-03-13,601012,14:23:32,19.0000,337,2
2026-03-13,601012,14:23:35,19.0000,325,2
2026-03-13,601012,14:23:38,19.0100,2225,1
2026-03-13,601012,14:23:41,19.0000,701,2
2026-03-13,601012,14:23:44,19.0100,1200,4
2026-03-13,601012,14:23:47,19.0100,225,2
2026-03-13,601012,14:23:50,19.0100,428,2
2026-03-13,601012,14:23:53,19.0100,422,1
2026-03-13,601012,14:23:56,19.0100,376,2
2026-03-13,601012,14:23:59,19.0100,222,2
2026-03-13,601012,14:24:02,19.0100,265,2
2026-03-13,601012,14:24:05,19.0100,414,2
2026-03-13,601012,14:24:08,19.0100,488,1
2026-03-13,601012,14:24:11,19.0100,189,2
2026-03-13,601012,14:24:14,19.0100,683,2
2026-03-13,601012,14:24:17,19.0100,265,2
2026-03-13,601012,14:24:20,19.0100,939,2
2026-03-13,601012,14:24:23,19.0100,814,2
2026-03-13,601012,14:24:26,19.0100,502,1
2026-03-13,601012,14:24:29,19.0100,81,1
2026-03-13,601012,14:24:32,19.0100,542,1
2026-03-13,601012,14:24:35,19.0100,98,2
2026-03-13,601012,14:24:38,19.0100,212,2
2026-03-13,601012,14:24:41,19.0100,278,2
2026-03-13,601012,14:24:44,19.0200,224,1
2026-03-13,601012,14:24:47,19.0100,287,2
2026-03-13,601012,14:24:50,19.0100,258,1
2026-03-13,601012,14:24:53,19.0100,158,1
2026-03-13,601012,14:24:56,19.0100,324,1
2026-03-13,601012,14:24:59,19.0000,223,2
2026-03-13,601012,14:25:02,19.0100,154,1
2026-03-13,601012,14:25:05,19.0200,486,1
2026-03-13,601012,14:25:08,19.0100,211,2
2026-03-13,601012,14:25:11,19.0000,555,2
2026-03-13,601012,14:25:14,19.0000,221,2
2026-03-13,601012,14:25:17,19.0100,162,1
2026-03-13,601012,14:25:20,19.0100,322,1
2026-03-13,601012,14:25:23,19.0100,191,1
2026-03-13,601012,14:25:26,19.0100,174,1
2026-03-13,601012,14:25:29,19.0000,249,2
2026-03-13,601012,14:25:32,19.0100,658,1
2026-03-13,601012,14:25:35,19.0000,634,2
2026-03-13,601012,14:25:38,19.0000,373,2
2026-03-13,601012,14:25:41,19.0100,267,4
2026-03-13,601012,14:25:44,19.0000,233,2
2026-03-13,601012,14:25:47,19.0000,222,2
2026-03-13,601012,14:25:50,19.0000,288,2
2026-03-13,601012,14:25:53,19.0000,244,2
2026-03-13,601012,14:25:56,19.0100,265,1
2026-03-13,601012,14:25:59,19.0100,201,1
2026-03-13,601012,14:26:02,19.0100,304,1
2026-03-13,601012,14:26:05,19.0000,358,2
2026-03-13,601012,14:26:08,19.0100,969,1
2026-03-13,601012,14:26:11,19.0200,141,1
2026-03-13,601012,14:26:14,19.0100,196,2
2026-03-13,601012,14:26:17,19.0200,158,1
2026-03-13,601012,14:26:20,19.0100,434,2
2026-03-13,601012,14:26:23,19.0100,290,1
2026-03-13,601012,14:26:26,19.0000,496,2
2026-03-13,601012,14:26:29,19.0200,150,1
2026-03-13,601012,14:26:32,19.0100,397,2
2026-03-13,601012,14:26:35,19.0100,248,2
2026-03-13,601012,14:26:38,19.0100,439,1
2026-03-13,601012,14:26:41,19.0100,207,1
2026-03-13,601012,14:26:44,19.0100,184,1
2026-03-13,601012,14:26:47,19.0100,315,1
2026-03-13,601012,14:26:50,19.0200,216,1
2026-03-13,601012,14:26:53,19.0000,650,2
2026-03-13,601012,14:26:56,19.0100,487,1
2026-03-13,601012,14:26:59,19.0100,217,2
2026-03-13,601012,14:27:02,19.0100,95,2
2026-03-13,601012,14:27:05,19.0100,138,2
2026-03-13,601012,14:27:08,19.0100,165,2
2026-03-13,601012,14:27:11,19.0100,143,2
2026-03-13,601012,14:27:14,19.0100,80,2
2026-03-13,601012,14:27:17,19.0100,461,2
2026-03-13,601012,14:27:20,19.0100,264,2
2026-03-13,601012,14:27:23,19.0200,262,1
2026-03-13,601012,14:27:26,19.0200,265,1
2026-03-13,601012,14:27:29,19.0200,135,1
2026-03-13,601012,14:27:32,19.0100,215,2
2026-03-13,601012,14:27:35,19.0100,87,2
2026-03-13,601012,14:27:38,19.0100,87,2
2026-03-13,601012,14:27:41,19.0100,206,2
2026-03-13,601012,14:27:44,19.0100,179,2
2026-03-13,601012,14:27:47,19.0200,227,1
2026-03-13,601012,14:27:50,19.0100,187,2
2026-03-13,601012,14:27:53,19.0200,276,1
2026-03-13,601012,14:27:56,19.0100,235,2
2026-03-13,601012,14:27:59,19.0100,380,2
2026-03-13,601012,14:28:02,19.0200,332,1
2026-03-13,601012,14:28:05,19.0100,387,2
2026-03-13,601012,14:28:08,19.0100,123,2
2026-03-13,601012,14:28:11,19.0100,632,2
2026-03-13,601012,14:28:14,19.0100,95,2
2026-03-13,601012,14:28:17,19.0100,150,2
2026-03-13,601012,14:28:20,19.0100,920,2
2026-03-13,601012,14:28:23,19.0200,900,1
2026-03-13,601012,14:28:26,19.0200,262,1
2026-03-13,601012,14:28:29,19.0200,479,1
2026-03-13,601012,14:28:32,19.0100,199,2
2026-03-13,601012,14:28:35,19.0100,308,2
2026-03-13,601012,14:28:38,19.0100,375,2
2026-03-13,601012,14:28:41,19.0100,1980,2
2026-03-13,601012,14:28:44,19.0100,133,1
2026-03-13,601012,14:28:47,19.0100,373,1
2026-03-13,601012,14:28:50,19.0100,240,1
2026-03-13,601012,14:28:53,19.0000,398,2
2026-03-13,601012,14:28:56,19.0000,153,2
2026-03-13,601012,14:28:59,19.0100,498,1
2026-03-13,601012,14:29:02,19.0000,249,2
2026-03-13,601012,14:29:05,19.0000,512,2
2026-03-13,601012,14:29:08,19.0000,323,2
2026-03-13,601012,14:29:11,19.0000,125,2
2026-03-13,601012,14:29:14,19.0000,256,2
2026-03-13,601012,14:29:17,19.0100,273,1
2026-03-13,601012,14:29:20,19.0100,275,1
2026-03-13,601012,14:29:23,19.0000,374,2
2026-03-13,601012,14:29:26,19.0000,118,2
2026-03-13,601012,14:29:29,19.0000,132,2
2026-03-13,601012,14:29:32,19.0100,219,1
2026-03-13,601012,14:29:35,19.0000,159,2
2026-03-13,601012,14:29:38,19.0100,345,1
2026-03-13,601012,14:29:41,19.0000,3630,2
2026-03-13,601012,14:29:44,19.0100,233,1
2026-03-13,601012,14:29:47,19.0000,656,2
2026-03-13,601012,14:29:50,19.0100,378,1
2026-03-13,601012,14:29:53,19.0000,258,2
2026-03-13,601012,14:29:56,19.0100,133,1
2026-03-13,601012,14:29:59,19.0100,441,1
2026-03-13,601012,14:30:02,19.0000,322,2
2026-03-13,601012,14:30:05,19.0000,251,2
2026-03-13,601012,14:30:08,19.0000,401,2
2026-03-13,601012,14:30:11,19.0000,202,2
2026-03-13,601012,14:30:14,19.0000,685,2
2026-03-13,601012,14:30:17,19.0000,311,2
2026-03-13,601012,14:30:20,19.0000,235,2
2026-03-13,601012,14:30:23,19.0000,330,2
2026-03-13,601012,14:30:26,19.0000,196,2
2026-03-13,601012,14:30:29,19.0100,279,1
2026-03-13,601012,14:30:32,19.0000,216,2
2026-03-13,601012,14:30:35,19.0000,564,2
2026-03-13,601012,14:30:38,19.0000,664,2
2026-03-13,601012,14:30:41,19.0000,907,2
2026-03-13,601012,14:30:44,19.0000,267,2
2026-03-13,601012,14:30:47,19.0000,1009,2
2026-03-13,601012,14:30:50,19.0000,29087,2
2026-03-13,601012,14:30:53,18.9900,3455,2
2026-03-13,601012,14:30:56,18.9800,2536,2
2026-03-13,601012,14:30:59,18.9800,1386,2
2026-03-13,601012,14:31:02,18.9800,550,2
2026-03-13,601012,14:31:05,18.9800,702,2
2026-03-13,601012,14:31:08,18.9800,196,1
2026-03-13,601012,14:31:11,18.9800,1180,1
2026-03-13,601012,14:31:14,18.9800,349,1
2026-03-13,601012,14:31:17,18.9800,234,2
2026-03-13,601012,14:31:20,18.9800,421,2
2026-03-13,601012,14:31:23,18.9700,267,2
2026-03-13,601012,14:31:26,18.9800,238,1
2026-03-13,601012,14:31:29,18.9800,3544,1
2026-03-13,601012,14:31:32,18.9700,440,2
2026-03-13,601012,14:31:35,18.9700,1179,2
2026-03-13,601012,14:31:38,18.9700,813,2
2026-03-13,601012,14:31:41,18.9700,640,2
2026-03-13,601012,14:31:44,18.9700,372,2
2026-03-13,601012,14:31:47,18.9700,583,2
2026-03-13,601012,14:31:50,18.9800,1256,1
2026-03-13,601012,14:31:53,18.9700,1292,2
2026-03-13,601012,14:31:56,18.9700,167,4
2026-03-13,601012,14:31:59,18.9700,417,2
2026-03-13,601012,14:32:02,18.9700,255,1
2026-03-13,601012,14:32:05,18.9600,248,2
2026-03-13,601012,14:32:08,18.9600,189,2
2026-03-13,601012,14:32:11,18.9700,563,1
2026-03-13,601012,14:32:14,18.9700,683,1
2026-03-13,601012,14:32:17,18.9600,330,2
2026-03-13,601012,14:32:20,18.9600,1423,2
2026-03-13,601012,14:32:23,18.9500,693,2
2026-03-13,601012,14:32:26,18.9500,443,2
2026-03-13,601012,14:32:29,18.9500,502,2
2026-03-13,601012,14:32:32,18.9500,402,2
2026-03-13,601012,14:32:35,18.9500,2502,2
2026-03-13,601012,14:32:38,18.9500,898,2
2026-03-13,601012,14:32:41,18.9500,2673,1
2026-03-13,601012,14:32:44,18.9500,519,2
2026-03-13,601012,14:32:47,18.9600,365,2
2026-03-13,601012,14:32:50,18.9800,3430,1
2026-03-13,601012,14:32:53,18.9800,832,2
2026-03-13,601012,14:32:56,18.9800,188,1
2026-03-13,601012,14:32:59,18.9800,249,1
2026-03-13,601012,14:33:02,18.9600,215,2
2026-03-13,601012,14:33:05,18.9800,112,1
2026-03-13,601012,14:33:08,18.9800,120,1
2026-03-13,601012,14:33:11,18.9800,393,1
2026-03-13,601012,14:33:14,18.9700,569,2
2026-03-13,601012,14:33:17,18.9700,72,2
2026-03-13,601012,14:33:20,18.9700,256,2
2026-03-13,601012,14:33:23,18.9700,110,1
2026-03-13,601012,14:33:26,18.9600,238,2
2026-03-13,601012,14:33:29,18.9600,258,2
2026-03-13,601012,14:33:32,18.9700,337,1
2026-03-13,601012,14:33:35,18.9600,524,2
2026-03-13,601012,14:33:38,18.9600,474,1
2026-03-13,601012,14:33:41,18.9500,516,2
2026-03-13,601012,14:33:44,18.9500,435,2
2026-03-13,601012,14:33:47,18.9600,282,1
2026-03-13,601012,14:33:50,18.9500,189,2
2026-03-13,601012,14:33:53,18.9500,332,2
2026-03-13,601012,14:33:56,18.9500,1260,2
2026-03-13,601012,14:33:59,18.9600,405,1
2026-03-13,601012,14:34:02,18.9500,265,2
2026-03-13,601012,14:34:05,18.9500,491,2
2026-03-13,601012,14:34:08,18.9500,1784,2
2026-03-13,601012,14:34:11,18.9500,602,2
2026-03-13,601012,14:34:14,18.9500,370,2
2026-03-13,601012,14:34:17,18.9600,274,1
2026-03-13,601012,14:34:20,18.9500,827,2
2026-03-13,601012,14:34:23,18.9500,296,1
2026-03-13,601012,14:34:26,18.9400,259,2
2026-03-13,601012,14:34:29,18.9500,179,1
2026-03-13,601012,14:34:32,18.9400,1997,2
2026-03-13,601012,14:34:35,18.9500,663,1
2026-03-13,601012,14:34:38,18.9500,1428,1
2026-03-13,601012,14:34:41,18.9400,317,2
2026-03-13,601012,14:34:44,18.9500,244,1
2026-03-13,601012,14:34:47,18.9400,507,2
2026-03-13,601012,14:34:50,18.9500,310,1
2026-03-13,601012,14:34:53,18.9400,151,2
2026-03-13,601012,14:34:56,18.9400,167,2
2026-03-13,601012,14:34:59,18.9400,550,2
2026-03-13,601012,14:35:02,18.9500,1189,1
2026-03-13,601012,14:35:05,18.9400,558,2
2026-03-13,601012,14:35:08,18.9500,737,1
2026-03-13,601012,14:35:11,18.9400,304,2
2026-03-13,601012,14:35:14,18.9400,888,4
2026-03-13,601012,14:35:17,18.9400,454,2
2026-03-13,601012,14:35:20,18.9400,394,2
2026-03-13,601012,14:35:23,18.9500,531,1
2026-03-13,601012,14:35:26,18.9500,480,1
2026-03-13,601012,14:35:29,18.9400,255,2
2026-03-13,601012,14:35:32,18.9500,569,1
2026-03-13,601012,14:35:35,18.9500,209,1
2026-03-13,601012,14:35:38,18.9400,740,2
2026-03-13,601012,14:35:41,18.9500,1192,1
2026-03-13,601012,14:35:44,18.9500,1902,1
2026-03-13,601012,14:35:47,18.9500,1216,2
2026-03-13,601012,14:35:50,18.9600,667,1
2026-03-13,601012,14:35:53,18.9600,456,4
2026-03-13,601012,14:35:56,18.9600,180,2
2026-03-13,601012,14:35:59,18.9600,187,2
2026-03-13,601012,14:36:02,18.9600,204,1
2026-03-13,601012,14:36:05,18.9600,848,1
2026-03-13,601012,14:36:08,18.9500,144,2
2026-03-13,601012,14:36:11,18.9500,125,1
2026-03-13,601012,14:36:14,18.9400,867,2
2026-03-13,601012,14:36:17,18.9400,445,2
2026-03-13,601012,14:36:20,18.9500,238,1
2026-03-13,601012,14:36:23,18.9400,834,2
2026-03-13,601012,14:36:26,18.9400,794,2
2026-03-13,601012,14:36:29,18.9500,564,1
2026-03-13,601012,14:36:32,18.9400,444,2
2026-03-13,601012,14:36:35,18.9400,340,1
2026-03-13,601012,14:36:38,18.9400,474,1
2026-03-13,601012,14:36:41,18.9300,508,2
2026-03-13,601012,14:36:44,18.9400,360,1
2026-03-13,601012,14:36:47,18.9300,1969,2
2026-03-13,601012,14:36:50,18.9300,560,2
2026-03-13,601012,14:36:53,18.9300,412,2
2026-03-13,601012,14:36:56,18.9300,879,1
2026-03-13,601012,14:36:59,18.9300,704,1
2026-03-13,601012,14:37:02,18.9300,1029,2
2026-03-13,601012,14:37:05,18.9300,481,2
2026-03-13,601012,14:37:08,18.9400,894,4
2026-03-13,601012,14:37:11,18.9300,365,2
2026-03-13,601012,14:37:14,18.9400,465,1
2026-03-13,601012,14:37:17,18.9400,239,2
2026-03-13,601012,14:37:20,18.9400,188,2
2026-03-13,601012,14:37:23,18.9400,209,1
2026-03-13,601012,14:37:26,18.9400,189,1
2026-03-13,601012,14:37:29,18.9400,1150,1
2026-03-13,601012,14:37:32,18.9400,302,2
2026-03-13,601012,14:37:35,18.9400,380,2
2026-03-13,601012,14:37:38,18.9400,504,2
2026-03-13,601012,14:37:41,18.9400,254,1
2026-03-13,601012,14:37:44,18.9400,692,1
2026-03-13,601012,14:37:47,18.9500,1352,1
2026-03-13,601012,14:37:50,18.9400,313,2
2026-03-13,601012,14:37:53,18.9500,224,1
2026-03-13,601012,14:37:56,18.9500,216,1
2026-03-13,601012,14:37:59,18.9400,309,2
2026-03-13,601012,14:38:02,18.9400,160,2
2026-03-13,601012,14:38:05,18.9400,642,2
2026-03-13,601012,14:38:08,18.9400,398,2
2026-03-13,601012,14:38:11,18.9500,254,1
2026-03-13,601012,14:38:14,18.9500,150,1
2026-03-13,601012,14:38:17,18.9500,166,1
2026-03-13,601012,14:38:20,18.9400,415,2
2026-03-13,601012,14:38:23,18.9500,262,1
2026-03-13,601012,14:38:26,18.9400,485,2
2026-03-13,601012,14:38:29,18.9500,176,1
2026-03-13,601012,14:38:32,18.9400,404,2
2026-03-13,601012,14:38:35,18.9400,307,2
2026-03-13,601012,14:38:38,18.9500,314,1
2026-03-13,601012,14:38:41,18.9500,378,1
2026-03-13,601012,14:38:44,18.9400,337,2
2026-03-13,601012,14:38:47,18.9400,324,2
2026-03-13,601012,14:38:50,18.9500,264,1
2026-03-13,601012,14:38:53,18.9400,297,2
2026-03-13,601012,14:38:56,18.9500,123,1
2026-03-13,601012,14:38:59,18.9500,383,1
2026-03-13,601012,14:39:02,18.9400,194,2
2026-03-13,601012,14:39:05,18.9500,203,1
2026-03-13,601012,14:39:08,18.9400,1106,2
2026-03-13,601012,14:39:11,18.9400,272,1
2026-03-13,601012,14:39:14,18.9300,429,2
2026-03-13,601012,14:39:17,18.9400,333,1
2026-03-13,601012,14:39:20,18.9400,101,1
2026-03-13,601012,14:39:23,18.9300,254,2
2026-03-13,601012,14:39:26,18.9400,268,1
2026-03-13,601012,14:39:29,18.9400,147,1
2026-03-13,601012,14:39:32,18.9400,515,1
2026-03-13,601012,14:39:35,18.9300,456,2
2026-03-13,601012,14:39:38,18.9300,756,2
2026-03-13,601012,14:39:41,18.9300,644,2
2026-03-13,601012,14:39:44,18.9300,691,2
2026-03-13,601012,14:39:47,18.9200,513,2
2026-03-13,601012,14:39:50,18.9200,209,2
2026-03-13,601012,14:39:53,18.9200,277,2
2026-03-13,601012,14:39:56,18.9300,1799,1
2026-03-13,601012,14:39:59,18.9200,530,2
2026-03-13,601012,14:40:02,18.9200,244,2
2026-03-13,601012,14:40:05,18.9200,528,2
2026-03-13,601012,14:40:08,18.9200,451,2
2026-03-13,601012,14:40:11,18.9200,355,2
2026-03-13,601012,14:40:14,18.9100,409,2
2026-03-13,601012,14:40:17,18.9100,277,2
2026-03-13,601012,14:40:20,18.9100,766,2
2026-03-13,601012,14:40:23,18.9100,2352,2
2026-03-13,601012,14:40:26,18.9100,555,2
2026-03-13,601012,14:40:29,18.9100,580,2
2026-03-13,601012,14:40:32,18.9100,963,2
2026-03-13,601012,14:40:35,18.9100,1364,2
2026-03-13,601012,14:40:38,18.9100,407,2
2026-03-13,601012,14:40:41,18.9100,580,2
2026-03-13,601012,14:40:44,18.9100,591,2
2026-03-13,601012,14:40:47,18.9100,610,1
2026-03-13,601012,14:40:50,18.9100,562,1
2026-03-13,601012,14:40:53,18.9100,627,2
2026-03-13,601012,14:40:56,18.9100,491,2
2026-03-13,601012,14:40:59,18.9100,195,1
2026-03-13,601012,14:41:02,18.9100,420,1
2026-03-13,601012,14:41:05,18.9100,814,1
2026-03-13,601012,14:41:08,18.9000,525,2
2026-03-13,601012,14:41:11,18.9000,964,2
2026-03-13,601012,14:41:14,18.9000,395,2
2026-03-13,601012,14:41:17,18.9100,1628,1
2026-03-13,601012,14:41:20,18.9100,556,1
2026-03-13,601012,14:41:23,18.9100,328,1
2026-03-13,601012,14:41:26,18.9000,1316,2
2026-03-13,601012,14:41:29,18.9000,888,2
2026-03-13,601012,14:41:32,18.9000,900,2
2026-03-13,601012,14:41:35,18.9100,1342,1
2026-03-13,601012,14:41:38,18.9100,1302,1
2026-03-13,601012,14:41:41,18.9000,540,2
2026-03-13,601012,14:41:44,18.9100,777,1
2026-03-13,601012,14:41:47,18.9000,322,2
2026-03-13,601012,14:41:50,18.9000,132,1
2026-03-13,601012,14:41:53,18.8900,249,2
2026-03-13,601012,14:41:56,18.9000,599,1
2026-03-13,601012,14:41:59,18.9000,439,1
2026-03-13,601012,14:42:02,18.9000,1368,1
2026-03-13,601012,14:42:05,18.9200,3787,1
2026-03-13,601012,14:42:08,18.9100,807,2
2026-03-13,601012,14:42:11,18.9100,474,2
2026-03-13,601012,14:42:14,18.9000,484,2
2026-03-13,601012,14:42:17,18.9200,171,1
2026-03-13,601012,14:42:20,18.9000,843,2
2026-03-13,601012,14:42:23,18.9100,571,1
2026-03-13,601012,14:42:26,18.9100,844,2
2026-03-13,601012,14:42:29,18.9200,1173,1
2026-03-13,601012,14:42:32,18.9100,409,2
2026-03-13,601012,14:42:35,18.9200,791,4
2026-03-13,601012,14:42:38,18.9100,1392,2
2026-03-13,601012,14:42:41,18.9100,424,2
2026-03-13,601012,14:42:44,18.9200,138,1
2026-03-13,601012,14:42:47,18.9200,554,2
2026-03-13,601012,14:42:50,18.9300,666,1
2026-03-13,601012,14:42:53,18.9200,192,2
2026-03-13,601012,14:42:56,18.9200,233,2
2026-03-13,601012,14:42:59,18.9200,285,2
2026-03-13,601012,14:43:02,18.9300,465,1
2026-03-13,601012,14:43:05,18.9300,298,1
2026-03-13,601012,14:43:08,18.9300,662,1
2026-03-13,601012,14:43:11,18.9300,389,1
2026-03-13,601012,14:43:14,18.9300,432,1
2026-03-13,601012,14:43:17,18.9300,732,1
2026-03-13,601012,14:43:20,18.9300,126,1
2026-03-13,601012,14:43:23,18.9400,796,1
2026-03-13,601012,14:43:26,18.9200,230,2
2026-03-13,601012,14:43:29,18.9400,123,1
2026-03-13,601012,14:43:32,18.9300,247,2
2026-03-13,601012,14:43:35,18.9300,248,2
2026-03-13,601012,14:43:38,18.9300,300,2
2026-03-13,601012,14:43:41,18.9300,113,2
2026-03-13,601012,14:43:44,18.9400,353,1
2026-03-13,601012,14:43:47,18.9300,236,2
2026-03-13,601012,14:43:50,18.9400,249,1
2026-03-13,601012,14:43:53,18.9400,418,1
2026-03-13,601012,14:43:56,18.9400,389,1
2026-03-13,601012,14:43:59,18.9400,723,1
2026-03-13,601012,14:44:02,18.9300,1359,2
2026-03-13,601012,14:44:05,18.9300,389,1
2026-03-13,601012,14:44:08,18.9300,684,1
2026-03-13,601012,14:44:11,18.9300,817,1
2026-03-13,601012,14:44:14,18.9300,1112,1
2026-03-13,601012,14:44:17,18.9200,361,2
2026-03-13,601012,14:44:20,18.9300,2290,1
2026-03-13,601012,14:44:23,18.9300,303,1
2026-03-13,601012,14:44:26,18.9200,181,2
2026-03-13,601012,14:44:29,18.9300,659,1
2026-03-13,601012,14:44:32,18.9200,316,2
2026-03-13,601012,14:44:35,18.9100,161,2
2026-03-13,601012,14:44:38,18.9200,280,1
2026-03-13,601012,14:44:41,18.9200,640,1
2026-03-13,601012,14:44:44,18.9100,797,2
2026-03-13,601012,14:44:47,18.9100,263,2
2026-03-13,601012,14:44:50,18.9100,270,2
2026-03-13,601012,14:44:53,18.9100,394,1
2026-03-13,601012,14:44:56,18.9000,622,2
2026-03-13,601012,14:44:59,18.9100,347,1
2026-03-13,601012,14:45:02,18.9000,288,2
2026-03-13,601012,14:45:05,18.9000,578,2
2026-03-13,601012,14:45:08,18.9000,810,2
2026-03-13,601012,14:45:11,18.9000,153,2
2026-03-13,601012,14:45:14,18.9000,704,2
2026-03-13,601012,14:45:17,18.9000,691,2
2026-03-13,601012,14:45:20,18.9000,559,2
2026-03-13,601012,14:45:23,18.9000,716,2
2026-03-13,601012,14:45:26,18.9000,685,2
2026-03-13,601012,14:45:29,18.9000,674,2
2026-03-13,601012,14:45:32,18.9000,429,1
2026-03-13,601012,14:45:35,18.8900,1408,2
2026-03-13,601012,14:45:38,18.8900,364,2
2026-03-13,601012,14:45:41,18.8900,939,2
2026-03-13,601012,14:45:44,18.8800,340,2
2026-03-13,601012,14:45:47,18.8900,240,1
2026-03-13,601012,14:45:50,18.8900,913,2
2026-03-13,601012,14:45:53,18.8900,561,2
2026-03-13,601012,14:45:56,18.8900,1263,2
2026-03-13,601012,14:45:59,18.8800,320,2
2026-03-13,601012,14:46:02,18.8800,344,2
2026-03-13,601012,14:46:05,18.8800,369,2
2026-03-13,601012,14:46:08,18.8800,571,2
2026-03-13,601012,14:46:11,18.8800,1288,2
2026-03-13,601012,14:46:14,18.8900,385,1
2026-03-13,601012,14:46:17,18.8800,913,2
2026-03-13,601012,14:46:20,18.8900,945,1
2026-03-13,601012,14:46:23,18.8800,1759,2
2026-03-13,601012,14:46:26,18.8800,673,2
2026-03-13,601012,14:46:29,18.8800,396,1
2026-03-13,601012,14:46:32,18.8800,231,1
2026-03-13,601012,14:46:35,18.8800,254,1
2026-03-13,601012,14:46:38,18.8700,703,2
2026-03-13,601012,14:46:41,18.8700,400,2
2026-03-13,601012,14:46:44,18.8700,1126,2
2026-03-13,601012,14:46:47,18.8600,153,2
2026-03-13,601012,14:46:50,18.8600,760,2
2026-03-13,601012,14:46:53,18.8600,1595,2
2026-03-13,601012,14:46:56,18.8700,1602,1
2026-03-13,601012,14:46:59,18.8600,552,2
2026-03-13,601012,14:47:02,18.8600,1225,2
2026-03-13,601012,14:47:05,18.8600,10624,1
2026-03-13,601012,14:47:08,18.8500,1627,2
2026-03-13,601012,14:47:11,18.8500,563,1
2026-03-13,601012,14:47:14,18.8600,764,1
2026-03-13,601012,14:47:17,18.8600,2425,1
2026-03-13,601012,14:47:20,18.8500,985,2
2026-03-13,601012,14:47:23,18.8600,479,1
2026-03-13,601012,14:47:26,18.8500,334,2
2026-03-13,601012,14:47:29,18.8500,1745,1
2026-03-13,601012,14:47:32,18.8500,4511,1
2026-03-13,601012,14:47:35,18.8500,446,2
2026-03-13,601012,14:47:38,18.8500,474,2
2026-03-13,601012,14:47:41,18.8400,261,2
2026-03-13,601012,14:47:44,18.8400,349,2
2026-03-13,601012,14:47:47,18.8500,817,1
2026-03-13,601012,14:47:50,18.8400,606,2
2026-03-13,601012,14:47:53,18.8400,1780,2
2026-03-13,601012,14:47:56,18.8500,769,1
2026-03-13,601012,14:47:59,18.8500,933,1
2026-03-13,601012,14:48:02,18.8600,3296,1
2026-03-13,601012,14:48:05,18.8500,747,2
2026-03-13,601012,14:48:08,18.8600,470,1
2026-03-13,601012,14:48:11,18.8600,1022,1
2026-03-13,601012,14:48:14,18.8600,820,2
2026-03-13,601012,14:48:17,18.8500,309,2
2026-03-13,601012,14:48:20,18.8600,382,1
2026-03-13,601012,14:48:23,18.8600,542,1
2026-03-13,601012,14:48:26,18.8600,885,1
2026-03-13,601012,14:48:29,18.8600,468,1
2026-03-13,601012,14:48:32,18.8500,525,2
2026-03-13,601012,14:48:35,18.8500,693,2
2026-03-13,601012,14:48:38,18.8500,286,2
2026-03-13,601012,14:48:41,18.8500,739,2
2026-03-13,601012,14:48:44,18.8500,863,2
2026-03-13,601012,14:48:47,18.8500,579,2
2026-03-13,601012,14:48:50,18.8600,981,4
2026-03-13,601012,14:48:53,18.8500,3546,2
2026-03-13,601012,14:48:56,18.8500,961,1
2026-03-13,601012,14:48:59,18.8500,326,1
2026-03-13,601012,14:49:02,18.8600,364,1
2026-03-13,601012,14:49:05,18.8500,888,2
2026-03-13,601012,14:49:08,18.8500,445,2
2026-03-13,601012,14:49:11,18.8700,1814,1
2026-03-13,601012,14:49:14,18.8500,646,2
2026-03-13,601012,14:49:17,18.8700,636,1
2026-03-13,601012,14:49:20,18.8600,703,2
2026-03-13,601012,14:49:23,18.8600,247,2
2026-03-13,601012,14:49:26,18.8700,788,1
2026-03-13,601012,14:49:29,18.8600,1313,1
2026-03-13,601012,14:49:32,18.8700,784,1
2026-03-13,601012,14:49:35,18.8600,1216,2
2026-03-13,601012,14:49:38,18.8700,410,1
2026-03-13,601012,14:49:41,18.8600,364,2
2026-03-13,601012,14:49:44,18.8700,665,1
2026-03-13,601012,14:49:47,18.8700,380,1
2026-03-13,601012,14:49:50,18.8600,526,2
2026-03-13,601012,14:49:53,18.8700,650,1
2026-03-13,601012,14:49:56,18.8600,1407,2
2026-03-13,601012,14:49:59,18.8700,740,1
2026-03-13,601012,14:50:02,18.8700,497,1
2026-03-13,601012,14:50:05,18.8700,741,1
2026-03-13,601012,14:50:08,18.8800,970,1
2026-03-13,601012,14:50:11,18.8800,2121,1
2026-03-13,601012,14:50:14,18.8900,775,1
2026-03-13,601012,14:50:17,18.9000,1305,1
2026-03-13,601012,14:50:20,18.9000,2628,1
2026-03-13,601012,14:50:23,18.9000,1171,2
2026-03-13,601012,14:50:26,18.9100,1074,4
2026-03-13,601012,14:50:29,18.9000,460,2
2026-03-13,601012,14:50:32,18.9100,649,1
2026-03-13,601012,14:50:35,18.9200,346,1
2026-03-13,601012,14:50:38,18.9200,546,1
2026-03-13,601012,14:50:41,18.9100,399,2
2026-03-13,601012,14:50:44,18.9100,1964,2
2026-03-13,601012,14:50:47,18.9000,890,2
2026-03-13,601012,14:50:50,18.9000,498,1
2026-03-13,601012,14:50:53,18.9000,330,2
2026-03-13,601012,14:50:56,18.9100,514,1
2026-03-13,601012,14:50:59,18.9000,315,2
2026-03-13,601012,14:51:02,18.9000,381,2
2026-03-13,601012,14:51:05,18.9100,447,4
2026-03-13,601012,14:51:08,18.9200,777,1
2026-03-13,601012,14:51:11,18.9100,383,2
2026-03-13,601012,14:51:14,18.9100,429,2
2026-03-13,601012,14:51:17,18.9100,507,2
2026-03-13,601012,14:51:20,18.9000,2382,2
2026-03-13,601012,14:51:23,18.9000,577,1
2026-03-13,601012,14:51:26,18.9000,388,1
2026-03-13,601012,14:51:29,18.9000,271,2
2026-03-13,601012,14:51:32,18.9000,814,2
2026-03-13,601012,14:51:35,18.9000,460,1
2026-03-13,601012,14:51:38,18.9000,524,1
2026-03-13,601012,14:51:41,18.9000,416,1
2026-03-13,601012,14:51:44,18.9000,446,2
2026-03-13,601012,14:51:47,18.9000,522,2
2026-03-13,601012,14:51:50,18.9000,327,2
2026-03-13,601012,14:51:53,18.9000,462,2
2026-03-13,601012,14:51:56,18.9000,907,2
2026-03-13,601012,14:51:59,18.9000,624,2
2026-03-13,601012,14:52:02,18.9000,656,2
2026-03-13,601012,14:52:05,18.9000,433,2
2026-03-13,601012,14:52:08,18.8900,1729,2
2026-03-13,601012,14:52:11,18.8900,536,1
2026-03-13,601012,14:52:14,18.9000,361,1
2026-03-13,601012,14:52:17,18.8800,1368,2
2026-03-13,601012,14:52:20,18.8800,378,1
2026-03-13,601012,14:52:23,18.8800,732,1
2026-03-13,601012,14:52:26,18.8800,388,2
2026-03-13,601012,14:52:29,18.8800,500,2
2026-03-13,601012,14:52:32,18.8900,528,4
2026-03-13,601012,14:52:35,18.9000,792,1
2026-03-13,601012,14:52:38,18.8800,993,2
2026-03-13,601012,14:52:41,18.8900,324,1
2026-03-13,601012,14:52:44,18.8800,716,2
2026-03-13,601012,14:52:47,18.8800,1032,2
2026-03-13,601012,14:52:50,18.8900,1506,1
2026-03-13,601012,14:52:53,18.8900,271,2
2026-03-13,601012,14:52:56,18.9000,428,1
2026-03-13,601012,14:52:59,18.8800,1460,2
2026-03-13,601012,14:53:02,18.8900,767,1
2026-03-13,601012,14:53:05,18.9000,419,1
2026-03-13,601012,14:53:08,18.8900,599,2
2026-03-13,601012,14:53:11,18.8900,1261,1
2026-03-13,601012,14:53:14,18.8900,872,1
2026-03-13,601012,14:53:17,18.9000,467,1
2026-03-13,601012,14:53:20,18.9000,322,1
2026-03-13,601012,14:53:23,18.9000,818,1
2026-03-13,601012,14:53:26,18.9000,329,1
2026-03-13,601012,14:53:29,18.9000,595,1
2026-03-13,601012,14:53:32,18.8900,639,2
2026-03-13,601012,14:53:35,18.8900,356,2
2026-03-13,601012,14:53:38,18.9000,578,1
2026-03-13,601012,14:53:41,18.9000,631,4
2026-03-13,601012,14:53:44,18.8900,571,2
2026-03-13,601012,14:53:47,18.9000,755,1
2026-03-13,601012,14:53:50,18.9000,522,1
2026-03-13,601012,14:53:53,18.9000,308,1
2026-03-13,601012,14:53:56,18.9000,527,1
2026-03-13,601012,14:53:59,18.8900,491,2
2026-03-13,601012,14:54:02,18.9000,1057,1
2026-03-13,601012,14:54:05,18.9000,471,1
2026-03-13,601012,14:54:08,18.9000,421,1
2026-03-13,601012,14:54:11,18.9000,546,1
2026-03-13,601012,14:54:14,18.9000,1725,1
2026-03-13,601012,14:54:17,18.8900,466,2
2026-03-13,601012,14:54:20,18.8800,719,2
2026-03-13,601012,14:54:23,18.8800,272,2
2026-03-13,601012,14:54:26,18.8800,257,2
2026-03-13,601012,14:54:29,18.8900,988,1
2026-03-13,601012,14:54:32,18.8900,176,2
2026-03-13,601012,14:54:35,18.8900,436,2
2026-03-13,601012,14:54:38,18.8900,536,2
2026-03-13,601012,14:54:41,18.8800,5079,2
2026-03-13,601012,14:54:44,18.8800,428,1
2026-03-13,601012,14:54:47,18.8800,1036,1
2026-03-13,601012,14:54:50,18.8800,238,4
2026-03-13,601012,14:54:53,18.8900,1326,1
2026-03-13,601012,14:54:56,18.8800,789,2
2026-03-13,601012,14:54:59,18.8800,532,2
2026-03-13,601012,14:55:02,18.8800,634,2
2026-03-13,601012,14:55:05,18.8700,1085,2
2026-03-13,601012,14:55:08,18.8800,429,2
2026-03-13,601012,14:55:11,18.8800,819,1
2026-03-13,601012,14:55:14,18.8800,664,1
2026-03-13,601012,14:55:17,18.8800,751,1
2026-03-13,601012,14:55:20,18.8700,671,2
2026-03-13,601012,14:55:23,18.8800,480,1
2026-03-13,601012,14:55:26,18.8800,1594,1
2026-03-13,601012,14:55:29,18.8800,593,1
2026-03-13,601012,14:55:32,18.8800,590,1
2026-03-13,601012,14:55:35,18.8800,1439,1
2026-03-13,601012,14:55:38,18.8800,1014,2
2026-03-13,601012,14:55:41,18.8800,1158,1
2026-03-13,601012,14:55:44,18.8800,730,1
2026-03-13,601012,14:55:47,18.8700,593,2
2026-03-13,601012,14:55:50,18.8700,473,2
2026-03-13,601012,14:55:53,18.8700,902,2
2026-03-13,601012,14:55:56,18.8800,864,1
2026-03-13,601012,14:55:59,18.8700,429,2
2026-03-13,601012,14:56:02,18.8700,611,1
2026-03-13,601012,14:56:05,18.8700,792,2
2026-03-13,601012,14:56:08,18.8700,924,2
2026-03-13,601012,14:56:11,18.8800,3137,1
2026-03-13,601012,14:56:14,18.8700,1476,2
2026-03-13,601012,14:56:17,18.8800,821,1
2026-03-13,601012,14:56:20,18.8800,510,1
2026-03-13,601012,14:56:23,18.8800,616,1
2026-03-13,601012,14:56:26,18.8800,974,1
2026-03-13,601012,14:56:29,18.8800,1171,1
2026-03-13,601012,14:56:32,18.8700,941,2
2026-03-13,601012,14:56:35,18.8700,555,2
2026-03-13,601012,14:56:38,18.8700,481,1
2026-03-13,601012,14:56:41,18.8700,3137,2
2026-03-13,601012,14:56:44,18.8700,735,2
2026-03-13,601012,14:56:47,18.8800,291,1
2026-03-13,601012,14:56:50,18.8800,436,1
2026-03-13,601012,14:56:53,18.8800,1130,1
2026-03-13,601012,14:56:56,18.8700,469,2
2026-03-13,601012,14:56:59,18.8700,570,2
2026-03-13,601012,14:57:02,18.8800,26,1
2026-03-13,601012,15:00:02,18.8700,54041,4
2026-03-13,601012,13:17:08,19.2300,171,2
2026-03-13,601012,13:17:11,19.2400,98,1
2026-03-13,601012,13:17:14,19.2400,73,1
2026-03-13,601012,13:17:17,19.2400,170,1
2026-03-13,601012,13:17:20,19.2300,74,2
2026-03-13,601012,13:17:23,19.2400,88,1
2026-03-13,601012,13:17:26,19.2400,603,1
2026-03-13,601012,13:17:29,19.2400,68,1
2026-03-13,601012,13:17:32,19.2400,222,1
2026-03-13,601012,13:17:35,19.2300,125,2
2026-03-13,601012,13:17:38,19.2300,206,2
2026-03-13,601012,13:17:41,19.2300,295,2
2026-03-13,601012,13:17:44,19.2300,175,1
2026-03-13,601012,13:17:47,19.2200,207,2
2026-03-13,601012,13:17:50,19.2400,153,1
2026-03-13,601012,13:17:53,19.2200,61,2
2026-03-13,601012,13:17:56,19.2300,99,1
2026-03-13,601012,13:17:59,19.2000,3582,2
2026-03-13,601012,13:18:02,19.2000,807,1
2026-03-13,601012,13:18:05,19.2300,1292,1
2026-03-13,601012,13:18:08,19.2200,85,2
2026-03-13,601012,13:18:11,19.2200,37,2
2026-03-13,601012,13:18:14,19.2300,172,1
2026-03-13,601012,13:18:17,19.2300,158,2
2026-03-13,601012,13:18:20,19.2300,48,2
2026-03-13,601012,13:18:23,19.2300,43,2
2026-03-13,601012,13:18:26,19.2300,315,2
2026-03-13,601012,13:18:29,19.2300,116,1
2026-03-13,601012,13:18:32,19.2300,177,1
2026-03-13,601012,13:18:35,19.2400,136,1
2026-03-13,601012,13:18:38,19.2300,1656,2
2026-03-13,601012,13:18:41,19.2200,172,2
2026-03-13,601012,13:18:44,19.2200,128,2
2026-03-13,601012,13:18:47,19.2300,54,1
2026-03-13,601012,13:18:50,19.2200,683,2
2026-03-13,601012,13:18:53,19.2100,167,2
2026-03-13,601012,13:18:56,19.2200,202,1
2026-03-13,601012,13:18:59,19.2200,77,1
2026-03-13,601012,13:19:02,19.2100,214,2
2026-03-13,601012,13:19:05,19.2200,49,1
2026-03-13,601012,13:19:08,19.2200,122,1
2026-03-13,601012,13:19:11,19.2100,3141,2
2026-03-13,601012,13:19:14,19.2200,502,1
2026-03-13,601012,13:19:17,19.2100,92,2
2026-03-13,601012,13:19:20,19.2100,35,4
2026-03-13,601012,13:19:23,19.2100,108,1
2026-03-13,601012,13:19:26,19.2100,71,1
2026-03-13,601012,13:19:29,19.2100,214,1
2026-03-13,601012,13:19:32,19.2100,89,1
2026-03-13,601012,13:19:35,19.1900,1063,2
2026-03-13,601012,13:19:38,19.1900,72,1
2026-03-13,601012,13:19:41,19.1800,446,2
2026-03-13,601012,13:19:44,19.1900,89,1
2026-03-13,601012,13:19:47,19.1800,52,2
2026-03-13,601012,13:19:50,19.1900,443,1
2026-03-13,601012,13:19:53,19.1900,280,1
2026-03-13,601012,13:19:56,19.1800,31,2
2026-03-13,601012,13:19:59,19.1800,317,2
2026-03-13,601012,13:20:02,19.1900,239,1
2026-03-13,601012,13:20:05,19.1900,119,1
2026-03-13,601012,13:20:08,19.1900,163,1
2026-03-13,601012,13:20:11,19.1900,394,1
2026-03-13,601012,13:20:14,19.1900,58,2
2026-03-13,601012,13:20:17,19.1900,50,2
2026-03-13,601012,13:20:20,19.2000,425,1
2026-03-13,601012,13:20:23,19.1900,122,2
2026-03-13,601012,13:20:26,19.2000,76,1
2026-03-13,601012,13:20:29,19.1900,609,2
2026-03-13,601012,13:20:32,19.1900,60,2
2026-03-13,601012,13:20:35,19.1900,554,2
2026-03-13,601012,13:20:38,19.2000,565,1
2026-03-13,601012,13:20:41,19.2000,83,1
2026-03-13,601012,13:20:44,19.1900,282,2
2026-03-13,601012,13:20:47,19.2000,454,1
2026-03-13,601012,13:20:50,19.2000,216,2
2026-03-13,601012,13:20:53,19.2100,46,1
2026-03-13,601012,13:20:56,19.2000,645,2
2026-03-13,601012,13:20:59,19.2100,813,1
2026-03-13,601012,13:21:02,19.2000,672,2
2026-03-13,601012,13:21:05,19.2000,145,2
2026-03-13,601012,13:21:08,19.2000,160,1
2026-03-13,601012,13:21:11,19.2000,100,1
2026-03-13,601012,13:21:14,19.2000,350,1
2026-03-13,601012,13:21:17,19.2000,209,1
2026-03-13,601012,13:21:20,19.2000,142,1
2026-03-13,601012,13:21:23,19.1900,463,2
2026-03-13,601012,13:21:26,19.2000,84,1
2026-03-13,601012,13:21:29,19.2000,88,1
2026-03-13,601012,13:21:32,19.2000,115,1
2026-03-13,601012,13:21:35,19.2000,667,1
2026-03-13,601012,13:21:38,19.1900,158,2
2026-03-13,601012,13:21:41,19.1900,336,2
2026-03-13,601012,13:21:44,19.1900,157,1
2026-03-13,601012,13:21:47,19.1900,124,2
2026-03-13,601012,13:21:50,19.1900,73,2
2026-03-13,601012,13:21:53,19.2000,62,1
2026-03-13,601012,13:21:56,19.1900,121,2
2026-03-13,601012,13:21:59,19.1900,305,2
2026-03-13,601012,13:22:02,19.1900,42,2
2026-03-13,601012,13:22:05,19.2000,114,1
2026-03-13,601012,13:22:08,19.2000,321,1
2026-03-13,601012,13:22:11,19.2000,92,1
2026-03-13,601012,13:22:14,19.2000,809,1
2026-03-13,601012,13:22:17,19.2000,119,1
2026-03-13,601012,13:22:20,19.2000,91,1
2026-03-13,601012,13:22:23,19.1900,41,2
2026-03-13,601012,13:22:26,19.2000,248,1
2026-03-13,601012,13:22:29,19.2100,150,1
2026-03-13,601012,13:22:32,19.2000,185,2
2026-03-13,601012,13:22:35,19.2100,517,1
2026-03-13,601012,13:22:38,19.2100,72,2
2026-03-13,601012,13:22:41,19.2200,257,1
2026-03-13,601012,13:22:44,19.2200,83,1
2026-03-13,601012,13:22:47,19.2200,180,1
2026-03-13,601012,13:22:50,19.2200,143,1
2026-03-13,601012,13:22:53,19.2200,524,1
2026-03-13,601012,13:22:56,19.2200,101,2
2026-03-13,601012,13:22:59,19.2300,124,1
2026-03-13,601012,13:23:02,19.2300,638,1
2026-03-13,601012,13:23:05,19.2300,115,1
2026-03-13,601012,13:23:08,19.2300,191,1
2026-03-13,601012,13:23:11,19.2300,178,2
2026-03-13,601012,13:23:14,19.2300,404,2
2026-03-13,601012,13:23:17,19.2300,205,2
2026-03-13,601012,13:23:20,19.2300,1199,2
2026-03-13,601012,13:23:23,19.2300,114,1
2026-03-13,601012,13:23:26,19.2300,545,1
2026-03-13,601012,13:23:29,19.2300,74,1
2026-03-13,601012,13:23:32,19.2300,82,1
2026-03-13,601012,13:23:35,19.2200,141,2
2026-03-13,601012,13:23:38,19.2200,296,2
2026-03-13,601012,13:23:41,19.2200,1398,2
2026-03-13,601012,13:23:44,19.2100,165,2
2026-03-13,601012,13:23:47,19.2200,63,1
2026-03-13,601012,13:23:50,19.2200,72,1
2026-03-13,601012,13:23:53,19.2200,109,1
2026-03-13,601012,13:23:56,19.2200,667,1
2026-03-13,601012,13:23:59,19.2200,253,1
2026-03-13,601012,13:24:02,19.2000,3415,2
2026-03-13,601012,13:24:05,19.2100,79,1
2026-03-13,601012,13:24:08,19.2000,566,4
2026-03-13,601012,13:24:11,19.2000,166,1
2026-03-13,601012,13:24:14,19.2000,64,1
2026-03-13,601012,13:24:17,19.2000,182,1
2026-03-13,601012,13:24:20,19.2000,318,1
2026-03-13,601012,13:24:23,19.1900,209,2
2026-03-13,601012,13:24:26,19.2000,331,1
2026-03-13,601012,13:24:29,19.1900,154,2
2026-03-13,601012,13:24:32,19.2000,169,2
2026-03-13,601012,13:24:35,19.2000,115,2
2026-03-13,601012,13:24:38,19.2000,123,2
2026-03-13,601012,13:24:41,19.2100,322,1
2026-03-13,601012,13:24:44,19.2000,105,2
2026-03-13,601012,13:24:47,19.2000,323,2
2026-03-13,601012,13:24:50,19.1900,240,2
2026-03-13,601012,13:24:53,19.2000,133,1
2026-03-13,601012,13:24:56,19.2000,57,1
2026-03-13,601012,13:24:59,19.2000,189,1
2026-03-13,601012,13:25:02,19.2000,73,1
2026-03-13,601012,13:25:05,19.2000,537,1
2026-03-13,601012,13:25:08,19.2000,107,2
2026-03-13,601012,13:25:11,19.2000,86,2
2026-03-13,601012,13:25:14,19.2000,119,2
2026-03-13,601012,13:25:17,19.2000,420,2
2026-03-13,601012,13:25:20,19.2000,371,2
2026-03-13,601012,13:25:23,19.1900,2617,2
2026-03-13,601012,13:25:26,19.2000,256,1
2026-03-13,601012,13:25:29,19.2000,187,1
2026-03-13,601012,13:25:32,19.2000,892,1
2026-03-13,601012,13:25:35,19.1900,132,2
2026-03-13,601012,13:25:38,19.2000,669,1
2026-03-13,601012,13:25:41,19.2000,377,2
2026-03-13,601012,13:25:44,19.1900,110,2
2026-03-13,601012,13:25:47,19.1900,252,2
2026-03-13,601012,13:25:50,19.1900,127,2
2026-03-13,601012,13:25:53,19.1900,57,2
2026-03-13,601012,13:25:56,19.1900,915,2
2026-03-13,601012,13:25:59,19.1900,113,1
2026-03-13,601012,13:26:02,19.1900,89,1
2026-03-13,601012,13:26:05,19.1900,192,1
2026-03-13,601012,13:26:08,19.1900,122,1
2026-03-13,601012,13:26:11,19.1900,240,1
2026-03-13,601012,13:26:14,19.1900,75,1
2026-03-13,601012,13:26:17,19.1800,118,2
2026-03-13,601012,13:26:20,19.1900,175,1
2026-03-13,601012,13:26:23,19.1800,132,2
2026-03-13,601012,13:26:26,19.1900,66,1
2026-03-13,601012,13:26:29,19.1900,170,1
2026-03-13,601012,13:26:32,19.1900,799,1
2026-03-13,601012,13:26:35,19.1900,314,2
2026-03-13,601012,13:26:38,19.1900,146,1
2026-03-13,601012,13:26:41,19.1900,138,1
2026-03-13,601012,13:26:44,19.1900,81,1
2026-03-13,601012,13:26:47,19.1800,106,2
2026-03-13,601012,13:26:50,19.1900,123,1
2026-03-13,601012,13:26:53,19.1800,645,2
2026-03-13,601012,13:26:56,19.1800,46,2
2026-03-13,601012,13:26:59,19.1900,96,1
2026-03-13,601012,13:27:02,19.1900,84,1
2026-03-13,601012,13:27:05,19.1900,421,1
2026-03-13,601012,13:27:08,19.1800,257,2
2026-03-13,601012,13:27:11,19.1900,134,1
2026-03-13,601012,13:27:14,19.1800,250,2
2026-03-13,601012,13:27:17,19.1800,3502,2
2026-03-13,601012,13:27:20,19.1800,658,1
2026-03-13,601012,13:27:23,19.1700,292,2
2026-03-13,601012,13:27:26,19.1800,508,1
2026-03-13,601012,13:27:29,19.1800,278,1
2026-03-13,601012,13:27:32,19.1800,161,1
2026-03-13,601012,13:27:35,19.1700,43,2
2026-03-13,601012,13:27:38,19.1700,68,2
2026-03-13,601012,13:27:41,19.1700,164,2
2026-03-13,601012,13:27:44,19.1700,287,2
2026-03-13,601012,13:27:47,19.1700,1856,2
2026-03-13,601012,13:27:50,19.1700,1156,2
2026-03-13,601012,13:27:53,19.1700,110,1
2026-03-13,601012,13:27:56,19.1700,2245,1
2026-03-13,601012,13:27:59,19.1700,141,1
2026-03-13,601012,13:28:02,19.1600,62,2
2026-03-13,601012,13:28:05,19.1700,269,1
2026-03-13,601012,13:28:08,19.1600,235,2
2026-03-13,601012,13:28:11,19.1700,166,1
2026-03-13,601012,13:28:14,19.1700,354,1
2026-03-13,601012,13:28:17,19.1700,103,1
2026-03-13,601012,13:28:20,19.1600,209,2
2026-03-13,601012,13:28:23,19.1700,629,1
2026-03-13,601012,13:28:26,19.1600,559,2
2026-03-13,601012,13:28:29,19.1700,155,1
2026-03-13,601012,13:28:32,19.1600,885,2
2026-03-13,601012,13:28:35,19.1600,301,2
2026-03-13,601012,13:28:38,19.1600,1041,2
2026-03-13,601012,13:28:41,19.1600,129,1
2026-03-13,601012,13:28:44,19.1600,66,1
2026-03-13,601012,13:28:47,19.1600,192,1
2026-03-13,601012,13:28:50,19.1600,201,1
2026-03-13,601012,13:28:53,19.1500,252,2
2026-03-13,601012,13:28:56,19.1600,259,1
2026-03-13,601012,13:28:59,19.1600,247,1
2026-03-13,601012,13:29:02,19.1600,170,1
2026-03-13,601012,13:29:05,19.1600,595,1
2026-03-13,601012,13:29:08,19.1500,92,2
2026-03-13,601012,13:29:11,19.1500,420,2
2026-03-13,601012,13:29:14,19.1500,217,2
2026-03-13,601012,13:29:17,19.1500,163,2
2026-03-13,601012,13:29:20,19.1600,508,1
2026-03-13,601012,13:29:23,19.1500,385,2
2026-03-13,601012,13:29:26,19.1500,97,2
2026-03-13,601012,13:29:29,19.1600,218,1
2026-03-13,601012,13:29:32,19.1600,2849,1
2026-03-13,601012,13:29:35,19.1500,369,2
2026-03-13,601012,13:29:38,19.1500,1130,2
2026-03-13,601012,13:29:41,19.1500,105,1
2026-03-13,601012,13:29:44,19.1500,123,1
2026-03-13,601012,13:29:47,19.1500,105,1
2026-03-13,601012,13:29:50,19.1500,350,1
2026-03-13,601012,13:29:53,19.1500,112,1
2026-03-13,601012,13:29:56,19.1400,401,2
2026-03-13,601012,13:29:59,19.1500,677,1
2026-03-13,601012,13:30:02,19.1400,1194,2
2026-03-13,601012,13:30:05,19.1400,44,1
2026-03-13,601012,13:30:08,19.1300,145,2
2026-03-13,601012,13:30:11,19.1300,369,2
2026-03-13,601012,13:30:14,19.1300,1404,2
2026-03-13,601012,13:30:17,19.1300,547,2
2026-03-13,601012,13:30:20,19.1300,749,2
2026-03-13,601012,13:30:23,19.1300,269,2
2026-03-13,601012,13:30:26,19.1300,2710,1
2026-03-13,601012,13:30:29,19.1400,206,1
2026-03-13,601012,13:30:32,19.1400,185,2
2026-03-13,601012,13:30:35,19.1400,242,2
2026-03-13,601012,13:30:38,19.1400,717,1
2026-03-13,601012,13:30:41,19.1400,473,2
2026-03-13,601012,13:30:44,19.1500,223,1
2026-03-13,601012,13:30:47,19.1400,841,2
2026-03-13,601012,13:30:50,19.1500,263,1
2026-03-13,601012,13:30:53,19.1400,460,2
2026-03-13,601012,13:30:56,19.1500,469,1
2026-03-13,601012,13:30:59,19.1500,113,2
2026-03-13,601012,13:31:02,19.1500,59,1
2026-03-13,601012,13:31:05,19.1400,136,2
2026-03-13,601012,13:31:08,19.1500,107,1
2026-03-13,601012,13:31:11,19.1500,798,1
2026-03-13,601012,13:31:14,19.1500,155,2
2026-03-13,601012,13:31:17,19.1500,308,2
2026-03-13,601012,13:31:20,19.1500,356,1
2026-03-13,601012,13:31:23,19.1500,144,4
2026-03-13,601012,13:31:26,19.1500,193,2
2026-03-13,601012,13:31:29,19.1600,218,1
2026-03-13,601012,13:31:32,19.1400,673,2
2026-03-13,601012,13:31:35,19.1400,178,2
2026-03-13,601012,13:31:38,19.1500,422,1
2026-03-13,601012,13:31:41,19.1500,150,1
2026-03-13,601012,13:31:44,19.1500,101,1
2026-03-13,601012,13:31:47,19.1500,582,1
2026-03-13,601012,13:31:50,19.1600,126,1
2026-03-13,601012,13:31:53,19.1500,106,2
2026-03-13,601012,13:31:56,19.1600,70,1
2026-03-13,601012,13:31:59,19.1500,332,2
2026-03-13,601012,13:32:02,19.1500,728,1
2026-03-13,601012,13:32:05,19.1600,402,1
2026-03-13,601012,13:32:08,19.1500,349,2
2026-03-13,601012,13:32:11,19.1600,203,1
2026-03-13,601012,13:32:14,19.1600,248,1
2026-03-13,601012,13:32:17,19.1600,138,1
2026-03-13,601012,13:32:20,19.1600,115,1
2026-03-13,601012,13:32:23,19.1500,159,2
2026-03-13,601012,13:32:26,19.1500,197,2
2026-03-13,601012,13:32:29,19.1500,358,2
2026-03-13,601012,13:32:32,19.1600,333,1
2026-03-13,601012,13:32:35,19.1500,253,2
2026-03-13,601012,13:32:38,19.1600,111,1
2026-03-13,601012,13:32:41,19.1500,308,2
2026-03-13,601012,13:32:44,19.1600,368,1
2026-03-13,601012,13:32:47,19.1600,333,1
2026-03-13,601012,13:32:50,19.1600,280,1
2026-03-13,601012,13:32:53,19.1600,314,1
2026-03-13,601012,13:32:56,19.1600,290,1
2026-03-13,601012,13:32:59,19.1600,439,1
2026-03-13,601012,13:33:02,19.1600,514,1
2026-03-13,601012,13:33:05,19.1700,241,1
2026-03-13,601012,13:33:08,19.1600,61,2
2026-03-13,601012,13:33:11,19.1700,89,1
2026-03-13,601012,13:33:14,19.1700,94,1
2026-03-13,601012,13:33:17,19.1600,579,2
2026-03-13,601012,13:33:20,19.1600,226,2
2026-03-13,601012,13:33:23,19.1600,134,2
2026-03-13,601012,13:33:26,19.1600,101,2
2026-03-13,601012,13:33:29,19.1600,82,2
2026-03-13,601012,13:33:32,19.1700,149,1
2026-03-13,601012,13:33:35,19.1700,307,1
2026-03-13,601012,13:33:38,19.1700,217,1
2026-03-13,601012,13:33:41,19.1700,80,2
2026-03-13,601012,13:33:44,19.1800,478,1
2026-03-13,601012,13:33:47,19.1700,1891,2
2026-03-13,601012,13:33:50,19.1700,141,2
2026-03-13,601012,13:33:53,19.1800,148,1
2026-03-13,601012,13:33:56,19.1800,212,1
2026-03-13,601012,13:33:59,19.1800,122,1
2026-03-13,601012,13:34:02,19.1800,391,1
2026-03-13,601012,13:34:05,19.1800,466,1
2026-03-13,601012,13:34:08,19.1800,484,1
2026-03-13,601012,13:34:11,19.1700,178,2
2026-03-13,601012,13:34:14,19.1800,312,1
2026-03-13,601012,13:34:17,19.1800,108,1
2026-03-13,601012,13:34:20,19.1800,201,1
2026-03-13,601012,13:34:23,19.1800,503,1
2026-03-13,601012,13:34:26,19.1700,125,2
2026-03-13,601012,13:34:29,19.1800,73,1
2026-03-13,601012,13:34:32,19.1700,157,2
2026-03-13,601012,13:34:35,19.1800,55,1
2026-03-13,601012,13:34:38,19.1800,328,1
2026-03-13,601012,13:34:41,19.1800,241,1
2026-03-13,601012,13:34:44,19.1800,175,1
2026-03-13,601012,13:34:47,19.1700,182,2
2026-03-13,601012,13:34:50,19.1800,74,1
2026-03-13,601012,13:34:53,19.1800,94,1
2026-03-13,601012,13:34:56,19.1800,138,1
2026-03-13,601012,13:34:59,19.1800,211,1
2026-03-13,601012,13:35:02,19.1700,2652,2
2026-03-13,601012,13:35:05,19.1700,141,1
2026-03-13,601012,13:35:08,19.1600,117,2
2026-03-13,601012,13:35:11,19.1700,112,1
2026-03-13,601012,13:35:14,19.1700,61,1
2026-03-13,601012,13:35:17,19.1600,160,2
2026-03-13,601012,13:35:20,19.1700,145,1
2026-03-13,601012,13:35:23,19.1700,401,1
2026-03-13,601012,13:35:26,19.1700,65,1
2026-03-13,601012,13:35:29,19.1600,245,2
2026-03-13,601012,13:35:32,19.1600,150,2
2026-03-13,601012,13:35:35,19.1700,50,1
2026-03-13,601012,13:35:38,19.1600,44,2
2026-03-13,601012,13:35:41,19.1800,1065,1
2026-03-13,601012,13:35:44,19.1600,79,2
2026-03-13,601012,13:35:47,19.1700,144,1
2026-03-13,601012,13:35:50,19.1700,61,1
2026-03-13,601012,13:35:53,19.1600,21,2
2026-03-13,601012,13:35:56,19.1700,148,1
2026-03-13,601012,13:35:59,19.1600,382,2
2026-03-13,601012,13:36:02,19.1700,37,2
2026-03-13,601012,13:36:05,19.1800,43,1
2026-03-13,601012,13:36:08,19.1700,166,2
2026-03-13,601012,13:36:11,19.1700,145,1
2026-03-13,601012,13:36:14,19.1700,103,1
2026-03-13,601012,13:36:17,19.1700,459,1
2026-03-13,601012,13:36:20,19.1600,244,2
2026-03-13,601012,13:36:23,19.1700,735,4
2026-03-13,601012,13:36:26,19.1700,416,1
2026-03-13,601012,13:36:29,19.1700,203,1
2026-03-13,601012,13:36:32,19.1600,460,2
2026-03-13,601012,13:36:35,19.1600,405,2
2026-03-13,601012,13:36:38,19.1600,224,1
2026-03-13,601012,13:36:41,19.1600,25,2
2026-03-13,601012,13:36:44,19.1700,466,1
2026-03-13,601012,13:36:47,19.1700,264,1
2026-03-13,601012,13:36:50,19.1700,37,1
2026-03-13,601012,13:36:53,19.1700,104,1
2026-03-13,601012,13:36:56,19.1600,302,2
2026-03-13,601012,13:36:59,19.1600,417,2
2026-03-13,601012,13:37:02,19.1700,168,1
2026-03-13,601012,13:37:05,19.1600,74,2
2026-03-13,601012,13:37:08,19.1600,48,2
2026-03-13,601012,13:37:11,19.1700,370,1
2026-03-13,601012,13:37:14,19.1700,23,1
2026-03-13,601012,13:37:17,19.1600,70,2
2026-03-13,601012,13:37:20,19.1700,59,1
2026-03-13,601012,13:37:23,19.1600,35,2
2026-03-13,601012,13:37:26,19.1600,978,2
2026-03-13,601012,13:37:29,19.1700,152,1
2026-03-13,601012,13:37:32,19.1700,94,1
2026-03-13,601012,13:37:35,19.1700,58,1
2026-03-13,601012,13:37:38,19.1700,139,1
2026-03-13,601012,13:37:41,19.1700,149,1
2026-03-13,601012,13:37:44,19.1700,255,1
2026-03-13,601012,13:37:47,19.1600,225,2
2026-03-13,601012,13:37:50,19.1600,83,2
2026-03-13,601012,13:37:53,19.1700,104,1
2026-03-13,601012,13:37:56,19.1600,165,2
2026-03-13,601012,13:37:59,19.1600,142,2
2026-03-13,601012,13:38:02,19.1700,315,1
2026-03-13,601012,13:38:05,19.1700,146,1
2026-03-13,601012,13:38:08,19.1700,180,1
2026-03-13,601012,13:38:11,19.1700,219,1
2026-03-13,601012,13:38:14,19.1700,233,1
2026-03-13,601012,13:38:17,19.1700,89,2
2026-03-13,601012,13:38:20,19.1600,73,2
2026-03-13,601012,13:38:23,19.1700,138,1
2026-03-13,601012,13:38:26,19.1700,60,2
2026-03-13,601012,13:38:29,19.1800,87,1
2026-03-13,601012,13:38:32,19.1800,232,1
2026-03-13,601012,13:38:35,19.1800,67,1
2026-03-13,601012,13:38:38,19.1800,913,1
2026-03-13,601012,13:38:41,19.1800,86,2
2026-03-13,601012,13:38:44,19.1800,47,2
2026-03-13,601012,13:38:47,19.1800,52,2
2026-03-13,601012,13:38:50,19.1800,150,2
2026-03-13,601012,13:38:53,19.1800,91,2
2026-03-13,601012,13:38:56,19.1900,226,1
2026-03-13,601012,13:38:59,19.1900,196,1
2026-03-13,601012,13:39:02,19.1800,885,2
2026-03-13,601012,13:39:05,19.1700,918,2
2026-03-13,601012,13:39:08,19.1800,98,1
2026-03-13,601012,13:39:11,19.1700,98,2
2026-03-13,601012,13:39:14,19.1800,81,1
2026-03-13,601012,13:39:17,19.1700,207,2
2026-03-13,601012,13:39:20,19.1800,107,1
2026-03-13,601012,13:39:23,19.1800,73,1
2026-03-13,601012,13:39:26,19.1800,194,1
2026-03-13,601012,13:39:29,19.1800,185,1
2026-03-13,601012,13:39:32,19.1800,28,2
2026-03-13,601012,13:39:35,19.1800,504,2
2026-03-13,601012,13:39:38,19.1800,87,1
2026-03-13,601012,13:39:41,19.1800,159,1
2026-03-13,601012,13:39:44,19.1800,1041,1
2026-03-13,601012,13:39:47,19.1800,37,1
2026-03-13,601012,13:39:50,19.1800,118,1
2026-03-13,601012,13:39:53,19.1800,60,1
2026-03-13,601012,13:39:56,19.1800,367,1
2026-03-13,601012,13:39:59,19.1800,257,1
2026-03-13,601012,13:40:02,19.1900,55,1
2026-03-13,601012,13:40:05,19.1900,326,1
2026-03-13,601012,13:40:08,19.1900,229,1
2026-03-13,601012,13:40:11,19.1800,93,2
2026-03-13,601012,13:40:14,19.1800,66,2
2026-03-13,601012,13:40:17,19.1900,73,1
2026-03-13,601012,13:40:20,19.1800,185,2
2026-03-13,601012,13:40:23,19.1800,107,2
2026-03-13,601012,13:40:26,19.1800,178,2
2026-03-13,601012,13:40:29,19.1900,1419,1
2026-03-13,601012,13:40:32,19.1900,53,1
2026-03-13,601012,13:40:35,19.1900,141,1
2026-03-13,601012,13:40:38,19.1900,129,1
2026-03-13,601012,13:40:41,19.1800,126,2
2026-03-13,601012,13:40:44,19.1800,55,2
2026-03-13,601012,13:40:47,19.1900,37,1
2026-03-13,601012,13:40:50,19.1900,239,1
2026-03-13,601012,13:40:53,19.1800,100,2
2026-03-13,601012,13:40:56,19.1900,37,1
2026-03-13,601012,13:40:59,19.1800,73,2
2026-03-13,601012,13:41:02,19.1800,314,2
2026-03-13,601012,13:41:05,19.1800,22,2
2026-03-13,601012,13:41:08,19.1800,92,2
2026-03-13,601012,13:41:11,19.1900,80,1
2026-03-13,601012,13:41:14,19.1900,148,1
2026-03-13,601012,13:41:17,19.1900,59,1
2026-03-13,601012,13:41:20,19.1900,100,1
2026-03-13,601012,13:41:23,19.1900,126,1
2026-03-13,601012,13:41:26,19.1900,19,1
2026-03-13,601012,13:41:29,19.1900,106,1
2026-03-13,601012,13:41:32,19.1900,296,1
2026-03-13,601012,13:41:35,19.1900,167,1
2026-03-13,601012,13:41:38,19.1800,64,2
2026-03-13,601012,13:41:41,19.1800,65,2
2026-03-13,601012,13:41:44,19.1900,140,1
2026-03-13,601012,13:41:47,19.1800,44,2
2026-03-13,601012,13:41:50,19.1800,211,2
2026-03-13,601012,13:41:53,19.1900,749,1
2026-03-13,601012,13:41:56,19.1900,115,1
2026-03-13,601012,13:41:59,19.1900,93,1
2026-03-13,601012,13:42:02,19.1900,1338,1
2026-03-13,601012,13:42:05,19.1900,225,1
2026-03-13,601012,13:42:08,19.1800,216,2
2026-03-13,601012,13:42:11,19.1900,193,1
2026-03-13,601012,13:42:14,19.1800,100,2
2026-03-13,601012,13:42:17,19.1900,85,1
2026-03-13,601012,13:42:20,19.1900,5281,1
2026-03-13,601012,13:42:23,19.1800,275,2
2026-03-13,601012,13:42:26,19.1900,45,1
2026-03-13,601012,13:42:29,19.2000,71,1
2026-03-13,601012,13:42:32,19.2000,158,1
2026-03-13,601012,13:42:35,19.2000,124,2
2026-03-13,601012,13:42:38,19.2000,802,2
2026-03-13,601012,13:42:41,19.2000,100,2
2026-03-13,601012,13:42:44,19.2100,893,1
2026-03-13,601012,13:42:47,19.2000,153,2
2026-03-13,601012,13:42:50,19.1900,1021,2
2026-03-13,601012,13:42:53,19.1900,87,1
2026-03-13,601012,13:42:56,19.1900,95,1
2026-03-13,601012,13:42:59,19.1900,114,1
2026-03-13,601012,13:43:02,19.1900,239,1
2026-03-13,601012,13:43:05,19.1900,262,1
2026-03-13,601012,13:43:08,19.1900,244,1
2026-03-13,601012,13:43:11,19.1800,106,2
2026-03-13,601012,13:43:14,19.1800,146,2
2026-03-13,601012,13:43:17,19.1900,70,1
2026-03-13,601012,13:43:20,19.1800,1637,2
2026-03-13,601012,13:43:23,19.1800,150,1
2026-03-13,601012,13:43:26,19.1700,178,2
2026-03-13,601012,13:43:29,19.1800,568,1
2026-03-13,601012,13:43:32,19.1800,221,2
2026-03-13,601012,13:43:35,19.1800,244,2
2026-03-13,601012,13:43:38,19.1800,339,2
2026-03-13,601012,13:43:41,19.1800,151,2
2026-03-13,601012,13:43:44,19.1800,105,1
2026-03-13,601012,13:43:47,19.1800,136,1
2026-03-13,601012,13:43:50,19.1800,638,1
2026-03-13,601012,13:43:53,19.1700,519,2
2026-03-13,601012,13:43:56,19.1700,8,2
2026-03-13,601012,13:43:59,19.1800,62,1
2026-03-13,601012,13:44:02,19.1700,226,2
2026-03-13,601012,13:44:05,19.1700,72,1
2026-03-13,601012,13:44:08,19.1700,38,2
2026-03-13,601012,13:44:11,19.1700,867,2
2026-03-13,601012,13:44:14,19.1800,126,1
2026-03-13,601012,13:44:17,19.1800,392,1
2026-03-13,601012,13:44:20,19.1700,72,2
2026-03-13,601012,13:44:23,19.1800,370,1
2026-03-13,601012,13:44:26,19.1800,219,1
2026-03-13,601012,13:44:29,19.1700,84,2
2026-03-13,601012,13:44:32,19.1700,68,1
2026-03-13,601012,13:44:35,19.1700,184,1
2026-03-13,601012,13:44:38,19.1600,346,2
2026-03-13,601012,13:44:41,19.1600,2657,2
2026-03-13,601012,13:44:44,19.1600,145,2
2026-03-13,601012,13:44:47,19.1600,459,1
2026-03-13,601012,13:44:50,19.1600,163,1
2026-03-13,601012,13:44:53,19.1600,59,1
2026-03-13,601012,13:44:56,19.1600,97,1
2026-03-13,601012,13:44:59,19.1600,705,1
2026-03-13,601012,13:45:02,19.1600,166,1
2026-03-13,601012,13:45:05,19.1600,279,2
2026-03-13,601012,13:45:08,19.1600,257,1
2026-03-13,601012,13:45:11,19.1600,91,1
2026-03-13,601012,13:45:14,19.1500,406,2
2026-03-13,601012,13:45:17,19.1600,145,4
2026-03-13,601012,13:45:20,19.1500,138,2
2026-03-13,601012,13:45:23,19.1500,111,2
2026-03-13,601012,13:45:26,19.1500,196,2
2026-03-13,601012,13:45:29,19.1500,250,2
2026-03-13,601012,13:45:32,19.1600,127,1
2026-03-13,601012,13:45:35,19.1500,124,2
2026-03-13,601012,13:45:38,19.1500,4389,2
2026-03-13,601012,13:45:41,19.1500,156,1
2026-03-13,601012,13:45:44,19.1500,202,1
2026-03-13,601012,13:45:47,19.1400,145,2
2026-03-13,601012,13:45:50,19.1400,165,2
2026-03-13,601012,13:45:53,19.1500,252,1
2026-03-13,601012,13:45:56,19.1400,143,2
2026-03-13,601012,13:45:59,19.1500,158,1
2026-03-13,601012,13:46:02,19.1500,919,1
2026-03-13,601012,13:46:05,19.1500,171,1
2026-03-13,601012,13:46:08,19.1500,279,1
2026-03-13,601012,13:46:11,19.1500,421,1
2026-03-13,601012,13:46:14,19.1500,197,2
2026-03-13,601012,13:46:17,19.1500,141,1
2026-03-13,601012,13:46:20,19.1500,315,2
2026-03-13,601012,13:46:23,19.1500,51,2
2026-03-13,601012,13:46:26,19.1500,68,1
2026-03-13,601012,13:46:29,19.1500,181,1
2026-03-13,601012,13:46:32,19.1500,53,2
2026-03-13,601012,13:46:35,19.1500,104,2
2026-03-13,601012,13:46:38,19.1600,160,1
2026-03-13,601012,13:46:41,19.1500,155,2
2026-03-13,601012,13:46:44,19.1500,130,2
2026-03-13,601012,13:46:47,19.1500,589,2
2026-03-13,601012,13:46:50,19.1500,114,1
2026-03-13,601012,13:46:53,19.1500,118,1
2026-03-13,601012,13:46:56,19.1500,123,1
2026-03-13,601012,13:46:59,19.1500,144,1
2026-03-13,601012,13:47:02,19.1400,322,2
2026-03-13,601012,13:47:05,19.1400,223,2
2026-03-13,601012,13:47:08,19.1500,392,1
2026-03-13,601012,13:47:11,19.1500,102,1
2026-03-13,601012,13:47:14,19.1500,172,1
2026-03-13,601012,13:47:17,19.1500,226,1
2026-03-13,601012,13:47:20,19.1400,130,2
2026-03-13,601012,13:47:23,19.1400,371,2
2026-03-13,601012,13:47:26,19.1400,159,2
2026-03-13,601012,13:47:29,19.1400,318,2
2026-03-13,601012,13:47:32,19.1400,177,2
2026-03-13,601012,13:47:35,19.1400,86,2
2026-03-13,601012,13:47:38,19.1400,1658,2
2026-03-13,601012,13:47:41,19.1400,134,1
2026-03-13,601012,13:47:44,19.1400,114,1
2026-03-13,601012,13:47:47,19.1400,116,1
2026-03-13,601012,13:47:50,19.1300,135,2
2026-03-13,601012,13:47:53,19.1400,74,1
2026-03-13,601012,13:47:56,19.1400,148,1
2026-03-13,601012,13:47:59,19.1400,483,1
2026-03-13,601012,13:48:02,19.1200,6853,2
2026-03-13,601012,13:48:05,19.1200,962,1
2026-03-13,601012,13:48:08,19.1200,159,1
2026-03-13,601012,13:48:11,19.1100,313,2
2026-03-13,601012,13:48:14,19.1100,355,2
2026-03-13,601012,13:48:17,19.1100,386,2
2026-03-13,601012,13:48:20,19.1100,477,2
2026-03-13,601012,13:48:23,19.1100,937,2
2026-03-13,601012,13:48:26,19.1100,660,2
2026-03-13,601012,13:48:29,19.1100,1736,2
2026-03-13,601012,13:48:32,19.1100,192,1
2026-03-13,601012,13:48:35,19.1100,399,1
2026-03-13,601012,13:48:38,19.1100,546,1
2026-03-13,601012,13:48:41,19.1100,219,1
2026-03-13,601012,13:48:44,19.1000,217,2
2026-03-13,601012,13:48:47,19.1100,757,1
2026-03-13,601012,13:48:50,19.1000,1557,2
2026-03-13,601012,13:48:53,19.1000,7369,2
2026-03-13,601012,13:48:56,19.1000,1130,2
2026-03-13,601012,13:48:59,19.1000,131,1
2026-03-13,601012,13:49:02,19.1000,107,1
2026-03-13,601012,13:49:05,19.1000,520,1
2026-03-13,601012,13:49:08,19.0900,474,2
2026-03-13,601012,13:49:11,19.1000,1487,1
2026-03-13,601012,13:49:14,19.0900,409,2
2026-03-13,601012,13:49:17,19.0900,475,2
2026-03-13,601012,13:49:20,19.0900,471,2
2026-03-13,601012,13:49:23,19.1000,273,1
2026-03-13,601012,13:49:26,19.0900,365,2
2026-03-13,601012,13:49:29,19.0900,607,2
2026-03-13,601012,13:49:32,19.0900,1068,2
2026-03-13,601012,13:49:35,19.0800,183,2
2026-03-13,601012,13:49:38,19.0900,213,1
2026-03-13,601012,13:49:41,19.0800,472,2
2026-03-13,601012,13:49:44,19.0800,435,2
2026-03-13,601012,13:49:47,19.0800,491,2
2026-03-13,601012,13:49:50,19.0800,4880,2
2026-03-13,601012,13:49:53,19.0800,184,1
2026-03-13,601012,13:49:56,19.0800,67,1
2026-03-13,601012,13:49:59,19.0800,214,1
2026-03-13,601012,13:50:02,19.0700,1224,2
2026-03-13,601012,13:50:05,19.0800,1356,1
2026-03-13,601012,13:50:08,19.0800,213,2
2026-03-13,601012,13:50:11,19.0800,309,2
2026-03-13,601012,13:50:14,19.0800,66,1
2026-03-13,601012,13:50:17,19.0700,2637,2
2026-03-13,601012,13:50:20,19.0700,201,2
2026-03-13,601012,13:50:23,19.0700,258,2
2026-03-13,601012,13:50:26,19.0700,173,2
2026-03-13,601012,13:50:29,19.0700,193,2
2026-03-13,601012,13:50:32,19.0700,421,2
2026-03-13,601012,13:50:35,19.0700,370,2
2026-03-13,601012,13:50:38,19.0700,157,1
2026-03-13,601012,13:50:41,19.0700,2112,1
2026-03-13,601012,13:50:44,19.0700,462,2
2026-03-13,601012,13:50:47,19.0600,725,2
2026-03-13,601012,13:50:50,19.0600,611,2
2026-03-13,601012,13:50:53,19.0600,363,2
2026-03-13,601012,13:50:56,19.0600,154,2
2026-03-13,601012,13:50:59,19.0600,183,2
2026-03-13,601012,13:51:02,19.0600,760,2
2026-03-13,601012,13:51:05,19.0700,229,1
2026-03-13,601012,13:51:08,19.0700,4867,1
2026-03-13,601012,13:51:11,19.0700,113,1
2026-03-13,601012,13:51:14,19.0600,509,2
2026-03-13,601012,13:51:17,19.0700,367,1
2026-03-13,601012,13:51:20,19.0700,262,2
2026-03-13,601012,13:51:23,19.0700,55,2
2026-03-13,601012,13:51:26,19.0800,242,1
2026-03-13,601012,13:51:29,19.0800,633,1
2026-03-13,601012,13:51:32,19.0800,729,2
2026-03-13,601012,13:51:35,19.0900,121,1
2026-03-13,601012,13:51:38,19.0900,117,1
2026-03-13,601012,13:51:41,19.0900,266,1
2026-03-13,601012,13:51:44,19.0900,408,1
2026-03-13,601012,13:51:47,19.0900,476,2
2026-03-13,601012,13:51:50,19.1000,282,1
2026-03-13,601012,13:51:53,19.1000,683,1
2026-03-13,601012,13:51:56,19.1000,366,1
2026-03-13,601012,13:51:59,19.1000,243,1
2026-03-13,601012,13:52:02,19.1000,350,2
2026-03-13,601012,13:52:05,19.1000,251,1
2026-03-13,601012,13:52:08,19.1100,744,1
2026-03-13,601012,13:52:11,19.1000,132,1
2026-03-13,601012,13:52:14,19.1000,219,1
2026-03-13,601012,13:52:17,19.1000,384,1
2026-03-13,601012,13:52:20,19.1000,243,2
2026-03-13,601012,13:52:23,19.1000,808,2
2026-03-13,601012,13:52:26,19.1000,147,1
2026-03-13,601012,13:52:29,19.1000,351,1
2026-03-13,601012,13:52:32,19.0900,83,2
2026-03-13,601012,13:52:35,19.1000,367,1
2026-03-13,601012,13:52:38,19.0900,158,2
2026-03-13,601012,13:52:41,19.0900,129,2
2026-03-13,601012,13:52:44,19.1000,233,1
2026-03-13,601012,13:52:47,19.0900,1072,2
2026-03-13,601012,13:52:50,19.1000,487,1
2026-03-13,601012,13:52:53,19.1000,135,1
2026-03-13,601012,13:52:56,19.1000,121,1
2026-03-13,601012,13:52:59,19.0900,259,2
2026-03-13,601012,13:53:02,19.0900,101,2
2026-03-13,601012,13:53:05,19.0900,192,1
2026-03-13,601012,13:53:08,19.0900,158,1
2026-03-13,601012,13:53:11,19.0900,177,1
2026-03-13,601012,13:53:14,19.0900,49,2
2026-03-13,601012,13:53:17,19.0900,188,2
2026-03-13,601012,13:53:20,19.0900,145,2
2026-03-13,601012,13:53:23,19.0900,127,1
2026-03-13,601012,13:53:26,19.0900,162,1
2026-03-13,601012,13:53:29,19.0900,175,1
2026-03-13,601012,13:53:32,19.0900,183,1
2026-03-13,601012,13:53:35,19.0900,2213,2
2026-03-13,601012,13:53:38,19.0900,161,1
2026-03-13,601012,13:53:41,19.0900,219,2
2026-03-13,601012,13:53:44,19.0800,388,2
2026-03-13,601012,13:53:47,19.0800,24,2
2026-03-13,601012,13:53:50,19.0800,134,2
2026-03-13,601012,13:53:53,19.0800,259,2
2026-03-13,601012,13:53:56,19.0800,144,2
2026-03-13,601012,13:53:59,19.0800,347,2
2026-03-13,601012,13:54:02,19.0800,770,2
2026-03-13,601012,13:54:05,19.0800,639,2
2026-03-13,601012,13:54:08,19.0800,274,1
2026-03-13,601012,13:54:11,19.0800,573,1
2026-03-13,601012,13:54:14,19.0800,723,1
2026-03-13,601012,13:54:17,19.0700,4082,2
2026-03-13,601012,13:54:20,19.0700,278,1
2026-03-13,601012,13:54:23,19.0600,408,2
2026-03-13,601012,13:54:26,19.0700,180,1
2026-03-13,601012,13:54:29,19.0700,290,1
2026-03-13,601012,13:54:32,19.0600,287,2
2026-03-13,601012,13:54:35,19.0600,801,2
2026-03-13,601012,13:54:38,19.0600,93,1
2026-03-13,601012,13:54:41,19.0500,1939,2
2026-03-13,601012,13:54:44,19.0500,368,1
2026-03-13,601012,13:54:47,19.0400,134,2
2026-03-13,601012,13:54:50,19.0500,314,1
2026-03-13,601012,13:54:53,19.0400,1143,2
2026-03-13,601012,13:54:56,19.0500,549,1
2026-03-13,601012,13:54:59,19.0500,517,2
2026-03-13,601012,13:55:02,19.0500,747,2
2026-03-13,601012,13:55:05,19.0400,583,2
2026-03-13,601012,13:55:08,19.0400,191,2
2026-03-13,601012,13:55:11,19.0400,1261,2
2026-03-13,601012,13:55:14,19.0400,265,2
2026-03-13,601012,13:55:17,19.0500,451,4
2026-03-13,601012,13:55:20,19.0500,621,1
2026-03-13,601012,13:55:23,19.0500,783,1
2026-03-13,601012,13:55:26,19.0500,307,1
2026-03-13,601012,13:55:29,19.0500,209,1
2026-03-13,601012,13:55:32,19.0500,118,1
2026-03-13,601012,13:55:35,19.0400,545,2
2026-03-13,601012,13:55:38,19.0400,733,2
2026-03-13,601012,13:55:41,19.0400,377,2
2026-03-13,601012,13:55:44,19.0400,1144,1
2026-03-13,601012,13:55:47,19.0400,1163,2
2026-03-13,601012,13:55:50,19.0500,673,2
2026-03-13,601012,13:55:53,19.0500,143,2
2026-03-13,601012,13:55:56,19.0500,701,1
2026-03-13,601012,13:55:59,19.0400,153,2
2026-03-13,601012,13:56:02,19.0500,357,1
2026-03-13,601012,13:56:05,19.0500,382,2
2026-03-13,601012,13:56:08,19.0500,498,2
2026-03-13,601012,13:56:11,19.0500,497,2
2026-03-13,601012,13:56:14,19.0500,229,2
2026-03-13,601012,13:56:17,19.0500,76,2
2026-03-13,601012,13:56:20,19.0500,311,2
2026-03-13,601012,13:56:23,19.0500,245,1
2026-03-13,601012,13:56:26,19.0500,872,2
2026-03-13,601012,13:56:29,19.0500,506,1
2026-03-13,601012,13:56:32,19.0500,291,2
2026-03-13,601012,13:56:35,19.0500,528,2
2026-03-13,601012,13:56:38,19.0500,306,2
2026-03-13,601012,13:56:41,19.0500,97,2
2026-03-13,601012,13:56:44,19.0500,276,2
2026-03-13,601012,13:56:47,19.0600,274,1
2026-03-13,601012,13:56:50,19.0600,115,1
2026-03-13,601012,13:56:53,19.0600,180,1
2026-03-13,601012,13:56:56,19.0500,117,2
2026-03-13,601012,13:56:59,19.0500,105,2
2026-03-13,601012,13:57:02,19.0600,98,1
2026-03-13,601012,13:57:05,19.0500,75,2
2026-03-13,601012,13:57:08,19.0500,152,2
2026-03-13,601012,13:57:11,19.0500,34,2
2026-03-13,601012,13:57:14,19.0600,145,1
2026-03-13,601012,13:57:17,19.0600,171,1
2026-03-13,601012,13:57:20,19.0600,147,1
2026-03-13,601012,13:57:23,19.0500,172,2
2026-03-13,601012,13:57:26,19.0500,518,2
2026-03-13,601012,13:57:29,19.0500,859,2
2026-03-13,601012,13:57:32,19.0500,292,1
2026-03-13,601012,13:57:35,19.0500,270,1
2026-03-13,601012,13:57:38,19.0500,344,2
2026-03-13,601012,13:57:41,19.0500,184,2
2026-03-13,601012,13:57:44,19.0500,158,2
2026-03-13,601012,13:57:47,19.0500,328,2
2026-03-13,601012,13:57:50,19.0500,223,2
2026-03-13,601012,13:57:53,19.0600,126,1
2026-03-13,601012,13:57:56,19.0600,144,1
2026-03-13,601012,13:57:59,19.0600,272,1
2026-03-13,601012,13:58:02,19.0600,972,1
2026-03-13,601012,13:58:05,19.0600,67,2
2026-03-13,601012,13:58:08,19.0600,126,2
2026-03-13,601012,13:58:11,19.0600,182,2
2026-03-13,601012,13:58:14,19.0600,341,2
2026-03-13,601012,13:58:17,19.0600,80,2
2026-03-13,601012,13:58:20,19.0600,110,2
2026-03-13,601012,13:58:23,19.0600,537,2
2026-03-13,601012,13:58:26,19.0700,273,1
2026-03-13,601012,13:58:29,19.0700,113,1
2026-03-13,601012,13:58:32,19.0700,233,1
2026-03-13,601012,13:58:35,19.0700,227,1
2026-03-13,601012,13:58:38,19.0700,388,1
2026-03-13,601012,13:58:41,19.0700,248,1
2026-03-13,601012,13:58:44,19.0700,225,2
2026-03-13,601012,13:58:47,19.0800,667,1
2026-03-13,601012,13:58:50,19.0700,435,2
2026-03-13,601012,13:58:53,19.0800,445,1
2026-03-13,601012,13:58:56,19.0700,1868,2
2026-03-13,601012,13:58:59,19.0700,161,1
2026-03-13,601012,13:59:02,19.0600,194,2
2026-03-13,601012,13:59:05,19.0600,354,2
2026-03-13,601012,13:59:08,19.0600,226,1
2026-03-13,601012,13:59:11,19.0600,237,1
2026-03-13,601012,13:59:14,19.0600,232,1
2026-03-13,601012,13:59:17,19.0600,203,1
2026-03-13,601012,13:59:20,19.0600,342,1
2026-03-13,601012,13:59:23,19.0600,234,1
2026-03-13,601012,13:59:26,19.0600,219,1
2026-03-13,601012,13:59:29,19.0600,455,1
2026-03-13,601012,13:59:32,19.0500,198,2
2026-03-13,601012,13:59:35,19.0500,136,2
2026-03-13,601012,13:59:38,19.0500,116,2
2026-03-13,601012,13:59:41,19.0500,2623,2
2026-03-13,601012,13:59:44,19.0500,223,2
2026-03-13,601012,13:59:47,19.0600,269,1
2026-03-13,601012,13:59:50,19.0500,97,4
2026-03-13,601012,13:59:53,19.0500,220,2
2026-03-13,601012,13:59:56,19.0500,139,2
2026-03-13,601012,13:59:59,19.0500,117,1
2026-03-13,601012,14:00:02,19.0500,458,1
2026-03-13,601012,14:00:05,19.0500,175,2
2026-03-13,601012,14:00:08,19.0500,171,2
2026-03-13,601012,14:00:11,19.0500,88,1
2026-03-13,601012,14:00:14,19.0500,234,1
2026-03-13,601012,14:00:17,19.0500,139,1
2026-03-13,601012,14:00:20,19.0500,777,1
2026-03-13,601012,14:00:23,19.0400,268,2
2026-03-13,601012,14:00:26,19.0400,299,2
2026-03-13,601012,14:00:29,19.0500,56,1
2026-03-13,601012,14:00:32,19.0600,106,1
2026-03-13,601012,14:00:35,19.0500,182,2
2026-03-13,601012,14:00:38,19.0500,130,1
2026-03-13,601012,14:00:41,19.0500,275,1
2026-03-13,601012,14:00:44,19.0500,180,1
2026-03-13,601012,14:00:47,19.0500,292,1
2026-03-13,601012,14:00:50,19.0500,47,2
2026-03-13,601012,14:00:53,19.0500,209,2
2026-03-13,601012,14:00:56,19.0600,150,1
2026-03-13,601012,14:00:59,19.0500,198,2
2026-03-13,601012,14:01:02,19.0500,53,2
2026-03-13,601012,14:01:05,19.0600,611,1
2026-03-13,601012,14:01:08,19.0500,204,2
2026-03-13,601012,14:01:11,19.0500,717,2
2026-03-13,601012,14:01:14,19.0500,139,1
2026-03-13,601012,14:01:17,19.0500,146,1
2026-03-13,601012,14:01:20,19.0500,364,1
2026-03-13,601012,14:01:23,19.0500,369,2
2026-03-13,601012,14:01:26,19.0500,186,1
2026-03-13,601012,14:01:29,19.0500,202,1
2026-03-13,601012,14:01:32,19.0500,248,1
2026-03-13,601012,14:01:35,19.0500,46,2
2026-03-13,601012,14:01:38,19.0500,267,2
2026-03-13,601012,14:01:41,19.0600,148,1
2026-03-13,601012,14:01:44,19.0500,121,2
2026-03-13,601012,14:01:47,19.0600,2144,1
2026-03-13,601012,14:01:50,19.0600,108,2
2026-03-13,601012,14:01:53,19.0600,37,2
2026-03-13,601012,14:01:56,19.0600,154,2
2026-03-13,601012,14:01:59,19.0600,362,2
2026-03-13,601012,14:02:02,19.0600,172,2
2026-03-13,601012,14:02:05,19.0600,124,2
2026-03-13,601012,14:02:08,19.0700,91,1
2026-03-13,601012,14:02:11,19.0600,191,2
2026-03-13,601012,14:02:14,19.0700,101,1
2026-03-13,601012,14:02:17,19.0700,48,1
2026-03-13,601012,14:02:20,19.0700,147,1
2026-03-13,601012,14:02:23,19.0700,149,1
2026-03-13,601012,14:02:26,19.0700,178,1
2026-03-13,601012,14:02:29,19.0700,229,1
2026-03-13,601012,14:02:32,19.0700,148,1
2026-03-13,601012,14:02:35,19.0600,1471,2
2026-03-13,601012,14:02:38,19.0700,272,2
2026-03-13,601012,14:02:41,19.0700,150,2
2026-03-13,601012,14:02:44,19.0700,185,2
2026-03-13,601012,14:02:47,19.0700,379,1
2026-03-13,601012,14:02:50,19.0700,188,2
2026-03-13,601012,14:02:53,19.0700,61,1
2026-03-13,601012,14:02:56,19.0700,104,1
2026-03-13,601012,14:02:59,19.0800,352,1
2026-03-13,601012,14:03:02,19.0800,193,1
2026-03-13,601012,14:03:05,19.0800,182,1
2026-03-13,601012,14:03:08,19.0700,171,2
2026-03-13,601012,14:03:11,19.0700,170,2
2026-03-13,601012,14:03:14,19.0700,250,2
2026-03-13,601012,14:03:17,19.0800,806,1
2026-03-13,601012,14:03:20,19.0700,240,2
2026-03-13,601012,14:03:23,19.0700,111,2
2026-03-13,601012,14:03:26,19.0700,122,2
2026-03-13,601012,14:03:29,19.0800,334,1
2026-03-13,601012,14:03:32,19.0800,1238,1
2026-03-13,601012,14:03:35,19.0800,165,2
2026-03-13,601012,14:03:38,19.0800,185,1
2026-03-13,601012,14:03:41,19.0800,253,1
2026-03-13,601012,14:03:44,19.0700,249,2
2026-03-13,601012,14:03:47,19.0700,81,1
2026-03-13,601012,14:03:50,19.0800,51,1
2026-03-13,601012,14:03:53,19.0700,1361,2
2026-03-13,601012,14:03:56,19.0700,199,1
2026-03-13,601012,14:03:59,19.0700,119,1
2026-03-13,601012,14:04:02,19.0700,450,1
2026-03-13,601012,14:04:05,19.0700,297,2
2026-03-13,601012,14:04:08,19.0600,2098,2
2026-03-13,601012,14:04:11,19.0700,161,1
2026-03-13,601012,14:04:14,19.0600,451,2
2026-03-13,601012,14:04:17,19.0600,226,2
2026-03-13,601012,14:04:20,19.0700,56,1
2026-03-13,601012,14:04:23,19.0600,152,2
2026-03-13,601012,14:04:26,19.0600,630,2
2026-03-13,601012,14:04:29,19.0600,236,1
2026-03-13,601012,14:04:32,19.0500,490,2
2026-03-13,601012,14:04:35,19.0600,151,1
2026-03-13,601012,14:04:38,19.0500,295,2
2026-03-13,601012,14:04:41,19.0500,131,2
2026-03-13,601012,14:04:44,19.0500,350,2
2026-03-13,601012,14:04:47,19.0400,1380,2
2026-03-13,601012,14:04:50,19.0400,240,2
2026-03-13,601012,14:04:53,19.0500,441,1
2026-03-13,601012,14:04:56,19.0500,408,1
2026-03-13,601012,14:04:59,19.0500,614,1
2026-03-13,601012,14:05:02,19.0500,285,1
2026-03-13,601012,14:05:05,19.0500,233,1
2026-03-13,601012,14:05:08,19.0400,253,2
2026-03-13,601012,14:05:11,19.0400,375,2
2026-03-13,601012,14:05:14,19.0400,3908,2
2026-03-13,601012,14:05:17,19.0400,284,1
2026-03-13,601012,14:05:20,19.0400,204,1
2026-03-13,601012,14:05:23,19.0400,133,1
2026-03-13,601012,14:05:26,19.0400,3813,1
2026-03-13,601012,14:05:29,19.0500,305,1
2026-03-13,601012,14:05:32,19.0300,276,2
2026-03-13,601012,14:05:35,19.0300,192,2
2026-03-13,601012,14:05:38,19.0300,235,2
2026-03-13,601012,14:05:41,19.0200,195,2
2026-03-13,601012,14:05:44,19.0300,297,2
2026-03-13,601012,14:05:47,19.0300,383,2
2026-03-13,601012,14:05:50,19.0300,296,2
2026-03-13,601012,14:05:53,19.0300,553,1
2026-03-13,601012,14:05:56,19.0300,339,1
2026-03-13,601012,14:05:59,19.0300,114,1
2026-03-13,601012,14:06:02,19.0200,297,2
2026-03-13,601012,14:06:05,19.0300,155,1
2026-03-13,601012,14:06:08,19.0200,751,2
2026-03-13,601012,14:06:11,19.0200,689,2
2026-03-13,601012,14:06:14,19.0300,535,1
2026-03-13,601012,14:06:17,19.0300,2751,1
2026-03-13,601012,14:06:20,19.0300,461,2
2026-03-13,601012,14:06:23,19.0300,344,2
2026-03-13,601012,14:06:26,19.0300,104,1
2026-03-13,601012,14:06:29,19.0200,708,2
2026-03-13,601012,14:06:32,19.0200,218,2
2026-03-13,601012,14:06:35,19.0200,185,2
2026-03-13,601012,14:06:38,19.0200,1091,2
2026-03-13,601012,14:06:41,19.0200,365,2
2026-03-13,601012,14:06:44,19.0300,277,1
2026-03-13,601012,14:06:47,19.0300,479,2
2026-03-13,601012,14:06:50,19.0300,844,2
2026-03-13,601012,14:06:53,19.0300,687,4
2026-03-13,601012,14:06:56,19.0400,238,1
2026-03-13,601012,14:06:59,19.0200,384,2
2026-03-13,601012,14:07:02,19.0300,131,1
2026-03-13,601012,14:07:05,19.0300,83,1
2026-03-13,601012,10:57:11,19.3000,1415,2
2026-03-13,601012,10:57:14,19.3000,241,1
2026-03-13,601012,10:57:17,19.3000,260,1
2026-03-13,601012,10:57:20,19.2900,889,2
2026-03-13,601012,10:57:23,19.2800,85,2
2026-03-13,601012,10:57:26,19.2800,129,2
2026-03-13,601012,10:57:29,19.2800,537,2
2026-03-13,601012,10:57:32,19.2800,318,2
2026-03-13,601012,10:57:35,19.2700,120,2
2026-03-13,601012,10:57:38,19.2800,304,1
2026-03-13,601012,10:57:41,19.2800,480,1
2026-03-13,601012,10:57:44,19.2700,559,2
2026-03-13,601012,10:57:47,19.2800,153,1
2026-03-13,601012,10:57:50,19.2700,197,2
2026-03-13,601012,10:57:53,19.2700,639,2
2026-03-13,601012,10:57:56,19.2700,305,2
2026-03-13,601012,10:57:59,19.2700,585,2
2026-03-13,601012,10:58:02,19.2700,131,1
2026-03-13,601012,10:58:05,19.2600,343,2
2026-03-13,601012,10:58:08,19.2600,214,2
2026-03-13,601012,10:58:11,19.2700,223,2
2026-03-13,601012,10:58:14,19.2800,229,1
2026-03-13,601012,10:58:17,19.2800,734,1
2026-03-13,601012,10:58:20,19.2800,201,1
2026-03-13,601012,10:58:23,19.2800,328,1
2026-03-13,601012,10:58:26,19.2900,215,1
2026-03-13,601012,10:58:29,19.2800,196,2
2026-03-13,601012,10:58:32,19.2900,182,1
2026-03-13,601012,10:58:35,19.2900,480,1
2026-03-13,601012,10:58:38,19.2900,382,1
2026-03-13,601012,10:58:41,19.2900,159,2
2026-03-13,601012,10:58:44,19.3000,172,1
2026-03-13,601012,10:58:47,19.3000,261,1
2026-03-13,601012,10:58:50,19.3000,216,1
2026-03-13,601012,10:58:53,19.3000,405,1
2026-03-13,601012,10:58:56,19.3000,247,1
2026-03-13,601012,10:58:59,19.2900,340,2
2026-03-13,601012,10:59:02,19.3000,513,1
2026-03-13,601012,10:59:05,19.2900,219,2
2026-03-13,601012,10:59:08,19.3000,301,1
2026-03-13,601012,10:59:11,19.3000,167,1
2026-03-13,601012,10:59:14,19.3000,341,2
2026-03-13,601012,10:59:17,19.3000,174,1
2026-03-13,601012,10:59:20,19.3000,233,1
2026-03-13,601012,10:59:23,19.3000,215,1
2026-03-13,601012,10:59:26,19.3000,503,1
2026-03-13,601012,10:59:29,19.3000,622,1
2026-03-13,601012,10:59:32,19.3000,221,1
2026-03-13,601012,10:59:35,19.3000,359,1
2026-03-13,601012,10:59:38,19.3000,234,1
2026-03-13,601012,10:59:41,19.3000,284,1
2026-03-13,601012,10:59:44,19.2900,236,2
2026-03-13,601012,10:59:47,19.3000,118,1
2026-03-13,601012,10:59:50,19.3000,166,1
2026-03-13,601012,10:59:53,19.3000,165,1
2026-03-13,601012,10:59:56,19.3000,271,2
2026-03-13,601012,10:59:59,19.3100,356,1
2026-03-13,601012,11:00:02,19.3100,243,1
2026-03-13,601012,11:00:05,19.3200,372,1
2026-03-13,601012,11:00:08,19.3000,786,2
2026-03-13,601012,11:00:11,19.3000,456,2
2026-03-13,601012,11:00:14,19.3000,94,2
2026-03-13,601012,11:00:17,19.3000,353,2
2026-03-13,601012,11:00:20,19.3100,293,1
2026-03-13,601012,11:00:23,19.3100,142,1
2026-03-13,601012,11:00:26,19.3000,118,2
2026-03-13,601012,11:00:29,19.3000,470,2
2026-03-13,601012,11:00:32,19.3100,411,1
2026-03-13,601012,11:00:35,19.3000,288,2
2026-03-13,601012,11:00:38,19.3100,309,1
2026-03-13,601012,11:00:41,19.3000,308,2
2026-03-13,601012,11:00:44,19.3100,182,1
2026-03-13,601012,11:00:47,19.3000,138,2
2026-03-13,601012,11:00:50,19.3100,372,1
2026-03-13,601012,11:00:53,19.3200,413,1
2026-03-13,601012,11:00:56,19.3100,195,1
2026-03-13,601012,11:00:59,19.3100,144,1
2026-03-13,601012,11:01:02,19.3000,383,2
2026-03-13,601012,11:01:05,19.3000,435,2
2026-03-13,601012,11:01:08,19.3100,347,1
2026-03-13,601012,11:01:11,19.3000,266,2
2026-03-13,601012,11:01:14,19.3000,2021,2
2026-03-13,601012,11:01:17,19.3000,220,2
2026-03-13,601012,11:01:20,19.3000,36,1
2026-03-13,601012,11:01:23,19.3100,958,1
2026-03-13,601012,11:01:26,19.3000,165,2
2026-03-13,601012,11:01:29,19.3100,244,1
2026-03-13,601012,11:01:32,19.3000,271,2
2026-03-13,601012,11:01:35,19.3000,190,2
2026-03-13,601012,11:01:38,19.3000,487,2
2026-03-13,601012,11:01:41,19.3000,375,2
2026-03-13,601012,11:01:44,19.2900,203,2
2026-03-13,601012,11:01:47,19.2900,66,2
2026-03-13,601012,11:01:50,19.3000,213,1
2026-03-13,601012,11:01:53,19.2900,330,2
2026-03-13,601012,11:01:56,19.2900,267,2
2026-03-13,601012,11:01:59,19.2900,783,2
2026-03-13,601012,11:02:02,19.2900,768,2
2026-03-13,601012,11:02:05,19.2900,495,2
2026-03-13,601012,11:02:08,19.3000,1354,1
2026-03-13,601012,11:02:11,19.3000,261,1
2026-03-13,601012,11:02:14,19.3000,968,1
2026-03-13,601012,11:02:17,19.3100,2009,1
2026-03-13,601012,11:02:20,19.3100,321,1
2026-03-13,601012,11:02:23,19.3100,219,1
2026-03-13,601012,11:02:26,19.3100,398,1
2026-03-13,601012,11:02:29,19.3000,340,2
2026-03-13,601012,11:02:32,19.3000,590,2
2026-03-13,601012,11:02:35,19.3100,646,1
2026-03-13,601012,11:02:38,19.3200,130,1
2026-03-13,601012,11:02:41,19.3100,316,2
2026-03-13,601012,11:02:44,19.3100,324,2
2026-03-13,601012,11:02:47,19.3200,111,1
2026-03-13,601012,11:02:50,19.3100,286,2
2026-03-13,601012,11:02:53,19.3200,156,1
2026-03-13,601012,11:02:56,19.3100,993,2
2026-03-13,601012,11:02:59,19.3100,256,2
2026-03-13,601012,11:03:02,19.3100,864,2
2026-03-13,601012,11:03:05,19.3100,253,2
2026-03-13,601012,11:03:08,19.3200,618,1
2026-03-13,601012,11:03:11,19.3200,370,2
2026-03-13,601012,11:03:14,19.3300,316,1
2026-03-13,601012,11:03:17,19.3300,220,1
2026-03-13,601012,11:03:20,19.3200,633,2
2026-03-13,601012,11:03:23,19.3300,220,1
2026-03-13,601012,11:03:26,19.3200,622,2
2026-03-13,601012,11:03:29,19.3300,828,1
2026-03-13,601012,11:03:32,19.3300,442,1
2026-03-13,601012,11:03:35,19.3200,235,2
2026-03-13,601012,11:03:38,19.3300,607,1
2026-03-13,601012,11:03:41,19.3200,659,2
2026-03-13,601012,11:03:44,19.3300,254,1
2026-03-13,601012,11:03:47,19.3300,231,1
2026-03-13,601012,11:03:50,19.3300,519,1
2026-03-13,601012,11:03:53,19.3300,432,2
2026-03-13,601012,11:03:56,19.3300,244,2
2026-03-13,601012,11:03:59,19.3400,230,1
2026-03-13,601012,11:04:02,19.3400,423,1
2026-03-13,601012,11:04:05,19.3300,162,2
2026-03-13,601012,11:04:08,19.3300,400,2
2026-03-13,601012,11:04:11,19.3400,283,1
2026-03-13,601012,11:04:14,19.3300,169,2
2026-03-13,601012,11:04:17,19.3400,833,1
2026-03-13,601012,11:04:20,19.3400,174,1
2026-03-13,601012,11:04:23,19.3400,269,1
2026-03-13,601012,11:04:26,19.3300,347,2
2026-03-13,601012,11:04:29,19.3300,777,2
2026-03-13,601012,11:04:32,19.3300,299,2
2026-03-13,601012,11:04:35,19.3300,548,2
2026-03-13,601012,11:04:38,19.3300,261,2
2026-03-13,601012,11:04:41,19.3300,650,1
2026-03-13,601012,11:04:44,19.3200,354,2
2026-03-13,601012,11:04:47,19.3300,127,1
2026-03-13,601012,11:04:50,19.3300,238,1
2026-03-13,601012,11:04:53,19.3300,886,1
2026-03-13,601012,11:04:56,19.3300,557,1
2026-03-13,601012,11:04:59,19.3400,689,1
2026-03-13,601012,11:05:02,19.3600,11512,1
2026-03-13,601012,11:05:05,19.3600,860,1
2026-03-13,601012,11:05:08,19.3700,3545,1
2026-03-13,601012,11:05:11,19.3800,1169,1
2026-03-13,601012,11:05:14,19.3800,670,1
2026-03-13,601012,11:05:17,19.3700,1318,2
2026-03-13,601012,11:05:20,19.3900,3981,1
2026-03-13,601012,11:05:23,19.3900,5100,1
2026-03-13,601012,11:05:26,19.4000,7360,1
2026-03-13,601012,11:05:29,19.4000,824,1
2026-03-13,601012,11:05:32,19.4000,7982,1
2026-03-13,601012,11:05:35,19.4000,5665,1
2026-03-13,601012,11:05:38,19.4000,2390,1
2026-03-13,601012,11:05:41,19.4100,525,1
2026-03-13,601012,11:05:44,19.4000,623,2
2026-03-13,601012,11:05:47,19.4100,1051,1
2026-03-13,601012,11:05:50,19.4100,2242,1
2026-03-13,601012,11:05:53,19.4200,5796,1
2026-03-13,601012,11:05:56,19.4300,1125,1
2026-03-13,601012,11:05:59,19.4200,1269,2
2026-03-13,601012,11:06:02,19.4200,1139,2
2026-03-13,601012,11:06:05,19.4100,2202,4
2026-03-13,601012,11:06:08,19.4100,1650,1
2026-03-13,601012,11:06:11,19.4000,895,2
2026-03-13,601012,11:06:14,19.4000,1071,2
2026-03-13,601012,11:06:17,19.4000,560,2
2026-03-13,601012,11:06:20,19.4000,465,1
2026-03-13,601012,11:06:23,19.3900,178,2
2026-03-13,601012,11:06:26,19.3900,825,2
2026-03-13,601012,11:06:29,19.3800,853,2
2026-03-13,601012,11:06:32,19.3900,361,1
2026-03-13,601012,11:06:35,19.3900,1972,1
2026-03-13,601012,11:06:38,19.3800,806,2
2026-03-13,601012,11:06:41,19.3800,487,2
2026-03-13,601012,11:06:44,19.3900,501,1
2026-03-13,601012,11:06:47,19.3800,459,2
2026-03-13,601012,11:06:50,19.3800,1895,2
2026-03-13,601012,11:06:53,19.3800,572,2
2026-03-13,601012,11:06:56,19.3900,596,1
2026-03-13,601012,11:06:59,19.3900,485,1
2026-03-13,601012,11:07:02,19.3900,837,1
2026-03-13,601012,11:07:05,19.3900,500,2
2026-03-13,601012,11:07:08,19.3900,310,2
2026-03-13,601012,11:07:11,19.3800,516,2
2026-03-13,601012,11:07:14,19.3900,541,1
2026-03-13,601012,11:07:17,19.4000,300,1
2026-03-13,601012,11:07:20,19.3900,997,2
2026-03-13,601012,11:07:23,19.3900,708,1
2026-03-13,601012,11:07:26,19.3900,410,1
2026-03-13,601012,11:07:29,19.3900,381,1
2026-03-13,601012,11:07:32,19.3800,423,2
2026-03-13,601012,11:07:35,19.4000,536,1
2026-03-13,601012,11:07:38,19.4000,296,1
2026-03-13,601012,11:07:41,19.3900,1648,2
2026-03-13,601012,11:07:44,19.4000,379,1
2026-03-13,601012,11:07:47,19.3900,733,2
2026-03-13,601012,11:07:50,19.3900,503,2
2026-03-13,601012,11:07:53,19.3900,965,2
2026-03-13,601012,11:07:56,19.4000,825,1
2026-03-13,601012,11:07:59,19.3900,1467,2
2026-03-13,601012,11:08:02,19.3900,638,2
2026-03-13,601012,11:08:05,19.4000,736,1
2026-03-13,601012,11:08:08,19.4000,221,2
2026-03-13,601012,11:08:11,19.4000,401,1
2026-03-13,601012,11:08:14,19.4000,515,1
2026-03-13,601012,11:08:17,19.4100,695,1
2026-03-13,601012,11:08:20,19.4100,314,1
2026-03-13,601012,11:08:23,19.4100,765,1
2026-03-13,601012,11:08:26,19.4100,503,1
2026-03-13,601012,11:08:29,19.4000,664,2
2026-03-13,601012,11:08:32,19.4100,257,1
2026-03-13,601012,11:08:35,19.4000,950,2
2026-03-13,601012,11:08:38,19.4100,1548,1
2026-03-13,601012,11:08:41,19.4100,1252,2
2026-03-13,601012,11:08:44,19.4200,914,1
2026-03-13,601012,11:08:47,19.4100,1600,2
2026-03-13,601012,11:08:50,19.4100,525,2
2026-03-13,601012,11:08:53,19.4100,962,2
2026-03-13,601012,11:08:56,19.4200,1035,1
2026-03-13,601012,11:08:59,19.4100,531,2
2026-03-13,601012,11:09:02,19.4200,1052,1
2026-03-13,601012,11:09:05,19.4300,649,1
2026-03-13,601012,11:09:08,19.4300,2991,1
2026-03-13,601012,11:09:11,19.4300,1222,1
2026-03-13,601012,11:09:14,19.4300,164,2
2026-03-13,601012,11:09:17,19.4400,840,1
2026-03-13,601012,11:09:20,19.4300,1501,2
2026-03-13,601012,11:09:23,19.4400,984,1
2026-03-13,601012,11:09:26,19.4400,2912,1
2026-03-13,601012,11:09:29,19.4500,962,1
2026-03-13,601012,11:09:32,19.4400,1092,2
2026-03-13,601012,11:09:35,19.4500,2674,1
2026-03-13,601012,11:09:38,19.4500,3069,1
2026-03-13,601012,11:09:41,19.4500,1696,1
2026-03-13,601012,11:09:44,19.4500,2290,1
2026-03-13,601012,11:09:47,19.4500,2359,1
2026-03-13,601012,11:09:50,19.4500,930,2
2026-03-13,601012,11:09:53,19.4500,1137,2
2026-03-13,601012,11:09:56,19.4600,3516,1
2026-03-13,601012,11:09:59,19.4300,5380,2
2026-03-13,601012,11:10:02,19.4100,2499,2
2026-03-13,601012,11:10:05,19.4100,323,1
2026-03-13,601012,11:10:08,19.4100,674,1
2026-03-13,601012,11:10:11,19.4100,1578,1
2026-03-13,601012,11:10:14,19.4000,695,2
2026-03-13,601012,11:10:17,19.4200,1288,1
2026-03-13,601012,11:10:20,19.3900,4168,2
2026-03-13,601012,11:10:23,19.3700,2489,2
2026-03-13,601012,11:10:26,19.3500,245,2
2026-03-13,601012,11:10:29,19.3500,1181,2
2026-03-13,601012,11:10:32,19.3500,995,2
2026-03-13,601012,11:10:35,19.3500,384,1
2026-03-13,601012,11:10:38,19.3600,228,1
2026-03-13,601012,11:10:41,19.3600,311,2
2026-03-13,601012,11:10:44,19.3600,233,1
2026-03-13,601012,11:10:47,19.3600,360,2
2026-03-13,601012,11:10:50,19.3700,290,1
2026-03-13,601012,11:10:53,19.3700,395,1
2026-03-13,601012,11:10:56,19.3700,769,2
2026-03-13,601012,11:10:59,19.3700,533,2
2026-03-13,601012,11:11:02,19.3600,311,2
2026-03-13,601012,11:11:05,19.3600,377,2
2026-03-13,601012,11:11:08,19.3600,685,2
2026-03-13,601012,11:11:11,19.3600,99,1
2026-03-13,601012,11:11:14,19.3600,1465,1
2026-03-13,601012,11:11:17,19.3500,550,2
2026-03-13,601012,11:11:20,19.3500,102,1
2026-03-13,601012,11:11:23,19.3500,667,1
2026-03-13,601012,11:11:26,19.3600,2047,1
2026-03-13,601012,11:11:29,19.3700,214,1
2026-03-13,601012,11:11:32,19.3600,116,2
2026-03-13,601012,11:11:35,19.3700,402,1
2026-03-13,601012,11:11:38,19.3800,468,1
2026-03-13,601012,11:11:41,19.3500,2399,2
2026-03-13,601012,11:11:44,19.3400,333,2
2026-03-13,601012,11:11:47,19.3400,592,2
2026-03-13,601012,11:11:50,19.3300,449,2
2026-03-13,601012,11:11:53,19.3400,952,1
2026-03-13,601012,11:11:56,19.3300,222,4
2026-03-13,601012,11:11:59,19.3200,317,2
2026-03-13,601012,11:12:02,19.3200,1112,2
2026-03-13,601012,11:12:05,19.3200,1560,2
2026-03-13,601012,11:12:08,19.3200,324,1
2026-03-13,601012,11:12:11,19.3100,699,2
2026-03-13,601012,11:12:14,19.3100,1195,2
2026-03-13,601012,11:12:17,19.3100,440,1
2026-03-13,601012,11:12:20,19.3000,834,2
2026-03-13,601012,11:12:23,19.3100,728,1
2026-03-13,601012,11:12:26,19.3100,485,1
2026-03-13,601012,11:12:29,19.3100,1338,1
2026-03-13,601012,11:12:32,19.3100,462,1
2026-03-13,601012,11:12:35,19.3000,1675,2
2026-03-13,601012,11:12:38,19.3000,244,1
2026-03-13,601012,11:12:41,19.2900,1030,2
2026-03-13,601012,11:12:44,19.2900,894,1
2026-03-13,601012,11:12:47,19.2800,312,2
2026-03-13,601012,11:12:50,19.2900,194,1
2026-03-13,601012,11:12:53,19.2900,587,1
2026-03-13,601012,11:12:56,19.2900,288,4
2026-03-13,601012,11:12:59,19.2800,240,2
2026-03-13,601012,11:13:02,19.2900,345,1
2026-03-13,601012,11:13:05,19.3000,1354,1
2026-03-13,601012,11:13:08,19.3100,356,1
2026-03-13,601012,11:13:11,19.3000,1686,2
2026-03-13,601012,11:13:14,19.3000,442,1
2026-03-13,601012,11:13:17,19.3000,325,1
2026-03-13,601012,11:13:20,19.3000,365,1
2026-03-13,601012,11:13:23,19.3000,526,2
2026-03-13,601012,11:13:26,19.3100,362,1
2026-03-13,601012,11:13:29,19.3100,321,1
2026-03-13,601012,11:13:32,19.3100,669,2
2026-03-13,601012,11:13:35,19.3000,266,2
2026-03-13,601012,11:13:38,19.3200,482,1
2026-03-13,601012,11:13:41,19.3100,74,4
2026-03-13,601012,11:13:44,19.3100,275,1
2026-03-13,601012,11:13:47,19.3200,427,1
2026-03-13,601012,11:13:50,19.3100,314,2
2026-03-13,601012,11:13:53,19.3100,517,2
2026-03-13,601012,11:13:56,19.3000,1473,2
2026-03-13,601012,11:13:59,19.3100,364,4
2026-03-13,601012,11:14:02,19.3200,1606,1
2026-03-13,601012,11:14:05,19.3200,553,1
2026-03-13,601012,11:14:08,19.3100,365,4
2026-03-13,601012,11:14:11,19.3000,199,2
2026-03-13,601012,11:14:14,19.3000,422,2
2026-03-13,601012,11:14:17,19.3100,476,1
2026-03-13,601012,11:14:20,19.3100,273,1
2026-03-13,601012,11:14:23,19.3100,125,1
2026-03-13,601012,11:14:26,19.3100,168,1
2026-03-13,601012,11:14:29,19.3000,446,2
2026-03-13,601012,11:14:32,19.3100,349,1
2026-03-13,601012,11:14:35,19.3000,274,2
2026-03-13,601012,11:14:38,19.3000,335,2
2026-03-13,601012,11:14:41,19.3000,174,2
2026-03-13,601012,11:14:44,19.3000,269,2
2026-03-13,601012,11:14:47,19.3000,243,2
2026-03-13,601012,11:14:50,19.3000,339,2
2026-03-13,601012,11:14:53,19.3000,278,2
2026-03-13,601012,11:14:56,19.3000,289,2
2026-03-13,601012,11:14:59,19.3100,411,1
2026-03-13,601012,11:15:02,19.2900,752,2
2026-03-13,601012,11:15:05,19.2900,119,2
2026-03-13,601012,11:15:08,19.2900,222,2
2026-03-13,601012,11:15:11,19.2900,972,2
2026-03-13,601012,11:15:14,19.2900,294,2
2026-03-13,601012,11:15:17,19.2900,367,2
2026-03-13,601012,11:15:20,19.2900,764,2
2026-03-13,601012,11:15:23,19.3000,391,1
2026-03-13,601012,11:15:26,19.2900,378,2
2026-03-13,601012,11:15:29,19.2900,317,2
2026-03-13,601012,11:15:32,19.2900,217,2
2026-03-13,601012,11:15:35,19.2900,551,1
2026-03-13,601012,11:15:38,19.2800,684,2
2026-03-13,601012,11:15:41,19.2800,556,2
2026-03-13,601012,11:15:44,19.2900,445,1
2026-03-13,601012,11:15:47,19.2900,210,2
2026-03-13,601012,11:15:50,19.2900,308,2
2026-03-13,601012,11:15:53,19.2900,176,1
2026-03-13,601012,11:15:56,19.2800,238,2
2026-03-13,601012,11:15:59,19.2900,189,1
2026-03-13,601012,11:16:02,19.2900,730,1
2026-03-13,601012,11:16:05,19.2900,248,1
2026-03-13,601012,11:16:08,19.2800,382,2
2026-03-13,601012,11:16:11,19.2800,396,2
2026-03-13,601012,11:16:14,19.2800,102,2
2026-03-13,601012,11:16:17,19.2800,100,2
2026-03-13,601012,11:16:20,19.2900,372,1
2026-03-13,601012,11:16:23,19.2800,277,2
2026-03-13,601012,11:16:26,19.2800,440,2
2026-03-13,601012,11:16:29,19.2800,335,2
2026-03-13,601012,11:16:32,19.2800,182,2
2026-03-13,601012,11:16:35,19.2800,176,2
2026-03-13,601012,11:16:38,19.2800,240,2
2026-03-13,601012,11:16:41,19.2800,115,1
2026-03-13,601012,11:16:44,19.2800,385,1
2026-03-13,601012,11:16:47,19.2800,153,2
2026-03-13,601012,11:16:50,19.2800,912,1
2026-03-13,601012,11:16:53,19.2800,996,2
2026-03-13,601012,11:16:56,19.2800,714,2
2026-03-13,601012,11:16:59,19.2900,166,1
2026-03-13,601012,11:17:02,19.2900,43,1
2026-03-13,601012,11:17:05,19.2900,164,2
2026-03-13,601012,11:17:08,19.2900,181,1
2026-03-13,601012,11:17:11,19.2900,115,1
2026-03-13,601012,11:17:14,19.2900,61,1
2026-03-13,601012,11:17:17,19.2800,188,2
2026-03-13,601012,11:17:20,19.2800,515,2
2026-03-13,601012,11:17:23,19.2800,107,2
2026-03-13,601012,11:17:26,19.2800,364,2
2026-03-13,601012,11:17:29,19.2900,256,1
2026-03-13,601012,11:17:32,19.2900,322,1
2026-03-13,601012,11:17:35,19.2900,154,1
2026-03-13,601012,11:17:38,19.2900,569,1
2026-03-13,601012,11:17:41,19.2900,595,1
2026-03-13,601012,11:17:44,19.2800,372,2
2026-03-13,601012,11:17:47,19.2800,204,2
2026-03-13,601012,11:17:50,19.2900,78,1
2026-03-13,601012,11:17:53,19.2900,230,1
2026-03-13,601012,11:17:56,19.2800,196,2
2026-03-13,601012,11:17:59,19.2800,145,2
2026-03-13,601012,11:18:02,19.2700,201,2
2026-03-13,601012,11:18:05,19.2700,79,2
2026-03-13,601012,11:18:08,19.2800,95,1
2026-03-13,601012,11:18:11,19.2800,272,1
2026-03-13,601012,11:18:14,19.2800,842,1
2026-03-13,601012,11:18:17,19.2800,374,1
2026-03-13,601012,11:18:20,19.2700,66,2
2026-03-13,601012,11:18:23,19.2800,616,1
2026-03-13,601012,11:18:26,19.2800,441,2
2026-03-13,601012,11:18:29,19.2800,628,2
2026-03-13,601012,11:18:32,19.2800,856,2
2026-03-13,601012,11:18:35,19.2700,62,2
2026-03-13,601012,11:18:38,19.2700,278,2
2026-03-13,601012,11:18:41,19.2700,507,2
2026-03-13,601012,11:18:44,19.2700,515,2
2026-03-13,601012,11:18:47,19.2800,322,1
2026-03-13,601012,11:18:50,19.2700,158,2
2026-03-13,601012,11:18:53,19.2800,73,1
2026-03-13,601012,11:18:56,19.2700,209,2
2026-03-13,601012,11:18:59,19.2800,59,1
