date,code,time,price,volume,bs
2026-03-16,000001,14:03:36,10.9400,29,1
2026-03-16,000001,14:03:39,10.9400,1,1
2026-03-16,000001,14:03:42,10.9400,7,1
2026-03-16,000001,14:03:48,10.9400,68,1
2026-03-16,000001,14:03:51,10.9400,2157,1
2026-03-16,000001,14:03:54,10.9400,17,1
2026-03-16,000001,14:03:57,10.9400,1,1
2026-03-16,000001,14:04:00,10.9400,63,1
2026-03-16,000001,14:04:03,10.9300,384,2
2026-03-16,000001,14:04:06,10.9400,1,1
2026-03-16,000001,14:04:09,10.9400,20,1
2026-03-16,000001,14:04:12,10.9400,1,1
2026-03-16,000001,14:04:15,10.9400,5,1
2026-03-16,000001,14:04:18,10.9400,2,1
2026-03-16,000001,14:04:21,10.9400,1,1
2026-03-16,000001,14:04:24,10.9300,21,2
2026-03-16,000001,14:04:27,10.9400,30,1
2026-03-16,000001,14:04:33,10.9400,1,1
2026-03-16,000001,14:04:36,10.9400,20,1
2026-03-16,000001,14:04:39,10.9400,41,1
2026-03-16,000001,14:04:42,10.9300,48,2
2026-03-16,000001,14:04:45,10.9300,141,2
2026-03-16,000001,14:04:48,10.9400,38,1
2026-03-16,000001,14:04:51,10.9400,1,1
2026-03-16,000001,14:04:54,10.9300,14,2
2026-03-16,000001,14:04:57,10.9400,2,1
2026-03-16,000001,14:05:00,10.9400,58,1
2026-03-16,000001,14:05:03,10.9400,425,1
2026-03-16,000001,14:05:06,10.9400,34,1
2026-03-16,000001,14:05:09,10.9300,4,2
2026-03-16,000001,14:05:12,10.9300,6,2
2026-03-16,000001,14:05:15,10.9400,542,1
2026-03-16,000001,14:05:18,10.9400,49,1
2026-03-16,000001,14:05:21,10.9400,20,1
2026-03-16,000001,14:05:27,10.9400,3,1
2026-03-16,000001,14:05:30,10.9400,113,1
2026-03-16,000001,14:05:33,10.9300,55,2
2026-03-16,000001,14:05:36,10.9400,14,1
2026-03-16,000001,14:05:39,10.9400,1,1
2026-03-16,000001,14:05:42,10.9400,17,1
2026-03-16,000001,14:05:45,10.9400,13,1
2026-03-16,000001,14:05:48,10.9400,14,1
2026-03-16,000001,14:05:51,10.9300,3,2
2026-03-16,000001,14:05:54,10.9400,8,1
2026-03-16,000001,14:05:57,10.9300,85,2
2026-03-16,000001,14:06:00,10.9300,28,2
2026-03-16,000001,14:06:03,10.9300,172,2
2026-03-16,000001,14:06:06,10.9400,66,1
2026-03-16,000001,14:06:09,10.9300,116,2
2026-03-16,000001,14:06:12,10.9300,20,2
2026-03-16,000001,14:06:15,10.9400,65,1
2026-03-16,000001,14:06:18,10.9300,23,2
2026-03-16,000001,14:06:21,10.9300,44,2
2026-03-16,000001,14:06:24,10.9300,37,2
2026-03-16,000001,14:06:27,10.9300,1470,2
2026-03-16,000001,14:06:30,10.9400,16,1
2026-03-16,000001,14:06:33,10.9300,22,2
2026-03-16,000001,14:06:36,10.9400,9,1
2026-03-16,000001,14:06:39,10.9300,22,2
2026-03-16,000001,14:06:45,10.9400,3,1
2026-03-16,000001,14:06:48,10.9400,42,1
2026-03-16,000001,14:06:51,10.9400,13,1
2026-03-16,000001,14:06:54,10.9300,14,2
2026-03-16,000001,14:06:57,10.9400,25,1
2026-03-16,000001,14:07:00,10.9300,110,2
2026-03-16,000001,14:07:03,10.9300,222,2
2026-03-16,000001,14:07:06,10.9400,90,1
2026-03-16,000001,14:07:09,10.9300,29,2
2026-03-16,000001,14:07:12,10.9400,13,1
2026-03-16,000001,14:07:15,10.9400,263,1
2026-03-16,000001,14:07:18,10.9300,20,2
2026-03-16,000001,14:07:21,10.9300,20,2
2026-03-16,000001,14:07:24,10.9300,23,2
2026-03-16,000001,14:07:27,10.9300,7,2
2026-03-16,000001,14:07:33,10.9300,3,2
2026-03-16,000001,14:07:36,10.9400,28,1
2026-03-16,000001,14:07:39,10.9300,26,2
2026-03-16,000001,14:07:42,10.9400,28,1
2026-03-16,000001,14:07:45,10.9400,26,1
2026-03-16,000001,14:07:48,10.9300,32,2
2026-03-16,000001,14:07:51,10.9300,102,2
2026-03-16,000001,14:07:54,10.9300,59,2
2026-03-16,000001,14:07:57,10.9300,4,2
2026-03-16,000001,14:08:00,10.9300,11,2
2026-03-16,000001,14:08:03,10.9300,338,2
2026-03-16,000001,14:08:06,10.9400,1,1
2026-03-16,000001,14:08:09,10.9400,5,1
2026-03-16,000001,14:08:12,10.9300,38,2
2026-03-16,000001,14:08:15,10.9400,20,1
2026-03-16,000001,14:08:21,10.9300,36,2
2026-03-16,000001,14:08:24,10.9400,133,1
2026-03-16,000001,14:08:27,10.9400,9,1
2026-03-16,000001,14:08:30,10.9400,18,1
2026-03-16,000001,14:08:33,10.9300,2,2
2026-03-16,000001,14:08:36,10.9400,1,1
2026-03-16,000001,14:08:39,10.9400,2,1
2026-03-16,000001,14:08:42,10.9300,2,2
2026-03-16,000001,14:08:45,10.9400,13,1
2026-03-16,000001,14:08:48,10.9400,4,1
2026-03-16,000001,14:08:54,10.9400,4,1
2026-03-16,000001,14:08:57,10.9400,6,1
2026-03-16,000001,14:09:03,10.9300,715,2
2026-03-16,000001,14:09:06,10.9300,18,2
2026-03-16,000001,14:09:09,10.9400,95,1
2026-03-16,000001,14:09:12,10.9300,26,2
2026-03-16,000001,14:09:15,10.9300,101,2
2026-03-16,000001,14:09:18,10.9300,4,2
2026-03-16,000001,14:09:21,10.9300,1,2
2026-03-16,000001,14:09:24,10.9300,40,2
2026-03-16,000001,14:09:27,10.9300,24,2
2026-03-16,000001,14:09:30,10.9300,113,2
2026-03-16,000001,14:09:33,10.9300,39,2
2026-03-16,000001,14:09:36,10.9300,16,2
2026-03-16,000001,14:09:39,10.9300,2,2
2026-03-16,000001,14:09:42,10.9300,2,2
2026-03-16,000001,14:09:45,10.9400,3,1
2026-03-16,000001,14:09:48,10.9300,54,2
2026-03-16,000001,14:09:51,10.9300,21,2
2026-03-16,000001,14:09:54,10.9400,37,1
2026-03-16,000001,14:09:57,10.9300,54,2
2026-03-16,000001,14:10:00,10.9300,915,2
2026-03-16,000001,14:10:03,10.9300,823,2
2026-03-16,000001,14:10:06,10.9200,12,2
2026-03-16,000001,14:10:09,10.9300,86,1
2026-03-16,000001,14:10:12,10.9300,104,1
2026-03-16,000001,14:10:15,10.9300,9,1
2026-03-16,000001,14:10:18,10.9300,127,1
2026-03-16,000001,14:10:21,10.9300,126,1
2026-03-16,000001,14:10:24,10.9400,31,1
2026-03-16,000001,14:10:27,10.9300,21,2
2026-03-16,000001,14:10:30,10.9300,1,2
2026-03-16,000001,14:10:33,10.9400,8,1
2026-03-16,000001,14:10:36,10.9400,20,1
2026-03-16,000001,14:10:39,10.9300,32,2
2026-03-16,000001,14:10:45,10.9400,21,1
2026-03-16,000001,14:10:48,10.9400,41,1
2026-03-16,000001,14:10:51,10.9300,60,2
2026-03-16,000001,14:10:54,10.9400,10,1
2026-03-16,000001,14:10:57,10.9300,4,2
2026-03-16,000001,14:11:00,10.9400,23,1
2026-03-16,000001,14:11:03,10.9400,362,1
2026-03-16,000001,14:11:06,10.9300,59,2
2026-03-16,000001,14:11:09,10.9300,3,2
2026-03-16,000001,14:11:12,10.9300,10,2
2026-03-16,000001,14:11:15,10.9300,57,2
2026-03-16,000001,14:11:18,10.9300,16,2
2026-03-16,000001,14:11:21,10.9300,11,2
2026-03-16,000001,14:11:24,10.9400,8,1
2026-03-16,000001,14:11:27,10.9300,2,2
2026-03-16,000001,14:11:33,10.9300,25,2
2026-03-16,000001,14:11:39,10.9400,43,1
2026-03-16,000001,14:11:42,10.9400,3,1
2026-03-16,000001,14:11:51,10.9400,6,1
2026-03-16,000001,14:11:54,10.9300,20,2
2026-03-16,000001,14:11:57,10.9400,68,1
2026-03-16,000001,14:12:00,10.9300,1,2
2026-03-16,000001,14:12:03,10.9300,389,2
2026-03-16,000001,14:12:06,10.9300,67,2
2026-03-16,000001,14:12:12,10.9400,32,1
2026-03-16,000001,14:12:15,10.9400,85,1
2026-03-16,000001,14:12:18,10.9400,187,1
2026-03-16,000001,14:12:21,10.9300,1,2
2026-03-16,000001,14:12:24,10.9400,6,1
2026-03-16,000001,14:12:27,10.9300,17,2
2026-03-16,000001,14:12:30,10.9300,1,2
2026-03-16,000001,14:12:33,10.9300,17,2
2026-03-16,000001,14:12:36,10.9300,263,2
2026-03-16,000001,14:12:39,10.9300,1,2
2026-03-16,000001,14:12:42,10.9400,1,1
2026-03-16,000001,14:12:45,10.9300,52,2
2026-03-16,000001,14:12:48,10.9300,43,2
2026-03-16,000001,14:12:51,10.9300,7,2
2026-03-16,000001,14:12:54,10.9400,10,1
2026-03-16,000001,14:13:00,10.9300,72,2
2026-03-16,000001,14:13:03,10.9300,130,2
2026-03-16,000001,14:13:06,10.9300,56,2
2026-03-16,000001,14:13:09,10.9300,62,2
2026-03-16,000001,14:13:12,10.9400,42,1
2026-03-16,000001,14:13:15,10.9400,2,1
2026-03-16,000001,14:13:18,10.9300,1,2
2026-03-16,000001,14:13:21,10.9400,2,1
2026-03-16,000001,14:13:27,10.9400,17,1
2026-03-16,000001,14:13:30,10.9400,13,1
2026-03-16,000001,14:13:33,10.9400,29,1
2026-03-16,000001,14:13:36,10.9300,17,2
2026-03-16,000001,14:13:42,10.9300,3,2
2026-03-16,000001,14:13:51,10.9400,1,1
2026-03-16,000001,14:13:54,10.9300,70,2
2026-03-16,000001,14:13:57,10.9300,12,2
2026-03-16,000001,14:14:00,10.9400,3,1
2026-03-16,000001,14:14:03,10.9300,551,2
2026-03-16,000001,14:14:06,10.9300,22,2
2026-03-16,000001,14:14:09,10.9300,43,2
2026-03-16,000001,14:14:12,10.9400,1,1
2026-03-16,000001,14:14:15,10.9400,30,1
2026-03-16,000001,14:14:21,10.9300,269,2
2026-03-16,000001,14:14:24,10.9300,1,2
2026-03-16,000001,14:14:27,10.9400,161,1
2026-03-16,000001,14:14:33,10.9400,1,1
2026-03-16,000001,14:14:36,10.9400,1,1
2026-03-16,000001,14:14:42,10.9400,68,1
2026-03-16,000001,14:14:45,10.9400,2,1
2026-03-16,000001,14:14:48,10.9300,22,2
2026-03-16,000001,14:14:51,10.9400,1,1
2026-03-16,000001,14:14:54,10.9400,6,1
2026-03-16,000001,14:15:00,10.9400,1,1
2026-03-16,000001,14:15:03,10.9400,529,1
2026-03-16,000001,14:15:06,10.9300,4,2
2026-03-16,000001,14:15:09,10.9300,5,2
2026-03-16,000001,14:15:12,10.9400,1,1
2026-03-16,000001,14:15:15,10.9400,12,1
2026-03-16,000001,14:15:21,10.9400,1,1
2026-03-16,000001,14:15:30,10.9400,27,1
2026-03-16,000001,14:15:33,10.9300,9,2
2026-03-16,000001,14:15:36,10.9300,7,2
2026-03-16,000001,14:15:39,10.9300,1,2
2026-03-16,000001,14:15:42,10.9400,1,1
2026-03-16,000001,14:15:45,10.9400,10,1
2026-03-16,000001,14:15:48,10.9300,6,2
2026-03-16,000001,14:15:51,10.9300,19,2
2026-03-16,000001,14:15:54,10.9300,4,2
2026-03-16,000001,14:15:57,10.9300,1,2
2026-03-16,000001,14:16:00,10.9400,1,1
2026-03-16,000001,14:16:03,10.9300,587,2
2026-03-16,000001,14:16:06,10.9300,199,2
2026-03-16,000001,14:16:09,10.9300,34,2
2026-03-16,000001,14:16:12,10.9400,32,1
2026-03-16,000001,14:16:15,10.9400,36,1
2026-03-16,000001,14:16:18,10.9400,83,1
2026-03-16,000001,14:16:21,10.9400,5,1
2026-03-16,000001,14:16:24,10.9400,6,1
2026-03-16,000001,14:16:27,10.9400,359,1
2026-03-16,000001,14:16:30,10.9300,6,2
2026-03-16,000001,14:16:33,10.9300,1,2
2026-03-16,000001,14:16:36,10.9300,2,2
2026-03-16,000001,14:16:39,10.9400,1,1
2026-03-16,000001,14:16:42,10.9300,10,2
2026-03-16,000001,14:16:45,10.9300,1,2
2026-03-16,000001,14:16:48,10.9300,2,2
2026-03-16,000001,14:16:51,10.9400,406,1
2026-03-16,000001,14:16:54,10.9300,28,2
2026-03-16,000001,14:16:57,10.9400,42,1
2026-03-16,000001,14:17:00,10.9400,3,1
2026-03-16,000001,14:17:03,10.9400,550,1
2026-03-16,000001,14:17:06,10.9400,45,1
2026-03-16,000001,14:17:09,10.9400,67,1
2026-03-16,000001,14:17:12,10.9400,47,1
2026-03-16,000001,14:17:15,10.9400,32,1
2026-03-16,000001,14:17:18,10.9400,29,1
2026-03-16,000001,14:17:21,10.9400,835,1
2026-03-16,000001,14:17:24,10.9400,397,1
2026-03-16,000001,14:17:27,10.9300,18,2
2026-03-16,000001,14:17:30,10.9300,6,2
2026-03-16,000001,14:17:33,10.9300,14,2
2026-03-16,000001,14:17:36,10.9400,36,1
2026-03-16,000001,14:17:39,10.9400,43,1
2026-03-16,000001,14:17:42,10.9400,130,1
2026-03-16,000001,14:17:45,10.9300,4,2
2026-03-16,000001,14:17:48,10.9400,432,1
2026-03-16,000001,14:17:51,10.9300,184,2
2026-03-16,000001,14:17:54,10.9300,507,2
2026-03-16,000001,14:17:57,10.9300,127,2
2026-03-16,000001,14:18:00,10.9300,8,2
2026-03-16,000001,14:18:03,10.9300,573,2
2026-03-16,000001,14:18:06,10.9300,4,2
2026-03-16,000001,14:18:09,10.9300,9,2
2026-03-16,000001,14:18:12,10.9300,61,2
2026-03-16,000001,14:18:15,10.9300,1016,2
2026-03-16,000001,14:18:18,10.9400,89,1
2026-03-16,000001,14:18:21,10.9300,1,2
2026-03-16,000001,14:18:24,10.9300,27,2
2026-03-16,000001,14:18:30,10.9400,1,1
2026-03-16,000001,14:18:33,10.9400,113,1
2026-03-16,000001,14:18:36,10.9300,2,2
2026-03-16,000001,14:18:39,10.9400,1,1
2026-03-16,000001,14:18:42,10.9400,37,1
2026-03-16,000001,14:18:48,10.9400,47,1
2026-03-16,000001,14:18:51,10.9300,1,2
2026-03-16,000001,14:18:57,10.9400,25,1
2026-03-16,000001,14:19:00,10.9400,6,1
2026-03-16,000001,14:19:03,10.9300,565,2
2026-03-16,000001,14:19:06,10.9300,3,2
2026-03-16,000001,14:19:09,10.9400,53,1
2026-03-16,000001,14:19:15,10.9400,37,1
2026-03-16,000001,14:19:18,10.9400,25,1
2026-03-16,000001,14:19:24,10.9300,112,2
2026-03-16,000001,14:19:27,10.9400,31,1
2026-03-16,000001,14:19:30,10.9300,3,2
2026-03-16,000001,14:19:33,10.9400,8,1
2026-03-16,000001,14:19:36,10.9300,151,2
2026-03-16,000001,14:19:39,10.9300,45,2
2026-03-16,000001,14:19:42,10.9400,4,1
2026-03-16,000001,14:19:45,10.9400,55,1
2026-03-16,000001,14:19:48,10.9300,13,2
2026-03-16,000001,14:19:51,10.9400,44,1
2026-03-16,000001,14:19:54,10.9400,12,1
2026-03-16,000001,14:19:57,10.9400,27,1
2026-03-16,000001,14:20:00,10.9400,33,1
2026-03-16,000001,14:20:03,10.9400,573,1
2026-03-16,000001,14:20:06,10.9300,40,2
2026-03-16,000001,14:20:09,10.9400,17,1
2026-03-16,000001,14:20:15,10.9400,2,1
2026-03-16,000001,14:20:18,10.9400,21,1
2026-03-16,000001,14:20:21,10.9300,19,2
2026-03-16,000001,14:20:24,10.9300,51,2
2026-03-16,000001,14:20:27,10.9300,241,2
2026-03-16,000001,14:20:30,10.9300,59,2
2026-03-16,000001,14:20:33,10.9300,22,2
2026-03-16,000001,14:20:36,10.9400,48,1
2026-03-16,000001,14:20:39,10.9400,1,1
2026-03-16,000001,14:20:42,10.9400,9,1
2026-03-16,000001,14:20:48,10.9300,51,2
2026-03-16,000001,14:20:51,10.9400,36,1
2026-03-16,000001,14:20:54,10.9400,165,1
2026-03-16,000001,14:20:57,10.9300,33,2
2026-03-16,000001,14:21:00,10.9400,5,1
2026-03-16,000001,14:21:03,10.9400,5,1
2026-03-16,000001,14:21:06,10.9400,17,1
2026-03-16,000001,14:21:09,10.9400,25,1
2026-03-16,000001,14:21:12,10.9300,25,2
2026-03-16,000001,14:21:15,10.9400,6,1
2026-03-16,000001,14:21:18,10.9400,1,1
2026-03-16,000001,14:21:21,10.9400,4,1
2026-03-16,000001,14:21:27,10.9400,163,1
2026-03-16,000001,14:21:30,10.9400,1,1
2026-03-16,000001,14:21:33,10.9300,18,2
2026-03-16,000001,14:21:36,10.9400,18,1
2026-03-16,000001,14:21:39,10.9400,8,1
2026-03-16,000001,14:21:45,10.9400,40,1
2026-03-16,000001,14:21:48,10.9400,1,1
2026-03-16,000001,14:21:51,10.9400,15,1
2026-03-16,000001,14:21:54,10.9300,1,2
2026-03-16,000001,14:21:57,10.9300,69,2
2026-03-16,000001,14:22:00,10.9400,62,1
2026-03-16,000001,14:22:03,10.9300,23,2
2026-03-16,000001,14:22:06,10.9400,1,1
2026-03-16,000001,14:22:09,10.9300,16,2
2026-03-16,000001,14:22:12,10.9300,3,2
2026-03-16,000001,14:22:15,10.9400,1,1
2026-03-16,000001,14:22:18,10.9300,1,2
2026-03-16,000001,14:22:21,10.9400,24,1
2026-03-16,000001,14:22:24,10.9400,64,1
2026-03-16,000001,14:22:27,10.9300,11,2
2026-03-16,000001,14:22:30,10.9400,15,1
2026-03-16,000001,14:22:33,10.9400,10,1
2026-03-16,000001,14:22:36,10.9400,1,1
2026-03-16,000001,14:22:39,10.9400,47,1
2026-03-16,000001,14:22:42,10.9400,131,1
2026-03-16,000001,14:22:45,10.9400,1,1
2026-03-16,000001,14:22:48,10.9400,20,1
2026-03-16,000001,14:22:54,10.9400,12,1
2026-03-16,000001,14:22:57,10.9400,1,1
2026-03-16,000001,14:23:00,10.9400,125,1
2026-03-16,000001,14:23:03,10.9400,577,1
2026-03-16,000001,14:23:06,10.9300,10,2
2026-03-16,000001,14:23:09,10.9400,36,1
2026-03-16,000001,14:23:12,10.9400,73,1
2026-03-16,000001,14:23:15,10.9400,1,1
2026-03-16,000001,14:23:18,10.9400,70,1
2026-03-16,000001,14:23:21,10.9300,16,2
2026-03-16,000001,14:23:24,10.9400,14,1
2026-03-16,000001,14:23:27,10.9400,45,1
2026-03-16,000001,14:23:33,10.9300,98,2
2026-03-16,000001,14:23:36,10.9400,32,1
2026-03-16,000001,14:23:39,10.9400,94,1
2026-03-16,000001,14:23:42,10.9300,2,2
2026-03-16,000001,14:23:45,10.9400,9,1
2026-03-16,000001,14:23:48,10.9300,35,2
2026-03-16,000001,14:23:51,10.9400,36,1
2026-03-16,000001,14:23:54,10.9400,1,1
2026-03-16,000001,14:23:57,10.9400,26,1
2026-03-16,000001,14:24:00,10.9400,58,1
2026-03-16,000001,14:24:03,10.9300,845,2
2026-03-16,000001,14:24:06,10.9300,118,2
2026-03-16,000001,14:24:09,10.9400,33,1
2026-03-16,000001,14:24:12,10.9400,12,1
2026-03-16,000001,14:24:15,10.9400,47,1
2026-03-16,000001,14:24:18,10.9400,16,1
2026-03-16,000001,14:24:21,10.9400,16,1
2026-03-16,000001,14:24:24,10.9300,63,2
2026-03-16,000001,14:24:27,10.9400,46,1
2026-03-16,000001,14:24:30,10.9300,26,2
2026-03-16,000001,14:24:33,10.9400,69,1
2026-03-16,000001,14:24:36,10.9400,28,1
2026-03-16,000001,14:24:39,10.9400,13,1
2026-03-16,000001,14:24:42,10.9300,7,2
2026-03-16,000001,14:24:45,10.9300,15,2
2026-03-16,000001,14:24:48,10.9300,51,2
2026-03-16,000001,14:24:51,10.9400,13,1
2026-03-16,000001,14:24:54,10.9400,17,1
2026-03-16,000001,14:24:57,10.9300,13,2
2026-03-16,000001,14:25:00,10.9400,8,1
2026-03-16,000001,14:25:03,10.9300,294,2
2026-03-16,000001,14:25:06,10.9300,21,2
2026-03-16,000001,14:25:09,10.9300,1,2
2026-03-16,000001,14:25:12,10.9300,501,2
2026-03-16,000001,14:25:15,10.9400,47,1
2026-03-16,000001,14:25:18,10.9300,184,2
2026-03-16,000001,14:25:21,10.9300,2,2
2026-03-16,000001,14:25:24,10.9300,48,2
2026-03-16,000001,14:25:30,10.9300,55,2
2026-03-16,000001,14:25:33,10.9300,111,2
2026-03-16,000001,14:25:36,10.9300,102,2
2026-03-16,000001,14:25:39,10.9400,5,1
2026-03-16,000001,14:25:42,10.9300,1,2
2026-03-16,000001,14:25:45,10.9400,85,1
2026-03-16,000001,14:25:48,10.9300,6,2
2026-03-16,000001,14:25:51,10.9300,1,2
2026-03-16,000001,14:25:54,10.9400,2,1
2026-03-16,000001,14:25:57,10.9300,48,2
2026-03-16,000001,14:26:00,10.9300,10,2
2026-03-16,000001,14:26:03,10.9400,64,1
2026-03-16,000001,14:26:06,10.9300,46,2
2026-03-16,000001,14:26:09,10.9300,6,2
2026-03-16,000001,14:26:12,10.9300,503,2
2026-03-16,000001,14:26:15,10.9400,1,1
2026-03-16,000001,14:26:18,10.9300,102,2
2026-03-16,000001,14:26:21,10.9300,1,2
2026-03-16,000001,14:26:24,10.9400,58,1
2026-03-16,000001,14:26:27,10.9400,63,1
2026-03-16,000001,14:26:30,10.9400,70,1
2026-03-16,000001,14:26:33,10.9300,7,2
2026-03-16,000001,14:26:36,10.9400,21,1
2026-03-16,000001,14:26:39,10.9400,12,1
2026-03-16,000001,14:26:42,10.9400,4,1
2026-03-16,000001,14:26:45,10.9400,5,1
2026-03-16,000001,14:26:48,10.9400,10,1
2026-03-16,000001,14:26:51,10.9400,48,1
2026-03-16,000001,14:26:54,10.9300,36,2
2026-03-16,000001,14:26:57,10.9400,125,1
2026-03-16,000001,14:27:00,10.9400,111,1
2026-03-16,000001,14:27:03,10.9300,668,2
2026-03-16,000001,14:27:06,10.9300,26,2
2026-03-16,000001,14:27:09,10.9400,16,1
2026-03-16,000001,14:27:12,10.9400,2,1
2026-03-16,000001,14:27:15,10.9400,29,1
2026-03-16,000001,14:27:18,10.9300,1,2
2026-03-16,000001,14:27:21,10.9300,17,2
2026-03-16,000001,14:27:24,10.9400,1,1
2026-03-16,000001,14:27:27,10.9400,2,1
2026-03-16,000001,14:27:30,10.9300,42,2
2026-03-16,000001,14:27:33,10.9300,8,2
2026-03-16,000001,14:27:36,10.9300,51,2
2026-03-16,000001,14:27:39,10.9300,1,2
2026-03-16,000001,14:27:42,10.9400,2,1
2026-03-16,000001,14:27:45,10.9400,129,1
2026-03-16,000001,14:27:48,10.9300,4,2
2026-03-16,000001,14:27:51,10.9300,23,2
2026-03-16,000001,14:27:54,10.9400,1,1
2026-03-16,000001,14:27:57,10.9300,50,2
2026-03-16,000001,14:28:00,10.9300,55,2
2026-03-16,000001,14:28:03,10.9300,266,2
2026-03-16,000001,14:28:06,10.9300,12,2
2026-03-16,000001,14:28:09,10.9400,12,1
2026-03-16,000001,14:28:12,10.9400,16,1
2026-03-16,000001,14:28:15,10.9300,37,2
2026-03-16,000001,14:28:21,10.9300,13,2
2026-03-16,000001,14:28:24,10.9300,24,2
2026-03-16,000001,14:28:27,10.9300,52,2
2026-03-16,000001,14:28:30,10.9300,120,2
2026-03-16,000001,14:28:33,10.9400,26,1
2026-03-16,000001,14:28:36,10.9300,16,2
2026-03-16,000001,14:28:39,10.9400,2320,1
2026-03-16,000001,14:28:42,10.9400,134,1
2026-03-16,000001,14:28:48,10.9400,15,1
2026-03-16,000001,14:28:51,10.9400,5,1
2026-03-16,000001,14:28:54,10.9400,1,1
2026-03-16,000001,14:29:00,10.9400,7,1
2026-03-16,000001,14:29:03,10.9300,1380,2
2026-03-16,000001,14:29:06,10.9300,550,2
2026-03-16,000001,14:29:09,10.9300,32,2
2026-03-16,000001,14:29:12,10.9300,85,2
2026-03-16,000001,14:29:15,10.9300,300,2
2026-03-16,000001,14:29:18,10.9300,19,2
2026-03-16,000001,14:29:21,10.9400,7,1
2026-03-16,000001,14:29:24,10.9400,2,1
2026-03-16,000001,14:29:27,10.9400,14,1
2026-03-16,000001,14:29:30,10.9400,16,1
2026-03-16,000001,14:29:33,10.9400,63,1
2026-03-16,000001,14:29:36,10.9300,43,2
2026-03-16,000001,14:29:39,10.9300,16,2
2026-03-16,000001,14:29:42,10.9300,39,2
2026-03-16,000001,14:29:45,10.9400,248,1
2026-03-16,000001,14:29:48,10.9300,156,2
2026-03-16,000001,14:29:51,10.9300,58,2
2026-03-16,000001,14:29:54,10.9300,1,2
2026-03-16,000001,14:29:57,10.9300,50,2
2026-03-16,000001,14:30:00,10.9400,41,1
2026-03-16,000001,14:30:03,10.9400,308,1
2026-03-16,000001,14:30:06,10.9300,44,2
2026-03-16,000001,14:30:09,10.9300,20,2
2026-03-16,000001,14:30:12,10.9300,45,2
2026-03-16,000001,14:30:15,10.9300,41,2
2026-03-16,000001,14:30:21,10.9300,2,2
2026-03-16,000001,14:30:24,10.9300,3,2
2026-03-16,000001,14:30:27,10.9400,90,1
2026-03-16,000001,14:30:30,10.9400,8,1
2026-03-16,000001,14:30:33,10.9300,621,2
2026-03-16,000001,14:30:36,10.9300,19,2
2026-03-16,000001,14:30:39,10.9300,215,2
2026-03-16,000001,14:30:42,10.9300,7,2
2026-03-16,000001,14:30:45,10.9400,16,1
2026-03-16,000001,14:30:48,10.9300,12,2
2026-03-16,000001,14:30:51,10.9400,1,1
2026-03-16,000001,14:30:54,10.9400,31,1
2026-03-16,000001,14:30:57,10.9300,109,2
2026-03-16,000001,14:31:00,10.9400,53,1
2026-03-16,000001,14:31:03,10.9300,252,2
2026-03-16,000001,14:31:06,10.9300,1986,2
2026-03-16,000001,14:31:09,10.9300,408,1
2026-03-16,000001,14:31:12,10.9300,74,2
2026-03-16,000001,14:31:15,10.9400,10,1
2026-03-16,000001,14:31:18,10.9400,2,1
2026-03-16,000001,14:31:21,10.9400,17,1
2026-03-16,000001,14:31:30,10.9300,16,2
2026-03-16,000001,14:31:33,10.9400,202,1
2026-03-16,000001,14:31:36,10.9300,11,2
2026-03-16,000001,14:31:39,10.9400,1,1
2026-03-16,000001,14:31:42,10.9300,2,2
2026-03-16,000001,14:31:45,10.9400,12,1
2026-03-16,000001,14:31:48,10.9400,39,1
2026-03-16,000001,14:31:51,10.9300,2,2
2026-03-16,000001,14:31:57,10.9400,27,1
2026-03-16,000001,14:32:00,10.9400,117,1
2026-03-16,000001,14:32:03,10.9300,504,2
2026-03-16,000001,14:32:06,10.9300,13,2
2026-03-16,000001,14:32:12,10.9300,4,2
2026-03-16,000001,14:32:18,10.9300,1,2
2026-03-16,000001,14:32:21,10.9300,7,2
2026-03-16,000001,14:32:24,10.9400,151,1
2026-03-16,000001,14:32:30,10.9400,7,1
2026-03-16,000001,14:32:33,10.9300,59,2
2026-03-16,000001,14:32:36,10.9300,10,2
2026-03-16,000001,14:32:39,10.9400,2,1
2026-03-16,000001,14:32:45,10.9300,1,2
2026-03-16,000001,14:32:48,10.9400,36,1
2026-03-16,000001,14:32:51,10.9400,15,1
2026-03-16,000001,14:32:54,10.9300,27,2
2026-03-16,000001,14:33:00,10.9400,8,1
2026-03-16,000001,14:33:03,10.9400,103,1
2026-03-16,000001,14:33:06,10.9300,59,2
2026-03-16,000001,14:33:09,10.9400,2,1
2026-03-16,000001,14:33:12,10.9300,19,2
2026-03-16,000001,14:33:15,10.9300,1,2
2026-03-16,000001,14:33:18,10.9400,24,1
2026-03-16,000001,14:33:21,10.9400,15,1
2026-03-16,000001,14:33:24,10.9400,12,1
2026-03-16,000001,14:33:27,10.9300,29,2
2026-03-16,000001,14:33:30,10.9300,14,2
2026-03-16,000001,14:33:33,10.9400,52,1
2026-03-16,000001,14:33:36,10.9400,70,1
2026-03-16,000001,14:33:39,10.9400,19,1
2026-03-16,000001,14:33:42,10.9300,1,2
2026-03-16,000001,14:33:45,10.9300,6,2
2026-03-16,000001,14:33:48,10.9300,6,2
2026-03-16,000001,14:33:57,10.9300,2,2
2026-03-16,000001,14:34:00,10.9300,53,2
2026-03-16,000001,14:34:03,10.9300,77,2
2026-03-16,000001,14:34:06,10.9400,37,1
2026-03-16,000001,14:34:09,10.9300,35,2
2026-03-16,000001,14:34:12,10.9300,1,2
2026-03-16,000001,14:34:15,10.9400,121,1
2026-03-16,000001,14:34:18,10.9400,20,1
2026-03-16,000001,14:34:21,10.9300,4,2
2026-03-16,000001,14:34:24,10.9400,1,1
2026-03-16,000001,14:34:27,10.9400,73,1
2026-03-16,000001,14:34:30,10.9300,12,2
2026-03-16,000001,14:34:33,10.9300,10,2
2026-03-16,000001,14:34:36,10.9400,43,1
2026-03-16,000001,14:34:39,10.9300,105,2
2026-03-16,000001,14:34:42,10.9300,24,2
2026-03-16,000001,14:34:45,10.9400,12,1
2026-03-16,000001,14:34:48,10.9300,51,2
2026-03-16,000001,14:34:51,10.9400,11,1
2026-03-16,000001,14:34:54,10.9300,152,2
2026-03-16,000001,14:34:57,10.9400,50,1
2026-03-16,000001,14:35:00,10.9300,103,2
2026-03-16,000001,14:35:03,10.9400,604,1
2026-03-16,000001,14:35:06,10.9400,65,1
2026-03-16,000001,14:35:12,10.9300,63,2
2026-03-16,000001,14:35:18,10.9300,1691,2
2026-03-16,000001,14:35:21,10.9400,90,1
2026-03-16,000001,14:35:24,10.9400,24,1
2026-03-16,000001,14:35:27,10.9400,68,1
2026-03-16,000001,14:35:30,10.9300,8,2
2026-03-16,000001,14:35:33,10.9400,1319,1
2026-03-16,000001,14:35:36,10.9400,25,1
2026-03-16,000001,14:35:39,10.9400,12,1
2026-03-16,000001,14:35:42,10.9400,25,1
2026-03-16,000001,14:35:45,10.9400,134,1
2026-03-16,000001,14:35:48,10.9400,3,1
2026-03-16,000001,14:35:51,10.9400,40,1
2026-03-16,000001,14:35:54,10.9400,106,1
2026-03-16,000001,14:35:57,10.9300,56,2
2026-03-16,000001,14:36:00,10.9400,26,1
2026-03-16,000001,14:36:03,10.9300,26,2
2026-03-16,000001,14:36:06,10.9400,12,1
2026-03-16,000001,14:36:09,10.9400,30,1
2026-03-16,000001,14:36:12,10.9400,17,1
2026-03-16,000001,14:36:15,10.9400,26,1
2026-03-16,000001,14:36:18,10.9300,206,2
2026-03-16,000001,14:36:21,10.9400,110,1
2026-03-16,000001,14:36:24,10.9300,21,2
2026-03-16,000001,14:36:30,10.9300,315,2
2026-03-16,000001,14:36:33,10.9400,5,1
2026-03-16,000001,14:36:36,10.9300,54,2
2026-03-16,000001,14:36:39,10.9400,229,1
2026-03-16,000001,14:36:42,10.9300,1,2
2026-03-16,000001,14:36:45,10.9300,82,2
2026-03-16,000001,14:36:48,10.9300,70,2
2026-03-16,000001,14:37:00,10.9300,25,2
2026-03-16,000001,14:37:03,10.9300,99,2
2026-03-16,000001,14:37:06,10.9300,173,2
2026-03-16,000001,14:37:09,10.9300,96,2
2026-03-16,000001,14:37:12,10.9400,18,1
2026-03-16,000001,14:37:15,10.9400,10,1
2026-03-16,000001,14:37:18,10.9400,33,1
2026-03-16,000001,14:37:24,10.9300,9,2
2026-03-16,000001,14:37:27,10.9300,75,2
2026-03-16,000001,14:37:30,10.9400,7,1
2026-03-16,000001,14:37:33,10.9300,16,2
2026-03-16,000001,14:37:36,10.9300,226,2
2026-03-16,000001,14:37:39,10.9300,141,2
2026-03-16,000001,14:37:42,10.9300,14,2
2026-03-16,000001,14:37:45,10.9300,63,2
2026-03-16,000001,14:37:48,10.9300,37,2
2026-03-16,000001,14:37:51,10.9300,16,2
2026-03-16,000001,14:37:54,10.9300,8,2
2026-03-16,000001,14:37:57,10.9300,74,2
2026-03-16,000001,14:38:00,10.9400,67,1
2026-03-16,000001,14:38:03,10.9400,5,1
2026-03-16,000001,14:38:06,10.9300,403,2
2026-03-16,000001,14:38:09,10.9300,68,2
2026-03-16,000001,14:38:12,10.9300,901,2
2026-03-16,000001,14:38:15,10.9300,1994,2
2026-03-16,000001,14:38:18,10.9300,77,2
2026-03-16,000001,14:38:21,10.9300,104,1
2026-03-16,000001,14:38:24,10.9300,365,1
2026-03-16,000001,14:38:27,10.9300,255,2
2026-03-16,000001,14:38:30,10.9300,68,2
2026-03-16,000001,14:38:33,10.9300,66,2
2026-03-16,000001,14:38:36,10.9300,32,2
2026-03-16,000001,14:38:39,10.9300,133,2
2026-03-16,000001,14:38:42,10.9300,104,2
2026-03-16,000001,14:38:45,10.9300,174,1
2026-03-16,000001,14:38:48,10.9300,102,1
2026-03-16,000001,14:38:51,10.9300,39,2
2026-03-16,000001,14:38:54,10.9300,22,2
2026-03-16,000001,14:39:00,10.9400,98,1
2026-03-16,000001,14:39:03,10.9300,149,2
2026-03-16,000001,14:39:06,10.9400,24,1
2026-03-16,000001,14:39:09,10.9300,46,2
2026-03-16,000001,14:39:15,10.9300,90,2
2026-03-16,000001,14:39:18,10.9300,100,1
2026-03-16,000001,14:39:21,10.9300,87,2
2026-03-16,000001,14:39:24,10.9300,25,2
2026-03-16,000001,14:39:27,10.9300,25,2
2026-03-16,000001,14:39:30,10.9300,116,2
2026-03-16,000001,14:39:33,10.9400,18,1
2026-03-16,000001,14:39:36,10.9300,72,2
2026-03-16,000001,14:39:39,10.9300,13,2
2026-03-16,000001,14:39:42,10.9400,2,1
2026-03-16,000001,14:39:45,10.9400,50,1
2026-03-16,000001,14:39:48,10.9300,10,2
2026-03-16,000001,14:39:51,10.9300,26,2
2026-03-16,000001,14:39:54,10.9300,2,2
2026-03-16,000001,14:39:57,10.9300,14,2
2026-03-16,000001,14:40:00,10.9200,2021,2
2026-03-16,000001,14:40:03,10.9300,109,1
2026-03-16,000001,14:40:06,10.9200,164,2
2026-03-16,000001,14:40:09,10.9300,12,1
2026-03-16,000001,14:40:12,10.9400,113,1
2026-03-16,000001,14:40:15,10.9300,58,2
2026-03-16,000001,14:40:18,10.9300,80,1
2026-03-16,000001,14:40:21,10.9300,16,1
2026-03-16,000001,14:40:24,10.9300,59,1
2026-03-16,000001,14:40:27,10.9200,51,2
2026-03-16,000001,14:40:33,10.9300,17,1
2026-03-16,000001,14:40:36,10.9200,1,2
2026-03-16,000001,14:40:39,10.9300,43,1
2026-03-16,000001,14:40:42,10.9400,257,1
2026-03-16,000001,14:40:45,10.9400,45,1
2026-03-16,000001,14:40:48,10.9300,5,2
2026-03-16,000001,14:40:51,10.9300,43,2
2026-03-16,000001,14:40:54,10.9300,60,2
2026-03-16,000001,14:40:57,10.9400,76,1
2026-03-16,000001,14:41:03,10.9300,126,2
2026-03-16,000001,14:41:06,10.9400,52,1
2026-03-16,000001,14:41:12,10.9400,34,1
2026-03-16,000001,14:41:15,10.9400,60,1
2026-03-16,000001,14:41:18,10.9400,36,1
2026-03-16,000001,14:41:21,10.9300,52,2
2026-03-16,000001,14:41:24,10.9400,34,1
2026-03-16,000001,14:41:27,10.9300,15,2
2026-03-16,000001,14:41:30,10.9300,6,2
2026-03-16,000001,14:41:33,10.9300,10,2
2026-03-16,000001,14:41:36,10.9300,7,2
2026-03-16,000001,14:41:39,10.9400,10,1
2026-03-16,000001,14:41:42,10.9300,57,2
2026-03-16,000001,14:41:45,10.9300,20,2
2026-03-16,000001,14:41:48,10.9300,4,2
2026-03-16,000001,14:41:51,10.9400,2,1
2026-03-16,000001,14:41:54,10.9400,88,1
2026-03-16,000001,14:41:57,10.9300,28,2
2026-03-16,000001,14:42:00,10.9300,1,2
2026-03-16,000001,14:42:03,10.9300,715,2
2026-03-16,000001,14:42:06,10.9300,115,2
2026-03-16,000001,14:42:09,10.9300,282,2
2026-03-16,000001,14:42:12,10.9300,23,2
2026-03-16,000001,14:42:15,10.9300,82,2
2026-03-16,000001,14:42:18,10.9300,172,2
2026-03-16,000001,14:42:21,10.9400,25,1
2026-03-16,000001,14:42:24,10.9300,14,2
2026-03-16,000001,14:42:27,10.9300,1,2
2026-03-16,000001,14:42:30,10.9400,39,1
2026-03-16,000001,14:42:33,10.9400,26,1
2026-03-16,000001,14:42:36,10.9300,21,2
2026-03-16,000001,14:42:39,10.9300,37,2
2026-03-16,000001,14:42:42,10.9300,521,2
2026-03-16,000001,14:42:45,10.9300,25,2
2026-03-16,000001,14:42:48,10.9300,4,2
2026-03-16,000001,14:42:51,10.9400,80,1
2026-03-16,000001,14:42:54,10.9300,174,2
2026-03-16,000001,14:42:57,10.9300,269,2
2026-03-16,000001,14:43:00,10.9400,435,1
2026-03-16,000001,14:43:03,10.9400,117,1
2026-03-16,000001,14:43:06,10.9300,41,2
2026-03-16,000001,14:43:09,10.9400,67,1
2026-03-16,000001,14:43:12,10.9300,5,2
2026-03-16,000001,14:43:15,10.9400,875,1
2026-03-16,000001,14:43:18,10.9400,69,1
2026-03-16,000001,14:43:21,10.9400,87,1
2026-03-16,000001,14:43:24,10.9400,177,1
2026-03-16,000001,14:43:27,10.9300,6618,2
2026-03-16,000001,14:43:30,10.9300,240,1
2026-03-16,000001,14:43:33,10.9300,39,1
2026-03-16,000001,14:43:36,10.9300,96,1
2026-03-16,000001,14:43:39,10.9200,519,2
2026-03-16,000001,14:43:42,10.9300,173,1
2026-03-16,000001,14:43:48,10.9200,52,2
2026-03-16,000001,14:43:51,10.9300,18,1
2026-03-16,000001,14:43:54,10.9300,39,1
2026-03-16,000001,14:43:57,10.9300,64,1
2026-03-16,000001,14:44:00,10.9300,27,1
2026-03-16,000001,14:44:03,10.9300,224,1
2026-03-16,000001,14:44:06,10.9200,23,2
2026-03-16,000001,14:44:09,10.9300,20,1
2026-03-16,000001,14:44:12,10.9200,982,2
2026-03-16,000001,14:44:15,10.9300,40,1
2026-03-16,000001,14:44:18,10.9200,88,2
2026-03-16,000001,14:44:21,10.9300,13,1
2026-03-16,000001,14:44:24,10.9300,2,1
2026-03-16,000001,14:44:27,10.9300,15,1
2026-03-16,000001,14:44:30,10.9300,71,1
2026-03-16,000001,14:44:33,10.9200,81,2
2026-03-16,000001,14:44:36,10.9200,4,2
2026-03-16,000001,14:44:39,10.9200,22,2
2026-03-16,000001,14:44:42,10.9200,3,2
2026-03-16,000001,14:44:45,10.9200,60,2
2026-03-16,000001,14:44:48,10.9300,20,1
2026-03-16,000001,14:44:54,10.9200,11,2
2026-03-16,000001,14:44:57,10.9300,45,1
2026-03-16,000001,14:45:00,10.9200,29,2
2026-03-16,000001,14:45:03,10.9200,221,2
2026-03-16,000001,14:45:06,10.9200,224,2
2026-03-16,000001,14:45:09,10.9200,92,2
2026-03-16,000001,14:45:12,10.9300,83,1
2026-03-16,000001,14:45:15,10.9200,34,2
2026-03-16,000001,14:45:18,10.9200,4,2
2026-03-16,000001,14:45:21,10.9200,3,2
2026-03-16,000001,14:45:24,10.9300,26,1
2026-03-16,000001,14:45:27,10.9200,10,2
2026-03-16,000001,14:45:30,10.9300,36,1
2026-03-16,000001,14:45:33,10.9300,42,1
2026-03-16,000001,14:45:36,10.9200,120,2
2026-03-16,000001,14:45:39,10.9200,8,2
2026-03-16,000001,14:45:42,10.9300,171,1
2026-03-16,000001,14:45:45,10.9200,149,2
2026-03-16,000001,14:45:48,10.9200,21,2
2026-03-16,000001,14:45:51,10.9300,12,1
2026-03-16,000001,14:45:54,10.9200,32,2
2026-03-16,000001,14:45:57,10.9200,4,2
2026-03-16,000001,14:46:00,10.9200,2725,2
2026-03-16,000001,14:46:03,10.9200,281,2
2026-03-16,000001,14:46:06,10.9300,52,1
2026-03-16,000001,14:46:09,10.9300,10,1
2026-03-16,000001,14:46:15,10.9200,60,2
2026-03-16,000001,14:46:18,10.9200,8,2
2026-03-16,000001,14:46:21,10.9200,9,2
2026-03-16,000001,14:46:24,10.9200,491,2
2026-03-16,000001,14:46:27,10.9300,12,1
2026-03-16,000001,14:46:30,10.9300,190,1
2026-03-16,000001,14:46:33,10.9200,21,2
2026-03-16,000001,14:46:36,10.9300,36,1
2026-03-16,000001,14:46:39,10.9300,37,1
2026-03-16,000001,14:46:42,10.9200,4,2
2026-03-16,000001,14:46:45,10.9200,140,2
2026-03-16,000001,14:46:48,10.9300,17,1
2026-03-16,000001,14:46:51,10.9200,41,2
2026-03-16,000001,14:46:54,10.9300,6,1
2026-03-16,000001,14:46:57,10.9200,9,2
2026-03-16,000001,14:47:00,10.9300,66,1
2026-03-16,000001,14:47:03,10.9200,24,2
2026-03-16,000001,14:47:06,10.9200,66,2
2026-03-16,000001,14:47:09,10.9200,65,2
2026-03-16,000001,14:47:12,10.9200,67,2
2026-03-16,000001,14:47:15,10.9300,322,1
2026-03-16,000001,14:47:18,10.9300,38,1
2026-03-16,000001,14:47:21,10.9300,66,1
2026-03-16,000001,14:47:24,10.9200,281,2
2026-03-16,000001,14:47:27,10.9200,20,2
2026-03-16,000001,14:47:30,10.9200,48,2
2026-03-16,000001,14:47:33,10.9200,161,2
2026-03-16,000001,14:47:36,10.9300,152,1
2026-03-16,000001,14:47:39,10.9200,17,2
2026-03-16,000001,14:47:42,10.9200,3950,2
2026-03-16,000001,14:47:45,10.9200,1053,2
2026-03-16,000001,14:47:48,10.9100,101,2
2026-03-16,000001,14:47:51,10.9100,80,2
2026-03-16,000001,14:47:54,10.9100,249,2
2026-03-16,000001,14:47:57,10.9100,22,2
2026-03-16,000001,14:48:00,10.9100,280,2
2026-03-16,000001,14:48:03,10.9100,34,2
2026-03-16,000001,14:48:06,10.9100,61,2
2026-03-16,000001,14:48:09,10.9100,164,2
2026-03-16,000001,14:48:12,10.9100,82,2
2026-03-16,000001,14:48:15,10.9200,215,1
2026-03-16,000001,14:48:18,10.9200,71,1
2026-03-16,000001,14:48:21,10.9100,11,2
2026-03-16,000001,14:48:24,10.9100,32,2
2026-03-16,000001,14:48:30,10.9200,250,1
2026-03-16,000001,14:48:33,10.9100,133,2
2026-03-16,000001,14:48:36,10.9100,166,2
2026-03-16,000001,14:48:39,10.9200,110,1
2026-03-16,000001,14:48:42,10.9100,18,2
2026-03-16,000001,14:48:45,10.9100,135,2
2026-03-16,000001,14:48:48,10.9200,26,1
2026-03-16,000001,14:48:51,10.9100,2,2
2026-03-16,000001,14:48:54,10.9200,29,1
2026-03-16,000001,14:48:57,10.9100,50,2
2026-03-16,000001,14:49:00,10.9200,174,1
2026-03-16,000001,14:49:03,10.9100,111,2
2026-03-16,000001,14:49:06,10.9100,619,2
2026-03-16,000001,14:49:09,10.9200,182,1
2026-03-16,000001,14:49:12,10.9200,227,1
2026-03-16,000001,14:49:15,10.9200,178,1
2026-03-16,000001,14:49:18,10.9100,5099,2
2026-03-16,000001,14:49:21,10.9100,463,2
2026-03-16,000001,14:49:24,10.9100,68,2
2026-03-16,000001,14:49:27,10.9100,63,2
2026-03-16,000001,14:49:30,10.9100,19,2
2026-03-16,000001,14:49:33,10.9200,288,1
2026-03-16,000001,14:49:36,10.9200,335,2
2026-03-16,000001,14:49:39,10.9100,112,2
2026-03-16,000001,14:49:42,10.9100,17,2
2026-03-16,000001,14:49:45,10.9200,94,1
2026-03-16,000001,14:49:48,10.9200,160,1
2026-03-16,000001,14:49:51,10.9100,43,2
2026-03-16,000001,14:49:57,10.9100,76,2
2026-03-16,000001,14:50:00,10.9200,51,1
2026-03-16,000001,14:50:03,10.9200,58,1
2026-03-16,000001,14:50:06,10.9100,324,2
2026-03-16,000001,14:50:09,10.9100,31,2
2026-03-16,000001,14:50:12,10.9200,11,1
2026-03-16,000001,14:50:15,10.9100,991,2
2026-03-16,000001,14:50:18,10.9200,192,1
2026-03-16,000001,14:50:21,10.9100,30,2
2026-03-16,000001,14:50:24,10.9100,122,2
2026-03-16,000001,14:50:27,10.9100,13,2
2026-03-16,000001,14:50:30,10.9100,1,2
2026-03-16,000001,14:50:33,10.9100,88,2
2026-03-16,000001,14:50:36,10.9100,39,2
2026-03-16,000001,14:50:39,10.9100,56,2
2026-03-16,000001,14:50:42,10.9200,85,1
2026-03-16,000001,14:50:45,10.9200,28,1
2026-03-16,000001,14:50:48,10.9200,234,1
2026-03-16,000001,14:50:51,10.9200,2159,1
2026-03-16,000001,14:50:54,10.9100,269,2
2026-03-16,000001,14:50:57,10.9200,52,1
2026-03-16,000001,14:51:00,10.9100,25,2
2026-03-16,000001,14:51:03,10.9200,198,1
2026-03-16,000001,14:51:06,10.9200,52,1
2026-03-16,000001,14:51:09,10.9100,12,2
2026-03-16,000001,14:51:12,10.9200,16,1
2026-03-16,000001,14:51:15,10.9200,77,1
2026-03-16,000001,14:51:18,10.9100,43,2
2026-03-16,000001,14:51:21,10.9200,24,1
2026-03-16,000001,14:51:24,10.9200,42,1
2026-03-16,000001,14:51:27,10.9200,13,1
2026-03-16,000001,14:51:30,10.9200,44,1
2026-03-16,000001,14:51:33,10.9100,45,2
2026-03-16,000001,14:51:36,10.9200,11,1
2026-03-16,000001,14:51:39,10.9100,151,2
2026-03-16,000001,14:51:42,10.9200,16,1
2026-03-16,000001,14:51:45,10.9100,26,2
2026-03-16,000001,14:51:48,10.9200,62,1
2026-03-16,000001,14:51:51,10.9100,227,2
2026-03-16,000001,14:51:54,10.9200,142,1
2026-03-16,000001,14:51:57,10.9200,149,1
2026-03-16,000001,14:52:00,10.9300,3183,1
2026-03-16,000001,14:52:03,10.9300,488,1
2026-03-16,000001,14:52:06,10.9200,107,4
2026-03-16,000001,14:52:09,10.9200,99,2
2026-03-16,000001,14:52:12,10.9200,63,2
2026-03-16,000001,14:52:15,10.9200,266,2
2026-03-16,000001,14:52:18,10.9200,165,1
2026-03-16,000001,14:52:21,10.9200,87,2
2026-03-16,000001,14:52:24,10.9200,77,2
2026-03-16,000001,14:52:27,10.9200,265,2
2026-03-16,000001,14:52:30,10.9200,37,2
2026-03-16,000001,14:52:33,10.9200,849,2
2026-03-16,000001,14:52:36,10.9100,128,2
2026-03-16,000001,14:52:39,10.9200,68,1
2026-03-16,000001,14:52:42,10.9200,817,1
2026-03-16,000001,14:52:45,10.9200,86,1
2026-03-16,000001,14:52:48,10.9200,56,1
2026-03-16,000001,14:52:51,10.9100,40,2
2026-03-16,000001,14:52:54,10.9200,7,1
2026-03-16,000001,14:52:57,10.9200,3,1
2026-03-16,000001,14:53:00,10.9200,11,1
2026-03-16,000001,14:53:03,10.9200,431,1
2026-03-16,000001,14:53:06,10.9100,159,2
2026-03-16,000001,14:53:09,10.9200,133,1
2026-03-16,000001,14:53:12,10.9200,110,2
2026-03-16,000001,14:53:15,10.9200,55,1
2026-03-16,000001,14:53:18,10.9200,63,1
2026-03-16,000001,14:53:21,10.9200,15,1
2026-03-16,000001,14:53:24,10.9100,106,2
2026-03-16,000001,14:53:27,10.9200,266,1
2026-03-16,000001,14:53:30,10.9100,106,2
2026-03-16,000001,14:53:33,10.9100,433,2
2026-03-16,000001,14:53:36,10.9200,194,1
2026-03-16,000001,14:53:39,10.9200,101,2
2026-03-16,000001,14:53:42,10.9200,59,2
2026-03-16,000001,14:53:45,10.9100,103,2
2026-03-16,000001,14:53:48,10.9100,134,2
2026-03-16,000001,14:53:51,10.9200,76,1
2026-03-16,000001,14:53:54,10.9200,570,2
2026-03-16,000001,14:53:57,10.9100,88,2
2026-03-16,000001,14:54:00,10.9200,70,1
2026-03-16,000001,14:54:03,10.9300,375,1
2026-03-16,000001,14:54:06,10.9200,270,2
2026-03-16,000001,14:54:09,10.9200,27,2
2026-03-16,000001,14:54:12,10.9200,176,1
2026-03-16,000001,14:54:15,10.9300,57,1
2026-03-16,000001,14:54:18,10.9300,59,1
2026-03-16,000001,14:54:21,10.9200,64,2
2026-03-16,000001,14:54:24,10.9200,77,2
2026-03-16,000001,14:54:27,10.9300,40,1
2026-03-16,000001,14:54:30,10.9200,53,2
2026-03-16,000001,14:54:33,10.9300,152,1
2026-03-16,000001,14:54:36,10.9200,20,2
2026-03-16,000001,14:54:39,10.9200,74,2
2026-03-16,000001,14:54:42,10.9200,109,2
2026-03-16,000001,14:54:45,10.9200,15,2
2026-03-16,000001,14:54:48,10.9200,139,2
2026-03-16,000001,14:54:51,10.9200,15,2
2026-03-16,000001,14:54:54,10.9200,74,2
2026-03-16,000001,14:54:57,10.9200,39,2
2026-03-16,000001,14:55:00,10.9200,631,2
2026-03-16,000001,14:55:03,10.9200,183,2
2026-03-16,000001,14:55:06,10.9200,237,1
2026-03-16,000001,14:55:09,10.9300,1001,1
2026-03-16,000001,14:55:12,10.9200,325,2
2026-03-16,000001,14:55:15,10.9200,62,2
2026-03-16,000001,14:55:18,10.9200,41,2
2026-03-16,000001,14:55:21,10.9300,99,1
2026-03-16,000001,14:55:24,10.9200,122,2
2026-03-16,000001,14:55:27,10.9200,431,2
2026-03-16,000001,14:55:30,10.9300,52,1
2026-03-16,000001,14:55:33,10.9200,233,2
2026-03-16,000001,14:55:36,10.9200,107,2
2026-03-16,000001,14:55:39,10.9300,206,1
2026-03-16,000001,14:55:42,10.9200,289,2
2026-03-16,000001,14:55:45,10.9200,340,2
2026-03-16,000001,14:55:48,10.9200,41,2
2026-03-16,000001,14:55:51,10.9100,129,2
2026-03-16,000001,14:55:54,10.9100,380,2
2026-03-16,000001,14:55:57,10.9200,77,1
2026-03-16,000001,14:56:00,10.9300,143,1
2026-03-16,000001,14:56:03,10.9300,109,1
2026-03-16,000001,14:56:06,10.9200,45,2
2026-03-16,000001,14:56:09,10.9100,2312,2
2026-03-16,000001,14:56:12,10.9200,66,4
2026-03-16,000001,14:56:15,10.9200,73,2
2026-03-16,000001,14:56:18,10.9300,74,1
2026-03-16,000001,14:56:21,10.9200,40,2
2026-03-16,000001,14:56:24,10.9200,22,2
2026-03-16,000001,14:56:27,10.9200,16,2
2026-03-16,000001,14:56:30,10.9300,3022,1
2026-03-16,000001,14:56:33,10.9200,100,2
2026-03-16,000001,14:56:36,10.9200,13,2
2026-03-16,000001,14:56:39,10.9200,1085,2
2026-03-16,000001,14:56:42,10.9200,3134,2
2026-03-16,000001,14:56:45,10.9300,53,1
2026-03-16,000001,14:56:48,10.9200,15,2
2026-03-16,000001,14:56:51,10.9200,411,2
2026-03-16,000001,14:56:57,10.9200,24,1
2026-03-16,000001,14:57:00,10.9000,8307,2
2026-03-16,000001,15:00:02,10.9200,7581,4
2026-03-16,000001,13:01:15,10.9600,125,2
2026-03-16,000001,13:01:18,10.9600,34,2
2026-03-16,000001,13:01:21,10.9600,1,2
2026-03-16,000001,13:01:24,10.9700,71,1
2026-03-16,000001,13:01:27,10.9600,90,2
2026-03-16,000001,13:01:30,10.9700,111,1
2026-03-16,000001,13:01:33,10.9600,18,2
2026-03-16,000001,13:01:36,10.9600,14,2
2026-03-16,000001,13:01:39,10.9600,39,2
2026-03-16,000001,13:01:42,10.9600,13,2
2026-03-16,000001,13:01:45,10.9600,112,2
2026-03-16,000001,13:01:48,10.9700,47,1
2026-03-16,000001,13:01:51,10.9700,11,1
2026-03-16,000001,13:01:57,10.9600,1,2
2026-03-16,000001,13:02:00,10.9700,7,1
2026-03-16,000001,13:02:03,10.9700,2,1
2026-03-16,000001,13:02:12,10.9600,27,2
2026-03-16,000001,13:02:15,10.9600,13,2
2026-03-16,000001,13:02:18,10.9700,16,1
2026-03-16,000001,13:02:21,10.9700,28,1
2026-03-16,000001,13:02:27,10.9600,21,2
2026-03-16,000001,13:02:30,10.9600,20,2
2026-03-16,000001,13:02:33,10.9600,6,2
2026-03-16,000001,13:02:36,10.9700,108,1
2026-03-16,000001,13:02:42,10.9700,3,1
2026-03-16,000001,13:02:48,10.9700,36,1
2026-03-16,000001,13:02:51,10.9600,1,2
2026-03-16,000001,13:02:54,10.9700,36,1
2026-03-16,000001,13:02:57,10.9600,36,2
2026-03-16,000001,13:03:00,10.9600,13,2
2026-03-16,000001,13:03:03,10.9700,132,1
2026-03-16,000001,13:03:09,10.9700,150,1
2026-03-16,000001,13:03:12,10.9700,116,1
2026-03-16,000001,13:03:15,10.9600,696,2
2026-03-16,000001,13:03:18,10.9600,399,2
2026-03-16,000001,13:03:21,10.9600,326,2
2026-03-16,000001,13:03:24,10.9700,184,1
2026-03-16,000001,13:03:27,10.9700,25,1
2026-03-16,000001,13:03:30,10.9600,10,2
2026-03-16,000001,13:03:33,10.9600,105,2
2026-03-16,000001,13:03:36,10.9700,12,1
2026-03-16,000001,13:03:39,10.9600,10360,2
2026-03-16,000001,13:03:42,10.9600,2169,1
2026-03-16,000001,13:03:45,10.9500,85,2
2026-03-16,000001,13:03:48,10.9600,24,1
2026-03-16,000001,13:03:51,10.9500,20,2
2026-03-16,000001,13:03:54,10.9500,2,2
2026-03-16,000001,13:03:57,10.9600,35,1
2026-03-16,000001,13:04:03,10.9500,30,2
2026-03-16,000001,13:04:06,10.9500,26,2
2026-03-16,000001,13:04:09,10.9500,3,2
2026-03-16,000001,13:04:12,10.9500,12,2
2026-03-16,000001,13:04:15,10.9600,2,1
2026-03-16,000001,13:04:18,10.9600,43,1
2026-03-16,000001,13:04:21,10.9600,58,1
2026-03-16,000001,13:04:24,10.9600,5,1
2026-03-16,000001,13:04:27,10.9600,1,1
2026-03-16,000001,13:04:33,10.9600,124,1
2026-03-16,000001,13:04:36,10.9600,77,1
2026-03-16,000001,13:04:39,10.9600,43,1
2026-03-16,000001,13:04:42,10.9500,91,2
2026-03-16,000001,13:04:45,10.9600,79,1
2026-03-16,000001,13:04:48,10.9600,41,1
2026-03-16,000001,13:04:51,10.9500,4,2
2026-03-16,000001,13:04:54,10.9500,40,2
2026-03-16,000001,13:04:57,10.9600,85,1
2026-03-16,000001,13:05:00,10.9600,18,1
2026-03-16,000001,13:05:03,10.9500,107,2
2026-03-16,000001,13:05:06,10.9600,34,1
2026-03-16,000001,13:05:09,10.9500,95,2
2026-03-16,000001,13:05:15,10.9500,250,2
2026-03-16,000001,13:05:18,10.9600,61,1
2026-03-16,000001,13:05:21,10.9500,13,2
2026-03-16,000001,13:05:24,10.9600,95,1
2026-03-16,000001,13:05:27,10.9600,10,1
2026-03-16,000001,13:05:30,10.9500,13,2
2026-03-16,000001,13:05:33,10.9500,8,2
2026-03-16,000001,13:05:36,10.9600,68,1
2026-03-16,000001,13:05:39,10.9600,22,1
2026-03-16,000001,13:05:42,10.9500,10,2
2026-03-16,000001,13:05:45,10.9600,67,1
2026-03-16,000001,13:05:51,10.9500,37,2
2026-03-16,000001,13:06:00,10.9600,34,1
2026-03-16,000001,13:06:03,10.9500,20,2
2026-03-16,000001,13:06:06,10.9500,3,2
2026-03-16,000001,13:06:12,10.9500,39,2
2026-03-16,000001,13:06:15,10.9500,878,2
2026-03-16,000001,13:06:21,10.9500,77,2
2026-03-16,000001,13:06:24,10.9500,17,2
2026-03-16,000001,13:06:27,10.9500,95,2
2026-03-16,000001,13:06:30,10.9500,40,2
2026-03-16,000001,13:06:33,10.9500,7,2
2026-03-16,000001,13:06:36,10.9500,5,2
2026-03-16,000001,13:06:39,10.9600,2,1
2026-03-16,000001,13:06:45,10.9600,2,1
2026-03-16,000001,13:06:48,10.9500,464,2
2026-03-16,000001,13:06:51,10.9500,5,2
2026-03-16,000001,13:06:54,10.9500,41,2
2026-03-16,000001,13:06:57,10.9500,13,2
2026-03-16,000001,13:07:03,10.9500,23,2
2026-03-16,000001,13:07:06,10.9500,5,2
2026-03-16,000001,13:07:09,10.9500,21,2
2026-03-16,000001,13:07:12,10.9500,10,2
2026-03-16,000001,13:07:15,10.9500,45,2
2026-03-16,000001,13:07:18,10.9500,138,2
2026-03-16,000001,13:07:21,10.9500,20,2
2026-03-16,000001,13:07:24,10.9500,44,2
2026-03-16,000001,13:07:27,10.9500,6,2
2026-03-16,000001,13:07:30,10.9500,5,2
2026-03-16,000001,13:07:33,10.9500,3,2
2026-03-16,000001,13:07:36,10.9500,65,2
2026-03-16,000001,13:07:39,10.9500,2,2
2026-03-16,000001,13:07:42,10.9500,5,2
2026-03-16,000001,13:07:45,10.9600,13,1
2026-03-16,000001,13:07:48,10.9600,65,1
2026-03-16,000001,13:07:51,10.9500,15,2
2026-03-16,000001,13:07:57,10.9600,15,1
2026-03-16,000001,13:08:00,10.9500,87,2
2026-03-16,000001,13:08:06,10.9500,49,2
2026-03-16,000001,13:08:09,10.9500,10,2
2026-03-16,000001,13:08:12,10.9600,23,1
2026-03-16,000001,13:08:15,10.9500,63,2
2026-03-16,000001,13:08:18,10.9600,1,1
2026-03-16,000001,13:08:21,10.9500,1,2
2026-03-16,000001,13:08:24,10.9600,1,1
2026-03-16,000001,13:08:30,10.9600,1,1
2026-03-16,000001,13:08:33,10.9600,10,1
2026-03-16,000001,13:08:36,10.9500,139,2
2026-03-16,000001,13:08:42,10.9500,33,2
2026-03-16,000001,13:08:45,10.9500,23,2
2026-03-16,000001,13:08:48,10.9600,18,1
2026-03-16,000001,13:08:54,10.9500,2,2
2026-03-16,000001,13:08:57,10.9500,61,2
2026-03-16,000001,13:09:00,10.9500,49,2
2026-03-16,000001,13:09:03,10.9500,56,2
2026-03-16,000001,13:09:06,10.9500,15,2
2026-03-16,000001,13:09:09,10.9600,33,1
2026-03-16,000001,13:09:12,10.9600,18,1
2026-03-16,000001,13:09:15,10.9500,7,2
2026-03-16,000001,13:09:18,10.9600,13,1
2026-03-16,000001,13:09:21,10.9500,275,2
2026-03-16,000001,13:09:24,10.9500,22,2
2026-03-16,000001,13:09:30,10.9600,3,1
2026-03-16,000001,13:09:33,10.9600,30,1
2026-03-16,000001,13:09:36,10.9600,11,1
2026-03-16,000001,13:09:39,10.9500,170,2
2026-03-16,000001,13:09:42,10.9500,55,2
2026-03-16,000001,13:09:45,10.9500,59,2
2026-03-16,000001,13:09:48,10.9500,166,2
2026-03-16,000001,13:09:51,10.9500,358,2
2026-03-16,000001,13:09:54,10.9500,98,2
2026-03-16,000001,13:09:57,10.9600,53,1
2026-03-16,000001,13:10:00,10.9500,41,2
2026-03-16,000001,13:10:03,10.9600,13,1
2026-03-16,000001,13:10:06,10.9500,39,2
2026-03-16,000001,13:10:09,10.9500,105,2
2026-03-16,000001,13:10:12,10.9500,67,2
2026-03-16,000001,13:10:15,10.9500,40,2
2026-03-16,000001,13:10:18,10.9500,65,2
2026-03-16,000001,13:10:21,10.9500,893,1
2026-03-16,000001,13:10:24,10.9500,264,1
2026-03-16,000001,13:10:27,10.9600,333,1
2026-03-16,000001,13:10:30,10.9500,2,2
2026-03-16,000001,13:10:33,10.9500,14,2
2026-03-16,000001,13:10:36,10.9500,10,2
2026-03-16,000001,13:10:39,10.9500,1,2
2026-03-16,000001,13:10:42,10.9600,18,1
2026-03-16,000001,13:10:48,10.9500,1291,2
2026-03-16,000001,13:10:51,10.9600,135,1
2026-03-16,000001,13:10:54,10.9500,4,1
2026-03-16,000001,13:10:57,10.9500,11,1
2026-03-16,000001,13:11:00,10.9500,18,1
2026-03-16,000001,13:11:06,10.9500,8,1
2026-03-16,000001,13:11:09,10.9500,9,1
2026-03-16,000001,13:11:15,10.9500,10,1
2026-03-16,000001,13:11:24,10.9400,116,2
2026-03-16,000001,13:11:27,10.9400,268,2
2026-03-16,000001,13:11:30,10.9400,1,2
2026-03-16,000001,13:11:33,10.9500,14,1
2026-03-16,000001,13:11:36,10.9400,1,2
2026-03-16,000001,13:11:42,10.9500,112,1
2026-03-16,000001,13:11:45,10.9400,18,2
2026-03-16,000001,13:11:51,10.9500,44,1
2026-03-16,000001,13:11:54,10.9500,3,1
2026-03-16,000001,13:12:00,10.9500,18,1
2026-03-16,000001,13:12:03,10.9500,8,1
2026-03-16,000001,13:12:06,10.9500,5,1
2026-03-16,000001,13:12:09,10.9500,1,1
2026-03-16,000001,13:12:12,10.9500,2,1
2026-03-16,000001,13:12:15,10.9500,15,1
2026-03-16,000001,13:12:18,10.9500,13,1
2026-03-16,000001,13:12:24,10.9500,11,1
2026-03-16,000001,13:12:36,10.9400,49,2
2026-03-16,000001,13:12:39,10.9400,10,2
2026-03-16,000001,13:12:42,10.9400,28,2
2026-03-16,000001,13:12:48,10.9500,29,1
2026-03-16,000001,13:12:51,10.9400,2,2
2026-03-16,000001,13:12:54,10.9500,3,1
2026-03-16,000001,13:13:00,10.9500,4,1
2026-03-16,000001,13:13:06,10.9400,42,2
2026-03-16,000001,13:13:09,10.9500,67,1
2026-03-16,000001,13:13:12,10.9400,79,2
2026-03-16,000001,13:13:15,10.9500,60,1
2026-03-16,000001,13:13:18,10.9400,1460,2
2026-03-16,000001,13:13:21,10.9400,5232,2
2026-03-16,000001,13:13:24,10.9300,30,2
2026-03-16,000001,13:13:27,10.9400,1,1
2026-03-16,000001,13:13:33,10.9300,23,2
2026-03-16,000001,13:13:36,10.9400,35,1
2026-03-16,000001,13:13:42,10.9300,151,2
2026-03-16,000001,13:13:45,10.9400,28,1
2026-03-16,000001,13:13:48,10.9300,16,2
2026-03-16,000001,13:13:51,10.9400,42,1
2026-03-16,000001,13:13:54,10.9400,16,1
2026-03-16,000001,13:14:03,10.9400,128,1
2026-03-16,000001,13:14:06,10.9300,36,2
2026-03-16,000001,13:14:09,10.9300,20,2
2026-03-16,000001,13:14:12,10.9400,17,1
2026-03-16,000001,13:14:15,10.9300,9,2
2026-03-16,000001,13:14:18,10.9400,100,1
2026-03-16,000001,13:14:27,10.9400,300,1
2026-03-16,000001,13:14:30,10.9400,22,1
2026-03-16,000001,13:14:36,10.9300,22,2
2026-03-16,000001,13:14:39,10.9400,6,1
2026-03-16,000001,13:14:42,10.9400,58,1
2026-03-16,000001,13:14:45,10.9300,38,2
2026-03-16,000001,13:14:48,10.9300,24,2
2026-03-16,000001,13:14:51,10.9300,53,2
2026-03-16,000001,13:14:54,10.9400,54,1
2026-03-16,000001,13:14:57,10.9300,15,2
2026-03-16,000001,13:15:00,10.9400,8,1
2026-03-16,000001,13:15:03,10.9300,27,2
2026-03-16,000001,13:15:06,10.9300,2,2
2026-03-16,000001,13:15:09,10.9400,1,1
2026-03-16,000001,13:15:12,10.9400,1,1
2026-03-16,000001,13:15:15,10.9400,16,1
2026-03-16,000001,13:15:18,10.9400,3,1
2026-03-16,000001,13:15:21,10.9400,31,1
2026-03-16,000001,13:15:24,10.9400,29,1
2026-03-16,000001,13:15:27,10.9400,26,1
2026-03-16,000001,13:15:30,10.9400,31,1
2026-03-16,000001,13:15:33,10.9400,3,1
2026-03-16,000001,13:15:36,10.9300,13,2
2026-03-16,000001,13:15:42,10.9400,111,1
2026-03-16,000001,13:15:45,10.9300,234,2
2026-03-16,000001,13:15:48,10.9300,21,2
2026-03-16,000001,13:15:51,10.9400,5,1
2026-03-16,000001,13:15:54,10.9400,40,1
2026-03-16,000001,13:15:57,10.9400,40,1
2026-03-16,000001,13:16:00,10.9400,16,1
2026-03-16,000001,13:16:06,10.9300,16,2
2026-03-16,000001,13:16:09,10.9400,15,1
2026-03-16,000001,13:16:12,10.9400,9,1
2026-03-16,000001,13:16:24,10.9300,56,2
2026-03-16,000001,13:16:27,10.9300,33,2
2026-03-16,000001,13:16:30,10.9300,1,2
2026-03-16,000001,13:16:33,10.9400,43,1
2026-03-16,000001,13:16:36,10.9300,2,2
2026-03-16,000001,13:16:39,10.9400,28,1
2026-03-16,000001,13:16:42,10.9400,1,1
2026-03-16,000001,13:16:45,10.9400,2,1
2026-03-16,000001,13:16:51,10.9400,8,1
2026-03-16,000001,13:16:57,10.9400,330,1
2026-03-16,000001,13:17:00,10.9400,5,1
2026-03-16,000001,13:17:03,10.9300,147,2
2026-03-16,000001,13:17:06,10.9300,166,2
2026-03-16,000001,13:17:09,10.9300,72,2
2026-03-16,000001,13:17:12,10.9400,35,1
2026-03-16,000001,13:17:15,10.9300,65,2
2026-03-16,000001,13:17:18,10.9400,80,1
2026-03-16,000001,13:17:21,10.9300,54,2
2026-03-16,000001,13:17:24,10.9300,7,2
2026-03-16,000001,13:17:30,10.9400,300,1
2026-03-16,000001,13:17:33,10.9400,47,1
2026-03-16,000001,13:17:36,10.9200,9213,2
2026-03-16,000001,13:17:39,10.9200,59,2
2026-03-16,000001,13:17:42,10.9200,74,2
2026-03-16,000001,13:17:45,10.9300,117,1
2026-03-16,000001,13:17:48,10.9300,8,1
2026-03-16,000001,13:17:51,10.9300,979,1
2026-03-16,000001,13:17:54,10.9200,35,2
2026-03-16,000001,13:17:57,10.9300,2,1
2026-03-16,000001,13:18:00,10.9200,33,2
2026-03-16,000001,13:18:03,10.9300,57,1
2026-03-16,000001,13:18:06,10.9200,21,2
2026-03-16,000001,13:18:09,10.9300,80,1
2026-03-16,000001,13:18:12,10.9200,1,2
2026-03-16,000001,13:18:15,10.9200,41,2
2026-03-16,000001,13:18:18,10.9300,58,1
2026-03-16,000001,13:18:21,10.9300,27,1
2026-03-16,000001,13:18:24,10.9200,21,2
2026-03-16,000001,13:18:27,10.9200,124,2
2026-03-16,000001,13:18:30,10.9200,425,2
2026-03-16,000001,13:18:33,10.9200,39,2
2026-03-16,000001,13:18:36,10.9300,18,1
2026-03-16,000001,13:18:39,10.9300,3,1
2026-03-16,000001,13:18:42,10.9200,19,2
2026-03-16,000001,13:18:45,10.9300,246,1
2026-03-16,000001,13:18:48,10.9300,271,1
2026-03-16,000001,13:18:51,10.9300,6,1
2026-03-16,000001,13:18:54,10.9300,9,1
2026-03-16,000001,13:19:00,10.9300,51,1
2026-03-16,000001,13:19:03,10.9300,372,1
2026-03-16,000001,13:19:06,10.9200,11,2
2026-03-16,000001,13:19:09,10.9200,41,2
2026-03-16,000001,13:19:12,10.9300,67,1
2026-03-16,000001,13:19:15,10.9200,14,2
2026-03-16,000001,13:19:18,10.9300,40,1
2026-03-16,000001,13:19:21,10.9200,16,2
2026-03-16,000001,13:19:30,10.9300,2,1
2026-03-16,000001,13:19:33,10.9300,5,1
2026-03-16,000001,13:19:36,10.9300,2103,1
2026-03-16,000001,13:19:39,10.9300,546,1
2026-03-16,000001,13:19:42,10.9200,11,2
2026-03-16,000001,13:19:45,10.9300,97,1
2026-03-16,000001,13:19:48,10.9200,82,2
2026-03-16,000001,13:19:51,10.9300,276,1
2026-03-16,000001,13:19:54,10.9200,61,2
2026-03-16,000001,13:19:57,10.9300,193,1
2026-03-16,000001,13:20:00,10.9300,120,1
2026-03-16,000001,13:20:03,10.9300,3102,1
2026-03-16,000001,13:20:06,10.9300,867,1
2026-03-16,000001,13:20:09,10.9200,79,2
2026-03-16,000001,13:20:12,10.9300,40,1
2026-03-16,000001,13:20:15,10.9200,6,2
2026-03-16,000001,13:20:18,10.9300,45,1
2026-03-16,000001,13:20:21,10.9200,518,2
2026-03-16,000001,13:20:24,10.9100,2482,2
2026-03-16,000001,13:20:27,10.9200,59,1
2026-03-16,000001,13:20:30,10.9200,400,1
2026-03-16,000001,13:20:33,10.9300,38,1
2026-03-16,000001,13:20:36,10.9200,149,2
2026-03-16,000001,13:20:39,10.9300,88,1
2026-03-16,000001,13:20:42,10.9200,13,2
2026-03-16,000001,13:20:45,10.9200,105,2
2026-03-16,000001,13:20:48,10.9300,34,1
2026-03-16,000001,13:20:51,10.9200,37,2
2026-03-16,000001,13:20:54,10.9200,18,2
2026-03-16,000001,13:20:57,10.9200,444,2
2026-03-16,000001,13:21:00,10.9300,259,1
2026-03-16,000001,13:21:03,10.9200,156,2
2026-03-16,000001,13:21:06,10.9300,22,1
2026-03-16,000001,13:21:09,10.9200,5,2
2026-03-16,000001,13:21:12,10.9200,30,2
2026-03-16,000001,13:21:15,10.9300,38,1
2026-03-16,000001,13:21:18,10.9200,78,2
2026-03-16,000001,13:21:21,10.9300,60,1
2026-03-16,000001,13:21:27,10.9200,2,2
2026-03-16,000001,13:21:33,10.9200,6,2
2026-03-16,000001,13:21:36,10.9200,1,2
2026-03-16,000001,13:21:39,10.9200,15,2
2026-03-16,000001,13:21:42,10.9300,12,1
2026-03-16,000001,13:21:45,10.9300,28,1
2026-03-16,000001,13:21:51,10.9300,2,1
2026-03-16,000001,13:22:06,10.9300,97,1
2026-03-16,000001,13:22:15,10.9200,23,2
2026-03-16,000001,13:22:21,10.9300,28,1
2026-03-16,000001,13:22:24,10.9200,47,2
2026-03-16,000001,13:22:27,10.9300,10,1
2026-03-16,000001,13:22:30,10.9300,76,1
2026-03-16,000001,13:22:36,10.9300,32,1
2026-03-16,000001,13:22:39,10.9200,27,2
2026-03-16,000001,13:22:42,10.9300,28,1
2026-03-16,000001,13:22:48,10.9200,8,2
2026-03-16,000001,13:22:54,10.9300,160,1
2026-03-16,000001,13:22:57,10.9200,29,2
2026-03-16,000001,13:23:00,10.9300,5,1
2026-03-16,000001,13:23:06,10.9200,16,2
2026-03-16,000001,13:23:09,10.9300,4,1
2026-03-16,000001,13:23:12,10.9200,4,2
2026-03-16,000001,13:23:15,10.9200,14,2
2026-03-16,000001,13:23:18,10.9200,621,2
2026-03-16,000001,13:23:21,10.9300,78,1
2026-03-16,000001,13:23:24,10.9200,45,2
2026-03-16,000001,13:23:27,10.9300,28,1
2026-03-16,000001,13:23:33,10.9200,152,2
2026-03-16,000001,13:23:36,10.9200,103,2
2026-03-16,000001,13:23:42,10.9300,28,1
2026-03-16,000001,13:23:45,10.9300,178,1
2026-03-16,000001,13:23:48,10.9200,920,2
2026-03-16,000001,13:23:51,10.9300,55,1
2026-03-16,000001,13:23:54,10.9300,230,1
2026-03-16,000001,13:23:57,10.9300,63,1
2026-03-16,000001,13:24:00,10.9300,9,1
2026-03-16,000001,13:24:03,10.9200,356,2
2026-03-16,000001,13:24:06,10.9200,28,2
2026-03-16,000001,13:24:09,10.9200,322,2
2026-03-16,000001,13:24:12,10.9200,95,2
2026-03-16,000001,13:24:15,10.9200,89,2
2026-03-16,000001,13:24:18,10.9200,25,2
2026-03-16,000001,13:24:21,10.9200,12,2
2026-03-16,000001,13:24:24,10.9200,34,2
2026-03-16,000001,13:24:27,10.9200,26,2
2026-03-16,000001,13:24:30,10.9200,90,2
2026-03-16,000001,13:24:33,10.9200,4,2
2026-03-16,000001,13:24:36,10.9200,82,2
2026-03-16,000001,13:24:39,10.9200,107,1
2026-03-16,000001,13:24:42,10.9300,143,1
2026-03-16,000001,13:24:45,10.9200,130,2
2026-03-16,000001,13:24:48,10.9200,629,1
2026-03-16,000001,13:24:51,10.9200,108,2
2026-03-16,000001,13:24:54,10.9200,302,2
2026-03-16,000001,13:24:57,10.9200,86,2
2026-03-16,000001,13:25:00,10.9200,17,2
2026-03-16,000001,13:25:03,10.9200,5,2
2026-03-16,000001,13:25:06,10.9300,4,1
2026-03-16,000001,13:25:09,10.9200,87,2
2026-03-16,000001,13:25:12,10.9200,995,2
2026-03-16,000001,13:25:15,10.9200,39,1
2026-03-16,000001,13:25:18,10.9200,56,1
2026-03-16,000001,13:25:21,10.9100,50,2
2026-03-16,000001,13:25:24,10.9100,12,2
2026-03-16,000001,13:25:30,10.9100,11,2
2026-03-16,000001,13:25:33,10.9100,118,2
2026-03-16,000001,13:25:36,10.9100,60,2
2026-03-16,000001,13:25:39,10.9200,1,1
2026-03-16,000001,13:25:42,10.9100,13,2
2026-03-16,000001,13:25:45,10.9200,2,1
2026-03-16,000001,13:26:00,10.9200,83,1
2026-03-16,000001,13:26:03,10.9100,168,2
2026-03-16,000001,13:26:06,10.9100,2,2
2026-03-16,000001,13:26:09,10.9100,20,2
2026-03-16,000001,13:26:12,10.9200,62,1
2026-03-16,000001,13:26:18,10.9200,3,1
2026-03-16,000001,13:26:24,10.9200,33,1
2026-03-16,000001,13:26:33,10.9100,13,2
2026-03-16,000001,13:26:42,10.9100,200,2
2026-03-16,000001,13:26:45,10.9200,6,1
2026-03-16,000001,13:27:00,10.9200,5,1
2026-03-16,000001,13:27:03,10.9200,6,1
2026-03-16,000001,13:27:06,10.9200,28,1
2026-03-16,000001,13:27:09,10.9200,4,1
2026-03-16,000001,13:27:12,10.9200,2,1
2026-03-16,000001,13:27:18,10.9100,97,2
2026-03-16,000001,13:27:21,10.9200,11,1
2026-03-16,000001,13:27:24,10.9100,36,2
2026-03-16,000001,13:27:30,10.9100,200,2
2026-03-16,000001,13:27:33,10.9100,39,2
2026-03-16,000001,13:27:36,10.9100,3,2
2026-03-16,000001,13:27:39,10.9100,26,2
2026-03-16,000001,13:27:45,10.9200,65,1
2026-03-16,000001,13:27:51,10.9200,15,1
2026-03-16,000001,13:27:54,10.9100,17,2
2026-03-16,000001,13:28:00,10.9200,6,1
2026-03-16,000001,13:28:03,10.9100,21,2
2026-03-16,000001,13:28:06,10.9100,2,2
2026-03-16,000001,13:28:09,10.9100,4,2
2026-03-16,000001,13:28:12,10.9100,229,2
2026-03-16,000001,13:28:15,10.9200,2,1
2026-03-16,000001,13:28:18,10.9200,15,1
2026-03-16,000001,13:28:24,10.9200,82,1
2026-03-16,000001,13:28:30,10.9200,3,1
2026-03-16,000001,13:28:33,10.9200,43,1
2026-03-16,000001,13:28:36,10.9200,15,1
2026-03-16,000001,13:28:39,10.9100,18,2
2026-03-16,000001,13:28:42,10.9200,82,1
2026-03-16,000001,13:28:48,10.9200,15,1
2026-03-16,000001,13:28:51,10.9200,36,1
2026-03-16,000001,13:28:57,10.9200,5,1
2026-03-16,000001,13:29:00,10.9200,4,1
2026-03-16,000001,13:29:03,10.9200,11,1
2026-03-16,000001,13:29:06,10.9200,15,1
2026-03-16,000001,13:29:09,10.9200,36,1
2026-03-16,000001,13:29:12,10.9100,1,2
2026-03-16,000001,13:29:15,10.9100,30,2
2026-03-16,000001,13:29:18,10.9100,31,2
2026-03-16,000001,13:29:24,10.9200,41,1
2026-03-16,000001,13:29:27,10.9200,16,1
2026-03-16,000001,13:29:30,10.9200,23,1
2026-03-16,000001,13:29:33,10.9100,107,2
2026-03-16,000001,13:29:36,10.9100,36,2
2026-03-16,000001,13:29:39,10.9100,27,2
2026-03-16,000001,13:29:42,10.9100,13,2
2026-03-16,000001,13:29:45,10.9200,36,1
2026-03-16,000001,13:29:48,10.9100,95,2
2026-03-16,000001,13:29:51,10.9200,73,1
2026-03-16,000001,13:29:54,10.9100,85,2
2026-03-16,000001,13:29:57,10.9200,21,1
2026-03-16,000001,13:30:00,10.9200,34,1
2026-03-16,000001,13:30:03,10.9100,2,2
2026-03-16,000001,13:30:06,10.9200,10,1
2026-03-16,000001,13:30:12,10.9100,43,2
2026-03-16,000001,13:30:15,10.9200,2,1
2026-03-16,000001,13:30:18,10.9100,36,2
2026-03-16,000001,13:30:21,10.9200,163,1
2026-03-16,000001,13:30:24,10.9100,108,2
2026-03-16,000001,13:30:27,10.9100,360,2
2026-03-16,000001,13:30:30,10.9100,4,2
2026-03-16,000001,13:30:33,10.9100,829,2
2026-03-16,000001,13:30:36,10.9100,34,2
2026-03-16,000001,13:30:42,10.9200,170,1
2026-03-16,000001,13:30:45,10.9100,52,2
2026-03-16,000001,13:30:48,10.9100,35,2
2026-03-16,000001,13:30:51,10.9200,7,1
2026-03-16,000001,13:30:54,10.9100,1,2
2026-03-16,000001,13:30:57,10.9100,3,2
2026-03-16,000001,13:31:00,10.9200,126,1
2026-03-16,000001,13:31:03,10.9100,126,2
2026-03-16,000001,13:31:06,10.9000,5784,2
2026-03-16,000001,13:31:09,10.9100,25,1
2026-03-16,000001,13:31:12,10.9000,62,2
2026-03-16,000001,13:31:15,10.9100,4,1
2026-03-16,000001,13:31:18,10.9100,48,1
2026-03-16,000001,13:31:21,10.9100,100,1
2026-03-16,000001,13:31:24,10.9100,14,1
2026-03-16,000001,13:31:27,10.9100,40,1
2026-03-16,000001,13:31:30,10.9100,2,1
2026-03-16,000001,13:31:33,10.9000,401,2
2026-03-16,000001,13:31:36,10.9100,32,1
2026-03-16,000001,13:31:39,10.9000,3,2
2026-03-16,000001,13:31:48,10.9000,28,2
2026-03-16,000001,13:31:51,10.9000,11,2
2026-03-16,000001,13:31:54,10.9100,20,1
2026-03-16,000001,13:31:57,10.9000,47,2
2026-03-16,000001,13:32:00,10.9100,29,1
2026-03-16,000001,13:32:03,10.9100,20,1
2026-03-16,000001,13:32:06,10.9000,15,2
2026-03-16,000001,13:32:09,10.9100,32,1
2026-03-16,000001,13:32:12,10.9100,44,1
2026-03-16,000001,13:32:15,10.9100,50,1
2026-03-16,000001,13:32:21,10.9100,1556,1
2026-03-16,000001,13:32:24,10.9100,174,2
2026-03-16,000001,13:32:27,10.9100,79,2
2026-03-16,000001,13:32:30,10.9100,42,2
2026-03-16,000001,13:32:33,10.9100,3,2
2026-03-16,000001,13:32:36,10.9100,10,2
2026-03-16,000001,13:32:39,10.9100,1,2
2026-03-16,000001,13:32:42,10.9100,16,2
2026-03-16,000001,13:32:45,10.9100,9,2
2026-03-16,000001,13:32:48,10.9100,227,2
2026-03-16,000001,13:32:51,10.9200,217,1
2026-03-16,000001,13:32:54,10.9100,31,2
2026-03-16,000001,13:33:00,10.9200,43,1
2026-03-16,000001,13:33:03,10.9200,1,1
2026-03-16,000001,13:33:06,10.9100,217,2
2026-03-16,000001,13:33:09,10.9100,158,2
2026-03-16,000001,13:33:12,10.9100,89,2
2026-03-16,000001,13:33:15,10.9100,316,2
2026-03-16,000001,13:33:18,10.9100,135,4
2026-03-16,000001,13:33:21,10.9100,11,1
2026-03-16,000001,13:33:24,10.9100,80,1
2026-03-16,000001,13:33:27,10.9100,197,1
2026-03-16,000001,13:33:30,10.9100,16,1
2026-03-16,000001,13:33:33,10.9100,1,1
2026-03-16,000001,13:33:36,10.9100,47,4
2026-03-16,000001,13:33:39,10.9100,291,2
2026-03-16,000001,13:33:42,10.9100,61,2
2026-03-16,000001,13:33:45,10.9100,58,2
2026-03-16,000001,13:33:48,10.9100,73,2
2026-03-16,000001,13:33:51,10.9100,2,2
2026-03-16,000001,13:33:54,10.9100,863,2
2026-03-16,000001,13:33:57,10.9200,36,1
2026-03-16,000001,13:34:00,10.9100,16,2
2026-03-16,000001,13:34:03,10.9200,66,1
2026-03-16,000001,13:34:06,10.9100,1,2
2026-03-16,000001,13:34:09,10.9100,40,2
2026-03-16,000001,13:34:15,10.9100,10,2
2026-03-16,000001,13:34:18,10.9100,147,2
2026-03-16,000001,13:34:21,10.9100,3,2
2026-03-16,000001,13:34:24,10.9200,6,1
2026-03-16,000001,13:34:30,10.9200,110,1
2026-03-16,000001,13:34:36,10.9100,19,2
2026-03-16,000001,13:34:42,10.9100,4,2
2026-03-16,000001,13:34:45,10.9100,41,2
2026-03-16,000001,13:34:51,10.9100,90,2
2026-03-16,000001,13:34:54,10.9200,13,1
2026-03-16,000001,13:34:57,10.9200,57,1
2026-03-16,000001,13:35:03,10.9100,108,2
2026-03-16,000001,13:35:09,10.9100,13,2
2026-03-16,000001,13:35:12,10.9200,2,1
2026-03-16,000001,13:35:15,10.9100,53,2
2026-03-16,000001,13:35:18,10.9200,276,1
2026-03-16,000001,13:35:21,10.9200,332,1
2026-03-16,000001,13:35:24,10.9200,3446,1
2026-03-16,000001,13:35:27,10.9200,18,2
2026-03-16,000001,13:35:30,10.9200,42,2
2026-03-16,000001,13:35:36,10.9200,128,2
2026-03-16,000001,13:35:39,10.9300,140,1
2026-03-16,000001,13:35:42,10.9300,3,1
2026-03-16,000001,13:35:45,10.9200,8,2
2026-03-16,000001,13:35:48,10.9200,17,2
2026-03-16,000001,13:35:51,10.9300,21,1
2026-03-16,000001,13:35:54,10.9300,6,1
2026-03-16,000001,13:35:57,10.9300,2,1
2026-03-16,000001,13:36:00,10.9300,6,1
2026-03-16,000001,13:36:03,10.9200,83,2
2026-03-16,000001,13:36:06,10.9300,2021,1
2026-03-16,000001,13:36:09,10.9300,31,1
2026-03-16,000001,13:36:12,10.9200,158,2
2026-03-16,000001,13:36:18,10.9300,6,1
2026-03-16,000001,13:36:24,10.9200,13,2
2026-03-16,000001,13:36:27,10.9200,1,2
2026-03-16,000001,13:36:30,10.9200,18,2
2026-03-16,000001,13:36:39,10.9300,10,1
2026-03-16,000001,13:36:45,10.9300,2075,1
2026-03-16,000001,13:36:48,10.9200,19,2
2026-03-16,000001,13:36:57,10.9200,51,2
2026-03-16,000001,13:37:00,10.9300,4,1
2026-03-16,000001,13:37:06,10.9300,28,1
2026-03-16,000001,13:37:15,10.9300,2,1
2026-03-16,000001,13:37:18,10.9300,88,1
2026-03-16,000001,13:37:21,10.9200,1,2
2026-03-16,000001,13:37:24,10.9300,14,1
2026-03-16,000001,13:37:27,10.9200,9,2
2026-03-16,000001,13:37:45,10.9200,60,2
2026-03-16,000001,13:37:48,10.9300,17,1
2026-03-16,000001,13:38:00,10.9300,4,1
2026-03-16,000001,13:38:03,10.9200,138,2
2026-03-16,000001,13:38:06,10.9200,41,2
2026-03-16,000001,13:38:09,10.9300,30,1
2026-03-16,000001,13:38:15,10.9300,2,1
2026-03-16,000001,13:38:18,10.9300,15,1
2026-03-16,000001,13:38:21,10.9200,104,2
2026-03-16,000001,13:38:24,10.9300,11,1
2026-03-16,000001,13:38:30,10.9200,60,2
2026-03-16,000001,13:38:36,10.9300,1,1
2026-03-16,000001,13:38:39,10.9300,56,1
2026-03-16,000001,13:38:51,10.9300,67,1
2026-03-16,000001,13:38:54,10.9300,31,1
2026-03-16,000001,13:38:57,10.9200,21,2
2026-03-16,000001,13:39:00,10.9300,5,1
2026-03-16,000001,13:39:03,10.9300,54,1
2026-03-16,000001,13:39:06,10.9300,1969,1
2026-03-16,000001,13:39:12,10.9300,211,1
2026-03-16,000001,13:39:15,10.9300,96,2
2026-03-16,000001,13:39:18,10.9300,29,2
2026-03-16,000001,13:39:21,10.9300,622,2
2026-03-16,000001,13:39:27,10.9300,370,1
2026-03-16,000001,13:39:30,10.9300,111,2
2026-03-16,000001,13:39:33,10.9400,486,1
2026-03-16,000001,13:39:36,10.9300,3,1
2026-03-16,000001,13:39:39,10.9300,34,1
2026-03-16,000001,13:39:42,10.9300,31,2
2026-03-16,000001,13:39:45,10.9300,49,2
2026-03-16,000001,13:39:48,10.9300,12,2
2026-03-16,000001,13:39:51,10.9300,7,2
2026-03-16,000001,13:39:54,10.9300,6,2
2026-03-16,000001,13:39:57,10.9300,10,2
2026-03-16,000001,13:40:00,10.9400,15,1
2026-03-16,000001,13:40:03,10.9400,91,1
2026-03-16,000001,13:40:06,10.9300,275,2
2026-03-16,000001,13:40:12,10.9300,12,1
2026-03-16,000001,13:40:18,10.9300,3,1
2026-03-16,000001,13:40:21,10.9200,6,2
2026-03-16,000001,13:40:27,10.9200,21,2
2026-03-16,000001,13:40:36,10.9300,1,1
2026-03-16,000001,13:40:39,10.9200,41,2
2026-03-16,000001,13:40:42,10.9300,506,1
2026-03-16,000001,13:40:45,10.9200,78,2
2026-03-16,000001,13:40:48,10.9200,3,2
2026-03-16,000001,13:40:51,10.9300,28,1
2026-03-16,000001,13:40:54,10.9300,28,1
2026-03-16,000001,13:40:57,10.9300,1741,1
2026-03-16,000001,13:41:03,10.9200,1488,2
2026-03-16,000001,13:41:12,10.9300,65,1
2026-03-16,000001,13:41:18,10.9300,47,1
2026-03-16,000001,13:41:21,10.9300,394,1
2026-03-16,000001,13:41:24,10.9300,104,2
2026-03-16,000001,13:41:27,10.9300,36,2
2026-03-16,000001,13:41:30,10.9300,8,2
2026-03-16,000001,13:41:33,10.9300,10,2
2026-03-16,000001,13:41:36,10.9300,171,2
2026-03-16,000001,13:41:39,10.9300,8,2
2026-03-16,000001,13:41:42,10.9300,77,2
2026-03-16,000001,13:41:45,10.9400,17,1
2026-03-16,000001,13:41:48,10.9300,68,2
2026-03-16,000001,13:41:51,10.9300,13,2
2026-03-16,000001,13:41:54,10.9300,15,2
2026-03-16,000001,13:41:57,10.9400,107,1
2026-03-16,000001,13:42:00,10.9400,8,1
2026-03-16,000001,13:42:03,10.9300,238,2
2026-03-16,000001,13:42:06,10.9300,52,2
2026-03-16,000001,13:42:09,10.9300,15,2
2026-03-16,000001,13:42:12,10.9300,5,2
2026-03-16,000001,13:42:15,10.9300,76,2
2026-03-16,000001,13:42:18,10.9300,184,2
2026-03-16,000001,13:42:33,10.9300,37,2
2026-03-16,000001,13:42:36,10.9300,15,2
2026-03-16,000001,13:42:39,10.9400,2,1
2026-03-16,000001,13:42:45,10.9400,2,1
2026-03-16,000001,13:42:48,10.9400,28,1
2026-03-16,000001,13:43:03,10.9300,232,2
2026-03-16,000001,13:43:06,10.9300,50,2
2026-03-16,000001,13:43:09,10.9300,210,2
2026-03-16,000001,13:43:12,10.9300,76,2
2026-03-16,000001,13:43:18,10.9400,5,1
2026-03-16,000001,13:43:30,10.9400,28,1
2026-03-16,000001,13:43:33,10.9300,9,2
2026-03-16,000001,13:43:36,10.9400,1,1
2026-03-16,000001,13:43:39,10.9400,1,1
2026-03-16,000001,13:43:45,10.9400,2,1
2026-03-16,000001,13:43:51,10.9400,1,1
2026-03-16,000001,13:43:57,10.9400,4,1
2026-03-16,000001,13:44:00,10.9400,7,1
2026-03-16,000001,13:44:03,10.9300,227,2
2026-03-16,000001,13:44:09,10.9300,11,2
2026-03-16,000001,13:44:12,10.9300,21,2
2026-03-16,000001,13:44:15,10.9300,22,2
2026-03-16,000001,13:44:18,10.9400,3,1
2026-03-16,000001,13:44:21,10.9300,129,2
2026-03-16,000001,13:44:30,10.9400,1,1
2026-03-16,000001,13:44:36,10.9400,1,1
2026-03-16,000001,13:44:42,10.9300,24,2
2026-03-16,000001,13:44:45,10.9400,33,1
2026-03-16,000001,13:44:51,10.9300,31,2
2026-03-16,000001,13:44:57,10.9400,28,1
2026-03-16,000001,13:45:00,10.9400,12,1
2026-03-16,000001,13:45:03,10.9300,246,2
2026-03-16,000001,13:45:06,10.9400,3,1
2026-03-16,000001,13:45:15,10.9300,222,2
2026-03-16,000001,13:45:21,10.9300,35,2
2026-03-16,000001,13:45:24,10.9300,10,2
2026-03-16,000001,13:45:27,10.9400,38,1
2026-03-16,000001,13:45:30,10.9300,59,2
2026-03-16,000001,13:45:33,10.9300,2,2
2026-03-16,000001,13:45:39,10.9400,25,1
2026-03-16,000001,13:45:42,10.9300,26,2
2026-03-16,000001,13:45:45,10.9300,42,2
2026-03-16,000001,13:45:48,10.9300,72,2
2026-03-16,000001,13:45:51,10.9300,3,2
2026-03-16,000001,13:45:54,10.9300,1,2
2026-03-16,000001,13:46:00,10.9300,47,2
2026-03-16,000001,13:46:06,10.9400,32,1
2026-03-16,000001,13:46:09,10.9400,63,1
2026-03-16,000001,13:46:12,10.9300,2,2
2026-03-16,000001,13:46:21,10.9400,71,1
2026-03-16,000001,13:46:27,10.9300,21,2
2026-03-16,000001,13:46:33,10.9300,342,2
2026-03-16,000001,13:46:36,10.9300,37,2
2026-03-16,000001,13:46:42,10.9400,3,1
2026-03-16,000001,13:46:45,10.9300,8,2
2026-03-16,000001,13:46:48,10.9400,56,1
2026-03-16,000001,13:47:00,10.9400,64,1
2026-03-16,000001,13:47:03,10.9300,54,2
2026-03-16,000001,13:47:06,10.9400,55,1
2026-03-16,000001,13:47:09,10.9300,13,2
2026-03-16,000001,13:47:12,10.9400,28,1
2026-03-16,000001,13:47:15,10.9400,3,1
2026-03-16,000001,13:47:18,10.9400,3,1
2026-03-16,000001,13:47:24,10.9300,24,2
2026-03-16,000001,13:47:30,10.9300,47,2
2026-03-16,000001,13:47:36,10.9300,4,2
2026-03-16,000001,13:47:39,10.9400,151,1
2026-03-16,000001,13:47:45,10.9400,61,1
2026-03-16,000001,13:47:51,10.9300,1,2
2026-03-16,000001,13:47:54,10.9300,1,2
2026-03-16,000001,13:47:57,10.9300,55,2
2026-03-16,000001,13:48:00,10.9300,20,2
2026-03-16,000001,13:48:12,10.9400,11,1
2026-03-16,000001,13:48:15,10.9400,122,1
2026-03-16,000001,13:48:18,10.9300,1,2
2026-03-16,000001,13:48:24,10.9300,3,2
2026-03-16,000001,13:48:27,10.9300,10,2
2026-03-16,000001,13:48:30,10.9400,112,1
2026-03-16,000001,13:48:33,10.9400,5,1
2026-03-16,000001,13:48:36,10.9300,65,2
2026-03-16,000001,13:48:39,10.9300,1,2
2026-03-16,000001,13:48:42,10.9300,4,2
2026-03-16,000001,13:48:45,10.9300,40,2
2026-03-16,000001,13:49:00,10.9300,4,2
2026-03-16,000001,13:49:09,10.9400,175,1
2026-03-16,000001,13:49:24,10.9300,15,2
2026-03-16,000001,13:49:30,10.9400,17,1
2026-03-16,000001,13:49:36,10.9300,136,2
2026-03-16,000001,13:49:39,10.9300,1,2
2026-03-16,000001,13:49:42,10.9400,76,1
2026-03-16,000001,13:49:45,10.9400,37,1
2026-03-16,000001,13:49:48,10.9300,60,2
2026-03-16,000001,13:49:51,10.9400,30,1
2026-03-16,000001,13:49:54,10.9300,26,2
2026-03-16,000001,13:50:00,10.9400,4,1
2026-03-16,000001,13:50:03,10.9300,111,2
2026-03-16,000001,13:50:06,10.9400,23,1
2026-03-16,000001,13:50:09,10.9400,29,1
2026-03-16,000001,13:50:15,10.9300,26,2
2026-03-16,000001,13:50:18,10.9400,3,1
2026-03-16,000001,13:50:21,10.9400,6,1
2026-03-16,000001,13:50:24,10.9400,30,1
2026-03-16,000001,13:50:27,10.9300,13,2
2026-03-16,000001,13:50:33,10.9300,59,2
2026-03-16,000001,13:50:36,10.9300,20,2
2026-03-16,000001,13:50:42,10.9400,110,1
2026-03-16,000001,13:50:45,10.9400,2,1
2026-03-16,000001,13:50:48,10.9400,80,1
2026-03-16,000001,13:50:54,10.9300,86,2
2026-03-16,000001,13:51:00,10.9400,77,1
2026-03-16,000001,13:51:06,10.9400,1,1
2026-03-16,000001,13:51:12,10.9400,12,1
2026-03-16,000001,13:51:18,10.9400,38,1
2026-03-16,000001,13:51:21,10.9400,10,1
2026-03-16,000001,13:51:24,10.9400,27,1
2026-03-16,000001,13:51:30,10.9400,29,1
2026-03-16,000001,13:51:36,10.9300,10,2
2026-03-16,000001,13:51:42,10.9300,1,2
2026-03-16,000001,13:51:45,10.9400,1,1
2026-03-16,000001,13:51:51,10.9300,2,2
2026-03-16,000001,13:51:54,10.9300,124,2
2026-03-16,000001,13:51:57,10.9300,218,2
2026-03-16,000001,13:52:00,10.9300,564,2
2026-03-16,000001,13:52:03,10.9300,384,2
2026-03-16,000001,13:52:06,10.9300,576,1
2026-03-16,000001,13:52:09,10.9300,35,1
2026-03-16,000001,13:52:12,10.9300,121,1
2026-03-16,000001,13:52:15,10.9300,1151,2
2026-03-16,000001,13:52:18,10.9200,67,2
2026-03-16,000001,13:52:21,10.9300,1,4
2026-03-16,000001,13:52:24,10.9300,17,2
2026-03-16,000001,13:52:27,10.9300,38,2
2026-03-16,000001,13:52:30,10.9300,26,2
2026-03-16,000001,13:52:33,10.9300,12,4
2026-03-16,000001,13:52:36,10.9400,9,1
2026-03-16,000001,13:52:42,10.9400,39,1
2026-03-16,000001,13:52:45,10.9400,34,1
2026-03-16,000001,13:52:48,10.9300,19,2
2026-03-16,000001,13:52:51,10.9300,4,2
2026-03-16,000001,13:52:54,10.9300,124,2
2026-03-16,000001,13:53:00,10.9400,36,1
2026-03-16,000001,13:53:03,10.9300,130,2
2026-03-16,000001,13:53:06,10.9300,29,2
2026-03-16,000001,13:53:09,10.9400,139,1
2026-03-16,000001,13:53:12,10.9300,28,2
2026-03-16,000001,13:53:15,10.9400,19,1
2026-03-16,000001,13:53:21,10.9300,50,2
2026-03-16,000001,13:53:24,10.9300,17,2
2026-03-16,000001,13:53:33,10.9400,107,1
2026-03-16,000001,13:53:36,10.9300,72,2
2026-03-16,000001,13:53:39,10.9400,50,1
2026-03-16,000001,13:53:42,10.9400,24,1
2026-03-16,000001,13:53:45,10.9300,31,2
2026-03-16,000001,13:53:48,10.9300,28,2
2026-03-16,000001,13:53:51,10.9400,210,1
2026-03-16,000001,13:53:54,10.9300,28,2
2026-03-16,000001,13:53:57,10.9300,3,2
2026-03-16,000001,13:54:00,10.9400,10,1
2026-03-16,000001,13:54:03,10.9400,52,1
2026-03-16,000001,13:54:09,10.9400,38,1
2026-03-16,000001,13:54:12,10.9400,88,1
2026-03-16,000001,13:54:15,10.9300,84,2
2026-03-16,000001,13:54:18,10.9400,33,1
2026-03-16,000001,13:54:21,10.9400,24,1
2026-03-16,000001,13:54:24,10.9400,43,1
2026-03-16,000001,13:54:27,10.9400,60,1
2026-03-16,000001,13:54:30,10.9400,51,1
2026-03-16,000001,13:54:36,10.9400,6,1
2026-03-16,000001,13:54:39,10.9300,1,2
2026-03-16,000001,13:54:45,10.9300,37,2
2026-03-16,000001,13:54:48,10.9400,37,1
2026-03-16,000001,13:54:57,10.9300,42,2
2026-03-16,000001,13:55:00,10.9300,4,2
2026-03-16,000001,13:55:03,10.9400,63,1
2026-03-16,000001,13:55:06,10.9300,1,2
2026-03-16,000001,13:55:12,10.9300,1,2
2026-03-16,000001,13:55:15,10.9400,45,1
2026-03-16,000001,13:55:18,10.9400,4,1
2026-03-16,000001,13:55:21,10.9300,1,2
2026-03-16,000001,13:55:24,10.9300,1,2
2026-03-16,000001,13:55:27,10.9400,30,1
2026-03-16,000001,13:55:30,10.9300,28,2
2026-03-16,000001,13:55:36,10.9300,40,2
2026-03-16,000001,13:55:39,10.9400,6,1
2026-03-16,000001,13:55:42,10.9400,29,1
2026-03-16,000001,13:55:48,10.9300,3,2
2026-03-16,000001,13:55:54,10.9300,24,2
2026-03-16,000001,13:55:57,10.9300,1,2
2026-03-16,000001,13:56:00,10.9300,5,2
2026-03-16,000001,13:56:03,10.9300,1121,2
2026-03-16,000001,13:56:06,10.9300,75,2
2026-03-16,000001,13:56:09,10.9300,10,2
2026-03-16,000001,13:56:12,10.9400,4,1
2026-03-16,000001,13:56:15,10.9300,29,2
2026-03-16,000001,13:56:18,10.9300,1,2
2026-03-16,000001,13:56:21,10.9400,37,1
2026-03-16,000001,13:56:24,10.9400,6,1
2026-03-16,000001,13:56:27,10.9400,2,1
2026-03-16,000001,13:56:30,10.9400,139,1
2026-03-16,000001,13:56:36,10.9300,24,2
2026-03-16,000001,13:56:42,10.9400,30,1
2026-03-16,000001,13:56:45,10.9300,200,2
2026-03-16,000001,13:56:48,10.9300,2,2
2026-03-16,000001,13:56:51,10.9300,10,2
2026-03-16,000001,13:56:57,10.9400,20,1
2026-03-16,000001,13:57:00,10.9300,5,2
2026-03-16,000001,13:57:03,10.9300,128,2
2026-03-16,000001,13:57:06,10.9400,16,1
2026-03-16,000001,13:57:09,10.9300,36,2
2026-03-16,000001,13:57:15,10.9400,24,1
2026-03-16,000001,13:57:18,10.9300,2,2
2026-03-16,000001,13:57:21,10.9300,21,2
2026-03-16,000001,13:57:30,10.9300,26,2
2026-03-16,000001,13:57:33,10.9400,22,1
2026-03-16,000001,13:57:36,10.9300,13,2
2026-03-16,000001,13:57:39,10.9400,45,1
2026-03-16,000001,13:57:42,10.9300,81,2
2026-03-16,000001,13:57:45,10.9300,56,2
2026-03-16,000001,13:57:48,10.9400,46,1
2026-03-16,000001,13:57:51,10.9300,31,2
2026-03-16,000001,13:57:54,10.9300,35,2
2026-03-16,000001,13:57:57,10.9300,1,2
2026-03-16,000001,13:58:00,10.9400,56,1
2026-03-16,000001,13:58:03,10.9300,63,2
2026-03-16,000001,13:58:06,10.9300,43,2
2026-03-16,000001,13:58:09,10.9300,321,2
2026-03-16,000001,13:58:12,10.9400,14,1
2026-03-16,000001,13:58:18,10.9300,22,2
2026-03-16,000001,13:58:21,10.9400,5,1
2026-03-16,000001,13:58:27,10.9400,2,1
2026-03-16,000001,13:58:33,10.9400,2,1
2026-03-16,000001,13:58:36,10.9400,1,1
2026-03-16,000001,13:58:39,10.9300,53,2
2026-03-16,000001,13:58:42,10.9400,1,1
2026-03-16,000001,13:58:45,10.9400,3,1
2026-03-16,000001,13:58:48,10.9300,21,2
2026-03-16,000001,13:58:51,10.9400,1,1
2026-03-16,000001,13:58:57,10.9400,1,1
2026-03-16,000001,13:59:00,10.9300,5,2
2026-03-16,000001,13:59:03,10.9400,175,1
2026-03-16,000001,13:59:06,10.9400,32,1
2026-03-16,000001,13:59:09,10.9300,144,2
2026-03-16,000001,13:59:12,10.9300,5,2
2026-03-16,000001,13:59:15,10.9300,36,2
2026-03-16,000001,13:59:18,10.9300,14,2
2026-03-16,000001,13:59:21,10.9300,33,2
2026-03-16,000001,13:59:24,10.9300,12,2
2026-03-16,000001,13:59:27,10.9400,1,1
2026-03-16,000001,13:59:30,10.9400,54,1
2026-03-16,000001,13:59:33,10.9400,4,1
2026-03-16,000001,13:59:36,10.9300,29,2
2026-03-16,000001,13:59:39,10.9400,15,1
2026-03-16,000001,13:59:42,10.9400,1,1
2026-03-16,000001,13:59:45,10.9300,1,2
2026-03-16,000001,13:59:48,10.9400,3,1
2026-03-16,000001,13:59:51,10.9400,2,1
2026-03-16,000001,13:59:54,10.9300,9,2
2026-03-16,000001,13:59:57,10.9400,29,1
2026-03-16,000001,14:00:00,10.9300,6,2
2026-03-16,000001,14:00:03,10.9300,717,2
2026-03-16,000001,14:00:06,10.9400,24,1
2026-03-16,000001,14:00:09,10.9300,42,2
2026-03-16,000001,14:00:12,10.9400,3,1
2026-03-16,000001,14:00:15,10.9400,24,1
2026-03-16,000001,14:00:18,10.9300,6,2
2026-03-16,000001,14:00:21,10.9400,70,1
2026-03-16,000001,14:00:27,10.9400,4,1
2026-03-16,000001,14:00:30,10.9300,2,2
2026-03-16,000001,14:00:33,10.9400,29,1
2026-03-16,000001,14:00:36,10.9300,46,2
2026-03-16,000001,14:00:42,10.9300,14,2
2026-03-16,000001,14:00:45,10.9400,38,1
2026-03-16,000001,14:00:48,10.9400,1,1
2026-03-16,000001,14:00:51,10.9400,1,1
2026-03-16,000001,14:00:54,10.9300,1,2
2026-03-16,000001,14:00:57,10.9400,1,1
2026-03-16,000001,14:01:00,10.9300,1,2
2026-03-16,000001,14:01:03,10.9300,426,2
2026-03-16,000001,14:01:06,10.9300,250,2
2026-03-16,000001,14:01:09,10.9300,233,2
2026-03-16,000001,14:01:12,10.9400,29,1
2026-03-16,000001,14:01:15,10.9300,44,2
2026-03-16,000001,14:01:18,10.9400,1,1
2026-03-16,000001,14:01:21,10.9300,7,2
2026-03-16,000001,14:01:24,10.9300,2,2
2026-03-16,000001,14:01:27,10.9400,47,1
2026-03-16,000001,14:01:30,10.9300,45,2
2026-03-16,000001,14:01:33,10.9300,54,2
2026-03-16,000001,14:01:36,10.9300,6,2
2026-03-16,000001,14:01:42,10.9300,4,2
2026-03-16,000001,14:01:48,10.9300,15,2
2026-03-16,000001,14:01:51,10.9300,1019,2
2026-03-16,000001,14:01:54,10.9300,837,2
2026-03-16,000001,14:01:57,10.9300,493,2
2026-03-16,000001,14:02:00,10.9300,102,1
2026-03-16,000001,14:02:03,10.9200,224,2
2026-03-16,000001,14:02:09,10.9400,204,1
2026-03-16,000001,14:02:12,10.9400,29,1
2026-03-16,000001,14:02:15,10.9300,18,2
2026-03-16,000001,14:02:18,10.9300,1,2
2026-03-16,000001,14:02:21,10.9400,2,1
2026-03-16,000001,14:02:24,10.9300,20,2
2026-03-16,000001,14:02:27,10.9400,13,1
2026-03-16,000001,14:02:30,10.9400,31,1
2026-03-16,000001,14:02:33,10.9300,35,2
2026-03-16,000001,14:02:36,10.9400,13,1
2026-03-16,000001,14:02:39,10.9400,10,1
2026-03-16,000001,14:02:42,10.9400,1,1
2026-03-16,000001,14:02:45,10.9300,48,2
2026-03-16,000001,14:02:48,10.9400,3,1
2026-03-16,000001,14:02:51,10.9400,3,1
2026-03-16,000001,14:02:57,10.9300,46,2
2026-03-16,000001,14:03:00,10.9300,19,2
2026-03-16,000001,14:03:03,10.9400,119,1
2026-03-16,000001,14:03:06,10.9400,11,1
2026-03-16,000001,14:03:09,10.9400,25,1
2026-03-16,000001,14:03:12,10.9300,46,2
2026-03-16,000001,14:03:15,10.9400,2,1
2026-03-16,000001,14:03:18,10.9400,4,1
2026-03-16,000001,14:03:21,10.9400,1,1
2026-03-16,000001,14:03:24,10.9300,20,2
2026-03-16,000001,14:03:27,10.9400,2,1
2026-03-16,000001,14:03:30,10.9400,1,1
2026-03-16,000001,14:03:33,10.9400,21,1
2026-03-16,000001,10:34:09,10.9500,97,1
2026-03-16,000001,10:34:12,10.9500,3,1
2026-03-16,000001,10:34:15,10.9500,2,1
2026-03-16,000001,10:34:18,10.9500,482,1
2026-03-16,000001,10:34:21,10.9500,81,1
2026-03-16,000001,10:34:24,10.9500,39,1
2026-03-16,000001,10:34:27,10.9500,6,1
2026-03-16,000001,10:34:30,10.9500,249,1
2026-03-16,000001,10:34:33,10.9400,121,2
2026-03-16,000001,10:34:36,10.9500,114,1
2026-03-16,000001,10:34:39,10.9500,27,2
2026-03-16,000001,10:34:42,10.9500,20,2
2026-03-16,000001,10:34:45,10.9500,20,2
2026-03-16,000001,10:34:48,10.9600,9,1
2026-03-16,000001,10:34:51,10.9500,13,2
2026-03-16,000001,10:34:54,10.9600,10,1
2026-03-16,000001,10:34:57,10.9500,13,2
2026-03-16,000001,10:35:00,10.9600,166,1
2026-03-16,000001,10:35:03,10.9500,60,2
2026-03-16,000001,10:35:06,10.9500,7,2
2026-03-16,000001,10:35:09,10.9500,125,2
2026-03-16,000001,10:35:12,10.9600,133,1
2026-03-16,000001,10:35:15,10.9600,88,1
2026-03-16,000001,10:35:18,10.9600,89,1
2026-03-16,000001,10:35:21,10.9500,830,2
2026-03-16,000001,10:35:24,10.9500,57,2
2026-03-16,000001,10:35:27,10.9500,1,2
2026-03-16,000001,10:35:30,10.9600,78,1
2026-03-16,000001,10:35:33,10.9500,54,2
2026-03-16,000001,10:35:36,10.9600,11,1
2026-03-16,000001,10:35:39,10.9500,515,2
2026-03-16,000001,10:35:42,10.9600,30,1
2026-03-16,000001,10:35:45,10.9500,48,2
2026-03-16,000001,10:35:48,10.9600,466,1
2026-03-16,000001,10:35:51,10.9600,5,1
2026-03-16,000001,10:35:54,10.9600,89,1
2026-03-16,000001,10:35:57,10.9500,527,2
2026-03-16,000001,10:36:00,10.9500,10,2
2026-03-16,000001,10:36:03,10.9500,21,2
2026-03-16,000001,10:36:06,10.9600,38,1
2026-03-16,000001,10:36:09,10.9500,73,2
2026-03-16,000001,10:36:12,10.9500,1267,2
2026-03-16,000001,10:36:15,10.9600,127,1
2026-03-16,000001,10:36:18,10.9500,61,2
2026-03-16,000001,10:36:21,10.9500,310,2
2026-03-16,000001,10:36:24,10.9500,920,2
2026-03-16,000001,10:36:27,10.9500,604,2
2026-03-16,000001,10:36:30,10.9500,176,2
2026-03-16,000001,10:36:33,10.9500,56,2
2026-03-16,000001,10:36:36,10.9500,27,2
2026-03-16,000001,10:36:39,10.9500,28,2
2026-03-16,000001,10:36:42,10.9500,143,2
2026-03-16,000001,10:36:45,10.9500,127,2
2026-03-16,000001,10:36:48,10.9500,8,2
2026-03-16,000001,10:36:51,10.9500,1143,2
2026-03-16,000001,10:36:54,10.9500,74,1
2026-03-16,000001,10:36:57,10.9500,181,1
2026-03-16,000001,10:37:00,10.9400,51,2
2026-03-16,000001,10:37:03,10.9400,31,2
2026-03-16,000001,10:37:06,10.9400,1,2
2026-03-16,000001,10:37:09,10.9500,173,1
2026-03-16,000001,10:37:15,10.9400,45,2
2026-03-16,000001,10:37:21,10.9500,5,1
2026-03-16,000001,10:37:24,10.9400,11,2
2026-03-16,000001,10:37:27,10.9400,300,2
2026-03-16,000001,10:37:30,10.9400,60,2
2026-03-16,000001,10:37:39,10.9500,55,1
2026-03-16,000001,10:37:42,10.9500,46,1
2026-03-16,000001,10:37:45,10.9500,12,1
2026-03-16,000001,10:37:51,10.9500,1,1
2026-03-16,000001,10:37:54,10.9500,193,1
2026-03-16,000001,10:37:57,10.9500,411,1
2026-03-16,000001,10:38:00,10.9500,28,1
2026-03-16,000001,10:38:03,10.9500,254,1
2026-03-16,000001,10:38:06,10.9500,152,1
2026-03-16,000001,10:38:09,10.9500,95,1
2026-03-16,000001,10:38:12,10.9400,18,2
2026-03-16,000001,10:38:15,10.9500,16,1
2026-03-16,000001,10:38:18,10.9500,4,1
2026-03-16,000001,10:38:21,10.9500,210,1
2026-03-16,000001,10:38:27,10.9500,4,1
2026-03-16,000001,10:38:30,10.9500,17,1
2026-03-16,000001,10:38:33,10.9500,185,1
2026-03-16,000001,10:38:36,10.9400,54,2
2026-03-16,000001,10:38:42,10.9400,39,2
2026-03-16,000001,10:38:45,10.9500,59,1
2026-03-16,000001,10:38:48,10.9400,243,2
2026-03-16,000001,10:38:51,10.9500,6,1
2026-03-16,000001,10:38:54,10.9500,8,1
2026-03-16,000001,10:38:57,10.9500,26,1
2026-03-16,000001,10:39:00,10.9500,16,1
2026-03-16,000001,10:39:03,10.9400,66,2
2026-03-16,000001,10:39:06,10.9500,2,1
2026-03-16,000001,10:39:09,10.9500,71,1
2026-03-16,000001,10:39:12,10.9500,36,1
2026-03-16,000001,10:39:15,10.9500,43,1
2026-03-16,000001,10:39:18,10.9500,3,1
2026-03-16,000001,10:39:21,10.9400,39,2
2026-03-16,000001,10:39:24,10.9500,29,1
2026-03-16,000001,10:39:27,10.9500,52,1
2026-03-16,000001,10:39:30,10.9400,15,2
2026-03-16,000001,10:39:33,10.9400,193,2
2026-03-16,000001,10:39:36,10.9500,48,1
2026-03-16,000001,10:39:39,10.9400,67,2
2026-03-16,000001,10:39:42,10.9500,18,1
2026-03-16,000001,10:39:45,10.9500,309,1
2026-03-16,000001,10:39:48,10.9500,5,1
2026-03-16,000001,10:39:51,10.9400,41,2
2026-03-16,000001,10:39:54,10.9400,68,2
2026-03-16,000001,10:39:57,10.9400,39,2
2026-03-16,000001,10:40:00,10.9400,54,2
2026-03-16,000001,10:40:03,10.9500,82,1
2026-03-16,000001,10:40:06,10.9400,20,2
2026-03-16,000001,10:40:09,10.9400,21,2
2026-03-16,000001,10:40:15,10.9500,29,1
2026-03-16,000001,10:40:18,10.9500,52,1
2026-03-16,000001,10:40:21,10.9500,50,1
2026-03-16,000001,10:40:24,10.9500,60,1
2026-03-16,000001,10:40:27,10.9500,88,1
2026-03-16,000001,10:40:30,10.9500,478,1
2026-03-16,000001,10:40:33,10.9400,219,2
2026-03-16,000001,10:40:36,10.9400,335,2
2026-03-16,000001,10:40:39,10.9500,10,1
2026-03-16,000001,10:40:42,10.9400,10,2
2026-03-16,000001,10:40:45,10.9500,107,1
2026-03-16,000001,10:40:48,10.9500,10,1
2026-03-16,000001,10:40:51,10.9400,53,2
2026-03-16,000001,10:40:54,10.9500,8,1
2026-03-16,000001,10:40:57,10.9500,200,1
2026-03-16,000001,10:41:00,10.9400,41,2
2026-03-16,000001,10:41:06,10.9500,1,1
2026-03-16,000001,10:41:09,10.9500,3,1
2026-03-16,000001,10:41:12,10.9500,15,1
2026-03-16,000001,10:41:15,10.9400,43,2
2026-03-16,000001,10:41:21,10.9500,27,1
2026-03-16,000001,10:41:24,10.9400,32,2
2026-03-16,000001,10:41:27,10.9400,1,2
2026-03-16,000001,10:41:33,10.9400,30,2
2026-03-16,000001,10:41:36,10.9400,1,2
2026-03-16,000001,10:41:39,10.9400,20,2
2026-03-16,000001,10:41:42,10.9500,226,1
2026-03-16,000001,10:41:45,10.9500,169,1
2026-03-16,000001,10:41:51,10.9500,152,1
2026-03-16,000001,10:41:54,10.9500,6,1
2026-03-16,000001,10:41:57,10.9400,7,2
2026-03-16,000001,10:42:00,10.9500,7,1
2026-03-16,000001,10:42:03,10.9500,3,1
2026-03-16,000001,10:42:06,10.9500,16,1
2026-03-16,000001,10:42:09,10.9500,51,1
2026-03-16,000001,10:42:12,10.9500,1,1
2026-03-16,000001,10:42:15,10.9500,51,1
2026-03-16,000001,10:42:18,10.9400,15,2
2026-03-16,000001,10:42:21,10.9500,56,1
2026-03-16,000001,10:42:24,10.9500,34,1
2026-03-16,000001,10:42:27,10.9400,125,2
2026-03-16,000001,10:42:30,10.9500,2,1
2026-03-16,000001,10:42:33,10.9500,2,1
2026-03-16,000001,10:42:36,10.9400,31,2
2026-03-16,000001,10:42:39,10.9400,58,2
2026-03-16,000001,10:42:42,10.9400,21,2
2026-03-16,000001,10:42:45,10.9400,49,2
2026-03-16,000001,10:42:48,10.9400,30,2
2026-03-16,000001,10:42:51,10.9400,60,2
2026-03-16,000001,10:43:00,10.9500,68,1
2026-03-16,000001,10:43:03,10.9400,273,2
2026-03-16,000001,10:43:06,10.9500,13,1
2026-03-16,000001,10:43:09,10.9400,21,2
2026-03-16,000001,10:43:12,10.9400,19,2
2026-03-16,000001,10:43:15,10.9500,49,1
2026-03-16,000001,10:43:18,10.9400,540,2
2026-03-16,000001,10:43:21,10.9500,174,1
2026-03-16,000001,10:43:24,10.9500,49,1
2026-03-16,000001,10:43:27,10.9400,36,2
2026-03-16,000001,10:43:30,10.9400,96,2
2026-03-16,000001,10:43:33,10.9500,20,1
2026-03-16,000001,10:43:36,10.9500,281,1
2026-03-16,000001,10:43:42,10.9500,20,1
2026-03-16,000001,10:43:45,10.9500,85,1
2026-03-16,000001,10:43:48,10.9500,29,1
2026-03-16,000001,10:43:51,10.9400,369,2
2026-03-16,000001,10:44:00,10.9400,35,2
2026-03-16,000001,10:44:03,10.9400,4,2
2026-03-16,000001,10:44:06,10.9500,28,1
2026-03-16,000001,10:44:12,10.9500,41,1
2026-03-16,000001,10:44:15,10.9400,99,2
2026-03-16,000001,10:44:18,10.9500,17,1
2026-03-16,000001,10:44:21,10.9500,58,1
2026-03-16,000001,10:44:24,10.9400,283,2
2026-03-16,000001,10:44:27,10.9400,23,2
2026-03-16,000001,10:44:30,10.9500,101,1
2026-03-16,000001,10:44:33,10.9400,33,2
2026-03-16,000001,10:44:36,10.9500,31,1
2026-03-16,000001,10:44:39,10.9500,60,1
2026-03-16,000001,10:44:42,10.9400,41,2
2026-03-16,000001,10:44:45,10.9400,5,2
2026-03-16,000001,10:44:48,10.9400,100,2
2026-03-16,000001,10:44:51,10.9400,43,2
2026-03-16,000001,10:44:54,10.9400,65,2
2026-03-16,000001,10:44:57,10.9400,30,2
2026-03-16,000001,10:45:00,10.9500,105,1
2026-03-16,000001,10:45:03,10.9400,10,2
2026-03-16,000001,10:45:06,10.9500,9,1
2026-03-16,000001,10:45:09,10.9500,25,1
2026-03-16,000001,10:45:12,10.9400,52,2
2026-03-16,000001,10:45:15,10.9400,195,2
2026-03-16,000001,10:45:18,10.9500,236,1
2026-03-16,000001,10:45:21,10.9400,60,2
2026-03-16,000001,10:45:24,10.9400,143,2
2026-03-16,000001,10:45:27,10.9500,64,1
2026-03-16,000001,10:45:30,10.9400,30,2
2026-03-16,000001,10:45:33,10.9500,260,1
2026-03-16,000001,10:45:36,10.9400,1,2
2026-03-16,000001,10:45:39,10.9400,17,2
2026-03-16,000001,10:45:42,10.9400,95,2
2026-03-16,000001,10:45:45,10.9500,330,1
2026-03-16,000001,10:45:48,10.9400,138,2
2026-03-16,000001,10:45:51,10.9400,341,2
2026-03-16,000001,10:45:54,10.9400,316,2
2026-03-16,000001,10:45:57,10.9500,62,1
2026-03-16,000001,10:46:00,10.9400,357,2
2026-03-16,000001,10:46:03,10.9500,457,1
2026-03-16,000001,10:46:06,10.9400,69,2
2026-03-16,000001,10:46:09,10.9400,1041,2
2026-03-16,000001,10:46:12,10.9300,54,2
2026-03-16,000001,10:46:15,10.9400,32,1
2026-03-16,000001,10:46:18,10.9400,67,1
2026-03-16,000001,10:46:21,10.9400,50,1
2026-03-16,000001,10:46:24,10.9400,45,1
2026-03-16,000001,10:46:27,10.9400,41,1
2026-03-16,000001,10:46:36,10.9300,571,2
2026-03-16,000001,10:46:39,10.9300,58,2
2026-03-16,000001,10:46:42,10.9400,1,1
2026-03-16,000001,10:46:45,10.9400,15,1
2026-03-16,000001,10:46:48,10.9300,1,2
2026-03-16,000001,10:46:51,10.9400,6,1
2026-03-16,000001,10:46:54,10.9300,60,2
2026-03-16,000001,10:47:00,10.9300,86,2
2026-03-16,000001,10:47:03,10.9400,276,1
2026-03-16,000001,10:47:06,10.9400,70,1
2026-03-16,000001,10:47:09,10.9400,80,1
2026-03-16,000001,10:47:12,10.9400,255,1
2026-03-16,000001,10:47:15,10.9400,161,1
2026-03-16,000001,10:47:18,10.9400,220,1
2026-03-16,000001,10:47:21,10.9400,1430,1
2026-03-16,000001,10:47:24,10.9400,2,2
2026-03-16,000001,10:47:27,10.9400,176,2
2026-03-16,000001,10:47:30,10.9400,114,2
2026-03-16,000001,10:47:33,10.9400,112,2
2026-03-16,000001,10:47:36,10.9500,321,1
2026-03-16,000001,10:47:39,10.9500,22,1
2026-03-16,000001,10:47:42,10.9500,19,1
2026-03-16,000001,10:47:45,10.9500,25,1
2026-03-16,000001,10:47:51,10.9400,117,2
2026-03-16,000001,10:47:54,10.9400,46,2
2026-03-16,000001,10:47:57,10.9500,16,1
2026-03-16,000001,10:48:00,10.9400,8,2
2026-03-16,000001,10:48:03,10.9500,30,1
2026-03-16,000001,10:48:06,10.9400,609,2
2026-03-16,000001,10:48:09,10.9400,115,2
2026-03-16,000001,10:48:12,10.9400,101,2
2026-03-16,000001,10:48:15,10.9400,80,2
2026-03-16,000001,10:48:18,10.9400,537,2
2026-03-16,000001,10:48:21,10.9500,249,1
2026-03-16,000001,10:48:24,10.9500,242,1
2026-03-16,000001,10:48:27,10.9400,110,2
2026-03-16,000001,10:48:30,10.9400,296,2
2026-03-16,000001,10:48:33,10.9400,123,1
2026-03-16,000001,10:48:36,10.9500,900,1
2026-03-16,000001,10:48:39,10.9400,223,2
2026-03-16,000001,10:48:42,10.9500,46,1
2026-03-16,000001,10:48:45,10.9500,25,1
2026-03-16,000001,10:48:48,10.9500,116,1
2026-03-16,000001,10:48:51,10.9400,29,2
2026-03-16,000001,10:48:54,10.9400,10,2
2026-03-16,000001,10:48:57,10.9500,15,1
2026-03-16,000001,10:49:03,10.9400,2,2
2026-03-16,000001,10:49:06,10.9400,200,2
2026-03-16,000001,10:49:09,10.9500,13,1
2026-03-16,000001,10:49:12,10.9400,38,2
2026-03-16,000001,10:49:15,10.9500,20,1
2026-03-16,000001,10:49:18,10.9500,17,1
2026-03-16,000001,10:49:21,10.9400,31,2
2026-03-16,000001,10:49:24,10.9400,5,2
2026-03-16,000001,10:49:27,10.9400,411,2
2026-03-16,000001,10:49:30,10.9400,119,2
2026-03-16,000001,10:49:33,10.9500,52,1
2026-03-16,000001,10:49:39,10.9400,70,2
2026-03-16,000001,10:49:42,10.9500,311,1
2026-03-16,000001,10:49:45,10.9500,229,1
2026-03-16,000001,10:49:48,10.9400,11,2
2026-03-16,000001,10:49:51,10.9500,396,1
2026-03-16,000001,10:49:54,10.9400,81,2
2026-03-16,000001,10:49:57,10.9400,21,2
2026-03-16,000001,10:50:00,10.9400,66,2
2026-03-16,000001,10:50:03,10.9400,96,2
2026-03-16,000001,10:50:06,10.9500,50,1
2026-03-16,000001,10:50:09,10.9400,832,2
2026-03-16,000001,10:50:15,10.9500,229,1
2026-03-16,000001,10:50:18,10.9500,101,1
2026-03-16,000001,10:50:21,10.9500,61,1
2026-03-16,000001,10:50:24,10.9500,52,1
2026-03-16,000001,10:50:27,10.9500,6,1
2026-03-16,000001,10:50:30,10.9500,267,1
2026-03-16,000001,10:50:33,10.9500,15,1
2026-03-16,000001,10:50:36,10.9500,54,1
2026-03-16,000001,10:50:39,10.9500,92,1
2026-03-16,000001,10:50:42,10.9500,42,1
2026-03-16,000001,10:50:45,10.9400,2,2
2026-03-16,000001,10:50:48,10.9500,40,1
2026-03-16,000001,10:50:54,10.9400,72,2
2026-03-16,000001,10:50:57,10.9400,64,2
2026-03-16,000001,10:51:00,10.9400,10,2
2026-03-16,000001,10:51:06,10.9400,40,2
2026-03-16,000001,10:51:09,10.9500,149,1
2026-03-16,000001,10:51:12,10.9500,36,1
2026-03-16,000001,10:51:15,10.9400,86,2
2026-03-16,000001,10:51:18,10.9400,179,2
2026-03-16,000001,10:51:21,10.9400,1,2
2026-03-16,000001,10:51:24,10.9500,54,1
2026-03-16,000001,10:51:27,10.9500,56,1
2026-03-16,000001,10:51:30,10.9400,1,2
2026-03-16,000001,10:51:33,10.9400,4,2
2026-03-16,000001,10:51:36,10.9400,6,2
2026-03-16,000001,10:51:39,10.9400,135,2
2026-03-16,000001,10:51:42,10.9400,67,2
2026-03-16,000001,10:51:48,10.9400,132,2
2026-03-16,000001,10:51:51,10.9400,28,2
2026-03-16,000001,10:51:57,10.9400,26,2
2026-03-16,000001,10:52:00,10.9500,25,1
2026-03-16,000001,10:52:03,10.9400,50,2
2026-03-16,000001,10:52:06,10.9400,55,2
2026-03-16,000001,10:52:09,10.9400,1647,2
2026-03-16,000001,10:52:12,10.9400,84,1
2026-03-16,000001,10:52:15,10.9400,82,1
2026-03-16,000001,10:52:18,10.9400,87,1
2026-03-16,000001,10:52:21,10.9400,15,1
2026-03-16,000001,10:52:24,10.9400,57,1
2026-03-16,000001,10:52:27,10.9400,10,1
2026-03-16,000001,10:52:30,10.9400,83,1
2026-03-16,000001,10:52:33,10.9300,3,2
2026-03-16,000001,10:52:39,10.9300,10,2
2026-03-16,000001,10:52:42,10.9400,10,1
2026-03-16,000001,10:52:45,10.9300,127,2
2026-03-16,000001,10:52:57,10.9400,68,1
2026-03-16,000001,10:53:00,10.9400,48,1
2026-03-16,000001,10:53:03,10.9400,33,1
2026-03-16,000001,10:53:09,10.9400,32,1
2026-03-16,000001,10:53:12,10.9300,71,2
2026-03-16,000001,10:53:15,10.9300,58,2
2026-03-16,000001,10:53:21,10.9300,21,2
2026-03-16,000001,10:53:24,10.9300,500,2
2026-03-16,000001,10:53:27,10.9400,73,1
2026-03-16,000001,10:53:30,10.9400,35,1
2026-03-16,000001,10:53:33,10.9300,31,2
2026-03-16,000001,10:53:36,10.9400,146,1
2026-03-16,000001,10:53:39,10.9300,19,2
2026-03-16,000001,10:53:42,10.9300,2,2
2026-03-16,000001,10:53:45,10.9400,115,1
2026-03-16,000001,10:53:48,10.9300,41,2
2026-03-16,000001,10:53:51,10.9300,45,2
2026-03-16,000001,10:53:54,10.9400,41,1
2026-03-16,000001,10:53:57,10.9300,100,2
2026-03-16,000001,10:54:00,10.9400,73,1
2026-03-16,000001,10:54:03,10.9400,1,1
2026-03-16,000001,10:54:06,10.9400,17,1
2026-03-16,000001,10:54:09,10.9400,3700,1
2026-03-16,000001,10:54:12,10.9400,35,1
2026-03-16,000001,10:54:15,10.9400,482,1
2026-03-16,000001,10:54:18,10.9400,449,1
2026-03-16,000001,10:54:21,10.9400,100,1
2026-03-16,000001,10:54:24,10.9400,39,1
2026-03-16,000001,10:54:27,10.9400,120,1
2026-03-16,000001,10:54:33,10.9300,6,2
2026-03-16,000001,10:54:36,10.9400,28,1
2026-03-16,000001,10:54:39,10.9400,28,1
2026-03-16,000001,10:54:42,10.9400,10,1
2026-03-16,000001,10:54:45,10.9400,2,1
2026-03-16,000001,10:54:54,10.9400,765,1
2026-03-16,000001,10:54:57,10.9300,45,2
2026-03-16,000001,10:55:00,10.9400,6,1
2026-03-16,000001,10:55:09,10.9400,105,1
2026-03-16,000001,10:55:12,10.9400,37,1
2026-03-16,000001,10:55:18,10.9300,2,2
2026-03-16,000001,10:55:21,10.9300,13,2
2026-03-16,000001,10:55:24,10.9400,50,1
2026-03-16,000001,10:55:27,10.9400,9,1
2026-03-16,000001,10:55:30,10.9400,58,1
2026-03-16,000001,10:55:33,10.9400,187,1
2026-03-16,000001,10:55:36,10.9400,50,1
2026-03-16,000001,10:55:39,10.9400,4,1
2026-03-16,000001,10:55:42,10.9300,2,2
2026-03-16,000001,10:55:45,10.9400,2,1
2026-03-16,000001,10:55:51,10.9300,1846,2
2026-03-16,000001,10:55:54,10.9400,73,1
2026-03-16,000001,10:55:57,10.9300,202,2
2026-03-16,000001,10:56:00,10.9400,612,1
2026-03-16,000001,10:56:03,10.9300,45,2
2026-03-16,000001,10:56:06,10.9400,40,1
2026-03-16,000001,10:56:09,10.9400,3,1
2026-03-16,000001,10:56:15,10.9300,1,2
2026-03-16,000001,10:56:18,10.9400,68,1
2026-03-16,000001,10:56:27,10.9400,1032,1
2026-03-16,000001,10:56:30,10.9400,56,1
2026-03-16,000001,10:56:33,10.9400,9,1
2026-03-16,000001,10:56:36,10.9400,22,1
2026-03-16,000001,10:56:39,10.9300,10,2
2026-03-16,000001,10:56:45,10.9400,2,1
2026-03-16,000001,10:56:51,10.9400,12,1
2026-03-16,000001,10:56:54,10.9400,13,1
2026-03-16,000001,10:56:57,10.9400,200,1
2026-03-16,000001,10:57:00,10.9400,6,1
2026-03-16,000001,10:57:03,10.9400,56,1
2026-03-16,000001,10:57:06,10.9400,95,1
2026-03-16,000001,10:57:12,10.9400,41,1
2026-03-16,000001,10:57:15,10.9400,14,1
2026-03-16,000001,10:57:18,10.9400,251,1
2026-03-16,000001,10:57:21,10.9400,53,1
2026-03-16,000001,10:57:24,10.9400,5,1
2026-03-16,000001,10:57:27,10.9400,67,1
2026-03-16,000001,10:57:30,10.9400,12,1
2026-03-16,000001,10:57:33,10.9400,9,1
2026-03-16,000001,10:57:36,10.9400,10,1
2026-03-16,000001,10:57:39,10.9400,6,1
2026-03-16,000001,10:57:42,10.9400,3,1
2026-03-16,000001,10:57:45,10.9300,73,2
2026-03-16,000001,10:57:48,10.9400,1,1
2026-03-16,000001,10:57:51,10.9400,2,1
2026-03-16,000001,10:57:54,10.9300,156,2
2026-03-16,000001,10:57:57,10.9300,50,2
2026-03-16,000001,10:58:00,10.9300,7,2
2026-03-16,000001,10:58:03,10.9400,3,1
2026-03-16,000001,10:58:15,10.9400,461,1
2026-03-16,000001,10:58:18,10.9400,48,1
2026-03-16,000001,10:58:24,10.9400,2,1
2026-03-16,000001,10:58:27,10.9400,34,1
2026-03-16,000001,10:58:30,10.9400,13,1
2026-03-16,000001,10:58:33,10.9400,196,1
2026-03-16,000001,10:58:39,10.9400,73,1
2026-03-16,000001,10:58:42,10.9400,25,1
2026-03-16,000001,10:58:45,10.9400,1,1
2026-03-16,000001,10:58:48,10.9400,4,1
2026-03-16,000001,10:58:54,10.9400,32,1
2026-03-16,000001,10:58:57,10.9400,3046,1
2026-03-16,000001,10:59:00,10.9500,64,1
2026-03-16,000001,10:59:03,10.9500,447,1
2026-03-16,000001,10:59:06,10.9400,61,2
2026-03-16,000001,10:59:09,10.9400,108,2
2026-03-16,000001,10:59:12,10.9500,17,1
2026-03-16,000001,10:59:15,10.9500,53,1
2026-03-16,000001,10:59:18,10.9500,166,1
2026-03-16,000001,10:59:21,10.9500,6,1
2026-03-16,000001,10:59:24,10.9400,29,2
2026-03-16,000001,10:59:27,10.9500,1,1
2026-03-16,000001,10:59:30,10.9400,62,2
2026-03-16,000001,10:59:33,10.9400,54,2
2026-03-16,000001,10:59:36,10.9400,76,2
2026-03-16,000001,10:59:39,10.9400,4,2
2026-03-16,000001,10:59:42,10.9400,1,2
2026-03-16,000001,10:59:45,10.9400,1,2
2026-03-16,000001,10:59:48,10.9400,13,2
2026-03-16,000001,10:59:51,10.9400,4,2
2026-03-16,000001,10:59:54,10.9500,17,1
2026-03-16,000001,10:59:57,10.9500,37,1
2026-03-16,000001,11:00:00,10.9500,4,1
2026-03-16,000001,11:00:03,10.9500,11,1
2026-03-16,000001,11:00:06,10.9500,12,1
2026-03-16,000001,11:00:09,10.9500,49,1
2026-03-16,000001,11:00:12,10.9500,20,1
2026-03-16,000001,11:00:15,10.9500,42,1
2026-03-16,000001,11:00:21,10.9500,5,1
2026-03-16,000001,11:00:24,10.9500,11,1
2026-03-16,000001,11:00:27,10.9400,39,2
2026-03-16,000001,11:00:33,10.9400,6,2
2026-03-16,000001,11:00:36,10.9400,30,2
2026-03-16,000001,11:00:39,10.9500,2,1
2026-03-16,000001,11:00:42,10.9500,216,1
2026-03-16,000001,11:00:45,10.9500,12,1
2026-03-16,000001,11:00:48,10.9500,164,1
2026-03-16,000001,11:00:51,10.9500,327,1
2026-03-16,000001,11:00:54,10.9500,43,1
2026-03-16,000001,11:00:57,10.9500,139,1
2026-03-16,000001,11:01:00,10.9500,12,1
2026-03-16,000001,11:01:03,10.9500,44,1
2026-03-16,000001,11:01:06,10.9400,102,2
2026-03-16,000001,11:01:12,10.9400,21,2
2026-03-16,000001,11:01:15,10.9500,87,1
2026-03-16,000001,11:01:18,10.9500,74,1
2026-03-16,000001,11:01:21,10.9500,131,1
2026-03-16,000001,11:01:24,10.9500,66,1
2026-03-16,000001,11:01:27,10.9400,2,2
2026-03-16,000001,11:01:30,10.9500,1,1
2026-03-16,000001,11:01:33,10.9400,377,2
2026-03-16,000001,11:01:36,10.9400,31,2
2026-03-16,000001,11:01:39,10.9500,1,1
2026-03-16,000001,11:01:45,10.9500,3,1
2026-03-16,000001,11:01:48,10.9400,35,2
2026-03-16,000001,11:01:51,10.9500,10,1
