date,code,time,price,volume,bs
2026-06-24,000333,14:07:00,76.4900,46,2
2026-06-24,000333,14:07:03,76.5200,85,1
2026-06-24,000333,14:07:06,76.5000,58,1
2026-06-24,000333,14:07:09,76.5000,911,2
2026-06-24,000333,14:07:12,76.5200,295,1
2026-06-24,000333,14:07:15,76.5200,189,1
2026-06-24,000333,14:07:18,76.5500,113,1
2026-06-24,000333,14:07:21,76.5500,56,1
2026-06-24,000333,14:07:24,76.5500,67,2
2026-06-24,000333,14:07:27,76.5400,55,2
2026-06-24,000333,14:07:30,76.5400,43,2
2026-06-24,000333,14:07:33,76.5300,57,1
2026-06-24,000333,14:07:36,76.5000,24,2
2026-06-24,000333,14:07:39,76.5300,12,1
2026-06-24,000333,14:07:42,76.5100,62,2
2026-06-24,000333,14:07:45,76.5100,45,2
2026-06-24,000333,14:07:48,76.5200,26,1
2026-06-24,000333,14:07:51,76.5100,84,2
2026-06-24,000333,14:07:54,76.5000,36,2
2026-06-24,000333,14:07:57,76.5000,17,2
2026-06-24,000333,14:08:00,76.5200,100,1
2026-06-24,000333,14:08:03,76.5400,60,1
2026-06-24,000333,14:08:06,76.5300,16,4
2026-06-24,000333,14:08:09,76.5200,21,2
2026-06-24,000333,14:08:12,76.5200,8,2
2026-06-24,000333,14:08:15,76.5300,23,1
2026-06-24,000333,14:08:18,76.5200,9,2
2026-06-24,000333,14:08:21,76.5200,12,2
2026-06-24,000333,14:08:24,76.5200,12,2
2026-06-24,000333,14:08:27,76.5200,110,2
2026-06-24,000333,14:08:30,76.5200,12,1
2026-06-24,000333,14:08:33,76.5000,17,2
2026-06-24,000333,14:08:36,76.5100,13,1
2026-06-24,000333,14:08:39,76.5100,81,1
2026-06-24,000333,14:08:42,76.5100,20,1
2026-06-24,000333,14:08:45,76.5000,80,2
2026-06-24,000333,14:08:48,76.5100,6,1
2026-06-24,000333,14:08:51,76.5100,25,1
2026-06-24,000333,14:08:54,76.5100,41,1
2026-06-24,000333,14:08:57,76.5100,47,1
2026-06-24,000333,14:09:00,76.5000,72,2
2026-06-24,000333,14:09:03,76.4700,846,2
2026-06-24,000333,14:09:06,76.4800,160,1
2026-06-24,000333,14:09:09,76.4700,32,2
2026-06-24,000333,14:09:12,76.4700,52,1
2026-06-24,000333,14:09:15,76.4700,70,1
2026-06-24,000333,14:09:18,76.5000,365,1
2026-06-24,000333,14:09:21,76.4900,4,1
2026-06-24,000333,14:09:24,76.4700,176,2
2026-06-24,000333,14:09:27,76.4700,16,2
2026-06-24,000333,14:09:30,76.4900,51,4
2026-06-24,000333,14:09:33,76.4800,38,2
2026-06-24,000333,14:09:36,76.4800,258,1
2026-06-24,000333,14:09:39,76.4600,55,2
2026-06-24,000333,14:09:42,76.4600,86,2
2026-06-24,000333,14:09:45,76.4500,3,4
2026-06-24,000333,14:09:48,76.4700,82,1
2026-06-24,000333,14:09:51,76.4600,28,2
2026-06-24,000333,14:09:54,76.4600,97,1
2026-06-24,000333,14:09:57,76.4600,28,1
2026-06-24,000333,14:10:00,76.4600,49,1
2026-06-24,000333,14:10:03,76.4700,63,1
2026-06-24,000333,14:10:06,76.4700,54,2
2026-06-24,000333,14:10:09,76.4700,34,2
2026-06-24,000333,14:10:12,76.4700,203,1
2026-06-24,000333,14:10:15,76.4700,18,4
2026-06-24,000333,14:10:18,76.4700,5,1
2026-06-24,000333,14:10:21,76.5000,220,1
2026-06-24,000333,14:10:24,76.4800,131,2
2026-06-24,000333,14:10:27,76.4800,45,2
2026-06-24,000333,14:10:30,76.5000,8,1
2026-06-24,000333,14:10:33,76.4800,137,2
2026-06-24,000333,14:10:36,76.4800,21,1
2026-06-24,000333,14:10:39,76.4800,19,1
2026-06-24,000333,14:10:42,76.4800,15,1
2026-06-24,000333,14:10:45,76.4800,43,1
2026-06-24,000333,14:10:48,76.4700,54,2
2026-06-24,000333,14:10:51,76.4800,4,1
2026-06-24,000333,14:10:54,76.4900,32,1
2026-06-24,000333,14:10:57,76.4700,81,2
2026-06-24,000333,14:11:00,76.4900,1,1
2026-06-24,000333,14:11:03,76.4900,41,1
2026-06-24,000333,14:11:06,76.4900,75,2
2026-06-24,000333,14:11:09,76.5000,14,1
2026-06-24,000333,14:11:12,76.5000,92,1
2026-06-24,000333,14:11:15,76.4900,14,1
2026-06-24,000333,14:11:18,76.5000,10,1
2026-06-24,000333,14:11:21,76.5000,43,1
2026-06-24,000333,14:11:24,76.4900,32,1
2026-06-24,000333,14:11:27,76.4900,30,1
2026-06-24,000333,14:11:30,76.4800,112,2
2026-06-24,000333,14:11:33,76.4700,82,2
2026-06-24,000333,14:11:36,76.4600,79,2
2026-06-24,000333,14:11:39,76.4600,148,2
2026-06-24,000333,14:11:42,76.4600,131,1
2026-06-24,000333,14:11:45,76.4600,15,2
2026-06-24,000333,14:11:48,76.4600,42,2
2026-06-24,000333,14:11:51,76.4700,8,1
2026-06-24,000333,14:11:54,76.4700,66,1
2026-06-24,000333,14:11:57,76.4600,8,2
2026-06-24,000333,14:12:00,76.4600,20,2
2026-06-24,000333,14:12:03,76.4700,100,1
2026-06-24,000333,14:12:06,76.4600,15,2
2026-06-24,000333,14:12:09,76.4700,70,1
2026-06-24,000333,14:12:12,76.4900,239,1
2026-06-24,000333,14:12:15,76.4900,61,1
2026-06-24,000333,14:12:18,76.4900,17,1
2026-06-24,000333,14:12:21,76.4900,17,2
2026-06-24,000333,14:12:24,76.5000,25,1
2026-06-24,000333,14:12:27,76.4900,25,2
2026-06-24,000333,14:12:30,76.4900,7,2
2026-06-24,000333,14:12:33,76.5100,226,1
2026-06-24,000333,14:12:36,76.5100,41,2
2026-06-24,000333,14:12:39,76.5200,57,1
2026-06-24,000333,14:12:42,76.5200,88,1
2026-06-24,000333,14:12:45,76.5100,13,2
2026-06-24,000333,14:12:48,76.5100,16,2
2026-06-24,000333,14:12:51,76.5100,105,2
2026-06-24,000333,14:12:54,76.5000,115,2
2026-06-24,000333,14:12:57,76.5000,24,4
2026-06-24,000333,14:13:00,76.4900,60,4
2026-06-24,000333,14:13:03,76.4500,112,2
2026-06-24,000333,14:13:06,76.4800,180,1
2026-06-24,000333,14:13:09,76.4500,238,2
2026-06-24,000333,14:13:12,76.4500,25,2
2026-06-24,000333,14:13:15,76.4500,18,2
2026-06-24,000333,14:13:18,76.4600,4,1
2026-06-24,000333,14:13:21,76.4800,162,1
2026-06-24,000333,14:13:24,76.4800,15,1
2026-06-24,000333,14:13:27,76.4600,35,2
2026-06-24,000333,14:13:30,76.4700,7,1
2026-06-24,000333,14:13:33,76.4700,28,1
2026-06-24,000333,14:13:36,76.4700,46,1
2026-06-24,000333,14:13:39,76.4700,24,1
2026-06-24,000333,14:13:42,76.4700,213,1
2026-06-24,000333,14:13:45,76.4800,20,4
2026-06-24,000333,14:13:48,76.5000,22,1
2026-06-24,000333,14:13:51,76.5000,28,1
2026-06-24,000333,14:13:54,76.5100,87,1
2026-06-24,000333,14:13:57,76.5200,37,1
2026-06-24,000333,14:14:00,76.5000,22,2
2026-06-24,000333,14:14:03,76.5000,81,1
2026-06-24,000333,14:14:06,76.4900,24,2
2026-06-24,000333,14:14:09,76.5000,52,2
2026-06-24,000333,14:14:12,76.5200,74,1
2026-06-24,000333,14:14:15,76.5100,38,4
2026-06-24,000333,14:14:18,76.5100,53,2
2026-06-24,000333,14:14:21,76.5000,25,2
2026-06-24,000333,14:14:24,76.4800,76,2
2026-06-24,000333,14:14:27,76.4800,27,2
2026-06-24,000333,14:14:30,76.4800,19,2
2026-06-24,000333,14:14:33,76.5000,85,1
2026-06-24,000333,14:14:36,76.5000,113,2
2026-06-24,000333,14:14:39,76.5200,54,1
2026-06-24,000333,14:14:42,76.5100,30,2
2026-06-24,000333,14:14:45,76.5200,23,1
2026-06-24,000333,14:14:48,76.5000,37,2
2026-06-24,000333,14:14:51,76.5100,10,1
2026-06-24,000333,14:14:54,76.5000,36,2
2026-06-24,000333,14:14:57,76.5100,3,1
2026-06-24,000333,14:15:00,76.5000,99,2
2026-06-24,000333,14:15:03,76.5300,79,1
2026-06-24,000333,14:15:06,76.5400,158,1
2026-06-24,000333,14:15:09,76.5400,70,2
2026-06-24,000333,14:15:12,76.5400,92,2
2026-06-24,000333,14:15:15,76.5400,24,2
2026-06-24,000333,14:15:18,76.5500,20,1
2026-06-24,000333,14:15:21,76.5200,84,2
2026-06-24,000333,14:15:24,76.5200,21,2
2026-06-24,000333,14:15:27,76.5200,28,2
2026-06-24,000333,14:15:30,76.5400,88,1
2026-06-24,000333,14:15:33,76.5400,62,2
2026-06-24,000333,14:15:36,76.5300,38,2
2026-06-24,000333,14:15:39,76.5000,192,2
2026-06-24,000333,14:15:42,76.5500,302,1
2026-06-24,000333,14:15:45,76.5400,47,2
2026-06-24,000333,14:15:48,76.5600,28,1
2026-06-24,000333,14:15:51,76.5600,85,2
2026-06-24,000333,14:15:54,76.5700,372,4
2026-06-24,000333,14:15:57,76.5700,67,2
2026-06-24,000333,14:16:00,76.6100,39,1
2026-06-24,000333,14:16:03,76.6200,39,1
2026-06-24,000333,14:16:06,76.6200,71,1
2026-06-24,000333,14:16:09,76.6200,60,1
2026-06-24,000333,14:16:12,76.5800,93,2
2026-06-24,000333,14:16:15,76.6200,30,1
2026-06-24,000333,14:16:18,76.6000,22,2
2026-06-24,000333,14:16:21,76.6200,35,4
2026-06-24,000333,14:16:24,76.6200,12,2
2026-06-24,000333,14:16:27,76.6200,246,2
2026-06-24,000333,14:16:30,76.5700,45,2
2026-06-24,000333,14:16:33,76.5700,13,2
2026-06-24,000333,14:16:36,76.5600,31,2
2026-06-24,000333,14:16:39,76.6000,44,1
2026-06-24,000333,14:16:42,76.5800,40,2
2026-06-24,000333,14:16:45,76.6000,73,1
2026-06-24,000333,14:16:48,76.5900,46,4
2026-06-24,000333,14:16:51,76.5800,76,2
2026-06-24,000333,14:16:54,76.5700,25,2
2026-06-24,000333,14:16:57,76.5800,37,4
2026-06-24,000333,14:17:00,76.5900,26,4
2026-06-24,000333,14:17:03,76.5800,42,2
2026-06-24,000333,14:17:09,76.5600,94,2
2026-06-24,000333,14:17:12,76.5600,58,2
2026-06-24,000333,14:17:15,76.5800,72,1
2026-06-24,000333,14:17:18,76.5500,80,2
2026-06-24,000333,14:17:21,76.5300,40,2
2026-06-24,000333,14:17:24,76.5600,28,2
2026-06-24,000333,14:17:27,76.5300,111,2
2026-06-24,000333,14:17:30,76.5100,56,2
2026-06-24,000333,14:17:33,76.5500,31,1
2026-06-24,000333,14:17:36,76.5300,18,2
2026-06-24,000333,14:17:39,76.5600,198,1
2026-06-24,000333,14:17:42,76.5600,15,1
2026-06-24,000333,14:17:45,76.5700,192,1
2026-06-24,000333,14:17:48,76.5700,3,4
2026-06-24,000333,14:17:51,76.5700,38,2
2026-06-24,000333,14:17:54,76.5700,260,2
2026-06-24,000333,14:17:57,76.5900,19,1
2026-06-24,000333,14:18:00,76.5900,34,1
2026-06-24,000333,14:18:03,76.5800,9,2
2026-06-24,000333,14:18:06,76.5800,82,2
2026-06-24,000333,14:18:09,76.5800,20,1
2026-06-24,000333,14:18:15,76.5700,68,2
2026-06-24,000333,14:18:18,76.5900,23,1
2026-06-24,000333,14:18:21,76.5800,16,2
2026-06-24,000333,14:18:24,76.6400,381,1
2026-06-24,000333,14:18:27,76.6400,26,2
2026-06-24,000333,14:18:30,76.6400,42,2
2026-06-24,000333,14:18:33,76.6400,22,2
2026-06-24,000333,14:18:36,76.6400,31,2
2026-06-24,000333,14:18:39,76.6400,88,2
2026-06-24,000333,14:18:42,76.6400,61,1
2026-06-24,000333,14:18:45,76.5700,279,2
2026-06-24,000333,14:18:48,76.5800,35,2
2026-06-24,000333,14:18:51,76.6100,38,1
2026-06-24,000333,14:18:54,76.6100,22,2
2026-06-24,000333,14:18:57,76.6100,35,2
2026-06-24,000333,14:19:00,76.6200,14,4
2026-06-24,000333,14:19:03,76.6100,14,2
2026-06-24,000333,14:19:06,76.6200,48,1
2026-06-24,000333,14:19:09,76.6100,142,2
2026-06-24,000333,14:19:12,76.6000,77,4
2026-06-24,000333,14:19:15,76.6000,39,2
2026-06-24,000333,14:19:18,76.6200,10,1
2026-06-24,000333,14:19:21,76.6000,137,2
2026-06-24,000333,14:19:24,76.6000,52,2
2026-06-24,000333,14:19:27,76.6000,47,2
2026-06-24,000333,14:19:30,76.5900,45,2
2026-06-24,000333,14:19:33,76.5900,24,2
2026-06-24,000333,14:19:36,76.6000,146,1
2026-06-24,000333,14:19:39,76.6200,109,1
2026-06-24,000333,14:19:42,76.6000,80,2
2026-06-24,000333,14:19:45,76.6200,28,4
2026-06-24,000333,14:19:48,76.6000,106,2
2026-06-24,000333,14:19:51,76.6200,112,1
2026-06-24,000333,14:19:54,76.5900,45,2
2026-06-24,000333,14:19:57,76.6200,37,1
2026-06-24,000333,14:20:00,76.5900,35,2
2026-06-24,000333,14:20:03,76.6100,93,2
2026-06-24,000333,14:20:06,76.6200,77,1
2026-06-24,000333,14:20:09,76.6100,27,2
2026-06-24,000333,14:20:12,76.6100,27,2
2026-06-24,000333,14:20:15,76.6300,284,1
2026-06-24,000333,14:20:18,76.6900,219,1
2026-06-24,000333,14:20:21,76.7200,77,1
2026-06-24,000333,14:20:24,76.7000,24,2
2026-06-24,000333,14:20:27,76.7000,91,2
2026-06-24,000333,14:20:30,76.7100,33,1
2026-06-24,000333,14:20:33,76.7100,136,2
2026-06-24,000333,14:20:36,76.7100,69,2
2026-06-24,000333,14:20:39,76.7100,176,2
2026-06-24,000333,14:20:42,76.7000,101,1
2026-06-24,000333,14:20:45,76.7100,59,1
2026-06-24,000333,14:20:48,76.7200,108,1
2026-06-24,000333,14:20:51,76.7100,119,4
2026-06-24,000333,14:20:54,76.7300,46,4
2026-06-24,000333,14:20:57,76.7400,59,1
2026-06-24,000333,14:21:00,76.7200,48,2
2026-06-24,000333,14:21:03,76.7200,49,1
2026-06-24,000333,14:21:06,76.7500,164,1
2026-06-24,000333,14:21:09,76.7100,8,2
2026-06-24,000333,14:21:12,76.7300,12,4
2026-06-24,000333,14:21:15,76.7400,73,1
2026-06-24,000333,14:21:18,76.7300,26,2
2026-06-24,000333,14:21:21,76.7400,38,1
2026-06-24,000333,14:21:24,76.7300,26,2
2026-06-24,000333,14:21:27,76.7200,58,2
2026-06-24,000333,14:21:30,76.7100,130,2
2026-06-24,000333,14:21:33,76.7100,150,1
2026-06-24,000333,14:21:36,76.7100,54,1
2026-06-24,000333,14:21:39,76.7000,111,2
2026-06-24,000333,14:21:42,76.6800,100,2
2026-06-24,000333,14:21:45,76.7000,35,1
2026-06-24,000333,14:21:48,76.7000,136,2
2026-06-24,000333,14:21:51,76.7100,6,1
2026-06-24,000333,14:21:54,76.7000,37,2
2026-06-24,000333,14:21:57,76.7100,158,1
2026-06-24,000333,14:22:00,76.7000,26,2
2026-06-24,000333,14:22:03,76.6900,77,2
2026-06-24,000333,14:22:06,76.6900,16,1
2026-06-24,000333,14:22:09,76.6700,82,2
2026-06-24,000333,14:22:12,76.6500,26,2
2026-06-24,000333,14:22:15,76.6600,17,4
2026-06-24,000333,14:22:18,76.6900,546,1
2026-06-24,000333,14:22:21,76.6600,301,2
2026-06-24,000333,14:22:24,76.6600,6,2
2026-06-24,000333,14:22:27,76.6600,131,2
2026-06-24,000333,14:22:30,76.6700,11,4
2026-06-24,000333,14:22:33,76.6700,97,1
2026-06-24,000333,14:22:36,76.6800,53,1
2026-06-24,000333,14:22:39,76.6600,59,2
2026-06-24,000333,14:22:42,76.6800,27,1
2026-06-24,000333,14:22:45,76.6700,295,2
2026-06-24,000333,14:22:48,76.6600,36,4
2026-06-24,000333,14:22:51,76.6600,56,2
2026-06-24,000333,14:22:54,76.7100,246,1
2026-06-24,000333,14:22:57,76.6600,145,2
2026-06-24,000333,14:23:00,76.6600,42,2
2026-06-24,000333,14:23:03,76.7100,28,1
2026-06-24,000333,14:23:06,76.6700,98,2
2026-06-24,000333,14:23:09,76.6600,102,2
2026-06-24,000333,14:23:12,76.6800,18,4
2026-06-24,000333,14:23:15,76.6600,59,2
2026-06-24,000333,14:23:18,76.6700,230,1
2026-06-24,000333,14:23:21,76.6600,23,2
2026-06-24,000333,14:23:24,76.6700,48,1
2026-06-24,000333,14:23:27,76.6700,3,1
2026-06-24,000333,14:23:30,76.6700,75,1
2026-06-24,000333,14:23:33,76.6100,412,2
2026-06-24,000333,14:23:36,76.6400,30,1
2026-06-24,000333,14:23:39,76.6100,108,2
2026-06-24,000333,14:23:42,76.6100,30,2
2026-06-24,000333,14:23:45,76.6100,20,2
2026-06-24,000333,14:23:48,76.6100,32,2
2026-06-24,000333,14:23:51,76.6100,12,2
2026-06-24,000333,14:23:54,76.6100,34,2
2026-06-24,000333,14:23:57,76.6000,16,2
2026-06-24,000333,14:24:00,76.6100,19,1
2026-06-24,000333,14:24:03,76.6100,48,1
2026-06-24,000333,14:24:06,76.6000,30,2
2026-06-24,000333,14:24:09,76.6100,173,1
2026-06-24,000333,14:24:12,76.6100,4,1
2026-06-24,000333,14:24:15,76.6100,62,1
2026-06-24,000333,14:24:18,76.5800,58,2
2026-06-24,000333,14:24:21,76.6000,35,2
2026-06-24,000333,14:24:24,76.6000,38,2
2026-06-24,000333,14:24:27,76.5900,103,4
2026-06-24,000333,14:24:30,76.6000,12,1
2026-06-24,000333,14:24:33,76.5800,52,2
2026-06-24,000333,14:24:36,76.6000,41,1
2026-06-24,000333,14:24:39,76.5800,15,2
2026-06-24,000333,14:24:42,76.5800,8,2
2026-06-24,000333,14:24:45,76.5900,13,4
2026-06-24,000333,14:24:48,76.5900,40,2
2026-06-24,000333,14:24:51,76.5900,4,4
2026-06-24,000333,14:24:54,76.5900,80,2
2026-06-24,000333,14:24:57,76.5800,24,2
2026-06-24,000333,14:25:00,76.5900,26,2
2026-06-24,000333,14:25:03,76.6000,38,1
2026-06-24,000333,14:25:06,76.6000,85,1
2026-06-24,000333,14:25:09,76.6000,39,2
2026-06-24,000333,14:25:12,76.5800,24,2
2026-06-24,000333,14:25:15,76.5900,11,1
2026-06-24,000333,14:25:18,76.5900,17,1
2026-06-24,000333,14:25:21,76.6200,90,1
2026-06-24,000333,14:25:24,76.6100,18,4
2026-06-24,000333,14:25:27,76.6000,44,2
2026-06-24,000333,14:25:30,76.6300,309,1
2026-06-24,000333,14:25:33,76.6300,100,2
2026-06-24,000333,14:25:36,76.6400,19,1
2026-06-24,000333,14:25:39,76.6400,23,1
2026-06-24,000333,14:25:42,76.6300,22,2
2026-06-24,000333,14:25:45,76.6300,23,2
2026-06-24,000333,14:25:48,76.6500,103,1
2026-06-24,000333,14:25:51,76.6500,94,1
2026-06-24,000333,14:25:54,76.6500,7,2
2026-06-24,000333,14:25:57,76.6500,25,2
2026-06-24,000333,14:26:00,76.6600,15,4
2026-06-24,000333,14:26:03,76.6500,32,2
2026-06-24,000333,14:26:06,76.6600,6,4
2026-06-24,000333,14:26:09,76.6600,128,1
2026-06-24,000333,14:26:12,76.6400,73,2
2026-06-24,000333,14:26:15,76.6400,153,2
2026-06-24,000333,14:26:18,76.6400,19,2
2026-06-24,000333,14:26:21,76.6500,8,1
2026-06-24,000333,14:26:24,76.6500,3,1
2026-06-24,000333,14:26:27,76.6400,38,2
2026-06-24,000333,14:26:30,76.6500,148,1
2026-06-24,000333,14:26:33,76.6500,21,1
2026-06-24,000333,14:26:36,76.6500,9,1
2026-06-24,000333,14:26:39,76.6400,45,2
2026-06-24,000333,14:26:42,76.6400,6,2
2026-06-24,000333,14:26:45,76.6400,7,2
2026-06-24,000333,14:26:48,76.6400,34,2
2026-06-24,000333,14:26:51,76.6400,45,2
2026-06-24,000333,14:26:54,76.6400,8,4
2026-06-24,000333,14:26:57,76.6300,64,2
2026-06-24,000333,14:27:00,76.6500,90,1
2026-06-24,000333,14:27:03,76.6600,17,1
2026-06-24,000333,14:27:06,76.6300,134,2
2026-06-24,000333,14:27:09,76.6300,31,2
2026-06-24,000333,14:27:12,76.6300,26,2
2026-06-24,000333,14:27:15,76.6300,20,2
2026-06-24,000333,14:27:18,76.6300,113,2
2026-06-24,000333,14:27:21,76.6200,57,2
2026-06-24,000333,14:27:24,76.6000,72,2
2026-06-24,000333,14:27:27,76.6000,16,2
2026-06-24,000333,14:27:30,76.6000,25,2
2026-06-24,000333,14:27:33,76.6000,31,2
2026-06-24,000333,14:27:36,76.6000,18,2
2026-06-24,000333,14:27:39,76.6100,235,1
2026-06-24,000333,14:27:42,76.6000,11,2
2026-06-24,000333,14:27:45,76.6100,33,1
2026-06-24,000333,14:27:48,76.6300,252,1
2026-06-24,000333,14:27:51,76.6500,88,1
2026-06-24,000333,14:27:54,76.6500,43,4
2026-06-24,000333,14:27:57,76.6300,152,2
2026-06-24,000333,14:28:00,76.6400,12,4
2026-06-24,000333,14:28:03,76.6300,73,2
2026-06-24,000333,14:28:06,76.6500,16,2
2026-06-24,000333,14:28:09,76.6300,67,2
2026-06-24,000333,14:28:12,76.6300,25,2
2026-06-24,000333,14:28:15,76.6500,1,1
2026-06-24,000333,14:28:18,76.6500,89,1
2026-06-24,000333,14:28:21,76.6500,45,1
2026-06-24,000333,14:28:24,76.6700,143,1
2026-06-24,000333,14:28:27,76.6700,45,1
2026-06-24,000333,14:28:30,76.6700,7,4
2026-06-24,000333,14:28:33,76.6400,136,2
2026-06-24,000333,14:28:36,76.6500,27,4
2026-06-24,000333,14:28:39,76.6300,50,2
2026-06-24,000333,14:28:42,76.6400,45,1
2026-06-24,000333,14:28:45,76.6500,28,1
2026-06-24,000333,14:28:48,76.6300,31,2
2026-06-24,000333,14:28:51,76.6600,78,1
2026-06-24,000333,14:28:54,76.6400,115,2
2026-06-24,000333,14:28:57,76.6700,118,1
2026-06-24,000333,14:29:00,76.7000,102,1
2026-06-24,000333,14:29:03,76.7000,79,1
2026-06-24,000333,14:29:06,76.7000,24,2
2026-06-24,000333,14:29:09,76.7000,63,2
2026-06-24,000333,14:29:12,76.6800,48,2
2026-06-24,000333,14:29:15,76.6900,29,4
2026-06-24,000333,14:29:18,76.6800,44,2
2026-06-24,000333,14:29:21,76.6800,16,2
2026-06-24,000333,14:29:24,76.6800,14,2
2026-06-24,000333,14:29:27,76.6700,111,2
2026-06-24,000333,14:29:30,76.6500,33,2
2026-06-24,000333,14:29:33,76.6400,94,2
2026-06-24,000333,14:29:36,76.6600,39,1
2026-06-24,000333,14:29:39,76.6600,59,1
2026-06-24,000333,14:29:42,76.6600,149,1
2026-06-24,000333,14:29:45,76.6700,14,1
2026-06-24,000333,14:29:48,76.6600,272,2
2026-06-24,000333,14:29:51,76.6400,82,2
2026-06-24,000333,14:29:54,76.6600,64,2
2026-06-24,000333,14:29:57,76.6600,55,2
2026-06-24,000333,14:30:00,76.6600,130,2
2026-06-24,000333,14:30:03,76.6600,72,2
2026-06-24,000333,14:30:06,76.6700,20,2
2026-06-24,000333,14:30:09,76.7000,55,1
2026-06-24,000333,14:30:12,76.7000,46,1
2026-06-24,000333,14:30:15,76.7000,98,1
2026-06-24,000333,14:30:18,76.7100,10,1
2026-06-24,000333,14:30:21,76.6900,44,2
2026-06-24,000333,14:30:24,76.6600,75,2
2026-06-24,000333,14:30:27,76.6600,9,2
2026-06-24,000333,14:30:30,76.6600,60,2
2026-06-24,000333,14:30:33,76.6600,66,2
2026-06-24,000333,14:30:36,76.6600,16,2
2026-06-24,000333,14:30:39,76.6600,135,2
2026-06-24,000333,14:30:42,76.7200,231,1
2026-06-24,000333,14:30:45,76.7000,44,2
2026-06-24,000333,14:30:48,76.7000,21,2
2026-06-24,000333,14:30:51,76.7000,48,2
2026-06-24,000333,14:30:54,76.7100,22,1
2026-06-24,000333,14:30:57,76.7100,97,1
2026-06-24,000333,14:31:00,76.6900,32,2
2026-06-24,000333,14:31:03,76.7200,26,1
2026-06-24,000333,14:31:06,76.6800,33,2
2026-06-24,000333,14:31:09,76.7100,38,1
2026-06-24,000333,14:31:12,76.7100,36,2
2026-06-24,000333,14:31:15,76.6900,104,2
2026-06-24,000333,14:31:18,76.7000,24,1
2026-06-24,000333,14:31:21,76.7000,34,2
2026-06-24,000333,14:31:24,76.7000,22,2
2026-06-24,000333,14:31:27,76.6900,76,2
2026-06-24,000333,14:31:30,76.6900,91,2
2026-06-24,000333,14:31:33,76.6800,84,2
2026-06-24,000333,14:31:36,76.6800,71,2
2026-06-24,000333,14:31:39,76.6800,43,2
2026-06-24,000333,14:31:42,76.6800,14,1
2026-06-24,000333,14:31:45,76.6600,48,2
2026-06-24,000333,14:31:48,76.6900,122,1
2026-06-24,000333,14:31:51,76.6900,52,1
2026-06-24,000333,14:31:54,76.6700,18,2
2026-06-24,000333,14:31:57,76.6700,33,2
2026-06-24,000333,14:32:00,76.6800,23,1
2026-06-24,000333,14:32:03,76.6800,58,1
2026-06-24,000333,14:32:06,76.6800,80,1
2026-06-24,000333,14:32:09,76.6700,134,2
2026-06-24,000333,14:32:12,76.6400,86,2
2026-06-24,000333,14:32:15,76.6900,134,1
2026-06-24,000333,14:32:18,76.7100,263,1
2026-06-24,000333,14:32:21,76.7100,29,2
2026-06-24,000333,14:32:24,76.7100,13,2
2026-06-24,000333,14:32:27,76.6800,55,2
2026-06-24,000333,14:32:30,76.7100,4,1
2026-06-24,000333,14:32:33,76.6800,22,2
2026-06-24,000333,14:32:36,76.6900,19,2
2026-06-24,000333,14:32:39,76.6900,14,2
2026-06-24,000333,14:32:42,76.6800,108,2
2026-06-24,000333,14:32:45,76.6800,13,2
2026-06-24,000333,14:32:48,76.7000,4,1
2026-06-24,000333,14:32:51,76.7100,30,1
2026-06-24,000333,14:32:54,76.7100,19,1
2026-06-24,000333,14:32:57,76.7000,36,2
2026-06-24,000333,14:33:00,76.7000,36,2
2026-06-24,000333,14:33:03,76.7000,21,2
2026-06-24,000333,14:33:06,76.7100,57,1
2026-06-24,000333,14:33:09,76.7200,10,1
2026-06-24,000333,14:33:12,76.7100,97,2
2026-06-24,000333,14:33:15,76.7100,97,2
2026-06-24,000333,14:33:18,76.7000,44,2
2026-06-24,000333,14:33:21,76.7200,7,1
2026-06-24,000333,14:33:24,76.7100,16,2
2026-06-24,000333,14:33:27,76.7500,292,1
2026-06-24,000333,14:33:30,76.7400,6,1
2026-06-24,000333,14:33:33,76.7500,17,1
2026-06-24,000333,14:33:36,76.7400,125,2
2026-06-24,000333,14:33:39,76.7300,54,4
2026-06-24,000333,14:33:42,76.7300,21,1
2026-06-24,000333,14:33:45,76.7200,51,2
2026-06-24,000333,14:33:48,76.7200,44,2
2026-06-24,000333,14:33:51,76.7300,54,1
2026-06-24,000333,14:33:54,76.7200,33,2
2026-06-24,000333,14:33:57,76.7200,96,1
2026-06-24,000333,14:34:00,76.7300,31,1
2026-06-24,000333,14:34:03,76.7200,124,1
2026-06-24,000333,14:34:06,76.7200,22,2
2026-06-24,000333,14:34:09,76.7300,63,1
2026-06-24,000333,14:34:12,76.7200,18,2
2026-06-24,000333,14:34:15,76.7200,36,1
2026-06-24,000333,14:34:18,76.7200,52,2
2026-06-24,000333,14:34:21,76.7200,50,2
2026-06-24,000333,14:34:24,76.7200,74,2
2026-06-24,000333,14:34:27,76.7300,66,1
2026-06-24,000333,14:34:30,76.7200,21,2
2026-06-24,000333,14:34:33,76.7200,48,2
2026-06-24,000333,14:34:36,76.7200,18,2
2026-06-24,000333,14:34:39,76.7200,23,2
2026-06-24,000333,14:34:42,76.7200,41,2
2026-06-24,000333,14:34:45,76.7200,120,2
2026-06-24,000333,14:34:48,76.7100,120,2
2026-06-24,000333,14:34:51,76.7100,38,2
2026-06-24,000333,14:34:54,76.7100,29,2
2026-06-24,000333,14:34:57,76.7700,589,1
2026-06-24,000333,14:35:00,76.7700,45,1
2026-06-24,000333,14:35:03,76.7500,49,2
2026-06-24,000333,14:35:06,76.7600,20,1
2026-06-24,000333,14:35:09,76.7600,28,2
2026-06-24,000333,14:35:12,76.7600,23,1
2026-06-24,000333,14:35:15,76.7600,28,1
2026-06-24,000333,14:35:18,76.7600,53,1
2026-06-24,000333,14:35:21,76.7600,84,1
2026-06-24,000333,14:35:24,76.7600,7,1
2026-06-24,000333,14:35:27,76.7600,67,1
2026-06-24,000333,14:35:30,76.7600,47,1
2026-06-24,000333,14:35:33,76.7600,7,1
2026-06-24,000333,14:35:36,76.7600,30,1
2026-06-24,000333,14:35:39,76.7300,135,2
2026-06-24,000333,14:35:42,76.7500,7,1
2026-06-24,000333,14:35:45,76.7500,39,1
2026-06-24,000333,14:35:48,76.7500,24,1
2026-06-24,000333,14:35:51,76.7500,28,1
2026-06-24,000333,14:35:54,76.7400,65,2
2026-06-24,000333,14:35:57,76.7400,61,2
2026-06-24,000333,14:36:00,76.7400,57,2
2026-06-24,000333,14:36:03,76.7400,10,2
2026-06-24,000333,14:36:06,76.7400,160,2
2026-06-24,000333,14:36:09,76.7400,8,2
2026-06-24,000333,14:36:12,76.7500,8,1
2026-06-24,000333,14:36:15,76.7500,69,1
2026-06-24,000333,14:36:18,76.7400,71,2
2026-06-24,000333,14:36:21,76.7400,11,2
2026-06-24,000333,14:36:24,76.7400,88,2
2026-06-24,000333,14:36:27,76.7300,60,2
2026-06-24,000333,14:36:30,76.7300,38,2
2026-06-24,000333,14:36:33,76.7500,46,1
2026-06-24,000333,14:36:36,76.7300,21,2
2026-06-24,000333,14:36:39,76.7400,141,4
2026-06-24,000333,14:36:42,76.7300,5,2
2026-06-24,000333,14:36:45,76.7300,8,2
2026-06-24,000333,14:36:48,76.7300,33,2
2026-06-24,000333,14:36:51,76.7400,62,1
2026-06-24,000333,14:36:54,76.7300,14,2
2026-06-24,000333,14:36:57,76.7500,82,1
2026-06-24,000333,14:37:00,76.7500,82,1
2026-06-24,000333,14:37:03,76.7600,494,1
2026-06-24,000333,14:37:06,76.7500,20,2
2026-06-24,000333,14:37:09,76.7600,3,2
2026-06-24,000333,14:37:12,76.7600,165,2
2026-06-24,000333,14:37:15,76.7600,16,4
2026-06-24,000333,14:37:18,76.7600,173,2
2026-06-24,000333,14:37:21,76.7500,24,2
2026-06-24,000333,14:37:24,76.7300,38,2
2026-06-24,000333,14:37:27,76.7800,36,1
2026-06-24,000333,14:37:30,76.7300,38,2
2026-06-24,000333,14:37:33,76.7500,12,2
2026-06-24,000333,14:37:36,76.7500,26,4
2026-06-24,000333,14:37:39,76.7700,53,1
2026-06-24,000333,14:37:42,76.7700,115,2
2026-06-24,000333,14:37:45,76.7800,47,1
2026-06-24,000333,14:37:48,76.7700,92,2
2026-06-24,000333,14:37:51,76.7300,32,2
2026-06-24,000333,14:37:54,76.7500,13,1
2026-06-24,000333,14:37:57,76.7300,34,2
2026-06-24,000333,14:38:00,76.7700,39,1
2026-06-24,000333,14:38:03,76.7800,41,1
2026-06-24,000333,14:38:06,76.7700,93,2
2026-06-24,000333,14:38:09,76.7500,77,2
2026-06-24,000333,14:38:12,76.7500,26,2
2026-06-24,000333,14:38:15,76.7500,17,2
2026-06-24,000333,14:38:18,76.7500,44,2
2026-06-24,000333,14:38:21,76.7200,136,2
2026-06-24,000333,14:38:24,76.7200,76,4
2026-06-24,000333,14:38:27,76.7300,131,1
2026-06-24,000333,14:38:30,76.7200,19,1
2026-06-24,000333,14:38:33,76.7100,149,4
2026-06-24,000333,14:38:36,76.7000,43,2
2026-06-24,000333,14:38:39,76.7100,21,1
2026-06-24,000333,14:38:42,76.7000,25,2
2026-06-24,000333,14:38:45,76.7100,66,1
2026-06-24,000333,14:38:48,76.7100,37,1
2026-06-24,000333,14:38:51,76.7000,26,2
2026-06-24,000333,14:38:54,76.6900,37,2
2026-06-24,000333,14:38:57,76.7000,76,1
2026-06-24,000333,14:39:00,76.6900,33,2
2026-06-24,000333,14:39:03,76.6900,63,2
2026-06-24,000333,14:39:06,76.7100,128,1
2026-06-24,000333,14:39:09,76.6900,572,2
2026-06-24,000333,14:39:12,76.6900,30,2
2026-06-24,000333,14:39:15,76.6900,72,2
2026-06-24,000333,14:39:18,76.7000,395,2
2026-06-24,000333,14:39:21,76.6600,30,2
2026-06-24,000333,14:39:24,76.6700,37,2
2026-06-24,000333,14:39:27,76.7000,45,1
2026-06-24,000333,14:39:30,76.7000,34,2
2026-06-24,000333,14:39:33,76.7000,49,1
2026-06-24,000333,14:39:36,76.6800,61,2
2026-06-24,000333,14:39:39,76.6800,51,2
2026-06-24,000333,14:39:42,76.7000,43,4
2026-06-24,000333,14:39:45,76.7000,40,2
2026-06-24,000333,14:39:48,76.6800,52,2
2026-06-24,000333,14:39:51,76.7000,21,1
2026-06-24,000333,14:39:54,76.7000,23,2
2026-06-24,000333,14:39:57,76.6800,93,2
2026-06-24,000333,14:40:00,76.6600,32,2
2026-06-24,000333,14:40:03,76.7100,51,1
2026-06-24,000333,14:40:06,76.6800,36,2
2026-06-24,000333,14:40:09,76.6800,22,2
2026-06-24,000333,14:40:12,76.7000,100,1
2026-06-24,000333,14:40:15,76.7100,65,1
2026-06-24,000333,14:40:18,76.6900,7,4
2026-06-24,000333,14:40:21,76.6800,58,2
2026-06-24,000333,14:40:24,76.6900,36,1
2026-06-24,000333,14:40:27,76.6900,49,1
2026-06-24,000333,14:40:30,76.6800,30,2
2026-06-24,000333,14:40:33,76.7000,44,1
2026-06-24,000333,14:40:36,76.6900,23,4
2026-06-24,000333,14:40:39,76.6800,33,2
2026-06-24,000333,14:40:42,76.6800,45,2
2026-06-24,000333,14:40:45,76.6900,49,2
2026-06-24,000333,14:40:48,76.6800,110,2
2026-06-24,000333,14:40:51,76.7000,78,1
2026-06-24,000333,14:40:54,76.6800,38,2
2026-06-24,000333,14:40:57,76.6800,78,2
2026-06-24,000333,14:41:00,76.6800,95,1
2026-06-24,000333,14:41:03,76.7000,49,1
2026-06-24,000333,14:41:06,76.7200,359,1
2026-06-24,000333,14:41:09,76.7500,142,1
2026-06-24,000333,14:41:12,76.7300,87,2
2026-06-24,000333,14:41:15,76.7300,70,2
2026-06-24,000333,14:41:18,76.7800,55,1
2026-06-24,000333,14:41:21,76.7400,44,2
2026-06-24,000333,14:41:24,76.7500,28,4
2026-06-24,000333,14:41:27,76.7700,38,4
2026-06-24,000333,14:41:30,76.7700,39,4
2026-06-24,000333,14:41:33,76.7800,55,1
2026-06-24,000333,14:41:36,76.7800,136,1
2026-06-24,000333,14:41:39,76.7700,66,2
2026-06-24,000333,14:41:42,76.7800,46,2
2026-06-24,000333,14:41:45,76.7800,19,2
2026-06-24,000333,14:41:48,76.7900,72,1
2026-06-24,000333,14:41:51,76.7700,29,2
2026-06-24,000333,14:41:54,76.7900,27,1
2026-06-24,000333,14:41:57,76.7800,89,2
2026-06-24,000333,14:42:00,76.7900,74,1
2026-06-24,000333,14:42:03,76.7900,38,1
2026-06-24,000333,14:42:06,76.7900,37,2
2026-06-24,000333,14:42:09,76.7900,10,2
2026-06-24,000333,14:42:12,76.8000,12,1
2026-06-24,000333,14:42:15,76.8000,54,1
2026-06-24,000333,14:42:18,76.7900,177,2
2026-06-24,000333,14:42:21,76.8000,176,1
2026-06-24,000333,14:42:24,76.8200,39,1
2026-06-24,000333,14:42:27,76.8300,47,1
2026-06-24,000333,14:42:30,76.8200,17,4
2026-06-24,000333,14:42:33,76.8200,13,1
2026-06-24,000333,14:42:36,76.8200,47,2
2026-06-24,000333,14:42:39,76.8300,60,1
2026-06-24,000333,14:42:42,76.8200,13,2
2026-06-24,000333,14:42:45,76.8300,6,1
2026-06-24,000333,14:42:48,76.8200,265,2
2026-06-24,000333,14:42:51,76.8300,75,1
2026-06-24,000333,14:42:54,76.8100,8,2
2026-06-24,000333,14:42:57,76.8400,31,1
2026-06-24,000333,14:43:00,76.8400,93,1
2026-06-24,000333,14:43:03,76.8400,24,1
2026-06-24,000333,14:43:06,76.8400,91,1
2026-06-24,000333,14:43:09,76.8300,50,2
2026-06-24,000333,14:43:12,76.8400,23,1
2026-06-24,000333,14:43:15,76.8400,9,1
2026-06-24,000333,14:43:18,76.8400,24,1
2026-06-24,000333,14:43:21,76.8400,59,1
2026-06-24,000333,14:43:24,76.8500,3,1
2026-06-24,000333,14:43:27,76.8400,58,2
2026-06-24,000333,14:43:30,76.8500,49,1
2026-06-24,000333,14:43:33,76.8500,87,1
2026-06-24,000333,14:43:36,76.8500,47,2
2026-06-24,000333,14:43:39,76.8600,134,1
2026-06-24,000333,14:43:42,76.8700,146,1
2026-06-24,000333,14:43:45,76.8800,176,1
2026-06-24,000333,14:43:48,76.8900,150,1
2026-06-24,000333,14:43:51,76.9000,10,1
2026-06-24,000333,14:43:54,76.9000,86,1
2026-06-24,000333,14:43:57,76.9000,104,1
2026-06-24,000333,14:44:00,76.9000,40,1
2026-06-24,000333,14:44:03,76.9000,116,2
2026-06-24,000333,14:44:06,76.9000,176,2
2026-06-24,000333,14:44:09,76.8800,173,2
2026-06-24,000333,14:44:12,76.8500,111,2
2026-06-24,000333,14:44:15,76.8600,5,2
2026-06-24,000333,14:44:18,76.8500,74,2
2026-06-24,000333,14:44:21,76.8700,192,1
2026-06-24,000333,14:44:24,76.8700,15,2
2026-06-24,000333,14:44:27,76.8800,4,1
2026-06-24,000333,14:44:30,76.8800,21,2
2026-06-24,000333,14:44:33,76.8900,55,1
2026-06-24,000333,14:44:36,76.8900,25,2
2026-06-24,000333,14:44:39,76.9000,47,1
2026-06-24,000333,14:44:42,76.8900,47,2
2026-06-24,000333,14:44:45,76.8900,50,2
2026-06-24,000333,14:44:48,76.8900,33,2
2026-06-24,000333,14:44:51,76.8900,76,2
2026-06-24,000333,14:44:54,76.8900,58,2
2026-06-24,000333,14:44:57,76.8900,34,2
2026-06-24,000333,14:45:00,76.8900,75,2
2026-06-24,000333,14:45:03,76.8900,49,1
2026-06-24,000333,14:45:06,76.8900,45,1
2026-06-24,000333,14:45:09,76.8900,19,1
2026-06-24,000333,14:45:12,76.8800,21,2
2026-06-24,000333,14:45:15,76.8800,50,2
2026-06-24,000333,14:45:18,76.8900,128,1
2026-06-24,000333,14:45:21,76.8900,65,1
2026-06-24,000333,14:45:24,76.8800,41,2
2026-06-24,000333,14:45:27,76.8700,133,2
2026-06-24,000333,14:45:30,76.8900,47,1
2026-06-24,000333,14:45:33,76.9000,40,1
2026-06-24,000333,14:45:36,76.8900,18,2
2026-06-24,000333,14:45:39,76.8900,47,2
2026-06-24,000333,14:45:42,76.8900,29,2
2026-06-24,000333,14:45:45,76.9000,18,1
2026-06-24,000333,14:45:48,76.8800,86,2
2026-06-24,000333,14:45:51,76.8800,54,2
2026-06-24,000333,14:45:54,76.8800,39,2
2026-06-24,000333,14:45:57,76.8800,16,2
2026-06-24,000333,14:46:00,76.8900,7,4
2026-06-24,000333,14:46:03,76.8800,94,2
2026-06-24,000333,14:46:06,76.8800,65,1
2026-06-24,000333,14:46:09,76.8800,26,1
2026-06-24,000333,14:46:12,76.8500,121,2
2026-06-24,000333,14:46:15,76.8800,29,1
2026-06-24,000333,14:46:18,76.9000,68,1
2026-06-24,000333,14:46:21,76.8900,7,1
2026-06-24,000333,14:46:24,76.8900,19,4
2026-06-24,000333,14:46:27,76.8800,24,2
2026-06-24,000333,14:46:30,76.8800,17,2
2026-06-24,000333,14:46:33,76.9000,39,1
2026-06-24,000333,14:46:36,76.8900,97,2
2026-06-24,000333,14:46:39,76.8600,44,2
2026-06-24,000333,14:46:42,76.8500,112,2
2026-06-24,000333,14:46:45,76.8500,21,2
2026-06-24,000333,14:46:48,76.8600,56,1
2026-06-24,000333,14:46:51,76.8500,21,2
2026-06-24,000333,14:46:54,76.8500,62,2
2026-06-24,000333,14:46:57,76.8500,77,2
2026-06-24,000333,14:47:00,76.8400,12,2
2026-06-24,000333,14:47:03,76.8500,54,1
2026-06-24,000333,14:47:06,76.8300,35,2
2026-06-24,000333,14:47:09,76.8300,26,2
2026-06-24,000333,14:47:12,76.8100,63,2
2026-06-24,000333,14:47:15,76.8100,24,2
2026-06-24,000333,14:47:18,76.8200,27,2
2026-06-24,000333,14:47:21,76.8300,224,1
2026-06-24,000333,14:47:24,76.8400,39,1
2026-06-24,000333,14:47:27,76.8300,19,2
2026-06-24,000333,14:47:30,76.8400,17,1
2026-06-24,000333,14:47:33,76.8500,219,1
2026-06-24,000333,14:47:36,76.8500,222,2
2026-06-24,000333,14:47:39,76.8300,101,2
2026-06-24,000333,14:47:42,76.8100,82,2
2026-06-24,000333,14:47:45,76.8300,28,2
2026-06-24,000333,14:47:48,76.8500,66,1
2026-06-24,000333,14:47:51,76.8300,90,2
2026-06-24,000333,14:47:54,76.8400,28,2
2026-06-24,000333,14:47:57,76.8400,38,2
2026-06-24,000333,14:48:00,76.8300,17,2
2026-06-24,000333,14:48:03,76.8300,48,2
2026-06-24,000333,14:48:06,76.8400,13,1
2026-06-24,000333,14:48:09,76.8500,48,1
2026-06-24,000333,14:48:12,76.8100,49,2
2026-06-24,000333,14:48:15,76.8200,28,2
2026-06-24,000333,14:48:18,76.8200,40,1
2026-06-24,000333,14:48:21,76.8200,116,1
2026-06-24,000333,14:48:24,76.8300,28,1
2026-06-24,000333,14:48:27,76.7900,109,2
2026-06-24,000333,14:48:30,76.7900,99,2
2026-06-24,000333,14:48:33,76.7700,28,2
2026-06-24,000333,14:48:36,76.7500,143,2
2026-06-24,000333,14:48:39,76.7800,42,2
2026-06-24,000333,14:48:42,76.7600,16,2
2026-06-24,000333,14:48:45,76.7900,57,1
2026-06-24,000333,14:48:48,76.7600,66,2
2026-06-24,000333,14:48:51,76.7900,125,1
2026-06-24,000333,14:48:54,76.8000,33,1
2026-06-24,000333,14:48:57,76.7600,38,2
2026-06-24,000333,14:49:00,76.7400,1080,2
2026-06-24,000333,14:49:03,76.7900,131,1
2026-06-24,000333,14:49:06,76.7900,227,2
2026-06-24,000333,14:49:09,76.8000,134,1
2026-06-24,000333,14:49:12,76.7900,128,1
2026-06-24,000333,14:49:15,76.7300,63,2
2026-06-24,000333,14:49:18,76.7200,56,2
2026-06-24,000333,14:49:21,76.7400,52,2
2026-06-24,000333,14:49:24,76.7400,17,1
2026-06-24,000333,14:49:27,76.7500,96,1
2026-06-24,000333,14:49:30,76.7500,134,1
2026-06-24,000333,14:49:33,76.7500,31,2
2026-06-24,000333,14:49:36,76.7400,36,2
2026-06-24,000333,14:49:39,76.7000,33,2
2026-06-24,000333,14:49:42,76.7500,33,1
2026-06-24,000333,14:49:45,76.7500,18,2
2026-06-24,000333,14:49:48,76.7800,73,1
2026-06-24,000333,14:49:51,76.7500,38,2
2026-06-24,000333,14:49:54,76.7300,26,1
2026-06-24,000333,14:49:57,76.7100,48,2
2026-06-24,000333,14:50:00,76.7100,30,2
2026-06-24,000333,14:50:03,76.7400,51,1
2026-06-24,000333,14:50:06,76.7200,34,2
2026-06-24,000333,14:50:09,76.7100,40,2
2026-06-24,000333,14:50:12,76.7100,30,1
2026-06-24,000333,14:50:15,76.7000,24,2
2026-06-24,000333,14:50:18,76.7100,10,2
2026-06-24,000333,14:50:21,76.7100,94,1
2026-06-24,000333,14:50:24,76.7000,101,2
2026-06-24,000333,14:50:27,76.7000,71,2
2026-06-24,000333,14:50:30,76.7000,140,2
2026-06-24,000333,14:50:33,76.6600,70,2
2026-06-24,000333,14:50:36,76.6600,77,2
2026-06-24,000333,14:50:39,76.6900,135,1
2026-06-24,000333,14:50:42,76.6500,25,2
2026-06-24,000333,14:50:45,76.6600,71,1
2026-06-24,000333,14:50:48,76.6500,33,2
2026-06-24,000333,14:50:51,76.6600,136,4
2026-06-24,000333,14:50:54,76.6400,64,2
2026-06-24,000333,14:50:57,76.6500,53,2
2026-06-24,000333,14:51:00,76.6700,236,1
2026-06-24,000333,14:51:03,76.6600,50,2
2026-06-24,000333,14:51:06,76.6500,113,2
2026-06-24,000333,14:51:09,76.6700,31,2
2026-06-24,000333,14:51:12,76.7000,26,1
2026-06-24,000333,14:51:15,76.7000,275,1
2026-06-24,000333,14:51:18,76.6500,79,2
2026-06-24,000333,14:51:21,76.6900,98,2
2026-06-24,000333,14:51:24,76.6900,70,2
2026-06-24,000333,14:51:27,76.6700,92,2
2026-06-24,000333,14:51:30,76.6200,614,2
2026-06-24,000333,14:51:33,76.6500,64,1
2026-06-24,000333,14:51:36,76.6300,173,1
2026-06-24,000333,14:51:39,76.6300,53,1
2026-06-24,000333,14:51:42,76.6000,92,2
2026-06-24,000333,14:51:45,76.6400,64,1
2026-06-24,000333,14:51:48,76.6100,13,2
2026-06-24,000333,14:51:51,76.6200,104,1
2026-06-24,000333,14:51:54,76.6100,42,2
2026-06-24,000333,14:51:57,76.6100,43,2
2026-06-24,000333,14:52:00,76.6500,261,1
2026-06-24,000333,14:52:03,76.6400,439,1
2026-06-24,000333,14:52:06,76.6300,139,2
2026-06-24,000333,14:52:09,76.6000,99,2
2026-06-24,000333,14:52:12,76.6400,44,1
2026-06-24,000333,14:52:15,76.6400,55,2
2026-06-24,000333,14:52:18,76.6400,32,2
2026-06-24,000333,14:52:21,76.6200,37,2
2026-06-24,000333,14:52:24,76.6400,61,1
2026-06-24,000333,14:52:27,76.6400,76,1
2026-06-24,000333,14:52:30,76.6400,12,1
2026-06-24,000333,14:52:33,76.6400,48,2
2026-06-24,000333,14:52:36,76.6400,140,2
2026-06-24,000333,14:52:39,76.6500,74,2
2026-06-24,000333,14:52:42,76.6500,65,2
2026-06-24,000333,14:52:45,76.6600,26,2
2026-06-24,000333,14:52:48,76.6800,12,1
2026-06-24,000333,14:52:51,76.6500,37,2
2026-06-24,000333,14:52:54,76.6700,260,1
2026-06-24,000333,14:52:57,76.6500,185,2
2026-06-24,000333,14:53:00,76.6800,266,1
2026-06-24,000333,14:53:03,76.6700,70,2
2026-06-24,000333,14:53:06,76.6500,111,2
2026-06-24,000333,14:53:09,76.6200,137,2
2026-06-24,000333,14:53:12,76.6000,160,2
2026-06-24,000333,14:53:15,76.6500,65,1
2026-06-24,000333,14:53:18,76.6200,32,2
2026-06-24,000333,14:53:21,76.6400,44,2
2026-06-24,000333,14:53:24,76.6600,47,1
2026-06-24,000333,14:53:27,76.6600,16,2
2026-06-24,000333,14:53:30,76.6500,43,2
2026-06-24,000333,14:53:33,76.6500,61,2
2026-06-24,000333,14:53:36,76.6600,49,1
2026-06-24,000333,14:53:39,76.6600,92,1
2026-06-24,000333,14:53:42,76.6200,91,2
2026-06-24,000333,14:53:45,76.6500,25,1
2026-06-24,000333,14:53:48,76.6400,135,4
2026-06-24,000333,14:53:51,76.6400,163,1
2026-06-24,000333,14:53:54,76.6600,340,1
2026-06-24,000333,14:53:57,76.6300,46,2
2026-06-24,000333,14:54:00,76.6800,150,1
2026-06-24,000333,14:54:03,76.6800,64,2
2026-06-24,000333,14:54:06,76.6800,33,2
2026-06-24,000333,14:54:09,76.6800,159,1
2026-06-24,000333,14:54:12,76.6600,103,1
2026-06-24,000333,14:54:15,76.6800,45,1
2026-06-24,000333,14:54:18,76.6200,88,2
2026-06-24,000333,14:54:21,76.6300,286,2
2026-06-24,000333,14:54:24,76.6400,83,2
2026-06-24,000333,14:54:27,76.6300,44,2
2026-06-24,000333,14:54:30,76.6300,104,2
2026-06-24,000333,14:54:33,76.6800,28,1
2026-06-24,000333,14:54:36,76.6300,85,2
2026-06-24,000333,14:54:39,76.6300,131,2
2026-06-24,000333,14:54:42,76.6400,91,2
2026-06-24,000333,14:54:45,76.6300,110,2
2026-06-24,000333,14:54:48,76.6600,256,1
2026-06-24,000333,14:54:51,76.6300,114,2
2026-06-24,000333,14:54:54,76.6300,163,2
2026-06-24,000333,14:54:57,76.6000,234,2
2026-06-24,000333,14:55:00,76.6300,241,1
2026-06-24,000333,14:55:03,76.6000,121,2
2026-06-24,000333,14:55:06,76.6200,137,4
2026-06-24,000333,14:55:09,76.6200,61,1
2026-06-24,000333,14:55:12,76.6300,75,1
2026-06-24,000333,14:55:15,76.6600,130,1
2026-06-24,000333,14:55:18,76.6400,99,1
2026-06-24,000333,14:55:21,76.6500,110,1
2026-06-24,000333,14:55:24,76.6500,72,2
2026-06-24,000333,14:55:27,76.6500,41,2
2026-06-24,000333,14:55:30,76.6700,75,1
2026-06-24,000333,14:55:33,76.6300,104,2
2026-06-24,000333,14:55:36,76.6300,69,2
2026-06-24,000333,14:55:39,76.6200,59,2
2026-06-24,000333,14:55:42,76.6300,50,2
2026-06-24,000333,14:55:45,76.6800,57,1
2026-06-24,000333,14:55:48,76.6700,36,1
2026-06-24,000333,14:55:51,76.6600,37,1
2026-06-24,000333,14:55:54,76.6700,41,1
2026-06-24,000333,14:55:57,76.6600,26,2
2026-06-24,000333,14:56:00,76.6300,118,2
2026-06-24,000333,14:56:03,76.6200,118,2
2026-06-24,000333,14:56:06,76.6300,183,1
2026-06-24,000333,14:56:09,76.6300,100,1
2026-06-24,000333,14:56:12,76.6400,112,1
2026-06-24,000333,14:56:15,76.6100,96,2
2026-06-24,000333,14:56:18,76.6300,90,1
2026-06-24,000333,14:56:21,76.6400,116,1
2026-06-24,000333,14:56:24,76.6400,89,1
2026-06-24,000333,14:56:27,76.6400,35,2
2026-06-24,000333,14:56:30,76.6400,112,2
2026-06-24,000333,14:56:33,76.6400,228,1
2026-06-24,000333,14:56:36,76.5700,120,2
2026-06-24,000333,14:56:39,76.5700,66,2
2026-06-24,000333,14:56:42,76.5500,62,2
2026-06-24,000333,14:56:45,76.6000,56,1
2026-06-24,000333,14:56:48,76.5500,72,2
2026-06-24,000333,14:56:51,76.6300,60,1
2026-06-24,000333,14:56:54,76.5600,67,2
2026-06-24,000333,14:56:57,76.6200,37,1
2026-06-24,000333,14:57:00,76.6300,5,1
2026-06-24,000333,15:00:03,76.6300,4731,4
2026-06-24,000333,13:16:42,76.4100,41,2
2026-06-24,000333,13:16:45,76.4200,31,1
2026-06-24,000333,13:16:48,76.4200,14,1
2026-06-24,000333,13:16:51,76.4200,36,1
2026-06-24,000333,13:16:54,76.4200,266,1
2026-06-24,000333,13:16:57,76.4300,32,2
2026-06-24,000333,13:17:00,76.4400,28,1
2026-06-24,000333,13:17:03,76.4800,174,1
2026-06-24,000333,13:17:06,76.4900,23,1
2026-06-24,000333,13:17:09,76.4900,19,2
2026-06-24,000333,13:17:12,76.5000,33,1
2026-06-24,000333,13:17:15,76.5000,36,1
2026-06-24,000333,13:17:18,76.5000,19,2
2026-06-24,000333,13:17:21,76.4800,101,2
2026-06-24,000333,13:17:24,76.5000,47,1
2026-06-24,000333,13:17:27,76.4900,47,2
2026-06-24,000333,13:17:30,76.5100,48,1
2026-06-24,000333,13:17:33,76.5100,76,1
2026-06-24,000333,13:17:36,76.5000,46,2
2026-06-24,000333,13:17:39,76.4900,92,2
2026-06-24,000333,13:17:42,76.4800,29,2
2026-06-24,000333,13:17:45,76.4900,37,1
2026-06-24,000333,13:17:48,76.4900,63,1
2026-06-24,000333,13:17:51,76.4700,78,2
2026-06-24,000333,13:17:54,76.4500,58,2
2026-06-24,000333,13:17:57,76.4600,19,2
2026-06-24,000333,13:18:00,76.4600,34,2
2026-06-24,000333,13:18:03,76.4800,189,1
2026-06-24,000333,13:18:06,76.5300,189,1
2026-06-24,000333,13:18:09,76.5200,123,2
2026-06-24,000333,13:18:12,76.5300,72,1
2026-06-24,000333,13:18:15,76.4900,46,2
2026-06-24,000333,13:18:18,76.4900,65,2
2026-06-24,000333,13:18:21,76.4800,46,2
2026-06-24,000333,13:18:24,76.4900,12,2
2026-06-24,000333,13:18:27,76.4900,32,2
2026-06-24,000333,13:18:30,76.4900,33,2
2026-06-24,000333,13:18:33,76.4900,68,2
2026-06-24,000333,13:18:36,76.5000,56,2
2026-06-24,000333,13:18:39,76.5200,131,1
2026-06-24,000333,13:18:42,76.5200,46,2
2026-06-24,000333,13:18:45,76.5100,58,1
2026-06-24,000333,13:18:48,76.5000,26,2
2026-06-24,000333,13:18:51,76.5200,26,1
2026-06-24,000333,13:18:54,76.5000,27,2
2026-06-24,000333,13:18:57,76.4800,51,2
2026-06-24,000333,13:19:00,76.4800,34,2
2026-06-24,000333,13:19:03,76.4800,17,2
2026-06-24,000333,13:19:06,76.4800,47,2
2026-06-24,000333,13:19:09,76.4600,164,2
2026-06-24,000333,13:19:12,76.4900,95,1
2026-06-24,000333,13:19:15,76.4800,53,2
2026-06-24,000333,13:19:18,76.4600,60,2
2026-06-24,000333,13:19:21,76.5000,94,1
2026-06-24,000333,13:19:24,76.5300,165,1
2026-06-24,000333,13:19:27,76.5300,22,2
2026-06-24,000333,13:19:30,76.5300,15,2
2026-06-24,000333,13:19:33,76.6000,28,1
2026-06-24,000333,13:19:36,76.5900,18,1
2026-06-24,000333,13:19:39,76.5200,44,2
2026-06-24,000333,13:19:42,76.5700,23,1
2026-06-24,000333,13:19:45,76.5300,19,2
2026-06-24,000333,13:19:48,76.5700,9,1
2026-06-24,000333,13:19:51,76.5800,402,1
2026-06-24,000333,13:19:54,76.5700,50,2
2026-06-24,000333,13:19:57,76.5400,66,2
2026-06-24,000333,13:20:00,76.5700,97,1
2026-06-24,000333,13:20:03,76.5200,129,2
2026-06-24,000333,13:20:06,76.5300,83,2
2026-06-24,000333,13:20:09,76.5500,65,1
2026-06-24,000333,13:20:12,76.5800,190,1
2026-06-24,000333,13:20:15,76.5600,22,2
2026-06-24,000333,13:20:18,76.5700,14,2
2026-06-24,000333,13:20:21,76.5900,25,1
2026-06-24,000333,13:20:24,76.5600,24,2
2026-06-24,000333,13:20:27,76.5800,31,1
2026-06-24,000333,13:20:30,76.5600,18,2
2026-06-24,000333,13:20:33,76.5700,88,2
2026-06-24,000333,13:20:36,76.5500,95,2
2026-06-24,000333,13:20:39,76.5800,145,1
2026-06-24,000333,13:20:42,76.5700,43,2
2026-06-24,000333,13:20:45,76.5600,31,2
2026-06-24,000333,13:20:48,76.5800,10,1
2026-06-24,000333,13:20:51,76.5800,45,1
2026-06-24,000333,13:20:54,76.5800,54,2
2026-06-24,000333,13:20:57,76.5800,92,1
2026-06-24,000333,13:21:00,76.6000,134,1
2026-06-24,000333,13:21:03,76.6000,4,1
2026-06-24,000333,13:21:06,76.5800,19,2
2026-06-24,000333,13:21:09,76.5900,60,1
2026-06-24,000333,13:21:12,76.5500,57,2
2026-06-24,000333,13:21:15,76.5800,121,1
2026-06-24,000333,13:21:18,76.5900,26,2
2026-06-24,000333,13:21:21,76.5800,29,2
2026-06-24,000333,13:21:24,76.6000,82,1
2026-06-24,000333,13:21:27,76.6100,56,1
2026-06-24,000333,13:21:30,76.5800,75,2
2026-06-24,000333,13:21:33,76.6000,28,1
2026-06-24,000333,13:21:36,76.5900,26,2
2026-06-24,000333,13:21:39,76.5800,42,2
2026-06-24,000333,13:21:42,76.6000,100,1
2026-06-24,000333,13:21:45,76.6000,58,1
2026-06-24,000333,13:21:48,76.5900,2,1
2026-06-24,000333,13:21:51,76.5600,9,2
2026-06-24,000333,13:21:54,76.5900,27,1
2026-06-24,000333,13:21:57,76.5300,72,2
2026-06-24,000333,13:22:00,76.5800,39,1
2026-06-24,000333,13:22:03,76.5800,179,1
2026-06-24,000333,13:22:06,76.5600,27,2
2026-06-24,000333,13:22:09,76.5700,76,1
2026-06-24,000333,13:22:12,76.5200,34,2
2026-06-24,000333,13:22:15,76.5700,96,1
2026-06-24,000333,13:22:18,76.5600,25,1
2026-06-24,000333,13:22:21,76.5600,17,1
2026-06-24,000333,13:22:24,76.5500,26,4
2026-06-24,000333,13:22:27,76.5500,62,1
2026-06-24,000333,13:22:30,76.5200,104,2
2026-06-24,000333,13:22:33,76.5200,27,2
2026-06-24,000333,13:22:36,76.5300,41,1
2026-06-24,000333,13:22:39,76.5400,148,1
2026-06-24,000333,13:22:42,76.5400,89,1
2026-06-24,000333,13:22:45,76.5500,23,4
2026-06-24,000333,13:22:48,76.5500,22,1
2026-06-24,000333,13:22:51,76.5300,13,2
2026-06-24,000333,13:22:54,76.5000,108,2
2026-06-24,000333,13:22:57,76.5300,20,1
2026-06-24,000333,13:23:00,76.5300,23,1
2026-06-24,000333,13:23:03,76.5300,18,1
2026-06-24,000333,13:23:06,76.5300,131,4
2026-06-24,000333,13:23:09,76.5600,116,1
2026-06-24,000333,13:23:12,76.5500,26,2
2026-06-24,000333,13:23:15,76.5600,15,4
2026-06-24,000333,13:23:18,76.5400,64,2
2026-06-24,000333,13:23:21,76.5700,26,1
2026-06-24,000333,13:23:24,76.5600,36,2
2026-06-24,000333,13:23:27,76.5700,10,1
2026-06-24,000333,13:23:30,76.5600,74,1
2026-06-24,000333,13:23:33,76.5400,39,2
2026-06-24,000333,13:23:36,76.5600,48,1
2026-06-24,000333,13:23:39,76.5100,72,2
2026-06-24,000333,13:23:42,76.5600,76,1
2026-06-24,000333,13:23:45,76.5000,37,2
2026-06-24,000333,13:23:48,76.5000,41,2
2026-06-24,000333,13:23:51,76.5400,20,1
2026-06-24,000333,13:23:54,76.5000,44,2
2026-06-24,000333,13:23:57,76.5000,16,2
2026-06-24,000333,13:24:00,76.5300,46,1
2026-06-24,000333,13:24:03,76.5500,52,1
2026-06-24,000333,13:24:06,76.5100,16,2
2026-06-24,000333,13:24:09,76.5000,222,2
2026-06-24,000333,13:24:12,76.5400,56,1
2026-06-24,000333,13:24:15,76.5400,29,1
2026-06-24,000333,13:24:18,76.5400,10,4
2026-06-24,000333,13:24:21,76.5500,32,1
2026-06-24,000333,13:24:24,76.5400,23,2
2026-06-24,000333,13:24:27,76.5400,10,1
2026-06-24,000333,13:24:30,76.5500,169,1
2026-06-24,000333,13:24:33,76.5600,86,2
2026-06-24,000333,13:24:36,76.5600,41,2
2026-06-24,000333,13:24:39,76.6000,22,1
2026-06-24,000333,13:24:42,76.6000,48,1
2026-06-24,000333,13:24:45,76.5700,41,2
2026-06-24,000333,13:24:48,76.5500,57,2
2026-06-24,000333,13:24:51,76.5500,27,2
2026-06-24,000333,13:24:54,76.5500,16,2
2026-06-24,000333,13:24:57,76.5400,33,2
2026-06-24,000333,13:25:00,76.5600,40,1
2026-06-24,000333,13:25:03,76.5300,19,2
2026-06-24,000333,13:25:06,76.5600,54,1
2026-06-24,000333,13:25:09,76.5500,137,1
2026-06-24,000333,13:25:12,76.5500,34,1
2026-06-24,000333,13:25:15,76.5300,56,2
2026-06-24,000333,13:25:18,76.5300,65,2
2026-06-24,000333,13:25:21,76.5500,77,1
2026-06-24,000333,13:25:24,76.5600,54,1
2026-06-24,000333,13:25:27,76.5500,64,1
2026-06-24,000333,13:25:30,76.5500,24,1
2026-06-24,000333,13:25:33,76.5200,68,2
2026-06-24,000333,13:25:36,76.5500,60,1
2026-06-24,000333,13:25:39,76.5500,174,1
2026-06-24,000333,13:25:42,76.5700,97,1
2026-06-24,000333,13:25:45,76.5500,20,2
2026-06-24,000333,13:25:48,76.5600,36,1
2026-06-24,000333,13:25:51,76.5600,18,1
2026-06-24,000333,13:25:54,76.5200,52,2
2026-06-24,000333,13:25:57,76.5100,28,2
2026-06-24,000333,13:26:00,76.5300,31,1
2026-06-24,000333,13:26:03,76.5000,28,2
2026-06-24,000333,13:26:06,76.5000,77,2
2026-06-24,000333,13:26:09,76.5000,88,2
2026-06-24,000333,13:26:12,76.5000,171,2
2026-06-24,000333,13:26:15,76.4600,63,2
2026-06-24,000333,13:26:18,76.5000,22,1
2026-06-24,000333,13:26:21,76.5000,54,2
2026-06-24,000333,13:26:24,76.4600,78,2
2026-06-24,000333,13:26:27,76.5100,3,1
2026-06-24,000333,13:26:30,76.4800,50,1
2026-06-24,000333,13:26:33,76.4900,49,1
2026-06-24,000333,13:26:36,76.4900,42,2
2026-06-24,000333,13:26:39,76.4900,61,2
2026-06-24,000333,13:26:42,76.4900,83,1
2026-06-24,000333,13:26:45,76.4800,40,1
2026-06-24,000333,13:26:48,76.4900,3,1
2026-06-24,000333,13:26:51,76.4400,63,2
2026-06-24,000333,13:26:54,76.5000,107,1
2026-06-24,000333,13:26:57,76.4800,61,2
2026-06-24,000333,13:27:00,76.5000,32,2
2026-06-24,000333,13:27:03,76.5100,53,1
2026-06-24,000333,13:27:06,76.5200,56,1
2026-06-24,000333,13:27:09,76.4900,57,2
2026-06-24,000333,13:27:12,76.5200,42,1
2026-06-24,000333,13:27:15,76.5000,33,2
2026-06-24,000333,13:27:18,76.5100,16,1
2026-06-24,000333,13:27:21,76.4800,28,2
2026-06-24,000333,13:27:24,76.5100,43,4
2026-06-24,000333,13:27:27,76.4500,20,2
2026-06-24,000333,13:27:30,76.5100,13,1
2026-06-24,000333,13:27:33,76.4500,18,2
2026-06-24,000333,13:27:36,76.4900,43,1
2026-06-24,000333,13:27:39,76.5000,84,1
2026-06-24,000333,13:27:42,76.5000,89,1
2026-06-24,000333,13:27:45,76.5000,35,2
2026-06-24,000333,13:27:48,76.5100,33,1
2026-06-24,000333,13:27:51,76.5000,4,2
2026-06-24,000333,13:27:54,76.4800,126,2
2026-06-24,000333,13:27:57,76.5000,35,2
2026-06-24,000333,13:28:00,76.5300,34,1
2026-06-24,000333,13:28:03,76.5300,100,2
2026-06-24,000333,13:28:06,76.5500,112,1
2026-06-24,000333,13:28:09,76.5300,82,2
2026-06-24,000333,13:28:12,76.5500,130,1
2026-06-24,000333,13:28:15,76.5500,48,2
2026-06-24,000333,13:28:18,76.5600,86,1
2026-06-24,000333,13:28:21,76.5200,37,2
2026-06-24,000333,13:28:24,76.5000,38,2
2026-06-24,000333,13:28:27,76.4900,42,2
2026-06-24,000333,13:28:30,76.4900,37,2
2026-06-24,000333,13:28:33,76.4800,62,2
2026-06-24,000333,13:28:36,76.4900,13,2
2026-06-24,000333,13:28:39,76.5100,109,4
2026-06-24,000333,13:28:42,76.4800,93,2
2026-06-24,000333,13:28:45,76.4800,52,2
2026-06-24,000333,13:28:48,76.4800,4,2
2026-06-24,000333,13:28:51,76.5200,48,2
2026-06-24,000333,13:28:54,76.4800,32,2
2026-06-24,000333,13:28:57,76.4800,45,2
2026-06-24,000333,13:29:00,76.5200,37,1
2026-06-24,000333,13:29:03,76.4800,44,2
2026-06-24,000333,13:29:06,76.4700,49,2
2026-06-24,000333,13:29:09,76.4800,87,2
2026-06-24,000333,13:29:12,76.4800,134,2
2026-06-24,000333,13:29:15,76.4900,23,4
2026-06-24,000333,13:29:18,76.4600,33,2
2026-06-24,000333,13:29:21,76.5000,55,2
2026-06-24,000333,13:29:24,76.4800,16,2
2026-06-24,000333,13:29:27,76.4900,36,2
2026-06-24,000333,13:29:30,76.4600,79,2
2026-06-24,000333,13:29:33,76.4500,78,2
2026-06-24,000333,13:29:36,76.5100,69,1
2026-06-24,000333,13:29:39,76.5100,34,2
2026-06-24,000333,13:29:42,76.5100,20,2
2026-06-24,000333,13:29:45,76.5300,8,1
2026-06-24,000333,13:29:48,76.5100,24,2
2026-06-24,000333,13:29:51,76.5300,22,1
2026-06-24,000333,13:29:54,76.5400,139,1
2026-06-24,000333,13:29:57,76.5100,72,2
2026-06-24,000333,13:30:00,76.5500,63,1
2026-06-24,000333,13:30:03,76.4900,34,2
2026-06-24,000333,13:30:06,76.4700,49,2
2026-06-24,000333,13:30:09,76.4700,68,2
2026-06-24,000333,13:30:12,76.4500,41,2
2026-06-24,000333,13:30:15,76.4600,45,2
2026-06-24,000333,13:30:18,76.5000,11,1
2026-06-24,000333,13:30:21,76.5100,33,1
2026-06-24,000333,13:30:24,76.5100,76,1
2026-06-24,000333,13:30:27,76.5100,103,2
2026-06-24,000333,13:30:30,76.4900,37,2
2026-06-24,000333,13:30:33,76.5300,15,1
2026-06-24,000333,13:30:36,76.5400,53,1
2026-06-24,000333,13:30:39,76.5100,18,2
2026-06-24,000333,13:30:42,76.5200,36,4
2026-06-24,000333,13:30:45,76.5000,22,2
2026-06-24,000333,13:30:48,76.5000,37,2
2026-06-24,000333,13:30:51,76.5000,22,2
2026-06-24,000333,13:30:54,76.4900,62,2
2026-06-24,000333,13:30:57,76.4600,42,2
2026-06-24,000333,13:31:00,76.4700,44,2
2026-06-24,000333,13:31:03,76.5000,34,1
2026-06-24,000333,13:31:06,76.5000,32,2
2026-06-24,000333,13:31:09,76.4500,160,2
2026-06-24,000333,13:31:12,76.5100,49,1
2026-06-24,000333,13:31:15,76.4900,72,2
2026-06-24,000333,13:31:18,76.5100,9,2
2026-06-24,000333,13:31:21,76.5200,54,1
2026-06-24,000333,13:31:24,76.5000,40,2
2026-06-24,000333,13:31:27,76.5000,4,2
2026-06-24,000333,13:31:30,76.5100,55,1
2026-06-24,000333,13:31:33,76.5000,44,2
2026-06-24,000333,13:31:36,76.4800,51,2
2026-06-24,000333,13:31:39,76.4900,117,4
2026-06-24,000333,13:31:42,76.4900,85,1
2026-06-24,000333,13:31:45,76.4900,65,1
2026-06-24,000333,13:31:48,76.4900,16,1
2026-06-24,000333,13:31:51,76.5000,164,1
2026-06-24,000333,13:31:54,76.5000,84,2
2026-06-24,000333,13:31:57,76.4900,87,2
2026-06-24,000333,13:32:00,76.4900,29,2
2026-06-24,000333,13:32:03,76.5300,41,1
2026-06-24,000333,13:32:06,76.5500,44,1
2026-06-24,000333,13:32:09,76.5500,22,2
2026-06-24,000333,13:32:12,76.5500,63,1
2026-06-24,000333,13:32:15,76.5400,6,2
2026-06-24,000333,13:32:18,76.5500,30,1
2026-06-24,000333,13:32:21,76.5000,46,2
2026-06-24,000333,13:32:24,76.4800,69,2
2026-06-24,000333,13:32:27,76.5100,33,1
2026-06-24,000333,13:32:30,76.5100,67,1
2026-06-24,000333,13:32:33,76.5000,16,2
2026-06-24,000333,13:32:36,76.5300,20,1
2026-06-24,000333,13:32:39,76.5200,76,4
2026-06-24,000333,13:32:42,76.5300,117,1
2026-06-24,000333,13:32:45,76.5300,111,1
2026-06-24,000333,13:32:48,76.5300,10,2
2026-06-24,000333,13:32:51,76.5300,8,2
2026-06-24,000333,13:32:54,76.5000,74,2
2026-06-24,000333,13:32:57,76.5300,16,1
2026-06-24,000333,13:33:00,76.5000,40,2
2026-06-24,000333,13:33:03,76.5400,35,1
2026-06-24,000333,13:33:06,76.5200,16,1
2026-06-24,000333,13:33:09,76.5300,81,1
2026-06-24,000333,13:33:12,76.5000,30,2
2026-06-24,000333,13:33:15,76.5000,45,2
2026-06-24,000333,13:33:18,76.5300,3,1
2026-06-24,000333,13:33:21,76.5300,25,1
2026-06-24,000333,13:33:24,76.5000,44,2
2026-06-24,000333,13:33:27,76.5200,34,1
2026-06-24,000333,13:33:30,76.5000,35,2
2026-06-24,000333,13:33:33,76.5200,21,1
2026-06-24,000333,13:33:36,76.5100,49,2
2026-06-24,000333,13:33:39,76.5100,45,4
2026-06-24,000333,13:33:42,76.4900,30,2
2026-06-24,000333,13:33:45,76.5100,24,1
2026-06-24,000333,13:33:48,76.4900,190,2
2026-06-24,000333,13:33:51,76.4500,48,2
2026-06-24,000333,13:33:54,76.4900,96,1
2026-06-24,000333,13:33:57,76.4500,16,2
2026-06-24,000333,13:34:00,76.4700,31,4
2026-06-24,000333,13:34:03,76.4600,35,2
2026-06-24,000333,13:34:06,76.4600,308,1
2026-06-24,000333,13:34:09,76.4500,195,2
2026-06-24,000333,13:34:12,76.4400,21,2
2026-06-24,000333,13:34:15,76.4600,70,1
2026-06-24,000333,13:34:18,76.4600,44,1
2026-06-24,000333,13:34:21,76.4600,17,1
2026-06-24,000333,13:34:24,76.4500,58,2
2026-06-24,000333,13:34:27,76.4500,40,1
2026-06-24,000333,13:34:30,76.4400,132,4
2026-06-24,000333,13:34:36,76.4700,63,1
2026-06-24,000333,13:34:39,76.4500,99,2
2026-06-24,000333,13:34:42,76.4700,45,1
2026-06-24,000333,13:34:45,76.4600,14,2
2026-06-24,000333,13:34:48,76.4600,4,2
2026-06-24,000333,13:34:51,76.4700,17,1
2026-06-24,000333,13:34:54,76.4400,35,2
2026-06-24,000333,13:34:57,76.4600,56,1
2026-06-24,000333,13:35:00,76.4500,48,4
2026-06-24,000333,13:35:03,76.4500,45,1
2026-06-24,000333,13:35:06,76.4800,173,1
2026-06-24,000333,13:35:09,76.4600,91,2
2026-06-24,000333,13:35:12,76.4500,108,2
2026-06-24,000333,13:35:15,76.4500,80,1
2026-06-24,000333,13:35:18,76.5000,96,1
2026-06-24,000333,13:35:21,76.4700,80,2
2026-06-24,000333,13:35:24,76.4500,16,2
2026-06-24,000333,13:35:27,76.4600,68,2
2026-06-24,000333,13:35:30,76.4900,58,1
2026-06-24,000333,13:35:33,76.4400,97,2
2026-06-24,000333,13:35:36,76.4600,52,2
2026-06-24,000333,13:35:39,76.4500,51,2
2026-06-24,000333,13:35:42,76.4400,35,4
2026-06-24,000333,13:35:45,76.4400,8,1
2026-06-24,000333,13:35:48,76.4400,18,1
2026-06-24,000333,13:35:51,76.4400,36,2
2026-06-24,000333,13:35:54,76.4400,48,2
2026-06-24,000333,13:35:57,76.4300,47,2
2026-06-24,000333,13:36:00,76.4500,73,1
2026-06-24,000333,13:36:03,76.4600,172,1
2026-06-24,000333,13:36:06,76.4700,123,2
2026-06-24,000333,13:36:09,76.5500,91,1
2026-06-24,000333,13:36:12,76.5100,71,2
2026-06-24,000333,13:36:15,76.5000,136,2
2026-06-24,000333,13:36:18,76.5100,22,1
2026-06-24,000333,13:36:21,76.4700,73,2
2026-06-24,000333,13:36:24,76.5200,33,1
2026-06-24,000333,13:36:27,76.5100,45,1
2026-06-24,000333,13:36:30,76.5100,39,1
2026-06-24,000333,13:36:33,76.5100,10,1
2026-06-24,000333,13:36:36,76.5000,36,2
2026-06-24,000333,13:36:39,76.5100,92,1
2026-06-24,000333,13:36:42,76.5100,54,1
2026-06-24,000333,13:36:45,76.5100,14,2
2026-06-24,000333,13:36:48,76.5300,20,1
2026-06-24,000333,13:36:51,76.5100,33,2
2026-06-24,000333,13:36:54,76.5200,34,4
2026-06-24,000333,13:36:57,76.5100,66,2
2026-06-24,000333,13:37:00,76.5300,28,1
2026-06-24,000333,13:37:03,76.5600,304,1
2026-06-24,000333,13:37:06,76.5700,75,1
2026-06-24,000333,13:37:09,76.6000,88,1
2026-06-24,000333,13:37:12,76.6100,89,1
2026-06-24,000333,13:37:15,76.6000,14,2
2026-06-24,000333,13:37:18,76.6100,79,1
2026-06-24,000333,13:37:21,76.6100,39,1
2026-06-24,000333,13:37:24,76.6100,34,2
2026-06-24,000333,13:37:27,76.6100,18,2
2026-06-24,000333,13:37:30,76.6200,74,1
2026-06-24,000333,13:37:33,76.6200,47,1
2026-06-24,000333,13:37:36,76.6000,37,2
2026-06-24,000333,13:37:39,76.5700,80,2
2026-06-24,000333,13:37:42,76.5800,21,4
2026-06-24,000333,13:37:45,76.5700,94,2
2026-06-24,000333,13:37:48,76.5800,47,1
2026-06-24,000333,13:37:51,76.5800,81,1
2026-06-24,000333,13:37:54,76.5800,68,2
2026-06-24,000333,13:37:57,76.6000,38,1
2026-06-24,000333,13:38:00,76.5800,34,2
2026-06-24,000333,13:38:03,76.6000,3,1
2026-06-24,000333,13:38:06,76.5800,24,2
2026-06-24,000333,13:38:09,76.5900,70,1
2026-06-24,000333,13:38:12,76.5800,42,2
2026-06-24,000333,13:38:15,76.5800,43,2
2026-06-24,000333,13:38:18,76.5800,183,1
2026-06-24,000333,13:38:21,76.5400,13,2
2026-06-24,000333,13:38:24,76.5500,49,2
2026-06-24,000333,13:38:27,76.5500,28,2
2026-06-24,000333,13:38:30,76.5600,68,1
2026-06-24,000333,13:38:33,76.5400,26,2
2026-06-24,000333,13:38:36,76.5500,21,2
2026-06-24,000333,13:38:39,76.5600,95,1
2026-06-24,000333,13:38:42,76.5500,40,4
2026-06-24,000333,13:38:45,76.5400,131,2
2026-06-24,000333,13:38:48,76.5300,8,2
2026-06-24,000333,13:38:51,76.5600,29,1
2026-06-24,000333,13:38:54,76.5600,54,2
2026-06-24,000333,13:38:57,76.5600,88,2
2026-06-24,000333,13:39:00,76.5600,46,2
2026-06-24,000333,13:39:03,76.5600,42,2
2026-06-24,000333,13:39:06,76.5600,62,2
2026-06-24,000333,13:39:09,76.5800,25,1
2026-06-24,000333,13:39:12,76.5600,53,2
2026-06-24,000333,13:39:15,76.5700,93,4
2026-06-24,000333,13:39:18,76.5900,92,1
2026-06-24,000333,13:39:21,76.6300,345,1
2026-06-24,000333,13:39:24,76.6100,43,2
2026-06-24,000333,13:39:27,76.6400,97,1
2026-06-24,000333,13:39:30,76.6300,41,4
2026-06-24,000333,13:39:33,76.6200,42,2
2026-06-24,000333,13:39:36,76.6100,54,2
2026-06-24,000333,13:39:39,76.6000,27,2
2026-06-24,000333,13:39:42,76.6100,22,2
2026-06-24,000333,13:39:45,76.6200,18,1
2026-06-24,000333,13:39:48,76.5900,48,2
2026-06-24,000333,13:39:51,76.6000,24,2
2026-06-24,000333,13:39:54,76.6000,37,2
2026-06-24,000333,13:39:57,76.5900,62,2
2026-06-24,000333,13:40:00,76.6100,12,4
2026-06-24,000333,13:40:03,76.6200,58,1
2026-06-24,000333,13:40:06,76.5800,30,2
2026-06-24,000333,13:40:09,76.5900,108,2
2026-06-24,000333,13:40:12,76.5900,12,2
2026-06-24,000333,13:40:15,76.5900,20,1
2026-06-24,000333,13:40:18,76.6000,37,1
2026-06-24,000333,13:40:21,76.5900,50,1
2026-06-24,000333,13:40:24,76.5900,21,2
2026-06-24,000333,13:40:27,76.5900,18,2
2026-06-24,000333,13:40:30,76.5900,18,2
2026-06-24,000333,13:40:33,76.5900,31,2
2026-06-24,000333,13:40:36,76.5900,9,2
2026-06-24,000333,13:40:39,76.5900,91,2
2026-06-24,000333,13:40:42,76.5800,26,2
2026-06-24,000333,13:40:45,76.5900,49,1
2026-06-24,000333,13:40:48,76.5900,8,2
2026-06-24,000333,13:40:51,76.5800,24,2
2026-06-24,000333,13:40:54,76.5800,32,2
2026-06-24,000333,13:40:57,76.5700,22,2
2026-06-24,000333,13:41:00,76.5600,21,2
2026-06-24,000333,13:41:03,76.5700,67,2
2026-06-24,000333,13:41:06,76.5800,157,1
2026-06-24,000333,13:41:09,76.5900,58,1
2026-06-24,000333,13:41:12,76.5800,29,2
2026-06-24,000333,13:41:15,76.5800,259,2
2026-06-24,000333,13:41:18,76.5800,301,2
2026-06-24,000333,13:41:21,76.5500,47,2
2026-06-24,000333,13:41:24,76.5300,142,2
2026-06-24,000333,13:41:27,76.5300,16,2
2026-06-24,000333,13:41:30,76.5500,28,1
2026-06-24,000333,13:41:33,76.5500,22,1
2026-06-24,000333,13:41:36,76.5500,14,2
2026-06-24,000333,13:41:39,76.5500,90,2
2026-06-24,000333,13:41:42,76.5400,41,2
2026-06-24,000333,13:41:45,76.5400,51,2
2026-06-24,000333,13:41:48,76.5400,23,2
2026-06-24,000333,13:41:51,76.5400,42,2
2026-06-24,000333,13:41:54,76.5200,50,2
2026-06-24,000333,13:41:57,76.5200,6,2
2026-06-24,000333,13:42:00,76.5100,33,2
2026-06-24,000333,13:42:03,76.5000,148,2
2026-06-24,000333,13:42:06,76.5100,63,2
2026-06-24,000333,13:42:09,76.5200,249,1
2026-06-24,000333,13:42:12,76.5200,97,1
2026-06-24,000333,13:42:15,76.5400,38,1
2026-06-24,000333,13:42:18,76.5200,8,2
2026-06-24,000333,13:42:21,76.5400,2,1
2026-06-24,000333,13:42:24,76.5100,33,2
2026-06-24,000333,13:42:27,76.5200,32,1
2026-06-24,000333,13:42:30,76.5200,24,2
2026-06-24,000333,13:42:33,76.5200,20,2
2026-06-24,000333,13:42:36,76.5200,6,2
2026-06-24,000333,13:42:39,76.5000,64,2
2026-06-24,000333,13:42:42,76.5000,12,2
2026-06-24,000333,13:42:45,76.5000,6,2
2026-06-24,000333,13:42:48,76.5000,20,2
2026-06-24,000333,13:42:51,76.5000,25,2
2026-06-24,000333,13:42:54,76.5000,152,2
2026-06-24,000333,13:42:57,76.4800,79,2
2026-06-24,000333,13:43:00,76.4700,101,2
2026-06-24,000333,13:43:03,76.4800,114,1
2026-06-24,000333,13:43:06,76.4700,95,4
2026-06-24,000333,13:43:09,76.4700,88,2
2026-06-24,000333,13:43:12,76.4800,76,1
2026-06-24,000333,13:43:15,76.4700,39,2
2026-06-24,000333,13:43:18,76.4800,39,1
2026-06-24,000333,13:43:21,76.4700,12,2
2026-06-24,000333,13:43:24,76.4700,149,2
2026-06-24,000333,13:43:27,76.4700,18,2
2026-06-24,000333,13:43:30,76.4700,27,1
2026-06-24,000333,13:43:33,76.4700,46,1
2026-06-24,000333,13:43:36,76.4800,1,4
2026-06-24,000333,13:43:39,76.4700,24,2
2026-06-24,000333,13:43:42,76.4900,221,1
2026-06-24,000333,13:43:45,76.5000,62,1
2026-06-24,000333,13:43:48,76.5000,64,1
2026-06-24,000333,13:43:51,76.5100,114,1
2026-06-24,000333,13:43:54,76.5500,144,1
2026-06-24,000333,13:43:57,76.5400,69,2
2026-06-24,000333,13:44:00,76.5600,43,1
2026-06-24,000333,13:44:03,76.5300,5,1
2026-06-24,000333,13:44:06,76.5500,9,1
2026-06-24,000333,13:44:09,76.5300,35,1
2026-06-24,000333,13:44:12,76.5300,66,2
2026-06-24,000333,13:44:15,76.5300,90,2
2026-06-24,000333,13:44:18,76.5000,84,2
2026-06-24,000333,13:44:21,76.5200,72,1
2026-06-24,000333,13:44:24,76.5000,41,2
2026-06-24,000333,13:44:27,76.5000,50,2
2026-06-24,000333,13:44:30,76.5200,20,1
2026-06-24,000333,13:44:33,76.5100,22,1
2026-06-24,000333,13:44:36,76.5200,135,1
2026-06-24,000333,13:44:39,76.5200,122,2
2026-06-24,000333,13:44:42,76.5200,45,2
2026-06-24,000333,13:44:45,76.5300,43,1
2026-06-24,000333,13:44:48,76.6200,220,1
2026-06-24,000333,13:44:51,76.6200,29,1
2026-06-24,000333,13:44:54,76.6200,21,2
2026-06-24,000333,13:44:57,76.5600,134,2
2026-06-24,000333,13:45:00,76.5600,36,1
2026-06-24,000333,13:45:03,76.6200,13,1
2026-06-24,000333,13:45:06,76.6200,48,1
2026-06-24,000333,13:45:09,76.5400,67,2
2026-06-24,000333,13:45:12,76.6200,3,1
2026-06-24,000333,13:45:15,76.5700,78,2
2026-06-24,000333,13:45:18,76.5900,31,4
2026-06-24,000333,13:45:21,76.5900,35,2
2026-06-24,000333,13:45:24,76.5500,49,2
2026-06-24,000333,13:45:27,76.6000,6,1
2026-06-24,000333,13:45:30,76.5900,2,1
2026-06-24,000333,13:45:33,76.5500,57,2
2026-06-24,000333,13:45:36,76.6000,8,1
2026-06-24,000333,13:45:39,76.5900,118,1
2026-06-24,000333,13:45:42,76.5800,85,1
2026-06-24,000333,13:45:45,76.5900,6,4
2026-06-24,000333,13:45:48,76.6100,42,1
2026-06-24,000333,13:45:51,76.6000,124,4
2026-06-24,000333,13:45:54,76.6000,42,2
2026-06-24,000333,13:45:57,76.6000,67,1
2026-06-24,000333,13:46:00,76.6000,55,1
2026-06-24,000333,13:46:03,76.6000,22,2
2026-06-24,000333,13:46:06,76.6000,17,2
2026-06-24,000333,13:46:09,76.5900,12,2
2026-06-24,000333,13:46:12,76.6000,33,1
2026-06-24,000333,13:46:15,76.5800,19,2
2026-06-24,000333,13:46:18,76.6000,4,1
2026-06-24,000333,13:46:21,76.6000,8,1
2026-06-24,000333,13:46:24,76.5900,37,2
2026-06-24,000333,13:46:27,76.5900,344,1
2026-06-24,000333,13:46:30,76.6100,22,1
2026-06-24,000333,13:46:33,76.5900,11,2
2026-06-24,000333,13:46:36,76.6000,1,2
2026-06-24,000333,13:46:39,76.6000,31,1
2026-06-24,000333,13:46:42,76.6000,88,1
2026-06-24,000333,13:46:45,76.6000,65,2
2026-06-24,000333,13:46:48,76.6000,5,2
2026-06-24,000333,13:46:51,76.6000,17,2
2026-06-24,000333,13:46:54,76.6000,33,2
2026-06-24,000333,13:46:57,76.6000,70,1
2026-06-24,000333,13:47:00,76.6000,10,1
2026-06-24,000333,13:47:03,76.6000,10,2
2026-06-24,000333,13:47:06,76.6000,17,1
2026-06-24,000333,13:47:09,76.6000,46,2
2026-06-24,000333,13:47:12,76.5900,3,2
2026-06-24,000333,13:47:15,76.5900,36,2
2026-06-24,000333,13:47:18,76.6000,1,1
2026-06-24,000333,13:47:21,76.5900,28,2
2026-06-24,000333,13:47:24,76.5900,66,2
2026-06-24,000333,13:47:27,76.5900,90,1
2026-06-24,000333,13:47:30,76.5800,28,2
2026-06-24,000333,13:47:33,76.5800,14,2
2026-06-24,000333,13:47:36,76.5900,24,1
2026-06-24,000333,13:47:39,76.5800,37,2
2026-06-24,000333,13:47:42,76.5700,28,2
2026-06-24,000333,13:47:45,76.5800,24,1
2026-06-24,000333,13:47:48,76.5800,23,1
2026-06-24,000333,13:47:51,76.5800,10,1
2026-06-24,000333,13:47:54,76.5700,93,2
2026-06-24,000333,13:47:57,76.5600,61,2
2026-06-24,000333,13:48:00,76.5800,316,1
2026-06-24,000333,13:48:03,76.5200,131,2
2026-06-24,000333,13:48:06,76.5200,54,2
2026-06-24,000333,13:48:09,76.5100,229,2
2026-06-24,000333,13:48:12,76.5000,31,2
2026-06-24,000333,13:48:15,76.5000,6,2
2026-06-24,000333,13:48:18,76.5100,32,1
2026-06-24,000333,13:48:21,76.5000,71,2
2026-06-24,000333,13:48:24,76.5000,14,2
2026-06-24,000333,13:48:27,76.5000,37,2
2026-06-24,000333,13:48:30,76.5000,28,2
2026-06-24,000333,13:48:33,76.5100,9,4
2026-06-24,000333,13:48:36,76.5000,121,2
2026-06-24,000333,13:48:39,76.5200,125,1
2026-06-24,000333,13:48:42,76.5100,11,1
2026-06-24,000333,13:48:45,76.5100,131,1
2026-06-24,000333,13:48:48,76.5100,15,2
2026-06-24,000333,13:48:51,76.5100,7,2
2026-06-24,000333,13:48:54,76.5100,34,2
2026-06-24,000333,13:48:57,76.5100,38,2
2026-06-24,000333,13:49:00,76.5000,88,2
2026-06-24,000333,13:49:03,76.5200,38,1
2026-06-24,000333,13:49:06,76.5100,129,4
2026-06-24,000333,13:49:09,76.5100,435,1
2026-06-24,000333,13:49:12,76.4700,111,2
2026-06-24,000333,13:49:15,76.4700,127,2
2026-06-24,000333,13:49:18,76.5000,84,1
2026-06-24,000333,13:49:21,76.4700,23,2
2026-06-24,000333,13:49:24,76.5000,165,1
2026-06-24,000333,13:49:27,76.5000,27,2
2026-06-24,000333,13:49:30,76.5000,21,2
2026-06-24,000333,13:49:33,76.5000,39,2
2026-06-24,000333,13:49:36,76.5000,27,2
2026-06-24,000333,13:49:39,76.5100,5,1
2026-06-24,000333,13:49:42,76.5000,61,2
2026-06-24,000333,13:49:45,76.5000,51,2
2026-06-24,000333,13:49:48,76.5000,37,2
2026-06-24,000333,13:49:51,76.5000,8,2
2026-06-24,000333,13:49:54,76.5000,321,2
2026-06-24,000333,13:49:57,76.5100,14,2
2026-06-24,000333,13:50:00,76.5200,8,4
2026-06-24,000333,13:50:03,76.5100,15,2
2026-06-24,000333,13:50:06,76.5200,19,1
2026-06-24,000333,13:50:09,76.5100,39,2
2026-06-24,000333,13:50:12,76.5200,14,1
2026-06-24,000333,13:50:15,76.5200,20,1
2026-06-24,000333,13:50:18,76.5100,47,2
2026-06-24,000333,13:50:21,76.5100,38,2
2026-06-24,000333,13:50:24,76.5200,63,2
2026-06-24,000333,13:50:27,76.5100,50,2
2026-06-24,000333,13:50:30,76.5200,18,1
2026-06-24,000333,13:50:33,76.5100,9,2
2026-06-24,000333,13:50:36,76.5200,4,1
2026-06-24,000333,13:50:39,76.5200,14,1
2026-06-24,000333,13:50:42,76.5200,66,1
2026-06-24,000333,13:50:45,76.5100,25,2
2026-06-24,000333,13:50:48,76.5100,29,2
2026-06-24,000333,13:50:51,76.5100,36,2
2026-06-24,000333,13:50:54,76.5100,36,2
2026-06-24,000333,13:50:57,76.5000,12,2
2026-06-24,000333,13:51:00,76.5100,10,1
2026-06-24,000333,13:51:03,76.5100,29,1
2026-06-24,000333,13:51:06,76.5100,84,1
2026-06-24,000333,13:51:09,76.5000,75,2
2026-06-24,000333,13:51:12,76.5000,13,2
2026-06-24,000333,13:51:15,76.5100,7,1
2026-06-24,000333,13:51:18,76.5100,39,1
2026-06-24,000333,13:51:21,76.5000,16,2
2026-06-24,000333,13:51:24,76.5000,104,2
2026-06-24,000333,13:51:27,76.5000,27,2
2026-06-24,000333,13:51:30,76.5000,34,2
2026-06-24,000333,13:51:33,76.5000,3,2
2026-06-24,000333,13:51:36,76.5100,1,2
2026-06-24,000333,13:51:39,76.5200,27,1
2026-06-24,000333,13:51:45,76.5200,69,1
2026-06-24,000333,13:51:48,76.5200,30,1
2026-06-24,000333,13:51:51,76.5100,8,2
2026-06-24,000333,13:51:54,76.5200,29,1
2026-06-24,000333,13:51:57,76.5200,1,1
2026-06-24,000333,13:52:00,76.5100,14,2
2026-06-24,000333,13:52:03,76.5200,13,1
2026-06-24,000333,13:52:06,76.5100,35,2
2026-06-24,000333,13:52:09,76.5300,852,1
2026-06-24,000333,13:52:12,76.5400,46,1
2026-06-24,000333,13:52:15,76.5400,27,2
2026-06-24,000333,13:52:18,76.5600,12,1
2026-06-24,000333,13:52:21,76.5700,31,1
2026-06-24,000333,13:52:24,76.5700,75,1
2026-06-24,000333,13:52:27,76.5600,160,2
2026-06-24,000333,13:52:30,76.5600,48,1
2026-06-24,000333,13:52:33,76.5700,7,1
2026-06-24,000333,13:52:36,76.5900,30,1
2026-06-24,000333,13:52:39,76.5700,32,2
2026-06-24,000333,13:52:42,76.5700,15,2
2026-06-24,000333,13:52:45,76.5100,68,2
2026-06-24,000333,13:52:48,76.5000,302,2
2026-06-24,000333,13:52:51,76.5400,11,1
2026-06-24,000333,13:52:54,76.5100,40,2
2026-06-24,000333,13:52:57,76.5000,26,2
2026-06-24,000333,13:53:00,76.5000,12,2
2026-06-24,000333,13:53:03,76.5000,10,2
2026-06-24,000333,13:53:06,76.5100,3,4
2026-06-24,000333,13:53:09,76.5200,186,1
2026-06-24,000333,13:53:12,76.5000,67,2
2026-06-24,000333,13:53:15,76.5200,3,1
2026-06-24,000333,13:53:18,76.5200,15,2
2026-06-24,000333,13:53:21,76.5300,7,1
2026-06-24,000333,13:53:24,76.5300,4,1
2026-06-24,000333,13:53:27,76.5200,22,2
2026-06-24,000333,13:53:30,76.5300,2,1
2026-06-24,000333,13:53:33,76.5200,19,2
2026-06-24,000333,13:53:36,76.5200,131,2
2026-06-24,000333,13:53:39,76.5300,15,4
2026-06-24,000333,13:53:42,76.5300,20,4
2026-06-24,000333,13:53:45,76.5300,47,1
2026-06-24,000333,13:53:48,76.5300,7,1
2026-06-24,000333,13:53:51,76.5200,66,2
2026-06-24,000333,13:53:54,76.5400,32,1
2026-06-24,000333,13:53:57,76.5200,21,2
2026-06-24,000333,13:54:00,76.5200,11,2
2026-06-24,000333,13:54:03,76.5200,18,2
2026-06-24,000333,13:54:06,76.5200,34,2
2026-06-24,000333,13:54:09,76.5200,125,1
2026-06-24,000333,13:54:12,76.5100,44,2
2026-06-24,000333,13:54:15,76.5100,7,2
2026-06-24,000333,13:54:18,76.5100,27,2
2026-06-24,000333,13:54:21,76.5100,42,2
2026-06-24,000333,13:54:24,76.5100,13,2
2026-06-24,000333,13:54:27,76.5000,89,2
2026-06-24,000333,13:54:30,76.4900,151,2
2026-06-24,000333,13:54:33,76.4800,71,2
2026-06-24,000333,13:54:36,76.4800,91,2
2026-06-24,000333,13:54:39,76.5000,89,1
2026-06-24,000333,13:54:42,76.4800,10,2
2026-06-24,000333,13:54:45,76.4800,22,2
2026-06-24,000333,13:54:48,76.4900,4,1
2026-06-24,000333,13:54:51,76.4800,23,2
2026-06-24,000333,13:54:54,76.4900,10,1
2026-06-24,000333,13:54:57,76.4800,31,2
2026-06-24,000333,13:55:00,76.4900,237,1
2026-06-24,000333,13:55:03,76.4900,104,1
2026-06-24,000333,13:55:06,76.4900,52,1
2026-06-24,000333,13:55:09,76.4700,62,2
2026-06-24,000333,13:55:12,76.4700,149,1
2026-06-24,000333,13:55:15,76.4700,12,2
2026-06-24,000333,13:55:18,76.4900,96,1
2026-06-24,000333,13:55:21,76.5000,39,1
2026-06-24,000333,13:55:24,76.5500,246,1
2026-06-24,000333,13:55:27,76.5200,48,2
2026-06-24,000333,13:55:30,76.5300,12,2
2026-06-24,000333,13:55:33,76.5300,18,2
2026-06-24,000333,13:55:36,76.5400,16,2
2026-06-24,000333,13:55:39,76.5400,66,1
2026-06-24,000333,13:55:42,76.5300,17,2
2026-06-24,000333,13:55:45,76.5300,11,2
2026-06-24,000333,13:55:48,76.5300,16,1
2026-06-24,000333,13:55:51,76.5300,31,2
2026-06-24,000333,13:55:54,76.5300,20,2
2026-06-24,000333,13:55:57,76.5200,34,2
2026-06-24,000333,13:56:00,76.5200,17,2
2026-06-24,000333,13:56:03,76.5200,30,1
2026-06-24,000333,13:56:06,76.5300,30,1
2026-06-24,000333,13:56:09,76.5200,105,2
2026-06-24,000333,13:56:12,76.5200,4,1
2026-06-24,000333,13:56:15,76.5100,34,2
2026-06-24,000333,13:56:18,76.5200,36,1
2026-06-24,000333,13:56:21,76.5200,10,1
2026-06-24,000333,13:56:24,76.5200,44,1
2026-06-24,000333,13:56:27,76.5400,176,1
2026-06-24,000333,13:56:30,76.5400,20,1
2026-06-24,000333,13:56:33,76.5000,25,2
2026-06-24,000333,13:56:36,76.5100,10,2
2026-06-24,000333,13:56:39,76.5100,25,2
2026-06-24,000333,13:56:42,76.5100,66,1
2026-06-24,000333,13:56:45,76.5000,20,2
2026-06-24,000333,13:56:48,76.5000,30,2
2026-06-24,000333,13:56:51,76.5000,38,1
2026-06-24,000333,13:56:54,76.4900,69,2
2026-06-24,000333,13:56:57,76.5000,193,1
2026-06-24,000333,13:57:00,76.4800,25,2
2026-06-24,000333,13:57:03,76.4800,21,1
2026-06-24,000333,13:57:06,76.4800,18,1
2026-06-24,000333,13:57:09,76.4800,89,1
2026-06-24,000333,13:57:12,76.4600,25,2
2026-06-24,000333,13:57:15,76.4900,87,1
2026-06-24,000333,13:57:18,76.4600,12,2
2026-06-24,000333,13:57:21,76.4700,21,2
2026-06-24,000333,13:57:24,76.4700,73,2
2026-06-24,000333,13:57:30,76.4800,13,4
2026-06-24,000333,13:57:33,76.4800,19,1
2026-06-24,000333,13:57:36,76.4800,9,2
2026-06-24,000333,13:57:39,76.5300,349,1
2026-06-24,000333,13:57:42,76.5400,39,1
2026-06-24,000333,13:57:45,76.4900,39,2
2026-06-24,000333,13:57:48,76.5300,11,1
2026-06-24,000333,13:57:51,76.5300,35,2
2026-06-24,000333,13:57:54,76.5000,9,2
2026-06-24,000333,13:57:57,76.5000,8,2
2026-06-24,000333,13:58:00,76.5100,22,1
2026-06-24,000333,13:58:03,76.5000,46,2
2026-06-24,000333,13:58:06,76.5100,28,1
2026-06-24,000333,13:58:09,76.5000,111,2
2026-06-24,000333,13:58:12,76.4700,84,2
2026-06-24,000333,13:58:15,76.4800,57,1
2026-06-24,000333,13:58:18,76.4800,21,1
2026-06-24,000333,13:58:21,76.5000,35,1
2026-06-24,000333,13:58:24,76.4600,24,2
2026-06-24,000333,13:58:27,76.4600,8,2
2026-06-24,000333,13:58:30,76.4800,20,1
2026-06-24,000333,13:58:33,76.4700,1,2
2026-06-24,000333,13:58:36,76.4700,9,2
2026-06-24,000333,13:58:39,76.4600,135,2
2026-06-24,000333,13:58:42,76.4800,20,1
2026-06-24,000333,13:58:45,76.4700,7,2
2026-06-24,000333,13:58:48,76.4700,38,2
2026-06-24,000333,13:58:51,76.4600,15,2
2026-06-24,000333,13:58:54,76.4600,20,2
2026-06-24,000333,13:58:57,76.4700,125,1
2026-06-24,000333,13:59:00,76.4700,22,1
2026-06-24,000333,13:59:03,76.4600,13,2
2026-06-24,000333,13:59:06,76.4700,46,1
2026-06-24,000333,13:59:09,76.4500,73,2
2026-06-24,000333,13:59:12,76.4600,115,4
2026-06-24,000333,13:59:15,76.4700,69,4
2026-06-24,000333,13:59:18,76.4800,35,1
2026-06-24,000333,13:59:21,76.4800,28,4
2026-06-24,000333,13:59:24,76.4600,41,2
2026-06-24,000333,13:59:27,76.4700,31,1
2026-06-24,000333,13:59:30,76.4700,151,1
2026-06-24,000333,13:59:33,76.4700,5,1
2026-06-24,000333,13:59:36,76.4800,47,2
2026-06-24,000333,13:59:39,76.5200,303,1
2026-06-24,000333,13:59:42,76.4900,30,2
2026-06-24,000333,13:59:45,76.5200,4,2
2026-06-24,000333,13:59:48,76.5200,7,2
2026-06-24,000333,13:59:51,76.5200,26,2
2026-06-24,000333,13:59:54,76.5200,17,2
2026-06-24,000333,13:59:57,76.5300,25,1
2026-06-24,000333,14:00:00,76.5200,51,2
2026-06-24,000333,14:00:03,76.5200,68,2
2026-06-24,000333,14:00:06,76.5000,47,2
2026-06-24,000333,14:00:09,76.4800,97,2
2026-06-24,000333,14:00:12,76.4700,96,2
2026-06-24,000333,14:00:15,76.4800,14,4
2026-06-24,000333,14:00:18,76.4800,18,1
2026-06-24,000333,14:00:21,76.4700,3,2
2026-06-24,000333,14:00:24,76.4800,20,1
2026-06-24,000333,14:00:27,76.4800,11,1
2026-06-24,000333,14:00:30,76.4700,32,2
2026-06-24,000333,14:00:33,76.4700,3,2
2026-06-24,000333,14:00:36,76.4700,72,2
2026-06-24,000333,14:00:39,76.4700,139,2
2026-06-24,000333,14:00:42,76.4700,38,1
2026-06-24,000333,14:00:45,76.4700,18,1
2026-06-24,000333,14:00:48,76.5100,377,1
2026-06-24,000333,14:00:51,76.5200,42,1
2026-06-24,000333,14:00:54,76.5200,110,1
2026-06-24,000333,14:00:57,76.5000,130,2
2026-06-24,000333,14:01:00,76.4800,66,2
2026-06-24,000333,14:01:03,76.4800,33,2
2026-06-24,000333,14:01:06,76.4700,38,2
2026-06-24,000333,14:01:09,76.4500,99,2
2026-06-24,000333,14:01:12,76.4500,70,2
2026-06-24,000333,14:01:15,76.4700,21,1
2026-06-24,000333,14:01:18,76.4500,39,2
2026-06-24,000333,14:01:21,76.4500,18,2
2026-06-24,000333,14:01:24,76.4800,120,1
2026-06-24,000333,14:01:27,76.4600,26,2
2026-06-24,000333,14:01:30,76.4600,46,2
2026-06-24,000333,14:01:33,76.4600,49,2
2026-06-24,000333,14:01:36,76.4500,21,2
2026-06-24,000333,14:01:39,76.4700,188,1
2026-06-24,000333,14:01:42,76.4700,279,1
2026-06-24,000333,14:01:45,76.4900,17,1
2026-06-24,000333,14:01:48,76.4700,22,2
2026-06-24,000333,14:01:51,76.4800,26,4
2026-06-24,000333,14:01:54,76.4800,14,2
2026-06-24,000333,14:01:57,76.4800,35,2
2026-06-24,000333,14:02:00,76.4900,53,1
2026-06-24,000333,14:02:03,76.4900,44,1
2026-06-24,000333,14:02:06,76.4800,43,2
2026-06-24,000333,14:02:09,76.4800,69,2
2026-06-24,000333,14:02:12,76.4800,22,2
2026-06-24,000333,14:02:15,76.4700,71,2
2026-06-24,000333,14:02:18,76.4700,142,1
2026-06-24,000333,14:02:21,76.4700,24,1
2026-06-24,000333,14:02:24,76.4700,36,1
2026-06-24,000333,14:02:27,76.4700,28,1
2026-06-24,000333,14:02:30,76.4700,17,1
2026-06-24,000333,14:02:33,76.4700,16,1
2026-06-24,000333,14:02:36,76.4700,14,2
2026-06-24,000333,14:02:39,76.4800,78,1
2026-06-24,000333,14:02:42,76.5000,278,1
2026-06-24,000333,14:02:45,76.5100,85,1
2026-06-24,000333,14:02:48,76.5200,103,1
2026-06-24,000333,14:02:51,76.5000,17,2
2026-06-24,000333,14:02:54,76.5400,150,1
2026-06-24,000333,14:02:57,76.5500,20,1
2026-06-24,000333,14:03:00,76.5600,29,1
2026-06-24,000333,14:03:03,76.5600,65,1
2026-06-24,000333,14:03:06,76.5100,144,2
2026-06-24,000333,14:03:09,76.4800,115,2
2026-06-24,000333,14:03:12,76.4600,76,2
2026-06-24,000333,14:03:15,76.4700,22,2
2026-06-24,000333,14:03:18,76.4600,50,2
2026-06-24,000333,14:03:24,76.4700,136,2
2026-06-24,000333,14:03:27,76.4800,14,1
2026-06-24,000333,14:03:30,76.4700,80,2
2026-06-24,000333,14:03:33,76.4800,8,1
2026-06-24,000333,14:03:36,76.4900,86,1
2026-06-24,000333,14:03:39,76.4800,87,2
2026-06-24,000333,14:03:42,76.4900,97,1
2026-06-24,000333,14:03:45,76.4900,31,1
2026-06-24,000333,14:03:48,76.4900,57,1
2026-06-24,000333,14:03:51,76.4900,43,1
2026-06-24,000333,14:03:54,76.5000,17,1
2026-06-24,000333,14:03:57,76.5000,73,1
2026-06-24,000333,14:04:00,76.5000,68,1
2026-06-24,000333,14:04:03,76.4900,39,2
2026-06-24,000333,14:04:06,76.4800,57,2
2026-06-24,000333,14:04:09,76.4800,26,2
2026-06-24,000333,14:04:15,76.4900,12,2
2026-06-24,000333,14:04:18,76.5000,49,1
2026-06-24,000333,14:04:21,76.5000,46,1
2026-06-24,000333,14:04:24,76.4900,17,2
2026-06-24,000333,14:04:30,76.4900,39,2
2026-06-24,000333,14:04:33,76.4900,22,2
2026-06-24,000333,14:04:36,76.5100,256,1
2026-06-24,000333,14:04:39,76.4900,75,2
2026-06-24,000333,14:04:42,76.5000,9,4
2026-06-24,000333,14:04:45,76.5100,15,1
2026-06-24,000333,14:04:48,76.5000,25,2
2026-06-24,000333,14:04:51,76.5000,50,2
2026-06-24,000333,14:04:54,76.4900,52,2
2026-06-24,000333,14:04:57,76.5000,55,1
2026-06-24,000333,14:05:00,76.5000,38,1
2026-06-24,000333,14:05:03,76.5000,29,1
2026-06-24,000333,14:05:06,76.4900,28,2
2026-06-24,000333,14:05:09,76.5100,5,1
2026-06-24,000333,14:05:12,76.4900,14,2
2026-06-24,000333,14:05:15,76.5000,6,1
2026-06-24,000333,14:05:18,76.5100,40,1
2026-06-24,000333,14:05:21,76.5200,149,1
2026-06-24,000333,14:05:24,76.5100,61,2
2026-06-24,000333,14:05:27,76.5000,89,2
2026-06-24,000333,14:05:30,76.5200,7,1
2026-06-24,000333,14:05:33,76.5200,2,1
2026-06-24,000333,14:05:36,76.5100,69,2
2026-06-24,000333,14:05:39,76.5000,21,2
2026-06-24,000333,14:05:42,76.5100,23,4
2026-06-24,000333,14:05:45,76.5100,26,1
2026-06-24,000333,14:05:48,76.5100,23,1
2026-06-24,000333,14:05:51,76.5100,17,1
2026-06-24,000333,14:05:54,76.5000,419,2
2026-06-24,000333,14:05:57,76.5100,35,1
2026-06-24,000333,14:06:00,76.5100,30,1
2026-06-24,000333,14:06:03,76.5100,107,1
2026-06-24,000333,14:06:06,76.5100,13,1
2026-06-24,000333,14:06:09,76.5100,29,1
2026-06-24,000333,14:06:12,76.5400,272,1
2026-06-24,000333,14:06:15,76.5200,22,2
2026-06-24,000333,14:06:18,76.5300,91,1
2026-06-24,000333,14:06:21,76.5400,12,1
2026-06-24,000333,14:06:24,76.5000,37,2
2026-06-24,000333,14:06:27,76.5200,16,1
2026-06-24,000333,14:06:30,76.5300,21,1
2026-06-24,000333,14:06:33,76.5100,30,2
2026-06-24,000333,14:06:36,76.5100,25,2
2026-06-24,000333,14:06:39,76.5200,79,1
2026-06-24,000333,14:06:42,76.5200,20,1
2026-06-24,000333,14:06:45,76.5200,59,1
2026-06-24,000333,14:06:48,76.5200,35,1
2026-06-24,000333,14:06:51,76.5100,82,2
2026-06-24,000333,14:06:54,76.5100,49,2
2026-06-24,000333,14:06:57,76.4900,99,2
2026-06-24,000333,10:56:36,76.3800,4,2
2026-06-24,000333,10:56:39,76.3800,18,2
2026-06-24,000333,10:56:42,76.4100,9,1
2026-06-24,000333,10:56:45,76.3900,16,2
2026-06-24,000333,10:56:48,76.4600,183,1
2026-06-24,000333,10:56:51,76.4700,1,2
2026-06-24,000333,10:56:54,76.4600,9,2
2026-06-24,000333,10:56:57,76.4600,20,2
2026-06-24,000333,10:57:00,76.4600,10,2
2026-06-24,000333,10:57:03,76.4600,7,1
2026-06-24,000333,10:57:06,76.4600,11,1
2026-06-24,000333,10:57:09,76.4500,126,2
2026-06-24,000333,10:57:12,76.4700,27,1
2026-06-24,000333,10:57:15,76.4700,84,1
2026-06-24,000333,10:57:18,76.4800,20,2
2026-06-24,000333,10:57:21,76.4800,16,2
2026-06-24,000333,10:57:24,76.4800,49,2
2026-06-24,000333,10:57:27,76.4700,96,2
2026-06-24,000333,10:57:30,76.4800,43,2
2026-06-24,000333,10:57:33,76.5400,6,1
2026-06-24,000333,10:57:36,76.4900,15,2
2026-06-24,000333,10:57:39,76.5300,20,1
2026-06-24,000333,10:57:42,76.5300,9,1
2026-06-24,000333,10:57:45,76.5200,20,1
2026-06-24,000333,10:57:48,76.5300,46,1
2026-06-24,000333,10:57:51,76.5300,15,1
2026-06-24,000333,10:57:54,76.5300,13,4
2026-06-24,000333,10:57:57,76.5200,140,2
2026-06-24,000333,10:58:00,76.5200,17,1
2026-06-24,000333,10:58:03,76.5100,27,1
2026-06-24,000333,10:58:06,76.5100,13,1
2026-06-24,000333,10:58:09,76.4800,55,2
2026-06-24,000333,10:58:12,76.4800,62,1
2026-06-24,000333,10:58:15,76.5000,69,1
2026-06-24,000333,10:58:18,76.5000,21,2
2026-06-24,000333,10:58:21,76.5400,44,1
2026-06-24,000333,10:58:24,76.5200,8,2
2026-06-24,000333,10:58:27,76.5700,21,1
2026-06-24,000333,10:58:30,76.5700,16,1
2026-06-24,000333,10:58:33,76.5700,24,1
2026-06-24,000333,10:58:36,76.6000,17,1
2026-06-24,000333,10:58:39,76.6000,21,1
2026-06-24,000333,10:58:42,76.6100,11,2
2026-06-24,000333,10:58:45,76.6400,26,1
2026-06-24,000333,10:58:48,76.6400,18,1
2026-06-24,000333,10:58:51,76.6800,47,1
2026-06-24,000333,10:58:54,76.6400,15,2
2026-06-24,000333,10:58:57,76.6800,47,1
2026-06-24,000333,10:59:00,76.6700,105,2
2026-06-24,000333,10:59:03,76.6400,31,2
2026-06-24,000333,10:59:06,76.6600,340,1
2026-06-24,000333,10:59:09,76.6800,10,2
2026-06-24,000333,10:59:12,76.6800,12,2
2026-06-24,000333,10:59:15,76.6800,64,2
2026-06-24,000333,10:59:18,76.6600,45,2
2026-06-24,000333,10:59:21,76.6600,14,1
2026-06-24,000333,10:59:24,76.6500,56,1
2026-06-24,000333,10:59:27,76.6000,21,2
2026-06-24,000333,10:59:30,76.5700,127,2
2026-06-24,000333,10:59:33,76.5900,93,1
2026-06-24,000333,10:59:36,76.5600,18,2
2026-06-24,000333,10:59:39,76.5600,43,2
2026-06-24,000333,10:59:42,76.5600,56,2
2026-06-24,000333,10:59:45,76.5200,47,2
2026-06-24,000333,10:59:48,76.5700,16,1
2026-06-24,000333,10:59:51,76.5600,4,2
2026-06-24,000333,10:59:54,76.5100,24,2
2026-06-24,000333,10:59:57,76.5600,15,1
2026-06-24,000333,11:00:00,76.5500,96,1
2026-06-24,000333,11:00:03,76.5500,34,1
2026-06-24,000333,11:00:06,76.5100,3,2
2026-06-24,000333,11:00:09,76.5000,19,2
2026-06-24,000333,11:00:12,76.5100,72,1
2026-06-24,000333,11:00:15,76.5200,41,1
2026-06-24,000333,11:00:18,76.5200,29,1
2026-06-24,000333,11:00:21,76.5200,13,2
2026-06-24,000333,11:00:24,76.5400,56,1
2026-06-24,000333,11:00:27,76.5400,67,2
2026-06-24,000333,11:00:30,76.5500,181,2
2026-06-24,000333,11:00:33,76.6000,81,1
2026-06-24,000333,11:00:36,76.5700,39,2
2026-06-24,000333,11:00:39,76.6500,22,1
2026-06-24,000333,11:00:42,76.6100,46,1
2026-06-24,000333,11:00:45,76.6600,67,1
2026-06-24,000333,11:00:48,76.6700,53,1
2026-06-24,000333,11:00:51,76.6800,39,1
2026-06-24,000333,11:00:54,76.6600,17,2
2026-06-24,000333,11:00:57,76.6700,35,1
2026-06-24,000333,11:01:00,76.6600,75,2
2026-06-24,000333,11:01:03,76.6700,171,1
2026-06-24,000333,11:01:06,76.6700,144,1
2026-06-24,000333,11:01:09,76.6700,95,2
2026-06-24,000333,11:01:12,76.7200,50,1
2026-06-24,000333,11:01:15,76.6900,41,4
2026-06-24,000333,11:01:18,76.6900,25,2
2026-06-24,000333,11:01:21,76.6600,74,2
2026-06-24,000333,11:01:24,76.7100,21,1
2026-06-24,000333,11:01:27,76.6600,43,2
2026-06-24,000333,11:01:30,76.6500,28,2
2026-06-24,000333,11:01:33,76.6500,8,2
2026-06-24,000333,11:01:36,76.6600,11,4
2026-06-24,000333,11:01:39,76.6400,11,2
2026-06-24,000333,11:01:42,76.6900,101,1
2026-06-24,000333,11:01:45,76.6500,62,2
2026-06-24,000333,11:01:48,76.6600,10,4
2026-06-24,000333,11:01:51,76.6900,40,1
2026-06-24,000333,11:01:54,76.6900,18,2
2026-06-24,000333,11:01:57,76.6600,20,2
2026-06-24,000333,11:02:00,76.6500,66,2
2026-06-24,000333,11:02:03,76.6800,13,1
2026-06-24,000333,11:02:06,76.6400,23,2
2026-06-24,000333,11:02:09,76.6500,7,1
2026-06-24,000333,11:02:12,76.6500,1,1
2026-06-24,000333,11:02:15,76.6500,22,1
2026-06-24,000333,11:02:18,76.6200,40,2
2026-06-24,000333,11:02:21,76.6300,13,1
2026-06-24,000333,11:02:24,76.6300,43,1
2026-06-24,000333,11:02:27,76.6100,22,2
2026-06-24,000333,11:02:30,76.6100,11,2
2026-06-24,000333,11:02:33,76.6200,56,1
2026-06-24,000333,11:02:36,76.5600,77,2
2026-06-24,000333,11:02:39,76.5500,17,2
2026-06-24,000333,11:02:42,76.5200,17,2
2026-06-24,000333,11:02:45,76.5200,65,2
2026-06-24,000333,11:02:48,76.5500,98,1
2026-06-24,000333,11:02:51,76.5700,69,1
2026-06-24,000333,11:02:54,76.5600,17,2
2026-06-24,000333,11:02:57,76.5500,26,2
2026-06-24,000333,11:03:00,76.5800,232,1
2026-06-24,000333,11:03:03,76.5800,30,2
2026-06-24,000333,11:03:06,76.5700,202,2
2026-06-24,000333,11:03:09,76.5700,36,2
2026-06-24,000333,11:03:12,76.5500,67,2
2026-06-24,000333,11:03:15,76.5700,12,2
2026-06-24,000333,11:03:18,76.6100,2,1
2026-06-24,000333,11:03:21,76.6100,32,1
2026-06-24,000333,11:03:24,76.5800,21,2
2026-06-24,000333,11:03:27,76.5500,15,2
2026-06-24,000333,11:03:30,76.6000,128,1
2026-06-24,000333,11:03:33,76.6500,16,1
2026-06-24,000333,11:03:36,76.6600,18,1
2026-06-24,000333,11:03:39,76.6600,17,1
2026-06-24,000333,11:03:42,76.6700,28,1
2026-06-24,000333,11:03:45,76.6200,32,2
2026-06-24,000333,11:03:48,76.6100,38,2
2026-06-24,000333,11:03:51,76.6300,14,2
2026-06-24,000333,11:03:54,76.6600,37,1
2026-06-24,000333,11:03:57,76.6300,123,2
2026-06-24,000333,11:04:00,76.6700,109,1
2026-06-24,000333,11:04:03,76.6000,20,2
2026-06-24,000333,11:04:06,76.6000,16,2
2026-06-24,000333,11:04:09,76.6000,14,2
2026-06-24,000333,11:04:12,76.7200,466,1
2026-06-24,000333,11:04:15,76.7200,131,2
2026-06-24,000333,11:04:18,76.7200,71,2
2026-06-24,000333,11:04:21,76.7000,83,2
2026-06-24,000333,11:04:24,76.6400,18,2
2026-06-24,000333,11:04:27,76.6300,17,2
2026-06-24,000333,11:04:30,76.6800,55,1
2026-06-24,000333,11:04:33,76.7300,142,1
2026-06-24,000333,11:04:36,76.7100,27,2
2026-06-24,000333,11:04:39,76.7700,159,1
2026-06-24,000333,11:04:42,76.7200,58,2
2026-06-24,000333,11:04:45,76.7300,22,2
2026-06-24,000333,11:04:48,76.7400,17,2
2026-06-24,000333,11:04:51,76.7600,23,1
2026-06-24,000333,11:04:54,76.7600,134,2
2026-06-24,000333,11:04:57,76.7600,13,2
2026-06-24,000333,11:05:00,76.7800,16,1
2026-06-24,000333,11:05:03,76.7700,77,4
2026-06-24,000333,11:05:06,76.7600,49,2
2026-06-24,000333,11:05:09,76.7700,43,4
2026-06-24,000333,11:05:12,76.7600,46,2
2026-06-24,000333,11:05:15,76.7600,11,1
2026-06-24,000333,11:05:18,76.7400,52,2
2026-06-24,000333,11:05:21,76.7400,15,2
2026-06-24,000333,11:05:24,76.7300,49,2
2026-06-24,000333,11:05:27,76.7400,22,1
2026-06-24,000333,11:05:30,76.7400,23,2
2026-06-24,000333,11:05:33,76.7600,45,1
2026-06-24,000333,11:05:36,76.7500,8,2
2026-06-24,000333,11:05:39,76.7500,33,1
2026-06-24,000333,11:05:42,76.7500,10,2
2026-06-24,000333,11:05:45,76.7500,28,2
2026-06-24,000333,11:05:48,76.7200,58,2
2026-06-24,000333,11:05:51,76.7200,27,2
2026-06-24,000333,11:05:54,76.7400,8,1
2026-06-24,000333,11:05:57,76.7300,65,2
2026-06-24,000333,11:06:00,76.7500,87,1
2026-06-24,000333,11:06:03,76.6600,22,2
2026-06-24,000333,11:06:06,76.6700,7,2
2026-06-24,000333,11:06:09,76.6600,8,2
2026-06-24,000333,11:06:12,76.6600,5,2
2026-06-24,000333,11:06:15,76.6600,13,2
2026-06-24,000333,11:06:18,76.6700,14,4
2026-06-24,000333,11:06:21,76.6500,7,2
2026-06-24,000333,11:06:24,76.6500,13,1
2026-06-24,000333,11:06:27,76.6600,7,1
2026-06-24,000333,11:06:30,76.6300,26,2
2026-06-24,000333,11:06:33,76.6300,8,2
2026-06-24,000333,11:06:36,76.6500,1,1
2026-06-24,000333,11:06:39,76.6500,18,1
2026-06-24,000333,11:06:42,76.6300,5,2
2026-06-24,000333,11:06:45,76.6300,20,2
2026-06-24,000333,11:06:48,76.6100,11,2
2026-06-24,000333,11:06:51,76.6300,10,1
2026-06-24,000333,11:06:54,76.6100,12,2
2026-06-24,000333,11:06:57,76.6100,27,1
2026-06-24,000333,11:07:00,76.5800,115,2
2026-06-24,000333,11:07:03,76.5800,51,2
2026-06-24,000333,11:07:06,76.6000,66,1
2026-06-24,000333,11:07:09,76.6500,67,1
2026-06-24,000333,11:07:12,76.5900,43,2
2026-06-24,000333,11:07:15,76.5900,18,2
2026-06-24,000333,11:07:18,76.6000,10,2
2026-06-24,000333,11:07:21,76.6300,11,1
2026-06-24,000333,11:07:24,76.6000,17,2
2026-06-24,000333,11:07:27,76.6500,56,1
2026-06-24,000333,11:07:30,76.6000,17,2
2026-06-24,000333,11:07:33,76.6400,11,1
2026-06-24,000333,11:07:36,76.6400,6,1
2026-06-24,000333,11:07:39,76.6400,12,1
2026-06-24,000333,11:07:42,76.6400,25,1
2026-06-24,000333,11:07:45,76.6000,17,2
2026-06-24,000333,11:07:48,76.6000,16,2
2026-06-24,000333,11:07:51,76.6300,17,1
2026-06-24,000333,11:07:54,76.6000,8,2
2026-06-24,000333,11:07:57,76.5900,16,2
2026-06-24,000333,11:08:00,76.6300,58,1
2026-06-24,000333,11:08:03,76.5900,1,2
2026-06-24,000333,11:08:06,76.5900,16,2
2026-06-24,000333,11:08:09,76.6100,3,1
2026-06-24,000333,11:08:12,76.6000,10,1
2026-06-24,000333,11:08:15,76.6000,26,1
2026-06-24,000333,11:08:18,76.6000,49,1
2026-06-24,000333,11:08:21,76.5800,16,2
2026-06-24,000333,11:08:24,76.5900,73,1
2026-06-24,000333,11:08:27,76.5900,16,2
2026-06-24,000333,11:08:30,76.5900,81,1
2026-06-24,000333,11:08:33,76.5800,33,2
2026-06-24,000333,11:08:36,76.5800,9,2
2026-06-24,000333,11:08:39,76.5800,44,2
2026-06-24,000333,11:08:42,76.5800,23,1
2026-06-24,000333,11:08:45,76.5800,36,1
2026-06-24,000333,11:08:48,76.5500,18,2
2026-06-24,000333,11:08:51,76.5600,15,1
2026-06-24,000333,11:08:54,76.5400,15,2
2026-06-24,000333,11:08:57,76.5400,35,2
2026-06-24,000333,11:09:00,76.5000,124,2
2026-06-24,000333,11:09:03,76.6000,400,1
2026-06-24,000333,11:09:06,76.6200,54,1
2026-06-24,000333,11:09:09,76.5700,10,2
2026-06-24,000333,11:09:12,76.5700,2,2
2026-06-24,000333,11:09:15,76.5700,167,2
2026-06-24,000333,11:09:18,76.5500,42,2
2026-06-24,000333,11:09:21,76.5200,8,2
2026-06-24,000333,11:09:24,76.5100,22,2
2026-06-24,000333,11:09:27,76.5500,21,1
2026-06-24,000333,11:09:30,76.5100,56,2
2026-06-24,000333,11:09:33,76.5100,14,2
2026-06-24,000333,11:09:36,76.5000,26,2
2026-06-24,000333,11:09:39,76.5000,16,2
2026-06-24,000333,11:09:42,76.5000,8,2
2026-06-24,000333,11:09:45,76.5000,24,2
2026-06-24,000333,11:09:48,76.5000,30,2
2026-06-24,000333,11:09:51,76.4900,19,1
2026-06-24,000333,11:09:54,76.4500,8,2
2026-06-24,000333,11:09:57,76.4700,30,2
2026-06-24,000333,11:10:00,76.5000,88,1
2026-06-24,000333,11:10:03,76.4500,14,2
2026-06-24,000333,11:10:06,76.4500,34,2
2026-06-24,000333,11:10:09,76.4200,54,2
2026-06-24,000333,11:10:12,76.4500,29,2
2026-06-24,000333,11:10:15,76.4100,46,2
2026-06-24,000333,11:10:18,76.4600,32,1
2026-06-24,000333,11:10:21,76.4600,19,4
2026-06-24,000333,11:10:24,76.4700,63,1
2026-06-24,000333,11:10:27,76.4800,40,1
2026-06-24,000333,11:10:30,76.4700,78,2
2026-06-24,000333,11:10:33,76.4700,48,1
2026-06-24,000333,11:10:36,76.4800,107,1
2026-06-24,000333,11:10:39,76.5000,63,1
2026-06-24,000333,11:10:42,76.5100,10,1
2026-06-24,000333,11:10:45,76.5200,46,1
2026-06-24,000333,11:10:48,76.5600,5,1
2026-06-24,000333,11:10:51,76.5700,35,1
2026-06-24,000333,11:10:54,76.4700,41,2
2026-06-24,000333,11:10:57,76.5500,92,1
2026-06-24,000333,11:11:00,76.5600,93,1
2026-06-24,000333,11:11:03,76.5900,2,1
2026-06-24,000333,11:11:06,76.5700,5,2
2026-06-24,000333,11:11:09,76.5600,11,1
2026-06-24,000333,11:11:12,76.5000,62,2
2026-06-24,000333,11:11:15,76.5000,24,2
2026-06-24,000333,11:11:18,76.5500,9,1
2026-06-24,000333,11:11:21,76.5500,65,1
2026-06-24,000333,11:11:24,76.4900,35,2
2026-06-24,000333,11:11:27,76.5000,35,1
2026-06-24,000333,11:11:30,76.5000,18,2
2026-06-24,000333,11:11:33,76.5300,12,1
2026-06-24,000333,11:11:36,76.5100,5,2
2026-06-24,000333,11:11:39,76.5100,15,2
2026-06-24,000333,11:11:42,76.5300,10,1
2026-06-24,000333,11:11:45,76.5000,8,2
2026-06-24,000333,11:11:48,76.5100,75,1
2026-06-24,000333,11:11:51,76.5000,33,1
2026-06-24,000333,11:11:54,76.5000,35,1
2026-06-24,000333,11:11:57,76.5000,2,1
2026-06-24,000333,11:12:00,76.4900,23,1
2026-06-24,000333,11:12:03,76.5000,55,1
2026-06-24,000333,11:12:06,76.4600,28,2
2026-06-24,000333,11:12:12,76.5000,8,1
2026-06-24,000333,11:12:15,76.5400,136,1
2026-06-24,000333,11:12:18,76.5400,24,2
2026-06-24,000333,11:12:21,76.5400,12,2
2026-06-24,000333,11:12:24,76.5600,29,1
2026-06-24,000333,11:12:27,76.5500,358,4
2026-06-24,000333,11:12:30,76.5500,35,2
2026-06-24,000333,11:12:33,76.5500,9,2
2026-06-24,000333,11:12:36,76.5400,17,2
2026-06-24,000333,11:12:39,76.5600,41,1
2026-06-24,000333,11:12:42,76.5500,15,2
2026-06-24,000333,11:12:45,76.5400,16,2
2026-06-24,000333,11:12:48,76.4800,88,2
2026-06-24,000333,11:12:51,76.5400,190,2
2026-06-24,000333,11:12:54,76.6700,80,1
2026-06-24,000333,11:12:57,76.5400,15,2
2026-06-24,000333,11:13:00,76.6100,16,1
2026-06-24,000333,11:13:03,76.5300,22,2
2026-06-24,000333,11:13:06,76.5300,5,2
2026-06-24,000333,11:13:09,76.5300,10,2
2026-06-24,000333,11:13:12,76.5300,8,2
2026-06-24,000333,11:13:15,76.5300,16,2
2026-06-24,000333,11:13:18,76.5500,35,4
2026-06-24,000333,11:13:21,76.5100,17,2
2026-06-24,000333,11:13:24,76.5100,8,2
2026-06-24,000333,11:13:27,76.5100,9,2
2026-06-24,000333,11:13:30,76.5700,50,1
2026-06-24,000333,11:13:33,76.5100,22,2
2026-06-24,000333,11:13:36,76.5600,92,1
2026-06-24,000333,11:13:39,76.5600,5,1
2026-06-24,000333,11:13:45,76.5500,41,2
2026-06-24,000333,11:13:48,76.5100,66,2
2026-06-24,000333,11:13:51,76.5500,10,1
2026-06-24,000333,11:13:54,76.5500,22,2
2026-06-24,000333,11:13:57,76.5200,35,2
2026-06-24,000333,11:14:00,76.5200,24,2
2026-06-24,000333,11:14:03,76.6000,44,1
2026-06-24,000333,11:14:06,76.5200,9,2
2026-06-24,000333,11:14:09,76.5300,13,2
2026-06-24,000333,11:14:15,76.5400,13,2
2026-06-24,000333,11:14:18,76.5000,105,2
2026-06-24,000333,11:14:21,76.5700,80,1
2026-06-24,000333,11:14:24,76.5000,4,2
2026-06-24,000333,11:14:27,76.4900,41,2
2026-06-24,000333,11:14:30,76.4900,5,2
2026-06-24,000333,11:14:33,76.5000,39,2
2026-06-24,000333,11:14:36,76.5600,42,1
2026-06-24,000333,11:14:39,76.5000,49,2
2026-06-24,000333,11:14:42,76.5000,42,2
2026-06-24,000333,11:14:45,76.5000,21,2
2026-06-24,000333,11:14:48,76.5000,179,2
2026-06-24,000333,11:14:51,76.5400,86,1
2026-06-24,000333,11:14:54,76.4600,23,2
2026-06-24,000333,11:14:57,76.4900,28,2
2026-06-24,000333,11:15:00,76.5200,71,1
2026-06-24,000333,11:15:03,76.5100,29,2
2026-06-24,000333,11:15:06,76.5300,175,1
2026-06-24,000333,11:15:09,76.5000,99,2
2026-06-24,000333,11:15:12,76.5400,26,1
2026-06-24,000333,11:15:15,76.5100,21,2
2026-06-24,000333,11:15:18,76.4700,34,2
2026-06-24,000333,11:15:21,76.5000,25,1
2026-06-24,000333,11:15:24,76.5000,6,1
2026-06-24,000333,11:15:27,76.5100,62,1
2026-06-24,000333,11:15:30,76.5100,65,1
2026-06-24,000333,11:15:33,76.5500,116,1
2026-06-24,000333,11:15:36,76.5200,36,2
2026-06-24,000333,11:15:39,76.5100,24,2
2026-06-24,000333,11:15:42,76.5500,71,1
2026-06-24,000333,11:15:45,76.5100,32,2
2026-06-24,000333,11:15:48,76.5400,259,1
2026-06-24,000333,11:15:51,76.5400,59,1
2026-06-24,000333,11:15:54,76.5100,39,2
2026-06-24,000333,11:15:57,76.5000,14,2
2026-06-24,000333,11:16:00,76.5100,20,1
2026-06-24,000333,11:16:03,76.5000,41,2
2026-06-24,000333,11:16:06,76.4900,5,4
2026-06-24,000333,11:16:09,76.5000,69,1
2026-06-24,000333,11:16:12,76.5000,32,2
2026-06-24,000333,11:16:15,76.5100,41,1
2026-06-24,000333,11:16:18,76.5000,70,1
2026-06-24,000333,11:16:21,76.5000,91,1
2026-06-24,000333,11:16:24,76.5000,70,1
2026-06-24,000333,11:16:27,76.5000,76,1
2026-06-24,000333,11:16:30,76.4600,75,2
2026-06-24,000333,11:16:33,76.5200,42,1
2026-06-24,000333,11:16:36,76.5200,16,1
2026-06-24,000333,11:16:39,76.4900,16,4
2026-06-24,000333,11:16:42,76.5100,29,1
2026-06-24,000333,11:16:45,76.4800,31,2
2026-06-24,000333,11:16:48,76.4500,94,2
2026-06-24,000333,11:16:51,76.5000,78,2
2026-06-24,000333,11:16:54,76.4900,122,1
2026-06-24,000333,11:16:57,76.5400,56,1
2026-06-24,000333,11:17:00,76.5900,45,1
2026-06-24,000333,11:17:03,76.4700,26,2
2026-06-24,000333,11:17:06,76.5000,34,1
2026-06-24,000333,11:17:09,76.5000,29,2
2026-06-24,000333,11:17:12,76.5100,11,2
2026-06-24,000333,11:17:15,76.6200,29,1
2026-06-24,000333,11:17:18,76.5300,81,2
2026-06-24,000333,11:17:21,76.5300,8,2
2026-06-24,000333,11:17:24,76.5900,11,1
2026-06-24,000333,11:17:27,76.5400,24,2
2026-06-24,000333,11:17:30,76.6000,26,1
2026-06-24,000333,11:17:33,76.5500,23,2
2026-06-24,000333,11:17:36,76.5500,10,2
2026-06-24,000333,11:17:39,76.5500,5,2
2026-06-24,000333,11:17:42,76.5600,7,2
2026-06-24,000333,11:17:45,76.5500,21,2
2026-06-24,000333,11:17:48,76.5000,93,2
2026-06-24,000333,11:17:51,76.5000,30,2
2026-06-24,000333,11:17:54,76.5500,110,1
2026-06-24,000333,11:17:57,76.5900,106,1
2026-06-24,000333,11:18:00,76.5600,40,2
2026-06-24,000333,11:18:03,76.6200,30,1
2026-06-24,000333,11:18:06,76.5500,12,2
2026-06-24,000333,11:18:09,76.5800,8,2
2026-06-24,000333,11:18:12,76.5700,15,2
2026-06-24,000333,11:18:15,76.6100,34,1
2026-06-24,000333,11:18:18,76.5800,51,2
2026-06-24,000333,11:18:21,76.6000,15,1
