date,code,time,price,volume,bs
2026-04-24,600036,14:07:06,39.4600,27,1
2026-04-24,600036,14:07:09,39.4500,158,2
2026-04-24,600036,14:07:12,39.4500,65,2
2026-04-24,600036,14:07:15,39.4600,13,1
2026-04-24,600036,14:07:18,39.4500,24,2
2026-04-24,600036,14:07:21,39.4600,65,1
2026-04-24,600036,14:07:24,39.4500,67,2
2026-04-24,600036,14:07:27,39.4600,84,1
2026-04-24,600036,14:07:30,39.4600,27,1
2026-04-24,600036,14:07:33,39.4600,8,1
2026-04-24,600036,14:07:36,39.4500,112,2
2026-04-24,600036,14:07:39,39.4600,102,1
2026-04-24,600036,14:07:42,39.4500,1,2
2026-04-24,600036,14:07:45,39.4500,82,2
2026-04-24,600036,14:07:48,39.4600,3,1
2026-04-24,600036,14:07:51,39.4500,79,2
2026-04-24,600036,14:07:54,39.4600,3,1
2026-04-24,600036,14:07:57,39.4500,8,2
2026-04-24,600036,14:08:00,39.4600,49,1
2026-04-24,600036,14:08:03,39.4500,23,2
2026-04-24,600036,14:08:06,39.4500,6,2
2026-04-24,600036,14:08:09,39.4600,36,1
2026-04-24,600036,14:08:12,39.4600,45,1
2026-04-24,600036,14:08:15,39.4600,15,1
2026-04-24,600036,14:08:18,39.4500,67,2
2026-04-24,600036,14:08:21,39.4500,83,2
2026-04-24,600036,14:08:24,39.4500,70,2
2026-04-24,600036,14:08:27,39.4600,207,1
2026-04-24,600036,14:08:30,39.4600,332,1
2026-04-24,600036,14:08:33,39.4600,134,2
2026-04-24,600036,14:08:36,39.4700,24,1
2026-04-24,600036,14:08:39,39.4600,203,2
2026-04-24,600036,14:08:42,39.4500,184,2
2026-04-24,600036,14:08:45,39.4600,34,1
2026-04-24,600036,14:08:48,39.4600,69,1
2026-04-24,600036,14:08:51,39.4600,60,1
2026-04-24,600036,14:08:54,39.4600,53,1
2026-04-24,600036,14:08:57,39.4600,12,1
2026-04-24,600036,14:09:00,39.4600,21,1
2026-04-24,600036,14:09:03,39.4500,101,2
2026-04-24,600036,14:09:06,39.4500,241,2
2026-04-24,600036,14:09:09,39.4600,72,1
2026-04-24,600036,14:09:12,39.4500,72,2
2026-04-24,600036,14:09:15,39.4500,49,2
2026-04-24,600036,14:09:18,39.4500,181,2
2026-04-24,600036,14:09:21,39.4500,29,1
2026-04-24,600036,14:09:24,39.4500,20,1
2026-04-24,600036,14:09:27,39.4500,52,1
2026-04-24,600036,14:09:30,39.4400,74,2
2026-04-24,600036,14:09:33,39.4400,15,2
2026-04-24,600036,14:09:36,39.4400,26,2
2026-04-24,600036,14:09:39,39.4500,65,1
2026-04-24,600036,14:09:42,39.4400,101,2
2026-04-24,600036,14:09:45,39.4500,18,1
2026-04-24,600036,14:09:48,39.4400,150,2
2026-04-24,600036,14:09:51,39.4500,21,1
2026-04-24,600036,14:09:54,39.4500,13,1
2026-04-24,600036,14:09:57,39.4400,109,2
2026-04-24,600036,14:10:00,39.4400,98,2
2026-04-24,600036,14:10:03,39.4400,32,2
2026-04-24,600036,14:10:06,39.4500,32,1
2026-04-24,600036,14:10:09,39.4500,51,1
2026-04-24,600036,14:10:12,39.4600,691,1
2026-04-24,600036,14:10:15,39.4600,14,1
2026-04-24,600036,14:10:18,39.4600,98,1
2026-04-24,600036,14:10:21,39.4500,21,2
2026-04-24,600036,14:10:24,39.4500,2,2
2026-04-24,600036,14:10:27,39.4600,66,1
2026-04-24,600036,14:10:30,39.4500,214,2
2026-04-24,600036,14:10:33,39.4500,116,1
2026-04-24,600036,14:10:36,39.4500,50,4
2026-04-24,600036,14:10:39,39.4500,14,2
2026-04-24,600036,14:10:42,39.4500,22,2
2026-04-24,600036,14:10:45,39.4500,206,2
2026-04-24,600036,14:10:48,39.4600,52,1
2026-04-24,600036,14:10:51,39.4500,19,2
2026-04-24,600036,14:10:54,39.4500,129,2
2026-04-24,600036,14:10:57,39.4500,41,2
2026-04-24,600036,14:11:00,39.4500,484,2
2026-04-24,600036,14:11:03,39.4500,171,1
2026-04-24,600036,14:11:06,39.4500,57,1
2026-04-24,600036,14:11:09,39.4500,105,1
2026-04-24,600036,14:11:12,39.4400,81,2
2026-04-24,600036,14:11:15,39.4400,121,2
2026-04-24,600036,14:11:18,39.4500,21,1
2026-04-24,600036,14:11:21,39.4500,86,1
2026-04-24,600036,14:11:24,39.4500,466,1
2026-04-24,600036,14:11:27,39.4400,125,2
2026-04-24,600036,14:11:30,39.4500,98,1
2026-04-24,600036,14:11:33,39.4400,41,2
2026-04-24,600036,14:11:36,39.4500,57,1
2026-04-24,600036,14:11:39,39.4400,31,2
2026-04-24,600036,14:11:42,39.4400,159,2
2026-04-24,600036,14:11:45,39.4500,380,1
2026-04-24,600036,14:11:48,39.4500,15,1
2026-04-24,600036,14:11:51,39.4500,2,1
2026-04-24,600036,14:11:54,39.4400,4,2
2026-04-24,600036,14:11:57,39.4500,67,1
2026-04-24,600036,14:12:00,39.4400,47,2
2026-04-24,600036,14:12:03,39.4500,21,1
2026-04-24,600036,14:12:06,39.4500,232,1
2026-04-24,600036,14:12:09,39.4500,12,1
2026-04-24,600036,14:12:12,39.4500,159,1
2026-04-24,600036,14:12:15,39.4500,140,1
2026-04-24,600036,14:12:18,39.4400,87,2
2026-04-24,600036,14:12:21,39.4500,12,1
2026-04-24,600036,14:12:24,39.4400,66,2
2026-04-24,600036,14:12:27,39.4400,92,2
2026-04-24,600036,14:12:30,39.4400,561,2
2026-04-24,600036,14:12:33,39.4500,56,1
2026-04-24,600036,14:12:36,39.4400,213,2
2026-04-24,600036,14:12:39,39.4500,33,1
2026-04-24,600036,14:12:42,39.4500,129,1
2026-04-24,600036,14:12:45,39.4500,36,1
2026-04-24,600036,14:12:48,39.4500,30,1
2026-04-24,600036,14:12:51,39.4400,11,2
2026-04-24,600036,14:12:54,39.4400,21,2
2026-04-24,600036,14:12:57,39.4500,35,1
2026-04-24,600036,14:13:00,39.4400,3,2
2026-04-24,600036,14:13:03,39.4400,426,2
2026-04-24,600036,14:13:06,39.4400,170,2
2026-04-24,600036,14:13:09,39.4400,206,2
2026-04-24,600036,14:13:12,39.4400,280,2
2026-04-24,600036,14:13:15,39.4400,73,1
2026-04-24,600036,14:13:18,39.4300,1177,2
2026-04-24,600036,14:13:21,39.4300,116,2
2026-04-24,600036,14:13:24,39.4300,385,2
2026-04-24,600036,14:13:27,39.4400,65,1
2026-04-24,600036,14:13:30,39.4400,65,1
2026-04-24,600036,14:13:33,39.4400,73,1
2026-04-24,600036,14:13:36,39.4400,3,1
2026-04-24,600036,14:13:39,39.4400,280,1
2026-04-24,600036,14:13:42,39.4400,15,1
2026-04-24,600036,14:13:45,39.4300,471,2
2026-04-24,600036,14:13:48,39.4400,45,1
2026-04-24,600036,14:13:51,39.4300,139,2
2026-04-24,600036,14:13:54,39.4400,57,1
2026-04-24,600036,14:13:57,39.4300,28,2
2026-04-24,600036,14:14:00,39.4300,315,2
2026-04-24,600036,14:14:03,39.4300,179,2
2026-04-24,600036,14:14:06,39.4300,366,2
2026-04-24,600036,14:14:09,39.4300,83,1
2026-04-24,600036,14:14:12,39.4300,1236,1
2026-04-24,600036,14:14:15,39.4400,122,1
2026-04-24,600036,14:14:18,39.4400,31,1
2026-04-24,600036,14:14:21,39.4400,1758,1
2026-04-24,600036,14:14:24,39.4400,63,1
2026-04-24,600036,14:14:27,39.4300,124,2
2026-04-24,600036,14:14:30,39.4300,28,2
2026-04-24,600036,14:14:33,39.4300,92,2
2026-04-24,600036,14:14:36,39.4400,24,1
2026-04-24,600036,14:14:39,39.4400,48,1
2026-04-24,600036,14:14:42,39.4400,96,1
2026-04-24,600036,14:14:45,39.4400,2,1
2026-04-24,600036,14:14:48,39.4400,184,1
2026-04-24,600036,14:14:51,39.4400,12,1
2026-04-24,600036,14:14:54,39.4400,175,1
2026-04-24,600036,14:14:57,39.4400,10,1
2026-04-24,600036,14:15:00,39.4400,130,1
2026-04-24,600036,14:15:03,39.4300,446,2
2026-04-24,600036,14:15:06,39.4300,7,2
2026-04-24,600036,14:15:09,39.4200,339,2
2026-04-24,600036,14:15:12,39.4200,809,2
2026-04-24,600036,14:15:15,39.4200,737,2
2026-04-24,600036,14:15:18,39.4200,143,2
2026-04-24,600036,14:15:21,39.4300,81,1
2026-04-24,600036,14:15:24,39.4200,13,2
2026-04-24,600036,14:15:27,39.4300,28,1
2026-04-24,600036,14:15:30,39.4300,15,1
2026-04-24,600036,14:15:33,39.4200,83,2
2026-04-24,600036,14:15:36,39.4300,12,1
2026-04-24,600036,14:15:39,39.4200,984,2
2026-04-24,600036,14:15:42,39.4200,70,2
2026-04-24,600036,14:15:45,39.4200,170,2
2026-04-24,600036,14:15:48,39.4200,86,2
2026-04-24,600036,14:15:51,39.4300,30,1
2026-04-24,600036,14:15:54,39.4200,466,2
2026-04-24,600036,14:15:57,39.4300,162,1
2026-04-24,600036,14:16:00,39.4200,368,2
2026-04-24,600036,14:16:03,39.4300,163,1
2026-04-24,600036,14:16:06,39.4200,352,2
2026-04-24,600036,14:16:09,39.4200,251,2
2026-04-24,600036,14:16:12,39.4200,304,2
2026-04-24,600036,14:16:15,39.4200,219,1
2026-04-24,600036,14:16:18,39.4200,42,1
2026-04-24,600036,14:16:21,39.4200,52,1
2026-04-24,600036,14:16:24,39.4200,114,1
2026-04-24,600036,14:16:27,39.4200,83,1
2026-04-24,600036,14:16:30,39.4100,322,2
2026-04-24,600036,14:16:33,39.4100,5810,2
2026-04-24,600036,14:16:36,39.4100,198,2
2026-04-24,600036,14:16:39,39.4200,516,1
2026-04-24,600036,14:16:42,39.4200,60,1
2026-04-24,600036,14:16:45,39.4200,153,1
2026-04-24,600036,14:16:48,39.4200,33,1
2026-04-24,600036,14:16:51,39.4100,18,2
2026-04-24,600036,14:16:54,39.4200,51,1
2026-04-24,600036,14:16:57,39.4100,371,2
2026-04-24,600036,14:17:00,39.4200,17,1
2026-04-24,600036,14:17:03,39.4100,93,2
2026-04-24,600036,14:17:06,39.4200,62,1
2026-04-24,600036,14:17:09,39.4200,844,1
2026-04-24,600036,14:17:12,39.4000,573,2
2026-04-24,600036,14:17:15,39.4100,114,1
2026-04-24,600036,14:17:18,39.4100,137,2
2026-04-24,600036,14:17:21,39.4200,86,1
2026-04-24,600036,14:17:24,39.4100,169,2
2026-04-24,600036,14:17:27,39.4200,692,1
2026-04-24,600036,14:17:30,39.4100,22,2
2026-04-24,600036,14:17:33,39.4100,66,2
2026-04-24,600036,14:17:36,39.4100,222,2
2026-04-24,600036,14:17:39,39.4200,11,1
2026-04-24,600036,14:17:42,39.4100,159,2
2026-04-24,600036,14:17:45,39.4100,9,2
2026-04-24,600036,14:17:48,39.4100,194,2
2026-04-24,600036,14:17:51,39.4100,49,2
2026-04-24,600036,14:17:54,39.4100,114,2
2026-04-24,600036,14:17:57,39.4100,281,2
2026-04-24,600036,14:18:00,39.4100,7,2
2026-04-24,600036,14:18:03,39.4100,32,2
2026-04-24,600036,14:18:06,39.4100,253,2
2026-04-24,600036,14:18:09,39.4100,108,1
2026-04-24,600036,14:18:12,39.4200,111,1
2026-04-24,600036,14:18:15,39.4100,50,2
2026-04-24,600036,14:18:18,39.4100,5,2
2026-04-24,600036,14:18:21,39.4100,229,2
2026-04-24,600036,14:18:24,39.4100,99,2
2026-04-24,600036,14:18:27,39.4100,68,1
2026-04-24,600036,14:18:30,39.4200,52,1
2026-04-24,600036,14:18:33,39.4100,12,2
2026-04-24,600036,14:18:36,39.4200,56,1
2026-04-24,600036,14:18:39,39.4100,149,2
2026-04-24,600036,14:18:42,39.4100,21,2
2026-04-24,600036,14:18:45,39.4200,3,1
2026-04-24,600036,14:18:48,39.4100,26,2
2026-04-24,600036,14:18:51,39.4100,56,2
2026-04-24,600036,14:18:54,39.4200,131,1
2026-04-24,600036,14:18:57,39.4100,75,2
2026-04-24,600036,14:19:00,39.4100,60,2
2026-04-24,600036,14:19:03,39.4100,2,2
2026-04-24,600036,14:19:06,39.4100,204,2
2026-04-24,600036,14:19:09,39.4100,218,2
2026-04-24,600036,14:19:12,39.4100,6,2
2026-04-24,600036,14:19:15,39.4200,16,1
2026-04-24,600036,14:19:18,39.4200,3,1
2026-04-24,600036,14:19:21,39.4100,246,2
2026-04-24,600036,14:19:24,39.4100,41,2
2026-04-24,600036,14:19:27,39.4100,12,2
2026-04-24,600036,14:19:30,39.4100,3,2
2026-04-24,600036,14:19:33,39.4100,30,2
2026-04-24,600036,14:19:36,39.4100,176,2
2026-04-24,600036,14:19:39,39.4200,75,1
2026-04-24,600036,14:19:42,39.4100,95,2
2026-04-24,600036,14:19:45,39.4100,39,2
2026-04-24,600036,14:19:48,39.4100,135,2
2026-04-24,600036,14:19:51,39.4200,30,1
2026-04-24,600036,14:19:54,39.4100,154,2
2026-04-24,600036,14:19:57,39.4100,86,1
2026-04-24,600036,14:20:00,39.4100,48,1
2026-04-24,600036,14:20:03,39.4100,87,1
2026-04-24,600036,14:20:06,39.4000,166,2
2026-04-24,600036,14:20:09,39.4100,79,1
2026-04-24,600036,14:20:12,39.4000,31,2
2026-04-24,600036,14:20:15,39.4100,100,1
2026-04-24,600036,14:20:18,39.4100,167,2
2026-04-24,600036,14:20:21,39.4100,67,1
2026-04-24,600036,14:20:24,39.4000,52,2
2026-04-24,600036,14:20:27,39.4000,68,2
2026-04-24,600036,14:20:30,39.4100,237,1
2026-04-24,600036,14:20:33,39.4100,264,2
2026-04-24,600036,14:20:36,39.4100,176,2
2026-04-24,600036,14:20:39,39.4100,37,2
2026-04-24,600036,14:20:42,39.4200,34,1
2026-04-24,600036,14:20:45,39.4100,221,2
2026-04-24,600036,14:20:48,39.4100,168,2
2026-04-24,600036,14:20:51,39.4100,60,2
2026-04-24,600036,14:20:54,39.4200,23,1
2026-04-24,600036,14:20:57,39.4200,19,1
2026-04-24,600036,14:21:00,39.4200,7,1
2026-04-24,600036,14:21:03,39.4100,198,2
2026-04-24,600036,14:21:06,39.4100,294,2
2026-04-24,600036,14:21:09,39.4100,136,2
2026-04-24,600036,14:21:12,39.4100,29,2
2026-04-24,600036,14:21:15,39.4200,150,1
2026-04-24,600036,14:21:18,39.4100,80,2
2026-04-24,600036,14:21:21,39.4100,32,2
2026-04-24,600036,14:21:24,39.4200,3,1
2026-04-24,600036,14:21:27,39.4200,198,1
2026-04-24,600036,14:21:30,39.4200,81,1
2026-04-24,600036,14:21:33,39.4100,144,2
2026-04-24,600036,14:21:36,39.4100,64,2
2026-04-24,600036,14:21:39,39.4100,232,2
2026-04-24,600036,14:21:42,39.4100,31,2
2026-04-24,600036,14:21:45,39.4100,162,2
2026-04-24,600036,14:21:48,39.4200,69,1
2026-04-24,600036,14:21:51,39.4100,308,2
2026-04-24,600036,14:21:54,39.4100,5,2
2026-04-24,600036,14:21:57,39.4100,58,2
2026-04-24,600036,14:22:00,39.4100,16,2
2026-04-24,600036,14:22:03,39.4100,251,2
2026-04-24,600036,14:22:06,39.4200,99,1
2026-04-24,600036,14:22:09,39.4100,15,2
2026-04-24,600036,14:22:12,39.4100,155,2
2026-04-24,600036,14:22:15,39.4100,172,2
2026-04-24,600036,14:22:18,39.4200,17,1
2026-04-24,600036,14:22:21,39.4200,46,1
2026-04-24,600036,14:22:24,39.4200,11,1
2026-04-24,600036,14:22:27,39.4100,66,2
2026-04-24,600036,14:22:30,39.4200,83,1
2026-04-24,600036,14:22:33,39.4100,276,2
2026-04-24,600036,14:22:36,39.4200,19,1
2026-04-24,600036,14:22:39,39.4200,4,1
2026-04-24,600036,14:22:42,39.4100,104,2
2026-04-24,600036,14:22:45,39.4200,129,1
2026-04-24,600036,14:22:48,39.4100,11,2
2026-04-24,600036,14:22:51,39.4100,119,2
2026-04-24,600036,14:22:54,39.4100,102,2
2026-04-24,600036,14:22:57,39.4200,37,1
2026-04-24,600036,14:23:00,39.4100,94,2
2026-04-24,600036,14:23:03,39.4200,410,1
2026-04-24,600036,14:23:06,39.4000,6372,2
2026-04-24,600036,14:23:09,39.4000,42,2
2026-04-24,600036,14:23:12,39.4100,722,1
2026-04-24,600036,14:23:15,39.4000,154,2
2026-04-24,600036,14:23:18,39.4100,98,1
2026-04-24,600036,14:23:21,39.4100,19,1
2026-04-24,600036,14:23:24,39.4100,21,1
2026-04-24,600036,14:23:27,39.4000,429,2
2026-04-24,600036,14:23:30,39.4000,276,2
2026-04-24,600036,14:23:33,39.4000,4653,2
2026-04-24,600036,14:23:36,39.4000,2160,2
2026-04-24,600036,14:23:39,39.4000,221,1
2026-04-24,600036,14:23:42,39.3900,408,2
2026-04-24,600036,14:23:45,39.4000,215,1
2026-04-24,600036,14:23:48,39.3900,1126,2
2026-04-24,600036,14:23:51,39.4000,342,1
2026-04-24,600036,14:23:54,39.3900,55,2
2026-04-24,600036,14:23:57,39.3900,446,2
2026-04-24,600036,14:24:00,39.3900,427,2
2026-04-24,600036,14:24:03,39.4000,439,1
2026-04-24,600036,14:24:06,39.3900,1170,2
2026-04-24,600036,14:24:09,39.3800,4039,2
2026-04-24,600036,14:24:12,39.3800,82,1
2026-04-24,600036,14:24:15,39.3700,282,2
2026-04-24,600036,14:24:18,39.3700,652,2
2026-04-24,600036,14:24:21,39.3700,79,4
2026-04-24,600036,14:24:24,39.3600,90,2
2026-04-24,600036,14:24:27,39.3700,128,1
2026-04-24,600036,14:24:30,39.3700,87,2
2026-04-24,600036,14:24:33,39.3700,138,2
2026-04-24,600036,14:24:36,39.3700,94,2
2026-04-24,600036,14:24:39,39.3800,98,1
2026-04-24,600036,14:24:42,39.3700,282,2
2026-04-24,600036,14:24:45,39.3700,68,2
2026-04-24,600036,14:24:48,39.3800,53,1
2026-04-24,600036,14:24:51,39.3700,63,2
2026-04-24,600036,14:24:54,39.3700,466,2
2026-04-24,600036,14:24:57,39.3700,30,2
2026-04-24,600036,14:25:00,39.3800,52,1
2026-04-24,600036,14:25:03,39.3800,28,1
2026-04-24,600036,14:25:06,39.3800,347,1
2026-04-24,600036,14:25:09,39.3800,55,1
2026-04-24,600036,14:25:12,39.3800,667,1
2026-04-24,600036,14:25:15,39.3800,22,1
2026-04-24,600036,14:25:18,39.3800,111,1
2026-04-24,600036,14:25:21,39.3800,195,1
2026-04-24,600036,14:25:24,39.3800,38,1
2026-04-24,600036,14:25:27,39.3700,46,2
2026-04-24,600036,14:25:30,39.3700,1194,2
2026-04-24,600036,14:25:33,39.3600,92,2
2026-04-24,600036,14:25:36,39.3600,243,2
2026-04-24,600036,14:25:39,39.3700,92,1
2026-04-24,600036,14:25:42,39.3700,968,1
2026-04-24,600036,14:25:45,39.3800,176,1
2026-04-24,600036,14:25:48,39.3800,61,4
2026-04-24,600036,14:25:51,39.3800,36,1
2026-04-24,600036,14:25:54,39.3900,43,1
2026-04-24,600036,14:25:57,39.3800,105,2
2026-04-24,600036,14:26:00,39.3900,6,1
2026-04-24,600036,14:26:03,39.3900,74,1
2026-04-24,600036,14:26:06,39.3900,33,1
2026-04-24,600036,14:26:09,39.3900,109,1
2026-04-24,600036,14:26:12,39.3900,32,1
2026-04-24,600036,14:26:15,39.3900,23,1
2026-04-24,600036,14:26:18,39.3900,288,1
2026-04-24,600036,14:26:21,39.3900,51,1
2026-04-24,600036,14:26:24,39.3900,407,1
2026-04-24,600036,14:26:27,39.3900,16,2
2026-04-24,600036,14:26:30,39.4000,108,1
2026-04-24,600036,14:26:33,39.3900,81,2
2026-04-24,600036,14:26:36,39.4000,13,1
2026-04-24,600036,14:26:39,39.4000,42,1
2026-04-24,600036,14:26:42,39.3900,18,2
2026-04-24,600036,14:26:45,39.4000,24,1
2026-04-24,600036,14:26:48,39.4000,27,1
2026-04-24,600036,14:26:51,39.4000,39,1
2026-04-24,600036,14:26:54,39.3900,93,2
2026-04-24,600036,14:26:57,39.3900,166,2
2026-04-24,600036,14:27:00,39.4000,109,1
2026-04-24,600036,14:27:03,39.4000,4,1
2026-04-24,600036,14:27:06,39.4000,46,1
2026-04-24,600036,14:27:09,39.3900,210,2
2026-04-24,600036,14:27:12,39.3800,94,2
2026-04-24,600036,14:27:15,39.3900,37,1
2026-04-24,600036,14:27:18,39.3900,21,1
2026-04-24,600036,14:27:21,39.3800,214,2
2026-04-24,600036,14:27:24,39.3900,138,1
2026-04-24,600036,14:27:27,39.3800,140,2
2026-04-24,600036,14:27:30,39.3900,11,1
2026-04-24,600036,14:27:33,39.3900,161,1
2026-04-24,600036,14:27:36,39.3900,22,1
2026-04-24,600036,14:27:39,39.3900,21,1
2026-04-24,600036,14:27:42,39.4100,847,1
2026-04-24,600036,14:27:45,39.4100,337,2
2026-04-24,600036,14:27:48,39.4100,51,2
2026-04-24,600036,14:27:51,39.4100,56,2
2026-04-24,600036,14:27:54,39.4100,33,2
2026-04-24,600036,14:27:57,39.4100,17,1
2026-04-24,600036,14:28:00,39.4000,27,2
2026-04-24,600036,14:28:03,39.4100,94,1
2026-04-24,600036,14:28:06,39.4000,22,2
2026-04-24,600036,14:28:09,39.4000,81,2
2026-04-24,600036,14:28:12,39.4100,16,1
2026-04-24,600036,14:28:15,39.4100,8,1
2026-04-24,600036,14:28:18,39.4100,17,1
2026-04-24,600036,14:28:21,39.4100,57,1
2026-04-24,600036,14:28:24,39.3900,449,2
2026-04-24,600036,14:28:27,39.4000,35,1
2026-04-24,600036,14:28:30,39.4000,4,1
2026-04-24,600036,14:28:33,39.4000,56,1
2026-04-24,600036,14:28:36,39.3900,234,2
2026-04-24,600036,14:28:39,39.4000,21,1
2026-04-24,600036,14:28:42,39.4000,3,1
2026-04-24,600036,14:28:45,39.4000,66,1
2026-04-24,600036,14:28:48,39.4000,144,1
2026-04-24,600036,14:28:51,39.4000,164,1
2026-04-24,600036,14:28:54,39.3900,428,2
2026-04-24,600036,14:28:57,39.3900,206,2
2026-04-24,600036,14:29:00,39.3900,23,2
2026-04-24,600036,14:29:03,39.4000,133,1
2026-04-24,600036,14:29:06,39.3900,30,2
2026-04-24,600036,14:29:09,39.4000,21,1
2026-04-24,600036,14:29:12,39.4000,64,1
2026-04-24,600036,14:29:15,39.3900,88,4
2026-04-24,600036,14:29:18,39.3900,20,2
2026-04-24,600036,14:29:21,39.4000,59,1
2026-04-24,600036,14:29:24,39.4000,1,1
2026-04-24,600036,14:29:27,39.3900,16,2
2026-04-24,600036,14:29:30,39.3900,80,2
2026-04-24,600036,14:29:33,39.4000,35,1
2026-04-24,600036,14:29:36,39.4000,25,1
2026-04-24,600036,14:29:39,39.3900,28,2
2026-04-24,600036,14:29:42,39.3900,29,2
2026-04-24,600036,14:29:45,39.3900,28,2
2026-04-24,600036,14:29:48,39.3900,193,2
2026-04-24,600036,14:29:51,39.3900,68,1
2026-04-24,600036,14:29:54,39.3900,18,1
2026-04-24,600036,14:29:57,39.3800,41,2
2026-04-24,600036,14:30:00,39.3900,54,1
2026-04-24,600036,14:30:03,39.3900,33,1
2026-04-24,600036,14:30:06,39.3900,33,1
2026-04-24,600036,14:30:09,39.3800,208,2
2026-04-24,600036,14:30:12,39.3800,9,2
2026-04-24,600036,14:30:15,39.3800,16,2
2026-04-24,600036,14:30:18,39.3900,36,1
2026-04-24,600036,14:30:21,39.3800,32,2
2026-04-24,600036,14:30:24,39.3900,3,1
2026-04-24,600036,14:30:27,39.3900,43,1
2026-04-24,600036,14:30:30,39.3900,48,1
2026-04-24,600036,14:30:33,39.3900,8,1
2026-04-24,600036,14:30:36,39.3900,63,1
2026-04-24,600036,14:30:39,39.3900,22,1
2026-04-24,600036,14:30:42,39.3800,2645,2
2026-04-24,600036,14:30:45,39.3800,599,1
2026-04-24,600036,14:30:48,39.3900,18,1
2026-04-24,600036,14:30:51,39.3800,100,2
2026-04-24,600036,14:30:54,39.3900,450,1
2026-04-24,600036,14:30:57,39.3800,21,2
2026-04-24,600036,14:31:00,39.3900,16,1
2026-04-24,600036,14:31:03,39.3900,105,1
2026-04-24,600036,14:31:06,39.3900,31,1
2026-04-24,600036,14:31:09,39.3900,19,1
2026-04-24,600036,14:31:12,39.3900,34,1
2026-04-24,600036,14:31:15,39.3800,542,2
2026-04-24,600036,14:31:18,39.3900,194,1
2026-04-24,600036,14:31:21,39.3900,1,1
2026-04-24,600036,14:31:24,39.3800,12,2
2026-04-24,600036,14:31:27,39.3900,1,1
2026-04-24,600036,14:31:30,39.3900,34,1
2026-04-24,600036,14:31:33,39.3900,49,1
2026-04-24,600036,14:31:36,39.3800,76,2
2026-04-24,600036,14:31:39,39.3900,16,1
2026-04-24,600036,14:31:42,39.3900,19,1
2026-04-24,600036,14:31:45,39.3900,82,1
2026-04-24,600036,14:31:48,39.3900,14,1
2026-04-24,600036,14:31:51,39.3800,25,2
2026-04-24,600036,14:31:54,39.3900,33,1
2026-04-24,600036,14:31:57,39.3900,33,1
2026-04-24,600036,14:32:00,39.3900,155,1
2026-04-24,600036,14:32:03,39.3900,31,1
2026-04-24,600036,14:32:06,39.3900,30,1
2026-04-24,600036,14:32:09,39.3800,82,2
2026-04-24,600036,14:32:12,39.3900,17,1
2026-04-24,600036,14:32:15,39.4000,4,1
2026-04-24,600036,14:32:18,39.3900,6,2
2026-04-24,600036,14:32:21,39.4000,12,1
2026-04-24,600036,14:32:24,39.3900,158,2
2026-04-24,600036,14:32:27,39.4000,132,1
2026-04-24,600036,14:32:30,39.3800,7,2
2026-04-24,600036,14:32:33,39.3900,24,4
2026-04-24,600036,14:32:36,39.3900,12,2
2026-04-24,600036,14:32:39,39.3900,66,2
2026-04-24,600036,14:32:42,39.4000,145,1
2026-04-24,600036,14:32:45,39.3900,10,2
2026-04-24,600036,14:32:48,39.3900,57,2
2026-04-24,600036,14:32:51,39.3900,28,2
2026-04-24,600036,14:32:54,39.3900,34,2
2026-04-24,600036,14:32:57,39.3900,80,2
2026-04-24,600036,14:33:00,39.3900,108,2
2026-04-24,600036,14:33:03,39.3900,97,2
2026-04-24,600036,14:33:06,39.4000,174,1
2026-04-24,600036,14:33:09,39.4000,95,1
2026-04-24,600036,14:33:12,39.3900,34,2
2026-04-24,600036,14:33:15,39.4000,346,1
2026-04-24,600036,14:33:18,39.4000,35,1
2026-04-24,600036,14:33:21,39.4000,6,1
2026-04-24,600036,14:33:24,39.3900,13,2
2026-04-24,600036,14:33:27,39.4000,11,1
2026-04-24,600036,14:33:30,39.3900,43,2
2026-04-24,600036,14:33:33,39.3900,19,2
2026-04-24,600036,14:33:36,39.4000,1,1
2026-04-24,600036,14:33:39,39.4000,44,1
2026-04-24,600036,14:33:42,39.3900,9,2
2026-04-24,600036,14:33:45,39.4000,5,1
2026-04-24,600036,14:33:48,39.4000,2,1
2026-04-24,600036,14:33:51,39.4000,31,1
2026-04-24,600036,14:33:54,39.4000,19,1
2026-04-24,600036,14:33:57,39.4000,5,1
2026-04-24,600036,14:34:00,39.4000,59,1
2026-04-24,600036,14:34:03,39.4000,56,1
2026-04-24,600036,14:34:06,39.4000,75,1
2026-04-24,600036,14:34:09,39.3900,119,2
2026-04-24,600036,14:34:12,39.3900,33,2
2026-04-24,600036,14:34:15,39.4000,16,1
2026-04-24,600036,14:34:18,39.4000,14,1
2026-04-24,600036,14:34:21,39.3900,59,2
2026-04-24,600036,14:34:24,39.4000,8,1
2026-04-24,600036,14:34:27,39.4000,127,1
2026-04-24,600036,14:34:30,39.4000,216,1
2026-04-24,600036,14:34:33,39.4000,37,1
2026-04-24,600036,14:34:36,39.3900,14,2
2026-04-24,600036,14:34:39,39.4000,12,1
2026-04-24,600036,14:34:42,39.4000,25,1
2026-04-24,600036,14:34:45,39.3900,992,2
2026-04-24,600036,14:34:48,39.3900,47,1
2026-04-24,600036,14:34:51,39.3900,58,1
2026-04-24,600036,14:34:54,39.3900,373,1
2026-04-24,600036,14:34:57,39.3900,243,1
2026-04-24,600036,14:35:00,39.3900,22,1
2026-04-24,600036,14:35:03,39.3900,173,1
2026-04-24,600036,14:35:06,39.3800,405,2
2026-04-24,600036,14:35:09,39.3800,312,2
2026-04-24,600036,14:35:12,39.3800,21,2
2026-04-24,600036,14:35:15,39.3800,74,2
2026-04-24,600036,14:35:18,39.3800,63,2
2026-04-24,600036,14:35:21,39.3800,134,2
2026-04-24,600036,14:35:24,39.3900,144,1
2026-04-24,600036,14:35:27,39.3800,111,2
2026-04-24,600036,14:35:30,39.3800,330,2
2026-04-24,600036,14:35:33,39.3800,269,2
2026-04-24,600036,14:35:36,39.3800,186,2
2026-04-24,600036,14:35:39,39.3800,134,2
2026-04-24,600036,14:35:42,39.3800,43,2
2026-04-24,600036,14:35:45,39.3800,676,2
2026-04-24,600036,14:35:48,39.3800,83,1
2026-04-24,600036,14:35:51,39.3800,97,1
2026-04-24,600036,14:35:54,39.3700,105,2
2026-04-24,600036,14:35:57,39.3700,102,2
2026-04-24,600036,14:36:00,39.3700,99,2
2026-04-24,600036,14:36:03,39.3800,79,1
2026-04-24,600036,14:36:06,39.3800,110,1
2026-04-24,600036,14:36:09,39.3700,58,2
2026-04-24,600036,14:36:12,39.3700,24,2
2026-04-24,600036,14:36:15,39.3800,30,1
2026-04-24,600036,14:36:18,39.3700,116,2
2026-04-24,600036,14:36:21,39.3800,89,1
2026-04-24,600036,14:36:24,39.3800,123,1
2026-04-24,600036,14:36:27,39.3800,56,1
2026-04-24,600036,14:36:30,39.3800,14,1
2026-04-24,600036,14:36:33,39.3800,128,1
2026-04-24,600036,14:36:36,39.3800,250,1
2026-04-24,600036,14:36:39,39.3800,85,1
2026-04-24,600036,14:36:42,39.3800,247,1
2026-04-24,600036,14:36:45,39.3800,33,2
2026-04-24,600036,14:36:48,39.3800,456,2
2026-04-24,600036,14:36:51,39.3900,131,1
2026-04-24,600036,14:36:54,39.3900,29,1
2026-04-24,600036,14:36:57,39.3800,30,2
2026-04-24,600036,14:37:00,39.3900,6,1
2026-04-24,600036,14:37:03,39.3900,108,1
2026-04-24,600036,14:37:06,39.3900,2,1
2026-04-24,600036,14:37:09,39.3900,102,1
2026-04-24,600036,14:37:12,39.3900,54,1
2026-04-24,600036,14:37:15,39.3800,152,2
2026-04-24,600036,14:37:18,39.3900,41,1
2026-04-24,600036,14:37:21,39.3900,61,1
2026-04-24,600036,14:37:24,39.3900,525,1
2026-04-24,600036,14:37:27,39.3800,99,2
2026-04-24,600036,14:37:30,39.3900,167,1
2026-04-24,600036,14:37:33,39.3900,4,1
2026-04-24,600036,14:37:36,39.3900,59,1
2026-04-24,600036,14:37:39,39.3900,128,1
2026-04-24,600036,14:37:42,39.3900,241,1
2026-04-24,600036,14:37:45,39.3900,25,1
2026-04-24,600036,14:37:48,39.3800,31,2
2026-04-24,600036,14:37:51,39.3800,63,2
2026-04-24,600036,14:37:54,39.3900,245,1
2026-04-24,600036,14:37:57,39.3900,28,1
2026-04-24,600036,14:38:00,39.3900,21,1
2026-04-24,600036,14:38:03,39.3800,1498,2
2026-04-24,600036,14:38:06,39.3800,71,1
2026-04-24,600036,14:38:09,39.3700,107,2
2026-04-24,600036,14:38:12,39.3800,67,1
2026-04-24,600036,14:38:15,39.3800,77,1
2026-04-24,600036,14:38:18,39.3800,36,1
2026-04-24,600036,14:38:21,39.3800,92,1
2026-04-24,600036,14:38:24,39.3800,73,1
2026-04-24,600036,14:38:27,39.3800,29,1
2026-04-24,600036,14:38:30,39.3800,317,1
2026-04-24,600036,14:38:33,39.3800,31,1
2026-04-24,600036,14:38:36,39.3800,42,1
2026-04-24,600036,14:38:39,39.3800,58,1
2026-04-24,600036,14:38:42,39.3800,247,1
2026-04-24,600036,14:38:45,39.3800,26,1
2026-04-24,600036,14:38:48,39.3800,9,1
2026-04-24,600036,14:38:51,39.3800,77,1
2026-04-24,600036,14:38:54,39.3700,90,2
2026-04-24,600036,14:38:57,39.3800,175,1
2026-04-24,600036,14:39:00,39.3800,346,1
2026-04-24,600036,14:39:03,39.3800,196,2
2026-04-24,600036,14:39:06,39.3700,403,2
2026-04-24,600036,14:39:09,39.3800,64,4
2026-04-24,600036,14:39:12,39.3700,83,2
2026-04-24,600036,14:39:15,39.3700,318,2
2026-04-24,600036,14:39:18,39.3700,167,2
2026-04-24,600036,14:39:21,39.3700,87,2
2026-04-24,600036,14:39:24,39.3700,66,2
2026-04-24,600036,14:39:27,39.3700,75,2
2026-04-24,600036,14:39:30,39.3700,85,2
2026-04-24,600036,14:39:33,39.3700,124,2
2026-04-24,600036,14:39:36,39.3700,36,2
2026-04-24,600036,14:39:39,39.3700,55,2
2026-04-24,600036,14:39:42,39.3800,16,1
2026-04-24,600036,14:39:45,39.3700,43,2
2026-04-24,600036,14:39:48,39.3800,84,1
2026-04-24,600036,14:39:51,39.3800,47,1
2026-04-24,600036,14:39:54,39.3800,476,1
2026-04-24,600036,14:39:57,39.3800,403,1
2026-04-24,600036,14:40:00,39.3800,165,2
2026-04-24,600036,14:40:03,39.3900,130,1
2026-04-24,600036,14:40:06,39.3900,329,1
2026-04-24,600036,14:40:09,39.3900,68,2
2026-04-24,600036,14:40:12,39.3900,49,2
2026-04-24,600036,14:40:15,39.4000,47,1
2026-04-24,600036,14:40:18,39.3900,187,2
2026-04-24,600036,14:40:21,39.3900,97,2
2026-04-24,600036,14:40:24,39.3900,30,2
2026-04-24,600036,14:40:27,39.3900,64,2
2026-04-24,600036,14:40:30,39.3900,27,2
2026-04-24,600036,14:40:33,39.3900,28,1
2026-04-24,600036,14:40:36,39.3900,67,1
2026-04-24,600036,14:40:39,39.3900,71,2
2026-04-24,600036,14:40:42,39.3900,22,2
2026-04-24,600036,14:40:45,39.4000,134,1
2026-04-24,600036,14:40:48,39.4000,240,1
2026-04-24,600036,14:40:51,39.3900,504,2
2026-04-24,600036,14:40:54,39.3900,81,2
2026-04-24,600036,14:40:57,39.4000,50,1
2026-04-24,600036,14:41:00,39.4000,38,1
2026-04-24,600036,14:41:03,39.4000,118,1
2026-04-24,600036,14:41:06,39.4000,4,1
2026-04-24,600036,14:41:09,39.3900,88,2
2026-04-24,600036,14:41:12,39.3700,1039,2
2026-04-24,600036,14:41:15,39.3700,672,2
2026-04-24,600036,14:41:18,39.3800,295,1
2026-04-24,600036,14:41:21,39.3700,106,2
2026-04-24,600036,14:41:24,39.3700,96,2
2026-04-24,600036,14:41:27,39.3700,685,2
2026-04-24,600036,14:41:30,39.3700,449,1
2026-04-24,600036,14:41:33,39.3800,78,1
2026-04-24,600036,14:41:36,39.3800,506,1
2026-04-24,600036,14:41:39,39.3800,575,1
2026-04-24,600036,14:41:42,39.3700,279,2
2026-04-24,600036,14:41:45,39.3700,74,2
2026-04-24,600036,14:41:48,39.3700,42,2
2026-04-24,600036,14:41:51,39.3700,12,2
2026-04-24,600036,14:41:54,39.3700,693,2
2026-04-24,600036,14:41:57,39.3800,23,1
2026-04-24,600036,14:42:00,39.3700,60,2
2026-04-24,600036,14:42:03,39.3800,30,1
2026-04-24,600036,14:42:06,39.3800,83,1
2026-04-24,600036,14:42:09,39.3700,16,2
2026-04-24,600036,14:42:12,39.3800,69,1
2026-04-24,600036,14:42:15,39.3800,10,1
2026-04-24,600036,14:42:18,39.3800,49,1
2026-04-24,600036,14:42:21,39.3700,15,2
2026-04-24,600036,14:42:24,39.3700,574,2
2026-04-24,600036,14:42:27,39.3800,118,1
2026-04-24,600036,14:42:30,39.3800,60,1
2026-04-24,600036,14:42:33,39.3800,1714,1
2026-04-24,600036,14:42:36,39.3800,56,1
2026-04-24,600036,14:42:39,39.3900,2,1
2026-04-24,600036,14:42:42,39.3900,35,1
2026-04-24,600036,14:42:45,39.3900,2,1
2026-04-24,600036,14:42:48,39.3900,26,1
2026-04-24,600036,14:42:51,39.3900,169,1
2026-04-24,600036,14:42:54,39.3800,25,2
2026-04-24,600036,14:42:57,39.3900,26,1
2026-04-24,600036,14:43:00,39.3900,4,1
2026-04-24,600036,14:43:03,39.3900,80,1
2026-04-24,600036,14:43:06,39.3900,32,1
2026-04-24,600036,14:43:09,39.3900,11,1
2026-04-24,600036,14:43:12,39.3800,26,2
2026-04-24,600036,14:43:15,39.3900,228,1
2026-04-24,600036,14:43:18,39.3800,62,2
2026-04-24,600036,14:43:21,39.3800,133,2
2026-04-24,600036,14:43:24,39.3800,115,2
2026-04-24,600036,14:43:27,39.3900,26,1
2026-04-24,600036,14:43:30,39.3900,15,1
2026-04-24,600036,14:43:33,39.3900,76,1
2026-04-24,600036,14:43:36,39.3900,688,1
2026-04-24,600036,14:43:39,39.3900,44,2
2026-04-24,600036,14:43:42,39.3900,120,2
2026-04-24,600036,14:43:45,39.3800,56,2
2026-04-24,600036,14:43:48,39.3800,43,2
2026-04-24,600036,14:43:51,39.3900,41,1
2026-04-24,600036,14:43:54,39.3900,38,1
2026-04-24,600036,14:43:57,39.3800,405,2
2026-04-24,600036,14:44:00,39.3800,97,1
2026-04-24,600036,14:44:03,39.3800,154,1
2026-04-24,600036,14:44:06,39.3700,12,2
2026-04-24,600036,14:44:09,39.3700,116,2
2026-04-24,600036,14:44:12,39.3700,90,2
2026-04-24,600036,14:44:15,39.3700,77,2
2026-04-24,600036,14:44:18,39.3700,213,2
2026-04-24,600036,14:44:21,39.3800,72,1
2026-04-24,600036,14:44:24,39.3800,232,1
2026-04-24,600036,14:44:27,39.3800,49,1
2026-04-24,600036,14:44:30,39.3700,9,2
2026-04-24,600036,14:44:33,39.3700,125,2
2026-04-24,600036,14:44:36,39.3700,554,2
2026-04-24,600036,14:44:39,39.3700,78,2
2026-04-24,600036,14:44:42,39.3800,76,1
2026-04-24,600036,14:44:45,39.3800,42,1
2026-04-24,600036,14:44:48,39.3800,70,1
2026-04-24,600036,14:44:51,39.3700,57,2
2026-04-24,600036,14:44:54,39.3800,182,2
2026-04-24,600036,14:44:57,39.3700,65,2
2026-04-24,600036,14:45:00,39.3800,34,1
2026-04-24,600036,14:45:03,39.3800,115,1
2026-04-24,600036,14:45:06,39.3800,32,1
2026-04-24,600036,14:45:09,39.3800,81,1
2026-04-24,600036,14:45:12,39.3700,265,2
2026-04-24,600036,14:45:15,39.3800,46,4
2026-04-24,600036,14:45:18,39.3800,108,2
2026-04-24,600036,14:45:21,39.3800,1902,1
2026-04-24,600036,14:45:24,39.3700,327,2
2026-04-24,600036,14:45:27,39.3700,195,2
2026-04-24,600036,14:45:30,39.3700,44,2
2026-04-24,600036,14:45:33,39.3700,93,2
2026-04-24,600036,14:45:36,39.3700,136,2
2026-04-24,600036,14:45:39,39.3800,20,1
2026-04-24,600036,14:45:42,39.3700,92,2
2026-04-24,600036,14:45:45,39.3700,38,2
2026-04-24,600036,14:45:48,39.3800,91,1
2026-04-24,600036,14:45:51,39.3700,521,2
2026-04-24,600036,14:45:54,39.3700,330,1
2026-04-24,600036,14:45:57,39.3700,163,1
2026-04-24,600036,14:46:00,39.3700,119,2
2026-04-24,600036,14:46:03,39.3700,182,2
2026-04-24,600036,14:46:06,39.3700,39,2
2026-04-24,600036,14:46:09,39.3700,85,2
2026-04-24,600036,14:46:12,39.3700,91,2
2026-04-24,600036,14:46:15,39.3800,331,1
2026-04-24,600036,14:46:18,39.3800,227,1
2026-04-24,600036,14:46:21,39.3700,36,2
2026-04-24,600036,14:46:24,39.3800,17,1
2026-04-24,600036,14:46:27,39.3800,183,1
2026-04-24,600036,14:46:30,39.3700,18,2
2026-04-24,600036,14:46:33,39.3800,20,1
2026-04-24,600036,14:46:36,39.3800,54,1
2026-04-24,600036,14:46:39,39.3800,26,1
2026-04-24,600036,14:46:42,39.3700,67,2
2026-04-24,600036,14:46:45,39.3700,55,2
2026-04-24,600036,14:46:48,39.3800,79,1
2026-04-24,600036,14:46:51,39.3900,636,1
2026-04-24,600036,14:46:54,39.3900,59,1
2026-04-24,600036,14:46:57,39.3800,156,2
2026-04-24,600036,14:47:00,39.3800,180,1
2026-04-24,600036,14:47:03,39.3900,95,1
2026-04-24,600036,14:47:06,39.3800,16,4
2026-04-24,600036,14:47:09,39.3800,64,2
2026-04-24,600036,14:47:12,39.3800,98,1
2026-04-24,600036,14:47:15,39.3800,642,1
2026-04-24,600036,14:47:18,39.3800,66,1
2026-04-24,600036,14:47:21,39.3700,42,2
2026-04-24,600036,14:47:24,39.3700,248,2
2026-04-24,600036,14:47:27,39.3700,68,2
2026-04-24,600036,14:47:30,39.3800,8,1
2026-04-24,600036,14:47:33,39.3700,57,2
2026-04-24,600036,14:47:36,39.3800,72,1
2026-04-24,600036,14:47:39,39.3800,61,1
2026-04-24,600036,14:47:42,39.3700,40,2
2026-04-24,600036,14:47:45,39.3800,133,1
2026-04-24,600036,14:47:48,39.3700,79,2
2026-04-24,600036,14:47:51,39.3800,71,1
2026-04-24,600036,14:47:54,39.3800,44,1
2026-04-24,600036,14:47:57,39.3800,117,1
2026-04-24,600036,14:48:00,39.3800,110,1
2026-04-24,600036,14:48:03,39.3700,80,2
2026-04-24,600036,14:48:06,39.3800,90,1
2026-04-24,600036,14:48:09,39.3700,68,2
2026-04-24,600036,14:48:12,39.3800,131,1
2026-04-24,600036,14:48:15,39.3800,131,1
2026-04-24,600036,14:48:18,39.3700,59,2
2026-04-24,600036,14:48:21,39.3800,24,1
2026-04-24,600036,14:48:24,39.3800,55,1
2026-04-24,600036,14:48:27,39.3800,250,1
2026-04-24,600036,14:48:30,39.3800,38,1
2026-04-24,600036,14:48:33,39.3800,40,1
2026-04-24,600036,14:48:36,39.3800,77,1
2026-04-24,600036,14:48:39,39.3700,51,2
2026-04-24,600036,14:48:42,39.3800,169,1
2026-04-24,600036,14:48:45,39.3800,75,1
2026-04-24,600036,14:48:48,39.3800,38,1
2026-04-24,600036,14:48:51,39.3700,32,2
2026-04-24,600036,14:48:54,39.3700,92,2
2026-04-24,600036,14:48:57,39.3800,48,1
2026-04-24,600036,14:49:00,39.3700,69,2
2026-04-24,600036,14:49:03,39.3800,162,1
2026-04-24,600036,14:49:06,39.3800,716,1
2026-04-24,600036,14:49:09,39.3700,89,2
2026-04-24,600036,14:49:12,39.3800,65,1
2026-04-24,600036,14:49:15,39.3800,98,1
2026-04-24,600036,14:49:18,39.3800,44,1
2026-04-24,600036,14:49:21,39.3800,1032,1
2026-04-24,600036,14:49:24,39.3800,252,1
2026-04-24,600036,14:49:27,39.3700,26,2
2026-04-24,600036,14:49:30,39.3800,17,1
2026-04-24,600036,14:49:33,39.3800,88,1
2026-04-24,600036,14:49:36,39.3800,13,1
2026-04-24,600036,14:49:39,39.3700,45,2
2026-04-24,600036,14:49:42,39.3700,136,2
2026-04-24,600036,14:49:45,39.3700,48,2
2026-04-24,600036,14:49:48,39.3800,84,1
2026-04-24,600036,14:49:51,39.3800,52,1
2026-04-24,600036,14:49:54,39.3700,56,2
2026-04-24,600036,14:49:57,39.3800,141,1
2026-04-24,600036,14:50:00,39.3800,240,1
2026-04-24,600036,14:50:03,39.3800,509,1
2026-04-24,600036,14:50:06,39.3900,253,1
2026-04-24,600036,14:50:09,39.3800,108,2
2026-04-24,600036,14:50:12,39.3800,101,2
2026-04-24,600036,14:50:15,39.3900,426,1
2026-04-24,600036,14:50:18,39.3700,173,2
2026-04-24,600036,14:50:21,39.3800,103,1
2026-04-24,600036,14:50:24,39.3800,169,2
2026-04-24,600036,14:50:27,39.3800,357,2
2026-04-24,600036,14:50:30,39.3800,320,1
2026-04-24,600036,14:50:33,39.3900,65,1
2026-04-24,600036,14:50:36,39.3800,47,2
2026-04-24,600036,14:50:39,39.3800,256,2
2026-04-24,600036,14:50:42,39.3800,18,2
2026-04-24,600036,14:50:45,39.3800,160,2
2026-04-24,600036,14:50:48,39.3800,68,2
2026-04-24,600036,14:50:51,39.3900,23,1
2026-04-24,600036,14:50:54,39.3800,22,2
2026-04-24,600036,14:50:57,39.3800,43,2
2026-04-24,600036,14:51:00,39.3800,292,2
2026-04-24,600036,14:51:03,39.3800,241,2
2026-04-24,600036,14:51:06,39.3800,167,2
2026-04-24,600036,14:51:09,39.3900,75,1
2026-04-24,600036,14:51:12,39.3900,92,1
2026-04-24,600036,14:51:15,39.3800,80,2
2026-04-24,600036,14:51:18,39.3800,243,2
2026-04-24,600036,14:51:21,39.3800,124,2
2026-04-24,600036,14:51:24,39.3800,122,2
2026-04-24,600036,14:51:27,39.3900,25,1
2026-04-24,600036,14:51:30,39.3800,1349,2
2026-04-24,600036,14:51:33,39.3800,192,1
2026-04-24,600036,14:51:36,39.3800,219,1
2026-04-24,600036,14:51:39,39.3800,115,1
2026-04-24,600036,14:51:42,39.3800,231,1
2026-04-24,600036,14:51:45,39.3800,102,1
2026-04-24,600036,14:51:48,39.3700,126,2
2026-04-24,600036,14:51:51,39.3700,230,2
2026-04-24,600036,14:51:54,39.3800,180,1
2026-04-24,600036,14:51:57,39.3700,158,2
2026-04-24,600036,14:52:00,39.3900,455,1
2026-04-24,600036,14:52:03,39.3800,1129,2
2026-04-24,600036,14:52:06,39.3800,162,1
2026-04-24,600036,14:52:09,39.3800,474,1
2026-04-24,600036,14:52:12,39.3800,21,1
2026-04-24,600036,14:52:15,39.3800,45,1
2026-04-24,600036,14:52:18,39.3800,60,1
2026-04-24,600036,14:52:21,39.3800,114,1
2026-04-24,600036,14:52:24,39.3800,42,1
2026-04-24,600036,14:52:27,39.3800,52,1
2026-04-24,600036,14:52:30,39.3800,138,1
2026-04-24,600036,14:52:33,39.3800,38,1
2026-04-24,600036,14:52:36,39.3800,80,1
2026-04-24,600036,14:52:39,39.3800,64,1
2026-04-24,600036,14:52:42,39.3800,197,1
2026-04-24,600036,14:52:45,39.3800,134,1
2026-04-24,600036,14:52:48,39.3800,103,2
2026-04-24,600036,14:52:51,39.3800,116,2
2026-04-24,600036,14:52:54,39.3800,35,2
2026-04-24,600036,14:52:57,39.3900,106,1
2026-04-24,600036,14:53:00,39.3800,83,2
2026-04-24,600036,14:53:03,39.3800,1182,2
2026-04-24,600036,14:53:06,39.3800,250,1
2026-04-24,600036,14:53:09,39.3800,319,2
2026-04-24,600036,14:53:12,39.3800,274,2
2026-04-24,600036,14:53:15,39.3700,43,2
2026-04-24,600036,14:53:18,39.3800,37,1
2026-04-24,600036,14:53:21,39.3800,8,1
2026-04-24,600036,14:53:24,39.3700,155,2
2026-04-24,600036,14:53:27,39.3700,29,2
2026-04-24,600036,14:53:30,39.3800,74,1
2026-04-24,600036,14:53:33,39.3800,48,1
2026-04-24,600036,14:53:36,39.3800,100,1
2026-04-24,600036,14:53:39,39.3800,96,1
2026-04-24,600036,14:53:42,39.3800,30,1
2026-04-24,600036,14:53:45,39.3800,93,2
2026-04-24,600036,14:53:48,39.3800,109,2
2026-04-24,600036,14:53:51,39.3900,125,1
2026-04-24,600036,14:53:54,39.3800,79,4
2026-04-24,600036,14:53:57,39.3900,101,1
2026-04-24,600036,14:54:00,39.3800,174,2
2026-04-24,600036,14:54:03,39.3700,1199,2
2026-04-24,600036,14:54:06,39.3700,312,2
2026-04-24,600036,14:54:09,39.3700,364,2
2026-04-24,600036,14:54:12,39.3700,77,2
2026-04-24,600036,14:54:15,39.3800,172,1
2026-04-24,600036,14:54:18,39.3800,350,1
2026-04-24,600036,14:54:21,39.3800,34,1
2026-04-24,600036,14:54:24,39.3800,60,1
2026-04-24,600036,14:54:27,39.3800,81,1
2026-04-24,600036,14:54:30,39.3800,34,1
2026-04-24,600036,14:54:33,39.3800,112,1
2026-04-24,600036,14:54:36,39.3800,24,1
2026-04-24,600036,14:54:39,39.3800,248,1
2026-04-24,600036,14:54:42,39.3800,79,2
2026-04-24,600036,14:54:45,39.3800,172,2
2026-04-24,600036,14:54:48,39.3800,32,2
2026-04-24,600036,14:54:51,39.3900,322,1
2026-04-24,600036,14:54:54,39.3900,108,1
2026-04-24,600036,14:54:57,39.3800,228,2
2026-04-24,600036,14:55:00,39.3900,28,1
2026-04-24,600036,14:55:03,39.3800,630,2
2026-04-24,600036,14:55:06,39.3800,248,1
2026-04-24,600036,14:55:09,39.3800,293,1
2026-04-24,600036,14:55:12,39.3900,304,1
2026-04-24,600036,14:55:15,39.3800,157,2
2026-04-24,600036,14:55:18,39.3800,268,2
2026-04-24,600036,14:55:21,39.3800,200,1
2026-04-24,600036,14:55:24,39.3700,68,2
2026-04-24,600036,14:55:27,39.3800,114,1
2026-04-24,600036,14:55:30,39.3700,84,2
2026-04-24,600036,14:55:33,39.3800,510,1
2026-04-24,600036,14:55:36,39.3800,424,2
2026-04-24,600036,14:55:39,39.3800,26,2
2026-04-24,600036,14:55:42,39.3900,169,1
2026-04-24,600036,14:55:45,39.3900,93,1
2026-04-24,600036,14:55:48,39.3800,105,2
2026-04-24,600036,14:55:51,39.3700,234,2
2026-04-24,600036,14:55:54,39.3800,91,1
2026-04-24,600036,14:55:57,39.3700,225,2
2026-04-24,600036,14:56:00,39.3800,124,1
2026-04-24,600036,14:56:03,39.3800,1981,1
2026-04-24,600036,14:56:06,39.3800,93,1
2026-04-24,600036,14:56:09,39.3700,234,2
2026-04-24,600036,14:56:12,39.3800,583,1
2026-04-24,600036,14:56:15,39.3700,253,2
2026-04-24,600036,14:56:18,39.3800,150,1
2026-04-24,600036,14:56:21,39.3800,207,1
2026-04-24,600036,14:56:24,39.3800,78,2
2026-04-24,600036,14:56:27,39.3900,184,1
2026-04-24,600036,14:56:30,39.3800,283,2
2026-04-24,600036,14:56:33,39.3700,431,2
2026-04-24,600036,14:56:36,39.3800,394,1
2026-04-24,600036,14:56:39,39.3800,104,2
2026-04-24,600036,14:56:42,39.3700,239,2
2026-04-24,600036,14:56:45,39.3800,186,1
2026-04-24,600036,14:56:48,39.3900,138,1
2026-04-24,600036,14:56:51,39.3900,282,1
2026-04-24,600036,14:56:54,39.3900,167,1
2026-04-24,600036,14:56:57,39.3800,115,2
2026-04-24,600036,14:57:00,39.3900,13,1
2026-04-24,600036,15:00:02,39.3800,8288,4
2026-04-24,600036,13:15:45,39.5100,11,2
2026-04-24,600036,13:15:48,39.5100,209,2
2026-04-24,600036,13:15:51,39.5100,103,2
2026-04-24,600036,13:15:54,39.5000,29,2
2026-04-24,600036,13:15:57,39.5000,36,2
2026-04-24,600036,13:16:00,39.5000,116,2
2026-04-24,600036,13:16:03,39.5000,108,2
2026-04-24,600036,13:16:06,39.5000,183,2
2026-04-24,600036,13:16:09,39.5000,87,2
2026-04-24,600036,13:16:12,39.5000,482,2
2026-04-24,600036,13:16:15,39.5000,38,2
2026-04-24,600036,13:16:18,39.5000,347,2
2026-04-24,600036,13:16:21,39.5000,27,1
2026-04-24,600036,13:16:24,39.4900,74,2
2026-04-24,600036,13:16:27,39.5000,113,1
2026-04-24,600036,13:16:30,39.5000,40,1
2026-04-24,600036,13:16:33,39.4900,66,2
2026-04-24,600036,13:16:36,39.4900,85,2
2026-04-24,600036,13:16:39,39.4900,180,2
2026-04-24,600036,13:16:42,39.4800,16,2
2026-04-24,600036,13:16:45,39.4800,109,2
2026-04-24,600036,13:16:51,39.4900,65,1
2026-04-24,600036,13:16:54,39.4900,18,1
2026-04-24,600036,13:16:57,39.4900,128,1
2026-04-24,600036,13:17:00,39.4800,35,2
2026-04-24,600036,13:17:03,39.4900,85,1
2026-04-24,600036,13:17:06,39.4900,18,1
2026-04-24,600036,13:17:09,39.4900,93,1
2026-04-24,600036,13:17:12,39.4900,80,1
2026-04-24,600036,13:17:15,39.4900,139,1
2026-04-24,600036,13:17:18,39.4900,16,1
2026-04-24,600036,13:17:21,39.4900,29,2
2026-04-24,600036,13:17:24,39.5000,21,1
2026-04-24,600036,13:17:27,39.5000,17,1
2026-04-24,600036,13:17:30,39.4900,27,2
2026-04-24,600036,13:17:33,39.4900,1,2
2026-04-24,600036,13:17:36,39.5000,18,1
2026-04-24,600036,13:17:39,39.5000,30,1
2026-04-24,600036,13:17:42,39.5000,11,1
2026-04-24,600036,13:17:45,39.5000,5,1
2026-04-24,600036,13:17:48,39.4900,1,2
2026-04-24,600036,13:17:51,39.4900,6,2
2026-04-24,600036,13:17:54,39.4900,59,2
2026-04-24,600036,13:17:57,39.4900,133,2
2026-04-24,600036,13:18:00,39.4800,120,2
2026-04-24,600036,13:18:03,39.4900,34,1
2026-04-24,600036,13:18:06,39.4800,35,2
2026-04-24,600036,13:18:09,39.4900,23,1
2026-04-24,600036,13:18:12,39.4900,29,1
2026-04-24,600036,13:18:15,39.4900,11,1
2026-04-24,600036,13:18:18,39.4800,52,2
2026-04-24,600036,13:18:21,39.4900,17,1
2026-04-24,600036,13:18:24,39.4800,93,2
2026-04-24,600036,13:18:27,39.4800,24,2
2026-04-24,600036,13:18:30,39.4900,46,1
2026-04-24,600036,13:18:33,39.4800,62,2
2026-04-24,600036,13:18:36,39.4900,7,1
2026-04-24,600036,13:18:39,39.4800,25,2
2026-04-24,600036,13:18:42,39.4800,26,2
2026-04-24,600036,13:18:45,39.4800,23,2
2026-04-24,600036,13:18:48,39.4900,6,1
2026-04-24,600036,13:18:51,39.4800,25,2
2026-04-24,600036,13:18:54,39.4900,23,1
2026-04-24,600036,13:18:57,39.4800,15,2
2026-04-24,600036,13:19:00,39.4900,70,1
2026-04-24,600036,13:19:03,39.4900,42,1
2026-04-24,600036,13:19:06,39.4900,22,1
2026-04-24,600036,13:19:09,39.4800,21,2
2026-04-24,600036,13:19:12,39.4900,15,1
2026-04-24,600036,13:19:15,39.4800,34,2
2026-04-24,600036,13:19:18,39.4900,12,1
2026-04-24,600036,13:19:21,39.4800,88,2
2026-04-24,600036,13:19:24,39.4800,28,2
2026-04-24,600036,13:19:27,39.4800,26,2
2026-04-24,600036,13:19:30,39.4900,70,1
2026-04-24,600036,13:19:33,39.4800,25,2
2026-04-24,600036,13:19:36,39.4800,17,2
2026-04-24,600036,13:19:39,39.4800,35,2
2026-04-24,600036,13:19:42,39.4900,1,1
2026-04-24,600036,13:19:45,39.4800,3,2
2026-04-24,600036,13:19:48,39.4900,30,1
2026-04-24,600036,13:19:51,39.4900,61,1
2026-04-24,600036,13:19:54,39.4900,46,1
2026-04-24,600036,13:19:57,39.4900,58,1
2026-04-24,600036,13:20:00,39.4900,16,1
2026-04-24,600036,13:20:03,39.4900,93,1
2026-04-24,600036,13:20:06,39.4800,26,2
2026-04-24,600036,13:20:09,39.4900,2,1
2026-04-24,600036,13:20:12,39.4900,10,1
2026-04-24,600036,13:20:15,39.4900,13,1
2026-04-24,600036,13:20:18,39.4900,39,1
2026-04-24,600036,13:20:21,39.4900,55,1
2026-04-24,600036,13:20:24,39.4800,64,2
2026-04-24,600036,13:20:30,39.4900,35,1
2026-04-24,600036,13:20:33,39.4800,81,2
2026-04-24,600036,13:20:36,39.4900,60,1
2026-04-24,600036,13:20:42,39.4900,1,1
2026-04-24,600036,13:20:45,39.4900,4,1
2026-04-24,600036,13:20:48,39.4800,96,2
2026-04-24,600036,13:20:51,39.4900,20,1
2026-04-24,600036,13:20:54,39.4800,39,2
2026-04-24,600036,13:20:57,39.4800,28,2
2026-04-24,600036,13:21:00,39.4800,267,2
2026-04-24,600036,13:21:03,39.4800,64,2
2026-04-24,600036,13:21:06,39.4800,26,2
2026-04-24,600036,13:21:09,39.4800,16,2
2026-04-24,600036,13:21:12,39.4800,151,2
2026-04-24,600036,13:21:15,39.4800,136,2
2026-04-24,600036,13:21:18,39.4800,66,2
2026-04-24,600036,13:21:21,39.4800,98,2
2026-04-24,600036,13:21:24,39.4800,63,2
2026-04-24,600036,13:21:27,39.4800,18,2
2026-04-24,600036,13:21:30,39.4800,28,2
2026-04-24,600036,13:21:33,39.4900,34,1
2026-04-24,600036,13:21:36,39.4800,44,2
2026-04-24,600036,13:21:39,39.4900,5,1
2026-04-24,600036,13:21:42,39.4900,93,1
2026-04-24,600036,13:21:45,39.4900,11,1
2026-04-24,600036,13:21:48,39.4800,12,2
2026-04-24,600036,13:21:51,39.4800,131,2
2026-04-24,600036,13:21:54,39.4900,1,1
2026-04-24,600036,13:21:57,39.4700,72,2
2026-04-24,600036,13:22:00,39.4800,57,1
2026-04-24,600036,13:22:03,39.4700,136,2
2026-04-24,600036,13:22:06,39.4800,2,2
2026-04-24,600036,13:22:09,39.4800,767,2
2026-04-24,600036,13:22:12,39.4800,56,1
2026-04-24,600036,13:22:15,39.4800,20,1
2026-04-24,600036,13:22:18,39.4700,8,2
2026-04-24,600036,13:22:21,39.4700,101,2
2026-04-24,600036,13:22:24,39.4800,6,1
2026-04-24,600036,13:22:27,39.4600,532,2
2026-04-24,600036,13:22:30,39.4700,15,1
2026-04-24,600036,13:22:33,39.4700,35,1
2026-04-24,600036,13:22:36,39.4600,39,2
2026-04-24,600036,13:22:39,39.4700,29,1
2026-04-24,600036,13:22:42,39.4600,129,2
2026-04-24,600036,13:22:45,39.4700,151,1
2026-04-24,600036,13:22:48,39.4700,100,1
2026-04-24,600036,13:22:51,39.4700,102,1
2026-04-24,600036,13:22:54,39.4700,6,1
2026-04-24,600036,13:22:57,39.4600,60,2
2026-04-24,600036,13:23:00,39.4600,26,2
2026-04-24,600036,13:23:03,39.4700,3,1
2026-04-24,600036,13:23:06,39.4600,6,2
2026-04-24,600036,13:23:09,39.4600,14,2
2026-04-24,600036,13:23:12,39.4600,85,2
2026-04-24,600036,13:23:15,39.4600,34,2
2026-04-24,600036,13:23:18,39.4700,106,1
2026-04-24,600036,13:23:21,39.4600,55,2
2026-04-24,600036,13:23:24,39.4700,18,1
2026-04-24,600036,13:23:27,39.4600,64,2
2026-04-24,600036,13:23:30,39.4700,50,1
2026-04-24,600036,13:23:33,39.4700,27,1
2026-04-24,600036,13:23:36,39.4700,52,1
2026-04-24,600036,13:23:39,39.4700,24,1
2026-04-24,600036,13:23:42,39.4700,17,1
2026-04-24,600036,13:23:45,39.4600,30,2
2026-04-24,600036,13:23:48,39.4700,315,1
2026-04-24,600036,13:23:51,39.4700,32,2
2026-04-24,600036,13:23:54,39.4700,194,2
2026-04-24,600036,13:23:57,39.4700,31,1
2026-04-24,600036,13:24:00,39.4700,90,1
2026-04-24,600036,13:24:03,39.4600,1,2
2026-04-24,600036,13:24:06,39.4700,53,1
2026-04-24,600036,13:24:09,39.4600,303,2
2026-04-24,600036,13:24:12,39.4600,42,2
2026-04-24,600036,13:24:15,39.4700,17,1
2026-04-24,600036,13:24:18,39.4700,39,1
2026-04-24,600036,13:24:21,39.4700,14,1
2026-04-24,600036,13:24:24,39.4600,29,2
2026-04-24,600036,13:24:27,39.4700,1,1
2026-04-24,600036,13:24:30,39.4700,22,1
2026-04-24,600036,13:24:33,39.4600,76,2
2026-04-24,600036,13:24:36,39.4700,68,1
2026-04-24,600036,13:24:39,39.4600,52,2
2026-04-24,600036,13:24:42,39.4700,33,1
2026-04-24,600036,13:24:45,39.4700,7,1
2026-04-24,600036,13:24:48,39.4600,964,2
2026-04-24,600036,13:24:51,39.4500,45,2
2026-04-24,600036,13:24:54,39.4500,63,2
2026-04-24,600036,13:24:57,39.4600,50,1
2026-04-24,600036,13:25:00,39.4600,74,1
2026-04-24,600036,13:25:03,39.4600,90,1
2026-04-24,600036,13:25:06,39.4600,92,2
2026-04-24,600036,13:25:09,39.4600,265,1
2026-04-24,600036,13:25:12,39.4600,19,2
2026-04-24,600036,13:25:15,39.4600,17,2
2026-04-24,600036,13:25:18,39.4600,67,2
2026-04-24,600036,13:25:21,39.4600,96,2
2026-04-24,600036,13:25:24,39.4500,137,2
2026-04-24,600036,13:25:27,39.4500,36,2
2026-04-24,600036,13:25:30,39.4500,8,2
2026-04-24,600036,13:25:33,39.4600,114,1
2026-04-24,600036,13:25:36,39.4600,4,1
2026-04-24,600036,13:25:39,39.4500,43,2
2026-04-24,600036,13:25:42,39.4600,45,1
2026-04-24,600036,13:25:45,39.4500,110,2
2026-04-24,600036,13:25:48,39.4500,26,2
2026-04-24,600036,13:25:51,39.4500,372,2
2026-04-24,600036,13:25:54,39.4500,63,2
2026-04-24,600036,13:25:57,39.4500,38,2
2026-04-24,600036,13:26:00,39.4600,10,1
2026-04-24,600036,13:26:03,39.4500,106,2
2026-04-24,600036,13:26:06,39.4500,66,2
2026-04-24,600036,13:26:09,39.4600,17,1
2026-04-24,600036,13:26:12,39.4600,24,1
2026-04-24,600036,13:26:15,39.4600,459,1
2026-04-24,600036,13:26:18,39.4500,86,2
2026-04-24,600036,13:26:21,39.4500,155,2
2026-04-24,600036,13:26:24,39.4500,1347,2
2026-04-24,600036,13:26:27,39.4500,34,1
2026-04-24,600036,13:26:30,39.4400,44,2
2026-04-24,600036,13:26:33,39.4400,100,2
2026-04-24,600036,13:26:36,39.4500,9,1
2026-04-24,600036,13:26:39,39.4500,369,1
2026-04-24,600036,13:26:42,39.4400,186,2
2026-04-24,600036,13:26:45,39.4400,166,2
2026-04-24,600036,13:26:48,39.4400,115,2
2026-04-24,600036,13:26:51,39.4400,353,2
2026-04-24,600036,13:26:54,39.4300,12,2
2026-04-24,600036,13:26:57,39.4300,13,2
2026-04-24,600036,13:27:00,39.4400,90,1
2026-04-24,600036,13:27:03,39.4300,196,2
2026-04-24,600036,13:27:06,39.4300,104,2
2026-04-24,600036,13:27:09,39.4300,155,2
2026-04-24,600036,13:27:12,39.4300,157,2
2026-04-24,600036,13:27:15,39.4300,44,2
2026-04-24,600036,13:27:18,39.4300,115,2
2026-04-24,600036,13:27:21,39.4300,233,2
2026-04-24,600036,13:27:24,39.4300,35,2
2026-04-24,600036,13:27:27,39.4400,252,1
2026-04-24,600036,13:27:30,39.4300,245,2
2026-04-24,600036,13:27:33,39.4200,314,2
2026-04-24,600036,13:27:36,39.4300,104,1
2026-04-24,600036,13:27:39,39.4200,257,2
2026-04-24,600036,13:27:42,39.4300,10,1
2026-04-24,600036,13:27:45,39.4300,32,1
2026-04-24,600036,13:27:48,39.4300,140,1
2026-04-24,600036,13:27:51,39.4300,116,1
2026-04-24,600036,13:27:54,39.4200,23,2
2026-04-24,600036,13:27:57,39.4300,90,1
2026-04-24,600036,13:28:00,39.4300,18,1
2026-04-24,600036,13:28:03,39.4300,146,1
2026-04-24,600036,13:28:06,39.4300,29,1
2026-04-24,600036,13:28:09,39.4300,45,1
2026-04-24,600036,13:28:12,39.4300,4,1
2026-04-24,600036,13:28:15,39.4300,73,1
2026-04-24,600036,13:28:18,39.4300,97,1
2026-04-24,600036,13:28:21,39.4300,50,1
2026-04-24,600036,13:28:24,39.4300,52,1
2026-04-24,600036,13:28:27,39.4300,68,1
2026-04-24,600036,13:28:30,39.4200,43,2
2026-04-24,600036,13:28:33,39.4300,92,1
2026-04-24,600036,13:28:36,39.4200,40,2
2026-04-24,600036,13:28:39,39.4200,128,2
2026-04-24,600036,13:28:42,39.4300,13,1
2026-04-24,600036,13:28:45,39.4300,1,1
2026-04-24,600036,13:28:48,39.4300,101,1
2026-04-24,600036,13:28:51,39.4300,98,1
2026-04-24,600036,13:28:54,39.4200,93,2
2026-04-24,600036,13:28:57,39.4300,7,1
2026-04-24,600036,13:29:00,39.4300,223,1
2026-04-24,600036,13:29:03,39.4300,91,2
2026-04-24,600036,13:29:06,39.4300,4,2
2026-04-24,600036,13:29:09,39.4300,19,2
2026-04-24,600036,13:29:12,39.4300,123,2
2026-04-24,600036,13:29:15,39.4300,21,2
2026-04-24,600036,13:29:18,39.4400,16,1
2026-04-24,600036,13:29:21,39.4400,22,1
2026-04-24,600036,13:29:24,39.4400,8,1
2026-04-24,600036,13:29:27,39.4300,101,2
2026-04-24,600036,13:29:30,39.4300,7,2
2026-04-24,600036,13:29:33,39.4300,22,2
2026-04-24,600036,13:29:39,39.4300,107,2
2026-04-24,600036,13:29:42,39.4300,11,2
2026-04-24,600036,13:29:45,39.4400,25,1
2026-04-24,600036,13:29:48,39.4300,91,2
2026-04-24,600036,13:29:51,39.4300,27,2
2026-04-24,600036,13:29:54,39.4400,41,1
2026-04-24,600036,13:29:57,39.4300,87,2
2026-04-24,600036,13:30:00,39.4300,50,2
2026-04-24,600036,13:30:03,39.4400,101,1
2026-04-24,600036,13:30:06,39.4300,101,2
2026-04-24,600036,13:30:09,39.4400,38,1
2026-04-24,600036,13:30:12,39.4300,236,2
2026-04-24,600036,13:30:15,39.4400,9,1
2026-04-24,600036,13:30:18,39.4400,85,1
2026-04-24,600036,13:30:21,39.4300,64,2
2026-04-24,600036,13:30:24,39.4300,1,2
2026-04-24,600036,13:30:27,39.4300,266,2
2026-04-24,600036,13:30:30,39.4300,32,1
2026-04-24,600036,13:30:33,39.4300,31,1
2026-04-24,600036,13:30:36,39.4200,76,2
2026-04-24,600036,13:30:39,39.4200,10,2
2026-04-24,600036,13:30:42,39.4200,24,2
2026-04-24,600036,13:30:45,39.4300,123,1
2026-04-24,600036,13:30:48,39.4200,229,2
2026-04-24,600036,13:30:51,39.4200,82,2
2026-04-24,600036,13:30:54,39.4200,109,2
2026-04-24,600036,13:30:57,39.4200,178,2
2026-04-24,600036,13:31:00,39.4200,182,2
2026-04-24,600036,13:31:03,39.4200,90,2
2026-04-24,600036,13:31:06,39.4300,18,1
2026-04-24,600036,13:31:09,39.4300,57,1
2026-04-24,600036,13:31:12,39.4300,18,1
2026-04-24,600036,13:31:15,39.4300,106,1
2026-04-24,600036,13:31:18,39.4200,217,2
2026-04-24,600036,13:31:21,39.4300,27,1
2026-04-24,600036,13:31:24,39.4300,136,1
2026-04-24,600036,13:31:27,39.4300,33,1
2026-04-24,600036,13:31:30,39.4200,18,2
2026-04-24,600036,13:31:33,39.4200,79,2
2026-04-24,600036,13:31:36,39.4300,109,1
2026-04-24,600036,13:31:39,39.4300,27,1
2026-04-24,600036,13:31:42,39.4300,10,1
2026-04-24,600036,13:31:45,39.4300,11,1
2026-04-24,600036,13:31:48,39.4200,88,2
2026-04-24,600036,13:31:51,39.4300,14,1
2026-04-24,600036,13:31:54,39.4300,317,1
2026-04-24,600036,13:31:57,39.4300,163,1
2026-04-24,600036,13:32:00,39.4300,65,1
2026-04-24,600036,13:32:03,39.4300,135,1
2026-04-24,600036,13:32:06,39.4300,8,1
2026-04-24,600036,13:32:09,39.4300,37,1
2026-04-24,600036,13:32:12,39.4300,24,1
2026-04-24,600036,13:32:15,39.4200,22,2
2026-04-24,600036,13:32:18,39.4300,116,1
2026-04-24,600036,13:32:21,39.4300,49,2
2026-04-24,600036,13:32:24,39.4400,6,1
2026-04-24,600036,13:32:30,39.4300,572,2
2026-04-24,600036,13:32:33,39.4300,5,2
2026-04-24,600036,13:32:36,39.4400,12,1
2026-04-24,600036,13:32:39,39.4300,56,2
2026-04-24,600036,13:32:42,39.4400,86,1
2026-04-24,600036,13:32:45,39.4300,76,2
2026-04-24,600036,13:32:48,39.4400,57,1
2026-04-24,600036,13:32:51,39.4400,15,1
2026-04-24,600036,13:32:54,39.4300,73,2
2026-04-24,600036,13:32:57,39.4400,36,1
2026-04-24,600036,13:33:00,39.4400,11,1
2026-04-24,600036,13:33:03,39.4300,140,2
2026-04-24,600036,13:33:06,39.4400,6,1
2026-04-24,600036,13:33:09,39.4400,19,1
2026-04-24,600036,13:33:12,39.4400,16,1
2026-04-24,600036,13:33:15,39.4400,33,1
2026-04-24,600036,13:33:18,39.4400,114,1
2026-04-24,600036,13:33:21,39.4400,132,1
2026-04-24,600036,13:33:24,39.4400,56,1
2026-04-24,600036,13:33:27,39.4400,24,1
2026-04-24,600036,13:33:30,39.4400,24,1
2026-04-24,600036,13:33:33,39.4400,61,1
2026-04-24,600036,13:33:36,39.4400,12,1
2026-04-24,600036,13:33:39,39.4400,49,1
2026-04-24,600036,13:33:42,39.4400,575,1
2026-04-24,600036,13:33:45,39.4400,73,1
2026-04-24,600036,13:33:48,39.4400,44,2
2026-04-24,600036,13:33:51,39.4500,6,1
2026-04-24,600036,13:33:54,39.4500,9,1
2026-04-24,600036,13:33:57,39.4500,14,1
2026-04-24,600036,13:34:00,39.4500,84,1
2026-04-24,600036,13:34:03,39.4400,171,2
2026-04-24,600036,13:34:06,39.4300,70,2
2026-04-24,600036,13:34:09,39.4400,73,1
2026-04-24,600036,13:34:12,39.4400,68,1
2026-04-24,600036,13:34:15,39.4400,80,1
2026-04-24,600036,13:34:18,39.4300,67,2
2026-04-24,600036,13:34:21,39.4400,177,1
2026-04-24,600036,13:34:24,39.4300,665,2
2026-04-24,600036,13:34:27,39.4300,414,2
2026-04-24,600036,13:34:30,39.4300,224,1
2026-04-24,600036,13:34:33,39.4300,52,2
2026-04-24,600036,13:34:36,39.4300,52,1
2026-04-24,600036,13:34:39,39.4300,49,1
2026-04-24,600036,13:34:42,39.4200,93,2
2026-04-24,600036,13:34:45,39.4300,15,2
2026-04-24,600036,13:34:48,39.4200,64,2
2026-04-24,600036,13:34:51,39.4300,109,1
2026-04-24,600036,13:34:54,39.4400,30,1
2026-04-24,600036,13:34:57,39.4300,114,2
2026-04-24,600036,13:35:00,39.4400,60,1
2026-04-24,600036,13:35:03,39.4300,33,2
2026-04-24,600036,13:35:06,39.4400,42,1
2026-04-24,600036,13:35:09,39.4400,73,1
2026-04-24,600036,13:35:12,39.4400,134,1
2026-04-24,600036,13:35:15,39.4400,33,1
2026-04-24,600036,13:35:18,39.4300,102,2
2026-04-24,600036,13:35:21,39.4300,7,2
2026-04-24,600036,13:35:24,39.4300,48,2
2026-04-24,600036,13:35:27,39.4300,124,2
2026-04-24,600036,13:35:30,39.4400,20,1
2026-04-24,600036,13:35:33,39.4400,6,1
2026-04-24,600036,13:35:36,39.4300,24,2
2026-04-24,600036,13:35:39,39.4300,49,2
2026-04-24,600036,13:35:42,39.4300,109,2
2026-04-24,600036,13:35:45,39.4300,142,2
2026-04-24,600036,13:35:48,39.4400,3,1
2026-04-24,600036,13:35:51,39.4300,19,2
2026-04-24,600036,13:35:54,39.4400,78,1
2026-04-24,600036,13:35:57,39.4300,2,2
2026-04-24,600036,13:36:00,39.4400,16,1
2026-04-24,600036,13:36:03,39.4400,55,1
2026-04-24,600036,13:36:06,39.4300,31,2
2026-04-24,600036,13:36:09,39.4400,65,1
2026-04-24,600036,13:36:12,39.4300,85,2
2026-04-24,600036,13:36:15,39.4400,52,1
2026-04-24,600036,13:36:18,39.4300,54,2
2026-04-24,600036,13:36:21,39.4300,67,2
2026-04-24,600036,13:36:24,39.4300,59,2
2026-04-24,600036,13:36:27,39.4300,115,2
2026-04-24,600036,13:36:33,39.4300,33,1
2026-04-24,600036,13:36:36,39.4300,72,1
2026-04-24,600036,13:36:39,39.4300,191,1
2026-04-24,600036,13:36:42,39.4200,65,2
2026-04-24,600036,13:36:45,39.4300,22,1
2026-04-24,600036,13:36:48,39.4300,20,1
2026-04-24,600036,13:36:51,39.4200,11,2
2026-04-24,600036,13:36:54,39.4300,244,1
2026-04-24,600036,13:36:57,39.4300,95,1
2026-04-24,600036,13:37:00,39.4300,61,1
2026-04-24,600036,13:37:03,39.4200,36,2
2026-04-24,600036,13:37:06,39.4300,41,1
2026-04-24,600036,13:37:09,39.4300,55,2
2026-04-24,600036,13:37:12,39.4300,35,2
2026-04-24,600036,13:37:15,39.4300,341,2
2026-04-24,600036,13:37:18,39.4300,26,2
2026-04-24,600036,13:37:21,39.4300,58,2
2026-04-24,600036,13:37:24,39.4300,30,2
2026-04-24,600036,13:37:27,39.4300,16,2
2026-04-24,600036,13:37:30,39.4300,17,2
2026-04-24,600036,13:37:33,39.4300,13,2
2026-04-24,600036,13:37:36,39.4300,8,2
2026-04-24,600036,13:37:39,39.4300,554,2
2026-04-24,600036,13:37:42,39.4200,222,2
2026-04-24,600036,13:37:45,39.4300,4,1
2026-04-24,600036,13:37:48,39.4400,164,1
2026-04-24,600036,13:37:51,39.4200,48,2
2026-04-24,600036,13:37:54,39.4200,57,2
2026-04-24,600036,13:37:57,39.4100,2177,2
2026-04-24,600036,13:38:00,39.4200,76,1
2026-04-24,600036,13:38:03,39.4300,164,1
2026-04-24,600036,13:38:06,39.4100,67,2
2026-04-24,600036,13:38:09,39.4200,12,1
2026-04-24,600036,13:38:12,39.4100,64,2
2026-04-24,600036,13:38:15,39.4200,208,1
2026-04-24,600036,13:38:18,39.4200,79,1
2026-04-24,600036,13:38:21,39.4100,270,2
2026-04-24,600036,13:38:24,39.4200,200,1
2026-04-24,600036,13:38:27,39.4200,59,1
2026-04-24,600036,13:38:30,39.4200,198,1
2026-04-24,600036,13:38:33,39.4200,45,1
2026-04-24,600036,13:38:36,39.4200,163,1
2026-04-24,600036,13:38:39,39.4200,3,1
2026-04-24,600036,13:38:42,39.4100,47,2
2026-04-24,600036,13:38:45,39.4200,344,1
2026-04-24,600036,13:38:48,39.4200,7,1
2026-04-24,600036,13:38:51,39.4200,244,1
2026-04-24,600036,13:38:54,39.4200,15,1
2026-04-24,600036,13:38:57,39.4200,23,1
2026-04-24,600036,13:39:00,39.4200,100,1
2026-04-24,600036,13:39:03,39.4200,91,1
2026-04-24,600036,13:39:06,39.4200,57,1
2026-04-24,600036,13:39:09,39.4200,283,1
2026-04-24,600036,13:39:12,39.4200,126,1
2026-04-24,600036,13:39:15,39.4200,402,1
2026-04-24,600036,13:39:18,39.4200,35,2
2026-04-24,600036,13:39:21,39.4200,2,2
2026-04-24,600036,13:39:24,39.4300,22,1
2026-04-24,600036,13:39:27,39.4200,43,2
2026-04-24,600036,13:39:30,39.4200,32,2
2026-04-24,600036,13:39:33,39.4200,116,2
2026-04-24,600036,13:39:36,39.4200,25,2
2026-04-24,600036,13:39:39,39.4200,54,2
2026-04-24,600036,13:39:42,39.4200,73,2
2026-04-24,600036,13:39:45,39.4300,1,1
2026-04-24,600036,13:39:48,39.4200,61,2
2026-04-24,600036,13:39:51,39.4300,2,1
2026-04-24,600036,13:39:54,39.4300,52,1
2026-04-24,600036,13:39:57,39.4200,349,2
2026-04-24,600036,13:40:00,39.4200,11,2
2026-04-24,600036,13:40:03,39.4200,99,2
2026-04-24,600036,13:40:06,39.4200,575,2
2026-04-24,600036,13:40:09,39.4200,208,1
2026-04-24,600036,13:40:12,39.4200,50,1
2026-04-24,600036,13:40:15,39.4200,117,1
2026-04-24,600036,13:40:18,39.4200,71,1
2026-04-24,600036,13:40:21,39.4200,33,1
2026-04-24,600036,13:40:24,39.4100,78,2
2026-04-24,600036,13:40:27,39.4100,9,2
2026-04-24,600036,13:40:30,39.4200,24,1
2026-04-24,600036,13:40:33,39.4100,158,2
2026-04-24,600036,13:40:36,39.4100,49,2
2026-04-24,600036,13:40:39,39.4100,134,2
2026-04-24,600036,13:40:42,39.4200,205,1
2026-04-24,600036,13:40:45,39.4200,85,1
2026-04-24,600036,13:40:48,39.4200,52,1
2026-04-24,600036,13:40:51,39.4100,7,2
2026-04-24,600036,13:40:54,39.4100,7,2
2026-04-24,600036,13:40:57,39.4200,71,1
2026-04-24,600036,13:41:00,39.4200,39,1
2026-04-24,600036,13:41:03,39.4200,63,1
2026-04-24,600036,13:41:06,39.4200,118,1
2026-04-24,600036,13:41:09,39.4200,5,1
2026-04-24,600036,13:41:12,39.4200,31,1
2026-04-24,600036,13:41:15,39.4200,86,1
2026-04-24,600036,13:41:18,39.4200,184,1
2026-04-24,600036,13:41:21,39.4200,70,1
2026-04-24,600036,13:41:24,39.4200,88,1
2026-04-24,600036,13:41:27,39.4200,162,1
2026-04-24,600036,13:41:30,39.4200,24,2
2026-04-24,600036,13:41:33,39.4300,23,1
2026-04-24,600036,13:41:36,39.4300,162,1
2026-04-24,600036,13:41:39,39.4200,116,2
2026-04-24,600036,13:41:42,39.4300,25,1
2026-04-24,600036,13:41:45,39.4300,76,1
2026-04-24,600036,13:41:48,39.4300,34,1
2026-04-24,600036,13:41:51,39.4400,808,1
2026-04-24,600036,13:41:54,39.4400,94,2
2026-04-24,600036,13:41:57,39.4400,54,2
2026-04-24,600036,13:42:00,39.4400,139,2
2026-04-24,600036,13:42:03,39.4400,32,2
2026-04-24,600036,13:42:06,39.4400,87,1
2026-04-24,600036,13:42:09,39.4400,38,1
2026-04-24,600036,13:42:12,39.4400,79,1
2026-04-24,600036,13:42:15,39.4300,22,2
2026-04-24,600036,13:42:18,39.4300,3,1
2026-04-24,600036,13:42:21,39.4300,17,1
2026-04-24,600036,13:42:24,39.4300,35,1
2026-04-24,600036,13:42:27,39.4200,81,2
2026-04-24,600036,13:42:30,39.4200,60,2
2026-04-24,600036,13:42:33,39.4300,61,1
2026-04-24,600036,13:42:36,39.4300,6,1
2026-04-24,600036,13:42:39,39.4200,86,2
2026-04-24,600036,13:42:42,39.4200,14,2
2026-04-24,600036,13:42:45,39.4300,14,1
2026-04-24,600036,13:42:51,39.4200,9,2
2026-04-24,600036,13:42:54,39.4200,29,2
2026-04-24,600036,13:42:57,39.4300,1,1
2026-04-24,600036,13:43:00,39.4300,44,1
2026-04-24,600036,13:43:03,39.4200,27,2
2026-04-24,600036,13:43:06,39.4200,73,2
2026-04-24,600036,13:43:09,39.4300,47,1
2026-04-24,600036,13:43:12,39.4300,3,1
2026-04-24,600036,13:43:15,39.4300,20,1
2026-04-24,600036,13:43:18,39.4300,186,1
2026-04-24,600036,13:43:21,39.4300,85,1
2026-04-24,600036,13:43:24,39.4300,26,1
2026-04-24,600036,13:43:27,39.4300,26,1
2026-04-24,600036,13:43:30,39.4300,29,1
2026-04-24,600036,13:43:33,39.4300,156,1
2026-04-24,600036,13:43:36,39.4400,16,1
2026-04-24,600036,13:43:39,39.4400,13,1
2026-04-24,600036,13:43:42,39.4400,41,1
2026-04-24,600036,13:43:48,39.4300,10,2
2026-04-24,600036,13:43:51,39.4300,29,2
2026-04-24,600036,13:43:54,39.4300,23,2
2026-04-24,600036,13:43:57,39.4300,30,2
2026-04-24,600036,13:44:00,39.4400,5,1
2026-04-24,600036,13:44:03,39.4300,21,2
2026-04-24,600036,13:44:06,39.4300,79,2
2026-04-24,600036,13:44:09,39.4400,849,1
2026-04-24,600036,13:44:12,39.4300,28,2
2026-04-24,600036,13:44:15,39.4300,10,2
2026-04-24,600036,13:44:18,39.4300,25,2
2026-04-24,600036,13:44:21,39.4300,64,2
2026-04-24,600036,13:44:24,39.4300,24,2
2026-04-24,600036,13:44:27,39.4300,52,2
2026-04-24,600036,13:44:30,39.4300,4,2
2026-04-24,600036,13:44:33,39.4300,28,2
2026-04-24,600036,13:44:36,39.4300,36,2
2026-04-24,600036,13:44:39,39.4300,123,2
2026-04-24,600036,13:44:42,39.4300,39,2
2026-04-24,600036,13:44:45,39.4300,18,2
2026-04-24,600036,13:44:48,39.4300,152,2
2026-04-24,600036,13:44:51,39.4300,81,2
2026-04-24,600036,13:44:54,39.4300,232,2
2026-04-24,600036,13:44:57,39.4300,6,2
2026-04-24,600036,13:45:00,39.4400,1,1
2026-04-24,600036,13:45:03,39.4400,35,1
2026-04-24,600036,13:45:06,39.4400,65,1
2026-04-24,600036,13:45:09,39.4400,73,1
2026-04-24,600036,13:45:12,39.4300,1,2
2026-04-24,600036,13:45:15,39.4300,26,2
2026-04-24,600036,13:45:18,39.4300,79,2
2026-04-24,600036,13:45:21,39.4400,46,1
2026-04-24,600036,13:45:24,39.4300,70,2
2026-04-24,600036,13:45:27,39.4400,3,1
2026-04-24,600036,13:45:33,39.4400,24,1
2026-04-24,600036,13:45:36,39.4400,82,1
2026-04-24,600036,13:45:39,39.4300,58,2
2026-04-24,600036,13:45:42,39.4300,37,2
2026-04-24,600036,13:45:45,39.4300,8,2
2026-04-24,600036,13:45:48,39.4300,13,2
2026-04-24,600036,13:45:51,39.4300,10,2
2026-04-24,600036,13:45:54,39.4300,60,2
2026-04-24,600036,13:45:57,39.4300,43,2
2026-04-24,600036,13:46:00,39.4300,57,2
2026-04-24,600036,13:46:03,39.4300,96,2
2026-04-24,600036,13:46:06,39.4300,8,2
2026-04-24,600036,13:46:09,39.4400,3,1
2026-04-24,600036,13:46:12,39.4300,19,2
2026-04-24,600036,13:46:15,39.4300,20,2
2026-04-24,600036,13:46:18,39.4300,52,2
2026-04-24,600036,13:46:21,39.4300,273,2
2026-04-24,600036,13:46:24,39.4300,18,2
2026-04-24,600036,13:46:27,39.4300,11,2
2026-04-24,600036,13:46:30,39.4400,4,1
2026-04-24,600036,13:46:33,39.4400,187,1
2026-04-24,600036,13:46:36,39.4400,13,1
2026-04-24,600036,13:46:39,39.4400,70,1
2026-04-24,600036,13:46:42,39.4300,21,2
2026-04-24,600036,13:46:45,39.4300,22,2
2026-04-24,600036,13:46:48,39.4300,18,2
2026-04-24,600036,13:46:51,39.4300,45,2
2026-04-24,600036,13:46:54,39.4400,9,1
2026-04-24,600036,13:46:57,39.4300,17,2
2026-04-24,600036,13:47:03,39.4400,367,1
2026-04-24,600036,13:47:06,39.4400,110,1
2026-04-24,600036,13:47:09,39.4400,61,1
2026-04-24,600036,13:47:12,39.4400,78,1
2026-04-24,600036,13:47:15,39.4300,10,2
2026-04-24,600036,13:47:18,39.4300,66,2
2026-04-24,600036,13:47:21,39.4300,39,2
2026-04-24,600036,13:47:24,39.4400,1,1
2026-04-24,600036,13:47:27,39.4400,2,1
2026-04-24,600036,13:47:30,39.4400,30,1
2026-04-24,600036,13:47:33,39.4400,87,1
2026-04-24,600036,13:47:36,39.4400,2,1
2026-04-24,600036,13:47:39,39.4400,482,1
2026-04-24,600036,13:47:42,39.4400,87,2
2026-04-24,600036,13:47:45,39.4400,10,2
2026-04-24,600036,13:47:48,39.4400,65,2
2026-04-24,600036,13:47:51,39.4500,1,1
2026-04-24,600036,13:47:54,39.4400,11,2
2026-04-24,600036,13:47:57,39.4500,12,1
2026-04-24,600036,13:48:03,39.4400,50,2
2026-04-24,600036,13:48:06,39.4500,5,1
2026-04-24,600036,13:48:09,39.4500,4,1
2026-04-24,600036,13:48:12,39.4500,22,1
2026-04-24,600036,13:48:15,39.4500,257,1
2026-04-24,600036,13:48:18,39.4500,58,1
2026-04-24,600036,13:48:21,39.4500,23,1
2026-04-24,600036,13:48:24,39.4400,5,2
2026-04-24,600036,13:48:27,39.4400,6,2
2026-04-24,600036,13:48:30,39.4400,60,2
2026-04-24,600036,13:48:33,39.4500,43,1
2026-04-24,600036,13:48:36,39.4400,5,2
2026-04-24,600036,13:48:39,39.4500,29,1
2026-04-24,600036,13:48:42,39.4500,235,1
2026-04-24,600036,13:48:45,39.4400,23,2
2026-04-24,600036,13:48:48,39.4500,84,1
2026-04-24,600036,13:48:54,39.4400,21,2
2026-04-24,600036,13:48:57,39.4500,3,1
2026-04-24,600036,13:49:00,39.4500,35,1
2026-04-24,600036,13:49:03,39.4500,28,1
2026-04-24,600036,13:49:06,39.4500,9,1
2026-04-24,600036,13:49:09,39.4400,27,2
2026-04-24,600036,13:49:12,39.4400,143,2
2026-04-24,600036,13:49:15,39.4500,35,1
2026-04-24,600036,13:49:18,39.4500,92,1
2026-04-24,600036,13:49:21,39.4500,28,1
2026-04-24,600036,13:49:24,39.4400,4,2
2026-04-24,600036,13:49:27,39.4500,4,1
2026-04-24,600036,13:49:30,39.4500,69,1
2026-04-24,600036,13:49:33,39.4400,147,2
2026-04-24,600036,13:49:36,39.4500,81,1
2026-04-24,600036,13:49:39,39.4400,128,2
2026-04-24,600036,13:49:42,39.4400,32,2
2026-04-24,600036,13:49:45,39.4500,64,1
2026-04-24,600036,13:49:48,39.4500,6,1
2026-04-24,600036,13:49:51,39.4500,10,1
2026-04-24,600036,13:49:54,39.4400,10,2
2026-04-24,600036,13:49:57,39.4400,86,2
2026-04-24,600036,13:50:00,39.4400,518,2
2026-04-24,600036,13:50:03,39.4300,38,2
2026-04-24,600036,13:50:06,39.4400,12,1
2026-04-24,600036,13:50:09,39.4400,28,1
2026-04-24,600036,13:50:12,39.4300,178,2
2026-04-24,600036,13:50:15,39.4300,39,2
2026-04-24,600036,13:50:18,39.4400,30,1
2026-04-24,600036,13:50:21,39.4300,10,2
2026-04-24,600036,13:50:24,39.4300,68,2
2026-04-24,600036,13:50:27,39.4300,89,2
2026-04-24,600036,13:50:30,39.4400,72,1
2026-04-24,600036,13:50:33,39.4300,39,2
2026-04-24,600036,13:50:36,39.4400,79,1
2026-04-24,600036,13:50:39,39.4300,83,2
2026-04-24,600036,13:50:42,39.4300,115,2
2026-04-24,600036,13:50:45,39.4400,141,1
2026-04-24,600036,13:50:48,39.4300,15,2
2026-04-24,600036,13:50:51,39.4300,28,2
2026-04-24,600036,13:50:54,39.4400,23,1
2026-04-24,600036,13:50:57,39.4300,298,2
2026-04-24,600036,13:51:00,39.4400,11,1
2026-04-24,600036,13:51:03,39.4300,45,2
2026-04-24,600036,13:51:06,39.4300,13,2
2026-04-24,600036,13:51:09,39.4300,62,2
2026-04-24,600036,13:51:12,39.4300,49,2
2026-04-24,600036,13:51:18,39.4400,10,1
2026-04-24,600036,13:51:21,39.4400,10,1
2026-04-24,600036,13:51:24,39.4300,155,2
2026-04-24,600036,13:51:27,39.4300,16,2
2026-04-24,600036,13:51:30,39.4300,6,2
2026-04-24,600036,13:51:33,39.4400,61,1
2026-04-24,600036,13:51:36,39.4300,34,2
2026-04-24,600036,13:51:39,39.4300,113,2
2026-04-24,600036,13:51:42,39.4300,36,2
2026-04-24,600036,13:51:45,39.4300,40,2
2026-04-24,600036,13:51:48,39.4400,25,1
2026-04-24,600036,13:51:51,39.4300,6,2
2026-04-24,600036,13:51:54,39.4300,46,2
2026-04-24,600036,13:51:57,39.4300,45,2
2026-04-24,600036,13:52:03,39.4400,90,1
2026-04-24,600036,13:52:06,39.4400,15,1
2026-04-24,600036,13:52:09,39.4300,28,2
2026-04-24,600036,13:52:12,39.4300,87,2
2026-04-24,600036,13:52:15,39.4300,263,2
2026-04-24,600036,13:52:18,39.4400,447,1
2026-04-24,600036,13:52:21,39.4300,236,2
2026-04-24,600036,13:52:24,39.4300,25,1
2026-04-24,600036,13:52:27,39.4300,17,1
2026-04-24,600036,13:52:30,39.4200,457,2
2026-04-24,600036,13:52:33,39.4200,98,2
2026-04-24,600036,13:52:36,39.4300,21,1
2026-04-24,600036,13:52:39,39.4200,206,2
2026-04-24,600036,13:52:42,39.4200,101,2
2026-04-24,600036,13:52:45,39.4300,10,1
2026-04-24,600036,13:52:48,39.4200,57,2
2026-04-24,600036,13:52:51,39.4300,8,1
2026-04-24,600036,13:52:54,39.4300,453,1
2026-04-24,600036,13:52:57,39.4300,139,2
2026-04-24,600036,13:53:03,39.4400,47,1
2026-04-24,600036,13:53:09,39.4300,44,2
2026-04-24,600036,13:53:12,39.4300,115,2
2026-04-24,600036,13:53:15,39.4300,15,2
2026-04-24,600036,13:53:18,39.4300,9,2
2026-04-24,600036,13:53:21,39.4300,89,2
2026-04-24,600036,13:53:24,39.4300,40,2
2026-04-24,600036,13:53:27,39.4400,10,1
2026-04-24,600036,13:53:30,39.4300,47,2
2026-04-24,600036,13:53:33,39.4300,95,2
2026-04-24,600036,13:53:36,39.4300,175,2
2026-04-24,600036,13:53:39,39.4400,53,1
2026-04-24,600036,13:53:42,39.4400,4,1
2026-04-24,600036,13:53:48,39.4400,61,1
2026-04-24,600036,13:53:51,39.4400,99,1
2026-04-24,600036,13:53:54,39.4400,37,1
2026-04-24,600036,13:53:57,39.4400,6,1
2026-04-24,600036,13:54:00,39.4300,9,2
2026-04-24,600036,13:54:03,39.4300,31,2
2026-04-24,600036,13:54:06,39.4300,91,2
2026-04-24,600036,13:54:09,39.4300,2,2
2026-04-24,600036,13:54:12,39.4400,53,1
2026-04-24,600036,13:54:15,39.4400,1,1
2026-04-24,600036,13:54:18,39.4400,2,1
2026-04-24,600036,13:54:21,39.4400,152,1
2026-04-24,600036,13:54:24,39.4400,85,1
2026-04-24,600036,13:54:27,39.4400,4,1
2026-04-24,600036,13:54:30,39.4300,2,2
2026-04-24,600036,13:54:33,39.4300,52,2
2026-04-24,600036,13:54:36,39.4300,68,2
2026-04-24,600036,13:54:39,39.4300,184,2
2026-04-24,600036,13:54:42,39.4300,93,2
2026-04-24,600036,13:54:45,39.4300,13,2
2026-04-24,600036,13:54:48,39.4300,39,2
2026-04-24,600036,13:54:51,39.4300,8,2
2026-04-24,600036,13:54:54,39.4400,28,1
2026-04-24,600036,13:54:57,39.4300,27,2
2026-04-24,600036,13:55:00,39.4300,20,2
2026-04-24,600036,13:55:03,39.4300,99,2
2026-04-24,600036,13:55:06,39.4300,74,2
2026-04-24,600036,13:55:09,39.4300,256,2
2026-04-24,600036,13:55:12,39.4300,81,1
2026-04-24,600036,13:55:15,39.4300,165,1
2026-04-24,600036,13:55:18,39.4300,119,2
2026-04-24,600036,13:55:21,39.4300,11,2
2026-04-24,600036,13:55:24,39.4300,60,2
2026-04-24,600036,13:55:27,39.4300,61,2
2026-04-24,600036,13:55:30,39.4300,18,2
2026-04-24,600036,13:55:33,39.4300,72,2
2026-04-24,600036,13:55:36,39.4400,62,1
2026-04-24,600036,13:55:39,39.4300,35,2
2026-04-24,600036,13:55:42,39.4300,1,2
2026-04-24,600036,13:55:45,39.4300,39,2
2026-04-24,600036,13:55:48,39.4300,100,2
2026-04-24,600036,13:55:51,39.4300,31,2
2026-04-24,600036,13:55:54,39.4300,41,2
2026-04-24,600036,13:55:57,39.4300,68,2
2026-04-24,600036,13:56:00,39.4400,58,1
2026-04-24,600036,13:56:03,39.4200,149,2
2026-04-24,600036,13:56:06,39.4300,156,1
2026-04-24,600036,13:56:09,39.4400,59,1
2026-04-24,600036,13:56:12,39.4300,27,2
2026-04-24,600036,13:56:15,39.4400,13,1
2026-04-24,600036,13:56:18,39.4300,106,2
2026-04-24,600036,13:56:21,39.4300,36,4
2026-04-24,600036,13:56:24,39.4300,9,2
2026-04-24,600036,13:56:30,39.4300,57,2
2026-04-24,600036,13:56:33,39.4300,51,2
2026-04-24,600036,13:56:36,39.4300,12,2
2026-04-24,600036,13:56:39,39.4300,86,2
2026-04-24,600036,13:56:42,39.4300,41,2
2026-04-24,600036,13:56:45,39.4300,82,2
2026-04-24,600036,13:56:48,39.4300,66,2
2026-04-24,600036,13:56:51,39.4300,61,1
2026-04-24,600036,13:56:54,39.4300,12,2
2026-04-24,600036,13:56:57,39.4300,94,1
2026-04-24,600036,13:57:00,39.4400,41,1
2026-04-24,600036,13:57:03,39.4400,207,1
2026-04-24,600036,13:57:09,39.4300,16,2
2026-04-24,600036,13:57:12,39.4400,19,1
2026-04-24,600036,13:57:15,39.4300,21,2
2026-04-24,600036,13:57:18,39.4300,36,2
2026-04-24,600036,13:57:21,39.4300,38,2
2026-04-24,600036,13:57:27,39.4300,50,2
2026-04-24,600036,13:57:30,39.4300,41,2
2026-04-24,600036,13:57:33,39.4300,81,2
2026-04-24,600036,13:57:36,39.4400,8,1
2026-04-24,600036,13:57:39,39.4400,159,1
2026-04-24,600036,13:57:42,39.4400,9,1
2026-04-24,600036,13:57:45,39.4300,55,2
2026-04-24,600036,13:57:48,39.4400,3,1
2026-04-24,600036,13:57:51,39.4300,10,2
2026-04-24,600036,13:57:54,39.4300,38,2
2026-04-24,600036,13:57:57,39.4300,77,2
2026-04-24,600036,13:58:00,39.4400,14,1
2026-04-24,600036,13:58:03,39.4300,47,2
2026-04-24,600036,13:58:06,39.4300,26,2
2026-04-24,600036,13:58:09,39.4300,13,2
2026-04-24,600036,13:58:12,39.4300,73,2
2026-04-24,600036,13:58:15,39.4400,740,1
2026-04-24,600036,13:58:18,39.4400,14,2
2026-04-24,600036,13:58:21,39.4500,318,1
2026-04-24,600036,13:58:27,39.4600,37,1
2026-04-24,600036,13:58:30,39.4600,65,1
2026-04-24,600036,13:58:33,39.4600,62,1
2026-04-24,600036,13:58:36,39.4500,21,2
2026-04-24,600036,13:58:39,39.4500,18,2
2026-04-24,600036,13:58:42,39.4600,151,1
2026-04-24,600036,13:58:45,39.4500,17,2
2026-04-24,600036,13:58:48,39.4600,142,1
2026-04-24,600036,13:58:51,39.4600,162,1
2026-04-24,600036,13:58:54,39.4600,30,1
2026-04-24,600036,13:58:57,39.4500,69,2
2026-04-24,600036,13:59:00,39.4600,354,1
2026-04-24,600036,13:59:03,39.4500,31,2
2026-04-24,600036,13:59:06,39.4600,5,1
2026-04-24,600036,13:59:09,39.4600,49,1
2026-04-24,600036,13:59:12,39.4600,53,1
2026-04-24,600036,13:59:15,39.4600,10,1
2026-04-24,600036,13:59:18,39.4600,51,1
2026-04-24,600036,13:59:21,39.4600,34,1
2026-04-24,600036,13:59:24,39.4600,3,1
2026-04-24,600036,13:59:27,39.4500,43,2
2026-04-24,600036,13:59:30,39.4500,68,2
2026-04-24,600036,13:59:33,39.4500,44,2
2026-04-24,600036,13:59:36,39.4500,35,2
2026-04-24,600036,13:59:39,39.4500,151,2
2026-04-24,600036,13:59:42,39.4400,113,2
2026-04-24,600036,13:59:45,39.4500,14,2
2026-04-24,600036,13:59:48,39.4500,16,1
2026-04-24,600036,13:59:51,39.4500,102,1
2026-04-24,600036,13:59:57,39.4400,102,2
2026-04-24,600036,14:00:00,39.4500,5,1
2026-04-24,600036,14:00:03,39.4500,83,1
2026-04-24,600036,14:00:06,39.4500,111,1
2026-04-24,600036,14:00:09,39.4400,34,2
2026-04-24,600036,14:00:12,39.4500,509,1
2026-04-24,600036,14:00:15,39.4500,30,2
2026-04-24,600036,14:00:21,39.4500,21,2
2026-04-24,600036,14:00:24,39.4500,2,2
2026-04-24,600036,14:00:27,39.4500,1,2
2026-04-24,600036,14:00:30,39.4600,371,1
2026-04-24,600036,14:00:33,39.4600,162,1
2026-04-24,600036,14:00:36,39.4600,82,2
2026-04-24,600036,14:00:42,39.4600,20,2
2026-04-24,600036,14:00:48,39.4700,81,1
2026-04-24,600036,14:00:51,39.4700,5,1
2026-04-24,600036,14:00:54,39.4600,19,2
2026-04-24,600036,14:00:57,39.4600,115,2
2026-04-24,600036,14:01:00,39.4600,21,2
2026-04-24,600036,14:01:03,39.4600,3,2
2026-04-24,600036,14:01:06,39.4600,35,2
2026-04-24,600036,14:01:09,39.4600,157,2
2026-04-24,600036,14:01:12,39.4700,5,1
2026-04-24,600036,14:01:15,39.4700,24,1
2026-04-24,600036,14:01:18,39.4600,93,2
2026-04-24,600036,14:01:21,39.4600,14,2
2026-04-24,600036,14:01:24,39.4500,92,2
2026-04-24,600036,14:01:27,39.4600,32,4
2026-04-24,600036,14:01:30,39.4600,49,2
2026-04-24,600036,14:01:33,39.4700,96,1
2026-04-24,600036,14:01:36,39.4600,38,2
2026-04-24,600036,14:01:39,39.4700,18,1
2026-04-24,600036,14:01:42,39.4700,3,1
2026-04-24,600036,14:01:45,39.4700,11,1
2026-04-24,600036,14:01:48,39.4600,13,2
2026-04-24,600036,14:01:51,39.4600,653,2
2026-04-24,600036,14:01:54,39.4600,135,1
2026-04-24,600036,14:01:57,39.4700,9,1
2026-04-24,600036,14:02:00,39.4700,42,1
2026-04-24,600036,14:02:03,39.4700,121,1
2026-04-24,600036,14:02:06,39.4700,90,1
2026-04-24,600036,14:02:09,39.4700,52,1
2026-04-24,600036,14:02:12,39.4700,5,1
2026-04-24,600036,14:02:15,39.4700,29,1
2026-04-24,600036,14:02:18,39.4600,75,2
2026-04-24,600036,14:02:21,39.4600,31,2
2026-04-24,600036,14:02:24,39.4700,69,1
2026-04-24,600036,14:02:27,39.4700,13,1
2026-04-24,600036,14:02:33,39.4600,47,2
2026-04-24,600036,14:02:36,39.4600,97,1
2026-04-24,600036,14:02:39,39.4600,101,1
2026-04-24,600036,14:02:42,39.4600,99,1
2026-04-24,600036,14:02:45,39.4600,83,2
2026-04-24,600036,14:02:48,39.4600,66,2
2026-04-24,600036,14:02:51,39.4600,3,2
2026-04-24,600036,14:02:54,39.4600,18,2
2026-04-24,600036,14:02:57,39.4600,24,2
2026-04-24,600036,14:03:00,39.4700,23,1
2026-04-24,600036,14:03:03,39.4600,33,2
2026-04-24,600036,14:03:06,39.4700,14,1
2026-04-24,600036,14:03:09,39.4600,170,2
2026-04-24,600036,14:03:12,39.4500,29,2
2026-04-24,600036,14:03:15,39.4500,32,2
2026-04-24,600036,14:03:18,39.4600,279,1
2026-04-24,600036,14:03:21,39.4500,104,2
2026-04-24,600036,14:03:24,39.4500,181,2
2026-04-24,600036,14:03:27,39.4600,51,1
2026-04-24,600036,14:03:30,39.4500,91,2
2026-04-24,600036,14:03:33,39.4500,32,2
2026-04-24,600036,14:03:36,39.4600,12,1
2026-04-24,600036,14:03:39,39.4500,32,2
2026-04-24,600036,14:03:42,39.4500,28,2
2026-04-24,600036,14:03:45,39.4500,113,1
2026-04-24,600036,14:03:48,39.4500,67,1
2026-04-24,600036,14:03:51,39.4400,119,2
2026-04-24,600036,14:03:54,39.4400,68,2
2026-04-24,600036,14:03:57,39.4500,34,1
2026-04-24,600036,14:04:00,39.4500,90,1
2026-04-24,600036,14:04:03,39.4400,29,2
2026-04-24,600036,14:04:06,39.4500,16,1
2026-04-24,600036,14:04:09,39.4500,60,1
2026-04-24,600036,14:04:12,39.4400,89,2
2026-04-24,600036,14:04:15,39.4500,87,1
2026-04-24,600036,14:04:18,39.4500,2,1
2026-04-24,600036,14:04:21,39.4500,44,1
2026-04-24,600036,14:04:24,39.4500,30,1
2026-04-24,600036,14:04:27,39.4400,101,2
2026-04-24,600036,14:04:30,39.4500,5,1
2026-04-24,600036,14:04:33,39.4400,42,2
2026-04-24,600036,14:04:36,39.4400,29,2
2026-04-24,600036,14:04:39,39.4500,36,1
2026-04-24,600036,14:04:42,39.4400,26,2
2026-04-24,600036,14:04:45,39.4400,95,2
2026-04-24,600036,14:04:48,39.4500,370,1
2026-04-24,600036,14:04:51,39.4500,46,1
2026-04-24,600036,14:04:54,39.4500,89,2
2026-04-24,600036,14:04:57,39.4600,72,1
2026-04-24,600036,14:05:00,39.4600,56,1
2026-04-24,600036,14:05:03,39.4600,15,1
2026-04-24,600036,14:05:06,39.4600,15,1
2026-04-24,600036,14:05:09,39.4500,14,2
2026-04-24,600036,14:05:12,39.4500,18,2
2026-04-24,600036,14:05:15,39.4500,153,2
2026-04-24,600036,14:05:18,39.4500,44,2
2026-04-24,600036,14:05:21,39.4500,75,2
2026-04-24,600036,14:05:24,39.4600,105,1
2026-04-24,600036,14:05:27,39.4500,16,2
2026-04-24,600036,14:05:33,39.4600,40,1
2026-04-24,600036,14:05:36,39.4500,27,2
2026-04-24,600036,14:05:39,39.4500,218,2
2026-04-24,600036,14:05:42,39.4600,62,1
2026-04-24,600036,14:05:45,39.4600,36,1
2026-04-24,600036,14:05:48,39.4600,137,1
2026-04-24,600036,14:05:51,39.4600,28,1
2026-04-24,600036,14:05:54,39.4500,584,2
2026-04-24,600036,14:05:57,39.4500,28,1
2026-04-24,600036,14:06:00,39.4500,74,1
2026-04-24,600036,14:06:03,39.4400,21,2
2026-04-24,600036,14:06:06,39.4500,134,1
2026-04-24,600036,14:06:09,39.4400,49,2
2026-04-24,600036,14:06:12,39.4500,34,1
2026-04-24,600036,14:06:15,39.4500,116,1
2026-04-24,600036,14:06:18,39.4500,51,1
2026-04-24,600036,14:06:21,39.4400,72,2
2026-04-24,600036,14:06:24,39.4400,68,2
2026-04-24,600036,14:06:27,39.4500,6,1
2026-04-24,600036,14:06:30,39.4400,73,2
2026-04-24,600036,14:06:33,39.4500,27,1
2026-04-24,600036,14:06:36,39.4400,80,2
2026-04-24,600036,14:06:39,39.4500,219,1
2026-04-24,600036,14:06:42,39.4500,32,1
2026-04-24,600036,14:06:45,39.4500,42,1
2026-04-24,600036,14:06:48,39.4500,13,1
2026-04-24,600036,14:06:51,39.4500,146,1
2026-04-24,600036,14:06:54,39.4400,114,2
2026-04-24,600036,14:06:57,39.4500,67,1
2026-04-24,600036,14:07:00,39.4400,73,2
2026-04-24,600036,14:07:03,39.4500,384,1
2026-04-24,600036,10:54:24,39.5100,132,2
2026-04-24,600036,10:54:27,39.5100,68,2
2026-04-24,600036,10:54:30,39.5000,54,2
2026-04-24,600036,10:54:33,39.5100,31,1
2026-04-24,600036,10:54:36,39.4900,17583,2
2026-04-24,600036,10:54:39,39.4900,1104,2
2026-04-24,600036,10:54:42,39.5000,593,1
2026-04-24,600036,10:54:45,39.5000,379,1
2026-04-24,600036,10:54:48,39.4900,135,2
2026-04-24,600036,10:54:51,39.5000,275,1
2026-04-24,600036,10:54:54,39.4900,301,2
2026-04-24,600036,10:54:57,39.4900,66,1
2026-04-24,600036,10:55:00,39.4900,43,1
2026-04-24,600036,10:55:03,39.4900,330,1
2026-04-24,600036,10:55:06,39.4900,33,2
2026-04-24,600036,10:55:09,39.5000,37,1
2026-04-24,600036,10:55:12,39.4900,108,2
2026-04-24,600036,10:55:15,39.4900,122,2
2026-04-24,600036,10:55:18,39.4800,62,2
2026-04-24,600036,10:55:21,39.4900,92,1
2026-04-24,600036,10:55:24,39.4900,55,1
2026-04-24,600036,10:55:27,39.5000,1006,1
2026-04-24,600036,10:55:30,39.4900,8,2
2026-04-24,600036,10:55:33,39.4900,6,2
2026-04-24,600036,10:55:36,39.4900,20,2
2026-04-24,600036,10:55:39,39.4800,107,2
2026-04-24,600036,10:55:42,39.4900,172,1
2026-04-24,600036,10:55:45,39.4900,49,1
2026-04-24,600036,10:55:48,39.4800,1582,2
2026-04-24,600036,10:55:51,39.4700,64,2
2026-04-24,600036,10:55:54,39.4700,566,2
2026-04-24,600036,10:55:57,39.4800,59,1
2026-04-24,600036,10:56:00,39.4800,111,1
2026-04-24,600036,10:56:03,39.4800,33,1
2026-04-24,600036,10:56:06,39.4800,139,1
2026-04-24,600036,10:56:09,39.4800,275,1
2026-04-24,600036,10:56:12,39.4800,65,1
2026-04-24,600036,10:56:15,39.4700,134,2
2026-04-24,600036,10:56:18,39.4700,214,2
2026-04-24,600036,10:56:21,39.4600,86,2
2026-04-24,600036,10:56:24,39.4700,59,1
2026-04-24,600036,10:56:27,39.4700,48,2
2026-04-24,600036,10:56:30,39.4800,56,1
2026-04-24,600036,10:56:33,39.4700,75,2
2026-04-24,600036,10:56:36,39.4600,36,2
2026-04-24,600036,10:56:39,39.4600,102,2
2026-04-24,600036,10:56:42,39.4600,735,2
2026-04-24,600036,10:56:45,39.4800,134,1
2026-04-24,600036,10:56:48,39.4700,61,2
2026-04-24,600036,10:56:51,39.4800,44,1
2026-04-24,600036,10:56:57,39.4800,9,1
2026-04-24,600036,10:57:00,39.4800,91,1
2026-04-24,600036,10:57:03,39.4800,25,1
2026-04-24,600036,10:57:06,39.4800,29,1
2026-04-24,600036,10:57:09,39.4800,49,1
2026-04-24,600036,10:57:12,39.4800,141,1
2026-04-24,600036,10:57:15,39.4900,548,1
2026-04-24,600036,10:57:18,39.4800,170,2
2026-04-24,600036,10:57:21,39.4800,68,2
2026-04-24,600036,10:57:24,39.4800,21,2
2026-04-24,600036,10:57:27,39.4800,139,2
2026-04-24,600036,10:57:30,39.4800,46,1
2026-04-24,600036,10:57:33,39.4800,55,1
2026-04-24,600036,10:57:36,39.4700,521,2
2026-04-24,600036,10:57:39,39.4800,39,1
2026-04-24,600036,10:57:42,39.4800,6,1
2026-04-24,600036,10:57:45,39.4800,82,1
2026-04-24,600036,10:57:48,39.4800,21,1
2026-04-24,600036,10:57:51,39.4800,63,1
2026-04-24,600036,10:57:54,39.4700,1136,2
2026-04-24,600036,10:57:57,39.4700,16,1
2026-04-24,600036,10:58:00,39.4700,62,1
2026-04-24,600036,10:58:03,39.4700,14,1
2026-04-24,600036,10:58:06,39.4700,91,1
2026-04-24,600036,10:58:09,39.4600,48,2
2026-04-24,600036,10:58:12,39.4500,3844,2
2026-04-24,600036,10:58:15,39.4500,145,2
2026-04-24,600036,10:58:18,39.4600,76,1
2026-04-24,600036,10:58:21,39.4500,33,2
2026-04-24,600036,10:58:24,39.4600,42,1
2026-04-24,600036,10:58:27,39.4600,54,1
2026-04-24,600036,10:58:30,39.4600,19,1
2026-04-24,600036,10:58:33,39.4500,874,2
2026-04-24,600036,10:58:36,39.4500,265,2
2026-04-24,600036,10:58:39,39.4600,24,1
2026-04-24,600036,10:58:42,39.4500,177,2
2026-04-24,600036,10:58:45,39.4500,46,2
2026-04-24,600036,10:58:48,39.4500,1366,2
2026-04-24,600036,10:58:51,39.4400,989,2
2026-04-24,600036,10:58:54,39.4400,138,1
2026-04-24,600036,10:58:57,39.4500,206,1
2026-04-24,600036,10:59:00,39.4400,33,4
2026-04-24,600036,10:59:03,39.4400,193,4
2026-04-24,600036,10:59:06,39.4300,177,2
2026-04-24,600036,10:59:09,39.4300,150,2
2026-04-24,600036,10:59:12,39.4300,464,2
2026-04-24,600036,10:59:15,39.4300,241,1
2026-04-24,600036,10:59:18,39.4300,34,2
2026-04-24,600036,10:59:21,39.4400,136,1
2026-04-24,600036,10:59:24,39.4300,885,2
2026-04-24,600036,10:59:27,39.4300,38,2
2026-04-24,600036,10:59:30,39.4300,57,2
2026-04-24,600036,10:59:33,39.4300,167,2
2026-04-24,600036,10:59:36,39.4400,40,1
2026-04-24,600036,10:59:39,39.4400,67,1
2026-04-24,600036,10:59:42,39.4400,72,1
2026-04-24,600036,10:59:45,39.4400,16,1
2026-04-24,600036,10:59:48,39.4300,1839,2
2026-04-24,600036,10:59:51,39.4200,268,4
2026-04-24,600036,10:59:54,39.4300,147,1
2026-04-24,600036,10:59:57,39.4300,105,1
2026-04-24,600036,11:00:00,39.4200,66,2
2026-04-24,600036,11:00:03,39.4200,83,2
2026-04-24,600036,11:00:06,39.4200,42,2
2026-04-24,600036,11:00:09,39.4200,63,2
2026-04-24,600036,11:00:12,39.4300,38,1
2026-04-24,600036,11:00:15,39.4300,156,1
2026-04-24,600036,11:00:18,39.4300,122,1
2026-04-24,600036,11:00:21,39.4300,14,1
2026-04-24,600036,11:00:24,39.4300,47,1
2026-04-24,600036,11:00:27,39.4300,79,1
2026-04-24,600036,11:00:30,39.4200,10,2
2026-04-24,600036,11:00:33,39.4300,157,1
2026-04-24,600036,11:00:36,39.4300,24,1
2026-04-24,600036,11:00:39,39.4300,47,1
2026-04-24,600036,11:00:42,39.4300,80,1
2026-04-24,600036,11:00:45,39.4200,398,2
2026-04-24,600036,11:00:48,39.4200,476,2
2026-04-24,600036,11:00:51,39.4200,99,1
2026-04-24,600036,11:00:54,39.4200,55,1
2026-04-24,600036,11:00:57,39.4200,528,1
2026-04-24,600036,11:01:00,39.4300,45,1
2026-04-24,600036,11:01:03,39.4300,73,1
2026-04-24,600036,11:01:06,39.4300,188,1
2026-04-24,600036,11:01:09,39.4300,124,1
2026-04-24,600036,11:01:12,39.4200,154,2
2026-04-24,600036,11:01:15,39.4300,32,1
2026-04-24,600036,11:01:18,39.4300,78,1
2026-04-24,600036,11:01:21,39.4300,34,1
2026-04-24,600036,11:01:24,39.4300,31,1
2026-04-24,600036,11:01:27,39.4300,191,1
2026-04-24,600036,11:01:30,39.4300,30,1
2026-04-24,600036,11:01:33,39.4300,278,1
2026-04-24,600036,11:01:36,39.4300,49,1
2026-04-24,600036,11:01:39,39.4200,382,2
2026-04-24,600036,11:01:42,39.4300,84,1
2026-04-24,600036,11:01:45,39.4300,49,2
2026-04-24,600036,11:01:48,39.4300,11,2
2026-04-24,600036,11:01:51,39.4300,98,2
2026-04-24,600036,11:01:54,39.4500,212,1
2026-04-24,600036,11:01:57,39.4500,31,1
2026-04-24,600036,11:02:00,39.4500,77,1
2026-04-24,600036,11:02:03,39.4600,46,1
2026-04-24,600036,11:02:06,39.4500,16,2
2026-04-24,600036,11:02:09,39.4600,59,1
2026-04-24,600036,11:02:12,39.4600,37,1
2026-04-24,600036,11:02:15,39.4600,18,1
2026-04-24,600036,11:02:18,39.4600,162,1
2026-04-24,600036,11:02:21,39.4600,43,1
2026-04-24,600036,11:02:24,39.4600,216,1
2026-04-24,600036,11:02:27,39.4600,54,1
2026-04-24,600036,11:02:30,39.4500,34,2
2026-04-24,600036,11:02:33,39.4500,85,2
2026-04-24,600036,11:02:36,39.4500,272,2
2026-04-24,600036,11:02:39,39.4500,79,2
2026-04-24,600036,11:02:42,39.4500,135,1
2026-04-24,600036,11:02:45,39.4500,382,1
2026-04-24,600036,11:02:48,39.4400,78,2
2026-04-24,600036,11:02:51,39.4500,85,1
2026-04-24,600036,11:02:54,39.4400,135,2
2026-04-24,600036,11:02:57,39.4400,246,2
2026-04-24,600036,11:03:00,39.4400,109,2
2026-04-24,600036,11:03:03,39.4400,101,2
2026-04-24,600036,11:03:06,39.4300,69,2
2026-04-24,600036,11:03:09,39.4400,38,1
2026-04-24,600036,11:03:12,39.4200,611,2
2026-04-24,600036,11:03:15,39.4300,352,1
2026-04-24,600036,11:03:18,39.4300,18,2
2026-04-24,600036,11:03:21,39.4300,6,2
2026-04-24,600036,11:03:24,39.4400,61,1
2026-04-24,600036,11:03:27,39.4400,54,1
2026-04-24,600036,11:03:30,39.4300,30,2
2026-04-24,600036,11:03:33,39.4400,15,1
2026-04-24,600036,11:03:36,39.4400,13,1
2026-04-24,600036,11:03:39,39.4300,46,2
2026-04-24,600036,11:03:42,39.4400,27,1
2026-04-24,600036,11:03:45,39.4300,70,2
2026-04-24,600036,11:03:48,39.4400,6,1
2026-04-24,600036,11:03:51,39.4400,123,1
2026-04-24,600036,11:03:54,39.4400,49,1
2026-04-24,600036,11:03:57,39.4400,6,1
2026-04-24,600036,11:04:00,39.4400,17,1
2026-04-24,600036,11:04:03,39.4400,25,1
2026-04-24,600036,11:04:06,39.4400,101,1
2026-04-24,600036,11:04:09,39.4300,272,2
2026-04-24,600036,11:04:12,39.4400,60,1
2026-04-24,600036,11:04:15,39.4300,118,2
2026-04-24,600036,11:04:18,39.4400,46,1
2026-04-24,600036,11:04:21,39.4400,5,1
2026-04-24,600036,11:04:24,39.4400,16,1
2026-04-24,600036,11:04:27,39.4300,40,2
2026-04-24,600036,11:04:30,39.4400,174,1
2026-04-24,600036,11:04:33,39.4400,163,1
2026-04-24,600036,11:04:36,39.4400,114,1
2026-04-24,600036,11:04:39,39.4300,121,2
2026-04-24,600036,11:04:42,39.4200,161,2
2026-04-24,600036,11:04:45,39.4300,71,1
2026-04-24,600036,11:04:48,39.4300,846,1
2026-04-24,600036,11:04:51,39.4300,53,1
2026-04-24,600036,11:04:54,39.4300,8,1
2026-04-24,600036,11:04:57,39.4300,34,1
2026-04-24,600036,11:05:00,39.4400,419,1
2026-04-24,600036,11:05:03,39.4400,117,1
2026-04-24,600036,11:05:06,39.4300,25,2
2026-04-24,600036,11:05:12,39.4400,8,1
2026-04-24,600036,11:05:15,39.4300,15,2
2026-04-24,600036,11:05:18,39.4300,17,2
2026-04-24,600036,11:05:21,39.4500,673,1
2026-04-24,600036,11:05:24,39.4500,29,1
2026-04-24,600036,11:05:27,39.4400,76,2
2026-04-24,600036,11:05:30,39.4500,47,1
2026-04-24,600036,11:05:33,39.4500,79,1
2026-04-24,600036,11:05:36,39.4500,77,1
2026-04-24,600036,11:05:39,39.4500,81,1
2026-04-24,600036,11:05:42,39.4500,18,1
2026-04-24,600036,11:05:45,39.4500,30,1
2026-04-24,600036,11:05:48,39.4500,20,1
2026-04-24,600036,11:05:51,39.4500,19,1
2026-04-24,600036,11:05:54,39.4500,3,1
2026-04-24,600036,11:05:57,39.4500,12,1
2026-04-24,600036,11:06:00,39.4500,63,1
2026-04-24,600036,11:06:03,39.4500,42,1
2026-04-24,600036,11:06:06,39.4500,142,1
2026-04-24,600036,11:06:09,39.4500,58,1
2026-04-24,600036,11:06:12,39.4500,70,1
2026-04-24,600036,11:06:15,39.4500,134,1
2026-04-24,600036,11:06:18,39.4500,34,2
2026-04-24,600036,11:06:21,39.4600,5,1
2026-04-24,600036,11:06:24,39.4600,145,1
2026-04-24,600036,11:06:27,39.4600,9,1
2026-04-24,600036,11:06:30,39.4600,138,1
2026-04-24,600036,11:06:33,39.4700,10,1
2026-04-24,600036,11:06:36,39.4700,523,1
2026-04-24,600036,11:06:39,39.4700,47,1
2026-04-24,600036,11:06:42,39.4800,44,1
2026-04-24,600036,11:06:45,39.4800,12,1
2026-04-24,600036,11:06:48,39.4700,234,2
2026-04-24,600036,11:06:51,39.4700,389,1
2026-04-24,600036,11:06:54,39.4800,3,1
2026-04-24,600036,11:06:57,39.4800,25,1
2026-04-24,600036,11:07:00,39.4800,121,1
2026-04-24,600036,11:07:03,39.4900,78,1
2026-04-24,600036,11:07:06,39.4800,15,2
2026-04-24,600036,11:07:09,39.4800,9,2
2026-04-24,600036,11:07:12,39.4900,58,1
2026-04-24,600036,11:07:15,39.4900,33,1
2026-04-24,600036,11:07:18,39.4900,18,1
2026-04-24,600036,11:07:21,39.4900,38,1
2026-04-24,600036,11:07:24,39.4800,53,2
2026-04-24,600036,11:07:27,39.4800,80,2
2026-04-24,600036,11:07:30,39.4900,15,1
2026-04-24,600036,11:07:33,39.4900,43,1
2026-04-24,600036,11:07:36,39.4900,13,1
2026-04-24,600036,11:07:39,39.4900,5,1
2026-04-24,600036,11:07:42,39.4900,72,1
2026-04-24,600036,11:07:45,39.4900,14,1
2026-04-24,600036,11:07:48,39.4800,86,2
2026-04-24,600036,11:07:51,39.4900,35,1
2026-04-24,600036,11:07:54,39.4900,7,1
2026-04-24,600036,11:07:57,39.4900,30,1
2026-04-24,600036,11:08:00,39.4800,5,2
2026-04-24,600036,11:08:03,39.4900,45,1
2026-04-24,600036,11:08:06,39.4800,118,2
2026-04-24,600036,11:08:09,39.4800,197,2
2026-04-24,600036,11:08:12,39.4800,16,1
2026-04-24,600036,11:08:15,39.4800,19,1
2026-04-24,600036,11:08:18,39.4800,13,1
2026-04-24,600036,11:08:21,39.4800,11,1
2026-04-24,600036,11:08:24,39.4800,52,1
2026-04-24,600036,11:08:27,39.4700,8,2
2026-04-24,600036,11:08:30,39.4700,40,2
2026-04-24,600036,11:08:33,39.4700,129,2
2026-04-24,600036,11:08:36,39.4800,384,1
2026-04-24,600036,11:08:39,39.4700,18,4
2026-04-24,600036,11:08:42,39.4700,2,1
2026-04-24,600036,11:08:45,39.4600,21,2
2026-04-24,600036,11:08:48,39.4700,137,1
2026-04-24,600036,11:08:51,39.4700,55,1
2026-04-24,600036,11:08:54,39.4600,27,2
2026-04-24,600036,11:08:57,39.4700,14,1
2026-04-24,600036,11:09:00,39.4700,219,1
2026-04-24,600036,11:09:03,39.4700,26,2
2026-04-24,600036,11:09:06,39.4800,17,1
2026-04-24,600036,11:09:09,39.4800,5,1
2026-04-24,600036,11:09:12,39.4700,32,2
2026-04-24,600036,11:09:15,39.4700,34,2
2026-04-24,600036,11:09:18,39.4800,47,1
2026-04-24,600036,11:09:21,39.4800,8,1
2026-04-24,600036,11:09:24,39.4800,120,1
2026-04-24,600036,11:09:27,39.4800,11,2
2026-04-24,600036,11:09:30,39.4900,7,1
2026-04-24,600036,11:09:33,39.4900,38,1
2026-04-24,600036,11:09:36,39.4800,25,2
2026-04-24,600036,11:09:39,39.4900,156,1
2026-04-24,600036,11:09:42,39.4900,45,1
2026-04-24,600036,11:09:45,39.4900,16,1
2026-04-24,600036,11:09:48,39.4800,34,2
2026-04-24,600036,11:09:51,39.4800,12,1
2026-04-24,600036,11:09:54,39.4800,27,1
2026-04-24,600036,11:09:57,39.4800,13,1
2026-04-24,600036,11:10:00,39.4800,180,1
2026-04-24,600036,11:10:03,39.4800,19,2
2026-04-24,600036,11:10:09,39.4800,4,2
2026-04-24,600036,11:10:12,39.4900,5,1
2026-04-24,600036,11:10:15,39.4900,2,1
2026-04-24,600036,11:10:18,39.4900,102,1
2026-04-24,600036,11:10:21,39.4900,56,1
2026-04-24,600036,11:10:24,39.4800,46,2
2026-04-24,600036,11:10:27,39.4800,5,2
2026-04-24,600036,11:10:30,39.4800,39,2
2026-04-24,600036,11:10:33,39.4900,6,1
2026-04-24,600036,11:10:36,39.4900,53,1
2026-04-24,600036,11:10:39,39.4900,4,1
2026-04-24,600036,11:10:45,39.4900,19,1
2026-04-24,600036,11:10:48,39.4800,113,2
2026-04-24,600036,11:10:51,39.4800,21,2
2026-04-24,600036,11:10:54,39.4800,73,2
2026-04-24,600036,11:10:57,39.4800,120,2
2026-04-24,600036,11:11:00,39.4900,109,1
2026-04-24,600036,11:11:03,39.4900,40,1
2026-04-24,600036,11:11:06,39.4900,11,1
2026-04-24,600036,11:11:09,39.4800,117,2
2026-04-24,600036,11:11:12,39.4900,19,1
2026-04-24,600036,11:11:15,39.4900,39,1
2026-04-24,600036,11:11:18,39.4900,122,1
2026-04-24,600036,11:11:21,39.5000,50,1
2026-04-24,600036,11:11:24,39.5000,1,1
2026-04-24,600036,11:11:27,39.5000,4,1
2026-04-24,600036,11:11:30,39.4900,25,2
2026-04-24,600036,11:11:33,39.5000,26,1
2026-04-24,600036,11:11:36,39.4900,187,2
2026-04-24,600036,11:11:39,39.4900,14,1
2026-04-24,600036,11:11:42,39.4800,32,2
2026-04-24,600036,11:11:45,39.4900,27,1
2026-04-24,600036,11:11:48,39.4800,11,2
2026-04-24,600036,11:11:51,39.4800,7,2
2026-04-24,600036,11:11:54,39.4900,2,1
2026-04-24,600036,11:11:57,39.4800,63,2
2026-04-24,600036,11:12:00,39.4900,221,1
2026-04-24,600036,11:12:03,39.4800,5,2
2026-04-24,600036,11:12:06,39.4800,11,2
2026-04-24,600036,11:12:09,39.4900,43,1
2026-04-24,600036,11:12:12,39.4900,14,1
2026-04-24,600036,11:12:15,39.4900,13,1
2026-04-24,600036,11:12:18,39.4900,1,1
2026-04-24,600036,11:12:21,39.4900,15,1
2026-04-24,600036,11:12:24,39.4800,72,2
2026-04-24,600036,11:12:27,39.4900,14,1
2026-04-24,600036,11:12:30,39.4900,51,1
2026-04-24,600036,11:12:33,39.4800,21,2
2026-04-24,600036,11:12:36,39.4800,10,2
2026-04-24,600036,11:12:39,39.4900,48,1
2026-04-24,600036,11:12:42,39.4800,34,2
2026-04-24,600036,11:12:45,39.4800,174,2
2026-04-24,600036,11:12:48,39.5100,892,1
2026-04-24,600036,11:12:51,39.5100,155,2
2026-04-24,600036,11:12:54,39.4900,4,2
2026-04-24,600036,11:12:57,39.5000,6,1
2026-04-24,600036,11:13:00,39.4900,14,2
2026-04-24,600036,11:13:03,39.4900,9,2
2026-04-24,600036,11:13:06,39.4900,6,2
2026-04-24,600036,11:13:09,39.4900,13,1
2026-04-24,600036,11:13:12,39.4900,14,1
2026-04-24,600036,11:13:15,39.4900,110,1
2026-04-24,600036,11:13:18,39.4700,20,2
2026-04-24,600036,11:13:21,39.4700,2,2
2026-04-24,600036,11:13:24,39.4700,7,2
2026-04-24,600036,11:13:27,39.4800,9,1
2026-04-24,600036,11:13:30,39.4800,184,1
2026-04-24,600036,11:13:33,39.4800,36,2
2026-04-24,600036,11:13:36,39.4800,5,2
2026-04-24,600036,11:13:39,39.4800,13,2
2026-04-24,600036,11:13:42,39.4900,20,1
2026-04-24,600036,11:13:45,39.4900,5,1
2026-04-24,600036,11:13:48,39.4900,2,1
2026-04-24,600036,11:13:51,39.4800,11,2
2026-04-24,600036,11:13:54,39.4800,32,2
2026-04-24,600036,11:13:57,39.4900,31,1
2026-04-24,600036,11:14:00,39.4900,13,1
2026-04-24,600036,11:14:03,39.4900,2,1
2026-04-24,600036,11:14:06,39.4800,4,2
2026-04-24,600036,11:14:09,39.4800,10,2
2026-04-24,600036,11:14:12,39.4800,81,2
2026-04-24,600036,11:14:15,39.4900,209,1
2026-04-24,600036,11:14:18,39.4800,40,2
2026-04-24,600036,11:14:21,39.4900,2,1
2026-04-24,600036,11:14:24,39.4800,17,2
2026-04-24,600036,11:14:27,39.4800,12,2
2026-04-24,600036,11:14:30,39.4800,23,2
2026-04-24,600036,11:14:33,39.4800,21,2
2026-04-24,600036,11:14:36,39.4800,1,2
2026-04-24,600036,11:14:39,39.4900,110,1
2026-04-24,600036,11:14:42,39.4800,37,4
2026-04-24,600036,11:14:45,39.4700,53,2
2026-04-24,600036,11:14:48,39.4700,35,2
2026-04-24,600036,11:14:51,39.4800,14,1
2026-04-24,600036,11:14:54,39.4700,29,2
2026-04-24,600036,11:14:57,39.4800,13,1
2026-04-24,600036,11:15:00,39.4700,51,2
2026-04-24,600036,11:15:03,39.4800,33,1
2026-04-24,600036,11:15:06,39.4700,36,2
2026-04-24,600036,11:15:09,39.4700,43,2
2026-04-24,600036,11:15:12,39.4800,30,1
2026-04-24,600036,11:15:15,39.4800,276,1
2026-04-24,600036,11:15:18,39.4900,37,1
2026-04-24,600036,11:15:21,39.4900,17,1
2026-04-24,600036,11:15:24,39.4800,18,2
2026-04-24,600036,11:15:27,39.4900,7,1
2026-04-24,600036,11:15:30,39.4800,24,2
2026-04-24,600036,11:15:33,39.4900,63,1
2026-04-24,600036,11:15:36,39.4800,375,2
2026-04-24,600036,11:15:39,39.4800,45,1
2026-04-24,600036,11:15:42,39.4700,61,2
2026-04-24,600036,11:15:45,39.4700,62,2
2026-04-24,600036,11:15:48,39.4700,118,2
2026-04-24,600036,11:15:51,39.4700,27,1
2026-04-24,600036,11:15:54,39.4600,26,2
2026-04-24,600036,11:15:57,39.4700,31,1
2026-04-24,600036,11:16:00,39.4700,62,1
2026-04-24,600036,11:16:03,39.4600,58,2
2026-04-24,600036,11:16:06,39.4700,77,1
2026-04-24,600036,11:16:09,39.4600,171,2
2026-04-24,600036,11:16:12,39.4600,11,1
2026-04-24,600036,11:16:15,39.4500,96,2
2026-04-24,600036,11:16:18,39.4600,18,1
2026-04-24,600036,11:16:21,39.4500,56,2
2026-04-24,600036,11:16:24,39.4500,36,2
2026-04-24,600036,11:16:27,39.4600,63,1
2026-04-24,600036,11:16:30,39.4600,115,1
2026-04-24,600036,11:16:33,39.4500,155,2
2026-04-24,600036,11:16:36,39.4600,39,1
2026-04-24,600036,11:16:39,39.4700,72,1
2026-04-24,600036,11:16:42,39.4600,59,2
2026-04-24,600036,11:16:45,39.4600,25,2
2026-04-24,600036,11:16:48,39.4600,80,1
2026-04-24,600036,11:16:51,39.4500,48,2
2026-04-24,600036,11:16:54,39.4600,31,1
2026-04-24,600036,11:17:00,39.4500,142,2
2026-04-24,600036,11:17:03,39.4500,54,2
2026-04-24,600036,11:17:06,39.4600,37,1
2026-04-24,600036,11:17:09,39.4500,85,2
2026-04-24,600036,11:17:12,39.4600,90,1
2026-04-24,600036,11:17:15,39.4600,812,1
2026-04-24,600036,11:17:21,39.4700,2,1
2026-04-24,600036,11:17:24,39.4600,83,2
2026-04-24,600036,11:17:27,39.4600,24,2
2026-04-24,600036,11:17:30,39.4700,53,1
2026-04-24,600036,11:17:33,39.4600,129,2
2026-04-24,600036,11:17:36,39.4500,127,2
2026-04-24,600036,11:17:39,39.4600,12,1
2026-04-24,600036,11:17:42,39.4600,29,1
2026-04-24,600036,11:17:45,39.4600,190,1
2026-04-24,600036,11:17:48,39.4600,93,2
2026-04-24,600036,11:17:51,39.4600,45,2
2026-04-24,600036,11:17:54,39.4600,87,2
2026-04-24,600036,11:17:57,39.4700,19,1
2026-04-24,600036,11:18:00,39.4600,24,2
2026-04-24,600036,11:18:03,39.4600,151,2
2026-04-24,600036,11:18:06,39.4600,654,2
2026-04-24,600036,11:18:09,39.4600,3,2
2026-04-24,600036,11:18:15,39.4600,135,2
2026-04-24,600036,11:18:18,39.4700,28,1
2026-04-24,600036,11:18:21,39.4600,40,2
2026-04-24,600036,11:18:24,39.4600,6,2
2026-04-24,600036,11:18:27,39.4600,21,2
2026-04-24,600036,11:18:30,39.4600,3,2
2026-04-24,600036,11:18:33,39.4600,189,2
2026-04-24,600036,11:18:36,39.4700,105,1
2026-04-24,600036,11:18:39,39.4700,13,1
2026-04-24,600036,11:18:42,39.4700,81,1
2026-04-24,600036,11:18:45,39.4700,113,1
2026-04-24,600036,11:18:48,39.4600,43,2
2026-04-24,600036,11:18:51,39.4600,3,2
2026-04-24,600036,11:18:54,39.4700,13,1
2026-04-24,600036,11:18:57,39.4600,40,2
