date,code,time,price,volume,bs
2026-03-24,600519,14:02:11,1405.0900,2,1
2026-03-24,600519,14:02:14,1405.0100,2,2
2026-03-24,600519,14:02:17,1405.0900,3,1
2026-03-24,600519,14:02:23,1405.0900,3,1
2026-03-24,600519,14:02:26,1405.1400,4,1
2026-03-24,600519,14:02:29,1405.1500,4,1
2026-03-24,600519,14:02:32,1405.5900,6,1
2026-03-24,600519,14:02:35,1405.7100,2,1
2026-03-24,600519,14:02:38,1405.7600,5,2
2026-03-24,600519,14:02:41,1405.9500,2,1
2026-03-24,600519,14:02:44,1405.9100,1,1
2026-03-24,600519,14:02:47,1405.9500,4,1
2026-03-24,600519,14:02:50,1405.9500,2,1
2026-03-24,600519,14:02:53,1405.9500,10,1
2026-03-24,600519,14:02:56,1405.9500,29,1
2026-03-24,600519,14:02:59,1405.9500,4,1
2026-03-24,600519,14:03:02,1405.9500,6,1
2026-03-24,600519,14:03:05,1405.9700,3,1
2026-03-24,600519,14:03:08,1405.9700,3,1
2026-03-24,600519,14:03:17,1405.9800,1,1
2026-03-24,600519,14:03:20,1405.9800,9,1
2026-03-24,600519,14:03:23,1405.9800,10,1
2026-03-24,600519,14:03:26,1405.9800,5,2
2026-03-24,600519,14:03:29,1406.0500,3,1
2026-03-24,600519,14:03:35,1406.4000,1,1
2026-03-24,600519,14:03:38,1406.4700,2,2
2026-03-24,600519,14:03:41,1406.8000,3,2
2026-03-24,600519,14:03:47,1406.8000,3,2
2026-03-24,600519,14:03:50,1406.8000,2,2
2026-03-24,600519,14:03:56,1406.7100,3,2
2026-03-24,600519,14:03:59,1406.2100,1,2
2026-03-24,600519,14:04:02,1406.5100,1,1
2026-03-24,600519,14:04:05,1406.1300,1,2
2026-03-24,600519,14:04:08,1406.1400,1,2
2026-03-24,600519,14:04:11,1406.1300,3,2
2026-03-24,600519,14:04:14,1406.2300,3,1
2026-03-24,600519,14:04:17,1405.9800,6,2
2026-03-24,600519,14:04:20,1405.5900,2,2
2026-03-24,600519,14:04:23,1405.1300,3,2
2026-03-24,600519,14:04:26,1405.0200,8,2
2026-03-24,600519,14:04:29,1405.9000,11,1
2026-03-24,600519,14:04:32,1404.8800,3,2
2026-03-24,600519,14:04:35,1404.8800,5,1
2026-03-24,600519,14:04:38,1404.8101,4,1
2026-03-24,600519,14:04:41,1404.8700,1,1
2026-03-24,600519,14:04:44,1404.8800,3,2
2026-03-24,600519,14:04:47,1404.9800,1,2
2026-03-24,600519,14:04:50,1405.3500,2,1
2026-03-24,600519,14:04:53,1405.3500,2,1
2026-03-24,600519,14:04:56,1404.9800,12,2
2026-03-24,600519,14:04:59,1405.3400,1,2
2026-03-24,600519,14:05:02,1405.8101,8,1
2026-03-24,600519,14:05:05,1405.9900,6,1
2026-03-24,600519,14:05:08,1406.0100,8,2
2026-03-24,600519,14:05:11,1405.0800,12,2
2026-03-24,600519,14:05:14,1406.1700,2,1
2026-03-24,600519,14:05:17,1406.0100,4,1
2026-03-24,600519,14:05:20,1405.0100,3,2
2026-03-24,600519,14:05:23,1405.7100,2,1
2026-03-24,600519,14:05:26,1406.5000,2,1
2026-03-24,600519,14:05:29,1406.5800,5,1
2026-03-24,600519,14:05:32,1406.0000,2,1
2026-03-24,600519,14:05:35,1406.7100,3,1
2026-03-24,600519,14:05:38,1406.7000,3,1
2026-03-24,600519,14:05:41,1406.7000,5,1
2026-03-24,600519,14:05:44,1406.7100,7,2
2026-03-24,600519,14:05:47,1406.9800,21,1
2026-03-24,600519,14:05:50,1406.9800,3,1
2026-03-24,600519,14:05:53,1406.9900,11,1
2026-03-24,600519,14:05:56,1406.9800,1,1
2026-03-24,600519,14:05:59,1406.9000,7,1
2026-03-24,600519,14:06:02,1406.9000,1,1
2026-03-24,600519,14:06:05,1406.2600,5,2
2026-03-24,600519,14:06:08,1406.8900,2,1
2026-03-24,600519,14:06:14,1406.9000,3,1
2026-03-24,600519,14:06:17,1406.9399,16,1
2026-03-24,600519,14:06:20,1406.8400,2,2
2026-03-24,600519,14:06:23,1406.9800,4,1
2026-03-24,600519,14:06:26,1406.9900,7,1
2026-03-24,600519,14:06:32,1406.9900,7,1
2026-03-24,600519,14:06:35,1406.9900,7,1
2026-03-24,600519,14:06:41,1406.9900,3,1
2026-03-24,600519,14:06:44,1406.9399,3,2
2026-03-24,600519,14:06:47,1406.9900,3,1
2026-03-24,600519,14:06:50,1406.8800,8,2
2026-03-24,600519,14:06:53,1406.8000,7,2
2026-03-24,600519,14:06:56,1406.8800,2,1
2026-03-24,600519,14:06:59,1406.9600,3,1
2026-03-24,600519,14:07:05,1406.9700,5,1
2026-03-24,600519,14:07:08,1406.7000,3,2
2026-03-24,600519,14:07:11,1406.9700,1,1
2026-03-24,600519,14:07:14,1406.9500,1,1
2026-03-24,600519,14:07:17,1406.6801,3,2
2026-03-24,600519,14:07:20,1406.4000,7,2
2026-03-24,600519,14:07:23,1406.5000,1,1
2026-03-24,600519,14:07:26,1406.0000,4,2
2026-03-24,600519,14:07:29,1406.4900,4,1
2026-03-24,600519,14:07:32,1405.5601,10,2
2026-03-24,600519,14:07:35,1405.5601,4,2
2026-03-24,600519,14:07:38,1406.7300,9,1
2026-03-24,600519,14:07:41,1406.7900,3,1
2026-03-24,600519,14:07:47,1406.9500,5,1
2026-03-24,600519,14:07:50,1406.9600,2,1
2026-03-24,600519,14:07:53,1406.9600,2,1
2026-03-24,600519,14:07:56,1405.7200,2,2
2026-03-24,600519,14:07:59,1405.9600,2,2
2026-03-24,600519,14:08:02,1405.7200,2,2
2026-03-24,600519,14:08:05,1406.9500,2,1
2026-03-24,600519,14:08:08,1406.9399,4,1
2026-03-24,600519,14:08:11,1405.7000,5,2
2026-03-24,600519,14:08:14,1406.9399,7,1
2026-03-24,600519,14:08:17,1406.9600,3,1
2026-03-24,600519,14:08:20,1405.7200,1,2
2026-03-24,600519,14:08:23,1406.9600,4,1
2026-03-24,600519,14:08:26,1406.0000,4,2
2026-03-24,600519,14:08:29,1407.0000,5,1
2026-03-24,600519,14:08:32,1407.0000,4,1
2026-03-24,600519,14:08:35,1406.9600,7,1
2026-03-24,600519,14:08:38,1406.9600,2,1
2026-03-24,600519,14:08:47,1406.3500,3,1
2026-03-24,600519,14:08:50,1405.7600,1,2
2026-03-24,600519,14:08:53,1405.7400,4,2
2026-03-24,600519,14:08:59,1405.8000,2,2
2026-03-24,600519,14:09:02,1406.1000,1,1
2026-03-24,600519,14:09:11,1405.8000,15,2
2026-03-24,600519,14:09:14,1405.6700,8,2
2026-03-24,600519,14:09:17,1405.7500,15,2
2026-03-24,600519,14:09:20,1405.5000,3,2
2026-03-24,600519,14:09:23,1405.4800,4,2
2026-03-24,600519,14:09:26,1405.7200,3,1
2026-03-24,600519,14:09:29,1405.6700,3,1
2026-03-24,600519,14:09:32,1405.0200,2,2
2026-03-24,600519,14:09:35,1405.0100,2,2
2026-03-24,600519,14:09:44,1405.0200,1,1
2026-03-24,600519,14:09:47,1405.0200,9,1
2026-03-24,600519,14:09:50,1405.0300,2,2
2026-03-24,600519,14:09:53,1405.0200,2,2
2026-03-24,600519,14:09:59,1405.0200,1,2
2026-03-24,600519,14:10:02,1405.0200,0,2
2026-03-24,600519,14:10:05,1405.0200,5,2
2026-03-24,600519,14:10:08,1405.0200,4,2
2026-03-24,600519,14:10:11,1404.1500,44,2
2026-03-24,600519,14:10:14,1404.0400,5,2
2026-03-24,600519,14:10:17,1404.2900,2,1
2026-03-24,600519,14:10:20,1404.0601,29,2
2026-03-24,600519,14:10:23,1404.6000,1,1
2026-03-24,600519,14:10:32,1404.5000,2,2
2026-03-24,600519,14:10:35,1404.7100,1,1
2026-03-24,600519,14:10:38,1404.7600,1,4
2026-03-24,600519,14:10:41,1404.6100,2,2
2026-03-24,600519,14:10:44,1404.6100,1,1
2026-03-24,600519,14:10:47,1404.5100,4,2
2026-03-24,600519,14:10:50,1404.4900,9,2
2026-03-24,600519,14:10:56,1404.5000,1,1
2026-03-24,600519,14:10:59,1404.5000,1,1
2026-03-24,600519,14:11:02,1404.1000,5,2
2026-03-24,600519,14:11:05,1404.0800,2,2
2026-03-24,600519,14:11:08,1404.6100,3,1
2026-03-24,600519,14:11:14,1404.6100,1,1
2026-03-24,600519,14:11:17,1404.6100,2,1
2026-03-24,600519,14:11:23,1404.5100,6,2
2026-03-24,600519,14:11:26,1404.5100,4,1
2026-03-24,600519,14:11:29,1404.7100,4,1
2026-03-24,600519,14:11:32,1404.7500,1,1
2026-03-24,600519,14:11:35,1404.7500,1,1
2026-03-24,600519,14:11:41,1404.6801,1,1
2026-03-24,600519,14:11:44,1404.7500,2,1
2026-03-24,600519,14:11:47,1404.7500,5,1
2026-03-24,600519,14:11:50,1404.7500,3,1
2026-03-24,600519,14:11:53,1404.7600,3,1
2026-03-24,600519,14:11:56,1404.9100,1,1
2026-03-24,600519,14:12:05,1404.7600,13,2
2026-03-24,600519,14:12:08,1404.8800,2,1
2026-03-24,600519,14:12:11,1404.7800,3,2
2026-03-24,600519,14:12:14,1404.8800,2,1
2026-03-24,600519,14:12:17,1404.9000,3,1
2026-03-24,600519,14:12:20,1404.9000,1,1
2026-03-24,600519,14:12:23,1404.7800,6,2
2026-03-24,600519,14:12:26,1404.7800,2,2
2026-03-24,600519,14:12:35,1404.7700,2,2
2026-03-24,600519,14:12:38,1404.9000,5,1
2026-03-24,600519,14:12:47,1404.9200,2,1
2026-03-24,600519,14:12:53,1404.9301,1,1
2026-03-24,600519,14:12:56,1404.9399,4,1
2026-03-24,600519,14:12:59,1404.9200,3,2
2026-03-24,600519,14:13:02,1404.9399,4,1
2026-03-24,600519,14:13:05,1404.9399,7,1
2026-03-24,600519,14:13:08,1404.8900,6,2
2026-03-24,600519,14:13:11,1404.9200,5,1
2026-03-24,600519,14:13:14,1404.8800,3,2
2026-03-24,600519,14:13:17,1404.9301,4,1
2026-03-24,600519,14:13:20,1404.8600,2,2
2026-03-24,600519,14:13:23,1404.8900,2,1
2026-03-24,600519,14:13:29,1404.8900,1,1
2026-03-24,600519,14:13:32,1404.8300,1,2
2026-03-24,600519,14:13:41,1404.8199,2,2
2026-03-24,600519,14:13:44,1404.7900,9,2
2026-03-24,600519,14:13:47,1404.7900,1,1
2026-03-24,600519,14:13:50,1404.7900,1,1
2026-03-24,600519,14:13:53,1404.8199,5,1
2026-03-24,600519,14:13:56,1404.8199,3,2
2026-03-24,600519,14:13:59,1404.9399,6,1
2026-03-24,600519,14:14:02,1404.8101,1,2
2026-03-24,600519,14:14:05,1405.0100,2,1
2026-03-24,600519,14:14:08,1405.0000,5,1
2026-03-24,600519,14:14:11,1405.1000,11,1
2026-03-24,600519,14:14:17,1405.0900,4,1
2026-03-24,600519,14:14:20,1405.0900,3,2
2026-03-24,600519,14:14:23,1405.1000,3,1
2026-03-24,600519,14:14:26,1405.1200,7,1
2026-03-24,600519,14:14:29,1405.2800,2,1
2026-03-24,600519,14:14:32,1405.2900,7,1
2026-03-24,600519,14:14:35,1405.3400,5,1
2026-03-24,600519,14:14:38,1405.1100,2,2
2026-03-24,600519,14:14:41,1405.3400,4,1
2026-03-24,600519,14:14:44,1405.7400,3,1
2026-03-24,600519,14:14:47,1405.7400,2,1
2026-03-24,600519,14:14:50,1405.7300,2,1
2026-03-24,600519,14:14:53,1405.6700,3,2
2026-03-24,600519,14:14:56,1405.7400,5,1
2026-03-24,600519,14:14:59,1405.8101,4,1
2026-03-24,600519,14:15:05,1406.4000,2,1
2026-03-24,600519,14:15:08,1406.9399,5,1
2026-03-24,600519,14:15:11,1406.9500,4,1
2026-03-24,600519,14:15:17,1406.4700,6,2
2026-03-24,600519,14:15:20,1406.9700,24,1
2026-03-24,600519,14:15:23,1406.4800,3,2
2026-03-24,600519,14:15:26,1406.8900,4,1
2026-03-24,600519,14:15:29,1406.9900,7,1
2026-03-24,600519,14:15:32,1407.5000,2,1
2026-03-24,600519,14:15:35,1406.9500,11,2
2026-03-24,600519,14:15:38,1407.5000,2,1
2026-03-24,600519,14:15:41,1407.4900,6,2
2026-03-24,600519,14:15:47,1407.6000,3,1
2026-03-24,600519,14:15:50,1407.5900,2,1
2026-03-24,600519,14:15:53,1407.4900,2,2
2026-03-24,600519,14:15:56,1406.9600,3,2
2026-03-24,600519,14:15:59,1407.4399,1,1
2026-03-24,600519,14:16:02,1407.2400,3,1
2026-03-24,600519,14:16:05,1406.9600,2,2
2026-03-24,600519,14:16:08,1406.8900,9,2
2026-03-24,600519,14:16:11,1406.4800,5,2
2026-03-24,600519,14:16:14,1406.9700,3,1
2026-03-24,600519,14:16:17,1406.9600,1,1
2026-03-24,600519,14:16:20,1406.9700,2,1
2026-03-24,600519,14:16:23,1406.9600,2,1
2026-03-24,600519,14:16:26,1406.4800,3,2
2026-03-24,600519,14:16:29,1406.4800,5,2
2026-03-24,600519,14:16:32,1407.0000,4,1
2026-03-24,600519,14:16:35,1406.9900,1,2
2026-03-24,600519,14:16:38,1407.0601,1,1
2026-03-24,600519,14:16:41,1407.0601,4,1
2026-03-24,600519,14:16:44,1406.9900,3,2
2026-03-24,600519,14:16:47,1406.8900,2,2
2026-03-24,600519,14:16:50,1406.8900,2,2
2026-03-24,600519,14:16:53,1406.4800,4,2
2026-03-24,600519,14:16:59,1406.9301,14,1
2026-03-24,600519,14:17:05,1406.5000,7,2
2026-03-24,600519,14:17:08,1406.5100,3,2
2026-03-24,600519,14:17:11,1406.9900,3,1
2026-03-24,600519,14:17:14,1406.9301,2,2
2026-03-24,600519,14:17:17,1406.9301,10,2
2026-03-24,600519,14:17:20,1407.4100,7,1
2026-03-24,600519,14:17:23,1406.9301,5,2
2026-03-24,600519,14:17:26,1406.9900,6,1
2026-03-24,600519,14:17:38,1406.9800,4,1
2026-03-24,600519,14:17:41,1406.5300,3,2
2026-03-24,600519,14:17:44,1406.9700,1,1
2026-03-24,600519,14:17:47,1406.9700,3,1
2026-03-24,600519,14:17:50,1406.9600,1,1
2026-03-24,600519,14:17:53,1406.9600,11,2
2026-03-24,600519,14:17:56,1406.9500,1,1
2026-03-24,600519,14:17:59,1406.9600,5,1
2026-03-24,600519,14:18:02,1407.0400,9,1
2026-03-24,600519,14:18:05,1406.9700,2,2
2026-03-24,600519,14:18:08,1407.0400,1,1
2026-03-24,600519,14:18:11,1407.0400,10,1
2026-03-24,600519,14:18:14,1407.0400,7,1
2026-03-24,600519,14:18:20,1407.4800,3,1
2026-03-24,600519,14:18:23,1407.1100,9,2
2026-03-24,600519,14:18:26,1407.1300,5,2
2026-03-24,600519,14:18:29,1407.6200,6,1
2026-03-24,600519,14:18:32,1407.8800,7,2
2026-03-24,600519,14:18:35,1407.9000,1,1
2026-03-24,600519,14:18:38,1407.9301,6,1
2026-03-24,600519,14:18:41,1407.9100,2,2
2026-03-24,600519,14:18:44,1407.9301,2,2
2026-03-24,600519,14:18:47,1407.8400,9,2
2026-03-24,600519,14:18:50,1407.8101,2,2
2026-03-24,600519,14:18:53,1407.9000,7,1
2026-03-24,600519,14:18:56,1407.9000,9,1
2026-03-24,600519,14:18:59,1407.9100,4,1
2026-03-24,600519,14:19:02,1407.6200,12,2
2026-03-24,600519,14:19:05,1407.8101,8,1
2026-03-24,600519,14:19:08,1407.8101,9,2
2026-03-24,600519,14:19:14,1407.8101,11,2
2026-03-24,600519,14:19:17,1407.6000,11,2
2026-03-24,600519,14:19:20,1407.9800,3,1
2026-03-24,600519,14:19:23,1407.9800,21,1
2026-03-24,600519,14:19:26,1407.9800,12,1
2026-03-24,600519,14:19:32,1407.8300,8,1
2026-03-24,600519,14:19:38,1407.9100,5,1
2026-03-24,600519,14:19:41,1407.8300,5,2
2026-03-24,600519,14:19:44,1407.8300,18,2
2026-03-24,600519,14:19:50,1407.9100,1,1
2026-03-24,600519,14:19:53,1407.8400,2,2
2026-03-24,600519,14:19:56,1407.8300,1,2
2026-03-24,600519,14:19:59,1407.8101,2,2
2026-03-24,600519,14:20:02,1407.8000,4,2
2026-03-24,600519,14:20:05,1407.8199,4,1
2026-03-24,600519,14:20:08,1407.8000,2,1
2026-03-24,600519,14:20:14,1407.8101,4,1
2026-03-24,600519,14:20:17,1407.1100,6,2
2026-03-24,600519,14:20:20,1407.1200,4,2
2026-03-24,600519,14:20:23,1407.8199,2,1
2026-03-24,600519,14:20:26,1407.8199,8,1
2026-03-24,600519,14:20:29,1407.8300,2,1
2026-03-24,600519,14:20:32,1407.8300,2,1
2026-03-24,600519,14:20:35,1407.9000,6,1
2026-03-24,600519,14:20:38,1407.9800,15,1
2026-03-24,600519,14:20:41,1407.8600,9,2
2026-03-24,600519,14:20:44,1408.0000,10,1
2026-03-24,600519,14:20:47,1408.0000,16,1
2026-03-24,600519,14:20:50,1408.2100,7,1
2026-03-24,600519,14:20:53,1408.5000,7,1
2026-03-24,600519,14:21:02,1408.4000,1,1
2026-03-24,600519,14:21:05,1408.3700,6,2
2026-03-24,600519,14:21:08,1408.3800,4,1
2026-03-24,600519,14:21:11,1408.3300,4,1
2026-03-24,600519,14:21:14,1408.3199,4,1
2026-03-24,600519,14:21:17,1408.4100,8,1
2026-03-24,600519,14:21:20,1408.4000,6,2
2026-03-24,600519,14:21:23,1408.3900,3,2
2026-03-24,600519,14:21:26,1408.5800,11,1
2026-03-24,600519,14:21:29,1408.5800,3,2
2026-03-24,600519,14:21:32,1408.5900,8,2
2026-03-24,600519,14:21:35,1408.6600,2,1
2026-03-24,600519,14:21:41,1408.6500,2,2
2026-03-24,600519,14:21:47,1408.7100,1,1
2026-03-24,600519,14:21:50,1408.7000,6,1
2026-03-24,600519,14:21:53,1408.7000,2,1
2026-03-24,600519,14:21:56,1408.6600,2,1
2026-03-24,600519,14:21:59,1408.6600,1,1
2026-03-24,600519,14:22:02,1408.7000,6,1
2026-03-24,600519,14:22:05,1408.7100,1,1
2026-03-24,600519,14:22:08,1408.7000,6,2
2026-03-24,600519,14:22:11,1408.7100,4,2
2026-03-24,600519,14:22:14,1408.7300,2,2
2026-03-24,600519,14:22:17,1408.7300,1,2
2026-03-24,600519,14:22:20,1409.0000,6,1
2026-03-24,600519,14:22:23,1409.0500,7,1
2026-03-24,600519,14:22:26,1409.0000,8,1
2026-03-24,600519,14:22:29,1408.8900,9,1
2026-03-24,600519,14:22:32,1408.6899,2,2
2026-03-24,600519,14:22:35,1408.2200,20,2
2026-03-24,600519,14:22:38,1408.3199,3,1
2026-03-24,600519,14:22:41,1408.4700,2,1
2026-03-24,600519,14:22:44,1408.6801,5,1
2026-03-24,600519,14:22:47,1408.6801,3,1
2026-03-24,600519,14:22:50,1408.4700,2,1
2026-03-24,600519,14:22:53,1408.0200,5,2
2026-03-24,600519,14:22:56,1408.6801,3,1
2026-03-24,600519,14:22:59,1408.0200,2,2
2026-03-24,600519,14:23:02,1408.0200,7,2
2026-03-24,600519,14:23:05,1408.0200,5,2
2026-03-24,600519,14:23:08,1408.5699,3,1
2026-03-24,600519,14:23:11,1408.7500,6,1
2026-03-24,600519,14:23:14,1408.6801,5,2
2026-03-24,600519,14:23:17,1408.8900,2,1
2026-03-24,600519,14:23:20,1408.8900,2,1
2026-03-24,600519,14:23:23,1408.7900,6,1
2026-03-24,600519,14:23:26,1408.4000,1,2
2026-03-24,600519,14:23:29,1408.2700,3,2
2026-03-24,600519,14:23:32,1408.7600,5,1
2026-03-24,600519,14:23:35,1408.4200,2,2
2026-03-24,600519,14:23:38,1408.7600,3,1
2026-03-24,600519,14:23:41,1408.7600,16,1
2026-03-24,600519,14:23:44,1408.7700,4,2
2026-03-24,600519,14:23:47,1408.9700,5,1
2026-03-24,600519,14:23:50,1408.9900,5,1
2026-03-24,600519,14:23:53,1409.0000,8,1
2026-03-24,600519,14:23:56,1409.3000,9,1
2026-03-24,600519,14:23:59,1409.5000,11,1
2026-03-24,600519,14:24:02,1409.2400,6,2
2026-03-24,600519,14:24:05,1409.3000,3,2
2026-03-24,600519,14:24:08,1409.0100,12,2
2026-03-24,600519,14:24:11,1409.0100,1,1
2026-03-24,600519,14:24:17,1408.9800,6,2
2026-03-24,600519,14:24:20,1408.9800,1,1
2026-03-24,600519,14:24:26,1408.9800,4,1
2026-03-24,600519,14:24:29,1408.9800,1,1
2026-03-24,600519,14:24:32,1408.9800,2,1
2026-03-24,600519,14:24:35,1408.7200,3,2
2026-03-24,600519,14:24:41,1408.9800,3,1
2026-03-24,600519,14:24:44,1408.9700,1,1
2026-03-24,600519,14:24:47,1408.5000,5,2
2026-03-24,600519,14:24:50,1408.9800,17,1
2026-03-24,600519,14:24:53,1409.0000,5,1
2026-03-24,600519,14:24:56,1408.9800,1,2
2026-03-24,600519,14:24:59,1409.0000,4,1
2026-03-24,600519,14:25:02,1409.0000,5,1
2026-03-24,600519,14:25:11,1409.0000,3,1
2026-03-24,600519,14:25:14,1409.0699,1,1
2026-03-24,600519,14:25:17,1408.9600,11,2
2026-03-24,600519,14:25:20,1408.8800,3,2
2026-03-24,600519,14:25:23,1408.8700,1,1
2026-03-24,600519,14:25:26,1408.8300,1,2
2026-03-24,600519,14:25:29,1408.8600,1,1
2026-03-24,600519,14:25:32,1408.8199,1,2
2026-03-24,600519,14:25:35,1408.8600,1,1
2026-03-24,600519,14:25:38,1408.8400,6,2
2026-03-24,600519,14:25:41,1408.8400,3,2
2026-03-24,600519,14:25:44,1408.6600,16,2
2026-03-24,600519,14:25:47,1408.2900,4,2
2026-03-24,600519,14:25:50,1408.4500,2,1
2026-03-24,600519,14:25:53,1408.0800,2,2
2026-03-24,600519,14:25:59,1408.5300,2,1
2026-03-24,600519,14:26:02,1408.4399,2,2
2026-03-24,600519,14:26:05,1408.3500,3,2
2026-03-24,600519,14:26:08,1408.3500,1,1
2026-03-24,600519,14:26:11,1408.3500,2,1
2026-03-24,600519,14:26:14,1408.3500,1,1
2026-03-24,600519,14:26:17,1408.0699,4,2
2026-03-24,600519,14:26:20,1407.8600,21,2
2026-03-24,600519,14:26:23,1407.8900,3,1
2026-03-24,600519,14:26:26,1407.8000,2,1
2026-03-24,600519,14:26:29,1407.3700,3,2
2026-03-24,600519,14:26:32,1407.3199,4,2
2026-03-24,600519,14:26:38,1407.3199,11,2
2026-03-24,600519,14:26:41,1407.1300,6,2
2026-03-24,600519,14:26:44,1407.1700,3,1
2026-03-24,600519,14:26:47,1407.1400,2,2
2026-03-24,600519,14:26:50,1407.1400,7,2
2026-03-24,600519,14:26:53,1407.1400,2,1
2026-03-24,600519,14:26:56,1407.1400,1,1
2026-03-24,600519,14:26:59,1407.1400,1,1
2026-03-24,600519,14:27:02,1407.1700,2,1
2026-03-24,600519,14:27:05,1407.1801,1,1
2026-03-24,600519,14:27:11,1407.2000,4,2
2026-03-24,600519,14:27:14,1407.1801,3,2
2026-03-24,600519,14:27:17,1407.1899,3,1
2026-03-24,600519,14:27:20,1407.1801,4,2
2026-03-24,600519,14:27:26,1407.1801,5,2
2026-03-24,600519,14:27:32,1407.2000,12,1
2026-03-24,600519,14:27:35,1407.1801,6,2
2026-03-24,600519,14:27:38,1407.1801,1,1
2026-03-24,600519,14:27:41,1407.1801,4,1
2026-03-24,600519,14:27:44,1407.1801,4,1
2026-03-24,600519,14:27:47,1407.1801,3,1
2026-03-24,600519,14:27:50,1407.1100,1,2
2026-03-24,600519,14:27:53,1407.1500,5,1
2026-03-24,600519,14:27:56,1407.1000,2,2
2026-03-24,600519,14:27:59,1407.1000,2,2
2026-03-24,600519,14:28:05,1407.1300,5,1
2026-03-24,600519,14:28:08,1407.1400,1,1
2026-03-24,600519,14:28:11,1407.1300,1,2
2026-03-24,600519,14:28:17,1407.1600,5,1
2026-03-24,600519,14:28:20,1407.2400,9,1
2026-03-24,600519,14:28:23,1407.0300,11,2
2026-03-24,600519,14:28:26,1407.1300,4,1
2026-03-24,600519,14:28:29,1407.0200,1,2
2026-03-24,600519,14:28:32,1407.1500,1,1
2026-03-24,600519,14:28:35,1407.0100,4,2
2026-03-24,600519,14:28:38,1407.1200,1,2
2026-03-24,600519,14:28:44,1407.1500,3,2
2026-03-24,600519,14:28:47,1407.1500,5,1
2026-03-24,600519,14:28:53,1407.0601,2,2
2026-03-24,600519,14:28:56,1407.0699,2,2
2026-03-24,600519,14:28:59,1406.8800,28,2
2026-03-24,600519,14:29:02,1406.6600,3,2
2026-03-24,600519,14:29:08,1406.4000,7,2
2026-03-24,600519,14:29:11,1406.4900,2,1
2026-03-24,600519,14:29:17,1406.3400,2,2
2026-03-24,600519,14:29:20,1406.4800,6,1
2026-03-24,600519,14:29:23,1406.3600,2,2
2026-03-24,600519,14:29:26,1406.4900,14,1
2026-03-24,600519,14:29:29,1406.6500,11,1
2026-03-24,600519,14:29:32,1407.1500,16,1
2026-03-24,600519,14:29:35,1406.6801,1,2
2026-03-24,600519,14:29:38,1407.7500,7,1
2026-03-24,600519,14:29:41,1407.6200,1,1
2026-03-24,600519,14:29:44,1406.6600,3,2
2026-03-24,600519,14:29:47,1406.5400,4,2
2026-03-24,600519,14:29:50,1406.5400,8,2
2026-03-24,600519,14:29:53,1407.6200,6,1
2026-03-24,600519,14:29:56,1407.0601,5,2
2026-03-24,600519,14:29:59,1406.6700,1,2
2026-03-24,600519,14:30:02,1407.0601,1,1
2026-03-24,600519,14:30:05,1407.0601,2,1
2026-03-24,600519,14:30:08,1407.1500,1,1
2026-03-24,600519,14:30:11,1407.1400,6,1
2026-03-24,600519,14:30:14,1407.1000,4,1
2026-03-24,600519,14:30:17,1406.6400,9,2
2026-03-24,600519,14:30:20,1407.1600,4,1
2026-03-24,600519,14:30:23,1406.5800,8,2
2026-03-24,600519,14:30:26,1406.5400,4,2
2026-03-24,600519,14:30:29,1407.1000,3,1
2026-03-24,600519,14:30:35,1406.8000,1,1
2026-03-24,600519,14:30:41,1406.5300,2,2
2026-03-24,600519,14:30:44,1407.1000,11,1
2026-03-24,600519,14:30:47,1406.8000,5,2
2026-03-24,600519,14:30:50,1407.1000,2,1
2026-03-24,600519,14:30:56,1407.0699,2,1
2026-03-24,600519,14:30:59,1407.0601,6,1
2026-03-24,600519,14:31:05,1407.1000,3,1
2026-03-24,600519,14:31:08,1406.8101,1,2
2026-03-24,600519,14:31:11,1407.0800,3,1
2026-03-24,600519,14:31:14,1407.1000,7,1
2026-03-24,600519,14:31:20,1407.0900,15,1
2026-03-24,600519,14:31:23,1407.0800,4,1
2026-03-24,600519,14:31:29,1407.0900,3,1
2026-03-24,600519,14:31:32,1407.0800,2,2
2026-03-24,600519,14:31:35,1407.1500,2,1
2026-03-24,600519,14:31:38,1407.2000,3,1
2026-03-24,600519,14:31:41,1407.1000,1,2
2026-03-24,600519,14:31:44,1407.6801,2,1
2026-03-24,600519,14:31:47,1407.6801,2,1
2026-03-24,600519,14:31:56,1407.6700,10,1
2026-03-24,600519,14:31:59,1407.9000,4,1
2026-03-24,600519,14:32:02,1407.9900,1,1
2026-03-24,600519,14:32:05,1407.9900,2,1
2026-03-24,600519,14:32:11,1407.9900,1,1
2026-03-24,600519,14:32:14,1407.9600,5,2
2026-03-24,600519,14:32:17,1407.9600,4,2
2026-03-24,600519,14:32:20,1407.9100,1,2
2026-03-24,600519,14:32:23,1407.9100,6,4
2026-03-24,600519,14:32:26,1407.9100,22,2
2026-03-24,600519,14:32:29,1407.8400,6,1
2026-03-24,600519,14:32:32,1407.6801,13,2
2026-03-24,600519,14:32:35,1407.8400,11,1
2026-03-24,600519,14:32:38,1407.6801,2,1
2026-03-24,600519,14:32:41,1407.7100,2,1
2026-03-24,600519,14:32:44,1407.8400,11,1
2026-03-24,600519,14:32:47,1407.8400,2,1
2026-03-24,600519,14:32:50,1407.7100,4,1
2026-03-24,600519,14:32:53,1407.7100,2,2
2026-03-24,600519,14:32:56,1407.8000,1,1
2026-03-24,600519,14:32:59,1407.8000,2,1
2026-03-24,600519,14:33:02,1407.7900,1,2
2026-03-24,600519,14:33:05,1407.7500,1,2
2026-03-24,600519,14:33:14,1407.7700,1,2
2026-03-24,600519,14:33:17,1407.7900,4,1
2026-03-24,600519,14:33:20,1407.7900,3,1
2026-03-24,600519,14:33:23,1407.7400,1,2
2026-03-24,600519,14:33:26,1407.7300,2,2
2026-03-24,600519,14:33:29,1407.7400,4,2
2026-03-24,600519,14:33:32,1407.7400,3,1
2026-03-24,600519,14:33:35,1407.7300,26,4
2026-03-24,600519,14:33:38,1407.7200,7,1
2026-03-24,600519,14:33:41,1407.7100,3,1
2026-03-24,600519,14:33:44,1407.6400,4,2
2026-03-24,600519,14:33:47,1407.6100,3,2
2026-03-24,600519,14:33:50,1407.6200,2,2
2026-03-24,600519,14:33:53,1407.2000,4,2
2026-03-24,600519,14:33:56,1407.1300,4,2
2026-03-24,600519,14:33:59,1407.6000,6,1
2026-03-24,600519,14:34:02,1407.1000,34,2
2026-03-24,600519,14:34:05,1406.8500,1,2
2026-03-24,600519,14:34:08,1406.8500,5,2
2026-03-24,600519,14:34:11,1406.6000,19,2
2026-03-24,600519,14:34:14,1406.6700,1,2
2026-03-24,600519,14:34:17,1406.8800,38,1
2026-03-24,600519,14:34:20,1406.9000,1,4
2026-03-24,600519,14:34:23,1406.9500,4,1
2026-03-24,600519,14:34:26,1406.9600,1,1
2026-03-24,600519,14:34:29,1407.0601,9,1
2026-03-24,600519,14:34:32,1407.7600,17,1
2026-03-24,600519,14:34:35,1407.8700,1,1
2026-03-24,600519,14:34:38,1407.8800,4,1
2026-03-24,600519,14:34:44,1407.7200,2,2
2026-03-24,600519,14:34:47,1407.8800,1,1
2026-03-24,600519,14:34:50,1407.7100,3,2
2026-03-24,600519,14:34:53,1407.9100,30,1
2026-03-24,600519,14:34:56,1407.9900,28,1
2026-03-24,600519,14:34:59,1407.6200,1,2
2026-03-24,600519,14:35:02,1407.7200,3,2
2026-03-24,600519,14:35:05,1407.7100,2,2
2026-03-24,600519,14:35:08,1407.9900,5,1
2026-03-24,600519,14:35:11,1407.7200,1,2
2026-03-24,600519,14:35:14,1408.0699,13,1
2026-03-24,600519,14:35:17,1408.0699,3,1
2026-03-24,600519,14:35:20,1408.3199,2,1
2026-03-24,600519,14:35:23,1408.0800,9,2
2026-03-24,600519,14:35:26,1408.5000,2,1
2026-03-24,600519,14:35:29,1408.0699,8,2
2026-03-24,600519,14:35:32,1408.1100,7,2
2026-03-24,600519,14:35:35,1408.0200,12,2
2026-03-24,600519,14:35:38,1408.4000,7,1
2026-03-24,600519,14:35:41,1408.1100,3,2
2026-03-24,600519,14:35:44,1408.3300,1,1
2026-03-24,600519,14:35:47,1408.3199,22,1
2026-03-24,600519,14:35:50,1408.5000,5,1
2026-03-24,600519,14:35:53,1408.5500,1,1
2026-03-24,600519,14:35:56,1408.5699,3,2
2026-03-24,600519,14:35:59,1408.4700,6,2
2026-03-24,600519,14:36:02,1408.3300,8,2
2026-03-24,600519,14:36:05,1408.3300,8,1
2026-03-24,600519,14:36:08,1408.0000,17,2
2026-03-24,600519,14:36:11,1408.6000,4,1
2026-03-24,600519,14:36:14,1408.6000,1,1
2026-03-24,600519,14:36:20,1408.6000,5,1
2026-03-24,600519,14:36:23,1408.4900,2,2
2026-03-24,600519,14:36:26,1408.9800,2,1
2026-03-24,600519,14:36:29,1408.9800,3,1
2026-03-24,600519,14:36:32,1408.9900,1,1
2026-03-24,600519,14:36:35,1408.6000,1,2
2026-03-24,600519,14:36:38,1409.0601,27,1
2026-03-24,600519,14:36:41,1409.0601,1,1
2026-03-24,600519,14:36:44,1409.0601,3,1
2026-03-24,600519,14:36:47,1409.0000,6,2
2026-03-24,600519,14:36:50,1408.9800,1,2
2026-03-24,600519,14:36:53,1408.9800,6,2
2026-03-24,600519,14:36:56,1409.0000,8,1
2026-03-24,600519,14:36:59,1409.0000,3,2
2026-03-24,600519,14:37:02,1408.9900,6,2
2026-03-24,600519,14:37:05,1409.0601,8,1
2026-03-24,600519,14:37:08,1409.0000,4,1
2026-03-24,600519,14:37:11,1409.0000,4,1
2026-03-24,600519,14:37:14,1408.8400,12,2
2026-03-24,600519,14:37:17,1409.0601,2,1
2026-03-24,600519,14:37:20,1408.8199,14,2
2026-03-24,600519,14:37:23,1408.7400,1,2
2026-03-24,600519,14:37:26,1409.0601,19,1
2026-03-24,600519,14:37:29,1408.8199,3,4
2026-03-24,600519,14:37:32,1408.9301,4,1
2026-03-24,600519,14:37:35,1408.8800,3,1
2026-03-24,600519,14:37:38,1408.8300,10,2
2026-03-24,600519,14:37:41,1408.8300,2,1
2026-03-24,600519,14:37:44,1408.8300,4,4
2026-03-24,600519,14:37:47,1408.7700,8,2
2026-03-24,600519,14:37:53,1408.5900,4,2
2026-03-24,600519,14:37:56,1408.5800,6,2
2026-03-24,600519,14:37:59,1408.5900,2,1
2026-03-24,600519,14:38:02,1408.5000,9,2
2026-03-24,600519,14:38:05,1408.0000,45,2
2026-03-24,600519,14:38:08,1408.5000,8,1
2026-03-24,600519,14:38:11,1408.5000,2,1
2026-03-24,600519,14:38:14,1408.4000,16,2
2026-03-24,600519,14:38:17,1408.0300,12,2
2026-03-24,600519,14:38:20,1408.0300,4,1
2026-03-24,600519,14:38:23,1408.0300,4,1
2026-03-24,600519,14:38:26,1407.6000,2,1
2026-03-24,600519,14:38:29,1408.0000,6,1
2026-03-24,600519,14:38:32,1407.1801,1,2
2026-03-24,600519,14:38:35,1407.1300,23,2
2026-03-24,600519,14:38:38,1407.2200,2,2
2026-03-24,600519,14:38:41,1407.1801,10,2
2026-03-24,600519,14:38:44,1407.6000,2,1
2026-03-24,600519,14:38:47,1407.1400,2,2
2026-03-24,600519,14:38:50,1407.0601,9,2
2026-03-24,600519,14:38:53,1407.2800,3,1
2026-03-24,600519,14:38:59,1407.0000,26,2
2026-03-24,600519,14:39:02,1407.1801,35,1
2026-03-24,600519,14:39:05,1407.8000,2,1
2026-03-24,600519,14:39:08,1407.1600,1,2
2026-03-24,600519,14:39:11,1407.6000,4,1
2026-03-24,600519,14:39:14,1407.6000,9,1
2026-03-24,600519,14:39:20,1407.6200,4,2
2026-03-24,600519,14:39:29,1407.6200,1,2
2026-03-24,600519,14:39:32,1407.6100,3,2
2026-03-24,600519,14:39:35,1407.5900,6,2
2026-03-24,600519,14:39:38,1407.6000,4,1
2026-03-24,600519,14:39:41,1407.6400,5,1
2026-03-24,600519,14:39:44,1407.6000,1,1
2026-03-24,600519,14:39:47,1407.6400,1,1
2026-03-24,600519,14:39:50,1407.5601,2,2
2026-03-24,600519,14:39:53,1407.6700,2,1
2026-03-24,600519,14:39:56,1407.6400,3,2
2026-03-24,600519,14:40:02,1407.6700,2,1
2026-03-24,600519,14:40:05,1407.5300,4,2
2026-03-24,600519,14:40:08,1407.4600,18,2
2026-03-24,600519,14:40:11,1407.2000,13,2
2026-03-24,600519,14:40:14,1407.5000,7,1
2026-03-24,600519,14:40:17,1407.4399,4,2
2026-03-24,600519,14:40:20,1407.5300,2,1
2026-03-24,600519,14:40:23,1407.1600,12,2
2026-03-24,600519,14:40:26,1407.1600,5,2
2026-03-24,600519,14:40:29,1407.1600,1,2
2026-03-24,600519,14:40:32,1407.4399,1,1
2026-03-24,600519,14:40:35,1407.4399,1,2
2026-03-24,600519,14:40:38,1407.4399,2,2
2026-03-24,600519,14:40:41,1407.3900,1,2
2026-03-24,600519,14:40:44,1407.4301,1,1
2026-03-24,600519,14:40:47,1407.4301,7,1
2026-03-24,600519,14:40:50,1407.4301,1,1
2026-03-24,600519,14:40:53,1407.4200,1,1
2026-03-24,600519,14:40:56,1407.3700,5,2
2026-03-24,600519,14:40:59,1407.4301,1,1
2026-03-24,600519,14:41:02,1407.4301,4,1
2026-03-24,600519,14:41:05,1407.4301,2,1
2026-03-24,600519,14:41:08,1407.4600,5,1
2026-03-24,600519,14:41:11,1408.0000,18,1
2026-03-24,600519,14:41:14,1407.9900,18,1
2026-03-24,600519,14:41:17,1407.4600,3,2
2026-03-24,600519,14:41:23,1407.7300,1,1
2026-03-24,600519,14:41:29,1408.3300,11,1
2026-03-24,600519,14:41:32,1408.3900,2,1
2026-03-24,600519,14:41:35,1407.7600,2,2
2026-03-24,600519,14:41:38,1408.1300,2,4
2026-03-24,600519,14:41:41,1408.2200,1,1
2026-03-24,600519,14:41:44,1408.2400,1,2
2026-03-24,600519,14:41:47,1408.2300,1,2
2026-03-24,600519,14:41:50,1408.4900,9,1
2026-03-24,600519,14:41:53,1408.5601,1,1
2026-03-24,600519,14:41:56,1408.5500,4,1
2026-03-24,600519,14:41:59,1408.5699,5,1
2026-03-24,600519,14:42:02,1408.5800,1,1
2026-03-24,600519,14:42:05,1408.6400,2,1
2026-03-24,600519,14:42:08,1408.5699,4,2
2026-03-24,600519,14:42:11,1408.5699,4,2
2026-03-24,600519,14:42:14,1408.6500,8,1
2026-03-24,600519,14:42:17,1408.6600,3,1
2026-03-24,600519,14:42:20,1408.6500,2,2
2026-03-24,600519,14:42:23,1408.6500,9,2
2026-03-24,600519,14:42:26,1408.6000,3,2
2026-03-24,600519,14:42:29,1408.5800,1,2
2026-03-24,600519,14:42:32,1408.5800,2,2
2026-03-24,600519,14:42:35,1408.6300,1,1
2026-03-24,600519,14:42:38,1408.5800,2,2
2026-03-24,600519,14:42:41,1408.5800,2,2
2026-03-24,600519,14:42:44,1408.5699,15,2
2026-03-24,600519,14:42:47,1408.5699,5,2
2026-03-24,600519,14:42:50,1408.5500,4,2
2026-03-24,600519,14:42:53,1408.5900,1,1
2026-03-24,600519,14:42:56,1408.5601,2,2
2026-03-24,600519,14:42:59,1408.5601,1,2
2026-03-24,600519,14:43:02,1408.5500,7,2
2026-03-24,600519,14:43:05,1408.5300,7,2
2026-03-24,600519,14:43:08,1408.5000,9,2
2026-03-24,600519,14:43:11,1408.5000,8,2
2026-03-24,600519,14:43:14,1408.5400,3,2
2026-03-24,600519,14:43:20,1408.5300,8,2
2026-03-24,600519,14:43:23,1408.5500,7,1
2026-03-24,600519,14:43:29,1408.5200,6,1
2026-03-24,600519,14:43:32,1408.5300,1,1
2026-03-24,600519,14:43:35,1408.5300,3,1
2026-03-24,600519,14:43:38,1408.5100,5,2
2026-03-24,600519,14:43:41,1408.5400,6,1
2026-03-24,600519,14:43:44,1408.5300,7,1
2026-03-24,600519,14:43:47,1408.5400,2,1
2026-03-24,600519,14:43:50,1408.5400,4,2
2026-03-24,600519,14:43:53,1408.5500,8,1
2026-03-24,600519,14:43:56,1408.5400,5,1
2026-03-24,600519,14:43:59,1408.5200,2,2
2026-03-24,600519,14:44:02,1408.5400,22,1
2026-03-24,600519,14:44:05,1408.5400,42,1
2026-03-24,600519,14:44:08,1408.5400,1,2
2026-03-24,600519,14:44:11,1408.6300,6,1
2026-03-24,600519,14:44:17,1408.6300,2,1
2026-03-24,600519,14:44:20,1408.6500,1,1
2026-03-24,600519,14:44:23,1408.5400,7,2
2026-03-24,600519,14:44:26,1408.5400,2,1
2026-03-24,600519,14:44:29,1408.5400,3,1
2026-03-24,600519,14:44:32,1408.5400,1,2
2026-03-24,600519,14:44:35,1408.5400,4,2
2026-03-24,600519,14:44:38,1408.5400,1,2
2026-03-24,600519,14:44:41,1408.6200,9,1
2026-03-24,600519,14:44:44,1408.6100,6,1
2026-03-24,600519,14:44:47,1408.5699,4,2
2026-03-24,600519,14:44:50,1408.6500,2,1
2026-03-24,600519,14:44:53,1408.6600,7,1
2026-03-24,600519,14:44:56,1408.6200,3,2
2026-03-24,600519,14:44:59,1408.6300,1,1
2026-03-24,600519,14:45:02,1408.6500,4,2
2026-03-24,600519,14:45:05,1408.7300,8,2
2026-03-24,600519,14:45:08,1408.8199,2,1
2026-03-24,600519,14:45:11,1408.8300,4,1
2026-03-24,600519,14:45:14,1408.9000,1,1
2026-03-24,600519,14:45:17,1408.9900,11,1
2026-03-24,600519,14:45:20,1408.9900,5,1
2026-03-24,600519,14:45:23,1409.0000,2,1
2026-03-24,600519,14:45:26,1409.0000,10,1
2026-03-24,600519,14:45:29,1409.0000,18,1
2026-03-24,600519,14:45:32,1409.0601,11,1
2026-03-24,600519,14:45:35,1409.0601,5,1
2026-03-24,600519,14:45:38,1409.0500,2,1
2026-03-24,600519,14:45:41,1409.0601,1,1
2026-03-24,600519,14:45:44,1409.0601,5,1
2026-03-24,600519,14:45:47,1409.0601,15,1
2026-03-24,600519,14:45:50,1409.0000,23,2
2026-03-24,600519,14:45:53,1408.9500,11,2
2026-03-24,600519,14:45:56,1409.0800,62,1
2026-03-24,600519,14:45:59,1409.1000,2,1
2026-03-24,600519,14:46:02,1409.1400,6,2
2026-03-24,600519,14:46:05,1409.0800,5,2
2026-03-24,600519,14:46:08,1409.0500,6,2
2026-03-24,600519,14:46:11,1409.0699,2,1
2026-03-24,600519,14:46:14,1409.0500,3,1
2026-03-24,600519,14:46:17,1409.0000,3,2
2026-03-24,600519,14:46:20,1409.0000,4,2
2026-03-24,600519,14:46:23,1408.9900,6,2
2026-03-24,600519,14:46:26,1409.0000,3,2
2026-03-24,600519,14:46:29,1409.0699,4,1
2026-03-24,600519,14:46:32,1409.0601,1,2
2026-03-24,600519,14:46:35,1409.0699,3,1
2026-03-24,600519,14:46:38,1409.0699,6,2
2026-03-24,600519,14:46:41,1409.0601,6,2
2026-03-24,600519,14:46:44,1409.0601,6,2
2026-03-24,600519,14:46:47,1409.0601,6,1
2026-03-24,600519,14:46:50,1409.0601,10,1
2026-03-24,600519,14:46:53,1409.0400,27,2
2026-03-24,600519,14:46:56,1409.0000,4,2
2026-03-24,600519,14:46:59,1408.9000,12,2
2026-03-24,600519,14:47:02,1408.8500,31,2
2026-03-24,600519,14:47:05,1408.8500,3,2
2026-03-24,600519,14:47:08,1408.8400,13,2
2026-03-24,600519,14:47:11,1408.8199,5,2
2026-03-24,600519,14:47:14,1408.7400,5,2
2026-03-24,600519,14:47:17,1408.6400,3,2
2026-03-24,600519,14:47:20,1408.9399,14,1
2026-03-24,600519,14:47:23,1408.9399,14,2
2026-03-24,600519,14:47:26,1408.9399,4,2
2026-03-24,600519,14:47:29,1408.9800,6,1
2026-03-24,600519,14:47:32,1408.9800,3,1
2026-03-24,600519,14:47:35,1408.9301,1,2
2026-03-24,600519,14:47:41,1408.9900,8,4
2026-03-24,600519,14:47:44,1408.9800,8,2
2026-03-24,600519,14:47:47,1408.9000,15,2
2026-03-24,600519,14:47:50,1408.9800,2,1
2026-03-24,600519,14:47:53,1409.0000,4,1
2026-03-24,600519,14:47:56,1408.9900,5,4
2026-03-24,600519,14:47:59,1408.9800,7,2
2026-03-24,600519,14:48:02,1408.9900,12,4
2026-03-24,600519,14:48:05,1408.9900,8,1
2026-03-24,600519,14:48:08,1408.9301,8,2
2026-03-24,600519,14:48:11,1408.9000,10,2
2026-03-24,600519,14:48:14,1408.9000,5,2
2026-03-24,600519,14:48:17,1408.9000,3,2
2026-03-24,600519,14:48:20,1409.0000,14,1
2026-03-24,600519,14:48:23,1409.0000,15,1
2026-03-24,600519,14:48:26,1409.0000,78,1
2026-03-24,600519,14:48:29,1408.9800,13,1
2026-03-24,600519,14:48:32,1408.9800,9,1
2026-03-24,600519,14:48:35,1408.9700,8,1
2026-03-24,600519,14:48:38,1408.5500,5,2
2026-03-24,600519,14:48:41,1408.5500,8,1
2026-03-24,600519,14:48:44,1408.2100,9,2
2026-03-24,600519,14:48:47,1408.6100,13,1
2026-03-24,600519,14:48:50,1408.2100,5,2
2026-03-24,600519,14:48:53,1408.4100,10,1
2026-03-24,600519,14:48:59,1408.4000,53,1
2026-03-24,600519,14:49:02,1408.4000,31,1
2026-03-24,600519,14:49:05,1408.1600,12,2
2026-03-24,600519,14:49:08,1408.6000,1,1
2026-03-24,600519,14:49:11,1408.6000,7,1
2026-03-24,600519,14:49:14,1408.4000,3,1
2026-03-24,600519,14:49:17,1408.6100,6,1
2026-03-24,600519,14:49:20,1408.4800,1,1
2026-03-24,600519,14:49:23,1408.6000,5,1
2026-03-24,600519,14:49:26,1408.6000,15,2
2026-03-24,600519,14:49:29,1408.4800,8,2
2026-03-24,600519,14:49:35,1408.5000,6,2
2026-03-24,600519,14:49:38,1408.3800,3,2
2026-03-24,600519,14:49:41,1408.2000,6,2
2026-03-24,600519,14:49:44,1408.1801,17,2
2026-03-24,600519,14:49:47,1408.1801,1,1
2026-03-24,600519,14:49:50,1408.1000,3,2
2026-03-24,600519,14:49:53,1408.0699,3,2
2026-03-24,600519,14:49:56,1408.0400,2,2
2026-03-24,600519,14:49:59,1408.1500,8,1
2026-03-24,600519,14:50:02,1408.1600,5,1
2026-03-24,600519,14:50:05,1408.1500,3,1
2026-03-24,600519,14:50:08,1408.1801,8,1
2026-03-24,600519,14:50:11,1408.1500,1,2
2026-03-24,600519,14:50:14,1408.1500,9,2
2026-03-24,600519,14:50:17,1408.1500,3,1
2026-03-24,600519,14:50:20,1408.1100,2,2
2026-03-24,600519,14:50:23,1408.1600,1,1
2026-03-24,600519,14:50:29,1408.1600,6,1
2026-03-24,600519,14:50:32,1408.1600,2,2
2026-03-24,600519,14:50:35,1408.1700,4,1
2026-03-24,600519,14:50:38,1408.1600,3,2
2026-03-24,600519,14:50:41,1408.1500,8,2
2026-03-24,600519,14:50:44,1408.1600,13,1
2026-03-24,600519,14:50:47,1408.1600,4,2
2026-03-24,600519,14:50:50,1408.1700,10,1
2026-03-24,600519,14:50:53,1408.1700,4,2
2026-03-24,600519,14:50:56,1408.1801,2,1
2026-03-24,600519,14:50:59,1408.1801,7,1
2026-03-24,600519,14:51:02,1408.1700,25,2
2026-03-24,600519,14:51:05,1408.1700,28,1
2026-03-24,600519,14:51:08,1408.1600,5,2
2026-03-24,600519,14:51:11,1408.1700,3,1
2026-03-24,600519,14:51:14,1408.1600,5,2
2026-03-24,600519,14:51:17,1408.1600,17,2
2026-03-24,600519,14:51:20,1408.1700,4,1
2026-03-24,600519,14:51:23,1408.1600,3,2
2026-03-24,600519,14:51:26,1408.1700,8,1
2026-03-24,600519,14:51:29,1408.1600,3,2
2026-03-24,600519,14:51:32,1408.1801,5,1
2026-03-24,600519,14:51:35,1408.1700,8,2
2026-03-24,600519,14:51:38,1408.1801,12,1
2026-03-24,600519,14:51:41,1408.1700,19,2
2026-03-24,600519,14:51:44,1408.1600,42,2
2026-03-24,600519,14:51:47,1408.1700,22,1
2026-03-24,600519,14:51:50,1408.0000,7,2
2026-03-24,600519,14:51:53,1408.1700,12,1
2026-03-24,600519,14:51:56,1408.1000,5,2
2026-03-24,600519,14:51:59,1408.0200,4,2
2026-03-24,600519,14:52:02,1408.0601,11,2
2026-03-24,600519,14:52:05,1408.1100,20,1
2026-03-24,600519,14:52:08,1408.1100,7,1
2026-03-24,600519,14:52:11,1408.1100,0,1
2026-03-24,600519,14:52:14,1408.1100,5,2
2026-03-24,600519,14:52:17,1408.1100,5,2
2026-03-24,600519,14:52:20,1408.1700,9,1
2026-03-24,600519,14:52:23,1408.1700,3,1
2026-03-24,600519,14:52:26,1408.1200,3,2
2026-03-24,600519,14:52:29,1408.1200,4,2
2026-03-24,600519,14:52:32,1408.1600,2,1
2026-03-24,600519,14:52:35,1408.1700,14,1
2026-03-24,600519,14:52:38,1408.2000,14,1
2026-03-24,600519,14:52:41,1408.4800,11,1
2026-03-24,600519,14:52:44,1408.6000,11,1
2026-03-24,600519,14:52:47,1408.8800,6,1
2026-03-24,600519,14:52:50,1408.6100,6,2
2026-03-24,600519,14:52:53,1408.9600,2,1
2026-03-24,600519,14:52:56,1408.9600,10,1
2026-03-24,600519,14:52:59,1408.8000,7,2
2026-03-24,600519,14:53:02,1408.7400,5,2
2026-03-24,600519,14:53:05,1408.8101,8,1
2026-03-24,600519,14:53:08,1408.9700,7,1
2026-03-24,600519,14:53:11,1408.9600,3,1
2026-03-24,600519,14:53:14,1408.9600,9,1
2026-03-24,600519,14:53:17,1408.9700,6,1
2026-03-24,600519,14:53:20,1408.9600,4,1
2026-03-24,600519,14:53:23,1408.9700,3,2
2026-03-24,600519,14:53:26,1408.9800,6,1
2026-03-24,600519,14:53:29,1408.9700,7,2
2026-03-24,600519,14:53:32,1408.9800,14,1
2026-03-24,600519,14:53:35,1408.9700,6,2
2026-03-24,600519,14:53:38,1409.0000,9,1
2026-03-24,600519,14:53:41,1409.0000,6,1
2026-03-24,600519,14:53:44,1408.9900,12,2
2026-03-24,600519,14:53:47,1409.0000,9,1
2026-03-24,600519,14:53:50,1409.0300,5,1
2026-03-24,600519,14:53:53,1408.9900,2,2
2026-03-24,600519,14:53:56,1409.1100,68,1
2026-03-24,600519,14:53:59,1409.1000,21,1
2026-03-24,600519,14:54:02,1409.1100,11,1
2026-03-24,600519,14:54:05,1409.1100,8,1
2026-03-24,600519,14:54:08,1409.1000,14,1
2026-03-24,600519,14:54:11,1409.1100,13,1
2026-03-24,600519,14:54:14,1409.1100,6,1
2026-03-24,600519,14:54:17,1409.0000,12,2
2026-03-24,600519,14:54:20,1409.0900,17,1
2026-03-24,600519,14:54:23,1409.0000,6,2
2026-03-24,600519,14:54:26,1409.0000,21,2
2026-03-24,600519,14:54:29,1409.0100,14,1
2026-03-24,600519,14:54:32,1408.9700,29,2
2026-03-24,600519,14:54:35,1408.9000,29,2
2026-03-24,600519,14:54:38,1408.9000,1,1
2026-03-24,600519,14:54:41,1408.9700,3,1
2026-03-24,600519,14:54:44,1408.9700,9,1
2026-03-24,600519,14:54:47,1408.9700,6,1
2026-03-24,600519,14:54:50,1408.8199,4,2
2026-03-24,600519,14:54:53,1408.9700,6,1
2026-03-24,600519,14:54:56,1408.9399,7,2
2026-03-24,600519,14:54:59,1408.9900,4,1
2026-03-24,600519,14:55:02,1409.0000,6,1
2026-03-24,600519,14:55:05,1409.0200,24,1
2026-03-24,600519,14:55:08,1409.0000,17,2
2026-03-24,600519,14:55:11,1408.9900,3,2
2026-03-24,600519,14:55:14,1409.1100,5,1
2026-03-24,600519,14:55:17,1409.0200,2,2
2026-03-24,600519,14:55:20,1408.9800,7,2
2026-03-24,600519,14:55:23,1409.0900,11,1
2026-03-24,600519,14:55:26,1409.0100,11,2
2026-03-24,600519,14:55:29,1408.9800,11,2
2026-03-24,600519,14:55:32,1409.0100,8,1
2026-03-24,600519,14:55:35,1409.0000,5,2
2026-03-24,600519,14:55:38,1408.9500,21,2
2026-03-24,600519,14:55:41,1408.9800,11,1
2026-03-24,600519,14:55:44,1408.8800,8,2
2026-03-24,600519,14:55:47,1408.7400,16,2
2026-03-24,600519,14:55:50,1408.4800,11,2
2026-03-24,600519,14:55:53,1408.2400,3,2
2026-03-24,600519,14:55:56,1408.1700,27,2
2026-03-24,600519,14:55:59,1408.3000,10,1
2026-03-24,600519,14:56:02,1408.0100,28,2
2026-03-24,600519,14:56:05,1408.4900,13,1
2026-03-24,600519,14:56:08,1408.0500,2,2
2026-03-24,600519,14:56:11,1408.1000,6,1
2026-03-24,600519,14:56:14,1408.4900,8,1
2026-03-24,600519,14:56:17,1408.1300,17,2
2026-03-24,600519,14:56:20,1408.0000,22,2
2026-03-24,600519,14:56:23,1408.1000,9,1
2026-03-24,600519,14:56:26,1408.3300,12,1
2026-03-24,600519,14:56:29,1408.1200,6,2
2026-03-24,600519,14:56:32,1408.1000,18,2
2026-03-24,600519,14:56:35,1408.0800,10,1
2026-03-24,600519,14:56:38,1408.1000,9,1
2026-03-24,600519,14:56:41,1408.3300,9,1
2026-03-24,600519,14:56:44,1408.3199,4,1
2026-03-24,600519,14:56:47,1408.3199,5,1
2026-03-24,600519,14:56:50,1408.3000,12,2
2026-03-24,600519,14:56:53,1408.5000,3,1
2026-03-24,600519,14:56:56,1408.3199,4,2
2026-03-24,600519,14:56:59,1408.5000,2,1
2026-03-24,600519,15:00:05,1407.3300,572,4
2026-03-24,600519,13:02:02,1407.7900,10,2
2026-03-24,600519,13:02:05,1407.0500,3,2
2026-03-24,600519,13:02:08,1407.0500,2,2
2026-03-24,600519,13:02:11,1407.0500,1,2
2026-03-24,600519,13:02:14,1407.0000,6,2
2026-03-24,600519,13:02:20,1407.0000,5,2
2026-03-24,600519,13:02:23,1407.0100,4,2
2026-03-24,600519,13:02:26,1407.4500,2,1
2026-03-24,600519,13:02:29,1407.4800,3,1
2026-03-24,600519,13:02:32,1407.0200,3,2
2026-03-24,600519,13:02:35,1407.4399,2,1
2026-03-24,600519,13:02:38,1407.5800,6,1
2026-03-24,600519,13:02:41,1407.0200,5,2
2026-03-24,600519,13:02:47,1407.0100,1,2
2026-03-24,600519,13:02:53,1407.6200,11,1
2026-03-24,600519,13:02:56,1407.0200,6,2
2026-03-24,600519,13:02:59,1407.0699,2,2
2026-03-24,600519,13:03:02,1407.0699,1,2
2026-03-24,600519,13:03:08,1407.0699,9,2
2026-03-24,600519,13:03:11,1407.0699,3,2
2026-03-24,600519,13:03:14,1407.0699,2,2
2026-03-24,600519,13:03:17,1407.1000,9,2
2026-03-24,600519,13:03:20,1407.1500,6,1
2026-03-24,600519,13:03:23,1407.0000,10,2
2026-03-24,600519,13:03:29,1407.0900,4,1
2026-03-24,600519,13:03:32,1407.1700,15,1
2026-03-24,600519,13:03:35,1407.1899,1,1
2026-03-24,600519,13:03:38,1407.1700,1,2
2026-03-24,600519,13:03:41,1407.1500,3,2
2026-03-24,600519,13:03:44,1407.1700,2,2
2026-03-24,600519,13:03:47,1407.2000,4,1
2026-03-24,600519,13:03:50,1407.1899,2,2
2026-03-24,600519,13:03:53,1407.1700,1,2
2026-03-24,600519,13:03:59,1407.1700,4,2
2026-03-24,600519,13:04:02,1407.2100,9,1
2026-03-24,600519,13:04:05,1407.1600,5,2
2026-03-24,600519,13:04:08,1407.2000,1,1
2026-03-24,600519,13:04:17,1407.2700,4,1
2026-03-24,600519,13:04:20,1407.2700,2,2
2026-03-24,600519,13:04:23,1407.2700,6,2
2026-03-24,600519,13:04:29,1407.1500,12,2
2026-03-24,600519,13:04:32,1407.0100,21,2
2026-03-24,600519,13:04:35,1406.4600,31,2
2026-03-24,600519,13:04:38,1406.4399,3,1
2026-03-24,600519,13:04:44,1406.0000,4,2
2026-03-24,600519,13:04:47,1406.0000,3,2
2026-03-24,600519,13:04:50,1406.0000,4,2
2026-03-24,600519,13:04:53,1406.0000,1,2
2026-03-24,600519,13:04:56,1406.0000,1,2
2026-03-24,600519,13:04:59,1405.9100,22,2
2026-03-24,600519,13:05:02,1406.0000,32,1
2026-03-24,600519,13:05:08,1405.8800,4,2
2026-03-24,600519,13:05:11,1406.0500,2,1
2026-03-24,600519,13:05:14,1405.8900,3,2
2026-03-24,600519,13:05:17,1405.8800,1,2
2026-03-24,600519,13:05:20,1406.0000,3,1
2026-03-24,600519,13:05:23,1405.8000,6,2
2026-03-24,600519,13:05:26,1406.0000,1,1
2026-03-24,600519,13:05:32,1405.7800,2,2
2026-03-24,600519,13:05:35,1405.6801,1,2
2026-03-24,600519,13:05:38,1405.8000,6,1
2026-03-24,600519,13:05:41,1405.5800,14,2
2026-03-24,600519,13:05:44,1405.4800,24,2
2026-03-24,600519,13:05:47,1405.2000,5,2
2026-03-24,600519,13:05:50,1405.5500,1,1
2026-03-24,600519,13:05:56,1405.1000,1,2
2026-03-24,600519,13:05:59,1405.1500,3,2
2026-03-24,600519,13:06:02,1405.1100,4,2
2026-03-24,600519,13:06:08,1405.5200,3,1
2026-03-24,600519,13:06:17,1405.1100,1,2
2026-03-24,600519,13:06:20,1405.6000,16,1
2026-03-24,600519,13:06:23,1405.6100,3,2
2026-03-24,600519,13:06:26,1405.6000,30,2
2026-03-24,600519,13:06:29,1405.8700,1,1
2026-03-24,600519,13:06:38,1405.8600,1,1
2026-03-24,600519,13:06:41,1405.8700,1,1
2026-03-24,600519,13:06:44,1405.8400,3,1
2026-03-24,600519,13:06:47,1405.8600,2,1
2026-03-24,600519,13:06:50,1405.5000,3,2
2026-03-24,600519,13:06:53,1405.4800,3,2
2026-03-24,600519,13:06:56,1405.6000,3,1
2026-03-24,600519,13:06:59,1405.8600,3,1
2026-03-24,600519,13:07:02,1405.5000,1,2
2026-03-24,600519,13:07:05,1405.5900,1,1
2026-03-24,600519,13:07:08,1405.5800,3,1
2026-03-24,600519,13:07:11,1405.1200,3,2
2026-03-24,600519,13:07:14,1405.1000,3,2
2026-03-24,600519,13:07:17,1405.1200,6,1
2026-03-24,600519,13:07:20,1405.5900,1,1
2026-03-24,600519,13:07:23,1405.1200,4,2
2026-03-24,600519,13:07:26,1405.5900,2,1
2026-03-24,600519,13:07:32,1405.1500,1,2
2026-03-24,600519,13:07:35,1405.1400,1,2
2026-03-24,600519,13:07:41,1405.1400,7,2
2026-03-24,600519,13:07:44,1405.1300,3,2
2026-03-24,600519,13:07:47,1405.1400,1,1
2026-03-24,600519,13:07:53,1405.6000,3,1
2026-03-24,600519,13:07:56,1405.1400,4,2
2026-03-24,600519,13:08:02,1405.1100,4,2
2026-03-24,600519,13:08:05,1405.5800,2,1
2026-03-24,600519,13:08:11,1405.2000,5,2
2026-03-24,600519,13:08:14,1405.2000,6,2
2026-03-24,600519,13:08:17,1405.1300,1,2
2026-03-24,600519,13:08:20,1405.1899,3,1
2026-03-24,600519,13:08:29,1405.1200,12,2
2026-03-24,600519,13:08:32,1405.1100,1,2
2026-03-24,600519,13:08:35,1405.1100,4,2
2026-03-24,600519,13:08:38,1405.1100,1,1
2026-03-24,600519,13:08:41,1405.1000,3,2
2026-03-24,600519,13:08:44,1405.1000,1,2
2026-03-24,600519,13:08:47,1405.1899,4,1
2026-03-24,600519,13:08:53,1405.1000,3,1
2026-03-24,600519,13:08:56,1405.1000,10,2
2026-03-24,600519,13:09:05,1405.1801,8,1
2026-03-24,600519,13:09:08,1405.1100,2,2
2026-03-24,600519,13:09:11,1405.1000,1,2
2026-03-24,600519,13:09:14,1405.1700,1,1
2026-03-24,600519,13:09:17,1405.1700,1,1
2026-03-24,600519,13:09:23,1405.1700,5,1
2026-03-24,600519,13:09:26,1405.1600,2,2
2026-03-24,600519,13:09:29,1405.1600,1,1
2026-03-24,600519,13:09:32,1405.1700,1,1
2026-03-24,600519,13:09:35,1405.1500,1,1
2026-03-24,600519,13:09:41,1405.1300,1,2
2026-03-24,600519,13:09:44,1405.1200,2,2
2026-03-24,600519,13:09:50,1405.0800,9,2
2026-03-24,600519,13:09:53,1405.1100,1,1
2026-03-24,600519,13:09:56,1405.1000,3,2
2026-03-24,600519,13:09:59,1405.0800,6,2
2026-03-24,600519,13:10:02,1405.1000,3,1
2026-03-24,600519,13:10:11,1405.0900,2,1
2026-03-24,600519,13:10:14,1405.1000,9,1
2026-03-24,600519,13:10:17,1405.1000,4,1
2026-03-24,600519,13:10:20,1405.9700,41,1
2026-03-24,600519,13:10:23,1405.9700,6,1
2026-03-24,600519,13:10:26,1405.7500,2,2
2026-03-24,600519,13:10:35,1405.7400,3,2
2026-03-24,600519,13:10:38,1405.7300,3,2
2026-03-24,600519,13:10:41,1405.7300,2,2
2026-03-24,600519,13:10:44,1405.6500,6,2
2026-03-24,600519,13:10:47,1405.7500,5,1
2026-03-24,600519,13:10:50,1405.7400,3,2
2026-03-24,600519,13:10:56,1405.7900,1,1
2026-03-24,600519,13:10:59,1405.7900,11,1
2026-03-24,600519,13:11:05,1405.9700,9,1
2026-03-24,600519,13:11:08,1406.0200,12,1
2026-03-24,600519,13:11:14,1406.5300,4,1
2026-03-24,600519,13:11:17,1406.5300,1,1
2026-03-24,600519,13:11:20,1406.5300,1,1
2026-03-24,600519,13:11:23,1406.5300,11,2
2026-03-24,600519,13:11:32,1406.0400,3,2
2026-03-24,600519,13:11:41,1406.5300,5,1
2026-03-24,600519,13:11:44,1406.0200,2,2
2026-03-24,600519,13:11:47,1406.0200,1,2
2026-03-24,600519,13:11:50,1406.0200,2,2
2026-03-24,600519,13:11:56,1406.0300,3,2
2026-03-24,600519,13:11:59,1406.0000,9,2
2026-03-24,600519,13:12:02,1405.9500,4,2
2026-03-24,600519,13:12:05,1405.8800,3,2
2026-03-24,600519,13:12:08,1405.8800,4,1
2026-03-24,600519,13:12:14,1405.9200,3,1
2026-03-24,600519,13:12:17,1405.9301,1,1
2026-03-24,600519,13:12:26,1405.9301,2,1
2026-03-24,600519,13:12:29,1405.9000,1,2
2026-03-24,600519,13:12:32,1405.9000,4,1
2026-03-24,600519,13:12:35,1405.9200,8,1
2026-03-24,600519,13:12:41,1405.9200,1,2
2026-03-24,600519,13:12:44,1405.9200,1,2
2026-03-24,600519,13:12:47,1405.9301,8,1
2026-03-24,600519,13:12:53,1405.9000,1,2
2026-03-24,600519,13:12:56,1405.9000,5,2
2026-03-24,600519,13:12:59,1405.9200,2,1
2026-03-24,600519,13:13:02,1406.0400,6,1
2026-03-24,600519,13:13:05,1405.9500,5,2
2026-03-24,600519,13:13:08,1405.9600,2,2
2026-03-24,600519,13:13:11,1406.0400,2,1
2026-03-24,600519,13:13:17,1405.9800,8,2
2026-03-24,600519,13:13:20,1406.5000,5,2
2026-03-24,600519,13:13:26,1406.9100,3,2
2026-03-24,600519,13:13:29,1407.0100,2,2
2026-03-24,600519,13:13:32,1406.5000,1,1
2026-03-24,600519,13:13:41,1407.1400,9,1
2026-03-24,600519,13:13:44,1406.0100,3,2
2026-03-24,600519,13:13:50,1406.0100,2,2
2026-03-24,600519,13:13:53,1406.5000,1,1
2026-03-24,600519,13:13:59,1406.5000,2,2
2026-03-24,600519,13:14:05,1406.5000,2,1
2026-03-24,600519,13:14:08,1406.5000,5,1
2026-03-24,600519,13:14:11,1406.6500,3,1
2026-03-24,600519,13:14:17,1406.4000,2,2
2026-03-24,600519,13:14:20,1407.0000,2,1
2026-03-24,600519,13:14:23,1407.0000,1,1
2026-03-24,600519,13:14:26,1406.4000,2,2
2026-03-24,600519,13:14:29,1407.0000,2,1
2026-03-24,600519,13:14:32,1407.0000,2,1
2026-03-24,600519,13:14:35,1406.4000,2,2
2026-03-24,600519,13:14:38,1407.0000,5,1
2026-03-24,600519,13:14:41,1407.0000,1,1
2026-03-24,600519,13:14:47,1406.4100,1,2
2026-03-24,600519,13:14:50,1406.4000,2,2
2026-03-24,600519,13:14:53,1406.9900,4,1
2026-03-24,600519,13:14:56,1406.5000,1,2
2026-03-24,600519,13:15:05,1406.5000,2,2
2026-03-24,600519,13:15:08,1406.5200,4,2
2026-03-24,600519,13:15:11,1406.4000,3,2
2026-03-24,600519,13:15:14,1406.5100,1,1
2026-03-24,600519,13:15:17,1406.8700,3,1
2026-03-24,600519,13:15:20,1406.4000,1,2
2026-03-24,600519,13:15:26,1406.4000,3,2
2026-03-24,600519,13:15:29,1406.4000,2,2
2026-03-24,600519,13:15:35,1406.4000,4,2
2026-03-24,600519,13:15:38,1406.4000,1,2
2026-03-24,600519,13:15:41,1406.3900,4,2
2026-03-24,600519,13:15:44,1406.3900,6,2
2026-03-24,600519,13:15:47,1406.8500,1,1
2026-03-24,600519,13:15:50,1406.8400,3,1
2026-03-24,600519,13:15:53,1406.5300,4,2
2026-03-24,600519,13:15:59,1406.5300,1,2
2026-03-24,600519,13:16:02,1406.8400,1,1
2026-03-24,600519,13:16:05,1406.5300,1,1
2026-03-24,600519,13:16:08,1406.8400,6,1
2026-03-24,600519,13:16:11,1406.5300,2,1
2026-03-24,600519,13:16:14,1406.5000,3,2
2026-03-24,600519,13:16:17,1406.8500,7,1
2026-03-24,600519,13:16:20,1406.4399,1,2
2026-03-24,600519,13:16:23,1406.4399,2,2
2026-03-24,600519,13:16:26,1406.4399,2,2
2026-03-24,600519,13:16:29,1406.8300,5,1
2026-03-24,600519,13:16:32,1406.4301,2,2
2026-03-24,600519,13:16:35,1406.4399,6,1
2026-03-24,600519,13:16:38,1406.4399,1,2
2026-03-24,600519,13:16:47,1406.4500,2,2
2026-03-24,600519,13:16:50,1406.4399,4,2
2026-03-24,600519,13:16:53,1406.4399,6,2
2026-03-24,600519,13:16:56,1406.5400,1,1
2026-03-24,600519,13:17:05,1406.5300,1,2
2026-03-24,600519,13:17:11,1406.4600,1,2
2026-03-24,600519,13:17:14,1406.4600,8,2
2026-03-24,600519,13:17:20,1406.8199,2,1
2026-03-24,600519,13:17:23,1406.8199,1,1
2026-03-24,600519,13:17:26,1406.8199,3,1
2026-03-24,600519,13:17:29,1406.8199,5,1
2026-03-24,600519,13:17:32,1406.5000,1,2
2026-03-24,600519,13:17:35,1406.8199,2,1
2026-03-24,600519,13:17:38,1406.5500,1,2
2026-03-24,600519,13:17:41,1406.5500,5,2
2026-03-24,600519,13:17:47,1406.8199,2,1
2026-03-24,600519,13:17:50,1406.8199,3,1
2026-03-24,600519,13:17:53,1406.8300,1,1
2026-03-24,600519,13:17:56,1406.8300,7,1
2026-03-24,600519,13:17:59,1406.8300,1,2
2026-03-24,600519,13:18:05,1406.8300,3,1
2026-03-24,600519,13:18:08,1406.8300,5,1
2026-03-24,600519,13:18:11,1406.8400,2,1
2026-03-24,600519,13:18:14,1406.8500,1,1
2026-03-24,600519,13:18:17,1406.8300,3,2
2026-03-24,600519,13:18:20,1406.8300,1,2
2026-03-24,600519,13:18:23,1406.8300,1,2
2026-03-24,600519,13:18:26,1406.8300,3,4
2026-03-24,600519,13:18:29,1406.8500,3,2
2026-03-24,600519,13:18:32,1406.8800,8,1
2026-03-24,600519,13:18:38,1406.8800,3,2
2026-03-24,600519,13:18:41,1406.8900,2,1
2026-03-24,600519,13:18:44,1406.8500,7,2
2026-03-24,600519,13:18:47,1406.9200,1,1
2026-03-24,600519,13:18:50,1406.8900,1,2
2026-03-24,600519,13:18:53,1406.8400,2,1
2026-03-24,600519,13:18:56,1406.8500,3,1
2026-03-24,600519,13:18:59,1406.8300,1,2
2026-03-24,600519,13:19:02,1406.8199,5,2
2026-03-24,600519,13:19:05,1406.8300,4,1
2026-03-24,600519,13:19:08,1406.8101,4,2
2026-03-24,600519,13:19:11,1406.8199,5,1
2026-03-24,600519,13:19:14,1406.8101,1,2
2026-03-24,600519,13:19:17,1406.8199,1,1
2026-03-24,600519,13:19:26,1406.8199,2,1
2026-03-24,600519,13:19:29,1406.8300,10,1
2026-03-24,600519,13:19:32,1406.8101,1,1
2026-03-24,600519,13:19:35,1406.8300,1,1
2026-03-24,600519,13:19:38,1406.8199,3,2
2026-03-24,600519,13:19:41,1406.8199,1,2
2026-03-24,600519,13:19:44,1406.8900,1,1
2026-03-24,600519,13:19:50,1406.8900,4,1
2026-03-24,600519,13:19:53,1406.8199,2,2
2026-03-24,600519,13:20:02,1406.9100,1,1
2026-03-24,600519,13:20:08,1406.9000,4,2
2026-03-24,600519,13:20:11,1406.9000,3,1
2026-03-24,600519,13:20:14,1406.8900,1,2
2026-03-24,600519,13:20:17,1406.8900,2,1
2026-03-24,600519,13:20:20,1406.8600,1,4
2026-03-24,600519,13:20:23,1406.9000,1,1
2026-03-24,600519,13:20:26,1406.9000,8,1
2026-03-24,600519,13:20:29,1406.9000,6,2
2026-03-24,600519,13:20:32,1406.8199,2,2
2026-03-24,600519,13:20:35,1406.9600,4,1
2026-03-24,600519,13:20:38,1407.1500,4,1
2026-03-24,600519,13:20:44,1407.2700,4,1
2026-03-24,600519,13:20:47,1407.0200,1,2
2026-03-24,600519,13:20:50,1407.1500,1,1
2026-03-24,600519,13:20:53,1407.2600,1,1
2026-03-24,600519,13:20:59,1407.0100,7,2
2026-03-24,600519,13:21:02,1407.0100,3,2
2026-03-24,600519,13:21:05,1407.4500,1,1
2026-03-24,600519,13:21:08,1407.2700,4,2
2026-03-24,600519,13:21:11,1407.1700,1,2
2026-03-24,600519,13:21:14,1407.1700,1,2
2026-03-24,600519,13:21:17,1406.9700,6,2
2026-03-24,600519,13:21:20,1407.1400,5,1
2026-03-24,600519,13:21:23,1407.1300,6,1
2026-03-24,600519,13:21:26,1406.9100,1,2
2026-03-24,600519,13:21:29,1406.9100,2,2
2026-03-24,600519,13:21:38,1407.0200,3,2
2026-03-24,600519,13:21:44,1406.9200,1,2
2026-03-24,600519,13:21:50,1407.0200,6,1
2026-03-24,600519,13:21:53,1407.0100,2,2
2026-03-24,600519,13:21:56,1407.1100,3,1
2026-03-24,600519,13:22:02,1406.8800,1,2
2026-03-24,600519,13:22:05,1406.8800,3,2
2026-03-24,600519,13:22:08,1406.8800,4,2
2026-03-24,600519,13:22:11,1407.0900,1,1
2026-03-24,600519,13:22:14,1406.8000,4,2
2026-03-24,600519,13:22:17,1407.1100,3,1
2026-03-24,600519,13:22:23,1407.0900,3,2
2026-03-24,600519,13:22:29,1407.0900,4,2
2026-03-24,600519,13:22:32,1407.1100,2,1
2026-03-24,600519,13:22:35,1407.0900,1,2
2026-03-24,600519,13:22:38,1407.1400,5,1
2026-03-24,600519,13:22:50,1407.0900,2,2
2026-03-24,600519,13:22:53,1407.1100,3,1
2026-03-24,600519,13:22:56,1407.1200,4,1
2026-03-24,600519,13:22:59,1407.1200,2,1
2026-03-24,600519,13:23:02,1407.1200,6,1
2026-03-24,600519,13:23:05,1407.1400,4,1
2026-03-24,600519,13:23:08,1407.1400,4,1
2026-03-24,600519,13:23:11,1407.0800,2,2
2026-03-24,600519,13:23:14,1407.1500,2,1
2026-03-24,600519,13:23:17,1407.1400,2,1
2026-03-24,600519,13:23:20,1407.1400,1,1
2026-03-24,600519,13:23:23,1407.1500,1,1
2026-03-24,600519,13:23:26,1407.1700,4,1
2026-03-24,600519,13:23:29,1407.4700,7,1
2026-03-24,600519,13:23:35,1407.4700,2,1
2026-03-24,600519,13:23:38,1407.4700,2,1
2026-03-24,600519,13:23:41,1407.4700,2,1
2026-03-24,600519,13:23:44,1407.5000,2,1
2026-03-24,600519,13:23:47,1407.2500,9,2
2026-03-24,600519,13:23:50,1407.2100,5,2
2026-03-24,600519,13:23:53,1407.4800,4,2
2026-03-24,600519,13:23:56,1408.0000,1,1
2026-03-24,600519,13:23:59,1407.9900,3,2
2026-03-24,600519,13:24:02,1407.9900,1,2
2026-03-24,600519,13:24:05,1408.1000,2,1
2026-03-24,600519,13:24:08,1408.0800,1,1
2026-03-24,600519,13:24:14,1407.9900,6,2
2026-03-24,600519,13:24:17,1408.0699,3,1
2026-03-24,600519,13:24:20,1408.0800,3,1
2026-03-24,600519,13:24:23,1408.0000,1,2
2026-03-24,600519,13:24:26,1408.0900,5,1
2026-03-24,600519,13:24:29,1408.0900,5,1
2026-03-24,600519,13:24:32,1408.1000,5,1
2026-03-24,600519,13:24:35,1408.1801,1,1
2026-03-24,600519,13:24:41,1408.0900,4,2
2026-03-24,600519,13:24:47,1408.0800,1,2
2026-03-24,600519,13:24:50,1408.0500,4,2
2026-03-24,600519,13:24:53,1408.0000,1,2
2026-03-24,600519,13:24:56,1407.9600,7,2
2026-03-24,600519,13:24:59,1407.4700,9,2
2026-03-24,600519,13:25:02,1407.1000,1,2
2026-03-24,600519,13:25:05,1407.1000,4,2
2026-03-24,600519,13:25:08,1407.0900,2,4
2026-03-24,600519,13:25:11,1407.1000,3,1
2026-03-24,600519,13:25:14,1407.0800,3,2
2026-03-24,600519,13:25:17,1407.0800,5,1
2026-03-24,600519,13:25:20,1407.0100,3,2
2026-03-24,600519,13:25:23,1407.0601,1,1
2026-03-24,600519,13:25:26,1407.0601,11,1
2026-03-24,600519,13:25:29,1407.0500,7,1
2026-03-24,600519,13:25:32,1407.0000,5,2
2026-03-24,600519,13:25:35,1407.0800,3,1
2026-03-24,600519,13:25:38,1407.0000,1,2
2026-03-24,600519,13:25:41,1407.0000,1,2
2026-03-24,600519,13:25:44,1407.0000,5,2
2026-03-24,600519,13:25:47,1406.9600,7,2
2026-03-24,600519,13:25:50,1406.9600,6,1
2026-03-24,600519,13:25:53,1406.9301,2,2
2026-03-24,600519,13:25:56,1406.9301,1,2
2026-03-24,600519,13:25:59,1406.9200,2,1
2026-03-24,600519,13:26:05,1406.9301,2,1
2026-03-24,600519,13:26:08,1406.9000,2,2
2026-03-24,600519,13:26:14,1406.9301,3,1
2026-03-24,600519,13:26:17,1406.9000,1,2
2026-03-24,600519,13:26:20,1406.8000,18,2
2026-03-24,600519,13:26:23,1406.5100,3,2
2026-03-24,600519,13:26:29,1406.5000,1,2
2026-03-24,600519,13:26:32,1406.7800,3,1
2026-03-24,600519,13:26:35,1406.8000,4,1
2026-03-24,600519,13:26:41,1406.4800,2,2
2026-03-24,600519,13:26:44,1406.4700,1,2
2026-03-24,600519,13:26:53,1406.4700,2,1
2026-03-24,600519,13:26:56,1406.4800,3,1
2026-03-24,600519,13:26:59,1406.5000,1,1
2026-03-24,600519,13:27:02,1406.4700,2,2
2026-03-24,600519,13:27:05,1406.4800,1,1
2026-03-24,600519,13:27:11,1406.4700,2,1
2026-03-24,600519,13:27:14,1406.4800,4,1
2026-03-24,600519,13:27:17,1406.4800,1,1
2026-03-24,600519,13:27:20,1406.3900,3,2
2026-03-24,600519,13:27:23,1406.3700,2,2
2026-03-24,600519,13:27:26,1406.3800,3,2
2026-03-24,600519,13:27:29,1406.3700,3,2
2026-03-24,600519,13:27:35,1406.3800,8,1
2026-03-24,600519,13:27:38,1406.3800,1,1
2026-03-24,600519,13:27:44,1406.3800,1,2
2026-03-24,600519,13:27:47,1406.3000,3,2
2026-03-24,600519,13:27:50,1406.2700,1,2
2026-03-24,600519,13:27:53,1406.2300,1,2
2026-03-24,600519,13:27:56,1406.0000,14,2
2026-03-24,600519,13:27:59,1405.7900,50,2
2026-03-24,600519,13:28:02,1405.5500,8,2
2026-03-24,600519,13:28:05,1405.2000,16,2
2026-03-24,600519,13:28:08,1405.2000,2,2
2026-03-24,600519,13:28:11,1405.0800,11,2
2026-03-24,600519,13:28:14,1405.0300,4,2
2026-03-24,600519,13:28:17,1405.0000,7,2
2026-03-24,600519,13:28:23,1405.1899,2,1
2026-03-24,600519,13:28:26,1405.0900,7,2
2026-03-24,600519,13:28:32,1405.0800,3,2
2026-03-24,600519,13:28:35,1405.0800,17,2
2026-03-24,600519,13:28:38,1405.0800,6,2
2026-03-24,600519,13:28:41,1405.0800,5,2
2026-03-24,600519,13:28:44,1405.0800,13,2
2026-03-24,600519,13:28:47,1405.0800,5,2
2026-03-24,600519,13:28:50,1405.0800,3,2
2026-03-24,600519,13:28:53,1405.1000,1,1
2026-03-24,600519,13:28:56,1405.1000,4,2
2026-03-24,600519,13:28:59,1405.0900,2,2
2026-03-24,600519,13:29:02,1405.1000,1,2
2026-03-24,600519,13:29:05,1405.1700,2,1
2026-03-24,600519,13:29:08,1405.1000,3,1
2026-03-24,600519,13:29:11,1405.1000,3,1
2026-03-24,600519,13:29:14,1405.1000,3,1
2026-03-24,600519,13:29:17,1405.1700,2,1
2026-03-24,600519,13:29:20,1406.1801,19,1
2026-03-24,600519,13:29:23,1405.2200,3,2
2026-03-24,600519,13:29:29,1405.2300,3,2
2026-03-24,600519,13:29:32,1406.0601,1,1
2026-03-24,600519,13:29:35,1405.2200,1,2
2026-03-24,600519,13:29:41,1405.2000,1,2
2026-03-24,600519,13:29:44,1405.2000,1,2
2026-03-24,600519,13:29:47,1405.2000,2,1
2026-03-24,600519,13:29:50,1405.2000,3,2
2026-03-24,600519,13:29:56,1405.1700,1,2
2026-03-24,600519,13:29:59,1405.1600,4,2
2026-03-24,600519,13:30:02,1405.2000,3,1
2026-03-24,600519,13:30:08,1405.6200,6,1
2026-03-24,600519,13:30:11,1405.2100,2,2
2026-03-24,600519,13:30:14,1405.3000,2,1
2026-03-24,600519,13:30:17,1405.9900,1,1
2026-03-24,600519,13:30:20,1405.3000,3,2
2026-03-24,600519,13:30:26,1405.3000,2,2
2026-03-24,600519,13:30:29,1405.2800,1,1
2026-03-24,600519,13:30:32,1405.2000,4,2
2026-03-24,600519,13:30:35,1405.3000,1,1
2026-03-24,600519,13:30:38,1405.3000,8,1
2026-03-24,600519,13:30:41,1405.2900,4,2
2026-03-24,600519,13:30:44,1405.1100,10,2
2026-03-24,600519,13:30:47,1405.2900,5,1
2026-03-24,600519,13:30:50,1405.2900,33,1
2026-03-24,600519,13:30:53,1405.1100,6,2
2026-03-24,600519,13:30:56,1405.1000,3,2
2026-03-24,600519,13:31:02,1405.1100,14,2
2026-03-24,600519,13:31:05,1405.2800,1,2
2026-03-24,600519,13:31:08,1405.2800,3,2
2026-03-24,600519,13:31:11,1405.2800,2,2
2026-03-24,600519,13:31:14,1405.2800,4,2
2026-03-24,600519,13:31:17,1405.2900,2,4
2026-03-24,600519,13:31:23,1405.2800,7,2
2026-03-24,600519,13:31:26,1405.2800,1,1
2026-03-24,600519,13:31:29,1405.2000,4,2
2026-03-24,600519,13:31:32,1405.1100,4,2
2026-03-24,600519,13:31:35,1405.1000,3,2
2026-03-24,600519,13:31:38,1405.1000,1,2
2026-03-24,600519,13:31:41,1405.0500,9,2
2026-03-24,600519,13:31:44,1405.0500,3,2
2026-03-24,600519,13:31:47,1405.0000,19,2
2026-03-24,600519,13:31:50,1404.7600,79,2
2026-03-24,600519,13:31:53,1404.7200,2,1
2026-03-24,600519,13:31:56,1404.7500,8,1
2026-03-24,600519,13:31:59,1404.7000,2,1
2026-03-24,600519,13:32:02,1404.7000,6,1
2026-03-24,600519,13:32:05,1404.5800,2,2
2026-03-24,600519,13:32:08,1404.7000,5,1
2026-03-24,600519,13:32:11,1404.5200,7,2
2026-03-24,600519,13:32:17,1404.6100,3,2
2026-03-24,600519,13:32:23,1404.5200,1,2
2026-03-24,600519,13:32:26,1404.5200,1,2
2026-03-24,600519,13:32:29,1404.5200,2,2
2026-03-24,600519,13:32:32,1404.5200,2,1
2026-03-24,600519,13:32:35,1404.5100,1,2
2026-03-24,600519,13:32:38,1404.5000,2,2
2026-03-24,600519,13:32:41,1404.5800,5,1
2026-03-24,600519,13:32:44,1404.5200,2,2
2026-03-24,600519,13:32:47,1404.5100,3,2
2026-03-24,600519,13:32:53,1404.5100,4,1
2026-03-24,600519,13:32:56,1404.5100,4,2
2026-03-24,600519,13:32:59,1404.5900,2,1
2026-03-24,600519,13:33:02,1404.5900,4,1
2026-03-24,600519,13:33:05,1404.5900,2,2
2026-03-24,600519,13:33:08,1404.5900,3,2
2026-03-24,600519,13:33:11,1404.5900,1,2
2026-03-24,600519,13:33:14,1404.6000,4,1
2026-03-24,600519,13:33:17,1404.5800,1,4
2026-03-24,600519,13:33:23,1404.5900,5,1
2026-03-24,600519,13:33:26,1404.5900,2,1
2026-03-24,600519,13:33:29,1404.6000,5,1
2026-03-24,600519,13:33:32,1404.6899,4,1
2026-03-24,600519,13:33:35,1404.5900,4,2
2026-03-24,600519,13:33:38,1404.8000,3,1
2026-03-24,600519,13:33:47,1405.0000,2,1
2026-03-24,600519,13:33:50,1404.7900,2,2
2026-03-24,600519,13:33:53,1404.8101,2,1
2026-03-24,600519,13:33:56,1404.7900,2,2
2026-03-24,600519,13:33:59,1404.9900,1,1
2026-03-24,600519,13:34:02,1405.0000,8,1
2026-03-24,600519,13:34:05,1404.8000,2,2
2026-03-24,600519,13:34:08,1405.0000,5,1
2026-03-24,600519,13:34:11,1405.0000,1,1
2026-03-24,600519,13:34:14,1405.0000,1,1
2026-03-24,600519,13:34:17,1404.9900,3,2
2026-03-24,600519,13:34:20,1405.0000,1,1
2026-03-24,600519,13:34:23,1404.9800,3,2
2026-03-24,600519,13:34:26,1404.9700,1,2
2026-03-24,600519,13:34:29,1404.9900,7,1
2026-03-24,600519,13:34:32,1404.9900,2,2
2026-03-24,600519,13:34:35,1405.0000,5,1
2026-03-24,600519,13:34:38,1405.0000,3,1
2026-03-24,600519,13:34:41,1405.0000,9,2
2026-03-24,600519,13:34:44,1405.0000,6,2
2026-03-24,600519,13:34:47,1404.9700,4,2
2026-03-24,600519,13:34:50,1405.0699,5,1
2026-03-24,600519,13:34:53,1404.9000,2,2
2026-03-24,600519,13:34:56,1404.9100,4,1
2026-03-24,600519,13:34:59,1405.0000,3,1
2026-03-24,600519,13:35:02,1405.0601,3,1
2026-03-24,600519,13:35:05,1405.0000,4,2
2026-03-24,600519,13:35:08,1405.0000,1,2
2026-03-24,600519,13:35:11,1405.0000,4,2
2026-03-24,600519,13:35:14,1404.9900,5,2
2026-03-24,600519,13:35:17,1404.9000,2,2
2026-03-24,600519,13:35:20,1404.9900,2,1
2026-03-24,600519,13:35:23,1404.9000,1,2
2026-03-24,600519,13:35:26,1404.9800,3,1
2026-03-24,600519,13:35:29,1404.8900,5,1
2026-03-24,600519,13:35:32,1404.9000,8,1
2026-03-24,600519,13:35:35,1404.9600,3,1
2026-03-24,600519,13:35:38,1404.9600,2,1
2026-03-24,600519,13:35:41,1404.8900,3,2
2026-03-24,600519,13:35:44,1404.9000,2,1
2026-03-24,600519,13:35:47,1404.9900,2,1
2026-03-24,600519,13:35:50,1404.8000,2,2
2026-03-24,600519,13:35:53,1404.8000,3,2
2026-03-24,600519,13:35:59,1404.9800,3,2
2026-03-24,600519,13:36:02,1404.9900,2,1
2026-03-24,600519,13:36:05,1405.0000,1,1
2026-03-24,600519,13:36:08,1405.0000,3,1
2026-03-24,600519,13:36:14,1404.9800,6,2
2026-03-24,600519,13:36:17,1404.9900,4,1
2026-03-24,600519,13:36:20,1404.9900,2,1
2026-03-24,600519,13:36:23,1404.8000,1,2
2026-03-24,600519,13:36:26,1404.9500,3,1
2026-03-24,600519,13:36:35,1404.8000,2,2
2026-03-24,600519,13:36:38,1404.7900,1,2
2026-03-24,600519,13:36:41,1404.7600,1,2
2026-03-24,600519,13:36:44,1404.7600,1,1
2026-03-24,600519,13:36:47,1404.7900,5,1
2026-03-24,600519,13:36:50,1404.7900,2,1
2026-03-24,600519,13:36:53,1404.7100,5,2
2026-03-24,600519,13:36:56,1404.7000,2,2
2026-03-24,600519,13:36:59,1404.7700,2,1
2026-03-24,600519,13:37:02,1404.7800,2,1
2026-03-24,600519,13:37:05,1404.7900,7,1
2026-03-24,600519,13:37:08,1404.7800,6,1
2026-03-24,600519,13:37:14,1404.7700,8,2
2026-03-24,600519,13:37:17,1404.7800,5,1
2026-03-24,600519,13:37:20,1404.7800,13,1
2026-03-24,600519,13:37:23,1404.8600,25,1
2026-03-24,600519,13:37:26,1404.8600,10,2
2026-03-24,600519,13:37:29,1405.0000,3,1
2026-03-24,600519,13:37:32,1404.7900,1,2
2026-03-24,600519,13:37:35,1404.8101,2,2
2026-03-24,600519,13:37:38,1404.9100,2,1
2026-03-24,600519,13:37:41,1405.0200,3,1
2026-03-24,600519,13:37:44,1404.8101,2,2
2026-03-24,600519,13:37:47,1404.8000,2,2
2026-03-24,600519,13:37:50,1405.0000,3,1
2026-03-24,600519,13:37:56,1405.0100,3,1
2026-03-24,600519,13:37:59,1404.7900,2,2
2026-03-24,600519,13:38:02,1405.0000,5,1
2026-03-24,600519,13:38:05,1405.0000,10,2
2026-03-24,600519,13:38:08,1405.0100,2,1
2026-03-24,600519,13:38:11,1404.9800,8,2
2026-03-24,600519,13:38:14,1404.9800,6,2
2026-03-24,600519,13:38:17,1404.9800,3,2
2026-03-24,600519,13:38:20,1404.9900,3,1
2026-03-24,600519,13:38:23,1404.9900,1,1
2026-03-24,600519,13:38:26,1405.0000,2,1
2026-03-24,600519,13:38:29,1405.0000,4,2
2026-03-24,600519,13:38:32,1404.9900,2,2
2026-03-24,600519,13:38:35,1404.9900,1,2
2026-03-24,600519,13:38:38,1405.0000,2,1
2026-03-24,600519,13:38:41,1405.0000,1,1
2026-03-24,600519,13:38:44,1404.9700,4,2
2026-03-24,600519,13:38:47,1404.9600,2,2
2026-03-24,600519,13:38:53,1404.9600,1,1
2026-03-24,600519,13:38:56,1404.9600,5,1
2026-03-24,600519,13:38:59,1404.9600,2,2
2026-03-24,600519,13:39:02,1404.9800,53,1
2026-03-24,600519,13:39:05,1405.0900,49,1
2026-03-24,600519,13:39:08,1405.1801,21,1
2026-03-24,600519,13:39:11,1405.2500,1,2
2026-03-24,600519,13:39:14,1405.2500,9,2
2026-03-24,600519,13:39:17,1405.9900,3,1
2026-03-24,600519,13:39:20,1405.2400,4,2
2026-03-24,600519,13:39:23,1405.9600,1,1
2026-03-24,600519,13:39:26,1405.1500,2,2
2026-03-24,600519,13:39:29,1405.9500,2,1
2026-03-24,600519,13:39:32,1405.1500,1,2
2026-03-24,600519,13:39:35,1405.3000,5,2
2026-03-24,600519,13:39:38,1405.8700,1,1
2026-03-24,600519,13:39:41,1405.3000,4,2
2026-03-24,600519,13:39:44,1405.0601,2,2
2026-03-24,600519,13:39:53,1405.2800,1,1
2026-03-24,600519,13:39:56,1404.9000,28,2
2026-03-24,600519,13:39:59,1404.7800,8,2
2026-03-24,600519,13:40:02,1404.7800,5,1
2026-03-24,600519,13:40:05,1404.7800,1,2
2026-03-24,600519,13:40:08,1404.7900,3,1
2026-03-24,600519,13:40:11,1404.7800,1,2
2026-03-24,600519,13:40:14,1404.6801,52,2
2026-03-24,600519,13:40:17,1404.5800,4,2
2026-03-24,600519,13:40:20,1404.5500,2,2
2026-03-24,600519,13:40:26,1404.5100,7,2
2026-03-24,600519,13:40:29,1404.5000,5,2
2026-03-24,600519,13:40:32,1404.5000,4,1
2026-03-24,600519,13:40:35,1404.5000,2,1
2026-03-24,600519,13:40:38,1404.5000,1,1
2026-03-24,600519,13:40:41,1404.5000,1,2
2026-03-24,600519,13:40:44,1404.5000,2,2
2026-03-24,600519,13:40:47,1404.4000,6,2
2026-03-24,600519,13:40:50,1404.5100,2,1
2026-03-24,600519,13:40:53,1404.4900,3,1
2026-03-24,600519,13:40:56,1404.5000,1,1
2026-03-24,600519,13:40:59,1404.5000,2,1
2026-03-24,600519,13:41:02,1404.5100,4,1
2026-03-24,600519,13:41:05,1404.5100,4,2
2026-03-24,600519,13:41:08,1404.5400,3,1
2026-03-24,600519,13:41:11,1404.4000,2,2
2026-03-24,600519,13:41:14,1404.5100,2,1
2026-03-24,600519,13:41:17,1404.5400,1,1
2026-03-24,600519,13:41:23,1404.5300,4,1
2026-03-24,600519,13:41:26,1404.4000,2,2
2026-03-24,600519,13:41:29,1404.3000,3,2
2026-03-24,600519,13:41:32,1404.3000,1,2
2026-03-24,600519,13:41:35,1404.2000,4,2
2026-03-24,600519,13:41:38,1404.2200,6,1
2026-03-24,600519,13:41:41,1404.1000,7,2
2026-03-24,600519,13:41:44,1404.0601,3,2
2026-03-24,600519,13:41:47,1404.0100,10,2
2026-03-24,600519,13:41:50,1404.0000,54,2
2026-03-24,600519,13:41:53,1404.0200,1,1
2026-03-24,600519,13:41:56,1403.9900,1,2
2026-03-24,600519,13:41:59,1403.9800,1,1
2026-03-24,600519,13:42:02,1403.9900,2,1
2026-03-24,600519,13:42:05,1403.9900,5,2
2026-03-24,600519,13:42:08,1404.0100,1,1
2026-03-24,600519,13:42:11,1404.0000,1,2
2026-03-24,600519,13:42:14,1404.0100,1,1
2026-03-24,600519,13:42:17,1403.9900,4,2
2026-03-24,600519,13:42:20,1404.0100,6,1
2026-03-24,600519,13:42:23,1404.0000,2,4
2026-03-24,600519,13:42:26,1404.0601,4,1
2026-03-24,600519,13:42:29,1404.0601,2,1
2026-03-24,600519,13:42:41,1404.0900,3,4
2026-03-24,600519,13:42:44,1404.0699,1,2
2026-03-24,600519,13:42:47,1403.9600,19,2
2026-03-24,600519,13:42:50,1403.9399,1,2
2026-03-24,600519,13:42:53,1403.9900,3,1
2026-03-24,600519,13:42:56,1403.9399,1,2
2026-03-24,600519,13:42:59,1403.9700,2,1
2026-03-24,600519,13:43:02,1403.9600,6,1
2026-03-24,600519,13:43:05,1403.9600,1,2
2026-03-24,600519,13:43:08,1403.9800,4,1
2026-03-24,600519,13:43:11,1403.9600,1,1
2026-03-24,600519,13:43:14,1403.9800,3,2
2026-03-24,600519,13:43:20,1403.9000,9,2
2026-03-24,600519,13:43:26,1403.9800,4,1
2026-03-24,600519,13:43:29,1403.9800,1,2
2026-03-24,600519,13:43:32,1403.9900,5,2
2026-03-24,600519,13:43:35,1403.9800,1,2
2026-03-24,600519,13:43:38,1403.9500,1,2
2026-03-24,600519,13:43:41,1403.9100,13,2
2026-03-24,600519,13:43:44,1403.7600,8,2
2026-03-24,600519,13:43:47,1403.9500,2,1
2026-03-24,600519,13:43:50,1403.7600,1,2
2026-03-24,600519,13:43:56,1403.7300,2,2
2026-03-24,600519,13:43:59,1403.7300,1,1
2026-03-24,600519,13:44:02,1403.7600,6,1
2026-03-24,600519,13:44:05,1403.6700,5,2
2026-03-24,600519,13:44:08,1403.5900,3,2
2026-03-24,600519,13:44:11,1403.9600,1,1
2026-03-24,600519,13:44:14,1403.9600,1,1
2026-03-24,600519,13:44:17,1403.7300,3,2
2026-03-24,600519,13:44:20,1403.9600,2,1
2026-03-24,600519,13:44:23,1403.6000,3,2
2026-03-24,600519,13:44:26,1403.9600,1,1
2026-03-24,600519,13:44:32,1403.7600,1,2
2026-03-24,600519,13:44:38,1403.7000,1,1
2026-03-24,600519,13:44:41,1403.6600,2,2
2026-03-24,600519,13:44:44,1403.6000,1,2
2026-03-24,600519,13:44:47,1403.6000,2,1
2026-03-24,600519,13:44:53,1403.5800,3,2
2026-03-24,600519,13:44:56,1403.5601,1,2
2026-03-24,600519,13:45:02,1403.5601,6,2
2026-03-24,600519,13:45:05,1403.6000,5,2
2026-03-24,600519,13:45:08,1403.5601,1,1
2026-03-24,600519,13:45:11,1403.5601,2,1
2026-03-24,600519,13:45:20,1403.5800,3,2
2026-03-24,600519,13:45:23,1403.5800,3,2
2026-03-24,600519,13:45:26,1403.6000,22,1
2026-03-24,600519,13:45:29,1403.6600,2,1
2026-03-24,600519,13:45:32,1403.6000,6,2
2026-03-24,600519,13:45:35,1403.6000,4,2
2026-03-24,600519,13:45:38,1403.9600,1,1
2026-03-24,600519,13:45:41,1403.9600,1,1
2026-03-24,600519,13:45:44,1404.0900,2,1
2026-03-24,600519,13:45:47,1403.8900,1,2
2026-03-24,600519,13:45:50,1403.8900,1,2
2026-03-24,600519,13:45:53,1404.2500,1,1
2026-03-24,600519,13:45:56,1404.0000,1,2
2026-03-24,600519,13:45:59,1404.5601,2,1
2026-03-24,600519,13:46:02,1404.5601,6,1
2026-03-24,600519,13:46:05,1403.9000,2,2
2026-03-24,600519,13:46:08,1403.9500,2,1
2026-03-24,600519,13:46:11,1403.9100,1,2
2026-03-24,600519,13:46:14,1403.9000,5,2
2026-03-24,600519,13:46:17,1403.9500,8,1
2026-03-24,600519,13:46:20,1403.9500,4,1
2026-03-24,600519,13:46:23,1403.9399,3,1
2026-03-24,600519,13:46:26,1403.9301,5,1
2026-03-24,600519,13:46:29,1403.9200,6,4
2026-03-24,600519,13:46:32,1403.9301,13,1
2026-03-24,600519,13:46:35,1403.7900,13,2
2026-03-24,600519,13:46:38,1403.9500,5,1
2026-03-24,600519,13:46:41,1403.7900,1,1
2026-03-24,600519,13:46:44,1403.9301,1,1
2026-03-24,600519,13:46:47,1403.9399,2,1
2026-03-24,600519,13:46:50,1404.0601,5,1
2026-03-24,600519,13:46:53,1403.9600,2,2
2026-03-24,600519,13:46:59,1403.9500,2,2
2026-03-24,600519,13:47:02,1404.5900,6,1
2026-03-24,600519,13:47:05,1403.9500,1,2
2026-03-24,600519,13:47:08,1404.6000,3,1
2026-03-24,600519,13:47:11,1403.9500,2,2
2026-03-24,600519,13:47:14,1403.9500,2,1
2026-03-24,600519,13:47:17,1403.9500,1,4
2026-03-24,600519,13:47:20,1403.9399,2,2
2026-03-24,600519,13:47:23,1403.9600,2,1
2026-03-24,600519,13:47:26,1404.6000,1,1
2026-03-24,600519,13:47:29,1403.9600,68,2
2026-03-24,600519,13:47:32,1404.5200,3,1
2026-03-24,600519,13:47:35,1404.5300,4,1
2026-03-24,600519,13:47:38,1404.5300,5,1
2026-03-24,600519,13:47:44,1404.5300,2,2
2026-03-24,600519,13:47:47,1404.5500,1,1
2026-03-24,600519,13:47:50,1404.6700,6,1
2026-03-24,600519,13:47:53,1404.3300,2,2
2026-03-24,600519,13:47:56,1404.7000,2,1
2026-03-24,600519,13:48:02,1404.7400,1,1
2026-03-24,600519,13:48:05,1404.7400,5,2
2026-03-24,600519,13:48:08,1404.7900,6,1
2026-03-24,600519,13:48:14,1404.7400,3,2
2026-03-24,600519,13:48:17,1404.7500,4,2
2026-03-24,600519,13:48:20,1404.7600,6,1
2026-03-24,600519,13:48:23,1404.7600,2,2
2026-03-24,600519,13:48:26,1404.7600,6,2
2026-03-24,600519,13:48:29,1404.7600,3,2
2026-03-24,600519,13:48:32,1404.7000,3,2
2026-03-24,600519,13:48:35,1404.5800,6,2
2026-03-24,600519,13:48:38,1404.1000,2,2
2026-03-24,600519,13:48:44,1404.0000,5,2
2026-03-24,600519,13:48:47,1403.9600,3,2
2026-03-24,600519,13:48:50,1404.0100,1,2
2026-03-24,600519,13:48:53,1404.0100,1,2
2026-03-24,600519,13:48:56,1403.9500,4,2
2026-03-24,600519,13:49:02,1404.0000,8,1
2026-03-24,600519,13:49:05,1404.0000,2,2
2026-03-24,600519,13:49:14,1404.0100,1,2
2026-03-24,600519,13:49:17,1404.0000,6,2
2026-03-24,600519,13:49:20,1404.0000,17,2
2026-03-24,600519,13:49:23,1403.9600,1,2
2026-03-24,600519,13:49:26,1403.9600,1,2
2026-03-24,600519,13:49:29,1404.0000,2,1
2026-03-24,600519,13:49:35,1404.0000,10,1
2026-03-24,600519,13:49:38,1403.9301,8,2
2026-03-24,600519,13:49:41,1403.9500,4,1
2026-03-24,600519,13:49:44,1404.0100,5,1
2026-03-24,600519,13:49:47,1403.9100,8,2
2026-03-24,600519,13:49:53,1403.9500,2,2
2026-03-24,600519,13:49:59,1403.9399,1,2
2026-03-24,600519,13:50:02,1404.0900,2,1
2026-03-24,600519,13:50:11,1403.9500,3,2
2026-03-24,600519,13:50:14,1404.0500,3,1
2026-03-24,600519,13:50:17,1403.9500,3,2
2026-03-24,600519,13:50:20,1404.0699,5,1
2026-03-24,600519,13:50:23,1403.9500,3,2
2026-03-24,600519,13:50:26,1403.9500,5,2
2026-03-24,600519,13:50:29,1403.9100,4,2
2026-03-24,600519,13:50:32,1403.9500,2,2
2026-03-24,600519,13:50:41,1403.9500,3,2
2026-03-24,600519,13:50:47,1403.9700,4,2
2026-03-24,600519,13:50:50,1404.0100,4,1
2026-03-24,600519,13:50:53,1403.9600,2,2
2026-03-24,600519,13:50:59,1404.0400,1,1
2026-03-24,600519,13:51:02,1404.0100,3,2
2026-03-24,600519,13:51:05,1404.0500,1,1
2026-03-24,600519,13:51:08,1404.1000,10,1
2026-03-24,600519,13:51:11,1404.0400,6,2
2026-03-24,600519,13:51:14,1404.1600,4,1
2026-03-24,600519,13:51:17,1404.0100,2,2
2026-03-24,600519,13:51:26,1404.0300,5,2
2026-03-24,600519,13:51:29,1404.0300,3,2
2026-03-24,600519,13:51:32,1404.0200,2,4
2026-03-24,600519,13:51:35,1404.0300,2,1
2026-03-24,600519,13:51:38,1404.0100,5,2
2026-03-24,600519,13:51:41,1404.0100,2,2
2026-03-24,600519,13:51:53,1404.0400,1,2
2026-03-24,600519,13:51:56,1404.1400,3,1
2026-03-24,600519,13:51:59,1404.1400,3,1
2026-03-24,600519,13:52:02,1404.2300,9,1
2026-03-24,600519,13:52:05,1404.2400,1,1
2026-03-24,600519,13:52:08,1404.1400,2,4
2026-03-24,600519,13:52:11,1404.1600,2,1
2026-03-24,600519,13:52:14,1404.7600,8,1
2026-03-24,600519,13:52:17,1404.7500,12,1
2026-03-24,600519,13:52:20,1405.2800,20,1
2026-03-24,600519,13:52:23,1405.2700,17,2
2026-03-24,600519,13:52:26,1405.0000,9,2
2026-03-24,600519,13:52:29,1405.2900,7,1
2026-03-24,600519,13:52:32,1405.3000,50,1
2026-03-24,600519,13:52:35,1405.3000,6,4
2026-03-24,600519,13:52:38,1405.8199,15,1
2026-03-24,600519,13:52:44,1405.3000,11,1
2026-03-24,600519,13:52:47,1405.1400,5,2
2026-03-24,600519,13:52:53,1405.1300,1,2
2026-03-24,600519,13:52:56,1405.1300,8,2
2026-03-24,600519,13:52:59,1405.3000,2,1
2026-03-24,600519,13:53:02,1405.1400,2,2
2026-03-24,600519,13:53:05,1405.2900,4,1
2026-03-24,600519,13:53:11,1405.3101,3,1
2026-03-24,600519,13:53:17,1405.2900,3,1
2026-03-24,600519,13:53:20,1405.1700,1,2
2026-03-24,600519,13:53:23,1405.1700,2,2
2026-03-24,600519,13:53:26,1405.1801,1,2
2026-03-24,600519,13:53:35,1405.1801,3,2
2026-03-24,600519,13:53:38,1405.1400,6,2
2026-03-24,600519,13:53:44,1405.2700,6,1
2026-03-24,600519,13:53:47,1405.1899,1,1
2026-03-24,600519,13:53:50,1405.1400,2,2
2026-03-24,600519,13:53:53,1405.1801,3,2
2026-03-24,600519,13:53:59,1405.1300,2,2
2026-03-24,600519,13:54:02,1405.1300,5,2
2026-03-24,600519,13:54:11,1405.0601,4,2
2026-03-24,600519,13:54:14,1404.9700,17,2
2026-03-24,600519,13:54:17,1404.9600,2,2
2026-03-24,600519,13:54:20,1404.9600,5,1
2026-03-24,600519,13:54:26,1404.9600,2,1
2026-03-24,600519,13:54:29,1404.9399,3,2
2026-03-24,600519,13:54:32,1405.0400,1,1
2026-03-24,600519,13:54:35,1404.8800,3,2
2026-03-24,600519,13:54:41,1404.8800,3,1
2026-03-24,600519,13:54:44,1404.9800,1,1
2026-03-24,600519,13:54:50,1405.0500,1,1
2026-03-24,600519,13:54:56,1405.0100,7,1
2026-03-24,600519,13:54:59,1404.9100,5,2
2026-03-24,600519,13:55:02,1404.9100,3,1
2026-03-24,600519,13:55:08,1404.9100,1,1
2026-03-24,600519,13:55:11,1404.9100,2,1
2026-03-24,600519,13:55:14,1404.9000,3,2
2026-03-24,600519,13:55:17,1404.9000,1,4
2026-03-24,600519,13:55:20,1404.9000,1,4
2026-03-24,600519,13:55:23,1404.8900,1,2
2026-03-24,600519,13:55:26,1404.9000,1,1
2026-03-24,600519,13:55:32,1404.9000,5,1
2026-03-24,600519,13:55:35,1404.9000,3,1
2026-03-24,600519,13:55:38,1404.9000,14,1
2026-03-24,600519,13:55:44,1404.8800,2,2
2026-03-24,600519,13:55:50,1404.8700,1,1
2026-03-24,600519,13:55:53,1404.8700,1,1
2026-03-24,600519,13:55:56,1404.8800,5,1
2026-03-24,600519,13:56:02,1404.8800,1,1
2026-03-24,600519,13:56:08,1404.8700,3,2
2026-03-24,600519,13:56:11,1404.8800,2,1
2026-03-24,600519,13:56:23,1404.8800,6,2
2026-03-24,600519,13:56:26,1404.8800,1,2
2026-03-24,600519,13:56:29,1404.8800,4,2
2026-03-24,600519,13:56:32,1404.8800,3,2
2026-03-24,600519,13:56:35,1404.8900,1,1
2026-03-24,600519,13:56:41,1404.8900,1,1
2026-03-24,600519,13:56:47,1404.9000,4,1
2026-03-24,600519,13:56:50,1404.9000,2,1
2026-03-24,600519,13:56:53,1404.9100,1,1
2026-03-24,600519,13:56:56,1404.9000,4,2
2026-03-24,600519,13:56:59,1404.9000,2,2
2026-03-24,600519,13:57:02,1404.8700,5,2
2026-03-24,600519,13:57:05,1404.8500,2,2
2026-03-24,600519,13:57:08,1404.8300,4,2
2026-03-24,600519,13:57:11,1404.7600,6,2
2026-03-24,600519,13:57:14,1404.6801,3,2
2026-03-24,600519,13:57:17,1404.5000,2,2
2026-03-24,600519,13:57:20,1404.3500,2,2
2026-03-24,600519,13:57:23,1404.2000,1,2
2026-03-24,600519,13:57:26,1404.0800,2,2
2026-03-24,600519,13:57:29,1404.0400,2,2
2026-03-24,600519,13:57:32,1404.0400,1,1
2026-03-24,600519,13:57:35,1404.0300,1,2
2026-03-24,600519,13:57:38,1404.0200,7,2
2026-03-24,600519,13:57:41,1404.0400,5,1
2026-03-24,600519,13:57:44,1404.0000,7,2
2026-03-24,600519,13:57:47,1404.0000,1,2
2026-03-24,600519,13:57:50,1404.0000,6,2
2026-03-24,600519,13:57:53,1404.0100,1,2
2026-03-24,600519,13:57:59,1404.0000,3,2
2026-03-24,600519,13:58:02,1404.0500,2,1
2026-03-24,600519,13:58:05,1404.0100,3,2
2026-03-24,600519,13:58:08,1404.0400,1,1
2026-03-24,600519,13:58:14,1404.0100,2,2
2026-03-24,600519,13:58:17,1403.8000,26,2
2026-03-24,600519,13:58:20,1403.8000,3,2
2026-03-24,600519,13:58:29,1403.8199,2,1
2026-03-24,600519,13:58:32,1403.8199,2,1
2026-03-24,600519,13:58:35,1403.8000,1,2
2026-03-24,600519,13:58:38,1403.8400,1,1
2026-03-24,600519,13:58:44,1403.8400,1,1
2026-03-24,600519,13:58:47,1403.8199,2,2
2026-03-24,600519,13:58:50,1403.1300,49,2
2026-03-24,600519,13:58:56,1403.0100,21,2
2026-03-24,600519,13:58:59,1403.1500,3,1
2026-03-24,600519,13:59:02,1403.1100,1,2
2026-03-24,600519,13:59:05,1403.0000,85,2
2026-03-24,600519,13:59:08,1403.3900,11,1
2026-03-24,600519,13:59:11,1403.3800,2,1
2026-03-24,600519,13:59:17,1403.0200,1,2
2026-03-24,600519,13:59:20,1403.3900,4,1
2026-03-24,600519,13:59:23,1403.0100,1,2
2026-03-24,600519,13:59:26,1403.3800,2,1
2026-03-24,600519,13:59:29,1403.0200,6,2
2026-03-24,600519,13:59:32,1403.2000,2,2
2026-03-24,600519,13:59:35,1403.3800,5,1
2026-03-24,600519,13:59:38,1403.3800,2,2
2026-03-24,600519,13:59:44,1403.4000,2,1
2026-03-24,600519,13:59:47,1403.3900,1,1
2026-03-24,600519,13:59:50,1403.4100,1,1
2026-03-24,600519,13:59:53,1403.2900,1,2
2026-03-24,600519,14:00:05,1403.4100,1,1
2026-03-24,600519,14:00:08,1403.4600,5,1
2026-03-24,600519,14:00:14,1403.4600,2,2
2026-03-24,600519,14:00:17,1403.4700,1,2
2026-03-24,600519,14:00:23,1403.8101,1,1
2026-03-24,600519,14:00:26,1403.8101,5,1
2026-03-24,600519,14:00:29,1403.8101,1,1
2026-03-24,600519,14:00:32,1404.5800,27,1
2026-03-24,600519,14:00:35,1405.1100,4,1
2026-03-24,600519,14:00:38,1405.1000,2,1
2026-03-24,600519,14:00:41,1405.1200,4,1
2026-03-24,600519,14:00:44,1405.1200,2,2
2026-03-24,600519,14:00:47,1405.1200,3,2
2026-03-24,600519,14:00:53,1405.1200,4,2
2026-03-24,600519,14:00:56,1405.4301,4,1
2026-03-24,600519,14:00:59,1405.4399,3,1
2026-03-24,600519,14:01:02,1405.3500,3,1
2026-03-24,600519,14:01:05,1405.5699,1,1
2026-03-24,600519,14:01:08,1405.5800,3,1
2026-03-24,600519,14:01:11,1405.5800,3,1
2026-03-24,600519,14:01:14,1405.0300,12,2
2026-03-24,600519,14:01:17,1405.5699,1,1
2026-03-24,600519,14:01:20,1405.5699,3,1
2026-03-24,600519,14:01:26,1405.3600,1,1
2026-03-24,600519,14:01:29,1405.5601,2,1
2026-03-24,600519,14:01:32,1405.0500,2,2
2026-03-24,600519,14:01:35,1405.0400,2,1
2026-03-24,600519,14:01:41,1405.1500,2,1
2026-03-24,600519,14:01:44,1405.0200,3,2
2026-03-24,600519,14:01:47,1405.0699,2,2
2026-03-24,600519,14:01:50,1405.1100,1,1
2026-03-24,600519,14:01:53,1405.0500,4,2
2026-03-24,600519,14:01:56,1405.0400,1,1
2026-03-24,600519,14:01:59,1405.0500,1,1
2026-03-24,600519,14:02:02,1405.1400,2,1
2026-03-24,600519,14:02:05,1405.0100,9,2
2026-03-24,600519,14:02:08,1405.0100,2,2
2026-03-24,600519,10:35:35,1412.1899,10,2
2026-03-24,600519,10:35:38,1412.9500,7,1
2026-03-24,600519,10:35:41,1412.2000,1,2
2026-03-24,600519,10:35:44,1412.5601,9,1
2026-03-24,600519,10:35:47,1412.5699,2,1
2026-03-24,600519,10:35:50,1412.1000,17,2
2026-03-24,600519,10:35:53,1410.9800,9,2
2026-03-24,600519,10:35:56,1411.8600,3,1
2026-03-24,600519,10:35:59,1412.0000,8,1
2026-03-24,600519,10:36:02,1411.7700,1,2
2026-03-24,600519,10:36:05,1411.0100,38,2
2026-03-24,600519,10:36:08,1411.8600,3,2
2026-03-24,600519,10:36:11,1411.0601,6,2
2026-03-24,600519,10:36:14,1412.4700,10,1
2026-03-24,600519,10:36:17,1411.0800,8,2
2026-03-24,600519,10:36:20,1411.9301,3,1
2026-03-24,600519,10:36:23,1411.0400,13,2
2026-03-24,600519,10:36:26,1411.0800,5,1
2026-03-24,600519,10:36:29,1411.0000,2,2
2026-03-24,600519,10:36:32,1410.9800,24,2
2026-03-24,600519,10:36:35,1410.8300,6,2
2026-03-24,600519,10:36:38,1411.0000,3,1
2026-03-24,600519,10:36:41,1411.0000,2,2
2026-03-24,600519,10:36:44,1410.9900,17,2
2026-03-24,600519,10:36:47,1410.9399,2,1
2026-03-24,600519,10:36:50,1410.5000,2,2
2026-03-24,600519,10:36:53,1410.9301,1,1
2026-03-24,600519,10:36:56,1410.9301,2,1
2026-03-24,600519,10:36:59,1410.9301,1,1
2026-03-24,600519,10:37:02,1410.5200,3,2
2026-03-24,600519,10:37:05,1410.5000,11,2
2026-03-24,600519,10:37:11,1410.9800,2,1
2026-03-24,600519,10:37:17,1410.9900,9,1
2026-03-24,600519,10:37:23,1410.9399,3,1
2026-03-24,600519,10:37:26,1410.8300,3,2
2026-03-24,600519,10:37:29,1410.8300,2,2
2026-03-24,600519,10:37:32,1410.9301,1,1
2026-03-24,600519,10:37:35,1410.8300,2,1
2026-03-24,600519,10:37:38,1410.9399,4,1
2026-03-24,600519,10:37:41,1410.9900,7,1
2026-03-24,600519,10:37:44,1412.1899,22,1
2026-03-24,600519,10:37:47,1410.9301,7,2
2026-03-24,600519,10:37:50,1410.9301,5,2
2026-03-24,600519,10:37:53,1410.8300,23,2
2026-03-24,600519,10:37:56,1410.9399,5,1
2026-03-24,600519,10:37:59,1410.8300,24,2
2026-03-24,600519,10:38:02,1410.7400,1,2
2026-03-24,600519,10:38:05,1410.7300,2,2
2026-03-24,600519,10:38:08,1410.7500,8,2
2026-03-24,600519,10:38:11,1410.7500,10,2
2026-03-24,600519,10:38:17,1410.4000,13,2
2026-03-24,600519,10:38:20,1410.1700,6,2
2026-03-24,600519,10:38:23,1410.1700,5,2
2026-03-24,600519,10:38:26,1410.6300,5,1
2026-03-24,600519,10:38:29,1410.1500,2,1
2026-03-24,600519,10:38:32,1410.6300,2,1
2026-03-24,600519,10:38:35,1410.0100,6,2
2026-03-24,600519,10:38:38,1409.9200,24,2
2026-03-24,600519,10:38:41,1409.7900,2,2
2026-03-24,600519,10:38:44,1409.6200,5,2
2026-03-24,600519,10:38:47,1409.6300,5,2
2026-03-24,600519,10:38:50,1409.5200,2,2
2026-03-24,600519,10:38:53,1409.5200,4,1
2026-03-24,600519,10:38:56,1409.2200,2,2
2026-03-24,600519,10:38:59,1409.2200,1,2
2026-03-24,600519,10:39:05,1409.0200,1,2
2026-03-24,600519,10:39:08,1409.2200,3,1
2026-03-24,600519,10:39:11,1409.0000,14,2
2026-03-24,600519,10:39:14,1409.9700,1,1
2026-03-24,600519,10:39:17,1409.0200,4,2
2026-03-24,600519,10:39:20,1409.0000,3,2
2026-03-24,600519,10:39:23,1409.4700,3,4
2026-03-24,600519,10:39:29,1409.0000,13,2
2026-03-24,600519,10:39:32,1408.9200,1,2
2026-03-24,600519,10:39:35,1408.9900,2,1
2026-03-24,600519,10:39:41,1408.5000,1,2
2026-03-24,600519,10:39:44,1408.4000,34,2
2026-03-24,600519,10:39:47,1408.5000,1,1
2026-03-24,600519,10:39:50,1408.0200,2,2
2026-03-24,600519,10:39:56,1408.0100,2,2
2026-03-24,600519,10:39:59,1407.9700,34,2
2026-03-24,600519,10:40:02,1408.4900,10,1
2026-03-24,600519,10:40:05,1407.8199,1,2
2026-03-24,600519,10:40:08,1408.4900,5,1
2026-03-24,600519,10:40:11,1408.5000,2,1
2026-03-24,600519,10:40:14,1408.3900,1,2
2026-03-24,600519,10:40:17,1408.1801,3,2
2026-03-24,600519,10:40:20,1408.0800,1,2
2026-03-24,600519,10:40:23,1408.2300,2,1
2026-03-24,600519,10:40:26,1408.0000,3,2
2026-03-24,600519,10:40:29,1407.8300,4,2
2026-03-24,600519,10:40:32,1408.0000,3,1
2026-03-24,600519,10:40:35,1407.8101,2,2
2026-03-24,600519,10:40:38,1407.8000,6,2
2026-03-24,600519,10:40:41,1407.8000,1,2
2026-03-24,600519,10:40:47,1408.0000,1,1
2026-03-24,600519,10:40:50,1407.5000,2,2
2026-03-24,600519,10:40:56,1407.5000,1,2
2026-03-24,600519,10:40:59,1407.5000,5,2
2026-03-24,600519,10:41:02,1407.7800,1,1
2026-03-24,600519,10:41:05,1407.5000,3,2
2026-03-24,600519,10:41:08,1407.0500,6,2
2026-03-24,600519,10:41:11,1407.0000,3,2
2026-03-24,600519,10:41:17,1407.5100,10,1
2026-03-24,600519,10:41:20,1407.7800,8,1
2026-03-24,600519,10:41:29,1407.5100,1,2
2026-03-24,600519,10:41:32,1407.5100,2,2
2026-03-24,600519,10:41:35,1407.4100,1,2
2026-03-24,600519,10:41:38,1407.4100,4,1
2026-03-24,600519,10:41:41,1407.7700,2,1
2026-03-24,600519,10:41:47,1407.7900,2,1
2026-03-24,600519,10:41:50,1407.7700,6,2
2026-03-24,600519,10:41:53,1407.7400,2,2
2026-03-24,600519,10:41:59,1407.6500,7,1
2026-03-24,600519,10:42:02,1407.0500,1,2
2026-03-24,600519,10:42:05,1407.0300,3,2
2026-03-24,600519,10:42:08,1407.0300,5,2
2026-03-24,600519,10:42:11,1407.0300,2,2
2026-03-24,600519,10:42:14,1407.0300,2,1
2026-03-24,600519,10:42:17,1407.0000,17,2
2026-03-24,600519,10:42:20,1406.0100,1,2
2026-03-24,600519,10:42:23,1406.0100,1,2
2026-03-24,600519,10:42:26,1406.9900,1,1
2026-03-24,600519,10:42:32,1406.9900,1,1
2026-03-24,600519,10:42:41,1406.0400,2,2
2026-03-24,600519,10:42:44,1406.0400,1,2
2026-03-24,600519,10:42:47,1406.0300,4,2
2026-03-24,600519,10:42:50,1406.0500,3,2
2026-03-24,600519,10:42:53,1406.1000,1,2
2026-03-24,600519,10:42:59,1406.0500,2,2
2026-03-24,600519,10:43:02,1406.0900,5,1
2026-03-24,600519,10:43:05,1406.0400,2,2
2026-03-24,600519,10:43:08,1406.0601,3,2
2026-03-24,600519,10:43:11,1406.0601,1,2
2026-03-24,600519,10:43:14,1406.3199,2,1
2026-03-24,600519,10:43:17,1406.1000,3,2
2026-03-24,600519,10:43:23,1406.0500,14,2
2026-03-24,600519,10:43:26,1406.0500,2,2
2026-03-24,600519,10:43:29,1406.0601,2,1
2026-03-24,600519,10:43:32,1406.0400,2,2
2026-03-24,600519,10:43:35,1406.0601,8,1
2026-03-24,600519,10:43:44,1406.0601,7,2
2026-03-24,600519,10:43:47,1406.0601,6,1
2026-03-24,600519,10:43:50,1406.0601,1,1
2026-03-24,600519,10:43:53,1406.0500,7,4
2026-03-24,600519,10:43:56,1406.0601,3,1
2026-03-24,600519,10:43:59,1406.0200,2,2
2026-03-24,600519,10:44:02,1406.0000,23,2
2026-03-24,600519,10:44:05,1405.9301,33,2
2026-03-24,600519,10:44:08,1405.8900,26,2
2026-03-24,600519,10:44:11,1405.8900,7,1
2026-03-24,600519,10:44:14,1405.9500,3,1
2026-03-24,600519,10:44:17,1405.9399,4,1
2026-03-24,600519,10:44:20,1405.9500,2,1
2026-03-24,600519,10:44:26,1405.9399,5,1
2026-03-24,600519,10:44:29,1406.0601,4,1
2026-03-24,600519,10:44:32,1406.0601,6,1
2026-03-24,600519,10:44:35,1406.3500,3,1
2026-03-24,600519,10:44:38,1406.3900,1,2
2026-03-24,600519,10:44:41,1406.9600,4,1
2026-03-24,600519,10:44:44,1406.9500,1,1
2026-03-24,600519,10:44:47,1406.4000,9,2
2026-03-24,600519,10:44:50,1406.8101,1,1
2026-03-24,600519,10:44:53,1406.9900,6,1
2026-03-24,600519,10:44:56,1407.2100,1,1
2026-03-24,600519,10:44:59,1406.8900,15,2
2026-03-24,600519,10:45:02,1406.8101,8,2
2026-03-24,600519,10:45:05,1406.8400,6,1
2026-03-24,600519,10:45:08,1406.8199,2,2
2026-03-24,600519,10:45:11,1406.8500,5,1
2026-03-24,600519,10:45:14,1406.8500,2,4
2026-03-24,600519,10:45:17,1406.8700,6,1
2026-03-24,600519,10:45:20,1406.8199,3,2
2026-03-24,600519,10:45:23,1406.9800,3,1
2026-03-24,600519,10:45:26,1406.9900,5,1
2026-03-24,600519,10:45:29,1406.9900,2,1
2026-03-24,600519,10:45:32,1406.9800,4,2
2026-03-24,600519,10:45:35,1407.3400,2,1
2026-03-24,600519,10:45:41,1407.2200,3,2
2026-03-24,600519,10:45:44,1407.6899,2,1
2026-03-24,600519,10:45:47,1407.2400,1,2
2026-03-24,600519,10:45:50,1407.2400,2,2
2026-03-24,600519,10:45:53,1407.2400,4,2
2026-03-24,600519,10:45:56,1407.2200,4,2
2026-03-24,600519,10:45:59,1407.2400,4,2
2026-03-24,600519,10:46:02,1407.2200,3,2
2026-03-24,600519,10:46:08,1407.6801,1,1
2026-03-24,600519,10:46:11,1407.2100,7,2
2026-03-24,600519,10:46:14,1407.6899,2,1
2026-03-24,600519,10:46:17,1407.6899,4,1
2026-03-24,600519,10:46:20,1407.7400,5,1
2026-03-24,600519,10:46:23,1407.8000,4,1
2026-03-24,600519,10:46:26,1408.0400,6,1
2026-03-24,600519,10:46:29,1408.0400,3,1
2026-03-24,600519,10:46:32,1408.9900,4,1
2026-03-24,600519,10:46:35,1409.2000,7,1
2026-03-24,600519,10:46:38,1409.2200,3,1
2026-03-24,600519,10:46:41,1409.4700,13,1
2026-03-24,600519,10:46:44,1409.1899,13,2
2026-03-24,600519,10:46:47,1409.1801,11,2
2026-03-24,600519,10:46:50,1409.1801,5,2
2026-03-24,600519,10:46:53,1409.2100,6,1
2026-03-24,600519,10:46:56,1409.2000,8,1
2026-03-24,600519,10:47:02,1409.2100,8,1
2026-03-24,600519,10:47:05,1409.2100,1,1
2026-03-24,600519,10:47:11,1409.2100,2,2
2026-03-24,600519,10:47:14,1409.2100,4,2
2026-03-24,600519,10:47:17,1409.2100,13,2
2026-03-24,600519,10:47:20,1409.2100,4,2
2026-03-24,600519,10:47:23,1409.9600,1,1
2026-03-24,600519,10:47:26,1409.4500,4,2
2026-03-24,600519,10:47:29,1409.7100,2,1
2026-03-24,600519,10:47:32,1409.4500,13,2
2026-03-24,600519,10:47:35,1409.9800,1,1
2026-03-24,600519,10:47:38,1409.7100,3,2
2026-03-24,600519,10:47:41,1409.3500,15,2
2026-03-24,600519,10:47:44,1409.3000,2,2
2026-03-24,600519,10:47:47,1409.2400,10,2
2026-03-24,600519,10:47:50,1409.1801,7,2
2026-03-24,600519,10:47:53,1408.0699,3,2
2026-03-24,600519,10:47:56,1408.1000,3,2
2026-03-24,600519,10:47:59,1409.1500,4,1
2026-03-24,600519,10:48:02,1408.0800,2,2
2026-03-24,600519,10:48:05,1408.0800,1,2
2026-03-24,600519,10:48:11,1409.1500,5,1
2026-03-24,600519,10:48:14,1409.2200,6,1
2026-03-24,600519,10:48:17,1408.1899,1,2
2026-03-24,600519,10:48:20,1409.1200,5,1
2026-03-24,600519,10:48:23,1408.1700,3,2
2026-03-24,600519,10:48:26,1408.1700,4,2
2026-03-24,600519,10:48:29,1408.1300,12,2
2026-03-24,600519,10:48:32,1408.1100,8,2
2026-03-24,600519,10:48:35,1408.1100,1,2
2026-03-24,600519,10:48:38,1408.2700,2,1
2026-03-24,600519,10:48:41,1408.9200,3,1
2026-03-24,600519,10:48:47,1408.9301,3,1
2026-03-24,600519,10:48:50,1408.4800,1,2
2026-03-24,600519,10:48:53,1408.3700,10,2
2026-03-24,600519,10:48:56,1408.3700,1,1
2026-03-24,600519,10:48:59,1408.1000,18,2
2026-03-24,600519,10:49:02,1408.1700,3,1
2026-03-24,600519,10:49:05,1408.3600,7,1
2026-03-24,600519,10:49:08,1408.3600,2,1
2026-03-24,600519,10:49:11,1407.7100,9,2
2026-03-24,600519,10:49:14,1409.0500,8,1
2026-03-24,600519,10:49:17,1408.5000,2,2
2026-03-24,600519,10:49:20,1409.0400,9,1
2026-03-24,600519,10:49:26,1408.7100,2,1
2026-03-24,600519,10:49:29,1408.0200,8,2
2026-03-24,600519,10:49:32,1408.0200,3,2
2026-03-24,600519,10:49:35,1408.0000,11,1
2026-03-24,600519,10:49:38,1408.0200,1,1
2026-03-24,600519,10:49:41,1408.0200,1,1
2026-03-24,600519,10:49:44,1407.2500,12,2
2026-03-24,600519,10:49:47,1407.2100,3,2
2026-03-24,600519,10:49:50,1407.9900,3,1
2026-03-24,600519,10:49:53,1407.2200,2,2
2026-03-24,600519,10:49:56,1406.9900,3,2
2026-03-24,600519,10:49:59,1406.7800,1,2
2026-03-24,600519,10:50:02,1407.0500,4,1
2026-03-24,600519,10:50:05,1406.9900,1,1
2026-03-24,600519,10:50:08,1406.4100,4,2
2026-03-24,600519,10:50:11,1406.9800,5,1
2026-03-24,600519,10:50:14,1407.2500,11,1
2026-03-24,600519,10:50:20,1407.9900,16,1
2026-03-24,600519,10:50:23,1407.2100,1,2
2026-03-24,600519,10:50:26,1407.9800,10,1
2026-03-24,600519,10:50:29,1408.0900,6,1
2026-03-24,600519,10:50:32,1407.9800,2,2
2026-03-24,600519,10:50:38,1406.7100,2,2
2026-03-24,600519,10:50:41,1407.2200,6,2
2026-03-24,600519,10:50:44,1407.2200,1,2
2026-03-24,600519,10:50:47,1407.1200,1,2
2026-03-24,600519,10:50:53,1406.7100,1,2
2026-03-24,600519,10:50:56,1406.7100,1,2
2026-03-24,600519,10:50:59,1406.7100,2,2
2026-03-24,600519,10:51:02,1406.6400,3,2
2026-03-24,600519,10:51:05,1406.6400,3,1
2026-03-24,600519,10:51:08,1406.6400,2,1
2026-03-24,600519,10:51:14,1406.7000,1,1
2026-03-24,600519,10:51:17,1406.6300,2,2
2026-03-24,600519,10:51:20,1407.6700,3,1
2026-03-24,600519,10:51:23,1406.7200,1,2
2026-03-24,600519,10:51:26,1407.5699,3,1
2026-03-24,600519,10:51:29,1406.7100,2,2
2026-03-24,600519,10:51:32,1406.7100,5,2
2026-03-24,600519,10:51:35,1406.6200,12,2
2026-03-24,600519,10:51:38,1406.6200,6,1
2026-03-24,600519,10:51:41,1407.0000,4,1
2026-03-24,600519,10:51:44,1407.6300,1,1
2026-03-24,600519,10:51:47,1407.0100,2,2
2026-03-24,600519,10:51:50,1407.2800,4,2
2026-03-24,600519,10:51:53,1406.9700,2,1
2026-03-24,600519,10:51:56,1406.7000,2,2
2026-03-24,600519,10:51:59,1406.7900,2,1
2026-03-24,600519,10:52:02,1406.5100,6,2
2026-03-24,600519,10:52:05,1406.5100,5,2
2026-03-24,600519,10:52:11,1406.3600,15,2
2026-03-24,600519,10:52:14,1406.0500,3,2
2026-03-24,600519,10:52:17,1406.0500,1,1
2026-03-24,600519,10:52:20,1406.0400,3,1
2026-03-24,600519,10:52:23,1406.0000,16,2
2026-03-24,600519,10:52:26,1406.0601,2,1
2026-03-24,600519,10:52:29,1406.0500,2,2
2026-03-24,600519,10:52:32,1406.3800,8,1
2026-03-24,600519,10:52:35,1406.0300,2,2
2026-03-24,600519,10:52:38,1406.0200,2,1
2026-03-24,600519,10:52:41,1406.0500,7,1
2026-03-24,600519,10:52:44,1406.0100,1,2
2026-03-24,600519,10:52:50,1406.0300,3,2
2026-03-24,600519,10:52:53,1406.3800,3,1
2026-03-24,600519,10:52:56,1406.0500,3,2
2026-03-24,600519,10:52:59,1406.3800,4,1
2026-03-24,600519,10:53:02,1406.0400,3,2
2026-03-24,600519,10:53:05,1406.5000,1,1
2026-03-24,600519,10:53:08,1406.4900,1,1
2026-03-24,600519,10:53:14,1406.5000,40,1
2026-03-24,600519,10:53:17,1406.5200,3,1
2026-03-24,600519,10:53:20,1406.9100,4,1
2026-03-24,600519,10:53:23,1406.9301,4,1
2026-03-24,600519,10:53:26,1406.5000,9,2
2026-03-24,600519,10:53:29,1406.5000,3,1
2026-03-24,600519,10:53:35,1406.9301,2,2
2026-03-24,600519,10:53:38,1406.9600,2,1
2026-03-24,600519,10:53:41,1406.9301,1,2
2026-03-24,600519,10:53:47,1406.9200,2,1
2026-03-24,600519,10:53:50,1406.9000,1,2
2026-03-24,600519,10:53:53,1406.8800,1,2
2026-03-24,600519,10:53:56,1406.0500,19,2
2026-03-24,600519,10:53:59,1406.3900,1,2
2026-03-24,600519,10:54:02,1406.1700,5,2
2026-03-24,600519,10:54:05,1405.3800,39,2
2026-03-24,600519,10:54:08,1405.0500,9,2
2026-03-24,600519,10:54:11,1405.3400,4,1
2026-03-24,600519,10:54:14,1405.0300,5,2
2026-03-24,600519,10:54:17,1405.3101,1,2
2026-03-24,600519,10:54:23,1404.5000,89,2
2026-03-24,600519,10:54:26,1404.8800,6,1
2026-03-24,600519,10:54:29,1404.3700,3,2
2026-03-24,600519,10:54:32,1404.5000,3,1
2026-03-24,600519,10:54:35,1404.8900,3,2
2026-03-24,600519,10:54:38,1404.9800,1,1
2026-03-24,600519,10:54:41,1404.9700,3,1
2026-03-24,600519,10:54:44,1404.8900,1,2
2026-03-24,600519,10:54:47,1404.8800,4,1
2026-03-24,600519,10:54:50,1404.9800,3,2
2026-03-24,600519,10:54:53,1404.9800,6,2
2026-03-24,600519,10:54:59,1404.8800,1,2
2026-03-24,600519,10:55:02,1404.8800,1,2
2026-03-24,600519,10:55:05,1404.8800,2,1
2026-03-24,600519,10:55:08,1404.8000,3,2
2026-03-24,600519,10:55:11,1404.8800,3,1
2026-03-24,600519,10:55:14,1404.8800,3,2
2026-03-24,600519,10:55:17,1404.8900,3,1
2026-03-24,600519,10:55:20,1404.9800,5,1
2026-03-24,600519,10:55:23,1404.9900,7,1
2026-03-24,600519,10:55:26,1404.8900,4,2
2026-03-24,600519,10:55:29,1404.9800,2,1
2026-03-24,600519,10:55:32,1404.8900,3,2
2026-03-24,600519,10:55:35,1404.9000,5,2
2026-03-24,600519,10:55:38,1404.9000,3,2
2026-03-24,600519,10:55:41,1404.8900,1,2
2026-03-24,600519,10:55:44,1404.9900,2,1
2026-03-24,600519,10:55:50,1404.8800,9,2
2026-03-24,600519,10:55:53,1404.7800,15,2
2026-03-24,600519,10:55:56,1404.5100,1,2
2026-03-24,600519,10:55:59,1404.5100,16,2
2026-03-24,600519,10:56:02,1404.0000,7,2
2026-03-24,600519,10:56:05,1404.5000,4,1
2026-03-24,600519,10:56:08,1404.0100,2,2
2026-03-24,600519,10:56:11,1404.5000,6,1
2026-03-24,600519,10:56:14,1404.5100,4,1
2026-03-24,600519,10:56:17,1404.5100,6,1
2026-03-24,600519,10:56:20,1404.5100,2,1
2026-03-24,600519,10:56:23,1404.5100,1,2
2026-03-24,600519,10:56:26,1404.6000,4,1
2026-03-24,600519,10:56:29,1404.0500,19,2
2026-03-24,600519,10:56:32,1404.0500,6,1
2026-03-24,600519,10:56:35,1404.0000,10,2
2026-03-24,600519,10:56:38,1404.0100,2,2
2026-03-24,600519,10:56:41,1404.0200,1,1
2026-03-24,600519,10:56:44,1404.0000,5,2
2026-03-24,600519,10:56:47,1404.0200,4,1
2026-03-24,600519,10:56:50,1404.7600,1,1
2026-03-24,600519,10:56:53,1404.0100,3,2
2026-03-24,600519,10:56:56,1404.0000,5,2
2026-03-24,600519,10:56:59,1404.0100,75,2
2026-03-24,600519,10:57:02,1404.7500,3,1
2026-03-24,600519,10:57:05,1404.6600,13,2
2026-03-24,600519,10:57:08,1404.8400,15,1
2026-03-24,600519,10:57:11,1404.0100,6,2
2026-03-24,600519,10:57:14,1404.6600,3,1
2026-03-24,600519,10:57:17,1404.6600,5,1
2026-03-24,600519,10:57:20,1404.0200,1,2
2026-03-24,600519,10:57:23,1404.0200,8,2
2026-03-24,600519,10:57:26,1404.6600,1,1
2026-03-24,600519,10:57:29,1404.6000,2,2
2026-03-24,600519,10:57:32,1404.6000,4,2
2026-03-24,600519,10:57:35,1404.6600,6,1
2026-03-24,600519,10:57:41,1404.6600,2,2
2026-03-24,600519,10:57:44,1404.7400,3,1
2026-03-24,600519,10:57:47,1404.7400,8,1
2026-03-24,600519,10:57:50,1404.7400,9,1
2026-03-24,600519,10:57:53,1404.6600,4,2
2026-03-24,600519,10:57:56,1404.6600,3,2
2026-03-24,600519,10:57:59,1404.6600,7,2
2026-03-24,600519,10:58:05,1404.9500,3,1
2026-03-24,600519,10:58:08,1404.9900,1,1
2026-03-24,600519,10:58:11,1404.9500,2,2
2026-03-24,600519,10:58:14,1404.9500,6,2
2026-03-24,600519,10:58:17,1404.9900,7,1
2026-03-24,600519,10:58:20,1404.9500,22,2
2026-03-24,600519,10:58:23,1404.9500,4,1
2026-03-24,600519,10:58:29,1404.8500,8,2
2026-03-24,600519,10:58:32,1404.8800,2,2
2026-03-24,600519,10:58:35,1404.9399,2,1
2026-03-24,600519,10:58:38,1404.8600,3,2
2026-03-24,600519,10:58:41,1405.0900,22,1
2026-03-24,600519,10:58:44,1405.3000,4,1
2026-03-24,600519,10:58:47,1405.3000,2,2
2026-03-24,600519,10:58:53,1405.3400,3,2
2026-03-24,600519,10:58:59,1405.3000,6,2
2026-03-24,600519,10:59:02,1405.3300,5,1
2026-03-24,600519,10:59:05,1405.3101,5,2
2026-03-24,600519,10:59:08,1405.3300,1,1
2026-03-24,600519,10:59:14,1405.3500,1,1
2026-03-24,600519,10:59:17,1405.3600,3,1
2026-03-24,600519,10:59:20,1405.3700,5,1
2026-03-24,600519,10:59:23,1405.3800,5,1
2026-03-24,600519,10:59:26,1405.3600,2,2
2026-03-24,600519,10:59:29,1405.3900,1,2
