date,code,time,price,volume,bs
2026-04-22,000001,14:04:12,10.9600,2268,2
2026-04-22,000001,14:04:15,10.9700,325,1
2026-04-22,000001,14:04:18,10.9600,140,2
2026-04-22,000001,14:04:21,10.9600,36,2
2026-04-22,000001,14:04:24,10.9700,36,1
2026-04-22,000001,14:04:27,10.9600,52,2
2026-04-22,000001,14:04:30,10.9600,477,2
2026-04-22,000001,14:04:33,10.9700,5,1
2026-04-22,000001,14:04:36,10.9700,1,1
2026-04-22,000001,14:04:39,10.9700,11,1
2026-04-22,000001,14:04:42,10.9600,2,2
2026-04-22,000001,14:04:45,10.9700,5,1
2026-04-22,000001,14:04:48,10.9700,23,1
2026-04-22,000001,14:04:51,10.9600,28,2
2026-04-22,000001,14:04:54,10.9700,2079,1
2026-04-22,000001,14:04:57,10.9700,26,1
2026-04-22,000001,14:05:00,10.9700,351,1
2026-04-22,000001,14:05:03,10.9700,25,1
2026-04-22,000001,14:05:06,10.9600,79,2
2026-04-22,000001,14:05:09,10.9700,293,1
2026-04-22,000001,14:05:12,10.9700,24,2
2026-04-22,000001,14:05:18,10.9800,1,1
2026-04-22,000001,14:05:21,10.9700,842,2
2026-04-22,000001,14:05:24,10.9700,76,2
2026-04-22,000001,14:05:27,10.9700,91,2
2026-04-22,000001,14:05:30,10.9700,327,1
2026-04-22,000001,14:05:33,10.9700,23,1
2026-04-22,000001,14:05:36,10.9700,286,1
2026-04-22,000001,14:05:39,10.9700,120,2
2026-04-22,000001,14:05:42,10.9700,310,2
2026-04-22,000001,14:05:45,10.9700,36,1
2026-04-22,000001,14:05:48,10.9600,20,2
2026-04-22,000001,14:05:51,10.9700,7,1
2026-04-22,000001,14:05:54,10.9600,82,2
2026-04-22,000001,14:05:57,10.9700,1,1
2026-04-22,000001,14:06:00,10.9700,42,1
2026-04-22,000001,14:06:03,10.9700,10,1
2026-04-22,000001,14:06:06,10.9700,11781,1
2026-04-22,000001,14:06:09,10.9600,100,2
2026-04-22,000001,14:06:12,10.9600,2,2
2026-04-22,000001,14:06:18,10.9600,16,2
2026-04-22,000001,14:06:21,10.9700,5,1
2026-04-22,000001,14:06:24,10.9700,107,1
2026-04-22,000001,14:06:30,10.9600,1290,2
2026-04-22,000001,14:06:33,10.9600,5,2
2026-04-22,000001,14:06:39,10.9600,13,2
2026-04-22,000001,14:06:45,10.9600,122,2
2026-04-22,000001,14:06:48,10.9700,112,1
2026-04-22,000001,14:06:51,10.9600,1737,2
2026-04-22,000001,14:07:00,10.9700,55,1
2026-04-22,000001,14:07:03,10.9600,31,2
2026-04-22,000001,14:07:06,10.9600,1142,2
2026-04-22,000001,14:07:09,10.9700,111,1
2026-04-22,000001,14:07:12,10.9600,3,2
2026-04-22,000001,14:07:15,10.9600,4,2
2026-04-22,000001,14:07:18,10.9700,30,1
2026-04-22,000001,14:07:21,10.9700,20,1
2026-04-22,000001,14:07:24,10.9600,26,2
2026-04-22,000001,14:07:27,10.9600,990,2
2026-04-22,000001,14:07:30,10.9600,59,2
2026-04-22,000001,14:07:33,10.9600,150,2
2026-04-22,000001,14:07:36,10.9600,96,2
2026-04-22,000001,14:07:39,10.9600,127,1
2026-04-22,000001,14:07:42,10.9600,126,1
2026-04-22,000001,14:07:45,10.9500,88,2
2026-04-22,000001,14:07:48,10.9600,74,1
2026-04-22,000001,14:07:51,10.9500,39,2
2026-04-22,000001,14:07:54,10.9600,54,1
2026-04-22,000001,14:07:57,10.9600,65,1
2026-04-22,000001,14:08:00,10.9600,50,1
2026-04-22,000001,14:08:03,10.9600,81,1
2026-04-22,000001,14:08:06,10.9600,8,1
2026-04-22,000001,14:08:09,10.9600,3,1
2026-04-22,000001,14:08:12,10.9600,65,1
2026-04-22,000001,14:08:15,10.9500,35,2
2026-04-22,000001,14:08:18,10.9500,59,2
2026-04-22,000001,14:08:21,10.9500,53,2
2026-04-22,000001,14:08:24,10.9500,150,2
2026-04-22,000001,14:08:27,10.9600,41,1
2026-04-22,000001,14:08:30,10.9600,1,1
2026-04-22,000001,14:08:33,10.9500,45,2
2026-04-22,000001,14:08:36,10.9500,16,2
2026-04-22,000001,14:08:39,10.9600,23,1
2026-04-22,000001,14:08:42,10.9500,38,2
2026-04-22,000001,14:08:45,10.9600,69,1
2026-04-22,000001,14:08:48,10.9600,10,1
2026-04-22,000001,14:08:51,10.9500,16,2
2026-04-22,000001,14:08:54,10.9600,272,1
2026-04-22,000001,14:08:57,10.9500,177,2
2026-04-22,000001,14:09:00,10.9600,2,1
2026-04-22,000001,14:09:03,10.9600,7,1
2026-04-22,000001,14:09:06,10.9600,18,1
2026-04-22,000001,14:09:09,10.9600,25,1
2026-04-22,000001,14:09:12,10.9600,351,1
2026-04-22,000001,14:09:15,10.9500,21,2
2026-04-22,000001,14:09:18,10.9600,12,1
2026-04-22,000001,14:09:21,10.9500,193,2
2026-04-22,000001,14:09:24,10.9600,148,1
2026-04-22,000001,14:09:27,10.9500,123,2
2026-04-22,000001,14:09:30,10.9600,392,1
2026-04-22,000001,14:09:33,10.9500,1227,2
2026-04-22,000001,14:09:36,10.9500,89,2
2026-04-22,000001,14:09:39,10.9500,3,2
2026-04-22,000001,14:09:42,10.9600,247,1
2026-04-22,000001,14:09:45,10.9600,13,1
2026-04-22,000001,14:09:48,10.9600,221,1
2026-04-22,000001,14:09:51,10.9600,45,1
2026-04-22,000001,14:09:54,10.9600,60,1
2026-04-22,000001,14:09:57,10.9500,25,2
2026-04-22,000001,14:10:00,10.9600,23,1
2026-04-22,000001,14:10:03,10.9600,299,1
2026-04-22,000001,14:10:06,10.9600,150,1
2026-04-22,000001,14:10:09,10.9600,118,1
2026-04-22,000001,14:10:12,10.9600,31,1
2026-04-22,000001,14:10:15,10.9500,47,2
2026-04-22,000001,14:10:18,10.9600,53,1
2026-04-22,000001,14:10:21,10.9600,758,1
2026-04-22,000001,14:10:24,10.9600,31,2
2026-04-22,000001,14:10:27,10.9700,12,1
2026-04-22,000001,14:10:30,10.9600,256,2
2026-04-22,000001,14:10:33,10.9700,102,1
2026-04-22,000001,14:10:36,10.9700,66,1
2026-04-22,000001,14:10:39,10.9600,53,2
2026-04-22,000001,14:10:42,10.9600,48,2
2026-04-22,000001,14:10:45,10.9600,234,2
2026-04-22,000001,14:10:48,10.9600,348,2
2026-04-22,000001,14:10:51,10.9700,25,1
2026-04-22,000001,14:10:54,10.9600,195,2
2026-04-22,000001,14:10:57,10.9600,97,2
2026-04-22,000001,14:11:00,10.9600,38,2
2026-04-22,000001,14:11:03,10.9600,29,2
2026-04-22,000001,14:11:06,10.9700,338,1
2026-04-22,000001,14:11:09,10.9700,86,1
2026-04-22,000001,14:11:12,10.9600,684,2
2026-04-22,000001,14:11:15,10.9600,10,1
2026-04-22,000001,14:11:18,10.9600,70,1
2026-04-22,000001,14:11:21,10.9600,39,1
2026-04-22,000001,14:11:24,10.9600,60,1
2026-04-22,000001,14:11:27,10.9600,145,1
2026-04-22,000001,14:11:30,10.9600,70,1
2026-04-22,000001,14:11:33,10.9500,257,2
2026-04-22,000001,14:11:36,10.9600,626,1
2026-04-22,000001,14:11:39,10.9600,91,1
2026-04-22,000001,14:11:42,10.9600,61,2
2026-04-22,000001,14:11:45,10.9600,154,2
2026-04-22,000001,14:11:48,10.9600,25,1
2026-04-22,000001,14:11:51,10.9600,78,2
2026-04-22,000001,14:11:54,10.9600,25,2
2026-04-22,000001,14:11:57,10.9600,17,2
2026-04-22,000001,14:12:00,10.9600,44,2
2026-04-22,000001,14:12:03,10.9600,1185,2
2026-04-22,000001,14:12:06,10.9600,303,2
2026-04-22,000001,14:12:09,10.9600,127,2
2026-04-22,000001,14:12:12,10.9600,33,2
2026-04-22,000001,14:12:15,10.9700,5,1
2026-04-22,000001,14:12:18,10.9600,4,2
2026-04-22,000001,14:12:21,10.9600,1219,2
2026-04-22,000001,14:12:27,10.9700,1,1
2026-04-22,000001,14:12:30,10.9700,16,1
2026-04-22,000001,14:12:33,10.9600,15,2
2026-04-22,000001,14:12:36,10.9600,3,2
2026-04-22,000001,14:12:39,10.9600,934,2
2026-04-22,000001,14:12:42,10.9600,34,2
2026-04-22,000001,14:12:45,10.9700,51,1
2026-04-22,000001,14:12:51,10.9700,42,1
2026-04-22,000001,14:12:54,10.9600,19,2
2026-04-22,000001,14:12:57,10.9600,23,2
2026-04-22,000001,14:13:00,10.9600,526,2
2026-04-22,000001,14:13:03,10.9600,31,2
2026-04-22,000001,14:13:06,10.9600,59,2
2026-04-22,000001,14:13:09,10.9600,93,2
2026-04-22,000001,14:13:12,10.9700,110,1
2026-04-22,000001,14:13:15,10.9600,12,2
2026-04-22,000001,14:13:18,10.9700,784,1
2026-04-22,000001,14:13:21,10.9600,99,2
2026-04-22,000001,14:13:24,10.9700,134,1
2026-04-22,000001,14:13:27,10.9600,528,2
2026-04-22,000001,14:13:30,10.9600,55,2
2026-04-22,000001,14:13:33,10.9700,116,1
2026-04-22,000001,14:13:36,10.9600,310,2
2026-04-22,000001,14:13:39,10.9600,8,2
2026-04-22,000001,14:13:42,10.9700,40,1
2026-04-22,000001,14:13:45,10.9600,2,2
2026-04-22,000001,14:13:48,10.9600,3,2
2026-04-22,000001,14:13:51,10.9600,554,2
2026-04-22,000001,14:13:54,10.9700,463,1
2026-04-22,000001,14:13:57,10.9600,16,2
2026-04-22,000001,14:14:00,10.9700,2,1
2026-04-22,000001,14:14:03,10.9600,30,2
2026-04-22,000001,14:14:06,10.9700,27,1
2026-04-22,000001,14:14:09,10.9600,74,2
2026-04-22,000001,14:14:12,10.9600,1497,2
2026-04-22,000001,14:14:15,10.9600,33,2
2026-04-22,000001,14:14:18,10.9700,111,1
2026-04-22,000001,14:14:21,10.9600,12,2
2026-04-22,000001,14:14:24,10.9600,61,2
2026-04-22,000001,14:14:27,10.9600,34,2
2026-04-22,000001,14:14:30,10.9600,526,2
2026-04-22,000001,14:14:33,10.9600,178,1
2026-04-22,000001,14:14:36,10.9600,22,1
2026-04-22,000001,14:14:39,10.9600,93,1
2026-04-22,000001,14:14:42,10.9600,41,4
2026-04-22,000001,14:14:45,10.9700,13,1
2026-04-22,000001,14:14:48,10.9700,30,1
2026-04-22,000001,14:14:51,10.9600,1284,2
2026-04-22,000001,14:14:54,10.9600,143,2
2026-04-22,000001,14:14:57,10.9700,13,1
2026-04-22,000001,14:15:03,10.9600,50,2
2026-04-22,000001,14:15:09,10.9700,11,1
2026-04-22,000001,14:15:12,10.9700,568,1
2026-04-22,000001,14:15:15,10.9600,16,2
2026-04-22,000001,14:15:18,10.9700,5,1
2026-04-22,000001,14:15:21,10.9600,6,2
2026-04-22,000001,14:15:24,10.9600,779,2
2026-04-22,000001,14:15:27,10.9600,47,2
2026-04-22,000001,14:15:30,10.9600,311,2
2026-04-22,000001,14:15:33,10.9600,102,1
2026-04-22,000001,14:15:36,10.9600,22,1
2026-04-22,000001,14:15:39,10.9600,253,1
2026-04-22,000001,14:15:42,10.9600,38,2
2026-04-22,000001,14:15:45,10.9700,53,1
2026-04-22,000001,14:15:48,10.9600,3,2
2026-04-22,000001,14:15:51,10.9600,204,2
2026-04-22,000001,14:15:54,10.9600,110,2
2026-04-22,000001,14:15:57,10.9600,55,2
2026-04-22,000001,14:16:00,10.9600,6,2
2026-04-22,000001,14:16:03,10.9600,11,2
2026-04-22,000001,14:16:06,10.9600,6,2
2026-04-22,000001,14:16:09,10.9600,3,2
2026-04-22,000001,14:16:12,10.9600,561,2
2026-04-22,000001,14:16:15,10.9600,3,2
2026-04-22,000001,14:16:18,10.9600,18,2
2026-04-22,000001,14:16:24,10.9700,1,1
2026-04-22,000001,14:16:27,10.9700,17,1
2026-04-22,000001,14:16:30,10.9600,18,2
2026-04-22,000001,14:16:33,10.9600,448,2
2026-04-22,000001,14:16:36,10.9700,73,1
2026-04-22,000001,14:16:42,10.9600,8,2
2026-04-22,000001,14:16:45,10.9600,139,2
2026-04-22,000001,14:16:48,10.9600,7,2
2026-04-22,000001,14:16:51,10.9600,249,2
2026-04-22,000001,14:16:54,10.9600,6,2
2026-04-22,000001,14:16:57,10.9600,45,2
2026-04-22,000001,14:17:00,10.9600,19,2
2026-04-22,000001,14:17:03,10.9700,100,1
2026-04-22,000001,14:17:09,10.9600,389,2
2026-04-22,000001,14:17:15,10.9600,9,2
2026-04-22,000001,14:17:21,10.9600,14,2
2026-04-22,000001,14:17:24,10.9700,121,1
2026-04-22,000001,14:17:27,10.9700,40,1
2026-04-22,000001,14:17:30,10.9600,1223,2
2026-04-22,000001,14:17:33,10.9600,64,1
2026-04-22,000001,14:17:36,10.9600,50,1
2026-04-22,000001,14:17:39,10.9500,129,2
2026-04-22,000001,14:17:42,10.9700,80,1
2026-04-22,000001,14:17:45,10.9600,29,4
2026-04-22,000001,14:17:48,10.9600,12,2
2026-04-22,000001,14:17:51,10.9600,42,2
2026-04-22,000001,14:17:57,10.9600,24,2
2026-04-22,000001,14:18:00,10.9600,22,2
2026-04-22,000001,14:18:03,10.9700,123,1
2026-04-22,000001,14:18:06,10.9600,117,2
2026-04-22,000001,14:18:09,10.9700,2,1
2026-04-22,000001,14:18:12,10.9600,1065,2
2026-04-22,000001,14:18:15,10.9700,5,1
2026-04-22,000001,14:18:18,10.9600,48,2
2026-04-22,000001,14:18:21,10.9600,24,2
2026-04-22,000001,14:18:24,10.9600,9,2
2026-04-22,000001,14:18:27,10.9600,14,2
2026-04-22,000001,14:18:30,10.9600,8,2
2026-04-22,000001,14:18:33,10.9600,485,2
2026-04-22,000001,14:18:36,10.9600,1,2
2026-04-22,000001,14:18:39,10.9600,3,2
2026-04-22,000001,14:18:42,10.9600,25,2
2026-04-22,000001,14:18:45,10.9600,17,2
2026-04-22,000001,14:18:48,10.9600,16,2
2026-04-22,000001,14:18:51,10.9600,31,2
2026-04-22,000001,14:18:54,10.9600,975,2
2026-04-22,000001,14:18:57,10.9600,364,2
2026-04-22,000001,14:19:00,10.9600,52,2
2026-04-22,000001,14:19:03,10.9600,68,1
2026-04-22,000001,14:19:06,10.9600,67,1
2026-04-22,000001,14:19:09,10.9600,36,1
2026-04-22,000001,14:19:12,10.9600,10,1
2026-04-22,000001,14:19:15,10.9600,87,1
2026-04-22,000001,14:19:18,10.9600,207,2
2026-04-22,000001,14:19:21,10.9600,246,2
2026-04-22,000001,14:19:24,10.9600,10,2
2026-04-22,000001,14:19:27,10.9700,153,1
2026-04-22,000001,14:19:30,10.9600,17,2
2026-04-22,000001,14:19:33,10.9600,377,2
2026-04-22,000001,14:19:36,10.9600,145,2
2026-04-22,000001,14:19:39,10.9600,3,2
2026-04-22,000001,14:19:42,10.9600,1,2
2026-04-22,000001,14:19:48,10.9600,2,2
2026-04-22,000001,14:19:51,10.9600,257,2
2026-04-22,000001,14:19:54,10.9600,234,2
2026-04-22,000001,14:19:57,10.9600,80,1
2026-04-22,000001,14:20:00,10.9600,32,1
2026-04-22,000001,14:20:03,10.9600,111,1
2026-04-22,000001,14:20:06,10.9600,52,1
2026-04-22,000001,14:20:09,10.9600,27,2
2026-04-22,000001,14:20:12,10.9600,57,2
2026-04-22,000001,14:20:18,10.9700,10,1
2026-04-22,000001,14:20:21,10.9600,51,2
2026-04-22,000001,14:20:24,10.9600,45,2
2026-04-22,000001,14:20:27,10.9600,8,2
2026-04-22,000001,14:20:30,10.9600,1991,2
2026-04-22,000001,14:20:33,10.9600,187,2
2026-04-22,000001,14:20:36,10.9700,45,1
2026-04-22,000001,14:20:39,10.9700,9,1
2026-04-22,000001,14:20:42,10.9700,2,1
2026-04-22,000001,14:20:45,10.9700,69,1
2026-04-22,000001,14:20:48,10.9600,438,2
2026-04-22,000001,14:20:51,10.9600,103,2
2026-04-22,000001,14:20:54,10.9600,146,1
2026-04-22,000001,14:20:57,10.9600,104,1
2026-04-22,000001,14:21:00,10.9600,108,1
2026-04-22,000001,14:21:03,10.9700,24,1
2026-04-22,000001,14:21:06,10.9600,24,2
2026-04-22,000001,14:21:09,10.9700,226,1
2026-04-22,000001,14:21:12,10.9600,1,2
2026-04-22,000001,14:21:15,10.9600,11,2
2026-04-22,000001,14:21:18,10.9600,17,2
2026-04-22,000001,14:21:21,10.9600,2,2
2026-04-22,000001,14:21:24,10.9600,30,2
2026-04-22,000001,14:21:27,10.9600,1243,2
2026-04-22,000001,14:21:30,10.9600,982,1
2026-04-22,000001,14:21:33,10.9600,57,2
2026-04-22,000001,14:21:36,10.9700,40,1
2026-04-22,000001,14:21:42,10.9600,14,2
2026-04-22,000001,14:21:45,10.9600,5,2
2026-04-22,000001,14:21:48,10.9600,818,2
2026-04-22,000001,14:21:54,10.9600,303,2
2026-04-22,000001,14:21:57,10.9600,14,1
2026-04-22,000001,14:22:00,10.9600,155,1
2026-04-22,000001,14:22:03,10.9600,31,1
2026-04-22,000001,14:22:06,10.9500,28,2
2026-04-22,000001,14:22:09,10.9600,10,1
2026-04-22,000001,14:22:12,10.9600,40,1
2026-04-22,000001,14:22:15,10.9500,316,2
2026-04-22,000001,14:22:18,10.9600,70,1
2026-04-22,000001,14:22:21,10.9600,9,2
2026-04-22,000001,14:22:24,10.9700,140,1
2026-04-22,000001,14:22:27,10.9600,226,2
2026-04-22,000001,14:22:30,10.9700,228,1
2026-04-22,000001,14:22:33,10.9600,52,2
2026-04-22,000001,14:22:36,10.9700,30,1
2026-04-22,000001,14:22:39,10.9700,25,1
2026-04-22,000001,14:22:42,10.9600,16,2
2026-04-22,000001,14:22:45,10.9600,12,2
2026-04-22,000001,14:22:48,10.9600,444,2
2026-04-22,000001,14:22:51,10.9700,32,1
2026-04-22,000001,14:22:54,10.9600,31,2
2026-04-22,000001,14:22:57,10.9600,16,2
2026-04-22,000001,14:23:03,10.9700,71,1
2026-04-22,000001,14:23:06,10.9600,591,2
2026-04-22,000001,14:23:09,10.9700,1,1
2026-04-22,000001,14:23:12,10.9700,76,1
2026-04-22,000001,14:23:15,10.9600,18,2
2026-04-22,000001,14:23:18,10.9700,12,1
2026-04-22,000001,14:23:21,10.9700,20,1
2026-04-22,000001,14:23:24,10.9600,2209,2
2026-04-22,000001,14:23:27,10.9600,156,2
2026-04-22,000001,14:23:30,10.9600,41,1
2026-04-22,000001,14:23:33,10.9600,89,2
2026-04-22,000001,14:23:36,10.9600,11,2
2026-04-22,000001,14:23:39,10.9600,16,2
2026-04-22,000001,14:23:42,10.9600,18,2
2026-04-22,000001,14:23:45,10.9700,169,1
2026-04-22,000001,14:23:51,10.9700,30,1
2026-04-22,000001,14:24:00,10.9700,1192,1
2026-04-22,000001,14:24:03,10.9700,278,1
2026-04-22,000001,14:24:09,10.9600,21,2
2026-04-22,000001,14:24:12,10.9600,76,2
2026-04-22,000001,14:24:15,10.9700,25,1
2026-04-22,000001,14:24:18,10.9600,18,2
2026-04-22,000001,14:24:21,10.9600,358,2
2026-04-22,000001,14:24:24,10.9700,3,1
2026-04-22,000001,14:24:27,10.9600,37,2
2026-04-22,000001,14:24:30,10.9600,16,2
2026-04-22,000001,14:24:36,10.9600,1,2
2026-04-22,000001,14:24:39,10.9600,532,2
2026-04-22,000001,14:24:42,10.9700,183,1
2026-04-22,000001,14:24:45,10.9700,23,1
2026-04-22,000001,14:24:48,10.9700,10,1
2026-04-22,000001,14:24:51,10.9600,83,2
2026-04-22,000001,14:24:54,10.9700,8,1
2026-04-22,000001,14:24:57,10.9700,825,1
2026-04-22,000001,14:25:00,10.9700,63,1
2026-04-22,000001,14:25:03,10.9600,60,2
2026-04-22,000001,14:25:06,10.9700,163,1
2026-04-22,000001,14:25:09,10.9700,67,1
2026-04-22,000001,14:25:12,10.9700,111,1
2026-04-22,000001,14:25:15,10.9600,588,2
2026-04-22,000001,14:25:18,10.9700,4,1
2026-04-22,000001,14:25:21,10.9700,1,1
2026-04-22,000001,14:25:24,10.9600,18,2
2026-04-22,000001,14:25:27,10.9600,16,2
2026-04-22,000001,14:25:33,10.9600,27,2
2026-04-22,000001,14:25:36,10.9600,1827,2
2026-04-22,000001,14:25:39,10.9700,161,1
2026-04-22,000001,14:25:42,10.9700,16,1
2026-04-22,000001,14:25:45,10.9600,40,2
2026-04-22,000001,14:25:48,10.9700,28,1
2026-04-22,000001,14:25:51,10.9700,11,1
2026-04-22,000001,14:25:54,10.9700,16,1
2026-04-22,000001,14:25:57,10.9700,6,1
2026-04-22,000001,14:26:00,10.9600,355,2
2026-04-22,000001,14:26:03,10.9700,332,1
2026-04-22,000001,14:26:06,10.9600,38,2
2026-04-22,000001,14:26:09,10.9700,18,1
2026-04-22,000001,14:26:12,10.9700,42,1
2026-04-22,000001,14:26:15,10.9700,16,1
2026-04-22,000001,14:26:18,10.9700,63,1
2026-04-22,000001,14:26:21,10.9600,1434,2
2026-04-22,000001,14:26:24,10.9700,202,1
2026-04-22,000001,14:26:27,10.9600,90,2
2026-04-22,000001,14:26:30,10.9600,2,2
2026-04-22,000001,14:26:33,10.9600,6,2
2026-04-22,000001,14:26:36,10.9600,32,2
2026-04-22,000001,14:26:39,10.9600,517,2
2026-04-22,000001,14:26:42,10.9700,58,1
2026-04-22,000001,14:26:45,10.9700,3,1
2026-04-22,000001,14:26:48,10.9700,169,1
2026-04-22,000001,14:26:51,10.9600,17,2
2026-04-22,000001,14:26:54,10.9700,5,1
2026-04-22,000001,14:26:57,10.9700,49,1
2026-04-22,000001,14:27:00,10.9700,1500,1
2026-04-22,000001,14:27:03,10.9600,258,2
2026-04-22,000001,14:27:06,10.9600,27,2
2026-04-22,000001,14:27:09,10.9700,15,1
2026-04-22,000001,14:27:12,10.9600,49,2
2026-04-22,000001,14:27:15,10.9700,160,1
2026-04-22,000001,14:27:18,10.9700,192,1
2026-04-22,000001,14:27:21,10.9700,170,1
2026-04-22,000001,14:27:24,10.9700,268,1
2026-04-22,000001,14:27:27,10.9700,2,1
2026-04-22,000001,14:27:30,10.9600,6,2
2026-04-22,000001,14:27:33,10.9700,58,1
2026-04-22,000001,14:27:36,10.9600,526,2
2026-04-22,000001,14:27:39,10.9700,94,1
2026-04-22,000001,14:27:45,10.9700,13,1
2026-04-22,000001,14:27:48,10.9600,8,2
2026-04-22,000001,14:27:51,10.9600,984,2
2026-04-22,000001,14:27:54,10.9600,51,2
2026-04-22,000001,14:27:57,10.9600,11,2
2026-04-22,000001,14:28:03,10.9600,10,2
2026-04-22,000001,14:28:06,10.9700,58,1
2026-04-22,000001,14:28:09,10.9600,526,2
2026-04-22,000001,14:28:12,10.9700,138,1
2026-04-22,000001,14:28:15,10.9700,63,1
2026-04-22,000001,14:28:18,10.9600,10,2
2026-04-22,000001,14:28:21,10.9600,25,2
2026-04-22,000001,14:28:24,10.9600,16,2
2026-04-22,000001,14:28:27,10.9600,123,2
2026-04-22,000001,14:28:30,10.9600,13,2
2026-04-22,000001,14:28:33,10.9700,44,1
2026-04-22,000001,14:28:36,10.9700,61,1
2026-04-22,000001,14:28:39,10.9700,150,1
2026-04-22,000001,14:28:42,10.9600,58,2
2026-04-22,000001,14:28:45,10.9600,96,2
2026-04-22,000001,14:28:48,10.9600,73,2
2026-04-22,000001,14:28:51,10.9600,22,2
2026-04-22,000001,14:28:54,10.9700,8,1
2026-04-22,000001,14:29:00,10.9600,16,2
2026-04-22,000001,14:29:03,10.9600,5,2
2026-04-22,000001,14:29:06,10.9600,6,2
2026-04-22,000001,14:29:09,10.9700,1005,1
2026-04-22,000001,14:29:12,10.9600,121,2
2026-04-22,000001,14:29:15,10.9600,82,2
2026-04-22,000001,14:29:18,10.9700,36,1
2026-04-22,000001,14:29:21,10.9700,57,1
2026-04-22,000001,14:29:27,10.9700,920,1
2026-04-22,000001,14:29:30,10.9700,73,1
2026-04-22,000001,14:29:33,10.9600,255,2
2026-04-22,000001,14:29:36,10.9600,51,4
2026-04-22,000001,14:29:39,10.9600,31,2
2026-04-22,000001,14:29:42,10.9600,190,2
2026-04-22,000001,14:29:45,10.9600,91,1
2026-04-22,000001,14:29:48,10.9700,69,1
2026-04-22,000001,14:29:51,10.9600,79,2
2026-04-22,000001,14:29:54,10.9600,17,2
2026-04-22,000001,14:29:57,10.9600,50,2
2026-04-22,000001,14:30:00,10.9600,92,2
2026-04-22,000001,14:30:03,10.9600,47,2
2026-04-22,000001,14:30:06,10.9700,4,1
2026-04-22,000001,14:30:09,10.9600,494,2
2026-04-22,000001,14:30:12,10.9700,40,1
2026-04-22,000001,14:30:18,10.9700,21,1
2026-04-22,000001,14:30:21,10.9700,20,1
2026-04-22,000001,14:30:24,10.9700,44,1
2026-04-22,000001,14:30:27,10.9700,2,1
2026-04-22,000001,14:30:30,10.9700,45,1
2026-04-22,000001,14:30:33,10.9600,857,2
2026-04-22,000001,14:30:36,10.9600,4,4
2026-04-22,000001,14:30:39,10.9600,32,2
2026-04-22,000001,14:30:42,10.9600,3,2
2026-04-22,000001,14:30:45,10.9700,38,1
2026-04-22,000001,14:30:48,10.9700,114,1
2026-04-22,000001,14:30:54,10.9600,488,2
2026-04-22,000001,14:30:57,10.9600,2,2
2026-04-22,000001,14:31:00,10.9600,492,2
2026-04-22,000001,14:31:03,10.9600,372,1
2026-04-22,000001,14:31:06,10.9500,416,2
2026-04-22,000001,14:31:09,10.9600,309,1
2026-04-22,000001,14:31:12,10.9600,76,1
2026-04-22,000001,14:31:15,10.9600,16,1
2026-04-22,000001,14:31:18,10.9600,112,1
2026-04-22,000001,14:31:21,10.9600,76,1
2026-04-22,000001,14:31:24,10.9600,218,1
2026-04-22,000001,14:31:27,10.9500,512,2
2026-04-22,000001,14:31:30,10.9600,1537,1
2026-04-22,000001,14:31:33,10.9600,345,2
2026-04-22,000001,14:31:36,10.9600,194,2
2026-04-22,000001,14:31:39,10.9600,66,1
2026-04-22,000001,14:31:45,10.9600,71,1
2026-04-22,000001,14:31:48,10.9600,4,1
2026-04-22,000001,14:31:51,10.9600,73,1
2026-04-22,000001,14:31:54,10.9700,55,1
2026-04-22,000001,14:31:57,10.9600,325,2
2026-04-22,000001,14:32:00,10.9600,62,1
2026-04-22,000001,14:32:03,10.9600,208,1
2026-04-22,000001,14:32:06,10.9600,42,1
2026-04-22,000001,14:32:09,10.9600,195,1
2026-04-22,000001,14:32:12,10.9500,61,2
2026-04-22,000001,14:32:15,10.9600,55,1
2026-04-22,000001,14:32:18,10.9600,58,1
2026-04-22,000001,14:32:21,10.9500,343,2
2026-04-22,000001,14:32:24,10.9600,9,1
2026-04-22,000001,14:32:27,10.9600,37,1
2026-04-22,000001,14:32:30,10.9500,67,2
2026-04-22,000001,14:32:33,10.9600,32,1
2026-04-22,000001,14:32:36,10.9600,308,1
2026-04-22,000001,14:32:39,10.9600,35,1
2026-04-22,000001,14:32:42,10.9500,172,2
2026-04-22,000001,14:32:45,10.9600,26,1
2026-04-22,000001,14:32:48,10.9600,355,1
2026-04-22,000001,14:32:51,10.9600,28,1
2026-04-22,000001,14:32:54,10.9600,353,1
2026-04-22,000001,14:32:57,10.9600,47,2
2026-04-22,000001,14:33:00,10.9600,351,2
2026-04-22,000001,14:33:03,10.9600,102,2
2026-04-22,000001,14:33:06,10.9700,6,1
2026-04-22,000001,14:33:09,10.9600,46,2
2026-04-22,000001,14:33:12,10.9700,19,1
2026-04-22,000001,14:33:15,10.9700,190,1
2026-04-22,000001,14:33:18,10.9700,564,1
2026-04-22,000001,14:33:21,10.9600,133,2
2026-04-22,000001,14:33:27,10.9700,10,1
2026-04-22,000001,14:33:30,10.9700,121,1
2026-04-22,000001,14:33:33,10.9600,2,2
2026-04-22,000001,14:33:36,10.9600,1093,2
2026-04-22,000001,14:33:39,10.9600,14,1
2026-04-22,000001,14:33:42,10.9600,44,1
2026-04-22,000001,14:33:45,10.9600,68,1
2026-04-22,000001,14:33:48,10.9500,32,2
2026-04-22,000001,14:33:51,10.9600,13,1
2026-04-22,000001,14:33:54,10.9500,20,2
2026-04-22,000001,14:33:57,10.9600,44,1
2026-04-22,000001,14:34:00,10.9600,50,1
2026-04-22,000001,14:34:09,10.9600,149,1
2026-04-22,000001,14:34:12,10.9600,512,1
2026-04-22,000001,14:34:15,10.9600,20,2
2026-04-22,000001,14:34:18,10.9600,5,2
2026-04-22,000001,14:34:21,10.9600,57,2
2026-04-22,000001,14:34:24,10.9700,21,1
2026-04-22,000001,14:34:27,10.9600,52,2
2026-04-22,000001,14:34:30,10.9600,371,2
2026-04-22,000001,14:34:33,10.9600,365,1
2026-04-22,000001,14:34:36,10.9600,66,2
2026-04-22,000001,14:34:39,10.9600,5,2
2026-04-22,000001,14:34:42,10.9700,251,1
2026-04-22,000001,14:34:48,10.9600,116,2
2026-04-22,000001,14:34:51,10.9600,1,2
2026-04-22,000001,14:34:54,10.9600,15,2
2026-04-22,000001,14:34:57,10.9600,68,2
2026-04-22,000001,14:35:00,10.9600,16,2
2026-04-22,000001,14:35:03,10.9600,139,2
2026-04-22,000001,14:35:06,10.9600,131,2
2026-04-22,000001,14:35:09,10.9600,4,2
2026-04-22,000001,14:35:18,10.9700,24,1
2026-04-22,000001,14:35:21,10.9700,10,1
2026-04-22,000001,14:35:24,10.9600,678,2
2026-04-22,000001,14:35:27,10.9600,130,2
2026-04-22,000001,14:35:33,10.9700,15,1
2026-04-22,000001,14:35:39,10.9600,14,2
2026-04-22,000001,14:35:42,10.9600,848,2
2026-04-22,000001,14:35:45,10.9600,109,1
2026-04-22,000001,14:35:48,10.9600,60,1
2026-04-22,000001,14:35:51,10.9600,57,1
2026-04-22,000001,14:35:54,10.9600,176,1
2026-04-22,000001,14:35:57,10.9600,172,1
2026-04-22,000001,14:36:00,10.9600,189,2
2026-04-22,000001,14:36:03,10.9600,360,2
2026-04-22,000001,14:36:06,10.9600,237,2
2026-04-22,000001,14:36:09,10.9600,143,2
2026-04-22,000001,14:36:12,10.9600,85,2
2026-04-22,000001,14:36:15,10.9600,302,2
2026-04-22,000001,14:36:18,10.9600,77,1
2026-04-22,000001,14:36:21,10.9600,69,2
2026-04-22,000001,14:36:24,10.9600,20,2
2026-04-22,000001,14:36:27,10.9700,4,1
2026-04-22,000001,14:36:30,10.9600,58,2
2026-04-22,000001,14:36:33,10.9600,229,2
2026-04-22,000001,14:36:36,10.9600,141,2
2026-04-22,000001,14:36:39,10.9600,6,2
2026-04-22,000001,14:36:42,10.9600,57,2
2026-04-22,000001,14:36:48,10.9600,414,2
2026-04-22,000001,14:36:51,10.9700,8,1
2026-04-22,000001,14:36:54,10.9600,22,2
2026-04-22,000001,14:37:00,10.9700,19,1
2026-04-22,000001,14:37:03,10.9600,16,2
2026-04-22,000001,14:37:06,10.9700,39,1
2026-04-22,000001,14:37:09,10.9600,1892,2
2026-04-22,000001,14:37:21,10.9600,29,2
2026-04-22,000001,14:37:27,10.9600,375,2
2026-04-22,000001,14:37:30,10.9700,388,1
2026-04-22,000001,14:37:33,10.9600,10,2
2026-04-22,000001,14:37:36,10.9700,10,1
2026-04-22,000001,14:37:39,10.9700,201,1
2026-04-22,000001,14:37:42,10.9600,15,2
2026-04-22,000001,14:37:45,10.9700,58,1
2026-04-22,000001,14:37:48,10.9600,1118,2
2026-04-22,000001,14:37:51,10.9600,126,2
2026-04-22,000001,14:37:54,10.9600,33,2
2026-04-22,000001,14:38:03,10.9600,45,2
2026-04-22,000001,14:38:06,10.9700,258,1
2026-04-22,000001,14:38:09,10.9700,64,1
2026-04-22,000001,14:38:12,10.9600,160,2
2026-04-22,000001,14:38:15,10.9700,5,1
2026-04-22,000001,14:38:18,10.9600,5,2
2026-04-22,000001,14:38:24,10.9600,526,2
2026-04-22,000001,14:38:27,10.9700,8,1
2026-04-22,000001,14:38:30,10.9700,17,1
2026-04-22,000001,14:38:36,10.9700,2,1
2026-04-22,000001,14:38:39,10.9600,1537,2
2026-04-22,000001,14:38:42,10.9600,14,2
2026-04-22,000001,14:38:45,10.9600,133,2
2026-04-22,000001,14:38:48,10.9600,10,2
2026-04-22,000001,14:38:51,10.9600,621,2
2026-04-22,000001,14:38:54,10.9600,23,2
2026-04-22,000001,14:38:57,10.9600,375,2
2026-04-22,000001,14:39:00,10.9600,88,1
2026-04-22,000001,14:39:03,10.9600,173,1
2026-04-22,000001,14:39:06,10.9500,124,2
2026-04-22,000001,14:39:09,10.9600,196,1
2026-04-22,000001,14:39:12,10.9600,20,1
2026-04-22,000001,14:39:15,10.9600,395,1
2026-04-22,000001,14:39:18,10.9600,24,1
2026-04-22,000001,14:39:21,10.9600,10,1
2026-04-22,000001,14:39:24,10.9600,136,1
2026-04-22,000001,14:39:27,10.9600,469,1
2026-04-22,000001,14:39:30,10.9600,8,1
2026-04-22,000001,14:39:33,10.9600,35,1
2026-04-22,000001,14:39:36,10.9500,28,2
2026-04-22,000001,14:39:39,10.9600,23,1
2026-04-22,000001,14:39:42,10.9600,88,2
2026-04-22,000001,14:39:45,10.9600,26,2
2026-04-22,000001,14:39:48,10.9600,18,1
2026-04-22,000001,14:39:51,10.9600,39,2
2026-04-22,000001,14:39:54,10.9600,1190,2
2026-04-22,000001,14:39:57,10.9600,19,2
2026-04-22,000001,14:40:00,10.9600,3,1
2026-04-22,000001,14:40:03,10.9600,89,1
2026-04-22,000001,14:40:06,10.9600,8,2
2026-04-22,000001,14:40:09,10.9600,35,2
2026-04-22,000001,14:40:12,10.9600,76,2
2026-04-22,000001,14:40:15,10.9600,134,2
2026-04-22,000001,14:40:18,10.9700,21,1
2026-04-22,000001,14:40:21,10.9700,46,1
2026-04-22,000001,14:40:24,10.9600,397,2
2026-04-22,000001,14:40:27,10.9600,33,2
2026-04-22,000001,14:40:30,10.9700,5,1
2026-04-22,000001,14:40:33,10.9600,384,2
2026-04-22,000001,14:40:36,10.9600,100,2
2026-04-22,000001,14:40:39,10.9600,73,1
2026-04-22,000001,14:40:42,10.9600,107,2
2026-04-22,000001,14:40:45,10.9600,132,2
2026-04-22,000001,14:40:48,10.9600,480,1
2026-04-22,000001,14:40:51,10.9600,144,2
2026-04-22,000001,14:40:54,10.9600,131,1
2026-04-22,000001,14:40:57,10.9600,612,1
2026-04-22,000001,14:41:00,10.9600,171,1
2026-04-22,000001,14:41:03,10.9500,35,2
2026-04-22,000001,14:41:06,10.9500,10415,2
2026-04-22,000001,14:41:09,10.9600,17,1
2026-04-22,000001,14:41:12,10.9600,30,1
2026-04-22,000001,14:41:15,10.9600,38,1
2026-04-22,000001,14:41:18,10.9600,75,1
2026-04-22,000001,14:41:21,10.9600,8,1
2026-04-22,000001,14:41:24,10.9600,116,1
2026-04-22,000001,14:41:27,10.9600,43,1
2026-04-22,000001,14:41:30,10.9600,35,1
2026-04-22,000001,14:41:33,10.9500,86,2
2026-04-22,000001,14:41:36,10.9600,26,1
2026-04-22,000001,14:41:39,10.9600,120,1
2026-04-22,000001,14:41:42,10.9600,53,1
2026-04-22,000001,14:41:45,10.9500,65,2
2026-04-22,000001,14:41:48,10.9600,88,1
2026-04-22,000001,14:41:51,10.9500,51,2
2026-04-22,000001,14:41:54,10.9600,7,1
2026-04-22,000001,14:41:57,10.9500,41,2
2026-04-22,000001,14:42:00,10.9600,9,1
2026-04-22,000001,14:42:03,10.9500,6,2
2026-04-22,000001,14:42:06,10.9600,60,1
2026-04-22,000001,14:42:09,10.9600,10,1
2026-04-22,000001,14:42:15,10.9600,8,1
2026-04-22,000001,14:42:18,10.9600,190,1
2026-04-22,000001,14:42:21,10.9600,118,1
2026-04-22,000001,14:42:24,10.9500,59,2
2026-04-22,000001,14:42:27,10.9600,128,1
2026-04-22,000001,14:42:30,10.9600,250,1
2026-04-22,000001,14:42:33,10.9600,151,1
2026-04-22,000001,14:42:36,10.9600,104,1
2026-04-22,000001,14:42:39,10.9600,136,1
2026-04-22,000001,14:42:42,10.9600,105,1
2026-04-22,000001,14:42:45,10.9600,54,1
2026-04-22,000001,14:42:48,10.9600,13,1
2026-04-22,000001,14:42:51,10.9600,70,1
2026-04-22,000001,14:42:54,10.9600,392,1
2026-04-22,000001,14:42:57,10.9600,61,1
2026-04-22,000001,14:43:00,10.9600,24,1
2026-04-22,000001,14:43:03,10.9600,92,1
2026-04-22,000001,14:43:06,10.9600,221,1
2026-04-22,000001,14:43:09,10.9500,4,2
2026-04-22,000001,14:43:12,10.9600,42,1
2026-04-22,000001,14:43:15,10.9600,100,1
2026-04-22,000001,14:43:18,10.9600,60,1
2026-04-22,000001,14:43:21,10.9600,103,1
2026-04-22,000001,14:43:24,10.9600,34,1
2026-04-22,000001,14:43:27,10.9600,53,1
2026-04-22,000001,14:43:30,10.9600,31,1
2026-04-22,000001,14:43:33,10.9600,39,1
2026-04-22,000001,14:43:36,10.9600,1,1
2026-04-22,000001,14:43:39,10.9600,76,1
2026-04-22,000001,14:43:42,10.9600,153,1
2026-04-22,000001,14:43:45,10.9600,103,1
2026-04-22,000001,14:43:48,10.9500,52,2
2026-04-22,000001,14:43:51,10.9600,67,1
2026-04-22,000001,14:43:54,10.9600,64,1
2026-04-22,000001,14:43:57,10.9600,64,1
2026-04-22,000001,14:44:00,10.9600,128,1
2026-04-22,000001,14:44:03,10.9600,47,1
2026-04-22,000001,14:44:06,10.9500,152,2
2026-04-22,000001,14:44:09,10.9600,899,1
2026-04-22,000001,14:44:12,10.9600,189,1
2026-04-22,000001,14:44:15,10.9600,549,1
2026-04-22,000001,14:44:18,10.9600,155,1
2026-04-22,000001,14:44:21,10.9600,490,1
2026-04-22,000001,14:44:24,10.9600,587,1
2026-04-22,000001,14:44:27,10.9600,96,1
2026-04-22,000001,14:44:30,10.9600,888,1
2026-04-22,000001,14:44:33,10.9600,164,1
2026-04-22,000001,14:44:36,10.9500,64,2
2026-04-22,000001,14:44:39,10.9500,384,2
2026-04-22,000001,14:44:42,10.9600,125,1
2026-04-22,000001,14:44:45,10.9500,51,2
2026-04-22,000001,14:44:48,10.9500,37,2
2026-04-22,000001,14:44:51,10.9600,45,1
2026-04-22,000001,14:44:54,10.9500,43,2
2026-04-22,000001,14:44:57,10.9600,90,1
2026-04-22,000001,14:45:00,10.9500,250,2
2026-04-22,000001,14:45:03,10.9500,277,2
2026-04-22,000001,14:45:06,10.9600,125,1
2026-04-22,000001,14:45:09,10.9500,133,2
2026-04-22,000001,14:45:12,10.9600,30,1
2026-04-22,000001,14:45:15,10.9600,72,1
2026-04-22,000001,14:45:18,10.9500,105,2
2026-04-22,000001,14:45:21,10.9500,81,2
2026-04-22,000001,14:45:24,10.9600,29,1
2026-04-22,000001,14:45:27,10.9500,132,2
2026-04-22,000001,14:45:30,10.9600,85,1
2026-04-22,000001,14:45:33,10.9500,407,2
2026-04-22,000001,14:45:36,10.9500,39,2
2026-04-22,000001,14:45:39,10.9600,977,1
2026-04-22,000001,14:45:42,10.9600,431,1
2026-04-22,000001,14:45:45,10.9600,198,2
2026-04-22,000001,14:45:48,10.9600,35,1
2026-04-22,000001,14:45:51,10.9500,221,2
2026-04-22,000001,14:45:54,10.9600,10,2
2026-04-22,000001,14:45:57,10.9600,55,2
2026-04-22,000001,14:46:00,10.9600,1232,2
2026-04-22,000001,14:46:03,10.9600,26,2
2026-04-22,000001,14:46:06,10.9600,55,2
2026-04-22,000001,14:46:09,10.9700,42,1
2026-04-22,000001,14:46:12,10.9600,14,2
2026-04-22,000001,14:46:15,10.9600,48,2
2026-04-22,000001,14:46:21,10.9600,5,2
2026-04-22,000001,14:46:24,10.9600,336,2
2026-04-22,000001,14:46:27,10.9600,30,2
2026-04-22,000001,14:46:30,10.9700,101,1
2026-04-22,000001,14:46:33,10.9700,65,1
2026-04-22,000001,14:46:36,10.9600,8,2
2026-04-22,000001,14:46:39,10.9600,17,2
2026-04-22,000001,14:46:42,10.9600,80,2
2026-04-22,000001,14:46:45,10.9700,30,1
2026-04-22,000001,14:46:48,10.9600,1635,2
2026-04-22,000001,14:46:51,10.9700,12,1
2026-04-22,000001,14:46:54,10.9700,42,1
2026-04-22,000001,14:46:57,10.9600,145,2
2026-04-22,000001,14:47:00,10.9600,69,2
2026-04-22,000001,14:47:03,10.9600,176,2
2026-04-22,000001,14:47:06,10.9600,7,2
2026-04-22,000001,14:47:09,10.9700,25,1
2026-04-22,000001,14:47:12,10.9600,529,2
2026-04-22,000001,14:47:15,10.9700,10,1
2026-04-22,000001,14:47:18,10.9700,100,1
2026-04-22,000001,14:47:21,10.9600,26,2
2026-04-22,000001,14:47:24,10.9600,34,2
2026-04-22,000001,14:47:27,10.9600,64,2
2026-04-22,000001,14:47:30,10.9600,93,2
2026-04-22,000001,14:47:33,10.9600,24,2
2026-04-22,000001,14:47:36,10.9600,33,2
2026-04-22,000001,14:47:39,10.9600,2048,2
2026-04-22,000001,14:47:42,10.9600,69,2
2026-04-22,000001,14:47:45,10.9600,80,4
2026-04-22,000001,14:47:48,10.9600,203,2
2026-04-22,000001,14:47:51,10.9600,119,2
2026-04-22,000001,14:47:54,10.9600,71,2
2026-04-22,000001,14:47:57,10.9700,86,1
2026-04-22,000001,14:48:00,10.9600,136,2
2026-04-22,000001,14:48:03,10.9600,32,2
2026-04-22,000001,14:48:06,10.9600,90,2
2026-04-22,000001,14:48:09,10.9600,676,2
2026-04-22,000001,14:48:12,10.9600,39,2
2026-04-22,000001,14:48:15,10.9600,86,2
2026-04-22,000001,14:48:18,10.9600,7,2
2026-04-22,000001,14:48:21,10.9700,20,1
2026-04-22,000001,14:48:24,10.9600,32,2
2026-04-22,000001,14:48:27,10.9700,32,1
2026-04-22,000001,14:48:30,10.9700,230,1
2026-04-22,000001,14:48:33,10.9700,47,1
2026-04-22,000001,14:48:36,10.9700,908,1
2026-04-22,000001,14:48:39,10.9500,124,2
2026-04-22,000001,14:48:42,10.9600,139,4
2026-04-22,000001,14:48:45,10.9600,118,2
2026-04-22,000001,14:48:48,10.9600,19,2
2026-04-22,000001,14:48:51,10.9600,26,2
2026-04-22,000001,14:48:54,10.9600,50,2
2026-04-22,000001,14:48:57,10.9600,18,2
2026-04-22,000001,14:49:00,10.9600,394,2
2026-04-22,000001,14:49:03,10.9600,106,2
2026-04-22,000001,14:49:06,10.9600,92,2
2026-04-22,000001,14:49:09,10.9600,147,1
2026-04-22,000001,14:49:12,10.9600,50,2
2026-04-22,000001,14:49:15,10.9600,80,2
2026-04-22,000001,14:49:18,10.9600,80,2
2026-04-22,000001,14:49:21,10.9600,133,2
2026-04-22,000001,14:49:24,10.9600,64,2
2026-04-22,000001,14:49:27,10.9600,48,2
2026-04-22,000001,14:49:30,10.9600,267,2
2026-04-22,000001,14:49:33,10.9600,87,2
2026-04-22,000001,14:49:36,10.9700,57,1
2026-04-22,000001,14:49:39,10.9600,39,4
2026-04-22,000001,14:49:42,10.9700,125,1
2026-04-22,000001,14:49:45,10.9600,257,2
2026-04-22,000001,14:49:48,10.9600,141,1
2026-04-22,000001,14:49:51,10.9600,30,1
2026-04-22,000001,14:49:54,10.9500,30,2
2026-04-22,000001,14:49:57,10.9600,112,1
2026-04-22,000001,14:50:00,10.9600,180,1
2026-04-22,000001,14:50:03,10.9600,358,1
2026-04-22,000001,14:50:06,10.9500,267,2
2026-04-22,000001,14:50:09,10.9600,697,1
2026-04-22,000001,14:50:12,10.9600,105,2
2026-04-22,000001,14:50:15,10.9600,65,2
2026-04-22,000001,14:50:18,10.9600,59,2
2026-04-22,000001,14:50:21,10.9500,232,2
2026-04-22,000001,14:50:24,10.9500,6,2
2026-04-22,000001,14:50:27,10.9600,74,1
2026-04-22,000001,14:50:30,10.9600,228,1
2026-04-22,000001,14:50:33,10.9600,97,1
2026-04-22,000001,14:50:36,10.9600,35,2
2026-04-22,000001,14:50:39,10.9600,440,2
2026-04-22,000001,14:50:42,10.9600,552,2
2026-04-22,000001,14:50:45,10.9700,28,1
2026-04-22,000001,14:50:48,10.9600,33,2
2026-04-22,000001,14:50:51,10.9700,23,1
2026-04-22,000001,14:50:54,10.9600,91,2
2026-04-22,000001,14:50:57,10.9600,2,2
2026-04-22,000001,14:51:00,10.9500,1230,2
2026-04-22,000001,14:51:03,10.9600,289,1
2026-04-22,000001,14:51:06,10.9600,1206,1
2026-04-22,000001,14:51:09,10.9600,21,4
2026-04-22,000001,14:51:12,10.9600,12,2
2026-04-22,000001,14:51:15,10.9600,14,2
2026-04-22,000001,14:51:18,10.9600,54,2
2026-04-22,000001,14:51:21,10.9600,471,2
2026-04-22,000001,14:51:24,10.9600,26,2
2026-04-22,000001,14:51:27,10.9600,111,2
2026-04-22,000001,14:51:30,10.9700,25,1
2026-04-22,000001,14:51:33,10.9600,70,2
2026-04-22,000001,14:51:36,10.9700,32,1
2026-04-22,000001,14:51:39,10.9600,37,2
2026-04-22,000001,14:51:42,10.9600,1895,2
2026-04-22,000001,14:51:45,10.9500,99,2
2026-04-22,000001,14:51:48,10.9600,651,1
2026-04-22,000001,14:51:51,10.9600,28,2
2026-04-22,000001,14:51:54,10.9600,71,2
2026-04-22,000001,14:51:57,10.9600,47,2
2026-04-22,000001,14:52:00,10.9600,242,2
2026-04-22,000001,14:52:03,10.9500,34,2
2026-04-22,000001,14:52:06,10.9600,54,4
2026-04-22,000001,14:52:09,10.9700,88,1
2026-04-22,000001,14:52:12,10.9600,45,4
2026-04-22,000001,14:52:15,10.9600,47,2
2026-04-22,000001,14:52:18,10.9600,19,2
2026-04-22,000001,14:52:21,10.9600,87,2
2026-04-22,000001,14:52:24,10.9700,30,1
2026-04-22,000001,14:52:27,10.9700,33,1
2026-04-22,000001,14:52:30,10.9600,52,2
2026-04-22,000001,14:52:33,10.9600,79,2
2026-04-22,000001,14:52:36,10.9700,129,1
2026-04-22,000001,14:52:39,10.9700,26,1
2026-04-22,000001,14:52:42,10.9600,1802,2
2026-04-22,000001,14:52:45,10.9600,47,2
2026-04-22,000001,14:52:48,10.9600,33,2
2026-04-22,000001,14:52:51,10.9700,1019,1
2026-04-22,000001,14:52:54,10.9700,119,1
2026-04-22,000001,14:52:57,10.9600,42,2
2026-04-22,000001,14:53:03,10.9600,1283,2
2026-04-22,000001,14:53:06,10.9600,111,2
2026-04-22,000001,14:53:09,10.9600,293,2
2026-04-22,000001,14:53:12,10.9700,52,1
2026-04-22,000001,14:53:15,10.9700,58,1
2026-04-22,000001,14:53:18,10.9600,54,2
2026-04-22,000001,14:53:21,10.9700,3,1
2026-04-22,000001,14:53:24,10.9600,2693,2
2026-04-22,000001,14:53:27,10.9600,212,1
2026-04-22,000001,14:53:30,10.9600,388,1
2026-04-22,000001,14:53:33,10.9600,91,1
2026-04-22,000001,14:53:36,10.9600,101,1
2026-04-22,000001,14:53:45,10.9600,355,2
2026-04-22,000001,14:53:48,10.9700,296,1
2026-04-22,000001,14:53:51,10.9700,194,1
2026-04-22,000001,14:53:54,10.9700,79,1
2026-04-22,000001,14:53:57,10.9600,102,2
2026-04-22,000001,14:54:00,10.9600,78,2
2026-04-22,000001,14:54:03,10.9700,214,1
2026-04-22,000001,14:54:06,10.9600,97,2
2026-04-22,000001,14:54:09,10.9600,1925,2
2026-04-22,000001,14:54:12,10.9700,106,1
2026-04-22,000001,14:54:15,10.9600,157,2
2026-04-22,000001,14:54:18,10.9600,41,2
2026-04-22,000001,14:54:21,10.9600,32,2
2026-04-22,000001,14:54:24,10.9600,28,2
2026-04-22,000001,14:54:27,10.9600,5,2
2026-04-22,000001,14:54:30,10.9600,1968,2
2026-04-22,000001,14:54:33,10.9600,85,2
2026-04-22,000001,14:54:36,10.9600,23,2
2026-04-22,000001,14:54:39,10.9600,14,2
2026-04-22,000001,14:54:42,10.9600,66,2
2026-04-22,000001,14:54:45,10.9600,223,2
2026-04-22,000001,14:54:48,10.9700,7,1
2026-04-22,000001,14:54:51,10.9600,1070,2
2026-04-22,000001,14:54:54,10.9600,1070,2
2026-04-22,000001,14:54:57,10.9700,72,1
2026-04-22,000001,14:55:00,10.9600,93,2
2026-04-22,000001,14:55:03,10.9700,96,1
2026-04-22,000001,14:55:06,10.9700,39,1
2026-04-22,000001,14:55:09,10.9700,34,1
2026-04-22,000001,14:55:12,10.9600,1937,2
2026-04-22,000001,14:55:15,10.9700,41,1
2026-04-22,000001,14:55:18,10.9700,165,1
2026-04-22,000001,14:55:21,10.9800,126,1
2026-04-22,000001,14:55:24,10.9700,118,2
2026-04-22,000001,14:55:27,10.9700,45,1
2026-04-22,000001,14:55:30,10.9700,19,1
2026-04-22,000001,14:55:33,10.9700,51,1
2026-04-22,000001,14:55:36,10.9700,1329,1
2026-04-22,000001,14:55:39,10.9700,23,1
2026-04-22,000001,14:55:42,10.9700,107,1
2026-04-22,000001,14:55:45,10.9700,19,1
2026-04-22,000001,14:55:48,10.9700,48,1
2026-04-22,000001,14:55:51,10.9700,104,1
2026-04-22,000001,14:55:54,10.9600,24,2
2026-04-22,000001,14:55:57,10.9600,987,2
2026-04-22,000001,14:56:00,10.9700,312,1
2026-04-22,000001,14:56:03,10.9700,171,1
2026-04-22,000001,14:56:06,10.9700,22,1
2026-04-22,000001,14:56:09,10.9700,208,1
2026-04-22,000001,14:56:12,10.9700,57,1
2026-04-22,000001,14:56:15,10.9700,52,1
2026-04-22,000001,14:56:18,10.9600,1632,2
2026-04-22,000001,14:56:21,10.9700,108,1
2026-04-22,000001,14:56:24,10.9700,58,1
2026-04-22,000001,14:56:27,10.9700,40,2
2026-04-22,000001,14:56:30,10.9700,79,2
2026-04-22,000001,14:56:33,10.9700,132,2
2026-04-22,000001,14:56:36,10.9800,35,1
2026-04-22,000001,14:56:39,10.9800,48,1
2026-04-22,000001,14:56:42,10.9700,2,2
2026-04-22,000001,14:56:45,10.9700,21,2
2026-04-22,000001,14:56:48,10.9700,108,1
2026-04-22,000001,14:56:51,10.9700,1733,1
2026-04-22,000001,14:56:54,10.9600,75,2
2026-04-22,000001,14:56:57,10.9700,13,1
2026-04-22,000001,14:57:00,10.9600,108,2
2026-04-22,000001,15:00:02,10.9800,8576,4
2026-04-22,000001,13:09:18,11.0100,6826,2
2026-04-22,000001,13:09:21,11.0200,218,1
2026-04-22,000001,13:09:24,11.0100,35,2
2026-04-22,000001,13:09:27,11.0200,99,1
2026-04-22,000001,13:09:30,11.0200,118,1
2026-04-22,000001,13:09:36,11.0100,6,2
2026-04-22,000001,13:09:39,11.0200,22,1
2026-04-22,000001,13:09:42,11.0100,28,2
2026-04-22,000001,13:09:45,11.0100,36,2
2026-04-22,000001,13:09:48,11.0200,56,1
2026-04-22,000001,13:09:51,11.0200,109,1
2026-04-22,000001,13:09:54,11.0100,4496,2
2026-04-22,000001,13:09:57,11.0200,6,1
2026-04-22,000001,13:10:00,11.0200,115,1
2026-04-22,000001,13:10:03,11.0200,51,1
2026-04-22,000001,13:10:06,11.0100,21,2
2026-04-22,000001,13:10:09,11.0200,2,1
2026-04-22,000001,13:10:12,11.0200,38,1
2026-04-22,000001,13:10:15,11.0200,2545,1
2026-04-22,000001,13:10:18,11.0100,500,2
2026-04-22,000001,13:10:21,11.0200,91,1
2026-04-22,000001,13:10:24,11.0200,150,1
2026-04-22,000001,13:10:27,11.0100,222,2
2026-04-22,000001,13:10:30,11.0100,124,2
2026-04-22,000001,13:10:33,11.0200,143,1
2026-04-22,000001,13:10:36,11.0200,83,1
2026-04-22,000001,13:10:39,11.0100,12,2
2026-04-22,000001,13:10:42,11.0200,3618,1
2026-04-22,000001,13:10:45,11.0200,5,1
2026-04-22,000001,13:10:48,11.0100,123,2
2026-04-22,000001,13:10:51,11.0200,9,1
2026-04-22,000001,13:10:54,11.0100,38,2
2026-04-22,000001,13:10:57,11.0200,18,1
2026-04-22,000001,13:11:00,11.0100,95,2
2026-04-22,000001,13:11:03,11.0200,453,1
2026-04-22,000001,13:11:06,11.0100,3,2
2026-04-22,000001,13:11:09,11.0100,404,2
2026-04-22,000001,13:11:12,11.0200,72,1
2026-04-22,000001,13:11:15,11.0200,51,1
2026-04-22,000001,13:11:18,11.0100,40,2
2026-04-22,000001,13:11:21,11.0100,89,2
2026-04-22,000001,13:11:24,11.0100,56,2
2026-04-22,000001,13:11:27,11.0100,110,2
2026-04-22,000001,13:11:30,11.0100,25,2
2026-04-22,000001,13:11:33,11.0100,12660,2
2026-04-22,000001,13:11:36,11.0000,13,2
2026-04-22,000001,13:11:39,11.0100,283,1
2026-04-22,000001,13:11:42,11.0100,56,1
2026-04-22,000001,13:11:45,11.0000,11,2
2026-04-22,000001,13:11:48,11.0000,30,2
2026-04-22,000001,13:11:51,11.0000,81,2
2026-04-22,000001,13:11:54,11.0100,30,1
2026-04-22,000001,13:11:57,11.0100,10,1
2026-04-22,000001,13:12:00,11.0100,20,1
2026-04-22,000001,13:12:03,11.0100,460,1
2026-04-22,000001,13:12:06,11.0000,30,2
2026-04-22,000001,13:12:09,11.0100,48,1
2026-04-22,000001,13:12:12,11.0000,81,2
2026-04-22,000001,13:12:15,11.0100,44,1
2026-04-22,000001,13:12:18,11.0100,21,1
2026-04-22,000001,13:12:21,11.0000,4853,2
2026-04-22,000001,13:12:24,11.0100,475,1
2026-04-22,000001,13:12:27,11.0100,77,1
2026-04-22,000001,13:12:30,11.0100,153,1
2026-04-22,000001,13:12:33,11.0100,141,1
2026-04-22,000001,13:12:36,11.0100,707,1
2026-04-22,000001,13:12:39,11.0100,179,2
2026-04-22,000001,13:12:42,11.0000,913,2
2026-04-22,000001,13:12:45,11.0100,75,1
2026-04-22,000001,13:12:48,11.0100,82,1
2026-04-22,000001,13:12:51,11.0100,39,1
2026-04-22,000001,13:12:57,11.0000,242,2
2026-04-22,000001,13:13:00,11.0100,121,1
2026-04-22,000001,13:13:03,11.0100,73,1
2026-04-22,000001,13:13:06,11.0100,127,1
2026-04-22,000001,13:13:09,11.0000,3966,2
2026-04-22,000001,13:13:12,11.0100,31,1
2026-04-22,000001,13:13:15,11.0100,19,1
2026-04-22,000001,13:13:18,11.0100,48,1
2026-04-22,000001,13:13:21,11.0000,2,2
2026-04-22,000001,13:13:24,11.0100,28,1
2026-04-22,000001,13:13:27,11.0000,83,2
2026-04-22,000001,13:13:30,11.0000,19,2
2026-04-22,000001,13:13:33,11.0000,125,2
2026-04-22,000001,13:13:36,11.0100,43,1
2026-04-22,000001,13:13:39,11.0100,56,1
2026-04-22,000001,13:13:42,11.0100,10,1
2026-04-22,000001,13:13:45,11.0100,167,1
2026-04-22,000001,13:13:48,11.0100,152,1
2026-04-22,000001,13:13:51,11.0000,3619,2
2026-04-22,000001,13:13:54,11.0000,145,2
2026-04-22,000001,13:13:57,11.0100,147,1
2026-04-22,000001,13:14:00,11.0000,19,2
2026-04-22,000001,13:14:06,11.0100,211,1
2026-04-22,000001,13:14:09,11.0100,14,1
2026-04-22,000001,13:14:12,11.0000,16,2
2026-04-22,000001,13:14:15,11.0100,66,1
2026-04-22,000001,13:14:18,11.0100,63,1
2026-04-22,000001,13:14:21,11.0100,214,1
2026-04-22,000001,13:14:24,11.0000,173,2
2026-04-22,000001,13:14:27,11.0000,9,2
2026-04-22,000001,13:14:30,11.0100,420,1
2026-04-22,000001,13:14:33,11.0100,89,1
2026-04-22,000001,13:14:36,11.0100,21,1
2026-04-22,000001,13:14:39,11.0100,2870,1
2026-04-22,000001,13:14:42,11.0100,144,4
2026-04-22,000001,13:14:45,11.0100,18,1
2026-04-22,000001,13:14:48,11.0100,291,1
2026-04-22,000001,13:14:51,11.0100,176,1
2026-04-22,000001,13:14:54,11.0100,224,2
2026-04-22,000001,13:14:57,11.0100,373,2
2026-04-22,000001,13:15:00,11.0100,212,2
2026-04-22,000001,13:15:03,11.0100,1,2
2026-04-22,000001,13:15:06,11.0100,54,2
2026-04-22,000001,13:15:09,11.0100,49,2
2026-04-22,000001,13:15:12,11.0100,871,2
2026-04-22,000001,13:15:15,11.0100,594,2
2026-04-22,000001,13:15:18,11.0100,92,2
2026-04-22,000001,13:15:21,11.0200,17,1
2026-04-22,000001,13:15:24,11.0100,20,2
2026-04-22,000001,13:15:27,11.0100,32,2
2026-04-22,000001,13:15:30,11.0100,1172,2
2026-04-22,000001,13:15:33,11.0200,94,1
2026-04-22,000001,13:15:42,11.0100,1,2
2026-04-22,000001,13:15:48,11.0100,401,2
2026-04-22,000001,13:15:51,11.0200,9,1
2026-04-22,000001,13:15:54,11.0200,11,1
2026-04-22,000001,13:15:57,11.0200,3,1
2026-04-22,000001,13:16:03,11.0100,154,2
2026-04-22,000001,13:16:06,11.0100,6,2
2026-04-22,000001,13:16:15,11.0100,44,2
2026-04-22,000001,13:16:18,11.0100,18,2
2026-04-22,000001,13:16:21,11.0100,1437,2
2026-04-22,000001,13:16:24,11.0100,131,2
2026-04-22,000001,13:16:27,11.0200,38,1
2026-04-22,000001,13:16:30,11.0100,34,2
2026-04-22,000001,13:16:36,11.0200,7,1
2026-04-22,000001,13:16:39,11.0200,17,1
2026-04-22,000001,13:16:45,11.0100,32,2
2026-04-22,000001,13:16:48,11.0200,16,1
2026-04-22,000001,13:16:51,11.0100,32,2
2026-04-22,000001,13:16:54,11.0200,47,1
2026-04-22,000001,13:16:57,11.0200,22,1
2026-04-22,000001,13:17:00,11.0100,150,2
2026-04-22,000001,13:17:03,11.0200,60,1
2026-04-22,000001,13:17:06,11.0100,8,2
2026-04-22,000001,13:17:09,11.0100,3,2
2026-04-22,000001,13:17:12,11.0100,11,2
2026-04-22,000001,13:17:15,11.0100,1185,2
2026-04-22,000001,13:17:18,11.0200,11,1
2026-04-22,000001,13:17:21,11.0200,20,1
2026-04-22,000001,13:17:27,11.0200,17,1
2026-04-22,000001,13:17:33,11.0100,32,2
2026-04-22,000001,13:17:36,11.0100,16,2
2026-04-22,000001,13:17:39,11.0200,72,1
2026-04-22,000001,13:17:42,11.0100,30,2
2026-04-22,000001,13:17:45,11.0100,42,2
2026-04-22,000001,13:17:51,11.0100,221,2
2026-04-22,000001,13:17:54,11.0100,6,2
2026-04-22,000001,13:17:57,11.0100,409,2
2026-04-22,000001,13:18:00,11.0100,1189,2
2026-04-22,000001,13:18:03,11.0100,72,2
2026-04-22,000001,13:18:06,11.0100,1532,2
2026-04-22,000001,13:18:09,11.0100,429,2
2026-04-22,000001,13:18:12,11.0100,42,2
2026-04-22,000001,13:18:15,11.0100,39,2
2026-04-22,000001,13:18:18,11.0100,55,2
2026-04-22,000001,13:18:21,11.0100,63,2
2026-04-22,000001,13:18:24,11.0200,28,1
2026-04-22,000001,13:18:27,11.0200,38,1
2026-04-22,000001,13:18:30,11.0200,22,1
2026-04-22,000001,13:18:33,11.0100,12,2
2026-04-22,000001,13:18:36,11.0100,33,2
2026-04-22,000001,13:18:39,11.0100,16,2
2026-04-22,000001,13:18:42,11.0100,800,2
2026-04-22,000001,13:18:45,11.0200,33,1
2026-04-22,000001,13:18:48,11.0200,55,1
2026-04-22,000001,13:18:51,11.0200,14,1
2026-04-22,000001,13:18:54,11.0100,50,2
2026-04-22,000001,13:18:57,11.0200,4,1
2026-04-22,000001,13:19:00,11.0100,20,2
2026-04-22,000001,13:19:03,11.0200,275,1
2026-04-22,000001,13:19:06,11.0100,5,2
2026-04-22,000001,13:19:09,11.0200,78,1
2026-04-22,000001,13:19:12,11.0100,190,2
2026-04-22,000001,13:19:15,11.0100,20,2
2026-04-22,000001,13:19:18,11.0200,1,1
2026-04-22,000001,13:19:21,11.0100,38,2
2026-04-22,000001,13:19:24,11.0200,86,1
2026-04-22,000001,13:19:27,11.0100,104,2
2026-04-22,000001,13:19:30,11.0100,1935,2
2026-04-22,000001,13:19:33,11.0200,45,1
2026-04-22,000001,13:19:36,11.0100,11,2
2026-04-22,000001,13:19:39,11.0100,7,2
2026-04-22,000001,13:19:42,11.0200,180,1
2026-04-22,000001,13:19:48,11.0100,10,2
2026-04-22,000001,13:19:51,11.0100,16,2
2026-04-22,000001,13:19:54,11.0200,56,1
2026-04-22,000001,13:19:57,11.0200,37,1
2026-04-22,000001,13:20:00,11.0100,161,2
2026-04-22,000001,13:20:03,11.0100,10,2
2026-04-22,000001,13:20:06,11.0100,58,2
2026-04-22,000001,13:20:09,11.0100,13,2
2026-04-22,000001,13:20:12,11.0200,1445,1
2026-04-22,000001,13:20:15,11.0100,159,2
2026-04-22,000001,13:20:18,11.0100,1,2
2026-04-22,000001,13:20:21,11.0100,31,2
2026-04-22,000001,13:20:24,11.0100,199,2
2026-04-22,000001,13:20:33,11.0100,45,2
2026-04-22,000001,13:20:36,11.0100,30,2
2026-04-22,000001,13:20:39,11.0100,98,2
2026-04-22,000001,13:20:42,11.0200,67,1
2026-04-22,000001,13:20:45,11.0100,127,2
2026-04-22,000001,13:20:48,11.0100,33,2
2026-04-22,000001,13:20:51,11.0200,20,1
2026-04-22,000001,13:20:54,11.0100,44,2
2026-04-22,000001,13:20:57,11.0200,5,1
2026-04-22,000001,13:21:00,11.0100,2106,2
2026-04-22,000001,13:21:03,11.0100,3262,2
2026-04-22,000001,13:21:06,11.0100,23,1
2026-04-22,000001,13:21:09,11.0100,31,1
2026-04-22,000001,13:21:12,11.0100,49,1
2026-04-22,000001,13:21:15,11.0100,23,1
2026-04-22,000001,13:21:18,11.0100,1,1
2026-04-22,000001,13:21:21,11.0100,15,1
2026-04-22,000001,13:21:24,11.0100,111,1
2026-04-22,000001,13:21:27,11.0100,250,1
2026-04-22,000001,13:21:30,11.0100,5,1
2026-04-22,000001,13:21:33,11.0100,35,1
2026-04-22,000001,13:21:36,11.0100,71,1
2026-04-22,000001,13:21:39,11.0100,51,1
2026-04-22,000001,13:21:42,11.0100,31,1
2026-04-22,000001,13:21:45,11.0100,290,1
2026-04-22,000001,13:21:48,11.0100,98,2
2026-04-22,000001,13:21:51,11.0100,40,2
2026-04-22,000001,13:21:54,11.0100,9,2
2026-04-22,000001,13:21:57,11.0100,11,2
2026-04-22,000001,13:22:00,11.0100,286,2
2026-04-22,000001,13:22:03,11.0100,91,2
2026-04-22,000001,13:22:06,11.0100,52,2
2026-04-22,000001,13:22:09,11.0100,18,2
2026-04-22,000001,13:22:12,11.0100,59,2
2026-04-22,000001,13:22:18,11.0100,11,2
2026-04-22,000001,13:22:24,11.0200,50,1
2026-04-22,000001,13:22:27,11.0200,26,1
2026-04-22,000001,13:22:30,11.0100,1,2
2026-04-22,000001,13:22:33,11.0200,20,1
2026-04-22,000001,13:22:36,11.0100,333,2
2026-04-22,000001,13:22:39,11.0100,68,2
2026-04-22,000001,13:22:48,11.0200,28,1
2026-04-22,000001,13:22:51,11.0100,100,2
2026-04-22,000001,13:22:54,11.0100,20,2
2026-04-22,000001,13:22:57,11.0100,104,2
2026-04-22,000001,13:23:00,11.0100,68,2
2026-04-22,000001,13:23:03,11.0100,955,2
2026-04-22,000001,13:23:06,11.0100,319,2
2026-04-22,000001,13:23:09,11.0000,70,2
2026-04-22,000001,13:23:12,11.0100,3447,1
2026-04-22,000001,13:23:15,11.0100,14,1
2026-04-22,000001,13:23:18,11.0100,84,1
2026-04-22,000001,13:23:21,11.0100,50,1
2026-04-22,000001,13:23:24,11.0100,4,1
2026-04-22,000001,13:23:27,11.0100,134,1
2026-04-22,000001,13:23:30,11.0000,115,2
2026-04-22,000001,13:23:33,11.0100,25,1
2026-04-22,000001,13:23:36,11.0100,5,1
2026-04-22,000001,13:23:39,11.0000,47,2
2026-04-22,000001,13:23:42,11.0000,16,2
2026-04-22,000001,13:23:45,11.0100,50,1
2026-04-22,000001,13:23:48,11.0000,40,2
2026-04-22,000001,13:23:51,11.0100,37,1
2026-04-22,000001,13:23:54,11.0100,26,1
2026-04-22,000001,13:23:57,11.0100,53,1
2026-04-22,000001,13:24:00,11.0100,19,1
2026-04-22,000001,13:24:03,11.0100,136,1
2026-04-22,000001,13:24:06,11.0000,213,2
2026-04-22,000001,13:24:12,11.0100,41,1
2026-04-22,000001,13:24:15,11.0100,32,1
2026-04-22,000001,13:24:18,11.0100,33,1
2026-04-22,000001,13:24:21,11.0100,19,1
2026-04-22,000001,13:24:24,11.0100,5,1
2026-04-22,000001,13:24:27,11.0100,5,1
2026-04-22,000001,13:24:30,11.0100,1,1
2026-04-22,000001,13:24:33,11.0000,35,2
2026-04-22,000001,13:24:36,11.0000,226,2
2026-04-22,000001,13:24:39,11.0100,30,1
2026-04-22,000001,13:24:42,11.0100,14,1
2026-04-22,000001,13:24:45,11.0100,77,1
2026-04-22,000001,13:24:48,11.0100,666,1
2026-04-22,000001,13:24:51,11.0100,31,2
2026-04-22,000001,13:24:54,11.0100,73,2
2026-04-22,000001,13:24:57,11.0100,57,2
2026-04-22,000001,13:25:00,11.0100,36,2
2026-04-22,000001,13:25:03,11.0100,34,2
2026-04-22,000001,13:25:06,11.0100,16,2
2026-04-22,000001,13:25:09,11.0100,58,2
2026-04-22,000001,13:25:12,11.0100,252,2
2026-04-22,000001,13:25:15,11.0100,53,4
2026-04-22,000001,13:25:18,11.0100,15,2
2026-04-22,000001,13:25:21,11.0100,27,2
2026-04-22,000001,13:25:27,11.0100,71,2
2026-04-22,000001,13:25:30,11.0100,88,2
2026-04-22,000001,13:25:33,11.0100,48,2
2026-04-22,000001,13:25:42,11.0100,2,2
2026-04-22,000001,13:25:48,11.0100,2,2
2026-04-22,000001,13:25:51,11.0100,5,2
2026-04-22,000001,13:25:54,11.0100,2,2
2026-04-22,000001,13:26:00,11.0100,504,2
2026-04-22,000001,13:26:03,11.0200,79,1
2026-04-22,000001,13:26:06,11.0100,14,2
2026-04-22,000001,13:26:09,11.0100,16,2
2026-04-22,000001,13:26:12,11.0100,39,2
2026-04-22,000001,13:26:15,11.0100,882,2
2026-04-22,000001,13:26:21,11.0100,63,2
2026-04-22,000001,13:26:24,11.0100,102,2
2026-04-22,000001,13:26:27,11.0100,225,2
2026-04-22,000001,13:26:30,11.0100,24,2
2026-04-22,000001,13:26:33,11.0100,42,2
2026-04-22,000001,13:26:42,11.0100,42,2
2026-04-22,000001,13:26:45,11.0100,20,2
2026-04-22,000001,13:26:57,11.0100,425,2
2026-04-22,000001,13:27:00,11.0200,54,1
2026-04-22,000001,13:27:06,11.0100,5,2
2026-04-22,000001,13:27:09,11.0100,26,2
2026-04-22,000001,13:27:15,11.0100,87,2
2026-04-22,000001,13:27:18,11.0100,20,2
2026-04-22,000001,13:27:24,11.0100,317,2
2026-04-22,000001,13:27:27,11.0100,14,2
2026-04-22,000001,13:27:30,11.0100,142,2
2026-04-22,000001,13:27:33,11.0100,113,2
2026-04-22,000001,13:27:36,11.0100,55,2
2026-04-22,000001,13:27:42,11.0100,19,2
2026-04-22,000001,13:27:45,11.0100,50,2
2026-04-22,000001,13:27:51,11.0100,16,2
2026-04-22,000001,13:27:54,11.0100,284,2
2026-04-22,000001,13:27:57,11.0200,38,1
2026-04-22,000001,13:28:00,11.0100,10,2
2026-04-22,000001,13:28:03,11.0200,25,1
2026-04-22,000001,13:28:09,11.0100,56,2
2026-04-22,000001,13:28:12,11.0200,5,1
2026-04-22,000001,13:28:15,11.0100,6,2
2026-04-22,000001,13:28:18,11.0100,479,2
2026-04-22,000001,13:28:21,11.0100,23,2
2026-04-22,000001,13:28:27,11.0100,195,2
2026-04-22,000001,13:28:30,11.0100,38,2
2026-04-22,000001,13:28:33,11.0100,20,2
2026-04-22,000001,13:28:36,11.0200,55,1
2026-04-22,000001,13:28:39,11.0100,8,2
2026-04-22,000001,13:28:42,11.0100,2,2
2026-04-22,000001,13:28:45,11.0100,353,2
2026-04-22,000001,13:28:48,11.0100,12,2
2026-04-22,000001,13:28:51,11.0100,18,2
2026-04-22,000001,13:28:54,11.0100,1,2
2026-04-22,000001,13:28:57,11.0100,7,2
2026-04-22,000001,13:29:03,11.0100,15,2
2026-04-22,000001,13:29:06,11.0100,42,2
2026-04-22,000001,13:29:09,11.0100,375,2
2026-04-22,000001,13:29:12,11.0100,223,2
2026-04-22,000001,13:29:15,11.0000,1452,2
2026-04-22,000001,13:29:18,11.0100,180,2
2026-04-22,000001,13:29:21,11.0000,87,2
2026-04-22,000001,13:29:24,11.0000,43,2
2026-04-22,000001,13:29:27,11.0100,130,1
2026-04-22,000001,13:29:30,11.0000,72,2
2026-04-22,000001,13:29:33,11.0000,3644,2
2026-04-22,000001,13:29:36,11.0100,105,1
2026-04-22,000001,13:29:39,11.0000,279,2
2026-04-22,000001,13:29:42,11.0100,59,1
2026-04-22,000001,13:29:45,11.0100,2,1
2026-04-22,000001,13:29:48,11.0100,72,1
2026-04-22,000001,13:29:51,11.0100,115,1
2026-04-22,000001,13:29:54,11.0100,6,1
2026-04-22,000001,13:29:57,11.0100,14,1
2026-04-22,000001,13:30:00,11.0000,2980,2
2026-04-22,000001,13:30:03,11.0100,75,1
2026-04-22,000001,13:30:06,11.0100,58,1
2026-04-22,000001,13:30:12,11.0000,1086,2
2026-04-22,000001,13:30:15,11.0100,1,4
2026-04-22,000001,13:30:18,11.0100,86,1
2026-04-22,000001,13:30:21,11.0100,2,1
2026-04-22,000001,13:30:24,11.0100,10,1
2026-04-22,000001,13:30:27,11.0100,2386,1
2026-04-22,000001,13:30:30,11.0100,26,1
2026-04-22,000001,13:30:33,11.0000,106,2
2026-04-22,000001,13:30:36,11.0000,16,2
2026-04-22,000001,13:30:39,11.0000,11,2
2026-04-22,000001,13:30:42,11.0100,10,1
2026-04-22,000001,13:30:48,11.0100,953,1
2026-04-22,000001,13:30:51,11.0100,60,1
2026-04-22,000001,13:30:54,11.0100,2011,1
2026-04-22,000001,13:30:57,11.0100,167,1
2026-04-22,000001,13:31:00,11.0100,234,1
2026-04-22,000001,13:31:03,11.0100,1948,2
2026-04-22,000001,13:31:06,11.0000,3,2
2026-04-22,000001,13:31:09,11.0100,23,1
2026-04-22,000001,13:31:12,11.0100,14,1
2026-04-22,000001,13:31:15,11.0100,10,1
2026-04-22,000001,13:31:18,11.0100,191,1
2026-04-22,000001,13:31:21,11.0000,1303,2
2026-04-22,000001,13:31:24,11.0100,37,1
2026-04-22,000001,13:31:27,11.0000,16,2
2026-04-22,000001,13:31:30,11.0100,7,1
2026-04-22,000001,13:31:33,11.0100,10,1
2026-04-22,000001,13:31:36,11.0100,111,1
2026-04-22,000001,13:31:42,11.0100,31,1
2026-04-22,000001,13:31:45,11.0100,53,1
2026-04-22,000001,13:31:48,11.0000,1109,2
2026-04-22,000001,13:31:51,11.0000,12,2
2026-04-22,000001,13:31:54,11.0100,4,1
2026-04-22,000001,13:31:57,11.0000,14,2
2026-04-22,000001,13:32:00,11.0000,2,2
2026-04-22,000001,13:32:03,11.0000,14,2
2026-04-22,000001,13:32:06,11.0000,213,2
2026-04-22,000001,13:32:09,11.0000,23,2
2026-04-22,000001,13:32:15,11.0000,1156,2
2026-04-22,000001,13:32:18,11.0100,121,1
2026-04-22,000001,13:32:21,11.0000,99,2
2026-04-22,000001,13:32:24,11.0000,7,2
2026-04-22,000001,13:32:27,11.0000,9,2
2026-04-22,000001,13:32:30,11.0100,182,1
2026-04-22,000001,13:32:33,11.0100,27,1
2026-04-22,000001,13:32:36,11.0000,133,2
2026-04-22,000001,13:32:39,11.0100,68,1
2026-04-22,000001,13:32:42,11.0100,1767,1
2026-04-22,000001,13:32:45,11.0100,4,1
2026-04-22,000001,13:32:51,11.0100,7,1
2026-04-22,000001,13:32:54,11.0100,24,1
2026-04-22,000001,13:32:57,11.0100,33,1
2026-04-22,000001,13:33:03,11.0100,1,1
2026-04-22,000001,13:33:06,11.0000,111,2
2026-04-22,000001,13:33:09,11.0100,1749,1
2026-04-22,000001,13:33:12,11.0000,74,2
2026-04-22,000001,13:33:18,11.0100,10,1
2026-04-22,000001,13:33:21,11.0000,34,2
2026-04-22,000001,13:33:24,11.0000,1,2
2026-04-22,000001,13:33:27,11.0100,25,1
2026-04-22,000001,13:33:30,11.0100,80,1
2026-04-22,000001,13:33:33,11.0000,1359,2
2026-04-22,000001,13:33:36,11.0000,13,2
2026-04-22,000001,13:33:39,11.0100,3,1
2026-04-22,000001,13:33:42,11.0100,41,1
2026-04-22,000001,13:33:48,11.0000,50,2
2026-04-22,000001,13:33:51,11.0000,11,2
2026-04-22,000001,13:33:54,11.0100,10,1
2026-04-22,000001,13:33:57,11.0000,1271,2
2026-04-22,000001,13:34:00,11.0000,13,2
2026-04-22,000001,13:34:03,11.0000,40,2
2026-04-22,000001,13:34:06,11.0100,34,1
2026-04-22,000001,13:34:12,11.0100,44,1
2026-04-22,000001,13:34:15,11.0000,36,2
2026-04-22,000001,13:34:18,11.0200,825,1
2026-04-22,000001,13:34:21,11.0100,52,2
2026-04-22,000001,13:34:24,11.0100,535,2
2026-04-22,000001,13:34:27,11.0100,194,2
2026-04-22,000001,13:34:30,11.0200,38,1
2026-04-22,000001,13:34:33,11.0200,4,1
2026-04-22,000001,13:34:36,11.0100,14,2
2026-04-22,000001,13:34:39,11.0100,13,2
2026-04-22,000001,13:34:42,11.0200,172,1
2026-04-22,000001,13:34:48,11.0200,178,1
2026-04-22,000001,13:34:51,11.0100,6,2
2026-04-22,000001,13:34:54,11.0200,221,1
2026-04-22,000001,13:34:57,11.0100,43,2
2026-04-22,000001,13:35:00,11.0100,5,2
2026-04-22,000001,13:35:03,11.0100,10,2
2026-04-22,000001,13:35:06,11.0100,37,2
2026-04-22,000001,13:35:09,11.0200,19,1
2026-04-22,000001,13:35:12,11.0200,20,1
2026-04-22,000001,13:35:15,11.0100,21,2
2026-04-22,000001,13:35:18,11.0100,12,2
2026-04-22,000001,13:35:21,11.0100,452,2
2026-04-22,000001,13:35:24,11.0100,105,2
2026-04-22,000001,13:35:27,11.0100,150,2
2026-04-22,000001,13:35:30,11.0200,11,1
2026-04-22,000001,13:35:33,11.0100,12,2
2026-04-22,000001,13:35:36,11.0200,84,1
2026-04-22,000001,13:35:39,11.0200,1,1
2026-04-22,000001,13:35:42,11.0100,10,2
2026-04-22,000001,13:35:45,11.0100,8,2
2026-04-22,000001,13:35:48,11.0200,609,1
2026-04-22,000001,13:35:51,11.0200,30,1
2026-04-22,000001,13:35:57,11.0200,8,1
2026-04-22,000001,13:36:00,11.0200,1,1
2026-04-22,000001,13:36:03,11.0100,9,2
2026-04-22,000001,13:36:06,11.0100,38,2
2026-04-22,000001,13:36:09,11.0100,12,2
2026-04-22,000001,13:36:12,11.0100,80,2
2026-04-22,000001,13:36:15,11.0100,345,2
2026-04-22,000001,13:36:18,11.0100,7,2
2026-04-22,000001,13:36:27,11.0100,101,2
2026-04-22,000001,13:36:33,11.0200,29,1
2026-04-22,000001,13:36:36,11.0200,1,1
2026-04-22,000001,13:36:39,11.0100,10,2
2026-04-22,000001,13:36:42,11.0200,358,1
2026-04-22,000001,13:36:48,11.0200,23,1
2026-04-22,000001,13:36:51,11.0200,6,1
2026-04-22,000001,13:36:54,11.0100,5,2
2026-04-22,000001,13:37:00,11.0100,2,2
2026-04-22,000001,13:37:03,11.0100,11,2
2026-04-22,000001,13:37:06,11.0100,561,2
2026-04-22,000001,13:37:09,11.0100,5,2
2026-04-22,000001,13:37:12,11.0100,71,2
2026-04-22,000001,13:37:21,11.0100,20,2
2026-04-22,000001,13:37:24,11.0100,6,2
2026-04-22,000001,13:37:30,11.0100,4,2
2026-04-22,000001,13:37:33,11.0200,487,1
2026-04-22,000001,13:37:36,11.0100,275,2
2026-04-22,000001,13:37:39,11.0100,2,2
2026-04-22,000001,13:37:42,11.0100,9,2
2026-04-22,000001,13:37:51,11.0100,2,2
2026-04-22,000001,13:37:54,11.0200,27,1
2026-04-22,000001,13:37:57,11.0100,100,2
2026-04-22,000001,13:38:00,11.0100,22,2
2026-04-22,000001,13:38:03,11.0100,429,2
2026-04-22,000001,13:38:09,11.0100,23,2
2026-04-22,000001,13:38:12,11.0100,18,2
2026-04-22,000001,13:38:15,11.0200,10,1
2026-04-22,000001,13:38:18,11.0200,30,1
2026-04-22,000001,13:38:21,11.0100,6,2
2026-04-22,000001,13:38:24,11.0100,126,2
2026-04-22,000001,13:38:27,11.0100,17,2
2026-04-22,000001,13:38:30,11.0100,366,2
2026-04-22,000001,13:38:33,11.0100,46,2
2026-04-22,000001,13:38:36,11.0100,11,2
2026-04-22,000001,13:38:39,11.0100,12,2
2026-04-22,000001,13:38:42,11.0100,14,2
2026-04-22,000001,13:38:48,11.0100,1,2
2026-04-22,000001,13:38:51,11.0100,23,2
2026-04-22,000001,13:38:54,11.0100,488,2
2026-04-22,000001,13:38:57,11.0100,474,2
2026-04-22,000001,13:39:00,11.0100,660,2
2026-04-22,000001,13:39:03,11.0000,156,2
2026-04-22,000001,13:39:06,11.0000,89,2
2026-04-22,000001,13:39:09,11.0100,140,1
2026-04-22,000001,13:39:12,11.0100,237,1
2026-04-22,000001,13:39:18,11.0000,46,2
2026-04-22,000001,13:39:21,11.0100,2310,1
2026-04-22,000001,13:39:24,11.0000,82,2
2026-04-22,000001,13:39:27,11.0000,71,2
2026-04-22,000001,13:39:30,11.0000,106,2
2026-04-22,000001,13:39:33,11.0000,10,2
2026-04-22,000001,13:39:36,11.0000,8,2
2026-04-22,000001,13:39:39,11.0000,15,2
2026-04-22,000001,13:39:42,11.0000,41,2
2026-04-22,000001,13:39:45,11.0100,50,1
2026-04-22,000001,13:39:48,11.0100,1838,1
2026-04-22,000001,13:39:51,11.0000,3,2
2026-04-22,000001,13:39:54,11.0100,117,1
2026-04-22,000001,13:39:57,11.0000,25,2
2026-04-22,000001,13:40:03,11.0000,55,2
2026-04-22,000001,13:40:09,11.0000,638,2
2026-04-22,000001,13:40:12,11.0100,25,1
2026-04-22,000001,13:40:15,11.0000,1469,2
2026-04-22,000001,13:40:18,11.0100,63,1
2026-04-22,000001,13:40:21,11.0100,50,1
2026-04-22,000001,13:40:24,11.0100,53,1
2026-04-22,000001,13:40:27,11.0000,14,2
2026-04-22,000001,13:40:30,11.0000,26,2
2026-04-22,000001,13:40:36,11.0100,21,1
2026-04-22,000001,13:40:39,11.0000,11,2
2026-04-22,000001,13:40:42,11.0000,1199,2
2026-04-22,000001,13:40:45,11.0000,12,2
2026-04-22,000001,13:40:48,11.0100,15,1
2026-04-22,000001,13:40:51,11.0000,26,2
2026-04-22,000001,13:40:54,11.0000,2,2
2026-04-22,000001,13:40:57,11.0000,32,2
2026-04-22,000001,13:41:03,11.0100,56,1
2026-04-22,000001,13:41:06,11.0000,10,2
2026-04-22,000001,13:41:09,11.0000,591,2
2026-04-22,000001,13:41:12,11.0100,566,1
2026-04-22,000001,13:41:15,11.0000,62,2
2026-04-22,000001,13:41:18,11.0000,2,2
2026-04-22,000001,13:41:21,11.0100,22,1
2026-04-22,000001,13:41:24,11.0000,34,2
2026-04-22,000001,13:41:33,11.0100,9,1
2026-04-22,000001,13:41:36,11.0000,11,2
2026-04-22,000001,13:41:39,11.0100,1071,1
2026-04-22,000001,13:41:42,11.0100,2,1
2026-04-22,000001,13:41:45,11.0000,74,2
2026-04-22,000001,13:41:48,11.0100,75,1
2026-04-22,000001,13:41:51,11.0000,9,2
2026-04-22,000001,13:41:54,11.0000,7,2
2026-04-22,000001,13:41:57,11.0000,33,2
2026-04-22,000001,13:42:00,11.0100,51,1
2026-04-22,000001,13:42:06,11.0000,39,2
2026-04-22,000001,13:42:09,11.0000,989,2
2026-04-22,000001,13:42:12,11.0100,82,1
2026-04-22,000001,13:42:15,11.0000,4,2
2026-04-22,000001,13:42:18,11.0000,56,2
2026-04-22,000001,13:42:24,11.0000,25,2
2026-04-22,000001,13:42:27,11.0000,2,2
2026-04-22,000001,13:42:30,11.0100,5,1
2026-04-22,000001,13:42:33,11.0000,1,2
2026-04-22,000001,13:42:36,11.0000,28,2
2026-04-22,000001,13:42:39,11.0000,132,2
2026-04-22,000001,13:42:42,11.0000,924,2
2026-04-22,000001,13:42:45,11.0000,12,2
2026-04-22,000001,13:42:48,11.0000,95,2
2026-04-22,000001,13:42:51,11.0000,16,2
2026-04-22,000001,13:42:54,11.0000,43,2
2026-04-22,000001,13:43:00,11.0100,74,1
2026-04-22,000001,13:43:03,11.0100,6,1
2026-04-22,000001,13:43:06,11.0000,10,2
2026-04-22,000001,13:43:09,11.0000,813,2
2026-04-22,000001,13:43:12,11.0000,6,2
2026-04-22,000001,13:43:15,11.0000,58,2
2026-04-22,000001,13:43:18,11.0000,7,2
2026-04-22,000001,13:43:21,11.0100,5,1
2026-04-22,000001,13:43:27,11.0100,21,1
2026-04-22,000001,13:43:33,11.0100,18,1
2026-04-22,000001,13:43:36,11.0100,31,1
2026-04-22,000001,13:43:39,11.0000,712,2
2026-04-22,000001,13:43:42,11.0000,184,2
2026-04-22,000001,13:43:45,11.0000,160,2
2026-04-22,000001,13:43:48,11.0000,42,2
2026-04-22,000001,13:43:51,11.0100,2,1
2026-04-22,000001,13:43:54,11.0000,1,2
2026-04-22,000001,13:43:57,11.0000,29,2
2026-04-22,000001,13:44:00,11.0100,10,1
2026-04-22,000001,13:44:03,11.0000,12,2
2026-04-22,000001,13:44:06,11.0100,72,1
2026-04-22,000001,13:44:09,11.0000,665,2
2026-04-22,000001,13:44:12,11.0100,138,1
2026-04-22,000001,13:44:15,11.0000,37,2
2026-04-22,000001,13:44:18,11.0000,13,2
2026-04-22,000001,13:44:21,11.0000,56,2
2026-04-22,000001,13:44:24,11.0000,110,2
2026-04-22,000001,13:44:27,11.0000,90,2
2026-04-22,000001,13:44:30,11.0000,104,2
2026-04-22,000001,13:44:33,11.0000,78,2
2026-04-22,000001,13:44:36,11.0000,8,2
2026-04-22,000001,13:44:39,11.0000,762,2
2026-04-22,000001,13:44:42,11.0000,6,2
2026-04-22,000001,13:44:45,11.0000,57,2
2026-04-22,000001,13:44:48,11.0100,6,1
2026-04-22,000001,13:44:51,11.0000,100,2
2026-04-22,000001,13:44:54,11.0000,10,2
2026-04-22,000001,13:44:57,11.0100,29,1
2026-04-22,000001,13:45:00,11.0000,24,2
2026-04-22,000001,13:45:03,11.0000,24,2
2026-04-22,000001,13:45:06,11.0000,28,2
2026-04-22,000001,13:45:09,11.0000,24,2
2026-04-22,000001,13:45:12,11.0000,1294,2
2026-04-22,000001,13:45:15,11.0000,35,2
2026-04-22,000001,13:45:18,11.0000,15,2
2026-04-22,000001,13:45:21,11.0000,30,2
2026-04-22,000001,13:45:24,11.0000,120,2
2026-04-22,000001,13:45:27,11.0000,105,2
2026-04-22,000001,13:45:30,11.0000,142,2
2026-04-22,000001,13:45:33,11.0000,69,2
2026-04-22,000001,13:45:36,11.0000,25,2
2026-04-22,000001,13:45:39,11.0000,21,2
2026-04-22,000001,13:45:42,11.0000,30,2
2026-04-22,000001,13:45:45,11.0000,27,2
2026-04-22,000001,13:45:48,11.0100,79,1
2026-04-22,000001,13:45:51,11.0000,54,2
2026-04-22,000001,13:45:54,11.0100,84,1
2026-04-22,000001,13:45:57,11.0100,130,1
2026-04-22,000001,13:46:00,11.0100,20,1
2026-04-22,000001,13:46:03,11.0100,34,1
2026-04-22,000001,13:46:06,11.0000,2706,2
2026-04-22,000001,13:46:09,11.0000,441,2
2026-04-22,000001,13:46:12,11.0100,65,1
2026-04-22,000001,13:46:15,11.0000,35,2
2026-04-22,000001,13:46:21,11.0000,82,2
2026-04-22,000001,13:46:27,11.0100,656,1
2026-04-22,000001,13:46:30,11.0000,46,2
2026-04-22,000001,13:46:33,11.0000,118,2
2026-04-22,000001,13:46:39,11.0000,10,2
2026-04-22,000001,13:46:42,11.0000,75,2
2026-04-22,000001,13:46:45,11.0000,603,2
2026-04-22,000001,13:46:48,11.0000,37,2
2026-04-22,000001,13:46:51,11.0100,233,1
2026-04-22,000001,13:46:54,11.0000,105,1
2026-04-22,000001,13:46:57,11.0100,77,1
2026-04-22,000001,13:47:00,11.0000,144,2
2026-04-22,000001,13:47:03,11.0100,195,1
2026-04-22,000001,13:47:06,11.0100,21,1
2026-04-22,000001,13:47:09,11.0100,84,1
2026-04-22,000001,13:47:12,11.0000,79,2
2026-04-22,000001,13:47:15,11.0000,43,2
2026-04-22,000001,13:47:18,11.0100,60,1
2026-04-22,000001,13:47:24,11.0000,216,2
2026-04-22,000001,13:47:27,11.0100,9,1
2026-04-22,000001,13:47:30,11.0000,26,2
2026-04-22,000001,13:47:33,11.0000,39,2
2026-04-22,000001,13:47:36,11.0000,124,2
2026-04-22,000001,13:47:39,11.0000,591,2
2026-04-22,000001,13:47:42,11.0000,151,2
2026-04-22,000001,13:47:45,11.0000,250,2
2026-04-22,000001,13:47:48,11.0100,145,1
2026-04-22,000001,13:47:51,11.0000,64,2
2026-04-22,000001,13:47:54,11.0000,27,2
2026-04-22,000001,13:47:57,11.0000,53,2
2026-04-22,000001,13:48:00,11.0000,54,2
2026-04-22,000001,13:48:03,11.0000,114,2
2026-04-22,000001,13:48:06,10.9900,180,2
2026-04-22,000001,13:48:09,11.0000,237,1
2026-04-22,000001,13:48:12,11.0100,38,1
2026-04-22,000001,13:48:15,11.0000,38,2
2026-04-22,000001,13:48:18,11.0000,2,2
2026-04-22,000001,13:48:21,11.0000,64,2
2026-04-22,000001,13:48:24,11.0000,449,2
2026-04-22,000001,13:48:27,11.0000,16,2
2026-04-22,000001,13:48:30,11.0000,19,2
2026-04-22,000001,13:48:33,11.0000,2,2
2026-04-22,000001,13:48:36,11.0000,3,2
2026-04-22,000001,13:48:42,11.0000,28,2
2026-04-22,000001,13:48:45,11.0000,73,2
2026-04-22,000001,13:48:48,11.0000,371,2
2026-04-22,000001,13:48:51,11.0000,316,2
2026-04-22,000001,13:48:54,11.0000,18,2
2026-04-22,000001,13:48:57,11.0000,9,2
2026-04-22,000001,13:49:00,11.0000,143,2
2026-04-22,000001,13:49:03,10.9900,124,2
2026-04-22,000001,13:49:06,11.0000,238,1
2026-04-22,000001,13:49:09,11.0000,247,1
2026-04-22,000001,13:49:12,11.0000,14566,1
2026-04-22,000001,13:49:15,10.9900,85,2
2026-04-22,000001,13:49:18,11.0000,12,1
2026-04-22,000001,13:49:21,10.9900,8,2
2026-04-22,000001,13:49:24,10.9900,29,2
2026-04-22,000001,13:49:27,10.9900,76,2
2026-04-22,000001,13:49:30,10.9900,23,2
2026-04-22,000001,13:49:33,10.9800,546,2
2026-04-22,000001,13:49:36,10.9900,279,1
2026-04-22,000001,13:49:39,10.9900,39,2
2026-04-22,000001,13:49:42,10.9900,22,2
2026-04-22,000001,13:49:45,10.9900,24,2
2026-04-22,000001,13:49:48,10.9900,147,2
2026-04-22,000001,13:49:54,10.9900,11,2
2026-04-22,000001,13:49:57,11.0000,15,1
2026-04-22,000001,13:50:00,11.0000,51,1
2026-04-22,000001,13:50:03,10.9900,2849,2
2026-04-22,000001,13:50:06,10.9900,2883,2
2026-04-22,000001,13:50:09,11.0000,22,1
2026-04-22,000001,13:50:12,10.9900,200,2
2026-04-22,000001,13:50:18,11.0000,10,1
2026-04-22,000001,13:50:21,11.0000,542,1
2026-04-22,000001,13:50:24,11.0000,58,1
2026-04-22,000001,13:50:27,10.9900,5,2
2026-04-22,000001,13:50:30,11.0000,74,1
2026-04-22,000001,13:50:33,10.9900,10,2
2026-04-22,000001,13:50:36,10.9900,96,2
2026-04-22,000001,13:50:39,10.9900,322,2
2026-04-22,000001,13:50:45,11.0000,110,1
2026-04-22,000001,13:50:48,11.0000,3,1
2026-04-22,000001,13:50:51,10.9900,81,2
2026-04-22,000001,13:50:54,10.9900,1526,2
2026-04-22,000001,13:51:00,10.9900,2,2
2026-04-22,000001,13:51:03,11.0000,26,1
2026-04-22,000001,13:51:06,11.0000,50,1
2026-04-22,000001,13:51:09,10.9900,19,2
2026-04-22,000001,13:51:12,10.9900,911,2
2026-04-22,000001,13:51:15,10.9900,88,2
2026-04-22,000001,13:51:18,10.9900,66,2
2026-04-22,000001,13:51:21,10.9900,81,2
2026-04-22,000001,13:51:24,10.9900,6,2
2026-04-22,000001,13:51:27,10.9900,311,2
2026-04-22,000001,13:51:30,10.9900,54,2
2026-04-22,000001,13:51:33,10.9900,8,2
2026-04-22,000001,13:51:36,10.9900,20,2
2026-04-22,000001,13:51:42,11.0000,25,1
2026-04-22,000001,13:51:45,10.9900,699,2
2026-04-22,000001,13:51:48,10.9900,117,1
2026-04-22,000001,13:51:51,10.9900,39,2
2026-04-22,000001,13:51:54,10.9900,32,2
2026-04-22,000001,13:51:57,10.9900,21,2
2026-04-22,000001,13:52:00,10.9900,71,2
2026-04-22,000001,13:52:03,10.9900,27,2
2026-04-22,000001,13:52:06,10.9900,20,2
2026-04-22,000001,13:52:15,10.9900,1061,2
2026-04-22,000001,13:52:18,10.9900,22,2
2026-04-22,000001,13:52:21,10.9900,77,2
2026-04-22,000001,13:52:24,10.9800,81,2
2026-04-22,000001,13:52:27,10.9800,62,2
2026-04-22,000001,13:52:30,10.9900,26,1
2026-04-22,000001,13:52:33,10.9900,3,1
2026-04-22,000001,13:52:36,10.9800,19452,2
2026-04-22,000001,13:52:39,10.9800,124,1
2026-04-22,000001,13:52:42,10.9800,1154,1
2026-04-22,000001,13:52:45,10.9800,33,1
2026-04-22,000001,13:52:48,10.9800,202,1
2026-04-22,000001,13:52:51,10.9800,54,1
2026-04-22,000001,13:52:54,10.9800,38,1
2026-04-22,000001,13:52:57,10.9800,10328,1
2026-04-22,000001,13:53:00,10.9700,127,2
2026-04-22,000001,13:53:03,10.9800,155,1
2026-04-22,000001,13:53:06,10.9800,44,1
2026-04-22,000001,13:53:09,10.9800,12,1
2026-04-22,000001,13:53:12,10.9700,41,2
2026-04-22,000001,13:53:15,10.9700,14,2
2026-04-22,000001,13:53:18,10.9700,1620,2
2026-04-22,000001,13:53:21,10.9800,115,1
2026-04-22,000001,13:53:24,10.9700,13,2
2026-04-22,000001,13:53:27,10.9800,32,1
2026-04-22,000001,13:53:30,10.9800,20,1
2026-04-22,000001,13:53:33,10.9700,8,2
2026-04-22,000001,13:53:36,10.9700,25,2
2026-04-22,000001,13:53:39,10.9800,2300,1
2026-04-22,000001,13:53:42,10.9800,237,1
2026-04-22,000001,13:53:45,10.9700,65,2
2026-04-22,000001,13:53:48,10.9800,71,1
2026-04-22,000001,13:53:51,10.9700,72,2
2026-04-22,000001,13:53:54,10.9800,10,1
2026-04-22,000001,13:53:57,10.9700,460,2
2026-04-22,000001,13:54:00,10.9800,2261,1
2026-04-22,000001,13:54:03,10.9800,18,1
2026-04-22,000001,13:54:06,10.9800,28,1
2026-04-22,000001,13:54:09,10.9800,39,1
2026-04-22,000001,13:54:12,10.9700,25,2
2026-04-22,000001,13:54:15,10.9800,47,1
2026-04-22,000001,13:54:18,10.9800,470,1
2026-04-22,000001,13:54:21,10.9700,6,2
2026-04-22,000001,13:54:24,10.9800,3721,1
2026-04-22,000001,13:54:27,10.9700,63,2
2026-04-22,000001,13:54:30,10.9700,116,2
2026-04-22,000001,13:54:33,10.9800,23,1
2026-04-22,000001,13:54:36,10.9800,127,1
2026-04-22,000001,13:54:39,10.9700,56,2
2026-04-22,000001,13:54:42,10.9700,80,2
2026-04-22,000001,13:54:45,10.9800,1274,1
2026-04-22,000001,13:54:48,10.9700,22,2
2026-04-22,000001,13:54:51,10.9700,6,2
2026-04-22,000001,13:54:54,10.9800,160,1
2026-04-22,000001,13:55:00,10.9700,1857,2
2026-04-22,000001,13:55:03,10.9800,1,1
2026-04-22,000001,13:55:06,10.9800,577,1
2026-04-22,000001,13:55:09,10.9700,29,2
2026-04-22,000001,13:55:12,10.9700,68,2
2026-04-22,000001,13:55:15,10.9800,10,1
2026-04-22,000001,13:55:18,10.9700,25,2
2026-04-22,000001,13:55:21,10.9800,2405,1
2026-04-22,000001,13:55:24,10.9700,539,2
2026-04-22,000001,13:55:27,10.9700,29,2
2026-04-22,000001,13:55:30,10.9700,6,2
2026-04-22,000001,13:55:33,10.9700,10,2
2026-04-22,000001,13:55:36,10.9700,10,2
2026-04-22,000001,13:55:39,10.9700,535,2
2026-04-22,000001,13:55:42,10.9700,580,2
2026-04-22,000001,13:55:45,10.9700,26,2
2026-04-22,000001,13:55:48,10.9700,6,2
2026-04-22,000001,13:55:51,10.9700,18,2
2026-04-22,000001,13:55:54,10.9700,237,2
2026-04-22,000001,13:55:57,10.9700,96,2
2026-04-22,000001,13:56:00,10.9700,893,2
2026-04-22,000001,13:56:03,10.9700,533,1
2026-04-22,000001,13:56:06,10.9800,30,1
2026-04-22,000001,13:56:09,10.9700,60,2
2026-04-22,000001,13:56:12,10.9700,31,2
2026-04-22,000001,13:56:15,10.9800,1,1
2026-04-22,000001,13:56:18,10.9700,836,2
2026-04-22,000001,13:56:21,10.9700,217,2
2026-04-22,000001,13:56:24,10.9700,6,2
2026-04-22,000001,13:56:27,10.9700,10,2
2026-04-22,000001,13:56:30,10.9800,60,1
2026-04-22,000001,13:56:33,10.9700,20,2
2026-04-22,000001,13:56:36,10.9800,100,1
2026-04-22,000001,13:56:39,10.9700,832,2
2026-04-22,000001,13:56:45,10.9700,13,2
2026-04-22,000001,13:56:48,10.9800,27,1
2026-04-22,000001,13:56:51,10.9800,10,1
2026-04-22,000001,13:56:54,10.9800,5,1
2026-04-22,000001,13:56:57,10.9700,30,2
2026-04-22,000001,13:57:00,10.9700,2069,2
2026-04-22,000001,13:57:03,10.9700,85,2
2026-04-22,000001,13:57:06,10.9700,73,2
2026-04-22,000001,13:57:09,10.9800,16,1
2026-04-22,000001,13:57:12,10.9800,1,1
2026-04-22,000001,13:57:15,10.9700,3,2
2026-04-22,000001,13:57:18,10.9700,627,2
2026-04-22,000001,13:57:21,10.9700,18,2
2026-04-22,000001,13:57:24,10.9700,170,2
2026-04-22,000001,13:57:30,10.9700,1,2
2026-04-22,000001,13:57:36,10.9700,17,2
2026-04-22,000001,13:57:39,10.9800,1281,1
2026-04-22,000001,13:57:42,10.9700,232,2
2026-04-22,000001,13:57:45,10.9700,20,2
2026-04-22,000001,13:57:48,10.9700,137,2
2026-04-22,000001,13:57:51,10.9700,14,2
2026-04-22,000001,13:57:54,10.9800,28,1
2026-04-22,000001,13:57:57,10.9700,275,2
2026-04-22,000001,13:58:00,10.9700,1027,2
2026-04-22,000001,13:58:03,10.9700,272,2
2026-04-22,000001,13:58:06,10.9700,197,1
2026-04-22,000001,13:58:09,10.9700,28,2
2026-04-22,000001,13:58:12,10.9800,208,1
2026-04-22,000001,13:58:15,10.9700,41,2
2026-04-22,000001,13:58:18,10.9800,186,1
2026-04-22,000001,13:58:21,10.9700,55,2
2026-04-22,000001,13:58:24,10.9800,83,1
2026-04-22,000001,13:58:27,10.9700,5,2
2026-04-22,000001,13:58:30,10.9700,13,2
2026-04-22,000001,13:58:33,10.9700,104,2
2026-04-22,000001,13:58:36,10.9700,27,2
2026-04-22,000001,13:58:39,10.9700,982,2
2026-04-22,000001,13:58:42,10.9700,38,2
2026-04-22,000001,13:58:45,10.9700,18,2
2026-04-22,000001,13:58:51,10.9700,45,2
2026-04-22,000001,13:58:54,10.9800,42,1
2026-04-22,000001,13:58:57,10.9700,426,2
2026-04-22,000001,13:59:00,10.9800,412,1
2026-04-22,000001,13:59:03,10.9800,71,1
2026-04-22,000001,13:59:06,10.9800,19,1
2026-04-22,000001,13:59:09,10.9800,261,1
2026-04-22,000001,13:59:12,10.9700,561,2
2026-04-22,000001,13:59:15,10.9600,25436,2
2026-04-22,000001,13:59:18,10.9600,512,1
2026-04-22,000001,13:59:21,10.9500,115,2
2026-04-22,000001,13:59:24,10.9600,768,1
2026-04-22,000001,13:59:27,10.9600,81,2
2026-04-22,000001,13:59:30,10.9600,261,2
2026-04-22,000001,13:59:33,10.9600,316,2
2026-04-22,000001,13:59:36,10.9600,14,2
2026-04-22,000001,13:59:39,10.9600,17,2
2026-04-22,000001,13:59:42,10.9600,403,2
2026-04-22,000001,13:59:45,10.9700,15,1
2026-04-22,000001,13:59:48,10.9600,24,2
2026-04-22,000001,13:59:51,10.9700,618,1
2026-04-22,000001,13:59:54,10.9600,292,2
2026-04-22,000001,13:59:57,10.9600,12,2
2026-04-22,000001,14:00:00,10.9600,128,2
2026-04-22,000001,14:00:03,10.9600,59,2
2026-04-22,000001,14:00:06,10.9600,137,2
2026-04-22,000001,14:00:09,10.9700,715,1
2026-04-22,000001,14:00:12,10.9600,16,2
2026-04-22,000001,14:00:15,10.9600,66,2
2026-04-22,000001,14:00:18,10.9600,23,2
2026-04-22,000001,14:00:21,10.9600,23,2
2026-04-22,000001,14:00:27,10.9600,17,2
2026-04-22,000001,14:00:30,10.9600,983,2
2026-04-22,000001,14:00:33,10.9600,168,2
2026-04-22,000001,14:00:36,10.9600,28,2
2026-04-22,000001,14:00:39,10.9600,929,2
2026-04-22,000001,14:00:42,10.9600,157,1
2026-04-22,000001,14:00:45,10.9600,604,1
2026-04-22,000001,14:00:48,10.9600,176,1
2026-04-22,000001,14:00:51,10.9600,55,1
2026-04-22,000001,14:00:54,10.9600,392,1
2026-04-22,000001,14:00:57,10.9600,330,2
2026-04-22,000001,14:01:00,10.9700,23,1
2026-04-22,000001,14:01:03,10.9600,467,2
2026-04-22,000001,14:01:06,10.9600,15,2
2026-04-22,000001,14:01:09,10.9600,50,2
2026-04-22,000001,14:01:12,10.9600,3,2
2026-04-22,000001,14:01:15,10.9700,679,1
2026-04-22,000001,14:01:18,10.9700,37,1
2026-04-22,000001,14:01:21,10.9700,19,1
2026-04-22,000001,14:01:24,10.9700,23,1
2026-04-22,000001,14:01:27,10.9600,301,2
2026-04-22,000001,14:01:30,10.9600,2113,2
2026-04-22,000001,14:01:33,10.9600,52,2
2026-04-22,000001,14:01:36,10.9700,513,1
2026-04-22,000001,14:01:39,10.9600,105,2
2026-04-22,000001,14:01:42,10.9600,9,2
2026-04-22,000001,14:01:45,10.9600,209,2
2026-04-22,000001,14:01:48,10.9600,33,2
2026-04-22,000001,14:01:51,10.9700,10,1
2026-04-22,000001,14:01:54,10.9700,25,1
2026-04-22,000001,14:01:57,10.9600,10,2
2026-04-22,000001,14:02:00,10.9600,48,2
2026-04-22,000001,14:02:03,10.9700,18,1
2026-04-22,000001,14:02:06,10.9700,48,1
2026-04-22,000001,14:02:12,10.9600,2930,2
2026-04-22,000001,14:02:15,10.9600,273,2
2026-04-22,000001,14:02:18,10.9600,147,1
2026-04-22,000001,14:02:21,10.9600,297,1
2026-04-22,000001,14:02:24,10.9600,69,1
2026-04-22,000001,14:02:27,10.9500,236,2
2026-04-22,000001,14:02:30,10.9500,253,2
2026-04-22,000001,14:02:33,10.9600,104,1
2026-04-22,000001,14:02:36,10.9600,60,1
2026-04-22,000001,14:02:39,10.9600,66,1
2026-04-22,000001,14:02:42,10.9500,60,2
2026-04-22,000001,14:02:45,10.9600,31,1
2026-04-22,000001,14:02:48,10.9600,208,2
2026-04-22,000001,14:02:51,10.9700,11,1
2026-04-22,000001,14:02:54,10.9600,21,2
2026-04-22,000001,14:02:57,10.9700,276,1
2026-04-22,000001,14:03:00,10.9600,29,2
2026-04-22,000001,14:03:03,10.9700,139,1
2026-04-22,000001,14:03:06,10.9700,95,1
2026-04-22,000001,14:03:09,10.9700,538,1
2026-04-22,000001,14:03:12,10.9700,964,1
2026-04-22,000001,14:03:15,10.9700,89,1
2026-04-22,000001,14:03:18,10.9700,73,1
2026-04-22,000001,14:03:21,10.9700,15,1
2026-04-22,000001,14:03:24,10.9600,66,2
2026-04-22,000001,14:03:27,10.9700,39,1
2026-04-22,000001,14:03:30,10.9700,1004,1
2026-04-22,000001,14:03:33,10.9700,4,1
2026-04-22,000001,14:03:39,10.9700,40,1
2026-04-22,000001,14:03:42,10.9700,11,1
2026-04-22,000001,14:03:48,10.9700,64,1
2026-04-22,000001,14:03:51,10.9600,16,2
2026-04-22,000001,14:03:54,10.9600,2557,2
2026-04-22,000001,14:03:57,10.9700,488,1
2026-04-22,000001,14:04:00,10.9600,42,2
2026-04-22,000001,14:04:03,10.9700,30,1
2026-04-22,000001,14:04:09,10.9600,34,2
2026-04-22,000001,10:33:36,11.0300,139,1
2026-04-22,000001,10:33:39,11.0300,18,1
2026-04-22,000001,10:33:42,11.0300,130,1
2026-04-22,000001,10:33:45,11.0300,46,1
2026-04-22,000001,10:33:48,11.0300,6,1
2026-04-22,000001,10:33:51,11.0200,153,2
2026-04-22,000001,10:33:57,11.0300,62,1
2026-04-22,000001,10:34:03,11.0300,17,1
2026-04-22,000001,10:34:09,11.0300,39,1
2026-04-22,000001,10:34:12,11.0300,21,1
2026-04-22,000001,10:34:15,11.0300,58,1
2026-04-22,000001,10:34:18,11.0300,8,1
2026-04-22,000001,10:34:21,11.0300,205,1
2026-04-22,000001,10:34:24,11.0200,16,2
2026-04-22,000001,10:34:27,11.0300,1,1
2026-04-22,000001,10:34:33,11.0200,46,2
2026-04-22,000001,10:34:36,11.0200,74,2
2026-04-22,000001,10:34:39,11.0300,84,1
2026-04-22,000001,10:34:42,11.0300,2,1
2026-04-22,000001,10:34:45,11.0200,5,2
2026-04-22,000001,10:34:48,11.0300,8,1
2026-04-22,000001,10:34:54,11.0300,31,1
2026-04-22,000001,10:34:57,11.0300,182,1
2026-04-22,000001,10:35:00,11.0200,73,2
2026-04-22,000001,10:35:03,11.0300,54,1
2026-04-22,000001,10:35:06,11.0300,17,1
2026-04-22,000001,10:35:09,11.0300,52,1
2026-04-22,000001,10:35:12,11.0300,5,1
2026-04-22,000001,10:35:15,11.0300,14,1
2026-04-22,000001,10:35:18,11.0200,4,2
2026-04-22,000001,10:35:21,11.0300,38,1
2026-04-22,000001,10:35:24,11.0300,11,1
2026-04-22,000001,10:35:27,11.0200,52,2
2026-04-22,000001,10:35:30,11.0300,10,1
2026-04-22,000001,10:35:33,11.0300,10,1
2026-04-22,000001,10:35:36,11.0300,18,1
2026-04-22,000001,10:35:39,11.0200,16,2
2026-04-22,000001,10:35:42,11.0300,61,1
2026-04-22,000001,10:35:45,11.0300,106,1
2026-04-22,000001,10:35:48,11.0300,57,1
2026-04-22,000001,10:35:51,11.0200,2,2
2026-04-22,000001,10:35:54,11.0300,25,1
2026-04-22,000001,10:35:57,11.0300,24,1
2026-04-22,000001,10:36:00,11.0300,14,1
2026-04-22,000001,10:36:03,11.0300,219,1
2026-04-22,000001,10:36:06,11.0300,16,1
2026-04-22,000001,10:36:09,11.0300,3,1
2026-04-22,000001,10:36:12,11.0300,6,1
2026-04-22,000001,10:36:15,11.0200,22,2
2026-04-22,000001,10:36:18,11.0300,118,1
2026-04-22,000001,10:36:21,11.0300,53,1
2026-04-22,000001,10:36:24,11.0300,14,1
2026-04-22,000001,10:36:27,11.0300,50,1
2026-04-22,000001,10:36:33,11.0300,19,1
2026-04-22,000001,10:36:36,11.0300,37,1
2026-04-22,000001,10:36:39,11.0300,56,1
2026-04-22,000001,10:36:42,11.0300,27,1
2026-04-22,000001,10:36:45,11.0300,61,1
2026-04-22,000001,10:36:48,11.0300,111,1
2026-04-22,000001,10:36:51,11.0200,29,2
2026-04-22,000001,10:36:54,11.0300,10,1
2026-04-22,000001,10:36:57,11.0300,111,1
2026-04-22,000001,10:37:00,11.0300,48,1
2026-04-22,000001,10:37:03,11.0300,90,1
2026-04-22,000001,10:37:06,11.0300,141,1
2026-04-22,000001,10:37:09,11.0300,8,1
2026-04-22,000001,10:37:12,11.0200,40,2
2026-04-22,000001,10:37:15,11.0300,68,1
2026-04-22,000001,10:37:21,11.0200,48,2
2026-04-22,000001,10:37:24,11.0300,200,1
2026-04-22,000001,10:37:27,11.0300,90,1
2026-04-22,000001,10:37:30,11.0200,20,2
2026-04-22,000001,10:37:33,11.0300,122,1
2026-04-22,000001,10:37:36,11.0300,54,1
2026-04-22,000001,10:37:39,11.0300,22,1
2026-04-22,000001,10:37:42,11.0300,23,1
2026-04-22,000001,10:37:45,11.0300,27,1
2026-04-22,000001,10:37:48,11.0300,5,1
2026-04-22,000001,10:37:51,11.0300,20,1
2026-04-22,000001,10:37:54,11.0300,13,1
2026-04-22,000001,10:37:57,11.0200,184,2
2026-04-22,000001,10:38:00,11.0300,6,1
2026-04-22,000001,10:38:03,11.0300,160,1
2026-04-22,000001,10:38:06,11.0300,95,1
2026-04-22,000001,10:38:09,11.0300,31,1
2026-04-22,000001,10:38:12,11.0300,29,1
2026-04-22,000001,10:38:18,11.0300,26,1
2026-04-22,000001,10:38:21,11.0300,21,1
2026-04-22,000001,10:38:24,11.0200,46,2
2026-04-22,000001,10:38:27,11.0200,28,2
2026-04-22,000001,10:38:30,11.0300,11,1
2026-04-22,000001,10:38:33,11.0300,34,1
2026-04-22,000001,10:38:36,11.0300,241,1
2026-04-22,000001,10:38:39,11.0300,55,1
2026-04-22,000001,10:38:42,11.0300,25,1
2026-04-22,000001,10:38:45,11.0300,349,1
2026-04-22,000001,10:38:48,11.0300,12,1
2026-04-22,000001,10:38:51,11.0300,35,1
2026-04-22,000001,10:38:54,11.0300,5,1
2026-04-22,000001,10:38:57,11.0300,28,1
2026-04-22,000001,10:39:00,11.0200,66,2
2026-04-22,000001,10:39:03,11.0300,154,1
2026-04-22,000001,10:39:06,11.0300,116,1
2026-04-22,000001,10:39:09,11.0300,78,1
2026-04-22,000001,10:39:12,11.0300,127,1
2026-04-22,000001,10:39:15,11.0300,231,1
2026-04-22,000001,10:39:18,11.0200,14,2
2026-04-22,000001,10:39:21,11.0300,97,1
2026-04-22,000001,10:39:24,11.0300,20,1
2026-04-22,000001,10:39:30,11.0300,8,1
2026-04-22,000001,10:39:33,11.0300,201,1
2026-04-22,000001,10:39:36,11.0200,21,2
2026-04-22,000001,10:39:39,11.0200,121,2
2026-04-22,000001,10:39:42,11.0300,18,1
2026-04-22,000001,10:39:45,11.0300,22,1
2026-04-22,000001,10:39:48,11.0200,44,2
2026-04-22,000001,10:39:54,11.0300,4,1
2026-04-22,000001,10:39:57,11.0300,106,1
2026-04-22,000001,10:40:00,11.0300,59,1
2026-04-22,000001,10:40:03,11.0300,15,1
2026-04-22,000001,10:40:06,11.0300,8,1
2026-04-22,000001,10:40:09,11.0300,19,1
2026-04-22,000001,10:40:12,11.0300,21,1
2026-04-22,000001,10:40:15,11.0300,139,1
2026-04-22,000001,10:40:18,11.0300,27,1
2026-04-22,000001,10:40:21,11.0300,68,1
2026-04-22,000001,10:40:24,11.0300,150,1
2026-04-22,000001,10:40:27,11.0300,5,1
2026-04-22,000001,10:40:30,11.0300,29,1
2026-04-22,000001,10:40:33,11.0300,20,1
2026-04-22,000001,10:40:36,11.0300,21,1
2026-04-22,000001,10:40:39,11.0300,30,1
2026-04-22,000001,10:40:42,11.0300,23,1
2026-04-22,000001,10:40:45,11.0200,38,2
2026-04-22,000001,10:40:48,11.0300,3,1
2026-04-22,000001,10:40:51,11.0300,2,1
2026-04-22,000001,10:40:57,11.0300,61,1
2026-04-22,000001,10:41:00,11.0200,48,2
2026-04-22,000001,10:41:03,11.0300,35,1
2026-04-22,000001,10:41:06,11.0300,21,1
2026-04-22,000001,10:41:09,11.0300,119,1
2026-04-22,000001,10:41:12,11.0300,15,1
2026-04-22,000001,10:41:15,11.0300,119,1
2026-04-22,000001,10:41:18,11.0200,14,2
2026-04-22,000001,10:41:21,11.0200,75,2
2026-04-22,000001,10:41:27,11.0300,11,1
2026-04-22,000001,10:41:30,11.0300,69,1
2026-04-22,000001,10:41:33,11.0300,72,1
2026-04-22,000001,10:41:36,11.0300,28,1
2026-04-22,000001,10:41:39,11.0300,18,1
2026-04-22,000001,10:41:42,11.0200,54,2
2026-04-22,000001,10:41:45,11.0300,81,1
2026-04-22,000001,10:41:48,11.0300,59,1
2026-04-22,000001,10:41:51,11.0200,150,2
2026-04-22,000001,10:41:54,11.0300,109,1
2026-04-22,000001,10:41:57,11.0300,137,1
2026-04-22,000001,10:42:00,11.0300,22,1
2026-04-22,000001,10:42:03,11.0300,119,1
2026-04-22,000001,10:42:06,11.0300,5,1
2026-04-22,000001,10:42:09,11.0300,72,1
2026-04-22,000001,10:42:12,11.0300,203,1
2026-04-22,000001,10:42:15,11.0300,6,1
2026-04-22,000001,10:42:18,11.0200,15,2
2026-04-22,000001,10:42:21,11.0300,13,1
2026-04-22,000001,10:42:27,11.0200,65,2
2026-04-22,000001,10:42:30,11.0200,113,2
2026-04-22,000001,10:42:33,11.0200,442,2
2026-04-22,000001,10:42:36,11.0300,27,1
2026-04-22,000001,10:42:39,11.0200,35,2
2026-04-22,000001,10:42:42,11.0300,22,1
2026-04-22,000001,10:42:45,11.0200,29,2
2026-04-22,000001,10:42:48,11.0200,13,2
2026-04-22,000001,10:42:51,11.0200,29,2
2026-04-22,000001,10:42:54,11.0200,3,2
2026-04-22,000001,10:42:57,11.0200,30,2
2026-04-22,000001,10:43:00,11.0200,35,2
2026-04-22,000001,10:43:03,11.0200,63,2
2026-04-22,000001,10:43:06,11.0200,27,2
2026-04-22,000001,10:43:09,11.0200,9,2
2026-04-22,000001,10:43:12,11.0300,25,1
2026-04-22,000001,10:43:15,11.0300,13,1
2026-04-22,000001,10:43:18,11.0200,64,2
2026-04-22,000001,10:43:21,11.0300,5,1
2026-04-22,000001,10:43:27,11.0300,14,1
2026-04-22,000001,10:43:30,11.0200,7,2
2026-04-22,000001,10:43:33,11.0300,64,1
2026-04-22,000001,10:43:36,11.0300,191,1
2026-04-22,000001,10:43:39,11.0300,55,1
2026-04-22,000001,10:43:42,11.0300,220,1
2026-04-22,000001,10:43:45,11.0300,21,1
2026-04-22,000001,10:43:48,11.0300,21,1
2026-04-22,000001,10:43:51,11.0200,7,2
2026-04-22,000001,10:43:54,11.0300,6,1
2026-04-22,000001,10:44:00,11.0300,25,1
2026-04-22,000001,10:44:03,11.0300,156,1
2026-04-22,000001,10:44:06,11.0300,65,1
2026-04-22,000001,10:44:09,11.0300,331,1
2026-04-22,000001,10:44:12,11.0300,19,1
2026-04-22,000001,10:44:15,11.0200,38,2
2026-04-22,000001,10:44:18,11.0200,14,2
2026-04-22,000001,10:44:21,11.0300,13,1
2026-04-22,000001,10:44:27,11.0300,18,1
2026-04-22,000001,10:44:30,11.0200,16,2
2026-04-22,000001,10:44:33,11.0200,149,2
2026-04-22,000001,10:44:36,11.0200,88,2
2026-04-22,000001,10:44:39,11.0300,30,1
2026-04-22,000001,10:44:42,11.0300,76,1
2026-04-22,000001,10:44:45,11.0200,92,2
2026-04-22,000001,10:44:48,11.0300,16,1
2026-04-22,000001,10:44:51,11.0300,1,1
2026-04-22,000001,10:44:54,11.0300,23,1
2026-04-22,000001,10:44:57,11.0300,1,1
2026-04-22,000001,10:45:00,11.0300,102,1
2026-04-22,000001,10:45:03,11.0300,70,1
2026-04-22,000001,10:45:06,11.0300,31,1
2026-04-22,000001,10:45:09,11.0300,20,1
2026-04-22,000001,10:45:12,11.0300,53,1
2026-04-22,000001,10:45:15,11.0300,50,1
2026-04-22,000001,10:45:18,11.0300,1,1
2026-04-22,000001,10:45:24,11.0300,92,1
2026-04-22,000001,10:45:27,11.0300,271,1
2026-04-22,000001,10:45:30,11.0200,78,2
2026-04-22,000001,10:45:33,11.0300,14,1
2026-04-22,000001,10:45:36,11.0200,135,2
2026-04-22,000001,10:45:39,11.0200,12,2
2026-04-22,000001,10:45:42,11.0300,37,1
2026-04-22,000001,10:45:45,11.0300,29,1
2026-04-22,000001,10:45:48,11.0300,86,1
2026-04-22,000001,10:45:51,11.0200,9,2
2026-04-22,000001,10:45:54,11.0200,39,2
2026-04-22,000001,10:45:57,11.0300,322,1
2026-04-22,000001,10:46:00,11.0300,83,1
2026-04-22,000001,10:46:03,11.0300,66,1
2026-04-22,000001,10:46:06,11.0300,34,1
2026-04-22,000001,10:46:09,11.0300,40,1
2026-04-22,000001,10:46:12,11.0200,44,2
2026-04-22,000001,10:46:15,11.0300,20,1
2026-04-22,000001,10:46:18,11.0200,21,2
2026-04-22,000001,10:46:24,11.0300,40,1
2026-04-22,000001,10:46:27,11.0300,605,1
2026-04-22,000001,10:46:30,11.0300,200,1
2026-04-22,000001,10:46:33,11.0300,53,1
2026-04-22,000001,10:46:36,11.0200,91,2
2026-04-22,000001,10:46:39,11.0300,15,1
2026-04-22,000001,10:46:42,11.0300,15,1
2026-04-22,000001,10:46:45,11.0300,24,1
2026-04-22,000001,10:46:48,11.0300,34,1
2026-04-22,000001,10:46:51,11.0300,106,1
2026-04-22,000001,10:46:54,11.0300,13,1
2026-04-22,000001,10:46:57,11.0300,20,1
2026-04-22,000001,10:47:00,11.0300,1,1
2026-04-22,000001,10:47:03,11.0300,60,1
2026-04-22,000001,10:47:06,11.0300,74,1
2026-04-22,000001,10:47:09,11.0300,235,1
2026-04-22,000001,10:47:12,11.0300,51,2
2026-04-22,000001,10:47:15,11.0400,72,1
2026-04-22,000001,10:47:18,11.0300,99,2
2026-04-22,000001,10:47:21,11.0300,41,2
2026-04-22,000001,10:47:24,11.0300,50,2
2026-04-22,000001,10:47:27,11.0300,47,2
2026-04-22,000001,10:47:30,11.0300,10,2
2026-04-22,000001,10:47:33,11.0300,98,2
2026-04-22,000001,10:47:36,11.0300,16,2
2026-04-22,000001,10:47:39,11.0400,36,1
2026-04-22,000001,10:47:42,11.0400,22,1
2026-04-22,000001,10:47:45,11.0400,1,1
2026-04-22,000001,10:47:48,11.0300,10,2
2026-04-22,000001,10:47:51,11.0400,339,1
2026-04-22,000001,10:47:57,11.0300,17,2
2026-04-22,000001,10:48:03,11.0400,31,1
2026-04-22,000001,10:48:06,11.0400,34,1
2026-04-22,000001,10:48:09,11.0300,19,2
2026-04-22,000001,10:48:12,11.0400,21,1
2026-04-22,000001,10:48:15,11.0400,31,1
2026-04-22,000001,10:48:18,11.0300,4,2
2026-04-22,000001,10:48:24,11.0300,195,2
2026-04-22,000001,10:48:33,11.0400,28,1
2026-04-22,000001,10:48:36,11.0400,12,1
2026-04-22,000001,10:48:39,11.0300,3,2
2026-04-22,000001,10:48:42,11.0400,28,1
2026-04-22,000001,10:48:45,11.0400,28,1
2026-04-22,000001,10:48:51,11.0400,4,1
2026-04-22,000001,10:48:54,11.0400,4,1
2026-04-22,000001,10:49:00,11.0400,4,1
2026-04-22,000001,10:49:03,11.0400,123,1
2026-04-22,000001,10:49:06,11.0300,62,2
2026-04-22,000001,10:49:09,11.0400,70,1
2026-04-22,000001,10:49:12,11.0400,15,1
2026-04-22,000001,10:49:15,11.0400,127,1
2026-04-22,000001,10:49:18,11.0300,20,2
2026-04-22,000001,10:49:24,11.0400,139,1
2026-04-22,000001,10:49:33,11.0400,84,1
2026-04-22,000001,10:49:36,11.0300,42,2
2026-04-22,000001,10:49:39,11.0300,14,2
2026-04-22,000001,10:49:42,11.0300,61,2
2026-04-22,000001,10:49:45,11.0400,1,1
2026-04-22,000001,10:49:48,11.0300,3787,2
2026-04-22,000001,10:49:51,11.0300,1480,2
2026-04-22,000001,10:49:54,11.0300,104,2
2026-04-22,000001,10:49:57,11.0300,48,2
2026-04-22,000001,10:50:00,11.0400,10,1
2026-04-22,000001,10:50:03,11.0300,100,2
2026-04-22,000001,10:50:06,11.0400,52,1
2026-04-22,000001,10:50:09,11.0300,44,2
2026-04-22,000001,10:50:15,11.0300,1,2
2026-04-22,000001,10:50:21,11.0400,1,1
2026-04-22,000001,10:50:24,11.0300,20,2
2026-04-22,000001,10:50:27,11.0400,27,1
2026-04-22,000001,10:50:36,11.0400,28,1
2026-04-22,000001,10:50:39,11.0300,1,2
2026-04-22,000001,10:50:42,11.0400,3,1
2026-04-22,000001,10:50:48,11.0300,10,2
2026-04-22,000001,10:50:51,11.0400,7,1
2026-04-22,000001,10:50:54,11.0300,26,2
2026-04-22,000001,10:51:03,11.0300,92,2
2026-04-22,000001,10:51:06,11.0300,10,2
2026-04-22,000001,10:51:12,11.0400,9,1
2026-04-22,000001,10:51:24,11.0300,6,2
2026-04-22,000001,10:51:30,11.0400,5,1
2026-04-22,000001,10:51:33,11.0400,2,1
2026-04-22,000001,10:51:36,11.0300,13,2
2026-04-22,000001,10:51:39,11.0400,28,1
2026-04-22,000001,10:51:45,11.0300,1000,2
2026-04-22,000001,10:51:48,11.0300,16,2
2026-04-22,000001,10:51:54,11.0300,1,2
2026-04-22,000001,10:51:57,11.0300,122,2
2026-04-22,000001,10:52:00,11.0300,2,2
2026-04-22,000001,10:52:03,11.0300,72,2
2026-04-22,000001,10:52:06,11.0300,167,2
2026-04-22,000001,10:52:12,11.0400,28,1
2026-04-22,000001,10:52:21,11.0400,6,1
2026-04-22,000001,10:52:27,11.0400,10,1
2026-04-22,000001,10:52:30,11.0300,1,2
2026-04-22,000001,10:52:33,11.0400,22,1
2026-04-22,000001,10:52:42,11.0300,10,2
2026-04-22,000001,10:52:45,11.0400,752,1
2026-04-22,000001,10:52:51,11.0300,4,2
2026-04-22,000001,10:53:00,11.0400,16,1
2026-04-22,000001,10:53:03,11.0300,27,2
2026-04-22,000001,10:53:09,11.0300,348,2
2026-04-22,000001,10:53:12,11.0400,67,1
2026-04-22,000001,10:53:15,11.0300,5,2
2026-04-22,000001,10:53:21,11.0400,22,1
2026-04-22,000001,10:53:24,11.0300,4,2
2026-04-22,000001,10:53:27,11.0300,12,2
2026-04-22,000001,10:53:30,11.0300,9,2
2026-04-22,000001,10:53:36,11.0400,22,1
2026-04-22,000001,10:53:42,11.0400,23,1
2026-04-22,000001,10:53:45,11.0300,1,2
2026-04-22,000001,10:53:51,11.0400,112,1
2026-04-22,000001,10:54:00,11.0400,55,1
2026-04-22,000001,10:54:06,11.0300,20,2
2026-04-22,000001,10:54:12,11.0400,5,1
2026-04-22,000001,10:54:15,11.0400,7,1
2026-04-22,000001,10:54:27,11.0400,22,1
2026-04-22,000001,10:54:30,11.0400,30,1
2026-04-22,000001,10:54:33,11.0300,3,2
2026-04-22,000001,10:54:36,11.0300,28,2
2026-04-22,000001,10:54:39,11.0300,10,2
2026-04-22,000001,10:54:42,11.0400,6,1
2026-04-22,000001,10:54:45,11.0300,127,2
2026-04-22,000001,10:54:51,11.0300,28,2
2026-04-22,000001,10:54:54,11.0300,20,2
2026-04-22,000001,10:54:57,11.0300,29,2
2026-04-22,000001,10:55:00,11.0300,13,2
2026-04-22,000001,10:55:03,11.0300,33,2
2026-04-22,000001,10:55:12,11.0300,356,2
2026-04-22,000001,10:55:18,11.0300,18,2
2026-04-22,000001,10:55:21,11.0300,36,2
2026-04-22,000001,10:55:24,11.0300,35,2
2026-04-22,000001,10:55:27,11.0300,19,2
2026-04-22,000001,10:55:33,11.0300,2,2
2026-04-22,000001,10:55:39,11.0400,143,1
2026-04-22,000001,10:55:42,11.0300,18,2
2026-04-22,000001,10:55:45,11.0400,29,1
2026-04-22,000001,10:55:48,11.0400,9,1
2026-04-22,000001,10:55:51,11.0300,15,2
2026-04-22,000001,10:55:54,11.0300,18,2
2026-04-22,000001,10:55:57,11.0400,168,1
2026-04-22,000001,10:56:03,11.0400,1147,1
2026-04-22,000001,10:56:06,11.0400,43,2
2026-04-22,000001,10:56:09,11.0400,3,2
2026-04-22,000001,10:56:12,11.0500,28,1
2026-04-22,000001,10:56:18,11.0400,35,2
2026-04-22,000001,10:56:24,11.0400,16,2
2026-04-22,000001,10:56:36,11.0500,64,1
2026-04-22,000001,10:56:39,11.0400,40,2
2026-04-22,000001,10:56:54,11.0500,10,1
2026-04-22,000001,10:57:03,11.0400,406,2
2026-04-22,000001,10:57:06,11.0400,12,2
2026-04-22,000001,10:57:09,11.0400,15,2
2026-04-22,000001,10:57:12,11.0500,49,1
2026-04-22,000001,10:57:15,11.0500,14,1
2026-04-22,000001,10:57:18,11.0400,230,2
2026-04-22,000001,10:57:33,11.0500,1,1
2026-04-22,000001,10:57:36,11.0500,3,1
2026-04-22,000001,10:57:39,11.0500,34,1
2026-04-22,000001,10:57:48,11.0400,9,2
2026-04-22,000001,10:57:54,11.0500,11,1
2026-04-22,000001,10:58:00,11.0500,5,1
2026-04-22,000001,10:58:03,11.0400,167,2
2026-04-22,000001,10:58:06,11.0400,7,2
2026-04-22,000001,10:58:12,11.0400,24,2
2026-04-22,000001,10:58:15,11.0400,33,2
2026-04-22,000001,10:58:18,11.0400,29,2
2026-04-22,000001,10:58:21,11.0400,79,2
2026-04-22,000001,10:58:24,11.0400,3,2
2026-04-22,000001,10:58:27,11.0500,57,1
2026-04-22,000001,10:58:30,11.0400,14,2
2026-04-22,000001,10:58:33,11.0400,96,2
2026-04-22,000001,10:58:36,11.0500,10,1
2026-04-22,000001,10:58:39,11.0500,1,1
2026-04-22,000001,10:58:42,11.0400,3,2
2026-04-22,000001,10:58:45,11.0400,10,2
2026-04-22,000001,10:58:48,11.0400,45,2
2026-04-22,000001,10:58:51,11.0400,22,2
2026-04-22,000001,10:58:54,11.0400,4,2
2026-04-22,000001,10:58:57,11.0400,1,2
2026-04-22,000001,10:59:00,11.0500,5,1
2026-04-22,000001,10:59:03,11.0400,4,2
2026-04-22,000001,10:59:06,11.0400,1695,2
2026-04-22,000001,10:59:09,11.0400,19,2
2026-04-22,000001,10:59:12,11.0500,9,1
2026-04-22,000001,10:59:15,11.0400,2,2
2026-04-22,000001,10:59:18,11.0400,35,2
2026-04-22,000001,10:59:21,11.0400,2,2
2026-04-22,000001,10:59:27,11.0400,28,2
2026-04-22,000001,10:59:30,11.0500,24,1
2026-04-22,000001,10:59:33,11.0400,4,2
2026-04-22,000001,10:59:36,11.0400,6,2
2026-04-22,000001,10:59:42,11.0500,13,1
2026-04-22,000001,10:59:45,11.0400,3,2
2026-04-22,000001,10:59:48,11.0400,8,2
2026-04-22,000001,10:59:51,11.0500,808,1
2026-04-22,000001,10:59:54,11.0500,30,1
2026-04-22,000001,10:59:57,11.0500,1123,1
2026-04-22,000001,11:00:00,11.0500,57,2
2026-04-22,000001,11:00:03,11.0600,21,1
2026-04-22,000001,11:00:06,11.0600,35,1
2026-04-22,000001,11:00:09,11.0600,1,1
2026-04-22,000001,11:00:12,11.0500,7,2
2026-04-22,000001,11:00:15,11.0600,89,1
2026-04-22,000001,11:00:18,11.0500,20,2
2026-04-22,000001,11:00:21,11.0500,20,2
2026-04-22,000001,11:00:24,11.0500,3,2
2026-04-22,000001,11:00:27,11.0600,4,1
2026-04-22,000001,11:00:30,11.0500,50,2
2026-04-22,000001,11:00:33,11.0600,9,1
2026-04-22,000001,11:00:36,11.0600,4,1
2026-04-22,000001,11:00:39,11.0500,122,2
2026-04-22,000001,11:00:42,11.0600,305,1
2026-04-22,000001,11:00:45,11.0500,663,2
2026-04-22,000001,11:00:48,11.0600,343,1
2026-04-22,000001,11:00:51,11.0600,154,1
2026-04-22,000001,11:00:54,11.0600,152,1
2026-04-22,000001,11:00:57,11.0600,112,1
2026-04-22,000001,11:01:00,11.0600,24,1
2026-04-22,000001,11:01:03,11.0600,86,1
2026-04-22,000001,11:01:06,11.0600,55,1
2026-04-22,000001,11:01:09,11.0600,56,1
2026-04-22,000001,11:01:12,11.0600,49,1
2026-04-22,000001,11:01:15,11.0600,5,1
2026-04-22,000001,11:01:18,11.0600,12,1
2026-04-22,000001,11:01:24,11.0500,27,2
2026-04-22,000001,11:01:27,11.0500,30,2
2026-04-22,000001,11:01:30,11.0600,4,1
2026-04-22,000001,11:01:33,11.0600,44,1
2026-04-22,000001,11:01:36,11.0600,1,1
2026-04-22,000001,11:01:42,11.0600,5,1
2026-04-22,000001,11:01:45,11.0600,416,1
2026-04-22,000001,11:01:48,11.0600,25,1
2026-04-22,000001,11:01:51,11.0600,5,1
2026-04-22,000001,11:01:54,11.0600,1,1
2026-04-22,000001,11:02:00,11.0600,220,1
2026-04-22,000001,11:02:03,11.0500,12,2
2026-04-22,000001,11:02:09,11.0500,43,2
2026-04-22,000001,11:02:12,11.0500,19,2
2026-04-22,000001,11:02:15,11.0500,212,2
2026-04-22,000001,11:02:18,11.0500,17,2
2026-04-22,000001,11:02:21,11.0500,453,2
2026-04-22,000001,11:02:24,11.0600,45,1
2026-04-22,000001,11:02:27,11.0500,36,2
2026-04-22,000001,11:02:30,11.0500,45,2
2026-04-22,000001,11:02:42,11.0500,1,2
2026-04-22,000001,11:02:45,11.0600,7,1
