date,code,time,price,volume,bs
2026-06-18,601318,14:07:06,49.6000,4120,2
2026-06-18,601318,14:07:09,49.6000,2640,2
2026-06-18,601318,14:07:12,49.6100,2324,1
2026-06-18,601318,14:07:15,49.6100,307,1
2026-06-18,601318,14:07:19,49.6000,1029,2
2026-06-18,601318,14:07:21,49.5900,299,2
2026-06-18,601318,14:07:25,49.6000,574,2
2026-06-18,601318,14:07:27,49.5900,264,2
2026-06-18,601318,14:07:30,49.5900,372,2
2026-06-18,601318,14:07:33,49.5900,217,2
2026-06-18,601318,14:07:37,49.5900,293,1
2026-06-18,601318,14:07:40,49.5900,245,1
2026-06-18,601318,14:07:42,49.5900,328,1
2026-06-18,601318,14:07:45,49.5800,162,2
2026-06-18,601318,14:07:48,49.5800,215,2
2026-06-18,601318,14:07:51,49.5900,76,1
2026-06-18,601318,14:07:54,49.5800,289,2
2026-06-18,601318,14:07:57,49.6000,644,1
2026-06-18,601318,14:08:00,49.5900,184,2
2026-06-18,601318,14:08:04,49.5900,133,2
2026-06-18,601318,14:08:06,49.5900,218,2
2026-06-18,601318,14:08:10,49.5900,298,2
2026-06-18,601318,14:08:12,49.5900,191,1
2026-06-18,601318,14:08:15,49.5900,124,1
2026-06-18,601318,14:08:18,49.5900,253,1
2026-06-18,601318,14:08:21,49.5800,142,2
2026-06-18,601318,14:08:24,49.5900,93,1
2026-06-18,601318,14:08:27,49.5900,469,1
2026-06-18,601318,14:08:30,49.5800,957,2
2026-06-18,601318,14:08:33,49.5900,416,1
2026-06-18,601318,14:08:37,49.5900,89,1
2026-06-18,601318,14:08:39,49.5900,229,1
2026-06-18,601318,14:08:42,49.5900,232,1
2026-06-18,601318,14:08:45,49.5800,104,2
2026-06-18,601318,14:08:48,49.5800,231,2
2026-06-18,601318,14:08:51,49.5900,121,1
2026-06-18,601318,14:08:54,49.5800,372,2
2026-06-18,601318,14:08:57,49.5900,369,1
2026-06-18,601318,14:09:00,49.5800,450,2
2026-06-18,601318,14:09:04,49.5900,331,1
2026-06-18,601318,14:09:06,49.5900,938,1
2026-06-18,601318,14:09:09,49.5900,43,1
2026-06-18,601318,14:09:12,49.5800,134,2
2026-06-18,601318,14:09:15,49.5900,85,1
2026-06-18,601318,14:09:18,49.5900,225,1
2026-06-18,601318,14:09:21,49.5900,240,1
2026-06-18,601318,14:09:24,49.5900,506,1
2026-06-18,601318,14:09:27,49.5800,266,2
2026-06-18,601318,14:09:30,49.5900,2907,1
2026-06-18,601318,14:09:34,49.6000,220,1
2026-06-18,601318,14:09:36,49.6000,361,1
2026-06-18,601318,14:09:39,49.5800,345,2
2026-06-18,601318,14:09:43,49.6000,418,1
2026-06-18,601318,14:09:46,49.5900,422,2
2026-06-18,601318,14:09:48,49.6100,328,1
2026-06-18,601318,14:09:51,49.6100,205,1
2026-06-18,601318,14:09:54,49.6000,179,2
2026-06-18,601318,14:09:57,49.6100,193,1
2026-06-18,601318,14:10:00,49.6000,143,2
2026-06-18,601318,14:10:04,49.6100,89,4
2026-06-18,601318,14:10:07,49.6100,587,1
2026-06-18,601318,14:10:10,49.6000,167,2
2026-06-18,601318,14:10:12,49.6000,416,1
2026-06-18,601318,14:10:16,49.6000,126,1
2026-06-18,601318,14:10:19,49.6000,257,1
2026-06-18,601318,14:10:21,49.5900,320,2
2026-06-18,601318,14:10:24,49.5900,212,1
2026-06-18,601318,14:10:27,49.5900,84,1
2026-06-18,601318,14:10:30,49.5800,214,2
2026-06-18,601318,14:10:33,49.5900,254,1
2026-06-18,601318,14:10:36,49.5800,1957,2
2026-06-18,601318,14:10:39,49.5800,184,1
2026-06-18,601318,14:10:42,49.5800,318,1
2026-06-18,601318,14:10:45,49.5700,1045,2
2026-06-18,601318,14:10:48,49.5700,358,1
2026-06-18,601318,14:10:51,49.5600,310,2
2026-06-18,601318,14:10:55,49.5700,422,1
2026-06-18,601318,14:10:57,49.5700,461,1
2026-06-18,601318,14:11:00,49.5700,720,1
2026-06-18,601318,14:11:03,49.5600,548,2
2026-06-18,601318,14:11:07,49.5600,472,2
2026-06-18,601318,14:11:09,49.5700,1298,1
2026-06-18,601318,14:11:12,49.5600,196,2
2026-06-18,601318,14:11:16,49.5600,125,2
2026-06-18,601318,14:11:18,49.5600,150,1
2026-06-18,601318,14:11:21,49.5600,107,1
2026-06-18,601318,14:11:24,49.5600,133,1
2026-06-18,601318,14:11:27,49.5600,328,1
2026-06-18,601318,14:11:30,49.5500,381,2
2026-06-18,601318,14:11:33,49.5500,548,2
2026-06-18,601318,14:11:36,49.5600,282,1
2026-06-18,601318,14:11:39,49.5600,162,1
2026-06-18,601318,14:11:42,49.5500,188,2
2026-06-18,601318,14:11:45,49.5600,236,1
2026-06-18,601318,14:11:48,49.5400,313,2
2026-06-18,601318,14:11:51,49.5500,544,1
2026-06-18,601318,14:11:54,49.5400,239,2
2026-06-18,601318,14:11:57,49.5400,293,2
2026-06-18,601318,14:12:00,49.5300,234,2
2026-06-18,601318,14:12:03,49.5400,645,1
2026-06-18,601318,14:12:07,49.5300,177,2
2026-06-18,601318,14:12:09,49.5300,211,1
2026-06-18,601318,14:12:12,49.5300,351,1
2026-06-18,601318,14:12:15,49.5300,333,1
2026-06-18,601318,14:12:18,49.5200,545,2
2026-06-18,601318,14:12:21,49.5200,144,2
2026-06-18,601318,14:12:24,49.5200,660,1
2026-06-18,601318,14:12:28,49.5200,1245,1
2026-06-18,601318,14:12:30,49.5200,191,2
2026-06-18,601318,14:12:33,49.5200,167,1
2026-06-18,601318,14:12:37,49.5200,549,1
2026-06-18,601318,14:12:39,49.5100,215,2
2026-06-18,601318,14:12:43,49.5200,113,1
2026-06-18,601318,14:12:45,49.5100,616,2
2026-06-18,601318,14:12:48,49.5200,279,1
2026-06-18,601318,14:12:51,49.5100,353,2
2026-06-18,601318,14:12:54,49.5100,254,2
2026-06-18,601318,14:12:58,49.5200,578,1
2026-06-18,601318,14:13:00,49.5100,364,2
2026-06-18,601318,14:13:03,49.5100,272,2
2026-06-18,601318,14:13:06,49.5200,100,1
2026-06-18,601318,14:13:09,49.5200,170,1
2026-06-18,601318,14:13:12,49.5200,253,1
2026-06-18,601318,14:13:15,49.5200,540,1
2026-06-18,601318,14:13:18,49.5100,320,2
2026-06-18,601318,14:13:21,49.5200,250,1
2026-06-18,601318,14:13:24,49.5200,348,1
2026-06-18,601318,14:13:27,49.5100,195,2
2026-06-18,601318,14:13:30,49.5100,225,2
2026-06-18,601318,14:13:33,49.5200,564,1
2026-06-18,601318,14:13:37,49.5200,193,1
2026-06-18,601318,14:13:39,49.5200,156,1
2026-06-18,601318,14:13:42,49.5200,173,1
2026-06-18,601318,14:13:45,49.5200,238,1
2026-06-18,601318,14:13:49,49.5100,461,2
2026-06-18,601318,14:13:51,49.5200,148,1
2026-06-18,601318,14:13:54,49.5100,210,2
2026-06-18,601318,14:13:58,49.5200,143,1
2026-06-18,601318,14:14:01,49.5200,353,1
2026-06-18,601318,14:14:03,49.5200,215,1
2026-06-18,601318,14:14:06,49.5200,147,1
2026-06-18,601318,14:14:09,49.5100,290,2
2026-06-18,601318,14:14:12,49.5100,326,2
2026-06-18,601318,14:14:15,49.5100,87,2
2026-06-18,601318,14:14:18,49.5200,68,1
2026-06-18,601318,14:14:21,49.5100,167,2
2026-06-18,601318,14:14:24,49.5200,198,1
2026-06-18,601318,14:14:27,49.5100,308,2
2026-06-18,601318,14:14:30,49.5100,129,2
2026-06-18,601318,14:14:34,49.5100,294,2
2026-06-18,601318,14:14:36,49.5100,722,2
2026-06-18,601318,14:14:39,49.5100,788,2
2026-06-18,601318,14:14:43,49.5100,6805,1
2026-06-18,601318,14:14:45,49.5100,708,1
2026-06-18,601318,14:14:49,49.5000,570,2
2026-06-18,601318,14:14:52,49.5100,508,1
2026-06-18,601318,14:14:54,49.5000,676,2
2026-06-18,601318,14:14:57,49.5000,379,2
2026-06-18,601318,14:15:00,49.5000,602,2
2026-06-18,601318,14:15:04,49.5000,247,2
2026-06-18,601318,14:15:06,49.5000,7146,2
2026-06-18,601318,14:15:09,49.4800,719,2
2026-06-18,601318,14:15:13,49.4600,1547,2
2026-06-18,601318,14:15:15,49.4400,268,2
2026-06-18,601318,14:15:19,49.4400,202,2
2026-06-18,601318,14:15:21,49.4300,322,2
2026-06-18,601318,14:15:24,49.4300,439,1
2026-06-18,601318,14:15:28,49.4200,349,2
2026-06-18,601318,14:15:30,49.4100,299,2
2026-06-18,601318,14:15:33,49.4200,816,1
2026-06-18,601318,14:15:36,49.4300,776,1
2026-06-18,601318,14:15:39,49.4200,752,2
2026-06-18,601318,14:15:42,49.4200,739,2
2026-06-18,601318,14:15:45,49.4200,436,1
2026-06-18,601318,14:15:49,49.4100,479,2
2026-06-18,601318,14:15:51,49.4100,279,2
2026-06-18,601318,14:15:55,49.4200,255,4
2026-06-18,601318,14:15:58,49.4200,441,2
2026-06-18,601318,14:16:00,49.4300,201,2
2026-06-18,601318,14:16:04,49.4400,189,1
2026-06-18,601318,14:16:06,49.4300,235,2
2026-06-18,601318,14:16:09,49.4500,110,1
2026-06-18,601318,14:16:12,49.4500,178,2
2026-06-18,601318,14:16:15,49.4600,572,1
2026-06-18,601318,14:16:18,49.4500,187,2
2026-06-18,601318,14:16:22,49.4500,282,1
2026-06-18,601318,14:16:24,49.4400,244,2
2026-06-18,601318,14:16:28,49.4500,315,1
2026-06-18,601318,14:16:30,49.4500,143,2
2026-06-18,601318,14:16:33,49.4500,135,1
2026-06-18,601318,14:16:37,49.4500,226,2
2026-06-18,601318,14:16:39,49.4500,155,1
2026-06-18,601318,14:16:43,49.4500,444,1
2026-06-18,601318,14:16:45,49.4400,168,2
2026-06-18,601318,14:16:48,49.4400,237,1
2026-06-18,601318,14:16:51,49.4400,136,1
2026-06-18,601318,14:16:54,49.4500,190,1
2026-06-18,601318,14:16:58,49.4400,85,2
2026-06-18,601318,14:17:00,49.4400,611,2
2026-06-18,601318,14:17:04,49.4300,662,2
2026-06-18,601318,14:17:07,49.4300,575,2
2026-06-18,601318,14:17:09,49.4300,230,1
2026-06-18,601318,14:17:12,49.4300,317,2
2026-06-18,601318,14:17:15,49.4300,189,1
2026-06-18,601318,14:17:19,49.4300,722,1
2026-06-18,601318,14:17:21,49.4300,252,1
2026-06-18,601318,14:17:24,49.4300,235,2
2026-06-18,601318,14:17:28,49.4300,422,2
2026-06-18,601318,14:17:31,49.4300,136,1
2026-06-18,601318,14:17:33,49.4200,267,2
2026-06-18,601318,14:17:36,49.4300,283,1
2026-06-18,601318,14:17:39,49.4300,203,1
2026-06-18,601318,14:17:42,49.4300,171,1
2026-06-18,601318,14:17:45,49.4300,187,1
2026-06-18,601318,14:17:49,49.4300,1525,1
2026-06-18,601318,14:17:51,49.4300,204,1
2026-06-18,601318,14:17:54,49.4200,303,2
2026-06-18,601318,14:17:57,49.4200,143,1
2026-06-18,601318,14:18:00,49.4200,493,1
2026-06-18,601318,14:18:04,49.4200,754,2
2026-06-18,601318,14:18:07,49.4200,1396,1
2026-06-18,601318,14:18:10,49.4200,382,2
2026-06-18,601318,14:18:12,49.4100,404,2
2026-06-18,601318,14:18:16,49.4200,171,4
2026-06-18,601318,14:18:18,49.4200,156,1
2026-06-18,601318,14:18:21,49.4200,427,1
2026-06-18,601318,14:18:24,49.4200,293,2
2026-06-18,601318,14:18:28,49.4200,561,1
2026-06-18,601318,14:18:31,49.4200,129,2
2026-06-18,601318,14:18:34,49.4200,142,2
2026-06-18,601318,14:18:37,49.4100,107,2
2026-06-18,601318,14:18:39,49.4200,150,1
2026-06-18,601318,14:18:42,49.4200,316,1
2026-06-18,601318,14:18:45,49.4100,880,2
2026-06-18,601318,14:18:49,49.4100,526,1
2026-06-18,601318,14:18:51,49.4100,613,1
2026-06-18,601318,14:18:54,49.4200,400,1
2026-06-18,601318,14:18:57,49.4100,191,4
2026-06-18,601318,14:19:00,49.4100,300,1
2026-06-18,601318,14:19:04,49.4000,310,2
2026-06-18,601318,14:19:06,49.4100,293,1
2026-06-18,601318,14:19:10,49.4000,873,2
2026-06-18,601318,14:19:12,49.4100,542,1
2026-06-18,601318,14:19:15,49.4100,143,1
2026-06-18,601318,14:19:18,49.4000,436,2
2026-06-18,601318,14:19:21,49.4100,715,1
2026-06-18,601318,14:19:24,49.4000,322,2
2026-06-18,601318,14:19:27,49.4100,546,1
2026-06-18,601318,14:19:30,49.4100,2087,1
2026-06-18,601318,14:19:33,49.4200,742,1
2026-06-18,601318,14:19:36,49.4100,1109,2
2026-06-18,601318,14:19:39,49.4000,134,2
2026-06-18,601318,14:19:43,49.4100,181,1
2026-06-18,601318,14:19:45,49.4100,584,1
2026-06-18,601318,14:19:49,49.4000,187,2
2026-06-18,601318,14:19:51,49.4000,305,2
2026-06-18,601318,14:19:54,49.4100,468,1
2026-06-18,601318,14:19:57,49.4100,246,1
2026-06-18,601318,14:20:01,49.4000,299,2
2026-06-18,601318,14:20:04,49.4000,171,2
2026-06-18,601318,14:20:07,49.4100,328,1
2026-06-18,601318,14:20:09,49.4100,120,2
2026-06-18,601318,14:20:12,49.4000,849,2
2026-06-18,601318,14:20:15,49.4000,197,1
2026-06-18,601318,14:20:18,49.3900,455,2
2026-06-18,601318,14:20:21,49.4000,179,1
2026-06-18,601318,14:20:25,49.4000,111,1
2026-06-18,601318,14:20:27,49.3900,294,2
2026-06-18,601318,14:20:30,49.3900,359,2
2026-06-18,601318,14:20:33,49.4000,368,1
2026-06-18,601318,14:20:37,49.4000,209,1
2026-06-18,601318,14:20:40,49.4000,141,1
2026-06-18,601318,14:20:42,49.3900,156,2
2026-06-18,601318,14:20:45,49.3900,188,2
2026-06-18,601318,14:20:48,49.4000,209,1
2026-06-18,601318,14:20:51,49.4000,286,1
2026-06-18,601318,14:20:54,49.4000,453,1
2026-06-18,601318,14:20:57,49.4000,372,1
2026-06-18,601318,14:21:00,49.4000,332,1
2026-06-18,601318,14:21:03,49.3900,386,2
2026-06-18,601318,14:21:06,49.3900,239,2
2026-06-18,601318,14:21:09,49.3900,159,2
2026-06-18,601318,14:21:12,49.4000,135,1
2026-06-18,601318,14:21:15,49.3900,138,2
2026-06-18,601318,14:21:18,49.4000,46,1
2026-06-18,601318,14:21:21,49.4000,227,1
2026-06-18,601318,14:21:25,49.4000,1518,1
2026-06-18,601318,14:21:27,49.4000,746,1
2026-06-18,601318,14:21:30,49.3900,402,2
2026-06-18,601318,14:21:33,49.4000,167,1
2026-06-18,601318,14:21:36,49.4000,265,2
2026-06-18,601318,14:21:40,49.4000,130,1
2026-06-18,601318,14:21:42,49.4000,277,1
2026-06-18,601318,14:21:46,49.4000,129,1
2026-06-18,601318,14:21:48,49.4000,212,2
2026-06-18,601318,14:21:52,49.4100,167,1
2026-06-18,601318,14:21:54,49.4100,254,1
2026-06-18,601318,14:21:57,49.4000,157,2
2026-06-18,601318,14:22:01,49.4000,236,2
2026-06-18,601318,14:22:04,49.4000,460,2
2026-06-18,601318,14:22:06,49.4100,255,1
2026-06-18,601318,14:22:10,49.4100,1326,1
2026-06-18,601318,14:22:12,49.4100,412,1
2026-06-18,601318,14:22:15,49.4100,162,1
2026-06-18,601318,14:22:19,49.4100,504,1
2026-06-18,601318,14:22:21,49.4000,1548,2
2026-06-18,601318,14:22:24,49.4000,808,2
2026-06-18,601318,14:22:27,49.4000,163,1
2026-06-18,601318,14:22:30,49.4100,354,2
2026-06-18,601318,14:22:33,49.4100,347,1
2026-06-18,601318,14:22:37,49.4100,211,1
2026-06-18,601318,14:22:40,49.4000,563,2
2026-06-18,601318,14:22:42,49.4000,109,2
2026-06-18,601318,14:22:45,49.4000,209,2
2026-06-18,601318,14:22:48,49.4000,176,2
2026-06-18,601318,14:22:52,49.4100,258,1
2026-06-18,601318,14:22:54,49.4000,241,2
2026-06-18,601318,14:22:58,49.4000,665,2
2026-06-18,601318,14:23:00,49.4000,256,2
2026-06-18,601318,14:23:03,49.4000,125,1
2026-06-18,601318,14:23:06,49.4000,174,1
2026-06-18,601318,14:23:09,49.3900,279,2
2026-06-18,601318,14:23:13,49.4000,295,1
2026-06-18,601318,14:23:16,49.4000,245,1
2026-06-18,601318,14:23:19,49.4000,101,1
2026-06-18,601318,14:23:21,49.4000,111,1
2026-06-18,601318,14:23:24,49.4000,633,1
2026-06-18,601318,14:23:27,49.4000,88,1
2026-06-18,601318,14:23:30,49.3900,137,2
2026-06-18,601318,14:23:33,49.4000,121,1
2026-06-18,601318,14:23:36,49.4000,199,1
2026-06-18,601318,14:23:39,49.4000,1087,1
2026-06-18,601318,14:23:42,49.4000,263,1
2026-06-18,601318,14:23:45,49.4000,327,1
2026-06-18,601318,14:23:48,49.4000,176,2
2026-06-18,601318,14:23:51,49.4000,154,1
2026-06-18,601318,14:23:55,49.4100,286,1
2026-06-18,601318,14:23:57,49.4000,212,2
2026-06-18,601318,14:24:01,49.4100,1363,1
2026-06-18,601318,14:24:04,49.4100,142,1
2026-06-18,601318,14:24:06,49.4000,143,2
2026-06-18,601318,14:24:10,49.4100,312,1
2026-06-18,601318,14:24:12,49.4000,144,2
2026-06-18,601318,14:24:16,49.4100,76,1
2026-06-18,601318,14:24:19,49.4100,135,1
2026-06-18,601318,14:24:22,49.4100,91,1
2026-06-18,601318,14:24:24,49.4000,399,2
2026-06-18,601318,14:24:27,49.4100,131,1
2026-06-18,601318,14:24:30,49.4100,1688,1
2026-06-18,601318,14:24:34,49.4200,112,1
2026-06-18,601318,14:24:36,49.4100,88,2
2026-06-18,601318,14:24:40,49.4100,120,2
2026-06-18,601318,14:24:43,49.4100,1681,2
2026-06-18,601318,14:24:45,49.4200,536,1
2026-06-18,601318,14:24:48,49.4100,342,2
2026-06-18,601318,14:24:52,49.4200,247,1
2026-06-18,601318,14:24:55,49.4200,873,1
2026-06-18,601318,14:24:58,49.4200,291,1
2026-06-18,601318,14:25:01,49.4200,207,1
2026-06-18,601318,14:25:03,49.4200,229,1
2026-06-18,601318,14:25:06,49.4200,1156,1
2026-06-18,601318,14:25:09,49.4200,70,1
2026-06-18,601318,14:25:12,49.4200,270,1
2026-06-18,601318,14:25:16,49.4200,131,1
2026-06-18,601318,14:25:19,49.4200,96,1
2026-06-18,601318,14:25:22,49.4200,92,1
2026-06-18,601318,14:25:24,49.4200,139,1
2026-06-18,601318,14:25:27,49.4100,107,2
2026-06-18,601318,14:25:30,49.4100,74,2
2026-06-18,601318,14:25:33,49.4200,170,1
2026-06-18,601318,14:25:36,49.4200,146,1
2026-06-18,601318,14:25:39,49.4100,245,2
2026-06-18,601318,14:25:43,49.4200,481,1
2026-06-18,601318,14:25:46,49.4200,130,1
2026-06-18,601318,14:25:48,49.4200,271,1
2026-06-18,601318,14:25:51,49.4100,598,2
2026-06-18,601318,14:25:54,49.4200,123,1
2026-06-18,601318,14:25:57,49.4200,138,1
2026-06-18,601318,14:26:00,49.4200,125,1
2026-06-18,601318,14:26:03,49.4200,198,1
2026-06-18,601318,14:26:06,49.4100,131,2
2026-06-18,601318,14:26:09,49.4200,221,1
2026-06-18,601318,14:26:12,49.4200,871,1
2026-06-18,601318,14:26:16,49.4200,301,1
2026-06-18,601318,14:26:19,49.4100,102,2
2026-06-18,601318,14:26:21,49.4200,126,1
2026-06-18,601318,14:26:25,49.4200,1254,1
2026-06-18,601318,14:26:28,49.4200,244,1
2026-06-18,601318,14:26:30,49.4100,348,2
2026-06-18,601318,14:26:33,49.4000,270,2
2026-06-18,601318,14:26:36,49.4100,197,1
2026-06-18,601318,14:26:39,49.4100,216,2
2026-06-18,601318,14:26:42,49.4100,885,1
2026-06-18,601318,14:26:45,49.4100,316,1
2026-06-18,601318,14:26:48,49.4000,296,2
2026-06-18,601318,14:26:51,49.4100,726,1
2026-06-18,601318,14:26:54,49.4000,551,2
2026-06-18,601318,14:26:58,49.4000,813,2
2026-06-18,601318,14:27:00,49.4000,285,2
2026-06-18,601318,14:27:03,49.4000,203,2
2026-06-18,601318,14:27:06,49.4000,198,2
2026-06-18,601318,14:27:09,49.4100,589,1
2026-06-18,601318,14:27:12,49.4100,342,1
2026-06-18,601318,14:27:15,49.4000,393,2
2026-06-18,601318,14:27:18,49.4000,277,1
2026-06-18,601318,14:27:22,49.4000,662,1
2026-06-18,601318,14:27:24,49.4000,246,1
2026-06-18,601318,14:27:27,49.3900,700,2
2026-06-18,601318,14:27:30,49.3900,602,2
2026-06-18,601318,14:27:34,49.4000,181,1
2026-06-18,601318,14:27:37,49.3900,73,2
2026-06-18,601318,14:27:39,49.4000,320,1
2026-06-18,601318,14:27:42,49.4000,143,1
2026-06-18,601318,14:27:45,49.4000,434,1
2026-06-18,601318,14:27:48,49.4000,201,1
2026-06-18,601318,14:27:51,49.3900,688,2
2026-06-18,601318,14:27:54,49.3900,449,1
2026-06-18,601318,14:27:57,49.3800,598,2
2026-06-18,601318,14:28:00,49.3800,391,2
2026-06-18,601318,14:28:03,49.3800,287,2
2026-06-18,601318,14:28:06,49.3800,706,2
2026-06-18,601318,14:28:10,49.3900,463,1
2026-06-18,601318,14:28:12,49.3800,219,2
2026-06-18,601318,14:28:16,49.3900,546,1
2026-06-18,601318,14:28:18,49.4000,86,1
2026-06-18,601318,14:28:21,49.4000,96,1
2026-06-18,601318,14:28:24,49.4000,755,1
2026-06-18,601318,14:28:27,49.4000,207,1
2026-06-18,601318,14:28:30,49.4000,234,1
2026-06-18,601318,14:28:33,49.4000,107,1
2026-06-18,601318,14:28:36,49.4000,127,1
2026-06-18,601318,14:28:39,49.3900,78,2
2026-06-18,601318,14:28:42,49.4000,159,1
2026-06-18,601318,14:28:45,49.4000,186,1
2026-06-18,601318,14:28:48,49.4000,222,1
2026-06-18,601318,14:28:51,49.4000,181,1
2026-06-18,601318,14:28:55,49.4000,210,1
2026-06-18,601318,14:28:57,49.3900,373,2
2026-06-18,601318,14:29:00,49.4000,300,1
2026-06-18,601318,14:29:03,49.4000,637,1
2026-06-18,601318,14:29:06,49.4000,265,2
2026-06-18,601318,14:29:10,49.3900,392,2
2026-06-18,601318,14:29:12,49.3900,390,2
2026-06-18,601318,14:29:15,49.4000,343,1
2026-06-18,601318,14:29:18,49.4000,173,1
2026-06-18,601318,14:29:21,49.4000,230,1
2026-06-18,601318,14:29:24,49.4000,275,1
2026-06-18,601318,14:29:28,49.4000,161,1
2026-06-18,601318,14:29:30,49.4000,393,1
2026-06-18,601318,14:29:34,49.4000,245,1
2026-06-18,601318,14:29:36,49.4000,234,1
2026-06-18,601318,14:29:40,49.3800,1460,2
2026-06-18,601318,14:29:43,49.3800,575,2
2026-06-18,601318,14:29:45,49.3900,408,1
2026-06-18,601318,14:29:48,49.3800,305,2
2026-06-18,601318,14:29:51,49.3900,501,1
2026-06-18,601318,14:29:54,49.3900,1367,1
2026-06-18,601318,14:29:57,49.3800,776,2
2026-06-18,601318,14:30:01,49.3900,374,1
2026-06-18,601318,14:30:04,49.3900,403,1
2026-06-18,601318,14:30:07,49.3900,438,2
2026-06-18,601318,14:30:09,49.3900,287,2
2026-06-18,601318,14:30:12,49.3900,260,1
2026-06-18,601318,14:30:15,49.3900,437,1
2026-06-18,601318,14:30:19,49.3900,434,2
2026-06-18,601318,14:30:21,49.3900,217,1
2026-06-18,601318,14:30:24,49.3900,277,1
2026-06-18,601318,14:30:28,49.3900,241,1
2026-06-18,601318,14:30:30,49.3900,343,1
2026-06-18,601318,14:30:34,49.4000,551,1
2026-06-18,601318,14:30:36,49.4100,1203,1
2026-06-18,601318,14:30:40,49.4000,389,4
2026-06-18,601318,14:30:42,49.4000,401,2
2026-06-18,601318,14:30:46,49.4000,253,1
2026-06-18,601318,14:30:48,49.4000,173,1
2026-06-18,601318,14:30:51,49.4100,192,1
2026-06-18,601318,14:30:54,49.4000,189,2
2026-06-18,601318,14:30:57,49.4400,1279,1
2026-06-18,601318,14:31:00,49.4200,1271,2
2026-06-18,601318,14:31:04,49.4200,173,1
2026-06-18,601318,14:31:06,49.4300,569,1
2026-06-18,601318,14:31:09,49.4500,423,1
2026-06-18,601318,14:31:13,49.4500,566,1
2026-06-18,601318,14:31:15,49.4400,143,2
2026-06-18,601318,14:31:18,49.4300,286,2
2026-06-18,601318,14:31:21,49.4400,161,4
2026-06-18,601318,14:31:24,49.4400,352,1
2026-06-18,601318,14:31:27,49.4500,284,1
2026-06-18,601318,14:31:30,49.4400,240,2
2026-06-18,601318,14:31:33,49.4500,520,1
2026-06-18,601318,14:31:36,49.4400,161,2
2026-06-18,601318,14:31:39,49.4400,228,1
2026-06-18,601318,14:31:43,49.4300,351,2
2026-06-18,601318,14:31:45,49.4300,201,1
2026-06-18,601318,14:31:48,49.4200,277,4
2026-06-18,601318,14:31:51,49.4300,499,1
2026-06-18,601318,14:31:54,49.4300,246,2
2026-06-18,601318,14:31:58,49.4400,239,1
2026-06-18,601318,14:32:00,49.4300,145,2
2026-06-18,601318,14:32:03,49.4300,124,2
2026-06-18,601318,14:32:06,49.4400,214,1
2026-06-18,601318,14:32:10,49.4300,472,2
2026-06-18,601318,14:32:12,49.4200,497,2
2026-06-18,601318,14:32:15,49.4200,358,2
2026-06-18,601318,14:32:18,49.4300,198,1
2026-06-18,601318,14:32:21,49.4200,224,2
2026-06-18,601318,14:32:25,49.4200,136,1
2026-06-18,601318,14:32:27,49.4300,219,1
2026-06-18,601318,14:32:30,49.4200,221,4
2026-06-18,601318,14:32:33,49.4200,452,2
2026-06-18,601318,14:32:36,49.4200,290,1
2026-06-18,601318,14:32:40,49.4300,896,1
2026-06-18,601318,14:32:43,49.4300,424,2
2026-06-18,601318,14:32:45,49.4300,267,2
2026-06-18,601318,14:32:48,49.4400,93,1
2026-06-18,601318,14:32:51,49.4300,183,2
2026-06-18,601318,14:32:54,49.4400,150,1
2026-06-18,601318,14:32:58,49.4400,129,1
2026-06-18,601318,14:33:00,49.4300,95,2
2026-06-18,601318,14:33:03,49.4400,240,1
2026-06-18,601318,14:33:06,49.4400,134,1
2026-06-18,601318,14:33:10,49.4400,164,1
2026-06-18,601318,14:33:12,49.4400,190,1
2026-06-18,601318,14:33:16,49.4400,153,1
2026-06-18,601318,14:33:19,49.4400,454,2
2026-06-18,601318,14:33:21,49.4400,101,2
2026-06-18,601318,14:33:24,49.4600,558,1
2026-06-18,601318,14:33:27,49.4500,355,2
2026-06-18,601318,14:33:30,49.4500,188,2
2026-06-18,601318,14:33:33,49.4500,160,2
2026-06-18,601318,14:33:36,49.4500,159,2
2026-06-18,601318,14:33:40,49.4600,236,1
2026-06-18,601318,14:33:42,49.4600,294,2
2026-06-18,601318,14:33:45,49.4600,724,2
2026-06-18,601318,14:33:48,49.4500,513,4
2026-06-18,601318,14:33:52,49.4500,510,1
2026-06-18,601318,14:33:54,49.4500,292,2
2026-06-18,601318,14:33:57,49.4100,470,2
2026-06-18,601318,14:34:00,49.4400,516,1
2026-06-18,601318,14:34:03,49.4100,247,2
2026-06-18,601318,14:34:06,49.4300,273,1
2026-06-18,601318,14:34:10,49.4200,293,2
2026-06-18,601318,14:34:12,49.4200,707,1
2026-06-18,601318,14:34:16,49.4300,107,1
2026-06-18,601318,14:34:18,49.4200,127,2
2026-06-18,601318,14:34:21,49.4300,86,1
2026-06-18,601318,14:34:25,49.4200,166,2
2026-06-18,601318,14:34:27,49.4200,432,2
2026-06-18,601318,14:34:30,49.4200,533,2
2026-06-18,601318,14:34:33,49.4300,308,1
2026-06-18,601318,14:34:36,49.4300,310,1
2026-06-18,601318,14:34:39,49.4300,491,2
2026-06-18,601318,14:34:42,49.4300,281,2
2026-06-18,601318,14:34:45,49.4300,311,1
2026-06-18,601318,14:34:49,49.4300,998,1
2026-06-18,601318,14:34:51,49.4100,409,2
2026-06-18,601318,14:34:54,49.4000,1112,2
2026-06-18,601318,14:34:57,49.4000,453,2
2026-06-18,601318,14:35:00,49.4000,761,2
2026-06-18,601318,14:35:04,49.4100,213,4
2026-06-18,601318,14:35:06,49.4100,329,1
2026-06-18,601318,14:35:09,49.4100,129,1
2026-06-18,601318,14:35:12,49.4100,218,1
2026-06-18,601318,14:35:16,49.4100,84,1
2026-06-18,601318,14:35:18,49.4100,82,1
2026-06-18,601318,14:35:21,49.4100,128,1
2026-06-18,601318,14:35:24,49.4100,294,1
2026-06-18,601318,14:35:28,49.4100,128,1
2026-06-18,601318,14:35:30,49.4100,121,1
2026-06-18,601318,14:35:33,49.4100,142,1
2026-06-18,601318,14:35:36,49.4100,414,1
2026-06-18,601318,14:35:39,49.4100,130,2
2026-06-18,601318,14:35:43,49.4100,72,2
2026-06-18,601318,14:35:46,49.4200,73,1
2026-06-18,601318,14:35:48,49.4200,53,1
2026-06-18,601318,14:35:51,49.4200,473,1
2026-06-18,601318,14:35:54,49.4200,468,2
2026-06-18,601318,14:35:57,49.4300,109,1
2026-06-18,601318,14:36:00,49.4200,102,2
2026-06-18,601318,14:36:03,49.4300,188,1
2026-06-18,601318,14:36:06,49.4300,44,1
2026-06-18,601318,14:36:09,49.4400,313,1
2026-06-18,601318,14:36:12,49.4400,385,1
2026-06-18,601318,14:36:15,49.4500,492,1
2026-06-18,601318,14:36:18,49.4400,979,2
2026-06-18,601318,14:36:21,49.4400,214,2
2026-06-18,601318,14:36:24,49.4500,240,1
2026-06-18,601318,14:36:27,49.4400,98,2
2026-06-18,601318,14:36:31,49.4400,239,2
2026-06-18,601318,14:36:33,49.4400,141,1
2026-06-18,601318,14:36:36,49.4500,69,1
2026-06-18,601318,14:36:39,49.4400,120,2
2026-06-18,601318,14:36:42,49.4300,224,2
2026-06-18,601318,14:36:45,49.4300,778,2
2026-06-18,601318,14:36:48,49.4400,519,1
2026-06-18,601318,14:36:51,49.4400,504,1
2026-06-18,601318,14:36:54,49.4300,187,2
2026-06-18,601318,14:36:57,49.4300,257,1
2026-06-18,601318,14:37:00,49.4200,163,2
2026-06-18,601318,14:37:04,49.4400,215,1
2026-06-18,601318,14:37:06,49.4400,809,1
2026-06-18,601318,14:37:09,49.4500,374,1
2026-06-18,601318,14:37:12,49.4500,193,1
2026-06-18,601318,14:37:15,49.4400,221,4
2026-06-18,601318,14:37:19,49.4400,269,1
2026-06-18,601318,14:37:22,49.4200,1405,2
2026-06-18,601318,14:37:24,49.4200,252,1
2026-06-18,601318,14:37:27,49.4200,427,1
2026-06-18,601318,14:37:30,49.4100,154,2
2026-06-18,601318,14:37:33,49.4200,327,1
2026-06-18,601318,14:37:36,49.4200,134,2
2026-06-18,601318,14:37:40,49.4200,65,2
2026-06-18,601318,14:37:42,49.4200,75,2
2026-06-18,601318,14:37:46,49.4200,658,2
2026-06-18,601318,14:37:48,49.4200,157,1
2026-06-18,601318,14:37:51,49.4100,937,2
2026-06-18,601318,14:37:55,49.4100,470,1
2026-06-18,601318,14:37:57,49.4100,410,4
2026-06-18,601318,14:38:00,49.4000,254,2
2026-06-18,601318,14:38:04,49.4000,202,2
2026-06-18,601318,14:38:06,49.4100,360,4
2026-06-18,601318,14:38:09,49.4000,448,2
2026-06-18,601318,14:38:12,49.3900,1738,2
2026-06-18,601318,14:38:15,49.4000,1021,1
2026-06-18,601318,14:38:18,49.3900,837,2
2026-06-18,601318,14:38:22,49.3900,663,2
2026-06-18,601318,14:38:24,49.4000,604,1
2026-06-18,601318,14:38:27,49.4000,453,1
2026-06-18,601318,14:38:31,49.4000,161,2
2026-06-18,601318,14:38:33,49.4000,274,1
2026-06-18,601318,14:38:37,49.4000,195,1
2026-06-18,601318,14:38:39,49.4000,259,1
2026-06-18,601318,14:38:42,49.4000,187,2
2026-06-18,601318,14:38:45,49.4000,63,2
2026-06-18,601318,14:38:48,49.4000,309,2
2026-06-18,601318,14:38:51,49.4000,343,2
2026-06-18,601318,14:38:54,49.4000,397,1
2026-06-18,601318,14:38:57,49.4000,523,1
2026-06-18,601318,14:39:00,49.3900,1579,2
2026-06-18,601318,14:39:03,49.4000,465,1
2026-06-18,601318,14:39:06,49.4000,500,1
2026-06-18,601318,14:39:10,49.3900,148,2
2026-06-18,601318,14:39:12,49.3900,987,2
2026-06-18,601318,14:39:15,49.4000,78,1
2026-06-18,601318,14:39:18,49.3900,717,2
2026-06-18,601318,14:39:22,49.4000,222,1
2026-06-18,601318,14:39:24,49.3900,253,2
2026-06-18,601318,14:39:28,49.4000,166,1
2026-06-18,601318,14:39:30,49.3900,345,2
2026-06-18,601318,14:39:34,49.4000,312,1
2026-06-18,601318,14:39:36,49.3900,253,2
2026-06-18,601318,14:39:39,49.3900,281,1
2026-06-18,601318,14:39:43,49.3900,341,1
2026-06-18,601318,14:39:46,49.3900,182,1
2026-06-18,601318,14:39:48,49.3900,395,1
2026-06-18,601318,14:39:51,49.3900,290,2
2026-06-18,601318,14:39:55,49.3800,436,2
2026-06-18,601318,14:39:57,49.3900,207,1
2026-06-18,601318,14:40:00,49.3800,471,2
2026-06-18,601318,14:40:03,49.3900,752,1
2026-06-18,601318,14:40:06,49.4000,2736,1
2026-06-18,601318,14:40:09,49.4200,748,1
2026-06-18,601318,14:40:13,49.4000,384,2
2026-06-18,601318,14:40:16,49.4200,134,1
2026-06-18,601318,14:40:18,49.4100,123,2
2026-06-18,601318,14:40:21,49.4000,358,2
2026-06-18,601318,14:40:24,49.4000,94,1
2026-06-18,601318,14:40:27,49.4000,465,1
2026-06-18,601318,14:40:30,49.4000,583,1
2026-06-18,601318,14:40:33,49.4100,233,1
2026-06-18,601318,14:40:36,49.4100,356,2
2026-06-18,601318,14:40:39,49.4200,88,1
2026-06-18,601318,14:40:42,49.4300,98,1
2026-06-18,601318,14:40:45,49.4200,949,2
2026-06-18,601318,14:40:48,49.4300,128,1
2026-06-18,601318,14:40:51,49.4200,165,2
2026-06-18,601318,14:40:54,49.4300,154,1
2026-06-18,601318,14:40:57,49.4300,101,2
2026-06-18,601318,14:41:01,49.4300,44,2
2026-06-18,601318,14:41:03,49.4400,416,1
2026-06-18,601318,14:41:07,49.4600,536,1
2026-06-18,601318,14:41:10,49.4600,198,1
2026-06-18,601318,14:41:12,49.4600,70,1
2026-06-18,601318,14:41:16,49.4700,473,1
2026-06-18,601318,14:41:18,49.4600,261,2
2026-06-18,601318,14:41:21,49.4600,634,1
2026-06-18,601318,14:41:24,49.4700,508,1
2026-06-18,601318,14:41:27,49.4500,656,2
2026-06-18,601318,14:41:30,49.4500,1110,2
2026-06-18,601318,14:41:34,49.4600,139,1
2026-06-18,601318,14:41:37,49.4500,158,2
2026-06-18,601318,14:41:40,49.4600,176,1
2026-06-18,601318,14:41:42,49.4500,87,2
2026-06-18,601318,14:41:45,49.4500,308,2
2026-06-18,601318,14:41:49,49.4500,327,1
2026-06-18,601318,14:41:52,49.4300,475,2
2026-06-18,601318,14:41:54,49.4300,213,1
2026-06-18,601318,14:41:57,49.4300,301,1
2026-06-18,601318,14:42:00,49.4300,253,1
2026-06-18,601318,14:42:04,49.4400,908,1
2026-06-18,601318,14:42:06,49.4200,266,2
2026-06-18,601318,14:42:09,49.4200,351,1
2026-06-18,601318,14:42:12,49.4100,1016,2
2026-06-18,601318,14:42:15,49.4200,115,1
2026-06-18,601318,14:42:19,49.4000,1262,2
2026-06-18,601318,14:42:21,49.4100,152,1
2026-06-18,601318,14:42:24,49.4100,146,2
2026-06-18,601318,14:42:27,49.4200,139,1
2026-06-18,601318,14:42:30,49.4100,359,2
2026-06-18,601318,14:42:34,49.4200,185,1
2026-06-18,601318,14:42:36,49.4200,210,1
2026-06-18,601318,14:42:39,49.4100,69,2
2026-06-18,601318,14:42:42,49.4200,128,1
2026-06-18,601318,14:42:46,49.4200,146,1
2026-06-18,601318,14:42:48,49.4200,76,2
2026-06-18,601318,14:42:51,49.4300,58,1
2026-06-18,601318,14:42:54,49.4200,135,2
2026-06-18,601318,14:42:58,49.4300,668,1
2026-06-18,601318,14:43:00,49.4200,226,2
2026-06-18,601318,14:43:04,49.4200,883,2
2026-06-18,601318,14:43:06,49.4200,233,1
2026-06-18,601318,14:43:09,49.4200,122,1
2026-06-18,601318,14:43:12,49.4000,1821,2
2026-06-18,601318,14:43:15,49.3900,192,2
2026-06-18,601318,14:43:18,49.4000,228,1
2026-06-18,601318,14:43:21,49.4000,103,1
2026-06-18,601318,14:43:24,49.4000,387,1
2026-06-18,601318,14:43:27,49.4000,234,1
2026-06-18,601318,14:43:30,49.4000,144,2
2026-06-18,601318,14:43:34,49.4000,164,2
2026-06-18,601318,14:43:36,49.4100,92,1
2026-06-18,601318,14:43:40,49.4100,415,1
2026-06-18,601318,14:43:42,49.3900,1777,2
2026-06-18,601318,14:43:45,49.3900,351,1
2026-06-18,601318,14:43:49,49.4000,376,1
2026-06-18,601318,14:43:51,49.4000,83,1
2026-06-18,601318,14:43:55,49.4000,281,1
2026-06-18,601318,14:43:58,49.4000,621,1
2026-06-18,601318,14:44:00,49.3900,185,2
2026-06-18,601318,14:44:03,49.4000,322,4
2026-06-18,601318,14:44:06,49.4000,131,1
2026-06-18,601318,14:44:09,49.4000,90,1
2026-06-18,601318,14:44:13,49.3800,1605,2
2026-06-18,601318,14:44:16,49.3900,1281,2
2026-06-18,601318,14:44:18,49.3900,294,1
2026-06-18,601318,14:44:22,49.4000,128,1
2026-06-18,601318,14:44:24,49.4000,379,1
2026-06-18,601318,14:44:27,49.4000,323,2
2026-06-18,601318,14:44:30,49.4100,268,1
2026-06-18,601318,14:44:33,49.4100,91,2
2026-06-18,601318,14:44:36,49.4100,120,1
2026-06-18,601318,14:44:39,49.4000,712,2
2026-06-18,601318,14:44:42,49.4000,218,1
2026-06-18,601318,14:44:45,49.3900,561,2
2026-06-18,601318,14:44:49,49.4000,336,1
2026-06-18,601318,14:44:52,49.4000,387,1
2026-06-18,601318,14:44:54,49.3800,1501,2
2026-06-18,601318,14:44:58,49.3800,343,1
2026-06-18,601318,14:45:01,49.3800,599,1
2026-06-18,601318,14:45:03,49.4000,439,1
2026-06-18,601318,14:45:06,49.4000,182,1
2026-06-18,601318,14:45:09,49.3900,110,2
2026-06-18,601318,14:45:12,49.3800,229,2
2026-06-18,601318,14:45:15,49.4000,170,1
2026-06-18,601318,14:45:18,49.3800,1624,2
2026-06-18,601318,14:45:22,49.3800,302,1
2026-06-18,601318,14:45:25,49.3800,451,1
2026-06-18,601318,14:45:27,49.3800,187,1
2026-06-18,601318,14:45:30,49.3900,112,1
2026-06-18,601318,14:45:33,49.3900,82,1
2026-06-18,601318,14:45:36,49.3900,69,1
2026-06-18,601318,14:45:40,49.3900,96,1
2026-06-18,601318,14:45:42,49.3900,572,1
2026-06-18,601318,14:45:46,49.3800,133,2
2026-06-18,601318,14:45:48,49.3900,110,1
2026-06-18,601318,14:45:51,49.3900,130,2
2026-06-18,601318,14:45:54,49.3800,2005,2
2026-06-18,601318,14:45:58,49.3800,218,1
2026-06-18,601318,14:46:01,49.3800,227,1
2026-06-18,601318,14:46:03,49.3800,559,1
2026-06-18,601318,14:46:06,49.3800,255,1
2026-06-18,601318,14:46:10,49.3900,277,1
2026-06-18,601318,14:46:13,49.3800,97,2
2026-06-18,601318,14:46:16,49.3900,91,1
2026-06-18,601318,14:46:18,49.3900,71,1
2026-06-18,601318,14:46:21,49.3900,808,1
2026-06-18,601318,14:46:24,49.3800,1732,2
2026-06-18,601318,14:46:27,49.3800,1287,2
2026-06-18,601318,14:46:30,49.3800,931,1
2026-06-18,601318,14:46:33,49.3800,375,1
2026-06-18,601318,14:46:37,49.3900,386,1
2026-06-18,601318,14:46:40,49.4000,93,1
2026-06-18,601318,14:46:42,49.4000,1120,1
2026-06-18,601318,14:46:46,49.4000,107,1
2026-06-18,601318,14:46:49,49.4000,538,1
2026-06-18,601318,14:46:51,49.4100,133,1
2026-06-18,601318,14:46:54,49.4000,86,2
2026-06-18,601318,14:46:57,49.4100,288,1
2026-06-18,601318,14:47:00,49.4100,291,1
2026-06-18,601318,14:47:03,49.4200,78,1
2026-06-18,601318,14:47:06,49.4100,124,2
2026-06-18,601318,14:47:09,49.4100,149,2
2026-06-18,601318,14:47:13,49.4200,275,1
2026-06-18,601318,14:47:15,49.4200,486,1
2026-06-18,601318,14:47:18,49.4000,902,2
2026-06-18,601318,14:47:21,49.4000,474,1
2026-06-18,601318,14:47:24,49.4000,1030,1
2026-06-18,601318,14:47:27,49.4100,98,1
2026-06-18,601318,14:47:30,49.4000,392,2
2026-06-18,601318,14:47:33,49.4100,23,4
2026-06-18,601318,14:47:36,49.4100,72,1
2026-06-18,601318,14:47:39,49.4000,752,2
2026-06-18,601318,14:47:42,49.4000,269,1
2026-06-18,601318,14:47:46,49.4000,304,2
2026-06-18,601318,14:47:49,49.4100,171,1
2026-06-18,601318,14:47:51,49.4100,251,1
2026-06-18,601318,14:47:54,49.4000,747,2
2026-06-18,601318,14:47:57,49.4200,148,1
2026-06-18,601318,14:48:01,49.4200,385,1
2026-06-18,601318,14:48:03,49.4200,50,1
2026-06-18,601318,14:48:07,49.4200,104,1
2026-06-18,601318,14:48:09,49.4100,218,2
2026-06-18,601318,14:48:12,49.4200,82,1
2026-06-18,601318,14:48:15,49.4200,78,1
2026-06-18,601318,14:48:19,49.4200,162,1
2026-06-18,601318,14:48:21,49.4200,1131,1
2026-06-18,601318,14:48:24,49.4200,68,1
2026-06-18,601318,14:48:28,49.4200,167,1
2026-06-18,601318,14:48:30,49.4100,588,2
2026-06-18,601318,14:48:33,49.4100,222,1
2026-06-18,601318,14:48:37,49.4100,90,2
2026-06-18,601318,14:48:39,49.4200,175,1
2026-06-18,601318,14:48:42,49.4000,737,2
2026-06-18,601318,14:48:46,49.4000,241,1
2026-06-18,601318,14:48:48,49.4000,179,1
2026-06-18,601318,14:48:51,49.4000,473,1
2026-06-18,601318,14:48:54,49.3900,1249,2
2026-06-18,601318,14:48:57,49.4000,164,2
2026-06-18,601318,14:49:00,49.4000,222,1
2026-06-18,601318,14:49:03,49.4100,1221,1
2026-06-18,601318,14:49:06,49.4000,239,2
2026-06-18,601318,14:49:09,49.4100,105,1
2026-06-18,601318,14:49:13,49.4100,83,2
2026-06-18,601318,14:49:16,49.4200,156,1
2026-06-18,601318,14:49:19,49.4200,209,1
2026-06-18,601318,14:49:22,49.4300,107,1
2026-06-18,601318,14:49:24,49.4200,100,2
2026-06-18,601318,14:49:27,49.4200,161,2
2026-06-18,601318,14:49:30,49.4200,165,2
2026-06-18,601318,14:49:34,49.4100,1171,2
2026-06-18,601318,14:49:36,49.4100,263,1
2026-06-18,601318,14:49:39,49.4100,380,1
2026-06-18,601318,14:49:42,49.4100,134,2
2026-06-18,601318,14:49:45,49.4100,159,2
2026-06-18,601318,14:49:48,49.4200,118,1
2026-06-18,601318,14:49:52,49.4200,463,1
2026-06-18,601318,14:49:54,49.4200,374,2
2026-06-18,601318,14:49:58,49.4200,1158,2
2026-06-18,601318,14:50:00,49.4100,299,2
2026-06-18,601318,14:50:03,49.4300,257,1
2026-06-18,601318,14:50:07,49.4100,354,2
2026-06-18,601318,14:50:09,49.4200,74,1
2026-06-18,601318,14:50:12,49.4200,49,4
2026-06-18,601318,14:50:15,49.4200,167,2
2026-06-18,601318,14:50:18,49.4300,115,1
2026-06-18,601318,14:50:21,49.4300,176,2
2026-06-18,601318,14:50:24,49.4400,305,1
2026-06-18,601318,14:50:28,49.4300,233,2
2026-06-18,601318,14:50:31,49.4300,166,2
2026-06-18,601318,14:50:33,49.4300,249,2
2026-06-18,601318,14:50:36,49.4400,1158,1
2026-06-18,601318,14:50:39,49.4300,199,2
2026-06-18,601318,14:50:42,49.4400,147,1
2026-06-18,601318,14:50:45,49.4500,533,1
2026-06-18,601318,14:50:49,49.4500,328,1
2026-06-18,601318,14:50:51,49.4500,228,1
2026-06-18,601318,14:50:54,49.4500,166,1
2026-06-18,601318,14:50:57,49.4500,242,1
2026-06-18,601318,14:51:00,49.4400,415,2
2026-06-18,601318,14:51:04,49.4500,616,1
2026-06-18,601318,14:51:06,49.4500,188,1
2026-06-18,601318,14:51:10,49.4500,407,1
2026-06-18,601318,14:51:12,49.4500,147,1
2026-06-18,601318,14:51:15,49.4500,81,2
2026-06-18,601318,14:51:18,49.4500,1396,2
2026-06-18,601318,14:51:21,49.4500,122,2
2026-06-18,601318,14:51:24,49.4600,255,1
2026-06-18,601318,14:51:27,49.4400,536,2
2026-06-18,601318,14:51:30,49.4400,522,1
2026-06-18,601318,14:51:33,49.4300,263,1
2026-06-18,601318,14:51:37,49.4200,583,2
2026-06-18,601318,14:51:39,49.4200,481,1
2026-06-18,601318,14:51:42,49.4200,424,1
2026-06-18,601318,14:51:45,49.4200,707,1
2026-06-18,601318,14:51:48,49.4100,640,2
2026-06-18,601318,14:51:51,49.4100,448,1
2026-06-18,601318,14:51:54,49.4000,478,2
2026-06-18,601318,14:51:58,49.4200,374,1
2026-06-18,601318,14:52:00,49.4100,334,2
2026-06-18,601318,14:52:04,49.4000,1138,2
2026-06-18,601318,14:52:06,49.4100,178,4
2026-06-18,601318,14:52:10,49.4100,1811,1
2026-06-18,601318,14:52:12,49.4000,504,2
2026-06-18,601318,14:52:15,49.4100,232,1
2026-06-18,601318,14:52:18,49.4100,520,1
2026-06-18,601318,14:52:21,49.4100,627,1
2026-06-18,601318,14:52:24,49.4100,421,2
2026-06-18,601318,14:52:27,49.4000,756,2
2026-06-18,601318,14:52:31,49.4100,364,2
2026-06-18,601318,14:52:33,49.4100,487,1
2026-06-18,601318,14:52:37,49.4000,972,2
2026-06-18,601318,14:52:40,49.4000,870,1
2026-06-18,601318,14:52:42,49.4000,360,2
2026-06-18,601318,14:52:46,49.4000,872,1
2026-06-18,601318,14:52:48,49.3900,598,2
2026-06-18,601318,14:52:51,49.4000,206,2
2026-06-18,601318,14:52:54,49.4000,313,2
2026-06-18,601318,14:52:57,49.4000,241,2
2026-06-18,601318,14:53:00,49.4000,330,2
2026-06-18,601318,14:53:03,49.4100,642,4
2026-06-18,601318,14:53:06,49.4100,648,2
2026-06-18,601318,14:53:10,49.4200,131,1
2026-06-18,601318,14:53:13,49.4200,209,1
2026-06-18,601318,14:53:16,49.4200,264,1
2026-06-18,601318,14:53:18,49.4300,157,1
2026-06-18,601318,14:53:21,49.4200,213,2
2026-06-18,601318,14:53:25,49.4300,1897,1
2026-06-18,601318,14:53:27,49.4300,130,2
2026-06-18,601318,14:53:31,49.4300,418,2
2026-06-18,601318,14:53:33,49.4200,201,2
2026-06-18,601318,14:53:36,49.4100,560,2
2026-06-18,601318,14:53:39,49.4100,1031,2
2026-06-18,601318,14:53:42,49.4200,263,1
2026-06-18,601318,14:53:45,49.4100,307,2
2026-06-18,601318,14:53:48,49.4100,241,2
2026-06-18,601318,14:53:51,49.4100,446,2
2026-06-18,601318,14:53:55,49.4100,276,2
2026-06-18,601318,14:53:58,49.4200,475,1
2026-06-18,601318,14:54:01,49.4100,1521,2
2026-06-18,601318,14:54:04,49.4100,421,2
2026-06-18,601318,14:54:06,49.4000,1729,2
2026-06-18,601318,14:54:09,49.4100,690,1
2026-06-18,601318,14:54:13,49.4100,352,1
2026-06-18,601318,14:54:15,49.4100,204,1
2026-06-18,601318,14:54:19,49.4100,1128,1
2026-06-18,601318,14:54:21,49.4200,646,1
2026-06-18,601318,14:54:24,49.4100,229,2
2026-06-18,601318,14:54:27,49.4100,217,2
2026-06-18,601318,14:54:30,49.4100,272,2
2026-06-18,601318,14:54:34,49.4200,1715,1
2026-06-18,601318,14:54:36,49.4100,231,2
2026-06-18,601318,14:54:39,49.4300,213,1
2026-06-18,601318,14:54:43,49.4300,167,1
2026-06-18,601318,14:54:45,49.4300,83,1
2026-06-18,601318,14:54:48,49.4200,193,2
2026-06-18,601318,14:54:51,49.4300,475,1
2026-06-18,601318,14:54:55,49.4200,206,2
2026-06-18,601318,14:54:57,49.4200,1437,2
2026-06-18,601318,14:55:00,49.4200,425,1
2026-06-18,601318,14:55:03,49.4200,827,1
2026-06-18,601318,14:55:06,49.4200,390,1
2026-06-18,601318,14:55:10,49.4400,315,1
2026-06-18,601318,14:55:12,49.4200,593,2
2026-06-18,601318,14:55:16,49.4400,668,1
2026-06-18,601318,14:55:19,49.4300,634,1
2026-06-18,601318,14:55:22,49.4200,596,2
2026-06-18,601318,14:55:24,49.4400,267,1
2026-06-18,601318,14:55:27,49.4300,1310,2
2026-06-18,601318,14:55:30,49.4300,320,1
2026-06-18,601318,14:55:34,49.4300,401,1
2026-06-18,601318,14:55:36,49.4400,313,1
2026-06-18,601318,14:55:40,49.4400,227,1
2026-06-18,601318,14:55:42,49.4400,352,1
2026-06-18,601318,14:55:45,49.4400,199,1
2026-06-18,601318,14:55:48,49.4400,910,1
2026-06-18,601318,14:55:51,49.4500,107,1
2026-06-18,601318,14:55:54,49.4500,1343,1
2026-06-18,601318,14:55:57,49.4500,342,1
2026-06-18,601318,14:56:01,49.4500,449,1
2026-06-18,601318,14:56:03,49.4600,1091,1
2026-06-18,601318,14:56:07,49.4700,124,4
2026-06-18,601318,14:56:10,49.4800,218,1
2026-06-18,601318,14:56:12,49.5000,887,1
2026-06-18,601318,14:56:15,49.5000,419,1
2026-06-18,601318,14:56:19,49.5000,321,1
2026-06-18,601318,14:56:21,49.5100,216,1
2026-06-18,601318,14:56:24,49.5000,450,2
2026-06-18,601318,14:56:27,49.5100,423,1
2026-06-18,601318,14:56:30,49.5300,254,1
2026-06-18,601318,14:56:33,49.5300,213,2
2026-06-18,601318,14:56:36,49.5200,1219,2
2026-06-18,601318,14:56:39,49.5100,1195,2
2026-06-18,601318,14:56:42,49.5100,537,1
2026-06-18,601318,14:56:45,49.4900,686,2
2026-06-18,601318,14:56:48,49.4900,397,1
2026-06-18,601318,14:56:51,49.5000,448,1
2026-06-18,601318,14:56:54,49.5000,134,1
2026-06-18,601318,14:56:58,49.5000,284,2
2026-06-18,601318,14:57:00,49.5100,80,1
2026-06-18,601318,15:00:04,49.3800,45532,4
2026-06-18,601318,13:17:06,49.8100,585,1
2026-06-18,601318,13:17:09,49.8100,114,1
2026-06-18,601318,13:17:12,49.8200,106,1
2026-06-18,601318,13:17:15,49.8100,234,2
2026-06-18,601318,13:17:18,49.8200,219,1
2026-06-18,601318,13:17:22,49.8200,137,1
2026-06-18,601318,13:17:25,49.8100,195,2
2026-06-18,601318,13:17:27,49.8200,125,1
2026-06-18,601318,13:17:30,49.8200,323,1
2026-06-18,601318,13:17:34,49.8200,102,1
2026-06-18,601318,13:17:36,49.8200,420,1
2026-06-18,601318,13:17:40,49.8200,1054,1
2026-06-18,601318,13:17:43,49.8200,381,1
2026-06-18,601318,13:17:46,49.8200,131,1
2026-06-18,601318,13:17:48,49.8200,235,1
2026-06-18,601318,13:17:51,49.8200,2670,2
2026-06-18,601318,13:17:54,49.8200,97,1
2026-06-18,601318,13:17:58,49.8200,125,4
2026-06-18,601318,13:18:00,49.8100,118,2
2026-06-18,601318,13:18:04,49.8200,158,1
2026-06-18,601318,13:18:06,49.8200,259,1
2026-06-18,601318,13:18:10,49.8200,79,1
2026-06-18,601318,13:18:12,49.8200,87,1
2026-06-18,601318,13:18:16,49.8200,142,1
2026-06-18,601318,13:18:18,49.8200,386,1
2026-06-18,601318,13:18:21,49.8200,115,1
2026-06-18,601318,13:18:25,49.8200,320,1
2026-06-18,601318,13:18:27,49.8200,143,1
2026-06-18,601318,13:18:30,49.8100,262,2
2026-06-18,601318,13:18:34,49.8200,268,1
2026-06-18,601318,13:18:36,49.8200,204,1
2026-06-18,601318,13:18:39,49.8100,178,2
2026-06-18,601318,13:18:43,49.8200,144,1
2026-06-18,601318,13:18:45,49.8200,190,1
2026-06-18,601318,13:18:48,49.8100,377,2
2026-06-18,601318,13:18:52,49.8300,356,1
2026-06-18,601318,13:18:54,49.8200,1801,2
2026-06-18,601318,13:18:58,49.8200,173,4
2026-06-18,601318,13:19:00,49.8100,286,2
2026-06-18,601318,13:19:03,49.8300,213,1
2026-06-18,601318,13:19:07,49.8200,92,4
2026-06-18,601318,13:19:09,49.8200,228,1
2026-06-18,601318,13:19:13,49.8200,446,2
2026-06-18,601318,13:19:15,49.8200,536,1
2026-06-18,601318,13:19:18,49.8200,35,1
2026-06-18,601318,13:19:22,49.8200,115,1
2026-06-18,601318,13:19:24,49.8200,211,1
2026-06-18,601318,13:19:28,49.8200,164,1
2026-06-18,601318,13:19:30,49.8100,215,2
2026-06-18,601318,13:19:34,49.8200,28,4
2026-06-18,601318,13:19:37,49.8200,168,2
2026-06-18,601318,13:19:39,49.8200,42,1
2026-06-18,601318,13:19:43,49.8200,615,2
2026-06-18,601318,13:19:45,49.8200,113,1
2026-06-18,601318,13:19:49,49.8100,540,2
2026-06-18,601318,13:19:52,49.8100,368,1
2026-06-18,601318,13:19:54,49.8200,184,1
2026-06-18,601318,13:19:57,49.8200,128,1
2026-06-18,601318,13:20:00,49.8200,65,1
2026-06-18,601318,13:20:03,49.8200,90,1
2026-06-18,601318,13:20:06,49.8200,182,1
2026-06-18,601318,13:20:09,49.8200,2105,1
2026-06-18,601318,13:20:12,49.8200,128,1
2026-06-18,601318,13:20:16,49.8200,123,1
2026-06-18,601318,13:20:18,49.8200,189,1
2026-06-18,601318,13:20:22,49.8000,4007,2
2026-06-18,601318,13:20:25,49.8100,114,4
2026-06-18,601318,13:20:27,49.8100,298,1
2026-06-18,601318,13:20:31,49.8100,161,1
2026-06-18,601318,13:20:33,49.8100,91,2
2026-06-18,601318,13:20:36,49.8100,229,2
2026-06-18,601318,13:20:39,49.8100,70,2
2026-06-18,601318,13:20:42,49.8200,128,1
2026-06-18,601318,13:20:45,49.8200,65,1
2026-06-18,601318,13:20:48,49.8200,55,1
2026-06-18,601318,13:20:52,49.8200,330,1
2026-06-18,601318,13:20:55,49.8100,1586,2
2026-06-18,601318,13:20:57,49.8200,102,1
2026-06-18,601318,13:21:01,49.8200,333,2
2026-06-18,601318,13:21:03,49.8200,87,1
2026-06-18,601318,13:21:06,49.8200,107,1
2026-06-18,601318,13:21:09,49.8200,101,1
2026-06-18,601318,13:21:12,49.8200,100,1
2026-06-18,601318,13:21:15,49.8200,178,1
2026-06-18,601318,13:21:18,49.8100,287,2
2026-06-18,601318,13:21:21,49.8200,85,1
2026-06-18,601318,13:21:25,49.8200,850,2
2026-06-18,601318,13:21:27,49.8200,154,1
2026-06-18,601318,13:21:30,49.8200,97,2
2026-06-18,601318,13:21:33,49.8300,239,1
2026-06-18,601318,13:21:37,49.8200,140,2
2026-06-18,601318,13:21:39,49.8200,478,1
2026-06-18,601318,13:21:42,49.8200,95,1
2026-06-18,601318,13:21:46,49.8100,1097,2
2026-06-18,601318,13:21:48,49.8100,1915,1
2026-06-18,601318,13:21:52,49.7900,3263,2
2026-06-18,601318,13:21:55,49.7900,642,2
2026-06-18,601318,13:21:57,49.8000,222,1
2026-06-18,601318,13:22:00,49.7800,2127,2
2026-06-18,601318,13:22:04,49.7900,2080,1
2026-06-18,601318,13:22:06,49.7800,2610,2
2026-06-18,601318,13:22:09,49.7700,3172,2
2026-06-18,601318,13:22:12,49.7400,2140,2
2026-06-18,601318,13:22:16,49.7300,262,4
2026-06-18,601318,13:22:19,49.7300,977,1
2026-06-18,601318,13:22:21,49.7200,214,4
2026-06-18,601318,13:22:25,49.7100,405,2
2026-06-18,601318,13:22:27,49.7000,619,2
2026-06-18,601318,13:22:30,49.7000,2201,2
2026-06-18,601318,13:22:33,49.6900,671,2
2026-06-18,601318,13:22:36,49.7000,925,1
2026-06-18,601318,13:22:39,49.6900,783,1
2026-06-18,601318,13:22:42,49.6800,1256,2
2026-06-18,601318,13:22:45,49.6800,839,1
2026-06-18,601318,13:22:48,49.6700,1100,2
2026-06-18,601318,13:22:51,49.6700,272,1
2026-06-18,601318,13:22:54,49.6600,817,2
2026-06-18,601318,13:22:57,49.6600,303,2
2026-06-18,601318,13:23:01,49.6500,609,2
2026-06-18,601318,13:23:03,49.6600,798,2
2026-06-18,601318,13:23:07,49.6400,581,2
2026-06-18,601318,13:23:10,49.6600,522,2
2026-06-18,601318,13:23:13,49.6500,536,2
2026-06-18,601318,13:23:16,49.6500,535,1
2026-06-18,601318,13:23:19,49.6400,600,2
2026-06-18,601318,13:23:22,49.6400,1265,1
2026-06-18,601318,13:23:24,49.6000,539,2
2026-06-18,601318,13:23:27,49.6400,1122,1
2026-06-18,601318,13:23:30,49.6300,441,2
2026-06-18,601318,13:23:33,49.6300,244,2
2026-06-18,601318,13:23:37,49.6300,267,2
2026-06-18,601318,13:23:39,49.6200,1262,2
2026-06-18,601318,13:23:42,49.6100,880,2
2026-06-18,601318,13:23:46,49.6200,328,1
2026-06-18,601318,13:23:49,49.6100,1305,2
2026-06-18,601318,13:23:52,49.6200,372,2
2026-06-18,601318,13:23:54,49.6500,2378,1
2026-06-18,601318,13:23:57,49.6200,113,2
2026-06-18,601318,13:24:00,49.6200,823,2
2026-06-18,601318,13:24:03,49.6400,158,1
2026-06-18,601318,13:24:06,49.6100,295,2
2026-06-18,601318,13:24:09,49.6600,1027,1
2026-06-18,601318,13:24:13,49.6500,367,2
2026-06-18,601318,13:24:15,49.6500,186,2
2026-06-18,601318,13:24:18,49.6200,226,2
2026-06-18,601318,13:24:21,49.6300,97,2
2026-06-18,601318,13:24:24,49.6300,95,2
2026-06-18,601318,13:24:28,49.6500,226,1
2026-06-18,601318,13:24:30,49.6500,260,2
2026-06-18,601318,13:24:34,49.6600,433,1
2026-06-18,601318,13:24:36,49.6500,353,2
2026-06-18,601318,13:24:40,49.6500,253,1
2026-06-18,601318,13:24:42,49.6600,212,1
2026-06-18,601318,13:24:45,49.6500,211,2
2026-06-18,601318,13:24:48,49.6500,168,2
2026-06-18,601318,13:24:51,49.6600,364,1
2026-06-18,601318,13:24:54,49.6600,344,4
2026-06-18,601318,13:24:57,49.6800,351,1
2026-06-18,601318,13:25:00,49.6700,141,2
2026-06-18,601318,13:25:03,49.6800,183,1
2026-06-18,601318,13:25:07,49.6800,408,1
2026-06-18,601318,13:25:09,49.6900,389,4
2026-06-18,601318,13:25:12,49.6900,214,1
2026-06-18,601318,13:25:16,49.6800,319,2
2026-06-18,601318,13:25:18,49.6900,235,1
2026-06-18,601318,13:25:21,49.7000,144,1
2026-06-18,601318,13:25:25,49.7000,917,1
2026-06-18,601318,13:25:27,49.7100,64,1
2026-06-18,601318,13:25:31,49.7100,570,1
2026-06-18,601318,13:25:34,49.7200,259,1
2026-06-18,601318,13:25:36,49.7200,517,1
2026-06-18,601318,13:25:40,49.7000,731,2
2026-06-18,601318,13:25:43,49.6900,568,2
2026-06-18,601318,13:25:45,49.6900,495,2
2026-06-18,601318,13:25:49,49.6800,548,2
2026-06-18,601318,13:25:52,49.6700,372,2
2026-06-18,601318,13:25:54,49.6700,279,1
2026-06-18,601318,13:25:58,49.6600,364,2
2026-06-18,601318,13:26:00,49.6700,135,1
2026-06-18,601318,13:26:03,49.6600,375,2
2026-06-18,601318,13:26:06,49.6700,648,1
2026-06-18,601318,13:26:09,49.6600,396,2
2026-06-18,601318,13:26:13,49.6600,546,2
2026-06-18,601318,13:26:15,49.6600,656,1
2026-06-18,601318,13:26:19,49.6600,725,1
2026-06-18,601318,13:26:21,49.6600,459,1
2026-06-18,601318,13:26:25,49.6600,350,2
2026-06-18,601318,13:26:27,49.6600,309,2
2026-06-18,601318,13:26:31,49.6600,247,1
2026-06-18,601318,13:26:33,49.6600,100,1
2026-06-18,601318,13:26:36,49.6600,535,1
2026-06-18,601318,13:26:39,49.6500,763,2
2026-06-18,601318,13:26:42,49.6700,2638,1
2026-06-18,601318,13:26:45,49.6600,822,2
2026-06-18,601318,13:26:49,49.6600,386,2
2026-06-18,601318,13:26:51,49.6600,189,2
2026-06-18,601318,13:26:54,49.6800,673,1
2026-06-18,601318,13:26:57,49.6800,204,2
2026-06-18,601318,13:27:00,49.6700,195,2
2026-06-18,601318,13:27:03,49.6900,177,1
2026-06-18,601318,13:27:06,49.6900,431,1
2026-06-18,601318,13:27:09,49.7000,417,1
2026-06-18,601318,13:27:12,49.7000,242,1
2026-06-18,601318,13:27:15,49.7100,117,1
2026-06-18,601318,13:27:18,49.7100,23,1
2026-06-18,601318,13:27:21,49.7100,176,1
2026-06-18,601318,13:27:24,49.6900,408,2
2026-06-18,601318,13:27:28,49.7100,218,1
2026-06-18,601318,13:27:30,49.7000,867,2
2026-06-18,601318,13:27:33,49.7000,260,1
2026-06-18,601318,13:27:36,49.6900,258,2
2026-06-18,601318,13:27:39,49.6900,183,1
2026-06-18,601318,13:27:43,49.6800,290,2
2026-06-18,601318,13:27:45,49.6800,331,1
2026-06-18,601318,13:27:48,49.6800,335,1
2026-06-18,601318,13:27:51,49.6600,364,2
2026-06-18,601318,13:27:54,49.6600,927,2
2026-06-18,601318,13:27:57,49.6600,319,1
2026-06-18,601318,13:28:00,49.6600,607,2
2026-06-18,601318,13:28:03,49.6500,669,2
2026-06-18,601318,13:28:06,49.6500,1236,2
2026-06-18,601318,13:28:10,49.6400,787,2
2026-06-18,601318,13:28:12,49.6400,1895,1
2026-06-18,601318,13:28:15,49.6300,1107,2
2026-06-18,601318,13:28:18,49.6300,822,1
2026-06-18,601318,13:28:22,49.6400,792,1
2026-06-18,601318,13:28:25,49.6300,356,2
2026-06-18,601318,13:28:28,49.6400,474,1
2026-06-18,601318,13:28:31,49.6200,337,2
2026-06-18,601318,13:28:34,49.6100,329,2
2026-06-18,601318,13:28:36,49.6100,400,2
2026-06-18,601318,13:28:40,49.6200,368,1
2026-06-18,601318,13:28:43,49.6200,367,1
2026-06-18,601318,13:28:45,49.6100,315,2
2026-06-18,601318,13:28:48,49.6100,842,2
2026-06-18,601318,13:28:51,49.6200,371,1
2026-06-18,601318,13:28:54,49.6000,437,2
2026-06-18,601318,13:28:57,49.6000,323,2
2026-06-18,601318,13:29:00,49.6100,272,2
2026-06-18,601318,13:29:03,49.6200,1234,1
2026-06-18,601318,13:29:06,49.6200,233,2
2026-06-18,601318,13:29:09,49.6200,287,1
2026-06-18,601318,13:29:12,49.6300,87,4
2026-06-18,601318,13:29:16,49.6200,88,2
2026-06-18,601318,13:29:18,49.6200,353,2
2026-06-18,601318,13:29:22,49.6300,77,1
2026-06-18,601318,13:29:25,49.6300,698,1
2026-06-18,601318,13:29:27,49.6300,141,1
2026-06-18,601318,13:29:30,49.6300,407,1
2026-06-18,601318,13:29:34,49.6200,205,2
2026-06-18,601318,13:29:36,49.6300,248,4
2026-06-18,601318,13:29:39,49.6300,93,1
2026-06-18,601318,13:29:43,49.6300,207,2
2026-06-18,601318,13:29:45,49.6300,110,1
2026-06-18,601318,13:29:48,49.6400,188,1
2026-06-18,601318,13:29:51,49.6400,493,1
2026-06-18,601318,13:29:55,49.6300,437,2
2026-06-18,601318,13:29:57,49.6300,168,1
2026-06-18,601318,13:30:01,49.6300,201,1
2026-06-18,601318,13:30:03,49.6300,241,1
2026-06-18,601318,13:30:06,49.6300,320,1
2026-06-18,601318,13:30:09,49.6300,166,2
2026-06-18,601318,13:30:12,49.6400,382,1
2026-06-18,601318,13:30:15,49.6400,121,1
2026-06-18,601318,13:30:19,49.6300,144,2
2026-06-18,601318,13:30:21,49.6400,87,1
2026-06-18,601318,13:30:24,49.6400,173,1
2026-06-18,601318,13:30:27,49.6400,251,1
2026-06-18,601318,13:30:31,49.6300,238,2
2026-06-18,601318,13:30:33,49.6300,251,1
2026-06-18,601318,13:30:36,49.6300,601,1
2026-06-18,601318,13:30:40,49.6200,310,2
2026-06-18,601318,13:30:42,49.6300,252,1
2026-06-18,601318,13:30:46,49.6200,168,4
2026-06-18,601318,13:30:48,49.6200,181,1
2026-06-18,601318,13:30:51,49.6200,301,1
2026-06-18,601318,13:30:55,49.6200,228,1
2026-06-18,601318,13:30:57,49.6200,253,1
2026-06-18,601318,13:31:00,49.6200,231,2
2026-06-18,601318,13:31:04,49.6200,332,2
2026-06-18,601318,13:31:07,49.6200,319,1
2026-06-18,601318,13:31:10,49.6200,714,1
2026-06-18,601318,13:31:12,49.6200,587,1
2026-06-18,601318,13:31:16,49.6200,192,1
2026-06-18,601318,13:31:18,49.6200,222,1
2026-06-18,601318,13:31:21,49.6200,163,1
2026-06-18,601318,13:31:25,49.6200,110,1
2026-06-18,601318,13:31:27,49.6100,133,2
2026-06-18,601318,13:31:30,49.6100,292,2
2026-06-18,601318,13:31:33,49.6200,713,1
2026-06-18,601318,13:31:36,49.6200,246,1
2026-06-18,601318,13:31:39,49.6100,517,2
2026-06-18,601318,13:31:42,49.6100,327,1
2026-06-18,601318,13:31:46,49.6100,172,1
2026-06-18,601318,13:31:48,49.6100,481,1
2026-06-18,601318,13:31:51,49.6100,427,1
2026-06-18,601318,13:31:54,49.6100,433,1
2026-06-18,601318,13:31:57,49.6100,198,1
2026-06-18,601318,13:32:01,49.6100,919,2
2026-06-18,601318,13:32:04,49.6100,101,2
2026-06-18,601318,13:32:06,49.6200,135,1
2026-06-18,601318,13:32:09,49.6200,208,1
2026-06-18,601318,13:32:13,49.6000,571,2
2026-06-18,601318,13:32:15,49.6000,338,2
2026-06-18,601318,13:32:18,49.6100,197,1
2026-06-18,601318,13:32:21,49.6100,351,1
2026-06-18,601318,13:32:24,49.6100,436,1
2026-06-18,601318,13:32:28,49.6100,335,1
2026-06-18,601318,13:32:30,49.6100,58,2
2026-06-18,601318,13:32:34,49.6100,216,2
2026-06-18,601318,13:32:37,49.6200,166,1
2026-06-18,601318,13:32:39,49.6200,237,1
2026-06-18,601318,13:32:43,49.6100,76,2
2026-06-18,601318,13:32:45,49.6200,123,1
2026-06-18,601318,13:32:49,49.6200,57,1
2026-06-18,601318,13:32:51,49.6100,196,2
2026-06-18,601318,13:32:54,49.6200,118,1
2026-06-18,601318,13:32:57,49.6100,128,2
2026-06-18,601318,13:33:00,49.6200,252,1
2026-06-18,601318,13:33:04,49.6200,143,1
2026-06-18,601318,13:33:06,49.6200,46,1
2026-06-18,601318,13:33:10,49.6200,177,1
2026-06-18,601318,13:33:12,49.6200,698,1
2026-06-18,601318,13:33:15,49.6200,367,1
2026-06-18,601318,13:33:18,49.6200,180,1
2026-06-18,601318,13:33:21,49.6200,190,1
2026-06-18,601318,13:33:24,49.6200,770,1
2026-06-18,601318,13:33:27,49.6200,83,1
2026-06-18,601318,13:33:30,49.6100,166,2
2026-06-18,601318,13:33:34,49.6200,196,1
2026-06-18,601318,13:33:36,49.6100,205,2
2026-06-18,601318,13:33:39,49.6200,253,1
2026-06-18,601318,13:33:42,49.6200,183,1
2026-06-18,601318,13:33:46,49.6200,100,1
2026-06-18,601318,13:33:48,49.6100,138,2
2026-06-18,601318,13:33:51,49.6200,104,1
2026-06-18,601318,13:33:54,49.6500,3467,1
2026-06-18,601318,13:33:57,49.6700,576,1
2026-06-18,601318,13:34:01,49.6400,146,2
2026-06-18,601318,13:34:03,49.6500,134,1
2026-06-18,601318,13:34:07,49.6500,93,1
2026-06-18,601318,13:34:09,49.6500,601,1
2026-06-18,601318,13:34:12,49.6500,250,2
2026-06-18,601318,13:34:16,49.6600,146,1
2026-06-18,601318,13:34:18,49.6600,57,2
2026-06-18,601318,13:34:21,49.6800,246,1
2026-06-18,601318,13:34:25,49.6600,204,2
2026-06-18,601318,13:34:27,49.6700,90,4
2026-06-18,601318,13:34:30,49.6700,1356,2
2026-06-18,601318,13:34:33,49.6800,131,1
2026-06-18,601318,13:34:36,49.6700,259,2
2026-06-18,601318,13:34:40,49.6700,116,1
2026-06-18,601318,13:34:42,49.6700,149,1
2026-06-18,601318,13:34:45,49.6700,200,1
2026-06-18,601318,13:34:49,49.6700,86,1
2026-06-18,601318,13:34:52,49.6700,339,1
2026-06-18,601318,13:34:54,49.6600,110,2
2026-06-18,601318,13:34:57,49.6700,114,2
2026-06-18,601318,13:35:00,49.6700,518,1
2026-06-18,601318,13:35:04,49.6800,165,1
2026-06-18,601318,13:35:06,49.6800,221,1
2026-06-18,601318,13:35:09,49.6800,119,1
2026-06-18,601318,13:35:12,49.6900,37,1
2026-06-18,601318,13:35:15,49.6800,339,2
2026-06-18,601318,13:35:19,49.7000,89,1
2026-06-18,601318,13:35:21,49.6900,93,2
2026-06-18,601318,13:35:24,49.6900,224,1
2026-06-18,601318,13:35:27,49.7000,164,1
2026-06-18,601318,13:35:31,49.6800,276,2
2026-06-18,601318,13:35:33,49.6900,628,1
2026-06-18,601318,13:35:36,49.6900,478,1
2026-06-18,601318,13:35:39,49.6800,165,4
2026-06-18,601318,13:35:43,49.6800,297,1
2026-06-18,601318,13:35:45,49.6900,85,1
2026-06-18,601318,13:35:49,49.6800,77,2
2026-06-18,601318,13:35:51,49.6800,185,2
2026-06-18,601318,13:35:54,49.6800,328,2
2026-06-18,601318,13:35:57,49.6900,83,1
2026-06-18,601318,13:36:01,49.6800,463,2
2026-06-18,601318,13:36:04,49.6900,74,1
2026-06-18,601318,13:36:06,49.6900,120,1
2026-06-18,601318,13:36:09,49.7000,80,1
2026-06-18,601318,13:36:13,49.7000,411,1
2026-06-18,601318,13:36:15,49.7000,89,1
2026-06-18,601318,13:36:18,49.7000,562,1
2026-06-18,601318,13:36:22,49.7000,391,1
2026-06-18,601318,13:36:24,49.7000,184,1
2026-06-18,601318,13:36:27,49.7000,294,1
2026-06-18,601318,13:36:30,49.6900,541,2
2026-06-18,601318,13:36:33,49.7000,284,1
2026-06-18,601318,13:36:36,49.7000,354,1
2026-06-18,601318,13:36:40,49.7000,125,1
2026-06-18,601318,13:36:42,49.7100,30,1
2026-06-18,601318,13:36:45,49.7000,16,2
2026-06-18,601318,13:36:48,49.7100,54,1
2026-06-18,601318,13:36:51,49.7000,128,2
2026-06-18,601318,13:36:54,49.7000,407,2
2026-06-18,601318,13:36:57,49.7000,219,2
2026-06-18,601318,13:37:00,49.7000,1222,2
2026-06-18,601318,13:37:04,49.7100,633,1
2026-06-18,601318,13:37:07,49.7000,342,2
2026-06-18,601318,13:37:09,49.7000,167,2
2026-06-18,601318,13:37:12,49.7000,79,2
2026-06-18,601318,13:37:15,49.7000,82,2
2026-06-18,601318,13:37:18,49.7100,85,1
2026-06-18,601318,13:37:21,49.7000,94,2
2026-06-18,601318,13:37:25,49.7100,120,1
2026-06-18,601318,13:37:27,49.7100,163,1
2026-06-18,601318,13:37:30,49.7100,165,1
2026-06-18,601318,13:37:33,49.7100,56,1
2026-06-18,601318,13:37:36,49.7100,114,1
2026-06-18,601318,13:37:40,49.7100,171,1
2026-06-18,601318,13:37:42,49.7100,528,1
2026-06-18,601318,13:37:45,49.7200,86,1
2026-06-18,601318,13:37:48,49.7200,16,1
2026-06-18,601318,13:37:52,49.7200,960,1
2026-06-18,601318,13:37:54,49.7400,21,1
2026-06-18,601318,13:37:58,49.7500,157,1
2026-06-18,601318,13:38:00,49.7400,59,2
2026-06-18,601318,13:38:04,49.7500,306,1
2026-06-18,601318,13:38:07,49.7500,70,1
2026-06-18,601318,13:38:09,49.7500,164,1
2026-06-18,601318,13:38:13,49.7600,82,1
2026-06-18,601318,13:38:15,49.7600,128,1
2026-06-18,601318,13:38:18,49.7600,201,1
2026-06-18,601318,13:38:22,49.7600,191,2
2026-06-18,601318,13:38:24,49.7700,177,1
2026-06-18,601318,13:38:27,49.7700,142,1
2026-06-18,601318,13:38:30,49.7700,541,1
2026-06-18,601318,13:38:33,49.7800,158,1
2026-06-18,601318,13:38:36,49.7800,212,1
2026-06-18,601318,13:38:39,49.7800,121,1
2026-06-18,601318,13:38:43,49.7800,57,2
2026-06-18,601318,13:38:45,49.7800,122,2
2026-06-18,601318,13:38:49,49.7900,914,1
2026-06-18,601318,13:38:51,49.7900,213,1
2026-06-18,601318,13:38:54,49.7900,257,1
2026-06-18,601318,13:38:57,49.7900,231,1
2026-06-18,601318,13:39:01,49.7900,60,2
2026-06-18,601318,13:39:03,49.7900,143,2
2026-06-18,601318,13:39:06,49.7900,132,2
2026-06-18,601318,13:39:09,49.8000,151,1
2026-06-18,601318,13:39:12,49.8000,339,1
2026-06-18,601318,13:39:16,49.8000,427,1
2026-06-18,601318,13:39:18,49.8000,89,2
2026-06-18,601318,13:39:22,49.8000,212,2
2026-06-18,601318,13:39:25,49.7900,842,2
2026-06-18,601318,13:39:27,49.7900,123,1
2026-06-18,601318,13:39:30,49.7800,423,2
2026-06-18,601318,13:39:34,49.7800,385,2
2026-06-18,601318,13:39:36,49.7800,162,1
2026-06-18,601318,13:39:39,49.7900,85,1
2026-06-18,601318,13:39:42,49.7900,178,1
2026-06-18,601318,13:39:45,49.7900,169,1
2026-06-18,601318,13:39:48,49.7800,77,2
2026-06-18,601318,13:39:51,49.7800,346,1
2026-06-18,601318,13:39:55,49.7900,79,1
2026-06-18,601318,13:39:58,49.7800,1233,2
2026-06-18,601318,13:40:00,49.7600,358,2
2026-06-18,601318,13:40:03,49.7500,366,2
2026-06-18,601318,13:40:06,49.7600,99,1
2026-06-18,601318,13:40:09,49.7600,168,2
2026-06-18,601318,13:40:12,49.7600,65,1
2026-06-18,601318,13:40:15,49.7600,186,1
2026-06-18,601318,13:40:18,49.7600,247,1
2026-06-18,601318,13:40:21,49.7500,167,2
2026-06-18,601318,13:40:24,49.7600,887,1
2026-06-18,601318,13:40:27,49.7500,429,2
2026-06-18,601318,13:40:30,49.7400,185,2
2026-06-18,601318,13:40:34,49.7400,182,2
2026-06-18,601318,13:40:36,49.7500,105,1
2026-06-18,601318,13:40:40,49.7300,153,2
2026-06-18,601318,13:40:42,49.7300,55,2
2026-06-18,601318,13:40:45,49.7300,191,2
2026-06-18,601318,13:40:48,49.7200,268,2
2026-06-18,601318,13:40:51,49.7100,746,2
2026-06-18,601318,13:40:54,49.7100,141,2
2026-06-18,601318,13:40:57,49.7200,375,1
2026-06-18,601318,13:41:01,49.7100,188,2
2026-06-18,601318,13:41:03,49.7100,251,1
2026-06-18,601318,13:41:06,49.7100,720,1
2026-06-18,601318,13:41:09,49.7100,312,1
2026-06-18,601318,13:41:12,49.7000,261,2
2026-06-18,601318,13:41:16,49.7000,3537,2
2026-06-18,601318,13:41:18,49.6900,844,2
2026-06-18,601318,13:41:21,49.6800,884,2
2026-06-18,601318,13:41:24,49.6800,140,1
2026-06-18,601318,13:41:27,49.6700,204,2
2026-06-18,601318,13:41:30,49.6700,275,2
2026-06-18,601318,13:41:33,49.6800,618,1
2026-06-18,601318,13:41:36,49.6700,74,4
2026-06-18,601318,13:41:39,49.6600,221,2
2026-06-18,601318,13:41:43,49.6700,222,1
2026-06-18,601318,13:41:45,49.6600,769,2
2026-06-18,601318,13:41:49,49.6600,257,2
2026-06-18,601318,13:41:51,49.6600,443,2
2026-06-18,601318,13:41:55,49.6600,305,1
2026-06-18,601318,13:41:57,49.6600,124,1
2026-06-18,601318,13:42:00,49.6600,208,1
2026-06-18,601318,13:42:03,49.6500,545,2
2026-06-18,601318,13:42:06,49.6600,281,1
2026-06-18,601318,13:42:09,49.6500,480,2
2026-06-18,601318,13:42:13,49.6400,318,2
2026-06-18,601318,13:42:16,49.6300,184,2
2026-06-18,601318,13:42:19,49.6300,184,2
2026-06-18,601318,13:42:22,49.6300,135,1
2026-06-18,601318,13:42:24,49.6300,88,1
2026-06-18,601318,13:42:27,49.6200,217,2
2026-06-18,601318,13:42:30,49.6300,264,1
2026-06-18,601318,13:42:34,49.6300,87,1
2026-06-18,601318,13:42:36,49.6300,176,1
2026-06-18,601318,13:42:39,49.6200,325,2
2026-06-18,601318,13:42:43,49.6300,180,1
2026-06-18,601318,13:42:46,49.6200,464,2
2026-06-18,601318,13:42:48,49.6200,154,1
2026-06-18,601318,13:42:52,49.6200,194,1
2026-06-18,601318,13:42:54,49.6200,120,1
2026-06-18,601318,13:42:57,49.6200,672,2
2026-06-18,601318,13:43:00,49.6200,76,2
2026-06-18,601318,13:43:03,49.6300,42,1
2026-06-18,601318,13:43:07,49.6300,221,1
2026-06-18,601318,13:43:10,49.6300,431,1
2026-06-18,601318,13:43:12,49.6200,754,2
2026-06-18,601318,13:43:15,49.6200,252,1
2026-06-18,601318,13:43:19,49.6200,303,1
2026-06-18,601318,13:43:21,49.6200,139,1
2026-06-18,601318,13:43:25,49.6200,201,2
2026-06-18,601318,13:43:28,49.6200,152,2
2026-06-18,601318,13:43:31,49.6300,260,1
2026-06-18,601318,13:43:33,49.6300,76,1
2026-06-18,601318,13:43:36,49.6300,144,1
2026-06-18,601318,13:43:39,49.6200,109,2
2026-06-18,601318,13:43:42,49.6200,158,2
2026-06-18,601318,13:43:45,49.6200,308,2
2026-06-18,601318,13:43:49,49.6200,112,2
2026-06-18,601318,13:43:51,49.6200,124,2
2026-06-18,601318,13:43:54,49.6300,377,1
2026-06-18,601318,13:43:57,49.6300,221,1
2026-06-18,601318,13:44:00,49.6300,351,1
2026-06-18,601318,13:44:03,49.6300,62,1
2026-06-18,601318,13:44:06,49.6300,168,1
2026-06-18,601318,13:44:09,49.6300,98,1
2026-06-18,601318,13:44:12,49.6200,210,2
2026-06-18,601318,13:44:15,49.6300,59,1
2026-06-18,601318,13:44:18,49.6300,92,1
2026-06-18,601318,13:44:22,49.6300,189,1
2026-06-18,601318,13:44:24,49.6300,96,1
2026-06-18,601318,13:44:27,49.6300,298,1
2026-06-18,601318,13:44:30,49.6200,268,2
2026-06-18,601318,13:44:33,49.6200,3293,2
2026-06-18,601318,13:44:36,49.6200,193,1
2026-06-18,601318,13:44:39,49.6200,1490,1
2026-06-18,601318,13:44:43,49.6100,836,2
2026-06-18,601318,13:44:46,49.6100,173,1
2026-06-18,601318,13:44:48,49.6100,592,1
2026-06-18,601318,13:44:51,49.6100,164,2
2026-06-18,601318,13:44:54,49.6200,46,1
2026-06-18,601318,13:44:57,49.6200,102,1
2026-06-18,601318,13:45:01,49.6100,216,2
2026-06-18,601318,13:45:03,49.6200,71,1
2026-06-18,601318,13:45:06,49.6200,182,1
2026-06-18,601318,13:45:09,49.6200,187,1
2026-06-18,601318,13:45:12,49.6200,228,1
2026-06-18,601318,13:45:15,49.6200,312,1
2026-06-18,601318,13:45:18,49.6000,231,2
2026-06-18,601318,13:45:21,49.6100,327,1
2026-06-18,601318,13:45:24,49.6100,290,1
2026-06-18,601318,13:45:27,49.6100,163,1
2026-06-18,601318,13:45:30,49.6000,337,2
2026-06-18,601318,13:45:33,49.6100,72,1
2026-06-18,601318,13:45:36,49.6000,109,2
2026-06-18,601318,13:45:39,49.6100,459,1
2026-06-18,601318,13:45:42,49.6100,256,1
2026-06-18,601318,13:45:45,49.6100,126,1
2026-06-18,601318,13:45:48,49.6000,154,2
2026-06-18,601318,13:45:51,49.6100,102,1
2026-06-18,601318,13:45:54,49.6100,196,1
2026-06-18,601318,13:45:57,49.6100,301,1
2026-06-18,601318,13:46:00,49.6100,373,1
2026-06-18,601318,13:46:04,49.6000,252,2
2026-06-18,601318,13:46:06,49.6100,152,1
2026-06-18,601318,13:46:09,49.6100,152,1
2026-06-18,601318,13:46:12,49.6000,214,2
2026-06-18,601318,13:46:15,49.6100,604,1
2026-06-18,601318,13:46:18,49.6100,253,1
2026-06-18,601318,13:46:21,49.6100,404,1
2026-06-18,601318,13:46:24,49.6200,161,1
2026-06-18,601318,13:46:27,49.6200,418,1
2026-06-18,601318,13:46:30,49.6100,48,2
2026-06-18,601318,13:46:34,49.6200,152,1
2026-06-18,601318,13:46:37,49.6100,126,2
2026-06-18,601318,13:46:39,49.6200,169,1
2026-06-18,601318,13:46:42,49.6200,66,1
2026-06-18,601318,13:46:46,49.6200,878,1
2026-06-18,601318,13:46:48,49.6100,524,2
2026-06-18,601318,13:46:51,49.6100,109,1
2026-06-18,601318,13:46:54,49.6100,194,1
2026-06-18,601318,13:46:57,49.6100,231,1
2026-06-18,601318,13:47:00,49.6100,243,2
2026-06-18,601318,13:47:03,49.6100,159,1
2026-06-18,601318,13:47:07,49.6100,170,1
2026-06-18,601318,13:47:10,49.6100,769,2
2026-06-18,601318,13:47:12,49.6100,134,2
2026-06-18,601318,13:47:15,49.6100,205,2
2026-06-18,601318,13:47:18,49.6200,106,1
2026-06-18,601318,13:47:22,49.6200,95,1
2026-06-18,601318,13:47:24,49.6200,68,1
2026-06-18,601318,13:47:28,49.6100,329,2
2026-06-18,601318,13:47:30,49.6100,405,1
2026-06-18,601318,13:47:34,49.6100,424,1
2026-06-18,601318,13:47:37,49.6100,390,1
2026-06-18,601318,13:47:40,49.6100,174,1
2026-06-18,601318,13:47:42,49.6100,193,1
2026-06-18,601318,13:47:45,49.6100,324,1
2026-06-18,601318,13:47:48,49.6100,188,2
2026-06-18,601318,13:47:52,49.6200,285,1
2026-06-18,601318,13:47:55,49.6100,280,2
2026-06-18,601318,13:47:58,49.6100,358,2
2026-06-18,601318,13:48:00,49.6100,340,2
2026-06-18,601318,13:48:03,49.6000,370,2
2026-06-18,601318,13:48:06,49.6100,56,4
2026-06-18,601318,13:48:09,49.6100,128,1
2026-06-18,601318,13:48:12,49.6100,305,1
2026-06-18,601318,13:48:15,49.6100,395,1
2026-06-18,601318,13:48:18,49.6100,206,2
2026-06-18,601318,13:48:21,49.6100,713,1
2026-06-18,601318,13:48:24,49.6100,171,1
2026-06-18,601318,13:48:28,49.6100,195,1
2026-06-18,601318,13:48:30,49.6100,910,2
2026-06-18,601318,13:48:33,49.6100,151,1
2026-06-18,601318,13:48:36,49.6100,755,1
2026-06-18,601318,13:48:39,49.6100,128,2
2026-06-18,601318,13:48:42,49.6100,326,2
2026-06-18,601318,13:48:46,49.6100,145,2
2026-06-18,601318,13:48:48,49.6100,270,2
2026-06-18,601318,13:48:52,49.6200,199,1
2026-06-18,601318,13:48:54,49.6200,66,1
2026-06-18,601318,13:48:58,49.6100,338,2
2026-06-18,601318,13:49:00,49.6200,100,1
2026-06-18,601318,13:49:03,49.6200,616,1
2026-06-18,601318,13:49:06,49.6100,185,2
2026-06-18,601318,13:49:09,49.6200,148,1
2026-06-18,601318,13:49:13,49.6100,99,2
2026-06-18,601318,13:49:15,49.6000,154,2
2026-06-18,601318,13:49:19,49.6100,921,1
2026-06-18,601318,13:49:22,49.6100,186,1
2026-06-18,601318,13:49:25,49.6100,379,1
2026-06-18,601318,13:49:27,49.6000,250,2
2026-06-18,601318,13:49:30,49.6100,69,2
2026-06-18,601318,13:49:34,49.6100,193,2
2026-06-18,601318,13:49:36,49.6100,200,1
2026-06-18,601318,13:49:39,49.6100,204,1
2026-06-18,601318,13:49:42,49.6100,215,1
2026-06-18,601318,13:49:45,49.6100,110,1
2026-06-18,601318,13:49:48,49.6100,411,2
2026-06-18,601318,13:49:51,49.6100,294,2
2026-06-18,601318,13:49:54,49.6200,147,1
2026-06-18,601318,13:49:57,49.6100,153,2
2026-06-18,601318,13:50:00,49.6100,110,2
2026-06-18,601318,13:50:03,49.6200,194,1
2026-06-18,601318,13:50:07,49.6100,158,2
2026-06-18,601318,13:50:09,49.6200,94,1
2026-06-18,601318,13:50:12,49.6100,97,2
2026-06-18,601318,13:50:15,49.6200,69,1
2026-06-18,601318,13:50:18,49.6200,77,1
2026-06-18,601318,13:50:21,49.6200,44,1
2026-06-18,601318,13:50:24,49.6100,257,2
2026-06-18,601318,13:50:28,49.6200,135,1
2026-06-18,601318,13:50:30,49.6100,129,2
2026-06-18,601318,13:50:33,49.6100,127,2
2026-06-18,601318,13:50:36,49.6200,85,1
2026-06-18,601318,13:50:40,49.6200,159,1
2026-06-18,601318,13:50:42,49.6200,50,1
2026-06-18,601318,13:50:45,49.6200,267,1
2026-06-18,601318,13:50:48,49.6200,204,1
2026-06-18,601318,13:50:51,49.6200,444,1
2026-06-18,601318,13:50:55,49.6200,316,1
2026-06-18,601318,13:50:58,49.6200,602,1
2026-06-18,601318,13:51:00,49.6100,244,2
2026-06-18,601318,13:51:03,49.6200,1344,1
2026-06-18,601318,13:51:06,49.6200,510,1
2026-06-18,601318,13:51:10,49.6300,331,1
2026-06-18,601318,13:51:13,49.6300,149,1
2026-06-18,601318,13:51:16,49.6400,802,1
2026-06-18,601318,13:51:18,49.7100,391,1
2026-06-18,601318,13:51:21,49.6700,227,2
2026-06-18,601318,13:51:24,49.6800,48,2
2026-06-18,601318,13:51:27,49.7000,45,1
2026-06-18,601318,13:51:30,49.6800,69,2
2026-06-18,601318,13:51:34,49.7000,62,1
2026-06-18,601318,13:51:36,49.6900,259,1
2026-06-18,601318,13:51:39,49.7000,49,1
2026-06-18,601318,13:51:42,49.7000,34,1
2026-06-18,601318,13:51:46,49.7100,121,1
2026-06-18,601318,13:51:48,49.7100,57,1
2026-06-18,601318,13:51:52,49.7100,169,1
2026-06-18,601318,13:51:54,49.7100,127,1
2026-06-18,601318,13:51:57,49.7000,188,2
2026-06-18,601318,13:52:00,49.7000,291,2
2026-06-18,601318,13:52:04,49.7100,178,4
2026-06-18,601318,13:52:06,49.7100,287,1
2026-06-18,601318,13:52:10,49.7200,145,1
2026-06-18,601318,13:52:13,49.7200,272,1
2026-06-18,601318,13:52:15,49.7200,126,1
2026-06-18,601318,13:52:19,49.7200,203,2
2026-06-18,601318,13:52:22,49.7300,56,1
2026-06-18,601318,13:52:24,49.7300,180,1
2026-06-18,601318,13:52:27,49.7400,140,1
2026-06-18,601318,13:52:30,49.7300,100,2
2026-06-18,601318,13:52:33,49.7400,192,1
2026-06-18,601318,13:52:37,49.7400,104,1
2026-06-18,601318,13:52:39,49.7400,99,2
2026-06-18,601318,13:52:42,49.7500,239,1
2026-06-18,601318,13:52:45,49.7500,84,1
2026-06-18,601318,13:52:48,49.7600,184,1
2026-06-18,601318,13:52:52,49.7500,120,2
2026-06-18,601318,13:52:55,49.7500,165,1
2026-06-18,601318,13:52:57,49.7500,210,1
2026-06-18,601318,13:53:00,49.7500,216,1
2026-06-18,601318,13:53:03,49.7600,186,1
2026-06-18,601318,13:53:06,49.7500,85,2
2026-06-18,601318,13:53:09,49.7600,168,1
2026-06-18,601318,13:53:12,49.7600,87,1
2026-06-18,601318,13:53:15,49.7500,253,2
2026-06-18,601318,13:53:18,49.7500,259,2
2026-06-18,601318,13:53:22,49.7300,468,2
2026-06-18,601318,13:53:24,49.6900,2532,2
2026-06-18,601318,13:53:28,49.6900,330,2
2026-06-18,601318,13:53:30,49.7000,231,1
2026-06-18,601318,13:53:34,49.6900,139,2
2026-06-18,601318,13:53:36,49.6700,815,2
2026-06-18,601318,13:53:39,49.6800,87,4
2026-06-18,601318,13:53:42,49.6700,149,2
2026-06-18,601318,13:53:45,49.6600,401,2
2026-06-18,601318,13:53:48,49.6600,736,1
2026-06-18,601318,13:53:52,49.6800,1268,1
2026-06-18,601318,13:53:54,49.6700,469,4
2026-06-18,601318,13:53:57,49.6700,210,1
2026-06-18,601318,13:54:00,49.6700,181,2
2026-06-18,601318,13:54:03,49.6900,139,4
2026-06-18,601318,13:54:06,49.6700,497,2
2026-06-18,601318,13:54:10,49.7000,377,1
2026-06-18,601318,13:54:12,49.7100,377,4
2026-06-18,601318,13:54:15,49.7200,240,4
2026-06-18,601318,13:54:18,49.7200,44,2
2026-06-18,601318,13:54:21,49.7200,103,1
2026-06-18,601318,13:54:24,49.7400,789,1
2026-06-18,601318,13:54:27,49.7400,32,2
2026-06-18,601318,13:54:30,49.7300,61,2
2026-06-18,601318,13:54:34,49.7400,115,1
2026-06-18,601318,13:54:37,49.7300,126,2
2026-06-18,601318,13:54:39,49.7400,413,1
2026-06-18,601318,13:54:42,49.7400,208,1
2026-06-18,601318,13:54:46,49.7400,201,1
2026-06-18,601318,13:54:48,49.7300,94,2
2026-06-18,601318,13:54:52,49.7300,604,2
2026-06-18,601318,13:54:55,49.7300,337,1
2026-06-18,601318,13:54:57,49.7300,112,1
2026-06-18,601318,13:55:00,49.7200,311,2
2026-06-18,601318,13:55:03,49.7300,345,1
2026-06-18,601318,13:55:07,49.7200,261,2
2026-06-18,601318,13:55:10,49.7200,265,2
2026-06-18,601318,13:55:13,49.7200,112,2
2026-06-18,601318,13:55:15,49.7200,131,1
2026-06-18,601318,13:55:19,49.7200,280,1
2026-06-18,601318,13:55:21,49.7200,119,2
2026-06-18,601318,13:55:24,49.7300,60,1
2026-06-18,601318,13:55:27,49.7200,99,2
2026-06-18,601318,13:55:30,49.7200,330,2
2026-06-18,601318,13:55:34,49.7200,496,2
2026-06-18,601318,13:55:36,49.7300,191,2
2026-06-18,601318,13:55:39,49.7300,86,1
2026-06-18,601318,13:55:42,49.7300,137,1
2026-06-18,601318,13:55:45,49.7300,96,1
2026-06-18,601318,13:55:48,49.7300,181,1
2026-06-18,601318,13:55:51,49.7400,666,1
2026-06-18,601318,13:55:54,49.7400,258,1
2026-06-18,601318,13:55:57,49.7400,178,1
2026-06-18,601318,13:56:00,49.7300,186,2
2026-06-18,601318,13:56:03,49.7400,313,1
2026-06-18,601318,13:56:06,49.7400,139,1
2026-06-18,601318,13:56:09,49.7400,132,1
2026-06-18,601318,13:56:12,49.7400,170,1
2026-06-18,601318,13:56:16,49.7400,198,1
2026-06-18,601318,13:56:18,49.7400,133,1
2026-06-18,601318,13:56:21,49.7400,142,1
2026-06-18,601318,13:56:24,49.7400,353,1
2026-06-18,601318,13:56:27,49.7400,165,1
2026-06-18,601318,13:56:30,49.7400,995,1
2026-06-18,601318,13:56:33,49.7300,312,2
2026-06-18,601318,13:56:37,49.7300,711,2
2026-06-18,601318,13:56:40,49.7300,222,2
2026-06-18,601318,13:56:42,49.7400,136,1
2026-06-18,601318,13:56:45,49.7400,683,1
2026-06-18,601318,13:56:48,49.7300,203,2
2026-06-18,601318,13:56:52,49.7200,394,2
2026-06-18,601318,13:56:54,49.7300,125,1
2026-06-18,601318,13:56:57,49.7300,105,1
2026-06-18,601318,13:57:00,49.7300,99,1
2026-06-18,601318,13:57:03,49.7300,170,1
2026-06-18,601318,13:57:06,49.7300,312,2
2026-06-18,601318,13:57:09,49.7300,332,2
2026-06-18,601318,13:57:13,49.7300,105,1
2026-06-18,601318,13:57:15,49.7300,82,1
2026-06-18,601318,13:57:18,49.7300,127,1
2026-06-18,601318,13:57:21,49.7300,191,1
2026-06-18,601318,13:57:24,49.7300,283,1
2026-06-18,601318,13:57:27,49.7300,244,1
2026-06-18,601318,13:57:30,49.7300,37,2
2026-06-18,601318,13:57:33,49.7300,215,2
2026-06-18,601318,13:57:36,49.7300,223,2
2026-06-18,601318,13:57:40,49.7200,179,2
2026-06-18,601318,13:57:42,49.7200,426,2
2026-06-18,601318,13:57:46,49.7100,87,2
2026-06-18,601318,13:57:48,49.7100,119,2
2026-06-18,601318,13:57:52,49.7200,88,1
2026-06-18,601318,13:57:54,49.7100,986,2
2026-06-18,601318,13:57:57,49.7000,223,2
2026-06-18,601318,13:58:01,49.7000,235,2
2026-06-18,601318,13:58:03,49.7000,523,2
2026-06-18,601318,13:58:06,49.7000,753,2
2026-06-18,601318,13:58:09,49.6900,300,2
2026-06-18,601318,13:58:12,49.6900,394,2
2026-06-18,601318,13:58:15,49.6900,380,2
2026-06-18,601318,13:58:18,49.6900,163,1
2026-06-18,601318,13:58:21,49.6800,212,2
2026-06-18,601318,13:58:24,49.6800,149,2
2026-06-18,601318,13:58:27,49.6800,284,2
2026-06-18,601318,13:58:30,49.6800,127,2
2026-06-18,601318,13:58:33,49.6800,240,1
2026-06-18,601318,13:58:36,49.6700,924,2
2026-06-18,601318,13:58:39,49.6600,236,2
2026-06-18,601318,13:58:42,49.6600,415,2
2026-06-18,601318,13:58:45,49.6700,119,1
2026-06-18,601318,13:58:48,49.6600,202,2
2026-06-18,601318,13:58:52,49.6600,172,1
2026-06-18,601318,13:58:54,49.6600,202,1
2026-06-18,601318,13:58:57,49.6600,363,1
2026-06-18,601318,13:59:01,49.6600,446,1
2026-06-18,601318,13:59:03,49.6500,364,2
2026-06-18,601318,13:59:06,49.6500,219,1
2026-06-18,601318,13:59:09,49.6500,659,1
2026-06-18,601318,13:59:12,49.6500,103,1
2026-06-18,601318,13:59:15,49.6500,224,1
2026-06-18,601318,13:59:18,49.6400,94,4
2026-06-18,601318,13:59:21,49.6400,132,1
2026-06-18,601318,13:59:24,49.6400,159,1
2026-06-18,601318,13:59:28,49.6400,121,1
2026-06-18,601318,13:59:30,49.6400,129,2
2026-06-18,601318,13:59:34,49.6300,218,2
2026-06-18,601318,13:59:37,49.6400,77,1
2026-06-18,601318,13:59:39,49.6400,200,1
2026-06-18,601318,13:59:42,49.6300,172,2
2026-06-18,601318,13:59:46,49.6400,194,1
2026-06-18,601318,13:59:48,49.6300,221,2
2026-06-18,601318,13:59:51,49.6400,94,1
2026-06-18,601318,13:59:54,49.6300,309,2
2026-06-18,601318,13:59:58,49.6300,84,1
2026-06-18,601318,14:00:01,49.6300,104,1
2026-06-18,601318,14:00:03,49.6300,184,1
2026-06-18,601318,14:00:06,49.6300,612,1
2026-06-18,601318,14:00:09,49.6300,267,1
2026-06-18,601318,14:00:12,49.6500,1682,1
2026-06-18,601318,14:00:15,49.6500,882,2
2026-06-18,601318,14:00:19,49.6600,739,2
2026-06-18,601318,14:00:22,49.6500,98,2
2026-06-18,601318,14:00:24,49.6500,86,2
2026-06-18,601318,14:00:27,49.6600,109,1
2026-06-18,601318,14:00:30,49.6600,901,1
2026-06-18,601318,14:00:33,49.6700,27,4
2026-06-18,601318,14:00:37,49.6800,29,1
2026-06-18,601318,14:00:39,49.6600,53,2
2026-06-18,601318,14:00:43,49.6700,91,1
2026-06-18,601318,14:00:45,49.6700,527,2
2026-06-18,601318,14:00:48,49.6700,136,2
2026-06-18,601318,14:00:51,49.6700,58,1
2026-06-18,601318,14:00:55,49.6600,84,2
2026-06-18,601318,14:00:58,49.6700,76,1
2026-06-18,601318,14:01:01,49.6600,119,2
2026-06-18,601318,14:01:03,49.6600,178,2
2026-06-18,601318,14:01:06,49.6600,533,2
2026-06-18,601318,14:01:10,49.6700,422,1
2026-06-18,601318,14:01:12,49.6600,261,2
2026-06-18,601318,14:01:16,49.6600,275,1
2026-06-18,601318,14:01:18,49.6600,172,1
2026-06-18,601318,14:01:22,49.6600,226,1
2026-06-18,601318,14:01:24,49.6600,243,1
2026-06-18,601318,14:01:27,49.6500,230,2
2026-06-18,601318,14:01:30,49.6400,677,2
2026-06-18,601318,14:01:33,49.6400,275,1
2026-06-18,601318,14:01:36,49.6300,171,2
2026-06-18,601318,14:01:39,49.6400,174,1
2026-06-18,601318,14:01:43,49.6300,262,2
2026-06-18,601318,14:01:45,49.6300,249,2
2026-06-18,601318,14:01:49,49.6300,251,2
2026-06-18,601318,14:01:51,49.6300,87,1
2026-06-18,601318,14:01:54,49.6200,179,2
2026-06-18,601318,14:01:57,49.6300,437,1
2026-06-18,601318,14:02:00,49.6300,230,1
2026-06-18,601318,14:02:03,49.6300,424,2
2026-06-18,601318,14:02:06,49.6300,321,1
2026-06-18,601318,14:02:09,49.6300,358,1
2026-06-18,601318,14:02:13,49.6300,126,2
2026-06-18,601318,14:02:15,49.6400,77,1
2026-06-18,601318,14:02:19,49.6300,143,2
2026-06-18,601318,14:02:22,49.6400,53,1
2026-06-18,601318,14:02:25,49.6400,458,1
2026-06-18,601318,14:02:27,49.6400,85,1
2026-06-18,601318,14:02:30,49.6300,210,2
2026-06-18,601318,14:02:34,49.6300,604,2
2026-06-18,601318,14:02:36,49.6400,36,1
2026-06-18,601318,14:02:39,49.6400,88,1
2026-06-18,601318,14:02:42,49.6400,330,1
2026-06-18,601318,14:02:46,49.6400,241,1
2026-06-18,601318,14:02:48,49.6400,206,1
2026-06-18,601318,14:02:51,49.6400,278,1
2026-06-18,601318,14:02:55,49.6400,207,1
2026-06-18,601318,14:02:58,49.6400,179,1
2026-06-18,601318,14:03:00,49.6300,147,2
2026-06-18,601318,14:03:04,49.6400,104,1
2026-06-18,601318,14:03:06,49.6400,121,1
2026-06-18,601318,14:03:09,49.6400,123,1
2026-06-18,601318,14:03:12,49.6400,132,1
2026-06-18,601318,14:03:15,49.6400,137,1
2026-06-18,601318,14:03:18,49.6200,1201,2
2026-06-18,601318,14:03:21,49.6200,282,2
2026-06-18,601318,14:03:24,49.6300,1250,4
2026-06-18,601318,14:03:28,49.6200,623,2
2026-06-18,601318,14:03:30,49.6200,303,2
2026-06-18,601318,14:03:33,49.6200,278,1
2026-06-18,601318,14:03:37,49.6200,1576,1
2026-06-18,601318,14:03:39,49.6200,213,2
2026-06-18,601318,14:03:42,49.6200,267,1
2026-06-18,601318,14:03:45,49.6200,1270,1
2026-06-18,601318,14:03:49,49.6100,971,2
2026-06-18,601318,14:03:51,49.6200,245,1
2026-06-18,601318,14:03:54,49.6200,211,2
2026-06-18,601318,14:03:58,49.6100,178,2
2026-06-18,601318,14:04:00,49.6100,303,2
2026-06-18,601318,14:04:03,49.6200,209,1
2026-06-18,601318,14:04:06,49.6200,85,1
2026-06-18,601318,14:04:10,49.6200,267,1
2026-06-18,601318,14:04:12,49.6200,386,1
2026-06-18,601318,14:04:15,49.6200,215,1
2026-06-18,601318,14:04:18,49.6200,251,2
2026-06-18,601318,14:04:21,49.6200,230,2
2026-06-18,601318,14:04:24,49.6100,282,2
2026-06-18,601318,14:04:28,49.6100,167,2
2026-06-18,601318,14:04:30,49.6100,102,2
2026-06-18,601318,14:04:33,49.6100,203,2
2026-06-18,601318,14:04:36,49.6100,453,2
2026-06-18,601318,14:04:39,49.6100,275,2
2026-06-18,601318,14:04:42,49.6200,153,1
2026-06-18,601318,14:04:46,49.6200,219,1
2026-06-18,601318,14:04:48,49.6200,183,1
2026-06-18,601318,14:04:51,49.6100,136,2
2026-06-18,601318,14:04:54,49.6200,434,1
2026-06-18,601318,14:04:58,49.6100,489,2
2026-06-18,601318,14:05:00,49.6100,176,2
2026-06-18,601318,14:05:03,49.6100,3888,2
2026-06-18,601318,14:05:06,49.6000,547,2
2026-06-18,601318,14:05:10,49.6100,200,1
2026-06-18,601318,14:05:12,49.6000,114,2
2026-06-18,601318,14:05:15,49.6100,332,1
2026-06-18,601318,14:05:18,49.6100,153,1
2026-06-18,601318,14:05:21,49.6100,191,1
2026-06-18,601318,14:05:25,49.6100,184,1
2026-06-18,601318,14:05:27,49.6100,168,1
2026-06-18,601318,14:05:30,49.6000,373,2
2026-06-18,601318,14:05:33,49.6100,161,1
2026-06-18,601318,14:05:36,49.6100,95,1
2026-06-18,601318,14:05:39,49.6100,180,1
2026-06-18,601318,14:05:42,49.6100,196,1
2026-06-18,601318,14:05:45,49.6100,122,1
2026-06-18,601318,14:05:49,49.6100,86,2
2026-06-18,601318,14:05:51,49.6200,59,1
2026-06-18,601318,14:05:54,49.6100,162,2
2026-06-18,601318,14:05:57,49.6200,160,1
2026-06-18,601318,14:06:00,49.6200,243,1
2026-06-18,601318,14:06:03,49.6100,156,2
2026-06-18,601318,14:06:06,49.6200,45,1
2026-06-18,601318,14:06:10,49.6200,222,1
2026-06-18,601318,14:06:12,49.6200,318,1
2026-06-18,601318,14:06:16,49.6200,266,1
2026-06-18,601318,14:06:18,49.6100,230,2
2026-06-18,601318,14:06:21,49.6200,99,1
2026-06-18,601318,14:06:24,49.6200,448,1
2026-06-18,601318,14:06:27,49.6100,123,2
2026-06-18,601318,14:06:31,49.6200,106,1
2026-06-18,601318,14:06:33,49.6200,105,1
2026-06-18,601318,14:06:37,49.6200,75,1
2026-06-18,601318,14:06:39,49.6200,179,1
2026-06-18,601318,14:06:43,49.6200,297,1
2026-06-18,601318,14:06:46,49.6100,126,2
2026-06-18,601318,14:06:48,49.6200,187,1
2026-06-18,601318,14:06:51,49.6100,219,2
2026-06-18,601318,14:06:54,49.6100,289,2
2026-06-18,601318,14:06:57,49.6000,557,2
2026-06-18,601318,14:07:00,49.6100,294,4
2026-06-18,601318,14:07:04,49.6000,502,2
2026-06-18,601318,10:57:10,50.2200,233,2
2026-06-18,601318,10:57:12,50.2300,294,1
2026-06-18,601318,10:57:15,50.2100,231,2
2026-06-18,601318,10:57:19,50.2100,517,2
2026-06-18,601318,10:57:21,50.2400,305,1
2026-06-18,601318,10:57:25,50.2300,145,4
2026-06-18,601318,10:57:27,50.2200,112,2
2026-06-18,601318,10:57:31,50.2300,137,1
2026-06-18,601318,10:57:34,50.2300,141,1
2026-06-18,601318,10:57:36,50.2200,446,2
2026-06-18,601318,10:57:39,50.2300,194,1
2026-06-18,601318,10:57:42,50.2100,147,2
2026-06-18,601318,10:57:46,50.2200,269,1
2026-06-18,601318,10:57:48,50.2200,436,1
2026-06-18,601318,10:57:52,50.2100,190,2
2026-06-18,601318,10:57:55,50.2100,157,1
2026-06-18,601318,10:57:57,50.2100,108,1
2026-06-18,601318,10:58:00,50.2100,226,1
2026-06-18,601318,10:58:03,50.2100,464,1
2026-06-18,601318,10:58:06,50.2200,36,1
2026-06-18,601318,10:58:09,50.2200,161,1
2026-06-18,601318,10:58:12,50.2200,38,1
2026-06-18,601318,10:58:15,50.2100,105,2
2026-06-18,601318,10:58:18,50.2200,216,1
2026-06-18,601318,10:58:21,50.2200,202,1
2026-06-18,601318,10:58:24,50.2100,180,2
2026-06-18,601318,10:58:28,50.2200,62,1
2026-06-18,601318,10:58:30,50.2200,429,1
2026-06-18,601318,10:58:34,50.2100,286,2
2026-06-18,601318,10:58:36,50.2100,169,2
2026-06-18,601318,10:58:39,50.2200,176,1
2026-06-18,601318,10:58:42,50.2100,124,2
2026-06-18,601318,10:58:45,50.2200,138,1
2026-06-18,601318,10:58:49,50.2200,128,1
2026-06-18,601318,10:58:51,50.2100,362,2
2026-06-18,601318,10:58:54,50.2200,148,1
2026-06-18,601318,10:58:57,50.2200,1532,1
2026-06-18,601318,10:59:00,50.2300,678,1
2026-06-18,601318,10:59:04,50.2400,169,1
2026-06-18,601318,10:59:07,50.2400,332,1
2026-06-18,601318,10:59:09,50.2300,79,2
2026-06-18,601318,10:59:12,50.2400,195,1
2026-06-18,601318,10:59:15,50.2400,364,2
2026-06-18,601318,10:59:19,50.2500,102,1
2026-06-18,601318,10:59:21,50.2400,115,2
2026-06-18,601318,10:59:24,50.2500,257,1
2026-06-18,601318,10:59:27,50.2500,443,1
2026-06-18,601318,10:59:31,50.2600,456,1
2026-06-18,601318,10:59:33,50.2600,214,1
2026-06-18,601318,10:59:36,50.2600,138,1
2026-06-18,601318,10:59:39,50.2600,200,1
2026-06-18,601318,10:59:43,50.2600,278,1
2026-06-18,601318,10:59:45,50.2700,45,1
2026-06-18,601318,10:59:49,50.2700,52,1
2026-06-18,601318,10:59:51,50.2900,620,1
2026-06-18,601318,10:59:54,50.2800,99,2
2026-06-18,601318,10:59:57,50.2900,134,1
2026-06-18,601318,11:00:01,50.2900,220,1
2026-06-18,601318,11:00:03,50.2800,281,2
2026-06-18,601318,11:00:06,50.3000,166,1
2026-06-18,601318,11:00:09,50.3000,69,1
2026-06-18,601318,11:00:13,50.3100,122,1
2026-06-18,601318,11:00:15,50.3400,207,1
2026-06-18,601318,11:00:18,50.3400,356,1
2026-06-18,601318,11:00:21,50.3400,104,1
2026-06-18,601318,11:00:24,50.3500,162,1
2026-06-18,601318,11:00:28,50.3500,171,1
2026-06-18,601318,11:00:30,50.4000,185,1
2026-06-18,601318,11:00:33,50.4000,128,1
2026-06-18,601318,11:00:37,50.4100,184,1
2026-06-18,601318,11:00:39,50.4100,151,1
2026-06-18,601318,11:00:43,50.4200,538,1
2026-06-18,601318,11:00:45,50.4400,73,1
2026-06-18,601318,11:00:48,50.4500,443,1
2026-06-18,601318,11:00:51,50.4500,576,2
2026-06-18,601318,11:00:54,50.4500,1975,1
2026-06-18,601318,11:00:57,50.4700,641,1
2026-06-18,601318,11:01:00,50.4300,746,2
2026-06-18,601318,11:01:03,50.3800,1210,2
2026-06-18,601318,11:01:07,50.3700,977,2
2026-06-18,601318,11:01:09,50.3800,384,1
2026-06-18,601318,11:01:12,50.3900,65,4
2026-06-18,601318,11:01:15,50.3800,169,2
2026-06-18,601318,11:01:18,50.3800,629,2
2026-06-18,601318,11:01:21,50.3800,482,2
2026-06-18,601318,11:01:24,50.3800,680,1
2026-06-18,601318,11:01:27,50.3800,257,1
2026-06-18,601318,11:01:31,50.3700,205,2
2026-06-18,601318,11:01:34,50.3400,1658,2
2026-06-18,601318,11:01:36,50.3300,759,2
2026-06-18,601318,11:01:39,50.3100,120,2
2026-06-18,601318,11:01:42,50.3200,182,1
2026-06-18,601318,11:01:45,50.3100,171,4
2026-06-18,601318,11:01:48,50.3100,254,1
2026-06-18,601318,11:01:51,50.3100,494,1
2026-06-18,601318,11:01:54,50.3000,190,2
2026-06-18,601318,11:01:57,50.3000,404,2
2026-06-18,601318,11:02:00,50.2900,399,2
2026-06-18,601318,11:02:04,50.2800,247,2
2026-06-18,601318,11:02:06,50.2900,427,1
2026-06-18,601318,11:02:10,50.2800,274,2
2026-06-18,601318,11:02:12,50.2800,297,1
2026-06-18,601318,11:02:15,50.2800,123,1
2026-06-18,601318,11:02:18,50.2800,460,1
2026-06-18,601318,11:02:22,50.2700,332,2
2026-06-18,601318,11:02:24,50.2600,380,2
2026-06-18,601318,11:02:28,50.2800,154,1
2026-06-18,601318,11:02:30,50.2600,145,2
2026-06-18,601318,11:02:33,50.2700,197,4
2026-06-18,601318,11:02:36,50.2700,161,1
2026-06-18,601318,11:02:40,50.2600,86,2
2026-06-18,601318,11:02:42,50.2600,340,2
2026-06-18,601318,11:02:45,50.2600,823,1
2026-06-18,601318,11:02:48,50.2500,151,1
2026-06-18,601318,11:02:51,50.2500,94,1
2026-06-18,601318,11:02:55,50.2400,349,4
2026-06-18,601318,11:02:57,50.2400,148,1
2026-06-18,601318,11:03:00,50.2500,275,1
2026-06-18,601318,11:03:03,50.2500,130,1
2026-06-18,601318,11:03:06,50.2500,691,1
2026-06-18,601318,11:03:09,50.2400,410,2
2026-06-18,601318,11:03:12,50.2400,389,2
2026-06-18,601318,11:03:15,50.2600,228,1
2026-06-18,601318,11:03:18,50.2600,143,1
2026-06-18,601318,11:03:21,50.2500,247,2
2026-06-18,601318,11:03:24,50.2700,173,1
2026-06-18,601318,11:03:28,50.2700,42,1
2026-06-18,601318,11:03:30,50.2700,381,2
2026-06-18,601318,11:03:34,50.2700,267,2
2026-06-18,601318,11:03:36,50.2700,219,1
2026-06-18,601318,11:03:39,50.2700,120,1
2026-06-18,601318,11:03:42,50.2700,212,1
2026-06-18,601318,11:03:45,50.2700,133,1
2026-06-18,601318,11:03:48,50.2800,237,1
2026-06-18,601318,11:03:51,50.2800,78,1
2026-06-18,601318,11:03:54,50.2800,157,1
2026-06-18,601318,11:03:58,50.2800,462,1
2026-06-18,601318,11:04:00,50.3000,315,1
2026-06-18,601318,11:04:03,50.3100,58,1
2026-06-18,601318,11:04:07,50.3200,118,1
2026-06-18,601318,11:04:10,50.3300,47,1
2026-06-18,601318,11:04:12,50.3200,121,2
2026-06-18,601318,11:04:15,50.3000,1146,2
2026-06-18,601318,11:04:18,50.2900,624,2
2026-06-18,601318,11:04:21,50.2700,1117,2
2026-06-18,601318,11:04:24,50.2300,1781,2
2026-06-18,601318,11:04:27,50.2200,1017,2
2026-06-18,601318,11:04:30,50.2100,767,2
2026-06-18,601318,11:04:33,50.2000,1370,2
2026-06-18,601318,11:04:36,50.2100,289,1
2026-06-18,601318,11:04:39,50.2100,227,1
2026-06-18,601318,11:04:42,50.2100,365,1
2026-06-18,601318,11:04:45,50.2100,272,2
2026-06-18,601318,11:04:48,50.2100,219,2
2026-06-18,601318,11:04:51,50.2200,258,1
2026-06-18,601318,11:04:54,50.2100,421,2
2026-06-18,601318,11:04:57,50.2100,397,1
2026-06-18,601318,11:05:00,50.2100,338,1
2026-06-18,601318,11:05:03,50.2100,403,1
2026-06-18,601318,11:05:06,50.2100,139,2
2026-06-18,601318,11:05:09,50.2100,147,2
2026-06-18,601318,11:05:12,50.2200,255,1
2026-06-18,601318,11:05:15,50.2100,371,2
2026-06-18,601318,11:05:19,50.2200,526,1
2026-06-18,601318,11:05:22,50.2200,97,1
2026-06-18,601318,11:05:25,50.2100,804,2
2026-06-18,601318,11:05:27,50.1900,1317,2
2026-06-18,601318,11:05:31,50.2000,1758,1
2026-06-18,601318,11:05:33,50.1900,330,1
2026-06-18,601318,11:05:36,50.1900,202,1
2026-06-18,601318,11:05:39,50.1900,344,1
2026-06-18,601318,11:05:42,50.1800,251,2
2026-06-18,601318,11:05:46,50.1700,476,2
2026-06-18,601318,11:05:48,50.1700,196,2
2026-06-18,601318,11:05:51,50.1600,168,2
2026-06-18,601318,11:05:54,50.1700,405,4
2026-06-18,601318,11:05:57,50.1800,411,1
2026-06-18,601318,11:06:00,50.1600,284,2
2026-06-18,601318,11:06:03,50.1700,504,4
2026-06-18,601318,11:06:06,50.1600,211,2
2026-06-18,601318,11:06:09,50.1700,310,1
2026-06-18,601318,11:06:12,50.1600,295,2
2026-06-18,601318,11:06:15,50.1600,243,2
2026-06-18,601318,11:06:18,50.1600,168,2
2026-06-18,601318,11:06:22,50.1600,178,1
2026-06-18,601318,11:06:24,50.1600,374,1
2026-06-18,601318,11:06:27,50.1600,436,2
2026-06-18,601318,11:06:30,50.1400,1246,2
2026-06-18,601318,11:06:34,50.1300,626,2
2026-06-18,601318,11:06:36,50.1200,2981,2
2026-06-18,601318,11:06:39,50.0900,6601,2
2026-06-18,601318,11:06:42,50.0500,541,2
2026-06-18,601318,11:06:45,50.0600,654,1
2026-06-18,601318,11:06:48,50.0500,926,2
2026-06-18,601318,11:06:52,50.0600,1258,1
2026-06-18,601318,11:06:54,50.0500,784,2
2026-06-18,601318,11:06:57,50.0400,136,4
2026-06-18,601318,11:07:00,50.0300,724,2
2026-06-18,601318,11:07:03,50.0300,652,2
2026-06-18,601318,11:07:06,50.0200,1155,2
2026-06-18,601318,11:07:09,50.0300,714,1
2026-06-18,601318,11:07:12,50.0300,523,1
2026-06-18,601318,11:07:15,50.0200,918,2
2026-06-18,601318,11:07:18,50.0200,586,1
2026-06-18,601318,11:07:21,50.0200,594,1
2026-06-18,601318,11:07:24,50.0200,335,2
2026-06-18,601318,11:07:27,50.0400,420,1
2026-06-18,601318,11:07:30,50.0300,398,4
2026-06-18,601318,11:07:33,50.0300,1295,1
2026-06-18,601318,11:07:36,50.0300,891,1
2026-06-18,601318,11:07:39,50.0300,813,1
2026-06-18,601318,11:07:43,50.0300,464,1
2026-06-18,601318,11:07:45,50.0400,400,1
2026-06-18,601318,11:07:48,50.0400,411,1
2026-06-18,601318,11:07:51,50.0400,183,1
2026-06-18,601318,11:07:55,50.0400,341,1
2026-06-18,601318,11:07:57,50.0300,467,2
2026-06-18,601318,11:08:00,50.0200,521,2
2026-06-18,601318,11:08:03,50.0200,792,1
2026-06-18,601318,11:08:06,50.0200,520,2
2026-06-18,601318,11:08:10,50.0300,663,1
2026-06-18,601318,11:08:12,50.0300,1306,2
2026-06-18,601318,11:08:15,50.0300,484,1
2026-06-18,601318,11:08:18,50.0300,534,1
2026-06-18,601318,11:08:22,50.0200,640,2
2026-06-18,601318,11:08:24,50.0200,2688,1
2026-06-18,601318,11:08:27,50.0000,2577,2
2026-06-18,601318,11:08:30,50.0100,2522,1
2026-06-18,601318,11:08:33,50.0200,1142,1
2026-06-18,601318,11:08:36,50.0100,1125,2
2026-06-18,601318,11:08:39,50.0100,679,2
2026-06-18,601318,11:08:42,50.0100,577,1
2026-06-18,601318,11:08:45,50.0100,445,1
2026-06-18,601318,11:08:48,50.0100,1171,1
2026-06-18,601318,11:08:52,49.9600,20229,2
2026-06-18,601318,11:08:54,49.8900,3690,2
2026-06-18,601318,11:08:57,49.8500,3416,2
2026-06-18,601318,11:09:00,49.9600,1566,1
2026-06-18,601318,11:09:03,49.9400,1604,1
2026-06-18,601318,11:09:07,49.9400,168,1
2026-06-18,601318,11:09:09,49.9000,859,2
2026-06-18,601318,11:09:12,49.9400,592,1
2026-06-18,601318,11:09:16,49.9000,823,2
2026-06-18,601318,11:09:18,49.8800,909,2
2026-06-18,601318,11:09:21,49.8900,1162,1
2026-06-18,601318,11:09:24,49.9200,504,1
2026-06-18,601318,11:09:27,49.9000,843,2
2026-06-18,601318,11:09:30,49.8900,384,2
2026-06-18,601318,11:09:34,49.9100,922,1
2026-06-18,601318,11:09:36,49.9100,448,1
2026-06-18,601318,11:09:39,49.9100,722,1
2026-06-18,601318,11:09:42,49.9300,512,1
2026-06-18,601318,11:09:46,49.9300,608,1
2026-06-18,601318,11:09:49,49.9400,380,1
2026-06-18,601318,11:09:52,49.9400,300,1
2026-06-18,601318,11:09:54,49.9600,525,1
2026-06-18,601318,11:09:57,49.9400,654,2
2026-06-18,601318,11:10:01,49.9400,783,2
2026-06-18,601318,11:10:03,49.9600,740,1
2026-06-18,601318,11:10:06,49.9700,378,4
2026-06-18,601318,11:10:09,49.9700,735,1
2026-06-18,601318,11:10:12,49.9600,387,2
2026-06-18,601318,11:10:16,49.9300,611,2
2026-06-18,601318,11:10:18,49.9400,387,1
2026-06-18,601318,11:10:22,49.9400,601,1
2026-06-18,601318,11:10:24,49.9500,786,1
2026-06-18,601318,11:10:27,49.9600,780,1
2026-06-18,601318,11:10:31,49.9600,350,2
2026-06-18,601318,11:10:33,49.9600,666,1
2026-06-18,601318,11:10:36,49.9400,639,2
2026-06-18,601318,11:10:39,49.9400,760,2
2026-06-18,601318,11:10:42,49.9300,1097,2
2026-06-18,601318,11:10:45,49.9200,911,4
2026-06-18,601318,11:10:48,49.9000,1162,2
2026-06-18,601318,11:10:51,49.9300,802,1
2026-06-18,601318,11:10:54,49.9300,281,1
2026-06-18,601318,11:10:57,49.9300,1260,1
2026-06-18,601318,11:11:01,49.9100,640,2
2026-06-18,601318,11:11:03,49.9300,814,1
2026-06-18,601318,11:11:06,49.9300,606,1
2026-06-18,601318,11:11:09,49.9100,478,2
2026-06-18,601318,11:11:12,49.8800,1148,2
2026-06-18,601318,11:11:15,49.8700,838,2
2026-06-18,601318,11:11:19,49.8600,1117,2
2026-06-18,601318,11:11:21,49.8600,754,1
2026-06-18,601318,11:11:24,49.8700,1161,1
2026-06-18,601318,11:11:27,49.8700,540,2
2026-06-18,601318,11:11:31,49.8600,1243,2
2026-06-18,601318,11:11:33,49.8600,674,2
2026-06-18,601318,11:11:36,49.8600,750,2
2026-06-18,601318,11:11:39,49.8600,629,1
2026-06-18,601318,11:11:42,49.8200,698,2
2026-06-18,601318,11:11:45,49.8500,969,2
2026-06-18,601318,11:11:49,49.8600,602,1
2026-06-18,601318,11:11:51,49.8600,1475,2
2026-06-18,601318,11:11:54,49.8700,371,1
2026-06-18,601318,11:11:57,49.9000,265,1
2026-06-18,601318,11:12:00,49.9000,911,1
2026-06-18,601318,11:12:04,49.9000,524,1
2026-06-18,601318,11:12:06,49.9200,1133,1
2026-06-18,601318,11:12:09,49.9100,441,2
2026-06-18,601318,11:12:13,49.9100,766,2
2026-06-18,601318,11:12:15,49.9200,131,1
2026-06-18,601318,11:12:19,49.9000,791,2
2026-06-18,601318,11:12:21,49.8700,398,2
2026-06-18,601318,11:12:24,49.8600,201,2
2026-06-18,601318,11:12:27,49.8700,807,1
2026-06-18,601318,11:12:30,49.8700,603,1
2026-06-18,601318,11:12:34,49.8800,5841,1
2026-06-18,601318,11:12:37,49.8800,1192,2
2026-06-18,601318,11:12:39,49.9200,158,1
2026-06-18,601318,11:12:42,49.9300,1503,1
2026-06-18,601318,11:12:45,49.8900,407,2
2026-06-18,601318,11:12:49,49.8700,814,2
2026-06-18,601318,11:12:52,49.9100,94,1
2026-06-18,601318,11:12:54,49.9100,695,1
2026-06-18,601318,11:12:57,49.9100,359,1
2026-06-18,601318,11:13:00,49.9100,785,2
2026-06-18,601318,11:13:03,49.9100,729,1
2026-06-18,601318,11:13:06,49.9000,502,2
2026-06-18,601318,11:13:10,49.9200,888,1
2026-06-18,601318,11:13:12,49.9100,467,4
2026-06-18,601318,11:13:15,49.9200,690,2
2026-06-18,601318,11:13:18,49.9200,781,1
2026-06-18,601318,11:13:21,49.9200,257,1
2026-06-18,601318,11:13:25,49.9500,779,1
2026-06-18,601318,11:13:27,49.9400,126,2
2026-06-18,601318,11:13:30,49.9300,466,2
2026-06-18,601318,11:13:34,49.9300,256,1
2026-06-18,601318,11:13:36,49.9300,769,1
2026-06-18,601318,11:13:39,49.9400,909,1
2026-06-18,601318,11:13:42,49.9400,697,1
2026-06-18,601318,11:13:46,49.9400,1214,1
2026-06-18,601318,11:13:48,49.9400,460,1
2026-06-18,601318,11:13:52,49.9200,565,2
2026-06-18,601318,11:13:54,49.9400,504,2
2026-06-18,601318,11:13:57,49.9300,745,2
2026-06-18,601318,11:14:00,49.9200,1161,2
2026-06-18,601318,11:14:03,49.9000,4494,2
2026-06-18,601318,11:14:07,49.9000,187,1
2026-06-18,601318,11:14:09,49.9100,651,1
2026-06-18,601318,11:14:12,49.8700,1430,2
2026-06-18,601318,11:14:15,49.9200,934,1
2026-06-18,601318,11:14:18,49.9000,951,2
2026-06-18,601318,11:14:21,49.9000,880,1
2026-06-18,601318,11:14:25,49.9100,476,1
2026-06-18,601318,11:14:27,49.9500,7508,1
2026-06-18,601318,11:14:30,49.9200,937,2
2026-06-18,601318,11:14:33,49.9000,967,2
2026-06-18,601318,11:14:37,49.9200,894,2
2026-06-18,601318,11:14:40,49.9200,984,2
2026-06-18,601318,11:14:43,49.9100,374,2
2026-06-18,601318,11:14:46,49.9400,288,1
2026-06-18,601318,11:14:48,49.9400,252,4
2026-06-18,601318,11:14:51,49.9500,133,1
2026-06-18,601318,11:14:54,49.9400,352,2
2026-06-18,601318,11:14:58,49.9300,274,2
2026-06-18,601318,11:15:01,49.9200,296,2
2026-06-18,601318,11:15:04,49.9200,628,1
2026-06-18,601318,11:15:06,49.9100,775,2
2026-06-18,601318,11:15:10,49.9100,638,1
2026-06-18,601318,11:15:13,49.9100,391,1
2026-06-18,601318,11:15:15,49.9100,510,1
2026-06-18,601318,11:15:18,49.9000,323,2
2026-06-18,601318,11:15:21,49.9000,461,2
2026-06-18,601318,11:15:24,49.8900,446,2
2026-06-18,601318,11:15:27,49.8900,671,1
2026-06-18,601318,11:15:30,49.8900,298,1
2026-06-18,601318,11:15:34,49.8700,455,2
2026-06-18,601318,11:15:36,49.8800,318,1
2026-06-18,601318,11:15:39,49.8800,356,1
2026-06-18,601318,11:15:42,49.8800,283,1
2026-06-18,601318,11:15:45,49.8700,316,2
2026-06-18,601318,11:15:48,49.8700,178,2
2026-06-18,601318,11:15:52,49.8700,341,1
2026-06-18,601318,11:15:55,49.8700,276,1
2026-06-18,601318,11:15:57,49.8800,1275,1
2026-06-18,601318,11:16:00,49.8700,422,2
2026-06-18,601318,11:16:03,49.8900,199,1
2026-06-18,601318,11:16:06,49.9000,474,1
2026-06-18,601318,11:16:10,49.9000,732,1
