date,code,time,price,volume,bs
2026-05-20,000333,14:06:39,81.8200,48,1
2026-05-20,000333,14:06:42,81.8200,42,1
2026-05-20,000333,14:06:45,81.8300,30,1
2026-05-20,000333,14:06:48,81.8400,64,1
2026-05-20,000333,14:06:51,81.8400,10,2
2026-05-20,000333,14:06:54,81.8500,54,1
2026-05-20,000333,14:06:57,81.8600,24,1
2026-05-20,000333,14:07:00,81.8500,4,2
2026-05-20,000333,14:07:03,81.8500,52,2
2026-05-20,000333,14:07:06,81.8200,112,2
2026-05-20,000333,14:07:09,81.8300,29,2
2026-05-20,000333,14:07:12,81.8400,18,1
2026-05-20,000333,14:07:15,81.8400,26,2
2026-05-20,000333,14:07:18,81.8200,10,2
2026-05-20,000333,14:07:21,81.8400,68,1
2026-05-20,000333,14:07:24,81.8100,34,2
2026-05-20,000333,14:07:27,81.7900,9,2
2026-05-20,000333,14:07:30,81.8000,6,1
2026-05-20,000333,14:07:33,81.8000,44,2
2026-05-20,000333,14:07:36,81.7900,14,2
2026-05-20,000333,14:07:39,81.7900,52,2
2026-05-20,000333,14:07:45,81.7800,49,2
2026-05-20,000333,14:07:48,81.8000,14,1
2026-05-20,000333,14:07:51,81.7900,22,2
2026-05-20,000333,14:07:54,81.8200,102,1
2026-05-20,000333,14:07:57,81.8300,61,1
2026-05-20,000333,14:08:00,81.8300,58,1
2026-05-20,000333,14:08:03,81.8300,121,2
2026-05-20,000333,14:08:06,81.7800,45,2
2026-05-20,000333,14:08:09,81.7800,2,2
2026-05-20,000333,14:08:12,81.7900,12,2
2026-05-20,000333,14:08:15,81.8300,4,1
2026-05-20,000333,14:08:18,81.7900,8,2
2026-05-20,000333,14:08:21,81.8000,5,2
2026-05-20,000333,14:08:24,81.8000,4,4
2026-05-20,000333,14:08:27,81.8000,6,2
2026-05-20,000333,14:08:30,81.8000,7,1
2026-05-20,000333,14:08:33,81.7900,3,2
2026-05-20,000333,14:08:36,81.7800,36,2
2026-05-20,000333,14:08:39,81.7900,57,1
2026-05-20,000333,14:08:42,81.7800,30,2
2026-05-20,000333,14:08:45,81.7900,55,1
2026-05-20,000333,14:08:48,81.8100,470,1
2026-05-20,000333,14:08:51,81.8400,80,1
2026-05-20,000333,14:08:54,81.8500,37,1
2026-05-20,000333,14:08:57,81.8400,84,2
2026-05-20,000333,14:09:00,81.8400,64,2
2026-05-20,000333,14:09:03,81.8400,28,2
2026-05-20,000333,14:09:06,81.8000,51,2
2026-05-20,000333,14:09:09,81.7900,12,2
2026-05-20,000333,14:09:12,81.7900,29,2
2026-05-20,000333,14:09:15,81.7700,26,2
2026-05-20,000333,14:09:18,81.7900,19,1
2026-05-20,000333,14:09:21,81.7900,16,1
2026-05-20,000333,14:09:24,81.7800,13,1
2026-05-20,000333,14:09:27,81.8100,159,1
2026-05-20,000333,14:09:30,81.8000,23,2
2026-05-20,000333,14:09:33,81.8000,15,2
2026-05-20,000333,14:09:36,81.8100,20,1
2026-05-20,000333,14:09:39,81.8000,83,2
2026-05-20,000333,14:09:42,81.7700,15,2
2026-05-20,000333,14:09:45,81.7900,49,2
2026-05-20,000333,14:09:48,81.7900,10,2
2026-05-20,000333,14:09:51,81.7700,129,2
2026-05-20,000333,14:09:54,81.7800,15,1
2026-05-20,000333,14:09:57,81.7700,40,2
2026-05-20,000333,14:10:00,81.7800,86,1
2026-05-20,000333,14:10:03,81.7900,71,1
2026-05-20,000333,14:10:06,81.7700,132,2
2026-05-20,000333,14:10:09,81.8000,12,1
2026-05-20,000333,14:10:12,81.7800,47,2
2026-05-20,000333,14:10:15,81.7900,12,4
2026-05-20,000333,14:10:18,81.7900,33,2
2026-05-20,000333,14:10:21,81.7500,47,2
2026-05-20,000333,14:10:24,81.7600,23,2
2026-05-20,000333,14:10:27,81.7600,43,1
2026-05-20,000333,14:10:30,81.7500,42,2
2026-05-20,000333,14:10:33,81.7800,60,1
2026-05-20,000333,14:10:36,81.7500,30,2
2026-05-20,000333,14:10:39,81.7800,53,1
2026-05-20,000333,14:10:42,81.7500,33,2
2026-05-20,000333,14:10:45,81.7700,13,1
2026-05-20,000333,14:10:48,81.7500,124,2
2026-05-20,000333,14:10:51,81.7600,14,2
2026-05-20,000333,14:10:54,81.7600,25,2
2026-05-20,000333,14:10:57,81.7500,18,2
2026-05-20,000333,14:11:03,81.7600,27,1
2026-05-20,000333,14:11:06,81.7700,7,1
2026-05-20,000333,14:11:09,81.7600,48,2
2026-05-20,000333,14:11:12,81.7600,4,2
2026-05-20,000333,14:11:15,81.7600,22,2
2026-05-20,000333,14:11:18,81.7500,1,2
2026-05-20,000333,14:11:21,81.7500,2,2
2026-05-20,000333,14:11:24,81.7500,5,2
2026-05-20,000333,14:11:27,81.7600,142,1
2026-05-20,000333,14:11:30,81.7900,8,1
2026-05-20,000333,14:11:33,81.7700,53,2
2026-05-20,000333,14:11:36,81.7800,25,2
2026-05-20,000333,14:11:39,81.7900,64,1
2026-05-20,000333,14:11:42,81.7900,108,2
2026-05-20,000333,14:11:45,81.7700,45,2
2026-05-20,000333,14:11:48,81.7700,21,2
2026-05-20,000333,14:11:51,81.7800,11,1
2026-05-20,000333,14:11:54,81.7600,13,1
2026-05-20,000333,14:11:57,81.7500,4,2
2026-05-20,000333,14:12:00,81.7500,30,2
2026-05-20,000333,14:12:03,81.7600,9,2
2026-05-20,000333,14:12:06,81.7500,27,2
2026-05-20,000333,14:12:09,81.7600,9,2
2026-05-20,000333,14:12:12,81.7600,23,2
2026-05-20,000333,14:12:15,81.7500,32,2
2026-05-20,000333,14:12:18,81.7500,29,2
2026-05-20,000333,14:12:21,81.7500,1,2
2026-05-20,000333,14:12:24,81.7500,19,2
2026-05-20,000333,14:12:27,81.7500,33,2
2026-05-20,000333,14:12:33,81.7500,94,2
2026-05-20,000333,14:12:36,81.7600,11,1
2026-05-20,000333,14:12:39,81.7300,30,2
2026-05-20,000333,14:12:42,81.7400,7,2
2026-05-20,000333,14:12:45,81.7400,36,2
2026-05-20,000333,14:12:48,81.7400,9,2
2026-05-20,000333,14:12:51,81.7300,17,2
2026-05-20,000333,14:12:54,81.7400,36,1
2026-05-20,000333,14:12:57,81.7400,27,2
2026-05-20,000333,14:13:00,81.7500,29,1
2026-05-20,000333,14:13:03,81.7400,4,1
2026-05-20,000333,14:13:06,81.7300,18,2
2026-05-20,000333,14:13:09,81.7300,28,2
2026-05-20,000333,14:13:12,81.7300,18,2
2026-05-20,000333,14:13:15,81.7400,18,1
2026-05-20,000333,14:13:18,81.7300,61,2
2026-05-20,000333,14:13:21,81.7200,133,2
2026-05-20,000333,14:13:24,81.7200,74,1
2026-05-20,000333,14:13:27,81.7100,29,2
2026-05-20,000333,14:13:30,81.7300,46,1
2026-05-20,000333,14:13:33,81.7200,15,2
2026-05-20,000333,14:13:36,81.7300,18,1
2026-05-20,000333,14:13:39,81.7300,55,1
2026-05-20,000333,14:13:45,81.7100,37,2
2026-05-20,000333,14:13:48,81.7200,13,1
2026-05-20,000333,14:13:51,81.7200,26,1
2026-05-20,000333,14:13:54,81.7100,66,2
2026-05-20,000333,14:13:57,81.7000,12,2
2026-05-20,000333,14:14:00,81.7100,95,1
2026-05-20,000333,14:14:03,81.7200,42,1
2026-05-20,000333,14:14:06,81.7300,217,1
2026-05-20,000333,14:14:09,81.7400,74,1
2026-05-20,000333,14:14:12,81.7300,103,2
2026-05-20,000333,14:14:15,81.7200,87,2
2026-05-20,000333,14:14:18,81.7200,124,2
2026-05-20,000333,14:14:21,81.7200,13,2
2026-05-20,000333,14:14:24,81.7200,10,1
2026-05-20,000333,14:14:27,81.7200,17,1
2026-05-20,000333,14:14:30,81.7100,51,4
2026-05-20,000333,14:14:33,81.7100,3,2
2026-05-20,000333,14:14:36,81.7100,15,2
2026-05-20,000333,14:14:39,81.7100,25,1
2026-05-20,000333,14:14:42,81.7100,13,2
2026-05-20,000333,14:14:45,81.7100,4,2
2026-05-20,000333,14:14:48,81.7200,19,1
2026-05-20,000333,14:14:51,81.7100,7,2
2026-05-20,000333,14:14:54,81.7100,31,2
2026-05-20,000333,14:14:57,81.7000,104,2
2026-05-20,000333,14:15:00,81.6900,2,2
2026-05-20,000333,14:15:03,81.7100,57,1
2026-05-20,000333,14:15:06,81.6900,19,2
2026-05-20,000333,14:15:09,81.7000,23,2
2026-05-20,000333,14:15:12,81.6800,104,2
2026-05-20,000333,14:15:15,81.6800,26,2
2026-05-20,000333,14:15:18,81.6800,74,2
2026-05-20,000333,14:15:21,81.6800,165,2
2026-05-20,000333,14:15:24,81.6800,55,2
2026-05-20,000333,14:15:27,81.6800,206,2
2026-05-20,000333,14:15:30,81.6800,126,2
2026-05-20,000333,14:15:33,81.6800,37,2
2026-05-20,000333,14:15:36,81.6600,46,2
2026-05-20,000333,14:15:39,81.6800,66,1
2026-05-20,000333,14:15:42,81.6700,72,2
2026-05-20,000333,14:15:45,81.6600,3,2
2026-05-20,000333,14:15:48,81.6800,44,1
2026-05-20,000333,14:15:51,81.6700,2,1
2026-05-20,000333,14:15:54,81.6900,205,1
2026-05-20,000333,14:15:57,81.6900,106,1
2026-05-20,000333,14:16:00,81.6800,64,2
2026-05-20,000333,14:16:03,81.6900,59,1
2026-05-20,000333,14:16:06,81.6900,33,2
2026-05-20,000333,14:16:09,81.7000,55,4
2026-05-20,000333,14:16:12,81.6900,47,2
2026-05-20,000333,14:16:15,81.6800,12,2
2026-05-20,000333,14:16:18,81.6900,15,2
2026-05-20,000333,14:16:21,81.6900,8,2
2026-05-20,000333,14:16:24,81.6900,6,2
2026-05-20,000333,14:16:27,81.6800,20,2
2026-05-20,000333,14:16:30,81.6800,19,2
2026-05-20,000333,14:16:33,81.6800,39,2
2026-05-20,000333,14:16:36,81.6800,45,2
2026-05-20,000333,14:16:39,81.6900,123,1
2026-05-20,000333,14:16:42,81.6900,11,2
2026-05-20,000333,14:16:45,81.6900,56,2
2026-05-20,000333,14:16:48,81.6700,23,2
2026-05-20,000333,14:16:51,81.6800,17,2
2026-05-20,000333,14:16:57,81.6800,6,2
2026-05-20,000333,14:17:03,81.6800,25,2
2026-05-20,000333,14:17:06,81.6700,20,2
2026-05-20,000333,14:17:09,81.6800,12,1
2026-05-20,000333,14:17:12,81.6700,3,2
2026-05-20,000333,14:17:15,81.6700,3,2
2026-05-20,000333,14:17:18,81.6800,52,1
2026-05-20,000333,14:17:21,81.6700,15,2
2026-05-20,000333,14:17:24,81.6800,28,1
2026-05-20,000333,14:17:27,81.6800,103,1
2026-05-20,000333,14:17:30,81.6700,127,1
2026-05-20,000333,14:17:33,81.6900,229,1
2026-05-20,000333,14:17:36,81.6900,75,2
2026-05-20,000333,14:17:39,81.7000,52,1
2026-05-20,000333,14:17:42,81.7000,57,2
2026-05-20,000333,14:17:45,81.7000,41,2
2026-05-20,000333,14:17:48,81.7000,1,2
2026-05-20,000333,14:17:51,81.7000,37,2
2026-05-20,000333,14:17:54,81.6900,46,4
2026-05-20,000333,14:17:57,81.7000,23,1
2026-05-20,000333,14:18:00,81.6800,51,2
2026-05-20,000333,14:18:03,81.6700,87,2
2026-05-20,000333,14:18:06,81.6800,9,2
2026-05-20,000333,14:18:09,81.6800,35,1
2026-05-20,000333,14:18:12,81.6800,10,1
2026-05-20,000333,14:18:18,81.6700,4,2
2026-05-20,000333,14:18:21,81.6800,33,1
2026-05-20,000333,14:18:24,81.6800,99,1
2026-05-20,000333,14:18:27,81.6700,18,2
2026-05-20,000333,14:18:30,81.6600,44,2
2026-05-20,000333,14:18:33,81.6500,22,2
2026-05-20,000333,14:18:36,81.6600,10,2
2026-05-20,000333,14:18:39,81.6700,46,1
2026-05-20,000333,14:18:45,81.6300,34,2
2026-05-20,000333,14:18:48,81.6700,9,1
2026-05-20,000333,14:18:51,81.6500,23,2
2026-05-20,000333,14:18:54,81.6500,40,2
2026-05-20,000333,14:18:57,81.6500,35,2
2026-05-20,000333,14:19:00,81.6500,24,2
2026-05-20,000333,14:19:03,81.6200,21,2
2026-05-20,000333,14:19:06,81.6200,19,2
2026-05-20,000333,14:19:09,81.6200,19,2
2026-05-20,000333,14:19:12,81.6000,163,2
2026-05-20,000333,14:19:15,81.6100,40,2
2026-05-20,000333,14:19:18,81.6100,39,2
2026-05-20,000333,14:19:21,81.6100,48,2
2026-05-20,000333,14:19:24,81.6000,58,2
2026-05-20,000333,14:19:27,81.6000,79,2
2026-05-20,000333,14:19:30,81.6000,3,2
2026-05-20,000333,14:19:33,81.6000,156,2
2026-05-20,000333,14:19:36,81.6100,101,2
2026-05-20,000333,14:19:39,81.6100,72,2
2026-05-20,000333,14:19:42,81.6200,33,2
2026-05-20,000333,14:19:45,81.6200,27,1
2026-05-20,000333,14:19:48,81.6200,21,2
2026-05-20,000333,14:19:51,81.6100,23,2
2026-05-20,000333,14:19:57,81.6100,50,2
2026-05-20,000333,14:20:00,81.6100,48,1
2026-05-20,000333,14:20:03,81.6000,85,2
2026-05-20,000333,14:20:06,81.6100,67,1
2026-05-20,000333,14:20:09,81.6100,111,1
2026-05-20,000333,14:20:12,81.6100,47,1
2026-05-20,000333,14:20:15,81.6100,22,1
2026-05-20,000333,14:20:18,81.6100,89,1
2026-05-20,000333,14:20:21,81.6000,150,2
2026-05-20,000333,14:20:24,81.5700,55,2
2026-05-20,000333,14:20:27,81.6000,19,1
2026-05-20,000333,14:20:30,81.6100,47,1
2026-05-20,000333,14:20:33,81.6000,33,2
2026-05-20,000333,14:20:36,81.5700,35,2
2026-05-20,000333,14:20:39,81.6000,17,1
2026-05-20,000333,14:20:42,81.6000,50,2
2026-05-20,000333,14:20:45,81.6000,67,1
2026-05-20,000333,14:20:48,81.5900,39,2
2026-05-20,000333,14:20:51,81.5800,16,2
2026-05-20,000333,14:20:54,81.5900,43,2
2026-05-20,000333,14:20:57,81.5900,7,2
2026-05-20,000333,14:21:00,81.5800,44,2
2026-05-20,000333,14:21:03,81.5800,124,1
2026-05-20,000333,14:21:06,81.5700,30,2
2026-05-20,000333,14:21:09,81.5600,39,4
2026-05-20,000333,14:21:12,81.5500,48,2
2026-05-20,000333,14:21:15,81.5500,108,2
2026-05-20,000333,14:21:18,81.5600,57,1
2026-05-20,000333,14:21:21,81.5600,21,2
2026-05-20,000333,14:21:24,81.5600,36,2
2026-05-20,000333,14:21:27,81.5600,5,2
2026-05-20,000333,14:21:30,81.5600,16,2
2026-05-20,000333,14:21:33,81.5600,23,2
2026-05-20,000333,14:21:36,81.5600,4,2
2026-05-20,000333,14:21:39,81.5700,27,1
2026-05-20,000333,14:21:42,81.5600,30,2
2026-05-20,000333,14:21:45,81.5600,25,2
2026-05-20,000333,14:21:48,81.5400,46,2
2026-05-20,000333,14:21:51,81.5600,25,1
2026-05-20,000333,14:21:54,81.5500,42,1
2026-05-20,000333,14:21:57,81.5500,116,1
2026-05-20,000333,14:22:00,81.5600,61,1
2026-05-20,000333,14:22:03,81.5600,102,1
2026-05-20,000333,14:22:06,81.5500,68,2
2026-05-20,000333,14:22:09,81.5500,1,2
2026-05-20,000333,14:22:12,81.5500,12,2
2026-05-20,000333,14:22:15,81.5600,35,1
2026-05-20,000333,14:22:18,81.5500,11,2
2026-05-20,000333,14:22:21,81.5500,45,2
2026-05-20,000333,14:22:24,81.5600,38,1
2026-05-20,000333,14:22:27,81.5600,67,1
2026-05-20,000333,14:22:30,81.5600,35,2
2026-05-20,000333,14:22:33,81.5600,45,2
2026-05-20,000333,14:22:36,81.5600,29,2
2026-05-20,000333,14:22:39,81.5600,45,1
2026-05-20,000333,14:22:42,81.5500,18,2
2026-05-20,000333,14:22:45,81.5600,26,1
2026-05-20,000333,14:22:48,81.5500,12,2
2026-05-20,000333,14:22:51,81.5500,27,2
2026-05-20,000333,14:22:54,81.5600,102,1
2026-05-20,000333,14:22:57,81.5500,38,2
2026-05-20,000333,14:23:00,81.5800,176,1
2026-05-20,000333,14:23:03,81.5600,120,2
2026-05-20,000333,14:23:06,81.5500,88,2
2026-05-20,000333,14:23:09,81.5400,87,2
2026-05-20,000333,14:23:12,81.5400,86,2
2026-05-20,000333,14:23:15,81.5400,42,2
2026-05-20,000333,14:23:18,81.5400,13,2
2026-05-20,000333,14:23:21,81.5400,70,2
2026-05-20,000333,14:23:24,81.5400,14,1
2026-05-20,000333,14:23:27,81.5500,29,1
2026-05-20,000333,14:23:30,81.5400,55,1
2026-05-20,000333,14:23:33,81.5400,36,1
2026-05-20,000333,14:23:36,81.5300,11,2
2026-05-20,000333,14:23:39,81.5400,38,1
2026-05-20,000333,14:23:42,81.5300,34,1
2026-05-20,000333,14:23:45,81.5400,30,1
2026-05-20,000333,14:23:48,81.5200,133,2
2026-05-20,000333,14:23:51,81.5200,68,2
2026-05-20,000333,14:23:54,81.5300,1,1
2026-05-20,000333,14:23:57,81.5200,38,2
2026-05-20,000333,14:24:00,81.5300,32,1
2026-05-20,000333,14:24:03,81.5300,34,1
2026-05-20,000333,14:24:06,81.5200,22,2
2026-05-20,000333,14:24:09,81.5200,40,1
2026-05-20,000333,14:24:12,81.5100,24,2
2026-05-20,000333,14:24:15,81.5200,20,1
2026-05-20,000333,14:24:18,81.5100,20,4
2026-05-20,000333,14:24:21,81.4800,919,2
2026-05-20,000333,14:24:24,81.4500,114,2
2026-05-20,000333,14:24:27,81.4800,61,1
2026-05-20,000333,14:24:30,81.4800,42,1
2026-05-20,000333,14:24:33,81.4500,52,2
2026-05-20,000333,14:24:36,81.4800,34,1
2026-05-20,000333,14:24:39,81.4800,118,2
2026-05-20,000333,14:24:42,81.4400,133,2
2026-05-20,000333,14:24:45,81.4600,105,4
2026-05-20,000333,14:24:48,81.4600,26,2
2026-05-20,000333,14:24:51,81.4700,43,1
2026-05-20,000333,14:24:54,81.4800,24,1
2026-05-20,000333,14:24:57,81.4700,35,2
2026-05-20,000333,14:25:00,81.4700,17,2
2026-05-20,000333,14:25:03,81.4700,33,2
2026-05-20,000333,14:25:06,81.4700,34,2
2026-05-20,000333,14:25:09,81.4800,33,1
2026-05-20,000333,14:25:12,81.4800,25,1
2026-05-20,000333,14:25:15,81.4800,26,1
2026-05-20,000333,14:25:18,81.4900,146,1
2026-05-20,000333,14:25:21,81.4900,92,1
2026-05-20,000333,14:25:24,81.5000,139,1
2026-05-20,000333,14:25:27,81.4900,1,4
2026-05-20,000333,14:25:30,81.4900,107,2
2026-05-20,000333,14:25:33,81.5000,45,1
2026-05-20,000333,14:25:36,81.5000,57,2
2026-05-20,000333,14:25:39,81.5100,106,1
2026-05-20,000333,14:25:42,81.5000,63,2
2026-05-20,000333,14:25:45,81.5100,31,1
2026-05-20,000333,14:25:48,81.5200,51,1
2026-05-20,000333,14:25:51,81.5100,12,2
2026-05-20,000333,14:25:54,81.5200,78,1
2026-05-20,000333,14:25:57,81.5100,16,2
2026-05-20,000333,14:26:00,81.5100,58,2
2026-05-20,000333,14:26:03,81.5100,6,2
2026-05-20,000333,14:26:06,81.5200,54,1
2026-05-20,000333,14:26:09,81.5300,65,1
2026-05-20,000333,14:26:12,81.5200,121,2
2026-05-20,000333,14:26:15,81.5500,43,1
2026-05-20,000333,14:26:18,81.5400,29,2
2026-05-20,000333,14:26:21,81.5400,39,2
2026-05-20,000333,14:26:24,81.5400,26,2
2026-05-20,000333,14:26:27,81.5500,48,1
2026-05-20,000333,14:26:30,81.5400,93,2
2026-05-20,000333,14:26:33,81.5300,63,4
2026-05-20,000333,14:26:36,81.5300,60,2
2026-05-20,000333,14:26:39,81.5400,44,1
2026-05-20,000333,14:26:42,81.5400,31,2
2026-05-20,000333,14:26:45,81.5400,22,2
2026-05-20,000333,14:26:48,81.5400,13,2
2026-05-20,000333,14:26:51,81.5500,23,1
2026-05-20,000333,14:26:54,81.5500,31,1
2026-05-20,000333,14:26:57,81.5500,51,1
2026-05-20,000333,14:27:00,81.5400,65,2
2026-05-20,000333,14:27:03,81.5600,35,1
2026-05-20,000333,14:27:06,81.5500,101,1
2026-05-20,000333,14:27:09,81.5500,43,1
2026-05-20,000333,14:27:12,81.5400,146,2
2026-05-20,000333,14:27:15,81.5400,93,2
2026-05-20,000333,14:27:18,81.5300,37,2
2026-05-20,000333,14:27:21,81.5400,113,1
2026-05-20,000333,14:27:24,81.5400,14,1
2026-05-20,000333,14:27:27,81.5500,66,1
2026-05-20,000333,14:27:30,81.5500,49,2
2026-05-20,000333,14:27:33,81.5600,55,1
2026-05-20,000333,14:27:36,81.5500,25,2
2026-05-20,000333,14:27:39,81.5700,48,1
2026-05-20,000333,14:27:42,81.5600,25,2
2026-05-20,000333,14:27:45,81.5600,37,2
2026-05-20,000333,14:27:48,81.5700,3,1
2026-05-20,000333,14:27:51,81.5500,67,2
2026-05-20,000333,14:27:54,81.5700,38,1
2026-05-20,000333,14:27:57,81.5700,74,1
2026-05-20,000333,14:28:00,81.5700,35,2
2026-05-20,000333,14:28:03,81.5700,21,2
2026-05-20,000333,14:28:06,81.5700,24,2
2026-05-20,000333,14:28:09,81.5700,49,2
2026-05-20,000333,14:28:12,81.5700,30,2
2026-05-20,000333,14:28:15,81.5800,97,1
2026-05-20,000333,14:28:18,81.5500,50,2
2026-05-20,000333,14:28:21,81.5500,29,2
2026-05-20,000333,14:28:24,81.5600,36,2
2026-05-20,000333,14:28:27,81.5600,1,2
2026-05-20,000333,14:28:30,81.5600,34,2
2026-05-20,000333,14:28:33,81.5700,53,1
2026-05-20,000333,14:28:36,81.5600,24,2
2026-05-20,000333,14:28:39,81.5800,67,1
2026-05-20,000333,14:28:42,81.5800,58,1
2026-05-20,000333,14:28:45,81.5700,21,2
2026-05-20,000333,14:28:48,81.5700,25,2
2026-05-20,000333,14:28:51,81.5700,27,2
2026-05-20,000333,14:28:54,81.5800,42,1
2026-05-20,000333,14:28:57,81.5700,7,1
2026-05-20,000333,14:29:00,81.5500,119,2
2026-05-20,000333,14:29:03,81.5500,85,2
2026-05-20,000333,14:29:06,81.5700,33,1
2026-05-20,000333,14:29:09,81.5800,87,1
2026-05-20,000333,14:29:12,81.5700,53,2
2026-05-20,000333,14:29:15,81.5700,2,2
2026-05-20,000333,14:29:18,81.5700,44,2
2026-05-20,000333,14:29:21,81.5800,16,4
2026-05-20,000333,14:29:24,81.5700,30,2
2026-05-20,000333,14:29:27,81.5700,51,2
2026-05-20,000333,14:29:30,81.5300,40,2
2026-05-20,000333,14:29:33,81.5800,31,1
2026-05-20,000333,14:29:36,81.5700,20,2
2026-05-20,000333,14:29:39,81.5700,50,2
2026-05-20,000333,14:29:42,81.5700,40,2
2026-05-20,000333,14:29:45,81.5700,38,2
2026-05-20,000333,14:29:48,81.5500,14,2
2026-05-20,000333,14:29:51,81.5300,97,2
2026-05-20,000333,14:29:54,81.5500,13,2
2026-05-20,000333,14:29:57,81.5500,50,2
2026-05-20,000333,14:30:00,81.5700,43,1
2026-05-20,000333,14:30:03,81.5800,93,1
2026-05-20,000333,14:30:06,81.5700,42,2
2026-05-20,000333,14:30:09,81.5800,53,1
2026-05-20,000333,14:30:12,81.5500,31,2
2026-05-20,000333,14:30:15,81.5800,28,1
2026-05-20,000333,14:30:18,81.5300,44,2
2026-05-20,000333,14:30:21,81.5500,49,4
2026-05-20,000333,14:30:24,81.5500,42,2
2026-05-20,000333,14:30:27,81.5500,42,2
2026-05-20,000333,14:30:30,81.5500,14,2
2026-05-20,000333,14:30:33,81.5500,60,2
2026-05-20,000333,14:30:36,81.5300,110,2
2026-05-20,000333,14:30:39,81.5500,51,1
2026-05-20,000333,14:30:42,81.5100,33,2
2026-05-20,000333,14:30:45,81.5300,47,2
2026-05-20,000333,14:30:48,81.5300,37,2
2026-05-20,000333,14:30:51,81.5200,47,2
2026-05-20,000333,14:30:54,81.5300,33,4
2026-05-20,000333,14:30:57,81.5300,29,4
2026-05-20,000333,14:31:00,81.5200,15,2
2026-05-20,000333,14:31:03,81.5200,56,2
2026-05-20,000333,14:31:06,81.5200,8,2
2026-05-20,000333,14:31:09,81.5300,46,1
2026-05-20,000333,14:31:12,81.5200,16,2
2026-05-20,000333,14:31:15,81.5300,66,1
2026-05-20,000333,14:31:18,81.5200,36,2
2026-05-20,000333,14:31:21,81.5300,125,1
2026-05-20,000333,14:31:24,81.5200,34,2
2026-05-20,000333,14:31:27,81.5300,92,1
2026-05-20,000333,14:31:30,81.5200,34,2
2026-05-20,000333,14:31:33,81.5200,46,2
2026-05-20,000333,14:31:36,81.5300,33,1
2026-05-20,000333,14:31:39,81.5400,76,1
2026-05-20,000333,14:31:42,81.5300,54,2
2026-05-20,000333,14:31:45,81.5400,41,1
2026-05-20,000333,14:31:48,81.5300,12,2
2026-05-20,000333,14:31:51,81.5300,29,2
2026-05-20,000333,14:31:54,81.5200,62,2
2026-05-20,000333,14:31:57,81.5300,14,1
2026-05-20,000333,14:32:00,81.5200,27,2
2026-05-20,000333,14:32:03,81.5300,2,1
2026-05-20,000333,14:32:06,81.5100,109,2
2026-05-20,000333,14:32:09,81.5100,80,2
2026-05-20,000333,14:32:12,81.5100,42,2
2026-05-20,000333,14:32:15,81.5000,43,2
2026-05-20,000333,14:32:18,81.5000,8,2
2026-05-20,000333,14:32:21,81.5000,36,2
2026-05-20,000333,14:32:24,81.5100,39,1
2026-05-20,000333,14:32:27,81.4700,258,2
2026-05-20,000333,14:32:30,81.4900,41,1
2026-05-20,000333,14:32:33,81.4800,7,2
2026-05-20,000333,14:32:36,81.5000,39,1
2026-05-20,000333,14:32:39,81.5000,32,1
2026-05-20,000333,14:32:42,81.5000,163,2
2026-05-20,000333,14:32:45,81.5200,178,1
2026-05-20,000333,14:32:48,81.5100,97,2
2026-05-20,000333,14:32:51,81.5000,132,2
2026-05-20,000333,14:32:54,81.5200,39,1
2026-05-20,000333,14:32:57,81.5200,6,1
2026-05-20,000333,14:33:00,81.5300,32,1
2026-05-20,000333,14:33:03,81.5200,18,1
2026-05-20,000333,14:33:06,81.5100,38,2
2026-05-20,000333,14:33:09,81.5100,20,2
2026-05-20,000333,14:33:12,81.5200,48,1
2026-05-20,000333,14:33:15,81.5200,25,1
2026-05-20,000333,14:33:18,81.5200,33,1
2026-05-20,000333,14:33:21,81.5200,62,1
2026-05-20,000333,14:33:24,81.5100,55,2
2026-05-20,000333,14:33:27,81.5100,6,2
2026-05-20,000333,14:33:30,81.5200,31,1
2026-05-20,000333,14:33:33,81.5100,4,4
2026-05-20,000333,14:33:36,81.4900,141,2
2026-05-20,000333,14:33:39,81.5300,39,1
2026-05-20,000333,14:33:42,81.5300,109,1
2026-05-20,000333,14:33:45,81.5400,45,1
2026-05-20,000333,14:33:48,81.5300,49,2
2026-05-20,000333,14:33:51,81.5400,50,1
2026-05-20,000333,14:33:54,81.5500,42,1
2026-05-20,000333,14:33:57,81.5400,19,2
2026-05-20,000333,14:34:00,81.5300,15,2
2026-05-20,000333,14:34:03,81.5400,41,2
2026-05-20,000333,14:34:06,81.5400,82,2
2026-05-20,000333,14:34:09,81.5400,45,1
2026-05-20,000333,14:34:12,81.5400,25,2
2026-05-20,000333,14:34:15,81.5500,36,4
2026-05-20,000333,14:34:18,81.5700,68,1
2026-05-20,000333,14:34:21,81.5600,29,4
2026-05-20,000333,14:34:24,81.5600,56,4
2026-05-20,000333,14:34:27,81.5600,42,1
2026-05-20,000333,14:34:30,81.5400,12,2
2026-05-20,000333,14:34:33,81.5500,19,1
2026-05-20,000333,14:34:36,81.5400,276,2
2026-05-20,000333,14:34:39,81.5600,33,1
2026-05-20,000333,14:34:42,81.5500,91,4
2026-05-20,000333,14:34:45,81.5500,2,2
2026-05-20,000333,14:34:48,81.5500,34,2
2026-05-20,000333,14:34:51,81.5500,108,1
2026-05-20,000333,14:34:54,81.5600,71,1
2026-05-20,000333,14:34:57,81.5600,2,2
2026-05-20,000333,14:35:00,81.5600,55,2
2026-05-20,000333,14:35:03,81.5600,81,1
2026-05-20,000333,14:35:06,81.5400,44,2
2026-05-20,000333,14:35:09,81.5600,128,1
2026-05-20,000333,14:35:12,81.5600,8,2
2026-05-20,000333,14:35:15,81.5700,55,1
2026-05-20,000333,14:35:18,81.5600,9,2
2026-05-20,000333,14:35:21,81.5600,11,2
2026-05-20,000333,14:35:24,81.5600,24,2
2026-05-20,000333,14:35:27,81.5600,153,2
2026-05-20,000333,14:35:30,81.5400,22,2
2026-05-20,000333,14:35:33,81.5500,91,4
2026-05-20,000333,14:35:36,81.5500,42,2
2026-05-20,000333,14:35:39,81.5600,58,1
2026-05-20,000333,14:35:42,81.5600,16,2
2026-05-20,000333,14:35:45,81.5600,48,2
2026-05-20,000333,14:35:48,81.5700,41,1
2026-05-20,000333,14:35:51,81.5700,102,1
2026-05-20,000333,14:35:54,81.5700,114,2
2026-05-20,000333,14:35:57,81.5600,214,4
2026-05-20,000333,14:36:00,81.5800,70,1
2026-05-20,000333,14:36:03,81.5600,5,4
2026-05-20,000333,14:36:06,81.5700,18,1
2026-05-20,000333,14:36:09,81.5600,10,2
2026-05-20,000333,14:36:12,81.5600,11,2
2026-05-20,000333,14:36:15,81.5700,28,1
2026-05-20,000333,14:36:18,81.5800,102,1
2026-05-20,000333,14:36:21,81.5600,166,2
2026-05-20,000333,14:36:24,81.5700,143,1
2026-05-20,000333,14:36:27,81.5800,83,1
2026-05-20,000333,14:36:30,81.5800,114,1
2026-05-20,000333,14:36:33,81.5700,28,2
2026-05-20,000333,14:36:36,81.5500,32,2
2026-05-20,000333,14:36:39,81.5200,117,2
2026-05-20,000333,14:36:42,81.5200,10,2
2026-05-20,000333,14:36:45,81.5300,10,2
2026-05-20,000333,14:36:48,81.5400,51,1
2026-05-20,000333,14:36:51,81.5400,27,1
2026-05-20,000333,14:36:54,81.5400,32,1
2026-05-20,000333,14:36:57,81.5500,33,1
2026-05-20,000333,14:37:00,81.5400,35,2
2026-05-20,000333,14:37:03,81.5400,22,2
2026-05-20,000333,14:37:06,81.5400,25,2
2026-05-20,000333,14:37:09,81.5500,27,1
2026-05-20,000333,14:37:12,81.5300,115,2
2026-05-20,000333,14:37:15,81.5400,12,4
2026-05-20,000333,14:37:18,81.5300,47,2
2026-05-20,000333,14:37:21,81.5300,7,2
2026-05-20,000333,14:37:24,81.5200,21,2
2026-05-20,000333,14:37:27,81.5400,24,1
2026-05-20,000333,14:37:30,81.5200,83,2
2026-05-20,000333,14:37:33,81.5300,35,1
2026-05-20,000333,14:37:36,81.5200,5,2
2026-05-20,000333,14:37:39,81.5300,28,1
2026-05-20,000333,14:37:42,81.5300,20,1
2026-05-20,000333,14:37:45,81.5100,3,2
2026-05-20,000333,14:37:48,81.5100,124,2
2026-05-20,000333,14:37:51,81.5100,60,1
2026-05-20,000333,14:37:54,81.5100,23,1
2026-05-20,000333,14:37:57,81.5000,272,2
2026-05-20,000333,14:38:00,81.5100,61,1
2026-05-20,000333,14:38:03,81.5000,149,2
2026-05-20,000333,14:38:06,81.5100,51,1
2026-05-20,000333,14:38:09,81.5200,84,1
2026-05-20,000333,14:38:12,81.5100,32,2
2026-05-20,000333,14:38:15,81.5100,56,2
2026-05-20,000333,14:38:18,81.5100,47,2
2026-05-20,000333,14:38:21,81.5200,52,1
2026-05-20,000333,14:38:24,81.5100,12,2
2026-05-20,000333,14:38:27,81.5000,65,2
2026-05-20,000333,14:38:30,81.5100,20,2
2026-05-20,000333,14:38:33,81.5000,162,2
2026-05-20,000333,14:38:36,81.5100,34,1
2026-05-20,000333,14:38:39,81.4900,203,2
2026-05-20,000333,14:38:42,81.4900,173,2
2026-05-20,000333,14:38:45,81.4900,35,1
2026-05-20,000333,14:38:48,81.4800,47,2
2026-05-20,000333,14:38:51,81.4800,22,2
2026-05-20,000333,14:38:54,81.4900,63,1
2026-05-20,000333,14:38:57,81.4800,24,2
2026-05-20,000333,14:39:00,81.4700,49,2
2026-05-20,000333,14:39:03,81.4600,15,2
2026-05-20,000333,14:39:06,81.4600,38,2
2026-05-20,000333,14:39:09,81.4500,8,2
2026-05-20,000333,14:39:12,81.4900,110,1
2026-05-20,000333,14:39:15,81.4900,164,1
2026-05-20,000333,14:39:18,81.4600,62,2
2026-05-20,000333,14:39:21,81.4700,106,4
2026-05-20,000333,14:39:24,81.4600,42,2
2026-05-20,000333,14:39:27,81.4900,118,1
2026-05-20,000333,14:39:30,81.4600,18,2
2026-05-20,000333,14:39:33,81.4800,95,1
2026-05-20,000333,14:39:36,81.4800,3,1
2026-05-20,000333,14:39:39,81.4800,27,1
2026-05-20,000333,14:39:42,81.4800,6,2
2026-05-20,000333,14:39:45,81.4700,38,2
2026-05-20,000333,14:39:48,81.4800,22,4
2026-05-20,000333,14:39:51,81.4900,199,1
2026-05-20,000333,14:39:54,81.4800,94,4
2026-05-20,000333,14:39:57,81.4700,21,2
2026-05-20,000333,14:40:00,81.4800,215,4
2026-05-20,000333,14:40:03,81.4700,39,1
2026-05-20,000333,14:40:06,81.4600,44,2
2026-05-20,000333,14:40:09,81.4600,58,4
2026-05-20,000333,14:40:12,81.4600,118,1
2026-05-20,000333,14:40:15,81.4700,95,1
2026-05-20,000333,14:40:18,81.4900,43,1
2026-05-20,000333,14:40:21,81.4900,25,1
2026-05-20,000333,14:40:24,81.4800,77,2
2026-05-20,000333,14:40:27,81.4900,9,1
2026-05-20,000333,14:40:30,81.4900,53,2
2026-05-20,000333,14:40:33,81.4900,80,2
2026-05-20,000333,14:40:36,81.4900,29,2
2026-05-20,000333,14:40:39,81.5000,41,1
2026-05-20,000333,14:40:42,81.4900,25,2
2026-05-20,000333,14:40:45,81.4900,87,2
2026-05-20,000333,14:40:48,81.4900,114,4
2026-05-20,000333,14:40:51,81.4900,19,1
2026-05-20,000333,14:40:54,81.4800,85,2
2026-05-20,000333,14:40:57,81.4800,88,2
2026-05-20,000333,14:41:00,81.4700,20,2
2026-05-20,000333,14:41:03,81.4800,22,4
2026-05-20,000333,14:41:06,81.4900,9,2
2026-05-20,000333,14:41:09,81.5100,141,1
2026-05-20,000333,14:41:12,81.5100,116,1
2026-05-20,000333,14:41:15,81.5200,32,1
2026-05-20,000333,14:41:18,81.5100,73,2
2026-05-20,000333,14:41:21,81.5000,25,2
2026-05-20,000333,14:41:24,81.5100,19,1
2026-05-20,000333,14:41:27,81.5000,34,2
2026-05-20,000333,14:41:30,81.5000,102,2
2026-05-20,000333,14:41:33,81.5000,9,1
2026-05-20,000333,14:41:36,81.5000,120,1
2026-05-20,000333,14:41:39,81.5000,43,2
2026-05-20,000333,14:41:42,81.5000,72,1
2026-05-20,000333,14:41:45,81.4900,37,2
2026-05-20,000333,14:41:48,81.5000,49,2
2026-05-20,000333,14:41:51,81.5100,52,1
2026-05-20,000333,14:41:54,81.5100,56,1
2026-05-20,000333,14:41:57,81.5000,47,2
2026-05-20,000333,14:42:00,81.5000,46,2
2026-05-20,000333,14:42:03,81.5100,28,1
2026-05-20,000333,14:42:06,81.5000,57,2
2026-05-20,000333,14:42:09,81.4900,8,2
2026-05-20,000333,14:42:12,81.5100,22,1
2026-05-20,000333,14:42:15,81.5200,45,1
2026-05-20,000333,14:42:18,81.5200,148,1
2026-05-20,000333,14:42:21,81.4900,67,2
2026-05-20,000333,14:42:24,81.4900,5,2
2026-05-20,000333,14:42:27,81.4900,59,2
2026-05-20,000333,14:42:30,81.5200,33,1
2026-05-20,000333,14:42:33,81.5000,43,4
2026-05-20,000333,14:42:36,81.4800,16,2
2026-05-20,000333,14:42:39,81.4900,35,2
2026-05-20,000333,14:42:42,81.4800,24,2
2026-05-20,000333,14:42:45,81.4800,56,2
2026-05-20,000333,14:42:48,81.4800,60,2
2026-05-20,000333,14:42:51,81.4700,64,2
2026-05-20,000333,14:42:54,81.4800,59,1
2026-05-20,000333,14:42:57,81.4700,29,2
2026-05-20,000333,14:43:00,81.4800,122,1
2026-05-20,000333,14:43:03,81.4700,16,1
2026-05-20,000333,14:43:06,81.4800,66,1
2026-05-20,000333,14:43:09,81.4900,40,1
2026-05-20,000333,14:43:12,81.4800,12,1
2026-05-20,000333,14:43:15,81.4700,27,2
2026-05-20,000333,14:43:18,81.4700,37,1
2026-05-20,000333,14:43:21,81.4700,24,1
2026-05-20,000333,14:43:24,81.4800,182,1
2026-05-20,000333,14:43:27,81.4600,34,2
2026-05-20,000333,14:43:30,81.4600,47,1
2026-05-20,000333,14:43:33,81.4500,30,2
2026-05-20,000333,14:43:36,81.4500,85,2
2026-05-20,000333,14:43:39,81.4600,55,1
2026-05-20,000333,14:43:42,81.4500,61,4
2026-05-20,000333,14:43:45,81.4700,76,1
2026-05-20,000333,14:43:48,81.4600,19,2
2026-05-20,000333,14:43:51,81.4600,67,2
2026-05-20,000333,14:43:54,81.4600,79,2
2026-05-20,000333,14:43:57,81.4700,55,1
2026-05-20,000333,14:44:00,81.4600,70,2
2026-05-20,000333,14:44:03,81.4700,43,2
2026-05-20,000333,14:44:06,81.4600,150,2
2026-05-20,000333,14:44:09,81.4600,77,2
2026-05-20,000333,14:44:12,81.4700,13,4
2026-05-20,000333,14:44:15,81.4500,122,2
2026-05-20,000333,14:44:18,81.4600,44,2
2026-05-20,000333,14:44:21,81.4500,19,2
2026-05-20,000333,14:44:24,81.4500,48,2
2026-05-20,000333,14:44:27,81.4500,12,2
2026-05-20,000333,14:44:30,81.4500,27,1
2026-05-20,000333,14:44:33,81.4500,83,2
2026-05-20,000333,14:44:36,81.4600,49,1
2026-05-20,000333,14:44:39,81.4600,26,2
2026-05-20,000333,14:44:42,81.4500,40,2
2026-05-20,000333,14:44:45,81.4700,121,1
2026-05-20,000333,14:44:48,81.4700,65,2
2026-05-20,000333,14:44:51,81.4700,25,2
2026-05-20,000333,14:44:54,81.4700,45,1
2026-05-20,000333,14:44:57,81.4700,40,1
2026-05-20,000333,14:45:00,81.4700,23,1
2026-05-20,000333,14:45:03,81.4700,38,1
2026-05-20,000333,14:45:06,81.4700,5,1
2026-05-20,000333,14:45:09,81.4600,69,2
2026-05-20,000333,14:45:12,81.4700,29,2
2026-05-20,000333,14:45:15,81.4700,43,2
2026-05-20,000333,14:45:18,81.4700,18,2
2026-05-20,000333,14:45:21,81.4700,27,2
2026-05-20,000333,14:45:24,81.4700,140,2
2026-05-20,000333,14:45:27,81.4700,25,1
2026-05-20,000333,14:45:30,81.4800,51,1
2026-05-20,000333,14:45:33,81.4600,20,2
2026-05-20,000333,14:45:36,81.4700,19,1
2026-05-20,000333,14:45:39,81.4700,34,1
2026-05-20,000333,14:45:42,81.4600,14,2
2026-05-20,000333,14:45:45,81.4700,32,1
2026-05-20,000333,14:45:48,81.4600,25,2
2026-05-20,000333,14:45:51,81.4600,33,2
2026-05-20,000333,14:45:54,81.4600,28,1
2026-05-20,000333,14:45:57,81.4600,42,1
2026-05-20,000333,14:46:00,81.4700,39,1
2026-05-20,000333,14:46:03,81.4700,211,1
2026-05-20,000333,14:46:06,81.4700,148,2
2026-05-20,000333,14:46:09,81.4900,60,1
2026-05-20,000333,14:46:12,81.4800,80,4
2026-05-20,000333,14:46:15,81.4800,15,2
2026-05-20,000333,14:46:18,81.4800,39,2
2026-05-20,000333,14:46:21,81.4700,37,2
2026-05-20,000333,14:46:24,81.4700,30,2
2026-05-20,000333,14:46:27,81.4800,3,4
2026-05-20,000333,14:46:30,81.4900,22,1
2026-05-20,000333,14:46:33,81.4900,22,1
2026-05-20,000333,14:46:36,81.4900,73,1
2026-05-20,000333,14:46:39,81.4900,39,2
2026-05-20,000333,14:46:42,81.4900,21,2
2026-05-20,000333,14:46:45,81.4900,118,2
2026-05-20,000333,14:46:48,81.5000,38,1
2026-05-20,000333,14:46:51,81.5000,39,1
2026-05-20,000333,14:46:54,81.4900,24,1
2026-05-20,000333,14:46:57,81.4900,43,1
2026-05-20,000333,14:47:00,81.5000,13,1
2026-05-20,000333,14:47:03,81.5000,15,1
2026-05-20,000333,14:47:06,81.4700,47,2
2026-05-20,000333,14:47:09,81.4700,35,2
2026-05-20,000333,14:47:12,81.4600,47,2
2026-05-20,000333,14:47:15,81.4600,59,2
2026-05-20,000333,14:47:18,81.4500,68,2
2026-05-20,000333,14:47:21,81.4600,41,1
2026-05-20,000333,14:47:24,81.4500,111,2
2026-05-20,000333,14:47:27,81.4500,23,2
2026-05-20,000333,14:47:30,81.4600,33,1
2026-05-20,000333,14:47:33,81.4800,121,1
2026-05-20,000333,14:47:36,81.4800,81,1
2026-05-20,000333,14:47:39,81.4800,28,2
2026-05-20,000333,14:47:42,81.4900,2,1
2026-05-20,000333,14:47:45,81.4800,57,2
2026-05-20,000333,14:47:48,81.4800,19,1
2026-05-20,000333,14:47:51,81.4900,34,1
2026-05-20,000333,14:47:54,81.4900,27,2
2026-05-20,000333,14:47:57,81.4800,17,2
2026-05-20,000333,14:48:00,81.5000,15,1
2026-05-20,000333,14:48:03,81.4800,72,2
2026-05-20,000333,14:48:06,81.4800,105,2
2026-05-20,000333,14:48:09,81.4800,36,1
2026-05-20,000333,14:48:12,81.4800,69,1
2026-05-20,000333,14:48:15,81.4800,27,1
2026-05-20,000333,14:48:18,81.4800,32,1
2026-05-20,000333,14:48:21,81.4800,53,2
2026-05-20,000333,14:48:24,81.4800,78,2
2026-05-20,000333,14:48:27,81.4800,37,2
2026-05-20,000333,14:48:30,81.4800,17,2
2026-05-20,000333,14:48:33,81.4800,17,4
2026-05-20,000333,14:48:36,81.4800,18,1
2026-05-20,000333,14:48:39,81.4700,22,2
2026-05-20,000333,14:48:42,81.4700,61,1
2026-05-20,000333,14:48:45,81.4800,31,4
2026-05-20,000333,14:48:48,81.4800,26,1
2026-05-20,000333,14:48:51,81.4800,81,2
2026-05-20,000333,14:48:54,81.4700,94,2
2026-05-20,000333,14:48:57,81.4700,89,2
2026-05-20,000333,14:49:00,81.4700,73,2
2026-05-20,000333,14:49:03,81.4700,136,2
2026-05-20,000333,14:49:06,81.4900,59,1
2026-05-20,000333,14:49:09,81.5000,54,2
2026-05-20,000333,14:49:12,81.5000,12,2
2026-05-20,000333,14:49:15,81.5200,21,1
2026-05-20,000333,14:49:18,81.5300,21,1
2026-05-20,000333,14:49:21,81.5300,24,2
2026-05-20,000333,14:49:24,81.5500,107,1
2026-05-20,000333,14:49:27,81.5500,105,2
2026-05-20,000333,14:49:30,81.5100,27,2
2026-05-20,000333,14:49:33,81.5300,39,1
2026-05-20,000333,14:49:36,81.5200,49,2
2026-05-20,000333,14:49:39,81.5500,68,1
2026-05-20,000333,14:49:42,81.5200,36,2
2026-05-20,000333,14:49:45,81.5300,13,2
2026-05-20,000333,14:49:48,81.5300,6,1
2026-05-20,000333,14:49:51,81.5300,66,2
2026-05-20,000333,14:49:54,81.5600,27,1
2026-05-20,000333,14:49:57,81.5500,13,4
2026-05-20,000333,14:50:00,81.5500,2,4
2026-05-20,000333,14:50:03,81.5600,46,1
2026-05-20,000333,14:50:06,81.5900,144,1
2026-05-20,000333,14:50:09,81.5700,206,2
2026-05-20,000333,14:50:12,81.6100,41,1
2026-05-20,000333,14:50:15,81.6200,53,1
2026-05-20,000333,14:50:18,81.6000,70,2
2026-05-20,000333,14:50:21,81.6500,45,1
2026-05-20,000333,14:50:24,81.6300,17,1
2026-05-20,000333,14:50:27,81.6500,55,1
2026-05-20,000333,14:50:30,81.6500,35,2
2026-05-20,000333,14:50:33,81.6500,117,2
2026-05-20,000333,14:50:36,81.6500,149,2
2026-05-20,000333,14:50:39,81.6900,56,1
2026-05-20,000333,14:50:42,81.7000,115,1
2026-05-20,000333,14:50:45,81.7000,37,1
2026-05-20,000333,14:50:48,81.7000,7,1
2026-05-20,000333,14:50:51,81.6800,49,2
2026-05-20,000333,14:50:54,81.6800,4,2
2026-05-20,000333,14:50:57,81.6700,62,2
2026-05-20,000333,14:51:00,81.7000,19,1
2026-05-20,000333,14:51:03,81.6800,29,2
2026-05-20,000333,14:51:06,81.6600,18,2
2026-05-20,000333,14:51:09,81.6600,9,2
2026-05-20,000333,14:51:12,81.6700,6,4
2026-05-20,000333,14:51:15,81.6600,29,2
2026-05-20,000333,14:51:18,81.6800,4,1
2026-05-20,000333,14:51:21,81.6800,69,1
2026-05-20,000333,14:51:24,81.6700,50,2
2026-05-20,000333,14:51:27,81.6800,28,2
2026-05-20,000333,14:51:30,81.6700,58,2
2026-05-20,000333,14:51:33,81.6600,58,2
2026-05-20,000333,14:51:36,81.6800,34,1
2026-05-20,000333,14:51:39,81.6800,35,4
2026-05-20,000333,14:51:42,81.6600,69,2
2026-05-20,000333,14:51:45,81.6700,35,1
2026-05-20,000333,14:51:48,81.6800,35,1
2026-05-20,000333,14:51:51,81.7000,52,1
2026-05-20,000333,14:51:54,81.6700,82,4
2026-05-20,000333,14:51:57,81.6300,454,2
2026-05-20,000333,14:52:00,81.6200,126,2
2026-05-20,000333,14:52:03,81.6300,77,1
2026-05-20,000333,14:52:06,81.6300,132,2
2026-05-20,000333,14:52:09,81.6500,70,1
2026-05-20,000333,14:52:12,81.6500,41,1
2026-05-20,000333,14:52:15,81.6600,19,1
2026-05-20,000333,14:52:18,81.6700,27,1
2026-05-20,000333,14:52:21,81.6900,210,1
2026-05-20,000333,14:52:24,81.6700,67,2
2026-05-20,000333,14:52:27,81.6700,38,2
2026-05-20,000333,14:52:30,81.6700,9,2
2026-05-20,000333,14:52:33,81.6900,346,1
2026-05-20,000333,14:52:36,81.6900,56,2
2026-05-20,000333,14:52:39,81.6900,6,2
2026-05-20,000333,14:52:42,81.6800,79,2
2026-05-20,000333,14:52:45,81.6800,18,2
2026-05-20,000333,14:52:48,81.6800,29,2
2026-05-20,000333,14:52:51,81.6900,43,1
2026-05-20,000333,14:52:54,81.6900,24,1
2026-05-20,000333,14:52:57,81.6900,19,2
2026-05-20,000333,14:53:00,81.6500,57,2
2026-05-20,000333,14:53:03,81.6600,374,2
2026-05-20,000333,14:53:06,81.6800,254,2
2026-05-20,000333,14:53:09,81.7500,146,1
2026-05-20,000333,14:53:12,81.7300,27,1
2026-05-20,000333,14:53:15,81.7000,117,1
2026-05-20,000333,14:53:18,81.6600,21,2
2026-05-20,000333,14:53:21,81.6900,14,1
2026-05-20,000333,14:53:24,81.6900,17,2
2026-05-20,000333,14:53:27,81.6600,15,2
2026-05-20,000333,14:53:30,81.7000,28,1
2026-05-20,000333,14:53:33,81.7000,22,1
2026-05-20,000333,14:53:36,81.7100,17,1
2026-05-20,000333,14:53:39,81.7000,7,2
2026-05-20,000333,14:53:42,81.7000,323,2
2026-05-20,000333,14:53:45,81.7300,78,2
2026-05-20,000333,14:53:48,81.7300,56,2
2026-05-20,000333,14:53:51,81.7300,42,2
2026-05-20,000333,14:53:54,81.7700,100,1
2026-05-20,000333,14:53:57,81.7000,99,2
2026-05-20,000333,14:54:00,81.6600,108,2
2026-05-20,000333,14:54:03,81.7200,109,1
2026-05-20,000333,14:54:06,81.7300,24,2
2026-05-20,000333,14:54:09,81.7000,42,2
2026-05-20,000333,14:54:12,81.6700,21,2
2026-05-20,000333,14:54:15,81.7400,57,1
2026-05-20,000333,14:54:18,81.7400,26,2
2026-05-20,000333,14:54:21,81.7700,26,2
2026-05-20,000333,14:54:24,81.7500,22,2
2026-05-20,000333,14:54:27,81.7500,10,2
2026-05-20,000333,14:54:30,81.8000,46,1
2026-05-20,000333,14:54:33,81.8000,89,1
2026-05-20,000333,14:54:36,81.7500,52,4
2026-05-20,000333,14:54:39,81.7300,95,2
2026-05-20,000333,14:54:42,81.6900,27,2
2026-05-20,000333,14:54:45,81.6800,27,1
2026-05-20,000333,14:54:48,81.6700,19,2
2026-05-20,000333,14:54:51,81.6800,4,2
2026-05-20,000333,14:54:54,81.7000,33,2
2026-05-20,000333,14:54:57,81.7000,31,2
2026-05-20,000333,14:55:00,81.6900,37,2
2026-05-20,000333,14:55:03,81.6900,127,2
2026-05-20,000333,14:55:06,81.6900,108,2
2026-05-20,000333,14:55:09,81.6900,77,2
2026-05-20,000333,14:55:12,81.7300,25,1
2026-05-20,000333,14:55:15,81.7000,29,2
2026-05-20,000333,14:55:18,81.7600,27,1
2026-05-20,000333,14:55:21,81.7200,8,2
2026-05-20,000333,14:55:24,81.7700,88,1
2026-05-20,000333,14:55:27,81.7600,79,1
2026-05-20,000333,14:55:30,81.7600,107,1
2026-05-20,000333,14:55:33,81.6600,58,2
2026-05-20,000333,14:55:36,81.7600,21,1
2026-05-20,000333,14:55:39,81.6700,17,2
2026-05-20,000333,14:55:42,81.7600,83,1
2026-05-20,000333,14:55:45,81.6600,66,2
2026-05-20,000333,14:55:48,81.6700,34,1
2026-05-20,000333,14:55:51,81.6600,24,2
2026-05-20,000333,14:55:54,81.6500,145,2
2026-05-20,000333,14:55:57,81.6600,124,1
2026-05-20,000333,14:56:00,81.6500,153,2
2026-05-20,000333,14:56:03,81.7600,87,1
2026-05-20,000333,14:56:06,81.6500,47,1
2026-05-20,000333,14:56:09,81.6600,85,2
2026-05-20,000333,14:56:12,81.6500,72,2
2026-05-20,000333,14:56:15,81.7900,1263,1
2026-05-20,000333,14:56:18,81.7100,32,2
2026-05-20,000333,14:56:21,81.6700,41,2
2026-05-20,000333,14:56:24,81.7100,30,1
2026-05-20,000333,14:56:27,81.7500,100,1
2026-05-20,000333,14:56:30,81.7900,76,1
2026-05-20,000333,14:56:33,81.8100,75,1
2026-05-20,000333,14:56:36,81.8100,36,2
2026-05-20,000333,14:56:39,81.8100,18,2
2026-05-20,000333,14:56:42,81.8100,48,2
2026-05-20,000333,14:56:45,81.8000,59,1
2026-05-20,000333,14:56:48,81.8000,38,1
2026-05-20,000333,14:56:51,81.8000,31,2
2026-05-20,000333,14:56:54,81.8100,30,1
2026-05-20,000333,14:56:57,81.8300,235,1
2026-05-20,000333,14:57:00,81.8200,105,2
2026-05-20,000333,15:00:00,81.5000,4512,4
2026-05-20,000333,13:16:21,81.3500,50,2
2026-05-20,000333,13:16:24,81.3500,77,2
2026-05-20,000333,13:16:27,81.3400,29,2
2026-05-20,000333,13:16:30,81.3300,57,2
2026-05-20,000333,13:16:33,81.3400,19,4
2026-05-20,000333,13:16:36,81.3400,48,2
2026-05-20,000333,13:16:39,81.3300,43,2
2026-05-20,000333,13:16:42,81.3200,364,2
2026-05-20,000333,13:16:45,81.3100,81,2
2026-05-20,000333,13:16:48,81.3100,87,2
2026-05-20,000333,13:16:51,81.3000,42,2
2026-05-20,000333,13:16:54,81.2900,51,2
2026-05-20,000333,13:16:57,81.2900,153,1
2026-05-20,000333,13:17:00,81.2900,164,1
2026-05-20,000333,13:17:03,81.2900,231,2
2026-05-20,000333,13:17:06,81.3000,44,1
2026-05-20,000333,13:17:09,81.3000,44,1
2026-05-20,000333,13:17:12,81.3100,17,1
2026-05-20,000333,13:17:15,81.3000,2,4
2026-05-20,000333,13:17:18,81.3000,56,2
2026-05-20,000333,13:17:21,81.2900,12,2
2026-05-20,000333,13:17:24,81.2800,43,2
2026-05-20,000333,13:17:27,81.2700,8,2
2026-05-20,000333,13:17:30,81.2600,59,2
2026-05-20,000333,13:17:33,81.2700,8,2
2026-05-20,000333,13:17:36,81.2800,24,1
2026-05-20,000333,13:17:39,81.2700,61,2
2026-05-20,000333,13:17:42,81.2600,45,2
2026-05-20,000333,13:17:45,81.2600,39,2
2026-05-20,000333,13:17:48,81.2700,44,1
2026-05-20,000333,13:17:51,81.2600,10,4
2026-05-20,000333,13:17:54,81.2500,23,2
2026-05-20,000333,13:17:57,81.2500,10,2
2026-05-20,000333,13:18:00,81.2400,118,2
2026-05-20,000333,13:18:03,81.2600,120,1
2026-05-20,000333,13:18:06,81.2800,182,1
2026-05-20,000333,13:18:09,81.2800,121,1
2026-05-20,000333,13:18:12,81.2700,58,2
2026-05-20,000333,13:18:15,81.2600,69,2
2026-05-20,000333,13:18:18,81.2700,6,1
2026-05-20,000333,13:18:21,81.2600,30,2
2026-05-20,000333,13:18:24,81.2700,10,1
2026-05-20,000333,13:18:27,81.2700,140,1
2026-05-20,000333,13:18:30,81.2700,58,1
2026-05-20,000333,13:18:33,81.2700,41,1
2026-05-20,000333,13:18:36,81.2800,174,1
2026-05-20,000333,13:18:39,81.2800,93,2
2026-05-20,000333,13:18:42,81.3000,236,1
2026-05-20,000333,13:18:45,81.2800,409,2
2026-05-20,000333,13:18:48,81.3000,116,1
2026-05-20,000333,13:18:51,81.3000,108,1
2026-05-20,000333,13:18:54,81.3000,1,2
2026-05-20,000333,13:18:57,81.3000,112,2
2026-05-20,000333,13:19:00,81.2900,10,2
2026-05-20,000333,13:19:03,81.2900,24,2
2026-05-20,000333,13:19:06,81.2900,1,2
2026-05-20,000333,13:19:09,81.2900,55,2
2026-05-20,000333,13:19:12,81.2900,44,1
2026-05-20,000333,13:19:15,81.3000,24,1
2026-05-20,000333,13:19:18,81.2900,50,1
2026-05-20,000333,13:19:21,81.2800,192,2
2026-05-20,000333,13:19:24,81.2700,1,2
2026-05-20,000333,13:19:27,81.2800,88,1
2026-05-20,000333,13:19:30,81.2700,11,2
2026-05-20,000333,13:19:33,81.2800,70,1
2026-05-20,000333,13:19:36,81.2800,8,2
2026-05-20,000333,13:19:39,81.2800,44,2
2026-05-20,000333,13:19:42,81.2800,6,2
2026-05-20,000333,13:19:45,81.2900,18,1
2026-05-20,000333,13:19:48,81.2800,8,2
2026-05-20,000333,13:19:51,81.2900,19,1
2026-05-20,000333,13:19:54,81.2800,79,2
2026-05-20,000333,13:19:57,81.2800,25,2
2026-05-20,000333,13:20:00,81.2700,58,2
2026-05-20,000333,13:20:03,81.2800,37,1
2026-05-20,000333,13:20:06,81.2800,52,2
2026-05-20,000333,13:20:09,81.2800,1,1
2026-05-20,000333,13:20:12,81.2900,254,1
2026-05-20,000333,13:20:15,81.2900,65,1
2026-05-20,000333,13:20:18,81.2800,43,2
2026-05-20,000333,13:20:21,81.2800,135,2
2026-05-20,000333,13:20:24,81.2800,10,1
2026-05-20,000333,13:20:27,81.2800,125,1
2026-05-20,000333,13:20:30,81.2800,108,1
2026-05-20,000333,13:20:33,81.2900,62,1
2026-05-20,000333,13:20:36,81.3000,25,1
2026-05-20,000333,13:20:39,81.3100,22,1
2026-05-20,000333,13:20:42,81.3300,35,1
2026-05-20,000333,13:20:45,81.3600,37,1
2026-05-20,000333,13:20:48,81.3700,35,1
2026-05-20,000333,13:20:51,81.3400,11,2
2026-05-20,000333,13:20:54,81.3700,15,1
2026-05-20,000333,13:20:57,81.3400,12,2
2026-05-20,000333,13:21:00,81.3600,17,4
2026-05-20,000333,13:21:03,81.3400,25,2
2026-05-20,000333,13:21:06,81.3400,9,2
2026-05-20,000333,13:21:09,81.3300,60,2
2026-05-20,000333,13:21:12,81.3300,20,2
2026-05-20,000333,13:21:15,81.3300,18,1
2026-05-20,000333,13:21:18,81.3200,44,4
2026-05-20,000333,13:21:21,81.3300,361,4
2026-05-20,000333,13:21:24,81.3400,41,2
2026-05-20,000333,13:21:27,81.3500,10,2
2026-05-20,000333,13:21:30,81.3000,351,2
2026-05-20,000333,13:21:33,81.3600,8,1
2026-05-20,000333,13:21:36,81.3700,10,1
2026-05-20,000333,13:21:39,81.3600,36,1
2026-05-20,000333,13:21:42,81.3600,363,2
2026-05-20,000333,13:21:45,81.3500,81,2
2026-05-20,000333,13:21:48,81.3500,75,2
2026-05-20,000333,13:21:51,81.3500,286,1
2026-05-20,000333,13:21:57,81.3400,47,2
2026-05-20,000333,13:22:00,81.3500,2,1
2026-05-20,000333,13:22:03,81.4000,454,1
2026-05-20,000333,13:22:06,81.4200,31,1
2026-05-20,000333,13:22:09,81.4400,311,1
2026-05-20,000333,13:22:12,81.4700,32,1
2026-05-20,000333,13:22:15,81.4900,29,1
2026-05-20,000333,13:22:18,81.5200,207,1
2026-05-20,000333,13:22:21,81.5800,80,1
2026-05-20,000333,13:22:24,81.5600,13,1
2026-05-20,000333,13:22:27,81.5600,29,1
2026-05-20,000333,13:22:30,81.5400,47,2
2026-05-20,000333,13:22:33,81.5500,16,4
2026-05-20,000333,13:22:36,81.5800,115,1
2026-05-20,000333,13:22:39,81.6000,348,1
2026-05-20,000333,13:22:42,81.5900,26,2
2026-05-20,000333,13:22:45,81.5900,129,2
2026-05-20,000333,13:22:48,81.5500,63,2
2026-05-20,000333,13:22:51,81.5500,12,2
2026-05-20,000333,13:22:54,81.5500,58,2
2026-05-20,000333,13:22:57,81.5400,44,2
2026-05-20,000333,13:23:00,81.5400,29,1
2026-05-20,000333,13:23:03,81.5300,148,2
2026-05-20,000333,13:23:06,81.5300,25,2
2026-05-20,000333,13:23:09,81.5300,33,2
2026-05-20,000333,13:23:12,81.5300,10,2
2026-05-20,000333,13:23:15,81.5400,1,1
2026-05-20,000333,13:23:18,81.6100,644,1
2026-05-20,000333,13:23:21,81.6000,77,2
2026-05-20,000333,13:23:24,81.6000,164,2
2026-05-20,000333,13:23:27,81.6000,82,1
2026-05-20,000333,13:23:30,81.5600,602,2
2026-05-20,000333,13:23:33,81.5900,95,2
2026-05-20,000333,13:23:36,81.5400,94,2
2026-05-20,000333,13:23:39,81.5400,26,2
2026-05-20,000333,13:23:42,81.5500,165,1
2026-05-20,000333,13:23:45,81.5500,18,1
2026-05-20,000333,13:23:48,81.5300,51,2
2026-05-20,000333,13:23:51,81.5200,13,2
2026-05-20,000333,13:23:54,81.5200,40,2
2026-05-20,000333,13:23:57,81.4900,33,2
2026-05-20,000333,13:24:00,81.4900,8,4
2026-05-20,000333,13:24:03,81.4900,31,1
2026-05-20,000333,13:24:06,81.4800,21,2
2026-05-20,000333,13:24:09,81.4900,11,1
2026-05-20,000333,13:24:12,81.4700,4,2
2026-05-20,000333,13:24:15,81.4700,27,2
2026-05-20,000333,13:24:18,81.4600,24,2
2026-05-20,000333,13:24:21,81.4900,34,1
2026-05-20,000333,13:24:24,81.4700,268,1
2026-05-20,000333,13:24:27,81.4400,69,2
2026-05-20,000333,13:24:30,81.5100,149,1
2026-05-20,000333,13:24:33,81.4800,97,2
2026-05-20,000333,13:24:36,81.5000,20,1
2026-05-20,000333,13:24:39,81.5100,190,1
2026-05-20,000333,13:24:42,81.5100,24,2
2026-05-20,000333,13:24:45,81.5300,38,1
2026-05-20,000333,13:24:48,81.5000,79,2
2026-05-20,000333,13:24:51,81.5000,27,4
2026-05-20,000333,13:24:54,81.4900,20,2
2026-05-20,000333,13:24:57,81.4900,45,2
2026-05-20,000333,13:25:00,81.4800,9,2
2026-05-20,000333,13:25:03,81.5100,124,1
2026-05-20,000333,13:25:06,81.5100,325,1
2026-05-20,000333,13:25:09,81.5300,67,1
2026-05-20,000333,13:25:12,81.5500,249,1
2026-05-20,000333,13:25:15,81.5500,13,1
2026-05-20,000333,13:25:18,81.5400,74,2
2026-05-20,000333,13:25:21,81.5400,171,1
2026-05-20,000333,13:25:24,81.5600,522,1
2026-05-20,000333,13:25:27,81.5800,46,1
2026-05-20,000333,13:25:30,81.5500,80,2
2026-05-20,000333,13:25:33,81.5500,36,2
2026-05-20,000333,13:25:36,81.5400,8,4
2026-05-20,000333,13:25:39,81.5500,14,4
2026-05-20,000333,13:25:42,81.5500,16,2
2026-05-20,000333,13:25:45,81.5500,64,2
2026-05-20,000333,13:25:48,81.5500,137,2
2026-05-20,000333,13:25:51,81.5700,23,1
2026-05-20,000333,13:25:54,81.5700,21,2
2026-05-20,000333,13:25:57,81.5700,2,2
2026-05-20,000333,13:26:00,81.6000,66,1
2026-05-20,000333,13:26:03,81.6000,69,1
2026-05-20,000333,13:26:06,81.6000,59,1
2026-05-20,000333,13:26:09,81.6000,16,1
2026-05-20,000333,13:26:12,81.5700,59,2
2026-05-20,000333,13:26:15,81.6000,32,1
2026-05-20,000333,13:26:18,81.5700,23,2
2026-05-20,000333,13:26:21,81.6000,46,1
2026-05-20,000333,13:26:24,81.5700,6,2
2026-05-20,000333,13:26:27,81.5700,5,2
2026-05-20,000333,13:26:30,81.5700,12,2
2026-05-20,000333,13:26:33,81.5600,518,2
2026-05-20,000333,13:26:36,81.5300,4,2
2026-05-20,000333,13:26:39,81.5500,22,1
2026-05-20,000333,13:26:42,81.5400,9,4
2026-05-20,000333,13:26:45,81.5500,16,1
2026-05-20,000333,13:26:48,81.5500,11,1
2026-05-20,000333,13:26:51,81.5500,69,2
2026-05-20,000333,13:26:54,81.5700,36,1
2026-05-20,000333,13:26:57,81.5700,73,1
2026-05-20,000333,13:27:00,81.5800,83,1
2026-05-20,000333,13:27:03,81.5800,59,2
2026-05-20,000333,13:27:06,81.6100,161,1
2026-05-20,000333,13:27:09,81.5900,9,2
2026-05-20,000333,13:27:12,81.6000,34,1
2026-05-20,000333,13:27:15,81.5800,515,2
2026-05-20,000333,13:27:18,81.5500,116,1
2026-05-20,000333,13:27:21,81.5200,16,2
2026-05-20,000333,13:27:24,81.5500,6,1
2026-05-20,000333,13:27:27,81.5300,39,2
2026-05-20,000333,13:27:30,81.5200,2,2
2026-05-20,000333,13:27:33,81.5000,575,2
2026-05-20,000333,13:27:36,81.5600,21,1
2026-05-20,000333,13:27:39,81.6000,147,1
2026-05-20,000333,13:27:42,81.6000,52,1
2026-05-20,000333,13:27:45,81.6000,14,2
2026-05-20,000333,13:27:48,81.6000,57,2
2026-05-20,000333,13:27:51,81.6000,142,2
2026-05-20,000333,13:27:54,81.5900,37,2
2026-05-20,000333,13:27:57,81.6000,97,1
2026-05-20,000333,13:28:00,81.5800,99,2
2026-05-20,000333,13:28:03,81.5700,59,2
2026-05-20,000333,13:28:06,81.5700,22,2
2026-05-20,000333,13:28:09,81.5600,2,2
2026-05-20,000333,13:28:12,81.5600,28,2
2026-05-20,000333,13:28:15,81.5800,35,1
2026-05-20,000333,13:28:18,81.5800,79,1
2026-05-20,000333,13:28:21,81.5900,155,1
2026-05-20,000333,13:28:24,81.5900,565,4
2026-05-20,000333,13:28:27,81.6000,60,1
2026-05-20,000333,13:28:30,81.6000,61,2
2026-05-20,000333,13:28:33,81.6000,34,2
2026-05-20,000333,13:28:36,81.6100,5,1
2026-05-20,000333,13:28:39,81.6100,33,1
2026-05-20,000333,13:28:42,81.6200,27,1
2026-05-20,000333,13:28:45,81.6200,35,2
2026-05-20,000333,13:28:48,81.6200,21,4
2026-05-20,000333,13:28:51,81.6200,7,2
2026-05-20,000333,13:28:54,81.6200,37,2
2026-05-20,000333,13:28:57,81.6200,33,1
2026-05-20,000333,13:29:00,81.6400,90,1
2026-05-20,000333,13:29:03,81.6800,283,1
2026-05-20,000333,13:29:06,81.7200,212,1
2026-05-20,000333,13:29:09,81.7200,42,1
2026-05-20,000333,13:29:12,81.7300,30,1
2026-05-20,000333,13:29:15,81.7400,18,1
2026-05-20,000333,13:29:18,81.7400,28,1
2026-05-20,000333,13:29:21,81.7300,73,2
2026-05-20,000333,13:29:24,81.7300,89,2
2026-05-20,000333,13:29:27,81.7500,59,1
2026-05-20,000333,13:29:30,81.7700,604,1
2026-05-20,000333,13:29:33,81.7000,168,2
2026-05-20,000333,13:29:36,81.6400,236,2
2026-05-20,000333,13:29:39,81.6900,19,1
2026-05-20,000333,13:29:42,81.7000,153,1
2026-05-20,000333,13:29:45,81.6900,3,1
2026-05-20,000333,13:29:48,81.6700,28,2
2026-05-20,000333,13:29:51,81.6400,17,2
2026-05-20,000333,13:29:54,81.6500,36,2
2026-05-20,000333,13:29:57,81.7100,410,1
2026-05-20,000333,13:30:00,81.7500,40,1
2026-05-20,000333,13:30:03,81.7500,58,1
2026-05-20,000333,13:30:06,81.7400,31,1
2026-05-20,000333,13:30:09,81.7400,162,1
2026-05-20,000333,13:30:12,81.7400,55,2
2026-05-20,000333,13:30:15,81.7300,87,2
2026-05-20,000333,13:30:18,81.7400,60,2
2026-05-20,000333,13:30:21,81.7400,50,1
2026-05-20,000333,13:30:24,81.7400,571,1
2026-05-20,000333,13:30:27,81.7400,28,1
2026-05-20,000333,13:30:30,81.7400,53,1
2026-05-20,000333,13:30:33,81.7600,587,1
2026-05-20,000333,13:30:36,81.7600,51,1
2026-05-20,000333,13:30:39,81.7600,69,2
2026-05-20,000333,13:30:42,81.7800,83,1
2026-05-20,000333,13:30:45,81.7700,24,1
2026-05-20,000333,13:30:48,81.7000,524,2
2026-05-20,000333,13:30:51,81.7400,48,2
2026-05-20,000333,13:30:54,81.7100,171,2
2026-05-20,000333,13:30:57,81.7000,79,2
2026-05-20,000333,13:31:00,81.7000,668,1
2026-05-20,000333,13:31:03,81.7200,202,1
2026-05-20,000333,13:31:06,81.7100,49,1
2026-05-20,000333,13:31:09,81.7500,80,1
2026-05-20,000333,13:31:12,81.7700,37,1
2026-05-20,000333,13:31:15,81.7400,14,2
2026-05-20,000333,13:31:18,81.7600,22,1
2026-05-20,000333,13:31:21,81.7600,7,2
2026-05-20,000333,13:31:24,81.7400,30,2
2026-05-20,000333,13:31:27,81.7700,611,1
2026-05-20,000333,13:31:30,81.7600,13,4
2026-05-20,000333,13:31:33,81.6900,80,2
2026-05-20,000333,13:31:36,81.6900,7,2
2026-05-20,000333,13:31:39,81.7200,1008,1
2026-05-20,000333,13:31:42,81.7200,24,2
2026-05-20,000333,13:31:45,81.7100,1,2
2026-05-20,000333,13:31:48,81.7200,42,1
2026-05-20,000333,13:31:51,81.7100,78,2
2026-05-20,000333,13:31:54,81.7100,22,1
2026-05-20,000333,13:31:57,81.7000,17,2
2026-05-20,000333,13:32:00,81.7000,45,2
2026-05-20,000333,13:32:03,81.7000,41,2
2026-05-20,000333,13:32:06,81.7300,98,1
2026-05-20,000333,13:32:09,81.7300,134,2
2026-05-20,000333,13:32:12,81.7900,82,1
2026-05-20,000333,13:32:15,81.7900,117,2
2026-05-20,000333,13:32:18,81.7900,28,2
2026-05-20,000333,13:32:21,81.7900,65,1
2026-05-20,000333,13:32:24,81.7900,2,1
2026-05-20,000333,13:32:27,81.8000,34,1
2026-05-20,000333,13:32:30,81.7900,194,2
2026-05-20,000333,13:32:33,81.8200,206,1
2026-05-20,000333,13:32:36,81.8200,64,2
2026-05-20,000333,13:32:39,81.8300,41,1
2026-05-20,000333,13:32:42,81.8200,71,2
2026-05-20,000333,13:32:45,81.8200,56,2
2026-05-20,000333,13:32:48,81.7900,44,2
2026-05-20,000333,13:32:51,81.8100,15,1
2026-05-20,000333,13:32:54,81.7900,27,2
2026-05-20,000333,13:32:57,81.7900,16,1
2026-05-20,000333,13:33:00,81.8000,129,1
2026-05-20,000333,13:33:03,81.8000,45,1
2026-05-20,000333,13:33:06,81.7800,206,2
2026-05-20,000333,13:33:09,81.8000,6,1
2026-05-20,000333,13:33:12,81.7900,25,2
2026-05-20,000333,13:33:15,81.7900,16,2
2026-05-20,000333,13:33:18,81.8000,18,1
2026-05-20,000333,13:33:21,81.8000,49,1
2026-05-20,000333,13:33:24,81.8000,36,1
2026-05-20,000333,13:33:27,81.8000,52,1
2026-05-20,000333,13:33:30,81.8100,99,1
2026-05-20,000333,13:33:33,81.8000,21,1
2026-05-20,000333,13:33:36,81.8200,32,1
2026-05-20,000333,13:33:39,81.8200,35,2
2026-05-20,000333,13:33:42,81.8200,14,2
2026-05-20,000333,13:33:45,81.8400,12,1
2026-05-20,000333,13:33:48,81.8300,18,2
2026-05-20,000333,13:33:51,81.8300,19,2
2026-05-20,000333,13:33:54,81.8200,47,2
2026-05-20,000333,13:33:57,81.8200,53,2
2026-05-20,000333,13:34:00,81.7900,26,2
2026-05-20,000333,13:34:03,81.7900,30,2
2026-05-20,000333,13:34:06,81.8000,205,1
2026-05-20,000333,13:34:09,81.8000,72,1
2026-05-20,000333,13:34:12,81.8000,57,2
2026-05-20,000333,13:34:15,81.8000,61,2
2026-05-20,000333,13:34:18,81.8000,43,2
2026-05-20,000333,13:34:21,81.8000,38,2
2026-05-20,000333,13:34:24,81.8000,16,1
2026-05-20,000333,13:34:27,81.8000,15,2
2026-05-20,000333,13:34:30,81.8000,2,2
2026-05-20,000333,13:34:33,81.8300,65,1
2026-05-20,000333,13:34:36,81.8100,9,4
2026-05-20,000333,13:34:39,81.8400,628,1
2026-05-20,000333,13:34:42,81.8500,54,1
2026-05-20,000333,13:34:45,81.8500,79,2
2026-05-20,000333,13:34:48,81.8500,9,2
2026-05-20,000333,13:34:51,81.8700,35,1
2026-05-20,000333,13:34:54,81.8600,25,1
2026-05-20,000333,13:34:57,81.9300,1254,1
2026-05-20,000333,13:35:00,81.9300,34,1
2026-05-20,000333,13:35:03,81.9300,169,1
2026-05-20,000333,13:35:06,81.9000,117,2
2026-05-20,000333,13:35:09,81.9000,18,1
2026-05-20,000333,13:35:12,81.8900,40,2
2026-05-20,000333,13:35:15,81.8900,5,1
2026-05-20,000333,13:35:18,81.8700,65,2
2026-05-20,000333,13:35:21,81.8700,19,2
2026-05-20,000333,13:35:24,81.8700,22,2
2026-05-20,000333,13:35:27,81.9500,915,1
2026-05-20,000333,13:35:30,81.9600,91,1
2026-05-20,000333,13:35:33,81.9500,401,2
2026-05-20,000333,13:35:36,81.9700,251,1
2026-05-20,000333,13:35:39,81.9800,125,1
2026-05-20,000333,13:35:42,81.9700,116,2
2026-05-20,000333,13:35:45,81.9400,209,2
2026-05-20,000333,13:35:48,81.9700,103,1
2026-05-20,000333,13:35:51,81.9700,275,1
2026-05-20,000333,13:35:54,81.9700,45,2
2026-05-20,000333,13:35:57,81.9900,611,1
2026-05-20,000333,13:36:00,82.0600,2860,1
2026-05-20,000333,13:36:03,82.0600,131,2
2026-05-20,000333,13:36:06,82.0500,36,2
2026-05-20,000333,13:36:09,82.0600,51,1
2026-05-20,000333,13:36:12,82.0800,92,1
2026-05-20,000333,13:36:15,82.0900,749,1
2026-05-20,000333,13:36:18,82.0800,63,2
2026-05-20,000333,13:36:21,82.0900,11,4
2026-05-20,000333,13:36:24,82.0900,79,2
2026-05-20,000333,13:36:27,82.0900,51,2
2026-05-20,000333,13:36:30,82.0900,100,2
2026-05-20,000333,13:36:33,82.1000,146,2
2026-05-20,000333,13:36:36,82.1400,41,1
2026-05-20,000333,13:36:39,82.1300,139,2
2026-05-20,000333,13:36:42,82.1500,74,1
2026-05-20,000333,13:36:45,82.1400,54,2
2026-05-20,000333,13:36:48,82.1300,81,2
2026-05-20,000333,13:36:51,82.1300,57,2
2026-05-20,000333,13:36:54,82.1000,85,2
2026-05-20,000333,13:36:57,82.1400,45,1
2026-05-20,000333,13:37:00,82.1500,114,1
2026-05-20,000333,13:37:03,82.1400,49,1
2026-05-20,000333,13:37:06,82.1100,31,2
2026-05-20,000333,13:37:09,82.1200,30,2
2026-05-20,000333,13:37:12,82.1400,26,1
2026-05-20,000333,13:37:15,82.1400,169,1
2026-05-20,000333,13:37:18,82.1400,30,2
2026-05-20,000333,13:37:21,82.1500,63,1
2026-05-20,000333,13:37:24,82.1500,20,1
2026-05-20,000333,13:37:27,82.1400,222,2
2026-05-20,000333,13:37:30,82.1200,36,2
2026-05-20,000333,13:37:33,82.1200,15,2
2026-05-20,000333,13:37:36,82.1000,57,2
2026-05-20,000333,13:37:39,82.1000,45,2
2026-05-20,000333,13:37:42,82.1000,32,1
2026-05-20,000333,13:37:45,82.1000,73,4
2026-05-20,000333,13:37:48,82.0900,30,2
2026-05-20,000333,13:37:51,82.1000,44,1
2026-05-20,000333,13:37:54,82.0900,22,2
2026-05-20,000333,13:37:57,82.0900,19,2
2026-05-20,000333,13:38:00,82.0900,8,2
2026-05-20,000333,13:38:03,82.0900,14,2
2026-05-20,000333,13:38:06,82.0800,113,2
2026-05-20,000333,13:38:09,82.0300,47,2
2026-05-20,000333,13:38:12,82.0300,29,2
2026-05-20,000333,13:38:15,82.0500,5,4
2026-05-20,000333,13:38:18,82.0700,21,1
2026-05-20,000333,13:38:21,82.0300,45,2
2026-05-20,000333,13:38:24,82.0400,14,2
2026-05-20,000333,13:38:27,82.0300,104,2
2026-05-20,000333,13:38:30,82.0600,44,1
2026-05-20,000333,13:38:33,82.0700,90,1
2026-05-20,000333,13:38:36,82.0900,512,1
2026-05-20,000333,13:38:39,82.1000,150,1
2026-05-20,000333,13:38:42,82.1000,115,1
2026-05-20,000333,13:38:45,82.1000,184,2
2026-05-20,000333,13:38:48,82.0900,49,2
2026-05-20,000333,13:38:51,82.0900,18,2
2026-05-20,000333,13:38:54,82.0800,79,2
2026-05-20,000333,13:38:57,82.0800,48,1
2026-05-20,000333,13:39:00,82.0700,8,1
2026-05-20,000333,13:39:03,82.0300,26,2
2026-05-20,000333,13:39:06,82.0300,4,2
2026-05-20,000333,13:39:09,82.0300,71,2
2026-05-20,000333,13:39:15,82.0000,44,1
2026-05-20,000333,13:39:18,81.9900,13,1
2026-05-20,000333,13:39:21,81.9900,44,1
2026-05-20,000333,13:39:24,82.0000,15,1
2026-05-20,000333,13:39:27,82.0000,97,2
2026-05-20,000333,13:39:30,82.0000,6,2
2026-05-20,000333,13:39:33,82.0000,43,2
2026-05-20,000333,13:39:39,81.9800,37,2
2026-05-20,000333,13:39:42,81.9800,37,2
2026-05-20,000333,13:39:48,81.9600,75,2
2026-05-20,000333,13:39:51,81.9700,31,1
2026-05-20,000333,13:39:54,81.9700,17,1
2026-05-20,000333,13:39:57,81.9700,33,2
2026-05-20,000333,13:40:00,81.9700,48,2
2026-05-20,000333,13:40:03,81.9800,166,2
2026-05-20,000333,13:40:06,81.9900,83,1
2026-05-20,000333,13:40:09,81.9900,75,2
2026-05-20,000333,13:40:12,81.9900,23,2
2026-05-20,000333,13:40:15,81.9900,53,2
2026-05-20,000333,13:40:18,81.9900,30,2
2026-05-20,000333,13:40:21,81.9900,27,2
2026-05-20,000333,13:40:24,82.0000,31,1
2026-05-20,000333,13:40:27,81.9800,74,2
2026-05-20,000333,13:40:30,81.9800,27,1
2026-05-20,000333,13:40:33,81.9700,12,2
2026-05-20,000333,13:40:36,81.9600,21,2
2026-05-20,000333,13:40:39,81.9500,21,2
2026-05-20,000333,13:40:42,81.9500,16,2
2026-05-20,000333,13:40:45,81.9600,37,1
2026-05-20,000333,13:40:48,81.9500,54,2
2026-05-20,000333,13:40:51,81.9400,23,2
2026-05-20,000333,13:40:54,81.9200,21,2
2026-05-20,000333,13:40:57,81.9200,12,2
2026-05-20,000333,13:41:00,81.9200,10,2
2026-05-20,000333,13:41:03,81.9100,90,2
2026-05-20,000333,13:41:06,81.9100,54,2
2026-05-20,000333,13:41:09,81.9100,19,2
2026-05-20,000333,13:41:12,81.9200,16,4
2026-05-20,000333,13:41:15,81.9200,22,2
2026-05-20,000333,13:41:18,81.9000,25,2
2026-05-20,000333,13:41:21,81.9000,65,4
2026-05-20,000333,13:41:24,81.9000,1,1
2026-05-20,000333,13:41:27,81.8900,74,2
2026-05-20,000333,13:41:30,81.8700,29,2
2026-05-20,000333,13:41:33,81.8700,6,2
2026-05-20,000333,13:41:36,81.8700,93,2
2026-05-20,000333,13:41:39,81.8800,114,1
2026-05-20,000333,13:41:42,81.9200,246,1
2026-05-20,000333,13:41:45,81.9300,86,1
2026-05-20,000333,13:41:48,81.9300,69,1
2026-05-20,000333,13:41:51,81.9000,22,2
2026-05-20,000333,13:41:54,81.9000,69,2
2026-05-20,000333,13:41:57,81.9000,58,2
2026-05-20,000333,13:42:00,81.8900,30,2
2026-05-20,000333,13:42:03,81.9100,166,1
2026-05-20,000333,13:42:06,81.9100,177,1
2026-05-20,000333,13:42:09,81.9100,69,2
2026-05-20,000333,13:42:12,81.9000,96,2
2026-05-20,000333,13:42:15,81.9100,20,1
2026-05-20,000333,13:42:18,81.9100,21,1
2026-05-20,000333,13:42:21,81.9000,9,4
2026-05-20,000333,13:42:24,81.9000,99,2
2026-05-20,000333,13:42:27,81.9000,116,2
2026-05-20,000333,13:42:30,81.9000,33,1
2026-05-20,000333,13:42:33,81.9000,78,2
2026-05-20,000333,13:42:36,81.8800,32,2
2026-05-20,000333,13:42:39,81.9000,31,1
2026-05-20,000333,13:42:42,81.8700,21,2
2026-05-20,000333,13:42:45,81.8700,1,2
2026-05-20,000333,13:42:48,81.8700,18,2
2026-05-20,000333,13:42:51,81.8700,36,2
2026-05-20,000333,13:42:54,81.8700,4,2
2026-05-20,000333,13:42:57,81.8700,4,2
2026-05-20,000333,13:43:00,81.9000,246,1
2026-05-20,000333,13:43:03,81.9000,109,1
2026-05-20,000333,13:43:06,81.9000,58,2
2026-05-20,000333,13:43:09,81.8900,32,2
2026-05-20,000333,13:43:12,81.9000,53,1
2026-05-20,000333,13:43:15,81.9000,3,1
2026-05-20,000333,13:43:18,81.9000,23,1
2026-05-20,000333,13:43:21,81.8900,38,2
2026-05-20,000333,13:43:24,81.9000,19,1
2026-05-20,000333,13:43:27,81.9000,10,1
2026-05-20,000333,13:43:30,81.9200,57,1
2026-05-20,000333,13:43:33,81.9800,369,1
2026-05-20,000333,13:43:36,81.9900,37,4
2026-05-20,000333,13:43:39,82.0000,89,1
2026-05-20,000333,13:43:42,82.0000,2,1
2026-05-20,000333,13:43:45,81.9900,3,2
2026-05-20,000333,13:43:48,81.9800,39,2
2026-05-20,000333,13:43:51,81.9800,21,2
2026-05-20,000333,13:43:54,81.9900,52,1
2026-05-20,000333,13:43:57,81.9800,22,4
2026-05-20,000333,13:44:00,81.9500,59,2
2026-05-20,000333,13:44:03,81.9500,53,1
2026-05-20,000333,13:44:06,81.9400,24,2
2026-05-20,000333,13:44:09,81.9400,9,2
2026-05-20,000333,13:44:12,81.9400,42,2
2026-05-20,000333,13:44:15,81.9400,26,2
2026-05-20,000333,13:44:18,81.9400,18,1
2026-05-20,000333,13:44:21,81.9200,13,2
2026-05-20,000333,13:44:24,81.9300,26,1
2026-05-20,000333,13:44:27,81.9200,21,2
2026-05-20,000333,13:44:30,81.9200,20,2
2026-05-20,000333,13:44:33,81.9200,10,2
2026-05-20,000333,13:44:36,81.8900,28,2
2026-05-20,000333,13:44:39,81.9200,26,1
2026-05-20,000333,13:44:42,81.8900,9,2
2026-05-20,000333,13:44:45,81.8900,65,2
2026-05-20,000333,13:44:48,81.8600,41,2
2026-05-20,000333,13:44:51,81.8600,30,2
2026-05-20,000333,13:44:54,81.8600,3,2
2026-05-20,000333,13:44:57,81.8600,16,2
2026-05-20,000333,13:45:00,81.8800,151,1
2026-05-20,000333,13:45:03,81.8800,42,2
2026-05-20,000333,13:45:06,81.8900,33,1
2026-05-20,000333,13:45:09,81.8900,22,1
2026-05-20,000333,13:45:12,81.9000,23,1
2026-05-20,000333,13:45:15,81.9000,3,2
2026-05-20,000333,13:45:18,81.9000,21,2
2026-05-20,000333,13:45:21,81.9000,31,2
2026-05-20,000333,13:45:24,81.9200,18,1
2026-05-20,000333,13:45:27,81.9100,2,4
2026-05-20,000333,13:45:30,81.9100,11,4
2026-05-20,000333,13:45:33,81.9200,25,1
2026-05-20,000333,13:45:36,81.9100,17,1
2026-05-20,000333,13:45:39,81.9000,66,2
2026-05-20,000333,13:45:42,81.9000,24,2
2026-05-20,000333,13:45:45,81.9200,16,1
2026-05-20,000333,13:45:48,81.9200,87,1
2026-05-20,000333,13:45:51,81.9300,30,1
2026-05-20,000333,13:45:54,81.9400,3,1
2026-05-20,000333,13:45:57,81.9300,9,2
2026-05-20,000333,13:46:00,81.9300,14,2
2026-05-20,000333,13:46:03,81.9300,37,2
2026-05-20,000333,13:46:06,81.9100,52,2
2026-05-20,000333,13:46:09,81.9200,176,1
2026-05-20,000333,13:46:12,81.9300,37,1
2026-05-20,000333,13:46:15,81.9300,3,1
2026-05-20,000333,13:46:18,81.9300,29,1
2026-05-20,000333,13:46:21,81.9400,33,1
2026-05-20,000333,13:46:24,81.9200,39,2
2026-05-20,000333,13:46:30,81.9300,19,2
2026-05-20,000333,13:46:33,81.9400,31,1
2026-05-20,000333,13:46:36,81.9400,41,2
2026-05-20,000333,13:46:39,81.9500,25,1
2026-05-20,000333,13:46:42,81.9400,26,2
2026-05-20,000333,13:46:45,81.9400,82,2
2026-05-20,000333,13:46:48,81.9500,63,1
2026-05-20,000333,13:46:51,81.9500,29,1
2026-05-20,000333,13:46:54,81.9500,27,1
2026-05-20,000333,13:46:57,81.9900,211,1
2026-05-20,000333,13:47:00,81.9900,52,1
2026-05-20,000333,13:47:03,81.9900,72,2
2026-05-20,000333,13:47:06,81.9800,7,2
2026-05-20,000333,13:47:09,81.9900,18,4
2026-05-20,000333,13:47:12,81.9800,58,2
2026-05-20,000333,13:47:15,81.9800,30,2
2026-05-20,000333,13:47:18,81.9500,32,2
2026-05-20,000333,13:47:21,81.9400,169,2
2026-05-20,000333,13:47:24,81.9400,35,2
2026-05-20,000333,13:47:27,81.9700,14,1
2026-05-20,000333,13:47:30,81.9600,24,1
2026-05-20,000333,13:47:33,81.9700,16,1
2026-05-20,000333,13:47:36,81.9800,22,1
2026-05-20,000333,13:47:39,81.9700,14,1
2026-05-20,000333,13:47:42,81.9800,78,1
2026-05-20,000333,13:47:45,81.9800,175,1
2026-05-20,000333,13:47:48,81.9700,41,2
2026-05-20,000333,13:47:51,81.9700,85,2
2026-05-20,000333,13:47:54,81.9600,21,2
2026-05-20,000333,13:47:57,81.9600,31,2
2026-05-20,000333,13:48:00,81.9600,10,2
2026-05-20,000333,13:48:03,81.9600,8,1
2026-05-20,000333,13:48:06,81.9500,106,2
2026-05-20,000333,13:48:09,81.9500,16,4
2026-05-20,000333,13:48:12,81.9400,35,2
2026-05-20,000333,13:48:15,81.9400,34,2
2026-05-20,000333,13:48:18,81.9300,10,2
2026-05-20,000333,13:48:21,81.9100,2,2
2026-05-20,000333,13:48:24,81.9100,13,2
2026-05-20,000333,13:48:27,81.9000,24,2
2026-05-20,000333,13:48:30,81.9000,24,2
2026-05-20,000333,13:48:33,81.9000,43,2
2026-05-20,000333,13:48:36,81.9000,48,1
2026-05-20,000333,13:48:39,81.9000,118,2
2026-05-20,000333,13:48:42,81.8900,60,2
2026-05-20,000333,13:48:45,81.8800,68,2
2026-05-20,000333,13:48:48,81.8800,36,2
2026-05-20,000333,13:48:51,81.8800,8,2
2026-05-20,000333,13:48:54,81.8800,35,4
2026-05-20,000333,13:48:57,81.8700,8,2
2026-05-20,000333,13:49:00,81.8900,16,1
2026-05-20,000333,13:49:03,81.8800,107,2
2026-05-20,000333,13:49:06,81.8800,32,4
2026-05-20,000333,13:49:09,81.8900,16,1
2026-05-20,000333,13:49:12,81.8700,39,2
2026-05-20,000333,13:49:15,81.8700,58,2
2026-05-20,000333,13:49:18,81.8000,114,2
2026-05-20,000333,13:49:21,81.8400,22,2
2026-05-20,000333,13:49:24,81.8400,4,2
2026-05-20,000333,13:49:27,81.8500,10,1
2026-05-20,000333,13:49:30,81.8400,6,2
2026-05-20,000333,13:49:33,81.8400,9,2
2026-05-20,000333,13:49:36,81.8400,19,2
2026-05-20,000333,13:49:39,81.8500,19,1
2026-05-20,000333,13:49:42,81.8500,103,1
2026-05-20,000333,13:49:45,81.8400,37,2
2026-05-20,000333,13:49:48,81.8700,3,1
2026-05-20,000333,13:49:51,81.8500,9,1
2026-05-20,000333,13:49:54,81.8400,21,2
2026-05-20,000333,13:49:57,81.8500,22,2
2026-05-20,000333,13:50:00,81.8000,234,2
2026-05-20,000333,13:50:03,81.8400,36,2
2026-05-20,000333,13:50:06,81.8400,5,1
2026-05-20,000333,13:50:09,81.8400,16,1
2026-05-20,000333,13:50:12,81.8100,111,2
2026-05-20,000333,13:50:15,81.8100,15,2
2026-05-20,000333,13:50:18,81.8100,34,2
2026-05-20,000333,13:50:21,81.8300,13,1
2026-05-20,000333,13:50:24,81.8100,35,1
2026-05-20,000333,13:50:27,81.8300,29,1
2026-05-20,000333,13:50:30,81.8300,66,2
2026-05-20,000333,13:50:33,81.8300,16,2
2026-05-20,000333,13:50:36,81.8300,137,2
2026-05-20,000333,13:50:39,81.8300,91,2
2026-05-20,000333,13:50:42,81.8200,66,2
2026-05-20,000333,13:50:45,81.8400,98,1
2026-05-20,000333,13:50:48,81.8200,103,2
2026-05-20,000333,13:50:51,81.8200,10,1
2026-05-20,000333,13:50:54,81.8300,56,1
2026-05-20,000333,13:50:57,81.8400,18,1
2026-05-20,000333,13:51:00,81.8500,5,1
2026-05-20,000333,13:51:03,81.8400,34,2
2026-05-20,000333,13:51:06,81.8600,45,1
2026-05-20,000333,13:51:09,81.8400,10,2
2026-05-20,000333,13:51:12,81.8700,25,4
2026-05-20,000333,13:51:15,81.8800,77,1
2026-05-20,000333,13:51:18,81.8700,10,2
2026-05-20,000333,13:51:21,81.8700,36,2
2026-05-20,000333,13:51:24,81.8700,52,2
2026-05-20,000333,13:51:27,81.8700,26,2
2026-05-20,000333,13:51:30,81.8600,55,2
2026-05-20,000333,13:51:33,81.8300,43,2
2026-05-20,000333,13:51:36,81.8200,24,2
2026-05-20,000333,13:51:39,81.8300,29,1
2026-05-20,000333,13:51:42,81.8100,32,2
2026-05-20,000333,13:51:45,81.8000,68,2
2026-05-20,000333,13:51:48,81.7900,11,2
2026-05-20,000333,13:51:51,81.7700,26,2
2026-05-20,000333,13:51:54,81.7600,31,2
2026-05-20,000333,13:51:57,81.7600,16,2
2026-05-20,000333,13:52:00,81.7700,19,2
2026-05-20,000333,13:52:03,81.7800,55,1
2026-05-20,000333,13:52:06,81.7800,31,2
2026-05-20,000333,13:52:09,81.7900,40,1
2026-05-20,000333,13:52:12,81.7900,7,1
2026-05-20,000333,13:52:15,81.7800,33,2
2026-05-20,000333,13:52:18,81.7900,143,2
2026-05-20,000333,13:52:21,81.7700,53,2
2026-05-20,000333,13:52:24,81.7900,1,1
2026-05-20,000333,13:52:30,81.7900,17,1
2026-05-20,000333,13:52:33,81.7900,32,2
2026-05-20,000333,13:52:36,81.7900,9,2
2026-05-20,000333,13:52:39,81.8000,42,1
2026-05-20,000333,13:52:42,81.7900,10,2
2026-05-20,000333,13:52:45,81.7800,30,2
2026-05-20,000333,13:52:48,81.7800,16,2
2026-05-20,000333,13:52:51,81.7700,2,2
2026-05-20,000333,13:52:54,81.7800,17,1
2026-05-20,000333,13:52:57,81.7800,25,2
2026-05-20,000333,13:53:00,81.7900,2,4
2026-05-20,000333,13:53:03,81.7900,18,2
2026-05-20,000333,13:53:06,81.7900,13,2
2026-05-20,000333,13:53:09,81.7900,19,2
2026-05-20,000333,13:53:12,81.7900,9,2
2026-05-20,000333,13:53:15,81.7800,50,2
2026-05-20,000333,13:53:18,81.7600,106,2
2026-05-20,000333,13:53:21,81.7700,25,1
2026-05-20,000333,13:53:24,81.7600,4,2
2026-05-20,000333,13:53:27,81.7600,78,2
2026-05-20,000333,13:53:30,81.7600,12,2
2026-05-20,000333,13:53:33,81.7600,41,2
2026-05-20,000333,13:53:36,81.7600,18,2
2026-05-20,000333,13:53:39,81.7600,64,1
2026-05-20,000333,13:53:42,81.7600,20,1
2026-05-20,000333,13:53:45,81.7600,8,2
2026-05-20,000333,13:53:48,81.7700,65,1
2026-05-20,000333,13:53:51,81.7800,122,1
2026-05-20,000333,13:53:54,81.7900,89,1
2026-05-20,000333,13:53:57,81.7900,65,2
2026-05-20,000333,13:54:00,81.8000,22,1
2026-05-20,000333,13:54:03,81.8000,33,1
2026-05-20,000333,13:54:06,81.7900,20,2
2026-05-20,000333,13:54:09,81.7900,22,2
2026-05-20,000333,13:54:12,81.7900,19,2
2026-05-20,000333,13:54:15,81.7800,3,2
2026-05-20,000333,13:54:18,81.7700,34,2
2026-05-20,000333,13:54:21,81.7700,38,2
2026-05-20,000333,13:54:24,81.7900,29,1
2026-05-20,000333,13:54:27,81.8100,15,1
2026-05-20,000333,13:54:30,81.7900,25,2
2026-05-20,000333,13:54:33,81.7900,1,2
2026-05-20,000333,13:54:36,81.8000,6,4
2026-05-20,000333,13:54:39,81.8000,74,2
2026-05-20,000333,13:54:42,81.8100,34,1
2026-05-20,000333,13:54:45,81.8000,67,2
2026-05-20,000333,13:54:48,81.8000,20,2
2026-05-20,000333,13:54:51,81.7900,29,2
2026-05-20,000333,13:54:54,81.7900,30,2
2026-05-20,000333,13:54:57,81.7800,31,2
2026-05-20,000333,13:55:00,81.7800,6,2
2026-05-20,000333,13:55:03,81.7900,53,1
2026-05-20,000333,13:55:06,81.7800,98,2
2026-05-20,000333,13:55:09,81.7800,16,2
2026-05-20,000333,13:55:12,81.7400,86,2
2026-05-20,000333,13:55:15,81.7400,4,2
2026-05-20,000333,13:55:18,81.7300,7,2
2026-05-20,000333,13:55:21,81.7200,38,2
2026-05-20,000333,13:55:24,81.7000,46,2
2026-05-20,000333,13:55:27,81.7000,56,2
2026-05-20,000333,13:55:30,81.7300,19,1
2026-05-20,000333,13:55:33,81.7300,39,1
2026-05-20,000333,13:55:36,81.7100,28,2
2026-05-20,000333,13:55:39,81.7200,25,1
2026-05-20,000333,13:55:42,81.7200,7,1
2026-05-20,000333,13:55:45,81.7200,33,1
2026-05-20,000333,13:55:48,81.7300,94,1
2026-05-20,000333,13:55:51,81.7200,113,2
2026-05-20,000333,13:55:54,81.7300,35,1
2026-05-20,000333,13:55:57,81.7300,80,2
2026-05-20,000333,13:56:00,81.7200,48,4
2026-05-20,000333,13:56:03,81.7200,11,2
2026-05-20,000333,13:56:06,81.7100,44,2
2026-05-20,000333,13:56:09,81.7000,23,4
2026-05-20,000333,13:56:12,81.7000,48,2
2026-05-20,000333,13:56:15,81.7100,42,1
2026-05-20,000333,13:56:18,81.6900,102,2
2026-05-20,000333,13:56:21,81.7000,31,4
2026-05-20,000333,13:56:24,81.7000,53,4
2026-05-20,000333,13:56:27,81.7000,94,2
2026-05-20,000333,13:56:30,81.7300,5,1
2026-05-20,000333,13:56:33,81.7300,34,2
2026-05-20,000333,13:56:36,81.7200,26,2
2026-05-20,000333,13:56:39,81.7300,75,1
2026-05-20,000333,13:56:42,81.7300,22,1
2026-05-20,000333,13:56:45,81.7200,64,2
2026-05-20,000333,13:56:48,81.7400,70,1
2026-05-20,000333,13:56:51,81.7400,14,2
2026-05-20,000333,13:56:54,81.7400,76,2
2026-05-20,000333,13:56:57,81.7400,14,2
2026-05-20,000333,13:57:00,81.7700,59,1
2026-05-20,000333,13:57:03,81.7700,70,1
2026-05-20,000333,13:57:06,81.7600,30,2
2026-05-20,000333,13:57:09,81.7600,23,2
2026-05-20,000333,13:57:12,81.7900,18,1
2026-05-20,000333,13:57:15,81.7900,33,1
2026-05-20,000333,13:57:18,81.8000,12,1
2026-05-20,000333,13:57:21,81.8000,35,1
2026-05-20,000333,13:57:24,81.8000,38,1
2026-05-20,000333,13:57:27,81.8000,9,2
2026-05-20,000333,13:57:30,81.8000,37,2
2026-05-20,000333,13:57:33,81.8200,12,1
2026-05-20,000333,13:57:36,81.8200,3,1
2026-05-20,000333,13:57:39,81.8200,45,1
2026-05-20,000333,13:57:42,81.8100,29,2
2026-05-20,000333,13:57:45,81.8200,15,1
2026-05-20,000333,13:57:48,81.8200,60,1
2026-05-20,000333,13:57:51,81.8200,32,1
2026-05-20,000333,13:57:54,81.8200,39,1
2026-05-20,000333,13:57:57,81.8200,17,2
2026-05-20,000333,13:58:00,81.8200,38,2
2026-05-20,000333,13:58:03,81.8300,26,1
2026-05-20,000333,13:58:06,81.8400,42,1
2026-05-20,000333,13:58:09,81.8400,17,1
2026-05-20,000333,13:58:12,81.8300,41,2
2026-05-20,000333,13:58:15,81.8200,120,2
2026-05-20,000333,13:58:18,81.8200,100,2
2026-05-20,000333,13:58:21,81.8200,11,2
2026-05-20,000333,13:58:24,81.8200,57,2
2026-05-20,000333,13:58:27,81.8300,43,2
2026-05-20,000333,13:58:30,81.8200,20,2
2026-05-20,000333,13:58:33,81.8200,24,2
2026-05-20,000333,13:58:36,81.8000,39,2
2026-05-20,000333,13:58:39,81.8100,38,1
2026-05-20,000333,13:58:42,81.7900,42,2
2026-05-20,000333,13:58:45,81.7900,83,2
2026-05-20,000333,13:58:48,81.8000,109,1
2026-05-20,000333,13:58:51,81.8000,67,2
2026-05-20,000333,13:58:54,81.8000,67,1
2026-05-20,000333,13:58:57,81.8100,70,1
2026-05-20,000333,13:59:00,81.8100,24,2
2026-05-20,000333,13:59:03,81.8100,20,1
2026-05-20,000333,13:59:06,81.8000,3,2
2026-05-20,000333,13:59:09,81.8000,17,2
2026-05-20,000333,13:59:12,81.8000,31,2
2026-05-20,000333,13:59:15,81.8000,36,2
2026-05-20,000333,13:59:18,81.8000,84,2
2026-05-20,000333,13:59:21,81.8000,15,1
2026-05-20,000333,13:59:24,81.8000,130,1
2026-05-20,000333,13:59:27,81.8100,69,1
2026-05-20,000333,13:59:30,81.8100,46,1
2026-05-20,000333,13:59:33,81.8000,76,2
2026-05-20,000333,13:59:36,81.8000,3,2
2026-05-20,000333,13:59:39,81.8100,40,1
2026-05-20,000333,13:59:42,81.8200,26,1
2026-05-20,000333,13:59:45,81.8100,35,2
2026-05-20,000333,13:59:48,81.8000,31,2
2026-05-20,000333,13:59:51,81.8100,12,1
2026-05-20,000333,13:59:54,81.8100,6,1
2026-05-20,000333,13:59:57,81.8100,35,1
2026-05-20,000333,14:00:00,81.8100,50,1
2026-05-20,000333,14:00:03,81.8000,76,2
2026-05-20,000333,14:00:06,81.8000,44,2
2026-05-20,000333,14:00:09,81.8100,51,1
2026-05-20,000333,14:00:12,81.7900,1,2
2026-05-20,000333,14:00:15,81.8100,35,1
2026-05-20,000333,14:00:18,81.8100,38,2
2026-05-20,000333,14:00:21,81.7900,7,2
2026-05-20,000333,14:00:24,81.7900,9,2
2026-05-20,000333,14:00:27,81.8000,27,2
2026-05-20,000333,14:00:30,81.8100,17,1
2026-05-20,000333,14:00:33,81.8000,42,2
2026-05-20,000333,14:00:36,81.7900,14,2
2026-05-20,000333,14:00:39,81.8100,11,1
2026-05-20,000333,14:00:42,81.8100,187,1
2026-05-20,000333,14:00:45,81.8300,99,1
2026-05-20,000333,14:00:48,81.8500,227,1
2026-05-20,000333,14:00:51,81.8600,33,1
2026-05-20,000333,14:00:54,81.8600,41,1
2026-05-20,000333,14:00:57,81.8500,48,2
2026-05-20,000333,14:01:00,81.8500,79,2
2026-05-20,000333,14:01:03,81.8500,17,2
2026-05-20,000333,14:01:06,81.8500,19,2
2026-05-20,000333,14:01:09,81.8500,2,2
2026-05-20,000333,14:01:12,81.8500,42,2
2026-05-20,000333,14:01:15,81.8500,17,2
2026-05-20,000333,14:01:18,81.8400,18,2
2026-05-20,000333,14:01:21,81.8400,64,2
2026-05-20,000333,14:01:24,81.8300,55,2
2026-05-20,000333,14:01:27,81.8200,59,2
2026-05-20,000333,14:01:30,81.8200,150,2
2026-05-20,000333,14:01:33,81.8200,29,2
2026-05-20,000333,14:01:36,81.8100,60,2
2026-05-20,000333,14:01:39,81.8000,31,2
2026-05-20,000333,14:01:42,81.8200,3,1
2026-05-20,000333,14:01:45,81.8100,2,2
2026-05-20,000333,14:01:48,81.8100,14,2
2026-05-20,000333,14:01:51,81.8200,14,1
2026-05-20,000333,14:01:54,81.8100,33,2
2026-05-20,000333,14:01:57,81.8100,49,2
2026-05-20,000333,14:02:00,81.8100,48,2
2026-05-20,000333,14:02:03,81.8000,50,2
2026-05-20,000333,14:02:06,81.7900,25,2
2026-05-20,000333,14:02:09,81.8000,136,1
2026-05-20,000333,14:02:12,81.7900,50,2
2026-05-20,000333,14:02:15,81.7800,114,2
2026-05-20,000333,14:02:18,81.7600,34,2
2026-05-20,000333,14:02:21,81.7500,38,2
2026-05-20,000333,14:02:24,81.7100,122,2
2026-05-20,000333,14:02:27,81.7300,16,2
2026-05-20,000333,14:02:30,81.6900,142,2
2026-05-20,000333,14:02:33,81.7000,48,2
2026-05-20,000333,14:02:36,81.7100,12,2
2026-05-20,000333,14:02:39,81.7000,32,2
2026-05-20,000333,14:02:42,81.7000,198,2
2026-05-20,000333,14:02:45,81.7100,47,2
2026-05-20,000333,14:02:48,81.7400,362,1
2026-05-20,000333,14:02:51,81.7400,17,1
2026-05-20,000333,14:02:54,81.7300,272,2
2026-05-20,000333,14:02:57,81.7400,111,4
2026-05-20,000333,14:03:00,81.7300,73,2
2026-05-20,000333,14:03:03,81.7500,111,1
2026-05-20,000333,14:03:06,81.7500,20,2
2026-05-20,000333,14:03:09,81.7500,45,2
2026-05-20,000333,14:03:12,81.7600,29,1
2026-05-20,000333,14:03:15,81.7500,39,2
2026-05-20,000333,14:03:18,81.7600,34,2
2026-05-20,000333,14:03:21,81.7600,43,2
2026-05-20,000333,14:03:24,81.7700,10,1
2026-05-20,000333,14:03:27,81.7600,97,2
2026-05-20,000333,14:03:30,81.7600,40,2
2026-05-20,000333,14:03:33,81.7500,38,4
2026-05-20,000333,14:03:36,81.7500,3,2
2026-05-20,000333,14:03:39,81.7500,35,1
2026-05-20,000333,14:03:42,81.7400,1,2
2026-05-20,000333,14:03:45,81.7600,52,1
2026-05-20,000333,14:03:48,81.7400,118,2
2026-05-20,000333,14:03:51,81.7600,8,1
2026-05-20,000333,14:03:54,81.7500,58,2
2026-05-20,000333,14:03:57,81.7500,19,2
2026-05-20,000333,14:04:00,81.7500,77,2
2026-05-20,000333,14:04:03,81.7600,30,1
2026-05-20,000333,14:04:06,81.7500,112,2
2026-05-20,000333,14:04:09,81.7700,6,1
2026-05-20,000333,14:04:12,81.7700,40,1
2026-05-20,000333,14:04:15,81.7700,150,1
2026-05-20,000333,14:04:18,81.7300,77,2
2026-05-20,000333,14:04:21,81.7700,92,1
2026-05-20,000333,14:04:24,81.7400,7,2
2026-05-20,000333,14:04:27,81.7800,29,1
2026-05-20,000333,14:04:30,81.7300,55,2
2026-05-20,000333,14:04:33,81.7400,136,1
2026-05-20,000333,14:04:36,81.7400,50,2
2026-05-20,000333,14:04:39,81.7500,55,4
2026-05-20,000333,14:04:42,81.7600,14,1
2026-05-20,000333,14:04:45,81.7500,7,2
2026-05-20,000333,14:04:48,81.7600,10,1
2026-05-20,000333,14:04:51,81.7500,17,2
2026-05-20,000333,14:04:54,81.7500,9,2
2026-05-20,000333,14:04:57,81.7600,10,1
2026-05-20,000333,14:05:00,81.7500,34,2
2026-05-20,000333,14:05:03,81.7700,18,1
2026-05-20,000333,14:05:06,81.7700,69,1
2026-05-20,000333,14:05:09,81.7700,7,2
2026-05-20,000333,14:05:12,81.7700,33,2
2026-05-20,000333,14:05:15,81.7500,83,2
2026-05-20,000333,14:05:18,81.7900,39,4
2026-05-20,000333,14:05:21,81.7700,28,2
2026-05-20,000333,14:05:24,81.7800,6,1
2026-05-20,000333,14:05:27,81.7700,30,2
2026-05-20,000333,14:05:30,81.7800,18,4
2026-05-20,000333,14:05:33,81.7700,48,2
2026-05-20,000333,14:05:36,81.7700,12,2
2026-05-20,000333,14:05:39,81.7800,48,1
2026-05-20,000333,14:05:42,81.7700,19,2
2026-05-20,000333,14:05:45,81.7900,30,1
2026-05-20,000333,14:05:48,81.7900,1,4
2026-05-20,000333,14:05:51,81.7900,20,2
2026-05-20,000333,14:05:54,81.7700,63,2
2026-05-20,000333,14:05:57,81.7800,50,1
2026-05-20,000333,14:06:00,81.7800,39,2
2026-05-20,000333,14:06:03,81.7900,11,1
2026-05-20,000333,14:06:06,81.7900,18,2
2026-05-20,000333,14:06:09,81.7900,15,1
2026-05-20,000333,14:06:12,81.7900,101,2
2026-05-20,000333,14:06:15,81.7900,8,4
2026-05-20,000333,14:06:18,81.7900,51,2
2026-05-20,000333,14:06:21,81.8000,27,1
2026-05-20,000333,14:06:24,81.7900,20,4
2026-05-20,000333,14:06:27,81.7900,58,2
2026-05-20,000333,14:06:30,81.8000,66,1
2026-05-20,000333,14:06:33,81.8100,54,1
2026-05-20,000333,14:06:36,81.8100,10,2
2026-05-20,000333,10:55:45,81.5500,29,4
2026-05-20,000333,10:55:48,81.5600,22,1
2026-05-20,000333,10:55:51,81.5400,31,1
2026-05-20,000333,10:55:54,81.5400,5,2
2026-05-20,000333,10:55:57,81.5400,19,4
2026-05-20,000333,10:56:00,81.5400,41,2
2026-05-20,000333,10:56:03,81.5000,36,2
2026-05-20,000333,10:56:06,81.5400,29,1
2026-05-20,000333,10:56:09,81.5000,43,2
2026-05-20,000333,10:56:12,81.5000,5,2
2026-05-20,000333,10:56:15,81.5200,64,4
2026-05-20,000333,10:56:18,81.4900,27,2
2026-05-20,000333,10:56:21,81.4900,36,2
2026-05-20,000333,10:56:24,81.5200,48,1
2026-05-20,000333,10:56:27,81.5000,39,2
2026-05-20,000333,10:56:30,81.5200,12,1
2026-05-20,000333,10:56:33,81.5200,40,1
2026-05-20,000333,10:56:36,81.5000,24,2
2026-05-20,000333,10:56:39,81.5300,33,1
2026-05-20,000333,10:56:42,81.5200,47,2
2026-05-20,000333,10:56:45,81.5300,31,2
2026-05-20,000333,10:56:48,81.5800,6,1
2026-05-20,000333,10:56:51,81.5400,22,2
2026-05-20,000333,10:56:54,81.5400,27,1
2026-05-20,000333,10:56:57,81.5300,47,2
2026-05-20,000333,10:57:00,81.5500,74,1
2026-05-20,000333,10:57:03,81.5600,29,1
2026-05-20,000333,10:57:06,81.5900,19,1
2026-05-20,000333,10:57:09,81.5700,62,2
2026-05-20,000333,10:57:12,81.5700,24,2
2026-05-20,000333,10:57:15,81.5700,34,2
2026-05-20,000333,10:57:18,81.5800,9,1
2026-05-20,000333,10:57:21,81.5700,12,1
2026-05-20,000333,10:57:24,81.5600,69,2
2026-05-20,000333,10:57:27,81.5700,69,1
2026-05-20,000333,10:57:30,81.6000,15,1
2026-05-20,000333,10:57:33,81.5800,14,2
2026-05-20,000333,10:57:36,81.5800,43,2
2026-05-20,000333,10:57:39,81.6000,72,1
2026-05-20,000333,10:57:42,81.5900,147,2
2026-05-20,000333,10:57:45,81.6000,70,2
2026-05-20,000333,10:57:48,81.6300,30,1
2026-05-20,000333,10:57:51,81.6200,80,2
2026-05-20,000333,10:57:54,81.6100,16,2
2026-05-20,000333,10:57:57,81.6100,22,2
2026-05-20,000333,10:58:00,81.6100,52,2
2026-05-20,000333,10:58:03,81.5900,25,2
2026-05-20,000333,10:58:06,81.5600,84,2
2026-05-20,000333,10:58:09,81.6000,35,1
2026-05-20,000333,10:58:12,81.6100,75,1
2026-05-20,000333,10:58:15,81.6100,43,1
2026-05-20,000333,10:58:18,81.6100,54,2
2026-05-20,000333,10:58:21,81.5800,19,2
2026-05-20,000333,10:58:24,81.5900,24,4
2026-05-20,000333,10:58:27,81.6000,31,2
2026-05-20,000333,10:58:30,81.6100,56,1
2026-05-20,000333,10:58:33,81.6200,47,1
2026-05-20,000333,10:58:36,81.6200,43,2
2026-05-20,000333,10:58:39,81.6200,51,1
2026-05-20,000333,10:58:42,81.6300,28,4
2026-05-20,000333,10:58:45,81.6500,40,1
2026-05-20,000333,10:58:48,81.6200,23,2
2026-05-20,000333,10:58:51,81.6200,21,2
2026-05-20,000333,10:58:54,81.6300,7,1
2026-05-20,000333,10:58:57,81.6400,8,1
2026-05-20,000333,10:59:00,81.6500,27,1
2026-05-20,000333,10:59:03,81.6800,93,1
2026-05-20,000333,10:59:06,81.6500,51,2
2026-05-20,000333,10:59:09,81.6400,31,4
2026-05-20,000333,10:59:12,81.6300,28,2
2026-05-20,000333,10:59:15,81.6100,4,2
2026-05-20,000333,10:59:18,81.6000,20,2
2026-05-20,000333,10:59:21,81.6300,35,1
2026-05-20,000333,10:59:24,81.6200,30,2
2026-05-20,000333,10:59:27,81.6100,16,2
2026-05-20,000333,10:59:30,81.6300,19,1
2026-05-20,000333,10:59:33,81.6400,43,1
2026-05-20,000333,10:59:36,81.6300,48,2
2026-05-20,000333,10:59:39,81.6600,16,1
2026-05-20,000333,10:59:42,81.6500,12,2
2026-05-20,000333,10:59:45,81.6600,13,2
2026-05-20,000333,10:59:48,81.6600,38,2
2026-05-20,000333,10:59:51,81.6700,65,1
2026-05-20,000333,10:59:54,81.6600,44,2
2026-05-20,000333,10:59:57,81.6700,57,4
2026-05-20,000333,11:00:00,81.6600,46,2
2026-05-20,000333,11:00:03,81.6600,66,2
2026-05-20,000333,11:00:06,81.6700,57,2
2026-05-20,000333,11:00:09,81.6800,42,2
2026-05-20,000333,11:00:12,81.7200,34,1
2026-05-20,000333,11:00:15,81.7200,26,2
2026-05-20,000333,11:00:18,81.7200,21,2
2026-05-20,000333,11:00:21,81.7200,67,2
2026-05-20,000333,11:00:24,81.7200,45,2
2026-05-20,000333,11:00:27,81.7300,30,4
2026-05-20,000333,11:00:30,81.7200,116,2
2026-05-20,000333,11:00:33,81.7200,15,2
2026-05-20,000333,11:00:36,81.7200,19,1
2026-05-20,000333,11:00:39,81.7100,112,1
2026-05-20,000333,11:00:42,81.7100,25,4
2026-05-20,000333,11:00:45,81.7100,71,2
2026-05-20,000333,11:00:48,81.7100,38,2
2026-05-20,000333,11:00:51,81.7100,50,2
2026-05-20,000333,11:00:54,81.7200,48,1
2026-05-20,000333,11:00:57,81.7200,99,1
2026-05-20,000333,11:01:00,81.7400,147,2
2026-05-20,000333,11:01:03,81.7500,62,1
2026-05-20,000333,11:01:06,81.7700,107,1
2026-05-20,000333,11:01:09,81.7700,233,1
2026-05-20,000333,11:01:12,81.6900,330,2
2026-05-20,000333,11:01:15,81.7000,28,2
2026-05-20,000333,11:01:18,81.7100,23,2
2026-05-20,000333,11:01:21,81.7100,46,2
2026-05-20,000333,11:01:24,81.7100,36,2
2026-05-20,000333,11:01:27,81.7200,37,1
2026-05-20,000333,11:01:30,81.7300,54,1
2026-05-20,000333,11:01:33,81.7300,24,2
2026-05-20,000333,11:01:36,81.7300,16,2
2026-05-20,000333,11:01:39,81.7500,13,1
2026-05-20,000333,11:01:42,81.7400,1,2
2026-05-20,000333,11:01:45,81.7400,54,2
2026-05-20,000333,11:01:48,81.7500,50,1
2026-05-20,000333,11:01:51,81.7500,58,2
2026-05-20,000333,11:01:54,81.7500,44,2
2026-05-20,000333,11:01:57,81.7600,30,1
2026-05-20,000333,11:02:00,81.8400,1128,1
2026-05-20,000333,11:02:03,81.8300,84,2
2026-05-20,000333,11:02:06,81.8100,91,2
2026-05-20,000333,11:02:09,81.8100,22,2
2026-05-20,000333,11:02:12,81.8100,96,2
2026-05-20,000333,11:02:15,81.8100,252,2
2026-05-20,000333,11:02:18,81.8000,145,4
2026-05-20,000333,11:02:21,81.8100,92,1
2026-05-20,000333,11:02:24,81.8100,15,1
2026-05-20,000333,11:02:27,81.8200,71,1
2026-05-20,000333,11:02:30,81.8200,28,1
2026-05-20,000333,11:02:33,81.8200,82,2
2026-05-20,000333,11:02:36,81.8100,108,2
2026-05-20,000333,11:02:39,81.8200,52,1
2026-05-20,000333,11:02:42,81.8200,10,2
2026-05-20,000333,11:02:45,81.8200,15,2
2026-05-20,000333,11:02:48,81.8300,170,1
2026-05-20,000333,11:02:51,81.7900,27,2
2026-05-20,000333,11:02:54,81.7900,28,2
2026-05-20,000333,11:02:57,81.7800,28,2
2026-05-20,000333,11:03:00,81.7800,106,2
2026-05-20,000333,11:03:03,81.7700,39,2
2026-05-20,000333,11:03:06,81.7700,44,2
2026-05-20,000333,11:03:09,81.7700,23,2
2026-05-20,000333,11:03:15,81.7900,68,1
2026-05-20,000333,11:03:18,81.8300,115,1
2026-05-20,000333,11:03:21,81.8300,41,2
2026-05-20,000333,11:03:24,81.8300,151,2
2026-05-20,000333,11:03:27,81.8100,223,2
2026-05-20,000333,11:03:30,81.8000,50,1
2026-05-20,000333,11:03:33,81.7800,11,2
2026-05-20,000333,11:03:36,81.7900,21,2
2026-05-20,000333,11:03:39,81.7900,21,2
2026-05-20,000333,11:03:42,81.7900,16,2
2026-05-20,000333,11:03:45,81.7900,17,2
2026-05-20,000333,11:03:48,81.7800,13,2
2026-05-20,000333,11:03:51,81.7800,32,2
2026-05-20,000333,11:03:54,81.7800,23,2
2026-05-20,000333,11:03:57,81.7800,7,2
2026-05-20,000333,11:04:00,81.7800,13,2
2026-05-20,000333,11:04:03,81.7800,56,2
2026-05-20,000333,11:04:06,81.7800,17,2
2026-05-20,000333,11:04:09,81.7900,33,1
2026-05-20,000333,11:04:12,81.7800,24,2
2026-05-20,000333,11:04:15,81.7700,28,2
2026-05-20,000333,11:04:18,81.7700,12,2
2026-05-20,000333,11:04:21,81.7700,19,2
2026-05-20,000333,11:04:24,81.7700,3,1
2026-05-20,000333,11:04:27,81.7600,10,2
2026-05-20,000333,11:04:30,81.7700,23,4
2026-05-20,000333,11:04:33,81.7700,37,2
2026-05-20,000333,11:04:36,81.7800,4,1
2026-05-20,000333,11:04:39,81.7600,39,2
2026-05-20,000333,11:04:42,81.7500,11,2
2026-05-20,000333,11:04:45,81.7500,1,2
2026-05-20,000333,11:04:48,81.7500,13,2
2026-05-20,000333,11:04:51,81.7500,13,2
2026-05-20,000333,11:04:54,81.7500,8,1
2026-05-20,000333,11:04:57,81.7400,6,2
2026-05-20,000333,11:05:00,81.7400,6,2
2026-05-20,000333,11:05:03,81.7400,59,2
2026-05-20,000333,11:05:06,81.7400,21,2
2026-05-20,000333,11:05:09,81.7300,55,2
2026-05-20,000333,11:05:12,81.7100,6,2
2026-05-20,000333,11:05:15,81.7200,21,4
2026-05-20,000333,11:05:18,81.7200,350,2
2026-05-20,000333,11:05:21,81.6800,129,2
2026-05-20,000333,11:05:24,81.6700,8,2
2026-05-20,000333,11:05:27,81.6800,12,4
2026-05-20,000333,11:05:30,81.6800,9,2
2026-05-20,000333,11:05:33,81.6800,15,2
2026-05-20,000333,11:05:36,81.6800,8,2
2026-05-20,000333,11:05:39,81.6800,20,1
2026-05-20,000333,11:05:42,81.6700,12,2
2026-05-20,000333,11:05:45,81.6700,11,2
2026-05-20,000333,11:05:48,81.6700,31,2
2026-05-20,000333,11:05:51,81.6600,12,2
2026-05-20,000333,11:05:54,81.6600,35,2
2026-05-20,000333,11:05:57,81.6600,87,2
2026-05-20,000333,11:06:00,81.6800,58,1
2026-05-20,000333,11:06:03,81.6700,25,2
2026-05-20,000333,11:06:06,81.6500,146,2
2026-05-20,000333,11:06:09,81.6600,22,2
2026-05-20,000333,11:06:12,81.6500,10,2
2026-05-20,000333,11:06:15,81.6500,10,2
2026-05-20,000333,11:06:18,81.6400,26,2
2026-05-20,000333,11:06:21,81.6500,7,4
2026-05-20,000333,11:06:24,81.6400,18,2
2026-05-20,000333,11:06:27,81.6600,52,1
2026-05-20,000333,11:06:30,81.6800,69,1
2026-05-20,000333,11:06:33,81.6800,81,1
2026-05-20,000333,11:06:36,81.7100,29,1
2026-05-20,000333,11:06:39,81.7000,31,4
2026-05-20,000333,11:06:42,81.7000,4,2
2026-05-20,000333,11:06:45,81.6900,39,2
2026-05-20,000333,11:06:48,81.7000,20,1
2026-05-20,000333,11:06:51,81.6900,28,2
2026-05-20,000333,11:06:54,81.6600,22,2
2026-05-20,000333,11:06:57,81.6800,19,1
2026-05-20,000333,11:07:00,81.6800,9,2
2026-05-20,000333,11:07:03,81.6800,6,2
2026-05-20,000333,11:07:06,81.6800,17,2
2026-05-20,000333,11:07:09,81.6800,23,2
2026-05-20,000333,11:07:12,81.6900,1,1
2026-05-20,000333,11:07:15,81.6900,37,1
2026-05-20,000333,11:07:18,81.6600,2,2
2026-05-20,000333,11:07:21,81.6800,3,4
2026-05-20,000333,11:07:24,81.6700,12,2
2026-05-20,000333,11:07:27,81.6800,1,2
2026-05-20,000333,11:07:30,81.6900,89,1
2026-05-20,000333,11:07:33,81.7000,55,1
2026-05-20,000333,11:07:36,81.7000,20,2
2026-05-20,000333,11:07:39,81.7000,65,2
2026-05-20,000333,11:07:42,81.7000,29,2
2026-05-20,000333,11:07:45,81.7000,11,2
2026-05-20,000333,11:07:48,81.7000,37,2
2026-05-20,000333,11:07:51,81.7000,2,4
2026-05-20,000333,11:07:54,81.6900,33,2
2026-05-20,000333,11:07:57,81.6800,15,2
2026-05-20,000333,11:08:00,81.7000,13,1
2026-05-20,000333,11:08:03,81.7000,18,1
2026-05-20,000333,11:08:06,81.7000,9,1
2026-05-20,000333,11:08:09,81.6900,21,2
2026-05-20,000333,11:08:12,81.7000,7,1
2026-05-20,000333,11:08:15,81.7000,10,1
2026-05-20,000333,11:08:18,81.6900,2,2
2026-05-20,000333,11:08:21,81.6900,11,2
2026-05-20,000333,11:08:24,81.6800,1,2
2026-05-20,000333,11:08:27,81.6900,13,1
2026-05-20,000333,11:08:30,81.6900,2,2
2026-05-20,000333,11:08:33,81.6800,29,2
2026-05-20,000333,11:08:36,81.6800,15,2
2026-05-20,000333,11:08:39,81.6800,37,2
2026-05-20,000333,11:08:45,81.6800,3,2
2026-05-20,000333,11:08:48,81.6800,12,2
2026-05-20,000333,11:08:51,81.6500,58,2
2026-05-20,000333,11:08:54,81.6500,30,2
2026-05-20,000333,11:08:57,81.6500,9,2
2026-05-20,000333,11:09:00,81.6500,14,2
2026-05-20,000333,11:09:03,81.6500,33,2
2026-05-20,000333,11:09:06,81.6300,8,2
2026-05-20,000333,11:09:09,81.6300,38,1
2026-05-20,000333,11:09:12,81.6000,30,2
2026-05-20,000333,11:09:15,81.6000,40,2
2026-05-20,000333,11:09:18,81.6000,52,1
2026-05-20,000333,11:09:21,81.5900,57,2
2026-05-20,000333,11:09:24,81.5900,53,2
2026-05-20,000333,11:09:27,81.5900,67,2
2026-05-20,000333,11:09:30,81.5500,129,2
2026-05-20,000333,11:09:33,81.5700,116,1
2026-05-20,000333,11:09:36,81.5700,111,2
2026-05-20,000333,11:09:39,81.6000,16,1
2026-05-20,000333,11:09:42,81.6000,11,1
2026-05-20,000333,11:09:45,81.6000,29,2
2026-05-20,000333,11:09:48,81.5900,15,2
2026-05-20,000333,11:09:51,81.6000,4,2
2026-05-20,000333,11:09:54,81.6200,22,1
2026-05-20,000333,11:09:57,81.6200,22,2
2026-05-20,000333,11:10:03,81.6000,46,2
2026-05-20,000333,11:10:06,81.5900,31,2
2026-05-20,000333,11:10:09,81.6100,6,1
2026-05-20,000333,11:10:12,81.5900,15,2
2026-05-20,000333,11:10:15,81.6200,41,1
2026-05-20,000333,11:10:18,81.5800,59,2
2026-05-20,000333,11:10:21,81.5800,116,2
2026-05-20,000333,11:10:24,81.5800,28,2
2026-05-20,000333,11:10:27,81.5800,9,1
2026-05-20,000333,11:10:30,81.6000,12,1
2026-05-20,000333,11:10:33,81.6200,85,1
2026-05-20,000333,11:10:36,81.6200,38,1
2026-05-20,000333,11:10:39,81.6100,31,2
2026-05-20,000333,11:10:42,81.6100,14,2
2026-05-20,000333,11:10:45,81.6100,11,2
2026-05-20,000333,11:10:48,81.6100,100,2
2026-05-20,000333,11:10:51,81.6100,98,2
2026-05-20,000333,11:10:54,81.6000,14,2
2026-05-20,000333,11:10:57,81.6000,10,2
2026-05-20,000333,11:11:00,81.6000,12,2
2026-05-20,000333,11:11:03,81.6100,43,4
2026-05-20,000333,11:11:06,81.6100,34,1
2026-05-20,000333,11:11:09,81.6200,21,1
2026-05-20,000333,11:11:12,81.6500,29,1
2026-05-20,000333,11:11:15,81.6500,14,2
2026-05-20,000333,11:11:18,81.6200,20,2
2026-05-20,000333,11:11:21,81.6400,32,1
2026-05-20,000333,11:11:24,81.6200,10,1
2026-05-20,000333,11:11:27,81.6200,39,2
2026-05-20,000333,11:11:30,81.6200,24,2
2026-05-20,000333,11:11:33,81.5800,22,2
2026-05-20,000333,11:11:36,81.6100,9,1
2026-05-20,000333,11:11:39,81.6200,22,1
2026-05-20,000333,11:11:42,81.6100,3,2
2026-05-20,000333,11:11:45,81.6000,17,4
2026-05-20,000333,11:11:48,81.5800,53,2
2026-05-20,000333,11:11:51,81.5900,50,2
2026-05-20,000333,11:11:54,81.6000,15,1
2026-05-20,000333,11:11:57,81.5500,40,2
2026-05-20,000333,11:12:00,81.5700,20,2
2026-05-20,000333,11:12:03,81.5800,26,1
2026-05-20,000333,11:12:06,81.5900,38,4
2026-05-20,000333,11:12:09,81.5800,3,1
2026-05-20,000333,11:12:12,81.6000,68,1
2026-05-20,000333,11:12:15,81.6000,44,2
2026-05-20,000333,11:12:18,81.6000,81,1
2026-05-20,000333,11:12:21,81.6100,66,2
2026-05-20,000333,11:12:24,81.5900,35,2
2026-05-20,000333,11:12:27,81.6500,33,1
2026-05-20,000333,11:12:30,81.6400,7,1
2026-05-20,000333,11:12:33,81.6000,26,2
2026-05-20,000333,11:12:36,81.5900,17,2
2026-05-20,000333,11:12:39,81.5800,23,4
2026-05-20,000333,11:12:42,81.5500,15,2
2026-05-20,000333,11:12:45,81.5500,8,4
2026-05-20,000333,11:12:48,81.5500,13,2
2026-05-20,000333,11:12:51,81.5400,13,2
2026-05-20,000333,11:12:54,81.5400,20,4
2026-05-20,000333,11:12:57,81.5500,9,2
2026-05-20,000333,11:13:00,81.5500,7,2
2026-05-20,000333,11:13:03,81.5900,29,1
2026-05-20,000333,11:13:06,81.5700,10,2
2026-05-20,000333,11:13:09,81.5400,34,2
2026-05-20,000333,11:13:12,81.5500,52,1
2026-05-20,000333,11:13:15,81.5800,37,1
2026-05-20,000333,11:13:18,81.5500,35,2
2026-05-20,000333,11:13:21,81.5500,20,1
2026-05-20,000333,11:13:24,81.5500,46,2
2026-05-20,000333,11:13:27,81.5500,55,2
2026-05-20,000333,11:13:30,81.5500,7,2
2026-05-20,000333,11:13:33,81.5700,10,1
2026-05-20,000333,11:13:36,81.5800,21,1
2026-05-20,000333,11:13:39,81.5700,53,2
2026-05-20,000333,11:13:42,81.5600,78,2
2026-05-20,000333,11:13:45,81.6200,7,1
2026-05-20,000333,11:13:48,81.5700,9,2
2026-05-20,000333,11:13:51,81.5500,8,2
2026-05-20,000333,11:13:54,81.5200,18,2
2026-05-20,000333,11:13:57,81.5400,22,2
2026-05-20,000333,11:14:00,81.5400,96,2
2026-05-20,000333,11:14:03,81.5300,23,2
2026-05-20,000333,11:14:06,81.5300,14,2
2026-05-20,000333,11:14:09,81.5400,11,4
2026-05-20,000333,11:14:12,81.5500,23,2
2026-05-20,000333,11:14:15,81.5900,42,1
2026-05-20,000333,11:14:18,81.5700,24,2
2026-05-20,000333,11:14:21,81.5500,27,2
2026-05-20,000333,11:14:24,81.5700,23,4
2026-05-20,000333,11:14:27,81.5500,17,2
2026-05-20,000333,11:14:30,81.5300,24,2
2026-05-20,000333,11:14:33,81.5200,16,2
2026-05-20,000333,11:14:36,81.5300,26,2
2026-05-20,000333,11:14:39,81.5600,12,1
2026-05-20,000333,11:14:42,81.5500,45,1
2026-05-20,000333,11:14:45,81.5800,10,1
2026-05-20,000333,11:14:48,81.5900,45,1
2026-05-20,000333,11:14:51,81.6300,42,1
2026-05-20,000333,11:14:54,81.6000,29,2
2026-05-20,000333,11:14:57,81.6100,33,2
2026-05-20,000333,11:15:00,81.6200,11,1
2026-05-20,000333,11:15:03,81.6300,26,1
2026-05-20,000333,11:15:06,81.6100,28,2
2026-05-20,000333,11:15:09,81.6000,68,2
2026-05-20,000333,11:15:12,81.6000,46,2
2026-05-20,000333,11:15:15,81.6000,36,2
2026-05-20,000333,11:15:18,81.6200,8,1
2026-05-20,000333,11:15:21,81.6100,23,1
2026-05-20,000333,11:15:24,81.6100,9,1
2026-05-20,000333,11:15:27,81.6000,16,2
2026-05-20,000333,11:15:30,81.6000,34,2
2026-05-20,000333,11:15:33,81.6000,12,2
2026-05-20,000333,11:15:39,81.6100,27,1
2026-05-20,000333,11:15:42,81.6100,9,1
2026-05-20,000333,11:15:45,81.6000,9,2
2026-05-20,000333,11:15:48,81.6000,1,2
2026-05-20,000333,11:15:51,81.6000,11,2
2026-05-20,000333,11:15:54,81.6100,13,1
2026-05-20,000333,11:15:57,81.6100,6,1
2026-05-20,000333,11:16:00,81.6100,9,2
2026-05-20,000333,11:16:03,81.6100,14,2
2026-05-20,000333,11:16:06,81.6100,12,2
2026-05-20,000333,11:16:09,81.6000,10,2
2026-05-20,000333,11:16:12,81.5900,32,2
2026-05-20,000333,11:16:15,81.6000,9,4
2026-05-20,000333,11:16:18,81.5900,13,2
2026-05-20,000333,11:16:21,81.5900,41,2
2026-05-20,000333,11:16:24,81.5900,30,2
2026-05-20,000333,11:16:27,81.5900,23,2
2026-05-20,000333,11:16:30,81.5700,27,2
2026-05-20,000333,11:16:33,81.5500,25,2
2026-05-20,000333,11:16:36,81.5600,25,2
2026-05-20,000333,11:16:39,81.5800,30,1
2026-05-20,000333,11:16:42,81.5700,4,2
2026-05-20,000333,11:16:45,81.5700,10,2
2026-05-20,000333,11:16:48,81.5700,16,2
2026-05-20,000333,11:16:51,81.5600,13,2
2026-05-20,000333,11:16:54,81.5700,10,1
2026-05-20,000333,11:16:57,81.5500,13,2
2026-05-20,000333,11:17:00,81.5600,84,2
2026-05-20,000333,11:17:03,81.5800,52,1
2026-05-20,000333,11:17:06,81.6000,37,1
2026-05-20,000333,11:17:09,81.5900,37,2
2026-05-20,000333,11:17:12,81.5600,20,2
2026-05-20,000333,11:17:15,81.5500,17,2
2026-05-20,000333,11:17:18,81.5900,65,1
2026-05-20,000333,11:17:21,81.5800,42,2
2026-05-20,000333,11:17:24,81.5700,34,2
2026-05-20,000333,11:17:27,81.5900,50,1
2026-05-20,000333,11:17:30,81.5800,26,2
2026-05-20,000333,11:17:33,81.5900,23,2
2026-05-20,000333,11:17:36,81.5900,22,2
2026-05-20,000333,11:17:39,81.6100,20,1
2026-05-20,000333,11:17:42,81.5700,49,2
2026-05-20,000333,11:17:45,81.5700,25,2
2026-05-20,000333,11:17:48,81.5700,6,2
2026-05-20,000333,11:17:51,81.5600,46,2
2026-05-20,000333,11:17:54,81.5300,114,2
2026-05-20,000333,11:17:57,81.5500,26,1
2026-05-20,000333,11:18:00,81.5700,6,1
2026-05-20,000333,11:18:03,81.5500,8,2
2026-05-20,000333,11:18:06,81.5400,3,2
2026-05-20,000333,11:18:09,81.5700,31,1
2026-05-20,000333,11:18:12,81.5600,50,2
2026-05-20,000333,11:18:15,81.5700,21,1
2026-05-20,000333,11:18:18,81.5700,26,1
2026-05-20,000333,11:18:21,81.5900,95,1
2026-05-20,000333,11:18:24,81.6200,27,1
2026-05-20,000333,11:18:27,81.6200,23,1
2026-05-20,000333,11:18:30,81.6000,19,2
2026-05-20,000333,11:18:33,81.5800,36,2
2026-05-20,000333,11:18:36,81.6200,128,1
2026-05-20,000333,11:18:39,81.6200,23,1
2026-05-20,000333,11:18:42,81.6300,38,1
2026-05-20,000333,11:18:45,81.6200,40,2
2026-05-20,000333,11:18:48,81.6200,24,1
2026-05-20,000333,11:18:51,81.6000,14,4
2026-05-20,000333,11:18:57,81.5900,43,2
2026-05-20,000333,11:19:00,81.5900,69,2
2026-05-20,000333,11:19:03,81.5500,123,2
2026-05-20,000333,11:19:06,81.5700,26,4
2026-05-20,000333,11:19:09,81.5600,24,4
2026-05-20,000333,11:19:12,81.5400,17,2
2026-05-20,000333,11:19:15,81.5900,27,1
2026-05-20,000333,11:19:18,81.5600,5,2
2026-05-20,000333,11:19:21,81.5500,22,2
2026-05-20,000333,11:19:24,81.5300,33,2
2026-05-20,000333,11:19:27,81.5300,21,2
2026-05-20,000333,11:19:30,81.5700,9,1
2026-05-20,000333,11:19:33,81.5900,45,1
2026-05-20,000333,11:19:36,81.5600,8,2
2026-05-20,000333,11:19:39,81.5700,19,1
2026-05-20,000333,11:19:45,81.5700,4,2
2026-05-20,000333,11:19:48,81.5700,12,1
2026-05-20,000333,11:19:51,81.5400,24,2
2026-05-20,000333,11:19:54,81.5600,15,4
2026-05-20,000333,11:19:57,81.5700,30,1
2026-05-20,000333,11:20:00,81.5700,16,1
2026-05-20,000333,11:20:03,81.5600,11,2
2026-05-20,000333,11:20:06,81.5500,17,2
2026-05-20,000333,11:20:09,81.5600,6,1
2026-05-20,000333,11:20:12,81.5600,3,1
2026-05-20,000333,11:20:15,81.5600,17,1
2026-05-20,000333,11:20:18,81.5600,24,2
2026-05-20,000333,11:20:21,81.5800,20,1
2026-05-20,000333,11:20:24,81.6000,19,1
2026-05-20,000333,11:20:27,81.6000,16,2
2026-05-20,000333,11:20:30,81.6000,29,4
2026-05-20,000333,11:20:33,81.5800,50,2
2026-05-20,000333,11:20:36,81.5700,33,2
2026-05-20,000333,11:20:39,81.5500,45,2
2026-05-20,000333,11:20:42,81.5400,22,2
2026-05-20,000333,11:20:45,81.5600,31,1
2026-05-20,000333,11:20:48,81.5400,6,2
2026-05-20,000333,11:20:51,81.5400,4,2
