date,code,time,price,volume,bs
2026-04-28,600036,14:06:46,39.5500,277,1
2026-04-28,600036,14:06:49,39.5400,36,2
2026-04-28,600036,14:06:52,39.5500,21,1
2026-04-28,600036,14:06:55,39.5400,17,2
2026-04-28,600036,14:06:58,39.5500,102,1
2026-04-28,600036,14:07:01,39.5300,131,2
2026-04-28,600036,14:07:04,39.5400,46,4
2026-04-28,600036,14:07:07,39.5500,332,1
2026-04-28,600036,14:07:10,39.5400,237,2
2026-04-28,600036,14:07:13,39.5500,167,1
2026-04-28,600036,14:07:16,39.5500,128,4
2026-04-28,600036,14:07:19,39.5500,101,1
2026-04-28,600036,14:07:22,39.5600,404,1
2026-04-28,600036,14:07:25,39.5500,103,2
2026-04-28,600036,14:07:28,39.5500,311,2
2026-04-28,600036,14:07:31,39.5600,704,1
2026-04-28,600036,14:07:34,39.5600,186,2
2026-04-28,600036,14:07:37,39.5600,146,2
2026-04-28,600036,14:07:40,39.5600,502,2
2026-04-28,600036,14:07:43,39.5600,22,2
2026-04-28,600036,14:07:46,39.5800,215,1
2026-04-28,600036,14:07:49,39.5500,50,2
2026-04-28,600036,14:07:52,39.5500,126,2
2026-04-28,600036,14:07:55,39.5600,183,1
2026-04-28,600036,14:07:58,39.5500,38,2
2026-04-28,600036,14:08:01,39.5500,23,2
2026-04-28,600036,14:08:04,39.5300,463,2
2026-04-28,600036,14:08:07,39.5400,1540,1
2026-04-28,600036,14:08:10,39.5500,180,1
2026-04-28,600036,14:08:13,39.5500,314,1
2026-04-28,600036,14:08:16,39.5400,194,2
2026-04-28,600036,14:08:19,39.5400,161,1
2026-04-28,600036,14:08:22,39.5200,8,2
2026-04-28,600036,14:08:25,39.5400,19,1
2026-04-28,600036,14:08:28,39.5300,46,2
2026-04-28,600036,14:08:31,39.5300,73,2
2026-04-28,600036,14:08:34,39.5400,320,1
2026-04-28,600036,14:08:37,39.5300,127,1
2026-04-28,600036,14:08:40,39.5200,155,4
2026-04-28,600036,14:08:43,39.5300,227,1
2026-04-28,600036,14:08:46,39.5100,21,2
2026-04-28,600036,14:08:49,39.5200,71,4
2026-04-28,600036,14:08:52,39.5300,341,1
2026-04-28,600036,14:08:55,39.5200,146,2
2026-04-28,600036,14:08:58,39.5200,5,2
2026-04-28,600036,14:09:01,39.5300,37,1
2026-04-28,600036,14:09:04,39.5300,58,1
2026-04-28,600036,14:09:07,39.5300,187,1
2026-04-28,600036,14:09:10,39.5400,95,1
2026-04-28,600036,14:09:13,39.5200,77,2
2026-04-28,600036,14:09:16,39.5300,2,2
2026-04-28,600036,14:09:19,39.5300,73,2
2026-04-28,600036,14:09:22,39.5400,192,1
2026-04-28,600036,14:09:25,39.5200,78,2
2026-04-28,600036,14:09:28,39.5300,43,1
2026-04-28,600036,14:09:31,39.5300,7,1
2026-04-28,600036,14:09:34,39.5300,456,1
2026-04-28,600036,14:09:37,39.5200,52,2
2026-04-28,600036,14:09:40,39.5300,121,1
2026-04-28,600036,14:09:43,39.5400,60,1
2026-04-28,600036,14:09:46,39.5200,16,2
2026-04-28,600036,14:09:49,39.5300,15,1
2026-04-28,600036,14:09:52,39.5300,118,1
2026-04-28,600036,14:09:55,39.5200,31,2
2026-04-28,600036,14:09:58,39.5200,20,2
2026-04-28,600036,14:10:01,39.5200,15,2
2026-04-28,600036,14:10:04,39.5300,85,1
2026-04-28,600036,14:10:07,39.5200,201,2
2026-04-28,600036,14:10:10,39.5200,88,1
2026-04-28,600036,14:10:13,39.5200,21,2
2026-04-28,600036,14:10:16,39.5200,75,2
2026-04-28,600036,14:10:19,39.5200,27,2
2026-04-28,600036,14:10:22,39.5400,538,1
2026-04-28,600036,14:10:25,39.5400,578,1
2026-04-28,600036,14:10:28,39.5500,653,1
2026-04-28,600036,14:10:31,39.5500,440,2
2026-04-28,600036,14:10:34,39.5600,17,1
2026-04-28,600036,14:10:37,39.5500,26,2
2026-04-28,600036,14:10:40,39.5500,137,2
2026-04-28,600036,14:10:43,39.5500,6,1
2026-04-28,600036,14:10:46,39.5500,43,1
2026-04-28,600036,14:10:49,39.5500,95,1
2026-04-28,600036,14:10:52,39.5500,45,2
2026-04-28,600036,14:10:55,39.5500,105,2
2026-04-28,600036,14:10:58,39.5500,53,2
2026-04-28,600036,14:11:01,39.5600,188,1
2026-04-28,600036,14:11:04,39.5600,373,1
2026-04-28,600036,14:11:07,39.5600,80,1
2026-04-28,600036,14:11:10,39.5500,89,2
2026-04-28,600036,14:11:13,39.5700,212,1
2026-04-28,600036,14:11:16,39.5500,81,2
2026-04-28,600036,14:11:19,39.5700,107,1
2026-04-28,600036,14:11:22,39.5600,22,2
2026-04-28,600036,14:11:25,39.5500,105,2
2026-04-28,600036,14:11:28,39.5500,10,2
2026-04-28,600036,14:11:31,39.5500,55,2
2026-04-28,600036,14:11:34,39.5500,80,2
2026-04-28,600036,14:11:37,39.5500,464,2
2026-04-28,600036,14:11:40,39.5400,10,2
2026-04-28,600036,14:11:43,39.5400,1,2
2026-04-28,600036,14:11:46,39.5400,808,2
2026-04-28,600036,14:11:49,39.5400,64,1
2026-04-28,600036,14:11:52,39.5300,27,2
2026-04-28,600036,14:11:55,39.5300,13,2
2026-04-28,600036,14:11:58,39.5300,34,2
2026-04-28,600036,14:12:01,39.5300,54,2
2026-04-28,600036,14:12:04,39.5300,1000,2
2026-04-28,600036,14:12:07,39.5500,487,1
2026-04-28,600036,14:12:10,39.5200,483,2
2026-04-28,600036,14:12:13,39.5300,266,1
2026-04-28,600036,14:12:16,39.5200,13,2
2026-04-28,600036,14:12:19,39.5300,171,1
2026-04-28,600036,14:12:22,39.5300,18,1
2026-04-28,600036,14:12:25,39.5200,28,2
2026-04-28,600036,14:12:28,39.5300,18,1
2026-04-28,600036,14:12:31,39.5300,156,1
2026-04-28,600036,14:12:34,39.5200,86,2
2026-04-28,600036,14:12:37,39.5200,13,2
2026-04-28,600036,14:12:43,39.5300,14,1
2026-04-28,600036,14:12:46,39.5200,214,2
2026-04-28,600036,14:12:49,39.5200,117,1
2026-04-28,600036,14:12:52,39.5200,283,1
2026-04-28,600036,14:12:55,39.5300,90,1
2026-04-28,600036,14:12:58,39.5400,24,1
2026-04-28,600036,14:13:01,39.5300,33,2
2026-04-28,600036,14:13:04,39.5400,56,1
2026-04-28,600036,14:13:07,39.5300,357,2
2026-04-28,600036,14:13:10,39.5300,2,2
2026-04-28,600036,14:13:13,39.5400,16,1
2026-04-28,600036,14:13:16,39.5300,11,2
2026-04-28,600036,14:13:19,39.5400,270,1
2026-04-28,600036,14:13:22,39.5300,15,2
2026-04-28,600036,14:13:28,39.5300,7,2
2026-04-28,600036,14:13:31,39.5300,5,2
2026-04-28,600036,14:13:34,39.5300,2,2
2026-04-28,600036,14:13:37,39.5300,193,2
2026-04-28,600036,14:13:40,39.5200,1256,2
2026-04-28,600036,14:13:43,39.5200,24,2
2026-04-28,600036,14:13:46,39.5300,17,1
2026-04-28,600036,14:13:49,39.5200,7,2
2026-04-28,600036,14:13:52,39.5300,32,1
2026-04-28,600036,14:13:55,39.5200,228,2
2026-04-28,600036,14:13:58,39.5200,21,2
2026-04-28,600036,14:14:01,39.5300,24,1
2026-04-28,600036,14:14:04,39.5300,47,1
2026-04-28,600036,14:14:07,39.5200,97,2
2026-04-28,600036,14:14:10,39.5200,26,2
2026-04-28,600036,14:14:13,39.5200,32,2
2026-04-28,600036,14:14:16,39.5200,269,2
2026-04-28,600036,14:14:19,39.5200,4,2
2026-04-28,600036,14:14:22,39.5200,285,2
2026-04-28,600036,14:14:25,39.5200,2,1
2026-04-28,600036,14:14:28,39.5100,74,2
2026-04-28,600036,14:14:31,39.5200,20,1
2026-04-28,600036,14:14:34,39.5200,318,1
2026-04-28,600036,14:14:37,39.5300,49,1
2026-04-28,600036,14:14:40,39.5200,122,2
2026-04-28,600036,14:14:43,39.5200,295,2
2026-04-28,600036,14:14:46,39.5300,206,1
2026-04-28,600036,14:14:49,39.5300,10,1
2026-04-28,600036,14:14:52,39.5300,25,1
2026-04-28,600036,14:14:55,39.5200,10,2
2026-04-28,600036,14:14:58,39.5300,188,1
2026-04-28,600036,14:15:01,39.5300,81,1
2026-04-28,600036,14:15:04,39.5200,270,2
2026-04-28,600036,14:15:07,39.5400,574,1
2026-04-28,600036,14:15:10,39.5400,11,2
2026-04-28,600036,14:15:13,39.5500,23,1
2026-04-28,600036,14:15:16,39.5400,33,2
2026-04-28,600036,14:15:19,39.5500,524,1
2026-04-28,600036,14:15:22,39.5500,17,1
2026-04-28,600036,14:15:25,39.5500,536,1
2026-04-28,600036,14:15:28,39.5400,104,2
2026-04-28,600036,14:15:31,39.5400,32,2
2026-04-28,600036,14:15:34,39.5300,198,2
2026-04-28,600036,14:15:37,39.5300,63,2
2026-04-28,600036,14:15:40,39.5300,56,2
2026-04-28,600036,14:15:43,39.5300,62,2
2026-04-28,600036,14:15:46,39.5300,79,2
2026-04-28,600036,14:15:49,39.5300,65,2
2026-04-28,600036,14:15:52,39.5300,377,2
2026-04-28,600036,14:15:55,39.5300,1,1
2026-04-28,600036,14:15:58,39.5200,88,2
2026-04-28,600036,14:16:01,39.5200,140,2
2026-04-28,600036,14:16:04,39.5200,87,2
2026-04-28,600036,14:16:07,39.5200,455,1
2026-04-28,600036,14:16:10,39.5100,7,2
2026-04-28,600036,14:16:13,39.5200,39,1
2026-04-28,600036,14:16:16,39.5100,28,2
2026-04-28,600036,14:16:19,39.5100,109,2
2026-04-28,600036,14:16:22,39.5100,59,2
2026-04-28,600036,14:16:25,39.5100,77,2
2026-04-28,600036,14:16:28,39.5100,31,2
2026-04-28,600036,14:16:31,39.5100,15,2
2026-04-28,600036,14:16:34,39.5100,56,2
2026-04-28,600036,14:16:37,39.5100,69,1
2026-04-28,600036,14:16:40,39.5100,259,2
2026-04-28,600036,14:16:43,39.5100,6,2
2026-04-28,600036,14:16:46,39.5200,5,1
2026-04-28,600036,14:16:49,39.5100,10,2
2026-04-28,600036,14:16:52,39.5100,64,2
2026-04-28,600036,14:16:55,39.5200,326,1
2026-04-28,600036,14:16:58,39.5200,68,4
2026-04-28,600036,14:17:01,39.5100,153,2
2026-04-28,600036,14:17:04,39.5100,108,2
2026-04-28,600036,14:17:07,39.5100,39,2
2026-04-28,600036,14:17:10,39.5100,6,1
2026-04-28,600036,14:17:13,39.5000,278,2
2026-04-28,600036,14:17:16,39.5000,39,2
2026-04-28,600036,14:17:19,39.5100,62,1
2026-04-28,600036,14:17:22,39.5200,61,1
2026-04-28,600036,14:17:25,39.5000,3,2
2026-04-28,600036,14:17:28,39.5000,201,2
2026-04-28,600036,14:17:31,39.5100,608,1
2026-04-28,600036,14:17:34,39.5000,433,2
2026-04-28,600036,14:17:37,39.5000,33,2
2026-04-28,600036,14:17:40,39.5000,11,2
2026-04-28,600036,14:17:43,39.5000,16,2
2026-04-28,600036,14:17:46,39.5000,41,2
2026-04-28,600036,14:17:49,39.5000,10,2
2026-04-28,600036,14:17:52,39.5100,1,1
2026-04-28,600036,14:17:55,39.5100,96,1
2026-04-28,600036,14:17:58,39.5200,153,1
2026-04-28,600036,14:18:01,39.5100,60,2
2026-04-28,600036,14:18:04,39.5200,254,1
2026-04-28,600036,14:18:07,39.5300,78,1
2026-04-28,600036,14:18:10,39.5200,4,2
2026-04-28,600036,14:18:13,39.5300,24,1
2026-04-28,600036,14:18:16,39.5200,780,2
2026-04-28,600036,14:18:19,39.5000,125,2
2026-04-28,600036,14:18:22,39.5200,2,1
2026-04-28,600036,14:18:25,39.5000,145,2
2026-04-28,600036,14:18:28,39.5100,5,1
2026-04-28,600036,14:18:31,39.5100,11,1
2026-04-28,600036,14:18:34,39.5100,15,1
2026-04-28,600036,14:18:37,39.5000,109,2
2026-04-28,600036,14:18:40,39.5000,45,2
2026-04-28,600036,14:18:43,39.5000,54,2
2026-04-28,600036,14:18:46,39.5000,59,2
2026-04-28,600036,14:18:49,39.5000,32,2
2026-04-28,600036,14:18:52,39.5000,205,2
2026-04-28,600036,14:18:55,39.5000,56,2
2026-04-28,600036,14:18:58,39.5000,20,2
2026-04-28,600036,14:19:01,39.5000,41,2
2026-04-28,600036,14:19:04,39.5100,114,1
2026-04-28,600036,14:19:07,39.5100,14,2
2026-04-28,600036,14:19:10,39.5000,126,2
2026-04-28,600036,14:19:13,39.5100,31,1
2026-04-28,600036,14:19:16,39.5000,1,2
2026-04-28,600036,14:19:19,39.5000,9,2
2026-04-28,600036,14:19:22,39.4900,110,2
2026-04-28,600036,14:19:25,39.4900,62,2
2026-04-28,600036,14:19:28,39.4900,55,2
2026-04-28,600036,14:19:31,39.4900,62,2
2026-04-28,600036,14:19:34,39.4900,90,2
2026-04-28,600036,14:19:37,39.4800,31,2
2026-04-28,600036,14:19:40,39.4800,3,2
2026-04-28,600036,14:19:43,39.4800,140,2
2026-04-28,600036,14:19:46,39.4900,776,1
2026-04-28,600036,14:19:49,39.5100,70,1
2026-04-28,600036,14:19:52,39.5000,13,2
2026-04-28,600036,14:19:55,39.5100,11,1
2026-04-28,600036,14:19:58,39.5000,116,2
2026-04-28,600036,14:20:01,39.5000,52,1
2026-04-28,600036,14:20:04,39.4900,9,2
2026-04-28,600036,14:20:07,39.4800,124,2
2026-04-28,600036,14:20:10,39.4900,33,4
2026-04-28,600036,14:20:13,39.4900,24,2
2026-04-28,600036,14:20:16,39.4900,227,1
2026-04-28,600036,14:20:19,39.4800,177,2
2026-04-28,600036,14:20:22,39.4900,72,1
2026-04-28,600036,14:20:25,39.4800,41,2
2026-04-28,600036,14:20:28,39.4800,34,2
2026-04-28,600036,14:20:31,39.4800,38,2
2026-04-28,600036,14:20:34,39.4800,231,2
2026-04-28,600036,14:20:37,39.4900,143,1
2026-04-28,600036,14:20:40,39.4900,18,2
2026-04-28,600036,14:20:43,39.4900,15,2
2026-04-28,600036,14:20:46,39.5000,699,1
2026-04-28,600036,14:20:49,39.5000,386,2
2026-04-28,600036,14:20:52,39.5000,28,1
2026-04-28,600036,14:20:55,39.5000,6,1
2026-04-28,600036,14:20:58,39.5000,14,1
2026-04-28,600036,14:21:01,39.5000,16,1
2026-04-28,600036,14:21:04,39.5000,179,1
2026-04-28,600036,14:21:07,39.5000,161,2
2026-04-28,600036,14:21:10,39.5000,178,2
2026-04-28,600036,14:21:13,39.5000,25,2
2026-04-28,600036,14:21:16,39.5100,30,1
2026-04-28,600036,14:21:19,39.5100,5,1
2026-04-28,600036,14:21:22,39.5100,154,1
2026-04-28,600036,14:21:25,39.5100,189,1
2026-04-28,600036,14:21:28,39.5100,9,1
2026-04-28,600036,14:21:31,39.5100,44,1
2026-04-28,600036,14:21:34,39.5100,108,1
2026-04-28,600036,14:21:37,39.5100,168,1
2026-04-28,600036,14:21:40,39.5100,229,1
2026-04-28,600036,14:21:43,39.5100,7,1
2026-04-28,600036,14:21:46,39.5000,15,2
2026-04-28,600036,14:21:49,39.5100,73,1
2026-04-28,600036,14:21:52,39.5100,163,1
2026-04-28,600036,14:21:55,39.5000,108,2
2026-04-28,600036,14:21:58,39.5000,5,2
2026-04-28,600036,14:22:01,39.5000,32,2
2026-04-28,600036,14:22:04,39.5000,60,2
2026-04-28,600036,14:22:07,39.5000,31,2
2026-04-28,600036,14:22:10,39.5000,3,2
2026-04-28,600036,14:22:13,39.5000,115,2
2026-04-28,600036,14:22:16,39.5000,68,2
2026-04-28,600036,14:22:19,39.5100,277,1
2026-04-28,600036,14:22:22,39.5100,8,1
2026-04-28,600036,14:22:25,39.5000,1,2
2026-04-28,600036,14:22:28,39.5000,1,2
2026-04-28,600036,14:22:31,39.5000,246,2
2026-04-28,600036,14:22:34,39.5000,91,2
2026-04-28,600036,14:22:37,39.5000,1,2
2026-04-28,600036,14:22:40,39.5000,20,2
2026-04-28,600036,14:22:43,39.5000,13,2
2026-04-28,600036,14:22:46,39.5000,301,2
2026-04-28,600036,14:22:49,39.5000,34,2
2026-04-28,600036,14:22:52,39.5000,79,2
2026-04-28,600036,14:22:55,39.5000,270,2
2026-04-28,600036,14:22:58,39.4900,161,2
2026-04-28,600036,14:23:01,39.4800,37,2
2026-04-28,600036,14:23:04,39.4800,125,2
2026-04-28,600036,14:23:07,39.4800,179,2
2026-04-28,600036,14:23:10,39.4900,7,1
2026-04-28,600036,14:23:13,39.4900,3,1
2026-04-28,600036,14:23:16,39.4800,6,2
2026-04-28,600036,14:23:19,39.4800,34,2
2026-04-28,600036,14:23:22,39.4800,2,2
2026-04-28,600036,14:23:25,39.5000,348,1
2026-04-28,600036,14:23:28,39.5000,19,2
2026-04-28,600036,14:23:31,39.5000,28,2
2026-04-28,600036,14:23:34,39.5000,34,2
2026-04-28,600036,14:23:37,39.5100,312,1
2026-04-28,600036,14:23:40,39.5000,56,2
2026-04-28,600036,14:23:43,39.5000,18,2
2026-04-28,600036,14:23:46,39.5000,143,2
2026-04-28,600036,14:23:49,39.5100,2,1
2026-04-28,600036,14:23:52,39.5000,221,2
2026-04-28,600036,14:23:55,39.5100,13,1
2026-04-28,600036,14:23:58,39.5000,53,2
2026-04-28,600036,14:24:01,39.5000,1,2
2026-04-28,600036,14:24:04,39.5100,2,1
2026-04-28,600036,14:24:07,39.5100,83,1
2026-04-28,600036,14:24:10,39.5100,462,1
2026-04-28,600036,14:24:13,39.5100,40,2
2026-04-28,600036,14:24:16,39.5200,3177,1
2026-04-28,600036,14:24:19,39.4900,202,2
2026-04-28,600036,14:24:22,39.4900,226,2
2026-04-28,600036,14:24:25,39.5000,113,1
2026-04-28,600036,14:24:28,39.5000,11,1
2026-04-28,600036,14:24:31,39.4900,3,2
2026-04-28,600036,14:24:34,39.5000,5,1
2026-04-28,600036,14:24:37,39.5000,10,1
2026-04-28,600036,14:24:40,39.5000,44,1
2026-04-28,600036,14:24:43,39.4900,40,2
2026-04-28,600036,14:24:46,39.4900,32,2
2026-04-28,600036,14:24:49,39.4900,31,2
2026-04-28,600036,14:24:52,39.4900,2,2
2026-04-28,600036,14:24:55,39.4900,45,2
2026-04-28,600036,14:24:58,39.5000,10,1
2026-04-28,600036,14:25:01,39.4900,10,2
2026-04-28,600036,14:25:04,39.5000,2,1
2026-04-28,600036,14:25:07,39.5100,204,1
2026-04-28,600036,14:25:10,39.5000,175,2
2026-04-28,600036,14:25:13,39.5000,262,2
2026-04-28,600036,14:25:16,39.5000,155,2
2026-04-28,600036,14:25:19,39.5000,88,2
2026-04-28,600036,14:25:22,39.5000,15,2
2026-04-28,600036,14:25:25,39.5000,48,2
2026-04-28,600036,14:25:28,39.5000,25,2
2026-04-28,600036,14:25:31,39.5100,149,1
2026-04-28,600036,14:25:34,39.5000,255,2
2026-04-28,600036,14:25:37,39.5000,48,2
2026-04-28,600036,14:25:40,39.5100,7,1
2026-04-28,600036,14:25:43,39.5100,12,1
2026-04-28,600036,14:25:46,39.5100,27,1
2026-04-28,600036,14:25:49,39.5000,228,2
2026-04-28,600036,14:25:52,39.5000,126,2
2026-04-28,600036,14:25:55,39.5000,2,2
2026-04-28,600036,14:25:58,39.5100,33,1
2026-04-28,600036,14:26:01,39.5000,76,2
2026-04-28,600036,14:26:04,39.5000,21,2
2026-04-28,600036,14:26:07,39.5000,258,2
2026-04-28,600036,14:26:10,39.5000,14,2
2026-04-28,600036,14:26:13,39.5000,4,2
2026-04-28,600036,14:26:16,39.5000,24,2
2026-04-28,600036,14:26:19,39.5000,170,2
2026-04-28,600036,14:26:22,39.5000,281,2
2026-04-28,600036,14:26:25,39.4900,162,2
2026-04-28,600036,14:26:28,39.4900,82,2
2026-04-28,600036,14:26:31,39.4900,20,2
2026-04-28,600036,14:26:34,39.5000,7,1
2026-04-28,600036,14:26:37,39.4900,18,2
2026-04-28,600036,14:26:40,39.4900,136,2
2026-04-28,600036,14:26:43,39.4900,5,2
2026-04-28,600036,14:26:46,39.5000,437,1
2026-04-28,600036,14:26:49,39.4900,186,2
2026-04-28,600036,14:26:52,39.5000,40,1
2026-04-28,600036,14:26:55,39.4900,126,2
2026-04-28,600036,14:26:58,39.5000,148,1
2026-04-28,600036,14:27:01,39.4900,32,2
2026-04-28,600036,14:27:04,39.5000,48,1
2026-04-28,600036,14:27:07,39.4900,41,2
2026-04-28,600036,14:27:10,39.4900,119,2
2026-04-28,600036,14:27:13,39.5000,194,1
2026-04-28,600036,14:27:16,39.4900,70,2
2026-04-28,600036,14:27:19,39.4800,524,2
2026-04-28,600036,14:27:22,39.4800,6,2
2026-04-28,600036,14:27:25,39.4800,169,2
2026-04-28,600036,14:27:28,39.4700,74,2
2026-04-28,600036,14:27:31,39.4800,98,1
2026-04-28,600036,14:27:34,39.4800,120,1
2026-04-28,600036,14:27:40,39.4700,64,2
2026-04-28,600036,14:27:43,39.4700,92,2
2026-04-28,600036,14:27:46,39.4600,90,2
2026-04-28,600036,14:27:49,39.4700,38,1
2026-04-28,600036,14:27:52,39.4700,30,2
2026-04-28,600036,14:27:55,39.4800,21,1
2026-04-28,600036,14:27:58,39.4700,154,2
2026-04-28,600036,14:28:01,39.4700,17,2
2026-04-28,600036,14:28:04,39.4700,64,2
2026-04-28,600036,14:28:07,39.4700,31,2
2026-04-28,600036,14:28:10,39.4700,46,2
2026-04-28,600036,14:28:13,39.4700,25,2
2026-04-28,600036,14:28:16,39.4700,5,2
2026-04-28,600036,14:28:19,39.4700,115,2
2026-04-28,600036,14:28:22,39.4600,67,2
2026-04-28,600036,14:28:25,39.4700,24,4
2026-04-28,600036,14:28:28,39.4700,6,1
2026-04-28,600036,14:28:31,39.4700,33,1
2026-04-28,600036,14:28:34,39.4700,28,2
2026-04-28,600036,14:28:37,39.4700,233,2
2026-04-28,600036,14:28:40,39.4700,65,2
2026-04-28,600036,14:28:43,39.4800,132,1
2026-04-28,600036,14:28:46,39.4700,52,2
2026-04-28,600036,14:28:49,39.4800,384,1
2026-04-28,600036,14:28:52,39.4700,142,2
2026-04-28,600036,14:28:55,39.4800,47,1
2026-04-28,600036,14:28:58,39.4800,53,2
2026-04-28,600036,14:29:01,39.4800,17,2
2026-04-28,600036,14:29:04,39.4800,42,2
2026-04-28,600036,14:29:07,39.4800,34,2
2026-04-28,600036,14:29:10,39.4800,1,1
2026-04-28,600036,14:29:13,39.4800,88,1
2026-04-28,600036,14:29:16,39.4900,73,1
2026-04-28,600036,14:29:19,39.4800,165,2
2026-04-28,600036,14:29:22,39.4800,48,1
2026-04-28,600036,14:29:25,39.4800,36,1
2026-04-28,600036,14:29:28,39.4700,24,2
2026-04-28,600036,14:29:31,39.4800,52,1
2026-04-28,600036,14:29:34,39.4800,37,1
2026-04-28,600036,14:29:37,39.4700,50,2
2026-04-28,600036,14:29:40,39.4700,29,2
2026-04-28,600036,14:29:43,39.4700,77,2
2026-04-28,600036,14:29:46,39.4700,74,2
2026-04-28,600036,14:29:49,39.4700,25,2
2026-04-28,600036,14:29:52,39.4700,59,2
2026-04-28,600036,14:29:55,39.4800,29,1
2026-04-28,600036,14:29:58,39.4800,28,1
2026-04-28,600036,14:30:01,39.4700,111,2
2026-04-28,600036,14:30:04,39.4700,70,2
2026-04-28,600036,14:30:07,39.4800,85,1
2026-04-28,600036,14:30:10,39.4900,170,1
2026-04-28,600036,14:30:13,39.4800,13,2
2026-04-28,600036,14:30:16,39.4700,17,2
2026-04-28,600036,14:30:19,39.4800,72,1
2026-04-28,600036,14:30:22,39.4900,33,1
2026-04-28,600036,14:30:25,39.4900,4,1
2026-04-28,600036,14:30:28,39.4900,56,1
2026-04-28,600036,14:30:31,39.4800,179,2
2026-04-28,600036,14:30:34,39.4800,41,2
2026-04-28,600036,14:30:37,39.4900,65,1
2026-04-28,600036,14:30:40,39.4900,32,1
2026-04-28,600036,14:30:43,39.4900,25,1
2026-04-28,600036,14:30:46,39.4800,2,2
2026-04-28,600036,14:30:49,39.4900,62,1
2026-04-28,600036,14:30:52,39.5000,724,1
2026-04-28,600036,14:30:55,39.5000,471,2
2026-04-28,600036,14:30:58,39.5000,279,2
2026-04-28,600036,14:31:01,39.5100,21,1
2026-04-28,600036,14:31:04,39.5100,163,1
2026-04-28,600036,14:31:07,39.5000,22,2
2026-04-28,600036,14:31:10,39.5000,120,2
2026-04-28,600036,14:31:13,39.5000,13,2
2026-04-28,600036,14:31:16,39.5100,65,1
2026-04-28,600036,14:31:19,39.5000,279,2
2026-04-28,600036,14:31:22,39.5000,19,2
2026-04-28,600036,14:31:25,39.5000,20,2
2026-04-28,600036,14:31:28,39.5100,31,1
2026-04-28,600036,14:31:31,39.5100,40,1
2026-04-28,600036,14:31:34,39.5000,25,2
2026-04-28,600036,14:31:37,39.5000,16,2
2026-04-28,600036,14:31:40,39.5000,6,2
2026-04-28,600036,14:31:43,39.5100,44,1
2026-04-28,600036,14:31:46,39.5000,8,2
2026-04-28,600036,14:31:49,39.5000,19,2
2026-04-28,600036,14:31:52,39.5000,6,2
2026-04-28,600036,14:31:55,39.5100,124,1
2026-04-28,600036,14:31:58,39.5000,235,2
2026-04-28,600036,14:32:01,39.5100,46,1
2026-04-28,600036,14:32:04,39.5300,1046,1
2026-04-28,600036,14:32:07,39.5300,237,1
2026-04-28,600036,14:32:10,39.5300,9,1
2026-04-28,600036,14:32:13,39.5400,19,1
2026-04-28,600036,14:32:16,39.5400,156,1
2026-04-28,600036,14:32:19,39.5300,150,2
2026-04-28,600036,14:32:22,39.5400,6,1
2026-04-28,600036,14:32:25,39.5300,55,2
2026-04-28,600036,14:32:28,39.5300,116,2
2026-04-28,600036,14:32:31,39.5200,632,2
2026-04-28,600036,14:32:34,39.5200,38,2
2026-04-28,600036,14:32:37,39.5200,36,2
2026-04-28,600036,14:32:40,39.5200,92,2
2026-04-28,600036,14:32:43,39.5300,1,1
2026-04-28,600036,14:32:46,39.5200,20,2
2026-04-28,600036,14:32:49,39.5200,3,2
2026-04-28,600036,14:32:52,39.5200,29,2
2026-04-28,600036,14:32:55,39.5200,12,2
2026-04-28,600036,14:33:01,39.5200,5,2
2026-04-28,600036,14:33:04,39.5200,45,2
2026-04-28,600036,14:33:07,39.5200,7,2
2026-04-28,600036,14:33:10,39.5300,5,1
2026-04-28,600036,14:33:13,39.5200,115,2
2026-04-28,600036,14:33:16,39.5300,81,1
2026-04-28,600036,14:33:19,39.5300,173,1
2026-04-28,600036,14:33:22,39.5300,92,1
2026-04-28,600036,14:33:25,39.5300,16,1
2026-04-28,600036,14:33:28,39.5300,2,1
2026-04-28,600036,14:33:31,39.5200,3,2
2026-04-28,600036,14:33:34,39.5200,13,2
2026-04-28,600036,14:33:37,39.5200,612,2
2026-04-28,600036,14:33:40,39.5300,26,1
2026-04-28,600036,14:33:43,39.5300,78,2
2026-04-28,600036,14:33:46,39.5400,214,1
2026-04-28,600036,14:33:49,39.5400,112,1
2026-04-28,600036,14:33:52,39.5400,437,1
2026-04-28,600036,14:33:55,39.5300,15,2
2026-04-28,600036,14:33:58,39.5300,16,2
2026-04-28,600036,14:34:01,39.5300,124,2
2026-04-28,600036,14:34:04,39.5300,74,2
2026-04-28,600036,14:34:07,39.5400,8,1
2026-04-28,600036,14:34:10,39.5300,29,2
2026-04-28,600036,14:34:13,39.5200,158,2
2026-04-28,600036,14:34:16,39.5300,26,1
2026-04-28,600036,14:34:19,39.5300,50,1
2026-04-28,600036,14:34:22,39.5200,6,2
2026-04-28,600036,14:34:25,39.5300,53,1
2026-04-28,600036,14:34:28,39.5300,30,2
2026-04-28,600036,14:34:31,39.5300,34,2
2026-04-28,600036,14:34:34,39.5300,19,2
2026-04-28,600036,14:34:37,39.5300,22,1
2026-04-28,600036,14:34:40,39.5300,52,1
2026-04-28,600036,14:34:43,39.5300,17,1
2026-04-28,600036,14:34:46,39.5300,125,1
2026-04-28,600036,14:34:49,39.5300,80,1
2026-04-28,600036,14:34:52,39.5400,82,1
2026-04-28,600036,14:34:55,39.5300,44,2
2026-04-28,600036,14:34:58,39.5400,20,1
2026-04-28,600036,14:35:01,39.5400,252,1
2026-04-28,600036,14:35:04,39.5400,158,1
2026-04-28,600036,14:35:07,39.5400,236,1
2026-04-28,600036,14:35:10,39.5400,101,1
2026-04-28,600036,14:35:13,39.5400,91,2
2026-04-28,600036,14:35:16,39.5400,460,1
2026-04-28,600036,14:35:19,39.5300,47,2
2026-04-28,600036,14:35:22,39.5300,113,2
2026-04-28,600036,14:35:25,39.5400,21,1
2026-04-28,600036,14:35:28,39.5400,6,1
2026-04-28,600036,14:35:31,39.5300,104,2
2026-04-28,600036,14:35:34,39.5300,2,2
2026-04-28,600036,14:35:37,39.5400,465,1
2026-04-28,600036,14:35:40,39.5300,6,2
2026-04-28,600036,14:35:43,39.5300,14,2
2026-04-28,600036,14:35:46,39.5300,166,2
2026-04-28,600036,14:35:49,39.5300,13,2
2026-04-28,600036,14:35:52,39.5300,16,2
2026-04-28,600036,14:35:55,39.5400,7,1
2026-04-28,600036,14:35:58,39.5400,37,1
2026-04-28,600036,14:36:01,39.5300,3,2
2026-04-28,600036,14:36:04,39.5300,7,2
2026-04-28,600036,14:36:07,39.5300,42,2
2026-04-28,600036,14:36:10,39.5300,38,2
2026-04-28,600036,14:36:13,39.5400,35,1
2026-04-28,600036,14:36:16,39.5300,10,2
2026-04-28,600036,14:36:19,39.5300,2,2
2026-04-28,600036,14:36:22,39.5300,26,2
2026-04-28,600036,14:36:25,39.5400,9,1
2026-04-28,600036,14:36:28,39.5400,141,1
2026-04-28,600036,14:36:31,39.5300,16,2
2026-04-28,600036,14:36:34,39.5400,10,1
2026-04-28,600036,14:36:37,39.5400,5,1
2026-04-28,600036,14:36:40,39.5400,17,1
2026-04-28,600036,14:36:43,39.5400,1,1
2026-04-28,600036,14:36:46,39.5300,13,2
2026-04-28,600036,14:36:49,39.5400,39,1
2026-04-28,600036,14:36:52,39.5300,206,2
2026-04-28,600036,14:36:55,39.5400,54,1
2026-04-28,600036,14:36:58,39.5300,93,2
2026-04-28,600036,14:37:01,39.5300,37,2
2026-04-28,600036,14:37:04,39.5300,7,2
2026-04-28,600036,14:37:07,39.5300,36,2
2026-04-28,600036,14:37:10,39.5300,283,2
2026-04-28,600036,14:37:13,39.5300,110,2
2026-04-28,600036,14:37:16,39.5300,25,4
2026-04-28,600036,14:37:19,39.5300,83,4
2026-04-28,600036,14:37:22,39.5300,33,4
2026-04-28,600036,14:37:25,39.5200,135,2
2026-04-28,600036,14:37:28,39.5200,18,2
2026-04-28,600036,14:37:31,39.5200,44,2
2026-04-28,600036,14:37:34,39.5200,549,2
2026-04-28,600036,14:37:37,39.5300,18,1
2026-04-28,600036,14:37:40,39.5300,19,2
2026-04-28,600036,14:37:43,39.5300,31,2
2026-04-28,600036,14:37:46,39.5300,33,2
2026-04-28,600036,14:37:49,39.5400,26,1
2026-04-28,600036,14:37:52,39.5300,5,2
2026-04-28,600036,14:37:55,39.5300,66,2
2026-04-28,600036,14:37:58,39.5300,6,2
2026-04-28,600036,14:38:01,39.5400,73,1
2026-04-28,600036,14:38:04,39.5300,231,2
2026-04-28,600036,14:38:07,39.5400,208,1
2026-04-28,600036,14:38:10,39.5400,4289,1
2026-04-28,600036,14:38:13,39.5500,228,4
2026-04-28,600036,14:38:16,39.5400,207,2
2026-04-28,600036,14:38:19,39.5500,47,1
2026-04-28,600036,14:38:22,39.5400,23,2
2026-04-28,600036,14:38:25,39.5400,132,2
2026-04-28,600036,14:38:28,39.5500,231,1
2026-04-28,600036,14:38:31,39.5500,27,1
2026-04-28,600036,14:38:34,39.5500,24,1
2026-04-28,600036,14:38:37,39.5500,346,1
2026-04-28,600036,14:38:40,39.5500,41,1
2026-04-28,600036,14:38:43,39.5500,27,1
2026-04-28,600036,14:38:46,39.5500,78,1
2026-04-28,600036,14:38:49,39.5500,47,1
2026-04-28,600036,14:38:52,39.5400,24,2
2026-04-28,600036,14:38:55,39.5500,3,1
2026-04-28,600036,14:38:58,39.5500,17,1
2026-04-28,600036,14:39:01,39.5400,2065,2
2026-04-28,600036,14:39:04,39.5400,11,2
2026-04-28,600036,14:39:07,39.5500,33,1
2026-04-28,600036,14:39:10,39.5400,13,2
2026-04-28,600036,14:39:13,39.5400,22,2
2026-04-28,600036,14:39:16,39.5600,315,1
2026-04-28,600036,14:39:19,39.5500,21,2
2026-04-28,600036,14:39:22,39.5500,30,2
2026-04-28,600036,14:39:25,39.5500,125,2
2026-04-28,600036,14:39:28,39.5600,10,1
2026-04-28,600036,14:39:31,39.5500,13,2
2026-04-28,600036,14:39:34,39.5500,21,2
2026-04-28,600036,14:39:37,39.5600,7,1
2026-04-28,600036,14:39:40,39.5500,64,2
2026-04-28,600036,14:39:46,39.5500,76,2
2026-04-28,600036,14:39:49,39.5500,12,2
2026-04-28,600036,14:39:52,39.5500,51,2
2026-04-28,600036,14:39:55,39.5500,96,2
2026-04-28,600036,14:39:58,39.5600,27,1
2026-04-28,600036,14:40:01,39.5500,20,2
2026-04-28,600036,14:40:04,39.5500,15,2
2026-04-28,600036,14:40:07,39.5600,119,1
2026-04-28,600036,14:40:10,39.5600,139,1
2026-04-28,600036,14:40:13,39.5500,37,2
2026-04-28,600036,14:40:16,39.5600,862,1
2026-04-28,600036,14:40:19,39.5700,67,1
2026-04-28,600036,14:40:22,39.5700,50,1
2026-04-28,600036,14:40:25,39.5700,31,1
2026-04-28,600036,14:40:28,39.5600,2,2
2026-04-28,600036,14:40:31,39.5600,29,2
2026-04-28,600036,14:40:34,39.5600,16,2
2026-04-28,600036,14:40:37,39.5700,24,1
2026-04-28,600036,14:40:40,39.5600,8,2
2026-04-28,600036,14:40:43,39.5600,161,2
2026-04-28,600036,14:40:46,39.5600,75,2
2026-04-28,600036,14:40:49,39.5600,22,2
2026-04-28,600036,14:40:52,39.5600,32,2
2026-04-28,600036,14:40:55,39.5600,105,2
2026-04-28,600036,14:40:58,39.5700,97,1
2026-04-28,600036,14:41:01,39.5700,12,1
2026-04-28,600036,14:41:04,39.5700,8,1
2026-04-28,600036,14:41:07,39.5700,68,1
2026-04-28,600036,14:41:10,39.5700,27,1
2026-04-28,600036,14:41:13,39.5700,71,1
2026-04-28,600036,14:41:16,39.5700,14,1
2026-04-28,600036,14:41:19,39.5700,1686,1
2026-04-28,600036,14:41:22,39.5700,146,1
2026-04-28,600036,14:41:25,39.5700,76,2
2026-04-28,600036,14:41:28,39.5800,64,1
2026-04-28,600036,14:41:31,39.5800,97,1
2026-04-28,600036,14:41:34,39.5800,81,1
2026-04-28,600036,14:41:37,39.5800,116,1
2026-04-28,600036,14:41:40,39.5700,124,2
2026-04-28,600036,14:41:43,39.5800,58,1
2026-04-28,600036,14:41:49,39.5700,54,2
2026-04-28,600036,14:41:52,39.5700,7,2
2026-04-28,600036,14:41:55,39.5700,46,2
2026-04-28,600036,14:41:58,39.5800,74,1
2026-04-28,600036,14:42:01,39.5700,16,2
2026-04-28,600036,14:42:04,39.5800,240,1
2026-04-28,600036,14:42:07,39.5700,450,2
2026-04-28,600036,14:42:10,39.5700,85,2
2026-04-28,600036,14:42:13,39.5700,91,2
2026-04-28,600036,14:42:16,39.5700,23,2
2026-04-28,600036,14:42:19,39.5800,46,1
2026-04-28,600036,14:42:22,39.5700,42,2
2026-04-28,600036,14:42:25,39.5700,40,2
2026-04-28,600036,14:42:28,39.5700,220,2
2026-04-28,600036,14:42:31,39.5700,265,2
2026-04-28,600036,14:42:34,39.5700,110,2
2026-04-28,600036,14:42:37,39.5700,161,2
2026-04-28,600036,14:42:40,39.5700,55,4
2026-04-28,600036,14:42:43,39.5700,296,1
2026-04-28,600036,14:42:46,39.5700,30,1
2026-04-28,600036,14:42:49,39.5600,24,2
2026-04-28,600036,14:42:52,39.5700,338,1
2026-04-28,600036,14:42:55,39.5700,44,1
2026-04-28,600036,14:42:58,39.5700,146,1
2026-04-28,600036,14:43:01,39.5700,353,1
2026-04-28,600036,14:43:04,39.5800,28,1
2026-04-28,600036,14:43:07,39.5800,3275,1
2026-04-28,600036,14:43:10,39.5800,184,1
2026-04-28,600036,14:43:13,39.6000,639,1
2026-04-28,600036,14:43:16,39.5800,41,2
2026-04-28,600036,14:43:19,39.5800,866,2
2026-04-28,600036,14:43:22,39.5900,29,1
2026-04-28,600036,14:43:25,39.5900,495,1
2026-04-28,600036,14:43:28,39.5800,1310,2
2026-04-28,600036,14:43:31,39.5900,89,2
2026-04-28,600036,14:43:34,39.5900,307,2
2026-04-28,600036,14:43:37,39.5900,1364,2
2026-04-28,600036,14:43:40,39.6000,206,1
2026-04-28,600036,14:43:43,39.5900,116,2
2026-04-28,600036,14:43:46,39.6000,596,1
2026-04-28,600036,14:43:49,39.6200,380,1
2026-04-28,600036,14:43:52,39.6000,71,2
2026-04-28,600036,14:43:55,39.6100,271,1
2026-04-28,600036,14:43:58,39.6100,114,1
2026-04-28,600036,14:44:01,39.6000,29,2
2026-04-28,600036,14:44:04,39.6000,8,2
2026-04-28,600036,14:44:07,39.6100,173,1
2026-04-28,600036,14:44:10,39.6100,61,2
2026-04-28,600036,14:44:13,39.6000,95,2
2026-04-28,600036,14:44:16,39.6200,290,1
2026-04-28,600036,14:44:19,39.6100,35,1
2026-04-28,600036,14:44:22,39.6000,35,2
2026-04-28,600036,14:44:25,39.6100,146,1
2026-04-28,600036,14:44:28,39.6100,132,1
2026-04-28,600036,14:44:31,39.6200,53,1
2026-04-28,600036,14:44:34,39.6100,92,2
2026-04-28,600036,14:44:37,39.6200,172,1
2026-04-28,600036,14:44:40,39.6200,150,1
2026-04-28,600036,14:44:43,39.6100,445,2
2026-04-28,600036,14:44:46,39.6100,76,2
2026-04-28,600036,14:44:49,39.6100,16,1
2026-04-28,600036,14:44:52,39.6000,448,2
2026-04-28,600036,14:44:55,39.6100,160,1
2026-04-28,600036,14:44:58,39.6100,43,1
2026-04-28,600036,14:45:01,39.5900,72,2
2026-04-28,600036,14:45:04,39.6000,224,1
2026-04-28,600036,14:45:07,39.5900,54,2
2026-04-28,600036,14:45:10,39.6000,31,1
2026-04-28,600036,14:45:13,39.5900,4,2
2026-04-28,600036,14:45:16,39.5900,130,2
2026-04-28,600036,14:45:19,39.5900,118,2
2026-04-28,600036,14:45:22,39.5900,111,2
2026-04-28,600036,14:45:25,39.5900,54,2
2026-04-28,600036,14:45:28,39.5900,346,2
2026-04-28,600036,14:45:31,39.6000,112,1
2026-04-28,600036,14:45:34,39.5900,92,2
2026-04-28,600036,14:45:37,39.5900,141,2
2026-04-28,600036,14:45:40,39.5900,55,2
2026-04-28,600036,14:45:43,39.6000,381,1
2026-04-28,600036,14:45:46,39.6000,120,2
2026-04-28,600036,14:45:49,39.5900,1,2
2026-04-28,600036,14:45:52,39.5900,74,2
2026-04-28,600036,14:45:55,39.6000,57,1
2026-04-28,600036,14:45:58,39.5900,162,2
2026-04-28,600036,14:46:01,39.5800,363,2
2026-04-28,600036,14:46:04,39.5900,212,1
2026-04-28,600036,14:46:07,39.5900,61,2
2026-04-28,600036,14:46:10,39.5800,94,2
2026-04-28,600036,14:46:13,39.5800,57,2
2026-04-28,600036,14:46:16,39.5800,23,2
2026-04-28,600036,14:46:19,39.5900,165,1
2026-04-28,600036,14:46:22,39.5900,51,1
2026-04-28,600036,14:46:25,39.5800,66,2
2026-04-28,600036,14:46:28,39.5900,127,1
2026-04-28,600036,14:46:31,39.5900,15,1
2026-04-28,600036,14:46:34,39.5800,101,2
2026-04-28,600036,14:46:37,39.5800,49,2
2026-04-28,600036,14:46:40,39.5800,33,2
2026-04-28,600036,14:46:43,39.5800,247,2
2026-04-28,600036,14:46:46,39.6000,45,1
2026-04-28,600036,14:46:49,39.5900,27,1
2026-04-28,600036,14:46:52,39.5800,114,2
2026-04-28,600036,14:46:55,39.5800,321,2
2026-04-28,600036,14:46:58,39.5900,74,4
2026-04-28,600036,14:47:01,39.5900,54,1
2026-04-28,600036,14:47:04,39.5900,782,2
2026-04-28,600036,14:47:07,39.5900,15,2
2026-04-28,600036,14:47:10,39.5900,272,2
2026-04-28,600036,14:47:13,39.5900,432,1
2026-04-28,600036,14:47:16,39.5900,105,2
2026-04-28,600036,14:47:19,39.5900,15,1
2026-04-28,600036,14:47:22,39.5800,141,2
2026-04-28,600036,14:47:25,39.5800,203,2
2026-04-28,600036,14:47:28,39.5700,11,2
2026-04-28,600036,14:47:31,39.5800,108,1
2026-04-28,600036,14:47:34,39.5800,481,2
2026-04-28,600036,14:47:37,39.5700,25,4
2026-04-28,600036,14:47:40,39.5700,103,1
2026-04-28,600036,14:47:43,39.5700,27,1
2026-04-28,600036,14:47:46,39.5700,148,1
2026-04-28,600036,14:47:49,39.5700,52,1
2026-04-28,600036,14:47:52,39.5600,29,2
2026-04-28,600036,14:47:55,39.5600,76,4
2026-04-28,600036,14:47:58,39.5500,486,2
2026-04-28,600036,14:48:01,39.5400,10,2
2026-04-28,600036,14:48:04,39.5500,5,1
2026-04-28,600036,14:48:07,39.5500,18,1
2026-04-28,600036,14:48:10,39.5400,314,2
2026-04-28,600036,14:48:13,39.5400,8,2
2026-04-28,600036,14:48:16,39.5400,29,2
2026-04-28,600036,14:48:19,39.5400,39,2
2026-04-28,600036,14:48:22,39.5400,192,2
2026-04-28,600036,14:48:25,39.5400,39,1
2026-04-28,600036,14:48:28,39.5400,22,1
2026-04-28,600036,14:48:31,39.5400,20,1
2026-04-28,600036,14:48:34,39.5400,275,1
2026-04-28,600036,14:48:37,39.5400,190,1
2026-04-28,600036,14:48:40,39.5400,87,1
2026-04-28,600036,14:48:43,39.5300,33,2
2026-04-28,600036,14:48:46,39.5300,479,2
2026-04-28,600036,14:48:49,39.5400,7,1
2026-04-28,600036,14:48:52,39.5300,4,2
2026-04-28,600036,14:48:55,39.5300,434,2
2026-04-28,600036,14:48:58,39.5300,33,2
2026-04-28,600036,14:49:01,39.5300,45,2
2026-04-28,600036,14:49:04,39.5300,139,2
2026-04-28,600036,14:49:07,39.5300,83,2
2026-04-28,600036,14:49:10,39.5300,12,2
2026-04-28,600036,14:49:13,39.5300,97,1
2026-04-28,600036,14:49:16,39.5300,366,2
2026-04-28,600036,14:49:19,39.5500,205,1
2026-04-28,600036,14:49:22,39.5400,183,1
2026-04-28,600036,14:49:25,39.5400,107,2
2026-04-28,600036,14:49:28,39.5500,96,1
2026-04-28,600036,14:49:31,39.5300,108,2
2026-04-28,600036,14:49:34,39.5400,64,2
2026-04-28,600036,14:49:37,39.5400,5,1
2026-04-28,600036,14:49:40,39.5400,466,1
2026-04-28,600036,14:49:43,39.5300,18,2
2026-04-28,600036,14:49:46,39.5400,23,1
2026-04-28,600036,14:49:49,39.5300,30,2
2026-04-28,600036,14:49:52,39.5400,264,1
2026-04-28,600036,14:49:55,39.5400,6,2
2026-04-28,600036,14:49:58,39.5400,1,2
2026-04-28,600036,14:50:01,39.5400,21,2
2026-04-28,600036,14:50:04,39.5400,17,1
2026-04-28,600036,14:50:07,39.5400,19,1
2026-04-28,600036,14:50:10,39.5300,196,2
2026-04-28,600036,14:50:13,39.5300,87,2
2026-04-28,600036,14:50:16,39.5500,437,1
2026-04-28,600036,14:50:19,39.5300,97,2
2026-04-28,600036,14:50:22,39.5300,32,2
2026-04-28,600036,14:50:25,39.5300,51,2
2026-04-28,600036,14:50:28,39.5200,104,2
2026-04-28,600036,14:50:34,39.5200,33,2
2026-04-28,600036,14:50:37,39.5300,40,1
2026-04-28,600036,14:50:40,39.5200,678,2
2026-04-28,600036,14:50:43,39.5200,28,1
2026-04-28,600036,14:50:46,39.5200,63,2
2026-04-28,600036,14:50:49,39.5200,21,2
2026-04-28,600036,14:50:52,39.5300,9,1
2026-04-28,600036,14:50:55,39.5300,68,1
2026-04-28,600036,14:50:58,39.5300,11,1
2026-04-28,600036,14:51:01,39.5300,659,1
2026-04-28,600036,14:51:04,39.5200,43,2
2026-04-28,600036,14:51:07,39.5200,190,2
2026-04-28,600036,14:51:10,39.5300,204,1
2026-04-28,600036,14:51:13,39.5200,185,2
2026-04-28,600036,14:51:16,39.5100,34,2
2026-04-28,600036,14:51:19,39.5100,120,2
2026-04-28,600036,14:51:22,39.5200,42,1
2026-04-28,600036,14:51:25,39.5100,345,2
2026-04-28,600036,14:51:28,39.5100,18,1
2026-04-28,600036,14:51:31,39.5100,32,1
2026-04-28,600036,14:51:34,39.5100,28,1
2026-04-28,600036,14:51:37,39.5100,152,1
2026-04-28,600036,14:51:40,39.5000,923,2
2026-04-28,600036,14:51:43,39.5000,53,2
2026-04-28,600036,14:51:46,39.5100,40,1
2026-04-28,600036,14:51:49,39.5100,60,1
2026-04-28,600036,14:51:52,39.5000,91,4
2026-04-28,600036,14:51:55,39.5100,445,1
2026-04-28,600036,14:51:58,39.5100,14,4
2026-04-28,600036,14:52:01,39.5200,45,1
2026-04-28,600036,14:52:04,39.5200,564,1
2026-04-28,600036,14:52:07,39.5200,74,1
2026-04-28,600036,14:52:10,39.5200,181,1
2026-04-28,600036,14:52:13,39.5200,58,1
2026-04-28,600036,14:52:16,39.5100,691,2
2026-04-28,600036,14:52:19,39.5100,14,1
2026-04-28,600036,14:52:22,39.5100,2,1
2026-04-28,600036,14:52:25,39.5000,383,2
2026-04-28,600036,14:52:28,39.5000,418,2
2026-04-28,600036,14:52:31,39.5000,18,1
2026-04-28,600036,14:52:34,39.5000,479,1
2026-04-28,600036,14:52:37,39.5000,1139,1
2026-04-28,600036,14:52:40,39.5100,11,4
2026-04-28,600036,14:52:43,39.5100,70,1
2026-04-28,600036,14:52:46,39.5000,55,2
2026-04-28,600036,14:52:49,39.5000,921,2
2026-04-28,600036,14:52:52,39.5200,379,1
2026-04-28,600036,14:52:55,39.5200,76,1
2026-04-28,600036,14:52:58,39.5100,41,2
2026-04-28,600036,14:53:01,39.5200,35,1
2026-04-28,600036,14:53:04,39.5100,17,2
2026-04-28,600036,14:53:07,39.5100,68,2
2026-04-28,600036,14:53:10,39.5100,526,2
2026-04-28,600036,14:53:13,39.5100,737,2
2026-04-28,600036,14:53:16,39.5200,67,1
2026-04-28,600036,14:53:19,39.5100,57,2
2026-04-28,600036,14:53:22,39.5100,11,2
2026-04-28,600036,14:53:25,39.5200,684,1
2026-04-28,600036,14:53:28,39.5100,24,2
2026-04-28,600036,14:53:31,39.5100,42,2
2026-04-28,600036,14:53:34,39.5100,31,2
2026-04-28,600036,14:53:37,39.5100,14,2
2026-04-28,600036,14:53:40,39.5200,65,1
2026-04-28,600036,14:53:43,39.5100,37,2
2026-04-28,600036,14:53:46,39.5100,22,2
2026-04-28,600036,14:53:49,39.5100,72,2
2026-04-28,600036,14:53:52,39.5200,512,1
2026-04-28,600036,14:53:55,39.5200,187,1
2026-04-28,600036,14:53:58,39.5200,5,1
2026-04-28,600036,14:54:01,39.5200,408,1
2026-04-28,600036,14:54:04,39.5200,70,2
2026-04-28,600036,14:54:07,39.5200,51,1
2026-04-28,600036,14:54:10,39.5200,23,2
2026-04-28,600036,14:54:13,39.5300,36,1
2026-04-28,600036,14:54:16,39.5400,643,1
2026-04-28,600036,14:54:19,39.5300,134,1
2026-04-28,600036,14:54:22,39.5300,10,2
2026-04-28,600036,14:54:25,39.5300,46,2
2026-04-28,600036,14:54:28,39.5400,25,1
2026-04-28,600036,14:54:31,39.5300,75,2
2026-04-28,600036,14:54:34,39.5300,134,2
2026-04-28,600036,14:54:37,39.5400,48,1
2026-04-28,600036,14:54:40,39.5400,49,1
2026-04-28,600036,14:54:43,39.5300,14,2
2026-04-28,600036,14:54:46,39.5300,20,2
2026-04-28,600036,14:54:49,39.5300,150,2
2026-04-28,600036,14:54:52,39.5300,109,1
2026-04-28,600036,14:54:55,39.5300,174,2
2026-04-28,600036,14:54:58,39.5300,74,2
2026-04-28,600036,14:55:01,39.5200,166,2
2026-04-28,600036,14:55:04,39.5300,96,1
2026-04-28,600036,14:55:07,39.5200,101,2
2026-04-28,600036,14:55:10,39.5200,140,2
2026-04-28,600036,14:55:13,39.5200,159,2
2026-04-28,600036,14:55:16,39.5200,50,2
2026-04-28,600036,14:55:19,39.5200,159,2
2026-04-28,600036,14:55:22,39.5400,427,1
2026-04-28,600036,14:55:25,39.5400,73,2
2026-04-28,600036,14:55:28,39.5500,40,1
2026-04-28,600036,14:55:31,39.5400,109,2
2026-04-28,600036,14:55:34,39.5500,83,1
2026-04-28,600036,14:55:37,39.5400,108,2
2026-04-28,600036,14:55:40,39.5500,65,1
2026-04-28,600036,14:55:43,39.5500,21,1
2026-04-28,600036,14:55:46,39.5400,288,2
2026-04-28,600036,14:55:49,39.5500,44,1
2026-04-28,600036,14:55:52,39.5500,94,1
2026-04-28,600036,14:55:55,39.5500,148,1
2026-04-28,600036,14:55:58,39.5500,39,2
2026-04-28,600036,14:56:01,39.5400,132,2
2026-04-28,600036,14:56:04,39.5400,169,2
2026-04-28,600036,14:56:07,39.5500,70,4
2026-04-28,600036,14:56:10,39.5400,89,2
2026-04-28,600036,14:56:13,39.5500,177,1
2026-04-28,600036,14:56:16,39.5500,96,1
2026-04-28,600036,14:56:19,39.5400,65,2
2026-04-28,600036,14:56:22,39.5400,395,2
2026-04-28,600036,14:56:25,39.5500,348,1
2026-04-28,600036,14:56:28,39.5500,30,2
2026-04-28,600036,14:56:31,39.5600,665,1
2026-04-28,600036,14:56:34,39.5500,159,2
2026-04-28,600036,14:56:37,39.5500,26,2
2026-04-28,600036,14:56:40,39.5600,117,1
2026-04-28,600036,14:56:43,39.5600,141,2
2026-04-28,600036,14:56:46,39.5600,144,1
2026-04-28,600036,14:56:49,39.5500,23,2
2026-04-28,600036,14:56:52,39.5600,35,1
2026-04-28,600036,14:56:55,39.5500,46,2
2026-04-28,600036,14:56:58,39.5600,37,1
2026-04-28,600036,14:57:01,39.5500,223,2
2026-04-28,600036,15:00:02,39.6000,9391,4
2026-04-28,600036,13:14:52,39.3800,203,1
2026-04-28,600036,13:14:55,39.3800,3,1
2026-04-28,600036,13:14:58,39.3800,94,1
2026-04-28,600036,13:15:01,39.3700,4,2
2026-04-28,600036,13:15:04,39.3700,223,2
2026-04-28,600036,13:15:07,39.3700,54,2
2026-04-28,600036,13:15:10,39.3700,286,2
2026-04-28,600036,13:15:13,39.3700,327,2
2026-04-28,600036,13:15:16,39.3800,5,1
2026-04-28,600036,13:15:19,39.3700,100,2
2026-04-28,600036,13:15:22,39.3700,294,2
2026-04-28,600036,13:15:25,39.3600,29,2
2026-04-28,600036,13:15:28,39.3700,18,1
2026-04-28,600036,13:15:31,39.3600,186,2
2026-04-28,600036,13:15:34,39.3600,57,2
2026-04-28,600036,13:15:37,39.3600,12,2
2026-04-28,600036,13:15:40,39.3600,2,2
2026-04-28,600036,13:15:43,39.3600,58,2
2026-04-28,600036,13:15:46,39.3600,57,2
2026-04-28,600036,13:15:49,39.3700,172,1
2026-04-28,600036,13:15:52,39.3700,61,1
2026-04-28,600036,13:15:55,39.3700,26,1
2026-04-28,600036,13:15:58,39.3600,14,2
2026-04-28,600036,13:16:01,39.3700,134,1
2026-04-28,600036,13:16:04,39.3600,7,2
2026-04-28,600036,13:16:07,39.3600,204,2
2026-04-28,600036,13:16:10,39.3600,28,2
2026-04-28,600036,13:16:13,39.3700,18,1
2026-04-28,600036,13:16:16,39.3600,93,2
2026-04-28,600036,13:16:19,39.3600,2,2
2026-04-28,600036,13:16:25,39.3600,65,2
2026-04-28,600036,13:16:28,39.3700,60,1
2026-04-28,600036,13:16:31,39.3600,5,2
2026-04-28,600036,13:16:34,39.3800,108,1
2026-04-28,600036,13:16:37,39.3700,13,1
2026-04-28,600036,13:16:40,39.3600,22,2
2026-04-28,600036,13:16:43,39.3700,18,1
2026-04-28,600036,13:16:46,39.3700,23,1
2026-04-28,600036,13:16:49,39.3700,24,1
2026-04-28,600036,13:16:52,39.3800,119,1
2026-04-28,600036,13:16:55,39.3700,1,2
2026-04-28,600036,13:16:58,39.3700,12,2
2026-04-28,600036,13:17:01,39.3800,100,1
2026-04-28,600036,13:17:04,39.3700,2,2
2026-04-28,600036,13:17:07,39.3800,5,1
2026-04-28,600036,13:17:10,39.3800,94,1
2026-04-28,600036,13:17:13,39.3800,6,1
2026-04-28,600036,13:17:16,39.3800,53,1
2026-04-28,600036,13:17:19,39.3800,52,1
2026-04-28,600036,13:17:22,39.3800,2,1
2026-04-28,600036,13:17:25,39.3700,118,2
2026-04-28,600036,13:17:28,39.3700,53,2
2026-04-28,600036,13:17:31,39.3700,727,2
2026-04-28,600036,13:17:34,39.3500,502,2
2026-04-28,600036,13:17:37,39.3500,340,2
2026-04-28,600036,13:17:40,39.3500,76,2
2026-04-28,600036,13:17:43,39.3400,74,2
2026-04-28,600036,13:17:49,39.3500,1,2
2026-04-28,600036,13:17:52,39.3500,21,2
2026-04-28,600036,13:17:55,39.3500,71,2
2026-04-28,600036,13:17:58,39.3500,21,2
2026-04-28,600036,13:18:01,39.3400,135,2
2026-04-28,600036,13:18:04,39.3400,421,2
2026-04-28,600036,13:18:07,39.3400,59,2
2026-04-28,600036,13:18:10,39.3400,49,2
2026-04-28,600036,13:18:13,39.3500,176,1
2026-04-28,600036,13:18:16,39.3400,39,2
2026-04-28,600036,13:18:19,39.3400,41,2
2026-04-28,600036,13:18:22,39.3400,62,1
2026-04-28,600036,13:18:25,39.3400,15,2
2026-04-28,600036,13:18:28,39.3400,134,2
2026-04-28,600036,13:18:31,39.3400,42,2
2026-04-28,600036,13:18:34,39.3400,7,2
2026-04-28,600036,13:18:37,39.3500,3,1
2026-04-28,600036,13:18:40,39.3500,6,2
2026-04-28,600036,13:18:43,39.3500,29,2
2026-04-28,600036,13:18:46,39.3500,11,2
2026-04-28,600036,13:18:49,39.3500,1,2
2026-04-28,600036,13:18:52,39.3500,68,2
2026-04-28,600036,13:18:55,39.3500,12,1
2026-04-28,600036,13:18:58,39.3400,79,2
2026-04-28,600036,13:19:01,39.3400,13,2
2026-04-28,600036,13:19:04,39.3400,13,2
2026-04-28,600036,13:19:07,39.3400,58,2
2026-04-28,600036,13:19:10,39.3500,83,1
2026-04-28,600036,13:19:13,39.3400,155,2
2026-04-28,600036,13:19:16,39.3300,45,2
2026-04-28,600036,13:19:19,39.3400,3,1
2026-04-28,600036,13:19:25,39.3300,21,2
2026-04-28,600036,13:19:28,39.3400,46,1
2026-04-28,600036,13:19:31,39.3400,67,1
2026-04-28,600036,13:19:34,39.3300,15,2
2026-04-28,600036,13:19:37,39.3400,105,1
2026-04-28,600036,13:19:40,39.3200,58,2
2026-04-28,600036,13:19:43,39.3300,129,2
2026-04-28,600036,13:19:46,39.3300,32,2
2026-04-28,600036,13:19:49,39.3400,20,1
2026-04-28,600036,13:19:52,39.3300,5,2
2026-04-28,600036,13:19:55,39.3300,27,2
2026-04-28,600036,13:19:58,39.3400,106,1
2026-04-28,600036,13:20:01,39.3300,27,2
2026-04-28,600036,13:20:04,39.3400,1,1
2026-04-28,600036,13:20:07,39.3300,1,2
2026-04-28,600036,13:20:10,39.3300,3,2
2026-04-28,600036,13:20:13,39.3300,20,2
2026-04-28,600036,13:20:16,39.3400,36,1
2026-04-28,600036,13:20:19,39.3300,11,2
2026-04-28,600036,13:20:22,39.3300,62,2
2026-04-28,600036,13:20:25,39.3400,45,1
2026-04-28,600036,13:20:28,39.3300,142,2
2026-04-28,600036,13:20:31,39.3300,67,2
2026-04-28,600036,13:20:34,39.3400,72,1
2026-04-28,600036,13:20:37,39.3300,11,2
2026-04-28,600036,13:20:40,39.3300,38,2
2026-04-28,600036,13:20:43,39.3400,41,1
2026-04-28,600036,13:20:46,39.3400,28,1
2026-04-28,600036,13:20:49,39.3500,107,1
2026-04-28,600036,13:20:52,39.3500,12,2
2026-04-28,600036,13:20:55,39.3300,113,2
2026-04-28,600036,13:20:58,39.3500,52,1
2026-04-28,600036,13:21:01,39.3400,12,2
2026-04-28,600036,13:21:04,39.3500,48,1
2026-04-28,600036,13:21:10,39.3600,426,1
2026-04-28,600036,13:21:13,39.3600,34,1
2026-04-28,600036,13:21:16,39.3600,110,4
2026-04-28,600036,13:21:19,39.3600,169,4
2026-04-28,600036,13:21:22,39.3600,250,2
2026-04-28,600036,13:21:25,39.3700,178,1
2026-04-28,600036,13:21:28,39.3600,91,2
2026-04-28,600036,13:21:31,39.3600,118,1
2026-04-28,600036,13:21:34,39.3600,94,2
2026-04-28,600036,13:21:37,39.3600,161,2
2026-04-28,600036,13:21:40,39.3400,35,2
2026-04-28,600036,13:21:43,39.3600,14,1
2026-04-28,600036,13:21:46,39.3500,3,2
2026-04-28,600036,13:21:49,39.3600,64,1
2026-04-28,600036,13:21:52,39.3500,21,2
2026-04-28,600036,13:21:55,39.3500,24,2
2026-04-28,600036,13:21:58,39.3600,77,1
2026-04-28,600036,13:22:01,39.3600,61,1
2026-04-28,600036,13:22:04,39.3500,11,2
2026-04-28,600036,13:22:07,39.3600,70,4
2026-04-28,600036,13:22:10,39.3600,38,2
2026-04-28,600036,13:22:13,39.3700,21,1
2026-04-28,600036,13:22:16,39.3600,4,2
2026-04-28,600036,13:22:19,39.3600,22,2
2026-04-28,600036,13:22:22,39.3700,33,4
2026-04-28,600036,13:22:25,39.3700,8,4
2026-04-28,600036,13:22:28,39.3700,171,2
2026-04-28,600036,13:22:31,39.3800,111,1
2026-04-28,600036,13:22:34,39.3700,22,4
2026-04-28,600036,13:22:37,39.3600,37,2
2026-04-28,600036,13:22:40,39.3600,36,2
2026-04-28,600036,13:22:43,39.3600,147,2
2026-04-28,600036,13:22:46,39.3600,101,2
2026-04-28,600036,13:22:49,39.3600,40,2
2026-04-28,600036,13:22:52,39.3600,7,2
2026-04-28,600036,13:22:55,39.3600,224,2
2026-04-28,600036,13:22:58,39.3700,14,1
2026-04-28,600036,13:23:01,39.3700,20,1
2026-04-28,600036,13:23:04,39.3700,21,1
2026-04-28,600036,13:23:07,39.3600,8,2
2026-04-28,600036,13:23:10,39.3800,165,1
2026-04-28,600036,13:23:13,39.3600,43,2
2026-04-28,600036,13:23:16,39.3600,46,2
2026-04-28,600036,13:23:19,39.3600,18,2
2026-04-28,600036,13:23:22,39.3700,113,1
2026-04-28,600036,13:23:25,39.3700,91,1
2026-04-28,600036,13:23:28,39.3700,8,1
2026-04-28,600036,13:23:31,39.3600,100,2
2026-04-28,600036,13:23:34,39.3600,22,2
2026-04-28,600036,13:23:37,39.3700,91,1
2026-04-28,600036,13:23:40,39.3700,43,1
2026-04-28,600036,13:23:43,39.3700,57,1
2026-04-28,600036,13:23:46,39.3700,80,1
2026-04-28,600036,13:23:49,39.3700,30,2
2026-04-28,600036,13:23:52,39.3700,2,2
2026-04-28,600036,13:23:55,39.3700,2,2
2026-04-28,600036,13:23:58,39.3700,14,2
2026-04-28,600036,13:24:01,39.3700,5,2
2026-04-28,600036,13:24:04,39.3800,14,1
2026-04-28,600036,13:24:07,39.3700,39,2
2026-04-28,600036,13:24:10,39.3800,20,1
2026-04-28,600036,13:24:13,39.3800,5,1
2026-04-28,600036,13:24:19,39.3800,68,1
2026-04-28,600036,13:24:22,39.3800,63,1
2026-04-28,600036,13:24:25,39.3800,213,1
2026-04-28,600036,13:24:28,39.3800,5,1
2026-04-28,600036,13:24:31,39.3700,130,2
2026-04-28,600036,13:24:34,39.3800,28,1
2026-04-28,600036,13:24:37,39.3800,3,1
2026-04-28,600036,13:24:40,39.3700,159,2
2026-04-28,600036,13:24:43,39.3800,107,1
2026-04-28,600036,13:24:49,39.3800,201,1
2026-04-28,600036,13:24:52,39.3700,206,2
2026-04-28,600036,13:24:55,39.3900,172,1
2026-04-28,600036,13:24:58,39.3800,285,2
2026-04-28,600036,13:25:01,39.3800,30,2
2026-04-28,600036,13:25:04,39.3900,16,1
2026-04-28,600036,13:25:07,39.3800,577,2
2026-04-28,600036,13:25:10,39.3700,17,2
2026-04-28,600036,13:25:13,39.3800,17,1
2026-04-28,600036,13:25:16,39.3800,9,1
2026-04-28,600036,13:25:19,39.3800,42,1
2026-04-28,600036,13:25:22,39.3800,15,1
2026-04-28,600036,13:25:25,39.3800,15,1
2026-04-28,600036,13:25:28,39.3800,71,1
2026-04-28,600036,13:25:31,39.3700,13,2
2026-04-28,600036,13:25:34,39.3800,112,1
2026-04-28,600036,13:25:37,39.3800,133,1
2026-04-28,600036,13:25:40,39.3800,1,2
2026-04-28,600036,13:25:43,39.3800,196,2
2026-04-28,600036,13:25:46,39.3800,96,2
2026-04-28,600036,13:25:49,39.3700,53,2
2026-04-28,600036,13:25:52,39.3800,22,1
2026-04-28,600036,13:25:55,39.3800,119,1
2026-04-28,600036,13:25:58,39.3800,5,1
2026-04-28,600036,13:26:01,39.3700,2,2
2026-04-28,600036,13:26:04,39.3700,53,2
2026-04-28,600036,13:26:07,39.3700,230,2
2026-04-28,600036,13:26:10,39.3700,90,2
2026-04-28,600036,13:26:13,39.3700,306,2
2026-04-28,600036,13:26:16,39.3600,2086,2
2026-04-28,600036,13:26:19,39.3800,3,1
2026-04-28,600036,13:26:22,39.3900,523,1
2026-04-28,600036,13:26:25,39.3800,13,1
2026-04-28,600036,13:26:28,39.3800,11,1
2026-04-28,600036,13:26:31,39.3800,17,1
2026-04-28,600036,13:26:34,39.3800,9,1
2026-04-28,600036,13:26:37,39.3800,131,1
2026-04-28,600036,13:26:40,39.3900,21,1
2026-04-28,600036,13:26:43,39.3800,32,2
2026-04-28,600036,13:26:46,39.3800,41,2
2026-04-28,600036,13:26:49,39.3900,44,1
2026-04-28,600036,13:26:52,39.3900,19,1
2026-04-28,600036,13:26:55,39.3800,13,2
2026-04-28,600036,13:26:58,39.3900,24,1
2026-04-28,600036,13:27:01,39.3900,98,1
2026-04-28,600036,13:27:04,39.3900,48,1
2026-04-28,600036,13:27:07,39.3800,39,2
2026-04-28,600036,13:27:10,39.3800,116,2
2026-04-28,600036,13:27:16,39.3700,11,2
2026-04-28,600036,13:27:19,39.3800,14,1
2026-04-28,600036,13:27:22,39.3700,2,2
2026-04-28,600036,13:27:25,39.3800,34,1
2026-04-28,600036,13:27:28,39.3800,39,1
2026-04-28,600036,13:27:31,39.3700,32,2
2026-04-28,600036,13:27:34,39.3800,45,1
2026-04-28,600036,13:27:37,39.3800,420,1
2026-04-28,600036,13:27:40,39.3700,89,2
2026-04-28,600036,13:27:43,39.3800,110,1
2026-04-28,600036,13:27:46,39.3700,22,2
2026-04-28,600036,13:27:49,39.3700,56,1
2026-04-28,600036,13:27:52,39.3700,104,2
2026-04-28,600036,13:27:55,39.3600,103,2
2026-04-28,600036,13:27:58,39.3600,134,2
2026-04-28,600036,13:28:01,39.3500,93,2
2026-04-28,600036,13:28:04,39.3600,5,1
2026-04-28,600036,13:28:10,39.3600,55,1
2026-04-28,600036,13:28:13,39.3600,1,1
2026-04-28,600036,13:28:16,39.3600,3,1
2026-04-28,600036,13:28:19,39.3500,58,2
2026-04-28,600036,13:28:22,39.3500,38,2
2026-04-28,600036,13:28:25,39.3500,105,2
2026-04-28,600036,13:28:28,39.3500,96,2
2026-04-28,600036,13:28:31,39.3500,3,2
2026-04-28,600036,13:28:34,39.3600,37,1
2026-04-28,600036,13:28:37,39.3600,17,1
2026-04-28,600036,13:28:40,39.3600,1,1
2026-04-28,600036,13:28:43,39.3600,3,1
2026-04-28,600036,13:28:46,39.3500,1,2
2026-04-28,600036,13:28:49,39.3500,15,2
2026-04-28,600036,13:28:55,39.3600,313,1
2026-04-28,600036,13:28:58,39.3600,6,4
2026-04-28,600036,13:29:01,39.3700,16,1
2026-04-28,600036,13:29:04,39.3600,36,2
2026-04-28,600036,13:29:07,39.3600,22,1
2026-04-28,600036,13:29:10,39.3600,108,1
2026-04-28,600036,13:29:13,39.3600,37,1
2026-04-28,600036,13:29:16,39.3800,288,1
2026-04-28,600036,13:29:25,39.3700,13,2
2026-04-28,600036,13:29:28,39.3700,10,2
2026-04-28,600036,13:29:31,39.3800,330,1
2026-04-28,600036,13:29:34,39.3700,70,4
2026-04-28,600036,13:29:37,39.3600,19,2
2026-04-28,600036,13:29:40,39.3600,85,2
2026-04-28,600036,13:29:43,39.3800,85,1
2026-04-28,600036,13:29:46,39.3600,46,2
2026-04-28,600036,13:29:49,39.3700,20,4
2026-04-28,600036,13:29:52,39.3600,26,2
2026-04-28,600036,13:29:55,39.3600,42,2
2026-04-28,600036,13:29:58,39.3700,10,4
2026-04-28,600036,13:30:01,39.3700,28,2
2026-04-28,600036,13:30:04,39.3700,9,1
2026-04-28,600036,13:30:07,39.3700,45,1
2026-04-28,600036,13:30:10,39.3700,5,1
2026-04-28,600036,13:30:13,39.3600,28,2
2026-04-28,600036,13:30:16,39.3600,56,2
2026-04-28,600036,13:30:19,39.3700,4,1
2026-04-28,600036,13:30:22,39.3500,201,2
2026-04-28,600036,13:30:25,39.3600,62,2
2026-04-28,600036,13:30:28,39.3600,62,1
2026-04-28,600036,13:30:31,39.3600,35,2
2026-04-28,600036,13:30:34,39.3600,23,2
2026-04-28,600036,13:30:37,39.3600,47,4
2026-04-28,600036,13:30:40,39.3600,5,4
2026-04-28,600036,13:30:43,39.3600,26,1
2026-04-28,600036,13:30:46,39.3600,26,2
2026-04-28,600036,13:30:49,39.3600,6,2
2026-04-28,600036,13:30:52,39.3700,155,1
2026-04-28,600036,13:30:55,39.3700,5,4
2026-04-28,600036,13:30:58,39.3600,110,2
2026-04-28,600036,13:31:01,39.3700,78,1
2026-04-28,600036,13:31:04,39.3800,11,1
2026-04-28,600036,13:31:07,39.3800,62,1
2026-04-28,600036,13:31:10,39.3800,13,1
2026-04-28,600036,13:31:13,39.3700,11,2
2026-04-28,600036,13:31:16,39.3800,3,1
2026-04-28,600036,13:31:19,39.3800,156,1
2026-04-28,600036,13:31:22,39.3800,50,2
2026-04-28,600036,13:31:25,39.3900,129,1
2026-04-28,600036,13:31:28,39.3800,252,2
2026-04-28,600036,13:31:34,39.3800,66,1
2026-04-28,600036,13:31:37,39.3800,63,1
2026-04-28,600036,13:31:40,39.3800,75,1
2026-04-28,600036,13:31:43,39.3800,145,1
2026-04-28,600036,13:31:46,39.3700,49,2
2026-04-28,600036,13:31:49,39.3800,6,1
2026-04-28,600036,13:31:55,39.3800,30,1
2026-04-28,600036,13:31:58,39.3700,6,2
2026-04-28,600036,13:32:01,39.3800,1021,1
2026-04-28,600036,13:32:04,39.3900,147,1
2026-04-28,600036,13:32:07,39.4000,18,1
2026-04-28,600036,13:32:10,39.3800,29,2
2026-04-28,600036,13:32:13,39.3900,3,4
2026-04-28,600036,13:32:16,39.3800,157,2
2026-04-28,600036,13:32:19,39.3800,41,1
2026-04-28,600036,13:32:22,39.3800,63,1
2026-04-28,600036,13:32:25,39.3800,12,1
2026-04-28,600036,13:32:28,39.3800,58,1
2026-04-28,600036,13:32:31,39.3800,15,1
2026-04-28,600036,13:32:34,39.3800,21,1
2026-04-28,600036,13:32:37,39.3800,296,1
2026-04-28,600036,13:32:40,39.3900,2,1
2026-04-28,600036,13:32:43,39.3800,39,2
2026-04-28,600036,13:32:46,39.3800,2,2
2026-04-28,600036,13:32:49,39.3800,2,2
2026-04-28,600036,13:32:52,39.3800,199,2
2026-04-28,600036,13:32:55,39.3700,12,2
2026-04-28,600036,13:32:58,39.3700,5,2
2026-04-28,600036,13:33:01,39.3800,7,1
2026-04-28,600036,13:33:04,39.3800,31,1
2026-04-28,600036,13:33:07,39.3700,18,2
2026-04-28,600036,13:33:10,39.3700,1,2
2026-04-28,600036,13:33:13,39.3700,208,2
2026-04-28,600036,13:33:16,39.3800,11,1
2026-04-28,600036,13:33:19,39.3700,12,2
2026-04-28,600036,13:33:22,39.3700,87,2
2026-04-28,600036,13:33:25,39.3800,13,1
2026-04-28,600036,13:33:28,39.3800,13,1
2026-04-28,600036,13:33:31,39.3700,96,2
2026-04-28,600036,13:33:34,39.3800,17,1
2026-04-28,600036,13:33:37,39.3700,32,2
2026-04-28,600036,13:33:40,39.3800,13,1
2026-04-28,600036,13:33:43,39.3800,4,1
2026-04-28,600036,13:33:46,39.3800,74,1
2026-04-28,600036,13:33:49,39.3800,54,1
2026-04-28,600036,13:33:58,39.3800,195,1
2026-04-28,600036,13:34:01,39.3800,29,1
2026-04-28,600036,13:34:04,39.3700,1,2
2026-04-28,600036,13:34:13,39.3800,12,1
2026-04-28,600036,13:34:16,39.3700,34,2
2026-04-28,600036,13:34:19,39.3700,16,2
2026-04-28,600036,13:34:22,39.3700,4,2
2026-04-28,600036,13:34:25,39.3700,11,2
2026-04-28,600036,13:34:28,39.3800,49,1
2026-04-28,600036,13:34:31,39.3700,23,2
2026-04-28,600036,13:34:34,39.3800,12,1
2026-04-28,600036,13:34:37,39.3700,59,2
2026-04-28,600036,13:34:40,39.3700,21,2
2026-04-28,600036,13:34:43,39.3800,32,1
2026-04-28,600036,13:34:46,39.3700,21,2
2026-04-28,600036,13:34:49,39.3800,59,1
2026-04-28,600036,13:34:52,39.3700,51,2
2026-04-28,600036,13:34:58,39.3700,14,2
2026-04-28,600036,13:35:01,39.3700,22,2
2026-04-28,600036,13:35:04,39.3800,1,1
2026-04-28,600036,13:35:07,39.3800,199,1
2026-04-28,600036,13:35:10,39.3800,34,1
2026-04-28,600036,13:35:19,39.3800,17,1
2026-04-28,600036,13:35:22,39.3800,280,1
2026-04-28,600036,13:35:25,39.3800,37,1
2026-04-28,600036,13:35:28,39.3800,37,1
2026-04-28,600036,13:35:31,39.3700,101,2
2026-04-28,600036,13:35:34,39.3800,26,1
2026-04-28,600036,13:35:40,39.3800,43,1
2026-04-28,600036,13:35:43,39.3800,3,2
2026-04-28,600036,13:35:46,39.3900,498,1
2026-04-28,600036,13:35:49,39.4000,1,1
2026-04-28,600036,13:35:52,39.3900,1464,2
2026-04-28,600036,13:35:55,39.4100,152,1
2026-04-28,600036,13:35:58,39.4000,126,2
2026-04-28,600036,13:36:01,39.4200,10,1
2026-04-28,600036,13:36:04,39.4000,344,2
2026-04-28,600036,13:36:07,39.4100,314,1
2026-04-28,600036,13:36:10,39.4000,43,2
2026-04-28,600036,13:36:13,39.4000,681,2
2026-04-28,600036,13:36:16,39.4000,22,1
2026-04-28,600036,13:36:19,39.4000,61,1
2026-04-28,600036,13:36:22,39.4100,168,1
2026-04-28,600036,13:36:25,39.4000,138,2
2026-04-28,600036,13:36:28,39.4100,139,1
2026-04-28,600036,13:36:31,39.4000,39,2
2026-04-28,600036,13:36:34,39.3900,77,2
2026-04-28,600036,13:36:37,39.4000,537,4
2026-04-28,600036,13:36:40,39.4000,444,1
2026-04-28,600036,13:36:43,39.3900,14,2
2026-04-28,600036,13:36:46,39.3900,8,2
2026-04-28,600036,13:36:49,39.3900,800,2
2026-04-28,600036,13:36:52,39.3900,141,2
2026-04-28,600036,13:36:55,39.3900,114,1
2026-04-28,600036,13:36:58,39.3800,6,2
2026-04-28,600036,13:37:01,39.3800,332,2
2026-04-28,600036,13:37:04,39.3800,30,1
2026-04-28,600036,13:37:07,39.3900,5,1
2026-04-28,600036,13:37:10,39.3800,45,4
2026-04-28,600036,13:37:13,39.3800,40,2
2026-04-28,600036,13:37:16,39.3700,415,2
2026-04-28,600036,13:37:19,39.3700,58,2
2026-04-28,600036,13:37:22,39.3700,60,2
2026-04-28,600036,13:37:25,39.3800,92,1
2026-04-28,600036,13:37:28,39.3700,6,2
2026-04-28,600036,13:37:31,39.3800,33,1
2026-04-28,600036,13:37:34,39.3800,27,1
2026-04-28,600036,13:37:37,39.3800,13,1
2026-04-28,600036,13:37:40,39.3700,16,2
2026-04-28,600036,13:37:43,39.3700,225,2
2026-04-28,600036,13:37:46,39.3700,84,2
2026-04-28,600036,13:37:49,39.3600,119,2
2026-04-28,600036,13:37:52,39.3700,545,1
2026-04-28,600036,13:37:55,39.3700,93,2
2026-04-28,600036,13:37:58,39.3700,42,2
2026-04-28,600036,13:38:01,39.3700,352,2
2026-04-28,600036,13:38:04,39.3600,70,2
2026-04-28,600036,13:38:07,39.3600,14,2
2026-04-28,600036,13:38:10,39.3600,49,2
2026-04-28,600036,13:38:13,39.3700,6,1
2026-04-28,600036,13:38:16,39.3600,7,2
2026-04-28,600036,13:38:19,39.3700,101,1
2026-04-28,600036,13:38:22,39.3600,23,2
2026-04-28,600036,13:38:25,39.3700,313,1
2026-04-28,600036,13:38:28,39.3700,7,2
2026-04-28,600036,13:38:31,39.3700,10,2
2026-04-28,600036,13:38:34,39.3800,2,1
2026-04-28,600036,13:38:37,39.3700,10,2
2026-04-28,600036,13:38:40,39.3700,18,2
2026-04-28,600036,13:38:43,39.3800,3,1
2026-04-28,600036,13:38:46,39.3700,6,2
2026-04-28,600036,13:38:49,39.3800,5,1
2026-04-28,600036,13:38:52,39.3800,448,1
2026-04-28,600036,13:38:55,39.3800,2,1
2026-04-28,600036,13:38:58,39.3800,149,1
2026-04-28,600036,13:39:01,39.3800,2,2
2026-04-28,600036,13:39:04,39.3800,517,2
2026-04-28,600036,13:39:07,39.3800,27,1
2026-04-28,600036,13:39:10,39.3800,93,1
2026-04-28,600036,13:39:13,39.3800,7,1
2026-04-28,600036,13:39:16,39.3800,32,1
2026-04-28,600036,13:39:19,39.3700,134,2
2026-04-28,600036,13:39:22,39.3800,1,1
2026-04-28,600036,13:39:25,39.3800,190,1
2026-04-28,600036,13:39:28,39.3800,240,1
2026-04-28,600036,13:39:31,39.3900,75,1
2026-04-28,600036,13:39:34,39.3900,121,1
2026-04-28,600036,13:39:40,39.3900,26,1
2026-04-28,600036,13:39:43,39.3800,618,2
2026-04-28,600036,13:39:46,39.3700,7,2
2026-04-28,600036,13:39:49,39.3700,9,2
2026-04-28,600036,13:39:52,39.3800,18,1
2026-04-28,600036,13:39:55,39.3700,5,2
2026-04-28,600036,13:39:58,39.3800,1,1
2026-04-28,600036,13:40:01,39.3700,112,2
2026-04-28,600036,13:40:04,39.3700,6,2
2026-04-28,600036,13:40:07,39.3700,34,2
2026-04-28,600036,13:40:10,39.3700,596,2
2026-04-28,600036,13:40:13,39.3600,207,2
2026-04-28,600036,13:40:16,39.3600,40,2
2026-04-28,600036,13:40:19,39.3600,22,2
2026-04-28,600036,13:40:22,39.3600,2,2
2026-04-28,600036,13:40:25,39.3600,62,2
2026-04-28,600036,13:40:28,39.3600,15,2
2026-04-28,600036,13:40:31,39.3600,68,2
2026-04-28,600036,13:40:34,39.3700,1,1
2026-04-28,600036,13:40:37,39.3600,3,2
2026-04-28,600036,13:40:40,39.3600,33,2
2026-04-28,600036,13:40:43,39.3600,57,2
2026-04-28,600036,13:40:46,39.3600,26,2
2026-04-28,600036,13:40:49,39.3600,113,2
2026-04-28,600036,13:40:52,39.3600,16,2
2026-04-28,600036,13:40:55,39.3700,121,1
2026-04-28,600036,13:40:58,39.3600,3,2
2026-04-28,600036,13:41:01,39.3600,5,2
2026-04-28,600036,13:41:04,39.3600,21,2
2026-04-28,600036,13:41:07,39.3700,19,1
2026-04-28,600036,13:41:10,39.3600,7,2
2026-04-28,600036,13:41:13,39.3600,3,2
2026-04-28,600036,13:41:16,39.3700,11,1
2026-04-28,600036,13:41:19,39.3600,17,2
2026-04-28,600036,13:41:22,39.3600,3,2
2026-04-28,600036,13:41:25,39.3600,8,2
2026-04-28,600036,13:41:34,39.3600,5,2
2026-04-28,600036,13:41:37,39.3600,19,2
2026-04-28,600036,13:41:40,39.3700,17,1
2026-04-28,600036,13:41:43,39.3600,9,2
2026-04-28,600036,13:41:46,39.3600,22,2
2026-04-28,600036,13:41:49,39.3600,128,2
2026-04-28,600036,13:41:52,39.3600,24,2
2026-04-28,600036,13:41:55,39.3600,12,1
2026-04-28,600036,13:41:58,39.3600,2,1
2026-04-28,600036,13:42:01,39.3600,6,1
2026-04-28,600036,13:42:04,39.3600,13,1
2026-04-28,600036,13:42:07,39.3500,27,2
2026-04-28,600036,13:42:10,39.3600,182,1
2026-04-28,600036,13:42:13,39.3600,27,1
2026-04-28,600036,13:42:16,39.3500,115,2
2026-04-28,600036,13:42:19,39.3600,98,1
2026-04-28,600036,13:42:25,39.3500,4,2
2026-04-28,600036,13:42:28,39.3600,65,1
2026-04-28,600036,13:42:31,39.3600,5,2
2026-04-28,600036,13:42:34,39.3600,151,2
2026-04-28,600036,13:42:37,39.3600,3,2
2026-04-28,600036,13:42:40,39.3600,3,2
2026-04-28,600036,13:42:43,39.3600,6,2
2026-04-28,600036,13:42:46,39.3600,34,2
2026-04-28,600036,13:42:49,39.3600,74,2
2026-04-28,600036,13:42:52,39.3600,3,2
2026-04-28,600036,13:42:55,39.3600,21,2
2026-04-28,600036,13:42:58,39.3700,515,1
2026-04-28,600036,13:43:01,39.3700,38,1
2026-04-28,600036,13:43:04,39.3700,20,1
2026-04-28,600036,13:43:07,39.3600,81,2
2026-04-28,600036,13:43:13,39.3600,19,2
2026-04-28,600036,13:43:16,39.3700,11,1
2026-04-28,600036,13:43:19,39.3600,31,2
2026-04-28,600036,13:43:22,39.3600,9,2
2026-04-28,600036,13:43:25,39.3700,41,1
2026-04-28,600036,13:43:28,39.3600,51,2
2026-04-28,600036,13:43:31,39.3600,10,2
2026-04-28,600036,13:43:34,39.3500,626,2
2026-04-28,600036,13:43:37,39.3600,3,1
2026-04-28,600036,13:43:40,39.3500,32,2
2026-04-28,600036,13:43:43,39.3600,33,1
2026-04-28,600036,13:43:46,39.3500,6,2
2026-04-28,600036,13:43:49,39.3500,13,2
2026-04-28,600036,13:43:52,39.3600,35,1
2026-04-28,600036,13:43:55,39.3600,2,1
2026-04-28,600036,13:43:58,39.3600,41,1
2026-04-28,600036,13:44:01,39.3500,11,2
2026-04-28,600036,13:44:04,39.3600,28,1
2026-04-28,600036,13:44:07,39.3600,2,1
2026-04-28,600036,13:44:10,39.3500,65,2
2026-04-28,600036,13:44:13,39.3500,1,2
2026-04-28,600036,13:44:16,39.3500,53,2
2026-04-28,600036,13:44:19,39.3600,18,1
2026-04-28,600036,13:44:22,39.3600,12,1
2026-04-28,600036,13:44:25,39.3500,1,2
2026-04-28,600036,13:44:28,39.3600,4,1
2026-04-28,600036,13:44:31,39.3600,29,1
2026-04-28,600036,13:44:34,39.3600,40,1
2026-04-28,600036,13:44:37,39.3600,205,1
2026-04-28,600036,13:44:40,39.3600,9,2
2026-04-28,600036,13:44:43,39.3700,52,1
2026-04-28,600036,13:44:49,39.3700,20,1
2026-04-28,600036,13:44:52,39.3700,15,1
2026-04-28,600036,13:44:55,39.3700,34,1
2026-04-28,600036,13:44:58,39.3600,29,2
2026-04-28,600036,13:45:01,39.3700,114,1
2026-04-28,600036,13:45:04,39.3800,40,1
2026-04-28,600036,13:45:07,39.3800,81,1
2026-04-28,600036,13:45:10,39.3700,20,2
2026-04-28,600036,13:45:13,39.3700,75,2
2026-04-28,600036,13:45:16,39.3800,38,1
2026-04-28,600036,13:45:19,39.3800,27,1
2026-04-28,600036,13:45:22,39.3800,31,1
2026-04-28,600036,13:45:25,39.3800,16,1
2026-04-28,600036,13:45:28,39.3700,19,2
2026-04-28,600036,13:45:31,39.3700,10,2
2026-04-28,600036,13:45:34,39.3800,54,1
2026-04-28,600036,13:45:37,39.3700,10,2
2026-04-28,600036,13:45:40,39.3800,28,1
2026-04-28,600036,13:45:43,39.3800,10,1
2026-04-28,600036,13:45:46,39.3800,9,1
2026-04-28,600036,13:45:49,39.3700,11,2
2026-04-28,600036,13:45:55,39.3700,24,2
2026-04-28,600036,13:46:01,39.3700,5,2
2026-04-28,600036,13:46:04,39.3900,461,1
2026-04-28,600036,13:46:07,39.3800,98,2
2026-04-28,600036,13:46:10,39.4000,140,1
2026-04-28,600036,13:46:13,39.3800,3,2
2026-04-28,600036,13:46:16,39.3800,700,2
2026-04-28,600036,13:46:19,39.3800,53,1
2026-04-28,600036,13:46:22,39.3800,182,1
2026-04-28,600036,13:46:25,39.3700,1,2
2026-04-28,600036,13:46:28,39.3800,20,1
2026-04-28,600036,13:46:31,39.3800,8,1
2026-04-28,600036,13:46:34,39.3800,10,1
2026-04-28,600036,13:46:37,39.3700,80,2
2026-04-28,600036,13:46:40,39.3800,42,1
2026-04-28,600036,13:46:43,39.3800,82,1
2026-04-28,600036,13:46:46,39.3800,39,1
2026-04-28,600036,13:46:49,39.3700,27,2
2026-04-28,600036,13:46:52,39.3800,43,1
2026-04-28,600036,13:46:55,39.3800,5,1
2026-04-28,600036,13:46:58,39.3800,4,1
2026-04-28,600036,13:47:01,39.3800,2,1
2026-04-28,600036,13:47:04,39.3800,21,1
2026-04-28,600036,13:47:07,39.3800,2,1
2026-04-28,600036,13:47:10,39.3800,13,1
2026-04-28,600036,13:47:13,39.3800,36,1
2026-04-28,600036,13:47:16,39.3800,75,1
2026-04-28,600036,13:47:19,39.3800,74,2
2026-04-28,600036,13:47:22,39.3900,1,1
2026-04-28,600036,13:47:25,39.3800,18,2
2026-04-28,600036,13:47:28,39.3800,684,2
2026-04-28,600036,13:47:31,39.3900,7,1
2026-04-28,600036,13:47:34,39.3800,166,2
2026-04-28,600036,13:47:37,39.3900,8,1
2026-04-28,600036,13:47:40,39.3900,124,1
2026-04-28,600036,13:47:43,39.4000,170,1
2026-04-28,600036,13:47:46,39.3800,1,2
2026-04-28,600036,13:47:49,39.3800,1,2
2026-04-28,600036,13:47:52,39.3800,315,2
2026-04-28,600036,13:47:55,39.3900,20,1
2026-04-28,600036,13:47:58,39.3800,10,2
2026-04-28,600036,13:48:01,39.3900,111,1
2026-04-28,600036,13:48:04,39.3900,98,2
2026-04-28,600036,13:48:07,39.3900,21,2
2026-04-28,600036,13:48:13,39.3900,15,2
2026-04-28,600036,13:48:16,39.3900,284,2
2026-04-28,600036,13:48:19,39.4000,1,1
2026-04-28,600036,13:48:22,39.3900,43,2
2026-04-28,600036,13:48:25,39.3800,43,2
2026-04-28,600036,13:48:28,39.3900,248,1
2026-04-28,600036,13:48:31,39.3800,58,2
2026-04-28,600036,13:48:34,39.3800,3,2
2026-04-28,600036,13:48:37,39.3800,7,2
2026-04-28,600036,13:48:40,39.3800,80,2
2026-04-28,600036,13:48:43,39.3800,9,2
2026-04-28,600036,13:48:46,39.3800,24,2
2026-04-28,600036,13:48:49,39.3800,4,2
2026-04-28,600036,13:48:52,39.3800,48,2
2026-04-28,600036,13:48:55,39.3900,408,1
2026-04-28,600036,13:48:58,39.3800,120,2
2026-04-28,600036,13:49:01,39.3900,8,1
2026-04-28,600036,13:49:04,39.3800,43,2
2026-04-28,600036,13:49:07,39.3800,10,2
2026-04-28,600036,13:49:10,39.3800,13,2
2026-04-28,600036,13:49:13,39.3800,1,2
2026-04-28,600036,13:49:16,39.3900,230,1
2026-04-28,600036,13:49:19,39.3900,5,1
2026-04-28,600036,13:49:22,39.3900,10,1
2026-04-28,600036,13:49:25,39.3800,23,2
2026-04-28,600036,13:49:28,39.3800,118,2
2026-04-28,600036,13:49:31,39.3800,16,1
2026-04-28,600036,13:49:34,39.3800,70,1
2026-04-28,600036,13:49:37,39.3800,24,4
2026-04-28,600036,13:49:40,39.3800,5,2
2026-04-28,600036,13:49:43,39.3800,7,2
2026-04-28,600036,13:49:46,39.3800,7,2
2026-04-28,600036,13:49:49,39.3800,5,2
2026-04-28,600036,13:49:52,39.3800,129,2
2026-04-28,600036,13:50:01,39.3800,63,2
2026-04-28,600036,13:50:04,39.3800,12,2
2026-04-28,600036,13:50:07,39.3700,51,2
2026-04-28,600036,13:50:13,39.3800,24,2
2026-04-28,600036,13:50:16,39.3800,3,2
2026-04-28,600036,13:50:19,39.3800,11,2
2026-04-28,600036,13:50:22,39.3900,59,1
2026-04-28,600036,13:50:25,39.3800,55,4
2026-04-28,600036,13:50:28,39.3800,90,1
2026-04-28,600036,13:50:31,39.3700,138,2
2026-04-28,600036,13:50:34,39.3800,100,1
2026-04-28,600036,13:50:37,39.3800,3,1
2026-04-28,600036,13:50:40,39.3800,33,1
2026-04-28,600036,13:50:43,39.3700,94,2
2026-04-28,600036,13:50:46,39.3700,63,2
2026-04-28,600036,13:50:49,39.3700,31,2
2026-04-28,600036,13:50:52,39.3800,43,1
2026-04-28,600036,13:50:55,39.3700,143,2
2026-04-28,600036,13:50:58,39.3700,181,2
2026-04-28,600036,13:51:01,39.3700,26,2
2026-04-28,600036,13:51:04,39.3700,2,2
2026-04-28,600036,13:51:07,39.3700,21,2
2026-04-28,600036,13:51:10,39.3700,18,2
2026-04-28,600036,13:51:13,39.3700,3,2
2026-04-28,600036,13:51:16,39.3700,6,2
2026-04-28,600036,13:51:19,39.3700,55,2
2026-04-28,600036,13:51:22,39.3700,76,2
2026-04-28,600036,13:51:25,39.3700,114,2
2026-04-28,600036,13:51:28,39.3700,178,2
2026-04-28,600036,13:51:31,39.3700,127,1
2026-04-28,600036,13:51:34,39.3700,23,1
2026-04-28,600036,13:51:37,39.3600,132,2
2026-04-28,600036,13:51:40,39.3600,33,2
2026-04-28,600036,13:51:43,39.3700,75,1
2026-04-28,600036,13:51:46,39.3600,45,2
2026-04-28,600036,13:51:49,39.3600,11,2
2026-04-28,600036,13:51:52,39.3600,19,2
2026-04-28,600036,13:51:55,39.3700,100,1
2026-04-28,600036,13:51:58,39.3700,28,1
2026-04-28,600036,13:52:01,39.3700,212,1
2026-04-28,600036,13:52:04,39.3600,80,2
2026-04-28,600036,13:52:07,39.3800,170,1
2026-04-28,600036,13:52:10,39.3700,1,2
2026-04-28,600036,13:52:16,39.3700,5,2
2026-04-28,600036,13:52:19,39.3700,20,2
2026-04-28,600036,13:52:22,39.3700,41,2
2026-04-28,600036,13:52:25,39.3700,3,2
2026-04-28,600036,13:52:28,39.3700,23,2
2026-04-28,600036,13:52:31,39.3700,38,2
2026-04-28,600036,13:52:34,39.3700,76,2
2026-04-28,600036,13:52:37,39.3700,16,2
2026-04-28,600036,13:52:40,39.3700,85,2
2026-04-28,600036,13:52:46,39.3700,5,2
2026-04-28,600036,13:52:49,39.3700,17,2
2026-04-28,600036,13:52:52,39.3800,349,1
2026-04-28,600036,13:52:55,39.3800,9,1
2026-04-28,600036,13:53:01,39.3800,1,1
2026-04-28,600036,13:53:04,39.3700,2,2
2026-04-28,600036,13:53:07,39.3800,163,1
2026-04-28,600036,13:53:10,39.3800,4,1
2026-04-28,600036,13:53:13,39.3800,2,1
2026-04-28,600036,13:53:16,39.3700,36,2
2026-04-28,600036,13:53:19,39.3700,77,2
2026-04-28,600036,13:53:22,39.3800,578,1
2026-04-28,600036,13:53:25,39.3700,73,2
2026-04-28,600036,13:53:28,39.3800,32,4
2026-04-28,600036,13:53:31,39.3800,92,2
2026-04-28,600036,13:53:34,39.3800,4,2
2026-04-28,600036,13:53:40,39.3800,248,2
2026-04-28,600036,13:53:46,39.3900,2,1
2026-04-28,600036,13:53:49,39.3900,171,1
2026-04-28,600036,13:53:52,39.3900,55,1
2026-04-28,600036,13:53:55,39.3900,16,1
2026-04-28,600036,13:53:58,39.3900,30,2
2026-04-28,600036,13:54:01,39.3900,21,2
2026-04-28,600036,13:54:04,39.4000,401,1
2026-04-28,600036,13:54:07,39.4000,91,1
2026-04-28,600036,13:54:10,39.4000,346,1
2026-04-28,600036,13:54:13,39.4000,86,2
2026-04-28,600036,13:54:16,39.4000,12,2
2026-04-28,600036,13:54:19,39.4000,59,2
2026-04-28,600036,13:54:22,39.4100,46,1
2026-04-28,600036,13:54:25,39.4100,15,1
2026-04-28,600036,13:54:28,39.4000,281,2
2026-04-28,600036,13:54:31,39.4100,35,1
2026-04-28,600036,13:54:34,39.4100,25,1
2026-04-28,600036,13:54:37,39.4100,6,1
2026-04-28,600036,13:54:40,39.4100,77,1
2026-04-28,600036,13:54:43,39.4000,13,2
2026-04-28,600036,13:54:46,39.4100,11,1
2026-04-28,600036,13:54:49,39.4000,220,2
2026-04-28,600036,13:54:52,39.4100,19,1
2026-04-28,600036,13:54:55,39.4100,18,1
2026-04-28,600036,13:54:58,39.4100,50,1
2026-04-28,600036,13:55:01,39.4000,718,2
2026-04-28,600036,13:55:04,39.4000,132,2
2026-04-28,600036,13:55:07,39.4000,32,2
2026-04-28,600036,13:55:10,39.4000,11,2
2026-04-28,600036,13:55:13,39.4000,2,2
2026-04-28,600036,13:55:16,39.4000,152,2
2026-04-28,600036,13:55:19,39.3900,488,2
2026-04-28,600036,13:55:22,39.3900,110,2
2026-04-28,600036,13:55:25,39.3900,106,2
2026-04-28,600036,13:55:28,39.3900,58,2
2026-04-28,600036,13:55:31,39.3900,13,2
2026-04-28,600036,13:55:34,39.3900,6,2
2026-04-28,600036,13:55:37,39.3900,96,2
2026-04-28,600036,13:55:40,39.3900,26,2
2026-04-28,600036,13:55:43,39.3900,6,2
2026-04-28,600036,13:55:46,39.4000,5,1
2026-04-28,600036,13:55:49,39.4000,218,1
2026-04-28,600036,13:55:52,39.4000,28,1
2026-04-28,600036,13:55:55,39.4000,12,1
2026-04-28,600036,13:55:58,39.3900,71,2
2026-04-28,600036,13:56:01,39.3900,56,2
2026-04-28,600036,13:56:04,39.3900,4,2
2026-04-28,600036,13:56:07,39.3900,232,2
2026-04-28,600036,13:56:10,39.4000,4,1
2026-04-28,600036,13:56:13,39.4100,632,1
2026-04-28,600036,13:56:16,39.4100,39,1
2026-04-28,600036,13:56:19,39.4100,298,1
2026-04-28,600036,13:56:22,39.4000,416,2
2026-04-28,600036,13:56:25,39.4100,7,1
2026-04-28,600036,13:56:28,39.4000,4,2
2026-04-28,600036,13:56:31,39.4100,8,1
2026-04-28,600036,13:56:34,39.4100,6,1
2026-04-28,600036,13:56:37,39.4000,18,2
2026-04-28,600036,13:56:40,39.4000,28,2
2026-04-28,600036,13:56:43,39.4000,140,2
2026-04-28,600036,13:56:46,39.4000,48,2
2026-04-28,600036,13:56:49,39.4000,33,2
2026-04-28,600036,13:56:52,39.4000,274,2
2026-04-28,600036,13:56:55,39.4100,140,1
2026-04-28,600036,13:56:58,39.4100,3,1
2026-04-28,600036,13:57:01,39.4100,8,1
2026-04-28,600036,13:57:04,39.4100,47,1
2026-04-28,600036,13:57:07,39.4100,93,1
2026-04-28,600036,13:57:10,39.4000,277,2
2026-04-28,600036,13:57:13,39.4100,66,1
2026-04-28,600036,13:57:16,39.4100,33,1
2026-04-28,600036,13:57:19,39.4000,89,2
2026-04-28,600036,13:57:22,39.4100,1013,1
2026-04-28,600036,13:57:25,39.4100,31,2
2026-04-28,600036,13:57:28,39.4200,28,1
2026-04-28,600036,13:57:31,39.4100,7,2
2026-04-28,600036,13:57:34,39.4100,10,2
2026-04-28,600036,13:57:37,39.4100,3,2
2026-04-28,600036,13:57:40,39.4100,22,2
2026-04-28,600036,13:57:43,39.4200,1,1
2026-04-28,600036,13:57:46,39.4200,37,1
2026-04-28,600036,13:57:49,39.4200,75,1
2026-04-28,600036,13:57:52,39.4100,467,2
2026-04-28,600036,13:57:55,39.4200,15,4
2026-04-28,600036,13:57:58,39.4200,38,2
2026-04-28,600036,13:58:01,39.4200,54,2
2026-04-28,600036,13:58:04,39.4300,3,1
2026-04-28,600036,13:58:07,39.4300,37,1
2026-04-28,600036,13:58:10,39.4200,93,2
2026-04-28,600036,13:58:13,39.4300,5,1
2026-04-28,600036,13:58:16,39.4200,101,2
2026-04-28,600036,13:58:19,39.4200,14,2
2026-04-28,600036,13:58:22,39.4200,109,2
2026-04-28,600036,13:58:25,39.4200,5,2
2026-04-28,600036,13:58:28,39.4200,18,2
2026-04-28,600036,13:58:31,39.4200,139,2
2026-04-28,600036,13:58:34,39.4200,46,2
2026-04-28,600036,13:58:37,39.4300,4,1
2026-04-28,600036,13:58:40,39.4200,9,2
2026-04-28,600036,13:58:43,39.4200,225,2
2026-04-28,600036,13:58:46,39.4300,39,1
2026-04-28,600036,13:58:49,39.4200,30,2
2026-04-28,600036,13:58:52,39.4200,15,2
2026-04-28,600036,13:58:55,39.4200,40,2
2026-04-28,600036,13:58:58,39.4200,111,2
2026-04-28,600036,13:59:01,39.4200,64,2
2026-04-28,600036,13:59:04,39.4200,32,2
2026-04-28,600036,13:59:07,39.4200,236,2
2026-04-28,600036,13:59:10,39.4100,75,2
2026-04-28,600036,13:59:13,39.4200,22,1
2026-04-28,600036,13:59:16,39.4100,90,2
2026-04-28,600036,13:59:19,39.4100,24,2
2026-04-28,600036,13:59:22,39.4100,110,2
2026-04-28,600036,13:59:25,39.4100,7,2
2026-04-28,600036,13:59:28,39.4200,12,1
2026-04-28,600036,13:59:31,39.4100,15,2
2026-04-28,600036,13:59:34,39.4100,18,2
2026-04-28,600036,13:59:37,39.4100,101,2
2026-04-28,600036,13:59:40,39.4100,8,2
2026-04-28,600036,13:59:43,39.4000,97,2
2026-04-28,600036,13:59:46,39.4000,54,2
2026-04-28,600036,13:59:49,39.4100,26,1
2026-04-28,600036,13:59:52,39.4100,48,1
2026-04-28,600036,13:59:55,39.4100,300,1
2026-04-28,600036,13:59:58,39.3900,93,2
2026-04-28,600036,14:00:01,39.3900,18,2
2026-04-28,600036,14:00:04,39.3900,54,2
2026-04-28,600036,14:00:07,39.4000,538,1
2026-04-28,600036,14:00:10,39.4100,51,4
2026-04-28,600036,14:00:13,39.4100,70,4
2026-04-28,600036,14:00:16,39.4300,1636,1
2026-04-28,600036,14:00:19,39.4300,97,2
2026-04-28,600036,14:00:22,39.4400,824,1
2026-04-28,600036,14:00:25,39.4400,46,1
2026-04-28,600036,14:00:28,39.4300,87,2
2026-04-28,600036,14:00:31,39.4400,17,1
2026-04-28,600036,14:00:34,39.4400,9,1
2026-04-28,600036,14:00:37,39.4200,127,2
2026-04-28,600036,14:00:40,39.4300,50,1
2026-04-28,600036,14:00:43,39.4300,101,1
2026-04-28,600036,14:00:46,39.4200,62,2
2026-04-28,600036,14:00:49,39.4200,116,1
2026-04-28,600036,14:00:52,39.4200,6,2
2026-04-28,600036,14:00:55,39.4100,134,2
2026-04-28,600036,14:00:58,39.4300,343,1
2026-04-28,600036,14:01:01,39.4400,97,1
2026-04-28,600036,14:01:04,39.4200,5,2
2026-04-28,600036,14:01:07,39.4500,2082,1
2026-04-28,600036,14:01:10,39.4500,166,2
2026-04-28,600036,14:01:13,39.4400,1,2
2026-04-28,600036,14:01:16,39.4600,500,1
2026-04-28,600036,14:01:19,39.4500,400,2
2026-04-28,600036,14:01:22,39.4500,150,2
2026-04-28,600036,14:01:25,39.4600,93,1
2026-04-28,600036,14:01:28,39.4600,156,1
2026-04-28,600036,14:01:31,39.4600,4,1
2026-04-28,600036,14:01:34,39.4600,240,1
2026-04-28,600036,14:01:37,39.4400,183,2
2026-04-28,600036,14:01:40,39.4500,471,2
2026-04-28,600036,14:01:43,39.4600,73,1
2026-04-28,600036,14:01:46,39.4600,151,2
2026-04-28,600036,14:01:49,39.4500,260,1
2026-04-28,600036,14:01:52,39.4300,326,2
2026-04-28,600036,14:01:55,39.4100,399,2
2026-04-28,600036,14:01:58,39.4400,209,1
2026-04-28,600036,14:02:01,39.4400,102,1
2026-04-28,600036,14:02:04,39.4400,407,1
2026-04-28,600036,14:02:07,39.4500,62,4
2026-04-28,600036,14:02:10,39.4500,145,2
2026-04-28,600036,14:02:13,39.4500,9,2
2026-04-28,600036,14:02:16,39.4600,906,1
2026-04-28,600036,14:02:19,39.4600,84,2
2026-04-28,600036,14:02:22,39.4600,206,1
2026-04-28,600036,14:02:25,39.4600,218,2
2026-04-28,600036,14:02:28,39.4500,94,2
2026-04-28,600036,14:02:31,39.4400,76,2
2026-04-28,600036,14:02:34,39.4500,78,2
2026-04-28,600036,14:02:37,39.4400,70,2
2026-04-28,600036,14:02:40,39.4300,41,2
2026-04-28,600036,14:02:43,39.4400,198,1
2026-04-28,600036,14:02:46,39.4300,211,2
2026-04-28,600036,14:02:49,39.4700,861,1
2026-04-28,600036,14:02:52,39.4600,105,4
2026-04-28,600036,14:02:55,39.4400,67,2
2026-04-28,600036,14:02:58,39.4500,71,4
2026-04-28,600036,14:03:01,39.4500,255,2
2026-04-28,600036,14:03:04,39.4500,244,2
2026-04-28,600036,14:03:07,39.4500,215,2
2026-04-28,600036,14:03:10,39.4600,207,1
2026-04-28,600036,14:03:13,39.4600,145,1
2026-04-28,600036,14:03:16,39.4600,309,1
2026-04-28,600036,14:03:19,39.4600,94,1
2026-04-28,600036,14:03:22,39.4600,46,2
2026-04-28,600036,14:03:25,39.4500,133,2
2026-04-28,600036,14:03:28,39.4600,54,1
2026-04-28,600036,14:03:31,39.4400,266,2
2026-04-28,600036,14:03:34,39.4400,185,1
2026-04-28,600036,14:03:37,39.4400,126,2
2026-04-28,600036,14:03:40,39.4400,236,1
2026-04-28,600036,14:03:43,39.4400,19,1
2026-04-28,600036,14:03:46,39.4300,46,2
2026-04-28,600036,14:03:49,39.4400,37,1
2026-04-28,600036,14:03:52,39.4300,149,4
2026-04-28,600036,14:03:55,39.4300,144,1
2026-04-28,600036,14:03:58,39.4300,20,2
2026-04-28,600036,14:04:01,39.4300,229,2
2026-04-28,600036,14:04:04,39.4300,23,2
2026-04-28,600036,14:04:07,39.4400,350,1
2026-04-28,600036,14:04:10,39.4400,50,1
2026-04-28,600036,14:04:13,39.4400,28,1
2026-04-28,600036,14:04:16,39.4300,33,2
2026-04-28,600036,14:04:19,39.4400,174,1
2026-04-28,600036,14:04:22,39.4500,89,1
2026-04-28,600036,14:04:25,39.4400,443,2
2026-04-28,600036,14:04:28,39.4400,98,2
2026-04-28,600036,14:04:31,39.4500,11,1
2026-04-28,600036,14:04:34,39.4500,102,1
2026-04-28,600036,14:04:37,39.4600,24,1
2026-04-28,600036,14:04:40,39.4600,6,1
2026-04-28,600036,14:04:43,39.4600,13,1
2026-04-28,600036,14:04:46,39.4500,18,2
2026-04-28,600036,14:04:49,39.4500,81,2
2026-04-28,600036,14:04:52,39.4500,3,2
2026-04-28,600036,14:04:55,39.4600,45,1
2026-04-28,600036,14:04:58,39.4600,45,1
2026-04-28,600036,14:05:01,39.4600,14,1
2026-04-28,600036,14:05:04,39.4600,25,1
2026-04-28,600036,14:05:07,39.4600,20,1
2026-04-28,600036,14:05:10,39.4500,9,2
2026-04-28,600036,14:05:13,39.4500,108,2
2026-04-28,600036,14:05:16,39.4500,9,2
2026-04-28,600036,14:05:19,39.4600,72,1
2026-04-28,600036,14:05:22,39.4900,3454,1
2026-04-28,600036,14:05:25,39.4800,117,2
2026-04-28,600036,14:05:28,39.4800,263,2
2026-04-28,600036,14:05:31,39.4900,795,1
2026-04-28,600036,14:05:34,39.4900,31,2
2026-04-28,600036,14:05:37,39.4900,1278,2
2026-04-28,600036,14:05:40,39.4900,21,1
2026-04-28,600036,14:05:43,39.4900,294,2
2026-04-28,600036,14:05:46,39.4900,3,1
2026-04-28,600036,14:05:49,39.4900,63,1
2026-04-28,600036,14:05:52,39.4900,21,1
2026-04-28,600036,14:05:55,39.4900,46,1
2026-04-28,600036,14:05:58,39.4900,8,1
2026-04-28,600036,14:06:01,39.4900,21,1
2026-04-28,600036,14:06:04,39.4900,286,1
2026-04-28,600036,14:06:07,39.5000,176,1
2026-04-28,600036,14:06:10,39.5100,1031,1
2026-04-28,600036,14:06:13,39.5200,47,1
2026-04-28,600036,14:06:16,39.5200,17,1
2026-04-28,600036,14:06:19,39.5200,292,1
2026-04-28,600036,14:06:22,39.5400,362,1
2026-04-28,600036,14:06:25,39.5200,58,2
2026-04-28,600036,14:06:28,39.5300,319,1
2026-04-28,600036,14:06:31,39.5300,1086,2
2026-04-28,600036,14:06:34,39.5400,1161,1
2026-04-28,600036,14:06:37,39.5400,274,2
2026-04-28,600036,14:06:40,39.5500,41,1
2026-04-28,600036,14:06:43,39.5400,294,2
2026-04-28,600036,10:53:22,39.2700,53,1
2026-04-28,600036,10:53:25,39.2700,113,1
2026-04-28,600036,10:53:28,39.2700,140,1
2026-04-28,600036,10:53:31,39.2800,43,1
2026-04-28,600036,10:53:34,39.2800,34,1
2026-04-28,600036,10:53:37,39.2800,69,1
2026-04-28,600036,10:53:40,39.2800,13,1
2026-04-28,600036,10:53:43,39.2700,4,2
2026-04-28,600036,10:53:46,39.2700,25,2
2026-04-28,600036,10:53:49,39.2800,37,1
2026-04-28,600036,10:53:52,39.2800,39,1
2026-04-28,600036,10:53:55,39.2800,24,1
2026-04-28,600036,10:53:58,39.2800,181,1
2026-04-28,600036,10:54:01,39.2800,42,1
2026-04-28,600036,10:54:04,39.2700,141,2
2026-04-28,600036,10:54:07,39.2800,249,1
2026-04-28,600036,10:54:10,39.2700,62,2
2026-04-28,600036,10:54:13,39.2800,573,1
2026-04-28,600036,10:54:16,39.2800,29,2
2026-04-28,600036,10:54:19,39.2900,10,1
2026-04-28,600036,10:54:22,39.2900,31,1
2026-04-28,600036,10:54:25,39.3000,206,1
2026-04-28,600036,10:54:28,39.3000,44,1
2026-04-28,600036,10:54:31,39.3000,36,1
2026-04-28,600036,10:54:34,39.3000,140,1
2026-04-28,600036,10:54:37,39.3000,34,1
2026-04-28,600036,10:54:40,39.3000,139,1
2026-04-28,600036,10:54:43,39.3100,18,1
2026-04-28,600036,10:54:46,39.3000,115,2
2026-04-28,600036,10:54:49,39.3000,49,1
2026-04-28,600036,10:54:52,39.3000,183,1
2026-04-28,600036,10:54:55,39.2900,36,2
2026-04-28,600036,10:54:58,39.3000,4,1
2026-04-28,600036,10:55:01,39.3000,8,1
2026-04-28,600036,10:55:04,39.3000,42,1
2026-04-28,600036,10:55:07,39.2900,5,2
2026-04-28,600036,10:55:10,39.3000,179,1
2026-04-28,600036,10:55:13,39.3000,209,1
2026-04-28,600036,10:55:16,39.3000,168,1
2026-04-28,600036,10:55:19,39.3000,29,1
2026-04-28,600036,10:55:22,39.3000,69,1
2026-04-28,600036,10:55:25,39.3000,18,1
2026-04-28,600036,10:55:28,39.3000,67,1
2026-04-28,600036,10:55:31,39.3000,95,1
2026-04-28,600036,10:55:34,39.3000,19,1
2026-04-28,600036,10:55:37,39.3000,34,1
2026-04-28,600036,10:55:40,39.3000,7,1
2026-04-28,600036,10:55:43,39.3000,133,1
2026-04-28,600036,10:55:46,39.3000,39,2
2026-04-28,600036,10:55:49,39.3100,17,1
2026-04-28,600036,10:55:52,39.3100,25,1
2026-04-28,600036,10:55:55,39.3100,108,1
2026-04-28,600036,10:55:58,39.3000,46,2
2026-04-28,600036,10:56:01,39.3100,90,1
2026-04-28,600036,10:56:04,39.3000,43,2
2026-04-28,600036,10:56:07,39.3100,19,1
2026-04-28,600036,10:56:10,39.3100,10,1
2026-04-28,600036,10:56:13,39.3100,68,1
2026-04-28,600036,10:56:16,39.3100,25,1
2026-04-28,600036,10:56:19,39.3100,8,1
2026-04-28,600036,10:56:22,39.2900,879,2
2026-04-28,600036,10:56:25,39.3000,46,1
2026-04-28,600036,10:56:28,39.3000,26,1
2026-04-28,600036,10:56:31,39.3000,68,1
2026-04-28,600036,10:56:34,39.3000,29,2
2026-04-28,600036,10:56:37,39.3000,123,1
2026-04-28,600036,10:56:40,39.2900,27,2
2026-04-28,600036,10:56:43,39.3000,30,1
2026-04-28,600036,10:56:46,39.2900,9,2
2026-04-28,600036,10:56:49,39.2900,124,2
2026-04-28,600036,10:56:52,39.3000,50,1
2026-04-28,600036,10:56:55,39.3000,2,1
2026-04-28,600036,10:56:58,39.3000,4,1
2026-04-28,600036,10:57:01,39.3000,3,1
2026-04-28,600036,10:57:04,39.2900,21,2
2026-04-28,600036,10:57:07,39.3000,66,1
2026-04-28,600036,10:57:10,39.2900,107,2
2026-04-28,600036,10:57:13,39.3000,25,1
2026-04-28,600036,10:57:16,39.3000,2,1
2026-04-28,600036,10:57:19,39.3000,15,1
2026-04-28,600036,10:57:22,39.2900,37,2
2026-04-28,600036,10:57:25,39.2900,26,2
2026-04-28,600036,10:57:28,39.3000,38,1
2026-04-28,600036,10:57:31,39.2900,641,2
2026-04-28,600036,10:57:34,39.3000,43,1
2026-04-28,600036,10:57:37,39.3000,68,1
2026-04-28,600036,10:57:40,39.3000,42,1
2026-04-28,600036,10:57:43,39.2900,3,2
2026-04-28,600036,10:57:46,39.2900,15,2
2026-04-28,600036,10:57:49,39.3000,23,1
2026-04-28,600036,10:57:52,39.2900,20,2
2026-04-28,600036,10:57:55,39.2900,137,2
2026-04-28,600036,10:57:58,39.2900,89,2
2026-04-28,600036,10:58:01,39.3000,17,1
2026-04-28,600036,10:58:04,39.3000,109,1
2026-04-28,600036,10:58:07,39.2900,290,2
2026-04-28,600036,10:58:10,39.3000,8,1
2026-04-28,600036,10:58:13,39.2900,105,2
2026-04-28,600036,10:58:16,39.3000,80,1
2026-04-28,600036,10:58:19,39.2900,57,2
2026-04-28,600036,10:58:22,39.2900,126,2
2026-04-28,600036,10:58:25,39.3000,13,1
2026-04-28,600036,10:58:28,39.3000,59,1
2026-04-28,600036,10:58:31,39.2900,79,2
2026-04-28,600036,10:58:34,39.3000,12,1
2026-04-28,600036,10:58:37,39.3000,41,1
2026-04-28,600036,10:58:40,39.2900,94,2
2026-04-28,600036,10:58:43,39.3000,94,1
2026-04-28,600036,10:58:46,39.3000,38,1
2026-04-28,600036,10:58:49,39.3000,80,1
2026-04-28,600036,10:58:52,39.3000,389,1
2026-04-28,600036,10:58:55,39.2900,141,2
2026-04-28,600036,10:58:58,39.3000,22,1
2026-04-28,600036,10:59:01,39.3000,9,1
2026-04-28,600036,10:59:04,39.3000,52,1
2026-04-28,600036,10:59:07,39.3000,21,1
2026-04-28,600036,10:59:10,39.3000,16,1
2026-04-28,600036,10:59:13,39.3000,62,1
2026-04-28,600036,10:59:16,39.3000,123,1
2026-04-28,600036,10:59:19,39.3000,139,1
2026-04-28,600036,10:59:22,39.3000,67,1
2026-04-28,600036,10:59:25,39.3000,65,1
2026-04-28,600036,10:59:28,39.3000,23,1
2026-04-28,600036,10:59:31,39.3000,170,2
2026-04-28,600036,10:59:34,39.3100,12,1
2026-04-28,600036,10:59:37,39.3100,6,1
2026-04-28,600036,10:59:40,39.3100,118,1
2026-04-28,600036,10:59:43,39.3000,72,2
2026-04-28,600036,10:59:46,39.3100,234,1
2026-04-28,600036,10:59:49,39.3000,524,2
2026-04-28,600036,10:59:52,39.3000,14,1
2026-04-28,600036,10:59:55,39.3000,22,2
2026-04-28,600036,10:59:58,39.3000,129,2
2026-04-28,600036,11:00:01,39.3000,113,1
2026-04-28,600036,11:00:04,39.3000,43,1
2026-04-28,600036,11:00:07,39.3000,131,1
2026-04-28,600036,11:00:10,39.3000,2,2
2026-04-28,600036,11:00:13,39.3000,6,2
2026-04-28,600036,11:00:16,39.3000,29,2
2026-04-28,600036,11:00:19,39.3000,19,2
2026-04-28,600036,11:00:22,39.3000,5,2
2026-04-28,600036,11:00:25,39.3000,60,2
2026-04-28,600036,11:00:28,39.3100,40,1
2026-04-28,600036,11:00:31,39.3000,108,2
2026-04-28,600036,11:00:34,39.3100,16,1
2026-04-28,600036,11:00:37,39.3000,112,2
2026-04-28,600036,11:00:40,39.2900,396,2
2026-04-28,600036,11:00:43,39.3100,171,1
2026-04-28,600036,11:00:46,39.3000,56,4
2026-04-28,600036,11:00:49,39.3000,100,1
2026-04-28,600036,11:00:52,39.3000,51,1
2026-04-28,600036,11:00:55,39.3000,21,1
2026-04-28,600036,11:00:58,39.3000,24,1
2026-04-28,600036,11:01:01,39.3000,143,1
2026-04-28,600036,11:01:04,39.3000,12,1
2026-04-28,600036,11:01:07,39.3000,439,1
2026-04-28,600036,11:01:10,39.2900,23,2
2026-04-28,600036,11:01:13,39.3100,53,1
2026-04-28,600036,11:01:16,39.3100,8,1
2026-04-28,600036,11:01:19,39.3100,98,1
2026-04-28,600036,11:01:22,39.3000,2,2
2026-04-28,600036,11:01:25,39.3000,21,2
2026-04-28,600036,11:01:28,39.3000,3,2
2026-04-28,600036,11:01:31,39.3100,163,1
2026-04-28,600036,11:01:34,39.3100,7,1
2026-04-28,600036,11:01:37,39.3100,351,1
2026-04-28,600036,11:01:40,39.3100,268,1
2026-04-28,600036,11:01:43,39.3100,40,1
2026-04-28,600036,11:01:46,39.3100,26,1
2026-04-28,600036,11:01:49,39.3100,14,1
2026-04-28,600036,11:01:52,39.3100,43,1
2026-04-28,600036,11:01:55,39.3100,32,1
2026-04-28,600036,11:01:58,39.3100,34,2
2026-04-28,600036,11:02:01,39.3100,96,2
2026-04-28,600036,11:02:04,39.3200,48,1
2026-04-28,600036,11:02:07,39.3200,32,1
2026-04-28,600036,11:02:10,39.3100,63,2
2026-04-28,600036,11:02:13,39.3200,15,1
2026-04-28,600036,11:02:16,39.3200,28,1
2026-04-28,600036,11:02:19,39.3200,6,1
2026-04-28,600036,11:02:22,39.3200,18,1
2026-04-28,600036,11:02:25,39.3200,10,1
2026-04-28,600036,11:02:28,39.3200,75,1
2026-04-28,600036,11:02:31,39.3200,4,1
2026-04-28,600036,11:02:34,39.3200,148,1
2026-04-28,600036,11:02:37,39.3300,1262,1
2026-04-28,600036,11:02:40,39.3200,36,2
2026-04-28,600036,11:02:43,39.3300,17,1
2026-04-28,600036,11:02:46,39.3300,90,1
2026-04-28,600036,11:02:49,39.3300,5,1
2026-04-28,600036,11:02:52,39.3200,47,2
2026-04-28,600036,11:02:55,39.3300,5,1
2026-04-28,600036,11:02:58,39.3300,5,1
2026-04-28,600036,11:03:01,39.3300,11,1
2026-04-28,600036,11:03:04,39.3300,29,1
2026-04-28,600036,11:03:07,39.3300,27,1
2026-04-28,600036,11:03:10,39.3300,21,1
2026-04-28,600036,11:03:13,39.3300,27,1
2026-04-28,600036,11:03:16,39.3300,7,1
2026-04-28,600036,11:03:19,39.3300,202,1
2026-04-28,600036,11:03:22,39.3300,13,2
2026-04-28,600036,11:03:25,39.3300,39,2
2026-04-28,600036,11:03:28,39.3400,6,1
2026-04-28,600036,11:03:31,39.3300,37,2
2026-04-28,600036,11:03:34,39.3300,3,2
2026-04-28,600036,11:03:37,39.3300,6,2
2026-04-28,600036,11:03:40,39.3300,304,2
2026-04-28,600036,11:03:43,39.3400,205,1
2026-04-28,600036,11:03:49,39.3400,47,1
2026-04-28,600036,11:03:52,39.3400,9,1
2026-04-28,600036,11:03:55,39.3300,631,2
2026-04-28,600036,11:03:58,39.3300,4,1
2026-04-28,600036,11:04:01,39.3300,178,1
2026-04-28,600036,11:04:04,39.3200,7,2
2026-04-28,600036,11:04:07,39.3300,4,1
2026-04-28,600036,11:04:10,39.3200,12,2
2026-04-28,600036,11:04:13,39.3200,1,2
2026-04-28,600036,11:04:16,39.3300,34,1
2026-04-28,600036,11:04:19,39.3200,17,2
2026-04-28,600036,11:04:22,39.3200,3,2
2026-04-28,600036,11:04:25,39.3300,51,1
2026-04-28,600036,11:04:28,39.3200,22,2
2026-04-28,600036,11:04:31,39.3300,3,1
2026-04-28,600036,11:04:34,39.3200,218,2
2026-04-28,600036,11:04:37,39.3200,258,2
2026-04-28,600036,11:04:40,39.3200,42,1
2026-04-28,600036,11:04:43,39.3300,21,1
2026-04-28,600036,11:04:49,39.3200,57,2
2026-04-28,600036,11:04:52,39.3200,13,2
2026-04-28,600036,11:04:55,39.3300,10,1
2026-04-28,600036,11:04:58,39.3200,5,2
2026-04-28,600036,11:05:01,39.3300,51,1
2026-04-28,600036,11:05:04,39.3200,88,2
2026-04-28,600036,11:05:07,39.3300,5,1
2026-04-28,600036,11:05:10,39.3300,13,1
2026-04-28,600036,11:05:13,39.3300,39,1
2026-04-28,600036,11:05:16,39.3300,4,1
2026-04-28,600036,11:05:19,39.3300,14,1
2026-04-28,600036,11:05:22,39.3200,2,2
2026-04-28,600036,11:05:25,39.3300,56,1
2026-04-28,600036,11:05:28,39.3200,19,2
2026-04-28,600036,11:05:34,39.3300,5,1
2026-04-28,600036,11:05:37,39.3200,21,2
2026-04-28,600036,11:05:40,39.3200,19,2
2026-04-28,600036,11:05:43,39.3200,39,2
2026-04-28,600036,11:05:46,39.3200,33,2
2026-04-28,600036,11:05:49,39.3200,197,2
2026-04-28,600036,11:05:52,39.3100,7,2
2026-04-28,600036,11:05:55,39.3200,34,1
2026-04-28,600036,11:06:01,39.3100,22,2
2026-04-28,600036,11:06:04,39.3100,19,2
2026-04-28,600036,11:06:07,39.3100,38,2
2026-04-28,600036,11:06:10,39.3100,45,2
2026-04-28,600036,11:06:13,39.3100,347,2
2026-04-28,600036,11:06:16,39.3000,3,2
2026-04-28,600036,11:06:19,39.3000,18,2
2026-04-28,600036,11:06:22,39.3000,23,2
2026-04-28,600036,11:06:25,39.3100,1,1
2026-04-28,600036,11:06:28,39.3000,86,2
2026-04-28,600036,11:06:31,39.3000,1,2
2026-04-28,600036,11:06:34,39.3100,25,1
2026-04-28,600036,11:06:37,39.3100,19,1
2026-04-28,600036,11:06:40,39.3000,12,2
2026-04-28,600036,11:06:43,39.3100,30,1
2026-04-28,600036,11:06:46,39.3100,37,1
2026-04-28,600036,11:06:49,39.3100,4,1
2026-04-28,600036,11:06:52,39.3100,72,1
2026-04-28,600036,11:06:55,39.3100,10,1
2026-04-28,600036,11:06:58,39.3000,153,2
2026-04-28,600036,11:07:01,39.3000,51,2
2026-04-28,600036,11:07:04,39.3000,55,2
2026-04-28,600036,11:07:10,39.3000,34,2
2026-04-28,600036,11:07:13,39.3100,14,1
2026-04-28,600036,11:07:16,39.3000,6,2
2026-04-28,600036,11:07:19,39.3100,369,1
2026-04-28,600036,11:07:22,39.3000,25,2
2026-04-28,600036,11:07:25,39.3100,14,1
2026-04-28,600036,11:07:28,39.3100,28,1
2026-04-28,600036,11:07:31,39.3200,37,1
2026-04-28,600036,11:07:34,39.3100,25,2
2026-04-28,600036,11:07:37,39.3200,3,1
2026-04-28,600036,11:07:40,39.3100,24,2
2026-04-28,600036,11:07:43,39.3200,28,1
2026-04-28,600036,11:07:46,39.3100,65,2
2026-04-28,600036,11:07:49,39.3100,2,2
2026-04-28,600036,11:07:52,39.3100,49,2
2026-04-28,600036,11:07:55,39.3100,77,1
2026-04-28,600036,11:07:58,39.3100,34,1
2026-04-28,600036,11:08:01,39.3100,21,1
2026-04-28,600036,11:08:04,39.3100,49,1
2026-04-28,600036,11:08:07,39.3100,86,1
2026-04-28,600036,11:08:10,39.3000,15,2
2026-04-28,600036,11:08:13,39.3100,112,1
2026-04-28,600036,11:08:16,39.3100,3,2
2026-04-28,600036,11:08:19,39.3100,4,2
2026-04-28,600036,11:08:22,39.3100,3,2
2026-04-28,600036,11:08:25,39.3200,1,1
2026-04-28,600036,11:08:28,39.3100,4,2
2026-04-28,600036,11:08:31,39.3200,4,1
2026-04-28,600036,11:08:34,39.3200,18,1
2026-04-28,600036,11:08:37,39.3100,26,2
2026-04-28,600036,11:08:43,39.3100,306,2
2026-04-28,600036,11:08:46,39.3100,5,1
2026-04-28,600036,11:08:49,39.3100,72,1
2026-04-28,600036,11:08:52,39.3100,230,2
2026-04-28,600036,11:08:55,39.3100,166,2
2026-04-28,600036,11:08:58,39.3100,271,1
2026-04-28,600036,11:09:01,39.3100,60,2
2026-04-28,600036,11:09:04,39.3100,76,2
2026-04-28,600036,11:09:07,39.3100,37,1
2026-04-28,600036,11:09:10,39.3100,7,1
2026-04-28,600036,11:09:13,39.3000,52,2
2026-04-28,600036,11:09:16,39.3100,36,1
2026-04-28,600036,11:09:19,39.3100,14,1
2026-04-28,600036,11:09:22,39.3000,10,2
2026-04-28,600036,11:09:25,39.3000,159,2
2026-04-28,600036,11:09:28,39.3000,37,2
2026-04-28,600036,11:09:31,39.3000,109,2
2026-04-28,600036,11:09:34,39.3100,5,1
2026-04-28,600036,11:09:37,39.3000,47,2
2026-04-28,600036,11:09:40,39.3100,9,1
2026-04-28,600036,11:09:43,39.3100,81,1
2026-04-28,600036,11:09:46,39.3000,25,2
2026-04-28,600036,11:09:49,39.3000,35,2
2026-04-28,600036,11:09:52,39.3000,28,2
2026-04-28,600036,11:09:55,39.3100,1,1
2026-04-28,600036,11:09:58,39.3100,12,1
2026-04-28,600036,11:10:01,39.3000,6,2
2026-04-28,600036,11:10:04,39.3000,1,2
2026-04-28,600036,11:10:07,39.3100,10,1
2026-04-28,600036,11:10:10,39.3000,18,2
2026-04-28,600036,11:10:13,39.3100,25,1
2026-04-28,600036,11:10:16,39.3100,6,1
2026-04-28,600036,11:10:19,39.3100,26,1
2026-04-28,600036,11:10:22,39.3000,82,2
2026-04-28,600036,11:10:25,39.3100,47,1
2026-04-28,600036,11:10:28,39.3100,26,1
2026-04-28,600036,11:10:31,39.3000,4,2
2026-04-28,600036,11:10:34,39.3000,7,2
2026-04-28,600036,11:10:37,39.3100,13,1
2026-04-28,600036,11:10:43,39.3100,72,1
2026-04-28,600036,11:10:46,39.3000,186,2
2026-04-28,600036,11:10:49,39.3000,25,2
2026-04-28,600036,11:10:52,39.3000,49,2
2026-04-28,600036,11:10:55,39.3000,14,2
2026-04-28,600036,11:10:58,39.3100,2,1
2026-04-28,600036,11:11:01,39.3000,67,2
2026-04-28,600036,11:11:04,39.3100,134,1
2026-04-28,600036,11:11:07,39.3100,21,1
2026-04-28,600036,11:11:10,39.3100,12,1
2026-04-28,600036,11:11:13,39.3000,24,2
2026-04-28,600036,11:11:16,39.3100,44,1
2026-04-28,600036,11:11:19,39.3000,93,2
2026-04-28,600036,11:11:22,39.3000,45,2
2026-04-28,600036,11:11:25,39.3000,30,2
2026-04-28,600036,11:11:28,39.3000,40,2
2026-04-28,600036,11:11:31,39.3000,30,2
2026-04-28,600036,11:11:34,39.3000,46,2
2026-04-28,600036,11:11:37,39.3000,23,2
2026-04-28,600036,11:11:40,39.3000,90,2
2026-04-28,600036,11:11:43,39.3000,73,2
2026-04-28,600036,11:11:46,39.3100,22,1
2026-04-28,600036,11:11:49,39.3000,9,2
2026-04-28,600036,11:11:52,39.3000,3,2
2026-04-28,600036,11:11:55,39.3000,11,2
2026-04-28,600036,11:11:58,39.3000,168,2
2026-04-28,600036,11:12:01,39.3100,10,1
2026-04-28,600036,11:12:04,39.3000,8,2
2026-04-28,600036,11:12:07,39.3000,17,2
2026-04-28,600036,11:12:10,39.3000,9,2
2026-04-28,600036,11:12:13,39.3000,42,2
2026-04-28,600036,11:12:16,39.3100,42,1
2026-04-28,600036,11:12:19,39.3000,17,2
2026-04-28,600036,11:12:22,39.3000,36,2
2026-04-28,600036,11:12:25,39.3000,42,2
2026-04-28,600036,11:12:31,39.3100,3,1
2026-04-28,600036,11:12:34,39.3000,7,2
2026-04-28,600036,11:12:37,39.3100,20,1
2026-04-28,600036,11:12:40,39.3200,912,1
2026-04-28,600036,11:12:43,39.3200,117,1
2026-04-28,600036,11:12:46,39.3200,19,1
2026-04-28,600036,11:12:49,39.3200,347,1
2026-04-28,600036,11:12:52,39.3200,117,1
2026-04-28,600036,11:12:55,39.3300,31,1
2026-04-28,600036,11:12:58,39.3300,264,1
2026-04-28,600036,11:13:01,39.3200,35,2
2026-04-28,600036,11:13:04,39.3100,155,2
2026-04-28,600036,11:13:07,39.3200,22,1
2026-04-28,600036,11:13:10,39.3100,24,2
2026-04-28,600036,11:13:13,39.3200,101,1
2026-04-28,600036,11:13:16,39.3200,10,1
2026-04-28,600036,11:13:19,39.3200,19,1
2026-04-28,600036,11:13:22,39.3100,3,2
2026-04-28,600036,11:13:25,39.3200,6,1
2026-04-28,600036,11:13:28,39.3200,6,1
2026-04-28,600036,11:13:31,39.3200,33,1
2026-04-28,600036,11:13:34,39.3200,4,1
2026-04-28,600036,11:13:37,39.3200,1,1
2026-04-28,600036,11:13:40,39.3200,106,1
2026-04-28,600036,11:13:43,39.3200,9,1
2026-04-28,600036,11:13:46,39.3100,16,2
2026-04-28,600036,11:13:49,39.3100,36,2
2026-04-28,600036,11:13:52,39.3200,23,1
2026-04-28,600036,11:13:55,39.3200,6,1
2026-04-28,600036,11:13:58,39.3100,7,2
2026-04-28,600036,11:14:01,39.3200,3,1
2026-04-28,600036,11:14:04,39.3200,32,1
2026-04-28,600036,11:14:10,39.3100,4,2
2026-04-28,600036,11:14:13,39.3100,105,2
2026-04-28,600036,11:14:16,39.3100,82,2
2026-04-28,600036,11:14:19,39.3100,77,2
2026-04-28,600036,11:14:22,39.3100,10,2
2026-04-28,600036,11:14:25,39.3100,1,2
2026-04-28,600036,11:14:28,39.3200,40,1
2026-04-28,600036,11:14:31,39.3200,4,1
2026-04-28,600036,11:14:34,39.3100,2,2
2026-04-28,600036,11:14:37,39.3200,1,1
2026-04-28,600036,11:14:40,39.3100,94,2
2026-04-28,600036,11:14:43,39.3100,9,2
2026-04-28,600036,11:14:46,39.3100,34,2
2026-04-28,600036,11:14:49,39.3200,1,1
2026-04-28,600036,11:14:52,39.3200,64,1
2026-04-28,600036,11:14:55,39.3100,6,2
2026-04-28,600036,11:14:58,39.3200,1,1
2026-04-28,600036,11:15:04,39.3200,3,1
2026-04-28,600036,11:15:07,39.3200,129,1
2026-04-28,600036,11:15:10,39.3200,36,1
2026-04-28,600036,11:15:13,39.3100,4,2
2026-04-28,600036,11:15:16,39.3200,77,1
2026-04-28,600036,11:15:19,39.3100,176,2
2026-04-28,600036,11:15:22,39.3300,505,1
2026-04-28,600036,11:15:25,39.3200,13,1
2026-04-28,600036,11:15:31,39.3300,28,1
2026-04-28,600036,11:15:34,39.3300,28,1
2026-04-28,600036,11:15:37,39.3300,527,1
2026-04-28,600036,11:15:40,39.3300,23,1
2026-04-28,600036,11:15:43,39.3200,121,2
2026-04-28,600036,11:15:46,39.3300,56,1
2026-04-28,600036,11:15:49,39.3200,13,2
2026-04-28,600036,11:15:52,39.3300,508,1
2026-04-28,600036,11:15:55,39.3300,54,1
2026-04-28,600036,11:15:58,39.3200,54,2
2026-04-28,600036,11:16:01,39.3200,78,2
2026-04-28,600036,11:16:04,39.3600,1031,1
2026-04-28,600036,11:16:07,39.3400,52,2
2026-04-28,600036,11:16:10,39.3300,16,2
2026-04-28,600036,11:16:13,39.3400,5,1
2026-04-28,600036,11:16:16,39.3400,99,1
2026-04-28,600036,11:16:19,39.3300,93,2
2026-04-28,600036,11:16:22,39.3300,29,1
2026-04-28,600036,11:16:25,39.3400,2,1
2026-04-28,600036,11:16:28,39.3300,8,2
2026-04-28,600036,11:16:31,39.3300,33,2
2026-04-28,600036,11:16:34,39.3400,28,1
2026-04-28,600036,11:16:37,39.3300,9,4
2026-04-28,600036,11:16:40,39.3200,204,2
2026-04-28,600036,11:16:43,39.3300,32,1
2026-04-28,600036,11:16:46,39.3300,20,1
2026-04-28,600036,11:16:49,39.3200,6,2
2026-04-28,600036,11:16:52,39.3300,11,1
2026-04-28,600036,11:16:55,39.3300,4,1
2026-04-28,600036,11:16:58,39.3300,66,1
2026-04-28,600036,11:17:01,39.3300,15,1
2026-04-28,600036,11:17:04,39.3200,1,2
2026-04-28,600036,11:17:07,39.3300,71,1
2026-04-28,600036,11:17:10,39.3200,10,2
2026-04-28,600036,11:17:13,39.3200,3,2
2026-04-28,600036,11:17:16,39.3200,2,2
2026-04-28,600036,11:17:22,39.3200,2,2
2026-04-28,600036,11:17:25,39.3300,38,1
2026-04-28,600036,11:17:31,39.3200,8,2
2026-04-28,600036,11:17:34,39.3200,3,2
2026-04-28,600036,11:17:37,39.3300,12,1
2026-04-28,600036,11:17:43,39.3300,23,1
2026-04-28,600036,11:17:46,39.3200,65,2
2026-04-28,600036,11:17:49,39.3200,53,2
2026-04-28,600036,11:17:52,39.3200,2,2
2026-04-28,600036,11:18:01,39.3300,18,1
2026-04-28,600036,11:18:04,39.3300,396,1
2026-04-28,600036,11:18:07,39.3300,65,2
2026-04-28,600036,11:18:10,39.3300,6,2
2026-04-28,600036,11:18:13,39.3400,41,1
2026-04-28,600036,11:18:16,39.3400,20,1
2026-04-28,600036,11:18:19,39.3400,6,1
2026-04-28,600036,11:18:22,39.3400,48,1
2026-04-28,600036,11:18:25,39.3400,9,1
2026-04-28,600036,11:18:28,39.3400,5,1
2026-04-28,600036,11:18:31,39.3400,69,1
2026-04-28,600036,11:18:34,39.3300,32,2
2026-04-28,600036,11:18:37,39.3300,64,2
2026-04-28,600036,11:18:40,39.3300,29,2
