date,code,time,price,volume,bs
2026-01-16,000001,14:06:51,11.1700,351,2
2026-01-16,000001,14:06:54,11.1700,633,2
2026-01-16,000001,14:06:57,11.1800,436,1
2026-01-16,000001,14:07:00,11.1700,181,2
2026-01-16,000001,14:07:03,11.1800,567,1
2026-01-16,000001,14:07:06,11.1700,176,2
2026-01-16,000001,14:07:09,11.1700,263,2
2026-01-16,000001,14:07:12,11.1700,361,2
2026-01-16,000001,14:07:15,11.1700,206,2
2026-01-16,000001,14:07:18,11.1800,224,1
2026-01-16,000001,14:07:21,11.1700,241,2
2026-01-16,000001,14:07:24,11.1700,85,2
2026-01-16,000001,14:07:27,11.1800,238,1
2026-01-16,000001,14:07:30,11.1700,193,2
2026-01-16,000001,14:07:33,11.1800,398,1
2026-01-16,000001,14:07:36,11.1700,1731,2
2026-01-16,000001,14:07:39,11.1700,393,2
2026-01-16,000001,14:07:42,11.1700,284,2
2026-01-16,000001,14:07:45,11.1700,609,2
2026-01-16,000001,14:07:48,11.1700,278,2
2026-01-16,000001,14:07:51,11.1700,248,2
2026-01-16,000001,14:07:54,11.1700,295,2
2026-01-16,000001,14:07:57,11.1800,305,1
2026-01-16,000001,14:08:00,11.1700,199,2
2026-01-16,000001,14:08:03,11.1700,147,2
2026-01-16,000001,14:08:06,11.1700,450,2
2026-01-16,000001,14:08:09,11.1700,31,2
2026-01-16,000001,14:08:12,11.1700,192,2
2026-01-16,000001,14:08:15,11.1800,139,1
2026-01-16,000001,14:08:18,11.1800,2447,1
2026-01-16,000001,14:08:21,11.1800,951,1
2026-01-16,000001,14:08:24,11.1800,240,1
2026-01-16,000001,14:08:27,11.1800,1520,1
2026-01-16,000001,14:08:30,11.1800,21,2
2026-01-16,000001,14:08:33,11.1900,132,1
2026-01-16,000001,14:08:36,11.1800,194,2
2026-01-16,000001,14:08:39,11.1800,139,2
2026-01-16,000001,14:08:42,11.1900,73,1
2026-01-16,000001,14:08:45,11.1700,321,2
2026-01-16,000001,14:08:48,11.1800,122,4
2026-01-16,000001,14:08:51,11.1800,306,1
2026-01-16,000001,14:08:54,11.1700,40,2
2026-01-16,000001,14:08:57,11.1800,443,1
2026-01-16,000001,14:09:00,11.1700,217,2
2026-01-16,000001,14:09:03,11.1800,297,1
2026-01-16,000001,14:09:06,11.1700,101,2
2026-01-16,000001,14:09:09,11.1800,214,1
2026-01-16,000001,14:09:12,11.1700,145,2
2026-01-16,000001,14:09:15,11.1700,249,2
2026-01-16,000001,14:09:18,11.1700,260,2
2026-01-16,000001,14:09:21,11.1800,84,1
2026-01-16,000001,14:09:24,11.1700,230,2
2026-01-16,000001,14:09:27,11.1800,187,1
2026-01-16,000001,14:09:30,11.1800,194,1
2026-01-16,000001,14:09:33,11.1800,80,1
2026-01-16,000001,14:09:36,11.1700,255,2
2026-01-16,000001,14:09:39,11.1700,161,2
2026-01-16,000001,14:09:42,11.1800,430,1
2026-01-16,000001,14:09:45,11.1800,23,2
2026-01-16,000001,14:09:48,11.1800,206,2
2026-01-16,000001,14:09:51,11.1800,121,2
2026-01-16,000001,14:09:54,11.1800,563,2
2026-01-16,000001,14:09:57,11.1900,223,1
2026-01-16,000001,14:10:00,11.1800,240,2
2026-01-16,000001,14:10:03,11.1900,114,1
2026-01-16,000001,14:10:06,11.1800,114,2
2026-01-16,000001,14:10:09,11.1800,400,2
2026-01-16,000001,14:10:12,11.1900,338,1
2026-01-16,000001,14:10:15,11.1800,246,2
2026-01-16,000001,14:10:18,11.1800,388,2
2026-01-16,000001,14:10:21,11.1800,134,2
2026-01-16,000001,14:10:24,11.1800,112,2
2026-01-16,000001,14:10:27,11.1800,269,1
2026-01-16,000001,14:10:30,11.1900,179,1
2026-01-16,000001,14:10:33,11.1800,174,2
2026-01-16,000001,14:10:36,11.1900,128,1
2026-01-16,000001,14:10:39,11.1800,132,2
2026-01-16,000001,14:10:42,11.1800,300,2
2026-01-16,000001,14:10:45,11.1900,105,1
2026-01-16,000001,14:10:48,11.1800,187,2
2026-01-16,000001,14:10:51,11.1800,199,2
2026-01-16,000001,14:10:54,11.1800,178,2
2026-01-16,000001,14:10:57,11.1900,26,1
2026-01-16,000001,14:11:00,11.1800,142,2
2026-01-16,000001,14:11:03,11.1800,170,2
2026-01-16,000001,14:11:06,11.1800,159,2
2026-01-16,000001,14:11:09,11.1900,130,1
2026-01-16,000001,14:11:12,11.1900,103,1
2026-01-16,000001,14:11:15,11.1800,129,2
2026-01-16,000001,14:11:18,11.1800,42,2
2026-01-16,000001,14:11:21,11.1800,94,2
2026-01-16,000001,14:11:24,11.1900,16,1
2026-01-16,000001,14:11:27,11.1900,19,1
2026-01-16,000001,14:11:30,11.1900,72,1
2026-01-16,000001,14:11:33,11.1900,48,1
2026-01-16,000001,14:11:36,11.1800,95,2
2026-01-16,000001,14:11:39,11.1800,100,2
2026-01-16,000001,14:11:42,11.1900,106,1
2026-01-16,000001,14:11:45,11.1900,36,1
2026-01-16,000001,14:11:48,11.1900,598,1
2026-01-16,000001,14:11:51,11.1800,19,2
2026-01-16,000001,14:11:54,11.1800,73,2
2026-01-16,000001,14:11:57,11.1900,220,1
2026-01-16,000001,14:12:00,11.1800,4,2
2026-01-16,000001,14:12:03,11.1800,142,2
2026-01-16,000001,14:12:06,11.1900,161,1
2026-01-16,000001,14:12:09,11.1900,103,1
2026-01-16,000001,14:12:12,11.1900,455,1
2026-01-16,000001,14:12:15,11.1900,24,1
2026-01-16,000001,14:12:18,11.1900,231,1
2026-01-16,000001,14:12:21,11.1900,242,1
2026-01-16,000001,14:12:24,11.1900,31,1
2026-01-16,000001,14:12:27,11.1900,23,1
2026-01-16,000001,14:12:30,11.1800,57,2
2026-01-16,000001,14:12:33,11.1800,109,2
2026-01-16,000001,14:12:36,11.1900,54,1
2026-01-16,000001,14:12:39,11.1800,170,2
2026-01-16,000001,14:12:42,11.1900,11,1
2026-01-16,000001,14:12:45,11.1900,117,1
2026-01-16,000001,14:12:48,11.1900,69,1
2026-01-16,000001,14:12:51,11.1800,50,2
2026-01-16,000001,14:12:54,11.1800,23,2
2026-01-16,000001,14:12:57,11.1900,14,1
2026-01-16,000001,14:13:00,11.1800,44,2
2026-01-16,000001,14:13:03,11.1800,13,2
2026-01-16,000001,14:13:09,11.1900,50,1
2026-01-16,000001,14:13:12,11.1900,79,1
2026-01-16,000001,14:13:15,11.1800,100,2
2026-01-16,000001,14:13:18,11.1800,81,2
2026-01-16,000001,14:13:21,11.1900,111,1
2026-01-16,000001,14:13:24,11.1900,6,1
2026-01-16,000001,14:13:27,11.1900,35,1
2026-01-16,000001,14:13:30,11.1900,5,1
2026-01-16,000001,14:13:33,11.1800,106,2
2026-01-16,000001,14:13:36,11.1800,7,2
2026-01-16,000001,14:13:39,11.1900,49,1
2026-01-16,000001,14:13:42,11.1800,29,2
2026-01-16,000001,14:13:45,11.1900,114,1
2026-01-16,000001,14:13:48,11.1800,76,2
2026-01-16,000001,14:13:51,11.1800,43,2
2026-01-16,000001,14:13:54,11.1800,277,2
2026-01-16,000001,14:13:57,11.1800,27,2
2026-01-16,000001,14:14:00,11.1800,129,2
2026-01-16,000001,14:14:03,11.1800,20,2
2026-01-16,000001,14:14:06,11.1900,69,1
2026-01-16,000001,14:14:09,11.1800,54,2
2026-01-16,000001,14:14:12,11.1900,552,1
2026-01-16,000001,14:14:15,11.1900,584,1
2026-01-16,000001,14:14:18,11.1800,69,2
2026-01-16,000001,14:14:21,11.1800,54,2
2026-01-16,000001,14:14:24,11.1800,99,2
2026-01-16,000001,14:14:27,11.1800,130,2
2026-01-16,000001,14:14:30,11.1800,141,2
2026-01-16,000001,14:14:33,11.1800,93,2
2026-01-16,000001,14:14:36,11.1900,81,1
2026-01-16,000001,14:14:39,11.1900,243,1
2026-01-16,000001,14:14:42,11.1800,37,2
2026-01-16,000001,14:14:45,11.1800,50,2
2026-01-16,000001,14:14:48,11.1800,160,2
2026-01-16,000001,14:14:51,11.1800,51,2
2026-01-16,000001,14:14:54,11.1800,32,2
2026-01-16,000001,14:14:57,11.1900,46,1
2026-01-16,000001,14:15:00,11.1800,26,2
2026-01-16,000001,14:15:03,11.1900,89,1
2026-01-16,000001,14:15:06,11.1800,7,2
2026-01-16,000001,14:15:09,11.1900,56,1
2026-01-16,000001,14:15:12,11.1900,30,1
2026-01-16,000001,14:15:15,11.1800,75,2
2026-01-16,000001,14:15:18,11.1800,83,2
2026-01-16,000001,14:15:21,11.1900,5,1
2026-01-16,000001,14:15:24,11.1800,49,2
2026-01-16,000001,14:15:27,11.1900,30,1
2026-01-16,000001,14:15:30,11.1800,46,2
2026-01-16,000001,14:15:33,11.1800,123,2
2026-01-16,000001,14:15:36,11.1800,2,2
2026-01-16,000001,14:15:39,11.1800,92,2
2026-01-16,000001,14:15:42,11.1800,166,2
2026-01-16,000001,14:15:45,11.1800,73,2
2026-01-16,000001,14:15:48,11.1800,222,2
2026-01-16,000001,14:15:51,11.1900,104,1
2026-01-16,000001,14:15:54,11.1800,81,2
2026-01-16,000001,14:15:57,11.1800,228,2
2026-01-16,000001,14:16:00,11.1800,99,2
2026-01-16,000001,14:16:03,11.1900,176,1
2026-01-16,000001,14:16:06,11.1800,554,2
2026-01-16,000001,14:16:09,11.1800,102,2
2026-01-16,000001,14:16:12,11.1900,25,1
2026-01-16,000001,14:16:15,11.1800,106,2
2026-01-16,000001,14:16:18,11.1800,132,2
2026-01-16,000001,14:16:21,11.1900,87,1
2026-01-16,000001,14:16:24,11.1900,125,1
2026-01-16,000001,14:16:27,11.1900,46,1
2026-01-16,000001,14:16:30,11.1900,1083,1
2026-01-16,000001,14:16:33,11.1800,34,2
2026-01-16,000001,14:16:36,11.1800,49,2
2026-01-16,000001,14:16:39,11.1900,65,1
2026-01-16,000001,14:16:42,11.1800,6,2
2026-01-16,000001,14:16:45,11.1800,72,2
2026-01-16,000001,14:16:48,11.1900,33,1
2026-01-16,000001,14:16:51,11.1800,208,2
2026-01-16,000001,14:16:54,11.1900,334,1
2026-01-16,000001,14:16:57,11.1900,37,1
2026-01-16,000001,14:17:00,11.1800,132,2
2026-01-16,000001,14:17:03,11.1800,20,2
2026-01-16,000001,14:17:06,11.1900,8,1
2026-01-16,000001,14:17:09,11.1800,50,2
2026-01-16,000001,14:17:12,11.1900,1,1
2026-01-16,000001,14:17:15,11.1800,146,2
2026-01-16,000001,14:17:18,11.1900,24,1
2026-01-16,000001,14:17:21,11.1800,145,2
2026-01-16,000001,14:17:24,11.1800,56,2
2026-01-16,000001,14:17:27,11.1900,65,1
2026-01-16,000001,14:17:30,11.1800,80,2
2026-01-16,000001,14:17:33,11.1900,10,1
2026-01-16,000001,14:17:36,11.1800,163,2
2026-01-16,000001,14:17:39,11.1900,42,1
2026-01-16,000001,14:17:45,11.1800,111,2
2026-01-16,000001,14:17:48,11.1900,13,1
2026-01-16,000001,14:17:51,11.1800,7,2
2026-01-16,000001,14:17:54,11.1800,14,2
2026-01-16,000001,14:17:57,11.1900,37,1
2026-01-16,000001,14:18:00,11.1800,76,2
2026-01-16,000001,14:18:03,11.1800,412,2
2026-01-16,000001,14:18:06,11.1800,41,2
2026-01-16,000001,14:18:09,11.1900,4,1
2026-01-16,000001,14:18:12,11.1900,49,1
2026-01-16,000001,14:18:15,11.1800,3,2
2026-01-16,000001,14:18:18,11.1900,14,1
2026-01-16,000001,14:18:21,11.1900,6,1
2026-01-16,000001,14:18:24,11.1800,20,2
2026-01-16,000001,14:18:27,11.1900,4,1
2026-01-16,000001,14:18:30,11.1900,59,1
2026-01-16,000001,14:18:36,11.1800,64,2
2026-01-16,000001,14:18:39,11.1900,227,1
2026-01-16,000001,14:18:42,11.1800,27,2
2026-01-16,000001,14:18:45,11.1900,15,1
2026-01-16,000001,14:18:48,11.1900,107,1
2026-01-16,000001,14:18:51,11.1900,6,1
2026-01-16,000001,14:18:54,11.1900,135,1
2026-01-16,000001,14:18:57,11.1900,19,1
2026-01-16,000001,14:19:00,11.1900,57,1
2026-01-16,000001,14:19:03,11.1900,70,1
2026-01-16,000001,14:19:06,11.1900,91,1
2026-01-16,000001,14:19:09,11.2000,2263,1
2026-01-16,000001,14:19:12,11.1900,16,2
2026-01-16,000001,14:19:15,11.1900,17,2
2026-01-16,000001,14:19:18,11.1900,410,2
2026-01-16,000001,14:19:21,11.1900,145,2
2026-01-16,000001,14:19:24,11.2000,248,1
2026-01-16,000001,14:19:27,11.2000,200,1
2026-01-16,000001,14:19:30,11.1900,119,2
2026-01-16,000001,14:19:33,11.2000,32,1
2026-01-16,000001,14:19:36,11.1900,27,2
2026-01-16,000001,14:19:39,11.2000,128,1
2026-01-16,000001,14:19:42,11.1900,9,2
2026-01-16,000001,14:19:45,11.2000,35,1
2026-01-16,000001,14:19:48,11.2000,17,1
2026-01-16,000001,14:19:51,11.2000,16,1
2026-01-16,000001,14:19:54,11.2000,8,1
2026-01-16,000001,14:19:57,11.1900,2032,2
2026-01-16,000001,14:20:00,11.1900,134,1
2026-01-16,000001,14:20:03,11.1900,84,1
2026-01-16,000001,14:20:06,11.1800,218,2
2026-01-16,000001,14:20:09,11.1800,125,2
2026-01-16,000001,14:20:12,11.1900,58,1
2026-01-16,000001,14:20:15,11.1800,99,2
2026-01-16,000001,14:20:18,11.1900,265,1
2026-01-16,000001,14:20:21,11.1900,151,1
2026-01-16,000001,14:20:24,11.1900,116,1
2026-01-16,000001,14:20:27,11.1900,516,1
2026-01-16,000001,14:20:30,11.1900,33,1
2026-01-16,000001,14:20:33,11.1900,176,1
2026-01-16,000001,14:20:36,11.1800,32,2
2026-01-16,000001,14:20:39,11.1800,63,2
2026-01-16,000001,14:20:42,11.1900,15,1
2026-01-16,000001,14:20:45,11.1800,10,2
2026-01-16,000001,14:20:48,11.1800,58,2
2026-01-16,000001,14:20:51,11.1900,414,1
2026-01-16,000001,14:20:54,11.1800,59,2
2026-01-16,000001,14:20:57,11.1900,45,1
2026-01-16,000001,14:21:00,11.1900,24,1
2026-01-16,000001,14:21:03,11.1900,39,1
2026-01-16,000001,14:21:06,11.1900,87,1
2026-01-16,000001,14:21:09,11.1900,78,1
2026-01-16,000001,14:21:12,11.1900,22,1
2026-01-16,000001,14:21:15,11.1900,16,1
2026-01-16,000001,14:21:18,11.1900,37,1
2026-01-16,000001,14:21:21,11.1800,81,2
2026-01-16,000001,14:21:24,11.1900,1412,1
2026-01-16,000001,14:21:27,11.1900,11,1
2026-01-16,000001,14:21:30,11.1900,21,1
2026-01-16,000001,14:21:33,11.1900,113,1
2026-01-16,000001,14:21:36,11.1800,75,2
2026-01-16,000001,14:21:39,11.1900,37,1
2026-01-16,000001,14:21:42,11.1800,5,2
2026-01-16,000001,14:21:45,11.1800,6,2
2026-01-16,000001,14:21:48,11.1900,31,1
2026-01-16,000001,14:21:51,11.1800,72,2
2026-01-16,000001,14:21:54,11.1900,32,1
2026-01-16,000001,14:21:57,11.1800,45,2
2026-01-16,000001,14:22:00,11.1900,34,1
2026-01-16,000001,14:22:03,11.1800,197,2
2026-01-16,000001,14:22:06,11.1800,106,2
2026-01-16,000001,14:22:09,11.1900,49,1
2026-01-16,000001,14:22:12,11.1900,36,1
2026-01-16,000001,14:22:15,11.1800,99,2
2026-01-16,000001,14:22:18,11.1900,6,1
2026-01-16,000001,14:22:21,11.1800,48,2
2026-01-16,000001,14:22:24,11.1800,12,2
2026-01-16,000001,14:22:27,11.1800,11,2
2026-01-16,000001,14:22:30,11.1800,28,2
2026-01-16,000001,14:22:33,11.1900,2705,1
2026-01-16,000001,14:22:36,11.1800,301,2
2026-01-16,000001,14:22:39,11.1800,150,2
2026-01-16,000001,14:22:42,11.1800,32,2
2026-01-16,000001,14:22:45,11.1800,205,2
2026-01-16,000001,14:22:48,11.1900,3,1
2026-01-16,000001,14:22:51,11.1900,77,1
2026-01-16,000001,14:22:54,11.1800,103,2
2026-01-16,000001,14:22:57,11.1900,10,1
2026-01-16,000001,14:23:00,11.1900,32,1
2026-01-16,000001,14:23:03,11.1800,68,2
2026-01-16,000001,14:23:06,11.1800,97,2
2026-01-16,000001,14:23:09,11.1900,45,1
2026-01-16,000001,14:23:12,11.1800,70,2
2026-01-16,000001,14:23:15,11.1900,173,1
2026-01-16,000001,14:23:18,11.1800,55,2
2026-01-16,000001,14:23:21,11.1800,171,2
2026-01-16,000001,14:23:24,11.1900,31,1
2026-01-16,000001,14:23:27,11.1900,50,1
2026-01-16,000001,14:23:30,11.1800,33,2
2026-01-16,000001,14:23:33,11.1800,86,2
2026-01-16,000001,14:23:36,11.1800,5,2
2026-01-16,000001,14:23:39,11.1900,32,1
2026-01-16,000001,14:23:42,11.1800,107,2
2026-01-16,000001,14:23:45,11.1900,13,1
2026-01-16,000001,14:23:48,11.1900,53,1
2026-01-16,000001,14:23:51,11.1800,61,2
2026-01-16,000001,14:23:54,11.1900,5,1
2026-01-16,000001,14:23:57,11.1900,194,1
2026-01-16,000001,14:24:00,11.1900,61,1
2026-01-16,000001,14:24:03,11.1800,6,2
2026-01-16,000001,14:24:06,11.1900,34,1
2026-01-16,000001,14:24:09,11.1800,37,2
2026-01-16,000001,14:24:12,11.1900,20,1
2026-01-16,000001,14:24:15,11.1800,74,2
2026-01-16,000001,14:24:18,11.1800,132,2
2026-01-16,000001,14:24:21,11.1800,20,2
2026-01-16,000001,14:24:24,11.1800,104,2
2026-01-16,000001,14:24:27,11.1800,124,2
2026-01-16,000001,14:24:30,11.1800,40,2
2026-01-16,000001,14:24:33,11.1900,188,1
2026-01-16,000001,14:24:36,11.1900,64,1
2026-01-16,000001,14:24:39,11.1800,219,2
2026-01-16,000001,14:24:42,11.1900,53,1
2026-01-16,000001,14:24:45,11.1800,102,2
2026-01-16,000001,14:24:51,11.1800,6,2
2026-01-16,000001,14:24:54,11.1800,94,2
2026-01-16,000001,14:24:57,11.1800,17,2
2026-01-16,000001,14:25:00,11.1800,101,2
2026-01-16,000001,14:25:03,11.1900,270,1
2026-01-16,000001,14:25:06,11.1900,6,1
2026-01-16,000001,14:25:09,11.1800,63,2
2026-01-16,000001,14:25:12,11.1900,441,1
2026-01-16,000001,14:25:15,11.1800,142,2
2026-01-16,000001,14:25:18,11.1800,33,2
2026-01-16,000001,14:25:21,11.1800,37,2
2026-01-16,000001,14:25:24,11.1900,82,1
2026-01-16,000001,14:25:27,11.1800,131,2
2026-01-16,000001,14:25:30,11.1900,39,1
2026-01-16,000001,14:25:33,11.1800,69,2
2026-01-16,000001,14:25:36,11.1900,138,1
2026-01-16,000001,14:25:39,11.1800,155,2
2026-01-16,000001,14:25:42,11.1800,12,2
2026-01-16,000001,14:25:45,11.1900,48,1
2026-01-16,000001,14:25:48,11.1900,100,1
2026-01-16,000001,14:25:51,11.1900,135,1
2026-01-16,000001,14:25:54,11.1900,37,1
2026-01-16,000001,14:25:57,11.1900,38,1
2026-01-16,000001,14:26:00,11.1900,90,1
2026-01-16,000001,14:26:03,11.1900,288,1
2026-01-16,000001,14:26:06,11.1900,14,1
2026-01-16,000001,14:26:09,11.1900,132,1
2026-01-16,000001,14:26:12,11.1900,572,1
2026-01-16,000001,14:26:15,11.1800,82,2
2026-01-16,000001,14:26:18,11.1800,17,2
2026-01-16,000001,14:26:21,11.1800,49,2
2026-01-16,000001,14:26:24,11.1800,19,2
2026-01-16,000001,14:26:27,11.1800,35,2
2026-01-16,000001,14:26:30,11.1800,119,2
2026-01-16,000001,14:26:33,11.1900,71,1
2026-01-16,000001,14:26:36,11.1800,70,2
2026-01-16,000001,14:26:39,11.1800,86,2
2026-01-16,000001,14:26:42,11.1800,51,2
2026-01-16,000001,14:26:45,11.1800,46,2
2026-01-16,000001,14:26:48,11.1800,76,2
2026-01-16,000001,14:26:51,11.1800,25,2
2026-01-16,000001,14:26:54,11.1800,125,2
2026-01-16,000001,14:26:57,11.1900,37,1
2026-01-16,000001,14:27:00,11.1900,189,1
2026-01-16,000001,14:27:03,11.1900,22,1
2026-01-16,000001,14:27:06,11.1800,9,2
2026-01-16,000001,14:27:09,11.1800,58,2
2026-01-16,000001,14:27:12,11.1800,24,2
2026-01-16,000001,14:27:15,11.1800,40,2
2026-01-16,000001,14:27:18,11.1900,19,1
2026-01-16,000001,14:27:21,11.1900,102,1
2026-01-16,000001,14:27:24,11.1800,66,2
2026-01-16,000001,14:27:27,11.1800,63,2
2026-01-16,000001,14:27:30,11.1900,61,1
2026-01-16,000001,14:27:33,11.1900,97,1
2026-01-16,000001,14:27:36,11.1900,7,1
2026-01-16,000001,14:27:39,11.1900,25,1
2026-01-16,000001,14:27:42,11.1900,45,1
2026-01-16,000001,14:27:45,11.1900,20,1
2026-01-16,000001,14:27:48,11.1900,46,1
2026-01-16,000001,14:27:51,11.1800,11,2
2026-01-16,000001,14:27:54,11.1900,399,1
2026-01-16,000001,14:27:57,11.1900,502,1
2026-01-16,000001,14:28:00,11.1800,57,2
2026-01-16,000001,14:28:03,11.1900,54,1
2026-01-16,000001,14:28:06,11.1800,57,2
2026-01-16,000001,14:28:09,11.1900,63,1
2026-01-16,000001,14:28:12,11.1800,43,2
2026-01-16,000001,14:28:15,11.1900,22,1
2026-01-16,000001,14:28:18,11.1800,46,2
2026-01-16,000001,14:28:21,11.1800,34,2
2026-01-16,000001,14:28:24,11.1800,125,2
2026-01-16,000001,14:28:27,11.1800,46,2
2026-01-16,000001,14:28:30,11.1800,916,2
2026-01-16,000001,14:28:33,11.1900,295,1
2026-01-16,000001,14:28:36,11.1900,69,1
2026-01-16,000001,14:28:39,11.1900,42,1
2026-01-16,000001,14:28:42,11.1900,56,1
2026-01-16,000001,14:28:45,11.1800,314,2
2026-01-16,000001,14:28:48,11.1900,153,1
2026-01-16,000001,14:28:51,11.1900,12,1
2026-01-16,000001,14:28:54,11.1800,63,2
2026-01-16,000001,14:28:57,11.1800,44,2
2026-01-16,000001,14:29:00,11.1900,54,1
2026-01-16,000001,14:29:03,11.1800,247,2
2026-01-16,000001,14:29:06,11.1900,29,1
2026-01-16,000001,14:29:09,11.1900,56,1
2026-01-16,000001,14:29:12,11.1800,46,2
2026-01-16,000001,14:29:15,11.1800,70,2
2026-01-16,000001,14:29:18,11.1900,62,1
2026-01-16,000001,14:29:21,11.1800,32,2
2026-01-16,000001,14:29:24,11.1800,25,2
2026-01-16,000001,14:29:27,11.1800,117,2
2026-01-16,000001,14:29:30,11.1900,48,1
2026-01-16,000001,14:29:33,11.1900,109,1
2026-01-16,000001,14:29:36,11.1900,86,1
2026-01-16,000001,14:29:39,11.1900,70,1
2026-01-16,000001,14:29:42,11.1800,34,2
2026-01-16,000001,14:29:45,11.1800,170,2
2026-01-16,000001,14:29:48,11.1800,539,2
2026-01-16,000001,14:29:51,11.1800,12,2
2026-01-16,000001,14:29:54,11.1900,1196,1
2026-01-16,000001,14:29:57,11.1800,194,2
2026-01-16,000001,14:30:00,11.1900,35,1
2026-01-16,000001,14:30:03,11.1800,122,2
2026-01-16,000001,14:30:06,11.1900,164,1
2026-01-16,000001,14:30:09,11.1900,401,1
2026-01-16,000001,14:30:12,11.1900,173,1
2026-01-16,000001,14:30:15,11.1900,155,1
2026-01-16,000001,14:30:18,11.1900,22,1
2026-01-16,000001,14:30:21,11.1800,43,2
2026-01-16,000001,14:30:24,11.1800,38,2
2026-01-16,000001,14:30:27,11.1800,140,2
2026-01-16,000001,14:30:30,11.1800,6,2
2026-01-16,000001,14:30:33,11.1800,29,2
2026-01-16,000001,14:30:36,11.1800,6,2
2026-01-16,000001,14:30:39,11.1900,160,1
2026-01-16,000001,14:30:42,11.1900,336,1
2026-01-16,000001,14:30:45,11.1900,110,1
2026-01-16,000001,14:30:48,11.1900,15,1
2026-01-16,000001,14:30:51,11.1800,230,2
2026-01-16,000001,14:30:54,11.1900,42,1
2026-01-16,000001,14:30:57,11.1800,23,2
2026-01-16,000001,14:31:00,11.1800,25,2
2026-01-16,000001,14:31:03,11.1900,93,1
2026-01-16,000001,14:31:06,11.1800,72,2
2026-01-16,000001,14:31:09,11.1800,33,2
2026-01-16,000001,14:31:12,11.1900,7,1
2026-01-16,000001,14:31:15,11.1900,50,1
2026-01-16,000001,14:31:18,11.1900,17,1
2026-01-16,000001,14:31:21,11.1900,114,1
2026-01-16,000001,14:31:24,11.1900,115,1
2026-01-16,000001,14:31:27,11.1800,200,2
2026-01-16,000001,14:31:30,11.1800,13,2
2026-01-16,000001,14:31:33,11.1900,70,1
2026-01-16,000001,14:31:36,11.1900,88,1
2026-01-16,000001,14:31:39,11.1900,104,1
2026-01-16,000001,14:31:42,11.1900,11,1
2026-01-16,000001,14:31:45,11.1900,8,1
2026-01-16,000001,14:31:48,11.1900,77,1
2026-01-16,000001,14:31:51,11.1800,67,2
2026-01-16,000001,14:31:54,11.1900,22,1
2026-01-16,000001,14:31:57,11.1800,111,2
2026-01-16,000001,14:32:00,11.1800,1,2
2026-01-16,000001,14:32:03,11.1800,555,2
2026-01-16,000001,14:32:06,11.1800,84,2
2026-01-16,000001,14:32:09,11.1900,37,1
2026-01-16,000001,14:32:12,11.1800,165,2
2026-01-16,000001,14:32:15,11.1800,70,2
2026-01-16,000001,14:32:18,11.1900,160,1
2026-01-16,000001,14:32:21,11.1900,134,1
2026-01-16,000001,14:32:24,11.1900,1,1
2026-01-16,000001,14:32:27,11.1800,92,2
2026-01-16,000001,14:32:30,11.1900,236,1
2026-01-16,000001,14:32:33,11.1800,425,2
2026-01-16,000001,14:32:36,11.1900,39,1
2026-01-16,000001,14:32:39,11.1900,19,1
2026-01-16,000001,14:32:42,11.1800,51,2
2026-01-16,000001,14:32:45,11.1800,114,2
2026-01-16,000001,14:32:48,11.1900,45,1
2026-01-16,000001,14:32:51,11.1900,33,1
2026-01-16,000001,14:32:54,11.1800,696,2
2026-01-16,000001,14:32:57,11.1900,52,1
2026-01-16,000001,14:33:00,11.1900,138,1
2026-01-16,000001,14:33:03,11.1900,19,1
2026-01-16,000001,14:33:06,11.1900,122,1
2026-01-16,000001,14:33:09,11.1900,85,1
2026-01-16,000001,14:33:12,11.1900,256,1
2026-01-16,000001,14:33:15,11.1900,154,1
2026-01-16,000001,14:33:18,11.1900,90,1
2026-01-16,000001,14:33:21,11.1800,98,2
2026-01-16,000001,14:33:24,11.1800,46,2
2026-01-16,000001,14:33:27,11.1900,32,1
2026-01-16,000001,14:33:30,11.1900,158,1
2026-01-16,000001,14:33:33,11.1900,1,1
2026-01-16,000001,14:33:36,11.1900,11,1
2026-01-16,000001,14:33:39,11.1900,27,1
2026-01-16,000001,14:33:42,11.1900,24,1
2026-01-16,000001,14:33:45,11.1900,21,1
2026-01-16,000001,14:33:48,11.1800,77,2
2026-01-16,000001,14:33:51,11.1800,75,2
2026-01-16,000001,14:33:54,11.1800,39,2
2026-01-16,000001,14:33:57,11.1900,31,1
2026-01-16,000001,14:34:00,11.1900,167,1
2026-01-16,000001,14:34:03,11.1800,30,2
2026-01-16,000001,14:34:06,11.1900,106,1
2026-01-16,000001,14:34:09,11.1900,102,1
2026-01-16,000001,14:34:12,11.1800,83,2
2026-01-16,000001,14:34:15,11.1900,29,1
2026-01-16,000001,14:34:18,11.1900,48,1
2026-01-16,000001,14:34:21,11.1900,59,1
2026-01-16,000001,14:34:24,11.1900,75,1
2026-01-16,000001,14:34:27,11.1900,1,1
2026-01-16,000001,14:34:30,11.1900,59,1
2026-01-16,000001,14:34:33,11.1900,1,1
2026-01-16,000001,14:34:36,11.1900,641,1
2026-01-16,000001,14:34:39,11.1800,176,2
2026-01-16,000001,14:34:42,11.1800,86,2
2026-01-16,000001,14:34:45,11.1900,3813,1
2026-01-16,000001,14:34:48,11.1900,81,2
2026-01-16,000001,14:34:51,11.2000,20,1
2026-01-16,000001,14:34:54,11.1900,200,2
2026-01-16,000001,14:34:57,11.2000,2,1
2026-01-16,000001,14:35:00,11.2000,22,1
2026-01-16,000001,14:35:03,11.2000,9,1
2026-01-16,000001,14:35:06,11.2000,2,1
2026-01-16,000001,14:35:09,11.2000,83,1
2026-01-16,000001,14:35:12,11.1900,1586,2
2026-01-16,000001,14:35:15,11.2000,273,1
2026-01-16,000001,14:35:18,11.2000,464,1
2026-01-16,000001,14:35:21,11.1900,2212,2
2026-01-16,000001,14:35:24,11.1900,88,1
2026-01-16,000001,14:35:27,11.1900,186,1
2026-01-16,000001,14:35:30,11.1900,146,1
2026-01-16,000001,14:35:33,11.1800,229,2
2026-01-16,000001,14:35:36,11.1900,157,2
2026-01-16,000001,14:35:39,11.1800,98,2
2026-01-16,000001,14:35:42,11.1800,265,2
2026-01-16,000001,14:35:45,11.1800,79,2
2026-01-16,000001,14:35:48,11.1800,291,2
2026-01-16,000001,14:35:51,11.1800,315,2
2026-01-16,000001,14:35:54,11.1900,221,1
2026-01-16,000001,14:35:57,11.1800,624,2
2026-01-16,000001,14:36:00,11.1900,201,1
2026-01-16,000001,14:36:03,11.1800,197,2
2026-01-16,000001,14:36:06,11.1900,261,1
2026-01-16,000001,14:36:09,11.1900,162,1
2026-01-16,000001,14:36:12,11.1900,207,1
2026-01-16,000001,14:36:15,11.1800,498,2
2026-01-16,000001,14:36:18,11.1800,218,2
2026-01-16,000001,14:36:21,11.1900,318,1
2026-01-16,000001,14:36:24,11.1900,77,1
2026-01-16,000001,14:36:27,11.1800,117,2
2026-01-16,000001,14:36:30,11.1900,73,1
2026-01-16,000001,14:36:33,11.1900,139,1
2026-01-16,000001,14:36:36,11.1800,56,2
2026-01-16,000001,14:36:39,11.1800,150,2
2026-01-16,000001,14:36:42,11.1900,50,1
2026-01-16,000001,14:36:45,11.1900,382,1
2026-01-16,000001,14:36:48,11.1800,80,2
2026-01-16,000001,14:36:51,11.1900,173,1
2026-01-16,000001,14:36:54,11.1900,4230,1
2026-01-16,000001,14:36:57,11.1900,169,1
2026-01-16,000001,14:37:00,11.1900,203,1
2026-01-16,000001,14:37:03,11.1900,119,1
2026-01-16,000001,14:37:06,11.1900,174,1
2026-01-16,000001,14:37:09,11.1800,76,2
2026-01-16,000001,14:37:12,11.1800,181,2
2026-01-16,000001,14:37:15,11.1800,85,2
2026-01-16,000001,14:37:18,11.1800,1777,2
2026-01-16,000001,14:37:21,11.1800,124,2
2026-01-16,000001,14:37:24,11.1800,174,2
2026-01-16,000001,14:37:27,11.1800,523,2
2026-01-16,000001,14:37:30,11.1800,283,2
2026-01-16,000001,14:37:33,11.1900,131,1
2026-01-16,000001,14:37:36,11.1800,172,2
2026-01-16,000001,14:37:39,11.1800,150,2
2026-01-16,000001,14:37:42,11.1900,51,1
2026-01-16,000001,14:37:45,11.1900,382,1
2026-01-16,000001,14:37:48,11.1900,132,1
2026-01-16,000001,14:37:51,11.1800,20,2
2026-01-16,000001,14:37:54,11.1800,636,2
2026-01-16,000001,14:37:57,11.1800,63,2
2026-01-16,000001,14:38:00,11.1900,276,1
2026-01-16,000001,14:38:03,11.1800,306,2
2026-01-16,000001,14:38:06,11.1800,69,2
2026-01-16,000001,14:38:09,11.1800,68,2
2026-01-16,000001,14:38:12,11.1900,280,1
2026-01-16,000001,14:38:15,11.1900,143,1
2026-01-16,000001,14:38:18,11.1900,29,1
2026-01-16,000001,14:38:21,11.1800,294,2
2026-01-16,000001,14:38:24,11.1800,25,2
2026-01-16,000001,14:38:27,11.1900,252,1
2026-01-16,000001,14:38:30,11.1800,55,2
2026-01-16,000001,14:38:33,11.1900,297,1
2026-01-16,000001,14:38:36,11.1800,122,2
2026-01-16,000001,14:38:39,11.1900,1922,1
2026-01-16,000001,14:38:42,11.1900,255,1
2026-01-16,000001,14:38:45,11.1800,188,2
2026-01-16,000001,14:38:48,11.1800,362,2
2026-01-16,000001,14:38:51,11.1900,193,1
2026-01-16,000001,14:38:54,11.1800,177,2
2026-01-16,000001,14:38:57,11.1800,36,2
2026-01-16,000001,14:39:00,11.1900,157,1
2026-01-16,000001,14:39:03,11.1900,90,1
2026-01-16,000001,14:39:06,11.1900,236,1
2026-01-16,000001,14:39:09,11.1800,546,2
2026-01-16,000001,14:39:12,11.1900,51,1
2026-01-16,000001,14:39:15,11.1900,45,1
2026-01-16,000001,14:39:18,11.1800,193,2
2026-01-16,000001,14:39:21,11.1800,141,2
2026-01-16,000001,14:39:24,11.1900,1,1
2026-01-16,000001,14:39:27,11.1800,104,2
2026-01-16,000001,14:39:30,11.1900,190,1
2026-01-16,000001,14:39:33,11.1900,61,1
2026-01-16,000001,14:39:36,11.1800,143,2
2026-01-16,000001,14:39:39,11.1800,163,2
2026-01-16,000001,14:39:42,11.1900,45,1
2026-01-16,000001,14:39:45,11.1800,123,2
2026-01-16,000001,14:39:48,11.1800,132,2
2026-01-16,000001,14:39:51,11.1800,158,2
2026-01-16,000001,14:39:54,11.1800,108,2
2026-01-16,000001,14:39:57,11.1900,608,1
2026-01-16,000001,14:40:00,11.1800,64,2
2026-01-16,000001,14:40:03,11.1900,50,1
2026-01-16,000001,14:40:06,11.1800,256,2
2026-01-16,000001,14:40:09,11.1900,33,1
2026-01-16,000001,14:40:12,11.1800,267,2
2026-01-16,000001,14:40:15,11.1800,147,2
2026-01-16,000001,14:40:18,11.1800,119,2
2026-01-16,000001,14:40:21,11.1900,928,1
2026-01-16,000001,14:40:24,11.1900,87,1
2026-01-16,000001,14:40:27,11.1800,122,2
2026-01-16,000001,14:40:30,11.1800,173,2
2026-01-16,000001,14:40:33,11.1900,19,1
2026-01-16,000001,14:40:36,11.1800,148,2
2026-01-16,000001,14:40:39,11.1900,180,1
2026-01-16,000001,14:40:42,11.1800,42,2
2026-01-16,000001,14:40:45,11.1800,382,2
2026-01-16,000001,14:40:48,11.1900,48,1
2026-01-16,000001,14:40:51,11.1900,372,1
2026-01-16,000001,14:40:54,11.1800,3659,2
2026-01-16,000001,14:40:57,11.1900,467,1
2026-01-16,000001,14:41:00,11.1800,240,2
2026-01-16,000001,14:41:03,11.1800,143,2
2026-01-16,000001,14:41:06,11.1800,360,2
2026-01-16,000001,14:41:09,11.1800,200,1
2026-01-16,000001,14:41:12,11.1800,269,1
2026-01-16,000001,14:41:15,11.1800,357,1
2026-01-16,000001,14:41:18,11.1700,251,2
2026-01-16,000001,14:41:21,11.1800,47,1
2026-01-16,000001,14:41:24,11.1700,56,2
2026-01-16,000001,14:41:27,11.1800,102,1
2026-01-16,000001,14:41:30,11.1800,100,1
2026-01-16,000001,14:41:33,11.1800,446,1
2026-01-16,000001,14:41:36,11.1800,186,1
2026-01-16,000001,14:41:39,11.1800,3,1
2026-01-16,000001,14:41:42,11.1700,331,2
2026-01-16,000001,14:41:45,11.1700,209,2
2026-01-16,000001,14:41:48,11.1800,177,1
2026-01-16,000001,14:41:51,11.1700,47,2
2026-01-16,000001,14:41:54,11.1800,166,1
2026-01-16,000001,14:41:57,11.1700,302,2
2026-01-16,000001,14:42:00,11.1800,9,1
2026-01-16,000001,14:42:03,11.1800,129,1
2026-01-16,000001,14:42:06,11.1800,32,1
2026-01-16,000001,14:42:09,11.1800,392,1
2026-01-16,000001,14:42:12,11.1700,228,2
2026-01-16,000001,14:42:15,11.1800,320,1
2026-01-16,000001,14:42:18,11.1700,9018,2
2026-01-16,000001,14:42:21,11.1800,118,1
2026-01-16,000001,14:42:24,11.1700,213,2
2026-01-16,000001,14:42:27,11.1800,235,1
2026-01-16,000001,14:42:30,11.1800,145,1
2026-01-16,000001,14:42:33,11.1700,214,2
2026-01-16,000001,14:42:36,11.1700,281,2
2026-01-16,000001,14:42:39,11.1700,143,2
2026-01-16,000001,14:42:42,11.1700,424,2
2026-01-16,000001,14:42:45,11.1700,202,2
2026-01-16,000001,14:42:48,11.1700,275,2
2026-01-16,000001,14:42:51,11.1800,135,1
2026-01-16,000001,14:42:54,11.1700,216,2
2026-01-16,000001,14:42:57,11.1800,55,1
2026-01-16,000001,14:43:00,11.1700,117,2
2026-01-16,000001,14:43:03,11.1700,84,2
2026-01-16,000001,14:43:06,11.1700,65,2
2026-01-16,000001,14:43:09,11.1700,178,2
2026-01-16,000001,14:43:12,11.1700,153,2
2026-01-16,000001,14:43:15,11.1700,78,2
2026-01-16,000001,14:43:18,11.1800,35,1
2026-01-16,000001,14:43:21,11.1800,120,1
2026-01-16,000001,14:43:24,11.1800,306,1
2026-01-16,000001,14:43:27,11.1700,228,2
2026-01-16,000001,14:43:30,11.1800,1077,1
2026-01-16,000001,14:43:33,11.1800,357,1
2026-01-16,000001,14:43:36,11.1800,14,1
2026-01-16,000001,14:43:39,11.1800,239,1
2026-01-16,000001,14:43:42,11.1700,152,2
2026-01-16,000001,14:43:45,11.1700,179,2
2026-01-16,000001,14:43:48,11.1800,127,1
2026-01-16,000001,14:43:51,11.1700,158,2
2026-01-16,000001,14:43:54,11.1800,99,1
2026-01-16,000001,14:43:57,11.1800,168,1
2026-01-16,000001,14:44:00,11.1800,76,1
2026-01-16,000001,14:44:03,11.1700,141,2
2026-01-16,000001,14:44:06,11.1700,280,2
2026-01-16,000001,14:44:09,11.1800,58,1
2026-01-16,000001,14:44:12,11.1700,183,2
2026-01-16,000001,14:44:15,11.1800,57,1
2026-01-16,000001,14:44:18,11.1700,73,2
2026-01-16,000001,14:44:21,11.1800,152,1
2026-01-16,000001,14:44:24,11.1800,146,1
2026-01-16,000001,14:44:27,11.1700,63,2
2026-01-16,000001,14:44:30,11.1700,364,2
2026-01-16,000001,14:44:33,11.1800,347,1
2026-01-16,000001,14:44:36,11.1700,330,2
2026-01-16,000001,14:44:39,11.1700,486,2
2026-01-16,000001,14:44:42,11.1700,278,2
2026-01-16,000001,14:44:45,11.1800,119,1
2026-01-16,000001,14:44:48,11.1800,149,1
2026-01-16,000001,14:44:51,11.1800,224,1
2026-01-16,000001,14:44:54,11.1700,93,2
2026-01-16,000001,14:44:57,11.1700,45,2
2026-01-16,000001,14:45:00,11.1700,192,2
2026-01-16,000001,14:45:03,11.1800,118,1
2026-01-16,000001,14:45:06,11.1800,262,1
2026-01-16,000001,14:45:09,11.1700,123,2
2026-01-16,000001,14:45:12,11.1700,115,2
2026-01-16,000001,14:45:15,11.1700,150,2
2026-01-16,000001,14:45:18,11.1700,186,2
2026-01-16,000001,14:45:21,11.1800,47,1
2026-01-16,000001,14:45:24,11.1800,132,1
2026-01-16,000001,14:45:27,11.1700,118,2
2026-01-16,000001,14:45:30,11.1800,100,1
2026-01-16,000001,14:45:33,11.1800,121,1
2026-01-16,000001,14:45:36,11.1700,57,2
2026-01-16,000001,14:45:39,11.1700,231,2
2026-01-16,000001,14:45:42,11.1700,279,2
2026-01-16,000001,14:45:45,11.1800,80,1
2026-01-16,000001,14:45:48,11.1700,69,2
2026-01-16,000001,14:45:51,11.1700,32,2
2026-01-16,000001,14:45:54,11.1800,167,1
2026-01-16,000001,14:45:57,11.1800,234,1
2026-01-16,000001,14:46:00,11.1800,18,1
2026-01-16,000001,14:46:03,11.1700,304,2
2026-01-16,000001,14:46:06,11.1700,1676,2
2026-01-16,000001,14:46:09,11.1800,129,1
2026-01-16,000001,14:46:12,11.1700,49,2
2026-01-16,000001,14:46:15,11.1800,146,1
2026-01-16,000001,14:46:18,11.1700,99,2
2026-01-16,000001,14:46:21,11.1700,97,2
2026-01-16,000001,14:46:24,11.1800,171,1
2026-01-16,000001,14:46:27,11.1700,95,2
2026-01-16,000001,14:46:30,11.1700,180,2
2026-01-16,000001,14:46:33,11.1800,70,1
2026-01-16,000001,14:46:36,11.1800,153,1
2026-01-16,000001,14:46:39,11.1800,513,1
2026-01-16,000001,14:46:42,11.1700,469,2
2026-01-16,000001,14:46:45,11.1800,166,1
2026-01-16,000001,14:46:48,11.1700,176,2
2026-01-16,000001,14:46:51,11.1700,53,2
2026-01-16,000001,14:46:54,11.1700,173,2
2026-01-16,000001,14:46:57,11.1700,804,2
2026-01-16,000001,14:47:00,11.1800,247,1
2026-01-16,000001,14:47:03,11.1700,111,2
2026-01-16,000001,14:47:06,11.1700,351,2
2026-01-16,000001,14:47:09,11.1800,58,1
2026-01-16,000001,14:47:12,11.1700,178,2
2026-01-16,000001,14:47:15,11.1700,120,2
2026-01-16,000001,14:47:18,11.1700,99,2
2026-01-16,000001,14:47:21,11.1700,125,2
2026-01-16,000001,14:47:24,11.1800,223,1
2026-01-16,000001,14:47:27,11.1800,807,1
2026-01-16,000001,14:47:30,11.1700,162,2
2026-01-16,000001,14:47:33,11.1700,89,2
2026-01-16,000001,14:47:36,11.1700,290,2
2026-01-16,000001,14:47:39,11.1700,45,2
2026-01-16,000001,14:47:42,11.1700,295,2
2026-01-16,000001,14:47:45,11.1800,111,1
2026-01-16,000001,14:47:48,11.1800,182,1
2026-01-16,000001,14:47:51,11.1700,74,2
2026-01-16,000001,14:47:54,11.1800,249,1
2026-01-16,000001,14:47:57,11.1700,42,2
2026-01-16,000001,14:48:00,11.1700,68,2
2026-01-16,000001,14:48:03,11.1800,41,1
2026-01-16,000001,14:48:06,11.1800,178,1
2026-01-16,000001,14:48:09,11.1700,243,2
2026-01-16,000001,14:48:12,11.1800,205,1
2026-01-16,000001,14:48:15,11.1800,204,1
2026-01-16,000001,14:48:18,11.1700,233,2
2026-01-16,000001,14:48:21,11.1800,40,1
2026-01-16,000001,14:48:24,11.1800,140,1
2026-01-16,000001,14:48:27,11.1700,104,2
2026-01-16,000001,14:48:30,11.1700,86,2
2026-01-16,000001,14:48:33,11.1700,112,2
2026-01-16,000001,14:48:36,11.1800,261,1
2026-01-16,000001,14:48:39,11.1700,81,2
2026-01-16,000001,14:48:42,11.1700,530,2
2026-01-16,000001,14:48:45,11.1700,71,2
2026-01-16,000001,14:48:48,11.1700,38,2
2026-01-16,000001,14:48:51,11.1700,23,2
2026-01-16,000001,14:48:54,11.1800,208,1
2026-01-16,000001,14:48:57,11.1700,172,2
2026-01-16,000001,14:49:00,11.1700,62,2
2026-01-16,000001,14:49:03,11.1800,152,1
2026-01-16,000001,14:49:06,11.1700,89,2
2026-01-16,000001,14:49:09,11.1700,91,2
2026-01-16,000001,14:49:12,11.1800,314,1
2026-01-16,000001,14:49:15,11.1700,355,2
2026-01-16,000001,14:49:18,11.1800,65,1
2026-01-16,000001,14:49:21,11.1700,169,2
2026-01-16,000001,14:49:24,11.1800,294,1
2026-01-16,000001,14:49:27,11.1700,154,2
2026-01-16,000001,14:49:30,11.1800,52,1
2026-01-16,000001,14:49:33,11.1800,194,1
2026-01-16,000001,14:49:36,11.1700,15,2
2026-01-16,000001,14:49:39,11.1800,204,1
2026-01-16,000001,14:49:42,11.1800,126,1
2026-01-16,000001,14:49:45,11.1800,288,1
2026-01-16,000001,14:49:48,11.1800,119,1
2026-01-16,000001,14:49:51,11.1800,52,1
2026-01-16,000001,14:49:54,11.1700,127,2
2026-01-16,000001,14:49:57,11.1700,103,2
2026-01-16,000001,14:50:00,11.1700,322,2
2026-01-16,000001,14:50:03,11.1700,203,2
2026-01-16,000001,14:50:06,11.1800,314,1
2026-01-16,000001,14:50:09,11.1800,344,1
2026-01-16,000001,14:50:12,11.1800,22,1
2026-01-16,000001,14:50:15,11.1800,399,1
2026-01-16,000001,14:50:18,11.1800,757,1
2026-01-16,000001,14:50:21,11.1800,36,1
2026-01-16,000001,14:50:24,11.1800,272,1
2026-01-16,000001,14:50:27,11.1700,174,2
2026-01-16,000001,14:50:30,11.1800,67,1
2026-01-16,000001,14:50:33,11.1800,137,1
2026-01-16,000001,14:50:36,11.1800,78,1
2026-01-16,000001,14:50:39,11.1800,146,1
2026-01-16,000001,14:50:42,11.1800,110,1
2026-01-16,000001,14:50:45,11.1800,264,1
2026-01-16,000001,14:50:48,11.1700,120,2
2026-01-16,000001,14:50:51,11.1800,311,1
2026-01-16,000001,14:50:54,11.1800,132,1
2026-01-16,000001,14:50:57,11.1800,232,1
2026-01-16,000001,14:51:00,11.1800,475,1
2026-01-16,000001,14:51:03,11.1800,104,1
2026-01-16,000001,14:51:06,11.1700,238,2
2026-01-16,000001,14:51:09,11.1800,93,1
2026-01-16,000001,14:51:12,11.1700,1024,2
2026-01-16,000001,14:51:15,11.1700,480,2
2026-01-16,000001,14:51:18,11.1700,111,2
2026-01-16,000001,14:51:21,11.1700,325,2
2026-01-16,000001,14:51:24,11.1800,170,1
2026-01-16,000001,14:51:27,11.1800,358,1
2026-01-16,000001,14:51:30,11.1700,14,2
2026-01-16,000001,14:51:33,11.1800,213,1
2026-01-16,000001,14:51:36,11.1800,55,1
2026-01-16,000001,14:51:39,11.1800,92,1
2026-01-16,000001,14:51:42,11.1700,174,2
2026-01-16,000001,14:51:45,11.1800,51,1
2026-01-16,000001,14:51:48,11.1800,161,1
2026-01-16,000001,14:51:51,11.1800,53,1
2026-01-16,000001,14:51:54,11.1800,118,1
2026-01-16,000001,14:51:57,11.1700,36,2
2026-01-16,000001,14:52:00,11.1700,108,2
2026-01-16,000001,14:52:03,11.1700,56,2
2026-01-16,000001,14:52:06,11.1800,53,1
2026-01-16,000001,14:52:09,11.1800,79,1
2026-01-16,000001,14:52:12,11.1700,71,2
2026-01-16,000001,14:52:15,11.1700,33,2
2026-01-16,000001,14:52:18,11.1700,1404,2
2026-01-16,000001,14:52:21,11.1700,39,2
2026-01-16,000001,14:52:24,11.1700,146,2
2026-01-16,000001,14:52:27,11.1700,82,2
2026-01-16,000001,14:52:30,11.1800,26,1
2026-01-16,000001,14:52:33,11.1700,390,2
2026-01-16,000001,14:52:36,11.1800,14,1
2026-01-16,000001,14:52:39,11.1800,15,1
2026-01-16,000001,14:52:42,11.1700,247,2
2026-01-16,000001,14:52:45,11.1800,16,1
2026-01-16,000001,14:52:48,11.1700,8327,2
2026-01-16,000001,14:52:51,11.1800,434,1
2026-01-16,000001,14:52:54,11.1700,195,2
2026-01-16,000001,14:52:57,11.1700,149,2
2026-01-16,000001,14:53:00,11.1700,1341,2
2026-01-16,000001,14:53:03,11.1800,376,1
2026-01-16,000001,14:53:06,11.1700,683,2
2026-01-16,000001,14:53:09,11.1800,5,1
2026-01-16,000001,14:53:12,11.1700,160,2
2026-01-16,000001,14:53:15,11.1700,7,2
2026-01-16,000001,14:53:18,11.1800,18,1
2026-01-16,000001,14:53:21,11.1800,1022,1
2026-01-16,000001,14:53:24,11.1700,330,2
2026-01-16,000001,14:53:27,11.1700,79,2
2026-01-16,000001,14:53:30,11.1700,72,2
2026-01-16,000001,14:53:33,11.1800,29,1
2026-01-16,000001,14:53:36,11.1700,2016,2
2026-01-16,000001,14:53:39,11.1700,25,2
2026-01-16,000001,14:53:42,11.1800,21,1
2026-01-16,000001,14:53:45,11.1700,172,2
2026-01-16,000001,14:53:48,11.1800,8,1
2026-01-16,000001,14:53:51,11.1700,16,2
2026-01-16,000001,14:53:54,11.1800,158,1
2026-01-16,000001,14:53:57,11.1700,433,2
2026-01-16,000001,14:54:00,11.1800,47,1
2026-01-16,000001,14:54:03,11.1800,268,1
2026-01-16,000001,14:54:06,11.1700,6,2
2026-01-16,000001,14:54:09,11.1700,48,2
2026-01-16,000001,14:54:12,11.1800,21,1
2026-01-16,000001,14:54:15,11.1800,8,1
2026-01-16,000001,14:54:18,11.1700,82,2
2026-01-16,000001,14:54:21,11.1800,128,1
2026-01-16,000001,14:54:24,11.1700,270,2
2026-01-16,000001,14:54:27,11.1700,12,2
2026-01-16,000001,14:54:30,11.1800,11,1
2026-01-16,000001,14:54:33,11.1800,365,1
2026-01-16,000001,14:54:36,11.1800,57,1
2026-01-16,000001,14:54:39,11.1800,26,1
2026-01-16,000001,14:54:42,11.1800,395,1
2026-01-16,000001,14:54:45,11.1800,18,1
2026-01-16,000001,14:54:48,11.1800,155,1
2026-01-16,000001,14:54:51,11.1700,17,2
2026-01-16,000001,14:54:54,11.1800,190,1
2026-01-16,000001,14:54:57,11.1800,13,1
2026-01-16,000001,14:55:00,11.1800,465,1
2026-01-16,000001,14:55:03,11.1700,90,2
2026-01-16,000001,14:55:06,11.1800,190,1
2026-01-16,000001,14:55:09,11.1800,44,1
2026-01-16,000001,14:55:12,11.1700,301,2
2026-01-16,000001,14:55:15,11.1700,80,2
2026-01-16,000001,14:55:18,11.1700,173,2
2026-01-16,000001,14:55:21,11.1800,402,1
2026-01-16,000001,14:55:24,11.1700,244,2
2026-01-16,000001,14:55:27,11.1800,56,1
2026-01-16,000001,14:55:30,11.1800,2767,1
2026-01-16,000001,14:55:33,11.1800,162,2
2026-01-16,000001,14:55:36,11.1900,195,1
2026-01-16,000001,14:55:39,11.1800,58,2
2026-01-16,000001,14:55:42,11.1900,10,1
2026-01-16,000001,14:55:45,11.1800,155,2
2026-01-16,000001,14:55:48,11.1900,237,1
2026-01-16,000001,14:55:54,11.1900,139,1
2026-01-16,000001,14:55:57,11.1900,16,1
2026-01-16,000001,14:56:00,11.1900,344,1
2026-01-16,000001,14:56:03,11.1900,348,1
2026-01-16,000001,14:56:06,11.1800,41,2
2026-01-16,000001,14:56:09,11.1900,82,1
2026-01-16,000001,14:56:12,11.1900,60,1
2026-01-16,000001,14:56:15,11.1800,95,2
2026-01-16,000001,14:56:18,11.1800,89,2
2026-01-16,000001,14:56:21,11.1900,117,1
2026-01-16,000001,14:56:24,11.1800,51,2
2026-01-16,000001,14:56:27,11.1900,64,1
2026-01-16,000001,14:56:30,11.1800,230,2
2026-01-16,000001,14:56:33,11.1800,74,2
2026-01-16,000001,14:56:36,11.1800,262,2
2026-01-16,000001,14:56:39,11.1900,117,1
2026-01-16,000001,14:56:42,11.1800,859,2
2026-01-16,000001,14:56:45,11.1900,19,1
2026-01-16,000001,14:56:48,11.1800,1156,2
2026-01-16,000001,14:56:51,11.1900,262,1
2026-01-16,000001,14:56:54,11.1900,121,1
2026-01-16,000001,14:56:57,11.1800,112,2
2026-01-16,000001,14:57:00,11.1900,17,1
2026-01-16,000001,15:00:02,11.1900,8745,4
2026-01-16,000001,13:14:51,11.2100,71,1
2026-01-16,000001,13:14:54,11.2000,39,2
2026-01-16,000001,13:14:57,11.2100,32,1
2026-01-16,000001,13:15:00,11.2100,65,1
2026-01-16,000001,13:15:03,11.2100,70,1
2026-01-16,000001,13:15:06,11.2100,30,1
2026-01-16,000001,13:15:09,11.2000,62,2
2026-01-16,000001,13:15:12,11.2000,328,2
2026-01-16,000001,13:15:15,11.2000,222,2
2026-01-16,000001,13:15:18,11.2000,63,2
2026-01-16,000001,13:15:21,11.2000,97,2
2026-01-16,000001,13:15:24,11.2000,30,2
2026-01-16,000001,13:15:27,11.2000,26,2
2026-01-16,000001,13:15:30,11.2100,26,1
2026-01-16,000001,13:15:33,11.2100,99,1
2026-01-16,000001,13:15:36,11.2100,507,1
2026-01-16,000001,13:15:39,11.2100,522,1
2026-01-16,000001,13:15:42,11.2000,44,2
2026-01-16,000001,13:15:45,11.2000,42,2
2026-01-16,000001,13:15:48,11.2000,65,2
2026-01-16,000001,13:15:51,11.2100,166,1
2026-01-16,000001,13:15:54,11.2000,580,2
2026-01-16,000001,13:15:57,11.2100,34,1
2026-01-16,000001,13:16:00,11.2100,208,1
2026-01-16,000001,13:16:03,11.2000,43,2
2026-01-16,000001,13:16:06,11.2000,92,2
2026-01-16,000001,13:16:12,11.2100,1460,1
2026-01-16,000001,13:16:15,11.2100,79,2
2026-01-16,000001,13:16:18,11.2100,25,2
2026-01-16,000001,13:16:21,11.2100,35,2
2026-01-16,000001,13:16:24,11.2100,390,2
2026-01-16,000001,13:16:27,11.2000,72,2
2026-01-16,000001,13:16:30,11.2100,85,1
2026-01-16,000001,13:16:33,11.2000,233,2
2026-01-16,000001,13:16:36,11.2100,81,1
2026-01-16,000001,13:16:39,11.2000,8,2
2026-01-16,000001,13:16:42,11.2100,85,1
2026-01-16,000001,13:16:45,11.2000,103,2
2026-01-16,000001,13:16:48,11.2100,548,1
2026-01-16,000001,13:16:51,11.2100,32,1
2026-01-16,000001,13:16:54,11.2000,89,2
2026-01-16,000001,13:16:57,11.2100,31,1
2026-01-16,000001,13:17:00,11.2100,50,1
2026-01-16,000001,13:17:03,11.2100,47,1
2026-01-16,000001,13:17:06,11.2100,473,1
2026-01-16,000001,13:17:09,11.2100,92,1
2026-01-16,000001,13:17:12,11.2100,15,1
2026-01-16,000001,13:17:15,11.2100,20,1
2026-01-16,000001,13:17:18,11.2100,117,1
2026-01-16,000001,13:17:21,11.2100,1,1
2026-01-16,000001,13:17:24,11.2100,636,1
2026-01-16,000001,13:17:27,11.2100,67,1
2026-01-16,000001,13:17:30,11.2100,2,1
2026-01-16,000001,13:17:33,11.2100,90,1
2026-01-16,000001,13:17:36,11.2100,63,1
2026-01-16,000001,13:17:39,11.2000,71,2
2026-01-16,000001,13:17:42,11.2100,376,1
2026-01-16,000001,13:17:45,11.2100,172,1
2026-01-16,000001,13:17:48,11.2100,372,1
2026-01-16,000001,13:17:51,11.2000,171,2
2026-01-16,000001,13:17:54,11.2100,89,1
2026-01-16,000001,13:17:57,11.2100,40,1
2026-01-16,000001,13:18:00,11.2000,72,2
2026-01-16,000001,13:18:03,11.2000,10,2
2026-01-16,000001,13:18:06,11.2100,146,1
2026-01-16,000001,13:18:09,11.2100,37,1
2026-01-16,000001,13:18:12,11.2100,150,1
2026-01-16,000001,13:18:15,11.2100,179,1
2026-01-16,000001,13:18:18,11.2100,3,1
2026-01-16,000001,13:18:21,11.2100,39,1
2026-01-16,000001,13:18:24,11.2100,31,1
2026-01-16,000001,13:18:27,11.2100,22,1
2026-01-16,000001,13:18:30,11.2100,351,1
2026-01-16,000001,13:18:33,11.2000,139,2
2026-01-16,000001,13:18:36,11.2100,523,1
2026-01-16,000001,13:18:39,11.2000,175,2
2026-01-16,000001,13:18:42,11.2100,42,1
2026-01-16,000001,13:18:45,11.2100,39,1
2026-01-16,000001,13:18:48,11.2000,168,2
2026-01-16,000001,13:18:51,11.2000,14,2
2026-01-16,000001,13:18:54,11.2100,46,1
2026-01-16,000001,13:18:57,11.2000,40,2
2026-01-16,000001,13:19:00,11.2100,426,1
2026-01-16,000001,13:19:03,11.2000,832,2
2026-01-16,000001,13:19:06,11.2100,2913,1
2026-01-16,000001,13:19:09,11.2100,33,1
2026-01-16,000001,13:19:12,11.2100,233,1
2026-01-16,000001,13:19:15,11.2000,97,2
2026-01-16,000001,13:19:18,11.2100,82,1
2026-01-16,000001,13:19:21,11.2100,331,1
2026-01-16,000001,13:19:24,11.2100,57,1
2026-01-16,000001,13:19:27,11.2100,81,1
2026-01-16,000001,13:19:30,11.2100,83,1
2026-01-16,000001,13:19:33,11.2100,206,1
2026-01-16,000001,13:19:36,11.2100,72,1
2026-01-16,000001,13:19:39,11.2100,99,1
2026-01-16,000001,13:19:42,11.2100,25,1
2026-01-16,000001,13:19:45,11.2100,196,1
2026-01-16,000001,13:19:48,11.2000,277,2
2026-01-16,000001,13:19:51,11.2100,104,1
2026-01-16,000001,13:19:54,11.2100,208,1
2026-01-16,000001,13:19:57,11.2100,11,1
2026-01-16,000001,13:20:03,11.2100,4,1
2026-01-16,000001,13:20:06,11.2000,72,2
2026-01-16,000001,13:20:09,11.2000,332,2
2026-01-16,000001,13:20:12,11.2100,591,1
2026-01-16,000001,13:20:15,11.2000,54,2
2026-01-16,000001,13:20:18,11.2100,1371,1
2026-01-16,000001,13:20:21,11.2000,264,2
2026-01-16,000001,13:20:24,11.2100,41,1
2026-01-16,000001,13:20:27,11.2000,335,2
2026-01-16,000001,13:20:30,11.2100,47,1
2026-01-16,000001,13:20:33,11.2100,56,1
2026-01-16,000001,13:20:36,11.2000,90,2
2026-01-16,000001,13:20:39,11.2100,89,1
2026-01-16,000001,13:20:42,11.2100,60,1
2026-01-16,000001,13:20:45,11.2000,101,2
2026-01-16,000001,13:20:48,11.2000,43,2
2026-01-16,000001,13:20:51,11.2100,68,1
2026-01-16,000001,13:20:54,11.2100,23,1
2026-01-16,000001,13:20:57,11.2100,128,1
2026-01-16,000001,13:21:00,11.2000,146,2
2026-01-16,000001,13:21:03,11.2100,9,1
2026-01-16,000001,13:21:06,11.2000,86,2
2026-01-16,000001,13:21:09,11.2000,144,2
2026-01-16,000001,13:21:12,11.2100,82,1
2026-01-16,000001,13:21:15,11.2100,19,1
2026-01-16,000001,13:21:18,11.2000,245,2
2026-01-16,000001,13:21:21,11.2100,135,1
2026-01-16,000001,13:21:24,11.2100,19,1
2026-01-16,000001,13:21:27,11.2100,96,1
2026-01-16,000001,13:21:30,11.2100,5,1
2026-01-16,000001,13:21:33,11.2100,30,1
2026-01-16,000001,13:21:36,11.2100,84,1
2026-01-16,000001,13:21:39,11.2100,3,1
2026-01-16,000001,13:21:42,11.2100,59,1
2026-01-16,000001,13:21:45,11.2100,380,1
2026-01-16,000001,13:21:48,11.2100,9,1
2026-01-16,000001,13:21:51,11.2100,113,1
2026-01-16,000001,13:21:54,11.2100,548,1
2026-01-16,000001,13:21:57,11.2100,33,1
2026-01-16,000001,13:22:00,11.2100,232,1
2026-01-16,000001,13:22:03,11.2100,120,1
2026-01-16,000001,13:22:06,11.2100,124,1
2026-01-16,000001,13:22:09,11.2100,310,1
2026-01-16,000001,13:22:12,11.2100,89,1
2026-01-16,000001,13:22:15,11.2100,24,1
2026-01-16,000001,13:22:18,11.2100,694,1
2026-01-16,000001,13:22:21,11.2100,459,1
2026-01-16,000001,13:22:24,11.2100,155,1
2026-01-16,000001,13:22:27,11.2100,20,1
2026-01-16,000001,13:22:30,11.2100,121,1
2026-01-16,000001,13:22:33,11.2100,30,1
2026-01-16,000001,13:22:36,11.2100,207,1
2026-01-16,000001,13:22:39,11.2000,427,2
2026-01-16,000001,13:22:42,11.2100,60,1
2026-01-16,000001,13:22:45,11.2000,42,2
2026-01-16,000001,13:22:48,11.2100,434,1
2026-01-16,000001,13:22:51,11.2000,321,2
2026-01-16,000001,13:22:54,11.2000,5,2
2026-01-16,000001,13:22:57,11.2000,146,2
2026-01-16,000001,13:23:00,11.2000,28,2
2026-01-16,000001,13:23:03,11.2000,713,2
2026-01-16,000001,13:23:06,11.2000,39,2
2026-01-16,000001,13:23:09,11.2000,177,2
2026-01-16,000001,13:23:12,11.2100,32,1
2026-01-16,000001,13:23:15,11.2100,27,1
2026-01-16,000001,13:23:18,11.2100,3,1
2026-01-16,000001,13:23:21,11.2100,422,1
2026-01-16,000001,13:23:24,11.2100,53,1
2026-01-16,000001,13:23:27,11.2100,339,1
2026-01-16,000001,13:23:30,11.2200,79,1
2026-01-16,000001,13:23:33,11.2100,28,2
2026-01-16,000001,13:23:36,11.2100,97,2
2026-01-16,000001,13:23:39,11.2100,269,2
2026-01-16,000001,13:23:42,11.2200,19,1
2026-01-16,000001,13:23:45,11.2200,528,1
2026-01-16,000001,13:23:48,11.2100,12,2
2026-01-16,000001,13:23:51,11.2200,99,1
2026-01-16,000001,13:23:54,11.2200,1,1
2026-01-16,000001,13:23:57,11.2200,21,1
2026-01-16,000001,13:24:03,11.2200,66,1
2026-01-16,000001,13:24:06,11.2100,36,2
2026-01-16,000001,13:24:09,11.2200,15,1
2026-01-16,000001,13:24:12,11.2100,18,2
2026-01-16,000001,13:24:15,11.2200,513,1
2026-01-16,000001,13:24:18,11.2200,73,1
2026-01-16,000001,13:24:21,11.2200,85,1
2026-01-16,000001,13:24:24,11.2100,50,2
2026-01-16,000001,13:24:27,11.2100,35,2
2026-01-16,000001,13:24:30,11.2100,55,2
2026-01-16,000001,13:24:33,11.2200,5,1
2026-01-16,000001,13:24:36,11.2100,27,2
2026-01-16,000001,13:24:39,11.2200,3,1
2026-01-16,000001,13:24:42,11.2100,31,2
2026-01-16,000001,13:24:45,11.2200,46,1
2026-01-16,000001,13:24:48,11.2200,47,1
2026-01-16,000001,13:24:51,11.2200,36,1
2026-01-16,000001,13:24:54,11.2100,2,2
2026-01-16,000001,13:24:57,11.2200,136,1
2026-01-16,000001,13:25:00,11.2200,27,1
2026-01-16,000001,13:25:03,11.2200,2,1
2026-01-16,000001,13:25:06,11.2100,44,2
2026-01-16,000001,13:25:09,11.2200,25,1
2026-01-16,000001,13:25:12,11.2100,40,2
2026-01-16,000001,13:25:15,11.2200,167,1
2026-01-16,000001,13:25:18,11.2200,2,1
2026-01-16,000001,13:25:21,11.2100,85,2
2026-01-16,000001,13:25:24,11.2200,79,1
2026-01-16,000001,13:25:27,11.2200,72,1
2026-01-16,000001,13:25:33,11.2100,124,2
2026-01-16,000001,13:25:36,11.2200,146,1
2026-01-16,000001,13:25:39,11.2200,2,1
2026-01-16,000001,13:25:42,11.2100,119,2
2026-01-16,000001,13:25:48,11.2200,51,1
2026-01-16,000001,13:25:54,11.2200,56,1
2026-01-16,000001,13:25:57,11.2200,61,1
2026-01-16,000001,13:26:00,11.2100,138,2
2026-01-16,000001,13:26:03,11.2100,32,2
2026-01-16,000001,13:26:06,11.2200,6,1
2026-01-16,000001,13:26:12,11.2100,106,2
2026-01-16,000001,13:26:15,11.2100,65,2
2026-01-16,000001,13:26:21,11.2100,1,2
2026-01-16,000001,13:26:24,11.2100,41,2
2026-01-16,000001,13:26:27,11.2200,15,1
2026-01-16,000001,13:26:30,11.2200,101,1
2026-01-16,000001,13:26:33,11.2100,565,2
2026-01-16,000001,13:26:36,11.2100,31,2
2026-01-16,000001,13:26:39,11.2100,73,2
2026-01-16,000001,13:26:42,11.2100,1,2
2026-01-16,000001,13:26:45,11.2100,166,2
2026-01-16,000001,13:26:48,11.2100,157,2
2026-01-16,000001,13:26:51,11.2200,68,1
2026-01-16,000001,13:26:54,11.2100,17,2
2026-01-16,000001,13:26:57,11.2100,32,2
2026-01-16,000001,13:27:00,11.2100,49,2
2026-01-16,000001,13:27:03,11.2200,361,1
2026-01-16,000001,13:27:06,11.2100,44,2
2026-01-16,000001,13:27:09,11.2100,337,2
2026-01-16,000001,13:27:12,11.2200,11,1
2026-01-16,000001,13:27:15,11.2100,31,2
2026-01-16,000001,13:27:18,11.2200,14,1
2026-01-16,000001,13:27:21,11.2200,193,1
2026-01-16,000001,13:27:24,11.2200,4,1
2026-01-16,000001,13:27:27,11.2200,10,1
2026-01-16,000001,13:27:30,11.2100,11,2
2026-01-16,000001,13:27:33,11.2200,18,1
2026-01-16,000001,13:27:36,11.2200,13,1
2026-01-16,000001,13:27:39,11.2200,10,1
2026-01-16,000001,13:27:42,11.2200,301,1
2026-01-16,000001,13:27:45,11.2100,27,2
2026-01-16,000001,13:27:48,11.2200,68,1
2026-01-16,000001,13:27:51,11.2100,92,2
2026-01-16,000001,13:27:54,11.2200,3,1
2026-01-16,000001,13:27:57,11.2200,70,1
2026-01-16,000001,13:28:00,11.2200,146,1
2026-01-16,000001,13:28:03,11.2200,60,1
2026-01-16,000001,13:28:06,11.2200,26,1
2026-01-16,000001,13:28:09,11.2200,194,1
2026-01-16,000001,13:28:12,11.2200,3,1
2026-01-16,000001,13:28:15,11.2200,22,1
2026-01-16,000001,13:28:18,11.2100,58,2
2026-01-16,000001,13:28:21,11.2200,401,1
2026-01-16,000001,13:28:24,11.2200,356,1
2026-01-16,000001,13:28:27,11.2100,108,2
2026-01-16,000001,13:28:30,11.2100,52,2
2026-01-16,000001,13:28:33,11.2200,28,1
2026-01-16,000001,13:28:36,11.2200,59,1
2026-01-16,000001,13:28:39,11.2100,26,2
2026-01-16,000001,13:28:42,11.2200,11,1
2026-01-16,000001,13:28:45,11.2100,30,2
2026-01-16,000001,13:28:48,11.2100,170,2
2026-01-16,000001,13:28:51,11.2100,13,2
2026-01-16,000001,13:28:57,11.2100,46,2
2026-01-16,000001,13:29:00,11.2100,64,2
2026-01-16,000001,13:29:06,11.2200,57,1
2026-01-16,000001,13:29:12,11.2200,55,1
2026-01-16,000001,13:29:15,11.2100,255,2
2026-01-16,000001,13:29:18,11.2100,80,2
2026-01-16,000001,13:29:21,11.2200,36,1
2026-01-16,000001,13:29:24,11.2100,12,2
2026-01-16,000001,13:29:27,11.2200,265,1
2026-01-16,000001,13:29:30,11.2100,594,2
2026-01-16,000001,13:29:33,11.2200,185,1
2026-01-16,000001,13:29:36,11.2200,407,1
2026-01-16,000001,13:29:39,11.2100,101,2
2026-01-16,000001,13:29:42,11.2200,2,1
2026-01-16,000001,13:29:48,11.2200,51,1
2026-01-16,000001,13:29:54,11.2100,13,2
2026-01-16,000001,13:29:57,11.2200,45,1
2026-01-16,000001,13:30:00,11.2200,224,1
2026-01-16,000001,13:30:03,11.2200,173,1
2026-01-16,000001,13:30:06,11.2100,47,2
2026-01-16,000001,13:30:09,11.2200,72,1
2026-01-16,000001,13:30:12,11.2200,18,1
2026-01-16,000001,13:30:15,11.2100,34,2
2026-01-16,000001,13:30:18,11.2100,80,2
2026-01-16,000001,13:30:21,11.2100,337,2
2026-01-16,000001,13:30:24,11.2100,20,2
2026-01-16,000001,13:30:27,11.2200,354,1
2026-01-16,000001,13:30:30,11.2200,9,1
2026-01-16,000001,13:30:33,11.2100,22,2
2026-01-16,000001,13:30:36,11.2100,121,2
2026-01-16,000001,13:30:39,11.2100,22,2
2026-01-16,000001,13:30:42,11.2200,150,1
2026-01-16,000001,13:30:45,11.2200,22,1
2026-01-16,000001,13:30:48,11.2100,29,2
2026-01-16,000001,13:30:51,11.2100,52,2
2026-01-16,000001,13:30:54,11.2200,7,1
2026-01-16,000001,13:30:57,11.2200,1,1
2026-01-16,000001,13:31:00,11.2100,27,2
2026-01-16,000001,13:31:03,11.2100,75,2
2026-01-16,000001,13:31:06,11.2200,539,1
2026-01-16,000001,13:31:09,11.2100,27,2
2026-01-16,000001,13:31:18,11.2200,11,1
2026-01-16,000001,13:31:21,11.2200,1747,1
2026-01-16,000001,13:31:24,11.2100,10,2
2026-01-16,000001,13:31:27,11.2200,23,1
2026-01-16,000001,13:31:30,11.2200,7,1
2026-01-16,000001,13:31:33,11.2100,117,2
2026-01-16,000001,13:31:36,11.2100,84,2
2026-01-16,000001,13:31:42,11.2200,19,1
2026-01-16,000001,13:31:45,11.2200,25,1
2026-01-16,000001,13:31:48,11.2200,83,1
2026-01-16,000001,13:31:54,11.2100,47,2
2026-01-16,000001,13:31:57,11.2200,77,1
2026-01-16,000001,13:32:00,11.2200,7,1
2026-01-16,000001,13:32:03,11.2200,1492,1
2026-01-16,000001,13:32:06,11.2200,4,1
2026-01-16,000001,13:32:09,11.2200,44,1
2026-01-16,000001,13:32:18,11.2200,12,1
2026-01-16,000001,13:32:21,11.2200,85,1
2026-01-16,000001,13:32:24,11.2200,7,1
2026-01-16,000001,13:32:27,11.2200,501,1
2026-01-16,000001,13:32:30,11.2100,7,2
2026-01-16,000001,13:32:33,11.2200,22,1
2026-01-16,000001,13:32:36,11.2200,26,1
2026-01-16,000001,13:32:39,11.2100,31,2
2026-01-16,000001,13:32:42,11.2200,2052,1
2026-01-16,000001,13:32:45,11.2200,7,1
2026-01-16,000001,13:32:48,11.2100,1,2
2026-01-16,000001,13:32:51,11.2200,18,1
2026-01-16,000001,13:32:57,11.2100,132,2
2026-01-16,000001,13:33:00,11.2200,159,1
2026-01-16,000001,13:33:03,11.2100,123,2
2026-01-16,000001,13:33:06,11.2200,52,1
2026-01-16,000001,13:33:09,11.2200,107,1
2026-01-16,000001,13:33:12,11.2100,5,2
2026-01-16,000001,13:33:15,11.2200,1251,1
2026-01-16,000001,13:33:18,11.2100,62,2
2026-01-16,000001,13:33:21,11.2100,26,2
2026-01-16,000001,13:33:24,11.2200,52,1
2026-01-16,000001,13:33:27,11.2200,20,1
2026-01-16,000001,13:33:30,11.2200,1,1
2026-01-16,000001,13:33:33,11.2200,81,1
2026-01-16,000001,13:33:36,11.2200,30,1
2026-01-16,000001,13:33:39,11.2200,6,1
2026-01-16,000001,13:33:42,11.2200,227,1
2026-01-16,000001,13:33:45,11.2200,80,1
2026-01-16,000001,13:33:48,11.2200,2,1
2026-01-16,000001,13:33:51,11.2200,13,1
2026-01-16,000001,13:33:54,11.2100,146,2
2026-01-16,000001,13:33:57,11.2100,51,2
2026-01-16,000001,13:34:00,11.2200,1,1
2026-01-16,000001,13:34:03,11.2100,47,2
2026-01-16,000001,13:34:06,11.2200,20,1
2026-01-16,000001,13:34:09,11.2200,50,1
2026-01-16,000001,13:34:15,11.2100,15,2
2026-01-16,000001,13:34:18,11.2200,2,1
2026-01-16,000001,13:34:21,11.2200,53,1
2026-01-16,000001,13:34:24,11.2200,12,1
2026-01-16,000001,13:34:27,11.2200,10,1
2026-01-16,000001,13:34:30,11.2200,7,1
2026-01-16,000001,13:34:33,11.2200,176,1
2026-01-16,000001,13:34:36,11.2100,90,2
2026-01-16,000001,13:34:39,11.2200,6,1
2026-01-16,000001,13:34:42,11.2200,99,1
2026-01-16,000001,13:34:45,11.2200,31,1
2026-01-16,000001,13:34:48,11.2200,171,1
2026-01-16,000001,13:34:51,11.2200,179,1
2026-01-16,000001,13:34:54,11.2200,116,1
2026-01-16,000001,13:34:57,11.2200,18,1
2026-01-16,000001,13:35:00,11.2200,218,1
2026-01-16,000001,13:35:03,11.2200,18,1
2026-01-16,000001,13:35:06,11.2200,85,1
2026-01-16,000001,13:35:09,11.2200,117,1
2026-01-16,000001,13:35:12,11.2200,9,1
2026-01-16,000001,13:35:15,11.2200,3,1
2026-01-16,000001,13:35:18,11.2100,21,2
2026-01-16,000001,13:35:21,11.2200,112,1
2026-01-16,000001,13:35:24,11.2100,2,2
2026-01-16,000001,13:35:27,11.2200,15,1
2026-01-16,000001,13:35:30,11.2200,232,1
2026-01-16,000001,13:35:33,11.2200,67,1
2026-01-16,000001,13:35:36,11.2200,33,1
2026-01-16,000001,13:35:39,11.2200,41,1
2026-01-16,000001,13:35:42,11.2200,45,1
2026-01-16,000001,13:35:45,11.2200,46,1
2026-01-16,000001,13:35:51,11.2100,18,2
2026-01-16,000001,13:35:54,11.2100,29,2
2026-01-16,000001,13:35:57,11.2200,25,1
2026-01-16,000001,13:36:00,11.2200,23,1
2026-01-16,000001,13:36:03,11.2100,54,2
2026-01-16,000001,13:36:06,11.2100,16,2
2026-01-16,000001,13:36:09,11.2100,41,2
2026-01-16,000001,13:36:12,11.2100,376,2
2026-01-16,000001,13:36:15,11.2100,44,2
2026-01-16,000001,13:36:18,11.2100,415,2
2026-01-16,000001,13:36:21,11.2200,34,1
2026-01-16,000001,13:36:24,11.2200,68,1
2026-01-16,000001,13:36:27,11.2200,61,1
2026-01-16,000001,13:36:33,11.2200,12,1
2026-01-16,000001,13:36:39,11.2200,33,1
2026-01-16,000001,13:36:42,11.2200,56,1
2026-01-16,000001,13:36:45,11.2200,355,1
2026-01-16,000001,13:36:48,11.2200,53,1
2026-01-16,000001,13:36:51,11.2200,28,1
2026-01-16,000001,13:36:54,11.2200,178,1
2026-01-16,000001,13:36:57,11.2200,47,1
2026-01-16,000001,13:37:00,11.2200,101,1
2026-01-16,000001,13:37:03,11.2200,154,1
2026-01-16,000001,13:37:06,11.2100,33,2
2026-01-16,000001,13:37:09,11.2200,28,1
2026-01-16,000001,13:37:12,11.2100,40,2
2026-01-16,000001,13:37:15,11.2100,29,2
2026-01-16,000001,13:37:18,11.2200,24,1
2026-01-16,000001,13:37:21,11.2200,98,1
2026-01-16,000001,13:37:24,11.2100,216,2
2026-01-16,000001,13:37:27,11.2100,50,2
2026-01-16,000001,13:37:30,11.2200,51,1
2026-01-16,000001,13:37:33,11.2200,1,1
2026-01-16,000001,13:37:36,11.2100,173,2
2026-01-16,000001,13:37:39,11.2200,27,1
2026-01-16,000001,13:37:42,11.2200,3,1
2026-01-16,000001,13:37:45,11.2100,18,2
2026-01-16,000001,13:37:48,11.2200,28,1
2026-01-16,000001,13:37:51,11.2200,25,1
2026-01-16,000001,13:37:54,11.2200,53,1
2026-01-16,000001,13:38:00,11.2100,66,2
2026-01-16,000001,13:38:03,11.2200,44,1
2026-01-16,000001,13:38:06,11.2200,11,1
2026-01-16,000001,13:38:09,11.2100,87,2
2026-01-16,000001,13:38:12,11.2200,235,1
2026-01-16,000001,13:38:15,11.2100,36,2
2026-01-16,000001,13:38:18,11.2200,22,1
2026-01-16,000001,13:38:21,11.2100,20,2
2026-01-16,000001,13:38:24,11.2200,90,1
2026-01-16,000001,13:38:27,11.2100,22,2
2026-01-16,000001,13:38:30,11.2200,19,1
2026-01-16,000001,13:38:33,11.2100,489,2
2026-01-16,000001,13:38:36,11.2100,16,2
2026-01-16,000001,13:38:39,11.2200,15,1
2026-01-16,000001,13:38:42,11.2100,69,2
2026-01-16,000001,13:38:45,11.2100,71,2
2026-01-16,000001,13:38:48,11.2100,20,2
2026-01-16,000001,13:38:51,11.2200,344,1
2026-01-16,000001,13:38:54,11.2200,2,1
2026-01-16,000001,13:38:57,11.2200,99,1
2026-01-16,000001,13:39:00,11.2200,191,1
2026-01-16,000001,13:39:03,11.2100,19,2
2026-01-16,000001,13:39:06,11.2200,28,1
2026-01-16,000001,13:39:09,11.2200,21,1
2026-01-16,000001,13:39:12,11.2200,47,1
2026-01-16,000001,13:39:15,11.2100,40,2
2026-01-16,000001,13:39:18,11.2200,115,1
2026-01-16,000001,13:39:21,11.2100,22,2
2026-01-16,000001,13:39:27,11.2200,434,1
2026-01-16,000001,13:39:30,11.2200,27,1
2026-01-16,000001,13:39:33,11.2200,199,1
2026-01-16,000001,13:39:36,11.2200,9,1
2026-01-16,000001,13:39:39,11.2200,100,1
2026-01-16,000001,13:39:42,11.2200,7,1
2026-01-16,000001,13:39:48,11.2200,30,1
2026-01-16,000001,13:39:51,11.2200,6,1
2026-01-16,000001,13:39:54,11.2200,40,1
2026-01-16,000001,13:40:00,11.2200,49,1
2026-01-16,000001,13:40:03,11.2200,152,1
2026-01-16,000001,13:40:06,11.2200,20,1
2026-01-16,000001,13:40:09,11.2200,72,1
2026-01-16,000001,13:40:15,11.2200,118,1
2026-01-16,000001,13:40:18,11.2200,32,1
2026-01-16,000001,13:40:21,11.2200,88,1
2026-01-16,000001,13:40:24,11.2200,55,1
2026-01-16,000001,13:40:27,11.2100,133,2
2026-01-16,000001,13:40:30,11.2100,33,2
2026-01-16,000001,13:40:33,11.2100,24,2
2026-01-16,000001,13:40:36,11.2200,59,1
2026-01-16,000001,13:40:39,11.2100,131,2
2026-01-16,000001,13:40:42,11.2200,37,1
2026-01-16,000001,13:40:45,11.2200,32,1
2026-01-16,000001,13:40:48,11.2100,25,2
2026-01-16,000001,13:40:51,11.2200,17,1
2026-01-16,000001,13:40:54,11.2200,100,1
2026-01-16,000001,13:40:57,11.2100,119,2
2026-01-16,000001,13:41:00,11.2100,94,2
2026-01-16,000001,13:41:03,11.2200,22,1
2026-01-16,000001,13:41:06,11.2200,10,1
2026-01-16,000001,13:41:09,11.2200,3,1
2026-01-16,000001,13:41:12,11.2200,18,1
2026-01-16,000001,13:41:15,11.2200,139,1
2026-01-16,000001,13:41:18,11.2200,26,1
2026-01-16,000001,13:41:21,11.2200,171,1
2026-01-16,000001,13:41:24,11.2200,233,1
2026-01-16,000001,13:41:27,11.2200,55,1
2026-01-16,000001,13:41:30,11.2100,180,2
2026-01-16,000001,13:41:33,11.2200,47,1
2026-01-16,000001,13:41:36,11.2100,20,2
2026-01-16,000001,13:41:39,11.2100,267,2
2026-01-16,000001,13:41:45,11.2100,417,2
2026-01-16,000001,13:41:48,11.2100,4576,2
2026-01-16,000001,13:41:51,11.2100,286,2
2026-01-16,000001,13:41:54,11.2100,326,2
2026-01-16,000001,13:41:57,11.2100,41,2
2026-01-16,000001,13:42:00,11.2100,237,2
2026-01-16,000001,13:42:03,11.2100,494,2
2026-01-16,000001,13:42:06,11.2100,169,2
2026-01-16,000001,13:42:09,11.2100,276,2
2026-01-16,000001,13:42:12,11.2100,97,2
2026-01-16,000001,13:42:15,11.2100,22,2
2026-01-16,000001,13:42:18,11.2200,4,1
2026-01-16,000001,13:42:21,11.2200,333,1
2026-01-16,000001,13:42:24,11.2100,120,2
2026-01-16,000001,13:42:27,11.2200,31,1
2026-01-16,000001,13:42:30,11.2100,14,2
2026-01-16,000001,13:42:33,11.2100,85,2
2026-01-16,000001,13:42:36,11.2100,645,2
2026-01-16,000001,13:42:39,11.2100,25,2
2026-01-16,000001,13:42:42,11.2100,90,2
2026-01-16,000001,13:42:45,11.2200,35,1
2026-01-16,000001,13:42:48,11.2100,20,2
2026-01-16,000001,13:42:51,11.2200,11,1
2026-01-16,000001,13:42:54,11.2100,20,2
2026-01-16,000001,13:42:57,11.2200,142,1
2026-01-16,000001,13:43:00,11.2200,11,1
2026-01-16,000001,13:43:03,11.2100,154,2
2026-01-16,000001,13:43:06,11.2200,10,1
2026-01-16,000001,13:43:09,11.2100,42,2
2026-01-16,000001,13:43:12,11.2100,28,2
2026-01-16,000001,13:43:15,11.2200,64,1
2026-01-16,000001,13:43:21,11.2200,65,1
2026-01-16,000001,13:43:24,11.2100,11,2
2026-01-16,000001,13:43:27,11.2200,48,1
2026-01-16,000001,13:43:30,11.2100,84,2
2026-01-16,000001,13:43:33,11.2200,143,1
2026-01-16,000001,13:43:36,11.2200,73,1
2026-01-16,000001,13:43:39,11.2200,10,1
2026-01-16,000001,13:43:42,11.2200,2,1
2026-01-16,000001,13:43:45,11.2100,24,2
2026-01-16,000001,13:43:48,11.2100,127,2
2026-01-16,000001,13:43:54,11.2100,147,2
2026-01-16,000001,13:43:57,11.2100,2,2
2026-01-16,000001,13:44:00,11.2200,2,1
2026-01-16,000001,13:44:03,11.2200,6,1
2026-01-16,000001,13:44:06,11.2100,102,2
2026-01-16,000001,13:44:09,11.2100,11,2
2026-01-16,000001,13:44:15,11.2100,1,2
2026-01-16,000001,13:44:21,11.2100,102,2
2026-01-16,000001,13:44:24,11.2200,48,1
2026-01-16,000001,13:44:27,11.2200,30,1
2026-01-16,000001,13:44:30,11.2200,521,1
2026-01-16,000001,13:44:33,11.2100,29,2
2026-01-16,000001,13:44:36,11.2100,13,2
2026-01-16,000001,13:44:42,11.2100,89,2
2026-01-16,000001,13:44:45,11.2100,20,2
2026-01-16,000001,13:44:48,11.2200,35,1
2026-01-16,000001,13:44:51,11.2200,137,1
2026-01-16,000001,13:44:54,11.2100,125,2
2026-01-16,000001,13:44:57,11.2200,146,1
2026-01-16,000001,13:45:00,11.2100,29,2
2026-01-16,000001,13:45:03,11.2100,5,2
2026-01-16,000001,13:45:06,11.2100,83,2
2026-01-16,000001,13:45:09,11.2200,63,1
2026-01-16,000001,13:45:12,11.2200,8,1
2026-01-16,000001,13:45:15,11.2200,11,1
2026-01-16,000001,13:45:18,11.2100,33,2
2026-01-16,000001,13:45:21,11.2100,21,2
2026-01-16,000001,13:45:24,11.2200,31,1
2026-01-16,000001,13:45:27,11.2100,31,2
2026-01-16,000001,13:45:30,11.2100,24,2
2026-01-16,000001,13:45:33,11.2100,38,2
2026-01-16,000001,13:45:36,11.2200,17,1
2026-01-16,000001,13:45:39,11.2100,35,2
2026-01-16,000001,13:45:42,11.2200,47,1
2026-01-16,000001,13:45:48,11.2200,18,1
2026-01-16,000001,13:45:51,11.2200,6,1
2026-01-16,000001,13:45:54,11.2100,96,2
2026-01-16,000001,13:45:57,11.2200,11,1
2026-01-16,000001,13:46:00,11.2100,43,2
2026-01-16,000001,13:46:03,11.2100,32,2
2026-01-16,000001,13:46:06,11.2100,39,2
2026-01-16,000001,13:46:09,11.2100,108,2
2026-01-16,000001,13:46:12,11.2100,40,2
2026-01-16,000001,13:46:15,11.2200,78,1
2026-01-16,000001,13:46:18,11.2200,114,1
2026-01-16,000001,13:46:21,11.2100,190,2
2026-01-16,000001,13:46:27,11.2200,45,1
2026-01-16,000001,13:46:30,11.2100,40,2
2026-01-16,000001,13:46:33,11.2200,29,1
2026-01-16,000001,13:46:36,11.2100,40,2
2026-01-16,000001,13:46:39,11.2200,2,1
2026-01-16,000001,13:46:42,11.2200,15,1
2026-01-16,000001,13:46:45,11.2200,2,1
2026-01-16,000001,13:46:48,11.2200,10,1
2026-01-16,000001,13:46:51,11.2100,374,2
2026-01-16,000001,13:46:54,11.2100,115,2
2026-01-16,000001,13:46:57,11.2200,18,1
2026-01-16,000001,13:47:00,11.2100,214,2
2026-01-16,000001,13:47:03,11.2200,105,1
2026-01-16,000001,13:47:06,11.2100,42,2
2026-01-16,000001,13:47:09,11.2100,37,2
2026-01-16,000001,13:47:12,11.2100,5,2
2026-01-16,000001,13:47:15,11.2100,33,2
2026-01-16,000001,13:47:18,11.2100,4,2
2026-01-16,000001,13:47:21,11.2200,3,1
2026-01-16,000001,13:47:24,11.2100,31,2
2026-01-16,000001,13:47:30,11.2100,21,2
2026-01-16,000001,13:47:33,11.2100,1180,2
2026-01-16,000001,13:47:36,11.2200,371,1
2026-01-16,000001,13:47:39,11.2100,45,2
2026-01-16,000001,13:47:42,11.2100,20,2
2026-01-16,000001,13:47:45,11.2200,116,1
2026-01-16,000001,13:47:51,11.2200,10,1
2026-01-16,000001,13:47:54,11.2200,37,1
2026-01-16,000001,13:47:57,11.2200,76,1
2026-01-16,000001,13:48:00,11.2200,61,1
2026-01-16,000001,13:48:03,11.2200,9,1
2026-01-16,000001,13:48:06,11.2100,203,2
2026-01-16,000001,13:48:09,11.2100,190,2
2026-01-16,000001,13:48:12,11.2100,39,2
2026-01-16,000001,13:48:15,11.2100,146,2
2026-01-16,000001,13:48:18,11.2200,99,1
2026-01-16,000001,13:48:21,11.2100,5,2
2026-01-16,000001,13:48:24,11.2200,68,1
2026-01-16,000001,13:48:27,11.2200,7,1
2026-01-16,000001,13:48:30,11.2100,184,2
2026-01-16,000001,13:48:33,11.2200,115,1
2026-01-16,000001,13:48:36,11.2200,563,1
2026-01-16,000001,13:48:39,11.2200,89,1
2026-01-16,000001,13:48:42,11.2200,69,1
2026-01-16,000001,13:48:45,11.2100,89,2
2026-01-16,000001,13:48:48,11.2100,37,2
2026-01-16,000001,13:48:51,11.2100,2,2
2026-01-16,000001,13:48:54,11.2100,29,2
2026-01-16,000001,13:48:57,11.2100,51,2
2026-01-16,000001,13:49:00,11.2200,128,1
2026-01-16,000001,13:49:03,11.2100,12,2
2026-01-16,000001,13:49:06,11.2200,104,1
2026-01-16,000001,13:49:09,11.2200,77,1
2026-01-16,000001,13:49:12,11.2200,67,1
2026-01-16,000001,13:49:15,11.2200,49,1
2026-01-16,000001,13:49:18,11.2200,50,1
2026-01-16,000001,13:49:21,11.2100,87,2
2026-01-16,000001,13:49:27,11.2100,26,2
2026-01-16,000001,13:49:30,11.2100,305,2
2026-01-16,000001,13:49:33,11.2100,20,2
2026-01-16,000001,13:49:36,11.2100,17,2
2026-01-16,000001,13:49:39,11.2100,43,2
2026-01-16,000001,13:49:42,11.2100,134,2
2026-01-16,000001,13:49:45,11.2100,144,2
2026-01-16,000001,13:49:48,11.2100,73,2
2026-01-16,000001,13:49:51,11.2100,238,2
2026-01-16,000001,13:49:54,11.2100,379,2
2026-01-16,000001,13:49:57,11.2100,1004,2
2026-01-16,000001,13:50:00,11.2100,423,2
2026-01-16,000001,13:50:03,11.2200,465,1
2026-01-16,000001,13:50:06,11.2100,396,2
2026-01-16,000001,13:50:09,11.2100,339,2
2026-01-16,000001,13:50:12,11.2100,412,2
2026-01-16,000001,13:50:15,11.2100,326,2
2026-01-16,000001,13:50:18,11.2100,191,2
2026-01-16,000001,13:50:21,11.2100,375,2
2026-01-16,000001,13:50:24,11.2100,209,2
2026-01-16,000001,13:50:27,11.2100,344,2
2026-01-16,000001,13:50:30,11.2100,739,2
2026-01-16,000001,13:50:33,11.2200,401,1
2026-01-16,000001,13:50:36,11.2100,155,2
2026-01-16,000001,13:50:39,11.2100,452,2
2026-01-16,000001,13:50:42,11.2100,298,2
2026-01-16,000001,13:50:45,11.2100,442,2
2026-01-16,000001,13:50:48,11.2000,157,2
2026-01-16,000001,13:50:51,11.2100,188,1
2026-01-16,000001,13:50:54,11.2000,116,2
2026-01-16,000001,13:50:57,11.2000,109,2
2026-01-16,000001,13:51:00,11.2000,281,2
2026-01-16,000001,13:51:03,11.2000,86,2
2026-01-16,000001,13:51:06,11.2100,445,1
2026-01-16,000001,13:51:09,11.2100,149,1
2026-01-16,000001,13:51:12,11.2000,141,2
2026-01-16,000001,13:51:15,11.2100,218,1
2026-01-16,000001,13:51:18,11.2000,165,2
2026-01-16,000001,13:51:21,11.2100,180,1
2026-01-16,000001,13:51:24,11.2000,242,2
2026-01-16,000001,13:51:27,11.2000,118,2
2026-01-16,000001,13:51:30,11.2000,617,2
2026-01-16,000001,13:51:33,11.2000,160,2
2026-01-16,000001,13:51:36,11.2000,102,2
2026-01-16,000001,13:51:39,11.2000,115,2
2026-01-16,000001,13:51:42,11.2100,159,1
2026-01-16,000001,13:51:45,11.2000,113,2
2026-01-16,000001,13:51:48,11.2000,151,2
2026-01-16,000001,13:51:51,11.2100,166,1
2026-01-16,000001,13:51:54,11.2000,288,2
2026-01-16,000001,13:51:57,11.2000,370,2
2026-01-16,000001,13:52:00,11.2100,107,1
2026-01-16,000001,13:52:03,11.2100,110,1
2026-01-16,000001,13:52:06,11.2100,255,1
2026-01-16,000001,13:52:09,11.2000,383,2
2026-01-16,000001,13:52:12,11.2100,262,1
2026-01-16,000001,13:52:15,11.2000,319,2
2026-01-16,000001,13:52:18,11.2100,158,1
2026-01-16,000001,13:52:21,11.2100,222,1
2026-01-16,000001,13:52:24,11.2000,3286,2
2026-01-16,000001,13:52:27,11.2000,91,2
2026-01-16,000001,13:52:30,11.2000,273,2
2026-01-16,000001,13:52:33,11.2000,240,2
2026-01-16,000001,13:52:36,11.2100,71,1
2026-01-16,000001,13:52:39,11.2000,180,2
2026-01-16,000001,13:52:42,11.2000,168,2
2026-01-16,000001,13:52:45,11.2000,120,2
2026-01-16,000001,13:52:48,11.2000,244,2
2026-01-16,000001,13:52:51,11.2100,363,1
2026-01-16,000001,13:52:54,11.2000,183,2
2026-01-16,000001,13:52:57,11.2100,138,1
2026-01-16,000001,13:53:00,11.2100,88,1
2026-01-16,000001,13:53:03,11.2000,2224,2
2026-01-16,000001,13:53:06,11.2100,98,1
2026-01-16,000001,13:53:09,11.2000,472,2
2026-01-16,000001,13:53:12,11.2000,228,2
2026-01-16,000001,13:53:15,11.2000,488,2
2026-01-16,000001,13:53:18,11.2100,285,1
2026-01-16,000001,13:53:21,11.2000,661,2
2026-01-16,000001,13:53:24,11.2100,251,1
2026-01-16,000001,13:53:27,11.2100,335,1
2026-01-16,000001,13:53:30,11.2100,436,1
2026-01-16,000001,13:53:33,11.2000,212,2
2026-01-16,000001,13:53:36,11.2000,231,2
2026-01-16,000001,13:53:39,11.2000,320,2
2026-01-16,000001,13:53:42,11.2000,79,2
2026-01-16,000001,13:53:45,11.2000,135,2
2026-01-16,000001,13:53:48,11.2000,134,2
2026-01-16,000001,13:53:51,11.2000,71,2
2026-01-16,000001,13:53:54,11.2000,235,2
2026-01-16,000001,13:53:57,11.2000,337,2
2026-01-16,000001,13:54:00,11.2100,212,1
2026-01-16,000001,13:54:03,11.2000,279,2
2026-01-16,000001,13:54:06,11.2000,849,2
2026-01-16,000001,13:54:09,11.2000,168,2
2026-01-16,000001,13:54:12,11.2100,256,1
2026-01-16,000001,13:54:15,11.2000,124,2
2026-01-16,000001,13:54:18,11.2100,212,1
2026-01-16,000001,13:54:21,11.2000,139,2
2026-01-16,000001,13:54:24,11.2100,219,1
2026-01-16,000001,13:54:27,11.2100,293,1
2026-01-16,000001,13:54:30,11.2000,204,2
2026-01-16,000001,13:54:33,11.2000,174,2
2026-01-16,000001,13:54:36,11.2000,348,2
2026-01-16,000001,13:54:39,11.2100,262,1
2026-01-16,000001,13:54:42,11.2000,306,2
2026-01-16,000001,13:54:45,11.2000,142,2
2026-01-16,000001,13:54:48,11.2000,319,2
2026-01-16,000001,13:54:51,11.2100,254,1
2026-01-16,000001,13:54:54,11.2100,265,1
2026-01-16,000001,13:54:57,11.2100,148,1
2026-01-16,000001,13:55:00,11.2000,257,2
2026-01-16,000001,13:55:03,11.2100,334,1
2026-01-16,000001,13:55:06,11.2000,184,2
2026-01-16,000001,13:55:09,11.2000,158,2
2026-01-16,000001,13:55:12,11.2000,173,2
2026-01-16,000001,13:55:15,11.2100,149,1
2026-01-16,000001,13:55:18,11.2000,119,2
2026-01-16,000001,13:55:21,11.2100,127,1
2026-01-16,000001,13:55:24,11.2000,145,2
2026-01-16,000001,13:55:27,11.2000,177,2
2026-01-16,000001,13:55:30,11.2000,410,2
2026-01-16,000001,13:55:33,11.2000,481,2
2026-01-16,000001,13:55:36,11.2000,193,2
2026-01-16,000001,13:55:39,11.2000,368,2
2026-01-16,000001,13:55:42,11.2000,148,2
2026-01-16,000001,13:55:45,11.2000,154,2
2026-01-16,000001,13:55:48,11.2100,21,1
2026-01-16,000001,13:55:51,11.2000,272,2
2026-01-16,000001,13:55:54,11.2000,305,2
2026-01-16,000001,13:55:57,11.2000,161,2
2026-01-16,000001,13:56:00,11.2000,106,2
2026-01-16,000001,13:56:03,11.2000,260,2
2026-01-16,000001,13:56:06,11.2000,224,2
2026-01-16,000001,13:56:09,11.2000,177,2
2026-01-16,000001,13:56:12,11.2000,172,2
2026-01-16,000001,13:56:15,11.2000,268,2
2026-01-16,000001,13:56:18,11.2100,148,1
2026-01-16,000001,13:56:21,11.2000,222,2
2026-01-16,000001,13:56:24,11.2000,145,2
2026-01-16,000001,13:56:27,11.2100,165,1
2026-01-16,000001,13:56:30,11.2000,231,2
2026-01-16,000001,13:56:33,11.2000,387,2
2026-01-16,000001,13:56:36,11.2000,150,2
2026-01-16,000001,13:56:39,11.2100,300,1
2026-01-16,000001,13:56:42,11.2000,926,2
2026-01-16,000001,13:56:45,11.2100,93,1
2026-01-16,000001,13:56:48,11.2000,41,2
2026-01-16,000001,13:56:51,11.2000,91,2
2026-01-16,000001,13:56:54,11.2100,225,1
2026-01-16,000001,13:56:57,11.2000,494,2
2026-01-16,000001,13:57:00,11.2000,294,2
2026-01-16,000001,13:57:03,11.2100,508,1
2026-01-16,000001,13:57:06,11.2000,429,2
2026-01-16,000001,13:57:09,11.2000,120,2
2026-01-16,000001,13:57:12,11.2100,308,1
2026-01-16,000001,13:57:15,11.2000,221,2
2026-01-16,000001,13:57:18,11.2000,548,2
2026-01-16,000001,13:57:21,11.2000,41,2
2026-01-16,000001,13:57:24,11.2100,173,1
2026-01-16,000001,13:57:27,11.2000,607,2
2026-01-16,000001,13:57:30,11.2000,266,2
2026-01-16,000001,13:57:33,11.2100,322,1
2026-01-16,000001,13:57:36,11.2000,407,2
2026-01-16,000001,13:57:39,11.2000,10,2
2026-01-16,000001,13:57:42,11.2100,323,1
2026-01-16,000001,13:57:45,11.2000,242,2
2026-01-16,000001,13:57:48,11.2000,500,2
2026-01-16,000001,13:57:51,11.2000,223,2
2026-01-16,000001,13:57:54,11.2100,331,1
2026-01-16,000001,13:57:57,11.2100,8,1
2026-01-16,000001,13:58:00,11.2000,347,2
2026-01-16,000001,13:58:03,11.2100,54,1
2026-01-16,000001,13:58:06,11.2100,392,1
2026-01-16,000001,13:58:09,11.2000,365,2
2026-01-16,000001,13:58:12,11.2000,177,2
2026-01-16,000001,13:58:15,11.2000,639,2
2026-01-16,000001,13:58:18,11.2000,243,2
2026-01-16,000001,13:58:21,11.2000,32,2
2026-01-16,000001,13:58:24,11.2000,127,2
2026-01-16,000001,13:58:27,11.2100,54,1
2026-01-16,000001,13:58:30,11.2100,119,1
2026-01-16,000001,13:58:33,11.2000,155,2
2026-01-16,000001,13:58:36,11.2000,177,2
2026-01-16,000001,13:58:39,11.2100,141,1
2026-01-16,000001,13:58:42,11.2000,250,2
2026-01-16,000001,13:58:45,11.2100,46,1
2026-01-16,000001,13:58:48,11.2000,400,2
2026-01-16,000001,13:58:51,11.2000,361,2
2026-01-16,000001,13:58:54,11.2000,93,2
2026-01-16,000001,13:58:57,11.2000,167,2
2026-01-16,000001,13:59:00,11.2100,303,1
2026-01-16,000001,13:59:03,11.2100,207,1
2026-01-16,000001,13:59:06,11.2000,167,2
2026-01-16,000001,13:59:09,11.2100,239,1
2026-01-16,000001,13:59:12,11.2100,98,1
2026-01-16,000001,13:59:15,11.2000,161,2
2026-01-16,000001,13:59:18,11.2000,162,2
2026-01-16,000001,13:59:21,11.2000,318,2
2026-01-16,000001,13:59:24,11.2000,431,2
2026-01-16,000001,13:59:27,11.2100,427,1
2026-01-16,000001,13:59:30,11.2000,57,2
2026-01-16,000001,13:59:33,11.2000,163,2
2026-01-16,000001,13:59:36,11.2000,161,2
2026-01-16,000001,13:59:39,11.2000,129,2
2026-01-16,000001,13:59:42,11.2000,133,2
2026-01-16,000001,13:59:45,11.2100,159,1
2026-01-16,000001,13:59:48,11.2100,441,1
2026-01-16,000001,13:59:51,11.2000,391,2
2026-01-16,000001,13:59:54,11.2100,134,1
2026-01-16,000001,13:59:57,11.2000,120,2
2026-01-16,000001,14:00:00,11.2000,114,2
2026-01-16,000001,14:00:03,11.2100,128,1
2026-01-16,000001,14:00:06,11.2000,191,2
2026-01-16,000001,14:00:09,11.2000,167,2
2026-01-16,000001,14:00:12,11.2000,616,2
2026-01-16,000001,14:00:15,11.2000,3724,2
2026-01-16,000001,14:00:18,11.2000,326,2
2026-01-16,000001,14:00:21,11.2000,654,2
2026-01-16,000001,14:00:24,11.2100,163,1
2026-01-16,000001,14:00:27,11.2000,120,2
2026-01-16,000001,14:00:30,11.2000,115,2
2026-01-16,000001,14:00:33,11.2100,212,1
2026-01-16,000001,14:00:36,11.2100,391,1
2026-01-16,000001,14:00:39,11.2100,376,1
2026-01-16,000001,14:00:42,11.2000,204,2
2026-01-16,000001,14:00:45,11.2000,249,2
2026-01-16,000001,14:00:48,11.2000,1501,2
2026-01-16,000001,14:00:51,11.2000,295,2
2026-01-16,000001,14:00:54,11.2000,386,2
2026-01-16,000001,14:00:57,11.2000,5764,2
2026-01-16,000001,14:01:00,11.2000,671,1
2026-01-16,000001,14:01:03,11.2000,293,1
2026-01-16,000001,14:01:06,11.1900,124,2
2026-01-16,000001,14:01:09,11.2000,324,1
2026-01-16,000001,14:01:12,11.2000,397,1
2026-01-16,000001,14:01:15,11.2000,143,1
2026-01-16,000001,14:01:18,11.2000,256,1
2026-01-16,000001,14:01:21,11.1900,243,2
2026-01-16,000001,14:01:24,11.2000,38,1
2026-01-16,000001,14:01:27,11.2000,129,1
2026-01-16,000001,14:01:30,11.2000,155,1
2026-01-16,000001,14:01:33,11.2000,138,1
2026-01-16,000001,14:01:36,11.2000,142,1
2026-01-16,000001,14:01:39,11.1900,258,2
2026-01-16,000001,14:01:42,11.2000,210,1
2026-01-16,000001,14:01:45,11.1900,111,2
2026-01-16,000001,14:01:48,11.1900,167,2
2026-01-16,000001,14:01:51,11.2000,109,1
2026-01-16,000001,14:01:54,11.2000,101,1
2026-01-16,000001,14:01:57,11.2000,137,1
2026-01-16,000001,14:02:00,11.1900,94,2
2026-01-16,000001,14:02:03,11.2000,189,1
2026-01-16,000001,14:02:06,11.2000,407,1
2026-01-16,000001,14:02:09,11.1900,101,2
2026-01-16,000001,14:02:12,11.2000,98,1
2026-01-16,000001,14:02:15,11.2000,145,1
2026-01-16,000001,14:02:18,11.2000,117,1
2026-01-16,000001,14:02:21,11.2000,119,1
2026-01-16,000001,14:02:24,11.1900,138,2
2026-01-16,000001,14:02:27,11.2000,237,1
2026-01-16,000001,14:02:30,11.1900,155,2
2026-01-16,000001,14:02:33,11.1900,120,2
2026-01-16,000001,14:02:36,11.1900,136,2
2026-01-16,000001,14:02:39,11.1900,207,2
2026-01-16,000001,14:02:42,11.2000,194,1
2026-01-16,000001,14:02:45,11.1900,103,2
2026-01-16,000001,14:02:48,11.1900,178,2
2026-01-16,000001,14:02:51,11.1900,406,2
2026-01-16,000001,14:02:54,11.1900,33,2
2026-01-16,000001,14:02:57,11.2000,151,1
2026-01-16,000001,14:03:00,11.2000,122,1
2026-01-16,000001,14:03:03,11.2000,154,1
2026-01-16,000001,14:03:06,11.1900,115,2
2026-01-16,000001,14:03:09,11.1900,7094,2
2026-01-16,000001,14:03:12,11.1900,255,1
2026-01-16,000001,14:03:15,11.1900,292,1
2026-01-16,000001,14:03:18,11.1900,169,1
2026-01-16,000001,14:03:21,11.1800,202,2
2026-01-16,000001,14:03:24,11.1800,1347,2
2026-01-16,000001,14:03:27,11.1900,104,1
2026-01-16,000001,14:03:30,11.1900,302,1
2026-01-16,000001,14:03:33,11.1900,111,1
2026-01-16,000001,14:03:36,11.1900,260,1
2026-01-16,000001,14:03:39,11.1800,116,2
2026-01-16,000001,14:03:42,11.1900,324,1
2026-01-16,000001,14:03:45,11.1800,696,2
2026-01-16,000001,14:03:48,11.1900,242,1
2026-01-16,000001,14:03:51,11.1800,49,2
2026-01-16,000001,14:03:54,11.1900,213,1
2026-01-16,000001,14:03:57,11.1900,297,1
2026-01-16,000001,14:04:00,11.1800,164,2
2026-01-16,000001,14:04:03,11.1900,172,1
2026-01-16,000001,14:04:06,11.1800,210,2
2026-01-16,000001,14:04:09,11.1800,274,2
2026-01-16,000001,14:04:12,11.1800,428,2
2026-01-16,000001,14:04:15,11.1900,242,1
2026-01-16,000001,14:04:18,11.1900,343,1
2026-01-16,000001,14:04:21,11.1800,46,2
2026-01-16,000001,14:04:24,11.1800,296,2
2026-01-16,000001,14:04:27,11.1800,574,2
2026-01-16,000001,14:04:30,11.1800,116,2
2026-01-16,000001,14:04:33,11.1900,390,1
2026-01-16,000001,14:04:36,11.1800,236,2
2026-01-16,000001,14:04:39,11.1800,438,2
2026-01-16,000001,14:04:42,11.1900,286,1
2026-01-16,000001,14:04:45,11.1900,353,1
2026-01-16,000001,14:04:48,11.1800,391,2
2026-01-16,000001,14:04:51,11.1900,192,1
2026-01-16,000001,14:04:54,11.1800,528,2
2026-01-16,000001,14:04:57,11.1900,163,1
2026-01-16,000001,14:05:00,11.1900,443,1
2026-01-16,000001,14:05:03,11.1900,256,1
2026-01-16,000001,14:05:06,11.1900,313,1
2026-01-16,000001,14:05:09,11.1900,315,1
2026-01-16,000001,14:05:12,11.1800,145,2
2026-01-16,000001,14:05:15,11.1800,257,2
2026-01-16,000001,14:05:18,11.1900,130,1
2026-01-16,000001,14:05:21,11.1900,245,1
2026-01-16,000001,14:05:24,11.1900,234,1
2026-01-16,000001,14:05:27,11.1900,291,1
2026-01-16,000001,14:05:30,11.1800,147,2
2026-01-16,000001,14:05:33,11.1800,345,2
2026-01-16,000001,14:05:36,11.1900,426,1
2026-01-16,000001,14:05:39,11.1900,196,1
2026-01-16,000001,14:05:42,11.1900,196,1
2026-01-16,000001,14:05:45,11.1800,193,2
2026-01-16,000001,14:05:48,11.1800,145,2
2026-01-16,000001,14:05:51,11.1800,148,2
2026-01-16,000001,14:05:54,11.1800,206,2
2026-01-16,000001,14:05:57,11.1900,262,1
2026-01-16,000001,14:06:00,11.1900,186,1
2026-01-16,000001,14:06:03,11.1800,338,2
2026-01-16,000001,14:06:06,11.1800,425,2
2026-01-16,000001,14:06:09,11.1800,129,2
2026-01-16,000001,14:06:12,11.1800,477,2
2026-01-16,000001,14:06:15,11.1800,286,2
2026-01-16,000001,14:06:18,11.1800,333,2
2026-01-16,000001,14:06:21,11.1800,544,2
2026-01-16,000001,14:06:24,11.1800,792,2
2026-01-16,000001,14:06:27,11.1800,7190,2
2026-01-16,000001,14:06:30,11.1700,148,2
2026-01-16,000001,14:06:33,11.1800,448,1
2026-01-16,000001,14:06:36,11.1700,377,2
2026-01-16,000001,14:06:39,11.1800,267,1
2026-01-16,000001,14:06:42,11.1700,139,2
2026-01-16,000001,14:06:45,11.1700,716,2
2026-01-16,000001,14:06:48,11.1700,235,2
2026-01-16,000001,10:52:54,11.2600,8,1
2026-01-16,000001,10:52:57,11.2600,2,1
2026-01-16,000001,10:53:00,11.2500,39,2
2026-01-16,000001,10:53:03,11.2500,113,2
2026-01-16,000001,10:53:06,11.2500,184,2
2026-01-16,000001,10:53:09,11.2600,54,1
2026-01-16,000001,10:53:12,11.2600,21,1
2026-01-16,000001,10:53:15,11.2500,4,2
2026-01-16,000001,10:53:18,11.2500,50,2
2026-01-16,000001,10:53:21,11.2500,7,2
2026-01-16,000001,10:53:24,11.2600,64,1
2026-01-16,000001,10:53:30,11.2600,12,1
2026-01-16,000001,10:53:33,11.2500,10,2
2026-01-16,000001,10:53:36,11.2500,119,2
2026-01-16,000001,10:53:39,11.2500,12,2
2026-01-16,000001,10:53:42,11.2500,52,2
2026-01-16,000001,10:53:48,11.2600,216,1
2026-01-16,000001,10:53:51,11.2500,19,2
2026-01-16,000001,10:53:54,11.2500,14,2
2026-01-16,000001,10:53:57,11.2500,19,2
2026-01-16,000001,10:54:00,11.2500,59,2
2026-01-16,000001,10:54:03,11.2500,184,2
2026-01-16,000001,10:54:06,11.2500,1,2
2026-01-16,000001,10:54:09,11.2600,90,1
2026-01-16,000001,10:54:12,11.2600,305,1
2026-01-16,000001,10:54:15,11.2500,222,2
2026-01-16,000001,10:54:18,11.2500,2,2
2026-01-16,000001,10:54:21,11.2500,77,2
2026-01-16,000001,10:54:24,11.2500,45,2
2026-01-16,000001,10:54:27,11.2600,375,1
2026-01-16,000001,10:54:30,11.2500,17,2
2026-01-16,000001,10:54:33,11.2600,8,1
2026-01-16,000001,10:54:36,11.2500,20,2
2026-01-16,000001,10:54:39,11.2600,59,1
2026-01-16,000001,10:54:42,11.2600,5,1
2026-01-16,000001,10:54:48,11.2600,117,1
2026-01-16,000001,10:54:51,11.2600,1,1
2026-01-16,000001,10:54:57,11.2500,5124,2
2026-01-16,000001,10:55:00,11.2500,235,2
2026-01-16,000001,10:55:03,11.2600,24,1
2026-01-16,000001,10:55:06,11.2500,20,2
2026-01-16,000001,10:55:09,11.2500,13,2
2026-01-16,000001,10:55:15,11.2500,16,2
2026-01-16,000001,10:55:21,11.2600,2,1
2026-01-16,000001,10:55:27,11.2500,99,2
2026-01-16,000001,10:55:30,11.2600,23,1
2026-01-16,000001,10:55:33,11.2600,16,1
2026-01-16,000001,10:55:36,11.2500,230,2
2026-01-16,000001,10:55:39,11.2600,257,1
2026-01-16,000001,10:55:42,11.2500,13,2
2026-01-16,000001,10:55:48,11.2600,4,1
2026-01-16,000001,10:55:51,11.2500,2,2
2026-01-16,000001,10:55:54,11.2600,71,1
2026-01-16,000001,10:55:57,11.2600,18,1
2026-01-16,000001,10:56:00,11.2600,10,1
2026-01-16,000001,10:56:03,11.2600,13,1
2026-01-16,000001,10:56:06,11.2500,1,2
2026-01-16,000001,10:56:09,11.2500,17,2
2026-01-16,000001,10:56:12,11.2600,2,1
2026-01-16,000001,10:56:15,11.2600,53,1
2026-01-16,000001,10:56:18,11.2600,25,1
2026-01-16,000001,10:56:21,11.2500,162,2
2026-01-16,000001,10:56:27,11.2600,150,1
2026-01-16,000001,10:56:30,11.2500,111,2
2026-01-16,000001,10:56:33,11.2500,90,2
2026-01-16,000001,10:56:36,11.2500,34,2
2026-01-16,000001,10:56:39,11.2500,76,2
2026-01-16,000001,10:56:45,11.2500,122,2
2026-01-16,000001,10:56:48,11.2600,45,1
2026-01-16,000001,10:56:51,11.2500,47,2
2026-01-16,000001,10:56:54,11.2500,28,2
2026-01-16,000001,10:56:57,11.2600,135,1
2026-01-16,000001,10:57:00,11.2500,65,2
2026-01-16,000001,10:57:03,11.2600,79,1
2026-01-16,000001,10:57:06,11.2500,88,2
2026-01-16,000001,10:57:09,11.2500,84,2
2026-01-16,000001,10:57:12,11.2600,156,1
2026-01-16,000001,10:57:15,11.2500,35,2
2026-01-16,000001,10:57:18,11.2500,195,2
2026-01-16,000001,10:57:27,11.2500,32,2
2026-01-16,000001,10:57:30,11.2600,25,1
2026-01-16,000001,10:57:33,11.2500,180,2
2026-01-16,000001,10:57:39,11.2600,32,1
2026-01-16,000001,10:57:42,11.2600,25,1
2026-01-16,000001,10:57:45,11.2600,211,1
2026-01-16,000001,10:57:48,11.2600,121,2
2026-01-16,000001,10:57:51,11.2600,35,2
2026-01-16,000001,10:57:54,11.2600,2,4
2026-01-16,000001,10:57:57,11.2600,47,1
2026-01-16,000001,10:58:00,11.2500,68,2
2026-01-16,000001,10:58:03,11.2500,120,2
2026-01-16,000001,10:58:06,11.2500,18,2
2026-01-16,000001,10:58:12,11.2500,69,2
2026-01-16,000001,10:58:18,11.2500,1,2
2026-01-16,000001,10:58:21,11.2600,167,1
2026-01-16,000001,10:58:24,11.2500,39,2
2026-01-16,000001,10:58:27,11.2500,1,2
2026-01-16,000001,10:58:30,11.2500,248,2
2026-01-16,000001,10:58:36,11.2600,30,1
2026-01-16,000001,10:58:39,11.2500,2,2
2026-01-16,000001,10:58:42,11.2600,195,1
2026-01-16,000001,10:58:48,11.2500,80,2
2026-01-16,000001,10:58:54,11.2600,42,1
2026-01-16,000001,10:58:57,11.2500,225,2
2026-01-16,000001,10:59:00,11.2500,55,2
2026-01-16,000001,10:59:03,11.2600,20,1
2026-01-16,000001,10:59:06,11.2500,42,2
2026-01-16,000001,10:59:09,11.2600,24,1
2026-01-16,000001,10:59:12,11.2500,106,2
2026-01-16,000001,10:59:15,11.2600,2,1
2026-01-16,000001,10:59:18,11.2500,58,2
2026-01-16,000001,10:59:21,11.2500,10,2
2026-01-16,000001,10:59:24,11.2500,11,2
2026-01-16,000001,10:59:27,11.2500,33,2
2026-01-16,000001,10:59:30,11.2500,21,2
2026-01-16,000001,10:59:33,11.2600,69,1
2026-01-16,000001,10:59:36,11.2600,88,1
2026-01-16,000001,10:59:39,11.2500,226,2
2026-01-16,000001,10:59:42,11.2600,4,1
2026-01-16,000001,10:59:45,11.2600,2,1
2026-01-16,000001,10:59:48,11.2500,57,2
2026-01-16,000001,10:59:51,11.2500,184,2
2026-01-16,000001,10:59:54,11.2600,19,1
2026-01-16,000001,10:59:57,11.2500,46,2
2026-01-16,000001,11:00:00,11.2600,5,1
2026-01-16,000001,11:00:03,11.2600,25,1
2026-01-16,000001,11:00:09,11.2500,22,2
2026-01-16,000001,11:00:12,11.2600,182,1
2026-01-16,000001,11:00:15,11.2500,51,2
2026-01-16,000001,11:00:18,11.2500,10,2
2026-01-16,000001,11:00:21,11.2600,80,1
2026-01-16,000001,11:00:24,11.2600,66,1
2026-01-16,000001,11:00:27,11.2600,64,1
2026-01-16,000001,11:00:30,11.2500,22,2
2026-01-16,000001,11:00:33,11.2600,166,1
2026-01-16,000001,11:00:36,11.2600,246,1
2026-01-16,000001,11:00:39,11.2600,71,1
2026-01-16,000001,11:00:42,11.2600,15,1
2026-01-16,000001,11:00:45,11.2500,4,2
2026-01-16,000001,11:00:48,11.2600,76,1
2026-01-16,000001,11:00:51,11.2500,8,2
2026-01-16,000001,11:00:54,11.2600,30,1
2026-01-16,000001,11:00:57,11.2600,27,1
2026-01-16,000001,11:01:00,11.2600,100,1
2026-01-16,000001,11:01:06,11.2500,28,2
2026-01-16,000001,11:01:09,11.2600,5,1
2026-01-16,000001,11:01:12,11.2600,30,1
2026-01-16,000001,11:01:18,11.2500,41,2
2026-01-16,000001,11:01:21,11.2500,135,2
2026-01-16,000001,11:01:24,11.2600,33,1
2026-01-16,000001,11:01:30,11.2500,74,2
2026-01-16,000001,11:01:33,11.2600,10,1
2026-01-16,000001,11:01:36,11.2600,97,1
2026-01-16,000001,11:01:39,11.2600,69,1
2026-01-16,000001,11:01:42,11.2600,188,1
2026-01-16,000001,11:01:45,11.2500,1,2
2026-01-16,000001,11:01:48,11.2600,8,1
2026-01-16,000001,11:01:51,11.2600,34,1
2026-01-16,000001,11:01:54,11.2600,8,1
2026-01-16,000001,11:01:57,11.2600,105,1
2026-01-16,000001,11:02:00,11.2500,1,2
2026-01-16,000001,11:02:03,11.2500,117,2
2026-01-16,000001,11:02:06,11.2600,31,1
2026-01-16,000001,11:02:09,11.2500,115,2
2026-01-16,000001,11:02:12,11.2500,226,2
2026-01-16,000001,11:02:18,11.2600,283,1
2026-01-16,000001,11:02:21,11.2600,678,1
2026-01-16,000001,11:02:24,11.2500,98,2
2026-01-16,000001,11:02:27,11.2600,164,1
2026-01-16,000001,11:02:30,11.2600,12,1
2026-01-16,000001,11:02:33,11.2600,17,1
2026-01-16,000001,11:02:36,11.2500,37,2
2026-01-16,000001,11:02:39,11.2500,272,2
2026-01-16,000001,11:02:42,11.2600,386,1
2026-01-16,000001,11:02:45,11.2500,14,2
2026-01-16,000001,11:02:48,11.2500,64,2
2026-01-16,000001,11:02:51,11.2600,92,1
2026-01-16,000001,11:02:54,11.2500,117,2
2026-01-16,000001,11:02:57,11.2600,50,1
2026-01-16,000001,11:03:00,11.2600,154,1
2026-01-16,000001,11:03:03,11.2500,67,2
2026-01-16,000001,11:03:06,11.2500,163,2
2026-01-16,000001,11:03:12,11.2600,104,1
2026-01-16,000001,11:03:15,11.2600,325,1
2026-01-16,000001,11:03:18,11.2600,84,1
2026-01-16,000001,11:03:21,11.2500,84,2
2026-01-16,000001,11:03:24,11.2600,29,1
2026-01-16,000001,11:03:27,11.2600,27,1
2026-01-16,000001,11:03:30,11.2600,207,1
2026-01-16,000001,11:03:36,11.2600,95,1
2026-01-16,000001,11:03:39,11.2600,53,2
2026-01-16,000001,11:03:42,11.2600,237,2
2026-01-16,000001,11:03:45,11.2600,953,1
2026-01-16,000001,11:03:48,11.2600,86,2
2026-01-16,000001,11:03:51,11.2600,213,1
2026-01-16,000001,11:03:54,11.2500,71,2
2026-01-16,000001,11:03:57,11.2700,57,1
2026-01-16,000001,11:04:00,11.2500,70,2
2026-01-16,000001,11:04:03,11.2500,54,2
2026-01-16,000001,11:04:06,11.2500,51,2
2026-01-16,000001,11:04:09,11.2500,62,2
2026-01-16,000001,11:04:12,11.2600,189,1
2026-01-16,000001,11:04:15,11.2500,69,2
2026-01-16,000001,11:04:18,11.2500,52,2
2026-01-16,000001,11:04:21,11.2500,55,2
2026-01-16,000001,11:04:24,11.2600,47,1
2026-01-16,000001,11:04:27,11.2500,22,2
2026-01-16,000001,11:04:30,11.2500,119,2
2026-01-16,000001,11:04:33,11.2500,53,2
2026-01-16,000001,11:04:36,11.2500,51,2
2026-01-16,000001,11:04:39,11.2500,91,2
2026-01-16,000001,11:04:42,11.2500,67,2
2026-01-16,000001,11:04:45,11.2500,184,2
2026-01-16,000001,11:04:48,11.2500,261,2
2026-01-16,000001,11:04:51,11.2500,111,2
2026-01-16,000001,11:04:54,11.2500,139,2
2026-01-16,000001,11:04:57,11.2500,1,2
2026-01-16,000001,11:05:00,11.2500,140,2
2026-01-16,000001,11:05:03,11.2500,77,2
2026-01-16,000001,11:05:06,11.2600,138,1
2026-01-16,000001,11:05:09,11.2600,98,1
2026-01-16,000001,11:05:12,11.2500,123,2
2026-01-16,000001,11:05:15,11.2500,28,2
2026-01-16,000001,11:05:18,11.2500,98,2
2026-01-16,000001,11:05:21,11.2500,203,2
2026-01-16,000001,11:05:24,11.2500,49,2
2026-01-16,000001,11:05:27,11.2500,95,2
2026-01-16,000001,11:05:30,11.2600,123,1
2026-01-16,000001,11:05:33,11.2500,71,2
2026-01-16,000001,11:05:36,11.2500,379,2
2026-01-16,000001,11:05:39,11.2500,1820,2
2026-01-16,000001,11:05:42,11.2500,366,2
2026-01-16,000001,11:05:45,11.2500,1015,2
2026-01-16,000001,11:05:48,11.2400,67,2
2026-01-16,000001,11:05:51,11.2400,119,2
2026-01-16,000001,11:05:54,11.2500,55,1
2026-01-16,000001,11:05:57,11.2500,177,1
2026-01-16,000001,11:06:00,11.2400,237,2
2026-01-16,000001,11:06:03,11.2400,85,2
2026-01-16,000001,11:06:06,11.2400,136,2
2026-01-16,000001,11:06:09,11.2500,120,1
2026-01-16,000001,11:06:12,11.2500,101,1
2026-01-16,000001,11:06:15,11.2400,93,2
2026-01-16,000001,11:06:18,11.2400,34,2
2026-01-16,000001,11:06:21,11.2400,291,2
2026-01-16,000001,11:06:24,11.2500,133,1
2026-01-16,000001,11:06:27,11.2400,139,2
2026-01-16,000001,11:06:30,11.2400,102,2
2026-01-16,000001,11:06:33,11.2400,127,2
2026-01-16,000001,11:06:36,11.2400,232,2
2026-01-16,000001,11:06:39,11.2400,69,2
2026-01-16,000001,11:06:42,11.2500,65,1
2026-01-16,000001,11:06:45,11.2400,138,2
2026-01-16,000001,11:06:48,11.2400,39,2
2026-01-16,000001,11:06:51,11.2500,87,1
2026-01-16,000001,11:06:54,11.2500,193,1
2026-01-16,000001,11:06:57,11.2500,276,1
2026-01-16,000001,11:07:00,11.2400,53,2
2026-01-16,000001,11:07:03,11.2400,107,2
2026-01-16,000001,11:07:06,11.2400,113,2
2026-01-16,000001,11:07:09,11.2500,95,1
2026-01-16,000001,11:07:12,11.2400,102,2
2026-01-16,000001,11:07:15,11.2400,188,2
2026-01-16,000001,11:07:18,11.2400,81,2
2026-01-16,000001,11:07:21,11.2400,84,2
2026-01-16,000001,11:07:24,11.2400,159,2
2026-01-16,000001,11:07:27,11.2400,111,2
2026-01-16,000001,11:07:30,11.2400,190,2
2026-01-16,000001,11:07:33,11.2400,171,2
2026-01-16,000001,11:07:36,11.2400,121,2
2026-01-16,000001,11:07:39,11.2400,193,2
2026-01-16,000001,11:07:42,11.2500,167,1
2026-01-16,000001,11:07:45,11.2400,70,2
2026-01-16,000001,11:07:48,11.2400,125,2
2026-01-16,000001,11:07:51,11.2400,267,2
2026-01-16,000001,11:07:54,11.2500,94,1
2026-01-16,000001,11:07:57,11.2400,77,2
2026-01-16,000001,11:08:00,11.2400,53,2
2026-01-16,000001,11:08:03,11.2400,68,2
2026-01-16,000001,11:08:06,11.2400,93,2
2026-01-16,000001,11:08:09,11.2400,259,2
2026-01-16,000001,11:08:12,11.2400,85,2
2026-01-16,000001,11:08:15,11.2400,117,2
2026-01-16,000001,11:08:18,11.2400,95,2
2026-01-16,000001,11:08:21,11.2400,134,2
2026-01-16,000001,11:08:24,11.2400,853,2
2026-01-16,000001,11:08:27,11.2500,103,1
2026-01-16,000001,11:08:30,11.2400,69,2
2026-01-16,000001,11:08:33,11.2400,911,2
2026-01-16,000001,11:08:36,11.2400,307,2
2026-01-16,000001,11:08:39,11.2500,143,1
2026-01-16,000001,11:08:42,11.2400,109,2
2026-01-16,000001,11:08:45,11.2400,148,2
2026-01-16,000001,11:08:48,11.2400,3576,2
2026-01-16,000001,11:08:51,11.2500,1419,1
2026-01-16,000001,11:08:54,11.2400,287,2
2026-01-16,000001,11:08:57,11.2500,194,1
2026-01-16,000001,11:09:00,11.2400,154,2
2026-01-16,000001,11:09:03,11.2400,241,2
2026-01-16,000001,11:09:06,11.2400,334,2
2026-01-16,000001,11:09:09,11.2400,227,2
2026-01-16,000001,11:09:12,11.2400,130,2
2026-01-16,000001,11:09:15,11.2500,233,1
2026-01-16,000001,11:09:18,11.2400,81,2
2026-01-16,000001,11:09:21,11.2400,118,2
2026-01-16,000001,11:09:24,11.2400,426,2
2026-01-16,000001,11:09:27,11.2400,133,2
2026-01-16,000001,11:09:30,11.2400,57,2
2026-01-16,000001,11:09:33,11.2400,158,2
2026-01-16,000001,11:09:36,11.2400,152,2
2026-01-16,000001,11:09:39,11.2400,213,2
2026-01-16,000001,11:09:42,11.2400,135,2
2026-01-16,000001,11:09:45,11.2400,204,2
2026-01-16,000001,11:09:48,11.2400,222,2
2026-01-16,000001,11:09:51,11.2400,100,2
2026-01-16,000001,11:09:54,11.2500,29,1
2026-01-16,000001,11:09:57,11.2400,176,2
2026-01-16,000001,11:10:00,11.2400,217,2
2026-01-16,000001,11:10:03,11.2400,121,2
2026-01-16,000001,11:10:06,11.2500,53,1
2026-01-16,000001,11:10:09,11.2400,264,2
2026-01-16,000001,11:10:12,11.2400,50,2
2026-01-16,000001,11:10:15,11.2400,119,2
2026-01-16,000001,11:10:18,11.2500,468,1
2026-01-16,000001,11:10:21,11.2400,402,2
2026-01-16,000001,11:10:24,11.2400,437,2
2026-01-16,000001,11:10:27,11.2400,207,2
2026-01-16,000001,11:10:30,11.2400,156,2
2026-01-16,000001,11:10:33,11.2400,51,2
2026-01-16,000001,11:10:36,11.2400,188,2
2026-01-16,000001,11:10:39,11.2400,152,2
2026-01-16,000001,11:10:42,11.2500,97,1
2026-01-16,000001,11:10:45,11.2500,111,1
2026-01-16,000001,11:10:48,11.2500,432,1
2026-01-16,000001,11:10:51,11.2400,277,2
2026-01-16,000001,11:10:54,11.2400,268,2
2026-01-16,000001,11:10:57,11.2400,104,2
2026-01-16,000001,11:11:00,11.2400,642,2
2026-01-16,000001,11:11:03,11.2500,294,1
2026-01-16,000001,11:11:06,11.2400,193,2
2026-01-16,000001,11:11:09,11.2500,93,1
2026-01-16,000001,11:11:12,11.2500,188,1
2026-01-16,000001,11:11:15,11.2400,119,2
2026-01-16,000001,11:11:18,11.2400,41,2
2026-01-16,000001,11:11:21,11.2400,36,2
2026-01-16,000001,11:11:24,11.2400,68,2
2026-01-16,000001,11:11:27,11.2400,141,2
2026-01-16,000001,11:11:30,11.2400,152,2
2026-01-16,000001,11:11:33,11.2400,342,2
2026-01-16,000001,11:11:36,11.2400,146,2
2026-01-16,000001,11:11:39,11.2500,180,1
2026-01-16,000001,11:11:42,11.2400,124,2
2026-01-16,000001,11:11:45,11.2500,226,1
2026-01-16,000001,11:11:48,11.2400,16,2
2026-01-16,000001,11:11:51,11.2500,82,1
2026-01-16,000001,11:11:54,11.2400,36,2
2026-01-16,000001,11:11:57,11.2500,1459,1
2026-01-16,000001,11:12:00,11.2500,42,1
2026-01-16,000001,11:12:03,11.2400,176,2
2026-01-16,000001,11:12:06,11.2400,110,2
2026-01-16,000001,11:12:09,11.2400,95,2
2026-01-16,000001,11:12:12,11.2400,2,2
2026-01-16,000001,11:12:15,11.2400,523,2
2026-01-16,000001,11:12:18,11.2400,120,1
2026-01-16,000001,11:12:21,11.2300,131,2
2026-01-16,000001,11:12:24,11.2300,106,2
2026-01-16,000001,11:12:27,11.2400,249,1
2026-01-16,000001,11:12:30,11.2300,433,2
2026-01-16,000001,11:12:33,11.2400,172,1
2026-01-16,000001,11:12:36,11.2300,69,2
2026-01-16,000001,11:12:39,11.2300,183,2
2026-01-16,000001,11:12:42,11.2400,164,1
2026-01-16,000001,11:12:45,11.2300,101,2
2026-01-16,000001,11:12:48,11.2300,110,2
2026-01-16,000001,11:12:51,11.2300,145,2
2026-01-16,000001,11:12:54,11.2400,153,1
2026-01-16,000001,11:12:57,11.2300,194,2
2026-01-16,000001,11:13:00,11.2400,7,1
2026-01-16,000001,11:13:03,11.2300,76,2
2026-01-16,000001,11:13:06,11.2300,66,2
2026-01-16,000001,11:13:09,11.2300,178,2
2026-01-16,000001,11:13:12,11.2400,198,1
2026-01-16,000001,11:13:15,11.2400,122,1
2026-01-16,000001,11:13:18,11.2400,132,1
2026-01-16,000001,11:13:21,11.2400,235,1
2026-01-16,000001,11:13:24,11.2300,144,2
2026-01-16,000001,11:13:27,11.2300,136,2
2026-01-16,000001,11:13:30,11.2300,182,2
2026-01-16,000001,11:13:33,11.2400,282,1
2026-01-16,000001,11:13:36,11.2400,87,1
2026-01-16,000001,11:13:39,11.2400,249,1
2026-01-16,000001,11:13:42,11.2300,161,2
2026-01-16,000001,11:13:45,11.2300,191,2
2026-01-16,000001,11:13:48,11.2400,210,1
2026-01-16,000001,11:13:51,11.2300,100,2
2026-01-16,000001,11:13:54,11.2300,154,2
2026-01-16,000001,11:13:57,11.2400,232,1
2026-01-16,000001,11:14:00,11.2300,27376,2
2026-01-16,000001,11:14:03,11.2300,240,1
2026-01-16,000001,11:14:06,11.2300,212,1
2026-01-16,000001,11:14:09,11.2200,230,2
2026-01-16,000001,11:14:12,11.2200,574,2
2026-01-16,000001,11:14:15,11.2300,118,1
2026-01-16,000001,11:14:18,11.2200,157,2
2026-01-16,000001,11:14:21,11.2200,168,2
2026-01-16,000001,11:14:24,11.2200,10089,2
2026-01-16,000001,11:14:27,11.2200,215,2
2026-01-16,000001,11:14:30,11.2200,22,2
2026-01-16,000001,11:14:33,11.2200,520,2
2026-01-16,000001,11:14:36,11.2200,301,2
2026-01-16,000001,11:14:39,11.2200,700,2
2026-01-16,000001,11:14:42,11.2300,161,1
2026-01-16,000001,11:14:45,11.2200,154,2
2026-01-16,000001,11:14:48,11.2200,276,2
2026-01-16,000001,11:14:51,11.2300,355,1
2026-01-16,000001,11:14:54,11.2200,666,2
2026-01-16,000001,11:14:57,11.2200,252,2
2026-01-16,000001,11:15:00,11.2300,148,1
2026-01-16,000001,11:15:03,11.2200,201,2
2026-01-16,000001,11:15:06,11.2200,32,2
2026-01-16,000001,11:15:09,11.2200,212,2
2026-01-16,000001,11:15:12,11.2200,479,2
2026-01-16,000001,11:15:15,11.2200,830,2
2026-01-16,000001,11:15:18,11.2200,152,2
2026-01-16,000001,11:15:21,11.2300,71,1
2026-01-16,000001,11:15:24,11.2200,67,2
2026-01-16,000001,11:15:27,11.2200,74,2
2026-01-16,000001,11:15:30,11.2200,1865,2
2026-01-16,000001,11:15:33,11.2200,229,2
2026-01-16,000001,11:15:36,11.2200,275,2
2026-01-16,000001,11:15:39,11.2200,227,2
2026-01-16,000001,11:15:42,11.2200,141,2
2026-01-16,000001,11:15:45,11.2300,105,1
2026-01-16,000001,11:15:48,11.2200,565,2
2026-01-16,000001,11:15:51,11.2300,160,1
2026-01-16,000001,11:15:54,11.2200,87,2
2026-01-16,000001,11:15:57,11.2200,47,2
2026-01-16,000001,11:16:00,11.2200,108,2
2026-01-16,000001,11:16:03,11.2200,120,2
2026-01-16,000001,11:16:06,11.2200,105,2
2026-01-16,000001,11:16:09,11.2200,184,2
2026-01-16,000001,11:16:12,11.2200,69,2
2026-01-16,000001,11:16:15,11.2200,206,2
2026-01-16,000001,11:16:18,11.2200,70,2
2026-01-16,000001,11:16:21,11.2200,59,2
2026-01-16,000001,11:16:24,11.2200,193,2
2026-01-16,000001,11:16:27,11.2200,38,2
2026-01-16,000001,11:16:30,11.2200,664,2
2026-01-16,000001,11:16:33,11.2200,37,2
2026-01-16,000001,11:16:36,11.2200,170,2
2026-01-16,000001,11:16:39,11.2200,98,2
2026-01-16,000001,11:16:42,11.2200,120,2
2026-01-16,000001,11:16:45,11.2200,79,2
2026-01-16,000001,11:16:48,11.2300,411,1
2026-01-16,000001,11:16:51,11.2200,100,2
2026-01-16,000001,11:16:54,11.2300,241,1
2026-01-16,000001,11:16:57,11.2200,141,2
2026-01-16,000001,11:17:00,11.2300,139,1
2026-01-16,000001,11:17:03,11.2200,91,2
2026-01-16,000001,11:17:06,11.2300,38,1
2026-01-16,000001,11:17:09,11.2200,112,2
2026-01-16,000001,11:17:12,11.2300,38,1
2026-01-16,000001,11:17:15,11.2200,18,2
2026-01-16,000001,11:17:18,11.2300,29,1
2026-01-16,000001,11:17:21,11.2300,13,1
2026-01-16,000001,11:17:24,11.2300,1245,1
2026-01-16,000001,11:17:27,11.2300,10,1
2026-01-16,000001,11:17:30,11.2200,418,2
2026-01-16,000001,11:17:33,11.2300,1723,1
