date,code,time,price,volume,bs
2026-04-24,000333,14:06:15,79.8500,34,2
2026-04-24,000333,14:06:18,79.8700,15,1
2026-04-24,000333,14:06:21,79.8700,17,1
2026-04-24,000333,14:06:24,79.8800,60,1
2026-04-24,000333,14:06:27,79.8700,6,2
2026-04-24,000333,14:06:30,79.8800,12,2
2026-04-24,000333,14:06:33,79.8900,2,4
2026-04-24,000333,14:06:36,79.8700,37,2
2026-04-24,000333,14:06:39,79.8700,9,2
2026-04-24,000333,14:06:42,79.8700,94,2
2026-04-24,000333,14:06:45,79.8700,3,1
2026-04-24,000333,14:06:48,79.8700,27,1
2026-04-24,000333,14:06:51,79.8600,31,2
2026-04-24,000333,14:06:54,79.8800,57,1
2026-04-24,000333,14:06:57,79.8800,43,4
2026-04-24,000333,14:07:00,79.8700,15,2
2026-04-24,000333,14:07:03,79.8800,45,1
2026-04-24,000333,14:07:06,79.8700,13,2
2026-04-24,000333,14:07:09,79.8800,8,1
2026-04-24,000333,14:07:12,79.8800,19,1
2026-04-24,000333,14:07:15,79.8900,21,1
2026-04-24,000333,14:07:18,79.8900,38,1
2026-04-24,000333,14:07:21,79.8900,48,1
2026-04-24,000333,14:07:24,79.8700,32,2
2026-04-24,000333,14:07:27,79.8700,58,2
2026-04-24,000333,14:07:30,79.8700,13,1
2026-04-24,000333,14:07:33,79.8700,17,1
2026-04-24,000333,14:07:39,79.8700,2,1
2026-04-24,000333,14:07:42,79.8700,27,1
2026-04-24,000333,14:07:45,79.8600,80,2
2026-04-24,000333,14:07:48,79.8700,14,1
2026-04-24,000333,14:07:51,79.8600,11,2
2026-04-24,000333,14:07:54,79.8600,65,2
2026-04-24,000333,14:07:57,79.8600,17,1
2026-04-24,000333,14:08:00,79.8400,99,2
2026-04-24,000333,14:08:03,79.8500,9,4
2026-04-24,000333,14:08:09,79.8500,27,1
2026-04-24,000333,14:08:12,79.8400,14,2
2026-04-24,000333,14:08:15,79.8400,14,2
2026-04-24,000333,14:08:18,79.8500,9,1
2026-04-24,000333,14:08:21,79.8500,14,2
2026-04-24,000333,14:08:24,79.8600,16,1
2026-04-24,000333,14:08:27,79.8500,18,2
2026-04-24,000333,14:08:30,79.8500,2,2
2026-04-24,000333,14:08:33,79.8600,2,4
2026-04-24,000333,14:08:36,79.8600,5,2
2026-04-24,000333,14:08:39,79.8600,6,2
2026-04-24,000333,14:08:42,79.8700,5,1
2026-04-24,000333,14:08:45,79.8700,2,1
2026-04-24,000333,14:08:48,79.8700,6,1
2026-04-24,000333,14:08:51,79.8600,24,2
2026-04-24,000333,14:08:57,79.8700,100,1
2026-04-24,000333,14:09:00,79.8600,2,2
2026-04-24,000333,14:09:03,79.8600,22,2
2026-04-24,000333,14:09:06,79.8600,62,2
2026-04-24,000333,14:09:09,79.8700,20,1
2026-04-24,000333,14:09:12,79.8800,12,1
2026-04-24,000333,14:09:15,79.8500,3,2
2026-04-24,000333,14:09:18,79.8400,230,2
2026-04-24,000333,14:09:21,79.8400,80,2
2026-04-24,000333,14:09:24,79.8400,46,1
2026-04-24,000333,14:09:27,79.8700,1,1
2026-04-24,000333,14:09:30,79.8800,30,1
2026-04-24,000333,14:09:33,79.8700,3,1
2026-04-24,000333,14:09:36,79.8800,15,1
2026-04-24,000333,14:09:39,79.8800,2,1
2026-04-24,000333,14:09:42,79.8800,21,1
2026-04-24,000333,14:09:45,79.8800,9,1
2026-04-24,000333,14:09:51,79.8800,21,1
2026-04-24,000333,14:09:54,79.8500,29,2
2026-04-24,000333,14:09:57,79.8800,1,1
2026-04-24,000333,14:10:00,79.8900,8,1
2026-04-24,000333,14:10:03,79.8700,28,1
2026-04-24,000333,14:10:06,79.8700,23,1
2026-04-24,000333,14:10:09,79.8700,28,1
2026-04-24,000333,14:10:12,79.8700,2,2
2026-04-24,000333,14:10:15,79.8700,13,2
2026-04-24,000333,14:10:18,79.8600,2,2
2026-04-24,000333,14:10:21,79.8600,14,2
2026-04-24,000333,14:10:24,79.8500,176,2
2026-04-24,000333,14:10:27,79.8600,1,1
2026-04-24,000333,14:10:30,79.8700,11,1
2026-04-24,000333,14:10:33,79.8600,18,1
2026-04-24,000333,14:10:36,79.8500,46,2
2026-04-24,000333,14:10:39,79.8400,16,2
2026-04-24,000333,14:10:42,79.8400,30,2
2026-04-24,000333,14:10:45,79.8500,20,1
2026-04-24,000333,14:10:48,79.8500,6,1
2026-04-24,000333,14:10:51,79.8400,4,2
2026-04-24,000333,14:10:54,79.8700,27,1
2026-04-24,000333,14:10:57,79.8400,18,2
2026-04-24,000333,14:11:00,79.8400,35,2
2026-04-24,000333,14:11:03,79.8400,258,1
2026-04-24,000333,14:11:06,79.8200,42,2
2026-04-24,000333,14:11:09,79.8200,8,2
2026-04-24,000333,14:11:12,79.8400,20,1
2026-04-24,000333,14:11:15,79.8300,2,2
2026-04-24,000333,14:11:18,79.8400,22,1
2026-04-24,000333,14:11:21,79.8300,6,2
2026-04-24,000333,14:11:24,79.8400,14,1
2026-04-24,000333,14:11:27,79.8300,40,2
2026-04-24,000333,14:11:30,79.8200,45,2
2026-04-24,000333,14:11:33,79.8300,27,2
2026-04-24,000333,14:11:36,79.8400,14,1
2026-04-24,000333,14:11:39,79.8400,8,1
2026-04-24,000333,14:11:42,79.8400,18,1
2026-04-24,000333,14:11:45,79.8300,38,2
2026-04-24,000333,14:11:48,79.8300,10,2
2026-04-24,000333,14:11:51,79.8300,9,1
2026-04-24,000333,14:11:54,79.8300,17,1
2026-04-24,000333,14:11:57,79.8400,7,1
2026-04-24,000333,14:12:00,79.8300,16,2
2026-04-24,000333,14:12:03,79.8300,24,2
2026-04-24,000333,14:12:06,79.8300,9,2
2026-04-24,000333,14:12:09,79.8400,18,1
2026-04-24,000333,14:12:12,79.8300,95,1
2026-04-24,000333,14:12:15,79.8300,14,2
2026-04-24,000333,14:12:18,79.8400,11,1
2026-04-24,000333,14:12:21,79.8300,15,1
2026-04-24,000333,14:12:24,79.8300,9,1
2026-04-24,000333,14:12:27,79.8200,16,2
2026-04-24,000333,14:12:30,79.8300,1,1
2026-04-24,000333,14:12:33,79.8300,12,1
2026-04-24,000333,14:12:36,79.8200,53,2
2026-04-24,000333,14:12:39,79.8300,63,1
2026-04-24,000333,14:12:42,79.8300,8,1
2026-04-24,000333,14:12:45,79.8300,7,1
2026-04-24,000333,14:12:48,79.8300,9,1
2026-04-24,000333,14:12:51,79.8300,14,1
2026-04-24,000333,14:12:54,79.8200,5,2
2026-04-24,000333,14:12:57,79.8300,9,1
2026-04-24,000333,14:13:00,79.8300,25,1
2026-04-24,000333,14:13:03,79.8200,14,2
2026-04-24,000333,14:13:06,79.8300,35,4
2026-04-24,000333,14:13:09,79.7900,531,2
2026-04-24,000333,14:13:12,79.8000,145,4
2026-04-24,000333,14:13:15,79.8100,39,1
2026-04-24,000333,14:13:18,79.7900,7,2
2026-04-24,000333,14:13:21,79.8100,16,1
2026-04-24,000333,14:13:24,79.7800,22,2
2026-04-24,000333,14:13:30,79.7900,24,2
2026-04-24,000333,14:13:33,79.8100,33,1
2026-04-24,000333,14:13:36,79.8200,12,1
2026-04-24,000333,14:13:39,79.8000,35,2
2026-04-24,000333,14:13:42,79.8200,15,1
2026-04-24,000333,14:13:45,79.8100,30,2
2026-04-24,000333,14:13:48,79.8200,3,1
2026-04-24,000333,14:13:51,79.8100,3,4
2026-04-24,000333,14:13:54,79.8200,27,1
2026-04-24,000333,14:13:57,79.8100,19,2
2026-04-24,000333,14:14:00,79.8200,16,4
2026-04-24,000333,14:14:03,79.8200,47,4
2026-04-24,000333,14:14:06,79.8200,5,1
2026-04-24,000333,14:14:09,79.8200,29,1
2026-04-24,000333,14:14:12,79.8100,41,2
2026-04-24,000333,14:14:15,79.8200,25,1
2026-04-24,000333,14:14:18,79.8200,18,2
2026-04-24,000333,14:14:21,79.8100,1,2
2026-04-24,000333,14:14:24,79.8200,12,1
2026-04-24,000333,14:14:27,79.8100,23,2
2026-04-24,000333,14:14:30,79.8100,65,2
2026-04-24,000333,14:14:33,79.8100,72,2
2026-04-24,000333,14:14:36,79.8000,149,2
2026-04-24,000333,14:14:39,79.8000,117,2
2026-04-24,000333,14:14:42,79.8200,118,1
2026-04-24,000333,14:14:45,79.7900,31,2
2026-04-24,000333,14:14:48,79.7800,2,2
2026-04-24,000333,14:14:51,79.7700,32,2
2026-04-24,000333,14:14:54,79.7700,201,2
2026-04-24,000333,14:14:57,79.7600,47,2
2026-04-24,000333,14:15:00,79.8000,8,1
2026-04-24,000333,14:15:03,79.8000,17,1
2026-04-24,000333,14:15:06,79.8000,5,1
2026-04-24,000333,14:15:09,79.7800,11,2
2026-04-24,000333,14:15:12,79.7800,68,2
2026-04-24,000333,14:15:15,79.7900,124,2
2026-04-24,000333,14:15:18,79.7900,45,1
2026-04-24,000333,14:15:21,79.7700,53,2
2026-04-24,000333,14:15:24,79.7900,80,1
2026-04-24,000333,14:15:27,79.7500,40,2
2026-04-24,000333,14:15:30,79.7500,217,2
2026-04-24,000333,14:15:33,79.7500,125,1
2026-04-24,000333,14:15:36,79.7400,47,2
2026-04-24,000333,14:15:39,79.7500,74,1
2026-04-24,000333,14:15:42,79.7500,44,2
2026-04-24,000333,14:15:45,79.7500,39,1
2026-04-24,000333,14:15:48,79.7400,21,1
2026-04-24,000333,14:15:51,79.7500,30,1
2026-04-24,000333,14:15:54,79.7400,6,2
2026-04-24,000333,14:15:57,79.7800,76,1
2026-04-24,000333,14:16:00,79.7800,74,1
2026-04-24,000333,14:16:03,79.7800,15,1
2026-04-24,000333,14:16:06,79.7600,19,2
2026-04-24,000333,14:16:09,79.7800,48,1
2026-04-24,000333,14:16:12,79.7800,26,2
2026-04-24,000333,14:16:15,79.7800,54,1
2026-04-24,000333,14:16:18,79.7800,22,2
2026-04-24,000333,14:16:21,79.7900,8,1
2026-04-24,000333,14:16:24,79.7800,7,2
2026-04-24,000333,14:16:27,79.7900,24,1
2026-04-24,000333,14:16:30,79.8000,22,1
2026-04-24,000333,14:16:33,79.8100,46,1
2026-04-24,000333,14:16:36,79.7900,16,2
2026-04-24,000333,14:16:39,79.8000,74,2
2026-04-24,000333,14:16:42,79.8100,4,1
2026-04-24,000333,14:16:45,79.8100,5,1
2026-04-24,000333,14:16:48,79.8000,13,2
2026-04-24,000333,14:16:51,79.8000,13,1
2026-04-24,000333,14:16:54,79.8000,19,1
2026-04-24,000333,14:16:57,79.8000,17,1
2026-04-24,000333,14:17:00,79.7900,18,2
2026-04-24,000333,14:17:03,79.7900,40,2
2026-04-24,000333,14:17:06,79.7900,18,2
2026-04-24,000333,14:17:09,79.8100,11,1
2026-04-24,000333,14:17:12,79.7900,7,2
2026-04-24,000333,14:17:15,79.8000,2,1
2026-04-24,000333,14:17:21,79.8000,2,1
2026-04-24,000333,14:17:24,79.7900,47,2
2026-04-24,000333,14:17:27,79.7800,63,2
2026-04-24,000333,14:17:30,79.7800,32,2
2026-04-24,000333,14:17:33,79.7600,211,2
2026-04-24,000333,14:17:36,79.8000,153,1
2026-04-24,000333,14:17:39,79.8000,98,2
2026-04-24,000333,14:17:42,79.8100,30,1
2026-04-24,000333,14:17:45,79.8000,15,2
2026-04-24,000333,14:17:48,79.8000,26,2
2026-04-24,000333,14:17:51,79.8100,1,4
2026-04-24,000333,14:18:00,79.8100,10,2
2026-04-24,000333,14:18:03,79.8000,41,2
2026-04-24,000333,14:18:06,79.8100,32,1
2026-04-24,000333,14:18:12,79.8000,35,2
2026-04-24,000333,14:18:18,79.8000,48,2
2026-04-24,000333,14:18:21,79.7900,37,2
2026-04-24,000333,14:18:24,79.8000,45,1
2026-04-24,000333,14:18:27,79.8100,33,1
2026-04-24,000333,14:18:30,79.8500,64,1
2026-04-24,000333,14:18:33,79.8500,44,1
2026-04-24,000333,14:18:36,79.8500,28,1
2026-04-24,000333,14:18:39,79.8400,36,2
2026-04-24,000333,14:18:42,79.8400,12,2
2026-04-24,000333,14:18:45,79.8400,11,2
2026-04-24,000333,14:18:48,79.8600,13,1
2026-04-24,000333,14:18:51,79.8600,31,1
2026-04-24,000333,14:18:54,79.8600,32,1
2026-04-24,000333,14:18:57,79.8400,26,2
2026-04-24,000333,14:19:00,79.8400,36,2
2026-04-24,000333,14:19:03,79.8400,27,2
2026-04-24,000333,14:19:06,79.8400,39,1
2026-04-24,000333,14:19:12,79.8200,144,2
2026-04-24,000333,14:19:15,79.8100,68,2
2026-04-24,000333,14:19:18,79.8100,4,2
2026-04-24,000333,14:19:21,79.8200,3,1
2026-04-24,000333,14:19:27,79.8200,21,1
2026-04-24,000333,14:19:30,79.8300,15,1
2026-04-24,000333,14:19:33,79.8300,17,2
2026-04-24,000333,14:19:36,79.8200,34,2
2026-04-24,000333,14:19:39,79.8200,11,2
2026-04-24,000333,14:19:42,79.8200,2,2
2026-04-24,000333,14:19:45,79.8200,28,2
2026-04-24,000333,14:19:48,79.8300,13,1
2026-04-24,000333,14:19:51,79.8400,58,1
2026-04-24,000333,14:19:54,79.8200,15,2
2026-04-24,000333,14:19:57,79.8300,11,1
2026-04-24,000333,14:20:00,79.8300,23,1
2026-04-24,000333,14:20:03,79.8300,13,2
2026-04-24,000333,14:20:06,79.8300,17,1
2026-04-24,000333,14:20:09,79.8300,17,1
2026-04-24,000333,14:20:12,79.8300,13,4
2026-04-24,000333,14:20:15,79.8300,42,1
2026-04-24,000333,14:20:18,79.8300,52,1
2026-04-24,000333,14:20:21,79.8300,12,1
2026-04-24,000333,14:20:24,79.8300,47,1
2026-04-24,000333,14:20:27,79.8300,50,1
2026-04-24,000333,14:20:30,79.8300,6,1
2026-04-24,000333,14:20:33,79.8300,36,1
2026-04-24,000333,14:20:36,79.8200,8,2
2026-04-24,000333,14:20:39,79.8300,226,1
2026-04-24,000333,14:20:42,79.8000,76,2
2026-04-24,000333,14:20:45,79.7800,91,2
2026-04-24,000333,14:20:48,79.7900,24,1
2026-04-24,000333,14:20:51,79.7800,28,2
2026-04-24,000333,14:20:54,79.7900,18,1
2026-04-24,000333,14:20:57,79.7800,13,2
2026-04-24,000333,14:21:00,79.7900,19,1
2026-04-24,000333,14:21:03,79.7900,19,1
2026-04-24,000333,14:21:06,79.7800,18,2
2026-04-24,000333,14:21:09,79.7800,105,2
2026-04-24,000333,14:21:12,79.7900,34,4
2026-04-24,000333,14:21:15,79.7800,16,2
2026-04-24,000333,14:21:18,79.7900,48,1
2026-04-24,000333,14:21:21,79.8000,13,1
2026-04-24,000333,14:21:24,79.7900,32,2
2026-04-24,000333,14:21:27,79.7900,31,2
2026-04-24,000333,14:21:30,79.7900,14,1
2026-04-24,000333,14:21:33,79.8100,15,1
2026-04-24,000333,14:21:36,79.8100,70,1
2026-04-24,000333,14:21:39,79.7900,85,2
2026-04-24,000333,14:21:42,79.7900,26,2
2026-04-24,000333,14:21:45,79.7900,38,2
2026-04-24,000333,14:21:48,79.8000,18,1
2026-04-24,000333,14:21:51,79.7900,13,2
2026-04-24,000333,14:21:54,79.8100,9,1
2026-04-24,000333,14:21:57,79.7900,6,2
2026-04-24,000333,14:22:00,79.8000,2,4
2026-04-24,000333,14:22:03,79.8000,96,2
2026-04-24,000333,14:22:06,79.8000,39,1
2026-04-24,000333,14:22:09,79.7900,10,2
2026-04-24,000333,14:22:12,79.7900,12,2
2026-04-24,000333,14:22:15,79.7900,14,2
2026-04-24,000333,14:22:18,79.7800,98,2
2026-04-24,000333,14:22:21,79.7800,56,2
2026-04-24,000333,14:22:24,79.7800,29,2
2026-04-24,000333,14:22:27,79.7800,191,2
2026-04-24,000333,14:22:30,79.7700,59,2
2026-04-24,000333,14:22:33,79.8000,178,1
2026-04-24,000333,14:22:36,79.7800,99,2
2026-04-24,000333,14:22:39,79.7600,16,2
2026-04-24,000333,14:22:42,79.7600,54,4
2026-04-24,000333,14:22:45,79.7800,6,1
2026-04-24,000333,14:22:48,79.7800,89,1
2026-04-24,000333,14:22:51,79.7900,9,1
2026-04-24,000333,14:22:54,79.7800,15,2
2026-04-24,000333,14:22:57,79.7900,1,1
2026-04-24,000333,14:23:00,79.7600,88,2
2026-04-24,000333,14:23:03,79.7900,30,1
2026-04-24,000333,14:23:06,79.7800,38,2
2026-04-24,000333,14:23:09,79.8000,11,1
2026-04-24,000333,14:23:12,79.7800,71,2
2026-04-24,000333,14:23:15,79.7800,8,1
2026-04-24,000333,14:23:18,79.8000,4,1
2026-04-24,000333,14:23:21,79.7900,59,2
2026-04-24,000333,14:23:24,79.7800,14,2
2026-04-24,000333,14:23:27,79.7900,73,4
2026-04-24,000333,14:23:30,79.8000,11,1
2026-04-24,000333,14:23:33,79.8000,27,1
2026-04-24,000333,14:23:36,79.8000,2,2
2026-04-24,000333,14:23:39,79.8000,7,2
2026-04-24,000333,14:23:42,79.8000,7,2
2026-04-24,000333,14:23:45,79.8000,22,2
2026-04-24,000333,14:23:48,79.8100,24,1
2026-04-24,000333,14:23:51,79.8100,10,1
2026-04-24,000333,14:23:54,79.8000,14,2
2026-04-24,000333,14:23:57,79.8000,29,2
2026-04-24,000333,14:24:00,79.8000,1,1
2026-04-24,000333,14:24:03,79.8000,248,1
2026-04-24,000333,14:24:06,79.8000,43,1
2026-04-24,000333,14:24:09,79.8000,25,1
2026-04-24,000333,14:24:12,79.8000,18,1
2026-04-24,000333,14:24:15,79.8000,36,1
2026-04-24,000333,14:24:18,79.8000,21,1
2026-04-24,000333,14:24:21,79.8000,32,2
2026-04-24,000333,14:24:24,79.8100,15,1
2026-04-24,000333,14:24:27,79.7800,68,2
2026-04-24,000333,14:24:30,79.7800,51,1
2026-04-24,000333,14:24:33,79.7800,24,1
2026-04-24,000333,14:24:36,79.7600,36,2
2026-04-24,000333,14:24:39,79.7700,10,1
2026-04-24,000333,14:24:42,79.7700,2,1
2026-04-24,000333,14:24:45,79.7900,3,1
2026-04-24,000333,14:24:48,79.7900,17,1
2026-04-24,000333,14:24:51,79.8000,20,1
2026-04-24,000333,14:24:54,79.8000,30,1
2026-04-24,000333,14:24:57,79.8200,37,1
2026-04-24,000333,14:25:00,79.7900,35,2
2026-04-24,000333,14:25:03,79.7900,4,1
2026-04-24,000333,14:25:06,79.7900,20,1
2026-04-24,000333,14:25:09,79.7900,1,4
2026-04-24,000333,14:25:12,79.7700,189,2
2026-04-24,000333,14:25:15,79.7700,49,2
2026-04-24,000333,14:25:18,79.7800,56,1
2026-04-24,000333,14:25:21,79.7800,40,4
2026-04-24,000333,14:25:24,79.7500,57,2
2026-04-24,000333,14:25:27,79.8000,43,1
2026-04-24,000333,14:25:30,79.7500,146,2
2026-04-24,000333,14:25:33,79.7900,119,1
2026-04-24,000333,14:25:36,79.8100,42,1
2026-04-24,000333,14:25:39,79.7800,70,2
2026-04-24,000333,14:25:42,79.7800,37,2
2026-04-24,000333,14:25:45,79.8000,55,1
2026-04-24,000333,14:25:48,79.8000,32,1
2026-04-24,000333,14:25:51,79.8200,21,1
2026-04-24,000333,14:25:54,79.7900,51,2
2026-04-24,000333,14:25:57,79.7800,43,2
2026-04-24,000333,14:26:00,79.7800,22,2
2026-04-24,000333,14:26:03,79.7900,129,1
2026-04-24,000333,14:26:06,79.7800,19,2
2026-04-24,000333,14:26:09,79.7800,42,4
2026-04-24,000333,14:26:12,79.8000,46,1
2026-04-24,000333,14:26:15,79.7800,40,4
2026-04-24,000333,14:26:18,79.7900,16,4
2026-04-24,000333,14:26:21,79.7900,24,1
2026-04-24,000333,14:26:24,79.7800,47,2
2026-04-24,000333,14:26:27,79.7600,45,2
2026-04-24,000333,14:26:30,79.7800,35,4
2026-04-24,000333,14:26:33,79.7700,56,4
2026-04-24,000333,14:26:36,79.7700,7,1
2026-04-24,000333,14:26:39,79.7800,7,1
2026-04-24,000333,14:26:42,79.7800,6,1
2026-04-24,000333,14:26:45,79.7600,80,2
2026-04-24,000333,14:26:48,79.7600,25,2
2026-04-24,000333,14:26:51,79.8000,57,1
2026-04-24,000333,14:26:54,79.7700,51,2
2026-04-24,000333,14:26:57,79.7700,75,1
2026-04-24,000333,14:27:00,79.7900,74,1
2026-04-24,000333,14:27:03,79.8000,41,1
2026-04-24,000333,14:27:06,79.7900,17,1
2026-04-24,000333,14:27:09,79.8000,17,1
2026-04-24,000333,14:27:12,79.8000,54,1
2026-04-24,000333,14:27:15,79.8000,27,1
2026-04-24,000333,14:27:18,79.7800,31,2
2026-04-24,000333,14:27:21,79.8000,50,1
2026-04-24,000333,14:27:24,79.8000,5,1
2026-04-24,000333,14:27:27,79.7900,66,4
2026-04-24,000333,14:27:30,79.7900,2,1
2026-04-24,000333,14:27:33,79.7800,28,1
2026-04-24,000333,14:27:36,79.7900,4,1
2026-04-24,000333,14:27:39,79.7900,19,1
2026-04-24,000333,14:27:42,79.8000,14,1
2026-04-24,000333,14:27:45,79.7900,38,2
2026-04-24,000333,14:27:48,79.7800,168,2
2026-04-24,000333,14:27:51,79.7900,113,1
2026-04-24,000333,14:27:54,79.7900,36,1
2026-04-24,000333,14:27:57,79.8000,10,1
2026-04-24,000333,14:28:00,79.7800,37,2
2026-04-24,000333,14:28:03,79.7800,36,2
2026-04-24,000333,14:28:06,79.7800,33,2
2026-04-24,000333,14:28:09,79.7900,7,1
2026-04-24,000333,14:28:12,79.7900,3,2
2026-04-24,000333,14:28:15,79.7900,23,2
2026-04-24,000333,14:28:18,79.8000,20,1
2026-04-24,000333,14:28:21,79.7800,144,2
2026-04-24,000333,14:28:24,79.7900,19,4
2026-04-24,000333,14:28:27,79.7900,17,1
2026-04-24,000333,14:28:30,79.8000,38,1
2026-04-24,000333,14:28:33,79.7800,12,2
2026-04-24,000333,14:28:36,79.7700,345,2
2026-04-24,000333,14:28:39,79.7500,68,2
2026-04-24,000333,14:28:42,79.7700,37,1
2026-04-24,000333,14:28:45,79.7600,12,4
2026-04-24,000333,14:28:48,79.7900,45,1
2026-04-24,000333,14:28:51,79.7900,14,1
2026-04-24,000333,14:28:54,79.7800,25,4
2026-04-24,000333,14:28:57,79.7900,54,1
2026-04-24,000333,14:29:00,79.7800,102,4
2026-04-24,000333,14:29:03,79.7900,39,1
2026-04-24,000333,14:29:06,79.8100,14,1
2026-04-24,000333,14:29:09,79.8000,1,1
2026-04-24,000333,14:29:12,79.8100,15,1
2026-04-24,000333,14:29:15,79.7900,44,2
2026-04-24,000333,14:29:18,79.7700,89,2
2026-04-24,000333,14:29:21,79.7900,70,1
2026-04-24,000333,14:29:24,79.7900,39,1
2026-04-24,000333,14:29:27,79.7800,45,2
2026-04-24,000333,14:29:30,79.7800,97,2
2026-04-24,000333,14:29:33,79.7900,103,2
2026-04-24,000333,14:29:36,79.7900,73,2
2026-04-24,000333,14:29:39,79.8200,71,1
2026-04-24,000333,14:29:42,79.8300,48,1
2026-04-24,000333,14:29:45,79.8200,4,1
2026-04-24,000333,14:29:48,79.7800,80,2
2026-04-24,000333,14:29:51,79.8100,36,1
2026-04-24,000333,14:29:54,79.7900,40,2
2026-04-24,000333,14:29:57,79.8300,92,1
2026-04-24,000333,14:30:00,79.8100,24,1
2026-04-24,000333,14:30:03,79.8100,28,1
2026-04-24,000333,14:30:06,79.7900,31,2
2026-04-24,000333,14:30:09,79.7900,44,2
2026-04-24,000333,14:30:12,79.7900,33,2
2026-04-24,000333,14:30:15,79.8000,127,2
2026-04-24,000333,14:30:18,79.8100,40,2
2026-04-24,000333,14:30:21,79.7900,33,2
2026-04-24,000333,14:30:24,79.8000,22,1
2026-04-24,000333,14:30:27,79.8100,8,4
2026-04-24,000333,14:30:33,79.7900,22,2
2026-04-24,000333,14:30:36,79.7900,23,2
2026-04-24,000333,14:30:39,79.7900,14,2
2026-04-24,000333,14:30:42,79.8100,21,1
2026-04-24,000333,14:30:45,79.8200,8,1
2026-04-24,000333,14:30:48,79.7900,89,2
2026-04-24,000333,14:30:51,79.8000,52,2
2026-04-24,000333,14:30:54,79.8200,2,1
2026-04-24,000333,14:30:57,79.8200,2,1
2026-04-24,000333,14:31:00,79.8100,68,2
2026-04-24,000333,14:31:03,79.8100,51,4
2026-04-24,000333,14:31:06,79.8000,68,2
2026-04-24,000333,14:31:09,79.7900,47,2
2026-04-24,000333,14:31:12,79.8200,187,1
2026-04-24,000333,14:31:15,79.8200,43,1
2026-04-24,000333,14:31:18,79.8200,13,1
2026-04-24,000333,14:31:21,79.8200,28,1
2026-04-24,000333,14:31:24,79.8300,11,1
2026-04-24,000333,14:31:27,79.8300,35,4
2026-04-24,000333,14:31:30,79.8500,9,1
2026-04-24,000333,14:31:33,79.8300,18,2
2026-04-24,000333,14:31:36,79.8400,71,2
2026-04-24,000333,14:31:39,79.8300,14,2
2026-04-24,000333,14:31:42,79.8500,61,1
2026-04-24,000333,14:31:45,79.8500,64,1
2026-04-24,000333,14:31:48,79.8300,45,4
2026-04-24,000333,14:31:51,79.8300,3,1
2026-04-24,000333,14:31:54,79.8700,100,1
2026-04-24,000333,14:31:57,79.8600,19,1
2026-04-24,000333,14:32:00,79.8300,20,2
2026-04-24,000333,14:32:03,79.8400,27,2
2026-04-24,000333,14:32:06,79.8600,14,1
2026-04-24,000333,14:32:09,79.8300,29,2
2026-04-24,000333,14:32:12,79.8400,25,1
2026-04-24,000333,14:32:15,79.8400,14,1
2026-04-24,000333,14:32:18,79.8400,56,1
2026-04-24,000333,14:32:21,79.8700,17,1
2026-04-24,000333,14:32:24,79.8300,5,2
2026-04-24,000333,14:32:27,79.8600,5,1
2026-04-24,000333,14:32:30,79.8600,1,1
2026-04-24,000333,14:32:33,79.8400,12,2
2026-04-24,000333,14:32:36,79.8400,9,4
2026-04-24,000333,14:32:39,79.8500,47,1
2026-04-24,000333,14:32:42,79.8500,82,1
2026-04-24,000333,14:32:45,79.8400,52,2
2026-04-24,000333,14:32:48,79.8500,105,1
2026-04-24,000333,14:32:51,79.8300,7,2
2026-04-24,000333,14:32:54,79.8400,52,1
2026-04-24,000333,14:32:57,79.8300,76,2
2026-04-24,000333,14:33:00,79.8500,65,2
2026-04-24,000333,14:33:03,79.8500,63,2
2026-04-24,000333,14:33:06,79.8600,4,1
2026-04-24,000333,14:33:09,79.8500,53,2
2026-04-24,000333,14:33:12,79.8500,11,1
2026-04-24,000333,14:33:15,79.8600,42,1
2026-04-24,000333,14:33:18,79.8600,190,1
2026-04-24,000333,14:33:21,79.8300,17,2
2026-04-24,000333,14:33:24,79.8300,58,2
2026-04-24,000333,14:33:27,79.8400,4,1
2026-04-24,000333,14:33:30,79.8600,23,1
2026-04-24,000333,14:33:33,79.8500,25,4
2026-04-24,000333,14:33:36,79.8500,1,1
2026-04-24,000333,14:33:39,79.8400,39,2
2026-04-24,000333,14:33:42,79.8400,30,2
2026-04-24,000333,14:33:45,79.8400,4,4
2026-04-24,000333,14:33:51,79.8500,10,1
2026-04-24,000333,14:33:57,79.8400,2,2
2026-04-24,000333,14:34:03,79.8500,14,1
2026-04-24,000333,14:34:06,79.8500,4,1
2026-04-24,000333,14:34:09,79.8500,24,1
2026-04-24,000333,14:34:12,79.8400,6,2
2026-04-24,000333,14:34:15,79.8400,41,2
2026-04-24,000333,14:34:18,79.8400,13,2
2026-04-24,000333,14:34:21,79.8700,41,1
2026-04-24,000333,14:34:24,79.8400,45,2
2026-04-24,000333,14:34:27,79.8400,7,2
2026-04-24,000333,14:34:30,79.8400,33,2
2026-04-24,000333,14:34:33,79.8500,11,1
2026-04-24,000333,14:34:36,79.8500,6,1
2026-04-24,000333,14:34:39,79.8500,57,1
2026-04-24,000333,14:34:42,79.8400,3,2
2026-04-24,000333,14:34:45,79.8400,58,2
2026-04-24,000333,14:34:48,79.8300,49,2
2026-04-24,000333,14:34:51,79.8400,244,1
2026-04-24,000333,14:34:54,79.8200,7,2
2026-04-24,000333,14:34:57,79.8400,39,1
2026-04-24,000333,14:35:00,79.8100,24,2
2026-04-24,000333,14:35:03,79.8400,52,4
2026-04-24,000333,14:35:06,79.8600,50,1
2026-04-24,000333,14:35:09,79.8500,39,4
2026-04-24,000333,14:35:12,79.8600,22,1
2026-04-24,000333,14:35:15,79.8500,22,1
2026-04-24,000333,14:35:18,79.8600,17,1
2026-04-24,000333,14:35:21,79.8400,27,2
2026-04-24,000333,14:35:24,79.8600,26,1
2026-04-24,000333,14:35:27,79.8500,22,4
2026-04-24,000333,14:35:30,79.8400,28,2
2026-04-24,000333,14:35:33,79.8400,54,2
2026-04-24,000333,14:35:36,79.8500,22,1
2026-04-24,000333,14:35:39,79.8600,12,1
2026-04-24,000333,14:35:42,79.8500,76,1
2026-04-24,000333,14:35:45,79.8400,35,2
2026-04-24,000333,14:35:48,79.8300,1,2
2026-04-24,000333,14:35:51,79.8500,26,1
2026-04-24,000333,14:35:54,79.8300,37,2
2026-04-24,000333,14:35:57,79.8400,21,4
2026-04-24,000333,14:36:00,79.8600,39,1
2026-04-24,000333,14:36:03,79.8300,47,2
2026-04-24,000333,14:36:06,79.8500,21,1
2026-04-24,000333,14:36:09,79.8300,53,2
2026-04-24,000333,14:36:12,79.8300,24,2
2026-04-24,000333,14:36:15,79.8600,32,1
2026-04-24,000333,14:36:18,79.8600,27,1
2026-04-24,000333,14:36:21,79.8400,22,2
2026-04-24,000333,14:36:24,79.8600,22,1
2026-04-24,000333,14:36:27,79.8400,24,2
2026-04-24,000333,14:36:30,79.8600,12,1
2026-04-24,000333,14:36:33,79.8400,18,2
2026-04-24,000333,14:36:36,79.8400,3,2
2026-04-24,000333,14:36:39,79.8600,41,1
2026-04-24,000333,14:36:42,79.8700,28,1
2026-04-24,000333,14:36:45,79.8500,29,2
2026-04-24,000333,14:36:48,79.8400,6,2
2026-04-24,000333,14:36:51,79.8700,75,1
2026-04-24,000333,14:36:54,79.8500,15,4
2026-04-24,000333,14:36:57,79.8600,3,1
2026-04-24,000333,14:37:00,79.8600,47,1
2026-04-24,000333,14:37:03,79.8400,38,2
2026-04-24,000333,14:37:06,79.8500,52,1
2026-04-24,000333,14:37:09,79.8600,71,1
2026-04-24,000333,14:37:12,79.8400,28,2
2026-04-24,000333,14:37:15,79.8500,6,1
2026-04-24,000333,14:37:18,79.8500,10,1
2026-04-24,000333,14:37:21,79.8500,39,1
2026-04-24,000333,14:37:24,79.8500,59,1
2026-04-24,000333,14:37:27,79.8500,2,1
2026-04-24,000333,14:37:30,79.8500,22,1
2026-04-24,000333,14:37:33,79.8400,37,2
2026-04-24,000333,14:37:36,79.8400,21,2
2026-04-24,000333,14:37:39,79.8500,15,1
2026-04-24,000333,14:37:42,79.8500,121,2
2026-04-24,000333,14:37:45,79.8400,119,2
2026-04-24,000333,14:37:48,79.8400,84,1
2026-04-24,000333,14:37:51,79.8400,71,1
2026-04-24,000333,14:37:54,79.8400,36,1
2026-04-24,000333,14:37:57,79.8300,44,2
2026-04-24,000333,14:38:00,79.8500,24,1
2026-04-24,000333,14:38:03,79.8300,73,2
2026-04-24,000333,14:38:06,79.8300,48,2
2026-04-24,000333,14:38:09,79.8500,65,1
2026-04-24,000333,14:38:12,79.8400,10,4
2026-04-24,000333,14:38:15,79.8500,19,1
2026-04-24,000333,14:38:18,79.8500,19,1
2026-04-24,000333,14:38:21,79.8400,14,2
2026-04-24,000333,14:38:24,79.8400,12,1
2026-04-24,000333,14:38:27,79.8300,41,2
2026-04-24,000333,14:38:30,79.8300,27,2
2026-04-24,000333,14:38:33,79.8500,21,1
2026-04-24,000333,14:38:36,79.8400,9,2
2026-04-24,000333,14:38:39,79.8500,36,4
2026-04-24,000333,14:38:42,79.8500,94,2
2026-04-24,000333,14:38:45,79.8600,21,1
2026-04-24,000333,14:38:48,79.8400,29,2
2026-04-24,000333,14:38:51,79.8400,46,2
2026-04-24,000333,14:38:54,79.8800,101,1
2026-04-24,000333,14:38:57,79.8600,24,1
2026-04-24,000333,14:39:00,79.8700,28,1
2026-04-24,000333,14:39:03,79.8300,11,2
2026-04-24,000333,14:39:09,79.8600,14,1
2026-04-24,000333,14:39:12,79.8500,21,4
2026-04-24,000333,14:39:15,79.8600,24,1
2026-04-24,000333,14:39:18,79.8500,14,2
2026-04-24,000333,14:39:21,79.8600,28,1
2026-04-24,000333,14:39:24,79.8600,66,2
2026-04-24,000333,14:39:27,79.8400,70,2
2026-04-24,000333,14:39:30,79.8400,12,2
2026-04-24,000333,14:39:33,79.8400,33,2
2026-04-24,000333,14:39:36,79.8600,31,1
2026-04-24,000333,14:39:39,79.8300,165,2
2026-04-24,000333,14:39:42,79.8700,122,1
2026-04-24,000333,14:39:45,79.8600,36,1
2026-04-24,000333,14:39:48,79.8600,25,1
2026-04-24,000333,14:39:51,79.8600,2,1
2026-04-24,000333,14:39:54,79.8500,5,1
2026-04-24,000333,14:39:57,79.8600,33,1
2026-04-24,000333,14:40:00,79.8400,20,2
2026-04-24,000333,14:40:03,79.8400,15,2
2026-04-24,000333,14:40:06,79.8500,23,1
2026-04-24,000333,14:40:09,79.8300,33,2
2026-04-24,000333,14:40:12,79.8500,16,1
2026-04-24,000333,14:40:15,79.8300,23,2
2026-04-24,000333,14:40:18,79.8300,33,2
2026-04-24,000333,14:40:21,79.8300,27,2
2026-04-24,000333,14:40:24,79.8400,66,1
2026-04-24,000333,14:40:27,79.8400,63,2
2026-04-24,000333,14:40:30,79.8400,81,2
2026-04-24,000333,14:40:33,79.8400,47,2
2026-04-24,000333,14:40:36,79.8500,57,1
2026-04-24,000333,14:40:39,79.8500,36,1
2026-04-24,000333,14:40:42,79.8600,8,1
2026-04-24,000333,14:40:45,79.8600,59,1
2026-04-24,000333,14:40:48,79.8700,6,1
2026-04-24,000333,14:40:51,79.8600,85,2
2026-04-24,000333,14:40:54,79.8600,57,2
2026-04-24,000333,14:40:57,79.8700,20,1
2026-04-24,000333,14:41:00,79.8700,108,2
2026-04-24,000333,14:41:03,79.8600,37,2
2026-04-24,000333,14:41:06,79.8600,27,4
2026-04-24,000333,14:41:09,79.8700,21,1
2026-04-24,000333,14:41:12,79.8500,34,2
2026-04-24,000333,14:41:15,79.8500,120,2
2026-04-24,000333,14:41:18,79.8500,38,2
2026-04-24,000333,14:41:21,79.8500,25,1
2026-04-24,000333,14:41:24,79.8500,38,2
2026-04-24,000333,14:41:27,79.8500,19,2
2026-04-24,000333,14:41:30,79.8400,118,2
2026-04-24,000333,14:41:33,79.8600,1,1
2026-04-24,000333,14:41:36,79.8400,44,2
2026-04-24,000333,14:41:39,79.8400,21,2
2026-04-24,000333,14:41:42,79.8400,18,2
2026-04-24,000333,14:41:45,79.8500,26,1
2026-04-24,000333,14:41:48,79.8400,30,2
2026-04-24,000333,14:41:51,79.8400,27,2
2026-04-24,000333,14:41:54,79.8500,41,1
2026-04-24,000333,14:41:57,79.8500,2,1
2026-04-24,000333,14:42:00,79.8400,22,2
2026-04-24,000333,14:42:03,79.8500,26,1
2026-04-24,000333,14:42:06,79.8500,88,2
2026-04-24,000333,14:42:09,79.8500,155,2
2026-04-24,000333,14:42:12,79.8500,50,1
2026-04-24,000333,14:42:15,79.8500,38,1
2026-04-24,000333,14:42:18,79.8400,141,2
2026-04-24,000333,14:42:21,79.8400,45,1
2026-04-24,000333,14:42:24,79.8300,75,2
2026-04-24,000333,14:42:27,79.8400,21,1
2026-04-24,000333,14:42:30,79.8500,84,1
2026-04-24,000333,14:42:33,79.8400,61,4
2026-04-24,000333,14:42:36,79.8300,14,2
2026-04-24,000333,14:42:39,79.8100,106,2
2026-04-24,000333,14:42:42,79.8100,12,2
2026-04-24,000333,14:42:45,79.8200,53,1
2026-04-24,000333,14:42:48,79.8100,132,2
2026-04-24,000333,14:42:51,79.8000,186,2
2026-04-24,000333,14:42:54,79.8000,374,1
2026-04-24,000333,14:42:57,79.8000,138,1
2026-04-24,000333,14:43:00,79.8100,29,1
2026-04-24,000333,14:43:03,79.8000,106,2
2026-04-24,000333,14:43:06,79.7900,387,2
2026-04-24,000333,14:43:09,79.7900,162,4
2026-04-24,000333,14:43:12,79.7900,82,1
2026-04-24,000333,14:43:15,79.7900,207,1
2026-04-24,000333,14:43:18,79.7900,21,1
2026-04-24,000333,14:43:21,79.7900,69,1
2026-04-24,000333,14:43:24,79.8000,56,1
2026-04-24,000333,14:43:27,79.7900,39,2
2026-04-24,000333,14:43:30,79.7900,18,1
2026-04-24,000333,14:43:33,79.7800,52,2
2026-04-24,000333,14:43:36,79.8100,45,1
2026-04-24,000333,14:43:39,79.8100,135,1
2026-04-24,000333,14:43:42,79.8000,17,1
2026-04-24,000333,14:43:45,79.7700,170,2
2026-04-24,000333,14:43:48,79.7700,23,2
2026-04-24,000333,14:43:51,79.7600,50,2
2026-04-24,000333,14:43:54,79.7700,76,1
2026-04-24,000333,14:43:57,79.7600,76,2
2026-04-24,000333,14:44:00,79.7900,16,1
2026-04-24,000333,14:44:03,79.7800,93,4
2026-04-24,000333,14:44:06,79.8000,12,1
2026-04-24,000333,14:44:09,79.8000,41,1
2026-04-24,000333,14:44:12,79.8000,30,1
2026-04-24,000333,14:44:15,79.7900,65,2
2026-04-24,000333,14:44:18,79.7800,58,2
2026-04-24,000333,14:44:21,79.8000,51,1
2026-04-24,000333,14:44:24,79.7900,77,4
2026-04-24,000333,14:44:27,79.7800,43,2
2026-04-24,000333,14:44:30,79.8100,37,1
2026-04-24,000333,14:44:33,79.8000,88,1
2026-04-24,000333,14:44:36,79.7800,28,2
2026-04-24,000333,14:44:39,79.7800,276,2
2026-04-24,000333,14:44:42,79.7800,96,2
2026-04-24,000333,14:44:45,79.8000,6,1
2026-04-24,000333,14:44:48,79.7900,22,2
2026-04-24,000333,14:44:51,79.8000,10,1
2026-04-24,000333,14:44:54,79.8100,197,1
2026-04-24,000333,14:44:57,79.8100,184,1
2026-04-24,000333,14:45:00,79.7800,28,2
2026-04-24,000333,14:45:03,79.7800,69,2
2026-04-24,000333,14:45:06,79.8000,10,1
2026-04-24,000333,14:45:09,79.7900,110,2
2026-04-24,000333,14:45:12,79.8000,73,1
2026-04-24,000333,14:45:15,79.8000,18,1
2026-04-24,000333,14:45:18,79.7800,29,2
2026-04-24,000333,14:45:21,79.7800,143,2
2026-04-24,000333,14:45:24,79.8000,79,1
2026-04-24,000333,14:45:27,79.8000,3,1
2026-04-24,000333,14:45:30,79.7900,52,2
2026-04-24,000333,14:45:33,79.7900,51,2
2026-04-24,000333,14:45:36,79.7800,44,2
2026-04-24,000333,14:45:39,79.7900,6,1
2026-04-24,000333,14:45:42,79.7900,19,1
2026-04-24,000333,14:45:45,79.8100,161,1
2026-04-24,000333,14:45:48,79.7900,9,2
2026-04-24,000333,14:45:51,79.8200,74,1
2026-04-24,000333,14:45:54,79.7900,28,2
2026-04-24,000333,14:45:57,79.8000,17,4
2026-04-24,000333,14:46:00,79.7900,15,2
2026-04-24,000333,14:46:03,79.8100,23,1
2026-04-24,000333,14:46:06,79.8100,35,1
2026-04-24,000333,14:46:09,79.8000,23,2
2026-04-24,000333,14:46:12,79.8000,14,2
2026-04-24,000333,14:46:15,79.8000,2,1
2026-04-24,000333,14:46:18,79.8000,93,1
2026-04-24,000333,14:46:21,79.8300,95,1
2026-04-24,000333,14:46:24,79.8000,33,2
2026-04-24,000333,14:46:27,79.7900,20,2
2026-04-24,000333,14:46:30,79.7900,41,2
2026-04-24,000333,14:46:33,79.7900,8,2
2026-04-24,000333,14:46:36,79.7900,8,2
2026-04-24,000333,14:46:39,79.8000,11,1
2026-04-24,000333,14:46:42,79.8000,3,1
2026-04-24,000333,14:46:45,79.8000,8,1
2026-04-24,000333,14:46:48,79.8000,20,1
2026-04-24,000333,14:46:51,79.8100,74,1
2026-04-24,000333,14:46:54,79.8100,15,4
2026-04-24,000333,14:46:57,79.7900,90,2
2026-04-24,000333,14:47:00,79.8000,3,2
2026-04-24,000333,14:47:03,79.8000,68,2
2026-04-24,000333,14:47:06,79.7900,47,2
2026-04-24,000333,14:47:09,79.8000,82,1
2026-04-24,000333,14:47:12,79.7900,8,2
2026-04-24,000333,14:47:15,79.7900,45,2
2026-04-24,000333,14:47:18,79.7900,15,1
2026-04-24,000333,14:47:21,79.8000,42,1
2026-04-24,000333,14:47:24,79.7800,28,2
2026-04-24,000333,14:47:27,79.7800,41,2
2026-04-24,000333,14:47:30,79.7900,12,1
2026-04-24,000333,14:47:33,79.7900,15,1
2026-04-24,000333,14:47:36,79.7900,24,1
2026-04-24,000333,14:47:39,79.8000,9,1
2026-04-24,000333,14:47:42,79.8000,26,1
2026-04-24,000333,14:47:45,79.8000,13,1
2026-04-24,000333,14:47:48,79.8000,68,1
2026-04-24,000333,14:47:51,79.7800,244,2
2026-04-24,000333,14:47:54,79.7900,51,2
2026-04-24,000333,14:47:57,79.7900,2,1
2026-04-24,000333,14:48:00,79.7900,10,1
2026-04-24,000333,14:48:03,79.7900,7,1
2026-04-24,000333,14:48:06,79.8000,20,1
2026-04-24,000333,14:48:09,79.7900,8,2
2026-04-24,000333,14:48:12,79.8000,9,1
2026-04-24,000333,14:48:15,79.7900,52,2
2026-04-24,000333,14:48:18,79.7900,19,2
2026-04-24,000333,14:48:21,79.8000,26,1
2026-04-24,000333,14:48:24,79.7900,12,2
2026-04-24,000333,14:48:27,79.7900,26,2
2026-04-24,000333,14:48:30,79.7900,42,2
2026-04-24,000333,14:48:33,79.8000,20,1
2026-04-24,000333,14:48:36,79.7800,132,2
2026-04-24,000333,14:48:39,79.7800,169,2
2026-04-24,000333,14:48:42,79.7900,47,1
2026-04-24,000333,14:48:45,79.7900,56,1
2026-04-24,000333,14:48:48,79.7900,27,1
2026-04-24,000333,14:48:51,79.7900,22,1
2026-04-24,000333,14:48:54,79.7900,60,1
2026-04-24,000333,14:48:57,79.8100,12,1
2026-04-24,000333,14:49:00,79.8100,49,1
2026-04-24,000333,14:49:03,79.8000,39,4
2026-04-24,000333,14:49:06,79.8100,72,1
2026-04-24,000333,14:49:09,79.7900,61,2
2026-04-24,000333,14:49:12,79.7800,75,2
2026-04-24,000333,14:49:15,79.7800,6,2
2026-04-24,000333,14:49:18,79.8000,40,1
2026-04-24,000333,14:49:21,79.7900,5,2
2026-04-24,000333,14:49:24,79.8100,55,1
2026-04-24,000333,14:49:27,79.7900,24,2
2026-04-24,000333,14:49:30,79.8100,8,1
2026-04-24,000333,14:49:33,79.8000,16,4
2026-04-24,000333,14:49:36,79.8000,3,4
2026-04-24,000333,14:49:39,79.8000,21,4
2026-04-24,000333,14:49:42,79.7900,7,2
2026-04-24,000333,14:49:45,79.8100,42,1
2026-04-24,000333,14:49:48,79.7900,33,2
2026-04-24,000333,14:49:51,79.8000,72,1
2026-04-24,000333,14:49:54,79.7800,15,2
2026-04-24,000333,14:49:57,79.7900,7,4
2026-04-24,000333,14:50:00,79.7800,180,2
2026-04-24,000333,14:50:03,79.8000,75,1
2026-04-24,000333,14:50:06,79.7700,25,2
2026-04-24,000333,14:50:09,79.7900,25,1
2026-04-24,000333,14:50:12,79.7800,15,4
2026-04-24,000333,14:50:15,79.7800,7,2
2026-04-24,000333,14:50:18,79.7900,66,1
2026-04-24,000333,14:50:21,79.7800,95,2
2026-04-24,000333,14:50:24,79.7600,44,2
2026-04-24,000333,14:50:27,79.7700,21,1
2026-04-24,000333,14:50:30,79.7700,72,1
2026-04-24,000333,14:50:33,79.7600,70,2
2026-04-24,000333,14:50:36,79.7700,34,4
2026-04-24,000333,14:50:39,79.7600,14,2
2026-04-24,000333,14:50:42,79.7600,64,2
2026-04-24,000333,14:50:45,79.7600,79,2
2026-04-24,000333,14:50:48,79.7600,87,1
2026-04-24,000333,14:50:51,79.7600,52,1
2026-04-24,000333,14:50:54,79.7500,17,4
2026-04-24,000333,14:50:57,79.7500,14,1
2026-04-24,000333,14:51:00,79.7500,55,1
2026-04-24,000333,14:51:03,79.7600,83,1
2026-04-24,000333,14:51:06,79.7600,43,1
2026-04-24,000333,14:51:09,79.7500,246,4
2026-04-24,000333,14:51:12,79.7100,26,2
2026-04-24,000333,14:51:15,79.7300,95,2
2026-04-24,000333,14:51:18,79.7400,30,1
2026-04-24,000333,14:51:21,79.7600,125,1
2026-04-24,000333,14:51:24,79.7300,35,2
2026-04-24,000333,14:51:27,79.7600,38,1
2026-04-24,000333,14:51:30,79.7400,21,2
2026-04-24,000333,14:51:33,79.7400,30,1
2026-04-24,000333,14:51:36,79.7300,30,2
2026-04-24,000333,14:51:39,79.7300,15,1
2026-04-24,000333,14:51:42,79.7400,37,1
2026-04-24,000333,14:51:45,79.7500,29,1
2026-04-24,000333,14:51:48,79.7700,181,1
2026-04-24,000333,14:51:51,79.7600,57,2
2026-04-24,000333,14:51:54,79.7400,17,2
2026-04-24,000333,14:51:57,79.7500,36,1
2026-04-24,000333,14:52:00,79.7500,54,1
2026-04-24,000333,14:52:03,79.7400,65,1
2026-04-24,000333,14:52:06,79.7000,163,2
2026-04-24,000333,14:52:09,79.7300,40,1
2026-04-24,000333,14:52:12,79.7300,47,1
2026-04-24,000333,14:52:15,79.7200,21,4
2026-04-24,000333,14:52:18,79.7300,23,1
2026-04-24,000333,14:52:21,79.7200,26,4
2026-04-24,000333,14:52:24,79.7100,46,2
2026-04-24,000333,14:52:27,79.7200,12,4
2026-04-24,000333,14:52:30,79.7100,13,2
2026-04-24,000333,14:52:33,79.7100,37,2
2026-04-24,000333,14:52:36,79.7400,31,1
2026-04-24,000333,14:52:39,79.7400,77,1
2026-04-24,000333,14:52:42,79.7000,503,2
2026-04-24,000333,14:52:45,79.6900,185,2
2026-04-24,000333,14:52:48,79.7000,19,2
2026-04-24,000333,14:52:51,79.7000,11,1
2026-04-24,000333,14:52:54,79.7000,50,2
2026-04-24,000333,14:52:57,79.7100,26,1
2026-04-24,000333,14:53:00,79.6900,6,2
2026-04-24,000333,14:53:03,79.7100,77,1
2026-04-24,000333,14:53:06,79.6800,18,2
2026-04-24,000333,14:53:09,79.7200,43,1
2026-04-24,000333,14:53:12,79.7400,33,1
2026-04-24,000333,14:53:15,79.7200,26,1
2026-04-24,000333,14:53:18,79.6800,36,2
2026-04-24,000333,14:53:21,79.7100,39,1
2026-04-24,000333,14:53:24,79.6800,21,2
2026-04-24,000333,14:53:27,79.7000,22,1
2026-04-24,000333,14:53:30,79.6900,20,1
2026-04-24,000333,14:53:33,79.7000,28,1
2026-04-24,000333,14:53:36,79.6900,17,4
2026-04-24,000333,14:53:39,79.7000,60,1
2026-04-24,000333,14:53:42,79.7000,6,1
2026-04-24,000333,14:53:45,79.7100,22,1
2026-04-24,000333,14:53:48,79.7100,21,1
2026-04-24,000333,14:53:51,79.6900,59,2
2026-04-24,000333,14:53:54,79.7000,71,1
2026-04-24,000333,14:53:57,79.6800,19,2
2026-04-24,000333,14:54:00,79.6700,90,2
2026-04-24,000333,14:54:03,79.7000,83,1
2026-04-24,000333,14:54:06,79.6900,23,1
2026-04-24,000333,14:54:09,79.6700,37,2
2026-04-24,000333,14:54:12,79.7000,19,1
2026-04-24,000333,14:54:15,79.7100,29,1
2026-04-24,000333,14:54:18,79.6700,88,2
2026-04-24,000333,14:54:21,79.6700,22,2
2026-04-24,000333,14:54:24,79.7100,10,1
2026-04-24,000333,14:54:27,79.6700,6,2
2026-04-24,000333,14:54:30,79.6700,25,2
2026-04-24,000333,14:54:33,79.6700,27,2
2026-04-24,000333,14:54:36,79.7100,24,1
2026-04-24,000333,14:54:39,79.6800,9,2
2026-04-24,000333,14:54:42,79.7000,14,1
2026-04-24,000333,14:54:45,79.7000,23,1
2026-04-24,000333,14:54:48,79.7100,19,1
2026-04-24,000333,14:54:51,79.7400,56,1
2026-04-24,000333,14:54:54,79.7100,58,1
2026-04-24,000333,14:54:57,79.7000,28,2
2026-04-24,000333,14:55:00,79.6800,33,2
2026-04-24,000333,14:55:03,79.7100,31,2
2026-04-24,000333,14:55:06,79.7300,38,1
2026-04-24,000333,14:55:09,79.7200,34,1
2026-04-24,000333,14:55:12,79.7300,756,1
2026-04-24,000333,14:55:15,79.7000,18,2
2026-04-24,000333,14:55:18,79.7000,20,2
2026-04-24,000333,14:55:21,79.7300,49,1
2026-04-24,000333,14:55:24,79.6900,52,2
2026-04-24,000333,14:55:27,79.7200,19,1
2026-04-24,000333,14:55:30,79.7200,64,1
2026-04-24,000333,14:55:33,79.7200,40,1
2026-04-24,000333,14:55:36,79.7200,31,1
2026-04-24,000333,14:55:39,79.7200,13,1
2026-04-24,000333,14:55:42,79.7800,73,1
2026-04-24,000333,14:55:45,79.7200,28,2
2026-04-24,000333,14:55:48,79.7200,39,2
2026-04-24,000333,14:55:51,79.7700,35,1
2026-04-24,000333,14:55:54,79.7300,17,2
2026-04-24,000333,14:55:57,79.7300,14,2
2026-04-24,000333,14:56:00,79.7800,50,1
2026-04-24,000333,14:56:03,79.7300,177,2
2026-04-24,000333,14:56:06,79.7300,15,1
2026-04-24,000333,14:56:09,79.7200,21,2
2026-04-24,000333,14:56:12,79.7300,32,1
2026-04-24,000333,14:56:15,79.7200,16,1
2026-04-24,000333,14:56:18,79.6900,83,2
2026-04-24,000333,14:56:21,79.6800,31,2
2026-04-24,000333,14:56:24,79.6800,20,2
2026-04-24,000333,14:56:27,79.6800,21,1
2026-04-24,000333,14:56:30,79.6900,19,1
2026-04-24,000333,14:56:33,79.6900,40,1
2026-04-24,000333,14:56:36,79.6900,19,2
2026-04-24,000333,14:56:39,79.7200,39,1
2026-04-24,000333,14:56:42,79.7000,28,2
2026-04-24,000333,14:56:45,79.7300,39,1
2026-04-24,000333,14:56:48,79.7300,42,1
2026-04-24,000333,14:56:51,79.7300,8,1
2026-04-24,000333,14:56:54,79.7300,9,1
2026-04-24,000333,14:56:57,79.6900,13,2
2026-04-24,000333,14:57:00,79.7500,10,1
2026-04-24,000333,15:00:01,79.6600,3615,4
2026-04-24,000333,13:14:36,79.8800,12,2
2026-04-24,000333,13:14:39,79.8700,75,2
2026-04-24,000333,13:14:42,79.8700,32,1
2026-04-24,000333,13:14:45,79.8700,6,1
2026-04-24,000333,13:14:48,79.8700,21,1
2026-04-24,000333,13:14:51,79.8700,143,2
2026-04-24,000333,13:14:54,79.8500,12,2
2026-04-24,000333,13:15:00,79.8700,14,4
2026-04-24,000333,13:15:03,79.8800,124,1
2026-04-24,000333,13:15:06,79.8500,99,2
2026-04-24,000333,13:15:09,79.8500,8,2
2026-04-24,000333,13:15:12,79.8900,2,1
2026-04-24,000333,13:15:15,79.8600,30,2
2026-04-24,000333,13:15:18,79.8800,3,1
2026-04-24,000333,13:15:21,79.8800,30,1
2026-04-24,000333,13:15:24,79.8800,33,1
2026-04-24,000333,13:15:27,79.8600,16,2
2026-04-24,000333,13:15:30,79.8700,2,4
2026-04-24,000333,13:15:33,79.8800,2,1
2026-04-24,000333,13:15:36,79.8800,14,1
2026-04-24,000333,13:15:39,79.8800,7,2
2026-04-24,000333,13:15:42,79.9100,8,1
2026-04-24,000333,13:15:45,79.9000,49,2
2026-04-24,000333,13:15:48,79.8800,27,2
2026-04-24,000333,13:15:51,79.8900,31,2
2026-04-24,000333,13:15:54,79.8900,8,1
2026-04-24,000333,13:15:57,79.8900,53,2
2026-04-24,000333,13:16:00,79.8800,45,2
2026-04-24,000333,13:16:03,79.8900,48,1
2026-04-24,000333,13:16:06,79.8800,28,2
2026-04-24,000333,13:16:09,79.8800,115,2
2026-04-24,000333,13:16:12,79.9000,16,1
2026-04-24,000333,13:16:15,79.8900,111,2
2026-04-24,000333,13:16:18,79.8900,114,2
2026-04-24,000333,13:16:21,79.9000,101,1
2026-04-24,000333,13:16:24,79.8900,42,2
2026-04-24,000333,13:16:27,79.9100,22,1
2026-04-24,000333,13:16:30,79.9100,12,2
2026-04-24,000333,13:16:33,79.9100,1,2
2026-04-24,000333,13:16:36,79.9100,17,2
2026-04-24,000333,13:16:39,79.9200,6,1
2026-04-24,000333,13:16:42,79.9400,25,1
2026-04-24,000333,13:16:45,79.9000,225,2
2026-04-24,000333,13:16:48,79.8900,116,2
2026-04-24,000333,13:16:51,79.8900,111,2
2026-04-24,000333,13:16:54,79.8700,36,2
2026-04-24,000333,13:16:57,79.8800,35,4
2026-04-24,000333,13:17:00,79.9000,17,1
2026-04-24,000333,13:17:03,79.8900,37,4
2026-04-24,000333,13:17:06,79.9000,42,1
2026-04-24,000333,13:17:09,79.9600,42,1
2026-04-24,000333,13:17:12,79.8800,52,2
2026-04-24,000333,13:17:15,79.8900,6,2
2026-04-24,000333,13:17:18,79.8900,11,2
2026-04-24,000333,13:17:21,79.8900,7,2
2026-04-24,000333,13:17:24,79.9000,13,4
2026-04-24,000333,13:17:27,79.9000,63,1
2026-04-24,000333,13:17:30,79.9100,165,1
2026-04-24,000333,13:17:33,79.9200,35,1
2026-04-24,000333,13:17:36,79.9000,83,2
2026-04-24,000333,13:17:39,79.9100,9,1
2026-04-24,000333,13:17:42,79.8900,6,2
2026-04-24,000333,13:17:45,79.9000,113,1
2026-04-24,000333,13:17:48,79.8900,56,2
2026-04-24,000333,13:17:51,79.9500,47,1
2026-04-24,000333,13:17:54,79.8900,104,2
2026-04-24,000333,13:17:57,79.8800,25,2
2026-04-24,000333,13:18:00,79.9200,38,1
2026-04-24,000333,13:18:03,79.8900,3,2
2026-04-24,000333,13:18:06,79.9300,12,1
2026-04-24,000333,13:18:09,79.9000,5,2
2026-04-24,000333,13:18:12,79.8900,88,2
2026-04-24,000333,13:18:15,79.8900,43,2
2026-04-24,000333,13:18:18,79.8800,131,2
2026-04-24,000333,13:18:21,79.9000,147,1
2026-04-24,000333,13:18:24,79.8600,63,2
2026-04-24,000333,13:18:27,79.8600,44,2
2026-04-24,000333,13:18:30,79.8500,28,2
2026-04-24,000333,13:18:33,79.8500,69,2
2026-04-24,000333,13:18:36,79.8600,48,1
2026-04-24,000333,13:18:39,79.8600,29,1
2026-04-24,000333,13:18:42,79.8600,91,1
2026-04-24,000333,13:18:45,79.8600,63,1
2026-04-24,000333,13:18:48,79.8600,19,2
2026-04-24,000333,13:18:51,79.8500,113,2
2026-04-24,000333,13:18:54,79.8600,58,1
2026-04-24,000333,13:18:57,79.8700,30,2
2026-04-24,000333,13:19:00,79.8600,72,2
2026-04-24,000333,13:19:03,79.8600,20,2
2026-04-24,000333,13:19:06,79.8600,24,2
2026-04-24,000333,13:19:09,79.8600,13,1
2026-04-24,000333,13:19:12,79.8400,50,2
2026-04-24,000333,13:19:15,79.8400,63,2
2026-04-24,000333,13:19:18,79.8200,56,2
2026-04-24,000333,13:19:21,79.8200,9,2
2026-04-24,000333,13:19:24,79.8500,36,1
2026-04-24,000333,13:19:27,79.8000,319,2
2026-04-24,000333,13:19:30,79.8000,223,2
2026-04-24,000333,13:19:33,79.8000,147,2
2026-04-24,000333,13:19:36,79.7900,92,2
2026-04-24,000333,13:19:39,79.7900,51,2
2026-04-24,000333,13:19:42,79.8000,42,2
2026-04-24,000333,13:19:45,79.8000,29,2
2026-04-24,000333,13:19:48,79.8000,10,2
2026-04-24,000333,13:19:51,79.8000,7,2
2026-04-24,000333,13:19:54,79.8000,9,2
2026-04-24,000333,13:19:57,79.7900,21,2
2026-04-24,000333,13:20:00,79.7900,2,2
2026-04-24,000333,13:20:03,79.8300,8,1
2026-04-24,000333,13:20:06,79.8300,78,1
2026-04-24,000333,13:20:09,79.8600,38,1
2026-04-24,000333,13:20:12,79.8200,3,2
2026-04-24,000333,13:20:15,79.8500,10,1
2026-04-24,000333,13:20:18,79.8500,65,2
2026-04-24,000333,13:20:21,79.8700,160,1
2026-04-24,000333,13:20:24,79.8400,138,2
2026-04-24,000333,13:20:27,79.8400,139,2
2026-04-24,000333,13:20:30,79.8400,17,2
2026-04-24,000333,13:20:33,79.8500,6,1
2026-04-24,000333,13:20:36,79.8600,95,1
2026-04-24,000333,13:20:39,79.8500,10,2
2026-04-24,000333,13:20:42,79.8500,21,2
2026-04-24,000333,13:20:45,79.8500,61,2
2026-04-24,000333,13:20:48,79.8800,60,1
2026-04-24,000333,13:20:51,79.8500,106,2
2026-04-24,000333,13:20:54,79.8500,133,1
2026-04-24,000333,13:20:57,79.8400,34,2
2026-04-24,000333,13:21:00,79.8400,2,2
2026-04-24,000333,13:21:03,79.8500,5,2
2026-04-24,000333,13:21:06,79.8500,51,1
2026-04-24,000333,13:21:09,79.8500,60,2
2026-04-24,000333,13:21:12,79.8400,5,2
2026-04-24,000333,13:21:15,79.8500,17,1
2026-04-24,000333,13:21:18,79.8700,125,1
2026-04-24,000333,13:21:21,79.8700,107,2
2026-04-24,000333,13:21:24,79.8500,64,2
2026-04-24,000333,13:21:27,79.8700,45,4
2026-04-24,000333,13:21:30,79.8500,168,2
2026-04-24,000333,13:21:33,79.8600,56,2
2026-04-24,000333,13:21:36,79.8600,96,2
2026-04-24,000333,13:21:39,79.8600,74,2
2026-04-24,000333,13:21:42,79.8700,89,1
2026-04-24,000333,13:21:45,79.8500,72,2
2026-04-24,000333,13:21:48,79.8500,108,2
2026-04-24,000333,13:21:51,79.8500,32,2
2026-04-24,000333,13:21:54,79.8500,80,2
2026-04-24,000333,13:21:57,79.8400,59,2
2026-04-24,000333,13:22:00,79.8500,83,1
2026-04-24,000333,13:22:03,79.8300,182,2
2026-04-24,000333,13:22:06,79.8500,45,1
2026-04-24,000333,13:22:09,79.8400,118,2
2026-04-24,000333,13:22:12,79.8700,33,1
2026-04-24,000333,13:22:15,79.8500,64,1
2026-04-24,000333,13:22:18,79.8400,70,2
2026-04-24,000333,13:22:21,79.8200,17,2
2026-04-24,000333,13:22:24,79.8200,6,2
2026-04-24,000333,13:22:27,79.8200,31,2
2026-04-24,000333,13:22:30,79.8200,16,2
2026-04-24,000333,13:22:33,79.8300,62,2
2026-04-24,000333,13:22:36,79.8500,80,1
2026-04-24,000333,13:22:39,79.8500,58,2
2026-04-24,000333,13:22:42,79.8400,114,2
2026-04-24,000333,13:22:45,79.8500,20,1
2026-04-24,000333,13:22:48,79.8400,79,2
2026-04-24,000333,13:22:51,79.8300,49,2
2026-04-24,000333,13:22:54,79.8500,131,1
2026-04-24,000333,13:22:57,79.8300,10,2
2026-04-24,000333,13:23:00,79.8300,5,2
2026-04-24,000333,13:23:03,79.8300,49,2
2026-04-24,000333,13:23:06,79.8300,66,1
2026-04-24,000333,13:23:09,79.8300,59,1
2026-04-24,000333,13:23:12,79.8300,42,2
2026-04-24,000333,13:23:15,79.8300,48,2
2026-04-24,000333,13:23:18,79.7900,265,2
2026-04-24,000333,13:23:21,79.8000,115,1
2026-04-24,000333,13:23:24,79.7900,13,2
2026-04-24,000333,13:23:27,79.7900,101,2
2026-04-24,000333,13:23:30,79.7700,129,2
2026-04-24,000333,13:23:33,79.7800,139,1
2026-04-24,000333,13:23:36,79.7900,82,1
2026-04-24,000333,13:23:39,79.7900,73,1
2026-04-24,000333,13:23:42,79.8100,24,1
2026-04-24,000333,13:23:45,79.7900,98,2
2026-04-24,000333,13:23:48,79.8100,24,2
2026-04-24,000333,13:23:51,79.8100,10,2
2026-04-24,000333,13:23:54,79.8100,12,2
2026-04-24,000333,13:23:57,79.8100,69,2
2026-04-24,000333,13:24:00,79.8000,67,2
2026-04-24,000333,13:24:03,79.8100,10,1
2026-04-24,000333,13:24:06,79.8100,13,1
2026-04-24,000333,13:24:09,79.8000,2,2
2026-04-24,000333,13:24:12,79.8000,9,2
2026-04-24,000333,13:24:15,79.8100,54,1
2026-04-24,000333,13:24:18,79.8100,12,1
2026-04-24,000333,13:24:21,79.8100,19,1
2026-04-24,000333,13:24:24,79.8000,13,4
2026-04-24,000333,13:24:27,79.8100,122,2
2026-04-24,000333,13:24:30,79.8100,18,2
2026-04-24,000333,13:24:33,79.8200,5,1
2026-04-24,000333,13:24:36,79.8200,3,1
2026-04-24,000333,13:24:39,79.8200,1,1
2026-04-24,000333,13:24:42,79.8100,70,2
2026-04-24,000333,13:24:45,79.8300,25,1
2026-04-24,000333,13:24:48,79.8100,164,2
2026-04-24,000333,13:24:51,79.8000,42,2
2026-04-24,000333,13:24:54,79.8200,44,1
2026-04-24,000333,13:24:57,79.8200,82,1
2026-04-24,000333,13:25:00,79.8200,50,4
2026-04-24,000333,13:25:03,79.8400,34,1
2026-04-24,000333,13:25:06,79.8400,41,1
2026-04-24,000333,13:25:09,79.8300,43,2
2026-04-24,000333,13:25:12,79.8300,55,2
2026-04-24,000333,13:25:15,79.8200,20,2
2026-04-24,000333,13:25:18,79.8200,179,2
2026-04-24,000333,13:25:21,79.8500,37,1
2026-04-24,000333,13:25:24,79.8100,14,2
2026-04-24,000333,13:25:27,79.8300,25,2
2026-04-24,000333,13:25:30,79.8300,21,1
2026-04-24,000333,13:25:33,79.8300,15,1
2026-04-24,000333,13:25:36,79.8500,17,1
2026-04-24,000333,13:25:39,79.8500,16,2
2026-04-24,000333,13:25:42,79.8700,42,1
2026-04-24,000333,13:25:45,79.8600,18,1
2026-04-24,000333,13:25:48,79.8500,69,2
2026-04-24,000333,13:25:51,79.8500,147,2
2026-04-24,000333,13:25:54,79.8400,43,2
2026-04-24,000333,13:25:57,79.8400,19,2
2026-04-24,000333,13:26:00,79.8400,46,2
2026-04-24,000333,13:26:03,79.8300,33,2
2026-04-24,000333,13:26:06,79.8400,34,1
2026-04-24,000333,13:26:09,79.8300,168,2
2026-04-24,000333,13:26:12,79.8400,51,2
2026-04-24,000333,13:26:15,79.8300,30,2
2026-04-24,000333,13:26:18,79.8300,29,2
2026-04-24,000333,13:26:21,79.8300,17,2
2026-04-24,000333,13:26:24,79.8400,3,1
2026-04-24,000333,13:26:27,79.8400,15,2
2026-04-24,000333,13:26:30,79.8300,40,2
2026-04-24,000333,13:26:33,79.8400,132,1
2026-04-24,000333,13:26:36,79.8200,51,2
2026-04-24,000333,13:26:39,79.8200,21,2
2026-04-24,000333,13:26:42,79.8300,44,4
2026-04-24,000333,13:26:45,79.8100,4,2
2026-04-24,000333,13:26:48,79.8400,15,1
2026-04-24,000333,13:26:51,79.8100,19,2
2026-04-24,000333,13:26:54,79.8200,25,1
2026-04-24,000333,13:26:57,79.8400,86,1
2026-04-24,000333,13:27:00,79.8200,68,2
2026-04-24,000333,13:27:03,79.8100,32,2
2026-04-24,000333,13:27:06,79.8200,18,1
2026-04-24,000333,13:27:09,79.8100,209,2
2026-04-24,000333,13:27:12,79.7900,35,2
2026-04-24,000333,13:27:15,79.7900,14,2
2026-04-24,000333,13:27:18,79.8000,24,1
2026-04-24,000333,13:27:21,79.7900,7,2
2026-04-24,000333,13:27:24,79.8000,5,1
2026-04-24,000333,13:27:27,79.7900,70,2
2026-04-24,000333,13:27:30,79.7900,63,2
2026-04-24,000333,13:27:33,79.7900,37,2
2026-04-24,000333,13:27:36,79.7900,54,2
2026-04-24,000333,13:27:39,79.7900,32,2
2026-04-24,000333,13:27:42,79.7900,109,2
2026-04-24,000333,13:27:45,79.8000,17,1
2026-04-24,000333,13:27:48,79.8200,12,1
2026-04-24,000333,13:27:51,79.8200,2,1
2026-04-24,000333,13:27:54,79.8000,19,2
2026-04-24,000333,13:27:57,79.8000,31,1
2026-04-24,000333,13:28:00,79.7900,6,2
2026-04-24,000333,13:28:03,79.8000,23,1
2026-04-24,000333,13:28:06,79.8200,51,2
2026-04-24,000333,13:28:09,79.8200,23,2
2026-04-24,000333,13:28:12,79.8200,8,2
2026-04-24,000333,13:28:15,79.8300,236,2
2026-04-24,000333,13:28:18,79.7900,148,2
2026-04-24,000333,13:28:21,79.7900,14,2
2026-04-24,000333,13:28:24,79.8000,27,1
2026-04-24,000333,13:28:27,79.7900,6,2
2026-04-24,000333,13:28:30,79.8000,90,1
2026-04-24,000333,13:28:33,79.8200,40,1
2026-04-24,000333,13:28:36,79.8200,23,1
2026-04-24,000333,13:28:39,79.8200,5,1
2026-04-24,000333,13:28:42,79.8100,76,2
2026-04-24,000333,13:28:45,79.8300,8,1
2026-04-24,000333,13:28:48,79.8000,145,2
2026-04-24,000333,13:28:51,79.8000,50,2
2026-04-24,000333,13:28:54,79.8000,46,1
2026-04-24,000333,13:28:57,79.8100,53,1
2026-04-24,000333,13:29:00,79.7900,17,2
2026-04-24,000333,13:29:03,79.8000,1,2
2026-04-24,000333,13:29:06,79.8100,168,1
2026-04-24,000333,13:29:09,79.8600,66,1
2026-04-24,000333,13:29:12,79.8600,22,1
2026-04-24,000333,13:29:15,79.8600,2,2
2026-04-24,000333,13:29:18,79.8500,28,2
2026-04-24,000333,13:29:21,79.8500,64,2
2026-04-24,000333,13:29:24,79.8600,58,1
2026-04-24,000333,13:29:27,79.8500,33,1
2026-04-24,000333,13:29:30,79.8400,62,2
2026-04-24,000333,13:29:33,79.8500,48,1
2026-04-24,000333,13:29:36,79.8400,42,2
2026-04-24,000333,13:29:39,79.8400,22,2
2026-04-24,000333,13:29:42,79.8700,13,1
2026-04-24,000333,13:29:45,79.8500,4,2
2026-04-24,000333,13:29:48,79.8500,30,2
2026-04-24,000333,13:29:54,79.8500,12,2
2026-04-24,000333,13:29:57,79.8400,59,2
2026-04-24,000333,13:30:00,79.8400,4,2
2026-04-24,000333,13:30:03,79.8300,181,2
2026-04-24,000333,13:30:06,79.8300,18,1
2026-04-24,000333,13:30:09,79.8500,48,1
2026-04-24,000333,13:30:12,79.8200,25,2
2026-04-24,000333,13:30:15,79.8800,13,1
2026-04-24,000333,13:30:18,79.8600,5,1
2026-04-24,000333,13:30:21,79.8500,12,2
2026-04-24,000333,13:30:24,79.8500,30,2
2026-04-24,000333,13:30:27,79.8600,93,1
2026-04-24,000333,13:30:30,79.8600,3,1
2026-04-24,000333,13:30:33,79.8500,38,2
2026-04-24,000333,13:30:36,79.8400,225,2
2026-04-24,000333,13:30:39,79.8500,65,1
2026-04-24,000333,13:30:42,79.8500,46,1
2026-04-24,000333,13:30:45,79.8700,27,1
2026-04-24,000333,13:30:48,79.8800,9,1
2026-04-24,000333,13:30:51,79.8500,20,2
2026-04-24,000333,13:30:54,79.8700,24,1
2026-04-24,000333,13:30:57,79.8600,12,1
2026-04-24,000333,13:31:00,79.8800,30,1
2026-04-24,000333,13:31:03,79.9000,33,1
2026-04-24,000333,13:31:06,79.9000,34,1
2026-04-24,000333,13:31:09,79.8800,63,2
2026-04-24,000333,13:31:12,79.8700,141,2
2026-04-24,000333,13:31:15,79.8800,65,1
2026-04-24,000333,13:31:18,79.8800,54,1
2026-04-24,000333,13:31:21,79.8500,276,2
2026-04-24,000333,13:31:24,79.8600,28,2
2026-04-24,000333,13:31:27,79.8500,16,2
2026-04-24,000333,13:31:30,79.8700,8,1
2026-04-24,000333,13:31:33,79.8500,13,1
2026-04-24,000333,13:31:36,79.8500,1,1
2026-04-24,000333,13:31:39,79.8500,7,1
2026-04-24,000333,13:31:42,79.8300,102,2
2026-04-24,000333,13:31:45,79.8400,1,2
2026-04-24,000333,13:31:51,79.8400,40,1
2026-04-24,000333,13:31:54,79.8400,12,1
2026-04-24,000333,13:31:57,79.8400,2,1
2026-04-24,000333,13:32:00,79.8600,10,1
2026-04-24,000333,13:32:03,79.8700,7,1
2026-04-24,000333,13:32:06,79.9100,34,1
2026-04-24,000333,13:32:09,79.9400,40,1
2026-04-24,000333,13:32:12,79.8900,12,2
2026-04-24,000333,13:32:15,79.8900,22,2
2026-04-24,000333,13:32:18,79.8800,149,2
2026-04-24,000333,13:32:21,79.8800,10,2
2026-04-24,000333,13:32:24,79.9100,14,1
2026-04-24,000333,13:32:27,79.9200,17,1
2026-04-24,000333,13:32:30,79.8900,24,2
2026-04-24,000333,13:32:33,79.9000,63,1
2026-04-24,000333,13:32:36,79.8700,232,2
2026-04-24,000333,13:32:39,79.8800,10,4
2026-04-24,000333,13:32:42,79.8700,43,2
2026-04-24,000333,13:32:48,79.8700,22,4
2026-04-24,000333,13:32:51,79.9100,120,1
2026-04-24,000333,13:32:54,79.8800,21,1
2026-04-24,000333,13:32:57,79.8600,50,2
2026-04-24,000333,13:33:00,79.8500,20,2
2026-04-24,000333,13:33:03,79.8300,39,2
2026-04-24,000333,13:33:09,79.8600,8,1
2026-04-24,000333,13:33:12,79.8500,4,2
2026-04-24,000333,13:33:15,79.8500,9,2
2026-04-24,000333,13:33:18,79.8700,9,1
2026-04-24,000333,13:33:21,79.8700,15,1
2026-04-24,000333,13:33:24,79.8700,94,4
2026-04-24,000333,13:33:27,79.8500,11,2
2026-04-24,000333,13:33:30,79.8600,23,1
2026-04-24,000333,13:33:33,79.8700,205,1
2026-04-24,000333,13:33:36,79.8700,22,1
2026-04-24,000333,13:33:39,79.8700,13,1
2026-04-24,000333,13:33:42,79.8700,25,1
2026-04-24,000333,13:33:45,79.8800,7,1
2026-04-24,000333,13:33:48,79.8800,32,1
2026-04-24,000333,13:33:51,79.8800,4,1
2026-04-24,000333,13:33:54,79.8700,13,2
2026-04-24,000333,13:33:57,79.8800,17,1
2026-04-24,000333,13:34:00,79.8700,7,2
2026-04-24,000333,13:34:03,79.8700,20,2
2026-04-24,000333,13:34:06,79.8800,4,1
2026-04-24,000333,13:34:09,79.8700,140,2
2026-04-24,000333,13:34:12,79.8800,18,1
2026-04-24,000333,13:34:15,79.8700,19,1
2026-04-24,000333,13:34:18,79.8600,32,2
2026-04-24,000333,13:34:21,79.8600,151,2
2026-04-24,000333,13:34:24,79.8600,6,1
2026-04-24,000333,13:34:27,79.8500,27,2
2026-04-24,000333,13:34:30,79.8600,4,1
2026-04-24,000333,13:34:33,79.8500,55,2
2026-04-24,000333,13:34:36,79.8500,22,1
2026-04-24,000333,13:34:39,79.8500,17,1
2026-04-24,000333,13:34:42,79.8500,112,1
2026-04-24,000333,13:34:45,79.8300,29,2
2026-04-24,000333,13:34:48,79.8200,43,2
2026-04-24,000333,13:34:51,79.8300,62,1
2026-04-24,000333,13:34:54,79.8400,10,1
2026-04-24,000333,13:34:57,79.8400,17,2
2026-04-24,000333,13:35:00,79.8400,3,4
2026-04-24,000333,13:35:03,79.8400,16,2
2026-04-24,000333,13:35:06,79.8500,13,1
2026-04-24,000333,13:35:09,79.8500,4,1
2026-04-24,000333,13:35:12,79.8400,13,2
2026-04-24,000333,13:35:15,79.8500,60,1
2026-04-24,000333,13:35:18,79.8500,35,1
2026-04-24,000333,13:35:21,79.8500,30,1
2026-04-24,000333,13:35:24,79.8500,38,2
2026-04-24,000333,13:35:27,79.8600,7,1
2026-04-24,000333,13:35:30,79.8900,13,1
2026-04-24,000333,13:35:33,79.8500,2,2
2026-04-24,000333,13:35:36,79.8600,12,2
2026-04-24,000333,13:35:39,79.8500,12,2
2026-04-24,000333,13:35:42,79.8800,8,1
2026-04-24,000333,13:35:45,79.8500,9,2
2026-04-24,000333,13:35:48,79.8700,11,1
2026-04-24,000333,13:35:51,79.8700,4,1
2026-04-24,000333,13:35:54,79.8700,134,2
2026-04-24,000333,13:35:57,79.8700,15,2
2026-04-24,000333,13:36:00,79.8800,1,1
2026-04-24,000333,13:36:03,79.8700,27,2
2026-04-24,000333,13:36:06,79.8800,11,1
2026-04-24,000333,13:36:09,79.8700,70,2
2026-04-24,000333,13:36:12,79.8600,48,2
2026-04-24,000333,13:36:15,79.8600,62,2
2026-04-24,000333,13:36:18,79.8600,34,2
2026-04-24,000333,13:36:21,79.8600,29,2
2026-04-24,000333,13:36:24,79.8300,202,2
2026-04-24,000333,13:36:27,79.8100,250,2
2026-04-24,000333,13:36:30,79.8400,37,1
2026-04-24,000333,13:36:33,79.8300,27,1
2026-04-24,000333,13:36:36,79.8400,25,1
2026-04-24,000333,13:36:39,79.8200,19,2
2026-04-24,000333,13:36:42,79.8200,62,1
2026-04-24,000333,13:36:45,79.8200,39,1
2026-04-24,000333,13:36:48,79.8200,34,1
2026-04-24,000333,13:36:51,79.8200,15,1
2026-04-24,000333,13:36:54,79.8300,94,1
2026-04-24,000333,13:36:57,79.8200,29,2
2026-04-24,000333,13:37:00,79.8000,314,2
2026-04-24,000333,13:37:03,79.8300,9,1
2026-04-24,000333,13:37:06,79.8200,10,2
2026-04-24,000333,13:37:09,79.8200,16,2
2026-04-24,000333,13:37:12,79.8200,3,2
2026-04-24,000333,13:37:15,79.8200,5,2
2026-04-24,000333,13:37:18,79.8200,23,2
2026-04-24,000333,13:37:21,79.8000,389,2
2026-04-24,000333,13:37:24,79.7900,16,2
2026-04-24,000333,13:37:27,79.7900,25,2
2026-04-24,000333,13:37:30,79.7900,31,2
2026-04-24,000333,13:37:33,79.8100,101,1
2026-04-24,000333,13:37:36,79.8100,7,1
2026-04-24,000333,13:37:39,79.7900,51,2
2026-04-24,000333,13:37:42,79.7800,76,2
2026-04-24,000333,13:37:45,79.7800,235,2
2026-04-24,000333,13:37:48,79.8000,89,1
2026-04-24,000333,13:37:51,79.8100,95,1
2026-04-24,000333,13:37:54,79.8200,40,1
2026-04-24,000333,13:37:57,79.8000,112,2
2026-04-24,000333,13:38:00,79.7800,13,2
2026-04-24,000333,13:38:03,79.8000,102,4
2026-04-24,000333,13:38:06,79.8000,37,1
2026-04-24,000333,13:38:09,79.8100,24,1
2026-04-24,000333,13:38:12,79.8300,42,1
2026-04-24,000333,13:38:15,79.8300,224,2
2026-04-24,000333,13:38:18,79.8300,14,1
2026-04-24,000333,13:38:21,79.8200,7,1
2026-04-24,000333,13:38:24,79.8000,13,1
2026-04-24,000333,13:38:27,79.7800,90,2
2026-04-24,000333,13:38:30,79.7800,33,2
2026-04-24,000333,13:38:33,79.8000,21,1
2026-04-24,000333,13:38:36,79.7800,22,2
2026-04-24,000333,13:38:39,79.7700,206,2
2026-04-24,000333,13:38:42,79.8000,158,1
2026-04-24,000333,13:38:45,79.7900,1,2
2026-04-24,000333,13:38:48,79.7900,48,2
2026-04-24,000333,13:38:51,79.7900,22,2
2026-04-24,000333,13:38:54,79.8000,11,1
2026-04-24,000333,13:38:57,79.8000,1,1
2026-04-24,000333,13:39:00,79.7900,30,2
2026-04-24,000333,13:39:06,79.7900,24,2
2026-04-24,000333,13:39:09,79.7800,112,2
2026-04-24,000333,13:39:12,79.7900,7,1
2026-04-24,000333,13:39:15,79.7900,26,4
2026-04-24,000333,13:39:18,79.7900,13,1
2026-04-24,000333,13:39:21,79.7900,15,1
2026-04-24,000333,13:39:27,79.7800,4,2
2026-04-24,000333,13:39:30,79.7800,17,2
2026-04-24,000333,13:39:33,79.7800,25,2
2026-04-24,000333,13:39:36,79.7900,27,4
2026-04-24,000333,13:39:39,79.7700,209,2
2026-04-24,000333,13:39:42,79.7600,33,2
2026-04-24,000333,13:39:45,79.7800,50,1
2026-04-24,000333,13:39:48,79.7800,1,2
2026-04-24,000333,13:39:51,79.8000,12,1
2026-04-24,000333,13:39:54,79.7800,17,2
2026-04-24,000333,13:39:57,79.8000,13,1
2026-04-24,000333,13:40:00,79.7700,110,2
2026-04-24,000333,13:40:03,79.7500,246,2
2026-04-24,000333,13:40:06,79.7600,13,2
2026-04-24,000333,13:40:09,79.7900,53,1
2026-04-24,000333,13:40:12,79.8000,132,1
2026-04-24,000333,13:40:15,79.8000,14,2
2026-04-24,000333,13:40:18,79.7900,59,2
2026-04-24,000333,13:40:21,79.8200,10,1
2026-04-24,000333,13:40:24,79.8000,9,2
2026-04-24,000333,13:40:27,79.8100,13,2
2026-04-24,000333,13:40:30,79.8200,111,1
2026-04-24,000333,13:40:33,79.8200,42,1
2026-04-24,000333,13:40:36,79.8100,6,2
2026-04-24,000333,13:40:39,79.8300,12,1
2026-04-24,000333,13:40:42,79.8200,21,2
2026-04-24,000333,13:40:45,79.8200,17,2
2026-04-24,000333,13:40:48,79.8200,114,2
2026-04-24,000333,13:40:51,79.8100,23,2
2026-04-24,000333,13:40:54,79.8300,14,1
2026-04-24,000333,13:40:57,79.8200,14,2
2026-04-24,000333,13:41:00,79.8200,13,4
2026-04-24,000333,13:41:03,79.8100,68,2
2026-04-24,000333,13:41:06,79.8300,60,1
2026-04-24,000333,13:41:09,79.8400,141,1
2026-04-24,000333,13:41:12,79.8700,74,1
2026-04-24,000333,13:41:15,79.8700,12,1
2026-04-24,000333,13:41:18,79.8700,20,1
2026-04-24,000333,13:41:21,79.8500,45,2
2026-04-24,000333,13:41:24,79.8500,1,4
2026-04-24,000333,13:41:27,79.8400,71,2
2026-04-24,000333,13:41:30,79.8600,36,1
2026-04-24,000333,13:41:33,79.8600,28,1
2026-04-24,000333,13:41:36,79.8600,39,1
2026-04-24,000333,13:41:39,79.8600,18,1
2026-04-24,000333,13:41:42,79.8600,54,1
2026-04-24,000333,13:41:48,79.9000,79,1
2026-04-24,000333,13:41:51,79.8600,136,2
2026-04-24,000333,13:41:54,79.8500,55,2
2026-04-24,000333,13:41:57,79.8500,57,1
2026-04-24,000333,13:42:00,79.8500,21,1
2026-04-24,000333,13:42:06,79.8600,14,1
2026-04-24,000333,13:42:09,79.8300,179,2
2026-04-24,000333,13:42:12,79.8200,83,2
2026-04-24,000333,13:42:15,79.8100,14,2
2026-04-24,000333,13:42:18,79.8100,37,2
2026-04-24,000333,13:42:21,79.8500,31,1
2026-04-24,000333,13:42:24,79.8200,11,1
2026-04-24,000333,13:42:27,79.8500,118,1
2026-04-24,000333,13:42:30,79.8600,20,1
2026-04-24,000333,13:42:33,79.8000,109,2
2026-04-24,000333,13:42:36,79.8300,12,1
2026-04-24,000333,13:42:39,79.8000,12,2
2026-04-24,000333,13:42:42,79.8200,201,1
2026-04-24,000333,13:42:48,79.8000,18,2
2026-04-24,000333,13:42:51,79.8300,16,1
2026-04-24,000333,13:42:54,79.8300,21,1
2026-04-24,000333,13:42:57,79.8200,208,1
2026-04-24,000333,13:43:00,79.8100,3,1
2026-04-24,000333,13:43:03,79.8100,110,4
2026-04-24,000333,13:43:06,79.8100,19,1
2026-04-24,000333,13:43:09,79.8100,12,1
2026-04-24,000333,13:43:12,79.8100,10,1
2026-04-24,000333,13:43:15,79.8100,3,1
2026-04-24,000333,13:43:18,79.8100,15,1
2026-04-24,000333,13:43:21,79.8100,22,1
2026-04-24,000333,13:43:27,79.8000,100,2
2026-04-24,000333,13:43:30,79.8100,15,1
2026-04-24,000333,13:43:33,79.8100,13,4
2026-04-24,000333,13:43:36,79.8100,30,4
2026-04-24,000333,13:43:39,79.8000,2,2
2026-04-24,000333,13:43:45,79.8500,57,1
2026-04-24,000333,13:43:48,79.8100,20,2
2026-04-24,000333,13:43:51,79.8100,19,2
2026-04-24,000333,13:43:54,79.8700,8,1
2026-04-24,000333,13:43:57,79.8600,7,1
2026-04-24,000333,13:44:00,79.8400,17,1
2026-04-24,000333,13:44:03,79.8300,29,2
2026-04-24,000333,13:44:06,79.8400,76,1
2026-04-24,000333,13:44:09,79.8400,7,2
2026-04-24,000333,13:44:15,79.8500,75,1
2026-04-24,000333,13:44:18,79.8500,33,1
2026-04-24,000333,13:44:21,79.8600,18,1
2026-04-24,000333,13:44:24,79.8700,20,1
2026-04-24,000333,13:44:30,79.8500,105,2
2026-04-24,000333,13:44:36,79.8600,7,2
2026-04-24,000333,13:44:39,79.8800,111,1
2026-04-24,000333,13:44:42,79.8500,9,2
2026-04-24,000333,13:44:45,79.8800,66,1
2026-04-24,000333,13:44:48,79.8500,44,2
2026-04-24,000333,13:44:51,79.8800,24,1
2026-04-24,000333,13:44:54,79.8600,20,2
2026-04-24,000333,13:44:57,79.8800,9,1
2026-04-24,000333,13:45:00,79.8800,17,1
2026-04-24,000333,13:45:03,79.8900,135,1
2026-04-24,000333,13:45:06,79.8800,17,4
2026-04-24,000333,13:45:09,79.8500,52,2
2026-04-24,000333,13:45:12,79.8800,9,1
2026-04-24,000333,13:45:15,79.8500,17,2
2026-04-24,000333,13:45:18,79.8700,1,1
2026-04-24,000333,13:45:21,79.8500,27,2
2026-04-24,000333,13:45:24,79.8800,30,1
2026-04-24,000333,13:45:27,79.9000,5,1
2026-04-24,000333,13:45:30,79.8800,21,2
2026-04-24,000333,13:45:33,79.8800,38,1
2026-04-24,000333,13:45:36,79.8800,144,1
2026-04-24,000333,13:45:39,79.8600,44,2
2026-04-24,000333,13:45:42,79.8700,102,1
2026-04-24,000333,13:45:45,79.8800,60,1
2026-04-24,000333,13:45:48,79.9200,28,1
2026-04-24,000333,13:45:51,79.9300,26,1
2026-04-24,000333,13:45:54,79.8900,35,2
2026-04-24,000333,13:45:57,79.8900,16,1
2026-04-24,000333,13:46:00,79.8900,9,1
2026-04-24,000333,13:46:03,79.8900,13,1
2026-04-24,000333,13:46:06,79.8900,14,1
2026-04-24,000333,13:46:09,79.8800,17,2
2026-04-24,000333,13:46:12,79.8700,44,2
2026-04-24,000333,13:46:15,79.8700,15,4
2026-04-24,000333,13:46:18,79.8800,6,1
2026-04-24,000333,13:46:21,79.8700,126,4
2026-04-24,000333,13:46:24,79.8800,15,1
2026-04-24,000333,13:46:27,79.8500,4,2
2026-04-24,000333,13:46:30,79.8400,83,2
2026-04-24,000333,13:46:33,79.8400,22,2
2026-04-24,000333,13:46:36,79.8500,10,1
2026-04-24,000333,13:46:39,79.8500,9,1
2026-04-24,000333,13:46:42,79.8500,6,1
2026-04-24,000333,13:46:45,79.8500,31,4
2026-04-24,000333,13:46:48,79.8500,129,1
2026-04-24,000333,13:46:51,79.8600,104,1
2026-04-24,000333,13:46:54,79.8600,21,1
2026-04-24,000333,13:46:57,79.8500,9,1
2026-04-24,000333,13:47:00,79.8500,13,4
2026-04-24,000333,13:47:06,79.8400,28,2
2026-04-24,000333,13:47:09,79.8600,5,1
2026-04-24,000333,13:47:12,79.8600,11,1
2026-04-24,000333,13:47:15,79.8600,7,1
2026-04-24,000333,13:47:18,79.8600,1,1
2026-04-24,000333,13:47:21,79.8600,21,1
2026-04-24,000333,13:47:24,79.8700,36,1
2026-04-24,000333,13:47:27,79.8800,24,1
2026-04-24,000333,13:47:30,79.8900,19,1
2026-04-24,000333,13:47:33,79.8900,13,1
2026-04-24,000333,13:47:36,79.8900,29,2
2026-04-24,000333,13:47:39,79.8800,142,2
2026-04-24,000333,13:47:42,79.8900,112,1
2026-04-24,000333,13:47:45,79.8600,1,2
2026-04-24,000333,13:47:48,79.8600,21,2
2026-04-24,000333,13:47:51,79.9000,17,1
2026-04-24,000333,13:47:54,79.8700,32,2
2026-04-24,000333,13:47:57,79.8600,1,2
2026-04-24,000333,13:48:00,79.8600,8,2
2026-04-24,000333,13:48:03,79.8600,23,1
2026-04-24,000333,13:48:09,79.8700,1,1
2026-04-24,000333,13:48:12,79.8600,101,2
2026-04-24,000333,13:48:15,79.8600,18,4
2026-04-24,000333,13:48:18,79.8500,219,2
2026-04-24,000333,13:48:21,79.8500,100,2
2026-04-24,000333,13:48:24,79.8500,2,2
2026-04-24,000333,13:48:27,79.8700,54,1
2026-04-24,000333,13:48:30,79.8700,19,1
2026-04-24,000333,13:48:33,79.8600,7,1
2026-04-24,000333,13:48:36,79.8500,11,2
2026-04-24,000333,13:48:39,79.8600,10,1
2026-04-24,000333,13:48:42,79.8600,7,1
2026-04-24,000333,13:48:45,79.8400,18,2
2026-04-24,000333,13:48:48,79.8500,13,1
2026-04-24,000333,13:48:51,79.8600,6,1
2026-04-24,000333,13:48:54,79.8500,5,1
2026-04-24,000333,13:48:57,79.8500,2,4
2026-04-24,000333,13:49:00,79.8600,17,1
2026-04-24,000333,13:49:03,79.8600,17,4
2026-04-24,000333,13:49:06,79.8600,2,1
2026-04-24,000333,13:49:09,79.8500,205,2
2026-04-24,000333,13:49:12,79.8500,9,1
2026-04-24,000333,13:49:15,79.8600,5,1
2026-04-24,000333,13:49:18,79.8100,18,2
2026-04-24,000333,13:49:21,79.8500,2,2
2026-04-24,000333,13:49:24,79.8500,3,1
2026-04-24,000333,13:49:27,79.8500,14,1
2026-04-24,000333,13:49:30,79.8100,17,2
2026-04-24,000333,13:49:33,79.8500,2,1
2026-04-24,000333,13:49:36,79.8500,1,1
2026-04-24,000333,13:49:39,79.8500,3,1
2026-04-24,000333,13:49:42,79.8600,18,1
2026-04-24,000333,13:49:45,79.8700,12,1
2026-04-24,000333,13:49:48,79.8600,341,4
2026-04-24,000333,13:49:51,79.8200,49,2
2026-04-24,000333,13:49:54,79.8500,7,1
2026-04-24,000333,13:49:57,79.8500,18,1
2026-04-24,000333,13:50:00,79.8500,11,1
2026-04-24,000333,13:50:03,79.8600,8,1
2026-04-24,000333,13:50:06,79.8200,18,2
2026-04-24,000333,13:50:09,79.8600,18,1
2026-04-24,000333,13:50:12,79.8800,22,1
2026-04-24,000333,13:50:15,79.8600,8,1
2026-04-24,000333,13:50:18,79.8600,6,4
2026-04-24,000333,13:50:21,79.8700,2,1
2026-04-24,000333,13:50:24,79.8700,3,1
2026-04-24,000333,13:50:27,79.8700,15,1
2026-04-24,000333,13:50:30,79.8700,2,1
2026-04-24,000333,13:50:33,79.8400,26,2
2026-04-24,000333,13:50:36,79.8700,57,2
2026-04-24,000333,13:50:39,79.8500,18,2
2026-04-24,000333,13:50:42,79.8800,456,1
2026-04-24,000333,13:50:45,79.8700,58,2
2026-04-24,000333,13:50:48,79.8600,50,2
2026-04-24,000333,13:50:51,79.8700,19,2
2026-04-24,000333,13:50:54,79.8700,13,2
2026-04-24,000333,13:50:57,79.8600,12,2
2026-04-24,000333,13:51:00,79.9100,15,1
2026-04-24,000333,13:51:03,79.9100,12,1
2026-04-24,000333,13:51:06,79.8800,10,2
2026-04-24,000333,13:51:09,79.8800,9,2
2026-04-24,000333,13:51:15,79.9000,10,1
2026-04-24,000333,13:51:18,79.8800,26,2
2026-04-24,000333,13:51:21,79.8800,305,2
2026-04-24,000333,13:51:24,79.8800,18,1
2026-04-24,000333,13:51:27,79.8800,12,1
2026-04-24,000333,13:51:30,79.8700,78,2
2026-04-24,000333,13:51:33,79.8800,18,1
2026-04-24,000333,13:51:36,79.8600,5,2
2026-04-24,000333,13:51:39,79.8400,43,2
2026-04-24,000333,13:51:42,79.8400,19,2
2026-04-24,000333,13:51:45,79.8400,12,2
2026-04-24,000333,13:51:51,79.8700,7,1
2026-04-24,000333,13:51:54,79.8500,6,2
2026-04-24,000333,13:51:57,79.8700,17,1
2026-04-24,000333,13:52:00,79.8700,6,1
2026-04-24,000333,13:52:03,79.8600,102,1
2026-04-24,000333,13:52:06,79.8800,8,1
2026-04-24,000333,13:52:09,79.8500,25,2
2026-04-24,000333,13:52:15,79.8400,11,2
2026-04-24,000333,13:52:18,79.8400,24,2
2026-04-24,000333,13:52:21,79.8600,12,1
2026-04-24,000333,13:52:24,79.8700,10,1
2026-04-24,000333,13:52:27,79.8700,34,1
2026-04-24,000333,13:52:30,79.8700,14,4
2026-04-24,000333,13:52:33,79.8500,12,2
2026-04-24,000333,13:52:36,79.8500,325,2
2026-04-24,000333,13:52:39,79.8200,25,2
2026-04-24,000333,13:52:42,79.8500,41,1
2026-04-24,000333,13:52:45,79.8500,25,1
2026-04-24,000333,13:52:48,79.8500,1,1
2026-04-24,000333,13:52:51,79.8200,11,2
2026-04-24,000333,13:52:54,79.8700,9,1
2026-04-24,000333,13:52:57,79.8200,19,2
2026-04-24,000333,13:53:00,79.8800,25,1
2026-04-24,000333,13:53:03,79.8600,19,1
2026-04-24,000333,13:53:06,79.8600,105,1
2026-04-24,000333,13:53:09,79.8600,24,1
2026-04-24,000333,13:53:12,79.8600,8,1
2026-04-24,000333,13:53:15,79.8500,3,1
2026-04-24,000333,13:53:18,79.8600,10,1
2026-04-24,000333,13:53:21,79.8500,2,1
2026-04-24,000333,13:53:24,79.8600,13,1
2026-04-24,000333,13:53:27,79.8600,86,1
2026-04-24,000333,13:53:30,79.8800,36,1
2026-04-24,000333,13:53:33,79.8800,11,1
2026-04-24,000333,13:53:36,79.8800,25,1
2026-04-24,000333,13:53:39,79.8800,9,1
2026-04-24,000333,13:53:42,79.8600,33,2
2026-04-24,000333,13:53:45,79.8900,2,1
2026-04-24,000333,13:53:48,79.8900,1,1
2026-04-24,000333,13:53:51,79.8600,5,2
2026-04-24,000333,13:53:54,79.8700,2,2
2026-04-24,000333,13:53:57,79.8900,14,1
2026-04-24,000333,13:54:00,79.8800,30,4
2026-04-24,000333,13:54:03,79.8800,6,1
2026-04-24,000333,13:54:06,79.8800,7,1
2026-04-24,000333,13:54:09,79.8900,20,1
2026-04-24,000333,13:54:12,79.8800,33,2
2026-04-24,000333,13:54:15,79.8900,15,2
2026-04-24,000333,13:54:18,79.8900,74,2
2026-04-24,000333,13:54:21,79.8800,33,2
2026-04-24,000333,13:54:24,79.8800,17,2
2026-04-24,000333,13:54:27,79.8900,1,1
2026-04-24,000333,13:54:30,79.9000,14,1
2026-04-24,000333,13:54:33,79.8900,6,4
2026-04-24,000333,13:54:36,79.8900,26,2
2026-04-24,000333,13:54:39,79.9000,9,1
2026-04-24,000333,13:54:45,79.8900,15,1
2026-04-24,000333,13:54:48,79.8800,6,2
2026-04-24,000333,13:54:51,79.8800,94,2
2026-04-24,000333,13:54:54,79.8800,44,2
2026-04-24,000333,13:54:57,79.8900,15,1
2026-04-24,000333,13:55:00,79.8900,14,1
2026-04-24,000333,13:55:03,79.8800,38,2
2026-04-24,000333,13:55:06,79.8800,1,2
2026-04-24,000333,13:55:09,79.8900,1,1
2026-04-24,000333,13:55:12,79.9000,21,1
2026-04-24,000333,13:55:15,79.8800,9,2
2026-04-24,000333,13:55:18,79.8800,26,2
2026-04-24,000333,13:55:21,79.8800,1,2
2026-04-24,000333,13:55:24,79.8800,8,2
2026-04-24,000333,13:55:27,79.8900,13,1
2026-04-24,000333,13:55:30,79.9000,5,1
2026-04-24,000333,13:55:33,79.8800,65,2
2026-04-24,000333,13:55:36,79.8800,10,2
2026-04-24,000333,13:55:39,79.9100,8,1
2026-04-24,000333,13:55:42,79.9000,8,1
2026-04-24,000333,13:55:45,79.8900,7,2
2026-04-24,000333,13:55:48,79.8900,45,2
2026-04-24,000333,13:55:51,79.8800,2,2
2026-04-24,000333,13:55:54,79.9000,17,1
2026-04-24,000333,13:55:57,79.9100,2,1
2026-04-24,000333,13:56:00,79.9100,77,1
2026-04-24,000333,13:56:03,79.9100,4,1
2026-04-24,000333,13:56:06,79.9000,2,4
2026-04-24,000333,13:56:09,79.8900,11,2
2026-04-24,000333,13:56:12,79.8900,12,2
2026-04-24,000333,13:56:15,79.8900,7,2
2026-04-24,000333,13:56:18,79.9000,22,4
2026-04-24,000333,13:56:21,79.9100,2,1
2026-04-24,000333,13:56:24,79.9100,11,1
2026-04-24,000333,13:56:27,79.9000,22,2
2026-04-24,000333,13:56:30,79.9000,18,2
2026-04-24,000333,13:56:33,79.9000,6,2
2026-04-24,000333,13:56:36,79.9000,5,2
2026-04-24,000333,13:56:39,79.9000,9,2
2026-04-24,000333,13:56:42,79.8900,107,2
2026-04-24,000333,13:56:48,79.9000,15,1
2026-04-24,000333,13:56:51,79.8900,95,2
2026-04-24,000333,13:56:54,79.8900,2,2
2026-04-24,000333,13:57:00,79.9100,11,1
2026-04-24,000333,13:57:03,79.9000,14,4
2026-04-24,000333,13:57:09,79.8900,11,2
2026-04-24,000333,13:57:12,79.8900,19,4
2026-04-24,000333,13:57:15,79.9000,2,1
2026-04-24,000333,13:57:18,79.8700,136,2
2026-04-24,000333,13:57:21,79.8700,30,2
2026-04-24,000333,13:57:24,79.8700,19,2
2026-04-24,000333,13:57:27,79.8700,25,2
2026-04-24,000333,13:57:30,79.8700,28,2
2026-04-24,000333,13:57:33,79.8700,13,2
2026-04-24,000333,13:57:36,79.8800,8,1
2026-04-24,000333,13:57:39,79.8700,2,2
2026-04-24,000333,13:57:45,79.8700,5,2
2026-04-24,000333,13:57:48,79.8800,19,1
2026-04-24,000333,13:57:51,79.8900,35,1
2026-04-24,000333,13:57:54,79.8900,14,1
2026-04-24,000333,13:57:57,79.9000,26,1
2026-04-24,000333,13:58:00,79.9000,9,1
2026-04-24,000333,13:58:03,79.8800,26,1
2026-04-24,000333,13:58:06,79.9000,16,1
2026-04-24,000333,13:58:09,79.9000,2,1
2026-04-24,000333,13:58:12,79.9000,3,1
2026-04-24,000333,13:58:15,79.8800,19,2
2026-04-24,000333,13:58:18,79.9100,13,1
2026-04-24,000333,13:58:21,79.8800,5,2
2026-04-24,000333,13:58:24,79.8800,28,2
2026-04-24,000333,13:58:30,79.8800,15,2
2026-04-24,000333,13:58:33,79.8900,2,1
2026-04-24,000333,13:58:36,79.8900,78,1
2026-04-24,000333,13:58:39,79.8800,12,2
2026-04-24,000333,13:58:42,79.8700,142,2
2026-04-24,000333,13:58:45,79.8900,6,1
2026-04-24,000333,13:58:48,79.8700,86,2
2026-04-24,000333,13:58:51,79.8600,41,2
2026-04-24,000333,13:58:54,79.8700,11,4
2026-04-24,000333,13:58:57,79.8800,9,1
2026-04-24,000333,13:59:03,79.8700,25,2
2026-04-24,000333,13:59:06,79.8600,21,2
2026-04-24,000333,13:59:09,79.8800,20,1
2026-04-24,000333,13:59:12,79.8800,14,1
2026-04-24,000333,13:59:15,79.8600,60,2
2026-04-24,000333,13:59:18,79.8700,9,2
2026-04-24,000333,13:59:21,79.8600,13,2
2026-04-24,000333,13:59:24,79.8600,124,2
2026-04-24,000333,13:59:27,79.8700,16,1
2026-04-24,000333,13:59:30,79.8700,7,1
2026-04-24,000333,13:59:33,79.8700,5,1
2026-04-24,000333,13:59:36,79.8600,4,2
2026-04-24,000333,13:59:39,79.8700,1,1
2026-04-24,000333,13:59:42,79.8700,37,1
2026-04-24,000333,13:59:45,79.8600,4,2
2026-04-24,000333,13:59:48,79.8700,24,1
2026-04-24,000333,13:59:51,79.8600,13,2
2026-04-24,000333,13:59:54,79.8600,12,2
2026-04-24,000333,13:59:57,79.8700,26,1
2026-04-24,000333,14:00:00,79.8700,23,2
2026-04-24,000333,14:00:03,79.8600,45,2
2026-04-24,000333,14:00:06,79.8600,15,2
2026-04-24,000333,14:00:12,79.8700,12,1
2026-04-24,000333,14:00:15,79.8600,24,2
2026-04-24,000333,14:00:18,79.8600,8,1
2026-04-24,000333,14:00:21,79.8700,8,1
2026-04-24,000333,14:00:24,79.8600,16,2
2026-04-24,000333,14:00:27,79.8700,24,1
2026-04-24,000333,14:00:30,79.8600,34,2
2026-04-24,000333,14:00:33,79.8500,39,2
2026-04-24,000333,14:00:36,79.8500,48,2
2026-04-24,000333,14:00:39,79.8500,136,2
2026-04-24,000333,14:00:42,79.8400,229,2
2026-04-24,000333,14:00:45,79.8600,264,1
2026-04-24,000333,14:00:48,79.8600,19,2
2026-04-24,000333,14:00:51,79.8600,18,2
2026-04-24,000333,14:00:54,79.8800,16,1
2026-04-24,000333,14:00:57,79.8700,10,1
2026-04-24,000333,14:01:00,79.8600,38,2
2026-04-24,000333,14:01:03,79.8600,10,1
2026-04-24,000333,14:01:06,79.8600,14,2
2026-04-24,000333,14:01:09,79.8600,3,1
2026-04-24,000333,14:01:12,79.8500,71,2
2026-04-24,000333,14:01:15,79.8600,18,1
2026-04-24,000333,14:01:18,79.8500,5,4
2026-04-24,000333,14:01:21,79.8500,18,4
2026-04-24,000333,14:01:24,79.8400,10,2
2026-04-24,000333,14:01:27,79.8500,20,1
2026-04-24,000333,14:01:30,79.8600,14,1
2026-04-24,000333,14:01:33,79.8600,31,2
2026-04-24,000333,14:01:36,79.8700,37,1
2026-04-24,000333,14:01:39,79.8800,16,1
2026-04-24,000333,14:01:42,79.8700,11,1
2026-04-24,000333,14:01:45,79.8600,194,2
2026-04-24,000333,14:01:48,79.8600,21,2
2026-04-24,000333,14:01:51,79.8500,26,2
2026-04-24,000333,14:01:54,79.8700,14,1
2026-04-24,000333,14:01:57,79.8600,37,1
2026-04-24,000333,14:02:00,79.8700,81,1
2026-04-24,000333,14:02:03,79.8400,19,2
2026-04-24,000333,14:02:06,79.8500,8,2
2026-04-24,000333,14:02:09,79.8700,7,1
2026-04-24,000333,14:02:12,79.8700,13,1
2026-04-24,000333,14:02:15,79.8400,20,2
2026-04-24,000333,14:02:18,79.8800,9,1
2026-04-24,000333,14:02:21,79.8500,6,2
2026-04-24,000333,14:02:24,79.8600,5,4
2026-04-24,000333,14:02:27,79.8700,18,1
2026-04-24,000333,14:02:30,79.8700,5,4
2026-04-24,000333,14:02:33,79.8500,48,2
2026-04-24,000333,14:02:36,79.8600,25,2
2026-04-24,000333,14:02:39,79.8600,31,1
2026-04-24,000333,14:02:42,79.8900,30,1
2026-04-24,000333,14:02:45,79.8900,48,1
2026-04-24,000333,14:02:48,79.8900,4,1
2026-04-24,000333,14:02:51,79.9400,59,1
2026-04-24,000333,14:02:54,79.8700,11,2
2026-04-24,000333,14:03:00,79.9100,10,1
2026-04-24,000333,14:03:06,79.8700,70,2
2026-04-24,000333,14:03:09,79.8600,94,2
2026-04-24,000333,14:03:12,79.8700,71,1
2026-04-24,000333,14:03:15,79.8700,9,1
2026-04-24,000333,14:03:18,79.8700,53,1
2026-04-24,000333,14:03:21,79.8700,5,1
2026-04-24,000333,14:03:24,79.8700,16,2
2026-04-24,000333,14:03:27,79.8700,47,1
2026-04-24,000333,14:03:30,79.8700,21,1
2026-04-24,000333,14:03:33,79.8700,89,1
2026-04-24,000333,14:03:36,79.8700,10,1
2026-04-24,000333,14:03:39,79.8700,14,1
2026-04-24,000333,14:03:42,79.8800,16,1
2026-04-24,000333,14:03:45,79.8800,18,1
2026-04-24,000333,14:03:48,79.8900,25,1
2026-04-24,000333,14:03:51,79.8700,11,2
2026-04-24,000333,14:03:54,79.8900,29,1
2026-04-24,000333,14:03:57,79.9000,14,1
2026-04-24,000333,14:04:00,79.8800,21,2
2026-04-24,000333,14:04:03,79.9000,23,1
2026-04-24,000333,14:04:06,79.9100,4,1
2026-04-24,000333,14:04:09,79.9000,8,1
2026-04-24,000333,14:04:12,79.9100,4,1
2026-04-24,000333,14:04:15,79.9100,8,1
2026-04-24,000333,14:04:18,79.9100,13,1
2026-04-24,000333,14:04:21,79.9100,6,1
2026-04-24,000333,14:04:24,79.9100,2,1
2026-04-24,000333,14:04:27,79.9000,20,2
2026-04-24,000333,14:04:30,79.9000,221,2
2026-04-24,000333,14:04:33,79.9000,40,1
2026-04-24,000333,14:04:36,79.9000,26,1
2026-04-24,000333,14:04:39,79.8900,1,2
2026-04-24,000333,14:04:42,79.8900,45,2
2026-04-24,000333,14:04:45,79.8800,13,2
2026-04-24,000333,14:04:48,79.8900,27,1
2026-04-24,000333,14:04:51,79.8800,25,2
2026-04-24,000333,14:04:54,79.8900,10,1
2026-04-24,000333,14:04:57,79.8900,10,1
2026-04-24,000333,14:05:00,79.9000,13,1
2026-04-24,000333,14:05:03,79.8900,20,2
2026-04-24,000333,14:05:06,79.8800,6,2
2026-04-24,000333,14:05:15,79.8900,7,1
2026-04-24,000333,14:05:18,79.8800,164,2
2026-04-24,000333,14:05:21,79.8900,50,1
2026-04-24,000333,14:05:24,79.8900,13,1
2026-04-24,000333,14:05:27,79.8800,18,1
2026-04-24,000333,14:05:30,79.8700,50,2
2026-04-24,000333,14:05:33,79.8700,31,2
2026-04-24,000333,14:05:36,79.8800,2,1
2026-04-24,000333,14:05:39,79.8700,23,2
2026-04-24,000333,14:05:45,79.8700,110,2
2026-04-24,000333,14:05:48,79.8700,5,2
2026-04-24,000333,14:05:51,79.8800,38,1
2026-04-24,000333,14:05:54,79.8700,5,1
2026-04-24,000333,14:05:57,79.8700,18,1
2026-04-24,000333,14:06:00,79.8600,152,2
2026-04-24,000333,14:06:03,79.8500,39,1
2026-04-24,000333,14:06:06,79.8600,54,1
2026-04-24,000333,14:06:09,79.8600,37,2
2026-04-24,000333,14:06:12,79.8500,59,2
2026-04-24,000333,10:52:09,79.8200,39,2
2026-04-24,000333,10:52:12,79.8100,66,2
2026-04-24,000333,10:52:15,79.8100,36,4
2026-04-24,000333,10:52:18,79.8200,68,1
2026-04-24,000333,10:52:21,79.8300,23,1
2026-04-24,000333,10:52:24,79.8300,8,1
2026-04-24,000333,10:52:27,79.8200,16,2
2026-04-24,000333,10:52:30,79.8200,9,4
2026-04-24,000333,10:52:33,79.8000,116,2
2026-04-24,000333,10:52:36,79.8100,34,2
2026-04-24,000333,10:52:39,79.8400,48,1
2026-04-24,000333,10:52:42,79.8100,53,2
2026-04-24,000333,10:52:45,79.8100,12,2
2026-04-24,000333,10:52:48,79.8000,22,2
2026-04-24,000333,10:52:51,79.8000,252,2
2026-04-24,000333,10:52:54,79.7900,37,2
2026-04-24,000333,10:52:57,79.8000,26,1
2026-04-24,000333,10:53:00,79.7900,15,2
2026-04-24,000333,10:53:03,79.8000,25,1
2026-04-24,000333,10:53:06,79.7900,67,2
2026-04-24,000333,10:53:09,79.8000,41,1
2026-04-24,000333,10:53:12,79.8100,20,4
2026-04-24,000333,10:53:15,79.7900,26,2
2026-04-24,000333,10:53:18,79.8400,19,1
2026-04-24,000333,10:53:21,79.8400,51,1
2026-04-24,000333,10:53:24,79.8500,60,2
2026-04-24,000333,10:53:27,79.8200,8,2
2026-04-24,000333,10:53:30,79.8400,19,1
2026-04-24,000333,10:53:33,79.8200,12,2
2026-04-24,000333,10:53:36,79.8400,2,2
2026-04-24,000333,10:53:39,79.8500,18,1
2026-04-24,000333,10:53:42,79.8500,5,1
2026-04-24,000333,10:53:45,79.8500,9,1
2026-04-24,000333,10:53:48,79.8300,26,2
2026-04-24,000333,10:53:51,79.8300,16,2
2026-04-24,000333,10:53:54,79.8500,24,1
2026-04-24,000333,10:53:57,79.8500,34,1
2026-04-24,000333,10:54:00,79.8400,30,2
2026-04-24,000333,10:54:03,79.8400,10,2
2026-04-24,000333,10:54:06,79.8400,82,2
2026-04-24,000333,10:54:09,79.8300,11,2
2026-04-24,000333,10:54:12,79.8500,45,1
2026-04-24,000333,10:54:15,79.8300,53,2
2026-04-24,000333,10:54:18,79.8100,59,2
2026-04-24,000333,10:54:21,79.8200,21,2
2026-04-24,000333,10:54:24,79.8300,15,1
2026-04-24,000333,10:54:27,79.8200,16,2
2026-04-24,000333,10:54:30,79.8200,14,2
2026-04-24,000333,10:54:33,79.8200,31,2
2026-04-24,000333,10:54:36,79.8200,21,2
2026-04-24,000333,10:54:39,79.8400,14,1
2026-04-24,000333,10:54:45,79.8200,2,2
2026-04-24,000333,10:54:48,79.8200,10,2
2026-04-24,000333,10:54:51,79.8200,21,2
2026-04-24,000333,10:54:54,79.8300,37,1
2026-04-24,000333,10:54:57,79.8500,14,1
2026-04-24,000333,10:55:00,79.8600,14,1
2026-04-24,000333,10:55:03,79.8300,3,4
2026-04-24,000333,10:55:06,79.8300,46,4
2026-04-24,000333,10:55:09,79.8200,33,2
2026-04-24,000333,10:55:12,79.8200,40,4
2026-04-24,000333,10:55:15,79.8500,20,1
2026-04-24,000333,10:55:18,79.8200,4,2
2026-04-24,000333,10:55:21,79.8200,2,1
2026-04-24,000333,10:55:24,79.8200,12,1
2026-04-24,000333,10:55:27,79.8100,74,2
2026-04-24,000333,10:55:30,79.8100,66,2
2026-04-24,000333,10:55:33,79.8100,40,1
2026-04-24,000333,10:55:36,79.8100,131,1
2026-04-24,000333,10:55:39,79.8100,12,1
2026-04-24,000333,10:55:42,79.8000,5,2
2026-04-24,000333,10:55:45,79.8000,20,2
2026-04-24,000333,10:55:48,79.8000,36,1
2026-04-24,000333,10:55:51,79.8000,32,1
2026-04-24,000333,10:55:54,79.8000,4,2
2026-04-24,000333,10:55:57,79.8000,55,2
2026-04-24,000333,10:56:00,79.8000,31,2
2026-04-24,000333,10:56:03,79.8100,42,2
2026-04-24,000333,10:56:06,79.8200,48,1
2026-04-24,000333,10:56:09,79.8000,33,2
2026-04-24,000333,10:56:12,79.8100,29,2
2026-04-24,000333,10:56:15,79.8100,5,2
2026-04-24,000333,10:56:18,79.8000,18,2
2026-04-24,000333,10:56:21,79.8000,20,2
2026-04-24,000333,10:56:24,79.8200,74,1
2026-04-24,000333,10:56:27,79.8000,1,2
2026-04-24,000333,10:56:30,79.8100,10,1
2026-04-24,000333,10:56:33,79.7900,38,2
2026-04-24,000333,10:56:36,79.8000,1,2
2026-04-24,000333,10:56:39,79.8000,42,2
2026-04-24,000333,10:56:42,79.8000,2,2
2026-04-24,000333,10:56:45,79.7900,26,2
2026-04-24,000333,10:56:48,79.8100,11,1
2026-04-24,000333,10:56:51,79.7900,7,2
2026-04-24,000333,10:56:54,79.8100,53,1
2026-04-24,000333,10:56:57,79.8000,28,2
2026-04-24,000333,10:57:00,79.8100,20,4
2026-04-24,000333,10:57:03,79.8200,7,1
2026-04-24,000333,10:57:06,79.8000,10,2
2026-04-24,000333,10:57:09,79.8100,12,1
2026-04-24,000333,10:57:12,79.8000,35,2
2026-04-24,000333,10:57:15,79.8000,24,2
2026-04-24,000333,10:57:18,79.8000,35,2
2026-04-24,000333,10:57:21,79.8000,7,2
2026-04-24,000333,10:57:24,79.8100,11,2
2026-04-24,000333,10:57:27,79.8000,20,2
2026-04-24,000333,10:57:30,79.8200,8,1
2026-04-24,000333,10:57:33,79.8200,7,1
2026-04-24,000333,10:57:36,79.8000,37,2
2026-04-24,000333,10:57:39,79.8100,50,4
2026-04-24,000333,10:57:42,79.8100,45,1
2026-04-24,000333,10:57:45,79.8100,20,1
2026-04-24,000333,10:57:48,79.8000,16,1
2026-04-24,000333,10:57:51,79.8100,42,1
2026-04-24,000333,10:57:54,79.8100,19,2
2026-04-24,000333,10:57:57,79.8000,8,2
2026-04-24,000333,10:58:00,79.8000,21,2
2026-04-24,000333,10:58:03,79.8100,9,1
2026-04-24,000333,10:58:06,79.8000,34,2
2026-04-24,000333,10:58:09,79.8000,3,1
2026-04-24,000333,10:58:12,79.8000,31,2
2026-04-24,000333,10:58:15,79.8300,23,1
2026-04-24,000333,10:58:18,79.8000,18,2
2026-04-24,000333,10:58:21,79.8100,46,2
2026-04-24,000333,10:58:24,79.8000,2,2
2026-04-24,000333,10:58:27,79.8000,60,2
2026-04-24,000333,10:58:30,79.7900,16,2
2026-04-24,000333,10:58:33,79.8000,39,1
2026-04-24,000333,10:58:36,79.7800,220,2
2026-04-24,000333,10:58:39,79.7900,21,1
2026-04-24,000333,10:58:42,79.7700,12,2
2026-04-24,000333,10:58:45,79.7800,1,1
2026-04-24,000333,10:58:48,79.7700,86,2
2026-04-24,000333,10:58:51,79.7600,9,2
2026-04-24,000333,10:58:54,79.7800,39,1
2026-04-24,000333,10:58:57,79.7800,23,2
2026-04-24,000333,10:59:03,79.7800,5,2
2026-04-24,000333,10:59:06,79.7800,55,2
2026-04-24,000333,10:59:09,79.7800,9,2
2026-04-24,000333,10:59:12,79.8000,19,1
2026-04-24,000333,10:59:15,79.8000,19,2
2026-04-24,000333,10:59:18,79.8200,51,1
2026-04-24,000333,10:59:21,79.8300,18,1
2026-04-24,000333,10:59:24,79.8100,9,2
2026-04-24,000333,10:59:27,79.8100,23,2
2026-04-24,000333,10:59:30,79.8100,91,2
2026-04-24,000333,10:59:33,79.8100,15,1
2026-04-24,000333,10:59:36,79.8100,6,2
2026-04-24,000333,10:59:42,79.8100,8,2
2026-04-24,000333,10:59:45,79.8100,13,2
2026-04-24,000333,10:59:48,79.8000,11,2
2026-04-24,000333,10:59:51,79.8100,17,1
2026-04-24,000333,10:59:54,79.8100,31,1
2026-04-24,000333,11:00:00,79.8000,24,2
2026-04-24,000333,11:00:03,79.8200,1,1
2026-04-24,000333,11:00:06,79.8000,36,2
2026-04-24,000333,11:00:09,79.8000,19,2
2026-04-24,000333,11:00:12,79.8200,21,1
2026-04-24,000333,11:00:15,79.8000,9,2
2026-04-24,000333,11:00:18,79.8000,13,2
2026-04-24,000333,11:00:21,79.8000,279,2
2026-04-24,000333,11:00:24,79.8100,47,2
2026-04-24,000333,11:00:27,79.8000,20,2
2026-04-24,000333,11:00:30,79.8100,14,1
2026-04-24,000333,11:00:36,79.8100,5,1
2026-04-24,000333,11:00:39,79.8000,10,2
2026-04-24,000333,11:00:42,79.7800,56,2
2026-04-24,000333,11:00:45,79.7900,18,2
2026-04-24,000333,11:00:48,79.8100,3,1
2026-04-24,000333,11:00:51,79.7900,11,2
2026-04-24,000333,11:00:54,79.7800,25,2
2026-04-24,000333,11:00:57,79.7800,6,2
2026-04-24,000333,11:01:00,79.8200,97,1
2026-04-24,000333,11:01:03,79.8000,66,4
2026-04-24,000333,11:01:06,79.8000,54,2
2026-04-24,000333,11:01:09,79.7900,39,2
2026-04-24,000333,11:01:12,79.7900,26,2
2026-04-24,000333,11:01:15,79.7900,23,2
2026-04-24,000333,11:01:18,79.7900,3,2
2026-04-24,000333,11:01:21,79.7900,10,2
2026-04-24,000333,11:01:24,79.8100,4,1
2026-04-24,000333,11:01:27,79.8000,23,2
2026-04-24,000333,11:01:30,79.8300,17,1
2026-04-24,000333,11:01:33,79.8000,15,2
2026-04-24,000333,11:01:36,79.8300,24,1
2026-04-24,000333,11:01:39,79.8200,84,2
2026-04-24,000333,11:01:42,79.8300,11,1
2026-04-24,000333,11:01:45,79.8400,37,2
2026-04-24,000333,11:01:48,79.8600,71,1
2026-04-24,000333,11:01:51,79.8700,6,1
2026-04-24,000333,11:01:54,79.8800,375,1
2026-04-24,000333,11:01:57,79.8700,61,2
2026-04-24,000333,11:02:00,79.8800,4,1
2026-04-24,000333,11:02:03,79.8800,53,1
2026-04-24,000333,11:02:06,79.8800,7,1
2026-04-24,000333,11:02:09,79.8400,118,2
2026-04-24,000333,11:02:12,79.8400,7,2
2026-04-24,000333,11:02:15,79.8000,81,2
2026-04-24,000333,11:02:18,79.8400,20,1
2026-04-24,000333,11:02:21,79.8300,3,4
2026-04-24,000333,11:02:24,79.8200,15,2
2026-04-24,000333,11:02:27,79.8300,16,1
2026-04-24,000333,11:02:30,79.8300,5,1
2026-04-24,000333,11:02:33,79.8300,32,1
2026-04-24,000333,11:02:36,79.8300,15,1
2026-04-24,000333,11:02:39,79.8400,15,1
2026-04-24,000333,11:02:42,79.8300,2,2
2026-04-24,000333,11:02:45,79.8300,16,2
2026-04-24,000333,11:02:48,79.8200,8,2
2026-04-24,000333,11:02:51,79.8300,14,1
2026-04-24,000333,11:02:54,79.8200,1,2
2026-04-24,000333,11:02:57,79.8200,18,2
2026-04-24,000333,11:03:00,79.8500,8,1
2026-04-24,000333,11:03:03,79.8300,2,1
2026-04-24,000333,11:03:06,79.8400,12,1
2026-04-24,000333,11:03:09,79.8400,9,1
2026-04-24,000333,11:03:12,79.8200,24,2
2026-04-24,000333,11:03:15,79.8300,24,2
2026-04-24,000333,11:03:18,79.8300,1,1
2026-04-24,000333,11:03:21,79.8300,33,1
2026-04-24,000333,11:03:24,79.8300,23,2
2026-04-24,000333,11:03:27,79.8300,1,2
2026-04-24,000333,11:03:30,79.8300,10,2
2026-04-24,000333,11:03:33,79.8100,9,2
2026-04-24,000333,11:03:36,79.8000,31,2
2026-04-24,000333,11:03:39,79.8000,2,2
2026-04-24,000333,11:03:42,79.8000,21,2
2026-04-24,000333,11:03:48,79.8000,20,2
2026-04-24,000333,11:03:51,79.8100,9,1
2026-04-24,000333,11:03:54,79.8100,23,1
2026-04-24,000333,11:03:57,79.8100,2,2
2026-04-24,000333,11:04:00,79.8100,8,2
2026-04-24,000333,11:04:03,79.8200,11,1
2026-04-24,000333,11:04:06,79.8100,24,2
2026-04-24,000333,11:04:09,79.8000,79,2
2026-04-24,000333,11:04:12,79.8000,18,2
2026-04-24,000333,11:04:15,79.8000,56,2
2026-04-24,000333,11:04:18,79.8300,16,1
2026-04-24,000333,11:04:21,79.8200,6,1
2026-04-24,000333,11:04:24,79.8200,54,1
2026-04-24,000333,11:04:27,79.8200,8,2
2026-04-24,000333,11:04:30,79.8300,29,4
2026-04-24,000333,11:04:33,79.8200,7,2
2026-04-24,000333,11:04:36,79.8200,17,2
2026-04-24,000333,11:04:39,79.8300,39,1
2026-04-24,000333,11:04:42,79.8100,26,2
2026-04-24,000333,11:04:45,79.8600,127,1
2026-04-24,000333,11:04:48,79.8200,73,2
2026-04-24,000333,11:04:51,79.8600,13,1
2026-04-24,000333,11:04:54,79.8600,15,1
2026-04-24,000333,11:04:57,79.8500,33,2
2026-04-24,000333,11:05:00,79.8400,11,2
2026-04-24,000333,11:05:03,79.8300,25,2
2026-04-24,000333,11:05:06,79.8700,19,1
2026-04-24,000333,11:05:09,79.8500,23,1
2026-04-24,000333,11:05:12,79.8500,10,1
2026-04-24,000333,11:05:15,79.8400,5,1
2026-04-24,000333,11:05:18,79.8500,4,1
2026-04-24,000333,11:05:21,79.8500,20,1
2026-04-24,000333,11:05:24,79.8600,32,1
2026-04-24,000333,11:05:27,79.8300,75,2
2026-04-24,000333,11:05:30,79.8300,8,4
2026-04-24,000333,11:05:33,79.8300,26,1
2026-04-24,000333,11:05:36,79.8300,9,1
2026-04-24,000333,11:05:39,79.8300,55,2
2026-04-24,000333,11:05:42,79.8200,39,2
2026-04-24,000333,11:05:45,79.8400,5,1
2026-04-24,000333,11:05:48,79.8400,2,1
2026-04-24,000333,11:05:51,79.8300,3,2
2026-04-24,000333,11:05:54,79.8300,13,2
2026-04-24,000333,11:05:57,79.8400,21,1
2026-04-24,000333,11:06:03,79.8300,1,2
2026-04-24,000333,11:06:06,79.8300,20,2
2026-04-24,000333,11:06:09,79.8300,16,1
2026-04-24,000333,11:06:12,79.8200,11,2
2026-04-24,000333,11:06:18,79.8300,7,1
2026-04-24,000333,11:06:21,79.8300,13,4
2026-04-24,000333,11:06:24,79.8400,8,1
2026-04-24,000333,11:06:27,79.8300,11,2
2026-04-24,000333,11:06:30,79.8300,23,2
2026-04-24,000333,11:06:33,79.8300,40,2
2026-04-24,000333,11:06:36,79.8400,1,4
2026-04-24,000333,11:06:39,79.8500,12,1
2026-04-24,000333,11:06:42,79.8400,15,2
2026-04-24,000333,11:06:45,79.8500,9,1
2026-04-24,000333,11:06:48,79.8500,5,1
2026-04-24,000333,11:06:51,79.8500,6,1
2026-04-24,000333,11:06:54,79.8500,2,1
2026-04-24,000333,11:06:57,79.8500,22,2
2026-04-24,000333,11:07:00,79.8500,9,2
2026-04-24,000333,11:07:03,79.8400,47,2
2026-04-24,000333,11:07:06,79.8300,32,2
2026-04-24,000333,11:07:09,79.8800,69,1
2026-04-24,000333,11:07:12,79.8700,109,1
2026-04-24,000333,11:07:15,79.8600,18,2
2026-04-24,000333,11:07:18,79.8600,62,1
2026-04-24,000333,11:07:21,79.8800,12,1
2026-04-24,000333,11:07:24,79.8700,37,2
2026-04-24,000333,11:07:27,79.8600,12,2
2026-04-24,000333,11:07:30,79.8600,4,2
2026-04-24,000333,11:07:33,79.8700,14,1
2026-04-24,000333,11:07:36,79.8700,12,1
2026-04-24,000333,11:07:39,79.8600,48,2
2026-04-24,000333,11:07:42,79.8600,5,2
2026-04-24,000333,11:07:45,79.8600,2,2
2026-04-24,000333,11:07:48,79.8700,73,1
2026-04-24,000333,11:07:51,79.8600,32,2
2026-04-24,000333,11:07:54,79.8600,22,2
2026-04-24,000333,11:07:57,79.8600,48,1
2026-04-24,000333,11:08:00,79.8600,11,1
2026-04-24,000333,11:08:03,79.8600,14,1
2026-04-24,000333,11:08:06,79.8600,50,1
2026-04-24,000333,11:08:09,79.8400,27,2
2026-04-24,000333,11:08:12,79.8500,1,2
2026-04-24,000333,11:08:18,79.8500,2,1
2026-04-24,000333,11:08:21,79.8400,21,2
2026-04-24,000333,11:08:24,79.8500,2,1
2026-04-24,000333,11:08:27,79.8500,32,2
2026-04-24,000333,11:08:30,79.8600,16,1
2026-04-24,000333,11:08:33,79.8500,8,4
2026-04-24,000333,11:08:36,79.8400,38,2
2026-04-24,000333,11:08:39,79.8200,79,2
2026-04-24,000333,11:08:42,79.8100,1,2
2026-04-24,000333,11:08:45,79.8400,40,1
2026-04-24,000333,11:08:48,79.8400,32,2
2026-04-24,000333,11:08:51,79.8500,7,1
2026-04-24,000333,11:08:54,79.8600,3,1
2026-04-24,000333,11:08:57,79.8500,16,2
2026-04-24,000333,11:09:00,79.8600,33,1
2026-04-24,000333,11:09:03,79.8600,4,1
2026-04-24,000333,11:09:06,79.8600,2,1
2026-04-24,000333,11:09:09,79.8500,22,2
2026-04-24,000333,11:09:12,79.8400,12,2
2026-04-24,000333,11:09:15,79.8500,13,1
2026-04-24,000333,11:09:18,79.8500,12,1
2026-04-24,000333,11:09:21,79.8700,28,1
2026-04-24,000333,11:09:24,79.8700,102,1
2026-04-24,000333,11:09:27,79.8900,2,1
2026-04-24,000333,11:09:30,79.9000,33,1
2026-04-24,000333,11:09:33,79.9000,32,1
2026-04-24,000333,11:09:36,79.9000,28,1
2026-04-24,000333,11:09:39,79.8800,1,2
2026-04-24,000333,11:09:42,79.8800,26,2
2026-04-24,000333,11:09:45,79.8700,2,2
2026-04-24,000333,11:09:48,79.8700,47,2
2026-04-24,000333,11:09:51,79.8700,1,2
2026-04-24,000333,11:09:54,79.8700,19,2
2026-04-24,000333,11:09:57,79.8900,12,1
2026-04-24,000333,11:10:00,79.8700,11,2
2026-04-24,000333,11:10:03,79.8600,17,2
2026-04-24,000333,11:10:06,79.8500,29,2
2026-04-24,000333,11:10:09,79.8400,6,2
2026-04-24,000333,11:10:12,79.8600,84,1
2026-04-24,000333,11:10:15,79.8800,17,1
2026-04-24,000333,11:10:21,79.8600,29,2
2026-04-24,000333,11:10:24,79.8500,9,2
2026-04-24,000333,11:10:27,79.8600,2,1
2026-04-24,000333,11:10:30,79.8600,10,1
2026-04-24,000333,11:10:33,79.8700,15,1
2026-04-24,000333,11:10:36,79.8500,4,2
2026-04-24,000333,11:10:39,79.8500,18,2
2026-04-24,000333,11:10:45,79.8500,9,1
2026-04-24,000333,11:10:48,79.8500,9,1
2026-04-24,000333,11:10:51,79.8400,87,2
2026-04-24,000333,11:10:54,79.8400,12,4
2026-04-24,000333,11:10:57,79.8500,19,1
2026-04-24,000333,11:11:00,79.8400,5,2
2026-04-24,000333,11:11:03,79.8300,20,2
2026-04-24,000333,11:11:09,79.8600,68,1
2026-04-24,000333,11:11:12,79.8600,54,2
2026-04-24,000333,11:11:15,79.8300,15,2
2026-04-24,000333,11:11:18,79.8300,49,2
2026-04-24,000333,11:11:21,79.8200,13,2
2026-04-24,000333,11:11:24,79.8500,35,1
2026-04-24,000333,11:11:27,79.8500,6,2
2026-04-24,000333,11:11:30,79.8500,6,2
2026-04-24,000333,11:11:33,79.8600,27,1
2026-04-24,000333,11:11:36,79.8300,4,2
2026-04-24,000333,11:11:39,79.8400,2,2
2026-04-24,000333,11:11:42,79.8300,4,2
2026-04-24,000333,11:11:45,79.8500,6,1
2026-04-24,000333,11:11:48,79.8300,7,2
2026-04-24,000333,11:11:51,79.8400,13,1
2026-04-24,000333,11:11:54,79.8400,2,1
2026-04-24,000333,11:11:57,79.8500,3,1
2026-04-24,000333,11:12:00,79.8600,86,1
2026-04-24,000333,11:12:03,79.8400,4,2
2026-04-24,000333,11:12:06,79.8300,31,2
2026-04-24,000333,11:12:09,79.8500,10,1
2026-04-24,000333,11:12:12,79.8400,20,1
2026-04-24,000333,11:12:15,79.8400,13,1
2026-04-24,000333,11:12:18,79.8400,12,1
2026-04-24,000333,11:12:21,79.8400,10,4
2026-04-24,000333,11:12:24,79.8400,22,2
2026-04-24,000333,11:12:27,79.8400,19,2
2026-04-24,000333,11:12:33,79.8500,66,1
2026-04-24,000333,11:12:36,79.8600,26,4
2026-04-24,000333,11:12:39,79.8500,6,2
2026-04-24,000333,11:12:45,79.8700,24,1
2026-04-24,000333,11:12:48,79.8800,12,1
2026-04-24,000333,11:12:51,79.8700,4,1
2026-04-24,000333,11:12:54,79.8700,10,1
2026-04-24,000333,11:12:57,79.8800,46,1
2026-04-24,000333,11:13:00,79.8800,23,1
2026-04-24,000333,11:13:06,79.8700,3,1
2026-04-24,000333,11:13:09,79.8500,51,2
2026-04-24,000333,11:13:12,79.8500,12,1
2026-04-24,000333,11:13:15,79.8400,25,2
2026-04-24,000333,11:13:18,79.8500,15,1
2026-04-24,000333,11:13:21,79.8400,17,2
2026-04-24,000333,11:13:24,79.8400,4,2
2026-04-24,000333,11:13:27,79.8500,4,1
2026-04-24,000333,11:13:30,79.8400,10,2
2026-04-24,000333,11:13:33,79.8400,11,2
2026-04-24,000333,11:13:36,79.8400,12,2
2026-04-24,000333,11:13:39,79.8400,1,2
2026-04-24,000333,11:13:42,79.8600,79,1
2026-04-24,000333,11:13:45,79.8400,16,2
2026-04-24,000333,11:13:51,79.8400,62,2
2026-04-24,000333,11:13:54,79.8600,9,1
2026-04-24,000333,11:13:57,79.8600,15,1
2026-04-24,000333,11:14:00,79.8600,1,1
2026-04-24,000333,11:14:03,79.8400,121,2
2026-04-24,000333,11:14:06,79.8100,89,2
2026-04-24,000333,11:14:09,79.8600,12,1
2026-04-24,000333,11:14:12,79.8400,4,1
2026-04-24,000333,11:14:15,79.8200,11,2
2026-04-24,000333,11:14:18,79.8400,20,1
2026-04-24,000333,11:14:24,79.8300,88,1
2026-04-24,000333,11:14:27,79.8000,31,2
2026-04-24,000333,11:14:30,79.8200,7,2
2026-04-24,000333,11:14:33,79.8200,63,2
2026-04-24,000333,11:14:42,79.8500,8,1
2026-04-24,000333,11:14:45,79.8500,1,1
2026-04-24,000333,11:14:48,79.8400,16,2
2026-04-24,000333,11:14:51,79.8400,21,1
2026-04-24,000333,11:14:54,79.8400,8,2
2026-04-24,000333,11:14:57,79.8400,9,2
2026-04-24,000333,11:15:00,79.8500,6,1
2026-04-24,000333,11:15:03,79.8400,24,2
2026-04-24,000333,11:15:06,79.8500,15,1
2026-04-24,000333,11:15:09,79.8400,15,2
2026-04-24,000333,11:15:12,79.8600,23,1
2026-04-24,000333,11:15:15,79.8600,3,2
2026-04-24,000333,11:15:18,79.8700,24,1
2026-04-24,000333,11:15:21,79.8700,5,1
2026-04-24,000333,11:15:27,79.8700,14,2
2026-04-24,000333,11:15:30,79.8700,27,2
2026-04-24,000333,11:15:33,79.8700,23,1
2026-04-24,000333,11:15:36,79.8700,33,1
2026-04-24,000333,11:15:39,79.8600,13,2
2026-04-24,000333,11:15:42,79.8600,94,2
2026-04-24,000333,11:15:48,79.8600,43,2
2026-04-24,000333,11:15:51,79.8700,11,1
2026-04-24,000333,11:15:54,79.8500,33,2
2026-04-24,000333,11:16:00,79.8600,54,1
2026-04-24,000333,11:16:03,79.8500,42,2
2026-04-24,000333,11:16:09,79.8500,17,1
2026-04-24,000333,11:16:12,79.8200,3,2
2026-04-24,000333,11:16:15,79.8400,7,1
2026-04-24,000333,11:16:18,79.8200,28,2
2026-04-24,000333,11:16:21,79.8100,179,2
2026-04-24,000333,11:16:24,79.8100,65,1
2026-04-24,000333,11:16:27,79.8500,71,1
2026-04-24,000333,11:16:33,79.8000,28,2
2026-04-24,000333,11:16:36,79.8100,14,2
2026-04-24,000333,11:16:39,79.8200,16,1
2026-04-24,000333,11:16:45,79.8100,3,2
2026-04-24,000333,11:16:48,79.8200,13,1
2026-04-24,000333,11:16:51,79.8100,11,2
2026-04-24,000333,11:16:54,79.8100,15,4
2026-04-24,000333,11:16:57,79.8700,47,1
2026-04-24,000333,11:17:00,79.8700,33,2
2026-04-24,000333,11:17:03,79.8900,33,1
2026-04-24,000333,11:17:06,79.9000,27,1
2026-04-24,000333,11:17:09,79.9000,57,1
2026-04-24,000333,11:17:12,79.9000,3,2
2026-04-24,000333,11:17:15,79.9000,47,2
2026-04-24,000333,11:17:18,79.8900,1,2
2026-04-24,000333,11:17:21,79.8900,14,2
2026-04-24,000333,11:17:24,79.9100,19,1
2026-04-24,000333,11:17:27,79.8900,14,2
2026-04-24,000333,11:17:30,79.9000,7,1
2026-04-24,000333,11:17:33,79.8800,18,2
2026-04-24,000333,11:17:36,79.8900,2,1
2026-04-24,000333,11:17:39,79.8800,17,2
2026-04-24,000333,11:17:42,79.8900,8,1
2026-04-24,000333,11:17:45,79.8900,7,2
2026-04-24,000333,11:17:48,79.8900,17,2
2026-04-24,000333,11:17:51,79.9100,11,1
2026-04-24,000333,11:17:54,79.9100,24,1
2026-04-24,000333,11:17:57,79.8900,3,2
2026-04-24,000333,11:18:00,79.9000,13,2
2026-04-24,000333,11:18:03,79.9000,16,2
2026-04-24,000333,11:18:06,79.8600,64,2
2026-04-24,000333,11:18:09,79.8600,27,2
2026-04-24,000333,11:18:12,79.9100,10,1
2026-04-24,000333,11:18:15,79.8700,17,2
2026-04-24,000333,11:18:18,79.8700,12,2
2026-04-24,000333,11:18:21,79.8700,14,2
2026-04-24,000333,11:18:24,79.9200,10,1
2026-04-24,000333,11:18:27,79.8700,14,2
2026-04-24,000333,11:18:30,79.9400,19,1
2026-04-24,000333,11:18:33,79.8600,8,2
2026-04-24,000333,11:18:36,79.9300,12,1
2026-04-24,000333,11:18:39,79.8700,1,2
