date,code,time,price,volume,bs
2026-05-07,000001,14:05:30,11.3700,5740,1
2026-05-07,000001,14:05:33,11.3600,329,2
2026-05-07,000001,14:05:36,11.3700,318,1
2026-05-07,000001,14:05:39,11.3700,449,1
2026-05-07,000001,14:05:42,11.3700,641,1
2026-05-07,000001,14:05:45,11.3700,127,1
2026-05-07,000001,14:05:48,11.3700,135,1
2026-05-07,000001,14:05:51,11.3600,223,2
2026-05-07,000001,14:05:54,11.3700,490,1
2026-05-07,000001,14:05:57,11.3700,89,1
2026-05-07,000001,14:06:00,11.3700,1296,1
2026-05-07,000001,14:06:03,11.3700,100,1
2026-05-07,000001,14:06:06,11.3600,1728,2
2026-05-07,000001,14:06:09,11.3600,264,2
2026-05-07,000001,14:06:12,11.3600,26,2
2026-05-07,000001,14:06:15,11.3700,3,1
2026-05-07,000001,14:06:18,11.3700,26,1
2026-05-07,000001,14:06:21,11.3600,780,2
2026-05-07,000001,14:06:24,11.3600,549,1
2026-05-07,000001,14:06:27,11.3600,202,1
2026-05-07,000001,14:06:30,11.3600,28,2
2026-05-07,000001,14:06:33,11.3600,112,2
2026-05-07,000001,14:06:36,11.3600,129,1
2026-05-07,000001,14:06:39,11.3600,350,1
2026-05-07,000001,14:06:42,11.3600,186,2
2026-05-07,000001,14:06:45,11.3500,91,2
2026-05-07,000001,14:06:48,11.3600,76,1
2026-05-07,000001,14:06:51,11.3700,168,1
2026-05-07,000001,14:06:54,11.3500,28,2
2026-05-07,000001,14:06:57,11.3500,62,2
2026-05-07,000001,14:07:00,11.3600,139,1
2026-05-07,000001,14:07:03,11.3600,21,1
2026-05-07,000001,14:07:06,11.3600,34,1
2026-05-07,000001,14:07:09,11.3500,29,2
2026-05-07,000001,14:07:15,11.3600,1,1
2026-05-07,000001,14:07:18,11.3500,47,2
2026-05-07,000001,14:07:21,11.3500,74,2
2026-05-07,000001,14:07:24,11.3500,26,2
2026-05-07,000001,14:07:27,11.3500,128,2
2026-05-07,000001,14:07:30,11.3500,167,2
2026-05-07,000001,14:07:33,11.3600,163,1
2026-05-07,000001,14:07:36,11.3600,94,1
2026-05-07,000001,14:07:39,11.3500,52,2
2026-05-07,000001,14:07:42,11.3500,27,2
2026-05-07,000001,14:07:45,11.3600,69,1
2026-05-07,000001,14:07:48,11.3600,29,1
2026-05-07,000001,14:07:57,11.3500,29,2
2026-05-07,000001,14:08:00,11.3500,18,2
2026-05-07,000001,14:08:03,11.3500,41,2
2026-05-07,000001,14:08:06,11.3500,117,2
2026-05-07,000001,14:08:09,11.3500,44,2
2026-05-07,000001,14:08:12,11.3500,16,2
2026-05-07,000001,14:08:18,11.3500,27,2
2026-05-07,000001,14:08:21,11.3500,47,2
2026-05-07,000001,14:08:24,11.3600,3,1
2026-05-07,000001,14:08:27,11.3600,5,1
2026-05-07,000001,14:08:30,11.3500,41,2
2026-05-07,000001,14:08:33,11.3500,166,2
2026-05-07,000001,14:08:36,11.3500,123,2
2026-05-07,000001,14:08:39,11.3500,554,2
2026-05-07,000001,14:08:42,11.3500,171,2
2026-05-07,000001,14:08:45,11.3500,143,2
2026-05-07,000001,14:08:48,11.3500,28,2
2026-05-07,000001,14:08:51,11.3500,15,2
2026-05-07,000001,14:08:54,11.3500,517,2
2026-05-07,000001,14:08:57,11.3600,100,1
2026-05-07,000001,14:09:00,11.3500,48,2
2026-05-07,000001,14:09:06,11.3600,125,1
2026-05-07,000001,14:09:09,11.3500,36,2
2026-05-07,000001,14:09:15,11.3500,27,2
2026-05-07,000001,14:09:18,11.3500,23,2
2026-05-07,000001,14:09:21,11.3500,28,2
2026-05-07,000001,14:09:24,11.3500,96,2
2026-05-07,000001,14:09:27,11.3500,5,2
2026-05-07,000001,14:09:30,11.3600,41,1
2026-05-07,000001,14:09:33,11.3500,87,2
2026-05-07,000001,14:09:39,11.3500,95,2
2026-05-07,000001,14:09:42,11.3500,29,2
2026-05-07,000001,14:09:45,11.3500,54,2
2026-05-07,000001,14:09:48,11.3500,139,2
2026-05-07,000001,14:09:51,11.3500,14,2
2026-05-07,000001,14:09:54,11.3500,2796,2
2026-05-07,000001,14:09:57,11.3500,51,2
2026-05-07,000001,14:10:00,11.3500,6,2
2026-05-07,000001,14:10:03,11.3600,51,1
2026-05-07,000001,14:10:06,11.3500,169,2
2026-05-07,000001,14:10:09,11.3500,45,2
2026-05-07,000001,14:10:12,11.3500,52,2
2026-05-07,000001,14:10:15,11.3600,119,1
2026-05-07,000001,14:10:18,11.3600,176,1
2026-05-07,000001,14:10:21,11.3500,35,2
2026-05-07,000001,14:10:24,11.3500,98,2
2026-05-07,000001,14:10:27,11.3500,995,2
2026-05-07,000001,14:10:30,11.3500,34,2
2026-05-07,000001,14:10:33,11.3600,321,1
2026-05-07,000001,14:10:36,11.3500,74,2
2026-05-07,000001,14:10:39,11.3500,55,2
2026-05-07,000001,14:10:42,11.3600,34,1
2026-05-07,000001,14:10:45,11.3500,76,2
2026-05-07,000001,14:10:48,11.3500,23,2
2026-05-07,000001,14:10:51,11.3500,84,2
2026-05-07,000001,14:10:54,11.3500,50,2
2026-05-07,000001,14:10:57,11.3500,56,2
2026-05-07,000001,14:11:00,11.3600,31,1
2026-05-07,000001,14:11:03,11.3500,60,2
2026-05-07,000001,14:11:06,11.3600,28,1
2026-05-07,000001,14:11:09,11.3500,266,2
2026-05-07,000001,14:11:12,11.3600,16,1
2026-05-07,000001,14:11:15,11.3500,12,2
2026-05-07,000001,14:11:21,11.3500,42,2
2026-05-07,000001,14:11:27,11.3500,31,2
2026-05-07,000001,14:11:30,11.3600,37,1
2026-05-07,000001,14:11:33,11.3600,68,1
2026-05-07,000001,14:11:36,11.3600,1,1
2026-05-07,000001,14:11:39,11.3600,38,1
2026-05-07,000001,14:11:42,11.3500,38,2
2026-05-07,000001,14:11:45,11.3600,110,1
2026-05-07,000001,14:11:48,11.3500,41,2
2026-05-07,000001,14:11:51,11.3500,12,2
2026-05-07,000001,14:11:54,11.3500,38,2
2026-05-07,000001,14:11:57,11.3500,94,2
2026-05-07,000001,14:12:00,11.3500,1165,2
2026-05-07,000001,14:12:03,11.3600,197,1
2026-05-07,000001,14:12:06,11.3500,15,2
2026-05-07,000001,14:12:09,11.3500,148,2
2026-05-07,000001,14:12:12,11.3500,77,2
2026-05-07,000001,14:12:15,11.3500,16,2
2026-05-07,000001,14:12:21,11.3500,29,2
2026-05-07,000001,14:12:24,11.3600,903,1
2026-05-07,000001,14:12:27,11.3600,1629,1
2026-05-07,000001,14:12:30,11.3600,579,1
2026-05-07,000001,14:12:33,11.3600,55,1
2026-05-07,000001,14:12:36,11.3500,42,2
2026-05-07,000001,14:12:39,11.3500,233,2
2026-05-07,000001,14:12:42,11.3600,21,1
2026-05-07,000001,14:12:45,11.3500,83,2
2026-05-07,000001,14:12:48,11.3500,16,2
2026-05-07,000001,14:12:51,11.3500,72,2
2026-05-07,000001,14:12:54,11.3500,17,2
2026-05-07,000001,14:12:57,11.3600,378,1
2026-05-07,000001,14:13:00,11.3600,1,1
2026-05-07,000001,14:13:03,11.3500,159,2
2026-05-07,000001,14:13:06,11.3600,44,1
2026-05-07,000001,14:13:09,11.3600,38,1
2026-05-07,000001,14:13:12,11.3500,45,2
2026-05-07,000001,14:13:15,11.3500,10,2
2026-05-07,000001,14:13:18,11.3500,20,2
2026-05-07,000001,14:13:21,11.3500,43,2
2026-05-07,000001,14:13:24,11.3500,6,2
2026-05-07,000001,14:13:27,11.3500,13,2
2026-05-07,000001,14:13:30,11.3600,1,1
2026-05-07,000001,14:13:33,11.3500,60,2
2026-05-07,000001,14:13:36,11.3600,116,1
2026-05-07,000001,14:13:39,11.3600,3,1
2026-05-07,000001,14:13:45,11.3500,72,2
2026-05-07,000001,14:13:48,11.3600,10,1
2026-05-07,000001,14:13:54,11.3500,32,2
2026-05-07,000001,14:13:57,11.3500,29,2
2026-05-07,000001,14:14:00,11.3500,62,2
2026-05-07,000001,14:14:06,11.3600,21,1
2026-05-07,000001,14:14:09,11.3500,29,2
2026-05-07,000001,14:14:12,11.3600,7,1
2026-05-07,000001,14:14:15,11.3600,8,1
2026-05-07,000001,14:14:21,11.3500,29,2
2026-05-07,000001,14:14:27,11.3500,14,2
2026-05-07,000001,14:14:33,11.3500,56,2
2026-05-07,000001,14:14:39,11.3500,51,2
2026-05-07,000001,14:14:42,11.3500,28,2
2026-05-07,000001,14:14:45,11.3500,58,2
2026-05-07,000001,14:14:48,11.3500,7,2
2026-05-07,000001,14:14:51,11.3500,234,2
2026-05-07,000001,14:14:54,11.3600,37,1
2026-05-07,000001,14:14:57,11.3500,31,2
2026-05-07,000001,14:15:00,11.3600,33,1
2026-05-07,000001,14:15:03,11.3500,52,2
2026-05-07,000001,14:15:06,11.3500,119,2
2026-05-07,000001,14:15:09,11.3500,100,2
2026-05-07,000001,14:15:12,11.3500,83,2
2026-05-07,000001,14:15:15,11.3500,137,2
2026-05-07,000001,14:15:18,11.3500,385,2
2026-05-07,000001,14:15:21,11.3600,62,1
2026-05-07,000001,14:15:24,11.3500,25,2
2026-05-07,000001,14:15:27,11.3600,72,1
2026-05-07,000001,14:15:30,11.3600,1,1
2026-05-07,000001,14:15:33,11.3500,47,2
2026-05-07,000001,14:15:39,11.3500,7,2
2026-05-07,000001,14:15:42,11.3500,17,2
2026-05-07,000001,14:15:45,11.3500,231,2
2026-05-07,000001,14:15:48,11.3600,69,1
2026-05-07,000001,14:15:51,11.3500,45,2
2026-05-07,000001,14:15:54,11.3500,73,2
2026-05-07,000001,14:15:57,11.3500,56,2
2026-05-07,000001,14:16:03,11.3500,128,2
2026-05-07,000001,14:16:06,11.3500,32,2
2026-05-07,000001,14:16:09,11.3500,94,2
2026-05-07,000001,14:16:12,11.3600,19,1
2026-05-07,000001,14:16:15,11.3500,48,2
2026-05-07,000001,14:16:18,11.3600,54,1
2026-05-07,000001,14:16:21,11.3500,128,2
2026-05-07,000001,14:16:24,11.3600,18,1
2026-05-07,000001,14:16:27,11.3600,24,1
2026-05-07,000001,14:16:30,11.3500,16,2
2026-05-07,000001,14:16:33,11.3600,103,1
2026-05-07,000001,14:16:36,11.3600,12,1
2026-05-07,000001,14:16:39,11.3600,73,1
2026-05-07,000001,14:16:42,11.3600,71,1
2026-05-07,000001,14:16:45,11.3500,28,2
2026-05-07,000001,14:16:48,11.3500,42,2
2026-05-07,000001,14:16:54,11.3600,313,1
2026-05-07,000001,14:16:57,11.3600,521,1
2026-05-07,000001,14:17:00,11.3500,65,2
2026-05-07,000001,14:17:03,11.3500,173,2
2026-05-07,000001,14:17:06,11.3600,65,1
2026-05-07,000001,14:17:09,11.3500,57,2
2026-05-07,000001,14:17:12,11.3500,16,2
2026-05-07,000001,14:17:15,11.3500,92,2
2026-05-07,000001,14:17:18,11.3600,130,1
2026-05-07,000001,14:17:21,11.3500,270,2
2026-05-07,000001,14:17:24,11.3500,154,2
2026-05-07,000001,14:17:27,11.3500,64,2
2026-05-07,000001,14:17:33,11.3500,47,2
2026-05-07,000001,14:17:36,11.3500,18,2
2026-05-07,000001,14:17:39,11.3500,28,2
2026-05-07,000001,14:17:42,11.3500,8,2
2026-05-07,000001,14:17:45,11.3500,30,2
2026-05-07,000001,14:17:48,11.3600,58,1
2026-05-07,000001,14:17:51,11.3500,11,2
2026-05-07,000001,14:17:54,11.3500,11,2
2026-05-07,000001,14:17:57,11.3600,69,1
2026-05-07,000001,14:18:00,11.3500,21,2
2026-05-07,000001,14:18:03,11.3600,13,1
2026-05-07,000001,14:18:06,11.3500,49,2
2026-05-07,000001,14:18:09,11.3500,133,2
2026-05-07,000001,14:18:12,11.3600,11,1
2026-05-07,000001,14:18:15,11.3500,59,2
2026-05-07,000001,14:18:21,11.3500,102,2
2026-05-07,000001,14:18:24,11.3600,278,1
2026-05-07,000001,14:18:27,11.3500,18,2
2026-05-07,000001,14:18:30,11.3600,30,1
2026-05-07,000001,14:18:33,11.3500,155,2
2026-05-07,000001,14:18:36,11.3500,52,2
2026-05-07,000001,14:18:39,11.3600,282,1
2026-05-07,000001,14:18:42,11.3500,49,2
2026-05-07,000001,14:18:45,11.3600,269,1
2026-05-07,000001,14:18:48,11.3600,28,1
2026-05-07,000001,14:18:51,11.3500,91,2
2026-05-07,000001,14:18:54,11.3600,29,1
2026-05-07,000001,14:18:57,11.3500,75,2
2026-05-07,000001,14:19:00,11.3500,67,2
2026-05-07,000001,14:19:03,11.3500,109,2
2026-05-07,000001,14:19:06,11.3500,44,2
2026-05-07,000001,14:19:09,11.3500,58,2
2026-05-07,000001,14:19:12,11.3500,48,2
2026-05-07,000001,14:19:15,11.3500,6,2
2026-05-07,000001,14:19:18,11.3500,3,2
2026-05-07,000001,14:19:21,11.3500,104,2
2026-05-07,000001,14:19:24,11.3500,16,2
2026-05-07,000001,14:19:27,11.3500,45,2
2026-05-07,000001,14:19:30,11.3600,55,1
2026-05-07,000001,14:19:33,11.3500,83,2
2026-05-07,000001,14:19:36,11.3600,1,1
2026-05-07,000001,14:19:39,11.3500,1,2
2026-05-07,000001,14:19:42,11.3500,3,2
2026-05-07,000001,14:19:45,11.3500,51,2
2026-05-07,000001,14:19:48,11.3500,16,2
2026-05-07,000001,14:19:51,11.3500,12,2
2026-05-07,000001,14:19:54,11.3500,15,2
2026-05-07,000001,14:19:57,11.3500,145,2
2026-05-07,000001,14:20:00,11.3600,57,1
2026-05-07,000001,14:20:03,11.3500,60,2
2026-05-07,000001,14:20:06,11.3500,42,2
2026-05-07,000001,14:20:09,11.3500,45,2
2026-05-07,000001,14:20:12,11.3500,64,2
2026-05-07,000001,14:20:15,11.3500,48,2
2026-05-07,000001,14:20:18,11.3500,58,2
2026-05-07,000001,14:20:21,11.3500,304,2
2026-05-07,000001,14:20:27,11.3600,98,1
2026-05-07,000001,14:20:30,11.3500,127,2
2026-05-07,000001,14:20:33,11.3500,37,2
2026-05-07,000001,14:20:36,11.3500,4,2
2026-05-07,000001,14:20:39,11.3600,68,1
2026-05-07,000001,14:20:42,11.3500,46,2
2026-05-07,000001,14:20:45,11.3500,50,2
2026-05-07,000001,14:20:48,11.3500,41,2
2026-05-07,000001,14:20:51,11.3600,33,1
2026-05-07,000001,14:20:54,11.3500,27,2
2026-05-07,000001,14:20:57,11.3500,42,2
2026-05-07,000001,14:21:00,11.3500,40,2
2026-05-07,000001,14:21:03,11.3600,49,1
2026-05-07,000001,14:21:06,11.3500,70,2
2026-05-07,000001,14:21:09,11.3500,54,2
2026-05-07,000001,14:21:12,11.3500,17,2
2026-05-07,000001,14:21:18,11.3600,28,1
2026-05-07,000001,14:21:21,11.3500,106,2
2026-05-07,000001,14:21:24,11.3500,33,2
2026-05-07,000001,14:21:27,11.3500,88,2
2026-05-07,000001,14:21:30,11.3500,20,2
2026-05-07,000001,14:21:33,11.3500,73,2
2026-05-07,000001,14:21:36,11.3600,18,1
2026-05-07,000001,14:21:39,11.3500,68,2
2026-05-07,000001,14:21:42,11.3500,20,2
2026-05-07,000001,14:21:45,11.3500,45,2
2026-05-07,000001,14:21:48,11.3600,12,1
2026-05-07,000001,14:21:51,11.3500,206,2
2026-05-07,000001,14:21:54,11.3600,5,1
2026-05-07,000001,14:21:57,11.3600,81,1
2026-05-07,000001,14:22:00,11.3500,31,2
2026-05-07,000001,14:22:03,11.3500,96,2
2026-05-07,000001,14:22:06,11.3500,55,2
2026-05-07,000001,14:22:09,11.3500,60,2
2026-05-07,000001,14:22:12,11.3600,12,1
2026-05-07,000001,14:22:15,11.3500,18,2
2026-05-07,000001,14:22:18,11.3500,44,2
2026-05-07,000001,14:22:21,11.3500,31,2
2026-05-07,000001,14:22:27,11.3600,295,1
2026-05-07,000001,14:22:30,11.3600,48,1
2026-05-07,000001,14:22:33,11.3500,138,2
2026-05-07,000001,14:22:36,11.3500,38,2
2026-05-07,000001,14:22:39,11.3500,90,2
2026-05-07,000001,14:22:42,11.3500,81,2
2026-05-07,000001,14:22:45,11.3500,191,2
2026-05-07,000001,14:22:48,11.3500,120,2
2026-05-07,000001,14:22:51,11.3500,76,2
2026-05-07,000001,14:22:54,11.3500,222,2
2026-05-07,000001,14:22:57,11.3500,88,2
2026-05-07,000001,14:23:00,11.3500,130,2
2026-05-07,000001,14:23:03,11.3600,29,1
2026-05-07,000001,14:23:06,11.3600,101,1
2026-05-07,000001,14:23:09,11.3500,108,2
2026-05-07,000001,14:23:12,11.3500,36,2
2026-05-07,000001,14:23:15,11.3600,340,1
2026-05-07,000001,14:23:18,11.3600,349,1
2026-05-07,000001,14:23:21,11.3500,93,2
2026-05-07,000001,14:23:24,11.3600,47,1
2026-05-07,000001,14:23:27,11.3500,129,2
2026-05-07,000001,14:23:30,11.3500,211,2
2026-05-07,000001,14:23:33,11.3500,45,2
2026-05-07,000001,14:23:36,11.3600,183,1
2026-05-07,000001,14:23:39,11.3500,72,2
2026-05-07,000001,14:23:42,11.3600,334,1
2026-05-07,000001,14:23:45,11.3600,58,1
2026-05-07,000001,14:23:48,11.3500,234,2
2026-05-07,000001,14:23:51,11.3500,56,2
2026-05-07,000001,14:23:54,11.3600,40,1
2026-05-07,000001,14:23:57,11.3500,90,2
2026-05-07,000001,14:24:00,11.3600,206,1
2026-05-07,000001,14:24:03,11.3500,80,2
2026-05-07,000001,14:24:06,11.3600,191,1
2026-05-07,000001,14:24:09,11.3500,39,2
2026-05-07,000001,14:24:12,11.3600,90,1
2026-05-07,000001,14:24:15,11.3500,29,2
2026-05-07,000001,14:24:18,11.3500,33,2
2026-05-07,000001,14:24:21,11.3600,92,1
2026-05-07,000001,14:24:24,11.3600,63,1
2026-05-07,000001,14:24:27,11.3600,214,1
2026-05-07,000001,14:24:30,11.3600,92,1
2026-05-07,000001,14:24:33,11.3500,103,2
2026-05-07,000001,14:24:36,11.3600,65,1
2026-05-07,000001,14:24:39,11.3600,108,1
2026-05-07,000001,14:24:42,11.3600,64,1
2026-05-07,000001,14:24:45,11.3500,93,2
2026-05-07,000001,14:24:48,11.3600,385,1
2026-05-07,000001,14:24:51,11.3600,1277,1
2026-05-07,000001,14:24:54,11.3600,94,1
2026-05-07,000001,14:24:57,11.3500,138,2
2026-05-07,000001,14:25:00,11.3500,7,2
2026-05-07,000001,14:25:03,11.3500,176,2
2026-05-07,000001,14:25:06,11.3500,162,2
2026-05-07,000001,14:25:09,11.3500,130,2
2026-05-07,000001,14:25:12,11.3500,92,2
2026-05-07,000001,14:25:15,11.3500,153,2
2026-05-07,000001,14:25:18,11.3600,68,1
2026-05-07,000001,14:25:21,11.3600,96,1
2026-05-07,000001,14:25:24,11.3600,5,1
2026-05-07,000001,14:25:27,11.3500,6,2
2026-05-07,000001,14:25:30,11.3500,3,2
2026-05-07,000001,14:25:33,11.3500,33,2
2026-05-07,000001,14:25:36,11.3500,5,2
2026-05-07,000001,14:25:39,11.3500,17,2
2026-05-07,000001,14:25:42,11.3500,1,2
2026-05-07,000001,14:25:45,11.3600,61,1
2026-05-07,000001,14:25:48,11.3500,255,2
2026-05-07,000001,14:25:51,11.3600,43,1
2026-05-07,000001,14:25:54,11.3600,105,1
2026-05-07,000001,14:25:57,11.3500,98,2
2026-05-07,000001,14:26:00,11.3500,16,2
2026-05-07,000001,14:26:03,11.3600,77,1
2026-05-07,000001,14:26:06,11.3500,124,2
2026-05-07,000001,14:26:09,11.3500,72,2
2026-05-07,000001,14:26:12,11.3500,17,2
2026-05-07,000001,14:26:15,11.3600,20,1
2026-05-07,000001,14:26:18,11.3600,27,1
2026-05-07,000001,14:26:21,11.3600,61,1
2026-05-07,000001,14:26:24,11.3600,12,1
2026-05-07,000001,14:26:27,11.3600,29,1
2026-05-07,000001,14:26:30,11.3600,14,1
2026-05-07,000001,14:26:33,11.3500,58,2
2026-05-07,000001,14:26:36,11.3500,10,2
2026-05-07,000001,14:26:39,11.3600,22,1
2026-05-07,000001,14:26:42,11.3600,553,1
2026-05-07,000001,14:26:45,11.3500,222,2
2026-05-07,000001,14:26:48,11.3600,38,1
2026-05-07,000001,14:26:51,11.3500,52,2
2026-05-07,000001,14:26:57,11.3500,300,2
2026-05-07,000001,14:27:00,11.3500,24,2
2026-05-07,000001,14:27:03,11.3500,237,2
2026-05-07,000001,14:27:06,11.3600,114,1
2026-05-07,000001,14:27:09,11.3500,178,2
2026-05-07,000001,14:27:12,11.3500,106,2
2026-05-07,000001,14:27:15,11.3500,36,2
2026-05-07,000001,14:27:18,11.3500,58,2
2026-05-07,000001,14:27:21,11.3500,58,2
2026-05-07,000001,14:27:24,11.3600,26,1
2026-05-07,000001,14:27:27,11.3500,48,2
2026-05-07,000001,14:27:30,11.3500,64,2
2026-05-07,000001,14:27:33,11.3500,59,2
2026-05-07,000001,14:27:39,11.3500,197,2
2026-05-07,000001,14:27:42,11.3600,7,1
2026-05-07,000001,14:27:45,11.3500,74,2
2026-05-07,000001,14:27:48,11.3500,2,2
2026-05-07,000001,14:27:51,11.3500,11,2
2026-05-07,000001,14:27:54,11.3500,86,2
2026-05-07,000001,14:27:57,11.3600,53,1
2026-05-07,000001,14:28:00,11.3500,185,2
2026-05-07,000001,14:28:03,11.3500,81,2
2026-05-07,000001,14:28:06,11.3500,193,2
2026-05-07,000001,14:28:09,11.3500,96,2
2026-05-07,000001,14:28:12,11.3500,3802,2
2026-05-07,000001,14:28:15,11.3500,1088,2
2026-05-07,000001,14:28:18,11.3500,458,2
2026-05-07,000001,14:28:21,11.3500,130,2
2026-05-07,000001,14:28:24,11.3500,571,2
2026-05-07,000001,14:28:27,11.3500,61,2
2026-05-07,000001,14:28:30,11.3500,122,2
2026-05-07,000001,14:28:33,11.3500,103,2
2026-05-07,000001,14:28:36,11.3600,244,1
2026-05-07,000001,14:28:39,11.3500,123,2
2026-05-07,000001,14:28:42,11.3500,62,2
2026-05-07,000001,14:28:45,11.3600,90,1
2026-05-07,000001,14:28:48,11.3500,18,2
2026-05-07,000001,14:28:51,11.3600,44,1
2026-05-07,000001,14:28:54,11.3600,45,1
2026-05-07,000001,14:28:57,11.3600,47,1
2026-05-07,000001,14:29:00,11.3500,207,2
2026-05-07,000001,14:29:03,11.3600,49,1
2026-05-07,000001,14:29:06,11.3500,230,2
2026-05-07,000001,14:29:09,11.3600,80,1
2026-05-07,000001,14:29:12,11.3500,48,2
2026-05-07,000001,14:29:18,11.3500,196,2
2026-05-07,000001,14:29:21,11.3500,55,2
2026-05-07,000001,14:29:27,11.3600,182,1
2026-05-07,000001,14:29:30,11.3600,3,1
2026-05-07,000001,14:29:33,11.3500,104,2
2026-05-07,000001,14:29:36,11.3500,818,2
2026-05-07,000001,14:29:39,11.3500,79,2
2026-05-07,000001,14:29:42,11.3500,43,2
2026-05-07,000001,14:29:45,11.3500,46,2
2026-05-07,000001,14:29:48,11.3600,27,1
2026-05-07,000001,14:29:51,11.3500,33,2
2026-05-07,000001,14:29:54,11.3500,37,2
2026-05-07,000001,14:29:57,11.3600,29,1
2026-05-07,000001,14:30:00,11.3600,7,1
2026-05-07,000001,14:30:03,11.3600,42,1
2026-05-07,000001,14:30:06,11.3500,24,2
2026-05-07,000001,14:30:09,11.3500,47,2
2026-05-07,000001,14:30:12,11.3500,1,2
2026-05-07,000001,14:30:15,11.3600,58,1
2026-05-07,000001,14:30:18,11.3600,300,1
2026-05-07,000001,14:30:21,11.3600,139,1
2026-05-07,000001,14:30:24,11.3500,63,2
2026-05-07,000001,14:30:27,11.3500,704,2
2026-05-07,000001,14:30:30,11.3600,29,1
2026-05-07,000001,14:30:33,11.3500,56,2
2026-05-07,000001,14:30:36,11.3600,9,1
2026-05-07,000001,14:30:39,11.3600,20,1
2026-05-07,000001,14:30:42,11.3500,290,2
2026-05-07,000001,14:30:45,11.3500,83,2
2026-05-07,000001,14:30:48,11.3500,55,2
2026-05-07,000001,14:30:51,11.3600,6,1
2026-05-07,000001,14:30:54,11.3500,13,2
2026-05-07,000001,14:30:57,11.3500,99,2
2026-05-07,000001,14:31:00,11.3600,271,1
2026-05-07,000001,14:31:03,11.3600,153,1
2026-05-07,000001,14:31:06,11.3500,276,2
2026-05-07,000001,14:31:09,11.3500,452,2
2026-05-07,000001,14:31:12,11.3500,377,2
2026-05-07,000001,14:31:15,11.3600,1487,1
2026-05-07,000001,14:31:18,11.3500,118,2
2026-05-07,000001,14:31:21,11.3500,174,2
2026-05-07,000001,14:31:24,11.3500,33,2
2026-05-07,000001,14:31:27,11.3500,25,2
2026-05-07,000001,14:31:30,11.3600,39,1
2026-05-07,000001,14:31:33,11.3600,412,1
2026-05-07,000001,14:31:36,11.3500,48,2
2026-05-07,000001,14:31:39,11.3500,49,2
2026-05-07,000001,14:31:42,11.3500,20,2
2026-05-07,000001,14:31:45,11.3500,37,2
2026-05-07,000001,14:31:48,11.3500,10,2
2026-05-07,000001,14:31:51,11.3600,6,1
2026-05-07,000001,14:31:54,11.3500,17,2
2026-05-07,000001,14:31:57,11.3500,247,2
2026-05-07,000001,14:32:00,11.3500,17,2
2026-05-07,000001,14:32:03,11.3600,104,1
2026-05-07,000001,14:32:06,11.3600,598,1
2026-05-07,000001,14:32:09,11.3500,525,2
2026-05-07,000001,14:32:12,11.3500,447,1
2026-05-07,000001,14:32:15,11.3500,956,2
2026-05-07,000001,14:32:18,11.3500,88,2
2026-05-07,000001,14:32:21,11.3500,113,2
2026-05-07,000001,14:32:24,11.3500,50,2
2026-05-07,000001,14:32:27,11.3500,224,2
2026-05-07,000001,14:32:30,11.3500,85,2
2026-05-07,000001,14:32:33,11.3600,228,1
2026-05-07,000001,14:32:36,11.3500,186,2
2026-05-07,000001,14:32:39,11.3500,1,2
2026-05-07,000001,14:32:42,11.3500,48,2
2026-05-07,000001,14:32:45,11.3500,44,2
2026-05-07,000001,14:32:48,11.3600,170,1
2026-05-07,000001,14:32:51,11.3500,137,2
2026-05-07,000001,14:32:54,11.3600,64,1
2026-05-07,000001,14:32:57,11.3500,104,2
2026-05-07,000001,14:33:00,11.3600,54,1
2026-05-07,000001,14:33:03,11.3500,24,2
2026-05-07,000001,14:33:06,11.3500,36,2
2026-05-07,000001,14:33:09,11.3500,123,2
2026-05-07,000001,14:33:12,11.3500,85,2
2026-05-07,000001,14:33:15,11.3500,60,2
2026-05-07,000001,14:33:18,11.3500,20,2
2026-05-07,000001,14:33:21,11.3600,42,1
2026-05-07,000001,14:33:24,11.3600,914,1
2026-05-07,000001,14:33:27,11.3600,62,1
2026-05-07,000001,14:33:30,11.3500,7,2
2026-05-07,000001,14:33:33,11.3500,304,2
2026-05-07,000001,14:33:36,11.3600,3,1
2026-05-07,000001,14:33:39,11.3500,54,2
2026-05-07,000001,14:33:42,11.3500,8,2
2026-05-07,000001,14:33:45,11.3500,177,2
2026-05-07,000001,14:33:51,11.3500,166,2
2026-05-07,000001,14:33:54,11.3500,71,2
2026-05-07,000001,14:33:57,11.3500,53,2
2026-05-07,000001,14:34:00,11.3500,21,2
2026-05-07,000001,14:34:03,11.3500,30,2
2026-05-07,000001,14:34:06,11.3500,137,2
2026-05-07,000001,14:34:09,11.3500,60,2
2026-05-07,000001,14:34:12,11.3500,35,2
2026-05-07,000001,14:34:15,11.3500,126,2
2026-05-07,000001,14:34:18,11.3500,25,2
2026-05-07,000001,14:34:21,11.3500,93,2
2026-05-07,000001,14:34:24,11.3500,343,2
2026-05-07,000001,14:34:27,11.3500,40,2
2026-05-07,000001,14:34:30,11.3600,31,1
2026-05-07,000001,14:34:33,11.3500,58,2
2026-05-07,000001,14:34:36,11.3500,30,2
2026-05-07,000001,14:34:39,11.3500,28,2
2026-05-07,000001,14:34:42,11.3500,32,2
2026-05-07,000001,14:34:45,11.3500,277,2
2026-05-07,000001,14:34:48,11.3500,26,2
2026-05-07,000001,14:34:51,11.3500,102,2
2026-05-07,000001,14:34:54,11.3500,63,2
2026-05-07,000001,14:34:57,11.3500,96,2
2026-05-07,000001,14:35:00,11.3500,894,2
2026-05-07,000001,14:35:03,11.3500,228,2
2026-05-07,000001,14:35:06,11.3500,38,2
2026-05-07,000001,14:35:09,11.3500,143,2
2026-05-07,000001,14:35:12,11.3500,10,2
2026-05-07,000001,14:35:15,11.3500,43,2
2026-05-07,000001,14:35:18,11.3500,76,2
2026-05-07,000001,14:35:21,11.3500,763,2
2026-05-07,000001,14:35:24,11.3500,156,2
2026-05-07,000001,14:35:27,11.3500,45,2
2026-05-07,000001,14:35:30,11.3500,97,2
2026-05-07,000001,14:35:33,11.3500,84,2
2026-05-07,000001,14:35:36,11.3500,26,2
2026-05-07,000001,14:35:39,11.3500,29,2
2026-05-07,000001,14:35:42,11.3500,43,2
2026-05-07,000001,14:35:45,11.3500,287,2
2026-05-07,000001,14:35:48,11.3500,16,2
2026-05-07,000001,14:35:51,11.3600,21,1
2026-05-07,000001,14:35:54,11.3500,17,2
2026-05-07,000001,14:35:57,11.3500,1566,2
2026-05-07,000001,14:36:00,11.3500,121,1
2026-05-07,000001,14:36:03,11.3400,201,2
2026-05-07,000001,14:36:06,11.3400,352,2
2026-05-07,000001,14:36:09,11.3400,1062,2
2026-05-07,000001,14:36:12,11.3400,272,2
2026-05-07,000001,14:36:15,11.3400,116,2
2026-05-07,000001,14:36:18,11.3600,1273,1
2026-05-07,000001,14:36:21,11.3500,202,1
2026-05-07,000001,14:36:24,11.3500,111,1
2026-05-07,000001,14:36:27,11.3500,90,1
2026-05-07,000001,14:36:30,11.3500,41,1
2026-05-07,000001,14:36:33,11.3400,118,2
2026-05-07,000001,14:36:36,11.3500,1000,1
2026-05-07,000001,14:36:39,11.3400,30,2
2026-05-07,000001,14:36:42,11.3500,24,1
2026-05-07,000001,14:36:45,11.3500,95,1
2026-05-07,000001,14:36:48,11.3500,46,1
2026-05-07,000001,14:36:51,11.3500,571,1
2026-05-07,000001,14:36:54,11.3400,17,2
2026-05-07,000001,14:36:57,11.3400,113,2
2026-05-07,000001,14:37:00,11.3500,205,1
2026-05-07,000001,14:37:03,11.3500,39,1
2026-05-07,000001,14:37:06,11.3600,144,1
2026-05-07,000001,14:37:09,11.3500,197,2
2026-05-07,000001,14:37:12,11.3500,64,1
2026-05-07,000001,14:37:15,11.3500,36,1
2026-05-07,000001,14:37:21,11.3400,101,2
2026-05-07,000001,14:37:24,11.3400,34,2
2026-05-07,000001,14:37:27,11.3400,135,2
2026-05-07,000001,14:37:30,11.3400,22,2
2026-05-07,000001,14:37:33,11.3500,117,1
2026-05-07,000001,14:37:36,11.3400,39,2
2026-05-07,000001,14:37:39,11.3400,58,2
2026-05-07,000001,14:37:42,11.3400,65,2
2026-05-07,000001,14:37:45,11.3400,56,2
2026-05-07,000001,14:37:48,11.3400,45,2
2026-05-07,000001,14:37:51,11.3400,51,2
2026-05-07,000001,14:37:54,11.3500,121,1
2026-05-07,000001,14:37:57,11.3400,120,2
2026-05-07,000001,14:38:00,11.3400,83,2
2026-05-07,000001,14:38:03,11.3500,22,1
2026-05-07,000001,14:38:06,11.3400,406,2
2026-05-07,000001,14:38:09,11.3400,51,2
2026-05-07,000001,14:38:12,11.3400,104,2
2026-05-07,000001,14:38:15,11.3400,27,2
2026-05-07,000001,14:38:18,11.3500,18,1
2026-05-07,000001,14:38:21,11.3400,375,2
2026-05-07,000001,14:38:24,11.3400,138,2
2026-05-07,000001,14:38:27,11.3400,45,2
2026-05-07,000001,14:38:30,11.3500,74,1
2026-05-07,000001,14:38:33,11.3400,80,2
2026-05-07,000001,14:38:36,11.3400,51,2
2026-05-07,000001,14:38:39,11.3500,47,1
2026-05-07,000001,14:38:42,11.3500,13,1
2026-05-07,000001,14:38:45,11.3400,72,2
2026-05-07,000001,14:38:48,11.3500,29,1
2026-05-07,000001,14:38:51,11.3500,95,1
2026-05-07,000001,14:38:54,11.3500,196,1
2026-05-07,000001,14:38:57,11.3400,56,2
2026-05-07,000001,14:39:00,11.3400,39,2
2026-05-07,000001,14:39:03,11.3400,62,2
2026-05-07,000001,14:39:06,11.3500,38,1
2026-05-07,000001,14:39:09,11.3500,118,1
2026-05-07,000001,14:39:12,11.3500,112,1
2026-05-07,000001,14:39:15,11.3400,91,2
2026-05-07,000001,14:39:18,11.3500,58,1
2026-05-07,000001,14:39:21,11.3400,233,2
2026-05-07,000001,14:39:24,11.3400,64,2
2026-05-07,000001,14:39:27,11.3400,118,2
2026-05-07,000001,14:39:30,11.3500,70,1
2026-05-07,000001,14:39:33,11.3500,71,1
2026-05-07,000001,14:39:36,11.3400,286,2
2026-05-07,000001,14:39:39,11.3400,8,2
2026-05-07,000001,14:39:42,11.3500,33,1
2026-05-07,000001,14:39:45,11.3500,258,1
2026-05-07,000001,14:39:48,11.3400,180,2
2026-05-07,000001,14:39:51,11.3500,78,1
2026-05-07,000001,14:39:54,11.3500,79,1
2026-05-07,000001,14:39:57,11.3400,98,2
2026-05-07,000001,14:40:00,11.3500,543,1
2026-05-07,000001,14:40:03,11.3500,613,1
2026-05-07,000001,14:40:06,11.3400,264,2
2026-05-07,000001,14:40:09,11.3500,342,1
2026-05-07,000001,14:40:12,11.3500,419,1
2026-05-07,000001,14:40:15,11.3500,127,2
2026-05-07,000001,14:40:18,11.3500,69,2
2026-05-07,000001,14:40:21,11.3500,132,2
2026-05-07,000001,14:40:24,11.3600,154,1
2026-05-07,000001,14:40:27,11.3600,52,1
2026-05-07,000001,14:40:30,11.3500,109,2
2026-05-07,000001,14:40:33,11.3600,153,1
2026-05-07,000001,14:40:36,11.3500,45,2
2026-05-07,000001,14:40:39,11.3600,12,1
2026-05-07,000001,14:40:42,11.3500,106,2
2026-05-07,000001,14:40:45,11.3600,64,1
2026-05-07,000001,14:40:48,11.3500,43,2
2026-05-07,000001,14:40:51,11.3500,135,2
2026-05-07,000001,14:40:54,11.3500,19,2
2026-05-07,000001,14:40:57,11.3500,42,2
2026-05-07,000001,14:41:00,11.3600,18,1
2026-05-07,000001,14:41:03,11.3600,3,1
2026-05-07,000001,14:41:06,11.3500,27,2
2026-05-07,000001,14:41:09,11.3500,64,2
2026-05-07,000001,14:41:12,11.3600,170,1
2026-05-07,000001,14:41:15,11.3500,65,2
2026-05-07,000001,14:41:18,11.3600,76,1
2026-05-07,000001,14:41:21,11.3500,54,2
2026-05-07,000001,14:41:24,11.3500,98,2
2026-05-07,000001,14:41:27,11.3500,16,2
2026-05-07,000001,14:41:30,11.3500,35,2
2026-05-07,000001,14:41:33,11.3500,90,2
2026-05-07,000001,14:41:36,11.3600,38,1
2026-05-07,000001,14:41:39,11.3500,28,2
2026-05-07,000001,14:41:42,11.3500,66,2
2026-05-07,000001,14:41:45,11.3500,41,2
2026-05-07,000001,14:41:48,11.3500,50,2
2026-05-07,000001,14:41:51,11.3500,17,2
2026-05-07,000001,14:41:54,11.3600,40,1
2026-05-07,000001,14:41:57,11.3600,128,1
2026-05-07,000001,14:42:00,11.3600,37,1
2026-05-07,000001,14:42:03,11.3500,36,2
2026-05-07,000001,14:42:06,11.3500,5,2
2026-05-07,000001,14:42:09,11.3600,44,1
2026-05-07,000001,14:42:12,11.3600,21,1
2026-05-07,000001,14:42:15,11.3600,36,1
2026-05-07,000001,14:42:18,11.3500,17,2
2026-05-07,000001,14:42:21,11.3500,85,2
2026-05-07,000001,14:42:24,11.3600,63,1
2026-05-07,000001,14:42:27,11.3500,17,2
2026-05-07,000001,14:42:30,11.3500,17,2
2026-05-07,000001,14:42:33,11.3500,46,2
2026-05-07,000001,14:42:36,11.3500,50,2
2026-05-07,000001,14:42:39,11.3500,72,2
2026-05-07,000001,14:42:42,11.3500,20,2
2026-05-07,000001,14:42:45,11.3500,191,2
2026-05-07,000001,14:42:48,11.3500,335,2
2026-05-07,000001,14:42:51,11.3500,73,2
2026-05-07,000001,14:42:54,11.3500,141,2
2026-05-07,000001,14:42:57,11.3500,108,2
2026-05-07,000001,14:43:00,11.3500,20,2
2026-05-07,000001,14:43:03,11.3500,2566,2
2026-05-07,000001,14:43:06,11.3400,476,2
2026-05-07,000001,14:43:09,11.3500,323,1
2026-05-07,000001,14:43:12,11.3500,201,2
2026-05-07,000001,14:43:15,11.3500,171,1
2026-05-07,000001,14:43:18,11.3500,54,2
2026-05-07,000001,14:43:21,11.3500,65,1
2026-05-07,000001,14:43:24,11.3500,399,1
2026-05-07,000001,14:43:27,11.3400,96,2
2026-05-07,000001,14:43:30,11.3500,99,1
2026-05-07,000001,14:43:33,11.3400,152,2
2026-05-07,000001,14:43:36,11.3500,94,1
2026-05-07,000001,14:43:39,11.3500,7,1
2026-05-07,000001,14:43:42,11.3400,29,2
2026-05-07,000001,14:43:45,11.3400,153,2
2026-05-07,000001,14:43:48,11.3400,31,2
2026-05-07,000001,14:43:51,11.3400,55,2
2026-05-07,000001,14:43:54,11.3500,11,1
2026-05-07,000001,14:43:57,11.3400,63,2
2026-05-07,000001,14:44:00,11.3400,87,2
2026-05-07,000001,14:44:03,11.3500,68,1
2026-05-07,000001,14:44:06,11.3500,113,1
2026-05-07,000001,14:44:09,11.3500,496,1
2026-05-07,000001,14:44:12,11.3500,111,4
2026-05-07,000001,14:44:15,11.3500,33,4
2026-05-07,000001,14:44:18,11.3600,483,1
2026-05-07,000001,14:44:21,11.3500,325,2
2026-05-07,000001,14:44:24,11.3600,97,1
2026-05-07,000001,14:44:27,11.3500,6,4
2026-05-07,000001,14:44:30,11.3600,60,1
2026-05-07,000001,14:44:33,11.3500,82,2
2026-05-07,000001,14:44:36,11.3600,38,1
2026-05-07,000001,14:44:39,11.3500,94,2
2026-05-07,000001,14:44:42,11.3500,33,2
2026-05-07,000001,14:44:45,11.3600,117,1
2026-05-07,000001,14:44:48,11.3500,30,2
2026-05-07,000001,14:44:51,11.3500,68,2
2026-05-07,000001,14:44:54,11.3600,24,1
2026-05-07,000001,14:44:57,11.3500,79,2
2026-05-07,000001,14:45:00,11.3600,150,1
2026-05-07,000001,14:45:03,11.3600,80,1
2026-05-07,000001,14:45:06,11.3600,436,1
2026-05-07,000001,14:45:09,11.3500,136,2
2026-05-07,000001,14:45:12,11.3500,112,2
2026-05-07,000001,14:45:15,11.3600,316,1
2026-05-07,000001,14:45:18,11.3600,348,1
2026-05-07,000001,14:45:21,11.3600,18,1
2026-05-07,000001,14:45:24,11.3600,18,1
2026-05-07,000001,14:45:27,11.3500,79,2
2026-05-07,000001,14:45:30,11.3600,41,1
2026-05-07,000001,14:45:33,11.3500,69,2
2026-05-07,000001,14:45:36,11.3500,337,2
2026-05-07,000001,14:45:39,11.3500,85,2
2026-05-07,000001,14:45:42,11.3500,69,2
2026-05-07,000001,14:45:45,11.3600,8,1
2026-05-07,000001,14:45:48,11.3600,7,1
2026-05-07,000001,14:45:51,11.3500,322,2
2026-05-07,000001,14:45:54,11.3500,1,2
2026-05-07,000001,14:45:57,11.3500,1408,2
2026-05-07,000001,14:46:00,11.3500,120,2
2026-05-07,000001,14:46:03,11.3500,213,2
2026-05-07,000001,14:46:06,11.3500,244,2
2026-05-07,000001,14:46:09,11.3500,383,2
2026-05-07,000001,14:46:12,11.3500,19,2
2026-05-07,000001,14:46:15,11.3600,99,1
2026-05-07,000001,14:46:18,11.3500,61,2
2026-05-07,000001,14:46:21,11.3600,1214,1
2026-05-07,000001,14:46:24,11.3600,143,1
2026-05-07,000001,14:46:27,11.3600,722,1
2026-05-07,000001,14:46:30,11.3600,109,1
2026-05-07,000001,14:46:33,11.3600,91,1
2026-05-07,000001,14:46:36,11.3600,403,1
2026-05-07,000001,14:46:39,11.3600,108,1
2026-05-07,000001,14:46:42,11.3500,796,2
2026-05-07,000001,14:46:45,11.3600,119,1
2026-05-07,000001,14:46:48,11.3500,147,2
2026-05-07,000001,14:46:51,11.3500,49,2
2026-05-07,000001,14:46:54,11.3500,28,2
2026-05-07,000001,14:47:00,11.3600,326,1
2026-05-07,000001,14:47:03,11.3600,60,1
2026-05-07,000001,14:47:06,11.3600,29,1
2026-05-07,000001,14:47:09,11.3600,21,1
2026-05-07,000001,14:47:12,11.3500,109,2
2026-05-07,000001,14:47:15,11.3600,297,1
2026-05-07,000001,14:47:18,11.3600,33,1
2026-05-07,000001,14:47:21,11.3500,211,2
2026-05-07,000001,14:47:24,11.3500,8,2
2026-05-07,000001,14:47:27,11.3500,152,2
2026-05-07,000001,14:47:30,11.3600,7,1
2026-05-07,000001,14:47:33,11.3600,405,1
2026-05-07,000001,14:47:36,11.3500,73,2
2026-05-07,000001,14:47:39,11.3500,137,2
2026-05-07,000001,14:47:42,11.3500,130,2
2026-05-07,000001,14:47:45,11.3600,24,1
2026-05-07,000001,14:47:48,11.3500,46,2
2026-05-07,000001,14:47:51,11.3500,283,2
2026-05-07,000001,14:47:54,11.3500,18,2
2026-05-07,000001,14:47:57,11.3500,19,2
2026-05-07,000001,14:48:00,11.3600,49,1
2026-05-07,000001,14:48:03,11.3500,81,2
2026-05-07,000001,14:48:06,11.3500,24,2
2026-05-07,000001,14:48:09,11.3600,113,1
2026-05-07,000001,14:48:12,11.3500,457,2
2026-05-07,000001,14:48:15,11.3600,13,1
2026-05-07,000001,14:48:18,11.3600,54,1
2026-05-07,000001,14:48:21,11.3500,1,2
2026-05-07,000001,14:48:24,11.3500,52,2
2026-05-07,000001,14:48:27,11.3600,507,1
2026-05-07,000001,14:48:30,11.3500,191,2
2026-05-07,000001,14:48:33,11.3600,169,1
2026-05-07,000001,14:48:36,11.3500,8,2
2026-05-07,000001,14:48:39,11.3600,43,1
2026-05-07,000001,14:48:42,11.3500,106,2
2026-05-07,000001,14:48:45,11.3500,17,2
2026-05-07,000001,14:48:48,11.3600,317,1
2026-05-07,000001,14:48:51,11.3500,143,2
2026-05-07,000001,14:48:54,11.3500,8,2
2026-05-07,000001,14:48:57,11.3600,73,1
2026-05-07,000001,14:49:00,11.3500,20,2
2026-05-07,000001,14:49:03,11.3600,113,1
2026-05-07,000001,14:49:06,11.3600,499,1
2026-05-07,000001,14:49:09,11.3600,5,1
2026-05-07,000001,14:49:12,11.3500,281,2
2026-05-07,000001,14:49:15,11.3500,432,2
2026-05-07,000001,14:49:18,11.3500,165,2
2026-05-07,000001,14:49:21,11.3500,184,2
2026-05-07,000001,14:49:24,11.3600,276,1
2026-05-07,000001,14:49:27,11.3500,283,2
2026-05-07,000001,14:49:30,11.3600,288,1
2026-05-07,000001,14:49:33,11.3600,211,1
2026-05-07,000001,14:49:36,11.3500,103,2
2026-05-07,000001,14:49:39,11.3600,62,1
2026-05-07,000001,14:49:42,11.3500,212,2
2026-05-07,000001,14:49:45,11.3600,74,1
2026-05-07,000001,14:49:48,11.3600,148,1
2026-05-07,000001,14:49:51,11.3500,147,2
2026-05-07,000001,14:49:54,11.3600,236,1
2026-05-07,000001,14:49:57,11.3500,12,2
2026-05-07,000001,14:50:00,11.3500,2,2
2026-05-07,000001,14:50:03,11.3600,40,1
2026-05-07,000001,14:50:06,11.3600,235,1
2026-05-07,000001,14:50:09,11.3500,4,2
2026-05-07,000001,14:50:12,11.3500,151,2
2026-05-07,000001,14:50:15,11.3600,432,1
2026-05-07,000001,14:50:18,11.3600,48,1
2026-05-07,000001,14:50:21,11.3600,39,1
2026-05-07,000001,14:50:24,11.3500,17,2
2026-05-07,000001,14:50:27,11.3600,1,1
2026-05-07,000001,14:50:30,11.3500,3,2
2026-05-07,000001,14:50:33,11.3600,111,1
2026-05-07,000001,14:50:36,11.3500,86,2
2026-05-07,000001,14:50:39,11.3500,512,2
2026-05-07,000001,14:50:42,11.3500,57,2
2026-05-07,000001,14:50:45,11.3600,10,1
2026-05-07,000001,14:50:48,11.3500,44,2
2026-05-07,000001,14:50:51,11.3500,71,2
2026-05-07,000001,14:50:54,11.3500,11,2
2026-05-07,000001,14:50:57,11.3600,7,1
2026-05-07,000001,14:51:00,11.3600,565,1
2026-05-07,000001,14:51:03,11.3500,75,2
2026-05-07,000001,14:51:06,11.3600,29,1
2026-05-07,000001,14:51:09,11.3500,66,2
2026-05-07,000001,14:51:12,11.3500,125,2
2026-05-07,000001,14:51:15,11.3500,1280,2
2026-05-07,000001,14:51:18,11.3600,160,1
2026-05-07,000001,14:51:21,11.3500,39,2
2026-05-07,000001,14:51:24,11.3500,22,2
2026-05-07,000001,14:51:27,11.3600,2600,1
2026-05-07,000001,14:51:30,11.3500,90,2
2026-05-07,000001,14:51:33,11.3700,311,1
2026-05-07,000001,14:51:36,11.3600,23,2
2026-05-07,000001,14:51:39,11.3600,816,2
2026-05-07,000001,14:51:42,11.3700,65,1
2026-05-07,000001,14:51:45,11.3600,143,2
2026-05-07,000001,14:51:48,11.3600,1715,2
2026-05-07,000001,14:51:51,11.3600,1421,2
2026-05-07,000001,14:51:54,11.3600,241,1
2026-05-07,000001,14:51:57,11.3500,178,2
2026-05-07,000001,14:52:00,11.3600,76,1
2026-05-07,000001,14:52:03,11.3500,113,2
2026-05-07,000001,14:52:06,11.3600,148,1
2026-05-07,000001,14:52:09,11.3600,207,1
2026-05-07,000001,14:52:12,11.3500,190,2
2026-05-07,000001,14:52:15,11.3600,828,1
2026-05-07,000001,14:52:18,11.3600,57,1
2026-05-07,000001,14:52:21,11.3600,20,1
2026-05-07,000001,14:52:24,11.3500,142,2
2026-05-07,000001,14:52:27,11.3600,143,1
2026-05-07,000001,14:52:30,11.3500,55,2
2026-05-07,000001,14:52:33,11.3500,56,2
2026-05-07,000001,14:52:36,11.3600,110,1
2026-05-07,000001,14:52:39,11.3600,113,1
2026-05-07,000001,14:52:42,11.3500,85,2
2026-05-07,000001,14:52:45,11.3600,150,1
2026-05-07,000001,14:52:48,11.3600,26,1
2026-05-07,000001,14:52:51,11.3600,104,1
2026-05-07,000001,14:52:54,11.3500,49,2
2026-05-07,000001,14:52:57,11.3500,21,2
2026-05-07,000001,14:53:00,11.3500,49,2
2026-05-07,000001,14:53:03,11.3600,120,1
2026-05-07,000001,14:53:06,11.3600,100,1
2026-05-07,000001,14:53:09,11.3500,82,2
2026-05-07,000001,14:53:12,11.3500,109,2
2026-05-07,000001,14:53:15,11.3500,107,2
2026-05-07,000001,14:53:18,11.3500,407,2
2026-05-07,000001,14:53:21,11.3600,35,1
2026-05-07,000001,14:53:24,11.3500,58,2
2026-05-07,000001,14:53:27,11.3600,34,1
2026-05-07,000001,14:53:30,11.3500,43,2
2026-05-07,000001,14:53:33,11.3500,58,2
2026-05-07,000001,14:53:36,11.3600,393,1
2026-05-07,000001,14:53:39,11.3500,53,2
2026-05-07,000001,14:53:42,11.3600,42,1
2026-05-07,000001,14:53:45,11.3600,7,1
2026-05-07,000001,14:53:48,11.3600,321,1
2026-05-07,000001,14:53:51,11.3500,42,2
2026-05-07,000001,14:53:54,11.3500,25,2
2026-05-07,000001,14:53:57,11.3500,53,2
2026-05-07,000001,14:54:00,11.3600,12,1
2026-05-07,000001,14:54:03,11.3500,488,2
2026-05-07,000001,14:54:06,11.3600,72,1
2026-05-07,000001,14:54:09,11.3500,7,2
2026-05-07,000001,14:54:12,11.3600,11,1
2026-05-07,000001,14:54:15,11.3500,41,2
2026-05-07,000001,14:54:18,11.3500,72,2
2026-05-07,000001,14:54:21,11.3500,161,2
2026-05-07,000001,14:54:24,11.3500,100,2
2026-05-07,000001,14:54:27,11.3500,13,2
2026-05-07,000001,14:54:30,11.3500,107,2
2026-05-07,000001,14:54:33,11.3600,68,1
2026-05-07,000001,14:54:36,11.3600,151,1
2026-05-07,000001,14:54:39,11.3500,144,2
2026-05-07,000001,14:54:42,11.3600,90,1
2026-05-07,000001,14:54:45,11.3600,434,1
2026-05-07,000001,14:54:48,11.3500,182,2
2026-05-07,000001,14:54:51,11.3600,525,1
2026-05-07,000001,14:54:54,11.3500,837,2
2026-05-07,000001,14:54:57,11.3500,548,2
2026-05-07,000001,14:55:00,11.3500,5,2
2026-05-07,000001,14:55:03,11.3500,137,2
2026-05-07,000001,14:55:06,11.3600,261,1
2026-05-07,000001,14:55:09,11.3500,160,2
2026-05-07,000001,14:55:12,11.3600,44,1
2026-05-07,000001,14:55:15,11.3600,1128,1
2026-05-07,000001,14:55:18,11.3500,170,2
2026-05-07,000001,14:55:21,11.3500,1601,2
2026-05-07,000001,14:55:24,11.3600,77,1
2026-05-07,000001,14:55:27,11.3600,49,1
2026-05-07,000001,14:55:30,11.3600,78,1
2026-05-07,000001,14:55:33,11.3600,469,1
2026-05-07,000001,14:55:36,11.3600,135,1
2026-05-07,000001,14:55:39,11.3500,68,2
2026-05-07,000001,14:55:42,11.3500,195,2
2026-05-07,000001,14:55:45,11.3600,103,1
2026-05-07,000001,14:55:48,11.3600,66,1
2026-05-07,000001,14:55:51,11.3600,111,1
2026-05-07,000001,14:55:54,11.3500,78,2
2026-05-07,000001,14:55:57,11.3600,761,1
2026-05-07,000001,14:56:00,11.3600,372,1
2026-05-07,000001,14:56:03,11.3500,531,2
2026-05-07,000001,14:56:06,11.3500,79,2
2026-05-07,000001,14:56:09,11.3500,797,2
2026-05-07,000001,14:56:12,11.3500,236,2
2026-05-07,000001,14:56:15,11.3600,236,1
2026-05-07,000001,14:56:18,11.3500,189,2
2026-05-07,000001,14:56:21,11.3500,278,2
2026-05-07,000001,14:56:24,11.3500,98,2
2026-05-07,000001,14:56:27,11.3600,1149,1
2026-05-07,000001,14:56:30,11.3600,1179,1
2026-05-07,000001,14:56:33,11.3600,302,1
2026-05-07,000001,14:56:36,11.3600,202,2
2026-05-07,000001,14:56:39,11.3500,67,2
2026-05-07,000001,14:56:42,11.3600,97,1
2026-05-07,000001,14:56:45,11.3500,430,2
2026-05-07,000001,14:56:48,11.3500,113,2
2026-05-07,000001,14:56:51,11.3500,122,2
2026-05-07,000001,14:56:54,11.3600,127,1
2026-05-07,000001,14:56:57,11.3600,49,1
2026-05-07,000001,14:57:00,11.3500,8,2
2026-05-07,000001,15:00:00,11.3700,11717,4
2026-05-07,000001,13:13:24,11.3100,26,2
2026-05-07,000001,13:13:27,11.3200,106,1
2026-05-07,000001,13:13:30,11.3100,225,2
2026-05-07,000001,13:13:33,11.3200,36,1
2026-05-07,000001,13:13:36,11.3200,72,1
2026-05-07,000001,13:13:39,11.3200,431,1
2026-05-07,000001,13:13:42,11.3200,600,1
2026-05-07,000001,13:13:45,11.3200,139,1
2026-05-07,000001,13:13:48,11.3200,11,1
2026-05-07,000001,13:13:51,11.3200,76,1
2026-05-07,000001,13:13:54,11.3200,84,1
2026-05-07,000001,13:13:57,11.3200,576,1
2026-05-07,000001,13:14:00,11.3200,8,1
2026-05-07,000001,13:14:03,11.3100,51,2
2026-05-07,000001,13:14:06,11.3200,180,1
2026-05-07,000001,13:14:09,11.3100,86,2
2026-05-07,000001,13:14:12,11.3200,54,1
2026-05-07,000001,13:14:15,11.3200,50,1
2026-05-07,000001,13:14:18,11.3100,60,2
2026-05-07,000001,13:14:21,11.3200,11,1
2026-05-07,000001,13:14:24,11.3100,128,2
2026-05-07,000001,13:14:27,11.3100,103,2
2026-05-07,000001,13:14:30,11.3100,32,2
2026-05-07,000001,13:14:33,11.3200,4,1
2026-05-07,000001,13:14:36,11.3100,223,2
2026-05-07,000001,13:14:39,11.3200,10,1
2026-05-07,000001,13:14:42,11.3100,56,2
2026-05-07,000001,13:14:45,11.3100,19,2
2026-05-07,000001,13:14:48,11.3100,151,2
2026-05-07,000001,13:14:51,11.3100,16,2
2026-05-07,000001,13:14:54,11.3200,134,1
2026-05-07,000001,13:14:57,11.3100,17,2
2026-05-07,000001,13:15:00,11.3200,85,1
2026-05-07,000001,13:15:03,11.3100,113,2
2026-05-07,000001,13:15:06,11.3100,396,2
2026-05-07,000001,13:15:09,11.3100,297,2
2026-05-07,000001,13:15:12,11.3100,280,2
2026-05-07,000001,13:15:15,11.3100,97,2
2026-05-07,000001,13:15:18,11.3100,28,2
2026-05-07,000001,13:15:21,11.3200,251,1
2026-05-07,000001,13:15:24,11.3200,114,1
2026-05-07,000001,13:15:27,11.3200,156,1
2026-05-07,000001,13:15:30,11.3100,97,2
2026-05-07,000001,13:15:33,11.3100,25,2
2026-05-07,000001,13:15:36,11.3100,212,2
2026-05-07,000001,13:15:39,11.3200,131,1
2026-05-07,000001,13:15:42,11.3200,49,1
2026-05-07,000001,13:15:45,11.3100,88,2
2026-05-07,000001,13:15:48,11.3100,22,2
2026-05-07,000001,13:15:51,11.3100,151,2
2026-05-07,000001,13:15:54,11.3100,226,2
2026-05-07,000001,13:15:57,11.3100,51,2
2026-05-07,000001,13:16:00,11.3200,1,1
2026-05-07,000001,13:16:03,11.3200,173,1
2026-05-07,000001,13:16:06,11.3200,1043,1
2026-05-07,000001,13:16:09,11.3200,188,1
2026-05-07,000001,13:16:15,11.3200,120,1
2026-05-07,000001,13:16:18,11.3100,38,2
2026-05-07,000001,13:16:21,11.3100,28,2
2026-05-07,000001,13:16:24,11.3200,76,1
2026-05-07,000001,13:16:27,11.3200,216,1
2026-05-07,000001,13:16:30,11.3200,16,1
2026-05-07,000001,13:16:33,11.3100,55,2
2026-05-07,000001,13:16:36,11.3200,35,1
2026-05-07,000001,13:16:42,11.3200,205,1
2026-05-07,000001,13:16:45,11.3200,103,1
2026-05-07,000001,13:16:48,11.3200,245,1
2026-05-07,000001,13:16:51,11.3100,45,2
2026-05-07,000001,13:16:54,11.3100,144,2
2026-05-07,000001,13:16:57,11.3200,30,1
2026-05-07,000001,13:17:00,11.3100,73,2
2026-05-07,000001,13:17:03,11.3200,206,1
2026-05-07,000001,13:17:06,11.3100,1,2
2026-05-07,000001,13:17:09,11.3200,285,1
2026-05-07,000001,13:17:12,11.3200,106,1
2026-05-07,000001,13:17:15,11.3200,94,1
2026-05-07,000001,13:17:18,11.3200,28,1
2026-05-07,000001,13:17:21,11.3200,20,1
2026-05-07,000001,13:17:24,11.3100,24,2
2026-05-07,000001,13:17:27,11.3200,64,1
2026-05-07,000001,13:17:30,11.3200,194,1
2026-05-07,000001,13:17:33,11.3200,73,1
2026-05-07,000001,13:17:36,11.3200,90,1
2026-05-07,000001,13:17:39,11.3200,130,1
2026-05-07,000001,13:17:42,11.3100,37,2
2026-05-07,000001,13:17:45,11.3200,21,1
2026-05-07,000001,13:17:48,11.3200,147,1
2026-05-07,000001,13:17:51,11.3100,184,2
2026-05-07,000001,13:17:54,11.3100,158,2
2026-05-07,000001,13:17:57,11.3200,142,1
2026-05-07,000001,13:18:00,11.3100,23,2
2026-05-07,000001,13:18:03,11.3200,176,1
2026-05-07,000001,13:18:06,11.3100,66,2
2026-05-07,000001,13:18:09,11.3100,69,2
2026-05-07,000001,13:18:12,11.3100,27,2
2026-05-07,000001,13:18:15,11.3100,52,2
2026-05-07,000001,13:18:18,11.3200,58,1
2026-05-07,000001,13:18:21,11.3200,3,1
2026-05-07,000001,13:18:24,11.3100,35,2
2026-05-07,000001,13:18:27,11.3100,182,2
2026-05-07,000001,13:18:30,11.3100,16,2
2026-05-07,000001,13:18:33,11.3100,57,2
2026-05-07,000001,13:18:36,11.3100,7,2
2026-05-07,000001,13:18:39,11.3100,35,2
2026-05-07,000001,13:18:42,11.3100,37,2
2026-05-07,000001,13:18:45,11.3200,331,1
2026-05-07,000001,13:18:48,11.3200,62,1
2026-05-07,000001,13:18:51,11.3200,19,1
2026-05-07,000001,13:18:54,11.3200,117,1
2026-05-07,000001,13:18:57,11.3100,19,2
2026-05-07,000001,13:19:00,11.3200,25,1
2026-05-07,000001,13:19:03,11.3200,100,1
2026-05-07,000001,13:19:06,11.3100,34,2
2026-05-07,000001,13:19:09,11.3200,2,1
2026-05-07,000001,13:19:12,11.3200,5,1
2026-05-07,000001,13:19:15,11.3200,21,1
2026-05-07,000001,13:19:18,11.3100,9,2
2026-05-07,000001,13:19:21,11.3200,61,1
2026-05-07,000001,13:19:24,11.3100,76,2
2026-05-07,000001,13:19:27,11.3100,192,2
2026-05-07,000001,13:19:30,11.3100,16,2
2026-05-07,000001,13:19:33,11.3200,9,1
2026-05-07,000001,13:19:36,11.3200,180,1
2026-05-07,000001,13:19:39,11.3200,105,1
2026-05-07,000001,13:19:42,11.3200,9,1
2026-05-07,000001,13:19:45,11.3100,39,2
2026-05-07,000001,13:19:48,11.3100,62,2
2026-05-07,000001,13:19:51,11.3100,286,2
2026-05-07,000001,13:19:54,11.3100,163,2
2026-05-07,000001,13:19:57,11.3100,60,2
2026-05-07,000001,13:20:00,11.3100,151,2
2026-05-07,000001,13:20:03,11.3100,30,2
2026-05-07,000001,13:20:06,11.3200,197,1
2026-05-07,000001,13:20:09,11.3100,70,2
2026-05-07,000001,13:20:12,11.3200,19,1
2026-05-07,000001,13:20:15,11.3200,18,1
2026-05-07,000001,13:20:18,11.3200,38,1
2026-05-07,000001,13:20:21,11.3200,101,1
2026-05-07,000001,13:20:24,11.3200,61,1
2026-05-07,000001,13:20:27,11.3100,102,2
2026-05-07,000001,13:20:30,11.3100,2,2
2026-05-07,000001,13:20:33,11.3200,74,1
2026-05-07,000001,13:20:36,11.3100,71,2
2026-05-07,000001,13:20:39,11.3200,101,1
2026-05-07,000001,13:20:42,11.3200,247,1
2026-05-07,000001,13:20:45,11.3100,45,2
2026-05-07,000001,13:20:48,11.3100,43,2
2026-05-07,000001,13:20:51,11.3200,52,1
2026-05-07,000001,13:20:54,11.3200,15,1
2026-05-07,000001,13:20:57,11.3100,4,2
2026-05-07,000001,13:21:00,11.3200,23,1
2026-05-07,000001,13:21:03,11.3100,37,2
2026-05-07,000001,13:21:06,11.3100,36,2
2026-05-07,000001,13:21:09,11.3200,2,1
2026-05-07,000001,13:21:12,11.3100,66,2
2026-05-07,000001,13:21:18,11.3200,52,1
2026-05-07,000001,13:21:21,11.3200,17,1
2026-05-07,000001,13:21:24,11.3200,40,1
2026-05-07,000001,13:21:30,11.3200,19,1
2026-05-07,000001,13:21:33,11.3200,16,1
2026-05-07,000001,13:21:36,11.3100,330,2
2026-05-07,000001,13:21:39,11.3100,49,2
2026-05-07,000001,13:21:42,11.3200,126,1
2026-05-07,000001,13:21:45,11.3100,19,2
2026-05-07,000001,13:21:48,11.3200,72,1
2026-05-07,000001,13:21:51,11.3200,143,1
2026-05-07,000001,13:21:54,11.3200,10,1
2026-05-07,000001,13:22:00,11.3100,17,2
2026-05-07,000001,13:22:03,11.3100,168,2
2026-05-07,000001,13:22:06,11.3100,17,2
2026-05-07,000001,13:22:09,11.3100,470,2
2026-05-07,000001,13:22:12,11.3100,207,2
2026-05-07,000001,13:22:15,11.3100,328,2
2026-05-07,000001,13:22:18,11.3100,86,2
2026-05-07,000001,13:22:21,11.3100,76,2
2026-05-07,000001,13:22:24,11.3200,29,1
2026-05-07,000001,13:22:27,11.3100,110,2
2026-05-07,000001,13:22:30,11.3200,165,1
2026-05-07,000001,13:22:33,11.3200,136,1
2026-05-07,000001,13:22:36,11.3200,26,1
2026-05-07,000001,13:22:39,11.3200,23,1
2026-05-07,000001,13:22:42,11.3200,28,1
2026-05-07,000001,13:22:45,11.3100,112,2
2026-05-07,000001,13:22:48,11.3200,3,1
2026-05-07,000001,13:22:51,11.3200,112,1
2026-05-07,000001,13:22:54,11.3100,403,2
2026-05-07,000001,13:22:57,11.3100,134,2
2026-05-07,000001,13:23:00,11.3100,54,2
2026-05-07,000001,13:23:03,11.3100,195,2
2026-05-07,000001,13:23:06,11.3200,131,1
2026-05-07,000001,13:23:09,11.3100,154,2
2026-05-07,000001,13:23:12,11.3200,46,1
2026-05-07,000001,13:23:15,11.3200,55,1
2026-05-07,000001,13:23:18,11.3100,48,2
2026-05-07,000001,13:23:21,11.3100,33,2
2026-05-07,000001,13:23:24,11.3100,85,2
2026-05-07,000001,13:23:27,11.3100,29,2
2026-05-07,000001,13:23:30,11.3200,97,1
2026-05-07,000001,13:23:33,11.3100,162,2
2026-05-07,000001,13:23:36,11.3100,53,2
2026-05-07,000001,13:23:39,11.3100,34,2
2026-05-07,000001,13:23:42,11.3100,71,2
2026-05-07,000001,13:23:45,11.3100,121,2
2026-05-07,000001,13:23:48,11.3100,5,2
2026-05-07,000001,13:23:51,11.3200,308,1
2026-05-07,000001,13:23:54,11.3200,37,1
2026-05-07,000001,13:23:57,11.3100,28,2
2026-05-07,000001,13:24:00,11.3200,12,1
2026-05-07,000001,13:24:03,11.3200,36,1
2026-05-07,000001,13:24:06,11.3100,23,2
2026-05-07,000001,13:24:09,11.3100,29,2
2026-05-07,000001,13:24:12,11.3200,10,1
2026-05-07,000001,13:24:18,11.3200,43,1
2026-05-07,000001,13:24:21,11.3100,40,2
2026-05-07,000001,13:24:24,11.3100,67,2
2026-05-07,000001,13:24:30,11.3200,2,1
2026-05-07,000001,13:24:33,11.3100,288,2
2026-05-07,000001,13:24:36,11.3200,49,1
2026-05-07,000001,13:24:39,11.3100,187,2
2026-05-07,000001,13:24:42,11.3200,1,1
2026-05-07,000001,13:24:45,11.3200,142,1
2026-05-07,000001,13:24:51,11.3100,120,2
2026-05-07,000001,13:24:54,11.3200,1,1
2026-05-07,000001,13:24:57,11.3100,42,2
2026-05-07,000001,13:25:00,11.3200,93,1
2026-05-07,000001,13:25:03,11.3100,7,2
2026-05-07,000001,13:25:06,11.3200,211,1
2026-05-07,000001,13:25:12,11.3200,132,1
2026-05-07,000001,13:25:15,11.3200,94,1
2026-05-07,000001,13:25:18,11.3100,344,2
2026-05-07,000001,13:25:21,11.3200,68,1
2026-05-07,000001,13:25:24,11.3200,63,1
2026-05-07,000001,13:25:27,11.3200,21,1
2026-05-07,000001,13:25:30,11.3200,67,1
2026-05-07,000001,13:25:33,11.3200,97,1
2026-05-07,000001,13:25:36,11.3100,65,2
2026-05-07,000001,13:25:39,11.3200,41,1
2026-05-07,000001,13:25:42,11.3100,41,2
2026-05-07,000001,13:25:45,11.3200,14,1
2026-05-07,000001,13:25:48,11.3100,17,2
2026-05-07,000001,13:25:51,11.3100,6,2
2026-05-07,000001,13:25:54,11.3200,99,1
2026-05-07,000001,13:25:57,11.3200,11,1
2026-05-07,000001,13:26:00,11.3200,132,1
2026-05-07,000001,13:26:03,11.3100,96,2
2026-05-07,000001,13:26:06,11.3100,55,2
2026-05-07,000001,13:26:09,11.3200,590,1
2026-05-07,000001,13:26:12,11.3100,12,2
2026-05-07,000001,13:26:15,11.3200,304,1
2026-05-07,000001,13:26:18,11.3200,14,1
2026-05-07,000001,13:26:21,11.3100,99,2
2026-05-07,000001,13:26:24,11.3200,23,1
2026-05-07,000001,13:26:27,11.3100,28,2
2026-05-07,000001,13:26:36,11.3200,60,1
2026-05-07,000001,13:26:39,11.3100,57,2
2026-05-07,000001,13:26:42,11.3100,91,2
2026-05-07,000001,13:26:45,11.3200,261,1
2026-05-07,000001,13:26:48,11.3100,173,2
2026-05-07,000001,13:26:51,11.3100,17,2
2026-05-07,000001,13:26:54,11.3200,17,1
2026-05-07,000001,13:26:57,11.3200,6,1
2026-05-07,000001,13:27:00,11.3100,26,2
2026-05-07,000001,13:27:03,11.3100,28,2
2026-05-07,000001,13:27:06,11.3200,72,1
2026-05-07,000001,13:27:09,11.3200,100,1
2026-05-07,000001,13:27:12,11.3100,58,2
2026-05-07,000001,13:27:15,11.3200,6,1
2026-05-07,000001,13:27:18,11.3100,125,2
2026-05-07,000001,13:27:21,11.3200,22,1
2026-05-07,000001,13:27:24,11.3100,34,2
2026-05-07,000001,13:27:27,11.3100,42,2
2026-05-07,000001,13:27:30,11.3100,55,2
2026-05-07,000001,13:27:33,11.3200,36,1
2026-05-07,000001,13:27:36,11.3200,157,1
2026-05-07,000001,13:27:39,11.3100,59,2
2026-05-07,000001,13:27:45,11.3200,49,1
2026-05-07,000001,13:27:51,11.3100,100,2
2026-05-07,000001,13:27:54,11.3100,1488,2
2026-05-07,000001,13:27:57,11.3100,9200,2
2026-05-07,000001,13:28:00,11.3100,575,1
2026-05-07,000001,13:28:03,11.3100,185,1
2026-05-07,000001,13:28:06,11.3000,691,2
2026-05-07,000001,13:28:09,11.3100,191,1
2026-05-07,000001,13:28:12,11.3100,154,1
2026-05-07,000001,13:28:15,11.3000,63,2
2026-05-07,000001,13:28:18,11.3000,47,2
2026-05-07,000001,13:28:21,11.3100,116,1
2026-05-07,000001,13:28:24,11.3100,86,1
2026-05-07,000001,13:28:27,11.3000,63,2
2026-05-07,000001,13:28:30,11.3100,64,1
2026-05-07,000001,13:28:33,11.3000,67,2
2026-05-07,000001,13:28:36,11.3100,117,1
2026-05-07,000001,13:28:39,11.3000,49,2
2026-05-07,000001,13:28:42,11.3000,133,2
2026-05-07,000001,13:28:45,11.3100,43,1
2026-05-07,000001,13:28:48,11.3000,49,2
2026-05-07,000001,13:28:51,11.3000,29,2
2026-05-07,000001,13:28:54,11.3100,51,1
2026-05-07,000001,13:28:57,11.3000,62,2
2026-05-07,000001,13:29:00,11.3000,75,2
2026-05-07,000001,13:29:03,11.3100,143,1
2026-05-07,000001,13:29:06,11.3000,176,2
2026-05-07,000001,13:29:09,11.3000,365,2
2026-05-07,000001,13:29:12,11.3100,237,1
2026-05-07,000001,13:29:15,11.3000,63,2
2026-05-07,000001,13:29:18,11.3100,18,1
2026-05-07,000001,13:29:21,11.3100,68,1
2026-05-07,000001,13:29:24,11.3100,115,1
2026-05-07,000001,13:29:30,11.3100,17,1
2026-05-07,000001,13:29:33,11.3100,39,1
2026-05-07,000001,13:29:36,11.3100,17,1
2026-05-07,000001,13:29:39,11.3000,2,2
2026-05-07,000001,13:29:45,11.3000,50,2
2026-05-07,000001,13:29:48,11.3100,369,1
2026-05-07,000001,13:29:51,11.3000,29,2
2026-05-07,000001,13:29:54,11.3100,160,1
2026-05-07,000001,13:29:57,11.3000,108,2
2026-05-07,000001,13:30:00,11.3000,66,2
2026-05-07,000001,13:30:03,11.3000,42,2
2026-05-07,000001,13:30:06,11.3000,9,2
2026-05-07,000001,13:30:09,11.3100,103,1
2026-05-07,000001,13:30:12,11.3100,1,1
2026-05-07,000001,13:30:15,11.3100,204,1
2026-05-07,000001,13:30:18,11.3000,33,2
2026-05-07,000001,13:30:21,11.3000,77,2
2026-05-07,000001,13:30:24,11.3000,77,2
2026-05-07,000001,13:30:27,11.3000,124,2
2026-05-07,000001,13:30:30,11.3000,19,2
2026-05-07,000001,13:30:33,11.3100,73,1
2026-05-07,000001,13:30:36,11.3000,1,2
2026-05-07,000001,13:30:39,11.3100,180,1
2026-05-07,000001,13:30:42,11.3100,212,1
2026-05-07,000001,13:30:45,11.3000,89,2
2026-05-07,000001,13:30:48,11.3100,98,1
2026-05-07,000001,13:30:51,11.3000,67,2
2026-05-07,000001,13:30:54,11.3000,17,2
2026-05-07,000001,13:30:57,11.3100,161,1
2026-05-07,000001,13:31:00,11.3000,484,2
2026-05-07,000001,13:31:03,11.3100,8,1
2026-05-07,000001,13:31:06,11.3000,32,2
2026-05-07,000001,13:31:09,11.3100,135,1
2026-05-07,000001,13:31:12,11.3100,72,1
2026-05-07,000001,13:31:15,11.3100,47,1
2026-05-07,000001,13:31:18,11.3100,32,1
2026-05-07,000001,13:31:21,11.3100,112,1
2026-05-07,000001,13:31:24,11.3100,18,1
2026-05-07,000001,13:31:27,11.3100,29,1
2026-05-07,000001,13:31:30,11.3100,57,1
2026-05-07,000001,13:31:33,11.3000,51,2
2026-05-07,000001,13:31:36,11.3000,81,2
2026-05-07,000001,13:31:39,11.3100,6,1
2026-05-07,000001,13:31:42,11.3000,20,2
2026-05-07,000001,13:31:45,11.3000,47,2
2026-05-07,000001,13:31:48,11.3100,35,1
2026-05-07,000001,13:31:54,11.3100,123,1
2026-05-07,000001,13:31:57,11.3000,45,2
2026-05-07,000001,13:32:00,11.3100,63,1
2026-05-07,000001,13:32:03,11.3100,34,1
2026-05-07,000001,13:32:06,11.3100,40,1
2026-05-07,000001,13:32:09,11.3000,105,2
2026-05-07,000001,13:32:12,11.3100,278,1
2026-05-07,000001,13:32:15,11.3100,93,1
2026-05-07,000001,13:32:18,11.3100,34,1
2026-05-07,000001,13:32:21,11.3000,44,2
2026-05-07,000001,13:32:24,11.3000,210,2
2026-05-07,000001,13:32:27,11.3100,43,1
2026-05-07,000001,13:32:30,11.3100,148,1
2026-05-07,000001,13:32:33,11.3000,55,2
2026-05-07,000001,13:32:36,11.3100,13,1
2026-05-07,000001,13:32:42,11.3100,60,1
2026-05-07,000001,13:32:45,11.3000,83,2
2026-05-07,000001,13:32:48,11.3000,46,2
2026-05-07,000001,13:32:51,11.3100,1,1
2026-05-07,000001,13:32:54,11.3100,169,1
2026-05-07,000001,13:32:57,11.3000,42,2
2026-05-07,000001,13:33:00,11.3000,27,2
2026-05-07,000001,13:33:03,11.3100,19,1
2026-05-07,000001,13:33:06,11.3100,10,1
2026-05-07,000001,13:33:09,11.3100,62,1
2026-05-07,000001,13:33:12,11.3000,145,2
2026-05-07,000001,13:33:15,11.3100,83,1
2026-05-07,000001,13:33:18,11.3100,59,1
2026-05-07,000001,13:33:21,11.3000,51,2
2026-05-07,000001,13:33:24,11.3100,45,1
2026-05-07,000001,13:33:27,11.3000,14,2
2026-05-07,000001,13:33:30,11.3100,131,1
2026-05-07,000001,13:33:33,11.3000,335,2
2026-05-07,000001,13:33:36,11.3000,466,2
2026-05-07,000001,13:33:39,11.3100,43,1
2026-05-07,000001,13:33:42,11.3100,213,1
2026-05-07,000001,13:33:45,11.3000,422,2
2026-05-07,000001,13:33:48,11.3100,107,1
2026-05-07,000001,13:33:51,11.3100,78,1
2026-05-07,000001,13:33:54,11.3000,66,2
2026-05-07,000001,13:33:57,11.3100,170,1
2026-05-07,000001,13:34:00,11.3100,68,1
2026-05-07,000001,13:34:03,11.3100,6,1
2026-05-07,000001,13:34:06,11.3000,167,2
2026-05-07,000001,13:34:09,11.3100,54,1
2026-05-07,000001,13:34:12,11.3100,22,1
2026-05-07,000001,13:34:15,11.3100,219,1
2026-05-07,000001,13:34:18,11.3100,71,1
2026-05-07,000001,13:34:21,11.3100,30,1
2026-05-07,000001,13:34:24,11.3100,12,1
2026-05-07,000001,13:34:27,11.3100,20,1
2026-05-07,000001,13:34:30,11.3100,30,1
2026-05-07,000001,13:34:33,11.3000,82,2
2026-05-07,000001,13:34:36,11.3000,145,2
2026-05-07,000001,13:34:39,11.3100,109,1
2026-05-07,000001,13:34:42,11.3100,9,1
2026-05-07,000001,13:34:45,11.3000,143,2
2026-05-07,000001,13:34:48,11.3000,25,2
2026-05-07,000001,13:34:51,11.3100,53,1
2026-05-07,000001,13:34:54,11.3100,231,1
2026-05-07,000001,13:34:57,11.3000,51,2
2026-05-07,000001,13:35:00,11.3000,144,2
2026-05-07,000001,13:35:03,11.3200,6921,1
2026-05-07,000001,13:35:06,11.3300,7351,1
2026-05-07,000001,13:35:09,11.3300,7008,1
2026-05-07,000001,13:35:12,11.3200,4555,2
2026-05-07,000001,13:35:15,11.3300,1099,1
2026-05-07,000001,13:35:18,11.3300,788,1
2026-05-07,000001,13:35:21,11.3200,311,2
2026-05-07,000001,13:35:24,11.3300,84,1
2026-05-07,000001,13:35:27,11.3200,14,2
2026-05-07,000001,13:35:30,11.3200,242,2
2026-05-07,000001,13:35:33,11.3300,714,1
2026-05-07,000001,13:35:36,11.3200,372,2
2026-05-07,000001,13:35:39,11.3200,81,2
2026-05-07,000001,13:35:42,11.3200,24,2
2026-05-07,000001,13:35:45,11.3300,39,1
2026-05-07,000001,13:35:48,11.3300,42,1
2026-05-07,000001,13:35:51,11.3300,64,1
2026-05-07,000001,13:35:54,11.3300,12,1
2026-05-07,000001,13:35:57,11.3200,233,2
2026-05-07,000001,13:36:00,11.3200,20,2
2026-05-07,000001,13:36:03,11.3300,41,1
2026-05-07,000001,13:36:06,11.3200,189,2
2026-05-07,000001,13:36:09,11.3200,474,2
2026-05-07,000001,13:36:12,11.3200,484,1
2026-05-07,000001,13:36:15,11.3100,457,2
2026-05-07,000001,13:36:18,11.3200,99,4
2026-05-07,000001,13:36:21,11.3200,43,4
2026-05-07,000001,13:36:24,11.3200,23,4
2026-05-07,000001,13:36:27,11.3200,12,4
2026-05-07,000001,13:36:30,11.3200,216,1
2026-05-07,000001,13:36:33,11.3200,43,1
2026-05-07,000001,13:36:36,11.3100,180,2
2026-05-07,000001,13:36:39,11.3200,60,2
2026-05-07,000001,13:36:42,11.3200,74,1
2026-05-07,000001,13:36:45,11.3200,54,1
2026-05-07,000001,13:36:48,11.3300,70,1
2026-05-07,000001,13:36:51,11.3200,2,2
2026-05-07,000001,13:36:54,11.3200,302,2
2026-05-07,000001,13:36:57,11.3100,59,2
2026-05-07,000001,13:37:00,11.3200,11,1
2026-05-07,000001,13:37:03,11.3200,321,2
2026-05-07,000001,13:37:06,11.3100,58,2
2026-05-07,000001,13:37:09,11.3200,216,1
2026-05-07,000001,13:37:12,11.3100,442,2
2026-05-07,000001,13:37:15,11.3100,22,2
2026-05-07,000001,13:37:18,11.3100,96,2
2026-05-07,000001,13:37:21,11.3200,141,1
2026-05-07,000001,13:37:24,11.3200,101,1
2026-05-07,000001,13:37:27,11.3200,36,2
2026-05-07,000001,13:37:30,11.3300,30,1
2026-05-07,000001,13:37:33,11.3200,41,4
2026-05-07,000001,13:37:36,11.3100,32,2
2026-05-07,000001,13:37:39,11.3200,16,1
2026-05-07,000001,13:37:42,11.3200,46,1
2026-05-07,000001,13:37:45,11.3200,85,1
2026-05-07,000001,13:37:48,11.3100,44,2
2026-05-07,000001,13:37:51,11.3200,19,1
2026-05-07,000001,13:37:54,11.3100,85,2
2026-05-07,000001,13:37:57,11.3200,82,1
2026-05-07,000001,13:38:00,11.3200,97,1
2026-05-07,000001,13:38:03,11.3200,50,1
2026-05-07,000001,13:38:06,11.3100,127,2
2026-05-07,000001,13:38:09,11.3100,52,2
2026-05-07,000001,13:38:12,11.3200,70,1
2026-05-07,000001,13:38:15,11.3200,87,1
2026-05-07,000001,13:38:18,11.3200,26,1
2026-05-07,000001,13:38:21,11.3100,243,2
2026-05-07,000001,13:38:24,11.3200,6,1
2026-05-07,000001,13:38:27,11.3100,233,2
2026-05-07,000001,13:38:30,11.3200,9,1
2026-05-07,000001,13:38:33,11.3100,36,2
2026-05-07,000001,13:38:39,11.3100,27,2
2026-05-07,000001,13:38:42,11.3200,18,1
2026-05-07,000001,13:38:45,11.3100,47,2
2026-05-07,000001,13:38:48,11.3200,1,1
2026-05-07,000001,13:38:51,11.3200,73,1
2026-05-07,000001,13:38:54,11.3100,44,2
2026-05-07,000001,13:38:57,11.3100,86,2
2026-05-07,000001,13:39:00,11.3200,21,1
2026-05-07,000001,13:39:03,11.3200,148,1
2026-05-07,000001,13:39:06,11.3100,15,2
2026-05-07,000001,13:39:09,11.3200,53,1
2026-05-07,000001,13:39:12,11.3200,56,1
2026-05-07,000001,13:39:15,11.3100,21,2
2026-05-07,000001,13:39:18,11.3100,31,2
2026-05-07,000001,13:39:21,11.3100,115,2
2026-05-07,000001,13:39:24,11.3100,34,2
2026-05-07,000001,13:39:27,11.3100,45,2
2026-05-07,000001,13:39:30,11.3200,10,1
2026-05-07,000001,13:39:33,11.3100,176,2
2026-05-07,000001,13:39:36,11.3100,60,2
2026-05-07,000001,13:39:39,11.3100,16,2
2026-05-07,000001,13:39:42,11.3100,88,2
2026-05-07,000001,13:39:45,11.3100,46,2
2026-05-07,000001,13:39:48,11.3200,84,1
2026-05-07,000001,13:39:51,11.3100,46,2
2026-05-07,000001,13:39:54,11.3100,228,2
2026-05-07,000001,13:39:57,11.3200,131,1
2026-05-07,000001,13:40:00,11.3100,24,2
2026-05-07,000001,13:40:03,11.3100,116,2
2026-05-07,000001,13:40:06,11.3100,29,2
2026-05-07,000001,13:40:09,11.3200,1046,1
2026-05-07,000001,13:40:12,11.3200,60,1
2026-05-07,000001,13:40:15,11.3200,250,1
2026-05-07,000001,13:40:18,11.3200,301,1
2026-05-07,000001,13:40:21,11.3100,88,2
2026-05-07,000001,13:40:24,11.3300,29,1
2026-05-07,000001,13:40:27,11.3200,292,2
2026-05-07,000001,13:40:30,11.3200,70,1
2026-05-07,000001,13:40:33,11.3200,114,1
2026-05-07,000001,13:40:36,11.3200,33,1
2026-05-07,000001,13:40:39,11.3200,44,1
2026-05-07,000001,13:40:42,11.3100,92,2
2026-05-07,000001,13:40:45,11.3200,55,1
2026-05-07,000001,13:40:48,11.3100,54,2
2026-05-07,000001,13:40:51,11.3100,78,2
2026-05-07,000001,13:40:54,11.3300,300,1
2026-05-07,000001,13:40:57,11.3200,164,1
2026-05-07,000001,13:41:00,11.3200,63,1
2026-05-07,000001,13:41:03,11.3200,101,2
2026-05-07,000001,13:41:06,11.3200,113,2
2026-05-07,000001,13:41:09,11.3200,404,2
2026-05-07,000001,13:41:12,11.3200,79,1
2026-05-07,000001,13:41:15,11.3100,37,2
2026-05-07,000001,13:41:18,11.3200,719,1
2026-05-07,000001,13:41:21,11.3200,29,2
2026-05-07,000001,13:41:24,11.3300,42,1
2026-05-07,000001,13:41:30,11.3300,18,1
2026-05-07,000001,13:41:33,11.3200,28,2
2026-05-07,000001,13:41:36,11.3300,46,1
2026-05-07,000001,13:41:42,11.3300,6,1
2026-05-07,000001,13:41:45,11.3300,32,1
2026-05-07,000001,13:41:51,11.3200,25,2
2026-05-07,000001,13:41:57,11.3200,29,2
2026-05-07,000001,13:42:00,11.3300,95,1
2026-05-07,000001,13:42:06,11.3200,55,2
2026-05-07,000001,13:42:09,11.3200,67,2
2026-05-07,000001,13:42:12,11.3200,1257,2
2026-05-07,000001,13:42:15,11.3200,40,2
2026-05-07,000001,13:42:18,11.3300,122,1
2026-05-07,000001,13:42:21,11.3300,330,1
2026-05-07,000001,13:42:24,11.3300,552,1
2026-05-07,000001,13:42:27,11.3300,77,1
2026-05-07,000001,13:42:30,11.3200,15,2
2026-05-07,000001,13:42:33,11.3200,46,2
2026-05-07,000001,13:42:36,11.3300,2,1
2026-05-07,000001,13:42:39,11.3200,26,2
2026-05-07,000001,13:42:42,11.3300,52,1
2026-05-07,000001,13:42:45,11.3300,33,1
2026-05-07,000001,13:42:48,11.3200,5,2
2026-05-07,000001,13:42:54,11.3300,5,1
2026-05-07,000001,13:42:57,11.3300,68,1
2026-05-07,000001,13:43:00,11.3200,33,2
2026-05-07,000001,13:43:03,11.3200,89,2
2026-05-07,000001,13:43:06,11.3200,73,2
2026-05-07,000001,13:43:09,11.3200,99,2
2026-05-07,000001,13:43:12,11.3300,56,1
2026-05-07,000001,13:43:15,11.3300,48,1
2026-05-07,000001,13:43:18,11.3200,40,2
2026-05-07,000001,13:43:21,11.3200,30,2
2026-05-07,000001,13:43:24,11.3300,52,1
2026-05-07,000001,13:43:27,11.3300,36,1
2026-05-07,000001,13:43:30,11.3200,90,2
2026-05-07,000001,13:43:33,11.3200,33,2
2026-05-07,000001,13:43:36,11.3300,1,1
2026-05-07,000001,13:43:39,11.3300,40,1
2026-05-07,000001,13:43:42,11.3300,4,1
2026-05-07,000001,13:43:45,11.3200,28,2
2026-05-07,000001,13:43:48,11.3300,3,1
2026-05-07,000001,13:43:51,11.3200,381,2
2026-05-07,000001,13:43:54,11.3300,57,1
2026-05-07,000001,13:43:57,11.3200,130,2
2026-05-07,000001,13:44:00,11.3200,9,2
2026-05-07,000001,13:44:03,11.3300,76,1
2026-05-07,000001,13:44:06,11.3300,96,1
2026-05-07,000001,13:44:09,11.3200,183,2
2026-05-07,000001,13:44:12,11.3200,428,2
2026-05-07,000001,13:44:15,11.3200,315,2
2026-05-07,000001,13:44:18,11.3200,648,2
2026-05-07,000001,13:44:21,11.3100,316,2
2026-05-07,000001,13:44:24,11.3200,128,1
2026-05-07,000001,13:44:27,11.3200,20,1
2026-05-07,000001,13:44:30,11.3200,34,1
2026-05-07,000001,13:44:33,11.3200,94,1
2026-05-07,000001,13:44:36,11.3200,95,1
2026-05-07,000001,13:44:39,11.3200,1,1
2026-05-07,000001,13:44:42,11.3200,264,1
2026-05-07,000001,13:44:45,11.3200,323,1
2026-05-07,000001,13:44:48,11.3200,56,1
2026-05-07,000001,13:44:51,11.3200,492,1
2026-05-07,000001,13:44:54,11.3200,708,2
2026-05-07,000001,13:44:57,11.3200,44,2
2026-05-07,000001,13:45:00,11.3200,118,2
2026-05-07,000001,13:45:03,11.3200,53,2
2026-05-07,000001,13:45:06,11.3300,21,1
2026-05-07,000001,13:45:09,11.3200,39,2
2026-05-07,000001,13:45:12,11.3200,761,2
2026-05-07,000001,13:45:15,11.3300,108,1
2026-05-07,000001,13:45:18,11.3200,30,2
2026-05-07,000001,13:45:21,11.3300,63,1
2026-05-07,000001,13:45:24,11.3200,10,2
2026-05-07,000001,13:45:27,11.3200,7,2
2026-05-07,000001,13:45:30,11.3200,8,2
2026-05-07,000001,13:45:33,11.3200,50,2
2026-05-07,000001,13:45:36,11.3300,5,1
2026-05-07,000001,13:45:42,11.3200,5,2
2026-05-07,000001,13:45:45,11.3200,44,2
2026-05-07,000001,13:45:48,11.3300,7,1
2026-05-07,000001,13:45:51,11.3300,2,1
2026-05-07,000001,13:45:54,11.3300,1,1
2026-05-07,000001,13:45:57,11.3200,30,2
2026-05-07,000001,13:46:00,11.3200,26,2
2026-05-07,000001,13:46:03,11.3200,8,2
2026-05-07,000001,13:46:06,11.3200,11,2
2026-05-07,000001,13:46:09,11.3200,82,2
2026-05-07,000001,13:46:12,11.3300,40,1
2026-05-07,000001,13:46:15,11.3200,61,2
2026-05-07,000001,13:46:18,11.3200,80,2
2026-05-07,000001,13:46:21,11.3300,65,1
2026-05-07,000001,13:46:24,11.3200,26,2
2026-05-07,000001,13:46:27,11.3200,22,2
2026-05-07,000001,13:46:30,11.3300,19,1
2026-05-07,000001,13:46:33,11.3200,17,2
2026-05-07,000001,13:46:36,11.3300,55,1
2026-05-07,000001,13:46:39,11.3300,6,1
2026-05-07,000001,13:46:42,11.3200,3,2
2026-05-07,000001,13:46:45,11.3300,120,1
2026-05-07,000001,13:46:48,11.3300,18,1
2026-05-07,000001,13:46:51,11.3300,96,1
2026-05-07,000001,13:46:54,11.3200,167,2
2026-05-07,000001,13:46:57,11.3200,128,2
2026-05-07,000001,13:47:00,11.3200,44,2
2026-05-07,000001,13:47:03,11.3300,241,1
2026-05-07,000001,13:47:06,11.3300,18,1
2026-05-07,000001,13:47:09,11.3200,58,2
2026-05-07,000001,13:47:12,11.3300,14,1
2026-05-07,000001,13:47:15,11.3300,7209,1
2026-05-07,000001,13:47:18,11.3400,5134,1
2026-05-07,000001,13:47:21,11.3500,7279,4
2026-05-07,000001,13:47:24,11.3600,742,1
2026-05-07,000001,13:47:27,11.3500,51,1
2026-05-07,000001,13:47:30,11.3500,11,1
2026-05-07,000001,13:47:33,11.3400,289,2
2026-05-07,000001,13:47:36,11.3400,212,2
2026-05-07,000001,13:47:39,11.3400,38,2
2026-05-07,000001,13:47:42,11.3500,31,1
2026-05-07,000001,13:47:45,11.3400,32,2
2026-05-07,000001,13:47:48,11.3500,1,1
2026-05-07,000001,13:47:51,11.3500,77,1
2026-05-07,000001,13:47:54,11.3400,300,2
2026-05-07,000001,13:47:57,11.3500,362,1
2026-05-07,000001,13:48:00,11.3400,1,2
2026-05-07,000001,13:48:03,11.3400,90,2
2026-05-07,000001,13:48:06,11.3400,14,2
2026-05-07,000001,13:48:09,11.3400,134,2
2026-05-07,000001,13:48:12,11.3400,243,2
2026-05-07,000001,13:48:15,11.3400,228,1
2026-05-07,000001,13:48:18,11.3400,78,1
2026-05-07,000001,13:48:21,11.3300,592,2
2026-05-07,000001,13:48:24,11.3300,50,2
2026-05-07,000001,13:48:27,11.3400,32,1
2026-05-07,000001,13:48:30,11.3300,225,2
2026-05-07,000001,13:48:33,11.3400,175,1
2026-05-07,000001,13:48:36,11.3200,27,2
2026-05-07,000001,13:48:39,11.3300,63,1
2026-05-07,000001,13:48:42,11.3300,45,2
2026-05-07,000001,13:48:45,11.3300,45,2
2026-05-07,000001,13:48:48,11.3300,36,1
2026-05-07,000001,13:48:51,11.3300,108,2
2026-05-07,000001,13:48:54,11.3400,23,1
2026-05-07,000001,13:48:57,11.3300,31,2
2026-05-07,000001,13:49:06,11.3300,900,2
2026-05-07,000001,13:49:09,11.3300,34,2
2026-05-07,000001,13:49:12,11.3300,48,2
2026-05-07,000001,13:49:18,11.3300,12,2
2026-05-07,000001,13:49:21,11.3400,6007,1
2026-05-07,000001,13:49:24,11.3400,4803,4
2026-05-07,000001,13:49:27,11.3700,6208,1
2026-05-07,000001,13:49:30,11.3600,5477,1
2026-05-07,000001,13:49:33,11.3600,5829,1
2026-05-07,000001,13:49:36,11.3600,5353,1
2026-05-07,000001,13:49:39,11.3600,72,1
2026-05-07,000001,13:49:45,11.3500,29,2
2026-05-07,000001,13:49:48,11.3500,301,2
2026-05-07,000001,13:49:51,11.3500,18,1
2026-05-07,000001,13:49:54,11.3500,50,1
2026-05-07,000001,13:49:57,11.3500,65,1
2026-05-07,000001,13:50:00,11.3400,151,2
2026-05-07,000001,13:50:03,11.3400,63,2
2026-05-07,000001,13:50:06,11.3500,86,1
2026-05-07,000001,13:50:09,11.3400,32,2
2026-05-07,000001,13:50:12,11.3400,64,2
2026-05-07,000001,13:50:15,11.3400,86,2
2026-05-07,000001,13:50:18,11.3400,180,2
2026-05-07,000001,13:50:21,11.3500,210,1
2026-05-07,000001,13:50:24,11.3400,28,2
2026-05-07,000001,13:50:27,11.3400,44,2
2026-05-07,000001,13:50:30,11.3400,111,2
2026-05-07,000001,13:50:33,11.3400,101,2
2026-05-07,000001,13:50:36,11.3500,21,1
2026-05-07,000001,13:50:39,11.3400,41,2
2026-05-07,000001,13:50:42,11.3500,59,1
2026-05-07,000001,13:50:45,11.3400,58,2
2026-05-07,000001,13:50:48,11.3500,1,1
2026-05-07,000001,13:50:51,11.3400,27,2
2026-05-07,000001,13:50:54,11.3500,64,1
2026-05-07,000001,13:50:57,11.3400,44,2
2026-05-07,000001,13:51:00,11.3400,47,2
2026-05-07,000001,13:51:03,11.3500,33,1
2026-05-07,000001,13:51:09,11.3500,97,1
2026-05-07,000001,13:51:12,11.3400,559,2
2026-05-07,000001,13:51:15,11.3400,65,1
2026-05-07,000001,13:51:18,11.3300,209,2
2026-05-07,000001,13:51:21,11.3300,444,2
2026-05-07,000001,13:51:24,11.3400,243,1
2026-05-07,000001,13:51:27,11.3400,71,1
2026-05-07,000001,13:51:30,11.3400,125,2
2026-05-07,000001,13:51:33,11.3300,196,2
2026-05-07,000001,13:51:36,11.3400,89,1
2026-05-07,000001,13:51:39,11.3400,17,1
2026-05-07,000001,13:51:42,11.3300,1,2
2026-05-07,000001,13:51:45,11.3300,49,2
2026-05-07,000001,13:51:48,11.3300,21,2
2026-05-07,000001,13:51:51,11.3400,108,1
2026-05-07,000001,13:51:54,11.3400,255,1
2026-05-07,000001,13:51:57,11.3400,42,2
2026-05-07,000001,13:52:00,11.3500,1,1
2026-05-07,000001,13:52:03,11.3400,18,2
2026-05-07,000001,13:52:06,11.3400,45,2
2026-05-07,000001,13:52:09,11.3400,100,2
2026-05-07,000001,13:52:12,11.3400,346,2
2026-05-07,000001,13:52:15,11.3300,17,2
2026-05-07,000001,13:52:18,11.3300,458,2
2026-05-07,000001,13:52:21,11.3400,103,1
2026-05-07,000001,13:52:24,11.3500,208,1
2026-05-07,000001,13:52:27,11.3400,48,2
2026-05-07,000001,13:52:30,11.3400,37,2
2026-05-07,000001,13:52:33,11.3500,39,1
2026-05-07,000001,13:52:36,11.3400,45,2
2026-05-07,000001,13:52:39,11.3400,10,2
2026-05-07,000001,13:52:42,11.3400,40,2
2026-05-07,000001,13:52:45,11.3300,575,2
2026-05-07,000001,13:52:48,11.3400,52,4
2026-05-07,000001,13:52:51,11.3400,63,2
2026-05-07,000001,13:52:54,11.3400,2,2
2026-05-07,000001,13:52:57,11.3400,34,2
2026-05-07,000001,13:53:00,11.3400,357,2
2026-05-07,000001,13:53:03,11.3400,71,1
2026-05-07,000001,13:53:06,11.3400,13,1
2026-05-07,000001,13:53:09,11.3400,29,1
2026-05-07,000001,13:53:12,11.3400,18,1
2026-05-07,000001,13:53:15,11.3400,102,1
2026-05-07,000001,13:53:18,11.3300,6,2
2026-05-07,000001,13:53:21,11.3300,30,2
2026-05-07,000001,13:53:24,11.3300,61,2
2026-05-07,000001,13:53:27,11.3300,47,2
2026-05-07,000001,13:53:30,11.3400,21,1
2026-05-07,000001,13:53:33,11.3300,36,2
2026-05-07,000001,13:53:36,11.3300,40,2
2026-05-07,000001,13:53:39,11.3300,65,2
2026-05-07,000001,13:53:45,11.3300,104,2
2026-05-07,000001,13:53:48,11.3400,4,1
2026-05-07,000001,13:53:51,11.3400,25,1
2026-05-07,000001,13:53:54,11.3400,44,1
2026-05-07,000001,13:53:57,11.3400,71,1
2026-05-07,000001,13:54:00,11.3400,128,1
2026-05-07,000001,13:54:03,11.3400,40,1
2026-05-07,000001,13:54:06,11.3400,7,1
2026-05-07,000001,13:54:09,11.3400,48,1
2026-05-07,000001,13:54:12,11.3300,3,2
2026-05-07,000001,13:54:18,11.3300,6,2
2026-05-07,000001,13:54:21,11.3400,91,1
2026-05-07,000001,13:54:24,11.3400,108,1
2026-05-07,000001,13:54:27,11.3400,53,1
2026-05-07,000001,13:54:30,11.3400,7,1
2026-05-07,000001,13:54:33,11.3400,53,1
2026-05-07,000001,13:54:36,11.3400,15,1
2026-05-07,000001,13:54:39,11.3400,10,1
2026-05-07,000001,13:54:42,11.3400,72,1
2026-05-07,000001,13:54:45,11.3400,127,1
2026-05-07,000001,13:54:48,11.3400,52,1
2026-05-07,000001,13:54:51,11.3400,114,1
2026-05-07,000001,13:54:54,11.3300,334,2
2026-05-07,000001,13:54:57,11.3400,67,1
2026-05-07,000001,13:55:00,11.3400,9,1
2026-05-07,000001,13:55:03,11.3400,7,1
2026-05-07,000001,13:55:06,11.3300,95,2
2026-05-07,000001,13:55:09,11.3300,76,2
2026-05-07,000001,13:55:12,11.3300,178,2
2026-05-07,000001,13:55:15,11.3300,13,2
2026-05-07,000001,13:55:18,11.3400,24,1
2026-05-07,000001,13:55:21,11.3300,49,2
2026-05-07,000001,13:55:24,11.3300,164,2
2026-05-07,000001,13:55:27,11.3400,96,1
2026-05-07,000001,13:55:30,11.3300,192,2
2026-05-07,000001,13:55:33,11.3400,2128,1
2026-05-07,000001,13:55:36,11.3300,154,2
2026-05-07,000001,13:55:39,11.3400,116,1
2026-05-07,000001,13:55:42,11.3400,649,2
2026-05-07,000001,13:55:45,11.3400,355,2
2026-05-07,000001,13:55:48,11.3400,5,2
2026-05-07,000001,13:55:51,11.3400,26,2
2026-05-07,000001,13:55:54,11.3500,13,1
2026-05-07,000001,13:55:57,11.3400,141,2
2026-05-07,000001,13:56:00,11.3500,1,1
2026-05-07,000001,13:56:03,11.3400,19,2
2026-05-07,000001,13:56:06,11.3400,39,2
2026-05-07,000001,13:56:09,11.3400,43,2
2026-05-07,000001,13:56:18,11.3400,8,2
2026-05-07,000001,13:56:21,11.3500,129,1
2026-05-07,000001,13:56:24,11.3400,80,2
2026-05-07,000001,13:56:27,11.3500,24,1
2026-05-07,000001,13:56:30,11.3400,4,2
2026-05-07,000001,13:56:33,11.3400,385,2
2026-05-07,000001,13:56:36,11.3500,51,1
2026-05-07,000001,13:56:39,11.3400,82,2
2026-05-07,000001,13:56:42,11.3500,1,1
2026-05-07,000001,13:56:45,11.3400,29,2
2026-05-07,000001,13:56:48,11.3400,31,2
2026-05-07,000001,13:56:51,11.3400,18,2
2026-05-07,000001,13:56:54,11.3400,24,2
2026-05-07,000001,13:56:57,11.3400,87,2
2026-05-07,000001,13:57:00,11.3400,2,2
2026-05-07,000001,13:57:03,11.3500,19,1
2026-05-07,000001,13:57:09,11.3400,72,2
2026-05-07,000001,13:57:12,11.3400,63,2
2026-05-07,000001,13:57:15,11.3400,282,2
2026-05-07,000001,13:57:18,11.3400,658,2
2026-05-07,000001,13:57:21,11.3400,876,2
2026-05-07,000001,13:57:24,11.3500,508,1
2026-05-07,000001,13:57:27,11.3400,64,2
2026-05-07,000001,13:57:30,11.3500,52,1
2026-05-07,000001,13:57:33,11.3500,46,1
2026-05-07,000001,13:57:36,11.3500,10,1
2026-05-07,000001,13:57:42,11.3500,51,1
2026-05-07,000001,13:57:45,11.3400,59,2
2026-05-07,000001,13:57:48,11.3400,25,2
2026-05-07,000001,13:57:51,11.3400,56,2
2026-05-07,000001,13:57:54,11.3400,189,2
2026-05-07,000001,13:57:57,11.3400,76,2
2026-05-07,000001,13:58:00,11.3400,25,2
2026-05-07,000001,13:58:03,11.3400,21,2
2026-05-07,000001,13:58:06,11.3400,39,2
2026-05-07,000001,13:58:09,11.3500,4321,1
2026-05-07,000001,13:58:12,11.3600,6433,1
2026-05-07,000001,13:58:15,11.3700,5667,1
2026-05-07,000001,13:58:18,11.3700,1581,1
2026-05-07,000001,13:58:21,11.3600,315,2
2026-05-07,000001,13:58:24,11.3600,56,4
2026-05-07,000001,13:58:27,11.3500,16,2
2026-05-07,000001,13:58:30,11.3600,47,1
2026-05-07,000001,13:58:33,11.3600,116,1
2026-05-07,000001,13:58:36,11.3600,49,1
2026-05-07,000001,13:58:39,11.3600,49,2
2026-05-07,000001,13:58:42,11.3700,67,1
2026-05-07,000001,13:58:45,11.3700,592,1
2026-05-07,000001,13:58:48,11.3600,77,2
2026-05-07,000001,13:58:51,11.3600,33,2
2026-05-07,000001,13:58:54,11.3600,34,2
2026-05-07,000001,13:58:57,11.3600,48,2
2026-05-07,000001,13:59:00,11.3700,249,1
2026-05-07,000001,13:59:03,11.3600,65,4
2026-05-07,000001,13:59:06,11.3600,56,1
2026-05-07,000001,13:59:09,11.3500,188,2
2026-05-07,000001,13:59:12,11.3500,32,2
2026-05-07,000001,13:59:18,11.3600,1,1
2026-05-07,000001,13:59:21,11.3500,31,2
2026-05-07,000001,13:59:24,11.3500,60,2
2026-05-07,000001,13:59:27,11.3600,17,1
2026-05-07,000001,13:59:30,11.3500,10,2
2026-05-07,000001,13:59:33,11.3500,107,2
2026-05-07,000001,13:59:36,11.3600,1,1
2026-05-07,000001,13:59:39,11.3500,32,2
2026-05-07,000001,13:59:42,11.3500,108,2
2026-05-07,000001,13:59:45,11.3500,28,2
2026-05-07,000001,13:59:48,11.3600,1,1
2026-05-07,000001,13:59:51,11.3500,46,2
2026-05-07,000001,13:59:57,11.3600,68,1
2026-05-07,000001,14:00:00,11.3500,23,2
2026-05-07,000001,14:00:06,11.3600,2,1
2026-05-07,000001,14:00:09,11.3500,44,2
2026-05-07,000001,14:00:12,11.3500,1,2
2026-05-07,000001,14:00:15,11.3600,23,1
2026-05-07,000001,14:00:18,11.3600,46,1
2026-05-07,000001,14:00:21,11.3500,61,2
2026-05-07,000001,14:00:24,11.3600,125,1
2026-05-07,000001,14:00:27,11.3600,9,1
2026-05-07,000001,14:00:33,11.3500,54,2
2026-05-07,000001,14:00:36,11.3600,41,1
2026-05-07,000001,14:00:39,11.3500,11,2
2026-05-07,000001,14:00:45,11.3500,380,2
2026-05-07,000001,14:00:48,11.3500,260,2
2026-05-07,000001,14:00:51,11.3500,191,2
2026-05-07,000001,14:00:54,11.3600,491,1
2026-05-07,000001,14:00:57,11.3500,281,2
2026-05-07,000001,14:01:00,11.3500,316,2
2026-05-07,000001,14:01:03,11.3500,76,2
2026-05-07,000001,14:01:06,11.3500,64,2
2026-05-07,000001,14:01:09,11.3500,86,2
2026-05-07,000001,14:01:12,11.3500,25,2
2026-05-07,000001,14:01:15,11.3500,60,2
2026-05-07,000001,14:01:18,11.3500,74,2
2026-05-07,000001,14:01:21,11.3500,30,2
2026-05-07,000001,14:01:24,11.3500,75,2
2026-05-07,000001,14:01:27,11.3500,18,2
2026-05-07,000001,14:01:30,11.3500,4,2
2026-05-07,000001,14:01:33,11.3600,46,1
2026-05-07,000001,14:01:36,11.3500,83,2
2026-05-07,000001,14:01:39,11.3600,3,1
2026-05-07,000001,14:01:42,11.3500,573,2
2026-05-07,000001,14:01:45,11.3500,124,2
2026-05-07,000001,14:01:48,11.3500,23,2
2026-05-07,000001,14:01:51,11.3500,17,2
2026-05-07,000001,14:01:54,11.3600,41,1
2026-05-07,000001,14:01:57,11.3500,29,2
2026-05-07,000001,14:02:00,11.3500,40,2
2026-05-07,000001,14:02:03,11.3600,8,1
2026-05-07,000001,14:02:06,11.3500,409,2
2026-05-07,000001,14:02:09,11.3500,790,2
2026-05-07,000001,14:02:12,11.3400,99,2
2026-05-07,000001,14:02:15,11.3400,104,2
2026-05-07,000001,14:02:18,11.3400,26,2
2026-05-07,000001,14:02:21,11.3400,93,2
2026-05-07,000001,14:02:24,11.3500,28,1
2026-05-07,000001,14:02:27,11.3400,2,2
2026-05-07,000001,14:02:30,11.3500,29,1
2026-05-07,000001,14:02:33,11.3500,313,1
2026-05-07,000001,14:02:36,11.3600,1353,1
2026-05-07,000001,14:02:39,11.3600,44,1
2026-05-07,000001,14:02:42,11.3600,103,1
2026-05-07,000001,14:02:45,11.3500,568,2
2026-05-07,000001,14:02:48,11.3600,37,1
2026-05-07,000001,14:02:51,11.3500,32,2
2026-05-07,000001,14:02:54,11.3500,63,2
2026-05-07,000001,14:02:57,11.3500,39,2
2026-05-07,000001,14:03:00,11.3500,50,2
2026-05-07,000001,14:03:03,11.3500,48,2
2026-05-07,000001,14:03:06,11.3600,13,1
2026-05-07,000001,14:03:09,11.3500,89,2
2026-05-07,000001,14:03:12,11.3500,112,2
2026-05-07,000001,14:03:15,11.3500,109,2
2026-05-07,000001,14:03:18,11.3500,32,2
2026-05-07,000001,14:03:21,11.3500,61,2
2026-05-07,000001,14:03:24,11.3500,436,2
2026-05-07,000001,14:03:27,11.3500,2,2
2026-05-07,000001,14:03:30,11.3500,520,2
2026-05-07,000001,14:03:33,11.3500,118,2
2026-05-07,000001,14:03:36,11.3500,69,2
2026-05-07,000001,14:03:39,11.3600,139,1
2026-05-07,000001,14:03:42,11.3500,32,2
2026-05-07,000001,14:03:45,11.3500,45,2
2026-05-07,000001,14:03:48,11.3500,3,2
2026-05-07,000001,14:03:51,11.3500,1,2
2026-05-07,000001,14:03:54,11.3600,33,1
2026-05-07,000001,14:03:57,11.3500,28,2
2026-05-07,000001,14:04:00,11.3500,22,2
2026-05-07,000001,14:04:03,11.3500,39,2
2026-05-07,000001,14:04:06,11.3500,4,2
2026-05-07,000001,14:04:09,11.3500,65,2
2026-05-07,000001,14:04:12,11.3500,37,2
2026-05-07,000001,14:04:15,11.3500,37,2
2026-05-07,000001,14:04:18,11.3600,245,1
2026-05-07,000001,14:04:21,11.3500,62,2
2026-05-07,000001,14:04:24,11.3500,16,2
2026-05-07,000001,14:04:27,11.3500,32,2
2026-05-07,000001,14:04:30,11.3500,305,2
2026-05-07,000001,14:04:33,11.3500,123,2
2026-05-07,000001,14:04:36,11.3600,177,1
2026-05-07,000001,14:04:39,11.3500,73,2
2026-05-07,000001,14:04:42,11.3500,138,2
2026-05-07,000001,14:04:45,11.3500,29,2
2026-05-07,000001,14:04:48,11.3500,62,2
2026-05-07,000001,14:04:51,11.3500,80,2
2026-05-07,000001,14:04:54,11.3500,17,2
2026-05-07,000001,14:04:57,11.3500,50,2
2026-05-07,000001,14:05:00,11.3500,6,2
2026-05-07,000001,14:05:03,11.3600,6,1
2026-05-07,000001,14:05:06,11.3500,37,2
2026-05-07,000001,14:05:09,11.3600,108,1
2026-05-07,000001,14:05:12,11.3500,93,2
2026-05-07,000001,14:05:15,11.3500,13,2
2026-05-07,000001,14:05:21,11.3500,28,2
2026-05-07,000001,14:05:24,11.3600,9876,1
2026-05-07,000001,14:05:27,11.3600,3205,1
2026-05-07,000001,10:51:27,11.3300,80,1
2026-05-07,000001,10:51:30,11.3300,1,1
2026-05-07,000001,10:51:33,11.3300,37,1
2026-05-07,000001,10:51:39,11.3200,44,2
2026-05-07,000001,10:51:42,11.3200,109,2
2026-05-07,000001,10:51:45,11.3200,42,2
2026-05-07,000001,10:51:48,11.3300,51,1
2026-05-07,000001,10:51:51,11.3200,48,2
2026-05-07,000001,10:51:54,11.3300,133,1
2026-05-07,000001,10:51:57,11.3200,26,2
2026-05-07,000001,10:52:00,11.3300,30,1
2026-05-07,000001,10:52:03,11.3200,82,2
2026-05-07,000001,10:52:06,11.3300,58,1
2026-05-07,000001,10:52:09,11.3200,57,2
2026-05-07,000001,10:52:12,11.3300,252,1
2026-05-07,000001,10:52:15,11.3200,99,2
2026-05-07,000001,10:52:18,11.3200,110,2
2026-05-07,000001,10:52:21,11.3200,60,1
2026-05-07,000001,10:52:24,11.3100,14,2
2026-05-07,000001,10:52:27,11.3200,158,1
2026-05-07,000001,10:52:30,11.3100,26,2
2026-05-07,000001,10:52:33,11.3200,76,1
2026-05-07,000001,10:52:36,11.3100,249,2
2026-05-07,000001,10:52:39,11.3100,82,2
2026-05-07,000001,10:52:42,11.3200,58,1
2026-05-07,000001,10:52:45,11.3100,50,2
2026-05-07,000001,10:52:48,11.3100,8,2
2026-05-07,000001,10:52:54,11.3100,68,2
2026-05-07,000001,10:52:57,11.3100,153,2
2026-05-07,000001,10:53:00,11.3200,19,1
2026-05-07,000001,10:53:03,11.3200,459,1
2026-05-07,000001,10:53:06,11.3100,58,2
2026-05-07,000001,10:53:09,11.3100,83,2
2026-05-07,000001,10:53:12,11.3200,28,1
2026-05-07,000001,10:53:15,11.3200,147,1
2026-05-07,000001,10:53:18,11.3200,18,1
2026-05-07,000001,10:53:21,11.3200,276,1
2026-05-07,000001,10:53:24,11.3200,549,1
2026-05-07,000001,10:53:27,11.3200,637,1
2026-05-07,000001,10:53:30,11.3200,296,1
2026-05-07,000001,10:53:33,11.3200,280,2
2026-05-07,000001,10:53:36,11.3200,60,1
2026-05-07,000001,10:53:39,11.3200,2,1
2026-05-07,000001,10:53:42,11.3100,24,2
2026-05-07,000001,10:53:45,11.3100,24,2
2026-05-07,000001,10:53:48,11.3100,55,2
2026-05-07,000001,10:53:51,11.3100,121,2
2026-05-07,000001,10:53:54,11.3200,21,1
2026-05-07,000001,10:53:57,11.3200,95,1
2026-05-07,000001,10:54:00,11.3200,24,1
2026-05-07,000001,10:54:03,11.3200,364,1
2026-05-07,000001,10:54:06,11.3100,109,2
2026-05-07,000001,10:54:09,11.3100,290,2
2026-05-07,000001,10:54:12,11.3100,33,2
2026-05-07,000001,10:54:15,11.3100,25,2
2026-05-07,000001,10:54:18,11.3200,135,1
2026-05-07,000001,10:54:21,11.3200,91,1
2026-05-07,000001,10:54:24,11.3200,63,1
2026-05-07,000001,10:54:27,11.3200,63,1
2026-05-07,000001,10:54:30,11.3200,85,1
2026-05-07,000001,10:54:33,11.3200,155,1
2026-05-07,000001,10:54:36,11.3100,62,2
2026-05-07,000001,10:54:39,11.3200,119,1
2026-05-07,000001,10:54:42,11.3200,54,1
2026-05-07,000001,10:54:45,11.3100,144,2
2026-05-07,000001,10:54:48,11.3200,226,1
2026-05-07,000001,10:54:51,11.3200,6,1
2026-05-07,000001,10:54:54,11.3200,30,1
2026-05-07,000001,10:54:57,11.3200,30,1
2026-05-07,000001,10:55:00,11.3100,276,2
2026-05-07,000001,10:55:03,11.3200,113,1
2026-05-07,000001,10:55:06,11.3200,126,1
2026-05-07,000001,10:55:09,11.3200,131,1
2026-05-07,000001,10:55:12,11.3100,147,2
2026-05-07,000001,10:55:15,11.3200,13,1
2026-05-07,000001,10:55:21,11.3200,69,1
2026-05-07,000001,10:55:24,11.3100,346,2
2026-05-07,000001,10:55:27,11.3100,36,2
2026-05-07,000001,10:55:30,11.3200,160,1
2026-05-07,000001,10:55:33,11.3100,68,2
2026-05-07,000001,10:55:36,11.3100,2042,2
2026-05-07,000001,10:55:39,11.3100,167,2
2026-05-07,000001,10:55:42,11.3200,650,1
2026-05-07,000001,10:55:45,11.3100,214,2
2026-05-07,000001,10:55:48,11.3200,111,1
2026-05-07,000001,10:55:51,11.3200,87,1
2026-05-07,000001,10:55:54,11.3200,120,1
2026-05-07,000001,10:55:57,11.3200,77,1
2026-05-07,000001,10:56:00,11.3100,246,2
2026-05-07,000001,10:56:03,11.3100,5,2
2026-05-07,000001,10:56:06,11.3200,89,1
2026-05-07,000001,10:56:09,11.3100,116,2
2026-05-07,000001,10:56:12,11.3100,27,2
2026-05-07,000001,10:56:15,11.3100,40,2
2026-05-07,000001,10:56:18,11.3200,126,1
2026-05-07,000001,10:56:21,11.3200,360,1
2026-05-07,000001,10:56:24,11.3100,59,2
2026-05-07,000001,10:56:27,11.3100,6,2
2026-05-07,000001,10:56:30,11.3200,191,1
2026-05-07,000001,10:56:33,11.3100,79,2
2026-05-07,000001,10:56:36,11.3100,32,2
2026-05-07,000001,10:56:39,11.3100,242,2
2026-05-07,000001,10:56:42,11.3100,116,2
2026-05-07,000001,10:56:45,11.3100,234,2
2026-05-07,000001,10:56:48,11.3200,27,1
2026-05-07,000001,10:56:51,11.3200,65,1
2026-05-07,000001,10:56:54,11.3100,66,2
2026-05-07,000001,10:56:57,11.3100,180,2
2026-05-07,000001,10:57:00,11.3100,45,2
2026-05-07,000001,10:57:03,11.3200,137,1
2026-05-07,000001,10:57:06,11.3100,86,2
2026-05-07,000001,10:57:09,11.3100,119,2
2026-05-07,000001,10:57:12,11.3100,59,2
2026-05-07,000001,10:57:15,11.3200,177,1
2026-05-07,000001,10:57:21,11.3200,97,1
2026-05-07,000001,10:57:24,11.3200,7,1
2026-05-07,000001,10:57:27,11.3100,123,2
2026-05-07,000001,10:57:30,11.3200,175,1
2026-05-07,000001,10:57:33,11.3100,67,2
2026-05-07,000001,10:57:36,11.3100,104,2
2026-05-07,000001,10:57:39,11.3200,59,1
2026-05-07,000001,10:57:42,11.3100,260,2
2026-05-07,000001,10:57:45,11.3200,67,1
2026-05-07,000001,10:57:48,11.3100,44,2
2026-05-07,000001,10:57:51,11.3200,23,1
2026-05-07,000001,10:57:54,11.3200,949,1
2026-05-07,000001,10:57:57,11.3100,93,2
2026-05-07,000001,10:58:00,11.3200,250,1
2026-05-07,000001,10:58:03,11.3100,38,2
2026-05-07,000001,10:58:06,11.3200,96,1
2026-05-07,000001,10:58:09,11.3200,68,1
2026-05-07,000001,10:58:12,11.3200,80,1
2026-05-07,000001,10:58:15,11.3200,33,1
2026-05-07,000001,10:58:18,11.3100,2031,2
2026-05-07,000001,10:58:21,11.3200,97,1
2026-05-07,000001,10:58:24,11.3100,46,2
2026-05-07,000001,10:58:27,11.3100,54,2
2026-05-07,000001,10:58:30,11.3100,64,2
2026-05-07,000001,10:58:33,11.3200,122,1
2026-05-07,000001,10:58:36,11.3100,80,2
2026-05-07,000001,10:58:39,11.3100,36,2
2026-05-07,000001,10:58:42,11.3100,80,2
2026-05-07,000001,10:58:45,11.3200,103,1
2026-05-07,000001,10:58:48,11.3200,73,1
2026-05-07,000001,10:58:51,11.3100,228,2
2026-05-07,000001,10:58:54,11.3100,2,2
2026-05-07,000001,10:58:57,11.3200,90,1
2026-05-07,000001,10:59:00,11.3100,270,2
2026-05-07,000001,10:59:03,11.3100,82,2
2026-05-07,000001,10:59:06,11.3200,84,1
2026-05-07,000001,10:59:09,11.3200,93,1
2026-05-07,000001,10:59:12,11.3100,36,2
2026-05-07,000001,10:59:15,11.3200,111,1
2026-05-07,000001,10:59:18,11.3200,126,1
2026-05-07,000001,10:59:21,11.3100,61,2
2026-05-07,000001,10:59:24,11.3200,53,1
2026-05-07,000001,10:59:27,11.3100,29,2
2026-05-07,000001,10:59:30,11.3200,84,1
2026-05-07,000001,10:59:33,11.3200,92,1
2026-05-07,000001,10:59:36,11.3100,66,2
2026-05-07,000001,10:59:39,11.3100,34,2
2026-05-07,000001,10:59:42,11.3200,145,1
2026-05-07,000001,10:59:45,11.3200,85,1
2026-05-07,000001,10:59:48,11.3100,92,2
2026-05-07,000001,10:59:51,11.3200,54,1
2026-05-07,000001,10:59:54,11.3100,48,2
2026-05-07,000001,10:59:57,11.3100,199,2
2026-05-07,000001,11:00:00,11.3100,101,2
2026-05-07,000001,11:00:03,11.3200,56,1
2026-05-07,000001,11:00:06,11.3100,82,2
2026-05-07,000001,11:00:09,11.3100,111,2
2026-05-07,000001,11:00:15,11.3200,84,1
2026-05-07,000001,11:00:18,11.3100,152,2
2026-05-07,000001,11:00:21,11.3100,144,2
2026-05-07,000001,11:00:24,11.3100,1727,2
2026-05-07,000001,11:00:27,11.3100,428,2
2026-05-07,000001,11:00:30,11.3200,374,1
2026-05-07,000001,11:00:33,11.3200,1208,1
2026-05-07,000001,11:00:36,11.3100,1350,2
2026-05-07,000001,11:00:39,11.3200,703,1
2026-05-07,000001,11:00:42,11.3100,480,2
2026-05-07,000001,11:00:45,11.3200,1211,1
2026-05-07,000001,11:00:48,11.3200,781,1
2026-05-07,000001,11:00:51,11.3100,91,2
2026-05-07,000001,11:00:54,11.3100,40,2
2026-05-07,000001,11:00:57,11.3200,93,1
2026-05-07,000001,11:01:00,11.3100,25,2
2026-05-07,000001,11:01:03,11.3100,135,2
2026-05-07,000001,11:01:06,11.3100,44,2
2026-05-07,000001,11:01:09,11.3200,75,1
2026-05-07,000001,11:01:12,11.3100,45,2
2026-05-07,000001,11:01:15,11.3200,55,1
2026-05-07,000001,11:01:18,11.3100,68,2
2026-05-07,000001,11:01:21,11.3200,379,1
2026-05-07,000001,11:01:24,11.3200,43,1
2026-05-07,000001,11:01:27,11.3100,59,2
2026-05-07,000001,11:01:30,11.3100,177,2
2026-05-07,000001,11:01:33,11.3200,121,1
2026-05-07,000001,11:01:36,11.3100,261,2
2026-05-07,000001,11:01:39,11.3200,425,1
2026-05-07,000001,11:01:42,11.3100,1008,2
2026-05-07,000001,11:01:45,11.3200,401,1
2026-05-07,000001,11:01:48,11.3200,24,1
2026-05-07,000001,11:01:51,11.3200,90,1
2026-05-07,000001,11:01:54,11.3200,13,1
2026-05-07,000001,11:01:57,11.3100,29,2
2026-05-07,000001,11:02:00,11.3200,1,1
2026-05-07,000001,11:02:06,11.3100,226,2
2026-05-07,000001,11:02:09,11.3200,39,1
2026-05-07,000001,11:02:12,11.3100,22,2
2026-05-07,000001,11:02:15,11.3200,40,1
2026-05-07,000001,11:02:18,11.3200,10,1
2026-05-07,000001,11:02:21,11.3100,34,2
2026-05-07,000001,11:02:24,11.3200,59,1
2026-05-07,000001,11:02:27,11.3200,63,1
2026-05-07,000001,11:02:30,11.3200,65,1
2026-05-07,000001,11:02:33,11.3100,28,2
2026-05-07,000001,11:02:36,11.3200,12,1
2026-05-07,000001,11:02:39,11.3100,126,2
2026-05-07,000001,11:02:42,11.3100,54,2
2026-05-07,000001,11:02:45,11.3200,203,1
2026-05-07,000001,11:02:54,11.3100,177,2
2026-05-07,000001,11:02:57,11.3100,407,2
2026-05-07,000001,11:03:00,11.3100,60,2
2026-05-07,000001,11:03:03,11.3200,126,1
2026-05-07,000001,11:03:06,11.3100,196,2
2026-05-07,000001,11:03:09,11.3100,113,2
2026-05-07,000001,11:03:12,11.3100,66,2
2026-05-07,000001,11:03:15,11.3200,90,1
2026-05-07,000001,11:03:18,11.3100,38,2
2026-05-07,000001,11:03:21,11.3100,148,2
2026-05-07,000001,11:03:24,11.3100,59,2
2026-05-07,000001,11:03:27,11.3200,50,1
2026-05-07,000001,11:03:30,11.3100,46,2
2026-05-07,000001,11:03:33,11.3100,303,2
2026-05-07,000001,11:03:36,11.3100,216,2
2026-05-07,000001,11:03:39,11.3200,86,1
2026-05-07,000001,11:03:42,11.3100,191,2
2026-05-07,000001,11:03:45,11.3200,87,1
2026-05-07,000001,11:03:48,11.3200,46,1
2026-05-07,000001,11:03:54,11.3100,39,2
2026-05-07,000001,11:03:57,11.3100,131,2
2026-05-07,000001,11:04:00,11.3100,30,2
2026-05-07,000001,11:04:03,11.3100,34,2
2026-05-07,000001,11:04:06,11.3100,44,2
2026-05-07,000001,11:04:09,11.3200,213,1
2026-05-07,000001,11:04:12,11.3200,35,1
2026-05-07,000001,11:04:15,11.3200,349,1
2026-05-07,000001,11:04:18,11.3200,148,1
2026-05-07,000001,11:04:21,11.3200,39,1
2026-05-07,000001,11:04:24,11.3100,10,2
2026-05-07,000001,11:04:27,11.3200,94,1
2026-05-07,000001,11:04:30,11.3200,24,1
2026-05-07,000001,11:04:33,11.3100,77,2
2026-05-07,000001,11:04:36,11.3100,4,2
2026-05-07,000001,11:04:39,11.3100,196,2
2026-05-07,000001,11:04:42,11.3200,40,1
2026-05-07,000001,11:04:45,11.3200,80,1
2026-05-07,000001,11:04:48,11.3200,241,1
2026-05-07,000001,11:04:51,11.3100,61,2
2026-05-07,000001,11:04:57,11.3100,68,2
2026-05-07,000001,11:05:03,11.3100,104,2
2026-05-07,000001,11:05:06,11.3100,25,2
2026-05-07,000001,11:05:09,11.3100,29,2
2026-05-07,000001,11:05:12,11.3200,5,1
2026-05-07,000001,11:05:15,11.3200,24,1
2026-05-07,000001,11:05:18,11.3200,167,1
2026-05-07,000001,11:05:21,11.3200,135,1
2026-05-07,000001,11:05:24,11.3100,34,2
2026-05-07,000001,11:05:33,11.3100,63,2
2026-05-07,000001,11:05:36,11.3100,210,2
2026-05-07,000001,11:05:42,11.3200,80,1
2026-05-07,000001,11:05:45,11.3100,157,2
2026-05-07,000001,11:05:48,11.3200,105,1
2026-05-07,000001,11:05:51,11.3100,232,2
2026-05-07,000001,11:05:54,11.3100,86,2
2026-05-07,000001,11:05:57,11.3200,31,1
2026-05-07,000001,11:06:00,11.3100,29,2
2026-05-07,000001,11:06:03,11.3200,54,1
2026-05-07,000001,11:06:06,11.3200,27,1
2026-05-07,000001,11:06:09,11.3100,33,2
2026-05-07,000001,11:06:12,11.3200,42,1
2026-05-07,000001,11:06:15,11.3200,64,1
2026-05-07,000001,11:06:18,11.3200,214,1
2026-05-07,000001,11:06:21,11.3200,94,1
2026-05-07,000001,11:06:24,11.3200,100,1
2026-05-07,000001,11:06:27,11.3100,53,2
2026-05-07,000001,11:06:30,11.3200,30,1
2026-05-07,000001,11:06:33,11.3200,134,1
2026-05-07,000001,11:06:36,11.3100,35,2
2026-05-07,000001,11:06:39,11.3200,70,1
2026-05-07,000001,11:06:42,11.3200,184,1
2026-05-07,000001,11:06:45,11.3200,99,1
2026-05-07,000001,11:06:48,11.3100,106,2
2026-05-07,000001,11:06:51,11.3100,55,2
2026-05-07,000001,11:06:54,11.3200,29,1
2026-05-07,000001,11:06:57,11.3200,54,1
2026-05-07,000001,11:07:00,11.3200,29,1
2026-05-07,000001,11:07:03,11.3200,86,1
2026-05-07,000001,11:07:06,11.3200,11,1
2026-05-07,000001,11:07:09,11.3200,43,1
2026-05-07,000001,11:07:12,11.3200,237,1
2026-05-07,000001,11:07:15,11.3200,132,1
2026-05-07,000001,11:07:18,11.3200,108,1
2026-05-07,000001,11:07:21,11.3200,1,1
2026-05-07,000001,11:07:24,11.3200,194,1
2026-05-07,000001,11:07:27,11.3200,20,1
2026-05-07,000001,11:07:30,11.3200,60,1
2026-05-07,000001,11:07:33,11.3100,319,2
2026-05-07,000001,11:07:36,11.3100,18,2
2026-05-07,000001,11:07:39,11.3100,2567,2
2026-05-07,000001,11:07:42,11.3200,142,1
2026-05-07,000001,11:07:45,11.3100,156,2
2026-05-07,000001,11:07:48,11.3100,93,2
2026-05-07,000001,11:07:51,11.3100,287,2
2026-05-07,000001,11:07:54,11.3100,33,2
2026-05-07,000001,11:07:57,11.3200,57,1
2026-05-07,000001,11:08:00,11.3200,17,1
2026-05-07,000001,11:08:03,11.3100,32,2
2026-05-07,000001,11:08:09,11.3200,59,1
2026-05-07,000001,11:08:12,11.3200,98,1
2026-05-07,000001,11:08:15,11.3200,1476,1
2026-05-07,000001,11:08:18,11.3200,231,2
2026-05-07,000001,11:08:21,11.3200,98,2
2026-05-07,000001,11:08:24,11.3100,170,2
2026-05-07,000001,11:08:27,11.3100,35,2
2026-05-07,000001,11:08:30,11.3200,21,1
2026-05-07,000001,11:08:33,11.3100,17,2
2026-05-07,000001,11:08:36,11.3200,92,1
2026-05-07,000001,11:08:39,11.3200,179,1
2026-05-07,000001,11:08:42,11.3200,82,2
2026-05-07,000001,11:08:45,11.3200,33,1
2026-05-07,000001,11:08:48,11.3200,183,1
2026-05-07,000001,11:08:51,11.3200,110,1
2026-05-07,000001,11:08:54,11.3200,157,2
2026-05-07,000001,11:08:57,11.3100,34,2
2026-05-07,000001,11:09:03,11.3200,233,1
2026-05-07,000001,11:09:06,11.3100,32,2
2026-05-07,000001,11:09:09,11.3200,150,1
2026-05-07,000001,11:09:12,11.3200,127,1
2026-05-07,000001,11:09:15,11.3200,81,1
2026-05-07,000001,11:09:18,11.3300,204,1
2026-05-07,000001,11:09:21,11.3100,189,2
2026-05-07,000001,11:09:24,11.3100,16,2
2026-05-07,000001,11:09:27,11.3100,134,2
2026-05-07,000001,11:09:30,11.3300,88,1
2026-05-07,000001,11:09:33,11.3200,19,1
2026-05-07,000001,11:09:36,11.3200,141,1
2026-05-07,000001,11:09:39,11.3300,110,1
2026-05-07,000001,11:09:42,11.3300,63,1
2026-05-07,000001,11:09:45,11.3200,137,2
2026-05-07,000001,11:09:48,11.3300,163,1
2026-05-07,000001,11:09:51,11.3200,106,2
2026-05-07,000001,11:09:57,11.3200,180,2
2026-05-07,000001,11:10:00,11.3200,16,2
2026-05-07,000001,11:10:03,11.3200,75,2
2026-05-07,000001,11:10:06,11.3300,262,1
2026-05-07,000001,11:10:09,11.3200,40,2
2026-05-07,000001,11:10:12,11.3200,167,2
2026-05-07,000001,11:10:15,11.3300,42,1
2026-05-07,000001,11:10:18,11.3300,113,1
2026-05-07,000001,11:10:21,11.3200,75,2
2026-05-07,000001,11:10:24,11.3300,36,1
2026-05-07,000001,11:10:27,11.3200,175,2
2026-05-07,000001,11:10:30,11.3200,15,2
2026-05-07,000001,11:10:33,11.3300,103,1
2026-05-07,000001,11:10:36,11.3200,782,2
2026-05-07,000001,11:10:39,11.3200,100,2
2026-05-07,000001,11:10:42,11.3200,174,2
2026-05-07,000001,11:10:45,11.3300,212,1
2026-05-07,000001,11:10:48,11.3300,152,1
2026-05-07,000001,11:10:51,11.3200,137,2
2026-05-07,000001,11:10:54,11.3200,36,2
2026-05-07,000001,11:10:57,11.3200,37,2
2026-05-07,000001,11:11:00,11.3300,45,1
2026-05-07,000001,11:11:03,11.3300,166,1
2026-05-07,000001,11:11:06,11.3300,202,1
2026-05-07,000001,11:11:09,11.3300,46,1
2026-05-07,000001,11:11:12,11.3200,52,2
2026-05-07,000001,11:11:15,11.3300,60,1
2026-05-07,000001,11:11:18,11.3300,78,1
2026-05-07,000001,11:11:21,11.3300,128,1
2026-05-07,000001,11:11:24,11.3200,165,2
2026-05-07,000001,11:11:27,11.3200,77,2
2026-05-07,000001,11:11:30,11.3300,53,1
2026-05-07,000001,11:11:33,11.3200,117,2
2026-05-07,000001,11:11:36,11.3300,62,1
2026-05-07,000001,11:11:39,11.3200,58,2
2026-05-07,000001,11:11:42,11.3300,116,1
2026-05-07,000001,11:11:45,11.3200,132,2
2026-05-07,000001,11:11:48,11.3300,103,1
2026-05-07,000001,11:11:51,11.3200,73,2
2026-05-07,000001,11:11:54,11.3200,59,2
2026-05-07,000001,11:11:57,11.3200,136,2
2026-05-07,000001,11:12:00,11.3200,1138,2
2026-05-07,000001,11:12:03,11.3200,123,2
2026-05-07,000001,11:12:06,11.3200,443,2
2026-05-07,000001,11:12:09,11.3200,64,2
2026-05-07,000001,11:12:12,11.3200,36,2
2026-05-07,000001,11:12:18,11.3200,28,2
2026-05-07,000001,11:12:21,11.3200,340,2
2026-05-07,000001,11:12:24,11.3200,419,1
2026-05-07,000001,11:12:27,11.3300,47,1
2026-05-07,000001,11:12:30,11.3200,147,4
2026-05-07,000001,11:12:33,11.3300,73,1
2026-05-07,000001,11:12:36,11.3200,50,4
2026-05-07,000001,11:12:39,11.3200,306,2
2026-05-07,000001,11:12:42,11.3300,204,1
2026-05-07,000001,11:12:45,11.3200,389,2
2026-05-07,000001,11:12:48,11.3200,169,1
2026-05-07,000001,11:12:51,11.3200,824,1
2026-05-07,000001,11:12:54,11.3200,5,2
2026-05-07,000001,11:12:57,11.3200,108,2
2026-05-07,000001,11:13:00,11.3200,136,2
2026-05-07,000001,11:13:03,11.3200,145,2
2026-05-07,000001,11:13:06,11.3200,95,2
2026-05-07,000001,11:13:09,11.3200,151,2
2026-05-07,000001,11:13:12,11.3200,160,2
2026-05-07,000001,11:13:15,11.3300,40,1
2026-05-07,000001,11:13:21,11.3200,66,2
2026-05-07,000001,11:13:24,11.3200,1,2
2026-05-07,000001,11:13:27,11.3200,99,2
2026-05-07,000001,11:13:30,11.3300,724,1
2026-05-07,000001,11:13:33,11.3300,131,1
2026-05-07,000001,11:13:36,11.3200,97,2
2026-05-07,000001,11:13:39,11.3300,38,1
2026-05-07,000001,11:13:42,11.3200,30,2
2026-05-07,000001,11:13:45,11.3200,58,2
2026-05-07,000001,11:13:48,11.3200,9,2
2026-05-07,000001,11:13:51,11.3200,53,2
2026-05-07,000001,11:13:54,11.3200,26,2
2026-05-07,000001,11:13:57,11.3200,53,2
2026-05-07,000001,11:14:00,11.3300,52,1
2026-05-07,000001,11:14:03,11.3300,119,1
2026-05-07,000001,11:14:06,11.3200,52,2
2026-05-07,000001,11:14:09,11.3200,27,2
2026-05-07,000001,11:14:12,11.3200,34,2
2026-05-07,000001,11:14:15,11.3300,12,1
2026-05-07,000001,11:14:18,11.3200,74,2
2026-05-07,000001,11:14:21,11.3200,41,2
2026-05-07,000001,11:14:24,11.3300,53,1
2026-05-07,000001,11:14:30,11.3300,47,1
2026-05-07,000001,11:14:33,11.3200,97,2
2026-05-07,000001,11:14:36,11.3200,8,2
2026-05-07,000001,11:14:39,11.3200,45,2
2026-05-07,000001,11:14:42,11.3200,69,2
2026-05-07,000001,11:14:45,11.3200,75,2
2026-05-07,000001,11:14:48,11.3200,74,2
2026-05-07,000001,11:14:51,11.3300,111,1
2026-05-07,000001,11:14:54,11.3200,37,2
2026-05-07,000001,11:14:57,11.3200,44,2
2026-05-07,000001,11:15:00,11.3200,229,2
2026-05-07,000001,11:15:03,11.3300,30,1
2026-05-07,000001,11:15:06,11.3300,104,1
2026-05-07,000001,11:15:09,11.3300,38,1
2026-05-07,000001,11:15:12,11.3300,48,1
2026-05-07,000001,11:15:15,11.3300,45,1
2026-05-07,000001,11:15:18,11.3300,5,1
2026-05-07,000001,11:15:21,11.3200,62,2
2026-05-07,000001,11:15:24,11.3300,11,1
2026-05-07,000001,11:15:27,11.3200,47,2
2026-05-07,000001,11:15:33,11.3300,83,1
2026-05-07,000001,11:15:36,11.3200,56,2
2026-05-07,000001,11:15:39,11.3200,52,2
2026-05-07,000001,11:15:42,11.3200,37,2
2026-05-07,000001,11:15:45,11.3200,75,2
2026-05-07,000001,11:15:48,11.3200,32,2
2026-05-07,000001,11:15:51,11.3200,309,2
2026-05-07,000001,11:15:54,11.3200,99,2
2026-05-07,000001,11:15:57,11.3300,51,1
2026-05-07,000001,11:16:00,11.3200,31,2
2026-05-07,000001,11:16:03,11.3200,32,2
2026-05-07,000001,11:16:06,11.3300,134,1
2026-05-07,000001,11:16:09,11.3200,53,2
2026-05-07,000001,11:16:12,11.3200,506,2
2026-05-07,000001,11:16:15,11.3200,39,2
2026-05-07,000001,11:16:18,11.3200,51,2
2026-05-07,000001,11:16:21,11.3300,117,1
2026-05-07,000001,11:16:24,11.3300,18,1
2026-05-07,000001,11:16:27,11.3200,45,2
