date,code,time,price,volume,bs
2026-05-29,600519,14:05:56,1324.1000,3,2
2026-05-29,600519,14:05:59,1324.1000,5,1
2026-05-29,600519,14:06:02,1324.1500,5,1
2026-05-29,600519,14:06:06,1324.0400,5,2
2026-05-29,600519,14:06:08,1324.9900,10,1
2026-05-29,600519,14:06:11,1324.0500,8,2
2026-05-29,600519,14:06:14,1324.0500,11,1
2026-05-29,600519,14:06:17,1324.0400,28,2
2026-05-29,600519,14:06:21,1324.0601,2,1
2026-05-29,600519,14:06:23,1324.0601,12,1
2026-05-29,600519,14:06:26,1324.0699,4,1
2026-05-29,600519,14:06:29,1324.0500,7,2
2026-05-29,600519,14:06:33,1324.0800,3,2
2026-05-29,600519,14:06:36,1324.0699,10,2
2026-05-29,600519,14:06:39,1324.2000,12,2
2026-05-29,600519,14:06:41,1324.0699,34,1
2026-05-29,600519,14:06:45,1324.9700,7,1
2026-05-29,600519,14:06:47,1324.0500,24,2
2026-05-29,600519,14:06:51,1324.9800,4,1
2026-05-29,600519,14:06:54,1324.0699,32,2
2026-05-29,600519,14:06:57,1324.0400,7,2
2026-05-29,600519,14:06:59,1324.0200,7,2
2026-05-29,600519,14:07:03,1324.0200,1,2
2026-05-29,600519,14:07:05,1324.0400,21,2
2026-05-29,600519,14:07:08,1325.1500,45,1
2026-05-29,600519,14:07:11,1325.2100,9,1
2026-05-29,600519,14:07:14,1325.5000,8,1
2026-05-29,600519,14:07:18,1325.3199,11,2
2026-05-29,600519,14:07:20,1325.5900,6,1
2026-05-29,600519,14:07:23,1325.6000,8,1
2026-05-29,600519,14:07:27,1325.6100,6,1
2026-05-29,600519,14:07:30,1325.3300,3,2
2026-05-29,600519,14:07:33,1325.3300,3,1
2026-05-29,600519,14:07:36,1324.1801,8,2
2026-05-29,600519,14:07:41,1324.2600,1,2
2026-05-29,600519,14:07:45,1325.3300,3,1
2026-05-29,600519,14:07:47,1325.3300,8,1
2026-05-29,600519,14:07:50,1324.4100,5,2
2026-05-29,600519,14:07:53,1324.4100,4,2
2026-05-29,600519,14:07:56,1325.3000,1,1
2026-05-29,600519,14:07:59,1324.4600,2,2
2026-05-29,600519,14:08:02,1325.4000,4,1
2026-05-29,600519,14:08:05,1324.4600,17,2
2026-05-29,600519,14:08:08,1325.3000,2,1
2026-05-29,600519,14:08:11,1324.6000,7,2
2026-05-29,600519,14:08:14,1324.4000,61,2
2026-05-29,600519,14:08:18,1325.0000,8,1
2026-05-29,600519,14:08:20,1324.5100,2,1
2026-05-29,600519,14:08:23,1324.5100,6,1
2026-05-29,600519,14:08:29,1324.5100,4,1
2026-05-29,600519,14:08:33,1324.4500,4,2
2026-05-29,600519,14:08:36,1324.4500,3,1
2026-05-29,600519,14:08:38,1324.6000,3,1
2026-05-29,600519,14:08:41,1325.0000,4,1
2026-05-29,600519,14:08:44,1324.4600,3,2
2026-05-29,600519,14:08:48,1325.0000,13,1
2026-05-29,600519,14:08:50,1324.2000,14,2
2026-05-29,600519,14:08:53,1324.6500,5,1
2026-05-29,600519,14:08:57,1324.6000,4,1
2026-05-29,600519,14:08:59,1325.0000,8,1
2026-05-29,600519,14:09:02,1324.2000,14,2
2026-05-29,600519,14:09:08,1324.2000,7,2
2026-05-29,600519,14:09:11,1324.3400,11,1
2026-05-29,600519,14:09:15,1324.9900,10,1
2026-05-29,600519,14:09:18,1324.3600,10,2
2026-05-29,600519,14:09:20,1324.3700,1,2
2026-05-29,600519,14:09:23,1325.3000,61,1
2026-05-29,600519,14:09:26,1325.0300,23,2
2026-05-29,600519,14:09:29,1325.3900,8,1
2026-05-29,600519,14:09:32,1325.0000,1,2
2026-05-29,600519,14:09:38,1324.9500,6,2
2026-05-29,600519,14:09:41,1325.0300,12,1
2026-05-29,600519,14:09:44,1325.5000,18,1
2026-05-29,600519,14:09:48,1325.5000,6,1
2026-05-29,600519,14:09:50,1325.0000,2,2
2026-05-29,600519,14:09:54,1324.9700,6,2
2026-05-29,600519,14:09:57,1324.8700,23,2
2026-05-29,600519,14:09:59,1324.9600,2,1
2026-05-29,600519,14:10:03,1324.4200,8,2
2026-05-29,600519,14:10:06,1324.9500,3,1
2026-05-29,600519,14:10:11,1324.4301,7,2
2026-05-29,600519,14:10:15,1324.9399,5,1
2026-05-29,600519,14:10:17,1324.3600,4,2
2026-05-29,600519,14:10:20,1324.4000,2,1
2026-05-29,600519,14:10:24,1324.4000,5,1
2026-05-29,600519,14:10:27,1324.3400,6,2
2026-05-29,600519,14:10:30,1324.3300,5,2
2026-05-29,600519,14:10:32,1324.3900,6,1
2026-05-29,600519,14:10:35,1324.4000,2,1
2026-05-29,600519,14:10:38,1324.4200,1,1
2026-05-29,600519,14:10:41,1324.2700,6,2
2026-05-29,600519,14:10:44,1324.3500,2,2
2026-05-29,600519,14:10:47,1324.4301,3,1
2026-05-29,600519,14:10:51,1324.3500,6,2
2026-05-29,600519,14:10:53,1324.3500,2,1
2026-05-29,600519,14:10:56,1324.2700,7,2
2026-05-29,600519,14:11:00,1324.2600,6,1
2026-05-29,600519,14:11:02,1324.2400,1,2
2026-05-29,600519,14:11:06,1324.2300,12,2
2026-05-29,600519,14:11:08,1324.2600,13,1
2026-05-29,600519,14:11:11,1324.2800,4,2
2026-05-29,600519,14:11:15,1324.2700,7,2
2026-05-29,600519,14:11:17,1324.3500,7,1
2026-05-29,600519,14:11:21,1324.4200,3,1
2026-05-29,600519,14:11:23,1324.3700,3,2
2026-05-29,600519,14:11:26,1324.5601,5,1
2026-05-29,600519,14:11:29,1324.6700,4,1
2026-05-29,600519,14:11:32,1324.3700,11,2
2026-05-29,600519,14:11:35,1324.4200,2,1
2026-05-29,600519,14:11:39,1324.3700,2,2
2026-05-29,600519,14:11:42,1324.2900,5,2
2026-05-29,600519,14:11:44,1324.3101,1,2
2026-05-29,600519,14:11:48,1324.2900,11,2
2026-05-29,600519,14:11:51,1324.5000,3,1
2026-05-29,600519,14:11:54,1324.5601,2,2
2026-05-29,600519,14:11:56,1324.5601,6,2
2026-05-29,600519,14:11:59,1324.7600,4,1
2026-05-29,600519,14:12:03,1324.2500,27,2
2026-05-29,600519,14:12:05,1324.7800,11,1
2026-05-29,600519,14:12:09,1324.8101,3,1
2026-05-29,600519,14:12:11,1324.5699,19,2
2026-05-29,600519,14:12:14,1324.5699,3,2
2026-05-29,600519,14:12:17,1324.5699,5,2
2026-05-29,600519,14:12:20,1324.5699,6,2
2026-05-29,600519,14:12:24,1324.8199,1,1
2026-05-29,600519,14:12:26,1324.7800,4,1
2026-05-29,600519,14:12:29,1324.7800,6,1
2026-05-29,600519,14:12:32,1324.7800,4,1
2026-05-29,600519,14:12:35,1324.7800,4,2
2026-05-29,600519,14:12:39,1324.6801,4,2
2026-05-29,600519,14:12:41,1324.6801,1,2
2026-05-29,600519,14:12:44,1324.6100,0,2
2026-05-29,600519,14:12:48,1324.7800,4,1
2026-05-29,600519,14:12:51,1324.6300,6,2
2026-05-29,600519,14:12:54,1324.6300,0,2
2026-05-29,600519,14:12:56,1324.5601,5,2
2026-05-29,600519,14:12:59,1324.5000,8,2
2026-05-29,600519,14:13:02,1324.5500,8,1
2026-05-29,600519,14:13:05,1324.5400,2,1
2026-05-29,600519,14:13:11,1324.2800,4,2
2026-05-29,600519,14:13:14,1324.2400,2,2
2026-05-29,600519,14:13:18,1324.2100,26,2
2026-05-29,600519,14:13:21,1324.0000,3,2
2026-05-29,600519,14:13:24,1324.0000,6,2
2026-05-29,600519,14:13:26,1323.9200,7,2
2026-05-29,600519,14:13:29,1323.8700,8,2
2026-05-29,600519,14:13:32,1324.0000,5,1
2026-05-29,600519,14:13:35,1323.1100,15,2
2026-05-29,600519,14:13:38,1323.9200,9,1
2026-05-29,600519,14:13:41,1323.6100,2,1
2026-05-29,600519,14:13:45,1323.9900,6,1
2026-05-29,600519,14:13:47,1324.0000,7,1
2026-05-29,600519,14:13:51,1324.1600,9,1
2026-05-29,600519,14:13:53,1323.9399,6,2
2026-05-29,600519,14:13:57,1323.9900,2,1
2026-05-29,600519,14:13:59,1323.9900,8,1
2026-05-29,600519,14:14:02,1324.5500,19,1
2026-05-29,600519,14:14:05,1324.5601,16,1
2026-05-29,600519,14:14:08,1323.3900,1,2
2026-05-29,600519,14:14:11,1323.2500,36,2
2026-05-29,600519,14:14:14,1324.5699,3,1
2026-05-29,600519,14:14:17,1324.5500,1,1
2026-05-29,600519,14:14:21,1324.0100,2,2
2026-05-29,600519,14:14:27,1324.6000,4,1
2026-05-29,600519,14:14:30,1325.4000,132,1
2026-05-29,600519,14:14:33,1325.5601,52,1
2026-05-29,600519,14:14:36,1325.6300,32,1
2026-05-29,600519,14:14:38,1325.6700,22,1
2026-05-29,600519,14:14:41,1325.6801,26,1
2026-05-29,600519,14:14:44,1325.5699,6,2
2026-05-29,600519,14:14:47,1325.7000,16,1
2026-05-29,600519,14:14:50,1325.7700,2,1
2026-05-29,600519,14:14:53,1325.6000,8,1
2026-05-29,600519,14:14:57,1325.6500,10,1
2026-05-29,600519,14:14:59,1325.6400,2,2
2026-05-29,600519,14:15:05,1325.6000,32,2
2026-05-29,600519,14:15:08,1325.5601,4,1
2026-05-29,600519,14:15:11,1325.6400,7,1
2026-05-29,600519,14:15:14,1325.6500,9,1
2026-05-29,600519,14:15:18,1325.5900,4,1
2026-05-29,600519,14:15:20,1324.0601,15,2
2026-05-29,600519,14:15:23,1324.0000,10,2
2026-05-29,600519,14:15:27,1325.4700,6,1
2026-05-29,600519,14:15:29,1325.4399,4,1
2026-05-29,600519,14:15:33,1323.7700,1,2
2026-05-29,600519,14:15:36,1325.0000,3,1
2026-05-29,600519,14:15:38,1325.4100,5,1
2026-05-29,600519,14:15:42,1323.8900,2,2
2026-05-29,600519,14:15:44,1324.5900,17,2
2026-05-29,600519,14:15:48,1324.6000,6,1
2026-05-29,600519,14:15:54,1324.6000,13,2
2026-05-29,600519,14:15:57,1325.0000,17,1
2026-05-29,600519,14:16:00,1325.3300,7,1
2026-05-29,600519,14:16:02,1325.3400,15,1
2026-05-29,600519,14:16:05,1324.9301,7,2
2026-05-29,600519,14:16:09,1324.9301,1,2
2026-05-29,600519,14:16:11,1324.6100,13,2
2026-05-29,600519,14:16:14,1324.9200,4,1
2026-05-29,600519,14:16:17,1324.6100,8,1
2026-05-29,600519,14:16:20,1324.5500,17,2
2026-05-29,600519,14:16:23,1324.5000,2,2
2026-05-29,600519,14:16:26,1324.0000,6,2
2026-05-29,600519,14:16:29,1324.0000,7,2
2026-05-29,600519,14:16:32,1324.0400,5,2
2026-05-29,600519,14:16:36,1324.0000,16,2
2026-05-29,600519,14:16:38,1324.0000,4,1
2026-05-29,600519,14:16:42,1324.0200,5,1
2026-05-29,600519,14:16:44,1324.0200,15,1
2026-05-29,600519,14:16:48,1324.0000,6,2
2026-05-29,600519,14:16:50,1323.9500,3,2
2026-05-29,600519,14:16:53,1324.0100,7,1
2026-05-29,600519,14:16:57,1323.9500,9,2
2026-05-29,600519,14:17:00,1323.9500,3,2
2026-05-29,600519,14:17:02,1324.5400,16,1
2026-05-29,600519,14:17:05,1324.5500,7,1
2026-05-29,600519,14:17:08,1324.5500,13,1
2026-05-29,600519,14:17:11,1324.5500,5,1
2026-05-29,600519,14:17:14,1323.9900,8,2
2026-05-29,600519,14:17:17,1324.5400,2,1
2026-05-29,600519,14:17:20,1324.0000,6,2
2026-05-29,600519,14:17:24,1323.9600,5,2
2026-05-29,600519,14:17:27,1324.5400,6,1
2026-05-29,600519,14:17:29,1323.9000,36,2
2026-05-29,600519,14:17:32,1324.0000,26,1
2026-05-29,600519,14:17:36,1324.5300,4,1
2026-05-29,600519,14:17:39,1324.5000,3,1
2026-05-29,600519,14:17:41,1324.0000,2,2
2026-05-29,600519,14:17:44,1324.5200,3,1
2026-05-29,600519,14:17:47,1323.9100,6,2
2026-05-29,600519,14:17:50,1324.0000,2,2
2026-05-29,600519,14:17:54,1324.0000,4,2
2026-05-29,600519,14:17:57,1324.0000,1,1
2026-05-29,600519,14:18:00,1324.5200,8,1
2026-05-29,600519,14:18:03,1324.5200,5,1
2026-05-29,600519,14:18:06,1324.0000,7,2
2026-05-29,600519,14:18:08,1324.0100,10,2
2026-05-29,600519,14:18:11,1324.0200,6,2
2026-05-29,600519,14:18:15,1324.0300,3,2
2026-05-29,600519,14:18:17,1324.6100,9,1
2026-05-29,600519,14:18:20,1324.6700,8,1
2026-05-29,600519,14:18:24,1324.4900,2,2
2026-05-29,600519,14:18:27,1324.4800,3,2
2026-05-29,600519,14:18:29,1324.4800,7,2
2026-05-29,600519,14:18:32,1324.9399,12,1
2026-05-29,600519,14:18:36,1324.7400,8,2
2026-05-29,600519,14:18:38,1324.7400,1,1
2026-05-29,600519,14:18:41,1324.7700,8,1
2026-05-29,600519,14:18:45,1324.9600,7,1
2026-05-29,600519,14:18:48,1324.7700,3,2
2026-05-29,600519,14:18:50,1325.0000,38,1
2026-05-29,600519,14:18:53,1324.8000,13,2
2026-05-29,600519,14:18:57,1324.7400,6,2
2026-05-29,600519,14:18:59,1324.7400,2,2
2026-05-29,600519,14:19:02,1324.9600,11,1
2026-05-29,600519,14:19:05,1324.7500,9,2
2026-05-29,600519,14:19:09,1324.9500,3,1
2026-05-29,600519,14:19:11,1324.7500,5,2
2026-05-29,600519,14:19:14,1324.6000,13,2
2026-05-29,600519,14:19:17,1324.5400,6,1
2026-05-29,600519,14:19:20,1324.6700,3,2
2026-05-29,600519,14:19:24,1324.6700,6,2
2026-05-29,600519,14:19:26,1324.7200,8,1
2026-05-29,600519,14:19:29,1324.5000,9,2
2026-05-29,600519,14:19:32,1324.5000,8,2
2026-05-29,600519,14:19:35,1324.6700,8,1
2026-05-29,600519,14:19:38,1324.7400,2,1
2026-05-29,600519,14:19:41,1324.5100,2,2
2026-05-29,600519,14:19:44,1324.5100,4,2
2026-05-29,600519,14:19:48,1324.5200,3,2
2026-05-29,600519,14:19:51,1324.4900,5,2
2026-05-29,600519,14:19:54,1324.5000,4,1
2026-05-29,600519,14:19:57,1324.4900,7,2
2026-05-29,600519,14:20:00,1324.5100,8,1
2026-05-29,600519,14:20:03,1324.0601,8,2
2026-05-29,600519,14:20:05,1324.0300,10,2
2026-05-29,600519,14:20:08,1324.7500,6,1
2026-05-29,600519,14:20:11,1324.0699,4,2
2026-05-29,600519,14:20:14,1324.5000,3,1
2026-05-29,600519,14:20:18,1324.0300,2,2
2026-05-29,600519,14:20:21,1324.0900,5,2
2026-05-29,600519,14:20:26,1324.1300,13,1
2026-05-29,600519,14:20:29,1324.1000,6,2
2026-05-29,600519,14:20:32,1324.4500,3,1
2026-05-29,600519,14:20:36,1324.4500,2,2
2026-05-29,600519,14:20:38,1324.3900,6,2
2026-05-29,600519,14:20:41,1324.1801,6,2
2026-05-29,600519,14:20:44,1324.5000,16,1
2026-05-29,600519,14:20:47,1324.6700,11,1
2026-05-29,600519,14:20:50,1324.6700,6,2
2026-05-29,600519,14:20:54,1324.3000,13,2
2026-05-29,600519,14:20:57,1324.3000,3,1
2026-05-29,600519,14:20:59,1324.3000,11,1
2026-05-29,600519,14:21:02,1324.3000,2,1
2026-05-29,600519,14:21:05,1324.3000,8,1
2026-05-29,600519,14:21:08,1324.3000,9,1
2026-05-29,600519,14:21:11,1324.2900,1,2
2026-05-29,600519,14:21:15,1324.3000,6,1
2026-05-29,600519,14:21:18,1324.2900,5,2
2026-05-29,600519,14:21:21,1324.2900,6,2
2026-05-29,600519,14:21:24,1324.2900,0,2
2026-05-29,600519,14:21:26,1324.3400,3,1
2026-05-29,600519,14:21:29,1324.5000,9,1
2026-05-29,600519,14:21:33,1324.3500,1,2
2026-05-29,600519,14:21:36,1324.6100,2,1
2026-05-29,600519,14:21:38,1324.3400,3,2
2026-05-29,600519,14:21:41,1324.6700,10,1
2026-05-29,600519,14:21:44,1324.5000,4,2
2026-05-29,600519,14:21:47,1324.6600,8,1
2026-05-29,600519,14:21:53,1324.6700,2,1
2026-05-29,600519,14:21:56,1324.6100,2,1
2026-05-29,600519,14:22:00,1324.6600,3,1
2026-05-29,600519,14:22:02,1324.5000,75,2
2026-05-29,600519,14:22:06,1323.9200,65,2
2026-05-29,600519,14:22:08,1323.7200,23,2
2026-05-29,600519,14:22:11,1323.7800,4,1
2026-05-29,600519,14:22:14,1323.5800,6,2
2026-05-29,600519,14:22:17,1323.5100,29,2
2026-05-29,600519,14:22:21,1323.5000,5,2
2026-05-29,600519,14:22:23,1323.5000,38,2
2026-05-29,600519,14:22:27,1323.5300,4,1
2026-05-29,600519,14:22:32,1323.4100,5,1
2026-05-29,600519,14:22:35,1323.2500,8,2
2026-05-29,600519,14:22:38,1323.2000,18,2
2026-05-29,600519,14:22:41,1323.1200,5,2
2026-05-29,600519,14:22:44,1323.1801,13,1
2026-05-29,600519,14:22:47,1323.1200,15,2
2026-05-29,600519,14:22:54,1323.1200,11,1
2026-05-29,600519,14:22:56,1323.1100,2,1
2026-05-29,600519,14:22:59,1323.1200,5,1
2026-05-29,600519,14:23:02,1323.1100,12,2
2026-05-29,600519,14:23:05,1323.2000,12,1
2026-05-29,600519,14:23:08,1323.5800,21,1
2026-05-29,600519,14:23:11,1324.0000,19,1
2026-05-29,600519,14:23:15,1323.4800,4,2
2026-05-29,600519,14:23:18,1323.2800,5,2
2026-05-29,600519,14:23:21,1323.2800,9,1
2026-05-29,600519,14:23:23,1322.9900,68,2
2026-05-29,600519,14:23:26,1322.9500,9,2
2026-05-29,600519,14:23:30,1322.5100,10,2
2026-05-29,600519,14:23:33,1322.9800,11,1
2026-05-29,600519,14:23:36,1322.9900,11,1
2026-05-29,600519,14:23:38,1322.9000,4,2
2026-05-29,600519,14:23:42,1322.9000,4,2
2026-05-29,600519,14:23:45,1322.9000,3,1
2026-05-29,600519,14:23:48,1322.8900,4,1
2026-05-29,600519,14:23:50,1322.5000,12,2
2026-05-29,600519,14:23:53,1322.8900,5,1
2026-05-29,600519,14:23:57,1322.5000,4,2
2026-05-29,600519,14:23:59,1322.8900,6,1
2026-05-29,600519,14:24:03,1322.9000,5,1
2026-05-29,600519,14:24:06,1322.5000,7,2
2026-05-29,600519,14:24:09,1322.8900,4,1
2026-05-29,600519,14:24:11,1322.8000,4,1
2026-05-29,600519,14:24:14,1322.5000,1,1
2026-05-29,600519,14:24:17,1322.5000,2,1
2026-05-29,600519,14:24:20,1322.5000,19,1
2026-05-29,600519,14:24:24,1322.6500,4,2
2026-05-29,600519,14:24:27,1322.8000,15,1
2026-05-29,600519,14:24:29,1322.8900,14,1
2026-05-29,600519,14:24:32,1322.7100,4,1
2026-05-29,600519,14:24:36,1322.8000,4,1
2026-05-29,600519,14:24:38,1322.9700,163,1
2026-05-29,600519,14:24:42,1322.9000,13,1
2026-05-29,600519,14:24:45,1322.8400,5,2
2026-05-29,600519,14:24:47,1322.7900,1,1
2026-05-29,600519,14:24:51,1322.9000,14,1
2026-05-29,600519,14:24:54,1322.9000,1,1
2026-05-29,600519,14:24:57,1322.7900,2,2
2026-05-29,600519,14:24:59,1322.8000,2,2
2026-05-29,600519,14:25:02,1322.9000,5,1
2026-05-29,600519,14:25:06,1323.0000,9,1
2026-05-29,600519,14:25:08,1322.8900,32,2
2026-05-29,600519,14:25:11,1323.0000,1,1
2026-05-29,600519,14:25:17,1322.9900,4,1
2026-05-29,600519,14:25:21,1322.8600,6,2
2026-05-29,600519,14:25:24,1322.9100,2,1
2026-05-29,600519,14:25:26,1322.8101,5,2
2026-05-29,600519,14:25:29,1322.7900,17,2
2026-05-29,600519,14:25:33,1322.8000,2,4
2026-05-29,600519,14:25:35,1322.7100,14,2
2026-05-29,600519,14:25:38,1322.5000,9,2
2026-05-29,600519,14:25:41,1322.5000,6,2
2026-05-29,600519,14:25:44,1322.5000,3,2
2026-05-29,600519,14:25:48,1322.5000,2,2
2026-05-29,600519,14:25:50,1322.5000,14,2
2026-05-29,600519,14:25:54,1322.5000,5,2
2026-05-29,600519,14:25:57,1322.4200,9,2
2026-05-29,600519,14:25:59,1322.4100,3,2
2026-05-29,600519,14:26:03,1322.4000,2,2
2026-05-29,600519,14:26:06,1322.1400,10,2
2026-05-29,600519,14:26:08,1322.4100,3,1
2026-05-29,600519,14:26:12,1322.1400,4,2
2026-05-29,600519,14:26:14,1322.3900,5,1
2026-05-29,600519,14:26:17,1322.1300,2,2
2026-05-29,600519,14:26:21,1322.1300,1,2
2026-05-29,600519,14:26:23,1322.1300,4,1
2026-05-29,600519,14:26:26,1322.1300,6,1
2026-05-29,600519,14:26:29,1322.1300,1,1
2026-05-29,600519,14:26:32,1322.1300,5,1
2026-05-29,600519,14:26:36,1322.1200,4,1
2026-05-29,600519,14:26:38,1322.1200,6,1
2026-05-29,600519,14:26:42,1322.0100,7,2
2026-05-29,600519,14:26:44,1322.0100,11,2
2026-05-29,600519,14:26:47,1322.0100,31,2
2026-05-29,600519,14:26:51,1321.7700,2,2
2026-05-29,600519,14:26:53,1321.8900,4,1
2026-05-29,600519,14:26:57,1321.7500,9,2
2026-05-29,600519,14:26:59,1321.0300,3,2
2026-05-29,600519,14:27:02,1321.7400,9,1
2026-05-29,600519,14:27:06,1321.7500,8,1
2026-05-29,600519,14:27:08,1321.7600,10,1
2026-05-29,600519,14:27:11,1321.0500,8,2
2026-05-29,600519,14:27:15,1321.7400,2,1
2026-05-29,600519,14:27:17,1321.1000,15,2
2026-05-29,600519,14:27:20,1321.0500,13,2
2026-05-29,600519,14:27:24,1321.0500,7,2
2026-05-29,600519,14:27:27,1321.0500,8,2
2026-05-29,600519,14:27:30,1321.5000,6,1
2026-05-29,600519,14:27:32,1321.5000,2,1
2026-05-29,600519,14:27:35,1321.5000,1,1
2026-05-29,600519,14:27:39,1321.4900,32,2
2026-05-29,600519,14:27:41,1321.4900,12,1
2026-05-29,600519,14:27:45,1321.4100,1,2
2026-05-29,600519,14:27:47,1321.4900,5,1
2026-05-29,600519,14:27:51,1321.4100,4,2
2026-05-29,600519,14:27:53,1321.4100,9,1
2026-05-29,600519,14:27:57,1321.4900,4,1
2026-05-29,600519,14:28:00,1321.5000,3,1
2026-05-29,600519,14:28:02,1321.5400,5,1
2026-05-29,600519,14:28:06,1321.3500,20,2
2026-05-29,600519,14:28:09,1321.4200,17,1
2026-05-29,600519,14:28:11,1321.5000,7,1
2026-05-29,600519,14:28:15,1321.8700,14,1
2026-05-29,600519,14:28:17,1322.0000,9,1
2026-05-29,600519,14:28:20,1321.3700,30,2
2026-05-29,600519,14:28:27,1321.9100,2,1
2026-05-29,600519,14:28:29,1321.9100,3,1
2026-05-29,600519,14:28:32,1321.9000,2,2
2026-05-29,600519,14:28:35,1321.9900,3,1
2026-05-29,600519,14:28:39,1322.0000,5,1
2026-05-29,600519,14:28:42,1321.8900,12,2
2026-05-29,600519,14:28:45,1321.8900,11,1
2026-05-29,600519,14:28:47,1321.9000,3,1
2026-05-29,600519,14:28:50,1321.9000,8,2
2026-05-29,600519,14:28:54,1322.5000,81,1
2026-05-29,600519,14:28:57,1322.3600,12,2
2026-05-29,600519,14:28:59,1322.3500,27,2
2026-05-29,600519,14:29:02,1322.3500,3,2
2026-05-29,600519,14:29:05,1322.7900,2,1
2026-05-29,600519,14:29:08,1322.3600,5,2
2026-05-29,600519,14:29:11,1322.8000,7,1
2026-05-29,600519,14:29:14,1322.3600,4,2
2026-05-29,600519,14:29:21,1322.3600,2,2
2026-05-29,600519,14:29:23,1322.5000,1,1
2026-05-29,600519,14:29:26,1322.5100,4,2
2026-05-29,600519,14:29:29,1322.5100,1,2
2026-05-29,600519,14:29:32,1322.5100,2,2
2026-05-29,600519,14:29:39,1322.7800,8,1
2026-05-29,600519,14:29:41,1322.7800,7,1
2026-05-29,600519,14:29:44,1322.7800,9,1
2026-05-29,600519,14:29:47,1322.7800,5,1
2026-05-29,600519,14:29:51,1322.5400,37,2
2026-05-29,600519,14:29:53,1322.5400,11,2
2026-05-29,600519,14:29:57,1322.5400,10,2
2026-05-29,600519,14:30:00,1322.8101,3,1
2026-05-29,600519,14:30:02,1322.9100,22,1
2026-05-29,600519,14:30:05,1323.0000,68,1
2026-05-29,600519,14:30:08,1323.0000,25,1
2026-05-29,600519,14:30:11,1322.8400,8,2
2026-05-29,600519,14:30:14,1323.0000,100,1
2026-05-29,600519,14:30:18,1323.4200,31,1
2026-05-29,600519,14:30:20,1323.4301,3,2
2026-05-29,600519,14:30:23,1323.9800,3,1
2026-05-29,600519,14:30:26,1324.0000,2,1
2026-05-29,600519,14:30:30,1324.0000,4,1
2026-05-29,600519,14:30:33,1324.0000,5,1
2026-05-29,600519,14:30:35,1324.0400,14,2
2026-05-29,600519,14:30:38,1323.9900,23,2
2026-05-29,600519,14:30:42,1324.5000,6,1
2026-05-29,600519,14:30:44,1324.5000,2,1
2026-05-29,600519,14:30:47,1324.5300,11,1
2026-05-29,600519,14:30:54,1324.5400,8,2
2026-05-29,600519,14:30:59,1324.5699,30,2
2026-05-29,600519,14:31:02,1324.5400,3,1
2026-05-29,600519,14:31:05,1324.5200,8,1
2026-05-29,600519,14:31:08,1324.5300,7,1
2026-05-29,600519,14:31:11,1324.0000,4,2
2026-05-29,600519,14:31:15,1324.0000,2,2
2026-05-29,600519,14:31:17,1324.0000,1,2
2026-05-29,600519,14:31:20,1324.0000,2,2
2026-05-29,600519,14:31:23,1324.5000,4,1
2026-05-29,600519,14:31:26,1323.9600,1,2
2026-05-29,600519,14:31:30,1323.9600,4,1
2026-05-29,600519,14:31:32,1323.4800,9,2
2026-05-29,600519,14:31:35,1323.5100,6,1
2026-05-29,600519,14:31:39,1323.4700,2,2
2026-05-29,600519,14:31:41,1323.4500,6,2
2026-05-29,600519,14:31:44,1323.4301,4,2
2026-05-29,600519,14:31:47,1323.3900,3,2
2026-05-29,600519,14:31:51,1323.3900,1,2
2026-05-29,600519,14:31:53,1323.4800,11,1
2026-05-29,600519,14:31:57,1323.4000,8,2
2026-05-29,600519,14:31:59,1323.7900,8,1
2026-05-29,600519,14:32:03,1323.5699,6,2
2026-05-29,600519,14:32:05,1324.0000,4,1
2026-05-29,600519,14:32:08,1324.4900,22,1
2026-05-29,600519,14:32:12,1324.4900,5,1
2026-05-29,600519,14:32:15,1324.4900,1,1
2026-05-29,600519,14:32:17,1324.4900,5,1
2026-05-29,600519,14:32:20,1324.4900,5,1
2026-05-29,600519,14:32:23,1324.5000,8,1
2026-05-29,600519,14:32:27,1324.5300,14,1
2026-05-29,600519,14:32:30,1324.4900,8,2
2026-05-29,600519,14:32:32,1324.4900,2,1
2026-05-29,600519,14:32:35,1324.4900,13,1
2026-05-29,600519,14:32:39,1324.5000,4,1
2026-05-29,600519,14:32:41,1324.4900,3,2
2026-05-29,600519,14:32:44,1324.4900,38,1
2026-05-29,600519,14:32:48,1324.4700,21,2
2026-05-29,600519,14:32:50,1324.4700,7,1
2026-05-29,600519,14:32:53,1324.4301,16,2
2026-05-29,600519,14:32:56,1324.4301,2,2
2026-05-29,600519,14:32:59,1324.4301,43,1
2026-05-29,600519,14:33:02,1324.4301,18,1
2026-05-29,600519,14:33:05,1324.4600,24,2
2026-05-29,600519,14:33:08,1324.5699,7,1
2026-05-29,600519,14:33:11,1324.5200,9,2
2026-05-29,600519,14:33:15,1324.5699,2,1
2026-05-29,600519,14:33:18,1324.5200,5,2
2026-05-29,600519,14:33:20,1324.4700,5,2
2026-05-29,600519,14:33:23,1324.5000,1,2
2026-05-29,600519,14:33:26,1324.5000,2,1
2026-05-29,600519,14:33:29,1324.5601,9,1
2026-05-29,600519,14:33:33,1324.5100,9,2
2026-05-29,600519,14:33:35,1324.5100,10,1
2026-05-29,600519,14:33:39,1324.5500,5,1
2026-05-29,600519,14:33:42,1324.4700,6,2
2026-05-29,600519,14:33:44,1324.5699,42,1
2026-05-29,600519,14:33:48,1324.4700,5,2
2026-05-29,600519,14:33:50,1324.6100,11,1
2026-05-29,600519,14:33:53,1324.6500,5,1
2026-05-29,600519,14:33:57,1324.6700,12,1
2026-05-29,600519,14:33:59,1324.7400,9,1
2026-05-29,600519,14:34:02,1324.6600,11,2
2026-05-29,600519,14:34:05,1325.0000,194,1
2026-05-29,600519,14:34:09,1325.0699,89,1
2026-05-29,600519,14:34:12,1325.3600,26,1
2026-05-29,600519,14:34:14,1325.4200,27,1
2026-05-29,600519,14:34:17,1325.4800,5,1
2026-05-29,600519,14:34:20,1325.5000,15,1
2026-05-29,600519,14:34:24,1325.5300,18,1
2026-05-29,600519,14:34:26,1325.5300,16,1
2026-05-29,600519,14:34:29,1325.5000,6,2
2026-05-29,600519,14:34:32,1325.5000,12,1
2026-05-29,600519,14:34:35,1325.4900,17,2
2026-05-29,600519,14:34:41,1325.4900,9,2
2026-05-29,600519,14:34:45,1325.5000,8,1
2026-05-29,600519,14:34:48,1325.5000,9,1
2026-05-29,600519,14:34:50,1325.4900,10,2
2026-05-29,600519,14:34:53,1325.4800,26,2
2026-05-29,600519,14:34:57,1325.4900,13,1
2026-05-29,600519,14:34:59,1325.4900,12,1
2026-05-29,600519,14:35:02,1325.4399,15,2
2026-05-29,600519,14:35:05,1325.4900,10,1
2026-05-29,600519,14:35:09,1325.4800,16,1
2026-05-29,600519,14:35:11,1325.4399,10,1
2026-05-29,600519,14:35:14,1325.4000,7,2
2026-05-29,600519,14:35:17,1325.4000,8,2
2026-05-29,600519,14:35:20,1325.4000,7,2
2026-05-29,600519,14:35:23,1325.0601,15,2
2026-05-29,600519,14:35:27,1325.3500,11,1
2026-05-29,600519,14:35:29,1325.3600,14,1
2026-05-29,600519,14:35:32,1325.3700,24,1
2026-05-29,600519,14:35:36,1325.0100,4,2
2026-05-29,600519,14:35:39,1325.0000,3,2
2026-05-29,600519,14:35:41,1325.0000,6,2
2026-05-29,600519,14:35:44,1325.0601,10,1
2026-05-29,600519,14:35:47,1325.3500,5,1
2026-05-29,600519,14:35:50,1325.2300,1,4
2026-05-29,600519,14:35:53,1325.1100,4,2
2026-05-29,600519,14:35:57,1325.1100,8,2
2026-05-29,600519,14:35:59,1325.3400,3,1
2026-05-29,600519,14:36:03,1325.1100,10,2
2026-05-29,600519,14:36:05,1325.3101,10,1
2026-05-29,600519,14:36:08,1325.3600,18,1
2026-05-29,600519,14:36:11,1325.4700,25,1
2026-05-29,600519,14:36:14,1325.4800,64,1
2026-05-29,600519,14:36:18,1325.5800,14,1
2026-05-29,600519,14:36:20,1325.7900,12,1
2026-05-29,600519,14:36:24,1325.8000,2,1
2026-05-29,600519,14:36:27,1325.7900,5,1
2026-05-29,600519,14:36:29,1325.8000,5,1
2026-05-29,600519,14:36:32,1325.8101,3,1
2026-05-29,600519,14:36:35,1325.6100,5,2
2026-05-29,600519,14:36:39,1325.8000,2,1
2026-05-29,600519,14:36:41,1325.8000,3,1
2026-05-29,600519,14:36:44,1325.6100,6,2
2026-05-29,600519,14:36:47,1325.8000,3,1
2026-05-29,600519,14:36:50,1325.6100,1,2
2026-05-29,600519,14:36:53,1325.8000,6,1
2026-05-29,600519,14:36:56,1325.6100,9,2
2026-05-29,600519,14:36:59,1325.8400,13,1
2026-05-29,600519,14:37:02,1325.8400,21,2
2026-05-29,600519,14:37:05,1325.8000,10,2
2026-05-29,600519,14:37:09,1325.8500,8,1
2026-05-29,600519,14:37:12,1325.8400,10,2
2026-05-29,600519,14:37:14,1325.8000,3,2
2026-05-29,600519,14:37:17,1325.7900,2,1
2026-05-29,600519,14:37:20,1325.7300,4,2
2026-05-29,600519,14:37:23,1325.6100,10,2
2026-05-29,600519,14:37:27,1325.6100,19,2
2026-05-29,600519,14:37:29,1325.6100,4,1
2026-05-29,600519,14:37:32,1325.7400,22,1
2026-05-29,600519,14:37:35,1325.7900,11,1
2026-05-29,600519,14:37:38,1325.7300,14,2
2026-05-29,600519,14:37:41,1325.8400,12,1
2026-05-29,600519,14:37:44,1325.8300,2,1
2026-05-29,600519,14:37:48,1325.8000,7,1
2026-05-29,600519,14:37:50,1325.8000,5,1
2026-05-29,600519,14:37:53,1325.8400,4,1
2026-05-29,600519,14:37:56,1325.8300,4,1
2026-05-29,600519,14:37:59,1325.7500,2,2
2026-05-29,600519,14:38:02,1325.8000,1,1
2026-05-29,600519,14:38:05,1325.8000,7,1
2026-05-29,600519,14:38:09,1325.8000,11,2
2026-05-29,600519,14:38:11,1325.8000,16,2
2026-05-29,600519,14:38:14,1325.7900,14,2
2026-05-29,600519,14:38:18,1325.7900,7,1
2026-05-29,600519,14:38:20,1325.7800,3,2
2026-05-29,600519,14:38:23,1325.7800,2,4
2026-05-29,600519,14:38:26,1325.8000,24,1
2026-05-29,600519,14:38:29,1325.8000,7,1
2026-05-29,600519,14:38:32,1325.8000,5,1
2026-05-29,600519,14:38:36,1325.8000,4,2
2026-05-29,600519,14:38:38,1325.8101,10,1
2026-05-29,600519,14:38:41,1325.8300,7,1
2026-05-29,600519,14:38:45,1325.8000,16,1
2026-05-29,600519,14:38:47,1325.7800,10,2
2026-05-29,600519,14:38:50,1325.8000,2,1
2026-05-29,600519,14:38:53,1325.8000,1,2
2026-05-29,600519,14:38:56,1325.8199,11,1
2026-05-29,600519,14:38:59,1325.8000,10,1
2026-05-29,600519,14:39:02,1325.8000,10,1
2026-05-29,600519,14:39:06,1325.8000,12,1
2026-05-29,600519,14:39:08,1325.7500,21,2
2026-05-29,600519,14:39:12,1325.8000,7,1
2026-05-29,600519,14:39:14,1325.8000,2,1
2026-05-29,600519,14:39:17,1325.8101,3,1
2026-05-29,600519,14:39:20,1325.7600,2,2
2026-05-29,600519,14:39:23,1325.8000,7,1
2026-05-29,600519,14:39:27,1325.7800,7,2
2026-05-29,600519,14:39:30,1325.7800,1,2
2026-05-29,600519,14:39:32,1325.7800,14,2
2026-05-29,600519,14:39:35,1325.7800,4,1
2026-05-29,600519,14:39:38,1325.8000,8,1
2026-05-29,600519,14:39:41,1325.8000,3,2
2026-05-29,600519,14:39:44,1325.9200,132,1
2026-05-29,600519,14:39:48,1326.2000,169,1
2026-05-29,600519,14:39:51,1326.4301,14,1
2026-05-29,600519,14:39:53,1326.4900,11,1
2026-05-29,600519,14:39:56,1326.5000,7,1
2026-05-29,600519,14:39:59,1326.5699,7,1
2026-05-29,600519,14:40:03,1327.0000,118,1
2026-05-29,600519,14:40:05,1326.6000,28,2
2026-05-29,600519,14:40:08,1327.0000,34,1
2026-05-29,600519,14:40:12,1327.0000,5,1
2026-05-29,600519,14:40:14,1327.0000,31,1
2026-05-29,600519,14:40:17,1326.6700,29,2
2026-05-29,600519,14:40:20,1326.7000,8,2
2026-05-29,600519,14:40:23,1326.9900,14,1
2026-05-29,600519,14:40:27,1327.0000,31,1
2026-05-29,600519,14:40:30,1327.0000,24,1
2026-05-29,600519,14:40:32,1327.0000,5,2
2026-05-29,600519,14:40:35,1327.0100,17,1
2026-05-29,600519,14:40:39,1326.9800,17,2
2026-05-29,600519,14:40:41,1326.9200,7,2
2026-05-29,600519,14:40:47,1326.0000,29,2
2026-05-29,600519,14:40:51,1326.8800,7,1
2026-05-29,600519,14:40:53,1326.8800,10,1
2026-05-29,600519,14:40:57,1326.8800,4,1
2026-05-29,600519,14:41:00,1326.9000,23,1
2026-05-29,600519,14:41:02,1327.0000,19,1
2026-05-29,600519,14:41:06,1327.0000,5,1
2026-05-29,600519,14:41:08,1326.9900,4,2
2026-05-29,600519,14:41:11,1326.8900,11,2
2026-05-29,600519,14:41:15,1326.9301,12,1
2026-05-29,600519,14:41:17,1326.9800,5,1
2026-05-29,600519,14:41:20,1326.9399,4,2
2026-05-29,600519,14:41:23,1326.9000,12,2
2026-05-29,600519,14:41:27,1326.8400,8,2
2026-05-29,600519,14:41:30,1326.9301,5,1
2026-05-29,600519,14:41:32,1326.9399,20,1
2026-05-29,600519,14:41:35,1326.9200,12,2
2026-05-29,600519,14:41:39,1326.9000,17,2
2026-05-29,600519,14:41:41,1326.9000,6,2
2026-05-29,600519,14:41:44,1326.9100,4,1
2026-05-29,600519,14:41:47,1326.8300,6,2
2026-05-29,600519,14:41:50,1326.8900,1,1
2026-05-29,600519,14:41:53,1326.9000,8,1
2026-05-29,600519,14:41:57,1326.8400,14,2
2026-05-29,600519,14:42:00,1326.8500,27,1
2026-05-29,600519,14:42:02,1326.8900,10,1
2026-05-29,600519,14:42:05,1326.8500,13,2
2026-05-29,600519,14:42:08,1326.8500,59,2
2026-05-29,600519,14:42:12,1326.9000,9,1
2026-05-29,600519,14:42:14,1326.8000,4,1
2026-05-29,600519,14:42:17,1326.8300,3,1
2026-05-29,600519,14:42:20,1326.0800,4,2
2026-05-29,600519,14:42:23,1326.8199,3,1
2026-05-29,600519,14:42:26,1326.8199,28,1
2026-05-29,600519,14:42:29,1326.8199,1,1
2026-05-29,600519,14:42:32,1326.8199,9,1
2026-05-29,600519,14:42:35,1326.6600,9,2
2026-05-29,600519,14:42:39,1326.8000,13,1
2026-05-29,600519,14:42:41,1326.8000,8,1
2026-05-29,600519,14:42:45,1326.7100,8,1
2026-05-29,600519,14:42:47,1326.8199,26,1
2026-05-29,600519,14:42:50,1326.8900,25,1
2026-05-29,600519,14:42:53,1326.9301,21,1
2026-05-29,600519,14:42:57,1326.9600,26,1
2026-05-29,600519,14:42:59,1326.9000,11,2
2026-05-29,600519,14:43:02,1327.0000,25,1
2026-05-29,600519,14:43:05,1326.9500,28,2
2026-05-29,600519,14:43:08,1327.0000,79,1
2026-05-29,600519,14:43:11,1327.0300,37,1
2026-05-29,600519,14:43:14,1326.9399,29,2
2026-05-29,600519,14:43:17,1327.0000,12,1
2026-05-29,600519,14:43:20,1327.0300,11,1
2026-05-29,600519,14:43:24,1327.0000,48,2
2026-05-29,600519,14:43:26,1327.3800,45,1
2026-05-29,600519,14:43:30,1327.5000,13,1
2026-05-29,600519,14:43:32,1327.5000,19,1
2026-05-29,600519,14:43:35,1327.5000,19,1
2026-05-29,600519,14:43:39,1327.6000,21,1
2026-05-29,600519,14:43:42,1327.6801,13,1
2026-05-29,600519,14:43:44,1327.7000,16,1
2026-05-29,600519,14:43:47,1327.6801,42,2
2026-05-29,600519,14:43:50,1327.5200,7,2
2026-05-29,600519,14:43:53,1327.5100,8,2
2026-05-29,600519,14:43:56,1327.6801,17,1
2026-05-29,600519,14:43:59,1327.7000,13,1
2026-05-29,600519,14:44:02,1327.4399,28,2
2026-05-29,600519,14:44:06,1327.3800,9,2
2026-05-29,600519,14:44:08,1327.3101,9,2
2026-05-29,600519,14:44:11,1327.4301,47,1
2026-05-29,600519,14:44:14,1327.7500,24,1
2026-05-29,600519,14:44:17,1327.4500,2,2
2026-05-29,600519,14:44:21,1327.7500,17,1
2026-05-29,600519,14:44:24,1327.7600,3,4
2026-05-29,600519,14:44:26,1327.7500,21,2
2026-05-29,600519,14:44:29,1327.7100,4,1
2026-05-29,600519,14:44:32,1327.6700,8,2
2026-05-29,600519,14:44:35,1327.6600,8,2
2026-05-29,600519,14:44:38,1327.6500,8,1
2026-05-29,600519,14:44:41,1327.6600,24,1
2026-05-29,600519,14:44:44,1327.7400,17,1
2026-05-29,600519,14:44:47,1327.7000,9,2
2026-05-29,600519,14:44:50,1327.7500,3,1
2026-05-29,600519,14:44:53,1327.7400,5,2
2026-05-29,600519,14:44:56,1327.7500,20,1
2026-05-29,600519,14:45:00,1327.7000,16,2
2026-05-29,600519,14:45:03,1327.5000,15,2
2026-05-29,600519,14:45:06,1327.7400,25,1
2026-05-29,600519,14:45:08,1327.7500,17,1
2026-05-29,600519,14:45:11,1327.7000,9,2
2026-05-29,600519,14:45:15,1327.7000,8,2
2026-05-29,600519,14:45:17,1327.7000,28,2
2026-05-29,600519,14:45:21,1327.7000,23,2
2026-05-29,600519,14:45:23,1327.6100,6,1
2026-05-29,600519,14:45:26,1327.7000,17,1
2026-05-29,600519,14:45:32,1327.0200,16,2
2026-05-29,600519,14:45:36,1326.8000,11,2
2026-05-29,600519,14:45:38,1326.6801,14,2
2026-05-29,600519,14:45:42,1327.0000,1,1
2026-05-29,600519,14:45:44,1326.1500,1,2
2026-05-29,600519,14:45:47,1326.1400,6,2
2026-05-29,600519,14:45:50,1326.1500,5,2
2026-05-29,600519,14:45:53,1326.1400,3,2
2026-05-29,600519,14:45:56,1326.1400,17,2
2026-05-29,600519,14:45:59,1326.6600,14,1
2026-05-29,600519,14:46:02,1326.6500,17,1
2026-05-29,600519,14:46:06,1326.1400,2,2
2026-05-29,600519,14:46:08,1326.1400,22,2
2026-05-29,600519,14:46:11,1326.0100,17,2
2026-05-29,600519,14:46:15,1326.1500,17,1
2026-05-29,600519,14:46:17,1326.1500,15,4
2026-05-29,600519,14:46:20,1326.6600,14,1
2026-05-29,600519,14:46:24,1326.6801,10,1
2026-05-29,600519,14:46:26,1326.9700,32,1
2026-05-29,600519,14:46:30,1327.0000,59,1
2026-05-29,600519,14:46:33,1326.9200,13,2
2026-05-29,600519,14:46:35,1326.9301,15,2
2026-05-29,600519,14:46:39,1327.0000,11,1
2026-05-29,600519,14:46:42,1326.9900,9,1
2026-05-29,600519,14:46:45,1326.4200,7,2
2026-05-29,600519,14:46:47,1326.6600,17,2
2026-05-29,600519,14:46:51,1326.6600,19,2
2026-05-29,600519,14:46:53,1326.5500,7,2
2026-05-29,600519,14:46:57,1326.2700,9,2
2026-05-29,600519,14:47:00,1326.4000,1,1
2026-05-29,600519,14:47:02,1326.2900,4,2
2026-05-29,600519,14:47:05,1326.1899,13,2
2026-05-29,600519,14:47:08,1326.1899,7,1
2026-05-29,600519,14:47:11,1326.2000,5,2
2026-05-29,600519,14:47:14,1326.1899,11,2
2026-05-29,600519,14:47:17,1326.3000,10,1
2026-05-29,600519,14:47:20,1326.2900,11,2
2026-05-29,600519,14:47:24,1326.3300,19,1
2026-05-29,600519,14:47:26,1326.2900,4,1
2026-05-29,600519,14:47:30,1326.3000,4,2
2026-05-29,600519,14:47:33,1326.2900,12,2
2026-05-29,600519,14:47:35,1326.8300,42,1
2026-05-29,600519,14:47:38,1326.8300,1,1
2026-05-29,600519,14:47:41,1326.2000,4,2
2026-05-29,600519,14:47:45,1326.2000,8,2
2026-05-29,600519,14:47:47,1326.8300,11,1
2026-05-29,600519,14:47:50,1326.2900,6,2
2026-05-29,600519,14:47:53,1326.2300,8,2
2026-05-29,600519,14:47:57,1326.1500,15,2
2026-05-29,600519,14:47:59,1325.8700,24,2
2026-05-29,600519,14:48:02,1326.0000,5,1
2026-05-29,600519,14:48:05,1326.0100,8,1
2026-05-29,600519,14:48:09,1325.6100,40,2
2026-05-29,600519,14:48:11,1325.7400,9,1
2026-05-29,600519,14:48:15,1325.7400,19,2
2026-05-29,600519,14:48:17,1325.7500,15,1
2026-05-29,600519,14:48:21,1325.8199,6,1
2026-05-29,600519,14:48:24,1326.5000,71,1
2026-05-29,600519,14:48:27,1326.2100,13,2
2026-05-29,600519,14:48:29,1326.8300,8,1
2026-05-29,600519,14:48:32,1326.8300,10,1
2026-05-29,600519,14:48:35,1326.2500,6,2
2026-05-29,600519,14:48:38,1326.2500,8,2
2026-05-29,600519,14:48:41,1326.3000,6,2
2026-05-29,600519,14:48:44,1326.8400,8,1
2026-05-29,600519,14:48:47,1326.8199,11,1
2026-05-29,600519,14:48:50,1326.8000,13,1
2026-05-29,600519,14:48:54,1326.8300,11,1
2026-05-29,600519,14:48:56,1326.8800,10,1
2026-05-29,600519,14:49:00,1326.3600,24,2
2026-05-29,600519,14:49:02,1326.4000,7,2
2026-05-29,600519,14:49:05,1326.7800,15,1
2026-05-29,600519,14:49:08,1326.3400,11,2
2026-05-29,600519,14:49:11,1326.2500,15,2
2026-05-29,600519,14:49:15,1326.2500,14,2
2026-05-29,600519,14:49:17,1326.2500,6,2
2026-05-29,600519,14:49:20,1326.2600,9,1
2026-05-29,600519,14:49:23,1326.3400,30,2
2026-05-29,600519,14:49:26,1326.4800,20,1
2026-05-29,600519,14:49:29,1326.2000,5,2
2026-05-29,600519,14:49:32,1326.5000,17,1
2026-05-29,600519,14:49:35,1326.6600,4,1
2026-05-29,600519,14:49:38,1326.6700,10,1
2026-05-29,600519,14:49:42,1326.6801,11,1
2026-05-29,600519,14:49:45,1326.4399,6,1
2026-05-29,600519,14:49:47,1326.5000,7,1
2026-05-29,600519,14:49:50,1326.5400,11,1
2026-05-29,600519,14:49:53,1326.6801,12,1
2026-05-29,600519,14:49:56,1326.3400,9,2
2026-05-29,600519,14:49:59,1326.2700,7,1
2026-05-29,600519,14:50:02,1326.5800,10,1
2026-05-29,600519,14:50:05,1326.6600,14,1
2026-05-29,600519,14:50:08,1326.5900,46,1
2026-05-29,600519,14:50:11,1326.5900,46,1
2026-05-29,600519,14:50:14,1326.6899,23,1
2026-05-29,600519,14:50:17,1326.2600,34,2
2026-05-29,600519,14:50:20,1326.6801,8,1
2026-05-29,600519,14:50:23,1326.5900,15,1
2026-05-29,600519,14:50:27,1326.2000,18,2
2026-05-29,600519,14:50:29,1326.2600,23,1
2026-05-29,600519,14:50:32,1326.2000,7,2
2026-05-29,600519,14:50:36,1326.2000,17,2
2026-05-29,600519,14:50:38,1326.2600,12,1
2026-05-29,600519,14:50:41,1326.2000,17,2
2026-05-29,600519,14:50:44,1326.0000,14,2
2026-05-29,600519,14:50:47,1325.6600,52,2
2026-05-29,600519,14:50:50,1326.2000,135,1
2026-05-29,600519,14:50:57,1325.7500,9,2
2026-05-29,600519,14:50:59,1325.8300,37,1
2026-05-29,600519,14:51:02,1325.8000,6,2
2026-05-29,600519,14:51:05,1326.2000,6,1
2026-05-29,600519,14:51:08,1326.2000,11,1
2026-05-29,600519,14:51:11,1326.3300,13,1
2026-05-29,600519,14:51:14,1326.5900,16,1
2026-05-29,600519,14:51:17,1326.2000,13,4
2026-05-29,600519,14:51:20,1326.1600,4,1
2026-05-29,600519,14:51:23,1326.3700,37,1
2026-05-29,600519,14:51:26,1326.1600,25,2
2026-05-29,600519,14:51:29,1326.3199,18,1
2026-05-29,600519,14:51:32,1326.1600,19,4
2026-05-29,600519,14:51:35,1326.0000,3,2
2026-05-29,600519,14:51:38,1325.9301,3,1
2026-05-29,600519,14:51:41,1325.8000,17,2
2026-05-29,600519,14:51:44,1325.8000,25,1
2026-05-29,600519,14:51:47,1325.8000,13,1
2026-05-29,600519,14:51:51,1325.0200,14,2
2026-05-29,600519,14:51:54,1326.1700,29,1
2026-05-29,600519,14:51:57,1326.0000,5,2
2026-05-29,600519,14:51:59,1325.8400,16,2
2026-05-29,600519,14:52:02,1325.8400,10,1
2026-05-29,600519,14:52:05,1325.8500,20,1
2026-05-29,600519,14:52:08,1325.9000,20,1
2026-05-29,600519,14:52:11,1326.0000,11,1
2026-05-29,600519,14:52:14,1326.0699,43,1
2026-05-29,600519,14:52:17,1326.2000,12,1
2026-05-29,600519,14:52:20,1326.2200,6,1
2026-05-29,600519,14:52:24,1326.0100,7,1
2026-05-29,600519,14:52:26,1326.0100,3,1
2026-05-29,600519,14:52:29,1326.0000,17,2
2026-05-29,600519,14:52:32,1326.0000,13,1
2026-05-29,600519,14:52:36,1325.9100,8,2
2026-05-29,600519,14:52:38,1325.9000,16,1
2026-05-29,600519,14:52:41,1326.2000,23,1
2026-05-29,600519,14:52:44,1325.9100,14,2
2026-05-29,600519,14:52:47,1326.3000,18,1
2026-05-29,600519,14:52:50,1326.0000,10,2
2026-05-29,600519,14:52:53,1326.3000,14,1
2026-05-29,600519,14:52:56,1326.0200,10,2
2026-05-29,600519,14:52:59,1326.2200,14,2
2026-05-29,600519,14:53:02,1326.0200,14,2
2026-05-29,600519,14:53:05,1326.0400,16,1
2026-05-29,600519,14:53:08,1326.0100,12,2
2026-05-29,600519,14:53:11,1325.9100,8,2
2026-05-29,600519,14:53:14,1326.0300,3,4
2026-05-29,600519,14:53:17,1325.8800,29,2
2026-05-29,600519,14:53:20,1325.9399,2,1
2026-05-29,600519,14:53:23,1325.9399,11,2
2026-05-29,600519,14:53:26,1326.0000,10,1
2026-05-29,600519,14:53:29,1326.0000,13,1
2026-05-29,600519,14:53:32,1326.0100,15,1
2026-05-29,600519,14:53:35,1326.0100,23,2
2026-05-29,600519,14:53:38,1325.9800,12,2
2026-05-29,600519,14:53:41,1325.9500,11,2
2026-05-29,600519,14:53:44,1325.9800,24,1
2026-05-29,600519,14:53:48,1325.9800,10,1
2026-05-29,600519,14:53:50,1325.9900,21,1
2026-05-29,600519,14:53:53,1325.9900,9,1
2026-05-29,600519,14:53:56,1325.9500,5,1
2026-05-29,600519,14:53:59,1325.8900,14,1
2026-05-29,600519,14:54:02,1325.9800,59,1
2026-05-29,600519,14:54:05,1325.9800,7,1
2026-05-29,600519,14:54:08,1325.9900,23,1
2026-05-29,600519,14:54:11,1325.8800,11,2
2026-05-29,600519,14:54:14,1326.0000,14,1
2026-05-29,600519,14:54:17,1326.0000,27,1
2026-05-29,600519,14:54:20,1325.9100,6,2
2026-05-29,600519,14:54:23,1326.0000,12,1
2026-05-29,600519,14:54:26,1326.0000,6,1
2026-05-29,600519,14:54:29,1326.0000,17,1
2026-05-29,600519,14:54:32,1326.0300,15,1
2026-05-29,600519,14:54:35,1326.0400,19,1
2026-05-29,600519,14:54:38,1326.1100,29,1
2026-05-29,600519,14:54:41,1326.2000,9,1
2026-05-29,600519,14:54:45,1326.2000,8,1
2026-05-29,600519,14:54:47,1326.2200,17,1
2026-05-29,600519,14:54:50,1326.3000,13,1
2026-05-29,600519,14:54:53,1326.3000,11,1
2026-05-29,600519,14:54:57,1326.2400,19,2
2026-05-29,600519,14:54:59,1326.1200,20,2
2026-05-29,600519,14:55:03,1326.2400,12,1
2026-05-29,600519,14:55:05,1326.0601,12,2
2026-05-29,600519,14:55:08,1326.2000,19,1
2026-05-29,600519,14:55:11,1326.0601,9,2
2026-05-29,600519,14:55:14,1326.0500,11,2
2026-05-29,600519,14:55:18,1326.0400,22,2
2026-05-29,600519,14:55:20,1326.0000,31,2
2026-05-29,600519,14:55:24,1326.0100,12,1
2026-05-29,600519,14:55:26,1325.9900,9,2
2026-05-29,600519,14:55:29,1326.0000,12,1
2026-05-29,600519,14:55:32,1326.0000,10,2
2026-05-29,600519,14:55:35,1326.0000,4,2
2026-05-29,600519,14:55:38,1326.0000,11,2
2026-05-29,600519,14:55:41,1326.0000,16,2
2026-05-29,600519,14:55:44,1326.0000,9,1
2026-05-29,600519,14:55:47,1325.9900,18,2
2026-05-29,600519,14:55:51,1326.0000,11,1
2026-05-29,600519,14:55:54,1325.9000,31,2
2026-05-29,600519,14:55:57,1325.9000,4,1
2026-05-29,600519,14:55:59,1325.9900,12,1
2026-05-29,600519,14:56:02,1326.0800,32,1
2026-05-29,600519,14:56:05,1326.1899,33,1
2026-05-29,600519,14:56:09,1326.2000,32,1
2026-05-29,600519,14:56:11,1326.2000,22,1
2026-05-29,600519,14:56:15,1326.1899,9,1
2026-05-29,600519,14:56:17,1326.0400,16,2
2026-05-29,600519,14:56:21,1326.2000,30,1
2026-05-29,600519,14:56:23,1326.2000,23,1
2026-05-29,600519,14:56:26,1326.1000,7,2
2026-05-29,600519,14:56:30,1326.1100,23,1
2026-05-29,600519,14:56:33,1326.1000,12,2
2026-05-29,600519,14:56:35,1326.1000,6,1
2026-05-29,600519,14:56:39,1326.1000,30,2
2026-05-29,600519,14:56:41,1326.1000,20,1
2026-05-29,600519,14:56:44,1326.2000,14,1
2026-05-29,600519,14:56:47,1326.1899,6,1
2026-05-29,600519,14:56:50,1326.2000,46,1
2026-05-29,600519,14:56:54,1326.2300,20,1
2026-05-29,600519,14:56:56,1326.2600,13,1
2026-05-29,600519,14:56:59,1326.2800,10,1
2026-05-29,600519,15:00:03,1326.0000,2603,4
2026-05-29,600519,13:14:44,1319.9900,11,1
2026-05-29,600519,13:14:47,1319.9900,5,1
2026-05-29,600519,13:14:50,1319.9900,23,2
2026-05-29,600519,13:14:53,1319.9900,6,2
2026-05-29,600519,13:14:57,1320.0100,23,1
2026-05-29,600519,13:14:59,1320.0000,7,2
2026-05-29,600519,13:15:02,1320.1600,18,1
2026-05-29,600519,13:15:06,1320.1700,4,1
2026-05-29,600519,13:15:09,1320.6500,3,1
2026-05-29,600519,13:15:11,1320.5000,9,1
2026-05-29,600519,13:15:14,1322.0000,5,1
2026-05-29,600519,13:15:18,1321.0800,5,2
2026-05-29,600519,13:15:21,1321.0699,13,2
2026-05-29,600519,13:15:23,1321.0800,27,1
2026-05-29,600519,13:15:26,1320.5000,19,2
2026-05-29,600519,13:15:29,1320.5000,3,2
2026-05-29,600519,13:15:33,1320.5000,9,2
2026-05-29,600519,13:15:35,1320.1700,23,2
2026-05-29,600519,13:15:38,1320.1100,4,2
2026-05-29,600519,13:15:41,1320.0900,13,2
2026-05-29,600519,13:15:45,1320.1899,3,2
2026-05-29,600519,13:15:48,1320.1899,2,2
2026-05-29,600519,13:15:51,1320.1899,19,2
2026-05-29,600519,13:15:53,1320.1899,4,2
2026-05-29,600519,13:15:56,1320.1899,4,2
2026-05-29,600519,13:16:00,1320.1899,0,2
2026-05-29,600519,13:16:02,1320.3000,6,2
2026-05-29,600519,13:16:05,1320.4100,19,1
2026-05-29,600519,13:16:12,1320.4100,14,2
2026-05-29,600519,13:16:14,1320.5000,12,1
2026-05-29,600519,13:16:17,1320.7800,2,1
2026-05-29,600519,13:16:21,1320.5000,5,2
2026-05-29,600519,13:16:23,1320.7800,5,1
2026-05-29,600519,13:16:27,1320.7800,3,2
2026-05-29,600519,13:16:29,1320.8101,5,2
2026-05-29,600519,13:16:32,1320.9500,4,1
2026-05-29,600519,13:16:36,1320.9500,6,1
2026-05-29,600519,13:16:39,1320.5000,8,2
2026-05-29,600519,13:16:41,1320.5000,8,2
2026-05-29,600519,13:16:44,1320.7700,59,1
2026-05-29,600519,13:16:47,1320.5000,4,2
2026-05-29,600519,13:16:51,1320.4100,9,2
2026-05-29,600519,13:16:53,1320.4100,4,2
2026-05-29,600519,13:16:57,1320.4100,5,1
2026-05-29,600519,13:17:00,1320.7700,5,1
2026-05-29,600519,13:17:03,1320.7500,4,1
2026-05-29,600519,13:17:05,1320.7500,6,2
2026-05-29,600519,13:17:08,1320.7500,2,2
2026-05-29,600519,13:17:11,1320.7700,3,2
2026-05-29,600519,13:17:14,1320.7500,5,2
2026-05-29,600519,13:17:18,1320.6899,4,2
2026-05-29,600519,13:17:20,1320.6899,2,1
2026-05-29,600519,13:17:23,1320.4200,18,2
2026-05-29,600519,13:17:27,1320.4301,4,2
2026-05-29,600519,13:17:29,1320.4100,8,2
2026-05-29,600519,13:17:33,1320.4100,3,2
2026-05-29,600519,13:17:35,1320.3600,6,2
2026-05-29,600519,13:17:39,1320.3500,24,2
2026-05-29,600519,13:17:42,1320.3500,18,1
2026-05-29,600519,13:17:44,1320.3300,5,1
2026-05-29,600519,13:17:47,1320.1700,4,2
2026-05-29,600519,13:17:50,1320.1000,9,2
2026-05-29,600519,13:17:54,1320.0900,2,2
2026-05-29,600519,13:17:56,1320.3600,2,1
2026-05-29,600519,13:17:59,1320.2700,1,1
2026-05-29,600519,13:18:02,1320.0900,5,2
2026-05-29,600519,13:18:05,1320.5000,31,1
2026-05-29,600519,13:18:08,1320.5000,4,2
2026-05-29,600519,13:18:12,1320.3600,9,1
2026-05-29,600519,13:18:14,1320.0000,12,2
2026-05-29,600519,13:18:17,1320.0100,11,1
2026-05-29,600519,13:18:20,1319.9900,4,2
2026-05-29,600519,13:18:24,1320.0100,10,1
2026-05-29,600519,13:18:27,1320.6600,24,1
2026-05-29,600519,13:18:29,1320.7700,15,1
2026-05-29,600519,13:18:33,1320.9200,33,1
2026-05-29,600519,13:18:35,1321.0000,36,1
2026-05-29,600519,13:18:39,1321.0800,1,1
2026-05-29,600519,13:18:42,1321.0800,5,2
2026-05-29,600519,13:18:44,1321.9500,6,1
2026-05-29,600519,13:18:47,1321.8000,2,1
2026-05-29,600519,13:18:50,1321.9800,4,1
2026-05-29,600519,13:18:53,1321.8000,2,2
2026-05-29,600519,13:18:57,1321.9800,17,1
2026-05-29,600519,13:18:59,1321.9600,10,4
2026-05-29,600519,13:19:03,1322.0400,5,1
2026-05-29,600519,13:19:06,1322.0000,6,2
2026-05-29,600519,13:19:08,1322.2500,4,1
2026-05-29,600519,13:19:11,1322.3500,9,1
2026-05-29,600519,13:19:15,1322.6000,6,1
2026-05-29,600519,13:19:21,1322.6000,9,1
2026-05-29,600519,13:19:23,1322.3500,13,2
2026-05-29,600519,13:19:26,1322.0400,4,2
2026-05-29,600519,13:19:30,1322.5900,7,1
2026-05-29,600519,13:19:32,1322.6000,15,1
2026-05-29,600519,13:19:35,1322.0000,9,2
2026-05-29,600519,13:19:38,1322.0100,8,2
2026-05-29,600519,13:19:41,1322.9800,9,1
2026-05-29,600519,13:19:44,1322.9200,16,2
2026-05-29,600519,13:19:48,1322.5800,4,1
2026-05-29,600519,13:19:51,1322.0100,11,2
2026-05-29,600519,13:19:53,1322.3800,6,1
2026-05-29,600519,13:19:56,1322.0100,6,2
2026-05-29,600519,13:20:00,1322.0000,5,2
2026-05-29,600519,13:20:03,1322.0100,8,2
2026-05-29,600519,13:20:06,1322.5800,6,1
2026-05-29,600519,13:20:08,1322.0100,2,2
2026-05-29,600519,13:20:12,1321.9301,19,2
2026-05-29,600519,13:20:14,1322.0000,5,1
2026-05-29,600519,13:20:18,1321.0000,20,2
2026-05-29,600519,13:20:20,1320.9900,3,4
2026-05-29,600519,13:20:23,1320.9800,3,2
2026-05-29,600519,13:20:27,1320.9800,13,1
2026-05-29,600519,13:20:29,1320.9900,1,1
2026-05-29,600519,13:20:32,1320.5000,11,2
2026-05-29,600519,13:20:35,1320.9900,11,1
2026-05-29,600519,13:20:41,1320.9900,4,2
2026-05-29,600519,13:20:47,1320.9399,1,2
2026-05-29,600519,13:20:51,1320.9900,18,1
2026-05-29,600519,13:20:54,1321.0000,8,1
2026-05-29,600519,13:20:56,1320.9900,20,2
2026-05-29,600519,13:20:59,1321.0000,4,1
2026-05-29,600519,13:21:02,1321.0000,18,1
2026-05-29,600519,13:21:05,1321.0000,2,2
2026-05-29,600519,13:21:09,1321.0000,13,2
2026-05-29,600519,13:21:11,1321.0000,30,2
2026-05-29,600519,13:21:14,1321.9301,10,1
2026-05-29,600519,13:21:17,1321.4600,12,2
2026-05-29,600519,13:21:21,1321.9200,6,2
2026-05-29,600519,13:21:23,1321.9200,7,2
2026-05-29,600519,13:21:26,1321.9900,8,1
2026-05-29,600519,13:21:29,1321.9900,8,2
2026-05-29,600519,13:21:32,1322.0000,12,1
2026-05-29,600519,13:21:35,1321.9301,13,2
2026-05-29,600519,13:21:39,1321.9301,1,1
2026-05-29,600519,13:21:41,1321.9200,5,1
2026-05-29,600519,13:21:44,1321.8900,9,2
2026-05-29,600519,13:21:48,1321.8600,24,1
2026-05-29,600519,13:21:53,1321.0100,9,2
2026-05-29,600519,13:21:57,1321.9100,5,1
2026-05-29,600519,13:21:59,1322.0100,5,1
2026-05-29,600519,13:22:02,1322.5000,8,1
2026-05-29,600519,13:22:05,1322.5500,12,1
2026-05-29,600519,13:22:08,1322.5500,6,1
2026-05-29,600519,13:22:11,1322.9000,13,1
2026-05-29,600519,13:22:15,1322.9000,17,1
2026-05-29,600519,13:22:17,1323.0500,58,1
2026-05-29,600519,13:22:20,1324.0000,18,1
2026-05-29,600519,13:22:23,1324.1000,8,1
2026-05-29,600519,13:22:26,1324.1000,2,2
2026-05-29,600519,13:22:29,1324.0900,5,2
2026-05-29,600519,13:22:32,1324.1000,11,2
2026-05-29,600519,13:22:35,1324.7300,24,1
2026-05-29,600519,13:22:39,1324.1000,15,2
2026-05-29,600519,13:22:41,1324.1000,4,2
2026-05-29,600519,13:22:44,1324.9301,19,1
2026-05-29,600519,13:22:47,1324.6899,3,2
2026-05-29,600519,13:22:51,1324.4900,12,2
2026-05-29,600519,13:22:54,1324.8600,7,1
2026-05-29,600519,13:22:56,1324.6200,12,2
2026-05-29,600519,13:22:59,1324.9600,2,1
2026-05-29,600519,13:23:02,1323.7900,77,2
2026-05-29,600519,13:23:05,1323.2000,10,2
2026-05-29,600519,13:23:08,1323.9900,1,1
2026-05-29,600519,13:23:12,1324.6801,9,1
2026-05-29,600519,13:23:15,1323.8101,3,2
2026-05-29,600519,13:23:18,1323.7300,8,2
2026-05-29,600519,13:23:21,1323.7100,4,2
2026-05-29,600519,13:23:23,1323.7900,7,1
2026-05-29,600519,13:23:26,1323.7800,3,1
2026-05-29,600519,13:23:30,1323.2200,24,2
2026-05-29,600519,13:23:32,1323.0500,22,2
2026-05-29,600519,13:23:36,1322.9000,3,2
2026-05-29,600519,13:23:38,1322.9000,2,1
2026-05-29,600519,13:23:41,1323.0500,11,1
2026-05-29,600519,13:23:44,1322.9000,2,2
2026-05-29,600519,13:23:48,1323.0500,3,1
2026-05-29,600519,13:23:50,1323.0000,7,1
2026-05-29,600519,13:23:53,1323.2200,6,1
2026-05-29,600519,13:23:56,1323.2100,11,1
2026-05-29,600519,13:23:59,1323.2100,5,2
2026-05-29,600519,13:24:02,1322.7100,2,2
2026-05-29,600519,13:24:06,1322.7000,3,2
2026-05-29,600519,13:24:08,1323.0000,4,2
2026-05-29,600519,13:24:11,1323.0000,11,2
2026-05-29,600519,13:24:17,1322.7000,4,2
2026-05-29,600519,13:24:20,1322.7900,13,1
2026-05-29,600519,13:24:23,1322.6200,6,2
2026-05-29,600519,13:24:26,1322.9600,4,2
2026-05-29,600519,13:24:30,1322.6300,1,2
2026-05-29,600519,13:24:33,1322.7900,20,1
2026-05-29,600519,13:24:39,1322.8000,9,2
2026-05-29,600519,13:24:41,1322.6300,3,2
2026-05-29,600519,13:24:44,1322.5000,4,2
2026-05-29,600519,13:24:51,1322.4500,5,2
2026-05-29,600519,13:24:53,1322.6300,13,1
2026-05-29,600519,13:24:57,1322.0000,63,2
2026-05-29,600519,13:24:59,1322.9500,5,1
2026-05-29,600519,13:25:02,1323.0000,11,1
2026-05-29,600519,13:25:05,1323.2100,8,1
2026-05-29,600519,13:25:08,1323.0200,8,2
2026-05-29,600519,13:25:11,1323.5400,5,1
2026-05-29,600519,13:25:14,1323.0300,2,1
2026-05-29,600519,13:25:17,1323.2100,2,1
2026-05-29,600519,13:25:21,1323.2100,3,1
2026-05-29,600519,13:25:24,1323.5000,11,1
2026-05-29,600519,13:25:26,1323.8101,7,1
2026-05-29,600519,13:25:29,1323.5000,13,2
2026-05-29,600519,13:25:33,1323.5000,5,2
2026-05-29,600519,13:25:35,1323.9100,8,2
2026-05-29,600519,13:25:38,1323.9100,7,2
2026-05-29,600519,13:25:41,1323.9100,5,2
2026-05-29,600519,13:25:44,1324.0000,21,1
2026-05-29,600519,13:25:48,1323.9800,4,1
2026-05-29,600519,13:25:50,1324.0000,7,1
2026-05-29,600519,13:25:53,1323.9800,7,2
2026-05-29,600519,13:25:57,1323.9800,12,2
2026-05-29,600519,13:25:59,1324.8000,9,1
2026-05-29,600519,13:26:03,1324.8000,2,1
2026-05-29,600519,13:26:05,1324.4500,15,1
2026-05-29,600519,13:26:08,1324.8000,4,1
2026-05-29,600519,13:26:11,1324.0601,4,2
2026-05-29,600519,13:26:14,1324.7900,17,1
2026-05-29,600519,13:26:18,1324.8000,8,1
2026-05-29,600519,13:26:21,1324.8000,10,1
2026-05-29,600519,13:26:24,1324.0601,12,2
2026-05-29,600519,13:26:26,1324.7900,7,1
2026-05-29,600519,13:26:30,1324.0601,7,2
2026-05-29,600519,13:26:33,1324.0601,9,2
2026-05-29,600519,13:26:36,1324.7800,6,1
2026-05-29,600519,13:26:39,1324.8000,5,1
2026-05-29,600519,13:26:41,1324.0601,10,2
2026-05-29,600519,13:26:45,1324.8000,4,1
2026-05-29,600519,13:26:48,1324.7100,10,2
2026-05-29,600519,13:26:50,1324.7600,8,2
2026-05-29,600519,13:26:53,1324.8000,21,1
2026-05-29,600519,13:26:57,1324.7800,21,1
2026-05-29,600519,13:26:59,1324.0601,1,2
2026-05-29,600519,13:27:03,1324.0601,6,2
2026-05-29,600519,13:27:05,1324.5900,11,1
2026-05-29,600519,13:27:08,1324.0699,8,2
2026-05-29,600519,13:27:11,1324.0601,5,2
2026-05-29,600519,13:27:14,1324.0000,30,2
2026-05-29,600519,13:27:17,1324.7000,4,1
2026-05-29,600519,13:27:20,1324.0000,1,2
2026-05-29,600519,13:27:23,1324.0000,11,2
2026-05-29,600519,13:27:26,1323.9500,7,1
2026-05-29,600519,13:27:29,1323.5100,3,2
2026-05-29,600519,13:27:33,1324.0000,16,1
2026-05-29,600519,13:27:36,1324.0601,9,1
2026-05-29,600519,13:27:39,1324.0000,7,2
2026-05-29,600519,13:27:41,1324.0601,14,1
2026-05-29,600519,13:27:45,1324.7500,15,1
2026-05-29,600519,13:27:47,1324.7900,10,1
2026-05-29,600519,13:27:50,1324.7600,6,2
2026-05-29,600519,13:27:54,1324.7500,13,2
2026-05-29,600519,13:27:57,1324.7600,6,1
2026-05-29,600519,13:28:00,1324.7500,2,1
2026-05-29,600519,13:28:02,1324.7300,7,2
2026-05-29,600519,13:28:05,1324.7300,2,1
2026-05-29,600519,13:28:09,1324.7200,6,2
2026-05-29,600519,13:28:11,1324.6899,6,2
2026-05-29,600519,13:28:14,1324.7400,13,1
2026-05-29,600519,13:28:17,1324.7300,6,2
2026-05-29,600519,13:28:20,1324.7300,1,2
2026-05-29,600519,13:28:23,1324.7500,12,1
2026-05-29,600519,13:28:26,1324.7200,11,2
2026-05-29,600519,13:28:29,1324.7900,17,1
2026-05-29,600519,13:28:32,1324.8000,20,1
2026-05-29,600519,13:28:35,1324.8101,28,1
2026-05-29,600519,13:28:38,1324.8500,7,1
2026-05-29,600519,13:28:41,1324.8500,13,2
2026-05-29,600519,13:28:45,1324.9900,37,1
2026-05-29,600519,13:28:47,1325.0000,11,1
2026-05-29,600519,13:28:50,1324.9900,16,4
2026-05-29,600519,13:28:53,1325.0000,10,1
2026-05-29,600519,13:28:56,1325.0000,11,1
2026-05-29,600519,13:28:59,1325.0000,9,1
2026-05-29,600519,13:29:02,1324.9900,32,4
2026-05-29,600519,13:29:05,1325.0000,11,1
2026-05-29,600519,13:29:08,1325.0000,40,1
2026-05-29,600519,13:29:12,1325.0300,18,1
2026-05-29,600519,13:29:14,1325.5000,16,1
2026-05-29,600519,13:29:17,1325.6000,4,1
2026-05-29,600519,13:29:20,1325.0400,4,2
2026-05-29,600519,13:29:23,1325.7000,12,1
2026-05-29,600519,13:29:26,1325.7600,3,1
2026-05-29,600519,13:29:29,1325.7700,4,2
2026-05-29,600519,13:29:32,1325.9000,10,1
2026-05-29,600519,13:29:35,1326.0100,42,1
2026-05-29,600519,13:29:39,1326.1200,6,1
2026-05-29,600519,13:29:42,1326.0100,5,2
2026-05-29,600519,13:29:45,1326.1801,17,1
2026-05-29,600519,13:29:48,1326.0000,3,2
2026-05-29,600519,13:29:50,1326.1100,4,1
2026-05-29,600519,13:29:54,1326.0000,23,2
2026-05-29,600519,13:29:56,1326.0800,5,1
2026-05-29,600519,13:29:59,1326.0000,6,2
2026-05-29,600519,13:30:02,1326.0900,28,2
2026-05-29,600519,13:30:05,1325.9900,3,2
2026-05-29,600519,13:30:09,1325.9900,6,2
2026-05-29,600519,13:30:12,1325.9900,18,2
2026-05-29,600519,13:30:14,1325.9600,4,2
2026-05-29,600519,13:30:17,1326.0000,15,1
2026-05-29,600519,13:30:21,1326.0000,4,2
2026-05-29,600519,13:30:24,1326.0000,11,2
2026-05-29,600519,13:30:26,1326.0800,20,1
2026-05-29,600519,13:30:30,1326.2000,10,1
2026-05-29,600519,13:30:32,1326.4200,10,1
2026-05-29,600519,13:30:35,1326.1801,2,2
2026-05-29,600519,13:30:38,1326.4200,9,1
2026-05-29,600519,13:30:41,1326.4900,5,1
2026-05-29,600519,13:30:44,1326.3199,4,2
2026-05-29,600519,13:30:47,1326.3400,8,1
2026-05-29,600519,13:30:51,1326.4800,9,2
2026-05-29,600519,13:30:54,1326.4900,6,1
2026-05-29,600519,13:30:57,1326.3000,14,2
2026-05-29,600519,13:30:59,1326.4000,9,2
2026-05-29,600519,13:31:02,1326.4000,11,2
2026-05-29,600519,13:31:05,1326.5000,6,1
2026-05-29,600519,13:31:08,1326.5000,9,2
2026-05-29,600519,13:31:11,1326.8000,9,1
2026-05-29,600519,13:31:14,1326.7000,13,2
2026-05-29,600519,13:31:17,1326.9900,5,1
2026-05-29,600519,13:31:20,1326.7000,21,2
2026-05-29,600519,13:31:23,1326.9100,14,2
2026-05-29,600519,13:31:26,1326.9200,7,1
2026-05-29,600519,13:31:29,1326.9900,7,1
2026-05-29,600519,13:31:32,1326.9900,13,2
2026-05-29,600519,13:31:35,1327.0000,39,1
2026-05-29,600519,13:31:39,1327.0000,6,1
2026-05-29,600519,13:31:41,1327.0000,10,2
2026-05-29,600519,13:31:44,1327.0800,3,1
2026-05-29,600519,13:31:48,1327.1200,5,1
2026-05-29,600519,13:31:50,1327.1200,7,1
2026-05-29,600519,13:31:53,1327.1200,19,2
2026-05-29,600519,13:31:56,1327.0800,24,2
2026-05-29,600519,13:31:59,1327.1200,28,2
2026-05-29,600519,13:32:02,1327.1200,7,2
2026-05-29,600519,13:32:05,1327.0000,26,2
2026-05-29,600519,13:32:08,1326.6801,60,2
2026-05-29,600519,13:32:11,1326.4000,24,2
2026-05-29,600519,13:32:14,1326.2700,4,2
2026-05-29,600519,13:32:18,1326.2400,53,2
2026-05-29,600519,13:32:20,1326.0000,9,2
2026-05-29,600519,13:32:23,1326.0000,31,2
2026-05-29,600519,13:32:27,1326.0000,16,2
2026-05-29,600519,13:32:29,1326.2400,29,1
2026-05-29,600519,13:32:32,1325.9900,2,2
2026-05-29,600519,13:32:35,1325.8800,2,2
2026-05-29,600519,13:32:38,1326.2400,10,1
2026-05-29,600519,13:32:41,1326.0000,10,2
2026-05-29,600519,13:32:45,1326.0000,3,1
2026-05-29,600519,13:32:48,1325.9900,2,2
2026-05-29,600519,13:32:50,1325.9100,4,2
2026-05-29,600519,13:32:53,1325.9100,2,2
2026-05-29,600519,13:32:56,1325.6600,36,2
2026-05-29,600519,13:32:59,1325.9100,20,1
2026-05-29,600519,13:33:02,1325.0000,17,2
2026-05-29,600519,13:33:05,1325.0000,15,2
2026-05-29,600519,13:33:08,1325.0000,4,1
2026-05-29,600519,13:33:12,1325.0000,30,2
2026-05-29,600519,13:33:14,1325.0000,4,1
2026-05-29,600519,13:33:17,1325.0000,2,1
2026-05-29,600519,13:33:20,1325.0000,8,1
2026-05-29,600519,13:33:23,1325.0000,19,1
2026-05-29,600519,13:33:26,1325.0200,14,1
2026-05-29,600519,13:33:29,1325.9900,15,1
2026-05-29,600519,13:33:33,1325.8900,9,2
2026-05-29,600519,13:33:35,1325.9900,4,1
2026-05-29,600519,13:33:39,1326.0000,81,1
2026-05-29,600519,13:33:41,1326.1700,128,1
2026-05-29,600519,13:33:45,1326.2400,27,1
2026-05-29,600519,13:33:48,1327.0800,39,1
2026-05-29,600519,13:33:50,1327.1899,7,1
2026-05-29,600519,13:33:54,1327.0000,10,2
2026-05-29,600519,13:33:57,1327.1899,10,1
2026-05-29,600519,13:33:59,1327.1899,7,2
2026-05-29,600519,13:34:02,1327.3000,16,1
2026-05-29,600519,13:34:05,1327.3800,18,1
2026-05-29,600519,13:34:09,1327.3600,1,2
2026-05-29,600519,13:34:12,1327.3199,9,2
2026-05-29,600519,13:34:15,1327.3600,11,1
2026-05-29,600519,13:34:17,1327.3600,7,2
2026-05-29,600519,13:34:21,1327.3600,63,2
2026-05-29,600519,13:34:24,1327.5000,18,1
2026-05-29,600519,13:34:26,1327.0300,2,2
2026-05-29,600519,13:34:29,1327.0000,17,2
2026-05-29,600519,13:34:32,1327.3600,8,1
2026-05-29,600519,13:34:35,1326.9900,1,2
2026-05-29,600519,13:34:38,1327.3600,16,1
2026-05-29,600519,13:34:41,1326.7600,3,2
2026-05-29,600519,13:34:45,1327.5000,46,1
2026-05-29,600519,13:34:48,1327.5100,17,2
2026-05-29,600519,13:34:51,1327.6700,12,1
2026-05-29,600519,13:34:53,1327.6899,20,1
2026-05-29,600519,13:34:57,1327.9800,9,1
2026-05-29,600519,13:34:59,1327.5100,2,2
2026-05-29,600519,13:35:03,1327.5100,1,2
2026-05-29,600519,13:35:05,1327.3500,161,2
2026-05-29,600519,13:35:09,1326.7600,9,2
2026-05-29,600519,13:35:12,1325.9900,11,2
2026-05-29,600519,13:35:14,1325.9900,7,2
2026-05-29,600519,13:35:17,1325.9900,3,1
2026-05-29,600519,13:35:20,1325.9900,10,1
2026-05-29,600519,13:35:23,1325.1100,6,2
2026-05-29,600519,13:35:27,1325.1100,4,2
2026-05-29,600519,13:35:29,1325.0699,11,2
2026-05-29,600519,13:35:32,1325.0699,5,1
2026-05-29,600519,13:35:35,1325.0601,6,2
2026-05-29,600519,13:35:38,1325.0601,4,2
2026-05-29,600519,13:35:41,1325.0100,1,2
2026-05-29,600519,13:35:45,1325.0500,11,1
2026-05-29,600519,13:35:47,1325.0200,6,2
2026-05-29,600519,13:35:50,1325.0000,2,2
2026-05-29,600519,13:35:54,1325.0000,7,2
2026-05-29,600519,13:35:57,1325.0000,4,2
2026-05-29,600519,13:35:59,1325.0000,3,2
2026-05-29,600519,13:36:02,1324.9900,7,2
2026-05-29,600519,13:36:06,1324.9600,4,2
2026-05-29,600519,13:36:08,1324.9900,18,2
2026-05-29,600519,13:36:11,1324.8101,7,2
2026-05-29,600519,13:36:18,1324.9800,17,1
2026-05-29,600519,13:36:21,1324.9399,29,2
2026-05-29,600519,13:36:24,1325.0400,5,1
2026-05-29,600519,13:36:26,1324.9399,7,2
2026-05-29,600519,13:36:29,1325.0601,12,1
2026-05-29,600519,13:36:32,1325.0000,10,2
2026-05-29,600519,13:36:35,1325.0500,11,2
2026-05-29,600519,13:36:38,1325.1100,2,1
2026-05-29,600519,13:36:41,1325.1100,11,2
2026-05-29,600519,13:36:45,1325.9900,2,1
2026-05-29,600519,13:36:48,1325.9900,11,2
2026-05-29,600519,13:36:50,1325.5900,7,2
2026-05-29,600519,13:36:53,1325.3101,4,2
2026-05-29,600519,13:36:56,1325.9900,4,1
2026-05-29,600519,13:37:00,1325.3101,3,2
2026-05-29,600519,13:37:02,1325.9700,7,1
2026-05-29,600519,13:37:08,1325.9900,7,1
2026-05-29,600519,13:37:11,1325.8199,9,2
2026-05-29,600519,13:37:17,1325.9600,4,1
2026-05-29,600519,13:37:20,1325.5100,7,2
2026-05-29,600519,13:37:23,1325.5000,1,2
2026-05-29,600519,13:37:26,1325.7700,2,1
2026-05-29,600519,13:37:29,1325.4200,5,2
2026-05-29,600519,13:37:32,1325.4200,6,2
2026-05-29,600519,13:37:36,1325.3101,3,2
2026-05-29,600519,13:37:38,1325.2300,4,2
2026-05-29,600519,13:37:41,1325.0000,8,2
2026-05-29,600519,13:37:45,1324.0100,24,2
2026-05-29,600519,13:37:47,1324.9301,10,1
2026-05-29,600519,13:37:50,1324.9100,2,1
2026-05-29,600519,13:37:53,1324.0200,11,2
2026-05-29,600519,13:37:56,1324.0100,7,2
2026-05-29,600519,13:37:59,1324.0100,8,1
2026-05-29,600519,13:38:02,1324.0200,8,1
2026-05-29,600519,13:38:05,1324.0100,7,2
2026-05-29,600519,13:38:09,1324.0300,8,2
2026-05-29,600519,13:38:11,1324.0300,7,2
2026-05-29,600519,13:38:14,1324.0300,4,2
2026-05-29,600519,13:38:17,1325.0000,12,1
2026-05-29,600519,13:38:20,1324.9900,2,1
2026-05-29,600519,13:38:24,1324.1100,17,2
2026-05-29,600519,13:38:27,1324.9900,13,1
2026-05-29,600519,13:38:30,1325.0200,14,1
2026-05-29,600519,13:38:32,1325.0000,7,2
2026-05-29,600519,13:38:38,1324.2000,8,2
2026-05-29,600519,13:38:42,1325.0000,12,1
2026-05-29,600519,13:38:44,1324.9900,11,1
2026-05-29,600519,13:38:50,1325.0400,16,1
2026-05-29,600519,13:38:53,1324.1700,6,2
2026-05-29,600519,13:38:57,1324.1600,4,2
2026-05-29,600519,13:39:00,1324.1600,11,1
2026-05-29,600519,13:39:02,1324.9900,5,1
2026-05-29,600519,13:39:05,1324.2000,5,2
2026-05-29,600519,13:39:08,1324.2100,3,2
2026-05-29,600519,13:39:11,1325.0000,5,1
2026-05-29,600519,13:39:14,1325.0000,5,1
2026-05-29,600519,13:39:17,1324.2400,7,2
2026-05-29,600519,13:39:21,1324.9900,2,1
2026-05-29,600519,13:39:23,1325.0000,10,1
2026-05-29,600519,13:39:27,1324.9900,6,1
2026-05-29,600519,13:39:29,1325.0000,11,1
2026-05-29,600519,13:39:32,1324.3101,15,2
2026-05-29,600519,13:39:36,1325.0000,11,1
2026-05-29,600519,13:39:38,1324.9900,6,2
2026-05-29,600519,13:39:41,1324.3700,10,2
2026-05-29,600519,13:39:44,1324.3400,5,2
2026-05-29,600519,13:39:47,1325.0000,3,1
2026-05-29,600519,13:39:50,1325.0000,7,1
2026-05-29,600519,13:39:53,1324.3400,7,2
2026-05-29,600519,13:39:57,1324.7000,3,1
2026-05-29,600519,13:40:00,1325.0000,1,1
2026-05-29,600519,13:40:02,1324.7000,6,2
2026-05-29,600519,13:40:05,1325.0000,3,1
2026-05-29,600519,13:40:08,1324.7000,6,2
2026-05-29,600519,13:40:11,1324.6200,9,2
2026-05-29,600519,13:40:14,1324.6200,4,2
2026-05-29,600519,13:40:21,1325.0000,9,1
2026-05-29,600519,13:40:23,1324.7200,9,2
2026-05-29,600519,13:40:26,1324.7200,7,2
2026-05-29,600519,13:40:29,1324.7300,3,2
2026-05-29,600519,13:40:33,1324.7200,6,2
2026-05-29,600519,13:40:35,1324.9900,10,1
2026-05-29,600519,13:40:38,1324.8700,3,1
2026-05-29,600519,13:40:42,1324.9900,2,1
2026-05-29,600519,13:40:44,1324.9900,1,1
2026-05-29,600519,13:40:47,1324.7500,4,2
2026-05-29,600519,13:40:50,1325.0000,48,1
2026-05-29,600519,13:40:53,1324.9900,2,1
2026-05-29,600519,13:40:57,1324.9900,5,1
2026-05-29,600519,13:40:59,1325.0000,1,1
2026-05-29,600519,13:41:02,1324.7200,14,2
2026-05-29,600519,13:41:05,1325.0000,1,1
2026-05-29,600519,13:41:08,1325.0000,8,1
2026-05-29,600519,13:41:12,1325.0000,2,1
2026-05-29,600519,13:41:14,1324.9000,0,1
2026-05-29,600519,13:41:18,1325.0000,10,1
2026-05-29,600519,13:41:20,1325.0000,2,1
2026-05-29,600519,13:41:23,1324.8101,8,2
2026-05-29,600519,13:41:26,1324.9301,4,2
2026-05-29,600519,13:41:29,1324.9800,1,1
2026-05-29,600519,13:41:35,1324.9900,6,1
2026-05-29,600519,13:41:38,1324.9800,3,1
2026-05-29,600519,13:41:42,1324.9800,12,1
2026-05-29,600519,13:41:45,1324.9100,4,2
2026-05-29,600519,13:41:47,1324.9301,3,1
2026-05-29,600519,13:41:50,1324.9100,4,2
2026-05-29,600519,13:41:53,1324.9399,7,1
2026-05-29,600519,13:41:56,1324.9100,1,2
2026-05-29,600519,13:41:59,1324.9100,5,1
2026-05-29,600519,13:42:03,1324.9000,2,2
2026-05-29,600519,13:42:05,1324.8600,2,2
2026-05-29,600519,13:42:08,1324.9301,28,1
2026-05-29,600519,13:42:12,1324.9399,13,1
2026-05-29,600519,13:42:14,1324.8101,2,2
2026-05-29,600519,13:42:18,1324.9399,10,1
2026-05-29,600519,13:42:20,1324.8101,5,2
2026-05-29,600519,13:42:27,1324.7600,5,2
2026-05-29,600519,13:42:30,1324.5900,2,2
2026-05-29,600519,13:42:32,1324.5900,2,1
2026-05-29,600519,13:42:35,1324.3000,21,2
2026-05-29,600519,13:42:39,1324.3500,3,1
2026-05-29,600519,13:42:41,1324.3500,1,1
2026-05-29,600519,13:42:44,1324.2200,8,2
2026-05-29,600519,13:42:47,1324.2500,2,1
2026-05-29,600519,13:42:50,1324.2500,28,1
2026-05-29,600519,13:42:53,1324.2500,3,2
2026-05-29,600519,13:42:57,1324.2200,18,2
2026-05-29,600519,13:43:00,1324.2100,6,2
2026-05-29,600519,13:43:02,1324.2100,1,2
2026-05-29,600519,13:43:05,1324.1801,5,2
2026-05-29,600519,13:43:09,1324.1700,7,2
2026-05-29,600519,13:43:11,1324.1899,4,1
2026-05-29,600519,13:43:15,1324.0900,11,2
2026-05-29,600519,13:43:18,1324.0900,6,1
2026-05-29,600519,13:43:20,1324.0900,4,2
2026-05-29,600519,13:43:23,1324.1899,17,1
2026-05-29,600519,13:43:27,1324.1899,3,2
2026-05-29,600519,13:43:30,1324.1801,2,1
2026-05-29,600519,13:43:33,1324.1000,1,2
2026-05-29,600519,13:43:36,1324.1000,9,2
2026-05-29,600519,13:43:39,1324.3000,7,1
2026-05-29,600519,13:43:41,1324.5500,2,1
2026-05-29,600519,13:43:44,1324.8101,10,1
2026-05-29,600519,13:43:48,1324.5500,3,2
2026-05-29,600519,13:43:51,1324.3101,1,2
2026-05-29,600519,13:43:53,1324.5500,13,1
2026-05-29,600519,13:43:57,1324.5500,4,2
2026-05-29,600519,13:44:00,1324.5699,4,1
2026-05-29,600519,13:44:02,1324.6500,4,1
2026-05-29,600519,13:44:05,1324.8000,29,1
2026-05-29,600519,13:44:08,1324.9301,9,1
2026-05-29,600519,13:44:11,1324.9301,7,1
2026-05-29,600519,13:44:14,1324.9600,9,1
2026-05-29,600519,13:44:17,1324.8300,9,2
2026-05-29,600519,13:44:20,1324.9000,8,1
2026-05-29,600519,13:44:23,1324.8000,9,2
2026-05-29,600519,13:44:27,1324.7300,16,2
2026-05-29,600519,13:44:30,1324.6000,3,2
2026-05-29,600519,13:44:32,1324.7300,1,1
2026-05-29,600519,13:44:35,1324.7800,3,1
2026-05-29,600519,13:44:38,1324.7300,5,1
2026-05-29,600519,13:44:42,1324.8101,10,1
2026-05-29,600519,13:44:44,1324.9000,4,1
2026-05-29,600519,13:44:48,1324.9000,27,1
2026-05-29,600519,13:44:50,1324.9100,24,1
2026-05-29,600519,13:44:53,1324.9700,38,1
2026-05-29,600519,13:44:57,1325.1200,84,1
2026-05-29,600519,13:45:00,1325.7800,21,1
2026-05-29,600519,13:45:02,1325.9800,9,1
2026-05-29,600519,13:45:05,1325.9900,17,1
2026-05-29,600519,13:45:08,1326.0000,20,1
2026-05-29,600519,13:45:11,1326.0000,21,1
2026-05-29,600519,13:45:14,1326.0000,7,2
2026-05-29,600519,13:45:17,1326.2500,9,1
2026-05-29,600519,13:45:20,1326.0000,9,2
2026-05-29,600519,13:45:23,1326.6000,56,1
2026-05-29,600519,13:45:26,1326.6000,8,2
2026-05-29,600519,13:45:30,1326.6000,26,2
2026-05-29,600519,13:45:32,1326.6801,7,1
2026-05-29,600519,13:45:35,1326.7100,18,1
2026-05-29,600519,13:45:38,1326.9800,10,1
2026-05-29,600519,13:45:41,1326.9900,7,1
2026-05-29,600519,13:45:44,1326.9900,8,1
2026-05-29,600519,13:45:47,1327.0000,27,1
2026-05-29,600519,13:45:50,1327.0000,16,1
2026-05-29,600519,13:45:54,1327.0000,7,2
2026-05-29,600519,13:45:57,1327.0000,9,2
2026-05-29,600519,13:45:59,1327.0100,6,2
2026-05-29,600519,13:46:02,1327.2200,7,1
2026-05-29,600519,13:46:05,1327.3400,15,1
2026-05-29,600519,13:46:09,1327.5000,33,1
2026-05-29,600519,13:46:12,1327.2100,5,2
2026-05-29,600519,13:46:14,1327.4900,7,1
2026-05-29,600519,13:46:18,1327.5000,35,1
2026-05-29,600519,13:46:20,1327.5900,5,1
2026-05-29,600519,13:46:23,1327.6801,5,1
2026-05-29,600519,13:46:26,1327.5000,12,2
2026-05-29,600519,13:46:30,1327.6899,3,4
2026-05-29,600519,13:46:32,1327.6899,10,2
2026-05-29,600519,13:46:36,1327.6000,17,2
2026-05-29,600519,13:46:39,1327.6801,8,1
2026-05-29,600519,13:46:41,1327.6801,13,2
2026-05-29,600519,13:46:45,1327.6899,4,2
2026-05-29,600519,13:46:47,1327.7500,14,1
2026-05-29,600519,13:46:50,1327.6801,5,2
2026-05-29,600519,13:46:54,1327.6000,15,2
2026-05-29,600519,13:46:57,1327.6000,22,2
2026-05-29,600519,13:46:59,1327.6700,4,1
2026-05-29,600519,13:47:02,1327.6801,5,1
2026-05-29,600519,13:47:05,1327.6100,14,2
2026-05-29,600519,13:47:09,1327.6000,17,2
2026-05-29,600519,13:47:11,1327.5000,10,2
2026-05-29,600519,13:47:15,1327.3600,4,2
2026-05-29,600519,13:47:17,1327.1899,25,2
2026-05-29,600519,13:47:20,1326.6600,8,2
2026-05-29,600519,13:47:23,1326.6000,2,2
2026-05-29,600519,13:47:26,1326.0000,1,2
2026-05-29,600519,13:47:30,1326.5300,4,1
2026-05-29,600519,13:47:33,1326.0000,7,2
2026-05-29,600519,13:47:35,1326.5300,14,1
2026-05-29,600519,13:47:38,1326.5300,2,2
2026-05-29,600519,13:47:41,1326.9800,5,1
2026-05-29,600519,13:47:45,1326.5300,4,1
2026-05-29,600519,13:47:47,1326.9800,2,1
2026-05-29,600519,13:47:50,1326.0000,3,2
2026-05-29,600519,13:47:53,1327.0000,5,1
2026-05-29,600519,13:47:56,1326.9900,2,2
2026-05-29,600519,13:47:59,1327.0000,10,1
2026-05-29,600519,13:48:03,1327.0000,5,2
2026-05-29,600519,13:48:05,1327.0100,32,1
2026-05-29,600519,13:48:09,1327.0000,10,2
2026-05-29,600519,13:48:12,1327.0200,11,1
2026-05-29,600519,13:48:14,1327.0900,18,1
2026-05-29,600519,13:48:18,1327.0000,3,1
2026-05-29,600519,13:48:20,1327.0200,3,1
2026-05-29,600519,13:48:24,1327.0100,6,1
2026-05-29,600519,13:48:26,1327.0000,12,2
2026-05-29,600519,13:48:30,1327.0000,10,4
2026-05-29,600519,13:48:32,1326.9800,4,2
2026-05-29,600519,13:48:36,1326.9200,9,2
2026-05-29,600519,13:48:38,1326.9200,3,1
2026-05-29,600519,13:48:41,1327.0000,17,1
2026-05-29,600519,13:48:44,1326.5300,2,2
2026-05-29,600519,13:48:50,1326.5300,2,2
2026-05-29,600519,13:48:53,1326.7600,9,1
2026-05-29,600519,13:48:56,1326.8300,5,1
2026-05-29,600519,13:48:59,1326.8400,9,1
2026-05-29,600519,13:49:02,1326.8500,3,2
2026-05-29,600519,13:49:05,1326.8400,2,2
2026-05-29,600519,13:49:08,1326.8400,2,2
2026-05-29,600519,13:49:12,1326.8500,14,2
2026-05-29,600519,13:49:15,1326.9500,5,1
2026-05-29,600519,13:49:18,1327.0000,11,1
2026-05-29,600519,13:49:20,1327.0000,11,1
2026-05-29,600519,13:49:23,1326.8400,15,2
2026-05-29,600519,13:49:26,1327.0100,4,1
2026-05-29,600519,13:49:29,1326.8500,1,2
2026-05-29,600519,13:49:32,1327.0000,2,2
2026-05-29,600519,13:49:35,1326.8400,5,2
2026-05-29,600519,13:49:38,1326.8400,1,2
2026-05-29,600519,13:49:41,1326.8400,4,2
2026-05-29,600519,13:49:44,1326.9000,7,1
2026-05-29,600519,13:49:48,1326.9301,5,1
2026-05-29,600519,13:49:50,1326.8500,11,2
2026-05-29,600519,13:49:53,1326.8900,9,1
2026-05-29,600519,13:49:57,1326.9800,7,1
2026-05-29,600519,13:49:59,1326.9900,6,1
2026-05-29,600519,13:50:03,1326.9900,3,1
2026-05-29,600519,13:50:06,1326.9800,3,2
2026-05-29,600519,13:50:08,1327.0000,27,1
2026-05-29,600519,13:50:11,1327.0000,40,2
2026-05-29,600519,13:50:14,1327.0000,8,1
2026-05-29,600519,13:50:17,1327.0000,8,1
2026-05-29,600519,13:50:21,1327.0100,8,1
2026-05-29,600519,13:50:24,1326.9900,6,2
2026-05-29,600519,13:50:27,1327.0000,7,1
2026-05-29,600519,13:50:29,1327.0601,7,1
2026-05-29,600519,13:50:33,1327.0601,1,1
2026-05-29,600519,13:50:35,1327.0000,3,2
2026-05-29,600519,13:50:39,1327.0800,2,1
2026-05-29,600519,13:50:41,1327.0200,1,2
2026-05-29,600519,13:50:44,1327.0000,7,2
2026-05-29,600519,13:50:47,1327.0500,6,1
2026-05-29,600519,13:50:50,1327.0000,5,1
2026-05-29,600519,13:50:53,1326.9200,8,2
2026-05-29,600519,13:50:57,1327.0000,5,1
2026-05-29,600519,13:50:59,1327.0000,2,1
2026-05-29,600519,13:51:03,1326.9900,1,1
2026-05-29,600519,13:51:05,1326.9100,12,2
2026-05-29,600519,13:51:09,1326.9900,4,1
2026-05-29,600519,13:51:15,1327.0000,4,1
2026-05-29,600519,13:51:17,1327.0000,12,1
2026-05-29,600519,13:51:20,1326.9900,15,2
2026-05-29,600519,13:51:23,1326.9800,3,1
2026-05-29,600519,13:51:26,1326.9800,10,1
2026-05-29,600519,13:51:29,1326.9800,7,1
2026-05-29,600519,13:51:32,1326.9900,4,1
2026-05-29,600519,13:51:36,1326.9800,8,2
2026-05-29,600519,13:51:41,1326.9500,1,2
2026-05-29,600519,13:51:45,1326.9700,5,1
2026-05-29,600519,13:51:48,1326.9800,8,1
2026-05-29,600519,13:51:51,1326.9500,1,1
2026-05-29,600519,13:51:53,1326.9100,11,2
2026-05-29,600519,13:51:56,1326.9500,7,1
2026-05-29,600519,13:52:00,1326.9500,23,1
2026-05-29,600519,13:52:02,1326.9100,2,2
2026-05-29,600519,13:52:05,1326.9100,6,1
2026-05-29,600519,13:52:08,1326.9100,1,1
2026-05-29,600519,13:52:12,1326.9399,7,1
2026-05-29,600519,13:52:15,1326.9000,5,2
2026-05-29,600519,13:52:17,1326.8900,1,2
2026-05-29,600519,13:52:20,1326.9000,1,1
2026-05-29,600519,13:52:24,1326.8900,6,2
2026-05-29,600519,13:52:26,1326.8900,8,1
2026-05-29,600519,13:52:30,1326.8900,3,1
2026-05-29,600519,13:52:32,1326.8900,3,1
2026-05-29,600519,13:52:35,1326.5300,9,2
2026-05-29,600519,13:52:38,1326.8900,8,1
2026-05-29,600519,13:52:41,1326.8900,6,1
2026-05-29,600519,13:52:44,1326.0000,35,2
2026-05-29,600519,13:52:47,1326.1000,2,2
2026-05-29,600519,13:52:50,1326.0100,2,2
2026-05-29,600519,13:52:54,1326.6801,8,1
2026-05-29,600519,13:52:56,1325.9600,1,2
2026-05-29,600519,13:53:00,1326.0000,4,1
2026-05-29,600519,13:53:03,1325.9100,3,2
2026-05-29,600519,13:53:05,1325.9100,3,2
2026-05-29,600519,13:53:08,1325.9100,4,4
2026-05-29,600519,13:53:11,1325.9100,2,1
2026-05-29,600519,13:53:15,1325.9900,8,1
2026-05-29,600519,13:53:17,1325.8300,4,1
2026-05-29,600519,13:53:20,1325.5100,4,2
2026-05-29,600519,13:53:23,1325.8300,8,2
2026-05-29,600519,13:53:26,1325.0100,5,2
2026-05-29,600519,13:53:29,1325.8300,5,1
2026-05-29,600519,13:53:32,1325.9301,5,1
2026-05-29,600519,13:53:35,1325.8700,7,1
2026-05-29,600519,13:53:38,1326.0000,11,1
2026-05-29,600519,13:53:41,1326.1300,11,1
2026-05-29,600519,13:53:45,1326.8800,6,1
2026-05-29,600519,13:53:48,1325.5100,42,2
2026-05-29,600519,13:53:50,1325.0800,8,2
2026-05-29,600519,13:53:53,1326.1500,6,1
2026-05-29,600519,13:53:57,1325.9900,1,1
2026-05-29,600519,13:54:00,1325.9900,1,2
2026-05-29,600519,13:54:03,1325.9900,2,2
2026-05-29,600519,13:54:05,1325.9700,2,1
2026-05-29,600519,13:54:08,1325.9800,1,1
2026-05-29,600519,13:54:11,1325.1700,2,2
2026-05-29,600519,13:54:15,1325.1700,4,2
2026-05-29,600519,13:54:17,1325.1000,8,2
2026-05-29,600519,13:54:20,1325.1200,10,1
2026-05-29,600519,13:54:23,1325.1200,16,1
2026-05-29,600519,13:54:26,1325.0000,13,2
2026-05-29,600519,13:54:29,1325.0000,10,1
2026-05-29,600519,13:54:32,1325.0000,1,1
2026-05-29,600519,13:54:35,1325.0000,3,1
2026-05-29,600519,13:54:39,1324.9700,2,2
2026-05-29,600519,13:54:42,1324.9900,5,1
2026-05-29,600519,13:54:44,1324.9800,13,2
2026-05-29,600519,13:54:47,1324.9700,3,2
2026-05-29,600519,13:54:51,1325.0000,4,1
2026-05-29,600519,13:54:54,1325.0000,4,1
2026-05-29,600519,13:54:56,1324.9800,6,2
2026-05-29,600519,13:54:59,1324.9700,8,2
2026-05-29,600519,13:55:03,1324.9700,5,2
2026-05-29,600519,13:55:05,1325.0000,12,1
2026-05-29,600519,13:55:08,1324.9700,13,4
2026-05-29,600519,13:55:11,1325.0000,17,1
2026-05-29,600519,13:55:15,1324.9600,9,2
2026-05-29,600519,13:55:18,1325.0000,2,1
2026-05-29,600519,13:55:21,1324.9600,6,2
2026-05-29,600519,13:55:23,1324.9600,8,1
2026-05-29,600519,13:55:26,1324.9600,19,1
2026-05-29,600519,13:55:29,1324.9600,11,2
2026-05-29,600519,13:55:33,1324.9600,31,2
2026-05-29,600519,13:55:36,1324.9500,4,2
2026-05-29,600519,13:55:38,1324.9500,3,1
2026-05-29,600519,13:55:42,1324.9399,2,2
2026-05-29,600519,13:55:44,1324.9399,4,2
2026-05-29,600519,13:55:47,1324.9700,4,1
2026-05-29,600519,13:55:50,1324.9399,5,2
2026-05-29,600519,13:55:56,1324.9200,2,2
2026-05-29,600519,13:55:59,1324.8500,9,2
2026-05-29,600519,13:56:03,1324.6000,17,2
2026-05-29,600519,13:56:08,1324.9000,4,1
2026-05-29,600519,13:56:12,1324.8800,4,1
2026-05-29,600519,13:56:15,1324.8400,6,2
2026-05-29,600519,13:56:17,1324.5000,2,2
2026-05-29,600519,13:56:20,1324.5000,1,2
2026-05-29,600519,13:56:23,1324.5000,7,2
2026-05-29,600519,13:56:27,1324.4200,1,2
2026-05-29,600519,13:56:29,1324.8300,10,1
2026-05-29,600519,13:56:32,1324.5100,4,1
2026-05-29,600519,13:56:35,1324.4000,1,2
2026-05-29,600519,13:56:39,1324.4000,5,1
2026-05-29,600519,13:56:41,1324.8400,52,1
2026-05-29,600519,13:56:44,1324.9200,4,1
2026-05-29,600519,13:56:47,1324.9301,5,1
2026-05-29,600519,13:56:50,1324.9399,2,1
2026-05-29,600519,13:56:53,1324.4200,15,2
2026-05-29,600519,13:56:57,1324.9600,3,1
2026-05-29,600519,13:56:59,1324.8300,4,1
2026-05-29,600519,13:57:02,1324.5000,9,2
2026-05-29,600519,13:57:06,1324.5000,3,2
2026-05-29,600519,13:57:08,1324.5100,7,2
2026-05-29,600519,13:57:11,1324.8800,3,1
2026-05-29,600519,13:57:14,1324.6000,9,2
2026-05-29,600519,13:57:18,1324.9500,5,1
2026-05-29,600519,13:57:21,1324.9000,1,2
2026-05-29,600519,13:57:23,1324.9900,4,1
2026-05-29,600519,13:57:27,1324.9900,4,1
2026-05-29,600519,13:57:29,1324.9000,5,2
2026-05-29,600519,13:57:32,1324.8300,3,2
2026-05-29,600519,13:57:35,1324.8400,4,2
2026-05-29,600519,13:57:38,1324.9800,4,1
2026-05-29,600519,13:57:41,1324.9900,5,1
2026-05-29,600519,13:57:44,1324.9900,7,1
2026-05-29,600519,13:57:47,1324.9000,48,2
2026-05-29,600519,13:57:50,1324.9000,9,1
2026-05-29,600519,13:57:54,1324.9900,2,1
2026-05-29,600519,13:57:56,1324.9100,9,2
2026-05-29,600519,13:57:59,1324.9900,3,1
2026-05-29,600519,13:58:02,1324.9900,4,1
2026-05-29,600519,13:58:05,1325.0000,21,1
2026-05-29,600519,13:58:08,1325.0000,5,1
2026-05-29,600519,13:58:11,1325.0000,5,1
2026-05-29,600519,13:58:14,1325.0000,14,1
2026-05-29,600519,13:58:18,1325.0000,5,1
2026-05-29,600519,13:58:20,1324.9900,1,2
2026-05-29,600519,13:58:23,1324.9900,11,2
2026-05-29,600519,13:58:27,1324.9900,1,1
2026-05-29,600519,13:58:29,1324.9301,5,2
2026-05-29,600519,13:58:32,1324.9000,10,2
2026-05-29,600519,13:58:36,1324.7800,6,2
2026-05-29,600519,13:58:38,1324.7800,3,1
2026-05-29,600519,13:58:41,1324.7900,3,1
2026-05-29,600519,13:58:45,1324.8800,1,1
2026-05-29,600519,13:58:47,1324.5500,2,2
2026-05-29,600519,13:58:50,1324.8800,2,1
2026-05-29,600519,13:58:53,1324.9000,1,1
2026-05-29,600519,13:58:56,1324.8800,1,2
2026-05-29,600519,13:58:59,1324.9000,5,1
2026-05-29,600519,13:59:03,1324.8800,2,1
2026-05-29,600519,13:59:06,1324.8800,1,1
2026-05-29,600519,13:59:08,1324.7900,10,2
2026-05-29,600519,13:59:12,1324.8000,4,1
2026-05-29,600519,13:59:15,1324.8400,3,1
2026-05-29,600519,13:59:17,1324.9301,7,1
2026-05-29,600519,13:59:20,1324.7300,5,2
2026-05-29,600519,13:59:24,1324.7300,14,2
2026-05-29,600519,13:59:27,1324.7300,2,2
2026-05-29,600519,13:59:29,1324.7200,8,2
2026-05-29,600519,13:59:32,1324.5500,13,2
2026-05-29,600519,13:59:35,1324.7100,4,1
2026-05-29,600519,13:59:39,1324.4000,14,2
2026-05-29,600519,13:59:41,1324.5100,2,1
2026-05-29,600519,13:59:45,1324.3900,3,2
2026-05-29,600519,13:59:48,1324.5900,4,1
2026-05-29,600519,13:59:50,1324.3000,6,2
2026-05-29,600519,13:59:53,1324.5400,3,1
2026-05-29,600519,13:59:56,1324.3000,7,2
2026-05-29,600519,13:59:59,1324.3000,6,1
2026-05-29,600519,14:00:03,1324.5900,6,1
2026-05-29,600519,14:00:06,1324.7200,12,1
2026-05-29,600519,14:00:08,1324.9301,6,1
2026-05-29,600519,14:00:12,1324.3199,1,2
2026-05-29,600519,14:00:14,1324.3199,7,2
2026-05-29,600519,14:00:17,1324.5100,8,1
2026-05-29,600519,14:00:20,1324.5000,16,2
2026-05-29,600519,14:00:23,1324.5300,2,2
2026-05-29,600519,14:00:27,1324.7200,11,1
2026-05-29,600519,14:00:29,1324.9000,6,1
2026-05-29,600519,14:00:32,1324.5601,4,2
2026-05-29,600519,14:00:39,1324.9900,8,1
2026-05-29,600519,14:00:41,1325.0000,47,1
2026-05-29,600519,14:00:45,1325.1600,8,1
2026-05-29,600519,14:00:48,1325.2100,6,1
2026-05-29,600519,14:00:51,1325.5800,8,1
2026-05-29,600519,14:00:53,1325.6801,2,1
2026-05-29,600519,14:00:56,1325.9000,6,1
2026-05-29,600519,14:00:59,1325.8300,5,1
2026-05-29,600519,14:01:03,1325.9900,6,1
2026-05-29,600519,14:01:05,1325.9900,4,1
2026-05-29,600519,14:01:09,1325.9800,12,2
2026-05-29,600519,14:01:12,1325.8400,15,2
2026-05-29,600519,14:01:14,1325.6500,10,2
2026-05-29,600519,14:01:18,1325.9900,9,1
2026-05-29,600519,14:01:20,1326.0000,4,1
2026-05-29,600519,14:01:23,1325.7000,9,1
2026-05-29,600519,14:01:26,1325.6600,2,2
2026-05-29,600519,14:01:30,1325.8500,5,2
2026-05-29,600519,14:01:32,1325.7500,1,2
2026-05-29,600519,14:01:36,1324.5500,123,2
2026-05-29,600519,14:01:38,1325.8101,4,1
2026-05-29,600519,14:01:41,1325.6500,4,1
2026-05-29,600519,14:01:44,1325.6500,2,1
2026-05-29,600519,14:01:48,1325.6500,5,1
2026-05-29,600519,14:01:51,1324.5800,14,2
2026-05-29,600519,14:01:53,1325.6600,14,1
2026-05-29,600519,14:01:57,1324.5500,8,2
2026-05-29,600519,14:01:59,1324.6300,4,1
2026-05-29,600519,14:02:03,1325.6300,3,1
2026-05-29,600519,14:02:06,1325.6500,5,1
2026-05-29,600519,14:02:08,1324.6700,2,2
2026-05-29,600519,14:02:11,1324.6700,10,2
2026-05-29,600519,14:02:15,1324.6700,6,2
2026-05-29,600519,14:02:17,1325.6200,4,1
2026-05-29,600519,14:02:20,1324.6801,2,2
2026-05-29,600519,14:02:23,1325.6400,17,1
2026-05-29,600519,14:02:27,1324.6700,4,2
2026-05-29,600519,14:02:30,1325.6300,4,1
2026-05-29,600519,14:02:33,1325.6000,4,1
2026-05-29,600519,14:02:35,1325.6200,9,1
2026-05-29,600519,14:02:38,1325.6000,74,1
2026-05-29,600519,14:02:41,1324.5400,7,2
2026-05-29,600519,14:02:47,1324.5699,22,2
2026-05-29,600519,14:02:50,1324.5500,8,2
2026-05-29,600519,14:02:53,1324.5500,9,2
2026-05-29,600519,14:02:57,1324.5500,6,1
2026-05-29,600519,14:03:00,1324.6300,5,1
2026-05-29,600519,14:03:02,1325.6000,4,1
2026-05-29,600519,14:03:06,1325.0200,14,2
2026-05-29,600519,14:03:09,1325.6000,21,1
2026-05-29,600519,14:03:11,1325.6300,2,1
2026-05-29,600519,14:03:14,1325.6500,6,1
2026-05-29,600519,14:03:17,1325.6000,2,1
2026-05-29,600519,14:03:20,1324.8700,7,2
2026-05-29,600519,14:03:23,1324.9600,57,1
2026-05-29,600519,14:03:26,1324.8600,4,2
2026-05-29,600519,14:03:29,1325.5000,15,1
2026-05-29,600519,14:03:32,1324.8199,1,1
2026-05-29,600519,14:03:36,1324.5800,3,2
2026-05-29,600519,14:03:39,1324.5000,5,2
2026-05-29,600519,14:03:41,1324.8000,7,1
2026-05-29,600519,14:03:44,1324.5500,1,2
2026-05-29,600519,14:03:48,1324.5000,3,2
2026-05-29,600519,14:03:50,1324.5000,6,2
2026-05-29,600519,14:03:53,1324.5000,3,2
2026-05-29,600519,14:03:57,1324.8000,2,1
2026-05-29,600519,14:04:00,1324.3199,1,2
2026-05-29,600519,14:04:02,1324.9500,9,1
2026-05-29,600519,14:04:06,1324.3199,5,2
2026-05-29,600519,14:04:09,1324.8000,3,1
2026-05-29,600519,14:04:12,1324.0000,36,2
2026-05-29,600519,14:04:14,1324.0000,2,2
2026-05-29,600519,14:04:17,1323.6600,3,2
2026-05-29,600519,14:04:20,1324.0000,5,1
2026-05-29,600519,14:04:26,1324.0000,5,1
2026-05-29,600519,14:04:29,1324.0000,1,1
2026-05-29,600519,14:04:32,1323.3800,1,2
2026-05-29,600519,14:04:35,1323.3800,3,1
2026-05-29,600519,14:04:38,1324.0000,13,1
2026-05-29,600519,14:04:41,1324.0000,15,1
2026-05-29,600519,14:04:44,1324.0100,26,1
2026-05-29,600519,14:04:48,1324.0000,1,2
2026-05-29,600519,14:04:50,1323.5300,1,2
2026-05-29,600519,14:04:54,1323.5200,4,2
2026-05-29,600519,14:04:57,1323.5200,16,2
2026-05-29,600519,14:04:59,1323.5200,12,1
2026-05-29,600519,14:05:02,1323.5000,1,2
2026-05-29,600519,14:05:05,1323.4900,13,2
2026-05-29,600519,14:05:08,1323.5300,9,1
2026-05-29,600519,14:05:11,1323.5300,3,1
2026-05-29,600519,14:05:14,1323.4900,6,2
2026-05-29,600519,14:05:18,1323.4900,10,2
2026-05-29,600519,14:05:21,1323.5100,10,2
2026-05-29,600519,14:05:23,1324.0000,11,1
2026-05-29,600519,14:05:26,1324.1200,7,1
2026-05-29,600519,14:05:29,1324.9200,20,1
2026-05-29,600519,14:05:33,1325.0000,4,1
2026-05-29,600519,14:05:35,1324.1801,19,2
2026-05-29,600519,14:05:38,1324.1600,20,2
2026-05-29,600519,14:05:42,1324.2700,18,2
2026-05-29,600519,14:05:44,1324.1200,5,2
2026-05-29,600519,14:05:48,1324.0900,6,2
2026-05-29,600519,14:05:50,1324.0400,12,2
2026-05-29,600519,14:05:53,1324.2000,7,1
2026-05-29,600519,10:54:27,1303.7000,8,1
2026-05-29,600519,10:54:29,1303.7000,3,1
2026-05-29,600519,10:54:33,1303.8000,5,1
2026-05-29,600519,10:54:35,1303.6600,1,1
2026-05-29,600519,10:54:38,1303.6600,4,1
2026-05-29,600519,10:54:42,1303.6200,7,2
2026-05-29,600519,10:54:45,1303.6100,11,2
2026-05-29,600519,10:54:48,1303.5200,10,2
2026-05-29,600519,10:54:50,1303.6100,4,1
2026-05-29,600519,10:54:53,1303.6100,8,1
2026-05-29,600519,10:54:57,1303.5000,3,2
2026-05-29,600519,10:54:59,1303.4900,7,2
2026-05-29,600519,10:55:03,1303.4900,29,2
2026-05-29,600519,10:55:05,1303.4900,3,1
2026-05-29,600519,10:55:09,1303.5500,11,2
2026-05-29,600519,10:55:12,1303.7900,7,1
2026-05-29,600519,10:55:14,1303.5601,10,2
2026-05-29,600519,10:55:18,1303.6600,9,2
2026-05-29,600519,10:55:21,1303.7800,8,1
2026-05-29,600519,10:55:23,1303.7900,7,1
2026-05-29,600519,10:55:27,1303.5699,7,2
2026-05-29,600519,10:55:30,1303.7800,1,1
2026-05-29,600519,10:55:33,1303.5601,6,2
2026-05-29,600519,10:55:36,1303.5601,2,2
2026-05-29,600519,10:55:39,1303.5601,10,2
2026-05-29,600519,10:55:42,1303.5500,8,2
2026-05-29,600519,10:55:44,1303.5699,6,1
2026-05-29,600519,10:55:48,1303.5699,8,2
2026-05-29,600519,10:55:51,1303.5500,5,2
2026-05-29,600519,10:55:54,1303.5500,6,2
2026-05-29,600519,10:55:56,1303.5601,7,1
2026-05-29,600519,10:55:59,1303.5699,6,1
2026-05-29,600519,10:56:03,1303.5601,6,2
2026-05-29,600519,10:56:05,1303.5100,3,2
2026-05-29,600519,10:56:08,1303.5500,16,2
2026-05-29,600519,10:56:11,1303.5601,6,1
2026-05-29,600519,10:56:15,1303.5601,12,2
2026-05-29,600519,10:56:17,1303.5100,4,2
2026-05-29,600519,10:56:20,1303.4800,4,2
2026-05-29,600519,10:56:23,1303.4800,10,2
2026-05-29,600519,10:56:26,1303.4700,2,1
2026-05-29,600519,10:56:30,1303.4800,5,1
2026-05-29,600519,10:56:32,1303.4700,3,1
2026-05-29,600519,10:56:35,1303.4399,4,2
2026-05-29,600519,10:56:38,1303.4700,7,1
2026-05-29,600519,10:56:41,1303.4700,9,1
2026-05-29,600519,10:56:44,1303.4500,7,1
2026-05-29,600519,10:56:47,1303.3900,2,2
2026-05-29,600519,10:56:50,1303.4200,6,1
2026-05-29,600519,10:56:54,1303.3900,3,2
2026-05-29,600519,10:56:57,1303.3800,9,2
2026-05-29,600519,10:56:59,1303.3900,6,1
2026-05-29,600519,10:57:02,1303.3700,3,2
2026-05-29,600519,10:57:05,1303.3300,8,2
2026-05-29,600519,10:57:08,1303.2900,5,2
2026-05-29,600519,10:57:11,1303.2400,4,1
2026-05-29,600519,10:57:14,1303.3000,12,1
2026-05-29,600519,10:57:17,1302.9900,4,2
2026-05-29,600519,10:57:21,1302.9900,9,2
2026-05-29,600519,10:57:24,1302.9900,3,2
2026-05-29,600519,10:57:26,1302.9399,1,2
2026-05-29,600519,10:57:29,1302.9200,6,2
2026-05-29,600519,10:57:32,1302.9100,5,2
2026-05-29,600519,10:57:36,1302.8800,5,2
2026-05-29,600519,10:57:39,1302.9200,3,1
2026-05-29,600519,10:57:41,1302.9800,4,1
2026-05-29,600519,10:57:45,1302.8600,3,2
2026-05-29,600519,10:57:48,1302.8600,3,1
2026-05-29,600519,10:57:50,1302.8500,3,1
2026-05-29,600519,10:57:54,1302.8199,10,2
2026-05-29,600519,10:57:57,1302.9100,7,1
2026-05-29,600519,10:57:59,1303.0000,9,1
2026-05-29,600519,10:58:02,1303.3800,34,1
2026-05-29,600519,10:58:05,1303.5800,58,1
2026-05-29,600519,10:58:09,1303.7900,22,1
2026-05-29,600519,10:58:11,1303.8101,14,1
2026-05-29,600519,10:58:14,1303.7900,11,2
2026-05-29,600519,10:58:17,1303.8199,5,1
2026-05-29,600519,10:58:20,1303.8199,8,1
2026-05-29,600519,10:58:23,1303.8800,20,1
2026-05-29,600519,10:58:27,1303.8600,4,2
2026-05-29,600519,10:58:29,1303.8800,12,1
2026-05-29,600519,10:58:33,1303.8800,9,2
2026-05-29,600519,10:58:35,1303.9000,16,1
2026-05-29,600519,10:58:39,1303.9600,9,1
2026-05-29,600519,10:58:41,1303.9700,11,1
2026-05-29,600519,10:58:45,1303.9600,10,2
2026-05-29,600519,10:58:47,1303.9301,5,2
2026-05-29,600519,10:58:50,1303.9399,7,2
2026-05-29,600519,10:58:54,1303.9301,9,2
2026-05-29,600519,10:58:56,1303.9301,3,1
2026-05-29,600519,10:58:59,1303.9000,6,2
2026-05-29,600519,10:59:02,1303.9000,8,2
2026-05-29,600519,10:59:05,1303.9600,11,1
2026-05-29,600519,10:59:09,1304.0100,178,1
2026-05-29,600519,10:59:11,1304.5000,26,1
2026-05-29,600519,10:59:14,1304.5200,7,2
2026-05-29,600519,10:59:17,1304.6801,10,1
2026-05-29,600519,10:59:20,1304.6100,18,2
2026-05-29,600519,10:59:23,1305.0000,8,1
2026-05-29,600519,10:59:26,1305.0000,7,1
2026-05-29,600519,10:59:29,1305.0000,11,1
2026-05-29,600519,10:59:32,1305.5500,196,1
2026-05-29,600519,10:59:36,1305.9500,21,1
2026-05-29,600519,10:59:38,1305.0100,8,2
2026-05-29,600519,10:59:41,1305.9900,53,1
2026-05-29,600519,10:59:45,1306.3800,13,1
2026-05-29,600519,10:59:48,1306.0000,14,2
2026-05-29,600519,10:59:50,1306.6100,5,1
2026-05-29,600519,10:59:54,1306.4399,14,2
2026-05-29,600519,10:59:57,1306.1700,30,2
2026-05-29,600519,11:00:00,1305.5400,27,2
2026-05-29,600519,11:00:02,1305.9900,8,1
2026-05-29,600519,11:00:05,1304.6100,20,2
2026-05-29,600519,11:00:08,1303.7900,10,2
2026-05-29,600519,11:00:12,1304.0300,4,2
2026-05-29,600519,11:00:14,1303.7900,4,2
2026-05-29,600519,11:00:17,1304.0300,6,1
2026-05-29,600519,11:00:20,1303.5601,6,2
2026-05-29,600519,11:00:23,1303.5601,4,2
2026-05-29,600519,11:00:26,1303.3400,7,2
2026-05-29,600519,11:00:32,1303.7900,3,1
2026-05-29,600519,11:00:36,1303.3500,4,2
2026-05-29,600519,11:00:38,1304.0000,10,1
2026-05-29,600519,11:00:41,1304.0000,6,1
2026-05-29,600519,11:00:44,1304.4900,5,1
2026-05-29,600519,11:00:47,1304.4000,6,2
2026-05-29,600519,11:00:51,1304.5000,10,1
2026-05-29,600519,11:00:54,1304.4900,6,2
2026-05-29,600519,11:00:56,1304.9900,6,1
2026-05-29,600519,11:01:00,1304.5000,1,2
2026-05-29,600519,11:01:03,1304.9900,11,2
2026-05-29,600519,11:01:06,1305.0500,5,2
2026-05-29,600519,11:01:09,1306.0300,23,1
2026-05-29,600519,11:01:11,1306.1300,7,1
2026-05-29,600519,11:01:15,1306.5000,10,1
2026-05-29,600519,11:01:17,1306.0699,6,2
2026-05-29,600519,11:01:20,1306.5200,18,2
2026-05-29,600519,11:01:24,1306.5200,11,2
2026-05-29,600519,11:01:26,1306.5699,10,1
2026-05-29,600519,11:01:30,1306.5800,9,2
2026-05-29,600519,11:01:32,1306.5800,14,2
2026-05-29,600519,11:01:36,1306.5800,17,2
2026-05-29,600519,11:01:38,1306.5800,3,2
2026-05-29,600519,11:01:42,1306.5800,3,1
2026-05-29,600519,11:01:44,1306.5800,9,1
2026-05-29,600519,11:01:47,1306.4500,4,2
2026-05-29,600519,11:01:51,1306.5000,9,1
2026-05-29,600519,11:01:53,1306.4000,10,1
2026-05-29,600519,11:01:56,1306.4900,1,1
2026-05-29,600519,11:01:59,1306.5000,9,1
2026-05-29,600519,11:02:03,1306.5000,3,1
2026-05-29,600519,11:02:05,1306.5601,36,1
2026-05-29,600519,11:02:08,1306.5699,23,2
2026-05-29,600519,11:02:12,1306.5601,8,2
2026-05-29,600519,11:02:14,1306.8000,23,1
2026-05-29,600519,11:02:17,1307.5500,72,1
2026-05-29,600519,11:02:21,1308.4500,186,1
2026-05-29,600519,11:02:24,1308.6899,32,1
2026-05-29,600519,11:02:27,1308.7700,11,1
2026-05-29,600519,11:02:30,1308.8800,18,1
2026-05-29,600519,11:02:33,1308.9600,36,1
2026-05-29,600519,11:02:35,1308.9600,9,1
2026-05-29,600519,11:02:38,1310.2500,982,1
2026-05-29,600519,11:02:41,1310.9900,31,1
2026-05-29,600519,11:02:45,1311.0400,278,1
2026-05-29,600519,11:02:48,1313.0000,59,1
2026-05-29,600519,11:02:51,1313.1300,40,1
2026-05-29,600519,11:02:53,1313.0500,65,1
2026-05-29,600519,11:02:56,1312.9399,103,1
2026-05-29,600519,11:02:59,1313.3900,94,1
2026-05-29,600519,11:03:02,1312.7200,64,2
2026-05-29,600519,11:03:05,1311.6700,27,2
2026-05-29,600519,11:03:08,1312.9800,5,1
2026-05-29,600519,11:03:11,1311.9000,29,2
2026-05-29,600519,11:03:14,1313.0100,25,1
2026-05-29,600519,11:03:17,1313.0100,46,2
2026-05-29,600519,11:03:20,1312.5000,9,2
2026-05-29,600519,11:03:24,1311.6700,25,2
2026-05-29,600519,11:03:26,1312.9500,15,1
2026-05-29,600519,11:03:30,1312.9500,28,1
2026-05-29,600519,11:03:32,1312.9500,15,1
2026-05-29,600519,11:03:35,1311.6700,45,2
2026-05-29,600519,11:03:39,1311.6500,11,2
2026-05-29,600519,11:03:42,1311.6500,18,2
2026-05-29,600519,11:03:45,1311.0500,23,2
2026-05-29,600519,11:03:47,1311.0500,19,2
2026-05-29,600519,11:03:50,1311.0000,9,2
2026-05-29,600519,11:03:53,1311.6300,31,1
2026-05-29,600519,11:03:57,1311.0500,7,1
2026-05-29,600519,11:04:00,1310.3300,13,2
2026-05-29,600519,11:04:02,1311.0601,8,1
2026-05-29,600519,11:04:06,1311.0601,15,2
2026-05-29,600519,11:04:08,1311.6400,18,1
2026-05-29,600519,11:04:12,1311.6500,11,1
2026-05-29,600519,11:04:15,1311.6400,12,2
2026-05-29,600519,11:04:17,1311.8700,30,1
2026-05-29,600519,11:04:20,1311.6000,10,2
2026-05-29,600519,11:04:23,1311.6500,12,1
2026-05-29,600519,11:04:27,1311.6500,3,2
2026-05-29,600519,11:04:29,1311.6500,11,2
2026-05-29,600519,11:04:32,1311.9000,6,1
2026-05-29,600519,11:04:35,1311.6000,4,2
2026-05-29,600519,11:04:39,1311.6500,4,1
2026-05-29,600519,11:04:42,1311.5699,12,2
2026-05-29,600519,11:04:45,1312.8700,75,1
2026-05-29,600519,11:04:48,1312.9301,9,1
2026-05-29,600519,11:04:50,1312.9500,6,1
2026-05-29,600519,11:04:53,1312.9399,16,1
2026-05-29,600519,11:04:57,1312.9500,13,1
2026-05-29,600519,11:04:59,1312.9500,12,1
2026-05-29,600519,11:05:02,1312.9000,18,2
2026-05-29,600519,11:05:05,1312.9000,18,1
2026-05-29,600519,11:05:08,1312.8900,6,1
2026-05-29,600519,11:05:12,1312.9000,22,1
2026-05-29,600519,11:05:14,1312.8600,12,2
2026-05-29,600519,11:05:17,1312.8600,12,2
2026-05-29,600519,11:05:20,1312.9200,29,1
2026-05-29,600519,11:05:24,1312.9200,19,2
2026-05-29,600519,11:05:26,1312.9399,10,1
2026-05-29,600519,11:05:29,1312.9000,11,2
2026-05-29,600519,11:05:33,1312.9399,17,1
2026-05-29,600519,11:05:35,1312.9000,2,1
2026-05-29,600519,11:05:38,1312.9000,41,1
2026-05-29,600519,11:05:41,1312.9399,28,1
2026-05-29,600519,11:05:44,1312.9399,40,2
2026-05-29,600519,11:05:47,1313.0000,66,1
2026-05-29,600519,11:05:50,1312.9800,30,1
2026-05-29,600519,11:05:53,1313.0000,23,1
2026-05-29,600519,11:05:57,1313.0000,27,1
2026-05-29,600519,11:05:59,1313.0000,10,2
2026-05-29,600519,11:06:02,1313.0000,15,2
2026-05-29,600519,11:06:05,1313.0200,46,1
2026-05-29,600519,11:06:08,1313.0000,21,2
2026-05-29,600519,11:06:11,1313.0000,13,2
2026-05-29,600519,11:06:14,1312.9700,30,2
2026-05-29,600519,11:06:17,1312.9600,30,2
2026-05-29,600519,11:06:20,1312.5100,55,2
2026-05-29,600519,11:06:23,1312.7600,7,1
2026-05-29,600519,11:06:27,1312.0100,7,1
2026-05-29,600519,11:06:30,1312.0000,27,2
2026-05-29,600519,11:06:32,1312.0100,19,2
2026-05-29,600519,11:06:36,1312.0000,3,2
2026-05-29,600519,11:06:38,1312.0000,23,1
2026-05-29,600519,11:06:41,1311.9900,15,2
2026-05-29,600519,11:06:45,1311.9900,8,2
2026-05-29,600519,11:06:48,1311.9900,9,2
2026-05-29,600519,11:06:50,1311.9900,15,2
2026-05-29,600519,11:06:53,1311.9800,15,2
2026-05-29,600519,11:06:57,1311.9800,4,1
2026-05-29,600519,11:07:00,1312.9399,69,1
2026-05-29,600519,11:07:02,1312.9301,28,2
2026-05-29,600519,11:07:05,1312.9399,20,2
2026-05-29,600519,11:07:08,1312.9700,27,1
2026-05-29,600519,11:07:11,1312.9700,4,2
2026-05-29,600519,11:07:15,1312.9800,21,1
2026-05-29,600519,11:07:17,1312.9700,16,4
2026-05-29,600519,11:07:21,1312.9700,10,4
2026-05-29,600519,11:07:23,1312.9700,11,1
2026-05-29,600519,11:07:26,1312.9700,14,1
2026-05-29,600519,11:07:29,1312.9600,5,2
2026-05-29,600519,11:07:33,1312.2900,30,2
2026-05-29,600519,11:07:36,1312.2900,9,2
2026-05-29,600519,11:07:39,1312.2900,14,1
2026-05-29,600519,11:07:42,1312.2800,10,1
2026-05-29,600519,11:07:44,1312.2100,5,1
2026-05-29,600519,11:07:47,1312.2900,6,1
2026-05-29,600519,11:07:51,1312.0000,9,1
2026-05-29,600519,11:07:54,1312.0000,11,1
2026-05-29,600519,11:08:00,1311.0500,9,1
2026-05-29,600519,11:08:02,1311.0500,19,1
2026-05-29,600519,11:08:05,1311.9900,11,1
2026-05-29,600519,11:08:09,1311.9900,3,1
2026-05-29,600519,11:08:11,1311.8000,8,1
2026-05-29,600519,11:08:14,1312.0000,21,1
2026-05-29,600519,11:08:17,1311.9900,10,1
2026-05-29,600519,11:08:21,1311.9900,24,2
2026-05-29,600519,11:08:24,1311.9900,10,2
2026-05-29,600519,11:08:26,1311.9900,16,2
2026-05-29,600519,11:08:30,1311.9900,9,2
2026-05-29,600519,11:08:32,1312.0000,13,1
2026-05-29,600519,11:08:36,1311.9900,7,1
2026-05-29,600519,11:08:38,1311.9900,1,1
2026-05-29,600519,11:08:42,1311.9500,18,2
2026-05-29,600519,11:08:44,1311.9500,7,2
2026-05-29,600519,11:08:47,1311.9399,10,2
2026-05-29,600519,11:08:50,1312.0000,30,1
2026-05-29,600519,11:08:54,1312.2000,61,1
2026-05-29,600519,11:08:56,1312.2100,6,2
2026-05-29,600519,11:08:59,1314.5200,498,1
2026-05-29,600519,11:09:02,1316.0000,494,1
2026-05-29,600519,11:09:05,1316.6600,136,1
2026-05-29,600519,11:09:09,1316.9800,43,1
2026-05-29,600519,11:09:12,1317.4399,84,1
2026-05-29,600519,11:09:14,1317.5000,18,1
2026-05-29,600519,11:09:18,1317.9900,65,1
2026-05-29,600519,11:09:20,1318.0000,37,1
2026-05-29,600519,11:09:24,1317.6000,98,2
2026-05-29,600519,11:09:27,1317.8900,12,1
2026-05-29,600519,11:09:29,1318.0000,18,1
2026-05-29,600519,11:09:32,1318.0000,27,1
2026-05-29,600519,11:09:35,1317.9700,58,1
2026-05-29,600519,11:09:38,1317.9800,31,2
2026-05-29,600519,11:09:41,1317.9800,65,2
2026-05-29,600519,11:09:45,1317.9800,30,2
2026-05-29,600519,11:09:47,1318.6801,95,1
2026-05-29,600519,11:09:50,1318.8800,49,1
2026-05-29,600519,11:09:53,1318.8800,26,1
2026-05-29,600519,11:09:57,1318.7800,28,2
2026-05-29,600519,11:09:59,1318.8800,26,1
2026-05-29,600519,11:10:02,1318.8700,65,1
2026-05-29,600519,11:10:06,1318.8800,40,1
2026-05-29,600519,11:10:08,1319.0400,201,1
2026-05-29,600519,11:10:11,1319.3900,35,1
2026-05-29,600519,11:10:15,1319.4200,46,1
2026-05-29,600519,11:10:18,1319.4800,59,2
2026-05-29,600519,11:10:20,1319.8400,19,1
2026-05-29,600519,11:10:23,1319.9000,39,1
2026-05-29,600519,11:10:27,1319.9700,21,1
2026-05-29,600519,11:10:30,1319.9200,27,2
2026-05-29,600519,11:10:33,1320.0000,88,1
2026-05-29,600519,11:10:35,1319.9800,90,2
2026-05-29,600519,11:10:38,1320.0000,54,1
2026-05-29,600519,11:10:41,1320.0000,128,1
2026-05-29,600519,11:10:45,1319.9800,69,2
2026-05-29,600519,11:10:47,1319.9800,66,2
2026-05-29,600519,11:10:50,1320.0000,55,1
2026-05-29,600519,11:10:53,1321.9800,367,1
2026-05-29,600519,11:10:56,1321.2300,116,2
2026-05-29,600519,11:10:59,1321.9900,25,2
2026-05-29,600519,11:11:03,1322.0100,16,2
2026-05-29,600519,11:11:06,1322.0100,24,2
2026-05-29,600519,11:11:09,1321.9900,58,2
2026-05-29,600519,11:11:12,1321.9900,39,1
2026-05-29,600519,11:11:14,1321.0000,14,2
2026-05-29,600519,11:11:17,1321.0000,46,2
2026-05-29,600519,11:11:20,1321.2300,30,1
2026-05-29,600519,11:11:23,1321.0000,36,2
2026-05-29,600519,11:11:27,1321.0000,22,2
2026-05-29,600519,11:11:29,1320.0000,13,2
2026-05-29,600519,11:11:33,1320.8800,19,2
2026-05-29,600519,11:11:35,1320.8199,19,1
2026-05-29,600519,11:11:39,1320.0000,78,2
2026-05-29,600519,11:11:41,1320.0100,13,2
2026-05-29,600519,11:11:44,1320.0699,25,2
2026-05-29,600519,11:11:47,1320.0000,27,2
2026-05-29,600519,11:11:50,1319.9900,130,2
2026-05-29,600519,11:11:54,1319.9900,29,2
2026-05-29,600519,11:11:56,1319.8400,17,2
2026-05-29,600519,11:12:00,1319.7500,25,1
2026-05-29,600519,11:12:03,1319.1899,13,2
2026-05-29,600519,11:12:05,1319.7700,21,1
2026-05-29,600519,11:12:08,1319.1899,16,2
2026-05-29,600519,11:12:11,1319.2000,26,2
2026-05-29,600519,11:12:15,1319.3900,20,4
2026-05-29,600519,11:12:17,1319.1899,3,1
2026-05-29,600519,11:12:20,1319.0500,26,2
2026-05-29,600519,11:12:24,1319.0400,22,1
2026-05-29,600519,11:12:27,1319.0000,10,1
2026-05-29,600519,11:12:29,1318.0100,17,2
2026-05-29,600519,11:12:32,1318.0300,38,2
2026-05-29,600519,11:12:35,1318.0200,12,2
2026-05-29,600519,11:12:38,1319.0000,31,1
2026-05-29,600519,11:12:41,1318.5300,22,1
2026-05-29,600519,11:12:44,1319.0000,19,1
2026-05-29,600519,11:12:47,1318.7500,49,1
2026-05-29,600519,11:12:51,1319.0000,9,2
2026-05-29,600519,11:12:53,1319.0400,30,2
2026-05-29,600519,11:12:57,1319.0699,50,2
2026-05-29,600519,11:12:59,1320.0500,14,1
2026-05-29,600519,11:13:03,1320.0601,16,1
2026-05-29,600519,11:13:06,1320.0601,23,2
2026-05-29,600519,11:13:08,1320.0000,13,1
2026-05-29,600519,11:13:11,1319.0800,17,2
2026-05-29,600519,11:13:14,1320.1500,22,1
2026-05-29,600519,11:13:17,1320.5800,21,1
2026-05-29,600519,11:13:20,1320.5900,11,2
2026-05-29,600519,11:13:23,1320.9000,30,1
2026-05-29,600519,11:13:26,1320.1600,24,2
2026-05-29,600519,11:13:29,1319.7400,25,2
2026-05-29,600519,11:13:32,1320.0000,17,1
2026-05-29,600519,11:13:35,1319.3400,5,2
2026-05-29,600519,11:13:38,1320.1300,44,1
2026-05-29,600519,11:13:41,1320.0000,21,2
2026-05-29,600519,11:13:44,1320.1500,20,1
2026-05-29,600519,11:13:47,1319.3700,43,2
2026-05-29,600519,11:13:51,1320.4900,11,1
2026-05-29,600519,11:13:53,1320.6700,72,1
2026-05-29,600519,11:13:57,1321.8000,76,1
2026-05-29,600519,11:14:00,1322.0100,116,1
2026-05-29,600519,11:14:03,1322.0000,51,2
2026-05-29,600519,11:14:05,1321.8800,44,2
2026-05-29,600519,11:14:09,1323.0601,143,1
2026-05-29,600519,11:14:11,1323.0000,41,2
2026-05-29,600519,11:14:14,1323.0100,27,1
2026-05-29,600519,11:14:17,1323.0100,30,2
2026-05-29,600519,11:14:21,1323.9100,24,1
2026-05-29,600519,11:14:23,1323.0699,40,2
2026-05-29,600519,11:14:26,1323.0601,42,2
2026-05-29,600519,11:14:29,1323.9200,37,1
2026-05-29,600519,11:14:33,1324.0100,29,1
2026-05-29,600519,11:14:36,1324.4800,17,1
2026-05-29,600519,11:14:39,1324.2300,49,2
2026-05-29,600519,11:14:41,1324.5500,22,1
2026-05-29,600519,11:14:44,1324.7500,23,1
2026-05-29,600519,11:14:47,1324.0000,57,2
2026-05-29,600519,11:14:51,1323.9200,68,2
2026-05-29,600519,11:14:53,1324.0000,23,2
2026-05-29,600519,11:14:57,1323.9200,56,2
2026-05-29,600519,11:14:59,1324.0000,9,1
2026-05-29,600519,11:15:03,1324.0000,21,2
2026-05-29,600519,11:15:05,1324.6600,42,1
