date,code,time,price,volume,bs
2026-04-16,000001,14:01:54,11.1100,22,1
2026-04-16,000001,14:01:57,11.1100,45,1
2026-04-16,000001,14:02:03,11.1100,62,1
2026-04-16,000001,14:02:06,11.1100,73,1
2026-04-16,000001,14:02:09,11.1000,45,2
2026-04-16,000001,14:02:12,11.1100,5,1
2026-04-16,000001,14:02:15,11.1000,100,2
2026-04-16,000001,14:02:21,11.1100,31,1
2026-04-16,000001,14:02:24,11.1000,59,2
2026-04-16,000001,14:02:30,11.1000,15,2
2026-04-16,000001,14:02:33,11.1100,5,1
2026-04-16,000001,14:02:36,11.1000,1,2
2026-04-16,000001,14:02:42,11.1100,5,1
2026-04-16,000001,14:02:45,11.1100,30,1
2026-04-16,000001,14:02:48,11.1100,13,1
2026-04-16,000001,14:02:51,11.1000,30,2
2026-04-16,000001,14:02:54,11.1000,2,2
2026-04-16,000001,14:03:00,11.1000,15,2
2026-04-16,000001,14:03:03,11.1100,67,1
2026-04-16,000001,14:03:06,11.1100,14,1
2026-04-16,000001,14:03:12,11.1100,1,1
2026-04-16,000001,14:03:18,11.1100,66,1
2026-04-16,000001,14:03:21,11.1000,6,2
2026-04-16,000001,14:03:24,11.1100,1,1
2026-04-16,000001,14:03:30,11.1000,6,2
2026-04-16,000001,14:03:33,11.1100,88,1
2026-04-16,000001,14:03:45,11.1000,124,2
2026-04-16,000001,14:03:48,11.1100,38,1
2026-04-16,000001,14:03:54,11.1000,2,2
2026-04-16,000001,14:03:57,11.1100,4,1
2026-04-16,000001,14:04:03,11.1100,89,1
2026-04-16,000001,14:04:06,11.1100,2,1
2026-04-16,000001,14:04:12,11.1000,1,2
2026-04-16,000001,14:04:18,11.1100,12,1
2026-04-16,000001,14:04:21,11.1000,16,2
2026-04-16,000001,14:04:24,11.1100,414,1
2026-04-16,000001,14:04:30,11.1100,6,1
2026-04-16,000001,14:04:33,11.1000,24,2
2026-04-16,000001,14:04:36,11.1000,60,2
2026-04-16,000001,14:04:39,11.1000,34,2
2026-04-16,000001,14:04:42,11.1000,49,2
2026-04-16,000001,14:04:45,11.1000,22,2
2026-04-16,000001,14:04:48,11.1000,18,2
2026-04-16,000001,14:04:51,11.1000,45,2
2026-04-16,000001,14:04:57,11.1100,3,1
2026-04-16,000001,14:05:00,11.1100,4,1
2026-04-16,000001,14:05:03,11.1100,91,1
2026-04-16,000001,14:05:06,11.1000,3,2
2026-04-16,000001,14:05:09,11.1000,129,2
2026-04-16,000001,14:05:12,11.1100,2,1
2026-04-16,000001,14:05:15,11.1000,5,2
2026-04-16,000001,14:05:24,11.1000,22,2
2026-04-16,000001,14:05:27,11.1000,4,2
2026-04-16,000001,14:05:30,11.1000,1722,2
2026-04-16,000001,14:05:33,11.1000,92,2
2026-04-16,000001,14:05:36,11.1000,14,2
2026-04-16,000001,14:05:39,11.1000,69,2
2026-04-16,000001,14:05:42,11.1000,28,2
2026-04-16,000001,14:05:45,11.1000,26,2
2026-04-16,000001,14:05:48,11.1100,49,1
2026-04-16,000001,14:05:51,11.1000,11,2
2026-04-16,000001,14:05:54,11.1000,10,2
2026-04-16,000001,14:05:57,11.1100,20,1
2026-04-16,000001,14:06:06,11.1100,17,1
2026-04-16,000001,14:06:09,11.1100,59,1
2026-04-16,000001,14:06:15,11.1100,12,1
2026-04-16,000001,14:06:18,11.1000,19,2
2026-04-16,000001,14:06:21,11.1100,2,1
2026-04-16,000001,14:06:24,11.1100,10,1
2026-04-16,000001,14:06:27,11.1000,1,2
2026-04-16,000001,14:06:30,11.1100,10,1
2026-04-16,000001,14:06:33,11.1000,50,2
2026-04-16,000001,14:06:36,11.1000,25,2
2026-04-16,000001,14:06:39,11.1100,52,1
2026-04-16,000001,14:06:42,11.1000,529,2
2026-04-16,000001,14:06:45,11.1100,104,1
2026-04-16,000001,14:06:48,11.1100,9,1
2026-04-16,000001,14:06:51,11.1100,1,1
2026-04-16,000001,14:06:54,11.1000,30,2
2026-04-16,000001,14:07:00,11.1000,10,2
2026-04-16,000001,14:07:03,11.1000,1,2
2026-04-16,000001,14:07:09,11.1000,28,2
2026-04-16,000001,14:07:12,11.1100,1,1
2026-04-16,000001,14:07:15,11.1000,41,2
2026-04-16,000001,14:07:18,11.1000,36,2
2026-04-16,000001,14:07:21,11.1000,8,2
2026-04-16,000001,14:07:24,11.1000,39,2
2026-04-16,000001,14:07:27,11.1000,25,2
2026-04-16,000001,14:07:30,11.1000,32,2
2026-04-16,000001,14:07:33,11.1000,156,2
2026-04-16,000001,14:07:36,11.1000,3574,2
2026-04-16,000001,14:07:39,11.0900,23,2
2026-04-16,000001,14:07:42,11.1000,640,1
2026-04-16,000001,14:07:45,11.1000,540,1
2026-04-16,000001,14:08:00,11.1000,62,1
2026-04-16,000001,14:08:03,11.0900,1,2
2026-04-16,000001,14:08:09,11.0900,1,2
2026-04-16,000001,14:08:12,11.0900,122,2
2026-04-16,000001,14:08:15,11.1000,125,1
2026-04-16,000001,14:08:18,11.1000,75,1
2026-04-16,000001,14:08:21,11.1000,1,1
2026-04-16,000001,14:08:24,11.1000,40,1
2026-04-16,000001,14:08:27,11.1000,108,1
2026-04-16,000001,14:08:30,11.1000,11,1
2026-04-16,000001,14:08:33,11.1000,20,1
2026-04-16,000001,14:08:36,11.1000,12,1
2026-04-16,000001,14:08:39,11.0900,104,2
2026-04-16,000001,14:08:42,11.1000,73,1
2026-04-16,000001,14:08:45,11.0900,63,2
2026-04-16,000001,14:08:48,11.1000,114,1
2026-04-16,000001,14:08:51,11.1000,7,1
2026-04-16,000001,14:08:54,11.0900,314,2
2026-04-16,000001,14:08:57,11.1000,100,1
2026-04-16,000001,14:09:00,11.0900,1,2
2026-04-16,000001,14:09:03,11.1000,61,1
2026-04-16,000001,14:09:06,11.0900,2,2
2026-04-16,000001,14:09:12,11.1000,5,1
2026-04-16,000001,14:09:15,11.1000,85,1
2026-04-16,000001,14:09:18,11.1000,47,1
2026-04-16,000001,14:09:21,11.1000,31,1
2026-04-16,000001,14:09:24,11.1000,461,1
2026-04-16,000001,14:09:27,11.1000,15,4
2026-04-16,000001,14:09:30,11.0900,500,2
2026-04-16,000001,14:09:33,11.0900,46,2
2026-04-16,000001,14:09:36,11.0900,22,2
2026-04-16,000001,14:09:39,11.0900,17,2
2026-04-16,000001,14:09:42,11.1000,4,1
2026-04-16,000001,14:09:45,11.0900,1,2
2026-04-16,000001,14:09:54,11.0900,90,2
2026-04-16,000001,14:10:03,11.1000,2,1
2026-04-16,000001,14:10:06,11.1000,7,1
2026-04-16,000001,14:10:09,11.1000,5,1
2026-04-16,000001,14:10:12,11.1000,25,1
2026-04-16,000001,14:10:18,11.1000,80,1
2026-04-16,000001,14:10:21,11.1000,20,1
2026-04-16,000001,14:10:24,11.1000,1,1
2026-04-16,000001,14:10:27,11.0900,36,2
2026-04-16,000001,14:10:30,11.0900,33,2
2026-04-16,000001,14:10:33,11.1000,14,1
2026-04-16,000001,14:10:36,11.1000,93,1
2026-04-16,000001,14:10:39,11.1000,98,2
2026-04-16,000001,14:10:42,11.1000,157,2
2026-04-16,000001,14:10:45,11.1000,37,2
2026-04-16,000001,14:10:48,11.1000,159,2
2026-04-16,000001,14:10:51,11.0900,18,2
2026-04-16,000001,14:10:54,11.1000,121,1
2026-04-16,000001,14:10:57,11.1100,17,1
2026-04-16,000001,14:11:00,11.1000,18,2
2026-04-16,000001,14:11:03,11.1000,15,2
2026-04-16,000001,14:11:06,11.1000,82,2
2026-04-16,000001,14:11:09,11.1000,215,1
2026-04-16,000001,14:11:12,11.1000,29,1
2026-04-16,000001,14:11:15,11.1000,44,1
2026-04-16,000001,14:11:18,11.1000,41,2
2026-04-16,000001,14:11:21,11.1000,11,1
2026-04-16,000001,14:11:24,11.1000,2,1
2026-04-16,000001,14:11:30,11.1000,73,1
2026-04-16,000001,14:11:33,11.1000,59,1
2026-04-16,000001,14:11:36,11.1100,48,1
2026-04-16,000001,14:11:39,11.1000,232,2
2026-04-16,000001,14:11:42,11.1000,25,1
2026-04-16,000001,14:11:48,11.1000,103,1
2026-04-16,000001,14:11:51,11.0900,90,2
2026-04-16,000001,14:11:54,11.1000,59,1
2026-04-16,000001,14:11:57,11.1000,62,1
2026-04-16,000001,14:12:03,11.1000,11,1
2026-04-16,000001,14:12:06,11.1000,12,4
2026-04-16,000001,14:12:09,11.1000,12,4
2026-04-16,000001,14:12:12,11.1100,6,1
2026-04-16,000001,14:12:15,11.1000,2,2
2026-04-16,000001,14:12:18,11.1000,97,2
2026-04-16,000001,14:12:21,11.1000,5,2
2026-04-16,000001,14:12:24,11.1000,17,2
2026-04-16,000001,14:12:30,11.1000,3,2
2026-04-16,000001,14:12:36,11.1100,1,1
2026-04-16,000001,14:12:45,11.1100,200,1
2026-04-16,000001,14:12:48,11.1100,1,1
2026-04-16,000001,14:12:51,11.1100,2,1
2026-04-16,000001,14:12:54,11.1100,1,1
2026-04-16,000001,14:13:03,11.1000,14,2
2026-04-16,000001,14:13:06,11.1000,28,2
2026-04-16,000001,14:13:09,11.1100,99,1
2026-04-16,000001,14:13:12,11.1100,6,1
2026-04-16,000001,14:13:15,11.1000,56,2
2026-04-16,000001,14:13:24,11.1100,13,1
2026-04-16,000001,14:13:27,11.1000,100,2
2026-04-16,000001,14:13:33,11.1000,5,2
2026-04-16,000001,14:13:36,11.1100,125,1
2026-04-16,000001,14:13:39,11.1100,48,1
2026-04-16,000001,14:13:48,11.1100,4,1
2026-04-16,000001,14:13:51,11.1000,1,2
2026-04-16,000001,14:13:54,11.1100,1,1
2026-04-16,000001,14:13:57,11.1100,10,1
2026-04-16,000001,14:14:00,11.1000,28,2
2026-04-16,000001,14:14:03,11.1100,4,1
2026-04-16,000001,14:14:06,11.1100,27,1
2026-04-16,000001,14:14:12,11.1100,4,1
2026-04-16,000001,14:14:15,11.1100,216,1
2026-04-16,000001,14:14:18,11.1100,56,1
2026-04-16,000001,14:14:27,11.1100,20,1
2026-04-16,000001,14:14:36,11.1100,31,1
2026-04-16,000001,14:14:42,11.1100,30,1
2026-04-16,000001,14:14:45,11.1100,47,1
2026-04-16,000001,14:14:48,11.1100,1,1
2026-04-16,000001,14:15:00,11.1000,66,2
2026-04-16,000001,14:15:03,11.1000,131,2
2026-04-16,000001,14:15:06,11.1000,4833,2
2026-04-16,000001,14:15:15,11.1000,83,1
2026-04-16,000001,14:15:18,11.1000,147,1
2026-04-16,000001,14:15:21,11.1000,48,1
2026-04-16,000001,14:15:24,11.1000,58,1
2026-04-16,000001,14:15:33,11.1000,73,1
2026-04-16,000001,14:15:39,11.1000,20,1
2026-04-16,000001,14:15:42,11.1000,30,1
2026-04-16,000001,14:15:45,11.1000,48,1
2026-04-16,000001,14:15:48,11.1000,1,1
2026-04-16,000001,14:15:51,11.1000,71,1
2026-04-16,000001,14:15:54,11.0900,49,2
2026-04-16,000001,14:16:03,11.1000,11,1
2026-04-16,000001,14:16:09,11.1000,365,1
2026-04-16,000001,14:16:12,11.1000,112,1
2026-04-16,000001,14:16:15,11.0900,1,2
2026-04-16,000001,14:16:18,11.1000,1,1
2026-04-16,000001,14:16:21,11.1000,35,1
2026-04-16,000001,14:16:24,11.0900,56,2
2026-04-16,000001,14:16:27,11.1000,9,1
2026-04-16,000001,14:16:30,11.1000,210,1
2026-04-16,000001,14:16:39,11.1000,5,1
2026-04-16,000001,14:16:42,11.0900,11,2
2026-04-16,000001,14:16:45,11.1000,4,1
2026-04-16,000001,14:16:48,11.1000,39,1
2026-04-16,000001,14:16:51,11.0900,70,2
2026-04-16,000001,14:16:54,11.0900,27,2
2026-04-16,000001,14:16:57,11.1000,35,1
2026-04-16,000001,14:17:00,11.1000,56,1
2026-04-16,000001,14:17:03,11.1000,10,1
2026-04-16,000001,14:17:06,11.1000,8,1
2026-04-16,000001,14:17:09,11.1000,1,1
2026-04-16,000001,14:17:12,11.1000,20,1
2026-04-16,000001,14:17:15,11.1000,1,1
2026-04-16,000001,14:17:21,11.1000,42,1
2026-04-16,000001,14:17:24,11.1000,12,1
2026-04-16,000001,14:17:27,11.0900,90,2
2026-04-16,000001,14:17:30,11.1000,30,1
2026-04-16,000001,14:17:33,11.1000,59,1
2026-04-16,000001,14:17:36,11.0900,12,2
2026-04-16,000001,14:17:39,11.1000,50,1
2026-04-16,000001,14:17:42,11.0900,180,2
2026-04-16,000001,14:17:48,11.1000,27,1
2026-04-16,000001,14:17:51,11.1000,8,1
2026-04-16,000001,14:17:57,11.1000,103,1
2026-04-16,000001,14:18:00,11.1000,60,1
2026-04-16,000001,14:18:06,11.1000,46,1
2026-04-16,000001,14:18:09,11.1000,47,1
2026-04-16,000001,14:18:12,11.1000,10,1
2026-04-16,000001,14:18:15,11.1000,10,1
2026-04-16,000001,14:18:18,11.0900,18,2
2026-04-16,000001,14:18:21,11.1000,3,1
2026-04-16,000001,14:18:27,11.1000,104,1
2026-04-16,000001,14:18:30,11.0900,31,2
2026-04-16,000001,14:18:33,11.0900,225,2
2026-04-16,000001,14:18:39,11.1000,111,1
2026-04-16,000001,14:18:42,11.1000,19,1
2026-04-16,000001,14:18:45,11.1000,19,1
2026-04-16,000001,14:18:48,11.1000,28,1
2026-04-16,000001,14:18:51,11.1000,200,1
2026-04-16,000001,14:18:54,11.0900,85,2
2026-04-16,000001,14:19:00,11.1000,13,1
2026-04-16,000001,14:19:03,11.1000,272,1
2026-04-16,000001,14:19:06,11.1000,15,1
2026-04-16,000001,14:19:09,11.0900,68,2
2026-04-16,000001,14:19:12,11.0900,75,2
2026-04-16,000001,14:19:15,11.1000,80,1
2026-04-16,000001,14:19:18,11.0900,338,2
2026-04-16,000001,14:19:21,11.1000,50,1
2026-04-16,000001,14:19:24,11.0900,255,2
2026-04-16,000001,14:19:33,11.0900,22,2
2026-04-16,000001,14:19:36,11.0900,40,2
2026-04-16,000001,14:19:39,11.0900,527,2
2026-04-16,000001,14:19:42,11.1000,61,1
2026-04-16,000001,14:19:45,11.1000,24,1
2026-04-16,000001,14:19:48,11.1000,7,1
2026-04-16,000001,14:19:51,11.1000,8,1
2026-04-16,000001,14:19:54,11.0900,5,2
2026-04-16,000001,14:19:57,11.1000,119,1
2026-04-16,000001,14:20:00,11.1000,46,1
2026-04-16,000001,14:20:03,11.1000,52,1
2026-04-16,000001,14:20:06,11.0900,54,2
2026-04-16,000001,14:20:09,11.1000,10,1
2026-04-16,000001,14:20:12,11.1000,6,1
2026-04-16,000001,14:20:15,11.1000,106,1
2026-04-16,000001,14:20:18,11.0900,3,2
2026-04-16,000001,14:20:21,11.1000,64,1
2026-04-16,000001,14:20:24,11.1000,79,1
2026-04-16,000001,14:20:30,11.1000,96,1
2026-04-16,000001,14:20:33,11.1000,75,1
2026-04-16,000001,14:20:36,11.1000,66,1
2026-04-16,000001,14:20:39,11.1000,46,1
2026-04-16,000001,14:20:42,11.1000,80,1
2026-04-16,000001,14:20:48,11.1000,87,1
2026-04-16,000001,14:20:51,11.1000,393,1
2026-04-16,000001,14:20:54,11.1000,152,1
2026-04-16,000001,14:20:57,11.0900,85,2
2026-04-16,000001,14:21:00,11.0900,27,2
2026-04-16,000001,14:21:03,11.1000,105,1
2026-04-16,000001,14:21:06,11.1000,132,1
2026-04-16,000001,14:21:09,11.1000,108,1
2026-04-16,000001,14:21:12,11.1000,116,1
2026-04-16,000001,14:21:15,11.1000,96,1
2026-04-16,000001,14:21:18,11.1000,9,1
2026-04-16,000001,14:21:21,11.1000,130,1
2026-04-16,000001,14:21:24,11.1000,3,1
2026-04-16,000001,14:21:27,11.1000,54,1
2026-04-16,000001,14:21:30,11.1000,44,1
2026-04-16,000001,14:21:33,11.1000,13,1
2026-04-16,000001,14:21:36,11.0900,613,2
2026-04-16,000001,14:21:39,11.1000,60,4
2026-04-16,000001,14:21:42,11.1000,57,1
2026-04-16,000001,14:21:45,11.1000,30,1
2026-04-16,000001,14:21:48,11.1000,158,1
2026-04-16,000001,14:21:51,11.1000,34,1
2026-04-16,000001,14:21:54,11.0900,52,2
2026-04-16,000001,14:21:57,11.1000,54,1
2026-04-16,000001,14:22:00,11.1000,61,1
2026-04-16,000001,14:22:03,11.1000,277,2
2026-04-16,000001,14:22:06,11.1000,13,1
2026-04-16,000001,14:22:09,11.1000,63,1
2026-04-16,000001,14:22:15,11.1000,44,1
2026-04-16,000001,14:22:18,11.1000,119,1
2026-04-16,000001,14:22:21,11.1000,566,1
2026-04-16,000001,14:22:24,11.1000,190,1
2026-04-16,000001,14:22:27,11.0900,45,2
2026-04-16,000001,14:22:30,11.1000,61,1
2026-04-16,000001,14:22:33,11.1000,6,1
2026-04-16,000001,14:22:36,11.1000,20,1
2026-04-16,000001,14:22:39,11.1000,102,1
2026-04-16,000001,14:22:42,11.1000,205,2
2026-04-16,000001,14:22:45,11.0900,160,2
2026-04-16,000001,14:22:48,11.1000,31,1
2026-04-16,000001,14:22:51,11.0900,3,2
2026-04-16,000001,14:22:57,11.1000,1,1
2026-04-16,000001,14:23:00,11.0900,2,2
2026-04-16,000001,14:23:03,11.1000,14,1
2026-04-16,000001,14:23:09,11.0900,508,2
2026-04-16,000001,14:23:12,11.1000,43,1
2026-04-16,000001,14:23:15,11.1000,152,1
2026-04-16,000001,14:23:18,11.0900,25,2
2026-04-16,000001,14:23:21,11.1000,48,1
2026-04-16,000001,14:23:27,11.0900,1,2
2026-04-16,000001,14:23:30,11.0900,3,2
2026-04-16,000001,14:23:33,11.1000,20,1
2026-04-16,000001,14:23:36,11.1000,1,1
2026-04-16,000001,14:23:39,11.1000,69,1
2026-04-16,000001,14:23:45,11.0900,1,2
2026-04-16,000001,14:23:48,11.0900,13,2
2026-04-16,000001,14:23:51,11.0900,171,2
2026-04-16,000001,14:23:54,11.1000,129,1
2026-04-16,000001,14:23:57,11.1000,19,1
2026-04-16,000001,14:24:00,11.1000,4,1
2026-04-16,000001,14:24:03,11.0900,1,2
2026-04-16,000001,14:24:06,11.1000,121,1
2026-04-16,000001,14:24:09,11.1000,55,1
2026-04-16,000001,14:24:12,11.1000,10,1
2026-04-16,000001,14:24:18,11.0900,1,2
2026-04-16,000001,14:24:21,11.0900,122,2
2026-04-16,000001,14:24:24,11.1000,35,1
2026-04-16,000001,14:24:27,11.0900,89,2
2026-04-16,000001,14:24:30,11.1000,76,1
2026-04-16,000001,14:24:36,11.1000,8,1
2026-04-16,000001,14:24:39,11.1000,8,1
2026-04-16,000001,14:24:42,11.1000,44,1
2026-04-16,000001,14:24:45,11.1000,1,1
2026-04-16,000001,14:24:48,11.0900,10,2
2026-04-16,000001,14:24:51,11.0900,201,2
2026-04-16,000001,14:24:54,11.0900,57,2
2026-04-16,000001,14:24:57,11.1000,1,1
2026-04-16,000001,14:25:00,11.0900,16,2
2026-04-16,000001,14:25:09,11.1000,8,1
2026-04-16,000001,14:25:12,11.0900,101,2
2026-04-16,000001,14:25:15,11.1000,62,1
2026-04-16,000001,14:25:18,11.0900,78,2
2026-04-16,000001,14:25:21,11.0900,2,2
2026-04-16,000001,14:25:24,11.0900,3,2
2026-04-16,000001,14:25:30,11.1000,26,1
2026-04-16,000001,14:25:33,11.0900,7,2
2026-04-16,000001,14:25:36,11.1000,21,1
2026-04-16,000001,14:25:39,11.1000,43,1
2026-04-16,000001,14:25:45,11.0900,1,2
2026-04-16,000001,14:25:48,11.0900,19,2
2026-04-16,000001,14:25:54,11.0900,62,2
2026-04-16,000001,14:25:57,11.1000,1,1
2026-04-16,000001,14:26:00,11.1000,49,1
2026-04-16,000001,14:26:03,11.1000,63,1
2026-04-16,000001,14:26:06,11.1000,80,1
2026-04-16,000001,14:26:09,11.1000,38,1
2026-04-16,000001,14:26:12,11.0900,78,2
2026-04-16,000001,14:26:15,11.1000,11,1
2026-04-16,000001,14:26:21,11.1000,10,1
2026-04-16,000001,14:26:24,11.0900,1,2
2026-04-16,000001,14:26:30,11.1000,281,1
2026-04-16,000001,14:26:33,11.1000,55,1
2026-04-16,000001,14:26:36,11.1000,20,1
2026-04-16,000001,14:26:39,11.1000,54,1
2026-04-16,000001,14:26:42,11.1000,20,1
2026-04-16,000001,14:26:45,11.1000,106,1
2026-04-16,000001,14:26:48,11.1000,10,1
2026-04-16,000001,14:26:51,11.1000,114,1
2026-04-16,000001,14:26:54,11.0900,4,2
2026-04-16,000001,14:26:57,11.1000,102,1
2026-04-16,000001,14:27:03,11.0900,11,2
2026-04-16,000001,14:27:06,11.1000,27,1
2026-04-16,000001,14:27:09,11.1000,155,1
2026-04-16,000001,14:27:15,11.0900,55,2
2026-04-16,000001,14:27:18,11.1000,34,1
2026-04-16,000001,14:27:21,11.0900,39,2
2026-04-16,000001,14:27:24,11.1000,4,1
2026-04-16,000001,14:27:27,11.0900,1,2
2026-04-16,000001,14:27:33,11.1000,20,1
2026-04-16,000001,14:27:36,11.1000,36,1
2026-04-16,000001,14:27:39,11.1000,15,1
2026-04-16,000001,14:27:42,11.1000,1,1
2026-04-16,000001,14:27:45,11.1000,5,1
2026-04-16,000001,14:27:48,11.1000,8,1
2026-04-16,000001,14:27:51,11.1000,100,1
2026-04-16,000001,14:27:54,11.0900,61,2
2026-04-16,000001,14:27:57,11.1000,261,1
2026-04-16,000001,14:28:00,11.0900,67,2
2026-04-16,000001,14:28:03,11.0900,64,2
2026-04-16,000001,14:28:09,11.1000,38,1
2026-04-16,000001,14:28:12,11.0900,647,2
2026-04-16,000001,14:28:15,11.1000,200,1
2026-04-16,000001,14:28:18,11.0900,78,2
2026-04-16,000001,14:28:21,11.0900,90,2
2026-04-16,000001,14:28:24,11.0900,256,2
2026-04-16,000001,14:28:30,11.0900,51,2
2026-04-16,000001,14:28:33,11.0900,1299,2
2026-04-16,000001,14:28:36,11.1000,368,1
2026-04-16,000001,14:28:39,11.0900,9,2
2026-04-16,000001,14:28:42,11.1000,42,1
2026-04-16,000001,14:28:45,11.0900,34,2
2026-04-16,000001,14:28:48,11.1000,32,1
2026-04-16,000001,14:28:51,11.1000,25,1
2026-04-16,000001,14:28:54,11.1000,67,1
2026-04-16,000001,14:29:00,11.0900,600,2
2026-04-16,000001,14:29:03,11.0900,63,2
2026-04-16,000001,14:29:06,11.1000,146,1
2026-04-16,000001,14:29:09,11.1000,9,1
2026-04-16,000001,14:29:12,11.1000,5,1
2026-04-16,000001,14:29:15,11.1000,104,1
2026-04-16,000001,14:29:18,11.1000,44,1
2026-04-16,000001,14:29:21,11.1000,87,1
2026-04-16,000001,14:29:24,11.1000,49,1
2026-04-16,000001,14:29:27,11.1000,3,1
2026-04-16,000001,14:29:30,11.1000,52,1
2026-04-16,000001,14:29:33,11.1000,57,1
2026-04-16,000001,14:29:36,11.0900,59,2
2026-04-16,000001,14:29:39,11.0900,297,2
2026-04-16,000001,14:29:42,11.1000,47,1
2026-04-16,000001,14:29:45,11.0900,146,2
2026-04-16,000001,14:29:48,11.1000,28,1
2026-04-16,000001,14:29:51,11.1000,3,1
2026-04-16,000001,14:29:57,11.1000,77,1
2026-04-16,000001,14:30:00,11.0900,452,2
2026-04-16,000001,14:30:03,11.1000,62,1
2026-04-16,000001,14:30:06,11.1000,80,1
2026-04-16,000001,14:30:09,11.1000,89,1
2026-04-16,000001,14:30:12,11.1000,86,1
2026-04-16,000001,14:30:15,11.0900,46,2
2026-04-16,000001,14:30:18,11.1000,30,1
2026-04-16,000001,14:30:21,11.1000,35,1
2026-04-16,000001,14:30:24,11.1000,9,1
2026-04-16,000001,14:30:27,11.0900,28,2
2026-04-16,000001,14:30:30,11.1000,562,1
2026-04-16,000001,14:30:33,11.1000,564,1
2026-04-16,000001,14:30:36,11.1000,471,1
2026-04-16,000001,14:30:39,11.1000,158,1
2026-04-16,000001,14:30:42,11.1000,21,1
2026-04-16,000001,14:30:45,11.0900,512,2
2026-04-16,000001,14:30:48,11.1000,27,1
2026-04-16,000001,14:30:51,11.0900,84,2
2026-04-16,000001,14:30:54,11.1000,101,1
2026-04-16,000001,14:30:57,11.1000,2,1
2026-04-16,000001,14:31:00,11.1000,121,1
2026-04-16,000001,14:31:03,11.1000,26,1
2026-04-16,000001,14:31:06,11.1000,70,1
2026-04-16,000001,14:31:09,11.0900,66,2
2026-04-16,000001,14:31:12,11.1000,188,1
2026-04-16,000001,14:31:15,11.0900,298,2
2026-04-16,000001,14:31:18,11.0900,84,2
2026-04-16,000001,14:31:21,11.1000,28,1
2026-04-16,000001,14:31:24,11.1000,113,1
2026-04-16,000001,14:31:27,11.1000,14,1
2026-04-16,000001,14:31:30,11.0900,39,2
2026-04-16,000001,14:31:33,11.1000,112,1
2026-04-16,000001,14:31:36,11.1000,11,1
2026-04-16,000001,14:31:39,11.1000,143,1
2026-04-16,000001,14:31:42,11.1000,13,1
2026-04-16,000001,14:31:45,11.1000,528,1
2026-04-16,000001,14:31:48,11.0900,146,2
2026-04-16,000001,14:31:51,11.1000,58,1
2026-04-16,000001,14:31:54,11.1000,52,1
2026-04-16,000001,14:31:57,11.1000,61,1
2026-04-16,000001,14:32:00,11.1000,17,1
2026-04-16,000001,14:32:03,11.0900,113,2
2026-04-16,000001,14:32:06,11.1000,15,1
2026-04-16,000001,14:32:09,11.1000,553,1
2026-04-16,000001,14:32:12,11.0900,106,2
2026-04-16,000001,14:32:15,11.1000,83,1
2026-04-16,000001,14:32:18,11.1000,76,1
2026-04-16,000001,14:32:21,11.0900,114,2
2026-04-16,000001,14:32:24,11.1000,6,1
2026-04-16,000001,14:32:27,11.0900,511,2
2026-04-16,000001,14:32:30,11.0900,48,2
2026-04-16,000001,14:32:33,11.0900,12,2
2026-04-16,000001,14:32:36,11.0900,3,2
2026-04-16,000001,14:32:39,11.1000,36,1
2026-04-16,000001,14:32:42,11.0900,50,2
2026-04-16,000001,14:32:45,11.1000,260,1
2026-04-16,000001,14:32:48,11.0900,637,2
2026-04-16,000001,14:32:51,11.1000,222,1
2026-04-16,000001,14:32:54,11.1000,80,1
2026-04-16,000001,14:32:57,11.1000,151,1
2026-04-16,000001,14:33:00,11.1000,517,1
2026-04-16,000001,14:33:03,11.1000,14,1
2026-04-16,000001,14:33:06,11.1000,147,1
2026-04-16,000001,14:33:09,11.0900,20,2
2026-04-16,000001,14:33:12,11.0900,19,2
2026-04-16,000001,14:33:15,11.0900,52,2
2026-04-16,000001,14:33:18,11.1000,536,1
2026-04-16,000001,14:33:21,11.0900,214,2
2026-04-16,000001,14:33:24,11.1000,70,1
2026-04-16,000001,14:33:27,11.1000,153,1
2026-04-16,000001,14:33:30,11.1000,1021,1
2026-04-16,000001,14:33:33,11.1000,1236,1
2026-04-16,000001,14:33:36,11.0900,49,2
2026-04-16,000001,14:33:39,11.1000,221,1
2026-04-16,000001,14:33:42,11.1000,134,1
2026-04-16,000001,14:33:45,11.1000,88,1
2026-04-16,000001,14:33:48,11.0900,122,2
2026-04-16,000001,14:33:51,11.1000,77,1
2026-04-16,000001,14:33:54,11.1000,104,1
2026-04-16,000001,14:33:57,11.1000,157,1
2026-04-16,000001,14:34:00,11.0900,64,2
2026-04-16,000001,14:34:03,11.1000,1105,1
2026-04-16,000001,14:34:06,11.1000,68,1
2026-04-16,000001,14:34:09,11.1000,25,1
2026-04-16,000001,14:34:12,11.1000,28,1
2026-04-16,000001,14:34:15,11.1000,341,1
2026-04-16,000001,14:34:18,11.1000,411,1
2026-04-16,000001,14:34:21,11.1000,66,1
2026-04-16,000001,14:34:24,11.1000,7,1
2026-04-16,000001,14:34:27,11.1000,94,1
2026-04-16,000001,14:34:30,11.1000,25,1
2026-04-16,000001,14:34:33,11.0900,96,2
2026-04-16,000001,14:34:36,11.1000,344,1
2026-04-16,000001,14:34:39,11.1000,56,1
2026-04-16,000001,14:34:42,11.1000,25,1
2026-04-16,000001,14:34:45,11.1000,56,1
2026-04-16,000001,14:34:48,11.0900,3,2
2026-04-16,000001,14:34:51,11.0900,38,2
2026-04-16,000001,14:34:54,11.0900,59,2
2026-04-16,000001,14:34:57,11.0900,5,2
2026-04-16,000001,14:35:00,11.0900,61,2
2026-04-16,000001,14:35:03,11.1000,325,1
2026-04-16,000001,14:35:06,11.1000,10,1
2026-04-16,000001,14:35:09,11.1000,80,1
2026-04-16,000001,14:35:12,11.1000,62,1
2026-04-16,000001,14:35:18,11.0900,221,2
2026-04-16,000001,14:35:21,11.1000,94,1
2026-04-16,000001,14:35:27,11.0900,60,2
2026-04-16,000001,14:35:30,11.1000,117,1
2026-04-16,000001,14:35:33,11.1000,47,1
2026-04-16,000001,14:35:36,11.1000,80,1
2026-04-16,000001,14:35:39,11.1000,5,1
2026-04-16,000001,14:35:42,11.1000,109,1
2026-04-16,000001,14:35:45,11.0900,31,2
2026-04-16,000001,14:35:48,11.1000,72,1
2026-04-16,000001,14:35:51,11.1000,101,1
2026-04-16,000001,14:35:57,11.0900,12,2
2026-04-16,000001,14:36:00,11.0900,18,2
2026-04-16,000001,14:36:03,11.0900,272,2
2026-04-16,000001,14:36:06,11.0900,68,2
2026-04-16,000001,14:36:09,11.0900,198,2
2026-04-16,000001,14:36:12,11.0900,6,2
2026-04-16,000001,14:36:15,11.1000,11,1
2026-04-16,000001,14:36:18,11.0900,184,2
2026-04-16,000001,14:36:21,11.0900,82,2
2026-04-16,000001,14:36:24,11.0900,10,2
2026-04-16,000001,14:36:27,11.1000,44,1
2026-04-16,000001,14:36:30,11.1000,86,1
2026-04-16,000001,14:36:33,11.0900,11,2
2026-04-16,000001,14:36:36,11.1000,22,1
2026-04-16,000001,14:36:39,11.0900,48,2
2026-04-16,000001,14:36:42,11.0900,93,2
2026-04-16,000001,14:36:45,11.1000,16,1
2026-04-16,000001,14:36:48,11.0900,69,2
2026-04-16,000001,14:36:51,11.0900,15,2
2026-04-16,000001,14:36:54,11.0900,60,2
2026-04-16,000001,14:36:57,11.0900,69,2
2026-04-16,000001,14:37:00,11.1000,30,1
2026-04-16,000001,14:37:03,11.1000,51,1
2026-04-16,000001,14:37:06,11.0900,22,2
2026-04-16,000001,14:37:09,11.0900,34,2
2026-04-16,000001,14:37:12,11.0900,117,2
2026-04-16,000001,14:37:15,11.1000,42,1
2026-04-16,000001,14:37:18,11.1000,54,1
2026-04-16,000001,14:37:21,11.1000,1,1
2026-04-16,000001,14:37:24,11.1000,27,1
2026-04-16,000001,14:37:27,11.1000,12,1
2026-04-16,000001,14:37:30,11.1000,5,1
2026-04-16,000001,14:37:33,11.1000,72,1
2026-04-16,000001,14:37:36,11.1000,21,1
2026-04-16,000001,14:37:39,11.1000,103,1
2026-04-16,000001,14:37:42,11.1000,44,1
2026-04-16,000001,14:37:45,11.1000,54,1
2026-04-16,000001,14:37:48,11.0900,119,2
2026-04-16,000001,14:37:51,11.1000,8,1
2026-04-16,000001,14:37:54,11.1000,11,1
2026-04-16,000001,14:37:57,11.1000,75,1
2026-04-16,000001,14:38:00,11.1000,45,1
2026-04-16,000001,14:38:03,11.1000,76,1
2026-04-16,000001,14:38:06,11.0900,46,2
2026-04-16,000001,14:38:09,11.1000,73,1
2026-04-16,000001,14:38:12,11.1000,115,1
2026-04-16,000001,14:38:15,11.1000,15,1
2026-04-16,000001,14:38:18,11.1000,423,1
2026-04-16,000001,14:38:21,11.1000,51,1
2026-04-16,000001,14:38:24,11.1000,60,1
2026-04-16,000001,14:38:27,11.1000,17,1
2026-04-16,000001,14:38:30,11.1000,169,1
2026-04-16,000001,14:38:33,11.1000,356,1
2026-04-16,000001,14:38:36,11.0900,123,2
2026-04-16,000001,14:38:39,11.1000,32,1
2026-04-16,000001,14:38:42,11.1000,47,1
2026-04-16,000001,14:38:45,11.1000,53,1
2026-04-16,000001,14:38:48,11.1000,34,1
2026-04-16,000001,14:38:51,11.1000,2,1
2026-04-16,000001,14:38:54,11.1000,28,1
2026-04-16,000001,14:38:57,11.0900,48,2
2026-04-16,000001,14:39:00,11.0900,26,2
2026-04-16,000001,14:39:03,11.1000,6,1
2026-04-16,000001,14:39:06,11.1000,23,1
2026-04-16,000001,14:39:09,11.1000,1,1
2026-04-16,000001,14:39:12,11.1000,36,1
2026-04-16,000001,14:39:15,11.0900,35,2
2026-04-16,000001,14:39:18,11.1000,21,1
2026-04-16,000001,14:39:21,11.1000,73,1
2026-04-16,000001,14:39:24,11.0900,16,2
2026-04-16,000001,14:39:27,11.1000,43,1
2026-04-16,000001,14:39:30,11.0900,90,2
2026-04-16,000001,14:39:33,11.0900,257,2
2026-04-16,000001,14:39:36,11.0900,59,2
2026-04-16,000001,14:39:39,11.0900,116,2
2026-04-16,000001,14:39:42,11.1000,71,1
2026-04-16,000001,14:39:45,11.1000,13,1
2026-04-16,000001,14:39:48,11.1000,1,1
2026-04-16,000001,14:39:51,11.1000,32,1
2026-04-16,000001,14:39:54,11.1000,55,1
2026-04-16,000001,14:39:57,11.0900,187,2
2026-04-16,000001,14:40:00,11.1000,84,1
2026-04-16,000001,14:40:03,11.0900,270,2
2026-04-16,000001,14:40:06,11.0900,106,2
2026-04-16,000001,14:40:09,11.1000,3,1
2026-04-16,000001,14:40:12,11.1000,42,1
2026-04-16,000001,14:40:15,11.1000,62,1
2026-04-16,000001,14:40:18,11.0900,56,2
2026-04-16,000001,14:40:21,11.0900,57,2
2026-04-16,000001,14:40:24,11.0900,49,2
2026-04-16,000001,14:40:27,11.0900,38,2
2026-04-16,000001,14:40:30,11.0900,76,2
2026-04-16,000001,14:40:33,11.1000,75,1
2026-04-16,000001,14:40:36,11.0900,62,2
2026-04-16,000001,14:40:39,11.1000,94,1
2026-04-16,000001,14:40:42,11.1000,45,1
2026-04-16,000001,14:40:45,11.1000,194,1
2026-04-16,000001,14:40:48,11.0900,52,2
2026-04-16,000001,14:40:51,11.1000,15,1
2026-04-16,000001,14:40:54,11.0900,47,2
2026-04-16,000001,14:40:57,11.0900,39,2
2026-04-16,000001,14:41:00,11.0900,152,2
2026-04-16,000001,14:41:03,11.0900,14,2
2026-04-16,000001,14:41:06,11.0900,41,2
2026-04-16,000001,14:41:09,11.1000,82,1
2026-04-16,000001,14:41:12,11.0900,93,2
2026-04-16,000001,14:41:15,11.0900,862,2
2026-04-16,000001,14:41:18,11.0900,352,2
2026-04-16,000001,14:41:21,11.0900,1505,2
2026-04-16,000001,14:41:24,11.1000,119,1
2026-04-16,000001,14:41:27,11.0900,65,2
2026-04-16,000001,14:41:30,11.1000,151,1
2026-04-16,000001,14:41:33,11.1000,1,1
2026-04-16,000001,14:41:36,11.0900,20,2
2026-04-16,000001,14:41:39,11.1000,34,1
2026-04-16,000001,14:41:42,11.0900,85,2
2026-04-16,000001,14:41:45,11.0900,145,2
2026-04-16,000001,14:41:48,11.1000,103,1
2026-04-16,000001,14:41:51,11.1000,32,1
2026-04-16,000001,14:41:54,11.1000,53,1
2026-04-16,000001,14:41:57,11.1000,171,1
2026-04-16,000001,14:42:00,11.1000,41,1
2026-04-16,000001,14:42:03,11.0900,2,2
2026-04-16,000001,14:42:06,11.1000,65,1
2026-04-16,000001,14:42:09,11.1000,75,1
2026-04-16,000001,14:42:12,11.1000,50,1
2026-04-16,000001,14:42:15,11.0900,106,2
2026-04-16,000001,14:42:18,11.1000,7,1
2026-04-16,000001,14:42:21,11.1000,69,1
2026-04-16,000001,14:42:24,11.0900,47,2
2026-04-16,000001,14:42:27,11.1000,40,1
2026-04-16,000001,14:42:30,11.1000,49,1
2026-04-16,000001,14:42:33,11.1000,406,1
2026-04-16,000001,14:42:36,11.0900,50,2
2026-04-16,000001,14:42:39,11.1000,51,1
2026-04-16,000001,14:42:42,11.1000,33,1
2026-04-16,000001,14:42:45,11.1000,589,1
2026-04-16,000001,14:42:48,11.1000,9,1
2026-04-16,000001,14:42:51,11.0900,37,2
2026-04-16,000001,14:42:54,11.1000,200,1
2026-04-16,000001,14:42:57,11.1000,315,1
2026-04-16,000001,14:43:00,11.1000,12,1
2026-04-16,000001,14:43:03,11.1000,88,1
2026-04-16,000001,14:43:06,11.1000,26,1
2026-04-16,000001,14:43:09,11.1000,26,1
2026-04-16,000001,14:43:12,11.0900,231,2
2026-04-16,000001,14:43:15,11.1000,20,1
2026-04-16,000001,14:43:18,11.1000,41,1
2026-04-16,000001,14:43:21,11.1000,11,1
2026-04-16,000001,14:43:24,11.0900,2,2
2026-04-16,000001,14:43:27,11.0900,144,2
2026-04-16,000001,14:43:30,11.1000,234,1
2026-04-16,000001,14:43:33,11.1000,739,1
2026-04-16,000001,14:43:36,11.1000,175,1
2026-04-16,000001,14:43:39,11.0900,71,2
2026-04-16,000001,14:43:42,11.0900,909,2
2026-04-16,000001,14:43:45,11.1000,102,1
2026-04-16,000001,14:43:48,11.1000,10,1
2026-04-16,000001,14:43:51,11.0900,23,2
2026-04-16,000001,14:43:54,11.0900,102,2
2026-04-16,000001,14:43:57,11.1000,21,1
2026-04-16,000001,14:44:00,11.0900,64,2
2026-04-16,000001,14:44:03,11.1000,15,1
2026-04-16,000001,14:44:06,11.1000,63,1
2026-04-16,000001,14:44:09,11.1000,435,1
2026-04-16,000001,14:44:12,11.1000,112,1
2026-04-16,000001,14:44:15,11.1000,218,1
2026-04-16,000001,14:44:18,11.1000,74,1
2026-04-16,000001,14:44:21,11.1000,83,1
2026-04-16,000001,14:44:24,11.1000,45,1
2026-04-16,000001,14:44:27,11.1000,66,1
2026-04-16,000001,14:44:30,11.1000,9,1
2026-04-16,000001,14:44:33,11.1000,38,1
2026-04-16,000001,14:44:36,11.1000,143,1
2026-04-16,000001,14:44:39,11.1000,106,1
2026-04-16,000001,14:44:42,11.0900,148,2
2026-04-16,000001,14:44:45,11.1000,36,1
2026-04-16,000001,14:44:48,11.0900,140,2
2026-04-16,000001,14:44:51,11.1000,113,1
2026-04-16,000001,14:44:54,11.0900,12,2
2026-04-16,000001,14:44:57,11.1000,110,1
2026-04-16,000001,14:45:00,11.0900,221,2
2026-04-16,000001,14:45:03,11.1000,200,1
2026-04-16,000001,14:45:06,11.1000,145,1
2026-04-16,000001,14:45:09,11.0900,89,2
2026-04-16,000001,14:45:12,11.1000,178,1
2026-04-16,000001,14:45:15,11.1000,165,1
2026-04-16,000001,14:45:18,11.1000,176,1
2026-04-16,000001,14:45:21,11.0900,19,2
2026-04-16,000001,14:45:24,11.1000,56,1
2026-04-16,000001,14:45:27,11.1000,63,1
2026-04-16,000001,14:45:30,11.0900,111,2
2026-04-16,000001,14:45:33,11.1000,80,1
2026-04-16,000001,14:45:36,11.1000,430,1
2026-04-16,000001,14:45:39,11.1000,106,1
2026-04-16,000001,14:45:42,11.1000,132,1
2026-04-16,000001,14:45:45,11.1000,142,1
2026-04-16,000001,14:45:48,11.1000,41,1
2026-04-16,000001,14:45:51,11.1000,113,1
2026-04-16,000001,14:45:54,11.0900,24,2
2026-04-16,000001,14:45:57,11.0900,42,2
2026-04-16,000001,14:46:00,11.0900,22,2
2026-04-16,000001,14:46:03,11.0900,141,2
2026-04-16,000001,14:46:06,11.1000,166,1
2026-04-16,000001,14:46:09,11.0900,121,2
2026-04-16,000001,14:46:12,11.1000,46,1
2026-04-16,000001,14:46:15,11.1000,10,1
2026-04-16,000001,14:46:18,11.1000,117,1
2026-04-16,000001,14:46:21,11.1000,44,1
2026-04-16,000001,14:46:24,11.1000,21,1
2026-04-16,000001,14:46:27,11.0900,15,2
2026-04-16,000001,14:46:30,11.0900,24,2
2026-04-16,000001,14:46:33,11.1000,20,1
2026-04-16,000001,14:46:36,11.1000,38,1
2026-04-16,000001,14:46:39,11.0900,406,2
2026-04-16,000001,14:46:42,11.1000,57,1
2026-04-16,000001,14:46:45,11.1000,189,1
2026-04-16,000001,14:46:48,11.1000,1,1
2026-04-16,000001,14:46:51,11.1000,1,1
2026-04-16,000001,14:46:54,11.0900,35,2
2026-04-16,000001,14:46:57,11.1000,62,1
2026-04-16,000001,14:47:00,11.0900,174,2
2026-04-16,000001,14:47:03,11.1000,198,1
2026-04-16,000001,14:47:06,11.1000,69,1
2026-04-16,000001,14:47:09,11.1000,2877,1
2026-04-16,000001,14:47:12,11.1000,127,1
2026-04-16,000001,14:47:15,11.1000,21,1
2026-04-16,000001,14:47:18,11.1000,101,1
2026-04-16,000001,14:47:21,11.0900,175,2
2026-04-16,000001,14:47:24,11.1000,107,1
2026-04-16,000001,14:47:27,11.0900,268,2
2026-04-16,000001,14:47:30,11.1000,44,1
2026-04-16,000001,14:47:33,11.1000,8,1
2026-04-16,000001,14:47:36,11.1000,29,1
2026-04-16,000001,14:47:39,11.0900,92,2
2026-04-16,000001,14:47:42,11.1000,91,1
2026-04-16,000001,14:47:45,11.1000,26,1
2026-04-16,000001,14:47:48,11.0900,426,2
2026-04-16,000001,14:47:51,11.1000,13,1
2026-04-16,000001,14:47:54,11.1000,48,1
2026-04-16,000001,14:47:57,11.1000,10,1
2026-04-16,000001,14:48:00,11.0900,32,2
2026-04-16,000001,14:48:03,11.1000,73,1
2026-04-16,000001,14:48:06,11.0900,51,2
2026-04-16,000001,14:48:09,11.0900,25,2
2026-04-16,000001,14:48:12,11.0900,115,2
2026-04-16,000001,14:48:15,11.1000,28,1
2026-04-16,000001,14:48:18,11.0900,55,2
2026-04-16,000001,14:48:21,11.1000,48,1
2026-04-16,000001,14:48:24,11.1000,947,1
2026-04-16,000001,14:48:27,11.0900,29,2
2026-04-16,000001,14:48:30,11.0900,159,2
2026-04-16,000001,14:48:33,11.0900,135,2
2026-04-16,000001,14:48:36,11.1000,38,1
2026-04-16,000001,14:48:39,11.1000,22,1
2026-04-16,000001,14:48:42,11.0900,12,2
2026-04-16,000001,14:48:45,11.1000,42,1
2026-04-16,000001,14:48:48,11.1000,422,1
2026-04-16,000001,14:48:51,11.0900,165,2
2026-04-16,000001,14:48:54,11.1000,105,1
2026-04-16,000001,14:48:57,11.1000,72,1
2026-04-16,000001,14:49:00,11.1000,57,1
2026-04-16,000001,14:49:03,11.1000,233,1
2026-04-16,000001,14:49:06,11.1000,44,1
2026-04-16,000001,14:49:09,11.1000,133,1
2026-04-16,000001,14:49:12,11.1000,377,1
2026-04-16,000001,14:49:15,11.1000,364,1
2026-04-16,000001,14:49:18,11.1000,106,1
2026-04-16,000001,14:49:21,11.1000,141,1
2026-04-16,000001,14:49:24,11.1000,194,1
2026-04-16,000001,14:49:27,11.1000,145,1
2026-04-16,000001,14:49:30,11.1000,38,1
2026-04-16,000001,14:49:33,11.1000,214,1
2026-04-16,000001,14:49:36,11.1000,156,1
2026-04-16,000001,14:49:39,11.1000,164,1
2026-04-16,000001,14:49:42,11.1000,112,1
2026-04-16,000001,14:49:45,11.0900,220,2
2026-04-16,000001,14:49:48,11.1000,257,1
2026-04-16,000001,14:49:51,11.1100,184,1
2026-04-16,000001,14:49:54,11.1000,58,1
2026-04-16,000001,14:49:57,11.1000,242,2
2026-04-16,000001,14:50:00,11.1000,120,1
2026-04-16,000001,14:50:03,11.0900,446,2
2026-04-16,000001,14:50:06,11.1000,329,1
2026-04-16,000001,14:50:09,11.1000,324,1
2026-04-16,000001,14:50:12,11.1000,401,1
2026-04-16,000001,14:50:15,11.1000,392,2
2026-04-16,000001,14:50:18,11.1000,129,1
2026-04-16,000001,14:50:21,11.1000,38,1
2026-04-16,000001,14:50:24,11.1000,120,1
2026-04-16,000001,14:50:27,11.1000,66,1
2026-04-16,000001,14:50:30,11.0900,36,2
2026-04-16,000001,14:50:33,11.1000,231,1
2026-04-16,000001,14:50:36,11.1000,31,1
2026-04-16,000001,14:50:39,11.0900,54,2
2026-04-16,000001,14:50:42,11.1000,124,1
2026-04-16,000001,14:50:45,11.1000,88,1
2026-04-16,000001,14:50:48,11.0900,224,2
2026-04-16,000001,14:50:51,11.1000,19,1
2026-04-16,000001,14:50:54,11.1000,556,1
2026-04-16,000001,14:50:57,11.1000,89,1
2026-04-16,000001,14:51:00,11.0900,184,2
2026-04-16,000001,14:51:03,11.1000,211,1
2026-04-16,000001,14:51:06,11.1000,54,1
2026-04-16,000001,14:51:09,11.0900,79,2
2026-04-16,000001,14:51:12,11.1000,636,1
2026-04-16,000001,14:51:15,11.0900,114,2
2026-04-16,000001,14:51:18,11.1000,97,1
2026-04-16,000001,14:51:21,11.0900,579,2
2026-04-16,000001,14:51:24,11.1000,195,1
2026-04-16,000001,14:51:27,11.0900,5,2
2026-04-16,000001,14:51:30,11.0900,538,2
2026-04-16,000001,14:51:33,11.0900,349,2
2026-04-16,000001,14:51:36,11.1000,10,1
2026-04-16,000001,14:51:39,11.1000,76,1
2026-04-16,000001,14:51:42,11.1000,360,1
2026-04-16,000001,14:51:45,11.1000,33,1
2026-04-16,000001,14:51:48,11.0900,41,2
2026-04-16,000001,14:51:51,11.0900,66,2
2026-04-16,000001,14:51:54,11.0900,259,2
2026-04-16,000001,14:51:57,11.1000,413,1
2026-04-16,000001,14:52:00,11.1000,212,1
2026-04-16,000001,14:52:03,11.1000,276,1
2026-04-16,000001,14:52:06,11.0900,47,2
2026-04-16,000001,14:52:09,11.0900,84,2
2026-04-16,000001,14:52:12,11.1000,436,1
2026-04-16,000001,14:52:15,11.1000,215,1
2026-04-16,000001,14:52:18,11.1000,63,1
2026-04-16,000001,14:52:21,11.0900,116,2
2026-04-16,000001,14:52:24,11.0900,31,2
2026-04-16,000001,14:52:27,11.1000,8,1
2026-04-16,000001,14:52:30,11.1000,31,1
2026-04-16,000001,14:52:33,11.1000,70,1
2026-04-16,000001,14:52:36,11.1000,79,1
2026-04-16,000001,14:52:39,11.1000,552,1
2026-04-16,000001,14:52:42,11.1000,229,1
2026-04-16,000001,14:52:45,11.1000,186,1
2026-04-16,000001,14:52:48,11.1000,209,1
2026-04-16,000001,14:52:51,11.0900,93,2
2026-04-16,000001,14:52:54,11.0900,178,2
2026-04-16,000001,14:52:57,11.0900,94,2
2026-04-16,000001,14:53:00,11.1000,66,1
2026-04-16,000001,14:53:03,11.1000,172,1
2026-04-16,000001,14:53:06,11.1000,273,1
2026-04-16,000001,14:53:09,11.0900,1233,2
2026-04-16,000001,14:53:12,11.1000,190,1
2026-04-16,000001,14:53:15,11.0900,162,2
2026-04-16,000001,14:53:18,11.1000,76,1
2026-04-16,000001,14:53:21,11.0900,68,2
2026-04-16,000001,14:53:24,11.1000,1,1
2026-04-16,000001,14:53:27,11.1000,183,1
2026-04-16,000001,14:53:30,11.1000,109,1
2026-04-16,000001,14:53:33,11.1000,44,1
2026-04-16,000001,14:53:36,11.0900,133,2
2026-04-16,000001,14:53:39,11.0900,460,2
2026-04-16,000001,14:53:42,11.1000,113,1
2026-04-16,000001,14:53:45,11.1000,43,1
2026-04-16,000001,14:53:48,11.1000,111,1
2026-04-16,000001,14:53:51,11.0900,59,2
2026-04-16,000001,14:53:54,11.1000,395,4
2026-04-16,000001,14:53:57,11.1000,52,1
2026-04-16,000001,14:54:00,11.1000,34,1
2026-04-16,000001,14:54:03,11.0900,644,2
2026-04-16,000001,14:54:06,11.0900,75,2
2026-04-16,000001,14:54:09,11.1000,33,1
2026-04-16,000001,14:54:12,11.1000,108,1
2026-04-16,000001,14:54:15,11.1000,444,1
2026-04-16,000001,14:54:18,11.1000,65,1
2026-04-16,000001,14:54:21,11.1000,105,1
2026-04-16,000001,14:54:24,11.0900,114,2
2026-04-16,000001,14:54:27,11.1000,34,1
2026-04-16,000001,14:54:30,11.1000,431,1
2026-04-16,000001,14:54:33,11.1000,472,1
2026-04-16,000001,14:54:36,11.0900,325,2
2026-04-16,000001,14:54:39,11.1000,55,1
2026-04-16,000001,14:54:42,11.1000,64,1
2026-04-16,000001,14:54:45,11.1000,269,1
2026-04-16,000001,14:54:48,11.1000,587,1
2026-04-16,000001,14:54:51,11.1000,2,1
2026-04-16,000001,14:54:54,11.0900,198,2
2026-04-16,000001,14:54:57,11.1000,54,1
2026-04-16,000001,14:55:00,11.0900,79,2
2026-04-16,000001,14:55:03,11.0900,608,2
2026-04-16,000001,14:55:06,11.0900,416,2
2026-04-16,000001,14:55:09,11.0900,504,2
2026-04-16,000001,14:55:12,11.1000,434,1
2026-04-16,000001,14:55:15,11.1000,324,1
2026-04-16,000001,14:55:18,11.1000,301,4
2026-04-16,000001,14:55:21,11.1000,112,1
2026-04-16,000001,14:55:24,11.1000,233,1
2026-04-16,000001,14:55:27,11.1000,169,1
2026-04-16,000001,14:55:30,11.1000,67,1
2026-04-16,000001,14:55:33,11.1100,198,1
2026-04-16,000001,14:55:36,11.1000,232,1
2026-04-16,000001,14:55:39,11.1000,278,4
2026-04-16,000001,14:55:42,11.1000,91,4
2026-04-16,000001,14:55:45,11.1100,65,1
2026-04-16,000001,14:55:48,11.1000,127,4
2026-04-16,000001,14:55:51,11.0900,195,2
2026-04-16,000001,14:55:54,11.1000,103,4
2026-04-16,000001,14:55:57,11.1100,283,1
2026-04-16,000001,14:56:00,11.1000,151,4
2026-04-16,000001,14:56:03,11.1000,823,2
2026-04-16,000001,14:56:06,11.1000,287,2
2026-04-16,000001,14:56:09,11.1000,74,2
2026-04-16,000001,14:56:12,11.1100,141,1
2026-04-16,000001,14:56:15,11.1100,93,1
2026-04-16,000001,14:56:18,11.1100,112,1
2026-04-16,000001,14:56:21,11.1000,165,2
2026-04-16,000001,14:56:24,11.1100,88,1
2026-04-16,000001,14:56:27,11.1000,87,2
2026-04-16,000001,14:56:30,11.1100,506,1
2026-04-16,000001,14:56:33,11.1100,204,1
2026-04-16,000001,14:56:36,11.1100,422,1
2026-04-16,000001,14:56:39,11.1100,323,1
2026-04-16,000001,14:56:42,11.1100,290,1
2026-04-16,000001,14:56:45,11.1100,62,1
2026-04-16,000001,14:56:51,11.1000,300,2
2026-04-16,000001,14:56:54,11.1000,62,2
2026-04-16,000001,14:56:57,11.1000,189,2
2026-04-16,000001,14:57:00,11.1100,11,1
2026-04-16,000001,15:00:01,11.0900,9521,4
2026-04-16,000001,11:29:45,11.1100,45,2
2026-04-16,000001,11:29:48,11.1100,10,2
2026-04-16,000001,11:29:51,11.1200,10,1
2026-04-16,000001,11:29:54,11.1100,19,2
2026-04-16,000001,11:29:57,11.1100,8,2
2026-04-16,000001,11:30:01,11.1100,2,2
2026-04-16,000001,13:00:00,11.1200,523,1
2026-04-16,000001,13:00:03,11.1200,2111,1
2026-04-16,000001,13:00:06,11.1100,139,2
2026-04-16,000001,13:00:09,11.1100,352,2
2026-04-16,000001,13:00:12,11.1200,44,1
2026-04-16,000001,13:00:15,11.1100,2984,2
2026-04-16,000001,13:00:18,11.1000,99,2
2026-04-16,000001,13:00:21,11.1000,210,2
2026-04-16,000001,13:00:24,11.1000,31,2
2026-04-16,000001,13:00:27,11.1100,172,1
2026-04-16,000001,13:00:30,11.0900,25157,2
2026-04-16,000001,13:00:33,11.1000,554,1
2026-04-16,000001,13:00:36,11.0900,64,2
2026-04-16,000001,13:00:39,11.0900,61,2
2026-04-16,000001,13:00:42,11.0900,18,2
2026-04-16,000001,13:00:45,11.0900,160,2
2026-04-16,000001,13:00:48,11.0900,273,2
2026-04-16,000001,13:00:51,11.0900,26,2
2026-04-16,000001,13:00:54,11.0900,3,2
2026-04-16,000001,13:00:57,11.0900,9,2
2026-04-16,000001,13:01:00,11.0900,113,2
2026-04-16,000001,13:01:03,11.0800,7319,2
2026-04-16,000001,13:01:06,11.0800,96,2
2026-04-16,000001,13:01:09,11.0800,14,2
2026-04-16,000001,13:01:12,11.0800,23,2
2026-04-16,000001,13:01:15,11.0800,6849,2
2026-04-16,000001,13:01:18,11.0800,644,2
2026-04-16,000001,13:01:21,11.0700,30,2
2026-04-16,000001,13:01:24,11.0800,374,1
2026-04-16,000001,13:01:27,11.0800,274,1
2026-04-16,000001,13:01:30,11.0800,28,1
2026-04-16,000001,13:01:33,11.0800,136,1
2026-04-16,000001,13:01:36,11.0800,18,1
2026-04-16,000001,13:01:39,11.0800,28,2
2026-04-16,000001,13:01:42,11.0800,10,2
2026-04-16,000001,13:01:45,11.0800,133,2
2026-04-16,000001,13:01:48,11.0900,293,1
2026-04-16,000001,13:01:51,11.0800,6,2
2026-04-16,000001,13:01:54,11.0800,20,2
2026-04-16,000001,13:01:57,11.0900,1,1
2026-04-16,000001,13:02:00,11.0800,17,2
2026-04-16,000001,13:02:03,11.0800,45,2
2026-04-16,000001,13:02:06,11.0800,32,2
2026-04-16,000001,13:02:09,11.0900,18,1
2026-04-16,000001,13:02:12,11.0800,31,2
2026-04-16,000001,13:02:15,11.0800,29,2
2026-04-16,000001,13:02:21,11.0800,104,2
2026-04-16,000001,13:02:24,11.0900,20,1
2026-04-16,000001,13:02:27,11.0900,24,1
2026-04-16,000001,13:02:30,11.0900,137,1
2026-04-16,000001,13:02:33,11.0800,34,2
2026-04-16,000001,13:02:36,11.0900,157,1
2026-04-16,000001,13:02:39,11.0800,11,2
2026-04-16,000001,13:02:42,11.0800,6,2
2026-04-16,000001,13:02:48,11.0900,2,1
2026-04-16,000001,13:02:51,11.0800,15,2
2026-04-16,000001,13:02:54,11.0900,17,1
2026-04-16,000001,13:02:57,11.0900,74,1
2026-04-16,000001,13:03:00,11.0900,193,1
2026-04-16,000001,13:03:03,11.0900,313,1
2026-04-16,000001,13:03:06,11.0900,66,1
2026-04-16,000001,13:03:09,11.0900,100,1
2026-04-16,000001,13:03:12,11.0900,92,1
2026-04-16,000001,13:03:15,11.0900,8,1
2026-04-16,000001,13:03:18,11.0900,12,1
2026-04-16,000001,13:03:21,11.0900,41,1
2026-04-16,000001,13:03:24,11.0900,6,1
2026-04-16,000001,13:03:27,11.0900,26,1
2026-04-16,000001,13:03:30,11.0900,55,1
2026-04-16,000001,13:03:33,11.0900,378,1
2026-04-16,000001,13:03:36,11.0900,86,1
2026-04-16,000001,13:03:39,11.0900,44,1
2026-04-16,000001,13:03:42,11.0900,15,1
2026-04-16,000001,13:03:45,11.0800,2,2
2026-04-16,000001,13:03:48,11.0900,323,1
2026-04-16,000001,13:03:51,11.0800,217,2
2026-04-16,000001,13:03:54,11.0800,79,2
2026-04-16,000001,13:03:57,11.0800,14,2
2026-04-16,000001,13:04:00,11.0800,21,2
2026-04-16,000001,13:04:03,11.0800,13,2
2026-04-16,000001,13:04:06,11.0800,23,2
2026-04-16,000001,13:04:09,11.0800,22,2
2026-04-16,000001,13:04:12,11.0800,30,2
2026-04-16,000001,13:04:15,11.0800,47,2
2026-04-16,000001,13:04:18,11.0900,170,1
2026-04-16,000001,13:04:21,11.0900,51,1
2026-04-16,000001,13:04:24,11.0900,20,1
2026-04-16,000001,13:04:27,11.0900,170,1
2026-04-16,000001,13:04:30,11.0900,82,1
2026-04-16,000001,13:04:33,11.0900,14,1
2026-04-16,000001,13:04:36,11.0800,19,2
2026-04-16,000001,13:04:39,11.0900,183,1
2026-04-16,000001,13:04:42,11.0900,171,1
2026-04-16,000001,13:04:45,11.0900,18,1
2026-04-16,000001,13:04:48,11.0900,344,1
2026-04-16,000001,13:04:51,11.0900,247,1
2026-04-16,000001,13:04:57,11.0900,7,1
2026-04-16,000001,13:05:00,11.0900,60,1
2026-04-16,000001,13:05:03,11.0900,20,1
2026-04-16,000001,13:05:06,11.0800,46,2
2026-04-16,000001,13:05:09,11.0800,47,2
2026-04-16,000001,13:05:15,11.0900,202,1
2026-04-16,000001,13:05:18,11.0900,209,2
2026-04-16,000001,13:05:21,11.0800,38,2
2026-04-16,000001,13:05:24,11.0800,22,2
2026-04-16,000001,13:05:27,11.0900,2,1
2026-04-16,000001,13:05:30,11.0900,37,1
2026-04-16,000001,13:05:33,11.0900,170,1
2026-04-16,000001,13:05:36,11.0900,26,1
2026-04-16,000001,13:05:39,11.0900,30,1
2026-04-16,000001,13:05:42,11.0900,77,1
2026-04-16,000001,13:05:45,11.0900,64,1
2026-04-16,000001,13:05:48,11.0900,30,1
2026-04-16,000001,13:05:51,11.0900,1,1
2026-04-16,000001,13:05:54,11.0900,136,1
2026-04-16,000001,13:05:57,11.0900,44,2
2026-04-16,000001,13:06:00,11.0900,21,2
2026-04-16,000001,13:06:03,11.0900,16,2
2026-04-16,000001,13:06:06,11.0900,61,2
2026-04-16,000001,13:06:09,11.0900,624,2
2026-04-16,000001,13:06:12,11.0900,10,1
2026-04-16,000001,13:06:15,11.0900,29,1
2026-04-16,000001,13:06:18,11.0900,90,1
2026-04-16,000001,13:06:21,11.0900,5,1
2026-04-16,000001,13:06:27,11.0900,2,1
2026-04-16,000001,13:06:33,11.0900,55,1
2026-04-16,000001,13:06:36,11.0800,54,2
2026-04-16,000001,13:06:39,11.0900,25,1
2026-04-16,000001,13:06:42,11.0900,207,1
2026-04-16,000001,13:06:45,11.0900,182,1
2026-04-16,000001,13:06:48,11.0900,51,1
2026-04-16,000001,13:06:51,11.0900,54,1
2026-04-16,000001,13:06:54,11.0800,182,2
2026-04-16,000001,13:06:57,11.0900,45,1
2026-04-16,000001,13:07:00,11.0900,56,2
2026-04-16,000001,13:07:03,11.1000,128,1
2026-04-16,000001,13:07:06,11.0900,4,1
2026-04-16,000001,13:07:09,11.0900,95,1
2026-04-16,000001,13:07:12,11.0900,337,2
2026-04-16,000001,13:07:15,11.0900,29,2
2026-04-16,000001,13:07:18,11.0900,91,1
2026-04-16,000001,13:07:21,11.0900,255,2
2026-04-16,000001,13:07:27,11.0900,48,2
2026-04-16,000001,13:07:30,11.0900,558,2
2026-04-16,000001,13:07:33,11.0900,50,2
2026-04-16,000001,13:07:36,11.0800,4,2
2026-04-16,000001,13:07:39,11.0900,20,1
2026-04-16,000001,13:07:42,11.0900,7,1
2026-04-16,000001,13:07:45,11.0900,6,1
2026-04-16,000001,13:07:48,11.0900,28,1
2026-04-16,000001,13:07:51,11.0800,460,2
2026-04-16,000001,13:07:54,11.0900,75,1
2026-04-16,000001,13:07:57,11.0900,8,1
2026-04-16,000001,13:08:00,11.0900,1,1
2026-04-16,000001,13:08:03,11.0800,37,2
2026-04-16,000001,13:08:06,11.0900,121,1
2026-04-16,000001,13:08:09,11.0800,93,2
2026-04-16,000001,13:08:12,11.0800,46,2
2026-04-16,000001,13:08:15,11.0900,151,1
2026-04-16,000001,13:08:18,11.0900,62,1
2026-04-16,000001,13:08:24,11.0800,1,2
2026-04-16,000001,13:08:27,11.0900,35,1
2026-04-16,000001,13:08:33,11.0900,59,1
2026-04-16,000001,13:08:36,11.0800,18,2
2026-04-16,000001,13:08:39,11.0900,22,1
2026-04-16,000001,13:08:45,11.0800,33,2
2026-04-16,000001,13:08:48,11.0900,47,1
2026-04-16,000001,13:08:54,11.0900,591,1
2026-04-16,000001,13:08:57,11.0900,360,1
2026-04-16,000001,13:09:00,11.0900,5,4
2026-04-16,000001,13:09:03,11.0900,2,4
2026-04-16,000001,13:09:06,11.1000,5,1
2026-04-16,000001,13:09:09,11.1000,9,1
2026-04-16,000001,13:09:12,11.0900,257,2
2026-04-16,000001,13:09:15,11.0800,80,2
2026-04-16,000001,13:09:18,11.0800,26,2
2026-04-16,000001,13:09:21,11.0900,19,1
2026-04-16,000001,13:09:24,11.0900,6,1
2026-04-16,000001,13:09:27,11.0900,63,1
2026-04-16,000001,13:09:30,11.0900,15,1
2026-04-16,000001,13:09:33,11.0800,54,2
2026-04-16,000001,13:09:36,11.0800,32,2
2026-04-16,000001,13:09:39,11.0800,29,2
2026-04-16,000001,13:09:42,11.0800,15,2
2026-04-16,000001,13:09:45,11.0900,8,1
2026-04-16,000001,13:09:48,11.0900,197,1
2026-04-16,000001,13:09:51,11.0900,47,1
2026-04-16,000001,13:09:54,11.0900,12,1
2026-04-16,000001,13:10:00,11.0900,2,1
2026-04-16,000001,13:10:03,11.0900,5,1
2026-04-16,000001,13:10:06,11.0800,257,2
2026-04-16,000001,13:10:09,11.0800,48,2
2026-04-16,000001,13:10:12,11.0800,37,2
2026-04-16,000001,13:10:18,11.0900,675,1
2026-04-16,000001,13:10:21,11.0900,1,1
2026-04-16,000001,13:10:24,11.0900,10,1
2026-04-16,000001,13:10:27,11.0800,72,2
2026-04-16,000001,13:10:30,11.0900,20,1
2026-04-16,000001,13:10:33,11.0900,113,1
2026-04-16,000001,13:10:36,11.0800,4,2
2026-04-16,000001,13:10:42,11.0800,35,2
2026-04-16,000001,13:10:45,11.0800,19,2
2026-04-16,000001,13:10:48,11.0900,20,1
2026-04-16,000001,13:10:51,11.0900,9,1
2026-04-16,000001,13:10:54,11.0900,5,1
2026-04-16,000001,13:10:57,11.0800,167,2
2026-04-16,000001,13:11:00,11.0900,15,1
2026-04-16,000001,13:11:03,11.0900,36,1
2026-04-16,000001,13:11:06,11.0900,86,1
2026-04-16,000001,13:11:09,11.0900,71,1
2026-04-16,000001,13:11:12,11.0900,11,1
2026-04-16,000001,13:11:15,11.0800,167,2
2026-04-16,000001,13:11:18,11.0800,148,2
2026-04-16,000001,13:11:21,11.0900,3,1
2026-04-16,000001,13:11:24,11.0900,13,1
2026-04-16,000001,13:11:27,11.0900,20,1
2026-04-16,000001,13:11:30,11.0900,2,1
2026-04-16,000001,13:11:36,11.0900,4,1
2026-04-16,000001,13:11:39,11.0800,89,2
2026-04-16,000001,13:11:42,11.0900,130,1
2026-04-16,000001,13:11:45,11.0900,64,1
2026-04-16,000001,13:11:48,11.0800,21,2
2026-04-16,000001,13:11:51,11.0900,110,1
2026-04-16,000001,13:11:57,11.0800,98,2
2026-04-16,000001,13:12:00,11.0900,8,1
2026-04-16,000001,13:12:03,11.0800,26,2
2026-04-16,000001,13:12:06,11.0900,225,1
2026-04-16,000001,13:12:09,11.0900,88,1
2026-04-16,000001,13:12:12,11.0800,102,2
2026-04-16,000001,13:12:15,11.0900,46,1
2026-04-16,000001,13:12:18,11.0900,22,1
2026-04-16,000001,13:12:21,11.0900,93,1
2026-04-16,000001,13:12:24,11.0900,46,1
2026-04-16,000001,13:12:30,11.0800,464,2
2026-04-16,000001,13:12:33,11.0900,21,1
2026-04-16,000001,13:12:36,11.0800,4,2
2026-04-16,000001,13:12:42,11.0900,40,1
2026-04-16,000001,13:12:45,11.0900,10,1
2026-04-16,000001,13:12:48,11.0900,10,1
2026-04-16,000001,13:12:51,11.0900,9,1
2026-04-16,000001,13:12:57,11.0800,4,2
2026-04-16,000001,13:13:00,11.0800,497,2
2026-04-16,000001,13:13:03,11.0900,32,1
2026-04-16,000001,13:13:06,11.0800,4,2
2026-04-16,000001,13:13:15,11.0800,88,2
2026-04-16,000001,13:13:18,11.0800,36,2
2026-04-16,000001,13:13:21,11.0900,1,1
2026-04-16,000001,13:13:30,11.0800,1110,2
2026-04-16,000001,13:13:33,11.0900,92,1
2026-04-16,000001,13:13:36,11.0800,16,2
2026-04-16,000001,13:13:39,11.0800,48,2
2026-04-16,000001,13:13:42,11.0900,141,1
2026-04-16,000001,13:13:45,11.0900,27,1
2026-04-16,000001,13:13:48,11.0800,11,2
2026-04-16,000001,13:13:51,11.0800,2,2
2026-04-16,000001,13:13:54,11.0900,9,1
2026-04-16,000001,13:13:57,11.0900,111,1
2026-04-16,000001,13:14:00,11.0900,35,1
2026-04-16,000001,13:14:03,11.0900,22,1
2026-04-16,000001,13:14:06,11.0900,41,1
2026-04-16,000001,13:14:09,11.0900,105,1
2026-04-16,000001,13:14:12,11.0900,21,1
2026-04-16,000001,13:14:15,11.0900,93,1
2026-04-16,000001,13:14:18,11.0900,319,2
2026-04-16,000001,13:14:21,11.0900,97,2
2026-04-16,000001,13:14:24,11.0900,29,1
2026-04-16,000001,13:14:27,11.0900,101,1
2026-04-16,000001,13:14:33,11.0900,35,1
2026-04-16,000001,13:14:36,11.0900,48,1
2026-04-16,000001,13:14:39,11.0900,115,2
2026-04-16,000001,13:14:42,11.0900,8,2
2026-04-16,000001,13:14:48,11.0900,4,2
2026-04-16,000001,13:14:51,11.1000,25,1
2026-04-16,000001,13:14:54,11.1000,2,1
2026-04-16,000001,13:14:57,11.0900,16,2
2026-04-16,000001,13:15:09,11.0900,18,2
2026-04-16,000001,13:15:12,11.1000,1023,1
2026-04-16,000001,13:15:15,11.1000,2,1
2026-04-16,000001,13:15:21,11.1000,2,1
2026-04-16,000001,13:15:27,11.0900,14,2
2026-04-16,000001,13:15:30,11.1000,10,1
2026-04-16,000001,13:15:33,11.1000,6,1
2026-04-16,000001,13:15:36,11.0900,13,2
2026-04-16,000001,13:15:42,11.0900,41,2
2026-04-16,000001,13:15:51,11.0900,14,2
2026-04-16,000001,13:15:57,11.0900,59,2
2026-04-16,000001,13:16:00,11.0900,12,2
2026-04-16,000001,13:16:03,11.1000,52,1
2026-04-16,000001,13:16:09,11.1000,3,1
2026-04-16,000001,13:16:12,11.0900,1561,2
2026-04-16,000001,13:16:15,11.0900,84,2
2026-04-16,000001,13:16:18,11.0900,141,2
2026-04-16,000001,13:16:21,11.0900,41,2
2026-04-16,000001,13:16:24,11.0900,94,2
2026-04-16,000001,13:16:27,11.0900,79,1
2026-04-16,000001,13:16:30,11.0900,113,1
2026-04-16,000001,13:16:33,11.0900,48,1
2026-04-16,000001,13:16:39,11.0900,423,1
2026-04-16,000001,13:16:45,11.0900,42,2
2026-04-16,000001,13:16:54,11.0900,53,2
2026-04-16,000001,13:17:00,11.1000,100,1
2026-04-16,000001,13:17:03,11.0900,3,2
2026-04-16,000001,13:17:09,11.0900,51,2
2026-04-16,000001,13:17:18,11.0900,5,2
2026-04-16,000001,13:17:21,11.1000,23,1
2026-04-16,000001,13:17:24,11.0900,19,2
2026-04-16,000001,13:17:30,11.0900,32,2
2026-04-16,000001,13:17:36,11.0900,5,2
2026-04-16,000001,13:17:39,11.0900,1,2
2026-04-16,000001,13:17:42,11.0900,122,2
2026-04-16,000001,13:17:48,11.0900,1,2
2026-04-16,000001,13:17:51,11.1000,30,1
2026-04-16,000001,13:17:54,11.0900,13,2
2026-04-16,000001,13:17:57,11.1000,10,1
2026-04-16,000001,13:18:00,11.0900,22,2
2026-04-16,000001,13:18:03,11.0900,20,2
2026-04-16,000001,13:18:06,11.1000,6,1
2026-04-16,000001,13:18:09,11.0900,27,2
2026-04-16,000001,13:18:12,11.1000,1,1
2026-04-16,000001,13:18:18,11.0900,25,2
2026-04-16,000001,13:18:21,11.0900,12,2
2026-04-16,000001,13:18:24,11.0900,15,2
2026-04-16,000001,13:18:27,11.0900,10,2
2026-04-16,000001,13:18:30,11.0900,146,2
2026-04-16,000001,13:18:33,11.1000,12,1
2026-04-16,000001,13:18:36,11.1000,39,1
2026-04-16,000001,13:18:42,11.1000,1,1
2026-04-16,000001,13:18:45,11.1000,111,1
2026-04-16,000001,13:18:48,11.1000,84,1
2026-04-16,000001,13:18:51,11.1000,18,1
2026-04-16,000001,13:19:00,11.1000,13,1
2026-04-16,000001,13:19:03,11.1000,1,1
2026-04-16,000001,13:19:06,11.1000,4,1
2026-04-16,000001,13:19:09,11.0900,20,2
2026-04-16,000001,13:19:12,11.1000,9,1
2026-04-16,000001,13:19:15,11.1000,5,1
2026-04-16,000001,13:19:21,11.0900,17,2
2026-04-16,000001,13:19:27,11.1000,64,1
2026-04-16,000001,13:19:30,11.0900,22,2
2026-04-16,000001,13:19:33,11.0900,64,2
2026-04-16,000001,13:19:36,11.0900,60,2
2026-04-16,000001,13:19:39,11.0900,26,2
2026-04-16,000001,13:19:42,11.0900,2,2
2026-04-16,000001,13:19:54,11.0900,30,2
2026-04-16,000001,13:19:57,11.1000,145,1
2026-04-16,000001,13:20:00,11.0900,59,2
2026-04-16,000001,13:20:06,11.1000,4,1
2026-04-16,000001,13:20:15,11.1000,1,1
2026-04-16,000001,13:20:21,11.1000,2,1
2026-04-16,000001,13:20:27,11.0900,41,2
2026-04-16,000001,13:20:30,11.1000,21,1
2026-04-16,000001,13:20:33,11.1000,12,1
2026-04-16,000001,13:20:36,11.1000,49,1
2026-04-16,000001,13:20:42,11.1000,21,1
2026-04-16,000001,13:20:45,11.1000,61,1
2026-04-16,000001,13:20:48,11.1000,10,1
2026-04-16,000001,13:20:51,11.0900,6,2
2026-04-16,000001,13:20:57,11.0900,40,2
2026-04-16,000001,13:21:03,11.0900,2,2
2026-04-16,000001,13:21:09,11.0900,13,2
2026-04-16,000001,13:21:15,11.1000,2,1
2026-04-16,000001,13:21:18,11.0900,28,2
2026-04-16,000001,13:21:24,11.1000,6,1
2026-04-16,000001,13:21:27,11.0900,64,2
2026-04-16,000001,13:21:30,11.0900,461,2
2026-04-16,000001,13:21:33,11.1000,21,1
2026-04-16,000001,13:21:36,11.0900,2,2
2026-04-16,000001,13:21:39,11.1000,106,1
2026-04-16,000001,13:21:48,11.1000,5,1
2026-04-16,000001,13:22:00,11.1000,29,1
2026-04-16,000001,13:22:03,11.1000,102,1
2026-04-16,000001,13:22:09,11.1000,15,1
2026-04-16,000001,13:22:12,11.0900,13,2
2026-04-16,000001,13:22:15,11.1000,13,1
2026-04-16,000001,13:22:24,11.1000,6,1
2026-04-16,000001,13:22:30,11.1000,10,1
2026-04-16,000001,13:22:33,11.1000,11,1
2026-04-16,000001,13:22:36,11.1000,837,1
2026-04-16,000001,13:22:39,11.1000,77,1
2026-04-16,000001,13:22:42,11.0900,6,2
2026-04-16,000001,13:22:54,11.1000,13,1
2026-04-16,000001,13:22:57,11.1000,52,1
2026-04-16,000001,13:23:06,11.0900,13,2
2026-04-16,000001,13:23:09,11.0900,1,2
2026-04-16,000001,13:23:12,11.1000,10,1
2026-04-16,000001,13:23:15,11.0900,5,2
2026-04-16,000001,13:23:18,11.1000,13,1
2026-04-16,000001,13:23:21,11.1000,10,1
2026-04-16,000001,13:23:27,11.1000,41,1
2026-04-16,000001,13:23:30,11.1000,48,1
2026-04-16,000001,13:23:33,11.1000,20,1
2026-04-16,000001,13:23:39,11.1000,32,1
2026-04-16,000001,13:23:42,11.0900,9,2
2026-04-16,000001,13:23:45,11.1000,45,1
2026-04-16,000001,13:23:48,11.1000,20,1
2026-04-16,000001,13:23:54,11.0900,18,2
2026-04-16,000001,13:23:57,11.0900,111,2
2026-04-16,000001,13:24:03,11.1000,10,1
2026-04-16,000001,13:24:06,11.0900,85,2
2026-04-16,000001,13:24:12,11.0900,11,2
2026-04-16,000001,13:24:15,11.0900,22,2
2026-04-16,000001,13:24:18,11.0900,10,2
2026-04-16,000001,13:24:27,11.0900,13,2
2026-04-16,000001,13:24:30,11.1000,100,1
2026-04-16,000001,13:24:42,11.1000,1,1
2026-04-16,000001,13:24:45,11.1000,38,1
2026-04-16,000001,13:24:48,11.0900,7,2
2026-04-16,000001,13:24:51,11.0900,7,2
2026-04-16,000001,13:24:54,11.1000,16,1
2026-04-16,000001,13:24:57,11.1000,133,1
2026-04-16,000001,13:25:00,11.0900,1,2
2026-04-16,000001,13:25:06,11.1000,1,1
2026-04-16,000001,13:25:09,11.0900,1,2
2026-04-16,000001,13:25:12,11.0900,50,2
2026-04-16,000001,13:25:18,11.1000,1,1
2026-04-16,000001,13:25:21,11.0900,10,2
2026-04-16,000001,13:25:27,11.1000,2,1
2026-04-16,000001,13:25:33,11.1000,143,1
2026-04-16,000001,13:25:39,11.1000,23,1
2026-04-16,000001,13:25:42,11.1000,7,1
2026-04-16,000001,13:25:48,11.0900,909,2
2026-04-16,000001,13:25:51,11.0900,224,2
2026-04-16,000001,13:25:54,11.1000,40,1
2026-04-16,000001,13:25:57,11.1000,122,1
2026-04-16,000001,13:26:00,11.1000,52,1
2026-04-16,000001,13:26:03,11.1000,143,1
2026-04-16,000001,13:26:06,11.1000,78,1
2026-04-16,000001,13:26:09,11.1000,5,1
2026-04-16,000001,13:26:12,11.1000,5,1
2026-04-16,000001,13:26:15,11.0900,15,2
2026-04-16,000001,13:26:18,11.1000,108,1
2026-04-16,000001,13:26:21,11.1000,20,1
2026-04-16,000001,13:26:24,11.0900,10,2
2026-04-16,000001,13:26:27,11.0900,10,2
2026-04-16,000001,13:26:33,11.1000,13,1
2026-04-16,000001,13:26:36,11.1000,157,1
2026-04-16,000001,13:26:39,11.0900,50,2
2026-04-16,000001,13:26:42,11.0900,17,2
2026-04-16,000001,13:26:45,11.1000,6,1
2026-04-16,000001,13:26:48,11.1000,11,1
2026-04-16,000001,13:27:03,11.1000,89,1
2026-04-16,000001,13:27:09,11.0900,5,2
2026-04-16,000001,13:27:12,11.0900,18,2
2026-04-16,000001,13:27:15,11.0900,15,2
2026-04-16,000001,13:27:18,11.0900,8,2
2026-04-16,000001,13:27:21,11.0900,24,2
2026-04-16,000001,13:27:24,11.0900,7,2
2026-04-16,000001,13:27:27,11.0900,11,2
2026-04-16,000001,13:27:30,11.0900,437,2
2026-04-16,000001,13:27:33,11.0900,66,2
2026-04-16,000001,13:27:36,11.0900,26,2
2026-04-16,000001,13:27:39,11.1000,14,1
2026-04-16,000001,13:27:42,11.0900,20,2
2026-04-16,000001,13:27:45,11.0900,5,2
2026-04-16,000001,13:27:48,11.0900,1,2
2026-04-16,000001,13:27:51,11.1000,4,1
2026-04-16,000001,13:27:54,11.1000,70,1
2026-04-16,000001,13:28:03,11.0900,758,2
2026-04-16,000001,13:28:06,11.0900,146,2
2026-04-16,000001,13:28:09,11.0900,30,2
2026-04-16,000001,13:28:12,11.0900,39,2
2026-04-16,000001,13:28:15,11.1000,30,1
2026-04-16,000001,13:28:18,11.0900,30,2
2026-04-16,000001,13:28:24,11.1000,21,1
2026-04-16,000001,13:28:27,11.1000,31,1
2026-04-16,000001,13:28:33,11.1000,15,1
2026-04-16,000001,13:28:36,11.1000,123,1
2026-04-16,000001,13:28:39,11.0900,91,2
2026-04-16,000001,13:28:42,11.0900,17,2
2026-04-16,000001,13:28:45,11.1000,5,1
2026-04-16,000001,13:28:48,11.1000,6,1
2026-04-16,000001,13:28:51,11.0900,4,2
2026-04-16,000001,13:28:57,11.0900,6,2
2026-04-16,000001,13:29:03,11.0900,1,2
2026-04-16,000001,13:29:06,11.0900,79,2
2026-04-16,000001,13:29:09,11.1000,26,1
2026-04-16,000001,13:29:12,11.1000,66,1
2026-04-16,000001,13:29:15,11.0900,3566,2
2026-04-16,000001,13:29:18,11.1000,563,1
2026-04-16,000001,13:29:21,11.0900,19,2
2026-04-16,000001,13:29:24,11.0900,5,2
2026-04-16,000001,13:29:27,11.0900,199,2
2026-04-16,000001,13:29:30,11.0900,27,2
2026-04-16,000001,13:29:33,11.1000,37,1
2026-04-16,000001,13:29:36,11.1000,16,1
2026-04-16,000001,13:29:39,11.1000,6,1
2026-04-16,000001,13:29:42,11.1000,76,1
2026-04-16,000001,13:29:45,11.0900,98,2
2026-04-16,000001,13:29:48,11.0900,50,2
2026-04-16,000001,13:29:54,11.0900,2,2
2026-04-16,000001,13:30:00,11.0900,17,2
2026-04-16,000001,13:30:03,11.1000,1,1
2026-04-16,000001,13:30:06,11.0900,66,2
2026-04-16,000001,13:30:09,11.0900,12,2
2026-04-16,000001,13:30:12,11.1000,1,1
2026-04-16,000001,13:30:18,11.1000,12,1
2026-04-16,000001,13:30:21,11.1000,2,1
2026-04-16,000001,13:30:27,11.1000,2,1
2026-04-16,000001,13:30:30,11.1000,50,1
2026-04-16,000001,13:30:33,11.1000,5,1
2026-04-16,000001,13:30:36,11.0900,71,2
2026-04-16,000001,13:30:39,11.1000,43,1
2026-04-16,000001,13:30:42,11.1000,40,1
2026-04-16,000001,13:30:45,11.1000,1,1
2026-04-16,000001,13:30:48,11.0900,65,2
2026-04-16,000001,13:30:54,11.1000,68,1
2026-04-16,000001,13:30:57,11.1000,9,1
2026-04-16,000001,13:31:00,11.1000,1,1
2026-04-16,000001,13:31:06,11.1000,15,1
2026-04-16,000001,13:31:09,11.0900,1,2
2026-04-16,000001,13:31:12,11.1000,2,1
2026-04-16,000001,13:31:15,11.1000,1,1
2026-04-16,000001,13:31:18,11.0900,11,2
2026-04-16,000001,13:31:24,11.1000,32,1
2026-04-16,000001,13:31:30,11.1000,54,1
2026-04-16,000001,13:31:36,11.1000,10,1
2026-04-16,000001,13:31:39,11.1000,1,1
2026-04-16,000001,13:31:45,11.1000,50,1
2026-04-16,000001,13:31:51,11.1000,51,1
2026-04-16,000001,13:31:54,11.1000,8,1
2026-04-16,000001,13:31:57,11.0900,6,2
2026-04-16,000001,13:32:00,11.1000,2,1
2026-04-16,000001,13:32:03,11.1000,40,1
2026-04-16,000001,13:32:06,11.1000,53,1
2026-04-16,000001,13:32:12,11.0900,14,2
2026-04-16,000001,13:32:15,11.1000,5,1
2026-04-16,000001,13:32:18,11.0900,31,2
2026-04-16,000001,13:32:21,11.0900,112,2
2026-04-16,000001,13:32:24,11.1000,70,1
2026-04-16,000001,13:32:27,11.0900,13,2
2026-04-16,000001,13:32:30,11.0900,16,2
2026-04-16,000001,13:32:39,11.0900,22,2
2026-04-16,000001,13:32:45,11.0900,5,2
2026-04-16,000001,13:32:51,11.0900,122,2
2026-04-16,000001,13:32:54,11.1000,3,1
2026-04-16,000001,13:32:57,11.0900,279,2
2026-04-16,000001,13:33:00,11.1000,8,1
2026-04-16,000001,13:33:03,11.0900,172,2
2026-04-16,000001,13:33:06,11.0900,19,2
2026-04-16,000001,13:33:15,11.1000,2,1
2026-04-16,000001,13:33:18,11.0900,33,2
2026-04-16,000001,13:33:30,11.1000,40,1
2026-04-16,000001,13:33:33,11.1000,41,1
2026-04-16,000001,13:33:39,11.1000,32,1
2026-04-16,000001,13:33:45,11.1000,6,1
2026-04-16,000001,13:33:48,11.1000,18,1
2026-04-16,000001,13:33:51,11.0900,80,2
2026-04-16,000001,13:34:00,11.0900,5,2
2026-04-16,000001,13:34:03,11.0900,74,2
2026-04-16,000001,13:34:06,11.1000,36,1
2026-04-16,000001,13:34:09,11.0900,37,2
2026-04-16,000001,13:34:12,11.0900,12,2
2026-04-16,000001,13:34:15,11.1000,1,1
2026-04-16,000001,13:34:18,11.0900,452,2
2026-04-16,000001,13:34:21,11.0900,702,2
2026-04-16,000001,13:34:27,11.1000,1,1
2026-04-16,000001,13:34:30,11.0900,22,2
2026-04-16,000001,13:34:33,11.1000,1,1
2026-04-16,000001,13:34:36,11.0900,1,2
2026-04-16,000001,13:34:39,11.0900,155,2
2026-04-16,000001,13:34:45,11.0900,3,2
2026-04-16,000001,13:34:54,11.1000,22,1
2026-04-16,000001,13:35:03,11.1000,21,1
2026-04-16,000001,13:35:06,11.0900,22,2
2026-04-16,000001,13:35:15,11.1000,10,1
2026-04-16,000001,13:35:24,11.1000,2,1
2026-04-16,000001,13:35:33,11.1000,48,1
2026-04-16,000001,13:35:42,11.0900,47,2
2026-04-16,000001,13:35:45,11.1000,46,1
2026-04-16,000001,13:35:48,11.0900,29,2
2026-04-16,000001,13:35:54,11.0900,20,2
2026-04-16,000001,13:35:57,11.1000,1,1
2026-04-16,000001,13:36:00,11.1000,505,1
2026-04-16,000001,13:36:03,11.1000,33,1
2026-04-16,000001,13:36:06,11.1000,36,1
2026-04-16,000001,13:36:09,11.1000,46,1
2026-04-16,000001,13:36:12,11.1000,22,1
2026-04-16,000001,13:36:15,11.0900,34,2
2026-04-16,000001,13:36:18,11.0900,46,2
2026-04-16,000001,13:36:21,11.1000,1,1
2026-04-16,000001,13:36:27,11.0900,33,2
2026-04-16,000001,13:36:30,11.1000,1,1
2026-04-16,000001,13:36:33,11.0900,2,2
2026-04-16,000001,13:36:39,11.0900,4,2
2026-04-16,000001,13:36:42,11.0900,63,2
2026-04-16,000001,13:36:45,11.0900,58,2
2026-04-16,000001,13:36:48,11.1000,52,1
2026-04-16,000001,13:36:51,11.1000,2,1
2026-04-16,000001,13:36:54,11.1000,2,1
2026-04-16,000001,13:36:57,11.1000,1,1
2026-04-16,000001,13:37:00,11.1000,54,1
2026-04-16,000001,13:37:03,11.1000,91,1
2026-04-16,000001,13:37:06,11.0900,38,2
2026-04-16,000001,13:37:09,11.1000,90,1
2026-04-16,000001,13:37:12,11.1000,29,1
2026-04-16,000001,13:37:15,11.0900,21,2
2026-04-16,000001,13:37:18,11.1000,32,1
2026-04-16,000001,13:37:27,11.1000,37,1
2026-04-16,000001,13:37:33,11.0900,1,2
2026-04-16,000001,13:37:36,11.1000,7,1
2026-04-16,000001,13:37:39,11.0900,67,2
2026-04-16,000001,13:37:42,11.0900,12,2
2026-04-16,000001,13:37:45,11.0900,14,2
2026-04-16,000001,13:37:48,11.0900,565,2
2026-04-16,000001,13:37:51,11.1000,107,1
2026-04-16,000001,13:37:54,11.0900,1,2
2026-04-16,000001,13:37:57,11.1000,40,1
2026-04-16,000001,13:38:00,11.1000,8,1
2026-04-16,000001,13:38:06,11.1000,86,1
2026-04-16,000001,13:38:09,11.0900,1097,2
2026-04-16,000001,13:38:12,11.1000,294,1
2026-04-16,000001,13:38:15,11.1000,39,1
2026-04-16,000001,13:38:18,11.0900,290,2
2026-04-16,000001,13:38:24,11.0900,39,2
2026-04-16,000001,13:38:27,11.0900,230,2
2026-04-16,000001,13:38:30,11.0900,18,2
2026-04-16,000001,13:38:33,11.0900,54,2
2026-04-16,000001,13:38:36,11.0900,65,2
2026-04-16,000001,13:38:39,11.0900,5,2
2026-04-16,000001,13:38:42,11.1000,71,1
2026-04-16,000001,13:38:45,11.0900,37,2
2026-04-16,000001,13:38:48,11.0900,41,2
2026-04-16,000001,13:38:51,11.1000,40,1
2026-04-16,000001,13:38:54,11.1000,30,1
2026-04-16,000001,13:38:57,11.0900,33,2
2026-04-16,000001,13:39:00,11.1000,59,1
2026-04-16,000001,13:39:03,11.1000,34,1
2026-04-16,000001,13:39:06,11.0900,11,2
2026-04-16,000001,13:39:09,11.1000,49,1
2026-04-16,000001,13:39:12,11.0900,35,2
2026-04-16,000001,13:39:18,11.0900,6,2
2026-04-16,000001,13:39:21,11.0900,1,2
2026-04-16,000001,13:39:24,11.0900,57,2
2026-04-16,000001,13:39:27,11.0900,101,2
2026-04-16,000001,13:39:33,11.0900,2,2
2026-04-16,000001,13:39:36,11.0900,26,2
2026-04-16,000001,13:39:39,11.1000,12,1
2026-04-16,000001,13:39:42,11.1000,132,1
2026-04-16,000001,13:39:45,11.0900,92,2
2026-04-16,000001,13:39:48,11.0900,14,2
2026-04-16,000001,13:39:51,11.1000,10,1
2026-04-16,000001,13:39:57,11.1000,30,1
2026-04-16,000001,13:40:00,11.0900,31,2
2026-04-16,000001,13:40:03,11.0900,88,2
2026-04-16,000001,13:40:06,11.0900,72,2
2026-04-16,000001,13:40:09,11.0900,133,2
2026-04-16,000001,13:40:12,11.1000,97,1
2026-04-16,000001,13:40:15,11.1000,42,1
2026-04-16,000001,13:40:18,11.0900,18,2
2026-04-16,000001,13:40:21,11.1000,2,1
2026-04-16,000001,13:40:24,11.0900,129,2
2026-04-16,000001,13:40:27,11.0900,144,2
2026-04-16,000001,13:40:30,11.0900,58,2
2026-04-16,000001,13:40:36,11.0900,95,2
2026-04-16,000001,13:40:39,11.0900,337,2
2026-04-16,000001,13:40:42,11.0900,126,2
2026-04-16,000001,13:40:45,11.1000,51,1
2026-04-16,000001,13:40:48,11.0900,14,2
2026-04-16,000001,13:40:51,11.0900,52,2
2026-04-16,000001,13:40:54,11.0900,1,2
2026-04-16,000001,13:40:57,11.1000,203,1
2026-04-16,000001,13:41:00,11.1000,10,1
2026-04-16,000001,13:41:03,11.1000,57,1
2026-04-16,000001,13:41:06,11.1000,50,1
2026-04-16,000001,13:41:09,11.1000,1,1
2026-04-16,000001,13:41:12,11.0900,852,2
2026-04-16,000001,13:41:15,11.0900,11,2
2026-04-16,000001,13:41:18,11.0900,21,2
2026-04-16,000001,13:41:21,11.1000,25,1
2026-04-16,000001,13:41:24,11.0900,21,2
2026-04-16,000001,13:41:27,11.0900,58,2
2026-04-16,000001,13:41:30,11.0900,10,2
2026-04-16,000001,13:41:36,11.0900,15,2
2026-04-16,000001,13:41:39,11.1000,10,1
2026-04-16,000001,13:41:42,11.1000,32,1
2026-04-16,000001,13:41:45,11.1000,67,1
2026-04-16,000001,13:41:48,11.0900,7,2
2026-04-16,000001,13:41:51,11.0900,5,2
2026-04-16,000001,13:41:54,11.0900,22,2
2026-04-16,000001,13:41:57,11.1000,40,1
2026-04-16,000001,13:42:03,11.0900,136,2
2026-04-16,000001,13:42:06,11.0900,18,2
2026-04-16,000001,13:42:09,11.1000,1,1
2026-04-16,000001,13:42:12,11.0900,934,2
2026-04-16,000001,13:42:15,11.0900,23,2
2026-04-16,000001,13:42:18,11.0900,4,2
2026-04-16,000001,13:42:21,11.0900,26,2
2026-04-16,000001,13:42:24,11.1000,24,1
2026-04-16,000001,13:42:30,11.0900,41,2
2026-04-16,000001,13:42:33,11.0900,19,2
2026-04-16,000001,13:42:39,11.0900,10,2
2026-04-16,000001,13:42:42,11.1000,34,1
2026-04-16,000001,13:42:45,11.1000,65,1
2026-04-16,000001,13:42:51,11.1000,75,1
2026-04-16,000001,13:42:54,11.1000,36,1
2026-04-16,000001,13:42:57,11.1000,202,1
2026-04-16,000001,13:43:00,11.1000,40,1
2026-04-16,000001,13:43:03,11.1000,30,1
2026-04-16,000001,13:43:06,11.0900,45,2
2026-04-16,000001,13:43:09,11.0900,13,2
2026-04-16,000001,13:43:15,11.0900,32,2
2026-04-16,000001,13:43:21,11.0900,52,2
2026-04-16,000001,13:43:27,11.1000,25,1
2026-04-16,000001,13:43:30,11.1000,201,1
2026-04-16,000001,13:43:36,11.0900,44,2
2026-04-16,000001,13:43:39,11.0900,2,2
2026-04-16,000001,13:43:42,11.0900,2,2
2026-04-16,000001,13:43:45,11.0900,51,2
2026-04-16,000001,13:43:48,11.0900,206,2
2026-04-16,000001,13:43:51,11.1000,27,1
2026-04-16,000001,13:43:54,11.0900,36,2
2026-04-16,000001,13:43:57,11.1000,110,1
2026-04-16,000001,13:44:00,11.1000,89,1
2026-04-16,000001,13:44:03,11.0900,91,2
2026-04-16,000001,13:44:06,11.0900,141,2
2026-04-16,000001,13:44:09,11.1000,138,1
2026-04-16,000001,13:44:12,11.0900,16,2
2026-04-16,000001,13:44:15,11.0900,260,2
2026-04-16,000001,13:44:18,11.0900,12,2
2026-04-16,000001,13:44:21,11.0900,5,2
2026-04-16,000001,13:44:24,11.1000,116,1
2026-04-16,000001,13:44:33,11.1000,7,1
2026-04-16,000001,13:44:36,11.1000,1,1
2026-04-16,000001,13:44:39,11.0900,31,2
2026-04-16,000001,13:44:42,11.1000,40,1
2026-04-16,000001,13:44:45,11.0900,14,2
2026-04-16,000001,13:44:48,11.0900,8,2
2026-04-16,000001,13:44:51,11.0900,1,2
2026-04-16,000001,13:44:54,11.0900,68,2
2026-04-16,000001,13:44:57,11.1000,1,1
2026-04-16,000001,13:45:00,11.0900,16,2
2026-04-16,000001,13:45:03,11.1000,89,1
2026-04-16,000001,13:45:06,11.1000,224,1
2026-04-16,000001,13:45:09,11.1000,18,1
2026-04-16,000001,13:45:12,11.0900,28,2
2026-04-16,000001,13:45:18,11.1000,100,1
2026-04-16,000001,13:45:21,11.1000,1,1
2026-04-16,000001,13:45:24,11.1000,2,1
2026-04-16,000001,13:45:27,11.1000,21,1
2026-04-16,000001,13:45:33,11.1000,26,1
2026-04-16,000001,13:45:36,11.1000,153,1
2026-04-16,000001,13:45:39,11.1000,10,1
2026-04-16,000001,13:45:45,11.1000,10,1
2026-04-16,000001,13:45:48,11.1000,14,1
2026-04-16,000001,13:45:51,11.1000,6,1
2026-04-16,000001,13:45:54,11.0900,5,2
2026-04-16,000001,13:45:57,11.0900,3,2
2026-04-16,000001,13:46:03,11.1000,89,1
2026-04-16,000001,13:46:06,11.0900,22,2
2026-04-16,000001,13:46:09,11.1000,31,1
2026-04-16,000001,13:46:12,11.1000,13,1
2026-04-16,000001,13:46:15,11.1000,5,1
2026-04-16,000001,13:46:18,11.1000,51,1
2026-04-16,000001,13:46:21,11.1000,82,1
2026-04-16,000001,13:46:24,11.1000,106,1
2026-04-16,000001,13:46:27,11.1000,11,1
2026-04-16,000001,13:46:30,11.1000,237,1
2026-04-16,000001,13:46:33,11.1000,56,1
2026-04-16,000001,13:46:39,11.1000,21,1
2026-04-16,000001,13:46:42,11.1000,101,1
2026-04-16,000001,13:46:45,11.1000,196,1
2026-04-16,000001,13:46:48,11.1000,61,1
2026-04-16,000001,13:46:51,11.1000,59,1
2026-04-16,000001,13:46:54,11.1000,51,1
2026-04-16,000001,13:46:57,11.1000,59,4
2026-04-16,000001,13:47:00,11.1000,56,1
2026-04-16,000001,13:47:03,11.1000,120,1
2026-04-16,000001,13:47:09,11.1000,18,1
2026-04-16,000001,13:47:12,11.1000,101,1
2026-04-16,000001,13:47:15,11.1000,2,1
2026-04-16,000001,13:47:18,11.1000,101,1
2026-04-16,000001,13:47:33,11.1000,9,1
2026-04-16,000001,13:47:36,11.1000,429,1
2026-04-16,000001,13:47:39,11.1000,28,1
2026-04-16,000001,13:47:45,11.1000,14,1
2026-04-16,000001,13:47:48,11.1000,8,1
2026-04-16,000001,13:47:51,11.1000,5,1
2026-04-16,000001,13:47:57,11.1000,6,1
2026-04-16,000001,13:48:09,11.1000,2,1
2026-04-16,000001,13:48:15,11.1000,113,1
2026-04-16,000001,13:48:21,11.1000,1,1
2026-04-16,000001,13:48:27,11.1000,15,1
2026-04-16,000001,13:48:33,11.1000,10,1
2026-04-16,000001,13:48:36,11.0900,6,2
2026-04-16,000001,13:48:39,11.1000,1,1
2026-04-16,000001,13:48:45,11.0900,19,2
2026-04-16,000001,13:48:51,11.1000,265,1
2026-04-16,000001,13:48:54,11.0900,2,2
2026-04-16,000001,13:49:00,11.1000,20,1
2026-04-16,000001,13:49:03,11.1000,1,1
2026-04-16,000001,13:49:06,11.1000,22,1
2026-04-16,000001,13:49:09,11.1000,3,1
2026-04-16,000001,13:49:12,11.1000,147,1
2026-04-16,000001,13:49:15,11.0900,240,2
2026-04-16,000001,13:49:18,11.0900,523,2
2026-04-16,000001,13:49:21,11.0900,485,2
2026-04-16,000001,13:49:24,11.1000,1,1
2026-04-16,000001,13:49:27,11.1000,44,1
2026-04-16,000001,13:49:30,11.1000,39,1
2026-04-16,000001,13:49:39,11.1000,4,1
2026-04-16,000001,13:49:54,11.0900,1,2
2026-04-16,000001,13:49:57,11.1000,183,1
2026-04-16,000001,13:50:00,11.0900,15,2
2026-04-16,000001,13:50:03,11.1000,11,1
2026-04-16,000001,13:50:06,11.0900,10,2
2026-04-16,000001,13:50:09,11.0900,510,2
2026-04-16,000001,13:50:21,11.1000,30,1
2026-04-16,000001,13:50:24,11.1000,40,1
2026-04-16,000001,13:50:27,11.0900,42,2
2026-04-16,000001,13:50:30,11.1000,5,1
2026-04-16,000001,13:50:39,11.1000,9,1
2026-04-16,000001,13:50:42,11.0900,12,2
2026-04-16,000001,13:50:45,11.0900,1,2
2026-04-16,000001,13:50:48,11.1000,8,1
2026-04-16,000001,13:50:54,11.1000,155,1
2026-04-16,000001,13:50:57,11.0900,10,2
2026-04-16,000001,13:51:03,11.1000,21,1
2026-04-16,000001,13:51:06,11.0900,5,2
2026-04-16,000001,13:51:18,11.1000,10,1
2026-04-16,000001,13:51:24,11.0900,1,2
2026-04-16,000001,13:51:27,11.0900,41,2
2026-04-16,000001,13:51:30,11.0900,1,2
2026-04-16,000001,13:51:33,11.0900,50,2
2026-04-16,000001,13:51:36,11.1000,13,1
2026-04-16,000001,13:51:42,11.1000,2,1
2026-04-16,000001,13:51:45,11.0900,72,2
2026-04-16,000001,13:51:57,11.1000,211,1
2026-04-16,000001,13:52:00,11.0900,13,2
2026-04-16,000001,13:52:06,11.1000,1,1
2026-04-16,000001,13:52:09,11.0900,8,2
2026-04-16,000001,13:52:12,11.1000,97,1
2026-04-16,000001,13:52:15,11.0900,80,2
2026-04-16,000001,13:52:18,11.1000,10,1
2026-04-16,000001,13:52:21,11.1000,78,1
2026-04-16,000001,13:52:24,11.1000,501,1
2026-04-16,000001,13:52:27,11.1000,109,1
2026-04-16,000001,13:52:30,11.1000,144,1
2026-04-16,000001,13:52:33,11.1000,169,1
2026-04-16,000001,13:52:36,11.1000,110,1
2026-04-16,000001,13:52:39,11.1000,35,1
2026-04-16,000001,13:52:42,11.1000,98,1
2026-04-16,000001,13:52:45,11.1000,13,1
2026-04-16,000001,13:52:51,11.0900,60,2
2026-04-16,000001,13:52:54,11.0900,25,2
2026-04-16,000001,13:52:57,11.1000,61,1
2026-04-16,000001,13:53:00,11.1000,18,1
2026-04-16,000001,13:53:03,11.1000,3,1
2026-04-16,000001,13:53:06,11.1000,1,1
2026-04-16,000001,13:53:09,11.1000,31,1
2026-04-16,000001,13:53:12,11.1000,2,1
2026-04-16,000001,13:53:15,11.1000,1,1
2026-04-16,000001,13:53:18,11.1000,185,1
2026-04-16,000001,13:53:21,11.1000,6,1
2026-04-16,000001,13:53:24,11.1000,105,1
2026-04-16,000001,13:53:27,11.1000,50,1
2026-04-16,000001,13:53:30,11.1000,184,1
2026-04-16,000001,13:53:33,11.1000,94,1
2026-04-16,000001,13:53:36,11.1000,21,1
2026-04-16,000001,13:53:39,11.1100,156,1
2026-04-16,000001,13:53:42,11.1000,33,2
2026-04-16,000001,13:53:45,11.1100,206,1
2026-04-16,000001,13:53:51,11.1100,4,1
2026-04-16,000001,13:53:57,11.1100,6,1
2026-04-16,000001,13:54:00,11.1100,20,1
2026-04-16,000001,13:54:06,11.1100,297,1
2026-04-16,000001,13:54:12,11.1000,2,2
2026-04-16,000001,13:54:15,11.1100,3,1
2026-04-16,000001,13:54:18,11.1000,49,2
2026-04-16,000001,13:54:21,11.1000,124,2
2026-04-16,000001,13:54:24,11.1000,446,2
2026-04-16,000001,13:54:27,11.0900,10,2
2026-04-16,000001,13:54:30,11.1000,144,1
2026-04-16,000001,13:54:33,11.0900,64,2
2026-04-16,000001,13:54:36,11.1000,39,1
2026-04-16,000001,13:54:39,11.1000,118,1
2026-04-16,000001,13:54:42,11.1000,51,1
2026-04-16,000001,13:54:45,11.1000,19,1
2026-04-16,000001,13:54:48,11.1000,2,1
2026-04-16,000001,13:54:51,11.1000,59,1
2026-04-16,000001,13:54:54,11.1000,46,1
2026-04-16,000001,13:54:57,11.1000,54,1
2026-04-16,000001,13:55:00,11.1000,11,4
2026-04-16,000001,13:55:03,11.1000,36,1
2026-04-16,000001,13:55:06,11.1000,5,1
2026-04-16,000001,13:55:12,11.1000,32,1
2026-04-16,000001,13:55:15,11.1000,34,1
2026-04-16,000001,13:55:18,11.1000,179,1
2026-04-16,000001,13:55:21,11.0900,110,2
2026-04-16,000001,13:55:24,11.1000,14,1
2026-04-16,000001,13:55:30,11.1000,8,1
2026-04-16,000001,13:55:33,11.1000,87,1
2026-04-16,000001,13:55:36,11.1000,3,1
2026-04-16,000001,13:55:39,11.1000,95,1
2026-04-16,000001,13:55:42,11.1000,86,1
2026-04-16,000001,13:55:48,11.1000,42,1
2026-04-16,000001,13:55:51,11.1000,5,1
2026-04-16,000001,13:55:54,11.1000,13,1
2026-04-16,000001,13:56:03,11.1000,110,1
2026-04-16,000001,13:56:06,11.1000,80,1
2026-04-16,000001,13:56:09,11.1000,2,1
2026-04-16,000001,13:56:15,11.1000,220,1
2026-04-16,000001,13:56:18,11.1000,185,1
2026-04-16,000001,13:56:21,11.1000,238,4
2026-04-16,000001,13:56:24,11.1000,4,1
2026-04-16,000001,13:56:27,11.1000,48,1
2026-04-16,000001,13:56:30,11.1000,63,2
2026-04-16,000001,13:56:33,11.1000,40,1
2026-04-16,000001,13:56:36,11.1000,50,1
2026-04-16,000001,13:56:39,11.1000,62,1
2026-04-16,000001,13:56:42,11.1000,49,1
2026-04-16,000001,13:56:45,11.1000,12,2
2026-04-16,000001,13:56:51,11.1000,64,1
2026-04-16,000001,13:56:54,11.1000,34,1
2026-04-16,000001,13:56:57,11.1100,7,1
2026-04-16,000001,13:57:00,11.1000,36,2
2026-04-16,000001,13:57:03,11.1000,132,1
2026-04-16,000001,13:57:06,11.1000,259,1
2026-04-16,000001,13:57:09,11.0900,39,2
2026-04-16,000001,13:57:15,11.1000,1,1
2026-04-16,000001,13:57:18,11.1000,114,1
2026-04-16,000001,13:57:21,11.1000,363,1
2026-04-16,000001,13:57:24,11.1000,259,1
2026-04-16,000001,13:57:27,11.1000,75,1
2026-04-16,000001,13:57:30,11.1100,227,1
2026-04-16,000001,13:57:33,11.1000,24,2
2026-04-16,000001,13:57:36,11.1100,73,1
2026-04-16,000001,13:57:39,11.1100,115,1
2026-04-16,000001,13:57:42,11.1100,112,1
2026-04-16,000001,13:57:45,11.1000,22,4
2026-04-16,000001,13:57:48,11.1100,98,1
2026-04-16,000001,13:57:51,11.1100,67,1
2026-04-16,000001,13:57:54,11.1000,31,2
2026-04-16,000001,13:57:57,11.1000,41,2
2026-04-16,000001,13:58:00,11.0900,32,2
2026-04-16,000001,13:58:03,11.1000,62,2
2026-04-16,000001,13:58:06,11.1000,59,2
2026-04-16,000001,13:58:09,11.1100,4,1
2026-04-16,000001,13:58:12,11.1000,561,2
2026-04-16,000001,13:58:15,11.1000,27,1
2026-04-16,000001,13:58:18,11.1100,104,1
2026-04-16,000001,13:58:21,11.1000,25,2
2026-04-16,000001,13:58:24,11.1000,2,2
2026-04-16,000001,13:58:27,11.1000,67,2
2026-04-16,000001,13:58:30,11.1000,158,2
2026-04-16,000001,13:58:33,11.1000,36,1
2026-04-16,000001,13:58:36,11.1000,82,1
2026-04-16,000001,13:58:39,11.1100,82,1
2026-04-16,000001,13:58:42,11.1100,153,1
2026-04-16,000001,13:58:45,11.1100,25,1
2026-04-16,000001,13:58:48,11.1000,76,2
2026-04-16,000001,13:58:51,11.1000,49,1
2026-04-16,000001,13:58:54,11.1000,57,1
2026-04-16,000001,13:58:57,11.1000,57,1
2026-04-16,000001,13:59:00,11.0900,5,2
2026-04-16,000001,13:59:03,11.1000,100,1
2026-04-16,000001,13:59:06,11.1100,513,1
2026-04-16,000001,13:59:09,11.1100,123,1
2026-04-16,000001,13:59:12,11.1100,23,1
2026-04-16,000001,13:59:15,11.1000,62,2
2026-04-16,000001,13:59:21,11.1100,1,1
2026-04-16,000001,13:59:30,11.1000,111,2
2026-04-16,000001,13:59:33,11.1000,26,2
2026-04-16,000001,13:59:36,11.1100,93,1
2026-04-16,000001,13:59:39,11.1100,2,1
2026-04-16,000001,13:59:42,11.1100,19,1
2026-04-16,000001,13:59:48,11.1000,6,2
2026-04-16,000001,13:59:54,11.1100,32,1
2026-04-16,000001,14:00:00,11.1100,1,1
2026-04-16,000001,14:00:03,11.1000,12,2
2026-04-16,000001,14:00:06,11.1000,112,2
2026-04-16,000001,14:00:09,11.1100,72,1
2026-04-16,000001,14:00:12,11.1100,1,1
2026-04-16,000001,14:00:18,11.1100,16,1
2026-04-16,000001,14:00:24,11.1100,5,1
2026-04-16,000001,14:00:27,11.1100,84,1
2026-04-16,000001,14:00:30,11.1100,19,1
2026-04-16,000001,14:00:36,11.1000,159,2
2026-04-16,000001,14:00:39,11.1100,15,1
2026-04-16,000001,14:00:42,11.1000,54,2
2026-04-16,000001,14:00:45,11.1000,14,2
2026-04-16,000001,14:00:48,11.1100,14,1
2026-04-16,000001,14:00:54,11.1100,30,1
2026-04-16,000001,14:01:00,11.1100,2,1
2026-04-16,000001,14:01:03,11.1100,9,1
2026-04-16,000001,14:01:12,11.1100,6,1
2026-04-16,000001,14:01:15,11.1100,47,1
2026-04-16,000001,14:01:21,11.1000,20,2
2026-04-16,000001,14:01:24,11.1100,14,1
2026-04-16,000001,14:01:33,11.1100,113,1
2026-04-16,000001,14:01:36,11.1100,34,1
2026-04-16,000001,14:01:39,11.1100,2,1
2026-04-16,000001,14:01:45,11.1100,1,1
2026-04-16,000001,14:01:48,11.1100,210,1
2026-04-16,000001,14:01:51,11.1100,85,1
2026-04-16,000001,10:29:42,11.1400,96,2
2026-04-16,000001,10:29:45,11.1500,94,1
2026-04-16,000001,10:29:48,11.1500,21,1
2026-04-16,000001,10:29:51,11.1400,64,2
2026-04-16,000001,10:29:54,11.1500,26,1
2026-04-16,000001,10:29:57,11.1400,32,2
2026-04-16,000001,10:30:00,11.1400,31,2
2026-04-16,000001,10:30:06,11.1500,57,1
2026-04-16,000001,10:30:09,11.1400,116,2
2026-04-16,000001,10:30:12,11.1500,55,1
2026-04-16,000001,10:30:15,11.1400,95,2
2026-04-16,000001,10:30:18,11.1500,10,1
2026-04-16,000001,10:30:21,11.1400,243,2
2026-04-16,000001,10:30:24,11.1500,21,1
2026-04-16,000001,10:30:27,11.1500,1,1
2026-04-16,000001,10:30:30,11.1400,14,2
2026-04-16,000001,10:30:33,11.1500,2,1
2026-04-16,000001,10:30:36,11.1400,291,2
2026-04-16,000001,10:30:39,11.1500,122,1
2026-04-16,000001,10:30:42,11.1400,11,2
2026-04-16,000001,10:30:45,11.1400,18,2
2026-04-16,000001,10:30:48,11.1400,7,2
2026-04-16,000001,10:30:57,11.1500,11,1
2026-04-16,000001,10:31:00,11.1500,53,1
2026-04-16,000001,10:31:03,11.1500,68,1
2026-04-16,000001,10:31:06,11.1500,56,1
2026-04-16,000001,10:31:09,11.1400,59,2
2026-04-16,000001,10:31:12,11.1500,130,1
2026-04-16,000001,10:31:15,11.1500,6,1
2026-04-16,000001,10:31:21,11.1400,298,2
2026-04-16,000001,10:31:24,11.1500,10,1
2026-04-16,000001,10:31:30,11.1400,74,2
2026-04-16,000001,10:31:33,11.1500,2,1
2026-04-16,000001,10:31:36,11.1500,2,1
2026-04-16,000001,10:31:39,11.1500,74,1
2026-04-16,000001,10:31:45,11.1500,36,1
2026-04-16,000001,10:31:51,11.1500,29,1
2026-04-16,000001,10:31:54,11.1400,131,2
2026-04-16,000001,10:31:57,11.1400,12,2
2026-04-16,000001,10:32:00,11.1400,40,2
2026-04-16,000001,10:32:03,11.1400,6,2
2026-04-16,000001,10:32:06,11.1500,74,1
2026-04-16,000001,10:32:09,11.1400,994,2
2026-04-16,000001,10:32:12,11.1400,100,2
2026-04-16,000001,10:32:15,11.1400,138,2
2026-04-16,000001,10:32:18,11.1400,27,2
2026-04-16,000001,10:32:21,11.1400,202,2
2026-04-16,000001,10:32:24,11.1400,162,2
2026-04-16,000001,10:32:27,11.1400,111,2
2026-04-16,000001,10:32:30,11.1400,5,2
2026-04-16,000001,10:32:33,11.1400,117,2
2026-04-16,000001,10:32:36,11.1400,123,2
2026-04-16,000001,10:32:39,11.1400,796,2
2026-04-16,000001,10:32:42,11.1400,311,2
2026-04-16,000001,10:32:45,11.1400,331,2
2026-04-16,000001,10:32:48,11.1400,976,2
2026-04-16,000001,10:32:51,11.1400,208,2
2026-04-16,000001,10:32:54,11.1300,171,2
2026-04-16,000001,10:32:57,11.1400,22,1
2026-04-16,000001,10:33:00,11.1300,40,2
2026-04-16,000001,10:33:03,11.1400,30,1
2026-04-16,000001,10:33:06,11.1300,16,2
2026-04-16,000001,10:33:09,11.1400,161,1
2026-04-16,000001,10:33:12,11.1400,103,1
2026-04-16,000001,10:33:15,11.1400,16,1
2026-04-16,000001,10:33:18,11.1400,30,1
2026-04-16,000001,10:33:21,11.1300,73,2
2026-04-16,000001,10:33:24,11.1400,142,1
2026-04-16,000001,10:33:27,11.1300,9,2
2026-04-16,000001,10:33:30,11.1400,120,1
2026-04-16,000001,10:33:33,11.1400,53,1
2026-04-16,000001,10:33:39,11.1400,33,1
2026-04-16,000001,10:33:42,11.1300,6,2
2026-04-16,000001,10:33:45,11.1400,51,1
2026-04-16,000001,10:33:48,11.1400,20,1
2026-04-16,000001,10:33:51,11.1300,45,2
2026-04-16,000001,10:33:57,11.1400,40,1
2026-04-16,000001,10:34:00,11.1300,36,2
2026-04-16,000001,10:34:03,11.1400,61,1
2026-04-16,000001,10:34:06,11.1400,18,1
2026-04-16,000001,10:34:09,11.1300,1,2
2026-04-16,000001,10:34:12,11.1400,11,1
2026-04-16,000001,10:34:15,11.1300,19,2
2026-04-16,000001,10:34:18,11.1400,70,1
2026-04-16,000001,10:34:21,11.1400,1622,1
2026-04-16,000001,10:34:24,11.1500,3,1
2026-04-16,000001,10:34:27,11.1400,45,2
2026-04-16,000001,10:34:30,11.1400,25,2
2026-04-16,000001,10:34:33,11.1400,743,2
2026-04-16,000001,10:34:36,11.1400,25,2
2026-04-16,000001,10:34:39,11.1400,29,2
2026-04-16,000001,10:34:42,11.1400,8,2
2026-04-16,000001,10:34:48,11.1400,10,2
2026-04-16,000001,10:34:51,11.1400,10,2
2026-04-16,000001,10:34:54,11.1400,6,2
2026-04-16,000001,10:34:57,11.1500,8,1
2026-04-16,000001,10:35:03,11.1400,8,2
2026-04-16,000001,10:35:06,11.1400,90,2
2026-04-16,000001,10:35:09,11.1400,7,2
2026-04-16,000001,10:35:12,11.1400,81,2
2026-04-16,000001,10:35:15,11.1400,59,2
2026-04-16,000001,10:35:18,11.1400,126,1
2026-04-16,000001,10:35:21,11.1400,19,1
2026-04-16,000001,10:35:24,11.1400,8,1
2026-04-16,000001,10:35:27,11.1400,11,1
2026-04-16,000001,10:35:30,11.1400,10,1
2026-04-16,000001,10:35:33,11.1300,6,2
2026-04-16,000001,10:35:39,11.1400,39,1
2026-04-16,000001,10:35:42,11.1400,11,1
2026-04-16,000001,10:35:48,11.1300,6,2
2026-04-16,000001,10:35:54,11.1300,50,2
2026-04-16,000001,10:35:57,11.1400,31,1
2026-04-16,000001,10:36:00,11.1400,8,1
2026-04-16,000001,10:36:03,11.1400,62,1
2026-04-16,000001,10:36:06,11.1300,22,2
2026-04-16,000001,10:36:09,11.1300,2,2
2026-04-16,000001,10:36:12,11.1300,2,2
2026-04-16,000001,10:36:15,11.1300,28,2
2026-04-16,000001,10:36:18,11.1300,8,2
2026-04-16,000001,10:36:27,11.1400,4,1
2026-04-16,000001,10:36:30,11.1300,6,2
2026-04-16,000001,10:36:33,11.1300,106,2
2026-04-16,000001,10:36:36,11.1300,514,2
2026-04-16,000001,10:36:39,11.1300,971,2
2026-04-16,000001,10:36:42,11.1300,81,2
2026-04-16,000001,10:36:45,11.1400,63,1
2026-04-16,000001,10:36:48,11.1300,53,2
2026-04-16,000001,10:36:51,11.1300,7,2
2026-04-16,000001,10:36:57,11.1300,10,2
2026-04-16,000001,10:37:00,11.1300,53,2
2026-04-16,000001,10:37:03,11.1300,4,2
2026-04-16,000001,10:37:06,11.1300,3,2
2026-04-16,000001,10:37:09,11.1300,28,2
2026-04-16,000001,10:37:12,11.1300,28,2
2026-04-16,000001,10:37:15,11.1300,161,2
2026-04-16,000001,10:37:21,11.1400,100,1
2026-04-16,000001,10:37:24,11.1400,24,1
2026-04-16,000001,10:37:27,11.1400,12,1
2026-04-16,000001,10:37:30,11.1300,72,2
2026-04-16,000001,10:37:33,11.1300,667,2
2026-04-16,000001,10:37:36,11.1300,462,2
2026-04-16,000001,10:37:39,11.1300,12222,2
2026-04-16,000001,10:37:42,11.1200,34,2
2026-04-16,000001,10:37:45,11.1200,504,2
2026-04-16,000001,10:37:48,11.1200,43,2
2026-04-16,000001,10:37:51,11.1200,37,2
2026-04-16,000001,10:37:54,11.1200,128,2
2026-04-16,000001,10:38:00,11.1200,57,2
2026-04-16,000001,10:38:03,11.1200,8,2
2026-04-16,000001,10:38:06,11.1200,106,2
2026-04-16,000001,10:38:09,11.1200,33,2
2026-04-16,000001,10:38:12,11.1200,5,2
2026-04-16,000001,10:38:15,11.1300,58,1
2026-04-16,000001,10:38:18,11.1300,10,1
2026-04-16,000001,10:38:21,11.1200,207,2
2026-04-16,000001,10:38:27,11.1300,38,1
2026-04-16,000001,10:38:30,11.1300,79,1
2026-04-16,000001,10:38:36,11.1300,29,1
2026-04-16,000001,10:38:39,11.1300,31,1
2026-04-16,000001,10:38:45,11.1200,932,2
2026-04-16,000001,10:38:48,11.1200,33,2
2026-04-16,000001,10:38:51,11.1200,11,2
2026-04-16,000001,10:38:54,11.1300,40,1
2026-04-16,000001,10:38:57,11.1200,12,2
2026-04-16,000001,10:39:00,11.1200,25,2
2026-04-16,000001,10:39:03,11.1300,40,1
2026-04-16,000001,10:39:06,11.1200,96,2
2026-04-16,000001,10:39:09,11.1200,2435,2
2026-04-16,000001,10:39:12,11.1200,575,2
2026-04-16,000001,10:39:15,11.1200,300,2
2026-04-16,000001,10:39:18,11.1200,354,2
2026-04-16,000001,10:39:21,11.1200,24,2
2026-04-16,000001,10:39:24,11.1200,12,2
2026-04-16,000001,10:39:27,11.1200,15,2
2026-04-16,000001,10:39:30,11.1200,8510,2
2026-04-16,000001,10:39:33,11.1300,81,1
2026-04-16,000001,10:39:36,11.1200,70,2
2026-04-16,000001,10:39:39,11.1200,54,2
2026-04-16,000001,10:39:42,11.1300,1,1
2026-04-16,000001,10:39:45,11.1300,28,1
2026-04-16,000001,10:39:48,11.1300,32,1
2026-04-16,000001,10:39:51,11.1300,89,1
2026-04-16,000001,10:39:54,11.1300,34,1
2026-04-16,000001,10:39:57,11.1300,20,1
2026-04-16,000001,10:40:00,11.1300,54,1
2026-04-16,000001,10:40:03,11.1300,637,1
2026-04-16,000001,10:40:06,11.1200,380,2
2026-04-16,000001,10:40:09,11.1300,72,1
2026-04-16,000001,10:40:12,11.1300,27,1
2026-04-16,000001,10:40:15,11.1300,51,1
2026-04-16,000001,10:40:21,11.1300,40,1
2026-04-16,000001,10:40:24,11.1300,35,1
2026-04-16,000001,10:40:27,11.1300,1,1
2026-04-16,000001,10:40:30,11.1300,60,1
2026-04-16,000001,10:40:36,11.1300,10,1
2026-04-16,000001,10:40:42,11.1300,13,1
2026-04-16,000001,10:40:45,11.1200,74,2
2026-04-16,000001,10:40:48,11.1300,29,1
2026-04-16,000001,10:40:51,11.1300,2,1
2026-04-16,000001,10:40:54,11.1200,42,2
2026-04-16,000001,10:40:57,11.1200,110,2
2026-04-16,000001,10:41:00,11.1200,24,2
2026-04-16,000001,10:41:03,11.1200,246,2
2026-04-16,000001,10:41:06,11.1200,65,2
2026-04-16,000001,10:41:09,11.1300,16,1
2026-04-16,000001,10:41:12,11.1200,38,2
2026-04-16,000001,10:41:15,11.1300,9,1
2026-04-16,000001,10:41:18,11.1200,15,2
2026-04-16,000001,10:41:21,11.1200,84,2
2026-04-16,000001,10:41:24,11.1300,1,1
2026-04-16,000001,10:41:27,11.1200,1,2
2026-04-16,000001,10:41:30,11.1300,4,1
2026-04-16,000001,10:41:33,11.1300,26,1
2026-04-16,000001,10:41:36,11.1300,29,1
2026-04-16,000001,10:41:39,11.1200,19,2
2026-04-16,000001,10:41:42,11.1300,27,1
2026-04-16,000001,10:41:45,11.1200,23,2
2026-04-16,000001,10:41:48,11.1300,35,1
2026-04-16,000001,10:41:51,11.1300,37,1
2026-04-16,000001,10:41:54,11.1300,425,1
2026-04-16,000001,10:42:00,11.1300,14,1
2026-04-16,000001,10:42:03,11.1200,99,2
2026-04-16,000001,10:42:06,11.1300,18,1
2026-04-16,000001,10:42:15,11.1200,12,2
2026-04-16,000001,10:42:18,11.1300,2,1
2026-04-16,000001,10:42:21,11.1200,83,2
2026-04-16,000001,10:42:24,11.1200,12,2
2026-04-16,000001,10:42:27,11.1300,1,1
2026-04-16,000001,10:42:33,11.1200,22,2
2026-04-16,000001,10:42:36,11.1300,20,1
2026-04-16,000001,10:42:42,11.1200,63,2
2026-04-16,000001,10:42:45,11.1200,3,2
2026-04-16,000001,10:42:48,11.1300,10,1
2026-04-16,000001,10:42:57,11.1200,675,2
2026-04-16,000001,10:43:03,11.1200,7,2
2026-04-16,000001,10:43:06,11.1300,560,1
2026-04-16,000001,10:43:09,11.1200,83,2
2026-04-16,000001,10:43:15,11.1200,3,2
2026-04-16,000001,10:43:21,11.1200,267,2
2026-04-16,000001,10:43:24,11.1300,4,1
2026-04-16,000001,10:43:27,11.1300,2,1
2026-04-16,000001,10:43:30,11.1200,219,2
2026-04-16,000001,10:43:33,11.1200,219,2
2026-04-16,000001,10:43:36,11.1200,24,2
2026-04-16,000001,10:43:39,11.1300,280,1
2026-04-16,000001,10:43:42,11.1300,68,1
2026-04-16,000001,10:43:45,11.1300,30,1
2026-04-16,000001,10:43:51,11.1300,11,1
2026-04-16,000001,10:43:54,11.1300,6,1
2026-04-16,000001,10:43:57,11.1300,50,1
2026-04-16,000001,10:44:00,11.1300,207,1
2026-04-16,000001,10:44:03,11.1200,22,2
2026-04-16,000001,10:44:06,11.1200,3,2
2026-04-16,000001,10:44:12,11.1300,19,1
2026-04-16,000001,10:44:15,11.1200,130,2
2026-04-16,000001,10:44:18,11.1200,20,2
2026-04-16,000001,10:44:24,11.1300,1,1
2026-04-16,000001,10:44:30,11.1300,38,1
2026-04-16,000001,10:44:33,11.1200,61,2
2026-04-16,000001,10:44:36,11.1200,39,2
2026-04-16,000001,10:44:39,11.1200,451,2
2026-04-16,000001,10:44:42,11.1300,109,1
2026-04-16,000001,10:44:45,11.1200,27,2
2026-04-16,000001,10:44:48,11.1200,23,2
2026-04-16,000001,10:44:51,11.1200,113,2
2026-04-16,000001,10:44:54,11.1300,43,1
2026-04-16,000001,10:44:57,11.1300,7,1
2026-04-16,000001,10:45:00,11.1300,26,1
2026-04-16,000001,10:45:03,11.1200,2271,2
2026-04-16,000001,10:45:06,11.1200,9,2
2026-04-16,000001,10:45:12,11.1200,2,2
2026-04-16,000001,10:45:15,11.1300,10,1
2026-04-16,000001,10:45:18,11.1200,167,2
2026-04-16,000001,10:45:24,11.1300,18,1
2026-04-16,000001,10:45:27,11.1300,1,1
2026-04-16,000001,10:45:30,11.1300,33,1
2026-04-16,000001,10:45:33,11.1200,166,2
2026-04-16,000001,10:45:36,11.1200,208,2
2026-04-16,000001,10:45:39,11.1200,2,2
2026-04-16,000001,10:45:42,11.1200,192,2
2026-04-16,000001,10:45:48,11.1300,38,1
2026-04-16,000001,10:45:51,11.1300,1,1
2026-04-16,000001,10:45:54,11.1300,29,1
2026-04-16,000001,10:45:57,11.1200,13,2
2026-04-16,000001,10:46:00,11.1200,20,2
2026-04-16,000001,10:46:03,11.1200,409,2
2026-04-16,000001,10:46:06,11.1100,8862,2
2026-04-16,000001,10:46:09,11.1200,195,1
2026-04-16,000001,10:46:12,11.1100,1,2
2026-04-16,000001,10:46:15,11.1100,13,2
2026-04-16,000001,10:46:21,11.1100,1,2
2026-04-16,000001,10:46:24,11.1200,34,1
2026-04-16,000001,10:46:27,11.1100,1,2
2026-04-16,000001,10:46:30,11.1100,25,2
2026-04-16,000001,10:46:33,11.1100,33,2
2026-04-16,000001,10:46:36,11.1100,10,2
2026-04-16,000001,10:46:39,11.1100,37,2
2026-04-16,000001,10:46:42,11.1100,15,2
2026-04-16,000001,10:46:48,11.1200,2,1
2026-04-16,000001,10:46:51,11.1100,12,2
2026-04-16,000001,10:47:03,11.1100,378,2
2026-04-16,000001,10:47:06,11.1100,54,2
2026-04-16,000001,10:47:09,11.1100,46,2
2026-04-16,000001,10:47:12,11.1200,45,1
2026-04-16,000001,10:47:15,11.1200,21,1
2026-04-16,000001,10:47:18,11.1100,184,2
2026-04-16,000001,10:47:27,11.1200,43,1
2026-04-16,000001,10:47:30,11.1200,40,1
2026-04-16,000001,10:47:33,11.1100,1,2
2026-04-16,000001,10:47:36,11.1200,5,1
2026-04-16,000001,10:47:39,11.1200,29,1
2026-04-16,000001,10:47:42,11.1100,2,2
2026-04-16,000001,10:47:45,11.1100,39,2
2026-04-16,000001,10:47:48,11.1200,68,1
2026-04-16,000001,10:47:51,11.1100,13,2
2026-04-16,000001,10:47:54,11.1200,55,1
2026-04-16,000001,10:47:57,11.1200,5,1
2026-04-16,000001,10:48:00,11.1200,54,1
2026-04-16,000001,10:48:03,11.1100,631,2
2026-04-16,000001,10:48:06,11.1100,56,2
2026-04-16,000001,10:48:09,11.1100,986,2
2026-04-16,000001,10:48:12,11.1100,281,2
2026-04-16,000001,10:48:15,11.1100,17,2
2026-04-16,000001,10:48:18,11.1100,1377,2
2026-04-16,000001,10:48:21,11.1100,2264,2
2026-04-16,000001,10:48:24,11.1100,5872,2
2026-04-16,000001,10:48:27,11.1100,30,1
2026-04-16,000001,10:48:30,11.1000,10,2
2026-04-16,000001,10:48:33,11.1000,93,2
2026-04-16,000001,10:48:36,11.1100,39,1
2026-04-16,000001,10:48:39,11.1100,17,1
2026-04-16,000001,10:48:42,11.1000,11,2
2026-04-16,000001,10:48:45,11.1000,7,2
2026-04-16,000001,10:48:48,11.1100,142,1
2026-04-16,000001,10:48:51,11.1000,17,2
2026-04-16,000001,10:48:54,11.1000,477,2
2026-04-16,000001,10:48:57,11.1100,52,1
2026-04-16,000001,10:49:06,11.1100,160,1
2026-04-16,000001,10:49:09,11.1100,1086,1
2026-04-16,000001,10:49:12,11.1100,29,1
2026-04-16,000001,10:49:15,11.1100,50,1
2026-04-16,000001,10:49:18,11.1100,18,1
2026-04-16,000001,10:49:21,11.1100,4,1
2026-04-16,000001,10:49:24,11.1100,55,1
2026-04-16,000001,10:49:27,11.1100,982,1
2026-04-16,000001,10:49:30,11.1100,45,1
2026-04-16,000001,10:49:33,11.1100,1215,1
2026-04-16,000001,10:49:36,11.1000,325,2
2026-04-16,000001,10:49:39,11.1100,1177,1
2026-04-16,000001,10:49:42,11.1100,526,1
2026-04-16,000001,10:49:45,11.1100,213,1
2026-04-16,000001,10:49:48,11.1100,25,1
2026-04-16,000001,10:49:51,11.1000,1,2
2026-04-16,000001,10:49:54,11.1100,209,1
2026-04-16,000001,10:49:57,11.1100,157,1
2026-04-16,000001,10:50:00,11.1100,130,1
2026-04-16,000001,10:50:03,11.1100,123,1
2026-04-16,000001,10:50:06,11.1000,26,2
2026-04-16,000001,10:50:09,11.1000,195,2
2026-04-16,000001,10:50:12,11.1100,66,1
2026-04-16,000001,10:50:15,11.1100,46,1
2026-04-16,000001,10:50:18,11.1100,74,1
2026-04-16,000001,10:50:24,11.1100,17,1
2026-04-16,000001,10:50:27,11.1100,23,1
2026-04-16,000001,10:50:30,11.1000,900,2
2026-04-16,000001,10:50:33,11.1100,228,1
2026-04-16,000001,10:50:36,11.1100,128,1
2026-04-16,000001,10:50:39,11.1100,41,1
2026-04-16,000001,10:50:48,11.1100,165,1
2026-04-16,000001,10:50:51,11.1100,295,1
2026-04-16,000001,10:50:54,11.1100,610,1
2026-04-16,000001,10:50:57,11.1100,143,1
2026-04-16,000001,10:51:00,11.1100,905,1
2026-04-16,000001,10:51:03,11.1100,64,1
2026-04-16,000001,10:51:06,11.1000,131,2
2026-04-16,000001,10:51:09,11.1000,172,2
2026-04-16,000001,10:51:12,11.1000,4,2
2026-04-16,000001,10:51:15,11.1000,37,2
2026-04-16,000001,10:51:18,11.1000,383,2
2026-04-16,000001,10:51:21,11.1000,62,2
2026-04-16,000001,10:51:24,11.1000,6,2
2026-04-16,000001,10:51:27,11.1100,237,1
2026-04-16,000001,10:51:30,11.1000,45,2
2026-04-16,000001,10:51:33,11.1000,41,2
2026-04-16,000001,10:51:36,11.1100,2,1
2026-04-16,000001,10:51:39,11.1100,5,1
2026-04-16,000001,10:51:42,11.1100,61,1
2026-04-16,000001,10:51:45,11.1000,344,2
2026-04-16,000001,10:51:48,11.1100,15,1
2026-04-16,000001,10:51:51,11.1100,46,1
2026-04-16,000001,10:51:54,11.1100,18,1
2026-04-16,000001,10:51:57,11.1100,78,1
2026-04-16,000001,10:52:00,11.1100,208,1
2026-04-16,000001,10:52:03,11.1100,848,1
2026-04-16,000001,10:52:06,11.1000,198,2
2026-04-16,000001,10:52:09,11.1000,73,2
2026-04-16,000001,10:52:12,11.1100,43,1
2026-04-16,000001,10:52:18,11.1000,7,2
2026-04-16,000001,10:52:21,11.1000,12,2
2026-04-16,000001,10:52:24,11.1100,27,1
2026-04-16,000001,10:52:27,11.1100,253,1
2026-04-16,000001,10:52:30,11.1000,51,2
2026-04-16,000001,10:52:33,11.1100,12,1
2026-04-16,000001,10:52:42,11.1000,20,2
2026-04-16,000001,10:52:48,11.1000,106,2
2026-04-16,000001,10:52:54,11.1100,1,1
2026-04-16,000001,10:52:57,11.1000,28,2
2026-04-16,000001,10:53:00,11.1100,20,1
2026-04-16,000001,10:53:03,11.1100,108,1
2026-04-16,000001,10:53:06,11.1000,33,2
2026-04-16,000001,10:53:09,11.1100,85,1
2026-04-16,000001,10:53:12,11.1000,136,2
2026-04-16,000001,10:53:15,11.1100,20,1
2026-04-16,000001,10:53:18,11.1100,21,1
2026-04-16,000001,10:53:21,11.1100,31,1
2026-04-16,000001,10:53:24,11.1100,43,1
2026-04-16,000001,10:53:27,11.1100,3,1
2026-04-16,000001,10:53:30,11.1000,1,2
2026-04-16,000001,10:53:33,11.1000,8,2
2026-04-16,000001,10:53:39,11.1100,48,1
2026-04-16,000001,10:53:42,11.1000,78,2
2026-04-16,000001,10:53:45,11.1000,68,2
2026-04-16,000001,10:53:48,11.1000,29,2
2026-04-16,000001,10:53:51,11.1100,42,1
2026-04-16,000001,10:53:54,11.1100,24,1
2026-04-16,000001,10:53:57,11.1000,177,2
2026-04-16,000001,10:54:00,11.1100,134,1
2026-04-16,000001,10:54:03,11.1100,2,1
2026-04-16,000001,10:54:06,11.1100,79,1
2026-04-16,000001,10:54:09,11.1000,25,2
2026-04-16,000001,10:54:12,11.1100,32,1
2026-04-16,000001,10:54:18,11.1100,110,1
2026-04-16,000001,10:54:21,11.1100,30,1
2026-04-16,000001,10:54:24,11.1100,151,1
2026-04-16,000001,10:54:30,11.1100,144,1
2026-04-16,000001,10:54:33,11.1000,95,2
2026-04-16,000001,10:54:36,11.1000,24,2
2026-04-16,000001,10:54:39,11.1000,23,2
2026-04-16,000001,10:54:42,11.1100,26,1
2026-04-16,000001,10:54:45,11.1100,30,1
2026-04-16,000001,10:54:48,11.1100,5,1
2026-04-16,000001,10:54:51,11.1100,57,1
2026-04-16,000001,10:54:57,11.1100,10,1
2026-04-16,000001,10:55:00,11.1000,202,2
2026-04-16,000001,10:55:03,11.1100,14,1
2026-04-16,000001,10:55:06,11.1100,88,1
2026-04-16,000001,10:55:09,11.1100,163,1
2026-04-16,000001,10:55:12,11.1100,164,1
2026-04-16,000001,10:55:15,11.1000,28,2
2026-04-16,000001,10:55:18,11.1100,57,1
2026-04-16,000001,10:55:21,11.1100,55,1
2026-04-16,000001,10:55:24,11.1100,3,1
2026-04-16,000001,10:55:27,11.1100,10,1
2026-04-16,000001,10:55:30,11.1100,32,1
2026-04-16,000001,10:55:33,11.1000,1,2
2026-04-16,000001,10:55:36,11.1000,1,2
2026-04-16,000001,10:55:39,11.1100,27,1
2026-04-16,000001,10:55:42,11.1100,3,1
2026-04-16,000001,10:55:45,11.1100,36,1
2026-04-16,000001,10:55:48,11.1100,656,1
2026-04-16,000001,10:55:51,11.1100,584,1
2026-04-16,000001,10:55:54,11.1100,367,1
2026-04-16,000001,10:55:57,11.1100,1066,1
2026-04-16,000001,10:56:00,11.1100,574,1
2026-04-16,000001,10:56:03,11.1200,2095,1
2026-04-16,000001,10:56:06,11.1200,38,1
2026-04-16,000001,10:56:09,11.1200,18,1
2026-04-16,000001,10:56:12,11.1200,74,1
2026-04-16,000001,10:56:15,11.1200,10,1
2026-04-16,000001,10:56:18,11.1100,17,2
2026-04-16,000001,10:56:24,11.1200,6,1
2026-04-16,000001,10:56:27,11.1100,3,2
2026-04-16,000001,10:56:30,11.1100,10,2
2026-04-16,000001,10:56:33,11.1200,95,1
2026-04-16,000001,10:56:39,11.1200,2,1
2026-04-16,000001,10:56:45,11.1200,151,1
2026-04-16,000001,10:56:48,11.1200,23,1
2026-04-16,000001,10:56:51,11.1200,105,1
2026-04-16,000001,10:56:54,11.1200,20,1
2026-04-16,000001,10:57:00,11.1200,176,1
2026-04-16,000001,10:57:03,11.1200,105,1
2026-04-16,000001,10:57:06,11.1200,50,1
2026-04-16,000001,10:57:09,11.1100,33,2
2026-04-16,000001,10:57:12,11.1100,25,2
2026-04-16,000001,10:57:15,11.1200,11,1
2026-04-16,000001,10:57:18,11.1200,8,1
2026-04-16,000001,10:57:24,11.1200,36,1
2026-04-16,000001,10:57:30,11.1200,133,1
2026-04-16,000001,10:57:36,11.1200,14,1
2026-04-16,000001,10:57:42,11.1200,20,1
2026-04-16,000001,10:57:45,11.1200,368,1
2026-04-16,000001,10:57:51,11.1100,47,2
2026-04-16,000001,10:57:54,11.1200,41,1
