date,code,time,price,volume,bs
2026-01-28,600036,14:07:08,37.9700,330,1
2026-01-28,600036,14:07:11,37.9600,78,4
2026-01-28,600036,14:07:14,37.9600,420,2
2026-01-28,600036,14:07:17,37.9700,379,1
2026-01-28,600036,14:07:20,37.9700,27,1
2026-01-28,600036,14:07:23,37.9600,176,2
2026-01-28,600036,14:07:26,37.9900,174,1
2026-01-28,600036,14:07:29,37.9900,285,1
2026-01-28,600036,14:07:32,37.9800,8,4
2026-01-28,600036,14:07:35,37.9800,171,2
2026-01-28,600036,14:07:38,37.9900,17,1
2026-01-28,600036,14:07:41,37.9800,319,2
2026-01-28,600036,14:07:44,37.9700,143,2
2026-01-28,600036,14:07:47,37.9700,143,2
2026-01-28,600036,14:07:50,37.9800,9,2
2026-01-28,600036,14:07:53,37.9800,161,2
2026-01-28,600036,14:07:56,37.9700,202,2
2026-01-28,600036,14:07:59,37.9700,139,2
2026-01-28,600036,14:08:02,37.9800,3,1
2026-01-28,600036,14:08:05,37.9900,921,1
2026-01-28,600036,14:08:08,37.9900,20,1
2026-01-28,600036,14:08:11,37.9900,114,1
2026-01-28,600036,14:08:14,37.9800,77,2
2026-01-28,600036,14:08:17,37.9800,23,1
2026-01-28,600036,14:08:20,37.9700,104,2
2026-01-28,600036,14:08:23,37.9800,151,1
2026-01-28,600036,14:08:26,37.9700,71,2
2026-01-28,600036,14:08:29,37.9700,212,2
2026-01-28,600036,14:08:32,37.9600,251,2
2026-01-28,600036,14:08:35,37.9800,248,1
2026-01-28,600036,14:08:38,37.9800,610,1
2026-01-28,600036,14:08:41,37.9800,174,1
2026-01-28,600036,14:08:44,37.9900,215,1
2026-01-28,600036,14:08:47,37.9900,29,1
2026-01-28,600036,14:08:50,38.0000,488,1
2026-01-28,600036,14:08:53,37.9900,9,4
2026-01-28,600036,14:08:56,38.0000,100,1
2026-01-28,600036,14:08:59,38.0100,4,1
2026-01-28,600036,14:09:02,38.0000,62,2
2026-01-28,600036,14:09:05,38.0000,4,1
2026-01-28,600036,14:09:08,37.9900,179,2
2026-01-28,600036,14:09:11,38.0000,46,1
2026-01-28,600036,14:09:14,37.9900,254,2
2026-01-28,600036,14:09:17,37.9900,172,1
2026-01-28,600036,14:09:20,38.0000,537,1
2026-01-28,600036,14:09:23,38.0000,23,1
2026-01-28,600036,14:09:26,38.0000,192,1
2026-01-28,600036,14:09:29,37.9900,253,2
2026-01-28,600036,14:09:32,38.0000,48,1
2026-01-28,600036,14:09:35,37.9900,35,2
2026-01-28,600036,14:09:38,37.9900,204,2
2026-01-28,600036,14:09:41,37.9700,250,2
2026-01-28,600036,14:09:44,37.9700,94,2
2026-01-28,600036,14:09:47,37.9800,25,1
2026-01-28,600036,14:09:50,37.9800,455,1
2026-01-28,600036,14:09:53,37.9700,125,2
2026-01-28,600036,14:09:56,37.9600,139,2
2026-01-28,600036,14:09:59,37.9700,1390,2
2026-01-28,600036,14:10:02,37.9500,789,2
2026-01-28,600036,14:10:05,37.9700,119,1
2026-01-28,600036,14:10:08,37.9600,59,2
2026-01-28,600036,14:10:11,37.9600,184,2
2026-01-28,600036,14:10:14,37.9600,134,1
2026-01-28,600036,14:10:17,37.9600,182,1
2026-01-28,600036,14:10:20,37.9600,9,1
2026-01-28,600036,14:10:23,37.9600,127,1
2026-01-28,600036,14:10:26,37.9500,35,2
2026-01-28,600036,14:10:29,37.9500,747,2
2026-01-28,600036,14:10:32,37.9500,311,1
2026-01-28,600036,14:10:35,37.9500,125,1
2026-01-28,600036,14:10:38,37.9500,173,1
2026-01-28,600036,14:10:41,37.9400,514,2
2026-01-28,600036,14:10:44,37.9400,915,1
2026-01-28,600036,14:10:47,37.9400,538,1
2026-01-28,600036,14:10:50,37.9500,49,1
2026-01-28,600036,14:10:53,37.9400,172,2
2026-01-28,600036,14:10:56,37.9500,86,1
2026-01-28,600036,14:10:59,37.9400,97,1
2026-01-28,600036,14:11:02,37.9500,262,1
2026-01-28,600036,14:11:05,37.9500,35,1
2026-01-28,600036,14:11:08,37.9400,137,2
2026-01-28,600036,14:11:11,37.9500,59,1
2026-01-28,600036,14:11:14,37.9600,214,1
2026-01-28,600036,14:11:17,37.9500,63,4
2026-01-28,600036,14:11:20,37.9500,132,2
2026-01-28,600036,14:11:23,37.9600,2,1
2026-01-28,600036,14:11:26,37.9600,513,1
2026-01-28,600036,14:11:29,37.9500,324,2
2026-01-28,600036,14:11:32,37.9600,171,1
2026-01-28,600036,14:11:35,37.9500,51,2
2026-01-28,600036,14:11:38,37.9600,219,1
2026-01-28,600036,14:11:41,37.9500,46,2
2026-01-28,600036,14:11:44,37.9600,46,4
2026-01-28,600036,14:11:47,37.9700,203,1
2026-01-28,600036,14:11:50,37.9500,437,2
2026-01-28,600036,14:11:53,37.9500,488,2
2026-01-28,600036,14:11:56,37.9600,40,1
2026-01-28,600036,14:11:59,37.9600,508,1
2026-01-28,600036,14:12:02,37.9500,191,2
2026-01-28,600036,14:12:05,37.9600,132,1
2026-01-28,600036,14:12:08,37.9600,116,1
2026-01-28,600036,14:12:11,37.9500,212,2
2026-01-28,600036,14:12:14,37.9600,142,1
2026-01-28,600036,14:12:17,37.9600,118,1
2026-01-28,600036,14:12:20,37.9500,153,2
2026-01-28,600036,14:12:23,37.9500,119,2
2026-01-28,600036,14:12:26,37.9600,195,1
2026-01-28,600036,14:12:29,37.9500,93,2
2026-01-28,600036,14:12:32,37.9400,107,2
2026-01-28,600036,14:12:35,37.9400,777,2
2026-01-28,600036,14:12:38,37.9400,547,2
2026-01-28,600036,14:12:41,37.9400,173,1
2026-01-28,600036,14:12:44,37.9300,337,2
2026-01-28,600036,14:12:47,37.9400,130,4
2026-01-28,600036,14:12:50,37.9300,723,2
2026-01-28,600036,14:12:53,37.9400,852,1
2026-01-28,600036,14:12:56,37.9300,66,2
2026-01-28,600036,14:12:59,37.9300,111,1
2026-01-28,600036,14:13:02,37.9400,5,1
2026-01-28,600036,14:13:05,37.9400,235,2
2026-01-28,600036,14:13:08,37.9400,16,2
2026-01-28,600036,14:13:11,37.9400,42,2
2026-01-28,600036,14:13:14,37.9500,35,1
2026-01-28,600036,14:13:17,37.9400,156,2
2026-01-28,600036,14:13:20,37.9400,73,1
2026-01-28,600036,14:13:23,37.9400,266,1
2026-01-28,600036,14:13:26,37.9400,207,1
2026-01-28,600036,14:13:29,37.9400,96,2
2026-01-28,600036,14:13:32,37.9500,160,1
2026-01-28,600036,14:13:35,37.9500,90,2
2026-01-28,600036,14:13:38,37.9600,34,1
2026-01-28,600036,14:13:41,37.9600,16,1
2026-01-28,600036,14:13:44,37.9500,118,2
2026-01-28,600036,14:13:47,37.9500,28,1
2026-01-28,600036,14:13:50,37.9400,680,2
2026-01-28,600036,14:13:53,37.9500,60,1
2026-01-28,600036,14:13:56,37.9600,68,1
2026-01-28,600036,14:13:59,37.9400,148,2
2026-01-28,600036,14:14:02,37.9300,39,2
2026-01-28,600036,14:14:05,37.9600,485,1
2026-01-28,600036,14:14:08,37.9300,43,2
2026-01-28,600036,14:14:11,37.9500,50,1
2026-01-28,600036,14:14:14,37.9500,214,1
2026-01-28,600036,14:14:17,37.9600,76,1
2026-01-28,600036,14:14:20,37.9700,219,1
2026-01-28,600036,14:14:23,37.9600,16,4
2026-01-28,600036,14:14:26,37.9500,33,2
2026-01-28,600036,14:14:29,37.9500,217,2
2026-01-28,600036,14:14:32,37.9500,157,2
2026-01-28,600036,14:14:35,37.9500,298,1
2026-01-28,600036,14:14:38,37.9500,68,1
2026-01-28,600036,14:14:41,37.9500,176,1
2026-01-28,600036,14:14:44,37.9400,1126,2
2026-01-28,600036,14:14:47,37.9300,180,2
2026-01-28,600036,14:14:50,37.9400,234,1
2026-01-28,600036,14:14:53,37.9300,2,2
2026-01-28,600036,14:14:56,37.9400,63,1
2026-01-28,600036,14:14:59,37.9300,221,2
2026-01-28,600036,14:15:02,37.9200,1058,2
2026-01-28,600036,14:15:05,37.9300,230,1
2026-01-28,600036,14:15:08,37.9300,1,1
2026-01-28,600036,14:15:11,37.9300,112,1
2026-01-28,600036,14:15:14,37.9300,138,1
2026-01-28,600036,14:15:17,37.9200,556,2
2026-01-28,600036,14:15:20,37.9300,70,1
2026-01-28,600036,14:15:23,37.9300,9,1
2026-01-28,600036,14:15:26,37.9300,21,1
2026-01-28,600036,14:15:29,37.9400,463,1
2026-01-28,600036,14:15:32,37.9300,578,2
2026-01-28,600036,14:15:35,37.9300,15,2
2026-01-28,600036,14:15:38,37.9400,67,1
2026-01-28,600036,14:15:41,37.9400,22,1
2026-01-28,600036,14:15:44,37.9400,315,1
2026-01-28,600036,14:15:47,37.9300,117,2
2026-01-28,600036,14:15:50,37.9300,104,1
2026-01-28,600036,14:15:53,37.9400,6,2
2026-01-28,600036,14:15:56,37.9400,1,2
2026-01-28,600036,14:15:59,37.9500,45,1
2026-01-28,600036,14:16:02,37.9400,254,2
2026-01-28,600036,14:16:05,37.9500,12,1
2026-01-28,600036,14:16:08,37.9600,1,1
2026-01-28,600036,14:16:11,37.9600,141,1
2026-01-28,600036,14:16:14,37.9500,94,4
2026-01-28,600036,14:16:17,37.9400,608,2
2026-01-28,600036,14:16:20,37.9400,48,1
2026-01-28,600036,14:16:23,37.9600,20,1
2026-01-28,600036,14:16:26,37.9500,27,4
2026-01-28,600036,14:16:29,37.9500,395,2
2026-01-28,600036,14:16:32,37.9500,27,1
2026-01-28,600036,14:16:35,37.9500,44,2
2026-01-28,600036,14:16:38,37.9500,243,2
2026-01-28,600036,14:16:41,37.9500,532,2
2026-01-28,600036,14:16:44,37.9500,180,1
2026-01-28,600036,14:16:47,37.9500,177,1
2026-01-28,600036,14:16:50,37.9400,120,2
2026-01-28,600036,14:16:53,37.9600,47,1
2026-01-28,600036,14:16:56,37.9500,478,2
2026-01-28,600036,14:16:59,37.9400,189,2
2026-01-28,600036,14:17:02,37.9400,344,2
2026-01-28,600036,14:17:05,37.9500,173,1
2026-01-28,600036,14:17:08,37.9500,180,2
2026-01-28,600036,14:17:11,37.9500,40,1
2026-01-28,600036,14:17:14,37.9400,390,2
2026-01-28,600036,14:17:17,37.9400,1543,1
2026-01-28,600036,14:17:20,37.9300,73,2
2026-01-28,600036,14:17:23,37.9300,35,2
2026-01-28,600036,14:17:26,37.9300,331,2
2026-01-28,600036,14:17:29,37.9200,317,2
2026-01-28,600036,14:17:32,37.9300,448,1
2026-01-28,600036,14:17:35,37.9200,29,1
2026-01-28,600036,14:17:38,37.9200,280,1
2026-01-28,600036,14:17:41,37.9200,20,2
2026-01-28,600036,14:17:44,37.9200,779,2
2026-01-28,600036,14:17:47,37.9300,387,1
2026-01-28,600036,14:17:50,37.9300,2921,1
2026-01-28,600036,14:17:53,37.9200,24,2
2026-01-28,600036,14:17:56,37.9300,20,1
2026-01-28,600036,14:17:59,37.9300,13,1
2026-01-28,600036,14:18:02,37.9200,426,2
2026-01-28,600036,14:18:05,37.9300,251,4
2026-01-28,600036,14:18:08,37.9200,65,2
2026-01-28,600036,14:18:11,37.9300,18,1
2026-01-28,600036,14:18:14,37.9300,163,1
2026-01-28,600036,14:18:17,37.9300,56,1
2026-01-28,600036,14:18:20,37.9300,32,1
2026-01-28,600036,14:18:23,37.9300,30,2
2026-01-28,600036,14:18:26,37.9400,45,1
2026-01-28,600036,14:18:29,37.9300,93,2
2026-01-28,600036,14:18:32,37.9300,66,2
2026-01-28,600036,14:18:35,37.9200,13,2
2026-01-28,600036,14:18:38,37.9300,412,1
2026-01-28,600036,14:18:41,37.9300,118,1
2026-01-28,600036,14:18:44,37.9400,305,1
2026-01-28,600036,14:18:47,37.9300,42,1
2026-01-28,600036,14:18:50,37.9200,109,2
2026-01-28,600036,14:18:53,37.9400,94,1
2026-01-28,600036,14:18:56,37.9400,6,1
2026-01-28,600036,14:18:59,37.9400,21,1
2026-01-28,600036,14:19:02,37.9300,149,2
2026-01-28,600036,14:19:05,37.9300,462,2
2026-01-28,600036,14:19:08,37.9300,581,1
2026-01-28,600036,14:19:11,37.9300,66,1
2026-01-28,600036,14:19:14,37.9200,147,2
2026-01-28,600036,14:19:17,37.9300,67,1
2026-01-28,600036,14:19:20,37.9100,132,2
2026-01-28,600036,14:19:23,37.9300,93,1
2026-01-28,600036,14:19:26,37.9300,1289,1
2026-01-28,600036,14:19:29,37.9200,48,4
2026-01-28,600036,14:19:32,37.9200,309,1
2026-01-28,600036,14:19:35,37.9100,109,2
2026-01-28,600036,14:19:38,37.9200,27,1
2026-01-28,600036,14:19:41,37.9200,480,1
2026-01-28,600036,14:19:44,37.9200,89,2
2026-01-28,600036,14:19:47,37.9200,31,2
2026-01-28,600036,14:19:50,37.9200,16,1
2026-01-28,600036,14:19:53,37.9100,629,2
2026-01-28,600036,14:19:56,37.9100,447,2
2026-01-28,600036,14:19:59,37.9200,178,1
2026-01-28,600036,14:20:02,37.9200,62,1
2026-01-28,600036,14:20:05,37.9200,5,2
2026-01-28,600036,14:20:08,37.9300,186,1
2026-01-28,600036,14:20:11,37.9200,110,2
2026-01-28,600036,14:20:14,37.9200,238,2
2026-01-28,600036,14:20:17,37.9300,91,1
2026-01-28,600036,14:20:20,37.9300,54,1
2026-01-28,600036,14:20:23,37.9200,515,2
2026-01-28,600036,14:20:26,37.9200,158,2
2026-01-28,600036,14:20:29,37.9300,92,1
2026-01-28,600036,14:20:32,37.9300,52,1
2026-01-28,600036,14:20:35,37.9400,1,1
2026-01-28,600036,14:20:38,37.9300,129,2
2026-01-28,600036,14:20:41,37.9400,146,1
2026-01-28,600036,14:20:44,37.9400,188,1
2026-01-28,600036,14:20:47,37.9300,132,2
2026-01-28,600036,14:20:50,37.9400,89,1
2026-01-28,600036,14:20:53,37.9400,1,4
2026-01-28,600036,14:20:56,37.9400,334,4
2026-01-28,600036,14:20:59,37.9300,95,2
2026-01-28,600036,14:21:02,37.9200,228,2
2026-01-28,600036,14:21:05,37.9300,93,1
2026-01-28,600036,14:21:08,37.9200,7,2
2026-01-28,600036,14:21:11,37.9400,249,1
2026-01-28,600036,14:21:14,37.9300,360,2
2026-01-28,600036,14:21:17,37.9300,34,1
2026-01-28,600036,14:21:20,37.9200,206,2
2026-01-28,600036,14:21:23,37.9300,35,1
2026-01-28,600036,14:21:26,37.9200,82,2
2026-01-28,600036,14:21:29,37.9300,582,1
2026-01-28,600036,14:21:32,37.9100,62,2
2026-01-28,600036,14:21:35,37.9300,72,1
2026-01-28,600036,14:21:38,37.9400,96,1
2026-01-28,600036,14:21:41,37.9300,68,2
2026-01-28,600036,14:21:44,37.9400,151,1
2026-01-28,600036,14:21:47,37.9300,349,2
2026-01-28,600036,14:21:50,37.9400,75,1
2026-01-28,600036,14:21:53,37.9400,6,1
2026-01-28,600036,14:21:56,37.9400,2,1
2026-01-28,600036,14:21:59,37.9400,72,1
2026-01-28,600036,14:22:02,37.9400,370,1
2026-01-28,600036,14:22:05,37.9400,93,2
2026-01-28,600036,14:22:08,37.9400,70,1
2026-01-28,600036,14:22:11,37.9400,168,1
2026-01-28,600036,14:22:14,37.9400,46,2
2026-01-28,600036,14:22:17,37.9300,337,2
2026-01-28,600036,14:22:20,37.9400,105,1
2026-01-28,600036,14:22:23,37.9300,103,2
2026-01-28,600036,14:22:26,37.9400,4,1
2026-01-28,600036,14:22:29,37.9300,196,2
2026-01-28,600036,14:22:32,37.9300,251,1
2026-01-28,600036,14:22:35,37.9400,1232,1
2026-01-28,600036,14:22:38,37.9300,31,2
2026-01-28,600036,14:22:41,37.9300,57,2
2026-01-28,600036,14:22:44,37.9300,145,2
2026-01-28,600036,14:22:47,37.9300,126,1
2026-01-28,600036,14:22:50,37.9200,251,2
2026-01-28,600036,14:22:53,37.9300,218,1
2026-01-28,600036,14:22:56,37.9200,2541,2
2026-01-28,600036,14:22:59,37.9200,147,1
2026-01-28,600036,14:23:02,37.9100,26,2
2026-01-28,600036,14:23:05,37.9100,198,2
2026-01-28,600036,14:23:08,37.9200,275,1
2026-01-28,600036,14:23:11,37.9100,209,2
2026-01-28,600036,14:23:14,37.9300,114,1
2026-01-28,600036,14:23:17,37.9200,209,2
2026-01-28,600036,14:23:20,37.9300,80,4
2026-01-28,600036,14:23:23,37.9200,60,2
2026-01-28,600036,14:23:26,37.9300,76,1
2026-01-28,600036,14:23:29,37.9200,240,2
2026-01-28,600036,14:23:32,37.9200,9,2
2026-01-28,600036,14:23:35,37.9300,12,1
2026-01-28,600036,14:23:38,37.9400,310,1
2026-01-28,600036,14:23:41,37.9200,107,2
2026-01-28,600036,14:23:44,37.9100,196,2
2026-01-28,600036,14:23:47,37.9100,87,2
2026-01-28,600036,14:23:50,37.9200,138,1
2026-01-28,600036,14:23:53,37.9000,849,2
2026-01-28,600036,14:23:56,37.9200,195,1
2026-01-28,600036,14:23:59,37.9100,108,2
2026-01-28,600036,14:24:02,37.9100,140,1
2026-01-28,600036,14:24:05,37.9100,128,2
2026-01-28,600036,14:24:08,37.9200,558,1
2026-01-28,600036,14:24:11,37.9100,210,2
2026-01-28,600036,14:24:14,37.9100,257,2
2026-01-28,600036,14:24:17,37.9000,7149,2
2026-01-28,600036,14:24:20,37.9300,231,1
2026-01-28,600036,14:24:23,37.9000,58,2
2026-01-28,600036,14:24:26,37.9100,70,1
2026-01-28,600036,14:24:29,37.9100,228,1
2026-01-28,600036,14:24:32,37.9000,212,2
2026-01-28,600036,14:24:35,37.9100,171,1
2026-01-28,600036,14:24:38,37.9200,2,1
2026-01-28,600036,14:24:41,37.9100,131,2
2026-01-28,600036,14:24:44,37.9200,121,2
2026-01-28,600036,14:24:47,37.9400,110,1
2026-01-28,600036,14:24:50,37.9300,38,4
2026-01-28,600036,14:24:53,37.9400,40,1
2026-01-28,600036,14:24:56,37.9400,292,1
2026-01-28,600036,14:24:59,37.9200,97,2
2026-01-28,600036,14:25:02,37.9200,72,1
2026-01-28,600036,14:25:05,37.9200,110,4
2026-01-28,600036,14:25:08,37.9500,3266,1
2026-01-28,600036,14:25:11,37.9600,2102,1
2026-01-28,600036,14:25:14,37.9300,5497,2
2026-01-28,600036,14:25:17,37.9400,84,1
2026-01-28,600036,14:25:20,37.9300,207,4
2026-01-28,600036,14:25:23,37.9300,20,2
2026-01-28,600036,14:25:26,37.9200,184,2
2026-01-28,600036,14:25:29,37.9300,208,1
2026-01-28,600036,14:25:32,37.9200,563,2
2026-01-28,600036,14:25:35,37.9200,190,2
2026-01-28,600036,14:25:38,37.9200,52,2
2026-01-28,600036,14:25:41,37.9300,85,1
2026-01-28,600036,14:25:44,37.9200,452,2
2026-01-28,600036,14:25:47,37.9300,1,2
2026-01-28,600036,14:25:50,37.9300,189,2
2026-01-28,600036,14:25:53,37.9300,44,2
2026-01-28,600036,14:25:56,37.9300,112,2
2026-01-28,600036,14:25:59,37.9300,386,1
2026-01-28,600036,14:26:02,37.9200,110,2
2026-01-28,600036,14:26:05,37.9200,441,1
2026-01-28,600036,14:26:08,37.9100,285,2
2026-01-28,600036,14:26:11,37.9200,22,2
2026-01-28,600036,14:26:14,37.9200,54,1
2026-01-28,600036,14:26:17,37.9400,177,1
2026-01-28,600036,14:26:20,37.9400,15,1
2026-01-28,600036,14:26:23,37.9300,58,2
2026-01-28,600036,14:26:26,37.9400,84,1
2026-01-28,600036,14:26:29,37.9400,116,1
2026-01-28,600036,14:26:32,37.9300,171,2
2026-01-28,600036,14:26:35,37.9300,112,1
2026-01-28,600036,14:26:38,37.9300,420,1
2026-01-28,600036,14:26:41,37.9500,1566,1
2026-01-28,600036,14:26:44,37.9400,97,4
2026-01-28,600036,14:26:47,37.9500,266,1
2026-01-28,600036,14:26:50,37.9500,164,1
2026-01-28,600036,14:26:53,37.9500,37,1
2026-01-28,600036,14:26:56,37.9500,17,1
2026-01-28,600036,14:26:59,37.9400,432,2
2026-01-28,600036,14:27:02,37.9400,226,1
2026-01-28,600036,14:27:05,37.9400,39,1
2026-01-28,600036,14:27:08,37.9400,635,1
2026-01-28,600036,14:27:11,37.9600,554,1
2026-01-28,600036,14:27:14,37.9500,200,4
2026-01-28,600036,14:27:17,37.9500,36,1
2026-01-28,600036,14:27:20,37.9500,123,2
2026-01-28,600036,14:27:23,37.9600,101,1
2026-01-28,600036,14:27:26,37.9500,167,2
2026-01-28,600036,14:27:29,37.9500,331,2
2026-01-28,600036,14:27:32,37.9500,11,2
2026-01-28,600036,14:27:35,37.9500,171,2
2026-01-28,600036,14:27:38,37.9500,103,2
2026-01-28,600036,14:27:41,37.9400,195,2
2026-01-28,600036,14:27:44,37.9500,106,1
2026-01-28,600036,14:27:47,37.9500,507,1
2026-01-28,600036,14:27:50,37.9400,48,2
2026-01-28,600036,14:27:53,37.9500,43,1
2026-01-28,600036,14:27:56,37.9400,37,2
2026-01-28,600036,14:27:59,37.9400,159,2
2026-01-28,600036,14:28:02,37.9500,299,1
2026-01-28,600036,14:28:05,37.9500,121,2
2026-01-28,600036,14:28:08,37.9600,22,1
2026-01-28,600036,14:28:11,37.9600,36,1
2026-01-28,600036,14:28:14,37.9600,489,2
2026-01-28,600036,14:28:17,37.9600,866,1
2026-01-28,600036,14:28:20,37.9700,10,1
2026-01-28,600036,14:28:23,37.9600,96,2
2026-01-28,600036,14:28:26,37.9600,52,2
2026-01-28,600036,14:28:29,37.9700,199,1
2026-01-28,600036,14:28:32,37.9600,139,2
2026-01-28,600036,14:28:35,37.9500,57,2
2026-01-28,600036,14:28:38,37.9500,76,2
2026-01-28,600036,14:28:41,37.9600,701,1
2026-01-28,600036,14:28:44,37.9500,213,2
2026-01-28,600036,14:28:47,37.9500,97,2
2026-01-28,600036,14:28:50,37.9500,69,1
2026-01-28,600036,14:28:53,37.9500,47,1
2026-01-28,600036,14:28:56,37.9400,469,2
2026-01-28,600036,14:28:59,37.9400,825,1
2026-01-28,600036,14:29:02,37.9400,888,1
2026-01-28,600036,14:29:05,37.9600,99,1
2026-01-28,600036,14:29:08,37.9500,43,2
2026-01-28,600036,14:29:11,37.9500,244,2
2026-01-28,600036,14:29:14,37.9500,251,1
2026-01-28,600036,14:29:17,37.9600,821,1
2026-01-28,600036,14:29:20,37.9600,435,1
2026-01-28,600036,14:29:23,37.9500,103,2
2026-01-28,600036,14:29:26,37.9500,61,2
2026-01-28,600036,14:29:29,37.9500,200,1
2026-01-28,600036,14:29:32,37.9400,8,4
2026-01-28,600036,14:29:35,37.9500,54,1
2026-01-28,600036,14:29:38,37.9400,70,2
2026-01-28,600036,14:29:41,37.9500,22,1
2026-01-28,600036,14:29:44,37.9400,172,2
2026-01-28,600036,14:29:47,37.9500,228,1
2026-01-28,600036,14:29:50,37.9500,14,1
2026-01-28,600036,14:29:53,37.9400,54,2
2026-01-28,600036,14:29:56,37.9500,10,2
2026-01-28,600036,14:29:59,37.9400,37,2
2026-01-28,600036,14:30:02,37.9500,33,1
2026-01-28,600036,14:30:05,37.9600,288,1
2026-01-28,600036,14:30:08,37.9600,210,1
2026-01-28,600036,14:30:11,37.9600,310,1
2026-01-28,600036,14:30:14,37.9600,205,2
2026-01-28,600036,14:30:17,37.9600,247,2
2026-01-28,600036,14:30:20,37.9700,5,1
2026-01-28,600036,14:30:23,37.9600,151,2
2026-01-28,600036,14:30:26,37.9600,288,2
2026-01-28,600036,14:30:29,37.9600,10,1
2026-01-28,600036,14:30:32,37.9600,9,1
2026-01-28,600036,14:30:35,37.9600,12,1
2026-01-28,600036,14:30:38,37.9600,359,1
2026-01-28,600036,14:30:41,37.9600,594,1
2026-01-28,600036,14:30:44,37.9600,23,1
2026-01-28,600036,14:30:47,37.9600,13,1
2026-01-28,600036,14:30:50,37.9500,113,2
2026-01-28,600036,14:30:53,37.9600,199,1
2026-01-28,600036,14:30:56,37.9600,87,2
2026-01-28,600036,14:30:59,37.9600,151,2
2026-01-28,600036,14:31:02,37.9600,184,1
2026-01-28,600036,14:31:05,37.9500,201,2
2026-01-28,600036,14:31:08,37.9500,503,2
2026-01-28,600036,14:31:11,37.9400,71,2
2026-01-28,600036,14:31:14,37.9500,196,1
2026-01-28,600036,14:31:17,37.9500,360,1
2026-01-28,600036,14:31:20,37.9500,92,1
2026-01-28,600036,14:31:23,37.9500,390,1
2026-01-28,600036,14:31:26,37.9500,451,1
2026-01-28,600036,14:31:29,37.9500,347,1
2026-01-28,600036,14:31:32,37.9500,6,1
2026-01-28,600036,14:31:35,37.9500,154,2
2026-01-28,600036,14:31:38,37.9500,69,2
2026-01-28,600036,14:31:41,37.9600,96,1
2026-01-28,600036,14:31:44,37.9700,227,1
2026-01-28,600036,14:31:47,37.9700,101,1
2026-01-28,600036,14:31:50,37.9700,15,1
2026-01-28,600036,14:31:53,37.9700,165,1
2026-01-28,600036,14:31:56,37.9700,221,1
2026-01-28,600036,14:31:59,37.9700,51,2
2026-01-28,600036,14:32:02,37.9600,182,2
2026-01-28,600036,14:32:05,37.9700,73,1
2026-01-28,600036,14:32:08,37.9600,572,2
2026-01-28,600036,14:32:11,37.9600,419,2
2026-01-28,600036,14:32:14,37.9500,421,2
2026-01-28,600036,14:32:17,37.9400,634,2
2026-01-28,600036,14:32:20,37.9600,526,1
2026-01-28,600036,14:32:23,37.9500,96,4
2026-01-28,600036,14:32:26,37.9600,339,1
2026-01-28,600036,14:32:29,37.9400,82,2
2026-01-28,600036,14:32:32,37.9500,88,4
2026-01-28,600036,14:32:35,37.9400,51,2
2026-01-28,600036,14:32:38,37.9500,145,2
2026-01-28,600036,14:32:41,37.9600,346,1
2026-01-28,600036,14:32:44,37.9500,29,1
2026-01-28,600036,14:32:47,37.9500,211,2
2026-01-28,600036,14:32:50,37.9400,243,2
2026-01-28,600036,14:32:53,37.9500,306,1
2026-01-28,600036,14:32:56,37.9500,221,2
2026-01-28,600036,14:32:59,37.9600,109,1
2026-01-28,600036,14:33:02,37.9500,57,2
2026-01-28,600036,14:33:05,37.9600,52,1
2026-01-28,600036,14:33:08,37.9600,160,1
2026-01-28,600036,14:33:11,37.9800,428,1
2026-01-28,600036,14:33:14,37.9600,19,2
2026-01-28,600036,14:33:17,37.9600,8,4
2026-01-28,600036,14:33:20,37.9800,193,1
2026-01-28,600036,14:33:23,37.9600,288,2
2026-01-28,600036,14:33:26,37.9800,484,1
2026-01-28,600036,14:33:29,37.9500,83,2
2026-01-28,600036,14:33:32,37.9500,64,2
2026-01-28,600036,14:33:35,37.9800,326,1
2026-01-28,600036,14:33:38,37.9600,85,2
2026-01-28,600036,14:33:41,37.9800,126,1
2026-01-28,600036,14:33:44,37.9600,289,2
2026-01-28,600036,14:33:47,37.9600,42,1
2026-01-28,600036,14:33:50,37.9500,287,2
2026-01-28,600036,14:33:53,37.9600,200,1
2026-01-28,600036,14:33:56,37.9500,223,2
2026-01-28,600036,14:33:59,37.9400,681,2
2026-01-28,600036,14:34:02,37.9500,67,2
2026-01-28,600036,14:34:05,37.9500,173,2
2026-01-28,600036,14:34:08,37.9500,39,1
2026-01-28,600036,14:34:11,37.9600,887,1
2026-01-28,600036,14:34:14,37.9500,20,4
2026-01-28,600036,14:34:17,37.9500,44,2
2026-01-28,600036,14:34:20,37.9600,36,1
2026-01-28,600036,14:34:23,37.9600,8,1
2026-01-28,600036,14:34:26,37.9700,514,1
2026-01-28,600036,14:34:29,37.9700,273,1
2026-01-28,600036,14:34:32,37.9700,188,2
2026-01-28,600036,14:34:35,37.9700,13,1
2026-01-28,600036,14:34:38,37.9700,62,1
2026-01-28,600036,14:34:41,37.9600,55,2
2026-01-28,600036,14:34:44,37.9800,365,1
2026-01-28,600036,14:34:47,37.9600,26,2
2026-01-28,600036,14:34:50,37.9600,330,2
2026-01-28,600036,14:34:53,37.9800,68,1
2026-01-28,600036,14:34:56,37.9400,260,2
2026-01-28,600036,14:34:59,37.9600,48,2
2026-01-28,600036,14:35:02,37.9500,199,2
2026-01-28,600036,14:35:05,37.9500,65,2
2026-01-28,600036,14:35:08,37.9700,173,1
2026-01-28,600036,14:35:11,37.9700,239,1
2026-01-28,600036,14:35:14,37.9700,319,1
2026-01-28,600036,14:35:17,37.9600,43,2
2026-01-28,600036,14:35:20,37.9700,64,1
2026-01-28,600036,14:35:23,37.9700,4,1
2026-01-28,600036,14:35:26,37.9600,359,2
2026-01-28,600036,14:35:29,37.9800,417,1
2026-01-28,600036,14:35:32,37.9600,88,2
2026-01-28,600036,14:35:35,37.9600,105,2
2026-01-28,600036,14:35:38,37.9600,32,2
2026-01-28,600036,14:35:41,37.9700,28,1
2026-01-28,600036,14:35:44,37.9500,367,2
2026-01-28,600036,14:35:47,37.9600,72,1
2026-01-28,600036,14:35:50,37.9600,39,1
2026-01-28,600036,14:35:53,37.9700,570,1
2026-01-28,600036,14:35:56,37.9600,231,2
2026-01-28,600036,14:35:59,37.9700,875,1
2026-01-28,600036,14:36:02,37.9600,338,2
2026-01-28,600036,14:36:05,37.9700,117,1
2026-01-28,600036,14:36:08,37.9600,1968,2
2026-01-28,600036,14:36:11,37.9500,1634,2
2026-01-28,600036,14:36:14,37.9200,2345,2
2026-01-28,600036,14:36:17,37.9100,2506,2
2026-01-28,600036,14:36:20,37.9200,1211,1
2026-01-28,600036,14:36:23,37.9300,1482,2
2026-01-28,600036,14:36:26,37.9300,803,2
2026-01-28,600036,14:36:29,37.9400,869,1
2026-01-28,600036,14:36:32,37.9300,347,2
2026-01-28,600036,14:36:35,37.9300,259,1
2026-01-28,600036,14:36:38,37.9300,171,2
2026-01-28,600036,14:36:41,37.9300,665,1
2026-01-28,600036,14:36:44,37.9300,829,1
2026-01-28,600036,14:36:47,37.9300,442,4
2026-01-28,600036,14:36:50,37.9000,351,2
2026-01-28,600036,14:36:53,37.9400,818,1
2026-01-28,600036,14:36:56,37.9000,6039,2
2026-01-28,600036,14:36:59,37.8900,1080,2
2026-01-28,600036,14:37:02,37.9200,535,1
2026-01-28,600036,14:37:05,37.9200,497,1
2026-01-28,600036,14:37:08,37.9000,966,2
2026-01-28,600036,14:37:11,37.9000,823,2
2026-01-28,600036,14:37:14,37.9200,844,1
2026-01-28,600036,14:37:17,37.9000,593,2
2026-01-28,600036,14:37:20,37.9100,413,4
2026-01-28,600036,14:37:23,37.8900,709,2
2026-01-28,600036,14:37:26,37.8900,674,2
2026-01-28,600036,14:37:29,37.8900,510,2
2026-01-28,600036,14:37:32,37.8900,589,2
2026-01-28,600036,14:37:35,37.9000,910,4
2026-01-28,600036,14:37:38,37.8800,643,2
2026-01-28,600036,14:37:41,37.8800,819,2
2026-01-28,600036,14:37:44,37.8900,237,4
2026-01-28,600036,14:37:47,37.8900,217,2
2026-01-28,600036,14:37:50,37.8900,861,2
2026-01-28,600036,14:37:53,37.9000,255,2
2026-01-28,600036,14:37:56,37.9100,305,1
2026-01-28,600036,14:37:59,37.9100,364,1
2026-01-28,600036,14:38:02,37.9100,467,1
2026-01-28,600036,14:38:05,37.9000,629,4
2026-01-28,600036,14:38:08,37.8900,1927,2
2026-01-28,600036,14:38:11,37.8900,276,1
2026-01-28,600036,14:38:14,37.8800,594,2
2026-01-28,600036,14:38:17,37.8900,317,1
2026-01-28,600036,14:38:20,37.8800,206,2
2026-01-28,600036,14:38:23,37.8800,3165,2
2026-01-28,600036,14:38:26,37.8800,620,1
2026-01-28,600036,14:38:29,37.8800,779,1
2026-01-28,600036,14:38:32,37.8700,501,2
2026-01-28,600036,14:38:35,37.8700,1065,1
2026-01-28,600036,14:38:38,37.8500,1064,2
2026-01-28,600036,14:38:41,37.8700,639,1
2026-01-28,600036,14:38:44,37.8700,483,1
2026-01-28,600036,14:38:47,37.8500,575,2
2026-01-28,600036,14:38:50,37.8400,4924,2
2026-01-28,600036,14:38:53,37.8500,518,1
2026-01-28,600036,14:38:56,37.8600,841,4
2026-01-28,600036,14:38:59,37.8500,745,2
2026-01-28,600036,14:39:02,37.8500,656,2
2026-01-28,600036,14:39:05,37.8400,401,2
2026-01-28,600036,14:39:08,37.8500,373,2
2026-01-28,600036,14:39:11,37.8600,451,1
2026-01-28,600036,14:39:14,37.8500,227,2
2026-01-28,600036,14:39:17,37.8500,591,2
2026-01-28,600036,14:39:20,37.8600,206,1
2026-01-28,600036,14:39:23,37.8700,556,1
2026-01-28,600036,14:39:26,37.8600,420,2
2026-01-28,600036,14:39:29,37.8500,142,2
2026-01-28,600036,14:39:32,37.8800,743,1
2026-01-28,600036,14:39:35,37.8700,1076,2
2026-01-28,600036,14:39:38,37.8600,318,2
2026-01-28,600036,14:39:41,37.8700,176,2
2026-01-28,600036,14:39:44,37.8700,222,1
2026-01-28,600036,14:39:47,37.8700,233,1
2026-01-28,600036,14:39:50,37.8600,744,2
2026-01-28,600036,14:39:53,37.8600,831,2
2026-01-28,600036,14:39:56,37.8500,534,2
2026-01-28,600036,14:39:59,37.8400,503,2
2026-01-28,600036,14:40:02,37.8600,531,1
2026-01-28,600036,14:40:05,37.8500,349,2
2026-01-28,600036,14:40:08,37.8500,130,2
2026-01-28,600036,14:40:11,37.8600,364,1
2026-01-28,600036,14:40:14,37.8400,339,2
2026-01-28,600036,14:40:17,37.8400,482,2
2026-01-28,600036,14:40:20,37.8500,416,1
2026-01-28,600036,14:40:23,37.8400,1403,4
2026-01-28,600036,14:40:26,37.8600,1708,1
2026-01-28,600036,14:40:29,37.8600,391,2
2026-01-28,600036,14:40:32,37.8300,287,2
2026-01-28,600036,14:40:35,37.8700,307,1
2026-01-28,600036,14:40:38,37.8600,140,4
2026-01-28,600036,14:40:41,37.8600,454,1
2026-01-28,600036,14:40:44,37.8500,517,2
2026-01-28,600036,14:40:47,37.8500,357,1
2026-01-28,600036,14:40:50,37.8500,792,2
2026-01-28,600036,14:40:53,37.8500,285,1
2026-01-28,600036,14:40:56,37.8600,909,1
2026-01-28,600036,14:40:59,37.8500,279,2
2026-01-28,600036,14:41:02,37.8500,277,1
2026-01-28,600036,14:41:05,37.8600,284,1
2026-01-28,600036,14:41:08,37.8400,1094,2
2026-01-28,600036,14:41:11,37.8400,503,1
2026-01-28,600036,14:41:14,37.8500,938,1
2026-01-28,600036,14:41:17,37.8400,665,2
2026-01-28,600036,14:41:20,37.8200,640,2
2026-01-28,600036,14:41:23,37.8400,451,1
2026-01-28,600036,14:41:26,37.8300,2576,2
2026-01-28,600036,14:41:29,37.8200,675,2
2026-01-28,600036,14:41:32,37.8500,591,1
2026-01-28,600036,14:41:35,37.8200,373,2
2026-01-28,600036,14:41:38,37.8200,392,2
2026-01-28,600036,14:41:41,37.8200,301,2
2026-01-28,600036,14:41:44,37.8300,560,1
2026-01-28,600036,14:41:47,37.8300,991,1
2026-01-28,600036,14:41:50,37.8300,912,2
2026-01-28,600036,14:41:53,37.8400,541,1
2026-01-28,600036,14:41:56,37.8400,390,1
2026-01-28,600036,14:41:59,37.8400,422,1
2026-01-28,600036,14:42:02,37.8300,433,2
2026-01-28,600036,14:42:05,37.8300,262,1
2026-01-28,600036,14:42:08,37.8300,810,1
2026-01-28,600036,14:42:11,37.8300,735,2
2026-01-28,600036,14:42:14,37.8300,254,1
2026-01-28,600036,14:42:17,37.8300,310,1
2026-01-28,600036,14:42:20,37.8300,907,2
2026-01-28,600036,14:42:23,37.8200,2134,2
2026-01-28,600036,14:42:26,37.8300,1921,1
2026-01-28,600036,14:42:29,37.8300,465,2
2026-01-28,600036,14:42:32,37.8300,569,1
2026-01-28,600036,14:42:35,37.8100,2772,2
2026-01-28,600036,14:42:38,37.8200,898,1
2026-01-28,600036,14:42:41,37.8000,7070,2
2026-01-28,600036,14:42:44,37.8000,823,2
2026-01-28,600036,14:42:47,37.8600,1386,1
2026-01-28,600036,14:42:50,37.7800,28500,2
2026-01-28,600036,14:42:53,37.7900,3003,1
2026-01-28,600036,14:42:56,37.8100,3278,1
2026-01-28,600036,14:42:59,37.7800,483,2
2026-01-28,600036,14:43:02,37.7800,803,2
2026-01-28,600036,14:43:05,37.7900,901,2
2026-01-28,600036,14:43:08,37.7900,2935,1
2026-01-28,600036,14:43:11,37.7900,2899,1
2026-01-28,600036,14:43:14,37.7900,1173,1
2026-01-28,600036,14:43:17,37.7900,357,2
2026-01-28,600036,14:43:20,37.7800,526,2
2026-01-28,600036,14:43:23,37.7600,1334,2
2026-01-28,600036,14:43:26,37.7800,9290,4
2026-01-28,600036,14:43:29,37.8100,1227,2
2026-01-28,600036,14:43:32,37.8100,310,2
2026-01-28,600036,14:43:35,37.7800,570,2
2026-01-28,600036,14:43:38,37.7900,818,1
2026-01-28,600036,14:43:41,37.8300,1113,1
2026-01-28,600036,14:43:44,37.7900,763,2
2026-01-28,600036,14:43:47,37.7900,824,1
2026-01-28,600036,14:43:50,37.7900,990,1
2026-01-28,600036,14:43:53,37.8100,707,1
2026-01-28,600036,14:43:56,37.7700,498,2
2026-01-28,600036,14:43:59,37.7800,980,1
2026-01-28,600036,14:44:02,37.7800,827,1
2026-01-28,600036,14:44:05,37.8100,936,1
2026-01-28,600036,14:44:08,37.8100,683,1
2026-01-28,600036,14:44:11,37.8100,522,2
2026-01-28,600036,14:44:14,37.7800,713,2
2026-01-28,600036,14:44:17,37.8100,994,1
2026-01-28,600036,14:44:20,37.8400,2816,1
2026-01-28,600036,14:44:23,37.8000,2437,2
2026-01-28,600036,14:44:26,37.8100,819,1
2026-01-28,600036,14:44:29,37.8100,335,2
2026-01-28,600036,14:44:32,37.8100,360,2
2026-01-28,600036,14:44:35,37.8000,3085,2
2026-01-28,600036,14:44:38,37.8400,382,1
2026-01-28,600036,14:44:41,37.7900,785,2
2026-01-28,600036,14:44:44,37.7900,933,2
2026-01-28,600036,14:44:47,37.8000,2967,2
2026-01-28,600036,14:44:50,37.8000,420,2
2026-01-28,600036,14:44:53,37.8000,458,2
2026-01-28,600036,14:44:56,37.8400,568,1
2026-01-28,600036,14:44:59,37.8000,557,2
2026-01-28,600036,14:45:02,37.8100,461,1
2026-01-28,600036,14:45:05,37.8100,1420,1
2026-01-28,600036,14:45:08,37.8100,384,2
2026-01-28,600036,14:45:11,37.8300,1216,1
2026-01-28,600036,14:45:14,37.8000,765,2
2026-01-28,600036,14:45:17,37.8100,607,2
2026-01-28,600036,14:45:20,37.8000,510,2
2026-01-28,600036,14:45:23,37.8100,531,2
2026-01-28,600036,14:45:26,37.8200,567,2
2026-01-28,600036,14:45:29,37.8200,569,2
2026-01-28,600036,14:45:32,37.8100,618,2
2026-01-28,600036,14:45:35,37.8200,560,2
2026-01-28,600036,14:45:38,37.8200,469,2
2026-01-28,600036,14:45:41,37.8600,756,1
2026-01-28,600036,14:45:44,37.8500,358,2
2026-01-28,600036,14:45:47,37.8400,592,2
2026-01-28,600036,14:45:50,37.8200,913,2
2026-01-28,600036,14:45:53,37.8000,1022,2
2026-01-28,600036,14:45:56,37.8000,1030,2
2026-01-28,600036,14:45:59,37.8100,807,1
2026-01-28,600036,14:46:02,37.8000,813,2
2026-01-28,600036,14:46:05,37.8000,419,2
2026-01-28,600036,14:46:08,37.7900,822,2
2026-01-28,600036,14:46:11,37.7900,825,2
2026-01-28,600036,14:46:14,37.7900,754,2
2026-01-28,600036,14:46:17,37.7900,1080,1
2026-01-28,600036,14:46:20,37.7900,459,2
2026-01-28,600036,14:46:23,37.7800,894,2
2026-01-28,600036,14:46:26,37.8100,306,1
2026-01-28,600036,14:46:29,37.8100,1504,1
2026-01-28,600036,14:46:32,37.7900,1227,2
2026-01-28,600036,14:46:35,37.8000,732,2
2026-01-28,600036,14:46:38,37.7800,1659,2
2026-01-28,600036,14:46:41,37.7900,848,4
2026-01-28,600036,14:46:44,37.7900,2520,2
2026-01-28,600036,14:46:47,37.8300,505,1
2026-01-28,600036,14:46:50,37.8400,517,1
2026-01-28,600036,14:46:53,37.8100,489,2
2026-01-28,600036,14:46:56,37.8100,558,2
2026-01-28,600036,14:46:59,37.7800,508,2
2026-01-28,600036,14:47:02,37.7900,782,2
2026-01-28,600036,14:47:05,37.8100,670,1
2026-01-28,600036,14:47:08,37.8300,903,1
2026-01-28,600036,14:47:11,37.7900,547,2
2026-01-28,600036,14:47:14,37.7900,726,2
2026-01-28,600036,14:47:17,37.7900,545,2
2026-01-28,600036,14:47:20,37.7900,703,2
2026-01-28,600036,14:47:23,37.8000,661,1
2026-01-28,600036,14:47:26,37.7800,610,2
2026-01-28,600036,14:47:29,37.7900,653,4
2026-01-28,600036,14:47:32,37.7900,1215,2
2026-01-28,600036,14:47:35,37.7800,974,2
2026-01-28,600036,14:47:38,37.7700,1957,2
2026-01-28,600036,14:47:41,37.8000,958,1
2026-01-28,600036,14:47:44,37.7800,2953,2
2026-01-28,600036,14:47:47,37.8000,2131,1
2026-01-28,600036,14:47:50,37.7900,1911,2
2026-01-28,600036,14:47:53,37.8000,1955,2
2026-01-28,600036,14:47:56,37.8500,1574,1
2026-01-28,600036,14:47:59,37.8200,2113,1
2026-01-28,600036,14:48:02,37.8100,931,2
2026-01-28,600036,14:48:05,37.8200,2107,1
2026-01-28,600036,14:48:08,37.7900,3158,2
2026-01-28,600036,14:48:11,37.8000,990,2
2026-01-28,600036,14:48:14,37.8300,1351,1
2026-01-28,600036,14:48:17,37.7800,2747,2
2026-01-28,600036,14:48:20,37.8000,1519,4
2026-01-28,600036,14:48:23,37.7900,853,2
2026-01-28,600036,14:48:26,37.8600,2399,1
2026-01-28,600036,14:48:29,37.8300,1372,2
2026-01-28,600036,14:48:32,37.8300,861,2
2026-01-28,600036,14:48:35,37.8300,1124,2
2026-01-28,600036,14:48:38,37.8400,159,1
2026-01-28,600036,14:48:41,37.8300,922,2
2026-01-28,600036,14:48:44,37.8300,484,1
2026-01-28,600036,14:48:47,37.8500,287,1
2026-01-28,600036,14:48:50,37.8600,506,1
2026-01-28,600036,14:48:53,37.8700,246,4
2026-01-28,600036,14:48:56,37.8700,459,1
2026-01-28,600036,14:48:59,37.8300,505,2
2026-01-28,600036,14:49:02,37.8200,687,2
2026-01-28,600036,14:49:05,37.8500,478,1
2026-01-28,600036,14:49:08,37.8900,464,1
2026-01-28,600036,14:49:11,37.8600,346,2
2026-01-28,600036,14:49:14,37.8700,263,1
2026-01-28,600036,14:49:17,37.8300,639,2
2026-01-28,600036,14:49:20,37.8600,497,1
2026-01-28,600036,14:49:23,37.8400,361,2
2026-01-28,600036,14:49:26,37.8600,502,1
2026-01-28,600036,14:49:29,37.8600,264,1
2026-01-28,600036,14:49:32,37.8300,322,2
2026-01-28,600036,14:49:35,37.8300,538,2
2026-01-28,600036,14:49:38,37.8500,343,1
2026-01-28,600036,14:49:41,37.8800,350,1
2026-01-28,600036,14:49:44,37.8400,978,2
2026-01-28,600036,14:49:47,37.8600,304,2
2026-01-28,600036,14:49:50,37.8100,440,2
2026-01-28,600036,14:49:53,37.8400,364,1
2026-01-28,600036,14:49:56,37.8100,435,2
2026-01-28,600036,14:49:59,37.8200,943,2
2026-01-28,600036,14:50:02,37.8200,914,1
2026-01-28,600036,14:50:05,37.8000,281,2
2026-01-28,600036,14:50:08,37.8000,736,2
2026-01-28,600036,14:50:11,37.8400,475,1
2026-01-28,600036,14:50:14,37.8000,1358,2
2026-01-28,600036,14:50:17,37.8000,480,4
2026-01-28,600036,14:50:20,37.8000,1587,2
2026-01-28,600036,14:50:23,37.8000,751,2
2026-01-28,600036,14:50:26,37.7900,273,2
2026-01-28,600036,14:50:29,37.8000,782,2
2026-01-28,600036,14:50:32,37.8000,456,2
2026-01-28,600036,14:50:35,37.8000,536,1
2026-01-28,600036,14:50:38,37.7900,608,2
2026-01-28,600036,14:50:41,37.8000,452,1
2026-01-28,600036,14:50:44,37.8000,253,2
2026-01-28,600036,14:50:47,37.8000,627,2
2026-01-28,600036,14:50:50,37.8200,1839,1
2026-01-28,600036,14:50:53,37.8000,529,2
2026-01-28,600036,14:50:56,37.8200,395,1
2026-01-28,600036,14:50:59,37.8000,606,2
2026-01-28,600036,14:51:02,37.8200,526,1
2026-01-28,600036,14:51:05,37.8100,731,2
2026-01-28,600036,14:51:08,37.8100,712,1
2026-01-28,600036,14:51:11,37.8100,602,1
2026-01-28,600036,14:51:14,37.8000,721,2
2026-01-28,600036,14:51:17,37.8400,384,1
2026-01-28,600036,14:51:20,37.8100,497,2
2026-01-28,600036,14:51:23,37.7900,447,2
2026-01-28,600036,14:51:26,37.8000,558,4
2026-01-28,600036,14:51:29,37.8100,453,1
2026-01-28,600036,14:51:32,37.8100,504,1
2026-01-28,600036,14:51:35,37.8200,804,1
2026-01-28,600036,14:51:38,37.8000,675,2
2026-01-28,600036,14:51:41,37.8000,376,2
2026-01-28,600036,14:51:44,37.8000,465,2
2026-01-28,600036,14:51:47,37.8000,513,2
2026-01-28,600036,14:51:50,37.8100,307,2
2026-01-28,600036,14:51:53,37.8000,884,2
2026-01-28,600036,14:51:56,37.8200,914,1
2026-01-28,600036,14:51:59,37.8300,478,4
2026-01-28,600036,14:52:02,37.8200,536,2
2026-01-28,600036,14:52:05,37.8300,673,1
2026-01-28,600036,14:52:08,37.8200,484,2
2026-01-28,600036,14:52:11,37.8300,443,1
2026-01-28,600036,14:52:14,37.8400,352,1
2026-01-28,600036,14:52:17,37.8500,277,1
2026-01-28,600036,14:52:20,37.8500,250,1
2026-01-28,600036,14:52:23,37.8500,395,1
2026-01-28,600036,14:52:26,37.8500,389,1
2026-01-28,600036,14:52:29,37.8500,506,1
2026-01-28,600036,14:52:32,37.8500,412,1
2026-01-28,600036,14:52:35,37.8900,596,1
2026-01-28,600036,14:52:38,37.8800,606,4
2026-01-28,600036,14:52:41,37.8800,273,2
2026-01-28,600036,14:52:44,37.8800,507,2
2026-01-28,600036,14:52:47,37.8700,281,2
2026-01-28,600036,14:52:50,37.8700,179,2
2026-01-28,600036,14:52:53,37.8700,197,1
2026-01-28,600036,14:52:56,37.8500,432,2
2026-01-28,600036,14:52:59,37.8700,213,1
2026-01-28,600036,14:53:02,37.8900,254,1
2026-01-28,600036,14:53:05,37.8800,822,2
2026-01-28,600036,14:53:08,37.8700,316,2
2026-01-28,600036,14:53:11,37.8700,121,1
2026-01-28,600036,14:53:14,37.8800,1110,1
2026-01-28,600036,14:53:17,37.8800,200,1
2026-01-28,600036,14:53:20,37.8600,352,2
2026-01-28,600036,14:53:23,37.8700,123,1
2026-01-28,600036,14:53:26,37.8600,812,2
2026-01-28,600036,14:53:29,37.8700,589,1
2026-01-28,600036,14:53:32,37.8600,269,2
2026-01-28,600036,14:53:35,37.8700,262,1
2026-01-28,600036,14:53:38,37.8700,502,2
2026-01-28,600036,14:53:41,37.8700,438,1
2026-01-28,600036,14:53:44,37.8800,143,1
2026-01-28,600036,14:53:47,37.8600,209,2
2026-01-28,600036,14:53:50,37.8700,275,4
2026-01-28,600036,14:53:53,37.8600,461,2
2026-01-28,600036,14:53:56,37.8500,826,2
2026-01-28,600036,14:53:59,37.8700,1088,1
2026-01-28,600036,14:54:02,37.8200,793,2
2026-01-28,600036,14:54:05,37.8500,520,1
2026-01-28,600036,14:54:08,37.8200,517,2
2026-01-28,600036,14:54:11,37.8500,452,1
2026-01-28,600036,14:54:14,37.8400,352,2
2026-01-28,600036,14:54:17,37.8500,190,1
2026-01-28,600036,14:54:20,37.8400,199,2
2026-01-28,600036,14:54:23,37.8500,224,1
2026-01-28,600036,14:54:26,37.8500,1298,1
2026-01-28,600036,14:54:29,37.8300,413,2
2026-01-28,600036,14:54:32,37.8400,163,4
2026-01-28,600036,14:54:35,37.8200,278,2
2026-01-28,600036,14:54:38,37.8300,352,2
2026-01-28,600036,14:54:41,37.8300,299,2
2026-01-28,600036,14:54:44,37.8200,377,2
2026-01-28,600036,14:54:47,37.8400,282,1
2026-01-28,600036,14:54:50,37.8300,787,1
2026-01-28,600036,14:54:53,37.8300,351,1
2026-01-28,600036,14:54:56,37.8400,664,1
2026-01-28,600036,14:54:59,37.8300,722,2
2026-01-28,600036,14:55:02,37.8400,290,4
2026-01-28,600036,14:55:05,37.8300,272,2
2026-01-28,600036,14:55:08,37.8400,480,1
2026-01-28,600036,14:55:11,37.8300,402,2
2026-01-28,600036,14:55:14,37.8200,360,2
2026-01-28,600036,14:55:17,37.8300,579,1
2026-01-28,600036,14:55:20,37.8100,568,2
2026-01-28,600036,14:55:23,37.8100,1557,2
2026-01-28,600036,14:55:26,37.8100,694,2
2026-01-28,600036,14:55:29,37.8100,439,2
2026-01-28,600036,14:55:32,37.8100,559,2
2026-01-28,600036,14:55:35,37.8200,413,1
2026-01-28,600036,14:55:38,37.8100,458,2
2026-01-28,600036,14:55:41,37.8100,643,2
2026-01-28,600036,14:55:44,37.8100,667,2
2026-01-28,600036,14:55:47,37.8200,344,1
2026-01-28,600036,14:55:50,37.8200,378,1
2026-01-28,600036,14:55:53,37.8200,232,2
2026-01-28,600036,14:55:56,37.8100,158,2
2026-01-28,600036,14:55:59,37.8300,357,1
2026-01-28,600036,14:56:02,37.8200,1095,2
2026-01-28,600036,14:56:05,37.8200,369,1
2026-01-28,600036,14:56:08,37.8200,178,1
2026-01-28,600036,14:56:11,37.8200,328,1
2026-01-28,600036,14:56:14,37.8300,150,1
2026-01-28,600036,14:56:17,37.8300,190,1
2026-01-28,600036,14:56:20,37.8200,137,2
2026-01-28,600036,14:56:23,37.8200,761,2
2026-01-28,600036,14:56:26,37.8200,399,1
2026-01-28,600036,14:56:29,37.8300,765,1
2026-01-28,600036,14:56:32,37.8300,196,1
2026-01-28,600036,14:56:35,37.8300,215,1
2026-01-28,600036,14:56:38,37.8200,270,1
2026-01-28,600036,14:56:41,37.8100,552,2
2026-01-28,600036,14:56:44,37.8200,286,1
2026-01-28,600036,14:56:47,37.8000,3749,2
2026-01-28,600036,14:56:50,37.8100,2987,1
2026-01-28,600036,14:56:53,37.8000,1704,2
2026-01-28,600036,14:56:56,37.7900,149,2
2026-01-28,600036,14:56:59,37.8100,74,1
2026-01-28,600036,14:57:02,37.8100,14,1
2026-01-28,600036,15:00:03,37.8000,13086,4
2026-01-28,600036,13:16:53,37.8800,1036,2
2026-01-28,600036,13:16:56,37.8700,372,2
2026-01-28,600036,13:16:59,37.8800,173,2
2026-01-28,600036,13:17:02,37.8800,261,1
2026-01-28,600036,13:17:05,37.8800,391,1
2026-01-28,600036,13:17:08,37.8700,509,2
2026-01-28,600036,13:17:11,37.8600,660,2
2026-01-28,600036,13:17:14,37.8700,232,2
2026-01-28,600036,13:17:17,37.8600,296,2
2026-01-28,600036,13:17:20,37.8600,860,2
2026-01-28,600036,13:17:23,37.8600,864,1
2026-01-28,600036,13:17:26,37.8400,1684,2
2026-01-28,600036,13:17:29,37.8400,168,2
2026-01-28,600036,13:17:32,37.8800,1421,1
2026-01-28,600036,13:17:35,37.8400,1002,2
2026-01-28,600036,13:17:38,37.8700,311,4
2026-01-28,600036,13:17:41,37.8600,472,2
2026-01-28,600036,13:17:44,37.8800,71,1
2026-01-28,600036,13:17:47,37.8900,1209,1
2026-01-28,600036,13:17:50,37.8900,556,2
2026-01-28,600036,13:17:53,37.9000,922,2
2026-01-28,600036,13:17:56,37.9100,73,4
2026-01-28,600036,13:17:59,37.9000,844,2
2026-01-28,600036,13:18:02,37.9000,548,1
2026-01-28,600036,13:18:05,37.8900,654,2
2026-01-28,600036,13:18:08,37.8900,661,2
2026-01-28,600036,13:18:11,37.9100,466,2
2026-01-28,600036,13:18:14,37.9000,470,2
2026-01-28,600036,13:18:17,37.9000,613,2
2026-01-28,600036,13:18:20,37.9300,578,1
2026-01-28,600036,13:18:23,37.8900,481,2
2026-01-28,600036,13:18:26,37.8900,440,2
2026-01-28,600036,13:18:29,37.9200,255,1
2026-01-28,600036,13:18:32,37.9100,285,2
2026-01-28,600036,13:18:35,37.9100,166,1
2026-01-28,600036,13:18:38,37.9100,185,1
2026-01-28,600036,13:18:41,37.9100,74,2
2026-01-28,600036,13:18:44,37.9100,380,1
2026-01-28,600036,13:18:47,37.9200,282,1
2026-01-28,600036,13:18:50,37.9100,379,4
2026-01-28,600036,13:18:53,37.9400,1080,1
2026-01-28,600036,13:18:56,37.9400,558,1
2026-01-28,600036,13:18:59,37.9200,328,2
2026-01-28,600036,13:19:02,37.9200,573,2
2026-01-28,600036,13:19:05,37.9000,995,2
2026-01-28,600036,13:19:08,37.9200,327,1
2026-01-28,600036,13:19:11,37.9100,808,4
2026-01-28,600036,13:19:14,37.9200,219,2
2026-01-28,600036,13:19:17,37.9200,286,2
2026-01-28,600036,13:19:20,37.9400,207,1
2026-01-28,600036,13:19:23,37.9400,118,1
2026-01-28,600036,13:19:26,37.9200,500,2
2026-01-28,600036,13:19:29,37.9400,192,2
2026-01-28,600036,13:19:32,37.9400,235,1
2026-01-28,600036,13:19:35,37.9600,370,1
2026-01-28,600036,13:19:38,37.9300,476,2
2026-01-28,600036,13:19:41,37.9600,158,1
2026-01-28,600036,13:19:44,37.9400,380,2
2026-01-28,600036,13:19:47,37.9300,212,2
2026-01-28,600036,13:19:50,37.9300,535,2
2026-01-28,600036,13:19:53,37.9200,492,2
2026-01-28,600036,13:19:56,37.9300,198,1
2026-01-28,600036,13:19:59,37.9200,421,2
2026-01-28,600036,13:20:02,37.9100,690,2
2026-01-28,600036,13:20:05,37.9200,526,1
2026-01-28,600036,13:20:08,37.9400,437,1
2026-01-28,600036,13:20:11,37.9100,460,2
2026-01-28,600036,13:20:14,37.9400,582,1
2026-01-28,600036,13:20:17,37.9300,80,1
2026-01-28,600036,13:20:20,37.9200,542,2
2026-01-28,600036,13:20:23,37.9500,720,1
2026-01-28,600036,13:20:26,37.9500,241,1
2026-01-28,600036,13:20:29,37.9600,769,1
2026-01-28,600036,13:20:32,37.9600,98,1
2026-01-28,600036,13:20:35,37.9400,382,2
2026-01-28,600036,13:20:38,37.9200,365,2
2026-01-28,600036,13:20:41,37.9200,616,2
2026-01-28,600036,13:20:44,37.9200,1096,1
2026-01-28,600036,13:20:47,37.9100,1108,2
2026-01-28,600036,13:20:50,37.9500,192,1
2026-01-28,600036,13:20:53,37.9600,654,1
2026-01-28,600036,13:20:56,37.9100,341,2
2026-01-28,600036,13:20:59,37.9400,592,1
2026-01-28,600036,13:21:02,37.9000,268,2
2026-01-28,600036,13:21:05,37.9500,1177,1
2026-01-28,600036,13:21:08,37.9200,333,2
2026-01-28,600036,13:21:11,37.9000,280,2
2026-01-28,600036,13:21:14,37.9200,878,2
2026-01-28,600036,13:21:17,37.9300,181,2
2026-01-28,600036,13:21:20,37.9200,510,2
2026-01-28,600036,13:21:23,37.9300,518,4
2026-01-28,600036,13:21:26,37.9200,264,2
2026-01-28,600036,13:21:29,37.9200,723,1
2026-01-28,600036,13:21:32,37.9100,321,2
2026-01-28,600036,13:21:35,37.9100,1036,1
2026-01-28,600036,13:21:38,37.8900,421,2
2026-01-28,600036,13:21:41,37.9000,737,1
2026-01-28,600036,13:21:44,37.8900,2288,4
2026-01-28,600036,13:21:47,37.9100,315,1
2026-01-28,600036,13:21:50,37.8900,993,2
2026-01-28,600036,13:21:53,37.8900,638,2
2026-01-28,600036,13:21:56,37.8900,471,1
2026-01-28,600036,13:21:59,37.9000,651,1
2026-01-28,600036,13:22:02,37.9200,193,1
2026-01-28,600036,13:22:05,37.9000,368,2
2026-01-28,600036,13:22:08,37.9100,118,4
2026-01-28,600036,13:22:11,37.9000,477,2
2026-01-28,600036,13:22:14,37.9000,198,2
2026-01-28,600036,13:22:17,37.9200,484,1
2026-01-28,600036,13:22:20,37.9100,108,2
2026-01-28,600036,13:22:23,37.9000,658,2
2026-01-28,600036,13:22:26,37.8800,775,2
2026-01-28,600036,13:22:29,37.8800,946,2
2026-01-28,600036,13:22:32,37.9100,277,1
2026-01-28,600036,13:22:35,37.9100,121,1
2026-01-28,600036,13:22:38,37.9000,189,1
2026-01-28,600036,13:22:41,37.9000,140,2
2026-01-28,600036,13:22:44,37.9100,502,1
2026-01-28,600036,13:22:47,37.9000,110,2
2026-01-28,600036,13:22:50,37.8900,321,2
2026-01-28,600036,13:22:53,37.8600,835,2
2026-01-28,600036,13:22:56,37.8800,245,2
2026-01-28,600036,13:22:59,37.8800,813,1
2026-01-28,600036,13:23:02,37.8900,318,1
2026-01-28,600036,13:23:05,37.8900,378,4
2026-01-28,600036,13:23:08,37.8900,426,2
2026-01-28,600036,13:23:11,37.9100,544,1
2026-01-28,600036,13:23:14,37.8800,878,2
2026-01-28,600036,13:23:17,37.8800,612,2
2026-01-28,600036,13:23:20,37.8800,625,1
2026-01-28,600036,13:23:23,37.8700,356,2
2026-01-28,600036,13:23:26,37.8600,919,2
2026-01-28,600036,13:23:29,37.8800,244,1
2026-01-28,600036,13:23:32,37.8700,641,2
2026-01-28,600036,13:23:35,37.8800,120,1
2026-01-28,600036,13:23:38,37.8800,524,1
2026-01-28,600036,13:23:41,37.8800,174,1
2026-01-28,600036,13:23:44,37.8700,435,2
2026-01-28,600036,13:23:47,37.8700,607,1
2026-01-28,600036,13:23:50,37.8700,573,1
2026-01-28,600036,13:23:53,37.8600,455,2
2026-01-28,600036,13:23:56,37.8500,703,2
2026-01-28,600036,13:23:59,37.8600,341,2
2026-01-28,600036,13:24:02,37.8600,624,1
2026-01-28,600036,13:24:05,37.8500,1723,2
2026-01-28,600036,13:24:08,37.8600,328,4
2026-01-28,600036,13:24:11,37.8500,733,2
2026-01-28,600036,13:24:14,37.8500,640,1
2026-01-28,600036,13:24:17,37.8600,605,1
2026-01-28,600036,13:24:20,37.8600,452,1
2026-01-28,600036,13:24:23,37.8500,349,2
2026-01-28,600036,13:24:26,37.8400,554,2
2026-01-28,600036,13:24:29,37.8400,608,2
2026-01-28,600036,13:24:32,37.8400,801,2
2026-01-28,600036,13:24:35,37.8500,463,1
2026-01-28,600036,13:24:38,37.8300,310,2
2026-01-28,600036,13:24:41,37.8400,1287,4
2026-01-28,600036,13:24:44,37.8500,1490,4
2026-01-28,600036,13:24:47,37.8400,441,4
2026-01-28,600036,13:24:50,37.8500,996,1
2026-01-28,600036,13:24:53,37.8400,545,4
2026-01-28,600036,13:24:56,37.8400,946,2
2026-01-28,600036,13:24:59,37.8800,502,1
2026-01-28,600036,13:25:02,37.8600,717,2
2026-01-28,600036,13:25:05,37.8800,244,1
2026-01-28,600036,13:25:08,37.8900,546,1
2026-01-28,600036,13:25:11,37.8800,282,1
2026-01-28,600036,13:25:14,37.8600,304,2
2026-01-28,600036,13:25:17,37.8500,303,2
2026-01-28,600036,13:25:20,37.8800,520,1
2026-01-28,600036,13:25:23,37.8500,2149,2
2026-01-28,600036,13:25:26,37.8700,645,1
2026-01-28,600036,13:25:29,37.8700,504,1
2026-01-28,600036,13:25:32,37.8700,37,1
2026-01-28,600036,13:25:35,37.8800,616,1
2026-01-28,600036,13:25:38,37.8800,111,1
2026-01-28,600036,13:25:41,37.9100,412,1
2026-01-28,600036,13:25:44,37.8700,390,2
2026-01-28,600036,13:25:47,37.8900,219,1
2026-01-28,600036,13:25:50,37.8900,205,1
2026-01-28,600036,13:25:53,37.8900,274,1
2026-01-28,600036,13:25:56,37.8800,704,2
2026-01-28,600036,13:25:59,37.8800,376,2
2026-01-28,600036,13:26:02,37.8900,462,1
2026-01-28,600036,13:26:05,37.8700,484,2
2026-01-28,600036,13:26:08,37.9300,816,1
2026-01-28,600036,13:26:11,37.8900,179,2
2026-01-28,600036,13:26:14,37.8900,651,2
2026-01-28,600036,13:26:17,37.8900,660,2
2026-01-28,600036,13:26:20,37.9300,395,2
2026-01-28,600036,13:26:23,37.9300,409,2
2026-01-28,600036,13:26:26,37.9500,515,1
2026-01-28,600036,13:26:29,37.9500,166,2
2026-01-28,600036,13:26:32,37.9500,300,1
2026-01-28,600036,13:26:35,37.9500,63,1
2026-01-28,600036,13:26:38,37.9400,770,2
2026-01-28,600036,13:26:41,37.9200,144,2
2026-01-28,600036,13:26:44,37.9200,357,2
2026-01-28,600036,13:26:47,37.9100,238,2
2026-01-28,600036,13:26:50,37.9000,409,2
2026-01-28,600036,13:26:53,37.9000,401,1
2026-01-28,600036,13:26:56,37.8900,265,4
2026-01-28,600036,13:26:59,37.9000,241,1
2026-01-28,600036,13:27:02,37.9100,375,1
2026-01-28,600036,13:27:05,37.9000,692,2
2026-01-28,600036,13:27:08,37.9000,804,2
2026-01-28,600036,13:27:11,37.9100,281,1
2026-01-28,600036,13:27:14,37.9000,415,2
2026-01-28,600036,13:27:17,37.9000,475,1
2026-01-28,600036,13:27:20,37.9100,463,1
2026-01-28,600036,13:27:23,37.9000,1654,2
2026-01-28,600036,13:27:26,37.9000,220,1
2026-01-28,600036,13:27:29,37.9500,790,1
2026-01-28,600036,13:27:32,37.9200,144,2
2026-01-28,600036,13:27:35,37.9500,356,1
2026-01-28,600036,13:27:38,37.9400,415,2
2026-01-28,600036,13:27:41,37.9300,326,2
2026-01-28,600036,13:27:44,37.9400,99,2
2026-01-28,600036,13:27:47,37.9300,219,2
2026-01-28,600036,13:27:50,37.9200,161,2
2026-01-28,600036,13:27:53,37.9200,313,2
2026-01-28,600036,13:27:56,37.9200,210,2
2026-01-28,600036,13:27:59,37.9000,702,2
2026-01-28,600036,13:28:02,37.9200,356,1
2026-01-28,600036,13:28:05,37.9300,296,1
2026-01-28,600036,13:28:08,37.9400,173,1
2026-01-28,600036,13:28:11,37.9400,261,1
2026-01-28,600036,13:28:14,37.9200,317,2
2026-01-28,600036,13:28:17,37.9300,135,4
2026-01-28,600036,13:28:20,37.9300,260,1
2026-01-28,600036,13:28:23,37.9300,292,1
2026-01-28,600036,13:28:26,37.9200,326,2
2026-01-28,600036,13:28:29,37.9200,521,1
2026-01-28,600036,13:28:32,37.9200,895,2
2026-01-28,600036,13:28:35,37.9300,311,1
2026-01-28,600036,13:28:38,37.9300,253,1
2026-01-28,600036,13:28:41,37.9100,200,2
2026-01-28,600036,13:28:44,37.9300,362,1
2026-01-28,600036,13:28:47,37.9100,694,2
2026-01-28,600036,13:28:50,37.9400,100,1
2026-01-28,600036,13:28:53,37.9200,175,2
2026-01-28,600036,13:28:56,37.9300,314,1
2026-01-28,600036,13:28:59,37.9400,430,1
2026-01-28,600036,13:29:02,37.9500,117,1
2026-01-28,600036,13:29:05,37.9400,380,2
2026-01-28,600036,13:29:08,37.9300,210,2
2026-01-28,600036,13:29:11,37.9500,190,1
2026-01-28,600036,13:29:14,37.9500,117,1
2026-01-28,600036,13:29:17,37.9300,138,2
2026-01-28,600036,13:29:20,37.9200,88,2
2026-01-28,600036,13:29:23,37.9400,111,1
2026-01-28,600036,13:29:26,37.9400,47,1
2026-01-28,600036,13:29:29,37.9300,415,1
2026-01-28,600036,13:29:32,37.9400,548,1
2026-01-28,600036,13:29:35,37.9300,120,2
2026-01-28,600036,13:29:38,37.9200,280,2
2026-01-28,600036,13:29:41,37.9100,285,2
2026-01-28,600036,13:29:44,37.9000,954,2
2026-01-28,600036,13:29:47,37.9100,411,4
2026-01-28,600036,13:29:50,37.9400,256,1
2026-01-28,600036,13:29:53,37.9100,222,2
2026-01-28,600036,13:29:56,37.9400,124,1
2026-01-28,600036,13:29:59,37.9300,210,4
2026-01-28,600036,13:30:02,37.9200,267,2
2026-01-28,600036,13:30:05,37.9300,270,1
2026-01-28,600036,13:30:08,37.9200,499,2
2026-01-28,600036,13:30:11,37.9200,418,2
2026-01-28,600036,13:30:14,37.9100,345,2
2026-01-28,600036,13:30:17,37.9000,502,2
2026-01-28,600036,13:30:20,37.9000,182,2
2026-01-28,600036,13:30:23,37.9100,280,4
2026-01-28,600036,13:30:26,37.9500,1908,1
2026-01-28,600036,13:30:29,37.9900,603,1
2026-01-28,600036,13:30:32,37.9900,231,1
2026-01-28,600036,13:30:35,37.9500,24,2
2026-01-28,600036,13:30:38,37.9500,158,2
2026-01-28,600036,13:30:41,37.9800,213,1
2026-01-28,600036,13:30:44,37.9500,346,2
2026-01-28,600036,13:30:47,37.9400,138,2
2026-01-28,600036,13:30:50,37.9300,598,2
2026-01-28,600036,13:30:53,37.9300,744,2
2026-01-28,600036,13:30:56,37.9300,433,2
2026-01-28,600036,13:30:59,37.9300,1291,2
2026-01-28,600036,13:31:02,37.9500,818,1
2026-01-28,600036,13:31:05,37.9400,148,2
2026-01-28,600036,13:31:08,37.9400,247,2
2026-01-28,600036,13:31:11,37.9300,240,2
2026-01-28,600036,13:31:14,37.9300,509,2
2026-01-28,600036,13:31:17,37.9400,248,1
2026-01-28,600036,13:31:20,37.9400,210,2
2026-01-28,600036,13:31:23,37.9500,504,1
2026-01-28,600036,13:31:26,37.9400,122,2
2026-01-28,600036,13:31:29,37.9500,384,1
2026-01-28,600036,13:31:32,37.9600,267,1
2026-01-28,600036,13:31:35,37.9600,583,2
2026-01-28,600036,13:31:38,38.0000,79,1
2026-01-28,600036,13:31:41,38.0000,436,1
2026-01-28,600036,13:31:44,38.0200,383,1
2026-01-28,600036,13:31:47,38.0000,41,2
2026-01-28,600036,13:31:50,38.0100,92,4
2026-01-28,600036,13:31:53,38.0100,77,4
2026-01-28,600036,13:31:56,38.0200,101,1
2026-01-28,600036,13:31:59,38.0100,167,2
2026-01-28,600036,13:32:02,38.0100,235,1
2026-01-28,600036,13:32:05,38.0300,150,1
2026-01-28,600036,13:32:08,38.0500,231,1
2026-01-28,600036,13:32:11,38.0400,361,2
2026-01-28,600036,13:32:14,38.0700,160,1
2026-01-28,600036,13:32:17,38.0700,271,1
2026-01-28,600036,13:32:20,38.0700,449,2
2026-01-28,600036,13:32:23,38.0500,344,2
2026-01-28,600036,13:32:26,38.0500,582,1
2026-01-28,600036,13:32:29,38.0400,135,4
2026-01-28,600036,13:32:32,38.0300,458,2
2026-01-28,600036,13:32:35,38.0400,371,1
2026-01-28,600036,13:32:38,38.0500,62,1
2026-01-28,600036,13:32:41,38.0400,158,2
2026-01-28,600036,13:32:44,38.0400,146,2
2026-01-28,600036,13:32:47,38.0400,85,1
2026-01-28,600036,13:32:50,38.0400,22,1
2026-01-28,600036,13:32:53,38.0400,226,1
2026-01-28,600036,13:32:56,38.0400,119,1
2026-01-28,600036,13:32:59,38.0400,30,1
2026-01-28,600036,13:33:02,38.0400,211,1
2026-01-28,600036,13:33:05,38.0300,391,2
2026-01-28,600036,13:33:08,38.0200,402,2
2026-01-28,600036,13:33:11,38.0200,68,2
2026-01-28,600036,13:33:14,38.0300,37,2
2026-01-28,600036,13:33:17,38.0400,299,4
2026-01-28,600036,13:33:20,38.0400,306,1
2026-01-28,600036,13:33:23,38.0400,76,2
2026-01-28,600036,13:33:26,38.0500,41,1
2026-01-28,600036,13:33:29,38.0300,1088,2
2026-01-28,600036,13:33:32,38.0500,254,1
2026-01-28,600036,13:33:35,38.0500,32,4
2026-01-28,600036,13:33:38,38.0500,10,1
2026-01-28,600036,13:33:41,38.0400,58,2
2026-01-28,600036,13:33:44,38.0400,79,2
2026-01-28,600036,13:33:47,38.0400,244,1
2026-01-28,600036,13:33:50,38.0300,346,2
2026-01-28,600036,13:33:53,38.0300,42,2
2026-01-28,600036,13:33:56,38.0400,57,1
2026-01-28,600036,13:33:59,38.0300,202,2
2026-01-28,600036,13:34:02,38.0500,540,1
2026-01-28,600036,13:34:05,38.0400,963,2
2026-01-28,600036,13:34:08,38.0500,640,1
2026-01-28,600036,13:34:11,38.0300,459,2
2026-01-28,600036,13:34:14,38.0200,515,2
2026-01-28,600036,13:34:17,38.0200,398,2
2026-01-28,600036,13:34:20,38.0700,195,1
2026-01-28,600036,13:34:23,38.0600,323,1
2026-01-28,600036,13:34:26,38.0700,64,1
2026-01-28,600036,13:34:29,38.0700,360,1
2026-01-28,600036,13:34:32,38.0800,150,1
2026-01-28,600036,13:34:35,38.0800,175,1
2026-01-28,600036,13:34:38,38.0900,570,1
2026-01-28,600036,13:34:41,38.0900,132,1
2026-01-28,600036,13:34:44,38.0800,523,2
2026-01-28,600036,13:34:47,38.0800,322,1
2026-01-28,600036,13:34:50,38.0800,189,1
2026-01-28,600036,13:34:53,38.0800,97,1
2026-01-28,600036,13:34:56,38.1100,1572,1
2026-01-28,600036,13:34:59,38.1200,592,1
2026-01-28,600036,13:35:02,38.1100,298,4
2026-01-28,600036,13:35:05,38.1300,355,1
2026-01-28,600036,13:35:08,38.1300,88,1
2026-01-28,600036,13:35:11,38.1000,526,2
2026-01-28,600036,13:35:14,38.0900,315,2
2026-01-28,600036,13:35:17,38.0700,1462,2
2026-01-28,600036,13:35:20,38.0700,330,1
2026-01-28,600036,13:35:23,38.0700,308,1
2026-01-28,600036,13:35:26,38.0700,168,2
2026-01-28,600036,13:35:29,38.0800,56,1
2026-01-28,600036,13:35:32,38.0700,349,2
2026-01-28,600036,13:35:35,38.0700,126,1
2026-01-28,600036,13:35:38,38.0800,508,1
2026-01-28,600036,13:35:41,38.0800,987,1
2026-01-28,600036,13:35:44,38.1000,446,1
2026-01-28,600036,13:35:47,38.1100,410,1
2026-01-28,600036,13:35:50,38.1300,354,1
2026-01-28,600036,13:35:53,38.1200,153,1
2026-01-28,600036,13:35:56,38.1200,176,1
2026-01-28,600036,13:35:59,38.1000,286,1
2026-01-28,600036,13:36:02,38.0900,61,4
2026-01-28,600036,13:36:05,38.0900,288,1
2026-01-28,600036,13:36:08,38.0800,237,2
2026-01-28,600036,13:36:11,38.0800,388,1
2026-01-28,600036,13:36:14,38.0800,163,4
2026-01-28,600036,13:36:17,38.0800,113,2
2026-01-28,600036,13:36:20,38.0800,117,2
2026-01-28,600036,13:36:23,38.0900,94,1
2026-01-28,600036,13:36:26,38.0800,128,2
2026-01-28,600036,13:36:29,38.0800,108,1
2026-01-28,600036,13:36:32,38.0800,368,1
2026-01-28,600036,13:36:35,38.0800,16,1
2026-01-28,600036,13:36:38,38.0800,118,1
2026-01-28,600036,13:36:41,38.0800,219,1
2026-01-28,600036,13:36:44,38.0700,75,2
2026-01-28,600036,13:36:47,38.0700,222,1
2026-01-28,600036,13:36:50,38.0600,108,2
2026-01-28,600036,13:36:53,38.0600,342,2
2026-01-28,600036,13:36:56,38.0600,144,2
2026-01-28,600036,13:36:59,38.0600,285,1
2026-01-28,600036,13:37:02,38.0500,1051,2
2026-01-28,600036,13:37:05,38.0800,184,1
2026-01-28,600036,13:37:08,38.0800,148,1
2026-01-28,600036,13:37:11,38.1000,280,1
2026-01-28,600036,13:37:14,38.0700,328,2
2026-01-28,600036,13:37:17,38.0700,237,1
2026-01-28,600036,13:37:20,38.0700,344,1
2026-01-28,600036,13:37:23,38.0600,328,2
2026-01-28,600036,13:37:26,38.0500,376,2
2026-01-28,600036,13:37:29,38.0600,252,1
2026-01-28,600036,13:37:32,38.0500,196,2
2026-01-28,600036,13:37:35,38.0600,253,1
2026-01-28,600036,13:37:38,38.0600,32,1
2026-01-28,600036,13:37:41,38.0600,115,1
2026-01-28,600036,13:37:44,38.0500,186,2
2026-01-28,600036,13:37:47,38.0500,146,2
2026-01-28,600036,13:37:50,38.0600,84,2
2026-01-28,600036,13:37:53,38.0600,10,1
2026-01-28,600036,13:37:56,38.0600,7,1
2026-01-28,600036,13:37:59,38.0600,221,1
2026-01-28,600036,13:38:02,38.0500,336,2
2026-01-28,600036,13:38:05,38.0500,41,1
2026-01-28,600036,13:38:08,38.0400,526,2
2026-01-28,600036,13:38:11,38.0600,48,1
2026-01-28,600036,13:38:14,38.0500,193,2
2026-01-28,600036,13:38:17,38.0500,28,1
2026-01-28,600036,13:38:20,38.0500,125,1
2026-01-28,600036,13:38:23,38.0500,106,2
2026-01-28,600036,13:38:26,38.0500,14,1
2026-01-28,600036,13:38:29,38.0500,66,1
2026-01-28,600036,13:38:32,38.0500,357,1
2026-01-28,600036,13:38:35,38.0300,346,2
2026-01-28,600036,13:38:38,38.0400,116,4
2026-01-28,600036,13:38:41,38.0500,297,1
2026-01-28,600036,13:38:44,38.0500,696,1
2026-01-28,600036,13:38:47,38.0400,6,2
2026-01-28,600036,13:38:50,38.0400,106,2
2026-01-28,600036,13:38:53,38.0400,6,2
2026-01-28,600036,13:38:56,38.0400,70,2
2026-01-28,600036,13:38:59,38.0400,37,1
2026-01-28,600036,13:39:02,38.0400,122,1
2026-01-28,600036,13:39:05,38.0400,171,1
2026-01-28,600036,13:39:08,38.0400,431,1
2026-01-28,600036,13:39:11,38.0400,547,2
2026-01-28,600036,13:39:14,38.0400,53,2
2026-01-28,600036,13:39:17,38.0300,244,2
2026-01-28,600036,13:39:20,38.0300,344,2
2026-01-28,600036,13:39:23,38.0300,118,2
2026-01-28,600036,13:39:26,38.0300,97,2
2026-01-28,600036,13:39:29,38.0200,701,2
2026-01-28,600036,13:39:32,38.0200,96,2
2026-01-28,600036,13:39:35,38.0400,201,1
2026-01-28,600036,13:39:38,38.0400,136,2
2026-01-28,600036,13:39:41,38.0500,258,1
2026-01-28,600036,13:39:44,38.0500,200,1
2026-01-28,600036,13:39:47,38.0500,74,1
2026-01-28,600036,13:39:50,38.0600,30,1
2026-01-28,600036,13:39:53,38.0500,92,2
2026-01-28,600036,13:39:56,38.0600,62,1
2026-01-28,600036,13:39:59,38.0500,58,2
2026-01-28,600036,13:40:02,38.0600,152,1
2026-01-28,600036,13:40:05,38.0600,252,1
2026-01-28,600036,13:40:08,38.0500,138,2
2026-01-28,600036,13:40:11,38.0500,158,1
2026-01-28,600036,13:40:14,38.0500,51,2
2026-01-28,600036,13:40:17,38.0500,90,1
2026-01-28,600036,13:40:20,38.0600,204,1
2026-01-28,600036,13:40:23,38.0500,12,2
2026-01-28,600036,13:40:26,38.0500,115,2
2026-01-28,600036,13:40:29,38.0500,233,1
2026-01-28,600036,13:40:32,38.0600,303,1
2026-01-28,600036,13:40:35,38.0600,145,1
2026-01-28,600036,13:40:38,38.0600,69,1
2026-01-28,600036,13:40:41,38.0400,144,2
2026-01-28,600036,13:40:44,38.0500,75,1
2026-01-28,600036,13:40:47,38.0500,169,1
2026-01-28,600036,13:40:50,38.0500,329,1
2026-01-28,600036,13:40:53,38.0400,137,2
2026-01-28,600036,13:40:56,38.0400,129,4
2026-01-28,600036,13:40:59,38.0500,509,2
2026-01-28,600036,13:41:02,38.0500,199,1
2026-01-28,600036,13:41:05,38.0600,103,1
2026-01-28,600036,13:41:08,38.0700,102,1
2026-01-28,600036,13:41:11,38.0600,4,2
2026-01-28,600036,13:41:14,38.0600,105,2
2026-01-28,600036,13:41:17,38.0600,170,1
2026-01-28,600036,13:41:20,38.0600,232,1
2026-01-28,600036,13:41:23,38.0600,110,1
2026-01-28,600036,13:41:26,38.0600,291,2
2026-01-28,600036,13:41:29,38.0600,125,1
2026-01-28,600036,13:41:32,38.0600,87,1
2026-01-28,600036,13:41:35,38.0600,59,2
2026-01-28,600036,13:41:38,38.0600,73,1
2026-01-28,600036,13:41:41,38.0700,465,1
2026-01-28,600036,13:41:44,38.0600,79,2
2026-01-28,600036,13:41:47,38.0600,180,2
2026-01-28,600036,13:41:50,38.0700,246,1
2026-01-28,600036,13:41:53,38.0500,250,2
2026-01-28,600036,13:41:56,38.0800,25,1
2026-01-28,600036,13:41:59,38.0800,212,1
2026-01-28,600036,13:42:02,38.0700,93,2
2026-01-28,600036,13:42:05,38.0800,35,1
2026-01-28,600036,13:42:08,38.0800,42,1
2026-01-28,600036,13:42:11,38.0700,156,2
2026-01-28,600036,13:42:14,38.0700,182,2
2026-01-28,600036,13:42:17,38.0700,77,1
2026-01-28,600036,13:42:20,38.0700,100,1
2026-01-28,600036,13:42:23,38.0700,560,1
2026-01-28,600036,13:42:26,38.0600,113,2
2026-01-28,600036,13:42:29,38.0600,69,1
2026-01-28,600036,13:42:32,38.0600,261,1
2026-01-28,600036,13:42:35,38.0500,645,2
2026-01-28,600036,13:42:38,38.0400,75,2
2026-01-28,600036,13:42:41,38.0400,98,2
2026-01-28,600036,13:42:44,38.0300,356,2
2026-01-28,600036,13:42:47,38.0300,128,2
2026-01-28,600036,13:42:50,38.0300,767,2
2026-01-28,600036,13:42:53,38.0300,203,1
2026-01-28,600036,13:42:56,38.0300,249,1
2026-01-28,600036,13:42:59,38.0300,102,1
2026-01-28,600036,13:43:02,38.0400,360,1
2026-01-28,600036,13:43:05,38.0300,158,2
2026-01-28,600036,13:43:08,38.0400,66,1
2026-01-28,600036,13:43:11,38.0400,224,1
2026-01-28,600036,13:43:14,38.0300,91,2
2026-01-28,600036,13:43:17,38.0300,58,1
2026-01-28,600036,13:43:20,38.0200,317,2
2026-01-28,600036,13:43:23,38.0300,33,2
2026-01-28,600036,13:43:26,38.0400,51,1
2026-01-28,600036,13:43:29,38.0300,150,2
2026-01-28,600036,13:43:32,38.0200,71,2
2026-01-28,600036,13:43:35,38.0200,69,2
2026-01-28,600036,13:43:38,38.0400,3,1
2026-01-28,600036,13:43:41,38.0300,42,2
2026-01-28,600036,13:43:44,38.0300,226,2
2026-01-28,600036,13:43:47,38.0300,17,1
2026-01-28,600036,13:43:50,38.0300,11,1
2026-01-28,600036,13:43:53,38.0400,215,1
2026-01-28,600036,13:43:56,38.0200,394,2
2026-01-28,600036,13:43:59,38.0300,127,2
2026-01-28,600036,13:44:02,38.0300,29,1
2026-01-28,600036,13:44:05,38.0300,111,1
2026-01-28,600036,13:44:08,38.0300,272,2
2026-01-28,600036,13:44:11,38.0300,203,2
2026-01-28,600036,13:44:14,38.0300,65,1
2026-01-28,600036,13:44:17,38.0200,189,2
2026-01-28,600036,13:44:20,38.0200,62,1
2026-01-28,600036,13:44:23,38.0200,1086,1
2026-01-28,600036,13:44:26,38.0100,81,2
2026-01-28,600036,13:44:29,38.0200,118,1
2026-01-28,600036,13:44:32,38.0200,253,1
2026-01-28,600036,13:44:35,38.0200,284,1
2026-01-28,600036,13:44:38,38.0100,198,2
2026-01-28,600036,13:44:41,38.0000,151,2
2026-01-28,600036,13:44:44,38.0200,178,1
2026-01-28,600036,13:44:47,38.0100,2790,2
2026-01-28,600036,13:44:50,38.0200,136,1
2026-01-28,600036,13:44:53,38.0100,181,2
2026-01-28,600036,13:44:56,38.0100,59,2
2026-01-28,600036,13:44:59,38.0300,563,1
2026-01-28,600036,13:45:02,38.0300,10,1
2026-01-28,600036,13:45:05,38.0200,38,2
2026-01-28,600036,13:45:08,38.0200,250,2
2026-01-28,600036,13:45:11,38.0300,163,1
2026-01-28,600036,13:45:14,38.0300,98,1
2026-01-28,600036,13:45:17,38.0300,61,1
2026-01-28,600036,13:45:20,38.0200,245,2
2026-01-28,600036,13:45:23,38.0100,175,2
2026-01-28,600036,13:45:26,38.0100,28,2
2026-01-28,600036,13:45:29,38.0200,442,1
2026-01-28,600036,13:45:32,38.0100,88,2
2026-01-28,600036,13:45:35,38.0100,233,1
2026-01-28,600036,13:45:38,38.0000,479,2
2026-01-28,600036,13:45:41,38.0100,326,1
2026-01-28,600036,13:45:44,38.0000,331,2
2026-01-28,600036,13:45:47,38.0000,410,1
2026-01-28,600036,13:45:50,38.0100,58,1
2026-01-28,600036,13:45:53,38.0100,421,1
2026-01-28,600036,13:45:56,38.0100,171,2
2026-01-28,600036,13:45:59,38.0200,144,2
2026-01-28,600036,13:46:02,38.0100,145,2
2026-01-28,600036,13:46:05,38.0300,32,4
2026-01-28,600036,13:46:08,38.0300,81,2
2026-01-28,600036,13:46:11,38.0500,272,1
2026-01-28,600036,13:46:14,38.0300,457,2
2026-01-28,600036,13:46:17,38.0400,22,4
2026-01-28,600036,13:46:20,38.0400,23,1
2026-01-28,600036,13:46:23,38.0300,381,2
2026-01-28,600036,13:46:26,38.0400,43,4
2026-01-28,600036,13:46:29,38.0400,562,2
2026-01-28,600036,13:46:32,38.0500,57,1
2026-01-28,600036,13:46:35,38.0400,113,2
2026-01-28,600036,13:46:38,38.0400,245,2
2026-01-28,600036,13:46:41,38.0400,90,2
2026-01-28,600036,13:46:44,38.0400,17,1
2026-01-28,600036,13:46:47,38.0300,400,2
2026-01-28,600036,13:46:50,38.0300,170,2
2026-01-28,600036,13:46:53,38.0300,335,1
2026-01-28,600036,13:46:56,38.0300,75,1
2026-01-28,600036,13:46:59,38.0300,366,1
2026-01-28,600036,13:47:02,38.0200,172,2
2026-01-28,600036,13:47:05,38.0300,74,1
2026-01-28,600036,13:47:08,38.0300,49,1
2026-01-28,600036,13:47:11,38.0400,126,1
2026-01-28,600036,13:47:14,38.0300,64,4
2026-01-28,600036,13:47:17,38.0200,392,2
2026-01-28,600036,13:47:20,38.0200,168,1
2026-01-28,600036,13:47:23,38.0100,158,2
2026-01-28,600036,13:47:26,38.0200,285,1
2026-01-28,600036,13:47:29,38.0100,288,2
2026-01-28,600036,13:47:32,38.0100,292,1
2026-01-28,600036,13:47:35,38.0000,1137,2
2026-01-28,600036,13:47:38,38.0100,309,1
2026-01-28,600036,13:47:41,38.0100,609,2
2026-01-28,600036,13:47:44,38.0200,94,1
2026-01-28,600036,13:47:47,38.0300,345,1
2026-01-28,600036,13:47:50,38.0400,833,1
2026-01-28,600036,13:47:56,38.0300,10,4
2026-01-28,600036,13:47:59,38.0400,359,1
2026-01-28,600036,13:48:02,38.0200,211,2
2026-01-28,600036,13:48:05,38.0200,157,1
2026-01-28,600036,13:48:08,38.0200,5,1
2026-01-28,600036,13:48:11,38.0200,231,1
2026-01-28,600036,13:48:14,38.0100,420,2
2026-01-28,600036,13:48:17,38.0100,67,1
2026-01-28,600036,13:48:20,38.0100,62,1
2026-01-28,600036,13:48:23,38.0000,431,2
2026-01-28,600036,13:48:26,37.9900,135,2
2026-01-28,600036,13:48:29,38.0000,144,1
2026-01-28,600036,13:48:32,38.0000,30,1
2026-01-28,600036,13:48:35,38.0000,132,1
2026-01-28,600036,13:48:38,37.9900,164,2
2026-01-28,600036,13:48:41,37.9900,65,1
2026-01-28,600036,13:48:44,37.9900,231,1
2026-01-28,600036,13:48:47,38.0000,527,1
2026-01-28,600036,13:48:50,37.9900,118,2
2026-01-28,600036,13:48:53,37.9900,15,2
2026-01-28,600036,13:48:56,37.9900,181,2
2026-01-28,600036,13:48:59,38.0000,210,1
2026-01-28,600036,13:49:02,38.0000,324,1
2026-01-28,600036,13:49:05,38.0000,15,1
2026-01-28,600036,13:49:11,38.0000,204,1
2026-01-28,600036,13:49:14,37.9800,186,2
2026-01-28,600036,13:49:17,37.9900,155,1
2026-01-28,600036,13:49:20,37.9800,336,2
2026-01-28,600036,13:49:23,37.9700,102,2
2026-01-28,600036,13:49:26,37.9800,354,1
2026-01-28,600036,13:49:29,37.9800,422,1
2026-01-28,600036,13:49:32,37.9700,68,2
2026-01-28,600036,13:49:35,37.9700,68,2
2026-01-28,600036,13:49:38,37.9800,220,1
2026-01-28,600036,13:49:41,37.9700,15,2
2026-01-28,600036,13:49:44,37.9800,300,1
2026-01-28,600036,13:49:47,37.9700,14,2
2026-01-28,600036,13:49:50,37.9700,29,2
2026-01-28,600036,13:49:53,37.9800,36,1
2026-01-28,600036,13:49:56,37.9700,340,2
2026-01-28,600036,13:49:59,37.9700,169,2
2026-01-28,600036,13:50:02,37.9800,316,1
2026-01-28,600036,13:50:05,37.9700,2,2
2026-01-28,600036,13:50:08,37.9800,87,1
2026-01-28,600036,13:50:11,37.9800,354,1
2026-01-28,600036,13:50:14,37.9800,483,2
2026-01-28,600036,13:50:17,37.9800,175,1
2026-01-28,600036,13:50:20,37.9900,199,1
2026-01-28,600036,13:50:23,37.9900,105,1
2026-01-28,600036,13:50:26,37.9800,58,2
2026-01-28,600036,13:50:29,37.9900,239,1
2026-01-28,600036,13:50:32,37.9900,156,2
2026-01-28,600036,13:50:35,37.9900,243,2
2026-01-28,600036,13:50:38,37.9800,425,2
2026-01-28,600036,13:50:41,37.9800,151,2
2026-01-28,600036,13:50:44,37.9800,836,2
2026-01-28,600036,13:50:47,37.9800,341,1
2026-01-28,600036,13:50:50,37.9900,428,1
2026-01-28,600036,13:50:53,37.9900,38,2
2026-01-28,600036,13:50:56,38.0000,289,1
2026-01-28,600036,13:50:59,38.0000,171,1
2026-01-28,600036,13:51:02,38.0000,191,1
2026-01-28,600036,13:51:05,38.0000,27,1
2026-01-28,600036,13:51:08,38.0000,155,1
2026-01-28,600036,13:51:11,37.9900,164,2
2026-01-28,600036,13:51:14,37.9900,177,2
2026-01-28,600036,13:51:17,38.0000,219,1
2026-01-28,600036,13:51:20,37.9800,839,2
2026-01-28,600036,13:51:23,38.0000,481,1
2026-01-28,600036,13:51:26,38.0000,151,1
2026-01-28,600036,13:51:29,37.9800,4,2
2026-01-28,600036,13:51:32,38.0000,328,1
2026-01-28,600036,13:51:35,38.0000,82,1
2026-01-28,600036,13:51:38,38.0000,46,2
2026-01-28,600036,13:51:41,38.0000,90,2
2026-01-28,600036,13:51:44,38.0000,217,2
2026-01-28,600036,13:51:47,37.9800,299,2
2026-01-28,600036,13:51:50,38.0000,161,1
2026-01-28,600036,13:51:53,37.9900,4,2
2026-01-28,600036,13:51:56,37.9900,274,2
2026-01-28,600036,13:51:59,38.0000,69,2
2026-01-28,600036,13:52:02,38.0000,19,1
2026-01-28,600036,13:52:05,38.0000,156,1
2026-01-28,600036,13:52:08,38.0000,403,1
2026-01-28,600036,13:52:11,38.0000,130,1
2026-01-28,600036,13:52:14,37.9900,532,2
2026-01-28,600036,13:52:17,37.9900,94,1
2026-01-28,600036,13:52:20,37.9900,1186,2
2026-01-28,600036,13:52:23,37.9900,56,1
2026-01-28,600036,13:52:26,37.9900,140,1
2026-01-28,600036,13:52:29,37.9900,145,2
2026-01-28,600036,13:52:32,38.0000,115,1
2026-01-28,600036,13:52:35,37.9900,145,2
2026-01-28,600036,13:52:38,38.0000,23,1
2026-01-28,600036,13:52:41,37.9900,246,2
2026-01-28,600036,13:52:44,37.9900,152,1
2026-01-28,600036,13:52:47,38.0000,425,1
2026-01-28,600036,13:52:50,38.0000,343,1
2026-01-28,600036,13:52:53,38.0000,3,2
2026-01-28,600036,13:52:56,38.0000,132,2
2026-01-28,600036,13:52:59,38.0000,236,2
2026-01-28,600036,13:53:02,38.0000,178,1
2026-01-28,600036,13:53:05,38.0000,478,1
2026-01-28,600036,13:53:08,38.0000,210,1
2026-01-28,600036,13:53:11,38.0100,405,1
2026-01-28,600036,13:53:14,38.0000,118,2
2026-01-28,600036,13:53:17,38.0000,304,2
2026-01-28,600036,13:53:20,38.0000,70,1
2026-01-28,600036,13:53:23,38.0000,447,1
2026-01-28,600036,13:53:26,38.0000,182,1
2026-01-28,600036,13:53:29,37.9800,337,2
2026-01-28,600036,13:53:32,37.9900,203,4
2026-01-28,600036,13:53:35,37.9900,115,1
2026-01-28,600036,13:53:38,38.0000,12,1
2026-01-28,600036,13:53:41,38.0000,84,2
2026-01-28,600036,13:53:44,37.9900,99,2
2026-01-28,600036,13:53:47,38.0000,209,1
2026-01-28,600036,13:53:50,38.0000,92,2
2026-01-28,600036,13:53:53,38.0000,48,2
2026-01-28,600036,13:53:56,38.0000,87,2
2026-01-28,600036,13:53:59,38.0000,140,2
2026-01-28,600036,13:54:02,37.9900,257,2
2026-01-28,600036,13:54:05,37.9900,194,2
2026-01-28,600036,13:54:08,38.0000,160,1
2026-01-28,600036,13:54:11,37.9800,213,2
2026-01-28,600036,13:54:14,37.9800,138,2
2026-01-28,600036,13:54:17,37.9900,482,1
2026-01-28,600036,13:54:20,37.9600,2555,2
2026-01-28,600036,13:54:23,37.9800,1035,1
2026-01-28,600036,13:54:26,37.9900,1653,1
2026-01-28,600036,13:54:29,37.9700,352,2
2026-01-28,600036,13:54:32,38.0000,853,1
2026-01-28,600036,13:54:35,37.9900,103,2
2026-01-28,600036,13:54:38,38.0100,332,1
2026-01-28,600036,13:54:41,38.0000,206,2
2026-01-28,600036,13:54:44,38.0100,86,1
2026-01-28,600036,13:54:50,38.0100,375,1
2026-01-28,600036,13:54:53,38.0100,181,2
2026-01-28,600036,13:54:56,38.0200,14,1
2026-01-28,600036,13:54:59,38.0100,146,2
2026-01-28,600036,13:55:02,38.0400,469,1
2026-01-28,600036,13:55:05,38.0300,204,1
2026-01-28,600036,13:55:08,38.0300,412,1
2026-01-28,600036,13:55:11,38.0300,71,1
2026-01-28,600036,13:55:14,38.0300,214,2
2026-01-28,600036,13:55:17,38.0200,142,2
2026-01-28,600036,13:55:20,38.0200,310,2
2026-01-28,600036,13:55:23,38.0100,102,2
2026-01-28,600036,13:55:26,38.0100,370,2
2026-01-28,600036,13:55:29,38.0300,251,1
2026-01-28,600036,13:55:32,38.0100,134,2
2026-01-28,600036,13:55:35,38.0000,88,2
2026-01-28,600036,13:55:38,38.0300,209,1
2026-01-28,600036,13:55:41,38.0100,178,2
2026-01-28,600036,13:55:44,38.0200,23,1
2026-01-28,600036,13:55:47,38.0100,175,2
2026-01-28,600036,13:55:50,38.0100,47,1
2026-01-28,600036,13:55:53,38.0100,658,1
2026-01-28,600036,13:55:56,38.0000,148,2
2026-01-28,600036,13:55:59,38.0000,291,2
2026-01-28,600036,13:56:02,38.0000,245,2
2026-01-28,600036,13:56:05,38.0100,103,1
2026-01-28,600036,13:56:08,38.0100,174,1
2026-01-28,600036,13:56:11,38.0000,345,2
2026-01-28,600036,13:56:14,38.0000,154,1
2026-01-28,600036,13:56:17,38.0000,760,2
2026-01-28,600036,13:56:20,38.0100,54,1
2026-01-28,600036,13:56:23,38.0000,28,2
2026-01-28,600036,13:56:29,38.0000,408,2
2026-01-28,600036,13:56:32,38.0000,115,1
2026-01-28,600036,13:56:35,38.0000,136,1
2026-01-28,600036,13:56:38,38.0000,388,1
2026-01-28,600036,13:56:41,38.0100,297,1
2026-01-28,600036,13:56:44,38.0100,252,1
2026-01-28,600036,13:56:47,38.0000,153,2
2026-01-28,600036,13:56:50,38.0200,300,1
2026-01-28,600036,13:56:53,38.0100,5,2
2026-01-28,600036,13:56:59,38.0100,256,2
2026-01-28,600036,13:57:02,38.0100,59,1
2026-01-28,600036,13:57:05,38.0400,427,1
2026-01-28,600036,13:57:08,38.0500,898,1
2026-01-28,600036,13:57:11,38.0600,384,1
2026-01-28,600036,13:57:14,38.0500,535,2
2026-01-28,600036,13:57:17,38.0600,238,2
2026-01-28,600036,13:57:20,38.0600,283,2
2026-01-28,600036,13:57:23,38.0600,426,2
2026-01-28,600036,13:57:26,38.0500,206,2
2026-01-28,600036,13:57:29,38.0500,660,2
2026-01-28,600036,13:57:32,38.0500,332,1
2026-01-28,600036,13:57:35,38.0400,201,2
2026-01-28,600036,13:57:38,38.0500,169,1
2026-01-28,600036,13:57:41,38.0500,200,1
2026-01-28,600036,13:57:44,38.0500,134,1
2026-01-28,600036,13:57:47,38.0400,24,2
2026-01-28,600036,13:57:50,38.0400,255,2
2026-01-28,600036,13:57:53,38.0400,2,2
2026-01-28,600036,13:57:56,38.0500,350,1
2026-01-28,600036,13:57:59,38.0500,149,1
2026-01-28,600036,13:58:02,38.0500,370,1
2026-01-28,600036,13:58:05,38.0400,77,2
2026-01-28,600036,13:58:08,38.0500,144,1
2026-01-28,600036,13:58:11,38.0400,314,2
2026-01-28,600036,13:58:14,38.0400,84,1
2026-01-28,600036,13:58:17,38.0500,189,1
2026-01-28,600036,13:58:20,38.0500,735,1
2026-01-28,600036,13:58:23,38.0400,140,2
2026-01-28,600036,13:58:26,38.0400,284,1
2026-01-28,600036,13:58:29,38.0300,458,2
2026-01-28,600036,13:58:32,38.0400,64,1
2026-01-28,600036,13:58:35,38.0400,200,1
2026-01-28,600036,13:58:38,38.0300,271,2
2026-01-28,600036,13:58:41,38.0300,216,1
2026-01-28,600036,13:58:44,38.0300,278,1
2026-01-28,600036,13:58:47,38.0400,852,1
2026-01-28,600036,13:58:50,38.0400,61,1
2026-01-28,600036,13:58:53,38.0300,146,2
2026-01-28,600036,13:58:56,38.0400,37,1
2026-01-28,600036,13:58:59,38.0300,362,2
2026-01-28,600036,13:59:02,38.0300,48,2
2026-01-28,600036,13:59:05,38.0500,124,1
2026-01-28,600036,13:59:08,38.0400,313,2
2026-01-28,600036,13:59:11,38.0400,42,2
2026-01-28,600036,13:59:14,38.0500,306,2
2026-01-28,600036,13:59:17,38.0400,175,2
2026-01-28,600036,13:59:20,38.0400,275,2
2026-01-28,600036,13:59:23,38.0400,9,1
2026-01-28,600036,13:59:26,38.0400,82,2
2026-01-28,600036,13:59:29,38.0400,125,2
2026-01-28,600036,13:59:32,38.0400,167,1
2026-01-28,600036,13:59:35,38.0400,73,1
2026-01-28,600036,13:59:38,38.0400,51,2
2026-01-28,600036,13:59:41,38.0400,2,2
2026-01-28,600036,13:59:44,38.0400,209,2
2026-01-28,600036,13:59:47,38.0500,22,1
2026-01-28,600036,13:59:50,38.0300,1442,2
2026-01-28,600036,13:59:53,38.0300,190,1
2026-01-28,600036,13:59:56,38.0300,581,1
2026-01-28,600036,13:59:59,38.0300,171,2
2026-01-28,600036,14:00:02,38.0400,184,1
2026-01-28,600036,14:00:05,38.0300,248,2
2026-01-28,600036,14:00:08,38.0300,132,2
2026-01-28,600036,14:00:11,38.0400,91,1
2026-01-28,600036,14:00:14,38.0400,622,1
2026-01-28,600036,14:00:17,38.0400,140,2
2026-01-28,600036,14:00:20,38.0400,85,1
2026-01-28,600036,14:00:23,38.0300,78,2
2026-01-28,600036,14:00:26,38.0400,51,2
2026-01-28,600036,14:00:29,38.0400,357,2
2026-01-28,600036,14:00:32,38.0400,207,2
2026-01-28,600036,14:00:35,38.0400,67,1
2026-01-28,600036,14:00:38,38.0300,166,2
2026-01-28,600036,14:00:41,38.0400,7,4
2026-01-28,600036,14:00:44,38.0500,40,1
2026-01-28,600036,14:00:47,38.0300,681,2
2026-01-28,600036,14:00:50,38.0400,92,2
2026-01-28,600036,14:00:53,38.0500,46,1
2026-01-28,600036,14:00:56,38.0500,1008,1
2026-01-28,600036,14:00:59,38.0500,190,2
2026-01-28,600036,14:01:02,38.0500,90,1
2026-01-28,600036,14:01:05,38.0600,880,1
2026-01-28,600036,14:01:08,38.0600,21,1
2026-01-28,600036,14:01:11,38.0800,47,1
2026-01-28,600036,14:01:14,38.0600,98,2
2026-01-28,600036,14:01:17,38.0600,20,1
2026-01-28,600036,14:01:20,38.0800,508,1
2026-01-28,600036,14:01:23,38.0800,340,1
2026-01-28,600036,14:01:26,38.0400,163,2
2026-01-28,600036,14:01:29,38.0400,164,2
2026-01-28,600036,14:01:32,38.0500,480,1
2026-01-28,600036,14:01:35,38.0500,589,1
2026-01-28,600036,14:01:38,38.0400,223,2
2026-01-28,600036,14:01:41,38.0500,196,1
2026-01-28,600036,14:01:44,38.0400,226,2
2026-01-28,600036,14:01:47,38.0500,69,4
2026-01-28,600036,14:01:50,38.0500,24,4
2026-01-28,600036,14:01:53,38.0300,306,2
2026-01-28,600036,14:01:56,38.0300,226,2
2026-01-28,600036,14:01:59,38.0300,246,2
2026-01-28,600036,14:02:02,38.0300,260,1
2026-01-28,600036,14:02:05,38.0400,127,1
2026-01-28,600036,14:02:08,38.0500,709,1
2026-01-28,600036,14:02:11,38.0300,85,2
2026-01-28,600036,14:02:14,38.0400,146,1
2026-01-28,600036,14:02:17,38.0300,137,2
2026-01-28,600036,14:02:20,38.0500,232,1
2026-01-28,600036,14:02:23,38.0300,50,2
2026-01-28,600036,14:02:26,38.0500,68,1
2026-01-28,600036,14:02:29,38.0500,26,1
2026-01-28,600036,14:02:32,38.0400,253,2
2026-01-28,600036,14:02:35,38.0500,104,1
2026-01-28,600036,14:02:38,38.0500,29,1
2026-01-28,600036,14:02:41,38.0400,89,2
2026-01-28,600036,14:02:44,38.0500,207,1
2026-01-28,600036,14:02:47,38.0600,176,1
2026-01-28,600036,14:02:50,38.0400,3212,2
2026-01-28,600036,14:02:53,38.0300,153,2
2026-01-28,600036,14:02:56,38.0200,176,2
2026-01-28,600036,14:02:59,38.0400,394,1
2026-01-28,600036,14:03:02,38.0200,490,2
2026-01-28,600036,14:03:05,38.0200,793,1
2026-01-28,600036,14:03:08,38.0200,58,2
2026-01-28,600036,14:03:11,38.0200,53,2
2026-01-28,600036,14:03:14,38.0200,123,2
2026-01-28,600036,14:03:17,38.0200,127,1
2026-01-28,600036,14:03:20,38.0300,214,1
2026-01-28,600036,14:03:23,38.0100,243,2
2026-01-28,600036,14:03:26,38.0200,357,2
2026-01-28,600036,14:03:29,38.0200,447,2
2026-01-28,600036,14:03:32,38.0200,130,1
2026-01-28,600036,14:03:35,38.0200,73,1
2026-01-28,600036,14:03:38,38.0100,114,2
2026-01-28,600036,14:03:41,38.0100,111,1
2026-01-28,600036,14:03:44,38.0100,214,1
2026-01-28,600036,14:03:47,38.0000,1683,2
2026-01-28,600036,14:03:50,38.0000,98,1
2026-01-28,600036,14:03:53,38.0100,440,1
2026-01-28,600036,14:03:56,38.0100,234,1
2026-01-28,600036,14:03:59,38.0000,137,2
2026-01-28,600036,14:04:02,38.0000,67,1
2026-01-28,600036,14:04:05,37.9900,406,2
2026-01-28,600036,14:04:08,38.0000,256,1
2026-01-28,600036,14:04:11,38.0000,188,2
2026-01-28,600036,14:04:14,38.0000,65,2
2026-01-28,600036,14:04:17,38.0100,111,1
2026-01-28,600036,14:04:20,38.0000,35,2
2026-01-28,600036,14:04:23,38.0000,140,2
2026-01-28,600036,14:04:26,37.9900,122,2
2026-01-28,600036,14:04:29,38.0000,94,2
2026-01-28,600036,14:04:32,37.9900,197,2
2026-01-28,600036,14:04:35,37.9800,149,2
2026-01-28,600036,14:04:38,37.9700,1121,2
2026-01-28,600036,14:04:41,37.9800,443,1
2026-01-28,600036,14:04:44,37.9800,441,1
2026-01-28,600036,14:04:47,37.9800,445,2
2026-01-28,600036,14:04:50,37.9800,162,2
2026-01-28,600036,14:04:53,37.9800,235,2
2026-01-28,600036,14:04:56,37.9900,82,4
2026-01-28,600036,14:04:59,37.9800,434,2
2026-01-28,600036,14:05:02,37.9800,131,2
2026-01-28,600036,14:05:05,37.9900,112,1
2026-01-28,600036,14:05:08,37.9800,36,2
2026-01-28,600036,14:05:11,37.9800,80,2
2026-01-28,600036,14:05:14,38.0000,305,1
2026-01-28,600036,14:05:17,37.9800,71,2
2026-01-28,600036,14:05:20,38.0000,1029,1
2026-01-28,600036,14:05:23,38.0000,74,1
2026-01-28,600036,14:05:26,38.0100,120,1
2026-01-28,600036,14:05:29,38.0000,170,2
2026-01-28,600036,14:05:32,38.0000,61,1
2026-01-28,600036,14:05:35,37.9900,175,2
2026-01-28,600036,14:05:38,37.9900,170,2
2026-01-28,600036,14:05:41,37.9900,133,1
2026-01-28,600036,14:05:44,37.9800,1536,2
2026-01-28,600036,14:05:47,37.9700,180,2
2026-01-28,600036,14:05:50,37.9800,165,1
2026-01-28,600036,14:05:53,37.9800,37,1
2026-01-28,600036,14:05:56,37.9800,414,1
2026-01-28,600036,14:05:59,37.9700,343,2
2026-01-28,600036,14:06:02,37.9800,234,1
2026-01-28,600036,14:06:05,37.9800,54,1
2026-01-28,600036,14:06:08,38.0000,243,1
2026-01-28,600036,14:06:11,37.9900,70,4
2026-01-28,600036,14:06:14,37.9800,209,2
2026-01-28,600036,14:06:17,37.9700,367,2
2026-01-28,600036,14:06:20,38.0000,74,1
2026-01-28,600036,14:06:23,37.9900,67,4
2026-01-28,600036,14:06:26,37.9900,69,2
2026-01-28,600036,14:06:29,37.9900,473,1
2026-01-28,600036,14:06:32,37.9700,153,2
2026-01-28,600036,14:06:35,37.9700,339,2
2026-01-28,600036,14:06:38,37.9800,75,2
2026-01-28,600036,14:06:41,37.9700,487,2
2026-01-28,600036,14:06:44,38.0000,136,1
2026-01-28,600036,14:06:47,37.9800,223,2
2026-01-28,600036,14:06:50,37.9800,256,1
2026-01-28,600036,14:06:53,37.9700,351,2
2026-01-28,600036,14:06:56,37.9600,978,2
2026-01-28,600036,14:06:59,37.9600,1628,2
2026-01-28,600036,14:07:02,37.9500,1162,2
2026-01-28,600036,14:07:05,37.9500,1811,2
2026-01-28,600036,10:56:47,38.0400,191,4
2026-01-28,600036,10:56:50,38.0300,474,4
2026-01-28,600036,10:56:53,38.0300,656,1
2026-01-28,600036,10:56:56,38.0100,493,2
2026-01-28,600036,10:56:59,38.0300,672,1
2026-01-28,600036,10:57:02,38.0100,1969,2
2026-01-28,600036,10:57:05,38.0000,963,2
2026-01-28,600036,10:57:08,38.0300,451,1
2026-01-28,600036,10:57:11,38.0100,193,2
2026-01-28,600036,10:57:14,38.0300,246,1
2026-01-28,600036,10:57:17,38.0100,372,2
2026-01-28,600036,10:57:20,38.0200,281,2
2026-01-28,600036,10:57:23,38.0100,201,2
2026-01-28,600036,10:57:26,38.0300,345,1
2026-01-28,600036,10:57:29,38.0200,383,4
2026-01-28,600036,10:57:32,38.0200,3769,2
2026-01-28,600036,10:57:35,38.0500,470,1
2026-01-28,600036,10:57:38,38.0200,122,2
2026-01-28,600036,10:57:41,38.0300,248,4
2026-01-28,600036,10:57:44,38.0100,993,2
2026-01-28,600036,10:57:47,38.0200,194,4
2026-01-28,600036,10:57:50,38.0200,260,1
2026-01-28,600036,10:57:53,38.0000,988,2
2026-01-28,600036,10:57:56,38.0100,201,1
2026-01-28,600036,10:57:59,38.0300,461,1
2026-01-28,600036,10:58:02,38.0200,303,4
2026-01-28,600036,10:58:05,38.0400,198,1
2026-01-28,600036,10:58:08,38.0500,112,1
2026-01-28,600036,10:58:11,38.0500,421,1
2026-01-28,600036,10:58:14,38.0100,441,2
2026-01-28,600036,10:58:17,38.0400,124,1
2026-01-28,600036,10:58:20,38.0200,181,2
2026-01-28,600036,10:58:23,38.0200,393,2
2026-01-28,600036,10:58:26,38.0100,524,2
2026-01-28,600036,10:58:29,38.0000,857,2
2026-01-28,600036,10:58:32,38.0100,500,4
2026-01-28,600036,10:58:35,38.0200,8879,1
2026-01-28,600036,10:58:38,38.0200,109,1
2026-01-28,600036,10:58:41,38.0200,364,1
2026-01-28,600036,10:58:44,38.0200,561,2
2026-01-28,600036,10:58:47,38.0400,50,1
2026-01-28,600036,10:58:50,38.0200,225,2
2026-01-28,600036,10:58:53,38.0400,216,1
2026-01-28,600036,10:58:56,38.0500,585,1
2026-01-28,600036,10:58:59,38.0500,60,1
2026-01-28,600036,10:59:02,38.0600,1059,1
2026-01-28,600036,10:59:05,38.0500,202,2
2026-01-28,600036,10:59:08,38.0600,409,1
2026-01-28,600036,10:59:11,38.0300,416,2
2026-01-28,600036,10:59:14,38.0300,504,1
2026-01-28,600036,10:59:17,38.0100,731,2
2026-01-28,600036,10:59:20,38.0100,381,1
2026-01-28,600036,10:59:23,38.0000,177,2
2026-01-28,600036,10:59:26,38.0000,486,2
2026-01-28,600036,10:59:29,38.0000,610,1
2026-01-28,600036,10:59:32,38.0000,218,4
2026-01-28,600036,10:59:35,38.0000,585,1
2026-01-28,600036,10:59:38,37.9900,516,2
2026-01-28,600036,10:59:41,37.9900,274,2
2026-01-28,600036,10:59:44,37.9800,708,2
2026-01-28,600036,10:59:47,37.9600,1092,2
2026-01-28,600036,10:59:50,37.9600,163,2
2026-01-28,600036,10:59:53,37.9600,358,2
2026-01-28,600036,10:59:56,37.9800,528,4
2026-01-28,600036,10:59:59,37.9900,3166,1
2026-01-28,600036,11:00:02,37.9800,402,1
2026-01-28,600036,11:00:05,37.9800,851,1
2026-01-28,600036,11:00:08,37.9700,327,2
2026-01-28,600036,11:00:11,37.9700,624,2
2026-01-28,600036,11:00:14,37.9900,219,1
2026-01-28,600036,11:00:17,37.9800,624,2
2026-01-28,600036,11:00:20,38.0100,471,1
2026-01-28,600036,11:00:23,38.0100,219,1
2026-01-28,600036,11:00:26,38.0000,354,4
2026-01-28,600036,11:00:29,37.9900,721,2
2026-01-28,600036,11:00:32,37.9700,126,2
2026-01-28,600036,11:00:35,37.9600,384,2
2026-01-28,600036,11:00:38,37.9300,956,2
2026-01-28,600036,11:00:41,37.9400,530,2
2026-01-28,600036,11:00:44,37.9300,378,2
2026-01-28,600036,11:00:47,37.9100,814,2
2026-01-28,600036,11:00:50,37.9100,1681,2
2026-01-28,600036,11:00:53,37.9100,928,2
2026-01-28,600036,11:00:56,37.9100,341,2
2026-01-28,600036,11:00:59,37.9100,849,2
2026-01-28,600036,11:01:02,37.9100,591,2
2026-01-28,600036,11:01:05,37.9000,622,2
2026-01-28,600036,11:01:08,37.9400,317,1
2026-01-28,600036,11:01:11,37.9400,564,2
2026-01-28,600036,11:01:14,37.9600,561,1
2026-01-28,600036,11:01:17,37.9600,273,1
2026-01-28,600036,11:01:20,37.9600,451,1
2026-01-28,600036,11:01:23,37.9600,263,1
2026-01-28,600036,11:01:26,37.9700,576,1
2026-01-28,600036,11:01:29,37.9600,349,2
2026-01-28,600036,11:01:32,37.9500,248,2
2026-01-28,600036,11:01:35,37.9600,285,1
2026-01-28,600036,11:01:38,37.9800,439,1
2026-01-28,600036,11:01:41,37.9700,184,4
2026-01-28,600036,11:01:44,37.9300,823,2
2026-01-28,600036,11:01:47,37.9600,1693,1
2026-01-28,600036,11:01:50,37.9300,539,2
2026-01-28,600036,11:01:53,37.9500,589,1
2026-01-28,600036,11:01:56,37.9400,111,4
2026-01-28,600036,11:01:59,37.9400,291,1
2026-01-28,600036,11:02:02,37.9500,263,1
2026-01-28,600036,11:02:05,37.9500,198,1
2026-01-28,600036,11:02:08,37.9600,380,1
2026-01-28,600036,11:02:11,37.9700,415,1
2026-01-28,600036,11:02:14,37.9900,232,1
2026-01-28,600036,11:02:17,37.9500,158,2
2026-01-28,600036,11:02:20,37.9500,177,2
2026-01-28,600036,11:02:23,37.9800,80,1
2026-01-28,600036,11:02:26,37.9700,354,1
2026-01-28,600036,11:02:29,37.9700,211,2
2026-01-28,600036,11:02:32,37.9600,540,2
2026-01-28,600036,11:02:35,37.9500,454,2
2026-01-28,600036,11:02:38,37.9400,511,2
2026-01-28,600036,11:02:41,37.9400,298,2
2026-01-28,600036,11:02:44,37.9300,541,2
2026-01-28,600036,11:02:47,37.9400,1493,4
2026-01-28,600036,11:02:50,37.9100,222,2
2026-01-28,600036,11:02:53,37.9200,347,4
2026-01-28,600036,11:02:56,37.9100,2518,2
2026-01-28,600036,11:02:59,37.9200,768,2
2026-01-28,600036,11:03:02,37.9400,784,1
2026-01-28,600036,11:03:05,37.9100,690,2
2026-01-28,600036,11:03:08,37.9100,319,1
2026-01-28,600036,11:03:11,37.9100,187,2
2026-01-28,600036,11:03:14,37.9300,554,1
2026-01-28,600036,11:03:17,37.9100,409,2
2026-01-28,600036,11:03:20,37.9300,294,1
2026-01-28,600036,11:03:23,37.9700,443,1
2026-01-28,600036,11:03:26,37.9300,182,2
2026-01-28,600036,11:03:29,37.9500,153,1
2026-01-28,600036,11:03:32,37.9300,313,2
2026-01-28,600036,11:03:35,37.9400,281,4
2026-01-28,600036,11:03:38,37.9300,879,2
2026-01-28,600036,11:03:41,37.9200,1048,2
2026-01-28,600036,11:03:44,37.9100,374,2
2026-01-28,600036,11:03:47,37.9300,284,2
2026-01-28,600036,11:03:50,37.9300,162,2
2026-01-28,600036,11:03:53,37.9200,273,2
2026-01-28,600036,11:03:56,37.9400,199,1
2026-01-28,600036,11:03:59,37.9400,138,2
2026-01-28,600036,11:04:02,37.9500,129,1
2026-01-28,600036,11:04:05,37.9500,92,1
2026-01-28,600036,11:04:08,37.9700,162,1
2026-01-28,600036,11:04:11,37.9600,54,2
2026-01-28,600036,11:04:14,37.9900,149,1
2026-01-28,600036,11:04:17,37.9600,439,2
2026-01-28,600036,11:04:20,37.9700,112,1
2026-01-28,600036,11:04:23,37.9900,190,1
2026-01-28,600036,11:04:26,37.9700,50,2
2026-01-28,600036,11:04:29,37.9900,158,1
2026-01-28,600036,11:04:32,37.9800,163,2
2026-01-28,600036,11:04:35,37.9800,365,1
2026-01-28,600036,11:04:38,38.0100,754,1
2026-01-28,600036,11:04:41,38.0000,31,4
2026-01-28,600036,11:04:44,38.0100,59,1
2026-01-28,600036,11:04:47,37.9900,419,2
2026-01-28,600036,11:04:50,38.0000,80,1
2026-01-28,600036,11:04:53,38.0000,137,1
2026-01-28,600036,11:04:56,38.0000,243,2
2026-01-28,600036,11:04:59,38.0200,168,1
2026-01-28,600036,11:05:02,38.0200,35,2
2026-01-28,600036,11:05:05,38.0200,95,2
2026-01-28,600036,11:05:08,38.0200,470,2
2026-01-28,600036,11:05:11,38.0100,775,2
2026-01-28,600036,11:05:14,38.0100,716,2
2026-01-28,600036,11:05:17,37.9900,574,2
2026-01-28,600036,11:05:20,37.9900,169,2
2026-01-28,600036,11:05:23,38.0000,372,1
2026-01-28,600036,11:05:26,38.0000,100,1
2026-01-28,600036,11:05:29,38.0200,1161,1
2026-01-28,600036,11:05:32,38.0100,2,4
2026-01-28,600036,11:05:35,38.0100,28,2
2026-01-28,600036,11:05:38,38.0200,93,1
2026-01-28,600036,11:05:41,38.0100,139,2
2026-01-28,600036,11:05:44,38.0200,24,4
2026-01-28,600036,11:05:47,38.0200,158,2
2026-01-28,600036,11:05:50,38.0200,196,2
2026-01-28,600036,11:05:53,38.0300,40,1
2026-01-28,600036,11:06:02,38.0400,318,1
2026-01-28,600036,11:06:05,38.0300,49,2
2026-01-28,600036,11:06:08,38.0400,104,1
2026-01-28,600036,11:06:11,38.0400,480,2
2026-01-28,600036,11:06:14,38.0500,56,1
2026-01-28,600036,11:06:17,38.0400,135,4
2026-01-28,600036,11:06:20,38.0500,572,1
2026-01-28,600036,11:06:23,38.0200,206,2
2026-01-28,600036,11:06:26,38.0300,349,2
2026-01-28,600036,11:06:29,38.0300,467,1
2026-01-28,600036,11:06:32,38.0200,412,2
2026-01-28,600036,11:06:35,38.0200,115,1
2026-01-28,600036,11:06:38,38.0200,47,1
2026-01-28,600036,11:06:41,38.0200,37,1
2026-01-28,600036,11:06:44,38.0200,32,1
2026-01-28,600036,11:06:47,38.0200,158,1
2026-01-28,600036,11:06:50,38.0300,86,1
2026-01-28,600036,11:06:53,38.0400,426,1
2026-01-28,600036,11:06:56,38.0400,27,1
2026-01-28,600036,11:06:59,38.0200,318,2
2026-01-28,600036,11:07:02,38.0600,250,1
2026-01-28,600036,11:07:05,38.0300,130,4
2026-01-28,600036,11:07:08,38.0200,184,2
2026-01-28,600036,11:07:11,38.0100,765,2
2026-01-28,600036,11:07:14,38.0200,212,4
2026-01-28,600036,11:07:17,38.0000,81,2
2026-01-28,600036,11:07:20,38.0200,141,1
2026-01-28,600036,11:07:23,38.0100,82,2
2026-01-28,600036,11:07:26,38.0200,44,2
2026-01-28,600036,11:07:29,38.0200,193,2
2026-01-28,600036,11:07:32,38.0500,262,1
2026-01-28,600036,11:07:35,38.0400,2,4
2026-01-28,600036,11:07:38,38.0500,22,1
2026-01-28,600036,11:07:41,38.0400,40,2
2026-01-28,600036,11:07:44,38.0400,36,2
2026-01-28,600036,11:07:47,38.0500,232,1
2026-01-28,600036,11:07:50,38.0500,20,1
2026-01-28,600036,11:07:53,38.0500,180,1
2026-01-28,600036,11:07:56,38.0500,127,1
2026-01-28,600036,11:07:59,38.0500,137,2
2026-01-28,600036,11:08:02,38.0500,42,2
2026-01-28,600036,11:08:05,38.0600,38,1
2026-01-28,600036,11:08:08,38.0500,68,2
2026-01-28,600036,11:08:11,38.0600,257,1
2026-01-28,600036,11:08:14,38.0400,147,2
2026-01-28,600036,11:08:17,38.0400,967,2
2026-01-28,600036,11:08:20,38.0400,348,2
2026-01-28,600036,11:08:23,38.0300,240,2
2026-01-28,600036,11:08:26,38.0300,278,1
2026-01-28,600036,11:08:29,38.0300,325,1
2026-01-28,600036,11:08:32,38.0300,169,1
2026-01-28,600036,11:08:35,38.0300,1035,2
2026-01-28,600036,11:08:38,38.0400,104,1
2026-01-28,600036,11:08:41,38.0400,44,1
2026-01-28,600036,11:08:44,38.0400,112,2
2026-01-28,600036,11:08:47,38.0400,43,1
2026-01-28,600036,11:08:50,38.0400,33,1
2026-01-28,600036,11:08:53,38.0200,376,2
2026-01-28,600036,11:08:56,38.0300,155,2
2026-01-28,600036,11:08:59,38.0300,57,2
2026-01-28,600036,11:09:02,38.0300,201,1
2026-01-28,600036,11:09:05,38.0200,380,2
2026-01-28,600036,11:09:08,38.0300,194,1
2026-01-28,600036,11:09:11,38.0300,388,2
2026-01-28,600036,11:09:14,38.0000,328,2
2026-01-28,600036,11:09:17,38.0100,371,1
2026-01-28,600036,11:09:20,38.0100,189,2
2026-01-28,600036,11:09:23,38.0200,275,1
2026-01-28,600036,11:09:26,38.0000,276,2
2026-01-28,600036,11:09:29,38.0100,89,1
2026-01-28,600036,11:09:32,38.0000,296,2
2026-01-28,600036,11:09:35,37.9900,1425,2
2026-01-28,600036,11:09:38,38.0100,224,1
2026-01-28,600036,11:09:41,38.0200,5,1
2026-01-28,600036,11:09:44,38.0200,47,2
2026-01-28,600036,11:09:47,38.0200,48,2
2026-01-28,600036,11:09:50,38.0200,188,1
2026-01-28,600036,11:09:53,38.0100,215,2
2026-01-28,600036,11:09:56,38.0100,283,2
2026-01-28,600036,11:09:59,38.0100,197,1
2026-01-28,600036,11:10:02,38.0100,17,2
2026-01-28,600036,11:10:05,38.0100,100,2
2026-01-28,600036,11:10:08,38.0100,47,1
2026-01-28,600036,11:10:11,38.0200,85,1
2026-01-28,600036,11:10:14,38.0000,126,2
2026-01-28,600036,11:10:17,38.0000,136,2
2026-01-28,600036,11:10:20,38.0000,142,2
2026-01-28,600036,11:10:23,38.0000,499,2
2026-01-28,600036,11:10:26,37.9900,128,2
2026-01-28,600036,11:10:29,38.0000,732,1
2026-01-28,600036,11:10:32,38.0200,263,1
2026-01-28,600036,11:10:35,38.0200,452,1
2026-01-28,600036,11:10:38,38.0100,465,2
2026-01-28,600036,11:10:41,38.0300,60,4
2026-01-28,600036,11:10:44,38.0500,187,1
2026-01-28,600036,11:10:47,38.0500,253,1
2026-01-28,600036,11:10:50,38.0400,61,4
2026-01-28,600036,11:10:53,38.0400,67,1
2026-01-28,600036,11:10:56,38.0500,138,1
2026-01-28,600036,11:10:59,38.0600,251,1
2026-01-28,600036,11:11:02,38.0600,299,1
2026-01-28,600036,11:11:05,38.0600,85,1
2026-01-28,600036,11:11:08,38.0600,292,1
2026-01-28,600036,11:11:11,38.0600,77,2
2026-01-28,600036,11:11:14,38.0500,613,2
2026-01-28,600036,11:11:17,38.0400,649,2
2026-01-28,600036,11:11:20,38.0500,177,1
2026-01-28,600036,11:11:23,38.0500,429,1
2026-01-28,600036,11:11:26,38.0500,164,1
2026-01-28,600036,11:11:29,38.0500,94,1
2026-01-28,600036,11:11:32,38.0400,134,2
2026-01-28,600036,11:11:35,38.0600,177,1
2026-01-28,600036,11:11:38,38.0500,5,4
2026-01-28,600036,11:11:41,38.0600,11,1
2026-01-28,600036,11:11:44,38.0500,99,2
2026-01-28,600036,11:11:47,38.0300,223,2
2026-01-28,600036,11:11:50,38.0300,73,2
2026-01-28,600036,11:11:53,38.0400,109,1
2026-01-28,600036,11:11:56,38.0300,164,2
2026-01-28,600036,11:11:59,38.0600,375,1
2026-01-28,600036,11:12:02,38.0700,18,1
2026-01-28,600036,11:12:05,38.0700,4,1
2026-01-28,600036,11:12:08,38.0700,77,1
2026-01-28,600036,11:12:11,38.0700,120,1
2026-01-28,600036,11:12:14,38.0700,341,1
2026-01-28,600036,11:12:17,38.0700,310,2
2026-01-28,600036,11:12:20,38.0600,236,2
2026-01-28,600036,11:12:23,38.0700,212,1
2026-01-28,600036,11:12:26,38.0700,308,1
2026-01-28,600036,11:12:29,38.0600,146,4
2026-01-28,600036,11:12:32,38.0600,67,2
2026-01-28,600036,11:12:35,38.0600,70,2
2026-01-28,600036,11:12:38,38.0700,18,1
2026-01-28,600036,11:12:41,38.0600,15,2
2026-01-28,600036,11:12:44,38.0700,261,1
2026-01-28,600036,11:12:47,38.0700,40,1
2026-01-28,600036,11:12:50,38.0700,55,1
2026-01-28,600036,11:12:53,38.0600,127,2
2026-01-28,600036,11:12:56,38.0600,150,4
2026-01-28,600036,11:12:59,38.0600,453,1
2026-01-28,600036,11:13:02,38.0500,177,2
2026-01-28,600036,11:13:05,38.0600,76,1
2026-01-28,600036,11:13:08,38.0600,58,1
2026-01-28,600036,11:13:11,38.0500,1,2
2026-01-28,600036,11:13:14,38.0600,122,1
2026-01-28,600036,11:13:17,38.0600,3,1
2026-01-28,600036,11:13:20,38.0500,162,2
2026-01-28,600036,11:13:23,38.0500,5,2
2026-01-28,600036,11:13:26,38.0500,111,2
2026-01-28,600036,11:13:29,38.0400,165,2
2026-01-28,600036,11:13:32,38.0500,326,1
2026-01-28,600036,11:13:35,38.0600,29,4
2026-01-28,600036,11:13:38,38.0500,70,2
2026-01-28,600036,11:13:41,38.0600,304,1
2026-01-28,600036,11:13:44,38.0400,236,2
2026-01-28,600036,11:13:47,38.0300,440,2
2026-01-28,600036,11:13:50,38.0400,265,2
2026-01-28,600036,11:13:53,38.0300,46,2
2026-01-28,600036,11:13:56,38.0400,116,1
2026-01-28,600036,11:13:59,38.0300,160,2
2026-01-28,600036,11:14:02,38.0500,571,1
2026-01-28,600036,11:14:05,38.0500,8,2
2026-01-28,600036,11:14:08,38.0500,59,2
2026-01-28,600036,11:14:11,38.0500,158,2
2026-01-28,600036,11:14:14,38.0500,133,2
2026-01-28,600036,11:14:17,38.0500,18,2
2026-01-28,600036,11:14:20,38.0500,104,2
2026-01-28,600036,11:14:23,38.0500,76,2
2026-01-28,600036,11:14:26,38.0500,149,2
2026-01-28,600036,11:14:29,38.0500,102,1
2026-01-28,600036,11:14:32,38.0600,142,1
2026-01-28,600036,11:14:35,38.0600,64,2
2026-01-28,600036,11:14:38,38.0600,64,2
2026-01-28,600036,11:14:41,38.0700,62,1
2026-01-28,600036,11:14:44,38.0600,205,2
2026-01-28,600036,11:14:47,38.0500,440,2
2026-01-28,600036,11:14:50,38.0700,142,1
2026-01-28,600036,11:14:53,38.0600,84,2
2026-01-28,600036,11:14:56,38.0500,422,2
2026-01-28,600036,11:14:59,38.0500,354,2
2026-01-28,600036,11:15:02,38.0600,147,1
2026-01-28,600036,11:15:05,38.0600,50,1
2026-01-28,600036,11:15:08,38.0500,93,4
2026-01-28,600036,11:15:11,38.0700,142,1
2026-01-28,600036,11:15:14,38.0700,54,1
2026-01-28,600036,11:15:17,38.0600,90,2
2026-01-28,600036,11:15:20,38.0600,173,1
2026-01-28,600036,11:15:23,38.0600,164,1
2026-01-28,600036,11:15:26,38.0700,124,1
2026-01-28,600036,11:15:29,38.0700,209,1
2026-01-28,600036,11:15:32,38.0700,108,1
2026-01-28,600036,11:15:35,38.0600,11,2
2026-01-28,600036,11:15:38,38.0700,226,1
2026-01-28,600036,11:15:41,38.0600,143,2
2026-01-28,600036,11:15:44,38.0600,82,2
2026-01-28,600036,11:15:47,38.0500,180,2
2026-01-28,600036,11:15:50,38.0500,162,2
2026-01-28,600036,11:15:53,38.0600,27,1
2026-01-28,600036,11:15:56,38.0500,79,2
2026-01-28,600036,11:15:59,38.0500,699,2
2026-01-28,600036,11:16:02,38.0600,97,1
2026-01-28,600036,11:16:05,38.0600,48,1
2026-01-28,600036,11:16:08,38.0600,157,1
2026-01-28,600036,11:16:11,38.0600,612,1
2026-01-28,600036,11:16:14,38.0700,376,1
2026-01-28,600036,11:16:17,38.0500,277,2
2026-01-28,600036,11:16:20,38.0500,270,2
2026-01-28,600036,11:16:23,38.0500,512,1
2026-01-28,600036,11:16:26,38.0300,241,2
2026-01-28,600036,11:16:29,38.0500,417,1
2026-01-28,600036,11:16:32,38.0300,920,2
2026-01-28,600036,11:16:35,38.0300,330,1
2026-01-28,600036,11:16:38,38.0300,4,2
2026-01-28,600036,11:16:41,38.0400,7,1
2026-01-28,600036,11:16:44,38.0400,297,1
2026-01-28,600036,11:16:47,38.0400,172,1
2026-01-28,600036,11:16:50,38.0600,123,1
2026-01-28,600036,11:16:53,38.0400,285,2
2026-01-28,600036,11:16:56,38.0700,238,1
2026-01-28,600036,11:16:59,38.0600,302,1
2026-01-28,600036,11:17:02,38.0700,141,1
2026-01-28,600036,11:17:05,38.0600,293,1
2026-01-28,600036,11:17:08,38.0800,741,1
2026-01-28,600036,11:17:11,38.0700,175,2
2026-01-28,600036,11:17:14,38.0800,92,1
2026-01-28,600036,11:17:17,38.0800,546,1
2026-01-28,600036,11:17:20,38.0800,124,1
2026-01-28,600036,11:17:23,38.0900,158,1
2026-01-28,600036,11:17:26,38.0900,14,1
2026-01-28,600036,11:17:29,38.1000,189,1
2026-01-28,600036,11:17:32,38.1000,2,1
2026-01-28,600036,11:17:35,38.0900,21,2
2026-01-28,600036,11:17:38,38.1000,110,1
2026-01-28,600036,11:17:41,38.0900,128,2
2026-01-28,600036,11:17:44,38.0900,339,4
2026-01-28,600036,11:17:47,38.1000,132,1
2026-01-28,600036,11:17:50,38.0900,109,2
2026-01-28,600036,11:17:53,38.0800,350,2
2026-01-28,600036,11:17:56,38.0900,148,4
2026-01-28,600036,11:17:59,38.0900,7,1
2026-01-28,600036,11:18:02,38.0800,238,2
2026-01-28,600036,11:18:05,38.0900,348,2
2026-01-28,600036,11:18:08,38.0900,12,4
2026-01-28,600036,11:18:11,38.0900,434,1
2026-01-28,600036,11:18:14,38.1000,39,1
2026-01-28,600036,11:18:17,38.0900,549,2
2026-01-28,600036,11:18:20,38.0800,320,2
2026-01-28,600036,11:18:23,38.0700,301,2
2026-01-28,600036,11:18:26,38.0600,198,2
2026-01-28,600036,11:18:29,38.0600,251,2
2026-01-28,600036,11:18:32,38.1000,32,1
2026-01-28,600036,11:18:35,38.0900,134,2
2026-01-28,600036,11:18:38,38.0800,182,2
2026-01-28,600036,11:18:41,38.1000,56,1
2026-01-28,600036,11:18:44,38.0900,50,2
2026-01-28,600036,11:18:47,38.1100,226,1
2026-01-28,600036,11:18:50,38.0800,70,2
2026-01-28,600036,11:18:53,38.1100,101,1
2026-01-28,600036,11:18:56,38.1100,56,1
2026-01-28,600036,11:18:59,38.1100,139,1
2026-01-28,600036,11:19:02,38.1100,320,1
2026-01-28,600036,11:19:05,38.0900,54,2
2026-01-28,600036,11:19:08,38.0800,176,2
2026-01-28,600036,11:19:11,38.0900,44,1
2026-01-28,600036,11:19:14,38.0800,150,2
2026-01-28,600036,11:19:17,38.0900,117,1
2026-01-28,600036,11:19:20,38.0800,192,2
