date,code,time,price,volume,bs
2026-02-12,601012,14:07:08,18.5300,63,2
2026-02-12,601012,14:07:11,18.5400,25,1
2026-02-12,601012,14:07:14,18.5400,31,1
2026-02-12,601012,14:07:17,18.5400,37,1
2026-02-12,601012,14:07:20,18.5300,258,2
2026-02-12,601012,14:07:23,18.5400,109,1
2026-02-12,601012,14:07:26,18.5400,16,1
2026-02-12,601012,14:07:29,18.5400,890,1
2026-02-12,601012,14:07:32,18.5300,116,2
2026-02-12,601012,14:07:35,18.5300,162,2
2026-02-12,601012,14:07:38,18.5300,67,2
2026-02-12,601012,14:07:41,18.5400,165,1
2026-02-12,601012,14:07:44,18.5400,4,1
2026-02-12,601012,14:07:47,18.5400,4,1
2026-02-12,601012,14:07:50,18.5400,59,1
2026-02-12,601012,14:07:53,18.5400,77,1
2026-02-12,601012,14:07:56,18.5300,102,2
2026-02-12,601012,14:07:59,18.5400,139,1
2026-02-12,601012,14:08:02,18.5400,907,1
2026-02-12,601012,14:08:05,18.5400,47,1
2026-02-12,601012,14:08:08,18.5400,193,1
2026-02-12,601012,14:08:11,18.5400,95,1
2026-02-12,601012,14:08:14,18.5400,125,1
2026-02-12,601012,14:08:17,18.5400,213,1
2026-02-12,601012,14:08:20,18.5400,45,1
2026-02-12,601012,14:08:23,18.5400,72,1
2026-02-12,601012,14:08:26,18.5300,198,2
2026-02-12,601012,14:08:29,18.5300,318,2
2026-02-12,601012,14:08:32,18.5300,31,2
2026-02-12,601012,14:08:35,18.5400,35,1
2026-02-12,601012,14:08:38,18.5400,42,1
2026-02-12,601012,14:08:41,18.5400,43,1
2026-02-12,601012,14:08:44,18.5300,90,2
2026-02-12,601012,14:08:47,18.5300,1179,2
2026-02-12,601012,14:08:50,18.5400,414,1
2026-02-12,601012,14:08:53,18.5300,71,2
2026-02-12,601012,14:08:56,18.5400,66,1
2026-02-12,601012,14:08:59,18.5300,16,2
2026-02-12,601012,14:09:02,18.5400,340,1
2026-02-12,601012,14:09:05,18.5400,8,1
2026-02-12,601012,14:09:08,18.5400,187,1
2026-02-12,601012,14:09:11,18.5400,39,1
2026-02-12,601012,14:09:14,18.5300,50,2
2026-02-12,601012,14:09:17,18.5300,189,2
2026-02-12,601012,14:09:20,18.5300,92,2
2026-02-12,601012,14:09:23,18.5400,38,1
2026-02-12,601012,14:09:26,18.5300,84,2
2026-02-12,601012,14:09:29,18.5300,112,2
2026-02-12,601012,14:09:32,18.5300,73,2
2026-02-12,601012,14:09:35,18.5300,62,2
2026-02-12,601012,14:09:38,18.5300,234,2
2026-02-12,601012,14:09:41,18.5400,66,1
2026-02-12,601012,14:09:44,18.5300,62,2
2026-02-12,601012,14:09:47,18.5300,136,2
2026-02-12,601012,14:09:50,18.5400,202,1
2026-02-12,601012,14:09:53,18.5300,24,2
2026-02-12,601012,14:09:56,18.5400,109,1
2026-02-12,601012,14:09:59,18.5400,167,1
2026-02-12,601012,14:10:02,18.5300,180,2
2026-02-12,601012,14:10:05,18.5300,62,2
2026-02-12,601012,14:10:08,18.5400,8,1
2026-02-12,601012,14:10:11,18.5400,88,1
2026-02-12,601012,14:10:14,18.5400,55,1
2026-02-12,601012,14:10:17,18.5400,42,1
2026-02-12,601012,14:10:20,18.5400,68,1
2026-02-12,601012,14:10:23,18.5400,1126,1
2026-02-12,601012,14:10:26,18.5400,1187,1
2026-02-12,601012,14:10:29,18.5400,187,1
2026-02-12,601012,14:10:32,18.5300,74,2
2026-02-12,601012,14:10:35,18.5400,74,1
2026-02-12,601012,14:10:38,18.5400,58,1
2026-02-12,601012,14:10:41,18.5300,57,2
2026-02-12,601012,14:10:44,18.5400,1223,1
2026-02-12,601012,14:10:47,18.5400,311,2
2026-02-12,601012,14:10:50,18.5400,47,1
2026-02-12,601012,14:10:53,18.5400,14,1
2026-02-12,601012,14:10:56,18.5400,121,1
2026-02-12,601012,14:10:59,18.5300,85,2
2026-02-12,601012,14:11:02,18.5400,81,1
2026-02-12,601012,14:11:05,18.5300,175,2
2026-02-12,601012,14:11:08,18.5300,80,2
2026-02-12,601012,14:11:11,18.5300,614,2
2026-02-12,601012,14:11:14,18.5400,428,1
2026-02-12,601012,14:11:17,18.5400,94,1
2026-02-12,601012,14:11:20,18.5500,145,1
2026-02-12,601012,14:11:23,18.5400,133,1
2026-02-12,601012,14:11:26,18.5400,256,1
2026-02-12,601012,14:11:29,18.5400,188,1
2026-02-12,601012,14:11:32,18.5300,12,2
2026-02-12,601012,14:11:35,18.5300,81,2
2026-02-12,601012,14:11:38,18.5300,97,2
2026-02-12,601012,14:11:41,18.5400,642,1
2026-02-12,601012,14:11:44,18.5400,41,1
2026-02-12,601012,14:11:47,18.5400,83,1
2026-02-12,601012,14:11:50,18.5400,193,1
2026-02-12,601012,14:11:53,18.5300,102,2
2026-02-12,601012,14:11:56,18.5400,74,1
2026-02-12,601012,14:11:59,18.5300,61,2
2026-02-12,601012,14:12:02,18.5400,60,1
2026-02-12,601012,14:12:05,18.5400,145,1
2026-02-12,601012,14:12:08,18.5400,94,1
2026-02-12,601012,14:12:11,18.5400,99,1
2026-02-12,601012,14:12:14,18.5400,1265,1
2026-02-12,601012,14:12:17,18.5400,8,1
2026-02-12,601012,14:12:20,18.5400,162,1
2026-02-12,601012,14:12:23,18.5300,80,2
2026-02-12,601012,14:12:26,18.5400,221,1
2026-02-12,601012,14:12:29,18.5400,26,1
2026-02-12,601012,14:12:32,18.5400,175,1
2026-02-12,601012,14:12:35,18.5300,198,2
2026-02-12,601012,14:12:38,18.5400,71,1
2026-02-12,601012,14:12:41,18.5300,42,2
2026-02-12,601012,14:12:44,18.5300,72,2
2026-02-12,601012,14:12:47,18.5300,84,2
2026-02-12,601012,14:12:50,18.5400,95,1
2026-02-12,601012,14:12:53,18.5300,109,2
2026-02-12,601012,14:12:56,18.5300,253,2
2026-02-12,601012,14:12:59,18.5400,38,1
2026-02-12,601012,14:13:02,18.5400,112,1
2026-02-12,601012,14:13:05,18.5300,144,2
2026-02-12,601012,14:13:08,18.5400,168,1
2026-02-12,601012,14:13:11,18.5300,223,2
2026-02-12,601012,14:13:14,18.5400,75,1
2026-02-12,601012,14:13:17,18.5300,250,2
2026-02-12,601012,14:13:20,18.5400,170,1
2026-02-12,601012,14:13:23,18.5400,76,1
2026-02-12,601012,14:13:26,18.5300,5,2
2026-02-12,601012,14:13:29,18.5400,872,1
2026-02-12,601012,14:13:32,18.5300,23,2
2026-02-12,601012,14:13:35,18.5400,31,1
2026-02-12,601012,14:13:38,18.5400,405,1
2026-02-12,601012,14:13:41,18.5400,157,1
2026-02-12,601012,14:13:44,18.5400,104,1
2026-02-12,601012,14:13:47,18.5300,52,2
2026-02-12,601012,14:13:50,18.5400,248,1
2026-02-12,601012,14:13:53,18.5400,72,1
2026-02-12,601012,14:13:56,18.5400,72,1
2026-02-12,601012,14:13:59,18.5300,51,2
2026-02-12,601012,14:14:02,18.5400,230,1
2026-02-12,601012,14:14:05,18.5300,68,2
2026-02-12,601012,14:14:08,18.5400,323,1
2026-02-12,601012,14:14:11,18.5400,213,1
2026-02-12,601012,14:14:14,18.5400,46,1
2026-02-12,601012,14:14:17,18.5400,140,1
2026-02-12,601012,14:14:20,18.5300,56,2
2026-02-12,601012,14:14:23,18.5400,100,1
2026-02-12,601012,14:14:26,18.5300,62,2
2026-02-12,601012,14:14:29,18.5400,87,1
2026-02-12,601012,14:14:32,18.5400,66,1
2026-02-12,601012,14:14:35,18.5300,193,2
2026-02-12,601012,14:14:38,18.5400,1283,1
2026-02-12,601012,14:14:41,18.5400,548,1
2026-02-12,601012,14:14:44,18.5400,436,1
2026-02-12,601012,14:14:47,18.5400,154,1
2026-02-12,601012,14:14:50,18.5300,120,2
2026-02-12,601012,14:14:53,18.5400,121,1
2026-02-12,601012,14:14:56,18.5400,121,1
2026-02-12,601012,14:14:59,18.5400,668,1
2026-02-12,601012,14:15:02,18.5400,635,1
2026-02-12,601012,14:15:05,18.5400,35,2
2026-02-12,601012,14:15:08,18.5400,92,2
2026-02-12,601012,14:15:11,18.5400,189,2
2026-02-12,601012,14:15:14,18.5500,1561,1
2026-02-12,601012,14:15:17,18.5500,58,1
2026-02-12,601012,14:15:20,18.5500,62,1
2026-02-12,601012,14:15:23,18.5600,1217,1
2026-02-12,601012,14:15:26,18.5600,1713,1
2026-02-12,601012,14:15:29,18.5700,180,1
2026-02-12,601012,14:15:32,18.5700,15,1
2026-02-12,601012,14:15:35,18.5700,112,1
2026-02-12,601012,14:15:38,18.5700,198,1
2026-02-12,601012,14:15:41,18.5600,494,2
2026-02-12,601012,14:15:44,18.5700,259,1
2026-02-12,601012,14:15:47,18.5600,623,2
2026-02-12,601012,14:15:50,18.5700,137,1
2026-02-12,601012,14:15:53,18.5700,70,1
2026-02-12,601012,14:15:56,18.5700,268,1
2026-02-12,601012,14:15:59,18.5700,225,1
2026-02-12,601012,14:16:02,18.5700,333,1
2026-02-12,601012,14:16:05,18.5700,26,2
2026-02-12,601012,14:16:08,18.5700,28,2
2026-02-12,601012,14:16:11,18.5800,100,1
2026-02-12,601012,14:16:14,18.5800,41,1
2026-02-12,601012,14:16:17,18.5700,248,2
2026-02-12,601012,14:16:20,18.5800,236,1
2026-02-12,601012,14:16:23,18.5800,224,1
2026-02-12,601012,14:16:26,18.5800,263,1
2026-02-12,601012,14:16:29,18.5700,1297,2
2026-02-12,601012,14:16:32,18.5800,310,1
2026-02-12,601012,14:16:35,18.5800,138,2
2026-02-12,601012,14:16:38,18.5800,75,1
2026-02-12,601012,14:16:41,18.5700,85,2
2026-02-12,601012,14:16:44,18.5800,122,1
2026-02-12,601012,14:16:47,18.5800,123,1
2026-02-12,601012,14:16:50,18.5800,190,1
2026-02-12,601012,14:16:53,18.5700,485,2
2026-02-12,601012,14:16:56,18.5800,456,1
2026-02-12,601012,14:16:59,18.5800,571,1
2026-02-12,601012,14:17:02,18.5800,755,1
2026-02-12,601012,14:17:05,18.5800,478,1
2026-02-12,601012,14:17:08,18.5800,657,1
2026-02-12,601012,14:17:11,18.5700,356,1
2026-02-12,601012,14:17:14,18.5700,314,1
2026-02-12,601012,14:17:17,18.5700,316,1
2026-02-12,601012,14:17:20,18.5700,268,1
2026-02-12,601012,14:17:23,18.5700,112,1
2026-02-12,601012,14:17:26,18.5600,165,2
2026-02-12,601012,14:17:29,18.5600,136,2
2026-02-12,601012,14:17:32,18.5700,64,1
2026-02-12,601012,14:17:35,18.5700,69,1
2026-02-12,601012,14:17:38,18.5700,997,1
2026-02-12,601012,14:17:41,18.5600,335,2
2026-02-12,601012,14:17:44,18.5600,841,1
2026-02-12,601012,14:17:47,18.5600,142,1
2026-02-12,601012,14:17:50,18.5500,169,2
2026-02-12,601012,14:17:53,18.5600,28,1
2026-02-12,601012,14:17:56,18.5400,327,2
2026-02-12,601012,14:17:59,18.5500,134,1
2026-02-12,601012,14:18:02,18.5500,107,1
2026-02-12,601012,14:18:05,18.5500,416,1
2026-02-12,601012,14:18:08,18.5500,84,1
2026-02-12,601012,14:18:11,18.5500,28,1
2026-02-12,601012,14:18:14,18.5400,667,2
2026-02-12,601012,14:18:17,18.5400,127,2
2026-02-12,601012,14:18:20,18.5500,128,1
2026-02-12,601012,14:18:23,18.5500,106,1
2026-02-12,601012,14:18:26,18.5500,83,1
2026-02-12,601012,14:18:29,18.5500,57,1
2026-02-12,601012,14:18:32,18.5500,25,1
2026-02-12,601012,14:18:35,18.5400,106,2
2026-02-12,601012,14:18:38,18.5500,70,1
2026-02-12,601012,14:18:41,18.5500,52,1
2026-02-12,601012,14:18:44,18.5500,85,1
2026-02-12,601012,14:18:47,18.5500,225,1
2026-02-12,601012,14:18:50,18.5500,347,1
2026-02-12,601012,14:18:53,18.5400,88,2
2026-02-12,601012,14:18:56,18.5400,59,2
2026-02-12,601012,14:18:59,18.5500,24,1
2026-02-12,601012,14:19:02,18.5500,21,1
2026-02-12,601012,14:19:05,18.5500,105,1
2026-02-12,601012,14:19:08,18.5400,159,2
2026-02-12,601012,14:19:11,18.5400,90,2
2026-02-12,601012,14:19:14,18.5500,61,1
2026-02-12,601012,14:19:17,18.5500,48,1
2026-02-12,601012,14:19:20,18.5500,16,1
2026-02-12,601012,14:19:23,18.5400,22,2
2026-02-12,601012,14:19:26,18.5400,38,2
2026-02-12,601012,14:19:29,18.5400,141,2
2026-02-12,601012,14:19:32,18.5400,454,2
2026-02-12,601012,14:19:35,18.5400,172,2
2026-02-12,601012,14:19:38,18.5400,171,2
2026-02-12,601012,14:19:41,18.5500,295,1
2026-02-12,601012,14:19:44,18.5400,52,2
2026-02-12,601012,14:19:47,18.5500,226,1
2026-02-12,601012,14:19:50,18.5400,124,2
2026-02-12,601012,14:19:53,18.5500,35,1
2026-02-12,601012,14:19:56,18.5500,142,1
2026-02-12,601012,14:19:59,18.5400,204,2
2026-02-12,601012,14:20:02,18.5500,140,1
2026-02-12,601012,14:20:05,18.5400,93,2
2026-02-12,601012,14:20:08,18.5500,27,1
2026-02-12,601012,14:20:11,18.5500,101,1
2026-02-12,601012,14:20:14,18.5500,166,1
2026-02-12,601012,14:20:17,18.5500,1280,1
2026-02-12,601012,14:20:20,18.5500,140,1
2026-02-12,601012,14:20:23,18.5500,126,1
2026-02-12,601012,14:20:26,18.5500,178,1
2026-02-12,601012,14:20:29,18.5500,129,1
2026-02-12,601012,14:20:32,18.5500,47,1
2026-02-12,601012,14:20:35,18.5400,3765,2
2026-02-12,601012,14:20:38,18.5400,449,1
2026-02-12,601012,14:20:41,18.5400,66,1
2026-02-12,601012,14:20:44,18.5400,111,1
2026-02-12,601012,14:20:47,18.5400,419,1
2026-02-12,601012,14:20:50,18.5400,84,1
2026-02-12,601012,14:20:53,18.5400,202,1
2026-02-12,601012,14:20:56,18.5400,108,1
2026-02-12,601012,14:20:59,18.5400,523,1
2026-02-12,601012,14:21:02,18.5300,307,2
2026-02-12,601012,14:21:05,18.5400,998,1
2026-02-12,601012,14:21:08,18.5400,26,2
2026-02-12,601012,14:21:11,18.5500,188,1
2026-02-12,601012,14:21:14,18.5400,130,2
2026-02-12,601012,14:21:17,18.5500,66,1
2026-02-12,601012,14:21:20,18.5500,153,1
2026-02-12,601012,14:21:23,18.5500,18,1
2026-02-12,601012,14:21:26,18.5400,38,2
2026-02-12,601012,14:21:29,18.5400,55,2
2026-02-12,601012,14:21:32,18.5400,173,2
2026-02-12,601012,14:21:35,18.5400,103,2
2026-02-12,601012,14:21:38,18.5500,92,1
2026-02-12,601012,14:21:41,18.5500,30,1
2026-02-12,601012,14:21:44,18.5400,299,2
2026-02-12,601012,14:21:47,18.5400,56,2
2026-02-12,601012,14:21:50,18.5500,118,1
2026-02-12,601012,14:21:53,18.5500,8,2
2026-02-12,601012,14:21:56,18.5500,198,2
2026-02-12,601012,14:21:59,18.5400,143,2
2026-02-12,601012,14:22:02,18.5400,58,2
2026-02-12,601012,14:22:05,18.5500,161,1
2026-02-12,601012,14:22:08,18.5400,377,2
2026-02-12,601012,14:22:11,18.5500,44,1
2026-02-12,601012,14:22:14,18.5500,36,1
2026-02-12,601012,14:22:17,18.5500,223,1
2026-02-12,601012,14:22:20,18.5500,225,1
2026-02-12,601012,14:22:23,18.5500,195,1
2026-02-12,601012,14:22:26,18.5500,153,1
2026-02-12,601012,14:22:29,18.5500,108,2
2026-02-12,601012,14:22:32,18.5400,194,2
2026-02-12,601012,14:22:35,18.5600,285,1
2026-02-12,601012,14:22:38,18.5500,74,2
2026-02-12,601012,14:22:41,18.5500,320,1
2026-02-12,601012,14:22:44,18.5500,100,4
2026-02-12,601012,14:22:47,18.5600,19,1
2026-02-12,601012,14:22:50,18.5500,17,2
2026-02-12,601012,14:22:53,18.5600,37,1
2026-02-12,601012,14:22:56,18.5400,407,2
2026-02-12,601012,14:22:59,18.5500,77,1
2026-02-12,601012,14:23:02,18.5500,132,1
2026-02-12,601012,14:23:05,18.5500,90,2
2026-02-12,601012,14:23:08,18.5500,198,2
2026-02-12,601012,14:23:11,18.5500,746,2
2026-02-12,601012,14:23:14,18.5500,74,1
2026-02-12,601012,14:23:17,18.5500,465,1
2026-02-12,601012,14:23:20,18.5400,83,2
2026-02-12,601012,14:23:23,18.5500,250,1
2026-02-12,601012,14:23:26,18.5600,70,1
2026-02-12,601012,14:23:29,18.5500,203,2
2026-02-12,601012,14:23:32,18.5600,48,1
2026-02-12,601012,14:23:35,18.5600,54,1
2026-02-12,601012,14:23:38,18.5500,454,2
2026-02-12,601012,14:23:41,18.5500,35,2
2026-02-12,601012,14:23:44,18.5600,40,1
2026-02-12,601012,14:23:47,18.5600,30,1
2026-02-12,601012,14:23:50,18.5600,106,1
2026-02-12,601012,14:23:53,18.5500,168,2
2026-02-12,601012,14:23:56,18.5500,234,2
2026-02-12,601012,14:23:59,18.5600,87,1
2026-02-12,601012,14:24:02,18.5600,558,1
2026-02-12,601012,14:24:05,18.5500,213,2
2026-02-12,601012,14:24:08,18.5500,425,1
2026-02-12,601012,14:24:11,18.5500,122,1
2026-02-12,601012,14:24:14,18.5500,688,1
2026-02-12,601012,14:24:17,18.5500,151,1
2026-02-12,601012,14:24:20,18.5500,125,1
2026-02-12,601012,14:24:23,18.5500,489,1
2026-02-12,601012,14:24:26,18.5500,700,2
2026-02-12,601012,14:24:29,18.5500,54,2
2026-02-12,601012,14:24:32,18.5500,75,2
2026-02-12,601012,14:24:35,18.5500,64,2
2026-02-12,601012,14:24:38,18.5600,34,1
2026-02-12,601012,14:24:41,18.5600,259,1
2026-02-12,601012,14:24:44,18.5500,37,2
2026-02-12,601012,14:24:47,18.5500,69,2
2026-02-12,601012,14:24:50,18.5500,2,2
2026-02-12,601012,14:24:53,18.5600,21,1
2026-02-12,601012,14:24:56,18.5500,426,2
2026-02-12,601012,14:24:59,18.5500,130,1
2026-02-12,601012,14:25:02,18.5500,36,2
2026-02-12,601012,14:25:05,18.5500,107,2
2026-02-12,601012,14:25:08,18.5500,176,2
2026-02-12,601012,14:25:11,18.5600,52,1
2026-02-12,601012,14:25:14,18.5500,26,2
2026-02-12,601012,14:25:17,18.5500,171,2
2026-02-12,601012,14:25:20,18.5500,28,2
2026-02-12,601012,14:25:23,18.5600,61,1
2026-02-12,601012,14:25:26,18.5500,70,2
2026-02-12,601012,14:25:29,18.5500,156,2
2026-02-12,601012,14:25:32,18.5500,668,2
2026-02-12,601012,14:25:35,18.5600,32,1
2026-02-12,601012,14:25:38,18.5600,607,1
2026-02-12,601012,14:25:41,18.5600,61,1
2026-02-12,601012,14:25:44,18.5600,60,1
2026-02-12,601012,14:25:47,18.5600,743,1
2026-02-12,601012,14:25:50,18.5600,228,2
2026-02-12,601012,14:25:53,18.5500,150,2
2026-02-12,601012,14:25:56,18.5600,285,1
2026-02-12,601012,14:25:59,18.5600,291,2
2026-02-12,601012,14:26:02,18.5700,24,1
2026-02-12,601012,14:26:05,18.5600,244,2
2026-02-12,601012,14:26:08,18.5600,347,2
2026-02-12,601012,14:26:11,18.5600,118,2
2026-02-12,601012,14:26:14,18.5700,94,1
2026-02-12,601012,14:26:17,18.5700,314,1
2026-02-12,601012,14:26:20,18.5600,192,2
2026-02-12,601012,14:26:23,18.5700,171,1
2026-02-12,601012,14:26:26,18.5600,24,2
2026-02-12,601012,14:26:29,18.5600,491,2
2026-02-12,601012,14:26:32,18.5600,119,2
2026-02-12,601012,14:26:35,18.5700,51,1
2026-02-12,601012,14:26:38,18.5700,170,1
2026-02-12,601012,14:26:41,18.5600,659,2
2026-02-12,601012,14:26:44,18.5600,142,1
2026-02-12,601012,14:26:47,18.5500,1727,2
2026-02-12,601012,14:26:50,18.5500,95,1
2026-02-12,601012,14:26:53,18.5500,270,1
2026-02-12,601012,14:26:56,18.5400,83,2
2026-02-12,601012,14:26:59,18.5400,83,2
2026-02-12,601012,14:27:02,18.5400,538,2
2026-02-12,601012,14:27:05,18.5500,85,1
2026-02-12,601012,14:27:08,18.5400,105,2
2026-02-12,601012,14:27:11,18.5500,44,1
2026-02-12,601012,14:27:14,18.5500,81,1
2026-02-12,601012,14:27:17,18.5500,763,1
2026-02-12,601012,14:27:20,18.5500,58,2
2026-02-12,601012,14:27:23,18.5500,313,1
2026-02-12,601012,14:27:26,18.5500,68,2
2026-02-12,601012,14:27:29,18.5500,70,2
2026-02-12,601012,14:27:32,18.5600,71,1
2026-02-12,601012,14:27:35,18.5600,39,1
2026-02-12,601012,14:27:38,18.5600,57,1
2026-02-12,601012,14:27:41,18.5500,265,2
2026-02-12,601012,14:27:44,18.5500,46,2
2026-02-12,601012,14:27:47,18.5500,153,2
2026-02-12,601012,14:27:50,18.5600,657,1
2026-02-12,601012,14:27:53,18.5600,77,1
2026-02-12,601012,14:27:56,18.5600,246,1
2026-02-12,601012,14:27:59,18.5500,99,2
2026-02-12,601012,14:28:02,18.5500,233,2
2026-02-12,601012,14:28:05,18.5600,53,1
2026-02-12,601012,14:28:08,18.5500,218,2
2026-02-12,601012,14:28:11,18.5600,49,1
2026-02-12,601012,14:28:14,18.5500,89,2
2026-02-12,601012,14:28:17,18.5600,74,1
2026-02-12,601012,14:28:20,18.5600,90,1
2026-02-12,601012,14:28:23,18.5500,88,2
2026-02-12,601012,14:28:26,18.5600,454,1
2026-02-12,601012,14:28:29,18.5500,190,2
2026-02-12,601012,14:28:32,18.5500,319,2
2026-02-12,601012,14:28:35,18.5500,56,1
2026-02-12,601012,14:28:38,18.5500,122,1
2026-02-12,601012,14:28:41,18.5500,166,1
2026-02-12,601012,14:28:44,18.5500,105,1
2026-02-12,601012,14:28:47,18.5500,185,1
2026-02-12,601012,14:28:50,18.5400,269,2
2026-02-12,601012,14:28:53,18.5500,56,1
2026-02-12,601012,14:28:56,18.5500,241,1
2026-02-12,601012,14:28:59,18.5500,153,1
2026-02-12,601012,14:29:02,18.5500,190,1
2026-02-12,601012,14:29:05,18.5400,45,2
2026-02-12,601012,14:29:08,18.5400,150,2
2026-02-12,601012,14:29:11,18.5500,166,1
2026-02-12,601012,14:29:14,18.5400,221,2
2026-02-12,601012,14:29:17,18.5500,344,1
2026-02-12,601012,14:29:20,18.5500,105,1
2026-02-12,601012,14:29:23,18.5500,206,1
2026-02-12,601012,14:29:26,18.5500,1509,1
2026-02-12,601012,14:29:29,18.5400,105,2
2026-02-12,601012,14:29:32,18.5500,107,1
2026-02-12,601012,14:29:35,18.5400,106,2
2026-02-12,601012,14:29:38,18.5500,198,1
2026-02-12,601012,14:29:41,18.5500,143,1
2026-02-12,601012,14:29:44,18.5500,107,1
2026-02-12,601012,14:29:47,18.5500,122,1
2026-02-12,601012,14:29:50,18.5500,264,1
2026-02-12,601012,14:29:53,18.5500,114,1
2026-02-12,601012,14:29:56,18.5500,276,1
2026-02-12,601012,14:29:59,18.5500,220,1
2026-02-12,601012,14:30:02,18.5400,106,2
2026-02-12,601012,14:30:05,18.5400,113,2
2026-02-12,601012,14:30:08,18.5400,110,2
2026-02-12,601012,14:30:11,18.5400,246,2
2026-02-12,601012,14:30:14,18.5500,180,1
2026-02-12,601012,14:30:17,18.5500,43,1
2026-02-12,601012,14:30:20,18.5500,183,1
2026-02-12,601012,14:30:23,18.5500,123,1
2026-02-12,601012,14:30:26,18.5500,81,1
2026-02-12,601012,14:30:29,18.5500,72,1
2026-02-12,601012,14:30:32,18.5400,97,2
2026-02-12,601012,14:30:35,18.5500,49,1
2026-02-12,601012,14:30:38,18.5500,75,1
2026-02-12,601012,14:30:41,18.5500,124,1
2026-02-12,601012,14:30:44,18.5500,87,1
2026-02-12,601012,14:30:47,18.5500,549,1
2026-02-12,601012,14:30:50,18.5400,64,2
2026-02-12,601012,14:30:53,18.5400,122,2
2026-02-12,601012,14:30:56,18.5500,309,1
2026-02-12,601012,14:30:59,18.5500,234,1
2026-02-12,601012,14:31:02,18.5400,111,2
2026-02-12,601012,14:31:05,18.5400,5900,2
2026-02-12,601012,14:31:08,18.5400,153,1
2026-02-12,601012,14:31:11,18.5400,116,1
2026-02-12,601012,14:31:14,18.5400,177,1
2026-02-12,601012,14:31:17,18.5300,220,2
2026-02-12,601012,14:31:20,18.5300,302,2
2026-02-12,601012,14:31:23,18.5200,12981,2
2026-02-12,601012,14:31:26,18.5200,1095,1
2026-02-12,601012,14:31:29,18.5200,441,1
2026-02-12,601012,14:31:32,18.5200,191,1
2026-02-12,601012,14:31:35,18.5200,147,1
2026-02-12,601012,14:31:38,18.5100,150,2
2026-02-12,601012,14:31:41,18.5100,350,2
2026-02-12,601012,14:31:44,18.5100,155,2
2026-02-12,601012,14:31:47,18.5100,654,2
2026-02-12,601012,14:31:50,18.5100,171,2
2026-02-12,601012,14:31:53,18.5100,97,2
2026-02-12,601012,14:31:56,18.5100,261,2
2026-02-12,601012,14:31:59,18.5200,79,1
2026-02-12,601012,14:32:02,18.5200,78,1
2026-02-12,601012,14:32:05,18.5100,228,2
2026-02-12,601012,14:32:08,18.5200,50,1
2026-02-12,601012,14:32:11,18.5100,204,2
2026-02-12,601012,14:32:14,18.5100,104,2
2026-02-12,601012,14:32:17,18.5100,266,2
2026-02-12,601012,14:32:20,18.5100,5186,2
2026-02-12,601012,14:32:23,18.5100,1159,1
2026-02-12,601012,14:32:26,18.5100,601,1
2026-02-12,601012,14:32:29,18.5100,1500,1
2026-02-12,601012,14:32:32,18.5100,307,1
2026-02-12,601012,14:32:35,18.5100,321,1
2026-02-12,601012,14:32:38,18.5000,526,2
2026-02-12,601012,14:32:41,18.5100,117,1
2026-02-12,601012,14:32:44,18.5100,552,1
2026-02-12,601012,14:32:47,18.5100,253,2
2026-02-12,601012,14:32:50,18.5100,236,1
2026-02-12,601012,14:32:53,18.5000,191,2
2026-02-12,601012,14:32:56,18.5000,122,2
2026-02-12,601012,14:32:59,18.5000,1101,2
2026-02-12,601012,14:33:02,18.5100,199,1
2026-02-12,601012,14:33:05,18.5000,842,2
2026-02-12,601012,14:33:08,18.5000,511,2
2026-02-12,601012,14:33:11,18.5100,105,1
2026-02-12,601012,14:33:14,18.5000,390,2
2026-02-12,601012,14:33:17,18.5100,205,1
2026-02-12,601012,14:33:20,18.5100,278,1
2026-02-12,601012,14:33:23,18.5000,845,2
2026-02-12,601012,14:33:26,18.5000,532,2
2026-02-12,601012,14:33:29,18.5100,874,1
2026-02-12,601012,14:33:32,18.5200,127,1
2026-02-12,601012,14:33:35,18.5100,94,2
2026-02-12,601012,14:33:38,18.5100,183,2
2026-02-12,601012,14:33:41,18.5200,52,1
2026-02-12,601012,14:33:44,18.5100,253,2
2026-02-12,601012,14:33:47,18.5200,50,1
2026-02-12,601012,14:33:50,18.5100,95,2
2026-02-12,601012,14:33:53,18.5200,1001,1
2026-02-12,601012,14:33:56,18.5200,140,1
2026-02-12,601012,14:33:59,18.5200,497,1
2026-02-12,601012,14:34:02,18.5200,141,1
2026-02-12,601012,14:34:05,18.5100,72,2
2026-02-12,601012,14:34:08,18.5100,247,2
2026-02-12,601012,14:34:11,18.5200,32,1
2026-02-12,601012,14:34:14,18.5200,184,1
2026-02-12,601012,14:34:17,18.5100,53,2
2026-02-12,601012,14:34:20,18.5100,1091,2
2026-02-12,601012,14:34:23,18.5100,120,2
2026-02-12,601012,14:34:26,18.5100,126,2
2026-02-12,601012,14:34:29,18.5100,162,2
2026-02-12,601012,14:34:32,18.5100,375,2
2026-02-12,601012,14:34:35,18.5000,3665,2
2026-02-12,601012,14:34:38,18.5000,242,2
2026-02-12,601012,14:34:41,18.5100,167,1
2026-02-12,601012,14:34:44,18.5100,217,1
2026-02-12,601012,14:34:47,18.5000,395,2
2026-02-12,601012,14:34:50,18.5100,707,1
2026-02-12,601012,14:34:53,18.5000,144,2
2026-02-12,601012,14:34:56,18.5000,161,2
2026-02-12,601012,14:34:59,18.5000,179,2
2026-02-12,601012,14:35:02,18.5100,301,1
2026-02-12,601012,14:35:05,18.5000,183,2
2026-02-12,601012,14:35:08,18.5000,681,2
2026-02-12,601012,14:35:11,18.5100,624,1
2026-02-12,601012,14:35:14,18.5000,218,2
2026-02-12,601012,14:35:17,18.5000,153,2
2026-02-12,601012,14:35:20,18.5000,858,2
2026-02-12,601012,14:35:23,18.5000,887,2
2026-02-12,601012,14:35:26,18.5000,232,2
2026-02-12,601012,14:35:29,18.5100,179,1
2026-02-12,601012,14:35:32,18.5100,338,1
2026-02-12,601012,14:35:35,18.5100,160,2
2026-02-12,601012,14:35:38,18.5000,114,2
2026-02-12,601012,14:35:41,18.5100,32,1
2026-02-12,601012,14:35:44,18.5100,228,1
2026-02-12,601012,14:35:47,18.5100,270,1
2026-02-12,601012,14:35:50,18.5100,49,1
2026-02-12,601012,14:35:53,18.5100,78,1
2026-02-12,601012,14:35:56,18.5000,248,2
2026-02-12,601012,14:35:59,18.5100,1015,1
2026-02-12,601012,14:36:02,18.5100,309,1
2026-02-12,601012,14:36:05,18.5100,1080,1
2026-02-12,601012,14:36:08,18.5100,323,2
2026-02-12,601012,14:36:11,18.5100,318,1
2026-02-12,601012,14:36:14,18.5000,274,2
2026-02-12,601012,14:36:17,18.5100,269,1
2026-02-12,601012,14:36:20,18.5100,336,2
2026-02-12,601012,14:36:23,18.5100,331,2
2026-02-12,601012,14:36:26,18.5200,1052,1
2026-02-12,601012,14:36:29,18.5100,586,2
2026-02-12,601012,14:36:32,18.5100,213,2
2026-02-12,601012,14:36:35,18.5100,102,2
2026-02-12,601012,14:36:38,18.5100,545,2
2026-02-12,601012,14:36:41,18.5100,266,2
2026-02-12,601012,14:36:44,18.5100,2609,2
2026-02-12,601012,14:36:47,18.5100,1072,2
2026-02-12,601012,14:36:50,18.5100,228,1
2026-02-12,601012,14:36:53,18.5100,343,1
2026-02-12,601012,14:36:56,18.5100,142,1
2026-02-12,601012,14:36:59,18.5100,281,1
2026-02-12,601012,14:37:02,18.5000,148,2
2026-02-12,601012,14:37:05,18.5000,331,2
2026-02-12,601012,14:37:08,18.5000,101,2
2026-02-12,601012,14:37:11,18.5000,196,2
2026-02-12,601012,14:37:14,18.5000,191,2
2026-02-12,601012,14:37:17,18.5000,38,2
2026-02-12,601012,14:37:20,18.5100,109,1
2026-02-12,601012,14:37:23,18.5000,355,2
2026-02-12,601012,14:37:26,18.5000,259,2
2026-02-12,601012,14:37:29,18.5000,391,2
2026-02-12,601012,14:37:32,18.5000,204,2
2026-02-12,601012,14:37:35,18.5100,485,1
2026-02-12,601012,14:37:38,18.5100,158,1
2026-02-12,601012,14:37:41,18.5000,820,2
2026-02-12,601012,14:37:44,18.5000,68,2
2026-02-12,601012,14:37:47,18.5000,201,2
2026-02-12,601012,14:37:50,18.5000,874,2
2026-02-12,601012,14:37:53,18.5000,76,2
2026-02-12,601012,14:37:56,18.5100,497,1
2026-02-12,601012,14:37:59,18.5100,213,2
2026-02-12,601012,14:38:02,18.5100,97,2
2026-02-12,601012,14:38:05,18.5100,907,2
2026-02-12,601012,14:38:08,18.5100,1936,2
2026-02-12,601012,14:38:11,18.5100,89,1
2026-02-12,601012,14:38:14,18.5100,27,1
2026-02-12,601012,14:38:17,18.5100,128,1
2026-02-12,601012,14:38:20,18.5100,367,1
2026-02-12,601012,14:38:23,18.5100,543,1
2026-02-12,601012,14:38:26,18.5000,548,2
2026-02-12,601012,14:38:29,18.5100,596,1
2026-02-12,601012,14:38:32,18.5100,417,1
2026-02-12,601012,14:38:35,18.5100,290,1
2026-02-12,601012,14:38:38,18.5100,202,1
2026-02-12,601012,14:38:41,18.5100,214,1
2026-02-12,601012,14:38:44,18.5100,687,1
2026-02-12,601012,14:38:47,18.5100,140,1
2026-02-12,601012,14:38:50,18.5100,276,1
2026-02-12,601012,14:38:53,18.5000,251,2
2026-02-12,601012,14:38:56,18.5100,284,1
2026-02-12,601012,14:38:59,18.5100,171,1
2026-02-12,601012,14:39:02,18.5100,194,1
2026-02-12,601012,14:39:05,18.5000,573,2
2026-02-12,601012,14:39:08,18.5100,251,1
2026-02-12,601012,14:39:11,18.5000,228,2
2026-02-12,601012,14:39:14,18.5100,370,1
2026-02-12,601012,14:39:17,18.5000,229,2
2026-02-12,601012,14:39:20,18.5000,287,2
2026-02-12,601012,14:39:23,18.5000,78,2
2026-02-12,601012,14:39:26,18.5000,186,2
2026-02-12,601012,14:39:29,18.5100,1122,1
2026-02-12,601012,14:39:32,18.5100,329,2
2026-02-12,601012,14:39:35,18.5100,329,2
2026-02-12,601012,14:39:38,18.5100,1183,2
2026-02-12,601012,14:39:41,18.5100,460,1
2026-02-12,601012,14:39:44,18.5000,129,2
2026-02-12,601012,14:39:47,18.5100,267,1
2026-02-12,601012,14:39:50,18.5100,372,1
2026-02-12,601012,14:39:53,18.5100,136,1
2026-02-12,601012,14:39:56,18.5000,127,2
2026-02-12,601012,14:39:59,18.5100,188,1
2026-02-12,601012,14:40:02,18.5000,145,2
2026-02-12,601012,14:40:05,18.5000,313,2
2026-02-12,601012,14:40:08,18.5100,247,1
2026-02-12,601012,14:40:11,18.5000,161,2
2026-02-12,601012,14:40:14,18.5000,203,2
2026-02-12,601012,14:40:17,18.5000,469,2
2026-02-12,601012,14:40:20,18.5000,91,2
2026-02-12,601012,14:40:23,18.5100,262,1
2026-02-12,601012,14:40:26,18.5100,139,1
2026-02-12,601012,14:40:29,18.5000,120,2
2026-02-12,601012,14:40:32,18.5100,197,1
2026-02-12,601012,14:40:35,18.5000,411,2
2026-02-12,601012,14:40:38,18.5000,714,2
2026-02-12,601012,14:40:41,18.5000,213,2
2026-02-12,601012,14:40:44,18.5000,447,2
2026-02-12,601012,14:40:47,18.5100,212,1
2026-02-12,601012,14:40:50,18.5000,2087,2
2026-02-12,601012,14:40:53,18.5000,787,2
2026-02-12,601012,14:40:56,18.5000,665,2
2026-02-12,601012,14:40:59,18.5000,1418,2
2026-02-12,601012,14:41:02,18.5100,285,1
2026-02-12,601012,14:41:05,18.5000,314,2
2026-02-12,601012,14:41:08,18.5000,114,2
2026-02-12,601012,14:41:11,18.5000,431,2
2026-02-12,601012,14:41:14,18.5100,790,1
2026-02-12,601012,14:41:17,18.5100,645,1
2026-02-12,601012,14:41:20,18.5000,207,2
2026-02-12,601012,14:41:23,18.5100,147,1
2026-02-12,601012,14:41:26,18.5000,156,2
2026-02-12,601012,14:41:29,18.5100,1485,1
2026-02-12,601012,14:41:32,18.5100,138,1
2026-02-12,601012,14:41:35,18.5000,269,2
2026-02-12,601012,14:41:38,18.5100,299,1
2026-02-12,601012,14:41:41,18.5100,79,1
2026-02-12,601012,14:41:44,18.5100,111,1
2026-02-12,601012,14:41:47,18.5000,607,2
2026-02-12,601012,14:41:50,18.5100,267,1
2026-02-12,601012,14:41:53,18.5000,113,2
2026-02-12,601012,14:41:56,18.5000,398,2
2026-02-12,601012,14:41:59,18.5000,3554,2
2026-02-12,601012,14:42:02,18.5100,1285,1
2026-02-12,601012,14:42:05,18.5000,10856,2
2026-02-12,601012,14:42:08,18.5000,1137,1
2026-02-12,601012,14:42:11,18.4900,1140,2
2026-02-12,601012,14:42:14,18.4900,249,2
2026-02-12,601012,14:42:17,18.4900,399,1
2026-02-12,601012,14:42:20,18.4900,263,1
2026-02-12,601012,14:42:23,18.4800,89,2
2026-02-12,601012,14:42:26,18.4800,157,2
2026-02-12,601012,14:42:29,18.4800,1192,2
2026-02-12,601012,14:42:32,18.4800,527,2
2026-02-12,601012,14:42:35,18.4800,178,2
2026-02-12,601012,14:42:38,18.4800,407,2
2026-02-12,601012,14:42:41,18.4800,1020,2
2026-02-12,601012,14:42:44,18.4900,920,1
2026-02-12,601012,14:42:47,18.4800,1685,2
2026-02-12,601012,14:42:50,18.4800,753,2
2026-02-12,601012,14:42:53,18.4800,606,2
2026-02-12,601012,14:42:56,18.4800,980,2
2026-02-12,601012,14:42:59,18.4900,1206,1
2026-02-12,601012,14:43:02,18.4800,276,2
2026-02-12,601012,14:43:05,18.4800,840,2
2026-02-12,601012,14:43:08,18.4800,482,2
2026-02-12,601012,14:43:11,18.4900,171,1
2026-02-12,601012,14:43:14,18.4800,220,2
2026-02-12,601012,14:43:17,18.4800,388,2
2026-02-12,601012,14:43:20,18.4800,127,2
2026-02-12,601012,14:43:23,18.4800,1882,2
2026-02-12,601012,14:43:26,18.4800,131,2
2026-02-12,601012,14:43:29,18.4900,122,1
2026-02-12,601012,14:43:32,18.4900,257,1
2026-02-12,601012,14:43:35,18.4900,452,1
2026-02-12,601012,14:43:38,18.4900,239,1
2026-02-12,601012,14:43:41,18.4900,638,1
2026-02-12,601012,14:43:44,18.4800,1228,2
2026-02-12,601012,14:43:47,18.4900,236,1
2026-02-12,601012,14:43:50,18.4900,238,1
2026-02-12,601012,14:43:53,18.4800,215,2
2026-02-12,601012,14:43:56,18.4800,233,2
2026-02-12,601012,14:43:59,18.4900,720,1
2026-02-12,601012,14:44:02,18.4800,268,2
2026-02-12,601012,14:44:05,18.4800,193,2
2026-02-12,601012,14:44:08,18.4800,206,2
2026-02-12,601012,14:44:11,18.4800,105,2
2026-02-12,601012,14:44:14,18.4900,86,1
2026-02-12,601012,14:44:17,18.4900,138,1
2026-02-12,601012,14:44:20,18.4800,91,2
2026-02-12,601012,14:44:23,18.4900,171,1
2026-02-12,601012,14:44:26,18.4900,153,1
2026-02-12,601012,14:44:29,18.4800,193,2
2026-02-12,601012,14:44:32,18.4800,128,2
2026-02-12,601012,14:44:35,18.4800,475,2
2026-02-12,601012,14:44:38,18.4900,190,1
2026-02-12,601012,14:44:41,18.4800,139,2
2026-02-12,601012,14:44:44,18.4900,77,1
2026-02-12,601012,14:44:47,18.4800,182,2
2026-02-12,601012,14:44:50,18.4800,492,2
2026-02-12,601012,14:44:53,18.4900,69,1
2026-02-12,601012,14:44:56,18.4800,354,2
2026-02-12,601012,14:44:59,18.4800,355,2
2026-02-12,601012,14:45:02,18.4800,167,2
2026-02-12,601012,14:45:05,18.4800,273,2
2026-02-12,601012,14:45:08,18.4800,236,2
2026-02-12,601012,14:45:11,18.4900,194,1
2026-02-12,601012,14:45:14,18.4900,180,1
2026-02-12,601012,14:45:17,18.4900,1077,1
2026-02-12,601012,14:45:20,18.4800,218,2
2026-02-12,601012,14:45:23,18.4900,205,1
2026-02-12,601012,14:45:26,18.4900,136,1
2026-02-12,601012,14:45:29,18.4900,268,1
2026-02-12,601012,14:45:32,18.4900,1105,1
2026-02-12,601012,14:45:35,18.4800,680,2
2026-02-12,601012,14:45:38,18.4800,113,2
2026-02-12,601012,14:45:41,18.4800,314,2
2026-02-12,601012,14:45:44,18.4900,127,1
2026-02-12,601012,14:45:47,18.4800,117,2
2026-02-12,601012,14:45:50,18.4900,130,1
2026-02-12,601012,14:45:53,18.4900,448,1
2026-02-12,601012,14:45:56,18.5000,444,1
2026-02-12,601012,14:45:59,18.5000,878,1
2026-02-12,601012,14:46:02,18.5000,199,1
2026-02-12,601012,14:46:05,18.5000,291,1
2026-02-12,601012,14:46:08,18.5000,59,1
2026-02-12,601012,14:46:11,18.4900,115,2
2026-02-12,601012,14:46:14,18.4900,239,2
2026-02-12,601012,14:46:17,18.5000,546,1
2026-02-12,601012,14:46:20,18.5000,137,1
2026-02-12,601012,14:46:23,18.5000,143,1
2026-02-12,601012,14:46:26,18.5000,243,1
2026-02-12,601012,14:46:29,18.5000,344,1
2026-02-12,601012,14:46:32,18.4900,221,2
2026-02-12,601012,14:46:35,18.5000,442,1
2026-02-12,601012,14:46:38,18.4900,278,2
2026-02-12,601012,14:46:41,18.5000,188,1
2026-02-12,601012,14:46:44,18.5000,575,1
2026-02-12,601012,14:46:47,18.5000,440,2
2026-02-12,601012,14:46:50,18.5000,609,1
2026-02-12,601012,14:46:53,18.5000,570,2
2026-02-12,601012,14:46:56,18.5000,561,2
2026-02-12,601012,14:46:59,18.5000,416,2
2026-02-12,601012,14:47:02,18.5000,140,2
2026-02-12,601012,14:47:05,18.5000,1012,2
2026-02-12,601012,14:47:08,18.5000,504,2
2026-02-12,601012,14:47:11,18.5000,1257,2
2026-02-12,601012,14:47:14,18.5000,199,2
2026-02-12,601012,14:47:17,18.5100,96,1
2026-02-12,601012,14:47:20,18.5000,100,2
2026-02-12,601012,14:47:23,18.5100,338,1
2026-02-12,601012,14:47:26,18.5100,268,1
2026-02-12,601012,14:47:29,18.5100,187,1
2026-02-12,601012,14:47:32,18.5000,499,2
2026-02-12,601012,14:47:35,18.5000,336,2
2026-02-12,601012,14:47:38,18.5100,232,1
2026-02-12,601012,14:47:41,18.5100,182,1
2026-02-12,601012,14:47:44,18.5100,221,1
2026-02-12,601012,14:47:47,18.5100,391,1
2026-02-12,601012,14:47:50,18.5100,184,1
2026-02-12,601012,14:47:53,18.5100,613,1
2026-02-12,601012,14:47:56,18.5100,215,1
2026-02-12,601012,14:47:59,18.5100,165,1
2026-02-12,601012,14:48:02,18.5000,89,2
2026-02-12,601012,14:48:05,18.5100,115,1
2026-02-12,601012,14:48:08,18.5100,2168,1
2026-02-12,601012,14:48:11,18.5100,723,1
2026-02-12,601012,14:48:14,18.5000,990,2
2026-02-12,601012,14:48:17,18.5000,641,2
2026-02-12,601012,14:48:20,18.5000,635,2
2026-02-12,601012,14:48:23,18.5100,334,1
2026-02-12,601012,14:48:26,18.5100,504,1
2026-02-12,601012,14:48:29,18.5000,148,2
2026-02-12,601012,14:48:32,18.5100,1007,1
2026-02-12,601012,14:48:35,18.5000,42,2
2026-02-12,601012,14:48:38,18.5100,301,1
2026-02-12,601012,14:48:41,18.5100,1707,1
2026-02-12,601012,14:48:44,18.5100,296,1
2026-02-12,601012,14:48:47,18.5100,81,1
2026-02-12,601012,14:48:50,18.5000,324,2
2026-02-12,601012,14:48:53,18.5100,1213,1
2026-02-12,601012,14:48:56,18.5000,107,2
2026-02-12,601012,14:48:59,18.5100,285,1
2026-02-12,601012,14:49:02,18.5100,329,1
2026-02-12,601012,14:49:05,18.5100,194,1
2026-02-12,601012,14:49:08,18.5000,158,2
2026-02-12,601012,14:49:11,18.5100,311,1
2026-02-12,601012,14:49:14,18.5000,953,2
2026-02-12,601012,14:49:17,18.5100,142,1
2026-02-12,601012,14:49:20,18.5000,161,2
2026-02-12,601012,14:49:23,18.5000,412,2
2026-02-12,601012,14:49:26,18.5100,246,1
2026-02-12,601012,14:49:29,18.5000,251,2
2026-02-12,601012,14:49:32,18.5000,217,2
2026-02-12,601012,14:49:35,18.5000,655,2
2026-02-12,601012,14:49:38,18.5000,474,2
2026-02-12,601012,14:49:41,18.5000,446,2
2026-02-12,601012,14:49:44,18.5000,138,2
2026-02-12,601012,14:49:47,18.5100,143,1
2026-02-12,601012,14:49:50,18.5100,213,1
2026-02-12,601012,14:49:53,18.5100,305,1
2026-02-12,601012,14:49:56,18.5100,228,1
2026-02-12,601012,14:49:59,18.5000,135,2
2026-02-12,601012,14:50:02,18.5100,423,1
2026-02-12,601012,14:50:05,18.5100,986,1
2026-02-12,601012,14:50:08,18.5100,556,1
2026-02-12,601012,14:50:11,18.5100,662,1
2026-02-12,601012,14:50:14,18.5000,281,2
2026-02-12,601012,14:50:17,18.5100,187,1
2026-02-12,601012,14:50:20,18.5000,224,2
2026-02-12,601012,14:50:23,18.5000,287,2
2026-02-12,601012,14:50:26,18.5000,301,2
2026-02-12,601012,14:50:29,18.5000,855,2
2026-02-12,601012,14:50:32,18.5100,473,1
2026-02-12,601012,14:50:35,18.5100,138,1
2026-02-12,601012,14:50:38,18.5100,289,1
2026-02-12,601012,14:50:41,18.5100,394,1
2026-02-12,601012,14:50:44,18.5100,366,1
2026-02-12,601012,14:50:47,18.5100,214,1
2026-02-12,601012,14:50:50,18.5100,815,1
2026-02-12,601012,14:50:53,18.5000,662,2
2026-02-12,601012,14:50:56,18.5100,275,1
2026-02-12,601012,14:50:59,18.5000,503,2
2026-02-12,601012,14:51:02,18.5100,446,1
2026-02-12,601012,14:51:05,18.5000,352,2
2026-02-12,601012,14:51:08,18.5000,123,2
2026-02-12,601012,14:51:11,18.5100,228,1
2026-02-12,601012,14:51:14,18.5000,230,2
2026-02-12,601012,14:51:17,18.5100,608,1
2026-02-12,601012,14:51:20,18.5000,252,2
2026-02-12,601012,14:51:23,18.5100,467,1
2026-02-12,601012,14:51:26,18.5100,547,1
2026-02-12,601012,14:51:29,18.5100,81,1
2026-02-12,601012,14:51:32,18.5000,2229,2
2026-02-12,601012,14:51:35,18.5000,291,2
2026-02-12,601012,14:51:38,18.5000,852,2
2026-02-12,601012,14:51:41,18.5000,1751,2
2026-02-12,601012,14:51:44,18.5000,333,2
2026-02-12,601012,14:51:47,18.5100,706,1
2026-02-12,601012,14:51:50,18.5100,232,1
2026-02-12,601012,14:51:53,18.5100,142,1
2026-02-12,601012,14:51:56,18.5100,499,1
2026-02-12,601012,14:51:59,18.5100,147,1
2026-02-12,601012,14:52:02,18.5000,509,2
2026-02-12,601012,14:52:05,18.5000,356,2
2026-02-12,601012,14:52:08,18.5000,275,2
2026-02-12,601012,14:52:11,18.5000,1123,2
2026-02-12,601012,14:52:14,18.5000,2558,2
2026-02-12,601012,14:52:17,18.5000,494,2
2026-02-12,601012,14:52:20,18.5000,338,2
2026-02-12,601012,14:52:23,18.5000,4316,2
2026-02-12,601012,14:52:26,18.5000,572,1
2026-02-12,601012,14:52:29,18.5000,393,1
2026-02-12,601012,14:52:32,18.5000,286,1
2026-02-12,601012,14:52:35,18.5000,243,1
2026-02-12,601012,14:52:38,18.5000,768,1
2026-02-12,601012,14:52:41,18.5000,255,1
2026-02-12,601012,14:52:44,18.5000,311,1
2026-02-12,601012,14:52:47,18.4900,511,2
2026-02-12,601012,14:52:50,18.4900,288,2
2026-02-12,601012,14:52:53,18.5000,194,1
2026-02-12,601012,14:52:56,18.5000,356,1
2026-02-12,601012,14:52:59,18.4900,573,2
2026-02-12,601012,14:53:02,18.5000,223,1
2026-02-12,601012,14:53:05,18.5000,270,1
2026-02-12,601012,14:53:08,18.5000,186,1
2026-02-12,601012,14:53:11,18.4900,521,2
2026-02-12,601012,14:53:14,18.5000,114,1
2026-02-12,601012,14:53:17,18.4900,271,2
2026-02-12,601012,14:53:20,18.4900,135,2
2026-02-12,601012,14:53:23,18.4900,345,2
2026-02-12,601012,14:53:26,18.4900,226,2
2026-02-12,601012,14:53:29,18.5000,114,1
2026-02-12,601012,14:53:32,18.5000,762,1
2026-02-12,601012,14:53:35,18.5000,91,1
2026-02-12,601012,14:53:38,18.5000,308,1
2026-02-12,601012,14:53:41,18.5000,607,1
2026-02-12,601012,14:53:44,18.4900,292,2
2026-02-12,601012,14:53:47,18.4900,417,2
2026-02-12,601012,14:53:50,18.5000,1014,1
2026-02-12,601012,14:53:53,18.4900,356,2
2026-02-12,601012,14:53:56,18.5000,147,1
2026-02-12,601012,14:53:59,18.5000,501,1
2026-02-12,601012,14:54:02,18.5000,147,1
2026-02-12,601012,14:54:05,18.5000,167,1
2026-02-12,601012,14:54:08,18.5000,633,1
2026-02-12,601012,14:54:11,18.4900,852,2
2026-02-12,601012,14:54:14,18.4900,314,2
2026-02-12,601012,14:54:17,18.4900,408,2
2026-02-12,601012,14:54:20,18.4900,574,2
2026-02-12,601012,14:54:23,18.5000,332,1
2026-02-12,601012,14:54:26,18.5000,142,1
2026-02-12,601012,14:54:29,18.4900,421,2
2026-02-12,601012,14:54:32,18.5000,1044,1
2026-02-12,601012,14:54:35,18.5000,306,1
2026-02-12,601012,14:54:38,18.4900,365,2
2026-02-12,601012,14:54:41,18.5000,286,1
2026-02-12,601012,14:54:44,18.5000,437,1
2026-02-12,601012,14:54:47,18.5000,413,1
2026-02-12,601012,14:54:50,18.4900,115,2
2026-02-12,601012,14:54:53,18.4900,297,2
2026-02-12,601012,14:54:56,18.4900,653,2
2026-02-12,601012,14:54:59,18.4900,477,2
2026-02-12,601012,14:55:02,18.4900,722,2
2026-02-12,601012,14:55:05,18.4900,335,2
2026-02-12,601012,14:55:08,18.4900,2348,2
2026-02-12,601012,14:55:11,18.4800,718,2
2026-02-12,601012,14:55:14,18.4900,561,1
2026-02-12,601012,14:55:17,18.4800,459,2
2026-02-12,601012,14:55:20,18.4800,206,2
2026-02-12,601012,14:55:23,18.4800,445,2
2026-02-12,601012,14:55:26,18.4800,215,2
2026-02-12,601012,14:55:29,18.4900,313,1
2026-02-12,601012,14:55:32,18.4800,395,2
2026-02-12,601012,14:55:35,18.4800,418,2
2026-02-12,601012,14:55:38,18.4800,867,2
2026-02-12,601012,14:55:41,18.4800,531,2
2026-02-12,601012,14:55:44,18.4900,668,1
2026-02-12,601012,14:55:47,18.4900,420,1
2026-02-12,601012,14:55:50,18.4800,1258,2
2026-02-12,601012,14:55:53,18.4800,693,2
2026-02-12,601012,14:55:56,18.4800,444,2
2026-02-12,601012,14:55:59,18.4800,661,2
2026-02-12,601012,14:56:02,18.4900,2127,1
2026-02-12,601012,14:56:05,18.4900,519,2
2026-02-12,601012,14:56:08,18.4900,474,2
2026-02-12,601012,14:56:11,18.4800,538,2
2026-02-12,601012,14:56:14,18.4900,503,4
2026-02-12,601012,14:56:17,18.4900,2005,1
2026-02-12,601012,14:56:20,18.4900,268,1
2026-02-12,601012,14:56:23,18.4900,1014,1
2026-02-12,601012,14:56:26,18.4900,504,2
2026-02-12,601012,14:56:29,18.4900,410,2
2026-02-12,601012,14:56:32,18.4800,454,2
2026-02-12,601012,14:56:35,18.4800,682,2
2026-02-12,601012,14:56:38,18.4900,1656,1
2026-02-12,601012,14:56:41,18.4800,253,2
2026-02-12,601012,14:56:44,18.4800,751,2
2026-02-12,601012,14:56:47,18.4800,262,2
2026-02-12,601012,14:56:50,18.4900,687,1
2026-02-12,601012,14:56:53,18.4900,308,2
2026-02-12,601012,14:56:56,18.4900,244,2
2026-02-12,601012,14:56:59,18.4900,644,2
2026-02-12,601012,14:57:02,18.4900,99,2
2026-02-12,601012,15:00:02,18.4900,18026,4
2026-02-12,601012,13:17:08,18.5200,93,2
2026-02-12,601012,13:17:11,18.5300,50,1
2026-02-12,601012,13:17:14,18.5200,148,2
2026-02-12,601012,13:17:17,18.5300,51,1
2026-02-12,601012,13:17:20,18.5300,21,1
2026-02-12,601012,13:17:23,18.5200,20,2
2026-02-12,601012,13:17:26,18.5300,20,1
2026-02-12,601012,13:17:29,18.5200,18,2
2026-02-12,601012,13:17:32,18.5300,83,1
2026-02-12,601012,13:17:35,18.5200,102,2
2026-02-12,601012,13:17:38,18.5300,71,1
2026-02-12,601012,13:17:41,18.5300,403,1
2026-02-12,601012,13:17:44,18.5200,34,2
2026-02-12,601012,13:17:47,18.5200,19,2
2026-02-12,601012,13:17:50,18.5200,37,2
2026-02-12,601012,13:17:53,18.5300,10,1
2026-02-12,601012,13:17:56,18.5200,17,2
2026-02-12,601012,13:17:59,18.5300,34,1
2026-02-12,601012,13:18:02,18.5200,32,2
2026-02-12,601012,13:18:05,18.5300,40,1
2026-02-12,601012,13:18:08,18.5300,51,1
2026-02-12,601012,13:18:11,18.5300,49,1
2026-02-12,601012,13:18:14,18.5200,424,2
2026-02-12,601012,13:18:17,18.5300,38,1
2026-02-12,601012,13:18:20,18.5300,67,1
2026-02-12,601012,13:18:23,18.5300,18,1
2026-02-12,601012,13:18:26,18.5300,25,1
2026-02-12,601012,13:18:29,18.5300,92,1
2026-02-12,601012,13:18:32,18.5300,343,1
2026-02-12,601012,13:18:35,18.5300,78,1
2026-02-12,601012,13:18:38,18.5200,38,2
2026-02-12,601012,13:18:41,18.5300,27,1
2026-02-12,601012,13:18:44,18.5300,699,1
2026-02-12,601012,13:18:47,18.5300,120,1
2026-02-12,601012,13:18:50,18.5200,20,2
2026-02-12,601012,13:18:53,18.5300,145,1
2026-02-12,601012,13:18:56,18.5300,19,1
2026-02-12,601012,13:18:59,18.5300,81,1
2026-02-12,601012,13:19:02,18.5200,76,2
2026-02-12,601012,13:19:05,18.5300,53,1
2026-02-12,601012,13:19:08,18.5200,7,2
2026-02-12,601012,13:19:11,18.5300,12,1
2026-02-12,601012,13:19:14,18.5300,1033,1
2026-02-12,601012,13:19:17,18.5200,192,2
2026-02-12,601012,13:19:20,18.5200,1209,2
2026-02-12,601012,13:19:23,18.5100,106,2
2026-02-12,601012,13:19:26,18.5100,64,2
2026-02-12,601012,13:19:29,18.5200,75,1
2026-02-12,601012,13:19:32,18.5200,133,1
2026-02-12,601012,13:19:35,18.5200,49,1
2026-02-12,601012,13:19:38,18.5200,119,1
2026-02-12,601012,13:19:41,18.5200,56,1
2026-02-12,601012,13:19:44,18.5100,14,2
2026-02-12,601012,13:19:47,18.5200,80,1
2026-02-12,601012,13:19:50,18.5200,58,1
2026-02-12,601012,13:19:53,18.5100,10,2
2026-02-12,601012,13:19:56,18.5200,89,1
2026-02-12,601012,13:19:59,18.5100,89,2
2026-02-12,601012,13:20:02,18.5100,107,2
2026-02-12,601012,13:20:05,18.5200,62,1
2026-02-12,601012,13:20:08,18.5200,172,1
2026-02-12,601012,13:20:11,18.5100,42,2
2026-02-12,601012,13:20:14,18.5100,44,2
2026-02-12,601012,13:20:17,18.5200,145,1
2026-02-12,601012,13:20:20,18.5200,155,1
2026-02-12,601012,13:20:23,18.5200,26,1
2026-02-12,601012,13:20:26,18.5200,57,1
2026-02-12,601012,13:20:29,18.5200,58,1
2026-02-12,601012,13:20:32,18.5100,198,2
2026-02-12,601012,13:20:35,18.5200,63,1
2026-02-12,601012,13:20:38,18.5100,5,2
2026-02-12,601012,13:20:41,18.5100,25,2
2026-02-12,601012,13:20:44,18.5200,76,1
2026-02-12,601012,13:20:47,18.5100,55,2
2026-02-12,601012,13:20:50,18.5200,20,1
2026-02-12,601012,13:20:53,18.5100,61,2
2026-02-12,601012,13:20:56,18.5100,104,2
2026-02-12,601012,13:20:59,18.5200,140,1
2026-02-12,601012,13:21:02,18.5200,110,1
2026-02-12,601012,13:21:05,18.5200,543,1
2026-02-12,601012,13:21:08,18.5300,1115,1
2026-02-12,601012,13:21:11,18.5300,35,1
2026-02-12,601012,13:21:14,18.5200,21,2
2026-02-12,601012,13:21:17,18.5200,53,2
2026-02-12,601012,13:21:20,18.5300,147,1
2026-02-12,601012,13:21:23,18.5300,521,1
2026-02-12,601012,13:21:26,18.5300,132,1
2026-02-12,601012,13:21:29,18.5200,55,2
2026-02-12,601012,13:21:32,18.5200,52,2
2026-02-12,601012,13:21:35,18.5200,111,2
2026-02-12,601012,13:21:38,18.5300,43,1
2026-02-12,601012,13:21:41,18.5300,51,1
2026-02-12,601012,13:21:44,18.5300,21,1
2026-02-12,601012,13:21:47,18.5300,58,1
2026-02-12,601012,13:21:50,18.5300,140,1
2026-02-12,601012,13:21:53,18.5300,138,1
2026-02-12,601012,13:21:56,18.5200,91,2
2026-02-12,601012,13:21:59,18.5300,286,1
2026-02-12,601012,13:22:02,18.5200,50,2
2026-02-12,601012,13:22:05,18.5300,81,1
2026-02-12,601012,13:22:08,18.5300,286,1
2026-02-12,601012,13:22:11,18.5300,21,1
2026-02-12,601012,13:22:14,18.5300,107,1
2026-02-12,601012,13:22:17,18.5300,105,1
2026-02-12,601012,13:22:20,18.5300,277,1
2026-02-12,601012,13:22:23,18.5300,95,1
2026-02-12,601012,13:22:26,18.5300,102,1
2026-02-12,601012,13:22:29,18.5200,123,2
2026-02-12,601012,13:22:32,18.5300,103,1
2026-02-12,601012,13:22:35,18.5200,37,2
2026-02-12,601012,13:22:38,18.5300,30,1
2026-02-12,601012,13:22:41,18.5300,219,1
2026-02-12,601012,13:22:44,18.5300,165,1
2026-02-12,601012,13:22:47,18.5200,63,2
2026-02-12,601012,13:22:50,18.5200,195,2
2026-02-12,601012,13:22:53,18.5300,59,1
2026-02-12,601012,13:22:56,18.5300,39,1
2026-02-12,601012,13:22:59,18.5300,224,1
2026-02-12,601012,13:23:02,18.5300,68,1
2026-02-12,601012,13:23:05,18.5200,117,2
2026-02-12,601012,13:23:08,18.5300,87,1
2026-02-12,601012,13:23:11,18.5300,47,1
2026-02-12,601012,13:23:14,18.5200,8,2
2026-02-12,601012,13:23:17,18.5300,65,1
2026-02-12,601012,13:23:20,18.5300,51,1
2026-02-12,601012,13:23:23,18.5300,144,1
2026-02-12,601012,13:23:26,18.5200,255,2
2026-02-12,601012,13:23:29,18.5300,22,1
2026-02-12,601012,13:23:32,18.5300,82,1
2026-02-12,601012,13:23:35,18.5300,65,1
2026-02-12,601012,13:23:38,18.5300,12,1
2026-02-12,601012,13:23:41,18.5200,13,2
2026-02-12,601012,13:23:44,18.5300,29,1
2026-02-12,601012,13:23:47,18.5300,109,1
2026-02-12,601012,13:23:50,18.5200,61,2
2026-02-12,601012,13:23:53,18.5200,38,2
2026-02-12,601012,13:23:56,18.5200,476,2
2026-02-12,601012,13:23:59,18.5200,132,2
2026-02-12,601012,13:24:02,18.5300,29,1
2026-02-12,601012,13:24:05,18.5300,10,1
2026-02-12,601012,13:24:08,18.5200,16,2
2026-02-12,601012,13:24:11,18.5300,75,1
2026-02-12,601012,13:24:14,18.5300,77,1
2026-02-12,601012,13:24:17,18.5300,111,1
2026-02-12,601012,13:24:20,18.5300,765,1
2026-02-12,601012,13:24:23,18.5300,985,1
2026-02-12,601012,13:24:26,18.5300,370,1
2026-02-12,601012,13:24:29,18.5200,46,2
2026-02-12,601012,13:24:32,18.5300,86,1
2026-02-12,601012,13:24:35,18.5200,197,2
2026-02-12,601012,13:24:38,18.5200,69,2
2026-02-12,601012,13:24:41,18.5300,12,1
2026-02-12,601012,13:24:44,18.5300,106,1
2026-02-12,601012,13:24:47,18.5300,53,1
2026-02-12,601012,13:24:50,18.5300,5,1
2026-02-12,601012,13:24:53,18.5300,471,1
2026-02-12,601012,13:24:56,18.5300,112,1
2026-02-12,601012,13:24:59,18.5300,67,1
2026-02-12,601012,13:25:02,18.5300,154,1
2026-02-12,601012,13:25:05,18.5300,106,1
2026-02-12,601012,13:25:08,18.5300,85,1
2026-02-12,601012,13:25:11,18.5300,175,1
2026-02-12,601012,13:25:14,18.5300,63,1
2026-02-12,601012,13:25:17,18.5300,61,1
2026-02-12,601012,13:25:20,18.5200,1,2
2026-02-12,601012,13:25:23,18.5300,41,1
2026-02-12,601012,13:25:26,18.5300,348,1
2026-02-12,601012,13:25:29,18.5300,181,1
2026-02-12,601012,13:25:32,18.5200,100,2
2026-02-12,601012,13:25:35,18.5300,182,1
2026-02-12,601012,13:25:38,18.5300,345,1
2026-02-12,601012,13:25:41,18.5300,24,1
2026-02-12,601012,13:25:44,18.5200,396,2
2026-02-12,601012,13:25:47,18.5300,17,1
2026-02-12,601012,13:25:50,18.5200,163,2
2026-02-12,601012,13:25:53,18.5200,346,2
2026-02-12,601012,13:25:56,18.5300,59,1
2026-02-12,601012,13:25:59,18.5300,32,1
2026-02-12,601012,13:26:02,18.5300,7,1
2026-02-12,601012,13:26:05,18.5300,44,1
2026-02-12,601012,13:26:08,18.5300,128,1
2026-02-12,601012,13:26:11,18.5300,373,1
2026-02-12,601012,13:26:14,18.5300,38,1
2026-02-12,601012,13:26:17,18.5300,156,1
2026-02-12,601012,13:26:20,18.5300,55,2
2026-02-12,601012,13:26:23,18.5300,85,2
2026-02-12,601012,13:26:26,18.5300,74,2
2026-02-12,601012,13:26:29,18.5400,22,1
2026-02-12,601012,13:26:32,18.5300,92,2
2026-02-12,601012,13:26:35,18.5400,32,1
2026-02-12,601012,13:26:38,18.5400,73,1
2026-02-12,601012,13:26:41,18.5300,223,2
2026-02-12,601012,13:26:44,18.5300,127,2
2026-02-12,601012,13:26:47,18.5300,133,2
2026-02-12,601012,13:26:50,18.5400,59,1
2026-02-12,601012,13:26:53,18.5400,303,1
2026-02-12,601012,13:26:56,18.5400,154,1
2026-02-12,601012,13:26:59,18.5400,85,1
2026-02-12,601012,13:27:02,18.5500,672,1
2026-02-12,601012,13:27:05,18.5600,853,1
2026-02-12,601012,13:27:08,18.5500,17,2
2026-02-12,601012,13:27:11,18.5700,277,1
2026-02-12,601012,13:27:14,18.5700,138,1
2026-02-12,601012,13:27:17,18.5700,93,1
2026-02-12,601012,13:27:20,18.5700,166,1
2026-02-12,601012,13:27:23,18.5700,32,2
2026-02-12,601012,13:27:26,18.5800,15,1
2026-02-12,601012,13:27:29,18.5700,459,2
2026-02-12,601012,13:27:32,18.5800,200,1
2026-02-12,601012,13:27:35,18.5700,525,2
2026-02-12,601012,13:27:38,18.5700,123,1
2026-02-12,601012,13:27:41,18.5700,586,1
2026-02-12,601012,13:27:44,18.5700,356,1
2026-02-12,601012,13:27:47,18.5600,180,2
2026-02-12,601012,13:27:50,18.5600,177,2
2026-02-12,601012,13:27:53,18.5600,209,2
2026-02-12,601012,13:27:56,18.5700,159,1
2026-02-12,601012,13:27:59,18.5600,326,2
2026-02-12,601012,13:28:02,18.5600,89,1
2026-02-12,601012,13:28:05,18.5600,85,1
2026-02-12,601012,13:28:08,18.5600,278,1
2026-02-12,601012,13:28:11,18.5500,77,2
2026-02-12,601012,13:28:14,18.5600,401,1
2026-02-12,601012,13:28:17,18.5500,55,2
2026-02-12,601012,13:28:20,18.5500,108,2
2026-02-12,601012,13:28:23,18.5500,341,2
2026-02-12,601012,13:28:26,18.5500,188,1
2026-02-12,601012,13:28:29,18.5500,189,1
2026-02-12,601012,13:28:32,18.5500,52,1
2026-02-12,601012,13:28:35,18.5500,33,1
2026-02-12,601012,13:28:38,18.5500,101,1
2026-02-12,601012,13:28:41,18.5400,310,2
2026-02-12,601012,13:28:44,18.5500,38,1
2026-02-12,601012,13:28:47,18.5500,112,1
2026-02-12,601012,13:28:50,18.5300,2113,2
2026-02-12,601012,13:28:53,18.5300,188,1
2026-02-12,601012,13:28:56,18.5300,14,1
2026-02-12,601012,13:28:59,18.5300,43,1
2026-02-12,601012,13:29:02,18.5300,124,1
2026-02-12,601012,13:29:05,18.5300,75,2
2026-02-12,601012,13:29:08,18.5200,84,2
2026-02-12,601012,13:29:11,18.5300,2,2
2026-02-12,601012,13:29:14,18.5400,143,1
2026-02-12,601012,13:29:17,18.5400,38,1
2026-02-12,601012,13:29:20,18.5400,46,1
2026-02-12,601012,13:29:23,18.5400,155,1
2026-02-12,601012,13:29:26,18.5400,155,1
2026-02-12,601012,13:29:29,18.5400,137,1
2026-02-12,601012,13:29:32,18.5400,110,1
2026-02-12,601012,13:29:35,18.5400,39,1
2026-02-12,601012,13:29:38,18.5400,74,1
2026-02-12,601012,13:29:41,18.5400,102,1
2026-02-12,601012,13:29:44,18.5400,38,1
2026-02-12,601012,13:29:47,18.5400,120,1
2026-02-12,601012,13:29:50,18.5400,29,1
2026-02-12,601012,13:29:53,18.5400,147,1
2026-02-12,601012,13:29:56,18.5400,66,1
2026-02-12,601012,13:29:59,18.5400,68,1
2026-02-12,601012,13:30:02,18.5300,136,2
2026-02-12,601012,13:30:05,18.5400,225,1
2026-02-12,601012,13:30:08,18.5300,38,2
2026-02-12,601012,13:30:11,18.5300,35,2
2026-02-12,601012,13:30:14,18.5400,255,1
2026-02-12,601012,13:30:17,18.5300,658,2
2026-02-12,601012,13:30:20,18.5300,70,1
2026-02-12,601012,13:30:23,18.5300,169,1
2026-02-12,601012,13:30:26,18.5300,17,1
2026-02-12,601012,13:30:29,18.5300,844,1
2026-02-12,601012,13:30:32,18.5300,37,1
2026-02-12,601012,13:30:35,18.5200,80,2
2026-02-12,601012,13:30:38,18.5300,409,1
2026-02-12,601012,13:30:41,18.5300,352,1
2026-02-12,601012,13:30:44,18.5300,141,1
2026-02-12,601012,13:30:47,18.5300,309,1
2026-02-12,601012,13:30:50,18.5300,82,1
2026-02-12,601012,13:30:53,18.5300,17,1
2026-02-12,601012,13:30:56,18.5200,189,2
2026-02-12,601012,13:30:59,18.5200,479,2
2026-02-12,601012,13:31:02,18.5200,222,2
2026-02-12,601012,13:31:05,18.5200,149,2
2026-02-12,601012,13:31:08,18.5300,132,1
2026-02-12,601012,13:31:11,18.5200,135,2
2026-02-12,601012,13:31:14,18.5300,190,1
2026-02-12,601012,13:31:17,18.5300,76,1
2026-02-12,601012,13:31:20,18.5300,70,1
2026-02-12,601012,13:31:23,18.5300,50,1
2026-02-12,601012,13:31:26,18.5200,313,2
2026-02-12,601012,13:31:29,18.5200,17,2
2026-02-12,601012,13:31:32,18.5300,1,1
2026-02-12,601012,13:31:35,18.5200,159,2
2026-02-12,601012,13:31:38,18.5300,16,1
2026-02-12,601012,13:31:41,18.5200,113,2
2026-02-12,601012,13:31:44,18.5200,303,2
2026-02-12,601012,13:31:47,18.5300,187,1
2026-02-12,601012,13:31:50,18.5300,158,1
2026-02-12,601012,13:31:53,18.5200,610,2
2026-02-12,601012,13:31:56,18.5300,407,1
2026-02-12,601012,13:31:59,18.5300,54,1
2026-02-12,601012,13:32:02,18.5200,51,2
2026-02-12,601012,13:32:05,18.5200,480,2
2026-02-12,601012,13:32:08,18.5200,80,2
2026-02-12,601012,13:32:11,18.5200,91,2
2026-02-12,601012,13:32:14,18.5300,79,1
2026-02-12,601012,13:32:17,18.5300,58,1
2026-02-12,601012,13:32:20,18.5300,92,1
2026-02-12,601012,13:32:23,18.5300,308,1
2026-02-12,601012,13:32:26,18.5200,64,2
2026-02-12,601012,13:32:29,18.5200,55,2
2026-02-12,601012,13:32:32,18.5300,1295,1
2026-02-12,601012,13:32:35,18.5200,69,2
2026-02-12,601012,13:32:38,18.5300,223,1
2026-02-12,601012,13:32:41,18.5200,44,2
2026-02-12,601012,13:32:44,18.5300,389,1
2026-02-12,601012,13:32:47,18.5300,6,2
2026-02-12,601012,13:32:50,18.5400,6,1
2026-02-12,601012,13:32:53,18.5300,48,2
2026-02-12,601012,13:32:56,18.5300,219,2
2026-02-12,601012,13:32:59,18.5300,138,1
2026-02-12,601012,13:33:02,18.5300,33,2
2026-02-12,601012,13:33:05,18.5400,135,1
2026-02-12,601012,13:33:08,18.5400,12,1
2026-02-12,601012,13:33:11,18.5400,95,1
2026-02-12,601012,13:33:14,18.5400,7,1
2026-02-12,601012,13:33:17,18.5400,72,1
2026-02-12,601012,13:33:20,18.5400,308,1
2026-02-12,601012,13:33:23,18.5400,103,1
2026-02-12,601012,13:33:26,18.5500,207,1
2026-02-12,601012,13:33:29,18.5400,4,2
2026-02-12,601012,13:33:32,18.5500,30,1
2026-02-12,601012,13:33:35,18.5500,112,1
2026-02-12,601012,13:33:38,18.5500,69,1
2026-02-12,601012,13:33:41,18.5400,319,2
2026-02-12,601012,13:33:44,18.5500,142,1
2026-02-12,601012,13:33:47,18.5500,371,1
2026-02-12,601012,13:33:50,18.5500,226,1
2026-02-12,601012,13:33:53,18.5500,50,1
2026-02-12,601012,13:33:56,18.5500,54,1
2026-02-12,601012,13:33:59,18.5500,70,1
2026-02-12,601012,13:34:02,18.5500,169,1
2026-02-12,601012,13:34:05,18.5500,7,2
2026-02-12,601012,13:34:08,18.5500,200,2
2026-02-12,601012,13:34:11,18.5500,446,2
2026-02-12,601012,13:34:14,18.5600,624,1
2026-02-12,601012,13:34:17,18.5500,130,4
2026-02-12,601012,13:34:20,18.5500,53,1
2026-02-12,601012,13:34:23,18.5500,162,1
2026-02-12,601012,13:34:26,18.5500,98,1
2026-02-12,601012,13:34:29,18.5400,562,2
2026-02-12,601012,13:34:32,18.5300,64,2
2026-02-12,601012,13:34:35,18.5400,121,1
2026-02-12,601012,13:34:38,18.5300,55,2
2026-02-12,601012,13:34:41,18.5300,88,2
2026-02-12,601012,13:34:44,18.5300,8,2
2026-02-12,601012,13:34:47,18.5400,97,1
2026-02-12,601012,13:34:50,18.5400,80,1
2026-02-12,601012,13:34:53,18.5300,74,2
2026-02-12,601012,13:34:56,18.5300,6,2
2026-02-12,601012,13:34:59,18.5400,125,1
2026-02-12,601012,13:35:02,18.5300,23,2
2026-02-12,601012,13:35:05,18.5400,22,1
2026-02-12,601012,13:35:08,18.5400,12,1
2026-02-12,601012,13:35:11,18.5400,240,1
2026-02-12,601012,13:35:14,18.5400,11,1
2026-02-12,601012,13:35:17,18.5400,17,1
2026-02-12,601012,13:35:20,18.5400,29,1
2026-02-12,601012,13:35:23,18.5400,13,1
2026-02-12,601012,13:35:26,18.5400,90,1
2026-02-12,601012,13:35:29,18.5300,23,2
2026-02-12,601012,13:35:32,18.5300,188,2
2026-02-12,601012,13:35:35,18.5400,3195,1
2026-02-12,601012,13:35:38,18.5400,30,1
2026-02-12,601012,13:35:41,18.5400,76,2
2026-02-12,601012,13:35:44,18.5400,41,1
2026-02-12,601012,13:35:47,18.5400,6,4
2026-02-12,601012,13:35:50,18.5300,43,2
2026-02-12,601012,13:35:53,18.5400,144,1
2026-02-12,601012,13:35:56,18.5300,198,2
2026-02-12,601012,13:35:59,18.5400,51,4
2026-02-12,601012,13:36:02,18.5300,51,2
2026-02-12,601012,13:36:05,18.5400,21,1
2026-02-12,601012,13:36:08,18.5300,189,2
2026-02-12,601012,13:36:11,18.5400,32,1
2026-02-12,601012,13:36:14,18.5500,1109,1
2026-02-12,601012,13:36:17,18.5400,37,1
2026-02-12,601012,13:36:20,18.5500,8,1
2026-02-12,601012,13:36:23,18.5500,35,1
2026-02-12,601012,13:36:26,18.5400,135,2
2026-02-12,601012,13:36:29,18.5400,43,2
2026-02-12,601012,13:36:32,18.5400,34,2
2026-02-12,601012,13:36:35,18.5500,617,1
2026-02-12,601012,13:36:38,18.5400,425,2
2026-02-12,601012,13:36:41,18.5600,111,1
2026-02-12,601012,13:36:44,18.5500,113,1
2026-02-12,601012,13:36:47,18.5500,42,1
2026-02-12,601012,13:36:50,18.5500,134,1
2026-02-12,601012,13:36:53,18.5500,145,1
2026-02-12,601012,13:36:56,18.5600,73,1
2026-02-12,601012,13:36:59,18.5500,139,2
2026-02-12,601012,13:37:02,18.5500,45,1
2026-02-12,601012,13:37:05,18.5500,191,1
2026-02-12,601012,13:37:08,18.5500,150,2
2026-02-12,601012,13:37:11,18.5500,128,2
2026-02-12,601012,13:37:14,18.5600,15,1
2026-02-12,601012,13:37:17,18.5500,21,2
2026-02-12,601012,13:37:20,18.5600,19,1
2026-02-12,601012,13:37:23,18.5600,101,1
2026-02-12,601012,13:37:26,18.5600,745,1
2026-02-12,601012,13:37:29,18.5600,74,1
2026-02-12,601012,13:37:32,18.5600,277,1
2026-02-12,601012,13:37:35,18.5600,11,2
2026-02-12,601012,13:37:38,18.5600,36,2
2026-02-12,601012,13:37:41,18.5700,98,1
2026-02-12,601012,13:37:44,18.5700,105,1
2026-02-12,601012,13:37:47,18.5700,137,1
2026-02-12,601012,13:37:50,18.5700,67,1
2026-02-12,601012,13:37:53,18.5700,276,1
2026-02-12,601012,13:37:56,18.5700,128,1
2026-02-12,601012,13:37:59,18.5700,201,1
2026-02-12,601012,13:38:02,18.5700,302,1
2026-02-12,601012,13:38:05,18.5700,131,1
2026-02-12,601012,13:38:08,18.5700,21,2
2026-02-12,601012,13:38:11,18.5700,20,2
2026-02-12,601012,13:38:14,18.5700,223,2
2026-02-12,601012,13:38:17,18.5700,15,2
2026-02-12,601012,13:38:20,18.5800,137,1
2026-02-12,601012,13:38:23,18.5800,144,1
2026-02-12,601012,13:38:26,18.5800,459,1
2026-02-12,601012,13:38:29,18.5800,240,1
2026-02-12,601012,13:38:32,18.5800,1287,1
2026-02-12,601012,13:38:35,18.5800,264,1
2026-02-12,601012,13:38:38,18.5700,1989,2
2026-02-12,601012,13:38:41,18.5700,180,1
2026-02-12,601012,13:38:44,18.5700,185,1
2026-02-12,601012,13:38:47,18.5800,116,1
2026-02-12,601012,13:38:50,18.5800,27,1
2026-02-12,601012,13:38:53,18.5700,139,2
2026-02-12,601012,13:38:56,18.5800,1260,1
2026-02-12,601012,13:38:59,18.5700,139,4
2026-02-12,601012,13:39:02,18.5700,259,1
2026-02-12,601012,13:39:05,18.5700,204,1
2026-02-12,601012,13:39:08,18.5800,18,1
2026-02-12,601012,13:39:11,18.5700,75,2
2026-02-12,601012,13:39:14,18.5800,5,1
2026-02-12,601012,13:39:17,18.5800,248,1
2026-02-12,601012,13:39:20,18.5800,118,1
2026-02-12,601012,13:39:23,18.5700,123,2
2026-02-12,601012,13:39:26,18.5800,256,1
2026-02-12,601012,13:39:29,18.5700,70,2
2026-02-12,601012,13:39:32,18.5800,68,1
2026-02-12,601012,13:39:35,18.5800,40,1
2026-02-12,601012,13:39:38,18.5800,517,1
2026-02-12,601012,13:39:41,18.5700,64,2
2026-02-12,601012,13:39:44,18.5800,59,1
2026-02-12,601012,13:39:47,18.5800,69,1
2026-02-12,601012,13:39:50,18.5800,177,1
2026-02-12,601012,13:39:53,18.5800,737,1
2026-02-12,601012,13:39:56,18.5800,352,1
2026-02-12,601012,13:39:59,18.5800,177,2
2026-02-12,601012,13:40:02,18.5900,7,1
2026-02-12,601012,13:40:05,18.5900,14,1
2026-02-12,601012,13:40:08,18.5800,580,2
2026-02-12,601012,13:40:11,18.5900,224,1
2026-02-12,601012,13:40:14,18.5800,988,2
2026-02-12,601012,13:40:17,18.5800,264,4
2026-02-12,601012,13:40:20,18.5700,1808,2
2026-02-12,601012,13:40:23,18.5700,373,1
2026-02-12,601012,13:40:26,18.5700,1726,1
2026-02-12,601012,13:40:29,18.5700,129,1
2026-02-12,601012,13:40:32,18.5700,415,1
2026-02-12,601012,13:40:35,18.5600,82,2
2026-02-12,601012,13:40:38,18.5600,237,2
2026-02-12,601012,13:40:41,18.5600,33,2
2026-02-12,601012,13:40:44,18.5600,216,2
2026-02-12,601012,13:40:47,18.5700,37,1
2026-02-12,601012,13:40:50,18.5700,126,1
2026-02-12,601012,13:40:53,18.5600,223,2
2026-02-12,601012,13:40:56,18.5600,43,2
2026-02-12,601012,13:40:59,18.5700,250,1
2026-02-12,601012,13:41:02,18.5700,57,1
2026-02-12,601012,13:41:05,18.5600,425,2
2026-02-12,601012,13:41:08,18.5600,216,1
2026-02-12,601012,13:41:11,18.5600,50,1
2026-02-12,601012,13:41:14,18.5500,208,2
2026-02-12,601012,13:41:17,18.5600,133,1
2026-02-12,601012,13:41:20,18.5600,732,1
2026-02-12,601012,13:41:23,18.5500,42,2
2026-02-12,601012,13:41:26,18.5500,54,2
2026-02-12,601012,13:41:29,18.5600,72,1
2026-02-12,601012,13:41:32,18.5600,46,1
2026-02-12,601012,13:41:35,18.5600,109,1
2026-02-12,601012,13:41:38,18.5600,44,1
2026-02-12,601012,13:41:41,18.5400,3637,2
2026-02-12,601012,13:41:44,18.5500,140,1
2026-02-12,601012,13:41:47,18.5500,593,1
2026-02-12,601012,13:41:50,18.5400,71,2
2026-02-12,601012,13:41:53,18.5500,140,1
2026-02-12,601012,13:41:56,18.5500,95,1
2026-02-12,601012,13:41:59,18.5400,102,2
2026-02-12,601012,13:42:02,18.5500,28,1
2026-02-12,601012,13:42:05,18.5500,82,1
2026-02-12,601012,13:42:08,18.5400,13,2
2026-02-12,601012,13:42:11,18.5400,190,2
2026-02-12,601012,13:42:14,18.5500,190,1
2026-02-12,601012,13:42:17,18.5400,102,2
2026-02-12,601012,13:42:20,18.5500,41,1
2026-02-12,601012,13:42:23,18.5500,267,1
2026-02-12,601012,13:42:26,18.5500,390,1
2026-02-12,601012,13:42:29,18.5500,307,2
2026-02-12,601012,13:42:32,18.5500,112,1
2026-02-12,601012,13:42:35,18.5500,38,2
2026-02-12,601012,13:42:38,18.5500,93,2
2026-02-12,601012,13:42:41,18.5500,7,2
2026-02-12,601012,13:42:44,18.5600,103,1
2026-02-12,601012,13:42:47,18.5500,42,2
2026-02-12,601012,13:42:50,18.5600,76,1
2026-02-12,601012,13:42:53,18.5600,82,1
2026-02-12,601012,13:42:56,18.5600,61,1
2026-02-12,601012,13:42:59,18.5500,14,2
2026-02-12,601012,13:43:02,18.5700,1763,1
2026-02-12,601012,13:43:05,18.5600,93,2
2026-02-12,601012,13:43:08,18.5700,49,1
2026-02-12,601012,13:43:11,18.5700,22,1
2026-02-12,601012,13:43:14,18.5700,672,1
2026-02-12,601012,13:43:17,18.5700,38,2
2026-02-12,601012,13:43:20,18.5900,27,1
2026-02-12,601012,13:43:23,18.5900,28,1
2026-02-12,601012,13:43:26,18.5900,60,1
2026-02-12,601012,13:43:29,18.5900,30,1
2026-02-12,601012,13:43:32,18.5800,80,2
2026-02-12,601012,13:43:35,18.5800,58,2
2026-02-12,601012,13:43:38,18.5800,170,1
2026-02-12,601012,13:43:41,18.5800,65,2
2026-02-12,601012,13:43:44,18.5800,70,1
2026-02-12,601012,13:43:47,18.5700,87,2
2026-02-12,601012,13:43:50,18.5800,136,1
2026-02-12,601012,13:43:53,18.5800,96,2
2026-02-12,601012,13:43:56,18.5800,104,2
2026-02-12,601012,13:43:59,18.5900,97,1
2026-02-12,601012,13:44:02,18.5900,111,1
2026-02-12,601012,13:44:05,18.5900,35,1
2026-02-12,601012,13:44:08,18.5800,246,2
2026-02-12,601012,13:44:11,18.5900,275,1
2026-02-12,601012,13:44:14,18.5900,131,1
2026-02-12,601012,13:44:17,18.5900,71,1
2026-02-12,601012,13:44:20,18.5900,108,1
2026-02-12,601012,13:44:23,18.5900,421,1
2026-02-12,601012,13:44:26,18.5900,198,1
2026-02-12,601012,13:44:29,18.5900,136,1
2026-02-12,601012,13:44:32,18.5900,154,1
2026-02-12,601012,13:44:35,18.5900,37,1
2026-02-12,601012,13:44:38,18.5800,93,2
2026-02-12,601012,13:44:41,18.5900,61,1
2026-02-12,601012,13:44:44,18.5800,184,2
2026-02-12,601012,13:44:47,18.5900,120,1
2026-02-12,601012,13:44:50,18.5900,756,1
2026-02-12,601012,13:44:53,18.5900,54,1
2026-02-12,601012,13:44:56,18.5800,204,2
2026-02-12,601012,13:44:59,18.5700,56,2
2026-02-12,601012,13:45:02,18.5800,102,1
2026-02-12,601012,13:45:05,18.5800,39,2
2026-02-12,601012,13:45:08,18.5800,253,2
2026-02-12,601012,13:45:11,18.5800,202,2
2026-02-12,601012,13:45:14,18.5900,129,1
2026-02-12,601012,13:45:17,18.5800,34,2
2026-02-12,601012,13:45:20,18.5900,286,1
2026-02-12,601012,13:45:23,18.5800,135,2
2026-02-12,601012,13:45:26,18.5900,191,1
2026-02-12,601012,13:45:29,18.5900,125,1
2026-02-12,601012,13:45:32,18.5800,348,2
2026-02-12,601012,13:45:35,18.5800,20,2
2026-02-12,601012,13:45:38,18.5800,171,2
2026-02-12,601012,13:45:41,18.5900,35,1
2026-02-12,601012,13:45:44,18.5800,168,2
2026-02-12,601012,13:45:47,18.5800,23,2
2026-02-12,601012,13:45:50,18.5900,231,1
2026-02-12,601012,13:45:53,18.5900,220,1
2026-02-12,601012,13:45:56,18.5900,82,1
2026-02-12,601012,13:45:59,18.5900,107,1
2026-02-12,601012,13:46:02,18.5900,251,1
2026-02-12,601012,13:46:05,18.5900,1093,1
2026-02-12,601012,13:46:08,18.5900,93,4
2026-02-12,601012,13:46:11,18.5800,471,2
2026-02-12,601012,13:46:14,18.5900,87,1
2026-02-12,601012,13:46:17,18.5900,89,1
2026-02-12,601012,13:46:20,18.5900,40,1
2026-02-12,601012,13:46:23,18.5800,73,2
2026-02-12,601012,13:46:26,18.5900,24,1
2026-02-12,601012,13:46:29,18.5900,198,1
2026-02-12,601012,13:46:32,18.5900,124,1
2026-02-12,601012,13:46:35,18.5900,114,1
2026-02-12,601012,13:46:38,18.5900,143,1
2026-02-12,601012,13:46:41,18.5900,50,2
2026-02-12,601012,13:46:44,18.6000,56,1
2026-02-12,601012,13:46:47,18.6000,650,1
2026-02-12,601012,13:46:50,18.6000,583,1
2026-02-12,601012,13:46:53,18.6000,333,1
2026-02-12,601012,13:46:56,18.5900,85,4
2026-02-12,601012,13:46:59,18.5900,124,1
2026-02-12,601012,13:47:02,18.6000,94,1
2026-02-12,601012,13:47:05,18.6000,18,1
2026-02-12,601012,13:47:08,18.6000,78,1
2026-02-12,601012,13:47:11,18.5900,135,2
2026-02-12,601012,13:47:14,18.5900,209,2
2026-02-12,601012,13:47:17,18.5900,533,2
2026-02-12,601012,13:47:20,18.6000,64,1
2026-02-12,601012,13:47:23,18.6000,400,1
2026-02-12,601012,13:47:26,18.5900,140,2
2026-02-12,601012,13:47:29,18.6000,124,1
2026-02-12,601012,13:47:32,18.6000,2102,1
2026-02-12,601012,13:47:35,18.5900,50,2
2026-02-12,601012,13:47:38,18.6000,124,1
2026-02-12,601012,13:47:41,18.6000,178,1
2026-02-12,601012,13:47:44,18.6000,217,1
2026-02-12,601012,13:47:47,18.5900,162,2
2026-02-12,601012,13:47:50,18.6000,154,1
2026-02-12,601012,13:47:53,18.5900,910,2
2026-02-12,601012,13:47:56,18.6000,1871,1
2026-02-12,601012,13:47:59,18.5900,772,2
2026-02-12,601012,13:48:02,18.5900,382,1
2026-02-12,601012,13:48:05,18.5800,451,2
2026-02-12,601012,13:48:08,18.5900,321,1
2026-02-12,601012,13:48:11,18.5900,290,1
2026-02-12,601012,13:48:14,18.5900,27,1
2026-02-12,601012,13:48:17,18.5900,435,1
2026-02-12,601012,13:48:20,18.5900,35,1
2026-02-12,601012,13:48:23,18.5900,66,1
2026-02-12,601012,13:48:26,18.5900,192,1
2026-02-12,601012,13:48:29,18.5900,103,1
2026-02-12,601012,13:48:32,18.5900,249,1
2026-02-12,601012,13:48:35,18.5900,144,1
2026-02-12,601012,13:48:38,18.5900,76,1
2026-02-12,601012,13:48:41,18.5800,85,2
2026-02-12,601012,13:48:44,18.5900,183,1
2026-02-12,601012,13:48:47,18.5800,46,2
2026-02-12,601012,13:48:50,18.5900,104,1
2026-02-12,601012,13:48:53,18.5900,212,1
2026-02-12,601012,13:48:56,18.5900,265,1
2026-02-12,601012,13:48:59,18.5900,94,1
2026-02-12,601012,13:49:02,18.5900,57,2
2026-02-12,601012,13:49:05,18.5900,38,2
2026-02-12,601012,13:49:08,18.5900,335,2
2026-02-12,601012,13:49:11,18.5900,146,1
2026-02-12,601012,13:49:14,18.5800,28,2
2026-02-12,601012,13:49:17,18.5900,60,1
2026-02-12,601012,13:49:20,18.5900,170,1
2026-02-12,601012,13:49:23,18.5800,117,2
2026-02-12,601012,13:49:26,18.5800,97,2
2026-02-12,601012,13:49:29,18.5900,169,1
2026-02-12,601012,13:49:32,18.5900,158,1
2026-02-12,601012,13:49:35,18.5900,129,1
2026-02-12,601012,13:49:38,18.5900,129,1
2026-02-12,601012,13:49:41,18.5900,173,1
2026-02-12,601012,13:49:44,18.5900,87,1
2026-02-12,601012,13:49:47,18.5900,17,1
2026-02-12,601012,13:49:50,18.5800,76,2
2026-02-12,601012,13:49:53,18.5800,127,2
2026-02-12,601012,13:49:56,18.5800,52,2
2026-02-12,601012,13:49:59,18.5900,43,1
2026-02-12,601012,13:50:02,18.5900,49,1
2026-02-12,601012,13:50:05,18.5900,208,1
2026-02-12,601012,13:50:08,18.5900,65,1
2026-02-12,601012,13:50:11,18.5900,21,1
2026-02-12,601012,13:50:14,18.5900,31,1
2026-02-12,601012,13:50:17,18.5800,2262,2
2026-02-12,601012,13:50:20,18.5800,16,1
2026-02-12,601012,13:50:23,18.5800,223,1
2026-02-12,601012,13:50:26,18.5800,15,1
2026-02-12,601012,13:50:29,18.5800,120,1
2026-02-12,601012,13:50:32,18.5700,248,2
2026-02-12,601012,13:50:35,18.5800,278,1
2026-02-12,601012,13:50:38,18.5800,150,1
2026-02-12,601012,13:50:41,18.5800,27,1
2026-02-12,601012,13:50:44,18.5800,86,1
2026-02-12,601012,13:50:47,18.5700,1147,2
2026-02-12,601012,13:50:50,18.5700,43,2
2026-02-12,601012,13:50:53,18.5700,69,1
2026-02-12,601012,13:50:56,18.5700,40,1
2026-02-12,601012,13:50:59,18.5700,134,1
2026-02-12,601012,13:51:02,18.5600,23,2
2026-02-12,601012,13:51:05,18.5600,32,2
2026-02-12,601012,13:51:08,18.5700,45,1
2026-02-12,601012,13:51:11,18.5700,19,1
2026-02-12,601012,13:51:14,18.5700,43,1
2026-02-12,601012,13:51:17,18.5700,13,1
2026-02-12,601012,13:51:20,18.5600,110,2
2026-02-12,601012,13:51:23,18.5600,279,2
2026-02-12,601012,13:51:26,18.5700,55,1
2026-02-12,601012,13:51:29,18.5600,101,2
2026-02-12,601012,13:51:32,18.5700,11,1
2026-02-12,601012,13:51:35,18.5600,205,2
2026-02-12,601012,13:51:38,18.5700,148,1
2026-02-12,601012,13:51:41,18.5700,161,1
2026-02-12,601012,13:51:44,18.5700,521,1
2026-02-12,601012,13:51:47,18.5700,16,1
2026-02-12,601012,13:51:50,18.5700,174,1
2026-02-12,601012,13:51:53,18.5700,317,1
2026-02-12,601012,13:51:56,18.5700,44,1
2026-02-12,601012,13:51:59,18.5700,66,1
2026-02-12,601012,13:52:02,18.5700,127,1
2026-02-12,601012,13:52:05,18.5600,190,2
2026-02-12,601012,13:52:08,18.5700,48,1
2026-02-12,601012,13:52:11,18.5600,120,2
2026-02-12,601012,13:52:14,18.5700,30,1
2026-02-12,601012,13:52:17,18.5700,39,1
2026-02-12,601012,13:52:20,18.5600,1,2
2026-02-12,601012,13:52:23,18.5600,90,2
2026-02-12,601012,13:52:26,18.5700,18,1
2026-02-12,601012,13:52:29,18.5700,65,1
2026-02-12,601012,13:52:32,18.5700,66,1
2026-02-12,601012,13:52:35,18.5700,172,1
2026-02-12,601012,13:52:38,18.5700,23,1
2026-02-12,601012,13:52:41,18.5700,150,1
2026-02-12,601012,13:52:44,18.5600,68,2
2026-02-12,601012,13:52:47,18.5600,8,2
2026-02-12,601012,13:52:50,18.5700,46,1
2026-02-12,601012,13:52:53,18.5600,291,2
2026-02-12,601012,13:52:56,18.5600,140,2
2026-02-12,601012,13:52:59,18.5600,223,2
2026-02-12,601012,13:53:02,18.5600,2680,2
2026-02-12,601012,13:53:05,18.5500,224,2
2026-02-12,601012,13:53:08,18.5500,325,2
2026-02-12,601012,13:53:11,18.5500,1539,2
2026-02-12,601012,13:53:14,18.5500,395,2
2026-02-12,601012,13:53:17,18.5500,16,1
2026-02-12,601012,13:53:20,18.5500,203,1
2026-02-12,601012,13:53:23,18.5500,288,1
2026-02-12,601012,13:53:26,18.5500,306,1
2026-02-12,601012,13:53:29,18.5500,192,1
2026-02-12,601012,13:53:32,18.5500,77,2
2026-02-12,601012,13:53:35,18.5500,28,1
2026-02-12,601012,13:53:38,18.5400,51,2
2026-02-12,601012,13:53:41,18.5400,186,2
2026-02-12,601012,13:53:44,18.5500,130,1
2026-02-12,601012,13:53:47,18.5400,208,2
2026-02-12,601012,13:53:50,18.5500,14,1
2026-02-12,601012,13:53:53,18.5500,139,1
2026-02-12,601012,13:53:56,18.5400,33,2
2026-02-12,601012,13:53:59,18.5400,64,2
2026-02-12,601012,13:54:02,18.5500,30,1
2026-02-12,601012,13:54:05,18.5500,10,1
2026-02-12,601012,13:54:08,18.5500,88,1
2026-02-12,601012,13:54:11,18.5500,53,1
2026-02-12,601012,13:54:14,18.5500,53,1
2026-02-12,601012,13:54:17,18.5500,38,1
2026-02-12,601012,13:54:20,18.5500,63,1
2026-02-12,601012,13:54:23,18.5500,25,1
2026-02-12,601012,13:54:26,18.5500,71,1
2026-02-12,601012,13:54:29,18.5500,111,1
2026-02-12,601012,13:54:32,18.5500,24,1
2026-02-12,601012,13:54:35,18.5500,27,1
2026-02-12,601012,13:54:38,18.5400,122,2
2026-02-12,601012,13:54:41,18.5500,66,1
2026-02-12,601012,13:54:44,18.5400,34,2
2026-02-12,601012,13:54:47,18.5400,45,2
2026-02-12,601012,13:54:50,18.5500,9,1
2026-02-12,601012,13:54:53,18.5500,166,1
2026-02-12,601012,13:54:56,18.5500,40,1
2026-02-12,601012,13:54:59,18.5500,83,1
2026-02-12,601012,13:55:02,18.5500,100,1
2026-02-12,601012,13:55:05,18.5400,62,2
2026-02-12,601012,13:55:08,18.5500,150,1
2026-02-12,601012,13:55:11,18.5500,706,1
2026-02-12,601012,13:55:14,18.5500,61,1
2026-02-12,601012,13:55:17,18.5500,455,1
2026-02-12,601012,13:55:20,18.5500,60,1
2026-02-12,601012,13:55:23,18.5400,220,2
2026-02-12,601012,13:55:26,18.5400,325,2
2026-02-12,601012,13:55:29,18.5400,132,2
2026-02-12,601012,13:55:32,18.5400,169,2
2026-02-12,601012,13:55:35,18.5400,13,2
2026-02-12,601012,13:55:38,18.5400,397,2
2026-02-12,601012,13:55:41,18.5400,188,2
2026-02-12,601012,13:55:44,18.5400,102,2
2026-02-12,601012,13:55:47,18.5400,56,2
2026-02-12,601012,13:55:50,18.5400,127,2
2026-02-12,601012,13:55:53,18.5400,79,2
2026-02-12,601012,13:55:56,18.5500,44,1
2026-02-12,601012,13:55:59,18.5500,97,1
2026-02-12,601012,13:56:02,18.5400,189,2
2026-02-12,601012,13:56:05,18.5400,247,2
2026-02-12,601012,13:56:08,18.5500,287,1
2026-02-12,601012,13:56:11,18.5400,331,2
2026-02-12,601012,13:56:14,18.5500,12,1
2026-02-12,601012,13:56:17,18.5400,34,2
2026-02-12,601012,13:56:20,18.5400,132,2
2026-02-12,601012,13:56:23,18.5500,112,1
2026-02-12,601012,13:56:26,18.5300,2559,2
2026-02-12,601012,13:56:29,18.5400,145,1
2026-02-12,601012,13:56:32,18.5300,42,2
2026-02-12,601012,13:56:35,18.5400,39,1
2026-02-12,601012,13:56:38,18.5400,96,1
2026-02-12,601012,13:56:41,18.5300,131,2
2026-02-12,601012,13:56:44,18.5300,56,2
2026-02-12,601012,13:56:47,18.5300,49,2
2026-02-12,601012,13:56:50,18.5300,115,2
2026-02-12,601012,13:56:53,18.5300,102,2
2026-02-12,601012,13:56:56,18.5300,31,2
2026-02-12,601012,13:56:59,18.5300,89,2
2026-02-12,601012,13:57:02,18.5300,51,2
2026-02-12,601012,13:57:05,18.5300,14,2
2026-02-12,601012,13:57:08,18.5300,104,2
2026-02-12,601012,13:57:11,18.5400,396,1
2026-02-12,601012,13:57:14,18.5300,72,2
2026-02-12,601012,13:57:17,18.5400,28,1
2026-02-12,601012,13:57:20,18.5300,137,2
2026-02-12,601012,13:57:23,18.5400,85,1
2026-02-12,601012,13:57:26,18.5400,251,1
2026-02-12,601012,13:57:29,18.5400,19,1
2026-02-12,601012,13:57:32,18.5400,124,1
2026-02-12,601012,13:57:35,18.5400,225,1
2026-02-12,601012,13:57:38,18.5300,157,2
2026-02-12,601012,13:57:41,18.5300,43,2
2026-02-12,601012,13:57:44,18.5400,160,1
2026-02-12,601012,13:57:47,18.5300,62,2
2026-02-12,601012,13:57:50,18.5400,25,1
2026-02-12,601012,13:57:53,18.5400,46,1
2026-02-12,601012,13:57:56,18.5300,46,2
2026-02-12,601012,13:57:59,18.5300,472,2
2026-02-12,601012,13:58:02,18.5300,470,2
2026-02-12,601012,13:58:05,18.5300,1070,2
2026-02-12,601012,13:58:08,18.5200,525,2
2026-02-12,601012,13:58:11,18.5300,232,1
2026-02-12,601012,13:58:14,18.5300,54,1
2026-02-12,601012,13:58:17,18.5300,197,1
2026-02-12,601012,13:58:20,18.5300,220,1
2026-02-12,601012,13:58:23,18.5200,125,2
2026-02-12,601012,13:58:26,18.5300,144,1
2026-02-12,601012,13:58:29,18.5300,147,1
2026-02-12,601012,13:58:32,18.5300,24,1
2026-02-12,601012,13:58:35,18.5300,55,2
2026-02-12,601012,13:58:38,18.5300,152,2
2026-02-12,601012,13:58:41,18.5300,88,2
2026-02-12,601012,13:58:44,18.5300,86,2
2026-02-12,601012,13:58:47,18.5300,79,2
2026-02-12,601012,13:58:50,18.5400,259,1
2026-02-12,601012,13:58:53,18.5300,75,2
2026-02-12,601012,13:58:56,18.5400,234,1
2026-02-12,601012,13:58:59,18.5300,54,2
2026-02-12,601012,13:59:02,18.5400,53,1
2026-02-12,601012,13:59:05,18.5300,22,2
2026-02-12,601012,13:59:08,18.5300,112,2
2026-02-12,601012,13:59:11,18.5300,11,2
2026-02-12,601012,13:59:14,18.5400,92,1
2026-02-12,601012,13:59:17,18.5400,60,1
2026-02-12,601012,13:59:20,18.5400,68,1
2026-02-12,601012,13:59:23,18.5400,19,1
2026-02-12,601012,13:59:26,18.5400,62,1
2026-02-12,601012,13:59:29,18.5400,285,1
2026-02-12,601012,13:59:32,18.5300,590,2
2026-02-12,601012,13:59:35,18.5400,169,1
2026-02-12,601012,13:59:38,18.5300,33,2
2026-02-12,601012,13:59:41,18.5400,200,1
2026-02-12,601012,13:59:44,18.5300,45,2
2026-02-12,601012,13:59:47,18.5300,86,2
2026-02-12,601012,13:59:50,18.5300,37,2
2026-02-12,601012,13:59:53,18.5400,374,1
2026-02-12,601012,13:59:56,18.5400,2926,2
2026-02-12,601012,13:59:59,18.5400,36,2
2026-02-12,601012,14:00:02,18.5500,335,1
2026-02-12,601012,14:00:05,18.5500,531,1
2026-02-12,601012,14:00:08,18.5500,87,1
2026-02-12,601012,14:00:11,18.5500,153,1
2026-02-12,601012,14:00:14,18.5400,68,2
2026-02-12,601012,14:00:17,18.5500,98,1
2026-02-12,601012,14:00:20,18.5500,50,1
2026-02-12,601012,14:00:23,18.5500,561,1
2026-02-12,601012,14:00:26,18.5400,644,2
2026-02-12,601012,14:00:29,18.5500,34,1
2026-02-12,601012,14:00:32,18.5500,215,1
2026-02-12,601012,14:00:35,18.5500,131,2
2026-02-12,601012,14:00:38,18.5500,132,1
2026-02-12,601012,14:00:41,18.5400,46,2
2026-02-12,601012,14:00:44,18.5500,97,2
2026-02-12,601012,14:00:47,18.5600,218,1
2026-02-12,601012,14:00:50,18.5500,78,2
2026-02-12,601012,14:00:53,18.5500,139,2
2026-02-12,601012,14:00:56,18.5600,111,1
2026-02-12,601012,14:00:59,18.5600,46,1
2026-02-12,601012,14:01:02,18.5600,50,1
2026-02-12,601012,14:01:05,18.5600,56,1
2026-02-12,601012,14:01:08,18.5500,390,2
2026-02-12,601012,14:01:11,18.5500,720,2
2026-02-12,601012,14:01:14,18.5500,214,1
2026-02-12,601012,14:01:17,18.5500,94,1
2026-02-12,601012,14:01:20,18.5400,931,2
2026-02-12,601012,14:01:23,18.5500,54,1
2026-02-12,601012,14:01:26,18.5400,119,2
2026-02-12,601012,14:01:29,18.5500,176,1
2026-02-12,601012,14:01:32,18.5400,119,2
2026-02-12,601012,14:01:35,18.5400,187,2
2026-02-12,601012,14:01:38,18.5500,64,1
2026-02-12,601012,14:01:41,18.5500,42,1
2026-02-12,601012,14:01:44,18.5500,77,1
2026-02-12,601012,14:01:47,18.5500,340,1
2026-02-12,601012,14:01:50,18.5500,49,1
2026-02-12,601012,14:01:53,18.5400,58,2
2026-02-12,601012,14:01:56,18.5500,124,1
2026-02-12,601012,14:01:59,18.5500,65,1
2026-02-12,601012,14:02:02,18.5400,65,2
2026-02-12,601012,14:02:05,18.5500,20,1
2026-02-12,601012,14:02:08,18.5400,2,2
2026-02-12,601012,14:02:11,18.5500,64,1
2026-02-12,601012,14:02:14,18.5500,25,1
2026-02-12,601012,14:02:17,18.5400,67,2
2026-02-12,601012,14:02:20,18.5500,28,1
2026-02-12,601012,14:02:23,18.5500,110,1
2026-02-12,601012,14:02:26,18.5500,199,1
2026-02-12,601012,14:02:29,18.5400,389,2
2026-02-12,601012,14:02:32,18.5500,4,1
2026-02-12,601012,14:02:35,18.5400,18,2
2026-02-12,601012,14:02:38,18.5400,131,2
2026-02-12,601012,14:02:41,18.5500,64,1
2026-02-12,601012,14:02:44,18.5500,217,1
2026-02-12,601012,14:02:47,18.5400,400,2
2026-02-12,601012,14:02:50,18.5500,267,1
2026-02-12,601012,14:02:53,18.5400,75,2
2026-02-12,601012,14:02:56,18.5500,41,1
2026-02-12,601012,14:02:59,18.5400,194,2
2026-02-12,601012,14:03:02,18.5500,561,1
2026-02-12,601012,14:03:05,18.5500,14,1
2026-02-12,601012,14:03:08,18.5500,30,1
2026-02-12,601012,14:03:11,18.5400,125,2
2026-02-12,601012,14:03:14,18.5500,155,1
2026-02-12,601012,14:03:17,18.5400,68,2
2026-02-12,601012,14:03:20,18.5500,80,1
2026-02-12,601012,14:03:23,18.5500,13,1
2026-02-12,601012,14:03:26,18.5400,63,2
2026-02-12,601012,14:03:29,18.5400,200,2
2026-02-12,601012,14:03:32,18.5400,25,2
2026-02-12,601012,14:03:35,18.5400,15,2
2026-02-12,601012,14:03:38,18.5400,58,2
2026-02-12,601012,14:03:41,18.5400,157,2
2026-02-12,601012,14:03:44,18.5500,38,1
2026-02-12,601012,14:03:47,18.5400,18,2
2026-02-12,601012,14:03:50,18.5500,295,1
2026-02-12,601012,14:03:53,18.5500,75,1
2026-02-12,601012,14:03:56,18.5400,80,2
2026-02-12,601012,14:03:59,18.5400,70,2
2026-02-12,601012,14:04:02,18.5500,106,1
2026-02-12,601012,14:04:05,18.5500,52,1
2026-02-12,601012,14:04:08,18.5500,304,1
2026-02-12,601012,14:04:11,18.5500,29,1
2026-02-12,601012,14:04:14,18.5500,289,1
2026-02-12,601012,14:04:17,18.5500,159,1
2026-02-12,601012,14:04:20,18.5400,42,2
2026-02-12,601012,14:04:23,18.5500,54,1
2026-02-12,601012,14:04:26,18.5400,39,2
2026-02-12,601012,14:04:29,18.5400,44,2
2026-02-12,601012,14:04:32,18.5500,253,1
2026-02-12,601012,14:04:35,18.5500,793,1
2026-02-12,601012,14:04:38,18.5500,44,1
2026-02-12,601012,14:04:41,18.5500,47,1
2026-02-12,601012,14:04:44,18.5500,18,1
2026-02-12,601012,14:04:47,18.5500,145,1
2026-02-12,601012,14:04:50,18.5500,8,1
2026-02-12,601012,14:04:53,18.5400,139,2
2026-02-12,601012,14:04:56,18.5400,4851,2
2026-02-12,601012,14:04:59,18.5400,312,2
2026-02-12,601012,14:05:02,18.5300,55,2
2026-02-12,601012,14:05:05,18.5400,74,1
2026-02-12,601012,14:05:08,18.5300,286,2
2026-02-12,601012,14:05:11,18.5400,236,1
2026-02-12,601012,14:05:14,18.5400,27,1
2026-02-12,601012,14:05:17,18.5400,68,1
2026-02-12,601012,14:05:20,18.5400,150,1
2026-02-12,601012,14:05:23,18.5400,96,1
2026-02-12,601012,14:05:26,18.5400,175,1
2026-02-12,601012,14:05:29,18.5400,83,1
2026-02-12,601012,14:05:32,18.5400,75,1
2026-02-12,601012,14:05:35,18.5400,166,1
2026-02-12,601012,14:05:38,18.5300,101,2
2026-02-12,601012,14:05:41,18.5400,119,1
2026-02-12,601012,14:05:44,18.5400,168,1
2026-02-12,601012,14:05:47,18.5400,171,1
2026-02-12,601012,14:05:50,18.5300,33,2
2026-02-12,601012,14:05:53,18.5400,20,1
2026-02-12,601012,14:05:56,18.5400,51,1
2026-02-12,601012,14:05:59,18.5400,1,1
2026-02-12,601012,14:06:02,18.5400,77,1
2026-02-12,601012,14:06:05,18.5400,121,1
2026-02-12,601012,14:06:08,18.5400,53,1
2026-02-12,601012,14:06:11,18.5400,86,1
2026-02-12,601012,14:06:14,18.5400,99,1
2026-02-12,601012,14:06:17,18.5300,101,2
2026-02-12,601012,14:06:20,18.5300,1070,2
2026-02-12,601012,14:06:23,18.5400,65,1
2026-02-12,601012,14:06:26,18.5400,54,1
2026-02-12,601012,14:06:29,18.5300,22,2
2026-02-12,601012,14:06:32,18.5300,65,2
2026-02-12,601012,14:06:35,18.5400,401,1
2026-02-12,601012,14:06:38,18.5300,35,2
2026-02-12,601012,14:06:41,18.5300,66,2
2026-02-12,601012,14:06:44,18.5300,67,2
2026-02-12,601012,14:06:47,18.5400,35,1
2026-02-12,601012,14:06:50,18.5400,75,1
2026-02-12,601012,14:06:53,18.5300,529,2
2026-02-12,601012,14:06:56,18.5400,36,1
2026-02-12,601012,14:06:59,18.5300,46,2
2026-02-12,601012,14:07:02,18.5400,95,1
2026-02-12,601012,14:07:05,18.5300,83,2
2026-02-12,601012,10:56:50,18.5600,117,1
2026-02-12,601012,10:56:53,18.5500,382,2
2026-02-12,601012,10:56:56,18.5500,269,2
2026-02-12,601012,10:56:59,18.5500,189,2
2026-02-12,601012,10:57:02,18.5500,229,2
2026-02-12,601012,10:57:05,18.5500,89,2
2026-02-12,601012,10:57:08,18.5500,96,1
2026-02-12,601012,10:57:11,18.5400,75,2
2026-02-12,601012,10:57:14,18.5400,135,2
2026-02-12,601012,10:57:17,18.5400,659,2
2026-02-12,601012,10:57:20,18.5400,89,1
2026-02-12,601012,10:57:23,18.5400,15,1
2026-02-12,601012,10:57:26,18.5300,148,2
2026-02-12,601012,10:57:29,18.5300,89,2
2026-02-12,601012,10:57:32,18.5300,122,2
2026-02-12,601012,10:57:35,18.5200,213,2
2026-02-12,601012,10:57:38,18.5200,4,2
2026-02-12,601012,10:57:41,18.5200,80,2
2026-02-12,601012,10:57:44,18.5300,379,1
2026-02-12,601012,10:57:47,18.5300,46,1
2026-02-12,601012,10:57:50,18.5300,67,1
2026-02-12,601012,10:57:53,18.5200,105,2
2026-02-12,601012,10:57:56,18.5200,75,2
2026-02-12,601012,10:57:59,18.5200,117,2
2026-02-12,601012,10:58:02,18.5100,321,2
2026-02-12,601012,10:58:05,18.5100,562,2
2026-02-12,601012,10:58:08,18.5300,292,1
2026-02-12,601012,10:58:11,18.5100,49,1
2026-02-12,601012,10:58:14,18.5200,21,1
2026-02-12,601012,10:58:17,18.5200,45,1
2026-02-12,601012,10:58:20,18.5200,43,1
2026-02-12,601012,10:58:23,18.5200,25,2
2026-02-12,601012,10:58:26,18.5300,133,1
2026-02-12,601012,10:58:29,18.5300,65,1
2026-02-12,601012,10:58:32,18.5200,316,2
2026-02-12,601012,10:58:35,18.5300,86,1
2026-02-12,601012,10:58:41,18.5300,38,1
2026-02-12,601012,10:58:44,18.5400,231,1
2026-02-12,601012,10:58:47,18.5400,15,1
2026-02-12,601012,10:58:50,18.5300,164,2
2026-02-12,601012,10:58:53,18.5400,25,4
2026-02-12,601012,10:58:56,18.5400,11,1
2026-02-12,601012,10:58:59,18.5400,155,1
2026-02-12,601012,10:59:02,18.5400,227,1
2026-02-12,601012,10:59:05,18.5300,770,2
2026-02-12,601012,10:59:08,18.5200,643,2
2026-02-12,601012,10:59:11,18.5300,72,1
2026-02-12,601012,10:59:14,18.5300,62,1
2026-02-12,601012,10:59:17,18.5300,484,1
2026-02-12,601012,10:59:20,18.5300,59,1
2026-02-12,601012,10:59:23,18.5300,17,1
2026-02-12,601012,10:59:26,18.5300,101,1
2026-02-12,601012,10:59:29,18.5300,86,1
2026-02-12,601012,10:59:32,18.5300,19,1
2026-02-12,601012,10:59:35,18.5200,23,2
2026-02-12,601012,10:59:38,18.5200,13,2
2026-02-12,601012,10:59:41,18.5200,70,2
2026-02-12,601012,10:59:44,18.5200,34,2
2026-02-12,601012,10:59:47,18.5100,81,2
2026-02-12,601012,10:59:50,18.5200,72,1
2026-02-12,601012,10:59:53,18.5200,162,1
2026-02-12,601012,10:59:56,18.5200,39,1
2026-02-12,601012,10:59:59,18.5200,87,1
2026-02-12,601012,11:00:02,18.5100,312,2
2026-02-12,601012,11:00:05,18.5100,61,2
2026-02-12,601012,11:00:08,18.5100,698,2
2026-02-12,601012,11:00:11,18.5100,31,1
2026-02-12,601012,11:00:14,18.5100,52,1
2026-02-12,601012,11:00:17,18.5000,18,2
2026-02-12,601012,11:00:20,18.5100,258,1
2026-02-12,601012,11:00:23,18.5000,16,2
2026-02-12,601012,11:00:26,18.5100,15,1
2026-02-12,601012,11:00:29,18.5000,30,2
2026-02-12,601012,11:00:32,18.5100,85,1
2026-02-12,601012,11:00:35,18.5000,4,2
2026-02-12,601012,11:00:38,18.5000,17,2
2026-02-12,601012,11:00:41,18.5100,97,1
2026-02-12,601012,11:00:44,18.5100,182,1
2026-02-12,601012,11:00:47,18.5000,43,2
2026-02-12,601012,11:00:50,18.5100,30,1
2026-02-12,601012,11:00:53,18.5100,265,1
2026-02-12,601012,11:00:56,18.5200,146,1
2026-02-12,601012,11:00:59,18.5100,24,2
2026-02-12,601012,11:01:02,18.5200,16,1
2026-02-12,601012,11:01:05,18.5200,233,1
2026-02-12,601012,11:01:08,18.5200,853,1
2026-02-12,601012,11:01:11,18.5200,202,1
2026-02-12,601012,11:01:14,18.5200,115,1
2026-02-12,601012,11:01:17,18.5100,59,2
2026-02-12,601012,11:01:20,18.5200,51,1
2026-02-12,601012,11:01:23,18.5200,117,1
2026-02-12,601012,11:01:26,18.5200,185,1
2026-02-12,601012,11:01:29,18.5100,161,2
2026-02-12,601012,11:01:32,18.5200,222,1
2026-02-12,601012,11:01:35,18.5200,11,2
2026-02-12,601012,11:01:38,18.5200,330,2
2026-02-12,601012,11:01:41,18.5400,410,1
2026-02-12,601012,11:01:44,18.5300,171,4
2026-02-12,601012,11:01:47,18.5300,26,1
2026-02-12,601012,11:01:50,18.5300,30,1
2026-02-12,601012,11:01:53,18.5200,53,2
2026-02-12,601012,11:01:56,18.5200,7,2
2026-02-12,601012,11:01:59,18.5300,151,1
2026-02-12,601012,11:02:02,18.5200,356,2
2026-02-12,601012,11:02:05,18.5100,393,2
2026-02-12,601012,11:02:08,18.5200,202,1
2026-02-12,601012,11:02:11,18.5200,32,1
2026-02-12,601012,11:02:14,18.5200,95,1
2026-02-12,601012,11:02:17,18.5100,105,2
2026-02-12,601012,11:02:20,18.5200,68,1
2026-02-12,601012,11:02:23,18.5100,96,2
2026-02-12,601012,11:02:26,18.5200,30,1
2026-02-12,601012,11:02:29,18.5200,97,1
2026-02-12,601012,11:02:32,18.5200,27,1
2026-02-12,601012,11:02:35,18.5200,439,1
2026-02-12,601012,11:02:38,18.5200,122,2
2026-02-12,601012,11:02:41,18.5200,35,2
2026-02-12,601012,11:02:44,18.5200,1031,1
2026-02-12,601012,11:02:47,18.5200,456,1
2026-02-12,601012,11:02:50,18.5200,366,1
2026-02-12,601012,11:02:53,18.5100,81,2
2026-02-12,601012,11:02:56,18.5100,16,2
2026-02-12,601012,11:02:59,18.5200,46,1
2026-02-12,601012,11:03:02,18.5100,252,2
2026-02-12,601012,11:03:05,18.5200,81,1
2026-02-12,601012,11:03:08,18.5100,89,2
2026-02-12,601012,11:03:11,18.5100,86,2
2026-02-12,601012,11:03:14,18.5100,26,2
2026-02-12,601012,11:03:17,18.5100,144,2
2026-02-12,601012,11:03:20,18.5200,330,1
2026-02-12,601012,11:03:23,18.5100,230,2
2026-02-12,601012,11:03:26,18.5100,297,2
2026-02-12,601012,11:03:29,18.5100,2348,2
2026-02-12,601012,11:03:32,18.5200,782,1
2026-02-12,601012,11:03:35,18.5100,513,2
2026-02-12,601012,11:03:38,18.5200,534,1
2026-02-12,601012,11:03:41,18.5100,594,2
2026-02-12,601012,11:03:44,18.5100,263,2
2026-02-12,601012,11:03:47,18.5100,3,2
2026-02-12,601012,11:03:50,18.5100,18,2
2026-02-12,601012,11:03:53,18.5100,60,2
2026-02-12,601012,11:03:56,18.5200,584,1
2026-02-12,601012,11:03:59,18.5100,7,2
2026-02-12,601012,11:04:02,18.5200,959,1
2026-02-12,601012,11:04:05,18.5200,332,2
2026-02-12,601012,11:04:08,18.5200,153,2
2026-02-12,601012,11:04:11,18.5300,48,1
2026-02-12,601012,11:04:14,18.5300,65,1
2026-02-12,601012,11:04:17,18.5300,29,1
2026-02-12,601012,11:04:20,18.5200,31,2
2026-02-12,601012,11:04:23,18.5300,27,1
2026-02-12,601012,11:04:26,18.5200,120,2
2026-02-12,601012,11:04:29,18.5200,198,2
2026-02-12,601012,11:04:32,18.5300,20,1
2026-02-12,601012,11:04:35,18.5300,36,1
2026-02-12,601012,11:04:38,18.5300,21,1
2026-02-12,601012,11:04:41,18.5300,143,1
2026-02-12,601012,11:04:44,18.5300,30,1
2026-02-12,601012,11:04:47,18.5300,51,1
2026-02-12,601012,11:04:50,18.5300,13,1
2026-02-12,601012,11:04:53,18.5200,7,2
2026-02-12,601012,11:04:56,18.5300,325,1
2026-02-12,601012,11:04:59,18.5300,109,1
2026-02-12,601012,11:05:02,18.5200,82,2
2026-02-12,601012,11:05:05,18.5300,101,1
2026-02-12,601012,11:05:08,18.5200,144,2
2026-02-12,601012,11:05:11,18.5300,82,1
2026-02-12,601012,11:05:14,18.5300,149,1
2026-02-12,601012,11:05:17,18.5300,241,1
2026-02-12,601012,11:05:20,18.5300,225,1
2026-02-12,601012,11:05:23,18.5300,81,1
2026-02-12,601012,11:05:26,18.5300,195,1
2026-02-12,601012,11:05:29,18.5300,42,1
2026-02-12,601012,11:05:32,18.5200,194,2
2026-02-12,601012,11:05:35,18.5200,83,2
2026-02-12,601012,11:05:38,18.5300,69,1
2026-02-12,601012,11:05:41,18.5300,98,1
2026-02-12,601012,11:05:44,18.5300,37,1
2026-02-12,601012,11:05:47,18.5400,31,1
2026-02-12,601012,11:05:50,18.5300,48,4
2026-02-12,601012,11:05:53,18.5200,16,2
2026-02-12,601012,11:05:56,18.5300,138,1
2026-02-12,601012,11:05:59,18.5300,125,2
2026-02-12,601012,11:06:02,18.5300,63,2
2026-02-12,601012,11:06:05,18.5300,47,2
2026-02-12,601012,11:06:08,18.5400,41,1
2026-02-12,601012,11:06:11,18.5300,169,2
2026-02-12,601012,11:06:14,18.5300,10,2
2026-02-12,601012,11:06:17,18.5300,21,2
2026-02-12,601012,11:06:20,18.5300,16,2
2026-02-12,601012,11:06:23,18.5300,29,2
2026-02-12,601012,11:06:26,18.5300,11,2
2026-02-12,601012,11:06:29,18.5300,305,2
2026-02-12,601012,11:06:32,18.5300,80,1
2026-02-12,601012,11:06:35,18.5300,84,1
2026-02-12,601012,11:06:38,18.5300,132,1
2026-02-12,601012,11:06:41,18.5400,891,1
2026-02-12,601012,11:06:44,18.5300,20,2
2026-02-12,601012,11:06:47,18.5300,2,2
2026-02-12,601012,11:06:50,18.5300,1532,2
2026-02-12,601012,11:06:53,18.5300,268,2
2026-02-12,601012,11:06:56,18.5400,18,4
2026-02-12,601012,11:06:59,18.5400,33,2
2026-02-12,601012,11:07:02,18.5300,228,2
2026-02-12,601012,11:07:05,18.5400,404,4
2026-02-12,601012,11:07:08,18.5400,131,1
2026-02-12,601012,11:07:11,18.5400,16,1
2026-02-12,601012,11:07:14,18.5400,91,1
2026-02-12,601012,11:07:17,18.5400,123,1
2026-02-12,601012,11:07:20,18.5400,2,2
2026-02-12,601012,11:07:23,18.5400,78,2
2026-02-12,601012,11:07:26,18.5500,20,1
2026-02-12,601012,11:07:29,18.5400,240,2
2026-02-12,601012,11:07:32,18.5500,107,1
2026-02-12,601012,11:07:35,18.5500,91,1
2026-02-12,601012,11:07:38,18.5400,169,2
2026-02-12,601012,11:07:41,18.5400,64,2
2026-02-12,601012,11:07:44,18.5500,34,1
2026-02-12,601012,11:07:47,18.5500,119,1
2026-02-12,601012,11:07:50,18.5500,38,2
2026-02-12,601012,11:07:53,18.5500,66,2
2026-02-12,601012,11:07:56,18.5600,64,1
2026-02-12,601012,11:07:59,18.5600,501,1
2026-02-12,601012,11:08:02,18.5600,35,2
2026-02-12,601012,11:08:05,18.5700,101,1
2026-02-12,601012,11:08:08,18.5700,287,1
2026-02-12,601012,11:08:11,18.5700,367,1
2026-02-12,601012,11:08:14,18.5800,176,1
2026-02-12,601012,11:08:17,18.5800,145,1
2026-02-12,601012,11:08:20,18.5800,156,1
2026-02-12,601012,11:08:23,18.5800,237,1
2026-02-12,601012,11:08:26,18.5900,129,1
2026-02-12,601012,11:08:29,18.6000,3981,1
2026-02-12,601012,11:08:32,18.6100,131,1
2026-02-12,601012,11:08:35,18.6100,396,1
2026-02-12,601012,11:08:38,18.6100,503,1
2026-02-12,601012,11:08:41,18.6200,117,1
2026-02-12,601012,11:08:44,18.6100,217,2
2026-02-12,601012,11:08:47,18.6000,1541,2
2026-02-12,601012,11:08:50,18.6000,795,1
2026-02-12,601012,11:08:53,18.5900,1118,2
2026-02-12,601012,11:08:56,18.5900,263,2
2026-02-12,601012,11:08:59,18.6000,120,1
2026-02-12,601012,11:09:02,18.6100,1162,1
2026-02-12,601012,11:09:05,18.6000,383,4
2026-02-12,601012,11:09:08,18.6100,194,1
2026-02-12,601012,11:09:11,18.6000,251,2
2026-02-12,601012,11:09:14,18.6000,1336,2
2026-02-12,601012,11:09:17,18.6000,410,2
2026-02-12,601012,11:09:20,18.6000,211,1
2026-02-12,601012,11:09:23,18.6000,270,1
2026-02-12,601012,11:09:26,18.6000,158,1
2026-02-12,601012,11:09:29,18.6000,151,1
2026-02-12,601012,11:09:32,18.6000,507,1
2026-02-12,601012,11:09:35,18.6000,824,2
2026-02-12,601012,11:09:38,18.6000,177,2
2026-02-12,601012,11:09:41,18.6100,151,1
2026-02-12,601012,11:09:44,18.6000,759,2
2026-02-12,601012,11:09:47,18.5900,1170,2
2026-02-12,601012,11:09:50,18.5900,245,2
2026-02-12,601012,11:09:53,18.6000,62,1
2026-02-12,601012,11:09:56,18.5900,90,2
2026-02-12,601012,11:09:59,18.6000,73,1
2026-02-12,601012,11:10:02,18.5900,323,2
2026-02-12,601012,11:10:05,18.6000,436,1
2026-02-12,601012,11:10:08,18.5900,206,2
2026-02-12,601012,11:10:11,18.6000,82,1
2026-02-12,601012,11:10:14,18.6000,273,1
2026-02-12,601012,11:10:17,18.6000,109,2
2026-02-12,601012,11:10:20,18.6000,88,2
2026-02-12,601012,11:10:23,18.6100,172,1
2026-02-12,601012,11:10:26,18.6100,2715,1
2026-02-12,601012,11:10:29,18.6100,68,2
2026-02-12,601012,11:10:32,18.6200,95,1
2026-02-12,601012,11:10:35,18.6200,462,1
2026-02-12,601012,11:10:38,18.6200,595,1
2026-02-12,601012,11:10:41,18.6200,123,1
2026-02-12,601012,11:10:44,18.6200,376,2
2026-02-12,601012,11:10:47,18.6200,1309,1
2026-02-12,601012,11:10:50,18.6200,657,2
2026-02-12,601012,11:10:53,18.6200,1788,1
2026-02-12,601012,11:10:56,18.6200,810,1
2026-02-12,601012,11:10:59,18.6200,416,1
2026-02-12,601012,11:11:02,18.6100,1764,2
2026-02-12,601012,11:11:05,18.6100,903,2
2026-02-12,601012,11:11:08,18.6100,514,2
2026-02-12,601012,11:11:11,18.6100,340,1
2026-02-12,601012,11:11:14,18.6000,207,2
2026-02-12,601012,11:11:17,18.6000,119,2
2026-02-12,601012,11:11:20,18.6000,230,2
2026-02-12,601012,11:11:23,18.6100,285,1
2026-02-12,601012,11:11:26,18.6100,185,1
2026-02-12,601012,11:11:29,18.6100,143,1
2026-02-12,601012,11:11:32,18.6100,120,1
2026-02-12,601012,11:11:35,18.6100,191,1
2026-02-12,601012,11:11:38,18.6100,78,1
2026-02-12,601012,11:11:41,18.6100,224,1
2026-02-12,601012,11:11:44,18.6100,834,1
2026-02-12,601012,11:11:47,18.6200,204,1
2026-02-12,601012,11:11:50,18.6200,183,1
2026-02-12,601012,11:11:53,18.6100,104,2
2026-02-12,601012,11:11:56,18.6100,1408,2
2026-02-12,601012,11:11:59,18.6200,279,1
2026-02-12,601012,11:12:02,18.6200,878,1
2026-02-12,601012,11:12:05,18.6200,86,2
2026-02-12,601012,11:12:08,18.6300,715,1
2026-02-12,601012,11:12:11,18.6300,298,1
2026-02-12,601012,11:12:14,18.6300,420,1
2026-02-12,601012,11:12:17,18.6300,187,1
2026-02-12,601012,11:12:20,18.6100,3969,2
2026-02-12,601012,11:12:23,18.6100,450,2
2026-02-12,601012,11:12:26,18.6200,293,1
2026-02-12,601012,11:12:29,18.6200,909,1
2026-02-12,601012,11:12:32,18.6200,710,2
2026-02-12,601012,11:12:35,18.6100,1044,2
2026-02-12,601012,11:12:38,18.6200,131,1
2026-02-12,601012,11:12:41,18.6100,992,2
2026-02-12,601012,11:12:44,18.6100,60,2
2026-02-12,601012,11:12:47,18.6100,292,1
2026-02-12,601012,11:12:50,18.6000,1796,2
2026-02-12,601012,11:12:53,18.6000,94,1
2026-02-12,601012,11:12:56,18.6000,167,1
2026-02-12,601012,11:12:59,18.5900,82,2
2026-02-12,601012,11:13:02,18.5800,1091,2
2026-02-12,601012,11:13:05,18.5900,78,1
2026-02-12,601012,11:13:08,18.5900,139,1
2026-02-12,601012,11:13:11,18.5900,58,1
2026-02-12,601012,11:13:14,18.5800,153,2
2026-02-12,601012,11:13:17,18.5800,161,2
2026-02-12,601012,11:13:20,18.5800,145,2
2026-02-12,601012,11:13:23,18.5800,48,2
2026-02-12,601012,11:13:26,18.5800,81,2
2026-02-12,601012,11:13:29,18.5800,76,2
2026-02-12,601012,11:13:32,18.5800,119,2
2026-02-12,601012,11:13:35,18.5800,87,2
2026-02-12,601012,11:13:38,18.5900,340,1
2026-02-12,601012,11:13:41,18.5900,96,2
2026-02-12,601012,11:13:44,18.5900,42,1
2026-02-12,601012,11:13:47,18.5900,69,2
2026-02-12,601012,11:13:50,18.5900,56,2
2026-02-12,601012,11:13:53,18.5900,55,2
2026-02-12,601012,11:13:56,18.6000,62,1
2026-02-12,601012,11:13:59,18.5900,73,2
2026-02-12,601012,11:14:02,18.5900,664,2
2026-02-12,601012,11:14:05,18.5900,66,2
2026-02-12,601012,11:14:08,18.5900,15,2
2026-02-12,601012,11:14:11,18.6000,425,1
2026-02-12,601012,11:14:14,18.6000,211,2
2026-02-12,601012,11:14:17,18.6000,26,2
2026-02-12,601012,11:14:20,18.6000,225,1
2026-02-12,601012,11:14:23,18.6000,107,1
2026-02-12,601012,11:14:26,18.5900,900,2
2026-02-12,601012,11:14:29,18.6000,102,1
2026-02-12,601012,11:14:32,18.6000,155,1
2026-02-12,601012,11:14:35,18.6000,118,1
2026-02-12,601012,11:14:38,18.6000,39,2
2026-02-12,601012,11:14:41,18.6000,98,2
2026-02-12,601012,11:14:44,18.6000,316,2
2026-02-12,601012,11:14:47,18.6000,115,2
2026-02-12,601012,11:14:50,18.6000,180,2
2026-02-12,601012,11:14:53,18.6000,536,1
2026-02-12,601012,11:14:56,18.6000,516,1
2026-02-12,601012,11:14:59,18.6000,234,2
2026-02-12,601012,11:15:02,18.6000,93,2
2026-02-12,601012,11:15:05,18.6000,72,1
2026-02-12,601012,11:15:08,18.6000,90,1
2026-02-12,601012,11:15:11,18.5900,435,2
2026-02-12,601012,11:15:14,18.6000,225,1
2026-02-12,601012,11:15:17,18.5900,249,2
2026-02-12,601012,11:15:20,18.6000,530,1
2026-02-12,601012,11:15:23,18.6000,74,1
2026-02-12,601012,11:15:26,18.5900,47,2
2026-02-12,601012,11:15:29,18.6000,65,1
2026-02-12,601012,11:15:32,18.5900,1887,2
2026-02-12,601012,11:15:35,18.6000,198,1
2026-02-12,601012,11:15:38,18.5900,170,2
2026-02-12,601012,11:15:41,18.5900,8,2
2026-02-12,601012,11:15:44,18.6000,80,1
2026-02-12,601012,11:15:47,18.6100,18,1
2026-02-12,601012,11:15:50,18.6000,1274,2
2026-02-12,601012,11:15:53,18.6000,20,2
2026-02-12,601012,11:15:56,18.6000,62,2
2026-02-12,601012,11:15:59,18.6000,51,2
2026-02-12,601012,11:16:02,18.5900,439,2
2026-02-12,601012,11:16:05,18.6100,1197,1
2026-02-12,601012,11:16:08,18.6100,56,1
2026-02-12,601012,11:16:11,18.6000,60,2
2026-02-12,601012,11:16:14,18.6000,96,2
2026-02-12,601012,11:16:17,18.6000,44,2
2026-02-12,601012,11:16:20,18.6100,218,1
2026-02-12,601012,11:16:23,18.6100,16,1
2026-02-12,601012,11:16:26,18.6100,61,1
2026-02-12,601012,11:16:29,18.6100,125,1
2026-02-12,601012,11:16:32,18.6100,84,1
2026-02-12,601012,11:16:35,18.6100,628,1
2026-02-12,601012,11:16:38,18.6100,142,1
2026-02-12,601012,11:16:41,18.6100,233,2
2026-02-12,601012,11:16:44,18.6100,998,2
2026-02-12,601012,11:16:47,18.6100,75,1
2026-02-12,601012,11:16:50,18.6100,894,1
2026-02-12,601012,11:16:53,18.6100,117,1
2026-02-12,601012,11:16:56,18.6100,69,1
2026-02-12,601012,11:16:59,18.6100,124,1
2026-02-12,601012,11:17:02,18.6100,386,2
2026-02-12,601012,11:17:05,18.6100,246,2
2026-02-12,601012,11:17:08,18.6100,169,1
2026-02-12,601012,11:17:11,18.6100,65,1
2026-02-12,601012,11:17:14,18.6100,173,1
2026-02-12,601012,11:17:17,18.6000,739,2
2026-02-12,601012,11:17:20,18.5900,835,2
2026-02-12,601012,11:17:23,18.5800,920,2
2026-02-12,601012,11:17:26,18.5800,27,1
2026-02-12,601012,11:17:29,18.5700,183,2
2026-02-12,601012,11:17:32,18.5700,104,2
2026-02-12,601012,11:17:35,18.5700,592,2
2026-02-12,601012,11:17:38,18.5700,503,2
2026-02-12,601012,11:17:41,18.5700,61,1
2026-02-12,601012,11:17:44,18.5600,138,2
2026-02-12,601012,11:17:47,18.5700,268,1
2026-02-12,601012,11:17:50,18.5600,404,2
2026-02-12,601012,11:17:53,18.5600,15,2
2026-02-12,601012,11:17:56,18.5700,137,1
2026-02-12,601012,11:17:59,18.5600,33,2
2026-02-12,601012,11:18:02,18.5700,330,1
2026-02-12,601012,11:18:05,18.5600,72,2
2026-02-12,601012,11:18:08,18.5700,71,1
2026-02-12,601012,11:18:11,18.5600,21,2
2026-02-12,601012,11:18:14,18.5700,233,1
2026-02-12,601012,11:18:17,18.5600,33,2
2026-02-12,601012,11:18:20,18.5700,25,1
2026-02-12,601012,11:18:23,18.5600,61,2
2026-02-12,601012,11:18:26,18.5600,297,2
2026-02-12,601012,11:18:29,18.5700,108,1
2026-02-12,601012,11:18:32,18.5600,10,2
2026-02-12,601012,11:18:35,18.5700,205,1
2026-02-12,601012,11:18:38,18.5700,108,1
2026-02-12,601012,11:18:41,18.5700,104,1
2026-02-12,601012,11:18:44,18.5700,135,1
2026-02-12,601012,11:18:47,18.5700,91,1
2026-02-12,601012,11:18:50,18.5700,20,1
2026-02-12,601012,11:18:53,18.5700,723,1
2026-02-12,601012,11:18:56,18.5700,46,1
2026-02-12,601012,11:18:59,18.5600,173,2
2026-02-12,601012,11:19:02,18.5600,82,2
2026-02-12,601012,11:19:05,18.5700,212,1
2026-02-12,601012,11:19:08,18.5700,45,1
2026-02-12,601012,11:19:11,18.5600,39,2
2026-02-12,601012,11:19:14,18.5700,27,1
2026-02-12,601012,11:19:17,18.5700,64,2
2026-02-12,601012,11:19:20,18.5700,78,2
2026-02-12,601012,11:19:23,18.5800,76,1
2026-02-12,601012,11:19:26,18.5700,20,2
2026-02-12,601012,11:19:29,18.5700,379,2
2026-02-12,601012,11:19:32,18.5700,119,2
2026-02-12,601012,11:19:35,18.5700,132,2
2026-02-12,601012,11:19:38,18.5700,137,2
2026-02-12,601012,11:19:41,18.5800,236,1
2026-02-12,601012,11:19:44,18.5800,12,2
2026-02-12,601012,11:19:47,18.5900,42,1
