date,code,time,price,volume,bs
2026-05-11,000858,14:06:57,91.8300,48,1
2026-05-11,000858,14:07:00,91.8300,8,2
2026-05-11,000858,14:07:03,91.8500,56,1
2026-05-11,000858,14:07:06,91.8300,9,2
2026-05-11,000858,14:07:09,91.8400,25,1
2026-05-11,000858,14:07:12,91.8400,9,1
2026-05-11,000858,14:07:15,91.8300,72,2
2026-05-11,000858,14:07:18,91.8400,24,1
2026-05-11,000858,14:07:21,91.8400,31,1
2026-05-11,000858,14:07:24,91.8300,42,4
2026-05-11,000858,14:07:27,91.8300,45,1
2026-05-11,000858,14:07:30,91.8300,42,1
2026-05-11,000858,14:07:33,91.8100,19,2
2026-05-11,000858,14:07:36,91.8100,14,2
2026-05-11,000858,14:07:39,91.8200,19,1
2026-05-11,000858,14:07:42,91.8100,3,2
2026-05-11,000858,14:07:45,91.8200,7,4
2026-05-11,000858,14:07:48,91.8300,30,1
2026-05-11,000858,14:07:51,91.8000,31,2
2026-05-11,000858,14:07:54,91.8100,18,4
2026-05-11,000858,14:07:57,91.8200,30,1
2026-05-11,000858,14:08:00,91.8100,42,2
2026-05-11,000858,14:08:03,91.8100,29,2
2026-05-11,000858,14:08:06,91.8100,43,1
2026-05-11,000858,14:08:09,91.8200,42,1
2026-05-11,000858,14:08:12,91.8200,83,1
2026-05-11,000858,14:08:15,91.8200,35,2
2026-05-11,000858,14:08:18,91.8300,10,1
2026-05-11,000858,14:08:21,91.8300,116,1
2026-05-11,000858,14:08:24,91.8400,293,1
2026-05-11,000858,14:08:27,91.8600,22,1
2026-05-11,000858,14:08:30,91.8500,20,2
2026-05-11,000858,14:08:33,91.8600,6,1
2026-05-11,000858,14:08:36,91.8600,25,1
2026-05-11,000858,14:08:39,91.8700,100,1
2026-05-11,000858,14:08:42,91.8700,73,1
2026-05-11,000858,14:08:45,91.8600,20,2
2026-05-11,000858,14:08:48,91.8900,500,1
2026-05-11,000858,14:08:51,91.8800,30,2
2026-05-11,000858,14:08:54,91.8900,31,1
2026-05-11,000858,14:08:57,91.8900,48,1
2026-05-11,000858,14:09:00,91.8900,26,1
2026-05-11,000858,14:09:03,91.8900,10,2
2026-05-11,000858,14:09:06,91.9000,3,1
2026-05-11,000858,14:09:09,91.9000,182,1
2026-05-11,000858,14:09:12,91.9000,39,1
2026-05-11,000858,14:09:15,91.9000,12,1
2026-05-11,000858,14:09:18,91.9000,106,1
2026-05-11,000858,14:09:21,91.9000,30,1
2026-05-11,000858,14:09:24,91.9000,28,2
2026-05-11,000858,14:09:27,91.9000,13,2
2026-05-11,000858,14:09:30,91.9000,15,1
2026-05-11,000858,14:09:33,91.8900,41,2
2026-05-11,000858,14:09:36,91.8900,44,1
2026-05-11,000858,14:09:39,91.8800,54,2
2026-05-11,000858,14:09:42,91.8800,19,2
2026-05-11,000858,14:09:45,91.8800,53,1
2026-05-11,000858,14:09:48,91.8700,6,2
2026-05-11,000858,14:09:51,91.8600,88,2
2026-05-11,000858,14:09:54,91.8400,84,2
2026-05-11,000858,14:09:57,91.8400,41,2
2026-05-11,000858,14:10:00,91.8400,1,1
2026-05-11,000858,14:10:03,91.8400,17,1
2026-05-11,000858,14:10:06,91.8400,10,1
2026-05-11,000858,14:10:09,91.8200,132,2
2026-05-11,000858,14:10:12,91.8400,11,1
2026-05-11,000858,14:10:15,91.8400,1,1
2026-05-11,000858,14:10:18,91.8400,14,1
2026-05-11,000858,14:10:21,91.8200,6,2
2026-05-11,000858,14:10:24,91.8300,14,4
2026-05-11,000858,14:10:27,91.8200,22,2
2026-05-11,000858,14:10:30,91.8300,21,1
2026-05-11,000858,14:10:33,91.8300,15,1
2026-05-11,000858,14:10:36,91.8200,5,2
2026-05-11,000858,14:10:39,91.8300,24,1
2026-05-11,000858,14:10:42,91.8200,7,2
2026-05-11,000858,14:10:45,91.8100,68,2
2026-05-11,000858,14:10:48,91.8100,26,1
2026-05-11,000858,14:10:51,91.8100,36,1
2026-05-11,000858,14:10:54,91.8000,26,2
2026-05-11,000858,14:10:57,91.8000,28,2
2026-05-11,000858,14:11:00,91.8100,26,1
2026-05-11,000858,14:11:03,91.8000,29,2
2026-05-11,000858,14:11:06,91.8000,15,2
2026-05-11,000858,14:11:09,91.8000,16,2
2026-05-11,000858,14:11:12,91.8100,6,1
2026-05-11,000858,14:11:15,91.8100,11,2
2026-05-11,000858,14:11:18,91.8100,13,1
2026-05-11,000858,14:11:21,91.8100,19,2
2026-05-11,000858,14:11:24,91.8200,18,1
2026-05-11,000858,14:11:30,91.8100,4,2
2026-05-11,000858,14:11:33,91.8200,4,1
2026-05-11,000858,14:11:36,91.8100,17,2
2026-05-11,000858,14:11:39,91.8200,14,1
2026-05-11,000858,14:11:42,91.8200,11,1
2026-05-11,000858,14:11:45,91.8200,20,1
2026-05-11,000858,14:11:48,91.8300,128,1
2026-05-11,000858,14:11:51,91.8300,13,1
2026-05-11,000858,14:11:54,91.8400,68,1
2026-05-11,000858,14:11:57,91.8400,5,1
2026-05-11,000858,14:12:00,91.8400,25,1
2026-05-11,000858,14:12:03,91.8500,18,1
2026-05-11,000858,14:12:06,91.8700,28,1
2026-05-11,000858,14:12:09,91.8500,47,2
2026-05-11,000858,14:12:12,91.8600,11,1
2026-05-11,000858,14:12:15,91.8700,47,1
2026-05-11,000858,14:12:18,91.8700,14,1
2026-05-11,000858,14:12:21,91.8700,48,1
2026-05-11,000858,14:12:24,91.8700,56,1
2026-05-11,000858,14:12:27,91.8700,16,2
2026-05-11,000858,14:12:30,91.8700,19,2
2026-05-11,000858,14:12:33,91.8700,53,2
2026-05-11,000858,14:12:36,91.8700,14,2
2026-05-11,000858,14:12:39,91.8700,26,2
2026-05-11,000858,14:12:42,91.8700,12,1
2026-05-11,000858,14:12:45,91.8700,26,1
2026-05-11,000858,14:12:48,91.8600,18,2
2026-05-11,000858,14:12:51,91.8600,56,2
2026-05-11,000858,14:12:54,91.8700,35,1
2026-05-11,000858,14:12:57,91.8600,7,2
2026-05-11,000858,14:13:00,91.8600,9,2
2026-05-11,000858,14:13:03,91.8600,30,2
2026-05-11,000858,14:13:06,91.8700,125,1
2026-05-11,000858,14:13:09,91.8700,3,1
2026-05-11,000858,14:13:12,91.8700,2,1
2026-05-11,000858,14:13:15,91.8700,38,1
2026-05-11,000858,14:13:18,91.8600,14,2
2026-05-11,000858,14:13:21,91.8500,23,2
2026-05-11,000858,14:13:24,91.8600,10,1
2026-05-11,000858,14:13:27,91.8600,30,1
2026-05-11,000858,14:13:30,91.8600,10,1
2026-05-11,000858,14:13:33,91.8500,59,2
2026-05-11,000858,14:13:36,91.8500,18,1
2026-05-11,000858,14:13:39,91.8500,47,2
2026-05-11,000858,14:13:42,91.8600,10,1
2026-05-11,000858,14:13:45,91.8400,15,2
2026-05-11,000858,14:13:48,91.8600,10,1
2026-05-11,000858,14:13:51,91.8900,236,1
2026-05-11,000858,14:13:54,91.9300,546,1
2026-05-11,000858,14:13:57,91.9300,36,1
2026-05-11,000858,14:14:00,91.9200,10,2
2026-05-11,000858,14:14:03,91.9300,15,1
2026-05-11,000858,14:14:06,91.9300,64,2
2026-05-11,000858,14:14:09,91.9400,51,1
2026-05-11,000858,14:14:12,91.9300,14,2
2026-05-11,000858,14:14:15,91.9300,14,1
2026-05-11,000858,14:14:18,91.9200,24,2
2026-05-11,000858,14:14:21,91.9200,113,2
2026-05-11,000858,14:14:24,91.9200,13,2
2026-05-11,000858,14:14:27,91.9100,55,2
2026-05-11,000858,14:14:30,91.9200,8,1
2026-05-11,000858,14:14:33,91.9200,30,1
2026-05-11,000858,14:14:36,91.9200,9,1
2026-05-11,000858,14:14:39,91.9300,28,1
2026-05-11,000858,14:14:42,91.9200,39,2
2026-05-11,000858,14:14:45,91.9300,9,1
2026-05-11,000858,14:14:48,91.9300,17,1
2026-05-11,000858,14:14:51,91.9200,12,2
2026-05-11,000858,14:14:54,91.9300,60,1
2026-05-11,000858,14:14:57,91.9200,14,2
2026-05-11,000858,14:15:00,91.9300,18,1
2026-05-11,000858,14:15:03,91.9200,6,2
2026-05-11,000858,14:15:06,91.9300,21,1
2026-05-11,000858,14:15:09,91.9200,34,2
2026-05-11,000858,14:15:12,91.9300,48,1
2026-05-11,000858,14:15:15,91.9300,21,1
2026-05-11,000858,14:15:18,91.9300,13,1
2026-05-11,000858,14:15:21,91.9200,80,2
2026-05-11,000858,14:15:24,91.9100,67,2
2026-05-11,000858,14:15:27,91.9100,17,2
2026-05-11,000858,14:15:30,91.9100,200,4
2026-05-11,000858,14:15:33,91.9000,485,2
2026-05-11,000858,14:15:36,91.9000,68,2
2026-05-11,000858,14:15:39,91.9000,75,1
2026-05-11,000858,14:15:42,91.9100,20,1
2026-05-11,000858,14:15:45,91.9000,64,2
2026-05-11,000858,14:15:48,91.9100,6,1
2026-05-11,000858,14:15:51,91.9100,40,1
2026-05-11,000858,14:15:54,91.9100,81,1
2026-05-11,000858,14:15:57,91.9100,180,1
2026-05-11,000858,14:16:00,91.9000,203,2
2026-05-11,000858,14:16:03,91.9000,15,2
2026-05-11,000858,14:16:06,91.9100,15,1
2026-05-11,000858,14:16:09,91.9100,16,1
2026-05-11,000858,14:16:12,91.9000,44,2
2026-05-11,000858,14:16:15,91.9200,51,1
2026-05-11,000858,14:16:18,91.9200,41,1
2026-05-11,000858,14:16:21,91.9300,50,1
2026-05-11,000858,14:16:24,91.9400,41,1
2026-05-11,000858,14:16:27,91.9400,72,1
2026-05-11,000858,14:16:30,91.9500,36,1
2026-05-11,000858,14:16:33,91.9400,71,2
2026-05-11,000858,14:16:36,91.9500,33,1
2026-05-11,000858,14:16:39,91.9300,21,2
2026-05-11,000858,14:16:42,91.9400,6,1
2026-05-11,000858,14:16:45,91.9300,13,2
2026-05-11,000858,14:16:48,91.9400,14,1
2026-05-11,000858,14:16:51,91.9500,62,1
2026-05-11,000858,14:16:54,91.9400,16,2
2026-05-11,000858,14:16:57,91.9400,24,1
2026-05-11,000858,14:17:00,91.9400,5,1
2026-05-11,000858,14:17:03,91.9400,21,1
2026-05-11,000858,14:17:06,91.9400,116,2
2026-05-11,000858,14:17:09,91.9500,65,1
2026-05-11,000858,14:17:12,91.9400,26,2
2026-05-11,000858,14:17:15,91.9300,5,2
2026-05-11,000858,14:17:18,91.9300,6,2
2026-05-11,000858,14:17:21,91.9400,84,1
2026-05-11,000858,14:17:24,91.9300,16,4
2026-05-11,000858,14:17:27,91.9300,21,1
2026-05-11,000858,14:17:30,91.9200,42,4
2026-05-11,000858,14:17:33,91.9200,24,1
2026-05-11,000858,14:17:36,91.9200,36,4
2026-05-11,000858,14:17:39,91.9200,8,1
2026-05-11,000858,14:17:42,91.9100,1,2
2026-05-11,000858,14:17:45,91.9200,45,1
2026-05-11,000858,14:17:48,91.9000,111,2
2026-05-11,000858,14:17:51,91.9100,23,2
2026-05-11,000858,14:17:54,91.9000,7,2
2026-05-11,000858,14:17:57,91.9000,91,2
2026-05-11,000858,14:18:00,91.9000,43,2
2026-05-11,000858,14:18:03,91.9000,167,2
2026-05-11,000858,14:18:06,91.9000,37,1
2026-05-11,000858,14:18:09,91.8900,16,2
2026-05-11,000858,14:18:12,91.8800,37,2
2026-05-11,000858,14:18:18,91.8700,21,2
2026-05-11,000858,14:18:21,91.8600,6,2
2026-05-11,000858,14:18:24,91.8600,31,2
2026-05-11,000858,14:18:27,91.8500,39,2
2026-05-11,000858,14:18:30,91.8500,41,2
2026-05-11,000858,14:18:33,91.8400,78,2
2026-05-11,000858,14:18:36,91.8500,39,1
2026-05-11,000858,14:18:39,91.8400,6,4
2026-05-11,000858,14:18:42,91.8300,53,2
2026-05-11,000858,14:18:45,91.8300,2,1
2026-05-11,000858,14:18:48,91.8200,40,2
2026-05-11,000858,14:18:51,91.8100,41,2
2026-05-11,000858,14:18:54,91.8100,4,2
2026-05-11,000858,14:18:57,91.8100,21,2
2026-05-11,000858,14:19:00,91.8100,29,2
2026-05-11,000858,14:19:03,91.8200,15,1
2026-05-11,000858,14:19:06,91.8200,77,1
2026-05-11,000858,14:19:09,91.8600,107,1
2026-05-11,000858,14:19:12,91.8200,9,2
2026-05-11,000858,14:19:15,91.8300,11,2
2026-05-11,000858,14:19:18,91.8600,1,1
2026-05-11,000858,14:19:21,91.8500,7,1
2026-05-11,000858,14:19:24,91.8600,14,1
2026-05-11,000858,14:19:27,91.8400,26,2
2026-05-11,000858,14:19:30,91.8500,8,4
2026-05-11,000858,14:19:33,91.8500,2,1
2026-05-11,000858,14:19:36,91.8600,16,1
2026-05-11,000858,14:19:39,91.8400,16,2
2026-05-11,000858,14:19:42,91.8500,8,2
2026-05-11,000858,14:19:45,91.8600,3,1
2026-05-11,000858,14:19:48,91.8500,16,2
2026-05-11,000858,14:19:51,91.8500,26,2
2026-05-11,000858,14:19:54,91.8600,16,1
2026-05-11,000858,14:19:57,91.8600,18,1
2026-05-11,000858,14:20:00,91.8400,176,2
2026-05-11,000858,14:20:03,91.8600,23,1
2026-05-11,000858,14:20:06,91.8500,13,4
2026-05-11,000858,14:20:09,91.8700,30,1
2026-05-11,000858,14:20:12,91.8700,26,1
2026-05-11,000858,14:20:15,91.8800,16,1
2026-05-11,000858,14:20:18,91.8800,7,4
2026-05-11,000858,14:20:21,91.8900,31,1
2026-05-11,000858,14:20:24,91.8900,28,2
2026-05-11,000858,14:20:27,91.9000,39,1
2026-05-11,000858,14:20:30,91.8800,44,2
2026-05-11,000858,14:20:33,91.8900,25,4
2026-05-11,000858,14:20:36,91.9000,3,1
2026-05-11,000858,14:20:39,91.8800,39,2
2026-05-11,000858,14:20:42,91.8800,21,2
2026-05-11,000858,14:20:45,91.8900,13,1
2026-05-11,000858,14:20:48,91.8800,1,4
2026-05-11,000858,14:20:51,91.8700,24,2
2026-05-11,000858,14:20:54,91.8700,10,2
2026-05-11,000858,14:20:57,91.8700,3,1
2026-05-11,000858,14:21:00,91.8600,2,2
2026-05-11,000858,14:21:03,91.8600,6,2
2026-05-11,000858,14:21:06,91.8700,12,1
2026-05-11,000858,14:21:09,91.8700,53,1
2026-05-11,000858,14:21:12,91.8700,2,1
2026-05-11,000858,14:21:15,91.8400,67,2
2026-05-11,000858,14:21:18,91.8600,7,1
2026-05-11,000858,14:21:21,91.8600,104,1
2026-05-11,000858,14:21:24,91.8600,241,2
2026-05-11,000858,14:21:27,91.8700,6,2
2026-05-11,000858,14:21:30,91.8600,8,2
2026-05-11,000858,14:21:33,91.8700,152,2
2026-05-11,000858,14:21:36,91.8700,4,2
2026-05-11,000858,14:21:39,91.9000,50,1
2026-05-11,000858,14:21:42,91.9000,33,2
2026-05-11,000858,14:21:45,91.9000,19,2
2026-05-11,000858,14:21:48,91.9000,41,2
2026-05-11,000858,14:21:51,91.9000,13,2
2026-05-11,000858,14:21:54,91.9000,13,2
2026-05-11,000858,14:21:57,91.9000,3,4
2026-05-11,000858,14:22:00,91.9000,16,1
2026-05-11,000858,14:22:03,91.9000,13,2
2026-05-11,000858,14:22:06,91.9000,3,2
2026-05-11,000858,14:22:09,91.9000,125,2
2026-05-11,000858,14:22:12,91.9000,44,2
2026-05-11,000858,14:22:15,91.9000,31,2
2026-05-11,000858,14:22:18,91.9000,13,2
2026-05-11,000858,14:22:21,91.9000,12,2
2026-05-11,000858,14:22:24,91.9000,28,2
2026-05-11,000858,14:22:27,91.9000,71,2
2026-05-11,000858,14:22:30,91.9000,27,2
2026-05-11,000858,14:22:33,91.9000,104,1
2026-05-11,000858,14:22:36,91.9000,74,2
2026-05-11,000858,14:22:39,91.9000,45,2
2026-05-11,000858,14:22:42,91.9000,13,2
2026-05-11,000858,14:22:45,91.9100,31,1
2026-05-11,000858,14:22:48,91.9000,19,2
2026-05-11,000858,14:22:51,91.8900,140,2
2026-05-11,000858,14:22:54,91.9000,107,1
2026-05-11,000858,14:22:57,91.9000,2,2
2026-05-11,000858,14:23:00,91.9000,3,2
2026-05-11,000858,14:23:03,91.9000,47,2
2026-05-11,000858,14:23:06,91.9000,13,2
2026-05-11,000858,14:23:09,91.9100,24,1
2026-05-11,000858,14:23:12,91.9000,11,2
2026-05-11,000858,14:23:15,91.9100,46,1
2026-05-11,000858,14:23:18,91.9100,2,1
2026-05-11,000858,14:23:21,91.9000,126,2
2026-05-11,000858,14:23:24,91.9000,38,2
2026-05-11,000858,14:23:27,91.9000,5,2
2026-05-11,000858,14:23:30,91.9000,12,2
2026-05-11,000858,14:23:33,91.9000,8,2
2026-05-11,000858,14:23:36,91.9000,18,2
2026-05-11,000858,14:23:39,91.9000,17,2
2026-05-11,000858,14:23:42,91.9000,15,2
2026-05-11,000858,14:23:45,91.9100,12,1
2026-05-11,000858,14:23:48,91.9100,33,1
2026-05-11,000858,14:23:51,91.9000,48,2
2026-05-11,000858,14:23:54,91.9100,28,1
2026-05-11,000858,14:23:57,91.9000,41,2
2026-05-11,000858,14:24:00,91.9000,62,2
2026-05-11,000858,14:24:03,91.9000,61,2
2026-05-11,000858,14:24:06,91.9000,29,2
2026-05-11,000858,14:24:09,91.9100,48,1
2026-05-11,000858,14:24:12,91.9000,9,2
2026-05-11,000858,14:24:15,91.9100,64,1
2026-05-11,000858,14:24:18,91.9000,36,2
2026-05-11,000858,14:24:21,91.9000,52,2
2026-05-11,000858,14:24:24,91.9000,18,2
2026-05-11,000858,14:24:27,91.9100,177,1
2026-05-11,000858,14:24:30,91.9100,21,1
2026-05-11,000858,14:24:33,91.9000,19,2
2026-05-11,000858,14:24:36,91.9000,17,2
2026-05-11,000858,14:24:39,91.9000,30,2
2026-05-11,000858,14:24:42,91.9000,25,1
2026-05-11,000858,14:24:45,91.9100,49,1
2026-05-11,000858,14:24:48,91.9100,24,1
2026-05-11,000858,14:24:51,91.9000,18,2
2026-05-11,000858,14:24:54,91.9100,2,1
2026-05-11,000858,14:24:57,91.9000,11,2
2026-05-11,000858,14:25:00,91.9000,27,2
2026-05-11,000858,14:25:03,91.9000,70,2
2026-05-11,000858,14:25:06,91.8900,16,2
2026-05-11,000858,14:25:09,91.9000,50,1
2026-05-11,000858,14:25:12,91.8900,15,2
2026-05-11,000858,14:25:15,91.9000,32,1
2026-05-11,000858,14:25:18,91.8900,10,2
2026-05-11,000858,14:25:21,91.8800,21,2
2026-05-11,000858,14:25:24,91.8800,7,2
2026-05-11,000858,14:25:27,91.8800,9,2
2026-05-11,000858,14:25:30,91.8800,15,2
2026-05-11,000858,14:25:33,91.8800,2,1
2026-05-11,000858,14:25:36,91.8700,7,2
2026-05-11,000858,14:25:39,91.8800,4,1
2026-05-11,000858,14:25:42,91.8700,7,2
2026-05-11,000858,14:25:45,91.8800,7,1
2026-05-11,000858,14:25:48,91.8700,6,2
2026-05-11,000858,14:25:51,91.8700,51,2
2026-05-11,000858,14:25:54,91.8700,59,2
2026-05-11,000858,14:25:57,91.8800,8,1
2026-05-11,000858,14:26:00,91.8800,17,1
2026-05-11,000858,14:26:03,91.8700,5,2
2026-05-11,000858,14:26:06,91.8700,2,2
2026-05-11,000858,14:26:09,91.8700,15,2
2026-05-11,000858,14:26:12,91.8800,13,1
2026-05-11,000858,14:26:15,91.8700,8,2
2026-05-11,000858,14:26:18,91.8700,63,2
2026-05-11,000858,14:26:21,91.8800,14,1
2026-05-11,000858,14:26:24,91.8600,18,2
2026-05-11,000858,14:26:27,91.8700,3,1
2026-05-11,000858,14:26:30,91.8700,4,1
2026-05-11,000858,14:26:33,91.8600,30,2
2026-05-11,000858,14:26:36,91.8700,24,1
2026-05-11,000858,14:26:39,91.8600,26,2
2026-05-11,000858,14:26:42,91.8700,11,1
2026-05-11,000858,14:26:45,91.8600,20,2
2026-05-11,000858,14:26:48,91.8700,274,1
2026-05-11,000858,14:26:51,91.8600,39,1
2026-05-11,000858,14:26:54,91.8600,12,1
2026-05-11,000858,14:26:57,91.8600,8,4
2026-05-11,000858,14:27:00,91.8600,11,4
2026-05-11,000858,14:27:03,91.8700,28,1
2026-05-11,000858,14:27:06,91.8500,11,2
2026-05-11,000858,14:27:09,91.8700,3,1
2026-05-11,000858,14:27:12,91.8700,19,1
2026-05-11,000858,14:27:15,91.8700,377,1
2026-05-11,000858,14:27:18,91.8700,9,1
2026-05-11,000858,14:27:21,91.8700,10,2
2026-05-11,000858,14:27:24,91.8700,64,2
2026-05-11,000858,14:27:27,91.8700,17,1
2026-05-11,000858,14:27:30,91.8600,9,4
2026-05-11,000858,14:27:33,91.8600,1,1
2026-05-11,000858,14:27:36,91.8500,5,2
2026-05-11,000858,14:27:39,91.8600,7,1
2026-05-11,000858,14:27:42,91.8500,20,2
2026-05-11,000858,14:27:45,91.8500,5,1
2026-05-11,000858,14:27:48,91.8400,23,2
2026-05-11,000858,14:27:51,91.8400,13,2
2026-05-11,000858,14:27:54,91.8400,38,2
2026-05-11,000858,14:27:57,91.8300,3,2
2026-05-11,000858,14:28:03,91.8300,29,2
2026-05-11,000858,14:28:06,91.8300,7,2
2026-05-11,000858,14:28:09,91.8300,4,1
2026-05-11,000858,14:28:12,91.8300,11,1
2026-05-11,000858,14:28:15,91.8200,32,2
2026-05-11,000858,14:28:18,91.8300,208,1
2026-05-11,000858,14:28:21,91.8200,134,4
2026-05-11,000858,14:28:24,91.8300,173,4
2026-05-11,000858,14:28:27,91.8300,29,2
2026-05-11,000858,14:28:30,91.8300,2,2
2026-05-11,000858,14:28:33,91.8300,5,2
2026-05-11,000858,14:28:36,91.8300,19,2
2026-05-11,000858,14:28:39,91.8400,14,1
2026-05-11,000858,14:28:42,91.8300,65,2
2026-05-11,000858,14:28:45,91.8400,6,1
2026-05-11,000858,14:28:48,91.8400,9,1
2026-05-11,000858,14:28:51,91.8400,9,1
2026-05-11,000858,14:28:54,91.8300,26,2
2026-05-11,000858,14:28:57,91.8400,4,1
2026-05-11,000858,14:29:00,91.8400,30,1
2026-05-11,000858,14:29:03,91.8400,29,1
2026-05-11,000858,14:29:06,91.8300,139,2
2026-05-11,000858,14:29:09,91.8400,18,2
2026-05-11,000858,14:29:12,91.8400,12,2
2026-05-11,000858,14:29:15,91.8500,25,1
2026-05-11,000858,14:29:18,91.8400,26,2
2026-05-11,000858,14:29:21,91.8400,16,2
2026-05-11,000858,14:29:24,91.8500,9,1
2026-05-11,000858,14:29:27,91.8500,3,2
2026-05-11,000858,14:29:30,91.8500,11,2
2026-05-11,000858,14:29:33,91.8500,18,2
2026-05-11,000858,14:29:36,91.8500,51,1
2026-05-11,000858,14:29:39,91.8600,47,1
2026-05-11,000858,14:29:42,91.8400,39,2
2026-05-11,000858,14:29:45,91.8500,1,4
2026-05-11,000858,14:29:48,91.8500,41,1
2026-05-11,000858,14:29:51,91.8500,88,1
2026-05-11,000858,14:29:54,91.8400,19,2
2026-05-11,000858,14:29:57,91.8500,66,1
2026-05-11,000858,14:30:00,91.8400,105,1
2026-05-11,000858,14:30:03,91.8200,3,2
2026-05-11,000858,14:30:06,91.8300,25,1
2026-05-11,000858,14:30:09,91.8100,118,2
2026-05-11,000858,14:30:12,91.8300,32,1
2026-05-11,000858,14:30:15,91.8200,84,2
2026-05-11,000858,14:30:18,91.8300,52,1
2026-05-11,000858,14:30:21,91.8300,22,2
2026-05-11,000858,14:30:24,91.8300,12,2
2026-05-11,000858,14:30:27,91.8300,8,2
2026-05-11,000858,14:30:30,91.8300,25,2
2026-05-11,000858,14:30:33,91.8200,13,2
2026-05-11,000858,14:30:36,91.8400,10,1
2026-05-11,000858,14:30:39,91.8400,24,1
2026-05-11,000858,14:30:42,91.8300,81,2
2026-05-11,000858,14:30:45,91.8300,17,2
2026-05-11,000858,14:30:48,91.8300,73,2
2026-05-11,000858,14:30:51,91.8400,63,1
2026-05-11,000858,14:30:54,91.8400,27,1
2026-05-11,000858,14:30:57,91.8400,10,1
2026-05-11,000858,14:31:00,91.8400,52,1
2026-05-11,000858,14:31:03,91.8300,8,2
2026-05-11,000858,14:31:06,91.8300,55,2
2026-05-11,000858,14:31:09,91.8300,12,2
2026-05-11,000858,14:31:12,91.8400,14,1
2026-05-11,000858,14:31:15,91.8400,18,1
2026-05-11,000858,14:31:18,91.8300,19,2
2026-05-11,000858,14:31:21,91.8300,43,2
2026-05-11,000858,14:31:24,91.8300,87,2
2026-05-11,000858,14:31:27,91.8200,368,2
2026-05-11,000858,14:31:30,91.8300,8,1
2026-05-11,000858,14:31:33,91.8300,13,1
2026-05-11,000858,14:31:36,91.8300,47,2
2026-05-11,000858,14:31:39,91.8300,118,2
2026-05-11,000858,14:31:42,91.8100,84,2
2026-05-11,000858,14:31:45,91.8100,30,2
2026-05-11,000858,14:31:48,91.8200,25,1
2026-05-11,000858,14:31:51,91.8300,22,1
2026-05-11,000858,14:31:54,91.8300,52,1
2026-05-11,000858,14:31:57,91.8300,20,2
2026-05-11,000858,14:32:00,91.8400,32,1
2026-05-11,000858,14:32:03,91.8300,18,2
2026-05-11,000858,14:32:06,91.8400,131,1
2026-05-11,000858,14:32:09,91.8300,16,2
2026-05-11,000858,14:32:12,91.8400,23,1
2026-05-11,000858,14:32:15,91.8300,24,2
2026-05-11,000858,14:32:18,91.8300,49,2
2026-05-11,000858,14:32:21,91.8200,346,2
2026-05-11,000858,14:32:24,91.8100,146,2
2026-05-11,000858,14:32:27,91.8000,264,2
2026-05-11,000858,14:32:30,91.8000,216,2
2026-05-11,000858,14:32:33,91.8100,17,1
2026-05-11,000858,14:32:36,91.8100,49,1
2026-05-11,000858,14:32:39,91.8100,35,1
2026-05-11,000858,14:32:42,91.8000,52,2
2026-05-11,000858,14:32:45,91.8000,47,2
2026-05-11,000858,14:32:48,91.8000,26,2
2026-05-11,000858,14:32:51,91.8000,39,2
2026-05-11,000858,14:32:54,91.8000,37,2
2026-05-11,000858,14:32:57,91.8000,20,2
2026-05-11,000858,14:33:00,91.8100,61,1
2026-05-11,000858,14:33:03,91.8000,122,2
2026-05-11,000858,14:33:06,91.8000,12,2
2026-05-11,000858,14:33:09,91.8000,170,1
2026-05-11,000858,14:33:12,91.7800,36,2
2026-05-11,000858,14:33:15,91.7800,18,2
2026-05-11,000858,14:33:18,91.7900,66,1
2026-05-11,000858,14:33:21,91.7800,54,2
2026-05-11,000858,14:33:24,91.7700,17,2
2026-05-11,000858,14:33:27,91.7800,127,1
2026-05-11,000858,14:33:30,91.7700,77,2
2026-05-11,000858,14:33:33,91.7700,32,1
2026-05-11,000858,14:33:36,91.7700,104,1
2026-05-11,000858,14:33:39,91.7600,66,2
2026-05-11,000858,14:33:42,91.7600,3,1
2026-05-11,000858,14:33:45,91.7600,56,1
2026-05-11,000858,14:33:48,91.7600,5,2
2026-05-11,000858,14:33:51,91.7600,128,2
2026-05-11,000858,14:33:54,91.7500,12,2
2026-05-11,000858,14:33:57,91.7700,65,1
2026-05-11,000858,14:34:00,91.7500,17,2
2026-05-11,000858,14:34:03,91.7600,20,1
2026-05-11,000858,14:34:06,91.7600,24,2
2026-05-11,000858,14:34:09,91.7600,17,2
2026-05-11,000858,14:34:12,91.7600,90,2
2026-05-11,000858,14:34:15,91.7600,1,1
2026-05-11,000858,14:34:18,91.7500,38,2
2026-05-11,000858,14:34:21,91.7500,14,2
2026-05-11,000858,14:34:24,91.7500,19,2
2026-05-11,000858,14:34:27,91.7600,109,1
2026-05-11,000858,14:34:30,91.7600,12,1
2026-05-11,000858,14:34:33,91.7700,52,1
2026-05-11,000858,14:34:36,91.7600,36,2
2026-05-11,000858,14:34:39,91.7500,33,2
2026-05-11,000858,14:34:42,91.7600,2,4
2026-05-11,000858,14:34:45,91.7300,29,2
2026-05-11,000858,14:34:48,91.7200,38,2
2026-05-11,000858,14:34:51,91.7200,23,2
2026-05-11,000858,14:34:54,91.7200,31,2
2026-05-11,000858,14:34:57,91.7100,59,2
2026-05-11,000858,14:35:00,91.7400,19,1
2026-05-11,000858,14:35:03,91.7300,9,4
2026-05-11,000858,14:35:06,91.7300,70,1
2026-05-11,000858,14:35:09,91.7300,8,2
2026-05-11,000858,14:35:12,91.7400,34,1
2026-05-11,000858,14:35:15,91.7300,33,2
2026-05-11,000858,14:35:18,91.7300,137,2
2026-05-11,000858,14:35:21,91.7600,26,1
2026-05-11,000858,14:35:24,91.7500,57,2
2026-05-11,000858,14:35:27,91.7600,26,1
2026-05-11,000858,14:35:30,91.7500,36,2
2026-05-11,000858,14:35:33,91.7500,47,2
2026-05-11,000858,14:35:36,91.7500,9,2
2026-05-11,000858,14:35:39,91.7600,20,1
2026-05-11,000858,14:35:42,91.7600,83,1
2026-05-11,000858,14:35:45,91.7700,15,1
2026-05-11,000858,14:35:48,91.7700,65,1
2026-05-11,000858,14:35:51,91.7600,7,4
2026-05-11,000858,14:35:54,91.7700,152,1
2026-05-11,000858,14:35:57,91.7700,13,2
2026-05-11,000858,14:36:00,91.7700,33,2
2026-05-11,000858,14:36:03,91.7700,33,2
2026-05-11,000858,14:36:06,91.7700,13,1
2026-05-11,000858,14:36:09,91.7700,46,1
2026-05-11,000858,14:36:12,91.7700,202,2
2026-05-11,000858,14:36:15,91.7800,3,2
2026-05-11,000858,14:36:18,91.7800,51,2
2026-05-11,000858,14:36:21,91.7700,48,2
2026-05-11,000858,14:36:24,91.7800,38,4
2026-05-11,000858,14:36:27,91.7900,80,1
2026-05-11,000858,14:36:30,91.7800,10,1
2026-05-11,000858,14:36:33,91.7600,11,2
2026-05-11,000858,14:36:36,91.7800,6,1
2026-05-11,000858,14:36:39,91.7700,23,2
2026-05-11,000858,14:36:42,91.7800,40,1
2026-05-11,000858,14:36:45,91.7800,34,1
2026-05-11,000858,14:36:48,91.7800,7,1
2026-05-11,000858,14:36:51,91.8000,13,1
2026-05-11,000858,14:36:54,91.8000,27,1
2026-05-11,000858,14:36:57,91.8000,93,1
2026-05-11,000858,14:37:00,91.8000,12,1
2026-05-11,000858,14:37:03,91.7900,2,2
2026-05-11,000858,14:37:06,91.7900,44,2
2026-05-11,000858,14:37:09,91.7900,36,2
2026-05-11,000858,14:37:12,91.8000,56,1
2026-05-11,000858,14:37:15,91.8000,75,1
2026-05-11,000858,14:37:18,91.7900,13,2
2026-05-11,000858,14:37:21,91.7900,12,1
2026-05-11,000858,14:37:24,91.8000,61,1
2026-05-11,000858,14:37:27,91.7900,42,1
2026-05-11,000858,14:37:30,91.7900,4,1
2026-05-11,000858,14:37:33,91.7900,33,2
2026-05-11,000858,14:37:36,91.7900,14,1
2026-05-11,000858,14:37:39,91.7900,16,2
2026-05-11,000858,14:37:42,91.7900,14,2
2026-05-11,000858,14:37:45,91.7900,23,2
2026-05-11,000858,14:37:48,91.8000,27,1
2026-05-11,000858,14:37:51,91.7900,121,2
2026-05-11,000858,14:37:54,91.8000,66,1
2026-05-11,000858,14:37:57,91.7900,10,1
2026-05-11,000858,14:38:00,91.8000,147,1
2026-05-11,000858,14:38:03,91.8100,51,1
2026-05-11,000858,14:38:06,91.8100,12,1
2026-05-11,000858,14:38:09,91.8100,23,2
2026-05-11,000858,14:38:12,91.8000,65,2
2026-05-11,000858,14:38:15,91.8000,58,1
2026-05-11,000858,14:38:18,91.8000,18,1
2026-05-11,000858,14:38:21,91.8000,14,1
2026-05-11,000858,14:38:24,91.8000,157,1
2026-05-11,000858,14:38:27,91.7900,34,4
2026-05-11,000858,14:38:30,91.7900,13,1
2026-05-11,000858,14:38:33,91.7800,12,2
2026-05-11,000858,14:38:36,91.7800,16,2
2026-05-11,000858,14:38:39,91.7900,18,1
2026-05-11,000858,14:38:42,91.8000,93,1
2026-05-11,000858,14:38:45,91.7800,8,2
2026-05-11,000858,14:38:48,91.7900,9,4
2026-05-11,000858,14:38:51,91.7900,46,1
2026-05-11,000858,14:38:54,91.7800,96,2
2026-05-11,000858,14:38:57,91.7800,28,2
2026-05-11,000858,14:39:00,91.7800,8,2
2026-05-11,000858,14:39:03,91.7700,11,2
2026-05-11,000858,14:39:06,91.7800,34,1
2026-05-11,000858,14:39:09,91.7800,29,1
2026-05-11,000858,14:39:12,91.7800,14,1
2026-05-11,000858,14:39:15,91.7800,43,1
2026-05-11,000858,14:39:18,91.7700,15,4
2026-05-11,000858,14:39:21,91.7600,24,2
2026-05-11,000858,14:39:24,91.7800,108,1
2026-05-11,000858,14:39:27,91.7600,179,2
2026-05-11,000858,14:39:30,91.7600,36,1
2026-05-11,000858,14:39:33,91.7600,31,1
2026-05-11,000858,14:39:36,91.7600,120,1
2026-05-11,000858,14:39:39,91.7500,29,2
2026-05-11,000858,14:39:42,91.7500,51,2
2026-05-11,000858,14:39:45,91.7500,14,2
2026-05-11,000858,14:39:48,91.7600,42,1
2026-05-11,000858,14:39:51,91.7500,45,2
2026-05-11,000858,14:39:54,91.7500,28,2
2026-05-11,000858,14:39:57,91.7500,15,2
2026-05-11,000858,14:40:00,91.7500,70,2
2026-05-11,000858,14:40:03,91.7400,68,2
2026-05-11,000858,14:40:06,91.7300,85,2
2026-05-11,000858,14:40:09,91.7300,59,2
2026-05-11,000858,14:40:12,91.7300,16,2
2026-05-11,000858,14:40:15,91.7300,36,2
2026-05-11,000858,14:40:18,91.7200,11,2
2026-05-11,000858,14:40:21,91.7200,28,2
2026-05-11,000858,14:40:24,91.7300,92,1
2026-05-11,000858,14:40:27,91.7300,392,1
2026-05-11,000858,14:40:30,91.7200,20,2
2026-05-11,000858,14:40:33,91.7300,15,1
2026-05-11,000858,14:40:36,91.7200,26,2
2026-05-11,000858,14:40:39,91.7200,57,2
2026-05-11,000858,14:40:42,91.7200,28,2
2026-05-11,000858,14:40:45,91.7300,45,1
2026-05-11,000858,14:40:48,91.7300,59,2
2026-05-11,000858,14:40:51,91.7300,15,2
2026-05-11,000858,14:40:54,91.7300,56,2
2026-05-11,000858,14:40:57,91.7400,32,1
2026-05-11,000858,14:41:00,91.7400,20,1
2026-05-11,000858,14:41:03,91.7500,63,1
2026-05-11,000858,14:41:06,91.7400,34,2
2026-05-11,000858,14:41:09,91.7400,90,2
2026-05-11,000858,14:41:12,91.7500,154,1
2026-05-11,000858,14:41:15,91.7400,13,2
2026-05-11,000858,14:41:18,91.7400,38,2
2026-05-11,000858,14:41:21,91.7400,26,1
2026-05-11,000858,14:41:24,91.7400,2,1
2026-05-11,000858,14:41:27,91.7300,6,2
2026-05-11,000858,14:41:30,91.7400,43,1
2026-05-11,000858,14:41:33,91.7300,129,2
2026-05-11,000858,14:41:36,91.7200,125,2
2026-05-11,000858,14:41:39,91.7400,85,1
2026-05-11,000858,14:41:42,91.7300,23,4
2026-05-11,000858,14:41:45,91.7300,50,1
2026-05-11,000858,14:41:48,91.7100,21,2
2026-05-11,000858,14:41:51,91.7100,21,2
2026-05-11,000858,14:41:54,91.7100,12,2
2026-05-11,000858,14:41:57,91.7300,21,1
2026-05-11,000858,14:42:00,91.7300,41,1
2026-05-11,000858,14:42:03,91.7200,17,2
2026-05-11,000858,14:42:06,91.7100,35,2
2026-05-11,000858,14:42:09,91.7100,55,2
2026-05-11,000858,14:42:12,91.7100,18,2
2026-05-11,000858,14:42:15,91.7200,45,1
2026-05-11,000858,14:42:18,91.7400,41,1
2026-05-11,000858,14:42:21,91.7300,31,4
2026-05-11,000858,14:42:24,91.7400,80,1
2026-05-11,000858,14:42:27,91.7300,8,4
2026-05-11,000858,14:42:30,91.7300,53,2
2026-05-11,000858,14:42:33,91.7400,19,1
2026-05-11,000858,14:42:36,91.7300,94,2
2026-05-11,000858,14:42:39,91.7300,12,2
2026-05-11,000858,14:42:42,91.7300,18,2
2026-05-11,000858,14:42:45,91.7300,23,2
2026-05-11,000858,14:42:48,91.7200,23,2
2026-05-11,000858,14:42:51,91.7200,13,2
2026-05-11,000858,14:42:54,91.7300,36,1
2026-05-11,000858,14:42:57,91.7200,14,2
2026-05-11,000858,14:43:00,91.7000,662,2
2026-05-11,000858,14:43:03,91.7200,48,1
2026-05-11,000858,14:43:06,91.7000,12,2
2026-05-11,000858,14:43:09,91.7000,18,2
2026-05-11,000858,14:43:12,91.7000,13,2
2026-05-11,000858,14:43:15,91.7100,23,1
2026-05-11,000858,14:43:18,91.7100,34,1
2026-05-11,000858,14:43:21,91.7100,21,1
2026-05-11,000858,14:43:24,91.7100,75,1
2026-05-11,000858,14:43:27,91.7100,36,1
2026-05-11,000858,14:43:30,91.7100,82,1
2026-05-11,000858,14:43:33,91.7200,20,1
2026-05-11,000858,14:43:36,91.7200,4,1
2026-05-11,000858,14:43:39,91.7100,83,2
2026-05-11,000858,14:43:42,91.7100,18,1
2026-05-11,000858,14:43:45,91.7100,61,1
2026-05-11,000858,14:43:48,91.7100,6,1
2026-05-11,000858,14:43:51,91.7100,10,1
2026-05-11,000858,14:43:54,91.7000,91,2
2026-05-11,000858,14:43:57,91.7000,47,2
2026-05-11,000858,14:44:00,91.7100,79,1
2026-05-11,000858,14:44:03,91.7200,103,1
2026-05-11,000858,14:44:06,91.7100,18,2
2026-05-11,000858,14:44:09,91.7100,13,2
2026-05-11,000858,14:44:12,91.7100,62,2
2026-05-11,000858,14:44:15,91.7100,74,2
2026-05-11,000858,14:44:18,91.7100,16,2
2026-05-11,000858,14:44:21,91.7100,54,2
2026-05-11,000858,14:44:24,91.7100,210,2
2026-05-11,000858,14:44:27,91.7300,46,1
2026-05-11,000858,14:44:30,91.7200,20,4
2026-05-11,000858,14:44:33,91.7400,88,1
2026-05-11,000858,14:44:36,91.7200,10,2
2026-05-11,000858,14:44:39,91.7300,32,4
2026-05-11,000858,14:44:42,91.7400,81,1
2026-05-11,000858,14:44:45,91.7500,19,1
2026-05-11,000858,14:44:48,91.7500,32,1
2026-05-11,000858,14:44:51,91.7500,11,1
2026-05-11,000858,14:44:54,91.7500,11,1
2026-05-11,000858,14:44:57,91.7500,27,1
2026-05-11,000858,14:45:00,91.7500,67,1
2026-05-11,000858,14:45:03,91.7600,209,1
2026-05-11,000858,14:45:06,91.7700,13,4
2026-05-11,000858,14:45:09,91.7700,76,2
2026-05-11,000858,14:45:12,91.7700,27,2
2026-05-11,000858,14:45:15,91.7800,50,4
2026-05-11,000858,14:45:18,91.7900,47,1
2026-05-11,000858,14:45:21,91.7700,26,1
2026-05-11,000858,14:45:24,91.7700,10,1
2026-05-11,000858,14:45:27,91.7700,27,1
2026-05-11,000858,14:45:30,91.7700,11,2
2026-05-11,000858,14:45:33,91.7700,73,2
2026-05-11,000858,14:45:36,91.7700,36,1
2026-05-11,000858,14:45:39,91.7700,9,1
2026-05-11,000858,14:45:42,91.7700,45,1
2026-05-11,000858,14:45:45,91.7700,43,1
2026-05-11,000858,14:45:48,91.7600,21,2
2026-05-11,000858,14:45:51,91.7500,15,2
2026-05-11,000858,14:45:54,91.7600,12,2
2026-05-11,000858,14:45:57,91.8000,89,1
2026-05-11,000858,14:46:00,91.7700,12,2
2026-05-11,000858,14:46:03,91.7700,17,2
2026-05-11,000858,14:46:06,91.7800,27,1
2026-05-11,000858,14:46:09,91.7800,40,1
2026-05-11,000858,14:46:12,91.7700,40,4
2026-05-11,000858,14:46:15,91.7700,16,2
2026-05-11,000858,14:46:18,91.7800,11,1
2026-05-11,000858,14:46:21,91.7800,94,1
2026-05-11,000858,14:46:24,91.8000,64,1
2026-05-11,000858,14:46:27,91.7800,5,2
2026-05-11,000858,14:46:30,91.7800,2,2
2026-05-11,000858,14:46:33,91.7800,35,2
2026-05-11,000858,14:46:36,91.7800,51,2
2026-05-11,000858,14:46:39,91.7800,10,2
2026-05-11,000858,14:46:42,91.7800,22,2
2026-05-11,000858,14:46:45,91.7800,42,2
2026-05-11,000858,14:46:48,91.7800,135,2
2026-05-11,000858,14:46:51,91.7800,76,2
2026-05-11,000858,14:46:54,91.7900,72,4
2026-05-11,000858,14:46:57,91.8000,45,1
2026-05-11,000858,14:47:00,91.7900,34,2
2026-05-11,000858,14:47:03,91.8000,59,1
2026-05-11,000858,14:47:06,91.8000,64,1
2026-05-11,000858,14:47:09,91.8000,28,1
2026-05-11,000858,14:47:12,91.8000,27,1
2026-05-11,000858,14:47:15,91.7900,69,2
2026-05-11,000858,14:47:18,91.7900,37,4
2026-05-11,000858,14:47:21,91.7800,127,2
2026-05-11,000858,14:47:24,91.8000,34,1
2026-05-11,000858,14:47:27,91.7800,35,2
2026-05-11,000858,14:47:30,91.7800,61,2
2026-05-11,000858,14:47:33,91.7900,77,1
2026-05-11,000858,14:47:36,91.7800,40,2
2026-05-11,000858,14:47:39,91.7900,25,1
2026-05-11,000858,14:47:42,91.7900,25,1
2026-05-11,000858,14:47:45,91.7900,13,1
2026-05-11,000858,14:47:48,91.7900,12,1
2026-05-11,000858,14:47:51,91.7900,52,1
2026-05-11,000858,14:47:54,91.7800,18,4
2026-05-11,000858,14:47:57,91.7700,11,2
2026-05-11,000858,14:48:00,91.7800,38,1
2026-05-11,000858,14:48:03,91.7700,30,2
2026-05-11,000858,14:48:06,91.7700,55,2
2026-05-11,000858,14:48:09,91.7700,63,2
2026-05-11,000858,14:48:12,91.7700,17,2
2026-05-11,000858,14:48:15,91.7700,37,2
2026-05-11,000858,14:48:18,91.7700,15,1
2026-05-11,000858,14:48:21,91.7700,20,1
2026-05-11,000858,14:48:24,91.7600,34,2
2026-05-11,000858,14:48:27,91.7700,60,1
2026-05-11,000858,14:48:30,91.7700,17,1
2026-05-11,000858,14:48:33,91.7500,56,2
2026-05-11,000858,14:48:36,91.7500,35,2
2026-05-11,000858,14:48:39,91.7600,39,1
2026-05-11,000858,14:48:42,91.7500,32,2
2026-05-11,000858,14:48:45,91.7500,20,2
2026-05-11,000858,14:48:48,91.7300,106,2
2026-05-11,000858,14:48:51,91.7400,16,2
2026-05-11,000858,14:48:54,91.7300,4,2
2026-05-11,000858,14:48:57,91.7400,79,1
2026-05-11,000858,14:49:00,91.7600,15,1
2026-05-11,000858,14:49:03,91.7400,29,2
2026-05-11,000858,14:49:06,91.7500,21,1
2026-05-11,000858,14:49:09,91.7500,12,2
2026-05-11,000858,14:49:12,91.7500,54,4
2026-05-11,000858,14:49:15,91.7500,15,1
2026-05-11,000858,14:49:18,91.7500,29,4
2026-05-11,000858,14:49:21,91.7400,42,2
2026-05-11,000858,14:49:24,91.7500,31,1
2026-05-11,000858,14:49:27,91.7500,35,2
2026-05-11,000858,14:49:30,91.7500,8,2
2026-05-11,000858,14:49:33,91.7600,26,1
2026-05-11,000858,14:49:36,91.7800,238,1
2026-05-11,000858,14:49:39,91.7800,23,2
2026-05-11,000858,14:49:42,91.7800,43,2
2026-05-11,000858,14:49:45,91.7800,9,1
2026-05-11,000858,14:49:48,91.7700,1,2
2026-05-11,000858,14:49:51,91.7700,5,2
2026-05-11,000858,14:49:54,91.7700,49,2
2026-05-11,000858,14:49:57,91.7700,10,4
2026-05-11,000858,14:50:00,91.7700,14,1
2026-05-11,000858,14:50:03,91.7600,19,2
2026-05-11,000858,14:50:06,91.7700,16,1
2026-05-11,000858,14:50:09,91.7700,21,1
2026-05-11,000858,14:50:12,91.7500,12,2
2026-05-11,000858,14:50:15,91.7600,3,2
2026-05-11,000858,14:50:18,91.7600,11,2
2026-05-11,000858,14:50:21,91.7700,46,1
2026-05-11,000858,14:50:24,91.7600,44,2
2026-05-11,000858,14:50:27,91.7700,43,2
2026-05-11,000858,14:50:30,91.7600,20,2
2026-05-11,000858,14:50:33,91.7700,47,1
2026-05-11,000858,14:50:36,91.7700,28,1
2026-05-11,000858,14:50:39,91.7600,625,2
2026-05-11,000858,14:50:42,91.7400,17,2
2026-05-11,000858,14:50:45,91.7700,14,1
2026-05-11,000858,14:50:48,91.7600,20,2
2026-05-11,000858,14:50:51,91.7600,34,2
2026-05-11,000858,14:50:54,91.7700,83,1
2026-05-11,000858,14:50:57,91.7700,28,2
2026-05-11,000858,14:51:00,91.7700,38,2
2026-05-11,000858,14:51:03,91.7700,25,2
2026-05-11,000858,14:51:06,91.7700,43,2
2026-05-11,000858,14:51:09,91.8000,565,1
2026-05-11,000858,14:51:12,91.8000,98,2
2026-05-11,000858,14:51:15,91.8100,39,1
2026-05-11,000858,14:51:18,91.8100,115,1
2026-05-11,000858,14:51:21,91.8100,24,2
2026-05-11,000858,14:51:24,91.8100,63,2
2026-05-11,000858,14:51:27,91.8100,23,2
2026-05-11,000858,14:51:30,91.8200,14,1
2026-05-11,000858,14:51:33,91.8200,54,1
2026-05-11,000858,14:51:36,91.8200,9,1
2026-05-11,000858,14:51:39,91.8200,55,1
2026-05-11,000858,14:51:42,91.8100,151,2
2026-05-11,000858,14:51:45,91.8100,44,2
2026-05-11,000858,14:51:48,91.8200,53,1
2026-05-11,000858,14:51:51,91.8200,28,2
2026-05-11,000858,14:51:54,91.8300,22,1
2026-05-11,000858,14:51:57,91.8400,46,1
2026-05-11,000858,14:52:00,91.8200,51,2
2026-05-11,000858,14:52:03,91.8200,45,1
2026-05-11,000858,14:52:06,91.8000,395,2
2026-05-11,000858,14:52:09,91.8000,63,1
2026-05-11,000858,14:52:12,91.7900,20,2
2026-05-11,000858,14:52:15,91.8000,69,1
2026-05-11,000858,14:52:18,91.8000,43,1
2026-05-11,000858,14:52:21,91.7900,32,2
2026-05-11,000858,14:52:24,91.8000,24,1
2026-05-11,000858,14:52:27,91.8000,15,1
2026-05-11,000858,14:52:30,91.7800,29,2
2026-05-11,000858,14:52:33,91.8000,23,1
2026-05-11,000858,14:52:36,91.7900,48,2
2026-05-11,000858,14:52:39,91.7900,13,1
2026-05-11,000858,14:52:42,91.7900,22,1
2026-05-11,000858,14:52:45,91.7900,71,2
2026-05-11,000858,14:52:48,91.7900,34,1
2026-05-11,000858,14:52:51,91.7800,32,2
2026-05-11,000858,14:52:54,91.7800,67,2
2026-05-11,000858,14:52:57,91.7800,32,2
2026-05-11,000858,14:53:00,91.7800,10,1
2026-05-11,000858,14:53:03,91.7700,54,2
2026-05-11,000858,14:53:06,91.7800,87,1
2026-05-11,000858,14:53:09,91.7800,18,2
2026-05-11,000858,14:53:12,91.7700,64,2
2026-05-11,000858,14:53:15,91.7800,84,1
2026-05-11,000858,14:53:18,91.7800,37,2
2026-05-11,000858,14:53:21,91.7900,91,1
2026-05-11,000858,14:53:24,91.7800,12,2
2026-05-11,000858,14:53:27,91.7800,331,2
2026-05-11,000858,14:53:30,91.7800,53,1
2026-05-11,000858,14:53:33,91.8000,21,1
2026-05-11,000858,14:53:36,91.8100,17,1
2026-05-11,000858,14:53:39,91.8100,64,1
2026-05-11,000858,14:53:42,91.8100,69,1
2026-05-11,000858,14:53:45,91.8000,101,2
2026-05-11,000858,14:53:48,91.7900,92,2
2026-05-11,000858,14:53:51,91.7900,42,1
2026-05-11,000858,14:53:54,91.7800,82,2
2026-05-11,000858,14:53:57,91.7800,6,2
2026-05-11,000858,14:54:00,91.7900,11,1
2026-05-11,000858,14:54:03,91.7800,137,2
2026-05-11,000858,14:54:06,91.7900,40,1
2026-05-11,000858,14:54:09,91.7800,50,2
2026-05-11,000858,14:54:12,91.8000,41,1
2026-05-11,000858,14:54:15,91.7900,7,2
2026-05-11,000858,14:54:18,91.8000,152,1
2026-05-11,000858,14:54:21,91.8000,38,1
2026-05-11,000858,14:54:24,91.8100,47,1
2026-05-11,000858,14:54:27,91.8100,33,1
2026-05-11,000858,14:54:30,91.8100,44,1
2026-05-11,000858,14:54:33,91.7900,30,2
2026-05-11,000858,14:54:36,91.8100,123,1
2026-05-11,000858,14:54:39,91.8000,55,4
2026-05-11,000858,14:54:42,91.8000,14,1
2026-05-11,000858,14:54:45,91.8000,99,2
2026-05-11,000858,14:54:48,91.8000,70,4
2026-05-11,000858,14:54:51,91.8000,30,4
2026-05-11,000858,14:54:54,91.8100,254,1
2026-05-11,000858,14:54:57,91.8100,249,1
2026-05-11,000858,14:55:00,91.8000,198,2
2026-05-11,000858,14:55:03,91.8100,159,1
2026-05-11,000858,14:55:06,91.8200,91,1
2026-05-11,000858,14:55:09,91.8000,32,2
2026-05-11,000858,14:55:12,91.8100,125,1
2026-05-11,000858,14:55:15,91.8100,38,1
2026-05-11,000858,14:55:18,91.8100,33,1
2026-05-11,000858,14:55:21,91.8100,151,2
2026-05-11,000858,14:55:24,91.8000,77,2
2026-05-11,000858,14:55:27,91.8400,295,1
2026-05-11,000858,14:55:30,91.8100,64,2
2026-05-11,000858,14:55:33,91.8100,31,2
2026-05-11,000858,14:55:36,91.8400,22,1
2026-05-11,000858,14:55:39,91.8200,21,2
2026-05-11,000858,14:55:42,91.8300,66,1
2026-05-11,000858,14:55:45,91.8300,43,1
2026-05-11,000858,14:55:48,91.8100,125,2
2026-05-11,000858,14:55:51,91.8200,41,4
2026-05-11,000858,14:55:54,91.8400,157,1
2026-05-11,000858,14:55:57,91.8300,33,1
2026-05-11,000858,14:56:00,91.8200,26,2
2026-05-11,000858,14:56:03,91.8300,66,1
2026-05-11,000858,14:56:06,91.8300,111,2
2026-05-11,000858,14:56:09,91.8200,72,2
2026-05-11,000858,14:56:12,91.8300,37,1
2026-05-11,000858,14:56:15,91.8300,21,1
2026-05-11,000858,14:56:18,91.8200,59,2
2026-05-11,000858,14:56:21,91.8300,42,1
2026-05-11,000858,14:56:24,91.8300,76,1
2026-05-11,000858,14:56:27,91.8300,105,1
2026-05-11,000858,14:56:30,91.8300,76,2
2026-05-11,000858,14:56:33,91.8300,50,2
2026-05-11,000858,14:56:36,91.8300,97,2
2026-05-11,000858,14:56:39,91.8300,207,2
2026-05-11,000858,14:56:42,91.8300,51,1
2026-05-11,000858,14:56:45,91.8300,15,1
2026-05-11,000858,14:56:48,91.8300,63,1
2026-05-11,000858,14:56:51,91.8300,31,1
2026-05-11,000858,14:56:54,91.8100,40,2
2026-05-11,000858,14:56:57,91.8100,23,2
2026-05-11,000858,14:57:00,91.8100,30,2
2026-05-11,000858,15:00:03,91.8100,2850,4
2026-05-11,000858,13:16:39,91.4900,13,4
2026-05-11,000858,13:16:42,91.4800,62,2
2026-05-11,000858,13:16:45,91.4800,24,1
2026-05-11,000858,13:16:48,91.4700,50,2
2026-05-11,000858,13:16:51,91.4800,15,1
2026-05-11,000858,13:16:54,91.4800,51,1
2026-05-11,000858,13:16:57,91.4700,11,2
2026-05-11,000858,13:17:00,91.4700,23,2
2026-05-11,000858,13:17:03,91.4700,8,2
2026-05-11,000858,13:17:06,91.4700,11,2
2026-05-11,000858,13:17:09,91.4700,39,2
2026-05-11,000858,13:17:12,91.4800,65,1
2026-05-11,000858,13:17:15,91.4700,66,2
2026-05-11,000858,13:17:18,91.4800,14,1
2026-05-11,000858,13:17:21,91.4700,9,2
2026-05-11,000858,13:17:24,91.4800,94,1
2026-05-11,000858,13:17:27,91.4600,11,2
2026-05-11,000858,13:17:30,91.4800,6,1
2026-05-11,000858,13:17:33,91.4800,24,1
2026-05-11,000858,13:17:36,91.4800,17,1
2026-05-11,000858,13:17:39,91.4800,51,1
2026-05-11,000858,13:17:42,91.4700,82,2
2026-05-11,000858,13:17:45,91.4800,16,1
2026-05-11,000858,13:17:48,91.4800,18,1
2026-05-11,000858,13:17:51,91.4700,18,2
2026-05-11,000858,13:17:54,91.4700,10,2
2026-05-11,000858,13:17:57,91.4700,34,2
2026-05-11,000858,13:18:03,91.4800,18,1
2026-05-11,000858,13:18:06,91.4700,13,2
2026-05-11,000858,13:18:09,91.4800,19,1
2026-05-11,000858,13:18:12,91.4700,25,2
2026-05-11,000858,13:18:15,91.4700,3,1
2026-05-11,000858,13:18:18,91.4600,8,2
2026-05-11,000858,13:18:21,91.4600,13,2
2026-05-11,000858,13:18:24,91.4700,52,1
2026-05-11,000858,13:18:27,91.4700,67,1
2026-05-11,000858,13:18:30,91.4600,15,2
2026-05-11,000858,13:18:33,91.4700,55,1
2026-05-11,000858,13:18:36,91.4700,25,2
2026-05-11,000858,13:18:39,91.4700,28,2
2026-05-11,000858,13:18:42,91.4700,92,2
2026-05-11,000858,13:18:45,91.4700,21,1
2026-05-11,000858,13:18:48,91.4700,26,1
2026-05-11,000858,13:18:51,91.4700,3,1
2026-05-11,000858,13:18:54,91.4700,39,1
2026-05-11,000858,13:18:57,91.4700,26,1
2026-05-11,000858,13:19:00,91.4700,7,2
2026-05-11,000858,13:19:03,91.4800,56,1
2026-05-11,000858,13:19:06,91.4700,44,2
2026-05-11,000858,13:19:09,91.4700,14,2
2026-05-11,000858,13:19:12,91.4800,8,1
2026-05-11,000858,13:19:15,91.4600,355,2
2026-05-11,000858,13:19:18,91.4600,68,1
2026-05-11,000858,13:19:21,91.4600,23,1
2026-05-11,000858,13:19:24,91.4500,12,2
2026-05-11,000858,13:19:27,91.4500,29,2
2026-05-11,000858,13:19:30,91.4500,17,2
2026-05-11,000858,13:19:33,91.4500,28,2
2026-05-11,000858,13:19:36,91.4500,15,2
2026-05-11,000858,13:19:39,91.4600,10,1
2026-05-11,000858,13:19:42,91.4600,64,1
2026-05-11,000858,13:19:45,91.4500,127,2
2026-05-11,000858,13:19:48,91.4500,27,2
2026-05-11,000858,13:19:51,91.4500,22,2
2026-05-11,000858,13:19:54,91.4600,17,1
2026-05-11,000858,13:19:57,91.4500,12,2
2026-05-11,000858,13:20:00,91.4600,52,1
2026-05-11,000858,13:20:03,91.4500,108,2
2026-05-11,000858,13:20:06,91.4600,167,1
2026-05-11,000858,13:20:09,91.4500,21,2
2026-05-11,000858,13:20:12,91.4600,23,4
2026-05-11,000858,13:20:15,91.4600,32,2
2026-05-11,000858,13:20:18,91.4500,14,2
2026-05-11,000858,13:20:21,91.4500,18,2
2026-05-11,000858,13:20:24,91.4500,90,2
2026-05-11,000858,13:20:27,91.4500,20,2
2026-05-11,000858,13:20:30,91.4500,25,1
2026-05-11,000858,13:20:33,91.4500,16,2
2026-05-11,000858,13:20:36,91.4600,28,1
2026-05-11,000858,13:20:39,91.4600,8,2
2026-05-11,000858,13:20:42,91.4700,35,1
2026-05-11,000858,13:20:45,91.4600,15,2
2026-05-11,000858,13:20:48,91.4700,77,1
2026-05-11,000858,13:20:51,91.4600,15,2
2026-05-11,000858,13:20:54,91.4600,40,2
2026-05-11,000858,13:20:57,91.4700,14,1
2026-05-11,000858,13:21:00,91.4600,46,2
2026-05-11,000858,13:21:03,91.4600,26,1
2026-05-11,000858,13:21:06,91.4500,28,2
2026-05-11,000858,13:21:09,91.4600,23,1
2026-05-11,000858,13:21:12,91.4600,26,2
2026-05-11,000858,13:21:15,91.4600,4,4
2026-05-11,000858,13:21:18,91.4500,70,2
2026-05-11,000858,13:21:21,91.4500,24,1
2026-05-11,000858,13:21:24,91.4500,3,1
2026-05-11,000858,13:21:27,91.4400,61,2
2026-05-11,000858,13:21:30,91.4500,57,1
2026-05-11,000858,13:21:33,91.4600,53,1
2026-05-11,000858,13:21:36,91.4500,44,2
2026-05-11,000858,13:21:39,91.4500,57,2
2026-05-11,000858,13:21:42,91.4500,13,2
2026-05-11,000858,13:21:45,91.4400,70,2
2026-05-11,000858,13:21:48,91.4400,31,2
2026-05-11,000858,13:21:51,91.4500,40,1
2026-05-11,000858,13:21:54,91.4400,42,2
2026-05-11,000858,13:21:57,91.4500,40,1
2026-05-11,000858,13:22:00,91.4500,19,4
2026-05-11,000858,13:22:03,91.4400,43,2
2026-05-11,000858,13:22:06,91.4500,20,2
2026-05-11,000858,13:22:09,91.4500,19,2
2026-05-11,000858,13:22:12,91.4600,29,1
2026-05-11,000858,13:22:15,91.4500,12,2
2026-05-11,000858,13:22:18,91.4500,12,1
2026-05-11,000858,13:22:21,91.4400,31,2
2026-05-11,000858,13:22:24,91.4400,36,2
2026-05-11,000858,13:22:27,91.4500,38,1
2026-05-11,000858,13:22:30,91.4400,24,2
2026-05-11,000858,13:22:33,91.4500,9,2
2026-05-11,000858,13:22:36,91.4500,5,2
2026-05-11,000858,13:22:39,91.4500,18,2
2026-05-11,000858,13:22:42,91.4500,165,2
2026-05-11,000858,13:22:45,91.4500,51,2
2026-05-11,000858,13:22:48,91.4600,3,4
2026-05-11,000858,13:22:51,91.4600,17,2
2026-05-11,000858,13:22:54,91.4600,18,2
2026-05-11,000858,13:22:57,91.4600,13,2
2026-05-11,000858,13:23:00,91.4500,17,2
2026-05-11,000858,13:23:03,91.4500,28,2
2026-05-11,000858,13:23:06,91.4600,26,1
2026-05-11,000858,13:23:09,91.4600,49,1
2026-05-11,000858,13:23:12,91.4500,20,2
2026-05-11,000858,13:23:15,91.4500,7,1
2026-05-11,000858,13:23:18,91.4500,16,2
2026-05-11,000858,13:23:21,91.4500,25,4
2026-05-11,000858,13:23:24,91.4500,60,1
2026-05-11,000858,13:23:27,91.4500,53,1
2026-05-11,000858,13:23:30,91.4500,149,1
2026-05-11,000858,13:23:33,91.4600,29,1
2026-05-11,000858,13:23:36,91.4500,141,2
2026-05-11,000858,13:23:39,91.4400,43,2
2026-05-11,000858,13:23:42,91.4400,6,1
2026-05-11,000858,13:23:45,91.4300,37,2
2026-05-11,000858,13:23:48,91.4400,25,1
2026-05-11,000858,13:23:51,91.4300,9,2
2026-05-11,000858,13:23:54,91.4400,13,4
2026-05-11,000858,13:23:57,91.4400,24,1
2026-05-11,000858,13:24:00,91.4400,19,2
2026-05-11,000858,13:24:03,91.4500,34,1
2026-05-11,000858,13:24:06,91.4400,47,2
2026-05-11,000858,13:24:09,91.4400,21,1
2026-05-11,000858,13:24:12,91.4400,21,1
2026-05-11,000858,13:24:15,91.4300,34,2
2026-05-11,000858,13:24:18,91.4400,17,2
2026-05-11,000858,13:24:21,91.4300,20,2
2026-05-11,000858,13:24:24,91.4300,75,2
2026-05-11,000858,13:24:27,91.4400,39,1
2026-05-11,000858,13:24:30,91.4300,13,2
2026-05-11,000858,13:24:33,91.4400,29,1
2026-05-11,000858,13:24:36,91.4300,14,2
2026-05-11,000858,13:24:39,91.4300,14,2
2026-05-11,000858,13:24:42,91.4300,15,2
2026-05-11,000858,13:24:45,91.4300,17,2
2026-05-11,000858,13:24:48,91.4400,21,1
2026-05-11,000858,13:24:51,91.4300,9,2
2026-05-11,000858,13:24:54,91.4400,105,1
2026-05-11,000858,13:24:57,91.4300,11,2
2026-05-11,000858,13:25:00,91.4500,18,1
2026-05-11,000858,13:25:03,91.4400,32,1
2026-05-11,000858,13:25:06,91.4400,20,1
2026-05-11,000858,13:25:09,91.4400,24,1
2026-05-11,000858,13:25:12,91.4500,62,1
2026-05-11,000858,13:25:15,91.4400,67,2
2026-05-11,000858,13:25:18,91.4400,31,1
2026-05-11,000858,13:25:21,91.4400,29,1
2026-05-11,000858,13:25:24,91.4300,62,2
2026-05-11,000858,13:25:27,91.4300,31,2
2026-05-11,000858,13:25:30,91.4400,14,1
2026-05-11,000858,13:25:33,91.4300,12,2
2026-05-11,000858,13:25:36,91.4400,56,1
2026-05-11,000858,13:25:39,91.4400,56,1
2026-05-11,000858,13:25:42,91.4300,14,2
2026-05-11,000858,13:25:45,91.4400,23,1
2026-05-11,000858,13:25:48,91.4300,32,2
2026-05-11,000858,13:25:51,91.4300,17,2
2026-05-11,000858,13:25:54,91.4400,82,1
2026-05-11,000858,13:25:57,91.4400,30,2
2026-05-11,000858,13:26:00,91.4400,23,2
2026-05-11,000858,13:26:03,91.4400,77,1
2026-05-11,000858,13:26:06,91.4300,13,2
2026-05-11,000858,13:26:09,91.4400,178,1
2026-05-11,000858,13:26:12,91.4300,42,2
2026-05-11,000858,13:26:15,91.4300,56,2
2026-05-11,000858,13:26:18,91.4300,14,2
2026-05-11,000858,13:26:21,91.4300,25,2
2026-05-11,000858,13:26:24,91.4300,93,2
2026-05-11,000858,13:26:27,91.4300,11,2
2026-05-11,000858,13:26:30,91.4300,20,2
2026-05-11,000858,13:26:33,91.4300,15,2
2026-05-11,000858,13:26:36,91.4400,5,1
2026-05-11,000858,13:26:39,91.4300,12,2
2026-05-11,000858,13:26:42,91.4300,11,2
2026-05-11,000858,13:26:45,91.4300,19,2
2026-05-11,000858,13:26:48,91.4400,54,1
2026-05-11,000858,13:26:51,91.4300,67,2
2026-05-11,000858,13:26:54,91.4400,44,1
2026-05-11,000858,13:26:57,91.4300,59,2
2026-05-11,000858,13:27:00,91.4400,32,1
2026-05-11,000858,13:27:03,91.4400,28,1
2026-05-11,000858,13:27:06,91.4300,50,2
2026-05-11,000858,13:27:09,91.4300,16,1
2026-05-11,000858,13:27:12,91.4300,77,1
2026-05-11,000858,13:27:15,91.4300,16,1
2026-05-11,000858,13:27:18,91.4300,30,1
2026-05-11,000858,13:27:21,91.4200,71,2
2026-05-11,000858,13:27:24,91.4300,38,1
2026-05-11,000858,13:27:27,91.4300,1,1
2026-05-11,000858,13:27:30,91.4200,66,2
2026-05-11,000858,13:27:33,91.4200,52,2
2026-05-11,000858,13:27:36,91.4200,27,2
2026-05-11,000858,13:27:39,91.4200,31,2
2026-05-11,000858,13:27:42,91.4300,37,1
2026-05-11,000858,13:27:45,91.4300,24,1
2026-05-11,000858,13:27:48,91.4200,225,2
2026-05-11,000858,13:27:51,91.4200,48,1
2026-05-11,000858,13:27:54,91.4100,13,2
2026-05-11,000858,13:27:57,91.4100,8,2
2026-05-11,000858,13:28:00,91.4200,50,1
2026-05-11,000858,13:28:03,91.4100,43,2
2026-05-11,000858,13:28:06,91.4200,28,1
2026-05-11,000858,13:28:09,91.4200,116,1
2026-05-11,000858,13:28:12,91.4400,79,1
2026-05-11,000858,13:28:15,91.4200,31,2
2026-05-11,000858,13:28:18,91.4300,46,1
2026-05-11,000858,13:28:21,91.4300,87,1
2026-05-11,000858,13:28:24,91.4300,61,2
2026-05-11,000858,13:28:27,91.4400,18,1
2026-05-11,000858,13:28:30,91.4300,25,2
2026-05-11,000858,13:28:33,91.4300,12,1
2026-05-11,000858,13:28:36,91.4200,14,2
2026-05-11,000858,13:28:39,91.4200,6,2
2026-05-11,000858,13:28:42,91.4300,29,1
2026-05-11,000858,13:28:45,91.4200,70,2
2026-05-11,000858,13:28:48,91.4300,45,1
2026-05-11,000858,13:28:51,91.4300,35,1
2026-05-11,000858,13:28:54,91.4300,25,1
2026-05-11,000858,13:28:57,91.4300,68,4
2026-05-11,000858,13:29:00,91.4300,12,1
2026-05-11,000858,13:29:03,91.4300,26,1
2026-05-11,000858,13:29:06,91.4200,24,2
2026-05-11,000858,13:29:09,91.4400,66,1
2026-05-11,000858,13:29:12,91.4400,15,1
2026-05-11,000858,13:29:15,91.4600,414,1
2026-05-11,000858,13:29:18,91.4600,69,1
2026-05-11,000858,13:29:21,91.4600,25,4
2026-05-11,000858,13:29:24,91.4500,58,1
2026-05-11,000858,13:29:27,91.4500,7,2
2026-05-11,000858,13:29:30,91.4600,11,2
2026-05-11,000858,13:29:33,91.4800,71,1
2026-05-11,000858,13:29:36,91.4700,6,2
2026-05-11,000858,13:29:39,91.4800,41,1
2026-05-11,000858,13:29:42,91.4600,65,2
2026-05-11,000858,13:29:45,91.4700,18,1
2026-05-11,000858,13:29:48,91.4700,41,1
2026-05-11,000858,13:29:51,91.4700,25,1
2026-05-11,000858,13:29:54,91.4700,22,2
2026-05-11,000858,13:29:57,91.4800,16,1
2026-05-11,000858,13:30:00,91.4800,28,1
2026-05-11,000858,13:30:03,91.4700,43,2
2026-05-11,000858,13:30:06,91.4700,35,2
2026-05-11,000858,13:30:09,91.4700,11,1
2026-05-11,000858,13:30:12,91.4700,58,1
2026-05-11,000858,13:30:15,91.4800,65,1
2026-05-11,000858,13:30:18,91.4800,12,1
2026-05-11,000858,13:30:21,91.4700,192,2
2026-05-11,000858,13:30:24,91.4700,17,2
2026-05-11,000858,13:30:27,91.4800,3,4
2026-05-11,000858,13:30:30,91.4700,8,2
2026-05-11,000858,13:30:33,91.4800,12,4
2026-05-11,000858,13:30:36,91.4700,16,2
2026-05-11,000858,13:30:39,91.4800,9,1
2026-05-11,000858,13:30:42,91.4800,12,1
2026-05-11,000858,13:30:45,91.4700,23,2
2026-05-11,000858,13:30:48,91.4700,5,2
2026-05-11,000858,13:30:51,91.4800,35,1
2026-05-11,000858,13:30:54,91.4900,5,1
2026-05-11,000858,13:30:57,91.4900,40,1
2026-05-11,000858,13:31:00,91.5000,25,1
2026-05-11,000858,13:31:03,91.4900,15,2
2026-05-11,000858,13:31:06,91.4900,13,2
2026-05-11,000858,13:31:09,91.5100,370,1
2026-05-11,000858,13:31:12,91.5000,47,2
2026-05-11,000858,13:31:15,91.5100,66,1
2026-05-11,000858,13:31:18,91.5100,2,2
2026-05-11,000858,13:31:21,91.5100,5,2
2026-05-11,000858,13:31:24,91.5300,37,1
2026-05-11,000858,13:31:27,91.5300,13,2
2026-05-11,000858,13:31:30,91.5400,27,1
2026-05-11,000858,13:31:33,91.5500,50,1
2026-05-11,000858,13:31:36,91.5400,38,2
2026-05-11,000858,13:31:39,91.5500,77,1
2026-05-11,000858,13:31:42,91.5500,19,1
2026-05-11,000858,13:31:45,91.5400,38,2
2026-05-11,000858,13:31:48,91.5500,24,1
2026-05-11,000858,13:31:51,91.5400,38,2
2026-05-11,000858,13:31:54,91.5500,17,1
2026-05-11,000858,13:31:57,91.5500,128,1
2026-05-11,000858,13:32:00,91.5500,21,2
2026-05-11,000858,13:32:03,91.5600,30,1
2026-05-11,000858,13:32:06,91.5600,6,2
2026-05-11,000858,13:32:09,91.5700,38,1
2026-05-11,000858,13:32:12,91.5700,15,1
2026-05-11,000858,13:32:15,91.5700,76,1
2026-05-11,000858,13:32:18,91.5700,18,2
2026-05-11,000858,13:32:21,91.5700,9,2
2026-05-11,000858,13:32:24,91.5700,37,2
2026-05-11,000858,13:32:27,91.5700,20,2
2026-05-11,000858,13:32:30,91.5700,29,2
2026-05-11,000858,13:32:33,91.5700,46,2
2026-05-11,000858,13:32:36,91.5600,121,2
2026-05-11,000858,13:32:39,91.5400,104,2
2026-05-11,000858,13:32:42,91.5300,61,2
2026-05-11,000858,13:32:45,91.5100,52,2
2026-05-11,000858,13:32:48,91.5300,10,1
2026-05-11,000858,13:32:51,91.5300,10,2
2026-05-11,000858,13:32:54,91.5300,3,2
2026-05-11,000858,13:32:57,91.5300,18,2
2026-05-11,000858,13:33:00,91.5100,3,2
2026-05-11,000858,13:33:03,91.5200,6,2
2026-05-11,000858,13:33:06,91.5200,22,1
2026-05-11,000858,13:33:09,91.5200,72,4
2026-05-11,000858,13:33:12,91.5200,45,2
2026-05-11,000858,13:33:15,91.5200,65,2
2026-05-11,000858,13:33:18,91.5100,10,2
2026-05-11,000858,13:33:21,91.5200,4,1
2026-05-11,000858,13:33:24,91.5200,58,1
2026-05-11,000858,13:33:27,91.5100,11,2
2026-05-11,000858,13:33:30,91.5100,17,2
2026-05-11,000858,13:33:33,91.5200,17,1
2026-05-11,000858,13:33:36,91.5100,18,2
2026-05-11,000858,13:33:39,91.5100,17,2
2026-05-11,000858,13:33:42,91.5200,17,1
2026-05-11,000858,13:33:45,91.5200,50,2
2026-05-11,000858,13:33:48,91.5100,19,2
2026-05-11,000858,13:33:51,91.5100,31,2
2026-05-11,000858,13:33:54,91.5200,7,1
2026-05-11,000858,13:33:57,91.5200,16,1
2026-05-11,000858,13:34:00,91.5100,21,2
2026-05-11,000858,13:34:03,91.5100,12,2
2026-05-11,000858,13:34:06,91.5100,28,2
2026-05-11,000858,13:34:09,91.5100,49,2
2026-05-11,000858,13:34:12,91.5200,29,1
2026-05-11,000858,13:34:15,91.5200,63,1
2026-05-11,000858,13:34:18,91.5100,14,2
2026-05-11,000858,13:34:21,91.5100,76,1
2026-05-11,000858,13:34:24,91.5100,62,2
2026-05-11,000858,13:34:27,91.5100,7,4
2026-05-11,000858,13:34:30,91.5100,108,4
2026-05-11,000858,13:34:33,91.5500,19,1
2026-05-11,000858,13:34:36,91.5100,22,2
2026-05-11,000858,13:34:39,91.5500,200,2
2026-05-11,000858,13:34:42,91.5500,118,2
2026-05-11,000858,13:34:45,91.5900,53,1
2026-05-11,000858,13:34:48,91.6000,10,1
2026-05-11,000858,13:34:51,91.6000,61,1
2026-05-11,000858,13:34:54,91.6100,463,1
2026-05-11,000858,13:34:57,91.6100,7,2
2026-05-11,000858,13:35:00,91.6500,12,1
2026-05-11,000858,13:35:03,91.6500,69,1
2026-05-11,000858,13:35:06,91.6500,7,1
2026-05-11,000858,13:35:09,91.6200,4,2
2026-05-11,000858,13:35:12,91.6500,31,1
2026-05-11,000858,13:35:15,91.6200,67,2
2026-05-11,000858,13:35:18,91.6300,12,1
2026-05-11,000858,13:35:21,91.6500,13,1
2026-05-11,000858,13:35:24,91.6200,8,2
2026-05-11,000858,13:35:27,91.6500,28,1
2026-05-11,000858,13:35:30,91.6400,18,4
2026-05-11,000858,13:35:33,91.6400,34,1
2026-05-11,000858,13:35:36,91.6400,2,1
2026-05-11,000858,13:35:39,91.6400,22,2
2026-05-11,000858,13:35:42,91.6500,46,1
2026-05-11,000858,13:35:45,91.6600,26,1
2026-05-11,000858,13:35:48,91.6600,42,1
2026-05-11,000858,13:35:51,91.6600,15,1
2026-05-11,000858,13:35:54,91.6600,56,1
2026-05-11,000858,13:35:57,91.6400,37,2
2026-05-11,000858,13:36:00,91.6800,260,1
2026-05-11,000858,13:36:03,91.6600,5,2
2026-05-11,000858,13:36:06,91.6900,85,1
2026-05-11,000858,13:36:09,91.7200,294,1
2026-05-11,000858,13:36:12,91.7400,41,1
2026-05-11,000858,13:36:15,91.7400,126,1
2026-05-11,000858,13:36:18,91.7700,82,1
2026-05-11,000858,13:36:21,91.7400,64,2
2026-05-11,000858,13:36:24,91.7800,12,1
2026-05-11,000858,13:36:27,91.7700,34,4
2026-05-11,000858,13:36:30,91.7700,32,1
2026-05-11,000858,13:36:33,91.7700,61,1
2026-05-11,000858,13:36:36,91.7700,56,1
2026-05-11,000858,13:36:39,91.7700,42,1
2026-05-11,000858,13:36:42,91.7800,31,1
2026-05-11,000858,13:36:45,91.7800,17,1
2026-05-11,000858,13:36:48,91.7800,39,1
2026-05-11,000858,13:36:51,91.7800,16,2
2026-05-11,000858,13:36:54,91.7800,265,2
2026-05-11,000858,13:36:57,91.7800,143,1
2026-05-11,000858,13:37:00,91.7800,98,1
2026-05-11,000858,13:37:03,91.7400,104,2
2026-05-11,000858,13:37:06,91.7700,45,1
2026-05-11,000858,13:37:09,91.7300,20,2
2026-05-11,000858,13:37:12,91.7200,14,2
2026-05-11,000858,13:37:15,91.7300,78,2
2026-05-11,000858,13:37:18,91.7300,35,2
2026-05-11,000858,13:37:21,91.7300,13,2
2026-05-11,000858,13:37:24,91.7700,41,1
2026-05-11,000858,13:37:27,91.7600,17,1
2026-05-11,000858,13:37:30,91.7600,17,1
2026-05-11,000858,13:37:33,91.7600,7,1
2026-05-11,000858,13:37:36,91.7500,22,1
2026-05-11,000858,13:37:39,91.7200,47,2
2026-05-11,000858,13:37:42,91.7000,16,2
2026-05-11,000858,13:37:45,91.7200,25,1
2026-05-11,000858,13:37:48,91.7000,34,2
2026-05-11,000858,13:37:51,91.7000,16,2
2026-05-11,000858,13:37:54,91.6900,15,2
2026-05-11,000858,13:37:57,91.6900,54,2
2026-05-11,000858,13:38:00,91.6900,5,1
2026-05-11,000858,13:38:03,91.6500,11,2
2026-05-11,000858,13:38:06,91.6800,15,1
2026-05-11,000858,13:38:09,91.6800,3,2
2026-05-11,000858,13:38:12,91.6700,14,2
2026-05-11,000858,13:38:15,91.6700,59,2
2026-05-11,000858,13:38:18,91.6700,16,4
2026-05-11,000858,13:38:21,91.6600,19,2
2026-05-11,000858,13:38:24,91.6600,19,2
2026-05-11,000858,13:38:27,91.6600,19,1
2026-05-11,000858,13:38:30,91.6600,43,1
2026-05-11,000858,13:38:33,91.6500,32,2
2026-05-11,000858,13:38:36,91.6500,9,2
2026-05-11,000858,13:38:39,91.6500,9,2
2026-05-11,000858,13:38:42,91.6500,25,2
2026-05-11,000858,13:38:45,91.6500,4,2
2026-05-11,000858,13:38:48,91.6500,32,1
2026-05-11,000858,13:38:51,91.6300,4,2
2026-05-11,000858,13:38:54,91.6500,8,1
2026-05-11,000858,13:38:57,91.6300,16,2
2026-05-11,000858,13:39:00,91.6200,41,2
2026-05-11,000858,13:39:03,91.6400,8,2
2026-05-11,000858,13:39:06,91.6400,7,2
2026-05-11,000858,13:39:09,91.6600,4,1
2026-05-11,000858,13:39:12,91.6600,23,1
2026-05-11,000858,13:39:15,91.6400,65,2
2026-05-11,000858,13:39:18,91.7000,12,1
2026-05-11,000858,13:39:21,91.6600,35,2
2026-05-11,000858,13:39:24,91.6800,12,4
2026-05-11,000858,13:39:27,91.6700,4,4
2026-05-11,000858,13:39:30,91.6700,11,2
2026-05-11,000858,13:39:33,91.6900,1,1
2026-05-11,000858,13:39:36,91.6900,4,1
2026-05-11,000858,13:39:39,91.6700,13,2
2026-05-11,000858,13:39:42,91.6800,34,1
2026-05-11,000858,13:39:45,91.6800,10,2
2026-05-11,000858,13:39:48,91.6700,82,2
2026-05-11,000858,13:39:51,91.6800,20,1
2026-05-11,000858,13:39:54,91.6800,8,1
2026-05-11,000858,13:39:57,91.6600,20,2
2026-05-11,000858,13:40:00,91.6800,12,1
2026-05-11,000858,13:40:03,91.6700,61,2
2026-05-11,000858,13:40:06,91.6700,22,1
2026-05-11,000858,13:40:09,91.6700,20,1
2026-05-11,000858,13:40:12,91.6600,10,2
2026-05-11,000858,13:40:15,91.6700,72,1
2026-05-11,000858,13:40:21,91.6800,14,1
2026-05-11,000858,13:40:24,91.6700,10,2
2026-05-11,000858,13:40:27,91.6600,50,2
2026-05-11,000858,13:40:30,91.6800,20,1
2026-05-11,000858,13:40:33,91.6800,5,2
2026-05-11,000858,13:40:36,91.6800,44,2
2026-05-11,000858,13:40:39,91.6900,13,1
2026-05-11,000858,13:40:42,91.6600,10,2
2026-05-11,000858,13:40:45,91.6700,26,1
2026-05-11,000858,13:40:48,91.6800,23,1
2026-05-11,000858,13:40:51,91.6800,21,2
2026-05-11,000858,13:40:54,91.6800,10,2
2026-05-11,000858,13:40:57,91.6800,6,2
2026-05-11,000858,13:41:00,91.6800,15,2
2026-05-11,000858,13:41:03,91.6800,27,2
2026-05-11,000858,13:41:06,91.6700,1,2
2026-05-11,000858,13:41:09,91.6700,12,2
2026-05-11,000858,13:41:12,91.6700,6,2
2026-05-11,000858,13:41:15,91.6800,44,1
2026-05-11,000858,13:41:18,91.6800,1,1
2026-05-11,000858,13:41:21,91.6900,10,1
2026-05-11,000858,13:41:24,91.6800,61,2
2026-05-11,000858,13:41:27,91.6800,37,2
2026-05-11,000858,13:41:30,91.6800,3,2
2026-05-11,000858,13:41:33,91.6800,24,2
2026-05-11,000858,13:41:36,91.7100,4,1
2026-05-11,000858,13:41:39,91.7000,1,4
2026-05-11,000858,13:41:42,91.6900,13,2
2026-05-11,000858,13:41:45,91.7000,24,1
2026-05-11,000858,13:41:48,91.7000,9,2
2026-05-11,000858,13:41:51,91.7000,36,2
2026-05-11,000858,13:41:54,91.7000,14,2
2026-05-11,000858,13:41:57,91.7300,43,1
2026-05-11,000858,13:42:00,91.7000,13,2
2026-05-11,000858,13:42:03,91.7100,10,2
2026-05-11,000858,13:42:06,91.7000,12,2
2026-05-11,000858,13:42:09,91.7000,57,2
2026-05-11,000858,13:42:12,91.7000,6,2
2026-05-11,000858,13:42:15,91.7000,13,2
2026-05-11,000858,13:42:18,91.7000,23,2
2026-05-11,000858,13:42:21,91.7000,42,1
2026-05-11,000858,13:42:24,91.7000,15,1
2026-05-11,000858,13:42:27,91.6900,55,2
2026-05-11,000858,13:42:30,91.6900,62,2
2026-05-11,000858,13:42:33,91.7000,1,1
2026-05-11,000858,13:42:36,91.6900,82,2
2026-05-11,000858,13:42:39,91.6800,163,2
2026-05-11,000858,13:42:42,91.6600,68,2
2026-05-11,000858,13:42:45,91.6700,13,1
2026-05-11,000858,13:42:48,91.6500,14,2
2026-05-11,000858,13:42:51,91.6500,8,2
2026-05-11,000858,13:42:54,91.6600,15,1
2026-05-11,000858,13:42:57,91.6600,17,1
2026-05-11,000858,13:43:00,91.6500,13,2
2026-05-11,000858,13:43:03,91.6500,5,2
2026-05-11,000858,13:43:06,91.6600,28,1
2026-05-11,000858,13:43:09,91.6600,13,1
2026-05-11,000858,13:43:12,91.6600,35,1
2026-05-11,000858,13:43:15,91.6600,22,2
2026-05-11,000858,13:43:18,91.6600,13,1
2026-05-11,000858,13:43:24,91.6600,4,2
2026-05-11,000858,13:43:27,91.6700,19,1
2026-05-11,000858,13:43:30,91.6600,30,2
2026-05-11,000858,13:43:33,91.6500,5,2
2026-05-11,000858,13:43:36,91.6600,87,1
2026-05-11,000858,13:43:39,91.6500,8,2
2026-05-11,000858,13:43:42,91.6600,8,1
2026-05-11,000858,13:43:45,91.6500,109,2
2026-05-11,000858,13:43:48,91.6400,53,2
2026-05-11,000858,13:43:51,91.6200,33,2
2026-05-11,000858,13:43:54,91.6100,15,2
2026-05-11,000858,13:43:57,91.6300,13,1
2026-05-11,000858,13:44:00,91.6100,12,2
2026-05-11,000858,13:44:03,91.6100,65,2
2026-05-11,000858,13:44:06,91.6000,217,2
2026-05-11,000858,13:44:09,91.6500,45,1
2026-05-11,000858,13:44:12,91.6300,3,1
2026-05-11,000858,13:44:15,91.6100,8,2
2026-05-11,000858,13:44:18,91.6300,2,1
2026-05-11,000858,13:44:21,91.6100,11,2
2026-05-11,000858,13:44:24,91.6300,1,1
2026-05-11,000858,13:44:27,91.6100,4,2
2026-05-11,000858,13:44:30,91.5800,149,2
2026-05-11,000858,13:44:33,91.5800,106,2
2026-05-11,000858,13:44:36,91.5900,66,2
2026-05-11,000858,13:44:39,91.6000,64,1
2026-05-11,000858,13:44:42,91.5900,94,2
2026-05-11,000858,13:44:45,91.6000,5,1
2026-05-11,000858,13:44:48,91.5900,25,2
2026-05-11,000858,13:44:51,91.5900,52,2
2026-05-11,000858,13:44:54,91.5900,2,1
2026-05-11,000858,13:44:57,91.5800,44,2
2026-05-11,000858,13:45:00,91.5900,15,1
2026-05-11,000858,13:45:03,91.5900,111,1
2026-05-11,000858,13:45:06,91.6200,35,1
2026-05-11,000858,13:45:09,91.6100,43,2
2026-05-11,000858,13:45:12,91.6100,49,2
2026-05-11,000858,13:45:15,91.6100,35,2
2026-05-11,000858,13:45:18,91.6500,16,1
2026-05-11,000858,13:45:21,91.6100,10,2
2026-05-11,000858,13:45:24,91.6600,2,1
2026-05-11,000858,13:45:27,91.6500,14,2
2026-05-11,000858,13:45:30,91.6200,13,2
2026-05-11,000858,13:45:33,91.6500,3,1
2026-05-11,000858,13:45:36,91.6400,15,2
2026-05-11,000858,13:45:39,91.6300,9,2
2026-05-11,000858,13:45:42,91.6300,4,2
2026-05-11,000858,13:45:45,91.6300,81,2
2026-05-11,000858,13:45:48,91.6300,19,1
2026-05-11,000858,13:45:51,91.6200,19,2
2026-05-11,000858,13:45:54,91.6600,38,1
2026-05-11,000858,13:45:57,91.6500,16,4
2026-05-11,000858,13:46:00,91.6600,4,1
2026-05-11,000858,13:46:03,91.6600,6,1
2026-05-11,000858,13:46:06,91.6800,220,1
2026-05-11,000858,13:46:09,91.6600,13,2
2026-05-11,000858,13:46:12,91.6600,3,2
2026-05-11,000858,13:46:15,91.6700,9,2
2026-05-11,000858,13:46:18,91.6500,187,2
2026-05-11,000858,13:46:21,91.6500,29,1
2026-05-11,000858,13:46:24,91.6500,202,1
2026-05-11,000858,13:46:27,91.6500,14,2
2026-05-11,000858,13:46:30,91.6500,7,2
2026-05-11,000858,13:46:33,91.6500,3,2
2026-05-11,000858,13:46:36,91.6900,78,1
2026-05-11,000858,13:46:39,91.6700,10,2
2026-05-11,000858,13:46:42,91.6600,2,2
2026-05-11,000858,13:46:45,91.6900,5,1
2026-05-11,000858,13:46:48,91.6500,41,2
2026-05-11,000858,13:46:51,91.6600,79,2
2026-05-11,000858,13:46:54,91.6900,23,1
2026-05-11,000858,13:46:57,91.6600,12,2
2026-05-11,000858,13:47:00,91.6800,52,1
2026-05-11,000858,13:47:03,91.7000,218,1
2026-05-11,000858,13:47:06,91.6900,67,2
2026-05-11,000858,13:47:09,91.6800,81,2
2026-05-11,000858,13:47:12,91.6900,7,1
2026-05-11,000858,13:47:15,91.7000,115,1
2026-05-11,000858,13:47:18,91.7200,10,1
2026-05-11,000858,13:47:21,91.6900,43,2
2026-05-11,000858,13:47:24,91.7000,29,2
2026-05-11,000858,13:47:27,91.7000,48,2
2026-05-11,000858,13:47:30,91.7200,9,1
2026-05-11,000858,13:47:33,91.7500,244,1
2026-05-11,000858,13:47:36,91.7500,10,1
2026-05-11,000858,13:47:39,91.7400,9,2
2026-05-11,000858,13:47:42,91.7600,94,1
2026-05-11,000858,13:47:45,91.7600,17,1
2026-05-11,000858,13:47:48,91.7700,39,1
2026-05-11,000858,13:47:51,91.7500,11,2
2026-05-11,000858,13:47:54,91.7500,79,2
2026-05-11,000858,13:47:57,91.7900,92,1
2026-05-11,000858,13:48:00,91.8400,466,1
2026-05-11,000858,13:48:03,91.8500,13,1
2026-05-11,000858,13:48:06,91.8500,92,1
2026-05-11,000858,13:48:09,91.8400,64,2
2026-05-11,000858,13:48:12,91.8300,20,4
2026-05-11,000858,13:48:15,91.8500,94,1
2026-05-11,000858,13:48:18,91.8500,20,1
2026-05-11,000858,13:48:21,91.8400,74,4
2026-05-11,000858,13:48:24,91.8300,73,2
2026-05-11,000858,13:48:27,91.8200,45,2
2026-05-11,000858,13:48:30,91.8100,38,2
2026-05-11,000858,13:48:33,91.8100,47,2
2026-05-11,000858,13:48:36,91.8100,79,2
2026-05-11,000858,13:48:39,91.8000,24,1
2026-05-11,000858,13:48:42,91.8000,9,1
2026-05-11,000858,13:48:45,91.7700,66,2
2026-05-11,000858,13:48:48,91.7800,33,1
2026-05-11,000858,13:48:51,91.7600,31,2
2026-05-11,000858,13:48:54,91.7600,5,1
2026-05-11,000858,13:48:57,91.7500,18,2
2026-05-11,000858,13:49:00,91.7500,39,2
2026-05-11,000858,13:49:03,91.7400,26,2
2026-05-11,000858,13:49:06,91.7500,54,1
2026-05-11,000858,13:49:09,91.7500,27,1
2026-05-11,000858,13:49:12,91.7400,9,2
2026-05-11,000858,13:49:15,91.7500,64,1
2026-05-11,000858,13:49:18,91.7400,43,2
2026-05-11,000858,13:49:21,91.7600,27,1
2026-05-11,000858,13:49:24,91.8000,65,1
2026-05-11,000858,13:49:27,91.7900,33,2
2026-05-11,000858,13:49:30,91.8200,28,1
2026-05-11,000858,13:49:33,91.7900,12,2
2026-05-11,000858,13:49:36,91.7800,16,2
2026-05-11,000858,13:49:39,91.7800,14,2
2026-05-11,000858,13:49:42,91.7600,39,2
2026-05-11,000858,13:49:45,91.7700,3,1
2026-05-11,000858,13:49:48,91.7700,33,1
2026-05-11,000858,13:49:51,91.7800,55,1
2026-05-11,000858,13:49:54,91.7700,21,4
2026-05-11,000858,13:49:57,91.7700,60,2
2026-05-11,000858,13:50:00,91.7800,7,2
2026-05-11,000858,13:50:03,91.7900,9,4
2026-05-11,000858,13:50:06,91.7900,24,2
2026-05-11,000858,13:50:09,91.7700,13,2
2026-05-11,000858,13:50:12,91.7700,50,2
2026-05-11,000858,13:50:15,91.8000,10,1
2026-05-11,000858,13:50:18,91.7900,6,2
2026-05-11,000858,13:50:21,91.7900,5,1
2026-05-11,000858,13:50:24,91.7800,18,2
2026-05-11,000858,13:50:27,91.7800,4,1
2026-05-11,000858,13:50:30,91.7700,14,2
2026-05-11,000858,13:50:33,91.7800,34,1
2026-05-11,000858,13:50:36,91.7800,24,2
2026-05-11,000858,13:50:39,91.7800,29,4
2026-05-11,000858,13:50:42,91.7700,24,2
2026-05-11,000858,13:50:45,91.7900,69,1
2026-05-11,000858,13:50:48,91.7800,13,4
2026-05-11,000858,13:50:51,91.7900,71,1
2026-05-11,000858,13:50:54,91.7800,32,2
2026-05-11,000858,13:50:57,91.7800,17,2
2026-05-11,000858,13:51:00,91.7800,25,2
2026-05-11,000858,13:51:03,91.7800,8,2
2026-05-11,000858,13:51:06,91.7800,29,2
2026-05-11,000858,13:51:09,91.7800,7,2
2026-05-11,000858,13:51:12,91.7800,16,2
2026-05-11,000858,13:51:15,91.7800,11,2
2026-05-11,000858,13:51:18,91.7900,10,1
2026-05-11,000858,13:51:21,91.7800,74,2
2026-05-11,000858,13:51:24,91.7900,19,1
2026-05-11,000858,13:51:27,91.7900,38,1
2026-05-11,000858,13:51:30,91.7800,22,2
2026-05-11,000858,13:51:33,91.7800,185,2
2026-05-11,000858,13:51:36,91.7700,61,2
2026-05-11,000858,13:51:39,91.7700,2,1
2026-05-11,000858,13:51:42,91.7700,4,1
2026-05-11,000858,13:51:45,91.7600,2,2
2026-05-11,000858,13:51:48,91.7700,42,1
2026-05-11,000858,13:51:51,91.7600,67,2
2026-05-11,000858,13:51:54,91.7600,17,2
2026-05-11,000858,13:51:57,91.7700,96,1
2026-05-11,000858,13:52:00,91.7600,31,2
2026-05-11,000858,13:52:03,91.7700,5,1
2026-05-11,000858,13:52:06,91.7700,16,1
2026-05-11,000858,13:52:09,91.7700,72,2
2026-05-11,000858,13:52:12,91.7800,4,1
2026-05-11,000858,13:52:15,91.7700,7,2
2026-05-11,000858,13:52:18,91.7800,38,1
2026-05-11,000858,13:52:21,91.7800,24,1
2026-05-11,000858,13:52:24,91.7800,29,1
2026-05-11,000858,13:52:27,91.7700,46,2
2026-05-11,000858,13:52:30,91.7800,11,1
2026-05-11,000858,13:52:33,91.7700,33,2
2026-05-11,000858,13:52:36,91.7300,218,2
2026-05-11,000858,13:52:39,91.7400,44,1
2026-05-11,000858,13:52:42,91.7300,21,2
2026-05-11,000858,13:52:45,91.7400,11,1
2026-05-11,000858,13:52:48,91.7400,3,1
2026-05-11,000858,13:52:51,91.7200,28,2
2026-05-11,000858,13:52:54,91.7300,10,1
2026-05-11,000858,13:53:00,91.7300,14,1
2026-05-11,000858,13:53:03,91.7100,29,2
2026-05-11,000858,13:53:06,91.7200,56,1
2026-05-11,000858,13:53:09,91.7100,28,2
2026-05-11,000858,13:53:12,91.7100,4,2
2026-05-11,000858,13:53:15,91.7100,7,2
2026-05-11,000858,13:53:18,91.7100,7,2
2026-05-11,000858,13:53:21,91.7100,49,2
2026-05-11,000858,13:53:24,91.7100,3,1
2026-05-11,000858,13:53:27,91.7000,18,2
2026-05-11,000858,13:53:30,91.7000,12,2
2026-05-11,000858,13:53:33,91.7000,27,2
2026-05-11,000858,13:53:36,91.6900,7,2
2026-05-11,000858,13:53:39,91.6900,22,2
2026-05-11,000858,13:53:42,91.6900,53,2
2026-05-11,000858,13:53:45,91.7000,23,1
2026-05-11,000858,13:53:48,91.7000,16,1
2026-05-11,000858,13:53:51,91.6900,61,2
2026-05-11,000858,13:53:54,91.6900,5,2
2026-05-11,000858,13:53:57,91.6900,12,2
2026-05-11,000858,13:54:00,91.6900,42,2
2026-05-11,000858,13:54:03,91.6900,8,2
2026-05-11,000858,13:54:06,91.7000,112,1
2026-05-11,000858,13:54:09,91.7000,40,1
2026-05-11,000858,13:54:12,91.7000,67,1
2026-05-11,000858,13:54:15,91.7000,8,4
2026-05-11,000858,13:54:18,91.6900,7,2
2026-05-11,000858,13:54:21,91.7100,8,1
2026-05-11,000858,13:54:24,91.7100,7,1
2026-05-11,000858,13:54:27,91.7100,9,1
2026-05-11,000858,13:54:30,91.7100,19,1
2026-05-11,000858,13:54:33,91.7100,13,1
2026-05-11,000858,13:54:36,91.7200,21,1
2026-05-11,000858,13:54:39,91.7000,35,2
2026-05-11,000858,13:54:42,91.7000,5,2
2026-05-11,000858,13:54:45,91.7000,4,2
2026-05-11,000858,13:54:48,91.7100,4,1
2026-05-11,000858,13:54:51,91.7000,35,2
2026-05-11,000858,13:54:54,91.7100,10,2
2026-05-11,000858,13:54:57,91.7000,8,2
2026-05-11,000858,13:55:00,91.7000,46,2
2026-05-11,000858,13:55:03,91.7000,30,2
2026-05-11,000858,13:55:06,91.7000,10,2
2026-05-11,000858,13:55:09,91.7000,6,2
2026-05-11,000858,13:55:12,91.7000,8,2
2026-05-11,000858,13:55:15,91.7000,9,2
2026-05-11,000858,13:55:18,91.7100,21,1
2026-05-11,000858,13:55:21,91.7000,193,2
2026-05-11,000858,13:55:24,91.7100,16,2
2026-05-11,000858,13:55:27,91.7000,15,2
2026-05-11,000858,13:55:30,91.7100,9,1
2026-05-11,000858,13:55:33,91.6900,17,2
2026-05-11,000858,13:55:36,91.7100,56,1
2026-05-11,000858,13:55:39,91.6900,9,2
2026-05-11,000858,13:55:42,91.7000,19,1
2026-05-11,000858,13:55:45,91.6900,9,2
2026-05-11,000858,13:55:48,91.7000,4,1
2026-05-11,000858,13:55:51,91.6900,15,2
2026-05-11,000858,13:55:54,91.7000,26,1
2026-05-11,000858,13:55:57,91.7000,2,1
2026-05-11,000858,13:56:00,91.7000,44,1
2026-05-11,000858,13:56:03,91.7000,5,1
2026-05-11,000858,13:56:06,91.7000,9,1
2026-05-11,000858,13:56:09,91.7000,49,1
2026-05-11,000858,13:56:12,91.7000,1,2
2026-05-11,000858,13:56:15,91.7000,11,2
2026-05-11,000858,13:56:18,91.7000,13,2
2026-05-11,000858,13:56:21,91.7000,38,2
2026-05-11,000858,13:56:24,91.7000,10,2
2026-05-11,000858,13:56:27,91.7100,8,1
2026-05-11,000858,13:56:30,91.7100,13,1
2026-05-11,000858,13:56:33,91.7100,14,1
2026-05-11,000858,13:56:36,91.7000,25,2
2026-05-11,000858,13:56:39,91.6900,8,2
2026-05-11,000858,13:56:42,91.7100,7,1
2026-05-11,000858,13:56:45,91.7100,5,1
2026-05-11,000858,13:56:48,91.7000,8,4
2026-05-11,000858,13:56:51,91.7100,85,1
2026-05-11,000858,13:56:54,91.7000,3,4
2026-05-11,000858,13:56:57,91.7100,21,1
2026-05-11,000858,13:57:00,91.7000,12,2
2026-05-11,000858,13:57:03,91.7000,10,2
2026-05-11,000858,13:57:06,91.7100,8,1
2026-05-11,000858,13:57:09,91.7000,23,2
2026-05-11,000858,13:57:12,91.7000,7,2
2026-05-11,000858,13:57:15,91.7000,29,2
2026-05-11,000858,13:57:18,91.7000,18,2
2026-05-11,000858,13:57:21,91.7000,7,2
2026-05-11,000858,13:57:27,91.7000,8,2
2026-05-11,000858,13:57:30,91.7000,18,2
2026-05-11,000858,13:57:33,91.7100,18,1
2026-05-11,000858,13:57:36,91.7000,15,2
2026-05-11,000858,13:57:39,91.7000,13,2
2026-05-11,000858,13:57:42,91.7100,16,1
2026-05-11,000858,13:57:45,91.7000,45,2
2026-05-11,000858,13:57:48,91.7000,4,1
2026-05-11,000858,13:57:51,91.6900,59,2
2026-05-11,000858,13:57:54,91.7000,14,1
2026-05-11,000858,13:57:57,91.7000,10,1
2026-05-11,000858,13:58:00,91.7000,34,1
2026-05-11,000858,13:58:03,91.6900,58,2
2026-05-11,000858,13:58:06,91.7000,17,1
2026-05-11,000858,13:58:09,91.6900,44,2
2026-05-11,000858,13:58:12,91.6900,16,2
2026-05-11,000858,13:58:15,91.6900,19,2
2026-05-11,000858,13:58:18,91.6900,24,2
2026-05-11,000858,13:58:21,91.6900,187,2
2026-05-11,000858,13:58:24,91.6900,46,2
2026-05-11,000858,13:58:27,91.6800,16,2
2026-05-11,000858,13:58:30,91.6800,9,2
2026-05-11,000858,13:58:33,91.6800,10,2
2026-05-11,000858,13:58:36,91.7000,10,1
2026-05-11,000858,13:58:39,91.6800,51,2
2026-05-11,000858,13:58:42,91.6800,8,1
2026-05-11,000858,13:58:45,91.6800,28,1
2026-05-11,000858,13:58:48,91.6800,20,1
2026-05-11,000858,13:58:51,91.6700,9,2
2026-05-11,000858,13:58:54,91.6700,68,2
2026-05-11,000858,13:58:57,91.6700,21,2
2026-05-11,000858,13:59:00,91.6700,39,2
2026-05-11,000858,13:59:03,91.6600,18,2
2026-05-11,000858,13:59:06,91.6700,6,1
2026-05-11,000858,13:59:09,91.6600,13,2
2026-05-11,000858,13:59:12,91.6700,5,1
2026-05-11,000858,13:59:15,91.6700,29,1
2026-05-11,000858,13:59:18,91.6700,4,1
2026-05-11,000858,13:59:21,91.6700,23,1
2026-05-11,000858,13:59:24,91.6700,10,1
2026-05-11,000858,13:59:27,91.6600,9,2
2026-05-11,000858,13:59:30,91.6600,78,2
2026-05-11,000858,13:59:33,91.6600,56,2
2026-05-11,000858,13:59:36,91.6600,23,2
2026-05-11,000858,13:59:39,91.6500,26,2
2026-05-11,000858,13:59:42,91.6500,13,2
2026-05-11,000858,13:59:45,91.6600,23,4
2026-05-11,000858,13:59:48,91.6600,6,1
2026-05-11,000858,13:59:51,91.6700,33,1
2026-05-11,000858,13:59:54,91.6600,8,1
2026-05-11,000858,13:59:57,91.6700,21,1
2026-05-11,000858,14:00:00,91.6700,14,1
2026-05-11,000858,14:00:03,91.6600,16,2
2026-05-11,000858,14:00:06,91.6700,33,4
2026-05-11,000858,14:00:09,91.6500,28,2
2026-05-11,000858,14:00:12,91.6800,48,1
2026-05-11,000858,14:00:15,91.6900,90,1
2026-05-11,000858,14:00:18,91.6700,82,2
2026-05-11,000858,14:00:21,91.6800,74,4
2026-05-11,000858,14:00:24,91.6900,10,4
2026-05-11,000858,14:00:27,91.6900,105,1
2026-05-11,000858,14:00:30,91.6900,26,2
2026-05-11,000858,14:00:33,91.7100,42,1
2026-05-11,000858,14:00:36,91.7100,21,1
2026-05-11,000858,14:00:39,91.7000,42,2
2026-05-11,000858,14:00:42,91.7200,5,1
2026-05-11,000858,14:00:48,91.7100,18,2
2026-05-11,000858,14:00:51,91.7100,43,2
2026-05-11,000858,14:00:54,91.7200,13,1
2026-05-11,000858,14:00:57,91.7200,8,1
2026-05-11,000858,14:01:00,91.7200,11,1
2026-05-11,000858,14:01:03,91.7200,22,1
2026-05-11,000858,14:01:06,91.7200,2,2
2026-05-11,000858,14:01:09,91.7200,12,2
2026-05-11,000858,14:01:12,91.7200,17,1
2026-05-11,000858,14:01:15,91.7200,62,1
2026-05-11,000858,14:01:18,91.7400,131,1
2026-05-11,000858,14:01:21,91.7300,46,2
2026-05-11,000858,14:01:24,91.7400,1,2
2026-05-11,000858,14:01:27,91.7600,5,1
2026-05-11,000858,14:01:30,91.7400,43,2
2026-05-11,000858,14:01:33,91.7600,7,1
2026-05-11,000858,14:01:36,91.7500,12,2
2026-05-11,000858,14:01:39,91.7400,45,2
2026-05-11,000858,14:01:42,91.7500,15,1
2026-05-11,000858,14:01:45,91.7500,58,1
2026-05-11,000858,14:01:48,91.7600,13,1
2026-05-11,000858,14:01:51,91.7600,73,1
2026-05-11,000858,14:01:54,91.7500,59,2
2026-05-11,000858,14:01:57,91.7500,30,1
2026-05-11,000858,14:02:00,91.7500,27,1
2026-05-11,000858,14:02:03,91.7400,19,2
2026-05-11,000858,14:02:06,91.7500,2,4
2026-05-11,000858,14:02:09,91.7500,5,2
2026-05-11,000858,14:02:12,91.7400,106,2
2026-05-11,000858,14:02:15,91.7300,44,2
2026-05-11,000858,14:02:18,91.7400,23,1
2026-05-11,000858,14:02:21,91.7100,55,2
2026-05-11,000858,14:02:24,91.7100,17,2
2026-05-11,000858,14:02:27,91.7100,56,2
2026-05-11,000858,14:02:30,91.7100,21,2
2026-05-11,000858,14:02:33,91.7400,8,1
2026-05-11,000858,14:02:36,91.7500,38,1
2026-05-11,000858,14:02:39,91.7200,48,2
2026-05-11,000858,14:02:42,91.7200,7,1
2026-05-11,000858,14:02:45,91.7100,7,2
2026-05-11,000858,14:02:48,91.7200,33,1
2026-05-11,000858,14:02:51,91.7200,6,1
2026-05-11,000858,14:02:54,91.7100,6,2
2026-05-11,000858,14:02:57,91.7200,6,2
2026-05-11,000858,14:03:00,91.7300,9,1
2026-05-11,000858,14:03:03,91.7200,44,2
2026-05-11,000858,14:03:06,91.7200,2,2
2026-05-11,000858,14:03:09,91.7200,13,2
2026-05-11,000858,14:03:12,91.7200,22,1
2026-05-11,000858,14:03:15,91.7300,32,1
2026-05-11,000858,14:03:18,91.7100,6,2
2026-05-11,000858,14:03:21,91.7100,24,2
2026-05-11,000858,14:03:24,91.7100,4,2
2026-05-11,000858,14:03:27,91.7100,32,2
2026-05-11,000858,14:03:30,91.7100,4,2
2026-05-11,000858,14:03:33,91.7100,29,2
2026-05-11,000858,14:03:36,91.7100,64,2
2026-05-11,000858,14:03:39,91.7100,10,2
2026-05-11,000858,14:03:42,91.7200,2,1
2026-05-11,000858,14:03:45,91.7200,28,1
2026-05-11,000858,14:03:48,91.7200,6,1
2026-05-11,000858,14:03:51,91.7200,46,1
2026-05-11,000858,14:03:54,91.7200,5,1
2026-05-11,000858,14:03:57,91.7200,5,1
2026-05-11,000858,14:04:00,91.7200,11,1
2026-05-11,000858,14:04:03,91.7000,5,2
2026-05-11,000858,14:04:06,91.7200,22,1
2026-05-11,000858,14:04:09,91.7100,8,2
2026-05-11,000858,14:04:12,91.7200,4,1
2026-05-11,000858,14:04:15,91.7200,84,1
2026-05-11,000858,14:04:18,91.7200,33,1
2026-05-11,000858,14:04:21,91.7200,76,1
2026-05-11,000858,14:04:24,91.7200,5,2
2026-05-11,000858,14:04:27,91.7200,47,2
2026-05-11,000858,14:04:30,91.7200,79,2
2026-05-11,000858,14:04:33,91.7100,8,2
2026-05-11,000858,14:04:36,91.7100,10,2
2026-05-11,000858,14:04:39,91.7100,22,2
2026-05-11,000858,14:04:42,91.7000,1,2
2026-05-11,000858,14:04:45,91.7100,3,1
2026-05-11,000858,14:04:48,91.7000,79,2
2026-05-11,000858,14:04:51,91.7100,2,4
2026-05-11,000858,14:04:54,91.7200,11,1
2026-05-11,000858,14:04:57,91.7100,7,4
2026-05-11,000858,14:05:00,91.7200,3,1
2026-05-11,000858,14:05:03,91.7200,144,1
2026-05-11,000858,14:05:06,91.7100,23,2
2026-05-11,000858,14:05:09,91.7200,15,2
2026-05-11,000858,14:05:12,91.7300,22,1
2026-05-11,000858,14:05:15,91.7400,24,1
2026-05-11,000858,14:05:18,91.7400,19,1
2026-05-11,000858,14:05:21,91.7400,176,1
2026-05-11,000858,14:05:24,91.7400,24,2
2026-05-11,000858,14:05:27,91.7500,73,1
2026-05-11,000858,14:05:30,91.7600,145,1
2026-05-11,000858,14:05:33,91.7600,135,2
2026-05-11,000858,14:05:36,91.7900,27,1
2026-05-11,000858,14:05:39,91.7600,8,2
2026-05-11,000858,14:05:42,91.7700,15,4
2026-05-11,000858,14:05:45,91.7600,20,2
2026-05-11,000858,14:05:48,91.7700,48,1
2026-05-11,000858,14:05:51,91.7700,28,2
2026-05-11,000858,14:05:54,91.7800,26,1
2026-05-11,000858,14:05:57,91.7800,146,1
2026-05-11,000858,14:06:00,91.7800,17,2
2026-05-11,000858,14:06:03,91.7900,46,1
2026-05-11,000858,14:06:06,91.7800,248,2
2026-05-11,000858,14:06:09,91.7900,55,1
2026-05-11,000858,14:06:12,91.7800,24,2
2026-05-11,000858,14:06:15,91.7900,19,1
2026-05-11,000858,14:06:18,91.7900,75,2
2026-05-11,000858,14:06:21,91.7900,53,2
2026-05-11,000858,14:06:24,91.7900,21,1
2026-05-11,000858,14:06:27,91.7900,42,1
2026-05-11,000858,14:06:30,91.7900,13,1
2026-05-11,000858,14:06:33,91.7900,12,1
2026-05-11,000858,14:06:36,91.7900,31,1
2026-05-11,000858,14:06:39,91.7800,47,2
2026-05-11,000858,14:06:42,91.7900,19,1
2026-05-11,000858,14:06:45,91.7900,268,1
2026-05-11,000858,14:06:48,91.8200,118,1
2026-05-11,000858,14:06:51,91.8300,23,1
2026-05-11,000858,14:06:54,91.8300,8,1
2026-05-11,000858,10:56:39,91.6100,8,2
2026-05-11,000858,10:56:42,91.6100,15,2
2026-05-11,000858,10:56:45,91.6100,40,2
2026-05-11,000858,10:56:48,91.6100,12,2
2026-05-11,000858,10:56:51,91.6300,21,1
2026-05-11,000858,10:56:54,91.6100,16,2
2026-05-11,000858,10:56:57,91.6300,170,1
2026-05-11,000858,10:57:00,91.6200,3,4
2026-05-11,000858,10:57:03,91.6100,12,2
2026-05-11,000858,10:57:06,91.6200,26,1
2026-05-11,000858,10:57:09,91.6100,102,2
2026-05-11,000858,10:57:12,91.6200,12,1
2026-05-11,000858,10:57:15,91.6200,32,1
2026-05-11,000858,10:57:18,91.6100,18,2
2026-05-11,000858,10:57:21,91.6000,25,2
2026-05-11,000858,10:57:24,91.6100,13,1
2026-05-11,000858,10:57:27,91.6000,16,2
2026-05-11,000858,10:57:30,91.6000,26,2
2026-05-11,000858,10:57:33,91.6000,7,2
2026-05-11,000858,10:57:36,91.6000,177,2
2026-05-11,000858,10:57:39,91.6100,20,1
2026-05-11,000858,10:57:42,91.6000,41,2
2026-05-11,000858,10:57:45,91.6000,23,2
2026-05-11,000858,10:57:48,91.6000,19,2
2026-05-11,000858,10:57:51,91.6100,24,1
2026-05-11,000858,10:57:54,91.6000,98,2
2026-05-11,000858,10:57:57,91.6000,42,2
2026-05-11,000858,10:58:00,91.6100,14,1
2026-05-11,000858,10:58:03,91.6100,99,1
2026-05-11,000858,10:58:06,91.6100,19,1
2026-05-11,000858,10:58:09,91.6100,33,1
2026-05-11,000858,10:58:12,91.6000,52,2
2026-05-11,000858,10:58:15,91.6100,9,1
2026-05-11,000858,10:58:18,91.6000,354,2
2026-05-11,000858,10:58:21,91.5900,33,2
2026-05-11,000858,10:58:24,91.5900,39,2
2026-05-11,000858,10:58:27,91.5900,40,2
2026-05-11,000858,10:58:30,91.6000,25,1
2026-05-11,000858,10:58:33,91.5900,71,2
2026-05-11,000858,10:58:36,91.5900,187,2
2026-05-11,000858,10:58:39,91.5900,25,1
2026-05-11,000858,10:58:42,91.5800,23,2
2026-05-11,000858,10:58:45,91.5900,31,1
2026-05-11,000858,10:58:48,91.5900,22,1
2026-05-11,000858,10:58:51,91.5900,31,1
2026-05-11,000858,10:58:54,91.5800,14,2
2026-05-11,000858,10:58:57,91.5900,28,1
2026-05-11,000858,10:59:00,91.5800,36,2
2026-05-11,000858,10:59:03,91.5900,126,1
2026-05-11,000858,10:59:06,91.5900,56,2
2026-05-11,000858,10:59:09,91.5900,20,1
2026-05-11,000858,10:59:12,91.5900,48,1
2026-05-11,000858,10:59:15,91.5800,28,2
2026-05-11,000858,10:59:18,91.5900,91,1
2026-05-11,000858,10:59:21,91.5800,77,2
2026-05-11,000858,10:59:24,91.6000,4,1
2026-05-11,000858,10:59:27,91.5900,38,2
2026-05-11,000858,10:59:30,91.5900,14,2
2026-05-11,000858,10:59:33,91.6000,18,1
2026-05-11,000858,10:59:36,91.5900,41,2
2026-05-11,000858,10:59:39,91.5900,22,2
2026-05-11,000858,10:59:42,91.6000,5,1
2026-05-11,000858,10:59:45,91.6000,30,1
2026-05-11,000858,10:59:48,91.5900,40,2
2026-05-11,000858,10:59:51,91.5900,6,2
2026-05-11,000858,10:59:54,91.5900,18,2
2026-05-11,000858,10:59:57,91.6000,8,1
2026-05-11,000858,11:00:00,91.6000,21,1
2026-05-11,000858,11:00:03,91.5900,144,2
2026-05-11,000858,11:00:06,91.5900,30,1
2026-05-11,000858,11:00:09,91.5900,34,1
2026-05-11,000858,11:00:12,91.5900,23,1
2026-05-11,000858,11:00:15,91.5900,53,1
2026-05-11,000858,11:00:18,91.5800,109,2
2026-05-11,000858,11:00:21,91.5800,39,2
2026-05-11,000858,11:00:24,91.5900,30,1
2026-05-11,000858,11:00:27,91.5900,46,1
2026-05-11,000858,11:00:30,91.5900,32,1
2026-05-11,000858,11:00:33,91.5900,53,1
2026-05-11,000858,11:00:36,91.5900,27,1
2026-05-11,000858,11:00:39,91.5900,56,1
2026-05-11,000858,11:00:42,91.5800,15,2
2026-05-11,000858,11:00:45,91.5800,428,2
2026-05-11,000858,11:00:48,91.5800,18,4
2026-05-11,000858,11:00:51,91.5700,29,2
2026-05-11,000858,11:00:54,91.5800,14,1
2026-05-11,000858,11:00:57,91.5800,35,1
2026-05-11,000858,11:01:00,91.5800,30,1
2026-05-11,000858,11:01:03,91.5700,20,2
2026-05-11,000858,11:01:06,91.5700,33,2
2026-05-11,000858,11:01:09,91.5700,154,2
2026-05-11,000858,11:01:12,91.5800,161,1
2026-05-11,000858,11:01:15,91.5800,32,1
2026-05-11,000858,11:01:18,91.5700,21,2
2026-05-11,000858,11:01:21,91.5600,20,2
2026-05-11,000858,11:01:24,91.5700,45,1
2026-05-11,000858,11:01:27,91.5600,31,2
2026-05-11,000858,11:01:30,91.5600,26,2
2026-05-11,000858,11:01:33,91.5500,280,2
2026-05-11,000858,11:01:36,91.5500,101,2
2026-05-11,000858,11:01:39,91.5400,289,2
2026-05-11,000858,11:01:42,91.5300,23,2
2026-05-11,000858,11:01:45,91.5300,14,2
2026-05-11,000858,11:01:48,91.5300,37,2
2026-05-11,000858,11:01:51,91.5300,249,2
2026-05-11,000858,11:01:54,91.5500,117,1
2026-05-11,000858,11:01:57,91.5500,9,1
2026-05-11,000858,11:02:00,91.5300,21,2
2026-05-11,000858,11:02:03,91.5300,28,2
2026-05-11,000858,11:02:06,91.5300,72,2
2026-05-11,000858,11:02:09,91.5300,26,1
2026-05-11,000858,11:02:12,91.5200,21,2
2026-05-11,000858,11:02:15,91.5300,69,1
2026-05-11,000858,11:02:18,91.5200,292,2
2026-05-11,000858,11:02:21,91.5200,21,1
2026-05-11,000858,11:02:24,91.5400,240,1
2026-05-11,000858,11:02:27,91.5400,20,1
2026-05-11,000858,11:02:30,91.5400,29,1
2026-05-11,000858,11:02:33,91.5300,7,2
2026-05-11,000858,11:02:36,91.5300,23,2
2026-05-11,000858,11:02:39,91.5400,1,4
2026-05-11,000858,11:02:42,91.5400,28,2
2026-05-11,000858,11:02:45,91.5400,21,2
2026-05-11,000858,11:02:48,91.5400,19,2
2026-05-11,000858,11:02:51,91.5300,12,2
2026-05-11,000858,11:02:54,91.5300,11,2
2026-05-11,000858,11:02:57,91.5300,21,2
2026-05-11,000858,11:03:00,91.5300,23,2
2026-05-11,000858,11:03:03,91.5300,35,2
2026-05-11,000858,11:03:06,91.5400,27,1
2026-05-11,000858,11:03:09,91.5400,28,1
2026-05-11,000858,11:03:12,91.5400,29,1
2026-05-11,000858,11:03:15,91.5300,294,2
2026-05-11,000858,11:03:18,91.5300,60,2
2026-05-11,000858,11:03:21,91.5300,35,1
2026-05-11,000858,11:03:24,91.5200,106,2
2026-05-11,000858,11:03:27,91.5200,274,2
2026-05-11,000858,11:03:30,91.5200,36,2
2026-05-11,000858,11:03:33,91.5100,41,2
2026-05-11,000858,11:03:36,91.5200,30,1
2026-05-11,000858,11:03:39,91.5100,29,2
2026-05-11,000858,11:03:42,91.5200,49,1
2026-05-11,000858,11:03:45,91.5200,56,2
2026-05-11,000858,11:03:48,91.5100,83,2
2026-05-11,000858,11:03:51,91.5200,57,2
2026-05-11,000858,11:03:54,91.5200,54,1
2026-05-11,000858,11:03:57,91.5200,93,1
2026-05-11,000858,11:04:00,91.5100,76,2
2026-05-11,000858,11:04:03,91.5200,76,1
2026-05-11,000858,11:04:06,91.5200,116,1
2026-05-11,000858,11:04:09,91.5100,38,2
2026-05-11,000858,11:04:12,91.5200,55,1
2026-05-11,000858,11:04:15,91.5200,167,1
2026-05-11,000858,11:04:18,91.5200,41,1
2026-05-11,000858,11:04:21,91.5200,94,1
2026-05-11,000858,11:04:24,91.5200,74,1
2026-05-11,000858,11:04:27,91.5200,43,1
2026-05-11,000858,11:04:30,91.5200,25,1
2026-05-11,000858,11:04:33,91.5200,77,1
2026-05-11,000858,11:04:36,91.5200,56,1
2026-05-11,000858,11:04:39,91.5200,243,1
2026-05-11,000858,11:04:42,91.5200,85,1
2026-05-11,000858,11:04:45,91.5200,33,1
2026-05-11,000858,11:04:48,91.5200,25,1
2026-05-11,000858,11:04:51,91.5200,36,1
2026-05-11,000858,11:04:54,91.5200,61,1
2026-05-11,000858,11:04:57,91.5200,164,1
2026-05-11,000858,11:05:00,91.5200,16,1
2026-05-11,000858,11:05:03,91.5100,31,2
2026-05-11,000858,11:05:06,91.5200,6,1
2026-05-11,000858,11:05:09,91.5200,100,1
2026-05-11,000858,11:05:12,91.5200,30,1
2026-05-11,000858,11:05:15,91.5200,51,1
2026-05-11,000858,11:05:18,91.5200,24,1
2026-05-11,000858,11:05:21,91.5100,29,2
2026-05-11,000858,11:05:24,91.5200,16,1
2026-05-11,000858,11:05:27,91.5100,40,2
2026-05-11,000858,11:05:30,91.5200,43,1
2026-05-11,000858,11:05:33,91.5100,17,2
2026-05-11,000858,11:05:36,91.5200,44,1
2026-05-11,000858,11:05:39,91.5200,13,1
2026-05-11,000858,11:05:42,91.5200,57,1
2026-05-11,000858,11:05:45,91.5100,23,2
2026-05-11,000858,11:05:48,91.5200,33,1
2026-05-11,000858,11:05:51,91.5100,15,2
2026-05-11,000858,11:05:54,91.5200,156,1
2026-05-11,000858,11:05:57,91.5100,95,2
2026-05-11,000858,11:06:00,91.5200,11,1
2026-05-11,000858,11:06:03,91.5200,8,2
2026-05-11,000858,11:06:06,91.5300,40,1
2026-05-11,000858,11:06:09,91.5200,5,2
2026-05-11,000858,11:06:12,91.5200,20,2
2026-05-11,000858,11:06:15,91.5300,11,1
2026-05-11,000858,11:06:18,91.5300,11,1
2026-05-11,000858,11:06:21,91.5300,150,1
2026-05-11,000858,11:06:24,91.5300,38,2
2026-05-11,000858,11:06:27,91.5500,137,1
2026-05-11,000858,11:06:30,91.5700,3,1
2026-05-11,000858,11:06:33,91.5700,21,2
2026-05-11,000858,11:06:36,91.5800,8,1
2026-05-11,000858,11:06:39,91.5800,9,2
2026-05-11,000858,11:06:42,91.5700,131,2
2026-05-11,000858,11:06:45,91.5900,15,1
2026-05-11,000858,11:06:48,91.5900,6,1
2026-05-11,000858,11:06:51,91.5900,9,1
2026-05-11,000858,11:06:54,91.5900,29,1
2026-05-11,000858,11:06:57,91.6000,13,1
2026-05-11,000858,11:07:00,91.5900,11,2
2026-05-11,000858,11:07:03,91.5900,99,2
2026-05-11,000858,11:07:06,91.6000,12,1
2026-05-11,000858,11:07:09,91.6000,7,2
2026-05-11,000858,11:07:12,91.6000,9,2
2026-05-11,000858,11:07:15,91.6000,80,2
2026-05-11,000858,11:07:18,91.6100,132,1
2026-05-11,000858,11:07:21,91.6100,12,1
2026-05-11,000858,11:07:24,91.6100,2,2
2026-05-11,000858,11:07:27,91.6200,15,1
2026-05-11,000858,11:07:30,91.6200,15,1
2026-05-11,000858,11:07:33,91.6100,2,2
2026-05-11,000858,11:07:36,91.6300,8,1
2026-05-11,000858,11:07:39,91.6100,22,2
2026-05-11,000858,11:07:42,91.6200,29,1
2026-05-11,000858,11:07:45,91.6200,8,1
2026-05-11,000858,11:07:48,91.6100,33,2
2026-05-11,000858,11:07:51,91.6100,13,2
2026-05-11,000858,11:07:54,91.6100,16,2
2026-05-11,000858,11:07:57,91.6100,64,2
2026-05-11,000858,11:08:00,91.6200,6,4
2026-05-11,000858,11:08:03,91.6100,12,2
2026-05-11,000858,11:08:06,91.6200,29,1
2026-05-11,000858,11:08:09,91.6200,21,2
2026-05-11,000858,11:08:12,91.6200,47,1
2026-05-11,000858,11:08:15,91.6200,15,1
2026-05-11,000858,11:08:18,91.6200,24,1
2026-05-11,000858,11:08:21,91.6200,22,1
2026-05-11,000858,11:08:24,91.6200,23,1
2026-05-11,000858,11:08:27,91.6200,8,2
2026-05-11,000858,11:08:30,91.6200,11,2
2026-05-11,000858,11:08:33,91.6200,19,2
2026-05-11,000858,11:08:36,91.6100,61,2
2026-05-11,000858,11:08:39,91.6200,15,1
2026-05-11,000858,11:08:42,91.6200,22,1
2026-05-11,000858,11:08:45,91.6100,32,2
2026-05-11,000858,11:08:48,91.6200,98,2
2026-05-11,000858,11:08:51,91.6200,22,4
2026-05-11,000858,11:08:54,91.6200,19,1
2026-05-11,000858,11:08:57,91.6200,4,2
2026-05-11,000858,11:09:00,91.6200,5,1
2026-05-11,000858,11:09:03,91.6200,27,1
2026-05-11,000858,11:09:06,91.6200,11,2
2026-05-11,000858,11:09:09,91.6200,22,1
2026-05-11,000858,11:09:12,91.6100,17,2
2026-05-11,000858,11:09:15,91.6100,2,2
2026-05-11,000858,11:09:18,91.6200,2,1
2026-05-11,000858,11:09:21,91.6100,4,2
2026-05-11,000858,11:09:24,91.6200,13,1
2026-05-11,000858,11:09:27,91.6100,69,2
2026-05-11,000858,11:09:30,91.6200,7,4
2026-05-11,000858,11:09:33,91.6200,11,1
2026-05-11,000858,11:09:36,91.6100,27,2
2026-05-11,000858,11:09:39,91.6200,3,1
2026-05-11,000858,11:09:42,91.6100,17,2
2026-05-11,000858,11:09:45,91.6100,36,2
2026-05-11,000858,11:09:48,91.6200,41,1
2026-05-11,000858,11:09:51,91.6200,39,1
2026-05-11,000858,11:09:54,91.6300,113,1
2026-05-11,000858,11:09:57,91.6100,56,2
2026-05-11,000858,11:10:00,91.6200,13,2
2026-05-11,000858,11:10:03,91.6200,16,2
2026-05-11,000858,11:10:06,91.6200,18,2
2026-05-11,000858,11:10:09,91.6200,21,2
2026-05-11,000858,11:10:12,91.6300,26,1
2026-05-11,000858,11:10:15,91.6300,51,1
2026-05-11,000858,11:10:18,91.6200,53,2
2026-05-11,000858,11:10:21,91.6300,23,1
2026-05-11,000858,11:10:24,91.6200,6,2
2026-05-11,000858,11:10:27,91.6200,12,2
2026-05-11,000858,11:10:30,91.6300,1,1
2026-05-11,000858,11:10:33,91.6300,10,1
2026-05-11,000858,11:10:36,91.6300,2,1
2026-05-11,000858,11:10:39,91.6200,17,2
2026-05-11,000858,11:10:42,91.6200,21,2
2026-05-11,000858,11:10:45,91.6200,14,2
2026-05-11,000858,11:10:48,91.6300,23,1
2026-05-11,000858,11:10:51,91.6200,8,2
2026-05-11,000858,11:10:54,91.6200,13,2
2026-05-11,000858,11:10:57,91.6200,14,2
2026-05-11,000858,11:11:00,91.6200,13,2
2026-05-11,000858,11:11:03,91.6300,56,1
2026-05-11,000858,11:11:06,91.6200,49,2
2026-05-11,000858,11:11:09,91.6300,77,1
2026-05-11,000858,11:11:12,91.6200,32,2
2026-05-11,000858,11:11:15,91.6200,9,1
2026-05-11,000858,11:11:18,91.6200,18,1
2026-05-11,000858,11:11:21,91.6200,12,1
2026-05-11,000858,11:11:24,91.6100,84,2
2026-05-11,000858,11:11:27,91.6200,27,4
2026-05-11,000858,11:11:30,91.6100,25,2
2026-05-11,000858,11:11:33,91.6200,4,4
2026-05-11,000858,11:11:36,91.6200,22,1
2026-05-11,000858,11:11:39,91.6200,11,1
2026-05-11,000858,11:11:42,91.6200,33,1
2026-05-11,000858,11:11:45,91.6100,22,2
2026-05-11,000858,11:11:48,91.6200,12,1
2026-05-11,000858,11:11:51,91.6000,172,2
2026-05-11,000858,11:11:54,91.6200,9,1
2026-05-11,000858,11:11:57,91.6100,9,2
2026-05-11,000858,11:12:00,91.6200,6,1
2026-05-11,000858,11:12:03,91.6200,11,1
2026-05-11,000858,11:12:06,91.6200,72,1
2026-05-11,000858,11:12:09,91.6200,3,1
2026-05-11,000858,11:12:12,91.6100,11,2
2026-05-11,000858,11:12:15,91.6100,33,2
2026-05-11,000858,11:12:18,91.6100,21,1
2026-05-11,000858,11:12:21,91.6100,8,1
2026-05-11,000858,11:12:24,91.6000,84,2
2026-05-11,000858,11:12:27,91.6100,10,1
2026-05-11,000858,11:12:30,91.6100,11,1
2026-05-11,000858,11:12:33,91.6100,2,1
2026-05-11,000858,11:12:36,91.6100,10,1
2026-05-11,000858,11:12:39,91.6100,13,1
2026-05-11,000858,11:12:42,91.6100,10,1
2026-05-11,000858,11:12:45,91.6000,12,2
2026-05-11,000858,11:12:48,91.6100,136,1
2026-05-11,000858,11:12:51,91.6000,49,2
2026-05-11,000858,11:12:54,91.6000,29,4
2026-05-11,000858,11:12:57,91.6000,6,4
2026-05-11,000858,11:13:00,91.6000,1,1
2026-05-11,000858,11:13:03,91.6000,9,1
2026-05-11,000858,11:13:06,91.6000,44,1
2026-05-11,000858,11:13:09,91.6000,13,2
2026-05-11,000858,11:13:12,91.6000,28,2
2026-05-11,000858,11:13:15,91.5900,15,2
2026-05-11,000858,11:13:18,91.6000,5,1
2026-05-11,000858,11:13:21,91.5900,4,2
2026-05-11,000858,11:13:24,91.6000,10,1
2026-05-11,000858,11:13:27,91.5900,12,2
2026-05-11,000858,11:13:30,91.5900,7,2
2026-05-11,000858,11:13:33,91.5900,16,2
2026-05-11,000858,11:13:36,91.6000,1,1
2026-05-11,000858,11:13:39,91.6000,109,1
2026-05-11,000858,11:13:42,91.5900,6,2
2026-05-11,000858,11:13:45,91.5800,28,2
2026-05-11,000858,11:13:48,91.5800,28,2
2026-05-11,000858,11:13:51,91.5800,64,2
2026-05-11,000858,11:13:54,91.5900,40,1
2026-05-11,000858,11:13:57,91.5900,22,1
2026-05-11,000858,11:14:00,91.5800,16,2
2026-05-11,000858,11:14:03,91.5800,18,2
2026-05-11,000858,11:14:06,91.5900,33,1
2026-05-11,000858,11:14:09,91.5900,12,1
2026-05-11,000858,11:14:12,91.5900,110,1
2026-05-11,000858,11:14:15,91.5900,14,2
2026-05-11,000858,11:14:18,91.6000,42,1
2026-05-11,000858,11:14:21,91.6000,51,1
2026-05-11,000858,11:14:24,91.5900,16,2
2026-05-11,000858,11:14:27,91.5900,7,1
2026-05-11,000858,11:14:30,91.5900,14,1
2026-05-11,000858,11:14:33,91.5900,22,1
2026-05-11,000858,11:14:36,91.5800,31,2
2026-05-11,000858,11:14:39,91.5900,14,1
2026-05-11,000858,11:14:42,91.5900,7,1
2026-05-11,000858,11:14:45,91.5900,17,1
2026-05-11,000858,11:14:48,91.5800,36,2
2026-05-11,000858,11:14:51,91.5700,52,2
2026-05-11,000858,11:14:54,91.5800,5,2
2026-05-11,000858,11:14:57,91.5800,504,2
2026-05-11,000858,11:15:00,91.5800,26,1
2026-05-11,000858,11:15:03,91.5700,30,2
2026-05-11,000858,11:15:06,91.5700,21,2
2026-05-11,000858,11:15:09,91.5600,23,2
2026-05-11,000858,11:15:12,91.5800,16,1
2026-05-11,000858,11:15:15,91.5600,5,2
2026-05-11,000858,11:15:18,91.5800,11,1
2026-05-11,000858,11:15:21,91.5600,19,2
2026-05-11,000858,11:15:24,91.5600,91,1
2026-05-11,000858,11:15:27,91.5500,17,2
2026-05-11,000858,11:15:30,91.5500,9,2
2026-05-11,000858,11:15:33,91.5500,44,2
2026-05-11,000858,11:15:36,91.5500,331,1
2026-05-11,000858,11:15:39,91.5500,11,2
2026-05-11,000858,11:15:42,91.5500,12,2
2026-05-11,000858,11:15:45,91.5500,12,2
2026-05-11,000858,11:15:48,91.5500,658,2
2026-05-11,000858,11:15:51,91.5500,8,1
2026-05-11,000858,11:15:54,91.5200,33,2
2026-05-11,000858,11:15:57,91.5200,12,2
2026-05-11,000858,11:16:00,91.5200,14,2
2026-05-11,000858,11:16:03,91.5400,19,4
2026-05-11,000858,11:16:06,91.5400,1,1
2026-05-11,000858,11:16:09,91.5300,4,2
2026-05-11,000858,11:16:12,91.5300,3,2
2026-05-11,000858,11:16:15,91.5300,62,2
2026-05-11,000858,11:16:18,91.5400,16,1
2026-05-11,000858,11:16:21,91.5300,20,2
2026-05-11,000858,11:16:24,91.5400,29,1
2026-05-11,000858,11:16:27,91.5300,89,2
2026-05-11,000858,11:16:30,91.5400,33,1
2026-05-11,000858,11:16:33,91.5400,8,1
2026-05-11,000858,11:16:36,91.5400,9,4
2026-05-11,000858,11:16:39,91.5500,6,1
2026-05-11,000858,11:16:42,91.5300,14,2
2026-05-11,000858,11:16:45,91.5400,12,2
2026-05-11,000858,11:16:48,91.5400,13,1
2026-05-11,000858,11:16:51,91.5300,16,2
2026-05-11,000858,11:16:54,91.5300,51,2
2026-05-11,000858,11:16:57,91.5400,41,1
2026-05-11,000858,11:17:00,91.5200,111,2
2026-05-11,000858,11:17:03,91.5300,15,4
2026-05-11,000858,11:17:06,91.5400,27,1
2026-05-11,000858,11:17:09,91.5300,11,2
2026-05-11,000858,11:17:12,91.5200,95,2
2026-05-11,000858,11:17:15,91.5300,81,1
2026-05-11,000858,11:17:18,91.5200,38,2
2026-05-11,000858,11:17:21,91.5200,21,1
2026-05-11,000858,11:17:24,91.5200,9,4
2026-05-11,000858,11:17:27,91.5200,19,1
2026-05-11,000858,11:17:30,91.5300,63,1
2026-05-11,000858,11:17:33,91.5200,5,2
2026-05-11,000858,11:17:36,91.5300,21,1
2026-05-11,000858,11:17:39,91.5200,14,2
2026-05-11,000858,11:17:42,91.5300,31,1
2026-05-11,000858,11:17:45,91.5200,28,2
2026-05-11,000858,11:17:48,91.5100,142,2
2026-05-11,000858,11:17:51,91.5200,25,1
2026-05-11,000858,11:17:54,91.5100,20,2
2026-05-11,000858,11:17:57,91.5100,15,2
2026-05-11,000858,11:18:00,91.5200,26,4
2026-05-11,000858,11:18:03,91.5200,8,2
2026-05-11,000858,11:18:06,91.5200,12,2
2026-05-11,000858,11:18:09,91.5200,12,2
2026-05-11,000858,11:18:12,91.5300,29,1
2026-05-11,000858,11:18:15,91.5200,137,2
2026-05-11,000858,11:18:18,91.5200,31,2
2026-05-11,000858,11:18:21,91.5200,33,2
2026-05-11,000858,11:18:24,91.5200,31,1
2026-05-11,000858,11:18:27,91.5200,45,2
2026-05-11,000858,11:18:30,91.5300,12,1
2026-05-11,000858,11:18:33,91.5200,31,2
2026-05-11,000858,11:18:36,91.5200,26,2
2026-05-11,000858,11:18:39,91.5300,23,1
2026-05-11,000858,11:18:42,91.5300,68,1
2026-05-11,000858,11:18:45,91.5300,95,2
2026-05-11,000858,11:18:48,91.5300,3,2
2026-05-11,000858,11:18:51,91.5300,26,2
2026-05-11,000858,11:18:54,91.5300,2,2
2026-05-11,000858,11:18:57,91.5300,26,2
2026-05-11,000858,11:19:00,91.5300,13,2
2026-05-11,000858,11:19:03,91.5300,32,1
2026-05-11,000858,11:19:06,91.5300,28,1
2026-05-11,000858,11:19:09,91.5200,17,2
2026-05-11,000858,11:19:12,91.5300,28,1
2026-05-11,000858,11:19:15,91.5200,24,2
2026-05-11,000858,11:19:18,91.5400,92,1
2026-05-11,000858,11:19:21,91.5500,45,1
2026-05-11,000858,11:19:24,91.5500,4,1
2026-05-11,000858,11:19:27,91.5300,74,2
2026-05-11,000858,11:19:30,91.5400,38,4
2026-05-11,000858,11:19:33,91.5400,4,2
2026-05-11,000858,11:19:36,91.5300,30,2
2026-05-11,000858,11:19:39,91.5400,7,2
2026-05-11,000858,11:19:42,91.5400,25,2
2026-05-11,000858,11:19:45,91.5300,34,2
2026-05-11,000858,11:19:48,91.5400,10,1
2026-05-11,000858,11:19:51,91.5400,21,1
2026-05-11,000858,11:19:54,91.5400,28,1
2026-05-11,000858,11:19:57,91.5400,14,1
2026-05-11,000858,11:20:00,91.5300,18,2
2026-05-11,000858,11:20:03,91.5400,36,1
2026-05-11,000858,11:20:06,91.5400,27,1
2026-05-11,000858,11:20:09,91.5300,23,2
2026-05-11,000858,11:20:12,91.5400,18,1
2026-05-11,000858,11:20:15,91.5400,45,1
2026-05-11,000858,11:20:18,91.5400,60,1
2026-05-11,000858,11:20:21,91.5400,13,1
2026-05-11,000858,11:20:24,91.5400,10,1
2026-05-11,000858,11:20:27,91.5400,14,1
2026-05-11,000858,11:20:30,91.5400,38,1
2026-05-11,000858,11:20:33,91.5400,47,1
2026-05-11,000858,11:20:36,91.5300,8,2
2026-05-11,000858,11:20:39,91.5400,28,2
2026-05-11,000858,11:20:42,91.5300,10,2
2026-05-11,000858,11:20:45,91.5400,17,1
2026-05-11,000858,11:20:48,91.5400,16,1
2026-05-11,000858,11:20:51,91.5400,99,1
2026-05-11,000858,11:20:54,91.5300,12,2
2026-05-11,000858,11:20:57,91.5300,40,2
2026-05-11,000858,11:21:00,91.5400,21,1
2026-05-11,000858,11:21:03,91.5300,68,2
2026-05-11,000858,11:21:06,91.5400,7,4
2026-05-11,000858,11:21:09,91.5300,22,2
2026-05-11,000858,11:21:12,91.5300,13,2
2026-05-11,000858,11:21:15,91.5300,9,2
2026-05-11,000858,11:21:18,91.5400,26,1
2026-05-11,000858,11:21:21,91.5300,31,2
2026-05-11,000858,11:21:24,91.5300,11,2
2026-05-11,000858,11:21:27,91.5300,3,2
2026-05-11,000858,11:21:30,91.5300,21,2
2026-05-11,000858,11:21:33,91.5300,59,2
2026-05-11,000858,11:21:36,91.5300,170,2
2026-05-11,000858,11:21:39,91.5400,17,2
2026-05-11,000858,11:21:42,91.5500,4,1
2026-05-11,000858,11:21:45,91.5400,14,2
2026-05-11,000858,11:21:48,91.5400,2,1
