date,code,time,price,volume,bs
2026-05-26,601318,14:06:56,53.9700,34,2
2026-05-26,601318,14:06:59,53.9700,186,2
2026-05-26,601318,14:07:02,53.9800,229,1
2026-05-26,601318,14:07:05,54.0000,74,1
2026-05-26,601318,14:07:08,53.9900,96,1
2026-05-26,601318,14:07:11,53.9900,33,2
2026-05-26,601318,14:07:14,54.0000,304,1
2026-05-26,601318,14:07:17,53.9900,96,2
2026-05-26,601318,14:07:20,53.9900,91,2
2026-05-26,601318,14:07:23,53.9800,71,2
2026-05-26,601318,14:07:26,53.9900,31,1
2026-05-26,601318,14:07:29,54.0000,63,1
2026-05-26,601318,14:07:32,54.0000,35,2
2026-05-26,601318,14:07:35,54.0000,64,2
2026-05-26,601318,14:07:38,54.0100,53,1
2026-05-26,601318,14:07:41,54.0100,86,1
2026-05-26,601318,14:07:44,54.0000,203,2
2026-05-26,601318,14:07:47,54.0000,27,1
2026-05-26,601318,14:07:50,54.0000,54,1
2026-05-26,601318,14:07:53,54.0000,49,1
2026-05-26,601318,14:07:56,54.0000,44,1
2026-05-26,601318,14:07:59,54.0100,236,1
2026-05-26,601318,14:08:02,54.0000,51,2
2026-05-26,601318,14:08:05,54.0000,19,2
2026-05-26,601318,14:08:08,54.0100,52,1
2026-05-26,601318,14:08:11,54.0100,2,1
2026-05-26,601318,14:08:14,54.0100,293,1
2026-05-26,601318,14:08:17,54.0000,3,2
2026-05-26,601318,14:08:20,54.0100,31,1
2026-05-26,601318,14:08:23,54.0100,102,1
2026-05-26,601318,14:08:26,54.0100,2,1
2026-05-26,601318,14:08:29,54.0000,190,2
2026-05-26,601318,14:08:32,54.0100,31,1
2026-05-26,601318,14:08:35,54.0000,5,2
2026-05-26,601318,14:08:38,54.0000,63,2
2026-05-26,601318,14:08:41,54.0100,102,1
2026-05-26,601318,14:08:44,54.0100,246,1
2026-05-26,601318,14:08:47,54.0000,104,2
2026-05-26,601318,14:08:50,54.0100,28,1
2026-05-26,601318,14:08:53,54.0200,2511,1
2026-05-26,601318,14:08:56,54.0400,69,1
2026-05-26,601318,14:08:59,54.0400,14,1
2026-05-26,601318,14:09:02,54.0500,142,1
2026-05-26,601318,14:09:05,54.0300,345,2
2026-05-26,601318,14:09:08,54.0400,46,1
2026-05-26,601318,14:09:11,54.0400,240,1
2026-05-26,601318,14:09:14,54.0500,78,1
2026-05-26,601318,14:09:17,54.0500,29,1
2026-05-26,601318,14:09:20,54.0400,134,2
2026-05-26,601318,14:09:23,54.0400,290,1
2026-05-26,601318,14:09:26,54.0300,5,4
2026-05-26,601318,14:09:29,54.0300,88,1
2026-05-26,601318,14:09:32,54.0300,48,2
2026-05-26,601318,14:09:35,54.0300,39,2
2026-05-26,601318,14:09:38,54.0400,28,1
2026-05-26,601318,14:09:41,54.0400,4,1
2026-05-26,601318,14:09:44,54.0400,228,2
2026-05-26,601318,14:09:47,54.0400,17,1
2026-05-26,601318,14:09:50,54.0400,3,2
2026-05-26,601318,14:09:53,54.0400,94,2
2026-05-26,601318,14:09:56,54.0400,38,1
2026-05-26,601318,14:09:59,54.0400,31,1
2026-05-26,601318,14:10:02,54.0400,125,1
2026-05-26,601318,14:10:05,54.0400,46,1
2026-05-26,601318,14:10:08,54.0400,39,1
2026-05-26,601318,14:10:11,54.0400,32,1
2026-05-26,601318,14:10:14,54.0400,103,1
2026-05-26,601318,14:10:17,54.0300,48,2
2026-05-26,601318,14:10:20,54.0400,95,1
2026-05-26,601318,14:10:23,54.0300,155,2
2026-05-26,601318,14:10:26,54.0300,162,4
2026-05-26,601318,14:10:29,54.0300,190,1
2026-05-26,601318,14:10:32,54.0200,89,2
2026-05-26,601318,14:10:35,54.0300,109,1
2026-05-26,601318,14:10:38,54.0300,70,1
2026-05-26,601318,14:10:41,54.0200,18,2
2026-05-26,601318,14:10:44,54.0300,175,1
2026-05-26,601318,14:10:47,54.0300,1,1
2026-05-26,601318,14:10:50,54.0300,7,1
2026-05-26,601318,14:10:53,54.0300,35,1
2026-05-26,601318,14:10:56,54.0300,52,1
2026-05-26,601318,14:10:59,54.0300,30,1
2026-05-26,601318,14:11:02,54.0400,82,1
2026-05-26,601318,14:11:05,54.0400,5,1
2026-05-26,601318,14:11:08,54.0400,55,1
2026-05-26,601318,14:11:11,54.0300,7,2
2026-05-26,601318,14:11:14,54.0300,111,2
2026-05-26,601318,14:11:17,54.0500,15,1
2026-05-26,601318,14:11:20,54.0400,49,2
2026-05-26,601318,14:11:23,54.0500,227,1
2026-05-26,601318,14:11:26,54.0500,360,2
2026-05-26,601318,14:11:29,54.0500,158,1
2026-05-26,601318,14:11:32,54.0400,131,4
2026-05-26,601318,14:11:35,54.0500,59,1
2026-05-26,601318,14:11:38,54.0500,82,1
2026-05-26,601318,14:11:41,54.0400,172,2
2026-05-26,601318,14:11:44,54.0400,80,2
2026-05-26,601318,14:11:47,54.0500,71,1
2026-05-26,601318,14:11:50,54.0500,22,1
2026-05-26,601318,14:11:53,54.0400,40,2
2026-05-26,601318,14:11:56,54.0500,386,1
2026-05-26,601318,14:11:59,54.0500,53,2
2026-05-26,601318,14:12:02,54.0500,139,2
2026-05-26,601318,14:12:05,54.0500,12,1
2026-05-26,601318,14:12:08,54.0500,49,1
2026-05-26,601318,14:12:11,54.0500,33,1
2026-05-26,601318,14:12:14,54.0400,180,2
2026-05-26,601318,14:12:17,54.0500,59,1
2026-05-26,601318,14:12:20,54.0500,40,1
2026-05-26,601318,14:12:23,54.0400,357,2
2026-05-26,601318,14:12:26,54.0300,207,4
2026-05-26,601318,14:12:29,54.0400,42,1
2026-05-26,601318,14:12:32,54.0300,62,2
2026-05-26,601318,14:12:35,54.0400,15,1
2026-05-26,601318,14:12:38,54.0400,55,1
2026-05-26,601318,14:12:41,54.0400,34,1
2026-05-26,601318,14:12:44,54.0200,213,2
2026-05-26,601318,14:12:47,54.0200,145,1
2026-05-26,601318,14:12:50,54.0300,5,1
2026-05-26,601318,14:12:53,54.0200,67,2
2026-05-26,601318,14:12:56,54.0300,25,1
2026-05-26,601318,14:12:59,54.0200,79,2
2026-05-26,601318,14:13:02,54.0200,51,2
2026-05-26,601318,14:13:05,54.0200,44,2
2026-05-26,601318,14:13:08,54.0200,217,2
2026-05-26,601318,14:13:11,54.0200,219,1
2026-05-26,601318,14:13:14,54.0200,191,1
2026-05-26,601318,14:13:17,54.0200,155,1
2026-05-26,601318,14:13:20,54.0200,41,2
2026-05-26,601318,14:13:23,54.0200,38,1
2026-05-26,601318,14:13:26,54.0200,38,1
2026-05-26,601318,14:13:29,54.0200,50,1
2026-05-26,601318,14:13:32,54.0100,235,2
2026-05-26,601318,14:13:35,54.0100,17,2
2026-05-26,601318,14:13:38,54.0300,54,1
2026-05-26,601318,14:13:41,54.0300,168,1
2026-05-26,601318,14:13:44,54.0200,7,2
2026-05-26,601318,14:13:47,54.0200,35,1
2026-05-26,601318,14:13:50,54.0200,92,1
2026-05-26,601318,14:13:53,54.0300,100,1
2026-05-26,601318,14:13:56,54.0300,7,1
2026-05-26,601318,14:13:59,54.0400,115,1
2026-05-26,601318,14:14:02,54.0200,235,2
2026-05-26,601318,14:14:05,54.0200,151,2
2026-05-26,601318,14:14:08,54.0000,931,2
2026-05-26,601318,14:14:11,54.0000,120,1
2026-05-26,601318,14:14:14,54.0000,176,1
2026-05-26,601318,14:14:17,53.9900,16,4
2026-05-26,601318,14:14:20,53.9900,20,2
2026-05-26,601318,14:14:23,54.0000,24,1
2026-05-26,601318,14:14:26,54.0000,13,1
2026-05-26,601318,14:14:29,54.0000,169,1
2026-05-26,601318,14:14:32,53.9900,30,2
2026-05-26,601318,14:14:35,53.9900,3,2
2026-05-26,601318,14:14:38,53.9900,37,2
2026-05-26,601318,14:14:41,54.0000,71,1
2026-05-26,601318,14:14:44,54.0000,180,1
2026-05-26,601318,14:14:47,54.0000,23,1
2026-05-26,601318,14:14:50,54.0000,44,1
2026-05-26,601318,14:14:53,53.9900,103,2
2026-05-26,601318,14:14:56,54.0000,26,1
2026-05-26,601318,14:14:59,54.0000,153,1
2026-05-26,601318,14:15:02,54.0000,48,2
2026-05-26,601318,14:15:08,54.0000,86,2
2026-05-26,601318,14:15:11,53.9900,50,2
2026-05-26,601318,14:15:14,54.0000,228,1
2026-05-26,601318,14:15:17,54.0000,2,4
2026-05-26,601318,14:15:20,54.0000,11,1
2026-05-26,601318,14:15:23,53.9900,156,2
2026-05-26,601318,14:15:26,54.0000,33,1
2026-05-26,601318,14:15:29,54.0000,159,1
2026-05-26,601318,14:15:32,53.9900,94,2
2026-05-26,601318,14:15:35,54.0000,5,4
2026-05-26,601318,14:15:38,54.0000,48,1
2026-05-26,601318,14:15:41,54.0000,51,1
2026-05-26,601318,14:15:44,54.0000,133,1
2026-05-26,601318,14:15:47,54.0100,11,1
2026-05-26,601318,14:15:50,54.0100,24,1
2026-05-26,601318,14:15:53,54.0100,219,1
2026-05-26,601318,14:15:56,54.0100,10,2
2026-05-26,601318,14:15:59,54.0200,179,1
2026-05-26,601318,14:16:02,54.0100,74,2
2026-05-26,601318,14:16:05,54.0200,39,1
2026-05-26,601318,14:16:08,54.0200,14,1
2026-05-26,601318,14:16:11,54.0200,15,1
2026-05-26,601318,14:16:14,54.0100,218,2
2026-05-26,601318,14:16:17,54.0200,57,1
2026-05-26,601318,14:16:20,54.0200,10,4
2026-05-26,601318,14:16:23,54.0100,71,2
2026-05-26,601318,14:16:26,54.0100,16,2
2026-05-26,601318,14:16:29,54.0200,56,1
2026-05-26,601318,14:16:32,54.0200,136,1
2026-05-26,601318,14:16:35,54.0200,154,2
2026-05-26,601318,14:16:38,54.0200,4,4
2026-05-26,601318,14:16:41,54.0100,46,2
2026-05-26,601318,14:16:44,54.0100,17,2
2026-05-26,601318,14:16:47,54.0200,12,1
2026-05-26,601318,14:16:50,54.0200,52,1
2026-05-26,601318,14:16:53,54.0100,36,2
2026-05-26,601318,14:16:56,54.0200,19,1
2026-05-26,601318,14:16:59,54.0200,179,1
2026-05-26,601318,14:17:02,54.0200,8,1
2026-05-26,601318,14:17:05,53.9900,920,2
2026-05-26,601318,14:17:08,53.9800,41,2
2026-05-26,601318,14:17:11,53.9900,26,1
2026-05-26,601318,14:17:14,53.9900,186,1
2026-05-26,601318,14:17:17,54.0000,13,1
2026-05-26,601318,14:17:20,53.9900,31,4
2026-05-26,601318,14:17:23,54.0000,215,1
2026-05-26,601318,14:17:26,53.9900,31,2
2026-05-26,601318,14:17:29,54.0000,323,1
2026-05-26,601318,14:17:32,54.0000,13,4
2026-05-26,601318,14:17:35,54.0000,5,4
2026-05-26,601318,14:17:38,54.0000,99,1
2026-05-26,601318,14:17:41,53.9900,27,2
2026-05-26,601318,14:17:44,53.9900,89,1
2026-05-26,601318,14:17:47,54.0000,189,1
2026-05-26,601318,14:17:50,53.9900,15,1
2026-05-26,601318,14:17:53,53.9900,212,2
2026-05-26,601318,14:17:56,54.0000,2,1
2026-05-26,601318,14:17:59,53.9900,180,2
2026-05-26,601318,14:18:02,53.9900,38,1
2026-05-26,601318,14:18:05,53.9900,137,1
2026-05-26,601318,14:18:08,53.9900,7,1
2026-05-26,601318,14:18:11,53.9900,67,1
2026-05-26,601318,14:18:14,53.9900,282,1
2026-05-26,601318,14:18:17,53.9900,10,1
2026-05-26,601318,14:18:20,53.9900,15,1
2026-05-26,601318,14:18:23,53.9900,77,1
2026-05-26,601318,14:18:26,53.9900,17,1
2026-05-26,601318,14:18:29,53.9900,165,1
2026-05-26,601318,14:18:32,54.0000,55,1
2026-05-26,601318,14:18:35,53.9900,94,2
2026-05-26,601318,14:18:38,53.9900,21,1
2026-05-26,601318,14:18:41,53.9900,25,1
2026-05-26,601318,14:18:44,54.0000,142,1
2026-05-26,601318,14:18:47,54.0000,145,1
2026-05-26,601318,14:18:50,54.0000,14,1
2026-05-26,601318,14:18:53,53.9900,579,2
2026-05-26,601318,14:18:56,53.9900,79,1
2026-05-26,601318,14:18:59,54.0000,175,1
2026-05-26,601318,14:19:02,53.9900,16,2
2026-05-26,601318,14:19:05,54.0000,31,1
2026-05-26,601318,14:19:08,54.0000,78,1
2026-05-26,601318,14:19:14,54.0000,181,2
2026-05-26,601318,14:19:17,54.0100,37,1
2026-05-26,601318,14:19:23,54.0100,19,2
2026-05-26,601318,14:19:26,54.0100,30,2
2026-05-26,601318,14:19:29,54.0200,183,1
2026-05-26,601318,14:19:32,54.0200,3,1
2026-05-26,601318,14:19:35,54.0100,47,2
2026-05-26,601318,14:19:38,54.0200,86,1
2026-05-26,601318,14:19:41,54.0200,20,1
2026-05-26,601318,14:19:44,54.0200,67,1
2026-05-26,601318,14:19:47,54.0300,12,1
2026-05-26,601318,14:19:50,54.0300,6,1
2026-05-26,601318,14:19:53,54.0100,131,2
2026-05-26,601318,14:19:56,54.0200,80,1
2026-05-26,601318,14:19:59,54.0200,181,1
2026-05-26,601318,14:20:02,54.0100,33,2
2026-05-26,601318,14:20:05,54.0200,53,1
2026-05-26,601318,14:20:08,54.0100,113,2
2026-05-26,601318,14:20:11,54.0300,310,1
2026-05-26,601318,14:20:14,54.0100,171,2
2026-05-26,601318,14:20:17,54.0100,15,1
2026-05-26,601318,14:20:20,54.0100,27,1
2026-05-26,601318,14:20:23,54.0100,1137,1
2026-05-26,601318,14:20:26,54.0100,45,1
2026-05-26,601318,14:20:29,54.0100,52,1
2026-05-26,601318,14:20:32,54.0100,21,2
2026-05-26,601318,14:20:35,54.0100,163,2
2026-05-26,601318,14:20:38,54.0200,54,1
2026-05-26,601318,14:20:41,54.0100,37,2
2026-05-26,601318,14:20:44,54.0200,200,1
2026-05-26,601318,14:20:47,54.0100,104,2
2026-05-26,601318,14:20:50,54.0100,16,2
2026-05-26,601318,14:20:53,54.0100,50,2
2026-05-26,601318,14:20:56,54.0000,40,2
2026-05-26,601318,14:20:59,54.0100,338,1
2026-05-26,601318,14:21:02,54.0100,174,1
2026-05-26,601318,14:21:05,54.0000,732,2
2026-05-26,601318,14:21:08,54.0000,233,1
2026-05-26,601318,14:21:11,53.9900,41,2
2026-05-26,601318,14:21:14,54.0000,167,1
2026-05-26,601318,14:21:17,54.0000,14,1
2026-05-26,601318,14:21:20,54.0000,62,1
2026-05-26,601318,14:21:23,54.0000,39,2
2026-05-26,601318,14:21:26,54.0000,23,2
2026-05-26,601318,14:21:29,54.0100,62,1
2026-05-26,601318,14:21:32,54.0400,195,1
2026-05-26,601318,14:21:35,54.0200,102,2
2026-05-26,601318,14:21:38,54.0200,68,2
2026-05-26,601318,14:21:41,54.0200,46,2
2026-05-26,601318,14:21:44,54.0200,183,1
2026-05-26,601318,14:21:47,54.0100,15,2
2026-05-26,601318,14:21:50,54.0200,59,1
2026-05-26,601318,14:21:53,54.0100,16,2
2026-05-26,601318,14:21:56,54.0200,17,1
2026-05-26,601318,14:21:59,54.0200,128,1
2026-05-26,601318,14:22:02,54.0300,45,1
2026-05-26,601318,14:22:05,54.0200,25,2
2026-05-26,601318,14:22:08,54.0300,2,1
2026-05-26,601318,14:22:11,54.0200,16,2
2026-05-26,601318,14:22:14,54.0300,146,1
2026-05-26,601318,14:22:17,54.0300,8,2
2026-05-26,601318,14:22:20,54.0300,13,2
2026-05-26,601318,14:22:23,54.0300,15,2
2026-05-26,601318,14:22:26,54.0400,12,1
2026-05-26,601318,14:22:29,54.0400,59,1
2026-05-26,601318,14:22:32,54.0400,82,1
2026-05-26,601318,14:22:35,54.0300,129,2
2026-05-26,601318,14:22:38,54.0300,45,2
2026-05-26,601318,14:22:41,54.0400,43,1
2026-05-26,601318,14:22:44,54.0400,55,1
2026-05-26,601318,14:22:47,54.0300,15,2
2026-05-26,601318,14:22:50,54.0400,21,1
2026-05-26,601318,14:22:53,54.0300,124,2
2026-05-26,601318,14:22:56,54.0400,90,1
2026-05-26,601318,14:22:59,54.0400,9,1
2026-05-26,601318,14:23:02,54.0400,19,1
2026-05-26,601318,14:23:05,54.0400,72,1
2026-05-26,601318,14:23:08,54.0300,80,2
2026-05-26,601318,14:23:11,54.0400,76,1
2026-05-26,601318,14:23:14,54.0400,129,1
2026-05-26,601318,14:23:17,54.0400,52,1
2026-05-26,601318,14:23:20,54.0300,17,2
2026-05-26,601318,14:23:23,54.0400,70,1
2026-05-26,601318,14:23:26,54.0300,48,2
2026-05-26,601318,14:23:29,54.0300,69,2
2026-05-26,601318,14:23:32,54.0200,196,2
2026-05-26,601318,14:23:35,54.0200,245,2
2026-05-26,601318,14:23:38,54.0200,58,1
2026-05-26,601318,14:23:41,54.0200,19,1
2026-05-26,601318,14:23:44,54.0200,244,1
2026-05-26,601318,14:23:47,54.0200,25,1
2026-05-26,601318,14:23:50,54.0200,48,1
2026-05-26,601318,14:23:53,54.0200,23,1
2026-05-26,601318,14:23:56,54.0200,18,1
2026-05-26,601318,14:23:59,54.0300,163,1
2026-05-26,601318,14:24:02,54.0200,97,2
2026-05-26,601318,14:24:05,54.0300,93,2
2026-05-26,601318,14:24:08,54.0300,10,1
2026-05-26,601318,14:24:14,54.0400,14,1
2026-05-26,601318,14:24:17,54.0400,22,1
2026-05-26,601318,14:24:20,54.0300,29,2
2026-05-26,601318,14:24:23,54.0400,125,1
2026-05-26,601318,14:24:26,54.0300,33,2
2026-05-26,601318,14:24:29,54.0300,26,2
2026-05-26,601318,14:24:32,54.0400,29,1
2026-05-26,601318,14:24:35,54.0300,160,2
2026-05-26,601318,14:24:38,54.0400,106,1
2026-05-26,601318,14:24:41,54.0400,5,1
2026-05-26,601318,14:24:44,54.0400,134,1
2026-05-26,601318,14:24:47,54.0300,55,2
2026-05-26,601318,14:24:50,54.0400,13,1
2026-05-26,601318,14:24:53,54.0400,156,1
2026-05-26,601318,14:24:56,54.0300,8,2
2026-05-26,601318,14:24:59,54.0300,129,2
2026-05-26,601318,14:25:02,54.0500,94,1
2026-05-26,601318,14:25:05,54.0500,127,1
2026-05-26,601318,14:25:08,54.0400,19,1
2026-05-26,601318,14:25:11,54.0500,170,1
2026-05-26,601318,14:25:14,54.0500,197,1
2026-05-26,601318,14:25:17,54.0500,30,1
2026-05-26,601318,14:25:20,54.0500,185,1
2026-05-26,601318,14:25:23,54.0400,138,2
2026-05-26,601318,14:25:26,54.0500,179,1
2026-05-26,601318,14:25:29,54.1300,4546,1
2026-05-26,601318,14:25:32,54.1300,1945,1
2026-05-26,601318,14:25:35,54.1200,242,1
2026-05-26,601318,14:25:38,54.1000,39,1
2026-05-26,601318,14:25:41,54.1000,49,1
2026-05-26,601318,14:25:44,54.1000,68,1
2026-05-26,601318,14:25:47,54.0900,48,4
2026-05-26,601318,14:25:50,54.0900,144,4
2026-05-26,601318,14:25:53,54.0800,64,2
2026-05-26,601318,14:25:56,54.0800,13,1
2026-05-26,601318,14:25:59,54.0800,20,1
2026-05-26,601318,14:26:02,54.0800,30,1
2026-05-26,601318,14:26:05,54.0800,119,2
2026-05-26,601318,14:26:08,54.1000,2,1
2026-05-26,601318,14:26:11,54.1000,20,1
2026-05-26,601318,14:26:14,54.0900,85,2
2026-05-26,601318,14:26:17,54.1000,38,1
2026-05-26,601318,14:26:20,54.1000,37,2
2026-05-26,601318,14:26:23,54.0900,83,2
2026-05-26,601318,14:26:26,54.0900,31,2
2026-05-26,601318,14:26:29,54.1000,97,1
2026-05-26,601318,14:26:32,54.1000,73,1
2026-05-26,601318,14:26:35,54.1000,24,1
2026-05-26,601318,14:26:38,54.1000,48,1
2026-05-26,601318,14:26:41,54.1100,130,1
2026-05-26,601318,14:26:44,54.1100,23,1
2026-05-26,601318,14:26:47,54.1000,19,2
2026-05-26,601318,14:26:50,54.1100,102,1
2026-05-26,601318,14:26:53,54.1000,533,2
2026-05-26,601318,14:26:56,54.1100,80,1
2026-05-26,601318,14:26:59,54.1100,13,1
2026-05-26,601318,14:27:02,54.1100,91,1
2026-05-26,601318,14:27:05,54.1000,189,2
2026-05-26,601318,14:27:08,54.1100,30,1
2026-05-26,601318,14:27:11,54.1300,273,1
2026-05-26,601318,14:27:14,54.1200,212,4
2026-05-26,601318,14:27:17,54.1200,138,1
2026-05-26,601318,14:27:20,54.1100,49,2
2026-05-26,601318,14:27:23,54.1000,114,2
2026-05-26,601318,14:27:26,54.1000,61,2
2026-05-26,601318,14:27:29,54.1000,62,1
2026-05-26,601318,14:27:32,54.1000,7,1
2026-05-26,601318,14:27:35,54.1000,65,1
2026-05-26,601318,14:27:38,54.1300,172,1
2026-05-26,601318,14:27:41,54.1000,87,2
2026-05-26,601318,14:27:44,54.1100,4,4
2026-05-26,601318,14:27:47,54.1000,12,2
2026-05-26,601318,14:27:50,54.1100,54,4
2026-05-26,601318,14:27:53,54.1000,206,2
2026-05-26,601318,14:27:56,54.1200,14,1
2026-05-26,601318,14:27:59,54.1100,32,1
2026-05-26,601318,14:28:02,54.1000,67,2
2026-05-26,601318,14:28:05,54.1100,57,1
2026-05-26,601318,14:28:08,54.1000,18,2
2026-05-26,601318,14:28:11,54.1000,14,1
2026-05-26,601318,14:28:14,54.1000,265,1
2026-05-26,601318,14:28:17,54.0900,58,2
2026-05-26,601318,14:28:20,54.1100,41,1
2026-05-26,601318,14:28:23,54.0900,374,2
2026-05-26,601318,14:28:26,54.0900,40,1
2026-05-26,601318,14:28:29,54.0900,39,1
2026-05-26,601318,14:28:32,54.0900,230,1
2026-05-26,601318,14:28:35,54.0900,185,2
2026-05-26,601318,14:28:38,54.0900,81,2
2026-05-26,601318,14:28:41,54.1000,38,1
2026-05-26,601318,14:28:44,54.0800,188,2
2026-05-26,601318,14:28:47,54.0900,46,2
2026-05-26,601318,14:28:50,54.0900,60,4
2026-05-26,601318,14:28:53,54.1000,37,1
2026-05-26,601318,14:28:56,54.1000,23,1
2026-05-26,601318,14:28:59,54.0800,171,2
2026-05-26,601318,14:29:02,54.0800,370,2
2026-05-26,601318,14:29:05,54.0500,276,2
2026-05-26,601318,14:29:08,54.0500,14,2
2026-05-26,601318,14:29:11,54.0600,19,4
2026-05-26,601318,14:29:14,54.0700,146,1
2026-05-26,601318,14:29:17,54.0600,15,2
2026-05-26,601318,14:29:20,54.0700,52,1
2026-05-26,601318,14:29:23,54.0700,13,1
2026-05-26,601318,14:29:26,54.0700,28,1
2026-05-26,601318,14:29:29,54.0800,39,1
2026-05-26,601318,14:29:32,54.0800,160,1
2026-05-26,601318,14:29:35,54.0800,100,1
2026-05-26,601318,14:29:38,54.0800,5,2
2026-05-26,601318,14:29:41,54.0900,10,1
2026-05-26,601318,14:29:44,54.0800,20,2
2026-05-26,601318,14:29:47,54.0900,11,1
2026-05-26,601318,14:29:50,54.0900,16,1
2026-05-26,601318,14:29:53,54.0900,12,2
2026-05-26,601318,14:29:56,54.0800,35,2
2026-05-26,601318,14:29:59,54.1000,21,1
2026-05-26,601318,14:30:02,54.1000,35,1
2026-05-26,601318,14:30:05,54.1100,40,1
2026-05-26,601318,14:30:08,54.1000,9,2
2026-05-26,601318,14:30:11,54.1100,9,1
2026-05-26,601318,14:30:14,54.1100,167,1
2026-05-26,601318,14:30:17,54.1100,46,1
2026-05-26,601318,14:30:20,54.1000,95,2
2026-05-26,601318,14:30:23,54.1100,28,4
2026-05-26,601318,14:30:26,54.1200,259,1
2026-05-26,601318,14:30:29,54.1000,108,2
2026-05-26,601318,14:30:32,54.0900,169,2
2026-05-26,601318,14:30:35,54.1000,61,1
2026-05-26,601318,14:30:38,54.1000,211,1
2026-05-26,601318,14:30:41,54.1000,20,1
2026-05-26,601318,14:30:44,54.0900,162,2
2026-05-26,601318,14:30:47,54.1100,10,1
2026-05-26,601318,14:30:50,54.1100,2,2
2026-05-26,601318,14:30:53,54.1200,20,1
2026-05-26,601318,14:30:56,54.1200,37,1
2026-05-26,601318,14:30:59,54.1200,54,1
2026-05-26,601318,14:31:02,54.1300,74,1
2026-05-26,601318,14:31:05,54.1200,23,2
2026-05-26,601318,14:31:08,54.1300,52,1
2026-05-26,601318,14:31:11,54.1400,370,1
2026-05-26,601318,14:31:14,54.1300,14,2
2026-05-26,601318,14:31:17,54.1400,15,1
2026-05-26,601318,14:31:20,54.1400,36,1
2026-05-26,601318,14:31:23,54.1400,48,1
2026-05-26,601318,14:31:26,54.1400,176,1
2026-05-26,601318,14:31:29,54.1600,1332,1
2026-05-26,601318,14:31:32,54.1500,103,2
2026-05-26,601318,14:31:35,54.1300,1960,2
2026-05-26,601318,14:31:38,54.1300,25,1
2026-05-26,601318,14:31:41,54.1400,51,1
2026-05-26,601318,14:31:44,54.1300,129,2
2026-05-26,601318,14:31:47,54.1300,23,2
2026-05-26,601318,14:31:50,54.1300,40,2
2026-05-26,601318,14:31:53,54.1400,77,1
2026-05-26,601318,14:31:56,54.1500,338,1
2026-05-26,601318,14:31:59,54.1300,254,2
2026-05-26,601318,14:32:02,54.1300,37,1
2026-05-26,601318,14:32:05,54.1300,225,1
2026-05-26,601318,14:32:08,54.1400,551,1
2026-05-26,601318,14:32:11,54.1300,30,2
2026-05-26,601318,14:32:14,54.1400,257,1
2026-05-26,601318,14:32:17,54.1300,57,2
2026-05-26,601318,14:32:20,54.1400,33,1
2026-05-26,601318,14:32:23,54.1400,9,1
2026-05-26,601318,14:32:26,54.1400,216,1
2026-05-26,601318,14:32:29,54.1400,15,1
2026-05-26,601318,14:32:32,54.1500,15,1
2026-05-26,601318,14:32:35,54.1400,52,2
2026-05-26,601318,14:32:38,54.1400,302,2
2026-05-26,601318,14:32:41,54.1500,239,1
2026-05-26,601318,14:32:44,54.1500,46,2
2026-05-26,601318,14:32:47,54.1600,67,1
2026-05-26,601318,14:32:50,54.1500,3,2
2026-05-26,601318,14:32:53,54.1600,35,1
2026-05-26,601318,14:32:56,54.1500,559,2
2026-05-26,601318,14:32:59,54.1500,73,2
2026-05-26,601318,14:33:02,54.1600,251,1
2026-05-26,601318,14:33:05,54.1700,216,1
2026-05-26,601318,14:33:08,54.1600,132,2
2026-05-26,601318,14:33:11,54.1700,60,1
2026-05-26,601318,14:33:14,54.1600,18,2
2026-05-26,601318,14:33:17,54.1700,27,1
2026-05-26,601318,14:33:20,54.1700,41,1
2026-05-26,601318,14:33:23,54.1700,233,1
2026-05-26,601318,14:33:26,54.1800,132,1
2026-05-26,601318,14:33:29,54.1700,175,2
2026-05-26,601318,14:33:32,54.1800,374,1
2026-05-26,601318,14:33:35,54.1900,61,1
2026-05-26,601318,14:33:38,54.1800,44,2
2026-05-26,601318,14:33:41,54.1900,347,1
2026-05-26,601318,14:33:44,54.2000,379,1
2026-05-26,601318,14:33:47,54.2000,274,1
2026-05-26,601318,14:33:50,54.1900,452,2
2026-05-26,601318,14:33:53,54.1800,715,2
2026-05-26,601318,14:33:56,54.1900,86,1
2026-05-26,601318,14:33:59,54.1800,16,4
2026-05-26,601318,14:34:02,54.1500,730,2
2026-05-26,601318,14:34:05,54.1400,517,2
2026-05-26,601318,14:34:08,54.1500,136,1
2026-05-26,601318,14:34:11,54.1400,31,4
2026-05-26,601318,14:34:14,54.1500,70,1
2026-05-26,601318,14:34:17,54.1300,20,2
2026-05-26,601318,14:34:20,54.1300,105,2
2026-05-26,601318,14:34:23,54.1400,31,1
2026-05-26,601318,14:34:26,54.1500,64,1
2026-05-26,601318,14:34:29,54.1700,122,1
2026-05-26,601318,14:34:32,54.1700,4,1
2026-05-26,601318,14:34:35,54.1600,4,2
2026-05-26,601318,14:34:38,54.1600,18,2
2026-05-26,601318,14:34:41,54.1700,14,1
2026-05-26,601318,14:34:44,54.1500,35,2
2026-05-26,601318,14:34:47,54.1700,26,1
2026-05-26,601318,14:34:50,54.1600,30,4
2026-05-26,601318,14:34:53,54.1600,1,1
2026-05-26,601318,14:34:56,54.1500,48,2
2026-05-26,601318,14:34:59,54.1500,9,2
2026-05-26,601318,14:35:02,54.1600,36,1
2026-05-26,601318,14:35:05,54.1500,77,2
2026-05-26,601318,14:35:08,54.1500,29,2
2026-05-26,601318,14:35:11,54.1600,19,1
2026-05-26,601318,14:35:14,54.1500,231,2
2026-05-26,601318,14:35:17,54.1600,12,1
2026-05-26,601318,14:35:20,54.1500,1,2
2026-05-26,601318,14:35:23,54.1500,11,2
2026-05-26,601318,14:35:26,54.1600,122,1
2026-05-26,601318,14:35:29,54.1600,42,1
2026-05-26,601318,14:35:32,54.1500,24,2
2026-05-26,601318,14:35:35,54.1600,54,1
2026-05-26,601318,14:35:38,54.1600,36,1
2026-05-26,601318,14:35:41,54.1600,9,1
2026-05-26,601318,14:35:44,54.1500,17,2
2026-05-26,601318,14:35:47,54.1600,28,1
2026-05-26,601318,14:35:50,54.1500,10,2
2026-05-26,601318,14:35:53,54.1600,10,1
2026-05-26,601318,14:35:56,54.1600,101,1
2026-05-26,601318,14:35:59,54.1600,27,1
2026-05-26,601318,14:36:02,54.1600,54,2
2026-05-26,601318,14:36:05,54.1700,37,1
2026-05-26,601318,14:36:08,54.1700,75,1
2026-05-26,601318,14:36:11,54.1600,74,2
2026-05-26,601318,14:36:14,54.1700,73,1
2026-05-26,601318,14:36:17,54.1600,115,2
2026-05-26,601318,14:36:20,54.1700,33,1
2026-05-26,601318,14:36:23,54.1700,78,1
2026-05-26,601318,14:36:26,54.1600,186,2
2026-05-26,601318,14:36:29,54.1600,141,1
2026-05-26,601318,14:36:32,54.1600,183,2
2026-05-26,601318,14:36:35,54.1700,247,1
2026-05-26,601318,14:36:38,54.1800,45,1
2026-05-26,601318,14:36:41,54.1800,148,1
2026-05-26,601318,14:36:44,54.1900,336,1
2026-05-26,601318,14:36:47,54.1800,7,2
2026-05-26,601318,14:36:50,54.1900,26,1
2026-05-26,601318,14:36:53,54.1900,969,1
2026-05-26,601318,14:36:56,54.2000,146,1
2026-05-26,601318,14:36:59,54.2000,85,1
2026-05-26,601318,14:37:02,54.2000,44,1
2026-05-26,601318,14:37:05,54.2000,180,1
2026-05-26,601318,14:37:08,54.1900,36,2
2026-05-26,601318,14:37:11,54.2000,99,1
2026-05-26,601318,14:37:14,54.2000,129,1
2026-05-26,601318,14:37:17,54.1900,102,2
2026-05-26,601318,14:37:20,54.1900,61,2
2026-05-26,601318,14:37:23,54.1600,1034,2
2026-05-26,601318,14:37:26,54.1600,255,2
2026-05-26,601318,14:37:29,54.1600,31,1
2026-05-26,601318,14:37:32,54.1500,40,2
2026-05-26,601318,14:37:35,54.1400,491,2
2026-05-26,601318,14:37:38,54.1500,31,1
2026-05-26,601318,14:37:41,54.1500,41,1
2026-05-26,601318,14:37:44,54.1400,325,2
2026-05-26,601318,14:37:47,54.1400,69,1
2026-05-26,601318,14:37:50,54.1300,147,2
2026-05-26,601318,14:37:53,54.1400,37,1
2026-05-26,601318,14:37:56,54.1300,424,2
2026-05-26,601318,14:37:59,54.1300,54,2
2026-05-26,601318,14:38:02,54.1200,53,2
2026-05-26,601318,14:38:05,54.1200,26,2
2026-05-26,601318,14:38:08,54.1300,57,1
2026-05-26,601318,14:38:11,54.1200,94,2
2026-05-26,601318,14:38:14,54.1200,348,2
2026-05-26,601318,14:38:17,54.1200,24,2
2026-05-26,601318,14:38:20,54.1300,18,1
2026-05-26,601318,14:38:23,54.1300,13,2
2026-05-26,601318,14:38:26,54.1300,62,2
2026-05-26,601318,14:38:29,54.1200,28,2
2026-05-26,601318,14:38:32,54.1300,37,1
2026-05-26,601318,14:38:35,54.1300,166,2
2026-05-26,601318,14:38:38,54.1400,62,1
2026-05-26,601318,14:38:41,54.1400,24,1
2026-05-26,601318,14:38:44,54.1300,97,2
2026-05-26,601318,14:38:47,54.1300,52,2
2026-05-26,601318,14:38:50,54.1300,13,2
2026-05-26,601318,14:38:53,54.1300,33,2
2026-05-26,601318,14:38:56,54.1200,255,2
2026-05-26,601318,14:38:59,54.1200,35,2
2026-05-26,601318,14:39:02,54.1400,99,1
2026-05-26,601318,14:39:05,54.1400,105,1
2026-05-26,601318,14:39:08,54.1400,84,1
2026-05-26,601318,14:39:11,54.1500,39,1
2026-05-26,601318,14:39:14,54.1400,37,2
2026-05-26,601318,14:39:17,54.1300,36,2
2026-05-26,601318,14:39:20,54.1400,10,1
2026-05-26,601318,14:39:23,54.1400,15,2
2026-05-26,601318,14:39:26,54.1400,42,2
2026-05-26,601318,14:39:29,54.1500,30,1
2026-05-26,601318,14:39:32,54.1500,25,4
2026-05-26,601318,14:39:35,54.1500,6,1
2026-05-26,601318,14:39:38,54.1600,14,1
2026-05-26,601318,14:39:41,54.1500,13,2
2026-05-26,601318,14:39:44,54.1500,48,2
2026-05-26,601318,14:39:47,54.1600,149,1
2026-05-26,601318,14:39:50,54.1600,95,2
2026-05-26,601318,14:39:53,54.1600,65,2
2026-05-26,601318,14:39:56,54.1500,91,2
2026-05-26,601318,14:39:59,54.1600,15,1
2026-05-26,601318,14:40:02,54.1500,13,2
2026-05-26,601318,14:40:05,54.1700,107,1
2026-05-26,601318,14:40:08,54.1700,45,1
2026-05-26,601318,14:40:11,54.1900,104,1
2026-05-26,601318,14:40:14,54.1700,64,2
2026-05-26,601318,14:40:17,54.1700,97,2
2026-05-26,601318,14:40:20,54.1900,128,1
2026-05-26,601318,14:40:23,54.1800,29,4
2026-05-26,601318,14:40:26,54.1900,118,1
2026-05-26,601318,14:40:29,54.1900,95,1
2026-05-26,601318,14:40:32,54.1900,27,1
2026-05-26,601318,14:40:35,54.1900,60,1
2026-05-26,601318,14:40:38,54.1900,47,1
2026-05-26,601318,14:40:41,54.1900,15,1
2026-05-26,601318,14:40:44,54.1900,89,1
2026-05-26,601318,14:40:47,54.1900,170,1
2026-05-26,601318,14:40:50,54.1900,50,2
2026-05-26,601318,14:40:53,54.1900,102,2
2026-05-26,601318,14:40:56,54.1900,174,2
2026-05-26,601318,14:40:59,54.2000,62,1
2026-05-26,601318,14:41:02,54.2000,76,1
2026-05-26,601318,14:41:05,54.1800,372,2
2026-05-26,601318,14:41:08,54.1900,154,1
2026-05-26,601318,14:41:11,54.1900,84,1
2026-05-26,601318,14:41:14,54.1900,73,1
2026-05-26,601318,14:41:17,54.1700,75,2
2026-05-26,601318,14:41:20,54.1900,24,1
2026-05-26,601318,14:41:23,54.1800,21,2
2026-05-26,601318,14:41:26,54.1900,211,1
2026-05-26,601318,14:41:29,54.1900,18,1
2026-05-26,601318,14:41:32,54.1900,161,1
2026-05-26,601318,14:41:35,54.1800,150,2
2026-05-26,601318,14:41:38,54.1900,324,1
2026-05-26,601318,14:41:41,54.1800,28,2
2026-05-26,601318,14:41:44,54.1800,208,2
2026-05-26,601318,14:41:47,54.1900,136,1
2026-05-26,601318,14:41:50,54.1800,7,2
2026-05-26,601318,14:41:53,54.1900,34,1
2026-05-26,601318,14:41:56,54.1900,29,1
2026-05-26,601318,14:41:59,54.1900,21,1
2026-05-26,601318,14:42:02,54.1900,128,1
2026-05-26,601318,14:42:05,54.1800,351,2
2026-05-26,601318,14:42:08,54.1900,31,1
2026-05-26,601318,14:42:11,54.1900,30,1
2026-05-26,601318,14:42:14,54.1800,79,2
2026-05-26,601318,14:42:17,54.1900,125,1
2026-05-26,601318,14:42:20,54.1900,93,2
2026-05-26,601318,14:42:23,54.1900,50,1
2026-05-26,601318,14:42:26,54.1700,165,2
2026-05-26,601318,14:42:29,54.1800,26,1
2026-05-26,601318,14:42:32,54.1800,96,1
2026-05-26,601318,14:42:35,54.1700,229,2
2026-05-26,601318,14:42:38,54.1800,88,1
2026-05-26,601318,14:42:41,54.1800,47,1
2026-05-26,601318,14:42:44,54.1800,45,2
2026-05-26,601318,14:42:47,54.1800,39,1
2026-05-26,601318,14:42:50,54.1800,329,1
2026-05-26,601318,14:42:53,54.1800,177,2
2026-05-26,601318,14:42:56,54.1800,267,2
2026-05-26,601318,14:42:59,54.1800,115,1
2026-05-26,601318,14:43:02,54.1800,143,1
2026-05-26,601318,14:43:05,54.1800,149,2
2026-05-26,601318,14:43:08,54.1800,98,2
2026-05-26,601318,14:43:11,54.1900,43,1
2026-05-26,601318,14:43:14,54.2000,49,1
2026-05-26,601318,14:43:17,54.2000,21,1
2026-05-26,601318,14:43:20,54.2000,69,1
2026-05-26,601318,14:43:23,54.2100,74,1
2026-05-26,601318,14:43:26,54.2000,33,2
2026-05-26,601318,14:43:29,54.2000,51,2
2026-05-26,601318,14:43:32,54.1900,160,2
2026-05-26,601318,14:43:35,54.1900,266,1
2026-05-26,601318,14:43:38,54.2100,130,1
2026-05-26,601318,14:43:41,54.2000,60,1
2026-05-26,601318,14:43:44,54.2000,30,1
2026-05-26,601318,14:43:47,54.1900,185,2
2026-05-26,601318,14:43:50,54.1900,206,1
2026-05-26,601318,14:43:53,54.2000,326,1
2026-05-26,601318,14:43:56,54.1900,209,4
2026-05-26,601318,14:43:59,54.1800,228,2
2026-05-26,601318,14:44:02,54.1600,107,2
2026-05-26,601318,14:44:05,54.1800,27,1
2026-05-26,601318,14:44:08,54.1800,5,1
2026-05-26,601318,14:44:11,54.1700,73,1
2026-05-26,601318,14:44:14,54.1600,22,2
2026-05-26,601318,14:44:17,54.1700,110,1
2026-05-26,601318,14:44:20,54.1600,71,2
2026-05-26,601318,14:44:23,54.1700,75,1
2026-05-26,601318,14:44:26,54.1600,248,2
2026-05-26,601318,14:44:29,54.1600,16,2
2026-05-26,601318,14:44:32,54.1700,10,1
2026-05-26,601318,14:44:35,54.1700,156,1
2026-05-26,601318,14:44:38,54.1700,28,1
2026-05-26,601318,14:44:41,54.1700,61,1
2026-05-26,601318,14:44:44,54.1700,47,1
2026-05-26,601318,14:44:47,54.1700,171,2
2026-05-26,601318,14:44:50,54.1800,761,1
2026-05-26,601318,14:44:53,54.1600,16,2
2026-05-26,601318,14:44:56,54.1600,35,2
2026-05-26,601318,14:44:59,54.1800,52,1
2026-05-26,601318,14:45:02,54.1700,33,2
2026-05-26,601318,14:45:05,54.1800,63,1
2026-05-26,601318,14:45:08,54.1800,76,1
2026-05-26,601318,14:45:11,54.1800,53,1
2026-05-26,601318,14:45:14,54.1800,26,1
2026-05-26,601318,14:45:17,54.1700,358,2
2026-05-26,601318,14:45:20,54.1700,57,2
2026-05-26,601318,14:45:23,54.1700,34,2
2026-05-26,601318,14:45:26,54.1700,341,2
2026-05-26,601318,14:45:29,54.1800,76,1
2026-05-26,601318,14:45:32,54.1800,72,1
2026-05-26,601318,14:45:35,54.1700,80,2
2026-05-26,601318,14:45:38,54.1700,36,2
2026-05-26,601318,14:45:41,54.1700,92,2
2026-05-26,601318,14:45:44,54.1600,374,2
2026-05-26,601318,14:45:47,54.1500,50,2
2026-05-26,601318,14:45:50,54.1500,800,2
2026-05-26,601318,14:45:53,54.1400,34,2
2026-05-26,601318,14:45:56,54.1400,142,2
2026-05-26,601318,14:45:59,54.1500,87,1
2026-05-26,601318,14:46:02,54.1500,87,1
2026-05-26,601318,14:46:05,54.1400,424,2
2026-05-26,601318,14:46:08,54.1500,93,1
2026-05-26,601318,14:46:11,54.1600,121,1
2026-05-26,601318,14:46:14,54.1500,52,2
2026-05-26,601318,14:46:17,54.1600,62,1
2026-05-26,601318,14:46:20,54.1500,11,2
2026-05-26,601318,14:46:23,54.1600,31,1
2026-05-26,601318,14:46:26,54.1500,83,2
2026-05-26,601318,14:46:29,54.1600,40,1
2026-05-26,601318,14:46:32,54.1600,31,1
2026-05-26,601318,14:46:35,54.1500,122,2
2026-05-26,601318,14:46:38,54.1500,14,2
2026-05-26,601318,14:46:41,54.1600,98,1
2026-05-26,601318,14:46:44,54.1600,33,1
2026-05-26,601318,14:46:47,54.1600,102,1
2026-05-26,601318,14:46:50,54.1500,19,2
2026-05-26,601318,14:46:53,54.1600,62,1
2026-05-26,601318,14:46:56,54.1600,359,1
2026-05-26,601318,14:46:59,54.1500,76,2
2026-05-26,601318,14:47:02,54.1500,171,2
2026-05-26,601318,14:47:05,54.1500,267,2
2026-05-26,601318,14:47:08,54.1500,98,2
2026-05-26,601318,14:47:11,54.1400,114,2
2026-05-26,601318,14:47:14,54.1500,63,1
2026-05-26,601318,14:47:17,54.1400,409,2
2026-05-26,601318,14:47:20,54.1400,258,2
2026-05-26,601318,14:47:23,54.1300,317,2
2026-05-26,601318,14:47:26,54.1300,260,2
2026-05-26,601318,14:47:29,54.1300,29,1
2026-05-26,601318,14:47:32,54.1200,91,2
2026-05-26,601318,14:47:35,54.1200,221,2
2026-05-26,601318,14:47:38,54.1300,91,1
2026-05-26,601318,14:47:41,54.1300,29,1
2026-05-26,601318,14:47:44,54.1300,36,1
2026-05-26,601318,14:47:47,54.1200,142,2
2026-05-26,601318,14:47:50,54.1200,86,1
2026-05-26,601318,14:47:53,54.1300,173,1
2026-05-26,601318,14:47:56,54.1300,213,2
2026-05-26,601318,14:47:59,54.1300,2,2
2026-05-26,601318,14:48:02,54.1300,102,2
2026-05-26,601318,14:48:05,54.1300,187,2
2026-05-26,601318,14:48:08,54.1300,63,1
2026-05-26,601318,14:48:11,54.1200,41,2
2026-05-26,601318,14:48:14,54.1400,262,1
2026-05-26,601318,14:48:17,54.1200,59,2
2026-05-26,601318,14:48:20,54.1300,55,1
2026-05-26,601318,14:48:23,54.1100,98,2
2026-05-26,601318,14:48:26,54.1200,30,4
2026-05-26,601318,14:48:29,54.1300,109,1
2026-05-26,601318,14:48:32,54.1200,32,1
2026-05-26,601318,14:48:35,54.1000,220,2
2026-05-26,601318,14:48:38,54.1100,83,1
2026-05-26,601318,14:48:41,54.1000,88,2
2026-05-26,601318,14:48:44,54.1100,172,1
2026-05-26,601318,14:48:47,54.1000,421,2
2026-05-26,601318,14:48:50,54.1000,143,2
2026-05-26,601318,14:48:53,54.1000,89,2
2026-05-26,601318,14:48:56,54.1000,90,2
2026-05-26,601318,14:48:59,54.1000,177,2
2026-05-26,601318,14:49:02,54.1000,171,1
2026-05-26,601318,14:49:05,54.0900,95,2
2026-05-26,601318,14:49:08,54.1100,14,1
2026-05-26,601318,14:49:11,54.1100,31,1
2026-05-26,601318,14:49:14,54.1100,23,1
2026-05-26,601318,14:49:17,54.1100,80,1
2026-05-26,601318,14:49:20,54.1200,111,1
2026-05-26,601318,14:49:23,54.1200,41,1
2026-05-26,601318,14:49:26,54.1100,191,2
2026-05-26,601318,14:49:29,54.1200,96,1
2026-05-26,601318,14:49:32,54.1200,12,2
2026-05-26,601318,14:49:35,54.1200,38,2
2026-05-26,601318,14:49:38,54.1400,59,1
2026-05-26,601318,14:49:41,54.1300,16,2
2026-05-26,601318,14:49:44,54.1300,26,2
2026-05-26,601318,14:49:47,54.1300,111,1
2026-05-26,601318,14:49:50,54.1200,388,2
2026-05-26,601318,14:49:53,54.1300,106,1
2026-05-26,601318,14:49:56,54.1200,188,2
2026-05-26,601318,14:49:59,54.1200,111,2
2026-05-26,601318,14:50:02,54.1200,153,2
2026-05-26,601318,14:50:05,54.1300,343,1
2026-05-26,601318,14:50:08,54.1300,102,1
2026-05-26,601318,14:50:11,54.1300,206,1
2026-05-26,601318,14:50:14,54.1300,99,2
2026-05-26,601318,14:50:17,54.1300,250,2
2026-05-26,601318,14:50:20,54.1400,209,1
2026-05-26,601318,14:50:23,54.1300,74,4
2026-05-26,601318,14:50:26,54.1400,268,1
2026-05-26,601318,14:50:29,54.1400,194,1
2026-05-26,601318,14:50:32,54.1400,172,1
2026-05-26,601318,14:50:35,54.1300,198,2
2026-05-26,601318,14:50:38,54.1300,99,2
2026-05-26,601318,14:50:41,54.1400,41,1
2026-05-26,601318,14:50:44,54.1400,64,1
2026-05-26,601318,14:50:47,54.1300,96,2
2026-05-26,601318,14:50:50,54.1400,186,1
2026-05-26,601318,14:50:53,54.1400,60,1
2026-05-26,601318,14:50:56,54.1400,344,1
2026-05-26,601318,14:50:59,54.1400,63,1
2026-05-26,601318,14:51:02,54.1400,947,1
2026-05-26,601318,14:51:05,54.1400,56,2
2026-05-26,601318,14:51:08,54.1600,18,1
2026-05-26,601318,14:51:11,54.1600,209,1
2026-05-26,601318,14:51:14,54.1700,17,1
2026-05-26,601318,14:51:17,54.1600,16,2
2026-05-26,601318,14:51:20,54.1500,251,2
2026-05-26,601318,14:51:23,54.1800,67,1
2026-05-26,601318,14:51:26,54.1500,124,2
2026-05-26,601318,14:51:29,54.1700,66,1
2026-05-26,601318,14:51:32,54.1700,140,1
2026-05-26,601318,14:51:35,54.1500,140,2
2026-05-26,601318,14:51:38,54.1500,116,2
2026-05-26,601318,14:51:41,54.1600,36,1
2026-05-26,601318,14:51:44,54.1600,85,1
2026-05-26,601318,14:51:47,54.1600,96,1
2026-05-26,601318,14:51:50,54.1700,17,1
2026-05-26,601318,14:51:53,54.1700,235,1
2026-05-26,601318,14:51:56,54.1800,50,1
2026-05-26,601318,14:51:59,54.1700,67,2
2026-05-26,601318,14:52:02,54.1800,40,2
2026-05-26,601318,14:52:05,54.1800,79,2
2026-05-26,601318,14:52:08,54.1600,387,2
2026-05-26,601318,14:52:11,54.1600,235,2
2026-05-26,601318,14:52:14,54.1600,104,2
2026-05-26,601318,14:52:17,54.1600,338,2
2026-05-26,601318,14:52:20,54.1600,41,2
2026-05-26,601318,14:52:23,54.1900,333,1
2026-05-26,601318,14:52:26,54.1800,51,1
2026-05-26,601318,14:52:29,54.2000,321,1
2026-05-26,601318,14:52:32,54.1800,113,2
2026-05-26,601318,14:52:35,54.1900,77,1
2026-05-26,601318,14:52:38,54.1900,162,1
2026-05-26,601318,14:52:41,54.2000,267,1
2026-05-26,601318,14:52:44,54.1900,96,2
2026-05-26,601318,14:52:47,54.2000,160,1
2026-05-26,601318,14:52:50,54.2100,65,1
2026-05-26,601318,14:52:53,54.2100,171,1
2026-05-26,601318,14:52:56,54.2000,80,2
2026-05-26,601318,14:52:59,54.2100,90,1
2026-05-26,601318,14:53:02,54.2100,711,1
2026-05-26,601318,14:53:05,54.2100,306,1
2026-05-26,601318,14:53:08,54.2100,81,1
2026-05-26,601318,14:53:11,54.2000,105,2
2026-05-26,601318,14:53:14,54.2000,27,2
2026-05-26,601318,14:53:17,54.2100,107,1
2026-05-26,601318,14:53:20,54.2100,54,2
2026-05-26,601318,14:53:23,54.2200,52,1
2026-05-26,601318,14:53:26,54.2200,152,1
2026-05-26,601318,14:53:29,54.2100,87,4
2026-05-26,601318,14:53:32,54.2100,102,1
2026-05-26,601318,14:53:35,54.2000,84,2
2026-05-26,601318,14:53:38,54.2100,18,1
2026-05-26,601318,14:53:41,54.2100,40,2
2026-05-26,601318,14:53:44,54.2100,41,2
2026-05-26,601318,14:53:47,54.2100,67,2
2026-05-26,601318,14:53:50,54.2100,132,2
2026-05-26,601318,14:53:53,54.2200,130,1
2026-05-26,601318,14:53:56,54.2300,147,1
2026-05-26,601318,14:53:59,54.2300,85,1
2026-05-26,601318,14:54:02,54.2400,882,1
2026-05-26,601318,14:54:05,54.2400,367,2
2026-05-26,601318,14:54:08,54.2400,68,2
2026-05-26,601318,14:54:11,54.2500,58,1
2026-05-26,601318,14:54:14,54.2600,433,1
2026-05-26,601318,14:54:17,54.2600,565,1
2026-05-26,601318,14:54:20,54.2700,25,1
2026-05-26,601318,14:54:23,54.2700,11,1
2026-05-26,601318,14:54:26,54.2700,318,1
2026-05-26,601318,14:54:29,54.2700,109,2
2026-05-26,601318,14:54:32,54.2600,1180,2
2026-05-26,601318,14:54:35,54.2600,162,2
2026-05-26,601318,14:54:38,54.2600,278,1
2026-05-26,601318,14:54:41,54.2700,80,1
2026-05-26,601318,14:54:44,54.2600,34,2
2026-05-26,601318,14:54:47,54.2700,114,1
2026-05-26,601318,14:54:50,54.2700,44,1
2026-05-26,601318,14:54:53,54.2700,69,1
2026-05-26,601318,14:54:56,54.2700,204,1
2026-05-26,601318,14:54:59,54.2700,264,1
2026-05-26,601318,14:55:02,54.2700,154,1
2026-05-26,601318,14:55:05,54.2700,321,1
2026-05-26,601318,14:55:08,54.2700,146,2
2026-05-26,601318,14:55:11,54.2800,147,1
2026-05-26,601318,14:55:14,54.2800,639,1
2026-05-26,601318,14:55:17,54.2700,1124,2
2026-05-26,601318,14:55:20,54.2800,427,1
2026-05-26,601318,14:55:23,54.2400,347,2
2026-05-26,601318,14:55:26,54.2600,297,2
2026-05-26,601318,14:55:29,54.2500,224,4
2026-05-26,601318,14:55:32,54.2500,198,2
2026-05-26,601318,14:55:35,54.2500,369,1
2026-05-26,601318,14:55:38,54.2600,318,1
2026-05-26,601318,14:55:41,54.2500,93,2
2026-05-26,601318,14:55:44,54.2600,79,1
2026-05-26,601318,14:55:47,54.2600,48,1
2026-05-26,601318,14:55:50,54.2600,34,2
2026-05-26,601318,14:55:53,54.2600,70,2
2026-05-26,601318,14:55:56,54.2700,44,1
2026-05-26,601318,14:55:59,54.2600,300,2
2026-05-26,601318,14:56:02,54.2400,373,2
2026-05-26,601318,14:56:05,54.2600,370,1
2026-05-26,601318,14:56:08,54.2600,226,2
2026-05-26,601318,14:56:11,54.2700,119,4
2026-05-26,601318,14:56:14,54.2700,26,2
2026-05-26,601318,14:56:17,54.2700,210,1
2026-05-26,601318,14:56:20,54.2700,133,2
2026-05-26,601318,14:56:23,54.2700,383,1
2026-05-26,601318,14:56:26,54.2700,94,1
2026-05-26,601318,14:56:29,54.2700,186,1
2026-05-26,601318,14:56:32,54.2600,167,2
2026-05-26,601318,14:56:35,54.2600,103,1
2026-05-26,601318,14:56:38,54.2700,63,1
2026-05-26,601318,14:56:41,54.2600,70,2
2026-05-26,601318,14:56:44,54.2600,129,2
2026-05-26,601318,14:56:47,54.2700,124,1
2026-05-26,601318,14:56:50,54.2800,161,1
2026-05-26,601318,14:56:53,54.2700,38,2
2026-05-26,601318,14:56:56,54.2800,342,1
2026-05-26,601318,14:56:59,54.2900,107,1
2026-05-26,601318,14:57:02,54.2800,36,2
2026-05-26,601318,15:00:02,54.2700,9764,4
2026-05-26,601318,13:16:41,54.1700,28,4
2026-05-26,601318,13:16:44,54.1700,87,2
2026-05-26,601318,13:16:47,54.1800,183,1
2026-05-26,601318,13:16:50,54.1800,157,2
2026-05-26,601318,13:16:53,54.1900,1,1
2026-05-26,601318,13:16:56,54.1800,85,2
2026-05-26,601318,13:16:59,54.1800,136,2
2026-05-26,601318,13:17:02,54.1900,305,1
2026-05-26,601318,13:17:05,54.1900,99,1
2026-05-26,601318,13:17:08,54.1900,81,2
2026-05-26,601318,13:17:11,54.2000,30,1
2026-05-26,601318,13:17:14,54.1900,47,2
2026-05-26,601318,13:17:17,54.1900,55,1
2026-05-26,601318,13:17:20,54.1900,163,1
2026-05-26,601318,13:17:23,54.1900,65,1
2026-05-26,601318,13:17:26,54.1900,72,1
2026-05-26,601318,13:17:29,54.1900,167,1
2026-05-26,601318,13:17:32,54.1900,25,1
2026-05-26,601318,13:17:35,54.1800,102,2
2026-05-26,601318,13:17:38,54.1900,9,1
2026-05-26,601318,13:17:41,54.2000,117,1
2026-05-26,601318,13:17:44,54.2000,16,1
2026-05-26,601318,13:17:47,54.2000,108,1
2026-05-26,601318,13:17:50,54.2000,91,2
2026-05-26,601318,13:17:53,54.2000,35,1
2026-05-26,601318,13:17:56,54.2000,19,1
2026-05-26,601318,13:17:59,54.1900,99,2
2026-05-26,601318,13:18:02,54.2000,211,1
2026-05-26,601318,13:18:05,54.2000,13,1
2026-05-26,601318,13:18:08,54.2000,24,1
2026-05-26,601318,13:18:11,54.1900,203,2
2026-05-26,601318,13:18:14,54.1900,23,1
2026-05-26,601318,13:18:17,54.2000,127,1
2026-05-26,601318,13:18:20,54.1900,268,4
2026-05-26,601318,13:18:23,54.1900,75,1
2026-05-26,601318,13:18:26,54.1900,19,1
2026-05-26,601318,13:18:29,54.1900,176,1
2026-05-26,601318,13:18:32,54.1900,151,1
2026-05-26,601318,13:18:35,54.1700,243,2
2026-05-26,601318,13:18:38,54.1700,143,2
2026-05-26,601318,13:18:41,54.1700,354,2
2026-05-26,601318,13:18:44,54.1700,348,2
2026-05-26,601318,13:18:47,54.1400,467,2
2026-05-26,601318,13:18:50,54.1600,289,1
2026-05-26,601318,13:18:53,54.1400,44,2
2026-05-26,601318,13:18:56,54.1400,215,2
2026-05-26,601318,13:18:59,54.1300,480,2
2026-05-26,601318,13:19:02,54.1300,276,2
2026-05-26,601318,13:19:05,54.1300,269,1
2026-05-26,601318,13:19:08,54.1300,512,1
2026-05-26,601318,13:19:11,54.1200,156,2
2026-05-26,601318,13:19:14,54.1200,195,1
2026-05-26,601318,13:19:17,54.1200,233,1
2026-05-26,601318,13:19:20,54.1100,138,2
2026-05-26,601318,13:19:23,54.1100,159,1
2026-05-26,601318,13:19:26,54.1100,58,2
2026-05-26,601318,13:19:29,54.1200,230,1
2026-05-26,601318,13:19:32,54.1300,417,2
2026-05-26,601318,13:19:35,54.1200,312,2
2026-05-26,601318,13:19:38,54.1400,66,1
2026-05-26,601318,13:19:41,54.1300,84,2
2026-05-26,601318,13:19:44,54.1400,282,1
2026-05-26,601318,13:19:47,54.1400,123,1
2026-05-26,601318,13:19:50,54.1400,154,1
2026-05-26,601318,13:19:53,54.1300,57,2
2026-05-26,601318,13:19:56,54.1300,116,2
2026-05-26,601318,13:19:59,54.1300,32,2
2026-05-26,601318,13:20:02,54.1300,72,1
2026-05-26,601318,13:20:05,54.1300,65,1
2026-05-26,601318,13:20:08,54.1200,44,2
2026-05-26,601318,13:20:11,54.1200,64,2
2026-05-26,601318,13:20:14,54.1300,142,1
2026-05-26,601318,13:20:17,54.1300,120,1
2026-05-26,601318,13:20:20,54.1200,71,2
2026-05-26,601318,13:20:23,54.1200,65,1
2026-05-26,601318,13:20:26,54.1200,43,1
2026-05-26,601318,13:20:29,54.1200,389,2
2026-05-26,601318,13:20:32,54.1200,24,1
2026-05-26,601318,13:20:35,54.1300,69,1
2026-05-26,601318,13:20:38,54.1300,10,1
2026-05-26,601318,13:20:41,54.1100,46,2
2026-05-26,601318,13:20:44,54.1200,24,4
2026-05-26,601318,13:20:47,54.1300,59,1
2026-05-26,601318,13:20:50,54.1100,65,2
2026-05-26,601318,13:20:53,54.1200,82,1
2026-05-26,601318,13:20:56,54.1200,76,2
2026-05-26,601318,13:20:59,54.1200,91,2
2026-05-26,601318,13:21:02,54.1300,96,1
2026-05-26,601318,13:21:05,54.1100,826,2
2026-05-26,601318,13:21:08,54.1100,140,1
2026-05-26,601318,13:21:11,54.1000,1472,2
2026-05-26,601318,13:21:14,54.1100,489,1
2026-05-26,601318,13:21:17,54.0900,592,2
2026-05-26,601318,13:21:20,54.0800,369,2
2026-05-26,601318,13:21:23,54.0700,392,2
2026-05-26,601318,13:21:26,54.0800,569,2
2026-05-26,601318,13:21:29,54.0800,68,2
2026-05-26,601318,13:21:32,54.0700,244,2
2026-05-26,601318,13:21:35,54.0800,70,1
2026-05-26,601318,13:21:38,54.0700,276,2
2026-05-26,601318,13:21:41,54.0700,225,1
2026-05-26,601318,13:21:44,54.0700,123,1
2026-05-26,601318,13:21:47,54.0600,99,2
2026-05-26,601318,13:21:50,54.0600,518,2
2026-05-26,601318,13:21:53,54.0700,178,1
2026-05-26,601318,13:21:56,54.0700,312,1
2026-05-26,601318,13:21:59,54.0600,128,2
2026-05-26,601318,13:22:02,54.0500,175,2
2026-05-26,601318,13:22:05,54.0600,95,1
2026-05-26,601318,13:22:08,54.0700,113,1
2026-05-26,601318,13:22:11,54.0600,593,2
2026-05-26,601318,13:22:14,54.0600,174,1
2026-05-26,601318,13:22:17,54.0600,66,1
2026-05-26,601318,13:22:20,54.0600,312,1
2026-05-26,601318,13:22:23,54.0500,251,2
2026-05-26,601318,13:22:26,54.0500,338,1
2026-05-26,601318,13:22:29,54.0400,179,2
2026-05-26,601318,13:22:32,54.0400,82,1
2026-05-26,601318,13:22:35,54.0300,43,2
2026-05-26,601318,13:22:38,54.0300,56,2
2026-05-26,601318,13:22:41,54.0300,420,2
2026-05-26,601318,13:22:44,54.0300,2569,2
2026-05-26,601318,13:22:47,54.0300,31,1
2026-05-26,601318,13:22:50,54.0300,84,1
2026-05-26,601318,13:22:53,54.0300,25,2
2026-05-26,601318,13:22:56,54.0400,14,1
2026-05-26,601318,13:22:59,54.0400,30,1
2026-05-26,601318,13:23:02,54.0300,37,2
2026-05-26,601318,13:23:05,54.0300,51,2
2026-05-26,601318,13:23:08,54.0300,186,2
2026-05-26,601318,13:23:11,54.0400,372,1
2026-05-26,601318,13:23:14,54.0300,12,2
2026-05-26,601318,13:23:17,54.0400,70,1
2026-05-26,601318,13:23:20,54.0500,134,1
2026-05-26,601318,13:23:23,54.0400,201,2
2026-05-26,601318,13:23:26,54.0400,139,1
2026-05-26,601318,13:23:29,54.0300,169,2
2026-05-26,601318,13:23:32,54.0500,9,1
2026-05-26,601318,13:23:35,54.0500,1,1
2026-05-26,601318,13:23:38,54.0500,25,1
2026-05-26,601318,13:23:41,54.0500,121,1
2026-05-26,601318,13:23:44,54.0400,501,2
2026-05-26,601318,13:23:47,54.0400,55,1
2026-05-26,601318,13:23:50,54.0400,119,1
2026-05-26,601318,13:23:53,54.0500,37,1
2026-05-26,601318,13:23:56,54.0400,92,2
2026-05-26,601318,13:23:59,54.0500,376,1
2026-05-26,601318,13:24:02,54.0500,66,1
2026-05-26,601318,13:24:05,54.0500,71,1
2026-05-26,601318,13:24:08,54.0500,76,1
2026-05-26,601318,13:24:11,54.0500,245,2
2026-05-26,601318,13:24:14,54.0600,20,1
2026-05-26,601318,13:24:17,54.0600,84,1
2026-05-26,601318,13:24:20,54.0500,366,2
2026-05-26,601318,13:24:23,54.0500,28,2
2026-05-26,601318,13:24:26,54.0600,17,1
2026-05-26,601318,13:24:29,54.0600,229,1
2026-05-26,601318,13:24:32,54.0600,14,2
2026-05-26,601318,13:24:35,54.0700,80,1
2026-05-26,601318,13:24:38,54.0800,178,1
2026-05-26,601318,13:24:41,54.0700,90,2
2026-05-26,601318,13:24:44,54.0600,13,4
2026-05-26,601318,13:24:47,54.0600,34,2
2026-05-26,601318,13:24:50,54.0600,351,2
2026-05-26,601318,13:24:53,54.0800,184,1
2026-05-26,601318,13:24:56,54.0800,76,1
2026-05-26,601318,13:24:59,54.0700,151,2
2026-05-26,601318,13:25:02,54.0800,43,1
2026-05-26,601318,13:25:05,54.0800,23,2
2026-05-26,601318,13:25:08,54.1000,187,1
2026-05-26,601318,13:25:11,54.1000,52,1
2026-05-26,601318,13:25:14,54.0900,128,4
2026-05-26,601318,13:25:17,54.0900,31,1
2026-05-26,601318,13:25:20,54.0700,291,2
2026-05-26,601318,13:25:23,54.0700,103,1
2026-05-26,601318,13:25:26,54.0700,38,4
2026-05-26,601318,13:25:29,54.0800,182,1
2026-05-26,601318,13:25:32,54.0700,40,2
2026-05-26,601318,13:25:35,54.0800,204,1
2026-05-26,601318,13:25:38,54.0700,18,2
2026-05-26,601318,13:25:41,54.0600,71,2
2026-05-26,601318,13:25:44,54.0800,493,1
2026-05-26,601318,13:25:47,54.0600,171,2
2026-05-26,601318,13:25:50,54.0700,141,1
2026-05-26,601318,13:25:53,54.0700,90,1
2026-05-26,601318,13:25:56,54.0700,28,1
2026-05-26,601318,13:25:59,54.0600,308,2
2026-05-26,601318,13:26:02,54.0700,69,1
2026-05-26,601318,13:26:05,54.0600,121,2
2026-05-26,601318,13:26:08,54.0600,114,2
2026-05-26,601318,13:26:11,54.0700,118,1
2026-05-26,601318,13:26:14,54.0700,12,2
2026-05-26,601318,13:26:17,54.0800,212,1
2026-05-26,601318,13:26:20,54.0800,35,1
2026-05-26,601318,13:26:23,54.0900,16,1
2026-05-26,601318,13:26:26,54.0800,11,2
2026-05-26,601318,13:26:29,54.0800,17,1
2026-05-26,601318,13:26:32,54.0700,21,2
2026-05-26,601318,13:26:35,54.0700,11,1
2026-05-26,601318,13:26:38,54.0700,4,1
2026-05-26,601318,13:26:41,54.0700,67,1
2026-05-26,601318,13:26:44,54.0600,25,2
2026-05-26,601318,13:26:47,54.0700,114,1
2026-05-26,601318,13:26:50,54.0700,138,1
2026-05-26,601318,13:26:53,54.0700,18,1
2026-05-26,601318,13:26:56,54.0700,46,1
2026-05-26,601318,13:26:59,54.0600,596,2
2026-05-26,601318,13:27:02,54.0700,303,1
2026-05-26,601318,13:27:05,54.0700,59,1
2026-05-26,601318,13:27:08,54.0700,7,1
2026-05-26,601318,13:27:11,54.0500,215,2
2026-05-26,601318,13:27:14,54.0600,12,4
2026-05-26,601318,13:27:17,54.0700,9,1
2026-05-26,601318,13:27:20,54.0600,29,2
2026-05-26,601318,13:27:23,54.0700,22,2
2026-05-26,601318,13:27:26,54.0700,28,2
2026-05-26,601318,13:27:29,54.0700,9,2
2026-05-26,601318,13:27:32,54.0800,103,1
2026-05-26,601318,13:27:35,54.0700,19,2
2026-05-26,601318,13:27:38,54.0800,36,1
2026-05-26,601318,13:27:41,54.0800,96,2
2026-05-26,601318,13:27:44,54.0900,80,1
2026-05-26,601318,13:27:47,54.0900,76,2
2026-05-26,601318,13:27:50,54.0700,149,2
2026-05-26,601318,13:27:53,54.0800,200,1
2026-05-26,601318,13:27:56,54.0800,56,1
2026-05-26,601318,13:27:59,54.0800,45,1
2026-05-26,601318,13:28:02,54.0700,138,1
2026-05-26,601318,13:28:05,54.0700,22,1
2026-05-26,601318,13:28:08,54.0700,17,1
2026-05-26,601318,13:28:11,54.0700,67,1
2026-05-26,601318,13:28:14,54.0500,62,2
2026-05-26,601318,13:28:17,54.0600,19,4
2026-05-26,601318,13:28:20,54.0700,134,1
2026-05-26,601318,13:28:23,54.0700,16,2
2026-05-26,601318,13:28:26,54.0700,43,1
2026-05-26,601318,13:28:29,54.0600,53,2
2026-05-26,601318,13:28:32,54.0600,10,2
2026-05-26,601318,13:28:35,54.0700,3,1
2026-05-26,601318,13:28:38,54.0600,51,2
2026-05-26,601318,13:28:41,54.0700,67,2
2026-05-26,601318,13:28:44,54.0700,26,1
2026-05-26,601318,13:28:47,54.0700,5,1
2026-05-26,601318,13:28:50,54.0700,52,2
2026-05-26,601318,13:28:53,54.0700,33,2
2026-05-26,601318,13:28:56,54.0700,7,1
2026-05-26,601318,13:28:59,54.0700,87,1
2026-05-26,601318,13:29:02,54.0700,27,1
2026-05-26,601318,13:29:05,54.0700,16,1
2026-05-26,601318,13:29:08,54.0700,33,1
2026-05-26,601318,13:29:11,54.0600,122,2
2026-05-26,601318,13:29:14,54.0600,14,2
2026-05-26,601318,13:29:17,54.0800,95,1
2026-05-26,601318,13:29:20,54.0600,67,2
2026-05-26,601318,13:29:23,54.0800,4,1
2026-05-26,601318,13:29:26,54.0800,121,1
2026-05-26,601318,13:29:29,54.0600,82,2
2026-05-26,601318,13:29:32,54.0600,58,2
2026-05-26,601318,13:29:35,54.0700,108,1
2026-05-26,601318,13:29:38,54.0600,57,2
2026-05-26,601318,13:29:41,54.0600,33,2
2026-05-26,601318,13:29:44,54.0600,288,1
2026-05-26,601318,13:29:47,54.0800,118,1
2026-05-26,601318,13:29:50,54.0700,20,1
2026-05-26,601318,13:29:53,54.0600,12,2
2026-05-26,601318,13:29:56,54.0700,30,1
2026-05-26,601318,13:29:59,54.0700,65,1
2026-05-26,601318,13:30:02,54.0700,33,1
2026-05-26,601318,13:30:05,54.0700,5,1
2026-05-26,601318,13:30:08,54.0700,11,1
2026-05-26,601318,13:30:11,54.0600,333,2
2026-05-26,601318,13:30:14,54.0600,157,1
2026-05-26,601318,13:30:17,54.0500,256,2
2026-05-26,601318,13:30:20,54.0500,119,1
2026-05-26,601318,13:30:23,54.0300,1063,2
2026-05-26,601318,13:30:26,54.0300,22,1
2026-05-26,601318,13:30:29,54.0300,141,1
2026-05-26,601318,13:30:32,54.0200,145,2
2026-05-26,601318,13:30:35,54.0200,92,1
2026-05-26,601318,13:30:38,54.0100,104,2
2026-05-26,601318,13:30:41,54.0100,1176,2
2026-05-26,601318,13:30:44,54.0100,9,1
2026-05-26,601318,13:30:47,54.0100,2660,1
2026-05-26,601318,13:30:50,54.0000,4918,2
2026-05-26,601318,13:30:53,54.0000,211,2
2026-05-26,601318,13:30:56,54.0000,95,1
2026-05-26,601318,13:30:59,54.0000,326,1
2026-05-26,601318,13:31:02,53.9900,30,2
2026-05-26,601318,13:31:05,54.0000,30,1
2026-05-26,601318,13:31:08,53.9900,99,2
2026-05-26,601318,13:31:11,54.0000,210,1
2026-05-26,601318,13:31:14,53.9900,188,2
2026-05-26,601318,13:31:17,54.0100,536,1
2026-05-26,601318,13:31:20,53.9900,798,2
2026-05-26,601318,13:31:23,54.0000,134,2
2026-05-26,601318,13:31:26,54.0100,169,1
2026-05-26,601318,13:31:29,54.0100,98,1
2026-05-26,601318,13:31:32,54.0100,46,1
2026-05-26,601318,13:31:35,54.0100,70,1
2026-05-26,601318,13:31:38,54.0100,148,1
2026-05-26,601318,13:31:41,54.0200,255,1
2026-05-26,601318,13:31:44,54.0100,3,2
2026-05-26,601318,13:31:47,54.0200,43,1
2026-05-26,601318,13:31:50,54.0100,78,2
2026-05-26,601318,13:31:53,54.0100,38,2
2026-05-26,601318,13:31:56,54.0000,60,2
2026-05-26,601318,13:31:59,54.0000,207,2
2026-05-26,601318,13:32:02,54.0200,60,1
2026-05-26,601318,13:32:05,54.0100,7,4
2026-05-26,601318,13:32:08,54.0200,28,1
2026-05-26,601318,13:32:11,54.0200,164,1
2026-05-26,601318,13:32:14,54.0100,43,4
2026-05-26,601318,13:32:17,54.0200,131,1
2026-05-26,601318,13:32:20,54.0200,54,1
2026-05-26,601318,13:32:23,54.0200,100,1
2026-05-26,601318,13:32:26,54.0200,17,1
2026-05-26,601318,13:32:29,54.0200,184,2
2026-05-26,601318,13:32:32,54.0300,13,1
2026-05-26,601318,13:32:35,54.0200,27,2
2026-05-26,601318,13:32:38,54.0200,62,2
2026-05-26,601318,13:32:41,54.0200,138,2
2026-05-26,601318,13:32:44,54.0200,40,2
2026-05-26,601318,13:32:47,54.0300,27,1
2026-05-26,601318,13:32:50,54.0300,120,1
2026-05-26,601318,13:32:53,54.0300,60,1
2026-05-26,601318,13:32:56,54.0300,18,1
2026-05-26,601318,13:32:59,54.0200,115,2
2026-05-26,601318,13:33:02,54.0300,15,4
2026-05-26,601318,13:33:05,54.0300,9,1
2026-05-26,601318,13:33:08,54.0300,83,1
2026-05-26,601318,13:33:11,54.0200,197,2
2026-05-26,601318,13:33:14,54.0100,2243,2
2026-05-26,601318,13:33:17,54.0300,149,1
2026-05-26,601318,13:33:20,54.0200,29,2
2026-05-26,601318,13:33:23,54.0300,272,1
2026-05-26,601318,13:33:26,54.0300,3,1
2026-05-26,601318,13:33:29,54.0200,54,2
2026-05-26,601318,13:33:32,54.0300,4,1
2026-05-26,601318,13:33:35,54.0300,5,1
2026-05-26,601318,13:33:38,54.0300,32,1
2026-05-26,601318,13:33:41,54.0300,83,1
2026-05-26,601318,13:33:47,54.0400,26,1
2026-05-26,601318,13:33:50,54.0300,20,2
2026-05-26,601318,13:33:53,54.0200,183,2
2026-05-26,601318,13:33:56,54.0300,3,4
2026-05-26,601318,13:33:59,54.0200,91,2
2026-05-26,601318,13:34:02,54.0100,79,2
2026-05-26,601318,13:34:05,54.0200,10,1
2026-05-26,601318,13:34:08,54.0200,33,1
2026-05-26,601318,13:34:11,54.0200,104,1
2026-05-26,601318,13:34:14,54.0200,1,2
2026-05-26,601318,13:34:17,54.0200,68,2
2026-05-26,601318,13:34:20,54.0300,109,1
2026-05-26,601318,13:34:23,54.0200,29,2
2026-05-26,601318,13:34:26,54.0300,82,1
2026-05-26,601318,13:34:29,54.0200,41,2
2026-05-26,601318,13:34:32,54.0200,50,1
2026-05-26,601318,13:34:35,54.0200,67,1
2026-05-26,601318,13:34:38,54.0300,2,1
2026-05-26,601318,13:34:41,54.0200,71,2
2026-05-26,601318,13:34:44,54.0200,65,2
2026-05-26,601318,13:34:47,54.0300,395,1
2026-05-26,601318,13:34:50,54.0300,10,2
2026-05-26,601318,13:34:53,54.0400,11,1
2026-05-26,601318,13:34:56,54.0400,15,1
2026-05-26,601318,13:34:59,54.0400,76,1
2026-05-26,601318,13:35:02,54.0400,48,1
2026-05-26,601318,13:35:05,54.0400,4,1
2026-05-26,601318,13:35:08,54.0400,98,1
2026-05-26,601318,13:35:11,54.0400,53,4
2026-05-26,601318,13:35:14,54.0400,19,2
2026-05-26,601318,13:35:17,54.0300,36,2
2026-05-26,601318,13:35:20,54.0300,67,2
2026-05-26,601318,13:35:23,54.0200,313,2
2026-05-26,601318,13:35:26,54.0300,16,1
2026-05-26,601318,13:35:29,54.0200,90,2
2026-05-26,601318,13:35:32,54.0300,126,1
2026-05-26,601318,13:35:35,54.0300,14,4
2026-05-26,601318,13:35:38,54.0200,139,2
2026-05-26,601318,13:35:41,54.0300,79,2
2026-05-26,601318,13:35:44,54.0300,16,1
2026-05-26,601318,13:35:47,54.0300,26,1
2026-05-26,601318,13:35:50,54.0200,64,2
2026-05-26,601318,13:35:53,54.0400,5,1
2026-05-26,601318,13:35:56,54.0400,19,1
2026-05-26,601318,13:35:59,54.0300,32,2
2026-05-26,601318,13:36:02,54.0300,71,2
2026-05-26,601318,13:36:05,54.0400,78,1
2026-05-26,601318,13:36:08,54.0200,32,2
2026-05-26,601318,13:36:11,54.0400,90,1
2026-05-26,601318,13:36:14,54.0300,55,2
2026-05-26,601318,13:36:17,54.0300,16,4
2026-05-26,601318,13:36:20,54.0200,370,2
2026-05-26,601318,13:36:23,54.0300,147,4
2026-05-26,601318,13:36:26,54.0300,95,1
2026-05-26,601318,13:36:29,54.0300,133,4
2026-05-26,601318,13:36:32,54.0200,78,2
2026-05-26,601318,13:36:35,54.0300,16,1
2026-05-26,601318,13:36:38,54.0300,25,1
2026-05-26,601318,13:36:41,54.0300,72,1
2026-05-26,601318,13:36:44,54.0200,27,2
2026-05-26,601318,13:36:47,54.0300,13,1
2026-05-26,601318,13:36:50,54.0300,35,2
2026-05-26,601318,13:36:53,54.0400,17,1
2026-05-26,601318,13:36:56,54.0400,59,1
2026-05-26,601318,13:36:59,54.0200,98,2
2026-05-26,601318,13:37:02,54.0300,115,4
2026-05-26,601318,13:37:05,54.0300,30,1
2026-05-26,601318,13:37:08,54.0200,151,2
2026-05-26,601318,13:37:11,54.0300,177,2
2026-05-26,601318,13:37:14,54.0300,65,2
2026-05-26,601318,13:37:17,54.0400,1,1
2026-05-26,601318,13:37:20,54.0400,21,1
2026-05-26,601318,13:37:23,54.0400,11,1
2026-05-26,601318,13:37:26,54.0400,18,1
2026-05-26,601318,13:37:29,54.0400,250,1
2026-05-26,601318,13:37:32,54.0200,64,2
2026-05-26,601318,13:37:35,54.0300,21,4
2026-05-26,601318,13:37:38,54.0400,14,1
2026-05-26,601318,13:37:41,54.0400,115,1
2026-05-26,601318,13:37:47,54.0400,22,1
2026-05-26,601318,13:37:50,54.0400,289,1
2026-05-26,601318,13:37:53,54.0300,132,2
2026-05-26,601318,13:37:56,54.0300,31,2
2026-05-26,601318,13:37:59,54.0300,134,2
2026-05-26,601318,13:38:02,54.0400,111,1
2026-05-26,601318,13:38:05,54.0200,67,2
2026-05-26,601318,13:38:08,54.0400,72,1
2026-05-26,601318,13:38:11,54.0300,167,1
2026-05-26,601318,13:38:14,54.0300,12,1
2026-05-26,601318,13:38:17,54.0300,38,1
2026-05-26,601318,13:38:20,54.0200,49,2
2026-05-26,601318,13:38:23,54.0300,26,1
2026-05-26,601318,13:38:26,54.0200,484,2
2026-05-26,601318,13:38:29,54.0200,33,2
2026-05-26,601318,13:38:32,54.0200,87,1
2026-05-26,601318,13:38:35,54.0200,9,2
2026-05-26,601318,13:38:38,54.0300,44,1
2026-05-26,601318,13:38:41,54.0300,146,1
2026-05-26,601318,13:38:44,54.0200,3,2
2026-05-26,601318,13:38:47,54.0300,20,1
2026-05-26,601318,13:38:50,54.0300,43,1
2026-05-26,601318,13:38:53,54.0300,46,1
2026-05-26,601318,13:38:56,54.0400,78,1
2026-05-26,601318,13:38:59,54.0400,58,1
2026-05-26,601318,13:39:02,54.0500,172,1
2026-05-26,601318,13:39:05,54.0400,12,2
2026-05-26,601318,13:39:08,54.0500,13,1
2026-05-26,601318,13:39:11,54.0500,59,1
2026-05-26,601318,13:39:14,54.0500,55,1
2026-05-26,601318,13:39:17,54.0500,40,1
2026-05-26,601318,13:39:20,54.0400,92,2
2026-05-26,601318,13:39:23,54.0500,63,1
2026-05-26,601318,13:39:26,54.0300,57,2
2026-05-26,601318,13:39:29,54.0500,122,1
2026-05-26,601318,13:39:32,54.0400,81,1
2026-05-26,601318,13:39:35,54.0400,35,1
2026-05-26,601318,13:39:38,54.0300,101,2
2026-05-26,601318,13:39:41,54.0400,252,1
2026-05-26,601318,13:39:44,54.0300,69,2
2026-05-26,601318,13:39:47,54.0300,32,2
2026-05-26,601318,13:39:50,54.0400,106,1
2026-05-26,601318,13:39:53,54.0300,90,2
2026-05-26,601318,13:39:56,54.0300,120,1
2026-05-26,601318,13:39:59,54.0300,135,2
2026-05-26,601318,13:40:02,54.0300,201,2
2026-05-26,601318,13:40:05,54.0300,63,2
2026-05-26,601318,13:40:08,54.0300,23,2
2026-05-26,601318,13:40:11,54.0300,560,2
2026-05-26,601318,13:40:14,54.0200,64,4
2026-05-26,601318,13:40:17,54.0100,40,2
2026-05-26,601318,13:40:20,54.0100,470,2
2026-05-26,601318,13:40:23,54.0100,62,1
2026-05-26,601318,13:40:26,54.0100,41,2
2026-05-26,601318,13:40:29,54.0100,52,2
2026-05-26,601318,13:40:32,54.0100,66,2
2026-05-26,601318,13:40:35,54.0100,38,1
2026-05-26,601318,13:40:38,54.0100,33,1
2026-05-26,601318,13:40:41,54.0100,1511,1
2026-05-26,601318,13:40:44,54.0000,143,2
2026-05-26,601318,13:40:47,54.0100,42,1
2026-05-26,601318,13:40:50,54.0000,397,2
2026-05-26,601318,13:40:53,54.0100,171,1
2026-05-26,601318,13:40:56,54.0100,23,1
2026-05-26,601318,13:40:59,54.0000,577,2
2026-05-26,601318,13:41:02,54.0000,86,1
2026-05-26,601318,13:41:05,54.0000,345,1
2026-05-26,601318,13:41:08,54.0000,31,2
2026-05-26,601318,13:41:11,54.0000,105,2
2026-05-26,601318,13:41:17,54.0000,64,2
2026-05-26,601318,13:41:20,54.0000,110,2
2026-05-26,601318,13:41:23,54.0000,32,1
2026-05-26,601318,13:41:26,54.0000,43,1
2026-05-26,601318,13:41:29,53.9900,39,2
2026-05-26,601318,13:41:32,53.9900,397,2
2026-05-26,601318,13:41:35,53.9900,75,2
2026-05-26,601318,13:41:38,54.0000,22,1
2026-05-26,601318,13:41:41,54.0100,80,1
2026-05-26,601318,13:41:44,54.0100,29,1
2026-05-26,601318,13:41:47,54.0100,19,1
2026-05-26,601318,13:41:50,54.0100,81,1
2026-05-26,601318,13:41:53,54.0000,60,2
2026-05-26,601318,13:41:56,54.0100,3,1
2026-05-26,601318,13:41:59,54.0000,41,2
2026-05-26,601318,13:42:02,54.0100,310,1
2026-05-26,601318,13:42:05,54.0100,23,2
2026-05-26,601318,13:42:08,54.0200,8,1
2026-05-26,601318,13:42:11,54.0100,212,2
2026-05-26,601318,13:42:14,54.0200,17,1
2026-05-26,601318,13:42:17,54.0200,34,1
2026-05-26,601318,13:42:20,54.0100,221,2
2026-05-26,601318,13:42:23,54.0200,27,2
2026-05-26,601318,13:42:26,54.0200,10,2
2026-05-26,601318,13:42:29,54.0200,27,2
2026-05-26,601318,13:42:32,54.0200,128,2
2026-05-26,601318,13:42:35,54.0200,103,2
2026-05-26,601318,13:42:38,54.0200,11,2
2026-05-26,601318,13:42:41,54.0300,59,1
2026-05-26,601318,13:42:44,54.0200,15,2
2026-05-26,601318,13:42:47,54.0200,33,2
2026-05-26,601318,13:42:50,54.0300,52,1
2026-05-26,601318,13:42:53,54.0200,17,2
2026-05-26,601318,13:42:56,54.0200,166,2
2026-05-26,601318,13:42:59,54.0200,32,2
2026-05-26,601318,13:43:02,54.0300,96,1
2026-05-26,601318,13:43:05,54.0300,1,1
2026-05-26,601318,13:43:08,54.0300,133,1
2026-05-26,601318,13:43:11,54.0300,84,1
2026-05-26,601318,13:43:14,54.0300,28,1
2026-05-26,601318,13:43:17,54.0300,3,1
2026-05-26,601318,13:43:20,54.0200,53,2
2026-05-26,601318,13:43:23,54.0200,20,2
2026-05-26,601318,13:43:26,54.0200,69,2
2026-05-26,601318,13:43:29,54.0200,24,1
2026-05-26,601318,13:43:32,54.0200,99,1
2026-05-26,601318,13:43:35,54.0200,41,1
2026-05-26,601318,13:43:38,54.0200,31,1
2026-05-26,601318,13:43:41,54.0200,60,1
2026-05-26,601318,13:43:44,54.0200,18,1
2026-05-26,601318,13:43:47,54.0200,10,1
2026-05-26,601318,13:43:50,54.0200,60,1
2026-05-26,601318,13:43:53,54.0300,93,1
2026-05-26,601318,13:43:56,54.0200,77,2
2026-05-26,601318,13:43:59,54.0200,43,1
2026-05-26,601318,13:44:02,54.0100,108,2
2026-05-26,601318,13:44:05,54.0200,32,1
2026-05-26,601318,13:44:08,54.0100,32,2
2026-05-26,601318,13:44:11,53.9800,1350,2
2026-05-26,601318,13:44:14,53.9700,1521,2
2026-05-26,601318,13:44:17,53.9700,67,2
2026-05-26,601318,13:44:20,53.9800,184,1
2026-05-26,601318,13:44:23,53.9700,25,2
2026-05-26,601318,13:44:26,53.9700,76,1
2026-05-26,601318,13:44:29,53.9700,32,1
2026-05-26,601318,13:44:32,53.9700,413,1
2026-05-26,601318,13:44:35,53.9700,52,1
2026-05-26,601318,13:44:38,53.9800,3,1
2026-05-26,601318,13:44:41,53.9700,216,2
2026-05-26,601318,13:44:44,53.9600,70,2
2026-05-26,601318,13:44:47,53.9700,32,2
2026-05-26,601318,13:44:50,53.9800,60,1
2026-05-26,601318,13:44:53,53.9800,14,1
2026-05-26,601318,13:44:56,53.9800,48,1
2026-05-26,601318,13:44:59,53.9700,28,2
2026-05-26,601318,13:45:02,53.9800,542,1
2026-05-26,601318,13:45:05,53.9800,79,1
2026-05-26,601318,13:45:08,53.9800,13,2
2026-05-26,601318,13:45:11,53.9800,26,2
2026-05-26,601318,13:45:14,53.9900,88,1
2026-05-26,601318,13:45:17,53.9900,16,1
2026-05-26,601318,13:45:20,53.9800,18,2
2026-05-26,601318,13:45:23,53.9800,22,2
2026-05-26,601318,13:45:26,53.9900,12,1
2026-05-26,601318,13:45:29,53.9900,88,1
2026-05-26,601318,13:45:32,53.9800,120,2
2026-05-26,601318,13:45:35,53.9800,24,2
2026-05-26,601318,13:45:38,53.9800,15,2
2026-05-26,601318,13:45:41,53.9900,33,1
2026-05-26,601318,13:45:44,53.9900,7,1
2026-05-26,601318,13:45:47,53.9900,32,1
2026-05-26,601318,13:45:50,53.9800,144,2
2026-05-26,601318,13:45:53,53.9900,11,4
2026-05-26,601318,13:45:56,53.9800,30,2
2026-05-26,601318,13:45:59,53.9800,29,2
2026-05-26,601318,13:46:02,53.9800,73,2
2026-05-26,601318,13:46:05,53.9800,36,2
2026-05-26,601318,13:46:08,53.9900,22,1
2026-05-26,601318,13:46:11,53.9900,190,1
2026-05-26,601318,13:46:14,53.9900,6,4
2026-05-26,601318,13:46:17,54.0000,3,1
2026-05-26,601318,13:46:20,53.9900,62,2
2026-05-26,601318,13:46:23,53.9900,13,2
2026-05-26,601318,13:46:26,54.0000,10,1
2026-05-26,601318,13:46:29,54.0000,22,1
2026-05-26,601318,13:46:32,54.0000,34,1
2026-05-26,601318,13:46:35,53.9800,73,2
2026-05-26,601318,13:46:38,53.9900,33,4
2026-05-26,601318,13:46:41,53.9800,250,2
2026-05-26,601318,13:46:44,53.9800,78,2
2026-05-26,601318,13:46:47,53.9800,40,1
2026-05-26,601318,13:46:50,53.9800,51,2
2026-05-26,601318,13:46:53,53.9900,11,1
2026-05-26,601318,13:46:56,53.9900,6,1
2026-05-26,601318,13:46:59,53.9900,33,1
2026-05-26,601318,13:47:02,53.9900,290,1
2026-05-26,601318,13:47:05,53.9900,298,1
2026-05-26,601318,13:47:08,53.9800,18,2
2026-05-26,601318,13:47:11,53.9800,61,2
2026-05-26,601318,13:47:14,53.9500,2003,2
2026-05-26,601318,13:47:17,53.9700,118,1
2026-05-26,601318,13:47:20,53.9500,682,2
2026-05-26,601318,13:47:23,53.9700,9,1
2026-05-26,601318,13:47:26,53.9700,24,1
2026-05-26,601318,13:47:29,53.9600,109,2
2026-05-26,601318,13:47:32,53.9600,29,1
2026-05-26,601318,13:47:35,53.9600,44,1
2026-05-26,601318,13:47:38,53.9700,47,1
2026-05-26,601318,13:47:41,53.9700,191,1
2026-05-26,601318,13:47:44,53.9800,100,1
2026-05-26,601318,13:47:47,53.9900,54,1
2026-05-26,601318,13:47:50,53.9600,122,2
2026-05-26,601318,13:47:53,53.9900,133,1
2026-05-26,601318,13:47:56,53.9800,107,4
2026-05-26,601318,13:47:59,53.9900,13,1
2026-05-26,601318,13:48:02,53.9900,55,1
2026-05-26,601318,13:48:05,54.0000,144,1
2026-05-26,601318,13:48:08,54.0000,155,2
2026-05-26,601318,13:48:11,54.0100,117,1
2026-05-26,601318,13:48:14,54.0100,2,1
2026-05-26,601318,13:48:17,53.9900,14,2
2026-05-26,601318,13:48:20,53.9900,33,2
2026-05-26,601318,13:48:23,54.0000,8,1
2026-05-26,601318,13:48:26,54.0000,15,1
2026-05-26,601318,13:48:29,54.0000,70,1
2026-05-26,601318,13:48:32,54.0000,283,2
2026-05-26,601318,13:48:35,53.9900,37,2
2026-05-26,601318,13:48:38,53.9900,67,2
2026-05-26,601318,13:48:41,54.0000,333,4
2026-05-26,601318,13:48:44,53.9900,77,2
2026-05-26,601318,13:48:47,53.9900,14,1
2026-05-26,601318,13:48:50,53.9800,200,2
2026-05-26,601318,13:48:53,54.0000,23,1
2026-05-26,601318,13:48:56,53.9900,14,4
2026-05-26,601318,13:48:59,53.9900,17,2
2026-05-26,601318,13:49:02,53.9900,79,1
2026-05-26,601318,13:49:05,53.9900,1,1
2026-05-26,601318,13:49:08,53.9900,7,1
2026-05-26,601318,13:49:11,53.9900,61,1
2026-05-26,601318,13:49:14,53.9800,12,2
2026-05-26,601318,13:49:17,53.9900,35,1
2026-05-26,601318,13:49:20,53.9800,59,2
2026-05-26,601318,13:49:23,53.9800,31,2
2026-05-26,601318,13:49:26,53.9800,24,1
2026-05-26,601318,13:49:29,53.9800,113,1
2026-05-26,601318,13:49:32,53.9800,524,1
2026-05-26,601318,13:49:35,53.9700,447,2
2026-05-26,601318,13:49:38,53.9800,23,1
2026-05-26,601318,13:49:41,53.9700,314,2
2026-05-26,601318,13:49:44,53.9700,67,2
2026-05-26,601318,13:49:47,53.9700,41,4
2026-05-26,601318,13:49:50,53.9700,318,2
2026-05-26,601318,13:49:53,53.9800,286,1
2026-05-26,601318,13:49:56,53.9900,13,1
2026-05-26,601318,13:49:59,53.9800,17,2
2026-05-26,601318,13:50:02,53.9800,14,2
2026-05-26,601318,13:50:05,53.9800,10,4
2026-05-26,601318,13:50:08,53.9800,9,1
2026-05-26,601318,13:50:11,53.9800,132,2
2026-05-26,601318,13:50:14,53.9800,97,2
2026-05-26,601318,13:50:17,53.9800,33,1
2026-05-26,601318,13:50:20,53.9700,85,2
2026-05-26,601318,13:50:23,53.9800,19,1
2026-05-26,601318,13:50:26,53.9800,39,1
2026-05-26,601318,13:50:29,53.9700,234,2
2026-05-26,601318,13:50:32,53.9600,110,2
2026-05-26,601318,13:50:35,53.9700,7,1
2026-05-26,601318,13:50:38,53.9600,29,2
2026-05-26,601318,13:50:41,53.9700,594,1
2026-05-26,601318,13:50:44,53.9700,161,1
2026-05-26,601318,13:50:47,53.9700,17,1
2026-05-26,601318,13:50:50,53.9700,33,2
2026-05-26,601318,13:50:53,53.9700,263,2
2026-05-26,601318,13:50:56,53.9800,191,1
2026-05-26,601318,13:50:59,53.9700,25,4
2026-05-26,601318,13:51:02,53.9600,644,2
2026-05-26,601318,13:51:05,53.9600,28,1
2026-05-26,601318,13:51:08,53.9600,133,1
2026-05-26,601318,13:51:11,53.9600,1214,1
2026-05-26,601318,13:51:14,53.9600,48,1
2026-05-26,601318,13:51:17,53.9600,75,1
2026-05-26,601318,13:51:20,53.9500,802,2
2026-05-26,601318,13:51:23,53.9500,41,1
2026-05-26,601318,13:51:26,53.9500,59,1
2026-05-26,601318,13:51:29,53.9600,606,1
2026-05-26,601318,13:51:32,53.9400,1465,2
2026-05-26,601318,13:51:35,53.9400,75,2
2026-05-26,601318,13:51:38,53.9500,299,1
2026-05-26,601318,13:51:41,53.9500,257,2
2026-05-26,601318,13:51:44,53.9400,547,2
2026-05-26,601318,13:51:47,53.9400,23,1
2026-05-26,601318,13:51:50,53.9400,17,1
2026-05-26,601318,13:51:53,53.9300,366,2
2026-05-26,601318,13:51:56,53.9400,563,1
2026-05-26,601318,13:51:59,53.9400,24,2
2026-05-26,601318,13:52:02,53.9400,77,2
2026-05-26,601318,13:52:05,53.9400,532,2
2026-05-26,601318,13:52:08,53.9300,48,2
2026-05-26,601318,13:52:11,53.9300,216,2
2026-05-26,601318,13:52:14,53.9300,163,2
2026-05-26,601318,13:52:17,53.9300,282,1
2026-05-26,601318,13:52:20,53.9400,45,1
2026-05-26,601318,13:52:23,53.9400,581,1
2026-05-26,601318,13:52:26,53.9300,16,2
2026-05-26,601318,13:52:29,53.9400,42,1
2026-05-26,601318,13:52:32,53.9300,287,2
2026-05-26,601318,13:52:35,53.9400,22,1
2026-05-26,601318,13:52:38,53.9400,12,1
2026-05-26,601318,13:52:41,53.9400,146,1
2026-05-26,601318,13:52:44,53.9500,9,1
2026-05-26,601318,13:52:47,53.9500,37,1
2026-05-26,601318,13:52:50,53.9500,27,1
2026-05-26,601318,13:52:53,53.9400,143,2
2026-05-26,601318,13:52:56,53.9500,16,1
2026-05-26,601318,13:52:59,53.9500,18,1
2026-05-26,601318,13:53:02,53.9500,123,1
2026-05-26,601318,13:53:05,53.9500,23,1
2026-05-26,601318,13:53:08,53.9500,251,1
2026-05-26,601318,13:53:11,53.9400,175,2
2026-05-26,601318,13:53:14,53.9500,13,2
2026-05-26,601318,13:53:17,53.9600,1,1
2026-05-26,601318,13:53:20,53.9600,36,1
2026-05-26,601318,13:53:23,53.9600,23,1
2026-05-26,601318,13:53:26,53.9500,198,2
2026-05-26,601318,13:53:29,53.9600,51,1
2026-05-26,601318,13:53:32,53.9500,179,2
2026-05-26,601318,13:53:35,53.9600,66,1
2026-05-26,601318,13:53:38,53.9600,4,1
2026-05-26,601318,13:53:41,53.9500,260,2
2026-05-26,601318,13:53:44,53.9500,34,2
2026-05-26,601318,13:53:47,53.9500,58,2
2026-05-26,601318,13:53:50,53.9500,5,2
2026-05-26,601318,13:53:53,53.9600,55,1
2026-05-26,601318,13:53:56,53.9500,4,2
2026-05-26,601318,13:53:59,53.9600,42,1
2026-05-26,601318,13:54:02,53.9500,128,2
2026-05-26,601318,13:54:05,53.9500,169,2
2026-05-26,601318,13:54:08,53.9400,263,2
2026-05-26,601318,13:54:11,53.9500,514,1
2026-05-26,601318,13:54:14,53.9500,42,1
2026-05-26,601318,13:54:17,53.9500,69,1
2026-05-26,601318,13:54:20,53.9500,16,2
2026-05-26,601318,13:54:23,53.9500,645,2
2026-05-26,601318,13:54:26,53.9500,63,1
2026-05-26,601318,13:54:29,53.9500,82,1
2026-05-26,601318,13:54:32,53.9500,104,1
2026-05-26,601318,13:54:35,53.9500,16,1
2026-05-26,601318,13:54:38,53.9400,108,2
2026-05-26,601318,13:54:41,53.9400,35,2
2026-05-26,601318,13:54:44,53.9500,80,1
2026-05-26,601318,13:54:47,53.9500,5,2
2026-05-26,601318,13:54:50,53.9500,10,2
2026-05-26,601318,13:54:53,53.9500,149,2
2026-05-26,601318,13:54:56,53.9500,10,2
2026-05-26,601318,13:55:02,53.9600,78,2
2026-05-26,601318,13:55:05,53.9600,35,2
2026-05-26,601318,13:55:08,53.9700,106,1
2026-05-26,601318,13:55:11,53.9600,13,2
2026-05-26,601318,13:55:14,53.9600,25,1
2026-05-26,601318,13:55:17,53.9600,26,1
2026-05-26,601318,13:55:20,53.9500,23,2
2026-05-26,601318,13:55:23,53.9600,243,1
2026-05-26,601318,13:55:26,53.9500,61,2
2026-05-26,601318,13:55:29,53.9500,16,2
2026-05-26,601318,13:55:32,53.9500,219,2
2026-05-26,601318,13:55:35,53.9500,87,1
2026-05-26,601318,13:55:38,53.9500,144,1
2026-05-26,601318,13:55:41,53.9400,342,2
2026-05-26,601318,13:55:44,53.9500,52,1
2026-05-26,601318,13:55:47,53.9500,51,1
2026-05-26,601318,13:55:50,53.9500,3,4
2026-05-26,601318,13:55:53,53.9600,283,1
2026-05-26,601318,13:55:56,53.9500,35,2
2026-05-26,601318,13:55:59,53.9500,58,1
2026-05-26,601318,13:56:02,53.9500,173,1
2026-05-26,601318,13:56:05,53.9500,38,1
2026-05-26,601318,13:56:08,53.9600,36,1
2026-05-26,601318,13:56:11,53.9400,116,2
2026-05-26,601318,13:56:14,53.9500,44,1
2026-05-26,601318,13:56:17,53.9500,6,2
2026-05-26,601318,13:56:20,53.9500,456,2
2026-05-26,601318,13:56:23,53.9500,42,1
2026-05-26,601318,13:56:26,53.9500,106,1
2026-05-26,601318,13:56:29,53.9500,202,1
2026-05-26,601318,13:56:32,53.9500,319,1
2026-05-26,601318,13:56:35,53.9500,4,1
2026-05-26,601318,13:56:38,53.9500,22,1
2026-05-26,601318,13:56:41,53.9500,74,1
2026-05-26,601318,13:56:44,53.9500,32,1
2026-05-26,601318,13:56:47,53.9500,20,1
2026-05-26,601318,13:56:50,53.9500,20,1
2026-05-26,601318,13:56:53,53.9500,161,1
2026-05-26,601318,13:56:56,53.9500,20,1
2026-05-26,601318,13:56:59,53.9500,51,1
2026-05-26,601318,13:57:02,53.9500,79,1
2026-05-26,601318,13:57:05,53.9500,3,2
2026-05-26,601318,13:57:11,53.9500,33,2
2026-05-26,601318,13:57:14,53.9500,79,2
2026-05-26,601318,13:57:17,53.9600,73,1
2026-05-26,601318,13:57:20,53.9500,29,2
2026-05-26,601318,13:57:23,53.9500,57,4
2026-05-26,601318,13:57:26,53.9600,186,1
2026-05-26,601318,13:57:29,53.9600,139,2
2026-05-26,601318,13:57:32,53.9600,356,1
2026-05-26,601318,13:57:35,53.9600,140,1
2026-05-26,601318,13:57:38,53.9500,17,2
2026-05-26,601318,13:57:41,53.9500,193,2
2026-05-26,601318,13:57:44,53.9700,159,1
2026-05-26,601318,13:57:47,53.9700,8,2
2026-05-26,601318,13:57:50,53.9700,52,1
2026-05-26,601318,13:57:53,53.9700,83,1
2026-05-26,601318,13:57:56,53.9700,11,1
2026-05-26,601318,13:57:59,53.9700,23,1
2026-05-26,601318,13:58:02,53.9600,5,2
2026-05-26,601318,13:58:05,53.9700,9,2
2026-05-26,601318,13:58:08,53.9800,45,1
2026-05-26,601318,13:58:11,53.9800,68,1
2026-05-26,601318,13:58:14,53.9700,72,2
2026-05-26,601318,13:58:17,53.9700,83,2
2026-05-26,601318,13:58:20,53.9800,13,1
2026-05-26,601318,13:58:23,53.9800,76,1
2026-05-26,601318,13:58:26,53.9800,24,1
2026-05-26,601318,13:58:29,53.9800,138,1
2026-05-26,601318,13:58:32,53.9900,85,1
2026-05-26,601318,13:58:35,53.9800,23,4
2026-05-26,601318,13:58:38,53.9900,72,1
2026-05-26,601318,13:58:41,53.9800,52,4
2026-05-26,601318,13:58:44,53.9900,20,1
2026-05-26,601318,13:58:47,53.9900,6,1
2026-05-26,601318,13:58:50,53.9900,33,1
2026-05-26,601318,13:58:53,53.9900,86,1
2026-05-26,601318,13:58:56,53.9900,29,1
2026-05-26,601318,13:58:59,53.9900,46,1
2026-05-26,601318,13:59:02,53.9900,53,1
2026-05-26,601318,13:59:05,53.9900,25,1
2026-05-26,601318,13:59:08,53.9900,25,1
2026-05-26,601318,13:59:11,53.9800,163,2
2026-05-26,601318,13:59:14,53.9900,182,1
2026-05-26,601318,13:59:17,53.9900,195,2
2026-05-26,601318,13:59:20,53.9900,25,1
2026-05-26,601318,13:59:23,53.9900,62,2
2026-05-26,601318,13:59:26,53.9900,45,1
2026-05-26,601318,13:59:29,54.0000,15,1
2026-05-26,601318,13:59:32,54.0000,105,1
2026-05-26,601318,13:59:35,53.9900,428,2
2026-05-26,601318,13:59:38,53.9700,150,2
2026-05-26,601318,13:59:41,53.9700,246,2
2026-05-26,601318,13:59:44,53.9800,29,1
2026-05-26,601318,13:59:47,53.9800,10,1
2026-05-26,601318,13:59:50,53.9800,40,1
2026-05-26,601318,13:59:53,53.9800,231,1
2026-05-26,601318,13:59:56,53.9800,9,1
2026-05-26,601318,13:59:59,53.9800,180,1
2026-05-26,601318,14:00:02,53.9800,154,2
2026-05-26,601318,14:00:05,53.9800,137,2
2026-05-26,601318,14:00:08,53.9700,159,2
2026-05-26,601318,14:00:11,53.9700,40,1
2026-05-26,601318,14:00:14,53.9600,202,2
2026-05-26,601318,14:00:17,53.9700,144,1
2026-05-26,601318,14:00:20,53.9600,578,2
2026-05-26,601318,14:00:23,53.9600,11,1
2026-05-26,601318,14:00:26,53.9600,14,1
2026-05-26,601318,14:00:29,53.9500,214,2
2026-05-26,601318,14:00:32,53.9600,461,1
2026-05-26,601318,14:00:35,53.9700,12,1
2026-05-26,601318,14:00:38,53.9600,32,2
2026-05-26,601318,14:00:41,53.9600,320,2
2026-05-26,601318,14:00:44,53.9600,324,2
2026-05-26,601318,14:00:47,53.9600,31,1
2026-05-26,601318,14:00:50,53.9600,36,1
2026-05-26,601318,14:00:53,53.9500,215,2
2026-05-26,601318,14:00:56,53.9600,10,1
2026-05-26,601318,14:00:59,53.9600,176,1
2026-05-26,601318,14:01:02,53.9500,682,2
2026-05-26,601318,14:01:05,53.9400,193,2
2026-05-26,601318,14:01:08,53.9500,453,1
2026-05-26,601318,14:01:11,53.9400,124,2
2026-05-26,601318,14:01:14,53.9500,259,1
2026-05-26,601318,14:01:17,53.9600,155,1
2026-05-26,601318,14:01:20,53.9500,3,4
2026-05-26,601318,14:01:23,53.9500,221,2
2026-05-26,601318,14:01:26,53.9500,15,1
2026-05-26,601318,14:01:29,53.9600,185,1
2026-05-26,601318,14:01:32,53.9500,214,2
2026-05-26,601318,14:01:35,53.9500,41,1
2026-05-26,601318,14:01:38,53.9500,45,2
2026-05-26,601318,14:01:41,53.9500,106,2
2026-05-26,601318,14:01:44,53.9500,61,1
2026-05-26,601318,14:01:47,53.9600,84,1
2026-05-26,601318,14:01:50,53.9600,114,1
2026-05-26,601318,14:01:53,53.9600,81,1
2026-05-26,601318,14:01:56,53.9500,241,2
2026-05-26,601318,14:01:59,53.9600,112,1
2026-05-26,601318,14:02:02,53.9700,60,1
2026-05-26,601318,14:02:05,53.9700,113,1
2026-05-26,601318,14:02:08,53.9700,126,2
2026-05-26,601318,14:02:11,53.9700,248,2
2026-05-26,601318,14:02:14,53.9700,533,2
2026-05-26,601318,14:02:17,53.9700,174,1
2026-05-26,601318,14:02:20,53.9600,7,2
2026-05-26,601318,14:02:23,53.9700,111,1
2026-05-26,601318,14:02:26,53.9700,75,1
2026-05-26,601318,14:02:29,53.9800,39,1
2026-05-26,601318,14:02:32,53.9700,113,2
2026-05-26,601318,14:02:35,53.9600,169,2
2026-05-26,601318,14:02:38,53.9700,23,2
2026-05-26,601318,14:02:41,53.9600,254,2
2026-05-26,601318,14:02:44,53.9600,250,2
2026-05-26,601318,14:02:47,53.9700,206,1
2026-05-26,601318,14:02:50,53.9600,19,2
2026-05-26,601318,14:02:53,53.9700,56,4
2026-05-26,601318,14:02:56,53.9600,272,2
2026-05-26,601318,14:02:59,53.9600,316,1
2026-05-26,601318,14:03:02,53.9600,184,1
2026-05-26,601318,14:03:05,53.9500,346,2
2026-05-26,601318,14:03:08,53.9500,78,1
2026-05-26,601318,14:03:11,53.9400,503,2
2026-05-26,601318,14:03:14,53.9400,648,2
2026-05-26,601318,14:03:17,53.9300,38,2
2026-05-26,601318,14:03:20,53.9400,22,1
2026-05-26,601318,14:03:23,53.9200,1947,2
2026-05-26,601318,14:03:26,53.9200,913,2
2026-05-26,601318,14:03:29,53.9200,418,1
2026-05-26,601318,14:03:32,53.9100,1217,2
2026-05-26,601318,14:03:35,53.9100,328,1
2026-05-26,601318,14:03:38,53.9100,2165,1
2026-05-26,601318,14:03:41,53.9000,2774,2
2026-05-26,601318,14:03:44,53.9000,1156,2
2026-05-26,601318,14:03:47,53.9000,584,1
2026-05-26,601318,14:03:50,53.9100,668,1
2026-05-26,601318,14:03:53,53.9100,894,1
2026-05-26,601318,14:03:56,53.9100,32,1
2026-05-26,601318,14:03:59,53.9400,262,1
2026-05-26,601318,14:04:02,53.9300,204,2
2026-05-26,601318,14:04:05,53.9200,64,2
2026-05-26,601318,14:04:08,53.9000,300,2
2026-05-26,601318,14:04:11,53.9100,14,2
2026-05-26,601318,14:04:14,53.9200,120,1
2026-05-26,601318,14:04:17,53.9100,425,2
2026-05-26,601318,14:04:20,53.9100,2,1
2026-05-26,601318,14:04:23,53.9200,188,1
2026-05-26,601318,14:04:26,53.9200,7,1
2026-05-26,601318,14:04:29,53.9100,196,2
2026-05-26,601318,14:04:32,53.9100,21,2
2026-05-26,601318,14:04:35,53.9100,35,2
2026-05-26,601318,14:04:38,53.9200,634,1
2026-05-26,601318,14:04:41,53.9100,13,4
2026-05-26,601318,14:04:44,53.9200,177,1
2026-05-26,601318,14:04:47,53.9300,87,1
2026-05-26,601318,14:04:50,53.9100,7,1
2026-05-26,601318,14:04:53,53.9300,161,1
2026-05-26,601318,14:04:56,53.9200,26,2
2026-05-26,601318,14:04:59,53.9300,89,1
2026-05-26,601318,14:05:02,53.9300,25,2
2026-05-26,601318,14:05:05,53.9300,307,2
2026-05-26,601318,14:05:08,53.9500,259,1
2026-05-26,601318,14:05:11,53.9500,54,1
2026-05-26,601318,14:05:14,53.9400,176,2
2026-05-26,601318,14:05:17,53.9400,224,2
2026-05-26,601318,14:05:20,53.9500,125,1
2026-05-26,601318,14:05:23,53.9400,101,2
2026-05-26,601318,14:05:26,53.9500,35,1
2026-05-26,601318,14:05:29,53.9600,236,1
2026-05-26,601318,14:05:32,53.9500,189,2
2026-05-26,601318,14:05:35,53.9500,29,2
2026-05-26,601318,14:05:38,53.9500,298,1
2026-05-26,601318,14:05:41,53.9500,7,2
2026-05-26,601318,14:05:44,53.9400,223,2
2026-05-26,601318,14:05:47,53.9600,21,1
2026-05-26,601318,14:05:50,53.9500,15,2
2026-05-26,601318,14:05:53,53.9600,14,1
2026-05-26,601318,14:05:56,53.9600,24,1
2026-05-26,601318,14:05:59,53.9600,155,1
2026-05-26,601318,14:06:02,53.9500,268,2
2026-05-26,601318,14:06:05,53.9600,39,1
2026-05-26,601318,14:06:08,53.9700,56,1
2026-05-26,601318,14:06:11,53.9600,95,2
2026-05-26,601318,14:06:14,53.9700,121,1
2026-05-26,601318,14:06:17,53.9700,24,1
2026-05-26,601318,14:06:20,53.9700,40,1
2026-05-26,601318,14:06:23,53.9700,87,1
2026-05-26,601318,14:06:26,53.9700,14,1
2026-05-26,601318,14:06:29,53.9700,94,1
2026-05-26,601318,14:06:32,53.9700,204,2
2026-05-26,601318,14:06:35,53.9700,17,2
2026-05-26,601318,14:06:38,53.9700,249,2
2026-05-26,601318,14:06:41,53.9700,83,1
2026-05-26,601318,14:06:44,53.9700,149,1
2026-05-26,601318,14:06:47,53.9800,67,1
2026-05-26,601318,14:06:50,53.9700,185,2
2026-05-26,601318,14:06:53,53.9700,165,1
2026-05-26,601318,10:56:20,54.2100,43,1
2026-05-26,601318,10:56:23,54.2100,267,1
2026-05-26,601318,10:56:26,54.2100,27,1
2026-05-26,601318,10:56:29,54.2100,44,1
2026-05-26,601318,10:56:32,54.2100,313,1
2026-05-26,601318,10:56:35,54.2100,93,1
2026-05-26,601318,10:56:38,54.2100,76,1
2026-05-26,601318,10:56:41,54.2100,49,1
2026-05-26,601318,10:56:44,54.2100,14,1
2026-05-26,601318,10:56:47,54.2000,5,2
2026-05-26,601318,10:56:50,54.2000,8,2
2026-05-26,601318,10:56:53,54.2000,190,2
2026-05-26,601318,10:56:56,54.2000,95,2
2026-05-26,601318,10:56:59,54.2000,26,2
2026-05-26,601318,10:57:02,54.2100,127,1
2026-05-26,601318,10:57:05,54.2000,147,2
2026-05-26,601318,10:57:08,54.2200,30,1
2026-05-26,601318,10:57:11,54.2200,12,1
2026-05-26,601318,10:57:14,54.2200,39,1
2026-05-26,601318,10:57:17,54.2200,9,1
2026-05-26,601318,10:57:20,54.2200,34,1
2026-05-26,601318,10:57:23,54.2200,51,1
2026-05-26,601318,10:57:26,54.2200,59,1
2026-05-26,601318,10:57:29,54.2200,64,1
2026-05-26,601318,10:57:32,54.2100,48,2
2026-05-26,601318,10:57:35,54.2200,34,1
2026-05-26,601318,10:57:38,54.2200,40,1
2026-05-26,601318,10:57:41,54.2200,42,1
2026-05-26,601318,10:57:44,54.2100,185,2
2026-05-26,601318,10:57:47,54.2100,102,1
2026-05-26,601318,10:57:50,54.2000,83,2
2026-05-26,601318,10:57:53,54.2000,320,2
2026-05-26,601318,10:57:56,54.2000,169,1
2026-05-26,601318,10:57:59,54.2000,302,1
2026-05-26,601318,10:58:02,54.2000,202,1
2026-05-26,601318,10:58:05,54.2000,1588,2
2026-05-26,601318,10:58:08,54.2000,498,1
2026-05-26,601318,10:58:11,54.2000,47,2
2026-05-26,601318,10:58:14,54.2000,21,1
2026-05-26,601318,10:58:17,54.2000,191,1
2026-05-26,601318,10:58:20,54.2100,114,1
2026-05-26,601318,10:58:23,54.2100,374,1
2026-05-26,601318,10:58:26,54.2200,35,4
2026-05-26,601318,10:58:29,54.2200,156,1
2026-05-26,601318,10:58:32,54.2000,41,2
2026-05-26,601318,10:58:35,54.2200,54,2
2026-05-26,601318,10:58:38,54.2200,12,2
2026-05-26,601318,10:58:41,54.2300,29,1
2026-05-26,601318,10:58:44,54.2200,72,2
2026-05-26,601318,10:58:47,54.2300,92,1
2026-05-26,601318,10:58:50,54.2300,51,2
2026-05-26,601318,10:58:53,54.2300,24,2
2026-05-26,601318,10:58:56,54.2400,36,1
2026-05-26,601318,10:58:59,54.2300,16,2
2026-05-26,601318,10:59:02,54.2300,58,2
2026-05-26,601318,10:59:05,54.2300,28,2
2026-05-26,601318,10:59:08,54.2300,123,2
2026-05-26,601318,10:59:11,54.2400,87,1
2026-05-26,601318,10:59:14,54.2500,63,1
2026-05-26,601318,10:59:17,54.2400,86,2
2026-05-26,601318,10:59:20,54.2400,40,2
2026-05-26,601318,10:59:23,54.2400,46,2
2026-05-26,601318,10:59:26,54.2500,99,1
2026-05-26,601318,10:59:29,54.2500,70,1
2026-05-26,601318,10:59:32,54.2500,35,1
2026-05-26,601318,10:59:35,54.2300,80,2
2026-05-26,601318,10:59:38,54.2400,27,1
2026-05-26,601318,10:59:41,54.2400,7,2
2026-05-26,601318,10:59:44,54.2400,32,2
2026-05-26,601318,10:59:47,54.2400,1,2
2026-05-26,601318,10:59:50,54.2500,94,1
2026-05-26,601318,10:59:53,54.2500,7,2
2026-05-26,601318,10:59:56,54.2500,40,1
2026-05-26,601318,10:59:59,54.2400,12,2
2026-05-26,601318,11:00:02,54.2500,62,1
2026-05-26,601318,11:00:05,54.2300,83,2
2026-05-26,601318,11:00:08,54.2200,315,2
2026-05-26,601318,11:00:11,54.2100,25,2
2026-05-26,601318,11:00:14,54.2100,32,2
2026-05-26,601318,11:00:17,54.2100,23,2
2026-05-26,601318,11:00:20,54.2100,32,2
2026-05-26,601318,11:00:23,54.2100,162,2
2026-05-26,601318,11:00:26,54.2200,81,1
2026-05-26,601318,11:00:29,54.2100,190,2
2026-05-26,601318,11:00:32,54.2200,56,4
2026-05-26,601318,11:00:35,54.2200,516,2
2026-05-26,601318,11:00:38,54.2200,129,2
2026-05-26,601318,11:00:41,54.2300,17,1
2026-05-26,601318,11:00:44,54.2300,335,1
2026-05-26,601318,11:00:47,54.2300,52,2
2026-05-26,601318,11:00:50,54.2200,52,2
2026-05-26,601318,11:00:53,54.2200,44,1
2026-05-26,601318,11:00:56,54.2200,212,1
2026-05-26,601318,11:00:59,54.2200,131,1
2026-05-26,601318,11:01:02,54.2100,170,2
2026-05-26,601318,11:01:05,54.2100,208,2
2026-05-26,601318,11:01:08,54.2100,173,1
2026-05-26,601318,11:01:11,54.2100,140,1
2026-05-26,601318,11:01:14,54.2000,339,2
2026-05-26,601318,11:01:17,54.2000,264,2
2026-05-26,601318,11:01:20,54.2000,29,2
2026-05-26,601318,11:01:23,54.1900,118,2
2026-05-26,601318,11:01:26,54.2000,35,2
2026-05-26,601318,11:01:29,54.2000,13,1
2026-05-26,601318,11:01:32,54.2000,38,1
2026-05-26,601318,11:01:35,54.2000,327,1
2026-05-26,601318,11:01:38,54.2000,118,1
2026-05-26,601318,11:01:41,54.2000,24,2
2026-05-26,601318,11:01:44,54.2000,74,2
2026-05-26,601318,11:01:47,54.2000,58,2
2026-05-26,601318,11:01:50,54.2100,3,1
2026-05-26,601318,11:01:53,54.2100,22,1
2026-05-26,601318,11:01:56,54.2100,98,1
2026-05-26,601318,11:01:59,54.2100,169,1
2026-05-26,601318,11:02:02,54.2200,8,1
2026-05-26,601318,11:02:05,54.2200,196,4
2026-05-26,601318,11:02:08,54.2400,12,1
2026-05-26,601318,11:02:11,54.2500,40,1
2026-05-26,601318,11:02:14,54.2400,134,2
2026-05-26,601318,11:02:17,54.2400,4,1
2026-05-26,601318,11:02:20,54.2300,72,2
2026-05-26,601318,11:02:23,54.2200,156,2
2026-05-26,601318,11:02:26,54.2300,95,1
2026-05-26,601318,11:02:29,54.2300,55,1
2026-05-26,601318,11:02:32,54.2300,45,1
2026-05-26,601318,11:02:35,54.2300,72,1
2026-05-26,601318,11:02:38,54.2200,509,2
2026-05-26,601318,11:02:41,54.2200,1,1
2026-05-26,601318,11:02:44,54.2100,168,2
2026-05-26,601318,11:02:47,54.2200,56,1
2026-05-26,601318,11:02:50,54.2300,137,1
2026-05-26,601318,11:02:53,54.2200,35,2
2026-05-26,601318,11:02:56,54.2200,183,2
2026-05-26,601318,11:02:59,54.2100,65,2
2026-05-26,601318,11:03:02,54.2100,22,2
2026-05-26,601318,11:03:05,54.2100,206,2
2026-05-26,601318,11:03:08,54.2100,23,2
2026-05-26,601318,11:03:11,54.2200,46,1
2026-05-26,601318,11:03:14,54.2200,300,1
2026-05-26,601318,11:03:17,54.2100,31,4
2026-05-26,601318,11:03:20,54.2000,1423,2
2026-05-26,601318,11:03:23,54.1900,207,4
2026-05-26,601318,11:03:26,54.1900,68,1
2026-05-26,601318,11:03:29,54.1800,155,2
2026-05-26,601318,11:03:32,54.1900,720,2
2026-05-26,601318,11:03:35,54.1900,10,1
2026-05-26,601318,11:03:38,54.2000,415,1
2026-05-26,601318,11:03:41,54.2100,60,1
2026-05-26,601318,11:03:44,54.2000,223,2
2026-05-26,601318,11:03:47,54.2000,6,2
2026-05-26,601318,11:03:50,54.2000,5,2
2026-05-26,601318,11:03:53,54.2000,67,2
2026-05-26,601318,11:03:56,54.2000,126,1
2026-05-26,601318,11:03:59,54.1900,171,2
2026-05-26,601318,11:04:02,54.2000,40,1
2026-05-26,601318,11:04:05,54.1900,24,2
2026-05-26,601318,11:04:08,54.1800,4,2
2026-05-26,601318,11:04:11,54.1900,204,1
2026-05-26,601318,11:04:14,54.1800,62,2
2026-05-26,601318,11:04:17,54.1900,55,1
2026-05-26,601318,11:04:20,54.1900,97,1
2026-05-26,601318,11:04:23,54.1800,70,2
2026-05-26,601318,11:04:26,54.1700,27,2
2026-05-26,601318,11:04:29,54.1800,6,1
2026-05-26,601318,11:04:32,54.1700,346,2
2026-05-26,601318,11:04:35,54.1700,381,2
2026-05-26,601318,11:04:38,54.1600,53,2
2026-05-26,601318,11:04:41,54.1600,51,2
2026-05-26,601318,11:04:44,54.1600,464,2
2026-05-26,601318,11:04:47,54.1600,275,2
2026-05-26,601318,11:04:50,54.1600,126,2
2026-05-26,601318,11:04:53,54.1600,3,1
2026-05-26,601318,11:04:56,54.1500,681,2
2026-05-26,601318,11:04:59,54.1500,141,2
2026-05-26,601318,11:05:02,54.1600,47,1
2026-05-26,601318,11:05:05,54.1600,215,1
2026-05-26,601318,11:05:08,54.1700,77,1
2026-05-26,601318,11:05:11,54.1800,13,1
2026-05-26,601318,11:05:14,54.1800,13,1
2026-05-26,601318,11:05:17,54.1900,29,1
2026-05-26,601318,11:05:20,54.2000,35,1
2026-05-26,601318,11:05:23,54.1800,8,2
2026-05-26,601318,11:05:26,54.1800,58,2
2026-05-26,601318,11:05:29,54.1900,156,1
2026-05-26,601318,11:05:32,54.1900,14,1
2026-05-26,601318,11:05:35,54.1900,121,1
2026-05-26,601318,11:05:38,54.2000,37,1
2026-05-26,601318,11:05:41,54.1800,35,2
2026-05-26,601318,11:05:44,54.1900,37,2
2026-05-26,601318,11:05:47,54.1900,2,2
2026-05-26,601318,11:05:50,54.2000,12,1
2026-05-26,601318,11:05:53,54.2000,106,1
2026-05-26,601318,11:05:56,54.2000,23,1
2026-05-26,601318,11:05:59,54.1800,299,2
2026-05-26,601318,11:06:02,54.1800,114,2
2026-05-26,601318,11:06:05,54.2000,484,1
2026-05-26,601318,11:06:08,54.2000,10,1
2026-05-26,601318,11:06:11,54.2000,15,1
2026-05-26,601318,11:06:14,54.1900,1,2
2026-05-26,601318,11:06:17,54.2100,16,1
2026-05-26,601318,11:06:20,54.2000,12,4
2026-05-26,601318,11:06:23,54.1900,47,2
2026-05-26,601318,11:06:26,54.2000,13,1
2026-05-26,601318,11:06:29,54.2000,12,1
2026-05-26,601318,11:06:32,54.2000,9,1
2026-05-26,601318,11:06:35,54.2000,65,1
2026-05-26,601318,11:06:38,54.1900,30,2
2026-05-26,601318,11:06:41,54.1900,31,2
2026-05-26,601318,11:06:44,54.2100,54,1
2026-05-26,601318,11:06:47,54.2100,94,1
2026-05-26,601318,11:06:50,54.2200,16,1
2026-05-26,601318,11:06:53,54.2100,36,2
2026-05-26,601318,11:06:56,54.2200,79,1
2026-05-26,601318,11:06:59,54.2200,7,2
2026-05-26,601318,11:07:02,54.2300,50,1
2026-05-26,601318,11:07:05,54.2300,85,1
2026-05-26,601318,11:07:08,54.2400,78,1
2026-05-26,601318,11:07:11,54.2300,17,2
2026-05-26,601318,11:07:14,54.2300,27,2
2026-05-26,601318,11:07:17,54.2300,30,1
2026-05-26,601318,11:07:20,54.2300,24,1
2026-05-26,601318,11:07:23,54.2300,30,2
2026-05-26,601318,11:07:26,54.2200,217,2
2026-05-26,601318,11:07:29,54.2300,44,1
2026-05-26,601318,11:07:32,54.2300,15,1
2026-05-26,601318,11:07:35,54.2300,20,1
2026-05-26,601318,11:07:38,54.2300,46,1
2026-05-26,601318,11:07:41,54.2300,12,2
2026-05-26,601318,11:07:44,54.2400,29,1
2026-05-26,601318,11:07:47,54.2300,57,2
2026-05-26,601318,11:07:50,54.2400,21,1
2026-05-26,601318,11:07:53,54.2600,256,1
2026-05-26,601318,11:07:56,54.2500,451,2
2026-05-26,601318,11:07:59,54.2400,24,4
2026-05-26,601318,11:08:02,54.2300,20,2
2026-05-26,601318,11:08:05,54.2300,45,2
2026-05-26,601318,11:08:08,54.2300,84,2
2026-05-26,601318,11:08:11,54.2400,24,1
2026-05-26,601318,11:08:14,54.2200,132,2
2026-05-26,601318,11:08:17,54.2200,148,2
2026-05-26,601318,11:08:20,54.2200,44,2
2026-05-26,601318,11:08:23,54.2200,48,1
2026-05-26,601318,11:08:26,54.2200,41,1
2026-05-26,601318,11:08:29,54.2200,53,1
2026-05-26,601318,11:08:32,54.2200,89,1
2026-05-26,601318,11:08:35,54.2200,61,1
2026-05-26,601318,11:08:38,54.2100,22,2
2026-05-26,601318,11:08:41,54.2200,32,1
2026-05-26,601318,11:08:44,54.2200,37,2
2026-05-26,601318,11:08:47,54.2200,4,1
2026-05-26,601318,11:08:50,54.2200,34,1
2026-05-26,601318,11:08:53,54.2200,4,2
2026-05-26,601318,11:08:56,54.2300,116,1
2026-05-26,601318,11:08:59,54.2200,164,2
2026-05-26,601318,11:09:02,54.2100,549,2
2026-05-26,601318,11:09:05,54.2000,23,4
2026-05-26,601318,11:09:08,54.2000,57,1
2026-05-26,601318,11:09:11,54.2000,41,1
2026-05-26,601318,11:09:14,54.2000,71,2
2026-05-26,601318,11:09:17,54.2100,42,1
2026-05-26,601318,11:09:20,54.2100,14,1
2026-05-26,601318,11:09:23,54.2100,11,1
2026-05-26,601318,11:09:26,54.2000,27,2
2026-05-26,601318,11:09:29,54.2100,31,1
2026-05-26,601318,11:09:32,54.2300,511,1
2026-05-26,601318,11:09:35,54.2200,62,4
2026-05-26,601318,11:09:38,54.2200,6,1
2026-05-26,601318,11:09:41,54.2200,9,1
2026-05-26,601318,11:09:44,54.2100,42,2
2026-05-26,601318,11:09:47,54.2200,57,1
2026-05-26,601318,11:09:50,54.2200,53,2
2026-05-26,601318,11:09:53,54.2200,27,1
2026-05-26,601318,11:09:56,54.2100,96,2
2026-05-26,601318,11:09:59,54.2200,5,4
2026-05-26,601318,11:10:02,54.2200,14,1
2026-05-26,601318,11:10:05,54.2000,77,2
2026-05-26,601318,11:10:08,54.2200,1,1
2026-05-26,601318,11:10:11,54.2200,5,1
2026-05-26,601318,11:10:14,54.2200,97,1
2026-05-26,601318,11:10:17,54.2200,63,2
2026-05-26,601318,11:10:20,54.2200,49,2
2026-05-26,601318,11:10:23,54.2300,23,1
2026-05-26,601318,11:10:26,54.2400,196,1
2026-05-26,601318,11:10:29,54.2400,92,1
2026-05-26,601318,11:10:32,54.2400,30,1
2026-05-26,601318,11:10:35,54.2300,110,2
2026-05-26,601318,11:10:38,54.2200,920,2
2026-05-26,601318,11:10:41,54.2300,133,1
2026-05-26,601318,11:10:44,54.2000,139,2
2026-05-26,601318,11:10:47,54.2300,35,1
2026-05-26,601318,11:10:50,54.2300,8,1
2026-05-26,601318,11:10:53,54.2200,55,2
2026-05-26,601318,11:10:56,54.2000,52,2
2026-05-26,601318,11:10:59,54.2100,51,2
2026-05-26,601318,11:11:02,54.2000,6,2
2026-05-26,601318,11:11:05,54.2100,71,1
2026-05-26,601318,11:11:08,54.2100,79,1
2026-05-26,601318,11:11:11,54.2100,55,1
2026-05-26,601318,11:11:14,54.2100,163,1
2026-05-26,601318,11:11:17,54.2100,16,2
2026-05-26,601318,11:11:20,54.2100,25,1
2026-05-26,601318,11:11:23,54.2000,33,2
2026-05-26,601318,11:11:26,54.2000,32,2
2026-05-26,601318,11:11:29,54.2200,94,1
2026-05-26,601318,11:11:32,54.2100,34,4
2026-05-26,601318,11:11:35,54.2100,76,1
2026-05-26,601318,11:11:38,54.2100,21,1
2026-05-26,601318,11:11:41,54.2100,4,2
2026-05-26,601318,11:11:44,54.2100,41,2
2026-05-26,601318,11:11:47,54.2200,6,1
2026-05-26,601318,11:11:50,54.2100,16,2
2026-05-26,601318,11:11:53,54.2100,19,2
2026-05-26,601318,11:11:56,54.2200,93,1
2026-05-26,601318,11:11:59,54.2100,68,2
2026-05-26,601318,11:12:02,54.2100,48,1
2026-05-26,601318,11:12:05,54.2100,136,1
2026-05-26,601318,11:12:08,54.2000,39,2
2026-05-26,601318,11:12:11,54.2000,27,2
2026-05-26,601318,11:12:14,54.2000,311,2
2026-05-26,601318,11:12:17,54.2100,5,4
2026-05-26,601318,11:12:20,54.2100,7,2
2026-05-26,601318,11:12:23,54.2100,4,2
2026-05-26,601318,11:12:26,54.2100,43,2
2026-05-26,601318,11:12:29,54.2200,32,1
2026-05-26,601318,11:12:35,54.2100,47,2
2026-05-26,601318,11:12:38,54.2200,30,1
2026-05-26,601318,11:12:41,54.2200,4,1
2026-05-26,601318,11:12:44,54.2300,108,1
2026-05-26,601318,11:12:47,54.2200,91,2
2026-05-26,601318,11:12:50,54.2300,40,1
2026-05-26,601318,11:12:53,54.2300,24,1
2026-05-26,601318,11:12:56,54.2400,49,1
2026-05-26,601318,11:12:59,54.2300,39,2
2026-05-26,601318,11:13:02,54.2400,212,1
2026-05-26,601318,11:13:05,54.2400,180,1
2026-05-26,601318,11:13:08,54.2600,159,1
2026-05-26,601318,11:13:11,54.2600,101,1
2026-05-26,601318,11:13:14,54.2500,23,4
2026-05-26,601318,11:13:17,54.2400,95,2
2026-05-26,601318,11:13:20,54.2500,44,4
2026-05-26,601318,11:13:23,54.2300,75,2
2026-05-26,601318,11:13:26,54.2300,74,1
2026-05-26,601318,11:13:29,54.2400,504,4
2026-05-26,601318,11:13:32,54.2400,8,4
2026-05-26,601318,11:13:35,54.2300,16,2
2026-05-26,601318,11:13:38,54.2300,236,2
2026-05-26,601318,11:13:41,54.2500,120,1
2026-05-26,601318,11:13:44,54.2500,183,1
2026-05-26,601318,11:13:47,54.2300,54,2
2026-05-26,601318,11:13:50,54.2400,8,1
2026-05-26,601318,11:13:53,54.2500,235,1
2026-05-26,601318,11:13:56,54.2600,112,1
2026-05-26,601318,11:13:59,54.2500,19,2
2026-05-26,601318,11:14:02,54.2500,62,1
2026-05-26,601318,11:14:05,54.2600,261,1
2026-05-26,601318,11:14:08,54.2400,199,2
2026-05-26,601318,11:14:11,54.2400,17,1
2026-05-26,601318,11:14:14,54.2200,61,2
2026-05-26,601318,11:14:17,54.2400,152,1
2026-05-26,601318,11:14:20,54.2100,9,2
2026-05-26,601318,11:14:23,54.2300,123,1
2026-05-26,601318,11:14:26,54.2300,12,1
2026-05-26,601318,11:14:29,54.2300,14,1
2026-05-26,601318,11:14:32,54.2300,14,1
2026-05-26,601318,11:14:35,54.2300,28,1
2026-05-26,601318,11:14:38,54.2200,85,2
2026-05-26,601318,11:14:41,54.2200,86,1
2026-05-26,601318,11:14:44,54.2400,204,1
2026-05-26,601318,11:14:47,54.2300,191,2
2026-05-26,601318,11:14:50,54.2400,64,1
2026-05-26,601318,11:14:53,54.2400,6,2
2026-05-26,601318,11:14:56,54.2400,39,1
2026-05-26,601318,11:14:59,54.2300,148,2
2026-05-26,601318,11:15:02,54.2500,36,1
2026-05-26,601318,11:15:05,54.2400,23,2
2026-05-26,601318,11:15:08,54.2400,92,2
2026-05-26,601318,11:15:11,54.2400,12,2
2026-05-26,601318,11:15:14,54.2600,38,1
2026-05-26,601318,11:15:17,54.2300,22,2
2026-05-26,601318,11:15:20,54.2300,25,2
2026-05-26,601318,11:15:26,54.2300,75,2
2026-05-26,601318,11:15:29,54.2300,143,2
2026-05-26,601318,11:15:32,54.2400,7,1
2026-05-26,601318,11:15:35,54.2400,14,1
2026-05-26,601318,11:15:38,54.2400,131,1
2026-05-26,601318,11:15:41,54.2400,84,1
2026-05-26,601318,11:15:44,54.2300,44,2
2026-05-26,601318,11:15:47,54.2300,27,2
2026-05-26,601318,11:15:50,54.2400,91,1
2026-05-26,601318,11:15:53,54.2500,23,1
2026-05-26,601318,11:15:56,54.2500,69,1
2026-05-26,601318,11:15:59,54.2500,71,1
2026-05-26,601318,11:16:02,54.2500,58,1
2026-05-26,601318,11:16:05,54.2400,120,2
2026-05-26,601318,11:16:08,54.2400,11,2
2026-05-26,601318,11:16:11,54.2500,17,1
2026-05-26,601318,11:16:14,54.2500,6,1
2026-05-26,601318,11:16:17,54.2500,84,1
2026-05-26,601318,11:16:20,54.2500,61,2
2026-05-26,601318,11:16:23,54.2600,34,1
2026-05-26,601318,11:16:26,54.2500,80,2
2026-05-26,601318,11:16:29,54.2500,109,1
2026-05-26,601318,11:16:32,54.2500,35,1
2026-05-26,601318,11:16:35,54.2400,114,2
2026-05-26,601318,11:16:38,54.2300,125,2
2026-05-26,601318,11:16:41,54.2400,182,1
2026-05-26,601318,11:16:44,54.2300,113,2
2026-05-26,601318,11:16:47,54.2400,319,1
2026-05-26,601318,11:16:50,54.2300,80,2
2026-05-26,601318,11:16:53,54.2500,14,1
2026-05-26,601318,11:16:56,54.2500,5,1
2026-05-26,601318,11:16:59,54.2500,73,1
2026-05-26,601318,11:17:02,54.2400,19,2
2026-05-26,601318,11:17:05,54.2400,8,2
2026-05-26,601318,11:17:08,54.2400,104,1
2026-05-26,601318,11:17:11,54.2400,871,1
2026-05-26,601318,11:17:14,54.2400,116,2
2026-05-26,601318,11:17:17,54.2400,126,4
2026-05-26,601318,11:17:20,54.2200,41,2
2026-05-26,601318,11:17:23,54.2300,13,1
2026-05-26,601318,11:17:26,54.2300,191,1
2026-05-26,601318,11:17:29,54.2200,167,2
2026-05-26,601318,11:17:32,54.2100,253,2
2026-05-26,601318,11:17:35,54.2200,80,1
2026-05-26,601318,11:17:38,54.2100,34,4
2026-05-26,601318,11:17:41,54.2100,37,1
2026-05-26,601318,11:17:44,54.2100,16,1
2026-05-26,601318,11:17:47,54.2100,885,2
2026-05-26,601318,11:17:50,54.2100,17,2
2026-05-26,601318,11:17:53,54.2200,102,1
2026-05-26,601318,11:17:56,54.2200,22,2
2026-05-26,601318,11:17:59,54.2200,852,2
2026-05-26,601318,11:18:02,54.2100,172,2
2026-05-26,601318,11:18:05,54.2000,524,2
2026-05-26,601318,11:18:08,54.2100,35,1
2026-05-26,601318,11:18:11,54.2100,21,1
2026-05-26,601318,11:18:14,54.2100,141,1
2026-05-26,601318,11:18:17,54.2100,288,1
2026-05-26,601318,11:18:20,54.2100,18,1
2026-05-26,601318,11:18:23,54.1900,266,2
2026-05-26,601318,11:18:26,54.1900,221,2
2026-05-26,601318,11:18:29,54.1900,207,1
2026-05-26,601318,11:18:32,54.1900,263,1
2026-05-26,601318,11:18:35,54.1800,99,2
2026-05-26,601318,11:18:38,54.1800,46,1
2026-05-26,601318,11:18:41,54.1800,75,1
2026-05-26,601318,11:18:44,54.1900,94,1
2026-05-26,601318,11:18:47,54.1900,177,1
2026-05-26,601318,11:18:50,54.1900,21,1
2026-05-26,601318,11:18:53,54.1900,133,1
2026-05-26,601318,11:18:56,54.1900,513,1
2026-05-26,601318,11:18:59,54.1900,1,1
2026-05-26,601318,11:19:02,54.1900,89,1
2026-05-26,601318,11:19:05,54.1800,134,2
2026-05-26,601318,11:19:08,54.1900,11,2
2026-05-26,601318,11:19:11,54.2000,33,1
2026-05-26,601318,11:19:14,54.2000,31,1
2026-05-26,601318,11:19:17,54.2000,124,1
2026-05-26,601318,11:19:20,54.2000,5,1
2026-05-26,601318,11:19:23,54.1800,259,2
2026-05-26,601318,11:19:26,54.1900,148,1
2026-05-26,601318,11:19:29,54.1800,108,2
2026-05-26,601318,11:19:32,54.1800,15,2
2026-05-26,601318,11:19:35,54.1900,37,1
2026-05-26,601318,11:19:38,54.1900,200,1
2026-05-26,601318,11:19:41,54.2000,1,1
2026-05-26,601318,11:19:44,54.2000,6,1
2026-05-26,601318,11:19:47,54.1900,43,2
2026-05-26,601318,11:19:50,54.2100,97,1
2026-05-26,601318,11:19:53,54.1900,163,2
2026-05-26,601318,11:19:56,54.1900,69,2
2026-05-26,601318,11:19:59,54.2000,15,1
2026-05-26,601318,11:20:02,54.2100,17,1
2026-05-26,601318,11:20:05,54.1900,51,2
2026-05-26,601318,11:20:08,54.2100,25,2
2026-05-26,601318,11:20:11,54.2200,17,1
2026-05-26,601318,11:20:14,54.2200,62,1
2026-05-26,601318,11:20:17,54.2100,181,2
2026-05-26,601318,11:20:20,54.2100,47,2
2026-05-26,601318,11:20:23,54.2200,20,1
