date,code,time,price,volume,bs
2026-01-05,601012,14:07:08,18.4400,13,1
2026-01-05,601012,14:07:10,18.4400,15,1
2026-01-05,601012,14:07:13,18.4300,99,2
2026-01-05,601012,14:07:16,18.4300,72,2
2026-01-05,601012,14:07:20,18.4300,82,2
2026-01-05,601012,14:07:22,18.4300,106,2
2026-01-05,601012,14:07:25,18.4400,18,1
2026-01-05,601012,14:07:29,18.4300,176,2
2026-01-05,601012,14:07:31,18.4400,77,1
2026-01-05,601012,14:07:35,18.4300,39,2
2026-01-05,601012,14:07:37,18.4300,43,2
2026-01-05,601012,14:07:40,18.4300,19,2
2026-01-05,601012,14:07:43,18.4300,287,2
2026-01-05,601012,14:07:47,18.4300,948,2
2026-01-05,601012,14:07:49,18.4300,90,1
2026-01-05,601012,14:07:53,18.4300,127,1
2026-01-05,601012,14:07:56,18.4300,7,1
2026-01-05,601012,14:07:58,18.4300,22,1
2026-01-05,601012,14:08:01,18.4200,45,2
2026-01-05,601012,14:08:04,18.4300,143,1
2026-01-05,601012,14:08:07,18.4300,21,1
2026-01-05,601012,14:08:10,18.4200,67,2
2026-01-05,601012,14:08:13,18.4300,2296,1
2026-01-05,601012,14:08:16,18.4300,16,2
2026-01-05,601012,14:08:20,18.4300,89,2
2026-01-05,601012,14:08:22,18.4400,8,1
2026-01-05,601012,14:08:25,18.4300,203,2
2026-01-05,601012,14:08:28,18.4300,463,2
2026-01-05,601012,14:08:31,18.4300,15,2
2026-01-05,601012,14:08:34,18.4300,73,2
2026-01-05,601012,14:08:37,18.4300,66,2
2026-01-05,601012,14:08:40,18.4300,79,2
2026-01-05,601012,14:08:43,18.4300,23,2
2026-01-05,601012,14:08:46,18.4400,147,1
2026-01-05,601012,14:08:49,18.4300,136,2
2026-01-05,601012,14:08:53,18.4400,39,1
2026-01-05,601012,14:08:55,18.4300,11,2
2026-01-05,601012,14:08:58,18.4300,140,2
2026-01-05,601012,14:09:02,18.4400,39,1
2026-01-05,601012,14:09:05,18.4300,9,2
2026-01-05,601012,14:09:08,18.4400,13,1
2026-01-05,601012,14:09:10,18.4300,670,2
2026-01-05,601012,14:09:13,18.4300,9,2
2026-01-05,601012,14:09:16,18.4300,67,2
2026-01-05,601012,14:09:19,18.4400,52,1
2026-01-05,601012,14:09:22,18.4400,177,1
2026-01-05,601012,14:09:25,18.4400,112,1
2026-01-05,601012,14:09:29,18.4400,282,1
2026-01-05,601012,14:09:31,18.4400,66,1
2026-01-05,601012,14:09:35,18.4400,306,1
2026-01-05,601012,14:09:37,18.4400,54,1
2026-01-05,601012,14:09:40,18.4300,134,2
2026-01-05,601012,14:09:44,18.4400,94,1
2026-01-05,601012,14:09:47,18.4400,34,1
2026-01-05,601012,14:09:49,18.4400,54,1
2026-01-05,601012,14:09:52,18.4400,30,1
2026-01-05,601012,14:09:55,18.4300,46,2
2026-01-05,601012,14:09:59,18.4400,5,1
2026-01-05,601012,14:10:01,18.4300,11,2
2026-01-05,601012,14:10:04,18.4300,160,2
2026-01-05,601012,14:10:07,18.4300,142,2
2026-01-05,601012,14:10:10,18.4300,15,2
2026-01-05,601012,14:10:13,18.4400,60,1
2026-01-05,601012,14:10:17,18.4300,98,2
2026-01-05,601012,14:10:20,18.4400,27,1
2026-01-05,601012,14:10:22,18.4400,344,1
2026-01-05,601012,14:10:26,18.4400,88,1
2026-01-05,601012,14:10:28,18.4400,24,1
2026-01-05,601012,14:10:31,18.4400,40,1
2026-01-05,601012,14:10:34,18.4400,266,1
2026-01-05,601012,14:10:37,18.4500,54,1
2026-01-05,601012,14:10:40,18.4500,28,1
2026-01-05,601012,14:10:43,18.4400,11,2
2026-01-05,601012,14:10:46,18.4500,45,1
2026-01-05,601012,14:10:50,18.4500,88,1
2026-01-05,601012,14:10:52,18.4500,14,1
2026-01-05,601012,14:10:56,18.4400,253,2
2026-01-05,601012,14:10:58,18.4500,35,1
2026-01-05,601012,14:11:01,18.4400,58,2
2026-01-05,601012,14:11:05,18.4400,219,2
2026-01-05,601012,14:11:07,18.4400,78,2
2026-01-05,601012,14:11:10,18.4400,61,2
2026-01-05,601012,14:11:13,18.4400,40,2
2026-01-05,601012,14:11:16,18.4400,264,2
2026-01-05,601012,14:11:19,18.4500,29,1
2026-01-05,601012,14:11:23,18.4500,32,1
2026-01-05,601012,14:11:25,18.4500,121,1
2026-01-05,601012,14:11:28,18.4500,45,1
2026-01-05,601012,14:11:31,18.4500,93,1
2026-01-05,601012,14:11:34,18.4400,74,2
2026-01-05,601012,14:11:37,18.4500,23,1
2026-01-05,601012,14:11:40,18.4400,51,2
2026-01-05,601012,14:11:44,18.4400,175,2
2026-01-05,601012,14:11:46,18.4500,95,1
2026-01-05,601012,14:11:49,18.4500,683,1
2026-01-05,601012,14:11:52,18.4600,1141,1
2026-01-05,601012,14:11:55,18.4500,162,2
2026-01-05,601012,14:11:58,18.4500,35,2
2026-01-05,601012,14:12:02,18.4500,43,2
2026-01-05,601012,14:12:04,18.4500,30,2
2026-01-05,601012,14:12:08,18.4500,450,2
2026-01-05,601012,14:12:10,18.4600,120,1
2026-01-05,601012,14:12:13,18.4500,126,2
2026-01-05,601012,14:12:16,18.4500,51,2
2026-01-05,601012,14:12:19,18.4500,88,1
2026-01-05,601012,14:12:22,18.4500,143,1
2026-01-05,601012,14:12:25,18.4600,28,1
2026-01-05,601012,14:12:29,18.4600,49,1
2026-01-05,601012,14:12:31,18.4500,19,2
2026-01-05,601012,14:12:34,18.4600,65,1
2026-01-05,601012,14:12:37,18.4600,132,1
2026-01-05,601012,14:12:40,18.4600,13,1
2026-01-05,601012,14:12:43,18.4500,53,2
2026-01-05,601012,14:12:46,18.4500,87,2
2026-01-05,601012,14:12:49,18.4500,39,2
2026-01-05,601012,14:12:52,18.4500,50,2
2026-01-05,601012,14:12:55,18.4500,199,1
2026-01-05,601012,14:12:59,18.4600,264,1
2026-01-05,601012,14:13:02,18.4600,129,1
2026-01-05,601012,14:13:05,18.4600,153,1
2026-01-05,601012,14:13:08,18.4600,17,1
2026-01-05,601012,14:13:10,18.4500,65,2
2026-01-05,601012,14:13:13,18.4500,61,2
2026-01-05,601012,14:13:17,18.4500,161,2
2026-01-05,601012,14:13:19,18.4600,82,1
2026-01-05,601012,14:13:22,18.4600,10,1
2026-01-05,601012,14:13:25,18.4600,50,1
2026-01-05,601012,14:13:28,18.4600,70,1
2026-01-05,601012,14:13:31,18.4600,244,1
2026-01-05,601012,14:13:35,18.4500,34,2
2026-01-05,601012,14:13:37,18.4600,64,1
2026-01-05,601012,14:13:40,18.4500,180,2
2026-01-05,601012,14:13:43,18.4500,90,2
2026-01-05,601012,14:13:46,18.4600,47,1
2026-01-05,601012,14:13:49,18.4600,21,1
2026-01-05,601012,14:13:52,18.4500,511,2
2026-01-05,601012,14:13:55,18.4500,193,2
2026-01-05,601012,14:13:58,18.4500,315,2
2026-01-05,601012,14:14:01,18.4600,100,1
2026-01-05,601012,14:14:04,18.4500,200,2
2026-01-05,601012,14:14:07,18.4500,111,2
2026-01-05,601012,14:14:10,18.4500,163,2
2026-01-05,601012,14:14:14,18.4500,40,2
2026-01-05,601012,14:14:16,18.4500,7,2
2026-01-05,601012,14:14:19,18.4600,25,1
2026-01-05,601012,14:14:23,18.4500,82,2
2026-01-05,601012,14:14:26,18.4500,23,2
2026-01-05,601012,14:14:28,18.4600,192,1
2026-01-05,601012,14:14:31,18.4500,131,2
2026-01-05,601012,14:14:34,18.4600,58,1
2026-01-05,601012,14:14:38,18.4500,47,2
2026-01-05,601012,14:14:40,18.4600,65,1
2026-01-05,601012,14:14:44,18.4500,260,2
2026-01-05,601012,14:14:46,18.4600,173,1
2026-01-05,601012,14:14:50,18.4600,79,1
2026-01-05,601012,14:14:53,18.4600,52,1
2026-01-05,601012,14:14:56,18.4600,127,1
2026-01-05,601012,14:14:58,18.4500,133,2
2026-01-05,601012,14:15:02,18.4600,253,1
2026-01-05,601012,14:15:04,18.4500,118,2
2026-01-05,601012,14:15:07,18.4600,11,1
2026-01-05,601012,14:15:10,18.4600,82,1
2026-01-05,601012,14:15:13,18.4600,94,1
2026-01-05,601012,14:15:17,18.4600,119,1
2026-01-05,601012,14:15:20,18.4600,782,1
2026-01-05,601012,14:15:22,18.4600,711,2
2026-01-05,601012,14:15:26,18.4600,77,2
2026-01-05,601012,14:15:28,18.4600,179,2
2026-01-05,601012,14:15:32,18.4600,69,2
2026-01-05,601012,14:15:35,18.4700,19,1
2026-01-05,601012,14:15:37,18.4700,126,1
2026-01-05,601012,14:15:40,18.4700,90,1
2026-01-05,601012,14:15:44,18.4700,500,1
2026-01-05,601012,14:15:46,18.4700,53,1
2026-01-05,601012,14:15:49,18.4600,99,2
2026-01-05,601012,14:15:52,18.4700,22,1
2026-01-05,601012,14:15:56,18.4700,168,1
2026-01-05,601012,14:15:58,18.4700,168,1
2026-01-05,601012,14:16:01,18.4700,121,1
2026-01-05,601012,14:16:04,18.4600,95,2
2026-01-05,601012,14:16:07,18.4600,142,2
2026-01-05,601012,14:16:10,18.4600,49,2
2026-01-05,601012,14:16:13,18.4700,83,1
2026-01-05,601012,14:16:16,18.4700,47,1
2026-01-05,601012,14:16:19,18.4700,176,1
2026-01-05,601012,14:16:23,18.4600,112,2
2026-01-05,601012,14:16:26,18.4600,40,2
2026-01-05,601012,14:16:28,18.4600,80,2
2026-01-05,601012,14:16:31,18.4700,61,1
2026-01-05,601012,14:16:35,18.4700,81,1
2026-01-05,601012,14:16:37,18.4700,128,1
2026-01-05,601012,14:16:40,18.4700,59,1
2026-01-05,601012,14:16:43,18.4700,34,1
2026-01-05,601012,14:16:46,18.4600,138,2
2026-01-05,601012,14:16:49,18.4700,48,1
2026-01-05,601012,14:16:53,18.4700,135,1
2026-01-05,601012,14:16:56,18.4600,88,2
2026-01-05,601012,14:16:59,18.4700,430,1
2026-01-05,601012,14:17:01,18.4700,121,1
2026-01-05,601012,14:17:05,18.4700,87,1
2026-01-05,601012,14:17:07,18.4600,177,2
2026-01-05,601012,14:17:10,18.4700,33,1
2026-01-05,601012,14:17:13,18.4600,27,2
2026-01-05,601012,14:17:17,18.4600,321,2
2026-01-05,601012,14:17:20,18.4600,144,2
2026-01-05,601012,14:17:22,18.4600,40,2
2026-01-05,601012,14:17:25,18.4700,48,1
2026-01-05,601012,14:17:28,18.4600,129,2
2026-01-05,601012,14:17:32,18.4700,130,1
2026-01-05,601012,14:17:35,18.4700,126,1
2026-01-05,601012,14:17:37,18.4700,295,1
2026-01-05,601012,14:17:40,18.4600,310,2
2026-01-05,601012,14:17:43,18.4700,26,1
2026-01-05,601012,14:17:46,18.4700,84,1
2026-01-05,601012,14:17:50,18.4600,207,2
2026-01-05,601012,14:17:52,18.4700,99,1
2026-01-05,601012,14:17:55,18.4700,101,1
2026-01-05,601012,14:17:58,18.4700,86,1
2026-01-05,601012,14:18:01,18.4700,36,1
2026-01-05,601012,14:18:04,18.4600,52,2
2026-01-05,601012,14:18:07,18.4700,60,1
2026-01-05,601012,14:18:10,18.4600,133,2
2026-01-05,601012,14:18:13,18.4700,48,1
2026-01-05,601012,14:18:17,18.4700,110,1
2026-01-05,601012,14:18:20,18.4600,43,2
2026-01-05,601012,14:18:23,18.4600,80,2
2026-01-05,601012,14:18:25,18.4700,22,1
2026-01-05,601012,14:18:28,18.4700,59,1
2026-01-05,601012,14:18:31,18.4700,45,1
2026-01-05,601012,14:18:34,18.4600,10,2
2026-01-05,601012,14:18:37,18.4700,38,1
2026-01-05,601012,14:18:41,18.4700,88,1
2026-01-05,601012,14:18:44,18.4700,115,1
2026-01-05,601012,14:18:47,18.4600,128,2
2026-01-05,601012,14:18:49,18.4700,49,1
2026-01-05,601012,14:18:53,18.4600,30,2
2026-01-05,601012,14:18:55,18.4600,686,2
2026-01-05,601012,14:18:58,18.4700,11,1
2026-01-05,601012,14:19:02,18.4600,105,2
2026-01-05,601012,14:19:04,18.4600,134,2
2026-01-05,601012,14:19:07,18.4600,7139,2
2026-01-05,601012,14:19:11,18.4600,160,2
2026-01-05,601012,14:19:14,18.4700,263,1
2026-01-05,601012,14:19:17,18.4700,133,1
2026-01-05,601012,14:19:20,18.4600,89,2
2026-01-05,601012,14:19:22,18.4700,2589,1
2026-01-05,601012,14:19:26,18.4600,57,2
2026-01-05,601012,14:19:28,18.4700,83,1
2026-01-05,601012,14:19:31,18.4700,10,1
2026-01-05,601012,14:19:34,18.4700,64,1
2026-01-05,601012,14:19:37,18.4700,551,1
2026-01-05,601012,14:19:41,18.4600,191,2
2026-01-05,601012,14:19:43,18.4600,40,2
2026-01-05,601012,14:19:46,18.4600,23,2
2026-01-05,601012,14:19:50,18.4600,226,2
2026-01-05,601012,14:19:53,18.4500,118,2
2026-01-05,601012,14:19:55,18.4600,78,2
2026-01-05,601012,14:19:58,18.4600,147,1
2026-01-05,601012,14:20:02,18.4600,257,1
2026-01-05,601012,14:20:04,18.4500,222,2
2026-01-05,601012,14:20:07,18.4500,50,2
2026-01-05,601012,14:20:10,18.4600,193,1
2026-01-05,601012,14:20:13,18.4600,251,2
2026-01-05,601012,14:20:16,18.4600,157,2
2026-01-05,601012,14:20:20,18.4700,192,1
2026-01-05,601012,14:20:22,18.4600,35,2
2026-01-05,601012,14:20:25,18.4600,212,2
2026-01-05,601012,14:20:28,18.4600,91,2
2026-01-05,601012,14:20:31,18.4700,32,1
2026-01-05,601012,14:20:34,18.4600,48,2
2026-01-05,601012,14:20:37,18.4700,54,1
2026-01-05,601012,14:20:40,18.4600,536,2
2026-01-05,601012,14:20:43,18.4700,47,1
2026-01-05,601012,14:20:46,18.4700,95,1
2026-01-05,601012,14:20:49,18.4700,75,1
2026-01-05,601012,14:20:52,18.4700,250,1
2026-01-05,601012,14:20:55,18.4700,81,1
2026-01-05,601012,14:20:58,18.4600,109,2
2026-01-05,601012,14:21:01,18.4700,528,1
2026-01-05,601012,14:21:04,18.4600,175,2
2026-01-05,601012,14:21:08,18.4700,39,1
2026-01-05,601012,14:21:11,18.4700,68,1
2026-01-05,601012,14:21:13,18.4600,51,2
2026-01-05,601012,14:21:16,18.4600,289,2
2026-01-05,601012,14:21:19,18.4600,774,2
2026-01-05,601012,14:21:22,18.4700,254,1
2026-01-05,601012,14:21:25,18.4600,172,2
2026-01-05,601012,14:21:29,18.4600,54,2
2026-01-05,601012,14:21:31,18.4600,284,2
2026-01-05,601012,14:21:34,18.4600,257,2
2026-01-05,601012,14:21:37,18.4600,76,1
2026-01-05,601012,14:21:40,18.4600,221,1
2026-01-05,601012,14:21:44,18.4600,117,1
2026-01-05,601012,14:21:46,18.4500,135,2
2026-01-05,601012,14:21:50,18.4500,48,2
2026-01-05,601012,14:21:52,18.4500,64,2
2026-01-05,601012,14:21:55,18.4600,136,1
2026-01-05,601012,14:21:58,18.4500,21,2
2026-01-05,601012,14:22:01,18.4600,41,1
2026-01-05,601012,14:22:05,18.4600,72,1
2026-01-05,601012,14:22:07,18.4600,27,1
2026-01-05,601012,14:22:10,18.4600,106,1
2026-01-05,601012,14:22:14,18.4600,21,1
2026-01-05,601012,14:22:16,18.4600,204,1
2026-01-05,601012,14:22:19,18.4600,175,1
2026-01-05,601012,14:22:22,18.4600,140,1
2026-01-05,601012,14:22:25,18.4800,3692,1
2026-01-05,601012,14:22:28,18.4700,108,2
2026-01-05,601012,14:22:31,18.4700,35,2
2026-01-05,601012,14:22:34,18.4700,159,2
2026-01-05,601012,14:22:38,18.4700,18,4
2026-01-05,601012,14:22:40,18.4700,438,1
2026-01-05,601012,14:22:44,18.4800,155,1
2026-01-05,601012,14:22:46,18.4800,302,1
2026-01-05,601012,14:22:49,18.4700,78,2
2026-01-05,601012,14:22:53,18.4800,33,1
2026-01-05,601012,14:22:56,18.4800,57,1
2026-01-05,601012,14:22:58,18.4800,55,1
2026-01-05,601012,14:23:01,18.4800,206,1
2026-01-05,601012,14:23:05,18.4700,56,2
2026-01-05,601012,14:23:07,18.4700,160,2
2026-01-05,601012,14:23:10,18.4700,91,2
2026-01-05,601012,14:23:13,18.4800,278,1
2026-01-05,601012,14:23:16,18.4700,107,2
2026-01-05,601012,14:23:19,18.4700,31,2
2026-01-05,601012,14:23:22,18.4700,181,2
2026-01-05,601012,14:23:25,18.4800,95,1
2026-01-05,601012,14:23:29,18.4700,36,2
2026-01-05,601012,14:23:31,18.4700,105,2
2026-01-05,601012,14:23:34,18.4800,123,1
2026-01-05,601012,14:23:37,18.4700,95,2
2026-01-05,601012,14:23:40,18.4700,57,2
2026-01-05,601012,14:23:43,18.4800,71,1
2026-01-05,601012,14:23:47,18.4800,139,1
2026-01-05,601012,14:23:49,18.4800,143,1
2026-01-05,601012,14:23:53,18.4800,31,1
2026-01-05,601012,14:23:56,18.4700,44,2
2026-01-05,601012,14:23:58,18.4800,98,1
2026-01-05,601012,14:24:01,18.4700,94,2
2026-01-05,601012,14:24:04,18.4700,35,2
2026-01-05,601012,14:24:07,18.4700,48,2
2026-01-05,601012,14:24:11,18.4700,75,2
2026-01-05,601012,14:24:13,18.4800,13,1
2026-01-05,601012,14:24:17,18.4800,47,1
2026-01-05,601012,14:24:20,18.4700,38,2
2026-01-05,601012,14:24:22,18.4700,78,2
2026-01-05,601012,14:24:25,18.4700,77,2
2026-01-05,601012,14:24:28,18.4700,27,2
2026-01-05,601012,14:24:31,18.4700,272,2
2026-01-05,601012,14:24:35,18.4700,47,2
2026-01-05,601012,14:24:37,18.4800,44,1
2026-01-05,601012,14:24:40,18.4700,92,2
2026-01-05,601012,14:24:43,18.4700,111,2
2026-01-05,601012,14:24:47,18.4700,84,2
2026-01-05,601012,14:24:50,18.4800,166,1
2026-01-05,601012,14:24:53,18.4800,217,1
2026-01-05,601012,14:24:55,18.4800,19,1
2026-01-05,601012,14:24:58,18.4700,48,2
2026-01-05,601012,14:25:01,18.4700,100,2
2026-01-05,601012,14:25:04,18.4700,31,2
2026-01-05,601012,14:25:07,18.4700,29,2
2026-01-05,601012,14:25:10,18.4700,109,2
2026-01-05,601012,14:25:14,18.4700,39,2
2026-01-05,601012,14:25:17,18.4700,69,2
2026-01-05,601012,14:25:19,18.4700,230,2
2026-01-05,601012,14:25:22,18.4600,155,2
2026-01-05,601012,14:25:25,18.4700,28,1
2026-01-05,601012,14:25:28,18.4700,71,1
2026-01-05,601012,14:25:31,18.4700,71,1
2026-01-05,601012,14:25:34,18.4600,134,2
2026-01-05,601012,14:25:37,18.4600,30,2
2026-01-05,601012,14:25:41,18.4600,289,2
2026-01-05,601012,14:25:43,18.4700,132,1
2026-01-05,601012,14:25:46,18.4700,27,1
2026-01-05,601012,14:25:49,18.4700,70,1
2026-01-05,601012,14:25:52,18.4600,29,2
2026-01-05,601012,14:25:56,18.4700,214,1
2026-01-05,601012,14:25:59,18.4600,408,2
2026-01-05,601012,14:26:01,18.4600,41,2
2026-01-05,601012,14:26:04,18.4600,165,2
2026-01-05,601012,14:26:07,18.4600,159,2
2026-01-05,601012,14:26:10,18.4600,254,2
2026-01-05,601012,14:26:13,18.4600,70,2
2026-01-05,601012,14:26:16,18.4700,232,1
2026-01-05,601012,14:26:20,18.4600,134,2
2026-01-05,601012,14:26:22,18.4600,32,2
2026-01-05,601012,14:26:26,18.4600,96,2
2026-01-05,601012,14:26:28,18.4700,139,1
2026-01-05,601012,14:26:31,18.4600,673,2
2026-01-05,601012,14:26:34,18.4700,23,1
2026-01-05,601012,14:26:37,18.4700,91,1
2026-01-05,601012,14:26:40,18.4700,163,1
2026-01-05,601012,14:26:43,18.4600,74,2
2026-01-05,601012,14:26:46,18.4600,141,2
2026-01-05,601012,14:26:49,18.4700,78,1
2026-01-05,601012,14:26:52,18.4600,268,2
2026-01-05,601012,14:26:56,18.4600,156,2
2026-01-05,601012,14:26:59,18.4600,102,2
2026-01-05,601012,14:27:01,18.4700,29,1
2026-01-05,601012,14:27:05,18.4700,179,1
2026-01-05,601012,14:27:07,18.4600,61,2
2026-01-05,601012,14:27:10,18.4600,111,2
2026-01-05,601012,14:27:13,18.4600,92,2
2026-01-05,601012,14:27:17,18.4600,187,2
2026-01-05,601012,14:27:20,18.4600,121,1
2026-01-05,601012,14:27:23,18.4600,40,2
2026-01-05,601012,14:27:25,18.4600,107,1
2026-01-05,601012,14:27:28,18.4500,18,2
2026-01-05,601012,14:27:31,18.4600,274,1
2026-01-05,601012,14:27:34,18.4700,137,1
2026-01-05,601012,14:27:37,18.4600,62,2
2026-01-05,601012,14:27:40,18.4600,126,2
2026-01-05,601012,14:27:43,18.4600,30,2
2026-01-05,601012,14:27:47,18.4600,93,2
2026-01-05,601012,14:27:49,18.4700,85,1
2026-01-05,601012,14:27:52,18.4700,68,1
2026-01-05,601012,14:27:55,18.4600,57,2
2026-01-05,601012,14:27:58,18.4700,91,1
2026-01-05,601012,14:28:02,18.4600,212,2
2026-01-05,601012,14:28:05,18.4600,62,2
2026-01-05,601012,14:28:07,18.4600,110,1
2026-01-05,601012,14:28:10,18.4600,92,2
2026-01-05,601012,14:28:14,18.4600,103,2
2026-01-05,601012,14:28:16,18.4600,5,2
2026-01-05,601012,14:28:19,18.4600,86,2
2026-01-05,601012,14:28:22,18.4600,138,2
2026-01-05,601012,14:28:25,18.4600,35,2
2026-01-05,601012,14:28:29,18.4600,55,2
2026-01-05,601012,14:28:31,18.4600,152,2
2026-01-05,601012,14:28:34,18.4600,101,2
2026-01-05,601012,14:28:37,18.4600,112,2
2026-01-05,601012,14:28:40,18.4600,111,2
2026-01-05,601012,14:28:44,18.4600,117,2
2026-01-05,601012,14:28:47,18.4600,57,2
2026-01-05,601012,14:28:49,18.4700,21,1
2026-01-05,601012,14:28:52,18.4600,144,2
2026-01-05,601012,14:28:55,18.4600,20,2
2026-01-05,601012,14:28:58,18.4600,66,2
2026-01-05,601012,14:29:01,18.4700,160,1
2026-01-05,601012,14:29:05,18.4700,67,1
2026-01-05,601012,14:29:07,18.4700,72,1
2026-01-05,601012,14:29:10,18.4700,89,1
2026-01-05,601012,14:29:14,18.4600,451,2
2026-01-05,601012,14:29:16,18.4600,166,2
2026-01-05,601012,14:29:19,18.4500,115,2
2026-01-05,601012,14:29:23,18.4600,92,4
2026-01-05,601012,14:29:26,18.4500,164,2
2026-01-05,601012,14:29:29,18.4600,76,4
2026-01-05,601012,14:29:31,18.4600,15,4
2026-01-05,601012,14:29:35,18.4500,45,2
2026-01-05,601012,14:29:37,18.4600,97,1
2026-01-05,601012,14:29:40,18.4500,48,2
2026-01-05,601012,14:29:43,18.4600,160,1
2026-01-05,601012,14:29:46,18.4500,65,2
2026-01-05,601012,14:29:49,18.4600,210,1
2026-01-05,601012,14:29:52,18.4600,46,1
2026-01-05,601012,14:29:55,18.4600,65,1
2026-01-05,601012,14:29:59,18.4600,53,1
2026-01-05,601012,14:30:02,18.4500,292,2
2026-01-05,601012,14:30:05,18.4600,3,1
2026-01-05,601012,14:30:08,18.4500,68,2
2026-01-05,601012,14:30:10,18.4600,36,1
2026-01-05,601012,14:30:14,18.4600,196,1
2026-01-05,601012,14:30:16,18.4500,80,2
2026-01-05,601012,14:30:20,18.4600,152,1
2026-01-05,601012,14:30:22,18.4500,137,2
2026-01-05,601012,14:30:25,18.4500,138,2
2026-01-05,601012,14:30:28,18.4600,137,1
2026-01-05,601012,14:30:31,18.4600,176,1
2026-01-05,601012,14:30:35,18.4700,175,1
2026-01-05,601012,14:30:37,18.4600,154,2
2026-01-05,601012,14:30:40,18.4700,123,1
2026-01-05,601012,14:30:44,18.4700,181,1
2026-01-05,601012,14:30:47,18.4700,62,1
2026-01-05,601012,14:30:49,18.4700,32,1
2026-01-05,601012,14:30:53,18.4700,469,1
2026-01-05,601012,14:30:56,18.4600,47,2
2026-01-05,601012,14:30:59,18.4700,95,1
2026-01-05,601012,14:31:02,18.4700,222,1
2026-01-05,601012,14:31:05,18.4700,313,1
2026-01-05,601012,14:31:07,18.4700,177,1
2026-01-05,601012,14:31:10,18.4700,245,1
2026-01-05,601012,14:31:13,18.4700,297,1
2026-01-05,601012,14:31:16,18.4700,329,1
2026-01-05,601012,14:31:19,18.4700,78,1
2026-01-05,601012,14:31:22,18.4700,76,1
2026-01-05,601012,14:31:25,18.4700,51,1
2026-01-05,601012,14:31:29,18.4700,182,1
2026-01-05,601012,14:31:32,18.4700,55,1
2026-01-05,601012,14:31:34,18.4700,67,1
2026-01-05,601012,14:31:37,18.4700,31,1
2026-01-05,601012,14:31:40,18.4700,602,1
2026-01-05,601012,14:31:43,18.4700,67,2
2026-01-05,601012,14:31:46,18.4700,41,2
2026-01-05,601012,14:31:49,18.4800,72,1
2026-01-05,601012,14:31:53,18.4700,355,2
2026-01-05,601012,14:31:56,18.4700,172,2
2026-01-05,601012,14:31:58,18.4700,52,4
2026-01-05,601012,14:32:01,18.4700,52,1
2026-01-05,601012,14:32:05,18.4700,59,1
2026-01-05,601012,14:32:08,18.4800,66,1
2026-01-05,601012,14:32:11,18.4700,128,1
2026-01-05,601012,14:32:13,18.4700,58,2
2026-01-05,601012,14:32:16,18.4800,97,1
2026-01-05,601012,14:32:19,18.4800,71,1
2026-01-05,601012,14:32:23,18.4700,264,2
2026-01-05,601012,14:32:25,18.4800,147,1
2026-01-05,601012,14:32:29,18.4800,222,1
2026-01-05,601012,14:32:32,18.4800,61,1
2026-01-05,601012,14:32:35,18.4800,101,1
2026-01-05,601012,14:32:37,18.4700,78,2
2026-01-05,601012,14:32:41,18.4700,152,2
2026-01-05,601012,14:32:43,18.4800,101,1
2026-01-05,601012,14:32:46,18.4700,352,2
2026-01-05,601012,14:32:49,18.4800,128,1
2026-01-05,601012,14:32:53,18.4800,106,1
2026-01-05,601012,14:32:56,18.4800,118,1
2026-01-05,601012,14:32:58,18.4800,135,1
2026-01-05,601012,14:33:01,18.4800,82,1
2026-01-05,601012,14:33:04,18.4800,31,1
2026-01-05,601012,14:33:07,18.4700,184,2
2026-01-05,601012,14:33:10,18.4700,23,2
2026-01-05,601012,14:33:13,18.4700,195,2
2026-01-05,601012,14:33:16,18.4700,467,2
2026-01-05,601012,14:33:20,18.4700,85,2
2026-01-05,601012,14:33:22,18.4800,215,1
2026-01-05,601012,14:33:25,18.4800,101,1
2026-01-05,601012,14:33:28,18.4700,158,2
2026-01-05,601012,14:33:31,18.4700,76,2
2026-01-05,601012,14:33:34,18.4700,24,4
2026-01-05,601012,14:33:37,18.4800,105,1
2026-01-05,601012,14:33:40,18.4800,167,1
2026-01-05,601012,14:33:44,18.4700,151,2
2026-01-05,601012,14:33:47,18.4700,68,2
2026-01-05,601012,14:33:50,18.4800,100,1
2026-01-05,601012,14:33:52,18.4800,90,1
2026-01-05,601012,14:33:55,18.4700,84,2
2026-01-05,601012,14:33:59,18.4800,84,1
2026-01-05,601012,14:34:01,18.4700,75,2
2026-01-05,601012,14:34:05,18.4700,196,2
2026-01-05,601012,14:34:07,18.4800,472,1
2026-01-05,601012,14:34:10,18.4700,250,2
2026-01-05,601012,14:34:14,18.4700,231,2
2026-01-05,601012,14:34:16,18.4700,219,2
2026-01-05,601012,14:34:19,18.4700,54,2
2026-01-05,601012,14:34:22,18.4800,47,1
2026-01-05,601012,14:34:26,18.4800,277,1
2026-01-05,601012,14:34:28,18.4700,196,2
2026-01-05,601012,14:34:31,18.4700,108,2
2026-01-05,601012,14:34:34,18.4700,38,2
2026-01-05,601012,14:34:37,18.4700,93,2
2026-01-05,601012,14:34:40,18.4800,88,1
2026-01-05,601012,14:34:43,18.4700,193,2
2026-01-05,601012,14:34:46,18.4700,283,2
2026-01-05,601012,14:34:49,18.4800,413,1
2026-01-05,601012,14:34:52,18.4700,114,2
2026-01-05,601012,14:34:55,18.4700,92,2
2026-01-05,601012,14:34:59,18.4700,351,2
2026-01-05,601012,14:35:01,18.4700,366,1
2026-01-05,601012,14:35:05,18.4700,117,2
2026-01-05,601012,14:35:07,18.4700,135,2
2026-01-05,601012,14:35:11,18.4700,261,2
2026-01-05,601012,14:35:13,18.4700,292,2
2026-01-05,601012,14:35:16,18.4800,29,1
2026-01-05,601012,14:35:19,18.4700,70,1
2026-01-05,601012,14:35:22,18.4800,307,1
2026-01-05,601012,14:35:25,18.4700,68,2
2026-01-05,601012,14:35:29,18.4600,433,2
2026-01-05,601012,14:35:32,18.4600,163,2
2026-01-05,601012,14:35:34,18.4600,40,2
2026-01-05,601012,14:35:38,18.4600,182,2
2026-01-05,601012,14:35:40,18.4600,36,2
2026-01-05,601012,14:35:43,18.4600,62,2
2026-01-05,601012,14:35:46,18.4600,154,2
2026-01-05,601012,14:35:49,18.4700,246,1
2026-01-05,601012,14:35:52,18.4700,107,1
2026-01-05,601012,14:35:55,18.4600,49,2
2026-01-05,601012,14:35:59,18.4600,366,2
2026-01-05,601012,14:36:01,18.4600,109,2
2026-01-05,601012,14:36:05,18.4600,78,2
2026-01-05,601012,14:36:07,18.4600,3074,2
2026-01-05,601012,14:36:10,18.4500,870,2
2026-01-05,601012,14:36:13,18.4600,102,1
2026-01-05,601012,14:36:16,18.4600,119,1
2026-01-05,601012,14:36:20,18.4600,145,2
2026-01-05,601012,14:36:23,18.4600,65,2
2026-01-05,601012,14:36:25,18.4600,38,2
2026-01-05,601012,14:36:28,18.4700,161,1
2026-01-05,601012,14:36:31,18.4700,110,1
2026-01-05,601012,14:36:35,18.4600,319,2
2026-01-05,601012,14:36:37,18.4600,60,2
2026-01-05,601012,14:36:40,18.4700,357,1
2026-01-05,601012,14:36:44,18.4600,59,2
2026-01-05,601012,14:36:46,18.4700,204,1
2026-01-05,601012,14:36:50,18.4600,128,2
2026-01-05,601012,14:36:52,18.4700,32,1
2026-01-05,601012,14:36:56,18.4600,184,2
2026-01-05,601012,14:36:58,18.4600,16,2
2026-01-05,601012,14:37:02,18.4600,78,2
2026-01-05,601012,14:37:04,18.4700,251,1
2026-01-05,601012,14:37:08,18.4600,130,2
2026-01-05,601012,14:37:11,18.4600,110,2
2026-01-05,601012,14:37:13,18.4600,67,2
2026-01-05,601012,14:37:17,18.4600,172,2
2026-01-05,601012,14:37:20,18.4600,11,2
2026-01-05,601012,14:37:22,18.4600,321,2
2026-01-05,601012,14:37:25,18.4600,56,2
2026-01-05,601012,14:37:28,18.4700,128,1
2026-01-05,601012,14:37:31,18.4700,50,1
2026-01-05,601012,14:37:34,18.4600,94,2
2026-01-05,601012,14:37:38,18.4600,117,2
2026-01-05,601012,14:37:40,18.4700,145,1
2026-01-05,601012,14:37:43,18.4600,51,2
2026-01-05,601012,14:37:46,18.4600,102,2
2026-01-05,601012,14:37:50,18.4600,56,2
2026-01-05,601012,14:37:53,18.4600,63,2
2026-01-05,601012,14:37:55,18.4600,85,2
2026-01-05,601012,14:37:58,18.4700,1375,1
2026-01-05,601012,14:38:01,18.4700,149,2
2026-01-05,601012,14:38:04,18.4700,156,2
2026-01-05,601012,14:38:08,18.4700,120,2
2026-01-05,601012,14:38:10,18.4700,149,2
2026-01-05,601012,14:38:13,18.4700,187,2
2026-01-05,601012,14:38:17,18.4700,203,2
2026-01-05,601012,14:38:19,18.4700,19,2
2026-01-05,601012,14:38:22,18.4700,1388,2
2026-01-05,601012,14:38:25,18.4800,80,1
2026-01-05,601012,14:38:28,18.4700,802,2
2026-01-05,601012,14:38:31,18.4700,23,2
2026-01-05,601012,14:38:34,18.4700,70,2
2026-01-05,601012,14:38:37,18.4800,45,1
2026-01-05,601012,14:38:40,18.4700,229,2
2026-01-05,601012,14:38:44,18.4800,38,1
2026-01-05,601012,14:38:46,18.4800,352,1
2026-01-05,601012,14:38:49,18.4800,256,1
2026-01-05,601012,14:38:53,18.4800,62,1
2026-01-05,601012,14:38:55,18.4700,39,2
2026-01-05,601012,14:38:59,18.4800,148,1
2026-01-05,601012,14:39:01,18.4700,152,2
2026-01-05,601012,14:39:04,18.4800,154,1
2026-01-05,601012,14:39:08,18.4800,521,1
2026-01-05,601012,14:39:10,18.4800,37,1
2026-01-05,601012,14:39:13,18.4800,236,1
2026-01-05,601012,14:39:16,18.4700,358,2
2026-01-05,601012,14:39:20,18.4700,61,2
2026-01-05,601012,14:39:22,18.4700,178,2
2026-01-05,601012,14:39:25,18.4800,532,1
2026-01-05,601012,14:39:29,18.4700,166,2
2026-01-05,601012,14:39:32,18.4800,38,1
2026-01-05,601012,14:39:35,18.4800,257,1
2026-01-05,601012,14:39:38,18.4700,39,2
2026-01-05,601012,14:39:40,18.4700,355,2
2026-01-05,601012,14:39:44,18.4800,203,1
2026-01-05,601012,14:39:46,18.4800,423,1
2026-01-05,601012,14:39:49,18.4700,148,2
2026-01-05,601012,14:39:52,18.4700,133,2
2026-01-05,601012,14:39:55,18.4800,84,1
2026-01-05,601012,14:39:59,18.4800,192,1
2026-01-05,601012,14:40:01,18.4700,303,2
2026-01-05,601012,14:40:04,18.4700,75,2
2026-01-05,601012,14:40:08,18.4800,126,1
2026-01-05,601012,14:40:10,18.4700,145,2
2026-01-05,601012,14:40:13,18.4800,249,1
2026-01-05,601012,14:40:16,18.4800,33,1
2026-01-05,601012,14:40:19,18.4700,32,2
2026-01-05,601012,14:40:22,18.4800,31,1
2026-01-05,601012,14:40:26,18.4700,138,2
2026-01-05,601012,14:40:28,18.4700,72,2
2026-01-05,601012,14:40:31,18.4700,86,2
2026-01-05,601012,14:40:34,18.4700,48,2
2026-01-05,601012,14:40:38,18.4800,21,1
2026-01-05,601012,14:40:40,18.4800,104,1
2026-01-05,601012,14:40:44,18.4800,265,1
2026-01-05,601012,14:40:46,18.4700,72,2
2026-01-05,601012,14:40:49,18.4700,120,2
2026-01-05,601012,14:40:52,18.4700,148,2
2026-01-05,601012,14:40:56,18.4800,291,1
2026-01-05,601012,14:40:59,18.4700,120,2
2026-01-05,601012,14:41:01,18.4800,35,1
2026-01-05,601012,14:41:05,18.4700,67,2
2026-01-05,601012,14:41:07,18.4700,29,2
2026-01-05,601012,14:41:11,18.4800,237,1
2026-01-05,601012,14:41:14,18.4800,245,1
2026-01-05,601012,14:41:16,18.4700,100,2
2026-01-05,601012,14:41:19,18.4700,71,2
2026-01-05,601012,14:41:22,18.4800,133,1
2026-01-05,601012,14:41:26,18.4800,99,1
2026-01-05,601012,14:41:29,18.4800,63,1
2026-01-05,601012,14:41:31,18.4800,60,1
2026-01-05,601012,14:41:34,18.4800,270,1
2026-01-05,601012,14:41:37,18.4800,179,1
2026-01-05,601012,14:41:40,18.4700,162,2
2026-01-05,601012,14:41:44,18.4800,6,1
2026-01-05,601012,14:41:46,18.4800,207,1
2026-01-05,601012,14:41:50,18.4800,91,1
2026-01-05,601012,14:41:53,18.4800,168,1
2026-01-05,601012,14:41:55,18.4800,1135,1
2026-01-05,601012,14:41:58,18.4800,121,1
2026-01-05,601012,14:42:01,18.4800,101,1
2026-01-05,601012,14:42:04,18.4800,312,1
2026-01-05,601012,14:42:07,18.4800,278,1
2026-01-05,601012,14:42:10,18.4800,95,1
2026-01-05,601012,14:42:13,18.4800,95,1
2026-01-05,601012,14:42:16,18.4700,256,2
2026-01-05,601012,14:42:19,18.4700,17,2
2026-01-05,601012,14:42:23,18.4800,16,1
2026-01-05,601012,14:42:25,18.4700,104,2
2026-01-05,601012,14:42:28,18.4700,138,2
2026-01-05,601012,14:42:31,18.4800,63,1
2026-01-05,601012,14:42:34,18.4800,291,1
2026-01-05,601012,14:42:37,18.4700,111,2
2026-01-05,601012,14:42:40,18.4700,79,2
2026-01-05,601012,14:42:43,18.4700,45,2
2026-01-05,601012,14:42:46,18.4800,839,1
2026-01-05,601012,14:42:50,18.4700,225,2
2026-01-05,601012,14:42:53,18.4800,90,1
2026-01-05,601012,14:42:55,18.4700,687,2
2026-01-05,601012,14:42:59,18.4800,57,1
2026-01-05,601012,14:43:01,18.4800,92,1
2026-01-05,601012,14:43:04,18.4700,107,2
2026-01-05,601012,14:43:07,18.4700,47,2
2026-01-05,601012,14:43:11,18.4800,61,1
2026-01-05,601012,14:43:13,18.4800,289,1
2026-01-05,601012,14:43:17,18.4700,112,2
2026-01-05,601012,14:43:19,18.4700,108,2
2026-01-05,601012,14:43:23,18.4800,107,1
2026-01-05,601012,14:43:25,18.4800,240,1
2026-01-05,601012,14:43:28,18.4800,180,1
2026-01-05,601012,14:43:31,18.4700,1103,2
2026-01-05,601012,14:43:34,18.4700,189,2
2026-01-05,601012,14:43:37,18.4800,26,1
2026-01-05,601012,14:43:40,18.4700,149,2
2026-01-05,601012,14:43:44,18.4700,254,2
2026-01-05,601012,14:43:46,18.4800,82,1
2026-01-05,601012,14:43:49,18.4700,31,2
2026-01-05,601012,14:43:52,18.4800,167,1
2026-01-05,601012,14:43:55,18.4800,448,1
2026-01-05,601012,14:43:58,18.4800,120,1
2026-01-05,601012,14:44:01,18.4700,420,2
2026-01-05,601012,14:44:04,18.4700,217,2
2026-01-05,601012,14:44:08,18.4700,801,2
2026-01-05,601012,14:44:10,18.4800,119,1
2026-01-05,601012,14:44:13,18.4800,42,1
2026-01-05,601012,14:44:16,18.4700,141,2
2026-01-05,601012,14:44:20,18.4700,76,2
2026-01-05,601012,14:44:22,18.4700,147,2
2026-01-05,601012,14:44:25,18.4700,112,2
2026-01-05,601012,14:44:28,18.4700,71,2
2026-01-05,601012,14:44:31,18.4700,195,2
2026-01-05,601012,14:44:34,18.4700,218,2
2026-01-05,601012,14:44:38,18.4700,85,2
2026-01-05,601012,14:44:41,18.4700,117,2
2026-01-05,601012,14:44:43,18.4700,150,2
2026-01-05,601012,14:44:46,18.4700,136,2
2026-01-05,601012,14:44:49,18.4800,98,1
2026-01-05,601012,14:44:53,18.4800,635,1
2026-01-05,601012,14:44:55,18.4700,737,2
2026-01-05,601012,14:44:58,18.4800,58,1
2026-01-05,601012,14:45:01,18.4700,494,2
2026-01-05,601012,14:45:04,18.4600,183,2
2026-01-05,601012,14:45:08,18.4600,104,2
2026-01-05,601012,14:45:11,18.4700,409,1
2026-01-05,601012,14:45:13,18.4700,190,1
2026-01-05,601012,14:45:16,18.4700,304,1
2026-01-05,601012,14:45:20,18.4600,67,2
2026-01-05,601012,14:45:22,18.4600,44,2
2026-01-05,601012,14:45:25,18.4600,52,2
2026-01-05,601012,14:45:29,18.4700,172,1
2026-01-05,601012,14:45:31,18.4700,46,1
2026-01-05,601012,14:45:34,18.4600,150,2
2026-01-05,601012,14:45:37,18.4700,145,1
2026-01-05,601012,14:45:40,18.4600,84,2
2026-01-05,601012,14:45:43,18.4700,372,1
2026-01-05,601012,14:45:46,18.4600,226,2
2026-01-05,601012,14:45:49,18.4600,69,2
2026-01-05,601012,14:45:52,18.4700,207,1
2026-01-05,601012,14:45:55,18.4700,33,1
2026-01-05,601012,14:45:58,18.4600,34,2
2026-01-05,601012,14:46:01,18.4700,166,1
2026-01-05,601012,14:46:04,18.4700,126,1
2026-01-05,601012,14:46:07,18.4700,74,1
2026-01-05,601012,14:46:10,18.4600,26,2
2026-01-05,601012,14:46:13,18.4700,322,1
2026-01-05,601012,14:46:16,18.4700,114,1
2026-01-05,601012,14:46:19,18.4600,73,2
2026-01-05,601012,14:46:23,18.4600,216,2
2026-01-05,601012,14:46:25,18.4700,284,1
2026-01-05,601012,14:46:28,18.4700,153,1
2026-01-05,601012,14:46:31,18.4700,348,1
2026-01-05,601012,14:46:34,18.4700,259,2
2026-01-05,601012,14:46:38,18.4700,57,2
2026-01-05,601012,14:46:40,18.4600,120,2
2026-01-05,601012,14:46:43,18.4700,1031,1
2026-01-05,601012,14:46:46,18.4600,87,2
2026-01-05,601012,14:46:49,18.4700,193,1
2026-01-05,601012,14:46:52,18.4700,75,1
2026-01-05,601012,14:46:55,18.4800,1067,1
2026-01-05,601012,14:46:58,18.4700,66,2
2026-01-05,601012,14:47:01,18.4600,104,2
2026-01-05,601012,14:47:05,18.4700,76,1
2026-01-05,601012,14:47:07,18.4700,117,1
2026-01-05,601012,14:47:11,18.4700,227,2
2026-01-05,601012,14:47:14,18.4700,121,1
2026-01-05,601012,14:47:16,18.4700,185,1
2026-01-05,601012,14:47:19,18.4700,358,2
2026-01-05,601012,14:47:22,18.4800,110,1
2026-01-05,601012,14:47:25,18.4800,59,1
2026-01-05,601012,14:47:28,18.4700,32,2
2026-01-05,601012,14:47:32,18.4800,555,1
2026-01-05,601012,14:47:34,18.4700,32,2
2026-01-05,601012,14:47:37,18.4800,115,1
2026-01-05,601012,14:47:41,18.4700,88,2
2026-01-05,601012,14:47:43,18.4700,155,2
2026-01-05,601012,14:47:46,18.4700,78,2
2026-01-05,601012,14:47:49,18.4800,52,1
2026-01-05,601012,14:47:53,18.4700,146,2
2026-01-05,601012,14:47:55,18.4800,1190,1
2026-01-05,601012,14:47:58,18.4700,225,2
2026-01-05,601012,14:48:01,18.4700,176,2
2026-01-05,601012,14:48:04,18.4700,38,2
2026-01-05,601012,14:48:07,18.4700,236,2
2026-01-05,601012,14:48:10,18.4800,73,1
2026-01-05,601012,14:48:13,18.4700,165,2
2026-01-05,601012,14:48:16,18.4600,723,2
2026-01-05,601012,14:48:19,18.4700,423,1
2026-01-05,601012,14:48:23,18.4800,190,1
2026-01-05,601012,14:48:25,18.4700,130,2
2026-01-05,601012,14:48:29,18.4800,436,1
2026-01-05,601012,14:48:31,18.4700,215,2
2026-01-05,601012,14:48:34,18.4700,142,2
2026-01-05,601012,14:48:37,18.4700,221,2
2026-01-05,601012,14:48:40,18.4800,58,1
2026-01-05,601012,14:48:44,18.4800,60,1
2026-01-05,601012,14:48:46,18.4700,169,2
2026-01-05,601012,14:48:49,18.4700,54,2
2026-01-05,601012,14:48:52,18.4700,127,2
2026-01-05,601012,14:48:55,18.4800,68,1
2026-01-05,601012,14:48:59,18.4800,67,1
2026-01-05,601012,14:49:01,18.4800,388,1
2026-01-05,601012,14:49:04,18.4700,38,2
2026-01-05,601012,14:49:07,18.4700,432,2
2026-01-05,601012,14:49:11,18.4700,149,2
2026-01-05,601012,14:49:13,18.4700,448,2
2026-01-05,601012,14:49:16,18.4700,544,2
2026-01-05,601012,14:49:19,18.4700,248,2
2026-01-05,601012,14:49:22,18.4700,1135,2
2026-01-05,601012,14:49:25,18.4800,61,1
2026-01-05,601012,14:49:29,18.4700,440,2
2026-01-05,601012,14:49:31,18.4700,159,2
2026-01-05,601012,14:49:34,18.4700,88,1
2026-01-05,601012,14:49:37,18.4600,369,2
2026-01-05,601012,14:49:40,18.4700,175,1
2026-01-05,601012,14:49:43,18.4700,241,1
2026-01-05,601012,14:49:47,18.4700,84,2
2026-01-05,601012,14:49:49,18.4700,145,2
2026-01-05,601012,14:49:52,18.4700,1433,2
2026-01-05,601012,14:49:56,18.4700,146,1
2026-01-05,601012,14:49:58,18.4700,357,1
2026-01-05,601012,14:50:01,18.4700,226,1
2026-01-05,601012,14:50:04,18.4700,58,1
2026-01-05,601012,14:50:07,18.4600,449,2
2026-01-05,601012,14:50:10,18.4600,351,2
2026-01-05,601012,14:50:13,18.4600,167,2
2026-01-05,601012,14:50:16,18.4700,46,1
2026-01-05,601012,14:50:19,18.4600,107,2
2026-01-05,601012,14:50:22,18.4600,189,2
2026-01-05,601012,14:50:25,18.4600,54,2
2026-01-05,601012,14:50:29,18.4600,572,2
2026-01-05,601012,14:50:31,18.4600,114,2
2026-01-05,601012,14:50:34,18.4700,314,1
2026-01-05,601012,14:50:37,18.4700,172,1
2026-01-05,601012,14:50:40,18.4600,311,2
2026-01-05,601012,14:50:43,18.4600,135,2
2026-01-05,601012,14:50:46,18.4700,618,1
2026-01-05,601012,14:50:49,18.4700,443,1
2026-01-05,601012,14:50:52,18.4700,188,1
2026-01-05,601012,14:50:56,18.4700,121,1
2026-01-05,601012,14:50:58,18.4700,94,1
2026-01-05,601012,14:51:01,18.4700,632,1
2026-01-05,601012,14:51:04,18.4700,147,1
2026-01-05,601012,14:51:07,18.4700,156,1
2026-01-05,601012,14:51:10,18.4700,108,1
2026-01-05,601012,14:51:13,18.4700,360,1
2026-01-05,601012,14:51:17,18.4700,258,1
2026-01-05,601012,14:51:19,18.4600,109,2
2026-01-05,601012,14:51:23,18.4700,257,1
2026-01-05,601012,14:51:25,18.4700,336,1
2026-01-05,601012,14:51:28,18.4700,268,1
2026-01-05,601012,14:51:31,18.4700,598,1
2026-01-05,601012,14:51:34,18.4600,125,2
2026-01-05,601012,14:51:37,18.4700,128,1
2026-01-05,601012,14:51:40,18.4700,82,1
2026-01-05,601012,14:51:43,18.4700,103,1
2026-01-05,601012,14:51:46,18.4700,257,1
2026-01-05,601012,14:51:50,18.4600,38,2
2026-01-05,601012,14:51:52,18.4700,172,1
2026-01-05,601012,14:51:55,18.4700,35,1
2026-01-05,601012,14:51:59,18.4600,425,2
2026-01-05,601012,14:52:01,18.4600,229,2
2026-01-05,601012,14:52:05,18.4600,201,2
2026-01-05,601012,14:52:07,18.4700,26,1
2026-01-05,601012,14:52:10,18.4700,61,1
2026-01-05,601012,14:52:13,18.4700,97,1
2026-01-05,601012,14:52:17,18.4700,114,1
2026-01-05,601012,14:52:19,18.4600,620,2
2026-01-05,601012,14:52:22,18.4700,101,1
2026-01-05,601012,14:52:25,18.4700,119,1
2026-01-05,601012,14:52:28,18.4700,239,2
2026-01-05,601012,14:52:31,18.4700,148,1
2026-01-05,601012,14:52:34,18.4600,111,2
2026-01-05,601012,14:52:37,18.4700,349,1
2026-01-05,601012,14:52:41,18.4700,107,2
2026-01-05,601012,14:52:44,18.4600,483,2
2026-01-05,601012,14:52:46,18.4700,55,2
2026-01-05,601012,14:52:50,18.4700,134,2
2026-01-05,601012,14:52:53,18.4800,162,1
2026-01-05,601012,14:52:55,18.4700,78,2
2026-01-05,601012,14:52:58,18.4700,95,2
2026-01-05,601012,14:53:01,18.4700,630,2
2026-01-05,601012,14:53:04,18.4700,2228,2
2026-01-05,601012,14:53:07,18.4700,212,1
2026-01-05,601012,14:53:10,18.4600,525,2
2026-01-05,601012,14:53:14,18.4700,231,1
2026-01-05,601012,14:53:16,18.4700,57,2
2026-01-05,601012,14:53:19,18.4700,264,2
2026-01-05,601012,14:53:22,18.4800,127,1
2026-01-05,601012,14:53:26,18.4700,473,2
2026-01-05,601012,14:53:28,18.4700,281,2
2026-01-05,601012,14:53:31,18.4800,331,1
2026-01-05,601012,14:53:34,18.4800,65,1
2026-01-05,601012,14:53:38,18.4800,79,1
2026-01-05,601012,14:53:40,18.4800,184,1
2026-01-05,601012,14:53:43,18.4700,902,2
2026-01-05,601012,14:53:47,18.4700,454,1
2026-01-05,601012,14:53:49,18.4700,64,1
2026-01-05,601012,14:53:52,18.4700,133,1
2026-01-05,601012,14:53:56,18.4700,197,1
2026-01-05,601012,14:53:58,18.4700,148,1
2026-01-05,601012,14:54:02,18.4700,208,1
2026-01-05,601012,14:54:04,18.4700,180,1
2026-01-05,601012,14:54:08,18.4700,569,1
2026-01-05,601012,14:54:10,18.4700,317,1
2026-01-05,601012,14:54:13,18.4700,188,2
2026-01-05,601012,14:54:17,18.4700,177,2
2026-01-05,601012,14:54:19,18.4700,426,2
2026-01-05,601012,14:54:22,18.4700,242,2
2026-01-05,601012,14:54:25,18.4800,72,1
2026-01-05,601012,14:54:29,18.4800,222,1
2026-01-05,601012,14:54:31,18.4800,506,1
2026-01-05,601012,14:54:34,18.4800,458,1
2026-01-05,601012,14:54:37,18.4700,106,2
2026-01-05,601012,14:54:40,18.4800,46,1
2026-01-05,601012,14:54:43,18.4700,69,2
2026-01-05,601012,14:54:46,18.4700,162,2
2026-01-05,601012,14:54:49,18.4800,82,1
2026-01-05,601012,14:54:53,18.4800,331,1
2026-01-05,601012,14:54:55,18.4800,257,1
2026-01-05,601012,14:54:58,18.4800,341,1
2026-01-05,601012,14:55:02,18.4800,289,1
2026-01-05,601012,14:55:04,18.4800,247,1
2026-01-05,601012,14:55:08,18.4700,394,2
2026-01-05,601012,14:55:10,18.4800,169,1
2026-01-05,601012,14:55:14,18.4700,140,2
2026-01-05,601012,14:55:16,18.4800,440,1
2026-01-05,601012,14:55:20,18.4700,501,2
2026-01-05,601012,14:55:23,18.4800,335,1
2026-01-05,601012,14:55:25,18.4800,619,1
2026-01-05,601012,14:55:28,18.4800,293,1
2026-01-05,601012,14:55:31,18.4700,323,2
2026-01-05,601012,14:55:34,18.4800,429,1
2026-01-05,601012,14:55:38,18.4700,831,2
2026-01-05,601012,14:55:41,18.4800,290,1
2026-01-05,601012,14:55:44,18.4800,729,1
2026-01-05,601012,14:55:46,18.4700,1008,2
2026-01-05,601012,14:55:49,18.4700,350,2
2026-01-05,601012,14:55:52,18.4800,232,1
2026-01-05,601012,14:55:55,18.4700,263,2
2026-01-05,601012,14:55:58,18.4800,271,1
2026-01-05,601012,14:56:01,18.4800,504,1
2026-01-05,601012,14:56:05,18.4800,383,1
2026-01-05,601012,14:56:08,18.4800,282,1
2026-01-05,601012,14:56:10,18.4700,286,2
2026-01-05,601012,14:56:13,18.4800,312,1
2026-01-05,601012,14:56:16,18.4800,394,1
2026-01-05,601012,14:56:19,18.4800,746,1
2026-01-05,601012,14:56:22,18.4800,468,1
2026-01-05,601012,14:56:26,18.4800,2405,1
2026-01-05,601012,14:56:28,18.4800,1118,1
2026-01-05,601012,14:56:31,18.4700,375,2
2026-01-05,601012,14:56:34,18.4700,549,2
2026-01-05,601012,14:56:37,18.4700,566,2
2026-01-05,601012,14:56:40,18.4800,982,1
2026-01-05,601012,14:56:43,18.4800,161,1
2026-01-05,601012,14:56:47,18.4800,343,1
2026-01-05,601012,14:56:50,18.4800,645,1
2026-01-05,601012,14:56:52,18.4800,203,2
2026-01-05,601012,14:56:55,18.4800,225,2
2026-01-05,601012,14:56:58,18.4800,225,2
2026-01-05,601012,14:57:01,18.4900,240,1
2026-01-05,601012,15:00:03,18.4900,13293,4
2026-01-05,601012,13:16:40,18.4600,33,1
2026-01-05,601012,13:16:43,18.4500,76,2
2026-01-05,601012,13:16:46,18.4500,331,2
2026-01-05,601012,13:16:49,18.4500,118,2
2026-01-05,601012,13:16:52,18.4500,83,2
2026-01-05,601012,13:16:56,18.4500,29,2
2026-01-05,601012,13:16:59,18.4500,202,2
2026-01-05,601012,13:17:01,18.4600,139,1
2026-01-05,601012,13:17:05,18.4500,119,2
2026-01-05,601012,13:17:07,18.4500,147,2
2026-01-05,601012,13:17:10,18.4500,66,2
2026-01-05,601012,13:17:14,18.4500,84,1
2026-01-05,601012,13:17:16,18.4500,47,1
2026-01-05,601012,13:17:19,18.4400,146,2
2026-01-05,601012,13:17:22,18.4400,50,2
2026-01-05,601012,13:17:25,18.4400,28,2
2026-01-05,601012,13:17:29,18.4400,28,2
2026-01-05,601012,13:17:31,18.4400,31,2
2026-01-05,601012,13:17:34,18.4400,380,2
2026-01-05,601012,13:17:37,18.4400,424,2
2026-01-05,601012,13:17:41,18.4500,99,1
2026-01-05,601012,13:17:43,18.4400,20,2
2026-01-05,601012,13:17:47,18.4400,168,2
2026-01-05,601012,13:17:49,18.4500,139,1
2026-01-05,601012,13:17:52,18.4400,127,2
2026-01-05,601012,13:17:56,18.4400,154,2
2026-01-05,601012,13:18:01,18.4400,95,2
2026-01-05,601012,13:18:05,18.4400,28,2
2026-01-05,601012,13:18:07,18.4400,564,2
2026-01-05,601012,13:18:10,18.4300,248,2
2026-01-05,601012,13:18:14,18.4400,27,1
2026-01-05,601012,13:18:17,18.4400,121,1
2026-01-05,601012,13:18:19,18.4400,72,1
2026-01-05,601012,13:18:22,18.4300,91,2
2026-01-05,601012,13:18:25,18.4300,80,2
2026-01-05,601012,13:18:29,18.4400,219,1
2026-01-05,601012,13:18:32,18.4200,3371,2
2026-01-05,601012,13:18:34,18.4100,696,2
2026-01-05,601012,13:18:37,18.4100,79,2
2026-01-05,601012,13:18:41,18.4200,47,1
2026-01-05,601012,13:18:43,18.4200,123,1
2026-01-05,601012,13:18:46,18.4200,509,2
2026-01-05,601012,13:18:49,18.4200,96,2
2026-01-05,601012,13:18:52,18.4200,73,2
2026-01-05,601012,13:18:55,18.4200,160,2
2026-01-05,601012,13:18:58,18.4200,77,2
2026-01-05,601012,13:19:02,18.4200,14,1
2026-01-05,601012,13:19:04,18.4200,103,1
2026-01-05,601012,13:19:07,18.4300,158,1
2026-01-05,601012,13:19:10,18.4200,15,2
2026-01-05,601012,13:19:14,18.4200,20,2
2026-01-05,601012,13:19:16,18.4200,191,2
2026-01-05,601012,13:19:19,18.4200,146,2
2026-01-05,601012,13:19:22,18.4200,187,2
2026-01-05,601012,13:19:26,18.4200,103,2
2026-01-05,601012,13:19:28,18.4200,137,2
2026-01-05,601012,13:19:31,18.4200,189,2
2026-01-05,601012,13:19:34,18.4200,289,2
2026-01-05,601012,13:19:37,18.4200,27,2
2026-01-05,601012,13:19:41,18.4200,53,2
2026-01-05,601012,13:19:43,18.4200,464,2
2026-01-05,601012,13:19:46,18.4200,47,2
2026-01-05,601012,13:19:49,18.4200,149,2
2026-01-05,601012,13:19:52,18.4200,99,2
2026-01-05,601012,13:19:56,18.4200,86,2
2026-01-05,601012,13:19:58,18.4200,215,2
2026-01-05,601012,13:20:01,18.4100,17,2
2026-01-05,601012,13:20:04,18.4200,73,1
2026-01-05,601012,13:20:07,18.4200,110,1
2026-01-05,601012,13:20:10,18.4200,43,1
2026-01-05,601012,13:20:14,18.4100,63,2
2026-01-05,601012,13:20:16,18.4100,107,2
2026-01-05,601012,13:20:19,18.4100,56,2
2026-01-05,601012,13:20:22,18.4100,96,2
2026-01-05,601012,13:20:26,18.4100,199,2
2026-01-05,601012,13:20:28,18.4200,206,1
2026-01-05,601012,13:20:31,18.4200,79,1
2026-01-05,601012,13:20:34,18.4200,601,1
2026-01-05,601012,13:20:38,18.4200,48,1
2026-01-05,601012,13:20:40,18.4200,68,1
2026-01-05,601012,13:20:43,18.4200,129,1
2026-01-05,601012,13:20:46,18.4100,154,2
2026-01-05,601012,13:20:49,18.4200,39,1
2026-01-05,601012,13:20:52,18.4100,53,2
2026-01-05,601012,13:20:56,18.4200,17,1
2026-01-05,601012,13:20:58,18.4200,149,1
2026-01-05,601012,13:21:01,18.4000,4948,2
2026-01-05,601012,13:21:04,18.4100,107,1
2026-01-05,601012,13:21:07,18.4000,26,2
2026-01-05,601012,13:21:10,18.4000,152,2
2026-01-05,601012,13:21:13,18.4100,64,1
2026-01-05,601012,13:21:16,18.4100,215,1
2026-01-05,601012,13:21:20,18.4100,84,1
2026-01-05,601012,13:21:22,18.4000,75,2
2026-01-05,601012,13:21:25,18.4100,224,1
2026-01-05,601012,13:21:28,18.4000,197,2
2026-01-05,601012,13:21:31,18.4000,193,2
2026-01-05,601012,13:21:34,18.4100,80,1
2026-01-05,601012,13:21:37,18.4000,332,2
2026-01-05,601012,13:21:40,18.4000,200,2
2026-01-05,601012,13:21:43,18.4100,99,1
2026-01-05,601012,13:21:47,18.4000,72,2
2026-01-05,601012,13:21:49,18.4100,34,1
2026-01-05,601012,13:21:52,18.4000,30,2
2026-01-05,601012,13:21:55,18.4000,166,2
2026-01-05,601012,13:21:59,18.4100,67,1
2026-01-05,601012,13:22:01,18.4000,143,2
2026-01-05,601012,13:22:04,18.4000,37,2
2026-01-05,601012,13:22:07,18.4000,62,2
2026-01-05,601012,13:22:10,18.4000,126,2
2026-01-05,601012,13:22:14,18.4000,48,2
2026-01-05,601012,13:22:17,18.4100,127,1
2026-01-05,601012,13:22:20,18.4000,71,2
2026-01-05,601012,13:22:23,18.4000,203,2
2026-01-05,601012,13:22:25,18.4100,500,1
2026-01-05,601012,13:22:28,18.4100,117,1
2026-01-05,601012,13:22:31,18.4000,432,2
2026-01-05,601012,13:22:34,18.4100,865,4
2026-01-05,601012,13:22:37,18.4100,33,1
2026-01-05,601012,13:22:40,18.4000,52,2
2026-01-05,601012,13:22:43,18.4000,169,2
2026-01-05,601012,13:22:46,18.4000,103,2
2026-01-05,601012,13:22:49,18.4000,23,2
2026-01-05,601012,13:22:53,18.4100,14,1
2026-01-05,601012,13:22:55,18.4100,54,1
2026-01-05,601012,13:22:58,18.4000,39,2
2026-01-05,601012,13:23:01,18.4000,160,2
2026-01-05,601012,13:23:04,18.4000,31,2
2026-01-05,601012,13:23:07,18.4000,47,2
2026-01-05,601012,13:23:10,18.4000,68,2
2026-01-05,601012,13:23:13,18.4000,169,2
2026-01-05,601012,13:23:16,18.4000,5367,2
2026-01-05,601012,13:23:19,18.4000,276,1
2026-01-05,601012,13:23:23,18.3900,129,2
2026-01-05,601012,13:23:26,18.3900,219,2
2026-01-05,601012,13:23:28,18.3900,95,2
2026-01-05,601012,13:23:31,18.3900,41,2
2026-01-05,601012,13:23:34,18.3900,70,2
2026-01-05,601012,13:23:37,18.3900,35,2
2026-01-05,601012,13:23:40,18.4000,71,1
2026-01-05,601012,13:23:44,18.3900,252,2
2026-01-05,601012,13:23:47,18.3900,47,2
2026-01-05,601012,13:23:50,18.3900,71,2
2026-01-05,601012,13:23:53,18.4000,130,1
2026-01-05,601012,13:23:55,18.3900,661,2
2026-01-05,601012,13:23:59,18.4000,478,1
2026-01-05,601012,13:24:01,18.3900,94,2
2026-01-05,601012,13:24:04,18.3900,126,2
2026-01-05,601012,13:24:07,18.3900,21,2
2026-01-05,601012,13:24:11,18.3900,175,2
2026-01-05,601012,13:24:13,18.3900,34,2
2026-01-05,601012,13:24:16,18.3900,92,2
2026-01-05,601012,13:24:20,18.3900,98,2
2026-01-05,601012,13:24:22,18.4000,173,1
2026-01-05,601012,13:24:25,18.3900,1069,2
2026-01-05,601012,13:24:29,18.3900,126,2
2026-01-05,601012,13:24:31,18.3900,255,2
2026-01-05,601012,13:24:34,18.3900,20,1
2026-01-05,601012,13:24:38,18.3800,216,2
2026-01-05,601012,13:24:40,18.3900,113,1
2026-01-05,601012,13:24:44,18.3900,185,1
2026-01-05,601012,13:24:46,18.3900,169,1
2026-01-05,601012,13:24:49,18.3800,90,2
2026-01-05,601012,13:24:52,18.3900,26,1
2026-01-05,601012,13:24:55,18.3900,69,1
2026-01-05,601012,13:24:58,18.3900,88,1
2026-01-05,601012,13:25:01,18.3900,36,1
2026-01-05,601012,13:25:04,18.3800,163,2
2026-01-05,601012,13:25:07,18.3800,105,2
2026-01-05,601012,13:25:10,18.3800,201,2
2026-01-05,601012,13:25:13,18.3800,200,2
2026-01-05,601012,13:25:16,18.3900,38,1
2026-01-05,601012,13:25:20,18.3800,55,2
2026-01-05,601012,13:25:22,18.3900,185,1
2026-01-05,601012,13:25:25,18.3900,393,1
2026-01-05,601012,13:25:29,18.3800,28,2
2026-01-05,601012,13:25:32,18.3800,139,2
2026-01-05,601012,13:25:34,18.3800,6,2
2026-01-05,601012,13:25:37,18.3900,358,1
2026-01-05,601012,13:25:40,18.3800,112,2
2026-01-05,601012,13:25:44,18.3800,66,2
2026-01-05,601012,13:25:47,18.3800,6,2
2026-01-05,601012,13:25:50,18.3900,90,1
2026-01-05,601012,13:25:52,18.3800,130,2
2026-01-05,601012,13:25:55,18.3900,62,1
2026-01-05,601012,13:25:59,18.3900,75,1
2026-01-05,601012,13:26:01,18.3900,65,1
2026-01-05,601012,13:26:04,18.3900,194,1
2026-01-05,601012,13:26:08,18.3800,128,2
2026-01-05,601012,13:26:11,18.3800,145,2
2026-01-05,601012,13:26:13,18.3800,233,2
2026-01-05,601012,13:26:16,18.3800,72,2
2026-01-05,601012,13:26:19,18.3900,55,1
2026-01-05,601012,13:26:22,18.3800,283,2
2026-01-05,601012,13:26:25,18.3800,59,2
2026-01-05,601012,13:26:28,18.3800,185,2
2026-01-05,601012,13:26:32,18.3800,834,2
2026-01-05,601012,13:26:34,18.3900,109,1
2026-01-05,601012,13:26:37,18.3800,1237,2
2026-01-05,601012,13:26:41,18.3900,138,1
2026-01-05,601012,13:26:44,18.3900,57,1
2026-01-05,601012,13:26:47,18.3900,46,2
2026-01-05,601012,13:26:49,18.3900,1,2
2026-01-05,601012,13:26:52,18.3900,119,2
2026-01-05,601012,13:26:55,18.4000,76,1
2026-01-05,601012,13:26:58,18.3900,149,2
2026-01-05,601012,13:27:01,18.4000,30,1
2026-01-05,601012,13:27:05,18.3900,17,2
2026-01-05,601012,13:27:07,18.4000,6,1
2026-01-05,601012,13:27:11,18.4000,76,1
2026-01-05,601012,13:27:14,18.3900,50,2
2026-01-05,601012,13:27:16,18.4000,43,1
2026-01-05,601012,13:27:19,18.4000,35,1
2026-01-05,601012,13:27:22,18.3900,248,2
2026-01-05,601012,13:27:25,18.3900,134,2
2026-01-05,601012,13:27:28,18.4000,657,1
2026-01-05,601012,13:27:32,18.4000,172,1
2026-01-05,601012,13:27:35,18.3900,27,2
2026-01-05,601012,13:27:37,18.3900,38,2
2026-01-05,601012,13:27:41,18.4000,260,1
2026-01-05,601012,13:27:43,18.3900,79,2
2026-01-05,601012,13:27:46,18.4000,87,1
2026-01-05,601012,13:27:49,18.4000,70,1
2026-01-05,601012,13:27:52,18.3900,31,2
2026-01-05,601012,13:27:56,18.4000,87,1
2026-01-05,601012,13:27:58,18.3900,154,2
2026-01-05,601012,13:28:01,18.4000,65,1
2026-01-05,601012,13:28:05,18.3900,96,2
2026-01-05,601012,13:28:07,18.4000,30,1
2026-01-05,601012,13:28:10,18.4000,43,1
2026-01-05,601012,13:28:13,18.3900,17,2
2026-01-05,601012,13:28:16,18.3900,25,2
2026-01-05,601012,13:28:20,18.4000,11,1
2026-01-05,601012,13:28:22,18.3900,203,2
2026-01-05,601012,13:28:25,18.4000,31,1
2026-01-05,601012,13:28:29,18.4000,58,1
2026-01-05,601012,13:28:31,18.4000,106,1
2026-01-05,601012,13:28:34,18.4000,54,1
2026-01-05,601012,13:28:37,18.4000,102,1
2026-01-05,601012,13:28:40,18.4000,89,1
2026-01-05,601012,13:28:43,18.4000,147,1
2026-01-05,601012,13:28:46,18.4000,184,1
2026-01-05,601012,13:28:50,18.4000,356,1
2026-01-05,601012,13:28:52,18.4000,70,1
2026-01-05,601012,13:28:56,18.4000,99,1
2026-01-05,601012,13:28:59,18.4000,25,1
2026-01-05,601012,13:29:01,18.4000,177,1
2026-01-05,601012,13:29:04,18.4000,209,1
2026-01-05,601012,13:29:07,18.4000,52,1
2026-01-05,601012,13:29:11,18.4000,40,1
2026-01-05,601012,13:29:14,18.3900,142,2
2026-01-05,601012,13:29:16,18.4000,116,1
2026-01-05,601012,13:29:19,18.4000,412,1
2026-01-05,601012,13:29:22,18.4000,65,1
2026-01-05,601012,13:29:25,18.4000,86,1
2026-01-05,601012,13:29:29,18.4000,482,1
2026-01-05,601012,13:29:31,18.4000,381,1
2026-01-05,601012,13:29:35,18.3900,316,2
2026-01-05,601012,13:29:37,18.4000,87,1
2026-01-05,601012,13:29:41,18.4000,34,1
2026-01-05,601012,13:29:43,18.4000,11,2
2026-01-05,601012,13:29:47,18.4100,202,1
2026-01-05,601012,13:29:49,18.4000,12,2
2026-01-05,601012,13:29:52,18.4100,27,1
2026-01-05,601012,13:29:55,18.4100,26,1
2026-01-05,601012,13:29:58,18.4100,27,1
2026-01-05,601012,13:30:01,18.4100,54,1
2026-01-05,601012,13:30:04,18.4100,91,1
2026-01-05,601012,13:30:07,18.4100,108,1
2026-01-05,601012,13:30:10,18.4000,180,2
2026-01-05,601012,13:30:13,18.4100,21,1
2026-01-05,601012,13:30:16,18.4100,40,1
2026-01-05,601012,13:30:19,18.4000,42,2
2026-01-05,601012,13:30:22,18.4100,17,1
2026-01-05,601012,13:30:26,18.4100,10,1
2026-01-05,601012,13:30:28,18.4000,132,2
2026-01-05,601012,13:30:31,18.4100,145,1
2026-01-05,601012,13:30:34,18.4100,19,1
2026-01-05,601012,13:30:38,18.4100,35,1
2026-01-05,601012,13:30:41,18.4000,29,2
2026-01-05,601012,13:30:43,18.4100,26,1
2026-01-05,601012,13:30:46,18.4100,30,1
2026-01-05,601012,13:30:49,18.4100,631,1
2026-01-05,601012,13:30:53,18.4000,32,2
2026-01-05,601012,13:30:56,18.4100,6,1
2026-01-05,601012,13:31:02,18.4000,44,2
2026-01-05,601012,13:31:04,18.4100,141,1
2026-01-05,601012,13:31:07,18.4100,21,1
2026-01-05,601012,13:31:10,18.4100,26,1
2026-01-05,601012,13:31:13,18.4000,21,2
2026-01-05,601012,13:31:16,18.4000,159,2
2026-01-05,601012,13:31:19,18.4000,402,2
2026-01-05,601012,13:31:22,18.4100,37,1
2026-01-05,601012,13:31:26,18.4000,90,2
2026-01-05,601012,13:31:29,18.4000,13,2
2026-01-05,601012,13:31:31,18.4100,94,1
2026-01-05,601012,13:31:34,18.4000,38,2
2026-01-05,601012,13:31:37,18.4100,19,1
2026-01-05,601012,13:31:40,18.4000,29,2
2026-01-05,601012,13:31:43,18.4000,81,2
2026-01-05,601012,13:31:47,18.4000,48,2
2026-01-05,601012,13:31:49,18.4000,27,2
2026-01-05,601012,13:31:52,18.4000,104,2
2026-01-05,601012,13:31:56,18.4000,51,2
2026-01-05,601012,13:31:58,18.4000,1292,2
2026-01-05,601012,13:32:02,18.4000,36,1
2026-01-05,601012,13:32:05,18.4000,93,1
2026-01-05,601012,13:32:08,18.3900,169,2
2026-01-05,601012,13:32:10,18.4000,58,1
2026-01-05,601012,13:32:13,18.3900,306,2
2026-01-05,601012,13:32:17,18.3900,51,2
2026-01-05,601012,13:32:19,18.4000,18,1
2026-01-05,601012,13:32:23,18.4000,19,1
2026-01-05,601012,13:32:25,18.3900,24,2
2026-01-05,601012,13:32:29,18.3900,80,2
2026-01-05,601012,13:32:31,18.3900,9,2
2026-01-05,601012,13:32:35,18.3900,75,2
2026-01-05,601012,13:32:38,18.3900,76,2
2026-01-05,601012,13:32:41,18.4000,15,1
2026-01-05,601012,13:32:43,18.3900,115,2
2026-01-05,601012,13:32:46,18.4000,359,1
2026-01-05,601012,13:32:50,18.4000,10,1
2026-01-05,601012,13:32:53,18.4000,99,1
2026-01-05,601012,13:32:55,18.4000,84,1
2026-01-05,601012,13:32:59,18.4000,74,1
2026-01-05,601012,13:33:02,18.4000,33,1
2026-01-05,601012,13:33:04,18.3900,96,2
2026-01-05,601012,13:33:08,18.4000,314,1
2026-01-05,601012,13:33:10,18.4000,42,1
2026-01-05,601012,13:33:14,18.3900,36,2
2026-01-05,601012,13:33:16,18.4000,205,1
2026-01-05,601012,13:33:19,18.3900,27,2
2026-01-05,601012,13:33:22,18.4000,144,1
2026-01-05,601012,13:33:25,18.4000,17,1
2026-01-05,601012,13:33:28,18.3900,39,2
2026-01-05,601012,13:33:31,18.3900,44,2
2026-01-05,601012,13:33:34,18.4000,10,1
2026-01-05,601012,13:33:37,18.4000,27,1
2026-01-05,601012,13:33:40,18.4000,26,1
2026-01-05,601012,13:33:44,18.3900,36,2
2026-01-05,601012,13:33:47,18.4000,16,1
2026-01-05,601012,13:33:49,18.4000,190,1
2026-01-05,601012,13:33:52,18.4000,17,1
2026-01-05,601012,13:33:55,18.4000,35,1
2026-01-05,601012,13:33:58,18.4000,26,1
2026-01-05,601012,13:34:01,18.4000,65,1
2026-01-05,601012,13:34:04,18.4000,173,1
2026-01-05,601012,13:34:07,18.4000,25,1
2026-01-05,601012,13:34:10,18.3900,185,2
2026-01-05,601012,13:34:13,18.3900,12,2
2026-01-05,601012,13:34:16,18.3900,79,2
2026-01-05,601012,13:34:19,18.3900,2,2
2026-01-05,601012,13:34:22,18.4000,66,1
2026-01-05,601012,13:34:25,18.4000,17,1
2026-01-05,601012,13:34:28,18.4000,20,1
2026-01-05,601012,13:34:31,18.4000,39,1
2026-01-05,601012,13:34:34,18.3900,1,2
2026-01-05,601012,13:34:38,18.3900,24,2
2026-01-05,601012,13:34:40,18.3900,10,2
2026-01-05,601012,13:34:44,18.3900,43,2
2026-01-05,601012,13:34:46,18.3900,17,2
2026-01-05,601012,13:34:50,18.3900,94,2
2026-01-05,601012,13:34:53,18.4000,163,1
2026-01-05,601012,13:34:55,18.4000,4,1
2026-01-05,601012,13:34:58,18.4000,15,1
2026-01-05,601012,13:35:01,18.4000,62,1
2026-01-05,601012,13:35:04,18.4000,5,1
2026-01-05,601012,13:35:07,18.3900,44,2
2026-01-05,601012,13:35:10,18.4000,6,1
2026-01-05,601012,13:35:14,18.4000,413,1
2026-01-05,601012,13:35:16,18.4000,4,1
2026-01-05,601012,13:35:20,18.4000,728,1
2026-01-05,601012,13:35:22,18.4000,88,1
2026-01-05,601012,13:35:25,18.3900,54,2
2026-01-05,601012,13:35:28,18.4000,10,1
2026-01-05,601012,13:35:32,18.4000,44,1
2026-01-05,601012,13:35:34,18.4000,82,1
2026-01-05,601012,13:35:37,18.4000,29,1
2026-01-05,601012,13:35:40,18.4000,38,1
2026-01-05,601012,13:35:43,18.4000,28,1
2026-01-05,601012,13:35:46,18.4000,383,1
2026-01-05,601012,13:35:50,18.3900,424,2
2026-01-05,601012,13:35:52,18.4000,42,1
2026-01-05,601012,13:35:55,18.4000,53,2
2026-01-05,601012,13:35:59,18.4000,103,1
2026-01-05,601012,13:36:01,18.4000,10,1
2026-01-05,601012,13:36:04,18.4000,125,1
2026-01-05,601012,13:36:07,18.4000,59,1
2026-01-05,601012,13:36:10,18.4000,173,1
2026-01-05,601012,13:36:14,18.4000,44,2
2026-01-05,601012,13:36:16,18.4000,48,2
2026-01-05,601012,13:36:20,18.4000,128,2
2026-01-05,601012,13:36:22,18.4000,66,1
2026-01-05,601012,13:36:25,18.3900,2,2
2026-01-05,601012,13:36:29,18.4000,31,1
2026-01-05,601012,13:36:32,18.4000,44,1
2026-01-05,601012,13:36:34,18.4000,9,1
2026-01-05,601012,13:36:38,18.3900,21,2
2026-01-05,601012,13:36:40,18.4000,69,1
2026-01-05,601012,13:36:44,18.4000,281,1
2026-01-05,601012,13:36:46,18.4000,175,1
2026-01-05,601012,13:36:49,18.4000,33,1
2026-01-05,601012,13:36:53,18.4000,101,2
2026-01-05,601012,13:36:58,18.4000,183,2
2026-01-05,601012,13:37:01,18.4000,22,2
2026-01-05,601012,13:37:04,18.4100,245,1
2026-01-05,601012,13:37:11,18.4000,457,2
2026-01-05,601012,13:37:13,18.4100,35,1
2026-01-05,601012,13:37:16,18.4000,497,2
2026-01-05,601012,13:37:20,18.4100,13,1
2026-01-05,601012,13:37:23,18.4100,66,2
2026-01-05,601012,13:37:26,18.4200,60,1
2026-01-05,601012,13:37:28,18.4200,10,1
2026-01-05,601012,13:37:31,18.4200,3,1
2026-01-05,601012,13:37:35,18.4100,124,2
2026-01-05,601012,13:37:40,18.4200,42,1
2026-01-05,601012,13:37:43,18.4200,30,1
2026-01-05,601012,13:37:47,18.4100,64,2
2026-01-05,601012,13:37:49,18.4200,12,1
2026-01-05,601012,13:37:53,18.4200,32,1
2026-01-05,601012,13:37:55,18.4200,18,1
2026-01-05,601012,13:37:58,18.4100,459,2
2026-01-05,601012,13:38:01,18.4100,132,1
2026-01-05,601012,13:38:04,18.4100,153,1
2026-01-05,601012,13:38:07,18.4100,105,1
2026-01-05,601012,13:38:10,18.4100,60,1
2026-01-05,601012,13:38:13,18.4100,132,1
2026-01-05,601012,13:38:17,18.4100,80,1
2026-01-05,601012,13:38:20,18.4100,27,1
2026-01-05,601012,13:38:22,18.4100,31,1
2026-01-05,601012,13:38:26,18.4100,52,1
2026-01-05,601012,13:38:29,18.4000,64,2
2026-01-05,601012,13:38:31,18.4100,40,1
2026-01-05,601012,13:38:35,18.4100,8,1
2026-01-05,601012,13:38:37,18.4100,536,1
2026-01-05,601012,13:38:40,18.4100,36,1
2026-01-05,601012,13:38:43,18.4100,113,2
2026-01-05,601012,13:38:47,18.4100,35,1
2026-01-05,601012,13:38:50,18.4100,106,1
2026-01-05,601012,13:38:52,18.4100,91,1
2026-01-05,601012,13:38:55,18.4100,16,1
2026-01-05,601012,13:38:58,18.4100,32,1
2026-01-05,601012,13:39:02,18.4100,10,1
2026-01-05,601012,13:39:04,18.4100,48,1
2026-01-05,601012,13:39:07,18.4100,63,1
2026-01-05,601012,13:39:11,18.4100,75,1
2026-01-05,601012,13:39:13,18.4100,44,1
2026-01-05,601012,13:39:16,18.4100,2,1
2026-01-05,601012,13:39:19,18.4000,71,2
2026-01-05,601012,13:39:22,18.4000,11,2
2026-01-05,601012,13:39:25,18.4100,5,1
2026-01-05,601012,13:39:29,18.4000,44,2
2026-01-05,601012,13:39:32,18.4100,44,1
2026-01-05,601012,13:39:34,18.4000,9,2
2026-01-05,601012,13:39:38,18.4100,137,1
2026-01-05,601012,13:39:41,18.4100,15,1
2026-01-05,601012,13:39:43,18.4000,19,2
2026-01-05,601012,13:39:46,18.4000,17,2
2026-01-05,601012,13:39:49,18.4000,85,2
2026-01-05,601012,13:39:53,18.4100,12,1
2026-01-05,601012,13:39:56,18.4000,320,2
2026-01-05,601012,13:39:58,18.4000,185,2
2026-01-05,601012,13:40:01,18.4000,23,2
2026-01-05,601012,13:40:04,18.4100,100,1
2026-01-05,601012,13:40:07,18.4100,38,1
2026-01-05,601012,13:40:10,18.4100,9,1
2026-01-05,601012,13:40:13,18.4100,5,1
2026-01-05,601012,13:40:16,18.4000,120,2
2026-01-05,601012,13:40:19,18.4100,26,1
2026-01-05,601012,13:40:23,18.4100,76,1
2026-01-05,601012,13:40:26,18.4100,126,1
2026-01-05,601012,13:40:29,18.4100,41,1
2026-01-05,601012,13:40:31,18.4000,80,2
2026-01-05,601012,13:40:34,18.4000,47,2
2026-01-05,601012,13:40:37,18.4000,50,2
2026-01-05,601012,13:40:40,18.4100,179,1
2026-01-05,601012,13:40:44,18.4000,20,2
2026-01-05,601012,13:40:47,18.4100,528,1
2026-01-05,601012,13:40:50,18.4100,32,2
2026-01-05,601012,13:40:53,18.4100,10,2
2026-01-05,601012,13:40:55,18.4100,24,2
2026-01-05,601012,13:40:59,18.4200,66,1
2026-01-05,601012,13:41:02,18.4200,4,1
2026-01-05,601012,13:41:04,18.4100,382,2
2026-01-05,601012,13:41:08,18.4100,106,2
2026-01-05,601012,13:41:10,18.4200,19,1
2026-01-05,601012,13:41:13,18.4200,19,1
2026-01-05,601012,13:41:16,18.4100,6,2
2026-01-05,601012,13:41:19,18.4100,3,2
2026-01-05,601012,13:41:23,18.4200,119,1
2026-01-05,601012,13:41:26,18.4100,4,2
2026-01-05,601012,13:41:28,18.4200,54,1
2026-01-05,601012,13:41:32,18.4200,136,1
2026-01-05,601012,13:41:34,18.4200,34,1
2026-01-05,601012,13:41:37,18.4200,67,1
2026-01-05,601012,13:41:40,18.4200,28,1
2026-01-05,601012,13:41:43,18.4200,58,1
2026-01-05,601012,13:41:46,18.4100,71,2
2026-01-05,601012,13:41:50,18.4200,26,1
2026-01-05,601012,13:41:53,18.4100,109,2
2026-01-05,601012,13:41:55,18.4100,49,2
2026-01-05,601012,13:41:58,18.4200,54,1
2026-01-05,601012,13:42:02,18.4100,100,2
2026-01-05,601012,13:42:05,18.4200,29,1
2026-01-05,601012,13:42:07,18.4100,58,2
2026-01-05,601012,13:42:10,18.4100,160,2
2026-01-05,601012,13:42:14,18.4200,23,1
2026-01-05,601012,13:42:16,18.4100,195,2
2026-01-05,601012,13:42:19,18.4100,40,2
2026-01-05,601012,13:42:23,18.4100,537,2
2026-01-05,601012,13:42:26,18.4100,55,2
2026-01-05,601012,13:42:28,18.4100,104,2
2026-01-05,601012,13:42:31,18.4200,213,1
2026-01-05,601012,13:42:34,18.4200,8,1
2026-01-05,601012,13:42:37,18.4100,9,2
2026-01-05,601012,13:42:40,18.4200,116,1
2026-01-05,601012,13:42:44,18.4100,88,2
2026-01-05,601012,13:42:50,18.4200,48,1
2026-01-05,601012,13:42:53,18.4100,73,2
2026-01-05,601012,13:42:56,18.4100,32,2
2026-01-05,601012,13:42:59,18.4100,82,2
2026-01-05,601012,13:43:01,18.4200,22,1
2026-01-05,601012,13:43:04,18.4100,42,2
2026-01-05,601012,13:43:07,18.4100,169,2
2026-01-05,601012,13:43:10,18.4100,8,2
2026-01-05,601012,13:43:13,18.4100,139,2
2026-01-05,601012,13:43:16,18.4100,44,2
2026-01-05,601012,13:43:19,18.4200,49,1
2026-01-05,601012,13:43:22,18.4100,140,2
2026-01-05,601012,13:43:25,18.4200,44,1
2026-01-05,601012,13:43:28,18.4200,74,1
2026-01-05,601012,13:43:31,18.4200,4,1
2026-01-05,601012,13:43:34,18.4100,85,2
2026-01-05,601012,13:43:37,18.4100,26,2
2026-01-05,601012,13:43:40,18.4200,67,1
2026-01-05,601012,13:43:43,18.4200,15,1
2026-01-05,601012,13:43:46,18.4200,57,1
2026-01-05,601012,13:43:49,18.4100,38,2
2026-01-05,601012,13:43:53,18.4200,100,1
2026-01-05,601012,13:43:56,18.4100,116,2
2026-01-05,601012,13:43:58,18.4100,184,2
2026-01-05,601012,13:44:01,18.4200,38,1
2026-01-05,601012,13:44:05,18.4200,91,1
2026-01-05,601012,13:44:08,18.4200,9,1
2026-01-05,601012,13:44:10,18.4100,190,2
2026-01-05,601012,13:44:13,18.4100,5,2
2026-01-05,601012,13:44:17,18.4100,20,2
2026-01-05,601012,13:44:19,18.4100,66,2
2026-01-05,601012,13:44:22,18.4200,354,1
2026-01-05,601012,13:44:25,18.4200,29,1
2026-01-05,601012,13:44:28,18.4100,90,2
2026-01-05,601012,13:44:31,18.4200,516,1
2026-01-05,601012,13:44:34,18.4200,79,1
2026-01-05,601012,13:44:37,18.4200,25,1
2026-01-05,601012,13:44:41,18.4200,13,1
2026-01-05,601012,13:44:43,18.4200,32,1
2026-01-05,601012,13:44:46,18.4200,46,1
2026-01-05,601012,13:44:50,18.4200,9,1
2026-01-05,601012,13:44:52,18.4100,84,2
2026-01-05,601012,13:44:55,18.4100,75,2
2026-01-05,601012,13:44:58,18.4200,20,1
2026-01-05,601012,13:45:01,18.4200,452,1
2026-01-05,601012,13:45:05,18.4100,2,2
2026-01-05,601012,13:45:07,18.4200,62,1
2026-01-05,601012,13:45:11,18.4200,3,1
2026-01-05,601012,13:45:13,18.4200,81,1
2026-01-05,601012,13:45:16,18.4200,81,1
2026-01-05,601012,13:45:19,18.4200,12,1
2026-01-05,601012,13:45:22,18.4200,9,1
2026-01-05,601012,13:45:25,18.4200,11,1
2026-01-05,601012,13:45:29,18.4200,33,1
2026-01-05,601012,13:45:32,18.4200,39,1
2026-01-05,601012,13:45:34,18.4200,26,1
2026-01-05,601012,13:45:37,18.4200,39,1
2026-01-05,601012,13:45:41,18.4200,45,1
2026-01-05,601012,13:45:44,18.4100,171,2
2026-01-05,601012,13:45:46,18.4100,1310,2
2026-01-05,601012,13:45:50,18.4200,68,1
2026-01-05,601012,13:45:52,18.4100,78,2
2026-01-05,601012,13:45:56,18.4200,77,1
2026-01-05,601012,13:45:58,18.4200,35,1
2026-01-05,601012,13:46:01,18.4200,50,1
2026-01-05,601012,13:46:04,18.4200,30,1
2026-01-05,601012,13:46:07,18.4200,3,1
2026-01-05,601012,13:46:11,18.4200,62,1
2026-01-05,601012,13:46:14,18.4200,100,1
2026-01-05,601012,13:46:17,18.4200,229,1
2026-01-05,601012,13:46:19,18.4200,36,1
2026-01-05,601012,13:46:22,18.4200,16,1
2026-01-05,601012,13:46:25,18.4100,52,2
2026-01-05,601012,13:46:28,18.4200,29,1
2026-01-05,601012,13:46:31,18.4200,21,1
2026-01-05,601012,13:46:35,18.4200,38,1
2026-01-05,601012,13:46:37,18.4200,1201,1
2026-01-05,601012,13:46:40,18.4100,12,2
2026-01-05,601012,13:46:43,18.4200,11,1
2026-01-05,601012,13:46:46,18.4200,47,1
2026-01-05,601012,13:46:49,18.4200,356,1
2026-01-05,601012,13:46:52,18.4200,96,1
2026-01-05,601012,13:46:56,18.4200,24,1
2026-01-05,601012,13:46:58,18.4200,120,1
2026-01-05,601012,13:47:01,18.4100,1411,2
2026-01-05,601012,13:47:04,18.4100,100,1
2026-01-05,601012,13:47:08,18.4100,26,1
2026-01-05,601012,13:47:10,18.4100,19,1
2026-01-05,601012,13:47:14,18.4100,45,1
2026-01-05,601012,13:47:16,18.4100,203,1
2026-01-05,601012,13:47:20,18.4200,45,1
2026-01-05,601012,13:47:22,18.4100,15,2
2026-01-05,601012,13:47:25,18.4200,48,1
2026-01-05,601012,13:47:28,18.4200,206,1
2026-01-05,601012,13:47:32,18.4200,75,1
2026-01-05,601012,13:47:34,18.4200,23,1
2026-01-05,601012,13:47:37,18.4100,288,2
2026-01-05,601012,13:47:40,18.4100,87,1
2026-01-05,601012,13:47:43,18.4100,61,1
2026-01-05,601012,13:47:46,18.4100,26,1
2026-01-05,601012,13:47:50,18.4100,64,1
2026-01-05,601012,13:47:53,18.4100,22,1
2026-01-05,601012,13:47:55,18.4100,216,1
2026-01-05,601012,13:47:59,18.4100,45,2
2026-01-05,601012,13:48:01,18.4100,18,2
2026-01-05,601012,13:48:04,18.4200,80,1
2026-01-05,601012,13:48:08,18.4100,18,2
2026-01-05,601012,13:48:10,18.4100,376,2
2026-01-05,601012,13:48:13,18.4000,76,2
2026-01-05,601012,13:48:17,18.4100,24,1
2026-01-05,601012,13:48:19,18.4100,73,1
2026-01-05,601012,13:48:22,18.4000,71,2
2026-01-05,601012,13:48:25,18.4100,124,1
2026-01-05,601012,13:48:28,18.4100,55,1
2026-01-05,601012,13:48:31,18.4100,20,1
2026-01-05,601012,13:48:35,18.4100,19,2
2026-01-05,601012,13:48:38,18.4200,22,1
2026-01-05,601012,13:48:41,18.4200,26,1
2026-01-05,601012,13:48:43,18.4100,6,2
2026-01-05,601012,13:48:46,18.4200,36,1
2026-01-05,601012,13:48:49,18.4200,139,1
2026-01-05,601012,13:48:52,18.4200,23,1
2026-01-05,601012,13:48:56,18.4100,249,2
2026-01-05,601012,13:48:59,18.4200,63,1
2026-01-05,601012,13:49:01,18.4200,205,1
2026-01-05,601012,13:49:04,18.4200,240,1
2026-01-05,601012,13:49:07,18.4200,56,2
2026-01-05,601012,13:49:10,18.4100,130,2
2026-01-05,601012,13:49:13,18.4200,18,1
2026-01-05,601012,13:49:17,18.4100,125,2
2026-01-05,601012,13:49:19,18.4200,16,1
2026-01-05,601012,13:49:22,18.4100,4,2
2026-01-05,601012,13:49:26,18.4100,17,2
2026-01-05,601012,13:49:28,18.4100,26,2
2026-01-05,601012,13:49:31,18.4200,33,1
2026-01-05,601012,13:49:35,18.4200,24,1
2026-01-05,601012,13:49:37,18.4200,63,1
2026-01-05,601012,13:49:40,18.4100,293,2
2026-01-05,601012,13:49:44,18.4100,65,2
2026-01-05,601012,13:49:47,18.4100,47,2
2026-01-05,601012,13:49:49,18.4200,124,1
2026-01-05,601012,13:49:53,18.4100,27,2
2026-01-05,601012,13:49:55,18.4200,196,1
2026-01-05,601012,13:49:58,18.4100,47,2
2026-01-05,601012,13:50:02,18.4200,24,1
2026-01-05,601012,13:50:05,18.4100,63,2
2026-01-05,601012,13:50:07,18.4100,49,2
2026-01-05,601012,13:50:10,18.4200,78,1
2026-01-05,601012,13:50:13,18.4200,40,1
2026-01-05,601012,13:50:16,18.4100,43,2
2026-01-05,601012,13:50:19,18.4200,13,1
2026-01-05,601012,13:50:22,18.4100,41,2
2026-01-05,601012,13:50:25,18.4200,101,1
2026-01-05,601012,13:50:28,18.4200,103,1
2026-01-05,601012,13:50:31,18.4200,70,1
2026-01-05,601012,13:50:34,18.4200,22,1
2026-01-05,601012,13:50:37,18.4100,44,2
2026-01-05,601012,13:50:41,18.4200,31,1
2026-01-05,601012,13:50:43,18.4100,108,2
2026-01-05,601012,13:50:46,18.4200,44,1
2026-01-05,601012,13:50:50,18.4100,43,2
2026-01-05,601012,13:50:53,18.4100,16,2
2026-01-05,601012,13:50:56,18.4200,26,1
2026-01-05,601012,13:50:58,18.4100,15,2
2026-01-05,601012,13:51:01,18.4200,166,1
2026-01-05,601012,13:51:05,18.4100,58,2
2026-01-05,601012,13:51:08,18.4200,125,1
2026-01-05,601012,13:51:11,18.4100,18,2
2026-01-05,601012,13:51:13,18.4200,73,1
2026-01-05,601012,13:51:16,18.4200,43,1
2026-01-05,601012,13:51:19,18.4100,43,2
2026-01-05,601012,13:51:22,18.4100,138,2
2026-01-05,601012,13:51:28,18.4200,41,1
2026-01-05,601012,13:51:31,18.4200,128,1
2026-01-05,601012,13:51:35,18.4200,79,1
2026-01-05,601012,13:51:37,18.4200,27,1
2026-01-05,601012,13:51:40,18.4200,22,1
2026-01-05,601012,13:51:43,18.4200,30,1
2026-01-05,601012,13:51:47,18.4200,63,1
2026-01-05,601012,13:51:49,18.4200,21,1
2026-01-05,601012,13:51:52,18.4200,68,1
2026-01-05,601012,13:51:55,18.4200,37,1
2026-01-05,601012,13:51:59,18.4100,21,2
2026-01-05,601012,13:52:01,18.4200,33,1
2026-01-05,601012,13:52:05,18.4200,83,1
2026-01-05,601012,13:52:07,18.4200,63,1
2026-01-05,601012,13:52:10,18.4200,54,1
2026-01-05,601012,13:52:13,18.4100,4,2
2026-01-05,601012,13:52:16,18.4200,20,1
2026-01-05,601012,13:52:20,18.4200,36,1
2026-01-05,601012,13:52:22,18.4100,82,2
2026-01-05,601012,13:52:25,18.4100,193,2
2026-01-05,601012,13:52:29,18.4200,94,1
2026-01-05,601012,13:52:31,18.4100,22,2
2026-01-05,601012,13:52:35,18.4200,35,1
2026-01-05,601012,13:52:37,18.4200,303,1
2026-01-05,601012,13:52:41,18.4200,264,1
2026-01-05,601012,13:52:43,18.4200,27,1
2026-01-05,601012,13:52:46,18.4200,377,1
2026-01-05,601012,13:52:50,18.4200,84,1
2026-01-05,601012,13:52:52,18.4200,51,1
2026-01-05,601012,13:52:55,18.4200,398,1
2026-01-05,601012,13:52:58,18.4200,4,2
2026-01-05,601012,13:53:01,18.4200,40,2
2026-01-05,601012,13:53:04,18.4200,27,2
2026-01-05,601012,13:53:07,18.4300,40,1
2026-01-05,601012,13:53:10,18.4200,81,2
2026-01-05,601012,13:53:13,18.4300,129,1
2026-01-05,601012,13:53:16,18.4300,161,1
2026-01-05,601012,13:53:20,18.4200,70,2
2026-01-05,601012,13:53:23,18.4300,99,1
2026-01-05,601012,13:53:25,18.4200,43,2
2026-01-05,601012,13:53:29,18.4300,3,1
2026-01-05,601012,13:53:31,18.4300,34,1
2026-01-05,601012,13:53:35,18.4300,27,1
2026-01-05,601012,13:53:37,18.4300,250,1
2026-01-05,601012,13:53:40,18.4300,134,1
2026-01-05,601012,13:53:44,18.4300,82,1
2026-01-05,601012,13:53:47,18.4300,20,1
2026-01-05,601012,13:53:49,18.4300,19,1
2026-01-05,601012,13:53:53,18.4300,100,1
2026-01-05,601012,13:53:56,18.4300,172,1
2026-01-05,601012,13:53:59,18.4300,106,1
2026-01-05,601012,13:54:01,18.4200,55,2
2026-01-05,601012,13:54:04,18.4300,172,1
2026-01-05,601012,13:54:07,18.4300,69,1
2026-01-05,601012,13:54:10,18.4300,48,1
2026-01-05,601012,13:54:14,18.4300,75,1
2026-01-05,601012,13:54:17,18.4300,57,1
2026-01-05,601012,13:54:19,18.4300,54,1
2026-01-05,601012,13:54:23,18.4300,25,1
2026-01-05,601012,13:54:25,18.4300,134,1
2026-01-05,601012,13:54:29,18.4300,132,1
2026-01-05,601012,13:54:31,18.4300,37,2
2026-01-05,601012,13:54:35,18.4300,35,2
2026-01-05,601012,13:54:37,18.4400,33,1
2026-01-05,601012,13:54:40,18.4400,68,1
2026-01-05,601012,13:54:43,18.4400,84,1
2026-01-05,601012,13:54:47,18.4300,779,2
2026-01-05,601012,13:54:50,18.4400,23,1
2026-01-05,601012,13:54:52,18.4400,82,1
2026-01-05,601012,13:54:55,18.4400,523,1
2026-01-05,601012,13:54:58,18.4400,420,1
2026-01-05,601012,13:55:01,18.4400,13,1
2026-01-05,601012,13:55:04,18.4400,51,1
2026-01-05,601012,13:55:07,18.4300,41,2
2026-01-05,601012,13:55:10,18.4400,53,1
2026-01-05,601012,13:55:13,18.4300,12,2
2026-01-05,601012,13:55:17,18.4400,75,1
2026-01-05,601012,13:55:19,18.4400,9,1
2026-01-05,601012,13:55:23,18.4300,40,2
2026-01-05,601012,13:55:26,18.4300,87,2
2026-01-05,601012,13:55:28,18.4300,10,2
2026-01-05,601012,13:55:31,18.4400,21,1
2026-01-05,601012,13:55:34,18.4300,70,2
2026-01-05,601012,13:55:37,18.4300,120,2
2026-01-05,601012,13:55:41,18.4400,231,1
2026-01-05,601012,13:55:43,18.4300,64,2
2026-01-05,601012,13:55:46,18.4300,26,2
2026-01-05,601012,13:55:49,18.4400,18,1
2026-01-05,601012,13:55:52,18.4300,24,2
2026-01-05,601012,13:55:55,18.4400,10,1
2026-01-05,601012,13:55:59,18.4400,46,1
2026-01-05,601012,13:56:01,18.4300,51,2
2026-01-05,601012,13:56:05,18.4400,35,1
2026-01-05,601012,13:56:07,18.4300,16,2
2026-01-05,601012,13:56:10,18.4400,8,1
2026-01-05,601012,13:56:13,18.4300,47,2
2026-01-05,601012,13:56:17,18.4400,112,1
2026-01-05,601012,13:56:19,18.4400,224,1
2026-01-05,601012,13:56:23,18.4300,36,2
2026-01-05,601012,13:56:25,18.4400,18,1
2026-01-05,601012,13:56:29,18.4300,138,2
2026-01-05,601012,13:56:31,18.4400,116,1
2026-01-05,601012,13:56:34,18.4300,767,2
2026-01-05,601012,13:56:38,18.4400,77,1
2026-01-05,601012,13:56:41,18.4300,129,2
2026-01-05,601012,13:56:43,18.4300,46,2
2026-01-05,601012,13:56:47,18.4400,232,1
2026-01-05,601012,13:56:49,18.4400,33,1
2026-01-05,601012,13:56:52,18.4300,205,2
2026-01-05,601012,13:56:55,18.4300,53,2
2026-01-05,601012,13:56:59,18.4300,49,2
2026-01-05,601012,13:57:01,18.4300,124,2
2026-01-05,601012,13:57:05,18.4300,20,2
2026-01-05,601012,13:57:07,18.4300,50,2
2026-01-05,601012,13:57:10,18.4400,14,1
2026-01-05,601012,13:57:14,18.4400,51,1
2026-01-05,601012,13:57:17,18.4400,18,1
2026-01-05,601012,13:57:20,18.4300,56,2
2026-01-05,601012,13:57:22,18.4400,26,1
2026-01-05,601012,13:57:28,18.4400,82,1
2026-01-05,601012,13:57:31,18.4400,184,1
2026-01-05,601012,13:57:35,18.4400,14,1
2026-01-05,601012,13:57:37,18.4400,121,1
2026-01-05,601012,13:57:40,18.4400,70,1
2026-01-05,601012,13:57:43,18.4300,174,2
2026-01-05,601012,13:57:46,18.4400,54,1
2026-01-05,601012,13:57:50,18.4300,100,2
2026-01-05,601012,13:57:53,18.4400,11,1
2026-01-05,601012,13:57:55,18.4400,65,1
2026-01-05,601012,13:57:58,18.4400,4,1
2026-01-05,601012,13:58:01,18.4300,1012,2
2026-01-05,601012,13:58:04,18.4300,85,1
2026-01-05,601012,13:58:07,18.4300,468,1
2026-01-05,601012,13:58:10,18.4400,2264,1
2026-01-05,601012,13:58:14,18.4400,166,1
2026-01-05,601012,13:58:16,18.4300,86,2
2026-01-05,601012,13:58:19,18.4400,53,1
2026-01-05,601012,13:58:22,18.4400,17,1
2026-01-05,601012,13:58:25,18.4400,50,1
2026-01-05,601012,13:58:28,18.4400,49,1
2026-01-05,601012,13:58:31,18.4400,129,1
2026-01-05,601012,13:58:34,18.4400,69,1
2026-01-05,601012,13:58:37,18.4400,162,1
2026-01-05,601012,13:58:40,18.4400,86,1
2026-01-05,601012,13:58:43,18.4300,138,2
2026-01-05,601012,13:58:46,18.4300,28,2
2026-01-05,601012,13:58:49,18.4400,358,1
2026-01-05,601012,13:58:53,18.4500,181,1
2026-01-05,601012,13:58:55,18.4400,68,2
2026-01-05,601012,13:58:58,18.4500,12,1
2026-01-05,601012,13:59:02,18.4500,18,1
2026-01-05,601012,13:59:04,18.4500,62,1
2026-01-05,601012,13:59:07,18.4500,116,1
2026-01-05,601012,13:59:10,18.4500,176,1
2026-01-05,601012,13:59:14,18.4500,154,1
2026-01-05,601012,13:59:16,18.4400,57,2
2026-01-05,601012,13:59:19,18.4500,36,1
2026-01-05,601012,13:59:22,18.4500,49,1
2026-01-05,601012,13:59:25,18.4500,29,1
2026-01-05,601012,13:59:28,18.4400,492,2
2026-01-05,601012,13:59:31,18.4400,46,2
2026-01-05,601012,13:59:35,18.4400,597,2
2026-01-05,601012,13:59:37,18.4400,28,2
2026-01-05,601012,13:59:41,18.4500,107,1
2026-01-05,601012,13:59:43,18.4400,96,2
2026-01-05,601012,13:59:47,18.4500,28,1
2026-01-05,601012,13:59:49,18.4500,107,1
2026-01-05,601012,13:59:53,18.4400,25,2
2026-01-05,601012,13:59:55,18.4500,19,1
2026-01-05,601012,13:59:58,18.4500,55,1
2026-01-05,601012,14:00:01,18.4500,41,1
2026-01-05,601012,14:00:04,18.4400,32,2
2026-01-05,601012,14:00:08,18.4500,160,1
2026-01-05,601012,14:00:10,18.4500,62,1
2026-01-05,601012,14:00:13,18.4500,200,1
2026-01-05,601012,14:00:17,18.4400,342,2
2026-01-05,601012,14:00:20,18.4500,158,1
2026-01-05,601012,14:00:22,18.4300,199,2
2026-01-05,601012,14:00:26,18.4400,49,1
2026-01-05,601012,14:00:28,18.4300,291,2
2026-01-05,601012,14:00:31,18.4400,70,1
2026-01-05,601012,14:00:35,18.4400,2,2
2026-01-05,601012,14:00:38,18.4400,71,2
2026-01-05,601012,14:00:40,18.4500,61,1
2026-01-05,601012,14:00:43,18.4400,81,2
2026-01-05,601012,14:00:47,18.4400,134,2
2026-01-05,601012,14:00:49,18.4400,66,1
2026-01-05,601012,14:00:53,18.4500,97,1
2026-01-05,601012,14:00:56,18.4500,75,1
2026-01-05,601012,14:00:59,18.4500,93,1
2026-01-05,601012,14:01:02,18.4500,69,1
2026-01-05,601012,14:01:04,18.4500,12,1
2026-01-05,601012,14:01:08,18.4400,44,2
2026-01-05,601012,14:01:10,18.4400,24,2
2026-01-05,601012,14:01:13,18.4400,17,2
2026-01-05,601012,14:01:16,18.4400,87,2
2026-01-05,601012,14:01:20,18.4400,66,2
2026-01-05,601012,14:01:22,18.4500,103,1
2026-01-05,601012,14:01:25,18.4500,6,1
2026-01-05,601012,14:01:28,18.4500,53,1
2026-01-05,601012,14:01:31,18.4400,16,2
2026-01-05,601012,14:01:35,18.4400,69,2
2026-01-05,601012,14:01:38,18.4400,240,2
2026-01-05,601012,14:01:40,18.4500,8,1
2026-01-05,601012,14:01:43,18.4500,11,1
2026-01-05,601012,14:01:47,18.4400,258,2
2026-01-05,601012,14:01:49,18.4400,172,2
2026-01-05,601012,14:01:52,18.4400,21,2
2026-01-05,601012,14:01:55,18.4400,42,2
2026-01-05,601012,14:01:59,18.4400,362,2
2026-01-05,601012,14:02:01,18.4500,4370,1
2026-01-05,601012,14:02:05,18.4500,231,2
2026-01-05,601012,14:02:07,18.4500,25,2
2026-01-05,601012,14:02:10,18.4500,14,2
2026-01-05,601012,14:02:13,18.4500,70,2
2026-01-05,601012,14:02:16,18.4500,1036,2
2026-01-05,601012,14:02:19,18.4500,78,2
2026-01-05,601012,14:02:22,18.4600,32,1
2026-01-05,601012,14:02:25,18.4500,31,2
2026-01-05,601012,14:02:29,18.4500,38,2
2026-01-05,601012,14:02:31,18.4500,72,2
2026-01-05,601012,14:02:34,18.4500,192,2
2026-01-05,601012,14:02:38,18.4500,39,2
2026-01-05,601012,14:02:40,18.4500,63,2
2026-01-05,601012,14:02:44,18.4600,24,1
2026-01-05,601012,14:02:46,18.4500,10,2
2026-01-05,601012,14:02:50,18.4600,313,1
2026-01-05,601012,14:02:53,18.4600,26,1
2026-01-05,601012,14:02:56,18.4600,132,1
2026-01-05,601012,14:02:58,18.4600,61,1
2026-01-05,601012,14:03:01,18.4600,121,1
2026-01-05,601012,14:03:04,18.4600,125,1
2026-01-05,601012,14:03:07,18.4600,119,1
2026-01-05,601012,14:03:10,18.4500,55,2
2026-01-05,601012,14:03:14,18.4600,7,1
2026-01-05,601012,14:03:16,18.4600,28,1
2026-01-05,601012,14:03:19,18.4600,74,1
2026-01-05,601012,14:03:22,18.4600,27,1
2026-01-05,601012,14:03:26,18.4600,86,1
2026-01-05,601012,14:03:28,18.4600,30,1
2026-01-05,601012,14:03:32,18.4600,88,1
2026-01-05,601012,14:03:34,18.4500,375,2
2026-01-05,601012,14:03:37,18.4600,207,1
2026-01-05,601012,14:03:40,18.4500,151,2
2026-01-05,601012,14:03:43,18.4600,31,1
2026-01-05,601012,14:03:47,18.4500,53,2
2026-01-05,601012,14:03:50,18.4600,40,1
2026-01-05,601012,14:03:52,18.4600,100,1
2026-01-05,601012,14:03:56,18.4600,43,1
2026-01-05,601012,14:03:59,18.4500,83,2
2026-01-05,601012,14:04:01,18.4500,69,2
2026-01-05,601012,14:04:04,18.4600,114,1
2026-01-05,601012,14:04:07,18.4600,80,1
2026-01-05,601012,14:04:10,18.4600,44,1
2026-01-05,601012,14:04:14,18.4500,761,2
2026-01-05,601012,14:04:17,18.4500,29,1
2026-01-05,601012,14:04:20,18.4500,84,1
2026-01-05,601012,14:04:22,18.4400,53,2
2026-01-05,601012,14:04:25,18.4400,394,2
2026-01-05,601012,14:04:28,18.4400,51,2
2026-01-05,601012,14:04:31,18.4500,23,1
2026-01-05,601012,14:04:35,18.4500,112,1
2026-01-05,601012,14:04:38,18.4500,41,1
2026-01-05,601012,14:04:40,18.4500,28,1
2026-01-05,601012,14:04:43,18.4400,57,2
2026-01-05,601012,14:04:47,18.4400,2377,2
2026-01-05,601012,14:04:50,18.4400,28,2
2026-01-05,601012,14:04:53,18.4400,80,2
2026-01-05,601012,14:04:56,18.4400,17,2
2026-01-05,601012,14:05:01,18.4500,135,1
2026-01-05,601012,14:05:04,18.4400,19,2
2026-01-05,601012,14:05:07,18.4400,13,2
2026-01-05,601012,14:05:10,18.4400,20,2
2026-01-05,601012,14:05:13,18.4400,99,2
2026-01-05,601012,14:05:16,18.4400,37,1
2026-01-05,601012,14:05:19,18.4400,18,1
2026-01-05,601012,14:05:22,18.4300,28,2
2026-01-05,601012,14:05:25,18.4400,24,1
2026-01-05,601012,14:05:29,18.4400,2,1
2026-01-05,601012,14:05:31,18.4300,24,2
2026-01-05,601012,14:05:35,18.4300,55,2
2026-01-05,601012,14:05:37,18.4300,12,2
2026-01-05,601012,14:05:41,18.4400,57,1
2026-01-05,601012,14:05:44,18.4400,21,1
2026-01-05,601012,14:05:46,18.4300,119,2
2026-01-05,601012,14:05:50,18.4400,18,1
2026-01-05,601012,14:05:52,18.4300,59,2
2026-01-05,601012,14:05:55,18.4400,52,1
2026-01-05,601012,14:05:58,18.4300,44,2
2026-01-05,601012,14:06:02,18.4400,63,1
2026-01-05,601012,14:06:04,18.4400,239,1
2026-01-05,601012,14:06:08,18.4400,47,1
2026-01-05,601012,14:06:10,18.4400,359,1
2026-01-05,601012,14:06:13,18.4400,17,1
2026-01-05,601012,14:06:16,18.4300,54,2
2026-01-05,601012,14:06:19,18.4400,15,1
2026-01-05,601012,14:06:22,18.4400,35,1
2026-01-05,601012,14:06:25,18.4400,28,1
2026-01-05,601012,14:06:28,18.4400,36,1
2026-01-05,601012,14:06:31,18.4400,26,1
2026-01-05,601012,14:06:34,18.4400,179,1
2026-01-05,601012,14:06:38,18.4400,28,1
2026-01-05,601012,14:06:40,18.4300,56,2
2026-01-05,601012,14:06:43,18.4400,90,1
2026-01-05,601012,14:06:46,18.4400,54,1
2026-01-05,601012,14:06:49,18.4400,96,1
2026-01-05,601012,14:06:53,18.4300,113,2
2026-01-05,601012,14:06:55,18.4400,75,1
2026-01-05,601012,14:06:59,18.4400,40,1
2026-01-05,601012,14:07:01,18.4400,51,1
2026-01-05,601012,14:07:04,18.4400,46,1
2026-01-05,601012,10:56:25,18.5000,532,1
2026-01-05,601012,10:56:29,18.4900,84,2
2026-01-05,601012,10:56:32,18.4900,147,2
2026-01-05,601012,10:56:35,18.5000,95,1
2026-01-05,601012,10:56:38,18.5000,31,1
2026-01-05,601012,10:56:41,18.4900,687,2
2026-01-05,601012,10:56:44,18.4900,375,2
2026-01-05,601012,10:56:46,18.4900,72,1
2026-01-05,601012,10:56:50,18.4900,24,1
2026-01-05,601012,10:56:52,18.4900,13,1
2026-01-05,601012,10:56:56,18.4800,316,2
2026-01-05,601012,10:56:59,18.4800,73,2
2026-01-05,601012,10:57:01,18.4900,69,1
2026-01-05,601012,10:57:04,18.4900,414,1
2026-01-05,601012,10:57:07,18.4800,48,2
2026-01-05,601012,10:57:10,18.4900,164,1
2026-01-05,601012,10:57:14,18.4800,58,2
2026-01-05,601012,10:57:17,18.4900,10,1
2026-01-05,601012,10:57:20,18.4900,31,1
2026-01-05,601012,10:57:23,18.4900,327,1
2026-01-05,601012,10:57:25,18.4900,58,1
2026-01-05,601012,10:57:28,18.4900,40,1
2026-01-05,601012,10:57:32,18.4900,70,1
2026-01-05,601012,10:57:34,18.4800,89,2
2026-01-05,601012,10:57:38,18.4900,26,1
2026-01-05,601012,10:57:40,18.4800,36,2
2026-01-05,601012,10:57:43,18.4900,21,1
2026-01-05,601012,10:57:46,18.4800,49,2
2026-01-05,601012,10:57:50,18.4800,62,2
2026-01-05,601012,10:57:52,18.4800,265,2
2026-01-05,601012,10:57:55,18.4700,43,2
2026-01-05,601012,10:57:58,18.4800,55,1
2026-01-05,601012,10:58:02,18.4700,358,2
2026-01-05,601012,10:58:05,18.4700,154,2
2026-01-05,601012,10:58:07,18.4700,566,2
2026-01-05,601012,10:58:10,18.4700,62,1
2026-01-05,601012,10:58:14,18.4600,66,2
2026-01-05,601012,10:58:16,18.4700,141,1
2026-01-05,601012,10:58:19,18.4600,575,2
2026-01-05,601012,10:58:23,18.4600,314,2
2026-01-05,601012,10:58:25,18.4600,98,1
2026-01-05,601012,10:58:29,18.4600,45,1
2026-01-05,601012,10:58:31,18.4600,166,1
2026-01-05,601012,10:58:34,18.4600,196,1
2026-01-05,601012,10:58:37,18.4600,153,1
2026-01-05,601012,10:58:40,18.4500,159,2
2026-01-05,601012,10:58:44,18.4500,827,2
2026-01-05,601012,10:58:46,18.4500,66,1
2026-01-05,601012,10:58:49,18.4500,403,1
2026-01-05,601012,10:58:53,18.4500,119,1
2026-01-05,601012,10:58:56,18.4500,91,1
2026-01-05,601012,10:58:58,18.4500,113,1
2026-01-05,601012,10:59:01,18.4400,133,2
2026-01-05,601012,10:59:04,18.4400,188,2
2026-01-05,601012,10:59:08,18.4400,147,2
2026-01-05,601012,10:59:11,18.4400,173,2
2026-01-05,601012,10:59:13,18.4500,212,1
2026-01-05,601012,10:59:17,18.4500,259,1
2026-01-05,601012,10:59:19,18.4500,435,1
2026-01-05,601012,10:59:22,18.4400,166,2
2026-01-05,601012,10:59:25,18.4400,141,2
2026-01-05,601012,10:59:28,18.4400,91,1
2026-01-05,601012,10:59:31,18.4400,12,1
2026-01-05,601012,10:59:34,18.4400,107,1
2026-01-05,601012,10:59:38,18.4300,209,2
2026-01-05,601012,10:59:40,18.4300,3305,2
2026-01-05,601012,10:59:44,18.4300,8829,1
2026-01-05,601012,10:59:46,18.4300,644,2
2026-01-05,601012,10:59:50,18.4300,86,2
2026-01-05,601012,10:59:53,18.4300,125,2
2026-01-05,601012,10:59:55,18.4300,236,2
2026-01-05,601012,10:59:59,18.4500,258,1
2026-01-05,601012,11:00:02,18.4300,17,2
2026-01-05,601012,11:00:04,18.4300,131,2
2026-01-05,601012,11:00:07,18.4400,20,1
2026-01-05,601012,11:00:10,18.4300,79,2
2026-01-05,601012,11:00:13,18.4300,41,2
2026-01-05,601012,11:00:16,18.4500,363,1
2026-01-05,601012,11:00:19,18.4500,102,1
2026-01-05,601012,11:00:22,18.4500,127,1
2026-01-05,601012,11:00:25,18.4500,52,1
2026-01-05,601012,11:00:29,18.4400,80,2
2026-01-05,601012,11:00:31,18.4500,69,1
2026-01-05,601012,11:00:35,18.4400,55,2
2026-01-05,601012,11:00:37,18.4500,33,1
2026-01-05,601012,11:00:40,18.4400,11,2
2026-01-05,601012,11:00:43,18.4500,1,1
2026-01-05,601012,11:00:46,18.4500,27,1
2026-01-05,601012,11:00:49,18.4500,26,1
2026-01-05,601012,11:00:52,18.4400,238,2
2026-01-05,601012,11:00:55,18.4400,44,2
2026-01-05,601012,11:00:59,18.4500,19,1
2026-01-05,601012,11:01:01,18.4400,88,2
2026-01-05,601012,11:01:04,18.4400,52,2
2026-01-05,601012,11:01:07,18.4500,239,1
2026-01-05,601012,11:01:10,18.4500,104,1
2026-01-05,601012,11:01:13,18.4500,22,1
2026-01-05,601012,11:01:16,18.4400,167,2
2026-01-05,601012,11:01:19,18.4500,352,1
2026-01-05,601012,11:01:22,18.4500,72,1
2026-01-05,601012,11:01:25,18.4500,159,1
2026-01-05,601012,11:01:28,18.4400,662,2
2026-01-05,601012,11:01:31,18.4400,27,2
2026-01-05,601012,11:01:34,18.4400,52,2
2026-01-05,601012,11:01:38,18.4400,9,2
2026-01-05,601012,11:01:41,18.4400,178,2
2026-01-05,601012,11:01:43,18.4500,176,1
2026-01-05,601012,11:01:46,18.4500,70,1
2026-01-05,601012,11:01:49,18.4500,47,1
2026-01-05,601012,11:01:53,18.4500,60,1
2026-01-05,601012,11:01:55,18.4400,51,2
2026-01-05,601012,11:01:59,18.4500,12,1
2026-01-05,601012,11:02:02,18.4500,12,1
2026-01-05,601012,11:02:04,18.4500,5,1
2026-01-05,601012,11:02:07,18.4500,13,1
2026-01-05,601012,11:02:11,18.4500,57,1
2026-01-05,601012,11:02:13,18.4500,14,1
2026-01-05,601012,11:02:16,18.4400,84,2
2026-01-05,601012,11:02:19,18.4400,118,2
2026-01-05,601012,11:02:22,18.4400,113,2
2026-01-05,601012,11:02:25,18.4400,35,2
2026-01-05,601012,11:02:28,18.4400,51,2
2026-01-05,601012,11:02:31,18.4500,56,1
2026-01-05,601012,11:02:35,18.4400,69,2
2026-01-05,601012,11:02:37,18.4500,233,1
2026-01-05,601012,11:02:40,18.4600,372,1
2026-01-05,601012,11:02:43,18.4500,84,2
2026-01-05,601012,11:02:46,18.4600,20,1
2026-01-05,601012,11:02:49,18.4500,20,2
2026-01-05,601012,11:02:52,18.4600,58,1
2026-01-05,601012,11:02:56,18.4600,139,1
2026-01-05,601012,11:02:58,18.4600,11,1
2026-01-05,601012,11:03:01,18.4600,47,1
2026-01-05,601012,11:03:04,18.4500,49,2
2026-01-05,601012,11:03:07,18.4600,14,1
2026-01-05,601012,11:03:11,18.4600,58,1
2026-01-05,601012,11:03:14,18.4500,138,2
2026-01-05,601012,11:03:17,18.4600,76,1
2026-01-05,601012,11:03:19,18.4600,71,1
2026-01-05,601012,11:03:22,18.4600,20,1
2026-01-05,601012,11:03:25,18.4600,84,1
2026-01-05,601012,11:03:29,18.4500,16,2
2026-01-05,601012,11:03:32,18.4500,42,2
2026-01-05,601012,11:03:35,18.4600,121,1
2026-01-05,601012,11:03:37,18.4500,25,2
2026-01-05,601012,11:03:40,18.4600,36,1
2026-01-05,601012,11:03:43,18.4600,18,1
2026-01-05,601012,11:03:46,18.4600,163,1
2026-01-05,601012,11:03:49,18.4600,125,1
2026-01-05,601012,11:03:52,18.4600,84,1
2026-01-05,601012,11:03:55,18.4600,12,1
2026-01-05,601012,11:03:59,18.4600,977,1
2026-01-05,601012,11:04:01,18.4500,102,2
2026-01-05,601012,11:04:04,18.4600,11,1
2026-01-05,601012,11:04:08,18.4500,42,2
2026-01-05,601012,11:04:10,18.4600,582,1
2026-01-05,601012,11:04:13,18.4500,658,2
2026-01-05,601012,11:04:16,18.4400,629,2
2026-01-05,601012,11:04:19,18.4400,546,2
2026-01-05,601012,11:04:22,18.4400,165,1
2026-01-05,601012,11:04:25,18.4400,263,1
2026-01-05,601012,11:04:28,18.4400,9,2
2026-01-05,601012,11:04:31,18.4500,11,1
2026-01-05,601012,11:04:35,18.4500,115,1
2026-01-05,601012,11:04:37,18.4500,11,1
2026-01-05,601012,11:04:41,18.4500,108,1
2026-01-05,601012,11:04:43,18.4500,84,1
2026-01-05,601012,11:04:47,18.4500,80,1
2026-01-05,601012,11:04:49,18.4400,51,2
2026-01-05,601012,11:04:52,18.4400,7,2
2026-01-05,601012,11:04:56,18.4400,3,2
2026-01-05,601012,11:04:59,18.4500,61,1
2026-01-05,601012,11:05:02,18.4500,117,1
2026-01-05,601012,11:05:04,18.4500,55,1
2026-01-05,601012,11:05:07,18.4400,99,2
2026-01-05,601012,11:05:10,18.4400,25,2
2026-01-05,601012,11:05:13,18.4400,43,2
2026-01-05,601012,11:05:16,18.4400,37,2
2026-01-05,601012,11:05:19,18.4500,40,1
2026-01-05,601012,11:05:22,18.4500,74,1
2026-01-05,601012,11:05:25,18.4400,45,2
2026-01-05,601012,11:05:28,18.4400,19,2
2026-01-05,601012,11:05:32,18.4400,378,2
2026-01-05,601012,11:05:34,18.4500,86,1
2026-01-05,601012,11:05:38,18.4500,47,1
2026-01-05,601012,11:05:40,18.4500,30,1
2026-01-05,601012,11:05:43,18.4400,7,2
2026-01-05,601012,11:05:47,18.4500,32,1
2026-01-05,601012,11:05:49,18.4500,37,1
2026-01-05,601012,11:05:52,18.4400,5,2
2026-01-05,601012,11:05:56,18.4500,18,1
2026-01-05,601012,11:05:58,18.4500,81,1
2026-01-05,601012,11:06:02,18.4500,36,1
2026-01-05,601012,11:06:05,18.4400,80,2
2026-01-05,601012,11:06:07,18.4400,78,2
2026-01-05,601012,11:06:10,18.4400,55,2
2026-01-05,601012,11:06:14,18.4400,227,2
2026-01-05,601012,11:06:16,18.4500,151,1
2026-01-05,601012,11:06:19,18.4400,63,2
2026-01-05,601012,11:06:22,18.4400,107,2
2026-01-05,601012,11:06:25,18.4500,29,1
2026-01-05,601012,11:06:28,18.4400,64,2
2026-01-05,601012,11:06:31,18.4300,54,2
2026-01-05,601012,11:06:35,18.4400,27,4
2026-01-05,601012,11:06:38,18.4400,22,2
2026-01-05,601012,11:06:41,18.4500,46,1
2026-01-05,601012,11:06:44,18.4400,39,2
2026-01-05,601012,11:06:46,18.4400,39,2
2026-01-05,601012,11:06:49,18.4500,31,1
2026-01-05,601012,11:06:52,18.4400,23,2
2026-01-05,601012,11:06:56,18.4500,19,1
2026-01-05,601012,11:06:58,18.4400,75,2
2026-01-05,601012,11:07:01,18.4400,130,2
2026-01-05,601012,11:07:04,18.4400,54,2
2026-01-05,601012,11:07:08,18.4500,163,1
2026-01-05,601012,11:07:10,18.4400,95,2
2026-01-05,601012,11:07:13,18.4400,109,1
2026-01-05,601012,11:07:16,18.4400,78,1
2026-01-05,601012,11:07:20,18.4500,12,1
2026-01-05,601012,11:07:22,18.4500,49,1
2026-01-05,601012,11:07:26,18.4500,85,1
2026-01-05,601012,11:07:28,18.4400,60,4
2026-01-05,601012,11:07:31,18.4300,269,2
2026-01-05,601012,11:07:34,18.4400,428,1
2026-01-05,601012,11:07:37,18.4400,32,1
2026-01-05,601012,11:07:41,18.4300,431,2
2026-01-05,601012,11:07:43,18.4400,48,1
2026-01-05,601012,11:07:46,18.4500,201,1
2026-01-05,601012,11:07:49,18.4400,48,4
2026-01-05,601012,11:07:53,18.4400,14,2
2026-01-05,601012,11:07:56,18.4400,49,2
2026-01-05,601012,11:07:58,18.4400,84,1
2026-01-05,601012,11:08:01,18.4400,31,1
2026-01-05,601012,11:08:05,18.4300,84,2
2026-01-05,601012,11:08:08,18.4400,101,1
2026-01-05,601012,11:08:11,18.4300,21,2
2026-01-05,601012,11:08:13,18.4300,11,2
2026-01-05,601012,11:08:16,18.4300,267,2
2026-01-05,601012,11:08:19,18.4400,57,1
2026-01-05,601012,11:08:23,18.4300,211,2
2026-01-05,601012,11:08:25,18.4300,226,2
2026-01-05,601012,11:08:29,18.4300,113,2
2026-01-05,601012,11:08:31,18.4400,103,1
2026-01-05,601012,11:08:34,18.4400,103,1
2026-01-05,601012,11:08:37,18.4300,153,2
2026-01-05,601012,11:08:40,18.4300,21,2
2026-01-05,601012,11:08:43,18.4400,50,1
2026-01-05,601012,11:08:46,18.4300,1099,2
2026-01-05,601012,11:08:49,18.4400,49,1
2026-01-05,601012,11:08:52,18.4400,275,1
2026-01-05,601012,11:08:55,18.4300,58,2
2026-01-05,601012,11:08:59,18.4300,131,2
2026-01-05,601012,11:09:02,18.4300,69,2
2026-01-05,601012,11:09:05,18.4400,282,1
2026-01-05,601012,11:09:07,18.4400,88,1
2026-01-05,601012,11:09:10,18.4300,68,2
2026-01-05,601012,11:09:14,18.4300,112,2
2026-01-05,601012,11:09:17,18.4300,61,2
2026-01-05,601012,11:09:20,18.4300,139,2
2026-01-05,601012,11:09:22,18.4300,11,2
2026-01-05,601012,11:09:26,18.4300,282,2
2026-01-05,601012,11:09:28,18.4300,120,2
2026-01-05,601012,11:09:32,18.4400,16,1
2026-01-05,601012,11:09:34,18.4400,68,1
2026-01-05,601012,11:09:38,18.4300,96,2
2026-01-05,601012,11:09:41,18.4400,73,1
2026-01-05,601012,11:09:44,18.4300,54,2
2026-01-05,601012,11:09:47,18.4400,11,1
2026-01-05,601012,11:09:49,18.4300,84,2
2026-01-05,601012,11:09:53,18.4300,118,2
2026-01-05,601012,11:09:56,18.4400,33,1
2026-01-05,601012,11:09:58,18.4300,91,2
2026-01-05,601012,11:10:02,18.4300,32,2
2026-01-05,601012,11:10:04,18.4300,62,2
2026-01-05,601012,11:10:07,18.4400,13,1
2026-01-05,601012,11:10:10,18.4400,34,1
2026-01-05,601012,11:10:13,18.4400,6,1
2026-01-05,601012,11:10:17,18.4400,77,1
2026-01-05,601012,11:10:19,18.4400,38,1
2026-01-05,601012,11:10:22,18.4400,58,1
2026-01-05,601012,11:10:25,18.4300,18,2
2026-01-05,601012,11:10:29,18.4400,60,1
2026-01-05,601012,11:10:32,18.4400,92,1
2026-01-05,601012,11:10:34,18.4400,9,1
2026-01-05,601012,11:10:37,18.4300,125,2
2026-01-05,601012,11:10:41,18.4400,29,1
2026-01-05,601012,11:10:43,18.4400,44,1
2026-01-05,601012,11:10:47,18.4400,87,1
2026-01-05,601012,11:10:50,18.4300,300,2
2026-01-05,601012,11:10:53,18.4400,111,1
2026-01-05,601012,11:10:55,18.4400,101,2
2026-01-05,601012,11:10:58,18.4400,16,2
2026-01-05,601012,11:11:02,18.4500,145,1
2026-01-05,601012,11:11:05,18.4400,7,2
2026-01-05,601012,11:11:08,18.4500,233,1
2026-01-05,601012,11:11:10,18.4400,224,2
2026-01-05,601012,11:11:13,18.4400,10,1
2026-01-05,601012,11:11:17,18.4400,481,1
2026-01-05,601012,11:11:19,18.4400,371,1
2026-01-05,601012,11:11:22,18.4500,55,1
2026-01-05,601012,11:11:26,18.4500,99,1
2026-01-05,601012,11:11:29,18.4500,23,1
2026-01-05,601012,11:11:31,18.4500,117,1
2026-01-05,601012,11:11:34,18.4500,119,1
2026-01-05,601012,11:11:37,18.4400,115,2
2026-01-05,601012,11:11:40,18.4400,3,2
2026-01-05,601012,11:11:43,18.4500,224,1
2026-01-05,601012,11:11:47,18.4500,454,1
2026-01-05,601012,11:11:49,18.4500,115,1
2026-01-05,601012,11:11:53,18.4500,96,1
2026-01-05,601012,11:11:56,18.4500,22,1
2026-01-05,601012,11:11:58,18.4500,155,1
2026-01-05,601012,11:12:01,18.4500,46,1
2026-01-05,601012,11:12:05,18.4400,29,2
2026-01-05,601012,11:12:07,18.4500,24,1
2026-01-05,601012,11:12:10,18.4400,246,2
2026-01-05,601012,11:12:13,18.4400,42,2
2026-01-05,601012,11:12:17,18.4500,22,1
2026-01-05,601012,11:12:20,18.4500,237,1
2026-01-05,601012,11:12:22,18.4500,83,1
2026-01-05,601012,11:12:26,18.4400,10,2
2026-01-05,601012,11:12:28,18.4400,60,2
2026-01-05,601012,11:12:31,18.4400,90,2
2026-01-05,601012,11:12:34,18.4500,1,1
2026-01-05,601012,11:12:37,18.4500,80,1
2026-01-05,601012,11:12:40,18.4500,3,1
2026-01-05,601012,11:12:44,18.4400,4,2
2026-01-05,601012,11:12:46,18.4500,356,1
2026-01-05,601012,11:12:49,18.4500,98,1
2026-01-05,601012,11:12:52,18.4500,8,1
2026-01-05,601012,11:12:55,18.4400,32,2
2026-01-05,601012,11:12:58,18.4500,211,1
2026-01-05,601012,11:13:01,18.4400,42,2
2026-01-05,601012,11:13:04,18.4500,61,1
2026-01-05,601012,11:13:07,18.4400,435,2
2026-01-05,601012,11:13:10,18.4400,105,1
2026-01-05,601012,11:13:13,18.4500,161,1
2026-01-05,601012,11:13:16,18.4400,96,2
2026-01-05,601012,11:13:19,18.4500,8,1
2026-01-05,601012,11:13:22,18.4400,57,2
2026-01-05,601012,11:13:25,18.4500,28,1
2026-01-05,601012,11:13:29,18.4400,47,2
2026-01-05,601012,11:13:32,18.4400,87,2
2026-01-05,601012,11:13:35,18.4500,54,1
2026-01-05,601012,11:13:37,18.4400,104,2
2026-01-05,601012,11:13:41,18.4300,2963,2
2026-01-05,601012,11:13:44,18.4400,720,4
2026-01-05,601012,11:13:47,18.4400,36,2
2026-01-05,601012,11:13:49,18.4400,20,1
2026-01-05,601012,11:13:53,18.4400,114,1
2026-01-05,601012,11:13:56,18.4400,107,1
2026-01-05,601012,11:13:59,18.4400,12,4
2026-01-05,601012,11:14:01,18.4500,46,1
2026-01-05,601012,11:14:05,18.4400,62,2
2026-01-05,601012,11:14:07,18.4500,4,1
2026-01-05,601012,11:14:11,18.4400,16,2
2026-01-05,601012,11:14:14,18.4400,37,2
2026-01-05,601012,11:14:17,18.4400,42,2
2026-01-05,601012,11:14:19,18.4400,42,2
2026-01-05,601012,11:14:22,18.4500,11,1
2026-01-05,601012,11:14:25,18.4400,164,2
2026-01-05,601012,11:14:28,18.4400,89,2
2026-01-05,601012,11:14:31,18.4500,20,1
2026-01-05,601012,11:14:34,18.4500,4,1
2026-01-05,601012,11:14:38,18.4500,234,1
2026-01-05,601012,11:14:41,18.4500,33,1
2026-01-05,601012,11:14:43,18.4500,77,1
2026-01-05,601012,11:14:47,18.4500,61,1
2026-01-05,601012,11:14:50,18.4500,30,1
2026-01-05,601012,11:14:52,18.4500,6,1
2026-01-05,601012,11:14:56,18.4500,96,1
2026-01-05,601012,11:14:58,18.4400,1,2
2026-01-05,601012,11:15:01,18.4400,12,2
2026-01-05,601012,11:15:04,18.4400,15,2
2026-01-05,601012,11:15:08,18.4400,36,2
2026-01-05,601012,11:15:11,18.4400,112,2
2026-01-05,601012,11:15:14,18.4400,44,2
2026-01-05,601012,11:15:16,18.4500,545,1
2026-01-05,601012,11:15:19,18.4500,49,1
2026-01-05,601012,11:15:22,18.4500,204,1
2026-01-05,601012,11:15:25,18.4400,18,2
2026-01-05,601012,11:15:28,18.4500,184,1
2026-01-05,601012,11:15:31,18.4400,26,2
2026-01-05,601012,11:15:34,18.4500,207,1
2026-01-05,601012,11:15:37,18.4500,193,1
2026-01-05,601012,11:15:41,18.4500,7,1
2026-01-05,601012,11:15:43,18.4400,137,2
2026-01-05,601012,11:15:46,18.4400,232,2
2026-01-05,601012,11:15:49,18.4500,51,1
2026-01-05,601012,11:15:52,18.4400,62,2
2026-01-05,601012,11:15:56,18.4400,247,2
2026-01-05,601012,11:15:58,18.4500,148,1
2026-01-05,601012,11:16:02,18.4500,54,1
2026-01-05,601012,11:16:05,18.4400,25,2
2026-01-05,601012,11:16:08,18.4500,68,1
2026-01-05,601012,11:16:10,18.4400,456,2
2026-01-05,601012,11:16:13,18.4900,6895,1
2026-01-05,601012,11:16:16,18.4800,644,1
2026-01-05,601012,11:16:19,18.4900,23,1
2026-01-05,601012,11:16:22,18.4900,341,1
2026-01-05,601012,11:16:25,18.4900,19,1
2026-01-05,601012,11:16:28,18.4900,29,1
2026-01-05,601012,11:16:31,18.4900,62,1
2026-01-05,601012,11:16:34,18.4900,97,1
2026-01-05,601012,11:16:37,18.4900,48,1
2026-01-05,601012,11:16:41,18.4900,388,1
2026-01-05,601012,11:16:43,18.4800,52,2
2026-01-05,601012,11:16:46,18.4800,224,1
2026-01-05,601012,11:16:50,18.4800,91,1
2026-01-05,601012,11:16:52,18.4700,5,2
2026-01-05,601012,11:16:56,18.4800,95,1
2026-01-05,601012,11:16:59,18.4800,424,1
2026-01-05,601012,11:17:01,18.4900,48,1
2026-01-05,601012,11:17:04,18.4800,237,2
2026-01-05,601012,11:17:07,18.4800,359,1
2026-01-05,601012,11:17:10,18.4700,138,2
2026-01-05,601012,11:17:13,18.4800,354,1
2026-01-05,601012,11:17:17,18.4800,43,1
2026-01-05,601012,11:17:19,18.4900,142,1
2026-01-05,601012,11:17:22,18.4700,169,2
2026-01-05,601012,11:17:25,18.4700,47,1
2026-01-05,601012,11:17:29,18.4700,28,1
2026-01-05,601012,11:17:31,18.4700,34,2
2026-01-05,601012,11:17:34,18.4700,17,2
2026-01-05,601012,11:17:37,18.4800,33,1
2026-01-05,601012,11:17:41,18.4700,15,2
2026-01-05,601012,11:17:43,18.4800,88,1
2026-01-05,601012,11:17:46,18.4800,35,1
2026-01-05,601012,11:17:49,18.4800,48,1
2026-01-05,601012,11:17:53,18.4500,1043,2
2026-01-05,601012,11:17:56,18.4800,242,1
2026-01-05,601012,11:18:02,18.4800,51,1
2026-01-05,601012,11:18:04,18.4800,4,1
2026-01-05,601012,11:18:07,18.4800,23,1
2026-01-05,601012,11:18:10,18.4800,117,1
2026-01-05,601012,11:18:13,18.4700,26,2
2026-01-05,601012,11:18:16,18.4800,302,1
2026-01-05,601012,11:18:19,18.4700,154,2
2026-01-05,601012,11:18:22,18.4800,23,1
2026-01-05,601012,11:18:26,18.4800,36,1
2026-01-05,601012,11:18:28,18.4800,51,1
2026-01-05,601012,11:18:31,18.4700,43,2
2026-01-05,601012,11:18:34,18.4700,133,2
2026-01-05,601012,11:18:38,18.4800,60,1
2026-01-05,601012,11:18:40,18.4700,13,2
2026-01-05,601012,11:18:43,18.4700,924,1
2026-01-05,601012,11:18:47,18.4800,26,1
2026-01-05,601012,11:18:50,18.4700,35,2
2026-01-05,601012,11:18:52,18.4800,29,1
2026-01-05,601012,11:18:55,18.4800,37,1
2026-01-05,601012,11:18:58,18.4800,37,1
2026-01-05,601012,11:19:02,18.4700,64,2
2026-01-05,601012,11:19:04,18.4800,43,1
2026-01-05,601012,11:19:07,18.4800,140,1
2026-01-05,601012,11:19:11,18.4700,41,2
2026-01-05,601012,11:19:14,18.4800,11,1
2026-01-05,601012,11:19:17,18.4700,227,2
2026-01-05,601012,11:19:20,18.4800,242,1
2026-01-05,601012,11:19:22,18.4700,89,2
2026-01-05,601012,11:19:25,18.4700,5,2
2026-01-05,601012,11:19:28,18.4700,80,2
2026-01-05,601012,11:19:32,18.4700,239,2
2026-01-05,601012,11:19:35,18.4800,20,1
2026-01-05,601012,11:19:37,18.4700,515,2
2026-01-05,601012,11:19:40,18.4700,123,2
2026-01-05,601012,11:19:44,18.4700,16,1
2026-01-05,601012,11:19:46,18.4700,9,1
2026-01-05,601012,11:19:49,18.4600,42,2
2026-01-05,601012,11:19:52,18.4700,18,1
2026-01-05,601012,11:19:55,18.4600,1,2
2026-01-05,601012,11:19:58,18.4700,14,1
2026-01-05,601012,11:20:02,18.4600,34,2
2026-01-05,601012,11:20:04,18.4600,136,2
2026-01-05,601012,11:20:07,18.4700,84,1
