date,code,time,price,volume,bs
2026-06-22,000858,14:06:57,76.5200,2,2
2026-06-22,000858,14:07:00,76.5200,20,2
2026-06-22,000858,14:07:03,76.5300,33,1
2026-06-22,000858,14:07:06,76.5300,18,1
2026-06-22,000858,14:07:09,76.5100,64,2
2026-06-22,000858,14:07:12,76.5000,241,2
2026-06-22,000858,14:07:15,76.5100,5,1
2026-06-22,000858,14:07:18,76.5000,10,1
2026-06-22,000858,14:07:21,76.5100,16,1
2026-06-22,000858,14:07:24,76.5000,18,2
2026-06-22,000858,14:07:27,76.5100,23,1
2026-06-22,000858,14:07:30,76.5000,45,2
2026-06-22,000858,14:07:33,76.5100,13,1
2026-06-22,000858,14:07:36,76.5000,33,2
2026-06-22,000858,14:07:39,76.5100,23,1
2026-06-22,000858,14:07:42,76.5100,29,1
2026-06-22,000858,14:07:45,76.5200,28,1
2026-06-22,000858,14:07:48,76.5500,164,1
2026-06-22,000858,14:07:51,76.5400,76,2
2026-06-22,000858,14:07:54,76.5500,37,1
2026-06-22,000858,14:07:57,76.5600,26,1
2026-06-22,000858,14:08:00,76.5600,18,1
2026-06-22,000858,14:08:03,76.5700,13,1
2026-06-22,000858,14:08:06,76.6000,26,1
2026-06-22,000858,14:08:09,76.5800,9,2
2026-06-22,000858,14:08:12,76.6000,42,1
2026-06-22,000858,14:08:15,76.6200,77,1
2026-06-22,000858,14:08:18,76.6200,40,1
2026-06-22,000858,14:08:21,76.6000,43,2
2026-06-22,000858,14:08:24,76.6000,31,2
2026-06-22,000858,14:08:27,76.6300,50,1
2026-06-22,000858,14:08:30,76.6100,46,2
2026-06-22,000858,14:08:33,76.6300,34,1
2026-06-22,000858,14:08:36,76.6100,14,2
2026-06-22,000858,14:08:39,76.6300,24,1
2026-06-22,000858,14:08:42,76.6300,17,1
2026-06-22,000858,14:08:45,76.6200,12,4
2026-06-22,000858,14:08:48,76.6100,4,2
2026-06-22,000858,14:08:51,76.6200,11,1
2026-06-22,000858,14:08:54,76.6200,62,1
2026-06-22,000858,14:08:57,76.6000,24,2
2026-06-22,000858,14:09:00,76.6100,66,1
2026-06-22,000858,14:09:03,76.6300,7,1
2026-06-22,000858,14:09:06,76.6100,31,2
2026-06-22,000858,14:09:09,76.6100,7,2
2026-06-22,000858,14:09:12,76.6100,3,1
2026-06-22,000858,14:09:15,76.6000,22,2
2026-06-22,000858,14:09:18,76.6100,34,1
2026-06-22,000858,14:09:21,76.6000,21,1
2026-06-22,000858,14:09:24,76.6100,25,1
2026-06-22,000858,14:09:27,76.6500,415,1
2026-06-22,000858,14:09:30,76.6400,80,1
2026-06-22,000858,14:09:33,76.6500,37,1
2026-06-22,000858,14:09:36,76.6500,60,1
2026-06-22,000858,14:09:39,76.6500,19,1
2026-06-22,000858,14:09:42,76.6500,23,1
2026-06-22,000858,14:09:45,76.6400,65,1
2026-06-22,000858,14:09:48,76.6400,7,1
2026-06-22,000858,14:09:51,76.6500,13,1
2026-06-22,000858,14:09:54,76.6400,30,2
2026-06-22,000858,14:09:57,76.6500,45,1
2026-06-22,000858,14:10:00,76.6500,16,1
2026-06-22,000858,14:10:03,76.6400,91,2
2026-06-22,000858,14:10:06,76.6700,162,1
2026-06-22,000858,14:10:09,76.7100,128,1
2026-06-22,000858,14:10:12,76.7100,22,2
2026-06-22,000858,14:10:15,76.7300,30,1
2026-06-22,000858,14:10:18,76.7500,24,1
2026-06-22,000858,14:10:21,76.7900,74,1
2026-06-22,000858,14:10:24,76.7600,51,2
2026-06-22,000858,14:10:27,76.7600,96,1
2026-06-22,000858,14:10:30,76.7400,108,2
2026-06-22,000858,14:10:33,76.7300,21,1
2026-06-22,000858,14:10:36,76.7300,6,1
2026-06-22,000858,14:10:39,76.6900,24,2
2026-06-22,000858,14:10:42,76.6800,15,2
2026-06-22,000858,14:10:45,76.7100,11,1
2026-06-22,000858,14:10:48,76.6500,34,2
2026-06-22,000858,14:10:51,76.6600,8,2
2026-06-22,000858,14:10:54,76.6500,20,2
2026-06-22,000858,14:10:57,76.6600,42,1
2026-06-22,000858,14:11:00,76.6600,5,2
2026-06-22,000858,14:11:03,76.6600,27,2
2026-06-22,000858,14:11:06,76.6600,16,2
2026-06-22,000858,14:11:09,76.6600,50,2
2026-06-22,000858,14:11:12,76.6600,26,2
2026-06-22,000858,14:11:15,76.6600,209,1
2026-06-22,000858,14:11:18,76.6700,143,2
2026-06-22,000858,14:11:21,76.6700,28,2
2026-06-22,000858,14:11:24,76.6600,2,2
2026-06-22,000858,14:11:27,76.6800,2,4
2026-06-22,000858,14:11:30,76.7000,37,1
2026-06-22,000858,14:11:33,76.7200,35,1
2026-06-22,000858,14:11:36,76.7200,24,1
2026-06-22,000858,14:11:39,76.7100,26,4
2026-06-22,000858,14:11:42,76.7200,60,1
2026-06-22,000858,14:11:45,76.7200,19,1
2026-06-22,000858,14:11:48,76.7000,49,2
2026-06-22,000858,14:11:51,76.7000,19,2
2026-06-22,000858,14:11:54,76.7100,12,4
2026-06-22,000858,14:11:57,76.7000,40,2
2026-06-22,000858,14:12:00,76.7100,12,1
2026-06-22,000858,14:12:03,76.6800,17,2
2026-06-22,000858,14:12:06,76.7000,18,1
2026-06-22,000858,14:12:09,76.6700,13,2
2026-06-22,000858,14:12:12,76.6700,43,2
2026-06-22,000858,14:12:15,76.6600,31,2
2026-06-22,000858,14:12:18,76.6600,31,2
2026-06-22,000858,14:12:21,76.6600,80,2
2026-06-22,000858,14:12:24,76.6500,12,2
2026-06-22,000858,14:12:27,76.6500,40,1
2026-06-22,000858,14:12:30,76.6300,25,2
2026-06-22,000858,14:12:33,76.6500,18,1
2026-06-22,000858,14:12:36,76.6200,34,2
2026-06-22,000858,14:12:39,76.6200,2,2
2026-06-22,000858,14:12:42,76.6200,10,2
2026-06-22,000858,14:12:45,76.6100,12,2
2026-06-22,000858,14:12:48,76.6100,22,1
2026-06-22,000858,14:12:51,76.6100,39,1
2026-06-22,000858,14:12:54,76.5800,89,2
2026-06-22,000858,14:12:57,76.5900,26,1
2026-06-22,000858,14:13:00,76.6200,202,1
2026-06-22,000858,14:13:03,76.6100,26,2
2026-06-22,000858,14:13:06,76.6300,55,1
2026-06-22,000858,14:13:09,76.6300,147,1
2026-06-22,000858,14:13:12,76.6600,195,1
2026-06-22,000858,14:13:15,76.6300,91,2
2026-06-22,000858,14:13:18,76.6500,10,2
2026-06-22,000858,14:13:21,76.6400,4,2
2026-06-22,000858,14:13:24,76.6400,1,1
2026-06-22,000858,14:13:27,76.6600,15,1
2026-06-22,000858,14:13:30,76.6400,12,2
2026-06-22,000858,14:13:33,76.6400,32,2
2026-06-22,000858,14:13:36,76.6400,24,2
2026-06-22,000858,14:13:39,76.6400,4,2
2026-06-22,000858,14:13:42,76.6500,20,1
2026-06-22,000858,14:13:45,76.6600,37,1
2026-06-22,000858,14:13:48,76.6500,16,2
2026-06-22,000858,14:13:51,76.6500,35,1
2026-06-22,000858,14:13:54,76.6500,10,2
2026-06-22,000858,14:13:57,76.6600,17,1
2026-06-22,000858,14:14:00,76.6500,35,1
2026-06-22,000858,14:14:03,76.6500,13,1
2026-06-22,000858,14:14:06,76.6500,6,1
2026-06-22,000858,14:14:09,76.6400,31,2
2026-06-22,000858,14:14:12,76.6500,105,1
2026-06-22,000858,14:14:15,76.6600,18,1
2026-06-22,000858,14:14:18,76.6800,34,1
2026-06-22,000858,14:14:21,76.6800,65,1
2026-06-22,000858,14:14:24,76.6800,53,1
2026-06-22,000858,14:14:27,76.6900,30,1
2026-06-22,000858,14:14:30,76.7000,10,1
2026-06-22,000858,14:14:33,76.7000,18,1
2026-06-22,000858,14:14:36,76.7000,17,1
2026-06-22,000858,14:14:39,76.6900,13,2
2026-06-22,000858,14:14:42,76.7000,26,1
2026-06-22,000858,14:14:45,76.7000,37,1
2026-06-22,000858,14:14:48,76.7000,26,1
2026-06-22,000858,14:14:51,76.7000,64,1
2026-06-22,000858,14:14:54,76.6900,38,2
2026-06-22,000858,14:14:57,76.6900,3,2
2026-06-22,000858,14:15:00,76.7000,16,1
2026-06-22,000858,14:15:03,76.6900,29,4
2026-06-22,000858,14:15:06,76.7100,310,1
2026-06-22,000858,14:15:09,76.7400,10,1
2026-06-22,000858,14:15:12,76.7400,17,2
2026-06-22,000858,14:15:15,76.7400,20,2
2026-06-22,000858,14:15:18,76.7300,35,2
2026-06-22,000858,14:15:21,76.7400,24,1
2026-06-22,000858,14:15:24,76.7400,22,1
2026-06-22,000858,14:15:27,76.7400,28,1
2026-06-22,000858,14:15:30,76.7300,47,1
2026-06-22,000858,14:15:33,76.7300,15,2
2026-06-22,000858,14:15:36,76.7300,19,2
2026-06-22,000858,14:15:39,76.7400,19,2
2026-06-22,000858,14:15:42,76.7400,27,2
2026-06-22,000858,14:15:45,76.7400,8,1
2026-06-22,000858,14:15:48,76.7300,21,2
2026-06-22,000858,14:15:51,76.7400,63,1
2026-06-22,000858,14:15:54,76.7300,31,2
2026-06-22,000858,14:15:57,76.7400,119,1
2026-06-22,000858,14:16:00,76.7300,22,2
2026-06-22,000858,14:16:03,76.7300,30,2
2026-06-22,000858,14:16:06,76.7200,20,2
2026-06-22,000858,14:16:09,76.7100,39,2
2026-06-22,000858,14:16:12,76.6600,262,2
2026-06-22,000858,14:16:15,76.6700,20,1
2026-06-22,000858,14:16:18,76.6600,3,2
2026-06-22,000858,14:16:21,76.6600,18,2
2026-06-22,000858,14:16:24,76.6600,4,2
2026-06-22,000858,14:16:27,76.6600,19,2
2026-06-22,000858,14:16:30,76.6600,12,1
2026-06-22,000858,14:16:33,76.6500,17,2
2026-06-22,000858,14:16:36,76.6600,18,1
2026-06-22,000858,14:16:39,76.6500,47,2
2026-06-22,000858,14:16:42,76.6200,4,2
2026-06-22,000858,14:16:45,76.6400,9,1
2026-06-22,000858,14:16:48,76.6200,24,1
2026-06-22,000858,14:16:51,76.6200,13,1
2026-06-22,000858,14:16:54,76.6100,42,4
2026-06-22,000858,14:16:57,76.6300,12,1
2026-06-22,000858,14:17:00,76.6200,26,2
2026-06-22,000858,14:17:03,76.6300,35,1
2026-06-22,000858,14:17:06,76.6600,122,1
2026-06-22,000858,14:17:09,76.6700,36,1
2026-06-22,000858,14:17:12,76.6900,30,1
2026-06-22,000858,14:17:15,76.6700,10,2
2026-06-22,000858,14:17:18,76.6900,49,1
2026-06-22,000858,14:17:21,76.6900,26,1
2026-06-22,000858,14:17:24,76.6900,5,1
2026-06-22,000858,14:17:27,76.6600,22,2
2026-06-22,000858,14:17:30,76.6600,43,2
2026-06-22,000858,14:17:33,76.7000,14,1
2026-06-22,000858,14:17:36,76.6700,54,2
2026-06-22,000858,14:17:39,76.6600,34,2
2026-06-22,000858,14:17:42,76.6900,25,1
2026-06-22,000858,14:17:45,76.6800,6,1
2026-06-22,000858,14:17:48,76.6700,20,2
2026-06-22,000858,14:17:51,76.6700,1,1
2026-06-22,000858,14:17:54,76.6800,33,1
2026-06-22,000858,14:17:57,76.6600,8,2
2026-06-22,000858,14:18:00,76.6500,14,2
2026-06-22,000858,14:18:03,76.6500,13,2
2026-06-22,000858,14:18:06,76.6500,66,2
2026-06-22,000858,14:18:09,76.6500,58,1
2026-06-22,000858,14:18:12,76.6500,36,1
2026-06-22,000858,14:18:15,76.6300,3,2
2026-06-22,000858,14:18:18,76.6400,13,1
2026-06-22,000858,14:18:21,76.6400,18,2
2026-06-22,000858,14:18:24,76.6500,19,1
2026-06-22,000858,14:18:27,76.6500,12,1
2026-06-22,000858,14:18:30,76.6400,41,2
2026-06-22,000858,14:18:33,76.6400,15,1
2026-06-22,000858,14:18:36,76.6200,7,2
2026-06-22,000858,14:18:39,76.6300,13,1
2026-06-22,000858,14:18:42,76.6200,6,2
2026-06-22,000858,14:18:45,76.6300,63,1
2026-06-22,000858,14:18:48,76.6200,10,1
2026-06-22,000858,14:18:51,76.6300,32,1
2026-06-22,000858,14:18:54,76.6100,8,2
2026-06-22,000858,14:18:57,76.6100,25,4
2026-06-22,000858,14:19:00,76.6000,24,2
2026-06-22,000858,14:19:03,76.6000,15,2
2026-06-22,000858,14:19:06,76.6000,21,2
2026-06-22,000858,14:19:09,76.5900,13,2
2026-06-22,000858,14:19:12,76.5900,44,1
2026-06-22,000858,14:19:15,76.5800,35,2
2026-06-22,000858,14:19:18,76.5000,84,2
2026-06-22,000858,14:19:21,76.5500,78,1
2026-06-22,000858,14:19:24,76.5500,127,2
2026-06-22,000858,14:19:27,76.5500,48,1
2026-06-22,000858,14:19:30,76.5500,20,2
2026-06-22,000858,14:19:33,76.5400,2,2
2026-06-22,000858,14:19:36,76.5400,9,2
2026-06-22,000858,14:19:39,76.5400,54,1
2026-06-22,000858,14:19:42,76.5000,119,2
2026-06-22,000858,14:19:45,76.5200,43,1
2026-06-22,000858,14:19:48,76.5300,7,1
2026-06-22,000858,14:19:51,76.5300,14,1
2026-06-22,000858,14:19:54,76.5300,231,1
2026-06-22,000858,14:19:57,76.5300,20,1
2026-06-22,000858,14:20:00,76.5300,18,4
2026-06-22,000858,14:20:03,76.5100,15,2
2026-06-22,000858,14:20:06,76.4800,46,2
2026-06-22,000858,14:20:09,76.5000,39,1
2026-06-22,000858,14:20:12,76.5100,13,1
2026-06-22,000858,14:20:15,76.5000,7,2
2026-06-22,000858,14:20:18,76.5100,31,1
2026-06-22,000858,14:20:21,76.5200,46,1
2026-06-22,000858,14:20:24,76.5000,54,2
2026-06-22,000858,14:20:27,76.4900,12,4
2026-06-22,000858,14:20:30,76.4900,9,1
2026-06-22,000858,14:20:33,76.4800,5,2
2026-06-22,000858,14:20:36,76.4800,27,2
2026-06-22,000858,14:20:39,76.4800,38,2
2026-06-22,000858,14:20:42,76.4900,35,1
2026-06-22,000858,14:20:45,76.5000,23,1
2026-06-22,000858,14:20:48,76.4900,37,2
2026-06-22,000858,14:20:51,76.4900,23,1
2026-06-22,000858,14:20:54,76.4900,22,1
2026-06-22,000858,14:20:57,76.5000,54,1
2026-06-22,000858,14:21:00,76.5100,130,1
2026-06-22,000858,14:21:03,76.4800,106,2
2026-06-22,000858,14:21:06,76.4900,50,1
2026-06-22,000858,14:21:09,76.4900,3,1
2026-06-22,000858,14:21:12,76.4900,15,1
2026-06-22,000858,14:21:15,76.4900,2,1
2026-06-22,000858,14:21:18,76.4900,1,2
2026-06-22,000858,14:21:21,76.4800,30,2
2026-06-22,000858,14:21:24,76.4800,22,1
2026-06-22,000858,14:21:27,76.4700,8,1
2026-06-22,000858,14:21:30,76.4800,36,1
2026-06-22,000858,14:21:33,76.4700,116,4
2026-06-22,000858,14:21:36,76.4600,4,1
2026-06-22,000858,14:21:39,76.4500,48,4
2026-06-22,000858,14:21:42,76.4600,14,1
2026-06-22,000858,14:21:45,76.4400,22,2
2026-06-22,000858,14:21:48,76.4400,24,2
2026-06-22,000858,14:21:51,76.4400,19,2
2026-06-22,000858,14:21:54,76.4500,29,1
2026-06-22,000858,14:21:57,76.4500,85,1
2026-06-22,000858,14:22:00,76.4700,16,1
2026-06-22,000858,14:22:03,76.4900,31,1
2026-06-22,000858,14:22:06,76.4700,21,2
2026-06-22,000858,14:22:09,76.4800,26,4
2026-06-22,000858,14:22:12,76.4700,52,2
2026-06-22,000858,14:22:15,76.4700,5,2
2026-06-22,000858,14:22:18,76.5000,109,1
2026-06-22,000858,14:22:21,76.4800,32,2
2026-06-22,000858,14:22:24,76.5100,48,1
2026-06-22,000858,14:22:27,76.5000,29,4
2026-06-22,000858,14:22:30,76.5100,36,1
2026-06-22,000858,14:22:33,76.5000,20,2
2026-06-22,000858,14:22:36,76.5100,61,1
2026-06-22,000858,14:22:39,76.5200,6,1
2026-06-22,000858,14:22:42,76.5100,10,2
2026-06-22,000858,14:22:45,76.5100,31,1
2026-06-22,000858,14:22:48,76.5000,2,2
2026-06-22,000858,14:22:51,76.5200,4,1
2026-06-22,000858,14:22:54,76.5300,14,1
2026-06-22,000858,14:22:57,76.5100,15,2
2026-06-22,000858,14:23:00,76.5200,8,1
2026-06-22,000858,14:23:03,76.5200,15,1
2026-06-22,000858,14:23:06,76.5200,24,1
2026-06-22,000858,14:23:09,76.5200,8,1
2026-06-22,000858,14:23:12,76.5200,5,2
2026-06-22,000858,14:23:15,76.5300,3,1
2026-06-22,000858,14:23:18,76.5300,32,1
2026-06-22,000858,14:23:21,76.5300,45,1
2026-06-22,000858,14:23:24,76.5100,90,2
2026-06-22,000858,14:23:27,76.5100,112,1
2026-06-22,000858,14:23:30,76.5100,47,1
2026-06-22,000858,14:23:33,76.4500,7,2
2026-06-22,000858,14:23:36,76.4800,11,2
2026-06-22,000858,14:23:39,76.4500,7,2
2026-06-22,000858,14:23:42,76.4300,64,2
2026-06-22,000858,14:23:45,76.4300,281,2
2026-06-22,000858,14:23:51,76.4400,61,2
2026-06-22,000858,14:23:54,76.4500,23,1
2026-06-22,000858,14:23:57,76.4300,213,2
2026-06-22,000858,14:24:00,76.4300,67,2
2026-06-22,000858,14:24:03,76.4500,7,1
2026-06-22,000858,14:24:06,76.4500,99,1
2026-06-22,000858,14:24:09,76.4700,88,1
2026-06-22,000858,14:24:12,76.4900,41,1
2026-06-22,000858,14:24:15,76.4900,40,1
2026-06-22,000858,14:24:18,76.4900,13,1
2026-06-22,000858,14:24:21,76.4900,18,1
2026-06-22,000858,14:24:24,76.4600,3,2
2026-06-22,000858,14:24:27,76.4700,19,4
2026-06-22,000858,14:24:30,76.4600,21,2
2026-06-22,000858,14:24:33,76.4900,9,1
2026-06-22,000858,14:24:36,76.5000,15,1
2026-06-22,000858,14:24:39,76.4900,10,4
2026-06-22,000858,14:24:42,76.5000,17,1
2026-06-22,000858,14:24:45,76.5000,6,1
2026-06-22,000858,14:24:48,76.5000,2,1
2026-06-22,000858,14:24:51,76.5000,41,1
2026-06-22,000858,14:24:54,76.5000,10,1
2026-06-22,000858,14:24:57,76.5000,13,1
2026-06-22,000858,14:25:00,76.5100,1152,1
2026-06-22,000858,14:25:03,76.5100,14,2
2026-06-22,000858,14:25:06,76.5000,14,2
2026-06-22,000858,14:25:09,76.5100,1,2
2026-06-22,000858,14:25:12,76.5200,13,1
2026-06-22,000858,14:25:15,76.5100,30,2
2026-06-22,000858,14:25:18,76.5200,14,1
2026-06-22,000858,14:25:21,76.5000,7,4
2026-06-22,000858,14:25:24,76.5100,33,1
2026-06-22,000858,14:25:27,76.5100,10,1
2026-06-22,000858,14:25:30,76.5100,18,2
2026-06-22,000858,14:25:33,76.5200,6,1
2026-06-22,000858,14:25:36,76.5100,22,2
2026-06-22,000858,14:25:39,76.5100,17,2
2026-06-22,000858,14:25:42,76.5200,17,1
2026-06-22,000858,14:25:45,76.5100,25,2
2026-06-22,000858,14:25:48,76.5200,31,1
2026-06-22,000858,14:25:51,76.5200,15,4
2026-06-22,000858,14:25:57,76.5300,3,1
2026-06-22,000858,14:26:00,76.5200,21,2
2026-06-22,000858,14:26:03,76.5200,8,1
2026-06-22,000858,14:26:06,76.5100,55,2
2026-06-22,000858,14:26:09,76.5000,28,2
2026-06-22,000858,14:26:12,76.5100,303,1
2026-06-22,000858,14:26:15,76.5000,35,1
2026-06-22,000858,14:26:18,76.4700,39,2
2026-06-22,000858,14:26:21,76.5200,216,1
2026-06-22,000858,14:26:24,76.4900,6,1
2026-06-22,000858,14:26:27,76.4700,40,2
2026-06-22,000858,14:26:30,76.4600,4,2
2026-06-22,000858,14:26:33,76.4900,13,2
2026-06-22,000858,14:26:36,76.4900,94,2
2026-06-22,000858,14:26:39,76.4700,40,2
2026-06-22,000858,14:26:42,76.4600,24,2
2026-06-22,000858,14:26:45,76.4600,83,2
2026-06-22,000858,14:26:48,76.4300,52,2
2026-06-22,000858,14:26:51,76.4600,42,1
2026-06-22,000858,14:26:54,76.4300,22,1
2026-06-22,000858,14:26:57,76.4300,80,1
2026-06-22,000858,14:27:00,76.4300,28,2
2026-06-22,000858,14:27:03,76.4000,409,2
2026-06-22,000858,14:27:06,76.3900,79,2
2026-06-22,000858,14:27:09,76.4100,83,2
2026-06-22,000858,14:27:12,76.3900,75,2
2026-06-22,000858,14:27:15,76.4200,15,2
2026-06-22,000858,14:27:18,76.4000,48,2
2026-06-22,000858,14:27:21,76.4500,65,1
2026-06-22,000858,14:27:24,76.4100,226,2
2026-06-22,000858,14:27:27,76.4300,48,2
2026-06-22,000858,14:27:30,76.4400,7,4
2026-06-22,000858,14:27:33,76.4300,12,2
2026-06-22,000858,14:27:36,76.4300,41,1
2026-06-22,000858,14:27:39,76.4100,33,2
2026-06-22,000858,14:27:42,76.4100,22,1
2026-06-22,000858,14:27:45,76.4100,31,1
2026-06-22,000858,14:27:48,76.4100,24,2
2026-06-22,000858,14:27:51,76.4100,29,2
2026-06-22,000858,14:27:54,76.4100,14,2
2026-06-22,000858,14:27:57,76.4200,39,4
2026-06-22,000858,14:28:00,76.4000,69,2
2026-06-22,000858,14:28:03,76.4000,29,2
2026-06-22,000858,14:28:06,76.4000,127,2
2026-06-22,000858,14:28:09,76.4200,39,1
2026-06-22,000858,14:28:12,76.4200,12,2
2026-06-22,000858,14:28:15,76.4000,24,2
2026-06-22,000858,14:28:18,76.4000,153,2
2026-06-22,000858,14:28:21,76.4100,7,2
2026-06-22,000858,14:28:24,76.4200,40,1
2026-06-22,000858,14:28:27,76.4200,11,1
2026-06-22,000858,14:28:30,76.4100,11,2
2026-06-22,000858,14:28:36,76.4200,24,1
2026-06-22,000858,14:28:39,76.4200,13,1
2026-06-22,000858,14:28:42,76.4200,17,1
2026-06-22,000858,14:28:45,76.4200,13,1
2026-06-22,000858,14:28:48,76.4200,22,1
2026-06-22,000858,14:28:51,76.4100,34,4
2026-06-22,000858,14:28:54,76.4200,36,1
2026-06-22,000858,14:28:57,76.4200,25,1
2026-06-22,000858,14:29:00,76.3900,51,2
2026-06-22,000858,14:29:03,76.4200,75,2
2026-06-22,000858,14:29:06,76.4200,87,2
2026-06-22,000858,14:29:09,76.4100,60,1
2026-06-22,000858,14:29:12,76.4100,82,1
2026-06-22,000858,14:29:15,76.4100,47,2
2026-06-22,000858,14:29:18,76.4000,13,2
2026-06-22,000858,14:29:21,76.4000,6,2
2026-06-22,000858,14:29:24,76.4100,63,1
2026-06-22,000858,14:29:27,76.4000,19,4
2026-06-22,000858,14:29:30,76.4200,24,1
2026-06-22,000858,14:29:33,76.4000,8,2
2026-06-22,000858,14:29:36,76.4000,38,2
2026-06-22,000858,14:29:39,76.3900,28,2
2026-06-22,000858,14:29:42,76.3900,21,2
2026-06-22,000858,14:29:45,76.3900,15,2
2026-06-22,000858,14:29:48,76.3900,36,2
2026-06-22,000858,14:29:51,76.4000,13,1
2026-06-22,000858,14:29:54,76.3900,44,2
2026-06-22,000858,14:29:57,76.4000,45,1
2026-06-22,000858,14:30:00,76.4300,136,1
2026-06-22,000858,14:30:03,76.4400,33,1
2026-06-22,000858,14:30:06,76.4700,144,1
2026-06-22,000858,14:30:09,76.4900,26,1
2026-06-22,000858,14:30:12,76.4800,3,2
2026-06-22,000858,14:30:15,76.4900,23,1
2026-06-22,000858,14:30:18,76.4800,16,2
2026-06-22,000858,14:30:21,76.4700,7,2
2026-06-22,000858,14:30:24,76.4800,12,1
2026-06-22,000858,14:30:27,76.4700,11,2
2026-06-22,000858,14:30:30,76.4600,9,2
2026-06-22,000858,14:30:33,76.4600,2,2
2026-06-22,000858,14:30:36,76.4700,51,1
2026-06-22,000858,14:30:39,76.4700,32,1
2026-06-22,000858,14:30:42,76.4500,22,2
2026-06-22,000858,14:30:45,76.4500,27,2
2026-06-22,000858,14:30:48,76.4400,10,2
2026-06-22,000858,14:30:51,76.4500,6,4
2026-06-22,000858,14:30:54,76.4500,5,1
2026-06-22,000858,14:30:57,76.4300,22,2
2026-06-22,000858,14:31:00,76.4500,28,1
2026-06-22,000858,14:31:03,76.4400,10,1
2026-06-22,000858,14:31:06,76.4300,44,1
2026-06-22,000858,14:31:09,76.4300,22,1
2026-06-22,000858,14:31:12,76.4200,21,2
2026-06-22,000858,14:31:15,76.4300,27,2
2026-06-22,000858,14:31:18,76.4500,6,1
2026-06-22,000858,14:31:21,76.4400,27,2
2026-06-22,000858,14:31:24,76.4500,34,1
2026-06-22,000858,14:31:27,76.4600,28,1
2026-06-22,000858,14:31:30,76.4500,18,2
2026-06-22,000858,14:31:33,76.4600,16,2
2026-06-22,000858,14:31:36,76.4600,9,1
2026-06-22,000858,14:31:39,76.4600,283,1
2026-06-22,000858,14:31:42,76.4800,54,1
2026-06-22,000858,14:31:45,76.5000,78,1
2026-06-22,000858,14:31:48,76.4900,55,1
2026-06-22,000858,14:31:51,76.4800,2,2
2026-06-22,000858,14:31:54,76.5000,57,1
2026-06-22,000858,14:31:57,76.4800,16,4
2026-06-22,000858,14:32:00,76.4800,7,4
2026-06-22,000858,14:32:03,76.4600,42,2
2026-06-22,000858,14:32:06,76.4500,26,2
2026-06-22,000858,14:32:09,76.4800,5,1
2026-06-22,000858,14:32:12,76.4700,6,2
2026-06-22,000858,14:32:15,76.4700,5,2
2026-06-22,000858,14:32:18,76.4800,21,1
2026-06-22,000858,14:32:21,76.4900,7,1
2026-06-22,000858,14:32:24,76.4900,5,1
2026-06-22,000858,14:32:27,76.4800,14,2
2026-06-22,000858,14:32:30,76.4800,17,2
2026-06-22,000858,14:32:33,76.4900,127,1
2026-06-22,000858,14:32:36,76.4800,23,4
2026-06-22,000858,14:32:39,76.4800,32,1
2026-06-22,000858,14:32:42,76.4600,7,2
2026-06-22,000858,14:32:45,76.4600,16,1
2026-06-22,000858,14:32:48,76.4600,39,1
2026-06-22,000858,14:32:51,76.4500,23,2
2026-06-22,000858,14:32:54,76.4400,17,2
2026-06-22,000858,14:32:57,76.4400,15,2
2026-06-22,000858,14:33:00,76.4400,17,2
2026-06-22,000858,14:33:03,76.4300,13,2
2026-06-22,000858,14:33:06,76.4400,11,1
2026-06-22,000858,14:33:09,76.4200,129,2
2026-06-22,000858,14:33:12,76.4300,9,2
2026-06-22,000858,14:33:15,76.4200,151,2
2026-06-22,000858,14:33:18,76.4200,29,1
2026-06-22,000858,14:33:21,76.4000,82,2
2026-06-22,000858,14:33:24,76.4200,71,1
2026-06-22,000858,14:33:27,76.3800,51,2
2026-06-22,000858,14:33:30,76.3800,19,2
2026-06-22,000858,14:33:33,76.3800,22,2
2026-06-22,000858,14:33:36,76.3800,18,2
2026-06-22,000858,14:33:39,76.3800,21,2
2026-06-22,000858,14:33:42,76.3900,6,2
2026-06-22,000858,14:33:45,76.3900,34,2
2026-06-22,000858,14:33:48,76.3900,42,1
2026-06-22,000858,14:33:51,76.3900,12,1
2026-06-22,000858,14:33:54,76.3900,16,1
2026-06-22,000858,14:33:57,76.3800,25,2
2026-06-22,000858,14:34:00,76.3800,7,1
2026-06-22,000858,14:34:03,76.3600,30,2
2026-06-22,000858,14:34:06,76.3700,47,1
2026-06-22,000858,14:34:09,76.3700,114,1
2026-06-22,000858,14:34:12,76.3700,36,1
2026-06-22,000858,14:34:15,76.3600,22,2
2026-06-22,000858,14:34:18,76.3300,236,2
2026-06-22,000858,14:34:21,76.3500,18,1
2026-06-22,000858,14:34:24,76.3700,172,1
2026-06-22,000858,14:34:27,76.3600,50,2
2026-06-22,000858,14:34:30,76.3600,42,1
2026-06-22,000858,14:34:33,76.3700,42,1
2026-06-22,000858,14:34:36,76.3800,71,1
2026-06-22,000858,14:34:39,76.3700,55,2
2026-06-22,000858,14:34:42,76.3700,150,2
2026-06-22,000858,14:34:45,76.3900,19,1
2026-06-22,000858,14:34:48,76.3900,19,1
2026-06-22,000858,14:34:51,76.3900,4,1
2026-06-22,000858,14:34:54,76.3800,11,2
2026-06-22,000858,14:34:57,76.3900,48,1
2026-06-22,000858,14:35:00,76.4000,44,1
2026-06-22,000858,14:35:03,76.3800,19,2
2026-06-22,000858,14:35:06,76.3900,12,1
2026-06-22,000858,14:35:09,76.3800,16,2
2026-06-22,000858,14:35:12,76.3700,14,2
2026-06-22,000858,14:35:15,76.3700,7,2
2026-06-22,000858,14:35:18,76.3700,3,2
2026-06-22,000858,14:35:21,76.3700,11,2
2026-06-22,000858,14:35:24,76.3800,109,1
2026-06-22,000858,14:35:27,76.3700,16,2
2026-06-22,000858,14:35:30,76.3700,34,1
2026-06-22,000858,14:35:33,76.3400,33,2
2026-06-22,000858,14:35:36,76.3700,37,1
2026-06-22,000858,14:35:39,76.3400,55,2
2026-06-22,000858,14:35:42,76.3700,14,1
2026-06-22,000858,14:35:45,76.3500,12,2
2026-06-22,000858,14:35:48,76.3500,7,2
2026-06-22,000858,14:35:51,76.3600,18,4
2026-06-22,000858,14:35:54,76.3600,47,4
2026-06-22,000858,14:35:57,76.3800,47,1
2026-06-22,000858,14:36:00,76.3800,16,1
2026-06-22,000858,14:36:03,76.3900,13,1
2026-06-22,000858,14:36:06,76.3800,25,4
2026-06-22,000858,14:36:09,76.3800,23,2
2026-06-22,000858,14:36:12,76.3600,17,2
2026-06-22,000858,14:36:15,76.3800,3,1
2026-06-22,000858,14:36:18,76.3800,24,1
2026-06-22,000858,14:36:21,76.3600,44,2
2026-06-22,000858,14:36:24,76.3600,104,2
2026-06-22,000858,14:36:27,76.3600,27,1
2026-06-22,000858,14:36:30,76.3600,17,2
2026-06-22,000858,14:36:33,76.3600,14,2
2026-06-22,000858,14:36:36,76.3500,17,2
2026-06-22,000858,14:36:39,76.3600,2,4
2026-06-22,000858,14:36:42,76.3500,11,2
2026-06-22,000858,14:36:45,76.3500,205,2
2026-06-22,000858,14:36:48,76.3500,57,1
2026-06-22,000858,14:36:51,76.3500,50,1
2026-06-22,000858,14:36:54,76.3500,119,1
2026-06-22,000858,14:36:57,76.3500,72,2
2026-06-22,000858,14:37:00,76.3500,44,2
2026-06-22,000858,14:37:03,76.3500,44,1
2026-06-22,000858,14:37:06,76.3300,98,2
2026-06-22,000858,14:37:09,76.3300,23,4
2026-06-22,000858,14:37:12,76.3100,39,2
2026-06-22,000858,14:37:15,76.3300,30,1
2026-06-22,000858,14:37:18,76.3300,25,2
2026-06-22,000858,14:37:21,76.3500,33,1
2026-06-22,000858,14:37:24,76.3400,35,1
2026-06-22,000858,14:37:27,76.3300,31,4
2026-06-22,000858,14:37:30,76.3200,10,2
2026-06-22,000858,14:37:33,76.3300,19,2
2026-06-22,000858,14:37:36,76.3400,17,4
2026-06-22,000858,14:37:39,76.3300,32,2
2026-06-22,000858,14:37:42,76.3300,19,2
2026-06-22,000858,14:37:45,76.3800,197,1
2026-06-22,000858,14:37:48,76.3900,140,1
2026-06-22,000858,14:37:51,76.4100,94,1
2026-06-22,000858,14:37:54,76.4100,26,1
2026-06-22,000858,14:37:57,76.4200,44,1
2026-06-22,000858,14:38:00,76.4100,34,2
2026-06-22,000858,14:38:03,76.3900,29,2
2026-06-22,000858,14:38:06,76.4000,16,4
2026-06-22,000858,14:38:09,76.4000,50,4
2026-06-22,000858,14:38:12,76.3900,60,2
2026-06-22,000858,14:38:15,76.4000,8,1
2026-06-22,000858,14:38:18,76.3900,13,2
2026-06-22,000858,14:38:21,76.3800,3,2
2026-06-22,000858,14:38:24,76.4000,35,1
2026-06-22,000858,14:38:27,76.4100,35,1
2026-06-22,000858,14:38:30,76.3900,19,2
2026-06-22,000858,14:38:33,76.4100,28,1
2026-06-22,000858,14:38:36,76.4000,19,2
2026-06-22,000858,14:38:39,76.4000,28,2
2026-06-22,000858,14:38:42,76.3900,68,2
2026-06-22,000858,14:38:45,76.3800,48,2
2026-06-22,000858,14:38:48,76.3900,20,1
2026-06-22,000858,14:38:51,76.3600,23,2
2026-06-22,000858,14:38:54,76.3700,29,4
2026-06-22,000858,14:38:57,76.3500,45,2
2026-06-22,000858,14:39:00,76.3800,32,1
2026-06-22,000858,14:39:03,76.3800,23,1
2026-06-22,000858,14:39:06,76.3700,23,4
2026-06-22,000858,14:39:09,76.3900,29,1
2026-06-22,000858,14:39:12,76.4100,141,1
2026-06-22,000858,14:39:15,76.4200,238,1
2026-06-22,000858,14:39:18,76.4200,9,2
2026-06-22,000858,14:39:21,76.4300,5,2
2026-06-22,000858,14:39:24,76.4400,53,1
2026-06-22,000858,14:39:27,76.4400,21,1
2026-06-22,000858,14:39:30,76.4400,26,1
2026-06-22,000858,14:39:33,76.4400,12,1
2026-06-22,000858,14:39:36,76.4400,27,2
2026-06-22,000858,14:39:39,76.4500,23,1
2026-06-22,000858,14:39:42,76.4300,8,2
2026-06-22,000858,14:39:45,76.4300,181,2
2026-06-22,000858,14:39:48,76.4400,21,2
2026-06-22,000858,14:39:51,76.4400,49,2
2026-06-22,000858,14:39:54,76.4400,37,2
2026-06-22,000858,14:39:57,76.4400,33,2
2026-06-22,000858,14:40:00,76.4500,28,1
2026-06-22,000858,14:40:03,76.4500,35,4
2026-06-22,000858,14:40:06,76.4700,38,1
2026-06-22,000858,14:40:09,76.4800,121,1
2026-06-22,000858,14:40:12,76.4500,74,2
2026-06-22,000858,14:40:15,76.4700,12,1
2026-06-22,000858,14:40:18,76.5000,352,1
2026-06-22,000858,14:40:21,76.4900,76,2
2026-06-22,000858,14:40:24,76.5100,5,1
2026-06-22,000858,14:40:27,76.5200,48,1
2026-06-22,000858,14:40:30,76.5300,47,1
2026-06-22,000858,14:40:33,76.5300,11,1
2026-06-22,000858,14:40:36,76.5100,22,2
2026-06-22,000858,14:40:39,76.5300,10,1
2026-06-22,000858,14:40:42,76.5100,49,2
2026-06-22,000858,14:40:45,76.5300,36,1
2026-06-22,000858,14:40:48,76.5100,22,2
2026-06-22,000858,14:40:51,76.5000,41,2
2026-06-22,000858,14:40:54,76.5000,37,2
2026-06-22,000858,14:40:57,76.5000,15,2
2026-06-22,000858,14:41:00,76.5100,7,1
2026-06-22,000858,14:41:03,76.5100,48,1
2026-06-22,000858,14:41:06,76.5100,21,2
2026-06-22,000858,14:41:09,76.4900,88,2
2026-06-22,000858,14:41:12,76.5200,76,1
2026-06-22,000858,14:41:15,76.5200,10,1
2026-06-22,000858,14:41:18,76.5100,26,1
2026-06-22,000858,14:41:21,76.5300,28,1
2026-06-22,000858,14:41:24,76.5600,130,1
2026-06-22,000858,14:41:27,76.5600,27,2
2026-06-22,000858,14:41:30,76.5600,10,2
2026-06-22,000858,14:41:33,76.5700,42,1
2026-06-22,000858,14:41:36,76.5500,39,2
2026-06-22,000858,14:41:39,76.5500,81,2
2026-06-22,000858,14:41:42,76.5300,55,2
2026-06-22,000858,14:41:45,76.5500,34,1
2026-06-22,000858,14:41:48,76.5300,33,2
2026-06-22,000858,14:41:51,76.5300,14,1
2026-06-22,000858,14:41:54,76.5300,6,1
2026-06-22,000858,14:41:57,76.5300,20,1
2026-06-22,000858,14:42:00,76.5300,21,1
2026-06-22,000858,14:42:03,76.5300,43,1
2026-06-22,000858,14:42:06,76.5300,21,2
2026-06-22,000858,14:42:09,76.5400,11,2
2026-06-22,000858,14:42:12,76.5400,14,4
2026-06-22,000858,14:42:15,76.5400,19,1
2026-06-22,000858,14:42:18,76.5300,16,2
2026-06-22,000858,14:42:21,76.5500,23,1
2026-06-22,000858,14:42:24,76.5500,24,2
2026-06-22,000858,14:42:27,76.5500,15,2
2026-06-22,000858,14:42:30,76.5400,112,2
2026-06-22,000858,14:42:33,76.5600,14,1
2026-06-22,000858,14:42:36,76.5500,9,2
2026-06-22,000858,14:42:39,76.5500,16,2
2026-06-22,000858,14:42:42,76.5400,21,2
2026-06-22,000858,14:42:45,76.5400,9,2
2026-06-22,000858,14:42:48,76.5400,29,2
2026-06-22,000858,14:42:51,76.5500,69,1
2026-06-22,000858,14:42:54,76.5600,16,1
2026-06-22,000858,14:42:57,76.5500,16,2
2026-06-22,000858,14:43:00,76.5500,31,2
2026-06-22,000858,14:43:03,76.5500,14,2
2026-06-22,000858,14:43:06,76.5400,11,2
2026-06-22,000858,14:43:09,76.5500,12,1
2026-06-22,000858,14:43:12,76.5500,127,1
2026-06-22,000858,14:43:15,76.5500,30,2
2026-06-22,000858,14:43:18,76.5500,13,2
2026-06-22,000858,14:43:21,76.5500,33,2
2026-06-22,000858,14:43:24,76.5500,33,1
2026-06-22,000858,14:43:27,76.5400,51,2
2026-06-22,000858,14:43:30,76.5300,58,2
2026-06-22,000858,14:43:33,76.5300,23,1
2026-06-22,000858,14:43:36,76.5000,10,2
2026-06-22,000858,14:43:39,76.5100,72,4
2026-06-22,000858,14:43:42,76.5100,29,2
2026-06-22,000858,14:43:45,76.5100,24,2
2026-06-22,000858,14:43:48,76.5000,23,2
2026-06-22,000858,14:43:51,76.5000,66,2
2026-06-22,000858,14:43:54,76.5000,245,1
2026-06-22,000858,14:43:57,76.5000,111,1
2026-06-22,000858,14:44:00,76.5300,81,1
2026-06-22,000858,14:44:03,76.5000,46,2
2026-06-22,000858,14:44:06,76.5100,8,2
2026-06-22,000858,14:44:09,76.5100,41,1
2026-06-22,000858,14:44:12,76.5000,93,2
2026-06-22,000858,14:44:15,76.5000,15,2
2026-06-22,000858,14:44:18,76.5200,46,1
2026-06-22,000858,14:44:21,76.5100,45,2
2026-06-22,000858,14:44:24,76.5100,23,2
2026-06-22,000858,14:44:27,76.5200,22,2
2026-06-22,000858,14:44:30,76.5300,64,1
2026-06-22,000858,14:44:33,76.5300,42,1
2026-06-22,000858,14:44:36,76.5200,27,2
2026-06-22,000858,14:44:39,76.5300,39,1
2026-06-22,000858,14:44:42,76.5400,51,1
2026-06-22,000858,14:44:45,76.5300,33,1
2026-06-22,000858,14:44:48,76.5300,30,2
2026-06-22,000858,14:44:51,76.5400,163,1
2026-06-22,000858,14:44:54,76.5200,79,2
2026-06-22,000858,14:44:57,76.5200,45,2
2026-06-22,000858,14:45:00,76.5600,233,1
2026-06-22,000858,14:45:03,76.5600,37,1
2026-06-22,000858,14:45:06,76.5400,13,2
2026-06-22,000858,14:45:09,76.5300,138,2
2026-06-22,000858,14:45:12,76.5600,53,1
2026-06-22,000858,14:45:15,76.5500,34,1
2026-06-22,000858,14:45:18,76.5200,51,2
2026-06-22,000858,14:45:21,76.5300,48,2
2026-06-22,000858,14:45:24,76.5400,17,1
2026-06-22,000858,14:45:27,76.5500,8,1
2026-06-22,000858,14:45:30,76.5500,10,1
2026-06-22,000858,14:45:33,76.5400,27,2
2026-06-22,000858,14:45:36,76.5400,16,2
2026-06-22,000858,14:45:39,76.5500,17,1
2026-06-22,000858,14:45:42,76.5400,18,4
2026-06-22,000858,14:45:45,76.5300,67,2
2026-06-22,000858,14:45:48,76.5200,16,2
2026-06-22,000858,14:45:51,76.5400,31,1
2026-06-22,000858,14:45:54,76.5400,4,1
2026-06-22,000858,14:45:57,76.5300,43,4
2026-06-22,000858,14:46:00,76.5400,77,4
2026-06-22,000858,14:46:03,76.5400,59,1
2026-06-22,000858,14:46:06,76.5600,226,1
2026-06-22,000858,14:46:09,76.5600,67,1
2026-06-22,000858,14:46:12,76.5300,169,2
2026-06-22,000858,14:46:15,76.5500,123,1
2026-06-22,000858,14:46:18,76.5600,37,2
2026-06-22,000858,14:46:21,76.5600,63,4
2026-06-22,000858,14:46:24,76.5600,26,1
2026-06-22,000858,14:46:27,76.5600,106,1
2026-06-22,000858,14:46:30,76.5500,35,2
2026-06-22,000858,14:46:33,76.5600,28,2
2026-06-22,000858,14:46:36,76.5700,30,1
2026-06-22,000858,14:46:39,76.5600,235,2
2026-06-22,000858,14:46:42,76.5600,68,2
2026-06-22,000858,14:46:45,76.5700,64,1
2026-06-22,000858,14:46:48,76.5600,48,2
2026-06-22,000858,14:46:51,76.5600,61,2
2026-06-22,000858,14:46:54,76.5600,57,2
2026-06-22,000858,14:46:57,76.5700,30,1
2026-06-22,000858,14:47:00,76.5700,37,1
2026-06-22,000858,14:47:03,76.5600,65,2
2026-06-22,000858,14:47:06,76.5700,147,1
2026-06-22,000858,14:47:09,76.5700,42,2
2026-06-22,000858,14:47:12,76.5700,19,1
2026-06-22,000858,14:47:15,76.5500,32,2
2026-06-22,000858,14:47:18,76.5600,203,2
2026-06-22,000858,14:47:21,76.5600,15,1
2026-06-22,000858,14:47:24,76.5500,33,4
2026-06-22,000858,14:47:27,76.5700,169,1
2026-06-22,000858,14:47:30,76.5500,28,2
2026-06-22,000858,14:47:33,76.5300,10,2
2026-06-22,000858,14:47:36,76.5300,11,2
2026-06-22,000858,14:47:39,76.5400,51,1
2026-06-22,000858,14:47:42,76.5400,26,1
2026-06-22,000858,14:47:45,76.5300,6,2
2026-06-22,000858,14:47:48,76.5300,11,2
2026-06-22,000858,14:47:51,76.5300,33,1
2026-06-22,000858,14:47:54,76.5300,48,1
2026-06-22,000858,14:47:57,76.5300,31,2
2026-06-22,000858,14:48:00,76.5300,11,2
2026-06-22,000858,14:48:03,76.5400,54,1
2026-06-22,000858,14:48:06,76.5400,14,2
2026-06-22,000858,14:48:09,76.5400,14,2
2026-06-22,000858,14:48:12,76.5400,50,2
2026-06-22,000858,14:48:15,76.5400,13,1
2026-06-22,000858,14:48:18,76.5300,47,2
2026-06-22,000858,14:48:21,76.5300,39,2
2026-06-22,000858,14:48:24,76.5300,26,2
2026-06-22,000858,14:48:27,76.5400,30,1
2026-06-22,000858,14:48:30,76.5600,111,1
2026-06-22,000858,14:48:33,76.5600,126,1
2026-06-22,000858,14:48:36,76.5700,28,1
2026-06-22,000858,14:48:39,76.5600,17,2
2026-06-22,000858,14:48:42,76.5500,20,2
2026-06-22,000858,14:48:45,76.5600,19,1
2026-06-22,000858,14:48:48,76.5600,45,1
2026-06-22,000858,14:48:51,76.5500,48,2
2026-06-22,000858,14:48:54,76.5500,154,1
2026-06-22,000858,14:48:57,76.5400,7,1
2026-06-22,000858,14:49:00,76.5300,17,4
2026-06-22,000858,14:49:03,76.5300,117,2
2026-06-22,000858,14:49:06,76.5300,192,2
2026-06-22,000858,14:49:09,76.5200,65,2
2026-06-22,000858,14:49:12,76.5300,56,1
2026-06-22,000858,14:49:15,76.5100,107,2
2026-06-22,000858,14:49:18,76.5300,29,1
2026-06-22,000858,14:49:21,76.5300,43,1
2026-06-22,000858,14:49:24,76.5500,60,1
2026-06-22,000858,14:49:27,76.5500,37,1
2026-06-22,000858,14:49:30,76.5400,122,2
2026-06-22,000858,14:49:33,76.5600,20,1
2026-06-22,000858,14:49:36,76.5600,12,2
2026-06-22,000858,14:49:39,76.5600,124,1
2026-06-22,000858,14:49:42,76.5900,200,1
2026-06-22,000858,14:49:45,76.5900,15,1
2026-06-22,000858,14:49:48,76.5900,246,1
2026-06-22,000858,14:49:51,76.5900,4,1
2026-06-22,000858,14:49:54,76.5900,24,1
2026-06-22,000858,14:49:57,76.5900,26,1
2026-06-22,000858,14:50:00,76.5900,58,1
2026-06-22,000858,14:50:03,76.5800,51,1
2026-06-22,000858,14:50:06,76.5900,43,1
2026-06-22,000858,14:50:09,76.5800,53,1
2026-06-22,000858,14:50:12,76.5800,43,1
2026-06-22,000858,14:50:15,76.6000,173,1
2026-06-22,000858,14:50:18,76.6000,27,1
2026-06-22,000858,14:50:21,76.6000,339,1
2026-06-22,000858,14:50:24,76.6000,71,2
2026-06-22,000858,14:50:27,76.6000,119,4
2026-06-22,000858,14:50:30,76.6400,51,1
2026-06-22,000858,14:50:33,76.6400,74,1
2026-06-22,000858,14:50:36,76.6300,108,1
2026-06-22,000858,14:50:39,76.6300,12,1
2026-06-22,000858,14:50:42,76.6600,602,1
2026-06-22,000858,14:50:45,76.6100,429,2
2026-06-22,000858,14:50:48,76.6500,21,1
2026-06-22,000858,14:50:51,76.6100,12,2
2026-06-22,000858,14:50:54,76.6100,49,2
2026-06-22,000858,14:50:57,76.6500,48,1
2026-06-22,000858,14:51:00,76.6200,51,2
2026-06-22,000858,14:51:03,76.6200,40,2
2026-06-22,000858,14:51:06,76.6200,109,2
2026-06-22,000858,14:51:09,76.6500,54,1
2026-06-22,000858,14:51:12,76.6200,60,2
2026-06-22,000858,14:51:15,76.6000,22,2
2026-06-22,000858,14:51:18,76.6500,103,1
2026-06-22,000858,14:51:21,76.6200,32,2
2026-06-22,000858,14:51:24,76.6200,32,2
2026-06-22,000858,14:51:27,76.6400,19,1
2026-06-22,000858,14:51:30,76.6200,23,2
2026-06-22,000858,14:51:33,76.6500,27,1
2026-06-22,000858,14:51:36,76.6500,49,1
2026-06-22,000858,14:51:39,76.6400,59,2
2026-06-22,000858,14:51:42,76.6400,39,2
2026-06-22,000858,14:51:45,76.6400,34,2
2026-06-22,000858,14:51:48,76.6400,41,1
2026-06-22,000858,14:51:51,76.6400,137,2
2026-06-22,000858,14:51:54,76.6400,47,1
2026-06-22,000858,14:51:57,76.6500,83,1
2026-06-22,000858,14:52:00,76.6500,57,1
2026-06-22,000858,14:52:03,76.6500,82,2
2026-06-22,000858,14:52:06,76.6500,51,2
2026-06-22,000858,14:52:09,76.6600,52,1
2026-06-22,000858,14:52:12,76.6500,52,2
2026-06-22,000858,14:52:15,76.6500,63,2
2026-06-22,000858,14:52:18,76.6600,35,1
2026-06-22,000858,14:52:21,76.6600,52,2
2026-06-22,000858,14:52:24,76.6500,44,2
2026-06-22,000858,14:52:27,76.6600,45,1
2026-06-22,000858,14:52:30,76.6500,58,2
2026-06-22,000858,14:52:33,76.6500,62,1
2026-06-22,000858,14:52:36,76.6400,118,2
2026-06-22,000858,14:52:39,76.6400,54,2
2026-06-22,000858,14:52:42,76.6500,81,1
2026-06-22,000858,14:52:45,76.6500,15,2
2026-06-22,000858,14:52:48,76.6400,22,2
2026-06-22,000858,14:52:51,76.6500,10,1
2026-06-22,000858,14:52:54,76.6500,36,1
2026-06-22,000858,14:52:57,76.6400,72,2
2026-06-22,000858,14:53:00,76.6500,13,1
2026-06-22,000858,14:53:03,76.6400,21,2
2026-06-22,000858,14:53:06,76.6400,202,2
2026-06-22,000858,14:53:09,76.6300,58,2
2026-06-22,000858,14:53:12,76.6400,16,4
2026-06-22,000858,14:53:15,76.6300,84,2
2026-06-22,000858,14:53:18,76.6300,10,1
2026-06-22,000858,14:53:21,76.6400,16,1
2026-06-22,000858,14:53:24,76.6300,34,2
2026-06-22,000858,14:53:27,76.6300,23,2
2026-06-22,000858,14:53:30,76.6300,67,2
2026-06-22,000858,14:53:33,76.6400,88,1
2026-06-22,000858,14:53:36,76.6400,27,1
2026-06-22,000858,14:53:39,76.6300,57,2
2026-06-22,000858,14:53:42,76.6400,23,1
2026-06-22,000858,14:53:45,76.6300,33,2
2026-06-22,000858,14:53:48,76.6300,546,1
2026-06-22,000858,14:53:51,76.6300,131,2
2026-06-22,000858,14:53:54,76.6300,103,2
2026-06-22,000858,14:53:57,76.6700,674,1
2026-06-22,000858,14:54:00,76.6700,145,2
2026-06-22,000858,14:54:03,76.6700,117,1
2026-06-22,000858,14:54:06,76.6200,51,2
2026-06-22,000858,14:54:09,76.6300,118,2
2026-06-22,000858,14:54:12,76.6200,106,2
2026-06-22,000858,14:54:15,76.6300,97,4
2026-06-22,000858,14:54:18,76.6400,26,4
2026-06-22,000858,14:54:21,76.6300,36,2
2026-06-22,000858,14:54:24,76.6300,68,1
2026-06-22,000858,14:54:27,76.6300,22,1
2026-06-22,000858,14:54:30,76.6200,66,2
2026-06-22,000858,14:54:33,76.6400,38,1
2026-06-22,000858,14:54:36,76.6200,17,2
2026-06-22,000858,14:54:39,76.6300,40,1
2026-06-22,000858,14:54:42,76.6200,26,2
2026-06-22,000858,14:54:45,76.6300,85,1
2026-06-22,000858,14:54:48,76.6300,374,2
2026-06-22,000858,14:54:51,76.6300,33,1
2026-06-22,000858,14:54:54,76.6300,23,2
2026-06-22,000858,14:54:57,76.6400,14,1
2026-06-22,000858,14:55:00,76.6400,85,1
2026-06-22,000858,14:55:03,76.6400,58,1
2026-06-22,000858,14:55:06,76.6300,160,2
2026-06-22,000858,14:55:09,76.6300,26,1
2026-06-22,000858,14:55:12,76.6200,124,2
2026-06-22,000858,14:55:15,76.6200,57,1
2026-06-22,000858,14:55:18,76.6200,26,1
2026-06-22,000858,14:55:21,76.6200,104,1
2026-06-22,000858,14:55:24,76.6200,94,2
2026-06-22,000858,14:55:27,76.6200,44,2
2026-06-22,000858,14:55:30,76.6100,104,2
2026-06-22,000858,14:55:33,76.6200,213,1
2026-06-22,000858,14:55:36,76.6200,134,1
2026-06-22,000858,14:55:39,76.6100,47,2
2026-06-22,000858,14:55:42,76.6300,16,1
2026-06-22,000858,14:55:45,76.6100,60,2
2026-06-22,000858,14:55:48,76.6100,24,1
2026-06-22,000858,14:55:51,76.6100,22,2
2026-06-22,000858,14:55:54,76.6200,16,1
2026-06-22,000858,14:55:57,76.6200,160,1
2026-06-22,000858,14:56:00,76.6200,38,1
2026-06-22,000858,14:56:03,76.6200,124,1
2026-06-22,000858,14:56:06,76.6100,333,2
2026-06-22,000858,14:56:09,76.6200,53,1
2026-06-22,000858,14:56:12,76.6100,167,2
2026-06-22,000858,14:56:15,76.6200,33,1
2026-06-22,000858,14:56:18,76.6200,634,1
2026-06-22,000858,14:56:21,76.6200,115,2
2026-06-22,000858,14:56:24,76.6200,163,2
2026-06-22,000858,14:56:27,76.6200,74,2
2026-06-22,000858,14:56:30,76.6300,53,1
2026-06-22,000858,14:56:33,76.6300,127,1
2026-06-22,000858,14:56:36,76.6200,61,2
2026-06-22,000858,14:56:39,76.6200,54,1
2026-06-22,000858,14:56:42,76.6100,151,2
2026-06-22,000858,14:56:45,76.6300,32,1
2026-06-22,000858,14:56:48,76.6200,34,2
2026-06-22,000858,14:56:51,76.6200,82,2
2026-06-22,000858,14:56:54,76.6200,94,1
2026-06-22,000858,14:56:57,76.6200,114,1
2026-06-22,000858,14:57:00,76.6200,28,2
2026-06-22,000858,15:00:03,76.5500,2407,4
2026-06-22,000858,13:16:48,76.1700,5,2
2026-06-22,000858,13:16:51,76.1700,45,1
2026-06-22,000858,13:16:54,76.1800,9,1
2026-06-22,000858,13:16:57,76.1700,24,2
2026-06-22,000858,13:17:00,76.1800,20,1
2026-06-22,000858,13:17:03,76.2400,687,1
2026-06-22,000858,13:17:06,76.2300,75,2
2026-06-22,000858,13:17:09,76.2400,25,4
2026-06-22,000858,13:17:12,76.2500,175,1
2026-06-22,000858,13:17:15,76.2600,55,2
2026-06-22,000858,13:17:18,76.2700,27,1
2026-06-22,000858,13:17:21,76.2700,60,1
2026-06-22,000858,13:17:24,76.2700,103,1
2026-06-22,000858,13:17:27,76.2700,44,1
2026-06-22,000858,13:17:30,76.2600,98,4
2026-06-22,000858,13:17:33,76.2400,35,2
2026-06-22,000858,13:17:36,76.2600,41,1
2026-06-22,000858,13:17:39,76.2500,80,2
2026-06-22,000858,13:17:42,76.2600,33,1
2026-06-22,000858,13:17:45,76.2600,52,1
2026-06-22,000858,13:17:48,76.2500,112,2
2026-06-22,000858,13:17:51,76.2700,82,1
2026-06-22,000858,13:17:54,76.2500,105,2
2026-06-22,000858,13:17:57,76.2500,44,2
2026-06-22,000858,13:18:00,76.2500,23,2
2026-06-22,000858,13:18:03,76.2500,70,2
2026-06-22,000858,13:18:06,76.2500,57,2
2026-06-22,000858,13:18:09,76.2500,40,2
2026-06-22,000858,13:18:12,76.2600,52,1
2026-06-22,000858,13:18:15,76.2300,43,2
2026-06-22,000858,13:18:18,76.2300,19,2
2026-06-22,000858,13:18:21,76.2300,54,2
2026-06-22,000858,13:18:24,76.2200,118,2
2026-06-22,000858,13:18:27,76.2200,30,2
2026-06-22,000858,13:18:30,76.2100,36,2
2026-06-22,000858,13:18:33,76.2000,28,2
2026-06-22,000858,13:18:36,76.1900,55,2
2026-06-22,000858,13:18:39,76.1900,16,2
2026-06-22,000858,13:18:42,76.1900,11,2
2026-06-22,000858,13:18:45,76.1700,38,2
2026-06-22,000858,13:18:48,76.1700,29,2
2026-06-22,000858,13:18:51,76.1700,225,2
2026-06-22,000858,13:18:54,76.1600,31,2
2026-06-22,000858,13:18:57,76.1700,451,1
2026-06-22,000858,13:19:00,76.1900,379,1
2026-06-22,000858,13:19:03,76.1500,71,2
2026-06-22,000858,13:19:06,76.1700,38,4
2026-06-22,000858,13:19:09,76.1800,12,2
2026-06-22,000858,13:19:12,76.1600,109,2
2026-06-22,000858,13:19:15,76.1600,27,2
2026-06-22,000858,13:19:18,76.1700,44,1
2026-06-22,000858,13:19:21,76.1700,6,2
2026-06-22,000858,13:19:24,76.1700,8,1
2026-06-22,000858,13:19:27,76.1600,165,2
2026-06-22,000858,13:19:30,76.1600,45,2
2026-06-22,000858,13:19:33,76.1600,28,2
2026-06-22,000858,13:19:36,76.1900,78,1
2026-06-22,000858,13:19:39,76.2000,12,1
2026-06-22,000858,13:19:42,76.2000,45,4
2026-06-22,000858,13:19:45,76.2000,44,2
2026-06-22,000858,13:19:48,76.1900,37,2
2026-06-22,000858,13:19:51,76.1900,24,2
2026-06-22,000858,13:19:54,76.2000,138,1
2026-06-22,000858,13:19:57,76.1900,88,2
2026-06-22,000858,13:20:00,76.1800,88,2
2026-06-22,000858,13:20:03,76.1800,44,1
2026-06-22,000858,13:20:06,76.1800,28,1
2026-06-22,000858,13:20:09,76.1800,26,2
2026-06-22,000858,13:20:12,76.1900,29,1
2026-06-22,000858,13:20:15,76.1900,25,1
2026-06-22,000858,13:20:18,76.1900,293,1
2026-06-22,000858,13:20:21,76.2100,79,1
2026-06-22,000858,13:20:24,76.2200,26,1
2026-06-22,000858,13:20:27,76.2200,22,1
2026-06-22,000858,13:20:30,76.2100,43,2
2026-06-22,000858,13:20:33,76.2100,24,1
2026-06-22,000858,13:20:36,76.2100,19,1
2026-06-22,000858,13:20:39,76.2100,10,1
2026-06-22,000858,13:20:42,76.2000,30,2
2026-06-22,000858,13:20:45,76.1800,34,2
2026-06-22,000858,13:20:48,76.1800,34,2
2026-06-22,000858,13:20:51,76.1800,15,1
2026-06-22,000858,13:20:54,76.1800,46,1
2026-06-22,000858,13:20:57,76.1700,29,2
2026-06-22,000858,13:21:00,76.1900,17,1
2026-06-22,000858,13:21:03,76.1800,13,2
2026-06-22,000858,13:21:06,76.1900,25,1
2026-06-22,000858,13:21:09,76.1800,24,1
2026-06-22,000858,13:21:12,76.1900,161,1
2026-06-22,000858,13:21:15,76.2000,96,1
2026-06-22,000858,13:21:18,76.2100,141,1
2026-06-22,000858,13:21:21,76.2300,40,1
2026-06-22,000858,13:21:24,76.2500,183,1
2026-06-22,000858,13:21:27,76.2600,102,1
2026-06-22,000858,13:21:30,76.2600,34,1
2026-06-22,000858,13:21:33,76.2600,30,1
2026-06-22,000858,13:21:36,76.2500,34,2
2026-06-22,000858,13:21:39,76.2600,73,1
2026-06-22,000858,13:21:42,76.2500,26,2
2026-06-22,000858,13:21:45,76.2500,31,1
2026-06-22,000858,13:21:48,76.2500,16,1
2026-06-22,000858,13:21:51,76.2400,21,2
2026-06-22,000858,13:21:54,76.2400,28,1
2026-06-22,000858,13:21:57,76.2300,58,2
2026-06-22,000858,13:22:00,76.2200,84,2
2026-06-22,000858,13:22:03,76.2300,11,1
2026-06-22,000858,13:22:06,76.2300,19,2
2026-06-22,000858,13:22:09,76.2300,5,1
2026-06-22,000858,13:22:12,76.2300,31,1
2026-06-22,000858,13:22:15,76.2300,39,1
2026-06-22,000858,13:22:18,76.2300,12,2
2026-06-22,000858,13:22:21,76.2300,110,2
2026-06-22,000858,13:22:24,76.2300,5,1
2026-06-22,000858,13:22:27,76.2200,23,2
2026-06-22,000858,13:22:30,76.2200,29,2
2026-06-22,000858,13:22:33,76.2200,57,2
2026-06-22,000858,13:22:36,76.2100,39,2
2026-06-22,000858,13:22:39,76.2100,25,2
2026-06-22,000858,13:22:42,76.2100,123,1
2026-06-22,000858,13:22:45,76.2000,28,2
2026-06-22,000858,13:22:48,76.2300,29,1
2026-06-22,000858,13:22:51,76.2300,161,1
2026-06-22,000858,13:22:54,76.2300,22,2
2026-06-22,000858,13:22:57,76.2300,26,2
2026-06-22,000858,13:23:00,76.2300,52,2
2026-06-22,000858,13:23:03,76.2300,18,2
2026-06-22,000858,13:23:06,76.3000,1108,1
2026-06-22,000858,13:23:09,76.3300,49,1
2026-06-22,000858,13:23:12,76.3400,58,1
2026-06-22,000858,13:23:15,76.3500,233,1
2026-06-22,000858,13:23:18,76.3600,245,1
2026-06-22,000858,13:23:21,76.3800,223,1
2026-06-22,000858,13:23:24,76.3800,176,1
2026-06-22,000858,13:23:27,76.3800,98,1
2026-06-22,000858,13:23:30,76.4000,525,1
2026-06-22,000858,13:23:33,76.5000,847,1
2026-06-22,000858,13:23:36,76.4500,147,2
2026-06-22,000858,13:23:39,76.4400,76,1
2026-06-22,000858,13:23:42,76.4400,81,2
2026-06-22,000858,13:23:45,76.4000,66,2
2026-06-22,000858,13:23:48,76.4500,48,1
2026-06-22,000858,13:23:51,76.5000,54,1
2026-06-22,000858,13:23:54,76.4900,33,1
2026-06-22,000858,13:23:57,76.4900,70,1
2026-06-22,000858,13:24:00,76.4900,115,1
2026-06-22,000858,13:24:03,76.4900,37,2
2026-06-22,000858,13:24:06,76.5100,251,1
2026-06-22,000858,13:24:09,76.5200,48,1
2026-06-22,000858,13:24:12,76.5100,177,2
2026-06-22,000858,13:24:15,76.5000,72,2
2026-06-22,000858,13:24:18,76.5100,39,1
2026-06-22,000858,13:24:21,76.5100,87,1
2026-06-22,000858,13:24:24,76.5100,79,2
2026-06-22,000858,13:24:27,76.5300,53,1
2026-06-22,000858,13:24:30,76.5400,112,1
2026-06-22,000858,13:24:33,76.5600,132,1
2026-06-22,000858,13:24:36,76.6200,1647,1
2026-06-22,000858,13:24:39,76.6600,130,1
2026-06-22,000858,13:24:42,76.6800,106,1
2026-06-22,000858,13:24:45,76.6800,177,1
2026-06-22,000858,13:24:48,76.6900,151,2
2026-06-22,000858,13:24:51,76.6900,91,2
2026-06-22,000858,13:24:54,76.6800,226,2
2026-06-22,000858,13:24:57,76.7000,109,1
2026-06-22,000858,13:25:00,76.7000,167,2
2026-06-22,000858,13:25:03,76.7100,62,4
2026-06-22,000858,13:25:06,76.7300,48,1
2026-06-22,000858,13:25:09,76.7400,66,1
2026-06-22,000858,13:25:12,76.7300,383,2
2026-06-22,000858,13:25:15,76.7400,301,1
2026-06-22,000858,13:25:18,76.7300,233,2
2026-06-22,000858,13:25:21,76.7000,130,2
2026-06-22,000858,13:25:24,76.6600,188,2
2026-06-22,000858,13:25:27,76.6600,55,2
2026-06-22,000858,13:25:30,76.6500,74,2
2026-06-22,000858,13:25:33,76.6400,136,2
2026-06-22,000858,13:25:36,76.6500,318,4
2026-06-22,000858,13:25:39,76.6600,212,1
2026-06-22,000858,13:25:42,76.6600,189,2
2026-06-22,000858,13:25:45,76.6500,131,2
2026-06-22,000858,13:25:48,76.6600,33,2
2026-06-22,000858,13:25:51,76.6500,115,2
2026-06-22,000858,13:25:54,76.6700,151,1
2026-06-22,000858,13:25:57,76.7300,508,1
2026-06-22,000858,13:26:00,76.7500,345,1
2026-06-22,000858,13:26:03,76.7600,174,1
2026-06-22,000858,13:26:06,76.8700,1238,1
2026-06-22,000858,13:26:09,76.9600,1852,1
2026-06-22,000858,13:26:12,76.9500,2565,2
2026-06-22,000858,13:26:15,77.0400,412,1
2026-06-22,000858,13:26:18,77.0100,218,4
2026-06-22,000858,13:26:21,77.0500,387,1
2026-06-22,000858,13:26:24,77.0100,207,2
2026-06-22,000858,13:26:27,77.0300,207,1
2026-06-22,000858,13:26:30,77.0900,1067,1
2026-06-22,000858,13:26:33,77.1100,516,2
2026-06-22,000858,13:26:36,77.2000,87,1
2026-06-22,000858,13:26:39,77.2000,157,1
2026-06-22,000858,13:26:42,77.2000,353,1
2026-06-22,000858,13:26:45,77.2000,554,1
2026-06-22,000858,13:26:48,77.2000,542,1
2026-06-22,000858,13:26:51,77.2100,208,2
2026-06-22,000858,13:26:54,77.2600,408,1
2026-06-22,000858,13:26:57,77.2000,278,2
2026-06-22,000858,13:27:00,77.2400,415,1
2026-06-22,000858,13:27:03,77.3100,729,1
2026-06-22,000858,13:27:06,77.3800,313,1
2026-06-22,000858,13:27:09,77.3800,276,1
2026-06-22,000858,13:27:12,77.3100,253,2
2026-06-22,000858,13:27:15,77.2100,505,2
2026-06-22,000858,13:27:18,77.2700,177,1
2026-06-22,000858,13:27:21,77.2400,440,1
2026-06-22,000858,13:27:24,77.2700,83,1
2026-06-22,000858,13:27:27,77.2400,201,2
2026-06-22,000858,13:27:30,77.3000,325,1
2026-06-22,000858,13:27:33,77.3400,330,1
2026-06-22,000858,13:27:36,77.3200,308,2
2026-06-22,000858,13:27:39,77.3500,341,1
2026-06-22,000858,13:27:42,77.3300,182,2
2026-06-22,000858,13:27:45,77.3700,132,1
2026-06-22,000858,13:27:48,77.3700,283,1
2026-06-22,000858,13:27:51,77.3700,221,1
2026-06-22,000858,13:27:54,77.3900,337,1
2026-06-22,000858,13:27:57,77.3600,225,2
2026-06-22,000858,13:28:00,77.3900,715,1
2026-06-22,000858,13:28:03,77.3900,479,2
2026-06-22,000858,13:28:06,77.3500,193,2
2026-06-22,000858,13:28:09,77.2800,303,2
2026-06-22,000858,13:28:12,77.2900,203,1
2026-06-22,000858,13:28:15,77.2100,132,2
2026-06-22,000858,13:28:18,77.1800,99,2
2026-06-22,000858,13:28:21,77.1800,163,2
2026-06-22,000858,13:28:24,77.1200,72,2
2026-06-22,000858,13:28:27,77.1000,78,2
2026-06-22,000858,13:28:30,77.0700,75,2
2026-06-22,000858,13:28:33,77.0700,56,1
2026-06-22,000858,13:28:36,77.0500,578,2
2026-06-22,000858,13:28:39,77.0600,208,1
2026-06-22,000858,13:28:42,77.1100,384,1
2026-06-22,000858,13:28:45,77.2000,218,1
2026-06-22,000858,13:28:48,77.1800,108,1
2026-06-22,000858,13:28:51,77.1800,58,2
2026-06-22,000858,13:28:54,77.1800,88,1
2026-06-22,000858,13:28:57,77.1400,54,2
2026-06-22,000858,13:29:00,77.1500,80,1
2026-06-22,000858,13:29:03,77.0900,129,2
2026-06-22,000858,13:29:06,77.1200,202,1
2026-06-22,000858,13:29:09,77.1100,61,1
2026-06-22,000858,13:29:12,77.0800,91,2
2026-06-22,000858,13:29:15,77.0900,64,1
2026-06-22,000858,13:29:18,77.0900,39,2
2026-06-22,000858,13:29:21,77.1800,247,1
2026-06-22,000858,13:29:24,77.1100,66,2
2026-06-22,000858,13:29:27,77.1800,62,1
2026-06-22,000858,13:29:30,77.1800,193,1
2026-06-22,000858,13:29:33,77.1700,392,4
2026-06-22,000858,13:29:36,77.1700,121,2
2026-06-22,000858,13:29:39,77.1800,126,1
2026-06-22,000858,13:29:42,77.2000,120,1
2026-06-22,000858,13:29:45,77.2000,68,1
2026-06-22,000858,13:29:48,77.1900,390,4
2026-06-22,000858,13:29:51,77.2000,193,1
2026-06-22,000858,13:29:54,77.1300,140,2
2026-06-22,000858,13:29:57,77.1500,43,2
2026-06-22,000858,13:30:00,77.1200,138,2
2026-06-22,000858,13:30:03,77.1200,394,1
2026-06-22,000858,13:30:06,77.0700,194,2
2026-06-22,000858,13:30:09,77.0500,125,2
2026-06-22,000858,13:30:12,77.0500,32,2
2026-06-22,000858,13:30:15,77.0300,59,2
2026-06-22,000858,13:30:18,77.0300,163,4
2026-06-22,000858,13:30:21,77.0000,217,2
2026-06-22,000858,13:30:24,76.9800,44,2
2026-06-22,000858,13:30:27,76.9300,135,2
2026-06-22,000858,13:30:30,76.9300,77,1
2026-06-22,000858,13:30:33,76.9100,79,2
2026-06-22,000858,13:30:36,76.8800,32,2
2026-06-22,000858,13:30:39,76.8700,97,2
2026-06-22,000858,13:30:42,76.8900,40,4
2026-06-22,000858,13:30:45,76.8900,90,1
2026-06-22,000858,13:30:48,76.8500,65,2
2026-06-22,000858,13:30:51,76.8500,45,2
2026-06-22,000858,13:30:54,76.8400,21,2
2026-06-22,000858,13:30:57,76.8600,185,1
2026-06-22,000858,13:31:00,76.8800,141,1
2026-06-22,000858,13:31:03,76.8900,73,1
2026-06-22,000858,13:31:06,76.8800,36,2
2026-06-22,000858,13:31:09,76.8900,80,1
2026-06-22,000858,13:31:12,76.8600,120,2
2026-06-22,000858,13:31:15,76.8200,203,2
2026-06-22,000858,13:31:18,76.8500,91,1
2026-06-22,000858,13:31:21,76.7500,847,2
2026-06-22,000858,13:31:24,76.7300,71,2
2026-06-22,000858,13:31:27,76.7300,42,2
2026-06-22,000858,13:31:30,76.7500,28,1
2026-06-22,000858,13:31:33,76.7300,77,2
2026-06-22,000858,13:31:36,76.7300,746,2
2026-06-22,000858,13:31:39,76.6600,342,2
2026-06-22,000858,13:31:42,76.7300,203,1
2026-06-22,000858,13:31:45,76.7000,39,1
2026-06-22,000858,13:31:48,76.6900,45,4
2026-06-22,000858,13:31:51,76.6900,23,4
2026-06-22,000858,13:31:54,76.6800,103,4
2026-06-22,000858,13:31:57,76.6800,59,1
2026-06-22,000858,13:32:00,76.6700,15,1
2026-06-22,000858,13:32:03,76.6700,46,1
2026-06-22,000858,13:32:06,76.6400,182,2
2026-06-22,000858,13:32:09,76.6200,110,2
2026-06-22,000858,13:32:12,76.6600,62,1
2026-06-22,000858,13:32:15,76.6200,88,2
2026-06-22,000858,13:32:18,76.6100,688,2
2026-06-22,000858,13:32:21,76.6100,67,1
2026-06-22,000858,13:32:24,76.6000,27,2
2026-06-22,000858,13:32:27,76.5600,151,2
2026-06-22,000858,13:32:30,76.5700,43,1
2026-06-22,000858,13:32:33,76.5600,40,2
2026-06-22,000858,13:32:36,76.5600,52,2
2026-06-22,000858,13:32:39,76.5600,38,1
2026-06-22,000858,13:32:42,76.5600,89,1
2026-06-22,000858,13:32:45,76.5600,74,1
2026-06-22,000858,13:32:48,76.5800,53,1
2026-06-22,000858,13:32:51,76.5900,155,1
2026-06-22,000858,13:32:54,76.6200,6,1
2026-06-22,000858,13:32:57,76.6300,66,1
2026-06-22,000858,13:33:00,76.6200,28,1
2026-06-22,000858,13:33:03,76.6100,117,2
2026-06-22,000858,13:33:06,76.5700,127,2
2026-06-22,000858,13:33:09,76.5800,61,2
2026-06-22,000858,13:33:12,76.5900,174,1
2026-06-22,000858,13:33:15,76.5800,256,4
2026-06-22,000858,13:33:18,76.5500,56,2
2026-06-22,000858,13:33:21,76.5500,55,2
2026-06-22,000858,13:33:24,76.5600,26,1
2026-06-22,000858,13:33:27,76.5500,32,2
2026-06-22,000858,13:33:30,76.5700,122,4
2026-06-22,000858,13:33:33,76.5500,289,2
2026-06-22,000858,13:33:36,76.5600,135,1
2026-06-22,000858,13:33:39,76.5500,82,1
2026-06-22,000858,13:33:42,76.5000,391,2
2026-06-22,000858,13:33:45,76.5000,19,1
2026-06-22,000858,13:33:48,76.5000,29,1
2026-06-22,000858,13:33:51,76.4900,5,4
2026-06-22,000858,13:33:54,76.5000,20,1
2026-06-22,000858,13:33:57,76.4900,46,2
2026-06-22,000858,13:34:00,76.5000,75,1
2026-06-22,000858,13:34:03,76.5000,43,2
2026-06-22,000858,13:34:06,76.5000,44,2
2026-06-22,000858,13:34:09,76.5000,22,2
2026-06-22,000858,13:34:12,76.4900,160,2
2026-06-22,000858,13:34:15,76.4400,329,2
2026-06-22,000858,13:34:18,76.4700,32,1
2026-06-22,000858,13:34:21,76.4600,92,1
2026-06-22,000858,13:34:24,76.4500,44,2
2026-06-22,000858,13:34:27,76.4400,57,2
2026-06-22,000858,13:34:30,76.4400,171,2
2026-06-22,000858,13:34:33,76.4100,424,2
2026-06-22,000858,13:34:36,76.4000,74,2
2026-06-22,000858,13:34:39,76.4100,32,2
2026-06-22,000858,13:34:42,76.4100,27,2
2026-06-22,000858,13:34:45,76.4500,526,1
2026-06-22,000858,13:34:48,76.4300,14,2
2026-06-22,000858,13:34:51,76.5000,27,1
2026-06-22,000858,13:34:54,76.4300,108,2
2026-06-22,000858,13:34:57,76.4800,57,1
2026-06-22,000858,13:35:00,76.4400,208,2
2026-06-22,000858,13:35:03,76.4700,93,1
2026-06-22,000858,13:35:06,76.4300,26,2
2026-06-22,000858,13:35:09,76.4700,43,1
2026-06-22,000858,13:35:12,76.4500,26,2
2026-06-22,000858,13:35:15,76.4700,209,1
2026-06-22,000858,13:35:18,76.4500,73,2
2026-06-22,000858,13:35:21,76.4500,31,2
2026-06-22,000858,13:35:24,76.4600,63,4
2026-06-22,000858,13:35:27,76.4600,18,2
2026-06-22,000858,13:35:30,76.4600,40,1
2026-06-22,000858,13:35:33,76.4400,217,2
2026-06-22,000858,13:35:36,76.4100,248,2
2026-06-22,000858,13:35:39,76.4100,33,1
2026-06-22,000858,13:35:42,76.4100,19,1
2026-06-22,000858,13:35:45,76.4100,10,2
2026-06-22,000858,13:35:48,76.4300,33,1
2026-06-22,000858,13:35:51,76.4200,6,2
2026-06-22,000858,13:35:54,76.4300,11,1
2026-06-22,000858,13:35:57,76.4300,25,1
2026-06-22,000858,13:36:00,76.4400,45,1
2026-06-22,000858,13:36:03,76.4300,53,2
2026-06-22,000858,13:36:06,76.4500,36,1
2026-06-22,000858,13:36:09,76.4900,156,1
2026-06-22,000858,13:36:12,76.5300,211,1
2026-06-22,000858,13:36:15,76.5200,99,2
2026-06-22,000858,13:36:18,76.5500,231,1
2026-06-22,000858,13:36:21,76.5300,96,1
2026-06-22,000858,13:36:24,76.5500,66,1
2026-06-22,000858,13:36:27,76.5600,92,1
2026-06-22,000858,13:36:30,76.5300,40,2
2026-06-22,000858,13:36:33,76.5400,159,4
2026-06-22,000858,13:36:36,76.5300,150,2
2026-06-22,000858,13:36:39,76.5000,15,2
2026-06-22,000858,13:36:42,76.5300,38,1
2026-06-22,000858,13:36:45,76.5400,65,1
2026-06-22,000858,13:36:48,76.5600,17,1
2026-06-22,000858,13:36:51,76.5600,24,1
2026-06-22,000858,13:36:54,76.5500,54,2
2026-06-22,000858,13:36:57,76.5400,34,2
2026-06-22,000858,13:37:00,76.5500,52,2
2026-06-22,000858,13:37:03,76.5500,95,2
2026-06-22,000858,13:37:06,76.5500,278,1
2026-06-22,000858,13:37:09,76.5500,59,1
2026-06-22,000858,13:37:12,76.5500,41,1
2026-06-22,000858,13:37:15,76.5500,133,1
2026-06-22,000858,13:37:18,76.5200,39,2
2026-06-22,000858,13:37:21,76.4500,90,2
2026-06-22,000858,13:37:24,76.4400,22,2
2026-06-22,000858,13:37:27,76.4500,28,1
2026-06-22,000858,13:37:30,76.4500,5,2
2026-06-22,000858,13:37:33,76.4600,7,1
2026-06-22,000858,13:37:36,76.4600,7,2
2026-06-22,000858,13:37:39,76.4600,36,2
2026-06-22,000858,13:37:42,76.4800,2,1
2026-06-22,000858,13:37:45,76.4900,43,1
2026-06-22,000858,13:37:48,76.4600,37,2
2026-06-22,000858,13:37:51,76.4600,92,1
2026-06-22,000858,13:37:54,76.5000,51,1
2026-06-22,000858,13:37:57,76.4600,42,2
2026-06-22,000858,13:38:00,76.4700,21,1
2026-06-22,000858,13:38:03,76.4600,196,2
2026-06-22,000858,13:38:06,76.4000,243,2
2026-06-22,000858,13:38:09,76.4500,42,1
2026-06-22,000858,13:38:12,76.3900,27,2
2026-06-22,000858,13:38:15,76.4100,66,2
2026-06-22,000858,13:38:18,76.4400,29,1
2026-06-22,000858,13:38:21,76.4000,3,2
2026-06-22,000858,13:38:24,76.4000,102,2
2026-06-22,000858,13:38:27,76.4000,8,2
2026-06-22,000858,13:38:30,76.4000,11,2
2026-06-22,000858,13:38:33,76.4100,21,2
2026-06-22,000858,13:38:36,76.4100,76,2
2026-06-22,000858,13:38:39,76.4000,34,2
2026-06-22,000858,13:38:42,76.4000,52,2
2026-06-22,000858,13:38:45,76.4100,3,1
2026-06-22,000858,13:38:48,76.4000,47,2
2026-06-22,000858,13:38:51,76.4000,70,2
2026-06-22,000858,13:38:54,76.4000,10,1
2026-06-22,000858,13:38:57,76.3700,30,2
2026-06-22,000858,13:39:00,76.3700,82,2
2026-06-22,000858,13:39:03,76.3700,86,2
2026-06-22,000858,13:39:06,76.3900,24,1
2026-06-22,000858,13:39:09,76.3700,17,1
2026-06-22,000858,13:39:12,76.3700,26,2
2026-06-22,000858,13:39:15,76.3700,8,1
2026-06-22,000858,13:39:18,76.3700,37,1
2026-06-22,000858,13:39:21,76.3800,33,1
2026-06-22,000858,13:39:24,76.3800,11,1
2026-06-22,000858,13:39:27,76.3800,128,4
2026-06-22,000858,13:39:30,76.3900,18,1
2026-06-22,000858,13:39:33,76.3800,24,2
2026-06-22,000858,13:39:36,76.3800,7,2
2026-06-22,000858,13:39:39,76.3900,36,1
2026-06-22,000858,13:39:42,76.3900,3,2
2026-06-22,000858,13:39:45,76.4000,14,1
2026-06-22,000858,13:39:48,76.4100,50,1
2026-06-22,000858,13:39:51,76.4100,2,1
2026-06-22,000858,13:39:54,76.3900,139,2
2026-06-22,000858,13:39:57,76.3700,22,2
2026-06-22,000858,13:40:00,76.3800,14,4
2026-06-22,000858,13:40:03,76.3800,13,1
2026-06-22,000858,13:40:06,76.3700,83,2
2026-06-22,000858,13:40:09,76.3700,18,1
2026-06-22,000858,13:40:12,76.3600,35,2
2026-06-22,000858,13:40:15,76.3500,85,2
2026-06-22,000858,13:40:18,76.3500,69,2
2026-06-22,000858,13:40:21,76.3500,22,1
2026-06-22,000858,13:40:24,76.3500,9,2
2026-06-22,000858,13:40:27,76.3500,27,2
2026-06-22,000858,13:40:30,76.3500,29,4
2026-06-22,000858,13:40:33,76.3500,8,1
2026-06-22,000858,13:40:36,76.3500,9,1
2026-06-22,000858,13:40:39,76.3500,52,1
2026-06-22,000858,13:40:42,76.3600,12,1
2026-06-22,000858,13:40:45,76.3600,14,1
2026-06-22,000858,13:40:48,76.3600,26,1
2026-06-22,000858,13:40:51,76.3600,17,2
2026-06-22,000858,13:40:54,76.3600,23,2
2026-06-22,000858,13:40:57,76.3700,18,4
2026-06-22,000858,13:41:00,76.3900,61,1
2026-06-22,000858,13:41:03,76.4000,90,1
2026-06-22,000858,13:41:06,76.3700,8,2
2026-06-22,000858,13:41:09,76.4000,9,1
2026-06-22,000858,13:41:12,76.3900,5,2
2026-06-22,000858,13:41:15,76.4100,18,1
2026-06-22,000858,13:41:18,76.4000,15,1
2026-06-22,000858,13:41:21,76.4000,31,1
2026-06-22,000858,13:41:24,76.4000,26,1
2026-06-22,000858,13:41:27,76.3900,68,1
2026-06-22,000858,13:41:30,76.3400,174,2
2026-06-22,000858,13:41:33,76.3500,13,1
2026-06-22,000858,13:41:36,76.3500,9,1
2026-06-22,000858,13:41:39,76.3400,27,4
2026-06-22,000858,13:41:42,76.3500,49,1
2026-06-22,000858,13:41:45,76.3600,14,1
2026-06-22,000858,13:41:48,76.3500,15,2
2026-06-22,000858,13:41:51,76.3500,13,2
2026-06-22,000858,13:41:54,76.3500,63,2
2026-06-22,000858,13:41:57,76.3400,115,2
2026-06-22,000858,13:42:00,76.3400,169,2
2026-06-22,000858,13:42:03,76.3100,206,2
2026-06-22,000858,13:42:06,76.3300,298,1
2026-06-22,000858,13:42:09,76.3100,65,2
2026-06-22,000858,13:42:12,76.3000,17,2
2026-06-22,000858,13:42:15,76.3300,30,1
2026-06-22,000858,13:42:18,76.3100,27,2
2026-06-22,000858,13:42:21,76.3200,7,1
2026-06-22,000858,13:42:24,76.3100,3,4
2026-06-22,000858,13:42:27,76.3100,12,2
2026-06-22,000858,13:42:30,76.2900,227,2
2026-06-22,000858,13:42:33,76.2800,29,2
2026-06-22,000858,13:42:36,76.2700,5,2
2026-06-22,000858,13:42:39,76.2800,18,1
2026-06-22,000858,13:42:42,76.2700,13,2
2026-06-22,000858,13:42:45,76.2800,36,2
2026-06-22,000858,13:42:48,76.2800,17,2
2026-06-22,000858,13:42:51,76.2800,22,2
2026-06-22,000858,13:42:54,76.2800,20,2
2026-06-22,000858,13:42:57,76.2800,11,2
2026-06-22,000858,13:43:00,76.2900,15,1
2026-06-22,000858,13:43:03,76.2900,9,1
2026-06-22,000858,13:43:06,76.2900,27,1
2026-06-22,000858,13:43:09,76.3000,39,1
2026-06-22,000858,13:43:12,76.3300,340,1
2026-06-22,000858,13:43:15,76.3400,76,1
2026-06-22,000858,13:43:18,76.3400,23,4
2026-06-22,000858,13:43:21,76.3500,242,1
2026-06-22,000858,13:43:24,76.3500,61,1
2026-06-22,000858,13:43:27,76.3300,81,2
2026-06-22,000858,13:43:30,76.3200,30,1
2026-06-22,000858,13:43:33,76.3000,16,2
2026-06-22,000858,13:43:36,76.3300,27,1
2026-06-22,000858,13:43:39,76.3300,14,1
2026-06-22,000858,13:43:42,76.3100,7,2
2026-06-22,000858,13:43:45,76.3300,16,1
2026-06-22,000858,13:43:48,76.3100,11,2
2026-06-22,000858,13:43:51,76.3300,7,1
2026-06-22,000858,13:43:57,76.3200,75,2
2026-06-22,000858,13:44:00,76.3200,40,4
2026-06-22,000858,13:44:03,76.3300,82,1
2026-06-22,000858,13:44:06,76.3100,237,2
2026-06-22,000858,13:44:09,76.3000,69,4
2026-06-22,000858,13:44:12,76.2800,21,2
2026-06-22,000858,13:44:15,76.2900,12,4
2026-06-22,000858,13:44:18,76.2700,134,2
2026-06-22,000858,13:44:21,76.2500,15,2
2026-06-22,000858,13:44:24,76.2600,9,1
2026-06-22,000858,13:44:27,76.2600,37,1
2026-06-22,000858,13:44:30,76.2600,22,1
2026-06-22,000858,13:44:33,76.2600,56,2
2026-06-22,000858,13:44:36,76.2600,8,2
2026-06-22,000858,13:44:39,76.2600,17,2
2026-06-22,000858,13:44:42,76.2600,56,2
2026-06-22,000858,13:44:45,76.2500,15,2
2026-06-22,000858,13:44:48,76.2500,32,2
2026-06-22,000858,13:44:51,76.2500,4,2
2026-06-22,000858,13:44:54,76.2600,19,1
2026-06-22,000858,13:44:57,76.2500,163,2
2026-06-22,000858,13:45:00,76.2500,23,2
2026-06-22,000858,13:45:03,76.2500,15,2
2026-06-22,000858,13:45:06,76.2500,41,2
2026-06-22,000858,13:45:09,76.2500,28,1
2026-06-22,000858,13:45:12,76.2500,49,1
2026-06-22,000858,13:45:15,76.2500,27,1
2026-06-22,000858,13:45:18,76.2400,46,2
2026-06-22,000858,13:45:21,76.2400,23,2
2026-06-22,000858,13:45:24,76.2500,67,2
2026-06-22,000858,13:45:27,76.2500,16,2
2026-06-22,000858,13:45:30,76.2600,102,1
2026-06-22,000858,13:45:33,76.2600,51,1
2026-06-22,000858,13:45:36,76.2700,37,1
2026-06-22,000858,13:45:39,76.2700,12,2
2026-06-22,000858,13:45:42,76.2900,41,1
2026-06-22,000858,13:45:45,76.2900,14,1
2026-06-22,000858,13:45:48,76.2700,18,2
2026-06-22,000858,13:45:51,76.2900,4,2
2026-06-22,000858,13:45:54,76.2900,30,2
2026-06-22,000858,13:45:57,76.2900,2,1
2026-06-22,000858,13:46:00,76.2900,27,1
2026-06-22,000858,13:46:03,76.2900,28,1
2026-06-22,000858,13:46:06,76.2900,26,1
2026-06-22,000858,13:46:09,76.2900,38,2
2026-06-22,000858,13:46:12,76.3000,10,1
2026-06-22,000858,13:46:15,76.2900,5,2
2026-06-22,000858,13:46:18,76.3000,45,1
2026-06-22,000858,13:46:21,76.3000,10,1
2026-06-22,000858,13:46:24,76.3100,35,1
2026-06-22,000858,13:46:27,76.2900,177,2
2026-06-22,000858,13:46:30,76.2900,16,1
2026-06-22,000858,13:46:33,76.2900,7,1
2026-06-22,000858,13:46:36,76.2900,5,4
2026-06-22,000858,13:46:39,76.3000,35,1
2026-06-22,000858,13:46:42,76.3000,21,2
2026-06-22,000858,13:46:45,76.3100,9,1
2026-06-22,000858,13:46:48,76.3000,29,2
2026-06-22,000858,13:46:51,76.3100,53,1
2026-06-22,000858,13:46:54,76.3000,8,2
2026-06-22,000858,13:46:57,76.2900,183,2
2026-06-22,000858,13:47:00,76.3000,22,1
2026-06-22,000858,13:47:03,76.2900,37,2
2026-06-22,000858,13:47:06,76.2700,23,2
2026-06-22,000858,13:47:09,76.2900,37,1
2026-06-22,000858,13:47:12,76.2700,32,2
2026-06-22,000858,13:47:15,76.2600,110,2
2026-06-22,000858,13:47:18,76.2600,17,2
2026-06-22,000858,13:47:21,76.2600,7,4
2026-06-22,000858,13:47:24,76.2500,73,2
2026-06-22,000858,13:47:27,76.2500,25,2
2026-06-22,000858,13:47:30,76.2500,10,2
2026-06-22,000858,13:47:33,76.2500,20,1
2026-06-22,000858,13:47:36,76.2400,11,2
2026-06-22,000858,13:47:39,76.2400,17,2
2026-06-22,000858,13:47:42,76.2500,93,1
2026-06-22,000858,13:47:45,76.2500,11,2
2026-06-22,000858,13:47:48,76.2300,13,2
2026-06-22,000858,13:47:51,76.2400,1,4
2026-06-22,000858,13:47:54,76.2300,39,2
2026-06-22,000858,13:47:57,76.2200,90,2
2026-06-22,000858,13:48:00,76.2300,25,1
2026-06-22,000858,13:48:03,76.2200,170,1
2026-06-22,000858,13:48:06,76.2200,24,4
2026-06-22,000858,13:48:09,76.2100,34,2
2026-06-22,000858,13:48:12,76.2200,15,1
2026-06-22,000858,13:48:18,76.2100,26,2
2026-06-22,000858,13:48:21,76.2200,1,1
2026-06-22,000858,13:48:24,76.2200,9,1
2026-06-22,000858,13:48:27,76.2200,11,1
2026-06-22,000858,13:48:30,76.2200,16,1
2026-06-22,000858,13:48:33,76.2200,66,1
2026-06-22,000858,13:48:36,76.2200,4,1
2026-06-22,000858,13:48:39,76.2200,35,1
2026-06-22,000858,13:48:42,76.2200,12,1
2026-06-22,000858,13:48:45,76.2200,4,1
2026-06-22,000858,13:48:48,76.2200,41,1
2026-06-22,000858,13:48:51,76.2200,30,1
2026-06-22,000858,13:48:54,76.2300,16,1
2026-06-22,000858,13:48:57,76.2200,5,2
2026-06-22,000858,13:49:00,76.2200,34,2
2026-06-22,000858,13:49:03,76.2300,71,1
2026-06-22,000858,13:49:06,76.2300,8,2
2026-06-22,000858,13:49:09,76.2200,264,2
2026-06-22,000858,13:49:12,76.2200,10,1
2026-06-22,000858,13:49:15,76.2300,15,1
2026-06-22,000858,13:49:18,76.2200,30,2
2026-06-22,000858,13:49:21,76.2300,9,1
2026-06-22,000858,13:49:24,76.2300,15,2
2026-06-22,000858,13:49:27,76.2400,3,1
2026-06-22,000858,13:49:30,76.2400,31,1
2026-06-22,000858,13:49:33,76.2500,1,1
2026-06-22,000858,13:49:36,76.2400,4,2
2026-06-22,000858,13:49:39,76.2400,12,2
2026-06-22,000858,13:49:42,76.2500,7,1
2026-06-22,000858,13:49:45,76.2500,46,1
2026-06-22,000858,13:49:48,76.2200,10,2
2026-06-22,000858,13:49:51,76.2100,150,2
2026-06-22,000858,13:49:54,76.2100,142,2
2026-06-22,000858,13:49:57,76.2100,58,1
2026-06-22,000858,13:50:00,76.2200,25,1
2026-06-22,000858,13:50:03,76.2200,50,1
2026-06-22,000858,13:50:06,76.2100,77,2
2026-06-22,000858,13:50:09,76.2000,39,2
2026-06-22,000858,13:50:12,76.2200,19,1
2026-06-22,000858,13:50:15,76.2100,7,4
2026-06-22,000858,13:50:18,76.2100,21,1
2026-06-22,000858,13:50:21,76.2000,52,2
2026-06-22,000858,13:50:24,76.2000,5,2
2026-06-22,000858,13:50:27,76.2000,74,2
2026-06-22,000858,13:50:30,76.2000,30,1
2026-06-22,000858,13:50:33,76.2000,12,1
2026-06-22,000858,13:50:36,76.1900,10,2
2026-06-22,000858,13:50:39,76.2000,95,1
2026-06-22,000858,13:50:42,76.2000,63,2
2026-06-22,000858,13:50:45,76.2000,21,1
2026-06-22,000858,13:50:48,76.2000,45,2
2026-06-22,000858,13:50:51,76.2000,24,2
2026-06-22,000858,13:50:54,76.2100,21,4
2026-06-22,000858,13:50:57,76.2100,20,2
2026-06-22,000858,13:51:00,76.2300,95,1
2026-06-22,000858,13:51:03,76.2300,7,1
2026-06-22,000858,13:51:06,76.2300,13,1
2026-06-22,000858,13:51:09,76.2400,162,1
2026-06-22,000858,13:51:12,76.2500,8,1
2026-06-22,000858,13:51:15,76.2500,29,1
2026-06-22,000858,13:51:18,76.2500,37,2
2026-06-22,000858,13:51:21,76.2700,47,1
2026-06-22,000858,13:51:24,76.2800,12,1
2026-06-22,000858,13:51:27,76.2900,22,1
2026-06-22,000858,13:51:30,76.2900,18,1
2026-06-22,000858,13:51:33,76.2900,22,2
2026-06-22,000858,13:51:36,76.3000,49,1
2026-06-22,000858,13:51:39,76.3000,8,4
2026-06-22,000858,13:51:42,76.3000,10,2
2026-06-22,000858,13:51:45,76.3200,12,1
2026-06-22,000858,13:51:48,76.3200,10,1
2026-06-22,000858,13:51:51,76.3200,15,1
2026-06-22,000858,13:51:54,76.3200,23,1
2026-06-22,000858,13:51:57,76.3200,14,2
2026-06-22,000858,13:52:00,76.3400,26,1
2026-06-22,000858,13:52:03,76.3400,9,2
2026-06-22,000858,13:52:06,76.3200,30,2
2026-06-22,000858,13:52:09,76.3300,52,1
2026-06-22,000858,13:52:12,76.3400,16,1
2026-06-22,000858,13:52:15,76.3300,125,2
2026-06-22,000858,13:52:18,76.3300,12,2
2026-06-22,000858,13:52:21,76.3400,165,1
2026-06-22,000858,13:52:24,76.3200,19,1
2026-06-22,000858,13:52:27,76.2900,14,2
2026-06-22,000858,13:52:30,76.3300,140,1
2026-06-22,000858,13:52:33,76.3000,4,2
2026-06-22,000858,13:52:36,76.3200,24,1
2026-06-22,000858,13:52:39,76.3000,6,2
2026-06-22,000858,13:52:42,76.3200,7,1
2026-06-22,000858,13:52:45,76.3200,14,1
2026-06-22,000858,13:52:48,76.3200,20,1
2026-06-22,000858,13:52:51,76.2900,34,2
2026-06-22,000858,13:52:54,76.3100,7,4
2026-06-22,000858,13:52:57,76.3200,18,1
2026-06-22,000858,13:53:00,76.3200,6,1
2026-06-22,000858,13:53:03,76.3300,24,1
2026-06-22,000858,13:53:06,76.3300,12,1
2026-06-22,000858,13:53:09,76.3200,10,2
2026-06-22,000858,13:53:12,76.3200,16,2
2026-06-22,000858,13:53:15,76.3300,5,1
2026-06-22,000858,13:53:18,76.3300,30,1
2026-06-22,000858,13:53:21,76.3200,11,2
2026-06-22,000858,13:53:24,76.3200,6,1
2026-06-22,000858,13:53:27,76.3200,4,1
2026-06-22,000858,13:53:30,76.3200,44,1
2026-06-22,000858,13:53:33,76.3200,38,1
2026-06-22,000858,13:53:36,76.3200,28,1
2026-06-22,000858,13:53:39,76.3200,6,1
2026-06-22,000858,13:53:42,76.3200,41,1
2026-06-22,000858,13:53:45,76.3100,38,2
2026-06-22,000858,13:53:48,76.3100,5,1
2026-06-22,000858,13:53:51,76.3100,8,1
2026-06-22,000858,13:53:54,76.3000,8,2
2026-06-22,000858,13:53:57,76.2900,113,2
2026-06-22,000858,13:54:00,76.3100,96,1
2026-06-22,000858,13:54:03,76.3100,24,2
2026-06-22,000858,13:54:06,76.3200,23,1
2026-06-22,000858,13:54:09,76.3100,11,2
2026-06-22,000858,13:54:12,76.3100,58,2
2026-06-22,000858,13:54:15,76.3200,10,1
2026-06-22,000858,13:54:18,76.3300,84,1
2026-06-22,000858,13:54:21,76.3300,76,1
2026-06-22,000858,13:54:24,76.3400,8,1
2026-06-22,000858,13:54:27,76.3500,11,1
2026-06-22,000858,13:54:30,76.3400,51,2
2026-06-22,000858,13:54:33,76.3500,22,1
2026-06-22,000858,13:54:36,76.3500,3,2
2026-06-22,000858,13:54:39,76.3600,37,1
2026-06-22,000858,13:54:42,76.3600,26,1
2026-06-22,000858,13:54:45,76.3600,123,1
2026-06-22,000858,13:54:48,76.3400,32,2
2026-06-22,000858,13:54:51,76.3600,84,1
2026-06-22,000858,13:54:54,76.3400,28,2
2026-06-22,000858,13:54:57,76.3500,88,1
2026-06-22,000858,13:55:00,76.3500,24,1
2026-06-22,000858,13:55:03,76.3200,160,2
2026-06-22,000858,13:55:06,76.3200,29,1
2026-06-22,000858,13:55:09,76.3200,8,1
2026-06-22,000858,13:55:12,76.3200,7,1
2026-06-22,000858,13:55:15,76.2600,173,2
2026-06-22,000858,13:55:18,76.2900,7,4
2026-06-22,000858,13:55:21,76.2600,11,2
2026-06-22,000858,13:55:24,76.2700,15,4
2026-06-22,000858,13:55:27,76.2700,5,2
2026-06-22,000858,13:55:30,76.2800,5,1
2026-06-22,000858,13:55:33,76.2800,10,1
2026-06-22,000858,13:55:36,76.2900,49,1
2026-06-22,000858,13:55:39,76.2800,4,2
2026-06-22,000858,13:55:42,76.3000,45,1
2026-06-22,000858,13:55:45,76.2800,17,2
2026-06-22,000858,13:55:48,76.3100,3,1
2026-06-22,000858,13:55:51,76.3100,34,1
2026-06-22,000858,13:55:54,76.3000,50,2
2026-06-22,000858,13:55:57,76.3000,16,2
2026-06-22,000858,13:56:00,76.3000,40,2
2026-06-22,000858,13:56:03,76.3100,30,1
2026-06-22,000858,13:56:06,76.3100,93,1
2026-06-22,000858,13:56:09,76.3000,51,4
2026-06-22,000858,13:56:12,76.3000,4,1
2026-06-22,000858,13:56:15,76.2900,4,2
2026-06-22,000858,13:56:18,76.3000,9,1
2026-06-22,000858,13:56:21,76.2900,13,2
2026-06-22,000858,13:56:24,76.3000,11,1
2026-06-22,000858,13:56:27,76.2900,5,2
2026-06-22,000858,13:56:30,76.2800,9,2
2026-06-22,000858,13:56:33,76.2900,3,1
2026-06-22,000858,13:56:36,76.2900,5,1
2026-06-22,000858,13:56:39,76.2800,36,2
2026-06-22,000858,13:56:42,76.2900,7,1
2026-06-22,000858,13:56:45,76.2900,13,1
2026-06-22,000858,13:56:48,76.2900,26,1
2026-06-22,000858,13:56:51,76.2900,4,1
2026-06-22,000858,13:56:54,76.3000,297,1
2026-06-22,000858,13:56:57,76.3100,8,2
2026-06-22,000858,13:57:00,76.3200,1,2
2026-06-22,000858,13:57:03,76.3300,11,1
2026-06-22,000858,13:57:06,76.3200,15,1
2026-06-22,000858,13:57:09,76.3100,32,2
2026-06-22,000858,13:57:12,76.3300,5,1
2026-06-22,000858,13:57:15,76.3300,6,1
2026-06-22,000858,13:57:18,76.3400,5,1
2026-06-22,000858,13:57:21,76.3400,2,1
2026-06-22,000858,13:57:24,76.3400,44,1
2026-06-22,000858,13:57:27,76.3400,7,2
2026-06-22,000858,13:57:30,76.3500,46,1
2026-06-22,000858,13:57:33,76.3500,5,1
2026-06-22,000858,13:57:36,76.3500,4,2
2026-06-22,000858,13:57:39,76.3500,213,2
2026-06-22,000858,13:57:42,76.3500,40,1
2026-06-22,000858,13:57:45,76.3400,20,2
2026-06-22,000858,13:57:48,76.3400,78,2
2026-06-22,000858,13:57:51,76.3400,16,1
2026-06-22,000858,13:57:54,76.3200,12,2
2026-06-22,000858,13:57:57,76.3200,21,1
2026-06-22,000858,13:58:00,76.2600,214,2
2026-06-22,000858,13:58:03,76.2500,105,2
2026-06-22,000858,13:58:06,76.2500,2,1
2026-06-22,000858,13:58:09,76.2500,14,1
2026-06-22,000858,13:58:12,76.2600,26,1
2026-06-22,000858,13:58:15,76.2400,495,2
2026-06-22,000858,13:58:18,76.2600,23,1
2026-06-22,000858,13:58:21,76.2700,2,1
2026-06-22,000858,13:58:24,76.2700,44,1
2026-06-22,000858,13:58:27,76.2600,62,1
2026-06-22,000858,13:58:30,76.2600,275,1
2026-06-22,000858,13:58:33,76.2500,219,2
2026-06-22,000858,13:58:36,76.2400,20,2
2026-06-22,000858,13:58:39,76.2300,2,2
2026-06-22,000858,13:58:42,76.2200,5,2
2026-06-22,000858,13:58:45,76.2400,21,1
2026-06-22,000858,13:58:48,76.2200,10,2
2026-06-22,000858,13:58:51,76.2400,20,1
2026-06-22,000858,13:58:54,76.2300,36,1
2026-06-22,000858,13:58:57,76.2300,7,2
2026-06-22,000858,13:59:00,76.2200,154,2
2026-06-22,000858,13:59:03,76.2200,53,2
2026-06-22,000858,13:59:06,76.2200,22,2
2026-06-22,000858,13:59:09,76.2200,11,2
2026-06-22,000858,13:59:12,76.2300,6,2
2026-06-22,000858,13:59:15,76.2200,2,2
2026-06-22,000858,13:59:18,76.2300,7,1
2026-06-22,000858,13:59:21,76.2300,11,2
2026-06-22,000858,13:59:24,76.2400,59,1
2026-06-22,000858,13:59:27,76.2400,58,2
2026-06-22,000858,13:59:30,76.2500,10,1
2026-06-22,000858,13:59:33,76.2400,117,2
2026-06-22,000858,13:59:36,76.2400,11,1
2026-06-22,000858,13:59:39,76.2400,30,1
2026-06-22,000858,13:59:45,76.2400,32,2
2026-06-22,000858,13:59:48,76.2500,7,1
2026-06-22,000858,13:59:51,76.2500,7,1
2026-06-22,000858,13:59:54,76.2500,16,1
2026-06-22,000858,13:59:57,76.2500,13,1
2026-06-22,000858,14:00:00,76.2400,21,2
2026-06-22,000858,14:00:03,76.2500,17,4
2026-06-22,000858,14:00:06,76.2700,61,1
2026-06-22,000858,14:00:09,76.2700,15,1
2026-06-22,000858,14:00:12,76.2900,22,1
2026-06-22,000858,14:00:15,76.2800,17,1
2026-06-22,000858,14:00:18,76.2800,16,2
2026-06-22,000858,14:00:21,76.2900,30,1
2026-06-22,000858,14:00:24,76.2700,15,2
2026-06-22,000858,14:00:27,76.2800,17,1
2026-06-22,000858,14:00:30,76.2800,3,1
2026-06-22,000858,14:00:33,76.2800,57,1
2026-06-22,000858,14:00:36,76.2800,3,2
2026-06-22,000858,14:00:39,76.2900,9,1
2026-06-22,000858,14:00:42,76.2900,8,1
2026-06-22,000858,14:00:45,76.2900,22,1
2026-06-22,000858,14:00:48,76.2800,68,2
2026-06-22,000858,14:00:51,76.2800,27,1
2026-06-22,000858,14:00:54,76.2600,91,2
2026-06-22,000858,14:00:57,76.2800,58,1
2026-06-22,000858,14:01:00,76.2600,54,2
2026-06-22,000858,14:01:03,76.2500,64,2
2026-06-22,000858,14:01:06,76.2600,10,1
2026-06-22,000858,14:01:09,76.2600,33,1
2026-06-22,000858,14:01:12,76.2800,12,1
2026-06-22,000858,14:01:15,76.2700,15,1
2026-06-22,000858,14:01:18,76.2700,22,1
2026-06-22,000858,14:01:21,76.2700,28,2
2026-06-22,000858,14:01:24,76.2800,23,1
2026-06-22,000858,14:01:27,76.2700,5,2
2026-06-22,000858,14:01:30,76.2700,11,2
2026-06-22,000858,14:01:33,76.2800,5,1
2026-06-22,000858,14:01:36,76.2800,30,1
2026-06-22,000858,14:01:39,76.2700,14,2
2026-06-22,000858,14:01:42,76.2800,17,1
2026-06-22,000858,14:01:45,76.2800,5,1
2026-06-22,000858,14:01:48,76.2700,20,2
2026-06-22,000858,14:01:51,76.2800,74,1
2026-06-22,000858,14:01:54,76.2900,12,1
2026-06-22,000858,14:01:57,76.2800,12,2
2026-06-22,000858,14:02:00,76.2900,40,1
2026-06-22,000858,14:02:03,76.2900,17,1
2026-06-22,000858,14:02:06,76.2900,30,2
2026-06-22,000858,14:02:09,76.3000,16,1
2026-06-22,000858,14:02:12,76.3100,58,1
2026-06-22,000858,14:02:15,76.3100,36,1
2026-06-22,000858,14:02:18,76.3100,20,1
2026-06-22,000858,14:02:21,76.3200,19,1
2026-06-22,000858,14:02:24,76.3200,2,1
2026-06-22,000858,14:02:27,76.3400,75,1
2026-06-22,000858,14:02:30,76.3200,28,2
2026-06-22,000858,14:02:33,76.3500,39,1
2026-06-22,000858,14:02:36,76.3500,1,2
2026-06-22,000858,14:02:39,76.3500,11,2
2026-06-22,000858,14:02:42,76.3600,77,1
2026-06-22,000858,14:02:45,76.3600,20,4
2026-06-22,000858,14:02:48,76.3700,22,1
2026-06-22,000858,14:02:51,76.3700,4,1
2026-06-22,000858,14:02:54,76.3800,29,1
2026-06-22,000858,14:02:57,76.3800,57,1
2026-06-22,000858,14:03:00,76.3900,44,1
2026-06-22,000858,14:03:03,76.4100,34,1
2026-06-22,000858,14:03:06,76.4300,14,1
2026-06-22,000858,14:03:09,76.4300,14,1
2026-06-22,000858,14:03:12,76.4300,178,2
2026-06-22,000858,14:03:15,76.4300,22,1
2026-06-22,000858,14:03:18,76.4300,36,1
2026-06-22,000858,14:03:21,76.4300,40,1
2026-06-22,000858,14:03:24,76.4300,63,1
2026-06-22,000858,14:03:27,76.4300,33,2
2026-06-22,000858,14:03:30,76.4500,15,1
2026-06-22,000858,14:03:33,76.4500,18,1
2026-06-22,000858,14:03:36,76.4700,18,1
2026-06-22,000858,14:03:39,76.4500,17,2
2026-06-22,000858,14:03:42,76.4800,12,1
2026-06-22,000858,14:03:45,76.4600,68,4
2026-06-22,000858,14:03:48,76.4700,296,1
2026-06-22,000858,14:03:51,76.5100,83,1
2026-06-22,000858,14:03:54,76.5000,12,2
2026-06-22,000858,14:03:57,76.5100,26,4
2026-06-22,000858,14:04:00,76.5300,77,1
2026-06-22,000858,14:04:03,76.5400,20,1
2026-06-22,000858,14:04:06,76.5400,24,1
2026-06-22,000858,14:04:09,76.5400,116,1
2026-06-22,000858,14:04:12,76.5400,24,1
2026-06-22,000858,14:04:15,76.5500,59,1
2026-06-22,000858,14:04:18,76.5400,12,2
2026-06-22,000858,14:04:21,76.5500,20,4
2026-06-22,000858,14:04:24,76.5400,101,2
2026-06-22,000858,14:04:27,76.5500,31,4
2026-06-22,000858,14:04:30,76.5400,31,2
2026-06-22,000858,14:04:33,76.5500,33,1
2026-06-22,000858,14:04:36,76.5500,73,4
2026-06-22,000858,14:04:39,76.5600,47,1
2026-06-22,000858,14:04:42,76.5600,44,1
2026-06-22,000858,14:04:45,76.5500,74,4
2026-06-22,000858,14:04:48,76.5500,22,1
2026-06-22,000858,14:04:51,76.5800,53,1
2026-06-22,000858,14:04:54,76.5600,124,2
2026-06-22,000858,14:04:57,76.6300,112,1
2026-06-22,000858,14:05:00,76.6500,43,1
2026-06-22,000858,14:05:03,76.6400,45,1
2026-06-22,000858,14:05:06,76.6500,27,1
2026-06-22,000858,14:05:09,76.6300,43,1
2026-06-22,000858,14:05:12,76.6100,31,2
2026-06-22,000858,14:05:15,76.6000,36,2
2026-06-22,000858,14:05:18,76.6200,13,1
2026-06-22,000858,14:05:21,76.6000,43,2
2026-06-22,000858,14:05:24,76.5900,94,2
2026-06-22,000858,14:05:27,76.6000,21,1
2026-06-22,000858,14:05:30,76.5700,93,2
2026-06-22,000858,14:05:33,76.5400,84,2
2026-06-22,000858,14:05:36,76.5300,21,2
2026-06-22,000858,14:05:39,76.5300,7,2
2026-06-22,000858,14:05:42,76.5200,50,2
2026-06-22,000858,14:05:45,76.5100,78,2
2026-06-22,000858,14:05:48,76.5300,123,1
2026-06-22,000858,14:05:51,76.5200,30,2
2026-06-22,000858,14:05:54,76.5200,13,2
2026-06-22,000858,14:05:57,76.5300,25,4
2026-06-22,000858,14:06:00,76.5400,29,1
2026-06-22,000858,14:06:03,76.5300,32,2
2026-06-22,000858,14:06:06,76.5300,64,2
2026-06-22,000858,14:06:09,76.5300,9,2
2026-06-22,000858,14:06:12,76.5200,30,2
2026-06-22,000858,14:06:15,76.5300,17,1
2026-06-22,000858,14:06:18,76.5200,25,2
2026-06-22,000858,14:06:21,76.5200,10,2
2026-06-22,000858,14:06:24,76.5200,7,1
2026-06-22,000858,14:06:27,76.5200,8,1
2026-06-22,000858,14:06:30,76.5100,18,2
2026-06-22,000858,14:06:33,76.5200,10,1
2026-06-22,000858,14:06:36,76.5100,67,2
2026-06-22,000858,14:06:39,76.5100,27,2
2026-06-22,000858,14:06:42,76.5100,20,1
2026-06-22,000858,14:06:45,76.5100,25,1
2026-06-22,000858,14:06:48,76.5100,42,2
2026-06-22,000858,14:06:51,76.5200,79,1
2026-06-22,000858,14:06:54,76.5200,12,2
2026-06-22,000858,10:56:03,75.7700,29,2
2026-06-22,000858,10:56:06,75.7700,87,2
2026-06-22,000858,10:56:09,75.8200,49,1
2026-06-22,000858,10:56:12,75.8200,34,1
2026-06-22,000858,10:56:15,75.8200,13,1
2026-06-22,000858,10:56:18,75.8200,34,1
2026-06-22,000858,10:56:21,75.7900,22,2
2026-06-22,000858,10:56:24,75.7600,113,2
2026-06-22,000858,10:56:27,75.7600,99,2
2026-06-22,000858,10:56:30,75.7600,11,1
2026-06-22,000858,10:56:33,75.7600,32,1
2026-06-22,000858,10:56:36,75.7400,52,2
2026-06-22,000858,10:56:39,75.7700,28,1
2026-06-22,000858,10:56:42,75.7700,3,1
2026-06-22,000858,10:56:45,75.7400,14,2
2026-06-22,000858,10:56:48,75.7200,26,2
2026-06-22,000858,10:56:51,75.7100,4,2
2026-06-22,000858,10:56:54,75.7000,18,2
2026-06-22,000858,10:56:57,75.7100,25,2
2026-06-22,000858,10:57:00,75.7100,14,2
2026-06-22,000858,10:57:03,75.7600,54,1
2026-06-22,000858,10:57:06,75.8000,34,1
2026-06-22,000858,10:57:09,75.8100,11,1
2026-06-22,000858,10:57:12,75.8100,16,2
2026-06-22,000858,10:57:15,75.8100,40,1
2026-06-22,000858,10:57:18,75.8100,7,1
2026-06-22,000858,10:57:21,75.8100,24,2
2026-06-22,000858,10:57:24,75.8300,79,1
2026-06-22,000858,10:57:27,75.8200,31,2
2026-06-22,000858,10:57:30,75.8400,193,1
2026-06-22,000858,10:57:33,75.8300,18,2
2026-06-22,000858,10:57:36,75.8700,12,1
2026-06-22,000858,10:57:39,75.8400,35,2
2026-06-22,000858,10:57:42,75.8300,48,2
2026-06-22,000858,10:57:45,75.8300,54,2
2026-06-22,000858,10:57:48,75.8500,15,1
2026-06-22,000858,10:57:51,75.8400,18,2
2026-06-22,000858,10:57:54,75.8600,31,1
2026-06-22,000858,10:57:57,75.8700,20,1
2026-06-22,000858,10:58:00,75.8600,29,4
2026-06-22,000858,10:58:03,75.8700,22,1
2026-06-22,000858,10:58:06,75.8400,289,2
2026-06-22,000858,10:58:09,75.8000,109,2
2026-06-22,000858,10:58:12,75.8000,30,2
2026-06-22,000858,10:58:15,75.7700,134,4
2026-06-22,000858,10:58:18,75.8100,111,1
2026-06-22,000858,10:58:21,75.8400,17,1
2026-06-22,000858,10:58:24,75.8000,2,2
2026-06-22,000858,10:58:27,75.8500,21,1
2026-06-22,000858,10:58:30,75.8700,146,1
2026-06-22,000858,10:58:33,75.8600,1,2
2026-06-22,000858,10:58:36,75.8800,39,1
2026-06-22,000858,10:58:39,75.8800,24,2
2026-06-22,000858,10:58:42,75.8900,29,1
2026-06-22,000858,10:58:45,75.8800,63,2
2026-06-22,000858,10:58:48,75.8800,167,1
2026-06-22,000858,10:58:51,75.9000,90,1
2026-06-22,000858,10:58:54,75.9200,14,1
2026-06-22,000858,10:58:57,75.9200,6,2
2026-06-22,000858,10:59:00,75.9500,178,1
2026-06-22,000858,10:59:03,75.9500,266,2
2026-06-22,000858,10:59:06,75.9500,43,1
2026-06-22,000858,10:59:09,75.9400,17,4
2026-06-22,000858,10:59:12,75.9300,38,2
2026-06-22,000858,10:59:15,75.9200,70,2
2026-06-22,000858,10:59:18,75.8900,223,2
2026-06-22,000858,10:59:21,75.8800,9,2
2026-06-22,000858,10:59:24,75.8700,26,2
2026-06-22,000858,10:59:27,75.8900,17,1
2026-06-22,000858,10:59:30,75.8600,72,2
2026-06-22,000858,10:59:33,75.8600,66,1
2026-06-22,000858,10:59:36,75.8800,21,1
2026-06-22,000858,10:59:39,75.8700,30,2
2026-06-22,000858,10:59:42,75.9000,82,1
2026-06-22,000858,10:59:45,75.8900,23,2
2026-06-22,000858,10:59:48,75.9000,19,2
2026-06-22,000858,10:59:51,75.9000,24,2
2026-06-22,000858,10:59:54,75.9000,21,1
2026-06-22,000858,10:59:57,75.9000,12,2
2026-06-22,000858,11:00:00,75.9000,21,2
2026-06-22,000858,11:00:03,75.9200,27,1
2026-06-22,000858,11:00:06,75.9100,56,2
2026-06-22,000858,11:00:09,75.9100,37,1
2026-06-22,000858,11:00:12,75.9100,69,2
2026-06-22,000858,11:00:15,75.9000,16,1
2026-06-22,000858,11:00:18,75.8900,45,2
2026-06-22,000858,11:00:21,75.8700,20,2
2026-06-22,000858,11:00:24,75.8900,28,1
2026-06-22,000858,11:00:27,75.8700,5,2
2026-06-22,000858,11:00:30,75.8800,31,1
2026-06-22,000858,11:00:33,75.8800,12,1
2026-06-22,000858,11:00:36,75.8600,84,2
2026-06-22,000858,11:00:39,75.8400,20,2
2026-06-22,000858,11:00:42,75.8500,47,1
2026-06-22,000858,11:00:45,75.8400,18,2
2026-06-22,000858,11:00:48,75.8500,55,2
2026-06-22,000858,11:00:51,75.8300,18,2
2026-06-22,000858,11:00:54,75.8400,46,4
2026-06-22,000858,11:00:57,75.8400,3,2
2026-06-22,000858,11:01:00,75.8400,28,2
2026-06-22,000858,11:01:03,75.8400,22,2
2026-06-22,000858,11:01:06,75.8300,87,2
2026-06-22,000858,11:01:09,75.8000,4,2
2026-06-22,000858,11:01:12,75.8000,31,2
2026-06-22,000858,11:01:15,75.8000,19,2
2026-06-22,000858,11:01:18,75.8100,13,1
2026-06-22,000858,11:01:21,75.8200,26,1
2026-06-22,000858,11:01:24,75.8000,10,2
2026-06-22,000858,11:01:27,75.8200,11,1
2026-06-22,000858,11:01:30,75.8200,15,2
2026-06-22,000858,11:01:33,75.8200,14,2
2026-06-22,000858,11:01:36,75.8100,43,2
2026-06-22,000858,11:01:39,75.8200,21,1
2026-06-22,000858,11:01:42,75.7900,63,2
2026-06-22,000858,11:01:45,75.7100,58,2
2026-06-22,000858,11:01:48,75.7600,13,1
2026-06-22,000858,11:01:51,75.7600,36,1
2026-06-22,000858,11:01:54,75.7600,13,1
2026-06-22,000858,11:01:57,75.7600,29,2
2026-06-22,000858,11:02:00,75.7500,26,4
2026-06-22,000858,11:02:03,75.7400,187,2
2026-06-22,000858,11:02:06,75.7300,67,1
2026-06-22,000858,11:02:09,75.7000,35,2
2026-06-22,000858,11:02:12,75.7000,18,2
2026-06-22,000858,11:02:15,75.6900,49,2
2026-06-22,000858,11:02:18,75.6700,42,2
2026-06-22,000858,11:02:21,75.6700,27,4
2026-06-22,000858,11:02:24,75.6700,7,1
2026-06-22,000858,11:02:27,75.6500,29,2
2026-06-22,000858,11:02:30,75.6500,18,2
2026-06-22,000858,11:02:33,75.6600,12,2
2026-06-22,000858,11:02:36,75.6600,33,2
2026-06-22,000858,11:02:39,75.6700,20,1
2026-06-22,000858,11:02:42,75.6500,38,2
2026-06-22,000858,11:02:45,75.6600,12,2
2026-06-22,000858,11:02:48,75.6700,18,1
2026-06-22,000858,11:02:51,75.6800,35,1
2026-06-22,000858,11:02:54,75.6800,5,2
2026-06-22,000858,11:02:57,75.6800,3,1
2026-06-22,000858,11:03:00,75.6000,244,2
2026-06-22,000858,11:03:03,75.5900,59,2
2026-06-22,000858,11:03:06,75.6500,71,1
2026-06-22,000858,11:03:09,75.6000,60,2
2026-06-22,000858,11:03:12,75.5800,51,2
2026-06-22,000858,11:03:15,75.5900,61,1
2026-06-22,000858,11:03:18,75.6000,2,1
2026-06-22,000858,11:03:21,75.6000,20,1
2026-06-22,000858,11:03:24,75.6000,138,1
2026-06-22,000858,11:03:27,75.6000,25,1
2026-06-22,000858,11:03:30,75.6000,56,1
2026-06-22,000858,11:03:33,75.6000,29,1
2026-06-22,000858,11:03:36,75.6000,76,1
2026-06-22,000858,11:03:39,75.6000,104,1
2026-06-22,000858,11:03:42,75.5800,69,2
2026-06-22,000858,11:03:45,75.6000,77,1
2026-06-22,000858,11:03:48,75.5900,9,1
2026-06-22,000858,11:03:51,75.5900,18,1
2026-06-22,000858,11:03:54,75.5900,35,1
2026-06-22,000858,11:03:57,75.5800,39,2
2026-06-22,000858,11:04:00,75.5700,39,2
2026-06-22,000858,11:04:03,75.5800,23,1
2026-06-22,000858,11:04:06,75.5700,44,2
2026-06-22,000858,11:04:09,75.5500,725,2
2026-06-22,000858,11:04:12,75.5300,55,2
2026-06-22,000858,11:04:15,75.5100,18,2
2026-06-22,000858,11:04:18,75.5100,71,2
2026-06-22,000858,11:04:21,75.5100,23,2
2026-06-22,000858,11:04:24,75.5200,97,1
2026-06-22,000858,11:04:27,75.5100,22,2
2026-06-22,000858,11:04:30,75.5100,19,2
2026-06-22,000858,11:04:33,75.5400,36,1
2026-06-22,000858,11:04:36,75.5200,40,2
2026-06-22,000858,11:04:39,75.5400,9,4
2026-06-22,000858,11:04:42,75.5600,50,1
2026-06-22,000858,11:04:45,75.5400,6,2
2026-06-22,000858,11:04:48,75.5600,10,1
2026-06-22,000858,11:04:51,75.5400,14,2
2026-06-22,000858,11:04:54,75.5500,10,2
2026-06-22,000858,11:04:57,75.5500,12,2
2026-06-22,000858,11:05:00,75.5400,48,2
2026-06-22,000858,11:05:03,75.5400,6,2
2026-06-22,000858,11:05:06,75.5600,16,1
2026-06-22,000858,11:05:09,75.5600,12,2
2026-06-22,000858,11:05:12,75.5600,58,2
2026-06-22,000858,11:05:15,75.5300,80,2
2026-06-22,000858,11:05:18,75.5300,107,2
2026-06-22,000858,11:05:21,75.5000,107,2
2026-06-22,000858,11:05:24,75.5000,128,2
2026-06-22,000858,11:05:27,75.5100,39,1
2026-06-22,000858,11:05:30,75.5100,47,1
2026-06-22,000858,11:05:33,75.5200,39,1
2026-06-22,000858,11:05:36,75.5000,13,2
2026-06-22,000858,11:05:39,75.5200,7,2
2026-06-22,000858,11:05:42,75.5300,16,4
2026-06-22,000858,11:05:45,75.5200,14,2
2026-06-22,000858,11:05:48,75.5100,42,2
2026-06-22,000858,11:05:51,75.5300,32,1
2026-06-22,000858,11:05:54,75.5300,15,1
2026-06-22,000858,11:05:57,75.5200,8,2
2026-06-22,000858,11:06:00,75.5100,35,2
2026-06-22,000858,11:06:03,75.5000,23,2
2026-06-22,000858,11:06:06,75.5100,21,1
2026-06-22,000858,11:06:09,75.5000,93,2
2026-06-22,000858,11:06:12,75.4800,13,2
2026-06-22,000858,11:06:15,75.4900,21,4
2026-06-22,000858,11:06:18,75.4800,15,2
2026-06-22,000858,11:06:21,75.4800,19,2
2026-06-22,000858,11:06:24,75.4800,13,2
2026-06-22,000858,11:06:27,75.5000,10,1
2026-06-22,000858,11:06:30,75.4700,42,2
2026-06-22,000858,11:06:33,75.4900,7,1
2026-06-22,000858,11:06:36,75.4800,48,2
2026-06-22,000858,11:06:39,75.4900,4,2
2026-06-22,000858,11:06:42,75.4900,44,2
2026-06-22,000858,11:06:45,75.5500,151,1
2026-06-22,000858,11:06:48,75.5500,34,2
2026-06-22,000858,11:06:51,75.5600,18,4
2026-06-22,000858,11:06:54,75.5500,19,2
2026-06-22,000858,11:06:57,75.5600,19,1
2026-06-22,000858,11:07:00,75.5500,20,2
2026-06-22,000858,11:07:03,75.5500,28,2
2026-06-22,000858,11:07:06,75.5600,5,2
2026-06-22,000858,11:07:09,75.5600,10,2
2026-06-22,000858,11:07:12,75.5700,17,1
2026-06-22,000858,11:07:15,75.5700,20,1
2026-06-22,000858,11:07:18,75.5600,6,2
2026-06-22,000858,11:07:21,75.5700,25,1
2026-06-22,000858,11:07:24,75.5600,3,2
2026-06-22,000858,11:07:27,75.5800,4,1
2026-06-22,000858,11:07:30,75.5700,10,2
2026-06-22,000858,11:07:33,75.5800,9,1
2026-06-22,000858,11:07:36,75.5500,312,2
2026-06-22,000858,11:07:39,75.5800,32,2
2026-06-22,000858,11:07:42,75.5500,23,2
2026-06-22,000858,11:07:45,75.5500,16,2
2026-06-22,000858,11:07:48,75.5700,11,1
2026-06-22,000858,11:07:51,75.5500,14,2
2026-06-22,000858,11:07:54,75.5600,16,2
2026-06-22,000858,11:07:57,75.5600,6,2
2026-06-22,000858,11:08:00,75.5600,20,2
2026-06-22,000858,11:08:03,75.5500,69,2
2026-06-22,000858,11:08:06,75.5600,47,1
2026-06-22,000858,11:08:09,75.6000,24,1
2026-06-22,000858,11:08:12,75.5800,38,2
2026-06-22,000858,11:08:15,75.5500,10,2
2026-06-22,000858,11:08:18,75.5500,14,1
2026-06-22,000858,11:08:21,75.5600,25,1
2026-06-22,000858,11:08:24,75.5700,312,1
2026-06-22,000858,11:08:27,75.5800,45,2
2026-06-22,000858,11:08:30,75.5700,20,1
2026-06-22,000858,11:08:33,75.6100,315,1
2026-06-22,000858,11:08:36,75.5900,18,2
2026-06-22,000858,11:08:39,75.5900,20,2
2026-06-22,000858,11:08:42,75.6000,54,1
2026-06-22,000858,11:08:45,75.6000,17,4
2026-06-22,000858,11:08:48,75.6100,7,2
2026-06-22,000858,11:08:51,75.6200,14,1
2026-06-22,000858,11:08:54,75.6100,17,2
2026-06-22,000858,11:08:57,75.6100,18,2
2026-06-22,000858,11:09:00,75.6100,38,2
2026-06-22,000858,11:09:03,75.6500,12,1
2026-06-22,000858,11:09:06,75.6500,2,2
2026-06-22,000858,11:09:09,75.6600,101,1
2026-06-22,000858,11:09:12,75.6800,24,1
2026-06-22,000858,11:09:15,75.6900,31,1
2026-06-22,000858,11:09:18,75.6600,13,2
2026-06-22,000858,11:09:21,75.6700,21,2
2026-06-22,000858,11:09:24,75.6800,19,1
2026-06-22,000858,11:09:27,75.6800,5,1
2026-06-22,000858,11:09:30,75.6600,61,2
2026-06-22,000858,11:09:33,75.6800,28,1
2026-06-22,000858,11:09:36,75.6900,87,1
2026-06-22,000858,11:09:39,75.7500,21,1
2026-06-22,000858,11:09:42,75.7100,15,2
2026-06-22,000858,11:09:45,75.7600,3,1
2026-06-22,000858,11:09:48,75.7700,18,1
2026-06-22,000858,11:09:51,75.7600,13,2
2026-06-22,000858,11:09:54,75.7600,10,2
2026-06-22,000858,11:09:57,75.7700,12,4
2026-06-22,000858,11:10:00,75.7600,22,2
2026-06-22,000858,11:10:03,75.7600,21,1
2026-06-22,000858,11:10:06,75.7400,49,1
2026-06-22,000858,11:10:09,75.7400,9,2
2026-06-22,000858,11:10:12,75.7000,26,2
2026-06-22,000858,11:10:15,75.7500,69,1
2026-06-22,000858,11:10:18,75.7600,3,1
2026-06-22,000858,11:10:21,75.7500,105,2
2026-06-22,000858,11:10:24,75.7600,23,2
2026-06-22,000858,11:10:27,75.7600,70,2
2026-06-22,000858,11:10:30,75.7500,10,2
2026-06-22,000858,11:10:33,75.7600,17,2
2026-06-22,000858,11:10:36,75.7700,6,4
2026-06-22,000858,11:10:39,75.7700,7,1
2026-06-22,000858,11:10:42,75.7600,37,2
2026-06-22,000858,11:10:45,75.7800,10,1
2026-06-22,000858,11:10:48,75.7500,16,2
2026-06-22,000858,11:10:51,75.7700,12,1
2026-06-22,000858,11:10:54,75.7600,16,4
2026-06-22,000858,11:10:57,75.7700,69,1
2026-06-22,000858,11:11:00,75.7500,18,2
2026-06-22,000858,11:11:03,75.7600,15,2
2026-06-22,000858,11:11:06,75.7700,57,1
2026-06-22,000858,11:11:09,75.8000,76,1
2026-06-22,000858,11:11:12,75.7800,20,2
2026-06-22,000858,11:11:15,75.7700,50,2
2026-06-22,000858,11:11:18,75.7800,50,4
2026-06-22,000858,11:11:21,75.7900,18,1
2026-06-22,000858,11:11:24,75.7800,16,4
2026-06-22,000858,11:11:27,75.7700,1,2
2026-06-22,000858,11:11:30,75.7600,86,2
2026-06-22,000858,11:11:33,75.7800,28,2
2026-06-22,000858,11:11:36,75.8500,114,1
2026-06-22,000858,11:11:39,75.8800,4,1
2026-06-22,000858,11:11:42,75.8500,23,2
2026-06-22,000858,11:11:45,75.8500,6,2
2026-06-22,000858,11:11:48,75.8300,46,2
2026-06-22,000858,11:11:51,75.8000,31,2
2026-06-22,000858,11:11:54,75.8600,30,1
2026-06-22,000858,11:12:00,75.8500,5,1
2026-06-22,000858,11:12:03,75.8600,13,1
2026-06-22,000858,11:12:06,75.8600,15,1
2026-06-22,000858,11:12:09,75.9100,497,1
2026-06-22,000858,11:12:12,75.9300,16,2
2026-06-22,000858,11:12:15,75.9600,10,1
2026-06-22,000858,11:12:18,75.9400,71,2
2026-06-22,000858,11:12:21,75.9600,27,1
2026-06-22,000858,11:12:24,75.9600,60,1
2026-06-22,000858,11:12:27,75.9400,25,2
2026-06-22,000858,11:12:30,75.9400,115,1
2026-06-22,000858,11:12:33,75.9400,19,4
2026-06-22,000858,11:12:36,75.9200,37,2
2026-06-22,000858,11:12:39,75.9400,10,1
2026-06-22,000858,11:12:42,75.9200,14,2
2026-06-22,000858,11:12:45,75.9200,23,1
2026-06-22,000858,11:12:48,75.9200,40,1
2026-06-22,000858,11:12:51,75.8500,16,2
2026-06-22,000858,11:12:54,75.9000,49,1
2026-06-22,000858,11:12:57,75.8800,1,2
2026-06-22,000858,11:13:00,75.9000,15,1
2026-06-22,000858,11:13:03,75.8500,56,2
2026-06-22,000858,11:13:06,75.8600,10,2
2026-06-22,000858,11:13:09,75.8800,54,1
2026-06-22,000858,11:13:12,75.8800,9,2
2026-06-22,000858,11:13:15,75.8800,125,2
2026-06-22,000858,11:13:18,75.8800,19,1
2026-06-22,000858,11:13:21,75.8900,13,1
2026-06-22,000858,11:13:24,75.8800,3,4
2026-06-22,000858,11:13:27,75.8500,36,2
2026-06-22,000858,11:13:30,75.8600,7,1
2026-06-22,000858,11:13:33,75.8800,20,1
2026-06-22,000858,11:13:36,75.8700,5,4
2026-06-22,000858,11:13:39,75.8600,9,2
2026-06-22,000858,11:13:42,75.8600,15,2
2026-06-22,000858,11:13:45,75.8700,3,4
2026-06-22,000858,11:13:48,75.8800,23,1
2026-06-22,000858,11:13:51,75.8700,29,1
2026-06-22,000858,11:13:54,75.8800,19,1
2026-06-22,000858,11:13:57,75.8800,24,2
2026-06-22,000858,11:14:00,75.8800,21,1
2026-06-22,000858,11:14:03,75.8500,164,2
2026-06-22,000858,11:14:06,75.8500,17,1
2026-06-22,000858,11:14:09,75.8700,23,1
2026-06-22,000858,11:14:12,75.8700,8,2
2026-06-22,000858,11:14:15,75.8700,26,2
2026-06-22,000858,11:14:18,75.8700,64,2
2026-06-22,000858,11:14:21,75.8500,14,2
2026-06-22,000858,11:14:24,75.8500,22,2
2026-06-22,000858,11:14:27,75.8500,6,1
2026-06-22,000858,11:14:30,75.8400,8,2
2026-06-22,000858,11:14:33,75.8500,39,1
2026-06-22,000858,11:14:36,75.8500,43,1
2026-06-22,000858,11:14:39,75.8500,2,1
2026-06-22,000858,11:14:42,75.8400,51,2
2026-06-22,000858,11:14:45,75.8200,6,2
2026-06-22,000858,11:14:48,75.8000,20,2
2026-06-22,000858,11:14:51,75.8000,10,2
2026-06-22,000858,11:14:54,75.8100,3,4
2026-06-22,000858,11:14:57,75.8000,7,2
2026-06-22,000858,11:15:00,75.8000,5,2
2026-06-22,000858,11:15:03,75.8100,14,4
2026-06-22,000858,11:15:06,75.7800,62,2
2026-06-22,000858,11:15:09,75.7800,4,2
2026-06-22,000858,11:15:12,75.7700,14,2
2026-06-22,000858,11:15:15,75.7700,28,2
2026-06-22,000858,11:15:18,75.7700,23,2
2026-06-22,000858,11:15:21,75.7600,9,2
2026-06-22,000858,11:15:24,75.7700,5,1
2026-06-22,000858,11:15:27,75.7700,3,1
2026-06-22,000858,11:15:30,75.7300,56,2
2026-06-22,000858,11:15:33,75.7500,14,1
2026-06-22,000858,11:15:36,75.7400,2,2
2026-06-22,000858,11:15:39,75.7400,19,1
2026-06-22,000858,11:15:42,75.7300,16,2
2026-06-22,000858,11:15:45,75.7300,4,2
2026-06-22,000858,11:15:48,75.7300,31,1
2026-06-22,000858,11:15:51,75.6800,9,2
2026-06-22,000858,11:15:54,75.7000,4,1
2026-06-22,000858,11:15:57,75.6800,19,2
2026-06-22,000858,11:16:00,75.6800,30,2
2026-06-22,000858,11:16:03,75.6700,82,2
2026-06-22,000858,11:16:06,75.6500,6,2
2026-06-22,000858,11:16:09,75.6700,2,1
2026-06-22,000858,11:16:12,75.7000,19,1
2026-06-22,000858,11:16:15,75.6700,6,2
2026-06-22,000858,11:16:18,75.6900,5,4
2026-06-22,000858,11:16:21,75.6700,26,2
2026-06-22,000858,11:16:24,75.7000,22,1
2026-06-22,000858,11:16:27,75.6600,5,2
2026-06-22,000858,11:16:30,75.7000,9,1
2026-06-22,000858,11:16:33,75.6600,13,2
2026-06-22,000858,11:16:36,75.6900,2,1
2026-06-22,000858,11:16:42,75.7000,21,1
2026-06-22,000858,11:16:45,75.6800,39,2
2026-06-22,000858,11:16:48,75.6800,23,2
2026-06-22,000858,11:16:51,75.6800,15,2
2026-06-22,000858,11:16:54,75.6700,18,2
2026-06-22,000858,11:16:57,75.6600,8,2
2026-06-22,000858,11:17:00,75.6700,42,1
2026-06-22,000858,11:17:03,75.7100,17,1
2026-06-22,000858,11:17:06,75.7000,21,2
2026-06-22,000858,11:17:09,75.7200,3,2
2026-06-22,000858,11:17:12,75.7000,19,2
2026-06-22,000858,11:17:15,75.6800,59,2
2026-06-22,000858,11:17:18,75.7000,41,1
2026-06-22,000858,11:17:21,75.6900,39,2
2026-06-22,000858,11:17:24,75.7000,85,1
2026-06-22,000858,11:17:27,75.7100,5,1
2026-06-22,000858,11:17:30,75.6900,59,2
2026-06-22,000858,11:17:33,75.7100,20,2
2026-06-22,000858,11:17:36,75.7300,143,1
2026-06-22,000858,11:17:39,75.7700,56,1
2026-06-22,000858,11:17:42,75.7500,8,2
2026-06-22,000858,11:17:45,75.7500,2,2
2026-06-22,000858,11:17:48,75.8000,5,1
2026-06-22,000858,11:17:51,75.7500,15,2
2026-06-22,000858,11:17:57,75.8000,53,1
