date,code,time,price,volume,bs
2026-03-13,000333,14:06:18,77.0900,6,2
2026-03-13,000333,14:06:21,77.0900,22,2
2026-03-13,000333,14:06:24,77.1000,73,1
2026-03-13,000333,14:06:27,77.1000,13,2
2026-03-13,000333,14:06:30,77.1100,16,1
2026-03-13,000333,14:06:33,77.1000,3,2
2026-03-13,000333,14:06:36,77.1000,3,2
2026-03-13,000333,14:06:39,77.1000,19,2
2026-03-13,000333,14:06:42,77.1000,9,2
2026-03-13,000333,14:06:45,77.1100,12,1
2026-03-13,000333,14:06:48,77.1100,198,1
2026-03-13,000333,14:06:51,77.1100,77,1
2026-03-13,000333,14:06:54,77.1100,39,1
2026-03-13,000333,14:06:57,77.1200,18,1
2026-03-13,000333,14:07:00,77.1100,29,2
2026-03-13,000333,14:07:03,77.1000,2,2
2026-03-13,000333,14:07:06,77.1100,9,1
2026-03-13,000333,14:07:09,77.1100,17,1
2026-03-13,000333,14:07:15,77.1000,20,2
2026-03-13,000333,14:07:18,77.1100,26,1
2026-03-13,000333,14:07:21,77.1000,1,2
2026-03-13,000333,14:07:24,77.1100,11,1
2026-03-13,000333,14:07:27,77.1000,3,2
2026-03-13,000333,14:07:30,77.1100,8,1
2026-03-13,000333,14:07:36,77.1100,14,1
2026-03-13,000333,14:07:39,77.1100,9,1
2026-03-13,000333,14:07:42,77.1100,26,1
2026-03-13,000333,14:07:45,77.1100,16,1
2026-03-13,000333,14:07:48,77.1100,17,1
2026-03-13,000333,14:07:51,77.1100,18,1
2026-03-13,000333,14:07:54,77.1000,25,2
2026-03-13,000333,14:07:57,77.1100,8,1
2026-03-13,000333,14:08:00,77.1000,31,2
2026-03-13,000333,14:08:03,77.1000,24,2
2026-03-13,000333,14:08:06,77.1100,13,1
2026-03-13,000333,14:08:09,77.1100,6,1
2026-03-13,000333,14:08:12,77.1000,10,2
2026-03-13,000333,14:08:15,77.1100,8,1
2026-03-13,000333,14:08:18,77.1000,38,2
2026-03-13,000333,14:08:21,77.1000,4,2
2026-03-13,000333,14:08:24,77.1100,11,1
2026-03-13,000333,14:08:27,77.1100,5,1
2026-03-13,000333,14:08:30,77.1000,2,2
2026-03-13,000333,14:08:33,77.1100,8,1
2026-03-13,000333,14:08:36,77.1100,7,1
2026-03-13,000333,14:08:39,77.1100,25,1
2026-03-13,000333,14:08:42,77.1100,8,1
2026-03-13,000333,14:08:45,77.1000,7,2
2026-03-13,000333,14:08:48,77.1000,12,2
2026-03-13,000333,14:08:51,77.1000,72,2
2026-03-13,000333,14:08:54,77.1100,44,4
2026-03-13,000333,14:08:57,77.1200,157,1
2026-03-13,000333,14:09:00,77.1200,17,2
2026-03-13,000333,14:09:03,77.1200,36,2
2026-03-13,000333,14:09:06,77.1300,6,1
2026-03-13,000333,14:09:09,77.1300,6,1
2026-03-13,000333,14:09:12,77.1300,88,1
2026-03-13,000333,14:09:15,77.1400,25,1
2026-03-13,000333,14:09:18,77.1400,95,1
2026-03-13,000333,14:09:21,77.1500,175,1
2026-03-13,000333,14:09:24,77.1400,53,1
2026-03-13,000333,14:09:27,77.1400,127,1
2026-03-13,000333,14:09:30,77.1000,177,2
2026-03-13,000333,14:09:33,77.0800,284,2
2026-03-13,000333,14:09:36,77.1300,49,1
2026-03-13,000333,14:09:39,77.1300,19,1
2026-03-13,000333,14:09:42,77.1200,27,1
2026-03-13,000333,14:09:45,77.0800,13,2
2026-03-13,000333,14:09:48,77.1200,34,1
2026-03-13,000333,14:09:51,77.0900,16,2
2026-03-13,000333,14:09:54,77.1000,26,1
2026-03-13,000333,14:09:57,77.1000,38,2
2026-03-13,000333,14:10:00,77.1100,35,1
2026-03-13,000333,14:10:03,77.1200,57,1
2026-03-13,000333,14:10:06,77.1400,18,1
2026-03-13,000333,14:10:09,77.1400,13,1
2026-03-13,000333,14:10:12,77.1400,3,1
2026-03-13,000333,14:10:15,77.1400,6,1
2026-03-13,000333,14:10:18,77.1400,6,1
2026-03-13,000333,14:10:21,77.1400,11,1
2026-03-13,000333,14:10:24,77.1400,4,1
2026-03-13,000333,14:10:27,77.1300,9,2
2026-03-13,000333,14:10:30,77.1400,36,1
2026-03-13,000333,14:10:33,77.1400,7,1
2026-03-13,000333,14:10:36,77.1300,5,2
2026-03-13,000333,14:10:39,77.1400,181,1
2026-03-13,000333,14:10:42,77.1500,18,1
2026-03-13,000333,14:10:45,77.1500,37,1
2026-03-13,000333,14:10:48,77.1400,22,2
2026-03-13,000333,14:10:51,77.1500,8,1
2026-03-13,000333,14:10:54,77.1500,24,1
2026-03-13,000333,14:10:57,77.1600,4,1
2026-03-13,000333,14:11:00,77.1600,3,1
2026-03-13,000333,14:11:03,77.1700,78,1
2026-03-13,000333,14:11:06,77.1900,12,1
2026-03-13,000333,14:11:09,77.1700,16,4
2026-03-13,000333,14:11:12,77.1700,100,1
2026-03-13,000333,14:11:15,77.1700,37,2
2026-03-13,000333,14:11:18,77.1900,29,1
2026-03-13,000333,14:11:21,77.1800,28,4
2026-03-13,000333,14:11:24,77.1800,35,1
2026-03-13,000333,14:11:27,77.1900,9,1
2026-03-13,000333,14:11:30,77.1600,36,2
2026-03-13,000333,14:11:33,77.1700,63,4
2026-03-13,000333,14:11:36,77.1600,59,1
2026-03-13,000333,14:11:39,77.1600,74,1
2026-03-13,000333,14:11:42,77.1500,14,2
2026-03-13,000333,14:11:45,77.1500,9,2
2026-03-13,000333,14:11:48,77.1700,7,1
2026-03-13,000333,14:11:51,77.1800,12,1
2026-03-13,000333,14:11:54,77.1500,4,2
2026-03-13,000333,14:11:57,77.1500,106,2
2026-03-13,000333,14:12:00,77.1600,48,2
2026-03-13,000333,14:12:03,77.1600,48,2
2026-03-13,000333,14:12:06,77.1600,37,1
2026-03-13,000333,14:12:09,77.1700,29,1
2026-03-13,000333,14:12:12,77.1700,1,4
2026-03-13,000333,14:12:15,77.1700,2,1
2026-03-13,000333,14:12:18,77.1700,6,1
2026-03-13,000333,14:12:21,77.1600,8,2
2026-03-13,000333,14:12:24,77.1700,11,1
2026-03-13,000333,14:12:27,77.1600,18,2
2026-03-13,000333,14:12:30,77.1700,28,1
2026-03-13,000333,14:12:33,77.1700,8,1
2026-03-13,000333,14:12:36,77.1700,12,1
2026-03-13,000333,14:12:39,77.1600,22,2
2026-03-13,000333,14:12:42,77.1700,10,1
2026-03-13,000333,14:12:45,77.1700,16,1
2026-03-13,000333,14:12:48,77.1700,8,1
2026-03-13,000333,14:12:51,77.1500,125,2
2026-03-13,000333,14:12:54,77.1500,112,2
2026-03-13,000333,14:12:57,77.1800,49,1
2026-03-13,000333,14:13:00,77.1500,105,2
2026-03-13,000333,14:13:03,77.1500,28,2
2026-03-13,000333,14:13:06,77.1500,35,2
2026-03-13,000333,14:13:09,77.1900,37,1
2026-03-13,000333,14:13:12,77.1400,2,2
2026-03-13,000333,14:13:15,77.1600,58,1
2026-03-13,000333,14:13:18,77.1800,12,1
2026-03-13,000333,14:13:21,77.1700,4,2
2026-03-13,000333,14:13:24,77.1700,5,2
2026-03-13,000333,14:13:27,77.1600,38,2
2026-03-13,000333,14:13:30,77.1900,66,1
2026-03-13,000333,14:13:33,77.1700,60,2
2026-03-13,000333,14:13:36,77.1900,6,1
2026-03-13,000333,14:13:42,77.1900,8,1
2026-03-13,000333,14:13:45,77.1700,40,2
2026-03-13,000333,14:13:48,77.1800,14,1
2026-03-13,000333,14:13:51,77.1700,10,2
2026-03-13,000333,14:13:54,77.1700,4,2
2026-03-13,000333,14:13:57,77.1800,45,1
2026-03-13,000333,14:14:00,77.1800,5,1
2026-03-13,000333,14:14:03,77.1800,30,1
2026-03-13,000333,14:14:06,77.1700,65,2
2026-03-13,000333,14:14:09,77.1700,101,4
2026-03-13,000333,14:14:12,77.1700,11,1
2026-03-13,000333,14:14:15,77.1700,1,1
2026-03-13,000333,14:14:18,77.1400,118,2
2026-03-13,000333,14:14:21,77.1200,128,2
2026-03-13,000333,14:14:24,77.0900,179,2
2026-03-13,000333,14:14:27,77.0900,79,1
2026-03-13,000333,14:14:30,77.0800,22,2
2026-03-13,000333,14:14:33,77.0900,7,1
2026-03-13,000333,14:14:36,77.0900,56,1
2026-03-13,000333,14:14:39,77.0900,42,1
2026-03-13,000333,14:14:42,77.0900,48,1
2026-03-13,000333,14:14:45,77.0900,37,1
2026-03-13,000333,14:14:48,77.0900,28,1
2026-03-13,000333,14:14:51,77.0900,7,1
2026-03-13,000333,14:14:54,77.0900,43,1
2026-03-13,000333,14:14:57,77.0700,45,2
2026-03-13,000333,14:15:00,77.0800,20,2
2026-03-13,000333,14:15:03,77.0800,9,2
2026-03-13,000333,14:15:06,77.1000,26,1
2026-03-13,000333,14:15:09,77.1000,76,1
2026-03-13,000333,14:15:12,77.1100,12,1
2026-03-13,000333,14:15:15,77.1100,7,1
2026-03-13,000333,14:15:18,77.1000,27,2
2026-03-13,000333,14:15:21,77.1000,14,2
2026-03-13,000333,14:15:24,77.1100,11,1
2026-03-13,000333,14:15:27,77.1100,8,1
2026-03-13,000333,14:15:30,77.1100,11,1
2026-03-13,000333,14:15:33,77.1100,22,1
2026-03-13,000333,14:15:36,77.1100,14,1
2026-03-13,000333,14:15:39,77.1200,86,1
2026-03-13,000333,14:15:42,77.1400,12,1
2026-03-13,000333,14:15:45,77.1400,14,1
2026-03-13,000333,14:15:48,77.1400,23,1
2026-03-13,000333,14:15:51,77.1400,8,2
2026-03-13,000333,14:15:54,77.1400,20,2
2026-03-13,000333,14:15:57,77.1500,33,1
2026-03-13,000333,14:16:00,77.1600,18,1
2026-03-13,000333,14:16:03,77.1500,5,2
2026-03-13,000333,14:16:06,77.1600,9,1
2026-03-13,000333,14:16:09,77.1400,68,2
2026-03-13,000333,14:16:12,77.1500,25,1
2026-03-13,000333,14:16:15,77.1500,2,1
2026-03-13,000333,14:16:21,77.1400,2,2
2026-03-13,000333,14:16:24,77.1400,89,2
2026-03-13,000333,14:16:27,77.1300,44,2
2026-03-13,000333,14:16:30,77.1300,39,2
2026-03-13,000333,14:16:33,77.1300,26,2
2026-03-13,000333,14:16:36,77.1300,36,2
2026-03-13,000333,14:16:39,77.1300,31,2
2026-03-13,000333,14:16:42,77.1200,5,2
2026-03-13,000333,14:16:45,77.1200,8,2
2026-03-13,000333,14:16:48,77.1200,41,2
2026-03-13,000333,14:16:51,77.1400,60,1
2026-03-13,000333,14:16:54,77.1200,5,2
2026-03-13,000333,14:16:57,77.1200,17,2
2026-03-13,000333,14:17:00,77.1200,8,2
2026-03-13,000333,14:17:03,77.1300,21,1
2026-03-13,000333,14:17:06,77.1200,19,2
2026-03-13,000333,14:17:09,77.1400,107,1
2026-03-13,000333,14:17:12,77.1400,13,1
2026-03-13,000333,14:17:15,77.1400,23,1
2026-03-13,000333,14:17:18,77.1300,28,2
2026-03-13,000333,14:17:21,77.1300,8,2
2026-03-13,000333,14:17:24,77.1400,7,1
2026-03-13,000333,14:17:27,77.1400,5,1
2026-03-13,000333,14:17:30,77.1400,9,1
2026-03-13,000333,14:17:33,77.1400,2,1
2026-03-13,000333,14:17:36,77.1500,15,1
2026-03-13,000333,14:17:39,77.1500,6,1
2026-03-13,000333,14:17:42,77.1500,6,1
2026-03-13,000333,14:17:45,77.1400,17,2
2026-03-13,000333,14:17:48,77.1500,10,1
2026-03-13,000333,14:17:51,77.1500,16,1
2026-03-13,000333,14:17:54,77.1400,124,4
2026-03-13,000333,14:17:57,77.1500,61,1
2026-03-13,000333,14:18:00,77.1300,44,2
2026-03-13,000333,14:18:03,77.1400,65,1
2026-03-13,000333,14:18:06,77.1400,48,4
2026-03-13,000333,14:18:09,77.1300,7,4
2026-03-13,000333,14:18:12,77.1200,9,2
2026-03-13,000333,14:18:15,77.1400,6,1
2026-03-13,000333,14:18:18,77.1400,3,1
2026-03-13,000333,14:18:21,77.1300,2,2
2026-03-13,000333,14:18:24,77.1400,3,1
2026-03-13,000333,14:18:27,77.1400,5,1
2026-03-13,000333,14:18:30,77.1300,12,2
2026-03-13,000333,14:18:33,77.1300,11,2
2026-03-13,000333,14:18:36,77.1400,3,1
2026-03-13,000333,14:18:39,77.1300,24,2
2026-03-13,000333,14:18:42,77.1300,21,2
2026-03-13,000333,14:18:45,77.1400,2,4
2026-03-13,000333,14:18:48,77.1400,7,2
2026-03-13,000333,14:18:51,77.1300,32,2
2026-03-13,000333,14:18:54,77.1300,6,2
2026-03-13,000333,14:18:57,77.1300,9,2
2026-03-13,000333,14:19:00,77.1400,3,1
2026-03-13,000333,14:19:03,77.1300,24,2
2026-03-13,000333,14:19:06,77.1500,203,1
2026-03-13,000333,14:19:09,77.1400,24,2
2026-03-13,000333,14:19:12,77.1500,18,1
2026-03-13,000333,14:19:15,77.1600,14,1
2026-03-13,000333,14:19:18,77.1600,65,1
2026-03-13,000333,14:19:21,77.1600,19,1
2026-03-13,000333,14:19:24,77.1700,102,1
2026-03-13,000333,14:19:27,77.1600,31,2
2026-03-13,000333,14:19:30,77.1600,9,2
2026-03-13,000333,14:19:33,77.1700,120,1
2026-03-13,000333,14:19:36,77.1700,137,2
2026-03-13,000333,14:19:39,77.1700,61,2
2026-03-13,000333,14:19:42,77.1900,30,1
2026-03-13,000333,14:19:45,77.1800,19,1
2026-03-13,000333,14:19:48,77.1900,17,1
2026-03-13,000333,14:19:51,77.1800,15,2
2026-03-13,000333,14:19:54,77.1900,38,1
2026-03-13,000333,14:19:57,77.1800,4,2
2026-03-13,000333,14:20:00,77.1800,32,2
2026-03-13,000333,14:20:03,77.1900,14,1
2026-03-13,000333,14:20:06,77.1600,82,2
2026-03-13,000333,14:20:09,77.1800,8,1
2026-03-13,000333,14:20:12,77.1900,19,1
2026-03-13,000333,14:20:15,77.1800,8,2
2026-03-13,000333,14:20:18,77.1900,20,1
2026-03-13,000333,14:20:21,77.1900,5,1
2026-03-13,000333,14:20:24,77.1800,52,2
2026-03-13,000333,14:20:27,77.1800,11,1
2026-03-13,000333,14:20:30,77.1800,4,2
2026-03-13,000333,14:20:33,77.1800,30,2
2026-03-13,000333,14:20:36,77.1700,14,2
2026-03-13,000333,14:20:39,77.1800,35,4
2026-03-13,000333,14:20:42,77.1800,8,2
2026-03-13,000333,14:20:45,77.1900,33,1
2026-03-13,000333,14:20:48,77.1900,66,1
2026-03-13,000333,14:20:51,77.2000,12,1
2026-03-13,000333,14:20:54,77.1900,87,2
2026-03-13,000333,14:20:57,77.2000,46,1
2026-03-13,000333,14:21:00,77.1900,8,2
2026-03-13,000333,14:21:03,77.1900,19,2
2026-03-13,000333,14:21:06,77.2000,4,1
2026-03-13,000333,14:21:09,77.1900,9,2
2026-03-13,000333,14:21:12,77.2000,68,1
2026-03-13,000333,14:21:15,77.2000,48,1
2026-03-13,000333,14:21:18,77.2100,17,1
2026-03-13,000333,14:21:21,77.2100,59,1
2026-03-13,000333,14:21:24,77.2100,1,1
2026-03-13,000333,14:21:27,77.2100,44,1
2026-03-13,000333,14:21:30,77.2100,15,1
2026-03-13,000333,14:21:33,77.2100,4,1
2026-03-13,000333,14:21:36,77.2100,19,1
2026-03-13,000333,14:21:39,77.2200,34,1
2026-03-13,000333,14:21:42,77.2000,26,2
2026-03-13,000333,14:21:45,77.2300,20,1
2026-03-13,000333,14:21:48,77.2300,1,1
2026-03-13,000333,14:21:51,77.2300,112,1
2026-03-13,000333,14:21:54,77.2300,13,2
2026-03-13,000333,14:21:57,77.2500,71,1
2026-03-13,000333,14:22:00,77.2600,12,1
2026-03-13,000333,14:22:03,77.2600,23,1
2026-03-13,000333,14:22:06,77.2400,27,2
2026-03-13,000333,14:22:09,77.2400,11,2
2026-03-13,000333,14:22:12,77.2400,20,2
2026-03-13,000333,14:22:15,77.2300,12,2
2026-03-13,000333,14:22:18,77.2400,20,1
2026-03-13,000333,14:22:21,77.2400,9,1
2026-03-13,000333,14:22:24,77.2400,4,1
2026-03-13,000333,14:22:27,77.2300,33,2
2026-03-13,000333,14:22:30,77.2400,8,1
2026-03-13,000333,14:22:33,77.2300,133,2
2026-03-13,000333,14:22:36,77.2200,25,2
2026-03-13,000333,14:22:39,77.2200,47,2
2026-03-13,000333,14:22:42,77.2200,32,2
2026-03-13,000333,14:22:45,77.2200,53,1
2026-03-13,000333,14:22:48,77.2000,137,2
2026-03-13,000333,14:22:51,77.2000,13,1
2026-03-13,000333,14:22:54,77.1900,17,2
2026-03-13,000333,14:23:00,77.1900,57,2
2026-03-13,000333,14:23:03,77.1900,93,2
2026-03-13,000333,14:23:06,77.1900,27,4
2026-03-13,000333,14:23:09,77.1900,15,1
2026-03-13,000333,14:23:12,77.1800,9,2
2026-03-13,000333,14:23:15,77.1800,12,2
2026-03-13,000333,14:23:18,77.1900,29,1
2026-03-13,000333,14:23:21,77.1900,13,1
2026-03-13,000333,14:23:24,77.1800,7,2
2026-03-13,000333,14:23:27,77.1800,2,2
2026-03-13,000333,14:23:30,77.1900,12,1
2026-03-13,000333,14:23:33,77.1700,228,2
2026-03-13,000333,14:23:36,77.1700,19,2
2026-03-13,000333,14:23:39,77.1700,61,1
2026-03-13,000333,14:23:42,77.1700,16,1
2026-03-13,000333,14:23:45,77.1600,12,2
2026-03-13,000333,14:23:48,77.1700,8,1
2026-03-13,000333,14:23:51,77.1600,29,2
2026-03-13,000333,14:23:54,77.1600,13,2
2026-03-13,000333,14:23:57,77.1600,14,2
2026-03-13,000333,14:24:00,77.1600,28,2
2026-03-13,000333,14:24:03,77.1600,11,2
2026-03-13,000333,14:24:06,77.1600,2,2
2026-03-13,000333,14:24:09,77.1700,16,1
2026-03-13,000333,14:24:12,77.1600,2,2
2026-03-13,000333,14:24:15,77.1600,11,2
2026-03-13,000333,14:24:18,77.1700,24,1
2026-03-13,000333,14:24:21,77.1600,23,2
2026-03-13,000333,14:24:24,77.1700,3,1
2026-03-13,000333,14:24:27,77.1600,13,2
2026-03-13,000333,14:24:30,77.1600,12,2
2026-03-13,000333,14:24:33,77.1600,18,2
2026-03-13,000333,14:24:36,77.1600,19,2
2026-03-13,000333,14:24:39,77.1600,26,2
2026-03-13,000333,14:24:42,77.1600,11,2
2026-03-13,000333,14:24:45,77.1600,35,2
2026-03-13,000333,14:24:48,77.1600,25,2
2026-03-13,000333,14:24:51,77.1600,7,1
2026-03-13,000333,14:24:54,77.1500,102,2
2026-03-13,000333,14:24:57,77.1600,12,1
2026-03-13,000333,14:25:00,77.1600,8,1
2026-03-13,000333,14:25:03,77.1500,20,2
2026-03-13,000333,14:25:06,77.1500,42,2
2026-03-13,000333,14:25:09,77.1500,11,2
2026-03-13,000333,14:25:12,77.1600,8,1
2026-03-13,000333,14:25:15,77.1500,8,2
2026-03-13,000333,14:25:18,77.1600,68,1
2026-03-13,000333,14:25:21,77.1500,26,2
2026-03-13,000333,14:25:24,77.1600,8,1
2026-03-13,000333,14:25:27,77.1500,31,2
2026-03-13,000333,14:25:30,77.1500,6,2
2026-03-13,000333,14:25:33,77.1500,10,2
2026-03-13,000333,14:25:36,77.1600,12,1
2026-03-13,000333,14:25:39,77.1600,66,1
2026-03-13,000333,14:25:42,77.1600,19,1
2026-03-13,000333,14:25:45,77.1600,7,1
2026-03-13,000333,14:25:48,77.1600,14,1
2026-03-13,000333,14:25:51,77.1600,13,1
2026-03-13,000333,14:25:54,77.1500,8,2
2026-03-13,000333,14:26:00,77.1500,34,2
2026-03-13,000333,14:26:03,77.1500,30,2
2026-03-13,000333,14:26:06,77.1500,25,2
2026-03-13,000333,14:26:09,77.1600,48,1
2026-03-13,000333,14:26:12,77.1500,61,2
2026-03-13,000333,14:26:15,77.1400,9,2
2026-03-13,000333,14:26:18,77.1400,88,2
2026-03-13,000333,14:26:21,77.1400,79,2
2026-03-13,000333,14:26:24,77.1400,23,2
2026-03-13,000333,14:26:27,77.1300,15,2
2026-03-13,000333,14:26:30,77.1300,58,2
2026-03-13,000333,14:26:33,77.1300,14,2
2026-03-13,000333,14:26:36,77.1300,2,2
2026-03-13,000333,14:26:39,77.1400,37,1
2026-03-13,000333,14:26:42,77.1300,1,2
2026-03-13,000333,14:26:45,77.1300,10,2
2026-03-13,000333,14:26:48,77.1300,75,2
2026-03-13,000333,14:26:51,77.1300,5,2
2026-03-13,000333,14:26:54,77.1300,7,2
2026-03-13,000333,14:26:57,77.1400,24,1
2026-03-13,000333,14:27:00,77.1300,13,4
2026-03-13,000333,14:27:03,77.1300,12,2
2026-03-13,000333,14:27:06,77.1400,36,1
2026-03-13,000333,14:27:09,77.1300,11,2
2026-03-13,000333,14:27:15,77.1300,3,2
2026-03-13,000333,14:27:18,77.1300,7,2
2026-03-13,000333,14:27:21,77.1300,28,2
2026-03-13,000333,14:27:24,77.1300,3,2
2026-03-13,000333,14:27:27,77.1300,21,2
2026-03-13,000333,14:27:30,77.1400,11,1
2026-03-13,000333,14:27:33,77.1400,3,1
2026-03-13,000333,14:27:36,77.1300,8,2
2026-03-13,000333,14:27:39,77.1400,3,1
2026-03-13,000333,14:27:42,77.1300,19,2
2026-03-13,000333,14:27:45,77.1300,84,2
2026-03-13,000333,14:27:51,77.1300,6,1
2026-03-13,000333,14:27:54,77.1200,11,2
2026-03-13,000333,14:27:57,77.1300,4,1
2026-03-13,000333,14:28:00,77.1200,32,2
2026-03-13,000333,14:28:03,77.1200,139,2
2026-03-13,000333,14:28:06,77.1100,7,2
2026-03-13,000333,14:28:09,77.1200,1,1
2026-03-13,000333,14:28:12,77.1100,14,2
2026-03-13,000333,14:28:15,77.1200,10,1
2026-03-13,000333,14:28:18,77.1100,65,2
2026-03-13,000333,14:28:21,77.1100,4,2
2026-03-13,000333,14:28:24,77.1200,11,1
2026-03-13,000333,14:28:27,77.1100,21,2
2026-03-13,000333,14:28:30,77.1100,16,2
2026-03-13,000333,14:28:33,77.1200,30,1
2026-03-13,000333,14:28:36,77.1100,8,2
2026-03-13,000333,14:28:39,77.1100,20,2
2026-03-13,000333,14:28:42,77.1100,6,2
2026-03-13,000333,14:28:48,77.1100,16,2
2026-03-13,000333,14:28:54,77.1100,14,2
2026-03-13,000333,14:28:57,77.1200,23,1
2026-03-13,000333,14:29:00,77.1100,8,2
2026-03-13,000333,14:29:03,77.1000,80,2
2026-03-13,000333,14:29:06,77.1100,18,1
2026-03-13,000333,14:29:09,77.1100,9,1
2026-03-13,000333,14:29:12,77.1100,10,1
2026-03-13,000333,14:29:15,77.1000,206,2
2026-03-13,000333,14:29:18,77.1500,482,1
2026-03-13,000333,14:29:21,77.1600,66,1
2026-03-13,000333,14:29:24,77.1600,3,2
2026-03-13,000333,14:29:27,77.1600,17,2
2026-03-13,000333,14:29:30,77.1700,12,1
2026-03-13,000333,14:29:33,77.1700,12,1
2026-03-13,000333,14:29:36,77.1600,15,2
2026-03-13,000333,14:29:39,77.1600,70,2
2026-03-13,000333,14:29:42,77.1600,20,1
2026-03-13,000333,14:29:45,77.1600,7,1
2026-03-13,000333,14:29:48,77.1500,78,2
2026-03-13,000333,14:29:51,77.1400,7,2
2026-03-13,000333,14:29:54,77.1500,14,1
2026-03-13,000333,14:29:57,77.1500,61,1
2026-03-13,000333,14:30:00,77.1500,36,2
2026-03-13,000333,14:30:03,77.1500,58,1
2026-03-13,000333,14:30:06,77.1500,35,1
2026-03-13,000333,14:30:09,77.1500,20,2
2026-03-13,000333,14:30:12,77.1400,154,2
2026-03-13,000333,14:30:15,77.1300,23,2
2026-03-13,000333,14:30:18,77.1400,43,1
2026-03-13,000333,14:30:21,77.1500,13,1
2026-03-13,000333,14:30:24,77.1500,11,1
2026-03-13,000333,14:30:27,77.1200,13,2
2026-03-13,000333,14:30:30,77.1200,16,2
2026-03-13,000333,14:30:33,77.1300,24,1
2026-03-13,000333,14:30:36,77.1200,16,2
2026-03-13,000333,14:30:39,77.1200,39,2
2026-03-13,000333,14:30:42,77.1200,159,2
2026-03-13,000333,14:30:45,77.1200,21,2
2026-03-13,000333,14:30:48,77.1200,4,2
2026-03-13,000333,14:30:51,77.1200,3,2
2026-03-13,000333,14:30:54,77.1100,27,2
2026-03-13,000333,14:30:57,77.1100,4,2
2026-03-13,000333,14:31:00,77.1100,7,2
2026-03-13,000333,14:31:03,77.1100,5,2
2026-03-13,000333,14:31:06,77.1100,11,2
2026-03-13,000333,14:31:09,77.1100,6,2
2026-03-13,000333,14:31:12,77.1100,4,2
2026-03-13,000333,14:31:15,77.1100,66,2
2026-03-13,000333,14:31:18,77.1100,9,1
2026-03-13,000333,14:31:21,77.1100,6,1
2026-03-13,000333,14:31:24,77.1100,1,1
2026-03-13,000333,14:31:27,77.1100,56,1
2026-03-13,000333,14:31:30,77.1100,17,2
2026-03-13,000333,14:31:33,77.1200,23,1
2026-03-13,000333,14:31:36,77.1200,3,1
2026-03-13,000333,14:31:39,77.1100,15,2
2026-03-13,000333,14:31:42,77.1300,16,1
2026-03-13,000333,14:31:48,77.1300,7,1
2026-03-13,000333,14:31:54,77.1200,9,2
2026-03-13,000333,14:31:57,77.1300,2,1
2026-03-13,000333,14:32:00,77.1300,5,1
2026-03-13,000333,14:32:03,77.1200,55,2
2026-03-13,000333,14:32:06,77.1200,32,2
2026-03-13,000333,14:32:09,77.1100,277,2
2026-03-13,000333,14:32:12,77.1200,48,1
2026-03-13,000333,14:32:15,77.1200,13,2
2026-03-13,000333,14:32:21,77.1200,3,2
2026-03-13,000333,14:32:27,77.1300,5,2
2026-03-13,000333,14:32:30,77.1100,27,2
2026-03-13,000333,14:32:33,77.1100,12,2
2026-03-13,000333,14:32:36,77.1100,27,2
2026-03-13,000333,14:32:39,77.1000,78,2
2026-03-13,000333,14:32:42,77.0700,589,2
2026-03-13,000333,14:32:45,77.0900,62,1
2026-03-13,000333,14:32:48,77.0700,26,2
2026-03-13,000333,14:32:51,77.0800,28,1
2026-03-13,000333,14:32:54,77.0800,14,1
2026-03-13,000333,14:32:57,77.0800,27,1
2026-03-13,000333,14:33:00,77.0700,1,2
2026-03-13,000333,14:33:03,77.0800,12,1
2026-03-13,000333,14:33:06,77.0900,8,1
2026-03-13,000333,14:33:09,77.0900,14,1
2026-03-13,000333,14:33:12,77.0900,27,1
2026-03-13,000333,14:33:15,77.1000,23,1
2026-03-13,000333,14:33:18,77.1000,3,1
2026-03-13,000333,14:33:21,77.0900,1,2
2026-03-13,000333,14:33:24,77.1000,20,1
2026-03-13,000333,14:33:27,77.0900,19,2
2026-03-13,000333,14:33:30,77.0900,3,2
2026-03-13,000333,14:33:33,77.0800,33,2
2026-03-13,000333,14:33:36,77.0800,13,2
2026-03-13,000333,14:33:39,77.0900,16,1
2026-03-13,000333,14:33:42,77.0900,18,1
2026-03-13,000333,14:33:45,77.0800,28,2
2026-03-13,000333,14:33:48,77.0900,2,1
2026-03-13,000333,14:33:51,77.0800,14,2
2026-03-13,000333,14:33:54,77.0800,3,2
2026-03-13,000333,14:33:57,77.0900,44,1
2026-03-13,000333,14:34:00,77.0900,18,1
2026-03-13,000333,14:34:03,77.0900,10,2
2026-03-13,000333,14:34:06,77.0900,20,2
2026-03-13,000333,14:34:09,77.0900,6,2
2026-03-13,000333,14:34:12,77.0900,38,2
2026-03-13,000333,14:34:15,77.0900,25,1
2026-03-13,000333,14:34:18,77.0800,20,2
2026-03-13,000333,14:34:21,77.0800,11,2
2026-03-13,000333,14:34:24,77.0800,18,2
2026-03-13,000333,14:34:27,77.0800,101,2
2026-03-13,000333,14:34:30,77.0800,101,2
2026-03-13,000333,14:34:33,77.0800,59,1
2026-03-13,000333,14:34:36,77.0800,25,1
2026-03-13,000333,14:34:39,77.0800,6,1
2026-03-13,000333,14:34:42,77.0600,72,2
2026-03-13,000333,14:34:45,77.0600,17,1
2026-03-13,000333,14:34:48,77.0500,13,2
2026-03-13,000333,14:34:51,77.0600,25,1
2026-03-13,000333,14:34:54,77.0400,19,2
2026-03-13,000333,14:34:57,77.0500,44,1
2026-03-13,000333,14:35:00,77.0400,14,2
2026-03-13,000333,14:35:03,77.0300,16,2
2026-03-13,000333,14:35:06,77.0400,22,1
2026-03-13,000333,14:35:09,77.0500,74,1
2026-03-13,000333,14:35:12,77.0300,14,2
2026-03-13,000333,14:35:15,77.0600,9,1
2026-03-13,000333,14:35:18,77.0500,13,2
2026-03-13,000333,14:35:21,77.0600,11,1
2026-03-13,000333,14:35:27,77.0400,26,2
2026-03-13,000333,14:35:30,77.0400,8,2
2026-03-13,000333,14:35:33,77.0600,11,1
2026-03-13,000333,14:35:36,77.0600,3,1
2026-03-13,000333,14:35:39,77.0600,3,1
2026-03-13,000333,14:35:42,77.0300,243,2
2026-03-13,000333,14:35:45,77.0500,71,1
2026-03-13,000333,14:35:48,77.0500,20,1
2026-03-13,000333,14:35:51,77.0500,20,1
2026-03-13,000333,14:35:54,77.0500,18,2
2026-03-13,000333,14:35:57,77.0600,32,1
2026-03-13,000333,14:36:00,77.0600,57,1
2026-03-13,000333,14:36:03,77.0400,74,2
2026-03-13,000333,14:36:06,77.0400,26,2
2026-03-13,000333,14:36:09,77.0300,7,2
2026-03-13,000333,14:36:15,77.0300,10,2
2026-03-13,000333,14:36:18,77.0300,10,1
2026-03-13,000333,14:36:21,77.0300,18,1
2026-03-13,000333,14:36:24,77.0300,55,1
2026-03-13,000333,14:36:27,77.0300,18,1
2026-03-13,000333,14:36:30,77.0200,25,2
2026-03-13,000333,14:36:33,77.0300,28,1
2026-03-13,000333,14:36:36,77.0300,19,1
2026-03-13,000333,14:36:39,77.0200,34,2
2026-03-13,000333,14:36:42,77.0200,58,2
2026-03-13,000333,14:36:45,77.0400,24,1
2026-03-13,000333,14:36:48,77.0300,16,4
2026-03-13,000333,14:36:51,77.0200,5,2
2026-03-13,000333,14:36:54,77.0200,6,2
2026-03-13,000333,14:36:57,77.0200,14,2
2026-03-13,000333,14:37:00,77.0300,8,1
2026-03-13,000333,14:37:03,77.0200,59,2
2026-03-13,000333,14:37:06,77.0300,53,1
2026-03-13,000333,14:37:09,77.0300,73,1
2026-03-13,000333,14:37:12,77.0200,94,2
2026-03-13,000333,14:37:15,77.0700,76,1
2026-03-13,000333,14:37:18,77.0800,65,1
2026-03-13,000333,14:37:21,77.0200,12,2
2026-03-13,000333,14:37:24,77.0200,9,2
2026-03-13,000333,14:37:27,77.0600,8,1
2026-03-13,000333,14:37:30,77.0200,6,2
2026-03-13,000333,14:37:33,77.0200,5,2
2026-03-13,000333,14:37:36,77.0100,177,2
2026-03-13,000333,14:37:39,77.0200,106,1
2026-03-13,000333,14:37:42,77.0200,34,1
2026-03-13,000333,14:37:45,77.0200,48,2
2026-03-13,000333,14:37:48,77.0200,35,1
2026-03-13,000333,14:37:51,77.0100,31,4
2026-03-13,000333,14:37:54,77.0000,33,2
2026-03-13,000333,14:37:57,77.0200,3,1
2026-03-13,000333,14:38:00,77.0100,10,2
2026-03-13,000333,14:38:03,77.0200,27,1
2026-03-13,000333,14:38:06,77.0100,95,2
2026-03-13,000333,14:38:09,77.0300,69,1
2026-03-13,000333,14:38:12,77.0500,12,1
2026-03-13,000333,14:38:15,77.0400,30,2
2026-03-13,000333,14:38:18,77.0400,10,1
2026-03-13,000333,14:38:21,77.0300,30,2
2026-03-13,000333,14:38:24,77.0600,15,1
2026-03-13,000333,14:38:27,77.0400,41,2
2026-03-13,000333,14:38:30,77.0400,26,2
2026-03-13,000333,14:38:33,77.0400,77,1
2026-03-13,000333,14:38:36,77.0400,12,1
2026-03-13,000333,14:38:39,77.0400,45,1
2026-03-13,000333,14:38:42,77.0500,46,1
2026-03-13,000333,14:38:45,77.0300,10,2
2026-03-13,000333,14:38:48,77.0300,61,2
2026-03-13,000333,14:38:51,77.0200,107,2
2026-03-13,000333,14:38:54,77.0100,76,2
2026-03-13,000333,14:38:57,77.0100,21,2
2026-03-13,000333,14:39:00,77.0200,3,1
2026-03-13,000333,14:39:03,77.0100,16,2
2026-03-13,000333,14:39:06,77.0200,16,1
2026-03-13,000333,14:39:09,77.0100,23,2
2026-03-13,000333,14:39:12,77.0300,45,1
2026-03-13,000333,14:39:15,77.0300,44,1
2026-03-13,000333,14:39:18,77.0400,11,1
2026-03-13,000333,14:39:21,77.0400,28,1
2026-03-13,000333,14:39:24,77.0300,28,4
2026-03-13,000333,14:39:27,77.0300,26,1
2026-03-13,000333,14:39:30,77.0300,7,1
2026-03-13,000333,14:39:33,77.0300,25,1
2026-03-13,000333,14:39:36,77.0300,16,1
2026-03-13,000333,14:39:39,77.0300,18,1
2026-03-13,000333,14:39:42,77.0200,18,2
2026-03-13,000333,14:39:45,77.0300,16,1
2026-03-13,000333,14:39:48,77.0200,7,2
2026-03-13,000333,14:39:51,77.0300,9,1
2026-03-13,000333,14:39:54,77.0200,45,2
2026-03-13,000333,14:39:57,77.0200,151,2
2026-03-13,000333,14:40:00,77.0300,41,1
2026-03-13,000333,14:40:03,77.0100,100,2
2026-03-13,000333,14:40:06,77.0100,29,1
2026-03-13,000333,14:40:09,77.0000,6,2
2026-03-13,000333,14:40:12,77.0000,12,2
2026-03-13,000333,14:40:15,77.0100,10,1
2026-03-13,000333,14:40:18,77.0000,4,2
2026-03-13,000333,14:40:21,77.0000,4,2
2026-03-13,000333,14:40:24,77.0100,17,1
2026-03-13,000333,14:40:27,77.0000,341,2
2026-03-13,000333,14:40:30,77.0000,203,2
2026-03-13,000333,14:40:33,76.9900,107,2
2026-03-13,000333,14:40:36,76.9800,24,2
2026-03-13,000333,14:40:39,76.9900,12,1
2026-03-13,000333,14:40:42,76.9900,4,1
2026-03-13,000333,14:40:45,76.9800,18,2
2026-03-13,000333,14:40:48,76.9800,13,2
2026-03-13,000333,14:40:51,76.9800,60,2
2026-03-13,000333,14:40:54,76.9800,12,2
2026-03-13,000333,14:40:57,76.9900,3,1
2026-03-13,000333,14:41:00,76.9800,8,2
2026-03-13,000333,14:41:03,76.9800,109,2
2026-03-13,000333,14:41:06,76.9800,36,2
2026-03-13,000333,14:41:09,76.9900,12,1
2026-03-13,000333,14:41:12,76.9900,81,1
2026-03-13,000333,14:41:15,76.9900,10,1
2026-03-13,000333,14:41:18,76.9800,3,2
2026-03-13,000333,14:41:21,76.9800,10,2
2026-03-13,000333,14:41:24,76.9800,40,2
2026-03-13,000333,14:41:27,76.9800,109,1
2026-03-13,000333,14:41:30,76.9700,25,2
2026-03-13,000333,14:41:33,76.9700,14,2
2026-03-13,000333,14:41:36,76.9800,80,1
2026-03-13,000333,14:41:39,76.9700,23,2
2026-03-13,000333,14:41:42,76.9700,99,2
2026-03-13,000333,14:41:45,76.9600,58,2
2026-03-13,000333,14:41:48,76.9500,25,2
2026-03-13,000333,14:41:51,76.9500,4,2
2026-03-13,000333,14:41:54,76.9500,6,2
2026-03-13,000333,14:41:57,76.9500,26,2
2026-03-13,000333,14:42:00,76.9600,19,1
2026-03-13,000333,14:42:03,76.9400,41,2
2026-03-13,000333,14:42:06,76.9500,114,1
2026-03-13,000333,14:42:09,76.9700,166,1
2026-03-13,000333,14:42:12,76.9600,46,2
2026-03-13,000333,14:42:15,76.9700,185,1
2026-03-13,000333,14:42:18,76.9700,123,1
2026-03-13,000333,14:42:21,76.9600,46,2
2026-03-13,000333,14:42:24,76.9800,34,1
2026-03-13,000333,14:42:27,76.9800,10,1
2026-03-13,000333,14:42:30,76.9700,30,2
2026-03-13,000333,14:42:33,76.9900,19,1
2026-03-13,000333,14:42:36,76.9900,19,1
2026-03-13,000333,14:42:39,76.9900,22,1
2026-03-13,000333,14:42:42,76.9900,26,1
2026-03-13,000333,14:42:45,76.9800,3,2
2026-03-13,000333,14:42:48,77.0000,76,1
2026-03-13,000333,14:42:51,77.0000,27,1
2026-03-13,000333,14:42:54,76.9900,276,2
2026-03-13,000333,14:42:57,77.0100,73,1
2026-03-13,000333,14:43:00,76.9900,17,2
2026-03-13,000333,14:43:03,77.0100,28,1
2026-03-13,000333,14:43:06,77.0100,22,4
2026-03-13,000333,14:43:09,77.0100,27,4
2026-03-13,000333,14:43:12,77.0100,33,1
2026-03-13,000333,14:43:15,77.0000,19,2
2026-03-13,000333,14:43:18,77.0300,9,1
2026-03-13,000333,14:43:21,77.0200,12,2
2026-03-13,000333,14:43:24,77.0200,35,2
2026-03-13,000333,14:43:27,77.0200,39,2
2026-03-13,000333,14:43:30,77.0200,50,2
2026-03-13,000333,14:43:33,77.0100,5,2
2026-03-13,000333,14:43:36,77.0200,1,1
2026-03-13,000333,14:43:39,77.0200,16,1
2026-03-13,000333,14:43:42,77.0100,191,2
2026-03-13,000333,14:43:45,77.0000,49,2
2026-03-13,000333,14:43:48,77.0000,16,2
2026-03-13,000333,14:43:51,77.0000,8,1
2026-03-13,000333,14:43:54,76.9900,29,2
2026-03-13,000333,14:43:57,77.0000,29,1
2026-03-13,000333,14:44:00,77.0000,6,1
2026-03-13,000333,14:44:03,76.9900,38,2
2026-03-13,000333,14:44:06,76.9900,91,2
2026-03-13,000333,14:44:09,76.9800,32,2
2026-03-13,000333,14:44:12,76.9700,19,2
2026-03-13,000333,14:44:15,76.9600,96,2
2026-03-13,000333,14:44:18,76.9500,29,2
2026-03-13,000333,14:44:21,76.9400,60,2
2026-03-13,000333,14:44:24,76.9300,58,2
2026-03-13,000333,14:44:27,76.9400,11,1
2026-03-13,000333,14:44:30,76.9400,76,1
2026-03-13,000333,14:44:33,76.9100,29,2
2026-03-13,000333,14:44:36,76.9300,22,4
2026-03-13,000333,14:44:39,76.9300,17,1
2026-03-13,000333,14:44:42,76.9300,9,1
2026-03-13,000333,14:44:45,76.9300,27,1
2026-03-13,000333,14:44:48,76.9200,17,2
2026-03-13,000333,14:44:51,76.9300,6,2
2026-03-13,000333,14:44:54,76.9200,46,2
2026-03-13,000333,14:44:57,76.9300,22,1
2026-03-13,000333,14:45:00,76.9200,14,2
2026-03-13,000333,14:45:03,76.9000,220,2
2026-03-13,000333,14:45:06,76.9000,71,2
2026-03-13,000333,14:45:09,76.9000,47,2
2026-03-13,000333,14:45:12,76.9000,13,2
2026-03-13,000333,14:45:15,76.9000,18,2
2026-03-13,000333,14:45:18,76.9100,147,1
2026-03-13,000333,14:45:21,76.9000,90,2
2026-03-13,000333,14:45:24,76.8800,31,2
2026-03-13,000333,14:45:27,76.8900,27,1
2026-03-13,000333,14:45:30,76.8800,12,2
2026-03-13,000333,14:45:33,76.8800,5,2
2026-03-13,000333,14:45:36,76.8800,27,2
2026-03-13,000333,14:45:39,76.8900,103,1
2026-03-13,000333,14:45:42,76.8900,44,1
2026-03-13,000333,14:45:45,76.9000,4,1
2026-03-13,000333,14:45:48,76.9100,74,1
2026-03-13,000333,14:45:51,76.9100,33,1
2026-03-13,000333,14:45:54,76.9100,8,1
2026-03-13,000333,14:45:57,76.9100,4,1
2026-03-13,000333,14:46:00,76.9200,41,1
2026-03-13,000333,14:46:03,76.9000,145,2
2026-03-13,000333,14:46:06,76.9100,19,1
2026-03-13,000333,14:46:09,76.9000,31,2
2026-03-13,000333,14:46:12,76.9000,18,2
2026-03-13,000333,14:46:15,76.9000,47,2
2026-03-13,000333,14:46:18,76.9000,17,1
2026-03-13,000333,14:46:21,76.9000,15,1
2026-03-13,000333,14:46:24,76.9000,22,1
2026-03-13,000333,14:46:27,76.9200,36,1
2026-03-13,000333,14:46:30,76.9100,24,4
2026-03-13,000333,14:46:33,76.9200,22,4
2026-03-13,000333,14:46:36,76.9200,17,1
2026-03-13,000333,14:46:39,76.9200,4,2
2026-03-13,000333,14:46:42,76.9200,8,2
2026-03-13,000333,14:46:45,76.9300,13,1
2026-03-13,000333,14:46:48,76.9300,11,1
2026-03-13,000333,14:46:51,76.9300,4,1
2026-03-13,000333,14:46:54,76.9200,25,2
2026-03-13,000333,14:46:57,76.9300,25,1
2026-03-13,000333,14:47:00,76.9200,24,2
2026-03-13,000333,14:47:03,76.9100,120,2
2026-03-13,000333,14:47:06,76.9100,88,2
2026-03-13,000333,14:47:09,76.9000,54,2
2026-03-13,000333,14:47:12,76.8900,80,2
2026-03-13,000333,14:47:15,76.8900,86,2
2026-03-13,000333,14:47:18,76.8900,32,2
2026-03-13,000333,14:47:21,76.8900,17,2
2026-03-13,000333,14:47:24,76.8600,186,2
2026-03-13,000333,14:47:27,76.8700,55,4
2026-03-13,000333,14:47:30,76.8700,26,2
2026-03-13,000333,14:47:33,76.8700,5,2
2026-03-13,000333,14:47:36,76.8800,10,1
2026-03-13,000333,14:47:39,76.8600,12,2
2026-03-13,000333,14:47:42,76.8700,107,1
2026-03-13,000333,14:47:45,76.8700,28,1
2026-03-13,000333,14:47:48,76.8700,57,1
2026-03-13,000333,14:47:51,76.8800,27,1
2026-03-13,000333,14:47:54,76.8600,22,2
2026-03-13,000333,14:47:57,76.8700,26,1
2026-03-13,000333,14:48:00,76.8800,16,1
2026-03-13,000333,14:48:03,76.8600,45,2
2026-03-13,000333,14:48:06,76.8600,33,2
2026-03-13,000333,14:48:09,76.8700,15,4
2026-03-13,000333,14:48:12,76.8700,11,1
2026-03-13,000333,14:48:15,76.8700,10,1
2026-03-13,000333,14:48:18,76.8600,18,2
2026-03-13,000333,14:48:21,76.8600,26,2
2026-03-13,000333,14:48:24,76.8600,86,2
2026-03-13,000333,14:48:27,76.8600,70,2
2026-03-13,000333,14:48:30,76.8500,41,2
2026-03-13,000333,14:48:33,76.8500,16,2
2026-03-13,000333,14:48:36,76.8600,9,1
2026-03-13,000333,14:48:39,76.8600,13,1
2026-03-13,000333,14:48:42,76.8500,28,2
2026-03-13,000333,14:48:45,76.8400,125,2
2026-03-13,000333,14:48:48,76.8400,24,2
2026-03-13,000333,14:48:51,76.8400,15,1
2026-03-13,000333,14:48:54,76.8500,431,1
2026-03-13,000333,14:48:57,76.8300,68,2
2026-03-13,000333,14:49:00,76.8400,55,1
2026-03-13,000333,14:49:03,76.8400,62,1
2026-03-13,000333,14:49:06,76.8400,58,2
2026-03-13,000333,14:49:09,76.8400,95,2
2026-03-13,000333,14:49:12,76.8500,127,1
2026-03-13,000333,14:49:15,76.8500,43,1
2026-03-13,000333,14:49:18,76.8700,35,1
2026-03-13,000333,14:49:21,76.8400,525,2
2026-03-13,000333,14:49:24,76.8400,84,1
2026-03-13,000333,14:49:27,76.8500,90,1
2026-03-13,000333,14:49:30,76.8700,36,1
2026-03-13,000333,14:49:33,76.8500,202,1
2026-03-13,000333,14:49:36,76.8400,38,2
2026-03-13,000333,14:49:39,76.8300,70,2
2026-03-13,000333,14:49:42,76.8500,21,1
2026-03-13,000333,14:49:45,76.8400,10,2
2026-03-13,000333,14:49:48,76.8400,78,2
2026-03-13,000333,14:49:51,76.8300,21,4
2026-03-13,000333,14:49:54,76.8400,46,1
2026-03-13,000333,14:49:57,76.8400,56,2
2026-03-13,000333,14:50:00,76.8500,32,1
2026-03-13,000333,14:50:03,76.8300,29,2
2026-03-13,000333,14:50:06,76.8400,27,1
2026-03-13,000333,14:50:09,76.8300,131,2
2026-03-13,000333,14:50:12,76.8500,246,1
2026-03-13,000333,14:50:15,76.8500,37,1
2026-03-13,000333,14:50:18,76.8500,62,1
2026-03-13,000333,14:50:21,76.8300,217,2
2026-03-13,000333,14:50:24,76.8300,102,2
2026-03-13,000333,14:50:27,76.8300,62,2
2026-03-13,000333,14:50:30,76.8700,42,1
2026-03-13,000333,14:50:33,76.8600,49,4
2026-03-13,000333,14:50:36,76.8500,16,2
2026-03-13,000333,14:50:39,76.8700,159,1
2026-03-13,000333,14:50:42,76.8800,151,1
2026-03-13,000333,14:50:45,76.8700,24,2
2026-03-13,000333,14:50:48,76.8700,22,2
2026-03-13,000333,14:50:51,76.8700,10,2
2026-03-13,000333,14:50:54,76.8700,53,2
2026-03-13,000333,14:50:57,76.8800,82,1
2026-03-13,000333,14:51:00,76.8700,41,2
2026-03-13,000333,14:51:03,76.8800,218,1
2026-03-13,000333,14:51:06,76.8900,76,1
2026-03-13,000333,14:51:09,76.9000,132,1
2026-03-13,000333,14:51:12,76.9000,112,1
2026-03-13,000333,14:51:15,76.9000,19,1
2026-03-13,000333,14:51:18,76.8900,25,2
2026-03-13,000333,14:51:21,76.9100,79,1
2026-03-13,000333,14:51:24,76.9000,87,2
2026-03-13,000333,14:51:27,76.9000,23,2
2026-03-13,000333,14:51:30,76.9000,26,2
2026-03-13,000333,14:51:33,76.9000,78,2
2026-03-13,000333,14:51:36,76.9000,78,1
2026-03-13,000333,14:51:39,76.8800,243,2
2026-03-13,000333,14:51:42,76.8600,85,2
2026-03-13,000333,14:51:45,76.8600,48,1
2026-03-13,000333,14:51:48,76.8600,26,1
2026-03-13,000333,14:51:51,76.8600,16,1
2026-03-13,000333,14:51:54,76.8600,56,2
2026-03-13,000333,14:51:57,76.8700,48,1
2026-03-13,000333,14:52:00,76.8800,23,1
2026-03-13,000333,14:52:03,76.8700,71,2
2026-03-13,000333,14:52:06,76.8800,23,1
2026-03-13,000333,14:52:09,76.8800,796,1
2026-03-13,000333,14:52:12,76.8600,80,2
2026-03-13,000333,14:52:15,76.8900,75,2
2026-03-13,000333,14:52:18,76.8800,10,2
2026-03-13,000333,14:52:21,76.8800,95,2
2026-03-13,000333,14:52:24,76.8900,43,1
2026-03-13,000333,14:52:27,76.8700,65,2
2026-03-13,000333,14:52:30,76.8700,16,1
2026-03-13,000333,14:52:33,76.8700,17,1
2026-03-13,000333,14:52:36,76.8800,10,1
2026-03-13,000333,14:52:39,76.8800,19,1
2026-03-13,000333,14:52:42,76.8800,96,1
2026-03-13,000333,14:52:45,76.8800,83,1
2026-03-13,000333,14:52:48,76.8900,13,1
2026-03-13,000333,14:52:51,76.8800,465,2
2026-03-13,000333,14:52:54,76.8600,107,2
2026-03-13,000333,14:52:57,76.8600,23,2
2026-03-13,000333,14:53:00,76.9000,116,1
2026-03-13,000333,14:53:03,76.8800,34,1
2026-03-13,000333,14:53:06,76.8900,12,1
2026-03-13,000333,14:53:09,76.8900,13,1
2026-03-13,000333,14:53:12,76.8900,41,1
2026-03-13,000333,14:53:15,76.8800,34,2
2026-03-13,000333,14:53:18,76.8800,14,2
2026-03-13,000333,14:53:21,76.8800,21,2
2026-03-13,000333,14:53:24,76.8900,44,1
2026-03-13,000333,14:53:27,76.8900,78,1
2026-03-13,000333,14:53:30,76.8800,25,2
2026-03-13,000333,14:53:33,76.8900,40,1
2026-03-13,000333,14:53:36,76.8900,11,2
2026-03-13,000333,14:53:39,76.9000,3,1
2026-03-13,000333,14:53:42,76.8900,3,2
2026-03-13,000333,14:53:45,76.9000,55,1
2026-03-13,000333,14:53:48,76.9000,29,1
2026-03-13,000333,14:53:51,76.9100,61,1
2026-03-13,000333,14:53:54,76.8900,41,2
2026-03-13,000333,14:53:57,76.9000,52,1
2026-03-13,000333,14:54:00,76.8800,13,2
2026-03-13,000333,14:54:03,76.8900,70,1
2026-03-13,000333,14:54:06,76.9100,60,1
2026-03-13,000333,14:54:09,76.8900,34,2
2026-03-13,000333,14:54:12,76.8900,35,2
2026-03-13,000333,14:54:15,76.8900,85,2
2026-03-13,000333,14:54:18,76.8900,36,2
2026-03-13,000333,14:54:21,76.9100,87,1
2026-03-13,000333,14:54:24,76.9100,30,1
2026-03-13,000333,14:54:27,76.8900,7,2
2026-03-13,000333,14:54:30,76.9000,28,4
2026-03-13,000333,14:54:33,76.8900,28,2
2026-03-13,000333,14:54:36,76.9000,11,1
2026-03-13,000333,14:54:39,76.8800,32,2
2026-03-13,000333,14:54:42,76.8800,90,2
2026-03-13,000333,14:54:45,76.8800,54,1
2026-03-13,000333,14:54:48,76.8900,88,1
2026-03-13,000333,14:54:51,76.9000,190,1
2026-03-13,000333,14:54:54,76.9000,53,1
2026-03-13,000333,14:54:57,76.9100,14,1
2026-03-13,000333,14:55:00,76.9400,51,1
2026-03-13,000333,14:55:03,76.9100,22,2
2026-03-13,000333,14:55:06,76.9000,32,2
2026-03-13,000333,14:55:09,76.8900,47,2
2026-03-13,000333,14:55:12,76.9000,9,1
2026-03-13,000333,14:55:15,76.9000,31,2
2026-03-13,000333,14:55:18,76.8900,41,2
2026-03-13,000333,14:55:21,76.8800,57,2
2026-03-13,000333,14:55:24,76.8800,109,2
2026-03-13,000333,14:55:27,76.8800,27,1
2026-03-13,000333,14:55:30,76.8800,40,1
2026-03-13,000333,14:55:33,76.8900,8,2
2026-03-13,000333,14:55:36,76.8900,14,1
2026-03-13,000333,14:55:39,76.9100,30,1
2026-03-13,000333,14:55:42,76.9100,130,1
2026-03-13,000333,14:55:45,76.8800,23,2
2026-03-13,000333,14:55:48,76.8800,101,2
2026-03-13,000333,14:55:51,76.8900,54,1
2026-03-13,000333,14:55:54,76.8800,26,2
2026-03-13,000333,14:55:57,76.8900,47,1
2026-03-13,000333,14:56:00,76.8800,39,2
2026-03-13,000333,14:56:03,76.8800,26,2
2026-03-13,000333,14:56:06,76.9000,74,1
2026-03-13,000333,14:56:09,76.8900,28,2
2026-03-13,000333,14:56:12,76.9100,20,1
2026-03-13,000333,14:56:15,76.9000,32,1
2026-03-13,000333,14:56:18,76.9000,22,1
2026-03-13,000333,14:56:21,76.8900,26,2
2026-03-13,000333,14:56:24,76.8900,51,2
2026-03-13,000333,14:56:27,76.9000,49,4
2026-03-13,000333,14:56:30,76.9100,45,1
2026-03-13,000333,14:56:33,76.9000,30,2
2026-03-13,000333,14:56:36,76.9100,17,1
2026-03-13,000333,14:56:39,76.9100,46,2
2026-03-13,000333,14:56:42,76.9100,136,2
2026-03-13,000333,14:56:45,76.9400,98,1
2026-03-13,000333,14:56:48,76.9600,17,1
2026-03-13,000333,14:56:51,76.9100,4,2
2026-03-13,000333,14:56:54,76.9800,31,1
2026-03-13,000333,14:56:57,76.9500,6,1
2026-03-13,000333,14:57:00,76.9300,4,4
2026-03-13,000333,15:00:01,76.8600,2552,4
2026-03-13,000333,13:13:27,77.3000,7,4
2026-03-13,000333,13:13:30,77.3100,5,1
2026-03-13,000333,13:13:33,77.3100,3,1
2026-03-13,000333,13:13:36,77.3000,2,2
2026-03-13,000333,13:13:39,77.3100,1,1
2026-03-13,000333,13:13:42,77.3000,2,2
2026-03-13,000333,13:13:48,77.3100,6,1
2026-03-13,000333,13:13:51,77.3100,19,1
2026-03-13,000333,13:13:54,77.3100,28,1
2026-03-13,000333,13:13:57,77.3100,35,1
2026-03-13,000333,13:14:00,77.3100,28,1
2026-03-13,000333,13:14:03,77.3000,13,2
2026-03-13,000333,13:14:06,77.3000,46,2
2026-03-13,000333,13:14:09,77.3000,4,1
2026-03-13,000333,13:14:12,77.2900,50,2
2026-03-13,000333,13:14:15,77.2900,10,2
2026-03-13,000333,13:14:18,77.2900,19,2
2026-03-13,000333,13:14:21,77.2900,20,2
2026-03-13,000333,13:14:24,77.2900,10,2
2026-03-13,000333,13:14:27,77.2900,47,2
2026-03-13,000333,13:14:30,77.2900,37,2
2026-03-13,000333,13:14:33,77.2900,18,1
2026-03-13,000333,13:14:36,77.2900,18,1
2026-03-13,000333,13:14:42,77.2800,9,2
2026-03-13,000333,13:14:45,77.2800,4,2
2026-03-13,000333,13:14:48,77.2800,1,2
2026-03-13,000333,13:14:51,77.2800,11,2
2026-03-13,000333,13:14:54,77.2800,2,2
2026-03-13,000333,13:15:00,77.2900,6,1
2026-03-13,000333,13:15:03,77.2800,3,2
2026-03-13,000333,13:15:06,77.2800,7,2
2026-03-13,000333,13:15:09,77.2900,25,1
2026-03-13,000333,13:15:12,77.2900,20,1
2026-03-13,000333,13:15:15,77.2800,18,2
2026-03-13,000333,13:15:18,77.2800,19,2
2026-03-13,000333,13:15:21,77.2800,37,2
2026-03-13,000333,13:15:24,77.2800,71,2
2026-03-13,000333,13:15:27,77.2700,212,2
2026-03-13,000333,13:15:30,77.2400,99,2
2026-03-13,000333,13:15:33,77.2400,3,2
2026-03-13,000333,13:15:36,77.2400,11,2
2026-03-13,000333,13:15:39,77.2400,1,2
2026-03-13,000333,13:15:42,77.2300,16,2
2026-03-13,000333,13:15:45,77.2400,61,1
2026-03-13,000333,13:15:48,77.2300,24,1
2026-03-13,000333,13:15:51,77.2200,27,2
2026-03-13,000333,13:15:54,77.2100,26,2
2026-03-13,000333,13:15:57,77.2200,41,1
2026-03-13,000333,13:16:00,77.2300,21,1
2026-03-13,000333,13:16:03,77.2300,16,1
2026-03-13,000333,13:16:06,77.2200,20,2
2026-03-13,000333,13:16:09,77.2200,8,4
2026-03-13,000333,13:16:12,77.2200,43,4
2026-03-13,000333,13:16:18,77.2100,23,2
2026-03-13,000333,13:16:21,77.2100,23,2
2026-03-13,000333,13:16:24,77.2100,18,2
2026-03-13,000333,13:16:27,77.2200,25,2
2026-03-13,000333,13:16:30,77.2100,15,2
2026-03-13,000333,13:16:33,77.2200,7,1
2026-03-13,000333,13:16:36,77.2200,20,1
2026-03-13,000333,13:16:39,77.2200,13,2
2026-03-13,000333,13:16:42,77.2200,10,2
2026-03-13,000333,13:16:45,77.2300,38,1
2026-03-13,000333,13:16:48,77.2300,4,1
2026-03-13,000333,13:16:51,77.2300,10,1
2026-03-13,000333,13:16:54,77.2200,5,2
2026-03-13,000333,13:16:57,77.2200,11,2
2026-03-13,000333,13:17:00,77.2200,1,2
2026-03-13,000333,13:17:03,77.2200,9,2
2026-03-13,000333,13:17:06,77.2300,27,1
2026-03-13,000333,13:17:09,77.2300,1,2
2026-03-13,000333,13:17:12,77.2300,7,1
2026-03-13,000333,13:17:15,77.2200,69,2
2026-03-13,000333,13:17:18,77.2200,22,2
2026-03-13,000333,13:17:21,77.2100,23,2
2026-03-13,000333,13:17:24,77.2200,9,4
2026-03-13,000333,13:17:27,77.2100,7,2
2026-03-13,000333,13:17:30,77.2100,61,2
2026-03-13,000333,13:17:33,77.2000,15,2
2026-03-13,000333,13:17:36,77.2100,19,1
2026-03-13,000333,13:17:39,77.2100,4,2
2026-03-13,000333,13:17:42,77.2200,18,1
2026-03-13,000333,13:17:45,77.2200,14,1
2026-03-13,000333,13:17:48,77.2100,12,2
2026-03-13,000333,13:17:51,77.2100,17,2
2026-03-13,000333,13:17:54,77.2200,35,1
2026-03-13,000333,13:17:57,77.2300,64,1
2026-03-13,000333,13:18:00,77.2300,19,2
2026-03-13,000333,13:18:03,77.2200,14,2
2026-03-13,000333,13:18:06,77.2200,17,2
2026-03-13,000333,13:18:09,77.2200,2,2
2026-03-13,000333,13:18:12,77.2300,19,1
2026-03-13,000333,13:18:15,77.2200,3,2
2026-03-13,000333,13:18:18,77.2200,16,2
2026-03-13,000333,13:18:21,77.2200,2,2
2026-03-13,000333,13:18:24,77.2200,13,2
2026-03-13,000333,13:18:27,77.2200,18,2
2026-03-13,000333,13:18:30,77.2100,9,2
2026-03-13,000333,13:18:33,77.2200,18,1
2026-03-13,000333,13:18:36,77.2200,49,1
2026-03-13,000333,13:18:39,77.2200,28,1
2026-03-13,000333,13:18:42,77.2100,1,2
2026-03-13,000333,13:18:45,77.2100,43,2
2026-03-13,000333,13:18:48,77.2100,2,1
2026-03-13,000333,13:18:51,77.2200,11,1
2026-03-13,000333,13:18:54,77.2100,3,2
2026-03-13,000333,13:18:57,77.2200,23,1
2026-03-13,000333,13:19:00,77.2100,4,2
2026-03-13,000333,13:19:03,77.2200,30,1
2026-03-13,000333,13:19:06,77.2300,28,1
2026-03-13,000333,13:19:09,77.2400,23,1
2026-03-13,000333,13:19:12,77.2300,3,2
2026-03-13,000333,13:19:15,77.2400,40,1
2026-03-13,000333,13:19:18,77.2500,1,1
2026-03-13,000333,13:19:21,77.2300,7,2
2026-03-13,000333,13:19:24,77.2300,11,2
2026-03-13,000333,13:19:27,77.2400,2,4
2026-03-13,000333,13:19:30,77.2400,16,2
2026-03-13,000333,13:19:33,77.2400,2,1
2026-03-13,000333,13:19:36,77.2400,18,1
2026-03-13,000333,13:19:39,77.2300,5,2
2026-03-13,000333,13:19:42,77.2300,1,2
2026-03-13,000333,13:19:45,77.2400,1,1
2026-03-13,000333,13:19:48,77.2300,38,2
2026-03-13,000333,13:19:51,77.2400,6,1
2026-03-13,000333,13:19:54,77.2400,53,1
2026-03-13,000333,13:19:57,77.2400,17,2
2026-03-13,000333,13:20:00,77.2500,24,1
2026-03-13,000333,13:20:03,77.2400,206,2
2026-03-13,000333,13:20:06,77.2500,25,1
2026-03-13,000333,13:20:09,77.2300,18,2
2026-03-13,000333,13:20:12,77.2400,1,2
2026-03-13,000333,13:20:15,77.2400,42,1
2026-03-13,000333,13:20:18,77.2300,8,1
2026-03-13,000333,13:20:21,77.2200,4,2
2026-03-13,000333,13:20:24,77.2200,27,1
2026-03-13,000333,13:20:27,77.2300,21,1
2026-03-13,000333,13:20:30,77.2200,12,2
2026-03-13,000333,13:20:33,77.2300,25,1
2026-03-13,000333,13:20:36,77.2300,33,1
2026-03-13,000333,13:20:39,77.2400,14,1
2026-03-13,000333,13:20:42,77.2400,3,2
2026-03-13,000333,13:20:45,77.2400,30,1
2026-03-13,000333,13:20:48,77.2500,47,1
2026-03-13,000333,13:20:51,77.2600,313,1
2026-03-13,000333,13:20:54,77.3000,20,1
2026-03-13,000333,13:20:57,77.3000,69,1
2026-03-13,000333,13:21:00,77.2900,29,4
2026-03-13,000333,13:21:03,77.2600,40,2
2026-03-13,000333,13:21:06,77.2500,6,2
2026-03-13,000333,13:21:09,77.2500,9,2
2026-03-13,000333,13:21:12,77.2600,1,4
2026-03-13,000333,13:21:15,77.2700,58,1
2026-03-13,000333,13:21:21,77.2500,22,2
2026-03-13,000333,13:21:24,77.2700,1,4
2026-03-13,000333,13:21:27,77.2500,11,2
2026-03-13,000333,13:21:30,77.2500,1,2
2026-03-13,000333,13:21:33,77.2500,4,2
2026-03-13,000333,13:21:39,77.2500,1,2
2026-03-13,000333,13:21:42,77.2500,5,2
2026-03-13,000333,13:21:45,77.2500,3,2
2026-03-13,000333,13:21:48,77.2500,2,2
2026-03-13,000333,13:21:51,77.2500,26,2
2026-03-13,000333,13:21:54,77.2700,4,1
2026-03-13,000333,13:21:57,77.2700,26,1
2026-03-13,000333,13:22:00,77.2700,38,1
2026-03-13,000333,13:22:03,77.2500,1,2
2026-03-13,000333,13:22:06,77.2500,7,2
2026-03-13,000333,13:22:09,77.2400,38,2
2026-03-13,000333,13:22:12,77.2400,12,2
2026-03-13,000333,13:22:15,77.2400,39,1
2026-03-13,000333,13:22:18,77.2400,17,2
2026-03-13,000333,13:22:21,77.2100,66,2
2026-03-13,000333,13:22:24,77.2300,14,1
2026-03-13,000333,13:22:27,77.1900,12,2
2026-03-13,000333,13:22:30,77.1900,6,1
2026-03-13,000333,13:22:33,77.1800,2,2
2026-03-13,000333,13:22:36,77.1900,38,1
2026-03-13,000333,13:22:39,77.1900,10,2
2026-03-13,000333,13:22:42,77.1900,6,2
2026-03-13,000333,13:22:45,77.2000,20,1
2026-03-13,000333,13:22:48,77.2000,1,2
2026-03-13,000333,13:22:51,77.2100,16,1
2026-03-13,000333,13:22:54,77.2000,6,2
2026-03-13,000333,13:22:57,77.2000,10,2
2026-03-13,000333,13:23:03,77.2000,36,2
2026-03-13,000333,13:23:06,77.2000,5,2
2026-03-13,000333,13:23:09,77.2000,33,2
2026-03-13,000333,13:23:12,77.2000,3,2
2026-03-13,000333,13:23:15,77.2100,25,1
2026-03-13,000333,13:23:18,77.2000,15,4
2026-03-13,000333,13:23:21,77.2000,11,2
2026-03-13,000333,13:23:24,77.2000,9,2
2026-03-13,000333,13:23:27,77.1900,18,2
2026-03-13,000333,13:23:30,77.2000,21,1
2026-03-13,000333,13:23:33,77.1900,11,2
2026-03-13,000333,13:23:36,77.1900,24,1
2026-03-13,000333,13:23:39,77.1800,34,2
2026-03-13,000333,13:23:42,77.1700,20,2
2026-03-13,000333,13:23:45,77.1800,47,1
2026-03-13,000333,13:23:48,77.1600,18,2
2026-03-13,000333,13:23:51,77.1600,9,2
2026-03-13,000333,13:23:54,77.1500,29,2
2026-03-13,000333,13:23:57,77.1600,42,1
2026-03-13,000333,13:24:00,77.1500,9,2
2026-03-13,000333,13:24:03,77.1500,24,2
2026-03-13,000333,13:24:06,77.1600,5,1
2026-03-13,000333,13:24:09,77.1500,19,2
2026-03-13,000333,13:24:12,77.1600,3,1
2026-03-13,000333,13:24:15,77.1600,3,2
2026-03-13,000333,13:24:18,77.1700,13,1
2026-03-13,000333,13:24:21,77.1600,2,2
2026-03-13,000333,13:24:24,77.1700,6,1
2026-03-13,000333,13:24:27,77.1500,19,2
2026-03-13,000333,13:24:30,77.1500,11,2
2026-03-13,000333,13:24:33,77.1600,18,2
2026-03-13,000333,13:24:36,77.1500,24,2
2026-03-13,000333,13:24:39,77.1500,7,2
2026-03-13,000333,13:24:42,77.1700,25,1
2026-03-13,000333,13:24:45,77.1700,17,1
2026-03-13,000333,13:24:48,77.1800,145,1
2026-03-13,000333,13:24:51,77.1800,61,1
2026-03-13,000333,13:24:54,77.1600,2,2
2026-03-13,000333,13:25:00,77.1700,165,4
2026-03-13,000333,13:25:03,77.2200,140,1
2026-03-13,000333,13:25:06,77.1700,63,2
2026-03-13,000333,13:25:09,77.2200,29,1
2026-03-13,000333,13:25:12,77.1800,1,2
2026-03-13,000333,13:25:15,77.2000,20,1
2026-03-13,000333,13:25:18,77.1800,24,2
2026-03-13,000333,13:25:21,77.1900,4,4
2026-03-13,000333,13:25:24,77.1900,22,4
2026-03-13,000333,13:25:27,77.1900,17,2
2026-03-13,000333,13:25:30,77.2000,33,1
2026-03-13,000333,13:25:33,77.2100,25,1
2026-03-13,000333,13:25:36,77.1900,14,2
2026-03-13,000333,13:25:39,77.2100,2,1
2026-03-13,000333,13:25:42,77.2000,2,2
2026-03-13,000333,13:25:45,77.2100,20,1
2026-03-13,000333,13:25:48,77.2000,2,2
2026-03-13,000333,13:25:51,77.2000,3,2
2026-03-13,000333,13:25:54,77.1900,22,2
2026-03-13,000333,13:25:57,77.2000,19,1
2026-03-13,000333,13:26:00,77.2100,2,1
2026-03-13,000333,13:26:03,77.2000,19,2
2026-03-13,000333,13:26:06,77.2000,4,2
2026-03-13,000333,13:26:12,77.2000,18,1
2026-03-13,000333,13:26:15,77.2100,1,1
2026-03-13,000333,13:26:18,77.2100,34,1
2026-03-13,000333,13:26:21,77.2300,208,1
2026-03-13,000333,13:26:24,77.2200,48,1
2026-03-13,000333,13:26:27,77.1800,19,2
2026-03-13,000333,13:26:30,77.1800,3,2
2026-03-13,000333,13:26:33,77.2000,8,1
2026-03-13,000333,13:26:36,77.2000,18,1
2026-03-13,000333,13:26:39,77.1900,13,4
2026-03-13,000333,13:26:42,77.1800,6,2
2026-03-13,000333,13:26:45,77.1900,1,1
2026-03-13,000333,13:26:48,77.1900,5,1
2026-03-13,000333,13:26:54,77.1900,26,1
2026-03-13,000333,13:26:57,77.1800,4,2
2026-03-13,000333,13:27:00,77.1900,8,1
2026-03-13,000333,13:27:03,77.1800,1,2
2026-03-13,000333,13:27:06,77.1800,6,2
2026-03-13,000333,13:27:09,77.1800,24,2
2026-03-13,000333,13:27:12,77.1900,5,1
2026-03-13,000333,13:27:15,77.1800,29,2
2026-03-13,000333,13:27:18,77.1800,12,2
2026-03-13,000333,13:27:21,77.1700,8,2
2026-03-13,000333,13:27:24,77.1700,8,2
2026-03-13,000333,13:27:27,77.1700,28,2
2026-03-13,000333,13:27:30,77.1700,1,2
2026-03-13,000333,13:27:33,77.1800,6,1
2026-03-13,000333,13:27:36,77.1800,4,1
2026-03-13,000333,13:27:39,77.1800,10,1
2026-03-13,000333,13:27:42,77.1800,20,1
2026-03-13,000333,13:27:45,77.1800,12,1
2026-03-13,000333,13:27:48,77.1700,3,2
2026-03-13,000333,13:27:51,77.1700,2,2
2026-03-13,000333,13:27:54,77.1700,12,2
2026-03-13,000333,13:27:57,77.1800,46,1
2026-03-13,000333,13:28:00,77.1900,21,1
2026-03-13,000333,13:28:03,77.1700,6,2
2026-03-13,000333,13:28:06,77.1800,6,1
2026-03-13,000333,13:28:09,77.1700,13,2
2026-03-13,000333,13:28:15,77.1700,17,2
2026-03-13,000333,13:28:18,77.1700,9,2
2026-03-13,000333,13:28:21,77.1700,6,2
2026-03-13,000333,13:28:24,77.1700,16,2
2026-03-13,000333,13:28:27,77.1800,16,1
2026-03-13,000333,13:28:30,77.1700,13,2
2026-03-13,000333,13:28:33,77.1700,8,1
2026-03-13,000333,13:28:36,77.1700,26,1
2026-03-13,000333,13:28:39,77.1700,16,1
2026-03-13,000333,13:28:42,77.1600,4,2
2026-03-13,000333,13:28:45,77.1700,15,1
2026-03-13,000333,13:28:48,77.1600,1,2
2026-03-13,000333,13:28:51,77.1600,7,2
2026-03-13,000333,13:28:54,77.1600,1,2
2026-03-13,000333,13:28:57,77.1600,15,2
2026-03-13,000333,13:29:00,77.1600,6,2
2026-03-13,000333,13:29:03,77.1600,9,2
2026-03-13,000333,13:29:06,77.1700,5,1
2026-03-13,000333,13:29:12,77.1600,7,2
2026-03-13,000333,13:29:15,77.1600,20,2
2026-03-13,000333,13:29:21,77.1700,19,1
2026-03-13,000333,13:29:24,77.1700,26,1
2026-03-13,000333,13:29:27,77.1600,8,2
2026-03-13,000333,13:29:30,77.1600,17,2
2026-03-13,000333,13:29:33,77.1600,8,2
2026-03-13,000333,13:29:36,77.1600,8,2
2026-03-13,000333,13:29:39,77.1600,8,2
2026-03-13,000333,13:29:42,77.1600,4,2
2026-03-13,000333,13:29:45,77.1600,20,2
2026-03-13,000333,13:29:48,77.1600,81,1
2026-03-13,000333,13:29:51,77.1600,2,1
2026-03-13,000333,13:29:54,77.1500,73,2
2026-03-13,000333,13:29:57,77.1600,9,1
2026-03-13,000333,13:30:00,77.1700,25,1
2026-03-13,000333,13:30:03,77.1700,118,2
2026-03-13,000333,13:30:06,77.1800,129,1
2026-03-13,000333,13:30:09,77.1900,68,1
2026-03-13,000333,13:30:12,77.1800,2,4
2026-03-13,000333,13:30:15,77.1800,12,2
2026-03-13,000333,13:30:18,77.1900,1,1
2026-03-13,000333,13:30:21,77.1900,12,1
2026-03-13,000333,13:30:24,77.1900,28,1
2026-03-13,000333,13:30:27,77.1900,9,1
2026-03-13,000333,13:30:30,77.1900,7,1
2026-03-13,000333,13:30:33,77.1900,24,1
2026-03-13,000333,13:30:36,77.1900,57,1
2026-03-13,000333,13:30:39,77.1800,11,2
2026-03-13,000333,13:30:42,77.1800,23,1
2026-03-13,000333,13:30:48,77.1800,7,2
2026-03-13,000333,13:30:51,77.1700,20,2
2026-03-13,000333,13:30:54,77.1900,9,1
2026-03-13,000333,13:30:57,77.1700,70,2
2026-03-13,000333,13:31:00,77.1800,3,1
2026-03-13,000333,13:31:03,77.1700,154,2
2026-03-13,000333,13:31:06,77.1700,61,2
2026-03-13,000333,13:31:09,77.1700,66,2
2026-03-13,000333,13:31:12,77.1700,5,2
2026-03-13,000333,13:31:15,77.1800,2,1
2026-03-13,000333,13:31:18,77.1700,53,2
2026-03-13,000333,13:31:21,77.1700,4,2
2026-03-13,000333,13:31:24,77.1700,19,2
2026-03-13,000333,13:31:27,77.1600,73,2
2026-03-13,000333,13:31:30,77.1600,112,2
2026-03-13,000333,13:31:33,77.1500,8,2
2026-03-13,000333,13:31:36,77.1600,46,1
2026-03-13,000333,13:31:39,77.1600,16,2
2026-03-13,000333,13:31:42,77.1600,4,2
2026-03-13,000333,13:31:45,77.1500,12,2
2026-03-13,000333,13:31:48,77.1600,3,4
2026-03-13,000333,13:31:51,77.1500,28,2
2026-03-13,000333,13:31:54,77.1500,2,2
2026-03-13,000333,13:31:57,77.1600,20,1
2026-03-13,000333,13:32:03,77.1500,2,2
2026-03-13,000333,13:32:06,77.1500,14,2
2026-03-13,000333,13:32:09,77.1500,15,2
2026-03-13,000333,13:32:12,77.1500,35,2
2026-03-13,000333,13:32:15,77.1500,1,2
2026-03-13,000333,13:32:18,77.1700,134,1
2026-03-13,000333,13:32:21,77.1700,8,2
2026-03-13,000333,13:32:24,77.1700,40,2
2026-03-13,000333,13:32:27,77.1500,39,2
2026-03-13,000333,13:32:30,77.1600,19,4
2026-03-13,000333,13:32:33,77.1800,15,1
2026-03-13,000333,13:32:39,77.1700,23,1
2026-03-13,000333,13:32:42,77.1600,1,2
2026-03-13,000333,13:32:45,77.1700,13,1
2026-03-13,000333,13:32:48,77.1500,21,2
2026-03-13,000333,13:32:51,77.1500,6,2
2026-03-13,000333,13:32:54,77.1500,13,2
2026-03-13,000333,13:32:57,77.1500,1,2
2026-03-13,000333,13:33:03,77.1500,23,2
2026-03-13,000333,13:33:06,77.1600,19,1
2026-03-13,000333,13:33:09,77.1500,22,2
2026-03-13,000333,13:33:12,77.1600,2,1
2026-03-13,000333,13:33:15,77.1600,6,1
2026-03-13,000333,13:33:18,77.1700,29,1
2026-03-13,000333,13:33:21,77.1600,21,4
2026-03-13,000333,13:33:24,77.1500,14,2
2026-03-13,000333,13:33:27,77.1500,22,2
2026-03-13,000333,13:33:30,77.1600,3,1
2026-03-13,000333,13:33:33,77.1700,42,1
2026-03-13,000333,13:33:36,77.1700,3,1
2026-03-13,000333,13:33:45,77.1700,5,1
2026-03-13,000333,13:33:48,77.1700,2,1
2026-03-13,000333,13:33:54,77.1600,20,2
2026-03-13,000333,13:33:57,77.1700,49,1
2026-03-13,000333,13:34:00,77.1600,17,2
2026-03-13,000333,13:34:03,77.1600,7,2
2026-03-13,000333,13:34:06,77.1700,24,1
2026-03-13,000333,13:34:12,77.1600,38,2
2026-03-13,000333,13:34:15,77.1600,16,1
2026-03-13,000333,13:34:18,77.1500,25,2
2026-03-13,000333,13:34:21,77.1500,30,2
2026-03-13,000333,13:34:24,77.1500,14,2
2026-03-13,000333,13:34:27,77.1500,12,2
2026-03-13,000333,13:34:30,77.1500,13,2
2026-03-13,000333,13:34:33,77.1500,5,2
2026-03-13,000333,13:34:36,77.1400,116,2
2026-03-13,000333,13:34:39,77.1400,13,2
2026-03-13,000333,13:34:42,77.1400,17,2
2026-03-13,000333,13:34:45,77.1400,16,2
2026-03-13,000333,13:34:48,77.1500,12,1
2026-03-13,000333,13:34:51,77.1300,37,2
2026-03-13,000333,13:34:54,77.1300,26,2
2026-03-13,000333,13:34:57,77.1300,28,2
2026-03-13,000333,13:35:00,77.1300,37,1
2026-03-13,000333,13:35:03,77.1300,11,2
2026-03-13,000333,13:35:06,77.1300,10,2
2026-03-13,000333,13:35:09,77.1500,8,1
2026-03-13,000333,13:35:12,77.1500,30,1
2026-03-13,000333,13:35:15,77.1400,17,2
2026-03-13,000333,13:35:18,77.1400,44,2
2026-03-13,000333,13:35:21,77.1400,10,2
2026-03-13,000333,13:35:27,77.1400,1,2
2026-03-13,000333,13:35:30,77.1400,5,2
2026-03-13,000333,13:35:33,77.1500,1,1
2026-03-13,000333,13:35:36,77.1500,1,1
2026-03-13,000333,13:35:39,77.1400,13,2
2026-03-13,000333,13:35:42,77.1400,21,2
2026-03-13,000333,13:35:45,77.1500,19,1
2026-03-13,000333,13:35:48,77.1500,7,1
2026-03-13,000333,13:35:51,77.1400,10,2
2026-03-13,000333,13:35:54,77.1400,23,2
2026-03-13,000333,13:35:57,77.1400,31,2
2026-03-13,000333,13:36:00,77.1400,12,1
2026-03-13,000333,13:36:03,77.1300,1,2
2026-03-13,000333,13:36:06,77.1400,9,1
2026-03-13,000333,13:36:09,77.1300,7,2
2026-03-13,000333,13:36:15,77.1200,87,2
2026-03-13,000333,13:36:18,77.1300,18,1
2026-03-13,000333,13:36:21,77.1200,41,2
2026-03-13,000333,13:36:24,77.1200,19,2
2026-03-13,000333,13:36:27,77.1200,12,2
2026-03-13,000333,13:36:30,77.1200,2,2
2026-03-13,000333,13:36:33,77.1300,12,1
2026-03-13,000333,13:36:36,77.1300,23,1
2026-03-13,000333,13:36:39,77.1300,2,1
2026-03-13,000333,13:36:42,77.1200,9,2
2026-03-13,000333,13:36:45,77.1300,13,1
2026-03-13,000333,13:36:48,77.1200,17,2
2026-03-13,000333,13:36:51,77.1300,12,1
2026-03-13,000333,13:36:54,77.1200,30,2
2026-03-13,000333,13:36:57,77.1200,2,2
2026-03-13,000333,13:37:00,77.1300,2,1
2026-03-13,000333,13:37:03,77.1300,73,1
2026-03-13,000333,13:37:06,77.1300,11,2
2026-03-13,000333,13:37:09,77.1200,19,2
2026-03-13,000333,13:37:12,77.1300,2,2
2026-03-13,000333,13:37:15,77.1300,6,2
2026-03-13,000333,13:37:18,77.1300,21,2
2026-03-13,000333,13:37:21,77.1300,29,1
2026-03-13,000333,13:37:24,77.1200,4,2
2026-03-13,000333,13:37:27,77.1300,1,1
2026-03-13,000333,13:37:30,77.1300,25,1
2026-03-13,000333,13:37:33,77.1400,59,1
2026-03-13,000333,13:37:36,77.1500,40,1
2026-03-13,000333,13:37:39,77.1500,1,1
2026-03-13,000333,13:37:42,77.1400,14,2
2026-03-13,000333,13:37:45,77.1500,3,1
2026-03-13,000333,13:37:48,77.1400,5,2
2026-03-13,000333,13:37:51,77.1500,11,1
2026-03-13,000333,13:37:54,77.1300,21,2
2026-03-13,000333,13:37:57,77.1300,29,2
2026-03-13,000333,13:38:00,77.1400,15,1
2026-03-13,000333,13:38:03,77.1300,2,2
2026-03-13,000333,13:38:06,77.1300,6,2
2026-03-13,000333,13:38:12,77.1300,15,2
2026-03-13,000333,13:38:15,77.1300,23,2
2026-03-13,000333,13:38:21,77.1300,23,2
2026-03-13,000333,13:38:24,77.1300,61,2
2026-03-13,000333,13:38:27,77.1200,54,2
2026-03-13,000333,13:38:30,77.1200,35,2
2026-03-13,000333,13:38:33,77.1100,65,2
2026-03-13,000333,13:38:36,77.1200,30,1
2026-03-13,000333,13:38:39,77.1200,1,1
2026-03-13,000333,13:38:42,77.1100,1,2
2026-03-13,000333,13:38:45,77.1100,3,2
2026-03-13,000333,13:38:48,77.1200,5,1
2026-03-13,000333,13:38:51,77.1200,3,1
2026-03-13,000333,13:38:54,77.1100,8,2
2026-03-13,000333,13:38:57,77.1200,81,1
2026-03-13,000333,13:39:00,77.1200,3,2
2026-03-13,000333,13:39:03,77.1200,1,2
2026-03-13,000333,13:39:06,77.1100,2,2
2026-03-13,000333,13:39:09,77.1200,4,4
2026-03-13,000333,13:39:12,77.1200,17,2
2026-03-13,000333,13:39:15,77.1300,60,1
2026-03-13,000333,13:39:18,77.1200,22,2
2026-03-13,000333,13:39:21,77.1200,3,2
2026-03-13,000333,13:39:24,77.1200,8,2
2026-03-13,000333,13:39:27,77.1100,21,2
2026-03-13,000333,13:39:30,77.1200,9,1
2026-03-13,000333,13:39:36,77.1100,16,2
2026-03-13,000333,13:39:39,77.1200,14,1
2026-03-13,000333,13:39:42,77.1100,3,2
2026-03-13,000333,13:39:45,77.1200,7,1
2026-03-13,000333,13:39:48,77.1200,3,1
2026-03-13,000333,13:39:51,77.1200,14,1
2026-03-13,000333,13:39:54,77.1100,10,2
2026-03-13,000333,13:39:57,77.1200,33,1
2026-03-13,000333,13:40:00,77.1200,9,1
2026-03-13,000333,13:40:03,77.1200,65,1
2026-03-13,000333,13:40:06,77.1300,15,1
2026-03-13,000333,13:40:09,77.1300,7,1
2026-03-13,000333,13:40:12,77.1400,29,1
2026-03-13,000333,13:40:15,77.1400,39,1
2026-03-13,000333,13:40:18,77.1400,17,1
2026-03-13,000333,13:40:21,77.1400,47,1
2026-03-13,000333,13:40:24,77.1400,3,1
2026-03-13,000333,13:40:27,77.1500,50,1
2026-03-13,000333,13:40:30,77.1400,5,2
2026-03-13,000333,13:40:33,77.1400,6,2
2026-03-13,000333,13:40:36,77.1500,30,1
2026-03-13,000333,13:40:39,77.1400,29,2
2026-03-13,000333,13:40:42,77.1400,13,2
2026-03-13,000333,13:40:45,77.1500,11,1
2026-03-13,000333,13:40:48,77.1500,3,1
2026-03-13,000333,13:40:54,77.1400,17,2
2026-03-13,000333,13:40:57,77.1400,12,2
2026-03-13,000333,13:41:00,77.1400,61,2
2026-03-13,000333,13:41:03,77.1400,1,2
2026-03-13,000333,13:41:06,77.1500,19,1
2026-03-13,000333,13:41:09,77.1400,9,2
2026-03-13,000333,13:41:12,77.1400,2,2
2026-03-13,000333,13:41:15,77.1500,18,1
2026-03-13,000333,13:41:18,77.1400,18,2
2026-03-13,000333,13:41:21,77.1400,1,2
2026-03-13,000333,13:41:24,77.1500,13,1
2026-03-13,000333,13:41:27,77.1400,35,2
2026-03-13,000333,13:41:33,77.1300,6,2
2026-03-13,000333,13:41:36,77.1400,6,1
2026-03-13,000333,13:41:39,77.1400,26,1
2026-03-13,000333,13:41:42,77.1300,46,2
2026-03-13,000333,13:41:45,77.1300,10,2
2026-03-13,000333,13:41:48,77.1200,11,2
2026-03-13,000333,13:41:51,77.1300,19,1
2026-03-13,000333,13:41:54,77.1200,2,2
2026-03-13,000333,13:41:57,77.1200,23,2
2026-03-13,000333,13:42:00,77.1200,4,2
2026-03-13,000333,13:42:06,77.1300,2,1
2026-03-13,000333,13:42:09,77.1300,4,1
2026-03-13,000333,13:42:12,77.1300,2,1
2026-03-13,000333,13:42:15,77.1300,21,1
2026-03-13,000333,13:42:18,77.1300,9,1
2026-03-13,000333,13:42:21,77.1300,239,1
2026-03-13,000333,13:42:27,77.1100,33,2
2026-03-13,000333,13:42:30,77.1000,127,2
2026-03-13,000333,13:42:33,77.1100,4,1
2026-03-13,000333,13:42:36,77.1000,19,2
2026-03-13,000333,13:42:39,77.1000,6,2
2026-03-13,000333,13:42:42,77.1000,10,2
2026-03-13,000333,13:42:45,77.1100,6,1
2026-03-13,000333,13:42:48,77.1200,146,1
2026-03-13,000333,13:42:54,77.1200,21,2
2026-03-13,000333,13:42:57,77.1300,1,4
2026-03-13,000333,13:43:00,77.1300,2,2
2026-03-13,000333,13:43:03,77.1400,46,1
2026-03-13,000333,13:43:06,77.1400,29,1
2026-03-13,000333,13:43:12,77.1400,28,1
2026-03-13,000333,13:43:15,77.1400,31,1
2026-03-13,000333,13:43:18,77.1400,35,2
2026-03-13,000333,13:43:21,77.1500,75,1
2026-03-13,000333,13:43:24,77.1500,41,1
2026-03-13,000333,13:43:27,77.1500,24,1
2026-03-13,000333,13:43:30,77.1500,2,2
2026-03-13,000333,13:43:33,77.1500,3,2
2026-03-13,000333,13:43:36,77.1600,11,1
2026-03-13,000333,13:43:42,77.1600,12,1
2026-03-13,000333,13:43:45,77.1600,38,1
2026-03-13,000333,13:43:48,77.1500,29,2
2026-03-13,000333,13:43:54,77.1500,5,2
2026-03-13,000333,13:43:57,77.1500,33,2
2026-03-13,000333,13:44:00,77.1600,1,1
2026-03-13,000333,13:44:03,77.1500,32,2
2026-03-13,000333,13:44:06,77.0900,400,2
2026-03-13,000333,13:44:09,77.1100,26,2
2026-03-13,000333,13:44:15,77.1200,5,1
2026-03-13,000333,13:44:18,77.1100,10,2
2026-03-13,000333,13:44:21,77.1100,1,2
2026-03-13,000333,13:44:24,77.1100,20,2
2026-03-13,000333,13:44:27,77.1100,3,2
2026-03-13,000333,13:44:30,77.1100,4,2
2026-03-13,000333,13:44:33,77.1200,51,1
2026-03-13,000333,13:44:36,77.1300,24,1
2026-03-13,000333,13:44:39,77.1300,12,1
2026-03-13,000333,13:44:42,77.1200,1,2
2026-03-13,000333,13:44:45,77.1400,28,1
2026-03-13,000333,13:44:48,77.1400,5,1
2026-03-13,000333,13:44:51,77.1400,17,1
2026-03-13,000333,13:44:54,77.1400,9,1
2026-03-13,000333,13:44:57,77.1400,38,2
2026-03-13,000333,13:45:00,77.1400,6,2
2026-03-13,000333,13:45:03,77.1300,12,2
2026-03-13,000333,13:45:06,77.1400,23,1
2026-03-13,000333,13:45:09,77.1400,7,1
2026-03-13,000333,13:45:12,77.1300,1,2
2026-03-13,000333,13:45:15,77.1400,18,1
2026-03-13,000333,13:45:18,77.1400,28,1
2026-03-13,000333,13:45:21,77.1300,10,2
2026-03-13,000333,13:45:24,77.1400,1,1
2026-03-13,000333,13:45:27,77.1400,9,1
2026-03-13,000333,13:45:30,77.1300,2,2
2026-03-13,000333,13:45:33,77.1400,1,1
2026-03-13,000333,13:45:36,77.1400,21,1
2026-03-13,000333,13:45:39,77.1600,218,1
2026-03-13,000333,13:45:42,77.1600,13,1
2026-03-13,000333,13:45:45,77.1500,3,4
2026-03-13,000333,13:45:48,77.1600,54,1
2026-03-13,000333,13:45:51,77.1600,14,1
2026-03-13,000333,13:45:54,77.1600,18,1
2026-03-13,000333,13:45:57,77.1600,35,2
2026-03-13,000333,13:46:00,77.1800,334,1
2026-03-13,000333,13:46:03,77.1900,23,1
2026-03-13,000333,13:46:06,77.2200,16,1
2026-03-13,000333,13:46:09,77.2100,36,2
2026-03-13,000333,13:46:12,77.2100,7,2
2026-03-13,000333,13:46:15,77.2200,66,1
2026-03-13,000333,13:46:18,77.2100,10,2
2026-03-13,000333,13:46:21,77.2200,53,1
2026-03-13,000333,13:46:24,77.2200,8,1
2026-03-13,000333,13:46:27,77.2200,28,2
2026-03-13,000333,13:46:30,77.2200,1,2
2026-03-13,000333,13:46:33,77.2200,10,2
2026-03-13,000333,13:46:36,77.2300,61,1
2026-03-13,000333,13:46:42,77.2200,6,1
2026-03-13,000333,13:46:45,77.2200,18,1
2026-03-13,000333,13:46:48,77.2400,26,1
2026-03-13,000333,13:46:51,77.2200,104,2
2026-03-13,000333,13:46:54,77.2100,4,4
2026-03-13,000333,13:46:57,77.2200,3,1
2026-03-13,000333,13:47:00,77.2200,1,1
2026-03-13,000333,13:47:03,77.2100,36,2
2026-03-13,000333,13:47:06,77.2100,91,2
2026-03-13,000333,13:47:12,77.2200,10,1
2026-03-13,000333,13:47:15,77.2300,84,1
2026-03-13,000333,13:47:18,77.1800,158,2
2026-03-13,000333,13:47:21,77.1900,2,2
2026-03-13,000333,13:47:24,77.2300,45,1
2026-03-13,000333,13:47:27,77.1700,128,2
2026-03-13,000333,13:47:30,77.1700,15,2
2026-03-13,000333,13:47:33,77.1700,2,2
2026-03-13,000333,13:47:36,77.1800,14,1
2026-03-13,000333,13:47:39,77.1800,3,1
2026-03-13,000333,13:47:42,77.1700,28,2
2026-03-13,000333,13:47:45,77.1600,69,2
2026-03-13,000333,13:47:48,77.1700,15,1
2026-03-13,000333,13:47:51,77.1600,1,2
2026-03-13,000333,13:47:54,77.1700,16,1
2026-03-13,000333,13:47:57,77.1700,23,1
2026-03-13,000333,13:48:00,77.1600,10,2
2026-03-13,000333,13:48:03,77.1600,26,2
2026-03-13,000333,13:48:06,77.1700,8,1
2026-03-13,000333,13:48:09,77.1700,4,1
2026-03-13,000333,13:48:15,77.1600,1,2
2026-03-13,000333,13:48:18,77.1600,10,2
2026-03-13,000333,13:48:21,77.1700,11,1
2026-03-13,000333,13:48:24,77.1700,7,1
2026-03-13,000333,13:48:27,77.1700,17,1
2026-03-13,000333,13:48:30,77.1700,12,1
2026-03-13,000333,13:48:33,77.1700,4,1
2026-03-13,000333,13:48:36,77.1700,20,1
2026-03-13,000333,13:48:39,77.1600,10,2
2026-03-13,000333,13:48:42,77.1700,3,1
2026-03-13,000333,13:48:45,77.1600,2,2
2026-03-13,000333,13:48:48,77.1700,5,1
2026-03-13,000333,13:48:51,77.1600,2,2
2026-03-13,000333,13:48:54,77.1600,11,2
2026-03-13,000333,13:48:57,77.1700,1,1
2026-03-13,000333,13:49:00,77.1700,7,1
2026-03-13,000333,13:49:03,77.1600,81,2
2026-03-13,000333,13:49:06,77.1500,141,2
2026-03-13,000333,13:49:09,77.1500,28,2
2026-03-13,000333,13:49:12,77.1500,216,2
2026-03-13,000333,13:49:15,77.1300,112,2
2026-03-13,000333,13:49:18,77.1500,21,1
2026-03-13,000333,13:49:21,77.1500,13,1
2026-03-13,000333,13:49:24,77.1400,29,2
2026-03-13,000333,13:49:27,77.1300,13,2
2026-03-13,000333,13:49:30,77.1200,18,2
2026-03-13,000333,13:49:33,77.1200,29,1
2026-03-13,000333,13:49:36,77.1100,11,2
2026-03-13,000333,13:49:39,77.1100,4,2
2026-03-13,000333,13:49:42,77.1100,4,2
2026-03-13,000333,13:49:45,77.1200,101,1
2026-03-13,000333,13:49:48,77.1100,55,2
2026-03-13,000333,13:49:51,77.1300,7,1
2026-03-13,000333,13:49:54,77.1200,8,4
2026-03-13,000333,13:49:57,77.1300,11,1
2026-03-13,000333,13:50:00,77.1300,2,2
2026-03-13,000333,13:50:03,77.1300,95,2
2026-03-13,000333,13:50:06,77.1500,71,1
2026-03-13,000333,13:50:09,77.1500,11,1
2026-03-13,000333,13:50:18,77.1500,7,1
2026-03-13,000333,13:50:21,77.1600,103,1
2026-03-13,000333,13:50:24,77.1700,34,1
2026-03-13,000333,13:50:27,77.1600,18,1
2026-03-13,000333,13:50:30,77.1500,10,2
2026-03-13,000333,13:50:33,77.1600,5,2
2026-03-13,000333,13:50:36,77.1600,36,2
2026-03-13,000333,13:50:39,77.1600,33,4
2026-03-13,000333,13:50:42,77.1600,1,1
2026-03-13,000333,13:50:48,77.1600,8,1
2026-03-13,000333,13:50:51,77.1600,3,1
2026-03-13,000333,13:50:54,77.1500,2,2
2026-03-13,000333,13:50:57,77.1600,1,1
2026-03-13,000333,13:51:03,77.1500,30,2
2026-03-13,000333,13:51:06,77.1600,32,1
2026-03-13,000333,13:51:09,77.1700,15,1
2026-03-13,000333,13:51:12,77.1700,52,1
2026-03-13,000333,13:51:15,77.1900,132,1
2026-03-13,000333,13:51:18,77.1900,8,1
2026-03-13,000333,13:51:21,77.1900,41,1
2026-03-13,000333,13:51:24,77.1900,9,2
2026-03-13,000333,13:51:27,77.1900,72,2
2026-03-13,000333,13:51:30,77.1900,26,2
2026-03-13,000333,13:51:33,77.1900,17,2
2026-03-13,000333,13:51:36,77.1900,2,2
2026-03-13,000333,13:51:39,77.1900,4,2
2026-03-13,000333,13:51:42,77.1900,6,2
2026-03-13,000333,13:51:45,77.2000,6,1
2026-03-13,000333,13:51:51,77.2000,1,1
2026-03-13,000333,13:51:54,77.1900,13,2
2026-03-13,000333,13:51:57,77.2000,18,1
2026-03-13,000333,13:52:00,77.2000,11,1
2026-03-13,000333,13:52:03,77.1900,10,2
2026-03-13,000333,13:52:06,77.2000,34,1
2026-03-13,000333,13:52:09,77.2000,23,2
2026-03-13,000333,13:52:12,77.2200,15,1
2026-03-13,000333,13:52:15,77.2100,11,2
2026-03-13,000333,13:52:18,77.2200,71,1
2026-03-13,000333,13:52:21,77.2200,1,1
2026-03-13,000333,13:52:24,77.2200,65,1
2026-03-13,000333,13:52:27,77.2200,7,2
2026-03-13,000333,13:52:30,77.2100,11,2
2026-03-13,000333,13:52:33,77.2200,5,1
2026-03-13,000333,13:52:36,77.2200,3,1
2026-03-13,000333,13:52:39,77.2200,19,1
2026-03-13,000333,13:52:42,77.2200,6,2
2026-03-13,000333,13:52:45,77.2200,1,2
2026-03-13,000333,13:52:48,77.2300,108,1
2026-03-13,000333,13:52:51,77.2300,25,2
2026-03-13,000333,13:52:54,77.2300,21,2
2026-03-13,000333,13:52:57,77.2300,18,2
2026-03-13,000333,13:53:00,77.2500,24,1
2026-03-13,000333,13:53:03,77.2400,85,2
2026-03-13,000333,13:53:06,77.2400,8,1
2026-03-13,000333,13:53:12,77.2400,6,1
2026-03-13,000333,13:53:15,77.2400,25,1
2026-03-13,000333,13:53:18,77.2400,27,1
2026-03-13,000333,13:53:21,77.2400,17,1
2026-03-13,000333,13:53:24,77.2400,14,4
2026-03-13,000333,13:53:27,77.2300,6,2
2026-03-13,000333,13:53:30,77.2300,5,2
2026-03-13,000333,13:53:33,77.2200,234,2
2026-03-13,000333,13:53:36,77.2100,45,2
2026-03-13,000333,13:53:39,77.2300,19,1
2026-03-13,000333,13:53:42,77.2200,6,2
2026-03-13,000333,13:53:45,77.2300,3,1
2026-03-13,000333,13:53:51,77.2200,19,2
2026-03-13,000333,13:53:54,77.2200,6,2
2026-03-13,000333,13:53:57,77.2200,19,1
2026-03-13,000333,13:54:00,77.2200,28,1
2026-03-13,000333,13:54:03,77.2100,4,2
2026-03-13,000333,13:54:06,77.2100,19,2
2026-03-13,000333,13:54:09,77.2200,11,1
2026-03-13,000333,13:54:12,77.2200,110,1
2026-03-13,000333,13:54:15,77.2100,7,2
2026-03-13,000333,13:54:18,77.2200,28,1
2026-03-13,000333,13:54:21,77.2100,35,2
2026-03-13,000333,13:54:24,77.2100,5,1
2026-03-13,000333,13:54:27,77.2100,7,1
2026-03-13,000333,13:54:30,77.2000,7,2
2026-03-13,000333,13:54:33,77.2000,1,2
2026-03-13,000333,13:54:36,77.2000,3,2
2026-03-13,000333,13:54:39,77.2000,124,2
2026-03-13,000333,13:54:42,77.1300,1137,2
2026-03-13,000333,13:54:45,77.0800,230,2
2026-03-13,000333,13:54:48,77.0700,32,2
2026-03-13,000333,13:54:51,77.0800,341,1
2026-03-13,000333,13:54:54,77.0700,82,2
2026-03-13,000333,13:54:57,77.0800,51,1
2026-03-13,000333,13:55:00,77.0800,157,1
2026-03-13,000333,13:55:03,77.0600,63,2
2026-03-13,000333,13:55:06,77.0700,58,1
2026-03-13,000333,13:55:09,77.0200,100,2
2026-03-13,000333,13:55:12,77.0100,93,2
2026-03-13,000333,13:55:15,77.0500,15,1
2026-03-13,000333,13:55:18,77.0600,112,1
2026-03-13,000333,13:55:21,77.0600,64,2
2026-03-13,000333,13:55:24,77.0600,9,2
2026-03-13,000333,13:55:27,77.0900,16,1
2026-03-13,000333,13:55:30,77.0700,6,2
2026-03-13,000333,13:55:33,77.0900,62,1
2026-03-13,000333,13:55:36,77.0900,41,1
2026-03-13,000333,13:55:39,77.0900,18,1
2026-03-13,000333,13:55:42,77.0900,12,1
2026-03-13,000333,13:55:48,77.1000,105,1
2026-03-13,000333,13:55:54,77.1100,18,1
2026-03-13,000333,13:55:57,77.1200,12,2
2026-03-13,000333,13:56:00,77.1200,9,1
2026-03-13,000333,13:56:03,77.1100,5,2
2026-03-13,000333,13:56:06,77.1100,12,2
2026-03-13,000333,13:56:09,77.1100,15,2
2026-03-13,000333,13:56:15,77.1100,20,2
2026-03-13,000333,13:56:18,77.1200,89,1
2026-03-13,000333,13:56:21,77.1300,12,1
2026-03-13,000333,13:56:24,77.1200,2,2
2026-03-13,000333,13:56:27,77.1300,14,1
2026-03-13,000333,13:56:30,77.1200,21,2
2026-03-13,000333,13:56:33,77.1200,30,1
2026-03-13,000333,13:56:36,77.1300,79,1
2026-03-13,000333,13:56:39,77.1300,31,2
2026-03-13,000333,13:56:42,77.1400,4,1
2026-03-13,000333,13:56:45,77.1600,9,1
2026-03-13,000333,13:56:48,77.1600,6,1
2026-03-13,000333,13:56:51,77.1400,45,2
2026-03-13,000333,13:56:54,77.1400,1,2
2026-03-13,000333,13:56:57,77.1500,6,1
2026-03-13,000333,13:57:00,77.1500,13,1
2026-03-13,000333,13:57:03,77.1500,4,2
2026-03-13,000333,13:57:06,77.1700,54,1
2026-03-13,000333,13:57:09,77.1700,4,1
2026-03-13,000333,13:57:12,77.1700,70,1
2026-03-13,000333,13:57:15,77.1700,16,2
2026-03-13,000333,13:57:18,77.1800,9,1
2026-03-13,000333,13:57:21,77.1900,12,1
2026-03-13,000333,13:57:27,77.2000,5,1
2026-03-13,000333,13:57:30,77.1900,6,2
2026-03-13,000333,13:57:33,77.2000,1,1
2026-03-13,000333,13:57:36,77.1800,34,2
2026-03-13,000333,13:57:39,77.2000,46,1
2026-03-13,000333,13:57:42,77.1800,6,2
2026-03-13,000333,13:57:48,77.1900,18,1
2026-03-13,000333,13:57:51,77.1900,20,1
2026-03-13,000333,13:57:54,77.1800,2,2
2026-03-13,000333,13:57:57,77.1900,18,1
2026-03-13,000333,13:58:00,77.1900,1,1
2026-03-13,000333,13:58:03,77.1800,1,2
2026-03-13,000333,13:58:06,77.1800,79,2
2026-03-13,000333,13:58:09,77.1800,14,1
2026-03-13,000333,13:58:12,77.1700,6,2
2026-03-13,000333,13:58:15,77.1800,15,1
2026-03-13,000333,13:58:18,77.1700,49,2
2026-03-13,000333,13:58:21,77.1600,34,2
2026-03-13,000333,13:58:27,77.1600,16,2
2026-03-13,000333,13:58:30,77.1700,25,1
2026-03-13,000333,13:58:33,77.1700,14,1
2026-03-13,000333,13:58:36,77.1600,26,2
2026-03-13,000333,13:58:39,77.1600,25,2
2026-03-13,000333,13:58:42,77.1700,32,1
2026-03-13,000333,13:58:45,77.1800,27,1
2026-03-13,000333,13:58:48,77.1800,34,1
2026-03-13,000333,13:58:51,77.1800,4,1
2026-03-13,000333,13:58:54,77.1700,1,2
2026-03-13,000333,13:58:57,77.1800,1,1
2026-03-13,000333,13:59:00,77.1800,9,1
2026-03-13,000333,13:59:03,77.1800,15,1
2026-03-13,000333,13:59:06,77.1800,20,1
2026-03-13,000333,13:59:09,77.1800,3,1
2026-03-13,000333,13:59:12,77.1800,2,1
2026-03-13,000333,13:59:15,77.1800,1,1
2026-03-13,000333,13:59:18,77.1700,18,2
2026-03-13,000333,13:59:21,77.1800,14,1
2026-03-13,000333,13:59:24,77.1700,14,2
2026-03-13,000333,13:59:27,77.1700,6,2
2026-03-13,000333,13:59:30,77.1700,41,2
2026-03-13,000333,13:59:33,77.1700,10,2
2026-03-13,000333,13:59:36,77.1700,24,2
2026-03-13,000333,13:59:39,77.1800,28,1
2026-03-13,000333,13:59:42,77.1800,2,1
2026-03-13,000333,13:59:45,77.1700,2,2
2026-03-13,000333,13:59:48,77.1800,7,1
2026-03-13,000333,13:59:54,77.1800,7,1
2026-03-13,000333,13:59:57,77.1800,24,1
2026-03-13,000333,14:00:00,77.1900,114,1
2026-03-13,000333,14:00:03,77.1800,104,2
2026-03-13,000333,14:00:06,77.1900,7,1
2026-03-13,000333,14:00:09,77.1800,4,4
2026-03-13,000333,14:00:12,77.2000,32,1
2026-03-13,000333,14:00:15,77.1800,3,1
2026-03-13,000333,14:00:18,77.1700,3,2
2026-03-13,000333,14:00:21,77.1700,8,2
2026-03-13,000333,14:00:24,77.1700,50,2
2026-03-13,000333,14:00:27,77.1700,170,2
2026-03-13,000333,14:00:30,77.1800,32,1
2026-03-13,000333,14:00:33,77.1600,7,2
2026-03-13,000333,14:00:36,77.1600,17,2
2026-03-13,000333,14:00:39,77.1600,22,1
2026-03-13,000333,14:00:42,77.1700,6,1
2026-03-13,000333,14:00:45,77.1700,39,1
2026-03-13,000333,14:00:48,77.1700,17,1
2026-03-13,000333,14:00:51,77.1700,7,1
2026-03-13,000333,14:01:00,77.1700,3,1
2026-03-13,000333,14:01:03,77.1600,6,2
2026-03-13,000333,14:01:06,77.1700,38,1
2026-03-13,000333,14:01:09,77.1600,162,2
2026-03-13,000333,14:01:12,77.1600,42,1
2026-03-13,000333,14:01:15,77.1500,7,2
2026-03-13,000333,14:01:18,77.1600,24,1
2026-03-13,000333,14:01:21,77.1600,5,1
2026-03-13,000333,14:01:24,77.1600,21,1
2026-03-13,000333,14:01:27,77.1500,8,2
2026-03-13,000333,14:01:30,77.1500,15,2
2026-03-13,000333,14:01:33,77.1600,4,1
2026-03-13,000333,14:01:36,77.1600,4,1
2026-03-13,000333,14:01:39,77.1600,3,1
2026-03-13,000333,14:01:42,77.1600,13,1
2026-03-13,000333,14:01:45,77.1600,10,1
2026-03-13,000333,14:01:48,77.1600,17,1
2026-03-13,000333,14:01:51,77.1600,4,1
2026-03-13,000333,14:01:54,77.1500,1,2
2026-03-13,000333,14:01:57,77.1600,18,1
2026-03-13,000333,14:02:00,77.1600,4,1
2026-03-13,000333,14:02:03,77.1500,2,2
2026-03-13,000333,14:02:06,77.1600,12,1
2026-03-13,000333,14:02:09,77.1600,5,1
2026-03-13,000333,14:02:12,77.1600,38,1
2026-03-13,000333,14:02:15,77.1600,13,1
2026-03-13,000333,14:02:18,77.1600,10,1
2026-03-13,000333,14:02:21,77.1700,31,1
2026-03-13,000333,14:02:24,77.1700,23,1
2026-03-13,000333,14:02:27,77.1700,7,1
2026-03-13,000333,14:02:30,77.1600,15,2
2026-03-13,000333,14:02:33,77.1700,65,1
2026-03-13,000333,14:02:36,77.1700,13,1
2026-03-13,000333,14:02:39,77.1700,19,1
2026-03-13,000333,14:02:42,77.1700,12,1
2026-03-13,000333,14:02:45,77.1800,31,1
2026-03-13,000333,14:02:48,77.1700,11,1
2026-03-13,000333,14:02:51,77.1700,29,1
2026-03-13,000333,14:02:54,77.1700,8,1
2026-03-13,000333,14:02:57,77.1700,5,1
2026-03-13,000333,14:03:03,77.1700,15,1
2026-03-13,000333,14:03:06,77.1700,19,1
2026-03-13,000333,14:03:09,77.1900,201,1
2026-03-13,000333,14:03:12,77.2000,99,1
2026-03-13,000333,14:03:15,77.1900,345,2
2026-03-13,000333,14:03:18,77.2000,37,1
2026-03-13,000333,14:03:21,77.2000,41,1
2026-03-13,000333,14:03:24,77.1900,7,2
2026-03-13,000333,14:03:27,77.1800,5,2
2026-03-13,000333,14:03:30,77.1800,4,4
2026-03-13,000333,14:03:36,77.1800,13,2
2026-03-13,000333,14:03:39,77.1800,4,2
2026-03-13,000333,14:03:42,77.1800,3,2
2026-03-13,000333,14:03:45,77.1800,4,2
2026-03-13,000333,14:03:48,77.1900,16,1
2026-03-13,000333,14:03:51,77.1800,12,2
2026-03-13,000333,14:03:54,77.1800,7,2
2026-03-13,000333,14:03:57,77.1900,18,1
2026-03-13,000333,14:04:00,77.1800,6,2
2026-03-13,000333,14:04:03,77.1800,26,2
2026-03-13,000333,14:04:06,77.1800,56,2
2026-03-13,000333,14:04:09,77.1700,80,2
2026-03-13,000333,14:04:12,77.1500,336,2
2026-03-13,000333,14:04:15,77.1400,112,2
2026-03-13,000333,14:04:18,77.1400,63,2
2026-03-13,000333,14:04:21,77.1400,29,2
2026-03-13,000333,14:04:24,77.1300,12,2
2026-03-13,000333,14:04:27,77.1100,19,2
2026-03-13,000333,14:04:30,77.1100,64,2
2026-03-13,000333,14:04:33,77.1200,2,1
2026-03-13,000333,14:04:36,77.1000,4,2
2026-03-13,000333,14:04:39,77.1200,179,1
2026-03-13,000333,14:04:42,77.1200,14,4
2026-03-13,000333,14:04:45,77.1300,20,1
2026-03-13,000333,14:04:48,77.1300,33,1
2026-03-13,000333,14:04:51,77.1100,2,2
2026-03-13,000333,14:04:54,77.1100,4,2
2026-03-13,000333,14:04:57,77.1100,8,2
2026-03-13,000333,14:05:00,77.1100,2,2
2026-03-13,000333,14:05:03,77.1000,64,2
2026-03-13,000333,14:05:06,77.1200,3,1
2026-03-13,000333,14:05:09,77.1100,16,2
2026-03-13,000333,14:05:12,77.1200,24,1
2026-03-13,000333,14:05:15,77.1200,10,2
2026-03-13,000333,14:05:18,77.1300,37,1
2026-03-13,000333,14:05:21,77.1300,8,1
2026-03-13,000333,14:05:27,77.1200,10,2
2026-03-13,000333,14:05:30,77.1200,4,2
2026-03-13,000333,14:05:33,77.1300,5,1
2026-03-13,000333,14:05:36,77.1200,3,2
2026-03-13,000333,14:05:39,77.1300,1,1
2026-03-13,000333,14:05:42,77.1300,5,1
2026-03-13,000333,14:05:45,77.1200,9,2
2026-03-13,000333,14:05:48,77.1200,15,2
2026-03-13,000333,14:05:51,77.1200,4,2
2026-03-13,000333,14:05:54,77.1200,24,2
2026-03-13,000333,14:05:57,77.1300,28,1
2026-03-13,000333,14:06:00,77.1300,11,1
2026-03-13,000333,14:06:03,77.1300,12,1
2026-03-13,000333,14:06:06,77.1100,414,2
2026-03-13,000333,14:06:09,77.1000,174,2
2026-03-13,000333,14:06:12,77.0900,39,2
2026-03-13,000333,14:06:15,77.0900,13,2
2026-03-13,000333,10:50:39,76.9800,22,1
2026-03-13,000333,10:50:42,76.9700,4,2
2026-03-13,000333,10:50:45,76.9900,39,1
2026-03-13,000333,10:50:51,76.9900,114,1
2026-03-13,000333,10:50:54,77.0000,38,1
2026-03-13,000333,10:51:03,76.9900,50,2
2026-03-13,000333,10:51:06,76.9900,9,2
2026-03-13,000333,10:51:09,77.0000,14,1
2026-03-13,000333,10:51:15,77.0000,34,1
2026-03-13,000333,10:51:18,77.0000,15,1
2026-03-13,000333,10:51:21,76.9900,32,2
2026-03-13,000333,10:51:24,76.9900,30,1
2026-03-13,000333,10:51:27,76.9900,47,1
2026-03-13,000333,10:51:30,77.0000,54,1
2026-03-13,000333,10:51:33,76.9900,32,2
2026-03-13,000333,10:51:36,77.0000,23,1
2026-03-13,000333,10:51:39,77.0000,39,1
2026-03-13,000333,10:51:42,76.9900,65,1
2026-03-13,000333,10:51:45,76.9600,7,2
2026-03-13,000333,10:51:48,76.9600,10,2
2026-03-13,000333,10:51:51,76.9900,27,1
2026-03-13,000333,10:51:54,76.9600,27,2
2026-03-13,000333,10:51:57,76.9700,1,4
2026-03-13,000333,10:52:00,76.9900,51,1
2026-03-13,000333,10:52:03,76.9900,45,2
2026-03-13,000333,10:52:06,76.9900,19,2
2026-03-13,000333,10:52:09,76.9900,69,2
2026-03-13,000333,10:52:12,76.9900,12,1
2026-03-13,000333,10:52:15,77.0000,34,1
2026-03-13,000333,10:52:18,77.0000,13,1
2026-03-13,000333,10:52:21,76.9800,25,2
2026-03-13,000333,10:52:24,76.9600,13,2
2026-03-13,000333,10:52:27,76.9600,1,2
2026-03-13,000333,10:52:30,76.9500,2,2
2026-03-13,000333,10:52:33,76.9500,46,2
2026-03-13,000333,10:52:36,76.9500,7,1
2026-03-13,000333,10:52:39,76.9700,10,1
2026-03-13,000333,10:52:42,76.9500,1,2
2026-03-13,000333,10:52:45,76.9700,21,1
2026-03-13,000333,10:52:48,76.9800,7,1
2026-03-13,000333,10:52:51,76.9900,19,1
2026-03-13,000333,10:52:54,76.9800,20,2
2026-03-13,000333,10:52:57,76.9900,7,1
2026-03-13,000333,10:53:03,76.9800,5,2
2026-03-13,000333,10:53:06,76.9800,19,2
2026-03-13,000333,10:53:09,76.9700,20,2
2026-03-13,000333,10:53:12,76.9700,28,2
2026-03-13,000333,10:53:15,76.9700,12,1
2026-03-13,000333,10:53:18,76.9500,8,2
2026-03-13,000333,10:53:21,76.9300,23,2
2026-03-13,000333,10:53:24,76.9300,91,2
2026-03-13,000333,10:53:27,76.9600,24,1
2026-03-13,000333,10:53:30,76.9600,51,4
2026-03-13,000333,10:53:33,76.9600,12,2
2026-03-13,000333,10:53:36,76.9800,7,1
2026-03-13,000333,10:53:39,76.9800,23,1
2026-03-13,000333,10:53:42,76.9800,27,1
2026-03-13,000333,10:53:45,76.9700,6,4
2026-03-13,000333,10:53:48,76.9800,24,1
2026-03-13,000333,10:53:51,76.9800,22,1
2026-03-13,000333,10:53:54,76.9700,2,2
2026-03-13,000333,10:53:57,76.9700,19,2
2026-03-13,000333,10:54:00,76.9800,3,1
2026-03-13,000333,10:54:03,76.9500,27,2
2026-03-13,000333,10:54:06,76.9700,2,1
2026-03-13,000333,10:54:15,76.9800,17,1
2026-03-13,000333,10:54:18,76.9900,66,1
2026-03-13,000333,10:54:21,76.9900,20,1
2026-03-13,000333,10:54:24,76.9900,53,1
2026-03-13,000333,10:54:27,76.9800,13,2
2026-03-13,000333,10:54:30,76.9900,1,2
2026-03-13,000333,10:54:33,77.0000,21,1
2026-03-13,000333,10:54:39,76.9900,30,2
2026-03-13,000333,10:54:42,76.9800,22,2
2026-03-13,000333,10:54:45,76.9800,14,2
2026-03-13,000333,10:54:48,76.9800,13,2
2026-03-13,000333,10:54:54,76.9700,5,2
2026-03-13,000333,10:54:57,76.9700,5,2
2026-03-13,000333,10:55:00,76.9600,21,2
2026-03-13,000333,10:55:03,76.9600,14,1
2026-03-13,000333,10:55:06,76.9500,8,2
2026-03-13,000333,10:55:09,76.9400,4,2
2026-03-13,000333,10:55:12,76.9300,21,2
2026-03-13,000333,10:55:15,76.9300,30,2
2026-03-13,000333,10:55:18,76.9100,3,2
2026-03-13,000333,10:55:21,76.9100,15,2
2026-03-13,000333,10:55:24,76.9200,52,1
2026-03-13,000333,10:55:27,76.9100,84,1
2026-03-13,000333,10:55:30,76.9000,9,2
2026-03-13,000333,10:55:33,76.9000,29,2
2026-03-13,000333,10:55:36,76.9000,11,2
2026-03-13,000333,10:55:39,76.9000,10,2
2026-03-13,000333,10:55:42,76.9200,23,1
2026-03-13,000333,10:55:45,76.9000,48,2
2026-03-13,000333,10:55:48,76.9000,25,2
2026-03-13,000333,10:55:51,76.9000,15,2
2026-03-13,000333,10:55:54,76.9000,9,2
2026-03-13,000333,10:55:57,76.9000,1,2
2026-03-13,000333,10:56:00,76.9100,4,1
2026-03-13,000333,10:56:03,76.9000,13,2
2026-03-13,000333,10:56:06,76.9000,1,2
2026-03-13,000333,10:56:09,76.9100,2,1
2026-03-13,000333,10:56:12,76.9100,6,1
2026-03-13,000333,10:56:15,76.9100,11,1
2026-03-13,000333,10:56:18,76.9100,25,1
2026-03-13,000333,10:56:21,76.9100,14,1
2026-03-13,000333,10:56:24,76.9100,6,2
2026-03-13,000333,10:56:27,76.9100,17,2
2026-03-13,000333,10:56:30,76.9100,10,2
2026-03-13,000333,10:56:33,76.9200,20,1
2026-03-13,000333,10:56:36,76.9100,30,2
2026-03-13,000333,10:56:39,76.9100,66,1
2026-03-13,000333,10:56:42,76.9100,18,2
2026-03-13,000333,10:56:45,76.9100,15,2
2026-03-13,000333,10:56:48,76.9100,11,1
2026-03-13,000333,10:56:51,76.9200,20,1
2026-03-13,000333,10:56:54,76.9200,48,1
2026-03-13,000333,10:56:57,76.9300,21,1
2026-03-13,000333,10:57:00,76.9300,56,1
2026-03-13,000333,10:57:03,76.9300,41,1
2026-03-13,000333,10:57:06,76.9300,92,2
2026-03-13,000333,10:57:09,76.9500,12,4
2026-03-13,000333,10:57:12,76.9500,16,2
2026-03-13,000333,10:57:15,76.9600,16,1
2026-03-13,000333,10:57:18,76.9500,4,2
2026-03-13,000333,10:57:21,76.9600,22,1
2026-03-13,000333,10:57:24,76.9600,57,2
2026-03-13,000333,10:57:27,76.9500,1,2
2026-03-13,000333,10:57:30,76.9500,35,2
2026-03-13,000333,10:57:33,76.9400,31,2
2026-03-13,000333,10:57:36,76.9500,1,1
2026-03-13,000333,10:57:42,76.9500,5,1
2026-03-13,000333,10:57:45,76.9500,113,1
2026-03-13,000333,10:57:48,76.9500,39,1
2026-03-13,000333,10:57:51,76.9600,31,1
2026-03-13,000333,10:57:54,76.9500,2,2
2026-03-13,000333,10:57:57,76.9500,2,2
2026-03-13,000333,10:58:00,76.9600,18,1
2026-03-13,000333,10:58:03,76.9600,19,1
2026-03-13,000333,10:58:06,76.9600,17,2
2026-03-13,000333,10:58:09,76.9800,1,4
2026-03-13,000333,10:58:15,76.9800,48,1
2026-03-13,000333,10:58:18,76.9900,5,1
2026-03-13,000333,10:58:21,76.9700,7,2
2026-03-13,000333,10:58:24,76.9800,10,2
2026-03-13,000333,10:58:27,76.9800,5,2
2026-03-13,000333,10:58:30,77.0000,105,1
2026-03-13,000333,10:58:33,76.9900,120,2
2026-03-13,000333,10:58:36,76.9800,4,2
2026-03-13,000333,10:58:42,76.9900,48,1
2026-03-13,000333,10:58:45,76.9900,7,1
2026-03-13,000333,10:58:48,76.9800,27,2
2026-03-13,000333,10:58:51,76.9700,1,2
2026-03-13,000333,10:58:54,76.9700,13,2
2026-03-13,000333,10:58:57,76.9700,1,2
2026-03-13,000333,10:59:03,76.9800,212,1
2026-03-13,000333,10:59:06,76.9800,33,1
2026-03-13,000333,10:59:12,76.9800,35,1
2026-03-13,000333,10:59:15,77.0000,6,1
2026-03-13,000333,10:59:18,77.0100,131,1
2026-03-13,000333,10:59:21,77.0000,6,2
2026-03-13,000333,10:59:24,77.0000,53,2
2026-03-13,000333,10:59:27,77.0000,34,2
2026-03-13,000333,10:59:30,77.0100,5,4
2026-03-13,000333,10:59:33,77.0200,1,1
2026-03-13,000333,10:59:36,77.0200,11,1
2026-03-13,000333,10:59:42,77.0200,25,1
2026-03-13,000333,10:59:45,77.0200,1,1
2026-03-13,000333,10:59:48,77.0100,3,2
2026-03-13,000333,10:59:51,77.0100,10,2
2026-03-13,000333,10:59:54,77.0000,30,2
2026-03-13,000333,10:59:57,77.0100,5,1
2026-03-13,000333,11:00:03,77.0000,30,2
2026-03-13,000333,11:00:06,77.0000,8,2
2026-03-13,000333,11:00:09,77.0000,18,2
2026-03-13,000333,11:00:12,77.0000,19,2
2026-03-13,000333,11:00:15,77.0100,1,1
2026-03-13,000333,11:00:21,77.0100,61,1
2026-03-13,000333,11:00:24,77.0100,29,1
2026-03-13,000333,11:00:27,77.0100,5,2
2026-03-13,000333,11:00:30,77.0100,5,2
2026-03-13,000333,11:00:33,77.0200,1,1
2026-03-13,000333,11:00:36,77.0100,17,2
2026-03-13,000333,11:00:39,77.0200,2,1
2026-03-13,000333,11:00:42,77.0100,11,2
2026-03-13,000333,11:00:45,77.0100,6,2
2026-03-13,000333,11:00:51,77.0100,4,2
2026-03-13,000333,11:00:54,77.0200,47,1
2026-03-13,000333,11:00:57,77.0000,23,2
2026-03-13,000333,11:01:00,77.0000,14,2
2026-03-13,000333,11:01:03,77.0000,12,2
2026-03-13,000333,11:01:06,77.0000,7,2
2026-03-13,000333,11:01:09,77.0000,5,1
2026-03-13,000333,11:01:12,77.0000,14,1
2026-03-13,000333,11:01:15,77.0000,2,1
2026-03-13,000333,11:01:18,77.0000,78,1
2026-03-13,000333,11:01:21,77.0000,3,1
2026-03-13,000333,11:01:27,77.0000,8,2
2026-03-13,000333,11:01:30,77.0100,14,1
2026-03-13,000333,11:01:33,77.0000,9,2
2026-03-13,000333,11:01:36,77.0100,34,1
2026-03-13,000333,11:01:39,77.0100,3,1
2026-03-13,000333,11:01:42,77.0100,11,1
2026-03-13,000333,11:01:45,77.0000,10,2
2026-03-13,000333,11:01:48,77.0000,14,2
2026-03-13,000333,11:01:51,77.0000,46,4
2026-03-13,000333,11:01:54,77.0000,66,1
2026-03-13,000333,11:01:57,77.0000,17,2
2026-03-13,000333,11:02:00,77.0000,1,2
2026-03-13,000333,11:02:03,77.0000,2,2
2026-03-13,000333,11:02:06,76.9900,3,2
2026-03-13,000333,11:02:09,76.9700,112,2
2026-03-13,000333,11:02:12,76.9700,4,1
2026-03-13,000333,11:02:15,76.9700,11,1
2026-03-13,000333,11:02:24,76.9700,12,1
2026-03-13,000333,11:02:27,76.9700,6,1
2026-03-13,000333,11:02:30,76.9700,5,1
2026-03-13,000333,11:02:33,76.9700,13,1
2026-03-13,000333,11:02:36,76.9700,7,1
2026-03-13,000333,11:02:42,76.9600,14,2
2026-03-13,000333,11:02:45,76.9600,8,2
2026-03-13,000333,11:02:48,76.9700,2,1
2026-03-13,000333,11:02:51,76.9600,103,2
2026-03-13,000333,11:02:54,76.9200,22,2
2026-03-13,000333,11:02:57,76.9600,4,1
2026-03-13,000333,11:03:00,76.9300,1,2
2026-03-13,000333,11:03:03,76.9300,4,1
2026-03-13,000333,11:03:06,76.9200,3,2
2026-03-13,000333,11:03:12,76.9200,6,2
2026-03-13,000333,11:03:15,76.9300,8,1
2026-03-13,000333,11:03:18,76.9200,18,2
2026-03-13,000333,11:03:21,76.9200,12,2
2026-03-13,000333,11:03:24,76.9200,14,2
2026-03-13,000333,11:03:27,76.9400,78,1
2026-03-13,000333,11:03:30,76.9400,11,2
2026-03-13,000333,11:03:33,76.9400,12,2
2026-03-13,000333,11:03:36,76.9400,55,2
2026-03-13,000333,11:03:39,76.9400,10,2
2026-03-13,000333,11:03:42,76.9300,45,2
2026-03-13,000333,11:03:45,76.9300,22,2
2026-03-13,000333,11:03:48,76.9200,42,2
2026-03-13,000333,11:03:51,76.9300,26,2
2026-03-13,000333,11:03:54,76.9100,20,2
2026-03-13,000333,11:03:57,76.9100,97,2
2026-03-13,000333,11:04:00,76.8900,28,2
2026-03-13,000333,11:04:03,76.9000,19,2
2026-03-13,000333,11:04:06,76.9300,11,1
2026-03-13,000333,11:04:09,76.9100,15,2
2026-03-13,000333,11:04:12,76.9200,7,2
2026-03-13,000333,11:04:15,76.9200,6,2
2026-03-13,000333,11:04:18,76.9200,11,2
2026-03-13,000333,11:04:21,76.9200,7,2
2026-03-13,000333,11:04:24,76.9300,40,1
2026-03-13,000333,11:04:27,76.9100,98,2
2026-03-13,000333,11:04:30,76.9100,11,2
2026-03-13,000333,11:04:33,76.9200,8,1
2026-03-13,000333,11:04:36,76.9200,11,1
2026-03-13,000333,11:04:39,76.9100,14,2
2026-03-13,000333,11:04:42,76.9100,8,2
2026-03-13,000333,11:04:45,76.9100,13,2
2026-03-13,000333,11:04:48,76.9100,20,2
2026-03-13,000333,11:04:51,76.9100,38,2
2026-03-13,000333,11:04:54,76.9100,25,2
2026-03-13,000333,11:04:57,76.9100,21,2
2026-03-13,000333,11:05:00,76.9000,18,2
2026-03-13,000333,11:05:03,76.9100,22,4
2026-03-13,000333,11:05:06,76.9100,13,4
2026-03-13,000333,11:05:09,76.9000,17,2
2026-03-13,000333,11:05:12,76.9000,29,2
2026-03-13,000333,11:05:15,76.9100,16,1
2026-03-13,000333,11:05:18,76.9100,30,1
2026-03-13,000333,11:05:21,76.8900,22,2
2026-03-13,000333,11:05:24,76.8900,21,1
2026-03-13,000333,11:05:27,76.8900,14,2
2026-03-13,000333,11:05:30,76.8800,10,2
2026-03-13,000333,11:05:33,76.8800,19,2
2026-03-13,000333,11:05:36,76.8700,16,2
2026-03-13,000333,11:05:39,76.8700,36,2
2026-03-13,000333,11:05:42,76.8600,19,2
2026-03-13,000333,11:05:45,76.9000,16,1
2026-03-13,000333,11:05:48,76.8600,38,2
2026-03-13,000333,11:05:51,76.8700,38,2
2026-03-13,000333,11:05:54,76.9000,33,1
2026-03-13,000333,11:05:57,76.9000,6,2
2026-03-13,000333,11:06:00,76.8900,6,2
2026-03-13,000333,11:06:03,76.9100,43,1
2026-03-13,000333,11:06:06,76.9300,38,1
2026-03-13,000333,11:06:09,76.9000,19,2
2026-03-13,000333,11:06:12,76.9000,18,2
2026-03-13,000333,11:06:15,76.9300,17,1
2026-03-13,000333,11:06:18,76.9300,24,1
2026-03-13,000333,11:06:21,76.9300,16,1
2026-03-13,000333,11:06:24,76.9000,24,2
2026-03-13,000333,11:06:27,76.9300,25,1
2026-03-13,000333,11:06:30,76.9000,11,2
2026-03-13,000333,11:06:33,76.9100,34,2
2026-03-13,000333,11:06:36,76.9000,7,2
2026-03-13,000333,11:06:39,76.9000,7,2
2026-03-13,000333,11:06:42,76.9400,42,1
2026-03-13,000333,11:06:45,76.9300,27,1
2026-03-13,000333,11:06:48,76.9400,54,1
2026-03-13,000333,11:06:51,76.9500,32,1
2026-03-13,000333,11:06:54,76.9200,7,2
2026-03-13,000333,11:06:57,76.9500,63,1
2026-03-13,000333,11:07:00,76.9500,196,2
2026-03-13,000333,11:07:03,76.9400,92,2
2026-03-13,000333,11:07:06,76.9000,21,2
2026-03-13,000333,11:07:09,76.9000,12,2
2026-03-13,000333,11:07:12,76.9100,24,2
2026-03-13,000333,11:07:15,76.9100,9,2
2026-03-13,000333,11:07:18,76.9100,16,2
2026-03-13,000333,11:07:21,76.9200,13,2
2026-03-13,000333,11:07:24,76.9400,23,1
2026-03-13,000333,11:07:27,76.9500,29,1
2026-03-13,000333,11:07:30,76.9500,53,1
2026-03-13,000333,11:07:33,76.9700,120,1
2026-03-13,000333,11:07:36,76.9700,201,2
2026-03-13,000333,11:07:39,76.9600,25,2
2026-03-13,000333,11:07:42,76.9600,32,2
2026-03-13,000333,11:07:45,77.0100,111,1
2026-03-13,000333,11:07:48,76.9400,16,2
2026-03-13,000333,11:07:51,77.0200,82,1
2026-03-13,000333,11:07:54,76.9700,44,2
2026-03-13,000333,11:07:57,76.9800,63,2
2026-03-13,000333,11:08:00,77.0300,57,1
2026-03-13,000333,11:08:03,76.9900,141,2
2026-03-13,000333,11:08:06,76.9900,45,2
2026-03-13,000333,11:08:09,76.9800,50,2
2026-03-13,000333,11:08:12,77.0300,40,1
2026-03-13,000333,11:08:15,76.9800,33,2
2026-03-13,000333,11:08:18,76.9800,39,2
2026-03-13,000333,11:08:21,77.0000,30,1
2026-03-13,000333,11:08:24,77.0100,15,1
2026-03-13,000333,11:08:27,77.0000,55,4
2026-03-13,000333,11:08:30,76.9900,3,2
2026-03-13,000333,11:08:33,77.0200,10,1
2026-03-13,000333,11:08:36,77.0100,12,2
2026-03-13,000333,11:08:42,77.0300,91,1
2026-03-13,000333,11:08:45,77.0100,84,2
2026-03-13,000333,11:08:48,77.0500,18,1
2026-03-13,000333,11:08:54,77.0200,70,1
2026-03-13,000333,11:08:57,77.0200,38,2
2026-03-13,000333,11:09:00,77.0200,30,2
2026-03-13,000333,11:09:03,77.0200,10,2
2026-03-13,000333,11:09:06,77.0200,15,2
2026-03-13,000333,11:09:09,77.0200,8,1
2026-03-13,000333,11:09:12,77.0200,18,1
2026-03-13,000333,11:09:15,77.0100,49,2
2026-03-13,000333,11:09:18,77.0000,24,2
2026-03-13,000333,11:09:21,76.9900,35,2
2026-03-13,000333,11:09:24,77.0000,19,1
2026-03-13,000333,11:09:27,76.9800,5,2
2026-03-13,000333,11:09:30,76.9800,18,2
2026-03-13,000333,11:09:33,76.9900,9,1
2026-03-13,000333,11:09:36,76.9700,20,2
2026-03-13,000333,11:09:39,76.9700,11,2
2026-03-13,000333,11:09:42,76.9700,9,1
2026-03-13,000333,11:09:45,76.9700,6,2
2026-03-13,000333,11:09:48,76.9700,2,2
2026-03-13,000333,11:09:51,76.9700,1,2
2026-03-13,000333,11:09:54,76.9700,5,2
2026-03-13,000333,11:09:57,76.9700,3,2
2026-03-13,000333,11:10:00,76.9800,4,1
2026-03-13,000333,11:10:03,76.9700,48,2
2026-03-13,000333,11:10:09,76.9900,69,1
2026-03-13,000333,11:10:12,76.9900,41,1
2026-03-13,000333,11:10:15,76.9900,4,2
2026-03-13,000333,11:10:18,77.0000,15,1
2026-03-13,000333,11:10:21,76.9900,6,2
2026-03-13,000333,11:10:24,76.9900,3,2
2026-03-13,000333,11:10:27,76.9900,10,2
2026-03-13,000333,11:10:30,76.9900,3,4
2026-03-13,000333,11:10:33,76.9900,1,1
2026-03-13,000333,11:10:39,76.9900,18,1
2026-03-13,000333,11:10:42,76.9800,7,2
2026-03-13,000333,11:10:45,76.9800,6,2
2026-03-13,000333,11:10:51,76.9800,31,1
2026-03-13,000333,11:10:54,76.9900,25,1
2026-03-13,000333,11:10:57,76.9900,1,4
2026-03-13,000333,11:11:00,77.0000,15,1
2026-03-13,000333,11:11:03,77.0100,185,1
2026-03-13,000333,11:11:06,77.0200,26,1
2026-03-13,000333,11:11:09,77.0000,18,2
2026-03-13,000333,11:11:12,77.0100,9,1
2026-03-13,000333,11:11:15,77.0100,3,4
2026-03-13,000333,11:11:18,77.0100,8,1
2026-03-13,000333,11:11:21,77.0000,1,2
2026-03-13,000333,11:11:24,77.0000,48,2
2026-03-13,000333,11:11:27,77.0000,39,2
2026-03-13,000333,11:11:30,77.0000,14,1
2026-03-13,000333,11:11:33,76.9900,30,2
2026-03-13,000333,11:11:36,77.0000,12,1
2026-03-13,000333,11:11:39,76.9900,65,2
2026-03-13,000333,11:11:42,77.0000,6,4
2026-03-13,000333,11:11:45,77.0000,6,2
2026-03-13,000333,11:11:48,77.0000,8,2
2026-03-13,000333,11:11:51,77.0100,53,1
2026-03-13,000333,11:11:54,77.0000,26,2
2026-03-13,000333,11:11:57,77.0000,44,2
2026-03-13,000333,11:12:00,77.0200,136,1
2026-03-13,000333,11:12:03,77.0300,52,1
2026-03-13,000333,11:12:06,77.0100,42,2
2026-03-13,000333,11:12:09,77.0400,1,1
2026-03-13,000333,11:12:12,77.0400,77,1
2026-03-13,000333,11:12:15,77.0800,94,1
2026-03-13,000333,11:12:18,77.0800,20,1
2026-03-13,000333,11:12:21,77.0700,3,2
2026-03-13,000333,11:12:24,77.0800,10,1
2026-03-13,000333,11:12:27,77.1000,133,1
2026-03-13,000333,11:12:30,77.1000,33,1
2026-03-13,000333,11:12:33,77.1200,78,1
2026-03-13,000333,11:12:36,77.1000,116,2
2026-03-13,000333,11:12:39,77.1000,5,1
2026-03-13,000333,11:12:42,77.1000,29,1
2026-03-13,000333,11:12:45,77.1000,105,1
2026-03-13,000333,11:12:48,77.1100,9,1
2026-03-13,000333,11:12:51,77.1000,21,2
2026-03-13,000333,11:12:54,77.0900,84,2
2026-03-13,000333,11:12:57,77.1000,7,2
2026-03-13,000333,11:13:00,77.1200,30,1
2026-03-13,000333,11:13:03,77.1100,81,2
2026-03-13,000333,11:13:06,77.1200,10,1
2026-03-13,000333,11:13:09,77.1100,23,2
2026-03-13,000333,11:13:12,77.1300,45,1
2026-03-13,000333,11:13:15,77.1300,13,1
2026-03-13,000333,11:13:18,77.1200,11,2
2026-03-13,000333,11:13:21,77.1200,9,2
2026-03-13,000333,11:13:24,77.1200,14,2
2026-03-13,000333,11:13:27,77.1100,7,2
2026-03-13,000333,11:13:30,77.1100,22,2
2026-03-13,000333,11:13:33,77.1000,2,4
2026-03-13,000333,11:13:36,77.1000,4,1
2026-03-13,000333,11:13:39,77.1000,3,1
2026-03-13,000333,11:13:42,77.1000,25,1
2026-03-13,000333,11:13:45,77.1000,1,2
2026-03-13,000333,11:13:51,77.1000,14,2
2026-03-13,000333,11:13:54,77.1000,22,2
2026-03-13,000333,11:13:57,77.1100,14,1
2026-03-13,000333,11:14:00,77.1100,1,1
2026-03-13,000333,11:14:03,77.1000,12,2
2026-03-13,000333,11:14:06,77.1100,14,1
2026-03-13,000333,11:14:09,77.1100,17,1
2026-03-13,000333,11:14:12,77.1000,28,2
2026-03-13,000333,11:14:15,77.1100,35,1
2026-03-13,000333,11:14:18,77.1000,190,2
2026-03-13,000333,11:14:21,77.0900,16,2
2026-03-13,000333,11:14:24,77.0800,85,2
2026-03-13,000333,11:14:27,77.0700,130,2
2026-03-13,000333,11:14:30,77.0600,2,2
2026-03-13,000333,11:14:33,77.0400,41,2
2026-03-13,000333,11:14:36,77.0700,14,1
2026-03-13,000333,11:14:39,77.0800,10,4
2026-03-13,000333,11:14:42,77.0900,7,1
2026-03-13,000333,11:14:45,77.0700,11,2
2026-03-13,000333,11:14:48,77.0700,1,2
2026-03-13,000333,11:14:51,77.0800,14,1
2026-03-13,000333,11:14:54,77.0800,59,1
2026-03-13,000333,11:14:57,77.0800,29,2
2026-03-13,000333,11:15:00,77.1000,28,1
2026-03-13,000333,11:15:03,77.0900,86,2
2026-03-13,000333,11:15:06,77.1200,286,1
2026-03-13,000333,11:15:09,77.1400,137,1
2026-03-13,000333,11:15:12,77.1400,6,1
2026-03-13,000333,11:15:15,77.1400,57,1
2026-03-13,000333,11:15:18,77.1400,30,2
2026-03-13,000333,11:15:21,77.1400,5,2
2026-03-13,000333,11:15:24,77.1500,96,1
2026-03-13,000333,11:15:27,77.1700,82,1
2026-03-13,000333,11:15:30,77.1600,21,2
2026-03-13,000333,11:15:33,77.1800,54,1
2026-03-13,000333,11:15:36,77.1800,76,1
2026-03-13,000333,11:15:39,77.1800,8,1
2026-03-13,000333,11:15:42,77.1800,7,1
2026-03-13,000333,11:15:45,77.1700,103,2
2026-03-13,000333,11:15:48,77.1700,16,2
2026-03-13,000333,11:15:51,77.1700,20,2
2026-03-13,000333,11:15:54,77.1600,14,2
2026-03-13,000333,11:15:57,77.1800,77,1
2026-03-13,000333,11:16:00,77.1900,41,1
2026-03-13,000333,11:16:03,77.1800,3,2
2026-03-13,000333,11:16:06,77.1900,36,1
2026-03-13,000333,11:16:09,77.1900,26,2
2026-03-13,000333,11:16:12,77.1900,44,2
2026-03-13,000333,11:16:15,77.1900,1,2
2026-03-13,000333,11:16:18,77.2000,26,1
2026-03-13,000333,11:16:21,77.2000,34,1
2026-03-13,000333,11:16:24,77.1900,62,2
2026-03-13,000333,11:16:27,77.1800,6,2
2026-03-13,000333,11:16:30,77.1800,14,2
2026-03-13,000333,11:16:33,77.1800,7,2
2026-03-13,000333,11:16:36,77.1800,32,2
2026-03-13,000333,11:16:39,77.1900,172,1
2026-03-13,000333,11:16:42,77.1900,22,2
2026-03-13,000333,11:16:51,77.2000,10,1
2026-03-13,000333,11:16:54,77.2000,10,1
2026-03-13,000333,11:16:57,77.2100,173,1
2026-03-13,000333,11:17:00,77.2200,662,1
2026-03-13,000333,11:17:03,77.2300,18,1
2026-03-13,000333,11:17:06,77.2300,94,1
2026-03-13,000333,11:17:09,77.2300,42,1
2026-03-13,000333,11:17:15,77.2300,32,1
2026-03-13,000333,11:17:18,77.2300,82,1
2026-03-13,000333,11:17:21,77.2200,2,2
2026-03-13,000333,11:17:24,77.2400,98,1
2026-03-13,000333,11:17:27,77.2500,83,1
2026-03-13,000333,11:17:30,77.2700,17,1
2026-03-13,000333,11:17:33,77.2700,1,1
2026-03-13,000333,11:17:36,77.2600,24,4
2026-03-13,000333,11:17:39,77.2800,59,1
2026-03-13,000333,11:17:42,77.2800,30,1
2026-03-13,000333,11:17:45,77.2700,16,4
2026-03-13,000333,11:17:48,77.2800,12,1
2026-03-13,000333,11:17:51,77.2800,41,1
