date,code,time,price,volume,bs
2026-06-23,601318,14:07:07,50.3000,280,2
2026-06-23,601318,14:07:10,50.3100,281,1
2026-06-23,601318,14:07:13,50.3100,80,2
2026-06-23,601318,14:07:16,50.3100,52,1
2026-06-23,601318,14:07:19,50.3100,57,1
2026-06-23,601318,14:07:22,50.3100,645,1
2026-06-23,601318,14:07:25,50.3000,97,2
2026-06-23,601318,14:07:28,50.3000,526,2
2026-06-23,601318,14:07:31,50.3000,340,1
2026-06-23,601318,14:07:34,50.2900,215,2
2026-06-23,601318,14:07:37,50.2900,99,1
2026-06-23,601318,14:07:39,50.3000,133,1
2026-06-23,601318,14:07:42,50.2900,180,2
2026-06-23,601318,14:07:45,50.2800,425,2
2026-06-23,601318,14:07:49,50.3000,375,1
2026-06-23,601318,14:07:52,50.3300,1111,1
2026-06-23,601318,14:07:55,50.3300,68,2
2026-06-23,601318,14:07:58,50.3200,541,2
2026-06-23,601318,14:08:01,50.3400,142,1
2026-06-23,601318,14:08:04,50.3200,311,1
2026-06-23,601318,14:08:07,50.3200,154,2
2026-06-23,601318,14:08:10,50.3400,52,1
2026-06-23,601318,14:08:13,50.3400,34,1
2026-06-23,601318,14:08:16,50.3400,29,1
2026-06-23,601318,14:08:19,50.3400,114,1
2026-06-23,601318,14:08:22,50.3400,98,1
2026-06-23,601318,14:08:25,50.3400,109,1
2026-06-23,601318,14:08:28,50.3400,55,1
2026-06-23,601318,14:08:31,50.3400,694,1
2026-06-23,601318,14:08:34,50.3300,276,2
2026-06-23,601318,14:08:37,50.3500,312,1
2026-06-23,601318,14:08:40,50.3300,162,2
2026-06-23,601318,14:08:43,50.3300,176,2
2026-06-23,601318,14:08:46,50.3300,107,1
2026-06-23,601318,14:08:49,50.3300,114,1
2026-06-23,601318,14:08:52,50.3300,71,1
2026-06-23,601318,14:08:55,50.3300,306,2
2026-06-23,601318,14:08:58,50.3300,37,1
2026-06-23,601318,14:09:01,50.3400,136,1
2026-06-23,601318,14:09:04,50.3400,337,1
2026-06-23,601318,14:09:07,50.3800,112,1
2026-06-23,601318,14:09:10,50.3800,37,1
2026-06-23,601318,14:09:12,50.3800,23,1
2026-06-23,601318,14:09:16,50.3500,212,2
2026-06-23,601318,14:09:19,50.3400,220,2
2026-06-23,601318,14:09:22,50.4000,78,1
2026-06-23,601318,14:09:24,50.3900,136,1
2026-06-23,601318,14:09:27,50.4000,68,1
2026-06-23,601318,14:09:31,50.4000,37,1
2026-06-23,601318,14:09:34,50.4000,88,1
2026-06-23,601318,14:09:37,50.4000,51,1
2026-06-23,601318,14:09:40,50.3900,169,2
2026-06-23,601318,14:09:43,50.4000,123,1
2026-06-23,601318,14:09:46,50.3900,188,2
2026-06-23,601318,14:09:49,50.3700,411,2
2026-06-23,601318,14:09:52,50.3500,275,2
2026-06-23,601318,14:09:55,50.3500,73,4
2026-06-23,601318,14:09:58,50.3500,97,1
2026-06-23,601318,14:10:00,50.3600,57,1
2026-06-23,601318,14:10:03,50.3700,245,1
2026-06-23,601318,14:10:07,50.3600,43,2
2026-06-23,601318,14:10:10,50.3800,148,1
2026-06-23,601318,14:10:13,50.3700,150,2
2026-06-23,601318,14:10:16,50.3600,583,2
2026-06-23,601318,14:10:19,50.3800,352,1
2026-06-23,601318,14:10:22,50.4000,627,1
2026-06-23,601318,14:10:25,50.4500,256,1
2026-06-23,601318,14:10:27,50.4200,344,2
2026-06-23,601318,14:10:31,50.4500,131,1
2026-06-23,601318,14:10:33,50.4100,233,2
2026-06-23,601318,14:10:37,50.4000,213,2
2026-06-23,601318,14:10:40,50.3900,94,2
2026-06-23,601318,14:10:43,50.3900,125,1
2026-06-23,601318,14:10:46,50.4100,134,1
2026-06-23,601318,14:10:49,50.4100,79,1
2026-06-23,601318,14:10:52,50.4000,103,2
2026-06-23,601318,14:10:55,50.3700,808,2
2026-06-23,601318,14:10:58,50.3700,432,1
2026-06-23,601318,14:11:01,50.3700,60,1
2026-06-23,601318,14:11:04,50.3700,83,1
2026-06-23,601318,14:11:06,50.3800,144,1
2026-06-23,601318,14:11:10,50.3700,23,2
2026-06-23,601318,14:11:13,50.4000,461,1
2026-06-23,601318,14:11:16,50.3900,30,2
2026-06-23,601318,14:11:19,50.4000,418,2
2026-06-23,601318,14:11:22,50.4000,95,1
2026-06-23,601318,14:11:25,50.4000,231,1
2026-06-23,601318,14:11:28,50.4000,70,1
2026-06-23,601318,14:11:31,50.4100,188,1
2026-06-23,601318,14:11:34,50.4100,38,1
2026-06-23,601318,14:11:37,50.4300,101,1
2026-06-23,601318,14:11:40,50.4200,121,2
2026-06-23,601318,14:11:43,50.4100,286,2
2026-06-23,601318,14:11:46,50.4000,120,4
2026-06-23,601318,14:11:49,50.4000,36,1
2026-06-23,601318,14:11:52,50.4000,104,1
2026-06-23,601318,14:11:55,50.3800,332,2
2026-06-23,601318,14:11:58,50.3800,40,1
2026-06-23,601318,14:12:01,50.3800,48,1
2026-06-23,601318,14:12:04,50.3800,143,1
2026-06-23,601318,14:12:07,50.4000,175,1
2026-06-23,601318,14:12:10,50.4000,68,1
2026-06-23,601318,14:12:13,50.3700,340,2
2026-06-23,601318,14:12:16,50.3700,389,2
2026-06-23,601318,14:12:19,50.3900,162,1
2026-06-23,601318,14:12:22,50.3900,33,1
2026-06-23,601318,14:12:25,50.3900,16,4
2026-06-23,601318,14:12:28,50.3900,108,1
2026-06-23,601318,14:12:31,50.4100,177,1
2026-06-23,601318,14:12:34,50.4200,152,1
2026-06-23,601318,14:12:37,50.4100,67,2
2026-06-23,601318,14:12:40,50.4200,36,4
2026-06-23,601318,14:12:43,50.4200,140,1
2026-06-23,601318,14:12:46,50.4200,203,1
2026-06-23,601318,14:12:49,50.4100,160,2
2026-06-23,601318,14:12:52,50.4100,187,1
2026-06-23,601318,14:12:55,50.4100,29,1
2026-06-23,601318,14:12:58,50.4000,75,2
2026-06-23,601318,14:13:01,50.4100,82,1
2026-06-23,601318,14:13:04,50.4000,208,2
2026-06-23,601318,14:13:07,50.4000,236,2
2026-06-23,601318,14:13:10,50.4100,10,1
2026-06-23,601318,14:13:13,50.4000,106,2
2026-06-23,601318,14:13:16,50.4000,276,1
2026-06-23,601318,14:13:19,50.3900,253,2
2026-06-23,601318,14:13:22,50.3900,83,1
2026-06-23,601318,14:13:25,50.3900,30,1
2026-06-23,601318,14:13:28,50.3900,98,1
2026-06-23,601318,14:13:31,50.3900,72,2
2026-06-23,601318,14:13:34,50.4000,18,1
2026-06-23,601318,14:13:37,50.3900,242,2
2026-06-23,601318,14:13:40,50.3900,70,1
2026-06-23,601318,14:13:43,50.3900,70,1
2026-06-23,601318,14:13:46,50.3900,77,1
2026-06-23,601318,14:13:48,50.3900,54,1
2026-06-23,601318,14:13:52,50.3900,66,1
2026-06-23,601318,14:13:55,50.3900,76,1
2026-06-23,601318,14:13:58,50.3900,289,1
2026-06-23,601318,14:14:01,50.3900,110,1
2026-06-23,601318,14:14:04,50.3900,124,1
2026-06-23,601318,14:14:07,50.3900,118,2
2026-06-23,601318,14:14:10,50.4000,107,1
2026-06-23,601318,14:14:12,50.3900,54,2
2026-06-23,601318,14:14:15,50.3200,2402,2
2026-06-23,601318,14:14:19,50.3200,501,2
2026-06-23,601318,14:14:21,50.3100,208,2
2026-06-23,601318,14:14:25,50.3100,102,1
2026-06-23,601318,14:14:28,50.3100,82,1
2026-06-23,601318,14:14:31,50.3000,175,2
2026-06-23,601318,14:14:34,50.3000,99,2
2026-06-23,601318,14:14:37,50.3200,104,1
2026-06-23,601318,14:14:40,50.3200,54,1
2026-06-23,601318,14:14:43,50.3200,411,1
2026-06-23,601318,14:14:46,50.3300,425,1
2026-06-23,601318,14:14:49,50.3500,148,1
2026-06-23,601318,14:14:52,50.3600,6,1
2026-06-23,601318,14:14:55,50.3600,24,1
2026-06-23,601318,14:14:58,50.3600,32,1
2026-06-23,601318,14:15:01,50.3600,91,1
2026-06-23,601318,14:15:04,50.3500,223,2
2026-06-23,601318,14:15:07,50.3300,161,2
2026-06-23,601318,14:15:10,50.3200,218,2
2026-06-23,601318,14:15:13,50.3100,370,2
2026-06-23,601318,14:15:16,50.3100,120,1
2026-06-23,601318,14:15:19,50.3100,308,1
2026-06-23,601318,14:15:22,50.3100,70,1
2026-06-23,601318,14:15:25,50.3100,60,1
2026-06-23,601318,14:15:28,50.3100,101,1
2026-06-23,601318,14:15:31,50.3100,153,2
2026-06-23,601318,14:15:34,50.3100,53,2
2026-06-23,601318,14:15:37,50.3200,78,1
2026-06-23,601318,14:15:40,50.3200,71,1
2026-06-23,601318,14:15:43,50.3200,31,1
2026-06-23,601318,14:15:45,50.3200,216,1
2026-06-23,601318,14:15:48,50.3200,25,1
2026-06-23,601318,14:15:52,50.3200,38,2
2026-06-23,601318,14:15:54,50.3300,144,1
2026-06-23,601318,14:15:58,50.3300,100,1
2026-06-23,601318,14:16:01,50.3500,376,1
2026-06-23,601318,14:16:04,50.3500,157,1
2026-06-23,601318,14:16:07,50.3500,54,1
2026-06-23,601318,14:16:10,50.3300,268,2
2026-06-23,601318,14:16:13,50.3300,423,2
2026-06-23,601318,14:16:16,50.3000,1969,2
2026-06-23,601318,14:16:19,50.2900,1461,4
2026-06-23,601318,14:16:22,50.3000,95,1
2026-06-23,601318,14:16:25,50.3200,214,1
2026-06-23,601318,14:16:28,50.3100,61,4
2026-06-23,601318,14:16:31,50.3100,58,1
2026-06-23,601318,14:16:34,50.3100,197,2
2026-06-23,601318,14:16:37,50.3000,62,2
2026-06-23,601318,14:16:40,50.3000,70,1
2026-06-23,601318,14:16:43,50.3100,158,1
2026-06-23,601318,14:16:46,50.3100,195,1
2026-06-23,601318,14:16:49,50.3000,215,2
2026-06-23,601318,14:16:52,50.3100,382,1
2026-06-23,601318,14:16:55,50.3000,99,2
2026-06-23,601318,14:16:58,50.3300,239,1
2026-06-23,601318,14:17:01,50.3300,303,1
2026-06-23,601318,14:17:04,50.3200,88,2
2026-06-23,601318,14:17:07,50.3300,27,1
2026-06-23,601318,14:17:10,50.3300,64,1
2026-06-23,601318,14:17:13,50.3300,27,1
2026-06-23,601318,14:17:16,50.3200,247,2
2026-06-23,601318,14:17:18,50.3100,349,2
2026-06-23,601318,14:17:22,50.3000,628,2
2026-06-23,601318,14:17:25,50.3000,420,1
2026-06-23,601318,14:17:27,50.3000,155,1
2026-06-23,601318,14:17:30,50.2900,169,2
2026-06-23,601318,14:17:34,50.3000,88,1
2026-06-23,601318,14:17:37,50.2900,145,2
2026-06-23,601318,14:17:39,50.3000,520,1
2026-06-23,601318,14:17:43,50.3000,161,4
2026-06-23,601318,14:17:46,50.3000,50,1
2026-06-23,601318,14:17:49,50.3000,129,1
2026-06-23,601318,14:17:52,50.3000,167,1
2026-06-23,601318,14:17:55,50.2900,77,2
2026-06-23,601318,14:17:58,50.2900,40,1
2026-06-23,601318,14:18:01,50.2800,97,2
2026-06-23,601318,14:18:04,50.2900,226,1
2026-06-23,601318,14:18:07,50.2900,42,1
2026-06-23,601318,14:18:10,50.3000,103,1
2026-06-23,601318,14:18:13,50.3100,105,1
2026-06-23,601318,14:18:16,50.3000,189,2
2026-06-23,601318,14:18:19,50.3000,42,2
2026-06-23,601318,14:18:22,50.3000,1,2
2026-06-23,601318,14:18:25,50.3100,180,1
2026-06-23,601318,14:18:28,50.3000,27,2
2026-06-23,601318,14:18:31,50.3100,38,1
2026-06-23,601318,14:18:34,50.3100,144,1
2026-06-23,601318,14:18:37,50.3100,322,1
2026-06-23,601318,14:18:40,50.3100,29,2
2026-06-23,601318,14:18:43,50.3100,41,2
2026-06-23,601318,14:18:46,50.3200,139,1
2026-06-23,601318,14:18:49,50.3300,23,1
2026-06-23,601318,14:18:52,50.3300,63,1
2026-06-23,601318,14:18:55,50.3500,144,1
2026-06-23,601318,14:18:58,50.3400,19,4
2026-06-23,601318,14:19:01,50.3400,102,1
2026-06-23,601318,14:19:04,50.2900,1268,2
2026-06-23,601318,14:19:07,50.3000,812,1
2026-06-23,601318,14:19:10,50.2900,86,2
2026-06-23,601318,14:19:13,50.3000,17,1
2026-06-23,601318,14:19:16,50.2900,393,2
2026-06-23,601318,14:19:18,50.2900,241,2
2026-06-23,601318,14:19:22,50.2900,165,2
2026-06-23,601318,14:19:25,50.2800,263,2
2026-06-23,601318,14:19:28,50.2700,356,2
2026-06-23,601318,14:19:31,50.2500,345,2
2026-06-23,601318,14:19:34,50.2600,249,1
2026-06-23,601318,14:19:37,50.2600,84,1
2026-06-23,601318,14:19:40,50.2600,30,2
2026-06-23,601318,14:19:43,50.2700,134,1
2026-06-23,601318,14:19:46,50.2800,64,1
2026-06-23,601318,14:19:49,50.2700,49,2
2026-06-23,601318,14:19:52,50.2600,32,2
2026-06-23,601318,14:19:55,50.2600,226,2
2026-06-23,601318,14:19:58,50.2600,75,2
2026-06-23,601318,14:20:01,50.2600,78,2
2026-06-23,601318,14:20:04,50.2600,34,1
2026-06-23,601318,14:20:07,50.2800,470,1
2026-06-23,601318,14:20:10,50.2900,36,1
2026-06-23,601318,14:20:12,50.2900,321,1
2026-06-23,601318,14:20:16,50.2800,100,2
2026-06-23,601318,14:20:18,50.2900,37,1
2026-06-23,601318,14:20:22,50.2900,55,1
2026-06-23,601318,14:20:25,50.3000,70,1
2026-06-23,601318,14:20:28,50.2900,89,2
2026-06-23,601318,14:20:30,50.2800,73,2
2026-06-23,601318,14:20:34,50.2800,66,1
2026-06-23,601318,14:20:37,50.2800,139,1
2026-06-23,601318,14:20:39,50.2700,69,2
2026-06-23,601318,14:20:43,50.2800,26,1
2026-06-23,601318,14:20:46,50.2800,167,1
2026-06-23,601318,14:20:49,50.2800,228,1
2026-06-23,601318,14:20:52,50.2700,332,2
2026-06-23,601318,14:20:55,50.2700,205,1
2026-06-23,601318,14:20:58,50.2600,46,2
2026-06-23,601318,14:21:01,50.2600,286,2
2026-06-23,601318,14:21:04,50.2600,282,2
2026-06-23,601318,14:21:07,50.2600,75,1
2026-06-23,601318,14:21:09,50.2500,47,2
2026-06-23,601318,14:21:13,50.2500,156,2
2026-06-23,601318,14:21:16,50.2600,149,1
2026-06-23,601318,14:21:19,50.2600,70,2
2026-06-23,601318,14:21:22,50.2700,17,1
2026-06-23,601318,14:21:25,50.2700,29,1
2026-06-23,601318,14:21:28,50.2700,72,1
2026-06-23,601318,14:21:31,50.2700,77,1
2026-06-23,601318,14:21:33,50.2700,32,1
2026-06-23,601318,14:21:37,50.2700,112,1
2026-06-23,601318,14:21:40,50.2600,291,2
2026-06-23,601318,14:21:43,50.2700,27,1
2026-06-23,601318,14:21:46,50.2700,49,1
2026-06-23,601318,14:21:49,50.2700,277,1
2026-06-23,601318,14:21:52,50.2700,56,1
2026-06-23,601318,14:21:55,50.2700,74,1
2026-06-23,601318,14:21:58,50.2900,316,1
2026-06-23,601318,14:22:01,50.2800,96,2
2026-06-23,601318,14:22:04,50.2900,48,1
2026-06-23,601318,14:22:07,50.2900,37,1
2026-06-23,601318,14:22:10,50.2900,26,1
2026-06-23,601318,14:22:13,50.2900,52,1
2026-06-23,601318,14:22:15,50.2900,275,1
2026-06-23,601318,14:22:19,50.2700,168,2
2026-06-23,601318,14:22:22,50.2700,419,2
2026-06-23,601318,14:22:25,50.2700,67,1
2026-06-23,601318,14:22:28,50.2600,42,4
2026-06-23,601318,14:22:31,50.2700,227,1
2026-06-23,601318,14:22:34,50.2700,76,1
2026-06-23,601318,14:22:37,50.2700,108,1
2026-06-23,601318,14:22:40,50.2700,53,1
2026-06-23,601318,14:22:43,50.2600,54,2
2026-06-23,601318,14:22:46,50.2800,132,1
2026-06-23,601318,14:22:49,50.2700,68,2
2026-06-23,601318,14:22:52,50.2700,17,2
2026-06-23,601318,14:22:55,50.2700,113,2
2026-06-23,601318,14:22:58,50.2800,43,4
2026-06-23,601318,14:23:01,50.2800,15,1
2026-06-23,601318,14:23:04,50.2700,51,2
2026-06-23,601318,14:23:07,50.2700,38,2
2026-06-23,601318,14:23:10,50.2800,70,1
2026-06-23,601318,14:23:13,50.2800,84,1
2026-06-23,601318,14:23:16,50.2800,276,1
2026-06-23,601318,14:23:19,50.2800,163,1
2026-06-23,601318,14:23:22,50.2700,186,2
2026-06-23,601318,14:23:25,50.2700,246,1
2026-06-23,601318,14:23:28,50.2700,53,2
2026-06-23,601318,14:23:31,50.2800,57,1
2026-06-23,601318,14:23:34,50.2800,77,1
2026-06-23,601318,14:23:37,50.2800,8,2
2026-06-23,601318,14:23:40,50.2900,23,1
2026-06-23,601318,14:23:43,50.2900,14,1
2026-06-23,601318,14:23:46,50.2900,46,1
2026-06-23,601318,14:23:49,50.2900,62,1
2026-06-23,601318,14:23:52,50.2900,31,1
2026-06-23,601318,14:23:55,50.2900,29,1
2026-06-23,601318,14:23:58,50.2900,49,1
2026-06-23,601318,14:24:01,50.2900,170,1
2026-06-23,601318,14:24:04,50.2800,82,2
2026-06-23,601318,14:24:07,50.2800,51,1
2026-06-23,601318,14:24:10,50.2800,22,1
2026-06-23,601318,14:24:12,50.2800,42,1
2026-06-23,601318,14:24:15,50.3000,881,1
2026-06-23,601318,14:24:19,50.3100,316,1
2026-06-23,601318,14:24:22,50.3100,55,1
2026-06-23,601318,14:24:25,50.3000,13,2
2026-06-23,601318,14:24:28,50.3000,90,2
2026-06-23,601318,14:24:31,50.3000,88,2
2026-06-23,601318,14:24:33,50.3000,94,1
2026-06-23,601318,14:24:37,50.3000,258,1
2026-06-23,601318,14:24:40,50.2800,105,2
2026-06-23,601318,14:24:43,50.2900,389,1
2026-06-23,601318,14:24:45,50.2900,44,1
2026-06-23,601318,14:24:49,50.2900,109,1
2026-06-23,601318,14:24:51,50.2800,439,2
2026-06-23,601318,14:24:55,50.2800,500,2
2026-06-23,601318,14:24:58,50.2900,122,1
2026-06-23,601318,14:25:01,50.2900,19,1
2026-06-23,601318,14:25:04,50.2900,79,1
2026-06-23,601318,14:25:07,50.2900,45,1
2026-06-23,601318,14:25:10,50.2900,27,1
2026-06-23,601318,14:25:13,50.2800,40,2
2026-06-23,601318,14:25:16,50.2900,26,1
2026-06-23,601318,14:25:19,50.2900,26,1
2026-06-23,601318,14:25:22,50.2900,35,1
2026-06-23,601318,14:25:25,50.2900,118,1
2026-06-23,601318,14:25:28,50.2900,193,1
2026-06-23,601318,14:25:31,50.2900,48,1
2026-06-23,601318,14:25:34,50.3000,45,1
2026-06-23,601318,14:25:37,50.3000,70,1
2026-06-23,601318,14:25:40,50.2800,536,2
2026-06-23,601318,14:25:43,50.2800,226,1
2026-06-23,601318,14:25:46,50.2700,316,2
2026-06-23,601318,14:25:49,50.2600,176,2
2026-06-23,601318,14:25:52,50.2800,247,1
2026-06-23,601318,14:25:55,50.2900,335,1
2026-06-23,601318,14:25:58,50.3000,389,1
2026-06-23,601318,14:26:01,50.3200,69,1
2026-06-23,601318,14:26:03,50.3200,85,1
2026-06-23,601318,14:26:07,50.3300,175,1
2026-06-23,601318,14:26:10,50.3200,77,2
2026-06-23,601318,14:26:13,50.3400,181,1
2026-06-23,601318,14:26:16,50.3300,35,2
2026-06-23,601318,14:26:19,50.3400,54,1
2026-06-23,601318,14:26:22,50.3400,184,1
2026-06-23,601318,14:26:25,50.3500,16,1
2026-06-23,601318,14:26:28,50.3500,62,1
2026-06-23,601318,14:26:31,50.3500,78,1
2026-06-23,601318,14:26:34,50.3400,253,2
2026-06-23,601318,14:26:37,50.3500,163,1
2026-06-23,601318,14:26:40,50.3300,309,2
2026-06-23,601318,14:26:43,50.3200,213,2
2026-06-23,601318,14:26:46,50.3400,446,1
2026-06-23,601318,14:26:49,50.3400,57,1
2026-06-23,601318,14:26:52,50.3300,126,2
2026-06-23,601318,14:26:55,50.3300,66,1
2026-06-23,601318,14:26:58,50.3100,192,2
2026-06-23,601318,14:27:01,50.2900,612,2
2026-06-23,601318,14:27:04,50.2800,242,2
2026-06-23,601318,14:27:07,50.2600,726,2
2026-06-23,601318,14:27:10,50.2300,2323,2
2026-06-23,601318,14:27:13,50.2400,1975,1
2026-06-23,601318,14:27:16,50.2500,115,1
2026-06-23,601318,14:27:19,50.2500,82,1
2026-06-23,601318,14:27:22,50.2400,1048,2
2026-06-23,601318,14:27:25,50.2500,26,1
2026-06-23,601318,14:27:28,50.2500,68,1
2026-06-23,601318,14:27:31,50.2400,23,4
2026-06-23,601318,14:27:34,50.2300,60,2
2026-06-23,601318,14:27:37,50.2400,56,4
2026-06-23,601318,14:27:40,50.2300,152,2
2026-06-23,601318,14:27:43,50.2300,209,1
2026-06-23,601318,14:27:46,50.2100,258,2
2026-06-23,601318,14:27:49,50.2100,743,2
2026-06-23,601318,14:27:52,50.2100,579,1
2026-06-23,601318,14:27:55,50.2100,999,1
2026-06-23,601318,14:27:58,50.2000,1705,2
2026-06-23,601318,14:28:01,50.1800,114,2
2026-06-23,601318,14:28:04,50.1800,694,1
2026-06-23,601318,14:28:07,50.1800,115,1
2026-06-23,601318,14:28:09,50.1800,62,1
2026-06-23,601318,14:28:12,50.2000,174,1
2026-06-23,601318,14:28:15,50.2000,12,1
2026-06-23,601318,14:28:19,50.1800,51,2
2026-06-23,601318,14:28:22,50.1800,73,2
2026-06-23,601318,14:28:25,50.1800,100,2
2026-06-23,601318,14:28:28,50.1900,113,1
2026-06-23,601318,14:28:31,50.1800,230,2
2026-06-23,601318,14:28:34,50.1800,107,1
2026-06-23,601318,14:28:37,50.1900,76,1
2026-06-23,601318,14:28:40,50.1900,688,1
2026-06-23,601318,14:28:43,50.2000,75,1
2026-06-23,601318,14:28:46,50.2000,141,1
2026-06-23,601318,14:28:49,50.2000,49,1
2026-06-23,601318,14:28:52,50.1900,172,2
2026-06-23,601318,14:28:55,50.1800,794,2
2026-06-23,601318,14:28:58,50.1600,1020,2
2026-06-23,601318,14:29:01,50.1600,302,1
2026-06-23,601318,14:29:04,50.1700,308,1
2026-06-23,601318,14:29:07,50.1600,109,2
2026-06-23,601318,14:29:10,50.1600,200,1
2026-06-23,601318,14:29:13,50.1500,328,2
2026-06-23,601318,14:29:16,50.1600,97,1
2026-06-23,601318,14:29:19,50.1600,75,1
2026-06-23,601318,14:29:22,50.1500,81,2
2026-06-23,601318,14:29:25,50.1600,230,1
2026-06-23,601318,14:29:28,50.1600,77,1
2026-06-23,601318,14:29:31,50.1400,225,2
2026-06-23,601318,14:29:34,50.1500,86,1
2026-06-23,601318,14:29:37,50.1500,167,1
2026-06-23,601318,14:29:40,50.1500,61,1
2026-06-23,601318,14:29:42,50.1400,163,2
2026-06-23,601318,14:29:46,50.1400,178,2
2026-06-23,601318,14:29:49,50.1400,88,2
2026-06-23,601318,14:29:52,50.1400,317,1
2026-06-23,601318,14:29:55,50.1300,50,2
2026-06-23,601318,14:29:58,50.1300,170,2
2026-06-23,601318,14:30:01,50.1300,150,2
2026-06-23,601318,14:30:03,50.1300,130,2
2026-06-23,601318,14:30:07,50.1300,76,2
2026-06-23,601318,14:30:10,50.1300,132,2
2026-06-23,601318,14:30:13,50.1400,79,1
2026-06-23,601318,14:30:16,50.1300,146,2
2026-06-23,601318,14:30:18,50.1300,116,1
2026-06-23,601318,14:30:22,50.1300,124,1
2026-06-23,601318,14:30:24,50.1300,141,1
2026-06-23,601318,14:30:28,50.1300,97,1
2026-06-23,601318,14:30:31,50.1300,131,1
2026-06-23,601318,14:30:34,50.1200,583,2
2026-06-23,601318,14:30:37,50.1200,68,1
2026-06-23,601318,14:30:39,50.1100,282,2
2026-06-23,601318,14:30:43,50.1300,432,1
2026-06-23,601318,14:30:46,50.1200,140,2
2026-06-23,601318,14:30:49,50.1400,141,1
2026-06-23,601318,14:30:52,50.1200,133,2
2026-06-23,601318,14:30:54,50.1100,149,2
2026-06-23,601318,14:30:58,50.1200,280,1
2026-06-23,601318,14:31:01,50.1300,130,1
2026-06-23,601318,14:31:03,50.1200,414,2
2026-06-23,601318,14:31:06,50.1400,280,1
2026-06-23,601318,14:31:10,50.1600,56,1
2026-06-23,601318,14:31:13,50.1800,170,1
2026-06-23,601318,14:31:16,50.1700,148,4
2026-06-23,601318,14:31:19,50.1800,269,1
2026-06-23,601318,14:31:21,50.1800,138,2
2026-06-23,601318,14:31:25,50.1800,1335,2
2026-06-23,601318,14:31:28,50.1700,315,1
2026-06-23,601318,14:31:30,50.1700,62,1
2026-06-23,601318,14:31:34,50.1600,889,2
2026-06-23,601318,14:31:37,50.1900,81,1
2026-06-23,601318,14:31:40,50.1900,67,1
2026-06-23,601318,14:31:43,50.1900,47,1
2026-06-23,601318,14:31:46,50.1900,46,1
2026-06-23,601318,14:31:49,50.2000,69,1
2026-06-23,601318,14:31:52,50.2000,49,1
2026-06-23,601318,14:31:54,50.2000,68,1
2026-06-23,601318,14:31:58,50.2000,956,1
2026-06-23,601318,14:32:01,50.1600,1320,2
2026-06-23,601318,14:32:04,50.1600,551,2
2026-06-23,601318,14:32:06,50.1800,59,1
2026-06-23,601318,14:32:10,50.1800,59,1
2026-06-23,601318,14:32:13,50.2100,74,1
2026-06-23,601318,14:32:16,50.2200,98,1
2026-06-23,601318,14:32:19,50.2300,131,1
2026-06-23,601318,14:32:22,50.2300,121,1
2026-06-23,601318,14:32:25,50.2300,75,1
2026-06-23,601318,14:32:28,50.2200,109,2
2026-06-23,601318,14:32:31,50.2300,70,2
2026-06-23,601318,14:32:34,50.2300,683,1
2026-06-23,601318,14:32:36,50.2300,120,1
2026-06-23,601318,14:32:39,50.2300,110,1
2026-06-23,601318,14:32:43,50.2300,200,1
2026-06-23,601318,14:32:46,50.2300,83,2
2026-06-23,601318,14:32:49,50.2200,282,2
2026-06-23,601318,14:32:52,50.2100,198,2
2026-06-23,601318,14:32:55,50.2100,134,1
2026-06-23,601318,14:32:58,50.2100,158,1
2026-06-23,601318,14:33:00,50.2100,669,1
2026-06-23,601318,14:33:04,50.2200,123,1
2026-06-23,601318,14:33:07,50.2100,228,2
2026-06-23,601318,14:33:10,50.2000,285,2
2026-06-23,601318,14:33:13,50.2000,216,1
2026-06-23,601318,14:33:16,50.1800,455,2
2026-06-23,601318,14:33:19,50.1600,107,2
2026-06-23,601318,14:33:22,50.1700,386,1
2026-06-23,601318,14:33:25,50.1800,354,1
2026-06-23,601318,14:33:27,50.1800,51,1
2026-06-23,601318,14:33:31,50.1800,754,1
2026-06-23,601318,14:33:34,50.1700,378,2
2026-06-23,601318,14:33:37,50.1700,190,1
2026-06-23,601318,14:33:40,50.1600,43,2
2026-06-23,601318,14:33:43,50.1500,439,2
2026-06-23,601318,14:33:46,50.1500,118,1
2026-06-23,601318,14:33:49,50.1400,116,2
2026-06-23,601318,14:33:52,50.1400,83,1
2026-06-23,601318,14:33:55,50.1400,16,1
2026-06-23,601318,14:33:58,50.1600,1071,1
2026-06-23,601318,14:34:01,50.1700,174,1
2026-06-23,601318,14:34:04,50.1700,83,1
2026-06-23,601318,14:34:06,50.1700,30,1
2026-06-23,601318,14:34:10,50.1700,32,1
2026-06-23,601318,14:34:13,50.1700,122,1
2026-06-23,601318,14:34:15,50.1700,187,1
2026-06-23,601318,14:34:19,50.1700,83,1
2026-06-23,601318,14:34:22,50.1700,34,2
2026-06-23,601318,14:34:25,50.1700,15,2
2026-06-23,601318,14:34:28,50.1600,312,2
2026-06-23,601318,14:34:31,50.1600,40,1
2026-06-23,601318,14:34:34,50.1600,53,1
2026-06-23,601318,14:34:37,50.1600,198,1
2026-06-23,601318,14:34:40,50.1500,406,2
2026-06-23,601318,14:34:43,50.1400,712,2
2026-06-23,601318,14:34:45,50.1500,100,1
2026-06-23,601318,14:34:49,50.1400,44,2
2026-06-23,601318,14:34:52,50.1500,33,1
2026-06-23,601318,14:34:55,50.1500,189,1
2026-06-23,601318,14:34:57,50.1500,145,1
2026-06-23,601318,14:35:01,50.1500,71,1
2026-06-23,601318,14:35:04,50.1400,194,2
2026-06-23,601318,14:35:07,50.1500,88,1
2026-06-23,601318,14:35:10,50.1600,786,1
2026-06-23,601318,14:35:13,50.1500,291,2
2026-06-23,601318,14:35:16,50.1500,250,2
2026-06-23,601318,14:35:19,50.1700,140,1
2026-06-23,601318,14:35:22,50.1900,86,1
2026-06-23,601318,14:35:24,50.1700,74,2
2026-06-23,601318,14:35:28,50.1800,57,1
2026-06-23,601318,14:35:31,50.1600,236,2
2026-06-23,601318,14:35:34,50.1800,66,1
2026-06-23,601318,14:35:37,50.1700,78,2
2026-06-23,601318,14:35:40,50.1900,144,1
2026-06-23,601318,14:35:43,50.1700,265,2
2026-06-23,601318,14:35:46,50.1700,166,1
2026-06-23,601318,14:35:49,50.1800,405,1
2026-06-23,601318,14:35:52,50.1800,134,1
2026-06-23,601318,14:35:55,50.1800,61,1
2026-06-23,601318,14:35:58,50.1800,82,1
2026-06-23,601318,14:36:01,50.1800,116,1
2026-06-23,601318,14:36:04,50.1700,397,2
2026-06-23,601318,14:36:07,50.1800,390,1
2026-06-23,601318,14:36:10,50.1800,249,2
2026-06-23,601318,14:36:13,50.1700,1786,2
2026-06-23,601318,14:36:15,50.1700,152,1
2026-06-23,601318,14:36:19,50.1700,109,1
2026-06-23,601318,14:36:22,50.1600,53,2
2026-06-23,601318,14:36:25,50.1700,100,1
2026-06-23,601318,14:36:28,50.1700,92,1
2026-06-23,601318,14:36:31,50.1700,343,1
2026-06-23,601318,14:36:34,50.1700,306,1
2026-06-23,601318,14:36:37,50.1700,12,2
2026-06-23,601318,14:36:40,50.1700,531,2
2026-06-23,601318,14:36:43,50.1800,114,1
2026-06-23,601318,14:36:46,50.1800,12,2
2026-06-23,601318,14:36:49,50.1900,23,1
2026-06-23,601318,14:36:52,50.1900,78,1
2026-06-23,601318,14:36:55,50.1900,46,1
2026-06-23,601318,14:36:58,50.1900,107,1
2026-06-23,601318,14:37:01,50.1900,121,1
2026-06-23,601318,14:37:04,50.1900,86,1
2026-06-23,601318,14:37:07,50.1900,115,1
2026-06-23,601318,14:37:10,50.1800,450,2
2026-06-23,601318,14:37:13,50.1600,428,2
2026-06-23,601318,14:37:16,50.1500,1045,2
2026-06-23,601318,14:37:19,50.1500,353,2
2026-06-23,601318,14:37:22,50.1500,878,1
2026-06-23,601318,14:37:24,50.1500,255,1
2026-06-23,601318,14:37:28,50.1500,480,1
2026-06-23,601318,14:37:31,50.1600,110,1
2026-06-23,601318,14:37:34,50.1500,154,2
2026-06-23,601318,14:37:37,50.1500,541,2
2026-06-23,601318,14:37:40,50.1400,243,2
2026-06-23,601318,14:37:43,50.1400,168,1
2026-06-23,601318,14:37:46,50.1400,1496,1
2026-06-23,601318,14:37:49,50.1400,98,1
2026-06-23,601318,14:37:52,50.1300,60,2
2026-06-23,601318,14:37:55,50.1300,75,2
2026-06-23,601318,14:37:58,50.1300,137,2
2026-06-23,601318,14:38:01,50.1400,34,1
2026-06-23,601318,14:38:04,50.1400,64,1
2026-06-23,601318,14:38:07,50.1400,420,1
2026-06-23,601318,14:38:10,50.1600,36,1
2026-06-23,601318,14:38:13,50.1500,7,2
2026-06-23,601318,14:38:16,50.1500,78,2
2026-06-23,601318,14:38:19,50.1500,52,1
2026-06-23,601318,14:38:22,50.1400,191,2
2026-06-23,601318,14:38:25,50.1300,48,2
2026-06-23,601318,14:38:27,50.1400,78,1
2026-06-23,601318,14:38:31,50.1500,191,1
2026-06-23,601318,14:38:34,50.1400,295,2
2026-06-23,601318,14:38:37,50.1500,28,2
2026-06-23,601318,14:38:40,50.2100,2320,1
2026-06-23,601318,14:38:43,50.2100,45,1
2026-06-23,601318,14:38:46,50.1900,236,2
2026-06-23,601318,14:38:49,50.1900,210,1
2026-06-23,601318,14:38:52,50.2000,132,1
2026-06-23,601318,14:38:55,50.2100,52,4
2026-06-23,601318,14:38:58,50.2100,83,1
2026-06-23,601318,14:39:01,50.1800,392,2
2026-06-23,601318,14:39:04,50.2000,369,1
2026-06-23,601318,14:39:07,50.2100,824,1
2026-06-23,601318,14:39:10,50.2100,513,1
2026-06-23,601318,14:39:13,50.2100,116,1
2026-06-23,601318,14:39:16,50.2300,552,1
2026-06-23,601318,14:39:19,50.2200,636,4
2026-06-23,601318,14:39:22,50.2300,59,1
2026-06-23,601318,14:39:25,50.2300,186,1
2026-06-23,601318,14:39:28,50.2300,112,1
2026-06-23,601318,14:39:31,50.2100,495,2
2026-06-23,601318,14:39:34,50.2100,282,2
2026-06-23,601318,14:39:37,50.2000,53,2
2026-06-23,601318,14:39:40,50.2000,362,2
2026-06-23,601318,14:39:43,50.2000,82,1
2026-06-23,601318,14:39:46,50.2000,132,1
2026-06-23,601318,14:39:49,50.2100,618,1
2026-06-23,601318,14:39:52,50.2200,118,1
2026-06-23,601318,14:39:55,50.2100,157,2
2026-06-23,601318,14:39:58,50.2200,5,4
2026-06-23,601318,14:40:01,50.2300,85,1
2026-06-23,601318,14:40:03,50.2100,223,2
2026-06-23,601318,14:40:07,50.2300,308,1
2026-06-23,601318,14:40:10,50.2100,94,2
2026-06-23,601318,14:40:13,50.2300,6,1
2026-06-23,601318,14:40:16,50.2300,85,2
2026-06-23,601318,14:40:18,50.2200,106,2
2026-06-23,601318,14:40:22,50.2100,174,2
2026-06-23,601318,14:40:25,50.2200,502,1
2026-06-23,601318,14:40:27,50.2000,205,2
2026-06-23,601318,14:40:30,50.2100,193,1
2026-06-23,601318,14:40:34,50.2200,143,1
2026-06-23,601318,14:40:37,50.2100,85,2
2026-06-23,601318,14:40:40,50.2200,224,1
2026-06-23,601318,14:40:43,50.2200,307,1
2026-06-23,601318,14:40:46,50.2200,21,2
2026-06-23,601318,14:40:49,50.2200,58,2
2026-06-23,601318,14:40:52,50.2200,35,2
2026-06-23,601318,14:40:55,50.2200,231,2
2026-06-23,601318,14:40:58,50.2200,169,2
2026-06-23,601318,14:41:01,50.2100,1421,2
2026-06-23,601318,14:41:04,50.1900,1446,2
2026-06-23,601318,14:41:07,50.1700,422,2
2026-06-23,601318,14:41:10,50.1700,67,2
2026-06-23,601318,14:41:13,50.1900,33,1
2026-06-23,601318,14:41:16,50.1900,53,1
2026-06-23,601318,14:41:19,50.1800,204,2
2026-06-23,601318,14:41:22,50.1700,236,2
2026-06-23,601318,14:41:25,50.1800,103,1
2026-06-23,601318,14:41:28,50.1600,149,2
2026-06-23,601318,14:41:31,50.1800,115,1
2026-06-23,601318,14:41:34,50.1600,91,2
2026-06-23,601318,14:41:37,50.1700,43,2
2026-06-23,601318,14:41:39,50.1700,202,2
2026-06-23,601318,14:41:43,50.1700,434,1
2026-06-23,601318,14:41:46,50.1700,103,1
2026-06-23,601318,14:41:49,50.1800,178,4
2026-06-23,601318,14:41:52,50.1800,62,2
2026-06-23,601318,14:41:55,50.1800,81,1
2026-06-23,601318,14:41:57,50.1800,286,1
2026-06-23,601318,14:42:01,50.1800,42,2
2026-06-23,601318,14:42:04,50.1800,122,2
2026-06-23,601318,14:42:07,50.2000,64,1
2026-06-23,601318,14:42:10,50.1900,204,2
2026-06-23,601318,14:42:12,50.1900,137,1
2026-06-23,601318,14:42:16,50.1900,64,1
2026-06-23,601318,14:42:19,50.1700,757,2
2026-06-23,601318,14:42:21,50.2000,51,1
2026-06-23,601318,14:42:25,50.1800,123,2
2026-06-23,601318,14:42:28,50.1800,80,2
2026-06-23,601318,14:42:31,50.2000,58,1
2026-06-23,601318,14:42:34,50.1800,185,1
2026-06-23,601318,14:42:37,50.1800,48,2
2026-06-23,601318,14:42:40,50.1800,32,2
2026-06-23,601318,14:42:43,50.1900,167,4
2026-06-23,601318,14:42:46,50.1800,143,2
2026-06-23,601318,14:42:49,50.1900,241,1
2026-06-23,601318,14:42:52,50.1900,50,1
2026-06-23,601318,14:42:55,50.1900,123,2
2026-06-23,601318,14:42:58,50.1900,152,2
2026-06-23,601318,14:43:01,50.2100,147,1
2026-06-23,601318,14:43:04,50.2100,319,2
2026-06-23,601318,14:43:07,50.2300,283,1
2026-06-23,601318,14:43:10,50.2100,237,2
2026-06-23,601318,14:43:12,50.2000,159,2
2026-06-23,601318,14:43:16,50.2100,158,2
2026-06-23,601318,14:43:19,50.2200,254,4
2026-06-23,601318,14:43:22,50.2100,94,2
2026-06-23,601318,14:43:25,50.2100,380,2
2026-06-23,601318,14:43:28,50.2200,48,4
2026-06-23,601318,14:43:31,50.2300,289,1
2026-06-23,601318,14:43:34,50.2500,96,1
2026-06-23,601318,14:43:37,50.2300,108,2
2026-06-23,601318,14:43:39,50.2300,47,2
2026-06-23,601318,14:43:43,50.2400,216,1
2026-06-23,601318,14:43:46,50.2400,557,2
2026-06-23,601318,14:43:49,50.2400,91,1
2026-06-23,601318,14:43:52,50.2400,193,1
2026-06-23,601318,14:43:55,50.2200,255,2
2026-06-23,601318,14:43:58,50.2300,116,1
2026-06-23,601318,14:44:01,50.2300,119,1
2026-06-23,601318,14:44:04,50.2300,262,1
2026-06-23,601318,14:44:07,50.2300,98,2
2026-06-23,601318,14:44:10,50.2400,44,1
2026-06-23,601318,14:44:13,50.2400,139,1
2026-06-23,601318,14:44:16,50.2400,52,1
2026-06-23,601318,14:44:19,50.2400,297,2
2026-06-23,601318,14:44:22,50.2600,17,2
2026-06-23,601318,14:44:24,50.2600,2771,2
2026-06-23,601318,14:44:28,50.2700,308,1
2026-06-23,601318,14:44:31,50.2700,96,2
2026-06-23,601318,14:44:34,50.2800,404,1
2026-06-23,601318,14:44:36,50.2700,181,2
2026-06-23,601318,14:44:39,50.2700,293,2
2026-06-23,601318,14:44:43,50.2900,23,1
2026-06-23,601318,14:44:46,50.2800,32,2
2026-06-23,601318,14:44:49,50.2900,103,1
2026-06-23,601318,14:44:52,50.2800,78,2
2026-06-23,601318,14:44:55,50.2800,311,2
2026-06-23,601318,14:44:58,50.2800,137,1
2026-06-23,601318,14:45:00,50.2600,217,2
2026-06-23,601318,14:45:04,50.2500,89,2
2026-06-23,601318,14:45:07,50.2600,631,2
2026-06-23,601318,14:45:10,50.2800,141,1
2026-06-23,601318,14:45:13,50.2900,95,1
2026-06-23,601318,14:45:16,50.2800,20,2
2026-06-23,601318,14:45:19,50.2800,122,2
2026-06-23,601318,14:45:22,50.2900,116,1
2026-06-23,601318,14:45:25,50.2800,126,2
2026-06-23,601318,14:45:28,50.2800,99,2
2026-06-23,601318,14:45:31,50.2900,86,1
2026-06-23,601318,14:45:34,50.2500,2912,2
2026-06-23,601318,14:45:37,50.2400,898,2
2026-06-23,601318,14:45:40,50.2700,464,1
2026-06-23,601318,14:45:43,50.2600,92,2
2026-06-23,601318,14:45:45,50.2500,300,2
2026-06-23,601318,14:45:49,50.2500,159,2
2026-06-23,601318,14:45:52,50.2600,409,1
2026-06-23,601318,14:45:55,50.2600,91,1
2026-06-23,601318,14:45:58,50.2700,85,1
2026-06-23,601318,14:46:01,50.2700,56,1
2026-06-23,601318,14:46:04,50.2600,213,2
2026-06-23,601318,14:46:07,50.2500,587,2
2026-06-23,601318,14:46:10,50.2700,648,1
2026-06-23,601318,14:46:13,50.2600,87,2
2026-06-23,601318,14:46:16,50.2600,93,2
2026-06-23,601318,14:46:19,50.2700,168,1
2026-06-23,601318,14:46:22,50.2600,152,2
2026-06-23,601318,14:46:25,50.2700,92,4
2026-06-23,601318,14:46:28,50.2700,105,1
2026-06-23,601318,14:46:30,50.2700,102,1
2026-06-23,601318,14:46:34,50.2600,95,2
2026-06-23,601318,14:46:37,50.2500,395,2
2026-06-23,601318,14:46:40,50.2500,550,1
2026-06-23,601318,14:46:43,50.2400,144,4
2026-06-23,601318,14:46:45,50.2400,124,1
2026-06-23,601318,14:46:49,50.2300,73,2
2026-06-23,601318,14:46:52,50.2300,538,1
2026-06-23,601318,14:46:55,50.2400,193,1
2026-06-23,601318,14:46:58,50.2300,56,2
2026-06-23,601318,14:47:01,50.2300,58,2
2026-06-23,601318,14:47:04,50.2300,241,2
2026-06-23,601318,14:47:07,50.2300,326,2
2026-06-23,601318,14:47:10,50.2400,144,1
2026-06-23,601318,14:47:13,50.2300,35,2
2026-06-23,601318,14:47:16,50.2200,124,2
2026-06-23,601318,14:47:19,50.2300,117,1
2026-06-23,601318,14:47:22,50.2100,239,2
2026-06-23,601318,14:47:25,50.2100,322,2
2026-06-23,601318,14:47:28,50.2200,149,1
2026-06-23,601318,14:47:31,50.2100,183,4
2026-06-23,601318,14:47:34,50.2100,194,1
2026-06-23,601318,14:47:37,50.2100,129,1
2026-06-23,601318,14:47:39,50.2000,838,2
2026-06-23,601318,14:47:43,50.2100,355,1
2026-06-23,601318,14:47:46,50.2100,61,2
2026-06-23,601318,14:47:49,50.2100,67,1
2026-06-23,601318,14:47:52,50.2200,100,1
2026-06-23,601318,14:47:55,50.2100,36,2
2026-06-23,601318,14:47:58,50.2100,87,2
2026-06-23,601318,14:48:01,50.2100,170,2
2026-06-23,601318,14:48:04,50.2100,320,2
2026-06-23,601318,14:48:07,50.2000,277,2
2026-06-23,601318,14:48:10,50.2000,216,2
2026-06-23,601318,14:48:13,50.2200,310,1
2026-06-23,601318,14:48:16,50.2100,46,2
2026-06-23,601318,14:48:19,50.2100,67,2
2026-06-23,601318,14:48:22,50.2100,110,2
2026-06-23,601318,14:48:24,50.2200,47,1
2026-06-23,601318,14:48:28,50.2000,367,2
2026-06-23,601318,14:48:31,50.2000,315,2
2026-06-23,601318,14:48:34,50.2100,533,1
2026-06-23,601318,14:48:37,50.2100,98,2
2026-06-23,601318,14:48:40,50.2100,256,2
2026-06-23,601318,14:48:43,50.2100,120,1
2026-06-23,601318,14:48:46,50.2100,100,1
2026-06-23,601318,14:48:49,50.2000,87,2
2026-06-23,601318,14:48:52,50.2200,294,1
2026-06-23,601318,14:48:55,50.2200,129,1
2026-06-23,601318,14:48:58,50.2100,386,2
2026-06-23,601318,14:49:01,50.2100,102,2
2026-06-23,601318,14:49:04,50.2100,508,1
2026-06-23,601318,14:49:07,50.2000,249,2
2026-06-23,601318,14:49:10,50.2000,147,2
2026-06-23,601318,14:49:13,50.2100,297,1
2026-06-23,601318,14:49:16,50.2100,227,1
2026-06-23,601318,14:49:19,50.2200,248,1
2026-06-23,601318,14:49:21,50.2200,164,1
2026-06-23,601318,14:49:25,50.2100,187,2
2026-06-23,601318,14:49:28,50.2200,191,1
2026-06-23,601318,14:49:31,50.2100,432,2
2026-06-23,601318,14:49:34,50.1900,1168,2
2026-06-23,601318,14:49:37,50.1900,510,2
2026-06-23,601318,14:49:40,50.1800,1458,2
2026-06-23,601318,14:49:43,50.1700,783,2
2026-06-23,601318,14:49:46,50.1600,97,2
2026-06-23,601318,14:49:49,50.1800,733,1
2026-06-23,601318,14:49:52,50.1800,98,1
2026-06-23,601318,14:49:55,50.1800,107,2
2026-06-23,601318,14:49:58,50.1900,90,1
2026-06-23,601318,14:50:01,50.1800,74,2
2026-06-23,601318,14:50:04,50.1800,224,2
2026-06-23,601318,14:50:07,50.1900,76,1
2026-06-23,601318,14:50:09,50.1900,107,1
2026-06-23,601318,14:50:13,50.1900,65,1
2026-06-23,601318,14:50:16,50.1900,162,1
2026-06-23,601318,14:50:18,50.1800,388,2
2026-06-23,601318,14:50:21,50.1800,372,2
2026-06-23,601318,14:50:25,50.1800,276,1
2026-06-23,601318,14:50:28,50.1800,189,1
2026-06-23,601318,14:50:31,50.1900,133,1
2026-06-23,601318,14:50:34,50.2000,472,1
2026-06-23,601318,14:50:37,50.2000,618,1
2026-06-23,601318,14:50:40,50.2000,192,2
2026-06-23,601318,14:50:43,50.2000,144,2
2026-06-23,601318,14:50:46,50.2000,327,2
2026-06-23,601318,14:50:48,50.2000,174,1
2026-06-23,601318,14:50:52,50.2000,220,1
2026-06-23,601318,14:50:55,50.2000,463,1
2026-06-23,601318,14:50:58,50.2000,321,2
2026-06-23,601318,14:51:01,50.2100,471,1
2026-06-23,601318,14:51:04,50.2000,367,2
2026-06-23,601318,14:51:07,50.2000,168,2
2026-06-23,601318,14:51:10,50.2000,166,2
2026-06-23,601318,14:51:13,50.2000,171,2
2026-06-23,601318,14:51:16,50.2200,123,1
2026-06-23,601318,14:51:19,50.2100,224,2
2026-06-23,601318,14:51:22,50.2300,141,1
2026-06-23,601318,14:51:25,50.2300,65,1
2026-06-23,601318,14:51:28,50.2200,22,2
2026-06-23,601318,14:51:31,50.2200,229,2
2026-06-23,601318,14:51:34,50.2400,251,1
2026-06-23,601318,14:51:37,50.2300,278,2
2026-06-23,601318,14:51:40,50.2400,165,1
2026-06-23,601318,14:51:43,50.2400,111,1
2026-06-23,601318,14:51:46,50.2400,211,1
2026-06-23,601318,14:51:49,50.2400,135,2
2026-06-23,601318,14:51:52,50.2300,275,2
2026-06-23,601318,14:51:55,50.2200,382,2
2026-06-23,601318,14:51:58,50.2200,111,2
2026-06-23,601318,14:52:01,50.2300,136,1
2026-06-23,601318,14:52:03,50.2200,534,2
2026-06-23,601318,14:52:07,50.2200,267,2
2026-06-23,601318,14:52:10,50.2200,606,1
2026-06-23,601318,14:52:13,50.2100,80,2
2026-06-23,601318,14:52:15,50.2100,455,2
2026-06-23,601318,14:52:19,50.2100,458,1
2026-06-23,601318,14:52:22,50.2100,139,1
2026-06-23,601318,14:52:25,50.2100,322,1
2026-06-23,601318,14:52:28,50.2100,54,2
2026-06-23,601318,14:52:31,50.2200,125,1
2026-06-23,601318,14:52:34,50.2000,1002,2
2026-06-23,601318,14:52:36,50.2200,296,1
2026-06-23,601318,14:52:39,50.2300,123,1
2026-06-23,601318,14:52:43,50.2300,111,1
2026-06-23,601318,14:52:46,50.2300,2184,1
2026-06-23,601318,14:52:49,50.2300,229,1
2026-06-23,601318,14:52:52,50.2400,1115,1
2026-06-23,601318,14:52:55,50.2700,500,1
2026-06-23,601318,14:52:58,50.2500,245,2
2026-06-23,601318,14:53:01,50.2500,91,2
2026-06-23,601318,14:53:04,50.2500,194,2
2026-06-23,601318,14:53:07,50.2500,201,1
2026-06-23,601318,14:53:10,50.2500,297,1
2026-06-23,601318,14:53:13,50.2500,125,1
2026-06-23,601318,14:53:16,50.2400,155,2
2026-06-23,601318,14:53:19,50.2500,182,1
2026-06-23,601318,14:53:21,50.2200,2123,2
2026-06-23,601318,14:53:25,50.2300,222,1
2026-06-23,601318,14:53:28,50.2200,132,2
2026-06-23,601318,14:53:31,50.2200,255,2
2026-06-23,601318,14:53:34,50.2100,409,2
2026-06-23,601318,14:53:37,50.2100,493,1
2026-06-23,601318,14:53:40,50.2100,348,1
2026-06-23,601318,14:53:43,50.2100,70,2
2026-06-23,601318,14:53:46,50.2100,153,2
2026-06-23,601318,14:53:49,50.2200,258,1
2026-06-23,601318,14:53:52,50.2200,156,2
2026-06-23,601318,14:53:55,50.2200,85,2
2026-06-23,601318,14:53:58,50.2200,76,2
2026-06-23,601318,14:54:01,50.2300,397,1
2026-06-23,601318,14:54:03,50.2300,184,1
2026-06-23,601318,14:54:07,50.2200,249,2
2026-06-23,601318,14:54:10,50.2300,385,1
2026-06-23,601318,14:54:13,50.2500,589,1
2026-06-23,601318,14:54:16,50.2500,447,2
2026-06-23,601318,14:54:19,50.2400,340,2
2026-06-23,601318,14:54:22,50.2300,100,2
2026-06-23,601318,14:54:25,50.2300,267,1
2026-06-23,601318,14:54:28,50.2300,251,2
2026-06-23,601318,14:54:30,50.2300,148,2
2026-06-23,601318,14:54:34,50.2300,346,2
2026-06-23,601318,14:54:37,50.2400,770,1
2026-06-23,601318,14:54:40,50.2300,236,2
2026-06-23,601318,14:54:43,50.2400,265,1
2026-06-23,601318,14:54:46,50.2400,152,1
2026-06-23,601318,14:54:48,50.2400,73,1
2026-06-23,601318,14:54:52,50.2300,205,2
2026-06-23,601318,14:54:55,50.2500,1864,1
2026-06-23,601318,14:54:57,50.2600,83,1
2026-06-23,601318,14:55:01,50.2600,85,1
2026-06-23,601318,14:55:04,50.2400,239,2
2026-06-23,601318,14:55:06,50.2400,477,2
2026-06-23,601318,14:55:10,50.2400,1077,1
2026-06-23,601318,14:55:13,50.2400,89,2
2026-06-23,601318,14:55:15,50.2800,280,1
2026-06-23,601318,14:55:19,50.2500,181,2
2026-06-23,601318,14:55:22,50.2700,917,1
2026-06-23,601318,14:55:25,50.2600,281,4
2026-06-23,601318,14:55:28,50.2700,474,1
2026-06-23,601318,14:55:31,50.2600,149,2
2026-06-23,601318,14:55:33,50.2700,553,1
2026-06-23,601318,14:55:37,50.2600,424,2
2026-06-23,601318,14:55:40,50.2700,127,1
2026-06-23,601318,14:55:43,50.2700,66,1
2026-06-23,601318,14:55:45,50.2700,495,1
2026-06-23,601318,14:55:49,50.2700,145,1
2026-06-23,601318,14:55:52,50.2600,237,2
2026-06-23,601318,14:55:55,50.2600,92,1
2026-06-23,601318,14:55:57,50.2600,1514,1
2026-06-23,601318,14:56:01,50.2400,544,2
2026-06-23,601318,14:56:03,50.2600,711,1
2026-06-23,601318,14:56:07,50.3000,784,1
2026-06-23,601318,14:56:10,50.2900,326,2
2026-06-23,601318,14:56:13,50.2800,98,1
2026-06-23,601318,14:56:16,50.2900,2078,1
2026-06-23,601318,14:56:18,50.2700,98,2
2026-06-23,601318,14:56:22,50.3000,407,1
2026-06-23,601318,14:56:25,50.2900,169,4
2026-06-23,601318,14:56:27,50.3000,301,1
2026-06-23,601318,14:56:31,50.3000,661,1
2026-06-23,601318,14:56:33,50.3100,520,1
2026-06-23,601318,14:56:37,50.2900,179,2
2026-06-23,601318,14:56:40,50.3100,493,1
2026-06-23,601318,14:56:43,50.3100,86,2
2026-06-23,601318,14:56:46,50.3200,135,1
2026-06-23,601318,14:56:49,50.2900,543,2
2026-06-23,601318,14:56:52,50.3300,472,1
2026-06-23,601318,14:56:55,50.3200,220,4
2026-06-23,601318,14:56:58,50.3400,145,1
2026-06-23,601318,14:57:01,50.3300,49,2
2026-06-23,601318,15:00:04,50.4000,7492,4
2026-06-23,601318,13:17:01,51.1300,60,2
2026-06-23,601318,13:17:04,51.1200,16,2
2026-06-23,601318,13:17:07,51.1200,13,2
2026-06-23,601318,13:17:10,51.1300,16,1
2026-06-23,601318,13:17:13,51.1200,2,2
2026-06-23,601318,13:17:16,51.1200,2,2
2026-06-23,601318,13:17:19,51.1200,102,2
2026-06-23,601318,13:17:22,51.1000,233,2
2026-06-23,601318,13:17:25,51.1000,28,1
2026-06-23,601318,13:17:28,51.1000,5,1
2026-06-23,601318,13:17:31,51.1000,120,1
2026-06-23,601318,13:17:34,51.0900,361,2
2026-06-23,601318,13:17:37,51.0800,44,2
2026-06-23,601318,13:17:40,51.0900,21,1
2026-06-23,601318,13:17:43,51.0800,63,2
2026-06-23,601318,13:17:46,51.0600,44,2
2026-06-23,601318,13:17:49,51.0700,19,1
2026-06-23,601318,13:17:51,51.0700,8,1
2026-06-23,601318,13:17:55,51.0700,95,1
2026-06-23,601318,13:17:58,51.0600,48,2
2026-06-23,601318,13:18:01,51.0600,167,2
2026-06-23,601318,13:18:04,51.0600,84,2
2026-06-23,601318,13:18:07,51.0600,116,2
2026-06-23,601318,13:18:10,51.0600,81,1
2026-06-23,601318,13:18:13,51.0500,33,4
2026-06-23,601318,13:18:16,51.0500,77,1
2026-06-23,601318,13:18:19,51.0500,33,2
2026-06-23,601318,13:18:22,51.0600,48,1
2026-06-23,601318,13:18:25,51.0500,71,2
2026-06-23,601318,13:18:28,51.0500,53,1
2026-06-23,601318,13:18:31,51.0600,18,1
2026-06-23,601318,13:18:34,51.0600,22,1
2026-06-23,601318,13:18:37,51.0500,29,2
2026-06-23,601318,13:18:43,51.0600,71,1
2026-06-23,601318,13:18:46,51.0500,42,2
2026-06-23,601318,13:18:49,51.0600,69,4
2026-06-23,601318,13:18:51,51.0600,31,1
2026-06-23,601318,13:18:55,51.0400,272,2
2026-06-23,601318,13:18:58,51.0200,149,2
2026-06-23,601318,13:19:01,51.0100,839,2
2026-06-23,601318,13:19:04,51.0000,93,2
2026-06-23,601318,13:19:07,51.0000,308,2
2026-06-23,601318,13:19:10,51.0000,24,2
2026-06-23,601318,13:19:13,51.0100,184,1
2026-06-23,601318,13:19:16,50.9900,213,2
2026-06-23,601318,13:19:19,50.9400,551,2
2026-06-23,601318,13:19:22,50.9600,287,1
2026-06-23,601318,13:19:24,50.9300,58,2
2026-06-23,601318,13:19:28,50.9600,231,1
2026-06-23,601318,13:19:31,50.9500,59,2
2026-06-23,601318,13:19:34,50.9500,184,2
2026-06-23,601318,13:19:37,50.9400,182,2
2026-06-23,601318,13:19:40,50.9400,10,2
2026-06-23,601318,13:19:43,50.9500,34,1
2026-06-23,601318,13:19:46,50.9400,161,2
2026-06-23,601318,13:19:48,50.9500,129,1
2026-06-23,601318,13:19:52,50.9500,35,1
2026-06-23,601318,13:19:55,50.9300,250,2
2026-06-23,601318,13:19:58,50.9500,28,1
2026-06-23,601318,13:20:01,50.9200,191,2
2026-06-23,601318,13:20:04,50.9100,803,2
2026-06-23,601318,13:20:07,50.9100,21,1
2026-06-23,601318,13:20:10,50.9100,56,1
2026-06-23,601318,13:20:13,50.9100,29,1
2026-06-23,601318,13:20:16,50.9200,64,1
2026-06-23,601318,13:20:19,50.9100,158,2
2026-06-23,601318,13:20:22,50.9300,47,1
2026-06-23,601318,13:20:25,50.9200,239,2
2026-06-23,601318,13:20:28,50.9100,49,2
2026-06-23,601318,13:20:31,50.9200,94,1
2026-06-23,601318,13:20:33,50.9200,59,1
2026-06-23,601318,13:20:37,50.9200,94,1
2026-06-23,601318,13:20:40,50.9200,56,2
2026-06-23,601318,13:20:43,50.9200,9,1
2026-06-23,601318,13:20:46,50.9200,19,1
2026-06-23,601318,13:20:49,50.9100,139,2
2026-06-23,601318,13:20:52,50.9100,120,2
2026-06-23,601318,13:20:55,50.9200,66,1
2026-06-23,601318,13:20:58,50.9100,45,2
2026-06-23,601318,13:21:01,50.9200,48,1
2026-06-23,601318,13:21:04,50.9300,36,1
2026-06-23,601318,13:21:07,50.9200,56,2
2026-06-23,601318,13:21:10,50.9200,28,2
2026-06-23,601318,13:21:13,50.9200,27,2
2026-06-23,601318,13:21:16,50.9300,80,1
2026-06-23,601318,13:21:19,50.9400,27,1
2026-06-23,601318,13:21:22,50.9400,226,1
2026-06-23,601318,13:21:25,50.9400,29,1
2026-06-23,601318,13:21:28,50.9400,12,1
2026-06-23,601318,13:21:31,50.9300,60,2
2026-06-23,601318,13:21:34,50.9300,118,2
2026-06-23,601318,13:21:37,50.9400,56,1
2026-06-23,601318,13:21:40,50.9400,46,1
2026-06-23,601318,13:21:43,50.9400,106,1
2026-06-23,601318,13:21:46,50.9400,60,1
2026-06-23,601318,13:21:49,50.9400,15,2
2026-06-23,601318,13:21:52,50.9300,428,2
2026-06-23,601318,13:21:55,50.9300,567,1
2026-06-23,601318,13:21:58,50.9100,79,2
2026-06-23,601318,13:22:01,50.9200,27,1
2026-06-23,601318,13:22:04,50.9100,62,2
2026-06-23,601318,13:22:07,50.9200,48,1
2026-06-23,601318,13:22:10,50.9200,35,1
2026-06-23,601318,13:22:13,50.9200,28,1
2026-06-23,601318,13:22:16,50.9300,2,1
2026-06-23,601318,13:22:19,50.9200,9,2
2026-06-23,601318,13:22:22,50.9300,230,1
2026-06-23,601318,13:22:24,50.9300,20,1
2026-06-23,601318,13:22:28,50.9300,67,1
2026-06-23,601318,13:22:31,50.9400,14,1
2026-06-23,601318,13:22:34,50.9500,48,1
2026-06-23,601318,13:22:37,50.9500,2,1
2026-06-23,601318,13:22:40,50.9500,2,1
2026-06-23,601318,13:22:43,50.9400,204,2
2026-06-23,601318,13:22:46,50.9500,12,1
2026-06-23,601318,13:22:49,50.9500,24,1
2026-06-23,601318,13:22:52,50.9500,8,1
2026-06-23,601318,13:22:57,50.9400,102,2
2026-06-23,601318,13:23:01,50.9400,22,2
2026-06-23,601318,13:23:04,50.9400,61,2
2026-06-23,601318,13:23:06,50.9500,197,1
2026-06-23,601318,13:23:09,50.9500,92,1
2026-06-23,601318,13:23:13,50.9500,81,1
2026-06-23,601318,13:23:16,50.9500,51,1
2026-06-23,601318,13:23:19,50.9500,59,1
2026-06-23,601318,13:23:22,50.9500,115,1
2026-06-23,601318,13:23:25,50.9400,519,2
2026-06-23,601318,13:23:28,50.9400,72,1
2026-06-23,601318,13:23:30,50.9300,15,2
2026-06-23,601318,13:23:33,50.9300,22,2
2026-06-23,601318,13:23:37,50.9300,95,2
2026-06-23,601318,13:23:39,50.9400,764,1
2026-06-23,601318,13:23:43,50.9400,23,1
2026-06-23,601318,13:23:46,50.9400,52,1
2026-06-23,601318,13:23:49,50.9400,24,1
2026-06-23,601318,13:23:52,50.9300,3,2
2026-06-23,601318,13:23:55,50.9400,11,1
2026-06-23,601318,13:23:58,50.9400,136,1
2026-06-23,601318,13:24:01,50.9400,211,1
2026-06-23,601318,13:24:04,50.9500,44,1
2026-06-23,601318,13:24:07,50.9400,145,2
2026-06-23,601318,13:24:10,50.9300,286,2
2026-06-23,601318,13:24:12,50.9200,48,2
2026-06-23,601318,13:24:16,50.9200,48,2
2026-06-23,601318,13:24:19,50.9300,10,1
2026-06-23,601318,13:24:22,50.9200,19,2
2026-06-23,601318,13:24:25,50.9200,49,2
2026-06-23,601318,13:24:28,50.9300,710,1
2026-06-23,601318,13:24:31,50.9000,56,2
2026-06-23,601318,13:24:34,50.9000,10,2
2026-06-23,601318,13:24:37,50.9000,11,2
2026-06-23,601318,13:24:40,50.9100,45,1
2026-06-23,601318,13:24:43,50.9000,62,2
2026-06-23,601318,13:24:46,50.9100,74,1
2026-06-23,601318,13:24:49,50.9000,901,2
2026-06-23,601318,13:24:52,50.8900,190,2
2026-06-23,601318,13:24:55,50.9000,463,1
2026-06-23,601318,13:24:58,50.8900,95,2
2026-06-23,601318,13:25:01,50.8800,221,2
2026-06-23,601318,13:25:03,50.8800,376,2
2026-06-23,601318,13:25:07,50.8700,2625,2
2026-06-23,601318,13:25:10,50.8300,1151,2
2026-06-23,601318,13:25:13,50.8500,60,1
2026-06-23,601318,13:25:16,50.8400,46,2
2026-06-23,601318,13:25:19,50.8500,217,1
2026-06-23,601318,13:25:22,50.8600,51,1
2026-06-23,601318,13:25:25,50.8600,367,1
2026-06-23,601318,13:25:28,50.8700,15,1
2026-06-23,601318,13:25:31,50.8700,41,1
2026-06-23,601318,13:25:33,50.8700,117,1
2026-06-23,601318,13:25:37,50.8800,164,1
2026-06-23,601318,13:25:40,50.8900,144,1
2026-06-23,601318,13:25:43,50.9000,164,1
2026-06-23,601318,13:25:46,50.9000,17,1
2026-06-23,601318,13:25:49,50.9000,73,1
2026-06-23,601318,13:25:52,50.8900,138,2
2026-06-23,601318,13:25:55,50.8900,114,2
2026-06-23,601318,13:25:57,50.8900,16,1
2026-06-23,601318,13:26:01,50.8900,18,1
2026-06-23,601318,13:26:04,50.8800,39,2
2026-06-23,601318,13:26:07,50.8900,27,1
2026-06-23,601318,13:26:10,50.8900,50,1
2026-06-23,601318,13:26:13,50.8900,36,1
2026-06-23,601318,13:26:16,50.8900,74,1
2026-06-23,601318,13:26:19,50.9000,26,1
2026-06-23,601318,13:26:22,50.8900,1,2
2026-06-23,601318,13:26:25,50.9000,59,1
2026-06-23,601318,13:26:27,50.9000,140,1
2026-06-23,601318,13:26:31,50.9000,21,1
2026-06-23,601318,13:26:33,50.8900,19,2
2026-06-23,601318,13:26:37,50.8900,60,2
2026-06-23,601318,13:26:40,50.8800,555,2
2026-06-23,601318,13:26:43,50.8900,33,1
2026-06-23,601318,13:26:46,50.8800,24,2
2026-06-23,601318,13:26:49,50.8800,40,2
2026-06-23,601318,13:26:52,50.8800,50,2
2026-06-23,601318,13:26:55,50.8800,119,2
2026-06-23,601318,13:26:58,50.8800,30,2
2026-06-23,601318,13:27:01,50.8800,251,2
2026-06-23,601318,13:27:04,50.8800,18,2
2026-06-23,601318,13:27:07,50.8900,1,1
2026-06-23,601318,13:27:10,50.8900,64,1
2026-06-23,601318,13:27:13,50.8800,73,2
2026-06-23,601318,13:27:15,50.8800,87,2
2026-06-23,601318,13:27:19,50.8800,42,2
2026-06-23,601318,13:27:22,50.8800,48,4
2026-06-23,601318,13:27:25,50.8900,18,1
2026-06-23,601318,13:27:28,50.8800,77,2
2026-06-23,601318,13:27:31,50.8800,44,2
2026-06-23,601318,13:27:34,50.8800,33,2
2026-06-23,601318,13:27:37,50.8800,30,2
2026-06-23,601318,13:27:40,50.8800,30,2
2026-06-23,601318,13:27:43,50.8900,89,1
2026-06-23,601318,13:27:46,50.8900,38,1
2026-06-23,601318,13:27:48,50.8900,4,1
2026-06-23,601318,13:27:52,50.8800,20,2
2026-06-23,601318,13:27:55,50.8900,84,1
2026-06-23,601318,13:27:58,50.9100,1189,1
2026-06-23,601318,13:28:01,50.9500,455,1
2026-06-23,601318,13:28:04,50.9500,21,1
2026-06-23,601318,13:28:06,50.9500,65,1
2026-06-23,601318,13:28:10,50.9500,19,1
2026-06-23,601318,13:28:13,50.9500,37,1
2026-06-23,601318,13:28:16,50.9500,128,1
2026-06-23,601318,13:28:19,50.9500,69,1
2026-06-23,601318,13:28:22,50.9500,21,1
2026-06-23,601318,13:28:25,50.9500,33,1
2026-06-23,601318,13:28:28,50.9500,26,1
2026-06-23,601318,13:28:31,50.9500,64,1
2026-06-23,601318,13:28:34,50.9500,20,1
2026-06-23,601318,13:28:37,50.9500,207,1
2026-06-23,601318,13:28:40,50.9400,239,2
2026-06-23,601318,13:28:43,50.9300,119,2
2026-06-23,601318,13:28:46,50.9200,156,2
2026-06-23,601318,13:28:49,50.9100,169,2
2026-06-23,601318,13:28:52,50.9100,37,1
2026-06-23,601318,13:28:55,50.9100,4,1
2026-06-23,601318,13:28:58,50.9000,118,2
2026-06-23,601318,13:29:01,50.9000,103,2
2026-06-23,601318,13:29:04,50.9000,68,2
2026-06-23,601318,13:29:07,50.9000,15,2
2026-06-23,601318,13:29:10,50.9100,10,1
2026-06-23,601318,13:29:13,50.9000,213,2
2026-06-23,601318,13:29:16,50.9000,28,1
2026-06-23,601318,13:29:18,50.9000,550,1
2026-06-23,601318,13:29:21,50.9000,480,1
2026-06-23,601318,13:29:24,50.9000,35,1
2026-06-23,601318,13:29:28,50.9100,5,1
2026-06-23,601318,13:29:30,50.9200,118,1
2026-06-23,601318,13:29:34,50.9200,6,4
2026-06-23,601318,13:29:37,50.9300,40,1
2026-06-23,601318,13:29:40,50.9200,33,2
2026-06-23,601318,13:29:42,50.9300,133,1
2026-06-23,601318,13:29:46,50.9300,49,1
2026-06-23,601318,13:29:49,50.9200,55,2
2026-06-23,601318,13:29:52,50.9300,52,1
2026-06-23,601318,13:29:55,50.9300,29,1
2026-06-23,601318,13:29:58,50.9200,28,2
2026-06-23,601318,13:30:01,50.9200,137,2
2026-06-23,601318,13:30:04,50.9100,121,2
2026-06-23,601318,13:30:07,50.9200,43,1
2026-06-23,601318,13:30:10,50.9200,8,1
2026-06-23,601318,13:30:13,50.9200,2,1
2026-06-23,601318,13:30:16,50.9200,13,1
2026-06-23,601318,13:30:19,50.9300,793,1
2026-06-23,601318,13:30:22,50.9200,523,2
2026-06-23,601318,13:30:25,50.9300,135,1
2026-06-23,601318,13:30:28,50.9400,160,1
2026-06-23,601318,13:30:31,50.9400,49,1
2026-06-23,601318,13:30:33,50.9500,24,1
2026-06-23,601318,13:30:37,50.9500,16,1
2026-06-23,601318,13:30:40,50.9500,85,1
2026-06-23,601318,13:30:43,50.9500,77,1
2026-06-23,601318,13:30:46,50.9400,3,2
2026-06-23,601318,13:30:49,50.9400,80,2
2026-06-23,601318,13:30:52,50.9500,36,1
2026-06-23,601318,13:30:55,50.9500,23,1
2026-06-23,601318,13:30:58,50.9500,19,1
2026-06-23,601318,13:31:01,50.9500,62,1
2026-06-23,601318,13:31:04,50.9400,111,2
2026-06-23,601318,13:31:07,50.9200,96,2
2026-06-23,601318,13:31:10,50.9300,64,1
2026-06-23,601318,13:31:13,50.9300,97,1
2026-06-23,601318,13:31:16,50.9200,61,2
2026-06-23,601318,13:31:19,50.9200,41,1
2026-06-23,601318,13:31:22,50.9200,52,1
2026-06-23,601318,13:31:25,50.9200,52,1
2026-06-23,601318,13:31:28,50.9200,72,1
2026-06-23,601318,13:31:31,50.9100,71,2
2026-06-23,601318,13:31:34,50.9200,40,1
2026-06-23,601318,13:31:37,50.9200,128,2
2026-06-23,601318,13:31:40,50.9200,13,1
2026-06-23,601318,13:31:43,50.9100,17,2
2026-06-23,601318,13:31:46,50.9100,16,2
2026-06-23,601318,13:31:49,50.9100,428,2
2026-06-23,601318,13:31:52,50.9400,823,1
2026-06-23,601318,13:31:55,50.9400,309,1
2026-06-23,601318,13:31:58,50.9300,14,2
2026-06-23,601318,13:32:01,50.9400,72,1
2026-06-23,601318,13:32:04,50.9500,29,1
2026-06-23,601318,13:32:07,50.9400,94,2
2026-06-23,601318,13:32:10,50.9500,62,1
2026-06-23,601318,13:32:13,50.9400,25,2
2026-06-23,601318,13:32:16,50.9500,230,1
2026-06-23,601318,13:32:19,50.9300,148,2
2026-06-23,601318,13:32:22,50.9100,139,2
2026-06-23,601318,13:32:25,50.9100,97,2
2026-06-23,601318,13:32:28,50.9100,798,2
2026-06-23,601318,13:32:31,50.9000,228,2
2026-06-23,601318,13:32:34,50.9000,362,2
2026-06-23,601318,13:32:37,50.9000,18,1
2026-06-23,601318,13:32:40,50.8900,5,4
2026-06-23,601318,13:32:43,50.8800,71,2
2026-06-23,601318,13:32:46,50.8900,52,1
2026-06-23,601318,13:32:49,50.8700,120,2
2026-06-23,601318,13:32:52,50.8800,68,2
2026-06-23,601318,13:32:55,50.8800,80,2
2026-06-23,601318,13:32:58,50.8800,17,2
2026-06-23,601318,13:33:01,50.8800,66,2
2026-06-23,601318,13:33:04,50.8800,56,1
2026-06-23,601318,13:33:07,50.8800,445,1
2026-06-23,601318,13:33:10,50.8800,121,1
2026-06-23,601318,13:33:13,50.8800,33,1
2026-06-23,601318,13:33:16,50.8800,46,1
2026-06-23,601318,13:33:19,50.8800,99,1
2026-06-23,601318,13:33:22,50.8800,388,1
2026-06-23,601318,13:33:25,50.8800,31,1
2026-06-23,601318,13:33:28,50.9000,56,1
2026-06-23,601318,13:33:31,50.9100,69,1
2026-06-23,601318,13:33:34,50.9100,10,1
2026-06-23,601318,13:33:37,50.9000,11,2
2026-06-23,601318,13:33:40,50.9100,56,1
2026-06-23,601318,13:33:43,50.9000,39,2
2026-06-23,601318,13:33:46,50.9100,93,1
2026-06-23,601318,13:33:49,50.9000,77,2
2026-06-23,601318,13:33:52,50.9100,26,1
2026-06-23,601318,13:33:55,50.9200,16,1
2026-06-23,601318,13:33:58,50.9200,46,1
2026-06-23,601318,13:34:01,50.9300,83,1
2026-06-23,601318,13:34:04,50.9100,203,2
2026-06-23,601318,13:34:07,50.9300,10,1
2026-06-23,601318,13:34:10,50.9300,5,1
2026-06-23,601318,13:34:13,50.9200,68,2
2026-06-23,601318,13:34:16,50.9200,41,2
2026-06-23,601318,13:34:19,50.9200,85,2
2026-06-23,601318,13:34:22,50.9200,108,1
2026-06-23,601318,13:34:25,50.9200,30,1
2026-06-23,601318,13:34:28,50.9200,22,1
2026-06-23,601318,13:34:31,50.9300,104,1
2026-06-23,601318,13:34:34,50.9300,36,1
2026-06-23,601318,13:34:37,50.9300,31,1
2026-06-23,601318,13:34:40,50.9200,139,2
2026-06-23,601318,13:34:43,50.9400,13,1
2026-06-23,601318,13:34:46,50.9400,34,1
2026-06-23,601318,13:34:49,50.9400,38,1
2026-06-23,601318,13:34:52,50.9300,122,2
2026-06-23,601318,13:34:55,50.9400,704,1
2026-06-23,601318,13:34:57,50.9400,84,2
2026-06-23,601318,13:35:01,50.9300,25,1
2026-06-23,601318,13:35:04,50.9300,29,2
2026-06-23,601318,13:35:07,50.9400,17,1
2026-06-23,601318,13:35:10,50.9300,100,2
2026-06-23,601318,13:35:13,50.9200,70,2
2026-06-23,601318,13:35:16,50.9100,65,2
2026-06-23,601318,13:35:19,50.9100,48,1
2026-06-23,601318,13:35:22,50.9100,41,2
2026-06-23,601318,13:35:25,50.9200,12,1
2026-06-23,601318,13:35:28,50.9200,18,1
2026-06-23,601318,13:35:31,50.9200,176,1
2026-06-23,601318,13:35:34,50.9200,37,1
2026-06-23,601318,13:35:37,50.9200,31,1
2026-06-23,601318,13:35:40,50.9200,14,1
2026-06-23,601318,13:35:43,50.9200,19,1
2026-06-23,601318,13:35:46,50.9100,52,2
2026-06-23,601318,13:35:49,50.9200,81,1
2026-06-23,601318,13:35:52,50.9200,148,1
2026-06-23,601318,13:35:55,50.9100,24,2
2026-06-23,601318,13:35:58,50.9200,37,1
2026-06-23,601318,13:36:01,50.9200,116,1
2026-06-23,601318,13:36:04,50.9100,49,2
2026-06-23,601318,13:36:07,50.9100,12,1
2026-06-23,601318,13:36:10,50.9000,20,2
2026-06-23,601318,13:36:13,50.9200,395,1
2026-06-23,601318,13:36:16,50.9200,106,2
2026-06-23,601318,13:36:19,50.9100,37,1
2026-06-23,601318,13:36:22,50.9100,133,4
2026-06-23,601318,13:36:25,50.9200,4,1
2026-06-23,601318,13:36:28,50.9100,57,2
2026-06-23,601318,13:36:31,50.9200,37,1
2026-06-23,601318,13:36:34,50.9100,70,2
2026-06-23,601318,13:36:37,50.9000,104,2
2026-06-23,601318,13:36:40,50.9000,122,2
2026-06-23,601318,13:36:43,50.9000,25,2
2026-06-23,601318,13:36:46,50.8900,75,2
2026-06-23,601318,13:36:49,50.9000,37,1
2026-06-23,601318,13:36:51,50.8900,215,2
2026-06-23,601318,13:36:55,50.8900,31,2
2026-06-23,601318,13:36:58,50.8900,36,2
2026-06-23,601318,13:37:01,50.8900,53,1
2026-06-23,601318,13:37:04,50.8800,29,2
2026-06-23,601318,13:37:07,50.8800,380,2
2026-06-23,601318,13:37:10,50.8800,185,2
2026-06-23,601318,13:37:13,50.8800,195,2
2026-06-23,601318,13:37:16,50.8600,786,2
2026-06-23,601318,13:37:19,50.8600,430,2
2026-06-23,601318,13:37:22,50.8600,83,1
2026-06-23,601318,13:37:24,50.8500,51,2
2026-06-23,601318,13:37:28,50.8500,268,2
2026-06-23,601318,13:37:31,50.8600,13,4
2026-06-23,601318,13:37:34,50.8600,24,2
2026-06-23,601318,13:37:37,50.8700,30,1
2026-06-23,601318,13:37:40,50.8700,126,1
2026-06-23,601318,13:37:43,50.8600,62,2
2026-06-23,601318,13:37:46,50.8500,951,2
2026-06-23,601318,13:37:48,50.8500,148,1
2026-06-23,601318,13:37:52,50.8300,956,2
2026-06-23,601318,13:37:55,50.8100,858,2
2026-06-23,601318,13:37:58,50.8200,54,1
2026-06-23,601318,13:38:01,50.8100,177,2
2026-06-23,601318,13:38:04,50.8200,195,1
2026-06-23,601318,13:38:07,50.8000,139,2
2026-06-23,601318,13:38:10,50.8100,116,1
2026-06-23,601318,13:38:13,50.8000,24,2
2026-06-23,601318,13:38:16,50.8100,424,1
2026-06-23,601318,13:38:19,50.8100,334,1
2026-06-23,601318,13:38:22,50.7600,3881,2
2026-06-23,601318,13:38:24,50.7600,478,1
2026-06-23,601318,13:38:28,50.7400,85,2
2026-06-23,601318,13:38:31,50.7400,108,1
2026-06-23,601318,13:38:34,50.7500,141,1
2026-06-23,601318,13:38:37,50.7600,701,1
2026-06-23,601318,13:38:40,50.7300,329,2
2026-06-23,601318,13:38:43,50.7500,130,1
2026-06-23,601318,13:38:46,50.7200,252,2
2026-06-23,601318,13:38:48,50.7200,61,2
2026-06-23,601318,13:38:52,50.7400,153,1
2026-06-23,601318,13:38:55,50.7300,92,2
2026-06-23,601318,13:38:58,50.7200,159,2
2026-06-23,601318,13:39:01,50.7300,151,1
2026-06-23,601318,13:39:04,50.7200,145,1
2026-06-23,601318,13:39:07,50.7200,247,1
2026-06-23,601318,13:39:10,50.7200,276,1
2026-06-23,601318,13:39:13,50.7200,177,1
2026-06-23,601318,13:39:16,50.7200,710,2
2026-06-23,601318,13:39:19,50.7200,252,2
2026-06-23,601318,13:39:22,50.7100,560,2
2026-06-23,601318,13:39:25,50.7100,342,2
2026-06-23,601318,13:39:27,50.7100,1733,2
2026-06-23,601318,13:39:31,50.7000,392,2
2026-06-23,601318,13:39:34,50.6900,533,2
2026-06-23,601318,13:39:37,50.7000,417,4
2026-06-23,601318,13:39:40,50.7000,356,2
2026-06-23,601318,13:39:43,50.7000,168,2
2026-06-23,601318,13:39:46,50.7000,139,2
2026-06-23,601318,13:39:49,50.7000,415,2
2026-06-23,601318,13:39:52,50.7100,186,1
2026-06-23,601318,13:39:55,50.7100,97,2
2026-06-23,601318,13:39:58,50.7200,124,1
2026-06-23,601318,13:40:01,50.7200,372,1
2026-06-23,601318,13:40:04,50.7200,118,1
2026-06-23,601318,13:40:07,50.7200,94,1
2026-06-23,601318,13:40:10,50.7200,340,1
2026-06-23,601318,13:40:13,50.7300,58,1
2026-06-23,601318,13:40:16,50.7300,233,1
2026-06-23,601318,13:40:19,50.7300,125,1
2026-06-23,601318,13:40:22,50.7500,355,1
2026-06-23,601318,13:40:25,50.7400,468,4
2026-06-23,601318,13:40:28,50.7500,297,1
2026-06-23,601318,13:40:31,50.7500,124,2
2026-06-23,601318,13:40:34,50.7500,90,2
2026-06-23,601318,13:40:37,50.7400,636,2
2026-06-23,601318,13:40:40,50.7300,339,2
2026-06-23,601318,13:40:43,50.7300,205,2
2026-06-23,601318,13:40:46,50.7400,144,1
2026-06-23,601318,13:40:49,50.7400,59,1
2026-06-23,601318,13:40:52,50.7400,445,1
2026-06-23,601318,13:40:55,50.7400,46,2
2026-06-23,601318,13:40:58,50.7400,75,2
2026-06-23,601318,13:41:01,50.7300,155,2
2026-06-23,601318,13:41:04,50.7400,88,4
2026-06-23,601318,13:41:06,50.7500,484,1
2026-06-23,601318,13:41:10,50.7800,123,1
2026-06-23,601318,13:41:13,50.7800,117,2
2026-06-23,601318,13:41:16,50.7800,96,1
2026-06-23,601318,13:41:19,50.7600,58,2
2026-06-23,601318,13:41:22,50.7600,150,1
2026-06-23,601318,13:41:25,50.7500,133,2
2026-06-23,601318,13:41:28,50.7600,83,1
2026-06-23,601318,13:41:31,50.7600,100,2
2026-06-23,601318,13:41:34,50.7600,35,2
2026-06-23,601318,13:41:37,50.7600,549,2
2026-06-23,601318,13:41:40,50.7500,127,2
2026-06-23,601318,13:41:43,50.7400,592,2
2026-06-23,601318,13:41:46,50.7300,311,2
2026-06-23,601318,13:41:49,50.7200,231,2
2026-06-23,601318,13:41:52,50.7200,398,1
2026-06-23,601318,13:41:55,50.7200,140,2
2026-06-23,601318,13:41:58,50.7400,39,1
2026-06-23,601318,13:42:01,50.7400,120,1
2026-06-23,601318,13:42:04,50.7400,130,4
2026-06-23,601318,13:42:07,50.7400,33,1
2026-06-23,601318,13:42:10,50.7300,60,2
2026-06-23,601318,13:42:13,50.7300,79,2
2026-06-23,601318,13:42:15,50.7400,48,1
2026-06-23,601318,13:42:18,50.7400,159,1
2026-06-23,601318,13:42:22,50.7400,141,2
2026-06-23,601318,13:42:25,50.7300,77,2
2026-06-23,601318,13:42:28,50.7400,148,1
2026-06-23,601318,13:42:31,50.7400,147,1
2026-06-23,601318,13:42:34,50.7400,61,1
2026-06-23,601318,13:42:37,50.7400,22,1
2026-06-23,601318,13:42:40,50.7400,30,1
2026-06-23,601318,13:42:43,50.7400,16,1
2026-06-23,601318,13:42:46,50.7400,28,1
2026-06-23,601318,13:42:49,50.7400,160,1
2026-06-23,601318,13:42:52,50.7300,130,4
2026-06-23,601318,13:42:55,50.7300,42,4
2026-06-23,601318,13:42:58,50.7300,82,1
2026-06-23,601318,13:43:01,50.7300,143,1
2026-06-23,601318,13:43:04,50.7300,102,2
2026-06-23,601318,13:43:07,50.7300,98,1
2026-06-23,601318,13:43:10,50.7300,169,1
2026-06-23,601318,13:43:13,50.7200,165,2
2026-06-23,601318,13:43:16,50.7200,54,2
2026-06-23,601318,13:43:19,50.7100,35,2
2026-06-23,601318,13:43:22,50.7100,149,2
2026-06-23,601318,13:43:25,50.7200,87,1
2026-06-23,601318,13:43:28,50.7100,17,2
2026-06-23,601318,13:43:31,50.7100,218,2
2026-06-23,601318,13:43:34,50.7200,325,1
2026-06-23,601318,13:43:37,50.7100,179,2
2026-06-23,601318,13:43:40,50.7100,105,2
2026-06-23,601318,13:43:42,50.7100,205,2
2026-06-23,601318,13:43:46,50.7100,129,2
2026-06-23,601318,13:43:49,50.7100,40,1
2026-06-23,601318,13:43:52,50.7200,510,1
2026-06-23,601318,13:43:55,50.7200,242,2
2026-06-23,601318,13:43:58,50.7100,260,2
2026-06-23,601318,13:44:01,50.7200,246,1
2026-06-23,601318,13:44:04,50.7200,501,1
2026-06-23,601318,13:44:07,50.7100,291,2
2026-06-23,601318,13:44:10,50.7200,77,1
2026-06-23,601318,13:44:13,50.7200,71,1
2026-06-23,601318,13:44:16,50.7200,508,1
2026-06-23,601318,13:44:19,50.7200,161,2
2026-06-23,601318,13:44:22,50.7400,36,1
2026-06-23,601318,13:44:25,50.7300,74,2
2026-06-23,601318,13:44:28,50.7300,70,2
2026-06-23,601318,13:44:31,50.7300,374,2
2026-06-23,601318,13:44:34,50.7300,146,2
2026-06-23,601318,13:44:37,50.7400,213,1
2026-06-23,601318,13:44:40,50.7400,32,2
2026-06-23,601318,13:44:43,50.7400,25,2
2026-06-23,601318,13:44:46,50.7500,69,1
2026-06-23,601318,13:44:49,50.7500,218,1
2026-06-23,601318,13:44:52,50.7500,154,2
2026-06-23,601318,13:44:55,50.7500,110,2
2026-06-23,601318,13:44:58,50.7500,39,2
2026-06-23,601318,13:45:01,50.7500,270,2
2026-06-23,601318,13:45:04,50.7500,14,2
2026-06-23,601318,13:45:07,50.7500,83,2
2026-06-23,601318,13:45:10,50.7500,52,1
2026-06-23,601318,13:45:13,50.7400,53,2
2026-06-23,601318,13:45:16,50.7400,75,2
2026-06-23,601318,13:45:19,50.7400,193,1
2026-06-23,601318,13:45:22,50.7400,158,1
2026-06-23,601318,13:45:25,50.7500,47,1
2026-06-23,601318,13:45:28,50.7500,56,2
2026-06-23,601318,13:45:31,50.7400,95,2
2026-06-23,601318,13:45:34,50.7400,72,1
2026-06-23,601318,13:45:37,50.7400,153,1
2026-06-23,601318,13:45:40,50.7200,270,2
2026-06-23,601318,13:45:43,50.7300,159,1
2026-06-23,601318,13:45:46,50.7200,372,2
2026-06-23,601318,13:45:49,50.7000,952,2
2026-06-23,601318,13:45:52,50.6900,208,2
2026-06-23,601318,13:45:55,50.6900,106,2
2026-06-23,601318,13:45:58,50.7100,916,1
2026-06-23,601318,13:46:01,50.7100,157,2
2026-06-23,601318,13:46:04,50.7100,76,2
2026-06-23,601318,13:46:07,50.7100,55,2
2026-06-23,601318,13:46:10,50.7000,107,2
2026-06-23,601318,13:46:13,50.7100,29,1
2026-06-23,601318,13:46:16,50.7000,11,2
2026-06-23,601318,13:46:19,50.7100,57,1
2026-06-23,601318,13:46:22,50.7100,111,1
2026-06-23,601318,13:46:25,50.7000,326,2
2026-06-23,601318,13:46:28,50.6900,189,2
2026-06-23,601318,13:46:31,50.6900,46,2
2026-06-23,601318,13:46:33,50.7000,258,1
2026-06-23,601318,13:46:37,50.7000,51,1
2026-06-23,601318,13:46:40,50.7000,81,1
2026-06-23,601318,13:46:43,50.7000,101,1
2026-06-23,601318,13:46:46,50.7000,123,1
2026-06-23,601318,13:46:49,50.7000,111,2
2026-06-23,601318,13:46:52,50.7100,282,1
2026-06-23,601318,13:46:55,50.7200,103,1
2026-06-23,601318,13:46:58,50.7200,67,2
2026-06-23,601318,13:47:01,50.7200,40,2
2026-06-23,601318,13:47:04,50.7200,44,2
2026-06-23,601318,13:47:07,50.7300,159,1
2026-06-23,601318,13:47:10,50.7100,131,2
2026-06-23,601318,13:47:13,50.7100,165,2
2026-06-23,601318,13:47:15,50.7100,92,1
2026-06-23,601318,13:47:19,50.6900,162,2
2026-06-23,601318,13:47:22,50.7000,63,1
2026-06-23,601318,13:47:25,50.7000,76,1
2026-06-23,601318,13:47:28,50.7000,94,1
2026-06-23,601318,13:47:31,50.7000,21,1
2026-06-23,601318,13:47:34,50.6900,112,2
2026-06-23,601318,13:47:37,50.7000,23,1
2026-06-23,601318,13:47:40,50.7000,83,1
2026-06-23,601318,13:47:43,50.7000,73,1
2026-06-23,601318,13:47:46,50.7000,291,1
2026-06-23,601318,13:47:49,50.7100,187,1
2026-06-23,601318,13:47:51,50.7100,8,2
2026-06-23,601318,13:47:54,50.7200,12,1
2026-06-23,601318,13:47:58,50.7200,24,1
2026-06-23,601318,13:48:01,50.7200,66,1
2026-06-23,601318,13:48:03,50.7200,49,1
2026-06-23,601318,13:48:07,50.7200,30,1
2026-06-23,601318,13:48:10,50.7100,258,2
2026-06-23,601318,13:48:13,50.7200,150,1
2026-06-23,601318,13:48:16,50.7200,16,1
2026-06-23,601318,13:48:18,50.7100,89,2
2026-06-23,601318,13:48:22,50.7100,70,2
2026-06-23,601318,13:48:25,50.7200,3,1
2026-06-23,601318,13:48:27,50.7200,33,1
2026-06-23,601318,13:48:31,50.7200,108,1
2026-06-23,601318,13:48:34,50.7100,15,2
2026-06-23,601318,13:48:37,50.7200,10,1
2026-06-23,601318,13:48:40,50.7200,18,1
2026-06-23,601318,13:48:43,50.7100,36,2
2026-06-23,601318,13:48:46,50.7200,211,1
2026-06-23,601318,13:48:49,50.7300,59,1
2026-06-23,601318,13:48:52,50.7300,128,1
2026-06-23,601318,13:48:55,50.7200,46,2
2026-06-23,601318,13:48:58,50.7200,727,1
2026-06-23,601318,13:49:01,50.6900,385,2
2026-06-23,601318,13:49:04,50.6900,353,2
2026-06-23,601318,13:49:07,50.6900,867,2
2026-06-23,601318,13:49:10,50.6800,644,2
2026-06-23,601318,13:49:13,50.6800,834,2
2026-06-23,601318,13:49:16,50.6700,708,2
2026-06-23,601318,13:49:19,50.6900,1046,1
2026-06-23,601318,13:49:21,50.7000,396,1
2026-06-23,601318,13:49:25,50.7000,136,2
2026-06-23,601318,13:49:27,50.6900,191,2
2026-06-23,601318,13:49:31,50.6900,1,1
2026-06-23,601318,13:49:34,50.6800,81,2
2026-06-23,601318,13:49:37,50.6800,396,2
2026-06-23,601318,13:49:40,50.6800,112,2
2026-06-23,601318,13:49:43,50.6900,130,4
2026-06-23,601318,13:49:46,50.7100,413,1
2026-06-23,601318,13:49:49,50.7000,99,2
2026-06-23,601318,13:49:52,50.7100,44,1
2026-06-23,601318,13:49:55,50.7000,43,2
2026-06-23,601318,13:49:58,50.7100,33,1
2026-06-23,601318,13:50:01,50.7100,61,1
2026-06-23,601318,13:50:04,50.7100,16,1
2026-06-23,601318,13:50:07,50.7200,341,1
2026-06-23,601318,13:50:10,50.7200,52,2
2026-06-23,601318,13:50:13,50.7200,12,2
2026-06-23,601318,13:50:16,50.7100,26,2
2026-06-23,601318,13:50:19,50.7200,98,1
2026-06-23,601318,13:50:22,50.7100,66,4
2026-06-23,601318,13:50:25,50.7000,74,2
2026-06-23,601318,13:50:27,50.7000,176,2
2026-06-23,601318,13:50:31,50.6900,321,2
2026-06-23,601318,13:50:34,50.6800,58,2
2026-06-23,601318,13:50:36,50.6800,58,2
2026-06-23,601318,13:50:40,50.6900,31,1
2026-06-23,601318,13:50:43,50.6800,156,2
2026-06-23,601318,13:50:46,50.6800,157,1
2026-06-23,601318,13:50:49,50.6700,171,2
2026-06-23,601318,13:50:52,50.6800,32,1
2026-06-23,601318,13:50:55,50.6700,78,2
2026-06-23,601318,13:50:58,50.6700,93,2
2026-06-23,601318,13:51:01,50.6700,21,2
2026-06-23,601318,13:51:04,50.6700,338,2
2026-06-23,601318,13:51:07,50.6700,197,1
2026-06-23,601318,13:51:10,50.6700,39,1
2026-06-23,601318,13:51:13,50.6600,324,2
2026-06-23,601318,13:51:16,50.6600,301,2
2026-06-23,601318,13:51:18,50.6500,55,2
2026-06-23,601318,13:51:22,50.6600,136,1
2026-06-23,601318,13:51:25,50.6500,100,2
2026-06-23,601318,13:51:28,50.6500,477,2
2026-06-23,601318,13:51:31,50.6500,259,2
2026-06-23,601318,13:51:34,50.6500,444,1
2026-06-23,601318,13:51:37,50.6200,280,2
2026-06-23,601318,13:51:40,50.6200,1286,2
2026-06-23,601318,13:51:43,50.6000,578,2
2026-06-23,601318,13:51:46,50.5800,697,2
2026-06-23,601318,13:51:49,50.5800,322,2
2026-06-23,601318,13:51:52,50.5800,1126,1
2026-06-23,601318,13:51:55,50.5800,563,1
2026-06-23,601318,13:51:58,50.5700,796,2
2026-06-23,601318,13:52:01,50.5700,503,2
2026-06-23,601318,13:52:04,50.5800,323,2
2026-06-23,601318,13:52:07,50.5800,162,2
2026-06-23,601318,13:52:10,50.5800,41,2
2026-06-23,601318,13:52:13,50.5800,68,1
2026-06-23,601318,13:52:16,50.5700,232,2
2026-06-23,601318,13:52:19,50.5800,127,4
2026-06-23,601318,13:52:22,50.5700,27,2
2026-06-23,601318,13:52:25,50.5700,98,1
2026-06-23,601318,13:52:28,50.5700,105,1
2026-06-23,601318,13:52:31,50.5600,191,2
2026-06-23,601318,13:52:34,50.5600,650,1
2026-06-23,601318,13:52:37,50.5700,1206,2
2026-06-23,601318,13:52:40,50.5700,49,1
2026-06-23,601318,13:52:43,50.5700,687,1
2026-06-23,601318,13:52:46,50.5600,583,2
2026-06-23,601318,13:52:49,50.5700,239,1
2026-06-23,601318,13:52:52,50.5600,62,2
2026-06-23,601318,13:52:55,50.5700,446,1
2026-06-23,601318,13:52:58,50.5700,141,2
2026-06-23,601318,13:53:01,50.5700,59,1
2026-06-23,601318,13:53:04,50.5600,214,2
2026-06-23,601318,13:53:07,50.5600,166,2
2026-06-23,601318,13:53:10,50.5700,79,1
2026-06-23,601318,13:53:13,50.5600,169,2
2026-06-23,601318,13:53:15,50.5500,720,2
2026-06-23,601318,13:53:18,50.5500,1020,1
2026-06-23,601318,13:53:22,50.5400,54,2
2026-06-23,601318,13:53:25,50.5400,168,1
2026-06-23,601318,13:53:28,50.5200,703,2
2026-06-23,601318,13:53:31,50.5300,671,2
2026-06-23,601318,13:53:34,50.5300,86,1
2026-06-23,601318,13:53:37,50.5300,666,1
2026-06-23,601318,13:53:40,50.5300,635,1
2026-06-23,601318,13:53:43,50.5300,742,1
2026-06-23,601318,13:53:46,50.5300,457,1
2026-06-23,601318,13:53:49,50.5300,1156,4
2026-06-23,601318,13:53:52,50.5300,87,2
2026-06-23,601318,13:53:55,50.5300,3676,2
2026-06-23,601318,13:53:58,50.5000,247,2
2026-06-23,601318,13:54:01,50.5100,2506,4
2026-06-23,601318,13:54:03,50.4900,870,2
2026-06-23,601318,13:54:07,50.4700,1604,2
2026-06-23,601318,13:54:10,50.5000,1658,1
2026-06-23,601318,13:54:13,50.5000,2004,1
2026-06-23,601318,13:54:16,50.5000,405,2
2026-06-23,601318,13:54:19,50.5000,79,1
2026-06-23,601318,13:54:22,50.5000,359,1
2026-06-23,601318,13:54:25,50.5000,206,1
2026-06-23,601318,13:54:28,50.5000,351,1
2026-06-23,601318,13:54:31,50.4900,214,2
2026-06-23,601318,13:54:34,50.4900,147,2
2026-06-23,601318,13:54:37,50.5000,415,1
2026-06-23,601318,13:54:40,50.4900,98,2
2026-06-23,601318,13:54:43,50.5000,40,1
2026-06-23,601318,13:54:46,50.4900,314,2
2026-06-23,601318,13:54:49,50.4900,88,2
2026-06-23,601318,13:54:52,50.5000,786,1
2026-06-23,601318,13:54:55,50.5000,257,2
2026-06-23,601318,13:54:57,50.5100,66,4
2026-06-23,601318,13:55:01,50.5100,91,2
2026-06-23,601318,13:55:04,50.5200,321,1
2026-06-23,601318,13:55:07,50.5000,117,2
2026-06-23,601318,13:55:10,50.5200,143,1
2026-06-23,601318,13:55:13,50.5000,23,2
2026-06-23,601318,13:55:15,50.5200,34,1
2026-06-23,601318,13:55:19,50.5100,25,2
2026-06-23,601318,13:55:22,50.5200,38,1
2026-06-23,601318,13:55:25,50.5200,152,1
2026-06-23,601318,13:55:28,50.5200,99,1
2026-06-23,601318,13:55:31,50.5100,90,2
2026-06-23,601318,13:55:34,50.5100,625,1
2026-06-23,601318,13:55:37,50.5100,173,1
2026-06-23,601318,13:55:40,50.5100,12,1
2026-06-23,601318,13:55:43,50.5100,170,1
2026-06-23,601318,13:55:46,50.5100,53,1
2026-06-23,601318,13:55:49,50.5000,1047,2
2026-06-23,601318,13:55:51,50.5000,139,1
2026-06-23,601318,13:55:55,50.5000,44,1
2026-06-23,601318,13:55:58,50.5000,240,1
2026-06-23,601318,13:56:01,50.5000,176,1
2026-06-23,601318,13:56:04,50.4900,158,2
2026-06-23,601318,13:56:06,50.4900,104,1
2026-06-23,601318,13:56:10,50.4900,179,1
2026-06-23,601318,13:56:13,50.4800,86,2
2026-06-23,601318,13:56:16,50.4800,93,2
2026-06-23,601318,13:56:19,50.4900,381,1
2026-06-23,601318,13:56:22,50.4800,42,2
2026-06-23,601318,13:56:25,50.4900,231,1
2026-06-23,601318,13:56:28,50.4900,198,1
2026-06-23,601318,13:56:30,50.5100,1261,1
2026-06-23,601318,13:56:33,50.5000,150,2
2026-06-23,601318,13:56:37,50.5000,9,2
2026-06-23,601318,13:56:40,50.5000,110,2
2026-06-23,601318,13:56:43,50.5000,44,2
2026-06-23,601318,13:56:46,50.5000,516,2
2026-06-23,601318,13:56:49,50.5000,133,1
2026-06-23,601318,13:56:52,50.5000,204,1
2026-06-23,601318,13:56:55,50.4900,168,1
2026-06-23,601318,13:56:58,50.4900,448,1
2026-06-23,601318,13:57:01,50.4900,138,1
2026-06-23,601318,13:57:04,50.4900,150,1
2026-06-23,601318,13:57:07,50.4900,50,1
2026-06-23,601318,13:57:10,50.4900,137,1
2026-06-23,601318,13:57:13,50.4900,204,1
2026-06-23,601318,13:57:16,50.4900,47,2
2026-06-23,601318,13:57:19,50.5000,35,1
2026-06-23,601318,13:57:22,50.4900,465,2
2026-06-23,601318,13:57:24,50.5000,196,1
2026-06-23,601318,13:57:28,50.5000,41,1
2026-06-23,601318,13:57:31,50.5000,26,1
2026-06-23,601318,13:57:33,50.5000,36,1
2026-06-23,601318,13:57:37,50.5000,26,1
2026-06-23,601318,13:57:40,50.5000,53,1
2026-06-23,601318,13:57:43,50.4900,90,2
2026-06-23,601318,13:57:45,50.4900,159,2
2026-06-23,601318,13:57:48,50.5000,85,1
2026-06-23,601318,13:57:52,50.5000,80,1
2026-06-23,601318,13:57:54,50.5000,168,1
2026-06-23,601318,13:57:58,50.5000,108,1
2026-06-23,601318,13:58:00,50.5100,73,1
2026-06-23,601318,13:58:04,50.5000,187,2
2026-06-23,601318,13:58:07,50.5000,64,1
2026-06-23,601318,13:58:10,50.5000,87,1
2026-06-23,601318,13:58:13,50.5000,188,1
2026-06-23,601318,13:58:16,50.4900,77,2
2026-06-23,601318,13:58:19,50.4900,186,2
2026-06-23,601318,13:58:22,50.4800,299,2
2026-06-23,601318,13:58:25,50.4800,406,2
2026-06-23,601318,13:58:28,50.4800,139,2
2026-06-23,601318,13:58:31,50.4800,442,2
2026-06-23,601318,13:58:34,50.4800,114,1
2026-06-23,601318,13:58:37,50.4800,655,1
2026-06-23,601318,13:58:39,50.4700,149,2
2026-06-23,601318,13:58:42,50.4600,30,2
2026-06-23,601318,13:58:46,50.4700,17,1
2026-06-23,601318,13:58:49,50.4700,963,1
2026-06-23,601318,13:58:52,50.4700,35,1
2026-06-23,601318,13:58:55,50.4700,209,1
2026-06-23,601318,13:58:58,50.4700,48,1
2026-06-23,601318,13:59:01,50.4700,415,1
2026-06-23,601318,13:59:04,50.4500,332,2
2026-06-23,601318,13:59:07,50.4600,116,1
2026-06-23,601318,13:59:10,50.4500,369,2
2026-06-23,601318,13:59:13,50.4500,128,1
2026-06-23,601318,13:59:16,50.4400,205,2
2026-06-23,601318,13:59:19,50.4200,871,2
2026-06-23,601318,13:59:22,50.4200,709,2
2026-06-23,601318,13:59:25,50.4100,578,2
2026-06-23,601318,13:59:27,50.4000,90,2
2026-06-23,601318,13:59:31,50.4100,592,1
2026-06-23,601318,13:59:34,50.4200,3806,1
2026-06-23,601318,13:59:37,50.4300,574,2
2026-06-23,601318,13:59:40,50.4300,66,1
2026-06-23,601318,13:59:43,50.4400,1582,1
2026-06-23,601318,13:59:46,50.4300,195,2
2026-06-23,601318,13:59:49,50.4400,28,1
2026-06-23,601318,13:59:52,50.4400,130,1
2026-06-23,601318,13:59:55,50.4300,41,2
2026-06-23,601318,13:59:58,50.4300,67,2
2026-06-23,601318,14:00:01,50.4400,119,1
2026-06-23,601318,14:00:04,50.4400,993,1
2026-06-23,601318,14:00:06,50.4400,342,2
2026-06-23,601318,14:00:10,50.4400,131,2
2026-06-23,601318,14:00:13,50.4500,71,1
2026-06-23,601318,14:00:16,50.4400,284,2
2026-06-23,601318,14:00:19,50.4500,238,1
2026-06-23,601318,14:00:22,50.4400,107,2
2026-06-23,601318,14:00:25,50.4400,29,2
2026-06-23,601318,14:00:28,50.4400,65,2
2026-06-23,601318,14:00:31,50.4500,33,1
2026-06-23,601318,14:00:34,50.4400,125,2
2026-06-23,601318,14:00:37,50.4500,145,1
2026-06-23,601318,14:00:40,50.4400,221,2
2026-06-23,601318,14:00:43,50.4300,302,2
2026-06-23,601318,14:00:45,50.4300,55,2
2026-06-23,601318,14:00:49,50.4300,203,2
2026-06-23,601318,14:00:52,50.4400,24,1
2026-06-23,601318,14:00:55,50.4300,65,2
2026-06-23,601318,14:00:58,50.4400,49,1
2026-06-23,601318,14:01:01,50.4300,56,2
2026-06-23,601318,14:01:04,50.4300,51,2
2026-06-23,601318,14:01:07,50.4400,422,1
2026-06-23,601318,14:01:10,50.4500,838,1
2026-06-23,601318,14:01:13,50.4500,28,2
2026-06-23,601318,14:01:15,50.4600,22,1
2026-06-23,601318,14:01:18,50.4500,97,2
2026-06-23,601318,14:01:21,50.4600,56,1
2026-06-23,601318,14:01:24,50.4600,65,1
2026-06-23,601318,14:01:27,50.4600,117,1
2026-06-23,601318,14:01:31,50.4600,28,1
2026-06-23,601318,14:01:33,50.4600,158,1
2026-06-23,601318,14:01:37,50.4600,24,2
2026-06-23,601318,14:01:39,50.4700,65,1
2026-06-23,601318,14:01:43,50.4700,131,1
2026-06-23,601318,14:01:45,50.4700,82,1
2026-06-23,601318,14:01:49,50.4700,169,1
2026-06-23,601318,14:01:52,50.4700,52,1
2026-06-23,601318,14:01:55,50.4700,74,1
2026-06-23,601318,14:01:58,50.4600,99,2
2026-06-23,601318,14:02:01,50.4600,88,2
2026-06-23,601318,14:02:04,50.4700,488,1
2026-06-23,601318,14:02:07,50.4600,307,2
2026-06-23,601318,14:02:09,50.4500,260,2
2026-06-23,601318,14:02:12,50.4500,271,2
2026-06-23,601318,14:02:16,50.4500,241,2
2026-06-23,601318,14:02:19,50.4500,262,4
2026-06-23,601318,14:02:22,50.4400,101,2
2026-06-23,601318,14:02:25,50.4300,183,2
2026-06-23,601318,14:02:28,50.4300,211,2
2026-06-23,601318,14:02:31,50.4400,603,1
2026-06-23,601318,14:02:34,50.4400,45,1
2026-06-23,601318,14:02:37,50.4300,185,2
2026-06-23,601318,14:02:40,50.4300,227,1
2026-06-23,601318,14:02:43,50.4300,167,1
2026-06-23,601318,14:02:46,50.4200,235,2
2026-06-23,601318,14:02:49,50.4200,321,1
2026-06-23,601318,14:02:52,50.4000,731,2
2026-06-23,601318,14:02:55,50.4000,646,2
2026-06-23,601318,14:02:58,50.3900,1075,2
2026-06-23,601318,14:03:00,50.3900,496,2
2026-06-23,601318,14:03:04,50.3800,401,2
2026-06-23,601318,14:03:07,50.3800,533,1
2026-06-23,601318,14:03:10,50.3600,296,2
2026-06-23,601318,14:03:13,50.3500,441,2
2026-06-23,601318,14:03:16,50.3400,1045,2
2026-06-23,601318,14:03:19,50.3600,210,1
2026-06-23,601318,14:03:22,50.3600,64,1
2026-06-23,601318,14:03:25,50.3500,197,2
2026-06-23,601318,14:03:28,50.3600,49,1
2026-06-23,601318,14:03:31,50.3600,98,1
2026-06-23,601318,14:03:34,50.3600,241,1
2026-06-23,601318,14:03:37,50.3600,93,2
2026-06-23,601318,14:03:40,50.3600,2064,1
2026-06-23,601318,14:03:43,50.3500,296,2
2026-06-23,601318,14:03:46,50.3600,75,1
2026-06-23,601318,14:03:49,50.3700,225,4
2026-06-23,601318,14:03:52,50.3800,172,1
2026-06-23,601318,14:03:55,50.3700,408,2
2026-06-23,601318,14:03:58,50.3800,109,2
2026-06-23,601318,14:04:01,50.3800,58,1
2026-06-23,601318,14:04:04,50.3900,31,2
2026-06-23,601318,14:04:07,50.3900,141,2
2026-06-23,601318,14:04:10,50.3900,10,1
2026-06-23,601318,14:04:13,50.3900,25,1
2026-06-23,601318,14:04:16,50.3600,118,2
2026-06-23,601318,14:04:19,50.3800,62,1
2026-06-23,601318,14:04:22,50.3700,105,4
2026-06-23,601318,14:04:25,50.3700,35,2
2026-06-23,601318,14:04:28,50.3800,57,2
2026-06-23,601318,14:04:31,50.3900,18,1
2026-06-23,601318,14:04:34,50.3800,59,2
2026-06-23,601318,14:04:37,50.3900,80,1
2026-06-23,601318,14:04:40,50.3900,20,1
2026-06-23,601318,14:04:42,50.3900,37,1
2026-06-23,601318,14:04:45,50.3900,17,1
2026-06-23,601318,14:04:49,50.3900,58,2
2026-06-23,601318,14:04:52,50.3900,20,2
2026-06-23,601318,14:04:55,50.4000,247,1
2026-06-23,601318,14:04:58,50.3900,65,2
2026-06-23,601318,14:05:01,50.4000,182,1
2026-06-23,601318,14:05:04,50.4100,72,1
2026-06-23,601318,14:05:07,50.4000,72,2
2026-06-23,601318,14:05:10,50.4100,144,1
2026-06-23,601318,14:05:13,50.4100,48,1
2026-06-23,601318,14:05:16,50.4100,75,1
2026-06-23,601318,14:05:19,50.4100,38,1
2026-06-23,601318,14:05:22,50.4100,55,1
2026-06-23,601318,14:05:25,50.4100,55,2
2026-06-23,601318,14:05:28,50.4100,45,2
2026-06-23,601318,14:05:31,50.3600,1914,2
2026-06-23,601318,14:05:34,50.3400,501,2
2026-06-23,601318,14:05:37,50.3600,74,1
2026-06-23,601318,14:05:40,50.3400,162,2
2026-06-23,601318,14:05:43,50.3500,29,2
2026-06-23,601318,14:05:46,50.3600,1987,1
2026-06-23,601318,14:05:49,50.4000,84,1
2026-06-23,601318,14:05:52,50.3800,175,2
2026-06-23,601318,14:05:55,50.4000,57,1
2026-06-23,601318,14:05:58,50.4000,32,1
2026-06-23,601318,14:06:01,50.3900,41,2
2026-06-23,601318,14:06:04,50.3700,215,2
2026-06-23,601318,14:06:07,50.3900,35,1
2026-06-23,601318,14:06:10,50.3800,25,2
2026-06-23,601318,14:06:13,50.3800,124,2
2026-06-23,601318,14:06:16,50.3900,52,1
2026-06-23,601318,14:06:19,50.3800,10,2
2026-06-23,601318,14:06:22,50.3900,2,1
2026-06-23,601318,14:06:25,50.3900,20,1
2026-06-23,601318,14:06:28,50.3900,42,1
2026-06-23,601318,14:06:31,50.3900,269,1
2026-06-23,601318,14:06:34,50.4000,533,1
2026-06-23,601318,14:06:37,50.4000,168,1
2026-06-23,601318,14:06:40,50.3900,45,2
2026-06-23,601318,14:06:43,50.4000,24,4
2026-06-23,601318,14:06:46,50.4000,52,2
2026-06-23,601318,14:06:48,50.3800,383,2
2026-06-23,601318,14:06:52,50.3600,428,2
2026-06-23,601318,14:06:55,50.3500,335,2
2026-06-23,601318,14:06:58,50.3000,974,2
2026-06-23,601318,14:07:01,50.3100,412,1
2026-06-23,601318,14:07:03,50.3100,281,1
2026-06-23,601318,10:56:58,51.1500,62,1
2026-06-23,601318,10:57:01,51.1500,27,1
2026-06-23,601318,10:57:04,51.1700,58,1
2026-06-23,601318,10:57:07,51.1500,38,2
2026-06-23,601318,10:57:10,51.1600,37,4
2026-06-23,601318,10:57:13,51.1900,48,1
2026-06-23,601318,10:57:16,51.1900,13,1
2026-06-23,601318,10:57:19,51.1900,57,1
2026-06-23,601318,10:57:22,51.1800,105,2
2026-06-23,601318,10:57:25,51.1600,211,2
2026-06-23,601318,10:57:27,51.1600,84,2
2026-06-23,601318,10:57:31,51.1400,30,2
2026-06-23,601318,10:57:34,51.1400,41,1
2026-06-23,601318,10:57:37,51.1400,41,1
2026-06-23,601318,10:57:39,51.1300,108,2
2026-06-23,601318,10:57:43,51.1400,73,1
2026-06-23,601318,10:57:45,51.1300,54,4
2026-06-23,601318,10:57:49,51.1300,2,1
2026-06-23,601318,10:57:52,51.1200,47,2
2026-06-23,601318,10:57:55,51.1300,8,4
2026-06-23,601318,10:57:58,51.1400,159,1
2026-06-23,601318,10:58:01,51.1300,66,2
2026-06-23,601318,10:58:04,51.1300,59,2
2026-06-23,601318,10:58:07,51.1400,271,1
2026-06-23,601318,10:58:10,51.1300,151,2
2026-06-23,601318,10:58:13,51.1300,66,2
2026-06-23,601318,10:58:16,51.1400,68,1
2026-06-23,601318,10:58:19,51.1400,7,1
2026-06-23,601318,10:58:22,51.1300,61,2
2026-06-23,601318,10:58:25,51.1300,66,2
2026-06-23,601318,10:58:28,51.1300,39,2
2026-06-23,601318,10:58:31,51.1200,18,2
2026-06-23,601318,10:58:34,51.1100,58,2
2026-06-23,601318,10:58:37,51.1100,74,2
2026-06-23,601318,10:58:40,51.1100,65,1
2026-06-23,601318,10:58:43,51.1000,100,2
2026-06-23,601318,10:58:46,51.1000,84,1
2026-06-23,601318,10:58:49,51.0900,51,2
2026-06-23,601318,10:58:52,51.0900,169,2
2026-06-23,601318,10:58:55,51.0800,116,2
2026-06-23,601318,10:58:58,51.0800,86,2
2026-06-23,601318,10:59:01,51.0700,130,2
2026-06-23,601318,10:59:04,51.0700,101,1
2026-06-23,601318,10:59:07,51.0400,272,2
2026-06-23,601318,10:59:10,51.0600,56,1
2026-06-23,601318,10:59:13,51.0600,70,1
2026-06-23,601318,10:59:16,51.0700,66,1
2026-06-23,601318,10:59:19,51.0500,82,2
2026-06-23,601318,10:59:22,51.0700,290,1
2026-06-23,601318,10:59:25,51.0700,286,2
2026-06-23,601318,10:59:28,51.0700,17,2
2026-06-23,601318,10:59:31,51.0800,93,1
2026-06-23,601318,10:59:34,51.0800,15,2
2026-06-23,601318,10:59:36,51.0900,54,1
2026-06-23,601318,10:59:40,51.0900,99,1
2026-06-23,601318,10:59:43,51.0800,115,2
2026-06-23,601318,10:59:46,51.0800,16,1
2026-06-23,601318,10:59:49,51.0800,105,1
2026-06-23,601318,10:59:52,51.0800,95,1
2026-06-23,601318,10:59:55,51.0800,36,2
2026-06-23,601318,10:59:58,51.0800,87,2
2026-06-23,601318,11:00:01,51.0800,92,1
2026-06-23,601318,11:00:04,51.0800,15,1
2026-06-23,601318,11:00:07,51.0800,32,1
2026-06-23,601318,11:00:10,51.0700,56,2
2026-06-23,601318,11:00:12,51.0700,83,2
2026-06-23,601318,11:00:16,51.0600,104,2
2026-06-23,601318,11:00:19,51.0600,301,2
2026-06-23,601318,11:00:22,51.0400,84,2
2026-06-23,601318,11:00:25,51.0400,108,2
2026-06-23,601318,11:00:28,51.0300,198,2
2026-06-23,601318,11:00:31,51.0300,137,2
2026-06-23,601318,11:00:34,51.0300,309,2
2026-06-23,601318,11:00:37,51.0400,630,1
2026-06-23,601318,11:00:40,51.0600,44,1
2026-06-23,601318,11:00:43,51.1000,394,1
2026-06-23,601318,11:00:46,51.1000,84,1
2026-06-23,601318,11:00:49,51.1100,33,1
2026-06-23,601318,11:00:52,51.1000,48,2
2026-06-23,601318,11:00:55,51.1000,63,2
2026-06-23,601318,11:00:57,51.1100,18,4
2026-06-23,601318,11:01:01,51.1000,6,2
2026-06-23,601318,11:01:04,51.1100,26,2
2026-06-23,601318,11:01:07,51.1200,119,1
2026-06-23,601318,11:01:10,51.1300,413,1
2026-06-23,601318,11:01:13,51.1300,117,2
2026-06-23,601318,11:01:16,51.1200,21,2
2026-06-23,601318,11:01:19,51.1300,62,1
2026-06-23,601318,11:01:22,51.1300,76,2
2026-06-23,601318,11:01:25,51.1300,1,1
2026-06-23,601318,11:01:28,51.1200,5,2
2026-06-23,601318,11:01:31,51.1200,217,2
2026-06-23,601318,11:01:34,51.1100,55,2
2026-06-23,601318,11:01:37,51.1200,15,1
2026-06-23,601318,11:01:40,51.1200,43,1
2026-06-23,601318,11:01:43,51.1200,11,2
2026-06-23,601318,11:01:46,51.1300,4,1
2026-06-23,601318,11:01:49,51.1300,60,1
2026-06-23,601318,11:01:52,51.1200,22,2
2026-06-23,601318,11:01:55,51.1200,87,2
2026-06-23,601318,11:01:58,51.1200,58,2
2026-06-23,601318,11:02:01,51.1100,75,2
2026-06-23,601318,11:02:04,51.1100,432,1
2026-06-23,601318,11:02:07,51.1200,62,1
2026-06-23,601318,11:02:10,51.1200,131,1
2026-06-23,601318,11:02:13,51.1100,251,2
2026-06-23,601318,11:02:16,51.1200,134,2
2026-06-23,601318,11:02:19,51.1100,46,2
2026-06-23,601318,11:02:22,51.1100,20,1
2026-06-23,601318,11:02:25,51.1100,41,2
2026-06-23,601318,11:02:27,51.1100,16,2
2026-06-23,601318,11:02:30,51.1200,10,1
2026-06-23,601318,11:02:34,51.1100,86,2
2026-06-23,601318,11:02:37,51.1000,47,2
2026-06-23,601318,11:02:40,51.1000,9,2
2026-06-23,601318,11:02:43,51.1000,85,2
2026-06-23,601318,11:02:45,51.1000,20,1
2026-06-23,601318,11:02:49,51.1000,69,1
2026-06-23,601318,11:02:52,51.1000,54,2
2026-06-23,601318,11:02:55,51.1000,47,2
2026-06-23,601318,11:02:57,51.0700,157,2
2026-06-23,601318,11:03:01,51.0600,128,2
2026-06-23,601318,11:03:04,51.0600,98,2
2026-06-23,601318,11:03:07,51.0500,75,4
2026-06-23,601318,11:03:10,51.0500,651,1
2026-06-23,601318,11:03:13,51.0700,165,1
2026-06-23,601318,11:03:16,51.0800,54,1
2026-06-23,601318,11:03:19,51.0700,39,2
2026-06-23,601318,11:03:21,51.0700,83,2
2026-06-23,601318,11:03:25,51.0700,65,2
2026-06-23,601318,11:03:28,51.0800,36,1
2026-06-23,601318,11:03:31,51.0700,56,4
2026-06-23,601318,11:03:34,51.0800,51,1
2026-06-23,601318,11:03:37,51.0700,55,2
2026-06-23,601318,11:03:40,51.0800,49,1
2026-06-23,601318,11:03:43,51.0700,119,2
2026-06-23,601318,11:03:46,51.0700,21,1
2026-06-23,601318,11:03:49,51.0700,102,1
2026-06-23,601318,11:03:52,51.0500,56,2
2026-06-23,601318,11:03:55,51.0400,117,2
2026-06-23,601318,11:03:57,51.0300,80,2
2026-06-23,601318,11:04:01,51.0200,212,2
2026-06-23,601318,11:04:04,51.0300,82,4
2026-06-23,601318,11:04:07,51.0400,28,1
2026-06-23,601318,11:04:10,51.0300,54,2
2026-06-23,601318,11:04:13,51.0400,109,1
2026-06-23,601318,11:04:16,51.0300,77,2
2026-06-23,601318,11:04:19,51.0300,69,2
2026-06-23,601318,11:04:22,51.0300,42,1
2026-06-23,601318,11:04:25,51.0200,148,2
2026-06-23,601318,11:04:28,51.0200,53,2
2026-06-23,601318,11:04:31,51.0200,189,1
2026-06-23,601318,11:04:34,51.0300,61,1
2026-06-23,601318,11:04:37,51.0200,32,2
2026-06-23,601318,11:04:40,51.0300,53,1
2026-06-23,601318,11:04:43,51.0300,65,1
2026-06-23,601318,11:04:46,51.0200,59,2
2026-06-23,601318,11:04:49,51.0200,750,2
2026-06-23,601318,11:04:51,51.0300,125,2
2026-06-23,601318,11:04:55,51.0300,90,1
2026-06-23,601318,11:04:58,51.0300,58,2
2026-06-23,601318,11:05:01,51.0400,106,1
2026-06-23,601318,11:05:04,51.0300,110,2
2026-06-23,601318,11:05:07,51.0300,83,2
2026-06-23,601318,11:05:10,51.0300,444,2
2026-06-23,601318,11:05:13,51.0100,68,2
2026-06-23,601318,11:05:16,51.0200,33,4
2026-06-23,601318,11:05:19,51.0100,23,2
2026-06-23,601318,11:05:22,51.0100,100,2
2026-06-23,601318,11:05:25,51.0100,26,2
2026-06-23,601318,11:05:28,51.0200,192,2
2026-06-23,601318,11:05:31,51.0300,29,1
2026-06-23,601318,11:05:34,51.0200,57,2
2026-06-23,601318,11:05:37,51.0400,68,1
2026-06-23,601318,11:05:40,51.0400,69,1
2026-06-23,601318,11:05:42,51.0300,143,2
2026-06-23,601318,11:05:46,51.0200,32,2
2026-06-23,601318,11:05:49,51.0400,232,1
2026-06-23,601318,11:05:52,51.0300,30,1
2026-06-23,601318,11:05:55,51.0500,338,1
2026-06-23,601318,11:05:58,51.0500,12,2
2026-06-23,601318,11:06:00,51.0600,104,1
2026-06-23,601318,11:06:03,51.0900,197,1
2026-06-23,601318,11:06:07,51.0700,375,2
2026-06-23,601318,11:06:10,51.1000,191,1
2026-06-23,601318,11:06:13,51.0700,58,2
2026-06-23,601318,11:06:16,51.0700,42,2
2026-06-23,601318,11:06:19,51.0600,107,2
2026-06-23,601318,11:06:22,51.0600,46,2
2026-06-23,601318,11:06:25,51.0500,33,2
2026-06-23,601318,11:06:28,51.0600,4,1
2026-06-23,601318,11:06:31,51.0600,47,1
2026-06-23,601318,11:06:34,51.0300,184,2
2026-06-23,601318,11:06:37,51.0200,165,2
2026-06-23,601318,11:06:40,51.0200,175,2
2026-06-23,601318,11:06:43,51.0100,267,2
2026-06-23,601318,11:06:46,51.0200,31,1
2026-06-23,601318,11:06:49,51.0200,144,1
2026-06-23,601318,11:06:52,51.0100,68,2
2026-06-23,601318,11:06:54,51.0100,257,2
2026-06-23,601318,11:06:58,51.0000,66,2
2026-06-23,601318,11:07:01,51.0000,1275,2
2026-06-23,601318,11:07:04,51.0000,1475,2
2026-06-23,601318,11:07:07,51.0000,261,2
2026-06-23,601318,11:07:10,51.0000,86,2
2026-06-23,601318,11:07:13,51.0100,54,1
2026-06-23,601318,11:07:15,51.0000,921,2
2026-06-23,601318,11:07:19,50.9700,323,2
2026-06-23,601318,11:07:21,51.0000,680,1
2026-06-23,601318,11:07:25,50.9800,244,2
2026-06-23,601318,11:07:28,51.0100,56,1
2026-06-23,601318,11:07:31,51.0100,29,2
2026-06-23,601318,11:07:34,51.0200,70,1
2026-06-23,601318,11:07:37,51.0100,64,2
2026-06-23,601318,11:07:40,51.0100,40,2
2026-06-23,601318,11:07:43,51.0000,119,2
2026-06-23,601318,11:07:46,51.0000,83,2
2026-06-23,601318,11:07:48,51.0000,44,1
2026-06-23,601318,11:07:52,50.9900,102,2
2026-06-23,601318,11:07:55,50.9900,66,2
2026-06-23,601318,11:07:58,50.9900,1,1
2026-06-23,601318,11:08:01,50.9500,546,2
2026-06-23,601318,11:08:04,50.9600,57,1
2026-06-23,601318,11:08:07,50.9600,241,1
2026-06-23,601318,11:08:10,50.9600,95,1
2026-06-23,601318,11:08:13,50.9500,48,2
2026-06-23,601318,11:08:16,50.9500,43,1
2026-06-23,601318,11:08:19,50.9500,72,1
2026-06-23,601318,11:08:22,50.9300,334,2
2026-06-23,601318,11:08:25,50.9200,472,2
2026-06-23,601318,11:08:28,50.9100,81,2
2026-06-23,601318,11:08:31,50.9200,291,1
2026-06-23,601318,11:08:34,50.9300,148,1
2026-06-23,601318,11:08:37,50.9300,35,2
2026-06-23,601318,11:08:40,50.9400,97,1
2026-06-23,601318,11:08:43,50.9300,64,2
2026-06-23,601318,11:08:46,50.9300,48,1
2026-06-23,601318,11:08:49,50.9300,165,1
2026-06-23,601318,11:08:52,50.9300,49,1
2026-06-23,601318,11:08:55,50.9300,158,1
2026-06-23,601318,11:08:58,50.9300,30,2
2026-06-23,601318,11:09:01,50.9300,129,2
2026-06-23,601318,11:09:04,50.9300,188,1
2026-06-23,601318,11:09:07,50.9400,31,1
2026-06-23,601318,11:09:10,50.9300,81,2
2026-06-23,601318,11:09:13,50.9300,210,4
2026-06-23,601318,11:09:16,50.9400,1257,1
2026-06-23,601318,11:09:19,50.9400,53,1
2026-06-23,601318,11:09:22,50.9300,31,2
2026-06-23,601318,11:09:25,50.9300,38,2
2026-06-23,601318,11:09:28,50.9400,151,1
2026-06-23,601318,11:09:31,50.9500,169,1
2026-06-23,601318,11:09:34,50.9500,249,1
2026-06-23,601318,11:09:37,50.9600,42,4
2026-06-23,601318,11:09:40,50.9700,155,1
2026-06-23,601318,11:09:43,50.9600,84,2
2026-06-23,601318,11:09:46,50.9600,122,1
2026-06-23,601318,11:09:49,50.9800,86,1
2026-06-23,601318,11:09:52,51.0100,165,1
2026-06-23,601318,11:09:55,51.0600,68,1
2026-06-23,601318,11:09:58,51.0700,111,1
2026-06-23,601318,11:10:01,51.0600,103,2
2026-06-23,601318,11:10:04,51.0800,82,1
2026-06-23,601318,11:10:06,51.0800,175,4
2026-06-23,601318,11:10:10,51.0900,39,1
2026-06-23,601318,11:10:13,51.0800,152,2
2026-06-23,601318,11:10:16,51.0800,125,1
2026-06-23,601318,11:10:19,51.0500,45,2
2026-06-23,601318,11:10:21,51.0700,17,1
2026-06-23,601318,11:10:25,51.0600,120,1
2026-06-23,601318,11:10:27,51.0500,79,4
2026-06-23,601318,11:10:31,51.0200,103,2
2026-06-23,601318,11:10:34,51.0200,91,2
2026-06-23,601318,11:10:37,51.0300,14,1
2026-06-23,601318,11:10:40,51.0300,141,1
2026-06-23,601318,11:10:43,51.0300,87,2
2026-06-23,601318,11:10:46,51.0300,97,2
2026-06-23,601318,11:10:49,51.0000,306,2
2026-06-23,601318,11:10:52,51.0100,86,2
2026-06-23,601318,11:10:54,50.9900,75,2
2026-06-23,601318,11:10:58,50.9800,96,4
2026-06-23,601318,11:11:01,50.9800,22,1
2026-06-23,601318,11:11:04,50.9800,55,2
2026-06-23,601318,11:11:07,50.9800,58,2
2026-06-23,601318,11:11:09,50.9700,81,2
2026-06-23,601318,11:11:13,50.9600,129,2
2026-06-23,601318,11:11:16,50.9600,42,2
2026-06-23,601318,11:11:19,50.9600,87,2
2026-06-23,601318,11:11:22,50.9600,32,2
2026-06-23,601318,11:11:25,50.9600,11,2
2026-06-23,601318,11:11:28,50.9600,176,2
2026-06-23,601318,11:11:31,50.9700,215,1
2026-06-23,601318,11:11:34,50.9900,150,1
2026-06-23,601318,11:11:37,50.9900,182,1
2026-06-23,601318,11:11:40,51.0000,13,1
2026-06-23,601318,11:11:43,51.0100,124,1
2026-06-23,601318,11:11:46,51.0000,24,2
2026-06-23,601318,11:11:49,51.0100,57,1
2026-06-23,601318,11:11:52,51.0100,39,1
2026-06-23,601318,11:11:55,51.0200,69,1
2026-06-23,601318,11:11:58,51.0200,125,1
2026-06-23,601318,11:12:00,51.0200,20,1
2026-06-23,601318,11:12:04,51.0200,59,1
2026-06-23,601318,11:12:07,51.0200,20,1
2026-06-23,601318,11:12:10,51.0100,43,2
2026-06-23,601318,11:12:13,51.0200,46,1
2026-06-23,601318,11:12:16,51.0000,39,2
2026-06-23,601318,11:12:19,51.0000,181,2
2026-06-23,601318,11:12:22,51.0100,1641,1
2026-06-23,601318,11:12:25,51.0000,369,2
2026-06-23,601318,11:12:27,51.0100,258,1
2026-06-23,601318,11:12:31,51.0200,14,4
2026-06-23,601318,11:12:34,51.0200,18,2
2026-06-23,601318,11:12:37,51.0000,437,2
2026-06-23,601318,11:12:40,51.0000,10,1
2026-06-23,601318,11:12:43,51.0000,199,1
2026-06-23,601318,11:12:46,50.9800,204,2
2026-06-23,601318,11:12:49,50.9600,148,2
2026-06-23,601318,11:12:52,50.9500,604,2
2026-06-23,601318,11:12:55,50.9600,379,2
2026-06-23,601318,11:12:58,50.9600,24,2
2026-06-23,601318,11:13:01,50.9600,26,2
2026-06-23,601318,11:13:04,50.9700,44,1
2026-06-23,601318,11:13:07,50.9800,145,1
2026-06-23,601318,11:13:10,50.9600,138,2
2026-06-23,601318,11:13:13,50.9600,6,2
2026-06-23,601318,11:13:16,50.9800,18,1
2026-06-23,601318,11:13:19,50.9700,150,2
2026-06-23,601318,11:13:22,51.0000,326,1
2026-06-23,601318,11:13:25,51.0000,17,2
2026-06-23,601318,11:13:28,51.0000,18,2
2026-06-23,601318,11:13:31,51.0100,5,1
2026-06-23,601318,11:13:33,51.0100,76,1
2026-06-23,601318,11:13:37,51.0100,20,1
2026-06-23,601318,11:13:39,51.0100,43,1
2026-06-23,601318,11:13:43,51.0000,29,1
2026-06-23,601318,11:13:46,51.0000,50,1
2026-06-23,601318,11:13:49,50.9800,54,2
2026-06-23,601318,11:13:52,50.9900,76,1
2026-06-23,601318,11:13:55,50.9900,118,1
2026-06-23,601318,11:13:57,50.9700,207,2
2026-06-23,601318,11:14:01,50.9800,11,2
2026-06-23,601318,11:14:04,50.9600,21,2
2026-06-23,601318,11:14:07,50.9700,4,2
2026-06-23,601318,11:14:10,50.9700,151,2
2026-06-23,601318,11:14:13,50.9600,40,2
2026-06-23,601318,11:14:16,50.9600,106,2
2026-06-23,601318,11:14:19,50.9200,293,2
2026-06-23,601318,11:14:22,50.9200,139,2
2026-06-23,601318,11:14:25,50.9200,1409,2
2026-06-23,601318,11:14:28,50.9100,24,2
2026-06-23,601318,11:14:31,50.9200,99,2
2026-06-23,601318,11:14:34,50.9300,124,1
2026-06-23,601318,11:14:37,50.9300,37,1
2026-06-23,601318,11:14:40,50.9300,1088,1
2026-06-23,601318,11:14:43,50.9200,81,2
2026-06-23,601318,11:14:46,50.9200,43,2
2026-06-23,601318,11:14:49,50.9400,235,1
2026-06-23,601318,11:14:52,50.9600,186,1
2026-06-23,601318,11:14:55,50.9500,114,2
2026-06-23,601318,11:14:58,50.9600,66,4
2026-06-23,601318,11:15:01,50.9500,44,2
2026-06-23,601318,11:15:04,50.9300,113,2
2026-06-23,601318,11:15:07,50.9300,1,4
2026-06-23,601318,11:15:10,50.9300,191,1
2026-06-23,601318,11:15:13,50.9100,40,2
2026-06-23,601318,11:15:15,50.9100,47,2
2026-06-23,601318,11:15:19,50.9300,83,1
2026-06-23,601318,11:15:22,50.9400,106,1
2026-06-23,601318,11:15:25,50.9300,186,2
2026-06-23,601318,11:15:28,50.9400,40,1
2026-06-23,601318,11:15:31,50.9300,137,2
2026-06-23,601318,11:15:34,50.9500,180,1
2026-06-23,601318,11:15:37,50.9600,45,1
2026-06-23,601318,11:15:40,50.9500,42,2
2026-06-23,601318,11:15:43,50.9600,23,1
2026-06-23,601318,11:15:46,50.9600,62,1
2026-06-23,601318,11:15:49,50.9600,145,2
2026-06-23,601318,11:15:52,50.9600,76,4
2026-06-23,601318,11:15:55,50.9600,72,2
2026-06-23,601318,11:15:58,50.9600,25,2
2026-06-23,601318,11:16:01,50.9600,115,2
2026-06-23,601318,11:16:04,50.9700,13,2
2026-06-23,601318,11:16:07,50.9700,46,2
2026-06-23,601318,11:16:10,50.9800,79,1
2026-06-23,601318,11:16:13,50.9800,105,1
2026-06-23,601318,11:16:16,50.9700,91,2
2026-06-23,601318,11:16:19,50.9700,40,1
2026-06-23,601318,11:16:22,50.9700,26,1
2026-06-23,601318,11:16:25,50.9700,62,1
2026-06-23,601318,11:16:28,50.9600,138,2
2026-06-23,601318,11:16:31,50.9400,57,2
2026-06-23,601318,11:16:34,50.9600,93,1
2026-06-23,601318,11:16:37,50.9700,269,1
2026-06-23,601318,11:16:40,50.9700,12,2
2026-06-23,601318,11:16:42,50.9700,544,2
2026-06-23,601318,11:16:46,50.9700,178,2
2026-06-23,601318,11:16:49,50.9700,36,1
2026-06-23,601318,11:16:52,50.9700,57,1
2026-06-23,601318,11:16:55,50.9700,17,1
2026-06-23,601318,11:16:58,50.9800,53,1
2026-06-23,601318,11:17:01,50.9800,176,1
2026-06-23,601318,11:17:04,50.9800,149,1
2026-06-23,601318,11:17:07,50.9800,127,1
2026-06-23,601318,11:17:10,50.9900,13,1
2026-06-23,601318,11:17:13,50.9900,50,1
2026-06-23,601318,11:17:16,50.9900,41,1
