date,code,time,price,volume,bs
2026-04-20,000858,14:05:03,101.3800,7,2
2026-04-20,000858,14:05:06,101.3800,7,2
2026-04-20,000858,14:05:12,101.3800,3,2
2026-04-20,000858,14:05:15,101.3800,3,2
2026-04-20,000858,14:05:18,101.3800,18,2
2026-04-20,000858,14:05:21,101.3800,10,1
2026-04-20,000858,14:05:24,101.3900,8,1
2026-04-20,000858,14:05:27,101.3800,3,2
2026-04-20,000858,14:05:30,101.3800,2,2
2026-04-20,000858,14:05:33,101.3900,2,1
2026-04-20,000858,14:05:36,101.3800,5,2
2026-04-20,000858,14:05:39,101.3800,1,2
2026-04-20,000858,14:05:42,101.3800,26,2
2026-04-20,000858,14:05:45,101.3900,2,1
2026-04-20,000858,14:05:48,101.3800,31,2
2026-04-20,000858,14:05:51,101.3800,8,2
2026-04-20,000858,14:05:54,101.3800,15,2
2026-04-20,000858,14:05:57,101.3900,1,1
2026-04-20,000858,14:06:00,101.3900,7,1
2026-04-20,000858,14:06:03,101.3800,36,2
2026-04-20,000858,14:06:06,101.3800,11,1
2026-04-20,000858,14:06:09,101.3800,24,1
2026-04-20,000858,14:06:12,101.3900,13,1
2026-04-20,000858,14:06:15,101.3900,10,1
2026-04-20,000858,14:06:18,101.3800,25,2
2026-04-20,000858,14:06:21,101.3700,2,2
2026-04-20,000858,14:06:24,101.3800,2,1
2026-04-20,000858,14:06:27,101.3700,4,2
2026-04-20,000858,14:06:30,101.3800,2,1
2026-04-20,000858,14:06:33,101.3700,8,2
2026-04-20,000858,14:06:36,101.3600,76,2
2026-04-20,000858,14:06:39,101.3700,25,1
2026-04-20,000858,14:06:42,101.3700,45,1
2026-04-20,000858,14:06:45,101.3600,17,2
2026-04-20,000858,14:06:48,101.3600,26,2
2026-04-20,000858,14:06:51,101.3600,17,2
2026-04-20,000858,14:06:54,101.3600,19,2
2026-04-20,000858,14:06:57,101.3600,2,2
2026-04-20,000858,14:07:00,101.3600,49,2
2026-04-20,000858,14:07:03,101.3600,40,2
2026-04-20,000858,14:07:06,101.3600,12,2
2026-04-20,000858,14:07:09,101.3700,5,1
2026-04-20,000858,14:07:12,101.3700,1,1
2026-04-20,000858,14:07:15,101.3600,5,2
2026-04-20,000858,14:07:18,101.3700,21,1
2026-04-20,000858,14:07:21,101.3600,4,2
2026-04-20,000858,14:07:24,101.3600,3,2
2026-04-20,000858,14:07:27,101.3600,45,2
2026-04-20,000858,14:07:30,101.3600,2,2
2026-04-20,000858,14:07:33,101.3600,10,2
2026-04-20,000858,14:07:36,101.3700,91,1
2026-04-20,000858,14:07:39,101.3700,1,2
2026-04-20,000858,14:07:42,101.3800,1,1
2026-04-20,000858,14:07:45,101.3700,12,2
2026-04-20,000858,14:07:48,101.3700,19,2
2026-04-20,000858,14:07:51,101.3600,40,2
2026-04-20,000858,14:07:54,101.3700,1,4
2026-04-20,000858,14:07:57,101.3700,2,2
2026-04-20,000858,14:08:03,101.3700,5,2
2026-04-20,000858,14:08:06,101.3700,2,1
2026-04-20,000858,14:08:09,101.3700,7,1
2026-04-20,000858,14:08:12,101.3700,2,1
2026-04-20,000858,14:08:15,101.3700,3,1
2026-04-20,000858,14:08:18,101.3700,19,1
2026-04-20,000858,14:08:21,101.3600,17,2
2026-04-20,000858,14:08:24,101.3600,13,2
2026-04-20,000858,14:08:27,101.3700,8,1
2026-04-20,000858,14:08:30,101.3700,8,2
2026-04-20,000858,14:08:33,101.3700,3,2
2026-04-20,000858,14:08:36,101.3700,14,2
2026-04-20,000858,14:08:39,101.3800,13,1
2026-04-20,000858,14:08:42,101.3800,2,1
2026-04-20,000858,14:08:45,101.3800,1,1
2026-04-20,000858,14:08:48,101.3700,6,2
2026-04-20,000858,14:08:54,101.3600,6,2
2026-04-20,000858,14:08:57,101.3600,11,2
2026-04-20,000858,14:09:00,101.3700,8,1
2026-04-20,000858,14:09:03,101.3700,12,2
2026-04-20,000858,14:09:06,101.3800,20,1
2026-04-20,000858,14:09:12,101.3700,5,2
2026-04-20,000858,14:09:18,101.3700,37,2
2026-04-20,000858,14:09:21,101.3700,3,4
2026-04-20,000858,14:09:24,101.3600,6,2
2026-04-20,000858,14:09:27,101.3600,16,2
2026-04-20,000858,14:09:30,101.3600,6,2
2026-04-20,000858,14:09:33,101.3800,5,1
2026-04-20,000858,14:09:36,101.3600,16,2
2026-04-20,000858,14:09:39,101.3700,9,1
2026-04-20,000858,14:09:42,101.3600,16,2
2026-04-20,000858,14:09:45,101.3700,18,1
2026-04-20,000858,14:09:48,101.3700,27,1
2026-04-20,000858,14:09:51,101.3600,1,2
2026-04-20,000858,14:09:54,101.3600,9,2
2026-04-20,000858,14:09:57,101.3600,6,2
2026-04-20,000858,14:10:00,101.3600,10,2
2026-04-20,000858,14:10:03,101.3600,3,2
2026-04-20,000858,14:10:06,101.3700,10,1
2026-04-20,000858,14:10:09,101.3700,9,1
2026-04-20,000858,14:10:15,101.3600,70,2
2026-04-20,000858,14:10:18,101.3600,3,2
2026-04-20,000858,14:10:21,101.3600,8,1
2026-04-20,000858,14:10:24,101.3700,6,1
2026-04-20,000858,14:10:27,101.3700,5,1
2026-04-20,000858,14:10:30,101.3700,8,1
2026-04-20,000858,14:10:33,101.3500,9,2
2026-04-20,000858,14:10:39,101.3700,6,1
2026-04-20,000858,14:10:42,101.3600,3,2
2026-04-20,000858,14:10:45,101.3700,4,1
2026-04-20,000858,14:10:48,101.3600,17,2
2026-04-20,000858,14:10:51,101.3600,10,1
2026-04-20,000858,14:10:54,101.3700,8,1
2026-04-20,000858,14:10:57,101.3700,3,1
2026-04-20,000858,14:11:00,101.3600,18,2
2026-04-20,000858,14:11:03,101.3600,36,2
2026-04-20,000858,14:11:06,101.3600,11,1
2026-04-20,000858,14:11:09,101.3700,6,1
2026-04-20,000858,14:11:12,101.3500,18,2
2026-04-20,000858,14:11:15,101.3500,4,2
2026-04-20,000858,14:11:18,101.3600,14,2
2026-04-20,000858,14:11:21,101.3500,8,2
2026-04-20,000858,14:11:24,101.3600,3,1
2026-04-20,000858,14:11:27,101.3500,14,2
2026-04-20,000858,14:11:30,101.3600,2,1
2026-04-20,000858,14:11:33,101.3500,37,2
2026-04-20,000858,14:11:36,101.3600,4,1
2026-04-20,000858,14:11:39,101.3600,22,1
2026-04-20,000858,14:11:42,101.3600,14,1
2026-04-20,000858,14:11:45,101.3600,5,2
2026-04-20,000858,14:11:48,101.3600,19,2
2026-04-20,000858,14:11:51,101.3600,6,2
2026-04-20,000858,14:11:54,101.3700,1,1
2026-04-20,000858,14:12:00,101.3700,6,1
2026-04-20,000858,14:12:03,101.3700,4,1
2026-04-20,000858,14:12:06,101.3600,2,2
2026-04-20,000858,14:12:09,101.3600,2,2
2026-04-20,000858,14:12:12,101.3700,1,1
2026-04-20,000858,14:12:15,101.3700,11,1
2026-04-20,000858,14:12:18,101.3700,23,1
2026-04-20,000858,14:12:21,101.3600,4,2
2026-04-20,000858,14:12:24,101.3700,1,1
2026-04-20,000858,14:12:27,101.3700,30,1
2026-04-20,000858,14:12:30,101.3700,19,2
2026-04-20,000858,14:12:33,101.3700,1,1
2026-04-20,000858,14:12:36,101.3700,1,1
2026-04-20,000858,14:12:39,101.3700,6,1
2026-04-20,000858,14:12:42,101.3600,4,2
2026-04-20,000858,14:12:45,101.3600,4,2
2026-04-20,000858,14:12:48,101.3500,43,2
2026-04-20,000858,14:12:51,101.3600,22,1
2026-04-20,000858,14:12:54,101.3600,3,2
2026-04-20,000858,14:12:57,101.3700,14,1
2026-04-20,000858,14:13:00,101.3700,6,1
2026-04-20,000858,14:13:03,101.3700,27,2
2026-04-20,000858,14:13:06,101.3700,3,1
2026-04-20,000858,14:13:09,101.3700,7,1
2026-04-20,000858,14:13:12,101.3600,18,2
2026-04-20,000858,14:13:15,101.3500,14,2
2026-04-20,000858,14:13:18,101.3600,21,1
2026-04-20,000858,14:13:21,101.3600,8,1
2026-04-20,000858,14:13:24,101.3600,2,2
2026-04-20,000858,14:13:27,101.3600,2,2
2026-04-20,000858,14:13:30,101.3600,13,2
2026-04-20,000858,14:13:33,101.3600,7,2
2026-04-20,000858,14:13:36,101.3600,11,2
2026-04-20,000858,14:13:39,101.3600,10,2
2026-04-20,000858,14:13:42,101.3600,6,2
2026-04-20,000858,14:13:45,101.3700,6,1
2026-04-20,000858,14:13:48,101.3700,25,1
2026-04-20,000858,14:13:51,101.3600,3,2
2026-04-20,000858,14:13:54,101.3700,15,1
2026-04-20,000858,14:13:57,101.3700,45,2
2026-04-20,000858,14:14:00,101.3700,145,2
2026-04-20,000858,14:14:03,101.3600,29,2
2026-04-20,000858,14:14:06,101.3600,3,2
2026-04-20,000858,14:14:09,101.3500,37,2
2026-04-20,000858,14:14:12,101.3600,13,2
2026-04-20,000858,14:14:15,101.3700,7,1
2026-04-20,000858,14:14:18,101.3600,30,2
2026-04-20,000858,14:14:21,101.3600,4,2
2026-04-20,000858,14:14:24,101.3500,10,2
2026-04-20,000858,14:14:27,101.3600,1,1
2026-04-20,000858,14:14:30,101.3600,6,1
2026-04-20,000858,14:14:33,101.3600,47,4
2026-04-20,000858,14:14:36,101.3600,1,2
2026-04-20,000858,14:14:39,101.3500,12,2
2026-04-20,000858,14:14:42,101.3600,2,1
2026-04-20,000858,14:14:45,101.3600,12,2
2026-04-20,000858,14:14:48,101.3500,35,2
2026-04-20,000858,14:14:51,101.3500,7,2
2026-04-20,000858,14:14:54,101.3600,42,1
2026-04-20,000858,14:14:57,101.3700,5,1
2026-04-20,000858,14:15:03,101.3700,14,1
2026-04-20,000858,14:15:06,101.3700,22,1
2026-04-20,000858,14:15:09,101.3700,3,1
2026-04-20,000858,14:15:12,101.3600,19,2
2026-04-20,000858,14:15:15,101.3600,1,2
2026-04-20,000858,14:15:18,101.3600,18,2
2026-04-20,000858,14:15:21,101.3700,7,1
2026-04-20,000858,14:15:24,101.3500,35,2
2026-04-20,000858,14:15:27,101.3600,1,2
2026-04-20,000858,14:15:30,101.3700,6,1
2026-04-20,000858,14:15:33,101.3700,51,1
2026-04-20,000858,14:15:36,101.3700,1,2
2026-04-20,000858,14:15:39,101.3700,3,2
2026-04-20,000858,14:15:42,101.3700,12,2
2026-04-20,000858,14:15:48,101.3600,20,2
2026-04-20,000858,14:15:51,101.3600,3,1
2026-04-20,000858,14:15:54,101.3600,4,1
2026-04-20,000858,14:15:57,101.3600,10,1
2026-04-20,000858,14:16:00,101.3600,23,2
2026-04-20,000858,14:16:03,101.3600,1,1
2026-04-20,000858,14:16:06,101.3500,7,2
2026-04-20,000858,14:16:09,101.3600,6,1
2026-04-20,000858,14:16:12,101.3500,30,2
2026-04-20,000858,14:16:15,101.3600,4,1
2026-04-20,000858,14:16:18,101.3600,19,1
2026-04-20,000858,14:16:21,101.3600,19,1
2026-04-20,000858,14:16:27,101.3500,11,2
2026-04-20,000858,14:16:30,101.3600,10,4
2026-04-20,000858,14:16:33,101.3500,13,2
2026-04-20,000858,14:16:36,101.3600,49,1
2026-04-20,000858,14:16:39,101.3600,1,1
2026-04-20,000858,14:16:42,101.3500,8,2
2026-04-20,000858,14:16:45,101.3500,12,2
2026-04-20,000858,14:16:48,101.3600,28,1
2026-04-20,000858,14:16:51,101.3600,249,1
2026-04-20,000858,14:16:54,101.3500,2,4
2026-04-20,000858,14:17:03,101.3600,14,1
2026-04-20,000858,14:17:06,101.3500,18,2
2026-04-20,000858,14:17:09,101.3500,3,2
2026-04-20,000858,14:17:12,101.3600,3,1
2026-04-20,000858,14:17:15,101.3500,12,2
2026-04-20,000858,14:17:18,101.3500,39,2
2026-04-20,000858,14:17:21,101.3500,9,1
2026-04-20,000858,14:17:24,101.3500,3,1
2026-04-20,000858,14:17:27,101.3500,25,2
2026-04-20,000858,14:17:30,101.3500,4,1
2026-04-20,000858,14:17:33,101.3500,4,2
2026-04-20,000858,14:17:36,101.3500,3,2
2026-04-20,000858,14:17:42,101.3400,24,2
2026-04-20,000858,14:17:48,101.3500,35,2
2026-04-20,000858,14:17:51,101.3500,3,2
2026-04-20,000858,14:17:54,101.3700,126,1
2026-04-20,000858,14:17:57,101.3700,1,2
2026-04-20,000858,14:18:00,101.3700,1,2
2026-04-20,000858,14:18:03,101.3700,7,2
2026-04-20,000858,14:18:06,101.3700,6,2
2026-04-20,000858,14:18:09,101.3800,52,1
2026-04-20,000858,14:18:12,101.3700,10,4
2026-04-20,000858,14:18:15,101.3700,12,1
2026-04-20,000858,14:18:18,101.3500,4,2
2026-04-20,000858,14:18:24,101.3600,6,2
2026-04-20,000858,14:18:27,101.3700,2,1
2026-04-20,000858,14:18:30,101.3700,1,1
2026-04-20,000858,14:18:33,101.3700,16,1
2026-04-20,000858,14:18:36,101.3700,9,1
2026-04-20,000858,14:18:39,101.3700,1,1
2026-04-20,000858,14:18:45,101.3600,19,2
2026-04-20,000858,14:18:48,101.3500,26,2
2026-04-20,000858,14:18:51,101.3600,25,1
2026-04-20,000858,14:19:00,101.3700,6,1
2026-04-20,000858,14:19:03,101.3700,3,1
2026-04-20,000858,14:19:06,101.3600,5,2
2026-04-20,000858,14:19:09,101.3700,1,1
2026-04-20,000858,14:19:12,101.3600,7,2
2026-04-20,000858,14:19:15,101.3700,7,1
2026-04-20,000858,14:19:18,101.3700,32,1
2026-04-20,000858,14:19:21,101.3600,9,2
2026-04-20,000858,14:19:24,101.3600,3,2
2026-04-20,000858,14:19:27,101.3600,63,2
2026-04-20,000858,14:19:30,101.3600,1,1
2026-04-20,000858,14:19:33,101.3500,21,2
2026-04-20,000858,14:19:36,101.3600,6,2
2026-04-20,000858,14:19:39,101.3700,2,1
2026-04-20,000858,14:19:42,101.3600,6,2
2026-04-20,000858,14:19:45,101.3700,10,1
2026-04-20,000858,14:19:48,101.3600,10,2
2026-04-20,000858,14:19:51,101.3500,10,2
2026-04-20,000858,14:19:54,101.3500,28,2
2026-04-20,000858,14:19:57,101.3600,7,1
2026-04-20,000858,14:20:00,101.3600,1,2
2026-04-20,000858,14:20:03,101.3600,13,2
2026-04-20,000858,14:20:06,101.3500,13,2
2026-04-20,000858,14:20:09,101.3600,5,1
2026-04-20,000858,14:20:12,101.3600,15,1
2026-04-20,000858,14:20:15,101.3600,2,1
2026-04-20,000858,14:20:18,101.3600,35,1
2026-04-20,000858,14:20:21,101.3600,3,1
2026-04-20,000858,14:20:24,101.3500,7,2
2026-04-20,000858,14:20:27,101.3700,6,1
2026-04-20,000858,14:20:33,101.3600,14,1
2026-04-20,000858,14:20:36,101.3700,18,1
2026-04-20,000858,14:20:39,101.3700,5,1
2026-04-20,000858,14:20:42,101.3700,55,1
2026-04-20,000858,14:20:45,101.3500,3,2
2026-04-20,000858,14:20:48,101.3500,29,2
2026-04-20,000858,14:20:54,101.3700,13,1
2026-04-20,000858,14:20:57,101.3700,1,1
2026-04-20,000858,14:21:00,101.3500,63,2
2026-04-20,000858,14:21:03,101.3700,11,1
2026-04-20,000858,14:21:06,101.3500,2,2
2026-04-20,000858,14:21:09,101.3700,1,1
2026-04-20,000858,14:21:12,101.3600,2,2
2026-04-20,000858,14:21:15,101.3700,7,1
2026-04-20,000858,14:21:18,101.3600,19,2
2026-04-20,000858,14:21:21,101.3700,5,1
2026-04-20,000858,14:21:24,101.3700,1,1
2026-04-20,000858,14:21:27,101.3700,1,1
2026-04-20,000858,14:21:30,101.3700,15,1
2026-04-20,000858,14:21:33,101.3700,9,1
2026-04-20,000858,14:21:39,101.3500,106,2
2026-04-20,000858,14:21:45,101.3700,3,1
2026-04-20,000858,14:21:48,101.3700,46,1
2026-04-20,000858,14:21:51,101.3500,14,2
2026-04-20,000858,14:21:54,101.3500,41,2
2026-04-20,000858,14:21:57,101.3500,18,2
2026-04-20,000858,14:22:00,101.3600,9,1
2026-04-20,000858,14:22:03,101.3600,10,1
2026-04-20,000858,14:22:06,101.3500,4,2
2026-04-20,000858,14:22:09,101.3500,1,2
2026-04-20,000858,14:22:15,101.3600,19,1
2026-04-20,000858,14:22:18,101.3500,30,2
2026-04-20,000858,14:22:21,101.3600,8,1
2026-04-20,000858,14:22:24,101.3500,3,2
2026-04-20,000858,14:22:27,101.3500,23,2
2026-04-20,000858,14:22:30,101.3500,5,1
2026-04-20,000858,14:22:33,101.3500,9,1
2026-04-20,000858,14:22:36,101.3500,11,1
2026-04-20,000858,14:22:39,101.3400,11,2
2026-04-20,000858,14:22:42,101.3500,12,1
2026-04-20,000858,14:22:48,101.3500,34,1
2026-04-20,000858,14:22:51,101.3400,40,2
2026-04-20,000858,14:22:54,101.3500,2,4
2026-04-20,000858,14:22:57,101.3500,6,1
2026-04-20,000858,14:23:00,101.3500,1,2
2026-04-20,000858,14:23:03,101.3500,18,2
2026-04-20,000858,14:23:06,101.3500,4,2
2026-04-20,000858,14:23:09,101.3500,3,2
2026-04-20,000858,14:23:12,101.3600,2,1
2026-04-20,000858,14:23:15,101.3500,11,2
2026-04-20,000858,14:23:18,101.3500,28,2
2026-04-20,000858,14:23:24,101.3500,20,2
2026-04-20,000858,14:23:27,101.3600,30,1
2026-04-20,000858,14:23:30,101.3600,8,1
2026-04-20,000858,14:23:36,101.3600,7,2
2026-04-20,000858,14:23:39,101.3600,2,2
2026-04-20,000858,14:23:45,101.3700,60,1
2026-04-20,000858,14:23:48,101.3600,39,4
2026-04-20,000858,14:23:51,101.3500,21,2
2026-04-20,000858,14:23:54,101.3500,16,2
2026-04-20,000858,14:23:57,101.3500,121,2
2026-04-20,000858,14:24:00,101.3500,17,2
2026-04-20,000858,14:24:03,101.3700,3,1
2026-04-20,000858,14:24:06,101.3600,15,2
2026-04-20,000858,14:24:09,101.3600,6,2
2026-04-20,000858,14:24:12,101.3600,1,2
2026-04-20,000858,14:24:15,101.3600,5,2
2026-04-20,000858,14:24:18,101.3600,27,2
2026-04-20,000858,14:24:21,101.3500,4,2
2026-04-20,000858,14:24:24,101.3600,8,1
2026-04-20,000858,14:24:27,101.3600,47,1
2026-04-20,000858,14:24:30,101.3500,2,2
2026-04-20,000858,14:24:33,101.3600,18,1
2026-04-20,000858,14:24:36,101.3600,10,1
2026-04-20,000858,14:24:39,101.3500,3,2
2026-04-20,000858,14:24:42,101.3600,12,1
2026-04-20,000858,14:24:45,101.3600,5,1
2026-04-20,000858,14:24:48,101.3500,18,2
2026-04-20,000858,14:24:51,101.3500,16,2
2026-04-20,000858,14:24:54,101.3600,4,1
2026-04-20,000858,14:25:00,101.3500,2,2
2026-04-20,000858,14:25:03,101.3500,27,2
2026-04-20,000858,14:25:06,101.3600,4,1
2026-04-20,000858,14:25:09,101.3600,11,1
2026-04-20,000858,14:25:12,101.3500,5,2
2026-04-20,000858,14:25:15,101.3600,38,1
2026-04-20,000858,14:25:18,101.3600,25,1
2026-04-20,000858,14:25:21,101.3500,3,2
2026-04-20,000858,14:25:24,101.3500,9,2
2026-04-20,000858,14:25:27,101.3500,12,2
2026-04-20,000858,14:25:30,101.3500,3,2
2026-04-20,000858,14:25:33,101.3500,14,2
2026-04-20,000858,14:25:36,101.3500,13,2
2026-04-20,000858,14:25:42,101.3500,3,2
2026-04-20,000858,14:25:45,101.3500,3,2
2026-04-20,000858,14:25:48,101.3500,19,2
2026-04-20,000858,14:25:54,101.3600,1,1
2026-04-20,000858,14:25:57,101.3600,16,1
2026-04-20,000858,14:26:00,101.3600,10,1
2026-04-20,000858,14:26:03,101.3600,13,1
2026-04-20,000858,14:26:06,101.3600,1,2
2026-04-20,000858,14:26:09,101.3600,9,2
2026-04-20,000858,14:26:12,101.3600,10,2
2026-04-20,000858,14:26:15,101.3600,16,2
2026-04-20,000858,14:26:18,101.3500,27,2
2026-04-20,000858,14:26:21,101.3700,10,1
2026-04-20,000858,14:26:24,101.3500,3,2
2026-04-20,000858,14:26:27,101.3600,4,1
2026-04-20,000858,14:26:30,101.3500,1,2
2026-04-20,000858,14:26:33,101.3600,13,1
2026-04-20,000858,14:26:36,101.3500,13,2
2026-04-20,000858,14:26:39,101.3500,4,2
2026-04-20,000858,14:26:42,101.3600,5,2
2026-04-20,000858,14:26:45,101.3700,3,1
2026-04-20,000858,14:26:48,101.3500,12,2
2026-04-20,000858,14:26:51,101.3600,1,1
2026-04-20,000858,14:26:54,101.3600,2,1
2026-04-20,000858,14:26:57,101.3600,3,1
2026-04-20,000858,14:27:00,101.3500,8,2
2026-04-20,000858,14:27:03,101.3600,7,1
2026-04-20,000858,14:27:06,101.3500,5,2
2026-04-20,000858,14:27:09,101.3600,4,1
2026-04-20,000858,14:27:12,101.3500,20,2
2026-04-20,000858,14:27:15,101.3500,33,2
2026-04-20,000858,14:27:18,101.3500,24,2
2026-04-20,000858,14:27:21,101.3500,2,2
2026-04-20,000858,14:27:24,101.3500,1,2
2026-04-20,000858,14:27:30,101.3500,10,2
2026-04-20,000858,14:27:33,101.3500,65,2
2026-04-20,000858,14:27:36,101.3500,8,2
2026-04-20,000858,14:27:39,101.3600,3,1
2026-04-20,000858,14:27:42,101.3500,11,2
2026-04-20,000858,14:27:45,101.3500,22,2
2026-04-20,000858,14:27:48,101.3500,79,2
2026-04-20,000858,14:27:51,101.3500,35,1
2026-04-20,000858,14:27:54,101.3500,31,1
2026-04-20,000858,14:27:57,101.3500,10,1
2026-04-20,000858,14:28:00,101.3500,3,1
2026-04-20,000858,14:28:03,101.3500,43,1
2026-04-20,000858,14:28:06,101.3600,8,1
2026-04-20,000858,14:28:09,101.3500,6,2
2026-04-20,000858,14:28:12,101.3500,11,2
2026-04-20,000858,14:28:15,101.3500,5,2
2026-04-20,000858,14:28:18,101.3600,21,1
2026-04-20,000858,14:28:21,101.3500,11,2
2026-04-20,000858,14:28:24,101.3600,4,1
2026-04-20,000858,14:28:27,101.3500,9,2
2026-04-20,000858,14:28:30,101.3600,1,1
2026-04-20,000858,14:28:33,101.3600,8,1
2026-04-20,000858,14:28:36,101.3500,12,2
2026-04-20,000858,14:28:39,101.3500,7,2
2026-04-20,000858,14:28:42,101.3500,3,2
2026-04-20,000858,14:28:45,101.3600,11,1
2026-04-20,000858,14:28:48,101.3500,30,2
2026-04-20,000858,14:28:51,101.3500,12,2
2026-04-20,000858,14:28:54,101.3600,34,1
2026-04-20,000858,14:28:57,101.3500,2,2
2026-04-20,000858,14:29:00,101.3500,11,2
2026-04-20,000858,14:29:03,101.3500,18,2
2026-04-20,000858,14:29:06,101.3600,21,1
2026-04-20,000858,14:29:12,101.3500,40,2
2026-04-20,000858,14:29:15,101.3600,12,1
2026-04-20,000858,14:29:18,101.3500,8,2
2026-04-20,000858,14:29:21,101.3600,27,1
2026-04-20,000858,14:29:24,101.3500,2,2
2026-04-20,000858,14:29:27,101.3600,22,1
2026-04-20,000858,14:29:30,101.3600,4,2
2026-04-20,000858,14:29:33,101.3600,2,2
2026-04-20,000858,14:29:36,101.3700,6,1
2026-04-20,000858,14:29:39,101.3600,25,2
2026-04-20,000858,14:29:42,101.3600,2,2
2026-04-20,000858,14:29:45,101.3600,1,2
2026-04-20,000858,14:29:48,101.3600,33,2
2026-04-20,000858,14:29:51,101.3600,3,2
2026-04-20,000858,14:29:54,101.3700,1,1
2026-04-20,000858,14:30:00,101.3700,15,1
2026-04-20,000858,14:30:03,101.3600,19,2
2026-04-20,000858,14:30:06,101.3600,21,2
2026-04-20,000858,14:30:09,101.3700,6,1
2026-04-20,000858,14:30:15,101.3600,17,2
2026-04-20,000858,14:30:18,101.3600,33,2
2026-04-20,000858,14:30:21,101.3600,3,1
2026-04-20,000858,14:30:24,101.3500,1,2
2026-04-20,000858,14:30:27,101.3700,4,1
2026-04-20,000858,14:30:30,101.3600,6,2
2026-04-20,000858,14:30:33,101.3700,12,1
2026-04-20,000858,14:30:36,101.3600,1,4
2026-04-20,000858,14:30:39,101.3600,1,1
2026-04-20,000858,14:30:42,101.3500,2,2
2026-04-20,000858,14:30:45,101.3500,30,2
2026-04-20,000858,14:30:48,101.3500,20,2
2026-04-20,000858,14:30:51,101.3600,27,2
2026-04-20,000858,14:30:54,101.3600,4,2
2026-04-20,000858,14:31:03,101.3600,199,2
2026-04-20,000858,14:31:06,101.3600,32,4
2026-04-20,000858,14:31:09,101.3600,8,1
2026-04-20,000858,14:31:12,101.3600,3,1
2026-04-20,000858,14:31:15,101.3500,6,2
2026-04-20,000858,14:31:18,101.3600,31,1
2026-04-20,000858,14:31:21,101.3600,14,1
2026-04-20,000858,14:31:24,101.3500,9,2
2026-04-20,000858,14:31:27,101.3500,10,2
2026-04-20,000858,14:31:30,101.3600,101,1
2026-04-20,000858,14:31:33,101.3500,37,2
2026-04-20,000858,14:31:36,101.3500,2,2
2026-04-20,000858,14:31:39,101.3500,12,2
2026-04-20,000858,14:31:42,101.3500,16,2
2026-04-20,000858,14:31:45,101.3600,25,1
2026-04-20,000858,14:31:48,101.3500,19,2
2026-04-20,000858,14:31:51,101.3600,14,1
2026-04-20,000858,14:31:54,101.3600,2,1
2026-04-20,000858,14:31:57,101.3600,15,1
2026-04-20,000858,14:32:00,101.3600,7,1
2026-04-20,000858,14:32:03,101.3600,32,1
2026-04-20,000858,14:32:06,101.3600,11,1
2026-04-20,000858,14:32:09,101.3600,13,1
2026-04-20,000858,14:32:12,101.3500,9,2
2026-04-20,000858,14:32:15,101.3600,9,1
2026-04-20,000858,14:32:18,101.3500,18,2
2026-04-20,000858,14:32:21,101.3500,2,2
2026-04-20,000858,14:32:24,101.3600,7,1
2026-04-20,000858,14:32:27,101.3600,2,1
2026-04-20,000858,14:32:30,101.3500,16,2
2026-04-20,000858,14:32:33,101.3500,16,2
2026-04-20,000858,14:32:36,101.3500,8,2
2026-04-20,000858,14:32:39,101.3500,5,2
2026-04-20,000858,14:32:42,101.3600,23,1
2026-04-20,000858,14:32:45,101.3500,8,2
2026-04-20,000858,14:32:48,101.3500,19,2
2026-04-20,000858,14:32:51,101.3500,17,1
2026-04-20,000858,14:32:54,101.3500,18,2
2026-04-20,000858,14:32:57,101.3500,9,2
2026-04-20,000858,14:33:00,101.3500,1,2
2026-04-20,000858,14:33:03,101.3500,8,2
2026-04-20,000858,14:33:06,101.3500,10,2
2026-04-20,000858,14:33:09,101.3400,31,2
2026-04-20,000858,14:33:12,101.3500,26,1
2026-04-20,000858,14:33:15,101.3600,13,1
2026-04-20,000858,14:33:18,101.3500,13,2
2026-04-20,000858,14:33:21,101.3400,4,2
2026-04-20,000858,14:33:24,101.3500,4,1
2026-04-20,000858,14:33:27,101.3400,49,2
2026-04-20,000858,14:33:30,101.3500,6,4
2026-04-20,000858,14:33:33,101.3400,10,2
2026-04-20,000858,14:33:36,101.3400,12,2
2026-04-20,000858,14:33:39,101.3400,27,2
2026-04-20,000858,14:33:42,101.3600,6,1
2026-04-20,000858,14:33:45,101.3500,6,2
2026-04-20,000858,14:33:48,101.3500,14,2
2026-04-20,000858,14:33:51,101.3400,6,2
2026-04-20,000858,14:33:54,101.3500,33,1
2026-04-20,000858,14:33:57,101.3500,14,1
2026-04-20,000858,14:34:00,101.3500,8,1
2026-04-20,000858,14:34:03,101.3500,16,1
2026-04-20,000858,14:34:06,101.3500,20,1
2026-04-20,000858,14:34:09,101.3400,19,2
2026-04-20,000858,14:34:12,101.3400,10,2
2026-04-20,000858,14:34:15,101.3500,25,1
2026-04-20,000858,14:34:18,101.3400,26,2
2026-04-20,000858,14:34:21,101.3400,8,2
2026-04-20,000858,14:34:24,101.3400,10,2
2026-04-20,000858,14:34:27,101.3400,6,2
2026-04-20,000858,14:34:30,101.3500,15,1
2026-04-20,000858,14:34:33,101.3500,10,1
2026-04-20,000858,14:34:36,101.3400,5,2
2026-04-20,000858,14:34:39,101.3400,12,2
2026-04-20,000858,14:34:42,101.3400,29,2
2026-04-20,000858,14:34:45,101.3400,5,2
2026-04-20,000858,14:34:48,101.3500,25,1
2026-04-20,000858,14:34:51,101.3500,37,1
2026-04-20,000858,14:34:54,101.3500,3,1
2026-04-20,000858,14:34:57,101.3500,1,1
2026-04-20,000858,14:35:00,101.3400,27,2
2026-04-20,000858,14:35:03,101.3400,12,2
2026-04-20,000858,14:35:09,101.3500,11,1
2026-04-20,000858,14:35:12,101.3400,14,2
2026-04-20,000858,14:35:15,101.3500,2,1
2026-04-20,000858,14:35:18,101.3400,24,2
2026-04-20,000858,14:35:21,101.3500,35,1
2026-04-20,000858,14:35:24,101.3500,11,1
2026-04-20,000858,14:35:27,101.3400,21,2
2026-04-20,000858,14:35:30,101.3400,8,2
2026-04-20,000858,14:35:33,101.3500,2,1
2026-04-20,000858,14:35:36,101.3400,18,2
2026-04-20,000858,14:35:39,101.3500,43,1
2026-04-20,000858,14:35:42,101.3500,16,1
2026-04-20,000858,14:35:45,101.3400,4,2
2026-04-20,000858,14:35:48,101.3400,54,2
2026-04-20,000858,14:35:51,101.3400,99,2
2026-04-20,000858,14:35:54,101.3400,17,1
2026-04-20,000858,14:35:57,101.3300,11,2
2026-04-20,000858,14:36:00,101.3400,21,1
2026-04-20,000858,14:36:03,101.3300,21,2
2026-04-20,000858,14:36:06,101.3400,3,1
2026-04-20,000858,14:36:09,101.3300,12,2
2026-04-20,000858,14:36:12,101.3300,6,2
2026-04-20,000858,14:36:15,101.3400,14,1
2026-04-20,000858,14:36:18,101.3300,65,2
2026-04-20,000858,14:36:21,101.3300,46,2
2026-04-20,000858,14:36:24,101.3400,68,1
2026-04-20,000858,14:36:27,101.3400,49,2
2026-04-20,000858,14:36:30,101.3400,29,2
2026-04-20,000858,14:36:33,101.3400,1,4
2026-04-20,000858,14:36:36,101.3500,15,1
2026-04-20,000858,14:36:39,101.3500,12,1
2026-04-20,000858,14:36:42,101.3400,8,2
2026-04-20,000858,14:36:45,101.3500,3,1
2026-04-20,000858,14:36:48,101.3400,25,2
2026-04-20,000858,14:36:51,101.3500,13,1
2026-04-20,000858,14:36:54,101.3500,6,1
2026-04-20,000858,14:36:57,101.3500,5,1
2026-04-20,000858,14:37:00,101.3400,32,2
2026-04-20,000858,14:37:03,101.3400,20,2
2026-04-20,000858,14:37:06,101.3300,68,2
2026-04-20,000858,14:37:09,101.3300,40,2
2026-04-20,000858,14:37:12,101.3300,20,2
2026-04-20,000858,14:37:15,101.3300,7,2
2026-04-20,000858,14:37:18,101.3400,23,1
2026-04-20,000858,14:37:21,101.3400,9,1
2026-04-20,000858,14:37:24,101.3400,7,1
2026-04-20,000858,14:37:27,101.3400,7,1
2026-04-20,000858,14:37:30,101.3400,44,1
2026-04-20,000858,14:37:33,101.3300,11,2
2026-04-20,000858,14:37:36,101.3300,7,2
2026-04-20,000858,14:37:39,101.3300,11,2
2026-04-20,000858,14:37:42,101.3400,10,1
2026-04-20,000858,14:37:45,101.3400,7,1
2026-04-20,000858,14:37:48,101.3400,81,1
2026-04-20,000858,14:37:51,101.3400,17,2
2026-04-20,000858,14:37:54,101.3400,31,4
2026-04-20,000858,14:37:57,101.3500,10,1
2026-04-20,000858,14:38:00,101.3500,10,1
2026-04-20,000858,14:38:03,101.3400,19,4
2026-04-20,000858,14:38:06,101.3500,7,1
2026-04-20,000858,14:38:09,101.3300,45,2
2026-04-20,000858,14:38:12,101.3400,26,1
2026-04-20,000858,14:38:15,101.3400,1,1
2026-04-20,000858,14:38:18,101.3400,32,1
2026-04-20,000858,14:38:21,101.3400,28,1
2026-04-20,000858,14:38:24,101.3400,7,1
2026-04-20,000858,14:38:27,101.3300,54,2
2026-04-20,000858,14:38:30,101.3300,33,2
2026-04-20,000858,14:38:33,101.3300,10,2
2026-04-20,000858,14:38:36,101.3300,8,2
2026-04-20,000858,14:38:39,101.3300,25,2
2026-04-20,000858,14:38:42,101.3400,87,1
2026-04-20,000858,14:38:45,101.3400,7,1
2026-04-20,000858,14:38:48,101.3400,23,1
2026-04-20,000858,14:38:51,101.3300,16,2
2026-04-20,000858,14:38:54,101.3300,72,2
2026-04-20,000858,14:38:57,101.3400,19,1
2026-04-20,000858,14:39:00,101.3300,12,2
2026-04-20,000858,14:39:03,101.3400,4,1
2026-04-20,000858,14:39:06,101.3300,2,2
2026-04-20,000858,14:39:09,101.3300,6,2
2026-04-20,000858,14:39:12,101.3300,10,2
2026-04-20,000858,14:39:15,101.3400,59,1
2026-04-20,000858,14:39:18,101.3400,20,2
2026-04-20,000858,14:39:21,101.3400,17,2
2026-04-20,000858,14:39:24,101.3400,43,2
2026-04-20,000858,14:39:27,101.3500,13,1
2026-04-20,000858,14:39:30,101.3500,33,1
2026-04-20,000858,14:39:33,101.3400,21,2
2026-04-20,000858,14:39:36,101.3500,1,1
2026-04-20,000858,14:39:39,101.3500,48,1
2026-04-20,000858,14:39:42,101.3500,8,1
2026-04-20,000858,14:39:45,101.3400,19,2
2026-04-20,000858,14:39:48,101.3400,27,2
2026-04-20,000858,14:39:51,101.3400,18,1
2026-04-20,000858,14:39:54,101.3400,19,1
2026-04-20,000858,14:39:57,101.3400,68,1
2026-04-20,000858,14:40:00,101.3300,17,2
2026-04-20,000858,14:40:03,101.3300,29,2
2026-04-20,000858,14:40:06,101.3400,9,1
2026-04-20,000858,14:40:09,101.3300,1,4
2026-04-20,000858,14:40:12,101.3200,11,2
2026-04-20,000858,14:40:15,101.3300,4,4
2026-04-20,000858,14:40:18,101.3300,40,1
2026-04-20,000858,14:40:21,101.3200,57,2
2026-04-20,000858,14:40:24,101.3300,56,1
2026-04-20,000858,14:40:27,101.3200,11,2
2026-04-20,000858,14:40:30,101.3200,22,2
2026-04-20,000858,14:40:33,101.3300,44,1
2026-04-20,000858,14:40:36,101.3300,8,2
2026-04-20,000858,14:40:39,101.3200,25,2
2026-04-20,000858,14:40:42,101.3200,4,2
2026-04-20,000858,14:40:45,101.3300,19,1
2026-04-20,000858,14:40:48,101.3400,32,1
2026-04-20,000858,14:40:51,101.3300,16,2
2026-04-20,000858,14:40:54,101.3400,13,1
2026-04-20,000858,14:40:57,101.3400,4,1
2026-04-20,000858,14:41:00,101.3300,35,2
2026-04-20,000858,14:41:03,101.3400,4,1
2026-04-20,000858,14:41:06,101.3300,5,2
2026-04-20,000858,14:41:09,101.3300,7,2
2026-04-20,000858,14:41:12,101.3400,26,1
2026-04-20,000858,14:41:15,101.3400,15,1
2026-04-20,000858,14:41:18,101.3300,25,2
2026-04-20,000858,14:41:21,101.3400,30,1
2026-04-20,000858,14:41:24,101.3400,2,1
2026-04-20,000858,14:41:27,101.3400,3,1
2026-04-20,000858,14:41:30,101.3400,11,1
2026-04-20,000858,14:41:33,101.3400,13,1
2026-04-20,000858,14:41:39,101.3400,55,1
2026-04-20,000858,14:41:42,101.3300,44,2
2026-04-20,000858,14:41:45,101.3300,3,1
2026-04-20,000858,14:41:48,101.3400,68,1
2026-04-20,000858,14:41:51,101.3400,9,1
2026-04-20,000858,14:41:54,101.3400,16,1
2026-04-20,000858,14:41:57,101.3300,87,2
2026-04-20,000858,14:42:00,101.3300,18,1
2026-04-20,000858,14:42:03,101.3200,11,2
2026-04-20,000858,14:42:06,101.3200,32,2
2026-04-20,000858,14:42:09,101.3200,11,2
2026-04-20,000858,14:42:12,101.3200,16,2
2026-04-20,000858,14:42:15,101.3300,27,1
2026-04-20,000858,14:42:18,101.3300,75,1
2026-04-20,000858,14:42:21,101.3200,18,2
2026-04-20,000858,14:42:24,101.3300,6,1
2026-04-20,000858,14:42:27,101.3300,30,1
2026-04-20,000858,14:42:30,101.3200,16,2
2026-04-20,000858,14:42:33,101.3300,40,1
2026-04-20,000858,14:42:36,101.3200,16,2
2026-04-20,000858,14:42:39,101.3300,5,1
2026-04-20,000858,14:42:42,101.3200,62,2
2026-04-20,000858,14:42:45,101.3300,4,4
2026-04-20,000858,14:42:48,101.3300,19,2
2026-04-20,000858,14:42:51,101.3400,20,1
2026-04-20,000858,14:42:54,101.3400,2,1
2026-04-20,000858,14:42:57,101.3300,9,2
2026-04-20,000858,14:43:00,101.3300,18,2
2026-04-20,000858,14:43:03,101.3300,14,2
2026-04-20,000858,14:43:06,101.3300,24,2
2026-04-20,000858,14:43:09,101.3400,16,1
2026-04-20,000858,14:43:12,101.3400,16,1
2026-04-20,000858,14:43:15,101.3400,8,1
2026-04-20,000858,14:43:18,101.3300,20,2
2026-04-20,000858,14:43:21,101.3300,9,2
2026-04-20,000858,14:43:24,101.3300,3,2
2026-04-20,000858,14:43:27,101.3300,10,2
2026-04-20,000858,14:43:30,101.3400,13,1
2026-04-20,000858,14:43:33,101.3300,22,2
2026-04-20,000858,14:43:36,101.3400,17,1
2026-04-20,000858,14:43:39,101.3300,14,2
2026-04-20,000858,14:43:42,101.3400,7,4
2026-04-20,000858,14:43:45,101.3400,21,1
2026-04-20,000858,14:43:48,101.3400,31,1
2026-04-20,000858,14:43:51,101.3400,8,1
2026-04-20,000858,14:43:54,101.3300,29,2
2026-04-20,000858,14:43:57,101.3300,10,2
2026-04-20,000858,14:44:00,101.3300,3,2
2026-04-20,000858,14:44:03,101.3400,18,1
2026-04-20,000858,14:44:06,101.3300,50,2
2026-04-20,000858,14:44:09,101.3400,31,2
2026-04-20,000858,14:44:12,101.3300,38,2
2026-04-20,000858,14:44:15,101.3500,3,1
2026-04-20,000858,14:44:18,101.3400,24,2
2026-04-20,000858,14:44:21,101.3400,40,1
2026-04-20,000858,14:44:24,101.3400,7,2
2026-04-20,000858,14:44:27,101.3500,11,2
2026-04-20,000858,14:44:33,101.3500,7,4
2026-04-20,000858,14:44:36,101.3500,2,1
2026-04-20,000858,14:44:39,101.3400,39,2
2026-04-20,000858,14:44:42,101.3500,18,1
2026-04-20,000858,14:44:45,101.3500,1,1
2026-04-20,000858,14:44:48,101.3400,135,2
2026-04-20,000858,14:44:51,101.3400,14,1
2026-04-20,000858,14:44:54,101.3400,26,1
2026-04-20,000858,14:44:57,101.3400,39,1
2026-04-20,000858,14:45:00,101.3500,2,1
2026-04-20,000858,14:45:03,101.3400,3,2
2026-04-20,000858,14:45:06,101.3500,14,1
2026-04-20,000858,14:45:09,101.3500,19,1
2026-04-20,000858,14:45:12,101.3500,27,1
2026-04-20,000858,14:45:15,101.3500,78,1
2026-04-20,000858,14:45:18,101.3400,6,2
2026-04-20,000858,14:45:21,101.3400,15,2
2026-04-20,000858,14:45:24,101.3300,7,2
2026-04-20,000858,14:45:27,101.3500,51,1
2026-04-20,000858,14:45:30,101.3400,2,4
2026-04-20,000858,14:45:33,101.3500,9,1
2026-04-20,000858,14:45:36,101.3400,13,2
2026-04-20,000858,14:45:39,101.3500,11,1
2026-04-20,000858,14:45:42,101.3500,1,1
2026-04-20,000858,14:45:45,101.3500,9,1
2026-04-20,000858,14:45:48,101.3500,49,1
2026-04-20,000858,14:45:51,101.3400,26,2
2026-04-20,000858,14:45:54,101.3400,14,2
2026-04-20,000858,14:45:57,101.3400,12,2
2026-04-20,000858,14:46:00,101.3500,11,1
2026-04-20,000858,14:46:03,101.3500,11,1
2026-04-20,000858,14:46:06,101.3400,12,2
2026-04-20,000858,14:46:09,101.3500,5,1
2026-04-20,000858,14:46:12,101.3500,5,1
2026-04-20,000858,14:46:15,101.3500,60,1
2026-04-20,000858,14:46:18,101.3400,45,2
2026-04-20,000858,14:46:21,101.3400,13,2
2026-04-20,000858,14:46:24,101.3500,3,1
2026-04-20,000858,14:46:27,101.3400,3,2
2026-04-20,000858,14:46:30,101.3400,44,2
2026-04-20,000858,14:46:33,101.3400,33,2
2026-04-20,000858,14:46:36,101.3400,22,2
2026-04-20,000858,14:46:39,101.3500,30,1
2026-04-20,000858,14:46:42,101.3500,32,2
2026-04-20,000858,14:46:45,101.3400,18,2
2026-04-20,000858,14:46:48,101.3500,49,1
2026-04-20,000858,14:46:51,101.3400,244,2
2026-04-20,000858,14:46:54,101.3400,28,1
2026-04-20,000858,14:46:57,101.3400,15,1
2026-04-20,000858,14:47:00,101.3400,62,1
2026-04-20,000858,14:47:03,101.3400,60,1
2026-04-20,000858,14:47:06,101.3500,25,1
2026-04-20,000858,14:47:09,101.3400,24,2
2026-04-20,000858,14:47:12,101.3400,18,4
2026-04-20,000858,14:47:15,101.3400,13,1
2026-04-20,000858,14:47:18,101.3400,6,1
2026-04-20,000858,14:47:21,101.3300,74,2
2026-04-20,000858,14:47:24,101.3300,13,2
2026-04-20,000858,14:47:27,101.3300,9,2
2026-04-20,000858,14:47:30,101.3400,18,1
2026-04-20,000858,14:47:33,101.3400,16,2
2026-04-20,000858,14:47:36,101.3400,5,1
2026-04-20,000858,14:47:39,101.3400,2,1
2026-04-20,000858,14:47:42,101.3400,16,2
2026-04-20,000858,14:47:45,101.3500,7,1
2026-04-20,000858,14:47:48,101.3400,8,2
2026-04-20,000858,14:47:51,101.3500,12,1
2026-04-20,000858,14:47:54,101.3500,18,1
2026-04-20,000858,14:47:57,101.3500,16,1
2026-04-20,000858,14:48:00,101.3500,2,1
2026-04-20,000858,14:48:03,101.3500,19,1
2026-04-20,000858,14:48:06,101.3500,28,1
2026-04-20,000858,14:48:09,101.3500,12,1
2026-04-20,000858,14:48:12,101.3500,20,1
2026-04-20,000858,14:48:15,101.3500,13,1
2026-04-20,000858,14:48:21,101.3500,7,1
2026-04-20,000858,14:48:24,101.3500,11,1
2026-04-20,000858,14:48:27,101.3400,49,2
2026-04-20,000858,14:48:30,101.3400,7,1
2026-04-20,000858,14:48:33,101.3500,28,1
2026-04-20,000858,14:48:36,101.3400,17,2
2026-04-20,000858,14:48:39,101.3500,20,1
2026-04-20,000858,14:48:42,101.3400,21,2
2026-04-20,000858,14:48:45,101.3400,4,2
2026-04-20,000858,14:48:48,101.3400,26,2
2026-04-20,000858,14:48:51,101.3400,9,2
2026-04-20,000858,14:48:54,101.3400,12,2
2026-04-20,000858,14:48:57,101.3500,23,1
2026-04-20,000858,14:49:00,101.3500,2,1
2026-04-20,000858,14:49:03,101.3400,9,2
2026-04-20,000858,14:49:06,101.3400,13,2
2026-04-20,000858,14:49:09,101.3500,21,1
2026-04-20,000858,14:49:12,101.3500,36,1
2026-04-20,000858,14:49:15,101.3400,37,2
2026-04-20,000858,14:49:18,101.3400,15,2
2026-04-20,000858,14:49:21,101.3500,54,1
2026-04-20,000858,14:49:24,101.3400,41,2
2026-04-20,000858,14:49:27,101.3400,89,2
2026-04-20,000858,14:49:30,101.3400,22,1
2026-04-20,000858,14:49:33,101.3400,20,1
2026-04-20,000858,14:49:36,101.3300,35,2
2026-04-20,000858,14:49:39,101.3300,19,2
2026-04-20,000858,14:49:42,101.3400,16,1
2026-04-20,000858,14:49:45,101.3400,7,1
2026-04-20,000858,14:49:48,101.3300,33,2
2026-04-20,000858,14:49:51,101.3400,17,1
2026-04-20,000858,14:49:54,101.3400,87,1
2026-04-20,000858,14:49:57,101.3300,27,2
2026-04-20,000858,14:50:00,101.3400,8,1
2026-04-20,000858,14:50:03,101.3400,39,1
2026-04-20,000858,14:50:06,101.3300,270,2
2026-04-20,000858,14:50:09,101.3300,17,2
2026-04-20,000858,14:50:12,101.3300,110,2
2026-04-20,000858,14:50:15,101.3300,81,2
2026-04-20,000858,14:50:18,101.3300,8,2
2026-04-20,000858,14:50:21,101.3400,7,1
2026-04-20,000858,14:50:24,101.3300,11,2
2026-04-20,000858,14:50:27,101.3400,22,1
2026-04-20,000858,14:50:30,101.3400,18,1
2026-04-20,000858,14:50:33,101.3400,87,1
2026-04-20,000858,14:50:36,101.3400,14,1
2026-04-20,000858,14:50:39,101.3500,16,1
2026-04-20,000858,14:50:42,101.3400,11,2
2026-04-20,000858,14:50:45,101.3400,7,2
2026-04-20,000858,14:50:48,101.3400,3,2
2026-04-20,000858,14:50:51,101.3400,20,2
2026-04-20,000858,14:50:54,101.3400,30,2
2026-04-20,000858,14:50:57,101.3400,22,2
2026-04-20,000858,14:51:00,101.3400,20,2
2026-04-20,000858,14:51:03,101.3500,26,1
2026-04-20,000858,14:51:06,101.3400,63,2
2026-04-20,000858,14:51:09,101.3500,14,1
2026-04-20,000858,14:51:12,101.3500,42,1
2026-04-20,000858,14:51:15,101.3500,26,2
2026-04-20,000858,14:51:18,101.3600,32,1
2026-04-20,000858,14:51:21,101.3500,10,2
2026-04-20,000858,14:51:24,101.3500,6,2
2026-04-20,000858,14:51:27,101.3500,18,2
2026-04-20,000858,14:51:30,101.3500,40,2
2026-04-20,000858,14:51:33,101.3600,22,1
2026-04-20,000858,14:51:36,101.3500,10,2
2026-04-20,000858,14:51:39,101.3500,70,2
2026-04-20,000858,14:51:42,101.3500,34,2
2026-04-20,000858,14:51:45,101.3500,24,2
2026-04-20,000858,14:51:48,101.3400,15,2
2026-04-20,000858,14:51:51,101.3400,40,2
2026-04-20,000858,14:51:54,101.3500,17,2
2026-04-20,000858,14:51:57,101.3600,7,1
2026-04-20,000858,14:52:00,101.3400,14,2
2026-04-20,000858,14:52:03,101.3500,15,1
2026-04-20,000858,14:52:06,101.3500,9,2
2026-04-20,000858,14:52:09,101.3600,5,1
2026-04-20,000858,14:52:12,101.3600,32,1
2026-04-20,000858,14:52:15,101.3500,230,2
2026-04-20,000858,14:52:18,101.3600,2,1
2026-04-20,000858,14:52:21,101.3600,11,1
2026-04-20,000858,14:52:24,101.3600,45,1
2026-04-20,000858,14:52:27,101.3500,47,2
2026-04-20,000858,14:52:30,101.3600,15,1
2026-04-20,000858,14:52:33,101.3600,3,1
2026-04-20,000858,14:52:36,101.3600,5,1
2026-04-20,000858,14:52:39,101.3500,26,2
2026-04-20,000858,14:52:42,101.3600,14,1
2026-04-20,000858,14:52:45,101.3500,18,2
2026-04-20,000858,14:52:48,101.3500,23,2
2026-04-20,000858,14:52:51,101.3500,10,2
2026-04-20,000858,14:52:54,101.3500,33,2
2026-04-20,000858,14:52:57,101.3600,8,1
2026-04-20,000858,14:53:00,101.3500,12,2
2026-04-20,000858,14:53:03,101.3600,10,1
2026-04-20,000858,14:53:06,101.3500,84,2
2026-04-20,000858,14:53:09,101.3600,5,1
2026-04-20,000858,14:53:12,101.3500,38,2
2026-04-20,000858,14:53:15,101.3600,42,1
2026-04-20,000858,14:53:18,101.3500,17,2
2026-04-20,000858,14:53:21,101.3600,17,1
2026-04-20,000858,14:53:24,101.3600,25,1
2026-04-20,000858,14:53:27,101.3600,38,1
2026-04-20,000858,14:53:30,101.3500,43,2
2026-04-20,000858,14:53:33,101.3600,136,1
2026-04-20,000858,14:53:36,101.3600,46,2
2026-04-20,000858,14:53:39,101.3600,2,1
2026-04-20,000858,14:53:42,101.3700,23,1
2026-04-20,000858,14:53:45,101.3700,7,1
2026-04-20,000858,14:53:48,101.3600,41,2
2026-04-20,000858,14:53:51,101.3600,46,2
2026-04-20,000858,14:53:54,101.3500,18,2
2026-04-20,000858,14:53:57,101.3600,48,1
2026-04-20,000858,14:54:00,101.3600,42,1
2026-04-20,000858,14:54:03,101.3600,8,4
2026-04-20,000858,14:54:06,101.3500,43,2
2026-04-20,000858,14:54:09,101.3600,25,4
2026-04-20,000858,14:54:12,101.3500,81,2
2026-04-20,000858,14:54:15,101.3500,34,2
2026-04-20,000858,14:54:18,101.3700,1,1
2026-04-20,000858,14:54:21,101.3700,81,1
2026-04-20,000858,14:54:24,101.3700,11,1
2026-04-20,000858,14:54:27,101.3700,33,1
2026-04-20,000858,14:54:30,101.3700,25,1
2026-04-20,000858,14:54:33,101.3500,33,2
2026-04-20,000858,14:54:36,101.3600,20,1
2026-04-20,000858,14:54:39,101.3600,35,2
2026-04-20,000858,14:54:42,101.3700,37,1
2026-04-20,000858,14:54:45,101.3700,22,1
2026-04-20,000858,14:54:48,101.3600,15,2
2026-04-20,000858,14:54:51,101.3600,29,4
2026-04-20,000858,14:54:54,101.3500,48,2
2026-04-20,000858,14:54:57,101.3500,73,2
2026-04-20,000858,14:55:00,101.3500,9,2
2026-04-20,000858,14:55:03,101.3600,98,1
2026-04-20,000858,14:55:06,101.3500,58,2
2026-04-20,000858,14:55:09,101.3600,61,1
2026-04-20,000858,14:55:12,101.3700,14,1
2026-04-20,000858,14:55:15,101.3600,24,2
2026-04-20,000858,14:55:18,101.3600,72,2
2026-04-20,000858,14:55:21,101.3600,22,2
2026-04-20,000858,14:55:24,101.3600,46,2
2026-04-20,000858,14:55:27,101.3500,86,2
2026-04-20,000858,14:55:30,101.3600,73,4
2026-04-20,000858,14:55:33,101.3600,8,2
2026-04-20,000858,14:55:36,101.3700,54,1
2026-04-20,000858,14:55:39,101.3600,42,2
2026-04-20,000858,14:55:42,101.3600,15,1
2026-04-20,000858,14:55:45,101.3600,102,1
2026-04-20,000858,14:55:48,101.3500,47,2
2026-04-20,000858,14:55:51,101.3600,50,2
2026-04-20,000858,14:55:54,101.3600,29,2
2026-04-20,000858,14:55:57,101.3700,55,1
2026-04-20,000858,14:56:00,101.3500,190,2
2026-04-20,000858,14:56:03,101.3800,20,1
2026-04-20,000858,14:56:06,101.3500,28,2
2026-04-20,000858,14:56:09,101.3500,2,2
2026-04-20,000858,14:56:12,101.3800,7,1
2026-04-20,000858,14:56:15,101.3800,111,1
2026-04-20,000858,14:56:18,101.3800,14,1
2026-04-20,000858,14:56:21,101.3800,137,1
2026-04-20,000858,14:56:24,101.3800,8,1
2026-04-20,000858,14:56:27,101.3600,45,2
2026-04-20,000858,14:56:30,101.3800,53,1
2026-04-20,000858,14:56:33,101.3700,83,2
2026-04-20,000858,14:56:36,101.3600,68,2
2026-04-20,000858,14:56:39,101.3600,30,2
2026-04-20,000858,14:56:42,101.3800,110,1
2026-04-20,000858,14:56:45,101.3700,30,1
2026-04-20,000858,14:56:48,101.3700,125,2
2026-04-20,000858,14:56:51,101.3600,34,2
2026-04-20,000858,14:56:54,101.3700,36,4
2026-04-20,000858,14:56:57,101.3800,12,1
2026-04-20,000858,14:57:00,101.3700,15,2
2026-04-20,000858,15:00:01,101.3500,2344,4
2026-04-20,000858,13:12:12,101.6200,60,1
2026-04-20,000858,13:12:15,101.6600,20,1
2026-04-20,000858,13:12:18,101.6300,65,2
2026-04-20,000858,13:12:21,101.6600,8,1
2026-04-20,000858,13:12:24,101.6700,19,1
2026-04-20,000858,13:12:27,101.6200,9,2
2026-04-20,000858,13:12:30,101.6500,1,1
2026-04-20,000858,13:12:33,101.6000,16,2
2026-04-20,000858,13:12:36,101.5900,4,2
2026-04-20,000858,13:12:39,101.5600,57,2
2026-04-20,000858,13:12:42,101.5400,56,2
2026-04-20,000858,13:12:45,101.5700,21,1
2026-04-20,000858,13:12:48,101.5600,7,2
2026-04-20,000858,13:12:51,101.5500,10,2
2026-04-20,000858,13:12:54,101.5400,30,2
2026-04-20,000858,13:12:57,101.5500,3,4
2026-04-20,000858,13:13:00,101.5400,6,2
2026-04-20,000858,13:13:03,101.5600,14,1
2026-04-20,000858,13:13:06,101.5500,3,2
2026-04-20,000858,13:13:09,101.5600,1,1
2026-04-20,000858,13:13:12,101.5600,2,1
2026-04-20,000858,13:13:15,101.5600,67,1
2026-04-20,000858,13:13:18,101.6000,27,1
2026-04-20,000858,13:13:21,101.5600,3,2
2026-04-20,000858,13:13:24,101.6300,14,1
2026-04-20,000858,13:13:30,101.6300,1,1
2026-04-20,000858,13:13:33,101.6400,7,1
2026-04-20,000858,13:13:36,101.6000,3,2
2026-04-20,000858,13:13:39,101.6000,5,1
2026-04-20,000858,13:13:42,101.6000,5,1
2026-04-20,000858,13:13:45,101.6000,9,1
2026-04-20,000858,13:13:48,101.6000,31,1
2026-04-20,000858,13:13:51,101.6000,1,2
2026-04-20,000858,13:13:54,101.6000,18,2
2026-04-20,000858,13:13:57,101.6600,15,1
2026-04-20,000858,13:14:03,101.6500,13,1
2026-04-20,000858,13:14:06,101.6400,16,2
2026-04-20,000858,13:14:09,101.6300,2,1
2026-04-20,000858,13:14:12,101.6400,4,1
2026-04-20,000858,13:14:15,101.6300,18,2
2026-04-20,000858,13:14:18,101.6300,4,2
2026-04-20,000858,13:14:24,101.6300,8,1
2026-04-20,000858,13:14:27,101.6300,6,1
2026-04-20,000858,13:14:30,101.6500,51,1
2026-04-20,000858,13:14:33,101.6200,24,1
2026-04-20,000858,13:14:36,101.6200,2,1
2026-04-20,000858,13:14:39,101.6200,1,1
2026-04-20,000858,13:14:42,101.6200,5,1
2026-04-20,000858,13:14:45,101.6100,14,2
2026-04-20,000858,13:14:48,101.6100,5,2
2026-04-20,000858,13:14:51,101.6000,4,2
2026-04-20,000858,13:14:54,101.6100,23,1
2026-04-20,000858,13:14:57,101.6100,13,1
2026-04-20,000858,13:15:03,101.6200,13,1
2026-04-20,000858,13:15:06,101.6200,17,1
2026-04-20,000858,13:15:09,101.6200,8,1
2026-04-20,000858,13:15:12,101.6100,7,2
2026-04-20,000858,13:15:15,101.6100,16,1
2026-04-20,000858,13:15:18,101.6000,18,2
2026-04-20,000858,13:15:24,101.6100,13,2
2026-04-20,000858,13:15:27,101.6100,1,2
2026-04-20,000858,13:15:30,101.6100,4,2
2026-04-20,000858,13:15:33,101.6400,7,1
2026-04-20,000858,13:15:36,101.6400,30,1
2026-04-20,000858,13:15:39,101.6100,10,2
2026-04-20,000858,13:15:42,101.6100,2,1
2026-04-20,000858,13:15:45,101.6100,10,1
2026-04-20,000858,13:15:48,101.6000,21,2
2026-04-20,000858,13:15:54,101.6200,11,1
2026-04-20,000858,13:15:57,101.6100,3,2
2026-04-20,000858,13:16:00,101.6000,3,2
2026-04-20,000858,13:16:03,101.6000,19,2
2026-04-20,000858,13:16:06,101.6400,4,1
2026-04-20,000858,13:16:09,101.6100,1,2
2026-04-20,000858,13:16:12,101.6000,15,2
2026-04-20,000858,13:16:15,101.6200,8,1
2026-04-20,000858,13:16:18,101.6100,22,1
2026-04-20,000858,13:16:21,101.6100,33,1
2026-04-20,000858,13:16:24,101.6200,12,1
2026-04-20,000858,13:16:30,101.6200,7,1
2026-04-20,000858,13:16:33,101.6300,11,1
2026-04-20,000858,13:16:36,101.6100,7,2
2026-04-20,000858,13:16:39,101.6400,7,1
2026-04-20,000858,13:16:42,101.6100,18,2
2026-04-20,000858,13:16:45,101.6400,16,1
2026-04-20,000858,13:16:48,101.6100,19,2
2026-04-20,000858,13:16:51,101.6200,30,1
2026-04-20,000858,13:16:54,101.6100,1,2
2026-04-20,000858,13:16:57,101.6100,33,2
2026-04-20,000858,13:17:00,101.6400,5,1
2026-04-20,000858,13:17:03,101.6200,55,2
2026-04-20,000858,13:17:06,101.6100,22,2
2026-04-20,000858,13:17:09,101.6100,13,1
2026-04-20,000858,13:17:12,101.6500,29,1
2026-04-20,000858,13:17:15,101.6100,5,2
2026-04-20,000858,13:17:18,101.6600,71,1
2026-04-20,000858,13:17:21,101.6500,14,1
2026-04-20,000858,13:17:24,101.6600,9,1
2026-04-20,000858,13:17:27,101.6600,29,1
2026-04-20,000858,13:17:30,101.6600,30,2
2026-04-20,000858,13:17:33,101.6500,18,2
2026-04-20,000858,13:17:36,101.6500,4,2
2026-04-20,000858,13:17:39,101.6600,16,1
2026-04-20,000858,13:17:42,101.6600,39,1
2026-04-20,000858,13:17:45,101.6800,7,1
2026-04-20,000858,13:17:48,101.6600,25,2
2026-04-20,000858,13:17:51,101.7000,63,1
2026-04-20,000858,13:17:54,101.6700,15,1
2026-04-20,000858,13:17:57,101.6300,3,2
2026-04-20,000858,13:18:00,101.6200,15,2
2026-04-20,000858,13:18:03,101.5900,173,2
2026-04-20,000858,13:18:06,101.6200,19,1
2026-04-20,000858,13:18:09,101.5800,2,2
2026-04-20,000858,13:18:12,101.5800,8,2
2026-04-20,000858,13:18:18,101.5800,10,2
2026-04-20,000858,13:18:21,101.5800,3,1
2026-04-20,000858,13:18:24,101.5700,13,2
2026-04-20,000858,13:18:27,101.5800,7,1
2026-04-20,000858,13:18:30,101.5700,8,2
2026-04-20,000858,13:18:33,101.5700,5,2
2026-04-20,000858,13:18:36,101.5800,5,1
2026-04-20,000858,13:18:39,101.5700,2,2
2026-04-20,000858,13:18:42,101.5800,1,1
2026-04-20,000858,13:18:45,101.5700,6,2
2026-04-20,000858,13:18:48,101.5900,23,1
2026-04-20,000858,13:18:51,101.5800,5,1
2026-04-20,000858,13:18:54,101.5900,2,1
2026-04-20,000858,13:18:57,101.5800,2,2
2026-04-20,000858,13:19:00,101.5800,2,2
2026-04-20,000858,13:19:06,101.5600,7,2
2026-04-20,000858,13:19:09,101.5800,1,1
2026-04-20,000858,13:19:12,101.5800,1,1
2026-04-20,000858,13:19:15,101.5800,14,1
2026-04-20,000858,13:19:18,101.5800,23,1
2026-04-20,000858,13:19:21,101.5800,6,1
2026-04-20,000858,13:19:24,101.5600,4,2
2026-04-20,000858,13:19:27,101.5600,5,1
2026-04-20,000858,13:19:30,101.5600,9,2
2026-04-20,000858,13:19:33,101.5600,2,2
2026-04-20,000858,13:19:36,101.5700,3,1
2026-04-20,000858,13:19:39,101.5700,12,1
2026-04-20,000858,13:19:42,101.5900,3,1
2026-04-20,000858,13:19:45,101.5900,13,1
2026-04-20,000858,13:19:48,101.5800,9,2
2026-04-20,000858,13:19:51,101.5700,10,2
2026-04-20,000858,13:19:54,101.5700,8,2
2026-04-20,000858,13:20:00,101.5700,1,2
2026-04-20,000858,13:20:03,101.5700,50,2
2026-04-20,000858,13:20:06,101.5600,9,2
2026-04-20,000858,13:20:09,101.5700,10,1
2026-04-20,000858,13:20:12,101.5700,15,4
2026-04-20,000858,13:20:15,101.5700,1,4
2026-04-20,000858,13:20:18,101.5600,22,2
2026-04-20,000858,13:20:21,101.5700,12,1
2026-04-20,000858,13:20:24,101.5600,3,2
2026-04-20,000858,13:20:27,101.5700,9,1
2026-04-20,000858,13:20:30,101.5700,34,2
2026-04-20,000858,13:20:33,101.5700,24,2
2026-04-20,000858,13:20:36,101.5700,8,2
2026-04-20,000858,13:20:39,101.5500,93,2
2026-04-20,000858,13:20:42,101.5600,19,1
2026-04-20,000858,13:20:45,101.5400,7,2
2026-04-20,000858,13:20:48,101.5400,14,2
2026-04-20,000858,13:20:51,101.5400,10,1
2026-04-20,000858,13:20:54,101.5400,12,1
2026-04-20,000858,13:20:57,101.5500,1,1
2026-04-20,000858,13:21:03,101.5400,17,2
2026-04-20,000858,13:21:06,101.5400,6,2
2026-04-20,000858,13:21:09,101.5400,11,2
2026-04-20,000858,13:21:12,101.5400,2,2
2026-04-20,000858,13:21:15,101.5300,3,2
2026-04-20,000858,13:21:18,101.5300,5,2
2026-04-20,000858,13:21:21,101.5300,4,1
2026-04-20,000858,13:21:24,101.5200,11,2
2026-04-20,000858,13:21:27,101.5200,18,2
2026-04-20,000858,13:21:30,101.5300,10,1
2026-04-20,000858,13:21:33,101.5200,11,2
2026-04-20,000858,13:21:36,101.5200,7,1
2026-04-20,000858,13:21:39,101.5200,3,1
2026-04-20,000858,13:21:42,101.5200,5,2
2026-04-20,000858,13:21:45,101.5200,10,2
2026-04-20,000858,13:21:48,101.5200,21,1
2026-04-20,000858,13:21:51,101.5100,2,2
2026-04-20,000858,13:21:54,101.5100,80,2
2026-04-20,000858,13:21:57,101.5000,91,2
2026-04-20,000858,13:22:00,101.5000,10,2
2026-04-20,000858,13:22:03,101.5000,263,2
2026-04-20,000858,13:22:06,101.5000,121,2
2026-04-20,000858,13:22:09,101.5000,38,2
2026-04-20,000858,13:22:12,101.5000,32,1
2026-04-20,000858,13:22:15,101.4900,4,2
2026-04-20,000858,13:22:18,101.4800,29,2
2026-04-20,000858,13:22:21,101.4900,20,1
2026-04-20,000858,13:22:24,101.4900,4,1
2026-04-20,000858,13:22:27,101.4800,16,2
2026-04-20,000858,13:22:30,101.4700,39,2
2026-04-20,000858,13:22:33,101.4400,152,2
2026-04-20,000858,13:22:36,101.4400,33,2
2026-04-20,000858,13:22:39,101.4300,47,2
2026-04-20,000858,13:22:42,101.4200,25,2
2026-04-20,000858,13:22:45,101.4400,8,1
2026-04-20,000858,13:22:48,101.4400,33,2
2026-04-20,000858,13:22:51,101.4300,32,2
2026-04-20,000858,13:22:54,101.4500,4,2
2026-04-20,000858,13:22:57,101.4700,8,1
2026-04-20,000858,13:23:00,101.4700,12,1
2026-04-20,000858,13:23:06,101.4600,2,1
2026-04-20,000858,13:23:09,101.4500,6,2
2026-04-20,000858,13:23:12,101.4500,53,2
2026-04-20,000858,13:23:15,101.4600,8,1
2026-04-20,000858,13:23:18,101.4500,33,2
2026-04-20,000858,13:23:21,101.4700,4,1
2026-04-20,000858,13:23:24,101.4600,2,2
2026-04-20,000858,13:23:27,101.4600,2,2
2026-04-20,000858,13:23:30,101.4600,15,1
2026-04-20,000858,13:23:33,101.4500,6,2
2026-04-20,000858,13:23:36,101.4500,9,2
2026-04-20,000858,13:23:39,101.4500,28,2
2026-04-20,000858,13:23:42,101.4600,2,1
2026-04-20,000858,13:23:45,101.4500,11,2
2026-04-20,000858,13:23:48,101.4500,14,2
2026-04-20,000858,13:23:51,101.4500,8,1
2026-04-20,000858,13:23:54,101.4400,5,2
2026-04-20,000858,13:23:57,101.4500,15,1
2026-04-20,000858,13:24:00,101.4400,24,4
2026-04-20,000858,13:24:03,101.4400,8,1
2026-04-20,000858,13:24:06,101.4300,37,2
2026-04-20,000858,13:24:09,101.4400,17,1
2026-04-20,000858,13:24:12,101.4400,1,1
2026-04-20,000858,13:24:15,101.4300,28,2
2026-04-20,000858,13:24:18,101.4400,33,1
2026-04-20,000858,13:24:21,101.4300,10,2
2026-04-20,000858,13:24:24,101.4300,13,2
2026-04-20,000858,13:24:27,101.4300,11,2
2026-04-20,000858,13:24:30,101.4400,26,1
2026-04-20,000858,13:24:33,101.4400,12,2
2026-04-20,000858,13:24:36,101.4400,8,2
2026-04-20,000858,13:24:39,101.4400,4,2
2026-04-20,000858,13:24:42,101.4400,16,2
2026-04-20,000858,13:24:45,101.4400,8,1
2026-04-20,000858,13:24:48,101.4400,38,1
2026-04-20,000858,13:24:51,101.4400,33,1
2026-04-20,000858,13:24:54,101.4400,8,1
2026-04-20,000858,13:24:57,101.4400,19,1
2026-04-20,000858,13:25:03,101.4400,56,1
2026-04-20,000858,13:25:06,101.4400,9,2
2026-04-20,000858,13:25:09,101.4500,8,1
2026-04-20,000858,13:25:12,101.4500,15,1
2026-04-20,000858,13:25:15,101.4400,5,2
2026-04-20,000858,13:25:18,101.4400,53,2
2026-04-20,000858,13:25:21,101.4400,44,2
2026-04-20,000858,13:25:24,101.4500,10,1
2026-04-20,000858,13:25:27,101.4500,13,1
2026-04-20,000858,13:25:30,101.4500,27,1
2026-04-20,000858,13:25:33,101.4400,17,2
2026-04-20,000858,13:25:36,101.4400,37,2
2026-04-20,000858,13:25:39,101.4500,35,1
2026-04-20,000858,13:25:42,101.4500,19,1
2026-04-20,000858,13:25:45,101.4400,7,2
2026-04-20,000858,13:25:48,101.4400,33,2
2026-04-20,000858,13:25:51,101.4500,26,1
2026-04-20,000858,13:25:54,101.4500,9,2
2026-04-20,000858,13:25:57,101.4500,7,2
2026-04-20,000858,13:26:00,101.4400,16,2
2026-04-20,000858,13:26:03,101.4500,15,1
2026-04-20,000858,13:26:06,101.4400,30,2
2026-04-20,000858,13:26:09,101.4500,24,1
2026-04-20,000858,13:26:12,101.4500,2,1
2026-04-20,000858,13:26:18,101.4400,32,2
2026-04-20,000858,13:26:21,101.4400,28,1
2026-04-20,000858,13:26:24,101.4400,11,1
2026-04-20,000858,13:26:27,101.4300,29,2
2026-04-20,000858,13:26:30,101.4400,30,1
2026-04-20,000858,13:26:33,101.4300,21,4
2026-04-20,000858,13:26:36,101.4200,38,2
2026-04-20,000858,13:26:39,101.4400,15,1
2026-04-20,000858,13:26:42,101.4400,44,1
2026-04-20,000858,13:26:45,101.4400,26,2
2026-04-20,000858,13:26:48,101.4400,20,2
2026-04-20,000858,13:26:51,101.4400,8,2
2026-04-20,000858,13:26:54,101.4400,7,2
2026-04-20,000858,13:26:57,101.4400,2,1
2026-04-20,000858,13:27:00,101.4400,2,1
2026-04-20,000858,13:27:03,101.4400,9,1
2026-04-20,000858,13:27:06,101.4400,10,1
2026-04-20,000858,13:27:09,101.4500,177,1
2026-04-20,000858,13:27:12,101.4500,31,2
2026-04-20,000858,13:27:15,101.4300,4,2
2026-04-20,000858,13:27:18,101.4200,20,2
2026-04-20,000858,13:27:21,101.4500,15,1
2026-04-20,000858,13:27:24,101.4300,16,2
2026-04-20,000858,13:27:27,101.4500,5,1
2026-04-20,000858,13:27:30,101.4500,2,2
2026-04-20,000858,13:27:33,101.4500,18,2
2026-04-20,000858,13:27:36,101.4500,5,1
2026-04-20,000858,13:27:39,101.4500,8,4
2026-04-20,000858,13:27:42,101.4500,10,2
2026-04-20,000858,13:27:45,101.4600,37,1
2026-04-20,000858,13:27:48,101.4500,16,2
2026-04-20,000858,13:27:51,101.4600,19,1
2026-04-20,000858,13:27:54,101.4500,1,4
2026-04-20,000858,13:27:57,101.4600,5,1
2026-04-20,000858,13:28:00,101.4500,2,2
2026-04-20,000858,13:28:03,101.4600,12,1
2026-04-20,000858,13:28:06,101.4600,5,1
2026-04-20,000858,13:28:09,101.4500,9,2
2026-04-20,000858,13:28:12,101.4600,3,1
2026-04-20,000858,13:28:15,101.4600,10,1
2026-04-20,000858,13:28:18,101.4600,36,1
2026-04-20,000858,13:28:24,101.4500,8,2
2026-04-20,000858,13:28:27,101.4500,15,2
2026-04-20,000858,13:28:30,101.4500,33,4
2026-04-20,000858,13:28:33,101.4300,2,2
2026-04-20,000858,13:28:36,101.4400,57,2
2026-04-20,000858,13:28:39,101.4400,17,2
2026-04-20,000858,13:28:42,101.4400,16,2
2026-04-20,000858,13:28:45,101.4400,12,2
2026-04-20,000858,13:28:48,101.4400,15,2
2026-04-20,000858,13:28:51,101.4300,8,2
2026-04-20,000858,13:28:54,101.4300,22,2
2026-04-20,000858,13:28:57,101.4500,30,1
2026-04-20,000858,13:29:00,101.4300,35,2
2026-04-20,000858,13:29:03,101.4300,21,1
2026-04-20,000858,13:29:06,101.4300,32,1
2026-04-20,000858,13:29:09,101.4200,4,2
2026-04-20,000858,13:29:12,101.4300,4,1
2026-04-20,000858,13:29:15,101.4300,3,1
2026-04-20,000858,13:29:18,101.4300,140,1
2026-04-20,000858,13:29:21,101.4400,13,1
2026-04-20,000858,13:29:24,101.4300,5,2
2026-04-20,000858,13:29:27,101.4300,1,2
2026-04-20,000858,13:29:30,101.4400,1,1
2026-04-20,000858,13:29:33,101.4400,12,2
2026-04-20,000858,13:29:36,101.4300,27,2
2026-04-20,000858,13:29:39,101.4400,2,1
2026-04-20,000858,13:29:42,101.4400,1,1
2026-04-20,000858,13:29:45,101.4400,3,1
2026-04-20,000858,13:29:48,101.4400,27,1
2026-04-20,000858,13:29:51,101.4300,3,2
2026-04-20,000858,13:29:54,101.4300,7,2
2026-04-20,000858,13:30:00,101.4400,7,1
2026-04-20,000858,13:30:03,101.4400,2,1
2026-04-20,000858,13:30:06,101.4400,15,1
2026-04-20,000858,13:30:09,101.4400,7,2
2026-04-20,000858,13:30:12,101.4400,1,2
2026-04-20,000858,13:30:18,101.4400,19,2
2026-04-20,000858,13:30:21,101.4400,7,2
2026-04-20,000858,13:30:27,101.4500,1,1
2026-04-20,000858,13:30:30,101.4400,1,2
2026-04-20,000858,13:30:33,101.4500,2,1
2026-04-20,000858,13:30:36,101.4500,13,1
2026-04-20,000858,13:30:39,101.4500,2,1
2026-04-20,000858,13:30:42,101.4500,116,1
2026-04-20,000858,13:30:45,101.4300,16,2
2026-04-20,000858,13:30:48,101.4300,19,2
2026-04-20,000858,13:30:51,101.4300,19,2
2026-04-20,000858,13:30:54,101.4200,9,2
2026-04-20,000858,13:30:57,101.4300,3,1
2026-04-20,000858,13:31:00,101.4200,12,2
2026-04-20,000858,13:31:03,101.4200,11,2
2026-04-20,000858,13:31:06,101.4200,6,2
2026-04-20,000858,13:31:09,101.4200,5,2
2026-04-20,000858,13:31:18,101.4200,37,2
2026-04-20,000858,13:31:21,101.4200,84,2
2026-04-20,000858,13:31:24,101.4200,18,1
2026-04-20,000858,13:31:27,101.4200,11,1
2026-04-20,000858,13:31:30,101.4200,3,1
2026-04-20,000858,13:31:33,101.4200,52,1
2026-04-20,000858,13:31:36,101.4200,8,1
2026-04-20,000858,13:31:39,101.4200,11,1
2026-04-20,000858,13:31:42,101.4100,1,2
2026-04-20,000858,13:31:45,101.4100,15,2
2026-04-20,000858,13:31:48,101.4200,19,1
2026-04-20,000858,13:31:51,101.4100,32,2
2026-04-20,000858,13:31:54,101.4200,2,1
2026-04-20,000858,13:31:57,101.4200,14,1
2026-04-20,000858,13:32:00,101.4100,1,2
2026-04-20,000858,13:32:03,101.4200,7,1
2026-04-20,000858,13:32:06,101.4100,10,2
2026-04-20,000858,13:32:09,101.4100,21,2
2026-04-20,000858,13:32:12,101.4100,21,2
2026-04-20,000858,13:32:15,101.4100,8,2
2026-04-20,000858,13:32:18,101.4100,38,2
2026-04-20,000858,13:32:21,101.4100,35,2
2026-04-20,000858,13:32:24,101.4200,5,1
2026-04-20,000858,13:32:27,101.4200,58,1
2026-04-20,000858,13:32:30,101.4200,6,2
2026-04-20,000858,13:32:33,101.4200,6,2
2026-04-20,000858,13:32:36,101.4300,9,1
2026-04-20,000858,13:32:39,101.4200,5,2
2026-04-20,000858,13:32:42,101.4300,7,1
2026-04-20,000858,13:32:45,101.4300,7,1
2026-04-20,000858,13:32:48,101.4200,5,2
2026-04-20,000858,13:32:51,101.4300,5,1
2026-04-20,000858,13:32:54,101.4300,6,1
2026-04-20,000858,13:32:57,101.4200,5,2
2026-04-20,000858,13:33:00,101.4200,6,2
2026-04-20,000858,13:33:03,101.4300,3,1
2026-04-20,000858,13:33:06,101.4300,13,1
2026-04-20,000858,13:33:09,101.4300,4,1
2026-04-20,000858,13:33:12,101.4300,9,1
2026-04-20,000858,13:33:15,101.4200,11,2
2026-04-20,000858,13:33:18,101.4200,22,2
2026-04-20,000858,13:33:21,101.4200,4,2
2026-04-20,000858,13:33:24,101.4300,13,1
2026-04-20,000858,13:33:27,101.4200,16,2
2026-04-20,000858,13:33:30,101.4200,16,1
2026-04-20,000858,13:33:33,101.4200,10,1
2026-04-20,000858,13:33:36,101.4200,7,2
2026-04-20,000858,13:33:39,101.4300,4,1
2026-04-20,000858,13:33:45,101.4200,7,2
2026-04-20,000858,13:33:48,101.4200,27,2
2026-04-20,000858,13:33:51,101.4200,19,1
2026-04-20,000858,13:33:54,101.4200,4,2
2026-04-20,000858,13:33:57,101.4300,1,1
2026-04-20,000858,13:34:00,101.4200,3,2
2026-04-20,000858,13:34:03,101.4300,6,1
2026-04-20,000858,13:34:06,101.4200,8,2
2026-04-20,000858,13:34:09,101.4200,4,2
2026-04-20,000858,13:34:12,101.4200,6,2
2026-04-20,000858,13:34:15,101.4300,19,1
2026-04-20,000858,13:34:18,101.4200,14,2
2026-04-20,000858,13:34:21,101.4200,12,1
2026-04-20,000858,13:34:24,101.4200,7,1
2026-04-20,000858,13:34:27,101.4200,1,2
2026-04-20,000858,13:34:30,101.4200,6,2
2026-04-20,000858,13:34:33,101.4200,8,2
2026-04-20,000858,13:34:36,101.4300,7,1
2026-04-20,000858,13:34:39,101.4300,2,1
2026-04-20,000858,13:34:42,101.4200,11,2
2026-04-20,000858,13:34:45,101.4300,4,1
2026-04-20,000858,13:34:48,101.4300,19,1
2026-04-20,000858,13:34:51,101.4400,51,1
2026-04-20,000858,13:34:54,101.4400,3,1
2026-04-20,000858,13:34:57,101.4400,3,1
2026-04-20,000858,13:35:00,101.4500,2,1
2026-04-20,000858,13:35:03,101.4200,3,2
2026-04-20,000858,13:35:06,101.4500,9,1
2026-04-20,000858,13:35:09,101.4500,8,1
2026-04-20,000858,13:35:12,101.4500,2,2
2026-04-20,000858,13:35:15,101.4600,4,1
2026-04-20,000858,13:35:18,101.4500,21,2
2026-04-20,000858,13:35:21,101.4300,3,2
2026-04-20,000858,13:35:24,101.4600,2,1
2026-04-20,000858,13:35:27,101.4300,50,2
2026-04-20,000858,13:35:30,101.4300,100,1
2026-04-20,000858,13:35:33,101.4300,15,1
2026-04-20,000858,13:35:36,101.4200,10,2
2026-04-20,000858,13:35:39,101.4200,5,2
2026-04-20,000858,13:35:42,101.4200,19,2
2026-04-20,000858,13:35:45,101.4300,10,1
2026-04-20,000858,13:35:48,101.4200,29,2
2026-04-20,000858,13:35:51,101.4200,4,2
2026-04-20,000858,13:35:54,101.4300,10,1
2026-04-20,000858,13:35:57,101.4200,21,2
2026-04-20,000858,13:36:00,101.4300,23,1
2026-04-20,000858,13:36:03,101.4200,12,2
2026-04-20,000858,13:36:06,101.4200,3,2
2026-04-20,000858,13:36:09,101.4200,4,2
2026-04-20,000858,13:36:12,101.4200,138,2
2026-04-20,000858,13:36:15,101.4300,3,1
2026-04-20,000858,13:36:18,101.4200,22,2
2026-04-20,000858,13:36:21,101.4300,7,1
2026-04-20,000858,13:36:24,101.4200,8,2
2026-04-20,000858,13:36:27,101.4300,11,1
2026-04-20,000858,13:36:30,101.4200,12,2
2026-04-20,000858,13:36:33,101.4300,109,1
2026-04-20,000858,13:36:36,101.4200,5,2
2026-04-20,000858,13:36:39,101.4400,12,1
2026-04-20,000858,13:36:42,101.4200,24,2
2026-04-20,000858,13:36:45,101.4400,13,2
2026-04-20,000858,13:36:48,101.4300,42,2
2026-04-20,000858,13:36:51,101.4200,5,2
2026-04-20,000858,13:36:54,101.4200,19,2
2026-04-20,000858,13:36:57,101.4200,1,2
2026-04-20,000858,13:37:00,101.4300,4,4
2026-04-20,000858,13:37:03,101.4300,7,2
2026-04-20,000858,13:37:06,101.4300,12,2
2026-04-20,000858,13:37:09,101.4400,12,1
2026-04-20,000858,13:37:12,101.4300,3,2
2026-04-20,000858,13:37:15,101.4300,5,2
2026-04-20,000858,13:37:18,101.4300,33,2
2026-04-20,000858,13:37:21,101.4300,35,2
2026-04-20,000858,13:37:24,101.4400,2,1
2026-04-20,000858,13:37:27,101.4300,4,2
2026-04-20,000858,13:37:30,101.4300,3,2
2026-04-20,000858,13:37:33,101.4300,5,2
2026-04-20,000858,13:37:36,101.4300,3,2
2026-04-20,000858,13:37:42,101.4300,3,2
2026-04-20,000858,13:37:45,101.4400,5,1
2026-04-20,000858,13:37:48,101.4400,21,1
2026-04-20,000858,13:37:54,101.4400,6,1
2026-04-20,000858,13:37:57,101.4400,11,1
2026-04-20,000858,13:38:00,101.4400,3,1
2026-04-20,000858,13:38:03,101.4400,6,1
2026-04-20,000858,13:38:06,101.4400,6,1
2026-04-20,000858,13:38:09,101.4400,10,1
2026-04-20,000858,13:38:12,101.4400,2,1
2026-04-20,000858,13:38:15,101.4300,1,2
2026-04-20,000858,13:38:18,101.4400,26,1
2026-04-20,000858,13:38:21,101.4400,5,1
2026-04-20,000858,13:38:24,101.4400,14,1
2026-04-20,000858,13:38:27,101.4400,6,1
2026-04-20,000858,13:38:30,101.4400,4,1
2026-04-20,000858,13:38:33,101.4400,5,1
2026-04-20,000858,13:38:36,101.4400,3,1
2026-04-20,000858,13:38:39,101.4300,16,2
2026-04-20,000858,13:38:42,101.4400,2,1
2026-04-20,000858,13:38:45,101.4400,2,1
2026-04-20,000858,13:38:48,101.4300,27,2
2026-04-20,000858,13:38:51,101.4300,5,2
2026-04-20,000858,13:38:54,101.4400,6,1
2026-04-20,000858,13:38:57,101.4300,22,2
2026-04-20,000858,13:39:00,101.4400,12,1
2026-04-20,000858,13:39:03,101.4300,1,2
2026-04-20,000858,13:39:06,101.4400,2,1
2026-04-20,000858,13:39:09,101.4400,9,1
2026-04-20,000858,13:39:18,101.4300,23,2
2026-04-20,000858,13:39:21,101.4300,30,2
2026-04-20,000858,13:39:24,101.4300,29,2
2026-04-20,000858,13:39:27,101.4200,20,2
2026-04-20,000858,13:39:30,101.4300,6,1
2026-04-20,000858,13:39:33,101.4200,6,2
2026-04-20,000858,13:39:36,101.4300,6,1
2026-04-20,000858,13:39:39,101.4300,10,1
2026-04-20,000858,13:39:42,101.4300,1,1
2026-04-20,000858,13:39:45,101.4300,12,1
2026-04-20,000858,13:39:48,101.4200,23,2
2026-04-20,000858,13:39:51,101.4300,10,1
2026-04-20,000858,13:39:54,101.4300,4,1
2026-04-20,000858,13:39:57,101.4300,6,1
2026-04-20,000858,13:40:00,101.4300,3,1
2026-04-20,000858,13:40:03,101.4200,7,2
2026-04-20,000858,13:40:06,101.4200,30,2
2026-04-20,000858,13:40:09,101.4200,1,2
2026-04-20,000858,13:40:12,101.4200,1,2
2026-04-20,000858,13:40:15,101.4300,5,1
2026-04-20,000858,13:40:18,101.4300,21,1
2026-04-20,000858,13:40:21,101.4300,9,1
2026-04-20,000858,13:40:24,101.4200,11,2
2026-04-20,000858,13:40:27,101.4100,278,2
2026-04-20,000858,13:40:30,101.4100,77,2
2026-04-20,000858,13:40:33,101.4000,8,2
2026-04-20,000858,13:40:36,101.4100,11,1
2026-04-20,000858,13:40:39,101.4000,8,2
2026-04-20,000858,13:40:42,101.4000,11,2
2026-04-20,000858,13:40:45,101.4100,12,1
2026-04-20,000858,13:40:48,101.4100,50,1
2026-04-20,000858,13:40:51,101.3500,1520,2
2026-04-20,000858,13:40:54,101.3400,31,2
2026-04-20,000858,13:40:57,101.3200,77,2
2026-04-20,000858,13:41:00,101.3300,7,1
2026-04-20,000858,13:41:03,101.3300,12,1
2026-04-20,000858,13:41:06,101.3200,53,2
2026-04-20,000858,13:41:09,101.3200,39,2
2026-04-20,000858,13:41:12,101.3200,15,1
2026-04-20,000858,13:41:15,101.3000,163,2
2026-04-20,000858,13:41:18,101.3000,50,2
2026-04-20,000858,13:41:21,101.3000,32,2
2026-04-20,000858,13:41:24,101.3000,25,2
2026-04-20,000858,13:41:27,101.3000,45,2
2026-04-20,000858,13:41:30,101.3000,78,2
2026-04-20,000858,13:41:33,101.3000,16,2
2026-04-20,000858,13:41:36,101.3000,23,2
2026-04-20,000858,13:41:39,101.3100,34,1
2026-04-20,000858,13:41:42,101.3100,10,2
2026-04-20,000858,13:41:45,101.3100,16,2
2026-04-20,000858,13:41:48,101.3200,42,1
2026-04-20,000858,13:41:51,101.3100,16,2
2026-04-20,000858,13:41:54,101.3100,10,2
2026-04-20,000858,13:41:57,101.3100,1,1
2026-04-20,000858,13:42:00,101.3100,11,1
2026-04-20,000858,13:42:03,101.3100,31,1
2026-04-20,000858,13:42:09,101.3100,19,2
2026-04-20,000858,13:42:12,101.3100,15,2
2026-04-20,000858,13:42:15,101.3200,8,1
2026-04-20,000858,13:42:18,101.3200,20,1
2026-04-20,000858,13:42:21,101.3100,11,2
2026-04-20,000858,13:42:24,101.3200,17,1
2026-04-20,000858,13:42:27,101.3100,47,2
2026-04-20,000858,13:42:30,101.3300,9,1
2026-04-20,000858,13:42:33,101.3200,5,2
2026-04-20,000858,13:42:39,101.3300,6,1
2026-04-20,000858,13:42:45,101.3300,16,1
2026-04-20,000858,13:42:48,101.3300,43,1
2026-04-20,000858,13:42:51,101.3400,12,1
2026-04-20,000858,13:42:54,101.3300,1,2
2026-04-20,000858,13:42:57,101.3200,103,2
2026-04-20,000858,13:43:00,101.3300,9,1
2026-04-20,000858,13:43:03,101.3300,3,4
2026-04-20,000858,13:43:06,101.3300,24,1
2026-04-20,000858,13:43:09,101.3200,7,2
2026-04-20,000858,13:43:12,101.3300,20,1
2026-04-20,000858,13:43:15,101.3400,17,1
2026-04-20,000858,13:43:18,101.3400,33,1
2026-04-20,000858,13:43:21,101.3400,6,1
2026-04-20,000858,13:43:24,101.3400,20,1
2026-04-20,000858,13:43:27,101.3400,8,1
2026-04-20,000858,13:43:30,101.3300,7,2
2026-04-20,000858,13:43:33,101.3400,37,1
2026-04-20,000858,13:43:36,101.3400,5,1
2026-04-20,000858,13:43:39,101.3400,20,1
2026-04-20,000858,13:43:42,101.3500,3,1
2026-04-20,000858,13:43:45,101.3400,3,2
2026-04-20,000858,13:43:48,101.3500,33,1
2026-04-20,000858,13:43:51,101.3500,6,1
2026-04-20,000858,13:43:54,101.3500,3,1
2026-04-20,000858,13:43:57,101.3500,9,1
2026-04-20,000858,13:44:00,101.3400,2,2
2026-04-20,000858,13:44:03,101.3500,16,1
2026-04-20,000858,13:44:06,101.3500,18,1
2026-04-20,000858,13:44:09,101.3400,1,2
2026-04-20,000858,13:44:12,101.3500,2,1
2026-04-20,000858,13:44:18,101.3400,14,2
2026-04-20,000858,13:44:21,101.3400,25,1
2026-04-20,000858,13:44:24,101.3400,13,1
2026-04-20,000858,13:44:27,101.3400,1,1
2026-04-20,000858,13:44:30,101.3400,7,1
2026-04-20,000858,13:44:33,101.3400,7,1
2026-04-20,000858,13:44:36,101.3400,4,1
2026-04-20,000858,13:44:39,101.3400,3,1
2026-04-20,000858,13:44:42,101.3400,4,1
2026-04-20,000858,13:44:45,101.3300,27,2
2026-04-20,000858,13:44:48,101.3400,38,2
2026-04-20,000858,13:44:51,101.3400,2,2
2026-04-20,000858,13:45:00,101.3400,5,2
2026-04-20,000858,13:45:03,101.3500,31,1
2026-04-20,000858,13:45:06,101.3500,3,2
2026-04-20,000858,13:45:09,101.3500,3,2
2026-04-20,000858,13:45:12,101.3500,3,2
2026-04-20,000858,13:45:15,101.3600,7,1
2026-04-20,000858,13:45:18,101.3500,27,2
2026-04-20,000858,13:45:21,101.3600,2,1
2026-04-20,000858,13:45:24,101.3500,1,2
2026-04-20,000858,13:45:27,101.3500,14,2
2026-04-20,000858,13:45:30,101.3500,5,2
2026-04-20,000858,13:45:33,101.3500,20,2
2026-04-20,000858,13:45:36,101.3600,24,1
2026-04-20,000858,13:45:39,101.3400,22,2
2026-04-20,000858,13:45:42,101.3600,5,1
2026-04-20,000858,13:45:45,101.3600,12,1
2026-04-20,000858,13:45:48,101.3400,20,2
2026-04-20,000858,13:45:51,101.3400,7,2
2026-04-20,000858,13:45:54,101.3400,17,2
2026-04-20,000858,13:45:57,101.3300,4,2
2026-04-20,000858,13:46:00,101.3300,12,2
2026-04-20,000858,13:46:03,101.3300,16,2
2026-04-20,000858,13:46:06,101.3300,13,2
2026-04-20,000858,13:46:09,101.3300,9,2
2026-04-20,000858,13:46:12,101.3400,17,1
2026-04-20,000858,13:46:15,101.3300,12,2
2026-04-20,000858,13:46:18,101.3300,38,2
2026-04-20,000858,13:46:21,101.3300,7,2
2026-04-20,000858,13:46:24,101.3400,5,1
2026-04-20,000858,13:46:27,101.3400,3,2
2026-04-20,000858,13:46:30,101.3500,1,1
2026-04-20,000858,13:46:33,101.3400,11,2
2026-04-20,000858,13:46:36,101.3400,1,2
2026-04-20,000858,13:46:39,101.3400,36,2
2026-04-20,000858,13:46:42,101.3400,26,1
2026-04-20,000858,13:46:45,101.3400,19,1
2026-04-20,000858,13:46:48,101.3400,37,1
2026-04-20,000858,13:46:51,101.3400,8,1
2026-04-20,000858,13:46:54,101.3400,34,1
2026-04-20,000858,13:46:57,101.3500,14,1
2026-04-20,000858,13:47:00,101.3400,1,2
2026-04-20,000858,13:47:03,101.3600,106,1
2026-04-20,000858,13:47:06,101.3700,15,1
2026-04-20,000858,13:47:09,101.3700,10,1
2026-04-20,000858,13:47:12,101.3700,20,1
2026-04-20,000858,13:47:15,101.3800,15,1
2026-04-20,000858,13:47:18,101.3800,27,2
2026-04-20,000858,13:47:21,101.3800,15,2
2026-04-20,000858,13:47:24,101.3800,64,2
2026-04-20,000858,13:47:27,101.3800,18,1
2026-04-20,000858,13:47:30,101.3800,3,1
2026-04-20,000858,13:47:33,101.3800,7,1
2026-04-20,000858,13:47:36,101.3700,3,4
2026-04-20,000858,13:47:39,101.3600,3,2
2026-04-20,000858,13:47:42,101.3500,19,2
2026-04-20,000858,13:47:45,101.3500,7,2
2026-04-20,000858,13:47:48,101.3500,7,2
2026-04-20,000858,13:47:51,101.3600,42,1
2026-04-20,000858,13:47:54,101.3600,3,1
2026-04-20,000858,13:47:57,101.3500,21,2
2026-04-20,000858,13:48:00,101.3600,5,2
2026-04-20,000858,13:48:03,101.3600,5,2
2026-04-20,000858,13:48:09,101.3700,2,1
2026-04-20,000858,13:48:12,101.3600,5,2
2026-04-20,000858,13:48:15,101.3600,3,2
2026-04-20,000858,13:48:18,101.3600,18,2
2026-04-20,000858,13:48:21,101.3700,10,1
2026-04-20,000858,13:48:27,101.3700,6,1
2026-04-20,000858,13:48:30,101.3600,26,2
2026-04-20,000858,13:48:33,101.3600,11,1
2026-04-20,000858,13:48:36,101.3500,3,2
2026-04-20,000858,13:48:39,101.3600,11,1
2026-04-20,000858,13:48:42,101.3600,2,1
2026-04-20,000858,13:48:45,101.3600,22,1
2026-04-20,000858,13:48:48,101.3600,23,1
2026-04-20,000858,13:48:51,101.3600,4,1
2026-04-20,000858,13:48:54,101.3500,3,2
2026-04-20,000858,13:48:57,101.3600,1,1
2026-04-20,000858,13:49:00,101.3500,10,2
2026-04-20,000858,13:49:03,101.3600,33,1
2026-04-20,000858,13:49:06,101.3600,10,1
2026-04-20,000858,13:49:09,101.3500,21,2
2026-04-20,000858,13:49:12,101.3600,6,1
2026-04-20,000858,13:49:15,101.3500,34,2
2026-04-20,000858,13:49:18,101.3500,28,2
2026-04-20,000858,13:49:21,101.3600,13,1
2026-04-20,000858,13:49:24,101.3600,9,1
2026-04-20,000858,13:49:27,101.3500,11,2
2026-04-20,000858,13:49:30,101.3600,8,1
2026-04-20,000858,13:49:33,101.3500,4,2
2026-04-20,000858,13:49:36,101.3600,10,1
2026-04-20,000858,13:49:39,101.3600,23,1
2026-04-20,000858,13:49:42,101.3400,65,2
2026-04-20,000858,13:49:45,101.3600,20,1
2026-04-20,000858,13:49:48,101.3500,23,4
2026-04-20,000858,13:49:51,101.3500,3,2
2026-04-20,000858,13:49:54,101.3500,7,2
2026-04-20,000858,13:49:57,101.3500,2,2
2026-04-20,000858,13:50:00,101.3500,1,2
2026-04-20,000858,13:50:03,101.3500,8,2
2026-04-20,000858,13:50:06,101.3500,10,2
2026-04-20,000858,13:50:09,101.3600,20,1
2026-04-20,000858,13:50:12,101.3600,14,1
2026-04-20,000858,13:50:15,101.3500,5,2
2026-04-20,000858,13:50:18,101.3500,21,1
2026-04-20,000858,13:50:21,101.3500,10,1
2026-04-20,000858,13:50:24,101.3500,6,2
2026-04-20,000858,13:50:27,101.3500,4,1
2026-04-20,000858,13:50:30,101.3500,8,1
2026-04-20,000858,13:50:33,101.3500,3,1
2026-04-20,000858,13:50:36,101.3500,7,1
2026-04-20,000858,13:50:39,101.3500,1,1
2026-04-20,000858,13:50:42,101.3400,12,2
2026-04-20,000858,13:50:45,101.3500,16,1
2026-04-20,000858,13:50:48,101.3500,29,1
2026-04-20,000858,13:50:51,101.3500,7,1
2026-04-20,000858,13:50:54,101.3400,5,2
2026-04-20,000858,13:51:00,101.3500,2,2
2026-04-20,000858,13:51:03,101.3500,1,2
2026-04-20,000858,13:51:06,101.3500,7,2
2026-04-20,000858,13:51:09,101.3500,2,2
2026-04-20,000858,13:51:12,101.3500,14,2
2026-04-20,000858,13:51:15,101.3500,20,2
2026-04-20,000858,13:51:18,101.3500,25,2
2026-04-20,000858,13:51:21,101.3500,19,2
2026-04-20,000858,13:51:24,101.3500,9,2
2026-04-20,000858,13:51:27,101.3600,15,1
2026-04-20,000858,13:51:30,101.3500,4,2
2026-04-20,000858,13:51:33,101.3600,26,1
2026-04-20,000858,13:51:36,101.3500,6,2
2026-04-20,000858,13:51:39,101.3700,8,1
2026-04-20,000858,13:51:42,101.3600,11,2
2026-04-20,000858,13:51:45,101.3700,13,1
2026-04-20,000858,13:51:48,101.3500,15,2
2026-04-20,000858,13:51:51,101.3600,10,1
2026-04-20,000858,13:51:54,101.3600,5,1
2026-04-20,000858,13:51:57,101.3700,5,1
2026-04-20,000858,13:52:00,101.3700,1,2
2026-04-20,000858,13:52:03,101.3700,3,2
2026-04-20,000858,13:52:06,101.3700,14,2
2026-04-20,000858,13:52:09,101.3700,10,1
2026-04-20,000858,13:52:12,101.3700,30,1
2026-04-20,000858,13:52:15,101.3700,5,1
2026-04-20,000858,13:52:18,101.3700,20,1
2026-04-20,000858,13:52:21,101.3700,12,1
2026-04-20,000858,13:52:24,101.3500,1,2
2026-04-20,000858,13:52:27,101.3500,6,2
2026-04-20,000858,13:52:30,101.3700,5,1
2026-04-20,000858,13:52:33,101.3600,8,4
2026-04-20,000858,13:52:36,101.3500,49,2
2026-04-20,000858,13:52:39,101.3700,32,1
2026-04-20,000858,13:52:42,101.3500,3,2
2026-04-20,000858,13:52:45,101.3500,61,2
2026-04-20,000858,13:52:48,101.3500,10,2
2026-04-20,000858,13:52:51,101.3500,5,1
2026-04-20,000858,13:52:54,101.3500,35,1
2026-04-20,000858,13:52:57,101.3500,12,1
2026-04-20,000858,13:53:00,101.3500,4,1
2026-04-20,000858,13:53:03,101.3500,13,1
2026-04-20,000858,13:53:06,101.3500,14,1
2026-04-20,000858,13:53:09,101.3500,4,1
2026-04-20,000858,13:53:12,101.3500,5,1
2026-04-20,000858,13:53:15,101.3500,6,1
2026-04-20,000858,13:53:18,101.3500,24,2
2026-04-20,000858,13:53:21,101.3600,20,1
2026-04-20,000858,13:53:24,101.3500,17,2
2026-04-20,000858,13:53:27,101.3500,16,1
2026-04-20,000858,13:53:30,101.3500,2,2
2026-04-20,000858,13:53:33,101.3500,6,2
2026-04-20,000858,13:53:36,101.3600,21,1
2026-04-20,000858,13:53:39,101.3500,1,2
2026-04-20,000858,13:53:42,101.3500,9,2
2026-04-20,000858,13:53:45,101.3600,7,1
2026-04-20,000858,13:53:48,101.3600,20,1
2026-04-20,000858,13:53:54,101.3600,6,1
2026-04-20,000858,13:53:57,101.3500,2,2
2026-04-20,000858,13:54:00,101.3600,7,1
2026-04-20,000858,13:54:03,101.3600,10,1
2026-04-20,000858,13:54:09,101.3600,4,1
2026-04-20,000858,13:54:12,101.3600,1,1
2026-04-20,000858,13:54:18,101.3600,26,1
2026-04-20,000858,13:54:21,101.3500,2,2
2026-04-20,000858,13:54:24,101.3600,2,1
2026-04-20,000858,13:54:27,101.3600,8,1
2026-04-20,000858,13:54:30,101.3600,13,1
2026-04-20,000858,13:54:33,101.3500,1,2
2026-04-20,000858,13:54:36,101.3500,3,2
2026-04-20,000858,13:54:39,101.3600,3,1
2026-04-20,000858,13:54:42,101.3600,1,1
2026-04-20,000858,13:54:45,101.3600,2,1
2026-04-20,000858,13:54:48,101.3600,20,1
2026-04-20,000858,13:54:51,101.3600,19,1
2026-04-20,000858,13:54:54,101.3600,15,1
2026-04-20,000858,13:54:57,101.3500,52,2
2026-04-20,000858,13:55:00,101.3600,5,1
2026-04-20,000858,13:55:03,101.3600,41,1
2026-04-20,000858,13:55:06,101.3700,11,1
2026-04-20,000858,13:55:09,101.3700,3,1
2026-04-20,000858,13:55:12,101.3700,9,1
2026-04-20,000858,13:55:15,101.3700,10,1
2026-04-20,000858,13:55:18,101.3700,23,1
2026-04-20,000858,13:55:21,101.3600,17,2
2026-04-20,000858,13:55:24,101.3700,7,1
2026-04-20,000858,13:55:27,101.3600,2,2
2026-04-20,000858,13:55:30,101.3600,8,1
2026-04-20,000858,13:55:33,101.3600,19,1
2026-04-20,000858,13:55:36,101.3700,20,1
2026-04-20,000858,13:55:39,101.3700,3,2
2026-04-20,000858,13:55:42,101.3700,6,2
2026-04-20,000858,13:55:45,101.3800,3,1
2026-04-20,000858,13:55:48,101.3800,20,1
2026-04-20,000858,13:55:51,101.3800,12,1
2026-04-20,000858,13:55:54,101.3800,15,1
2026-04-20,000858,13:55:57,101.3800,9,1
2026-04-20,000858,13:56:00,101.3700,33,2
2026-04-20,000858,13:56:03,101.3700,15,1
2026-04-20,000858,13:56:12,101.3800,6,1
2026-04-20,000858,13:56:15,101.3700,28,2
2026-04-20,000858,13:56:18,101.3700,20,2
2026-04-20,000858,13:56:21,101.3800,7,1
2026-04-20,000858,13:56:24,101.3900,3,1
2026-04-20,000858,13:56:27,101.3800,4,2
2026-04-20,000858,13:56:30,101.3900,1,1
2026-04-20,000858,13:56:33,101.3900,1,1
2026-04-20,000858,13:56:36,101.3900,13,1
2026-04-20,000858,13:56:39,101.3800,5,2
2026-04-20,000858,13:56:42,101.3800,3,2
2026-04-20,000858,13:56:45,101.3800,3,2
2026-04-20,000858,13:56:48,101.3800,32,2
2026-04-20,000858,13:56:51,101.3800,6,2
2026-04-20,000858,13:56:54,101.3900,5,1
2026-04-20,000858,13:56:57,101.3800,2,2
2026-04-20,000858,13:57:00,101.3900,9,1
2026-04-20,000858,13:57:03,101.3900,4,1
2026-04-20,000858,13:57:06,101.3800,13,2
2026-04-20,000858,13:57:09,101.3800,2,2
2026-04-20,000858,13:57:12,101.3800,20,2
2026-04-20,000858,13:57:15,101.3900,10,1
2026-04-20,000858,13:57:18,101.3900,39,1
2026-04-20,000858,13:57:21,101.3800,11,2
2026-04-20,000858,13:57:24,101.3800,15,2
2026-04-20,000858,13:57:27,101.3700,31,2
2026-04-20,000858,13:57:30,101.3700,7,2
2026-04-20,000858,13:57:33,101.3800,13,1
2026-04-20,000858,13:57:36,101.3700,4,2
2026-04-20,000858,13:57:39,101.3800,7,1
2026-04-20,000858,13:57:42,101.3800,10,1
2026-04-20,000858,13:57:45,101.3800,2,2
2026-04-20,000858,13:57:48,101.3800,18,2
2026-04-20,000858,13:57:51,101.3800,7,2
2026-04-20,000858,13:57:57,101.3800,2,2
2026-04-20,000858,13:58:03,101.3800,1,2
2026-04-20,000858,13:58:06,101.3800,12,2
2026-04-20,000858,13:58:09,101.3800,22,1
2026-04-20,000858,13:58:12,101.3800,15,1
2026-04-20,000858,13:58:15,101.3800,9,1
2026-04-20,000858,13:58:18,101.3800,23,1
2026-04-20,000858,13:58:21,101.3700,10,2
2026-04-20,000858,13:58:24,101.3700,76,2
2026-04-20,000858,13:58:27,101.3700,10,2
2026-04-20,000858,13:58:30,101.3800,2,1
2026-04-20,000858,13:58:33,101.3700,5,2
2026-04-20,000858,13:58:36,101.3700,6,1
2026-04-20,000858,13:58:39,101.3700,18,1
2026-04-20,000858,13:58:42,101.3700,10,1
2026-04-20,000858,13:58:45,101.3600,5,2
2026-04-20,000858,13:58:48,101.3600,39,2
2026-04-20,000858,13:58:51,101.3600,2,2
2026-04-20,000858,13:58:54,101.3700,18,1
2026-04-20,000858,13:58:57,101.3600,3,2
2026-04-20,000858,13:59:00,101.3600,2,2
2026-04-20,000858,13:59:03,101.3600,19,2
2026-04-20,000858,13:59:06,101.3600,2,2
2026-04-20,000858,13:59:09,101.3600,3,2
2026-04-20,000858,13:59:12,101.3700,1,1
2026-04-20,000858,13:59:15,101.3700,5,1
2026-04-20,000858,13:59:18,101.3600,5,2
2026-04-20,000858,13:59:21,101.3600,4,1
2026-04-20,000858,13:59:24,101.3600,4,1
2026-04-20,000858,13:59:27,101.3500,3,2
2026-04-20,000858,13:59:30,101.3500,18,2
2026-04-20,000858,13:59:33,101.3600,28,1
2026-04-20,000858,13:59:36,101.3600,8,2
2026-04-20,000858,13:59:39,101.3500,7,2
2026-04-20,000858,13:59:42,101.3600,2,1
2026-04-20,000858,13:59:45,101.3600,1,2
2026-04-20,000858,13:59:48,101.3500,18,2
2026-04-20,000858,13:59:51,101.3600,2,1
2026-04-20,000858,13:59:54,101.3500,40,2
2026-04-20,000858,13:59:57,101.3600,2,4
2026-04-20,000858,14:00:00,101.3500,9,2
2026-04-20,000858,14:00:03,101.3600,201,1
2026-04-20,000858,14:00:06,101.3600,2,1
2026-04-20,000858,14:00:09,101.3600,22,1
2026-04-20,000858,14:00:15,101.3800,1,2
2026-04-20,000858,14:00:18,101.4000,94,1
2026-04-20,000858,14:00:21,101.4000,10,1
2026-04-20,000858,14:00:24,101.4100,2,1
2026-04-20,000858,14:00:27,101.4000,4,2
2026-04-20,000858,14:00:30,101.4100,4,1
2026-04-20,000858,14:00:33,101.4000,1,2
2026-04-20,000858,14:00:36,101.4100,6,1
2026-04-20,000858,14:00:39,101.4100,7,1
2026-04-20,000858,14:00:42,101.4100,2,2
2026-04-20,000858,14:00:48,101.4200,67,1
2026-04-20,000858,14:00:51,101.4200,10,1
2026-04-20,000858,14:00:57,101.4200,12,1
2026-04-20,000858,14:01:00,101.4100,8,2
2026-04-20,000858,14:01:03,101.4200,4,1
2026-04-20,000858,14:01:06,101.4200,34,1
2026-04-20,000858,14:01:09,101.4200,3,1
2026-04-20,000858,14:01:12,101.4200,6,1
2026-04-20,000858,14:01:15,101.4100,26,2
2026-04-20,000858,14:01:18,101.4100,17,2
2026-04-20,000858,14:01:24,101.4000,6,2
2026-04-20,000858,14:01:27,101.4000,9,2
2026-04-20,000858,14:01:33,101.4000,11,2
2026-04-20,000858,14:01:36,101.4000,39,2
2026-04-20,000858,14:01:39,101.3900,2,4
2026-04-20,000858,14:01:45,101.4000,2,1
2026-04-20,000858,14:01:48,101.3900,21,4
2026-04-20,000858,14:01:51,101.4000,15,1
2026-04-20,000858,14:01:54,101.4100,15,1
2026-04-20,000858,14:02:00,101.4100,1,1
2026-04-20,000858,14:02:03,101.4000,12,2
2026-04-20,000858,14:02:06,101.4100,10,1
2026-04-20,000858,14:02:09,101.3900,7,2
2026-04-20,000858,14:02:12,101.3700,38,2
2026-04-20,000858,14:02:15,101.3900,3,2
2026-04-20,000858,14:02:18,101.3600,19,2
2026-04-20,000858,14:02:21,101.4000,6,1
2026-04-20,000858,14:02:24,101.4000,6,1
2026-04-20,000858,14:02:27,101.3900,10,2
2026-04-20,000858,14:02:33,101.3900,3,2
2026-04-20,000858,14:02:36,101.3900,4,2
2026-04-20,000858,14:02:39,101.3900,1,2
2026-04-20,000858,14:02:42,101.3800,4,2
2026-04-20,000858,14:02:45,101.3900,1,4
2026-04-20,000858,14:02:48,101.3800,9,2
2026-04-20,000858,14:02:51,101.3800,2,1
2026-04-20,000858,14:02:54,101.3900,12,1
2026-04-20,000858,14:02:57,101.3900,2,2
2026-04-20,000858,14:03:03,101.3900,6,2
2026-04-20,000858,14:03:06,101.3900,6,2
2026-04-20,000858,14:03:09,101.3900,16,2
2026-04-20,000858,14:03:12,101.4000,6,1
2026-04-20,000858,14:03:18,101.4000,21,1
2026-04-20,000858,14:03:21,101.3900,22,2
2026-04-20,000858,14:03:24,101.3900,13,1
2026-04-20,000858,14:03:27,101.3900,3,1
2026-04-20,000858,14:03:30,101.3900,15,1
2026-04-20,000858,14:03:33,101.3700,20,2
2026-04-20,000858,14:03:36,101.3900,14,1
2026-04-20,000858,14:03:39,101.3900,12,1
2026-04-20,000858,14:03:42,101.3900,7,1
2026-04-20,000858,14:03:45,101.3800,5,4
2026-04-20,000858,14:03:48,101.3700,24,2
2026-04-20,000858,14:03:51,101.3800,4,2
2026-04-20,000858,14:03:57,101.3700,8,2
2026-04-20,000858,14:04:03,101.3800,1,1
2026-04-20,000858,14:04:06,101.3800,10,1
2026-04-20,000858,14:04:09,101.3700,2,2
2026-04-20,000858,14:04:15,101.3800,19,1
2026-04-20,000858,14:04:18,101.3800,27,1
2026-04-20,000858,14:04:21,101.3700,2,2
2026-04-20,000858,14:04:24,101.3800,20,1
2026-04-20,000858,14:04:30,101.3700,8,2
2026-04-20,000858,14:04:33,101.3700,5,2
2026-04-20,000858,14:04:36,101.3800,4,1
2026-04-20,000858,14:04:39,101.3700,3,2
2026-04-20,000858,14:04:45,101.3800,20,1
2026-04-20,000858,14:04:48,101.3700,28,2
2026-04-20,000858,14:04:51,101.3700,14,2
2026-04-20,000858,14:04:57,101.3700,12,2
2026-04-20,000858,14:05:00,101.3800,3,1
2026-04-20,000858,10:47:00,101.5900,3,1
2026-04-20,000858,10:47:03,101.5800,1,2
2026-04-20,000858,10:47:06,101.5800,5,2
2026-04-20,000858,10:47:09,101.5800,27,2
2026-04-20,000858,10:47:12,101.5800,6,2
2026-04-20,000858,10:47:15,101.5900,42,1
2026-04-20,000858,10:47:18,101.5800,6,2
2026-04-20,000858,10:47:21,101.5800,8,2
2026-04-20,000858,10:47:24,101.5900,3,1
2026-04-20,000858,10:47:27,101.5900,3,1
2026-04-20,000858,10:47:30,101.5800,15,2
2026-04-20,000858,10:47:33,101.5900,1,4
2026-04-20,000858,10:47:36,101.6000,2,1
2026-04-20,000858,10:47:39,101.5900,6,2
2026-04-20,000858,10:47:45,101.6000,44,1
2026-04-20,000858,10:47:48,101.5900,17,2
2026-04-20,000858,10:47:51,101.5900,1,1
2026-04-20,000858,10:47:54,101.5800,5,2
2026-04-20,000858,10:47:57,101.5800,22,2
2026-04-20,000858,10:48:00,101.6000,7,1
2026-04-20,000858,10:48:03,101.5800,2,2
2026-04-20,000858,10:48:06,101.5900,3,2
2026-04-20,000858,10:48:12,101.5900,6,2
2026-04-20,000858,10:48:15,101.5900,1,2
2026-04-20,000858,10:48:18,101.5900,11,2
2026-04-20,000858,10:48:21,101.5900,6,2
2026-04-20,000858,10:48:24,101.5900,2,2
2026-04-20,000858,10:48:27,101.5900,3,2
2026-04-20,000858,10:48:30,101.5900,14,2
2026-04-20,000858,10:48:33,101.5900,26,2
2026-04-20,000858,10:48:39,101.5800,52,2
2026-04-20,000858,10:48:42,101.5900,15,1
2026-04-20,000858,10:48:45,101.5800,11,2
2026-04-20,000858,10:48:48,101.5800,14,2
2026-04-20,000858,10:48:51,101.5800,8,2
2026-04-20,000858,10:48:54,101.5800,1,2
2026-04-20,000858,10:48:57,101.5800,12,2
2026-04-20,000858,10:49:00,101.5900,13,1
2026-04-20,000858,10:49:03,101.5800,12,2
2026-04-20,000858,10:49:06,101.5900,13,1
2026-04-20,000858,10:49:09,101.5800,18,2
2026-04-20,000858,10:49:12,101.5900,1,2
2026-04-20,000858,10:49:15,101.5900,5,2
2026-04-20,000858,10:49:18,101.5800,2,2
2026-04-20,000858,10:49:21,101.5900,8,1
2026-04-20,000858,10:49:24,101.5900,12,1
2026-04-20,000858,10:49:27,101.5900,18,1
2026-04-20,000858,10:49:30,101.5900,28,2
2026-04-20,000858,10:49:33,101.6000,12,1
2026-04-20,000858,10:49:36,101.6000,48,2
2026-04-20,000858,10:49:39,101.6000,13,2
2026-04-20,000858,10:49:42,101.6000,21,2
2026-04-20,000858,10:49:45,101.6300,1,1
2026-04-20,000858,10:49:48,101.6400,20,2
2026-04-20,000858,10:49:51,101.6500,30,4
2026-04-20,000858,10:49:54,101.6600,7,1
2026-04-20,000858,10:49:57,101.6600,8,1
2026-04-20,000858,10:50:00,101.6900,60,1
2026-04-20,000858,10:50:03,101.6600,1,1
2026-04-20,000858,10:50:06,101.6900,4,1
2026-04-20,000858,10:50:09,101.6900,42,2
2026-04-20,000858,10:50:12,101.6900,10,1
2026-04-20,000858,10:50:15,101.6900,3,1
2026-04-20,000858,10:50:18,101.7100,58,1
2026-04-20,000858,10:50:21,101.7100,10,1
2026-04-20,000858,10:50:24,101.7000,4,1
2026-04-20,000858,10:50:27,101.7000,3,1
2026-04-20,000858,10:50:30,101.7000,9,1
2026-04-20,000858,10:50:33,101.6900,10,2
2026-04-20,000858,10:50:36,101.7100,50,1
2026-04-20,000858,10:50:42,101.7000,9,1
2026-04-20,000858,10:50:48,101.7000,2,1
2026-04-20,000858,10:50:51,101.7000,9,2
2026-04-20,000858,10:50:54,101.7000,2,2
2026-04-20,000858,10:50:57,101.7000,3,2
2026-04-20,000858,10:51:03,101.7000,11,1
2026-04-20,000858,10:51:06,101.6800,3,2
2026-04-20,000858,10:51:12,101.6800,2,1
2026-04-20,000858,10:51:15,101.6700,6,2
2026-04-20,000858,10:51:21,101.6800,1,2
2026-04-20,000858,10:51:24,101.6800,3,2
2026-04-20,000858,10:51:27,101.6900,1,1
2026-04-20,000858,10:51:30,101.6800,4,2
2026-04-20,000858,10:51:33,101.6800,4,1
2026-04-20,000858,10:51:36,101.6700,2,2
2026-04-20,000858,10:51:39,101.6800,7,1
2026-04-20,000858,10:51:42,101.6800,6,1
2026-04-20,000858,10:51:45,101.6700,11,2
2026-04-20,000858,10:51:48,101.6700,3,2
2026-04-20,000858,10:51:51,101.7000,47,1
2026-04-20,000858,10:51:54,101.6700,8,2
2026-04-20,000858,10:51:57,101.6900,1,1
2026-04-20,000858,10:52:00,101.6700,2,2
2026-04-20,000858,10:52:03,101.6700,5,2
2026-04-20,000858,10:52:06,101.6700,4,2
2026-04-20,000858,10:52:09,101.6800,2,1
2026-04-20,000858,10:52:12,101.6700,2,2
2026-04-20,000858,10:52:18,101.6900,7,1
2026-04-20,000858,10:52:21,101.6700,7,2
2026-04-20,000858,10:52:24,101.6700,10,2
2026-04-20,000858,10:52:27,101.6900,7,1
2026-04-20,000858,10:52:33,101.6800,1,2
2026-04-20,000858,10:52:36,101.6800,7,2
2026-04-20,000858,10:52:42,101.6800,4,2
2026-04-20,000858,10:52:45,101.7000,21,1
2026-04-20,000858,10:52:48,101.6800,5,2
2026-04-20,000858,10:52:54,101.6900,1,1
2026-04-20,000858,10:52:57,101.6900,5,1
2026-04-20,000858,10:53:06,101.6800,7,2
2026-04-20,000858,10:53:09,101.6900,29,1
2026-04-20,000858,10:53:12,101.7000,15,1
2026-04-20,000858,10:53:18,101.7000,15,1
2026-04-20,000858,10:53:24,101.6900,11,4
2026-04-20,000858,10:53:27,101.7000,2,1
2026-04-20,000858,10:53:30,101.6900,24,2
2026-04-20,000858,10:53:33,101.7100,3,1
2026-04-20,000858,10:53:36,101.7000,10,1
2026-04-20,000858,10:53:39,101.7000,3,1
2026-04-20,000858,10:53:42,101.7100,12,1
2026-04-20,000858,10:53:45,101.7000,2,1
2026-04-20,000858,10:53:48,101.7000,1,1
2026-04-20,000858,10:53:51,101.7100,7,1
2026-04-20,000858,10:53:54,101.6900,115,2
2026-04-20,000858,10:53:57,101.7400,29,1
2026-04-20,000858,10:54:00,101.7500,8,1
2026-04-20,000858,10:54:03,101.7500,57,1
2026-04-20,000858,10:54:06,101.7600,6,1
2026-04-20,000858,10:54:09,101.7600,5,1
2026-04-20,000858,10:54:15,101.7500,8,1
2026-04-20,000858,10:54:18,101.7600,1,1
2026-04-20,000858,10:54:21,101.7500,7,2
2026-04-20,000858,10:54:24,101.7600,32,1
2026-04-20,000858,10:54:27,101.7700,7,1
2026-04-20,000858,10:54:30,101.7700,8,1
2026-04-20,000858,10:54:33,101.7700,19,1
2026-04-20,000858,10:54:36,101.7700,11,1
2026-04-20,000858,10:54:39,101.7700,27,2
2026-04-20,000858,10:54:42,101.7700,6,1
2026-04-20,000858,10:54:45,101.7800,6,2
2026-04-20,000858,10:54:48,101.7900,16,1
2026-04-20,000858,10:54:51,101.7800,49,4
2026-04-20,000858,10:54:54,101.7800,29,2
2026-04-20,000858,10:54:57,101.7900,4,1
2026-04-20,000858,10:55:00,101.7900,10,1
2026-04-20,000858,10:55:03,101.7800,6,2
2026-04-20,000858,10:55:06,101.7800,7,2
2026-04-20,000858,10:55:09,101.7900,1,1
2026-04-20,000858,10:55:12,101.7800,11,2
2026-04-20,000858,10:55:15,101.7800,6,2
2026-04-20,000858,10:55:18,101.7900,9,1
2026-04-20,000858,10:55:21,101.7800,11,2
2026-04-20,000858,10:55:24,101.7900,14,1
2026-04-20,000858,10:55:27,101.7900,37,1
2026-04-20,000858,10:55:30,101.7900,62,1
2026-04-20,000858,10:55:33,101.8000,126,1
2026-04-20,000858,10:55:36,101.8000,25,2
2026-04-20,000858,10:55:39,101.8200,14,1
2026-04-20,000858,10:55:42,101.8200,19,1
2026-04-20,000858,10:55:45,101.8000,20,2
2026-04-20,000858,10:55:48,101.8000,11,2
2026-04-20,000858,10:55:54,101.8100,8,4
2026-04-20,000858,10:55:57,101.8000,2,2
2026-04-20,000858,10:56:00,101.8200,13,1
2026-04-20,000858,10:56:03,101.8100,64,4
2026-04-20,000858,10:56:06,101.8000,8,2
2026-04-20,000858,10:56:09,101.8100,3,1
2026-04-20,000858,10:56:12,101.8100,10,1
2026-04-20,000858,10:56:15,101.8100,5,2
2026-04-20,000858,10:56:18,101.8100,2,2
2026-04-20,000858,10:56:21,101.8100,3,2
2026-04-20,000858,10:56:24,101.8100,10,2
2026-04-20,000858,10:56:27,101.8200,31,1
2026-04-20,000858,10:56:30,101.8100,16,2
2026-04-20,000858,10:56:33,101.8100,7,2
2026-04-20,000858,10:56:36,101.8100,2,2
2026-04-20,000858,10:56:39,101.8200,14,1
2026-04-20,000858,10:56:42,101.8300,57,1
2026-04-20,000858,10:56:45,101.8100,4,2
2026-04-20,000858,10:56:48,101.8300,26,1
2026-04-20,000858,10:56:51,101.8200,6,2
2026-04-20,000858,10:56:54,101.8300,1,1
2026-04-20,000858,10:56:57,101.8000,131,2
2026-04-20,000858,10:57:00,101.8200,5,1
2026-04-20,000858,10:57:06,101.8100,2,2
2026-04-20,000858,10:57:09,101.8200,9,1
2026-04-20,000858,10:57:12,101.8100,33,4
2026-04-20,000858,10:57:15,101.8100,4,2
2026-04-20,000858,10:57:18,101.8200,3,1
2026-04-20,000858,10:57:27,101.8200,5,1
2026-04-20,000858,10:57:30,101.8200,37,1
2026-04-20,000858,10:57:33,101.8100,14,2
2026-04-20,000858,10:57:36,101.8100,13,2
2026-04-20,000858,10:57:39,101.8100,55,2
2026-04-20,000858,10:57:42,101.8100,4,1
2026-04-20,000858,10:57:45,101.8100,1,1
2026-04-20,000858,10:57:48,101.8000,49,2
2026-04-20,000858,10:57:51,101.8100,18,1
2026-04-20,000858,10:57:54,101.8200,18,1
2026-04-20,000858,10:58:00,101.8300,9,1
2026-04-20,000858,10:58:03,101.8200,6,2
2026-04-20,000858,10:58:06,101.8200,18,2
2026-04-20,000858,10:58:09,101.8100,6,2
2026-04-20,000858,10:58:12,101.8200,14,1
2026-04-20,000858,10:58:15,101.8100,15,2
2026-04-20,000858,10:58:18,101.8100,5,2
2026-04-20,000858,10:58:21,101.8100,3,1
2026-04-20,000858,10:58:24,101.8100,10,1
2026-04-20,000858,10:58:27,101.8100,29,1
2026-04-20,000858,10:58:30,101.8200,6,1
2026-04-20,000858,10:58:33,101.8200,6,1
2026-04-20,000858,10:58:36,101.8200,3,1
2026-04-20,000858,10:58:39,101.8100,3,2
2026-04-20,000858,10:58:42,101.8100,4,2
2026-04-20,000858,10:58:45,101.8200,6,1
2026-04-20,000858,10:58:48,101.8100,28,2
2026-04-20,000858,10:58:51,101.8200,57,1
2026-04-20,000858,10:58:54,101.8200,9,1
2026-04-20,000858,10:58:57,101.8100,7,1
2026-04-20,000858,10:59:00,101.8200,5,1
2026-04-20,000858,10:59:03,101.8200,31,1
2026-04-20,000858,10:59:06,101.8500,140,1
2026-04-20,000858,10:59:09,101.8500,6,1
2026-04-20,000858,10:59:12,101.8500,82,1
2026-04-20,000858,10:59:15,101.8600,32,1
2026-04-20,000858,10:59:18,101.8900,115,1
2026-04-20,000858,10:59:21,101.8900,17,1
2026-04-20,000858,10:59:24,101.9100,27,1
2026-04-20,000858,10:59:27,101.9000,17,2
2026-04-20,000858,10:59:30,101.9500,24,1
2026-04-20,000858,10:59:33,101.9500,15,1
2026-04-20,000858,10:59:36,101.9500,20,1
2026-04-20,000858,10:59:39,101.9500,50,1
2026-04-20,000858,10:59:42,101.9400,12,2
2026-04-20,000858,10:59:45,101.9400,2,2
2026-04-20,000858,10:59:48,101.9400,18,2
2026-04-20,000858,10:59:51,101.9400,9,1
2026-04-20,000858,10:59:54,101.9400,8,1
2026-04-20,000858,10:59:57,101.9400,12,1
2026-04-20,000858,11:00:00,101.9300,20,1
2026-04-20,000858,11:00:03,101.9300,7,1
2026-04-20,000858,11:00:06,101.9200,27,1
2026-04-20,000858,11:00:09,101.9200,22,1
2026-04-20,000858,11:00:12,101.9400,23,1
2026-04-20,000858,11:00:15,101.9400,49,1
2026-04-20,000858,11:00:18,101.9500,7,1
2026-04-20,000858,11:00:21,101.9400,40,2
2026-04-20,000858,11:00:24,101.8000,130,2
2026-04-20,000858,11:00:27,101.9500,9,1
2026-04-20,000858,11:00:30,101.8800,11,2
2026-04-20,000858,11:00:33,101.9200,6,1
2026-04-20,000858,11:00:36,101.9300,5,1
2026-04-20,000858,11:00:39,101.8900,3,2
2026-04-20,000858,11:00:42,101.9100,8,1
2026-04-20,000858,11:00:45,101.8900,8,2
2026-04-20,000858,11:00:48,101.9200,2,1
2026-04-20,000858,11:00:51,101.9100,49,1
2026-04-20,000858,11:00:54,101.9000,10,2
2026-04-20,000858,11:00:57,101.9000,11,4
2026-04-20,000858,11:01:00,101.9000,22,2
2026-04-20,000858,11:01:03,101.9000,26,2
2026-04-20,000858,11:01:06,101.9000,4,2
2026-04-20,000858,11:01:09,101.9100,7,1
2026-04-20,000858,11:01:12,101.9000,11,1
2026-04-20,000858,11:01:15,101.8900,9,2
2026-04-20,000858,11:01:18,101.8900,9,2
2026-04-20,000858,11:01:21,101.8900,8,4
2026-04-20,000858,11:01:24,101.8800,24,2
2026-04-20,000858,11:01:27,101.8700,5,2
2026-04-20,000858,11:01:30,101.8300,13,2
2026-04-20,000858,11:01:33,101.7900,18,2
2026-04-20,000858,11:01:36,101.8700,18,1
2026-04-20,000858,11:01:39,101.8700,2,1
2026-04-20,000858,11:01:42,101.8600,6,1
2026-04-20,000858,11:01:45,101.8500,11,1
2026-04-20,000858,11:01:48,101.8700,5,1
2026-04-20,000858,11:01:51,101.8700,2,1
2026-04-20,000858,11:01:54,101.8600,9,2
2026-04-20,000858,11:01:57,101.8600,6,2
2026-04-20,000858,11:02:00,101.8700,14,1
2026-04-20,000858,11:02:03,101.8600,10,4
2026-04-20,000858,11:02:06,101.8600,9,1
2026-04-20,000858,11:02:09,101.8700,60,1
2026-04-20,000858,11:02:12,101.8800,17,1
2026-04-20,000858,11:02:15,101.9000,73,1
2026-04-20,000858,11:02:18,101.9100,110,1
2026-04-20,000858,11:02:21,101.9100,29,2
2026-04-20,000858,11:02:24,101.9200,11,1
2026-04-20,000858,11:02:27,101.9100,24,2
2026-04-20,000858,11:02:30,101.9400,23,1
2026-04-20,000858,11:02:33,101.9400,29,1
2026-04-20,000858,11:02:36,101.9400,7,1
2026-04-20,000858,11:02:39,101.9400,15,1
2026-04-20,000858,11:02:42,101.9400,29,1
2026-04-20,000858,11:02:45,101.9400,11,1
2026-04-20,000858,11:02:48,101.9200,11,2
2026-04-20,000858,11:02:51,101.9300,154,1
2026-04-20,000858,11:02:54,101.9100,2,1
2026-04-20,000858,11:02:57,101.9200,18,1
2026-04-20,000858,11:03:00,101.8600,11,2
2026-04-20,000858,11:03:03,101.9200,2,1
2026-04-20,000858,11:03:06,101.9300,3,1
2026-04-20,000858,11:03:09,101.9300,18,1
2026-04-20,000858,11:03:12,101.9000,9,2
2026-04-20,000858,11:03:15,101.8800,7,2
2026-04-20,000858,11:03:18,101.9000,21,1
2026-04-20,000858,11:03:21,101.9100,2,1
2026-04-20,000858,11:03:24,101.9000,4,2
2026-04-20,000858,11:03:27,101.8900,3,1
2026-04-20,000858,11:03:30,101.8900,11,1
2026-04-20,000858,11:03:33,101.8800,6,2
2026-04-20,000858,11:03:36,101.8700,68,2
2026-04-20,000858,11:03:39,101.8800,43,1
2026-04-20,000858,11:03:42,101.8800,5,2
2026-04-20,000858,11:03:45,101.8800,8,2
2026-04-20,000858,11:03:48,101.8900,15,1
2026-04-20,000858,11:03:51,101.8600,9,2
2026-04-20,000858,11:03:54,101.8500,99,2
2026-04-20,000858,11:03:57,101.8200,11,2
2026-04-20,000858,11:04:03,101.8400,2,1
2026-04-20,000858,11:04:06,101.8300,8,4
2026-04-20,000858,11:04:09,101.8000,26,2
2026-04-20,000858,11:04:15,101.8200,7,2
2026-04-20,000858,11:04:18,101.8200,1,4
2026-04-20,000858,11:04:21,101.8200,2,1
2026-04-20,000858,11:04:24,101.8100,18,2
2026-04-20,000858,11:04:27,101.8100,3,1
2026-04-20,000858,11:04:30,101.8100,12,1
2026-04-20,000858,11:04:33,101.8100,72,1
2026-04-20,000858,11:04:36,101.8100,3,1
2026-04-20,000858,11:04:39,101.8000,1,2
2026-04-20,000858,11:04:42,101.8100,8,1
2026-04-20,000858,11:04:48,101.8000,10,2
2026-04-20,000858,11:04:51,101.8000,5,2
2026-04-20,000858,11:04:54,101.8000,5,2
2026-04-20,000858,11:04:57,101.8000,13,2
2026-04-20,000858,11:05:00,101.8100,1,1
2026-04-20,000858,11:05:03,101.8000,7,2
2026-04-20,000858,11:05:06,101.8000,87,2
2026-04-20,000858,11:05:09,101.8000,14,2
2026-04-20,000858,11:05:12,101.8100,2,1
2026-04-20,000858,11:05:15,101.8100,7,1
2026-04-20,000858,11:05:18,101.8000,4,2
2026-04-20,000858,11:05:24,101.8000,22,2
2026-04-20,000858,11:05:27,101.8100,3,1
2026-04-20,000858,11:05:30,101.8100,20,1
2026-04-20,000858,11:05:33,101.8000,39,2
2026-04-20,000858,11:05:36,101.8100,15,1
2026-04-20,000858,11:05:39,101.8100,1,2
2026-04-20,000858,11:05:42,101.8100,2,2
2026-04-20,000858,11:05:45,101.8100,31,2
2026-04-20,000858,11:05:48,101.8100,1,1
2026-04-20,000858,11:05:51,101.8200,8,1
2026-04-20,000858,11:05:54,101.8100,3,4
2026-04-20,000858,11:05:57,101.8100,2,2
2026-04-20,000858,11:06:00,101.8100,7,2
2026-04-20,000858,11:06:03,101.8100,3,2
2026-04-20,000858,11:06:06,101.8000,50,2
2026-04-20,000858,11:06:09,101.8000,28,2
2026-04-20,000858,11:06:12,101.7900,476,2
2026-04-20,000858,11:06:15,101.7800,8,2
2026-04-20,000858,11:06:18,101.7700,10,2
2026-04-20,000858,11:06:21,101.7700,3,2
2026-04-20,000858,11:06:24,101.7700,13,2
2026-04-20,000858,11:06:27,101.7600,5,2
2026-04-20,000858,11:06:30,101.7600,28,2
2026-04-20,000858,11:06:33,101.7600,8,1
2026-04-20,000858,11:06:36,101.7600,9,1
2026-04-20,000858,11:06:39,101.7500,1,4
2026-04-20,000858,11:06:42,101.7400,5,2
2026-04-20,000858,11:06:51,101.7100,6,2
2026-04-20,000858,11:06:54,101.7400,12,1
2026-04-20,000858,11:06:57,101.7100,28,2
2026-04-20,000858,11:07:00,101.7100,27,2
2026-04-20,000858,11:07:03,101.7100,1,2
2026-04-20,000858,11:07:09,101.7100,14,2
2026-04-20,000858,11:07:12,101.7000,15,2
2026-04-20,000858,11:07:15,101.7100,3,2
2026-04-20,000858,11:07:18,101.7100,13,2
2026-04-20,000858,11:07:21,101.7100,2,2
2026-04-20,000858,11:07:24,101.7400,16,1
2026-04-20,000858,11:07:27,101.7500,6,1
2026-04-20,000858,11:07:30,101.7400,8,2
2026-04-20,000858,11:07:33,101.7100,2,2
2026-04-20,000858,11:07:39,101.7100,22,2
2026-04-20,000858,11:07:42,101.7200,1,4
2026-04-20,000858,11:07:45,101.7400,3,1
2026-04-20,000858,11:07:48,101.7300,1,2
2026-04-20,000858,11:07:51,101.7300,20,2
2026-04-20,000858,11:07:54,101.7500,1,1
2026-04-20,000858,11:07:57,101.7400,7,4
2026-04-20,000858,11:08:03,101.7300,3,2
2026-04-20,000858,11:08:06,101.7400,4,1
2026-04-20,000858,11:08:09,101.7300,18,2
2026-04-20,000858,11:08:12,101.7400,1,1
2026-04-20,000858,11:08:15,101.7400,4,1
2026-04-20,000858,11:08:18,101.7300,2,2
2026-04-20,000858,11:08:21,101.7500,3,1
2026-04-20,000858,11:08:24,101.7400,18,4
2026-04-20,000858,11:08:27,101.7500,5,1
2026-04-20,000858,11:08:33,101.7500,7,2
2026-04-20,000858,11:08:36,101.7500,7,1
2026-04-20,000858,11:08:39,101.7500,2,1
2026-04-20,000858,11:08:42,101.7400,25,2
2026-04-20,000858,11:08:45,101.7700,22,1
2026-04-20,000858,11:08:48,101.7700,9,1
2026-04-20,000858,11:08:51,101.7500,5,2
2026-04-20,000858,11:08:54,101.7700,4,1
2026-04-20,000858,11:08:57,101.7700,1,1
2026-04-20,000858,11:09:00,101.7800,5,1
2026-04-20,000858,11:09:03,101.7800,5,1
2026-04-20,000858,11:09:06,101.7700,14,2
2026-04-20,000858,11:09:09,101.7800,14,1
2026-04-20,000858,11:09:12,101.8000,3,1
2026-04-20,000858,11:09:15,101.8000,11,1
2026-04-20,000858,11:09:18,101.8100,1,1
2026-04-20,000858,11:09:24,101.8100,4,1
2026-04-20,000858,11:09:27,101.8200,11,1
2026-04-20,000858,11:09:30,101.8200,8,1
2026-04-20,000858,11:09:33,101.8200,2,2
2026-04-20,000858,11:09:36,101.8300,3,1
2026-04-20,000858,11:09:39,101.8300,4,1
2026-04-20,000858,11:09:42,101.8400,2,1
2026-04-20,000858,11:09:45,101.8300,3,2
2026-04-20,000858,11:09:48,101.8400,9,1
2026-04-20,000858,11:09:51,101.8500,3,1
2026-04-20,000858,11:09:54,101.8400,1,2
2026-04-20,000858,11:09:57,101.8500,6,1
2026-04-20,000858,11:10:03,101.8600,1,1
2026-04-20,000858,11:10:06,101.8500,12,2
2026-04-20,000858,11:10:09,101.8600,1,2
2026-04-20,000858,11:10:12,101.8600,9,2
2026-04-20,000858,11:10:15,101.8800,5,1
2026-04-20,000858,11:10:18,101.8800,6,1
2026-04-20,000858,11:10:21,101.8800,3,1
2026-04-20,000858,11:10:24,101.8500,22,2
2026-04-20,000858,11:10:27,101.8600,12,1
2026-04-20,000858,11:10:30,101.8600,46,1
2026-04-20,000858,11:10:33,101.8500,34,2
2026-04-20,000858,11:10:36,101.8500,3,1
2026-04-20,000858,11:10:39,101.8500,1,1
2026-04-20,000858,11:10:42,101.8400,5,2
2026-04-20,000858,11:10:45,101.8400,5,1
2026-04-20,000858,11:10:48,101.8500,44,1
2026-04-20,000858,11:10:54,101.9000,381,1
2026-04-20,000858,11:10:57,101.8900,11,2
2026-04-20,000858,11:11:00,101.8900,14,2
2026-04-20,000858,11:11:03,101.8700,15,2
2026-04-20,000858,11:11:06,101.8900,9,1
2026-04-20,000858,11:11:09,101.8900,1,1
2026-04-20,000858,11:11:12,101.8800,12,2
2026-04-20,000858,11:11:15,101.8800,6,1
2026-04-20,000858,11:11:18,101.8800,1,1
2026-04-20,000858,11:11:21,101.8800,7,1
2026-04-20,000858,11:11:24,101.8700,37,1
2026-04-20,000858,11:11:27,101.8600,15,2
2026-04-20,000858,11:11:30,101.8600,1,2
2026-04-20,000858,11:11:33,101.8700,6,1
2026-04-20,000858,11:11:36,101.8600,2,2
2026-04-20,000858,11:11:39,101.8600,8,2
2026-04-20,000858,11:11:42,101.8600,7,2
2026-04-20,000858,11:11:45,101.8600,4,1
2026-04-20,000858,11:11:48,101.8600,6,1
2026-04-20,000858,11:11:51,101.8500,2,2
2026-04-20,000858,11:11:54,101.8500,9,2
2026-04-20,000858,11:11:57,101.8500,13,2
