date,code,time,price,volume,bs
2026-03-20,601318,14:06:51,60.1200,24,2
2026-03-20,601318,14:06:54,60.1500,33,1
2026-03-20,601318,14:06:57,60.1500,36,1
2026-03-20,601318,14:07:00,60.1400,88,2
2026-03-20,601318,14:07:03,60.1500,230,1
2026-03-20,601318,14:07:06,60.1500,344,1
2026-03-20,601318,14:07:09,60.1500,69,2
2026-03-20,601318,14:07:12,60.1500,140,2
2026-03-20,601318,14:07:15,60.1500,57,1
2026-03-20,601318,14:07:18,60.1500,26,1
2026-03-20,601318,14:07:21,60.1400,48,2
2026-03-20,601318,14:07:27,60.1500,38,1
2026-03-20,601318,14:07:30,60.1400,52,2
2026-03-20,601318,14:07:33,60.1500,143,1
2026-03-20,601318,14:07:36,60.1500,30,2
2026-03-20,601318,14:07:39,60.1600,37,1
2026-03-20,601318,14:07:42,60.1600,135,1
2026-03-20,601318,14:07:45,60.1600,59,2
2026-03-20,601318,14:07:48,60.1600,24,2
2026-03-20,601318,14:07:51,60.1700,27,1
2026-03-20,601318,14:07:54,60.1700,4,1
2026-03-20,601318,14:07:57,60.1600,16,2
2026-03-20,601318,14:08:00,60.1500,275,2
2026-03-20,601318,14:08:03,60.1500,88,2
2026-03-20,601318,14:08:06,60.1600,117,1
2026-03-20,601318,14:08:09,60.1600,16,1
2026-03-20,601318,14:08:12,60.1600,168,1
2026-03-20,601318,14:08:15,60.1500,27,2
2026-03-20,601318,14:08:18,60.1400,197,2
2026-03-20,601318,14:08:21,60.1500,83,1
2026-03-20,601318,14:08:24,60.1500,212,1
2026-03-20,601318,14:08:27,60.1400,27,2
2026-03-20,601318,14:08:30,60.1300,353,2
2026-03-20,601318,14:08:33,60.1500,76,1
2026-03-20,601318,14:08:36,60.1400,88,2
2026-03-20,601318,14:08:39,60.1500,34,2
2026-03-20,601318,14:08:42,60.1700,381,1
2026-03-20,601318,14:08:45,60.1700,20,1
2026-03-20,601318,14:08:48,60.1700,171,1
2026-03-20,601318,14:08:51,60.1700,65,2
2026-03-20,601318,14:08:54,60.1800,4,1
2026-03-20,601318,14:08:57,60.1800,21,1
2026-03-20,601318,14:09:00,60.1500,179,2
2026-03-20,601318,14:09:03,60.1500,106,2
2026-03-20,601318,14:09:06,60.1600,43,2
2026-03-20,601318,14:09:09,60.1500,219,2
2026-03-20,601318,14:09:12,60.1500,38,2
2026-03-20,601318,14:09:15,60.1500,62,2
2026-03-20,601318,14:09:18,60.1500,33,1
2026-03-20,601318,14:09:21,60.1400,58,2
2026-03-20,601318,14:09:24,60.1300,249,2
2026-03-20,601318,14:09:27,60.1200,17,2
2026-03-20,601318,14:09:30,60.1000,313,2
2026-03-20,601318,14:09:33,60.1000,11,2
2026-03-20,601318,14:09:36,60.0900,178,2
2026-03-20,601318,14:09:39,60.0900,146,2
2026-03-20,601318,14:09:42,60.1000,56,1
2026-03-20,601318,14:09:45,60.0800,30,2
2026-03-20,601318,14:09:48,60.0900,41,1
2026-03-20,601318,14:09:51,60.0700,16,4
2026-03-20,601318,14:09:54,60.0700,20,1
2026-03-20,601318,14:09:57,60.0600,22,2
2026-03-20,601318,14:10:00,60.0700,99,1
2026-03-20,601318,14:10:03,60.0600,79,2
2026-03-20,601318,14:10:06,60.0700,47,1
2026-03-20,601318,14:10:09,60.0700,80,1
2026-03-20,601318,14:10:12,60.0500,205,2
2026-03-20,601318,14:10:15,60.0400,252,2
2026-03-20,601318,14:10:18,60.0600,69,1
2026-03-20,601318,14:10:21,60.0500,141,2
2026-03-20,601318,14:10:24,60.0400,37,2
2026-03-20,601318,14:10:27,60.0500,90,1
2026-03-20,601318,14:10:30,60.0400,122,2
2026-03-20,601318,14:10:33,60.0400,77,1
2026-03-20,601318,14:10:36,60.0300,182,2
2026-03-20,601318,14:10:39,60.0400,38,4
2026-03-20,601318,14:10:42,60.0500,85,1
2026-03-20,601318,14:10:45,60.0400,23,2
2026-03-20,601318,14:10:48,60.0400,96,2
2026-03-20,601318,14:10:51,60.0400,16,2
2026-03-20,601318,14:10:54,60.0500,5,1
2026-03-20,601318,14:10:57,60.0400,55,2
2026-03-20,601318,14:11:00,60.0300,119,2
2026-03-20,601318,14:11:03,60.0200,34,2
2026-03-20,601318,14:11:06,60.0400,12,1
2026-03-20,601318,14:11:09,60.0500,21,1
2026-03-20,601318,14:11:12,60.0400,5,1
2026-03-20,601318,14:11:15,60.0400,5,2
2026-03-20,601318,14:11:18,60.0600,331,1
2026-03-20,601318,14:11:21,60.0400,22,2
2026-03-20,601318,14:11:24,60.0500,32,1
2026-03-20,601318,14:11:27,60.0500,16,1
2026-03-20,601318,14:11:30,60.0400,47,2
2026-03-20,601318,14:11:33,60.0500,48,1
2026-03-20,601318,14:11:36,60.0500,4,2
2026-03-20,601318,14:11:39,60.0500,16,2
2026-03-20,601318,14:11:42,60.0400,33,2
2026-03-20,601318,14:11:45,60.0500,7,4
2026-03-20,601318,14:11:48,60.0400,88,2
2026-03-20,601318,14:11:51,60.0500,3,4
2026-03-20,601318,14:11:54,60.0400,79,2
2026-03-20,601318,14:11:58,60.0400,76,1
2026-03-20,601318,14:12:00,60.0400,16,1
2026-03-20,601318,14:12:03,60.0300,385,2
2026-03-20,601318,14:12:06,60.0300,54,4
2026-03-20,601318,14:12:09,60.0300,128,1
2026-03-20,601318,14:12:12,60.0300,156,1
2026-03-20,601318,14:12:15,60.0200,18,2
2026-03-20,601318,14:12:18,60.0300,65,1
2026-03-20,601318,14:12:21,60.0400,56,1
2026-03-20,601318,14:12:24,60.0400,21,1
2026-03-20,601318,14:12:27,60.0400,16,1
2026-03-20,601318,14:12:30,60.0200,96,2
2026-03-20,601318,14:12:33,60.0300,51,1
2026-03-20,601318,14:12:36,60.0300,64,1
2026-03-20,601318,14:12:42,60.0300,291,2
2026-03-20,601318,14:12:45,60.0400,261,1
2026-03-20,601318,14:12:48,60.0400,139,1
2026-03-20,601318,14:12:51,60.0400,27,2
2026-03-20,601318,14:12:54,60.0400,11,2
2026-03-20,601318,14:12:57,60.0400,58,2
2026-03-20,601318,14:13:00,60.0400,81,2
2026-03-20,601318,14:13:03,60.0400,27,2
2026-03-20,601318,14:13:06,60.0400,144,2
2026-03-20,601318,14:13:09,60.0500,20,1
2026-03-20,601318,14:13:12,60.0400,12,1
2026-03-20,601318,14:13:15,60.0300,78,2
2026-03-20,601318,14:13:18,60.0500,65,1
2026-03-20,601318,14:13:21,60.0400,53,2
2026-03-20,601318,14:13:24,60.0400,36,1
2026-03-20,601318,14:13:27,60.0400,346,2
2026-03-20,601318,14:13:30,60.0200,69,2
2026-03-20,601318,14:13:33,60.0400,17,1
2026-03-20,601318,14:13:36,60.0300,22,2
2026-03-20,601318,14:13:39,60.0400,3,1
2026-03-20,601318,14:13:42,60.0300,7,2
2026-03-20,601318,14:13:45,60.0400,31,1
2026-03-20,601318,14:13:48,60.0400,32,1
2026-03-20,601318,14:13:51,60.0200,385,2
2026-03-20,601318,14:13:54,60.0200,25,2
2026-03-20,601318,14:13:57,60.0200,26,2
2026-03-20,601318,14:14:00,60.0300,3,4
2026-03-20,601318,14:14:03,60.0200,36,2
2026-03-20,601318,14:14:06,60.0200,230,2
2026-03-20,601318,14:14:09,60.0300,34,1
2026-03-20,601318,14:14:12,60.0300,46,1
2026-03-20,601318,14:14:15,60.0200,18,2
2026-03-20,601318,14:14:18,60.0200,72,2
2026-03-20,601318,14:14:21,60.0300,53,1
2026-03-20,601318,14:14:24,60.0200,319,2
2026-03-20,601318,14:14:27,60.0300,157,1
2026-03-20,601318,14:14:30,60.0100,124,2
2026-03-20,601318,14:14:33,60.0300,14,1
2026-03-20,601318,14:14:36,60.0200,57,2
2026-03-20,601318,14:14:39,60.0200,38,1
2026-03-20,601318,14:14:42,60.0300,69,1
2026-03-20,601318,14:14:45,60.0300,16,2
2026-03-20,601318,14:14:48,60.0300,29,2
2026-03-20,601318,14:14:51,60.0200,2,2
2026-03-20,601318,14:14:54,60.0300,14,1
2026-03-20,601318,14:14:57,60.0300,198,1
2026-03-20,601318,14:15:00,60.0300,57,2
2026-03-20,601318,14:15:03,60.0300,24,2
2026-03-20,601318,14:15:06,60.0400,49,1
2026-03-20,601318,14:15:09,60.0300,71,2
2026-03-20,601318,14:15:12,60.0200,37,2
2026-03-20,601318,14:15:15,60.0200,18,2
2026-03-20,601318,14:15:18,60.0300,32,1
2026-03-20,601318,14:15:21,60.0300,2,1
2026-03-20,601318,14:15:24,60.0200,18,2
2026-03-20,601318,14:15:27,60.0300,61,1
2026-03-20,601318,14:15:30,60.0200,61,2
2026-03-20,601318,14:15:33,60.0300,24,1
2026-03-20,601318,14:15:36,60.0300,6,1
2026-03-20,601318,14:15:39,60.0200,632,2
2026-03-20,601318,14:15:42,60.0200,62,1
2026-03-20,601318,14:15:45,60.0100,594,2
2026-03-20,601318,14:15:48,60.0100,34,2
2026-03-20,601318,14:15:51,60.0100,60,2
2026-03-20,601318,14:15:54,60.0200,18,1
2026-03-20,601318,14:15:57,60.0200,18,1
2026-03-20,601318,14:16:00,60.0100,44,2
2026-03-20,601318,14:16:03,60.0100,407,2
2026-03-20,601318,14:16:06,60.0200,100,1
2026-03-20,601318,14:16:09,60.0200,482,1
2026-03-20,601318,14:16:12,60.0100,24,2
2026-03-20,601318,14:16:15,60.0200,35,1
2026-03-20,601318,14:16:18,60.0200,57,1
2026-03-20,601318,14:16:21,60.0200,21,1
2026-03-20,601318,14:16:24,60.0100,13,2
2026-03-20,601318,14:16:27,60.0100,36,2
2026-03-20,601318,14:16:30,60.0200,43,1
2026-03-20,601318,14:16:33,60.0100,187,2
2026-03-20,601318,14:16:36,60.0100,285,2
2026-03-20,601318,14:16:39,60.0100,2,2
2026-03-20,601318,14:16:42,60.0200,31,1
2026-03-20,601318,14:16:45,60.0100,4,2
2026-03-20,601318,14:16:48,60.0100,25,2
2026-03-20,601318,14:16:51,60.0200,35,1
2026-03-20,601318,14:16:57,60.0100,75,2
2026-03-20,601318,14:17:00,60.0100,68,2
2026-03-20,601318,14:17:03,60.0100,372,2
2026-03-20,601318,14:17:06,60.0100,201,2
2026-03-20,601318,14:17:09,60.0200,204,1
2026-03-20,601318,14:17:12,60.0100,61,2
2026-03-20,601318,14:17:15,60.0200,112,1
2026-03-20,601318,14:17:18,60.0100,58,2
2026-03-20,601318,14:17:21,60.0100,72,2
2026-03-20,601318,14:17:24,60.0100,105,2
2026-03-20,601318,14:17:27,60.0100,103,2
2026-03-20,601318,14:17:30,60.0100,55,2
2026-03-20,601318,14:17:33,60.0100,24,2
2026-03-20,601318,14:17:36,60.0100,52,2
2026-03-20,601318,14:17:39,60.0200,242,1
2026-03-20,601318,14:17:42,60.0100,87,2
2026-03-20,601318,14:17:45,60.0100,99,1
2026-03-20,601318,14:17:48,60.0100,382,1
2026-03-20,601318,14:17:51,60.0200,62,1
2026-03-20,601318,14:17:54,60.0100,29,2
2026-03-20,601318,14:17:57,60.0200,2,1
2026-03-20,601318,14:18:00,60.0200,82,1
2026-03-20,601318,14:18:03,60.0200,531,1
2026-03-20,601318,14:18:06,60.0300,154,1
2026-03-20,601318,14:18:09,60.0200,267,2
2026-03-20,601318,14:18:12,60.0300,133,1
2026-03-20,601318,14:18:15,60.0400,1,1
2026-03-20,601318,14:18:18,60.0400,75,1
2026-03-20,601318,14:18:21,60.0400,141,1
2026-03-20,601318,14:18:24,60.0500,5,1
2026-03-20,601318,14:18:27,60.0300,53,2
2026-03-20,601318,14:18:30,60.0400,79,4
2026-03-20,601318,14:18:33,60.0500,51,1
2026-03-20,601318,14:18:36,60.0500,41,1
2026-03-20,601318,14:18:39,60.0500,4,1
2026-03-20,601318,14:18:42,60.0500,39,1
2026-03-20,601318,14:18:45,60.0500,87,1
2026-03-20,601318,14:18:48,60.0400,37,1
2026-03-20,601318,14:18:51,60.0400,125,2
2026-03-20,601318,14:18:54,60.0400,35,2
2026-03-20,601318,14:18:57,60.0500,52,1
2026-03-20,601318,14:19:00,60.0400,61,2
2026-03-20,601318,14:19:03,60.0400,147,1
2026-03-20,601318,14:19:06,60.0400,8,1
2026-03-20,601318,14:19:09,60.0400,23,1
2026-03-20,601318,14:19:12,60.0400,32,1
2026-03-20,601318,14:19:15,60.0500,16,1
2026-03-20,601318,14:19:18,60.0500,21,1
2026-03-20,601318,14:19:21,60.0500,132,1
2026-03-20,601318,14:19:24,60.0400,51,2
2026-03-20,601318,14:19:27,60.0400,15,1
2026-03-20,601318,14:19:30,60.0400,6,1
2026-03-20,601318,14:19:33,60.0400,52,1
2026-03-20,601318,14:19:36,60.0300,59,2
2026-03-20,601318,14:19:39,60.0300,133,2
2026-03-20,601318,14:19:42,60.0300,116,2
2026-03-20,601318,14:19:45,60.0300,36,2
2026-03-20,601318,14:19:48,60.0300,18,2
2026-03-20,601318,14:19:51,60.0400,2,1
2026-03-20,601318,14:19:54,60.0300,12,2
2026-03-20,601318,14:19:57,60.0300,18,2
2026-03-20,601318,14:20:00,60.0200,63,2
2026-03-20,601318,14:20:03,60.0300,74,1
2026-03-20,601318,14:20:06,60.0300,23,2
2026-03-20,601318,14:20:09,60.0200,220,2
2026-03-20,601318,14:20:12,60.0300,10,1
2026-03-20,601318,14:20:15,60.0300,17,1
2026-03-20,601318,14:20:18,60.0200,96,2
2026-03-20,601318,14:20:21,60.0300,138,1
2026-03-20,601318,14:20:24,60.0200,56,2
2026-03-20,601318,14:20:27,60.0300,31,1
2026-03-20,601318,14:20:30,60.0100,55,2
2026-03-20,601318,14:20:33,60.0300,14,1
2026-03-20,601318,14:20:36,60.0200,13,2
2026-03-20,601318,14:20:39,60.0300,18,1
2026-03-20,601318,14:20:42,60.0300,34,1
2026-03-20,601318,14:20:45,60.0100,18,2
2026-03-20,601318,14:20:48,60.0100,38,2
2026-03-20,601318,14:20:51,60.0200,11,1
2026-03-20,601318,14:20:54,60.0100,14,2
2026-03-20,601318,14:20:57,60.0200,9,1
2026-03-20,601318,14:21:00,60.0200,12,1
2026-03-20,601318,14:21:03,60.0100,110,2
2026-03-20,601318,14:21:06,60.0200,451,1
2026-03-20,601318,14:21:09,60.0100,26,2
2026-03-20,601318,14:21:12,60.0200,90,1
2026-03-20,601318,14:21:15,60.0100,29,2
2026-03-20,601318,14:21:18,60.0200,21,1
2026-03-20,601318,14:21:21,60.0200,91,1
2026-03-20,601318,14:21:24,60.0200,81,2
2026-03-20,601318,14:21:27,60.0200,56,1
2026-03-20,601318,14:21:30,60.0100,57,2
2026-03-20,601318,14:21:33,60.0200,20,1
2026-03-20,601318,14:21:36,60.0200,38,1
2026-03-20,601318,14:21:39,60.0200,78,1
2026-03-20,601318,14:21:42,60.0200,23,2
2026-03-20,601318,14:21:45,60.0200,207,2
2026-03-20,601318,14:21:48,60.0300,48,1
2026-03-20,601318,14:21:51,60.0200,76,2
2026-03-20,601318,14:21:54,60.0200,70,2
2026-03-20,601318,14:21:57,60.0200,11,1
2026-03-20,601318,14:22:00,60.0200,25,1
2026-03-20,601318,14:22:03,60.0100,289,2
2026-03-20,601318,14:22:06,60.0100,85,2
2026-03-20,601318,14:22:09,60.0200,54,1
2026-03-20,601318,14:22:12,60.0100,29,2
2026-03-20,601318,14:22:15,60.0200,68,1
2026-03-20,601318,14:22:18,59.9900,5736,2
2026-03-20,601318,14:22:21,60.0100,154,1
2026-03-20,601318,14:22:24,60.0100,64,1
2026-03-20,601318,14:22:27,60.0000,35,2
2026-03-20,601318,14:22:30,59.9900,31,2
2026-03-20,601318,14:22:33,60.0000,89,1
2026-03-20,601318,14:22:36,60.0000,11,1
2026-03-20,601318,14:22:39,60.0000,36,1
2026-03-20,601318,14:22:42,60.0000,30,1
2026-03-20,601318,14:22:45,60.0000,212,1
2026-03-20,601318,14:22:48,59.9900,182,2
2026-03-20,601318,14:22:51,60.0000,59,2
2026-03-20,601318,14:22:54,60.0000,113,2
2026-03-20,601318,14:22:57,60.0000,54,2
2026-03-20,601318,14:23:00,60.0000,80,1
2026-03-20,601318,14:23:03,59.9900,36,2
2026-03-20,601318,14:23:06,60.0000,40,1
2026-03-20,601318,14:23:09,60.0000,83,1
2026-03-20,601318,14:23:12,60.0000,15,1
2026-03-20,601318,14:23:15,60.0000,64,1
2026-03-20,601318,14:23:18,60.0000,48,1
2026-03-20,601318,14:23:21,59.9900,129,2
2026-03-20,601318,14:23:24,60.0000,96,1
2026-03-20,601318,14:23:27,60.0100,25,1
2026-03-20,601318,14:23:30,60.0000,67,2
2026-03-20,601318,14:23:33,60.0100,69,1
2026-03-20,601318,14:23:36,60.0000,6,2
2026-03-20,601318,14:23:39,60.0000,57,2
2026-03-20,601318,14:23:42,60.0000,8,2
2026-03-20,601318,14:23:45,60.0000,57,2
2026-03-20,601318,14:23:48,60.0100,74,1
2026-03-20,601318,14:23:51,60.0000,45,2
2026-03-20,601318,14:23:54,60.0000,12,2
2026-03-20,601318,14:23:57,60.0000,44,2
2026-03-20,601318,14:24:00,60.0100,42,1
2026-03-20,601318,14:24:03,60.0100,57,1
2026-03-20,601318,14:24:06,60.0000,41,2
2026-03-20,601318,14:24:09,60.0100,48,1
2026-03-20,601318,14:24:12,60.0100,4,2
2026-03-20,601318,14:24:15,60.0100,15,2
2026-03-20,601318,14:24:18,60.0200,99,1
2026-03-20,601318,14:24:21,60.0000,131,2
2026-03-20,601318,14:24:24,60.0100,79,2
2026-03-20,601318,14:24:27,60.0100,47,2
2026-03-20,601318,14:24:30,60.0000,27,2
2026-03-20,601318,14:24:33,60.0100,19,1
2026-03-20,601318,14:24:36,60.0100,15,1
2026-03-20,601318,14:24:39,60.0000,47,2
2026-03-20,601318,14:24:42,60.0100,56,1
2026-03-20,601318,14:24:45,60.0000,84,2
2026-03-20,601318,14:24:48,60.0100,39,1
2026-03-20,601318,14:24:51,60.0100,63,1
2026-03-20,601318,14:24:54,60.0100,21,1
2026-03-20,601318,14:24:57,60.0100,42,1
2026-03-20,601318,14:25:00,60.0100,9,1
2026-03-20,601318,14:25:03,60.0000,71,2
2026-03-20,601318,14:25:06,60.0100,49,1
2026-03-20,601318,14:25:09,60.0100,20,2
2026-03-20,601318,14:25:12,60.0100,29,4
2026-03-20,601318,14:25:15,60.0000,50,2
2026-03-20,601318,14:25:18,60.0000,42,2
2026-03-20,601318,14:25:21,60.0100,21,1
2026-03-20,601318,14:25:24,60.0000,104,2
2026-03-20,601318,14:25:27,60.0100,135,1
2026-03-20,601318,14:25:30,60.0100,585,1
2026-03-20,601318,14:25:33,60.0000,126,2
2026-03-20,601318,14:25:36,60.0000,81,2
2026-03-20,601318,14:25:42,60.0100,14,1
2026-03-20,601318,14:25:45,60.0100,23,1
2026-03-20,601318,14:25:48,60.0100,71,1
2026-03-20,601318,14:25:51,60.0100,18,1
2026-03-20,601318,14:25:54,60.0000,80,2
2026-03-20,601318,14:25:57,60.0100,18,4
2026-03-20,601318,14:26:00,60.0000,58,2
2026-03-20,601318,14:26:03,60.0000,98,2
2026-03-20,601318,14:26:06,60.0100,21,1
2026-03-20,601318,14:26:09,60.0200,66,1
2026-03-20,601318,14:26:12,60.0000,37,2
2026-03-20,601318,14:26:15,60.0100,55,1
2026-03-20,601318,14:26:18,60.0100,133,1
2026-03-20,601318,14:26:21,60.0100,178,1
2026-03-20,601318,14:26:24,60.0000,12,2
2026-03-20,601318,14:26:27,60.0100,27,1
2026-03-20,601318,14:26:30,60.0100,113,1
2026-03-20,601318,14:26:33,60.0100,29,1
2026-03-20,601318,14:26:36,60.0100,36,1
2026-03-20,601318,14:26:39,60.0000,76,2
2026-03-20,601318,14:26:42,60.0100,24,1
2026-03-20,601318,14:26:45,60.0100,159,1
2026-03-20,601318,14:26:48,60.0100,161,1
2026-03-20,601318,14:26:51,60.0000,70,2
2026-03-20,601318,14:26:54,60.0200,2,1
2026-03-20,601318,14:27:00,60.0200,110,1
2026-03-20,601318,14:27:03,60.0200,119,1
2026-03-20,601318,14:27:06,60.0200,66,1
2026-03-20,601318,14:27:09,60.0200,17,2
2026-03-20,601318,14:27:12,60.0200,38,1
2026-03-20,601318,14:27:15,60.0100,89,2
2026-03-20,601318,14:27:18,60.0200,34,1
2026-03-20,601318,14:27:21,60.0100,24,2
2026-03-20,601318,14:27:24,60.0200,124,1
2026-03-20,601318,14:27:27,60.0100,59,2
2026-03-20,601318,14:27:30,60.0200,1,1
2026-03-20,601318,14:27:33,60.0200,79,1
2026-03-20,601318,14:27:36,60.0100,16,2
2026-03-20,601318,14:27:39,60.0100,61,2
2026-03-20,601318,14:27:42,60.0300,39,1
2026-03-20,601318,14:27:45,60.0200,3,1
2026-03-20,601318,14:27:48,60.0200,48,1
2026-03-20,601318,14:27:51,60.0100,16,2
2026-03-20,601318,14:27:54,60.0200,83,1
2026-03-20,601318,14:27:57,60.0100,81,2
2026-03-20,601318,14:28:00,60.0100,42,2
2026-03-20,601318,14:28:03,60.0100,93,2
2026-03-20,601318,14:28:06,60.0100,110,2
2026-03-20,601318,14:28:09,60.0100,21,2
2026-03-20,601318,14:28:12,60.0200,235,1
2026-03-20,601318,14:28:15,60.0300,10,1
2026-03-20,601318,14:28:18,60.0200,109,2
2026-03-20,601318,14:28:21,60.0100,79,2
2026-03-20,601318,14:28:24,60.0200,33,1
2026-03-20,601318,14:28:27,60.0200,8,1
2026-03-20,601318,14:28:30,60.0100,158,2
2026-03-20,601318,14:28:33,60.0200,79,1
2026-03-20,601318,14:28:36,60.0200,47,1
2026-03-20,601318,14:28:39,60.0100,129,2
2026-03-20,601318,14:28:42,60.0100,16,2
2026-03-20,601318,14:28:45,60.0200,154,1
2026-03-20,601318,14:28:48,60.0200,124,1
2026-03-20,601318,14:28:51,60.0100,183,2
2026-03-20,601318,14:28:54,60.0100,110,1
2026-03-20,601318,14:28:57,60.0000,101,2
2026-03-20,601318,14:29:00,60.0000,38,2
2026-03-20,601318,14:29:03,60.0300,209,1
2026-03-20,601318,14:29:06,60.0200,39,4
2026-03-20,601318,14:29:09,60.0100,20,2
2026-03-20,601318,14:29:12,60.0100,139,2
2026-03-20,601318,14:29:15,60.0100,19,1
2026-03-20,601318,14:29:18,60.0100,23,1
2026-03-20,601318,14:29:21,60.0100,28,1
2026-03-20,601318,14:29:24,60.0100,87,1
2026-03-20,601318,14:29:27,60.0100,58,4
2026-03-20,601318,14:29:30,60.0100,115,1
2026-03-20,601318,14:29:33,60.0100,84,1
2026-03-20,601318,14:29:36,60.0200,58,1
2026-03-20,601318,14:29:39,60.0200,117,1
2026-03-20,601318,14:29:42,60.0200,47,1
2026-03-20,601318,14:29:45,60.0200,72,1
2026-03-20,601318,14:29:48,60.0200,21,1
2026-03-20,601318,14:29:51,60.0200,34,1
2026-03-20,601318,14:29:54,60.0200,8,1
2026-03-20,601318,14:29:57,60.0200,32,2
2026-03-20,601318,14:30:00,60.0100,46,2
2026-03-20,601318,14:30:03,60.0100,122,2
2026-03-20,601318,14:30:06,60.0100,1035,2
2026-03-20,601318,14:30:09,60.0100,115,1
2026-03-20,601318,14:30:12,60.0600,596,1
2026-03-20,601318,14:30:15,60.0600,123,1
2026-03-20,601318,14:30:18,60.0500,109,2
2026-03-20,601318,14:30:21,60.0600,125,1
2026-03-20,601318,14:30:24,60.0600,65,1
2026-03-20,601318,14:30:27,60.0600,51,2
2026-03-20,601318,14:30:30,60.0400,136,2
2026-03-20,601318,14:30:33,60.0400,6,2
2026-03-20,601318,14:30:36,60.0500,8,1
2026-03-20,601318,14:30:39,60.0700,84,1
2026-03-20,601318,14:30:42,60.0700,69,1
2026-03-20,601318,14:30:45,60.0500,47,2
2026-03-20,601318,14:30:48,60.0600,46,1
2026-03-20,601318,14:30:51,60.0600,132,1
2026-03-20,601318,14:30:54,60.0500,76,2
2026-03-20,601318,14:30:57,60.0500,10,1
2026-03-20,601318,14:31:00,60.0200,148,2
2026-03-20,601318,14:31:03,60.0300,79,4
2026-03-20,601318,14:31:06,60.0400,14,1
2026-03-20,601318,14:31:09,60.0200,131,2
2026-03-20,601318,14:31:12,60.0300,42,1
2026-03-20,601318,14:31:15,60.0400,172,1
2026-03-20,601318,14:31:18,60.0500,310,1
2026-03-20,601318,14:31:21,60.0400,27,2
2026-03-20,601318,14:31:24,60.0400,66,2
2026-03-20,601318,14:31:27,60.0400,58,1
2026-03-20,601318,14:31:30,60.0100,21,2
2026-03-20,601318,14:31:33,60.0300,62,4
2026-03-20,601318,14:31:36,60.0400,86,1
2026-03-20,601318,14:31:39,60.0200,60,2
2026-03-20,601318,14:31:42,60.0200,14,2
2026-03-20,601318,14:31:45,60.0400,10,1
2026-03-20,601318,14:31:48,60.0200,238,2
2026-03-20,601318,14:31:51,60.0300,107,4
2026-03-20,601318,14:31:54,60.0200,187,2
2026-03-20,601318,14:31:57,60.0200,184,1
2026-03-20,601318,14:32:00,60.0100,170,2
2026-03-20,601318,14:32:03,60.0200,264,1
2026-03-20,601318,14:32:06,60.0200,179,1
2026-03-20,601318,14:32:09,60.0200,1089,1
2026-03-20,601318,14:32:12,60.0100,327,2
2026-03-20,601318,14:32:15,60.0100,7,1
2026-03-20,601318,14:32:18,60.0100,32,1
2026-03-20,601318,14:32:21,60.0100,36,1
2026-03-20,601318,14:32:24,60.0100,226,1
2026-03-20,601318,14:32:27,60.0100,375,1
2026-03-20,601318,14:32:30,60.0100,82,1
2026-03-20,601318,14:32:33,60.0000,77,2
2026-03-20,601318,14:32:36,60.0000,104,2
2026-03-20,601318,14:32:39,60.0000,104,2
2026-03-20,601318,14:32:42,60.0000,44,2
2026-03-20,601318,14:32:45,60.0100,3,1
2026-03-20,601318,14:32:48,60.0100,61,1
2026-03-20,601318,14:32:51,60.0000,16,2
2026-03-20,601318,14:32:54,60.0000,133,2
2026-03-20,601318,14:32:57,60.0100,2749,1
2026-03-20,601318,14:33:00,60.0000,266,2
2026-03-20,601318,14:33:03,60.0100,154,1
2026-03-20,601318,14:33:06,60.0100,124,1
2026-03-20,601318,14:33:09,60.0100,450,1
2026-03-20,601318,14:33:12,60.0200,1004,1
2026-03-20,601318,14:33:15,60.0100,35,2
2026-03-20,601318,14:33:18,60.0000,38,2
2026-03-20,601318,14:33:21,60.0000,38,2
2026-03-20,601318,14:33:24,60.0200,290,1
2026-03-20,601318,14:33:27,60.0200,58,1
2026-03-20,601318,14:33:30,60.0500,123,1
2026-03-20,601318,14:33:33,60.0200,75,2
2026-03-20,601318,14:33:36,60.0200,87,1
2026-03-20,601318,14:33:39,60.0400,43,1
2026-03-20,601318,14:33:42,60.0400,89,1
2026-03-20,601318,14:33:45,60.0200,37,2
2026-03-20,601318,14:33:48,60.0300,20,1
2026-03-20,601318,14:33:51,60.0300,129,1
2026-03-20,601318,14:33:54,60.0400,219,1
2026-03-20,601318,14:33:57,60.0500,132,1
2026-03-20,601318,14:34:00,60.0400,162,2
2026-03-20,601318,14:34:03,60.0300,83,2
2026-03-20,601318,14:34:06,60.0600,53,1
2026-03-20,601318,14:34:09,60.0500,14,1
2026-03-20,601318,14:34:12,60.0600,77,1
2026-03-20,601318,14:34:15,60.0400,32,2
2026-03-20,601318,14:34:18,60.0400,56,1
2026-03-20,601318,14:34:21,60.0400,21,1
2026-03-20,601318,14:34:24,60.0400,23,1
2026-03-20,601318,14:34:27,60.0300,75,2
2026-03-20,601318,14:34:30,60.0400,106,1
2026-03-20,601318,14:34:33,60.0400,95,1
2026-03-20,601318,14:34:36,60.0500,117,1
2026-03-20,601318,14:34:39,60.0400,6,1
2026-03-20,601318,14:34:42,60.0400,17,1
2026-03-20,601318,14:34:45,60.0500,22,1
2026-03-20,601318,14:34:48,60.0400,17,2
2026-03-20,601318,14:34:51,60.0400,82,1
2026-03-20,601318,14:34:54,60.0300,207,2
2026-03-20,601318,14:34:57,60.0400,88,4
2026-03-20,601318,14:35:00,60.0300,161,2
2026-03-20,601318,14:35:03,60.0300,47,2
2026-03-20,601318,14:35:06,60.0300,235,2
2026-03-20,601318,14:35:09,60.0300,18,1
2026-03-20,601318,14:35:12,60.0300,81,1
2026-03-20,601318,14:35:15,60.0300,368,2
2026-03-20,601318,14:35:18,60.0500,61,1
2026-03-20,601318,14:35:21,60.0600,464,1
2026-03-20,601318,14:35:24,60.0600,49,1
2026-03-20,601318,14:35:27,60.0600,68,1
2026-03-20,601318,14:35:30,60.0500,55,2
2026-03-20,601318,14:35:33,60.0600,64,1
2026-03-20,601318,14:35:36,60.0600,96,1
2026-03-20,601318,14:35:39,60.0600,27,1
2026-03-20,601318,14:35:42,60.0500,60,2
2026-03-20,601318,14:35:45,60.0600,135,2
2026-03-20,601318,14:35:48,60.0500,180,2
2026-03-20,601318,14:35:51,60.0600,105,1
2026-03-20,601318,14:35:54,60.0500,62,2
2026-03-20,601318,14:35:57,60.0500,27,2
2026-03-20,601318,14:36:00,60.0400,65,2
2026-03-20,601318,14:36:03,60.0400,19,2
2026-03-20,601318,14:36:06,60.0300,180,2
2026-03-20,601318,14:36:09,60.0300,165,1
2026-03-20,601318,14:36:12,60.0400,24,4
2026-03-20,601318,14:36:15,60.0200,185,2
2026-03-20,601318,14:36:18,60.0200,230,2
2026-03-20,601318,14:36:21,60.0400,27,1
2026-03-20,601318,14:36:24,60.0300,6,4
2026-03-20,601318,14:36:27,60.0200,68,2
2026-03-20,601318,14:36:30,60.0200,170,2
2026-03-20,601318,14:36:33,60.0200,106,2
2026-03-20,601318,14:36:36,60.0100,37,2
2026-03-20,601318,14:36:39,60.0300,30,1
2026-03-20,601318,14:36:42,60.0200,24,2
2026-03-20,601318,14:36:45,60.0300,87,1
2026-03-20,601318,14:36:48,60.0300,29,1
2026-03-20,601318,14:36:51,60.0200,14,2
2026-03-20,601318,14:36:54,60.0300,67,1
2026-03-20,601318,14:36:57,60.0300,46,1
2026-03-20,601318,14:37:00,60.0200,90,2
2026-03-20,601318,14:37:03,60.0300,136,1
2026-03-20,601318,14:37:06,60.0300,40,1
2026-03-20,601318,14:37:09,60.0300,65,1
2026-03-20,601318,14:37:12,60.0200,35,2
2026-03-20,601318,14:37:15,60.0200,94,2
2026-03-20,601318,14:37:18,60.0300,185,1
2026-03-20,601318,14:37:21,60.0300,32,1
2026-03-20,601318,14:37:24,60.0200,308,2
2026-03-20,601318,14:37:27,60.0100,19,2
2026-03-20,601318,14:37:30,60.0100,166,2
2026-03-20,601318,14:37:33,60.0100,52,2
2026-03-20,601318,14:37:36,60.0300,58,1
2026-03-20,601318,14:37:39,60.0200,200,4
2026-03-20,601318,14:37:42,60.0100,184,2
2026-03-20,601318,14:37:45,60.0400,39,1
2026-03-20,601318,14:37:48,60.0400,116,1
2026-03-20,601318,14:37:51,60.0300,2506,2
2026-03-20,601318,14:37:54,60.0300,149,1
2026-03-20,601318,14:37:57,60.0200,3307,4
2026-03-20,601318,14:38:00,59.9900,127,2
2026-03-20,601318,14:38:03,59.9900,100,2
2026-03-20,601318,14:38:06,60.0100,68,1
2026-03-20,601318,14:38:09,60.0000,44,2
2026-03-20,601318,14:38:12,60.0100,110,1
2026-03-20,601318,14:38:15,60.0000,40,2
2026-03-20,601318,14:38:18,60.0000,48,1
2026-03-20,601318,14:38:21,60.0000,289,4
2026-03-20,601318,14:38:24,60.0100,29,2
2026-03-20,601318,14:38:27,60.0200,54,1
2026-03-20,601318,14:38:30,59.9900,86,2
2026-03-20,601318,14:38:33,60.0100,1342,1
2026-03-20,601318,14:38:36,60.0100,138,1
2026-03-20,601318,14:38:39,60.0100,67,1
2026-03-20,601318,14:38:42,60.0200,62,1
2026-03-20,601318,14:38:45,60.0300,56,1
2026-03-20,601318,14:38:48,60.0300,55,1
2026-03-20,601318,14:38:51,60.0100,14,2
2026-03-20,601318,14:38:54,60.0100,158,2
2026-03-20,601318,14:38:57,60.0000,87,2
2026-03-20,601318,14:39:00,60.0000,177,2
2026-03-20,601318,14:39:03,60.0000,70,2
2026-03-20,601318,14:39:06,60.0000,116,1
2026-03-20,601318,14:39:09,60.0000,59,1
2026-03-20,601318,14:39:12,60.0000,259,1
2026-03-20,601318,14:39:15,60.0100,73,1
2026-03-20,601318,14:39:18,60.0200,211,1
2026-03-20,601318,14:39:21,60.0300,251,1
2026-03-20,601318,14:39:24,60.0500,363,1
2026-03-20,601318,14:39:27,60.0400,202,2
2026-03-20,601318,14:39:30,60.0200,97,2
2026-03-20,601318,14:39:33,60.0300,7,2
2026-03-20,601318,14:39:36,60.0200,76,2
2026-03-20,601318,14:39:39,60.0200,21,1
2026-03-20,601318,14:39:42,60.0200,22,1
2026-03-20,601318,14:39:45,60.0200,85,1
2026-03-20,601318,14:39:48,60.0100,117,2
2026-03-20,601318,14:39:51,60.0200,17,1
2026-03-20,601318,14:39:54,60.0100,25,2
2026-03-20,601318,14:39:57,60.0200,106,1
2026-03-20,601318,14:40:00,60.0100,313,2
2026-03-20,601318,14:40:03,60.0000,203,2
2026-03-20,601318,14:40:06,60.0000,184,2
2026-03-20,601318,14:40:09,60.0000,104,1
2026-03-20,601318,14:40:12,60.0000,67,2
2026-03-20,601318,14:40:15,60.0000,75,1
2026-03-20,601318,14:40:18,59.9900,199,2
2026-03-20,601318,14:40:21,59.9900,670,2
2026-03-20,601318,14:40:24,59.9900,74,1
2026-03-20,601318,14:40:27,59.9900,22,1
2026-03-20,601318,14:40:30,59.9800,2757,2
2026-03-20,601318,14:40:33,59.9700,1142,2
2026-03-20,601318,14:40:36,59.9700,109,2
2026-03-20,601318,14:40:39,59.9800,135,1
2026-03-20,601318,14:40:42,59.9800,132,4
2026-03-20,601318,14:40:45,59.9900,70,1
2026-03-20,601318,14:40:48,59.9800,67,2
2026-03-20,601318,14:40:51,59.9800,1280,4
2026-03-20,601318,14:40:54,59.9600,110,2
2026-03-20,601318,14:40:57,59.9800,48,1
2026-03-20,601318,14:41:00,59.9500,4726,2
2026-03-20,601318,14:41:03,59.9600,199,1
2026-03-20,601318,14:41:06,59.9700,149,1
2026-03-20,601318,14:41:09,59.9500,32,2
2026-03-20,601318,14:41:12,59.9600,63,1
2026-03-20,601318,14:41:15,59.9600,110,2
2026-03-20,601318,14:41:18,59.9700,107,1
2026-03-20,601318,14:41:21,59.9700,212,1
2026-03-20,601318,14:41:24,59.9700,87,1
2026-03-20,601318,14:41:27,59.9600,70,2
2026-03-20,601318,14:41:30,59.9700,101,1
2026-03-20,601318,14:41:33,59.9700,141,1
2026-03-20,601318,14:41:36,59.9700,123,1
2026-03-20,601318,14:41:39,59.9700,415,1
2026-03-20,601318,14:41:42,59.9700,139,2
2026-03-20,601318,14:41:45,59.9700,26,2
2026-03-20,601318,14:41:48,59.9800,23,1
2026-03-20,601318,14:41:51,59.9700,39,2
2026-03-20,601318,14:41:54,59.9700,70,2
2026-03-20,601318,14:41:57,59.9700,41,2
2026-03-20,601318,14:42:00,59.9600,160,2
2026-03-20,601318,14:42:03,59.9700,164,4
2026-03-20,601318,14:42:06,59.9600,258,2
2026-03-20,601318,14:42:09,59.9600,296,2
2026-03-20,601318,14:42:12,59.9700,87,2
2026-03-20,601318,14:42:15,59.9700,86,1
2026-03-20,601318,14:42:18,59.9700,90,1
2026-03-20,601318,14:42:21,59.9700,48,1
2026-03-20,601318,14:42:24,59.9600,327,2
2026-03-20,601318,14:42:27,59.9700,128,4
2026-03-20,601318,14:42:30,59.9800,51,4
2026-03-20,601318,14:42:34,59.9700,95,2
2026-03-20,601318,14:42:36,59.9700,145,2
2026-03-20,601318,14:42:39,60.0000,163,1
2026-03-20,601318,14:42:42,59.9900,770,1
2026-03-20,601318,14:42:45,59.9900,46,1
2026-03-20,601318,14:42:48,59.9600,275,2
2026-03-20,601318,14:42:51,59.9600,3159,2
2026-03-20,601318,14:42:54,59.9500,98,1
2026-03-20,601318,14:42:57,59.9300,305,2
2026-03-20,601318,14:43:00,59.9600,411,1
2026-03-20,601318,14:43:03,59.9600,670,2
2026-03-20,601318,14:43:06,59.9700,573,1
2026-03-20,601318,14:43:09,59.9700,134,1
2026-03-20,601318,14:43:12,59.9600,22,2
2026-03-20,601318,14:43:15,59.9600,94,1
2026-03-20,601318,14:43:18,59.9500,74,2
2026-03-20,601318,14:43:21,59.9600,142,2
2026-03-20,601318,14:43:25,59.9600,143,2
2026-03-20,601318,14:43:27,59.9600,24,1
2026-03-20,601318,14:43:30,59.9500,55,2
2026-03-20,601318,14:43:33,59.9500,167,2
2026-03-20,601318,14:43:36,59.9500,34,1
2026-03-20,601318,14:43:39,59.9500,153,1
2026-03-20,601318,14:43:42,59.9500,109,1
2026-03-20,601318,14:43:45,59.9500,114,2
2026-03-20,601318,14:43:48,59.9600,58,1
2026-03-20,601318,14:43:51,59.9600,22,1
2026-03-20,601318,14:43:54,59.9400,208,2
2026-03-20,601318,14:43:57,59.9500,44,4
2026-03-20,601318,14:44:00,59.9400,98,2
2026-03-20,601318,14:44:03,59.9400,164,2
2026-03-20,601318,14:44:06,59.9200,405,2
2026-03-20,601318,14:44:09,59.9400,67,1
2026-03-20,601318,14:44:12,59.9500,70,1
2026-03-20,601318,14:44:15,59.9300,83,2
2026-03-20,601318,14:44:18,59.9300,87,1
2026-03-20,601318,14:44:21,59.9200,24,2
2026-03-20,601318,14:44:24,59.9300,130,1
2026-03-20,601318,14:44:27,59.9200,118,2
2026-03-20,601318,14:44:30,59.9200,75,2
2026-03-20,601318,14:44:33,59.9300,75,1
2026-03-20,601318,14:44:36,59.9200,33,4
2026-03-20,601318,14:44:39,59.9200,59,1
2026-03-20,601318,14:44:42,59.9200,53,1
2026-03-20,601318,14:44:45,59.9100,36,2
2026-03-20,601318,14:44:48,59.9100,436,2
2026-03-20,601318,14:44:51,59.9100,86,2
2026-03-20,601318,14:44:54,59.9200,37,1
2026-03-20,601318,14:44:57,59.9200,144,1
2026-03-20,601318,14:45:00,59.9100,184,2
2026-03-20,601318,14:45:03,59.9100,468,2
2026-03-20,601318,14:45:06,59.9100,101,1
2026-03-20,601318,14:45:09,59.9100,209,1
2026-03-20,601318,14:45:12,59.9200,165,1
2026-03-20,601318,14:45:15,59.9200,511,2
2026-03-20,601318,14:45:18,59.9100,273,2
2026-03-20,601318,14:45:21,59.9200,34,4
2026-03-20,601318,14:45:24,59.9100,165,2
2026-03-20,601318,14:45:27,59.9200,197,1
2026-03-20,601318,14:45:30,59.9100,108,2
2026-03-20,601318,14:45:33,59.9100,80,2
2026-03-20,601318,14:45:36,59.9100,68,2
2026-03-20,601318,14:45:39,59.9100,174,2
2026-03-20,601318,14:45:42,59.9000,66,2
2026-03-20,601318,14:45:45,59.9000,197,2
2026-03-20,601318,14:45:48,59.9100,78,1
2026-03-20,601318,14:45:51,59.9100,29,1
2026-03-20,601318,14:45:54,59.8600,5156,2
2026-03-20,601318,14:45:57,59.8600,435,1
2026-03-20,601318,14:46:00,59.8500,77,2
2026-03-20,601318,14:46:03,59.8500,166,2
2026-03-20,601318,14:46:06,59.8500,288,2
2026-03-20,601318,14:46:09,59.8500,251,2
2026-03-20,601318,14:46:12,59.8600,192,1
2026-03-20,601318,14:46:15,59.8600,290,2
2026-03-20,601318,14:46:18,59.8600,153,2
2026-03-20,601318,14:46:21,59.8800,332,1
2026-03-20,601318,14:46:24,59.8700,380,2
2026-03-20,601318,14:46:27,59.8800,352,4
2026-03-20,601318,14:46:30,59.8800,402,2
2026-03-20,601318,14:46:33,59.9000,159,1
2026-03-20,601318,14:46:36,59.9000,134,2
2026-03-20,601318,14:46:39,59.9000,154,2
2026-03-20,601318,14:46:42,59.9000,161,1
2026-03-20,601318,14:46:45,59.9200,209,1
2026-03-20,601318,14:46:48,59.9000,319,2
2026-03-20,601318,14:46:51,59.9100,248,1
2026-03-20,601318,14:46:54,59.9000,159,2
2026-03-20,601318,14:46:57,59.9100,305,1
2026-03-20,601318,14:47:00,59.8800,229,2
2026-03-20,601318,14:47:03,59.9000,165,1
2026-03-20,601318,14:47:06,59.8800,355,2
2026-03-20,601318,14:47:09,59.8900,28,1
2026-03-20,601318,14:47:12,59.9000,236,1
2026-03-20,601318,14:47:15,59.8900,54,2
2026-03-20,601318,14:47:18,59.9000,83,1
2026-03-20,601318,14:47:21,59.9000,56,1
2026-03-20,601318,14:47:24,59.9000,204,1
2026-03-20,601318,14:47:27,59.8700,719,2
2026-03-20,601318,14:47:30,59.8800,168,4
2026-03-20,601318,14:47:33,59.8600,99,2
2026-03-20,601318,14:47:36,59.8600,130,2
2026-03-20,601318,14:47:39,59.8700,100,2
2026-03-20,601318,14:47:42,59.8700,148,2
2026-03-20,601318,14:47:45,59.8700,79,1
2026-03-20,601318,14:47:48,59.8700,140,1
2026-03-20,601318,14:47:51,59.8600,95,2
2026-03-20,601318,14:47:54,59.8700,161,1
2026-03-20,601318,14:47:57,59.8600,180,2
2026-03-20,601318,14:48:00,59.8500,274,2
2026-03-20,601318,14:48:03,59.8400,1126,2
2026-03-20,601318,14:48:06,59.8400,512,2
2026-03-20,601318,14:48:09,59.8400,191,1
2026-03-20,601318,14:48:12,59.8400,1176,1
2026-03-20,601318,14:48:15,59.8200,217,2
2026-03-20,601318,14:48:18,59.8200,257,2
2026-03-20,601318,14:48:21,59.8400,467,1
2026-03-20,601318,14:48:24,59.8400,194,1
2026-03-20,601318,14:48:27,59.8500,63,2
2026-03-20,601318,14:48:30,59.8400,70,4
2026-03-20,601318,14:48:33,59.8200,84,2
2026-03-20,601318,14:48:36,59.8400,156,1
2026-03-20,601318,14:48:39,59.8400,145,1
2026-03-20,601318,14:48:42,59.8400,288,1
2026-03-20,601318,14:48:45,59.8600,161,1
2026-03-20,601318,14:48:48,59.8600,33,1
2026-03-20,601318,14:48:51,59.8600,73,1
2026-03-20,601318,14:48:54,59.8600,42,1
2026-03-20,601318,14:48:57,59.8500,63,2
2026-03-20,601318,14:49:00,59.8500,196,2
2026-03-20,601318,14:49:03,59.8700,327,1
2026-03-20,601318,14:49:06,59.8500,82,2
2026-03-20,601318,14:49:09,59.8600,1171,1
2026-03-20,601318,14:49:12,59.8800,263,1
2026-03-20,601318,14:49:15,59.8700,29,1
2026-03-20,601318,14:49:18,59.8800,325,1
2026-03-20,601318,14:49:21,59.8800,149,2
2026-03-20,601318,14:49:24,59.8800,820,2
2026-03-20,601318,14:49:27,59.8900,90,1
2026-03-20,601318,14:49:30,59.8800,111,2
2026-03-20,601318,14:49:33,59.8800,440,2
2026-03-20,601318,14:49:36,59.8700,174,2
2026-03-20,601318,14:49:39,59.8700,103,1
2026-03-20,601318,14:49:42,59.8600,207,2
2026-03-20,601318,14:49:45,59.8700,187,1
2026-03-20,601318,14:49:48,59.8600,158,2
2026-03-20,601318,14:49:51,59.8700,127,4
2026-03-20,601318,14:49:54,59.8900,21,1
2026-03-20,601318,14:49:57,59.8700,94,2
2026-03-20,601318,14:50:00,59.8700,102,2
2026-03-20,601318,14:50:03,59.8700,599,2
2026-03-20,601318,14:50:06,59.8800,161,1
2026-03-20,601318,14:50:09,59.8800,189,1
2026-03-20,601318,14:50:12,59.8800,112,1
2026-03-20,601318,14:50:15,59.8700,267,2
2026-03-20,601318,14:50:18,59.8600,671,2
2026-03-20,601318,14:50:21,59.8700,994,1
2026-03-20,601318,14:50:24,59.8600,128,2
2026-03-20,601318,14:50:27,59.8600,16,2
2026-03-20,601318,14:50:30,59.8600,118,2
2026-03-20,601318,14:50:33,59.8700,391,1
2026-03-20,601318,14:50:36,59.8700,89,1
2026-03-20,601318,14:50:39,59.8600,59,2
2026-03-20,601318,14:50:42,59.8700,236,1
2026-03-20,601318,14:50:45,59.8800,18,4
2026-03-20,601318,14:50:48,59.8700,196,2
2026-03-20,601318,14:50:51,59.8800,518,1
2026-03-20,601318,14:50:54,59.8800,213,2
2026-03-20,601318,14:50:57,59.8900,119,4
2026-03-20,601318,14:51:00,59.9000,254,1
2026-03-20,601318,14:51:03,59.8900,312,1
2026-03-20,601318,14:51:06,59.8600,283,2
2026-03-20,601318,14:51:09,59.8600,2279,2
2026-03-20,601318,14:51:12,59.8500,348,2
2026-03-20,601318,14:51:15,59.8500,119,1
2026-03-20,601318,14:51:18,59.8500,437,1
2026-03-20,601318,14:51:21,59.8500,202,1
2026-03-20,601318,14:51:24,59.8600,36,1
2026-03-20,601318,14:51:27,59.8600,43,1
2026-03-20,601318,14:51:30,59.8600,91,2
2026-03-20,601318,14:51:33,59.8700,140,1
2026-03-20,601318,14:51:36,59.8600,220,2
2026-03-20,601318,14:51:39,59.8600,710,1
2026-03-20,601318,14:51:42,59.8700,90,1
2026-03-20,601318,14:51:45,59.8600,269,2
2026-03-20,601318,14:51:48,59.8700,105,2
2026-03-20,601318,14:51:51,59.8600,3207,2
2026-03-20,601318,14:51:54,59.8500,201,2
2026-03-20,601318,14:51:57,59.8400,101,4
2026-03-20,601318,14:52:00,59.8400,159,2
2026-03-20,601318,14:52:03,59.8400,239,1
2026-03-20,601318,14:52:06,59.8200,119,2
2026-03-20,601318,14:52:09,59.8300,79,1
2026-03-20,601318,14:52:12,59.8300,74,1
2026-03-20,601318,14:52:15,59.8300,113,1
2026-03-20,601318,14:52:18,59.8200,159,2
2026-03-20,601318,14:52:21,59.8300,289,1
2026-03-20,601318,14:52:24,59.8300,5330,2
2026-03-20,601318,14:52:27,59.8200,1346,1
2026-03-20,601318,14:52:30,59.8000,894,2
2026-03-20,601318,14:52:33,59.8000,401,1
2026-03-20,601318,14:52:36,59.7900,119,2
2026-03-20,601318,14:52:39,59.7900,286,1
2026-03-20,601318,14:52:42,59.7900,169,1
2026-03-20,601318,14:52:45,59.7900,129,2
2026-03-20,601318,14:52:48,59.8000,505,1
2026-03-20,601318,14:52:51,59.7900,472,2
2026-03-20,601318,14:52:54,59.7900,319,1
2026-03-20,601318,14:52:57,59.7900,208,1
2026-03-20,601318,14:53:00,59.7900,145,1
2026-03-20,601318,14:53:03,59.7900,135,1
2026-03-20,601318,14:53:06,59.7900,117,1
2026-03-20,601318,14:53:09,59.7900,79,1
2026-03-20,601318,14:53:12,59.7900,121,1
2026-03-20,601318,14:53:15,59.7900,142,1
2026-03-20,601318,14:53:18,59.7900,147,1
2026-03-20,601318,14:53:21,59.7900,226,1
2026-03-20,601318,14:53:24,59.7900,225,1
2026-03-20,601318,14:53:27,59.7800,261,2
2026-03-20,601318,14:53:30,59.7700,692,2
2026-03-20,601318,14:53:33,59.7700,853,2
2026-03-20,601318,14:53:36,59.7600,316,2
2026-03-20,601318,14:53:39,59.7600,401,1
2026-03-20,601318,14:53:42,59.7600,110,1
2026-03-20,601318,14:53:45,59.7600,210,1
2026-03-20,601318,14:53:48,59.7600,412,1
2026-03-20,601318,14:53:51,59.7600,88,2
2026-03-20,601318,14:53:54,59.7600,223,2
2026-03-20,601318,14:53:57,59.7600,126,2
2026-03-20,601318,14:54:00,59.7600,647,2
2026-03-20,601318,14:54:03,59.7600,168,1
2026-03-20,601318,14:54:06,59.7700,297,1
2026-03-20,601318,14:54:09,59.7600,343,2
2026-03-20,601318,14:54:12,59.7700,73,1
2026-03-20,601318,14:54:15,59.7700,273,1
2026-03-20,601318,14:54:18,59.7800,405,1
2026-03-20,601318,14:54:21,59.7800,171,1
2026-03-20,601318,14:54:24,59.7800,306,1
2026-03-20,601318,14:54:27,59.7700,151,2
2026-03-20,601318,14:54:30,59.7700,98,2
2026-03-20,601318,14:54:33,59.7800,417,1
2026-03-20,601318,14:54:36,59.7600,129,2
2026-03-20,601318,14:54:39,59.7600,121,2
2026-03-20,601318,14:54:42,59.7700,189,1
2026-03-20,601318,14:54:45,59.7600,369,2
2026-03-20,601318,14:54:48,59.7700,206,1
2026-03-20,601318,14:54:51,59.7600,228,2
2026-03-20,601318,14:54:54,59.7700,185,2
2026-03-20,601318,14:54:57,59.7700,174,2
2026-03-20,601318,14:55:00,59.7700,176,2
2026-03-20,601318,14:55:03,59.7700,396,2
2026-03-20,601318,14:55:06,59.7700,236,1
2026-03-20,601318,14:55:09,59.7700,127,1
2026-03-20,601318,14:55:12,59.7700,236,1
2026-03-20,601318,14:55:15,59.7800,331,1
2026-03-20,601318,14:55:18,59.7700,233,4
2026-03-20,601318,14:55:21,59.7700,442,2
2026-03-20,601318,14:55:24,59.7600,72,2
2026-03-20,601318,14:55:27,59.7700,221,1
2026-03-20,601318,14:55:30,59.7600,420,2
2026-03-20,601318,14:55:33,59.7500,514,2
2026-03-20,601318,14:55:36,59.7500,541,1
2026-03-20,601318,14:55:39,59.7500,83,1
2026-03-20,601318,14:55:42,59.7500,173,1
2026-03-20,601318,14:55:45,59.7400,58,4
2026-03-20,601318,14:55:48,59.7400,400,1
2026-03-20,601318,14:55:51,59.7400,149,1
2026-03-20,601318,14:55:54,59.7400,1422,2
2026-03-20,601318,14:55:57,59.7500,309,1
2026-03-20,601318,14:56:00,59.7500,128,2
2026-03-20,601318,14:56:03,59.7400,142,2
2026-03-20,601318,14:56:06,59.7400,72,2
2026-03-20,601318,14:56:09,59.7400,149,2
2026-03-20,601318,14:56:12,59.7500,104,1
2026-03-20,601318,14:56:15,59.7500,113,2
2026-03-20,601318,14:56:18,59.7500,218,1
2026-03-20,601318,14:56:21,59.7700,326,1
2026-03-20,601318,14:56:24,59.7200,486,2
2026-03-20,601318,14:56:27,59.7200,119,2
2026-03-20,601318,14:56:30,59.7100,195,2
2026-03-20,601318,14:56:33,59.7300,1168,1
2026-03-20,601318,14:56:36,59.8000,258,1
2026-03-20,601318,14:56:39,59.7900,198,1
2026-03-20,601318,14:56:42,59.7800,151,4
2026-03-20,601318,14:56:45,59.7900,524,1
2026-03-20,601318,14:56:48,59.7800,178,2
2026-03-20,601318,14:56:51,59.7800,140,2
2026-03-20,601318,14:56:54,59.8000,851,1
2026-03-20,601318,14:56:57,59.8100,77,1
2026-03-20,601318,14:57:00,59.8000,67,2
2026-03-20,601318,15:00:03,59.7400,29849,4
2026-03-20,601318,13:16:30,60.1800,119,2
2026-03-20,601318,13:16:33,60.1800,277,1
2026-03-20,601318,13:16:36,60.1800,248,2
2026-03-20,601318,13:16:39,60.1900,25,1
2026-03-20,601318,13:16:42,60.1800,25,2
2026-03-20,601318,13:16:45,60.1900,88,1
2026-03-20,601318,13:16:48,60.1800,25,2
2026-03-20,601318,13:16:51,60.1900,14,2
2026-03-20,601318,13:16:54,60.1900,14,2
2026-03-20,601318,13:16:57,60.1900,16,2
2026-03-20,601318,13:17:00,60.1900,86,1
2026-03-20,601318,13:17:03,60.1900,49,1
2026-03-20,601318,13:17:06,60.1900,39,1
2026-03-20,601318,13:17:09,60.1800,116,2
2026-03-20,601318,13:17:12,60.1800,78,2
2026-03-20,601318,13:17:15,60.1700,48,2
2026-03-20,601318,13:17:18,60.1600,334,2
2026-03-20,601318,13:17:21,60.1800,12,1
2026-03-20,601318,13:17:24,60.1800,45,1
2026-03-20,601318,13:17:27,60.1800,55,2
2026-03-20,601318,13:17:30,60.1800,24,1
2026-03-20,601318,13:17:33,60.1800,34,1
2026-03-20,601318,13:17:36,60.1800,72,1
2026-03-20,601318,13:17:39,60.1900,128,1
2026-03-20,601318,13:17:42,60.1800,138,4
2026-03-20,601318,13:17:45,60.1700,144,2
2026-03-20,601318,13:17:48,60.1700,83,1
2026-03-20,601318,13:17:51,60.1700,74,1
2026-03-20,601318,13:17:54,60.1700,44,1
2026-03-20,601318,13:17:57,60.1700,31,1
2026-03-20,601318,13:18:00,60.1700,74,1
2026-03-20,601318,13:18:03,60.1700,59,1
2026-03-20,601318,13:18:06,60.1700,52,1
2026-03-20,601318,13:18:09,60.1700,36,2
2026-03-20,601318,13:18:12,60.1800,43,1
2026-03-20,601318,13:18:15,60.1700,20,4
2026-03-20,601318,13:18:18,60.1800,29,1
2026-03-20,601318,13:18:21,60.1800,45,1
2026-03-20,601318,13:18:24,60.1800,300,1
2026-03-20,601318,13:18:27,60.1600,34,2
2026-03-20,601318,13:18:30,60.1500,1573,2
2026-03-20,601318,13:18:33,60.1500,468,1
2026-03-20,601318,13:18:36,60.1500,42,1
2026-03-20,601318,13:18:39,60.1500,57,2
2026-03-20,601318,13:18:42,60.1500,27,4
2026-03-20,601318,13:18:45,60.1400,138,2
2026-03-20,601318,13:18:48,60.1500,1141,1
2026-03-20,601318,13:18:51,60.1500,367,2
2026-03-20,601318,13:18:54,60.1500,38,1
2026-03-20,601318,13:18:57,60.1500,177,1
2026-03-20,601318,13:19:00,60.1500,74,2
2026-03-20,601318,13:19:03,60.1300,82,2
2026-03-20,601318,13:19:06,60.1500,139,1
2026-03-20,601318,13:19:09,60.1300,18,2
2026-03-20,601318,13:19:12,60.1500,109,1
2026-03-20,601318,13:19:15,60.1500,753,1
2026-03-20,601318,13:19:18,60.1300,142,2
2026-03-20,601318,13:19:21,60.1200,362,2
2026-03-20,601318,13:19:24,60.1200,282,2
2026-03-20,601318,13:19:27,60.1200,165,2
2026-03-20,601318,13:19:30,60.1200,187,2
2026-03-20,601318,13:19:33,60.1200,76,2
2026-03-20,601318,13:19:36,60.1200,34,2
2026-03-20,601318,13:19:39,60.1200,77,2
2026-03-20,601318,13:19:42,60.1200,350,2
2026-03-20,601318,13:19:45,60.1200,96,2
2026-03-20,601318,13:19:48,60.1400,122,1
2026-03-20,601318,13:19:51,60.1200,79,2
2026-03-20,601318,13:19:54,60.1300,39,1
2026-03-20,601318,13:19:57,60.1300,27,1
2026-03-20,601318,13:20:00,60.1300,323,1
2026-03-20,601318,13:20:03,60.1500,17,1
2026-03-20,601318,13:20:06,60.1600,60,1
2026-03-20,601318,13:20:09,60.1800,163,1
2026-03-20,601318,13:20:12,60.1700,53,2
2026-03-20,601318,13:20:15,60.1900,18,1
2026-03-20,601318,13:20:18,60.1900,25,1
2026-03-20,601318,13:20:21,60.1800,60,2
2026-03-20,601318,13:20:24,60.1700,171,2
2026-03-20,601318,13:20:27,60.1800,49,1
2026-03-20,601318,13:20:30,60.1700,105,2
2026-03-20,601318,13:20:33,60.1600,47,2
2026-03-20,601318,13:20:36,60.1700,53,1
2026-03-20,601318,13:20:39,60.1700,10,1
2026-03-20,601318,13:20:42,60.1600,37,2
2026-03-20,601318,13:20:45,60.1700,25,4
2026-03-20,601318,13:20:48,60.1700,15,2
2026-03-20,601318,13:20:51,60.1700,253,2
2026-03-20,601318,13:20:54,60.1700,157,2
2026-03-20,601318,13:20:57,60.1700,83,4
2026-03-20,601318,13:21:00,60.1700,193,1
2026-03-20,601318,13:21:03,60.1700,63,1
2026-03-20,601318,13:21:06,60.1600,173,2
2026-03-20,601318,13:21:09,60.1500,151,2
2026-03-20,601318,13:21:12,60.1600,69,1
2026-03-20,601318,13:21:15,60.1500,56,2
2026-03-20,601318,13:21:18,60.1500,45,2
2026-03-20,601318,13:21:21,60.1500,53,2
2026-03-20,601318,13:21:24,60.1500,212,2
2026-03-20,601318,13:21:27,60.1400,48,2
2026-03-20,601318,13:21:30,60.1500,45,1
2026-03-20,601318,13:21:33,60.1400,40,2
2026-03-20,601318,13:21:36,60.1500,11,1
2026-03-20,601318,13:21:39,60.1500,14,1
2026-03-20,601318,13:21:42,60.1400,1696,2
2026-03-20,601318,13:21:45,60.1400,629,1
2026-03-20,601318,13:21:48,60.1500,1455,1
2026-03-20,601318,13:21:51,60.1300,4155,1
2026-03-20,601318,13:21:54,60.1300,45,1
2026-03-20,601318,13:21:57,60.0900,289,2
2026-03-20,601318,13:22:00,60.1200,345,2
2026-03-20,601318,13:22:03,60.1100,20,2
2026-03-20,601318,13:22:06,60.1300,117,2
2026-03-20,601318,13:22:09,60.1500,101,1
2026-03-20,601318,13:22:12,60.1500,14,2
2026-03-20,601318,13:22:15,60.1500,46,2
2026-03-20,601318,13:22:18,60.1600,124,1
2026-03-20,601318,13:22:21,60.1500,75,2
2026-03-20,601318,13:22:24,60.1600,10,1
2026-03-20,601318,13:22:27,60.1500,45,2
2026-03-20,601318,13:22:30,60.1400,111,2
2026-03-20,601318,13:22:33,60.1600,9,1
2026-03-20,601318,13:22:36,60.1600,21,2
2026-03-20,601318,13:22:39,60.1600,16,2
2026-03-20,601318,13:22:42,60.1800,65,1
2026-03-20,601318,13:22:45,60.1800,27,1
2026-03-20,601318,13:22:48,60.1800,129,1
2026-03-20,601318,13:22:51,60.1900,348,1
2026-03-20,601318,13:22:54,60.1900,27,4
2026-03-20,601318,13:22:57,60.2000,40,1
2026-03-20,601318,13:23:00,60.2000,18,1
2026-03-20,601318,13:23:03,60.1700,135,2
2026-03-20,601318,13:23:06,60.1900,27,1
2026-03-20,601318,13:23:09,60.1900,10,1
2026-03-20,601318,13:23:12,60.1900,29,1
2026-03-20,601318,13:23:15,60.1900,230,1
2026-03-20,601318,13:23:18,60.1900,15,2
2026-03-20,601318,13:23:21,60.2000,43,1
2026-03-20,601318,13:23:24,60.1800,99,2
2026-03-20,601318,13:23:27,60.1900,281,1
2026-03-20,601318,13:23:30,60.1700,64,4
2026-03-20,601318,13:23:33,60.1700,118,1
2026-03-20,601318,13:23:36,60.1700,183,1
2026-03-20,601318,13:23:39,60.1800,2,4
2026-03-20,601318,13:23:42,60.1800,505,1
2026-03-20,601318,13:23:45,60.1600,17,2
2026-03-20,601318,13:23:48,60.1800,16,1
2026-03-20,601318,13:23:51,60.1900,45,1
2026-03-20,601318,13:23:54,60.1800,2,4
2026-03-20,601318,13:23:57,60.1700,65,2
2026-03-20,601318,13:24:00,60.1500,619,2
2026-03-20,601318,13:24:03,60.1300,561,2
2026-03-20,601318,13:24:06,60.1300,133,2
2026-03-20,601318,13:24:09,60.1200,110,2
2026-03-20,601318,13:24:12,60.1500,188,1
2026-03-20,601318,13:24:15,60.1300,46,1
2026-03-20,601318,13:24:18,60.1200,68,2
2026-03-20,601318,13:24:21,60.1300,60,2
2026-03-20,601318,13:24:24,60.1200,82,2
2026-03-20,601318,13:24:27,60.1300,116,1
2026-03-20,601318,13:24:30,60.1200,179,2
2026-03-20,601318,13:24:33,60.1400,47,1
2026-03-20,601318,13:24:36,60.1300,38,2
2026-03-20,601318,13:24:39,60.1300,12,1
2026-03-20,601318,13:24:42,60.1400,151,1
2026-03-20,601318,13:24:45,60.1300,46,4
2026-03-20,601318,13:24:48,60.1300,77,2
2026-03-20,601318,13:24:51,60.1300,39,1
2026-03-20,601318,13:24:54,60.1200,12,2
2026-03-20,601318,13:24:57,60.1100,3448,2
2026-03-20,601318,13:25:00,60.1000,550,2
2026-03-20,601318,13:25:03,60.1000,31,2
2026-03-20,601318,13:25:06,60.1100,147,1
2026-03-20,601318,13:25:09,60.1100,31,1
2026-03-20,601318,13:25:12,60.1000,24,2
2026-03-20,601318,13:25:15,60.1100,53,1
2026-03-20,601318,13:25:18,60.1100,49,1
2026-03-20,601318,13:25:21,60.1100,66,1
2026-03-20,601318,13:25:24,60.1200,20,1
2026-03-20,601318,13:25:27,60.1100,34,2
2026-03-20,601318,13:25:30,60.1200,45,1
2026-03-20,601318,13:25:33,60.1000,37,2
2026-03-20,601318,13:25:36,60.1100,110,1
2026-03-20,601318,13:25:39,60.1100,68,4
2026-03-20,601318,13:25:42,60.1100,27,1
2026-03-20,601318,13:25:45,60.1200,26,1
2026-03-20,601318,13:25:48,60.1200,196,1
2026-03-20,601318,13:25:51,60.1300,15,1
2026-03-20,601318,13:25:54,60.1300,18,1
2026-03-20,601318,13:25:57,60.1200,48,2
2026-03-20,601318,13:26:00,60.1300,124,1
2026-03-20,601318,13:26:03,60.1200,47,2
2026-03-20,601318,13:26:06,60.1200,15,2
2026-03-20,601318,13:26:09,60.1300,74,1
2026-03-20,601318,13:26:12,60.1200,77,2
2026-03-20,601318,13:26:15,60.1300,43,2
2026-03-20,601318,13:26:18,60.1300,108,2
2026-03-20,601318,13:26:21,60.1300,110,1
2026-03-20,601318,13:26:24,60.1300,307,2
2026-03-20,601318,13:26:27,60.1300,18,1
2026-03-20,601318,13:26:31,60.1400,94,1
2026-03-20,601318,13:26:33,60.1400,16,1
2026-03-20,601318,13:26:36,60.1300,22,2
2026-03-20,601318,13:26:39,60.1300,23,2
2026-03-20,601318,13:26:42,60.1300,62,1
2026-03-20,601318,13:26:45,60.1300,32,1
2026-03-20,601318,13:26:48,60.1300,45,2
2026-03-20,601318,13:26:51,60.1300,3,2
2026-03-20,601318,13:26:54,60.1400,9,1
2026-03-20,601318,13:26:57,60.1400,47,1
2026-03-20,601318,13:27:00,60.1300,100,2
2026-03-20,601318,13:27:03,60.1400,127,1
2026-03-20,601318,13:27:06,60.1400,23,2
2026-03-20,601318,13:27:09,60.1400,8,2
2026-03-20,601318,13:27:12,60.1500,13,1
2026-03-20,601318,13:27:15,60.1500,24,1
2026-03-20,601318,13:27:18,60.1400,10,2
2026-03-20,601318,13:27:21,60.1400,105,2
2026-03-20,601318,13:27:24,60.1400,81,1
2026-03-20,601318,13:27:27,60.1400,52,1
2026-03-20,601318,13:27:30,60.1400,184,1
2026-03-20,601318,13:27:33,60.1400,12,1
2026-03-20,601318,13:27:36,60.1400,112,2
2026-03-20,601318,13:27:39,60.1400,77,1
2026-03-20,601318,13:27:42,60.1300,213,2
2026-03-20,601318,13:27:45,60.1300,57,1
2026-03-20,601318,13:27:51,60.1300,70,2
2026-03-20,601318,13:27:54,60.1400,46,1
2026-03-20,601318,13:27:57,60.1300,19,2
2026-03-20,601318,13:28:00,60.1200,206,2
2026-03-20,601318,13:28:03,60.1400,65,2
2026-03-20,601318,13:28:06,60.1400,63,2
2026-03-20,601318,13:28:09,60.1300,40,2
2026-03-20,601318,13:28:12,60.1300,54,2
2026-03-20,601318,13:28:15,60.1400,20,1
2026-03-20,601318,13:28:18,60.1300,31,2
2026-03-20,601318,13:28:21,60.1300,69,1
2026-03-20,601318,13:28:24,60.1300,22,1
2026-03-20,601318,13:28:27,60.1300,73,1
2026-03-20,601318,13:28:30,60.1300,251,1
2026-03-20,601318,13:28:33,60.1300,327,1
2026-03-20,601318,13:28:36,60.1300,99,1
2026-03-20,601318,13:28:39,60.1400,132,1
2026-03-20,601318,13:28:42,60.1200,1,2
2026-03-20,601318,13:28:45,60.1300,198,1
2026-03-20,601318,13:28:48,60.1300,35,1
2026-03-20,601318,13:28:51,60.1200,88,4
2026-03-20,601318,13:28:54,60.1200,122,4
2026-03-20,601318,13:28:57,60.1300,35,2
2026-03-20,601318,13:29:00,60.1200,8,4
2026-03-20,601318,13:29:03,60.1100,90,2
2026-03-20,601318,13:29:06,60.1200,19,4
2026-03-20,601318,13:29:09,60.1200,15,1
2026-03-20,601318,13:29:12,60.1200,54,2
2026-03-20,601318,13:29:15,60.1200,8,2
2026-03-20,601318,13:29:18,60.1200,45,2
2026-03-20,601318,13:29:21,60.1200,32,2
2026-03-20,601318,13:29:24,60.1200,38,1
2026-03-20,601318,13:29:27,60.1200,36,1
2026-03-20,601318,13:29:30,60.1100,64,2
2026-03-20,601318,13:29:33,60.1100,38,2
2026-03-20,601318,13:29:36,60.0900,2242,2
2026-03-20,601318,13:29:39,60.0800,1319,2
2026-03-20,601318,13:29:42,60.0800,1943,1
2026-03-20,601318,13:29:45,60.0700,101,1
2026-03-20,601318,13:29:48,60.0800,102,1
2026-03-20,601318,13:29:51,60.0600,58,2
2026-03-20,601318,13:29:54,60.0600,99,2
2026-03-20,601318,13:29:57,60.0700,30,1
2026-03-20,601318,13:30:00,60.0600,130,2
2026-03-20,601318,13:30:03,60.0600,373,1
2026-03-20,601318,13:30:06,60.0700,372,1
2026-03-20,601318,13:30:09,60.0800,429,1
2026-03-20,601318,13:30:12,60.0700,211,2
2026-03-20,601318,13:30:15,60.0600,54,2
2026-03-20,601318,13:30:18,60.0800,41,1
2026-03-20,601318,13:30:21,60.0800,53,2
2026-03-20,601318,13:30:24,60.0800,12,1
2026-03-20,601318,13:30:27,60.0900,127,1
2026-03-20,601318,13:30:30,60.0700,86,2
2026-03-20,601318,13:30:33,60.0700,17,2
2026-03-20,601318,13:30:36,60.0700,68,2
2026-03-20,601318,13:30:39,60.0700,210,2
2026-03-20,601318,13:30:42,60.0700,64,1
2026-03-20,601318,13:30:45,60.0700,114,1
2026-03-20,601318,13:30:48,60.0700,91,1
2026-03-20,601318,13:30:51,60.0700,11,1
2026-03-20,601318,13:30:54,60.0600,34,2
2026-03-20,601318,13:30:57,60.0700,46,1
2026-03-20,601318,13:31:00,60.0600,67,2
2026-03-20,601318,13:31:03,60.0600,143,2
2026-03-20,601318,13:31:06,60.0600,97,1
2026-03-20,601318,13:31:09,60.0600,112,1
2026-03-20,601318,13:31:12,60.0600,66,1
2026-03-20,601318,13:31:15,60.0600,63,2
2026-03-20,601318,13:31:18,60.0600,22,2
2026-03-20,601318,13:31:21,60.0700,62,1
2026-03-20,601318,13:31:24,60.0600,89,2
2026-03-20,601318,13:31:27,60.0600,65,2
2026-03-20,601318,13:31:30,60.0600,138,2
2026-03-20,601318,13:31:33,60.0600,70,1
2026-03-20,601318,13:31:36,60.0700,108,1
2026-03-20,601318,13:31:39,60.0600,46,4
2026-03-20,601318,13:31:42,60.0500,112,2
2026-03-20,601318,13:31:45,60.0700,39,1
2026-03-20,601318,13:31:48,60.0600,136,2
2026-03-20,601318,13:31:51,60.0700,132,1
2026-03-20,601318,13:31:54,60.0700,15,1
2026-03-20,601318,13:31:57,60.0700,50,1
2026-03-20,601318,13:32:00,60.0900,291,1
2026-03-20,601318,13:32:03,60.0700,50,1
2026-03-20,601318,13:32:06,60.0700,33,1
2026-03-20,601318,13:32:09,60.0800,22,1
2026-03-20,601318,13:32:12,60.0700,20,2
2026-03-20,601318,13:32:15,60.0700,53,2
2026-03-20,601318,13:32:18,60.0800,81,1
2026-03-20,601318,13:32:21,60.0800,45,1
2026-03-20,601318,13:32:24,60.0800,32,1
2026-03-20,601318,13:32:27,60.0700,75,2
2026-03-20,601318,13:32:30,60.0700,75,1
2026-03-20,601318,13:32:33,60.0800,89,1
2026-03-20,601318,13:32:36,60.0700,309,2
2026-03-20,601318,13:32:39,60.0700,5,2
2026-03-20,601318,13:32:42,60.0800,6,2
2026-03-20,601318,13:32:45,60.0800,33,2
2026-03-20,601318,13:32:48,60.0700,52,2
2026-03-20,601318,13:32:51,60.0800,41,1
2026-03-20,601318,13:32:54,60.0700,38,2
2026-03-20,601318,13:32:57,60.0900,63,1
2026-03-20,601318,13:33:00,60.0700,227,2
2026-03-20,601318,13:33:03,60.0800,57,2
2026-03-20,601318,13:33:06,60.0800,84,1
2026-03-20,601318,13:33:09,60.0700,72,2
2026-03-20,601318,13:33:12,60.0800,58,1
2026-03-20,601318,13:33:15,60.0700,45,1
2026-03-20,601318,13:33:18,60.0700,22,1
2026-03-20,601318,13:33:21,60.0700,16,1
2026-03-20,601318,13:33:24,60.0700,5,2
2026-03-20,601318,13:33:27,60.0700,83,2
2026-03-20,601318,13:33:30,60.0600,84,2
2026-03-20,601318,13:33:33,60.0600,11,2
2026-03-20,601318,13:33:36,60.0700,58,1
2026-03-20,601318,13:33:39,60.0600,188,2
2026-03-20,601318,13:33:42,60.0600,1683,2
2026-03-20,601318,13:33:45,60.0500,59,4
2026-03-20,601318,13:33:48,60.0300,1481,2
2026-03-20,601318,13:33:51,60.0200,135,2
2026-03-20,601318,13:33:54,59.9600,20971,2
2026-03-20,601318,13:33:57,60.0000,1632,1
2026-03-20,601318,13:34:00,59.9800,330,2
2026-03-20,601318,13:34:03,60.0100,534,1
2026-03-20,601318,13:34:06,59.9800,377,2
2026-03-20,601318,13:34:09,59.9900,62,1
2026-03-20,601318,13:34:12,59.9800,115,2
2026-03-20,601318,13:34:15,59.9700,340,2
2026-03-20,601318,13:34:18,59.9800,159,1
2026-03-20,601318,13:34:21,59.9800,33,1
2026-03-20,601318,13:34:24,59.9800,172,2
2026-03-20,601318,13:34:27,59.9700,64,2
2026-03-20,601318,13:34:30,59.9800,105,2
2026-03-20,601318,13:34:33,59.9900,47,4
2026-03-20,601318,13:34:36,60.0000,307,1
2026-03-20,601318,13:34:39,59.9900,22,2
2026-03-20,601318,13:34:42,59.9900,33,2
2026-03-20,601318,13:34:45,60.0000,76,1
2026-03-20,601318,13:34:48,60.0000,27,2
2026-03-20,601318,13:34:51,60.0000,41,1
2026-03-20,601318,13:34:54,60.0000,180,2
2026-03-20,601318,13:34:57,60.0100,36,1
2026-03-20,601318,13:35:00,60.0100,55,2
2026-03-20,601318,13:35:03,60.0100,63,1
2026-03-20,601318,13:35:06,60.0100,79,1
2026-03-20,601318,13:35:09,60.0000,75,2
2026-03-20,601318,13:35:12,60.0100,19,2
2026-03-20,601318,13:35:15,60.0100,26,2
2026-03-20,601318,13:35:18,60.0200,65,1
2026-03-20,601318,13:35:21,60.0100,1030,2
2026-03-20,601318,13:35:24,60.0200,196,1
2026-03-20,601318,13:35:27,60.0200,56,1
2026-03-20,601318,13:35:30,60.0200,77,1
2026-03-20,601318,13:35:33,60.0200,48,2
2026-03-20,601318,13:35:36,60.0300,48,1
2026-03-20,601318,13:35:39,60.0300,49,2
2026-03-20,601318,13:35:42,60.0500,9,1
2026-03-20,601318,13:35:45,60.0500,73,1
2026-03-20,601318,13:35:48,60.0500,41,1
2026-03-20,601318,13:35:51,60.0600,266,1
2026-03-20,601318,13:35:54,60.0400,43,2
2026-03-20,601318,13:35:57,60.0600,66,1
2026-03-20,601318,13:36:00,60.0500,207,4
2026-03-20,601318,13:36:03,60.0300,100,2
2026-03-20,601318,13:36:06,60.0300,287,2
2026-03-20,601318,13:36:09,60.0200,106,2
2026-03-20,601318,13:36:12,60.0200,84,1
2026-03-20,601318,13:36:15,60.0200,25,1
2026-03-20,601318,13:36:18,60.0200,37,1
2026-03-20,601318,13:36:24,60.0300,22,1
2026-03-20,601318,13:36:27,60.0200,31,2
2026-03-20,601318,13:36:30,60.0300,19,1
2026-03-20,601318,13:36:33,60.0300,171,1
2026-03-20,601318,13:36:36,60.0300,46,1
2026-03-20,601318,13:36:39,60.0300,2,2
2026-03-20,601318,13:36:42,60.0400,22,1
2026-03-20,601318,13:36:45,60.0400,798,1
2026-03-20,601318,13:36:48,60.0100,1141,2
2026-03-20,601318,13:36:51,59.9900,1698,2
2026-03-20,601318,13:36:54,59.9800,105,2
2026-03-20,601318,13:36:57,59.9800,66,2
2026-03-20,601318,13:37:00,59.9800,126,2
2026-03-20,601318,13:37:03,60.0000,33,1
2026-03-20,601318,13:37:06,59.9900,36,4
2026-03-20,601318,13:37:09,60.0000,46,2
2026-03-20,601318,13:37:12,60.0000,25,2
2026-03-20,601318,13:37:15,60.0000,37,1
2026-03-20,601318,13:37:18,60.0000,28,2
2026-03-20,601318,13:37:21,60.0100,91,1
2026-03-20,601318,13:37:24,60.0100,72,1
2026-03-20,601318,13:37:27,60.0000,40,2
2026-03-20,601318,13:37:30,60.0000,61,2
2026-03-20,601318,13:37:33,60.0100,55,1
2026-03-20,601318,13:37:36,60.0100,53,1
2026-03-20,601318,13:37:39,60.0100,13,2
2026-03-20,601318,13:37:42,60.0200,31,1
2026-03-20,601318,13:37:45,60.0100,23,2
2026-03-20,601318,13:37:48,60.0200,66,1
2026-03-20,601318,13:37:51,60.0100,58,2
2026-03-20,601318,13:37:54,60.0000,174,2
2026-03-20,601318,13:37:57,60.0100,139,2
2026-03-20,601318,13:38:00,60.0100,287,2
2026-03-20,601318,13:38:03,60.0100,66,1
2026-03-20,601318,13:38:06,60.0100,69,1
2026-03-20,601318,13:38:09,60.0100,129,1
2026-03-20,601318,13:38:12,60.0100,135,4
2026-03-20,601318,13:38:15,60.0300,56,1
2026-03-20,601318,13:38:18,60.0100,46,2
2026-03-20,601318,13:38:21,60.0200,105,1
2026-03-20,601318,13:38:24,60.0200,40,1
2026-03-20,601318,13:38:27,60.0200,35,1
2026-03-20,601318,13:38:30,60.0100,130,2
2026-03-20,601318,13:38:33,60.0100,80,2
2026-03-20,601318,13:38:36,60.0100,93,2
2026-03-20,601318,13:38:39,60.0100,50,1
2026-03-20,601318,13:38:42,60.0200,29,1
2026-03-20,601318,13:38:45,60.0000,19,2
2026-03-20,601318,13:38:48,60.0100,89,2
2026-03-20,601318,13:38:51,60.0200,34,1
2026-03-20,601318,13:38:54,60.0100,31,2
2026-03-20,601318,13:38:57,60.0200,91,1
2026-03-20,601318,13:39:00,60.0100,53,2
2026-03-20,601318,13:39:03,60.0200,63,1
2026-03-20,601318,13:39:06,60.0200,26,1
2026-03-20,601318,13:39:09,60.0200,19,1
2026-03-20,601318,13:39:12,60.0200,39,1
2026-03-20,601318,13:39:15,60.0200,22,1
2026-03-20,601318,13:39:18,60.0200,53,1
2026-03-20,601318,13:39:21,60.0100,37,2
2026-03-20,601318,13:39:24,60.0300,11,1
2026-03-20,601318,13:39:27,60.0100,82,2
2026-03-20,601318,13:39:30,60.0200,64,1
2026-03-20,601318,13:39:33,60.0200,51,1
2026-03-20,601318,13:39:36,60.0200,32,2
2026-03-20,601318,13:39:39,60.0100,68,2
2026-03-20,601318,13:39:42,60.0300,120,1
2026-03-20,601318,13:39:45,60.0300,12,1
2026-03-20,601318,13:39:48,60.0300,8,1
2026-03-20,601318,13:39:51,60.0200,30,2
2026-03-20,601318,13:39:54,60.0200,56,2
2026-03-20,601318,13:39:57,60.0300,44,1
2026-03-20,601318,13:40:00,60.0200,49,2
2026-03-20,601318,13:40:03,60.0300,325,1
2026-03-20,601318,13:40:06,60.0200,68,2
2026-03-20,601318,13:40:09,60.0200,100,1
2026-03-20,601318,13:40:12,60.0200,46,1
2026-03-20,601318,13:40:15,60.0200,36,1
2026-03-20,601318,13:40:18,60.0200,64,1
2026-03-20,601318,13:40:21,60.0200,70,1
2026-03-20,601318,13:40:24,60.0400,122,1
2026-03-20,601318,13:40:27,60.0400,82,1
2026-03-20,601318,13:40:30,60.0200,194,2
2026-03-20,601318,13:40:33,60.0500,69,1
2026-03-20,601318,13:40:36,60.0500,47,1
2026-03-20,601318,13:40:39,60.0500,18,1
2026-03-20,601318,13:40:42,60.0500,61,1
2026-03-20,601318,13:40:45,60.0400,39,2
2026-03-20,601318,13:40:48,60.0400,186,1
2026-03-20,601318,13:40:51,60.0300,118,2
2026-03-20,601318,13:40:54,60.0400,96,1
2026-03-20,601318,13:40:57,60.0400,64,2
2026-03-20,601318,13:41:00,60.0300,58,2
2026-03-20,601318,13:41:03,60.0500,62,1
2026-03-20,601318,13:41:06,60.0400,42,4
2026-03-20,601318,13:41:09,60.0500,25,1
2026-03-20,601318,13:41:12,60.0400,45,2
2026-03-20,601318,13:41:15,60.0500,23,1
2026-03-20,601318,13:41:18,60.0400,77,2
2026-03-20,601318,13:41:21,60.0500,64,1
2026-03-20,601318,13:41:24,60.0500,25,1
2026-03-20,601318,13:41:27,60.0500,81,1
2026-03-20,601318,13:41:30,60.0500,161,2
2026-03-20,601318,13:41:33,60.0600,19,1
2026-03-20,601318,13:41:36,60.0600,46,1
2026-03-20,601318,13:41:39,60.0600,64,1
2026-03-20,601318,13:41:42,60.0600,43,1
2026-03-20,601318,13:41:45,60.0500,68,2
2026-03-20,601318,13:41:48,60.0600,101,1
2026-03-20,601318,13:41:51,60.0600,42,1
2026-03-20,601318,13:41:54,60.0600,62,2
2026-03-20,601318,13:41:57,60.0600,87,1
2026-03-20,601318,13:42:00,60.0600,21,1
2026-03-20,601318,13:42:03,60.0600,95,1
2026-03-20,601318,13:42:06,60.0500,716,2
2026-03-20,601318,13:42:09,60.0500,970,1
2026-03-20,601318,13:42:12,60.0200,210,2
2026-03-20,601318,13:42:15,60.0300,51,2
2026-03-20,601318,13:42:18,60.0300,1390,1
2026-03-20,601318,13:42:21,60.0100,74,2
2026-03-20,601318,13:42:24,60.0100,365,1
2026-03-20,601318,13:42:27,60.0000,226,2
2026-03-20,601318,13:42:31,60.0100,214,4
2026-03-20,601318,13:42:33,60.0100,54,1
2026-03-20,601318,13:42:36,60.0200,30,1
2026-03-20,601318,13:42:39,60.0100,220,2
2026-03-20,601318,13:42:42,60.0100,97,1
2026-03-20,601318,13:42:45,60.0100,44,1
2026-03-20,601318,13:42:48,60.0100,53,2
2026-03-20,601318,13:42:51,60.0200,53,1
2026-03-20,601318,13:42:54,60.0300,12,1
2026-03-20,601318,13:42:57,60.0200,443,2
2026-03-20,601318,13:43:00,60.0200,65,1
2026-03-20,601318,13:43:03,60.0100,8,2
2026-03-20,601318,13:43:06,60.0200,65,1
2026-03-20,601318,13:43:09,60.0200,48,2
2026-03-20,601318,13:43:12,60.0100,37,2
2026-03-20,601318,13:43:15,60.0100,45,2
2026-03-20,601318,13:43:18,60.0100,32,2
2026-03-20,601318,13:43:21,60.0300,92,1
2026-03-20,601318,13:43:24,60.0300,39,1
2026-03-20,601318,13:43:27,60.0300,49,1
2026-03-20,601318,13:43:30,60.0200,23,4
2026-03-20,601318,13:43:33,60.0200,165,1
2026-03-20,601318,13:43:36,60.0300,56,1
2026-03-20,601318,13:43:39,60.0300,48,1
2026-03-20,601318,13:43:42,60.0300,45,2
2026-03-20,601318,13:43:45,60.0300,18,1
2026-03-20,601318,13:43:48,60.0400,25,1
2026-03-20,601318,13:43:51,60.0300,25,2
2026-03-20,601318,13:43:54,60.0300,891,2
2026-03-20,601318,13:43:57,60.0300,535,1
2026-03-20,601318,13:44:00,60.0300,152,1
2026-03-20,601318,13:44:03,60.0400,54,1
2026-03-20,601318,13:44:06,60.0400,38,1
2026-03-20,601318,13:44:09,60.0400,13,1
2026-03-20,601318,13:44:12,60.0400,62,1
2026-03-20,601318,13:44:15,60.0400,12,1
2026-03-20,601318,13:44:18,60.0400,36,1
2026-03-20,601318,13:44:21,60.0400,146,2
2026-03-20,601318,13:44:24,60.0500,21,1
2026-03-20,601318,13:44:27,60.0500,32,1
2026-03-20,601318,13:44:30,60.0500,67,1
2026-03-20,601318,13:44:33,60.0400,32,2
2026-03-20,601318,13:44:36,60.0500,118,1
2026-03-20,601318,13:44:39,60.0600,74,1
2026-03-20,601318,13:44:42,60.0500,25,2
2026-03-20,601318,13:44:45,60.0600,32,2
2026-03-20,601318,13:44:48,60.0600,19,2
2026-03-20,601318,13:44:51,60.0700,33,1
2026-03-20,601318,13:44:54,60.0700,4,1
2026-03-20,601318,13:44:57,60.0700,21,1
2026-03-20,601318,13:45:00,60.0700,18,1
2026-03-20,601318,13:45:03,60.0700,70,1
2026-03-20,601318,13:45:06,60.0700,80,2
2026-03-20,601318,13:45:09,60.0700,21,1
2026-03-20,601318,13:45:12,60.0700,22,2
2026-03-20,601318,13:45:15,60.0700,21,2
2026-03-20,601318,13:45:18,60.0600,39,2
2026-03-20,601318,13:45:21,60.0700,48,1
2026-03-20,601318,13:45:24,60.0800,62,1
2026-03-20,601318,13:45:27,60.0700,61,2
2026-03-20,601318,13:45:30,60.0700,162,2
2026-03-20,601318,13:45:33,60.0800,312,1
2026-03-20,601318,13:45:36,60.0800,73,2
2026-03-20,601318,13:45:39,60.0900,39,1
2026-03-20,601318,13:45:42,60.0800,11,2
2026-03-20,601318,13:45:45,60.0700,32,2
2026-03-20,601318,13:45:48,60.0800,22,4
2026-03-20,601318,13:45:51,60.0700,50,2
2026-03-20,601318,13:45:54,60.0700,57,2
2026-03-20,601318,13:45:57,60.0800,11,1
2026-03-20,601318,13:46:00,60.0600,108,2
2026-03-20,601318,13:46:03,60.0600,107,2
2026-03-20,601318,13:46:06,60.0600,58,1
2026-03-20,601318,13:46:09,60.0600,132,1
2026-03-20,601318,13:46:12,60.0400,66,2
2026-03-20,601318,13:46:15,60.0500,89,1
2026-03-20,601318,13:46:18,60.0400,88,2
2026-03-20,601318,13:46:21,60.0600,26,1
2026-03-20,601318,13:46:24,60.0400,51,2
2026-03-20,601318,13:46:27,60.0400,77,2
2026-03-20,601318,13:46:30,60.0400,75,4
2026-03-20,601318,13:46:33,60.0300,54,2
2026-03-20,601318,13:46:36,60.0400,37,1
2026-03-20,601318,13:46:39,60.0400,66,1
2026-03-20,601318,13:46:42,60.0500,45,1
2026-03-20,601318,13:46:45,60.0500,93,1
2026-03-20,601318,13:46:48,60.0400,32,2
2026-03-20,601318,13:46:51,60.0500,14,1
2026-03-20,601318,13:46:54,60.0500,63,1
2026-03-20,601318,13:46:57,60.0400,41,4
2026-03-20,601318,13:47:00,60.0500,112,1
2026-03-20,601318,13:47:03,60.0400,47,1
2026-03-20,601318,13:47:06,60.0300,166,2
2026-03-20,601318,13:47:09,60.0300,76,2
2026-03-20,601318,13:47:12,60.0300,76,2
2026-03-20,601318,13:47:15,60.0300,34,1
2026-03-20,601318,13:47:18,60.0300,58,2
2026-03-20,601318,13:47:21,60.0400,44,1
2026-03-20,601318,13:47:24,60.0400,25,1
2026-03-20,601318,13:47:27,60.0400,96,1
2026-03-20,601318,13:47:30,60.0200,92,2
2026-03-20,601318,13:47:33,60.0300,113,4
2026-03-20,601318,13:47:36,60.0300,44,2
2026-03-20,601318,13:47:39,60.0200,70,2
2026-03-20,601318,13:47:42,60.0300,14,4
2026-03-20,601318,13:47:45,60.0300,43,2
2026-03-20,601318,13:47:48,60.0300,18,1
2026-03-20,601318,13:47:51,60.0300,40,1
2026-03-20,601318,13:47:54,60.0300,53,1
2026-03-20,601318,13:47:57,60.0200,78,2
2026-03-20,601318,13:48:00,60.0200,137,2
2026-03-20,601318,13:48:03,60.0300,109,1
2026-03-20,601318,13:48:06,60.0200,39,2
2026-03-20,601318,13:48:09,60.0300,70,4
2026-03-20,601318,13:48:12,60.0300,49,4
2026-03-20,601318,13:48:15,60.0200,85,2
2026-03-20,601318,13:48:18,60.0200,54,2
2026-03-20,601318,13:48:21,60.0200,189,1
2026-03-20,601318,13:48:24,60.0100,4119,2
2026-03-20,601318,13:48:27,60.0000,724,2
2026-03-20,601318,13:48:30,59.9800,1584,2
2026-03-20,601318,13:48:33,59.9900,555,1
2026-03-20,601318,13:48:36,59.9900,1255,4
2026-03-20,601318,13:48:39,59.9700,203,2
2026-03-20,601318,13:48:42,59.9700,48,1
2026-03-20,601318,13:48:45,59.9900,554,1
2026-03-20,601318,13:48:48,59.9700,95,2
2026-03-20,601318,13:48:51,59.9900,36,1
2026-03-20,601318,13:48:54,60.0000,24,1
2026-03-20,601318,13:48:57,59.9900,45,2
2026-03-20,601318,13:49:00,59.9900,71,2
2026-03-20,601318,13:49:03,59.9900,7,2
2026-03-20,601318,13:49:06,59.9900,154,2
2026-03-20,601318,13:49:09,59.9900,131,1
2026-03-20,601318,13:49:12,59.9900,80,1
2026-03-20,601318,13:49:15,59.9900,109,1
2026-03-20,601318,13:49:18,59.9800,144,2
2026-03-20,601318,13:49:21,59.9800,36,1
2026-03-20,601318,13:49:24,59.9900,38,1
2026-03-20,601318,13:49:27,59.9800,120,2
2026-03-20,601318,13:49:30,59.9900,71,1
2026-03-20,601318,13:49:33,60.0000,620,1
2026-03-20,601318,13:49:36,59.9900,149,2
2026-03-20,601318,13:49:39,60.0100,306,4
2026-03-20,601318,13:49:42,60.0000,105,2
2026-03-20,601318,13:49:45,60.0100,58,1
2026-03-20,601318,13:49:48,60.0200,27,4
2026-03-20,601318,13:49:51,60.0200,9,1
2026-03-20,601318,13:49:54,60.0200,99,1
2026-03-20,601318,13:49:57,60.0200,9,2
2026-03-20,601318,13:50:00,60.0100,99,2
2026-03-20,601318,13:50:03,60.0200,39,4
2026-03-20,601318,13:50:06,60.0200,27,1
2026-03-20,601318,13:50:09,60.0200,56,2
2026-03-20,601318,13:50:12,60.0200,55,1
2026-03-20,601318,13:50:15,60.0300,39,1
2026-03-20,601318,13:50:18,60.0200,50,2
2026-03-20,601318,13:50:21,60.0200,48,1
2026-03-20,601318,13:50:24,60.0300,47,1
2026-03-20,601318,13:50:27,60.0200,39,2
2026-03-20,601318,13:50:30,60.0100,49,2
2026-03-20,601318,13:50:33,60.0200,62,1
2026-03-20,601318,13:50:36,60.0200,66,1
2026-03-20,601318,13:50:39,60.0200,49,1
2026-03-20,601318,13:50:42,60.0200,133,1
2026-03-20,601318,13:50:45,60.0400,144,1
2026-03-20,601318,13:50:48,60.0200,83,2
2026-03-20,601318,13:50:51,60.0400,73,1
2026-03-20,601318,13:50:54,60.0400,63,1
2026-03-20,601318,13:50:57,60.0400,63,1
2026-03-20,601318,13:51:00,60.0200,214,2
2026-03-20,601318,13:51:03,60.0400,118,1
2026-03-20,601318,13:51:06,60.0400,59,1
2026-03-20,601318,13:51:09,60.0300,30,1
2026-03-20,601318,13:51:12,60.0300,28,1
2026-03-20,601318,13:51:15,60.0300,6,1
2026-03-20,601318,13:51:18,60.0100,864,2
2026-03-20,601318,13:51:21,60.0100,369,2
2026-03-20,601318,13:51:24,60.0100,160,1
2026-03-20,601318,13:51:27,60.0000,122,2
2026-03-20,601318,13:51:30,60.0100,139,1
2026-03-20,601318,13:51:33,60.0100,85,1
2026-03-20,601318,13:51:36,60.0100,193,1
2026-03-20,601318,13:51:39,60.0000,62,2
2026-03-20,601318,13:51:42,60.0000,169,2
2026-03-20,601318,13:51:45,60.0000,90,2
2026-03-20,601318,13:51:48,60.0100,79,1
2026-03-20,601318,13:51:51,60.0100,37,1
2026-03-20,601318,13:51:54,60.0000,419,2
2026-03-20,601318,13:51:57,60.0000,38,2
2026-03-20,601318,13:52:00,60.0000,327,2
2026-03-20,601318,13:52:03,60.0000,259,2
2026-03-20,601318,13:52:06,60.0000,156,1
2026-03-20,601318,13:52:09,60.0000,91,1
2026-03-20,601318,13:52:12,60.0000,60,1
2026-03-20,601318,13:52:15,60.0000,53,1
2026-03-20,601318,13:52:18,60.0100,431,1
2026-03-20,601318,13:52:21,60.0000,176,2
2026-03-20,601318,13:52:24,60.0100,9,1
2026-03-20,601318,13:52:27,60.0100,34,1
2026-03-20,601318,13:52:30,60.0000,115,2
2026-03-20,601318,13:52:33,59.9900,429,2
2026-03-20,601318,13:52:36,59.9800,390,2
2026-03-20,601318,13:52:39,59.9900,153,1
2026-03-20,601318,13:52:42,59.9900,434,1
2026-03-20,601318,13:52:45,59.9900,141,2
2026-03-20,601318,13:52:48,60.0000,19,1
2026-03-20,601318,13:52:51,60.0000,16,1
2026-03-20,601318,13:52:54,60.0000,31,1
2026-03-20,601318,13:52:57,60.0000,76,1
2026-03-20,601318,13:53:00,59.9900,249,2
2026-03-20,601318,13:53:03,60.0000,50,1
2026-03-20,601318,13:53:06,60.0100,76,1
2026-03-20,601318,13:53:09,60.0000,41,2
2026-03-20,601318,13:53:12,60.0000,82,2
2026-03-20,601318,13:53:15,60.0000,72,2
2026-03-20,601318,13:53:18,60.0000,57,2
2026-03-20,601318,13:53:21,60.0000,28,2
2026-03-20,601318,13:53:24,60.0200,60,1
2026-03-20,601318,13:53:27,60.0000,537,2
2026-03-20,601318,13:53:30,59.9900,227,2
2026-03-20,601318,13:53:33,60.0000,62,1
2026-03-20,601318,13:53:36,60.0000,53,1
2026-03-20,601318,13:53:39,60.0000,48,1
2026-03-20,601318,13:53:42,59.9900,31,2
2026-03-20,601318,13:53:45,60.0000,32,1
2026-03-20,601318,13:53:48,59.9900,56,2
2026-03-20,601318,13:53:51,59.9900,447,2
2026-03-20,601318,13:53:54,60.0000,44,1
2026-03-20,601318,13:53:57,59.9900,89,2
2026-03-20,601318,13:54:00,60.0000,76,2
2026-03-20,601318,13:54:03,60.0100,60,1
2026-03-20,601318,13:54:06,60.0000,90,2
2026-03-20,601318,13:54:09,60.0000,90,1
2026-03-20,601318,13:54:12,60.0100,37,4
2026-03-20,601318,13:54:15,60.0000,65,2
2026-03-20,601318,13:54:18,60.0100,35,1
2026-03-20,601318,13:54:21,60.0100,44,1
2026-03-20,601318,13:54:24,60.0000,58,2
2026-03-20,601318,13:54:27,60.0100,6,1
2026-03-20,601318,13:54:30,60.0000,89,2
2026-03-20,601318,13:54:33,60.0100,8,1
2026-03-20,601318,13:54:36,60.0000,56,2
2026-03-20,601318,13:54:39,60.0100,110,1
2026-03-20,601318,13:54:42,60.0000,29,4
2026-03-20,601318,13:54:45,60.0000,173,1
2026-03-20,601318,13:54:48,60.0000,87,1
2026-03-20,601318,13:54:51,59.9900,113,2
2026-03-20,601318,13:54:54,59.9800,53,2
2026-03-20,601318,13:54:57,59.9900,24,4
2026-03-20,601318,13:55:00,59.9900,24,4
2026-03-20,601318,13:55:03,59.9900,61,1
2026-03-20,601318,13:55:06,59.9900,34,1
2026-03-20,601318,13:55:09,59.9900,68,1
2026-03-20,601318,13:55:12,59.9900,39,1
2026-03-20,601318,13:55:15,59.9900,70,1
2026-03-20,601318,13:55:18,59.9900,22,2
2026-03-20,601318,13:55:21,60.0000,31,1
2026-03-20,601318,13:55:24,59.9900,41,2
2026-03-20,601318,13:55:27,59.9900,96,2
2026-03-20,601318,13:55:30,59.9800,168,2
2026-03-20,601318,13:55:33,60.0000,77,1
2026-03-20,601318,13:55:36,60.0000,10,1
2026-03-20,601318,13:55:39,60.0000,34,1
2026-03-20,601318,13:55:42,60.0000,4,1
2026-03-20,601318,13:55:45,60.0000,65,1
2026-03-20,601318,13:55:48,60.0000,80,2
2026-03-20,601318,13:55:51,60.0000,5,2
2026-03-20,601318,13:55:54,60.0000,43,2
2026-03-20,601318,13:55:57,60.0000,65,2
2026-03-20,601318,13:56:00,60.0000,58,2
2026-03-20,601318,13:56:03,60.0000,20,2
2026-03-20,601318,13:56:06,60.0100,76,1
2026-03-20,601318,13:56:09,60.0100,22,2
2026-03-20,601318,13:56:12,60.0200,41,1
2026-03-20,601318,13:56:15,60.0000,67,2
2026-03-20,601318,13:56:18,60.0100,55,1
2026-03-20,601318,13:56:21,60.0200,38,1
2026-03-20,601318,13:56:24,60.0100,34,2
2026-03-20,601318,13:56:27,60.0200,5,1
2026-03-20,601318,13:56:30,60.0100,64,2
2026-03-20,601318,13:56:33,60.0100,8,2
2026-03-20,601318,13:56:36,60.0200,590,1
2026-03-20,601318,13:56:39,60.0200,57,1
2026-03-20,601318,13:56:42,60.0200,44,2
2026-03-20,601318,13:56:45,60.0300,46,1
2026-03-20,601318,13:56:48,60.0200,38,2
2026-03-20,601318,13:56:51,60.0200,16,2
2026-03-20,601318,13:56:54,60.0200,35,2
2026-03-20,601318,13:56:57,60.0300,23,1
2026-03-20,601318,13:57:00,60.0300,2,1
2026-03-20,601318,13:57:03,60.0300,46,1
2026-03-20,601318,13:57:06,60.0300,17,1
2026-03-20,601318,13:57:09,60.0300,11,1
2026-03-20,601318,13:57:12,60.0300,12,1
2026-03-20,601318,13:57:15,60.0300,8,1
2026-03-20,601318,13:57:18,60.0300,54,1
2026-03-20,601318,13:57:21,60.0300,27,1
2026-03-20,601318,13:57:24,60.0300,21,2
2026-03-20,601318,13:57:27,60.0300,14,2
2026-03-20,601318,13:57:30,60.0300,49,2
2026-03-20,601318,13:57:33,60.0400,29,1
2026-03-20,601318,13:57:36,60.0400,25,1
2026-03-20,601318,13:57:39,60.0400,28,1
2026-03-20,601318,13:57:45,60.0400,24,1
2026-03-20,601318,13:57:48,60.0400,24,1
2026-03-20,601318,13:57:51,60.0500,209,1
2026-03-20,601318,13:57:57,60.0400,93,2
2026-03-20,601318,13:58:00,60.0300,58,2
2026-03-20,601318,13:58:03,60.0500,13,1
2026-03-20,601318,13:58:06,60.0300,46,2
2026-03-20,601318,13:58:09,60.0400,12,4
2026-03-20,601318,13:58:12,60.0400,51,1
2026-03-20,601318,13:58:15,60.0400,65,1
2026-03-20,601318,13:58:18,60.0400,23,1
2026-03-20,601318,13:58:21,60.0500,4,1
2026-03-20,601318,13:58:24,60.0400,29,2
2026-03-20,601318,13:58:27,60.0400,3,2
2026-03-20,601318,13:58:30,60.0300,79,2
2026-03-20,601318,13:58:33,60.0500,144,1
2026-03-20,601318,13:58:36,60.0300,12,2
2026-03-20,601318,13:58:39,60.0300,40,2
2026-03-20,601318,13:58:42,60.0400,14,1
2026-03-20,601318,13:58:45,60.0300,343,2
2026-03-20,601318,13:58:48,60.0200,98,2
2026-03-20,601318,13:58:51,60.0200,3,2
2026-03-20,601318,13:58:54,60.0300,45,1
2026-03-20,601318,13:58:57,60.0300,61,1
2026-03-20,601318,13:59:00,60.0300,51,1
2026-03-20,601318,13:59:03,60.0100,264,2
2026-03-20,601318,13:59:06,60.0100,36,2
2026-03-20,601318,13:59:09,60.0200,15,1
2026-03-20,601318,13:59:12,60.0200,31,1
2026-03-20,601318,13:59:15,60.0100,13,2
2026-03-20,601318,13:59:18,60.0100,19,2
2026-03-20,601318,13:59:21,60.0200,43,1
2026-03-20,601318,13:59:24,60.0100,44,2
2026-03-20,601318,13:59:27,60.0200,697,1
2026-03-20,601318,13:59:30,60.0300,183,1
2026-03-20,601318,13:59:33,60.0200,42,2
2026-03-20,601318,13:59:36,60.0300,20,1
2026-03-20,601318,13:59:39,60.0300,14,1
2026-03-20,601318,13:59:42,60.0300,14,1
2026-03-20,601318,13:59:48,60.0300,12,1
2026-03-20,601318,13:59:51,60.0300,7,1
2026-03-20,601318,13:59:54,60.0300,78,1
2026-03-20,601318,13:59:57,60.0300,2,2
2026-03-20,601318,14:00:00,60.0300,97,2
2026-03-20,601318,14:00:03,60.0200,77,2
2026-03-20,601318,14:00:06,60.0300,9,1
2026-03-20,601318,14:00:09,60.0300,44,1
2026-03-20,601318,14:00:12,60.0200,49,2
2026-03-20,601318,14:00:15,60.0200,44,1
2026-03-20,601318,14:00:18,60.0300,63,1
2026-03-20,601318,14:00:21,60.0300,17,2
2026-03-20,601318,14:00:24,60.0300,28,1
2026-03-20,601318,14:00:27,60.0300,13,4
2026-03-20,601318,14:00:30,60.0100,155,2
2026-03-20,601318,14:00:33,60.0100,24,2
2026-03-20,601318,14:00:36,60.0200,14,2
2026-03-20,601318,14:00:42,60.0300,32,1
2026-03-20,601318,14:00:45,60.0200,65,1
2026-03-20,601318,14:00:48,60.0200,67,1
2026-03-20,601318,14:00:51,60.0200,120,1
2026-03-20,601318,14:00:54,60.0100,13,2
2026-03-20,601318,14:00:57,60.0200,107,2
2026-03-20,601318,14:01:00,60.0100,104,2
2026-03-20,601318,14:01:03,60.0200,56,1
2026-03-20,601318,14:01:06,60.0200,35,1
2026-03-20,601318,14:01:09,60.0200,53,1
2026-03-20,601318,14:01:12,60.0300,156,1
2026-03-20,601318,14:01:15,60.0400,67,1
2026-03-20,601318,14:01:18,60.0500,187,1
2026-03-20,601318,14:01:24,60.0400,29,2
2026-03-20,601318,14:01:27,60.0400,18,1
2026-03-20,601318,14:01:30,60.0200,53,2
2026-03-20,601318,14:01:33,60.0400,71,1
2026-03-20,601318,14:01:36,60.0400,136,1
2026-03-20,601318,14:01:39,60.0400,17,1
2026-03-20,601318,14:01:42,60.0400,26,1
2026-03-20,601318,14:01:45,60.0400,43,1
2026-03-20,601318,14:01:48,60.0500,35,1
2026-03-20,601318,14:01:51,60.0500,23,1
2026-03-20,601318,14:01:54,60.0400,31,2
2026-03-20,601318,14:01:57,60.0500,161,1
2026-03-20,601318,14:02:00,60.0300,392,2
2026-03-20,601318,14:02:03,60.0500,88,1
2026-03-20,601318,14:02:06,60.0500,60,1
2026-03-20,601318,14:02:09,60.0500,23,1
2026-03-20,601318,14:02:12,60.0400,29,2
2026-03-20,601318,14:02:15,60.0500,19,1
2026-03-20,601318,14:02:18,60.0500,51,1
2026-03-20,601318,14:02:21,60.0400,2,2
2026-03-20,601318,14:02:24,60.0500,25,1
2026-03-20,601318,14:02:27,60.0500,31,1
2026-03-20,601318,14:02:30,60.0300,191,2
2026-03-20,601318,14:02:33,60.0400,15,4
2026-03-20,601318,14:02:36,60.0400,18,1
2026-03-20,601318,14:02:39,60.0300,24,2
2026-03-20,601318,14:02:42,60.0500,4,1
2026-03-20,601318,14:02:45,60.0500,3,1
2026-03-20,601318,14:02:48,60.0500,411,1
2026-03-20,601318,14:02:51,60.0400,12,1
2026-03-20,601318,14:02:54,60.0100,43,2
2026-03-20,601318,14:02:57,60.0400,59,1
2026-03-20,601318,14:03:00,60.0200,99,2
2026-03-20,601318,14:03:03,60.0200,51,1
2026-03-20,601318,14:03:06,60.0300,9,1
2026-03-20,601318,14:03:09,60.0300,42,1
2026-03-20,601318,14:03:12,60.0200,4,2
2026-03-20,601318,14:03:15,60.0300,32,1
2026-03-20,601318,14:03:18,60.0300,31,1
2026-03-20,601318,14:03:21,60.0300,39,2
2026-03-20,601318,14:03:24,60.0200,16,2
2026-03-20,601318,14:03:27,60.0300,58,1
2026-03-20,601318,14:03:30,60.0300,214,2
2026-03-20,601318,14:03:33,60.0400,40,4
2026-03-20,601318,14:03:36,60.0400,13,1
2026-03-20,601318,14:03:39,60.0300,54,2
2026-03-20,601318,14:03:42,60.0400,91,1
2026-03-20,601318,14:03:45,60.0400,88,2
2026-03-20,601318,14:03:48,60.0400,10,1
2026-03-20,601318,14:03:51,60.0400,143,1
2026-03-20,601318,14:03:54,60.0300,16,2
2026-03-20,601318,14:03:57,60.0300,93,1
2026-03-20,601318,14:04:00,60.0400,65,1
2026-03-20,601318,14:04:03,60.0300,26,2
2026-03-20,601318,14:04:06,60.0400,8,1
2026-03-20,601318,14:04:09,60.0400,44,1
2026-03-20,601318,14:04:12,60.0400,55,1
2026-03-20,601318,14:04:15,60.0400,10,2
2026-03-20,601318,14:04:18,60.0500,227,1
2026-03-20,601318,14:04:21,60.0700,41,1
2026-03-20,601318,14:04:24,60.0800,105,1
2026-03-20,601318,14:04:27,60.0900,40,1
2026-03-20,601318,14:04:30,60.0900,75,1
2026-03-20,601318,14:04:33,60.0900,109,1
2026-03-20,601318,14:04:36,60.0800,37,4
2026-03-20,601318,14:04:39,60.0800,8,4
2026-03-20,601318,14:04:42,60.0800,73,1
2026-03-20,601318,14:04:45,60.0900,7,1
2026-03-20,601318,14:04:48,60.0900,250,1
2026-03-20,601318,14:04:51,60.1000,52,1
2026-03-20,601318,14:04:54,60.1100,50,1
2026-03-20,601318,14:04:57,60.1100,31,1
2026-03-20,601318,14:05:00,60.1100,23,1
2026-03-20,601318,14:05:03,60.1000,306,2
2026-03-20,601318,14:05:06,60.1000,84,1
2026-03-20,601318,14:05:09,60.1000,17,1
2026-03-20,601318,14:05:12,60.1000,13,1
2026-03-20,601318,14:05:15,60.1000,16,2
2026-03-20,601318,14:05:18,60.1000,87,2
2026-03-20,601318,14:05:21,60.1100,20,1
2026-03-20,601318,14:05:24,60.1100,14,1
2026-03-20,601318,14:05:27,60.1200,42,1
2026-03-20,601318,14:05:30,60.1100,83,2
2026-03-20,601318,14:05:33,60.1200,14,1
2026-03-20,601318,14:05:36,60.1200,45,1
2026-03-20,601318,14:05:39,60.1200,20,2
2026-03-20,601318,14:05:42,60.1200,27,2
2026-03-20,601318,14:05:45,60.1200,61,2
2026-03-20,601318,14:05:48,60.1200,580,2
2026-03-20,601318,14:05:51,60.1200,38,1
2026-03-20,601318,14:05:54,60.1100,38,4
2026-03-20,601318,14:05:57,60.1000,49,2
2026-03-20,601318,14:06:00,60.1100,112,1
2026-03-20,601318,14:06:03,60.1100,50,1
2026-03-20,601318,14:06:06,60.1000,28,2
2026-03-20,601318,14:06:09,60.1200,151,1
2026-03-20,601318,14:06:12,60.1200,27,1
2026-03-20,601318,14:06:15,60.1200,2,1
2026-03-20,601318,14:06:18,60.1200,11,1
2026-03-20,601318,14:06:21,60.1100,31,2
2026-03-20,601318,14:06:24,60.1100,53,2
2026-03-20,601318,14:06:27,60.1200,46,1
2026-03-20,601318,14:06:30,60.1200,118,1
2026-03-20,601318,14:06:33,60.1400,39,1
2026-03-20,601318,14:06:36,60.1400,40,1
2026-03-20,601318,14:06:39,60.1400,28,1
2026-03-20,601318,14:06:42,60.1400,41,1
2026-03-20,601318,14:06:45,60.1400,4,1
2026-03-20,601318,14:06:48,60.1300,15,4
2026-03-20,601318,10:56:00,60.5100,38,2
2026-03-20,601318,10:56:03,60.5000,132,2
2026-03-20,601318,10:56:06,60.5100,19,1
2026-03-20,601318,10:56:09,60.5100,59,1
2026-03-20,601318,10:56:12,60.5000,37,2
2026-03-20,601318,10:56:15,60.5100,30,1
2026-03-20,601318,10:56:18,60.5000,26,2
2026-03-20,601318,10:56:21,60.5000,11,2
2026-03-20,601318,10:56:24,60.4900,551,2
2026-03-20,601318,10:56:27,60.4900,1,2
2026-03-20,601318,10:56:30,60.4800,5,2
2026-03-20,601318,10:56:33,60.4800,303,2
2026-03-20,601318,10:56:36,60.4700,76,2
2026-03-20,601318,10:56:39,60.4700,19,1
2026-03-20,601318,10:56:42,60.4700,25,1
2026-03-20,601318,10:56:45,60.4600,74,2
2026-03-20,601318,10:56:48,60.4600,22,2
2026-03-20,601318,10:56:51,60.4600,9,1
2026-03-20,601318,10:56:54,60.4500,14,2
2026-03-20,601318,10:56:57,60.4500,203,2
2026-03-20,601318,10:57:00,60.4400,63,2
2026-03-20,601318,10:57:03,60.4400,62,2
2026-03-20,601318,10:57:06,60.4500,2,1
2026-03-20,601318,10:57:09,60.4500,10,1
2026-03-20,601318,10:57:12,60.4400,39,2
2026-03-20,601318,10:57:15,60.4500,24,1
2026-03-20,601318,10:57:18,60.4600,16,1
2026-03-20,601318,10:57:21,60.4500,38,2
2026-03-20,601318,10:57:24,60.4400,55,2
2026-03-20,601318,10:57:27,60.4500,73,1
2026-03-20,601318,10:57:30,60.4500,64,2
2026-03-20,601318,10:57:33,60.4500,36,1
2026-03-20,601318,10:57:36,60.4500,26,1
2026-03-20,601318,10:57:39,60.4500,16,1
2026-03-20,601318,10:57:42,60.4500,45,1
2026-03-20,601318,10:57:45,60.4500,35,1
2026-03-20,601318,10:57:48,60.4500,17,1
2026-03-20,601318,10:57:51,60.4400,35,2
2026-03-20,601318,10:57:54,60.4500,18,1
2026-03-20,601318,10:57:57,60.4400,54,2
2026-03-20,601318,10:58:00,60.4400,7,2
2026-03-20,601318,10:58:03,60.4400,35,2
2026-03-20,601318,10:58:06,60.4500,60,1
2026-03-20,601318,10:58:09,60.4500,7,1
2026-03-20,601318,10:58:12,60.4500,39,1
2026-03-20,601318,10:58:15,60.4400,53,2
2026-03-20,601318,10:58:18,60.4500,7,1
2026-03-20,601318,10:58:21,60.4500,9,1
2026-03-20,601318,10:58:24,60.4800,760,1
2026-03-20,601318,10:58:27,60.4700,21,2
2026-03-20,601318,10:58:30,60.4700,3,2
2026-03-20,601318,10:58:33,60.4800,72,1
2026-03-20,601318,10:58:36,60.4700,5,1
2026-03-20,601318,10:58:39,60.4800,7,1
2026-03-20,601318,10:58:42,60.4600,56,2
2026-03-20,601318,10:58:45,60.4600,9,2
2026-03-20,601318,10:58:48,60.4600,8,1
2026-03-20,601318,10:58:51,60.4600,15,1
2026-03-20,601318,10:58:54,60.4500,49,2
2026-03-20,601318,10:58:57,60.4600,6,4
2026-03-20,601318,10:59:00,60.4500,22,2
2026-03-20,601318,10:59:03,60.4600,21,1
2026-03-20,601318,10:59:06,60.4600,1,1
2026-03-20,601318,10:59:09,60.4500,15,2
2026-03-20,601318,10:59:12,60.4600,22,1
2026-03-20,601318,10:59:15,60.4500,22,2
2026-03-20,601318,10:59:18,60.4500,10,2
2026-03-20,601318,10:59:21,60.4400,91,2
2026-03-20,601318,10:59:24,60.4400,29,2
2026-03-20,601318,10:59:30,60.4500,7,1
2026-03-20,601318,10:59:33,60.4400,21,2
2026-03-20,601318,10:59:36,60.4400,2,2
2026-03-20,601318,10:59:39,60.4500,13,1
2026-03-20,601318,10:59:42,60.4400,27,2
2026-03-20,601318,10:59:45,60.4400,31,2
2026-03-20,601318,10:59:48,60.4300,32,2
2026-03-20,601318,10:59:51,60.4500,16,1
2026-03-20,601318,10:59:54,60.4400,24,2
2026-03-20,601318,11:00:00,60.4400,2,1
2026-03-20,601318,11:00:03,60.4400,55,1
2026-03-20,601318,11:00:06,60.4400,84,1
2026-03-20,601318,11:00:09,60.4300,67,2
2026-03-20,601318,11:00:12,60.4400,2,4
2026-03-20,601318,11:00:15,60.4400,4,1
2026-03-20,601318,11:00:18,60.4400,102,1
2026-03-20,601318,11:00:21,60.4400,163,1
2026-03-20,601318,11:00:24,60.4500,4,1
2026-03-20,601318,11:00:27,60.4400,24,2
2026-03-20,601318,11:00:30,60.4400,66,1
2026-03-20,601318,11:00:33,60.4400,138,2
2026-03-20,601318,11:00:36,60.4500,23,4
2026-03-20,601318,11:00:39,60.4500,8,1
2026-03-20,601318,11:00:42,60.4400,50,2
2026-03-20,601318,11:00:45,60.4200,144,2
2026-03-20,601318,11:00:48,60.4400,41,1
2026-03-20,601318,11:00:51,60.4500,109,1
2026-03-20,601318,11:00:54,60.4500,13,2
2026-03-20,601318,11:00:57,60.4400,216,2
2026-03-20,601318,11:01:00,60.4400,15,2
2026-03-20,601318,11:01:03,60.4300,179,2
2026-03-20,601318,11:01:06,60.4400,63,4
2026-03-20,601318,11:01:09,60.4300,159,2
2026-03-20,601318,11:01:12,60.4300,32,1
2026-03-20,601318,11:01:15,60.4200,48,2
2026-03-20,601318,11:01:18,60.4300,37,1
2026-03-20,601318,11:01:21,60.4400,8,1
2026-03-20,601318,11:01:24,60.4200,97,2
2026-03-20,601318,11:01:27,60.4200,42,2
2026-03-20,601318,11:01:30,60.4200,3,2
2026-03-20,601318,11:01:33,60.4300,48,1
2026-03-20,601318,11:01:36,60.4200,15,2
2026-03-20,601318,11:01:39,60.4300,33,1
2026-03-20,601318,11:01:42,60.4200,145,2
2026-03-20,601318,11:01:45,60.4200,20,2
2026-03-20,601318,11:01:48,60.4100,120,2
2026-03-20,601318,11:01:51,60.4200,146,1
2026-03-20,601318,11:01:54,60.4200,16,2
2026-03-20,601318,11:01:57,60.4200,53,1
2026-03-20,601318,11:02:00,60.4300,54,1
2026-03-20,601318,11:02:03,60.4100,44,2
2026-03-20,601318,11:02:06,60.4200,46,1
2026-03-20,601318,11:02:09,60.4100,6,2
2026-03-20,601318,11:02:12,60.4100,16,2
2026-03-20,601318,11:02:15,60.4100,35,2
2026-03-20,601318,11:02:18,60.3900,2006,2
2026-03-20,601318,11:02:21,60.3800,142,2
2026-03-20,601318,11:02:24,60.3800,540,2
2026-03-20,601318,11:02:27,60.3600,332,2
2026-03-20,601318,11:02:30,60.3600,62,2
2026-03-20,601318,11:02:33,60.3700,18,1
2026-03-20,601318,11:02:36,60.3700,117,1
2026-03-20,601318,11:02:39,60.3600,39,2
2026-03-20,601318,11:02:42,60.3600,81,2
2026-03-20,601318,11:02:45,60.3700,12,1
2026-03-20,601318,11:02:48,60.3600,79,2
2026-03-20,601318,11:02:51,60.3600,139,2
2026-03-20,601318,11:02:54,60.3600,116,1
2026-03-20,601318,11:02:57,60.3500,44,2
2026-03-20,601318,11:03:00,60.3500,244,2
2026-03-20,601318,11:03:03,60.3500,31,1
2026-03-20,601318,11:03:06,60.3500,34,1
2026-03-20,601318,11:03:09,60.3500,14,1
2026-03-20,601318,11:03:12,60.3400,131,2
2026-03-20,601318,11:03:15,60.3400,67,1
2026-03-20,601318,11:03:18,60.3300,124,2
2026-03-20,601318,11:03:21,60.3300,278,2
2026-03-20,601318,11:03:24,60.3300,35,2
2026-03-20,601318,11:03:27,60.3400,69,1
2026-03-20,601318,11:03:30,60.3400,333,1
2026-03-20,601318,11:03:33,60.3100,164,2
2026-03-20,601318,11:03:36,60.3300,148,1
2026-03-20,601318,11:03:39,60.3200,5,2
2026-03-20,601318,11:03:42,60.3400,244,1
2026-03-20,601318,11:03:45,60.3200,43,2
2026-03-20,601318,11:03:48,60.3200,166,2
2026-03-20,601318,11:03:51,60.3200,152,1
2026-03-20,601318,11:03:54,60.3300,10,4
2026-03-20,601318,11:03:57,60.3300,82,2
2026-03-20,601318,11:04:00,60.3300,33,2
2026-03-20,601318,11:04:03,60.3300,231,2
2026-03-20,601318,11:04:06,60.3400,80,1
2026-03-20,601318,11:04:09,60.3000,3477,2
2026-03-20,601318,11:04:12,60.3200,92,4
2026-03-20,601318,11:04:15,60.3200,33,1
2026-03-20,601318,11:04:18,60.3100,65,2
2026-03-20,601318,11:04:21,60.3100,25,1
2026-03-20,601318,11:04:24,60.3200,33,1
2026-03-20,601318,11:04:27,60.3200,2,2
2026-03-20,601318,11:04:30,60.3200,75,2
2026-03-20,601318,11:04:33,60.3300,39,1
2026-03-20,601318,11:04:36,60.3200,22,2
2026-03-20,601318,11:04:39,60.3200,26,2
2026-03-20,601318,11:04:42,60.3100,175,2
2026-03-20,601318,11:04:45,60.3200,13,1
2026-03-20,601318,11:04:48,60.3100,131,2
2026-03-20,601318,11:04:51,60.3100,54,1
2026-03-20,601318,11:04:54,60.3100,235,1
2026-03-20,601318,11:04:57,60.3100,18,1
2026-03-20,601318,11:05:00,60.3100,44,1
2026-03-20,601318,11:05:03,60.3200,174,1
2026-03-20,601318,11:05:06,60.3000,452,2
2026-03-20,601318,11:05:09,60.3300,1369,2
2026-03-20,601318,11:05:12,60.3500,135,1
2026-03-20,601318,11:05:15,60.3400,4,2
2026-03-20,601318,11:05:21,60.3500,46,1
2026-03-20,601318,11:05:24,60.3500,40,1
2026-03-20,601318,11:05:27,60.3500,46,1
2026-03-20,601318,11:05:30,60.3500,2363,1
2026-03-20,601318,11:05:33,60.3500,74,1
2026-03-20,601318,11:05:36,60.3500,19,1
2026-03-20,601318,11:05:39,60.3500,20,1
2026-03-20,601318,11:05:42,60.3500,18,1
2026-03-20,601318,11:05:45,60.3500,9,1
2026-03-20,601318,11:05:48,60.3600,193,1
2026-03-20,601318,11:05:51,60.3600,1,2
2026-03-20,601318,11:05:54,60.3500,38,2
2026-03-20,601318,11:05:57,60.3600,173,1
2026-03-20,601318,11:06:00,60.3600,3,1
2026-03-20,601318,11:06:03,60.3500,64,2
2026-03-20,601318,11:06:06,60.3500,119,2
2026-03-20,601318,11:06:09,60.3600,18,1
2026-03-20,601318,11:06:12,60.3500,44,2
2026-03-20,601318,11:06:15,60.3600,30,1
2026-03-20,601318,11:06:18,60.3600,29,1
2026-03-20,601318,11:06:21,60.3600,14,2
2026-03-20,601318,11:06:24,60.3600,29,2
2026-03-20,601318,11:06:27,60.3600,50,1
2026-03-20,601318,11:06:30,60.3600,21,4
2026-03-20,601318,11:06:33,60.3700,56,1
2026-03-20,601318,11:06:36,60.3800,21,1
2026-03-20,601318,11:06:42,60.3900,29,1
2026-03-20,601318,11:06:45,60.4000,3,1
2026-03-20,601318,11:06:48,60.3900,9,2
2026-03-20,601318,11:06:51,60.4000,58,1
2026-03-20,601318,11:06:54,60.4000,28,2
2026-03-20,601318,11:06:57,60.4100,31,1
2026-03-20,601318,11:07:00,60.3900,199,2
2026-03-20,601318,11:07:03,60.4100,33,1
2026-03-20,601318,11:07:06,60.4000,103,4
2026-03-20,601318,11:07:09,60.4000,8,1
2026-03-20,601318,11:07:12,60.3900,23,2
2026-03-20,601318,11:07:15,60.3900,12,2
2026-03-20,601318,11:07:18,60.4000,12,1
2026-03-20,601318,11:07:21,60.4000,7,1
2026-03-20,601318,11:07:24,60.4100,52,1
2026-03-20,601318,11:07:27,60.4000,25,2
2026-03-20,601318,11:07:30,60.4000,29,2
2026-03-20,601318,11:07:33,60.4100,36,1
2026-03-20,601318,11:07:39,60.4100,19,1
2026-03-20,601318,11:07:42,60.4100,19,1
2026-03-20,601318,11:07:45,60.4100,8,1
2026-03-20,601318,11:07:48,60.4000,47,2
2026-03-20,601318,11:07:51,60.4000,63,2
2026-03-20,601318,11:07:54,60.4000,23,2
2026-03-20,601318,11:07:57,60.4000,2,2
2026-03-20,601318,11:08:00,60.4000,53,2
2026-03-20,601318,11:08:03,60.4100,39,1
2026-03-20,601318,11:08:06,60.4100,73,1
2026-03-20,601318,11:08:09,60.4000,39,2
2026-03-20,601318,11:08:12,60.3900,9,2
2026-03-20,601318,11:08:15,60.3800,210,2
2026-03-20,601318,11:08:18,60.4000,35,1
2026-03-20,601318,11:08:21,60.4200,24,1
2026-03-20,601318,11:08:24,60.4200,8,1
2026-03-20,601318,11:08:27,60.4200,9,2
2026-03-20,601318,11:08:30,60.4300,4,1
2026-03-20,601318,11:08:33,60.4300,64,1
2026-03-20,601318,11:08:36,60.4200,51,1
2026-03-20,601318,11:08:39,60.4200,29,2
2026-03-20,601318,11:08:42,60.4400,62,1
2026-03-20,601318,11:08:45,60.4500,83,1
2026-03-20,601318,11:08:48,60.4500,2,2
2026-03-20,601318,11:08:51,60.4600,112,4
2026-03-20,601318,11:08:54,60.4600,86,1
2026-03-20,601318,11:08:57,60.4500,58,2
2026-03-20,601318,11:09:00,60.4500,68,2
2026-03-20,601318,11:09:03,60.4600,38,1
2026-03-20,601318,11:09:06,60.4600,35,2
2026-03-20,601318,11:09:09,60.4500,44,2
2026-03-20,601318,11:09:12,60.4500,8,2
2026-03-20,601318,11:09:15,60.4600,15,1
2026-03-20,601318,11:09:18,60.4500,16,2
2026-03-20,601318,11:09:21,60.4600,58,1
2026-03-20,601318,11:09:24,60.4500,56,2
2026-03-20,601318,11:09:27,60.4600,71,1
2026-03-20,601318,11:09:30,60.4500,63,2
2026-03-20,601318,11:09:33,60.4500,115,2
2026-03-20,601318,11:09:36,60.4500,42,2
2026-03-20,601318,11:09:39,60.4500,11,1
2026-03-20,601318,11:09:42,60.4400,44,2
2026-03-20,601318,11:09:45,60.4400,20,1
2026-03-20,601318,11:09:48,60.4400,22,1
2026-03-20,601318,11:09:51,60.4300,37,2
2026-03-20,601318,11:09:54,60.4300,27,2
2026-03-20,601318,11:09:57,60.4500,46,1
2026-03-20,601318,11:10:00,60.4600,176,1
2026-03-20,601318,11:10:03,60.4700,33,1
2026-03-20,601318,11:10:06,60.4700,9,1
2026-03-20,601318,11:10:09,60.4700,76,1
2026-03-20,601318,11:10:12,60.4700,38,1
2026-03-20,601318,11:10:15,60.4800,9,1
2026-03-20,601318,11:10:18,60.4900,156,1
2026-03-20,601318,11:10:21,60.4800,66,2
2026-03-20,601318,11:10:24,60.4900,24,1
2026-03-20,601318,11:10:27,60.4800,45,2
2026-03-20,601318,11:10:30,60.4900,28,1
2026-03-20,601318,11:10:33,60.4900,5,1
2026-03-20,601318,11:10:36,60.4900,46,1
2026-03-20,601318,11:10:39,60.4900,93,1
2026-03-20,601318,11:10:42,60.4900,11,1
2026-03-20,601318,11:10:45,60.4900,55,1
2026-03-20,601318,11:10:48,60.4900,63,1
2026-03-20,601318,11:10:51,60.4900,12,4
2026-03-20,601318,11:10:54,60.4900,47,1
2026-03-20,601318,11:10:57,60.4900,24,1
2026-03-20,601318,11:11:00,60.4800,26,2
2026-03-20,601318,11:11:03,60.4900,32,2
2026-03-20,601318,11:11:06,60.4900,33,2
2026-03-20,601318,11:11:09,60.4900,48,2
2026-03-20,601318,11:11:15,60.4900,46,1
2026-03-20,601318,11:11:18,60.4900,36,2
2026-03-20,601318,11:11:21,60.5000,55,1
2026-03-20,601318,11:11:24,60.4900,16,2
2026-03-20,601318,11:11:27,60.5000,9,1
2026-03-20,601318,11:11:30,60.5000,47,1
2026-03-20,601318,11:11:33,60.5000,91,1
2026-03-20,601318,11:11:36,60.4900,20,2
2026-03-20,601318,11:11:39,60.5000,161,1
2026-03-20,601318,11:11:42,60.4900,30,1
2026-03-20,601318,11:11:45,60.5000,57,1
2026-03-20,601318,11:11:48,60.5000,18,1
2026-03-20,601318,11:11:51,60.4900,23,2
2026-03-20,601318,11:11:54,60.4900,7,2
2026-03-20,601318,11:11:57,60.4900,58,2
2026-03-20,601318,11:12:00,60.4900,13,2
2026-03-20,601318,11:12:03,60.4900,52,2
2026-03-20,601318,11:12:06,60.5000,24,1
2026-03-20,601318,11:12:09,60.4900,90,2
2026-03-20,601318,11:12:12,60.4900,5,1
2026-03-20,601318,11:12:15,60.4900,46,1
2026-03-20,601318,11:12:18,60.4900,31,2
2026-03-20,601318,11:12:21,60.4900,7,1
2026-03-20,601318,11:12:24,60.4700,26,2
2026-03-20,601318,11:12:27,60.4800,3,1
2026-03-20,601318,11:12:30,60.4800,11,1
2026-03-20,601318,11:12:33,60.4800,8,1
2026-03-20,601318,11:12:36,60.4800,24,2
2026-03-20,601318,11:12:39,60.4800,17,2
2026-03-20,601318,11:12:42,60.4800,15,2
2026-03-20,601318,11:12:45,60.4800,12,2
2026-03-20,601318,11:12:51,60.4700,24,2
2026-03-20,601318,11:12:54,60.4700,11,2
2026-03-20,601318,11:12:57,60.4700,7,2
2026-03-20,601318,11:13:00,60.4800,57,1
2026-03-20,601318,11:13:03,60.4700,47,2
2026-03-20,601318,11:13:06,60.4700,38,2
2026-03-20,601318,11:13:09,60.4700,12,2
2026-03-20,601318,11:13:12,60.4800,26,1
2026-03-20,601318,11:13:15,60.4800,47,1
2026-03-20,601318,11:13:18,60.4700,26,1
2026-03-20,601318,11:13:21,60.4700,38,1
2026-03-20,601318,11:13:24,60.4800,363,1
2026-03-20,601318,11:13:27,60.4800,241,2
2026-03-20,601318,11:13:30,60.4700,161,2
2026-03-20,601318,11:13:33,60.4800,50,4
2026-03-20,601318,11:13:36,60.4700,13,2
2026-03-20,601318,11:13:39,60.4900,6,1
2026-03-20,601318,11:13:42,60.4700,25,2
2026-03-20,601318,11:13:45,60.4900,21,1
2026-03-20,601318,11:13:48,60.4900,11,2
2026-03-20,601318,11:13:51,60.4900,45,2
2026-03-20,601318,11:13:54,60.5000,7,1
2026-03-20,601318,11:13:57,60.4800,10,2
2026-03-20,601318,11:14:00,60.5000,15,1
2026-03-20,601318,11:14:03,60.5100,104,1
2026-03-20,601318,11:14:06,60.5000,243,2
2026-03-20,601318,11:14:09,60.5200,42,1
2026-03-20,601318,11:14:12,60.5100,93,2
2026-03-20,601318,11:14:15,60.5100,45,1
2026-03-20,601318,11:14:18,60.5300,69,1
2026-03-20,601318,11:14:21,60.5100,1,2
2026-03-20,601318,11:14:24,60.5200,62,1
2026-03-20,601318,11:14:27,60.5400,52,1
2026-03-20,601318,11:14:30,60.5300,9,2
2026-03-20,601318,11:14:33,60.5400,100,1
2026-03-20,601318,11:14:36,60.5400,16,1
2026-03-20,601318,11:14:39,60.5300,28,2
2026-03-20,601318,11:14:42,60.5500,14,1
2026-03-20,601318,11:14:45,60.5400,31,2
2026-03-20,601318,11:14:48,60.5400,17,2
2026-03-20,601318,11:14:51,60.5600,53,1
2026-03-20,601318,11:14:54,60.5500,126,4
2026-03-20,601318,11:14:57,60.5500,29,2
2026-03-20,601318,11:15:00,60.5500,17,2
2026-03-20,601318,11:15:03,60.5600,51,1
2026-03-20,601318,11:15:06,60.5900,181,1
2026-03-20,601318,11:15:09,60.5600,51,4
2026-03-20,601318,11:15:12,60.5200,103,2
2026-03-20,601318,11:15:15,60.5500,20,1
2026-03-20,601318,11:15:18,60.5500,2,4
2026-03-20,601318,11:15:21,60.5400,39,2
2026-03-20,601318,11:15:24,60.5400,14,1
2026-03-20,601318,11:15:27,60.5300,16,2
2026-03-20,601318,11:15:30,60.5400,19,1
2026-03-20,601318,11:15:33,60.5200,56,2
2026-03-20,601318,11:15:36,60.5200,61,2
2026-03-20,601318,11:15:39,60.5300,15,4
2026-03-20,601318,11:15:42,60.5200,27,2
2026-03-20,601318,11:15:45,60.5300,40,1
2026-03-20,601318,11:15:48,60.5200,33,2
2026-03-20,601318,11:15:51,60.5200,53,2
2026-03-20,601318,11:15:54,60.5300,80,1
2026-03-20,601318,11:15:57,60.5300,61,2
2026-03-20,601318,11:16:00,60.5300,62,2
2026-03-20,601318,11:16:03,60.5400,141,1
2026-03-20,601318,11:16:06,60.5500,52,1
2026-03-20,601318,11:16:09,60.5400,90,2
2026-03-20,601318,11:16:12,60.5500,68,2
2026-03-20,601318,11:16:15,60.5600,27,1
2026-03-20,601318,11:16:18,60.5500,37,2
2026-03-20,601318,11:16:21,60.5700,15,1
2026-03-20,601318,11:16:24,60.5600,21,2
2026-03-20,601318,11:16:27,60.5700,64,1
2026-03-20,601318,11:16:30,60.5600,45,2
2026-03-20,601318,11:16:33,60.5700,30,1
2026-03-20,601318,11:16:36,60.5600,11,4
2026-03-20,601318,11:16:39,60.5700,33,1
2026-03-20,601318,11:16:45,60.5700,5,2
2026-03-20,601318,11:16:48,60.5600,151,2
2026-03-20,601318,11:16:51,60.5600,85,2
2026-03-20,601318,11:16:54,60.5500,24,2
2026-03-20,601318,11:16:57,60.5600,28,1
2026-03-20,601318,11:17:00,60.5500,17,1
2026-03-20,601318,11:17:03,60.5200,160,2
2026-03-20,601318,11:17:06,60.5200,1,2
2026-03-20,601318,11:17:09,60.5400,6,1
2026-03-20,601318,11:17:12,60.5300,14,4
2026-03-20,601318,11:17:15,60.5400,116,1
2026-03-20,601318,11:17:18,60.5300,37,2
2026-03-20,601318,11:17:21,60.5500,26,1
2026-03-20,601318,11:17:24,60.5700,202,1
2026-03-20,601318,11:17:27,60.5600,36,4
2026-03-20,601318,11:17:30,60.5900,182,1
2026-03-20,601318,11:17:33,60.6000,3,1
2026-03-20,601318,11:17:36,60.6000,149,1
2026-03-20,601318,11:17:39,60.5700,112,2
2026-03-20,601318,11:17:42,60.6100,1515,1
2026-03-20,601318,11:17:45,60.6200,29,4
2026-03-20,601318,11:17:48,60.6000,155,2
2026-03-20,601318,11:17:51,60.6000,124,2
2026-03-20,601318,11:17:54,60.6000,104,1
2026-03-20,601318,11:17:57,60.6000,66,1
2026-03-20,601318,11:18:00,60.5800,22,2
2026-03-20,601318,11:18:03,60.6000,119,1
2026-03-20,601318,11:18:06,60.5800,5,1
2026-03-20,601318,11:18:09,60.5800,27,1
2026-03-20,601318,11:18:12,60.6000,96,1
2026-03-20,601318,11:18:15,60.6000,5,2
2026-03-20,601318,11:18:18,60.5700,267,2
2026-03-20,601318,11:18:21,60.5700,23,1
2026-03-20,601318,11:18:24,60.6100,104,1
2026-03-20,601318,11:18:27,60.6100,10,1
2026-03-20,601318,11:18:30,60.6100,17,1
2026-03-20,601318,11:18:33,60.6000,36,1
2026-03-20,601318,11:18:36,60.5900,47,2
2026-03-20,601318,11:18:39,60.5800,23,2
2026-03-20,601318,11:18:42,60.6000,5,1
2026-03-20,601318,11:18:45,60.5900,14,2
2026-03-20,601318,11:18:48,60.6000,22,1
2026-03-20,601318,11:18:51,60.6000,15,2
2026-03-20,601318,11:18:54,60.5900,8,2
2026-03-20,601318,11:18:57,60.5900,32,2
2026-03-20,601318,11:19:00,60.5900,53,1
2026-03-20,601318,11:19:03,60.5900,23,2
2026-03-20,601318,11:19:06,60.6000,62,1
2026-03-20,601318,11:19:09,60.6000,25,2
2026-03-20,601318,11:19:12,60.6000,27,2
2026-03-20,601318,11:19:15,60.6000,47,2
2026-03-20,601318,11:19:18,60.6100,102,1
2026-03-20,601318,11:19:21,60.6000,62,2
2026-03-20,601318,11:19:24,60.6000,59,2
2026-03-20,601318,11:19:27,60.6000,31,2
2026-03-20,601318,11:19:30,60.6000,1,2
2026-03-20,601318,11:19:33,60.6100,93,1
2026-03-20,601318,11:19:36,60.6100,21,1
2026-03-20,601318,11:19:39,60.6000,45,2
2026-03-20,601318,11:19:42,60.6100,2,1
2026-03-20,601318,11:19:45,60.6300,129,1
2026-03-20,601318,11:19:48,60.6200,2,1
2026-03-20,601318,11:19:51,60.6100,31,2
2026-03-20,601318,11:19:55,60.6300,24,1
2026-03-20,601318,11:19:57,60.6100,49,2
2026-03-20,601318,11:20:00,60.6100,34,2
2026-03-20,601318,11:20:03,60.6000,25,2
2026-03-20,601318,11:20:06,60.6000,20,2
2026-03-20,601318,11:20:09,60.6100,72,1
2026-03-20,601318,11:20:12,60.6100,29,1
2026-03-20,601318,11:20:15,60.6200,50,1
2026-03-20,601318,11:20:18,60.6100,8,4
2026-03-20,601318,11:20:21,60.6100,13,2
2026-03-20,601318,11:20:24,60.6100,18,2
2026-03-20,601318,11:20:27,60.6000,43,2
