date,code,time,price,volume,bs
2026-06-02,601318,14:06:56,54.1700,35,1
2026-06-02,601318,14:06:59,54.1700,77,1
2026-06-02,601318,14:07:02,54.1600,15,2
2026-06-02,601318,14:07:05,54.1700,45,1
2026-06-02,601318,14:07:08,54.1700,164,1
2026-06-02,601318,14:07:11,54.1700,9,1
2026-06-02,601318,14:07:14,54.1600,11,2
2026-06-02,601318,14:07:17,54.1700,24,1
2026-06-02,601318,14:07:20,54.1700,92,1
2026-06-02,601318,14:07:23,54.1700,81,1
2026-06-02,601318,14:07:26,54.1700,38,1
2026-06-02,601318,14:07:29,54.1700,134,2
2026-06-02,601318,14:07:32,54.1800,48,1
2026-06-02,601318,14:07:35,54.1700,7,2
2026-06-02,601318,14:07:38,54.1700,183,2
2026-06-02,601318,14:07:41,54.1800,6,1
2026-06-02,601318,14:07:44,54.1700,59,2
2026-06-02,601318,14:07:47,54.1700,7,2
2026-06-02,601318,14:07:50,54.1700,102,2
2026-06-02,601318,14:07:53,54.1600,12,2
2026-06-02,601318,14:07:56,54.1700,30,1
2026-06-02,601318,14:07:59,54.1500,208,2
2026-06-02,601318,14:08:02,54.1600,510,1
2026-06-02,601318,14:08:05,54.1600,20,2
2026-06-02,601318,14:08:08,54.1600,255,1
2026-06-02,601318,14:08:11,54.1500,112,4
2026-06-02,601318,14:08:14,54.1500,87,1
2026-06-02,601318,14:08:17,54.1500,56,1
2026-06-02,601318,14:08:20,54.1600,117,1
2026-06-02,601318,14:08:23,54.1600,41,2
2026-06-02,601318,14:08:26,54.1600,49,2
2026-06-02,601318,14:08:29,54.1600,20,1
2026-06-02,601318,14:08:32,54.1600,7,1
2026-06-02,601318,14:08:35,54.1600,25,1
2026-06-02,601318,14:08:38,54.1600,106,1
2026-06-02,601318,14:08:41,54.1600,78,2
2026-06-02,601318,14:08:44,54.1600,32,2
2026-06-02,601318,14:08:47,54.1600,144,2
2026-06-02,601318,14:08:50,54.1700,149,1
2026-06-02,601318,14:08:53,54.1700,501,1
2026-06-02,601318,14:08:56,54.1700,65,2
2026-06-02,601318,14:08:59,54.1700,68,2
2026-06-02,601318,14:09:02,54.1800,5,2
2026-06-02,601318,14:09:05,54.1800,57,2
2026-06-02,601318,14:09:08,54.1800,78,2
2026-06-02,601318,14:09:11,54.1800,44,2
2026-06-02,601318,14:09:14,54.1800,9,2
2026-06-02,601318,14:09:17,54.1800,39,2
2026-06-02,601318,14:09:20,54.1800,34,2
2026-06-02,601318,14:09:23,54.1900,15,1
2026-06-02,601318,14:09:26,54.1900,30,1
2026-06-02,601318,14:09:29,54.1800,50,2
2026-06-02,601318,14:09:32,54.1900,6,1
2026-06-02,601318,14:09:35,54.1900,19,1
2026-06-02,601318,14:09:38,54.1800,10,2
2026-06-02,601318,14:09:41,54.1800,35,2
2026-06-02,601318,14:09:44,54.1900,22,1
2026-06-02,601318,14:09:47,54.1800,14,2
2026-06-02,601318,14:09:50,54.1800,38,2
2026-06-02,601318,14:09:53,54.1800,9,2
2026-06-02,601318,14:09:56,54.1900,37,1
2026-06-02,601318,14:09:59,54.1800,74,2
2026-06-02,601318,14:10:02,54.1900,1,1
2026-06-02,601318,14:10:05,54.1900,49,1
2026-06-02,601318,14:10:08,54.1900,74,1
2026-06-02,601318,14:10:11,54.1900,45,1
2026-06-02,601318,14:10:14,54.1900,174,1
2026-06-02,601318,14:10:17,54.1900,56,1
2026-06-02,601318,14:10:20,54.2000,215,1
2026-06-02,601318,14:10:23,54.2000,42,1
2026-06-02,601318,14:10:26,54.2000,41,1
2026-06-02,601318,14:10:29,54.2000,502,1
2026-06-02,601318,14:10:32,54.2100,36,1
2026-06-02,601318,14:10:35,54.2200,14,1
2026-06-02,601318,14:10:38,54.2300,128,1
2026-06-02,601318,14:10:41,54.2300,611,2
2026-06-02,601318,14:10:44,54.2200,34,2
2026-06-02,601318,14:10:47,54.2300,64,1
2026-06-02,601318,14:10:50,54.2200,80,2
2026-06-02,601318,14:10:53,54.2300,39,2
2026-06-02,601318,14:10:56,54.2300,15,4
2026-06-02,601318,14:10:59,54.2600,945,1
2026-06-02,601318,14:11:02,54.2500,41,1
2026-06-02,601318,14:11:05,54.2600,34,1
2026-06-02,601318,14:11:08,54.2600,34,1
2026-06-02,601318,14:11:11,54.2500,31,2
2026-06-02,601318,14:11:14,54.2400,83,2
2026-06-02,601318,14:11:17,54.2500,38,1
2026-06-02,601318,14:11:20,54.2500,33,1
2026-06-02,601318,14:11:23,54.2400,92,2
2026-06-02,601318,14:11:26,54.2400,25,1
2026-06-02,601318,14:11:29,54.2300,83,2
2026-06-02,601318,14:11:32,54.2300,87,2
2026-06-02,601318,14:11:35,54.2300,42,2
2026-06-02,601318,14:11:38,54.2300,91,1
2026-06-02,601318,14:11:41,54.2200,104,2
2026-06-02,601318,14:11:44,54.2100,33,2
2026-06-02,601318,14:11:47,54.2100,12,2
2026-06-02,601318,14:11:50,54.2100,83,2
2026-06-02,601318,14:11:53,54.2100,11,2
2026-06-02,601318,14:11:56,54.2100,42,2
2026-06-02,601318,14:11:59,54.2100,82,1
2026-06-02,601318,14:12:02,54.2000,35,2
2026-06-02,601318,14:12:05,54.2100,60,1
2026-06-02,601318,14:12:08,54.1900,51,2
2026-06-02,601318,14:12:11,54.2000,41,1
2026-06-02,601318,14:12:14,54.2000,8,1
2026-06-02,601318,14:12:17,54.1900,95,2
2026-06-02,601318,14:12:20,54.1900,8,4
2026-06-02,601318,14:12:23,54.1800,51,2
2026-06-02,601318,14:12:26,54.1700,130,2
2026-06-02,601318,14:12:29,54.1800,23,4
2026-06-02,601318,14:12:32,54.1700,63,2
2026-06-02,601318,14:12:35,54.1700,28,2
2026-06-02,601318,14:12:38,54.1800,105,1
2026-06-02,601318,14:12:41,54.1800,35,2
2026-06-02,601318,14:12:44,54.1800,24,2
2026-06-02,601318,14:12:47,54.1800,252,2
2026-06-02,601318,14:12:50,54.1500,535,2
2026-06-02,601318,14:12:53,54.1700,517,4
2026-06-02,601318,14:12:56,54.1600,341,2
2026-06-02,601318,14:12:59,54.1600,128,2
2026-06-02,601318,14:13:02,54.1400,49,2
2026-06-02,601318,14:13:05,54.1300,534,2
2026-06-02,601318,14:13:08,54.1200,883,2
2026-06-02,601318,14:13:11,54.1200,41,2
2026-06-02,601318,14:13:14,54.1200,204,1
2026-06-02,601318,14:13:17,54.1200,692,1
2026-06-02,601318,14:13:20,54.1100,19,4
2026-06-02,601318,14:13:23,54.1100,48,1
2026-06-02,601318,14:13:26,54.1100,960,1
2026-06-02,601318,14:13:29,54.1100,33,2
2026-06-02,601318,14:13:32,54.1200,80,1
2026-06-02,601318,14:13:35,54.1100,168,2
2026-06-02,601318,14:13:38,54.1200,31,1
2026-06-02,601318,14:13:41,54.1100,10,2
2026-06-02,601318,14:13:44,54.1200,27,1
2026-06-02,601318,14:13:47,54.1200,74,1
2026-06-02,601318,14:13:50,54.1300,468,1
2026-06-02,601318,14:13:53,54.1400,35,2
2026-06-02,601318,14:13:56,54.1500,35,4
2026-06-02,601318,14:13:59,54.1500,66,2
2026-06-02,601318,14:14:02,54.1600,23,1
2026-06-02,601318,14:14:05,54.1500,205,2
2026-06-02,601318,14:14:08,54.1500,231,2
2026-06-02,601318,14:14:11,54.1600,41,1
2026-06-02,601318,14:14:14,54.1600,114,1
2026-06-02,601318,14:14:17,54.1500,25,4
2026-06-02,601318,14:14:20,54.1500,180,2
2026-06-02,601318,14:14:23,54.1600,17,1
2026-06-02,601318,14:14:26,54.1500,111,2
2026-06-02,601318,14:14:29,54.1500,23,2
2026-06-02,601318,14:14:32,54.1600,2,1
2026-06-02,601318,14:14:35,54.1600,51,1
2026-06-02,601318,14:14:38,54.1500,68,2
2026-06-02,601318,14:14:41,54.1500,30,1
2026-06-02,601318,14:14:47,54.1500,19,1
2026-06-02,601318,14:14:50,54.1500,45,1
2026-06-02,601318,14:14:53,54.1500,14,1
2026-06-02,601318,14:14:56,54.1400,14,2
2026-06-02,601318,14:14:59,54.1500,193,1
2026-06-02,601318,14:15:02,54.1500,16,1
2026-06-02,601318,14:15:05,54.1400,93,2
2026-06-02,601318,14:15:08,54.1400,79,2
2026-06-02,601318,14:15:11,54.1400,22,2
2026-06-02,601318,14:15:14,54.1400,26,2
2026-06-02,601318,14:15:17,54.1400,35,2
2026-06-02,601318,14:15:20,54.1400,48,2
2026-06-02,601318,14:15:23,54.1400,35,2
2026-06-02,601318,14:15:26,54.1400,43,2
2026-06-02,601318,14:15:29,54.1400,31,1
2026-06-02,601318,14:15:32,54.1400,3,1
2026-06-02,601318,14:15:35,54.1400,68,1
2026-06-02,601318,14:15:38,54.1300,382,2
2026-06-02,601318,14:15:41,54.1400,54,1
2026-06-02,601318,14:15:44,54.1400,18,1
2026-06-02,601318,14:15:47,54.1300,66,2
2026-06-02,601318,14:15:50,54.1300,71,2
2026-06-02,601318,14:15:53,54.1300,60,2
2026-06-02,601318,14:15:56,54.1400,14,1
2026-06-02,601318,14:15:59,54.1300,76,2
2026-06-02,601318,14:16:02,54.1300,27,2
2026-06-02,601318,14:16:08,54.1300,81,2
2026-06-02,601318,14:16:11,54.1300,7,2
2026-06-02,601318,14:16:14,54.1400,1,1
2026-06-02,601318,14:16:17,54.1300,53,2
2026-06-02,601318,14:16:20,54.1400,78,1
2026-06-02,601318,14:16:23,54.1300,137,2
2026-06-02,601318,14:16:26,54.1400,59,1
2026-06-02,601318,14:16:29,54.1400,128,1
2026-06-02,601318,14:16:32,54.1400,38,1
2026-06-02,601318,14:16:35,54.1300,12,2
2026-06-02,601318,14:16:38,54.1300,216,2
2026-06-02,601318,14:16:41,54.1500,41,1
2026-06-02,601318,14:16:44,54.1400,91,2
2026-06-02,601318,14:16:47,54.1400,156,2
2026-06-02,601318,14:16:50,54.1500,608,1
2026-06-02,601318,14:16:53,54.1600,22,1
2026-06-02,601318,14:16:56,54.1500,252,2
2026-06-02,601318,14:16:59,54.1500,45,2
2026-06-02,601318,14:17:02,54.1600,35,1
2026-06-02,601318,14:17:05,54.1600,13,2
2026-06-02,601318,14:17:08,54.1500,250,2
2026-06-02,601318,14:17:11,54.1500,23,2
2026-06-02,601318,14:17:14,54.1400,576,2
2026-06-02,601318,14:17:17,54.1300,44,2
2026-06-02,601318,14:17:20,54.1300,192,2
2026-06-02,601318,14:17:23,54.1300,15,4
2026-06-02,601318,14:17:26,54.1300,36,2
2026-06-02,601318,14:17:29,54.1100,313,2
2026-06-02,601318,14:17:32,54.1100,388,2
2026-06-02,601318,14:17:35,54.1100,51,4
2026-06-02,601318,14:17:38,54.1100,3,1
2026-06-02,601318,14:17:41,54.1100,10,1
2026-06-02,601318,14:17:44,54.1100,110,1
2026-06-02,601318,14:17:47,54.1100,9,1
2026-06-02,601318,14:17:50,54.1100,46,1
2026-06-02,601318,14:17:53,54.1100,66,1
2026-06-02,601318,14:17:56,54.1000,7,2
2026-06-02,601318,14:17:59,54.1100,20,1
2026-06-02,601318,14:18:02,54.1000,1,2
2026-06-02,601318,14:18:05,54.1100,178,1
2026-06-02,601318,14:18:08,54.1300,156,1
2026-06-02,601318,14:18:11,54.1300,34,1
2026-06-02,601318,14:18:14,54.1200,27,2
2026-06-02,601318,14:18:17,54.1300,103,1
2026-06-02,601318,14:18:20,54.1300,49,1
2026-06-02,601318,14:18:23,54.1200,78,2
2026-06-02,601318,14:18:26,54.1200,94,1
2026-06-02,601318,14:18:29,54.1200,23,1
2026-06-02,601318,14:18:32,54.1200,71,1
2026-06-02,601318,14:18:35,54.1200,85,1
2026-06-02,601318,14:18:38,54.1200,31,2
2026-06-02,601318,14:18:41,54.1200,86,2
2026-06-02,601318,14:18:44,54.1300,5,1
2026-06-02,601318,14:18:47,54.1200,6,2
2026-06-02,601318,14:18:50,54.1200,161,2
2026-06-02,601318,14:18:53,54.1300,31,1
2026-06-02,601318,14:18:59,54.1200,103,2
2026-06-02,601318,14:19:02,54.1300,30,1
2026-06-02,601318,14:19:05,54.1300,56,1
2026-06-02,601318,14:19:08,54.1300,89,1
2026-06-02,601318,14:19:11,54.1300,218,1
2026-06-02,601318,14:19:14,54.1300,9,2
2026-06-02,601318,14:19:17,54.1400,102,1
2026-06-02,601318,14:19:20,54.1300,211,2
2026-06-02,601318,14:19:23,54.1300,96,1
2026-06-02,601318,14:19:26,54.1400,30,1
2026-06-02,601318,14:19:29,54.1400,54,1
2026-06-02,601318,14:19:32,54.1400,12,1
2026-06-02,601318,14:19:35,54.1400,65,1
2026-06-02,601318,14:19:38,54.1400,11,1
2026-06-02,601318,14:19:41,54.1400,50,1
2026-06-02,601318,14:19:44,54.1400,25,1
2026-06-02,601318,14:19:47,54.1400,4,1
2026-06-02,601318,14:19:50,54.1400,54,1
2026-06-02,601318,14:19:53,54.1300,72,2
2026-06-02,601318,14:19:56,54.1400,16,1
2026-06-02,601318,14:19:59,54.1400,76,1
2026-06-02,601318,14:20:02,54.1400,23,1
2026-06-02,601318,14:20:05,54.1400,199,1
2026-06-02,601318,14:20:08,54.1300,197,4
2026-06-02,601318,14:20:11,54.1300,189,1
2026-06-02,601318,14:20:14,54.1300,10,1
2026-06-02,601318,14:20:17,54.1200,102,2
2026-06-02,601318,14:20:20,54.1200,76,1
2026-06-02,601318,14:20:23,54.1200,25,1
2026-06-02,601318,14:20:26,54.1200,28,1
2026-06-02,601318,14:20:29,54.1200,32,1
2026-06-02,601318,14:20:32,54.1200,148,1
2026-06-02,601318,14:20:35,54.1200,80,2
2026-06-02,601318,14:20:38,54.1200,44,2
2026-06-02,601318,14:20:41,54.1200,45,2
2026-06-02,601318,14:20:44,54.1200,18,2
2026-06-02,601318,14:20:47,54.1200,25,1
2026-06-02,601318,14:20:50,54.1200,59,1
2026-06-02,601318,14:20:53,54.1200,15,2
2026-06-02,601318,14:20:56,54.1200,4,4
2026-06-02,601318,14:20:59,54.1100,14,2
2026-06-02,601318,14:21:02,54.1100,9,2
2026-06-02,601318,14:21:05,54.1100,22,2
2026-06-02,601318,14:21:08,54.1100,12,2
2026-06-02,601318,14:21:11,54.1200,18,1
2026-06-02,601318,14:21:14,54.1200,76,1
2026-06-02,601318,14:21:17,54.1200,19,1
2026-06-02,601318,14:21:20,54.1200,20,1
2026-06-02,601318,14:21:23,54.1100,13,2
2026-06-02,601318,14:21:26,54.1200,12,1
2026-06-02,601318,14:21:29,54.1200,7,1
2026-06-02,601318,14:21:32,54.1200,21,1
2026-06-02,601318,14:21:35,54.1200,11,1
2026-06-02,601318,14:21:38,54.1200,102,1
2026-06-02,601318,14:21:41,54.1200,19,1
2026-06-02,601318,14:21:44,54.1100,333,2
2026-06-02,601318,14:21:47,54.1200,485,1
2026-06-02,601318,14:21:50,54.1100,125,2
2026-06-02,601318,14:21:53,54.1200,47,1
2026-06-02,601318,14:21:56,54.1200,41,1
2026-06-02,601318,14:21:59,54.1100,31,2
2026-06-02,601318,14:22:02,54.1200,256,1
2026-06-02,601318,14:22:05,54.1300,38,1
2026-06-02,601318,14:22:08,54.1300,34,1
2026-06-02,601318,14:22:11,54.1300,145,1
2026-06-02,601318,14:22:14,54.1300,45,1
2026-06-02,601318,14:22:17,54.1200,48,2
2026-06-02,601318,14:22:20,54.1300,123,1
2026-06-02,601318,14:22:23,54.1300,57,1
2026-06-02,601318,14:22:26,54.1300,212,1
2026-06-02,601318,14:22:29,54.1300,7,2
2026-06-02,601318,14:22:32,54.1300,11,2
2026-06-02,601318,14:22:38,54.1400,22,1
2026-06-02,601318,14:22:41,54.1300,71,2
2026-06-02,601318,14:22:44,54.1400,102,1
2026-06-02,601318,14:22:47,54.1300,45,2
2026-06-02,601318,14:22:50,54.1300,71,1
2026-06-02,601318,14:22:53,54.1300,23,1
2026-06-02,601318,14:22:56,54.1300,46,1
2026-06-02,601318,14:22:59,54.1300,211,1
2026-06-02,601318,14:23:02,54.1200,9,2
2026-06-02,601318,14:23:05,54.1300,42,1
2026-06-02,601318,14:23:08,54.1300,12,1
2026-06-02,601318,14:23:11,54.1300,154,1
2026-06-02,601318,14:23:14,54.1300,22,1
2026-06-02,601318,14:23:17,54.1300,20,1
2026-06-02,601318,14:23:20,54.1200,193,2
2026-06-02,601318,14:23:23,54.1300,13,1
2026-06-02,601318,14:23:26,54.1300,169,1
2026-06-02,601318,14:23:29,54.1200,148,2
2026-06-02,601318,14:23:32,54.1300,73,2
2026-06-02,601318,14:23:35,54.1300,36,2
2026-06-02,601318,14:23:38,54.1300,40,1
2026-06-02,601318,14:23:41,54.1200,313,2
2026-06-02,601318,14:23:44,54.1200,53,1
2026-06-02,601318,14:23:47,54.1200,66,2
2026-06-02,601318,14:23:50,54.1300,47,1
2026-06-02,601318,14:23:53,54.1200,4,2
2026-06-02,601318,14:23:56,54.1200,238,2
2026-06-02,601318,14:23:59,54.1100,543,2
2026-06-02,601318,14:24:02,54.1100,88,1
2026-06-02,601318,14:24:05,54.1200,92,1
2026-06-02,601318,14:24:08,54.1200,14,1
2026-06-02,601318,14:24:11,54.1200,182,1
2026-06-02,601318,14:24:14,54.1100,101,2
2026-06-02,601318,14:24:17,54.1200,92,1
2026-06-02,601318,14:24:20,54.1100,1,4
2026-06-02,601318,14:24:23,54.1100,38,1
2026-06-02,601318,14:24:26,54.1100,38,1
2026-06-02,601318,14:24:29,54.1100,20,1
2026-06-02,601318,14:24:32,54.1000,68,2
2026-06-02,601318,14:24:35,54.1000,87,2
2026-06-02,601318,14:24:38,54.1100,22,1
2026-06-02,601318,14:24:41,54.1100,47,1
2026-06-02,601318,14:24:44,54.1100,74,1
2026-06-02,601318,14:24:47,54.1200,4,1
2026-06-02,601318,14:24:50,54.1200,82,1
2026-06-02,601318,14:24:53,54.1100,9,2
2026-06-02,601318,14:24:56,54.1200,12,1
2026-06-02,601318,14:24:59,54.1200,30,1
2026-06-02,601318,14:25:02,54.1100,187,2
2026-06-02,601318,14:25:05,54.1200,5,1
2026-06-02,601318,14:25:08,54.1100,38,2
2026-06-02,601318,14:25:11,54.1200,16,1
2026-06-02,601318,14:25:14,54.1100,9,2
2026-06-02,601318,14:25:17,54.1200,20,1
2026-06-02,601318,14:25:20,54.1100,28,2
2026-06-02,601318,14:25:23,54.1200,9,1
2026-06-02,601318,14:25:26,54.1200,10,1
2026-06-02,601318,14:25:29,54.1200,107,1
2026-06-02,601318,14:25:32,54.1200,36,1
2026-06-02,601318,14:25:35,54.1200,14,1
2026-06-02,601318,14:25:38,54.1200,20,1
2026-06-02,601318,14:25:41,54.1200,2,1
2026-06-02,601318,14:25:44,54.1200,15,1
2026-06-02,601318,14:25:47,54.1200,74,1
2026-06-02,601318,14:25:50,54.1200,255,1
2026-06-02,601318,14:25:53,54.1200,298,1
2026-06-02,601318,14:25:56,54.1200,11,2
2026-06-02,601318,14:25:59,54.1200,80,2
2026-06-02,601318,14:26:02,54.1200,49,2
2026-06-02,601318,14:26:05,54.1300,72,1
2026-06-02,601318,14:26:08,54.1300,179,1
2026-06-02,601318,14:26:11,54.1300,91,2
2026-06-02,601318,14:26:14,54.1300,18,2
2026-06-02,601318,14:26:17,54.1400,5,1
2026-06-02,601318,14:26:20,54.1300,75,2
2026-06-02,601318,14:26:23,54.1300,5,2
2026-06-02,601318,14:26:26,54.1400,7,1
2026-06-02,601318,14:26:29,54.1400,84,1
2026-06-02,601318,14:26:32,54.1300,76,2
2026-06-02,601318,14:26:35,54.1400,216,1
2026-06-02,601318,14:26:38,54.1400,19,1
2026-06-02,601318,14:26:41,54.1300,337,2
2026-06-02,601318,14:26:44,54.1400,9,1
2026-06-02,601318,14:26:47,54.1300,33,2
2026-06-02,601318,14:26:50,54.1300,71,2
2026-06-02,601318,14:26:53,54.1300,12,2
2026-06-02,601318,14:26:56,54.1400,22,1
2026-06-02,601318,14:26:59,54.1400,241,1
2026-06-02,601318,14:27:02,54.1400,67,2
2026-06-02,601318,14:27:05,54.1400,82,2
2026-06-02,601318,14:27:08,54.1500,42,1
2026-06-02,601318,14:27:11,54.1500,120,1
2026-06-02,601318,14:27:14,54.1500,16,1
2026-06-02,601318,14:27:17,54.1400,298,2
2026-06-02,601318,14:27:20,54.1400,142,2
2026-06-02,601318,14:27:23,54.1400,38,2
2026-06-02,601318,14:27:26,54.1400,39,2
2026-06-02,601318,14:27:29,54.1500,227,1
2026-06-02,601318,14:27:32,54.1400,114,2
2026-06-02,601318,14:27:35,54.1400,82,1
2026-06-02,601318,14:27:38,54.1400,14,1
2026-06-02,601318,14:27:41,54.1400,224,1
2026-06-02,601318,14:27:44,54.1300,226,2
2026-06-02,601318,14:27:47,54.1300,37,2
2026-06-02,601318,14:27:50,54.1300,44,1
2026-06-02,601318,14:27:53,54.1400,21,1
2026-06-02,601318,14:27:56,54.1300,23,1
2026-06-02,601318,14:27:59,54.1300,252,1
2026-06-02,601318,14:28:02,54.1300,38,1
2026-06-02,601318,14:28:05,54.1300,36,1
2026-06-02,601318,14:28:08,54.1300,376,1
2026-06-02,601318,14:28:11,54.1300,160,1
2026-06-02,601318,14:28:14,54.1300,33,1
2026-06-02,601318,14:28:17,54.1300,21,1
2026-06-02,601318,14:28:20,54.1300,117,1
2026-06-02,601318,14:28:23,54.1300,93,1
2026-06-02,601318,14:28:26,54.1300,32,1
2026-06-02,601318,14:28:29,54.1300,388,1
2026-06-02,601318,14:28:32,54.1300,22,2
2026-06-02,601318,14:28:35,54.1300,24,2
2026-06-02,601318,14:28:38,54.1400,85,1
2026-06-02,601318,14:28:41,54.1400,155,1
2026-06-02,601318,14:28:44,54.1300,361,2
2026-06-02,601318,14:28:47,54.1300,106,2
2026-06-02,601318,14:28:50,54.1300,15,2
2026-06-02,601318,14:28:53,54.1400,267,1
2026-06-02,601318,14:28:56,54.1300,15,1
2026-06-02,601318,14:28:59,54.1200,189,2
2026-06-02,601318,14:29:02,54.1200,170,2
2026-06-02,601318,14:29:05,54.1200,69,2
2026-06-02,601318,14:29:08,54.1300,91,1
2026-06-02,601318,14:29:11,54.1300,105,2
2026-06-02,601318,14:29:14,54.1300,102,1
2026-06-02,601318,14:29:17,54.1200,5,2
2026-06-02,601318,14:29:20,54.1200,205,2
2026-06-02,601318,14:29:23,54.1200,17,4
2026-06-02,601318,14:29:26,54.1200,4,4
2026-06-02,601318,14:29:29,54.1300,20,1
2026-06-02,601318,14:29:32,54.1200,29,2
2026-06-02,601318,14:29:35,54.1200,32,2
2026-06-02,601318,14:29:38,54.1200,4,2
2026-06-02,601318,14:29:41,54.1200,111,2
2026-06-02,601318,14:29:44,54.1200,2,2
2026-06-02,601318,14:29:47,54.1200,8,2
2026-06-02,601318,14:29:50,54.1300,136,1
2026-06-02,601318,14:29:53,54.1300,41,1
2026-06-02,601318,14:29:56,54.1200,12,2
2026-06-02,601318,14:29:59,54.1200,134,2
2026-06-02,601318,14:30:02,54.1200,32,2
2026-06-02,601318,14:30:05,54.1300,11,1
2026-06-02,601318,14:30:08,54.1200,11,2
2026-06-02,601318,14:30:11,54.1200,555,2
2026-06-02,601318,14:30:14,54.1200,152,2
2026-06-02,601318,14:30:17,54.1200,141,2
2026-06-02,601318,14:30:20,54.1200,24,1
2026-06-02,601318,14:30:23,54.1200,58,2
2026-06-02,601318,14:30:26,54.1300,34,1
2026-06-02,601318,14:30:29,54.1100,173,2
2026-06-02,601318,14:30:32,54.1200,28,4
2026-06-02,601318,14:30:35,54.1100,33,2
2026-06-02,601318,14:30:38,54.1200,76,1
2026-06-02,601318,14:30:41,54.1200,911,1
2026-06-02,601318,14:30:44,54.1100,157,2
2026-06-02,601318,14:30:47,54.1300,16,1
2026-06-02,601318,14:30:50,54.1200,15,2
2026-06-02,601318,14:30:53,54.1200,10,2
2026-06-02,601318,14:30:56,54.1300,12,1
2026-06-02,601318,14:30:59,54.1300,41,1
2026-06-02,601318,14:31:02,54.1300,205,1
2026-06-02,601318,14:31:05,54.1200,6,2
2026-06-02,601318,14:31:08,54.1300,46,1
2026-06-02,601318,14:31:11,54.1400,266,1
2026-06-02,601318,14:31:14,54.1400,9,1
2026-06-02,601318,14:31:17,54.1400,5,1
2026-06-02,601318,14:31:20,54.1400,44,1
2026-06-02,601318,14:31:23,54.1400,135,1
2026-06-02,601318,14:31:26,54.1400,10,2
2026-06-02,601318,14:31:29,54.1300,263,2
2026-06-02,601318,14:31:32,54.1300,74,2
2026-06-02,601318,14:31:35,54.1300,78,2
2026-06-02,601318,14:31:38,54.1300,115,2
2026-06-02,601318,14:31:41,54.1200,49,2
2026-06-02,601318,14:31:44,54.1300,86,1
2026-06-02,601318,14:31:47,54.1200,24,2
2026-06-02,601318,14:31:50,54.1200,208,2
2026-06-02,601318,14:31:53,54.1200,7,2
2026-06-02,601318,14:31:56,54.1300,32,1
2026-06-02,601318,14:31:59,54.1300,42,1
2026-06-02,601318,14:32:02,54.1300,160,1
2026-06-02,601318,14:32:05,54.1300,15,1
2026-06-02,601318,14:32:08,54.1200,1,2
2026-06-02,601318,14:32:11,54.1200,178,2
2026-06-02,601318,14:32:14,54.1300,11,1
2026-06-02,601318,14:32:17,54.1300,21,1
2026-06-02,601318,14:32:20,54.1300,811,1
2026-06-02,601318,14:32:23,54.1300,16,2
2026-06-02,601318,14:32:26,54.1300,7,2
2026-06-02,601318,14:32:29,54.1500,242,1
2026-06-02,601318,14:32:32,54.1500,20,2
2026-06-02,601318,14:32:35,54.1400,41,2
2026-06-02,601318,14:32:38,54.1500,43,1
2026-06-02,601318,14:32:41,54.1400,95,4
2026-06-02,601318,14:32:44,54.1400,72,1
2026-06-02,601318,14:32:47,54.1400,43,4
2026-06-02,601318,14:32:50,54.1300,135,2
2026-06-02,601318,14:32:53,54.1300,340,1
2026-06-02,601318,14:32:56,54.1100,383,2
2026-06-02,601318,14:32:59,54.1100,1140,2
2026-06-02,601318,14:33:02,54.1100,305,1
2026-06-02,601318,14:33:05,54.1100,104,1
2026-06-02,601318,14:33:08,54.1100,420,2
2026-06-02,601318,14:33:11,54.1100,17,2
2026-06-02,601318,14:33:14,54.1200,18,4
2026-06-02,601318,14:33:17,54.1300,7,1
2026-06-02,601318,14:33:20,54.1200,196,2
2026-06-02,601318,14:33:23,54.1300,5,1
2026-06-02,601318,14:33:26,54.1300,76,1
2026-06-02,601318,14:33:29,54.1400,26,1
2026-06-02,601318,14:33:32,54.1400,33,2
2026-06-02,601318,14:33:35,54.1500,35,1
2026-06-02,601318,14:33:38,54.1500,41,1
2026-06-02,601318,14:33:41,54.1500,100,1
2026-06-02,601318,14:33:44,54.1600,11,1
2026-06-02,601318,14:33:47,54.1700,22,1
2026-06-02,601318,14:33:50,54.1600,49,2
2026-06-02,601318,14:33:53,54.1700,55,1
2026-06-02,601318,14:33:56,54.1700,30,1
2026-06-02,601318,14:33:59,54.1700,20,1
2026-06-02,601318,14:34:02,54.1700,213,1
2026-06-02,601318,14:34:05,54.1600,52,2
2026-06-02,601318,14:34:08,54.1800,82,1
2026-06-02,601318,14:34:11,54.1800,106,1
2026-06-02,601318,14:34:14,54.1900,28,1
2026-06-02,601318,14:34:17,54.1900,4,1
2026-06-02,601318,14:34:20,54.1800,102,2
2026-06-02,601318,14:34:23,54.1700,133,2
2026-06-02,601318,14:34:26,54.1600,119,2
2026-06-02,601318,14:34:29,54.1700,122,1
2026-06-02,601318,14:34:32,54.1700,146,1
2026-06-02,601318,14:34:35,54.1700,22,2
2026-06-02,601318,14:34:38,54.1700,11,2
2026-06-02,601318,14:34:41,54.1700,123,2
2026-06-02,601318,14:34:44,54.1700,53,1
2026-06-02,601318,14:34:47,54.1700,54,1
2026-06-02,601318,14:34:50,54.1700,142,1
2026-06-02,601318,14:34:53,54.1500,199,2
2026-06-02,601318,14:34:56,54.1300,294,2
2026-06-02,601318,14:34:59,54.1500,26,1
2026-06-02,601318,14:35:02,54.1300,182,2
2026-06-02,601318,14:35:05,54.1300,51,2
2026-06-02,601318,14:35:08,54.1400,41,1
2026-06-02,601318,14:35:11,54.1400,119,1
2026-06-02,601318,14:35:14,54.1400,126,2
2026-06-02,601318,14:35:17,54.1500,48,1
2026-06-02,601318,14:35:20,54.1500,106,1
2026-06-02,601318,14:35:23,54.1600,233,1
2026-06-02,601318,14:35:26,54.1800,128,1
2026-06-02,601318,14:35:29,54.1800,58,2
2026-06-02,601318,14:35:32,54.1700,15,2
2026-06-02,601318,14:35:35,54.1800,29,1
2026-06-02,601318,14:35:38,54.1800,8,1
2026-06-02,601318,14:35:41,54.1800,35,1
2026-06-02,601318,14:35:44,54.1800,21,1
2026-06-02,601318,14:35:47,54.1800,21,1
2026-06-02,601318,14:35:50,54.1800,195,1
2026-06-02,601318,14:35:53,54.1800,76,1
2026-06-02,601318,14:35:56,54.1800,2,2
2026-06-02,601318,14:35:59,54.1800,193,2
2026-06-02,601318,14:36:02,54.1800,60,1
2026-06-02,601318,14:36:05,54.1800,258,1
2026-06-02,601318,14:36:08,54.1800,56,1
2026-06-02,601318,14:36:11,54.1700,347,2
2026-06-02,601318,14:36:14,54.1800,91,1
2026-06-02,601318,14:36:17,54.1700,19,4
2026-06-02,601318,14:36:20,54.1600,264,2
2026-06-02,601318,14:36:23,54.1700,106,1
2026-06-02,601318,14:36:26,54.1700,23,1
2026-06-02,601318,14:36:29,54.1700,87,1
2026-06-02,601318,14:36:32,54.1800,146,1
2026-06-02,601318,14:36:35,54.1800,37,1
2026-06-02,601318,14:36:38,54.1800,72,1
2026-06-02,601318,14:36:41,54.1800,42,1
2026-06-02,601318,14:36:44,54.1700,12,2
2026-06-02,601318,14:36:47,54.1800,52,1
2026-06-02,601318,14:36:50,54.1800,95,1
2026-06-02,601318,14:36:53,54.1800,20,1
2026-06-02,601318,14:36:56,54.1700,16,2
2026-06-02,601318,14:36:59,54.1700,34,2
2026-06-02,601318,14:37:02,54.1700,248,2
2026-06-02,601318,14:37:05,54.1600,161,2
2026-06-02,601318,14:37:08,54.1500,216,2
2026-06-02,601318,14:37:11,54.1500,124,2
2026-06-02,601318,14:37:14,54.1500,70,2
2026-06-02,601318,14:37:17,54.1600,3,1
2026-06-02,601318,14:37:20,54.1500,50,2
2026-06-02,601318,14:37:23,54.1600,55,1
2026-06-02,601318,14:37:26,54.1600,46,2
2026-06-02,601318,14:37:29,54.1600,23,2
2026-06-02,601318,14:37:32,54.1700,163,1
2026-06-02,601318,14:37:35,54.1700,13,1
2026-06-02,601318,14:37:38,54.1600,64,2
2026-06-02,601318,14:37:41,54.1600,54,2
2026-06-02,601318,14:37:44,54.1700,11,1
2026-06-02,601318,14:37:47,54.1700,24,1
2026-06-02,601318,14:37:50,54.1800,265,1
2026-06-02,601318,14:37:53,54.1700,90,2
2026-06-02,601318,14:37:56,54.1700,39,2
2026-06-02,601318,14:37:59,54.1900,210,1
2026-06-02,601318,14:38:02,54.1900,122,1
2026-06-02,601318,14:38:05,54.1900,74,1
2026-06-02,601318,14:38:08,54.2000,55,1
2026-06-02,601318,14:38:11,54.1900,57,2
2026-06-02,601318,14:38:14,54.2000,14,1
2026-06-02,601318,14:38:17,54.2000,62,1
2026-06-02,601318,14:38:20,54.2000,76,1
2026-06-02,601318,14:38:23,54.2000,289,1
2026-06-02,601318,14:38:26,54.2000,19,1
2026-06-02,601318,14:38:29,54.2000,132,1
2026-06-02,601318,14:38:32,54.1900,222,2
2026-06-02,601318,14:38:35,54.1800,381,2
2026-06-02,601318,14:38:38,54.1900,49,1
2026-06-02,601318,14:38:41,54.2000,222,1
2026-06-02,601318,14:38:44,54.1900,8,4
2026-06-02,601318,14:38:47,54.1900,8,1
2026-06-02,601318,14:38:50,54.1900,94,1
2026-06-02,601318,14:38:53,54.1900,66,1
2026-06-02,601318,14:38:56,54.1800,76,2
2026-06-02,601318,14:38:59,54.1800,36,2
2026-06-02,601318,14:39:02,54.1900,175,1
2026-06-02,601318,14:39:05,54.1800,48,2
2026-06-02,601318,14:39:08,54.1800,55,1
2026-06-02,601318,14:39:11,54.1900,40,1
2026-06-02,601318,14:39:14,54.1900,46,1
2026-06-02,601318,14:39:17,54.1800,99,2
2026-06-02,601318,14:39:20,54.1800,78,2
2026-06-02,601318,14:39:23,54.1800,64,2
2026-06-02,601318,14:39:26,54.1800,93,2
2026-06-02,601318,14:39:29,54.1800,24,1
2026-06-02,601318,14:39:32,54.1800,147,2
2026-06-02,601318,14:39:35,54.1800,36,1
2026-06-02,601318,14:39:38,54.1700,166,2
2026-06-02,601318,14:39:41,54.1700,107,2
2026-06-02,601318,14:39:44,54.1700,120,1
2026-06-02,601318,14:39:47,54.1800,35,1
2026-06-02,601318,14:39:50,54.1700,87,2
2026-06-02,601318,14:39:53,54.1700,17,1
2026-06-02,601318,14:39:56,54.1600,51,2
2026-06-02,601318,14:39:59,54.1700,22,1
2026-06-02,601318,14:40:02,54.1600,49,2
2026-06-02,601318,14:40:05,54.1700,82,1
2026-06-02,601318,14:40:08,54.1600,69,2
2026-06-02,601318,14:40:11,54.1600,181,1
2026-06-02,601318,14:40:14,54.1700,219,1
2026-06-02,601318,14:40:17,54.1800,126,1
2026-06-02,601318,14:40:20,54.1700,44,2
2026-06-02,601318,14:40:23,54.1700,77,2
2026-06-02,601318,14:40:26,54.1800,37,4
2026-06-02,601318,14:40:29,54.1900,144,1
2026-06-02,601318,14:40:32,54.1900,56,1
2026-06-02,601318,14:40:35,54.1800,65,2
2026-06-02,601318,14:40:38,54.1800,464,1
2026-06-02,601318,14:40:41,54.1700,288,2
2026-06-02,601318,14:40:44,54.1800,198,1
2026-06-02,601318,14:40:47,54.1800,552,1
2026-06-02,601318,14:40:50,54.1700,422,2
2026-06-02,601318,14:40:53,54.1800,87,1
2026-06-02,601318,14:40:56,54.1600,233,2
2026-06-02,601318,14:40:59,54.1700,70,4
2026-06-02,601318,14:41:02,54.1900,350,1
2026-06-02,601318,14:41:05,54.1800,107,2
2026-06-02,601318,14:41:08,54.1800,47,1
2026-06-02,601318,14:41:11,54.1800,205,1
2026-06-02,601318,14:41:14,54.1900,159,1
2026-06-02,601318,14:41:17,54.1800,33,2
2026-06-02,601318,14:41:20,54.1900,76,1
2026-06-02,601318,14:41:23,54.1900,48,1
2026-06-02,601318,14:41:26,54.1800,73,2
2026-06-02,601318,14:41:29,54.1900,18,1
2026-06-02,601318,14:41:32,54.1700,313,2
2026-06-02,601318,14:41:35,54.1700,655,1
2026-06-02,601318,14:41:38,54.1700,118,2
2026-06-02,601318,14:41:41,54.1700,87,1
2026-06-02,601318,14:41:44,54.1700,126,1
2026-06-02,601318,14:41:47,54.1700,180,1
2026-06-02,601318,14:41:50,54.1700,120,1
2026-06-02,601318,14:41:53,54.1600,56,2
2026-06-02,601318,14:41:56,54.1600,557,1
2026-06-02,601318,14:41:59,54.1600,68,1
2026-06-02,601318,14:42:02,54.1500,122,2
2026-06-02,601318,14:42:05,54.1600,470,1
2026-06-02,601318,14:42:08,54.1600,17,2
2026-06-02,601318,14:42:11,54.1600,479,2
2026-06-02,601318,14:42:14,54.1600,100,2
2026-06-02,601318,14:42:17,54.1600,134,1
2026-06-02,601318,14:42:20,54.1500,29,2
2026-06-02,601318,14:42:23,54.1500,150,1
2026-06-02,601318,14:42:26,54.1500,28,1
2026-06-02,601318,14:42:29,54.1500,76,2
2026-06-02,601318,14:42:32,54.1600,94,1
2026-06-02,601318,14:42:35,54.1500,31,2
2026-06-02,601318,14:42:38,54.1500,54,2
2026-06-02,601318,14:42:41,54.1500,97,2
2026-06-02,601318,14:42:44,54.1500,55,2
2026-06-02,601318,14:42:47,54.1500,19,1
2026-06-02,601318,14:42:50,54.1400,38,2
2026-06-02,601318,14:42:53,54.1500,68,1
2026-06-02,601318,14:42:56,54.1400,74,2
2026-06-02,601318,14:42:59,54.1400,32,2
2026-06-02,601318,14:43:02,54.1400,190,1
2026-06-02,601318,14:43:05,54.1400,55,1
2026-06-02,601318,14:43:08,54.1300,122,2
2026-06-02,601318,14:43:11,54.1300,682,2
2026-06-02,601318,14:43:14,54.1200,40,2
2026-06-02,601318,14:43:17,54.1300,16,1
2026-06-02,601318,14:43:20,54.1200,86,2
2026-06-02,601318,14:43:23,54.1100,241,2
2026-06-02,601318,14:43:26,54.1300,8,1
2026-06-02,601318,14:43:29,54.1300,73,1
2026-06-02,601318,14:43:32,54.1200,223,2
2026-06-02,601318,14:43:35,54.1300,59,1
2026-06-02,601318,14:43:38,54.1400,6,1
2026-06-02,601318,14:43:41,54.1300,48,2
2026-06-02,601318,14:43:44,54.1300,75,2
2026-06-02,601318,14:43:47,54.1300,17,2
2026-06-02,601318,14:43:50,54.1400,51,1
2026-06-02,601318,14:43:53,54.1300,93,2
2026-06-02,601318,14:43:56,54.1300,32,1
2026-06-02,601318,14:43:59,54.1300,126,1
2026-06-02,601318,14:44:02,54.1400,219,1
2026-06-02,601318,14:44:05,54.1100,134,2
2026-06-02,601318,14:44:08,54.1400,156,1
2026-06-02,601318,14:44:11,54.1300,49,2
2026-06-02,601318,14:44:14,54.1200,237,2
2026-06-02,601318,14:44:17,54.1200,37,2
2026-06-02,601318,14:44:20,54.1200,292,1
2026-06-02,601318,14:44:23,54.1200,225,1
2026-06-02,601318,14:44:26,54.1100,128,2
2026-06-02,601318,14:44:29,54.1400,196,1
2026-06-02,601318,14:44:32,54.1300,71,2
2026-06-02,601318,14:44:35,54.1100,252,2
2026-06-02,601318,14:44:38,54.1200,60,4
2026-06-02,601318,14:44:41,54.1200,328,2
2026-06-02,601318,14:44:44,54.1200,86,2
2026-06-02,601318,14:44:47,54.1100,197,2
2026-06-02,601318,14:44:50,54.1200,190,1
2026-06-02,601318,14:44:53,54.1200,42,2
2026-06-02,601318,14:44:56,54.1300,83,1
2026-06-02,601318,14:44:59,54.1300,48,4
2026-06-02,601318,14:45:02,54.1200,191,2
2026-06-02,601318,14:45:05,54.1200,27,2
2026-06-02,601318,14:45:08,54.1200,142,2
2026-06-02,601318,14:45:11,54.1200,163,2
2026-06-02,601318,14:45:14,54.1200,17,1
2026-06-02,601318,14:45:17,54.1100,206,2
2026-06-02,601318,14:45:20,54.1500,329,1
2026-06-02,601318,14:45:23,54.1400,27,1
2026-06-02,601318,14:45:26,54.1600,137,1
2026-06-02,601318,14:45:29,54.1200,256,2
2026-06-02,601318,14:45:32,54.1200,72,1
2026-06-02,601318,14:45:35,54.1300,35,1
2026-06-02,601318,14:45:38,54.1100,186,2
2026-06-02,601318,14:45:41,54.1200,108,4
2026-06-02,601318,14:45:44,54.1200,84,2
2026-06-02,601318,14:45:47,54.1200,98,1
2026-06-02,601318,14:45:50,54.1100,70,2
2026-06-02,601318,14:45:53,54.1200,40,1
2026-06-02,601318,14:45:56,54.1200,81,1
2026-06-02,601318,14:45:59,54.1100,180,2
2026-06-02,601318,14:46:02,54.1100,111,2
2026-06-02,601318,14:46:05,54.1100,155,1
2026-06-02,601318,14:46:08,54.1100,183,1
2026-06-02,601318,14:46:11,54.1000,73,2
2026-06-02,601318,14:46:14,54.1100,2,2
2026-06-02,601318,14:46:17,54.1100,201,2
2026-06-02,601318,14:46:20,54.1100,143,1
2026-06-02,601318,14:46:23,54.1000,49,2
2026-06-02,601318,14:46:26,54.1100,20,1
2026-06-02,601318,14:46:29,54.1000,38,2
2026-06-02,601318,14:46:32,54.1000,179,2
2026-06-02,601318,14:46:35,54.1000,1508,2
2026-06-02,601318,14:46:38,54.1000,596,1
2026-06-02,601318,14:46:41,54.0900,198,1
2026-06-02,601318,14:46:44,54.0900,247,1
2026-06-02,601318,14:46:47,54.0900,443,1
2026-06-02,601318,14:46:50,54.0900,117,1
2026-06-02,601318,14:46:53,54.0900,77,1
2026-06-02,601318,14:46:56,54.0900,64,1
2026-06-02,601318,14:46:59,54.0900,15,1
2026-06-02,601318,14:47:02,54.0900,66,1
2026-06-02,601318,14:47:05,54.0900,48,1
2026-06-02,601318,14:47:08,54.0900,39,1
2026-06-02,601318,14:47:11,54.0900,242,1
2026-06-02,601318,14:47:14,54.0900,78,2
2026-06-02,601318,14:47:17,54.0900,32,1
2026-06-02,601318,14:47:20,54.1000,151,1
2026-06-02,601318,14:47:23,54.1000,101,2
2026-06-02,601318,14:47:26,54.1000,32,2
2026-06-02,601318,14:47:29,54.1000,36,1
2026-06-02,601318,14:47:32,54.1000,97,1
2026-06-02,601318,14:47:35,54.1000,66,1
2026-06-02,601318,14:47:38,54.1100,54,1
2026-06-02,601318,14:47:41,54.1100,77,1
2026-06-02,601318,14:47:44,54.1100,86,1
2026-06-02,601318,14:47:47,54.1000,46,2
2026-06-02,601318,14:47:50,54.1100,166,1
2026-06-02,601318,14:47:53,54.1200,122,1
2026-06-02,601318,14:47:56,54.1100,411,2
2026-06-02,601318,14:47:59,54.1000,156,2
2026-06-02,601318,14:48:02,54.1100,49,1
2026-06-02,601318,14:48:05,54.1100,79,1
2026-06-02,601318,14:48:08,54.1100,38,1
2026-06-02,601318,14:48:11,54.1200,185,1
2026-06-02,601318,14:48:14,54.1100,82,2
2026-06-02,601318,14:48:17,54.1200,23,1
2026-06-02,601318,14:48:20,54.1100,72,2
2026-06-02,601318,14:48:23,54.1200,53,1
2026-06-02,601318,14:48:26,54.1100,17,2
2026-06-02,601318,14:48:29,54.1100,56,2
2026-06-02,601318,14:48:32,54.1100,73,1
2026-06-02,601318,14:48:35,54.1000,111,2
2026-06-02,601318,14:48:38,54.1100,113,1
2026-06-02,601318,14:48:41,54.1100,9,2
2026-06-02,601318,14:48:44,54.1200,84,1
2026-06-02,601318,14:48:47,54.1200,32,1
2026-06-02,601318,14:48:50,54.1200,156,1
2026-06-02,601318,14:48:53,54.1200,179,1
2026-06-02,601318,14:48:56,54.1200,19,1
2026-06-02,601318,14:48:59,54.1200,19,1
2026-06-02,601318,14:49:02,54.1200,19,1
2026-06-02,601318,14:49:05,54.1100,44,2
2026-06-02,601318,14:49:08,54.1200,7,1
2026-06-02,601318,14:49:11,54.1200,145,1
2026-06-02,601318,14:49:14,54.1100,614,2
2026-06-02,601318,14:49:17,54.1000,184,2
2026-06-02,601318,14:49:20,54.1100,57,1
2026-06-02,601318,14:49:23,54.1100,89,2
2026-06-02,601318,14:49:26,54.1200,17,1
2026-06-02,601318,14:49:29,54.1200,59,1
2026-06-02,601318,14:49:32,54.1100,315,2
2026-06-02,601318,14:49:35,54.1000,39,2
2026-06-02,601318,14:49:38,54.1100,100,1
2026-06-02,601318,14:49:41,54.1100,140,1
2026-06-02,601318,14:49:44,54.1000,264,2
2026-06-02,601318,14:49:47,54.1100,207,1
2026-06-02,601318,14:49:50,54.1100,85,2
2026-06-02,601318,14:49:53,54.1100,200,2
2026-06-02,601318,14:49:56,54.1100,8,4
2026-06-02,601318,14:49:59,54.1100,22,1
2026-06-02,601318,14:50:02,54.1100,453,1
2026-06-02,601318,14:50:05,54.1000,404,2
2026-06-02,601318,14:50:08,54.1100,149,1
2026-06-02,601318,14:50:11,54.1100,154,1
2026-06-02,601318,14:50:14,54.1100,20,1
2026-06-02,601318,14:50:17,54.1000,9,2
2026-06-02,601318,14:50:20,54.1000,48,2
2026-06-02,601318,14:50:23,54.1000,133,2
2026-06-02,601318,14:50:26,54.1000,230,2
2026-06-02,601318,14:50:29,54.1100,112,1
2026-06-02,601318,14:50:32,54.1000,6,2
2026-06-02,601318,14:50:35,54.1000,189,2
2026-06-02,601318,14:50:38,54.1000,74,1
2026-06-02,601318,14:50:41,54.1000,140,1
2026-06-02,601318,14:50:44,54.1000,142,1
2026-06-02,601318,14:50:47,54.1000,219,1
2026-06-02,601318,14:50:50,54.1000,215,1
2026-06-02,601318,14:50:53,54.1000,70,1
2026-06-02,601318,14:50:56,54.1000,69,1
2026-06-02,601318,14:50:59,54.1000,133,1
2026-06-02,601318,14:51:02,54.1000,68,1
2026-06-02,601318,14:51:05,54.1000,89,1
2026-06-02,601318,14:51:08,54.1000,85,1
2026-06-02,601318,14:51:11,54.1000,373,1
2026-06-02,601318,14:51:14,54.1000,55,1
2026-06-02,601318,14:51:17,54.1000,38,1
2026-06-02,601318,14:51:20,54.1000,100,1
2026-06-02,601318,14:51:23,54.1000,44,2
2026-06-02,601318,14:51:26,54.1000,13,2
2026-06-02,601318,14:51:29,54.1000,133,2
2026-06-02,601318,14:51:32,54.1100,365,1
2026-06-02,601318,14:51:35,54.1400,291,1
2026-06-02,601318,14:51:38,54.1400,361,4
2026-06-02,601318,14:51:41,54.1100,48,2
2026-06-02,601318,14:51:44,54.1200,28,2
2026-06-02,601318,14:51:47,54.1100,48,2
2026-06-02,601318,14:51:50,54.1100,52,2
2026-06-02,601318,14:51:53,54.1200,84,1
2026-06-02,601318,14:51:56,54.1200,12,1
2026-06-02,601318,14:51:59,54.1200,268,2
2026-06-02,601318,14:52:02,54.1200,179,1
2026-06-02,601318,14:52:05,54.1200,577,1
2026-06-02,601318,14:52:08,54.1200,137,1
2026-06-02,601318,14:52:11,54.1100,273,2
2026-06-02,601318,14:52:14,54.1200,266,1
2026-06-02,601318,14:52:17,54.1300,113,1
2026-06-02,601318,14:52:20,54.1200,268,2
2026-06-02,601318,14:52:23,54.1300,55,1
2026-06-02,601318,14:52:26,54.1500,100,1
2026-06-02,601318,14:52:29,54.1200,159,2
2026-06-02,601318,14:52:32,54.1200,180,1
2026-06-02,601318,14:52:35,54.1200,114,4
2026-06-02,601318,14:52:38,54.1200,69,4
2026-06-02,601318,14:52:41,54.1200,38,4
2026-06-02,601318,14:52:44,54.1200,46,2
2026-06-02,601318,14:52:47,54.1200,274,1
2026-06-02,601318,14:52:50,54.1200,91,1
2026-06-02,601318,14:52:53,54.1100,84,2
2026-06-02,601318,14:52:56,54.1300,204,1
2026-06-02,601318,14:52:59,54.1100,177,2
2026-06-02,601318,14:53:02,54.1200,268,1
2026-06-02,601318,14:53:05,54.1100,332,2
2026-06-02,601318,14:53:08,54.1200,135,1
2026-06-02,601318,14:53:11,54.1100,207,1
2026-06-02,601318,14:53:14,54.1100,202,1
2026-06-02,601318,14:53:17,54.1100,102,1
2026-06-02,601318,14:53:20,54.1100,100,1
2026-06-02,601318,14:53:23,54.1100,49,1
2026-06-02,601318,14:53:26,54.1100,184,1
2026-06-02,601318,14:53:29,54.1100,64,2
2026-06-02,601318,14:53:32,54.1000,55,2
2026-06-02,601318,14:53:35,54.1100,48,2
2026-06-02,601318,14:53:38,54.1200,278,1
2026-06-02,601318,14:53:41,54.1200,32,4
2026-06-02,601318,14:53:44,54.1100,41,2
2026-06-02,601318,14:53:47,54.1100,171,2
2026-06-02,601318,14:53:50,54.1200,24,1
2026-06-02,601318,14:53:53,54.1100,60,2
2026-06-02,601318,14:53:56,54.1100,126,2
2026-06-02,601318,14:53:59,54.1200,13,1
2026-06-02,601318,14:54:02,54.1200,60,1
2026-06-02,601318,14:54:05,54.1100,132,2
2026-06-02,601318,14:54:08,54.1100,148,2
2026-06-02,601318,14:54:11,54.1200,126,1
2026-06-02,601318,14:54:14,54.1100,174,2
2026-06-02,601318,14:54:17,54.1100,140,2
2026-06-02,601318,14:54:20,54.1200,35,1
2026-06-02,601318,14:54:23,54.1200,253,1
2026-06-02,601318,14:54:26,54.1200,58,1
2026-06-02,601318,14:54:29,54.1200,138,1
2026-06-02,601318,14:54:32,54.1100,43,2
2026-06-02,601318,14:54:35,54.1200,88,1
2026-06-02,601318,14:54:38,54.1200,77,1
2026-06-02,601318,14:54:41,54.1200,135,1
2026-06-02,601318,14:54:44,54.1200,123,2
2026-06-02,601318,14:54:47,54.1100,892,2
2026-06-02,601318,14:54:50,54.1200,207,1
2026-06-02,601318,14:54:53,54.1100,110,2
2026-06-02,601318,14:54:56,54.1100,45,2
2026-06-02,601318,14:54:59,54.1200,17,4
2026-06-02,601318,14:55:02,54.1300,276,1
2026-06-02,601318,14:55:05,54.1200,180,2
2026-06-02,601318,14:55:08,54.1200,61,1
2026-06-02,601318,14:55:11,54.1200,66,1
2026-06-02,601318,14:55:14,54.1200,42,1
2026-06-02,601318,14:55:17,54.1200,241,2
2026-06-02,601318,14:55:20,54.1300,59,1
2026-06-02,601318,14:55:23,54.1300,28,1
2026-06-02,601318,14:55:26,54.1200,129,2
2026-06-02,601318,14:55:29,54.1300,88,2
2026-06-02,601318,14:55:32,54.1300,76,2
2026-06-02,601318,14:55:35,54.1300,420,1
2026-06-02,601318,14:55:38,54.1400,93,1
2026-06-02,601318,14:55:41,54.1300,871,2
2026-06-02,601318,14:55:44,54.1000,192,2
2026-06-02,601318,14:55:47,54.1100,195,2
2026-06-02,601318,14:55:50,54.1100,22,1
2026-06-02,601318,14:55:53,54.1000,64,2
2026-06-02,601318,14:55:56,54.1100,97,1
2026-06-02,601318,14:55:59,54.1100,46,1
2026-06-02,601318,14:56:02,54.1100,291,1
2026-06-02,601318,14:56:05,54.1100,87,1
2026-06-02,601318,14:56:08,54.1100,182,1
2026-06-02,601318,14:56:11,54.1100,201,1
2026-06-02,601318,14:56:14,54.1100,270,1
2026-06-02,601318,14:56:17,54.1100,68,1
2026-06-02,601318,14:56:20,54.1000,629,2
2026-06-02,601318,14:56:23,54.1100,255,1
2026-06-02,601318,14:56:26,54.1100,26,1
2026-06-02,601318,14:56:29,54.1100,88,1
2026-06-02,601318,14:56:32,54.1100,275,1
2026-06-02,601318,14:56:35,54.1100,402,2
2026-06-02,601318,14:56:38,54.1100,47,2
2026-06-02,601318,14:56:41,54.1100,16,2
2026-06-02,601318,14:56:44,54.1100,135,2
2026-06-02,601318,14:56:47,54.1300,92,1
2026-06-02,601318,14:56:50,54.1400,78,1
2026-06-02,601318,14:56:53,54.1200,416,2
2026-06-02,601318,14:56:56,54.1200,60,2
2026-06-02,601318,14:56:59,54.1200,28,1
2026-06-02,601318,14:57:02,54.1200,8,1
2026-06-02,601318,15:00:02,54.0800,8146,4
2026-06-02,601318,13:16:50,54.3800,1653,1
2026-06-02,601318,13:16:53,54.3600,105,2
2026-06-02,601318,13:16:56,54.3700,234,4
2026-06-02,601318,13:16:59,54.3800,113,1
2026-06-02,601318,13:17:02,54.3700,22,1
2026-06-02,601318,13:17:05,54.3700,134,2
2026-06-02,601318,13:17:08,54.4000,1420,1
2026-06-02,601318,13:17:11,54.4000,435,2
2026-06-02,601318,13:17:14,54.4200,146,1
2026-06-02,601318,13:17:17,54.4200,91,2
2026-06-02,601318,13:17:20,54.4200,419,1
2026-06-02,601318,13:17:23,54.4200,193,1
2026-06-02,601318,13:17:26,54.4000,68,2
2026-06-02,601318,13:17:29,54.3800,49,2
2026-06-02,601318,13:17:32,54.3800,83,1
2026-06-02,601318,13:17:35,54.3800,143,2
2026-06-02,601318,13:17:38,54.3900,141,1
2026-06-02,601318,13:17:41,54.3800,255,2
2026-06-02,601318,13:17:44,54.3800,90,1
2026-06-02,601318,13:17:47,54.3700,35,2
2026-06-02,601318,13:17:50,54.3700,132,2
2026-06-02,601318,13:17:53,54.3600,157,2
2026-06-02,601318,13:17:56,54.3500,208,2
2026-06-02,601318,13:17:59,54.3500,188,2
2026-06-02,601318,13:18:02,54.3400,214,2
2026-06-02,601318,13:18:05,54.3400,464,2
2026-06-02,601318,13:18:08,54.3700,335,1
2026-06-02,601318,13:18:11,54.3800,1040,1
2026-06-02,601318,13:18:14,54.4000,187,1
2026-06-02,601318,13:18:17,54.3700,55,2
2026-06-02,601318,13:18:20,54.4000,581,1
2026-06-02,601318,13:18:23,54.4200,105,1
2026-06-02,601318,13:18:26,54.3800,91,2
2026-06-02,601318,13:18:29,54.3900,163,4
2026-06-02,601318,13:18:32,54.4000,71,1
2026-06-02,601318,13:18:35,54.4000,111,2
2026-06-02,601318,13:18:38,54.4000,210,2
2026-06-02,601318,13:18:41,54.4000,263,2
2026-06-02,601318,13:18:44,54.4000,60,1
2026-06-02,601318,13:18:47,54.4000,161,1
2026-06-02,601318,13:18:50,54.3900,95,2
2026-06-02,601318,13:18:53,54.3700,339,2
2026-06-02,601318,13:18:56,54.3800,573,1
2026-06-02,601318,13:18:59,54.4000,87,1
2026-06-02,601318,13:19:02,54.3900,26,1
2026-06-02,601318,13:19:05,54.4300,1179,1
2026-06-02,601318,13:19:08,54.4000,365,2
2026-06-02,601318,13:19:11,54.4200,37,1
2026-06-02,601318,13:19:14,54.4100,25,4
2026-06-02,601318,13:19:17,54.4100,579,4
2026-06-02,601318,13:19:20,54.4000,241,2
2026-06-02,601318,13:19:23,54.3800,563,2
2026-06-02,601318,13:19:26,54.3800,563,1
2026-06-02,601318,13:19:29,54.3800,414,1
2026-06-02,601318,13:19:32,54.3700,606,2
2026-06-02,601318,13:19:35,54.3700,108,2
2026-06-02,601318,13:19:38,54.3700,124,1
2026-06-02,601318,13:19:41,54.3600,156,2
2026-06-02,601318,13:19:44,54.3600,790,2
2026-06-02,601318,13:19:47,54.3200,248,2
2026-06-02,601318,13:19:50,54.3100,213,2
2026-06-02,601318,13:19:53,54.3000,171,2
2026-06-02,601318,13:19:56,54.3000,246,2
2026-06-02,601318,13:19:59,54.3100,217,1
2026-06-02,601318,13:20:02,54.2800,97,2
2026-06-02,601318,13:20:05,54.2900,46,4
2026-06-02,601318,13:20:08,54.2800,30,2
2026-06-02,601318,13:20:11,54.2900,65,1
2026-06-02,601318,13:20:14,54.2900,95,1
2026-06-02,601318,13:20:17,54.3000,521,1
2026-06-02,601318,13:20:20,54.3000,217,2
2026-06-02,601318,13:20:23,54.3200,271,1
2026-06-02,601318,13:20:26,54.3400,78,1
2026-06-02,601318,13:20:29,54.3100,123,2
2026-06-02,601318,13:20:32,54.3100,177,2
2026-06-02,601318,13:20:35,54.3100,149,2
2026-06-02,601318,13:20:38,54.3100,134,2
2026-06-02,601318,13:20:41,54.3100,73,2
2026-06-02,601318,13:20:44,54.3400,51,1
2026-06-02,601318,13:20:47,54.3300,97,2
2026-06-02,601318,13:20:50,54.3300,85,1
2026-06-02,601318,13:20:53,54.3300,62,2
2026-06-02,601318,13:20:56,54.3300,34,2
2026-06-02,601318,13:20:59,54.3300,74,2
2026-06-02,601318,13:21:02,54.3300,90,2
2026-06-02,601318,13:21:05,54.3300,8,1
2026-06-02,601318,13:21:08,54.3200,443,2
2026-06-02,601318,13:21:11,54.3400,170,1
2026-06-02,601318,13:21:14,54.3300,28,1
2026-06-02,601318,13:21:17,54.3200,76,2
2026-06-02,601318,13:21:20,54.3300,83,4
2026-06-02,601318,13:21:23,54.3400,189,1
2026-06-02,601318,13:21:26,54.3300,61,2
2026-06-02,601318,13:21:29,54.3400,51,1
2026-06-02,601318,13:21:32,54.3300,65,2
2026-06-02,601318,13:21:35,54.3300,90,2
2026-06-02,601318,13:21:38,54.3300,59,1
2026-06-02,601318,13:21:41,54.3200,35,2
2026-06-02,601318,13:21:44,54.3300,35,1
2026-06-02,601318,13:21:47,54.3300,131,1
2026-06-02,601318,13:21:50,54.3200,111,2
2026-06-02,601318,13:21:53,54.3000,292,2
2026-06-02,601318,13:21:56,54.2900,65,2
2026-06-02,601318,13:21:59,54.2900,139,2
2026-06-02,601318,13:22:02,54.3000,51,1
2026-06-02,601318,13:22:05,54.2900,133,2
2026-06-02,601318,13:22:08,54.2900,18,1
2026-06-02,601318,13:22:11,54.2900,1635,1
2026-06-02,601318,13:22:14,54.3000,97,1
2026-06-02,601318,13:22:17,54.3000,133,2
2026-06-02,601318,13:22:20,54.3100,102,4
2026-06-02,601318,13:22:23,54.3200,48,1
2026-06-02,601318,13:22:26,54.3300,287,1
2026-06-02,601318,13:22:29,54.3300,86,2
2026-06-02,601318,13:22:32,54.3300,8,2
2026-06-02,601318,13:22:35,54.3400,85,1
2026-06-02,601318,13:22:38,54.3500,180,1
2026-06-02,601318,13:22:41,54.3500,143,1
2026-06-02,601318,13:22:44,54.3400,272,2
2026-06-02,601318,13:22:47,54.3500,313,1
2026-06-02,601318,13:22:50,54.3500,52,1
2026-06-02,601318,13:22:53,54.3500,60,1
2026-06-02,601318,13:22:56,54.3500,229,1
2026-06-02,601318,13:22:59,54.3500,103,1
2026-06-02,601318,13:23:02,54.3400,157,2
2026-06-02,601318,13:23:05,54.3400,45,1
2026-06-02,601318,13:23:08,54.3300,44,2
2026-06-02,601318,13:23:11,54.3200,173,2
2026-06-02,601318,13:23:14,54.3200,128,1
2026-06-02,601318,13:23:17,54.3200,23,1
2026-06-02,601318,13:23:20,54.3100,22,2
2026-06-02,601318,13:23:23,54.3100,60,2
2026-06-02,601318,13:23:26,54.3200,183,1
2026-06-02,601318,13:23:29,54.3200,24,2
2026-06-02,601318,13:23:32,54.3400,965,1
2026-06-02,601318,13:23:35,54.3500,128,2
2026-06-02,601318,13:23:38,54.3900,686,1
2026-06-02,601318,13:23:41,54.4000,994,1
2026-06-02,601318,13:23:44,54.4000,450,1
2026-06-02,601318,13:23:47,54.4000,635,2
2026-06-02,601318,13:23:50,54.4400,938,1
2026-06-02,601318,13:23:53,54.4200,549,2
2026-06-02,601318,13:23:56,54.4200,29,2
2026-06-02,601318,13:23:59,54.4200,786,2
2026-06-02,601318,13:24:02,54.4400,129,1
2026-06-02,601318,13:24:05,54.4500,830,1
2026-06-02,601318,13:24:08,54.4700,468,1
2026-06-02,601318,13:24:11,54.4800,1380,1
2026-06-02,601318,13:24:14,54.4900,1094,1
2026-06-02,601318,13:24:17,54.4900,1016,1
2026-06-02,601318,13:24:20,54.4900,5185,2
2026-06-02,601318,13:24:23,54.5000,859,1
2026-06-02,601318,13:24:26,54.4900,266,2
2026-06-02,601318,13:24:29,54.5000,582,1
2026-06-02,601318,13:24:32,54.5000,315,2
2026-06-02,601318,13:24:35,54.5000,211,2
2026-06-02,601318,13:24:38,54.5100,164,4
2026-06-02,601318,13:24:41,54.5000,218,2
2026-06-02,601318,13:24:44,54.5200,1088,1
2026-06-02,601318,13:24:47,54.5200,250,2
2026-06-02,601318,13:24:50,54.5300,226,1
2026-06-02,601318,13:24:53,54.5300,182,2
2026-06-02,601318,13:24:56,54.5300,251,2
2026-06-02,601318,13:24:59,54.5300,1567,2
2026-06-02,601318,13:25:02,54.5300,112,1
2026-06-02,601318,13:25:05,54.5300,82,1
2026-06-02,601318,13:25:08,54.5300,108,1
2026-06-02,601318,13:25:11,54.5000,567,2
2026-06-02,601318,13:25:14,54.5000,246,2
2026-06-02,601318,13:25:17,54.5000,288,2
2026-06-02,601318,13:25:20,54.4800,196,2
2026-06-02,601318,13:25:23,54.4800,144,2
2026-06-02,601318,13:25:26,54.4600,89,2
2026-06-02,601318,13:25:29,54.4800,216,1
2026-06-02,601318,13:25:32,54.4700,180,2
2026-06-02,601318,13:25:35,54.4700,64,2
2026-06-02,601318,13:25:38,54.4500,326,2
2026-06-02,601318,13:25:41,54.4700,40,1
2026-06-02,601318,13:25:44,54.4500,60,1
2026-06-02,601318,13:25:47,54.4600,71,2
2026-06-02,601318,13:25:50,54.4500,34,2
2026-06-02,601318,13:25:53,54.4600,420,1
2026-06-02,601318,13:25:56,54.4500,24,4
2026-06-02,601318,13:25:59,54.4500,117,1
2026-06-02,601318,13:26:02,54.4400,122,2
2026-06-02,601318,13:26:05,54.4400,66,2
2026-06-02,601318,13:26:08,54.4300,31,2
2026-06-02,601318,13:26:11,54.4300,20,2
2026-06-02,601318,13:26:14,54.4300,194,2
2026-06-02,601318,13:26:17,54.4300,39,2
2026-06-02,601318,13:26:20,54.4300,587,1
2026-06-02,601318,13:26:23,54.4200,24,2
2026-06-02,601318,13:26:26,54.4300,73,1
2026-06-02,601318,13:26:29,54.4400,61,1
2026-06-02,601318,13:26:32,54.4200,124,2
2026-06-02,601318,13:26:35,54.4100,123,2
2026-06-02,601318,13:26:38,54.4000,171,2
2026-06-02,601318,13:26:41,54.4000,122,2
2026-06-02,601318,13:26:44,54.3900,49,2
2026-06-02,601318,13:26:47,54.3900,88,1
2026-06-02,601318,13:26:50,54.3800,83,2
2026-06-02,601318,13:26:53,54.3800,131,2
2026-06-02,601318,13:26:56,54.3700,41,2
2026-06-02,601318,13:26:59,54.3700,47,2
2026-06-02,601318,13:27:02,54.3900,133,1
2026-06-02,601318,13:27:05,54.3800,86,2
2026-06-02,601318,13:27:08,54.3900,62,1
2026-06-02,601318,13:27:11,54.3800,16,2
2026-06-02,601318,13:27:14,54.3800,21,1
2026-06-02,601318,13:27:17,54.3700,92,2
2026-06-02,601318,13:27:20,54.3500,342,2
2026-06-02,601318,13:27:23,54.3400,166,2
2026-06-02,601318,13:27:26,54.3500,50,1
2026-06-02,601318,13:27:29,54.3500,37,1
2026-06-02,601318,13:27:32,54.3500,129,1
2026-06-02,601318,13:27:35,54.3500,86,1
2026-06-02,601318,13:27:38,54.3500,155,2
2026-06-02,601318,13:27:44,54.3500,26,2
2026-06-02,601318,13:27:47,54.3600,443,1
2026-06-02,601318,13:27:50,54.3700,60,1
2026-06-02,601318,13:27:53,54.3600,9,2
2026-06-02,601318,13:27:56,54.3600,114,2
2026-06-02,601318,13:27:59,54.3700,92,1
2026-06-02,601318,13:28:02,54.3700,310,1
2026-06-02,601318,13:28:05,54.3800,64,1
2026-06-02,601318,13:28:08,54.3800,76,2
2026-06-02,601318,13:28:11,54.3800,24,2
2026-06-02,601318,13:28:14,54.3900,131,1
2026-06-02,601318,13:28:17,54.3900,98,1
2026-06-02,601318,13:28:20,54.4000,8,1
2026-06-02,601318,13:28:23,54.4000,518,1
2026-06-02,601318,13:28:26,54.4000,40,1
2026-06-02,601318,13:28:29,54.4100,211,1
2026-06-02,601318,13:28:32,54.4100,22,1
2026-06-02,601318,13:28:35,54.4000,20,2
2026-06-02,601318,13:28:38,54.4000,99,2
2026-06-02,601318,13:28:41,54.4000,664,2
2026-06-02,601318,13:28:44,54.3800,505,2
2026-06-02,601318,13:28:47,54.3800,41,2
2026-06-02,601318,13:28:50,54.3900,116,1
2026-06-02,601318,13:28:53,54.3800,120,2
2026-06-02,601318,13:28:56,54.3900,230,4
2026-06-02,601318,13:28:59,54.4100,57,1
2026-06-02,601318,13:29:02,54.4400,127,1
2026-06-02,601318,13:29:05,54.4300,174,2
2026-06-02,601318,13:29:08,54.4400,111,1
2026-06-02,601318,13:29:11,54.4400,40,2
2026-06-02,601318,13:29:14,54.4500,229,1
2026-06-02,601318,13:29:17,54.4500,72,2
2026-06-02,601318,13:29:20,54.4500,35,1
2026-06-02,601318,13:29:23,54.4400,62,2
2026-06-02,601318,13:29:26,54.4300,198,2
2026-06-02,601318,13:29:29,54.4300,76,1
2026-06-02,601318,13:29:32,54.4300,13,2
2026-06-02,601318,13:29:35,54.4200,80,2
2026-06-02,601318,13:29:38,54.4100,141,2
2026-06-02,601318,13:29:41,54.4100,46,2
2026-06-02,601318,13:29:44,54.4100,63,2
2026-06-02,601318,13:29:47,54.4000,247,2
2026-06-02,601318,13:29:50,54.4000,107,2
2026-06-02,601318,13:29:53,54.4000,17,1
2026-06-02,601318,13:29:56,54.4000,63,1
2026-06-02,601318,13:29:59,54.3900,172,2
2026-06-02,601318,13:30:02,54.3900,19,2
2026-06-02,601318,13:30:05,54.3900,35,1
2026-06-02,601318,13:30:08,54.3800,128,2
2026-06-02,601318,13:30:11,54.3800,35,2
2026-06-02,601318,13:30:14,54.3800,42,1
2026-06-02,601318,13:30:17,54.3800,580,1
2026-06-02,601318,13:30:20,54.3800,155,1
2026-06-02,601318,13:30:23,54.3800,15,1
2026-06-02,601318,13:30:26,54.3800,18,1
2026-06-02,601318,13:30:29,54.3800,180,1
2026-06-02,601318,13:30:32,54.3800,47,2
2026-06-02,601318,13:30:35,54.3800,55,2
2026-06-02,601318,13:30:38,54.3900,55,1
2026-06-02,601318,13:30:41,54.3800,26,2
2026-06-02,601318,13:30:44,54.3800,17,1
2026-06-02,601318,13:30:47,54.3800,329,1
2026-06-02,601318,13:30:50,54.3700,291,2
2026-06-02,601318,13:30:53,54.3500,61,2
2026-06-02,601318,13:30:56,54.3500,11,2
2026-06-02,601318,13:30:59,54.3500,21,2
2026-06-02,601318,13:31:02,54.3500,74,2
2026-06-02,601318,13:31:05,54.3400,13,2
2026-06-02,601318,13:31:08,54.3400,42,2
2026-06-02,601318,13:31:11,54.3300,50,2
2026-06-02,601318,13:31:14,54.3400,489,1
2026-06-02,601318,13:31:17,54.3400,43,1
2026-06-02,601318,13:31:20,54.3300,56,2
2026-06-02,601318,13:31:23,54.3500,807,1
2026-06-02,601318,13:31:26,54.3700,200,1
2026-06-02,601318,13:31:29,54.3700,194,2
2026-06-02,601318,13:31:32,54.3700,181,2
2026-06-02,601318,13:31:35,54.3800,88,1
2026-06-02,601318,13:31:38,54.3800,6,1
2026-06-02,601318,13:31:41,54.3700,47,2
2026-06-02,601318,13:31:44,54.3700,27,1
2026-06-02,601318,13:31:47,54.3700,25,1
2026-06-02,601318,13:31:50,54.3600,24,2
2026-06-02,601318,13:31:53,54.3700,74,1
2026-06-02,601318,13:31:56,54.3700,133,2
2026-06-02,601318,13:31:59,54.3800,192,1
2026-06-02,601318,13:32:02,54.3800,41,1
2026-06-02,601318,13:32:05,54.3800,687,1
2026-06-02,601318,13:32:08,54.3900,127,4
2026-06-02,601318,13:32:11,54.4000,68,4
2026-06-02,601318,13:32:14,54.4100,23,4
2026-06-02,601318,13:32:17,54.4200,40,1
2026-06-02,601318,13:32:20,54.4200,9,1
2026-06-02,601318,13:32:23,54.4200,109,2
2026-06-02,601318,13:32:26,54.4300,103,2
2026-06-02,601318,13:32:29,54.4500,173,1
2026-06-02,601318,13:32:32,54.4300,127,2
2026-06-02,601318,13:32:35,54.4300,54,1
2026-06-02,601318,13:32:38,54.4300,99,1
2026-06-02,601318,13:32:41,54.4500,230,1
2026-06-02,601318,13:32:44,54.4300,153,2
2026-06-02,601318,13:32:47,54.4400,5,1
2026-06-02,601318,13:32:50,54.4300,138,2
2026-06-02,601318,13:32:53,54.4400,22,1
2026-06-02,601318,13:32:56,54.4300,62,2
2026-06-02,601318,13:32:59,54.4300,59,1
2026-06-02,601318,13:33:02,54.4400,247,1
2026-06-02,601318,13:33:05,54.4400,136,1
2026-06-02,601318,13:33:08,54.4400,61,2
2026-06-02,601318,13:33:11,54.4400,92,2
2026-06-02,601318,13:33:14,54.4400,277,2
2026-06-02,601318,13:33:17,54.4500,41,1
2026-06-02,601318,13:33:20,54.4500,226,1
2026-06-02,601318,13:33:23,54.4300,322,2
2026-06-02,601318,13:33:26,54.4400,11,1
2026-06-02,601318,13:33:29,54.4300,65,2
2026-06-02,601318,13:33:32,54.4300,40,1
2026-06-02,601318,13:33:35,54.4300,23,1
2026-06-02,601318,13:33:38,54.4400,105,1
2026-06-02,601318,13:33:41,54.4500,75,1
2026-06-02,601318,13:33:44,54.4400,114,2
2026-06-02,601318,13:33:47,54.4500,226,1
2026-06-02,601318,13:33:50,54.4500,58,1
2026-06-02,601318,13:33:53,54.4400,492,2
2026-06-02,601318,13:33:56,54.4400,70,1
2026-06-02,601318,13:33:59,54.4400,46,1
2026-06-02,601318,13:34:02,54.4300,131,2
2026-06-02,601318,13:34:05,54.4300,66,2
2026-06-02,601318,13:34:08,54.4200,78,2
2026-06-02,601318,13:34:11,54.4300,83,1
2026-06-02,601318,13:34:14,54.4300,74,1
2026-06-02,601318,13:34:17,54.4200,137,2
2026-06-02,601318,13:34:20,54.4200,39,1
2026-06-02,601318,13:34:23,54.4100,37,2
2026-06-02,601318,13:34:26,54.4000,164,2
2026-06-02,601318,13:34:29,54.4100,12,1
2026-06-02,601318,13:34:32,54.4000,243,2
2026-06-02,601318,13:34:35,54.4000,5,2
2026-06-02,601318,13:34:38,54.4100,67,1
2026-06-02,601318,13:34:41,54.4000,59,2
2026-06-02,601318,13:34:44,54.4000,159,1
2026-06-02,601318,13:34:47,54.4000,287,1
2026-06-02,601318,13:34:50,54.4000,143,2
2026-06-02,601318,13:34:53,54.4200,327,1
2026-06-02,601318,13:34:56,54.4200,50,1
2026-06-02,601318,13:34:59,54.4100,396,2
2026-06-02,601318,13:35:02,54.4200,41,4
2026-06-02,601318,13:35:05,54.4300,215,1
2026-06-02,601318,13:35:08,54.4300,50,1
2026-06-02,601318,13:35:11,54.4200,19,2
2026-06-02,601318,13:35:14,54.4200,95,2
2026-06-02,601318,13:35:17,54.4300,38,2
2026-06-02,601318,13:35:20,54.4300,65,2
2026-06-02,601318,13:35:23,54.4300,32,2
2026-06-02,601318,13:35:26,54.4400,101,1
2026-06-02,601318,13:35:29,54.4300,29,2
2026-06-02,601318,13:35:32,54.4400,108,1
2026-06-02,601318,13:35:35,54.4300,137,2
2026-06-02,601318,13:35:38,54.4300,65,2
2026-06-02,601318,13:35:41,54.4400,27,1
2026-06-02,601318,13:35:44,54.4400,30,1
2026-06-02,601318,13:35:47,54.4400,337,1
2026-06-02,601318,13:35:50,54.4400,202,1
2026-06-02,601318,13:35:53,54.4500,115,1
2026-06-02,601318,13:35:56,54.4300,206,2
2026-06-02,601318,13:35:59,54.4400,43,1
2026-06-02,601318,13:36:02,54.4400,54,1
2026-06-02,601318,13:36:05,54.4400,166,1
2026-06-02,601318,13:36:08,54.4300,64,2
2026-06-02,601318,13:36:11,54.4400,110,1
2026-06-02,601318,13:36:14,54.4500,69,1
2026-06-02,601318,13:36:17,54.4400,119,2
2026-06-02,601318,13:36:20,54.4400,38,2
2026-06-02,601318,13:36:23,54.4600,702,1
2026-06-02,601318,13:36:26,54.4500,517,2
2026-06-02,601318,13:36:29,54.4600,89,1
2026-06-02,601318,13:36:32,54.4600,51,2
2026-06-02,601318,13:36:35,54.4700,193,1
2026-06-02,601318,13:36:38,54.4700,69,1
2026-06-02,601318,13:36:41,54.4800,209,1
2026-06-02,601318,13:36:44,54.4800,223,1
2026-06-02,601318,13:36:47,54.4800,355,2
2026-06-02,601318,13:36:50,54.4900,204,1
2026-06-02,601318,13:36:53,54.5000,56,1
2026-06-02,601318,13:36:56,54.4900,193,2
2026-06-02,601318,13:36:59,54.4900,97,2
2026-06-02,601318,13:37:02,54.4900,97,2
2026-06-02,601318,13:37:05,54.4900,298,2
2026-06-02,601318,13:37:08,54.4900,102,1
2026-06-02,601318,13:37:11,54.4900,9,1
2026-06-02,601318,13:37:14,54.4800,21,2
2026-06-02,601318,13:37:17,54.4800,136,2
2026-06-02,601318,13:37:20,54.4800,48,2
2026-06-02,601318,13:37:23,54.4800,75,2
2026-06-02,601318,13:37:26,54.4800,247,2
2026-06-02,601318,13:37:29,54.4800,59,1
2026-06-02,601318,13:37:32,54.4700,23,2
2026-06-02,601318,13:37:35,54.4600,5,2
2026-06-02,601318,13:37:38,54.4400,562,2
2026-06-02,601318,13:37:41,54.4400,96,2
2026-06-02,601318,13:37:44,54.4400,51,2
2026-06-02,601318,13:37:47,54.4000,557,2
2026-06-02,601318,13:37:50,54.4000,121,2
2026-06-02,601318,13:37:53,54.4000,69,1
2026-06-02,601318,13:37:56,54.3900,77,2
2026-06-02,601318,13:37:59,54.3800,69,2
2026-06-02,601318,13:38:02,54.3800,57,2
2026-06-02,601318,13:38:05,54.3700,79,2
2026-06-02,601318,13:38:08,54.3700,21,2
2026-06-02,601318,13:38:11,54.3800,110,1
2026-06-02,601318,13:38:14,54.3600,163,2
2026-06-02,601318,13:38:17,54.3700,222,1
2026-06-02,601318,13:38:20,54.3700,11,2
2026-06-02,601318,13:38:23,54.3700,164,2
2026-06-02,601318,13:38:26,54.3800,177,1
2026-06-02,601318,13:38:29,54.3800,61,1
2026-06-02,601318,13:38:32,54.3800,35,2
2026-06-02,601318,13:38:35,54.3800,127,2
2026-06-02,601318,13:38:38,54.3900,53,1
2026-06-02,601318,13:38:41,54.3800,121,2
2026-06-02,601318,13:38:44,54.3700,58,2
2026-06-02,601318,13:38:47,54.3800,228,1
2026-06-02,601318,13:38:50,54.3700,48,4
2026-06-02,601318,13:38:53,54.3700,99,1
2026-06-02,601318,13:38:56,54.3600,50,2
2026-06-02,601318,13:38:59,54.3700,29,1
2026-06-02,601318,13:39:02,54.3700,44,1
2026-06-02,601318,13:39:05,54.3600,124,2
2026-06-02,601318,13:39:08,54.3600,28,2
2026-06-02,601318,13:39:11,54.3600,92,1
2026-06-02,601318,13:39:14,54.3500,134,2
2026-06-02,601318,13:39:17,54.3500,72,2
2026-06-02,601318,13:39:20,54.3400,69,2
2026-06-02,601318,13:39:23,54.3500,28,1
2026-06-02,601318,13:39:26,54.3400,103,2
2026-06-02,601318,13:39:29,54.3500,176,1
2026-06-02,601318,13:39:32,54.3400,81,2
2026-06-02,601318,13:39:35,54.3300,83,2
2026-06-02,601318,13:39:38,54.3400,120,1
2026-06-02,601318,13:39:41,54.3400,102,2
2026-06-02,601318,13:39:44,54.3500,308,1
2026-06-02,601318,13:39:47,54.3500,50,2
2026-06-02,601318,13:39:50,54.3600,86,1
2026-06-02,601318,13:39:53,54.3500,132,4
2026-06-02,601318,13:39:56,54.3600,164,1
2026-06-02,601318,13:39:59,54.3500,52,1
2026-06-02,601318,13:40:02,54.3600,305,1
2026-06-02,601318,13:40:05,54.3600,167,2
2026-06-02,601318,13:40:08,54.3800,75,1
2026-06-02,601318,13:40:11,54.3800,120,1
2026-06-02,601318,13:40:14,54.3800,33,1
2026-06-02,601318,13:40:17,54.3800,9,1
2026-06-02,601318,13:40:20,54.3800,43,1
2026-06-02,601318,13:40:23,54.3800,83,1
2026-06-02,601318,13:40:26,54.3600,177,2
2026-06-02,601318,13:40:29,54.3600,77,1
2026-06-02,601318,13:40:32,54.3800,41,1
2026-06-02,601318,13:40:35,54.3700,51,4
2026-06-02,601318,13:40:38,54.3800,148,1
2026-06-02,601318,13:40:41,54.3700,14,4
2026-06-02,601318,13:40:44,54.3800,60,1
2026-06-02,601318,13:40:47,54.3700,115,4
2026-06-02,601318,13:40:50,54.3600,17,2
2026-06-02,601318,13:40:53,54.3800,2,1
2026-06-02,601318,13:40:56,54.3700,118,1
2026-06-02,601318,13:40:59,54.3600,7,2
2026-06-02,601318,13:41:02,54.3600,36,2
2026-06-02,601318,13:41:05,54.3600,128,2
2026-06-02,601318,13:41:08,54.3600,67,2
2026-06-02,601318,13:41:11,54.3700,69,1
2026-06-02,601318,13:41:14,54.3600,29,2
2026-06-02,601318,13:41:17,54.3600,37,1
2026-06-02,601318,13:41:20,54.3500,64,2
2026-06-02,601318,13:41:23,54.3500,91,2
2026-06-02,601318,13:41:26,54.3500,98,2
2026-06-02,601318,13:41:29,54.3600,58,1
2026-06-02,601318,13:41:32,54.3500,62,1
2026-06-02,601318,13:41:35,54.3500,23,2
2026-06-02,601318,13:41:38,54.3600,63,1
2026-06-02,601318,13:41:41,54.3600,27,1
2026-06-02,601318,13:41:44,54.3500,3,2
2026-06-02,601318,13:41:47,54.3500,47,2
2026-06-02,601318,13:41:50,54.3500,21,2
2026-06-02,601318,13:41:53,54.3500,46,2
2026-06-02,601318,13:41:56,54.3500,75,2
2026-06-02,601318,13:41:59,54.3400,4,2
2026-06-02,601318,13:42:02,54.3500,67,1
2026-06-02,601318,13:42:05,54.3500,54,1
2026-06-02,601318,13:42:08,54.3600,144,1
2026-06-02,601318,13:42:11,54.3600,117,1
2026-06-02,601318,13:42:14,54.3600,68,2
2026-06-02,601318,13:42:17,54.3700,66,1
2026-06-02,601318,13:42:20,54.3600,49,4
2026-06-02,601318,13:42:23,54.3600,19,1
2026-06-02,601318,13:42:26,54.3500,182,2
2026-06-02,601318,13:42:29,54.3500,325,2
2026-06-02,601318,13:42:32,54.3600,36,1
2026-06-02,601318,13:42:35,54.3500,1033,2
2026-06-02,601318,13:42:38,54.3500,54,1
2026-06-02,601318,13:42:41,54.3500,14,1
2026-06-02,601318,13:42:44,54.3400,8,2
2026-06-02,601318,13:42:47,54.3500,111,1
2026-06-02,601318,13:42:50,54.3500,2,1
2026-06-02,601318,13:42:53,54.3400,29,2
2026-06-02,601318,13:42:56,54.3400,70,2
2026-06-02,601318,13:42:59,54.3400,50,2
2026-06-02,601318,13:43:02,54.3500,71,1
2026-06-02,601318,13:43:05,54.3500,970,1
2026-06-02,601318,13:43:08,54.3500,454,1
2026-06-02,601318,13:43:11,54.3400,12,2
2026-06-02,601318,13:43:14,54.3500,53,1
2026-06-02,601318,13:43:17,54.3400,452,2
2026-06-02,601318,13:43:20,54.3300,358,2
2026-06-02,601318,13:43:23,54.3100,203,2
2026-06-02,601318,13:43:26,54.3100,81,2
2026-06-02,601318,13:43:29,54.3100,48,2
2026-06-02,601318,13:43:32,54.3100,83,2
2026-06-02,601318,13:43:35,54.3200,41,1
2026-06-02,601318,13:43:38,54.3200,107,2
2026-06-02,601318,13:43:41,54.3200,19,4
2026-06-02,601318,13:43:44,54.3300,30,1
2026-06-02,601318,13:43:47,54.3200,103,2
2026-06-02,601318,13:43:50,54.3100,590,2
2026-06-02,601318,13:43:53,54.3100,39,1
2026-06-02,601318,13:43:56,54.2900,201,2
2026-06-02,601318,13:43:59,54.3000,35,1
2026-06-02,601318,13:44:02,54.2900,68,2
2026-06-02,601318,13:44:05,54.2900,44,2
2026-06-02,601318,13:44:08,54.2800,18,2
2026-06-02,601318,13:44:11,54.2900,137,1
2026-06-02,601318,13:44:14,54.2900,101,1
2026-06-02,601318,13:44:17,54.3000,180,1
2026-06-02,601318,13:44:20,54.2900,57,2
2026-06-02,601318,13:44:23,54.2700,42,2
2026-06-02,601318,13:44:26,54.2800,22,4
2026-06-02,601318,13:44:29,54.2800,45,4
2026-06-02,601318,13:44:32,54.2800,30,4
2026-06-02,601318,13:44:35,54.2800,31,2
2026-06-02,601318,13:44:38,54.2700,18,2
2026-06-02,601318,13:44:41,54.2700,139,2
2026-06-02,601318,13:44:44,54.2700,18,2
2026-06-02,601318,13:44:47,54.2700,22,2
2026-06-02,601318,13:44:50,54.2700,29,2
2026-06-02,601318,13:44:53,54.2800,210,1
2026-06-02,601318,13:44:56,54.2800,221,2
2026-06-02,601318,13:44:59,54.3100,56,1
2026-06-02,601318,13:45:02,54.2900,82,2
2026-06-02,601318,13:45:05,54.3000,32,1
2026-06-02,601318,13:45:08,54.2900,60,2
2026-06-02,601318,13:45:11,54.2900,88,2
2026-06-02,601318,13:45:14,54.2900,43,1
2026-06-02,601318,13:45:17,54.2900,468,2
2026-06-02,601318,13:45:20,54.2900,43,2
2026-06-02,601318,13:45:23,54.3100,56,1
2026-06-02,601318,13:45:26,54.3200,92,1
2026-06-02,601318,13:45:29,54.3000,55,2
2026-06-02,601318,13:45:32,54.3100,18,1
2026-06-02,601318,13:45:35,54.3000,8,2
2026-06-02,601318,13:45:38,54.3000,46,2
2026-06-02,601318,13:45:41,54.3000,27,2
2026-06-02,601318,13:45:44,54.3000,89,2
2026-06-02,601318,13:45:47,54.3000,10,1
2026-06-02,601318,13:45:50,54.2900,122,2
2026-06-02,601318,13:45:53,54.2900,21,1
2026-06-02,601318,13:45:56,54.2800,607,2
2026-06-02,601318,13:45:59,54.2800,7,1
2026-06-02,601318,13:46:02,54.2600,124,2
2026-06-02,601318,13:46:05,54.2600,46,1
2026-06-02,601318,13:46:08,54.2500,227,2
2026-06-02,601318,13:46:11,54.2500,64,2
2026-06-02,601318,13:46:14,54.2400,59,2
2026-06-02,601318,13:46:17,54.2300,153,2
2026-06-02,601318,13:46:20,54.2400,120,4
2026-06-02,601318,13:46:23,54.2400,138,1
2026-06-02,601318,13:46:26,54.2300,162,2
2026-06-02,601318,13:46:29,54.2300,271,1
2026-06-02,601318,13:46:32,54.2200,143,2
2026-06-02,601318,13:46:35,54.2200,35,2
2026-06-02,601318,13:46:38,54.2200,126,2
2026-06-02,601318,13:46:41,54.2200,108,2
2026-06-02,601318,13:46:44,54.2200,14,1
2026-06-02,601318,13:46:47,54.2100,261,2
2026-06-02,601318,13:46:50,54.2000,25,2
2026-06-02,601318,13:46:53,54.2000,41,2
2026-06-02,601318,13:46:56,54.2000,439,2
2026-06-02,601318,13:46:59,54.2000,336,2
2026-06-02,601318,13:47:02,54.2000,33,1
2026-06-02,601318,13:47:05,54.2000,38,1
2026-06-02,601318,13:47:08,54.1900,74,2
2026-06-02,601318,13:47:11,54.1900,160,2
2026-06-02,601318,13:47:14,54.1800,23,2
2026-06-02,601318,13:47:17,54.1800,378,2
2026-06-02,601318,13:47:20,54.1800,70,1
2026-06-02,601318,13:47:23,54.1600,2144,2
2026-06-02,601318,13:47:26,54.1700,134,1
2026-06-02,601318,13:47:29,54.1600,115,2
2026-06-02,601318,13:47:32,54.1600,297,2
2026-06-02,601318,13:47:35,54.1700,61,2
2026-06-02,601318,13:47:38,54.1800,180,1
2026-06-02,601318,13:47:41,54.1700,174,2
2026-06-02,601318,13:47:44,54.1800,95,1
2026-06-02,601318,13:47:47,54.1800,207,2
2026-06-02,601318,13:47:50,54.1900,159,1
2026-06-02,601318,13:47:53,54.1800,20,4
2026-06-02,601318,13:47:56,54.1800,158,1
2026-06-02,601318,13:47:59,54.1800,100,2
2026-06-02,601318,13:48:02,54.1700,897,2
2026-06-02,601318,13:48:05,54.1800,125,1
2026-06-02,601318,13:48:08,54.1900,80,1
2026-06-02,601318,13:48:11,54.1900,25,1
2026-06-02,601318,13:48:14,54.1900,32,1
2026-06-02,601318,13:48:17,54.1900,36,1
2026-06-02,601318,13:48:20,54.1900,119,1
2026-06-02,601318,13:48:23,54.1900,72,1
2026-06-02,601318,13:48:26,54.1800,145,2
2026-06-02,601318,13:48:29,54.1900,139,2
2026-06-02,601318,13:48:32,54.1900,18,2
2026-06-02,601318,13:48:35,54.2200,542,1
2026-06-02,601318,13:48:38,54.2100,106,4
2026-06-02,601318,13:48:41,54.2000,1465,2
2026-06-02,601318,13:48:44,54.2000,279,2
2026-06-02,601318,13:48:47,54.2000,31,1
2026-06-02,601318,13:48:50,54.2000,106,1
2026-06-02,601318,13:48:53,54.2000,119,2
2026-06-02,601318,13:48:56,54.2000,63,2
2026-06-02,601318,13:48:59,54.2000,22,2
2026-06-02,601318,13:49:02,54.2100,30,2
2026-06-02,601318,13:49:05,54.2100,73,2
2026-06-02,601318,13:49:08,54.2100,26,1
2026-06-02,601318,13:49:11,54.2100,67,1
2026-06-02,601318,13:49:14,54.2000,109,2
2026-06-02,601318,13:49:17,54.2000,84,2
2026-06-02,601318,13:49:20,54.1900,822,2
2026-06-02,601318,13:49:23,54.2000,273,1
2026-06-02,601318,13:49:26,54.1700,36,2
2026-06-02,601318,13:49:29,54.1800,13,4
2026-06-02,601318,13:49:32,54.2100,170,1
2026-06-02,601318,13:49:35,54.1800,88,2
2026-06-02,601318,13:49:38,54.2000,7,1
2026-06-02,601318,13:49:41,54.2000,7,2
2026-06-02,601318,13:49:44,54.1900,12,2
2026-06-02,601318,13:49:47,54.1900,40,2
2026-06-02,601318,13:49:50,54.1900,34,2
2026-06-02,601318,13:49:53,54.1900,18,1
2026-06-02,601318,13:49:56,54.1900,9,2
2026-06-02,601318,13:49:59,54.2000,102,1
2026-06-02,601318,13:50:02,54.2000,48,1
2026-06-02,601318,13:50:05,54.1900,34,2
2026-06-02,601318,13:50:08,54.1900,36,1
2026-06-02,601318,13:50:11,54.1900,120,1
2026-06-02,601318,13:50:14,54.1900,62,1
2026-06-02,601318,13:50:17,54.1900,62,2
2026-06-02,601318,13:50:20,54.2000,72,1
2026-06-02,601318,13:50:23,54.1900,9,2
2026-06-02,601318,13:50:26,54.1900,61,2
2026-06-02,601318,13:50:29,54.1900,19,2
2026-06-02,601318,13:50:32,54.1900,75,2
2026-06-02,601318,13:50:35,54.1900,214,2
2026-06-02,601318,13:50:38,54.2000,54,1
2026-06-02,601318,13:50:41,54.1600,1826,2
2026-06-02,601318,13:50:44,54.1600,86,1
2026-06-02,601318,13:50:47,54.1400,581,2
2026-06-02,601318,13:50:50,54.1300,247,2
2026-06-02,601318,13:50:53,54.1200,44,2
2026-06-02,601318,13:50:56,54.1200,359,2
2026-06-02,601318,13:50:59,54.1200,121,2
2026-06-02,601318,13:51:02,54.1300,289,1
2026-06-02,601318,13:51:05,54.1200,249,2
2026-06-02,601318,13:51:08,54.1300,943,1
2026-06-02,601318,13:51:11,54.1200,44,4
2026-06-02,601318,13:51:14,54.1200,23,2
2026-06-02,601318,13:51:17,54.1200,77,2
2026-06-02,601318,13:51:20,54.1200,96,2
2026-06-02,601318,13:51:23,54.1300,65,1
2026-06-02,601318,13:51:26,54.1200,31,2
2026-06-02,601318,13:51:29,54.1300,51,4
2026-06-02,601318,13:51:32,54.1300,203,1
2026-06-02,601318,13:51:35,54.1400,213,1
2026-06-02,601318,13:51:38,54.1300,95,2
2026-06-02,601318,13:51:41,54.1400,45,1
2026-06-02,601318,13:51:44,54.1300,41,2
2026-06-02,601318,13:51:47,54.1400,73,1
2026-06-02,601318,13:51:50,54.1600,578,1
2026-06-02,601318,13:51:53,54.1400,908,2
2026-06-02,601318,13:51:56,54.1300,447,2
2026-06-02,601318,13:51:59,54.1500,30,1
2026-06-02,601318,13:52:02,54.1500,54,2
2026-06-02,601318,13:52:05,54.1400,129,2
2026-06-02,601318,13:52:08,54.1400,1,2
2026-06-02,601318,13:52:11,54.1600,29,1
2026-06-02,601318,13:52:14,54.1400,373,2
2026-06-02,601318,13:52:17,54.1400,36,4
2026-06-02,601318,13:52:20,54.1300,125,2
2026-06-02,601318,13:52:23,54.1400,14,4
2026-06-02,601318,13:52:26,54.1500,486,1
2026-06-02,601318,13:52:29,54.0800,3164,2
2026-06-02,601318,13:52:32,54.1200,344,1
2026-06-02,601318,13:52:35,54.1200,110,2
2026-06-02,601318,13:52:38,54.1300,3,2
2026-06-02,601318,13:52:41,54.1300,8,2
2026-06-02,601318,13:52:44,54.1300,20,2
2026-06-02,601318,13:52:47,54.1300,44,1
2026-06-02,601318,13:52:50,54.1200,25,2
2026-06-02,601318,13:52:53,54.1300,15,1
2026-06-02,601318,13:52:56,54.1200,27,2
2026-06-02,601318,13:52:59,54.1300,96,1
2026-06-02,601318,13:53:02,54.1200,12,2
2026-06-02,601318,13:53:05,54.1300,96,1
2026-06-02,601318,13:53:08,54.1300,3,1
2026-06-02,601318,13:53:11,54.1300,59,1
2026-06-02,601318,13:53:14,54.1300,14,1
2026-06-02,601318,13:53:17,54.1200,204,2
2026-06-02,601318,13:53:20,54.1300,16,2
2026-06-02,601318,13:53:23,54.1400,6,1
2026-06-02,601318,13:53:26,54.1400,17,1
2026-06-02,601318,13:53:29,54.1300,306,2
2026-06-02,601318,13:53:32,54.1300,20,2
2026-06-02,601318,13:53:35,54.1300,90,1
2026-06-02,601318,13:53:38,54.1400,41,1
2026-06-02,601318,13:53:41,54.1300,9,2
2026-06-02,601318,13:53:44,54.1300,66,2
2026-06-02,601318,13:53:47,54.1300,38,1
2026-06-02,601318,13:53:50,54.1400,27,1
2026-06-02,601318,13:53:53,54.1300,2,2
2026-06-02,601318,13:53:56,54.1400,15,1
2026-06-02,601318,13:53:59,54.1300,66,2
2026-06-02,601318,13:54:02,54.1400,101,1
2026-06-02,601318,13:54:05,54.1400,76,1
2026-06-02,601318,13:54:08,54.1300,53,2
2026-06-02,601318,13:54:11,54.1500,17,1
2026-06-02,601318,13:54:14,54.1400,29,2
2026-06-02,601318,13:54:17,54.1400,19,4
2026-06-02,601318,13:54:20,54.1400,40,1
2026-06-02,601318,13:54:23,54.1300,46,2
2026-06-02,601318,13:54:26,54.1400,36,1
2026-06-02,601318,13:54:29,54.1300,320,2
2026-06-02,601318,13:54:32,54.1500,20,1
2026-06-02,601318,13:54:35,54.1600,26,1
2026-06-02,601318,13:54:38,54.1500,109,4
2026-06-02,601318,13:54:41,54.1300,291,2
2026-06-02,601318,13:54:44,54.1300,192,1
2026-06-02,601318,13:54:47,54.1300,327,1
2026-06-02,601318,13:54:50,54.1300,12,1
2026-06-02,601318,13:54:53,54.1300,37,2
2026-06-02,601318,13:54:56,54.1300,32,2
2026-06-02,601318,13:54:59,54.1300,28,2
2026-06-02,601318,13:55:02,54.1300,117,2
2026-06-02,601318,13:55:05,54.1500,11,1
2026-06-02,601318,13:55:08,54.1300,190,2
2026-06-02,601318,13:55:11,54.1400,11,1
2026-06-02,601318,13:55:14,54.1500,21,1
2026-06-02,601318,13:55:17,54.1500,22,1
2026-06-02,601318,13:55:20,54.1500,5,1
2026-06-02,601318,13:55:23,54.1500,23,1
2026-06-02,601318,13:55:26,54.1600,113,1
2026-06-02,601318,13:55:29,54.1500,289,2
2026-06-02,601318,13:55:32,54.1500,167,2
2026-06-02,601318,13:55:35,54.1500,23,2
2026-06-02,601318,13:55:38,54.1500,65,2
2026-06-02,601318,13:55:41,54.1500,20,2
2026-06-02,601318,13:55:44,54.1600,163,1
2026-06-02,601318,13:55:47,54.1500,22,2
2026-06-02,601318,13:55:50,54.1600,23,1
2026-06-02,601318,13:55:53,54.1500,66,2
2026-06-02,601318,13:55:56,54.1600,67,1
2026-06-02,601318,13:55:59,54.1700,132,1
2026-06-02,601318,13:56:02,54.1700,94,1
2026-06-02,601318,13:56:05,54.1800,20,1
2026-06-02,601318,13:56:08,54.1800,76,1
2026-06-02,601318,13:56:11,54.1700,218,2
2026-06-02,601318,13:56:14,54.1700,192,2
2026-06-02,601318,13:56:17,54.1600,598,2
2026-06-02,601318,13:56:20,54.1500,64,4
2026-06-02,601318,13:56:23,54.1500,111,1
2026-06-02,601318,13:56:26,54.1500,20,1
2026-06-02,601318,13:56:29,54.1500,361,1
2026-06-02,601318,13:56:32,54.1600,125,1
2026-06-02,601318,13:56:35,54.1500,113,2
2026-06-02,601318,13:56:38,54.1500,98,1
2026-06-02,601318,13:56:41,54.1500,91,1
2026-06-02,601318,13:56:44,54.1500,97,1
2026-06-02,601318,13:56:47,54.1400,85,2
2026-06-02,601318,13:56:50,54.1400,192,1
2026-06-02,601318,13:56:53,54.1300,22,2
2026-06-02,601318,13:56:59,54.1300,478,2
2026-06-02,601318,13:57:02,54.1400,81,1
2026-06-02,601318,13:57:05,54.1300,16,4
2026-06-02,601318,13:57:08,54.1200,42,2
2026-06-02,601318,13:57:11,54.1200,158,2
2026-06-02,601318,13:57:14,54.1400,96,1
2026-06-02,601318,13:57:17,54.1400,53,1
2026-06-02,601318,13:57:20,54.1300,61,4
2026-06-02,601318,13:57:23,54.1200,17,2
2026-06-02,601318,13:57:26,54.1300,6,1
2026-06-02,601318,13:57:29,54.1300,40,1
2026-06-02,601318,13:57:32,54.1200,15,2
2026-06-02,601318,13:57:35,54.1300,79,1
2026-06-02,601318,13:57:38,54.1300,53,2
2026-06-02,601318,13:57:41,54.1300,7,2
2026-06-02,601318,13:57:44,54.1300,17,2
2026-06-02,601318,13:57:47,54.1300,99,2
2026-06-02,601318,13:57:50,54.1300,28,2
2026-06-02,601318,13:57:53,54.1400,4,1
2026-06-02,601318,13:57:56,54.1400,6,1
2026-06-02,601318,13:57:59,54.1400,35,1
2026-06-02,601318,13:58:02,54.1400,11,1
2026-06-02,601318,13:58:05,54.1400,7,1
2026-06-02,601318,13:58:08,54.1400,141,1
2026-06-02,601318,13:58:11,54.1500,4,1
2026-06-02,601318,13:58:14,54.1400,2,2
2026-06-02,601318,13:58:17,54.1400,159,2
2026-06-02,601318,13:58:20,54.1400,277,2
2026-06-02,601318,13:58:23,54.1400,8,1
2026-06-02,601318,13:58:26,54.1400,106,1
2026-06-02,601318,13:58:29,54.1500,60,1
2026-06-02,601318,13:58:32,54.1400,4,2
2026-06-02,601318,13:58:35,54.1400,16,2
2026-06-02,601318,13:58:38,54.1500,143,1
2026-06-02,601318,13:58:41,54.1400,253,2
2026-06-02,601318,13:58:44,54.1300,43,2
2026-06-02,601318,13:58:47,54.1300,226,2
2026-06-02,601318,13:58:50,54.1300,156,2
2026-06-02,601318,13:58:53,54.1300,12,1
2026-06-02,601318,13:58:56,54.1400,194,1
2026-06-02,601318,13:58:59,54.1200,374,2
2026-06-02,601318,13:59:02,54.1300,78,1
2026-06-02,601318,13:59:05,54.1300,42,2
2026-06-02,601318,13:59:08,54.1300,93,2
2026-06-02,601318,13:59:11,54.1400,95,1
2026-06-02,601318,13:59:14,54.1400,5,1
2026-06-02,601318,13:59:17,54.1400,160,1
2026-06-02,601318,13:59:20,54.1400,36,1
2026-06-02,601318,13:59:23,54.1300,21,2
2026-06-02,601318,13:59:26,54.1400,15,1
2026-06-02,601318,13:59:29,54.1400,162,1
2026-06-02,601318,13:59:32,54.1300,51,2
2026-06-02,601318,13:59:35,54.1400,65,1
2026-06-02,601318,13:59:38,54.1300,71,2
2026-06-02,601318,13:59:41,54.1300,5,2
2026-06-02,601318,13:59:44,54.1300,3,2
2026-06-02,601318,13:59:47,54.1300,68,2
2026-06-02,601318,13:59:50,54.1300,25,2
2026-06-02,601318,13:59:53,54.1400,10,1
2026-06-02,601318,13:59:56,54.1400,8,1
2026-06-02,601318,13:59:59,54.1400,118,1
2026-06-02,601318,14:00:02,54.1300,92,2
2026-06-02,601318,14:00:05,54.1300,44,2
2026-06-02,601318,14:00:08,54.1300,58,2
2026-06-02,601318,14:00:11,54.1400,25,1
2026-06-02,601318,14:00:14,54.1300,25,2
2026-06-02,601318,14:00:17,54.1300,50,2
2026-06-02,601318,14:00:20,54.1400,223,1
2026-06-02,601318,14:00:23,54.1300,298,2
2026-06-02,601318,14:00:26,54.1400,54,1
2026-06-02,601318,14:00:29,54.1300,333,2
2026-06-02,601318,14:00:32,54.1400,38,2
2026-06-02,601318,14:00:35,54.1400,79,2
2026-06-02,601318,14:00:38,54.1400,66,2
2026-06-02,601318,14:00:41,54.1500,460,1
2026-06-02,601318,14:00:44,54.1600,28,1
2026-06-02,601318,14:00:47,54.1500,260,2
2026-06-02,601318,14:00:50,54.1700,138,1
2026-06-02,601318,14:00:53,54.1600,2,2
2026-06-02,601318,14:00:56,54.1600,1,2
2026-06-02,601318,14:00:59,54.1700,79,1
2026-06-02,601318,14:01:02,54.1600,95,2
2026-06-02,601318,14:01:05,54.1700,30,1
2026-06-02,601318,14:01:08,54.1700,27,2
2026-06-02,601318,14:01:11,54.1800,1,1
2026-06-02,601318,14:01:14,54.1700,67,2
2026-06-02,601318,14:01:17,54.1800,60,1
2026-06-02,601318,14:01:20,54.1700,162,2
2026-06-02,601318,14:01:23,54.1700,100,2
2026-06-02,601318,14:01:26,54.1800,74,1
2026-06-02,601318,14:01:29,54.1800,156,1
2026-06-02,601318,14:01:32,54.1700,8,2
2026-06-02,601318,14:01:35,54.1800,145,1
2026-06-02,601318,14:01:38,54.1700,58,2
2026-06-02,601318,14:01:41,54.1800,80,1
2026-06-02,601318,14:01:44,54.1700,85,1
2026-06-02,601318,14:01:47,54.1700,184,2
2026-06-02,601318,14:01:50,54.1800,6,1
2026-06-02,601318,14:01:53,54.1700,218,2
2026-06-02,601318,14:01:56,54.1800,85,1
2026-06-02,601318,14:01:59,54.1700,126,1
2026-06-02,601318,14:02:02,54.1700,99,2
2026-06-02,601318,14:02:05,54.1700,53,2
2026-06-02,601318,14:02:08,54.1700,152,1
2026-06-02,601318,14:02:11,54.1700,17,1
2026-06-02,601318,14:02:14,54.1700,53,1
2026-06-02,601318,14:02:17,54.1700,22,2
2026-06-02,601318,14:02:20,54.1600,265,2
2026-06-02,601318,14:02:23,54.1800,422,1
2026-06-02,601318,14:02:26,54.1600,51,2
2026-06-02,601318,14:02:29,54.1800,99,1
2026-06-02,601318,14:02:32,54.1700,80,4
2026-06-02,601318,14:02:35,54.1700,26,1
2026-06-02,601318,14:02:38,54.1600,22,2
2026-06-02,601318,14:02:41,54.1700,43,1
2026-06-02,601318,14:02:44,54.1600,19,2
2026-06-02,601318,14:02:47,54.1600,26,2
2026-06-02,601318,14:02:50,54.1800,11,1
2026-06-02,601318,14:02:53,54.1700,43,2
2026-06-02,601318,14:02:56,54.1800,26,1
2026-06-02,601318,14:02:59,54.1800,18,1
2026-06-02,601318,14:03:02,54.1800,23,1
2026-06-02,601318,14:03:05,54.1800,18,1
2026-06-02,601318,14:03:08,54.1700,32,2
2026-06-02,601318,14:03:11,54.1800,13,1
2026-06-02,601318,14:03:14,54.1800,86,1
2026-06-02,601318,14:03:17,54.1700,35,2
2026-06-02,601318,14:03:20,54.1700,67,2
2026-06-02,601318,14:03:23,54.1500,944,2
2026-06-02,601318,14:03:26,54.1700,199,1
2026-06-02,601318,14:03:29,54.1500,428,2
2026-06-02,601318,14:03:32,54.1600,185,1
2026-06-02,601318,14:03:35,54.1600,140,2
2026-06-02,601318,14:03:38,54.1500,136,2
2026-06-02,601318,14:03:41,54.1500,81,2
2026-06-02,601318,14:03:44,54.1500,32,2
2026-06-02,601318,14:03:47,54.1500,19,2
2026-06-02,601318,14:03:50,54.1500,50,2
2026-06-02,601318,14:03:53,54.1600,18,1
2026-06-02,601318,14:03:56,54.1500,81,2
2026-06-02,601318,14:03:59,54.1600,80,1
2026-06-02,601318,14:04:02,54.1600,2,2
2026-06-02,601318,14:04:05,54.1600,29,2
2026-06-02,601318,14:04:08,54.1500,171,2
2026-06-02,601318,14:04:11,54.1500,29,1
2026-06-02,601318,14:04:14,54.1600,98,1
2026-06-02,601318,14:04:17,54.1500,561,2
2026-06-02,601318,14:04:20,54.1700,38,1
2026-06-02,601318,14:04:23,54.1600,148,2
2026-06-02,601318,14:04:26,54.1700,41,1
2026-06-02,601318,14:04:29,54.1700,171,1
2026-06-02,601318,14:04:32,54.1700,1,2
2026-06-02,601318,14:04:35,54.1800,137,1
2026-06-02,601318,14:04:38,54.1800,189,1
2026-06-02,601318,14:04:41,54.1700,30,2
2026-06-02,601318,14:04:44,54.1700,6,1
2026-06-02,601318,14:04:47,54.1600,106,2
2026-06-02,601318,14:04:50,54.1600,14,2
2026-06-02,601318,14:04:53,54.1600,19,2
2026-06-02,601318,14:04:56,54.1700,41,1
2026-06-02,601318,14:04:59,54.1600,172,2
2026-06-02,601318,14:05:02,54.1600,38,1
2026-06-02,601318,14:05:05,54.1600,9,1
2026-06-02,601318,14:05:08,54.1600,361,1
2026-06-02,601318,14:05:11,54.1600,2,1
2026-06-02,601318,14:05:14,54.1600,11,1
2026-06-02,601318,14:05:17,54.1500,217,2
2026-06-02,601318,14:05:20,54.1600,5,4
2026-06-02,601318,14:05:23,54.1600,3,2
2026-06-02,601318,14:05:26,54.1700,2,1
2026-06-02,601318,14:05:29,54.1700,54,1
2026-06-02,601318,14:05:32,54.1600,16,2
2026-06-02,601318,14:05:35,54.1600,79,2
2026-06-02,601318,14:05:38,54.1600,72,1
2026-06-02,601318,14:05:41,54.1600,17,1
2026-06-02,601318,14:05:44,54.1600,17,1
2026-06-02,601318,14:05:47,54.1700,103,1
2026-06-02,601318,14:05:50,54.1600,153,2
2026-06-02,601318,14:05:53,54.1600,24,1
2026-06-02,601318,14:05:56,54.1700,22,1
2026-06-02,601318,14:05:59,54.1600,37,2
2026-06-02,601318,14:06:02,54.1700,18,1
2026-06-02,601318,14:06:05,54.1700,1,1
2026-06-02,601318,14:06:08,54.1700,76,1
2026-06-02,601318,14:06:11,54.1700,80,1
2026-06-02,601318,14:06:14,54.1700,1,4
2026-06-02,601318,14:06:17,54.1700,26,2
2026-06-02,601318,14:06:20,54.1700,55,1
2026-06-02,601318,14:06:23,54.1700,4,1
2026-06-02,601318,14:06:26,54.1700,73,1
2026-06-02,601318,14:06:29,54.1600,88,2
2026-06-02,601318,14:06:32,54.1700,134,1
2026-06-02,601318,14:06:35,54.1600,8,2
2026-06-02,601318,14:06:38,54.1600,22,2
2026-06-02,601318,14:06:41,54.1700,38,1
2026-06-02,601318,14:06:44,54.1600,26,2
2026-06-02,601318,14:06:47,54.1600,33,2
2026-06-02,601318,14:06:50,54.1600,63,2
2026-06-02,601318,14:06:53,54.1600,16,2
2026-06-02,601318,10:55:53,53.8200,158,1
2026-06-02,601318,10:55:56,53.8200,27,1
2026-06-02,601318,10:55:59,53.8100,14,2
2026-06-02,601318,10:56:02,53.8100,118,2
2026-06-02,601318,10:56:05,53.8200,21,1
2026-06-02,601318,10:56:08,53.8200,35,1
2026-06-02,601318,10:56:11,53.8200,55,1
2026-06-02,601318,10:56:14,53.8100,26,2
2026-06-02,601318,10:56:17,53.8200,24,1
2026-06-02,601318,10:56:20,53.8200,71,2
2026-06-02,601318,10:56:23,53.8200,65,2
2026-06-02,601318,10:56:26,53.8200,250,1
2026-06-02,601318,10:56:29,53.8300,2,1
2026-06-02,601318,10:56:32,53.8200,34,2
2026-06-02,601318,10:56:35,53.8200,66,2
2026-06-02,601318,10:56:38,53.8000,841,2
2026-06-02,601318,10:56:41,53.8000,20,1
2026-06-02,601318,10:56:44,53.8000,92,1
2026-06-02,601318,10:56:47,53.7900,97,2
2026-06-02,601318,10:56:50,53.8000,101,2
2026-06-02,601318,10:56:53,53.8000,15,1
2026-06-02,601318,10:56:56,53.7900,35,2
2026-06-02,601318,10:56:59,53.8000,14,1
2026-06-02,601318,10:57:02,53.8000,204,1
2026-06-02,601318,10:57:05,53.8000,73,1
2026-06-02,601318,10:57:08,53.8000,6,1
2026-06-02,601318,10:57:11,53.8000,60,1
2026-06-02,601318,10:57:14,53.8000,65,1
2026-06-02,601318,10:57:17,53.8000,47,1
2026-06-02,601318,10:57:20,53.8000,72,1
2026-06-02,601318,10:57:23,53.7900,38,2
2026-06-02,601318,10:57:26,53.8000,53,1
2026-06-02,601318,10:57:29,53.8000,14,1
2026-06-02,601318,10:57:32,53.8000,97,1
2026-06-02,601318,10:57:35,53.7900,18,2
2026-06-02,601318,10:57:38,53.8000,5,1
2026-06-02,601318,10:57:41,53.8000,2,1
2026-06-02,601318,10:57:44,53.8000,447,1
2026-06-02,601318,10:57:47,53.8000,366,1
2026-06-02,601318,10:57:50,53.8000,68,1
2026-06-02,601318,10:57:53,53.7900,41,4
2026-06-02,601318,10:57:56,53.7900,18,2
2026-06-02,601318,10:57:59,53.7800,23,2
2026-06-02,601318,10:58:02,53.7800,11,2
2026-06-02,601318,10:58:05,53.7900,75,1
2026-06-02,601318,10:58:08,53.7900,45,2
2026-06-02,601318,10:58:11,53.8100,140,1
2026-06-02,601318,10:58:14,53.8100,74,1
2026-06-02,601318,10:58:17,53.7900,10,2
2026-06-02,601318,10:58:20,53.8100,79,1
2026-06-02,601318,10:58:23,53.8000,68,4
2026-06-02,601318,10:58:26,53.8000,13,1
2026-06-02,601318,10:58:29,53.8000,21,2
2026-06-02,601318,10:58:32,53.8000,46,1
2026-06-02,601318,10:58:35,53.8000,19,2
2026-06-02,601318,10:58:38,53.8000,192,1
2026-06-02,601318,10:58:41,53.7900,53,4
2026-06-02,601318,10:58:44,53.8000,147,1
2026-06-02,601318,10:58:47,53.7900,118,2
2026-06-02,601318,10:58:50,53.7800,747,2
2026-06-02,601318,10:58:53,53.8000,131,1
2026-06-02,601318,10:58:56,53.7900,23,4
2026-06-02,601318,10:58:59,53.7900,110,1
2026-06-02,601318,10:59:02,53.7700,154,2
2026-06-02,601318,10:59:05,53.7900,213,1
2026-06-02,601318,10:59:08,53.7800,21,4
2026-06-02,601318,10:59:11,53.7800,434,1
2026-06-02,601318,10:59:14,53.7700,218,2
2026-06-02,601318,10:59:17,53.7700,111,2
2026-06-02,601318,10:59:20,53.7800,23,1
2026-06-02,601318,10:59:23,53.7800,2,1
2026-06-02,601318,10:59:26,53.7800,17,1
2026-06-02,601318,10:59:29,53.7800,16,1
2026-06-02,601318,10:59:32,53.7800,159,2
2026-06-02,601318,10:59:35,53.7800,5,4
2026-06-02,601318,10:59:38,53.7900,7,1
2026-06-02,601318,10:59:41,53.7900,358,1
2026-06-02,601318,10:59:44,53.8000,83,1
2026-06-02,601318,10:59:47,53.7900,120,4
2026-06-02,601318,10:59:50,53.7900,4,2
2026-06-02,601318,10:59:53,53.8100,96,1
2026-06-02,601318,10:59:56,53.8000,5,2
2026-06-02,601318,10:59:59,53.8000,18,2
2026-06-02,601318,11:00:02,53.8000,60,2
2026-06-02,601318,11:00:05,53.8000,37,1
2026-06-02,601318,11:00:08,53.8000,17,1
2026-06-02,601318,11:00:11,53.8000,22,1
2026-06-02,601318,11:00:14,53.7900,10,2
2026-06-02,601318,11:00:17,53.7900,15,2
2026-06-02,601318,11:00:20,53.8000,21,1
2026-06-02,601318,11:00:23,53.8000,10,1
2026-06-02,601318,11:00:26,53.7900,20,2
2026-06-02,601318,11:00:29,53.8000,32,1
2026-06-02,601318,11:00:32,53.7900,39,2
2026-06-02,601318,11:00:35,53.7900,28,2
2026-06-02,601318,11:00:38,53.7900,123,2
2026-06-02,601318,11:00:41,53.8000,26,1
2026-06-02,601318,11:00:44,53.7900,363,2
2026-06-02,601318,11:00:47,53.8000,61,1
2026-06-02,601318,11:00:50,53.8000,37,1
2026-06-02,601318,11:00:53,53.8100,79,1
2026-06-02,601318,11:00:56,53.8000,6,2
2026-06-02,601318,11:00:59,53.8000,20,2
2026-06-02,601318,11:01:02,53.8000,17,2
2026-06-02,601318,11:01:05,53.8100,5,1
2026-06-02,601318,11:01:08,53.8100,199,1
2026-06-02,601318,11:01:11,53.8100,144,1
2026-06-02,601318,11:01:14,53.8000,226,2
2026-06-02,601318,11:01:17,53.7900,91,2
2026-06-02,601318,11:01:20,53.8000,87,1
2026-06-02,601318,11:01:23,53.8000,147,2
2026-06-02,601318,11:01:26,53.8100,22,1
2026-06-02,601318,11:01:29,53.8100,149,1
2026-06-02,601318,11:01:32,53.8100,118,2
2026-06-02,601318,11:01:35,53.8100,43,2
2026-06-02,601318,11:01:38,53.8100,39,2
2026-06-02,601318,11:01:41,53.8100,13,2
2026-06-02,601318,11:01:44,53.8100,53,2
2026-06-02,601318,11:01:47,53.8100,27,2
2026-06-02,601318,11:01:50,53.8000,299,2
2026-06-02,601318,11:01:53,53.8000,99,2
2026-06-02,601318,11:01:56,53.7900,88,2
2026-06-02,601318,11:01:59,53.8000,16,2
2026-06-02,601318,11:02:02,53.8000,171,1
2026-06-02,601318,11:02:05,53.8100,130,1
2026-06-02,601318,11:02:08,53.8000,9,2
2026-06-02,601318,11:02:11,53.8000,8,2
2026-06-02,601318,11:02:14,53.8000,46,2
2026-06-02,601318,11:02:17,53.8100,63,1
2026-06-02,601318,11:02:20,53.8100,55,2
2026-06-02,601318,11:02:23,53.8000,84,2
2026-06-02,601318,11:02:26,53.8000,16,2
2026-06-02,601318,11:02:29,53.8100,27,1
2026-06-02,601318,11:02:32,53.8200,154,1
2026-06-02,601318,11:02:35,53.8200,241,1
2026-06-02,601318,11:02:38,53.8200,1,2
2026-06-02,601318,11:02:41,53.8200,140,2
2026-06-02,601318,11:02:44,53.8200,18,1
2026-06-02,601318,11:02:47,53.8200,63,1
2026-06-02,601318,11:02:50,53.8200,9,1
2026-06-02,601318,11:02:53,53.8300,21,1
2026-06-02,601318,11:02:56,53.8200,249,2
2026-06-02,601318,11:02:59,53.8200,24,1
2026-06-02,601318,11:03:02,53.8200,111,1
2026-06-02,601318,11:03:05,53.8200,82,2
2026-06-02,601318,11:03:08,53.8300,16,4
2026-06-02,601318,11:03:11,53.8400,14,1
2026-06-02,601318,11:03:14,53.8300,119,2
2026-06-02,601318,11:03:17,53.8400,4,1
2026-06-02,601318,11:03:20,53.8400,44,1
2026-06-02,601318,11:03:23,53.8400,117,1
2026-06-02,601318,11:03:26,53.8400,82,1
2026-06-02,601318,11:03:29,53.8400,76,1
2026-06-02,601318,11:03:32,53.8700,145,1
2026-06-02,601318,11:03:35,53.8700,87,1
2026-06-02,601318,11:03:38,53.8700,134,1
2026-06-02,601318,11:03:41,53.8400,131,2
2026-06-02,601318,11:03:44,53.8600,34,1
2026-06-02,601318,11:03:47,53.8500,7,1
2026-06-02,601318,11:03:50,53.8600,4,1
2026-06-02,601318,11:03:53,53.8500,4,2
2026-06-02,601318,11:03:56,53.8400,253,2
2026-06-02,601318,11:03:59,53.8500,37,1
2026-06-02,601318,11:04:02,53.8500,16,1
2026-06-02,601318,11:04:05,53.8600,104,1
2026-06-02,601318,11:04:08,53.8500,90,2
2026-06-02,601318,11:04:11,53.8600,42,1
2026-06-02,601318,11:04:14,53.8600,57,1
2026-06-02,601318,11:04:17,53.8800,5,1
2026-06-02,601318,11:04:20,53.8700,10,1
2026-06-02,601318,11:04:23,53.8800,3,1
2026-06-02,601318,11:04:26,53.8800,46,1
2026-06-02,601318,11:04:29,53.8900,20,1
2026-06-02,601318,11:04:32,53.9000,53,1
2026-06-02,601318,11:04:35,53.8900,16,2
2026-06-02,601318,11:04:38,53.9000,55,1
2026-06-02,601318,11:04:41,53.9000,36,2
2026-06-02,601318,11:04:44,53.9100,33,1
2026-06-02,601318,11:04:47,53.9100,60,1
2026-06-02,601318,11:04:50,53.9000,43,2
2026-06-02,601318,11:04:53,53.9100,22,1
2026-06-02,601318,11:04:56,53.9100,43,1
2026-06-02,601318,11:04:59,53.9100,27,1
2026-06-02,601318,11:05:02,53.9100,26,2
2026-06-02,601318,11:05:05,53.9100,19,2
2026-06-02,601318,11:05:08,53.9200,83,1
2026-06-02,601318,11:05:11,53.9200,96,1
2026-06-02,601318,11:05:14,53.9200,26,1
2026-06-02,601318,11:05:17,53.9200,50,1
2026-06-02,601318,11:05:20,53.9200,36,1
2026-06-02,601318,11:05:23,53.9200,49,1
2026-06-02,601318,11:05:26,53.9100,68,2
2026-06-02,601318,11:05:29,53.9200,148,1
2026-06-02,601318,11:05:32,53.9200,16,1
2026-06-02,601318,11:05:38,53.9100,70,2
2026-06-02,601318,11:05:41,53.9300,73,1
2026-06-02,601318,11:05:44,53.9100,108,2
2026-06-02,601318,11:05:47,53.9100,33,2
2026-06-02,601318,11:05:50,53.9300,90,1
2026-06-02,601318,11:05:53,53.9200,18,4
2026-06-02,601318,11:05:56,53.9200,23,1
2026-06-02,601318,11:05:59,53.9100,12,2
2026-06-02,601318,11:06:02,53.9100,201,2
2026-06-02,601318,11:06:05,53.9100,53,4
2026-06-02,601318,11:06:08,53.9000,78,2
2026-06-02,601318,11:06:11,53.9000,520,2
2026-06-02,601318,11:06:14,53.9100,167,1
2026-06-02,601318,11:06:17,53.9100,51,2
2026-06-02,601318,11:06:20,53.9100,3,2
2026-06-02,601318,11:06:23,53.9200,23,1
2026-06-02,601318,11:06:26,53.9200,15,1
2026-06-02,601318,11:06:29,53.9200,48,1
2026-06-02,601318,11:06:32,53.9200,4,2
2026-06-02,601318,11:06:35,53.9200,42,2
2026-06-02,601318,11:06:38,53.9200,42,2
2026-06-02,601318,11:06:41,53.9300,5,1
2026-06-02,601318,11:06:44,53.9200,53,2
2026-06-02,601318,11:06:47,53.9300,114,1
2026-06-02,601318,11:06:50,53.9300,41,1
2026-06-02,601318,11:06:53,53.9200,66,1
2026-06-02,601318,11:06:56,53.9100,119,2
2026-06-02,601318,11:06:59,53.9100,245,2
2026-06-02,601318,11:07:02,53.9100,38,1
2026-06-02,601318,11:07:05,53.9100,55,1
2026-06-02,601318,11:07:08,53.9100,31,1
2026-06-02,601318,11:07:11,53.9100,93,2
2026-06-02,601318,11:07:14,53.9100,68,2
2026-06-02,601318,11:07:17,53.9100,71,2
2026-06-02,601318,11:07:20,53.9100,20,2
2026-06-02,601318,11:07:23,53.9100,52,2
2026-06-02,601318,11:07:26,53.9000,237,2
2026-06-02,601318,11:07:29,53.9100,31,1
2026-06-02,601318,11:07:32,53.9100,14,1
2026-06-02,601318,11:07:35,53.9000,12,2
2026-06-02,601318,11:07:38,53.9100,26,1
2026-06-02,601318,11:07:41,53.9000,16,2
2026-06-02,601318,11:07:44,53.9100,13,1
2026-06-02,601318,11:07:47,53.9000,26,2
2026-06-02,601318,11:07:50,53.9000,83,2
2026-06-02,601318,11:07:53,53.9100,97,1
2026-06-02,601318,11:07:56,53.9100,18,2
2026-06-02,601318,11:07:59,53.9200,107,1
2026-06-02,601318,11:08:02,53.9200,34,1
2026-06-02,601318,11:08:05,53.9200,309,1
2026-06-02,601318,11:08:08,53.9300,188,1
2026-06-02,601318,11:08:11,53.9300,10,1
2026-06-02,601318,11:08:14,53.9300,7,2
2026-06-02,601318,11:08:17,53.9400,1,1
2026-06-02,601318,11:08:20,53.9300,115,2
2026-06-02,601318,11:08:23,53.9300,25,2
2026-06-02,601318,11:08:26,53.9300,21,2
2026-06-02,601318,11:08:29,53.9400,13,1
2026-06-02,601318,11:08:32,53.9400,138,1
2026-06-02,601318,11:08:35,53.9500,61,1
2026-06-02,601318,11:08:38,53.9400,63,2
2026-06-02,601318,11:08:41,53.9200,460,2
2026-06-02,601318,11:08:44,53.9100,146,2
2026-06-02,601318,11:08:47,53.9300,35,1
2026-06-02,601318,11:08:50,53.9300,27,1
2026-06-02,601318,11:08:53,53.9300,29,1
2026-06-02,601318,11:08:56,53.9300,24,1
2026-06-02,601318,11:08:59,53.9200,54,2
2026-06-02,601318,11:09:02,53.9300,54,1
2026-06-02,601318,11:09:05,53.9300,9,1
2026-06-02,601318,11:09:08,53.9300,39,1
2026-06-02,601318,11:09:11,53.9300,139,2
2026-06-02,601318,11:09:14,53.9400,21,1
2026-06-02,601318,11:09:17,53.9300,1,1
2026-06-02,601318,11:09:20,53.9300,26,1
2026-06-02,601318,11:09:23,53.9200,48,2
2026-06-02,601318,11:09:26,53.9200,31,2
2026-06-02,601318,11:09:29,53.9200,48,2
2026-06-02,601318,11:09:32,53.9200,121,2
2026-06-02,601318,11:09:35,53.9300,78,1
2026-06-02,601318,11:09:38,53.9200,108,2
2026-06-02,601318,11:09:41,53.9200,33,1
2026-06-02,601318,11:09:44,53.9300,98,1
2026-06-02,601318,11:09:47,53.9300,20,2
2026-06-02,601318,11:09:50,53.9100,54,2
2026-06-02,601318,11:09:53,53.9200,19,1
2026-06-02,601318,11:09:56,53.9200,13,1
2026-06-02,601318,11:09:59,53.9200,77,1
2026-06-02,601318,11:10:02,53.9300,45,1
2026-06-02,601318,11:10:05,53.9200,46,2
2026-06-02,601318,11:10:08,53.9200,104,2
2026-06-02,601318,11:10:11,53.9200,39,1
2026-06-02,601318,11:10:14,53.9200,4,1
2026-06-02,601318,11:10:17,53.9200,31,1
2026-06-02,601318,11:10:20,53.9100,275,2
2026-06-02,601318,11:10:23,53.9100,6,1
2026-06-02,601318,11:10:26,53.9000,22,1
2026-06-02,601318,11:10:29,53.9100,29,1
2026-06-02,601318,11:10:32,53.9000,36,2
2026-06-02,601318,11:10:35,53.9000,5,2
2026-06-02,601318,11:10:38,53.9100,111,1
2026-06-02,601318,11:10:41,53.9100,1,1
2026-06-02,601318,11:10:44,53.9100,49,1
2026-06-02,601318,11:10:47,53.9000,61,2
2026-06-02,601318,11:10:50,53.9100,11,1
2026-06-02,601318,11:10:53,53.9000,8,2
2026-06-02,601318,11:10:56,53.9100,7,1
2026-06-02,601318,11:10:59,53.9100,89,1
2026-06-02,601318,11:11:02,53.9100,50,1
2026-06-02,601318,11:11:05,53.9100,18,1
2026-06-02,601318,11:11:08,53.9100,6,1
2026-06-02,601318,11:11:11,53.9000,8,2
2026-06-02,601318,11:11:14,53.9100,34,1
2026-06-02,601318,11:11:17,53.9100,37,1
2026-06-02,601318,11:11:20,53.9000,19,2
2026-06-02,601318,11:11:23,53.9000,20,2
2026-06-02,601318,11:11:26,53.9100,13,1
2026-06-02,601318,11:11:29,53.9100,123,1
2026-06-02,601318,11:11:32,53.9100,71,1
2026-06-02,601318,11:11:35,53.9100,95,2
2026-06-02,601318,11:11:38,53.9100,18,2
2026-06-02,601318,11:11:41,53.9100,2,4
2026-06-02,601318,11:11:44,53.9000,39,2
2026-06-02,601318,11:11:47,53.9100,10,1
2026-06-02,601318,11:11:50,53.9000,13,2
2026-06-02,601318,11:11:53,53.9100,99,1
2026-06-02,601318,11:11:56,53.9100,156,1
2026-06-02,601318,11:11:59,53.9100,10,2
2026-06-02,601318,11:12:02,53.9100,9,2
2026-06-02,601318,11:12:05,53.9100,6,2
2026-06-02,601318,11:12:08,53.9200,8,1
2026-06-02,601318,11:12:11,53.9200,5,1
2026-06-02,601318,11:12:14,53.9200,6,1
2026-06-02,601318,11:12:17,53.9200,3,1
2026-06-02,601318,11:12:20,53.9100,8,2
2026-06-02,601318,11:12:23,53.9200,7,1
2026-06-02,601318,11:12:29,53.9100,151,2
2026-06-02,601318,11:12:32,53.9100,1,2
2026-06-02,601318,11:12:35,53.9200,1,1
2026-06-02,601318,11:12:44,53.9200,2,1
2026-06-02,601318,11:12:47,53.9200,4,1
2026-06-02,601318,11:12:50,53.9200,17,1
2026-06-02,601318,11:12:53,53.9100,3,2
2026-06-02,601318,11:12:56,53.9100,33,2
2026-06-02,601318,11:12:59,53.9200,1181,1
2026-06-02,601318,11:13:02,53.9200,12,2
2026-06-02,601318,11:13:05,53.9300,7,1
2026-06-02,601318,11:13:08,53.9300,4,1
2026-06-02,601318,11:13:11,53.9300,9,1
2026-06-02,601318,11:13:14,53.9400,46,1
2026-06-02,601318,11:13:17,53.9400,37,1
2026-06-02,601318,11:13:20,53.9400,13,1
2026-06-02,601318,11:13:23,53.9500,39,1
2026-06-02,601318,11:13:26,53.9400,9,2
2026-06-02,601318,11:13:29,53.9400,7,2
2026-06-02,601318,11:13:32,53.9400,6,2
2026-06-02,601318,11:13:35,53.9400,65,2
2026-06-02,601318,11:13:38,53.9500,18,1
2026-06-02,601318,11:13:41,53.9400,7,2
2026-06-02,601318,11:13:44,53.9400,8,2
2026-06-02,601318,11:13:47,53.9500,13,1
2026-06-02,601318,11:13:50,53.9400,107,2
2026-06-02,601318,11:13:53,53.9500,138,1
2026-06-02,601318,11:13:56,53.9500,30,1
2026-06-02,601318,11:13:59,53.9500,4,2
2026-06-02,601318,11:14:02,53.9600,120,1
2026-06-02,601318,11:14:05,53.9500,47,2
2026-06-02,601318,11:14:08,53.9600,35,1
2026-06-02,601318,11:14:11,53.9500,39,2
2026-06-02,601318,11:14:14,53.9600,16,1
2026-06-02,601318,11:14:17,53.9700,24,1
2026-06-02,601318,11:14:20,53.9500,273,2
2026-06-02,601318,11:14:23,53.9500,24,2
2026-06-02,601318,11:14:26,53.9500,35,2
2026-06-02,601318,11:14:29,53.9500,27,1
2026-06-02,601318,11:14:32,53.9500,9,1
2026-06-02,601318,11:14:35,53.9500,8,1
2026-06-02,601318,11:14:38,53.9500,59,1
2026-06-02,601318,11:14:41,53.9500,24,2
2026-06-02,601318,11:14:44,53.9500,5,2
2026-06-02,601318,11:14:47,53.9600,14,1
2026-06-02,601318,11:14:50,53.9600,87,1
2026-06-02,601318,11:14:53,53.9700,108,1
2026-06-02,601318,11:14:59,53.9600,244,2
2026-06-02,601318,11:15:02,53.9600,81,2
2026-06-02,601318,11:15:05,53.9600,50,2
2026-06-02,601318,11:15:08,53.9600,31,1
2026-06-02,601318,11:15:11,53.9500,26,2
2026-06-02,601318,11:15:14,53.9600,163,1
2026-06-02,601318,11:15:17,53.9700,36,1
2026-06-02,601318,11:15:20,53.9700,11,1
2026-06-02,601318,11:15:23,53.9700,262,1
2026-06-02,601318,11:15:26,53.9700,11,1
2026-06-02,601318,11:15:29,53.9700,10,1
2026-06-02,601318,11:15:32,53.9600,92,2
2026-06-02,601318,11:15:35,53.9700,25,1
2026-06-02,601318,11:15:38,53.9700,10,1
2026-06-02,601318,11:15:41,53.9600,66,2
2026-06-02,601318,11:15:44,53.9600,5,2
2026-06-02,601318,11:15:47,53.9700,118,1
2026-06-02,601318,11:15:50,53.9700,63,1
2026-06-02,601318,11:15:53,53.9800,125,1
2026-06-02,601318,11:15:56,53.9800,79,1
2026-06-02,601318,11:15:59,53.9800,210,1
2026-06-02,601318,11:16:02,53.9800,46,1
2026-06-02,601318,11:16:05,53.9800,67,1
2026-06-02,601318,11:16:08,53.9800,3,2
2026-06-02,601318,11:16:11,53.9900,9,1
2026-06-02,601318,11:16:14,53.9800,586,2
2026-06-02,601318,11:16:17,53.9700,290,2
2026-06-02,601318,11:16:20,53.9700,89,1
2026-06-02,601318,11:16:23,53.9500,68,2
2026-06-02,601318,11:16:26,53.9500,154,2
2026-06-02,601318,11:16:29,53.9400,466,2
2026-06-02,601318,11:16:32,53.9400,2,1
2026-06-02,601318,11:16:35,53.9300,41,2
2026-06-02,601318,11:16:38,53.9200,51,2
2026-06-02,601318,11:16:41,53.9300,56,1
2026-06-02,601318,11:16:44,53.9300,16,2
2026-06-02,601318,11:16:47,53.9400,34,1
2026-06-02,601318,11:16:50,53.9400,236,1
2026-06-02,601318,11:16:53,53.9400,15,1
2026-06-02,601318,11:16:56,53.9300,1,2
2026-06-02,601318,11:16:59,53.9400,2,1
2026-06-02,601318,11:17:02,53.9300,32,2
2026-06-02,601318,11:17:05,53.9400,60,1
2026-06-02,601318,11:17:08,53.9400,44,1
2026-06-02,601318,11:17:11,53.9300,13,2
2026-06-02,601318,11:17:14,53.9300,144,2
2026-06-02,601318,11:17:17,53.9300,679,2
2026-06-02,601318,11:17:20,53.9200,216,2
2026-06-02,601318,11:17:23,53.9200,3,1
2026-06-02,601318,11:17:26,53.9200,18,1
2026-06-02,601318,11:17:29,53.9300,200,1
2026-06-02,601318,11:17:32,53.9100,30,2
2026-06-02,601318,11:17:35,53.9200,30,1
2026-06-02,601318,11:17:38,53.9300,116,1
2026-06-02,601318,11:17:41,53.9300,79,1
2026-06-02,601318,11:17:44,53.9400,48,1
2026-06-02,601318,11:17:47,53.9400,13,1
2026-06-02,601318,11:17:50,53.9300,144,2
2026-06-02,601318,11:17:53,53.9300,124,1
2026-06-02,601318,11:17:56,53.9300,69,2
2026-06-02,601318,11:17:59,53.9300,60,2
2026-06-02,601318,11:18:02,53.9100,983,2
2026-06-02,601318,11:18:05,53.9100,97,2
2026-06-02,601318,11:18:08,53.9200,32,1
2026-06-02,601318,11:18:11,53.9100,1,2
2026-06-02,601318,11:18:14,53.9100,5,2
2026-06-02,601318,11:18:17,53.9200,56,1
2026-06-02,601318,11:18:20,53.9200,8,1
2026-06-02,601318,11:18:23,53.9000,640,2
2026-06-02,601318,11:18:26,53.9000,12,1
2026-06-02,601318,11:18:29,53.8900,65,2
2026-06-02,601318,11:18:32,53.8900,42,4
2026-06-02,601318,11:18:35,53.8700,239,2
2026-06-02,601318,11:18:38,53.8700,27,2
2026-06-02,601318,11:18:41,53.8700,15,2
2026-06-02,601318,11:18:44,53.8700,5,2
2026-06-02,601318,11:18:47,53.8700,30,2
2026-06-02,601318,11:18:50,53.8700,8,2
2026-06-02,601318,11:18:53,53.8600,98,2
2026-06-02,601318,11:18:56,53.8600,34,1
2026-06-02,601318,11:18:59,53.8600,36,1
2026-06-02,601318,11:19:02,53.8700,135,1
2026-06-02,601318,11:19:05,53.8700,14,1
2026-06-02,601318,11:19:08,53.8700,9,1
2026-06-02,601318,11:19:11,53.8700,14,1
2026-06-02,601318,11:19:14,53.8600,200,2
2026-06-02,601318,11:19:17,53.8600,13,2
2026-06-02,601318,11:19:20,53.8600,1,2
2026-06-02,601318,11:19:23,53.8700,802,1
2026-06-02,601318,11:19:26,53.8900,42,2
2026-06-02,601318,11:19:32,53.8800,59,2
2026-06-02,601318,11:19:35,53.8900,19,1
2026-06-02,601318,11:19:38,53.8800,181,4
2026-06-02,601318,11:19:41,53.8900,322,1
2026-06-02,601318,11:19:44,53.8700,239,2
2026-06-02,601318,11:19:47,53.8700,37,1
2026-06-02,601318,11:19:50,53.8800,28,1
2026-06-02,601318,11:19:56,53.9000,61,1
2026-06-02,601318,11:19:59,53.8800,4,2
2026-06-02,601318,11:20:02,53.8900,501,4
2026-06-02,601318,11:20:05,53.9000,8,1
2026-06-02,601318,11:20:08,53.9000,10,1
2026-06-02,601318,11:20:11,53.8900,8,2
2026-06-02,601318,11:20:14,53.8900,820,2
2026-06-02,601318,11:20:17,53.9000,2,2
