date,code,time,price,volume,bs
2026-03-11,601318,14:06:44,62.7000,118,1
2026-03-11,601318,14:06:47,62.7000,27,1
2026-03-11,601318,14:06:50,62.7000,16,1
2026-03-11,601318,14:06:53,62.6900,146,2
2026-03-11,601318,14:06:56,62.6900,35,1
2026-03-11,601318,14:06:59,62.6900,13,2
2026-03-11,601318,14:07:02,62.6900,7,2
2026-03-11,601318,14:07:05,62.7000,5,1
2026-03-11,601318,14:07:08,62.7000,119,1
2026-03-11,601318,14:07:11,62.6900,85,2
2026-03-11,601318,14:07:14,62.6900,59,2
2026-03-11,601318,14:07:17,62.6900,47,1
2026-03-11,601318,14:07:20,62.6900,11,1
2026-03-11,601318,14:07:23,62.6900,27,1
2026-03-11,601318,14:07:26,62.6900,51,1
2026-03-11,601318,14:07:29,62.6800,9,2
2026-03-11,601318,14:07:32,62.6900,9,1
2026-03-11,601318,14:07:35,62.6900,27,1
2026-03-11,601318,14:07:38,62.6900,28,1
2026-03-11,601318,14:07:41,62.6900,179,1
2026-03-11,601318,14:07:44,62.6900,25,4
2026-03-11,601318,14:07:47,62.6900,32,1
2026-03-11,601318,14:07:50,62.7000,79,1
2026-03-11,601318,14:07:53,62.6900,178,2
2026-03-11,601318,14:07:56,62.6900,57,2
2026-03-11,601318,14:07:59,62.6800,932,2
2026-03-11,601318,14:08:02,62.6800,111,2
2026-03-11,601318,14:08:05,62.6600,89,2
2026-03-11,601318,14:08:08,62.6500,221,2
2026-03-11,601318,14:08:11,62.6400,91,2
2026-03-11,601318,14:08:14,62.6400,81,2
2026-03-11,601318,14:08:17,62.6500,37,1
2026-03-11,601318,14:08:20,62.6500,56,1
2026-03-11,601318,14:08:23,62.6600,31,1
2026-03-11,601318,14:08:26,62.6500,140,2
2026-03-11,601318,14:08:29,62.6400,52,2
2026-03-11,601318,14:08:32,62.6400,26,2
2026-03-11,601318,14:08:38,62.6500,43,1
2026-03-11,601318,14:08:41,62.6500,53,2
2026-03-11,601318,14:08:44,62.6400,109,2
2026-03-11,601318,14:08:47,62.6500,16,2
2026-03-11,601318,14:08:50,62.6400,16,2
2026-03-11,601318,14:08:53,62.6500,43,1
2026-03-11,601318,14:08:56,62.6400,63,2
2026-03-11,601318,14:08:59,62.6200,651,2
2026-03-11,601318,14:09:02,62.6100,298,2
2026-03-11,601318,14:09:05,62.6400,1102,1
2026-03-11,601318,14:09:08,62.6500,188,1
2026-03-11,601318,14:09:11,62.6400,358,2
2026-03-11,601318,14:09:14,62.6700,123,1
2026-03-11,601318,14:09:17,62.6700,62,2
2026-03-11,601318,14:09:20,62.7100,186,1
2026-03-11,601318,14:09:23,62.7000,66,1
2026-03-11,601318,14:09:26,62.7000,57,2
2026-03-11,601318,14:09:29,62.7000,33,2
2026-03-11,601318,14:09:32,62.7100,151,1
2026-03-11,601318,14:09:35,62.7200,75,2
2026-03-11,601318,14:09:38,62.7200,137,2
2026-03-11,601318,14:09:41,62.7300,16,1
2026-03-11,601318,14:09:44,62.7300,14,1
2026-03-11,601318,14:09:47,62.7300,7,4
2026-03-11,601318,14:09:50,62.7300,145,1
2026-03-11,601318,14:09:53,62.7100,383,2
2026-03-11,601318,14:09:56,62.7100,165,2
2026-03-11,601318,14:09:59,62.6800,38,2
2026-03-11,601318,14:10:02,62.6800,28,2
2026-03-11,601318,14:10:05,62.6800,144,1
2026-03-11,601318,14:10:08,62.6800,109,1
2026-03-11,601318,14:10:11,62.6700,151,4
2026-03-11,601318,14:10:14,62.6900,9,1
2026-03-11,601318,14:10:17,62.6900,16,4
2026-03-11,601318,14:10:20,62.7000,14,1
2026-03-11,601318,14:10:23,62.7000,175,1
2026-03-11,601318,14:10:26,62.6900,48,2
2026-03-11,601318,14:10:29,62.7000,80,1
2026-03-11,601318,14:10:32,62.7000,15,2
2026-03-11,601318,14:10:35,62.7000,19,2
2026-03-11,601318,14:10:38,62.7000,67,2
2026-03-11,601318,14:10:41,62.7100,33,1
2026-03-11,601318,14:10:44,62.7100,39,1
2026-03-11,601318,14:10:47,62.7200,20,1
2026-03-11,601318,14:10:50,62.7200,151,1
2026-03-11,601318,14:10:53,62.7100,45,2
2026-03-11,601318,14:10:56,62.7100,4,1
2026-03-11,601318,14:10:59,62.7100,92,1
2026-03-11,601318,14:11:02,62.7100,93,1
2026-03-11,601318,14:11:05,62.7000,125,2
2026-03-11,601318,14:11:08,62.7000,25,2
2026-03-11,601318,14:11:11,62.7000,41,2
2026-03-11,601318,14:11:14,62.7000,284,2
2026-03-11,601318,14:11:17,62.6900,42,2
2026-03-11,601318,14:11:20,62.7000,181,1
2026-03-11,601318,14:11:23,62.6800,77,2
2026-03-11,601318,14:11:26,62.6400,411,2
2026-03-11,601318,14:11:29,62.6400,24,2
2026-03-11,601318,14:11:32,62.6600,750,1
2026-03-11,601318,14:11:35,62.6600,65,1
2026-03-11,601318,14:11:38,62.6600,80,1
2026-03-11,601318,14:11:41,62.6600,6,2
2026-03-11,601318,14:11:44,62.6700,61,1
2026-03-11,601318,14:11:47,62.6600,48,2
2026-03-11,601318,14:11:50,62.6700,50,1
2026-03-11,601318,14:11:53,62.6700,16,1
2026-03-11,601318,14:11:56,62.6700,55,4
2026-03-11,601318,14:12:02,62.6700,29,2
2026-03-11,601318,14:12:05,62.6600,39,2
2026-03-11,601318,14:12:08,62.6700,3,1
2026-03-11,601318,14:12:11,62.6700,9,1
2026-03-11,601318,14:12:14,62.6600,53,2
2026-03-11,601318,14:12:20,62.6600,30,2
2026-03-11,601318,14:12:23,62.6700,2,1
2026-03-11,601318,14:12:26,62.6700,43,1
2026-03-11,601318,14:12:29,62.6700,124,1
2026-03-11,601318,14:12:32,62.6600,152,2
2026-03-11,601318,14:12:35,62.6700,66,1
2026-03-11,601318,14:12:38,62.6800,171,1
2026-03-11,601318,14:12:41,62.6900,19,1
2026-03-11,601318,14:12:44,62.6900,56,1
2026-03-11,601318,14:12:50,62.6800,59,2
2026-03-11,601318,14:12:53,62.6800,12,2
2026-03-11,601318,14:12:59,62.7100,228,1
2026-03-11,601318,14:13:02,62.7200,314,1
2026-03-11,601318,14:13:05,62.7200,61,1
2026-03-11,601318,14:13:08,62.7200,40,1
2026-03-11,601318,14:13:11,62.7100,4,2
2026-03-11,601318,14:13:14,62.7100,30,2
2026-03-11,601318,14:13:17,62.7100,45,2
2026-03-11,601318,14:13:20,62.7100,338,2
2026-03-11,601318,14:13:23,62.7000,204,2
2026-03-11,601318,14:13:26,62.7200,126,1
2026-03-11,601318,14:13:29,62.7100,1,4
2026-03-11,601318,14:13:32,62.7000,9,2
2026-03-11,601318,14:13:35,62.7000,118,2
2026-03-11,601318,14:13:38,62.7100,22,1
2026-03-11,601318,14:13:41,62.7000,52,2
2026-03-11,601318,14:13:44,62.7000,9,2
2026-03-11,601318,14:13:47,62.7000,28,2
2026-03-11,601318,14:13:50,62.7000,10,2
2026-03-11,601318,14:13:53,62.7100,108,1
2026-03-11,601318,14:13:56,62.7100,72,1
2026-03-11,601318,14:13:59,62.7100,18,1
2026-03-11,601318,14:14:02,62.7000,372,2
2026-03-11,601318,14:14:05,62.7000,537,2
2026-03-11,601318,14:14:08,62.7000,118,2
2026-03-11,601318,14:14:11,62.6800,1425,2
2026-03-11,601318,14:14:14,62.6900,78,2
2026-03-11,601318,14:14:17,62.6700,93,2
2026-03-11,601318,14:14:20,62.6700,3,2
2026-03-11,601318,14:14:23,62.6800,8,4
2026-03-11,601318,14:14:26,62.6900,144,1
2026-03-11,601318,14:14:29,62.6700,56,2
2026-03-11,601318,14:14:32,62.6800,13,1
2026-03-11,601318,14:14:35,62.6800,150,1
2026-03-11,601318,14:14:38,62.6900,95,1
2026-03-11,601318,14:14:41,62.6800,47,2
2026-03-11,601318,14:14:44,62.6800,82,2
2026-03-11,601318,14:14:47,62.6800,7,2
2026-03-11,601318,14:14:50,62.6900,24,1
2026-03-11,601318,14:14:53,62.6800,23,2
2026-03-11,601318,14:14:56,62.6800,73,2
2026-03-11,601318,14:14:59,62.6800,32,2
2026-03-11,601318,14:15:02,62.6700,70,2
2026-03-11,601318,14:15:05,62.6800,24,1
2026-03-11,601318,14:15:08,62.6800,43,1
2026-03-11,601318,14:15:11,62.6800,24,2
2026-03-11,601318,14:15:14,62.6800,7,2
2026-03-11,601318,14:15:17,62.6800,23,2
2026-03-11,601318,14:15:20,62.7000,144,1
2026-03-11,601318,14:15:23,62.7000,16,1
2026-03-11,601318,14:15:26,62.6900,60,2
2026-03-11,601318,14:15:29,62.7000,73,1
2026-03-11,601318,14:15:32,62.7000,84,1
2026-03-11,601318,14:15:35,62.7000,60,1
2026-03-11,601318,14:15:38,62.6900,186,2
2026-03-11,601318,14:15:41,62.6900,16,2
2026-03-11,601318,14:15:44,62.6900,49,2
2026-03-11,601318,14:15:47,62.6900,258,2
2026-03-11,601318,14:15:50,62.6900,212,2
2026-03-11,601318,14:15:53,62.6900,339,2
2026-03-11,601318,14:15:56,62.7000,125,1
2026-03-11,601318,14:15:59,62.7000,219,1
2026-03-11,601318,14:16:02,62.7000,62,1
2026-03-11,601318,14:16:05,62.7000,53,1
2026-03-11,601318,14:16:08,62.7000,56,1
2026-03-11,601318,14:16:11,62.7000,56,1
2026-03-11,601318,14:16:14,62.7000,23,1
2026-03-11,601318,14:16:17,62.7000,19,1
2026-03-11,601318,14:16:20,62.7000,50,1
2026-03-11,601318,14:16:23,62.7100,120,1
2026-03-11,601318,14:16:26,62.7100,28,1
2026-03-11,601318,14:16:29,62.7100,57,1
2026-03-11,601318,14:16:32,62.7100,72,1
2026-03-11,601318,14:16:35,62.7100,143,1
2026-03-11,601318,14:16:38,62.7100,55,1
2026-03-11,601318,14:16:41,62.7100,32,1
2026-03-11,601318,14:16:44,62.7100,19,1
2026-03-11,601318,14:16:47,62.7000,58,2
2026-03-11,601318,14:16:50,62.7000,32,2
2026-03-11,601318,14:16:53,62.7100,12,1
2026-03-11,601318,14:16:56,62.7000,47,2
2026-03-11,601318,14:16:59,62.7000,483,2
2026-03-11,601318,14:17:02,62.7000,55,1
2026-03-11,601318,14:17:05,62.6900,27,2
2026-03-11,601318,14:17:08,62.6900,229,2
2026-03-11,601318,14:17:11,62.6800,54,2
2026-03-11,601318,14:17:14,62.6900,23,1
2026-03-11,601318,14:17:17,62.6900,154,1
2026-03-11,601318,14:17:20,62.6800,155,2
2026-03-11,601318,14:17:23,62.6800,235,2
2026-03-11,601318,14:17:26,62.6800,117,1
2026-03-11,601318,14:17:29,62.6700,112,2
2026-03-11,601318,14:17:32,62.6600,24,2
2026-03-11,601318,14:17:35,62.6600,16,2
2026-03-11,601318,14:17:38,62.6700,78,1
2026-03-11,601318,14:17:41,62.6700,2,1
2026-03-11,601318,14:17:44,62.6600,16,2
2026-03-11,601318,14:17:47,62.6600,29,2
2026-03-11,601318,14:17:50,62.6700,98,1
2026-03-11,601318,14:17:53,62.6600,46,2
2026-03-11,601318,14:17:56,62.6600,50,2
2026-03-11,601318,14:17:59,62.6700,43,1
2026-03-11,601318,14:18:02,62.6700,183,1
2026-03-11,601318,14:18:05,62.6700,62,2
2026-03-11,601318,14:18:08,62.6700,35,1
2026-03-11,601318,14:18:11,62.6600,133,2
2026-03-11,601318,14:18:14,62.6700,31,1
2026-03-11,601318,14:18:17,62.6700,61,1
2026-03-11,601318,14:18:20,62.6800,5,1
2026-03-11,601318,14:18:23,62.6800,20,1
2026-03-11,601318,14:18:26,62.6800,47,1
2026-03-11,601318,14:18:29,62.6700,80,2
2026-03-11,601318,14:18:32,62.6800,13,1
2026-03-11,601318,14:18:35,62.6800,58,1
2026-03-11,601318,14:18:38,62.6800,92,2
2026-03-11,601318,14:18:41,62.6800,22,2
2026-03-11,601318,14:18:44,62.6700,145,2
2026-03-11,601318,14:18:47,62.6800,25,1
2026-03-11,601318,14:18:50,62.6700,101,2
2026-03-11,601318,14:18:53,62.6800,12,1
2026-03-11,601318,14:18:56,62.6700,71,2
2026-03-11,601318,14:18:59,62.6800,45,1
2026-03-11,601318,14:19:02,62.6800,133,1
2026-03-11,601318,14:19:05,62.6800,36,2
2026-03-11,601318,14:19:08,62.6800,134,2
2026-03-11,601318,14:19:11,62.6700,305,2
2026-03-11,601318,14:19:14,62.6600,143,2
2026-03-11,601318,14:19:17,62.6700,156,1
2026-03-11,601318,14:19:20,62.6700,96,1
2026-03-11,601318,14:19:23,62.6700,14,1
2026-03-11,601318,14:19:26,62.6800,40,1
2026-03-11,601318,14:19:29,62.6800,24,1
2026-03-11,601318,14:19:32,62.6800,26,1
2026-03-11,601318,14:19:35,62.6700,16,2
2026-03-11,601318,14:19:38,62.6800,1,1
2026-03-11,601318,14:19:41,62.6700,164,2
2026-03-11,601318,14:19:44,62.6700,63,2
2026-03-11,601318,14:19:47,62.6700,85,2
2026-03-11,601318,14:19:50,62.6700,59,2
2026-03-11,601318,14:19:53,62.6700,7,2
2026-03-11,601318,14:19:56,62.6700,2,2
2026-03-11,601318,14:19:59,62.6800,15,1
2026-03-11,601318,14:20:02,62.6800,32,1
2026-03-11,601318,14:20:05,62.6700,61,2
2026-03-11,601318,14:20:08,62.6700,5,2
2026-03-11,601318,14:20:11,62.6800,9,1
2026-03-11,601318,14:20:14,62.6800,25,1
2026-03-11,601318,14:20:17,62.6800,19,1
2026-03-11,601318,14:20:20,62.6800,43,1
2026-03-11,601318,14:20:23,62.6700,21,2
2026-03-11,601318,14:20:26,62.6800,21,1
2026-03-11,601318,14:20:29,62.6800,10,1
2026-03-11,601318,14:20:32,62.6700,32,2
2026-03-11,601318,14:20:35,62.6800,33,1
2026-03-11,601318,14:20:38,62.6800,88,1
2026-03-11,601318,14:20:41,62.6700,21,2
2026-03-11,601318,14:20:44,62.6700,60,2
2026-03-11,601318,14:20:47,62.6600,462,2
2026-03-11,601318,14:20:50,62.6500,468,2
2026-03-11,601318,14:20:53,62.6600,167,1
2026-03-11,601318,14:20:56,62.6500,47,2
2026-03-11,601318,14:20:59,62.6500,54,1
2026-03-11,601318,14:21:02,62.6500,310,1
2026-03-11,601318,14:21:05,62.6500,29,1
2026-03-11,601318,14:21:08,62.6400,12,2
2026-03-11,601318,14:21:11,62.6500,7,1
2026-03-11,601318,14:21:14,62.6400,77,2
2026-03-11,601318,14:21:17,62.6500,32,1
2026-03-11,601318,14:21:20,62.6600,118,1
2026-03-11,601318,14:21:23,62.6600,2,2
2026-03-11,601318,14:21:26,62.6600,22,2
2026-03-11,601318,14:21:29,62.6600,10,2
2026-03-11,601318,14:21:32,62.6600,62,2
2026-03-11,601318,14:21:35,62.6700,2,1
2026-03-11,601318,14:21:38,62.6700,98,1
2026-03-11,601318,14:21:41,62.6700,56,1
2026-03-11,601318,14:21:44,62.6600,78,2
2026-03-11,601318,14:21:47,62.6600,9,2
2026-03-11,601318,14:21:50,62.6600,421,2
2026-03-11,601318,14:21:53,62.6500,40,2
2026-03-11,601318,14:21:56,62.6600,30,1
2026-03-11,601318,14:21:59,62.6700,556,1
2026-03-11,601318,14:22:02,62.6800,61,1
2026-03-11,601318,14:22:05,62.6800,62,1
2026-03-11,601318,14:22:08,62.6800,34,1
2026-03-11,601318,14:22:11,62.6800,51,2
2026-03-11,601318,14:22:14,62.6900,48,1
2026-03-11,601318,14:22:17,62.6800,127,2
2026-03-11,601318,14:22:20,62.6900,39,1
2026-03-11,601318,14:22:23,62.6900,121,1
2026-03-11,601318,14:22:26,62.6900,24,1
2026-03-11,601318,14:22:29,62.6800,28,2
2026-03-11,601318,14:22:32,62.6900,155,1
2026-03-11,601318,14:22:35,62.6900,38,2
2026-03-11,601318,14:22:38,62.6900,70,2
2026-03-11,601318,14:22:41,62.6900,32,1
2026-03-11,601318,14:22:44,62.6800,54,2
2026-03-11,601318,14:22:47,62.6900,41,1
2026-03-11,601318,14:22:50,62.6800,37,2
2026-03-11,601318,14:22:53,62.6900,39,1
2026-03-11,601318,14:22:56,62.6900,5,1
2026-03-11,601318,14:22:59,62.6800,3,2
2026-03-11,601318,14:23:02,62.6800,18,2
2026-03-11,601318,14:23:05,62.6800,9,2
2026-03-11,601318,14:23:08,62.6900,17,1
2026-03-11,601318,14:23:11,62.6800,67,2
2026-03-11,601318,14:23:14,62.6900,19,1
2026-03-11,601318,14:23:17,62.6900,18,1
2026-03-11,601318,14:23:20,62.6800,24,2
2026-03-11,601318,14:23:23,62.6800,72,2
2026-03-11,601318,14:23:26,62.6900,68,1
2026-03-11,601318,14:23:29,62.6900,21,1
2026-03-11,601318,14:23:32,62.6900,41,1
2026-03-11,601318,14:23:35,62.6900,8,2
2026-03-11,601318,14:23:38,62.7000,71,1
2026-03-11,601318,14:23:41,62.6900,40,2
2026-03-11,601318,14:23:44,62.6900,62,2
2026-03-11,601318,14:23:47,62.7000,6,1
2026-03-11,601318,14:23:50,62.7000,31,1
2026-03-11,601318,14:23:53,62.7000,21,1
2026-03-11,601318,14:23:56,62.7000,99,1
2026-03-11,601318,14:23:59,62.7000,33,1
2026-03-11,601318,14:24:02,62.7000,48,1
2026-03-11,601318,14:24:05,62.6900,87,2
2026-03-11,601318,14:24:08,62.7000,111,1
2026-03-11,601318,14:24:11,62.6900,24,2
2026-03-11,601318,14:24:14,62.7000,84,1
2026-03-11,601318,14:24:17,62.7000,36,1
2026-03-11,601318,14:24:20,62.7000,95,1
2026-03-11,601318,14:24:23,62.7100,47,1
2026-03-11,601318,14:24:26,62.7000,68,2
2026-03-11,601318,14:24:29,62.7000,30,2
2026-03-11,601318,14:24:32,62.7100,12,1
2026-03-11,601318,14:24:35,62.7100,29,1
2026-03-11,601318,14:24:38,62.7000,140,2
2026-03-11,601318,14:24:41,62.7000,71,2
2026-03-11,601318,14:24:44,62.7100,51,1
2026-03-11,601318,14:24:47,62.7100,28,1
2026-03-11,601318,14:24:50,62.7100,25,1
2026-03-11,601318,14:24:53,62.7100,23,1
2026-03-11,601318,14:24:56,62.7100,20,1
2026-03-11,601318,14:24:59,62.7100,5,1
2026-03-11,601318,14:25:02,62.7100,22,1
2026-03-11,601318,14:25:05,62.7100,47,1
2026-03-11,601318,14:25:08,62.6800,1021,2
2026-03-11,601318,14:25:11,62.6700,118,2
2026-03-11,601318,14:25:14,62.6800,88,1
2026-03-11,601318,14:25:17,62.6700,4,2
2026-03-11,601318,14:25:20,62.6700,26,2
2026-03-11,601318,14:25:23,62.6700,39,1
2026-03-11,601318,14:25:26,62.6700,19,1
2026-03-11,601318,14:25:29,62.6700,15,2
2026-03-11,601318,14:25:32,62.6700,34,2
2026-03-11,601318,14:25:35,62.6700,22,2
2026-03-11,601318,14:25:38,62.6800,17,1
2026-03-11,601318,14:25:41,62.6800,7,1
2026-03-11,601318,14:25:44,62.6700,21,2
2026-03-11,601318,14:25:47,62.6800,62,1
2026-03-11,601318,14:25:50,62.6700,49,2
2026-03-11,601318,14:25:53,62.6700,23,2
2026-03-11,601318,14:25:56,62.6800,17,1
2026-03-11,601318,14:25:59,62.6700,10,2
2026-03-11,601318,14:26:02,62.6700,164,2
2026-03-11,601318,14:26:05,62.6600,136,2
2026-03-11,601318,14:26:08,62.6700,19,1
2026-03-11,601318,14:26:11,62.6700,44,1
2026-03-11,601318,14:26:14,62.6600,6,2
2026-03-11,601318,14:26:17,62.6700,11,1
2026-03-11,601318,14:26:23,62.6600,9,2
2026-03-11,601318,14:26:26,62.6600,29,2
2026-03-11,601318,14:26:29,62.6600,39,2
2026-03-11,601318,14:26:32,62.6600,42,2
2026-03-11,601318,14:26:35,62.6700,6,1
2026-03-11,601318,14:26:38,62.6600,111,2
2026-03-11,601318,14:26:41,62.6700,5,1
2026-03-11,601318,14:26:44,62.6600,43,2
2026-03-11,601318,14:26:47,62.6700,31,1
2026-03-11,601318,14:26:50,62.6700,45,1
2026-03-11,601318,14:26:53,62.6600,7,2
2026-03-11,601318,14:26:56,62.6700,7,1
2026-03-11,601318,14:26:59,62.6700,61,1
2026-03-11,601318,14:27:02,62.6600,105,2
2026-03-11,601318,14:27:05,62.6600,216,2
2026-03-11,601318,14:27:08,62.6600,208,2
2026-03-11,601318,14:27:11,62.6600,91,2
2026-03-11,601318,14:27:14,62.6600,98,2
2026-03-11,601318,14:27:17,62.6600,72,2
2026-03-11,601318,14:27:20,62.6600,75,2
2026-03-11,601318,14:27:23,62.6700,5,1
2026-03-11,601318,14:27:26,62.6700,56,1
2026-03-11,601318,14:27:29,62.6600,43,2
2026-03-11,601318,14:27:32,62.6700,14,1
2026-03-11,601318,14:27:35,62.6600,5,2
2026-03-11,601318,14:27:38,62.6600,90,2
2026-03-11,601318,14:27:41,62.6700,19,4
2026-03-11,601318,14:27:44,62.6600,81,2
2026-03-11,601318,14:27:47,62.6700,24,1
2026-03-11,601318,14:27:50,62.6700,38,1
2026-03-11,601318,14:27:53,62.6600,30,2
2026-03-11,601318,14:27:56,62.6600,3,2
2026-03-11,601318,14:27:59,62.6700,26,1
2026-03-11,601318,14:28:02,62.6600,101,2
2026-03-11,601318,14:28:05,62.6600,93,2
2026-03-11,601318,14:28:08,62.6600,7,2
2026-03-11,601318,14:28:11,62.6700,63,1
2026-03-11,601318,14:28:14,62.6700,53,2
2026-03-11,601318,14:28:17,62.6700,35,2
2026-03-11,601318,14:28:20,62.6800,2,1
2026-03-11,601318,14:28:23,62.6800,108,1
2026-03-11,601318,14:28:26,62.6800,35,1
2026-03-11,601318,14:28:29,62.6800,42,1
2026-03-11,601318,14:28:32,62.6800,84,1
2026-03-11,601318,14:28:35,62.6800,64,2
2026-03-11,601318,14:28:38,62.6800,61,2
2026-03-11,601318,14:28:41,62.6900,91,1
2026-03-11,601318,14:28:44,62.6900,40,1
2026-03-11,601318,14:28:47,62.6800,227,2
2026-03-11,601318,14:28:50,62.6800,32,1
2026-03-11,601318,14:28:53,62.6800,3,1
2026-03-11,601318,14:28:56,62.6800,21,1
2026-03-11,601318,14:28:59,62.6700,48,2
2026-03-11,601318,14:29:02,62.6700,3,2
2026-03-11,601318,14:29:05,62.6800,144,1
2026-03-11,601318,14:29:08,62.6800,57,1
2026-03-11,601318,14:29:11,62.6700,21,2
2026-03-11,601318,14:29:14,62.6700,28,2
2026-03-11,601318,14:29:17,62.6700,86,2
2026-03-11,601318,14:29:20,62.6600,575,2
2026-03-11,601318,14:29:23,62.6700,24,1
2026-03-11,601318,14:29:26,62.6700,39,1
2026-03-11,601318,14:29:29,62.6600,33,2
2026-03-11,601318,14:29:32,62.6600,41,2
2026-03-11,601318,14:29:35,62.6500,144,2
2026-03-11,601318,14:29:38,62.6500,153,2
2026-03-11,601318,14:29:41,62.6500,34,2
2026-03-11,601318,14:29:44,62.6500,6,2
2026-03-11,601318,14:29:47,62.6600,81,1
2026-03-11,601318,14:29:50,62.6500,19,2
2026-03-11,601318,14:29:53,62.6600,26,1
2026-03-11,601318,14:29:56,62.6500,8,2
2026-03-11,601318,14:29:59,62.6500,27,2
2026-03-11,601318,14:30:02,62.6500,51,2
2026-03-11,601318,14:30:05,62.6600,97,1
2026-03-11,601318,14:30:08,62.6600,27,2
2026-03-11,601318,14:30:11,62.6700,24,1
2026-03-11,601318,14:30:14,62.6600,27,2
2026-03-11,601318,14:30:17,62.6700,3,1
2026-03-11,601318,14:30:20,62.6700,10,1
2026-03-11,601318,14:30:23,62.6700,41,1
2026-03-11,601318,14:30:26,62.6700,12,1
2026-03-11,601318,14:30:29,62.6700,11,1
2026-03-11,601318,14:30:32,62.6700,52,1
2026-03-11,601318,14:30:35,62.6700,119,1
2026-03-11,601318,14:30:38,62.6700,191,2
2026-03-11,601318,14:30:41,62.6800,23,1
2026-03-11,601318,14:30:44,62.6800,142,1
2026-03-11,601318,14:30:47,62.6800,22,2
2026-03-11,601318,14:30:50,62.6800,178,2
2026-03-11,601318,14:30:53,62.6800,15,2
2026-03-11,601318,14:30:56,62.6800,24,2
2026-03-11,601318,14:30:59,62.6900,52,1
2026-03-11,601318,14:31:02,62.6700,213,2
2026-03-11,601318,14:31:05,62.6900,66,1
2026-03-11,601318,14:31:08,62.6800,177,2
2026-03-11,601318,14:31:11,62.7000,26,1
2026-03-11,601318,14:31:14,62.7000,39,1
2026-03-11,601318,14:31:17,62.6900,84,2
2026-03-11,601318,14:31:20,62.7000,103,1
2026-03-11,601318,14:31:23,62.6800,155,2
2026-03-11,601318,14:31:26,62.6800,263,2
2026-03-11,601318,14:31:29,62.6900,21,1
2026-03-11,601318,14:31:32,62.6800,50,2
2026-03-11,601318,14:31:35,62.6900,68,1
2026-03-11,601318,14:31:38,62.6900,29,1
2026-03-11,601318,14:31:41,62.6800,47,2
2026-03-11,601318,14:31:47,62.6900,42,1
2026-03-11,601318,14:31:50,62.6900,32,1
2026-03-11,601318,14:31:56,62.6800,10,2
2026-03-11,601318,14:31:59,62.6700,1042,2
2026-03-11,601318,14:32:02,62.6500,72,2
2026-03-11,601318,14:32:05,62.6600,65,1
2026-03-11,601318,14:32:08,62.6500,59,2
2026-03-11,601318,14:32:11,62.6500,299,2
2026-03-11,601318,14:32:14,62.6400,118,2
2026-03-11,601318,14:32:17,62.6300,467,2
2026-03-11,601318,14:32:20,62.6200,182,2
2026-03-11,601318,14:32:23,62.6200,86,2
2026-03-11,601318,14:32:26,62.6200,38,2
2026-03-11,601318,14:32:29,62.6300,2,2
2026-03-11,601318,14:32:32,62.6300,97,2
2026-03-11,601318,14:32:35,62.6300,3,2
2026-03-11,601318,14:32:38,62.6200,196,2
2026-03-11,601318,14:32:41,62.6400,217,1
2026-03-11,601318,14:32:44,62.6300,73,2
2026-03-11,601318,14:32:47,62.6200,132,2
2026-03-11,601318,14:32:50,62.6100,233,2
2026-03-11,601318,14:32:53,62.6100,80,2
2026-03-11,601318,14:32:56,62.6300,15,1
2026-03-11,601318,14:32:59,62.6300,9,1
2026-03-11,601318,14:33:02,62.6200,50,2
2026-03-11,601318,14:33:05,62.6200,9,2
2026-03-11,601318,14:33:08,62.6200,9,2
2026-03-11,601318,14:33:11,62.6200,18,2
2026-03-11,601318,14:33:14,62.6200,32,2
2026-03-11,601318,14:33:17,62.6300,102,1
2026-03-11,601318,14:33:20,62.6200,8,2
2026-03-11,601318,14:33:23,62.6300,35,1
2026-03-11,601318,14:33:26,62.6200,164,2
2026-03-11,601318,14:33:29,62.6100,18,2
2026-03-11,601318,14:33:32,62.6100,61,2
2026-03-11,601318,14:33:35,62.6100,15,2
2026-03-11,601318,14:33:38,62.6200,116,1
2026-03-11,601318,14:33:41,62.6100,73,2
2026-03-11,601318,14:33:44,62.6100,42,2
2026-03-11,601318,14:33:47,62.6200,415,1
2026-03-11,601318,14:33:50,62.6200,105,1
2026-03-11,601318,14:33:53,62.6300,16,1
2026-03-11,601318,14:33:56,62.6400,78,1
2026-03-11,601318,14:33:59,62.6200,223,2
2026-03-11,601318,14:34:02,62.6500,85,1
2026-03-11,601318,14:34:05,62.6400,79,4
2026-03-11,601318,14:34:08,62.6600,13,1
2026-03-11,601318,14:34:11,62.6400,46,2
2026-03-11,601318,14:34:14,62.6400,67,2
2026-03-11,601318,14:34:17,62.6400,20,2
2026-03-11,601318,14:34:20,62.6500,18,1
2026-03-11,601318,14:34:23,62.6500,27,1
2026-03-11,601318,14:34:26,62.6500,17,1
2026-03-11,601318,14:34:29,62.6500,10,1
2026-03-11,601318,14:34:32,62.6500,102,1
2026-03-11,601318,14:34:35,62.6500,39,1
2026-03-11,601318,14:34:38,62.6600,60,1
2026-03-11,601318,14:34:41,62.6600,8,1
2026-03-11,601318,14:34:44,62.6500,20,2
2026-03-11,601318,14:34:47,62.6600,25,1
2026-03-11,601318,14:34:50,62.6500,38,2
2026-03-11,601318,14:34:53,62.6600,94,1
2026-03-11,601318,14:34:56,62.6600,168,1
2026-03-11,601318,14:34:59,62.6600,84,1
2026-03-11,601318,14:35:02,62.6600,50,1
2026-03-11,601318,14:35:05,62.6600,18,1
2026-03-11,601318,14:35:08,62.6500,451,2
2026-03-11,601318,14:35:11,62.6700,31,1
2026-03-11,601318,14:35:14,62.6600,79,2
2026-03-11,601318,14:35:17,62.6800,18,1
2026-03-11,601318,14:35:20,62.6700,59,2
2026-03-11,601318,14:35:23,62.6800,40,2
2026-03-11,601318,14:35:26,62.6800,54,1
2026-03-11,601318,14:35:29,62.7000,60,1
2026-03-11,601318,14:35:32,62.7000,32,1
2026-03-11,601318,14:35:35,62.6800,90,2
2026-03-11,601318,14:35:38,62.7000,106,1
2026-03-11,601318,14:35:41,62.7000,46,1
2026-03-11,601318,14:35:44,62.7000,83,1
2026-03-11,601318,14:35:47,62.7000,57,1
2026-03-11,601318,14:35:50,62.6800,159,2
2026-03-11,601318,14:35:53,62.6800,113,2
2026-03-11,601318,14:35:56,62.6800,223,2
2026-03-11,601318,14:35:59,62.6800,39,4
2026-03-11,601318,14:36:02,62.6700,218,2
2026-03-11,601318,14:36:05,62.6600,113,2
2026-03-11,601318,14:36:08,62.6500,125,2
2026-03-11,601318,14:36:11,62.6600,211,1
2026-03-11,601318,14:36:14,62.6600,88,1
2026-03-11,601318,14:36:17,62.6600,103,2
2026-03-11,601318,14:36:20,62.6800,38,1
2026-03-11,601318,14:36:23,62.6700,19,2
2026-03-11,601318,14:36:26,62.6700,17,2
2026-03-11,601318,14:36:29,62.6700,235,2
2026-03-11,601318,14:36:32,62.6700,21,1
2026-03-11,601318,14:36:35,62.6700,26,1
2026-03-11,601318,14:36:38,62.6700,113,1
2026-03-11,601318,14:36:41,62.6700,117,2
2026-03-11,601318,14:36:44,62.6800,24,1
2026-03-11,601318,14:36:47,62.6700,21,2
2026-03-11,601318,14:36:50,62.6800,22,1
2026-03-11,601318,14:36:53,62.6800,23,1
2026-03-11,601318,14:36:56,62.6800,163,1
2026-03-11,601318,14:36:59,62.6700,37,2
2026-03-11,601318,14:37:02,62.6700,100,2
2026-03-11,601318,14:37:05,62.6800,44,1
2026-03-11,601318,14:37:08,62.6700,29,2
2026-03-11,601318,14:37:11,62.6700,87,2
2026-03-11,601318,14:37:14,62.6700,28,2
2026-03-11,601318,14:37:17,62.6700,25,2
2026-03-11,601318,14:37:20,62.6800,10,1
2026-03-11,601318,14:37:23,62.6700,9,2
2026-03-11,601318,14:37:26,62.6800,57,1
2026-03-11,601318,14:37:29,62.6600,135,2
2026-03-11,601318,14:37:32,62.6700,25,1
2026-03-11,601318,14:37:35,62.6700,13,2
2026-03-11,601318,14:37:38,62.6600,170,2
2026-03-11,601318,14:37:41,62.6700,12,4
2026-03-11,601318,14:37:44,62.6700,4,1
2026-03-11,601318,14:37:47,62.6700,13,1
2026-03-11,601318,14:37:50,62.6600,14,2
2026-03-11,601318,14:37:53,62.6700,27,1
2026-03-11,601318,14:37:56,62.6600,25,2
2026-03-11,601318,14:37:59,62.6600,8,2
2026-03-11,601318,14:38:02,62.6600,40,2
2026-03-11,601318,14:38:05,62.6600,65,2
2026-03-11,601318,14:38:08,62.6700,7,1
2026-03-11,601318,14:38:11,62.6600,25,2
2026-03-11,601318,14:38:14,62.6700,11,1
2026-03-11,601318,14:38:17,62.6700,61,1
2026-03-11,601318,14:38:20,62.6600,43,2
2026-03-11,601318,14:38:23,62.6600,64,2
2026-03-11,601318,14:38:26,62.6600,112,2
2026-03-11,601318,14:38:29,62.6700,29,1
2026-03-11,601318,14:38:32,62.6600,30,2
2026-03-11,601318,14:38:35,62.6600,165,2
2026-03-11,601318,14:38:38,62.6700,158,1
2026-03-11,601318,14:38:41,62.6600,223,2
2026-03-11,601318,14:38:44,62.6600,37,2
2026-03-11,601318,14:38:47,62.6600,6,2
2026-03-11,601318,14:38:50,62.6700,5,1
2026-03-11,601318,14:38:53,62.6500,443,2
2026-03-11,601318,14:38:56,62.6600,141,1
2026-03-11,601318,14:38:59,62.6500,137,2
2026-03-11,601318,14:39:02,62.6400,118,2
2026-03-11,601318,14:39:05,62.6500,100,2
2026-03-11,601318,14:39:08,62.6500,34,4
2026-03-11,601318,14:39:11,62.6400,6,2
2026-03-11,601318,14:39:14,62.6300,15,2
2026-03-11,601318,14:39:17,62.6400,165,4
2026-03-11,601318,14:39:20,62.6400,14,1
2026-03-11,601318,14:39:23,62.6400,4,1
2026-03-11,601318,14:39:26,62.6500,107,1
2026-03-11,601318,14:39:29,62.6500,49,1
2026-03-11,601318,14:39:32,62.6300,57,2
2026-03-11,601318,14:39:35,62.6500,18,1
2026-03-11,601318,14:39:38,62.6400,80,1
2026-03-11,601318,14:39:41,62.6300,69,2
2026-03-11,601318,14:39:44,62.6400,67,4
2026-03-11,601318,14:39:47,62.6400,56,4
2026-03-11,601318,14:39:50,62.6300,120,2
2026-03-11,601318,14:39:53,62.6300,147,2
2026-03-11,601318,14:39:56,62.6500,19,1
2026-03-11,601318,14:39:59,62.6500,115,1
2026-03-11,601318,14:40:02,62.6300,91,2
2026-03-11,601318,14:40:05,62.6400,81,1
2026-03-11,601318,14:40:08,62.6300,75,2
2026-03-11,601318,14:40:11,62.6400,71,1
2026-03-11,601318,14:40:14,62.6500,17,1
2026-03-11,601318,14:40:17,62.6400,59,2
2026-03-11,601318,14:40:20,62.6500,17,1
2026-03-11,601318,14:40:23,62.6500,128,1
2026-03-11,601318,14:40:26,62.6400,24,2
2026-03-11,601318,14:40:29,62.6400,73,2
2026-03-11,601318,14:40:32,62.6500,29,1
2026-03-11,601318,14:40:35,62.6400,9,2
2026-03-11,601318,14:40:38,62.6400,23,2
2026-03-11,601318,14:40:41,62.6500,19,1
2026-03-11,601318,14:40:44,62.6500,119,1
2026-03-11,601318,14:40:47,62.6500,26,1
2026-03-11,601318,14:40:50,62.6500,43,1
2026-03-11,601318,14:40:53,62.6500,87,1
2026-03-11,601318,14:40:56,62.6500,74,1
2026-03-11,601318,14:40:59,62.6600,32,1
2026-03-11,601318,14:41:02,62.6500,208,2
2026-03-11,601318,14:41:05,62.6700,19,1
2026-03-11,601318,14:41:08,62.6800,31,1
2026-03-11,601318,14:41:11,62.6800,47,1
2026-03-11,601318,14:41:14,62.6800,81,2
2026-03-11,601318,14:41:17,62.6700,50,2
2026-03-11,601318,14:41:20,62.6800,100,1
2026-03-11,601318,14:41:23,62.6800,31,1
2026-03-11,601318,14:41:26,62.6800,24,1
2026-03-11,601318,14:41:29,62.6800,68,1
2026-03-11,601318,14:41:32,62.6700,38,2
2026-03-11,601318,14:41:35,62.6700,202,2
2026-03-11,601318,14:41:38,62.6700,512,2
2026-03-11,601318,14:41:41,62.6700,76,2
2026-03-11,601318,14:41:44,62.6600,25,2
2026-03-11,601318,14:41:47,62.6700,69,1
2026-03-11,601318,14:41:50,62.6700,49,2
2026-03-11,601318,14:41:53,62.6600,55,2
2026-03-11,601318,14:41:56,62.6700,19,1
2026-03-11,601318,14:41:59,62.6500,24,2
2026-03-11,601318,14:42:02,62.6600,4,1
2026-03-11,601318,14:42:05,62.6600,5,1
2026-03-11,601318,14:42:08,62.6600,16,1
2026-03-11,601318,14:42:11,62.6500,9,2
2026-03-11,601318,14:42:14,62.6600,215,1
2026-03-11,601318,14:42:17,62.6600,47,2
2026-03-11,601318,14:42:20,62.6600,85,2
2026-03-11,601318,14:42:23,62.6700,23,4
2026-03-11,601318,14:42:26,62.6800,63,1
2026-03-11,601318,14:42:29,62.6600,84,2
2026-03-11,601318,14:42:32,62.6700,14,4
2026-03-11,601318,14:42:35,62.6700,35,2
2026-03-11,601318,14:42:38,62.6700,138,2
2026-03-11,601318,14:42:41,62.6700,28,2
2026-03-11,601318,14:42:44,62.6600,77,2
2026-03-11,601318,14:42:47,62.6700,22,1
2026-03-11,601318,14:42:50,62.6600,56,2
2026-03-11,601318,14:42:53,62.6700,34,1
2026-03-11,601318,14:42:56,62.6700,38,1
2026-03-11,601318,14:42:59,62.6800,60,1
2026-03-11,601318,14:43:02,62.6600,88,2
2026-03-11,601318,14:43:05,62.6600,14,2
2026-03-11,601318,14:43:08,62.6800,17,1
2026-03-11,601318,14:43:11,62.6700,20,4
2026-03-11,601318,14:43:14,62.6700,21,2
2026-03-11,601318,14:43:17,62.6700,24,2
2026-03-11,601318,14:43:20,62.6700,79,2
2026-03-11,601318,14:43:23,62.6700,43,2
2026-03-11,601318,14:43:26,62.6600,120,2
2026-03-11,601318,14:43:29,62.6700,67,1
2026-03-11,601318,14:43:32,62.6700,48,1
2026-03-11,601318,14:43:35,62.6700,162,1
2026-03-11,601318,14:43:38,62.6600,70,1
2026-03-11,601318,14:43:41,62.6500,234,2
2026-03-11,601318,14:43:44,62.6500,45,2
2026-03-11,601318,14:43:47,62.6500,24,2
2026-03-11,601318,14:43:50,62.6600,8,1
2026-03-11,601318,14:43:53,62.6500,81,2
2026-03-11,601318,14:43:56,62.6500,41,2
2026-03-11,601318,14:43:59,62.6600,110,1
2026-03-11,601318,14:44:02,62.6600,58,1
2026-03-11,601318,14:44:05,62.6600,98,1
2026-03-11,601318,14:44:08,62.6500,79,2
2026-03-11,601318,14:44:11,62.6500,50,2
2026-03-11,601318,14:44:14,62.6600,59,1
2026-03-11,601318,14:44:17,62.6500,21,2
2026-03-11,601318,14:44:20,62.6600,162,1
2026-03-11,601318,14:44:23,62.6500,196,2
2026-03-11,601318,14:44:26,62.6400,300,2
2026-03-11,601318,14:44:29,62.6400,117,2
2026-03-11,601318,14:44:32,62.6400,30,2
2026-03-11,601318,14:44:35,62.6400,10,2
2026-03-11,601318,14:44:38,62.6500,206,1
2026-03-11,601318,14:44:41,62.6500,39,1
2026-03-11,601318,14:44:44,62.6400,17,2
2026-03-11,601318,14:44:47,62.6500,30,1
2026-03-11,601318,14:44:50,62.6500,144,2
2026-03-11,601318,14:44:53,62.6400,93,2
2026-03-11,601318,14:44:56,62.6700,1065,1
2026-03-11,601318,14:44:59,62.6800,105,1
2026-03-11,601318,14:45:02,62.6800,216,1
2026-03-11,601318,14:45:05,62.6700,40,1
2026-03-11,601318,14:45:08,62.6500,2308,2
2026-03-11,601318,14:45:11,62.6500,45,1
2026-03-11,601318,14:45:14,62.6400,13,2
2026-03-11,601318,14:45:17,62.6400,10,2
2026-03-11,601318,14:45:20,62.6500,35,1
2026-03-11,601318,14:45:23,62.6400,110,2
2026-03-11,601318,14:45:26,62.6500,109,1
2026-03-11,601318,14:45:29,62.6400,46,1
2026-03-11,601318,14:45:32,62.6300,20,2
2026-03-11,601318,14:45:35,62.6300,56,2
2026-03-11,601318,14:45:38,62.6300,110,2
2026-03-11,601318,14:45:41,62.6400,87,1
2026-03-11,601318,14:45:44,62.6400,72,1
2026-03-11,601318,14:45:47,62.6300,27,2
2026-03-11,601318,14:45:50,62.6300,56,2
2026-03-11,601318,14:45:53,62.6300,6,2
2026-03-11,601318,14:45:56,62.6300,9,2
2026-03-11,601318,14:45:59,62.6400,11,1
2026-03-11,601318,14:46:02,62.6400,33,1
2026-03-11,601318,14:46:05,62.6300,49,2
2026-03-11,601318,14:46:08,62.6300,98,2
2026-03-11,601318,14:46:11,62.6400,131,2
2026-03-11,601318,14:46:14,62.6400,18,2
2026-03-11,601318,14:46:17,62.6400,15,2
2026-03-11,601318,14:46:20,62.6500,15,1
2026-03-11,601318,14:46:23,62.6400,40,2
2026-03-11,601318,14:46:26,62.6500,6,1
2026-03-11,601318,14:46:29,62.6400,92,2
2026-03-11,601318,14:46:32,62.6400,41,2
2026-03-11,601318,14:46:35,62.6400,19,2
2026-03-11,601318,14:46:38,62.6400,26,2
2026-03-11,601318,14:46:41,62.6500,30,1
2026-03-11,601318,14:46:44,62.6500,44,1
2026-03-11,601318,14:46:47,62.6500,70,1
2026-03-11,601318,14:46:50,62.6400,161,2
2026-03-11,601318,14:46:53,62.6400,55,2
2026-03-11,601318,14:46:56,62.6400,49,2
2026-03-11,601318,14:46:59,62.6400,429,2
2026-03-11,601318,14:47:02,62.6300,125,2
2026-03-11,601318,14:47:05,62.6400,54,1
2026-03-11,601318,14:47:08,62.6300,193,2
2026-03-11,601318,14:47:11,62.6400,17,1
2026-03-11,601318,14:47:14,62.6400,76,1
2026-03-11,601318,14:47:17,62.6400,70,1
2026-03-11,601318,14:47:20,62.6400,174,1
2026-03-11,601318,14:47:23,62.6400,9,1
2026-03-11,601318,14:47:26,62.6300,664,2
2026-03-11,601318,14:47:29,62.6300,159,1
2026-03-11,601318,14:47:32,62.6300,182,1
2026-03-11,601318,14:47:35,62.6200,87,2
2026-03-11,601318,14:47:38,62.6200,174,2
2026-03-11,601318,14:47:41,62.6300,60,1
2026-03-11,601318,14:47:44,62.6300,94,2
2026-03-11,601318,14:47:47,62.6300,109,2
2026-03-11,601318,14:47:50,62.6300,70,1
2026-03-11,601318,14:47:53,62.6300,24,1
2026-03-11,601318,14:47:56,62.6200,24,2
2026-03-11,601318,14:47:59,62.6200,16,2
2026-03-11,601318,14:48:02,62.6300,34,1
2026-03-11,601318,14:48:05,62.6300,64,1
2026-03-11,601318,14:48:08,62.6200,109,2
2026-03-11,601318,14:48:11,62.6200,54,2
2026-03-11,601318,14:48:14,62.6200,33,2
2026-03-11,601318,14:48:17,62.6200,86,2
2026-03-11,601318,14:48:20,62.6300,68,1
2026-03-11,601318,14:48:23,62.6300,182,1
2026-03-11,601318,14:48:26,62.6300,25,2
2026-03-11,601318,14:48:29,62.6400,18,1
2026-03-11,601318,14:48:32,62.6400,20,1
2026-03-11,601318,14:48:35,62.6300,50,2
2026-03-11,601318,14:48:38,62.6300,196,2
2026-03-11,601318,14:48:41,62.6300,18,2
2026-03-11,601318,14:48:44,62.6300,39,2
2026-03-11,601318,14:48:47,62.6300,97,2
2026-03-11,601318,14:48:50,62.6400,410,1
2026-03-11,601318,14:48:53,62.6300,19,2
2026-03-11,601318,14:48:56,62.6300,21,2
2026-03-11,601318,14:48:59,62.6300,81,2
2026-03-11,601318,14:49:02,62.6300,348,2
2026-03-11,601318,14:49:05,62.6300,29,2
2026-03-11,601318,14:49:08,62.6400,204,1
2026-03-11,601318,14:49:11,62.6300,39,2
2026-03-11,601318,14:49:14,62.6400,213,4
2026-03-11,601318,14:49:17,62.6400,105,2
2026-03-11,601318,14:49:20,62.6300,163,2
2026-03-11,601318,14:49:23,62.6500,482,1
2026-03-11,601318,14:49:26,62.6500,87,1
2026-03-11,601318,14:49:29,62.6500,3,1
2026-03-11,601318,14:49:32,62.6300,32,2
2026-03-11,601318,14:49:35,62.6500,174,1
2026-03-11,601318,14:49:38,62.6600,28,1
2026-03-11,601318,14:49:41,62.6500,48,1
2026-03-11,601318,14:49:44,62.6500,18,1
2026-03-11,601318,14:49:47,62.6400,6,4
2026-03-11,601318,14:49:50,62.6500,11,1
2026-03-11,601318,14:49:53,62.6400,404,2
2026-03-11,601318,14:49:56,62.6400,22,2
2026-03-11,601318,14:49:59,62.6300,18,2
2026-03-11,601318,14:50:02,62.6300,230,2
2026-03-11,601318,14:50:05,62.6400,28,1
2026-03-11,601318,14:50:08,62.6300,834,2
2026-03-11,601318,14:50:11,62.6200,506,2
2026-03-11,601318,14:50:14,62.6300,86,1
2026-03-11,601318,14:50:17,62.6200,206,2
2026-03-11,601318,14:50:20,62.6200,373,2
2026-03-11,601318,14:50:23,62.6200,101,1
2026-03-11,601318,14:50:26,62.6300,72,1
2026-03-11,601318,14:50:29,62.6300,34,1
2026-03-11,601318,14:50:32,62.6300,25,1
2026-03-11,601318,14:50:35,62.6200,67,2
2026-03-11,601318,14:50:38,62.6300,78,1
2026-03-11,601318,14:50:41,62.6200,164,2
2026-03-11,601318,14:50:44,62.6300,171,1
2026-03-11,601318,14:50:47,62.6300,41,1
2026-03-11,601318,14:50:50,62.6200,212,2
2026-03-11,601318,14:50:53,62.6200,61,1
2026-03-11,601318,14:50:56,62.6200,213,1
2026-03-11,601318,14:50:59,62.6200,15,1
2026-03-11,601318,14:51:02,62.6200,130,1
2026-03-11,601318,14:51:05,62.6100,95,2
2026-03-11,601318,14:51:08,62.6000,105,2
2026-03-11,601318,14:51:11,62.6100,103,1
2026-03-11,601318,14:51:14,62.6100,110,1
2026-03-11,601318,14:51:17,62.6100,16,2
2026-03-11,601318,14:51:20,62.6200,35,1
2026-03-11,601318,14:51:23,62.6200,24,1
2026-03-11,601318,14:51:26,62.6200,596,1
2026-03-11,601318,14:51:29,62.6200,29,2
2026-03-11,601318,14:51:32,62.6200,21,2
2026-03-11,601318,14:51:35,62.6300,38,1
2026-03-11,601318,14:51:38,62.6200,51,2
2026-03-11,601318,14:51:41,62.6200,13,2
2026-03-11,601318,14:51:44,62.6300,10,1
2026-03-11,601318,14:51:47,62.6300,44,1
2026-03-11,601318,14:51:50,62.6200,10,2
2026-03-11,601318,14:51:53,62.6300,19,1
2026-03-11,601318,14:51:56,62.6300,132,1
2026-03-11,601318,14:51:59,62.6300,676,1
2026-03-11,601318,14:52:02,62.6200,255,2
2026-03-11,601318,14:52:05,62.6100,46,2
2026-03-11,601318,14:52:08,62.6000,121,2
2026-03-11,601318,14:52:11,62.6100,28,1
2026-03-11,601318,14:52:14,62.6100,95,1
2026-03-11,601318,14:52:17,62.6100,8,2
2026-03-11,601318,14:52:20,62.6100,20,2
2026-03-11,601318,14:52:23,62.6100,24,2
2026-03-11,601318,14:52:26,62.6100,333,2
2026-03-11,601318,14:52:29,62.6000,41,2
2026-03-11,601318,14:52:32,62.6100,180,1
2026-03-11,601318,14:52:35,62.6100,804,2
2026-03-11,601318,14:52:38,62.6000,139,2
2026-03-11,601318,14:52:41,62.6000,125,2
2026-03-11,601318,14:52:44,62.5900,1357,2
2026-03-11,601318,14:52:47,62.5900,170,1
2026-03-11,601318,14:52:50,62.5900,8,1
2026-03-11,601318,14:52:53,62.5900,81,1
2026-03-11,601318,14:52:56,62.5800,61,2
2026-03-11,601318,14:52:59,62.5900,45,1
2026-03-11,601318,14:53:02,62.5900,34,2
2026-03-11,601318,14:53:05,62.5800,362,2
2026-03-11,601318,14:53:08,62.5800,210,2
2026-03-11,601318,14:53:11,62.5700,403,2
2026-03-11,601318,14:53:14,62.5700,260,2
2026-03-11,601318,14:53:17,62.5700,42,2
2026-03-11,601318,14:53:20,62.5900,302,1
2026-03-11,601318,14:53:23,62.5700,54,2
2026-03-11,601318,14:53:26,62.5900,83,1
2026-03-11,601318,14:53:29,62.5600,285,2
2026-03-11,601318,14:53:32,62.5800,32,1
2026-03-11,601318,14:53:35,62.5800,114,1
2026-03-11,601318,14:53:38,62.5800,108,1
2026-03-11,601318,14:53:41,62.5700,258,2
2026-03-11,601318,14:53:44,62.5800,80,1
2026-03-11,601318,14:53:47,62.5700,79,2
2026-03-11,601318,14:53:50,62.5800,123,1
2026-03-11,601318,14:53:53,62.5700,313,2
2026-03-11,601318,14:53:56,62.5600,37,2
2026-03-11,601318,14:53:59,62.5700,51,1
2026-03-11,601318,14:54:02,62.5700,301,4
2026-03-11,601318,14:54:05,62.5500,458,2
2026-03-11,601318,14:54:08,62.5400,205,2
2026-03-11,601318,14:54:11,62.5600,62,1
2026-03-11,601318,14:54:14,62.5500,178,4
2026-03-11,601318,14:54:17,62.5600,42,1
2026-03-11,601318,14:54:20,62.5400,51,2
2026-03-11,601318,14:54:23,62.5600,24,1
2026-03-11,601318,14:54:26,62.5600,181,1
2026-03-11,601318,14:54:29,62.5600,463,1
2026-03-11,601318,14:54:32,62.5400,322,2
2026-03-11,601318,14:54:35,62.5400,101,2
2026-03-11,601318,14:54:38,62.5700,13,1
2026-03-11,601318,14:54:41,62.5600,23,2
2026-03-11,601318,14:54:44,62.5700,48,1
2026-03-11,601318,14:54:47,62.5700,53,1
2026-03-11,601318,14:54:50,62.5600,70,2
2026-03-11,601318,14:54:53,62.5600,17,2
2026-03-11,601318,14:54:56,62.5600,168,2
2026-03-11,601318,14:54:59,62.5700,103,4
2026-03-11,601318,14:55:02,62.5700,50,2
2026-03-11,601318,14:55:05,62.5600,132,2
2026-03-11,601318,14:55:08,62.5700,76,1
2026-03-11,601318,14:55:11,62.5600,104,2
2026-03-11,601318,14:55:14,62.5700,19,1
2026-03-11,601318,14:55:17,62.5500,68,2
2026-03-11,601318,14:55:20,62.5500,27,2
2026-03-11,601318,14:55:23,62.5600,24,4
2026-03-11,601318,14:55:26,62.5600,111,2
2026-03-11,601318,14:55:29,62.5600,693,4
2026-03-11,601318,14:55:32,62.5500,150,4
2026-03-11,601318,14:55:35,62.5500,490,1
2026-03-11,601318,14:55:38,62.5700,73,1
2026-03-11,601318,14:55:41,62.5300,737,2
2026-03-11,601318,14:55:44,62.5400,40,4
2026-03-11,601318,14:55:47,62.5200,173,2
2026-03-11,601318,14:55:50,62.5200,110,2
2026-03-11,601318,14:55:53,62.5200,72,2
2026-03-11,601318,14:55:56,62.5300,292,4
2026-03-11,601318,14:55:59,62.5400,117,1
2026-03-11,601318,14:56:02,62.5400,106,1
2026-03-11,601318,14:56:05,62.5200,83,2
2026-03-11,601318,14:56:08,62.5500,109,1
2026-03-11,601318,14:56:11,62.5600,81,1
2026-03-11,601318,14:56:14,62.5700,59,1
2026-03-11,601318,14:56:17,62.5700,59,1
2026-03-11,601318,14:56:20,62.5400,38,2
2026-03-11,601318,14:56:23,62.5600,38,1
2026-03-11,601318,14:56:26,62.5700,87,1
2026-03-11,601318,14:56:29,62.5600,45,2
2026-03-11,601318,14:56:32,62.5600,88,2
2026-03-11,601318,14:56:35,62.5500,147,2
2026-03-11,601318,14:56:38,62.5800,27,1
2026-03-11,601318,14:56:41,62.5500,44,2
2026-03-11,601318,14:56:44,62.5600,113,4
2026-03-11,601318,14:56:47,62.5500,58,2
2026-03-11,601318,14:56:50,62.5600,120,1
2026-03-11,601318,14:56:53,62.5600,253,1
2026-03-11,601318,14:56:56,62.5500,62,2
2026-03-11,601318,14:56:59,62.5700,61,1
2026-03-11,601318,14:57:02,62.5700,8,1
2026-03-11,601318,15:00:02,62.5500,3874,4
2026-03-11,601318,13:16:32,62.8100,41,1
2026-03-11,601318,13:16:35,62.8100,37,1
2026-03-11,601318,13:16:38,62.8100,96,2
2026-03-11,601318,13:16:41,62.8100,33,2
2026-03-11,601318,13:16:44,62.8100,26,2
2026-03-11,601318,13:16:47,62.8100,19,2
2026-03-11,601318,13:16:50,62.8200,29,1
2026-03-11,601318,13:16:53,62.8300,114,1
2026-03-11,601318,13:16:56,62.8200,70,4
2026-03-11,601318,13:16:59,62.8200,18,2
2026-03-11,601318,13:17:02,62.8000,486,2
2026-03-11,601318,13:17:05,62.8000,198,1
2026-03-11,601318,13:17:08,62.8000,101,1
2026-03-11,601318,13:17:11,62.8000,214,1
2026-03-11,601318,13:17:14,62.8100,76,1
2026-03-11,601318,13:17:17,62.8200,25,1
2026-03-11,601318,13:17:20,62.8200,53,2
2026-03-11,601318,13:17:23,62.8000,252,2
2026-03-11,601318,13:17:26,62.8000,71,1
2026-03-11,601318,13:17:29,62.8000,15,1
2026-03-11,601318,13:17:32,62.7900,9,2
2026-03-11,601318,13:17:35,62.8000,16,1
2026-03-11,601318,13:17:38,62.8000,16,1
2026-03-11,601318,13:17:41,62.7900,41,2
2026-03-11,601318,13:17:44,62.7900,52,2
2026-03-11,601318,13:17:47,62.7900,98,2
2026-03-11,601318,13:17:50,62.7900,71,2
2026-03-11,601318,13:17:53,62.7900,50,2
2026-03-11,601318,13:17:56,62.8000,38,1
2026-03-11,601318,13:17:59,62.8000,30,2
2026-03-11,601318,13:18:02,62.7800,324,2
2026-03-11,601318,13:18:05,62.7800,227,1
2026-03-11,601318,13:18:08,62.7800,129,1
2026-03-11,601318,13:18:11,62.7800,104,1
2026-03-11,601318,13:18:14,62.7900,120,1
2026-03-11,601318,13:18:17,62.8100,39,1
2026-03-11,601318,13:18:20,62.8200,44,1
2026-03-11,601318,13:18:23,62.8000,87,2
2026-03-11,601318,13:18:26,62.8100,101,2
2026-03-11,601318,13:18:29,62.8000,43,2
2026-03-11,601318,13:18:32,62.8000,19,2
2026-03-11,601318,13:18:35,62.8000,114,2
2026-03-11,601318,13:18:38,62.8100,46,1
2026-03-11,601318,13:18:41,62.8100,64,1
2026-03-11,601318,13:18:44,62.8000,109,2
2026-03-11,601318,13:18:47,62.8000,67,1
2026-03-11,601318,13:18:50,62.8100,57,1
2026-03-11,601318,13:18:53,62.8100,60,1
2026-03-11,601318,13:18:56,62.8200,50,1
2026-03-11,601318,13:18:59,62.8100,168,2
2026-03-11,601318,13:19:02,62.8200,89,1
2026-03-11,601318,13:19:05,62.8100,119,2
2026-03-11,601318,13:19:08,62.8000,85,2
2026-03-11,601318,13:19:11,62.8100,28,1
2026-03-11,601318,13:19:14,62.8100,27,1
2026-03-11,601318,13:19:17,62.8100,35,2
2026-03-11,601318,13:19:20,62.8300,24,1
2026-03-11,601318,13:19:23,62.8300,31,1
2026-03-11,601318,13:19:26,62.8200,28,2
2026-03-11,601318,13:19:29,62.8100,116,2
2026-03-11,601318,13:19:32,62.8300,81,1
2026-03-11,601318,13:19:35,62.8300,414,2
2026-03-11,601318,13:19:38,62.8200,238,2
2026-03-11,601318,13:19:41,62.8300,97,1
2026-03-11,601318,13:19:44,62.8300,46,1
2026-03-11,601318,13:19:47,62.8500,129,1
2026-03-11,601318,13:19:50,62.8600,54,1
2026-03-11,601318,13:19:53,62.8600,34,1
2026-03-11,601318,13:19:56,62.8600,21,1
2026-03-11,601318,13:19:59,62.8600,21,1
2026-03-11,601318,13:20:02,62.8600,35,1
2026-03-11,601318,13:20:05,62.8600,77,1
2026-03-11,601318,13:20:08,62.8700,93,1
2026-03-11,601318,13:20:11,62.8700,94,1
2026-03-11,601318,13:20:14,62.8600,116,2
2026-03-11,601318,13:20:17,62.8600,213,2
2026-03-11,601318,13:20:20,62.8700,259,1
2026-03-11,601318,13:20:23,62.8700,122,1
2026-03-11,601318,13:20:26,62.8500,143,2
2026-03-11,601318,13:20:29,62.8400,331,2
2026-03-11,601318,13:20:32,62.8400,167,2
2026-03-11,601318,13:20:35,62.8400,263,2
2026-03-11,601318,13:20:38,62.8400,41,1
2026-03-11,601318,13:20:41,62.8400,120,2
2026-03-11,601318,13:20:44,62.8500,116,1
2026-03-11,601318,13:20:47,62.8600,46,1
2026-03-11,601318,13:20:50,62.8600,263,1
2026-03-11,601318,13:20:53,62.8500,359,2
2026-03-11,601318,13:20:56,62.8600,105,1
2026-03-11,601318,13:20:59,62.8700,64,1
2026-03-11,601318,13:21:02,62.8600,109,2
2026-03-11,601318,13:21:05,62.8600,38,1
2026-03-11,601318,13:21:08,62.8600,41,2
2026-03-11,601318,13:21:11,62.8600,29,2
2026-03-11,601318,13:21:14,62.8700,102,1
2026-03-11,601318,13:21:17,62.8600,158,2
2026-03-11,601318,13:21:20,62.8600,91,2
2026-03-11,601318,13:21:23,62.8600,132,2
2026-03-11,601318,13:21:26,62.8600,149,2
2026-03-11,601318,13:21:29,62.8700,345,1
2026-03-11,601318,13:21:32,62.8500,422,2
2026-03-11,601318,13:21:35,62.8600,203,1
2026-03-11,601318,13:21:38,62.8600,58,1
2026-03-11,601318,13:21:41,62.8600,12,1
2026-03-11,601318,13:21:44,62.8500,58,2
2026-03-11,601318,13:21:47,62.8500,32,2
2026-03-11,601318,13:21:50,62.8500,112,2
2026-03-11,601318,13:21:53,62.8500,60,2
2026-03-11,601318,13:21:56,62.8500,168,2
2026-03-11,601318,13:21:59,62.8300,238,2
2026-03-11,601318,13:22:02,62.8400,153,1
2026-03-11,601318,13:22:05,62.8400,21,1
2026-03-11,601318,13:22:08,62.8300,35,4
2026-03-11,601318,13:22:11,62.8200,32,2
2026-03-11,601318,13:22:14,62.8200,41,2
2026-03-11,601318,13:22:17,62.8200,14,4
2026-03-11,601318,13:22:20,62.8100,117,2
2026-03-11,601318,13:22:23,62.8100,30,1
2026-03-11,601318,13:22:26,62.8100,38,1
2026-03-11,601318,13:22:29,62.8000,35,2
2026-03-11,601318,13:22:32,62.8100,65,2
2026-03-11,601318,13:22:35,62.8000,63,2
2026-03-11,601318,13:22:38,62.8000,38,1
2026-03-11,601318,13:22:41,62.8000,6,1
2026-03-11,601318,13:22:44,62.8000,17,1
2026-03-11,601318,13:22:47,62.8000,35,1
2026-03-11,601318,13:22:50,62.7900,20,2
2026-03-11,601318,13:22:53,62.8000,10,1
2026-03-11,601318,13:22:56,62.7900,8,2
2026-03-11,601318,13:22:59,62.7900,8,2
2026-03-11,601318,13:23:02,62.8000,20,1
2026-03-11,601318,13:23:05,62.7900,302,2
2026-03-11,601318,13:23:08,62.7800,36,2
2026-03-11,601318,13:23:11,62.7800,418,2
2026-03-11,601318,13:23:14,62.7800,37,1
2026-03-11,601318,13:23:17,62.7900,29,1
2026-03-11,601318,13:23:20,62.7800,11,1
2026-03-11,601318,13:23:23,62.7800,70,1
2026-03-11,601318,13:23:26,62.7800,19,2
2026-03-11,601318,13:23:29,62.7800,90,2
2026-03-11,601318,13:23:32,62.7900,12,1
2026-03-11,601318,13:23:35,62.7800,25,2
2026-03-11,601318,13:23:38,62.7800,86,2
2026-03-11,601318,13:23:41,62.7700,1,2
2026-03-11,601318,13:23:44,62.7700,14,2
2026-03-11,601318,13:23:47,62.7600,210,2
2026-03-11,601318,13:23:50,62.7700,24,1
2026-03-11,601318,13:23:53,62.7600,7,2
2026-03-11,601318,13:23:56,62.7600,282,2
2026-03-11,601318,13:23:59,62.7700,18,1
2026-03-11,601318,13:24:02,62.7600,131,2
2026-03-11,601318,13:24:05,62.7600,33,1
2026-03-11,601318,13:24:08,62.7500,130,2
2026-03-11,601318,13:24:11,62.7400,384,2
2026-03-11,601318,13:24:14,62.7400,77,2
2026-03-11,601318,13:24:17,62.7600,17,1
2026-03-11,601318,13:24:20,62.7500,5,2
2026-03-11,601318,13:24:26,62.7500,91,2
2026-03-11,601318,13:24:29,62.7500,1,1
2026-03-11,601318,13:24:32,62.7500,389,1
2026-03-11,601318,13:24:35,62.7500,151,2
2026-03-11,601318,13:24:38,62.7500,69,2
2026-03-11,601318,13:24:41,62.7700,56,1
2026-03-11,601318,13:24:44,62.7500,118,2
2026-03-11,601318,13:24:47,62.7700,14,1
2026-03-11,601318,13:24:50,62.7500,25,2
2026-03-11,601318,13:24:53,62.7700,11,1
2026-03-11,601318,13:24:56,62.7700,38,1
2026-03-11,601318,13:24:59,62.7700,14,1
2026-03-11,601318,13:25:02,62.7600,29,2
2026-03-11,601318,13:25:05,62.7700,3,4
2026-03-11,601318,13:25:08,62.7700,7,1
2026-03-11,601318,13:25:11,62.7500,170,2
2026-03-11,601318,13:25:14,62.7500,386,2
2026-03-11,601318,13:25:17,62.7400,236,2
2026-03-11,601318,13:25:20,62.7200,5,2
2026-03-11,601318,13:25:23,62.7100,16,2
2026-03-11,601318,13:25:26,62.7200,51,1
2026-03-11,601318,13:25:29,62.7100,34,2
2026-03-11,601318,13:25:32,62.7100,53,1
2026-03-11,601318,13:25:35,62.7100,12,2
2026-03-11,601318,13:25:38,62.7100,52,2
2026-03-11,601318,13:25:41,62.7100,350,1
2026-03-11,601318,13:25:44,62.7000,298,2
2026-03-11,601318,13:25:47,62.6800,36,2
2026-03-11,601318,13:25:50,62.6800,180,2
2026-03-11,601318,13:25:53,62.6700,6,2
2026-03-11,601318,13:25:56,62.6800,36,1
2026-03-11,601318,13:25:59,62.7000,312,1
2026-03-11,601318,13:26:02,62.7000,112,1
2026-03-11,601318,13:26:05,62.6900,139,2
2026-03-11,601318,13:26:08,62.6900,24,2
2026-03-11,601318,13:26:11,62.6900,65,2
2026-03-11,601318,13:26:14,62.6900,32,2
2026-03-11,601318,13:26:17,62.7100,191,1
2026-03-11,601318,13:26:20,62.7000,4,2
2026-03-11,601318,13:26:23,62.7000,59,2
2026-03-11,601318,13:26:26,62.7000,25,4
2026-03-11,601318,13:26:29,62.7200,58,1
2026-03-11,601318,13:26:32,62.7000,25,2
2026-03-11,601318,13:26:35,62.7200,27,1
2026-03-11,601318,13:26:38,62.7100,5,4
2026-03-11,601318,13:26:41,62.7200,39,1
2026-03-11,601318,13:26:44,62.7200,29,1
2026-03-11,601318,13:26:47,62.7200,22,2
2026-03-11,601318,13:26:50,62.7300,2,1
2026-03-11,601318,13:26:53,62.7300,58,1
2026-03-11,601318,13:26:56,62.7400,20,1
2026-03-11,601318,13:26:59,62.7400,74,1
2026-03-11,601318,13:27:02,62.7400,42,1
2026-03-11,601318,13:27:05,62.7500,102,1
2026-03-11,601318,13:27:08,62.7400,13,2
2026-03-11,601318,13:27:11,62.7400,81,2
2026-03-11,601318,13:27:14,62.7400,17,1
2026-03-11,601318,13:27:17,62.7400,3,2
2026-03-11,601318,13:27:20,62.7400,8,2
2026-03-11,601318,13:27:23,62.7500,52,1
2026-03-11,601318,13:27:26,62.7400,18,2
2026-03-11,601318,13:27:29,62.7400,47,2
2026-03-11,601318,13:27:32,62.7400,88,2
2026-03-11,601318,13:27:35,62.7400,359,2
2026-03-11,601318,13:27:38,62.7200,102,2
2026-03-11,601318,13:27:41,62.7200,187,2
2026-03-11,601318,13:27:44,62.7100,86,2
2026-03-11,601318,13:27:47,62.7000,52,2
2026-03-11,601318,13:27:50,62.7000,35,1
2026-03-11,601318,13:27:53,62.7000,14,1
2026-03-11,601318,13:27:56,62.7000,90,1
2026-03-11,601318,13:27:59,62.7100,6,1
2026-03-11,601318,13:28:02,62.7100,31,1
2026-03-11,601318,13:28:05,62.7100,5,1
2026-03-11,601318,13:28:08,62.7000,14,2
2026-03-11,601318,13:28:11,62.7000,31,2
2026-03-11,601318,13:28:14,62.7100,6,1
2026-03-11,601318,13:28:17,62.7000,104,2
2026-03-11,601318,13:28:20,62.6900,44,2
2026-03-11,601318,13:28:23,62.6900,70,1
2026-03-11,601318,13:28:26,62.6900,180,1
2026-03-11,601318,13:28:29,62.6900,43,1
2026-03-11,601318,13:28:32,62.6900,103,2
2026-03-11,601318,13:28:35,62.6800,118,2
2026-03-11,601318,13:28:38,62.7000,315,1
2026-03-11,601318,13:28:41,62.7000,35,2
2026-03-11,601318,13:28:44,62.7100,31,1
2026-03-11,601318,13:28:47,62.7000,28,2
2026-03-11,601318,13:28:50,62.7000,80,2
2026-03-11,601318,13:28:53,62.7000,73,2
2026-03-11,601318,13:28:56,62.6800,710,2
2026-03-11,601318,13:28:59,62.6700,49,2
2026-03-11,601318,13:29:02,62.6700,79,2
2026-03-11,601318,13:29:05,62.6700,41,1
2026-03-11,601318,13:29:08,62.6600,48,2
2026-03-11,601318,13:29:11,62.6600,143,2
2026-03-11,601318,13:29:14,62.6600,94,2
2026-03-11,601318,13:29:17,62.6600,67,1
2026-03-11,601318,13:29:20,62.6600,63,1
2026-03-11,601318,13:29:23,62.6600,86,1
2026-03-11,601318,13:29:26,62.6600,169,1
2026-03-11,601318,13:29:29,62.6300,731,2
2026-03-11,601318,13:29:32,62.6300,61,1
2026-03-11,601318,13:29:35,62.6300,65,1
2026-03-11,601318,13:29:38,62.6200,114,2
2026-03-11,601318,13:29:41,62.6100,17,2
2026-03-11,601318,13:29:44,62.6100,3,2
2026-03-11,601318,13:29:47,62.6200,36,1
2026-03-11,601318,13:29:50,62.6200,19,2
2026-03-11,601318,13:29:53,62.6100,35,2
2026-03-11,601318,13:29:56,62.6100,70,2
2026-03-11,601318,13:29:59,62.6200,68,1
2026-03-11,601318,13:30:02,62.6100,84,2
2026-03-11,601318,13:30:05,62.6300,78,1
2026-03-11,601318,13:30:08,62.6200,148,2
2026-03-11,601318,13:30:11,62.6200,210,2
2026-03-11,601318,13:30:14,62.6200,3,2
2026-03-11,601318,13:30:17,62.6200,40,2
2026-03-11,601318,13:30:20,62.6100,263,2
2026-03-11,601318,13:30:23,62.6000,71,2
2026-03-11,601318,13:30:26,62.6100,20,4
2026-03-11,601318,13:30:29,62.6100,25,1
2026-03-11,601318,13:30:32,62.6000,92,2
2026-03-11,601318,13:30:35,62.6200,63,1
2026-03-11,601318,13:30:38,62.6100,4,1
2026-03-11,601318,13:30:41,62.6100,25,2
2026-03-11,601318,13:30:44,62.6100,89,2
2026-03-11,601318,13:30:47,62.6100,21,2
2026-03-11,601318,13:30:50,62.6100,52,1
2026-03-11,601318,13:30:53,62.6100,14,1
2026-03-11,601318,13:30:56,62.6000,143,2
2026-03-11,601318,13:30:59,62.5900,104,2
2026-03-11,601318,13:31:02,62.6000,96,1
2026-03-11,601318,13:31:05,62.6000,22,1
2026-03-11,601318,13:31:08,62.6000,63,1
2026-03-11,601318,13:31:11,62.6000,139,1
2026-03-11,601318,13:31:14,62.6000,1015,1
2026-03-11,601318,13:31:17,62.6100,136,1
2026-03-11,601318,13:31:20,62.6200,92,1
2026-03-11,601318,13:31:23,62.6200,48,1
2026-03-11,601318,13:31:26,62.6200,60,1
2026-03-11,601318,13:31:29,62.6200,23,1
2026-03-11,601318,13:31:32,62.6200,76,1
2026-03-11,601318,13:31:35,62.6300,151,1
2026-03-11,601318,13:31:38,62.6200,7,2
2026-03-11,601318,13:31:41,62.6300,26,1
2026-03-11,601318,13:31:44,62.6300,32,1
2026-03-11,601318,13:31:47,62.6200,120,2
2026-03-11,601318,13:31:50,62.6300,9,1
2026-03-11,601318,13:31:53,62.6500,202,1
2026-03-11,601318,13:31:56,62.6400,60,1
2026-03-11,601318,13:31:59,62.6500,56,1
2026-03-11,601318,13:32:02,62.6300,7,2
2026-03-11,601318,13:32:05,62.6300,23,2
2026-03-11,601318,13:32:08,62.6500,60,1
2026-03-11,601318,13:32:11,62.6500,17,1
2026-03-11,601318,13:32:14,62.6400,60,2
2026-03-11,601318,13:32:17,62.6500,13,1
2026-03-11,601318,13:32:20,62.6400,19,1
2026-03-11,601318,13:32:23,62.6500,12,1
2026-03-11,601318,13:32:26,62.6400,17,2
2026-03-11,601318,13:32:29,62.6400,12,2
2026-03-11,601318,13:32:32,62.6300,816,2
2026-03-11,601318,13:32:35,62.6100,647,2
2026-03-11,601318,13:32:38,62.6100,133,1
2026-03-11,601318,13:32:41,62.5900,138,2
2026-03-11,601318,13:32:44,62.6000,32,1
2026-03-11,601318,13:32:47,62.6100,433,1
2026-03-11,601318,13:32:50,62.6100,212,1
2026-03-11,601318,13:32:53,62.6300,47,1
2026-03-11,601318,13:32:56,62.6300,2,2
2026-03-11,601318,13:32:59,62.6500,140,1
2026-03-11,601318,13:33:02,62.6400,35,2
2026-03-11,601318,13:33:05,62.6500,40,1
2026-03-11,601318,13:33:08,62.6400,18,2
2026-03-11,601318,13:33:11,62.6500,48,1
2026-03-11,601318,13:33:14,62.6500,8,2
2026-03-11,601318,13:33:17,62.6500,30,1
2026-03-11,601318,13:33:20,62.6500,28,2
2026-03-11,601318,13:33:23,62.6400,46,2
2026-03-11,601318,13:33:26,62.6400,317,2
2026-03-11,601318,13:33:29,62.6500,162,1
2026-03-11,601318,13:33:32,62.6400,55,2
2026-03-11,601318,13:33:35,62.6300,17,2
2026-03-11,601318,13:33:38,62.6500,23,1
2026-03-11,601318,13:33:41,62.6300,15,2
2026-03-11,601318,13:33:44,62.6400,32,1
2026-03-11,601318,13:33:47,62.6400,40,2
2026-03-11,601318,13:33:50,62.6300,81,2
2026-03-11,601318,13:33:53,62.6400,49,1
2026-03-11,601318,13:33:56,62.6200,109,2
2026-03-11,601318,13:33:59,62.6300,29,1
2026-03-11,601318,13:34:02,62.6300,100,1
2026-03-11,601318,13:34:05,62.6200,56,2
2026-03-11,601318,13:34:08,62.6200,38,1
2026-03-11,601318,13:34:11,62.6000,43,2
2026-03-11,601318,13:34:14,62.6100,86,1
2026-03-11,601318,13:34:17,62.6200,18,1
2026-03-11,601318,13:34:20,62.6200,42,1
2026-03-11,601318,13:34:23,62.6100,118,2
2026-03-11,601318,13:34:26,62.6100,35,1
2026-03-11,601318,13:34:29,62.6000,124,2
2026-03-11,601318,13:34:32,62.6000,127,2
2026-03-11,601318,13:34:35,62.6000,3,1
2026-03-11,601318,13:34:38,62.5800,142,2
2026-03-11,601318,13:34:41,62.5800,109,2
2026-03-11,601318,13:34:44,62.6000,231,1
2026-03-11,601318,13:34:47,62.6000,191,1
2026-03-11,601318,13:34:50,62.6100,114,1
2026-03-11,601318,13:34:53,62.6000,39,2
2026-03-11,601318,13:34:56,62.5900,10,2
2026-03-11,601318,13:34:59,62.5900,83,2
2026-03-11,601318,13:35:05,62.5900,36,2
2026-03-11,601318,13:35:08,62.6000,23,1
2026-03-11,601318,13:35:11,62.5900,74,2
2026-03-11,601318,13:35:14,62.5900,10,2
2026-03-11,601318,13:35:17,62.5800,95,2
2026-03-11,601318,13:35:20,62.5800,13,2
2026-03-11,601318,13:35:23,62.5900,38,1
2026-03-11,601318,13:35:26,62.5800,114,2
2026-03-11,601318,13:35:29,62.5700,78,2
2026-03-11,601318,13:35:32,62.5800,6,1
2026-03-11,601318,13:35:35,62.5800,14,1
2026-03-11,601318,13:35:38,62.5700,255,2
2026-03-11,601318,13:35:41,62.5800,60,1
2026-03-11,601318,13:35:44,62.5700,13,2
2026-03-11,601318,13:35:47,62.5800,5,1
2026-03-11,601318,13:35:50,62.5800,15,1
2026-03-11,601318,13:35:53,62.5800,73,1
2026-03-11,601318,13:35:56,62.5800,408,2
2026-03-11,601318,13:35:59,62.5900,169,1
2026-03-11,601318,13:36:02,62.5900,42,1
2026-03-11,601318,13:36:05,62.6000,339,1
2026-03-11,601318,13:36:08,62.6000,6,2
2026-03-11,601318,13:36:11,62.6000,42,2
2026-03-11,601318,13:36:14,62.6000,2,2
2026-03-11,601318,13:36:17,62.5900,155,2
2026-03-11,601318,13:36:20,62.5900,21,2
2026-03-11,601318,13:36:23,62.6000,103,1
2026-03-11,601318,13:36:26,62.5900,5,2
2026-03-11,601318,13:36:29,62.6000,188,1
2026-03-11,601318,13:36:32,62.6000,25,1
2026-03-11,601318,13:36:35,62.6000,36,1
2026-03-11,601318,13:36:38,62.6000,27,1
2026-03-11,601318,13:36:41,62.5900,36,2
2026-03-11,601318,13:36:44,62.6000,23,1
2026-03-11,601318,13:36:47,62.6000,72,1
2026-03-11,601318,13:36:50,62.6000,83,1
2026-03-11,601318,13:36:53,62.5900,12,2
2026-03-11,601318,13:36:56,62.6100,19,1
2026-03-11,601318,13:36:59,62.6100,7,1
2026-03-11,601318,13:37:02,62.6100,41,1
2026-03-11,601318,13:37:05,62.6000,7,2
2026-03-11,601318,13:37:08,62.6000,73,2
2026-03-11,601318,13:37:11,62.6100,37,1
2026-03-11,601318,13:37:14,62.6200,154,1
2026-03-11,601318,13:37:17,62.6300,22,1
2026-03-11,601318,13:37:20,62.6400,42,1
2026-03-11,601318,13:37:23,62.6300,83,2
2026-03-11,601318,13:37:26,62.6300,36,2
2026-03-11,601318,13:37:29,62.6400,10,2
2026-03-11,601318,13:37:32,62.6600,187,1
2026-03-11,601318,13:37:35,62.6600,16,2
2026-03-11,601318,13:37:38,62.6700,70,1
2026-03-11,601318,13:37:41,62.6700,162,1
2026-03-11,601318,13:37:44,62.6600,23,2
2026-03-11,601318,13:37:47,62.6600,131,2
2026-03-11,601318,13:37:50,62.6600,102,1
2026-03-11,601318,13:37:53,62.6500,36,2
2026-03-11,601318,13:37:56,62.6500,22,2
2026-03-11,601318,13:37:59,62.6600,23,1
2026-03-11,601318,13:38:02,62.6600,17,1
2026-03-11,601318,13:38:05,62.6600,33,1
2026-03-11,601318,13:38:08,62.6600,38,1
2026-03-11,601318,13:38:11,62.6600,1,1
2026-03-11,601318,13:38:14,62.6600,39,1
2026-03-11,601318,13:38:17,62.6500,22,2
2026-03-11,601318,13:38:20,62.6600,16,1
2026-03-11,601318,13:38:23,62.6600,189,1
2026-03-11,601318,13:38:26,62.6600,82,1
2026-03-11,601318,13:38:29,62.6700,17,1
2026-03-11,601318,13:38:32,62.6700,31,1
2026-03-11,601318,13:38:35,62.6700,14,1
2026-03-11,601318,13:38:38,62.6700,47,1
2026-03-11,601318,13:38:41,62.6700,46,1
2026-03-11,601318,13:38:44,62.6700,34,1
2026-03-11,601318,13:38:47,62.6700,5,1
2026-03-11,601318,13:38:50,62.6700,101,1
2026-03-11,601318,13:38:53,62.6700,220,1
2026-03-11,601318,13:38:56,62.6700,20,1
2026-03-11,601318,13:38:59,62.6600,36,2
2026-03-11,601318,13:39:02,62.6700,4,1
2026-03-11,601318,13:39:05,62.6600,60,2
2026-03-11,601318,13:39:08,62.6500,185,2
2026-03-11,601318,13:39:11,62.6500,76,2
2026-03-11,601318,13:39:14,62.6600,124,1
2026-03-11,601318,13:39:17,62.6400,67,2
2026-03-11,601318,13:39:20,62.6400,378,2
2026-03-11,601318,13:39:23,62.6400,179,2
2026-03-11,601318,13:39:26,62.6400,40,2
2026-03-11,601318,13:39:29,62.6400,25,2
2026-03-11,601318,13:39:32,62.6400,216,1
2026-03-11,601318,13:39:35,62.6400,49,1
2026-03-11,601318,13:39:38,62.6300,22,2
2026-03-11,601318,13:39:41,62.6200,8,2
2026-03-11,601318,13:39:44,62.6400,55,1
2026-03-11,601318,13:39:47,62.6300,21,2
2026-03-11,601318,13:39:50,62.6300,11,2
2026-03-11,601318,13:39:53,62.6300,97,2
2026-03-11,601318,13:39:56,62.6400,12,1
2026-03-11,601318,13:39:59,62.6300,25,2
2026-03-11,601318,13:40:02,62.6300,25,2
2026-03-11,601318,13:40:05,62.6300,124,2
2026-03-11,601318,13:40:08,62.6400,53,1
2026-03-11,601318,13:40:11,62.6300,35,2
2026-03-11,601318,13:40:14,62.6300,225,2
2026-03-11,601318,13:40:17,62.6300,95,2
2026-03-11,601318,13:40:20,62.6300,6,2
2026-03-11,601318,13:40:23,62.6400,32,1
2026-03-11,601318,13:40:26,62.6300,53,2
2026-03-11,601318,13:40:29,62.6400,17,1
2026-03-11,601318,13:40:32,62.6400,11,1
2026-03-11,601318,13:40:35,62.6300,133,2
2026-03-11,601318,13:40:38,62.6300,23,2
2026-03-11,601318,13:40:41,62.6400,105,1
2026-03-11,601318,13:40:44,62.6400,9,1
2026-03-11,601318,13:40:47,62.6400,185,1
2026-03-11,601318,13:40:50,62.6400,66,2
2026-03-11,601318,13:40:53,62.6400,1,2
2026-03-11,601318,13:40:56,62.6500,90,1
2026-03-11,601318,13:40:59,62.6500,3,1
2026-03-11,601318,13:41:02,62.6500,40,1
2026-03-11,601318,13:41:05,62.6500,50,1
2026-03-11,601318,13:41:08,62.6500,139,1
2026-03-11,601318,13:41:11,62.6500,38,1
2026-03-11,601318,13:41:14,62.6600,55,1
2026-03-11,601318,13:41:17,62.6600,19,1
2026-03-11,601318,13:41:20,62.6500,12,2
2026-03-11,601318,13:41:23,62.6700,104,1
2026-03-11,601318,13:41:26,62.6700,44,1
2026-03-11,601318,13:41:29,62.6700,27,1
2026-03-11,601318,13:41:32,62.6700,162,1
2026-03-11,601318,13:41:35,62.6800,34,1
2026-03-11,601318,13:41:38,62.6800,89,1
2026-03-11,601318,13:41:41,62.6900,137,1
2026-03-11,601318,13:41:44,62.6900,18,1
2026-03-11,601318,13:41:47,62.7000,126,1
2026-03-11,601318,13:41:50,62.6900,141,4
2026-03-11,601318,13:41:53,62.7000,122,1
2026-03-11,601318,13:41:56,62.7200,260,1
2026-03-11,601318,13:41:59,62.7000,400,2
2026-03-11,601318,13:42:02,62.6800,475,2
2026-03-11,601318,13:42:05,62.6700,204,2
2026-03-11,601318,13:42:08,62.6800,64,1
2026-03-11,601318,13:42:11,62.6800,39,1
2026-03-11,601318,13:42:14,62.6700,73,2
2026-03-11,601318,13:42:17,62.6700,34,1
2026-03-11,601318,13:42:20,62.6700,6,1
2026-03-11,601318,13:42:23,62.6700,5,1
2026-03-11,601318,13:42:26,62.6700,15,1
2026-03-11,601318,13:42:29,62.6700,19,1
2026-03-11,601318,13:42:32,62.6700,9,1
2026-03-11,601318,13:42:35,62.6600,41,2
2026-03-11,601318,13:42:38,62.6600,4,2
2026-03-11,601318,13:42:41,62.6600,71,2
2026-03-11,601318,13:42:44,62.6600,41,2
2026-03-11,601318,13:42:47,62.6700,7,1
2026-03-11,601318,13:42:50,62.6700,6,1
2026-03-11,601318,13:42:53,62.6700,45,1
2026-03-11,601318,13:42:56,62.6700,60,1
2026-03-11,601318,13:42:59,62.6600,22,2
2026-03-11,601318,13:43:02,62.6600,54,2
2026-03-11,601318,13:43:05,62.6700,20,1
2026-03-11,601318,13:43:08,62.6700,5,1
2026-03-11,601318,13:43:11,62.6600,9,2
2026-03-11,601318,13:43:14,62.6700,15,1
2026-03-11,601318,13:43:17,62.6700,49,1
2026-03-11,601318,13:43:20,62.6700,22,1
2026-03-11,601318,13:43:23,62.6600,84,2
2026-03-11,601318,13:43:26,62.6700,46,1
2026-03-11,601318,13:43:29,62.6700,24,1
2026-03-11,601318,13:43:32,62.6700,29,1
2026-03-11,601318,13:43:35,62.6800,4,1
2026-03-11,601318,13:43:38,62.6700,148,2
2026-03-11,601318,13:43:41,62.6700,42,2
2026-03-11,601318,13:43:44,62.6700,53,2
2026-03-11,601318,13:43:47,62.6700,4,2
2026-03-11,601318,13:43:50,62.6800,58,1
2026-03-11,601318,13:43:53,62.6700,41,2
2026-03-11,601318,13:43:56,62.6700,47,2
2026-03-11,601318,13:43:59,62.6700,27,4
2026-03-11,601318,13:44:02,62.6700,59,2
2026-03-11,601318,13:44:05,62.6600,157,2
2026-03-11,601318,13:44:08,62.6700,20,1
2026-03-11,601318,13:44:11,62.6600,20,2
2026-03-11,601318,13:44:17,62.6600,42,2
2026-03-11,601318,13:44:20,62.6700,45,1
2026-03-11,601318,13:44:23,62.6800,17,1
2026-03-11,601318,13:44:26,62.6600,21,2
2026-03-11,601318,13:44:29,62.6700,13,1
2026-03-11,601318,13:44:32,62.6700,56,1
2026-03-11,601318,13:44:35,62.6800,44,1
2026-03-11,601318,13:44:38,62.6700,54,2
2026-03-11,601318,13:44:41,62.6700,41,2
2026-03-11,601318,13:44:44,62.6700,212,2
2026-03-11,601318,13:44:47,62.6800,53,1
2026-03-11,601318,13:44:50,62.6800,127,1
2026-03-11,601318,13:44:53,62.6800,43,1
2026-03-11,601318,13:44:56,62.6700,82,2
2026-03-11,601318,13:44:59,62.6900,244,1
2026-03-11,601318,13:45:02,62.6800,94,4
2026-03-11,601318,13:45:05,62.6600,119,2
2026-03-11,601318,13:45:08,62.6600,85,2
2026-03-11,601318,13:45:11,62.6600,40,2
2026-03-11,601318,13:45:14,62.6600,136,2
2026-03-11,601318,13:45:17,62.6600,198,2
2026-03-11,601318,13:45:20,62.6800,63,1
2026-03-11,601318,13:45:23,62.6600,41,2
2026-03-11,601318,13:45:26,62.6700,148,1
2026-03-11,601318,13:45:29,62.6600,52,1
2026-03-11,601318,13:45:32,62.6500,53,2
2026-03-11,601318,13:45:35,62.6500,120,2
2026-03-11,601318,13:45:38,62.6600,16,1
2026-03-11,601318,13:45:41,62.6600,1,1
2026-03-11,601318,13:45:44,62.6500,3,2
2026-03-11,601318,13:45:47,62.6400,363,2
2026-03-11,601318,13:45:50,62.6400,171,2
2026-03-11,601318,13:45:53,62.6300,75,2
2026-03-11,601318,13:45:56,62.6300,173,2
2026-03-11,601318,13:45:59,62.6400,161,1
2026-03-11,601318,13:46:02,62.6500,224,1
2026-03-11,601318,13:46:05,62.6600,184,1
2026-03-11,601318,13:46:08,62.6500,41,2
2026-03-11,601318,13:46:11,62.6700,75,1
2026-03-11,601318,13:46:14,62.6600,27,2
2026-03-11,601318,13:46:17,62.6600,5,2
2026-03-11,601318,13:46:20,62.6700,2,1
2026-03-11,601318,13:46:23,62.6700,25,1
2026-03-11,601318,13:46:26,62.6600,150,2
2026-03-11,601318,13:46:29,62.6600,56,1
2026-03-11,601318,13:46:32,62.6600,109,1
2026-03-11,601318,13:46:35,62.6600,4,2
2026-03-11,601318,13:46:38,62.6600,23,2
2026-03-11,601318,13:46:41,62.6600,15,2
2026-03-11,601318,13:46:44,62.6600,77,2
2026-03-11,601318,13:46:47,62.6600,141,1
2026-03-11,601318,13:46:50,62.6500,134,2
2026-03-11,601318,13:46:53,62.6500,64,2
2026-03-11,601318,13:46:56,62.6400,140,2
2026-03-11,601318,13:46:59,62.6400,25,2
2026-03-11,601318,13:47:02,62.6400,21,2
2026-03-11,601318,13:47:05,62.6500,112,1
2026-03-11,601318,13:47:08,62.6400,64,2
2026-03-11,601318,13:47:11,62.6300,27,2
2026-03-11,601318,13:47:14,62.6300,9,2
2026-03-11,601318,13:47:17,62.6300,18,2
2026-03-11,601318,13:47:20,62.6300,11,2
2026-03-11,601318,13:47:23,62.6300,148,2
2026-03-11,601318,13:47:26,62.6400,64,1
2026-03-11,601318,13:47:29,62.6300,4,4
2026-03-11,601318,13:47:32,62.6300,13,1
2026-03-11,601318,13:47:35,62.6300,48,1
2026-03-11,601318,13:47:38,62.6400,119,1
2026-03-11,601318,13:47:41,62.6200,11,2
2026-03-11,601318,13:47:44,62.6300,14,1
2026-03-11,601318,13:47:47,62.6200,30,2
2026-03-11,601318,13:47:50,62.6300,22,1
2026-03-11,601318,13:47:53,62.6400,79,1
2026-03-11,601318,13:47:56,62.6300,54,2
2026-03-11,601318,13:47:59,62.6300,9,2
2026-03-11,601318,13:48:02,62.6400,48,1
2026-03-11,601318,13:48:05,62.6300,89,2
2026-03-11,601318,13:48:08,62.6400,35,1
2026-03-11,601318,13:48:11,62.6300,31,2
2026-03-11,601318,13:48:14,62.6300,107,2
2026-03-11,601318,13:48:17,62.6300,59,2
2026-03-11,601318,13:48:20,62.6300,241,2
2026-03-11,601318,13:48:23,62.6200,18,2
2026-03-11,601318,13:48:26,62.6300,3,1
2026-03-11,601318,13:48:29,62.6300,6,1
2026-03-11,601318,13:48:32,62.6200,49,2
2026-03-11,601318,13:48:35,62.6200,179,2
2026-03-11,601318,13:48:38,62.6100,185,2
2026-03-11,601318,13:48:41,62.6100,49,2
2026-03-11,601318,13:48:44,62.6100,238,2
2026-03-11,601318,13:48:47,62.6100,23,1
2026-03-11,601318,13:48:50,62.6000,41,2
2026-03-11,601318,13:48:53,62.6100,37,1
2026-03-11,601318,13:48:56,62.6100,17,1
2026-03-11,601318,13:48:59,62.6100,11,1
2026-03-11,601318,13:49:02,62.6000,62,2
2026-03-11,601318,13:49:05,62.6300,467,1
2026-03-11,601318,13:49:08,62.6300,41,2
2026-03-11,601318,13:49:11,62.6400,25,1
2026-03-11,601318,13:49:14,62.6400,101,1
2026-03-11,601318,13:49:17,62.6400,163,1
2026-03-11,601318,13:49:20,62.6300,72,2
2026-03-11,601318,13:49:23,62.6300,39,2
2026-03-11,601318,13:49:26,62.6300,6,1
2026-03-11,601318,13:49:29,62.6200,28,2
2026-03-11,601318,13:49:32,62.6200,18,2
2026-03-11,601318,13:49:35,62.6300,13,1
2026-03-11,601318,13:49:38,62.6300,55,1
2026-03-11,601318,13:49:41,62.6300,103,1
2026-03-11,601318,13:49:44,62.6300,40,1
2026-03-11,601318,13:49:47,62.6300,92,1
2026-03-11,601318,13:49:50,62.6300,9,2
2026-03-11,601318,13:49:53,62.6400,109,1
2026-03-11,601318,13:49:56,62.6500,19,1
2026-03-11,601318,13:49:59,62.6400,4,2
2026-03-11,601318,13:50:02,62.6500,22,1
2026-03-11,601318,13:50:05,62.6500,15,1
2026-03-11,601318,13:50:08,62.6500,2,1
2026-03-11,601318,13:50:11,62.6500,18,1
2026-03-11,601318,13:50:14,62.6500,68,1
2026-03-11,601318,13:50:17,62.6500,19,1
2026-03-11,601318,13:50:20,62.6400,132,2
2026-03-11,601318,13:50:23,62.6500,15,1
2026-03-11,601318,13:50:26,62.6500,26,1
2026-03-11,601318,13:50:29,62.6500,163,1
2026-03-11,601318,13:50:32,62.6500,54,1
2026-03-11,601318,13:50:35,62.6400,6,2
2026-03-11,601318,13:50:38,62.6400,11,2
2026-03-11,601318,13:50:41,62.6500,29,1
2026-03-11,601318,13:50:44,62.6400,32,2
2026-03-11,601318,13:50:47,62.6500,18,1
2026-03-11,601318,13:50:50,62.6400,13,2
2026-03-11,601318,13:50:53,62.6400,315,2
2026-03-11,601318,13:50:56,62.6300,102,2
2026-03-11,601318,13:50:59,62.6300,272,2
2026-03-11,601318,13:51:02,62.6200,61,2
2026-03-11,601318,13:51:05,62.6100,216,2
2026-03-11,601318,13:51:08,62.6100,57,1
2026-03-11,601318,13:51:11,62.6000,150,2
2026-03-11,601318,13:51:14,62.6100,195,1
2026-03-11,601318,13:51:17,62.6100,86,1
2026-03-11,601318,13:51:20,62.6000,165,2
2026-03-11,601318,13:51:23,62.6100,20,2
2026-03-11,601318,13:51:26,62.6000,8,2
2026-03-11,601318,13:51:29,62.6200,8,1
2026-03-11,601318,13:51:32,62.6000,10,2
2026-03-11,601318,13:51:35,62.6000,4,2
2026-03-11,601318,13:51:38,62.6100,89,1
2026-03-11,601318,13:51:41,62.6100,143,1
2026-03-11,601318,13:51:44,62.6100,18,2
2026-03-11,601318,13:51:47,62.6200,28,1
2026-03-11,601318,13:51:50,62.6100,35,2
2026-03-11,601318,13:51:53,62.6100,61,2
2026-03-11,601318,13:51:56,62.6100,52,2
2026-03-11,601318,13:51:59,62.6300,260,1
2026-03-11,601318,13:52:02,62.6400,118,1
2026-03-11,601318,13:52:05,62.6300,19,2
2026-03-11,601318,13:52:08,62.6600,345,1
2026-03-11,601318,13:52:11,62.6700,24,1
2026-03-11,601318,13:52:14,62.6800,19,1
2026-03-11,601318,13:52:17,62.6800,20,1
2026-03-11,601318,13:52:20,62.6700,11,2
2026-03-11,601318,13:52:23,62.6800,6,1
2026-03-11,601318,13:52:26,62.6800,144,1
2026-03-11,601318,13:52:29,62.6800,93,1
2026-03-11,601318,13:52:32,62.6600,156,2
2026-03-11,601318,13:52:35,62.6600,74,2
2026-03-11,601318,13:52:38,62.6600,79,2
2026-03-11,601318,13:52:41,62.6600,39,2
2026-03-11,601318,13:52:44,62.6600,13,2
2026-03-11,601318,13:52:47,62.6600,1,2
2026-03-11,601318,13:52:50,62.6700,21,1
2026-03-11,601318,13:52:53,62.6600,13,2
2026-03-11,601318,13:52:56,62.6600,17,2
2026-03-11,601318,13:52:59,62.6700,12,1
2026-03-11,601318,13:53:02,62.6700,60,1
2026-03-11,601318,13:53:05,62.6600,5,2
2026-03-11,601318,13:53:08,62.6600,8,2
2026-03-11,601318,13:53:11,62.6600,36,2
2026-03-11,601318,13:53:14,62.6700,164,1
2026-03-11,601318,13:53:17,62.6600,97,2
2026-03-11,601318,13:53:20,62.6500,79,2
2026-03-11,601318,13:53:23,62.6600,143,1
2026-03-11,601318,13:53:26,62.6500,69,2
2026-03-11,601318,13:53:29,62.6500,51,2
2026-03-11,601318,13:53:32,62.6500,16,2
2026-03-11,601318,13:53:35,62.6500,59,2
2026-03-11,601318,13:53:38,62.6500,73,2
2026-03-11,601318,13:53:41,62.6500,21,2
2026-03-11,601318,13:53:44,62.6500,36,2
2026-03-11,601318,13:53:47,62.6500,86,2
2026-03-11,601318,13:53:50,62.6600,16,1
2026-03-11,601318,13:53:53,62.6700,41,1
2026-03-11,601318,13:53:56,62.6600,20,2
2026-03-11,601318,13:53:59,62.6500,727,2
2026-03-11,601318,13:54:02,62.6500,207,1
2026-03-11,601318,13:54:05,62.6400,43,2
2026-03-11,601318,13:54:08,62.6400,331,2
2026-03-11,601318,13:54:11,62.6400,27,2
2026-03-11,601318,13:54:14,62.6500,8,2
2026-03-11,601318,13:54:17,62.6600,36,1
2026-03-11,601318,13:54:20,62.6500,63,2
2026-03-11,601318,13:54:23,62.6600,11,1
2026-03-11,601318,13:54:26,62.6500,7,2
2026-03-11,601318,13:54:29,62.6600,6,1
2026-03-11,601318,13:54:32,62.6500,3,2
2026-03-11,601318,13:54:35,62.6500,6,2
2026-03-11,601318,13:54:38,62.6600,83,1
2026-03-11,601318,13:54:41,62.6500,15,2
2026-03-11,601318,13:54:44,62.6500,32,2
2026-03-11,601318,13:54:47,62.6600,8,1
2026-03-11,601318,13:54:50,62.6500,19,2
2026-03-11,601318,13:54:53,62.6600,4,1
2026-03-11,601318,13:54:56,62.6500,9,2
2026-03-11,601318,13:54:59,62.6600,75,1
2026-03-11,601318,13:55:02,62.6600,69,1
2026-03-11,601318,13:55:05,62.6600,131,2
2026-03-11,601318,13:55:08,62.6700,11,1
2026-03-11,601318,13:55:11,62.6700,20,1
2026-03-11,601318,13:55:14,62.6700,51,1
2026-03-11,601318,13:55:17,62.6700,17,1
2026-03-11,601318,13:55:20,62.6800,343,1
2026-03-11,601318,13:55:23,62.6800,82,2
2026-03-11,601318,13:55:26,62.6900,19,1
2026-03-11,601318,13:55:29,62.6900,541,1
2026-03-11,601318,13:55:32,62.6900,14,2
2026-03-11,601318,13:55:35,62.7000,93,1
2026-03-11,601318,13:55:38,62.6900,48,2
2026-03-11,601318,13:55:41,62.6900,39,2
2026-03-11,601318,13:55:44,62.6900,89,2
2026-03-11,601318,13:55:47,62.7000,183,1
2026-03-11,601318,13:55:50,62.7100,110,1
2026-03-11,601318,13:55:53,62.7000,69,2
2026-03-11,601318,13:55:56,62.7100,15,1
2026-03-11,601318,13:55:59,62.7200,82,1
2026-03-11,601318,13:56:02,62.7100,39,2
2026-03-11,601318,13:56:05,62.7100,72,2
2026-03-11,601318,13:56:08,62.7200,119,1
2026-03-11,601318,13:56:11,62.7000,42,2
2026-03-11,601318,13:56:14,62.7000,48,2
2026-03-11,601318,13:56:17,62.7000,272,2
2026-03-11,601318,13:56:20,62.6800,483,2
2026-03-11,601318,13:56:23,62.6700,156,2
2026-03-11,601318,13:56:26,62.6600,51,2
2026-03-11,601318,13:56:29,62.6700,145,1
2026-03-11,601318,13:56:32,62.6700,110,1
2026-03-11,601318,13:56:35,62.6600,82,2
2026-03-11,601318,13:56:38,62.6700,90,1
2026-03-11,601318,13:56:41,62.6700,22,2
2026-03-11,601318,13:56:44,62.6600,8,2
2026-03-11,601318,13:56:47,62.6600,13,1
2026-03-11,601318,13:56:50,62.6600,3,1
2026-03-11,601318,13:56:53,62.6500,23,2
2026-03-11,601318,13:56:56,62.6500,103,2
2026-03-11,601318,13:56:59,62.6500,105,2
2026-03-11,601318,13:57:02,62.6400,111,2
2026-03-11,601318,13:57:05,62.6500,3,1
2026-03-11,601318,13:57:08,62.6400,12,2
2026-03-11,601318,13:57:11,62.6500,7,1
2026-03-11,601318,13:57:14,62.6400,2,2
2026-03-11,601318,13:57:17,62.6400,46,2
2026-03-11,601318,13:57:20,62.6500,31,1
2026-03-11,601318,13:57:23,62.6500,8,1
2026-03-11,601318,13:57:26,62.6500,42,1
2026-03-11,601318,13:57:29,62.6500,33,1
2026-03-11,601318,13:57:32,62.6400,143,2
2026-03-11,601318,13:57:35,62.6500,16,1
2026-03-11,601318,13:57:38,62.6400,140,2
2026-03-11,601318,13:57:41,62.6400,31,2
2026-03-11,601318,13:57:44,62.6400,41,2
2026-03-11,601318,13:57:47,62.6500,13,1
2026-03-11,601318,13:57:50,62.6400,4,2
2026-03-11,601318,13:57:53,62.6400,3,2
2026-03-11,601318,13:57:56,62.6400,5,2
2026-03-11,601318,13:57:59,62.6400,2,2
2026-03-11,601318,13:58:02,62.6400,256,2
2026-03-11,601318,13:58:05,62.6300,18,2
2026-03-11,601318,13:58:08,62.6300,1,2
2026-03-11,601318,13:58:11,62.6300,186,2
2026-03-11,601318,13:58:14,62.6300,54,2
2026-03-11,601318,13:58:17,62.6400,7,1
2026-03-11,601318,13:58:20,62.6400,6,1
2026-03-11,601318,13:58:23,62.6400,10,1
2026-03-11,601318,13:58:26,62.6300,16,2
2026-03-11,601318,13:58:29,62.6300,29,2
2026-03-11,601318,13:58:32,62.6300,127,2
2026-03-11,601318,13:58:35,62.6300,49,2
2026-03-11,601318,13:58:38,62.6300,56,2
2026-03-11,601318,13:58:41,62.6300,4,2
2026-03-11,601318,13:58:44,62.6400,58,1
2026-03-11,601318,13:58:47,62.6300,53,2
2026-03-11,601318,13:58:50,62.6200,24,2
2026-03-11,601318,13:58:53,62.6300,10,1
2026-03-11,601318,13:58:56,62.6400,26,1
2026-03-11,601318,13:58:59,62.6300,2,2
2026-03-11,601318,13:59:02,62.6400,66,1
2026-03-11,601318,13:59:05,62.6400,9,1
2026-03-11,601318,13:59:08,62.6300,12,2
2026-03-11,601318,13:59:11,62.6400,28,1
2026-03-11,601318,13:59:14,62.6300,2,2
2026-03-11,601318,13:59:17,62.6300,11,2
2026-03-11,601318,13:59:20,62.6300,4,2
2026-03-11,601318,13:59:23,62.6300,8,2
2026-03-11,601318,13:59:26,62.6300,21,2
2026-03-11,601318,13:59:29,62.6400,59,1
2026-03-11,601318,13:59:32,62.6300,8,2
2026-03-11,601318,13:59:35,62.6500,483,1
2026-03-11,601318,13:59:38,62.6500,139,2
2026-03-11,601318,13:59:41,62.6600,56,1
2026-03-11,601318,13:59:44,62.6600,87,2
2026-03-11,601318,13:59:47,62.6600,47,1
2026-03-11,601318,13:59:50,62.6600,19,1
2026-03-11,601318,13:59:53,62.6600,29,1
2026-03-11,601318,13:59:56,62.6600,36,1
2026-03-11,601318,13:59:59,62.6500,157,2
2026-03-11,601318,14:00:02,62.6500,61,2
2026-03-11,601318,14:00:05,62.6500,2,2
2026-03-11,601318,14:00:08,62.6600,17,1
2026-03-11,601318,14:00:11,62.6500,80,2
2026-03-11,601318,14:00:14,62.6600,20,1
2026-03-11,601318,14:00:17,62.6400,375,2
2026-03-11,601318,14:00:20,62.6500,3,1
2026-03-11,601318,14:00:23,62.6500,10,1
2026-03-11,601318,14:00:26,62.6400,3,2
2026-03-11,601318,14:00:29,62.6400,60,2
2026-03-11,601318,14:00:32,62.6500,17,1
2026-03-11,601318,14:00:35,62.6500,17,1
2026-03-11,601318,14:00:38,62.6500,45,1
2026-03-11,601318,14:00:41,62.6600,12,1
2026-03-11,601318,14:00:44,62.6600,15,1
2026-03-11,601318,14:00:47,62.6500,3,2
2026-03-11,601318,14:00:50,62.6500,15,2
2026-03-11,601318,14:00:53,62.6500,51,2
2026-03-11,601318,14:00:56,62.6400,124,2
2026-03-11,601318,14:00:59,62.6600,297,1
2026-03-11,601318,14:01:02,62.6500,54,2
2026-03-11,601318,14:01:05,62.6700,75,1
2026-03-11,601318,14:01:08,62.6700,29,1
2026-03-11,601318,14:01:11,62.6700,12,1
2026-03-11,601318,14:01:14,62.6600,28,2
2026-03-11,601318,14:01:17,62.6700,20,1
2026-03-11,601318,14:01:20,62.6700,12,1
2026-03-11,601318,14:01:23,62.6700,96,1
2026-03-11,601318,14:01:26,62.6900,119,1
2026-03-11,601318,14:01:29,62.6900,42,1
2026-03-11,601318,14:01:32,62.6900,37,1
2026-03-11,601318,14:01:35,62.7000,59,1
2026-03-11,601318,14:01:38,62.7000,23,1
2026-03-11,601318,14:01:41,62.7000,193,1
2026-03-11,601318,14:01:44,62.7000,35,1
2026-03-11,601318,14:01:47,62.6800,836,2
2026-03-11,601318,14:01:50,62.6800,90,1
2026-03-11,601318,14:01:53,62.6800,97,1
2026-03-11,601318,14:01:56,62.6800,46,1
2026-03-11,601318,14:01:59,62.6600,150,2
2026-03-11,601318,14:02:02,62.6600,88,2
2026-03-11,601318,14:02:05,62.6600,71,2
2026-03-11,601318,14:02:08,62.6500,108,2
2026-03-11,601318,14:02:11,62.6600,40,1
2026-03-11,601318,14:02:14,62.6500,73,2
2026-03-11,601318,14:02:17,62.6500,69,2
2026-03-11,601318,14:02:20,62.6500,67,2
2026-03-11,601318,14:02:23,62.6500,89,2
2026-03-11,601318,14:02:26,62.6400,58,2
2026-03-11,601318,14:02:29,62.6400,67,2
2026-03-11,601318,14:02:32,62.6500,7,1
2026-03-11,601318,14:02:35,62.6400,13,2
2026-03-11,601318,14:02:38,62.6300,150,2
2026-03-11,601318,14:02:41,62.6500,17,1
2026-03-11,601318,14:02:44,62.6500,17,1
2026-03-11,601318,14:02:47,62.6400,1,2
2026-03-11,601318,14:02:50,62.6500,19,1
2026-03-11,601318,14:02:53,62.6400,108,2
2026-03-11,601318,14:02:56,62.6400,31,2
2026-03-11,601318,14:02:59,62.6500,86,1
2026-03-11,601318,14:03:02,62.6500,36,1
2026-03-11,601318,14:03:05,62.6700,48,1
2026-03-11,601318,14:03:08,62.6600,76,2
2026-03-11,601318,14:03:11,62.6700,35,1
2026-03-11,601318,14:03:14,62.6800,34,1
2026-03-11,601318,14:03:17,62.6700,4,2
2026-03-11,601318,14:03:20,62.6700,14,2
2026-03-11,601318,14:03:23,62.6700,6,2
2026-03-11,601318,14:03:26,62.6800,13,1
2026-03-11,601318,14:03:29,62.6800,10,1
2026-03-11,601318,14:03:32,62.6800,60,1
2026-03-11,601318,14:03:35,62.6800,90,1
2026-03-11,601318,14:03:38,62.6800,83,1
2026-03-11,601318,14:03:41,62.7100,106,1
2026-03-11,601318,14:03:44,62.7100,141,1
2026-03-11,601318,14:03:47,62.7200,68,1
2026-03-11,601318,14:03:50,62.7200,110,2
2026-03-11,601318,14:03:53,62.7400,112,1
2026-03-11,601318,14:03:56,62.7200,84,2
2026-03-11,601318,14:03:59,62.7300,59,2
2026-03-11,601318,14:04:02,62.7300,64,2
2026-03-11,601318,14:04:05,62.7400,96,4
2026-03-11,601318,14:04:08,62.7400,129,2
2026-03-11,601318,14:04:11,62.7400,125,2
2026-03-11,601318,14:04:14,62.7300,257,2
2026-03-11,601318,14:04:17,62.7500,186,1
2026-03-11,601318,14:04:20,62.7300,70,2
2026-03-11,601318,14:04:23,62.7200,58,2
2026-03-11,601318,14:04:26,62.7600,78,1
2026-03-11,601318,14:04:29,62.7500,139,2
2026-03-11,601318,14:04:32,62.7600,109,1
2026-03-11,601318,14:04:35,62.7400,16,2
2026-03-11,601318,14:04:38,62.7200,260,2
2026-03-11,601318,14:04:41,62.7400,28,1
2026-03-11,601318,14:04:44,62.7400,14,1
2026-03-11,601318,14:04:47,62.7300,44,2
2026-03-11,601318,14:04:50,62.7300,84,2
2026-03-11,601318,14:04:53,62.7200,18,4
2026-03-11,601318,14:04:56,62.7200,6,2
2026-03-11,601318,14:04:59,62.7300,41,1
2026-03-11,601318,14:05:02,62.7300,64,1
2026-03-11,601318,14:05:05,62.7400,100,1
2026-03-11,601318,14:05:08,62.7500,34,1
2026-03-11,601318,14:05:11,62.7400,24,2
2026-03-11,601318,14:05:14,62.7500,52,1
2026-03-11,601318,14:05:17,62.7500,10,1
2026-03-11,601318,14:05:20,62.7500,2,1
2026-03-11,601318,14:05:23,62.7500,32,1
2026-03-11,601318,14:05:26,62.7400,125,2
2026-03-11,601318,14:05:29,62.7300,4,2
2026-03-11,601318,14:05:32,62.7300,18,2
2026-03-11,601318,14:05:35,62.7000,582,2
2026-03-11,601318,14:05:38,62.7100,83,4
2026-03-11,601318,14:05:41,62.7000,26,2
2026-03-11,601318,14:05:44,62.7100,10,1
2026-03-11,601318,14:05:47,62.6900,57,2
2026-03-11,601318,14:05:50,62.6900,59,2
2026-03-11,601318,14:05:53,62.6900,166,2
2026-03-11,601318,14:05:56,62.7000,34,2
2026-03-11,601318,14:05:59,62.7100,91,1
2026-03-11,601318,14:06:02,62.6900,27,2
2026-03-11,601318,14:06:05,62.7000,50,1
2026-03-11,601318,14:06:08,62.6900,45,2
2026-03-11,601318,14:06:14,62.6900,48,2
2026-03-11,601318,14:06:17,62.7000,61,1
2026-03-11,601318,14:06:20,62.6900,40,2
2026-03-11,601318,14:06:23,62.7000,10,1
2026-03-11,601318,14:06:26,62.7000,43,1
2026-03-11,601318,14:06:29,62.7000,13,1
2026-03-11,601318,14:06:32,62.7000,68,1
2026-03-11,601318,14:06:35,62.6900,14,2
2026-03-11,601318,14:06:38,62.6900,88,2
2026-03-11,601318,14:06:41,62.6900,4,2
2026-03-11,601318,10:56:20,62.7700,67,2
2026-03-11,601318,10:56:23,62.7700,4,2
2026-03-11,601318,10:56:26,62.7800,76,1
2026-03-11,601318,10:56:29,62.7800,59,1
2026-03-11,601318,10:56:32,62.7800,61,2
2026-03-11,601318,10:56:35,62.7800,104,2
2026-03-11,601318,10:56:38,62.7800,258,2
2026-03-11,601318,10:56:41,62.7900,159,1
2026-03-11,601318,10:56:44,62.7800,45,2
2026-03-11,601318,10:56:47,62.8000,145,1
2026-03-11,601318,10:56:50,62.7900,13,1
2026-03-11,601318,10:56:53,62.8000,73,1
2026-03-11,601318,10:56:56,62.8000,32,1
2026-03-11,601318,10:56:59,62.8000,54,1
2026-03-11,601318,10:57:02,62.8000,42,1
2026-03-11,601318,10:57:05,62.8100,171,1
2026-03-11,601318,10:57:08,62.8200,57,1
2026-03-11,601318,10:57:11,62.8400,210,1
2026-03-11,601318,10:57:14,62.8200,38,2
2026-03-11,601318,10:57:17,62.8300,83,1
2026-03-11,601318,10:57:20,62.8200,354,2
2026-03-11,601318,10:57:23,62.8000,355,2
2026-03-11,601318,10:57:26,62.8000,173,2
2026-03-11,601318,10:57:29,62.7900,135,4
2026-03-11,601318,10:57:32,62.7900,88,2
2026-03-11,601318,10:57:35,62.7900,128,1
2026-03-11,601318,10:57:38,62.8300,95,1
2026-03-11,601318,10:57:41,62.8300,47,1
2026-03-11,601318,10:57:44,62.8200,2,2
2026-03-11,601318,10:57:47,62.8200,61,1
2026-03-11,601318,10:57:50,62.8200,14,1
2026-03-11,601318,10:57:53,62.8200,44,1
2026-03-11,601318,10:57:56,62.8100,45,2
2026-03-11,601318,10:57:59,62.8000,25,2
2026-03-11,601318,10:58:02,62.8100,81,1
2026-03-11,601318,10:58:05,62.8000,27,2
2026-03-11,601318,10:58:08,62.8500,149,1
2026-03-11,601318,10:58:11,62.8000,699,2
2026-03-11,601318,10:58:14,62.8000,61,1
2026-03-11,601318,10:58:17,62.7900,17,1
2026-03-11,601318,10:58:20,62.7700,194,2
2026-03-11,601318,10:58:23,62.7800,21,4
2026-03-11,601318,10:58:26,62.7900,17,1
2026-03-11,601318,10:58:29,62.7700,64,2
2026-03-11,601318,10:58:32,62.7700,74,2
2026-03-11,601318,10:58:35,62.7600,17,2
2026-03-11,601318,10:58:38,62.7700,86,1
2026-03-11,601318,10:58:41,62.7600,74,2
2026-03-11,601318,10:58:44,62.7700,59,1
2026-03-11,601318,10:58:47,62.7700,60,2
2026-03-11,601318,10:58:50,62.7700,104,2
2026-03-11,601318,10:58:53,62.7700,65,1
2026-03-11,601318,10:58:56,62.7700,67,1
2026-03-11,601318,10:58:59,62.7700,27,1
2026-03-11,601318,10:59:02,62.7700,48,2
2026-03-11,601318,10:59:05,62.7900,31,1
2026-03-11,601318,10:59:08,62.7900,18,1
2026-03-11,601318,10:59:11,62.7900,28,1
2026-03-11,601318,10:59:14,62.8000,88,1
2026-03-11,601318,10:59:17,62.8200,121,1
2026-03-11,601318,10:59:20,62.8200,14,1
2026-03-11,601318,10:59:23,62.8200,19,2
2026-03-11,601318,10:59:26,62.8300,43,1
2026-03-11,601318,10:59:29,62.8300,35,2
2026-03-11,601318,10:59:32,62.8500,55,1
2026-03-11,601318,10:59:35,62.8400,154,1
2026-03-11,601318,10:59:38,62.8400,1151,1
2026-03-11,601318,10:59:41,62.8500,91,1
2026-03-11,601318,10:59:44,62.8600,90,1
2026-03-11,601318,10:59:47,62.8600,59,1
2026-03-11,601318,10:59:50,62.8600,89,1
2026-03-11,601318,10:59:53,62.8600,128,1
2026-03-11,601318,10:59:56,62.8600,27,2
2026-03-11,601318,10:59:59,62.8500,206,2
2026-03-11,601318,11:00:02,62.8600,84,2
2026-03-11,601318,11:00:05,62.8600,43,2
2026-03-11,601318,11:00:08,62.8600,119,2
2026-03-11,601318,11:00:11,62.8700,58,1
2026-03-11,601318,11:00:14,62.8800,85,1
2026-03-11,601318,11:00:17,62.8700,69,2
2026-03-11,601318,11:00:20,62.8700,156,1
2026-03-11,601318,11:00:23,62.8700,321,2
2026-03-11,601318,11:00:26,62.8700,117,2
2026-03-11,601318,11:00:29,62.8500,126,2
2026-03-11,601318,11:00:32,62.8700,51,1
2026-03-11,601318,11:00:35,62.8700,105,1
2026-03-11,601318,11:00:38,62.8500,131,2
2026-03-11,601318,11:00:41,62.8500,64,1
2026-03-11,601318,11:00:44,62.8500,54,1
2026-03-11,601318,11:00:47,62.8400,30,2
2026-03-11,601318,11:00:50,62.8500,117,1
2026-03-11,601318,11:00:53,62.8400,41,2
2026-03-11,601318,11:00:56,62.8500,101,1
2026-03-11,601318,11:00:59,62.8500,54,1
2026-03-11,601318,11:01:02,62.8600,70,1
2026-03-11,601318,11:01:05,62.8600,27,1
2026-03-11,601318,11:01:08,62.8600,85,1
2026-03-11,601318,11:01:11,62.8500,66,2
2026-03-11,601318,11:01:14,62.8400,178,2
2026-03-11,601318,11:01:17,62.8300,114,2
2026-03-11,601318,11:01:20,62.8300,110,2
2026-03-11,601318,11:01:23,62.8200,59,2
2026-03-11,601318,11:01:26,62.8400,35,1
2026-03-11,601318,11:01:29,62.8400,6,4
2026-03-11,601318,11:01:32,62.8300,20,2
2026-03-11,601318,11:01:35,62.8300,26,2
2026-03-11,601318,11:01:38,62.8400,58,1
2026-03-11,601318,11:01:41,62.8500,72,1
2026-03-11,601318,11:01:44,62.8500,129,1
2026-03-11,601318,11:01:47,62.8500,158,1
2026-03-11,601318,11:01:50,62.8500,130,1
2026-03-11,601318,11:01:53,62.8500,48,2
2026-03-11,601318,11:01:56,62.8500,37,2
2026-03-11,601318,11:01:59,62.8500,113,2
2026-03-11,601318,11:02:02,62.8500,145,2
2026-03-11,601318,11:02:05,62.8500,146,1
2026-03-11,601318,11:02:08,62.8500,62,1
2026-03-11,601318,11:02:11,62.8500,243,1
2026-03-11,601318,11:02:14,62.8400,67,4
2026-03-11,601318,11:02:17,62.8400,193,2
2026-03-11,601318,11:02:20,62.8200,346,2
2026-03-11,601318,11:02:23,62.8200,398,2
2026-03-11,601318,11:02:26,62.8800,1748,1
2026-03-11,601318,11:02:29,62.9000,413,1
2026-03-11,601318,11:02:32,62.9000,472,1
2026-03-11,601318,11:02:35,62.9000,422,1
2026-03-11,601318,11:02:38,62.8900,407,4
2026-03-11,601318,11:02:41,62.8900,23,1
2026-03-11,601318,11:02:44,62.8800,187,2
2026-03-11,601318,11:02:47,62.8800,166,1
2026-03-11,601318,11:02:50,62.8400,411,2
2026-03-11,601318,11:02:53,62.8600,34,1
2026-03-11,601318,11:02:56,62.8400,56,2
2026-03-11,601318,11:02:59,62.8300,73,2
2026-03-11,601318,11:03:02,62.8000,640,2
2026-03-11,601318,11:03:05,62.8300,19,1
2026-03-11,601318,11:03:08,62.8300,154,2
2026-03-11,601318,11:03:11,62.8400,95,1
2026-03-11,601318,11:03:14,62.8200,54,2
2026-03-11,601318,11:03:17,62.8300,20,1
2026-03-11,601318,11:03:20,62.8200,74,2
2026-03-11,601318,11:03:23,62.8000,62,2
2026-03-11,601318,11:03:26,62.7900,36,2
2026-03-11,601318,11:03:29,62.7800,63,2
2026-03-11,601318,11:03:32,62.7800,39,2
2026-03-11,601318,11:03:35,62.7900,71,1
2026-03-11,601318,11:03:38,62.7700,79,2
2026-03-11,601318,11:03:41,62.8000,216,1
2026-03-11,601318,11:03:44,62.7700,204,2
2026-03-11,601318,11:03:47,62.7900,160,1
2026-03-11,601318,11:03:50,62.7900,54,1
2026-03-11,601318,11:03:53,62.7800,11,4
2026-03-11,601318,11:03:56,62.7800,12,2
2026-03-11,601318,11:03:59,62.7800,106,2
2026-03-11,601318,11:04:02,62.8000,80,1
2026-03-11,601318,11:04:05,62.7900,327,2
2026-03-11,601318,11:04:08,62.8000,91,1
2026-03-11,601318,11:04:11,62.8100,99,4
2026-03-11,601318,11:04:14,62.8100,28,2
2026-03-11,601318,11:04:17,62.8100,85,2
2026-03-11,601318,11:04:20,62.7800,288,2
2026-03-11,601318,11:04:23,62.7400,488,2
2026-03-11,601318,11:04:26,62.7300,96,2
2026-03-11,601318,11:04:29,62.7700,517,1
2026-03-11,601318,11:04:32,62.7600,49,2
2026-03-11,601318,11:04:35,62.7300,67,2
2026-03-11,601318,11:04:38,62.7200,136,2
2026-03-11,601318,11:04:41,62.7100,91,2
2026-03-11,601318,11:04:44,62.7100,5,2
2026-03-11,601318,11:04:47,62.7200,109,1
2026-03-11,601318,11:04:50,62.7100,50,2
2026-03-11,601318,11:04:53,62.7100,31,4
2026-03-11,601318,11:04:56,62.7200,86,1
2026-03-11,601318,11:04:59,62.7200,100,1
2026-03-11,601318,11:05:02,62.7100,143,2
2026-03-11,601318,11:05:05,62.7100,68,2
2026-03-11,601318,11:05:08,62.7100,86,2
2026-03-11,601318,11:05:11,62.7100,60,2
2026-03-11,601318,11:05:14,62.7200,73,2
2026-03-11,601318,11:05:17,62.7500,82,1
2026-03-11,601318,11:05:20,62.7500,48,1
2026-03-11,601318,11:05:23,62.7400,31,2
2026-03-11,601318,11:05:26,62.7400,29,2
2026-03-11,601318,11:05:29,62.7400,108,2
2026-03-11,601318,11:05:32,62.7400,157,1
2026-03-11,601318,11:05:35,62.7300,60,2
2026-03-11,601318,11:05:38,62.7100,286,2
2026-03-11,601318,11:05:41,62.7100,97,2
2026-03-11,601318,11:05:44,62.7400,9,1
2026-03-11,601318,11:05:47,62.7300,13,1
2026-03-11,601318,11:05:50,62.7200,73,2
2026-03-11,601318,11:05:53,62.7400,60,1
2026-03-11,601318,11:05:56,62.7500,37,1
2026-03-11,601318,11:05:59,62.7400,203,2
2026-03-11,601318,11:06:02,62.7400,82,2
2026-03-11,601318,11:06:05,62.7600,17,1
2026-03-11,601318,11:06:08,62.7500,98,2
2026-03-11,601318,11:06:11,62.7600,17,2
2026-03-11,601318,11:06:14,62.7700,29,1
2026-03-11,601318,11:06:17,62.7700,38,1
2026-03-11,601318,11:06:20,62.7700,6,2
2026-03-11,601318,11:06:23,62.7700,10,2
2026-03-11,601318,11:06:26,62.7700,69,2
2026-03-11,601318,11:06:29,62.7700,64,2
2026-03-11,601318,11:06:32,62.7700,115,2
2026-03-11,601318,11:06:35,62.7600,54,2
2026-03-11,601318,11:06:38,62.7600,102,2
2026-03-11,601318,11:06:41,62.7500,18,2
2026-03-11,601318,11:06:44,62.7600,48,1
2026-03-11,601318,11:06:47,62.7600,20,2
2026-03-11,601318,11:06:50,62.7600,34,2
2026-03-11,601318,11:06:53,62.7600,23,2
2026-03-11,601318,11:06:56,62.7500,151,2
2026-03-11,601318,11:06:59,62.7400,145,2
2026-03-11,601318,11:07:02,62.7500,85,1
2026-03-11,601318,11:07:05,62.7500,108,1
2026-03-11,601318,11:07:08,62.7500,25,1
2026-03-11,601318,11:07:11,62.7500,30,2
2026-03-11,601318,11:07:14,62.7500,28,2
2026-03-11,601318,11:07:17,62.7600,55,1
2026-03-11,601318,11:07:20,62.7600,68,2
2026-03-11,601318,11:07:23,62.7700,87,1
2026-03-11,601318,11:07:26,62.7800,12,1
2026-03-11,601318,11:07:29,62.7700,13,2
2026-03-11,601318,11:07:32,62.7700,236,2
2026-03-11,601318,11:07:35,62.7600,38,2
2026-03-11,601318,11:07:38,62.7700,51,1
2026-03-11,601318,11:07:41,62.7600,85,2
2026-03-11,601318,11:07:44,62.7600,39,2
2026-03-11,601318,11:07:47,62.7600,12,2
2026-03-11,601318,11:07:50,62.7500,228,2
2026-03-11,601318,11:07:53,62.7600,81,1
2026-03-11,601318,11:07:56,62.7400,53,1
2026-03-11,601318,11:07:59,62.7300,116,2
2026-03-11,601318,11:08:02,62.7400,18,4
2026-03-11,601318,11:08:05,62.7500,119,1
2026-03-11,601318,11:08:08,62.7300,413,2
2026-03-11,601318,11:08:11,62.7300,66,2
2026-03-11,601318,11:08:14,62.7300,8,2
2026-03-11,601318,11:08:17,62.7400,5,1
2026-03-11,601318,11:08:20,62.7300,36,2
2026-03-11,601318,11:08:23,62.7400,59,1
2026-03-11,601318,11:08:26,62.7100,271,2
2026-03-11,601318,11:08:29,62.7100,48,2
2026-03-11,601318,11:08:32,62.7100,32,2
2026-03-11,601318,11:08:35,62.7100,54,2
2026-03-11,601318,11:08:38,62.7300,37,1
2026-03-11,601318,11:08:41,62.7100,13,2
2026-03-11,601318,11:08:44,62.7100,46,2
2026-03-11,601318,11:08:47,62.7300,54,1
2026-03-11,601318,11:08:50,62.7200,98,4
2026-03-11,601318,11:08:53,62.7300,11,1
2026-03-11,601318,11:08:56,62.7100,43,2
2026-03-11,601318,11:08:59,62.7100,5,2
2026-03-11,601318,11:09:02,62.7200,189,2
2026-03-11,601318,11:09:05,62.7300,260,1
2026-03-11,601318,11:09:08,62.7200,20,2
2026-03-11,601318,11:09:11,62.7300,15,1
2026-03-11,601318,11:09:14,62.7300,70,1
2026-03-11,601318,11:09:17,62.7200,9,2
2026-03-11,601318,11:09:20,62.7300,11,1
2026-03-11,601318,11:09:23,62.7300,1417,1
2026-03-11,601318,11:09:26,62.7400,10,4
2026-03-11,601318,11:09:29,62.7500,172,1
2026-03-11,601318,11:09:32,62.7400,18,4
2026-03-11,601318,11:09:35,62.7300,71,2
2026-03-11,601318,11:09:38,62.7400,136,1
2026-03-11,601318,11:09:41,62.7400,15,2
2026-03-11,601318,11:09:44,62.7600,23,1
2026-03-11,601318,11:09:47,62.7500,59,4
2026-03-11,601318,11:09:50,62.7500,13,1
2026-03-11,601318,11:09:53,62.7500,541,4
2026-03-11,601318,11:09:56,62.7500,74,1
2026-03-11,601318,11:09:59,62.7500,39,2
2026-03-11,601318,11:10:02,62.7600,39,1
2026-03-11,601318,11:10:05,62.7800,183,1
2026-03-11,601318,11:10:08,62.8000,34,1
2026-03-11,601318,11:10:11,62.7900,166,2
2026-03-11,601318,11:10:14,62.7800,375,2
2026-03-11,601318,11:10:17,62.7800,41,1
2026-03-11,601318,11:10:20,62.7600,37,2
2026-03-11,601318,11:10:23,62.7800,99,1
2026-03-11,601318,11:10:26,62.7800,33,2
2026-03-11,601318,11:10:29,62.7600,59,2
2026-03-11,601318,11:10:32,62.7600,6,1
2026-03-11,601318,11:10:35,62.7800,42,1
2026-03-11,601318,11:10:38,62.7600,21,2
2026-03-11,601318,11:10:41,62.7700,123,1
2026-03-11,601318,11:10:44,62.7700,6,4
2026-03-11,601318,11:10:47,62.7800,33,1
2026-03-11,601318,11:10:50,62.7700,45,2
2026-03-11,601318,11:10:53,62.7800,29,1
2026-03-11,601318,11:10:56,62.7700,13,2
2026-03-11,601318,11:10:59,62.7500,226,2
2026-03-11,601318,11:11:02,62.7500,44,2
2026-03-11,601318,11:11:05,62.7700,29,1
2026-03-11,601318,11:11:08,62.7600,197,1
2026-03-11,601318,11:11:11,62.7300,103,2
2026-03-11,601318,11:11:14,62.7000,81,2
2026-03-11,601318,11:11:17,62.7200,7,1
2026-03-11,601318,11:11:20,62.7100,28,2
2026-03-11,601318,11:11:23,62.7200,34,1
2026-03-11,601318,11:11:26,62.7100,30,2
2026-03-11,601318,11:11:29,62.7300,27,1
2026-03-11,601318,11:11:32,62.7200,6,4
2026-03-11,601318,11:11:35,62.7200,14,1
2026-03-11,601318,11:11:38,62.7200,11,1
2026-03-11,601318,11:11:41,62.7200,16,2
2026-03-11,601318,11:11:44,62.7200,13,2
2026-03-11,601318,11:11:47,62.7300,4,1
2026-03-11,601318,11:11:50,62.7200,6,2
2026-03-11,601318,11:11:53,62.7000,293,2
2026-03-11,601318,11:11:56,62.7100,18,1
2026-03-11,601318,11:11:59,62.7000,149,2
2026-03-11,601318,11:12:02,62.7100,121,1
2026-03-11,601318,11:12:05,62.7000,7,4
2026-03-11,601318,11:12:08,62.6900,32,2
2026-03-11,601318,11:12:11,62.6900,33,2
2026-03-11,601318,11:12:14,62.6900,9,2
2026-03-11,601318,11:12:17,62.6700,138,2
2026-03-11,601318,11:12:20,62.6800,63,1
2026-03-11,601318,11:12:23,62.6700,43,2
2026-03-11,601318,11:12:26,62.6700,162,1
2026-03-11,601318,11:12:29,62.6600,51,2
2026-03-11,601318,11:12:32,62.6700,61,1
2026-03-11,601318,11:12:35,62.7100,133,1
2026-03-11,601318,11:12:38,62.7100,295,2
2026-03-11,601318,11:12:41,62.7200,28,1
2026-03-11,601318,11:12:44,62.7200,38,1
2026-03-11,601318,11:12:47,62.7100,38,2
2026-03-11,601318,11:12:50,62.7100,6,2
2026-03-11,601318,11:12:53,62.7200,23,1
2026-03-11,601318,11:12:56,62.7100,8,2
2026-03-11,601318,11:12:59,62.7100,12,2
2026-03-11,601318,11:13:02,62.7100,56,2
2026-03-11,601318,11:13:05,62.7100,60,2
2026-03-11,601318,11:13:08,62.7100,8,2
2026-03-11,601318,11:13:11,62.7100,15,2
2026-03-11,601318,11:13:14,62.7100,95,2
2026-03-11,601318,11:13:17,62.7200,16,1
2026-03-11,601318,11:13:20,62.7200,4,1
2026-03-11,601318,11:13:26,62.7300,29,1
2026-03-11,601318,11:13:29,62.7300,47,1
2026-03-11,601318,11:13:32,62.7300,1,1
2026-03-11,601318,11:13:35,62.7300,20,1
2026-03-11,601318,11:13:38,62.7300,17,1
2026-03-11,601318,11:13:41,62.7500,53,1
2026-03-11,601318,11:13:44,62.7600,9,1
2026-03-11,601318,11:13:47,62.7400,142,2
2026-03-11,601318,11:13:50,62.7600,21,1
2026-03-11,601318,11:13:53,62.7700,31,1
2026-03-11,601318,11:13:56,62.7500,13,2
2026-03-11,601318,11:13:59,62.7700,11,1
2026-03-11,601318,11:14:02,62.7700,2,1
2026-03-11,601318,11:14:05,62.7700,14,1
2026-03-11,601318,11:14:08,62.7800,43,1
2026-03-11,601318,11:14:11,62.7700,37,2
2026-03-11,601318,11:14:14,62.7700,29,2
2026-03-11,601318,11:14:17,62.7800,5,1
2026-03-11,601318,11:14:20,62.7800,70,1
2026-03-11,601318,11:14:23,62.7700,142,2
2026-03-11,601318,11:14:26,62.7800,4,1
2026-03-11,601318,11:14:29,62.7800,43,1
2026-03-11,601318,11:14:32,62.7800,24,2
2026-03-11,601318,11:14:35,62.7800,150,2
2026-03-11,601318,11:14:38,62.7800,70,2
2026-03-11,601318,11:14:41,62.7800,229,2
2026-03-11,601318,11:14:44,62.7700,247,4
2026-03-11,601318,11:14:47,62.7500,80,2
2026-03-11,601318,11:14:50,62.7700,30,1
2026-03-11,601318,11:14:53,62.7500,17,2
2026-03-11,601318,11:14:56,62.7600,23,1
2026-03-11,601318,11:14:59,62.7600,23,1
2026-03-11,601318,11:15:02,62.7600,117,2
2026-03-11,601318,11:15:05,62.7800,27,1
2026-03-11,601318,11:15:08,62.7600,52,2
2026-03-11,601318,11:15:11,62.7600,12,2
2026-03-11,601318,11:15:14,62.7700,19,1
2026-03-11,601318,11:15:17,62.7700,40,2
2026-03-11,601318,11:15:20,62.7700,23,2
2026-03-11,601318,11:15:23,62.7700,38,2
2026-03-11,601318,11:15:26,62.7700,3,2
2026-03-11,601318,11:15:29,62.7800,30,1
2026-03-11,601318,11:15:32,62.7800,30,1
2026-03-11,601318,11:15:35,62.7800,38,1
2026-03-11,601318,11:15:38,62.7700,8,2
2026-03-11,601318,11:15:41,62.7800,11,1
2026-03-11,601318,11:15:44,62.7800,36,1
2026-03-11,601318,11:15:47,62.7700,50,2
2026-03-11,601318,11:15:50,62.7800,88,1
2026-03-11,601318,11:15:53,62.7700,17,2
2026-03-11,601318,11:15:56,62.7800,23,1
2026-03-11,601318,11:15:59,62.7700,54,2
2026-03-11,601318,11:16:02,62.7700,12,2
2026-03-11,601318,11:16:05,62.7900,8,1
2026-03-11,601318,11:16:08,62.7900,27,1
2026-03-11,601318,11:16:11,62.8000,44,1
2026-03-11,601318,11:16:14,62.8000,75,1
2026-03-11,601318,11:16:17,62.8000,91,1
2026-03-11,601318,11:16:20,62.8000,263,1
2026-03-11,601318,11:16:23,62.8100,31,1
2026-03-11,601318,11:16:26,62.8100,84,1
2026-03-11,601318,11:16:29,62.8200,30,1
2026-03-11,601318,11:16:32,62.8200,48,1
2026-03-11,601318,11:16:35,62.8200,78,1
2026-03-11,601318,11:16:38,62.8200,42,1
2026-03-11,601318,11:16:41,62.8300,153,1
2026-03-11,601318,11:16:44,62.8300,67,2
2026-03-11,601318,11:16:47,62.8500,61,1
2026-03-11,601318,11:16:50,62.8500,87,1
2026-03-11,601318,11:16:53,62.8400,47,2
2026-03-11,601318,11:16:56,62.8500,836,1
2026-03-11,601318,11:16:59,62.8600,406,1
2026-03-11,601318,11:17:02,62.8600,218,1
2026-03-11,601318,11:17:05,62.8500,57,2
2026-03-11,601318,11:17:08,62.8500,65,1
2026-03-11,601318,11:17:11,62.8400,31,2
2026-03-11,601318,11:17:14,62.8200,289,2
2026-03-11,601318,11:17:17,62.8100,62,2
2026-03-11,601318,11:17:20,62.8100,69,2
2026-03-11,601318,11:17:23,62.8000,164,2
2026-03-11,601318,11:17:26,62.7900,53,2
2026-03-11,601318,11:17:29,62.8000,27,4
2026-03-11,601318,11:17:32,62.8100,78,1
2026-03-11,601318,11:17:35,62.8000,27,2
2026-03-11,601318,11:17:38,62.7900,6,2
2026-03-11,601318,11:17:41,62.7900,30,2
2026-03-11,601318,11:17:44,62.7900,37,2
2026-03-11,601318,11:17:47,62.7900,113,1
2026-03-11,601318,11:17:50,62.7800,22,2
2026-03-11,601318,11:17:53,62.7800,83,2
2026-03-11,601318,11:17:56,62.7800,67,2
2026-03-11,601318,11:17:59,62.7900,15,1
2026-03-11,601318,11:18:02,62.7700,191,2
2026-03-11,601318,11:18:05,62.7700,31,1
2026-03-11,601318,11:18:08,62.7700,39,1
2026-03-11,601318,11:18:11,62.7600,49,1
2026-03-11,601318,11:18:14,62.7600,23,1
2026-03-11,601318,11:18:17,62.7600,55,1
2026-03-11,601318,11:18:20,62.7500,49,2
2026-03-11,601318,11:18:23,62.7500,34,2
2026-03-11,601318,11:18:26,62.7600,46,1
2026-03-11,601318,11:18:29,62.7500,84,2
2026-03-11,601318,11:18:32,62.7600,33,1
2026-03-11,601318,11:18:35,62.7400,33,2
2026-03-11,601318,11:18:38,62.7400,22,2
2026-03-11,601318,11:18:41,62.7400,10,2
2026-03-11,601318,11:18:44,62.7400,122,2
2026-03-11,601318,11:18:47,62.7400,54,1
2026-03-11,601318,11:18:50,62.7400,32,1
2026-03-11,601318,11:18:53,62.7100,326,2
2026-03-11,601318,11:18:56,62.7100,43,1
2026-03-11,601318,11:18:59,62.7300,281,1
2026-03-11,601318,11:19:02,62.7500,29,1
2026-03-11,601318,11:19:05,62.7300,110,2
2026-03-11,601318,11:19:08,62.7400,115,4
2026-03-11,601318,11:19:11,62.7300,68,2
2026-03-11,601318,11:19:14,62.7500,54,1
2026-03-11,601318,11:19:17,62.7500,64,2
2026-03-11,601318,11:19:20,62.7600,64,1
2026-03-11,601318,11:19:23,62.7700,16,1
2026-03-11,601318,11:19:26,62.7900,35,1
2026-03-11,601318,11:19:29,62.7600,72,2
2026-03-11,601318,11:19:32,62.7700,49,1
2026-03-11,601318,11:19:35,62.7700,19,2
2026-03-11,601318,11:19:38,62.7700,14,2
2026-03-11,601318,11:19:41,62.7700,50,1
2026-03-11,601318,11:19:44,62.7700,62,1
2026-03-11,601318,11:19:47,62.7700,57,1
2026-03-11,601318,11:19:50,62.7700,69,1
2026-03-11,601318,11:19:53,62.7900,88,1
2026-03-11,601318,11:19:56,62.7800,24,2
2026-03-11,601318,11:19:59,62.8000,65,1
2026-03-11,601318,11:20:02,62.8000,32,1
2026-03-11,601318,11:20:05,62.7800,73,2
2026-03-11,601318,11:20:08,62.7500,134,2
2026-03-11,601318,11:20:11,62.7500,104,2
2026-03-11,601318,11:20:14,62.7200,1,2
2026-03-11,601318,11:20:17,62.7500,79,1
2026-03-11,601318,11:20:20,62.7500,63,1
2026-03-11,601318,11:20:23,62.7500,50,2
2026-03-11,601318,11:20:26,62.7600,30,1
2026-03-11,601318,11:20:29,62.7400,329,2
2026-03-11,601318,11:20:32,62.7500,62,1
2026-03-11,601318,11:20:35,62.7300,16,2
2026-03-11,601318,11:20:38,62.7400,16,1
2026-03-11,601318,11:20:41,62.7100,260,2
2026-03-11,601318,11:20:44,62.7200,74,1
