date,code,time,price,volume,bs
2026-01-19,000333,14:06:00,77.6000,135,2
2026-01-19,000333,14:06:03,77.6100,3,1
2026-01-19,000333,14:06:06,77.6000,1,1
2026-01-19,000333,14:06:09,77.5900,129,2
2026-01-19,000333,14:06:12,77.6000,18,1
2026-01-19,000333,14:06:15,77.5900,67,2
2026-01-19,000333,14:06:18,77.5800,98,2
2026-01-19,000333,14:06:21,77.5800,12,2
2026-01-19,000333,14:06:24,77.5700,12,2
2026-01-19,000333,14:06:27,77.5700,2,2
2026-01-19,000333,14:06:30,77.5700,10,2
2026-01-19,000333,14:06:36,77.5800,63,1
2026-01-19,000333,14:06:39,77.5800,100,2
2026-01-19,000333,14:06:45,77.5900,10,1
2026-01-19,000333,14:06:48,77.5700,6,2
2026-01-19,000333,14:06:51,77.5900,8,1
2026-01-19,000333,14:06:54,77.5900,13,1
2026-01-19,000333,14:06:57,77.5900,9,1
2026-01-19,000333,14:07:00,77.5800,2,2
2026-01-19,000333,14:07:03,77.5900,17,1
2026-01-19,000333,14:07:06,77.5900,46,1
2026-01-19,000333,14:07:09,77.5800,34,2
2026-01-19,000333,14:07:12,77.6200,385,1
2026-01-19,000333,14:07:15,77.6300,36,1
2026-01-19,000333,14:07:18,77.6300,28,1
2026-01-19,000333,14:07:21,77.6200,25,4
2026-01-19,000333,14:07:24,77.6200,2,1
2026-01-19,000333,14:07:27,77.6200,9,4
2026-01-19,000333,14:07:33,77.6200,11,1
2026-01-19,000333,14:07:36,77.6200,13,1
2026-01-19,000333,14:07:39,77.6300,9,1
2026-01-19,000333,14:07:42,77.6300,11,2
2026-01-19,000333,14:07:45,77.6400,14,1
2026-01-19,000333,14:07:48,77.6400,10,1
2026-01-19,000333,14:07:51,77.6400,1,1
2026-01-19,000333,14:07:54,77.6400,3,1
2026-01-19,000333,14:07:57,77.6400,12,1
2026-01-19,000333,14:08:00,77.6300,8,2
2026-01-19,000333,14:08:03,77.6300,178,2
2026-01-19,000333,14:08:06,77.6300,202,2
2026-01-19,000333,14:08:09,77.6100,29,2
2026-01-19,000333,14:08:12,77.6100,131,2
2026-01-19,000333,14:08:15,77.6100,196,2
2026-01-19,000333,14:08:18,77.6100,15,1
2026-01-19,000333,14:08:21,77.6100,31,1
2026-01-19,000333,14:08:24,77.6000,88,2
2026-01-19,000333,14:08:27,77.6000,43,2
2026-01-19,000333,14:08:30,77.6000,33,4
2026-01-19,000333,14:08:33,77.6100,57,1
2026-01-19,000333,14:08:36,77.6200,111,1
2026-01-19,000333,14:08:39,77.6200,10,4
2026-01-19,000333,14:08:42,77.6300,57,1
2026-01-19,000333,14:08:45,77.6300,8,2
2026-01-19,000333,14:08:48,77.6300,44,2
2026-01-19,000333,14:08:51,77.6400,3,1
2026-01-19,000333,14:08:54,77.6400,15,1
2026-01-19,000333,14:08:57,77.6300,114,2
2026-01-19,000333,14:09:00,77.6200,12,2
2026-01-19,000333,14:09:03,77.6200,1,2
2026-01-19,000333,14:09:06,77.6200,125,2
2026-01-19,000333,14:09:09,77.6100,20,2
2026-01-19,000333,14:09:12,77.6200,65,1
2026-01-19,000333,14:09:15,77.6200,166,2
2026-01-19,000333,14:09:18,77.6200,208,2
2026-01-19,000333,14:09:21,77.6200,304,1
2026-01-19,000333,14:09:24,77.6200,10,2
2026-01-19,000333,14:09:27,77.6200,8,2
2026-01-19,000333,14:09:30,77.6200,63,2
2026-01-19,000333,14:09:33,77.6000,122,2
2026-01-19,000333,14:09:36,77.6200,82,1
2026-01-19,000333,14:09:39,77.6400,39,1
2026-01-19,000333,14:09:42,77.6300,74,2
2026-01-19,000333,14:09:45,77.6400,1,1
2026-01-19,000333,14:09:48,77.6400,7,1
2026-01-19,000333,14:09:51,77.6300,8,2
2026-01-19,000333,14:09:54,77.6400,2,1
2026-01-19,000333,14:09:57,77.6400,31,1
2026-01-19,000333,14:10:00,77.6300,26,2
2026-01-19,000333,14:10:03,77.6300,6,2
2026-01-19,000333,14:10:06,77.6300,4,2
2026-01-19,000333,14:10:09,77.6300,106,2
2026-01-19,000333,14:10:12,77.6300,41,2
2026-01-19,000333,14:10:15,77.6300,27,1
2026-01-19,000333,14:10:18,77.6400,15,1
2026-01-19,000333,14:10:21,77.6300,7,2
2026-01-19,000333,14:10:24,77.6300,10,2
2026-01-19,000333,14:10:27,77.6300,13,2
2026-01-19,000333,14:10:30,77.6300,5,2
2026-01-19,000333,14:10:33,77.6300,163,2
2026-01-19,000333,14:10:36,77.6300,77,2
2026-01-19,000333,14:10:39,77.6300,32,2
2026-01-19,000333,14:10:42,77.6300,71,2
2026-01-19,000333,14:10:45,77.6400,134,1
2026-01-19,000333,14:10:48,77.6300,58,2
2026-01-19,000333,14:10:51,77.5900,44,2
2026-01-19,000333,14:10:54,77.6000,46,1
2026-01-19,000333,14:10:57,77.6300,36,1
2026-01-19,000333,14:11:00,77.6200,25,2
2026-01-19,000333,14:11:03,77.6200,12,2
2026-01-19,000333,14:11:06,77.6200,7,2
2026-01-19,000333,14:11:09,77.6200,5,2
2026-01-19,000333,14:11:12,77.6200,1,2
2026-01-19,000333,14:11:15,77.6200,8,2
2026-01-19,000333,14:11:18,77.6200,7,2
2026-01-19,000333,14:11:21,77.6200,127,2
2026-01-19,000333,14:11:24,77.6200,62,4
2026-01-19,000333,14:11:27,77.6200,55,1
2026-01-19,000333,14:11:30,77.6200,29,2
2026-01-19,000333,14:11:33,77.6200,53,2
2026-01-19,000333,14:11:36,77.6100,15,2
2026-01-19,000333,14:11:39,77.6100,29,2
2026-01-19,000333,14:11:42,77.6000,57,2
2026-01-19,000333,14:11:45,77.6100,17,1
2026-01-19,000333,14:11:48,77.6100,14,2
2026-01-19,000333,14:11:51,77.6100,149,2
2026-01-19,000333,14:11:54,77.6100,87,2
2026-01-19,000333,14:11:57,77.6200,41,1
2026-01-19,000333,14:12:00,77.5900,16,2
2026-01-19,000333,14:12:03,77.6000,5,1
2026-01-19,000333,14:12:06,77.6000,15,1
2026-01-19,000333,14:12:09,77.5600,2,2
2026-01-19,000333,14:12:12,77.5600,22,2
2026-01-19,000333,14:12:15,77.5800,35,4
2026-01-19,000333,14:12:21,77.5700,20,2
2026-01-19,000333,14:12:24,77.5700,94,2
2026-01-19,000333,14:12:27,77.5800,21,1
2026-01-19,000333,14:12:30,77.5800,120,2
2026-01-19,000333,14:12:33,77.5900,10,1
2026-01-19,000333,14:12:36,77.5900,17,1
2026-01-19,000333,14:12:39,77.5800,32,2
2026-01-19,000333,14:12:42,77.5800,7,2
2026-01-19,000333,14:12:45,77.5900,32,1
2026-01-19,000333,14:12:48,77.5900,40,1
2026-01-19,000333,14:12:51,77.5900,24,2
2026-01-19,000333,14:12:54,77.5900,8,2
2026-01-19,000333,14:12:57,77.6100,76,1
2026-01-19,000333,14:13:00,77.6000,58,4
2026-01-19,000333,14:13:03,77.6200,4,1
2026-01-19,000333,14:13:06,77.6300,48,1
2026-01-19,000333,14:13:09,77.6400,57,1
2026-01-19,000333,14:13:12,77.6400,8,1
2026-01-19,000333,14:13:18,77.6400,22,1
2026-01-19,000333,14:13:21,77.6400,14,1
2026-01-19,000333,14:13:24,77.6400,82,1
2026-01-19,000333,14:13:27,77.6400,80,1
2026-01-19,000333,14:13:30,77.6300,76,2
2026-01-19,000333,14:13:33,77.6400,35,1
2026-01-19,000333,14:13:36,77.6400,9,1
2026-01-19,000333,14:13:39,77.6500,66,1
2026-01-19,000333,14:13:42,77.6600,6,1
2026-01-19,000333,14:13:45,77.6500,7,2
2026-01-19,000333,14:13:48,77.6600,9,1
2026-01-19,000333,14:13:51,77.6600,11,1
2026-01-19,000333,14:13:54,77.6600,10,1
2026-01-19,000333,14:13:57,77.6500,124,2
2026-01-19,000333,14:14:00,77.6600,3,4
2026-01-19,000333,14:14:03,77.6600,2,2
2026-01-19,000333,14:14:06,77.6500,356,2
2026-01-19,000333,14:14:09,77.6400,47,2
2026-01-19,000333,14:14:12,77.6400,5,2
2026-01-19,000333,14:14:15,77.6400,2,2
2026-01-19,000333,14:14:18,77.6500,2,1
2026-01-19,000333,14:14:24,77.6400,41,2
2026-01-19,000333,14:14:27,77.6400,111,2
2026-01-19,000333,14:14:30,77.6300,24,2
2026-01-19,000333,14:14:33,77.6300,320,2
2026-01-19,000333,14:14:36,77.6300,5,2
2026-01-19,000333,14:14:39,77.6200,23,2
2026-01-19,000333,14:14:42,77.6200,41,2
2026-01-19,000333,14:14:45,77.6200,36,2
2026-01-19,000333,14:14:48,77.6200,7,1
2026-01-19,000333,14:14:54,77.6200,27,1
2026-01-19,000333,14:14:57,77.6100,3,2
2026-01-19,000333,14:15:00,77.6500,38,1
2026-01-19,000333,14:15:03,77.6400,7,4
2026-01-19,000333,14:15:06,77.6400,55,2
2026-01-19,000333,14:15:09,77.6500,40,1
2026-01-19,000333,14:15:12,77.6500,289,1
2026-01-19,000333,14:15:15,77.6400,57,2
2026-01-19,000333,14:15:18,77.6400,16,1
2026-01-19,000333,14:15:21,77.6400,19,1
2026-01-19,000333,14:15:24,77.6400,95,1
2026-01-19,000333,14:15:27,77.6500,41,1
2026-01-19,000333,14:15:30,77.6400,18,2
2026-01-19,000333,14:15:33,77.6400,122,1
2026-01-19,000333,14:15:36,77.6300,139,2
2026-01-19,000333,14:15:39,77.6300,18,2
2026-01-19,000333,14:15:42,77.6200,39,2
2026-01-19,000333,14:15:45,77.6200,2,2
2026-01-19,000333,14:15:48,77.6200,117,2
2026-01-19,000333,14:15:51,77.6100,2,2
2026-01-19,000333,14:15:54,77.6300,19,1
2026-01-19,000333,14:15:57,77.6100,32,2
2026-01-19,000333,14:16:00,77.6100,26,2
2026-01-19,000333,14:16:03,77.6200,56,1
2026-01-19,000333,14:16:06,77.6200,68,2
2026-01-19,000333,14:16:09,77.6200,22,2
2026-01-19,000333,14:16:12,77.6100,2,1
2026-01-19,000333,14:16:15,77.6200,15,1
2026-01-19,000333,14:16:18,77.6200,111,2
2026-01-19,000333,14:16:21,77.6300,42,1
2026-01-19,000333,14:16:24,77.6400,37,1
2026-01-19,000333,14:16:27,77.6500,7,1
2026-01-19,000333,14:16:30,77.6300,11,2
2026-01-19,000333,14:16:33,77.6300,3,2
2026-01-19,000333,14:16:36,77.6400,10,1
2026-01-19,000333,14:16:39,77.6300,2,2
2026-01-19,000333,14:16:42,77.6300,5,2
2026-01-19,000333,14:16:45,77.6400,5,1
2026-01-19,000333,14:16:48,77.6300,5,2
2026-01-19,000333,14:16:51,77.6400,32,1
2026-01-19,000333,14:16:54,77.6400,141,2
2026-01-19,000333,14:16:57,77.6400,1,1
2026-01-19,000333,14:17:03,77.6400,64,1
2026-01-19,000333,14:17:06,77.6500,28,1
2026-01-19,000333,14:17:09,77.6600,144,1
2026-01-19,000333,14:17:12,77.6500,1,1
2026-01-19,000333,14:17:15,77.6600,7,1
2026-01-19,000333,14:17:18,77.6600,26,1
2026-01-19,000333,14:17:21,77.6500,1,2
2026-01-19,000333,14:17:24,77.6500,38,2
2026-01-19,000333,14:17:27,77.6500,9,2
2026-01-19,000333,14:17:30,77.6500,227,2
2026-01-19,000333,14:17:33,77.6300,46,2
2026-01-19,000333,14:17:36,77.6300,131,2
2026-01-19,000333,14:17:39,77.6300,16,1
2026-01-19,000333,14:17:45,77.6200,30,2
2026-01-19,000333,14:17:48,77.6500,67,1
2026-01-19,000333,14:17:51,77.6300,221,2
2026-01-19,000333,14:17:54,77.6300,4,2
2026-01-19,000333,14:18:00,77.6500,21,1
2026-01-19,000333,14:18:03,77.6300,38,2
2026-01-19,000333,14:18:06,77.6400,14,1
2026-01-19,000333,14:18:09,77.6200,17,2
2026-01-19,000333,14:18:12,77.6300,23,1
2026-01-19,000333,14:18:15,77.6400,14,1
2026-01-19,000333,14:18:18,77.6300,14,4
2026-01-19,000333,14:18:21,77.6400,1,1
2026-01-19,000333,14:18:24,77.6500,19,1
2026-01-19,000333,14:18:27,77.6200,12,2
2026-01-19,000333,14:18:30,77.6400,11,2
2026-01-19,000333,14:18:33,77.6500,3,1
2026-01-19,000333,14:18:39,77.6400,24,2
2026-01-19,000333,14:18:42,77.6500,2,1
2026-01-19,000333,14:18:45,77.6400,53,2
2026-01-19,000333,14:18:48,77.6500,3,1
2026-01-19,000333,14:18:51,77.6500,109,1
2026-01-19,000333,14:18:54,77.6500,3,1
2026-01-19,000333,14:18:57,77.6400,101,2
2026-01-19,000333,14:19:00,77.6300,8,2
2026-01-19,000333,14:19:03,77.6300,159,2
2026-01-19,000333,14:19:06,77.6300,67,2
2026-01-19,000333,14:19:09,77.6200,44,2
2026-01-19,000333,14:19:12,77.6500,33,1
2026-01-19,000333,14:19:15,77.6200,33,2
2026-01-19,000333,14:19:18,77.6500,12,1
2026-01-19,000333,14:19:21,77.6100,196,2
2026-01-19,000333,14:19:24,77.6500,60,1
2026-01-19,000333,14:19:27,77.6500,21,1
2026-01-19,000333,14:19:30,77.6600,5,1
2026-01-19,000333,14:19:33,77.6200,120,2
2026-01-19,000333,14:19:39,77.6300,60,1
2026-01-19,000333,14:19:42,77.6400,1,1
2026-01-19,000333,14:19:45,77.6200,17,1
2026-01-19,000333,14:19:48,77.6200,14,1
2026-01-19,000333,14:19:51,77.6200,14,1
2026-01-19,000333,14:19:54,77.6200,16,1
2026-01-19,000333,14:19:57,77.6200,44,1
2026-01-19,000333,14:20:00,77.6200,79,1
2026-01-19,000333,14:20:03,77.6200,36,2
2026-01-19,000333,14:20:06,77.6200,3,2
2026-01-19,000333,14:20:09,77.6200,25,2
2026-01-19,000333,14:20:12,77.6200,10,2
2026-01-19,000333,14:20:15,77.6300,6,1
2026-01-19,000333,14:20:18,77.6200,8,2
2026-01-19,000333,14:20:21,77.6300,10,1
2026-01-19,000333,14:20:24,77.6300,12,1
2026-01-19,000333,14:20:27,77.6100,273,2
2026-01-19,000333,14:20:30,77.5900,16,2
2026-01-19,000333,14:20:33,77.5900,57,2
2026-01-19,000333,14:20:36,77.5900,92,2
2026-01-19,000333,14:20:39,77.5500,2,2
2026-01-19,000333,14:20:45,77.5900,13,1
2026-01-19,000333,14:20:48,77.5600,63,2
2026-01-19,000333,14:20:51,77.5800,143,1
2026-01-19,000333,14:20:54,77.5900,21,1
2026-01-19,000333,14:20:57,77.5900,135,1
2026-01-19,000333,14:21:00,77.6100,79,1
2026-01-19,000333,14:21:03,77.5900,62,2
2026-01-19,000333,14:21:06,77.6100,2,2
2026-01-19,000333,14:21:09,77.6100,1,2
2026-01-19,000333,14:21:12,77.6100,12,2
2026-01-19,000333,14:21:15,77.6200,3,1
2026-01-19,000333,14:21:18,77.6100,7,2
2026-01-19,000333,14:21:21,77.6100,53,2
2026-01-19,000333,14:21:24,77.6200,98,1
2026-01-19,000333,14:21:27,77.6100,62,2
2026-01-19,000333,14:21:30,77.6000,5,2
2026-01-19,000333,14:21:33,77.6000,74,2
2026-01-19,000333,14:21:36,77.6100,20,1
2026-01-19,000333,14:21:39,77.6100,32,1
2026-01-19,000333,14:21:42,77.5900,10,2
2026-01-19,000333,14:21:45,77.6100,15,1
2026-01-19,000333,14:21:48,77.5900,31,2
2026-01-19,000333,14:21:51,77.6100,2,1
2026-01-19,000333,14:21:54,77.6100,8,1
2026-01-19,000333,14:21:57,77.6100,13,1
2026-01-19,000333,14:22:00,77.6000,34,2
2026-01-19,000333,14:22:03,77.5800,131,2
2026-01-19,000333,14:22:06,77.6000,18,2
2026-01-19,000333,14:22:09,77.6100,25,1
2026-01-19,000333,14:22:12,77.6000,1,2
2026-01-19,000333,14:22:15,77.6000,18,2
2026-01-19,000333,14:22:18,77.6000,11,2
2026-01-19,000333,14:22:21,77.6000,38,2
2026-01-19,000333,14:22:24,77.6000,2,2
2026-01-19,000333,14:22:27,77.6100,33,1
2026-01-19,000333,14:22:30,77.6100,28,1
2026-01-19,000333,14:22:33,77.6000,9,2
2026-01-19,000333,14:22:36,77.6100,89,1
2026-01-19,000333,14:22:39,77.6200,33,1
2026-01-19,000333,14:22:42,77.6000,125,2
2026-01-19,000333,14:22:45,77.6200,8,2
2026-01-19,000333,14:22:48,77.6300,40,1
2026-01-19,000333,14:22:51,77.6300,4,4
2026-01-19,000333,14:22:54,77.6200,66,2
2026-01-19,000333,14:22:57,77.6400,3,1
2026-01-19,000333,14:23:00,77.6400,107,1
2026-01-19,000333,14:23:03,77.6500,2,1
2026-01-19,000333,14:23:09,77.6500,9,1
2026-01-19,000333,14:23:12,77.6500,2,1
2026-01-19,000333,14:23:15,77.6400,25,2
2026-01-19,000333,14:23:18,77.6400,96,2
2026-01-19,000333,14:23:21,77.6400,116,2
2026-01-19,000333,14:23:24,77.6500,115,1
2026-01-19,000333,14:23:27,77.6400,4,2
2026-01-19,000333,14:23:30,77.6500,9,1
2026-01-19,000333,14:23:33,77.6500,13,1
2026-01-19,000333,14:23:36,77.6500,2,1
2026-01-19,000333,14:23:39,77.6400,18,2
2026-01-19,000333,14:23:42,77.6600,35,1
2026-01-19,000333,14:23:45,77.6500,67,2
2026-01-19,000333,14:23:48,77.6500,45,2
2026-01-19,000333,14:23:51,77.6400,1,2
2026-01-19,000333,14:23:54,77.6400,28,2
2026-01-19,000333,14:23:57,77.6400,102,2
2026-01-19,000333,14:24:00,77.6400,36,2
2026-01-19,000333,14:24:06,77.6400,6,1
2026-01-19,000333,14:24:09,77.6500,6,1
2026-01-19,000333,14:24:12,77.6400,1,2
2026-01-19,000333,14:24:15,77.6400,16,2
2026-01-19,000333,14:24:18,77.6300,225,2
2026-01-19,000333,14:24:21,77.6200,40,2
2026-01-19,000333,14:24:24,77.6200,27,2
2026-01-19,000333,14:24:27,77.6400,58,1
2026-01-19,000333,14:24:30,77.6300,76,4
2026-01-19,000333,14:24:33,77.6300,14,2
2026-01-19,000333,14:24:36,77.6400,72,1
2026-01-19,000333,14:24:39,77.6300,30,2
2026-01-19,000333,14:24:42,77.6400,5,1
2026-01-19,000333,14:24:45,77.6300,29,2
2026-01-19,000333,14:24:48,77.6400,311,1
2026-01-19,000333,14:24:51,77.6500,66,1
2026-01-19,000333,14:24:54,77.6600,163,1
2026-01-19,000333,14:25:00,77.6700,43,1
2026-01-19,000333,14:25:03,77.6700,4,1
2026-01-19,000333,14:25:06,77.6700,17,1
2026-01-19,000333,14:25:09,77.6700,9,2
2026-01-19,000333,14:25:12,77.6800,42,1
2026-01-19,000333,14:25:15,77.6700,29,2
2026-01-19,000333,14:25:18,77.6700,22,2
2026-01-19,000333,14:25:21,77.6700,36,1
2026-01-19,000333,14:25:24,77.6600,88,2
2026-01-19,000333,14:25:30,77.6700,7,1
2026-01-19,000333,14:25:33,77.6600,1,2
2026-01-19,000333,14:25:36,77.6600,104,2
2026-01-19,000333,14:25:39,77.6600,15,2
2026-01-19,000333,14:25:42,77.6700,44,1
2026-01-19,000333,14:25:45,77.6600,13,2
2026-01-19,000333,14:25:48,77.6700,52,4
2026-01-19,000333,14:25:51,77.6800,78,1
2026-01-19,000333,14:25:54,77.6700,140,4
2026-01-19,000333,14:25:57,77.6700,17,2
2026-01-19,000333,14:26:00,77.6600,142,2
2026-01-19,000333,14:26:03,77.6900,17,1
2026-01-19,000333,14:26:06,77.6900,41,1
2026-01-19,000333,14:26:09,77.6900,43,1
2026-01-19,000333,14:26:12,77.6800,131,2
2026-01-19,000333,14:26:15,77.6800,36,2
2026-01-19,000333,14:26:18,77.6700,81,2
2026-01-19,000333,14:26:21,77.6700,18,2
2026-01-19,000333,14:26:24,77.6700,99,2
2026-01-19,000333,14:26:27,77.6700,24,1
2026-01-19,000333,14:26:30,77.6800,37,1
2026-01-19,000333,14:26:33,77.6900,2,1
2026-01-19,000333,14:26:36,77.6800,4,2
2026-01-19,000333,14:26:39,77.6800,127,2
2026-01-19,000333,14:26:42,77.6800,109,2
2026-01-19,000333,14:26:45,77.6900,166,1
2026-01-19,000333,14:26:48,77.6800,16,2
2026-01-19,000333,14:26:51,77.6700,119,2
2026-01-19,000333,14:26:54,77.6800,1,1
2026-01-19,000333,14:26:57,77.6800,2,1
2026-01-19,000333,14:27:00,77.6700,7,2
2026-01-19,000333,14:27:03,77.6700,6,2
2026-01-19,000333,14:27:09,77.6800,2,1
2026-01-19,000333,14:27:12,77.6800,5,1
2026-01-19,000333,14:27:15,77.6700,7,2
2026-01-19,000333,14:27:18,77.6800,5,1
2026-01-19,000333,14:27:21,77.6800,6,1
2026-01-19,000333,14:27:24,77.6700,5,2
2026-01-19,000333,14:27:27,77.6700,16,2
2026-01-19,000333,14:27:30,77.6800,158,1
2026-01-19,000333,14:27:33,77.6800,79,1
2026-01-19,000333,14:27:36,77.6800,56,2
2026-01-19,000333,14:27:39,77.6700,47,2
2026-01-19,000333,14:27:42,77.6800,8,1
2026-01-19,000333,14:27:45,77.6700,47,2
2026-01-19,000333,14:27:48,77.6700,13,2
2026-01-19,000333,14:27:51,77.6700,23,2
2026-01-19,000333,14:27:54,77.6700,11,1
2026-01-19,000333,14:27:57,77.6600,26,2
2026-01-19,000333,14:28:00,77.6700,3,1
2026-01-19,000333,14:28:03,77.6600,81,2
2026-01-19,000333,14:28:06,77.6700,66,1
2026-01-19,000333,14:28:09,77.6700,52,1
2026-01-19,000333,14:28:12,77.6500,92,2
2026-01-19,000333,14:28:15,77.6400,33,2
2026-01-19,000333,14:28:18,77.6100,62,2
2026-01-19,000333,14:28:21,77.6100,73,2
2026-01-19,000333,14:28:24,77.6100,8,2
2026-01-19,000333,14:28:27,77.6100,1,2
2026-01-19,000333,14:28:30,77.6100,33,2
2026-01-19,000333,14:28:33,77.6000,62,2
2026-01-19,000333,14:28:36,77.6000,3,4
2026-01-19,000333,14:28:39,77.6100,17,1
2026-01-19,000333,14:28:42,77.6100,34,2
2026-01-19,000333,14:28:45,77.6100,32,2
2026-01-19,000333,14:28:48,77.6100,6,1
2026-01-19,000333,14:28:51,77.6100,10,1
2026-01-19,000333,14:28:54,77.6200,10,1
2026-01-19,000333,14:28:57,77.6100,3,2
2026-01-19,000333,14:29:00,77.6200,27,1
2026-01-19,000333,14:29:03,77.6100,30,2
2026-01-19,000333,14:29:06,77.6100,45,2
2026-01-19,000333,14:29:09,77.6200,1,1
2026-01-19,000333,14:29:12,77.6100,42,2
2026-01-19,000333,14:29:15,77.6100,23,2
2026-01-19,000333,14:29:18,77.6200,1,1
2026-01-19,000333,14:29:21,77.6100,12,2
2026-01-19,000333,14:29:24,77.6100,5,2
2026-01-19,000333,14:29:27,77.6100,14,2
2026-01-19,000333,14:29:30,77.6100,15,2
2026-01-19,000333,14:29:33,77.6100,13,2
2026-01-19,000333,14:29:36,77.6200,111,1
2026-01-19,000333,14:29:39,77.6300,4,1
2026-01-19,000333,14:29:42,77.6300,67,1
2026-01-19,000333,14:29:45,77.6600,72,1
2026-01-19,000333,14:29:48,77.6700,66,1
2026-01-19,000333,14:29:51,77.6700,153,1
2026-01-19,000333,14:29:54,77.6600,101,2
2026-01-19,000333,14:29:57,77.6700,47,1
2026-01-19,000333,14:30:00,77.6700,38,1
2026-01-19,000333,14:30:03,77.6800,110,1
2026-01-19,000333,14:30:06,77.6600,15,2
2026-01-19,000333,14:30:09,77.6700,14,1
2026-01-19,000333,14:30:12,77.6800,8,1
2026-01-19,000333,14:30:15,77.6800,17,1
2026-01-19,000333,14:30:18,77.6700,9,2
2026-01-19,000333,14:30:21,77.6700,4,2
2026-01-19,000333,14:30:24,77.6700,35,2
2026-01-19,000333,14:30:27,77.6700,8,2
2026-01-19,000333,14:30:30,77.6800,230,1
2026-01-19,000333,14:30:33,77.6700,61,1
2026-01-19,000333,14:30:36,77.6700,131,1
2026-01-19,000333,14:30:39,77.6700,21,2
2026-01-19,000333,14:30:42,77.6800,105,1
2026-01-19,000333,14:30:45,77.6800,32,1
2026-01-19,000333,14:30:48,77.6900,56,1
2026-01-19,000333,14:30:51,77.6800,15,2
2026-01-19,000333,14:30:54,77.6800,26,2
2026-01-19,000333,14:30:57,77.6900,2,1
2026-01-19,000333,14:31:00,77.6900,4,1
2026-01-19,000333,14:31:03,77.6900,88,1
2026-01-19,000333,14:31:06,77.6900,66,2
2026-01-19,000333,14:31:09,77.6900,6,2
2026-01-19,000333,14:31:12,77.6900,6,1
2026-01-19,000333,14:31:15,77.6800,163,2
2026-01-19,000333,14:31:18,77.6800,57,2
2026-01-19,000333,14:31:21,77.6800,19,2
2026-01-19,000333,14:31:24,77.6900,50,1
2026-01-19,000333,14:31:27,77.6900,5,1
2026-01-19,000333,14:31:30,77.6800,2,2
2026-01-19,000333,14:31:33,77.6800,13,2
2026-01-19,000333,14:31:36,77.6800,10,2
2026-01-19,000333,14:31:39,77.6800,204,2
2026-01-19,000333,14:31:42,77.6600,175,2
2026-01-19,000333,14:31:45,77.6700,28,4
2026-01-19,000333,14:31:48,77.6600,130,2
2026-01-19,000333,14:31:51,77.6500,13,2
2026-01-19,000333,14:31:54,77.6500,10,2
2026-01-19,000333,14:31:57,77.6700,9,1
2026-01-19,000333,14:32:00,77.6700,121,1
2026-01-19,000333,14:32:03,77.6800,7,1
2026-01-19,000333,14:32:06,77.6800,15,1
2026-01-19,000333,14:32:09,77.6700,5,2
2026-01-19,000333,14:32:12,77.6800,117,1
2026-01-19,000333,14:32:15,77.7000,114,1
2026-01-19,000333,14:32:18,77.7100,13,1
2026-01-19,000333,14:32:21,77.7100,54,1
2026-01-19,000333,14:32:24,77.7200,85,1
2026-01-19,000333,14:32:27,77.6700,134,2
2026-01-19,000333,14:32:30,77.7100,47,1
2026-01-19,000333,14:32:33,77.7200,27,1
2026-01-19,000333,14:32:36,77.7200,60,1
2026-01-19,000333,14:32:39,77.7100,49,2
2026-01-19,000333,14:32:42,77.6900,61,2
2026-01-19,000333,14:32:45,77.6800,10,2
2026-01-19,000333,14:32:48,77.6800,25,2
2026-01-19,000333,14:32:51,77.6700,94,2
2026-01-19,000333,14:32:54,77.6600,31,2
2026-01-19,000333,14:32:57,77.6600,6,2
2026-01-19,000333,14:33:00,77.6600,95,2
2026-01-19,000333,14:33:03,77.6600,99,2
2026-01-19,000333,14:33:06,77.6600,54,2
2026-01-19,000333,14:33:09,77.6600,34,1
2026-01-19,000333,14:33:12,77.6600,72,1
2026-01-19,000333,14:33:15,77.6600,5,2
2026-01-19,000333,14:33:18,77.6600,1,2
2026-01-19,000333,14:33:21,77.6600,5,2
2026-01-19,000333,14:33:24,77.6600,4,2
2026-01-19,000333,14:33:27,77.6600,4,2
2026-01-19,000333,14:33:30,77.6600,62,2
2026-01-19,000333,14:33:33,77.6600,66,2
2026-01-19,000333,14:33:36,77.6400,1,2
2026-01-19,000333,14:33:39,77.6400,10,2
2026-01-19,000333,14:33:42,77.6400,28,2
2026-01-19,000333,14:33:45,77.6500,21,1
2026-01-19,000333,14:33:48,77.6400,2,2
2026-01-19,000333,14:33:51,77.6400,11,2
2026-01-19,000333,14:33:54,77.6400,2,2
2026-01-19,000333,14:33:57,77.6400,99,2
2026-01-19,000333,14:34:00,77.6500,109,2
2026-01-19,000333,14:34:03,77.6500,13,2
2026-01-19,000333,14:34:06,77.6600,4,1
2026-01-19,000333,14:34:09,77.6700,34,1
2026-01-19,000333,14:34:12,77.6600,3,2
2026-01-19,000333,14:34:15,77.6700,34,1
2026-01-19,000333,14:34:18,77.6700,4,4
2026-01-19,000333,14:34:24,77.6800,1,1
2026-01-19,000333,14:34:27,77.6800,18,1
2026-01-19,000333,14:34:30,77.6700,5,2
2026-01-19,000333,14:34:33,77.6800,3,1
2026-01-19,000333,14:34:36,77.6700,15,2
2026-01-19,000333,14:34:39,77.6700,6,2
2026-01-19,000333,14:34:42,77.6700,11,2
2026-01-19,000333,14:34:45,77.6700,174,2
2026-01-19,000333,14:34:48,77.6800,112,1
2026-01-19,000333,14:34:51,77.6700,3,4
2026-01-19,000333,14:34:54,77.6800,16,1
2026-01-19,000333,14:34:57,77.6800,116,1
2026-01-19,000333,14:35:00,77.6800,17,2
2026-01-19,000333,14:35:03,77.6800,45,1
2026-01-19,000333,14:35:06,77.6800,22,1
2026-01-19,000333,14:35:12,77.6700,146,2
2026-01-19,000333,14:35:15,77.6700,62,1
2026-01-19,000333,14:35:18,77.6700,51,2
2026-01-19,000333,14:35:21,77.6600,8,2
2026-01-19,000333,14:35:24,77.6700,370,1
2026-01-19,000333,14:35:27,77.6600,368,2
2026-01-19,000333,14:35:30,77.6600,180,1
2026-01-19,000333,14:35:33,77.6600,147,2
2026-01-19,000333,14:35:36,77.6500,179,4
2026-01-19,000333,14:35:39,77.6500,18,2
2026-01-19,000333,14:35:42,77.6500,28,2
2026-01-19,000333,14:35:45,77.6500,28,2
2026-01-19,000333,14:35:48,77.6300,209,2
2026-01-19,000333,14:35:51,77.6100,131,2
2026-01-19,000333,14:35:54,77.6200,123,1
2026-01-19,000333,14:35:57,77.6600,46,1
2026-01-19,000333,14:36:00,77.6200,30,2
2026-01-19,000333,14:36:03,77.6200,36,2
2026-01-19,000333,14:36:06,77.6400,30,1
2026-01-19,000333,14:36:09,77.6400,70,2
2026-01-19,000333,14:36:12,77.6200,40,2
2026-01-19,000333,14:36:15,77.6200,37,2
2026-01-19,000333,14:36:18,77.6300,9,4
2026-01-19,000333,14:36:21,77.6200,56,2
2026-01-19,000333,14:36:24,77.6200,55,2
2026-01-19,000333,14:36:27,77.6200,57,2
2026-01-19,000333,14:36:30,77.6300,41,1
2026-01-19,000333,14:36:33,77.6200,275,2
2026-01-19,000333,14:36:36,77.6300,31,1
2026-01-19,000333,14:36:39,77.6300,38,1
2026-01-19,000333,14:36:42,77.6200,21,2
2026-01-19,000333,14:36:45,77.6300,122,1
2026-01-19,000333,14:36:48,77.6300,70,2
2026-01-19,000333,14:36:51,77.6300,40,2
2026-01-19,000333,14:36:54,77.6400,28,1
2026-01-19,000333,14:36:57,77.6300,28,2
2026-01-19,000333,14:37:00,77.6400,44,1
2026-01-19,000333,14:37:03,77.6200,65,2
2026-01-19,000333,14:37:06,77.6200,215,2
2026-01-19,000333,14:37:09,77.6200,114,2
2026-01-19,000333,14:37:12,77.6200,57,2
2026-01-19,000333,14:37:15,77.6000,137,2
2026-01-19,000333,14:37:18,77.6100,10,1
2026-01-19,000333,14:37:21,77.6000,17,2
2026-01-19,000333,14:37:24,77.6200,19,1
2026-01-19,000333,14:37:27,77.6100,15,2
2026-01-19,000333,14:37:30,77.6200,55,1
2026-01-19,000333,14:37:33,77.6300,52,1
2026-01-19,000333,14:37:36,77.6400,13,1
2026-01-19,000333,14:37:39,77.6300,11,2
2026-01-19,000333,14:37:42,77.6300,39,2
2026-01-19,000333,14:37:45,77.6300,51,2
2026-01-19,000333,14:37:48,77.6300,46,2
2026-01-19,000333,14:37:51,77.6300,33,4
2026-01-19,000333,14:37:54,77.6400,64,1
2026-01-19,000333,14:37:57,77.6300,39,2
2026-01-19,000333,14:38:00,77.6200,80,2
2026-01-19,000333,14:38:03,77.6200,132,2
2026-01-19,000333,14:38:06,77.6200,120,2
2026-01-19,000333,14:38:09,77.6200,43,2
2026-01-19,000333,14:38:12,77.6300,158,1
2026-01-19,000333,14:38:15,77.6400,14,1
2026-01-19,000333,14:38:18,77.6300,2,2
2026-01-19,000333,14:38:21,77.6500,82,1
2026-01-19,000333,14:38:24,77.6300,20,2
2026-01-19,000333,14:38:27,77.6500,18,1
2026-01-19,000333,14:38:30,77.6400,59,2
2026-01-19,000333,14:38:33,77.6400,203,2
2026-01-19,000333,14:38:36,77.6200,49,2
2026-01-19,000333,14:38:39,77.6400,58,1
2026-01-19,000333,14:38:42,77.6300,125,2
2026-01-19,000333,14:38:45,77.6300,104,2
2026-01-19,000333,14:38:48,77.6300,66,2
2026-01-19,000333,14:38:51,77.6300,109,1
2026-01-19,000333,14:38:54,77.6200,28,4
2026-01-19,000333,14:38:57,77.6200,8,2
2026-01-19,000333,14:39:00,77.6300,33,1
2026-01-19,000333,14:39:03,77.6200,10,2
2026-01-19,000333,14:39:06,77.6200,14,2
2026-01-19,000333,14:39:09,77.6200,82,2
2026-01-19,000333,14:39:12,77.6200,29,2
2026-01-19,000333,14:39:15,77.6200,231,2
2026-01-19,000333,14:39:18,77.6200,7,1
2026-01-19,000333,14:39:21,77.6100,77,2
2026-01-19,000333,14:39:24,77.6100,4,2
2026-01-19,000333,14:39:27,77.6200,205,1
2026-01-19,000333,14:39:30,77.6300,17,1
2026-01-19,000333,14:39:33,77.6200,4,2
2026-01-19,000333,14:39:36,77.6300,163,1
2026-01-19,000333,14:39:39,77.6300,63,1
2026-01-19,000333,14:39:42,77.6400,4,1
2026-01-19,000333,14:39:45,77.6500,7,1
2026-01-19,000333,14:39:48,77.6500,5,1
2026-01-19,000333,14:39:54,77.6500,12,2
2026-01-19,000333,14:39:57,77.6500,21,1
2026-01-19,000333,14:40:00,77.6400,71,2
2026-01-19,000333,14:40:03,77.6400,37,2
2026-01-19,000333,14:40:06,77.6500,56,1
2026-01-19,000333,14:40:09,77.6400,11,2
2026-01-19,000333,14:40:12,77.6500,47,1
2026-01-19,000333,14:40:15,77.6500,42,2
2026-01-19,000333,14:40:18,77.6500,48,2
2026-01-19,000333,14:40:21,77.6500,15,4
2026-01-19,000333,14:40:24,77.6600,49,1
2026-01-19,000333,14:40:27,77.6500,33,2
2026-01-19,000333,14:40:30,77.6300,92,2
2026-01-19,000333,14:40:33,77.6300,61,2
2026-01-19,000333,14:40:36,77.6300,121,2
2026-01-19,000333,14:40:39,77.6400,117,1
2026-01-19,000333,14:40:42,77.6300,51,2
2026-01-19,000333,14:40:45,77.6500,181,1
2026-01-19,000333,14:40:48,77.6500,19,2
2026-01-19,000333,14:40:51,77.6400,100,2
2026-01-19,000333,14:40:54,77.6500,11,1
2026-01-19,000333,14:41:00,77.6500,8,2
2026-01-19,000333,14:41:03,77.6500,24,1
2026-01-19,000333,14:41:06,77.6600,13,1
2026-01-19,000333,14:41:09,77.6400,12,2
2026-01-19,000333,14:41:12,77.6600,27,1
2026-01-19,000333,14:41:15,77.6600,64,2
2026-01-19,000333,14:41:18,77.6700,44,1
2026-01-19,000333,14:41:21,77.6500,70,4
2026-01-19,000333,14:41:24,77.6600,11,1
2026-01-19,000333,14:41:27,77.6500,306,2
2026-01-19,000333,14:41:30,77.6600,18,2
2026-01-19,000333,14:41:33,77.6800,6,1
2026-01-19,000333,14:41:36,77.6700,21,2
2026-01-19,000333,14:41:39,77.6800,2,1
2026-01-19,000333,14:41:42,77.6700,6,2
2026-01-19,000333,14:41:45,77.6700,17,2
2026-01-19,000333,14:41:48,77.6700,16,2
2026-01-19,000333,14:41:51,77.6700,25,2
2026-01-19,000333,14:41:54,77.6800,72,1
2026-01-19,000333,14:41:57,77.6800,28,1
2026-01-19,000333,14:42:00,77.6800,14,1
2026-01-19,000333,14:42:03,77.6800,101,2
2026-01-19,000333,14:42:06,77.6900,103,1
2026-01-19,000333,14:42:09,77.6800,23,2
2026-01-19,000333,14:42:12,77.6800,13,2
2026-01-19,000333,14:42:15,77.6800,111,2
2026-01-19,000333,14:42:18,77.6700,31,2
2026-01-19,000333,14:42:21,77.6900,90,1
2026-01-19,000333,14:42:24,77.6800,7,1
2026-01-19,000333,14:42:27,77.6700,85,2
2026-01-19,000333,14:42:30,77.6600,18,2
2026-01-19,000333,14:42:33,77.6700,17,1
2026-01-19,000333,14:42:36,77.6700,23,2
2026-01-19,000333,14:42:39,77.6600,30,2
2026-01-19,000333,14:42:42,77.6700,12,1
2026-01-19,000333,14:42:45,77.6700,9,1
2026-01-19,000333,14:42:48,77.6600,139,2
2026-01-19,000333,14:42:51,77.6700,30,1
2026-01-19,000333,14:42:54,77.6700,78,1
2026-01-19,000333,14:42:57,77.6700,3,2
2026-01-19,000333,14:43:00,77.6700,2,2
2026-01-19,000333,14:43:03,77.6800,2,1
2026-01-19,000333,14:43:06,77.6800,50,1
2026-01-19,000333,14:43:09,77.6700,9,2
2026-01-19,000333,14:43:12,77.6900,304,1
2026-01-19,000333,14:43:15,77.6800,42,1
2026-01-19,000333,14:43:18,77.6900,15,2
2026-01-19,000333,14:43:21,77.6900,37,1
2026-01-19,000333,14:43:24,77.6800,17,2
2026-01-19,000333,14:43:27,77.6900,50,1
2026-01-19,000333,14:43:30,77.6800,51,2
2026-01-19,000333,14:43:33,77.6900,45,1
2026-01-19,000333,14:43:36,77.6900,109,2
2026-01-19,000333,14:43:39,77.6800,131,2
2026-01-19,000333,14:43:42,77.6800,59,2
2026-01-19,000333,14:43:45,77.6900,65,1
2026-01-19,000333,14:43:48,77.6800,11,2
2026-01-19,000333,14:43:51,77.6800,3,2
2026-01-19,000333,14:43:54,77.6800,4,2
2026-01-19,000333,14:43:57,77.6900,18,1
2026-01-19,000333,14:44:00,77.6900,48,1
2026-01-19,000333,14:44:03,77.6800,84,2
2026-01-19,000333,14:44:06,77.6800,60,2
2026-01-19,000333,14:44:09,77.6800,35,2
2026-01-19,000333,14:44:12,77.6800,37,2
2026-01-19,000333,14:44:15,77.6800,10,2
2026-01-19,000333,14:44:18,77.6800,30,2
2026-01-19,000333,14:44:21,77.6900,101,1
2026-01-19,000333,14:44:24,77.6900,21,1
2026-01-19,000333,14:44:27,77.6800,14,2
2026-01-19,000333,14:44:30,77.6700,17,2
2026-01-19,000333,14:44:33,77.6800,40,1
2026-01-19,000333,14:44:36,77.6700,25,2
2026-01-19,000333,14:44:39,77.6800,27,1
2026-01-19,000333,14:44:42,77.6800,2,1
2026-01-19,000333,14:44:45,77.6800,109,1
2026-01-19,000333,14:44:48,77.6800,31,2
2026-01-19,000333,14:44:51,77.6700,19,2
2026-01-19,000333,14:44:54,77.6900,7,1
2026-01-19,000333,14:44:57,77.6800,30,2
2026-01-19,000333,14:45:00,77.6800,63,1
2026-01-19,000333,14:45:03,77.6800,21,2
2026-01-19,000333,14:45:06,77.6900,186,1
2026-01-19,000333,14:45:09,77.6900,99,1
2026-01-19,000333,14:45:12,77.6800,17,2
2026-01-19,000333,14:45:15,77.6800,27,2
2026-01-19,000333,14:45:18,77.7000,96,1
2026-01-19,000333,14:45:21,77.6900,73,2
2026-01-19,000333,14:45:24,77.7000,39,1
2026-01-19,000333,14:45:27,77.6900,121,2
2026-01-19,000333,14:45:30,77.6900,23,2
2026-01-19,000333,14:45:33,77.6900,79,2
2026-01-19,000333,14:45:36,77.7000,65,1
2026-01-19,000333,14:45:39,77.6900,71,2
2026-01-19,000333,14:45:42,77.6900,34,2
2026-01-19,000333,14:45:45,77.6900,99,2
2026-01-19,000333,14:45:48,77.6900,44,2
2026-01-19,000333,14:45:51,77.6900,15,2
2026-01-19,000333,14:45:54,77.6800,33,2
2026-01-19,000333,14:45:57,77.6900,2,4
2026-01-19,000333,14:46:00,77.6900,21,1
2026-01-19,000333,14:46:03,77.6900,57,2
2026-01-19,000333,14:46:06,77.6900,18,2
2026-01-19,000333,14:46:09,77.6900,20,2
2026-01-19,000333,14:46:12,77.6900,29,2
2026-01-19,000333,14:46:15,77.6900,33,2
2026-01-19,000333,14:46:18,77.6900,18,2
2026-01-19,000333,14:46:21,77.6900,21,2
2026-01-19,000333,14:46:24,77.7000,6,1
2026-01-19,000333,14:46:27,77.6900,6,1
2026-01-19,000333,14:46:30,77.6900,10,2
2026-01-19,000333,14:46:33,77.6900,24,2
2026-01-19,000333,14:46:36,77.7000,20,1
2026-01-19,000333,14:46:39,77.7000,28,1
2026-01-19,000333,14:46:42,77.7000,16,1
2026-01-19,000333,14:46:45,77.6900,491,2
2026-01-19,000333,14:46:48,77.7000,27,4
2026-01-19,000333,14:46:51,77.7000,124,2
2026-01-19,000333,14:46:54,77.7100,49,1
2026-01-19,000333,14:46:57,77.7200,383,1
2026-01-19,000333,14:47:00,77.7100,71,2
2026-01-19,000333,14:47:03,77.7200,31,1
2026-01-19,000333,14:47:06,77.7300,92,1
2026-01-19,000333,14:47:09,77.7200,25,4
2026-01-19,000333,14:47:12,77.7200,35,1
2026-01-19,000333,14:47:15,77.7200,9,2
2026-01-19,000333,14:47:18,77.7300,92,1
2026-01-19,000333,14:47:21,77.7200,12,2
2026-01-19,000333,14:47:24,77.7300,8,1
2026-01-19,000333,14:47:27,77.7200,19,2
2026-01-19,000333,14:47:30,77.7200,27,2
2026-01-19,000333,14:47:33,77.7300,53,1
2026-01-19,000333,14:47:36,77.7300,25,1
2026-01-19,000333,14:47:39,77.7100,240,2
2026-01-19,000333,14:47:42,77.7200,53,1
2026-01-19,000333,14:47:45,77.7200,6,1
2026-01-19,000333,14:47:48,77.7200,34,1
2026-01-19,000333,14:47:51,77.7100,16,2
2026-01-19,000333,14:47:54,77.7100,31,2
2026-01-19,000333,14:47:57,77.7100,21,2
2026-01-19,000333,14:48:00,77.7100,19,2
2026-01-19,000333,14:48:03,77.7100,216,2
2026-01-19,000333,14:48:06,77.7100,96,1
2026-01-19,000333,14:48:09,77.7000,8,2
2026-01-19,000333,14:48:12,77.7100,92,1
2026-01-19,000333,14:48:15,77.7200,158,1
2026-01-19,000333,14:48:18,77.7300,9,1
2026-01-19,000333,14:48:21,77.7300,66,1
2026-01-19,000333,14:48:24,77.7200,6,2
2026-01-19,000333,14:48:27,77.7300,2,1
2026-01-19,000333,14:48:30,77.7300,41,1
2026-01-19,000333,14:48:33,77.7200,4,2
2026-01-19,000333,14:48:36,77.7300,35,1
2026-01-19,000333,14:48:39,77.7200,36,2
2026-01-19,000333,14:48:42,77.7300,13,1
2026-01-19,000333,14:48:45,77.7300,178,1
2026-01-19,000333,14:48:48,77.7200,57,2
2026-01-19,000333,14:48:51,77.7200,52,2
2026-01-19,000333,14:48:54,77.7200,8,2
2026-01-19,000333,14:48:57,77.7400,47,1
2026-01-19,000333,14:49:00,77.7200,45,2
2026-01-19,000333,14:49:03,77.7300,89,1
2026-01-19,000333,14:49:06,77.7300,148,1
2026-01-19,000333,14:49:09,77.7400,40,1
2026-01-19,000333,14:49:12,77.7400,66,1
2026-01-19,000333,14:49:15,77.7300,60,2
2026-01-19,000333,14:49:18,77.7100,300,2
2026-01-19,000333,14:49:21,77.7100,21,2
2026-01-19,000333,14:49:24,77.7100,139,2
2026-01-19,000333,14:49:27,77.7100,22,2
2026-01-19,000333,14:49:30,77.7200,283,1
2026-01-19,000333,14:49:33,77.7300,89,1
2026-01-19,000333,14:49:36,77.7000,99,2
2026-01-19,000333,14:49:39,77.6900,55,2
2026-01-19,000333,14:49:42,77.7000,9,4
2026-01-19,000333,14:49:45,77.7200,30,1
2026-01-19,000333,14:49:48,77.7100,53,2
2026-01-19,000333,14:49:51,77.7200,22,1
2026-01-19,000333,14:49:54,77.7100,54,2
2026-01-19,000333,14:49:57,77.7300,60,1
2026-01-19,000333,14:50:00,77.7200,13,1
2026-01-19,000333,14:50:03,77.7200,26,2
2026-01-19,000333,14:50:06,77.7100,14,2
2026-01-19,000333,14:50:09,77.7100,152,2
2026-01-19,000333,14:50:12,77.7200,103,4
2026-01-19,000333,14:50:15,77.7100,51,2
2026-01-19,000333,14:50:18,77.7100,94,2
2026-01-19,000333,14:50:21,77.7200,131,1
2026-01-19,000333,14:50:24,77.7100,64,2
2026-01-19,000333,14:50:27,77.7000,42,2
2026-01-19,000333,14:50:30,77.7200,39,1
2026-01-19,000333,14:50:33,77.7000,43,2
2026-01-19,000333,14:50:36,77.6900,76,2
2026-01-19,000333,14:50:39,77.7100,3,1
2026-01-19,000333,14:50:42,77.7100,55,1
2026-01-19,000333,14:50:45,77.7100,12,1
2026-01-19,000333,14:50:48,77.7000,32,2
2026-01-19,000333,14:50:51,77.7100,116,1
2026-01-19,000333,14:50:54,77.7100,104,2
2026-01-19,000333,14:50:57,77.7100,24,2
2026-01-19,000333,14:51:00,77.7100,87,1
2026-01-19,000333,14:51:03,77.7200,69,1
2026-01-19,000333,14:51:06,77.7300,128,1
2026-01-19,000333,14:51:09,77.7000,14,2
2026-01-19,000333,14:51:12,77.7200,47,1
2026-01-19,000333,14:51:15,77.7200,25,1
2026-01-19,000333,14:51:18,77.7000,9,2
2026-01-19,000333,14:51:21,77.7100,12,1
2026-01-19,000333,14:51:24,77.7000,12,2
2026-01-19,000333,14:51:27,77.7200,65,1
2026-01-19,000333,14:51:30,77.7100,109,2
2026-01-19,000333,14:51:33,77.7100,24,1
2026-01-19,000333,14:51:36,77.7100,21,1
2026-01-19,000333,14:51:39,77.7200,16,1
2026-01-19,000333,14:51:42,77.7100,125,2
2026-01-19,000333,14:51:45,77.7100,15,2
2026-01-19,000333,14:51:48,77.7100,20,2
2026-01-19,000333,14:51:51,77.7100,27,2
2026-01-19,000333,14:51:54,77.7100,29,2
2026-01-19,000333,14:51:57,77.7200,15,1
2026-01-19,000333,14:52:00,77.7100,12,2
2026-01-19,000333,14:52:03,77.7100,44,2
2026-01-19,000333,14:52:06,77.7200,17,1
2026-01-19,000333,14:52:09,77.7200,137,1
2026-01-19,000333,14:52:12,77.7200,73,2
2026-01-19,000333,14:52:15,77.7100,246,2
2026-01-19,000333,14:52:18,77.7100,29,2
2026-01-19,000333,14:52:21,77.7000,16,2
2026-01-19,000333,14:52:24,77.7000,69,2
2026-01-19,000333,14:52:27,77.7000,18,2
2026-01-19,000333,14:52:30,77.7000,51,1
2026-01-19,000333,14:52:33,77.6900,101,2
2026-01-19,000333,14:52:36,77.7000,54,1
2026-01-19,000333,14:52:39,77.6900,114,2
2026-01-19,000333,14:52:42,77.6900,43,2
2026-01-19,000333,14:52:45,77.7000,6,4
2026-01-19,000333,14:52:48,77.7000,63,2
2026-01-19,000333,14:52:51,77.7000,14,2
2026-01-19,000333,14:52:54,77.7000,57,2
2026-01-19,000333,14:52:57,77.7000,44,2
2026-01-19,000333,14:53:00,77.7100,51,1
2026-01-19,000333,14:53:03,77.7200,114,1
2026-01-19,000333,14:53:06,77.7200,62,1
2026-01-19,000333,14:53:09,77.7200,52,1
2026-01-19,000333,14:53:12,77.7200,43,1
2026-01-19,000333,14:53:15,77.7100,28,4
2026-01-19,000333,14:53:18,77.7100,285,1
2026-01-19,000333,14:53:21,77.7000,55,2
2026-01-19,000333,14:53:24,77.7000,33,2
2026-01-19,000333,14:53:27,77.6900,120,2
2026-01-19,000333,14:53:30,77.6900,42,2
2026-01-19,000333,14:53:33,77.7100,27,1
2026-01-19,000333,14:53:36,77.7100,56,1
2026-01-19,000333,14:53:39,77.7000,33,2
2026-01-19,000333,14:53:42,77.7000,73,2
2026-01-19,000333,14:53:45,77.7000,41,2
2026-01-19,000333,14:53:48,77.7100,9,2
2026-01-19,000333,14:53:51,77.7100,43,1
2026-01-19,000333,14:53:54,77.7100,55,1
2026-01-19,000333,14:53:57,77.7000,8,2
2026-01-19,000333,14:54:00,77.7000,64,2
2026-01-19,000333,14:54:03,77.7000,51,2
2026-01-19,000333,14:54:06,77.7000,38,2
2026-01-19,000333,14:54:09,77.7100,117,1
2026-01-19,000333,14:54:12,77.7100,49,1
2026-01-19,000333,14:54:15,77.7100,84,1
2026-01-19,000333,14:54:18,77.7000,38,2
2026-01-19,000333,14:54:21,77.7100,80,1
2026-01-19,000333,14:54:24,77.7100,25,1
2026-01-19,000333,14:54:27,77.7100,46,1
2026-01-19,000333,14:54:30,77.7100,50,1
2026-01-19,000333,14:54:33,77.7100,31,2
2026-01-19,000333,14:54:36,77.7000,162,2
2026-01-19,000333,14:54:39,77.7200,30,1
2026-01-19,000333,14:54:42,77.7000,30,2
2026-01-19,000333,14:54:45,77.7200,25,1
2026-01-19,000333,14:54:48,77.7100,67,1
2026-01-19,000333,14:54:51,77.7100,37,2
2026-01-19,000333,14:54:54,77.7100,32,2
2026-01-19,000333,14:54:57,77.7100,53,2
2026-01-19,000333,14:55:00,77.7100,199,2
2026-01-19,000333,14:55:03,77.7100,88,2
2026-01-19,000333,14:55:06,77.7200,59,1
2026-01-19,000333,14:55:09,77.7200,47,1
2026-01-19,000333,14:55:12,77.7100,81,2
2026-01-19,000333,14:55:15,77.7200,4,1
2026-01-19,000333,14:55:18,77.7100,12,2
2026-01-19,000333,14:55:21,77.7100,41,2
2026-01-19,000333,14:55:24,77.7100,28,2
2026-01-19,000333,14:55:27,77.7100,40,2
2026-01-19,000333,14:55:30,77.7100,76,2
2026-01-19,000333,14:55:33,77.7200,21,1
2026-01-19,000333,14:55:36,77.7100,38,2
2026-01-19,000333,14:55:39,77.7200,28,1
2026-01-19,000333,14:55:42,77.7100,278,2
2026-01-19,000333,14:55:45,77.7000,87,2
2026-01-19,000333,14:55:48,77.7100,93,1
2026-01-19,000333,14:55:51,77.7100,108,1
2026-01-19,000333,14:55:54,77.7000,23,2
2026-01-19,000333,14:55:57,77.7000,17,2
2026-01-19,000333,14:56:00,77.7000,157,2
2026-01-19,000333,14:56:03,77.7200,222,1
2026-01-19,000333,14:56:06,77.7200,357,2
2026-01-19,000333,14:56:09,77.7500,71,1
2026-01-19,000333,14:56:12,77.7300,47,2
2026-01-19,000333,14:56:15,77.7200,112,2
2026-01-19,000333,14:56:18,77.7300,29,2
2026-01-19,000333,14:56:21,77.7000,245,2
2026-01-19,000333,14:56:24,77.7500,27,1
2026-01-19,000333,14:56:27,77.7400,16,1
2026-01-19,000333,14:56:30,77.7300,121,2
2026-01-19,000333,14:56:33,77.7500,15,1
2026-01-19,000333,14:56:36,77.7000,89,2
2026-01-19,000333,14:56:39,77.7600,72,1
2026-01-19,000333,14:56:42,77.7500,52,1
2026-01-19,000333,14:56:45,77.7000,51,2
2026-01-19,000333,14:56:48,77.7100,10,2
2026-01-19,000333,14:56:51,77.7000,27,2
2026-01-19,000333,14:56:54,77.7500,2,1
2026-01-19,000333,14:56:57,77.7400,71,2
2026-01-19,000333,14:57:00,77.7500,16,2
2026-01-19,000333,15:00:01,77.6200,1819,4
2026-01-19,000333,13:15:09,77.6700,12,1
2026-01-19,000333,13:15:12,77.6700,18,1
2026-01-19,000333,13:15:15,77.6700,117,1
2026-01-19,000333,13:15:18,77.6600,22,2
2026-01-19,000333,13:15:21,77.6600,4,2
2026-01-19,000333,13:15:24,77.6600,41,2
2026-01-19,000333,13:15:27,77.6600,33,2
2026-01-19,000333,13:15:30,77.6600,25,1
2026-01-19,000333,13:15:33,77.6600,26,2
2026-01-19,000333,13:15:36,77.6600,20,2
2026-01-19,000333,13:15:39,77.6700,74,1
2026-01-19,000333,13:15:42,77.6400,84,2
2026-01-19,000333,13:15:45,77.6400,27,2
2026-01-19,000333,13:15:48,77.6200,56,2
2026-01-19,000333,13:15:51,77.6000,24,2
2026-01-19,000333,13:15:54,77.6600,96,1
2026-01-19,000333,13:15:57,77.6200,57,2
2026-01-19,000333,13:16:00,77.6100,45,2
2026-01-19,000333,13:16:03,77.6100,34,2
2026-01-19,000333,13:16:06,77.6100,59,2
2026-01-19,000333,13:16:09,77.6000,31,2
2026-01-19,000333,13:16:12,77.6000,22,2
2026-01-19,000333,13:16:15,77.6100,9,1
2026-01-19,000333,13:16:18,77.6100,4,2
2026-01-19,000333,13:16:21,77.6100,17,2
2026-01-19,000333,13:16:24,77.6100,11,2
2026-01-19,000333,13:16:27,77.6100,40,2
2026-01-19,000333,13:16:30,77.6100,7,2
2026-01-19,000333,13:16:33,77.6100,24,1
2026-01-19,000333,13:16:36,77.6100,7,4
2026-01-19,000333,13:16:39,77.6100,11,2
2026-01-19,000333,13:16:42,77.6200,15,1
2026-01-19,000333,13:16:45,77.6400,19,1
2026-01-19,000333,13:16:48,77.6600,12,1
2026-01-19,000333,13:16:51,77.6500,1,4
2026-01-19,000333,13:16:54,77.6500,12,1
2026-01-19,000333,13:16:57,77.6500,8,1
2026-01-19,000333,13:17:00,77.6500,10,2
2026-01-19,000333,13:17:03,77.6500,25,2
2026-01-19,000333,13:17:06,77.6600,34,1
2026-01-19,000333,13:17:09,77.6600,30,1
2026-01-19,000333,13:17:12,77.6700,18,1
2026-01-19,000333,13:17:18,77.6600,13,1
2026-01-19,000333,13:17:21,77.6600,2,2
2026-01-19,000333,13:17:24,77.6600,48,2
2026-01-19,000333,13:17:27,77.6800,13,1
2026-01-19,000333,13:17:30,77.6800,41,1
2026-01-19,000333,13:17:33,77.6800,16,2
2026-01-19,000333,13:17:42,77.6800,4,2
2026-01-19,000333,13:17:45,77.6900,83,1
2026-01-19,000333,13:17:48,77.6800,22,2
2026-01-19,000333,13:17:51,77.6900,1,1
2026-01-19,000333,13:17:54,77.7000,4,1
2026-01-19,000333,13:17:57,77.7000,105,1
2026-01-19,000333,13:18:00,77.7000,26,1
2026-01-19,000333,13:18:03,77.7000,90,1
2026-01-19,000333,13:18:06,77.6900,9,2
2026-01-19,000333,13:18:09,77.6900,25,2
2026-01-19,000333,13:18:12,77.6800,178,2
2026-01-19,000333,13:18:15,77.6900,17,2
2026-01-19,000333,13:18:18,77.6900,5,2
2026-01-19,000333,13:18:21,77.6800,59,2
2026-01-19,000333,13:18:24,77.6900,11,1
2026-01-19,000333,13:18:27,77.6900,4,1
2026-01-19,000333,13:18:30,77.6800,3,2
2026-01-19,000333,13:18:33,77.6800,145,2
2026-01-19,000333,13:18:36,77.6800,8,2
2026-01-19,000333,13:18:39,77.6800,3,2
2026-01-19,000333,13:18:42,77.6800,4,2
2026-01-19,000333,13:18:45,77.6900,10,1
2026-01-19,000333,13:18:48,77.6800,2,2
2026-01-19,000333,13:18:51,77.6800,208,2
2026-01-19,000333,13:18:54,77.6800,50,2
2026-01-19,000333,13:18:57,77.7000,60,1
2026-01-19,000333,13:19:00,77.6900,15,2
2026-01-19,000333,13:19:03,77.6900,125,2
2026-01-19,000333,13:19:06,77.6900,18,2
2026-01-19,000333,13:19:09,77.7000,102,1
2026-01-19,000333,13:19:12,77.7000,25,2
2026-01-19,000333,13:19:15,77.7000,9,1
2026-01-19,000333,13:19:18,77.6900,5,2
2026-01-19,000333,13:19:21,77.6900,30,2
2026-01-19,000333,13:19:24,77.6900,28,2
2026-01-19,000333,13:19:27,77.7000,84,1
2026-01-19,000333,13:19:30,77.7000,11,2
2026-01-19,000333,13:19:33,77.7000,148,2
2026-01-19,000333,13:19:36,77.7000,7,1
2026-01-19,000333,13:19:42,77.6900,59,2
2026-01-19,000333,13:19:45,77.6900,9,2
2026-01-19,000333,13:19:48,77.6900,24,2
2026-01-19,000333,13:19:51,77.6900,26,2
2026-01-19,000333,13:19:54,77.6900,2,1
2026-01-19,000333,13:19:57,77.6900,20,1
2026-01-19,000333,13:20:00,77.6900,3,1
2026-01-19,000333,13:20:03,77.6800,240,2
2026-01-19,000333,13:20:06,77.6800,27,1
2026-01-19,000333,13:20:09,77.6900,19,1
2026-01-19,000333,13:20:12,77.6800,6,2
2026-01-19,000333,13:20:15,77.6800,44,2
2026-01-19,000333,13:20:18,77.6800,109,2
2026-01-19,000333,13:20:21,77.6700,53,2
2026-01-19,000333,13:20:24,77.6700,47,2
2026-01-19,000333,13:20:27,77.6700,36,2
2026-01-19,000333,13:20:30,77.6300,130,2
2026-01-19,000333,13:20:33,77.6400,21,1
2026-01-19,000333,13:20:36,77.6400,68,1
2026-01-19,000333,13:20:39,77.6100,51,2
2026-01-19,000333,13:20:42,77.6400,50,1
2026-01-19,000333,13:20:45,77.6400,50,2
2026-01-19,000333,13:20:48,77.6400,36,2
2026-01-19,000333,13:20:51,77.6500,24,1
2026-01-19,000333,13:20:54,77.6400,6,2
2026-01-19,000333,13:20:57,77.6400,33,2
2026-01-19,000333,13:21:00,77.6400,110,2
2026-01-19,000333,13:21:03,77.6500,10,1
2026-01-19,000333,13:21:06,77.6400,37,2
2026-01-19,000333,13:21:09,77.6500,3,1
2026-01-19,000333,13:21:12,77.6400,23,2
2026-01-19,000333,13:21:15,77.6400,18,2
2026-01-19,000333,13:21:18,77.6500,16,1
2026-01-19,000333,13:21:21,77.6400,22,2
2026-01-19,000333,13:21:24,77.6500,17,1
2026-01-19,000333,13:21:27,77.6200,39,2
2026-01-19,000333,13:21:30,77.6200,31,2
2026-01-19,000333,13:21:33,77.6200,187,1
2026-01-19,000333,13:21:36,77.6200,37,2
2026-01-19,000333,13:21:39,77.6200,10,2
2026-01-19,000333,13:21:42,77.6200,19,2
2026-01-19,000333,13:21:45,77.6200,55,2
2026-01-19,000333,13:21:48,77.6100,22,2
2026-01-19,000333,13:21:51,77.6100,43,1
2026-01-19,000333,13:21:54,77.6000,9,2
2026-01-19,000333,13:21:57,77.6000,1,2
2026-01-19,000333,13:22:00,77.6000,1,2
2026-01-19,000333,13:22:03,77.6000,7,2
2026-01-19,000333,13:22:06,77.6100,14,1
2026-01-19,000333,13:22:09,77.6100,122,1
2026-01-19,000333,13:22:12,77.6200,48,1
2026-01-19,000333,13:22:15,77.6200,212,1
2026-01-19,000333,13:22:18,77.6100,1,2
2026-01-19,000333,13:22:21,77.6200,34,1
2026-01-19,000333,13:22:24,77.6000,265,2
2026-01-19,000333,13:22:27,77.6100,44,2
2026-01-19,000333,13:22:30,77.6100,18,2
2026-01-19,000333,13:22:33,77.6100,19,2
2026-01-19,000333,13:22:36,77.6100,78,2
2026-01-19,000333,13:22:39,77.6100,6,2
2026-01-19,000333,13:22:42,77.6100,75,2
2026-01-19,000333,13:22:48,77.6000,2,1
2026-01-19,000333,13:22:51,77.5800,40,2
2026-01-19,000333,13:22:54,77.5800,6,2
2026-01-19,000333,13:22:57,77.5800,19,2
2026-01-19,000333,13:23:00,77.5800,6,2
2026-01-19,000333,13:23:03,77.5700,27,2
2026-01-19,000333,13:23:06,77.5700,8,2
2026-01-19,000333,13:23:09,77.5700,15,2
2026-01-19,000333,13:23:12,77.5700,3,2
2026-01-19,000333,13:23:15,77.5800,11,1
2026-01-19,000333,13:23:18,77.5800,32,1
2026-01-19,000333,13:23:21,77.5700,15,2
2026-01-19,000333,13:23:24,77.5800,4,2
2026-01-19,000333,13:23:27,77.5800,14,2
2026-01-19,000333,13:23:30,77.5900,107,1
2026-01-19,000333,13:23:33,77.5900,2,2
2026-01-19,000333,13:23:36,77.6000,95,1
2026-01-19,000333,13:23:39,77.6000,51,2
2026-01-19,000333,13:23:42,77.6000,3,2
2026-01-19,000333,13:23:45,77.6100,22,1
2026-01-19,000333,13:23:48,77.6000,12,2
2026-01-19,000333,13:23:51,77.6100,5,1
2026-01-19,000333,13:23:57,77.6000,24,2
2026-01-19,000333,13:24:00,77.6000,17,2
2026-01-19,000333,13:24:03,77.6000,14,2
2026-01-19,000333,13:24:06,77.6000,3,2
2026-01-19,000333,13:24:09,77.6000,18,2
2026-01-19,000333,13:24:12,77.6000,239,2
2026-01-19,000333,13:24:15,77.5900,42,2
2026-01-19,000333,13:24:18,77.6000,74,1
2026-01-19,000333,13:24:21,77.6000,18,2
2026-01-19,000333,13:24:24,77.6000,1,2
2026-01-19,000333,13:24:27,77.6100,8,1
2026-01-19,000333,13:24:30,77.5900,212,2
2026-01-19,000333,13:24:33,77.6000,6,1
2026-01-19,000333,13:24:36,77.5900,129,2
2026-01-19,000333,13:24:39,77.5700,6,2
2026-01-19,000333,13:24:42,77.5700,8,2
2026-01-19,000333,13:24:45,77.5700,17,2
2026-01-19,000333,13:24:48,77.5700,9,2
2026-01-19,000333,13:24:51,77.5800,41,1
2026-01-19,000333,13:24:54,77.5900,13,1
2026-01-19,000333,13:24:57,77.5800,4,2
2026-01-19,000333,13:25:00,77.5900,17,1
2026-01-19,000333,13:25:03,77.5900,4,1
2026-01-19,000333,13:25:06,77.5800,10,2
2026-01-19,000333,13:25:09,77.5800,1,2
2026-01-19,000333,13:25:12,77.5900,20,1
2026-01-19,000333,13:25:15,77.5900,10,1
2026-01-19,000333,13:25:18,77.5900,95,1
2026-01-19,000333,13:25:21,77.5900,11,2
2026-01-19,000333,13:25:24,77.6000,1,1
2026-01-19,000333,13:25:27,77.6000,70,1
2026-01-19,000333,13:25:30,77.5900,1,2
2026-01-19,000333,13:25:33,77.6000,57,1
2026-01-19,000333,13:25:36,77.6000,22,1
2026-01-19,000333,13:25:39,77.6000,13,1
2026-01-19,000333,13:25:42,77.5900,220,2
2026-01-19,000333,13:25:45,77.5900,25,2
2026-01-19,000333,13:25:48,77.5700,9,2
2026-01-19,000333,13:25:51,77.5800,24,1
2026-01-19,000333,13:25:54,77.5800,103,2
2026-01-19,000333,13:25:57,77.5900,52,1
2026-01-19,000333,13:26:00,77.6000,1,1
2026-01-19,000333,13:26:06,77.6000,12,1
2026-01-19,000333,13:26:09,77.5900,14,2
2026-01-19,000333,13:26:12,77.5900,23,2
2026-01-19,000333,13:26:15,77.6000,3,1
2026-01-19,000333,13:26:18,77.5900,14,2
2026-01-19,000333,13:26:21,77.5900,4,2
2026-01-19,000333,13:26:24,77.5900,20,2
2026-01-19,000333,13:26:27,77.5900,20,2
2026-01-19,000333,13:26:30,77.6000,4,1
2026-01-19,000333,13:26:33,77.6000,21,1
2026-01-19,000333,13:26:36,77.5900,14,2
2026-01-19,000333,13:26:39,77.5900,16,2
2026-01-19,000333,13:26:42,77.5900,184,2
2026-01-19,000333,13:26:45,77.5900,39,1
2026-01-19,000333,13:26:48,77.5800,118,2
2026-01-19,000333,13:26:51,77.5700,101,2
2026-01-19,000333,13:26:54,77.5700,42,2
2026-01-19,000333,13:26:57,77.5700,24,1
2026-01-19,000333,13:27:00,77.5600,22,2
2026-01-19,000333,13:27:03,77.5600,54,2
2026-01-19,000333,13:27:06,77.5600,2,2
2026-01-19,000333,13:27:09,77.5600,14,2
2026-01-19,000333,13:27:12,77.5600,5,2
2026-01-19,000333,13:27:15,77.5600,18,2
2026-01-19,000333,13:27:18,77.5600,27,2
2026-01-19,000333,13:27:21,77.5400,201,2
2026-01-19,000333,13:27:24,77.5400,18,2
2026-01-19,000333,13:27:27,77.5300,35,2
2026-01-19,000333,13:27:30,77.5400,1,4
2026-01-19,000333,13:27:33,77.5300,37,2
2026-01-19,000333,13:27:36,77.5400,2,1
2026-01-19,000333,13:27:39,77.5300,2,2
2026-01-19,000333,13:27:42,77.5400,23,1
2026-01-19,000333,13:27:45,77.5500,41,1
2026-01-19,000333,13:27:48,77.5600,38,1
2026-01-19,000333,13:27:51,77.5600,143,2
2026-01-19,000333,13:27:54,77.5800,8,1
2026-01-19,000333,13:27:57,77.5900,23,1
2026-01-19,000333,13:28:00,77.5900,5,1
2026-01-19,000333,13:28:03,77.5900,21,2
2026-01-19,000333,13:28:06,77.6000,121,1
2026-01-19,000333,13:28:09,77.6000,25,2
2026-01-19,000333,13:28:12,77.6100,92,1
2026-01-19,000333,13:28:15,77.6200,48,1
2026-01-19,000333,13:28:18,77.6400,25,1
2026-01-19,000333,13:28:21,77.6400,15,1
2026-01-19,000333,13:28:24,77.6400,2,1
2026-01-19,000333,13:28:30,77.6200,218,2
2026-01-19,000333,13:28:33,77.6100,110,2
2026-01-19,000333,13:28:36,77.6200,18,1
2026-01-19,000333,13:28:39,77.6300,9,1
2026-01-19,000333,13:28:42,77.6200,126,2
2026-01-19,000333,13:28:45,77.6300,48,1
2026-01-19,000333,13:28:48,77.6300,28,2
2026-01-19,000333,13:28:51,77.6300,71,2
2026-01-19,000333,13:28:54,77.6300,6,2
2026-01-19,000333,13:28:57,77.6300,36,2
2026-01-19,000333,13:29:00,77.6300,6,1
2026-01-19,000333,13:29:03,77.6300,41,2
2026-01-19,000333,13:29:06,77.6300,32,2
2026-01-19,000333,13:29:09,77.6200,10,4
2026-01-19,000333,13:29:12,77.6200,6,4
2026-01-19,000333,13:29:15,77.6100,24,2
2026-01-19,000333,13:29:18,77.6200,125,1
2026-01-19,000333,13:29:21,77.6200,47,2
2026-01-19,000333,13:29:24,77.6200,6,2
2026-01-19,000333,13:29:27,77.6300,22,1
2026-01-19,000333,13:29:30,77.6300,7,2
2026-01-19,000333,13:29:33,77.6300,1,2
2026-01-19,000333,13:29:36,77.6400,103,1
2026-01-19,000333,13:29:39,77.6300,13,2
2026-01-19,000333,13:29:42,77.6400,898,1
2026-01-19,000333,13:29:45,77.7000,149,1
2026-01-19,000333,13:29:48,77.6900,27,2
2026-01-19,000333,13:29:51,77.7000,428,1
2026-01-19,000333,13:29:54,77.7000,61,2
2026-01-19,000333,13:29:57,77.7200,261,1
2026-01-19,000333,13:30:00,77.7000,214,2
2026-01-19,000333,13:30:03,77.7000,357,2
2026-01-19,000333,13:30:06,77.7000,3,2
2026-01-19,000333,13:30:09,77.7200,14,1
2026-01-19,000333,13:30:12,77.7200,108,2
2026-01-19,000333,13:30:15,77.7200,2,2
2026-01-19,000333,13:30:18,77.7200,29,2
2026-01-19,000333,13:30:21,77.7200,134,2
2026-01-19,000333,13:30:24,77.7100,80,2
2026-01-19,000333,13:30:27,77.7200,5,4
2026-01-19,000333,13:30:30,77.7100,50,2
2026-01-19,000333,13:30:33,77.7100,46,2
2026-01-19,000333,13:30:36,77.7000,96,2
2026-01-19,000333,13:30:39,77.7000,120,1
2026-01-19,000333,13:30:42,77.7000,19,2
2026-01-19,000333,13:30:45,77.7000,28,2
2026-01-19,000333,13:30:48,77.7000,51,2
2026-01-19,000333,13:30:51,77.7100,14,1
2026-01-19,000333,13:30:54,77.7200,14,1
2026-01-19,000333,13:30:57,77.7100,14,2
2026-01-19,000333,13:31:00,77.7300,16,1
2026-01-19,000333,13:31:03,77.7100,51,2
2026-01-19,000333,13:31:06,77.7100,33,2
2026-01-19,000333,13:31:09,77.7100,23,2
2026-01-19,000333,13:31:12,77.7200,38,1
2026-01-19,000333,13:31:15,77.7100,21,2
2026-01-19,000333,13:31:18,77.7100,10,2
2026-01-19,000333,13:31:21,77.7200,48,1
2026-01-19,000333,13:31:24,77.7200,22,2
2026-01-19,000333,13:31:27,77.7400,88,1
2026-01-19,000333,13:31:30,77.7500,22,1
2026-01-19,000333,13:31:33,77.7400,56,2
2026-01-19,000333,13:31:36,77.7600,62,1
2026-01-19,000333,13:31:39,77.7700,33,1
2026-01-19,000333,13:31:42,77.7600,77,2
2026-01-19,000333,13:31:45,77.7600,20,1
2026-01-19,000333,13:31:48,77.7600,30,1
2026-01-19,000333,13:31:51,77.7500,119,2
2026-01-19,000333,13:31:54,77.7500,88,2
2026-01-19,000333,13:31:57,77.7600,105,1
2026-01-19,000333,13:32:00,77.7500,314,2
2026-01-19,000333,13:32:03,77.7600,101,1
2026-01-19,000333,13:32:06,77.7600,53,2
2026-01-19,000333,13:32:09,77.7900,582,1
2026-01-19,000333,13:32:12,77.8000,409,1
2026-01-19,000333,13:32:15,77.8600,846,1
2026-01-19,000333,13:32:18,77.8700,229,1
2026-01-19,000333,13:32:21,77.8600,19,2
2026-01-19,000333,13:32:24,77.8600,331,2
2026-01-19,000333,13:32:27,77.8400,667,2
2026-01-19,000333,13:32:30,77.8400,229,1
2026-01-19,000333,13:32:33,77.8200,42,1
2026-01-19,000333,13:32:36,77.8000,437,2
2026-01-19,000333,13:32:39,77.7800,162,2
2026-01-19,000333,13:32:42,77.7800,14,1
2026-01-19,000333,13:32:45,77.7600,74,2
2026-01-19,000333,13:32:48,77.7700,22,1
2026-01-19,000333,13:32:51,77.7500,36,2
2026-01-19,000333,13:32:54,77.7600,32,1
2026-01-19,000333,13:32:57,77.7600,42,2
2026-01-19,000333,13:33:00,77.7600,2,4
2026-01-19,000333,13:33:03,77.7600,28,2
2026-01-19,000333,13:33:06,77.7600,8,4
2026-01-19,000333,13:33:09,77.7600,10,1
2026-01-19,000333,13:33:12,77.7600,21,1
2026-01-19,000333,13:33:15,77.7500,102,2
2026-01-19,000333,13:33:18,77.7600,143,2
2026-01-19,000333,13:33:21,77.7700,2,1
2026-01-19,000333,13:33:24,77.7800,75,1
2026-01-19,000333,13:33:27,77.7800,28,2
2026-01-19,000333,13:33:30,77.7900,17,1
2026-01-19,000333,13:33:33,77.7800,46,2
2026-01-19,000333,13:33:36,77.7800,188,2
2026-01-19,000333,13:33:39,77.7900,201,1
2026-01-19,000333,13:33:42,77.7700,90,2
2026-01-19,000333,13:33:45,77.7500,111,2
2026-01-19,000333,13:33:48,77.7400,68,2
2026-01-19,000333,13:33:51,77.7200,65,2
2026-01-19,000333,13:33:54,77.7500,107,1
2026-01-19,000333,13:33:57,77.7200,38,2
2026-01-19,000333,13:34:00,77.7200,52,2
2026-01-19,000333,13:34:03,77.7100,181,2
2026-01-19,000333,13:34:06,77.7200,111,1
2026-01-19,000333,13:34:09,77.7100,80,2
2026-01-19,000333,13:34:12,77.7300,586,1
2026-01-19,000333,13:34:15,77.7300,37,2
2026-01-19,000333,13:34:18,77.7300,35,2
2026-01-19,000333,13:34:21,77.7700,74,1
2026-01-19,000333,13:34:24,77.7300,20,1
2026-01-19,000333,13:34:27,77.7300,34,2
2026-01-19,000333,13:34:30,77.7300,44,2
2026-01-19,000333,13:34:33,77.7300,29,2
2026-01-19,000333,13:34:36,77.7400,47,2
2026-01-19,000333,13:34:39,77.7400,62,2
2026-01-19,000333,13:34:42,77.7700,39,1
2026-01-19,000333,13:34:45,77.7400,126,2
2026-01-19,000333,13:34:48,77.7600,75,1
2026-01-19,000333,13:34:51,77.7600,72,2
2026-01-19,000333,13:34:54,77.7400,187,2
2026-01-19,000333,13:34:57,77.7300,214,2
2026-01-19,000333,13:35:00,77.7300,45,2
2026-01-19,000333,13:35:03,77.7300,26,2
2026-01-19,000333,13:35:06,77.7300,580,2
2026-01-19,000333,13:35:09,77.7400,51,2
2026-01-19,000333,13:35:12,77.8000,25,1
2026-01-19,000333,13:35:15,77.7900,146,2
2026-01-19,000333,13:35:18,77.7900,91,2
2026-01-19,000333,13:35:21,77.7900,46,2
2026-01-19,000333,13:35:24,77.7900,139,2
2026-01-19,000333,13:35:27,77.7900,43,2
2026-01-19,000333,13:35:30,77.7800,49,2
2026-01-19,000333,13:35:33,77.7800,30,2
2026-01-19,000333,13:35:36,77.7800,151,2
2026-01-19,000333,13:35:39,77.7700,66,2
2026-01-19,000333,13:35:42,77.7900,88,1
2026-01-19,000333,13:35:45,77.7700,56,2
2026-01-19,000333,13:35:48,77.7700,265,2
2026-01-19,000333,13:35:51,77.7800,28,1
2026-01-19,000333,13:35:54,77.7700,68,1
2026-01-19,000333,13:35:57,77.7600,59,2
2026-01-19,000333,13:36:00,77.7700,160,1
2026-01-19,000333,13:36:03,77.7500,59,2
2026-01-19,000333,13:36:06,77.7600,55,2
2026-01-19,000333,13:36:09,77.7500,146,2
2026-01-19,000333,13:36:12,77.7500,28,2
2026-01-19,000333,13:36:15,77.7600,28,1
2026-01-19,000333,13:36:18,77.7500,20,2
2026-01-19,000333,13:36:21,77.7700,73,1
2026-01-19,000333,13:36:24,77.7500,25,2
2026-01-19,000333,13:36:27,77.7600,26,4
2026-01-19,000333,13:36:30,77.7500,18,2
2026-01-19,000333,13:36:33,77.7700,39,1
2026-01-19,000333,13:36:36,77.7700,54,1
2026-01-19,000333,13:36:39,77.7800,12,1
2026-01-19,000333,13:36:42,77.7800,63,1
2026-01-19,000333,13:36:45,77.7700,47,2
2026-01-19,000333,13:36:48,77.7700,25,2
2026-01-19,000333,13:36:51,77.7800,134,1
2026-01-19,000333,13:36:54,77.7800,20,2
2026-01-19,000333,13:36:57,77.7800,75,2
2026-01-19,000333,13:37:00,77.7800,118,2
2026-01-19,000333,13:37:03,77.7800,28,2
2026-01-19,000333,13:37:06,77.7800,190,2
2026-01-19,000333,13:37:09,77.7800,46,2
2026-01-19,000333,13:37:12,77.7800,25,2
2026-01-19,000333,13:37:15,77.7900,176,1
2026-01-19,000333,13:37:18,77.7900,65,1
2026-01-19,000333,13:37:21,77.7700,46,2
2026-01-19,000333,13:37:24,77.7600,73,2
2026-01-19,000333,13:37:27,77.7600,35,2
2026-01-19,000333,13:37:30,77.7600,32,2
2026-01-19,000333,13:37:33,77.7200,93,2
2026-01-19,000333,13:37:36,77.7100,20,2
2026-01-19,000333,13:37:39,77.7500,137,1
2026-01-19,000333,13:37:42,77.6800,107,2
2026-01-19,000333,13:37:45,77.7000,36,4
2026-01-19,000333,13:37:48,77.7200,97,2
2026-01-19,000333,13:37:51,77.6900,16,2
2026-01-19,000333,13:37:54,77.6600,40,2
2026-01-19,000333,13:37:57,77.6600,10,2
2026-01-19,000333,13:38:00,77.7000,42,1
2026-01-19,000333,13:38:03,77.7100,36,1
2026-01-19,000333,13:38:06,77.7000,19,2
2026-01-19,000333,13:38:09,77.7000,8,2
2026-01-19,000333,13:38:12,77.7000,12,2
2026-01-19,000333,13:38:15,77.7100,23,1
2026-01-19,000333,13:38:18,77.7100,75,1
2026-01-19,000333,13:38:21,77.7100,27,2
2026-01-19,000333,13:38:24,77.7100,29,2
2026-01-19,000333,13:38:27,77.7400,16,1
2026-01-19,000333,13:38:30,77.7400,22,2
2026-01-19,000333,13:38:33,77.7400,32,2
2026-01-19,000333,13:38:36,77.7500,51,1
2026-01-19,000333,13:38:39,77.7500,9,1
2026-01-19,000333,13:38:42,77.7400,28,2
2026-01-19,000333,13:38:45,77.7400,9,2
2026-01-19,000333,13:38:48,77.7400,32,2
2026-01-19,000333,13:38:51,77.7700,59,1
2026-01-19,000333,13:38:54,77.7800,125,1
2026-01-19,000333,13:38:57,77.8000,120,1
2026-01-19,000333,13:39:00,77.7700,163,2
2026-01-19,000333,13:39:03,77.7700,179,2
2026-01-19,000333,13:39:06,77.7700,97,2
2026-01-19,000333,13:39:09,77.7800,52,1
2026-01-19,000333,13:39:12,77.7800,110,2
2026-01-19,000333,13:39:15,77.7700,38,2
2026-01-19,000333,13:39:18,77.7700,53,2
2026-01-19,000333,13:39:21,77.7700,151,2
2026-01-19,000333,13:39:24,77.7700,96,2
2026-01-19,000333,13:39:27,77.7700,46,2
2026-01-19,000333,13:39:30,77.7700,238,2
2026-01-19,000333,13:39:33,77.7600,39,2
2026-01-19,000333,13:39:36,77.7400,53,2
2026-01-19,000333,13:39:39,77.7300,9,2
2026-01-19,000333,13:39:42,77.7300,16,2
2026-01-19,000333,13:39:45,77.7400,54,2
2026-01-19,000333,13:39:48,77.6800,56,2
2026-01-19,000333,13:39:51,77.6700,36,2
2026-01-19,000333,13:39:54,77.6700,118,2
2026-01-19,000333,13:39:57,77.6500,59,2
2026-01-19,000333,13:40:00,77.6300,62,2
2026-01-19,000333,13:40:03,77.6200,56,2
2026-01-19,000333,13:40:06,77.6600,82,2
2026-01-19,000333,13:40:09,77.6600,40,2
2026-01-19,000333,13:40:12,77.6700,40,1
2026-01-19,000333,13:40:15,77.6700,33,2
2026-01-19,000333,13:40:18,77.6800,89,1
2026-01-19,000333,13:40:21,77.6900,71,1
2026-01-19,000333,13:40:24,77.6800,61,2
2026-01-19,000333,13:40:27,77.6700,49,2
2026-01-19,000333,13:40:30,77.6800,2,1
2026-01-19,000333,13:40:33,77.6700,37,2
2026-01-19,000333,13:40:36,77.6800,39,4
2026-01-19,000333,13:40:39,77.6700,57,2
2026-01-19,000333,13:40:42,77.6700,30,2
2026-01-19,000333,13:40:45,77.6500,97,2
2026-01-19,000333,13:40:48,77.6100,81,2
2026-01-19,000333,13:40:51,77.6400,42,4
2026-01-19,000333,13:40:54,77.6400,28,2
2026-01-19,000333,13:40:57,77.6400,56,2
2026-01-19,000333,13:41:00,77.6300,50,2
2026-01-19,000333,13:41:03,77.6000,89,2
2026-01-19,000333,13:41:06,77.6000,40,2
2026-01-19,000333,13:41:09,77.5700,94,2
2026-01-19,000333,13:41:12,77.5700,77,2
2026-01-19,000333,13:41:15,77.5700,33,2
2026-01-19,000333,13:41:18,77.6300,56,1
2026-01-19,000333,13:41:21,77.6300,100,1
2026-01-19,000333,13:41:24,77.6400,94,1
2026-01-19,000333,13:41:27,77.6400,4,2
2026-01-19,000333,13:41:30,77.6600,28,1
2026-01-19,000333,13:41:33,77.6600,18,1
2026-01-19,000333,13:41:36,77.6300,34,2
2026-01-19,000333,13:41:39,77.6300,35,2
2026-01-19,000333,13:41:42,77.6300,35,2
2026-01-19,000333,13:41:45,77.6200,69,2
2026-01-19,000333,13:41:48,77.6800,42,1
2026-01-19,000333,13:41:51,77.6800,18,2
2026-01-19,000333,13:41:54,77.6900,54,1
2026-01-19,000333,13:41:57,77.6900,48,2
2026-01-19,000333,13:42:00,77.6800,85,2
2026-01-19,000333,13:42:03,77.6300,141,2
2026-01-19,000333,13:42:06,77.6300,68,2
2026-01-19,000333,13:42:09,77.6300,66,2
2026-01-19,000333,13:42:12,77.6800,23,1
2026-01-19,000333,13:42:15,77.6400,36,2
2026-01-19,000333,13:42:18,77.6500,121,2
2026-01-19,000333,13:42:21,77.6400,8,2
2026-01-19,000333,13:42:24,77.6300,72,2
2026-01-19,000333,13:42:27,77.6300,52,2
2026-01-19,000333,13:42:30,77.6300,53,2
2026-01-19,000333,13:42:33,77.6200,69,2
2026-01-19,000333,13:42:36,77.6200,21,1
2026-01-19,000333,13:42:39,77.5700,74,2
2026-01-19,000333,13:42:42,77.5700,83,2
2026-01-19,000333,13:42:45,77.5700,102,2
2026-01-19,000333,13:42:48,77.5700,146,2
2026-01-19,000333,13:42:51,77.5700,81,2
2026-01-19,000333,13:42:54,77.5700,87,2
2026-01-19,000333,13:42:57,77.5700,18,2
2026-01-19,000333,13:43:00,77.5700,16,2
2026-01-19,000333,13:43:03,77.5700,12,2
2026-01-19,000333,13:43:06,77.5700,56,2
2026-01-19,000333,13:43:09,77.5800,20,1
2026-01-19,000333,13:43:12,77.5700,78,2
2026-01-19,000333,13:43:15,77.5700,59,2
2026-01-19,000333,13:43:18,77.5600,69,2
2026-01-19,000333,13:43:21,77.5100,126,2
2026-01-19,000333,13:43:24,77.5100,117,2
2026-01-19,000333,13:43:27,77.5000,42,2
2026-01-19,000333,13:43:30,77.5000,130,2
2026-01-19,000333,13:43:33,77.5000,110,2
2026-01-19,000333,13:43:36,77.4700,41,2
2026-01-19,000333,13:43:39,77.5000,61,4
2026-01-19,000333,13:43:42,77.5100,86,1
2026-01-19,000333,13:43:45,77.4700,41,2
2026-01-19,000333,13:43:48,77.4800,78,2
2026-01-19,000333,13:43:51,77.5200,66,1
2026-01-19,000333,13:43:54,77.5700,64,1
2026-01-19,000333,13:43:57,77.5200,26,2
2026-01-19,000333,13:44:00,77.5200,20,2
2026-01-19,000333,13:44:03,77.5200,18,2
2026-01-19,000333,13:44:06,77.5200,21,2
2026-01-19,000333,13:44:09,77.5100,94,2
2026-01-19,000333,13:44:12,77.5200,67,2
2026-01-19,000333,13:44:15,77.5300,60,4
2026-01-19,000333,13:44:18,77.5000,13,2
2026-01-19,000333,13:44:21,77.4900,73,2
2026-01-19,000333,13:44:24,77.4800,63,2
2026-01-19,000333,13:44:27,77.4700,59,2
2026-01-19,000333,13:44:30,77.4300,59,2
2026-01-19,000333,13:44:33,77.4100,92,2
2026-01-19,000333,13:44:36,77.5000,75,1
2026-01-19,000333,13:44:39,77.4500,56,2
2026-01-19,000333,13:44:42,77.4500,154,2
2026-01-19,000333,13:44:45,77.4500,47,2
2026-01-19,000333,13:44:48,77.4300,67,2
2026-01-19,000333,13:44:51,77.4300,61,2
2026-01-19,000333,13:44:54,77.4300,89,2
2026-01-19,000333,13:44:57,77.4200,104,2
2026-01-19,000333,13:45:00,77.3700,122,2
2026-01-19,000333,13:45:03,77.4300,21,1
2026-01-19,000333,13:45:06,77.4300,52,2
2026-01-19,000333,13:45:09,77.3900,88,2
2026-01-19,000333,13:45:12,77.4300,445,1
2026-01-19,000333,13:45:15,77.4200,63,2
2026-01-19,000333,13:45:18,77.5000,77,1
2026-01-19,000333,13:45:21,77.5100,58,1
2026-01-19,000333,13:45:24,77.5000,75,2
2026-01-19,000333,13:45:27,77.5000,89,2
2026-01-19,000333,13:45:30,77.5100,22,1
2026-01-19,000333,13:45:33,77.5000,36,2
2026-01-19,000333,13:45:36,77.5000,46,2
2026-01-19,000333,13:45:39,77.5000,57,2
2026-01-19,000333,13:45:42,77.5100,119,1
2026-01-19,000333,13:45:45,77.4900,66,2
2026-01-19,000333,13:45:48,77.4900,56,2
2026-01-19,000333,13:45:51,77.4900,41,2
2026-01-19,000333,13:45:54,77.5000,44,4
2026-01-19,000333,13:45:57,77.4900,33,2
2026-01-19,000333,13:46:00,77.5000,34,2
2026-01-19,000333,13:46:03,77.4900,17,2
2026-01-19,000333,13:46:06,77.5000,34,2
2026-01-19,000333,13:46:09,77.4900,81,2
2026-01-19,000333,13:46:12,77.4900,113,2
2026-01-19,000333,13:46:15,77.4700,168,2
2026-01-19,000333,13:46:18,77.4600,40,2
2026-01-19,000333,13:46:21,77.4200,88,2
2026-01-19,000333,13:46:24,77.4300,101,2
2026-01-19,000333,13:46:27,77.4900,107,1
2026-01-19,000333,13:46:30,77.4300,62,2
2026-01-19,000333,13:46:33,77.4900,78,1
2026-01-19,000333,13:46:36,77.4400,85,2
2026-01-19,000333,13:46:39,77.4700,53,1
2026-01-19,000333,13:46:42,77.4900,33,1
2026-01-19,000333,13:46:45,77.4900,34,1
2026-01-19,000333,13:46:48,77.4800,117,1
2026-01-19,000333,13:46:51,77.4800,36,1
2026-01-19,000333,13:46:54,77.4500,56,2
2026-01-19,000333,13:46:57,77.4800,94,1
2026-01-19,000333,13:47:00,77.4500,42,2
2026-01-19,000333,13:47:03,77.4500,21,2
2026-01-19,000333,13:47:06,77.4800,25,1
2026-01-19,000333,13:47:09,77.4700,43,4
2026-01-19,000333,13:47:12,77.5100,42,1
2026-01-19,000333,13:47:15,77.5200,47,1
2026-01-19,000333,13:47:18,77.5700,17,1
2026-01-19,000333,13:47:21,77.5800,19,1
2026-01-19,000333,13:47:24,77.5700,1,2
2026-01-19,000333,13:47:27,77.5800,33,1
2026-01-19,000333,13:47:30,77.5800,29,1
2026-01-19,000333,13:47:33,77.5900,13,1
2026-01-19,000333,13:47:36,77.6000,55,1
2026-01-19,000333,13:47:39,77.6300,20,1
2026-01-19,000333,13:47:45,77.6400,54,1
2026-01-19,000333,13:47:48,77.6400,458,2
2026-01-19,000333,13:47:51,77.6300,54,2
2026-01-19,000333,13:47:54,77.6300,49,2
2026-01-19,000333,13:47:57,77.6300,9,1
2026-01-19,000333,13:48:00,77.6000,197,2
2026-01-19,000333,13:48:03,77.5700,128,2
2026-01-19,000333,13:48:06,77.5700,17,2
2026-01-19,000333,13:48:09,77.5700,153,2
2026-01-19,000333,13:48:12,77.5700,4,2
2026-01-19,000333,13:48:15,77.5800,14,1
2026-01-19,000333,13:48:24,77.5800,104,1
2026-01-19,000333,13:48:27,77.5700,140,2
2026-01-19,000333,13:48:30,77.6000,42,1
2026-01-19,000333,13:48:33,77.6000,2,1
2026-01-19,000333,13:48:36,77.5800,91,2
2026-01-19,000333,13:48:39,77.5900,2,2
2026-01-19,000333,13:48:42,77.6000,2,1
2026-01-19,000333,13:48:45,77.5800,40,2
2026-01-19,000333,13:48:48,77.5800,207,2
2026-01-19,000333,13:48:51,77.5800,129,2
2026-01-19,000333,13:48:54,77.5000,57,2
2026-01-19,000333,13:48:57,77.4900,76,2
2026-01-19,000333,13:49:00,77.4900,128,2
2026-01-19,000333,13:49:03,77.4800,149,2
2026-01-19,000333,13:49:06,77.4500,74,2
2026-01-19,000333,13:49:09,77.5000,168,2
2026-01-19,000333,13:49:12,77.5600,57,1
2026-01-19,000333,13:49:15,77.5000,26,2
2026-01-19,000333,13:49:18,77.4500,119,2
2026-01-19,000333,13:49:21,77.5400,222,1
2026-01-19,000333,13:49:24,77.5400,56,1
2026-01-19,000333,13:49:27,77.4800,23,2
2026-01-19,000333,13:49:30,77.4900,15,2
2026-01-19,000333,13:49:33,77.4600,48,2
2026-01-19,000333,13:49:36,77.4800,141,2
2026-01-19,000333,13:49:39,77.4400,43,2
2026-01-19,000333,13:49:42,77.5000,131,1
2026-01-19,000333,13:49:45,77.4900,118,2
2026-01-19,000333,13:49:48,77.4300,70,2
2026-01-19,000333,13:49:51,77.4800,102,1
2026-01-19,000333,13:49:54,77.4100,86,2
2026-01-19,000333,13:49:57,77.4800,88,1
2026-01-19,000333,13:50:00,77.4600,46,2
2026-01-19,000333,13:50:03,77.4100,65,2
2026-01-19,000333,13:50:06,77.4900,24,1
2026-01-19,000333,13:50:09,77.4800,19,1
2026-01-19,000333,13:50:12,77.4200,80,2
2026-01-19,000333,13:50:15,77.4800,49,1
2026-01-19,000333,13:50:18,77.4200,220,2
2026-01-19,000333,13:50:21,77.4800,60,1
2026-01-19,000333,13:50:24,77.4900,178,1
2026-01-19,000333,13:50:27,77.4800,89,1
2026-01-19,000333,13:50:30,77.4000,69,2
2026-01-19,000333,13:50:33,77.4000,64,2
2026-01-19,000333,13:50:36,77.4000,57,2
2026-01-19,000333,13:50:39,77.4500,190,1
2026-01-19,000333,13:50:42,77.4600,191,1
2026-01-19,000333,13:50:45,77.4700,147,1
2026-01-19,000333,13:50:48,77.4600,105,2
2026-01-19,000333,13:50:51,77.3600,79,2
2026-01-19,000333,13:50:54,77.3800,119,2
2026-01-19,000333,13:50:57,77.4300,124,1
2026-01-19,000333,13:51:00,77.4000,67,2
2026-01-19,000333,13:51:03,77.4300,79,1
2026-01-19,000333,13:51:06,77.4300,86,2
2026-01-19,000333,13:51:09,77.4400,91,4
2026-01-19,000333,13:51:12,77.4400,53,1
2026-01-19,000333,13:51:15,77.4500,181,1
2026-01-19,000333,13:51:18,77.4400,150,2
2026-01-19,000333,13:51:21,77.3700,35,2
2026-01-19,000333,13:51:24,77.4400,81,1
2026-01-19,000333,13:51:27,77.4000,18,2
2026-01-19,000333,13:51:30,77.4200,96,1
2026-01-19,000333,13:51:33,77.3600,93,2
2026-01-19,000333,13:51:36,77.3500,73,2
2026-01-19,000333,13:51:39,77.4100,132,1
2026-01-19,000333,13:51:42,77.3500,78,2
2026-01-19,000333,13:51:45,77.4100,85,1
2026-01-19,000333,13:51:48,77.3500,68,2
2026-01-19,000333,13:51:51,77.4100,33,1
2026-01-19,000333,13:51:54,77.4100,68,1
2026-01-19,000333,13:51:57,77.3700,24,2
2026-01-19,000333,13:52:00,77.4100,52,1
2026-01-19,000333,13:52:03,77.4100,40,2
2026-01-19,000333,13:52:06,77.4500,110,1
2026-01-19,000333,13:52:09,77.4100,55,2
2026-01-19,000333,13:52:12,77.4100,67,2
2026-01-19,000333,13:52:15,77.4100,48,2
2026-01-19,000333,13:52:18,77.4100,26,2
2026-01-19,000333,13:52:21,77.4100,60,2
2026-01-19,000333,13:52:24,77.4000,38,2
2026-01-19,000333,13:52:27,77.4100,39,2
2026-01-19,000333,13:52:30,77.4100,32,2
2026-01-19,000333,13:52:33,77.4200,57,1
2026-01-19,000333,13:52:36,77.4200,145,1
2026-01-19,000333,13:52:39,77.3500,65,2
2026-01-19,000333,13:52:42,77.4200,93,1
2026-01-19,000333,13:52:45,77.3300,101,2
2026-01-19,000333,13:52:48,77.3300,95,2
2026-01-19,000333,13:52:51,77.3300,102,2
2026-01-19,000333,13:52:54,77.3300,38,2
2026-01-19,000333,13:52:57,77.3900,67,1
2026-01-19,000333,13:53:00,77.3300,50,2
2026-01-19,000333,13:53:03,77.3300,68,2
2026-01-19,000333,13:53:06,77.3900,21,1
2026-01-19,000333,13:53:09,77.3900,81,1
2026-01-19,000333,13:53:12,77.4000,37,1
2026-01-19,000333,13:53:15,77.4000,80,2
2026-01-19,000333,13:53:18,77.3900,112,2
2026-01-19,000333,13:53:21,77.4100,42,4
2026-01-19,000333,13:53:24,77.4000,185,1
2026-01-19,000333,13:53:27,77.4100,84,1
2026-01-19,000333,13:53:30,77.4100,48,1
2026-01-19,000333,13:53:33,77.4100,82,1
2026-01-19,000333,13:53:36,77.3500,29,2
2026-01-19,000333,13:53:39,77.3300,77,2
2026-01-19,000333,13:53:42,77.3200,84,2
2026-01-19,000333,13:53:45,77.3500,149,2
2026-01-19,000333,13:53:48,77.3500,76,2
2026-01-19,000333,13:53:51,77.3500,110,2
2026-01-19,000333,13:53:54,77.3200,161,2
2026-01-19,000333,13:53:57,77.3900,11,1
2026-01-19,000333,13:54:00,77.3900,80,1
2026-01-19,000333,13:54:03,77.4000,103,1
2026-01-19,000333,13:54:06,77.4000,78,2
2026-01-19,000333,13:54:09,77.3900,111,2
2026-01-19,000333,13:54:12,77.3900,127,2
2026-01-19,000333,13:54:15,77.3300,68,2
2026-01-19,000333,13:54:18,77.3200,56,2
2026-01-19,000333,13:54:21,77.3200,138,2
2026-01-19,000333,13:54:24,77.4300,202,1
2026-01-19,000333,13:54:27,77.4100,74,1
2026-01-19,000333,13:54:30,77.4100,112,1
2026-01-19,000333,13:54:33,77.4000,176,1
2026-01-19,000333,13:54:36,77.4000,169,1
2026-01-19,000333,13:54:39,77.4000,70,1
2026-01-19,000333,13:54:42,77.4000,153,1
2026-01-19,000333,13:54:45,77.4100,210,1
2026-01-19,000333,13:54:48,77.4000,28,2
2026-01-19,000333,13:54:51,77.4100,42,2
2026-01-19,000333,13:54:54,77.4000,46,2
2026-01-19,000333,13:54:57,77.4000,34,2
2026-01-19,000333,13:55:00,77.4200,10,1
2026-01-19,000333,13:55:03,77.4300,27,1
2026-01-19,000333,13:55:06,77.4000,99,2
2026-01-19,000333,13:55:09,77.4200,85,1
2026-01-19,000333,13:55:12,77.4000,40,1
2026-01-19,000333,13:55:15,77.4000,46,1
2026-01-19,000333,13:55:18,77.3500,24,2
2026-01-19,000333,13:55:21,77.4000,35,1
2026-01-19,000333,13:55:24,77.3600,62,2
2026-01-19,000333,13:55:27,77.3700,81,2
2026-01-19,000333,13:55:30,77.3600,49,2
2026-01-19,000333,13:55:33,77.3300,100,2
2026-01-19,000333,13:55:36,77.3300,122,2
2026-01-19,000333,13:55:39,77.3100,212,2
2026-01-19,000333,13:55:42,77.3500,77,1
2026-01-19,000333,13:55:45,77.3600,84,1
2026-01-19,000333,13:55:48,77.3600,69,2
2026-01-19,000333,13:55:51,77.3700,43,1
2026-01-19,000333,13:55:54,77.3700,88,1
2026-01-19,000333,13:55:57,77.3700,135,1
2026-01-19,000333,13:56:00,77.3700,26,2
2026-01-19,000333,13:56:03,77.3700,33,2
2026-01-19,000333,13:56:06,77.3600,66,2
2026-01-19,000333,13:56:09,77.3500,31,2
2026-01-19,000333,13:56:12,77.3700,48,1
2026-01-19,000333,13:56:15,77.3400,76,2
2026-01-19,000333,13:56:18,77.3300,48,2
2026-01-19,000333,13:56:21,77.3200,64,2
2026-01-19,000333,13:56:24,77.3500,49,1
2026-01-19,000333,13:56:27,77.3100,188,2
2026-01-19,000333,13:56:30,77.3100,24,2
2026-01-19,000333,13:56:33,77.3100,45,2
2026-01-19,000333,13:56:36,77.3500,25,1
2026-01-19,000333,13:56:39,77.3500,44,1
2026-01-19,000333,13:56:42,77.3200,99,2
2026-01-19,000333,13:56:45,77.3600,35,1
2026-01-19,000333,13:56:48,77.3700,129,1
2026-01-19,000333,13:56:51,77.3700,32,2
2026-01-19,000333,13:56:54,77.3700,21,2
2026-01-19,000333,13:56:57,77.3700,37,2
2026-01-19,000333,13:57:00,77.3800,42,1
2026-01-19,000333,13:57:03,77.3700,68,2
2026-01-19,000333,13:57:06,77.3700,16,1
2026-01-19,000333,13:57:09,77.3800,61,1
2026-01-19,000333,13:57:12,77.3800,19,1
2026-01-19,000333,13:57:15,77.3900,87,1
2026-01-19,000333,13:57:18,77.4100,11,1
2026-01-19,000333,13:57:21,77.4000,8,2
2026-01-19,000333,13:57:24,77.4200,22,1
2026-01-19,000333,13:57:27,77.4200,72,1
2026-01-19,000333,13:57:30,77.4300,12,2
2026-01-19,000333,13:57:33,77.4600,76,1
2026-01-19,000333,13:57:36,77.4700,36,1
2026-01-19,000333,13:57:39,77.4700,36,1
2026-01-19,000333,13:57:42,77.4700,17,1
2026-01-19,000333,13:57:45,77.4600,29,2
2026-01-19,000333,13:57:48,77.4700,9,1
2026-01-19,000333,13:57:51,77.4700,11,1
2026-01-19,000333,13:57:54,77.4600,24,2
2026-01-19,000333,13:57:57,77.4600,49,2
2026-01-19,000333,13:58:00,77.4700,11,1
2026-01-19,000333,13:58:03,77.4700,36,2
2026-01-19,000333,13:58:06,77.4700,9,2
2026-01-19,000333,13:58:09,77.4800,29,1
2026-01-19,000333,13:58:12,77.4900,30,1
2026-01-19,000333,13:58:15,77.4900,13,2
2026-01-19,000333,13:58:21,77.5200,30,1
2026-01-19,000333,13:58:24,77.5200,63,1
2026-01-19,000333,13:58:27,77.5300,15,1
2026-01-19,000333,13:58:30,77.5100,260,2
2026-01-19,000333,13:58:33,77.4900,204,2
2026-01-19,000333,13:58:36,77.4600,138,2
2026-01-19,000333,13:58:39,77.4900,83,1
2026-01-19,000333,13:58:42,77.4900,141,2
2026-01-19,000333,13:58:45,77.4800,38,2
2026-01-19,000333,13:58:48,77.5000,19,1
2026-01-19,000333,13:58:51,77.4800,21,2
2026-01-19,000333,13:58:54,77.4700,15,2
2026-01-19,000333,13:58:57,77.4800,5,1
2026-01-19,000333,13:59:00,77.4700,73,2
2026-01-19,000333,13:59:03,77.4700,6,1
2026-01-19,000333,13:59:06,77.4700,1,4
2026-01-19,000333,13:59:12,77.4800,5,1
2026-01-19,000333,13:59:15,77.4800,2,1
2026-01-19,000333,13:59:18,77.4800,9,1
2026-01-19,000333,13:59:21,77.4800,19,1
2026-01-19,000333,13:59:24,77.4800,11,1
2026-01-19,000333,13:59:27,77.4800,10,1
2026-01-19,000333,13:59:30,77.4700,12,2
2026-01-19,000333,13:59:33,77.4700,6,2
2026-01-19,000333,13:59:36,77.4900,14,1
2026-01-19,000333,13:59:39,77.4800,15,2
2026-01-19,000333,13:59:42,77.4900,21,1
2026-01-19,000333,13:59:45,77.4900,40,2
2026-01-19,000333,13:59:48,77.4900,40,2
2026-01-19,000333,13:59:51,77.4900,95,2
2026-01-19,000333,13:59:54,77.4900,30,2
2026-01-19,000333,13:59:57,77.4900,25,2
2026-01-19,000333,14:00:00,77.4900,96,4
2026-01-19,000333,14:00:03,77.4700,132,2
2026-01-19,000333,14:00:06,77.4800,35,2
2026-01-19,000333,14:00:09,77.4800,116,1
2026-01-19,000333,14:00:12,77.4700,68,2
2026-01-19,000333,14:00:15,77.4800,72,1
2026-01-19,000333,14:00:18,77.4500,77,2
2026-01-19,000333,14:00:21,77.4400,36,2
2026-01-19,000333,14:00:24,77.4400,1,1
2026-01-19,000333,14:00:27,77.4400,17,2
2026-01-19,000333,14:00:30,77.4500,2,1
2026-01-19,000333,14:00:33,77.4500,4,1
2026-01-19,000333,14:00:36,77.4500,121,1
2026-01-19,000333,14:00:39,77.4700,36,1
2026-01-19,000333,14:00:42,77.4700,29,4
2026-01-19,000333,14:00:45,77.5100,128,1
2026-01-19,000333,14:00:48,77.5100,33,1
2026-01-19,000333,14:00:51,77.5100,20,1
2026-01-19,000333,14:00:54,77.5400,6,1
2026-01-19,000333,14:00:57,77.5400,27,1
2026-01-19,000333,14:01:00,77.5500,18,1
2026-01-19,000333,14:01:03,77.5500,7,1
2026-01-19,000333,14:01:06,77.5500,18,1
2026-01-19,000333,14:01:09,77.5500,9,2
2026-01-19,000333,14:01:12,77.5700,3,1
2026-01-19,000333,14:01:15,77.5700,5,1
2026-01-19,000333,14:01:18,77.5800,55,1
2026-01-19,000333,14:01:21,77.5900,6,1
2026-01-19,000333,14:01:24,77.6000,65,1
2026-01-19,000333,14:01:27,77.6300,69,1
2026-01-19,000333,14:01:30,77.6300,13,1
2026-01-19,000333,14:01:33,77.6000,6,2
2026-01-19,000333,14:01:36,77.6000,386,2
2026-01-19,000333,14:01:39,77.5900,110,1
2026-01-19,000333,14:01:42,77.5900,29,1
2026-01-19,000333,14:01:45,77.6100,121,1
2026-01-19,000333,14:01:48,77.6000,15,1
2026-01-19,000333,14:01:51,77.5900,2,2
2026-01-19,000333,14:01:54,77.6000,2,1
2026-01-19,000333,14:01:57,77.6000,7,1
2026-01-19,000333,14:02:00,77.6100,23,1
2026-01-19,000333,14:02:03,77.6100,19,1
2026-01-19,000333,14:02:06,77.6000,57,2
2026-01-19,000333,14:02:09,77.6000,7,2
2026-01-19,000333,14:02:12,77.5900,63,2
2026-01-19,000333,14:02:15,77.5900,14,2
2026-01-19,000333,14:02:18,77.5900,90,2
2026-01-19,000333,14:02:21,77.5700,36,2
2026-01-19,000333,14:02:24,77.5700,23,2
2026-01-19,000333,14:02:27,77.5800,113,1
2026-01-19,000333,14:02:30,77.5900,42,1
2026-01-19,000333,14:02:33,77.5800,86,2
2026-01-19,000333,14:02:36,77.5800,31,2
2026-01-19,000333,14:02:39,77.5800,4,1
2026-01-19,000333,14:02:42,77.5900,14,1
2026-01-19,000333,14:02:45,77.5800,35,2
2026-01-19,000333,14:02:48,77.5500,67,2
2026-01-19,000333,14:02:51,77.5800,146,1
2026-01-19,000333,14:02:54,77.5700,199,1
2026-01-19,000333,14:02:57,77.4800,178,2
2026-01-19,000333,14:03:00,77.5700,57,1
2026-01-19,000333,14:03:03,77.5200,39,2
2026-01-19,000333,14:03:06,77.4900,2,2
2026-01-19,000333,14:03:09,77.5200,10,2
2026-01-19,000333,14:03:12,77.5500,1,1
2026-01-19,000333,14:03:15,77.5400,167,1
2026-01-19,000333,14:03:18,77.5500,178,1
2026-01-19,000333,14:03:21,77.5600,12,1
2026-01-19,000333,14:03:24,77.5600,9,1
2026-01-19,000333,14:03:27,77.5600,3,1
2026-01-19,000333,14:03:30,77.5600,8,1
2026-01-19,000333,14:03:36,77.5800,45,1
2026-01-19,000333,14:03:39,77.5800,12,1
2026-01-19,000333,14:03:42,77.5800,5,1
2026-01-19,000333,14:03:45,77.5600,5,2
2026-01-19,000333,14:03:48,77.5900,33,1
2026-01-19,000333,14:03:51,77.5900,4,1
2026-01-19,000333,14:03:54,77.5900,43,1
2026-01-19,000333,14:03:57,77.6000,13,1
2026-01-19,000333,14:04:00,77.5900,3,2
2026-01-19,000333,14:04:03,77.5900,165,2
2026-01-19,000333,14:04:06,77.6000,3,1
2026-01-19,000333,14:04:09,77.5900,86,1
2026-01-19,000333,14:04:12,77.6000,28,1
2026-01-19,000333,14:04:15,77.6000,31,1
2026-01-19,000333,14:04:21,77.6000,8,1
2026-01-19,000333,14:04:24,77.5900,166,2
2026-01-19,000333,14:04:27,77.6000,4,1
2026-01-19,000333,14:04:30,77.6000,147,1
2026-01-19,000333,14:04:33,77.6000,24,1
2026-01-19,000333,14:04:36,77.6000,4,1
2026-01-19,000333,14:04:39,77.5900,23,2
2026-01-19,000333,14:04:42,77.6100,112,1
2026-01-19,000333,14:04:45,77.6000,21,2
2026-01-19,000333,14:04:48,77.6200,22,1
2026-01-19,000333,14:04:54,77.6000,19,2
2026-01-19,000333,14:04:57,77.6300,9,1
2026-01-19,000333,14:05:00,77.6100,28,4
2026-01-19,000333,14:05:03,77.6100,2,1
2026-01-19,000333,14:05:06,77.6000,2,2
2026-01-19,000333,14:05:09,77.6000,39,2
2026-01-19,000333,14:05:15,77.6100,18,1
2026-01-19,000333,14:05:18,77.6100,16,1
2026-01-19,000333,14:05:21,77.6000,5,2
2026-01-19,000333,14:05:24,77.6000,156,2
2026-01-19,000333,14:05:27,77.6000,7,2
2026-01-19,000333,14:05:30,77.6000,9,2
2026-01-19,000333,14:05:33,77.6000,147,2
2026-01-19,000333,14:05:36,77.6000,17,2
2026-01-19,000333,14:05:39,77.6000,6,2
2026-01-19,000333,14:05:42,77.6000,50,2
2026-01-19,000333,14:05:45,77.6100,20,1
2026-01-19,000333,14:05:48,77.6100,29,1
2026-01-19,000333,14:05:51,77.6000,13,2
2026-01-19,000333,14:05:54,77.6100,110,1
2026-01-19,000333,14:05:57,77.6000,7,2
2026-01-19,000333,10:53:27,77.5000,222,1
2026-01-19,000333,10:53:30,77.4900,14,1
2026-01-19,000333,10:53:33,77.5000,89,1
2026-01-19,000333,10:53:36,77.4800,2,4
2026-01-19,000333,10:53:39,77.4700,3,2
2026-01-19,000333,10:53:42,77.4900,24,1
2026-01-19,000333,10:53:45,77.4700,8,2
2026-01-19,000333,10:53:48,77.4900,25,2
2026-01-19,000333,10:53:51,77.5000,44,1
2026-01-19,000333,10:53:54,77.4900,23,2
2026-01-19,000333,10:53:57,77.4900,44,2
2026-01-19,000333,10:54:00,77.5000,14,1
2026-01-19,000333,10:54:03,77.5100,53,1
2026-01-19,000333,10:54:06,77.5000,111,2
2026-01-19,000333,10:54:09,77.5000,22,2
2026-01-19,000333,10:54:15,77.5000,37,2
2026-01-19,000333,10:54:18,77.5000,7,1
2026-01-19,000333,10:54:21,77.5100,24,1
2026-01-19,000333,10:54:24,77.5000,17,2
2026-01-19,000333,10:54:27,77.5100,1,1
2026-01-19,000333,10:54:30,77.4900,5,2
2026-01-19,000333,10:54:33,77.5000,16,1
2026-01-19,000333,10:54:36,77.5000,5,1
2026-01-19,000333,10:54:42,77.5000,41,1
2026-01-19,000333,10:54:45,77.5100,19,1
2026-01-19,000333,10:54:48,77.5100,20,1
2026-01-19,000333,10:54:57,77.5100,2,1
2026-01-19,000333,10:55:03,77.5000,92,2
2026-01-19,000333,10:55:06,77.4900,50,2
2026-01-19,000333,10:55:09,77.5100,143,1
2026-01-19,000333,10:55:12,77.5000,138,2
2026-01-19,000333,10:55:15,77.4900,58,2
2026-01-19,000333,10:55:18,77.4900,36,2
2026-01-19,000333,10:55:21,77.4900,39,2
2026-01-19,000333,10:55:24,77.4800,29,2
2026-01-19,000333,10:55:27,77.4900,20,1
2026-01-19,000333,10:55:30,77.4800,51,4
2026-01-19,000333,10:55:33,77.4800,25,1
2026-01-19,000333,10:55:36,77.4900,21,1
2026-01-19,000333,10:55:39,77.4900,116,2
2026-01-19,000333,10:55:42,77.5000,46,1
2026-01-19,000333,10:55:48,77.5000,20,1
2026-01-19,000333,10:55:51,77.5000,17,1
2026-01-19,000333,10:55:54,77.5000,15,1
2026-01-19,000333,10:55:57,77.5100,9,1
2026-01-19,000333,10:56:00,77.5100,8,1
2026-01-19,000333,10:56:03,77.5100,3,1
2026-01-19,000333,10:56:06,77.5000,60,2
2026-01-19,000333,10:56:09,77.5000,21,2
2026-01-19,000333,10:56:12,77.5000,2,4
2026-01-19,000333,10:56:15,77.5000,12,2
2026-01-19,000333,10:56:18,77.5100,16,1
2026-01-19,000333,10:56:21,77.5100,3,1
2026-01-19,000333,10:56:24,77.5100,49,1
2026-01-19,000333,10:56:27,77.5100,27,1
2026-01-19,000333,10:56:33,77.5100,28,2
2026-01-19,000333,10:56:36,77.5100,11,2
2026-01-19,000333,10:56:39,77.5200,38,1
2026-01-19,000333,10:56:42,77.5100,28,2
2026-01-19,000333,10:56:45,77.5200,57,1
2026-01-19,000333,10:56:48,77.5200,109,2
2026-01-19,000333,10:56:51,77.5200,4,2
2026-01-19,000333,10:56:54,77.4900,247,2
2026-01-19,000333,10:56:57,77.4900,9,2
2026-01-19,000333,10:57:00,77.4900,45,2
2026-01-19,000333,10:57:03,77.5000,21,1
2026-01-19,000333,10:57:06,77.5200,37,1
2026-01-19,000333,10:57:09,77.5100,6,2
2026-01-19,000333,10:57:12,77.5200,25,1
2026-01-19,000333,10:57:18,77.5100,89,2
2026-01-19,000333,10:57:21,77.5100,97,2
2026-01-19,000333,10:57:24,77.4900,4,4
2026-01-19,000333,10:57:27,77.5100,65,1
2026-01-19,000333,10:57:30,77.5100,8,2
2026-01-19,000333,10:57:33,77.4900,26,2
2026-01-19,000333,10:57:36,77.4800,90,2
2026-01-19,000333,10:57:39,77.4800,23,2
2026-01-19,000333,10:57:42,77.5000,14,1
2026-01-19,000333,10:57:45,77.4800,37,2
2026-01-19,000333,10:57:48,77.5000,32,1
2026-01-19,000333,10:57:51,77.4900,34,2
2026-01-19,000333,10:57:54,77.4800,7,2
2026-01-19,000333,10:57:57,77.4900,53,2
2026-01-19,000333,10:58:00,77.5300,49,1
2026-01-19,000333,10:58:03,77.5100,39,2
2026-01-19,000333,10:58:06,77.5300,39,1
2026-01-19,000333,10:58:09,77.5100,94,2
2026-01-19,000333,10:58:12,77.5100,28,2
2026-01-19,000333,10:58:15,77.5100,4,1
2026-01-19,000333,10:58:18,77.5100,35,2
2026-01-19,000333,10:58:21,77.5300,14,1
2026-01-19,000333,10:58:24,77.5200,9,2
2026-01-19,000333,10:58:27,77.5200,18,2
2026-01-19,000333,10:58:30,77.5300,86,1
2026-01-19,000333,10:58:33,77.5400,79,1
2026-01-19,000333,10:58:36,77.5300,25,2
2026-01-19,000333,10:58:39,77.5300,11,2
2026-01-19,000333,10:58:42,77.5300,95,2
2026-01-19,000333,10:58:45,77.5300,69,1
2026-01-19,000333,10:58:48,77.5300,12,2
2026-01-19,000333,10:58:51,77.5300,64,2
2026-01-19,000333,10:58:54,77.5200,16,2
2026-01-19,000333,10:58:57,77.5200,36,2
2026-01-19,000333,10:59:00,77.5300,73,1
2026-01-19,000333,10:59:03,77.5300,25,4
2026-01-19,000333,10:59:06,77.5400,139,1
2026-01-19,000333,10:59:09,77.5400,136,1
2026-01-19,000333,10:59:12,77.5300,11,1
2026-01-19,000333,10:59:15,77.5500,28,1
2026-01-19,000333,10:59:18,77.5400,9,4
2026-01-19,000333,10:59:21,77.5300,12,2
2026-01-19,000333,10:59:24,77.5400,44,4
2026-01-19,000333,10:59:27,77.5400,24,1
2026-01-19,000333,10:59:30,77.5300,60,1
2026-01-19,000333,10:59:33,77.5100,23,2
2026-01-19,000333,10:59:36,77.5200,7,2
2026-01-19,000333,10:59:39,77.5200,36,2
2026-01-19,000333,10:59:42,77.5400,54,1
2026-01-19,000333,10:59:45,77.5200,14,2
2026-01-19,000333,10:59:48,77.5500,112,1
2026-01-19,000333,10:59:51,77.5500,3,1
2026-01-19,000333,10:59:54,77.5600,74,1
2026-01-19,000333,10:59:57,77.5600,55,2
2026-01-19,000333,11:00:00,77.5200,9,2
2026-01-19,000333,11:00:03,77.5600,25,2
2026-01-19,000333,11:00:06,77.5600,2,1
2026-01-19,000333,11:00:09,77.5600,47,2
2026-01-19,000333,11:00:12,77.5500,11,2
2026-01-19,000333,11:00:15,77.5200,37,2
2026-01-19,000333,11:00:21,77.5300,10,2
2026-01-19,000333,11:00:24,77.5500,77,1
2026-01-19,000333,11:00:27,77.5400,22,2
2026-01-19,000333,11:00:30,77.5300,11,2
2026-01-19,000333,11:00:33,77.5300,14,2
2026-01-19,000333,11:00:36,77.5400,39,1
2026-01-19,000333,11:00:39,77.5400,23,2
2026-01-19,000333,11:00:42,77.5500,92,1
2026-01-19,000333,11:00:45,77.5500,20,1
2026-01-19,000333,11:00:48,77.5400,24,2
2026-01-19,000333,11:00:51,77.5400,38,2
2026-01-19,000333,11:00:54,77.5500,1,1
2026-01-19,000333,11:00:57,77.5400,19,2
2026-01-19,000333,11:01:00,77.5400,41,2
2026-01-19,000333,11:01:03,77.5400,3,2
2026-01-19,000333,11:01:06,77.5400,19,2
2026-01-19,000333,11:01:09,77.5300,82,2
2026-01-19,000333,11:01:12,77.5300,18,2
2026-01-19,000333,11:01:15,77.5200,54,2
2026-01-19,000333,11:01:18,77.5100,58,2
2026-01-19,000333,11:01:21,77.5100,10,1
2026-01-19,000333,11:01:24,77.5300,79,1
2026-01-19,000333,11:01:27,77.5300,60,2
2026-01-19,000333,11:01:30,77.5500,52,1
2026-01-19,000333,11:01:33,77.5500,23,2
2026-01-19,000333,11:01:36,77.5500,59,2
2026-01-19,000333,11:01:42,77.5300,8,2
2026-01-19,000333,11:01:45,77.5300,57,2
2026-01-19,000333,11:01:48,77.5200,19,2
2026-01-19,000333,11:01:51,77.5400,27,1
2026-01-19,000333,11:01:54,77.5400,80,2
2026-01-19,000333,11:01:57,77.5500,8,1
2026-01-19,000333,11:02:03,77.5400,19,4
2026-01-19,000333,11:02:06,77.5600,4,1
2026-01-19,000333,11:02:09,77.5500,34,2
2026-01-19,000333,11:02:12,77.5300,121,2
2026-01-19,000333,11:02:15,77.5300,14,2
2026-01-19,000333,11:02:18,77.5500,8,1
2026-01-19,000333,11:02:21,77.5300,33,2
2026-01-19,000333,11:02:24,77.5300,45,2
2026-01-19,000333,11:02:27,77.5400,38,1
2026-01-19,000333,11:02:33,77.5300,57,4
2026-01-19,000333,11:02:36,77.5200,50,2
2026-01-19,000333,11:02:39,77.5300,60,4
2026-01-19,000333,11:02:42,77.5200,33,2
2026-01-19,000333,11:02:45,77.5200,49,2
2026-01-19,000333,11:02:48,77.5300,142,1
2026-01-19,000333,11:02:51,77.5000,47,2
2026-01-19,000333,11:02:54,77.5000,2,2
2026-01-19,000333,11:02:57,77.5000,9,2
2026-01-19,000333,11:03:00,77.5000,8,2
2026-01-19,000333,11:03:03,77.5300,3,1
2026-01-19,000333,11:03:06,77.5100,7,2
2026-01-19,000333,11:03:09,77.5300,47,1
2026-01-19,000333,11:03:12,77.5100,30,2
2026-01-19,000333,11:03:15,77.5200,14,1
2026-01-19,000333,11:03:18,77.5200,25,1
2026-01-19,000333,11:03:21,77.5300,15,1
2026-01-19,000333,11:03:24,77.5100,7,2
2026-01-19,000333,11:03:30,77.5500,75,1
2026-01-19,000333,11:03:33,77.5600,16,1
2026-01-19,000333,11:03:36,77.5800,97,1
2026-01-19,000333,11:03:39,77.5700,10,1
2026-01-19,000333,11:03:42,77.5800,30,1
2026-01-19,000333,11:03:45,77.5600,2,4
2026-01-19,000333,11:03:48,77.5600,38,2
2026-01-19,000333,11:03:51,77.5600,18,2
2026-01-19,000333,11:03:54,77.5500,7,2
2026-01-19,000333,11:03:57,77.5600,4,1
2026-01-19,000333,11:04:00,77.5700,49,1
2026-01-19,000333,11:04:03,77.5700,13,2
2026-01-19,000333,11:04:06,77.5700,34,1
2026-01-19,000333,11:04:09,77.5700,23,2
2026-01-19,000333,11:04:12,77.5700,11,2
2026-01-19,000333,11:04:15,77.5700,12,2
2026-01-19,000333,11:04:21,77.5700,128,2
2026-01-19,000333,11:04:24,77.5600,23,4
2026-01-19,000333,11:04:27,77.5500,6,2
2026-01-19,000333,11:04:30,77.5500,21,2
2026-01-19,000333,11:04:33,77.5500,276,2
2026-01-19,000333,11:04:36,77.5400,88,2
2026-01-19,000333,11:04:39,77.5400,2,2
2026-01-19,000333,11:04:42,77.5400,90,2
2026-01-19,000333,11:04:45,77.5300,31,2
2026-01-19,000333,11:04:48,77.5300,37,2
2026-01-19,000333,11:04:51,77.5300,42,2
2026-01-19,000333,11:04:54,77.5100,18,2
2026-01-19,000333,11:04:57,77.5100,23,2
2026-01-19,000333,11:05:00,77.5100,42,2
2026-01-19,000333,11:05:03,77.5200,20,4
2026-01-19,000333,11:05:06,77.5300,82,1
2026-01-19,000333,11:05:09,77.5300,84,2
2026-01-19,000333,11:05:12,77.5200,33,2
2026-01-19,000333,11:05:15,77.5200,18,2
2026-01-19,000333,11:05:18,77.5100,104,2
2026-01-19,000333,11:05:21,77.5200,16,2
2026-01-19,000333,11:05:24,77.5200,12,2
2026-01-19,000333,11:05:27,77.5200,32,2
2026-01-19,000333,11:05:30,77.5200,16,1
2026-01-19,000333,11:05:33,77.5200,23,4
2026-01-19,000333,11:05:36,77.5100,32,2
2026-01-19,000333,11:05:39,77.5300,33,1
2026-01-19,000333,11:05:42,77.5200,41,4
2026-01-19,000333,11:05:45,77.5300,125,1
2026-01-19,000333,11:05:48,77.5200,17,4
2026-01-19,000333,11:05:51,77.5100,5,2
2026-01-19,000333,11:05:54,77.5100,40,2
2026-01-19,000333,11:05:57,77.5200,21,2
2026-01-19,000333,11:06:00,77.5100,5,2
2026-01-19,000333,11:06:03,77.5100,35,2
2026-01-19,000333,11:06:06,77.5300,1,1
2026-01-19,000333,11:06:09,77.5100,42,2
2026-01-19,000333,11:06:12,77.5100,19,2
2026-01-19,000333,11:06:15,77.5000,66,2
2026-01-19,000333,11:06:18,77.5100,57,2
2026-01-19,000333,11:06:21,77.4900,50,2
2026-01-19,000333,11:06:24,77.4800,39,2
2026-01-19,000333,11:06:27,77.4900,75,2
2026-01-19,000333,11:06:30,77.5100,82,1
2026-01-19,000333,11:06:33,77.5000,21,2
2026-01-19,000333,11:06:36,77.5100,24,1
2026-01-19,000333,11:06:39,77.5200,40,1
2026-01-19,000333,11:06:42,77.5000,26,2
2026-01-19,000333,11:06:48,77.5200,35,1
2026-01-19,000333,11:06:51,77.5200,47,4
2026-01-19,000333,11:06:57,77.5400,36,1
2026-01-19,000333,11:07:00,77.5400,305,1
2026-01-19,000333,11:07:03,77.5600,12,1
2026-01-19,000333,11:07:06,77.5800,112,1
2026-01-19,000333,11:07:09,77.5800,43,1
2026-01-19,000333,11:07:12,77.5800,16,2
2026-01-19,000333,11:07:15,77.5800,80,2
2026-01-19,000333,11:07:18,77.5800,169,2
2026-01-19,000333,11:07:21,77.5800,42,2
2026-01-19,000333,11:07:24,77.5700,266,2
2026-01-19,000333,11:07:27,77.5800,15,4
2026-01-19,000333,11:07:30,77.5900,62,1
2026-01-19,000333,11:07:33,77.5700,239,2
2026-01-19,000333,11:07:36,77.5700,269,2
2026-01-19,000333,11:07:39,77.5300,119,2
2026-01-19,000333,11:07:42,77.5400,76,1
2026-01-19,000333,11:07:45,77.5800,122,1
2026-01-19,000333,11:07:48,77.5400,86,2
2026-01-19,000333,11:07:51,77.5500,32,4
2026-01-19,000333,11:07:54,77.5300,96,2
2026-01-19,000333,11:07:57,77.5300,57,2
2026-01-19,000333,11:08:00,77.5300,89,2
2026-01-19,000333,11:08:03,77.5700,48,1
2026-01-19,000333,11:08:06,77.5600,163,1
2026-01-19,000333,11:08:09,77.5300,11,2
2026-01-19,000333,11:08:12,77.5300,51,2
2026-01-19,000333,11:08:15,77.5700,63,1
2026-01-19,000333,11:08:18,77.5600,12,1
2026-01-19,000333,11:08:21,77.5400,1,2
2026-01-19,000333,11:08:24,77.5300,51,2
2026-01-19,000333,11:08:27,77.5300,29,2
2026-01-19,000333,11:08:30,77.5100,8,2
2026-01-19,000333,11:08:33,77.5000,87,2
2026-01-19,000333,11:08:36,77.5000,25,2
2026-01-19,000333,11:08:39,77.4900,53,1
2026-01-19,000333,11:08:42,77.4900,47,2
2026-01-19,000333,11:08:48,77.5000,5,1
2026-01-19,000333,11:08:51,77.4800,121,2
2026-01-19,000333,11:08:54,77.4800,3,2
2026-01-19,000333,11:08:57,77.4800,49,2
2026-01-19,000333,11:09:00,77.4700,25,2
2026-01-19,000333,11:09:03,77.4700,42,2
2026-01-19,000333,11:09:06,77.4700,64,2
2026-01-19,000333,11:09:09,77.4600,37,2
2026-01-19,000333,11:09:12,77.4300,50,2
2026-01-19,000333,11:09:15,77.4300,113,2
2026-01-19,000333,11:09:18,77.4300,12,2
2026-01-19,000333,11:09:21,77.4600,22,1
2026-01-19,000333,11:09:24,77.4200,21,2
2026-01-19,000333,11:09:27,77.4200,15,2
2026-01-19,000333,11:09:30,77.4200,23,2
2026-01-19,000333,11:09:33,77.4300,38,1
2026-01-19,000333,11:09:36,77.4200,9,1
2026-01-19,000333,11:09:39,77.4300,6,1
2026-01-19,000333,11:09:42,77.4200,65,2
2026-01-19,000333,11:09:45,77.4300,5,2
2026-01-19,000333,11:09:48,77.4500,3,1
2026-01-19,000333,11:09:51,77.4500,13,1
2026-01-19,000333,11:09:54,77.4600,8,1
2026-01-19,000333,11:09:57,77.4600,15,1
2026-01-19,000333,11:10:00,77.4700,2,1
2026-01-19,000333,11:10:03,77.4800,12,1
2026-01-19,000333,11:10:06,77.4700,8,2
2026-01-19,000333,11:10:09,77.4800,13,1
2026-01-19,000333,11:10:12,77.4800,25,1
2026-01-19,000333,11:10:15,77.4800,26,1
2026-01-19,000333,11:10:18,77.4700,13,2
2026-01-19,000333,11:10:21,77.4700,13,2
2026-01-19,000333,11:10:24,77.4700,13,2
2026-01-19,000333,11:10:27,77.4900,28,1
2026-01-19,000333,11:10:30,77.5000,16,1
2026-01-19,000333,11:10:33,77.4800,16,2
2026-01-19,000333,11:10:36,77.5300,35,1
2026-01-19,000333,11:10:39,77.4900,48,2
2026-01-19,000333,11:10:42,77.4800,66,2
2026-01-19,000333,11:10:45,77.4700,76,2
2026-01-19,000333,11:10:48,77.4700,42,2
2026-01-19,000333,11:10:51,77.4600,20,2
2026-01-19,000333,11:10:54,77.4600,16,2
2026-01-19,000333,11:10:57,77.4500,86,2
2026-01-19,000333,11:11:00,77.4300,11,2
2026-01-19,000333,11:11:03,77.4500,1,1
2026-01-19,000333,11:11:06,77.4600,11,1
2026-01-19,000333,11:11:09,77.4500,10,2
2026-01-19,000333,11:11:12,77.4500,9,2
2026-01-19,000333,11:11:15,77.4600,65,1
2026-01-19,000333,11:11:18,77.4800,18,1
2026-01-19,000333,11:11:21,77.5000,11,1
2026-01-19,000333,11:11:24,77.4800,164,2
2026-01-19,000333,11:11:27,77.4700,9,2
2026-01-19,000333,11:11:33,77.4800,11,1
2026-01-19,000333,11:11:36,77.4700,81,2
2026-01-19,000333,11:11:45,77.4700,59,1
2026-01-19,000333,11:11:48,77.4700,3,1
2026-01-19,000333,11:11:51,77.4700,1,1
2026-01-19,000333,11:11:54,77.4700,10,1
2026-01-19,000333,11:12:00,77.4700,2,1
2026-01-19,000333,11:12:03,77.4600,12,2
2026-01-19,000333,11:12:06,77.4700,20,1
2026-01-19,000333,11:12:09,77.4700,21,1
2026-01-19,000333,11:12:12,77.4700,88,1
2026-01-19,000333,11:12:15,77.4700,6,2
2026-01-19,000333,11:12:18,77.4700,18,2
2026-01-19,000333,11:12:21,77.4700,68,2
2026-01-19,000333,11:12:24,77.4800,10,1
2026-01-19,000333,11:12:27,77.4700,94,2
2026-01-19,000333,11:12:30,77.4600,76,2
2026-01-19,000333,11:12:33,77.4600,6,2
2026-01-19,000333,11:12:36,77.4600,42,2
2026-01-19,000333,11:12:39,77.4600,99,2
2026-01-19,000333,11:12:42,77.4500,82,2
2026-01-19,000333,11:12:45,77.4400,42,2
2026-01-19,000333,11:12:48,77.4600,124,1
2026-01-19,000333,11:12:51,77.4400,16,2
2026-01-19,000333,11:12:54,77.4400,14,2
2026-01-19,000333,11:12:57,77.4600,1,1
2026-01-19,000333,11:13:03,77.4600,5,1
2026-01-19,000333,11:13:06,77.4500,8,2
2026-01-19,000333,11:13:09,77.4700,24,1
2026-01-19,000333,11:13:12,77.4800,5,1
2026-01-19,000333,11:13:15,77.4600,1,2
2026-01-19,000333,11:13:18,77.4700,10,1
2026-01-19,000333,11:13:21,77.4700,16,2
2026-01-19,000333,11:13:24,77.4700,11,2
2026-01-19,000333,11:13:27,77.4800,30,1
2026-01-19,000333,11:13:30,77.4800,16,2
2026-01-19,000333,11:13:33,77.4800,22,2
2026-01-19,000333,11:13:36,77.5100,11,1
2026-01-19,000333,11:13:42,77.4900,26,1
2026-01-19,000333,11:13:45,77.5000,5,1
2026-01-19,000333,11:13:48,77.4900,27,2
2026-01-19,000333,11:13:51,77.4900,13,2
2026-01-19,000333,11:13:57,77.4900,25,2
2026-01-19,000333,11:14:00,77.5000,40,1
2026-01-19,000333,11:14:03,77.5100,6,1
2026-01-19,000333,11:14:06,77.5000,90,2
2026-01-19,000333,11:14:09,77.5000,21,1
2026-01-19,000333,11:14:12,77.4900,16,2
2026-01-19,000333,11:14:15,77.4900,32,2
2026-01-19,000333,11:14:18,77.5000,2,1
2026-01-19,000333,11:14:21,77.4900,14,2
2026-01-19,000333,11:14:24,77.4900,26,2
2026-01-19,000333,11:14:27,77.5100,32,1
2026-01-19,000333,11:14:30,77.5100,3,1
2026-01-19,000333,11:14:33,77.4900,31,2
2026-01-19,000333,11:14:36,77.5000,4,1
2026-01-19,000333,11:14:39,77.4900,1,2
2026-01-19,000333,11:14:42,77.4900,33,2
2026-01-19,000333,11:14:45,77.4800,5,2
2026-01-19,000333,11:14:48,77.5000,12,1
2026-01-19,000333,11:14:51,77.5000,17,2
2026-01-19,000333,11:14:54,77.5300,50,1
2026-01-19,000333,11:14:57,77.5100,8,2
2026-01-19,000333,11:15:00,77.5100,75,2
2026-01-19,000333,11:15:03,77.5300,51,1
2026-01-19,000333,11:15:06,77.5300,7,2
2026-01-19,000333,11:15:09,77.5300,92,2
2026-01-19,000333,11:15:15,77.5300,11,2
2026-01-19,000333,11:15:18,77.5200,51,2
2026-01-19,000333,11:15:21,77.5200,16,2
2026-01-19,000333,11:15:24,77.5200,2,2
2026-01-19,000333,11:15:27,77.5200,3,2
2026-01-19,000333,11:15:30,77.5200,6,2
2026-01-19,000333,11:15:33,77.5300,6,1
2026-01-19,000333,11:15:36,77.5200,8,2
2026-01-19,000333,11:15:39,77.5200,3,2
2026-01-19,000333,11:15:42,77.5200,6,2
2026-01-19,000333,11:15:45,77.5300,19,1
2026-01-19,000333,11:15:48,77.5200,78,2
2026-01-19,000333,11:15:51,77.5200,37,2
2026-01-19,000333,11:15:54,77.5200,7,2
2026-01-19,000333,11:15:57,77.5100,36,2
2026-01-19,000333,11:16:00,77.5100,7,2
2026-01-19,000333,11:16:03,77.5300,8,1
2026-01-19,000333,11:16:06,77.5200,11,2
2026-01-19,000333,11:16:09,77.5300,25,1
2026-01-19,000333,11:16:12,77.5200,1,4
2026-01-19,000333,11:16:15,77.5100,166,2
2026-01-19,000333,11:16:18,77.5100,33,2
2026-01-19,000333,11:16:21,77.4800,127,2
2026-01-19,000333,11:16:24,77.4800,92,2
2026-01-19,000333,11:16:27,77.4800,37,2
2026-01-19,000333,11:16:30,77.4800,36,2
2026-01-19,000333,11:16:33,77.5100,28,1
2026-01-19,000333,11:16:36,77.5100,21,1
2026-01-19,000333,11:16:39,77.5100,66,1
2026-01-19,000333,11:16:42,77.5200,41,1
2026-01-19,000333,11:16:45,77.5400,108,1
2026-01-19,000333,11:16:48,77.5400,5,1
2026-01-19,000333,11:16:51,77.5300,19,2
2026-01-19,000333,11:16:54,77.5400,24,1
2026-01-19,000333,11:16:57,77.5400,11,1
2026-01-19,000333,11:17:00,77.5500,6,1
2026-01-19,000333,11:17:03,77.5400,5,2
2026-01-19,000333,11:17:06,77.5500,5,1
2026-01-19,000333,11:17:09,77.5500,3,1
2026-01-19,000333,11:17:12,77.5500,33,1
2026-01-19,000333,11:17:15,77.5400,43,2
2026-01-19,000333,11:17:18,77.5400,3,2
2026-01-19,000333,11:17:24,77.5400,20,2
2026-01-19,000333,11:17:27,77.5500,6,1
2026-01-19,000333,11:17:30,77.5400,23,2
2026-01-19,000333,11:17:33,77.5400,13,2
2026-01-19,000333,11:17:36,77.5400,74,2
2026-01-19,000333,11:17:39,77.5400,21,2
2026-01-19,000333,11:17:42,77.5400,47,2
2026-01-19,000333,11:17:45,77.5500,116,1
2026-01-19,000333,11:17:48,77.5500,74,2
2026-01-19,000333,11:17:51,77.5600,65,1
2026-01-19,000333,11:17:54,77.5600,14,2
2026-01-19,000333,11:17:57,77.5700,16,1
2026-01-19,000333,11:18:00,77.5700,2,1
2026-01-19,000333,11:18:03,77.5700,16,1
2026-01-19,000333,11:18:06,77.5600,153,2
2026-01-19,000333,11:18:09,77.5600,11,2
2026-01-19,000333,11:18:12,77.5600,9,2
2026-01-19,000333,11:18:15,77.5600,30,2
2026-01-19,000333,11:18:18,77.5700,13,1
2026-01-19,000333,11:18:21,77.5600,8,2
2026-01-19,000333,11:18:24,77.5600,120,2
2026-01-19,000333,11:18:27,77.5600,6,2
2026-01-19,000333,11:18:30,77.5700,9,1
2026-01-19,000333,11:18:33,77.5600,90,2
2026-01-19,000333,11:18:36,77.5500,64,2
2026-01-19,000333,11:18:39,77.5600,29,1
2026-01-19,000333,11:18:42,77.5600,11,2
2026-01-19,000333,11:18:45,77.5600,16,1
2026-01-19,000333,11:18:48,77.5500,8,2
2026-01-19,000333,11:18:51,77.5500,122,2
2026-01-19,000333,11:18:54,77.5600,12,1
2026-01-19,000333,11:18:57,77.5600,27,1
2026-01-19,000333,11:19:00,77.5600,107,1
2026-01-19,000333,11:19:03,77.5600,24,2
2026-01-19,000333,11:19:06,77.5600,31,2
2026-01-19,000333,11:19:09,77.5600,27,2
2026-01-19,000333,11:19:12,77.5700,18,1
2026-01-19,000333,11:19:15,77.5700,18,1
2026-01-19,000333,11:19:18,77.5600,27,2
2026-01-19,000333,11:19:21,77.5600,17,2
2026-01-19,000333,11:19:24,77.5600,36,2
2026-01-19,000333,11:19:27,77.5500,48,2
2026-01-19,000333,11:19:30,77.5600,31,1
2026-01-19,000333,11:19:33,77.5300,101,2
2026-01-19,000333,11:19:36,77.5300,142,2
2026-01-19,000333,11:19:39,77.5100,25,2
2026-01-19,000333,11:19:42,77.5100,24,2
