date,code,time,price,volume,bs
2026-03-31,600036,14:06:52,39.5100,70,1
2026-03-31,600036,14:06:55,39.5000,3,2
2026-03-31,600036,14:06:58,39.5100,3,1
2026-03-31,600036,14:07:01,39.5100,89,1
2026-03-31,600036,14:07:04,39.5000,5,2
2026-03-31,600036,14:07:07,39.5100,14,1
2026-03-31,600036,14:07:10,39.5000,17,2
2026-03-31,600036,14:07:13,39.5000,68,2
2026-03-31,600036,14:07:16,39.5100,31,1
2026-03-31,600036,14:07:19,39.5100,9,1
2026-03-31,600036,14:07:22,39.5000,75,2
2026-03-31,600036,14:07:25,39.5000,11,2
2026-03-31,600036,14:07:28,39.5000,7,2
2026-03-31,600036,14:07:31,39.5100,130,1
2026-03-31,600036,14:07:34,39.5000,11,2
2026-03-31,600036,14:07:37,39.5000,29,2
2026-03-31,600036,14:07:40,39.5100,7,1
2026-03-31,600036,14:07:43,39.5000,18,2
2026-03-31,600036,14:07:46,39.5100,22,1
2026-03-31,600036,14:07:49,39.5100,12,1
2026-03-31,600036,14:07:52,39.5100,35,1
2026-03-31,600036,14:07:55,39.5000,13,2
2026-03-31,600036,14:07:58,39.5000,84,2
2026-03-31,600036,14:08:01,39.4900,73,2
2026-03-31,600036,14:08:04,39.5000,11,1
2026-03-31,600036,14:08:07,39.5000,73,1
2026-03-31,600036,14:08:10,39.5000,76,1
2026-03-31,600036,14:08:13,39.4900,223,2
2026-03-31,600036,14:08:16,39.4900,5,2
2026-03-31,600036,14:08:19,39.5000,1026,1
2026-03-31,600036,14:08:22,39.5000,12,2
2026-03-31,600036,14:08:25,39.5100,20,1
2026-03-31,600036,14:08:28,39.5100,12,1
2026-03-31,600036,14:08:31,39.5100,419,1
2026-03-31,600036,14:08:34,39.5000,4,2
2026-03-31,600036,14:08:37,39.5000,33,2
2026-03-31,600036,14:08:40,39.5100,8,1
2026-03-31,600036,14:08:43,39.5000,33,2
2026-03-31,600036,14:08:46,39.5000,52,2
2026-03-31,600036,14:08:49,39.5000,81,2
2026-03-31,600036,14:08:52,39.5000,32,1
2026-03-31,600036,14:08:55,39.5000,22,1
2026-03-31,600036,14:08:58,39.5000,1,1
2026-03-31,600036,14:09:01,39.4900,435,2
2026-03-31,600036,14:09:04,39.4900,18,2
2026-03-31,600036,14:09:07,39.4900,79,2
2026-03-31,600036,14:09:10,39.4900,358,1
2026-03-31,600036,14:09:13,39.4800,26,2
2026-03-31,600036,14:09:16,39.4800,75,2
2026-03-31,600036,14:09:19,39.4900,244,1
2026-03-31,600036,14:09:22,39.4800,75,2
2026-03-31,600036,14:09:25,39.4800,48,2
2026-03-31,600036,14:09:28,39.4900,29,1
2026-03-31,600036,14:09:31,39.4900,74,1
2026-03-31,600036,14:09:34,39.4800,12,2
2026-03-31,600036,14:09:37,39.4800,9,2
2026-03-31,600036,14:09:40,39.4800,22,2
2026-03-31,600036,14:09:43,39.4800,23,2
2026-03-31,600036,14:09:46,39.4900,44,1
2026-03-31,600036,14:09:49,39.4800,775,2
2026-03-31,600036,14:09:52,39.5000,1,1
2026-03-31,600036,14:09:55,39.5000,1,1
2026-03-31,600036,14:09:58,39.5000,155,1
2026-03-31,600036,14:10:01,39.4900,135,1
2026-03-31,600036,14:10:04,39.5000,83,1
2026-03-31,600036,14:10:07,39.4900,80,2
2026-03-31,600036,14:10:10,39.4900,38,2
2026-03-31,600036,14:10:13,39.5000,60,1
2026-03-31,600036,14:10:16,39.4900,117,2
2026-03-31,600036,14:10:19,39.4900,13,1
2026-03-31,600036,14:10:22,39.4900,13,1
2026-03-31,600036,14:10:25,39.4800,52,2
2026-03-31,600036,14:10:28,39.4800,55,2
2026-03-31,600036,14:10:31,39.4900,39,1
2026-03-31,600036,14:10:34,39.4800,4,2
2026-03-31,600036,14:10:37,39.4800,10,2
2026-03-31,600036,14:10:40,39.4900,4,1
2026-03-31,600036,14:10:43,39.4800,36,2
2026-03-31,600036,14:10:46,39.4800,10,2
2026-03-31,600036,14:10:49,39.4900,58,1
2026-03-31,600036,14:10:52,39.4800,197,2
2026-03-31,600036,14:10:55,39.4900,308,1
2026-03-31,600036,14:10:58,39.4900,112,1
2026-03-31,600036,14:11:01,39.4800,245,2
2026-03-31,600036,14:11:04,39.4800,8,2
2026-03-31,600036,14:11:07,39.4900,24,1
2026-03-31,600036,14:11:10,39.4900,10,2
2026-03-31,600036,14:11:13,39.4900,55,2
2026-03-31,600036,14:11:16,39.4800,22,2
2026-03-31,600036,14:11:19,39.4900,11,1
2026-03-31,600036,14:11:22,39.4900,5,1
2026-03-31,600036,14:11:25,39.4800,88,2
2026-03-31,600036,14:11:28,39.4800,51,2
2026-03-31,600036,14:11:31,39.4900,46,1
2026-03-31,600036,14:11:34,39.4900,25,1
2026-03-31,600036,14:11:37,39.4900,14,1
2026-03-31,600036,14:11:40,39.4800,315,2
2026-03-31,600036,14:11:43,39.4900,24,1
2026-03-31,600036,14:11:46,39.4800,17,2
2026-03-31,600036,14:11:49,39.4900,54,1
2026-03-31,600036,14:11:52,39.4800,110,2
2026-03-31,600036,14:11:55,39.4900,10,1
2026-03-31,600036,14:11:58,39.4800,4,2
2026-03-31,600036,14:12:01,39.4900,41,1
2026-03-31,600036,14:12:04,39.4900,53,1
2026-03-31,600036,14:12:07,39.4800,3,2
2026-03-31,600036,14:12:10,39.4900,11,1
2026-03-31,600036,14:12:13,39.4800,37,2
2026-03-31,600036,14:12:16,39.4800,42,2
2026-03-31,600036,14:12:19,39.4900,81,1
2026-03-31,600036,14:12:22,39.4800,36,2
2026-03-31,600036,14:12:25,39.4800,77,2
2026-03-31,600036,14:12:28,39.4800,318,2
2026-03-31,600036,14:12:31,39.4800,37,2
2026-03-31,600036,14:12:34,39.4800,26,2
2026-03-31,600036,14:12:37,39.4900,5,1
2026-03-31,600036,14:12:40,39.4800,508,2
2026-03-31,600036,14:12:43,39.4900,248,1
2026-03-31,600036,14:12:46,39.4900,29,1
2026-03-31,600036,14:12:49,39.4900,23,1
2026-03-31,600036,14:12:52,39.4900,5,1
2026-03-31,600036,14:12:55,39.4900,3,1
2026-03-31,600036,14:12:58,39.4900,8,1
2026-03-31,600036,14:13:01,39.4800,39,2
2026-03-31,600036,14:13:04,39.4900,26,1
2026-03-31,600036,14:13:07,39.5000,883,1
2026-03-31,600036,14:13:10,39.5000,21,1
2026-03-31,600036,14:13:13,39.4900,72,2
2026-03-31,600036,14:13:16,39.4900,101,2
2026-03-31,600036,14:13:19,39.4900,63,2
2026-03-31,600036,14:13:22,39.4900,126,2
2026-03-31,600036,14:13:25,39.4800,547,2
2026-03-31,600036,14:13:28,39.4900,35,4
2026-03-31,600036,14:13:31,39.4900,142,2
2026-03-31,600036,14:13:34,39.4900,8,2
2026-03-31,600036,14:13:37,39.4900,15,2
2026-03-31,600036,14:13:40,39.4900,10,2
2026-03-31,600036,14:13:43,39.5000,27,1
2026-03-31,600036,14:13:46,39.5000,48,1
2026-03-31,600036,14:13:49,39.4900,3,2
2026-03-31,600036,14:13:52,39.4900,43,2
2026-03-31,600036,14:13:55,39.4900,41,2
2026-03-31,600036,14:13:58,39.5000,74,1
2026-03-31,600036,14:14:01,39.5000,53,1
2026-03-31,600036,14:14:04,39.4900,5,2
2026-03-31,600036,14:14:07,39.5000,43,1
2026-03-31,600036,14:14:10,39.5000,34,1
2026-03-31,600036,14:14:13,39.4900,61,2
2026-03-31,600036,14:14:16,39.4900,9,2
2026-03-31,600036,14:14:19,39.4900,29,2
2026-03-31,600036,14:14:22,39.5000,14,1
2026-03-31,600036,14:14:25,39.4900,3,2
2026-03-31,600036,14:14:28,39.5000,58,1
2026-03-31,600036,14:14:31,39.4900,80,2
2026-03-31,600036,14:14:34,39.4900,121,2
2026-03-31,600036,14:14:37,39.4900,9,1
2026-03-31,600036,14:14:40,39.4800,83,2
2026-03-31,600036,14:14:43,39.4900,23,1
2026-03-31,600036,14:14:46,39.4800,49,2
2026-03-31,600036,14:14:49,39.4800,46,2
2026-03-31,600036,14:14:52,39.4800,6,2
2026-03-31,600036,14:14:55,39.4800,403,2
2026-03-31,600036,14:14:58,39.4800,64,1
2026-03-31,600036,14:15:01,39.4700,61,2
2026-03-31,600036,14:15:04,39.4800,60,1
2026-03-31,600036,14:15:07,39.4700,16,2
2026-03-31,600036,14:15:10,39.4800,3,1
2026-03-31,600036,14:15:13,39.4700,33,2
2026-03-31,600036,14:15:16,39.4800,8,1
2026-03-31,600036,14:15:19,39.4800,5,1
2026-03-31,600036,14:15:22,39.4700,369,2
2026-03-31,600036,14:15:25,39.4800,10,1
2026-03-31,600036,14:15:28,39.4700,6,2
2026-03-31,600036,14:15:31,39.4800,234,1
2026-03-31,600036,14:15:34,39.4800,27,1
2026-03-31,600036,14:15:37,39.4700,10,2
2026-03-31,600036,14:15:40,39.4700,36,2
2026-03-31,600036,14:15:43,39.4800,187,1
2026-03-31,600036,14:15:46,39.4900,537,1
2026-03-31,600036,14:15:49,39.4800,105,2
2026-03-31,600036,14:15:52,39.4900,116,1
2026-03-31,600036,14:15:55,39.4900,45,2
2026-03-31,600036,14:15:58,39.4800,40,2
2026-03-31,600036,14:16:01,39.4800,82,2
2026-03-31,600036,14:16:04,39.4800,125,2
2026-03-31,600036,14:16:07,39.4800,26,1
2026-03-31,600036,14:16:10,39.4800,69,1
2026-03-31,600036,14:16:13,39.4800,30,2
2026-03-31,600036,14:16:16,39.4800,34,2
2026-03-31,600036,14:16:19,39.4800,12,2
2026-03-31,600036,14:16:22,39.4800,58,2
2026-03-31,600036,14:16:25,39.4800,43,2
2026-03-31,600036,14:16:28,39.4800,34,1
2026-03-31,600036,14:16:31,39.4800,38,1
2026-03-31,600036,14:16:34,39.4800,389,1
2026-03-31,600036,14:16:37,39.4700,4,2
2026-03-31,600036,14:16:40,39.4700,61,2
2026-03-31,600036,14:16:43,39.4700,131,2
2026-03-31,600036,14:16:46,39.4800,4,1
2026-03-31,600036,14:16:49,39.4700,34,2
2026-03-31,600036,14:16:52,39.4700,34,2
2026-03-31,600036,14:16:55,39.4700,3,2
2026-03-31,600036,14:17:01,39.4700,51,2
2026-03-31,600036,14:17:04,39.4800,109,1
2026-03-31,600036,14:17:07,39.4700,77,4
2026-03-31,600036,14:17:10,39.4800,28,1
2026-03-31,600036,14:17:13,39.4800,106,1
2026-03-31,600036,14:17:16,39.4700,3,4
2026-03-31,600036,14:17:19,39.4600,10,2
2026-03-31,600036,14:17:22,39.4600,270,2
2026-03-31,600036,14:17:25,39.4700,150,1
2026-03-31,600036,14:17:28,39.4700,150,2
2026-03-31,600036,14:17:31,39.4700,223,1
2026-03-31,600036,14:17:34,39.4500,254,2
2026-03-31,600036,14:17:37,39.4700,181,1
2026-03-31,600036,14:17:40,39.4500,75,2
2026-03-31,600036,14:17:43,39.4700,44,1
2026-03-31,600036,14:17:46,39.4500,32,2
2026-03-31,600036,14:17:49,39.4600,174,1
2026-03-31,600036,14:17:52,39.4500,137,2
2026-03-31,600036,14:17:55,39.4600,51,1
2026-03-31,600036,14:17:58,39.4700,60,1
2026-03-31,600036,14:18:01,39.4600,102,1
2026-03-31,600036,14:18:04,39.4500,91,2
2026-03-31,600036,14:18:07,39.4500,55,2
2026-03-31,600036,14:18:10,39.4700,14,1
2026-03-31,600036,14:18:13,39.4700,28,1
2026-03-31,600036,14:18:16,39.4600,48,2
2026-03-31,600036,14:18:19,39.4600,25,2
2026-03-31,600036,14:18:22,39.4600,23,2
2026-03-31,600036,14:18:25,39.4700,26,1
2026-03-31,600036,14:18:28,39.4600,39,2
2026-03-31,600036,14:18:31,39.4600,333,2
2026-03-31,600036,14:18:34,39.4600,284,2
2026-03-31,600036,14:18:37,39.4500,102,2
2026-03-31,600036,14:18:40,39.4600,27,1
2026-03-31,600036,14:18:43,39.4700,19,1
2026-03-31,600036,14:18:46,39.4600,3,2
2026-03-31,600036,14:18:49,39.4600,6,2
2026-03-31,600036,14:18:52,39.4700,64,1
2026-03-31,600036,14:18:55,39.4700,7,1
2026-03-31,600036,14:18:58,39.4600,33,2
2026-03-31,600036,14:19:01,39.4700,21,1
2026-03-31,600036,14:19:04,39.4700,71,1
2026-03-31,600036,14:19:07,39.4700,1,1
2026-03-31,600036,14:19:10,39.4700,34,1
2026-03-31,600036,14:19:13,39.4600,20,2
2026-03-31,600036,14:19:16,39.4700,69,1
2026-03-31,600036,14:19:19,39.4600,60,2
2026-03-31,600036,14:19:22,39.4600,14,2
2026-03-31,600036,14:19:25,39.4600,23,2
2026-03-31,600036,14:19:28,39.4600,52,2
2026-03-31,600036,14:19:31,39.4600,56,2
2026-03-31,600036,14:19:34,39.4700,16,1
2026-03-31,600036,14:19:37,39.4600,10,2
2026-03-31,600036,14:19:40,39.4700,131,1
2026-03-31,600036,14:19:43,39.4700,46,1
2026-03-31,600036,14:19:46,39.4600,33,2
2026-03-31,600036,14:19:49,39.4600,71,2
2026-03-31,600036,14:19:52,39.4500,119,2
2026-03-31,600036,14:19:58,39.4600,58,2
2026-03-31,600036,14:20:01,39.4600,18,2
2026-03-31,600036,14:20:04,39.4600,51,2
2026-03-31,600036,14:20:07,39.4600,14,2
2026-03-31,600036,14:20:10,39.4700,77,1
2026-03-31,600036,14:20:13,39.4700,43,1
2026-03-31,600036,14:20:16,39.4600,5,2
2026-03-31,600036,14:20:19,39.4700,11,1
2026-03-31,600036,14:20:22,39.4700,54,1
2026-03-31,600036,14:20:25,39.4700,73,1
2026-03-31,600036,14:20:28,39.4600,84,2
2026-03-31,600036,14:20:31,39.4600,142,1
2026-03-31,600036,14:20:34,39.4500,364,2
2026-03-31,600036,14:20:37,39.4600,83,1
2026-03-31,600036,14:20:40,39.4500,28,2
2026-03-31,600036,14:20:43,39.4600,72,1
2026-03-31,600036,14:20:46,39.4600,310,1
2026-03-31,600036,14:20:49,39.4600,565,2
2026-03-31,600036,14:20:52,39.4600,54,1
2026-03-31,600036,14:20:55,39.4600,45,2
2026-03-31,600036,14:20:58,39.4600,24,2
2026-03-31,600036,14:21:01,39.4600,124,2
2026-03-31,600036,14:21:04,39.4600,149,1
2026-03-31,600036,14:21:07,39.4700,106,1
2026-03-31,600036,14:21:10,39.4600,17,4
2026-03-31,600036,14:21:13,39.4700,117,1
2026-03-31,600036,14:21:16,39.4500,81,2
2026-03-31,600036,14:21:19,39.4600,10,1
2026-03-31,600036,14:21:22,39.4600,29,1
2026-03-31,600036,14:21:25,39.4500,165,2
2026-03-31,600036,14:21:28,39.4600,378,1
2026-03-31,600036,14:21:31,39.4600,21,1
2026-03-31,600036,14:21:34,39.4500,33,2
2026-03-31,600036,14:21:37,39.4500,5,2
2026-03-31,600036,14:21:40,39.4600,257,1
2026-03-31,600036,14:21:43,39.4800,329,1
2026-03-31,600036,14:21:46,39.4600,17,2
2026-03-31,600036,14:21:49,39.4700,4,1
2026-03-31,600036,14:21:52,39.4600,250,2
2026-03-31,600036,14:21:55,39.4600,248,2
2026-03-31,600036,14:21:58,39.4600,712,2
2026-03-31,600036,14:22:01,39.4800,61,1
2026-03-31,600036,14:22:04,39.4700,89,1
2026-03-31,600036,14:22:07,39.4700,78,1
2026-03-31,600036,14:22:10,39.4600,68,2
2026-03-31,600036,14:22:13,39.4700,32,4
2026-03-31,600036,14:22:16,39.4700,52,1
2026-03-31,600036,14:22:19,39.4700,98,1
2026-03-31,600036,14:22:22,39.4700,29,2
2026-03-31,600036,14:22:25,39.4700,27,1
2026-03-31,600036,14:22:28,39.4600,28,2
2026-03-31,600036,14:22:31,39.4700,121,1
2026-03-31,600036,14:22:34,39.4600,54,2
2026-03-31,600036,14:22:37,39.4700,81,1
2026-03-31,600036,14:22:40,39.4700,14,1
2026-03-31,600036,14:22:43,39.4700,40,1
2026-03-31,600036,14:22:46,39.4500,346,2
2026-03-31,600036,14:22:49,39.4500,88,2
2026-03-31,600036,14:22:52,39.4600,8,1
2026-03-31,600036,14:22:55,39.4500,34,2
2026-03-31,600036,14:22:58,39.4600,6,1
2026-03-31,600036,14:23:01,39.4600,34,1
2026-03-31,600036,14:23:04,39.4500,358,2
2026-03-31,600036,14:23:07,39.4500,213,1
2026-03-31,600036,14:23:10,39.4500,50,1
2026-03-31,600036,14:23:13,39.4500,35,1
2026-03-31,600036,14:23:16,39.4400,50,2
2026-03-31,600036,14:23:19,39.4400,90,2
2026-03-31,600036,14:23:22,39.4400,14,2
2026-03-31,600036,14:23:25,39.4400,30,2
2026-03-31,600036,14:23:28,39.4500,8,1
2026-03-31,600036,14:23:31,39.4400,18,2
2026-03-31,600036,14:23:34,39.4400,2,2
2026-03-31,600036,14:23:37,39.4400,86,2
2026-03-31,600036,14:23:40,39.4500,12,1
2026-03-31,600036,14:23:43,39.4500,41,1
2026-03-31,600036,14:23:46,39.4400,36,2
2026-03-31,600036,14:23:49,39.4500,17,1
2026-03-31,600036,14:23:52,39.4500,22,1
2026-03-31,600036,14:23:55,39.4500,34,1
2026-03-31,600036,14:23:58,39.4400,59,2
2026-03-31,600036,14:24:01,39.4500,36,1
2026-03-31,600036,14:24:04,39.4400,34,2
2026-03-31,600036,14:24:07,39.4500,465,1
2026-03-31,600036,14:24:10,39.4600,532,1
2026-03-31,600036,14:24:13,39.4600,117,4
2026-03-31,600036,14:24:16,39.4500,95,2
2026-03-31,600036,14:24:19,39.4500,55,2
2026-03-31,600036,14:24:22,39.4400,73,2
2026-03-31,600036,14:24:25,39.4400,166,2
2026-03-31,600036,14:24:28,39.4600,68,1
2026-03-31,600036,14:24:31,39.4600,5,1
2026-03-31,600036,14:24:34,39.4500,20,2
2026-03-31,600036,14:24:37,39.4500,95,2
2026-03-31,600036,14:24:40,39.4500,92,2
2026-03-31,600036,14:24:43,39.4600,26,1
2026-03-31,600036,14:24:46,39.4500,111,2
2026-03-31,600036,14:24:49,39.4500,28,2
2026-03-31,600036,14:24:52,39.4600,25,1
2026-03-31,600036,14:24:55,39.4700,128,1
2026-03-31,600036,14:24:58,39.4600,7,1
2026-03-31,600036,14:25:01,39.4500,37,2
2026-03-31,600036,14:25:04,39.4600,81,1
2026-03-31,600036,14:25:07,39.4600,18,1
2026-03-31,600036,14:25:10,39.4700,146,1
2026-03-31,600036,14:25:13,39.4600,76,2
2026-03-31,600036,14:25:16,39.4600,11,2
2026-03-31,600036,14:25:19,39.4600,17,2
2026-03-31,600036,14:25:22,39.4500,168,2
2026-03-31,600036,14:25:25,39.4600,52,2
2026-03-31,600036,14:25:28,39.4600,91,2
2026-03-31,600036,14:25:31,39.4700,38,1
2026-03-31,600036,14:25:34,39.4600,39,2
2026-03-31,600036,14:25:37,39.4600,15,2
2026-03-31,600036,14:25:40,39.4700,347,1
2026-03-31,600036,14:25:43,39.4700,41,1
2026-03-31,600036,14:25:46,39.4700,25,1
2026-03-31,600036,14:25:49,39.4700,29,1
2026-03-31,600036,14:25:52,39.4700,155,1
2026-03-31,600036,14:25:55,39.4700,35,1
2026-03-31,600036,14:25:58,39.4600,67,2
2026-03-31,600036,14:26:01,39.4600,110,2
2026-03-31,600036,14:26:04,39.4600,133,1
2026-03-31,600036,14:26:07,39.4600,129,1
2026-03-31,600036,14:26:10,39.4600,35,1
2026-03-31,600036,14:26:13,39.4500,22,2
2026-03-31,600036,14:26:16,39.4600,34,1
2026-03-31,600036,14:26:19,39.4600,30,1
2026-03-31,600036,14:26:22,39.4700,85,1
2026-03-31,600036,14:26:25,39.4700,80,1
2026-03-31,600036,14:26:28,39.4600,7,2
2026-03-31,600036,14:26:31,39.4700,3,1
2026-03-31,600036,14:26:34,39.4600,147,2
2026-03-31,600036,14:26:37,39.4700,3,1
2026-03-31,600036,14:26:40,39.4600,56,2
2026-03-31,600036,14:26:43,39.4600,57,2
2026-03-31,600036,14:26:46,39.4600,72,2
2026-03-31,600036,14:26:49,39.4600,24,1
2026-03-31,600036,14:26:52,39.4500,226,2
2026-03-31,600036,14:26:55,39.4500,57,2
2026-03-31,600036,14:26:58,39.4600,225,1
2026-03-31,600036,14:27:01,39.4600,131,1
2026-03-31,600036,14:27:04,39.4500,242,2
2026-03-31,600036,14:27:07,39.4600,33,1
2026-03-31,600036,14:27:10,39.4600,54,1
2026-03-31,600036,14:27:13,39.4500,112,2
2026-03-31,600036,14:27:16,39.4600,261,1
2026-03-31,600036,14:27:19,39.4600,47,1
2026-03-31,600036,14:27:22,39.4600,53,1
2026-03-31,600036,14:27:25,39.4600,34,1
2026-03-31,600036,14:27:28,39.4500,96,2
2026-03-31,600036,14:27:31,39.4500,107,1
2026-03-31,600036,14:27:34,39.4500,10,1
2026-03-31,600036,14:27:37,39.4400,392,2
2026-03-31,600036,14:27:40,39.4400,117,1
2026-03-31,600036,14:27:43,39.4400,22,1
2026-03-31,600036,14:27:46,39.4400,17,1
2026-03-31,600036,14:27:49,39.4400,208,1
2026-03-31,600036,14:27:52,39.4400,180,1
2026-03-31,600036,14:27:55,39.4500,35,1
2026-03-31,600036,14:27:58,39.4500,1,1
2026-03-31,600036,14:28:01,39.4500,7,1
2026-03-31,600036,14:28:04,39.4500,15,1
2026-03-31,600036,14:28:07,39.4400,76,2
2026-03-31,600036,14:28:10,39.4400,239,2
2026-03-31,600036,14:28:13,39.4400,110,2
2026-03-31,600036,14:28:16,39.4400,172,2
2026-03-31,600036,14:28:19,39.4400,18,1
2026-03-31,600036,14:28:22,39.4400,112,1
2026-03-31,600036,14:28:25,39.4300,176,2
2026-03-31,600036,14:28:31,39.4300,496,2
2026-03-31,600036,14:28:34,39.4300,356,2
2026-03-31,600036,14:28:37,39.4300,28,2
2026-03-31,600036,14:28:40,39.4400,1,1
2026-03-31,600036,14:28:43,39.4300,145,2
2026-03-31,600036,14:28:46,39.4300,228,2
2026-03-31,600036,14:28:49,39.4200,99,2
2026-03-31,600036,14:28:52,39.4300,20,1
2026-03-31,600036,14:28:55,39.4200,139,2
2026-03-31,600036,14:28:58,39.4200,15,2
2026-03-31,600036,14:29:01,39.4200,33,2
2026-03-31,600036,14:29:04,39.4300,93,1
2026-03-31,600036,14:29:07,39.4200,191,2
2026-03-31,600036,14:29:10,39.4200,43,2
2026-03-31,600036,14:29:13,39.4200,41,2
2026-03-31,600036,14:29:16,39.4200,77,2
2026-03-31,600036,14:29:19,39.4200,131,1
2026-03-31,600036,14:29:22,39.4200,36,1
2026-03-31,600036,14:29:25,39.4200,54,1
2026-03-31,600036,14:29:28,39.4200,18,1
2026-03-31,600036,14:29:31,39.4100,24,2
2026-03-31,600036,14:29:34,39.4200,19,1
2026-03-31,600036,14:29:37,39.4200,531,1
2026-03-31,600036,14:29:40,39.4100,53,2
2026-03-31,600036,14:29:43,39.4200,102,1
2026-03-31,600036,14:29:46,39.4200,17,4
2026-03-31,600036,14:29:49,39.4200,1,1
2026-03-31,600036,14:29:52,39.4200,4,1
2026-03-31,600036,14:29:55,39.4200,169,1
2026-03-31,600036,14:29:58,39.4200,32,1
2026-03-31,600036,14:30:01,39.4200,49,1
2026-03-31,600036,14:30:04,39.4200,117,1
2026-03-31,600036,14:30:07,39.4300,276,1
2026-03-31,600036,14:30:10,39.4100,95,2
2026-03-31,600036,14:30:13,39.4300,65,1
2026-03-31,600036,14:30:16,39.4100,501,2
2026-03-31,600036,14:30:19,39.4200,315,1
2026-03-31,600036,14:30:22,39.4200,9,1
2026-03-31,600036,14:30:25,39.4200,35,1
2026-03-31,600036,14:30:28,39.4200,26,1
2026-03-31,600036,14:30:31,39.4200,19,1
2026-03-31,600036,14:30:34,39.4200,36,1
2026-03-31,600036,14:30:37,39.4200,5,1
2026-03-31,600036,14:30:40,39.4100,158,2
2026-03-31,600036,14:30:43,39.4200,54,1
2026-03-31,600036,14:30:46,39.4100,155,2
2026-03-31,600036,14:30:49,39.4200,30,1
2026-03-31,600036,14:30:52,39.4100,181,2
2026-03-31,600036,14:30:55,39.4100,52,2
2026-03-31,600036,14:30:58,39.4200,68,1
2026-03-31,600036,14:31:01,39.4100,31,2
2026-03-31,600036,14:31:04,39.4100,54,2
2026-03-31,600036,14:31:07,39.4100,225,2
2026-03-31,600036,14:31:10,39.4100,516,2
2026-03-31,600036,14:31:13,39.4200,88,1
2026-03-31,600036,14:31:16,39.4100,143,2
2026-03-31,600036,14:31:19,39.4200,51,1
2026-03-31,600036,14:31:22,39.4100,118,2
2026-03-31,600036,14:31:25,39.4200,16,1
2026-03-31,600036,14:31:28,39.4100,102,2
2026-03-31,600036,14:31:31,39.4100,15,2
2026-03-31,600036,14:31:34,39.4200,139,1
2026-03-31,600036,14:31:37,39.4100,10,2
2026-03-31,600036,14:31:40,39.4100,26,2
2026-03-31,600036,14:31:43,39.4200,136,1
2026-03-31,600036,14:31:46,39.4100,114,2
2026-03-31,600036,14:31:49,39.4100,9,2
2026-03-31,600036,14:31:52,39.4100,163,2
2026-03-31,600036,14:31:55,39.4000,209,2
2026-03-31,600036,14:31:58,39.4100,155,1
2026-03-31,600036,14:32:01,39.4000,2950,2
2026-03-31,600036,14:32:04,39.3900,632,2
2026-03-31,600036,14:32:07,39.4000,27,1
2026-03-31,600036,14:32:10,39.3900,51,2
2026-03-31,600036,14:32:13,39.3900,54,2
2026-03-31,600036,14:32:16,39.3900,93,2
2026-03-31,600036,14:32:19,39.3900,1417,2
2026-03-31,600036,14:32:22,39.3700,1264,2
2026-03-31,600036,14:32:25,39.3700,153,2
2026-03-31,600036,14:32:28,39.3700,273,2
2026-03-31,600036,14:32:31,39.3800,30,1
2026-03-31,600036,14:32:34,39.3800,40,1
2026-03-31,600036,14:32:37,39.3700,162,2
2026-03-31,600036,14:32:40,39.3800,138,1
2026-03-31,600036,14:32:43,39.3700,265,2
2026-03-31,600036,14:32:46,39.3700,217,2
2026-03-31,600036,14:32:49,39.3700,77,4
2026-03-31,600036,14:32:52,39.3600,72,2
2026-03-31,600036,14:32:55,39.3600,142,2
2026-03-31,600036,14:32:58,39.3700,158,1
2026-03-31,600036,14:33:01,39.3600,547,2
2026-03-31,600036,14:33:04,39.3500,974,2
2026-03-31,600036,14:33:07,39.3600,113,2
2026-03-31,600036,14:33:10,39.3600,166,1
2026-03-31,600036,14:33:13,39.3600,125,1
2026-03-31,600036,14:33:16,39.3600,351,1
2026-03-31,600036,14:33:19,39.3500,137,2
2026-03-31,600036,14:33:22,39.3600,49,1
2026-03-31,600036,14:33:25,39.3600,50,1
2026-03-31,600036,14:33:28,39.3600,24,1
2026-03-31,600036,14:33:31,39.3500,77,2
2026-03-31,600036,14:33:34,39.3500,80,2
2026-03-31,600036,14:33:37,39.3600,1069,1
2026-03-31,600036,14:33:40,39.3600,258,1
2026-03-31,600036,14:33:43,39.3600,55,2
2026-03-31,600036,14:33:46,39.3700,49,1
2026-03-31,600036,14:33:49,39.3600,41,2
2026-03-31,600036,14:33:52,39.3700,62,1
2026-03-31,600036,14:33:55,39.3700,156,1
2026-03-31,600036,14:33:58,39.3600,237,2
2026-03-31,600036,14:34:01,39.3700,105,1
2026-03-31,600036,14:34:04,39.3600,28,2
2026-03-31,600036,14:34:07,39.3700,31,1
2026-03-31,600036,14:34:10,39.3700,21,1
2026-03-31,600036,14:34:13,39.3700,255,1
2026-03-31,600036,14:34:16,39.3700,242,2
2026-03-31,600036,14:34:19,39.3800,109,1
2026-03-31,600036,14:34:22,39.3800,93,1
2026-03-31,600036,14:34:25,39.3700,153,2
2026-03-31,600036,14:34:28,39.3700,150,1
2026-03-31,600036,14:34:31,39.3700,21,2
2026-03-31,600036,14:34:34,39.3700,132,2
2026-03-31,600036,14:34:37,39.3600,81,2
2026-03-31,600036,14:34:40,39.3600,35,2
2026-03-31,600036,14:34:43,39.3700,47,4
2026-03-31,600036,14:34:46,39.3700,236,2
2026-03-31,600036,14:34:49,39.3700,95,1
2026-03-31,600036,14:34:52,39.3700,113,1
2026-03-31,600036,14:34:55,39.3700,72,1
2026-03-31,600036,14:34:58,39.3600,70,2
2026-03-31,600036,14:35:01,39.3700,73,1
2026-03-31,600036,14:35:04,39.3700,69,1
2026-03-31,600036,14:35:07,39.3700,129,1
2026-03-31,600036,14:35:10,39.3700,90,4
2026-03-31,600036,14:35:13,39.3800,57,1
2026-03-31,600036,14:35:16,39.3700,284,2
2026-03-31,600036,14:35:19,39.3800,199,1
2026-03-31,600036,14:35:22,39.3800,177,1
2026-03-31,600036,14:35:25,39.3800,159,1
2026-03-31,600036,14:35:28,39.3700,84,4
2026-03-31,600036,14:35:31,39.3700,58,1
2026-03-31,600036,14:35:34,39.3600,62,2
2026-03-31,600036,14:35:37,39.3700,64,1
2026-03-31,600036,14:35:40,39.3700,76,1
2026-03-31,600036,14:35:43,39.3600,154,2
2026-03-31,600036,14:35:46,39.3700,97,1
2026-03-31,600036,14:35:49,39.3700,105,1
2026-03-31,600036,14:35:52,39.3700,44,2
2026-03-31,600036,14:35:55,39.3600,134,2
2026-03-31,600036,14:35:58,39.3700,83,4
2026-03-31,600036,14:36:01,39.3700,253,1
2026-03-31,600036,14:36:04,39.3600,1768,2
2026-03-31,600036,14:36:07,39.3600,205,1
2026-03-31,600036,14:36:10,39.3600,281,1
2026-03-31,600036,14:36:13,39.3600,105,1
2026-03-31,600036,14:36:16,39.3600,187,1
2026-03-31,600036,14:36:19,39.3500,227,2
2026-03-31,600036,14:36:22,39.3600,85,1
2026-03-31,600036,14:36:25,39.3600,598,1
2026-03-31,600036,14:36:28,39.3500,2862,2
2026-03-31,600036,14:36:31,39.3500,290,1
2026-03-31,600036,14:36:34,39.3400,76,4
2026-03-31,600036,14:36:37,39.3300,102,2
2026-03-31,600036,14:36:40,39.3300,18,2
2026-03-31,600036,14:36:43,39.3400,160,1
2026-03-31,600036,14:36:46,39.3400,158,1
2026-03-31,600036,14:36:49,39.3300,63,2
2026-03-31,600036,14:36:52,39.3400,19,1
2026-03-31,600036,14:36:55,39.3400,40,1
2026-03-31,600036,14:36:58,39.3400,210,1
2026-03-31,600036,14:37:01,39.3400,63,1
2026-03-31,600036,14:37:04,39.3400,116,2
2026-03-31,600036,14:37:07,39.3300,254,2
2026-03-31,600036,14:37:10,39.3400,45,1
2026-03-31,600036,14:37:13,39.3400,62,1
2026-03-31,600036,14:37:16,39.3300,263,2
2026-03-31,600036,14:37:19,39.3400,38,1
2026-03-31,600036,14:37:22,39.3500,214,1
2026-03-31,600036,14:37:25,39.3500,600,1
2026-03-31,600036,14:37:28,39.3400,82,4
2026-03-31,600036,14:37:31,39.3400,81,1
2026-03-31,600036,14:37:34,39.3400,89,1
2026-03-31,600036,14:37:37,39.3300,12,2
2026-03-31,600036,14:37:40,39.3400,49,1
2026-03-31,600036,14:37:43,39.3400,496,1
2026-03-31,600036,14:37:46,39.3500,117,4
2026-03-31,600036,14:37:49,39.3400,1395,2
2026-03-31,600036,14:37:52,39.3500,66,1
2026-03-31,600036,14:37:55,39.3500,60,1
2026-03-31,600036,14:37:58,39.3500,95,1
2026-03-31,600036,14:38:01,39.3500,43,1
2026-03-31,600036,14:38:04,39.3500,41,1
2026-03-31,600036,14:38:07,39.3400,54,2
2026-03-31,600036,14:38:10,39.3500,143,1
2026-03-31,600036,14:38:13,39.3500,46,1
2026-03-31,600036,14:38:16,39.3500,82,1
2026-03-31,600036,14:38:19,39.3500,60,1
2026-03-31,600036,14:38:22,39.3400,28,2
2026-03-31,600036,14:38:25,39.3500,17,1
2026-03-31,600036,14:38:28,39.3500,40,1
2026-03-31,600036,14:38:31,39.3500,34,1
2026-03-31,600036,14:38:34,39.3500,39,1
2026-03-31,600036,14:38:37,39.3500,39,1
2026-03-31,600036,14:38:40,39.3500,117,1
2026-03-31,600036,14:38:43,39.3500,26,1
2026-03-31,600036,14:38:46,39.3400,52,2
2026-03-31,600036,14:38:49,39.3500,17,1
2026-03-31,600036,14:38:52,39.3500,56,1
2026-03-31,600036,14:38:55,39.3400,9,2
2026-03-31,600036,14:38:58,39.3500,137,1
2026-03-31,600036,14:39:01,39.3400,95,2
2026-03-31,600036,14:39:04,39.3500,60,1
2026-03-31,600036,14:39:07,39.3500,104,1
2026-03-31,600036,14:39:10,39.3500,74,1
2026-03-31,600036,14:39:13,39.3500,94,1
2026-03-31,600036,14:39:16,39.3400,142,2
2026-03-31,600036,14:39:19,39.3400,53,2
2026-03-31,600036,14:39:22,39.3400,26,2
2026-03-31,600036,14:39:25,39.3500,116,1
2026-03-31,600036,14:39:28,39.3500,66,1
2026-03-31,600036,14:39:31,39.3500,27,1
2026-03-31,600036,14:39:34,39.3400,38,2
2026-03-31,600036,14:39:37,39.3400,79,2
2026-03-31,600036,14:39:40,39.3400,304,2
2026-03-31,600036,14:39:43,39.3400,252,2
2026-03-31,600036,14:39:46,39.3400,212,1
2026-03-31,600036,14:39:49,39.3400,133,1
2026-03-31,600036,14:39:52,39.3300,32,2
2026-03-31,600036,14:39:55,39.3300,36,2
2026-03-31,600036,14:39:58,39.3300,106,2
2026-03-31,600036,14:40:01,39.3400,116,1
2026-03-31,600036,14:40:04,39.3400,164,1
2026-03-31,600036,14:40:07,39.3400,119,1
2026-03-31,600036,14:40:10,39.3400,120,1
2026-03-31,600036,14:40:13,39.3400,165,4
2026-03-31,600036,14:40:16,39.3300,1156,2
2026-03-31,600036,14:40:19,39.3300,158,1
2026-03-31,600036,14:40:22,39.3300,20,1
2026-03-31,600036,14:40:25,39.3300,26,1
2026-03-31,600036,14:40:28,39.3300,90,1
2026-03-31,600036,14:40:31,39.3300,40,1
2026-03-31,600036,14:40:34,39.3300,100,1
2026-03-31,600036,14:40:37,39.3300,84,1
2026-03-31,600036,14:40:40,39.3200,77,2
2026-03-31,600036,14:40:43,39.3200,90,2
2026-03-31,600036,14:40:46,39.3200,384,2
2026-03-31,600036,14:40:49,39.3200,564,2
2026-03-31,600036,14:40:52,39.3200,270,2
2026-03-31,600036,14:40:55,39.3200,117,2
2026-03-31,600036,14:40:58,39.3200,746,1
2026-03-31,600036,14:41:01,39.3200,453,1
2026-03-31,600036,14:41:04,39.3100,148,2
2026-03-31,600036,14:41:07,39.3200,103,1
2026-03-31,600036,14:41:10,39.3200,69,1
2026-03-31,600036,14:41:13,39.3100,190,2
2026-03-31,600036,14:41:16,39.3100,71,2
2026-03-31,600036,14:41:19,39.3200,90,1
2026-03-31,600036,14:41:22,39.3200,140,1
2026-03-31,600036,14:41:25,39.3200,114,1
2026-03-31,600036,14:41:28,39.3200,120,1
2026-03-31,600036,14:41:31,39.3200,105,1
2026-03-31,600036,14:41:34,39.3200,64,1
2026-03-31,600036,14:41:37,39.3200,122,1
2026-03-31,600036,14:41:40,39.3200,51,1
2026-03-31,600036,14:41:43,39.3200,53,1
2026-03-31,600036,14:41:46,39.3200,146,1
2026-03-31,600036,14:41:49,39.3200,94,1
2026-03-31,600036,14:41:52,39.3200,176,1
2026-03-31,600036,14:41:55,39.3200,658,1
2026-03-31,600036,14:41:58,39.3200,97,2
2026-03-31,600036,14:42:01,39.3300,41,1
2026-03-31,600036,14:42:04,39.3300,37,1
2026-03-31,600036,14:42:07,39.3100,419,2
2026-03-31,600036,14:42:10,39.3200,148,1
2026-03-31,600036,14:42:13,39.3200,62,1
2026-03-31,600036,14:42:16,39.3200,153,1
2026-03-31,600036,14:42:19,39.3200,107,1
2026-03-31,600036,14:42:22,39.3200,81,1
2026-03-31,600036,14:42:25,39.3100,38,2
2026-03-31,600036,14:42:28,39.3200,182,1
2026-03-31,600036,14:42:31,39.3100,57,2
2026-03-31,600036,14:42:34,39.3200,63,2
2026-03-31,600036,14:42:37,39.3200,182,2
2026-03-31,600036,14:42:40,39.3200,128,2
2026-03-31,600036,14:42:43,39.3200,30,2
2026-03-31,600036,14:42:46,39.3200,69,2
2026-03-31,600036,14:42:52,39.3200,32,2
2026-03-31,600036,14:42:55,39.3200,151,2
2026-03-31,600036,14:42:58,39.3200,260,2
2026-03-31,600036,14:43:01,39.3100,137,2
2026-03-31,600036,14:43:04,39.3100,931,2
2026-03-31,600036,14:43:07,39.3200,73,1
2026-03-31,600036,14:43:10,39.3200,113,1
2026-03-31,600036,14:43:13,39.3200,116,1
2026-03-31,600036,14:43:16,39.3200,311,1
2026-03-31,600036,14:43:19,39.3200,174,1
2026-03-31,600036,14:43:22,39.3200,111,4
2026-03-31,600036,14:43:25,39.3300,173,1
2026-03-31,600036,14:43:28,39.3300,94,1
2026-03-31,600036,14:43:31,39.3300,283,1
2026-03-31,600036,14:43:34,39.3200,151,2
2026-03-31,600036,14:43:37,39.3300,46,1
2026-03-31,600036,14:43:40,39.3200,35,2
2026-03-31,600036,14:43:43,39.3300,34,1
2026-03-31,600036,14:43:46,39.3300,51,1
2026-03-31,600036,14:43:49,39.3300,37,1
2026-03-31,600036,14:43:52,39.3300,93,1
2026-03-31,600036,14:43:55,39.3200,43,2
2026-03-31,600036,14:43:58,39.3300,27,1
2026-03-31,600036,14:44:01,39.3300,41,1
2026-03-31,600036,14:44:04,39.3300,566,1
2026-03-31,600036,14:44:07,39.3300,142,1
2026-03-31,600036,14:44:10,39.3300,33,2
2026-03-31,600036,14:44:13,39.3300,200,1
2026-03-31,600036,14:44:16,39.3200,1237,2
2026-03-31,600036,14:44:19,39.3200,468,1
2026-03-31,600036,14:44:22,39.3100,91,2
2026-03-31,600036,14:44:25,39.3200,121,4
2026-03-31,600036,14:44:28,39.3200,128,2
2026-03-31,600036,14:44:31,39.3300,7,1
2026-03-31,600036,14:44:34,39.3100,529,2
2026-03-31,600036,14:44:37,39.3200,210,2
2026-03-31,600036,14:44:40,39.3300,367,1
2026-03-31,600036,14:44:43,39.3200,98,2
2026-03-31,600036,14:44:46,39.3300,694,1
2026-03-31,600036,14:44:49,39.3200,73,2
2026-03-31,600036,14:44:52,39.3300,148,1
2026-03-31,600036,14:44:55,39.3200,134,2
2026-03-31,600036,14:44:58,39.3200,116,1
2026-03-31,600036,14:45:01,39.3300,82,1
2026-03-31,600036,14:45:04,39.3300,907,1
2026-03-31,600036,14:45:07,39.3300,118,1
2026-03-31,600036,14:45:10,39.3300,169,1
2026-03-31,600036,14:45:13,39.3300,492,1
2026-03-31,600036,14:45:16,39.3300,695,1
2026-03-31,600036,14:45:19,39.3400,170,1
2026-03-31,600036,14:45:22,39.3400,111,1
2026-03-31,600036,14:45:25,39.3400,111,1
2026-03-31,600036,14:45:28,39.3400,56,1
2026-03-31,600036,14:45:31,39.3400,142,1
2026-03-31,600036,14:45:34,39.3400,88,1
2026-03-31,600036,14:45:37,39.3400,256,1
2026-03-31,600036,14:45:40,39.3500,317,1
2026-03-31,600036,14:45:43,39.3500,269,1
2026-03-31,600036,14:45:46,39.3500,103,1
2026-03-31,600036,14:45:49,39.3500,180,1
2026-03-31,600036,14:45:52,39.3500,1446,2
2026-03-31,600036,14:45:55,39.3500,210,2
2026-03-31,600036,14:45:58,39.3500,255,1
2026-03-31,600036,14:46:01,39.3400,1005,2
2026-03-31,600036,14:46:04,39.3300,1612,2
2026-03-31,600036,14:46:07,39.3300,354,2
2026-03-31,600036,14:46:10,39.3200,155,2
2026-03-31,600036,14:46:13,39.3300,92,1
2026-03-31,600036,14:46:16,39.3300,125,1
2026-03-31,600036,14:46:19,39.3200,87,2
2026-03-31,600036,14:46:22,39.3300,49,1
2026-03-31,600036,14:46:25,39.3300,48,1
2026-03-31,600036,14:46:28,39.3300,70,1
2026-03-31,600036,14:46:31,39.3300,99,1
2026-03-31,600036,14:46:34,39.3300,36,1
2026-03-31,600036,14:46:37,39.3300,151,1
2026-03-31,600036,14:46:40,39.3200,107,2
2026-03-31,600036,14:46:43,39.3200,333,2
2026-03-31,600036,14:46:46,39.3300,130,1
2026-03-31,600036,14:46:52,39.3300,121,1
2026-03-31,600036,14:46:55,39.3200,271,2
2026-03-31,600036,14:46:58,39.3300,38,1
2026-03-31,600036,14:47:01,39.3200,986,2
2026-03-31,600036,14:47:04,39.3200,383,1
2026-03-31,600036,14:47:07,39.3100,290,2
2026-03-31,600036,14:47:10,39.3200,88,1
2026-03-31,600036,14:47:13,39.3200,88,1
2026-03-31,600036,14:47:16,39.3200,196,1
2026-03-31,600036,14:47:19,39.3200,50,1
2026-03-31,600036,14:47:22,39.3200,93,1
2026-03-31,600036,14:47:25,39.3200,27,1
2026-03-31,600036,14:47:28,39.3200,34,1
2026-03-31,600036,14:47:31,39.3200,29,1
2026-03-31,600036,14:47:34,39.3200,39,1
2026-03-31,600036,14:47:37,39.3200,72,1
2026-03-31,600036,14:47:40,39.3200,86,1
2026-03-31,600036,14:47:43,39.3200,269,1
2026-03-31,600036,14:47:46,39.3200,266,1
2026-03-31,600036,14:47:49,39.3200,497,1
2026-03-31,600036,14:47:52,39.3100,117,2
2026-03-31,600036,14:47:55,39.3200,51,1
2026-03-31,600036,14:47:58,39.3100,22,2
2026-03-31,600036,14:48:01,39.3000,829,2
2026-03-31,600036,14:48:04,39.3200,178,1
2026-03-31,600036,14:48:07,39.3100,87,4
2026-03-31,600036,14:48:10,39.3000,188,2
2026-03-31,600036,14:48:13,39.3000,49,2
2026-03-31,600036,14:48:16,39.3100,93,1
2026-03-31,600036,14:48:19,39.3100,116,1
2026-03-31,600036,14:48:22,39.3100,122,1
2026-03-31,600036,14:48:25,39.3100,69,1
2026-03-31,600036,14:48:28,39.3200,244,1
2026-03-31,600036,14:48:31,39.3100,249,2
2026-03-31,600036,14:48:34,39.3100,307,1
2026-03-31,600036,14:48:37,39.3200,252,1
2026-03-31,600036,14:48:40,39.3000,156,2
2026-03-31,600036,14:48:43,39.3200,510,1
2026-03-31,600036,14:48:46,39.3200,102,1
2026-03-31,600036,14:48:49,39.3200,66,2
2026-03-31,600036,14:48:52,39.3200,69,1
2026-03-31,600036,14:48:55,39.3200,77,1
2026-03-31,600036,14:48:58,39.3200,214,1
2026-03-31,600036,14:49:01,39.3000,733,2
2026-03-31,600036,14:49:04,39.3100,225,1
2026-03-31,600036,14:49:07,39.3100,284,2
2026-03-31,600036,14:49:10,39.3100,742,1
2026-03-31,600036,14:49:13,39.3100,232,2
2026-03-31,600036,14:49:16,39.3200,346,4
2026-03-31,600036,14:49:19,39.3100,172,2
2026-03-31,600036,14:49:22,39.3100,117,2
2026-03-31,600036,14:49:25,39.3200,137,2
2026-03-31,600036,14:49:28,39.3200,285,1
2026-03-31,600036,14:49:31,39.3200,344,2
2026-03-31,600036,14:49:34,39.3200,204,1
2026-03-31,600036,14:49:37,39.3200,55,2
2026-03-31,600036,14:49:40,39.3100,119,2
2026-03-31,600036,14:49:43,39.3300,194,1
2026-03-31,600036,14:49:46,39.3100,206,2
2026-03-31,600036,14:49:49,39.3200,48,1
2026-03-31,600036,14:49:52,39.3100,539,2
2026-03-31,600036,14:49:55,39.3000,487,2
2026-03-31,600036,14:49:58,39.3100,134,1
2026-03-31,600036,14:50:01,39.3000,5937,2
2026-03-31,600036,14:50:04,39.3000,421,1
2026-03-31,600036,14:50:07,39.3000,44,1
2026-03-31,600036,14:50:10,39.2800,206,2
2026-03-31,600036,14:50:13,39.2800,115,2
2026-03-31,600036,14:50:16,39.2800,176,2
2026-03-31,600036,14:50:19,39.2900,176,1
2026-03-31,600036,14:50:22,39.2800,202,2
2026-03-31,600036,14:50:25,39.2800,282,2
2026-03-31,600036,14:50:28,39.3000,217,1
2026-03-31,600036,14:50:31,39.2900,69,2
2026-03-31,600036,14:50:34,39.2900,97,2
2026-03-31,600036,14:50:37,39.2900,84,2
2026-03-31,600036,14:50:40,39.3000,67,1
2026-03-31,600036,14:50:43,39.3000,81,1
2026-03-31,600036,14:50:46,39.3000,25,1
2026-03-31,600036,14:50:49,39.3000,75,1
2026-03-31,600036,14:50:52,39.3000,178,1
2026-03-31,600036,14:50:55,39.3000,98,1
2026-03-31,600036,14:50:58,39.2900,38,2
2026-03-31,600036,14:51:01,39.3000,578,1
2026-03-31,600036,14:51:04,39.3000,186,1
2026-03-31,600036,14:51:07,39.3000,508,1
2026-03-31,600036,14:51:10,39.3000,238,1
2026-03-31,600036,14:51:13,39.2900,156,2
2026-03-31,600036,14:51:16,39.2900,155,2
2026-03-31,600036,14:51:19,39.3000,48,1
2026-03-31,600036,14:51:22,39.3000,130,1
2026-03-31,600036,14:51:25,39.3000,11,1
2026-03-31,600036,14:51:28,39.2900,104,2
2026-03-31,600036,14:51:31,39.3000,148,1
2026-03-31,600036,14:51:34,39.3000,62,1
2026-03-31,600036,14:51:37,39.3000,29,1
2026-03-31,600036,14:51:40,39.3000,126,1
2026-03-31,600036,14:51:43,39.3000,51,1
2026-03-31,600036,14:51:46,39.3000,195,1
2026-03-31,600036,14:51:49,39.3100,385,1
2026-03-31,600036,14:51:52,39.3000,94,1
2026-03-31,600036,14:51:55,39.3000,107,2
2026-03-31,600036,14:51:58,39.3100,59,1
2026-03-31,600036,14:52:01,39.2900,516,2
2026-03-31,600036,14:52:04,39.3000,84,1
2026-03-31,600036,14:52:07,39.3000,171,1
2026-03-31,600036,14:52:10,39.2900,153,2
2026-03-31,600036,14:52:13,39.3000,239,1
2026-03-31,600036,14:52:16,39.3000,116,1
2026-03-31,600036,14:52:19,39.3000,124,4
2026-03-31,600036,14:52:22,39.3000,135,4
2026-03-31,600036,14:52:25,39.3100,215,1
2026-03-31,600036,14:52:28,39.3100,207,1
2026-03-31,600036,14:52:31,39.3200,38,1
2026-03-31,600036,14:52:34,39.3100,128,2
2026-03-31,600036,14:52:37,39.3200,47,1
2026-03-31,600036,14:52:40,39.3200,112,1
2026-03-31,600036,14:52:43,39.3200,21,1
2026-03-31,600036,14:52:46,39.3100,81,2
2026-03-31,600036,14:52:49,39.3100,47,2
2026-03-31,600036,14:52:52,39.3200,265,1
2026-03-31,600036,14:52:55,39.3200,68,1
2026-03-31,600036,14:52:58,39.3100,99,2
2026-03-31,600036,14:53:01,39.3100,455,2
2026-03-31,600036,14:53:04,39.3000,401,2
2026-03-31,600036,14:53:07,39.3000,106,1
2026-03-31,600036,14:53:10,39.3000,121,1
2026-03-31,600036,14:53:13,39.3000,72,1
2026-03-31,600036,14:53:16,39.3000,51,1
2026-03-31,600036,14:53:19,39.3000,206,1
2026-03-31,600036,14:53:22,39.3000,563,1
2026-03-31,600036,14:53:25,39.2900,124,2
2026-03-31,600036,14:53:28,39.3000,40,1
2026-03-31,600036,14:53:31,39.3000,23,1
2026-03-31,600036,14:53:34,39.3000,88,1
2026-03-31,600036,14:53:37,39.2900,99,2
2026-03-31,600036,14:53:40,39.3000,225,1
2026-03-31,600036,14:53:43,39.3000,78,1
2026-03-31,600036,14:53:46,39.3000,162,1
2026-03-31,600036,14:53:49,39.3000,96,1
2026-03-31,600036,14:53:52,39.2900,350,2
2026-03-31,600036,14:53:55,39.3000,203,1
2026-03-31,600036,14:53:58,39.3000,33,1
2026-03-31,600036,14:54:01,39.3000,512,1
2026-03-31,600036,14:54:04,39.2900,515,2
2026-03-31,600036,14:54:07,39.2900,411,1
2026-03-31,600036,14:54:10,39.2800,128,2
2026-03-31,600036,14:54:13,39.2900,193,1
2026-03-31,600036,14:54:16,39.2900,213,1
2026-03-31,600036,14:54:19,39.2900,101,2
2026-03-31,600036,14:54:22,39.3000,118,1
2026-03-31,600036,14:54:25,39.3000,45,1
2026-03-31,600036,14:54:28,39.3000,45,1
2026-03-31,600036,14:54:31,39.3000,121,1
2026-03-31,600036,14:54:34,39.2900,110,2
2026-03-31,600036,14:54:37,39.2900,61,2
2026-03-31,600036,14:54:40,39.2900,59,2
2026-03-31,600036,14:54:43,39.3000,175,1
2026-03-31,600036,14:54:46,39.2900,277,2
2026-03-31,600036,14:54:49,39.3000,11,1
2026-03-31,600036,14:54:52,39.3000,20,1
2026-03-31,600036,14:54:55,39.3000,79,1
2026-03-31,600036,14:54:58,39.3000,97,1
2026-03-31,600036,14:55:01,39.2900,250,2
2026-03-31,600036,14:55:04,39.3000,257,4
2026-03-31,600036,14:55:07,39.3000,245,1
2026-03-31,600036,14:55:10,39.3100,66,1
2026-03-31,600036,14:55:13,39.3200,137,1
2026-03-31,600036,14:55:16,39.3100,72,4
2026-03-31,600036,14:55:19,39.3100,109,1
2026-03-31,600036,14:55:22,39.3100,170,1
2026-03-31,600036,14:55:25,39.3100,739,1
2026-03-31,600036,14:55:28,39.3100,137,1
2026-03-31,600036,14:55:31,39.3100,158,2
2026-03-31,600036,14:55:34,39.3100,195,1
2026-03-31,600036,14:55:37,39.3100,116,1
2026-03-31,600036,14:55:40,39.3200,306,1
2026-03-31,600036,14:55:43,39.3100,124,2
2026-03-31,600036,14:55:46,39.3300,328,1
2026-03-31,600036,14:55:49,39.3200,35,2
2026-03-31,600036,14:55:52,39.3200,225,2
2026-03-31,600036,14:55:55,39.3300,156,1
2026-03-31,600036,14:55:58,39.3200,359,2
2026-03-31,600036,14:56:01,39.3300,132,1
2026-03-31,600036,14:56:04,39.3300,516,1
2026-03-31,600036,14:56:07,39.3200,316,1
2026-03-31,600036,14:56:10,39.3200,75,1
2026-03-31,600036,14:56:13,39.3100,152,2
2026-03-31,600036,14:56:16,39.3200,172,1
2026-03-31,600036,14:56:19,39.3200,72,1
2026-03-31,600036,14:56:22,39.3200,509,1
2026-03-31,600036,14:56:25,39.3200,18,2
2026-03-31,600036,14:56:28,39.3400,100,1
2026-03-31,600036,14:56:31,39.3200,95,2
2026-03-31,600036,14:56:34,39.3300,115,4
2026-03-31,600036,14:56:37,39.3200,66,4
2026-03-31,600036,14:56:40,39.3200,85,1
2026-03-31,600036,14:56:43,39.3200,29,1
2026-03-31,600036,14:56:46,39.3200,43,1
2026-03-31,600036,14:56:49,39.3200,101,1
2026-03-31,600036,14:56:52,39.3200,42,1
2026-03-31,600036,14:56:55,39.3200,46,2
2026-03-31,600036,14:56:58,39.3200,43,2
2026-03-31,600036,14:57:01,39.3200,22,2
2026-03-31,600036,15:00:02,39.3200,17465,4
2026-03-31,600036,13:16:28,39.4500,118,1
2026-03-31,600036,13:16:31,39.4500,162,1
2026-03-31,600036,13:16:34,39.4500,50,1
2026-03-31,600036,13:16:37,39.4300,72,2
2026-03-31,600036,13:16:40,39.4400,91,1
2026-03-31,600036,13:16:43,39.4300,45,2
2026-03-31,600036,13:16:46,39.4400,115,1
2026-03-31,600036,13:16:49,39.4400,48,1
2026-03-31,600036,13:16:52,39.4300,293,2
2026-03-31,600036,13:16:55,39.4300,94,2
2026-03-31,600036,13:16:58,39.4400,104,1
2026-03-31,600036,13:17:01,39.4300,60,2
2026-03-31,600036,13:17:04,39.4300,80,2
2026-03-31,600036,13:17:07,39.4400,113,1
2026-03-31,600036,13:17:10,39.4400,93,1
2026-03-31,600036,13:17:13,39.4500,143,4
2026-03-31,600036,13:17:16,39.4700,487,1
2026-03-31,600036,13:17:19,39.4700,220,2
2026-03-31,600036,13:17:22,39.4600,56,4
2026-03-31,600036,13:17:25,39.4600,20,4
2026-03-31,600036,13:17:28,39.4500,421,2
2026-03-31,600036,13:17:31,39.4500,208,1
2026-03-31,600036,13:17:34,39.4400,116,2
2026-03-31,600036,13:17:37,39.4400,92,2
2026-03-31,600036,13:17:40,39.4500,31,1
2026-03-31,600036,13:17:43,39.4500,67,1
2026-03-31,600036,13:17:46,39.4500,76,1
2026-03-31,600036,13:17:49,39.4500,9,1
2026-03-31,600036,13:17:52,39.4500,36,1
2026-03-31,600036,13:17:55,39.4400,79,2
2026-03-31,600036,13:17:58,39.4500,14,1
2026-03-31,600036,13:18:01,39.4500,25,1
2026-03-31,600036,13:18:04,39.4500,4,1
2026-03-31,600036,13:18:07,39.4500,10,1
2026-03-31,600036,13:18:10,39.4400,10,2
2026-03-31,600036,13:18:13,39.4400,34,2
2026-03-31,600036,13:18:16,39.4400,68,2
2026-03-31,600036,13:18:19,39.4500,17,1
2026-03-31,600036,13:18:22,39.4400,10,2
2026-03-31,600036,13:18:25,39.4500,37,1
2026-03-31,600036,13:18:28,39.4500,27,1
2026-03-31,600036,13:18:31,39.4500,101,1
2026-03-31,600036,13:18:34,39.4400,25,2
2026-03-31,600036,13:18:37,39.4500,1,1
2026-03-31,600036,13:18:40,39.4400,131,2
2026-03-31,600036,13:18:43,39.4500,32,1
2026-03-31,600036,13:18:46,39.4500,45,1
2026-03-31,600036,13:18:49,39.4500,111,2
2026-03-31,600036,13:18:52,39.4600,25,1
2026-03-31,600036,13:18:55,39.4500,4,2
2026-03-31,600036,13:18:58,39.4600,12,1
2026-03-31,600036,13:19:01,39.4600,30,1
2026-03-31,600036,13:19:04,39.4600,131,1
2026-03-31,600036,13:19:07,39.4600,121,1
2026-03-31,600036,13:19:10,39.4600,67,1
2026-03-31,600036,13:19:13,39.4600,51,1
2026-03-31,600036,13:19:16,39.4600,21,1
2026-03-31,600036,13:19:19,39.4600,60,1
2026-03-31,600036,13:19:22,39.4600,62,1
2026-03-31,600036,13:19:25,39.4600,11,1
2026-03-31,600036,13:19:28,39.4500,8,2
2026-03-31,600036,13:19:31,39.4500,8,2
2026-03-31,600036,13:19:34,39.4500,30,2
2026-03-31,600036,13:19:37,39.4600,144,1
2026-03-31,600036,13:19:40,39.4600,4,1
2026-03-31,600036,13:19:43,39.4500,22,2
2026-03-31,600036,13:19:46,39.4500,39,2
2026-03-31,600036,13:19:49,39.4600,29,1
2026-03-31,600036,13:19:52,39.4500,11,2
2026-03-31,600036,13:19:55,39.4600,3,1
2026-03-31,600036,13:19:58,39.4600,3,1
2026-03-31,600036,13:20:01,39.4600,38,1
2026-03-31,600036,13:20:04,39.4600,23,1
2026-03-31,600036,13:20:07,39.4600,232,1
2026-03-31,600036,13:20:10,39.4700,29,1
2026-03-31,600036,13:20:13,39.4700,44,1
2026-03-31,600036,13:20:16,39.4700,22,1
2026-03-31,600036,13:20:19,39.4700,35,1
2026-03-31,600036,13:20:22,39.4600,13,2
2026-03-31,600036,13:20:25,39.4700,113,1
2026-03-31,600036,13:20:28,39.4600,50,2
2026-03-31,600036,13:20:31,39.4700,24,1
2026-03-31,600036,13:20:34,39.4700,118,1
2026-03-31,600036,13:20:37,39.4700,928,1
2026-03-31,600036,13:20:40,39.4800,98,1
2026-03-31,600036,13:20:43,39.4700,110,2
2026-03-31,600036,13:20:46,39.4800,105,2
2026-03-31,600036,13:20:49,39.4800,79,1
2026-03-31,600036,13:20:52,39.4800,45,1
2026-03-31,600036,13:20:55,39.4800,215,1
2026-03-31,600036,13:20:58,39.4800,44,1
2026-03-31,600036,13:21:01,39.4900,125,1
2026-03-31,600036,13:21:04,39.4900,13,1
2026-03-31,600036,13:21:07,39.4900,48,1
2026-03-31,600036,13:21:10,39.4900,132,1
2026-03-31,600036,13:21:13,39.4900,135,1
2026-03-31,600036,13:21:16,39.4900,36,1
2026-03-31,600036,13:21:19,39.4900,47,1
2026-03-31,600036,13:21:22,39.4900,137,1
2026-03-31,600036,13:21:25,39.4900,24,1
2026-03-31,600036,13:21:28,39.4900,27,1
2026-03-31,600036,13:21:31,39.4900,11,1
2026-03-31,600036,13:21:34,39.5000,183,1
2026-03-31,600036,13:21:37,39.5000,90,1
2026-03-31,600036,13:21:40,39.5000,33,1
2026-03-31,600036,13:21:43,39.5000,18,1
2026-03-31,600036,13:21:46,39.5000,74,1
2026-03-31,600036,13:21:49,39.4900,29,2
2026-03-31,600036,13:21:52,39.4900,20,2
2026-03-31,600036,13:21:55,39.4900,73,2
2026-03-31,600036,13:21:58,39.4900,201,2
2026-03-31,600036,13:22:01,39.5000,306,1
2026-03-31,600036,13:22:04,39.5000,438,1
2026-03-31,600036,13:22:07,39.5000,142,1
2026-03-31,600036,13:22:10,39.5000,66,1
2026-03-31,600036,13:22:13,39.4900,137,2
2026-03-31,600036,13:22:16,39.4800,648,2
2026-03-31,600036,13:22:19,39.4800,146,1
2026-03-31,600036,13:22:22,39.4800,51,2
2026-03-31,600036,13:22:25,39.4800,9,2
2026-03-31,600036,13:22:28,39.4800,49,2
2026-03-31,600036,13:22:31,39.4800,7,2
2026-03-31,600036,13:22:34,39.4900,6,1
2026-03-31,600036,13:22:37,39.4800,65,2
2026-03-31,600036,13:22:40,39.4900,10,1
2026-03-31,600036,13:22:43,39.4900,150,1
2026-03-31,600036,13:22:46,39.4900,13,1
2026-03-31,600036,13:22:49,39.4900,68,1
2026-03-31,600036,13:22:52,39.4900,35,1
2026-03-31,600036,13:22:55,39.4900,5,1
2026-03-31,600036,13:23:01,39.4800,33,2
2026-03-31,600036,13:23:04,39.4800,53,2
2026-03-31,600036,13:23:07,39.4900,20,1
2026-03-31,600036,13:23:10,39.4800,146,2
2026-03-31,600036,13:23:13,39.4800,37,2
2026-03-31,600036,13:23:16,39.4900,31,1
2026-03-31,600036,13:23:19,39.4900,2,1
2026-03-31,600036,13:23:22,39.4800,131,2
2026-03-31,600036,13:23:25,39.4900,41,1
2026-03-31,600036,13:23:28,39.4900,17,1
2026-03-31,600036,13:23:31,39.4900,47,1
2026-03-31,600036,13:23:34,39.4900,3,1
2026-03-31,600036,13:23:37,39.4900,60,1
2026-03-31,600036,13:23:40,39.4900,25,1
2026-03-31,600036,13:23:43,39.4900,37,1
2026-03-31,600036,13:23:46,39.4900,40,1
2026-03-31,600036,13:23:49,39.4900,35,1
2026-03-31,600036,13:23:52,39.4900,47,1
2026-03-31,600036,13:23:55,39.4900,28,1
2026-03-31,600036,13:23:58,39.4800,22,2
2026-03-31,600036,13:24:01,39.4900,132,1
2026-03-31,600036,13:24:04,39.4900,49,1
2026-03-31,600036,13:24:07,39.5000,42,1
2026-03-31,600036,13:24:10,39.5000,27,1
2026-03-31,600036,13:24:13,39.5000,218,1
2026-03-31,600036,13:24:16,39.5000,7,1
2026-03-31,600036,13:24:19,39.5000,12,1
2026-03-31,600036,13:24:22,39.5000,1413,1
2026-03-31,600036,13:24:25,39.5100,358,1
2026-03-31,600036,13:24:28,39.5100,83,1
2026-03-31,600036,13:24:31,39.5000,23,2
2026-03-31,600036,13:24:34,39.5100,39,1
2026-03-31,600036,13:24:37,39.5100,30,1
2026-03-31,600036,13:24:40,39.5000,251,2
2026-03-31,600036,13:24:43,39.5000,101,2
2026-03-31,600036,13:24:46,39.5000,163,2
2026-03-31,600036,13:24:49,39.5000,73,1
2026-03-31,600036,13:24:52,39.5000,16,1
2026-03-31,600036,13:24:55,39.5000,59,1
2026-03-31,600036,13:24:58,39.5000,136,1
2026-03-31,600036,13:25:01,39.5200,972,1
2026-03-31,600036,13:25:04,39.5200,7,1
2026-03-31,600036,13:25:07,39.5100,7,2
2026-03-31,600036,13:25:10,39.5200,42,1
2026-03-31,600036,13:25:13,39.5100,1832,2
2026-03-31,600036,13:25:16,39.5200,227,1
2026-03-31,600036,13:25:19,39.5100,78,2
2026-03-31,600036,13:25:22,39.5200,30,1
2026-03-31,600036,13:25:25,39.5200,98,1
2026-03-31,600036,13:25:28,39.5200,62,1
2026-03-31,600036,13:25:31,39.5100,17,2
2026-03-31,600036,13:25:34,39.5100,97,2
2026-03-31,600036,13:25:37,39.5100,56,2
2026-03-31,600036,13:25:40,39.5100,72,2
2026-03-31,600036,13:25:43,39.5100,51,4
2026-03-31,600036,13:25:46,39.5100,21,1
2026-03-31,600036,13:25:49,39.5100,15,1
2026-03-31,600036,13:25:52,39.5100,34,1
2026-03-31,600036,13:25:55,39.5100,6,1
2026-03-31,600036,13:25:58,39.5000,198,2
2026-03-31,600036,13:26:01,39.5000,87,1
2026-03-31,600036,13:26:04,39.5000,16,1
2026-03-31,600036,13:26:07,39.5000,18,1
2026-03-31,600036,13:26:10,39.5000,197,1
2026-03-31,600036,13:26:13,39.5000,19,1
2026-03-31,600036,13:26:16,39.4900,70,2
2026-03-31,600036,13:26:19,39.5000,13,1
2026-03-31,600036,13:26:22,39.5000,28,1
2026-03-31,600036,13:26:25,39.5000,70,1
2026-03-31,600036,13:26:31,39.5000,727,1
2026-03-31,600036,13:26:34,39.5100,118,1
2026-03-31,600036,13:26:37,39.5100,84,1
2026-03-31,600036,13:26:40,39.5100,34,1
2026-03-31,600036,13:26:43,39.5100,138,1
2026-03-31,600036,13:26:46,39.5000,43,2
2026-03-31,600036,13:26:49,39.5100,3,1
2026-03-31,600036,13:26:55,39.5100,19,1
2026-03-31,600036,13:26:58,39.5100,24,1
2026-03-31,600036,13:27:01,39.5100,142,1
2026-03-31,600036,13:27:04,39.5100,12,1
2026-03-31,600036,13:27:07,39.5100,37,1
2026-03-31,600036,13:27:10,39.5100,118,1
2026-03-31,600036,13:27:13,39.5100,43,1
2026-03-31,600036,13:27:16,39.5100,14,1
2026-03-31,600036,13:27:19,39.5100,37,1
2026-03-31,600036,13:27:22,39.5000,41,2
2026-03-31,600036,13:27:25,39.5100,122,1
2026-03-31,600036,13:27:28,39.5100,145,1
2026-03-31,600036,13:27:31,39.5100,75,1
2026-03-31,600036,13:27:34,39.5200,126,1
2026-03-31,600036,13:27:37,39.5100,430,4
2026-03-31,600036,13:27:40,39.5200,45,1
2026-03-31,600036,13:27:43,39.5200,27,1
2026-03-31,600036,13:27:46,39.5200,100,1
2026-03-31,600036,13:27:49,39.5200,20,1
2026-03-31,600036,13:27:52,39.5100,240,2
2026-03-31,600036,13:27:55,39.5200,29,1
2026-03-31,600036,13:27:58,39.5100,40,2
2026-03-31,600036,13:28:01,39.5200,142,1
2026-03-31,600036,13:28:04,39.5200,17,1
2026-03-31,600036,13:28:07,39.5200,48,1
2026-03-31,600036,13:28:10,39.5200,131,1
2026-03-31,600036,13:28:13,39.5200,182,1
2026-03-31,600036,13:28:16,39.5200,285,1
2026-03-31,600036,13:28:19,39.5200,177,1
2026-03-31,600036,13:28:22,39.5200,77,2
2026-03-31,600036,13:28:25,39.5300,13,1
2026-03-31,600036,13:28:28,39.5300,12,1
2026-03-31,600036,13:28:31,39.5200,13,2
2026-03-31,600036,13:28:34,39.5300,36,1
2026-03-31,600036,13:28:37,39.5300,9,1
2026-03-31,600036,13:28:40,39.5500,1091,1
2026-03-31,600036,13:28:43,39.5400,195,1
2026-03-31,600036,13:28:46,39.5400,50,2
2026-03-31,600036,13:28:49,39.5500,14,1
2026-03-31,600036,13:28:52,39.5500,38,1
2026-03-31,600036,13:28:55,39.5400,195,2
2026-03-31,600036,13:28:58,39.5300,117,2
2026-03-31,600036,13:29:01,39.5400,211,1
2026-03-31,600036,13:29:04,39.5400,110,1
2026-03-31,600036,13:29:07,39.5400,71,1
2026-03-31,600036,13:29:10,39.5400,55,1
2026-03-31,600036,13:29:13,39.5400,579,1
2026-03-31,600036,13:29:16,39.5400,77,2
2026-03-31,600036,13:29:19,39.5400,64,2
2026-03-31,600036,13:29:22,39.5500,738,1
2026-03-31,600036,13:29:25,39.5500,113,1
2026-03-31,600036,13:29:28,39.5400,58,1
2026-03-31,600036,13:29:31,39.5400,17,1
2026-03-31,600036,13:29:34,39.5400,168,1
2026-03-31,600036,13:29:37,39.5400,46,1
2026-03-31,600036,13:29:40,39.5400,29,1
2026-03-31,600036,13:29:43,39.5400,102,1
2026-03-31,600036,13:29:46,39.5400,11,1
2026-03-31,600036,13:29:49,39.5400,38,1
2026-03-31,600036,13:29:52,39.5300,28,2
2026-03-31,600036,13:29:55,39.5300,71,2
2026-03-31,600036,13:29:58,39.5400,30,1
2026-03-31,600036,13:30:01,39.5400,17,1
2026-03-31,600036,13:30:04,39.5400,27,1
2026-03-31,600036,13:30:07,39.5400,56,1
2026-03-31,600036,13:30:10,39.5400,48,1
2026-03-31,600036,13:30:13,39.5300,107,2
2026-03-31,600036,13:30:16,39.5300,5,2
2026-03-31,600036,13:30:19,39.5400,194,1
2026-03-31,600036,13:30:22,39.5300,30,2
2026-03-31,600036,13:30:25,39.5300,34,1
2026-03-31,600036,13:30:28,39.5200,52,2
2026-03-31,600036,13:30:31,39.5200,119,2
2026-03-31,600036,13:30:34,39.5300,67,1
2026-03-31,600036,13:30:37,39.5000,251,2
2026-03-31,600036,13:30:40,39.5000,49,2
2026-03-31,600036,13:30:43,39.5000,57,2
2026-03-31,600036,13:30:46,39.5000,82,2
2026-03-31,600036,13:30:49,39.5000,84,2
2026-03-31,600036,13:30:52,39.5000,176,2
2026-03-31,600036,13:30:55,39.5000,49,1
2026-03-31,600036,13:30:58,39.5000,113,1
2026-03-31,600036,13:31:01,39.4900,490,1
2026-03-31,600036,13:31:04,39.4900,43,1
2026-03-31,600036,13:31:07,39.4900,302,1
2026-03-31,600036,13:31:10,39.4900,14,2
2026-03-31,600036,13:31:13,39.4900,139,2
2026-03-31,600036,13:31:16,39.4800,138,2
2026-03-31,600036,13:31:19,39.4900,43,1
2026-03-31,600036,13:31:22,39.4900,37,1
2026-03-31,600036,13:31:25,39.4800,608,2
2026-03-31,600036,13:31:28,39.4900,149,1
2026-03-31,600036,13:31:31,39.4900,78,1
2026-03-31,600036,13:31:34,39.4900,26,1
2026-03-31,600036,13:31:37,39.4900,33,1
2026-03-31,600036,13:31:40,39.4900,11,1
2026-03-31,600036,13:31:43,39.5000,244,1
2026-03-31,600036,13:31:46,39.5000,19,1
2026-03-31,600036,13:31:49,39.5000,3,1
2026-03-31,600036,13:31:52,39.5000,8,1
2026-03-31,600036,13:31:55,39.5000,265,1
2026-03-31,600036,13:31:58,39.5000,57,2
2026-03-31,600036,13:32:01,39.5200,58,1
2026-03-31,600036,13:32:04,39.5100,27,1
2026-03-31,600036,13:32:07,39.5100,18,1
2026-03-31,600036,13:32:10,39.5100,58,1
2026-03-31,600036,13:32:13,39.5000,71,2
2026-03-31,600036,13:32:16,39.5100,34,1
2026-03-31,600036,13:32:19,39.5200,21,1
2026-03-31,600036,13:32:22,39.5200,8,1
2026-03-31,600036,13:32:25,39.5200,82,1
2026-03-31,600036,13:32:28,39.5100,67,2
2026-03-31,600036,13:32:31,39.5000,68,2
2026-03-31,600036,13:32:34,39.5000,54,2
2026-03-31,600036,13:32:37,39.5100,12,1
2026-03-31,600036,13:32:40,39.5100,110,1
2026-03-31,600036,13:32:43,39.5100,28,1
2026-03-31,600036,13:32:46,39.5100,50,1
2026-03-31,600036,13:32:49,39.5100,43,1
2026-03-31,600036,13:32:52,39.5000,184,2
2026-03-31,600036,13:32:55,39.5200,26,1
2026-03-31,600036,13:32:58,39.5200,45,1
2026-03-31,600036,13:33:01,39.5200,13,1
2026-03-31,600036,13:33:04,39.5200,37,1
2026-03-31,600036,13:33:07,39.5200,48,1
2026-03-31,600036,13:33:10,39.5200,46,1
2026-03-31,600036,13:33:13,39.5200,122,1
2026-03-31,600036,13:33:16,39.5200,75,1
2026-03-31,600036,13:33:19,39.5200,28,1
2026-03-31,600036,13:33:22,39.5200,49,1
2026-03-31,600036,13:33:25,39.5200,22,1
2026-03-31,600036,13:33:28,39.5200,111,1
2026-03-31,600036,13:33:31,39.5200,21,1
2026-03-31,600036,13:33:34,39.5200,19,1
2026-03-31,600036,13:33:37,39.5200,58,1
2026-03-31,600036,13:33:40,39.5100,229,2
2026-03-31,600036,13:33:43,39.5000,53,2
2026-03-31,600036,13:33:46,39.5100,722,1
2026-03-31,600036,13:33:49,39.5100,50,1
2026-03-31,600036,13:33:52,39.5100,21,1
2026-03-31,600036,13:33:55,39.5100,76,1
2026-03-31,600036,13:33:58,39.5100,19,1
2026-03-31,600036,13:34:01,39.5200,614,1
2026-03-31,600036,13:34:04,39.5200,161,2
2026-03-31,600036,13:34:07,39.5400,110,1
2026-03-31,600036,13:34:10,39.5400,91,1
2026-03-31,600036,13:34:13,39.5400,47,1
2026-03-31,600036,13:34:16,39.5400,25,1
2026-03-31,600036,13:34:19,39.5400,77,1
2026-03-31,600036,13:34:22,39.5300,74,2
2026-03-31,600036,13:34:25,39.5200,72,2
2026-03-31,600036,13:34:28,39.5300,6,4
2026-03-31,600036,13:34:31,39.5300,76,1
2026-03-31,600036,13:34:34,39.5400,30,1
2026-03-31,600036,13:34:37,39.5300,56,4
2026-03-31,600036,13:34:40,39.5300,278,1
2026-03-31,600036,13:34:43,39.5200,145,2
2026-03-31,600036,13:34:46,39.5200,31,2
2026-03-31,600036,13:34:49,39.5300,32,1
2026-03-31,600036,13:34:52,39.5300,181,1
2026-03-31,600036,13:34:55,39.5300,57,1
2026-03-31,600036,13:34:58,39.5300,19,1
2026-03-31,600036,13:35:01,39.5300,62,1
2026-03-31,600036,13:35:04,39.5300,69,1
2026-03-31,600036,13:35:07,39.5300,68,1
2026-03-31,600036,13:35:10,39.5300,34,1
2026-03-31,600036,13:35:13,39.5300,138,1
2026-03-31,600036,13:35:16,39.5300,163,1
2026-03-31,600036,13:35:19,39.5300,19,2
2026-03-31,600036,13:35:22,39.5300,39,2
2026-03-31,600036,13:35:28,39.5300,53,2
2026-03-31,600036,13:35:31,39.5300,33,2
2026-03-31,600036,13:35:34,39.5300,43,2
2026-03-31,600036,13:35:37,39.5400,3,1
2026-03-31,600036,13:35:40,39.5400,91,1
2026-03-31,600036,13:35:43,39.5300,89,4
2026-03-31,600036,13:35:46,39.5200,59,2
2026-03-31,600036,13:35:49,39.5300,87,1
2026-03-31,600036,13:35:52,39.5300,37,1
2026-03-31,600036,13:35:55,39.5300,84,1
2026-03-31,600036,13:35:58,39.5200,95,2
2026-03-31,600036,13:36:01,39.5200,203,1
2026-03-31,600036,13:36:04,39.5200,40,1
2026-03-31,600036,13:36:07,39.5200,32,1
2026-03-31,600036,13:36:10,39.5100,101,2
2026-03-31,600036,13:36:13,39.5200,40,1
2026-03-31,600036,13:36:16,39.5100,57,2
2026-03-31,600036,13:36:19,39.5300,23,1
2026-03-31,600036,13:36:22,39.5100,39,2
2026-03-31,600036,13:36:25,39.5100,31,2
2026-03-31,600036,13:36:28,39.5200,2,1
2026-03-31,600036,13:36:31,39.5100,19,2
2026-03-31,600036,13:36:34,39.5100,16,2
2026-03-31,600036,13:36:37,39.5200,51,1
2026-03-31,600036,13:36:40,39.5200,20,1
2026-03-31,600036,13:36:43,39.5100,41,2
2026-03-31,600036,13:36:46,39.5200,37,1
2026-03-31,600036,13:36:49,39.5200,107,1
2026-03-31,600036,13:36:52,39.5200,14,1
2026-03-31,600036,13:36:55,39.5100,38,2
2026-03-31,600036,13:36:58,39.5300,133,1
2026-03-31,600036,13:37:01,39.5200,36,1
2026-03-31,600036,13:37:04,39.5200,34,1
2026-03-31,600036,13:37:07,39.5200,21,1
2026-03-31,600036,13:37:10,39.5200,23,1
2026-03-31,600036,13:37:13,39.5200,55,1
2026-03-31,600036,13:37:16,39.5100,97,2
2026-03-31,600036,13:37:19,39.5200,34,1
2026-03-31,600036,13:37:22,39.5200,12,1
2026-03-31,600036,13:37:25,39.5100,34,2
2026-03-31,600036,13:37:28,39.5200,11,1
2026-03-31,600036,13:37:31,39.5200,3,1
2026-03-31,600036,13:37:34,39.5100,13,2
2026-03-31,600036,13:37:37,39.5200,5,1
2026-03-31,600036,13:37:40,39.5200,192,1
2026-03-31,600036,13:37:43,39.5200,83,2
2026-03-31,600036,13:37:46,39.5100,49,2
2026-03-31,600036,13:37:49,39.5300,71,1
2026-03-31,600036,13:37:52,39.5200,81,2
2026-03-31,600036,13:37:55,39.5300,77,1
2026-03-31,600036,13:37:58,39.5200,37,2
2026-03-31,600036,13:38:01,39.5100,25,2
2026-03-31,600036,13:38:04,39.5100,24,2
2026-03-31,600036,13:38:07,39.5100,125,2
2026-03-31,600036,13:38:10,39.5100,18,2
2026-03-31,600036,13:38:13,39.5200,493,1
2026-03-31,600036,13:38:16,39.5100,71,2
2026-03-31,600036,13:38:19,39.5100,109,2
2026-03-31,600036,13:38:22,39.5200,112,1
2026-03-31,600036,13:38:25,39.5300,23,1
2026-03-31,600036,13:38:28,39.5200,15,2
2026-03-31,600036,13:38:31,39.5300,118,1
2026-03-31,600036,13:38:34,39.5200,164,2
2026-03-31,600036,13:38:37,39.5100,84,2
2026-03-31,600036,13:38:40,39.5300,59,1
2026-03-31,600036,13:38:43,39.5100,38,2
2026-03-31,600036,13:38:46,39.5200,122,1
2026-03-31,600036,13:38:49,39.5200,28,1
2026-03-31,600036,13:38:52,39.5200,28,2
2026-03-31,600036,13:38:55,39.5100,10,2
2026-03-31,600036,13:38:58,39.5100,74,2
2026-03-31,600036,13:39:01,39.5100,111,1
2026-03-31,600036,13:39:04,39.5000,104,2
2026-03-31,600036,13:39:07,39.5000,366,2
2026-03-31,600036,13:39:10,39.5000,6,1
2026-03-31,600036,13:39:13,39.5000,143,1
2026-03-31,600036,13:39:16,39.4900,116,2
2026-03-31,600036,13:39:19,39.5100,21,1
2026-03-31,600036,13:39:22,39.5100,42,1
2026-03-31,600036,13:39:25,39.5000,35,2
2026-03-31,600036,13:39:28,39.5100,15,1
2026-03-31,600036,13:39:31,39.5000,47,2
2026-03-31,600036,13:39:34,39.5000,52,2
2026-03-31,600036,13:39:37,39.5100,207,1
2026-03-31,600036,13:39:40,39.5100,61,1
2026-03-31,600036,13:39:43,39.5100,27,1
2026-03-31,600036,13:39:46,39.5100,16,2
2026-03-31,600036,13:39:49,39.5200,6,1
2026-03-31,600036,13:39:52,39.5200,6,1
2026-03-31,600036,13:39:58,39.5200,6,1
2026-03-31,600036,13:40:01,39.5200,610,1
2026-03-31,600036,13:40:04,39.5200,31,1
2026-03-31,600036,13:40:07,39.5200,14,1
2026-03-31,600036,13:40:10,39.5200,91,1
2026-03-31,600036,13:40:13,39.5300,194,1
2026-03-31,600036,13:40:16,39.5300,51,1
2026-03-31,600036,13:40:19,39.5300,7,1
2026-03-31,600036,13:40:22,39.5300,8,1
2026-03-31,600036,13:40:25,39.5300,39,1
2026-03-31,600036,13:40:28,39.5200,10,2
2026-03-31,600036,13:40:31,39.5200,255,2
2026-03-31,600036,13:40:34,39.5200,13,1
2026-03-31,600036,13:40:37,39.5200,65,1
2026-03-31,600036,13:40:40,39.5100,46,2
2026-03-31,600036,13:40:43,39.5200,63,1
2026-03-31,600036,13:40:46,39.5100,5,2
2026-03-31,600036,13:40:49,39.5000,541,2
2026-03-31,600036,13:40:52,39.4900,119,2
2026-03-31,600036,13:40:55,39.5000,40,4
2026-03-31,600036,13:40:58,39.5000,56,1
2026-03-31,600036,13:41:01,39.5000,84,1
2026-03-31,600036,13:41:04,39.5000,1,2
2026-03-31,600036,13:41:07,39.5100,137,1
2026-03-31,600036,13:41:10,39.5000,8,2
2026-03-31,600036,13:41:13,39.5000,127,2
2026-03-31,600036,13:41:16,39.5000,12,2
2026-03-31,600036,13:41:19,39.5100,54,1
2026-03-31,600036,13:41:22,39.5000,26,2
2026-03-31,600036,13:41:25,39.5100,22,1
2026-03-31,600036,13:41:28,39.5000,35,2
2026-03-31,600036,13:41:31,39.5100,41,1
2026-03-31,600036,13:41:34,39.5100,1,1
2026-03-31,600036,13:41:37,39.5100,7,1
2026-03-31,600036,13:41:40,39.5100,28,1
2026-03-31,600036,13:41:43,39.5100,43,1
2026-03-31,600036,13:41:46,39.5000,175,2
2026-03-31,600036,13:41:49,39.5000,57,1
2026-03-31,600036,13:41:52,39.5000,67,1
2026-03-31,600036,13:41:55,39.4900,46,2
2026-03-31,600036,13:41:58,39.5000,56,1
2026-03-31,600036,13:42:01,39.5000,8,1
2026-03-31,600036,13:42:04,39.5000,36,1
2026-03-31,600036,13:42:07,39.4900,18,2
2026-03-31,600036,13:42:10,39.5000,75,1
2026-03-31,600036,13:42:13,39.5000,16,1
2026-03-31,600036,13:42:16,39.5000,30,1
2026-03-31,600036,13:42:19,39.5000,8,1
2026-03-31,600036,13:42:22,39.4900,39,2
2026-03-31,600036,13:42:25,39.4900,15,2
2026-03-31,600036,13:42:28,39.4900,217,2
2026-03-31,600036,13:42:31,39.5000,28,1
2026-03-31,600036,13:42:34,39.4900,56,2
2026-03-31,600036,13:42:37,39.5000,12,1
2026-03-31,600036,13:42:40,39.5000,15,1
2026-03-31,600036,13:42:43,39.4900,48,2
2026-03-31,600036,13:42:46,39.4900,12,2
2026-03-31,600036,13:42:49,39.5000,23,1
2026-03-31,600036,13:42:52,39.5000,11,1
2026-03-31,600036,13:42:55,39.4900,27,2
2026-03-31,600036,13:42:58,39.4900,33,2
2026-03-31,600036,13:43:01,39.5000,95,1
2026-03-31,600036,13:43:04,39.4900,69,2
2026-03-31,600036,13:43:07,39.5000,218,1
2026-03-31,600036,13:43:10,39.5000,28,1
2026-03-31,600036,13:43:13,39.4900,62,2
2026-03-31,600036,13:43:16,39.5000,149,1
2026-03-31,600036,13:43:19,39.5000,12,1
2026-03-31,600036,13:43:22,39.5000,98,1
2026-03-31,600036,13:43:25,39.5000,113,1
2026-03-31,600036,13:43:28,39.5000,80,1
2026-03-31,600036,13:43:31,39.4900,66,2
2026-03-31,600036,13:43:34,39.4900,47,2
2026-03-31,600036,13:43:37,39.4800,62,2
2026-03-31,600036,13:43:40,39.4900,22,1
2026-03-31,600036,13:43:43,39.4800,139,2
2026-03-31,600036,13:43:46,39.4900,12,1
2026-03-31,600036,13:43:49,39.4900,213,1
2026-03-31,600036,13:43:52,39.4900,9,1
2026-03-31,600036,13:43:55,39.4700,598,2
2026-03-31,600036,13:43:58,39.4800,307,1
2026-03-31,600036,13:44:01,39.4900,470,1
2026-03-31,600036,13:44:04,39.4700,46,2
2026-03-31,600036,13:44:07,39.4900,174,1
2026-03-31,600036,13:44:10,39.4800,16,2
2026-03-31,600036,13:44:13,39.4900,88,1
2026-03-31,600036,13:44:16,39.4900,201,1
2026-03-31,600036,13:44:19,39.4900,32,1
2026-03-31,600036,13:44:22,39.4900,34,1
2026-03-31,600036,13:44:25,39.4800,19,2
2026-03-31,600036,13:44:28,39.4900,4,1
2026-03-31,600036,13:44:31,39.4800,25,2
2026-03-31,600036,13:44:34,39.4800,4,2
2026-03-31,600036,13:44:37,39.4800,19,2
2026-03-31,600036,13:44:40,39.4900,315,1
2026-03-31,600036,13:44:43,39.5000,33,1
2026-03-31,600036,13:44:46,39.4900,65,2
2026-03-31,600036,13:44:49,39.5000,16,1
2026-03-31,600036,13:44:52,39.5000,3,1
2026-03-31,600036,13:44:55,39.5000,10,1
2026-03-31,600036,13:45:01,39.5000,82,1
2026-03-31,600036,13:45:04,39.5000,11,1
2026-03-31,600036,13:45:07,39.4900,1,2
2026-03-31,600036,13:45:10,39.5000,25,1
2026-03-31,600036,13:45:13,39.5000,21,1
2026-03-31,600036,13:45:16,39.5000,94,1
2026-03-31,600036,13:45:19,39.4900,19,2
2026-03-31,600036,13:45:22,39.5000,289,1
2026-03-31,600036,13:45:25,39.5000,169,1
2026-03-31,600036,13:45:28,39.5100,306,1
2026-03-31,600036,13:45:31,39.5000,32,2
2026-03-31,600036,13:45:34,39.5100,82,1
2026-03-31,600036,13:45:37,39.5100,135,1
2026-03-31,600036,13:45:40,39.5100,57,1
2026-03-31,600036,13:45:43,39.5100,122,1
2026-03-31,600036,13:45:46,39.5100,158,2
2026-03-31,600036,13:45:49,39.5200,23,1
2026-03-31,600036,13:45:52,39.5200,81,1
2026-03-31,600036,13:45:55,39.5200,12,1
2026-03-31,600036,13:45:58,39.5200,10,1
2026-03-31,600036,13:46:01,39.5200,19,1
2026-03-31,600036,13:46:04,39.5100,1,2
2026-03-31,600036,13:46:07,39.5100,5,2
2026-03-31,600036,13:46:10,39.5200,9,1
2026-03-31,600036,13:46:13,39.5200,25,1
2026-03-31,600036,13:46:16,39.5100,88,2
2026-03-31,600036,13:46:19,39.5100,56,2
2026-03-31,600036,13:46:22,39.5100,105,2
2026-03-31,600036,13:46:25,39.5100,18,2
2026-03-31,600036,13:46:28,39.5100,77,2
2026-03-31,600036,13:46:31,39.5000,183,2
2026-03-31,600036,13:46:34,39.5200,91,1
2026-03-31,600036,13:46:37,39.5100,154,4
2026-03-31,600036,13:46:40,39.5100,69,1
2026-03-31,600036,13:46:43,39.5100,124,1
2026-03-31,600036,13:46:46,39.5100,95,2
2026-03-31,600036,13:46:49,39.5100,104,1
2026-03-31,600036,13:46:52,39.5100,54,1
2026-03-31,600036,13:46:55,39.5100,105,1
2026-03-31,600036,13:46:58,39.5100,65,1
2026-03-31,600036,13:47:01,39.5000,48,2
2026-03-31,600036,13:47:04,39.5100,97,1
2026-03-31,600036,13:47:07,39.5100,27,1
2026-03-31,600036,13:47:10,39.5100,64,1
2026-03-31,600036,13:47:13,39.5200,22,1
2026-03-31,600036,13:47:16,39.5200,934,1
2026-03-31,600036,13:47:19,39.5200,7,1
2026-03-31,600036,13:47:22,39.5200,89,1
2026-03-31,600036,13:47:25,39.5200,54,1
2026-03-31,600036,13:47:28,39.5100,104,2
2026-03-31,600036,13:47:31,39.5200,9,1
2026-03-31,600036,13:47:34,39.5100,58,2
2026-03-31,600036,13:47:37,39.5100,40,2
2026-03-31,600036,13:47:40,39.5000,58,2
2026-03-31,600036,13:47:43,39.5100,85,1
2026-03-31,600036,13:47:46,39.5100,58,1
2026-03-31,600036,13:47:49,39.5100,104,1
2026-03-31,600036,13:47:52,39.5000,44,2
2026-03-31,600036,13:47:55,39.4900,104,2
2026-03-31,600036,13:47:58,39.5100,114,1
2026-03-31,600036,13:48:01,39.5000,70,4
2026-03-31,600036,13:48:04,39.5100,50,1
2026-03-31,600036,13:48:07,39.5000,91,4
2026-03-31,600036,13:48:10,39.4900,32,2
2026-03-31,600036,13:48:13,39.4900,30,2
2026-03-31,600036,13:48:16,39.5000,50,1
2026-03-31,600036,13:48:19,39.5000,9,1
2026-03-31,600036,13:48:22,39.5000,12,1
2026-03-31,600036,13:48:25,39.5000,3,1
2026-03-31,600036,13:48:28,39.4900,139,2
2026-03-31,600036,13:48:31,39.4900,25,2
2026-03-31,600036,13:48:34,39.4900,48,2
2026-03-31,600036,13:48:37,39.5000,10,1
2026-03-31,600036,13:48:40,39.5000,9,1
2026-03-31,600036,13:48:43,39.4900,246,2
2026-03-31,600036,13:48:46,39.5000,95,1
2026-03-31,600036,13:48:49,39.5000,66,2
2026-03-31,600036,13:48:52,39.5100,94,1
2026-03-31,600036,13:48:55,39.5100,1,1
2026-03-31,600036,13:48:58,39.5100,39,1
2026-03-31,600036,13:49:01,39.4900,92,2
2026-03-31,600036,13:49:04,39.5000,7,1
2026-03-31,600036,13:49:07,39.5000,54,1
2026-03-31,600036,13:49:10,39.4900,42,2
2026-03-31,600036,13:49:13,39.5100,363,1
2026-03-31,600036,13:49:16,39.5200,45,1
2026-03-31,600036,13:49:19,39.5000,41,2
2026-03-31,600036,13:49:22,39.5200,94,1
2026-03-31,600036,13:49:25,39.5200,15,1
2026-03-31,600036,13:49:28,39.5100,25,2
2026-03-31,600036,13:49:31,39.5100,56,2
2026-03-31,600036,13:49:34,39.5100,32,2
2026-03-31,600036,13:49:37,39.5200,11,1
2026-03-31,600036,13:49:40,39.5200,28,1
2026-03-31,600036,13:49:43,39.5200,31,1
2026-03-31,600036,13:49:46,39.5100,10,4
2026-03-31,600036,13:49:49,39.5100,25,2
2026-03-31,600036,13:49:52,39.5200,59,1
2026-03-31,600036,13:49:55,39.5100,18,2
2026-03-31,600036,13:49:58,39.5200,57,1
2026-03-31,600036,13:50:01,39.5100,27,2
2026-03-31,600036,13:50:04,39.5100,77,2
2026-03-31,600036,13:50:07,39.5100,46,1
2026-03-31,600036,13:50:10,39.5100,13,1
2026-03-31,600036,13:50:13,39.5000,224,2
2026-03-31,600036,13:50:16,39.5000,49,2
2026-03-31,600036,13:50:19,39.5000,45,2
2026-03-31,600036,13:50:22,39.5000,323,2
2026-03-31,600036,13:50:25,39.5000,100,1
2026-03-31,600036,13:50:28,39.4900,22,2
2026-03-31,600036,13:50:31,39.4900,222,2
2026-03-31,600036,13:50:34,39.4800,653,2
2026-03-31,600036,13:50:37,39.4800,148,1
2026-03-31,600036,13:50:40,39.4800,70,1
2026-03-31,600036,13:50:43,39.4800,59,2
2026-03-31,600036,13:50:46,39.4800,27,2
2026-03-31,600036,13:50:49,39.4900,235,1
2026-03-31,600036,13:50:52,39.4900,18,1
2026-03-31,600036,13:50:55,39.4800,149,2
2026-03-31,600036,13:50:58,39.4900,7,1
2026-03-31,600036,13:51:01,39.4900,19,1
2026-03-31,600036,13:51:04,39.4900,12,1
2026-03-31,600036,13:51:07,39.4900,17,1
2026-03-31,600036,13:51:10,39.4900,6,1
2026-03-31,600036,13:51:13,39.4900,24,1
2026-03-31,600036,13:51:16,39.4900,33,1
2026-03-31,600036,13:51:19,39.4900,55,2
2026-03-31,600036,13:51:22,39.4900,37,2
2026-03-31,600036,13:51:25,39.5000,8,1
2026-03-31,600036,13:51:28,39.4900,2,2
2026-03-31,600036,13:51:31,39.4900,4,2
2026-03-31,600036,13:51:34,39.5000,318,1
2026-03-31,600036,13:51:37,39.5000,44,1
2026-03-31,600036,13:51:40,39.5000,5,1
2026-03-31,600036,13:51:43,39.4900,17,2
2026-03-31,600036,13:51:46,39.4900,16,2
2026-03-31,600036,13:51:49,39.5000,6,1
2026-03-31,600036,13:51:52,39.5000,13,1
2026-03-31,600036,13:51:55,39.5000,7,1
2026-03-31,600036,13:52:01,39.5000,105,1
2026-03-31,600036,13:52:04,39.5000,154,1
2026-03-31,600036,13:52:07,39.5000,2,1
2026-03-31,600036,13:52:10,39.5000,8,1
2026-03-31,600036,13:52:13,39.4900,55,2
2026-03-31,600036,13:52:16,39.5000,124,1
2026-03-31,600036,13:52:19,39.5000,144,1
2026-03-31,600036,13:52:22,39.5000,91,1
2026-03-31,600036,13:52:25,39.5000,99,2
2026-03-31,600036,13:52:28,39.5000,72,2
2026-03-31,600036,13:52:31,39.5000,39,2
2026-03-31,600036,13:52:34,39.5100,44,1
2026-03-31,600036,13:52:37,39.5100,21,1
2026-03-31,600036,13:52:40,39.5100,34,1
2026-03-31,600036,13:52:43,39.5000,123,2
2026-03-31,600036,13:52:46,39.5000,22,1
2026-03-31,600036,13:52:49,39.5000,26,1
2026-03-31,600036,13:52:52,39.5000,48,1
2026-03-31,600036,13:52:55,39.5000,57,1
2026-03-31,600036,13:52:58,39.4900,103,2
2026-03-31,600036,13:53:01,39.5000,58,1
2026-03-31,600036,13:53:04,39.4900,19,2
2026-03-31,600036,13:53:07,39.5000,103,1
2026-03-31,600036,13:53:10,39.4900,84,2
2026-03-31,600036,13:53:13,39.4800,160,2
2026-03-31,600036,13:53:16,39.4900,389,4
2026-03-31,600036,13:53:19,39.4900,91,1
2026-03-31,600036,13:53:22,39.4900,29,1
2026-03-31,600036,13:53:25,39.4800,115,2
2026-03-31,600036,13:53:28,39.4600,120,2
2026-03-31,600036,13:53:31,39.4600,53,2
2026-03-31,600036,13:53:34,39.4700,3,4
2026-03-31,600036,13:53:37,39.4600,132,2
2026-03-31,600036,13:53:40,39.4600,189,1
2026-03-31,600036,13:53:43,39.4600,40,1
2026-03-31,600036,13:53:46,39.4600,90,1
2026-03-31,600036,13:53:49,39.4700,16,1
2026-03-31,600036,13:53:52,39.4600,26,2
2026-03-31,600036,13:53:55,39.4600,38,2
2026-03-31,600036,13:53:58,39.4700,5,1
2026-03-31,600036,13:54:01,39.4800,141,1
2026-03-31,600036,13:54:04,39.4800,10,1
2026-03-31,600036,13:54:07,39.4800,8,1
2026-03-31,600036,13:54:10,39.4800,28,1
2026-03-31,600036,13:54:13,39.4800,28,1
2026-03-31,600036,13:54:16,39.4800,4,1
2026-03-31,600036,13:54:19,39.4800,203,1
2026-03-31,600036,13:54:22,39.4800,5,1
2026-03-31,600036,13:54:25,39.4800,25,1
2026-03-31,600036,13:54:28,39.4800,12,1
2026-03-31,600036,13:54:31,39.4800,206,1
2026-03-31,600036,13:54:34,39.5000,30,1
2026-03-31,600036,13:54:37,39.4800,36,2
2026-03-31,600036,13:54:40,39.5000,28,1
2026-03-31,600036,13:54:43,39.4900,80,2
2026-03-31,600036,13:54:46,39.5000,38,1
2026-03-31,600036,13:54:49,39.5000,23,1
2026-03-31,600036,13:54:52,39.4900,7,2
2026-03-31,600036,13:54:55,39.5000,66,1
2026-03-31,600036,13:54:58,39.4900,19,2
2026-03-31,600036,13:55:01,39.5000,64,1
2026-03-31,600036,13:55:04,39.5000,4,1
2026-03-31,600036,13:55:07,39.5000,96,1
2026-03-31,600036,13:55:10,39.5100,376,1
2026-03-31,600036,13:55:13,39.5100,71,1
2026-03-31,600036,13:55:16,39.5000,11,1
2026-03-31,600036,13:55:19,39.5000,101,1
2026-03-31,600036,13:55:22,39.5100,17,1
2026-03-31,600036,13:55:25,39.5100,13,1
2026-03-31,600036,13:55:28,39.5100,45,1
2026-03-31,600036,13:55:31,39.5000,42,2
2026-03-31,600036,13:55:34,39.5000,10,2
2026-03-31,600036,13:55:37,39.5000,17,2
2026-03-31,600036,13:55:40,39.5100,9,1
2026-03-31,600036,13:55:43,39.5100,18,1
2026-03-31,600036,13:55:46,39.5100,98,1
2026-03-31,600036,13:55:49,39.5100,122,1
2026-03-31,600036,13:55:52,39.5000,46,2
2026-03-31,600036,13:55:55,39.5000,8,2
2026-03-31,600036,13:55:58,39.5000,2,2
2026-03-31,600036,13:56:01,39.5000,21,2
2026-03-31,600036,13:56:04,39.5000,47,2
2026-03-31,600036,13:56:07,39.5000,131,2
2026-03-31,600036,13:56:10,39.5000,48,1
2026-03-31,600036,13:56:13,39.5000,26,1
2026-03-31,600036,13:56:16,39.4900,36,2
2026-03-31,600036,13:56:19,39.5000,9,1
2026-03-31,600036,13:56:22,39.5000,30,1
2026-03-31,600036,13:56:25,39.4900,15,2
2026-03-31,600036,13:56:28,39.5000,32,1
2026-03-31,600036,13:56:31,39.4900,104,2
2026-03-31,600036,13:56:34,39.4900,116,2
2026-03-31,600036,13:56:37,39.4900,23,2
2026-03-31,600036,13:56:40,39.5000,18,1
2026-03-31,600036,13:56:43,39.5000,25,1
2026-03-31,600036,13:56:46,39.4900,143,2
2026-03-31,600036,13:56:49,39.5000,7,1
2026-03-31,600036,13:56:52,39.5000,5,1
2026-03-31,600036,13:56:55,39.5000,92,1
2026-03-31,600036,13:56:58,39.5000,53,1
2026-03-31,600036,13:57:01,39.5000,18,1
2026-03-31,600036,13:57:04,39.5000,167,1
2026-03-31,600036,13:57:07,39.5000,226,2
2026-03-31,600036,13:57:10,39.5100,53,1
2026-03-31,600036,13:57:13,39.5100,50,1
2026-03-31,600036,13:57:16,39.5000,63,2
2026-03-31,600036,13:57:19,39.5100,23,1
2026-03-31,600036,13:57:22,39.5100,7,1
2026-03-31,600036,13:57:25,39.5100,88,1
2026-03-31,600036,13:57:28,39.5000,42,2
2026-03-31,600036,13:57:31,39.5100,19,1
2026-03-31,600036,13:57:34,39.5100,60,1
2026-03-31,600036,13:57:37,39.5100,55,1
2026-03-31,600036,13:57:40,39.5100,16,1
2026-03-31,600036,13:57:43,39.5000,41,2
2026-03-31,600036,13:57:46,39.5000,49,2
2026-03-31,600036,13:57:49,39.5100,18,1
2026-03-31,600036,13:57:52,39.5000,47,2
2026-03-31,600036,13:57:55,39.5100,12,1
2026-03-31,600036,13:57:58,39.5100,59,1
2026-03-31,600036,13:58:01,39.5100,12,1
2026-03-31,600036,13:58:04,39.5000,85,2
2026-03-31,600036,13:58:07,39.5000,31,2
2026-03-31,600036,13:58:10,39.5100,5,1
2026-03-31,600036,13:58:13,39.5100,23,1
2026-03-31,600036,13:58:16,39.5100,130,1
2026-03-31,600036,13:58:19,39.5000,403,2
2026-03-31,600036,13:58:22,39.5100,102,1
2026-03-31,600036,13:58:25,39.5100,32,1
2026-03-31,600036,13:58:28,39.5000,103,2
2026-03-31,600036,13:58:31,39.5100,333,1
2026-03-31,600036,13:58:34,39.5100,75,1
2026-03-31,600036,13:58:37,39.5100,57,1
2026-03-31,600036,13:58:40,39.5100,20,1
2026-03-31,600036,13:58:43,39.5100,32,1
2026-03-31,600036,13:58:46,39.5000,36,2
2026-03-31,600036,13:58:49,39.5100,15,1
2026-03-31,600036,13:58:52,39.5100,117,1
2026-03-31,600036,13:58:55,39.5100,10,2
2026-03-31,600036,13:58:58,39.5200,51,1
2026-03-31,600036,13:59:01,39.5200,11,1
2026-03-31,600036,13:59:04,39.5200,16,1
2026-03-31,600036,13:59:07,39.5200,13,1
2026-03-31,600036,13:59:10,39.5200,22,1
2026-03-31,600036,13:59:13,39.5200,31,1
2026-03-31,600036,13:59:16,39.5200,2,1
2026-03-31,600036,13:59:19,39.5200,244,1
2026-03-31,600036,13:59:22,39.5200,33,1
2026-03-31,600036,13:59:25,39.5200,18,1
2026-03-31,600036,13:59:28,39.5200,34,1
2026-03-31,600036,13:59:31,39.5200,17,1
2026-03-31,600036,13:59:34,39.5200,50,1
2026-03-31,600036,13:59:37,39.5100,14,2
2026-03-31,600036,13:59:40,39.5100,37,2
2026-03-31,600036,13:59:43,39.5100,98,2
2026-03-31,600036,13:59:46,39.5100,14,2
2026-03-31,600036,13:59:49,39.5200,25,1
2026-03-31,600036,13:59:52,39.5200,50,1
2026-03-31,600036,13:59:55,39.5200,79,1
2026-03-31,600036,13:59:58,39.5200,66,1
2026-03-31,600036,14:00:01,39.5200,35,1
2026-03-31,600036,14:00:04,39.5200,64,1
2026-03-31,600036,14:00:07,39.5100,36,2
2026-03-31,600036,14:00:10,39.5200,12,1
2026-03-31,600036,14:00:13,39.5100,230,2
2026-03-31,600036,14:00:16,39.5100,434,2
2026-03-31,600036,14:00:19,39.5000,54,2
2026-03-31,600036,14:00:22,39.4900,27,2
2026-03-31,600036,14:00:25,39.5000,291,1
2026-03-31,600036,14:00:28,39.4800,27,2
2026-03-31,600036,14:00:31,39.4900,139,1
2026-03-31,600036,14:00:34,39.4800,1368,2
2026-03-31,600036,14:00:37,39.4900,439,1
2026-03-31,600036,14:00:40,39.4900,91,4
2026-03-31,600036,14:00:43,39.4900,74,1
2026-03-31,600036,14:00:46,39.5000,65,1
2026-03-31,600036,14:00:49,39.4900,44,4
2026-03-31,600036,14:00:52,39.4900,12,1
2026-03-31,600036,14:00:55,39.5000,18,1
2026-03-31,600036,14:00:58,39.4900,51,2
2026-03-31,600036,14:01:01,39.4900,56,2
2026-03-31,600036,14:01:04,39.5000,9,1
2026-03-31,600036,14:01:07,39.4900,67,2
2026-03-31,600036,14:01:10,39.5000,680,1
2026-03-31,600036,14:01:13,39.5100,298,1
2026-03-31,600036,14:01:16,39.5100,35,1
2026-03-31,600036,14:01:19,39.5100,8,1
2026-03-31,600036,14:01:22,39.5100,85,1
2026-03-31,600036,14:01:25,39.5200,46,1
2026-03-31,600036,14:01:28,39.5200,31,1
2026-03-31,600036,14:01:31,39.5000,15,2
2026-03-31,600036,14:01:34,39.5100,79,4
2026-03-31,600036,14:01:37,39.5200,11,1
2026-03-31,600036,14:01:40,39.5200,368,1
2026-03-31,600036,14:01:43,39.5200,85,1
2026-03-31,600036,14:01:46,39.5200,76,1
2026-03-31,600036,14:01:49,39.5200,17,1
2026-03-31,600036,14:01:52,39.5200,29,1
2026-03-31,600036,14:01:55,39.5100,273,2
2026-03-31,600036,14:01:58,39.5100,35,2
2026-03-31,600036,14:02:01,39.5200,25,1
2026-03-31,600036,14:02:04,39.5100,72,2
2026-03-31,600036,14:02:07,39.5200,73,1
2026-03-31,600036,14:02:10,39.5200,111,1
2026-03-31,600036,14:02:13,39.5200,75,1
2026-03-31,600036,14:02:16,39.5200,63,1
2026-03-31,600036,14:02:19,39.5200,24,1
2026-03-31,600036,14:02:22,39.5200,35,1
2026-03-31,600036,14:02:25,39.5200,43,1
2026-03-31,600036,14:02:28,39.5200,29,1
2026-03-31,600036,14:02:31,39.5200,10,1
2026-03-31,600036,14:02:34,39.5200,81,1
2026-03-31,600036,14:02:37,39.5200,79,1
2026-03-31,600036,14:02:40,39.5200,33,1
2026-03-31,600036,14:02:43,39.5200,33,1
2026-03-31,600036,14:02:46,39.5200,59,1
2026-03-31,600036,14:02:49,39.5200,43,1
2026-03-31,600036,14:02:52,39.5100,19,2
2026-03-31,600036,14:02:55,39.5200,9,1
2026-03-31,600036,14:02:58,39.5200,111,1
2026-03-31,600036,14:03:01,39.5200,37,1
2026-03-31,600036,14:03:04,39.5200,59,1
2026-03-31,600036,14:03:07,39.5200,56,1
2026-03-31,600036,14:03:10,39.5200,126,1
2026-03-31,600036,14:03:13,39.5200,94,1
2026-03-31,600036,14:03:16,39.5100,130,2
2026-03-31,600036,14:03:19,39.5200,33,1
2026-03-31,600036,14:03:22,39.5100,144,2
2026-03-31,600036,14:03:25,39.5200,54,1
2026-03-31,600036,14:03:28,39.5100,73,2
2026-03-31,600036,14:03:31,39.5100,31,2
2026-03-31,600036,14:03:34,39.5100,99,2
2026-03-31,600036,14:03:37,39.5100,223,2
2026-03-31,600036,14:03:40,39.5000,15,2
2026-03-31,600036,14:03:43,39.5100,25,1
2026-03-31,600036,14:03:46,39.5000,12,2
2026-03-31,600036,14:03:49,39.5100,10,1
2026-03-31,600036,14:03:52,39.5100,32,1
2026-03-31,600036,14:03:55,39.5000,9,2
2026-03-31,600036,14:03:58,39.5000,136,2
2026-03-31,600036,14:04:01,39.5000,492,1
2026-03-31,600036,14:04:04,39.5000,150,1
2026-03-31,600036,14:04:07,39.5000,29,2
2026-03-31,600036,14:04:10,39.5100,5,1
2026-03-31,600036,14:04:13,39.5100,17,1
2026-03-31,600036,14:04:16,39.5100,15,1
2026-03-31,600036,14:04:19,39.5100,22,1
2026-03-31,600036,14:04:25,39.5000,1,2
2026-03-31,600036,14:04:28,39.5100,1,1
2026-03-31,600036,14:04:31,39.5100,2,1
2026-03-31,600036,14:04:34,39.5100,60,1
2026-03-31,600036,14:04:37,39.5000,49,2
2026-03-31,600036,14:04:40,39.5100,5,1
2026-03-31,600036,14:04:43,39.5100,20,1
2026-03-31,600036,14:04:46,39.5000,9,2
2026-03-31,600036,14:04:49,39.5100,17,1
2026-03-31,600036,14:04:52,39.5000,204,2
2026-03-31,600036,14:04:55,39.5000,50,2
2026-03-31,600036,14:04:58,39.4900,50,2
2026-03-31,600036,14:05:01,39.5000,46,1
2026-03-31,600036,14:05:04,39.5000,10,1
2026-03-31,600036,14:05:07,39.5000,57,1
2026-03-31,600036,14:05:10,39.5000,3,1
2026-03-31,600036,14:05:13,39.4900,35,2
2026-03-31,600036,14:05:16,39.5000,105,1
2026-03-31,600036,14:05:19,39.5000,15,1
2026-03-31,600036,14:05:22,39.5000,4,1
2026-03-31,600036,14:05:25,39.5000,3,1
2026-03-31,600036,14:05:28,39.5000,51,1
2026-03-31,600036,14:05:31,39.5000,56,1
2026-03-31,600036,14:05:34,39.5000,809,1
2026-03-31,600036,14:05:37,39.5000,11,2
2026-03-31,600036,14:05:40,39.5100,9,1
2026-03-31,600036,14:05:43,39.5000,21,2
2026-03-31,600036,14:05:46,39.5000,5,2
2026-03-31,600036,14:05:49,39.5100,8,1
2026-03-31,600036,14:05:52,39.5000,16,2
2026-03-31,600036,14:05:55,39.5000,5,2
2026-03-31,600036,14:05:58,39.5100,30,1
2026-03-31,600036,14:06:01,39.5000,4,2
2026-03-31,600036,14:06:04,39.5000,93,2
2026-03-31,600036,14:06:07,39.4900,22,2
2026-03-31,600036,14:06:10,39.5000,31,1
2026-03-31,600036,14:06:13,39.5000,27,1
2026-03-31,600036,14:06:16,39.5000,53,1
2026-03-31,600036,14:06:19,39.5000,12,1
2026-03-31,600036,14:06:22,39.5000,102,1
2026-03-31,600036,14:06:25,39.5200,754,1
2026-03-31,600036,14:06:28,39.5000,11,2
2026-03-31,600036,14:06:31,39.5000,12,2
2026-03-31,600036,14:06:34,39.5000,46,2
2026-03-31,600036,14:06:37,39.5000,2,2
2026-03-31,600036,14:06:40,39.5100,185,1
2026-03-31,600036,14:06:43,39.5100,87,1
2026-03-31,600036,14:06:46,39.5000,62,2
2026-03-31,600036,14:06:49,39.5100,143,1
2026-03-31,600036,10:55:19,39.4500,52,1
2026-03-31,600036,10:55:22,39.4500,82,4
2026-03-31,600036,10:55:25,39.4500,6,2
2026-03-31,600036,10:55:28,39.4600,2,1
2026-03-31,600036,10:55:31,39.4600,30,1
2026-03-31,600036,10:55:34,39.4600,7,1
2026-03-31,600036,10:55:37,39.4500,34,2
2026-03-31,600036,10:55:40,39.4600,23,1
2026-03-31,600036,10:55:43,39.4600,95,1
2026-03-31,600036,10:55:46,39.4500,181,2
2026-03-31,600036,10:55:49,39.4400,16,2
2026-03-31,600036,10:55:52,39.4500,32,1
2026-03-31,600036,10:55:55,39.4500,38,1
2026-03-31,600036,10:55:58,39.4500,47,1
2026-03-31,600036,10:56:01,39.4500,28,1
2026-03-31,600036,10:56:04,39.4500,42,1
2026-03-31,600036,10:56:07,39.4500,150,1
2026-03-31,600036,10:56:10,39.4400,66,2
2026-03-31,600036,10:56:13,39.4400,119,2
2026-03-31,600036,10:56:16,39.4400,61,2
2026-03-31,600036,10:56:19,39.4500,12,1
2026-03-31,600036,10:56:28,39.4500,69,1
2026-03-31,600036,10:56:31,39.4500,556,1
2026-03-31,600036,10:56:34,39.4600,22,1
2026-03-31,600036,10:56:37,39.4600,2,1
2026-03-31,600036,10:56:40,39.4500,222,2
2026-03-31,600036,10:56:43,39.4600,41,1
2026-03-31,600036,10:56:46,39.4500,13,2
2026-03-31,600036,10:56:49,39.4600,25,1
2026-03-31,600036,10:56:55,39.4600,11,1
2026-03-31,600036,10:56:58,39.4600,33,1
2026-03-31,600036,10:57:01,39.4600,314,1
2026-03-31,600036,10:57:04,39.4500,47,2
2026-03-31,600036,10:57:07,39.4600,316,1
2026-03-31,600036,10:57:10,39.4600,62,1
2026-03-31,600036,10:57:13,39.4600,6,1
2026-03-31,600036,10:57:16,39.4500,31,2
2026-03-31,600036,10:57:19,39.4800,1285,1
2026-03-31,600036,10:57:22,39.4800,362,1
2026-03-31,600036,10:57:25,39.4700,182,2
2026-03-31,600036,10:57:28,39.4700,101,2
2026-03-31,600036,10:57:31,39.4600,127,2
2026-03-31,600036,10:57:34,39.4600,10,1
2026-03-31,600036,10:57:37,39.4500,71,2
2026-03-31,600036,10:57:40,39.4500,120,2
2026-03-31,600036,10:57:43,39.4400,42,2
2026-03-31,600036,10:57:46,39.4400,283,2
2026-03-31,600036,10:57:49,39.4400,108,1
2026-03-31,600036,10:57:52,39.4400,8,1
2026-03-31,600036,10:57:58,39.4400,3,1
2026-03-31,600036,10:58:01,39.4400,335,1
2026-03-31,600036,10:58:04,39.4300,19,2
2026-03-31,600036,10:58:07,39.4400,44,1
2026-03-31,600036,10:58:10,39.4300,27,2
2026-03-31,600036,10:58:13,39.4400,355,1
2026-03-31,600036,10:58:16,39.4300,337,2
2026-03-31,600036,10:58:19,39.4300,54,2
2026-03-31,600036,10:58:22,39.4300,446,2
2026-03-31,600036,10:58:28,39.4400,130,1
2026-03-31,600036,10:58:31,39.4400,462,1
2026-03-31,600036,10:58:34,39.4400,518,1
2026-03-31,600036,10:58:37,39.4500,3052,1
2026-03-31,600036,10:58:40,39.4500,202,1
2026-03-31,600036,10:58:43,39.4500,99,1
2026-03-31,600036,10:58:46,39.4500,13,2
2026-03-31,600036,10:58:49,39.4600,204,1
2026-03-31,600036,10:58:52,39.4500,66,2
2026-03-31,600036,10:58:55,39.4700,41,1
2026-03-31,600036,10:58:58,39.4600,10,4
2026-03-31,600036,10:59:01,39.4600,51,1
2026-03-31,600036,10:59:04,39.4600,20,1
2026-03-31,600036,10:59:07,39.4600,89,1
2026-03-31,600036,10:59:10,39.4500,7,2
2026-03-31,600036,10:59:13,39.4600,39,1
2026-03-31,600036,10:59:16,39.4600,29,1
2026-03-31,600036,10:59:19,39.4600,373,1
2026-03-31,600036,10:59:22,39.4600,31,1
2026-03-31,600036,10:59:25,39.4600,24,1
2026-03-31,600036,10:59:28,39.4600,5,1
2026-03-31,600036,10:59:31,39.4500,52,2
2026-03-31,600036,10:59:34,39.4600,301,1
2026-03-31,600036,10:59:37,39.4600,40,1
2026-03-31,600036,10:59:40,39.4600,80,1
2026-03-31,600036,10:59:43,39.4500,3,2
2026-03-31,600036,10:59:46,39.4500,78,2
2026-03-31,600036,10:59:49,39.4600,2,1
2026-03-31,600036,10:59:52,39.4600,1100,1
2026-03-31,600036,10:59:55,39.4500,402,2
2026-03-31,600036,10:59:58,39.4600,30,2
2026-03-31,600036,11:00:01,39.4600,230,2
2026-03-31,600036,11:00:04,39.4600,15,1
2026-03-31,600036,11:00:07,39.4600,27,1
2026-03-31,600036,11:00:10,39.4500,118,2
2026-03-31,600036,11:00:13,39.4500,117,2
2026-03-31,600036,11:00:16,39.4500,43,2
2026-03-31,600036,11:00:19,39.4500,25,2
2026-03-31,600036,11:00:22,39.4500,92,2
2026-03-31,600036,11:00:25,39.4500,33,2
2026-03-31,600036,11:00:28,39.4500,20,2
2026-03-31,600036,11:00:31,39.4400,250,2
2026-03-31,600036,11:00:34,39.4500,19,4
2026-03-31,600036,11:00:37,39.4400,792,2
2026-03-31,600036,11:00:43,39.4500,122,1
2026-03-31,600036,11:00:46,39.4500,10,1
2026-03-31,600036,11:00:49,39.4400,8,2
2026-03-31,600036,11:00:52,39.4400,1,2
2026-03-31,600036,11:00:55,39.4500,177,1
2026-03-31,600036,11:00:58,39.4500,166,1
2026-03-31,600036,11:01:01,39.4500,505,1
2026-03-31,600036,11:01:04,39.4600,732,1
2026-03-31,600036,11:01:07,39.4600,50,1
2026-03-31,600036,11:01:10,39.4500,130,2
2026-03-31,600036,11:01:13,39.4500,60,2
2026-03-31,600036,11:01:16,39.4700,253,1
2026-03-31,600036,11:01:19,39.4700,465,1
2026-03-31,600036,11:01:22,39.4700,23,1
2026-03-31,600036,11:01:25,39.4800,237,1
2026-03-31,600036,11:01:28,39.4700,142,2
2026-03-31,600036,11:01:31,39.4700,134,2
2026-03-31,600036,11:01:34,39.4700,26,1
2026-03-31,600036,11:01:37,39.4700,39,1
2026-03-31,600036,11:01:40,39.4700,40,1
2026-03-31,600036,11:01:43,39.4700,21,1
2026-03-31,600036,11:01:46,39.4700,62,1
2026-03-31,600036,11:01:49,39.4600,24,2
2026-03-31,600036,11:01:52,39.4600,2,2
2026-03-31,600036,11:01:55,39.4700,53,1
2026-03-31,600036,11:01:58,39.4600,90,2
2026-03-31,600036,11:02:01,39.4700,92,1
2026-03-31,600036,11:02:04,39.4700,29,1
2026-03-31,600036,11:02:07,39.4700,11,1
2026-03-31,600036,11:02:10,39.4700,31,1
2026-03-31,600036,11:02:13,39.4600,54,2
2026-03-31,600036,11:02:16,39.4700,70,1
2026-03-31,600036,11:02:19,39.4600,33,2
2026-03-31,600036,11:02:22,39.4600,417,2
2026-03-31,600036,11:02:25,39.4600,91,2
2026-03-31,600036,11:02:28,39.4600,61,2
2026-03-31,600036,11:02:31,39.4600,1,2
2026-03-31,600036,11:02:34,39.4600,10,2
2026-03-31,600036,11:02:37,39.4700,21,1
2026-03-31,600036,11:02:40,39.4600,36,2
2026-03-31,600036,11:02:43,39.4700,612,1
2026-03-31,600036,11:02:46,39.4700,74,1
2026-03-31,600036,11:02:49,39.4600,141,2
2026-03-31,600036,11:02:52,39.4600,60,2
2026-03-31,600036,11:02:55,39.4700,39,1
2026-03-31,600036,11:02:58,39.4600,49,2
2026-03-31,600036,11:03:01,39.4700,72,1
2026-03-31,600036,11:03:04,39.4600,14,2
2026-03-31,600036,11:03:07,39.4800,1741,1
2026-03-31,600036,11:03:10,39.4900,11,1
2026-03-31,600036,11:03:13,39.4900,518,1
2026-03-31,600036,11:03:16,39.4900,85,4
2026-03-31,600036,11:03:19,39.5000,79,1
2026-03-31,600036,11:03:22,39.4900,136,2
2026-03-31,600036,11:03:25,39.5000,444,1
2026-03-31,600036,11:03:28,39.4900,56,1
2026-03-31,600036,11:03:31,39.4700,934,2
2026-03-31,600036,11:03:34,39.4700,25,2
2026-03-31,600036,11:03:37,39.4700,65,2
2026-03-31,600036,11:03:40,39.4600,704,2
2026-03-31,600036,11:03:43,39.4500,195,2
2026-03-31,600036,11:03:46,39.4600,19,1
2026-03-31,600036,11:03:49,39.4500,618,2
2026-03-31,600036,11:03:52,39.4600,100,1
2026-03-31,600036,11:03:55,39.4500,2,4
2026-03-31,600036,11:03:58,39.4500,261,1
2026-03-31,600036,11:04:01,39.4400,114,2
2026-03-31,600036,11:04:04,39.4500,71,1
2026-03-31,600036,11:04:07,39.4500,153,1
2026-03-31,600036,11:04:10,39.4500,50,1
2026-03-31,600036,11:04:13,39.4400,227,2
2026-03-31,600036,11:04:16,39.4400,244,1
2026-03-31,600036,11:04:19,39.4400,33,1
2026-03-31,600036,11:04:22,39.4400,7,2
2026-03-31,600036,11:04:25,39.4400,10,2
2026-03-31,600036,11:04:28,39.4400,10,2
2026-03-31,600036,11:04:31,39.4500,21,1
2026-03-31,600036,11:04:34,39.4400,8,2
2026-03-31,600036,11:04:37,39.4500,6,1
2026-03-31,600036,11:04:40,39.4500,62,1
2026-03-31,600036,11:04:43,39.4500,9,1
2026-03-31,600036,11:04:46,39.4400,99,2
2026-03-31,600036,11:04:49,39.4500,3,1
2026-03-31,600036,11:04:52,39.4400,11,2
2026-03-31,600036,11:04:55,39.4500,2,1
2026-03-31,600036,11:04:58,39.4400,112,2
2026-03-31,600036,11:05:01,39.4500,734,1
2026-03-31,600036,11:05:04,39.4600,185,1
2026-03-31,600036,11:05:07,39.4600,81,1
2026-03-31,600036,11:05:10,39.4600,225,1
2026-03-31,600036,11:05:13,39.4600,231,1
2026-03-31,600036,11:05:16,39.4700,25,1
2026-03-31,600036,11:05:19,39.4800,29,1
2026-03-31,600036,11:05:22,39.4800,1,1
2026-03-31,600036,11:05:25,39.4800,14,1
2026-03-31,600036,11:05:28,39.4700,96,2
2026-03-31,600036,11:05:31,39.4700,145,2
2026-03-31,600036,11:05:34,39.4800,52,1
2026-03-31,600036,11:05:37,39.4800,65,1
2026-03-31,600036,11:05:40,39.4800,279,1
2026-03-31,600036,11:05:43,39.4900,86,1
2026-03-31,600036,11:05:46,39.4900,35,1
2026-03-31,600036,11:05:49,39.4900,2,1
2026-03-31,600036,11:05:52,39.4800,52,2
2026-03-31,600036,11:05:55,39.4900,132,1
2026-03-31,600036,11:05:58,39.4900,12,1
2026-03-31,600036,11:06:01,39.4900,34,1
2026-03-31,600036,11:06:04,39.4900,67,1
2026-03-31,600036,11:06:07,39.4900,34,1
2026-03-31,600036,11:06:10,39.4900,75,1
2026-03-31,600036,11:06:13,39.4800,186,2
2026-03-31,600036,11:06:16,39.4800,17,1
2026-03-31,600036,11:06:19,39.4800,11,1
2026-03-31,600036,11:06:22,39.4700,40,2
2026-03-31,600036,11:06:25,39.4700,609,2
2026-03-31,600036,11:06:28,39.5000,45,1
2026-03-31,600036,11:06:31,39.4700,59,2
2026-03-31,600036,11:06:34,39.4800,21,4
2026-03-31,600036,11:06:37,39.4900,5,1
2026-03-31,600036,11:06:40,39.4800,2,2
2026-03-31,600036,11:06:43,39.4800,6,2
2026-03-31,600036,11:06:46,39.4800,34,2
2026-03-31,600036,11:06:49,39.4800,6,2
2026-03-31,600036,11:06:52,39.4800,5,2
2026-03-31,600036,11:06:55,39.4800,13,2
2026-03-31,600036,11:06:58,39.4800,50,2
2026-03-31,600036,11:07:01,39.4800,838,2
2026-03-31,600036,11:07:04,39.4900,258,1
2026-03-31,600036,11:07:07,39.4900,85,1
2026-03-31,600036,11:07:10,39.4800,64,2
2026-03-31,600036,11:07:16,39.4900,7,1
2026-03-31,600036,11:07:19,39.4900,72,1
2026-03-31,600036,11:07:22,39.4900,2,1
2026-03-31,600036,11:07:25,39.5000,64,1
2026-03-31,600036,11:07:28,39.5000,37,1
2026-03-31,600036,11:07:31,39.4900,24,2
2026-03-31,600036,11:07:34,39.4900,68,2
2026-03-31,600036,11:07:37,39.4900,6,1
2026-03-31,600036,11:07:40,39.4900,23,1
2026-03-31,600036,11:07:43,39.4900,3,1
2026-03-31,600036,11:07:46,39.4800,15,2
2026-03-31,600036,11:07:49,39.4800,102,2
2026-03-31,600036,11:07:52,39.4800,238,2
2026-03-31,600036,11:07:55,39.4800,27,2
2026-03-31,600036,11:07:58,39.4800,28,2
2026-03-31,600036,11:08:01,39.4900,83,1
2026-03-31,600036,11:08:04,39.4800,6,2
2026-03-31,600036,11:08:07,39.4900,24,1
2026-03-31,600036,11:08:10,39.4800,50,2
2026-03-31,600036,11:08:13,39.4800,2,2
2026-03-31,600036,11:08:16,39.4900,16,1
2026-03-31,600036,11:08:19,39.4800,37,2
2026-03-31,600036,11:08:22,39.4900,9,1
2026-03-31,600036,11:08:25,39.4800,4,2
2026-03-31,600036,11:08:28,39.4800,14,2
2026-03-31,600036,11:08:31,39.4800,31,2
2026-03-31,600036,11:08:34,39.4700,147,2
2026-03-31,600036,11:08:37,39.4800,13,1
2026-03-31,600036,11:08:40,39.4700,4,2
2026-03-31,600036,11:08:43,39.4800,48,1
2026-03-31,600036,11:08:46,39.4700,17,2
2026-03-31,600036,11:08:49,39.4700,11,2
2026-03-31,600036,11:08:52,39.4700,2,2
2026-03-31,600036,11:08:55,39.4700,9,2
2026-03-31,600036,11:08:58,39.4700,21,2
2026-03-31,600036,11:09:01,39.4800,130,1
2026-03-31,600036,11:09:04,39.4800,29,1
2026-03-31,600036,11:09:07,39.4700,74,2
2026-03-31,600036,11:09:10,39.4700,20,2
2026-03-31,600036,11:09:13,39.4700,38,2
2026-03-31,600036,11:09:16,39.4800,24,1
2026-03-31,600036,11:09:19,39.4700,4,2
2026-03-31,600036,11:09:22,39.4700,13,2
2026-03-31,600036,11:09:28,39.4700,25,2
2026-03-31,600036,11:09:31,39.4800,31,1
2026-03-31,600036,11:09:34,39.4700,3,2
2026-03-31,600036,11:09:37,39.4800,11,1
2026-03-31,600036,11:09:40,39.4800,40,1
2026-03-31,600036,11:09:43,39.4800,19,1
2026-03-31,600036,11:09:46,39.4800,40,1
2026-03-31,600036,11:09:49,39.4800,430,1
2026-03-31,600036,11:09:52,39.4800,107,1
2026-03-31,600036,11:09:55,39.4800,29,1
2026-03-31,600036,11:09:58,39.4800,56,1
2026-03-31,600036,11:10:01,39.4900,171,1
2026-03-31,600036,11:10:04,39.4900,55,1
2026-03-31,600036,11:10:07,39.4900,18,1
2026-03-31,600036,11:10:10,39.4900,28,1
2026-03-31,600036,11:10:13,39.4900,105,1
2026-03-31,600036,11:10:16,39.4900,71,1
2026-03-31,600036,11:10:19,39.5000,532,1
2026-03-31,600036,11:10:22,39.5000,21,1
2026-03-31,600036,11:10:25,39.5000,14,1
2026-03-31,600036,11:10:28,39.4900,24,2
2026-03-31,600036,11:10:31,39.4900,28,2
2026-03-31,600036,11:10:34,39.5000,35,1
2026-03-31,600036,11:10:37,39.5000,4,1
2026-03-31,600036,11:10:40,39.5000,29,1
2026-03-31,600036,11:10:43,39.4900,28,2
2026-03-31,600036,11:10:46,39.5100,632,1
2026-03-31,600036,11:10:49,39.5100,97,1
2026-03-31,600036,11:10:52,39.5000,68,2
2026-03-31,600036,11:10:55,39.5100,29,1
2026-03-31,600036,11:10:58,39.5000,152,2
2026-03-31,600036,11:11:01,39.5000,62,1
2026-03-31,600036,11:11:04,39.5000,6,1
2026-03-31,600036,11:11:07,39.5000,50,1
2026-03-31,600036,11:11:10,39.5000,62,1
2026-03-31,600036,11:11:13,39.5000,95,2
2026-03-31,600036,11:11:16,39.5000,20,1
2026-03-31,600036,11:11:19,39.5000,19,1
2026-03-31,600036,11:11:22,39.5000,72,1
2026-03-31,600036,11:11:25,39.5000,51,1
2026-03-31,600036,11:11:28,39.5000,101,1
2026-03-31,600036,11:11:31,39.5000,146,2
2026-03-31,600036,11:11:34,39.5000,6,2
2026-03-31,600036,11:11:37,39.5100,19,1
2026-03-31,600036,11:11:43,39.5000,337,2
2026-03-31,600036,11:11:46,39.4900,291,2
2026-03-31,600036,11:11:49,39.5000,66,1
2026-03-31,600036,11:11:52,39.5000,48,2
2026-03-31,600036,11:11:55,39.5000,13,1
2026-03-31,600036,11:11:58,39.4900,26,2
2026-03-31,600036,11:12:01,39.4900,73,2
2026-03-31,600036,11:12:04,39.4900,118,1
2026-03-31,600036,11:12:07,39.4900,43,1
2026-03-31,600036,11:12:10,39.4800,7,2
2026-03-31,600036,11:12:13,39.4900,49,1
2026-03-31,600036,11:12:16,39.4900,45,1
2026-03-31,600036,11:12:19,39.4900,613,1
2026-03-31,600036,11:12:22,39.4900,203,2
2026-03-31,600036,11:12:28,39.4900,43,2
2026-03-31,600036,11:12:31,39.4900,22,2
2026-03-31,600036,11:12:34,39.5100,88,1
2026-03-31,600036,11:12:37,39.5000,7,4
2026-03-31,600036,11:12:40,39.5000,109,1
2026-03-31,600036,11:12:43,39.5000,81,1
2026-03-31,600036,11:12:46,39.5000,40,1
2026-03-31,600036,11:12:49,39.5000,52,1
2026-03-31,600036,11:12:52,39.5000,150,1
2026-03-31,600036,11:12:55,39.5000,10,1
2026-03-31,600036,11:12:58,39.5000,157,1
2026-03-31,600036,11:13:01,39.5000,18,2
2026-03-31,600036,11:13:04,39.5000,94,2
2026-03-31,600036,11:13:07,39.5000,552,2
2026-03-31,600036,11:13:10,39.5000,18,2
2026-03-31,600036,11:13:13,39.5000,40,2
2026-03-31,600036,11:13:16,39.5000,135,2
2026-03-31,600036,11:13:19,39.4900,16,2
2026-03-31,600036,11:13:22,39.5000,98,1
2026-03-31,600036,11:13:25,39.4900,24,4
2026-03-31,600036,11:13:28,39.4800,677,2
2026-03-31,600036,11:13:31,39.4800,81,1
2026-03-31,600036,11:13:34,39.4900,711,1
2026-03-31,600036,11:13:37,39.4900,71,1
2026-03-31,600036,11:13:40,39.4900,42,1
2026-03-31,600036,11:13:43,39.4800,304,2
2026-03-31,600036,11:13:46,39.4800,2,2
2026-03-31,600036,11:13:49,39.4900,16,1
2026-03-31,600036,11:13:52,39.4800,152,2
2026-03-31,600036,11:13:55,39.4800,118,1
2026-03-31,600036,11:13:58,39.4800,3,1
2026-03-31,600036,11:14:01,39.4800,171,1
2026-03-31,600036,11:14:04,39.4800,79,1
2026-03-31,600036,11:14:07,39.4800,33,1
2026-03-31,600036,11:14:10,39.4800,195,1
2026-03-31,600036,11:14:13,39.4700,50,2
2026-03-31,600036,11:14:16,39.4800,72,1
2026-03-31,600036,11:14:19,39.4800,2,1
2026-03-31,600036,11:14:22,39.4700,183,2
2026-03-31,600036,11:14:25,39.4800,4,1
2026-03-31,600036,11:14:28,39.4800,188,1
2026-03-31,600036,11:14:31,39.4700,37,2
2026-03-31,600036,11:14:34,39.4700,27,2
2026-03-31,600036,11:14:37,39.4700,385,2
2026-03-31,600036,11:14:40,39.4600,4,2
2026-03-31,600036,11:14:43,39.4700,29,1
2026-03-31,600036,11:14:46,39.4500,45,2
2026-03-31,600036,11:14:49,39.4700,53,1
2026-03-31,600036,11:14:52,39.4600,12,2
2026-03-31,600036,11:14:58,39.4500,38,2
2026-03-31,600036,11:15:01,39.4600,76,1
2026-03-31,600036,11:15:04,39.4500,19,2
2026-03-31,600036,11:15:07,39.4600,10,1
2026-03-31,600036,11:15:10,39.4600,56,1
2026-03-31,600036,11:15:13,39.4500,14,2
2026-03-31,600036,11:15:16,39.4500,24,2
2026-03-31,600036,11:15:19,39.4600,364,1
2026-03-31,600036,11:15:22,39.4500,5,2
2026-03-31,600036,11:15:25,39.4600,10,1
2026-03-31,600036,11:15:28,39.4600,8,1
2026-03-31,600036,11:15:31,39.4600,14,1
2026-03-31,600036,11:15:34,39.4600,138,1
2026-03-31,600036,11:15:37,39.4600,6,1
2026-03-31,600036,11:15:40,39.4600,10,1
2026-03-31,600036,11:15:43,39.4600,65,1
2026-03-31,600036,11:15:46,39.4500,4,2
2026-03-31,600036,11:15:49,39.4600,12,1
2026-03-31,600036,11:15:55,39.4600,12,1
2026-03-31,600036,11:15:58,39.4500,61,2
2026-03-31,600036,11:16:01,39.4600,188,1
2026-03-31,600036,11:16:04,39.4700,97,1
2026-03-31,600036,11:16:07,39.4700,4,1
2026-03-31,600036,11:16:10,39.4700,19,1
2026-03-31,600036,11:16:13,39.4700,5,1
2026-03-31,600036,11:16:16,39.4700,10,1
2026-03-31,600036,11:16:19,39.4600,28,2
2026-03-31,600036,11:16:22,39.4600,48,2
2026-03-31,600036,11:16:25,39.4600,2,2
2026-03-31,600036,11:16:28,39.4700,449,1
2026-03-31,600036,11:16:31,39.4800,106,1
2026-03-31,600036,11:16:34,39.4700,1,2
2026-03-31,600036,11:16:37,39.4800,17,1
2026-03-31,600036,11:16:43,39.4800,11,1
2026-03-31,600036,11:16:46,39.4800,35,1
2026-03-31,600036,11:16:49,39.4800,8,1
2026-03-31,600036,11:16:52,39.4800,72,1
2026-03-31,600036,11:16:55,39.4800,70,1
2026-03-31,600036,11:16:58,39.4800,3,1
2026-03-31,600036,11:17:01,39.4700,36,2
2026-03-31,600036,11:17:04,39.4700,451,2
2026-03-31,600036,11:17:07,39.4700,107,1
2026-03-31,600036,11:17:10,39.4700,10,1
2026-03-31,600036,11:17:13,39.4500,266,2
2026-03-31,600036,11:17:16,39.4500,17,2
2026-03-31,600036,11:17:19,39.4500,107,2
2026-03-31,600036,11:17:22,39.4600,13,1
2026-03-31,600036,11:17:25,39.4600,7,1
2026-03-31,600036,11:17:28,39.4600,239,1
2026-03-31,600036,11:17:37,39.4700,2,1
2026-03-31,600036,11:17:40,39.4600,25,2
2026-03-31,600036,11:17:43,39.4600,8,2
2026-03-31,600036,11:17:46,39.4700,23,1
2026-03-31,600036,11:17:49,39.4600,10,2
2026-03-31,600036,11:17:52,39.4600,1,2
2026-03-31,600036,11:17:55,39.4600,146,2
2026-03-31,600036,11:17:58,39.4600,2,1
2026-03-31,600036,11:18:01,39.4600,21,1
2026-03-31,600036,11:18:04,39.4600,30,1
2026-03-31,600036,11:18:07,39.4600,31,1
2026-03-31,600036,11:18:10,39.4600,3,1
2026-03-31,600036,11:18:13,39.4600,34,1
2026-03-31,600036,11:18:19,39.4600,10,1
2026-03-31,600036,11:18:22,39.4500,8,2
2026-03-31,600036,11:18:25,39.4600,3,1
2026-03-31,600036,11:18:28,39.4500,12,2
2026-03-31,600036,11:18:31,39.4500,66,2
2026-03-31,600036,11:18:34,39.4500,1415,2
2026-03-31,600036,11:18:37,39.4600,150,1
2026-03-31,600036,11:18:40,39.4600,131,1
2026-03-31,600036,11:18:43,39.4600,132,1
2026-03-31,600036,11:18:46,39.4600,38,1
2026-03-31,600036,11:18:49,39.4600,33,1
2026-03-31,600036,11:18:52,39.4600,34,1
2026-03-31,600036,11:18:55,39.4600,96,1
2026-03-31,600036,11:18:58,39.4600,415,1
2026-03-31,600036,11:19:01,39.4600,35,2
2026-03-31,600036,11:19:04,39.4600,27,2
2026-03-31,600036,11:19:07,39.4600,28,2
2026-03-31,600036,11:19:10,39.4600,7,1
2026-03-31,600036,11:19:13,39.4600,9,1
2026-03-31,600036,11:19:16,39.4500,31,2
2026-03-31,600036,11:19:19,39.4600,8,1
2026-03-31,600036,11:19:22,39.4500,148,2
2026-03-31,600036,11:19:25,39.4500,4,2
2026-03-31,600036,11:19:28,39.4400,55,2
2026-03-31,600036,11:19:31,39.4500,132,4
2026-03-31,600036,11:19:34,39.4400,27,2
2026-03-31,600036,11:19:37,39.4500,20,1
2026-03-31,600036,11:19:40,39.4500,50,1
2026-03-31,600036,11:19:43,39.4400,15,2
2026-03-31,600036,11:19:46,39.4500,99,1
2026-03-31,600036,11:19:49,39.4500,150,1
2026-03-31,600036,11:19:52,39.4400,43,2
2026-03-31,600036,11:19:55,39.4400,96,2
2026-03-31,600036,11:19:58,39.4400,30,2
2026-03-31,600036,11:20:01,39.4400,61,2
2026-03-31,600036,11:20:04,39.4400,174,1
2026-03-31,600036,11:20:07,39.4400,28,1
2026-03-31,600036,11:20:10,39.4300,72,2
2026-03-31,600036,11:20:13,39.4300,2,2
2026-03-31,600036,11:20:16,39.4300,65,2
2026-03-31,600036,11:20:19,39.4300,4,2
