date,code,time,price,volume,bs
2026-03-31,000858,14:05:24,104.0200,8,1
2026-03-31,000858,14:05:27,104.0100,4,2
2026-03-31,000858,14:05:30,104.0200,5,1
2026-03-31,000858,14:05:33,104.0200,14,1
2026-03-31,000858,14:05:36,104.0200,1,1
2026-03-31,000858,14:05:39,104.0200,16,1
2026-03-31,000858,14:05:42,104.0200,11,1
2026-03-31,000858,14:05:45,104.0200,1,1
2026-03-31,000858,14:05:48,104.0100,5,1
2026-03-31,000858,14:05:51,104.0000,17,2
2026-03-31,000858,14:06:00,104.0000,1,1
2026-03-31,000858,14:06:03,103.9900,3,2
2026-03-31,000858,14:06:06,104.0000,7,1
2026-03-31,000858,14:06:09,104.0000,2,1
2026-03-31,000858,14:06:12,104.0000,24,1
2026-03-31,000858,14:06:15,104.0000,7,2
2026-03-31,000858,14:06:18,103.9900,4,2
2026-03-31,000858,14:06:21,104.0000,10,1
2026-03-31,000858,14:06:24,103.9800,5,2
2026-03-31,000858,14:06:27,103.9800,2,2
2026-03-31,000858,14:06:30,103.9900,5,1
2026-03-31,000858,14:06:33,104.0000,17,1
2026-03-31,000858,14:06:42,104.0000,30,1
2026-03-31,000858,14:06:45,103.9900,12,2
2026-03-31,000858,14:06:48,103.9800,16,2
2026-03-31,000858,14:06:51,104.0000,13,1
2026-03-31,000858,14:06:54,103.9800,6,2
2026-03-31,000858,14:06:57,104.0000,5,1
2026-03-31,000858,14:07:00,104.0000,5,1
2026-03-31,000858,14:07:03,104.0000,3,1
2026-03-31,000858,14:07:06,104.0000,8,1
2026-03-31,000858,14:07:09,103.9800,7,2
2026-03-31,000858,14:07:15,103.9800,8,2
2026-03-31,000858,14:07:18,104.0000,5,1
2026-03-31,000858,14:07:21,103.9900,6,2
2026-03-31,000858,14:07:24,104.0000,7,1
2026-03-31,000858,14:07:27,103.9900,3,2
2026-03-31,000858,14:07:30,104.0000,4,1
2026-03-31,000858,14:07:33,103.9800,13,2
2026-03-31,000858,14:07:39,103.9800,12,2
2026-03-31,000858,14:07:42,103.9800,3,2
2026-03-31,000858,14:07:45,103.9800,9,2
2026-03-31,000858,14:07:48,103.9800,1,2
2026-03-31,000858,14:07:51,103.9900,4,1
2026-03-31,000858,14:07:54,103.9800,6,2
2026-03-31,000858,14:07:57,103.9900,4,1
2026-03-31,000858,14:08:00,103.9800,5,4
2026-03-31,000858,14:08:03,103.9700,4,2
2026-03-31,000858,14:08:06,103.9700,5,2
2026-03-31,000858,14:08:09,103.9700,29,2
2026-03-31,000858,14:08:12,103.9800,1,1
2026-03-31,000858,14:08:15,103.9700,1,4
2026-03-31,000858,14:08:18,103.9700,25,4
2026-03-31,000858,14:08:21,103.9800,7,4
2026-03-31,000858,14:08:24,103.9700,1,2
2026-03-31,000858,14:08:27,103.9900,4,1
2026-03-31,000858,14:08:30,103.9900,10,1
2026-03-31,000858,14:08:33,104.0000,108,1
2026-03-31,000858,14:08:36,104.0200,48,1
2026-03-31,000858,14:08:39,104.0200,22,1
2026-03-31,000858,14:08:42,104.0000,95,2
2026-03-31,000858,14:08:45,104.0300,3,1
2026-03-31,000858,14:08:51,104.0200,4,2
2026-03-31,000858,14:08:54,104.0300,10,1
2026-03-31,000858,14:08:57,104.0100,20,2
2026-03-31,000858,14:09:00,104.0100,1,1
2026-03-31,000858,14:09:03,104.0100,5,1
2026-03-31,000858,14:09:06,104.0100,1,1
2026-03-31,000858,14:09:09,104.0100,7,2
2026-03-31,000858,14:09:15,104.0200,10,1
2026-03-31,000858,14:09:21,104.0100,10,2
2026-03-31,000858,14:09:24,104.0200,9,1
2026-03-31,000858,14:09:27,104.0100,6,1
2026-03-31,000858,14:09:30,104.0100,4,1
2026-03-31,000858,14:09:33,104.0000,7,2
2026-03-31,000858,14:09:36,104.0000,6,1
2026-03-31,000858,14:09:39,103.9900,1,2
2026-03-31,000858,14:09:42,103.9900,2,2
2026-03-31,000858,14:09:45,104.0000,1,1
2026-03-31,000858,14:09:48,103.9900,2,2
2026-03-31,000858,14:09:51,104.0000,8,1
2026-03-31,000858,14:09:54,104.0000,21,2
2026-03-31,000858,14:09:57,104.0000,19,2
2026-03-31,000858,14:10:00,104.0000,4,1
2026-03-31,000858,14:10:03,104.0000,9,2
2026-03-31,000858,14:10:06,103.9800,19,2
2026-03-31,000858,14:10:09,103.9800,12,2
2026-03-31,000858,14:10:12,103.9800,2,2
2026-03-31,000858,14:10:15,103.9900,7,1
2026-03-31,000858,14:10:18,103.9800,4,4
2026-03-31,000858,14:10:21,103.9600,37,2
2026-03-31,000858,14:10:24,103.9500,14,2
2026-03-31,000858,14:10:27,103.9300,1,2
2026-03-31,000858,14:10:30,103.9300,12,2
2026-03-31,000858,14:10:33,103.9300,11,1
2026-03-31,000858,14:10:36,103.9400,20,1
2026-03-31,000858,14:10:39,103.9300,5,2
2026-03-31,000858,14:10:42,103.9300,2,2
2026-03-31,000858,14:10:45,103.9300,5,2
2026-03-31,000858,14:10:48,103.9000,199,2
2026-03-31,000858,14:10:51,103.9100,5,1
2026-03-31,000858,14:10:54,103.9100,8,2
2026-03-31,000858,14:10:57,103.9200,42,1
2026-03-31,000858,14:11:00,103.9400,9,1
2026-03-31,000858,14:11:03,103.9400,3,1
2026-03-31,000858,14:11:06,103.9300,26,2
2026-03-31,000858,14:11:09,103.9300,2,1
2026-03-31,000858,14:11:12,103.9300,14,1
2026-03-31,000858,14:11:15,103.9300,5,1
2026-03-31,000858,14:11:18,103.9200,4,2
2026-03-31,000858,14:11:21,103.9300,5,4
2026-03-31,000858,14:11:24,103.9300,1,4
2026-03-31,000858,14:11:27,103.9300,12,1
2026-03-31,000858,14:11:30,103.9300,8,2
2026-03-31,000858,14:11:33,103.9300,7,2
2026-03-31,000858,14:11:36,103.9300,16,2
2026-03-31,000858,14:11:42,103.9200,5,2
2026-03-31,000858,14:11:45,103.9200,1,2
2026-03-31,000858,14:11:48,103.9200,22,2
2026-03-31,000858,14:11:51,103.9200,3,1
2026-03-31,000858,14:11:54,103.9000,10,2
2026-03-31,000858,14:11:57,103.9200,5,1
2026-03-31,000858,14:12:00,103.9000,3,2
2026-03-31,000858,14:12:03,103.9000,61,2
2026-03-31,000858,14:12:06,103.8800,5,2
2026-03-31,000858,14:12:09,103.9000,15,1
2026-03-31,000858,14:12:12,103.9000,1,1
2026-03-31,000858,14:12:15,103.9000,4,2
2026-03-31,000858,14:12:18,103.9000,3,2
2026-03-31,000858,14:12:21,103.9000,5,2
2026-03-31,000858,14:12:24,103.9300,120,1
2026-03-31,000858,14:12:27,103.9400,25,1
2026-03-31,000858,14:12:30,103.9300,15,4
2026-03-31,000858,14:12:33,103.9500,12,1
2026-03-31,000858,14:12:36,103.9600,43,1
2026-03-31,000858,14:12:42,103.9600,4,2
2026-03-31,000858,14:12:45,103.9600,6,2
2026-03-31,000858,14:12:48,103.9400,3,2
2026-03-31,000858,14:12:51,103.9400,1,2
2026-03-31,000858,14:12:57,103.9600,5,1
2026-03-31,000858,14:13:03,103.9500,3,2
2026-03-31,000858,14:13:06,103.9500,27,1
2026-03-31,000858,14:13:09,103.9500,7,1
2026-03-31,000858,14:13:12,103.9500,18,1
2026-03-31,000858,14:13:15,103.9500,8,1
2026-03-31,000858,14:13:18,103.9500,2,1
2026-03-31,000858,14:13:21,103.9400,12,2
2026-03-31,000858,14:13:24,103.9400,8,2
2026-03-31,000858,14:13:27,103.9400,13,1
2026-03-31,000858,14:13:30,103.9400,3,1
2026-03-31,000858,14:13:33,103.9300,3,2
2026-03-31,000858,14:13:36,103.9100,101,2
2026-03-31,000858,14:13:39,103.9300,10,2
2026-03-31,000858,14:13:42,103.9400,1,1
2026-03-31,000858,14:13:45,103.9100,8,2
2026-03-31,000858,14:13:48,103.9100,1,1
2026-03-31,000858,14:13:51,103.9100,13,1
2026-03-31,000858,14:13:54,103.9100,27,1
2026-03-31,000858,14:13:57,103.9200,28,1
2026-03-31,000858,14:14:00,103.9100,12,2
2026-03-31,000858,14:14:03,103.9300,15,1
2026-03-31,000858,14:14:06,103.9400,58,1
2026-03-31,000858,14:14:09,103.9300,29,2
2026-03-31,000858,14:14:12,103.9400,22,1
2026-03-31,000858,14:14:15,103.9400,9,2
2026-03-31,000858,14:14:18,103.9400,8,2
2026-03-31,000858,14:14:21,103.9500,13,1
2026-03-31,000858,14:14:24,103.9400,19,2
2026-03-31,000858,14:14:27,103.9400,5,2
2026-03-31,000858,14:14:30,103.9500,2,1
2026-03-31,000858,14:14:33,103.9400,15,2
2026-03-31,000858,14:14:36,103.9400,12,2
2026-03-31,000858,14:14:39,103.9500,6,1
2026-03-31,000858,14:14:42,103.9400,2,4
2026-03-31,000858,14:14:45,103.9600,30,1
2026-03-31,000858,14:14:48,103.9400,28,2
2026-03-31,000858,14:14:51,103.9500,6,1
2026-03-31,000858,14:14:54,103.9300,11,2
2026-03-31,000858,14:14:57,103.9300,6,2
2026-03-31,000858,14:15:00,103.9500,4,1
2026-03-31,000858,14:15:03,103.9300,4,2
2026-03-31,000858,14:15:06,103.9300,4,2
2026-03-31,000858,14:15:09,103.9300,19,2
2026-03-31,000858,14:15:12,103.9600,24,1
2026-03-31,000858,14:15:15,103.9300,3,2
2026-03-31,000858,14:15:18,103.9400,5,2
2026-03-31,000858,14:15:21,103.9500,4,1
2026-03-31,000858,14:15:27,103.9400,19,2
2026-03-31,000858,14:15:30,103.9400,9,1
2026-03-31,000858,14:15:33,103.9300,5,2
2026-03-31,000858,14:15:36,103.9200,1,2
2026-03-31,000858,14:15:39,103.9300,6,1
2026-03-31,000858,14:15:42,103.9200,20,2
2026-03-31,000858,14:15:45,103.9200,8,1
2026-03-31,000858,14:15:48,103.9200,1,1
2026-03-31,000858,14:15:51,103.9100,19,2
2026-03-31,000858,14:15:54,103.9000,10,2
2026-03-31,000858,14:15:57,103.9100,1,1
2026-03-31,000858,14:16:03,103.9100,17,1
2026-03-31,000858,14:16:06,103.9100,6,1
2026-03-31,000858,14:16:09,103.9000,14,4
2026-03-31,000858,14:16:12,103.9000,7,2
2026-03-31,000858,14:16:15,103.8900,20,2
2026-03-31,000858,14:16:18,103.8900,1,1
2026-03-31,000858,14:16:21,103.8800,39,2
2026-03-31,000858,14:16:24,103.9000,16,1
2026-03-31,000858,14:16:27,103.8700,12,2
2026-03-31,000858,14:16:30,103.8800,3,1
2026-03-31,000858,14:16:33,103.8700,9,2
2026-03-31,000858,14:16:36,103.8700,18,1
2026-03-31,000858,14:16:39,103.8800,1,1
2026-03-31,000858,14:16:42,103.8800,10,1
2026-03-31,000858,14:16:45,103.8800,4,1
2026-03-31,000858,14:16:48,103.8700,47,2
2026-03-31,000858,14:16:51,103.8800,25,2
2026-03-31,000858,14:16:54,103.8800,1,4
2026-03-31,000858,14:16:57,103.8800,29,4
2026-03-31,000858,14:17:00,103.8900,5,1
2026-03-31,000858,14:17:03,103.8700,3,2
2026-03-31,000858,14:17:06,103.8700,1,2
2026-03-31,000858,14:17:09,103.8700,33,2
2026-03-31,000858,14:17:12,103.8700,25,1
2026-03-31,000858,14:17:15,103.8600,4,2
2026-03-31,000858,14:17:18,103.8700,4,1
2026-03-31,000858,14:17:21,103.8600,11,2
2026-03-31,000858,14:17:24,103.8600,17,2
2026-03-31,000858,14:17:27,103.8600,16,2
2026-03-31,000858,14:17:30,103.8600,32,2
2026-03-31,000858,14:17:33,103.8600,7,1
2026-03-31,000858,14:17:39,103.8600,1,1
2026-03-31,000858,14:17:42,103.8500,124,2
2026-03-31,000858,14:17:45,103.8500,35,1
2026-03-31,000858,14:17:48,103.8400,12,2
2026-03-31,000858,14:17:51,103.8400,21,2
2026-03-31,000858,14:17:54,103.8500,49,1
2026-03-31,000858,14:17:57,103.8400,13,2
2026-03-31,000858,14:18:00,103.8400,7,2
2026-03-31,000858,14:18:03,103.8400,7,2
2026-03-31,000858,14:18:06,103.8500,18,1
2026-03-31,000858,14:18:09,103.8400,27,4
2026-03-31,000858,14:18:12,103.8500,50,4
2026-03-31,000858,14:18:15,103.8600,11,1
2026-03-31,000858,14:18:18,103.8600,9,2
2026-03-31,000858,14:18:21,103.8800,9,1
2026-03-31,000858,14:18:24,103.9500,36,1
2026-03-31,000858,14:18:27,103.9600,5,1
2026-03-31,000858,14:18:30,103.9800,2,1
2026-03-31,000858,14:18:33,103.9500,10,2
2026-03-31,000858,14:18:36,103.9800,1,1
2026-03-31,000858,14:18:39,103.9500,2,2
2026-03-31,000858,14:18:42,103.9500,10,2
2026-03-31,000858,14:18:45,103.9700,8,1
2026-03-31,000858,14:18:48,103.9500,2,1
2026-03-31,000858,14:18:51,103.9000,6,2
2026-03-31,000858,14:18:54,103.9700,8,1
2026-03-31,000858,14:18:57,103.9600,1,1
2026-03-31,000858,14:19:03,103.9200,11,2
2026-03-31,000858,14:19:06,103.9300,2,2
2026-03-31,000858,14:19:09,103.9700,16,1
2026-03-31,000858,14:19:12,103.9700,1,1
2026-03-31,000858,14:19:15,103.9600,1,2
2026-03-31,000858,14:19:18,103.9600,32,2
2026-03-31,000858,14:19:21,103.9600,7,2
2026-03-31,000858,14:19:24,103.9700,1,1
2026-03-31,000858,14:19:27,103.9600,2,2
2026-03-31,000858,14:19:30,103.9500,11,2
2026-03-31,000858,14:19:33,103.9600,2,1
2026-03-31,000858,14:19:36,103.9600,4,1
2026-03-31,000858,14:19:39,103.9300,13,2
2026-03-31,000858,14:19:42,103.9400,2,1
2026-03-31,000858,14:19:45,103.9400,2,1
2026-03-31,000858,14:19:57,103.9300,4,1
2026-03-31,000858,14:20:00,103.9200,14,2
2026-03-31,000858,14:20:03,103.9200,5,2
2026-03-31,000858,14:20:06,103.9100,27,2
2026-03-31,000858,14:20:09,103.9200,14,2
2026-03-31,000858,14:20:12,103.9400,6,1
2026-03-31,000858,14:20:15,103.9200,11,2
2026-03-31,000858,14:20:18,103.9200,5,2
2026-03-31,000858,14:20:21,103.9300,11,1
2026-03-31,000858,14:20:24,103.9200,3,2
2026-03-31,000858,14:20:27,103.9200,18,2
2026-03-31,000858,14:20:30,103.9200,17,2
2026-03-31,000858,14:20:33,103.9200,18,2
2026-03-31,000858,14:20:39,103.9100,6,2
2026-03-31,000858,14:20:42,103.9200,9,1
2026-03-31,000858,14:20:45,103.9100,1,2
2026-03-31,000858,14:20:48,103.9000,54,2
2026-03-31,000858,14:20:51,103.9000,6,1
2026-03-31,000858,14:20:54,103.9000,12,1
2026-03-31,000858,14:20:57,103.9000,15,2
2026-03-31,000858,14:21:00,103.9000,12,2
2026-03-31,000858,14:21:03,103.8800,4,2
2026-03-31,000858,14:21:09,103.8800,22,2
2026-03-31,000858,14:21:12,103.8800,3,4
2026-03-31,000858,14:21:15,103.8900,3,1
2026-03-31,000858,14:21:18,103.8800,5,2
2026-03-31,000858,14:21:21,103.8700,34,2
2026-03-31,000858,14:21:24,103.8700,8,2
2026-03-31,000858,14:21:27,103.8700,9,1
2026-03-31,000858,14:21:30,103.8700,4,1
2026-03-31,000858,14:21:33,103.8600,8,2
2026-03-31,000858,14:21:36,103.8000,149,2
2026-03-31,000858,14:21:39,103.8600,28,1
2026-03-31,000858,14:21:42,103.8000,9,2
2026-03-31,000858,14:21:45,103.8700,73,1
2026-03-31,000858,14:21:48,103.8200,4,2
2026-03-31,000858,14:21:51,103.8600,1,1
2026-03-31,000858,14:21:54,103.8600,23,1
2026-03-31,000858,14:21:57,103.8700,148,1
2026-03-31,000858,14:22:00,103.8800,31,1
2026-03-31,000858,14:22:03,103.8800,14,2
2026-03-31,000858,14:22:06,103.9000,4,1
2026-03-31,000858,14:22:09,103.9000,35,1
2026-03-31,000858,14:22:12,103.9200,4,1
2026-03-31,000858,14:22:15,103.9200,24,1
2026-03-31,000858,14:22:18,103.9300,5,1
2026-03-31,000858,14:22:24,103.9400,4,1
2026-03-31,000858,14:22:27,103.9300,3,2
2026-03-31,000858,14:22:30,103.9300,2,2
2026-03-31,000858,14:22:33,103.9300,4,2
2026-03-31,000858,14:22:36,103.9300,6,1
2026-03-31,000858,14:22:39,103.9200,3,2
2026-03-31,000858,14:22:42,103.9100,21,2
2026-03-31,000858,14:22:45,103.9100,10,2
2026-03-31,000858,14:22:48,103.9100,6,2
2026-03-31,000858,14:22:51,103.9100,3,2
2026-03-31,000858,14:22:54,103.9100,4,1
2026-03-31,000858,14:23:00,103.9000,4,2
2026-03-31,000858,14:23:03,103.9000,4,4
2026-03-31,000858,14:23:06,103.8900,3,2
2026-03-31,000858,14:23:09,103.8800,19,2
2026-03-31,000858,14:23:12,103.8900,15,1
2026-03-31,000858,14:23:15,103.8700,3,2
2026-03-31,000858,14:23:18,103.8600,10,2
2026-03-31,000858,14:23:21,103.8600,10,1
2026-03-31,000858,14:23:24,103.8600,3,1
2026-03-31,000858,14:23:27,103.8400,12,2
2026-03-31,000858,14:23:33,103.8300,4,2
2026-03-31,000858,14:23:36,103.8300,25,2
2026-03-31,000858,14:23:39,103.8500,17,1
2026-03-31,000858,14:23:45,103.8600,65,1
2026-03-31,000858,14:23:48,103.8700,25,1
2026-03-31,000858,14:23:51,103.8600,11,4
2026-03-31,000858,14:23:54,103.8600,7,2
2026-03-31,000858,14:23:57,103.8100,45,2
2026-03-31,000858,14:24:00,103.8600,13,1
2026-03-31,000858,14:24:03,103.8500,12,1
2026-03-31,000858,14:24:06,103.8500,7,2
2026-03-31,000858,14:24:09,103.8600,22,1
2026-03-31,000858,14:24:12,103.8600,37,1
2026-03-31,000858,14:24:15,103.8500,5,2
2026-03-31,000858,14:24:18,103.8500,1,1
2026-03-31,000858,14:24:21,103.8500,4,1
2026-03-31,000858,14:24:24,103.8400,8,2
2026-03-31,000858,14:24:27,103.8500,5,1
2026-03-31,000858,14:24:30,103.8500,2,2
2026-03-31,000858,14:24:33,103.8500,4,2
2026-03-31,000858,14:24:36,103.8500,3,2
2026-03-31,000858,14:24:39,103.8500,4,2
2026-03-31,000858,14:24:42,103.8500,1,2
2026-03-31,000858,14:24:45,103.8500,34,2
2026-03-31,000858,14:24:48,103.8500,3,1
2026-03-31,000858,14:24:51,103.8400,4,2
2026-03-31,000858,14:24:54,103.8400,9,2
2026-03-31,000858,14:24:57,103.8400,2,2
2026-03-31,000858,14:25:00,103.8400,4,2
2026-03-31,000858,14:25:03,103.8400,5,2
2026-03-31,000858,14:25:06,103.8400,4,1
2026-03-31,000858,14:25:09,103.8600,64,1
2026-03-31,000858,14:25:12,103.8500,10,1
2026-03-31,000858,14:25:15,103.8600,13,1
2026-03-31,000858,14:25:18,103.8600,24,2
2026-03-31,000858,14:25:21,103.8800,9,1
2026-03-31,000858,14:25:24,103.8800,33,1
2026-03-31,000858,14:25:27,103.8900,10,1
2026-03-31,000858,14:25:30,103.9000,20,1
2026-03-31,000858,14:25:33,103.8900,4,2
2026-03-31,000858,14:25:36,103.8900,31,2
2026-03-31,000858,14:25:39,103.8900,6,1
2026-03-31,000858,14:25:42,103.8900,2,2
2026-03-31,000858,14:25:45,103.8900,26,1
2026-03-31,000858,14:25:48,103.9000,12,1
2026-03-31,000858,14:25:51,103.8900,9,2
2026-03-31,000858,14:25:54,103.8900,2,2
2026-03-31,000858,14:25:57,103.9000,4,1
2026-03-31,000858,14:26:00,103.8900,29,2
2026-03-31,000858,14:26:03,103.9000,19,1
2026-03-31,000858,14:26:06,103.9000,54,1
2026-03-31,000858,14:26:09,103.9100,23,1
2026-03-31,000858,14:26:12,103.8900,27,2
2026-03-31,000858,14:26:15,103.9100,13,1
2026-03-31,000858,14:26:18,103.8900,9,2
2026-03-31,000858,14:26:21,103.9100,46,4
2026-03-31,000858,14:26:24,103.9000,3,1
2026-03-31,000858,14:26:27,103.8900,6,1
2026-03-31,000858,14:26:30,103.8900,2,1
2026-03-31,000858,14:26:33,103.8800,5,2
2026-03-31,000858,14:26:36,103.8800,2,2
2026-03-31,000858,14:26:39,103.8900,16,1
2026-03-31,000858,14:26:42,103.9100,12,1
2026-03-31,000858,14:26:45,103.9200,3,1
2026-03-31,000858,14:26:48,103.9200,7,1
2026-03-31,000858,14:26:51,103.9200,11,1
2026-03-31,000858,14:26:54,103.9100,36,2
2026-03-31,000858,14:26:57,103.9100,10,2
2026-03-31,000858,14:27:00,103.9200,4,1
2026-03-31,000858,14:27:03,103.9200,5,1
2026-03-31,000858,14:27:06,103.9200,5,1
2026-03-31,000858,14:27:09,103.9200,25,1
2026-03-31,000858,14:27:12,103.9300,3,1
2026-03-31,000858,14:27:15,103.9400,46,1
2026-03-31,000858,14:27:18,103.9200,5,2
2026-03-31,000858,14:27:21,103.9300,26,1
2026-03-31,000858,14:27:24,103.9100,12,2
2026-03-31,000858,14:27:27,103.9000,22,2
2026-03-31,000858,14:27:30,103.9000,2,1
2026-03-31,000858,14:27:33,103.8800,33,2
2026-03-31,000858,14:27:36,103.8700,2,1
2026-03-31,000858,14:27:39,103.8700,6,1
2026-03-31,000858,14:27:42,103.8400,24,2
2026-03-31,000858,14:27:45,103.8500,1,1
2026-03-31,000858,14:27:48,103.8400,10,2
2026-03-31,000858,14:27:51,103.8400,13,2
2026-03-31,000858,14:27:54,103.8400,20,1
2026-03-31,000858,14:27:57,103.8500,25,1
2026-03-31,000858,14:28:00,103.8500,12,1
2026-03-31,000858,14:28:03,103.8500,13,1
2026-03-31,000858,14:28:06,103.8300,71,2
2026-03-31,000858,14:28:09,103.8700,9,1
2026-03-31,000858,14:28:12,103.8500,3,2
2026-03-31,000858,14:28:15,103.8500,13,1
2026-03-31,000858,14:28:18,103.8400,12,2
2026-03-31,000858,14:28:21,103.8400,2,1
2026-03-31,000858,14:28:24,103.8700,7,1
2026-03-31,000858,14:28:27,103.8300,4,2
2026-03-31,000858,14:28:30,103.8400,3,2
2026-03-31,000858,14:28:33,103.8400,2,2
2026-03-31,000858,14:28:36,103.8500,13,1
2026-03-31,000858,14:28:42,103.8400,3,2
2026-03-31,000858,14:28:45,103.8400,8,2
2026-03-31,000858,14:28:48,103.8400,3,2
2026-03-31,000858,14:28:51,103.8400,20,2
2026-03-31,000858,14:28:54,103.8500,11,1
2026-03-31,000858,14:28:57,103.8800,21,1
2026-03-31,000858,14:29:00,103.8800,1,1
2026-03-31,000858,14:29:03,103.8500,1,2
2026-03-31,000858,14:29:09,103.8500,2,2
2026-03-31,000858,14:29:12,103.8700,19,2
2026-03-31,000858,14:29:15,103.8800,4,1
2026-03-31,000858,14:29:18,103.8500,13,2
2026-03-31,000858,14:29:21,103.8700,7,1
2026-03-31,000858,14:29:24,103.8800,8,1
2026-03-31,000858,14:29:27,103.8700,14,1
2026-03-31,000858,14:29:30,103.8700,8,2
2026-03-31,000858,14:29:33,103.8700,13,4
2026-03-31,000858,14:29:36,103.8700,9,1
2026-03-31,000858,14:29:39,103.8600,15,2
2026-03-31,000858,14:29:42,103.8600,4,2
2026-03-31,000858,14:29:45,103.8600,17,2
2026-03-31,000858,14:29:48,103.8600,7,1
2026-03-31,000858,14:29:54,103.8600,39,1
2026-03-31,000858,14:29:57,103.8500,8,2
2026-03-31,000858,14:30:00,103.8500,32,2
2026-03-31,000858,14:30:03,103.8600,16,1
2026-03-31,000858,14:30:06,103.8600,22,1
2026-03-31,000858,14:30:09,103.9200,110,1
2026-03-31,000858,14:30:12,103.9300,19,1
2026-03-31,000858,14:30:15,103.9400,12,1
2026-03-31,000858,14:30:18,103.9300,18,2
2026-03-31,000858,14:30:21,103.9300,89,1
2026-03-31,000858,14:30:24,103.9200,116,4
2026-03-31,000858,14:30:27,103.9700,4,1
2026-03-31,000858,14:30:30,103.9500,19,4
2026-03-31,000858,14:30:33,103.9600,11,1
2026-03-31,000858,14:30:36,103.9700,6,1
2026-03-31,000858,14:30:39,103.9600,23,2
2026-03-31,000858,14:30:42,104.0000,154,1
2026-03-31,000858,14:30:45,103.9800,28,2
2026-03-31,000858,14:30:48,103.9400,229,2
2026-03-31,000858,14:30:51,103.9900,15,1
2026-03-31,000858,14:30:54,103.9900,11,1
2026-03-31,000858,14:30:57,103.9500,9,2
2026-03-31,000858,14:31:00,103.9500,12,2
2026-03-31,000858,14:31:03,103.9600,26,1
2026-03-31,000858,14:31:06,103.9500,3,4
2026-03-31,000858,14:31:12,103.9500,21,2
2026-03-31,000858,14:31:15,103.9300,2,2
2026-03-31,000858,14:31:18,103.9300,2,2
2026-03-31,000858,14:31:21,103.9300,7,2
2026-03-31,000858,14:31:24,103.9400,8,1
2026-03-31,000858,14:31:27,103.9200,31,2
2026-03-31,000858,14:31:33,103.9200,3,1
2026-03-31,000858,14:31:36,103.9200,3,1
2026-03-31,000858,14:31:39,103.9100,8,1
2026-03-31,000858,14:31:42,103.9200,19,4
2026-03-31,000858,14:31:45,103.9100,3,2
2026-03-31,000858,14:31:48,103.8800,12,2
2026-03-31,000858,14:31:51,103.9200,8,1
2026-03-31,000858,14:31:54,103.9000,5,2
2026-03-31,000858,14:31:57,103.9100,12,1
2026-03-31,000858,14:32:00,103.9200,8,1
2026-03-31,000858,14:32:03,103.9200,2,4
2026-03-31,000858,14:32:06,103.9000,28,2
2026-03-31,000858,14:32:09,103.9000,17,2
2026-03-31,000858,14:32:12,103.9000,4,1
2026-03-31,000858,14:32:15,103.8900,4,2
2026-03-31,000858,14:32:18,103.8800,7,2
2026-03-31,000858,14:32:21,103.8900,3,1
2026-03-31,000858,14:32:24,103.8800,23,2
2026-03-31,000858,14:32:27,103.8800,56,2
2026-03-31,000858,14:32:30,103.8700,5,2
2026-03-31,000858,14:32:33,103.8600,11,2
2026-03-31,000858,14:32:36,103.8500,23,2
2026-03-31,000858,14:32:39,103.8600,25,1
2026-03-31,000858,14:32:42,103.8600,19,1
2026-03-31,000858,14:32:45,103.8600,9,2
2026-03-31,000858,14:32:48,103.8600,1,4
2026-03-31,000858,14:32:51,103.8400,11,2
2026-03-31,000858,14:32:54,103.8200,20,2
2026-03-31,000858,14:32:57,103.8400,64,1
2026-03-31,000858,14:33:00,103.8300,19,1
2026-03-31,000858,14:33:03,103.8300,10,1
2026-03-31,000858,14:33:06,103.8300,16,1
2026-03-31,000858,14:33:09,103.8200,6,2
2026-03-31,000858,14:33:12,103.8300,8,1
2026-03-31,000858,14:33:15,103.8600,18,1
2026-03-31,000858,14:33:18,103.8200,14,2
2026-03-31,000858,14:33:21,103.8200,7,2
2026-03-31,000858,14:33:24,103.8200,5,2
2026-03-31,000858,14:33:27,103.8300,9,1
2026-03-31,000858,14:33:30,103.8200,27,2
2026-03-31,000858,14:33:33,103.8200,7,1
2026-03-31,000858,14:33:36,103.8200,9,1
2026-03-31,000858,14:33:39,103.8100,11,2
2026-03-31,000858,14:33:42,103.8100,14,2
2026-03-31,000858,14:33:45,103.8100,20,2
2026-03-31,000858,14:33:48,103.8200,17,1
2026-03-31,000858,14:33:51,103.8100,25,2
2026-03-31,000858,14:33:54,103.8100,9,2
2026-03-31,000858,14:33:57,103.8200,8,1
2026-03-31,000858,14:34:00,103.8200,3,1
2026-03-31,000858,14:34:03,103.8100,24,2
2026-03-31,000858,14:34:06,103.8100,3,1
2026-03-31,000858,14:34:09,103.8000,8,2
2026-03-31,000858,14:34:12,103.8100,42,1
2026-03-31,000858,14:34:15,103.8000,22,2
2026-03-31,000858,14:34:18,103.8100,37,1
2026-03-31,000858,14:34:21,103.8100,70,1
2026-03-31,000858,14:34:24,103.8100,22,1
2026-03-31,000858,14:34:27,103.8000,15,2
2026-03-31,000858,14:34:30,103.8100,34,1
2026-03-31,000858,14:34:33,103.8000,1,2
2026-03-31,000858,14:34:36,103.8100,19,1
2026-03-31,000858,14:34:39,103.8000,10,2
2026-03-31,000858,14:34:42,103.8000,5,2
2026-03-31,000858,14:34:45,103.8100,8,2
2026-03-31,000858,14:34:48,103.8000,12,2
2026-03-31,000858,14:34:51,103.8000,26,2
2026-03-31,000858,14:34:54,103.8100,8,1
2026-03-31,000858,14:34:57,103.8000,13,2
2026-03-31,000858,14:35:00,103.8100,1,1
2026-03-31,000858,14:35:03,103.8000,39,2
2026-03-31,000858,14:35:06,103.7900,17,2
2026-03-31,000858,14:35:09,103.7900,5,2
2026-03-31,000858,14:35:12,103.7800,2,2
2026-03-31,000858,14:35:15,103.7800,3,2
2026-03-31,000858,14:35:18,103.7800,27,2
2026-03-31,000858,14:35:21,103.7800,12,1
2026-03-31,000858,14:35:24,103.7700,50,2
2026-03-31,000858,14:35:27,103.7700,9,4
2026-03-31,000858,14:35:30,103.7600,16,2
2026-03-31,000858,14:35:33,103.7600,35,2
2026-03-31,000858,14:35:36,103.7800,8,1
2026-03-31,000858,14:35:39,103.8000,106,1
2026-03-31,000858,14:35:42,103.8000,4,1
2026-03-31,000858,14:35:45,103.8000,28,1
2026-03-31,000858,14:35:48,103.8000,7,1
2026-03-31,000858,14:35:51,103.7800,9,2
2026-03-31,000858,14:35:54,103.8000,20,1
2026-03-31,000858,14:35:57,103.7900,4,4
2026-03-31,000858,14:36:00,103.7800,22,2
2026-03-31,000858,14:36:03,103.7800,1,2
2026-03-31,000858,14:36:06,103.7900,12,1
2026-03-31,000858,14:36:09,103.7900,4,2
2026-03-31,000858,14:36:12,103.8000,20,1
2026-03-31,000858,14:36:15,103.8600,296,1
2026-03-31,000858,14:36:18,103.8600,18,2
2026-03-31,000858,14:36:21,103.8700,65,2
2026-03-31,000858,14:36:24,103.9400,18,1
2026-03-31,000858,14:36:30,103.8300,35,2
2026-03-31,000858,14:36:33,103.9000,5,1
2026-03-31,000858,14:36:36,103.8200,2,2
2026-03-31,000858,14:36:39,103.8200,1,2
2026-03-31,000858,14:36:42,103.8100,10,2
2026-03-31,000858,14:36:45,103.8000,16,2
2026-03-31,000858,14:36:51,103.8000,24,2
2026-03-31,000858,14:36:54,103.7900,35,2
2026-03-31,000858,14:36:57,103.7800,21,2
2026-03-31,000858,14:37:00,103.7800,8,2
2026-03-31,000858,14:37:03,103.7900,20,1
2026-03-31,000858,14:37:06,103.7900,11,1
2026-03-31,000858,14:37:09,103.7900,2,1
2026-03-31,000858,14:37:12,103.7800,19,2
2026-03-31,000858,14:37:15,103.7700,13,2
2026-03-31,000858,14:37:18,103.7800,14,1
2026-03-31,000858,14:37:21,103.7700,29,2
2026-03-31,000858,14:37:24,103.8300,97,1
2026-03-31,000858,14:37:27,103.8800,5,1
2026-03-31,000858,14:37:30,103.8400,20,2
2026-03-31,000858,14:37:33,103.8300,22,2
2026-03-31,000858,14:37:36,103.8100,1,2
2026-03-31,000858,14:37:39,103.8300,17,1
2026-03-31,000858,14:37:42,103.8100,5,2
2026-03-31,000858,14:37:45,103.8500,28,1
2026-03-31,000858,14:37:48,103.8800,115,1
2026-03-31,000858,14:37:51,103.9000,41,1
2026-03-31,000858,14:37:54,103.8400,30,2
2026-03-31,000858,14:37:57,103.8800,16,1
2026-03-31,000858,14:38:00,103.8400,9,2
2026-03-31,000858,14:38:03,103.8400,5,2
2026-03-31,000858,14:38:06,103.8400,5,2
2026-03-31,000858,14:38:09,103.8400,24,2
2026-03-31,000858,14:38:12,103.8500,13,2
2026-03-31,000858,14:38:15,103.8500,14,2
2026-03-31,000858,14:38:18,103.8500,19,2
2026-03-31,000858,14:38:21,103.8500,11,2
2026-03-31,000858,14:38:24,103.8500,8,2
2026-03-31,000858,14:38:27,103.8900,10,1
2026-03-31,000858,14:38:30,103.8700,86,2
2026-03-31,000858,14:38:33,103.8700,16,2
2026-03-31,000858,14:38:36,103.9000,6,1
2026-03-31,000858,14:38:39,103.8800,1,2
2026-03-31,000858,14:38:42,103.8900,6,1
2026-03-31,000858,14:38:45,103.8900,18,2
2026-03-31,000858,14:38:48,103.8900,15,2
2026-03-31,000858,14:38:51,103.8900,16,2
2026-03-31,000858,14:38:54,103.9100,40,1
2026-03-31,000858,14:38:57,103.9100,10,1
2026-03-31,000858,14:39:00,103.8900,3,1
2026-03-31,000858,14:39:03,103.9100,15,1
2026-03-31,000858,14:39:06,103.9100,15,1
2026-03-31,000858,14:39:09,103.8900,10,2
2026-03-31,000858,14:39:12,103.8900,10,2
2026-03-31,000858,14:39:15,103.8400,29,2
2026-03-31,000858,14:39:18,103.8200,12,2
2026-03-31,000858,14:39:21,103.8000,18,2
2026-03-31,000858,14:39:24,103.8000,11,2
2026-03-31,000858,14:39:27,103.8100,12,1
2026-03-31,000858,14:39:30,103.8400,1,1
2026-03-31,000858,14:39:33,103.8100,4,2
2026-03-31,000858,14:39:36,103.8800,4,1
2026-03-31,000858,14:39:39,103.8600,6,1
2026-03-31,000858,14:39:42,103.8800,7,1
2026-03-31,000858,14:39:45,103.9200,133,1
2026-03-31,000858,14:39:48,103.8300,16,2
2026-03-31,000858,14:39:51,103.9600,158,1
2026-03-31,000858,14:39:54,103.8400,144,2
2026-03-31,000858,14:39:57,104.0000,483,1
2026-03-31,000858,14:40:00,103.8800,256,2
2026-03-31,000858,14:40:03,104.0300,40,1
2026-03-31,000858,14:40:06,104.0000,198,1
2026-03-31,000858,14:40:09,103.8900,39,2
2026-03-31,000858,14:40:12,104.0000,3,1
2026-03-31,000858,14:40:15,104.0000,149,1
2026-03-31,000858,14:40:18,104.0000,23,1
2026-03-31,000858,14:40:21,104.0000,10,1
2026-03-31,000858,14:40:24,103.9300,7,2
2026-03-31,000858,14:40:27,103.9600,6,2
2026-03-31,000858,14:40:30,103.9700,1,1
2026-03-31,000858,14:40:33,103.9500,4,2
2026-03-31,000858,14:40:36,103.9500,6,2
2026-03-31,000858,14:40:39,103.9300,15,2
2026-03-31,000858,14:40:42,103.9500,21,1
2026-03-31,000858,14:40:45,103.9300,12,2
2026-03-31,000858,14:40:48,103.9500,1,1
2026-03-31,000858,14:40:51,103.9300,12,2
2026-03-31,000858,14:40:54,103.9400,23,1
2026-03-31,000858,14:40:57,103.9500,6,1
2026-03-31,000858,14:41:00,103.9400,2,2
2026-03-31,000858,14:41:03,103.9500,2,1
2026-03-31,000858,14:41:06,103.9400,3,2
2026-03-31,000858,14:41:09,103.9300,1,2
2026-03-31,000858,14:41:12,103.9300,8,2
2026-03-31,000858,14:41:15,103.9100,11,2
2026-03-31,000858,14:41:18,103.9000,7,2
2026-03-31,000858,14:41:21,103.9300,7,1
2026-03-31,000858,14:41:24,103.9000,14,2
2026-03-31,000858,14:41:27,103.9000,21,2
2026-03-31,000858,14:41:30,103.8500,6,2
2026-03-31,000858,14:41:33,103.9000,3,1
2026-03-31,000858,14:41:36,103.8600,5,2
2026-03-31,000858,14:41:39,103.8500,12,2
2026-03-31,000858,14:41:42,103.8400,19,2
2026-03-31,000858,14:41:45,103.8300,2,2
2026-03-31,000858,14:41:48,103.8500,2,1
2026-03-31,000858,14:41:51,103.8500,4,1
2026-03-31,000858,14:41:54,103.8300,5,2
2026-03-31,000858,14:41:57,103.8400,1,1
2026-03-31,000858,14:42:00,103.8400,1,1
2026-03-31,000858,14:42:03,103.8200,15,2
2026-03-31,000858,14:42:06,103.8300,2,1
2026-03-31,000858,14:42:09,103.8200,9,2
2026-03-31,000858,14:42:12,103.8200,13,2
2026-03-31,000858,14:42:15,103.8000,5,2
2026-03-31,000858,14:42:18,103.8000,45,2
2026-03-31,000858,14:42:21,103.8100,2,1
2026-03-31,000858,14:42:24,103.8000,6,2
2026-03-31,000858,14:42:27,103.7900,33,2
2026-03-31,000858,14:42:30,103.8000,9,1
2026-03-31,000858,14:42:33,103.8000,7,1
2026-03-31,000858,14:42:36,103.8000,26,1
2026-03-31,000858,14:42:39,103.8000,1,2
2026-03-31,000858,14:42:42,103.8200,23,1
2026-03-31,000858,14:42:45,103.8100,12,2
2026-03-31,000858,14:42:48,103.8000,1,2
2026-03-31,000858,14:42:51,103.8100,8,1
2026-03-31,000858,14:42:54,103.8100,7,1
2026-03-31,000858,14:42:57,103.8100,6,1
2026-03-31,000858,14:43:00,103.8000,28,2
2026-03-31,000858,14:43:03,103.8100,6,1
2026-03-31,000858,14:43:06,103.8100,11,2
2026-03-31,000858,14:43:09,103.8000,8,2
2026-03-31,000858,14:43:15,103.8000,6,2
2026-03-31,000858,14:43:18,103.8000,16,1
2026-03-31,000858,14:43:21,103.8000,25,1
2026-03-31,000858,14:43:24,103.8000,17,2
2026-03-31,000858,14:43:27,103.8200,38,1
2026-03-31,000858,14:43:30,103.8400,43,1
2026-03-31,000858,14:43:33,103.8600,8,1
2026-03-31,000858,14:43:36,103.8400,3,2
2026-03-31,000858,14:43:39,103.8400,4,2
2026-03-31,000858,14:43:42,103.8500,3,2
2026-03-31,000858,14:43:45,103.8300,11,2
2026-03-31,000858,14:43:48,103.8400,10,1
2026-03-31,000858,14:43:51,103.8300,4,2
2026-03-31,000858,14:43:54,103.8400,15,1
2026-03-31,000858,14:43:57,103.8400,8,4
2026-03-31,000858,14:44:00,103.8400,3,2
2026-03-31,000858,14:44:03,103.8400,27,2
2026-03-31,000858,14:44:06,103.8200,4,2
2026-03-31,000858,14:44:09,103.8400,6,1
2026-03-31,000858,14:44:12,103.8400,9,1
2026-03-31,000858,14:44:15,103.8300,14,2
2026-03-31,000858,14:44:18,103.8400,15,1
2026-03-31,000858,14:44:21,103.8400,16,2
2026-03-31,000858,14:44:24,103.8400,10,2
2026-03-31,000858,14:44:27,103.8300,43,2
2026-03-31,000858,14:44:30,103.8300,39,1
2026-03-31,000858,14:44:33,103.8300,10,1
2026-03-31,000858,14:44:36,103.8400,25,1
2026-03-31,000858,14:44:39,103.8300,9,2
2026-03-31,000858,14:44:42,103.8400,6,4
2026-03-31,000858,14:44:45,103.8200,11,2
2026-03-31,000858,14:44:48,103.8300,2,1
2026-03-31,000858,14:44:51,103.8200,4,2
2026-03-31,000858,14:44:54,103.8400,18,1
2026-03-31,000858,14:44:57,103.8200,22,2
2026-03-31,000858,14:45:00,103.8200,15,1
2026-03-31,000858,14:45:03,103.8200,18,1
2026-03-31,000858,14:45:06,103.8100,22,2
2026-03-31,000858,14:45:09,103.8300,10,4
2026-03-31,000858,14:45:12,103.8500,29,1
2026-03-31,000858,14:45:15,103.8600,63,1
2026-03-31,000858,14:45:18,103.8900,17,1
2026-03-31,000858,14:45:21,103.9000,127,1
2026-03-31,000858,14:45:24,103.8900,56,2
2026-03-31,000858,14:45:27,103.9300,37,1
2026-03-31,000858,14:45:30,103.9500,20,1
2026-03-31,000858,14:45:33,103.9500,101,1
2026-03-31,000858,14:45:36,103.9500,41,2
2026-03-31,000858,14:45:39,103.9500,69,1
2026-03-31,000858,14:45:42,103.9500,24,2
2026-03-31,000858,14:45:45,103.9400,22,2
2026-03-31,000858,14:45:48,103.9500,24,1
2026-03-31,000858,14:45:51,103.9400,2,1
2026-03-31,000858,14:45:54,103.9400,26,2
2026-03-31,000858,14:45:57,103.9500,45,1
2026-03-31,000858,14:46:00,103.9400,8,2
2026-03-31,000858,14:46:03,103.9400,21,2
2026-03-31,000858,14:46:06,103.9500,10,1
2026-03-31,000858,14:46:09,103.9400,6,4
2026-03-31,000858,14:46:12,103.9300,19,2
2026-03-31,000858,14:46:15,103.9300,22,2
2026-03-31,000858,14:46:18,103.9300,5,2
2026-03-31,000858,14:46:21,103.9100,26,2
2026-03-31,000858,14:46:24,103.9400,7,1
2026-03-31,000858,14:46:27,103.9100,16,2
2026-03-31,000858,14:46:30,103.9400,4,1
2026-03-31,000858,14:46:33,103.9200,9,2
2026-03-31,000858,14:46:36,103.9200,21,2
2026-03-31,000858,14:46:39,103.9300,5,4
2026-03-31,000858,14:46:42,103.9300,22,2
2026-03-31,000858,14:46:45,103.9300,8,1
2026-03-31,000858,14:46:48,103.9300,22,2
2026-03-31,000858,14:46:51,103.9200,43,2
2026-03-31,000858,14:46:54,103.9100,36,2
2026-03-31,000858,14:46:57,103.8800,16,2
2026-03-31,000858,14:47:00,103.9200,7,1
2026-03-31,000858,14:47:03,103.9200,20,1
2026-03-31,000858,14:47:06,103.8800,22,2
2026-03-31,000858,14:47:09,103.8900,1,1
2026-03-31,000858,14:47:12,103.8800,28,2
2026-03-31,000858,14:47:15,103.8800,37,2
2026-03-31,000858,14:47:18,103.8800,7,1
2026-03-31,000858,14:47:21,103.8700,30,2
2026-03-31,000858,14:47:24,103.8700,8,2
2026-03-31,000858,14:47:27,103.8900,22,1
2026-03-31,000858,14:47:30,103.8700,16,2
2026-03-31,000858,14:47:33,103.8700,75,2
2026-03-31,000858,14:47:36,103.8700,40,2
2026-03-31,000858,14:47:39,103.8600,28,2
2026-03-31,000858,14:47:42,103.8700,21,1
2026-03-31,000858,14:47:45,103.8800,14,1
2026-03-31,000858,14:47:48,103.8700,29,2
2026-03-31,000858,14:47:51,103.8600,110,2
2026-03-31,000858,14:47:54,103.8800,43,1
2026-03-31,000858,14:47:57,103.8600,11,2
2026-03-31,000858,14:48:00,103.8900,38,1
2026-03-31,000858,14:48:03,103.8700,23,2
2026-03-31,000858,14:48:06,103.8700,13,2
2026-03-31,000858,14:48:09,103.8800,15,1
2026-03-31,000858,14:48:12,103.8800,20,1
2026-03-31,000858,14:48:15,103.8700,24,2
2026-03-31,000858,14:48:18,103.8700,25,2
2026-03-31,000858,14:48:21,103.8700,10,4
2026-03-31,000858,14:48:24,103.8800,12,1
2026-03-31,000858,14:48:27,103.8800,15,1
2026-03-31,000858,14:48:30,103.8800,14,1
2026-03-31,000858,14:48:33,103.8700,6,2
2026-03-31,000858,14:48:36,103.8800,24,1
2026-03-31,000858,14:48:39,103.8800,12,1
2026-03-31,000858,14:48:42,103.8800,18,1
2026-03-31,000858,14:48:45,103.8600,46,2
2026-03-31,000858,14:48:48,103.8700,19,1
2026-03-31,000858,14:48:51,103.8700,11,2
2026-03-31,000858,14:48:54,103.8700,41,2
2026-03-31,000858,14:48:57,103.8700,22,2
2026-03-31,000858,14:49:00,103.8700,28,2
2026-03-31,000858,14:49:03,103.8500,42,2
2026-03-31,000858,14:49:06,103.8300,60,2
2026-03-31,000858,14:49:09,103.8600,45,1
2026-03-31,000858,14:49:12,103.8800,38,1
2026-03-31,000858,14:49:15,103.8400,37,2
2026-03-31,000858,14:49:18,103.8600,22,4
2026-03-31,000858,14:49:21,103.8600,22,2
2026-03-31,000858,14:49:24,103.8800,32,4
2026-03-31,000858,14:49:27,103.8900,44,1
2026-03-31,000858,14:49:30,103.8900,18,1
2026-03-31,000858,14:49:33,103.8900,9,1
2026-03-31,000858,14:49:36,103.8800,47,2
2026-03-31,000858,14:49:39,103.8900,33,4
2026-03-31,000858,14:49:42,103.8900,20,1
2026-03-31,000858,14:49:45,103.8800,38,1
2026-03-31,000858,14:49:48,103.8900,20,1
2026-03-31,000858,14:49:51,103.8900,12,1
2026-03-31,000858,14:49:54,103.8800,19,2
2026-03-31,000858,14:49:57,103.8800,8,1
2026-03-31,000858,14:50:00,103.8600,77,2
2026-03-31,000858,14:50:03,103.8700,17,4
2026-03-31,000858,14:50:06,103.8800,22,1
2026-03-31,000858,14:50:09,103.8800,24,1
2026-03-31,000858,14:50:12,103.8700,10,2
2026-03-31,000858,14:50:15,103.8800,3,1
2026-03-31,000858,14:50:18,103.8700,17,1
2026-03-31,000858,14:50:21,103.8700,11,1
2026-03-31,000858,14:50:24,103.8700,29,1
2026-03-31,000858,14:50:27,103.8700,22,1
2026-03-31,000858,14:50:30,103.8700,14,1
2026-03-31,000858,14:50:33,103.8600,16,1
2026-03-31,000858,14:50:36,103.8500,26,2
2026-03-31,000858,14:50:39,103.8600,8,1
2026-03-31,000858,14:50:42,103.8500,34,2
2026-03-31,000858,14:50:45,103.8500,25,1
2026-03-31,000858,14:50:48,103.8400,5,2
2026-03-31,000858,14:50:51,103.8400,26,2
2026-03-31,000858,14:50:54,103.8400,38,2
2026-03-31,000858,14:50:57,103.8400,28,1
2026-03-31,000858,14:51:00,103.8400,8,1
2026-03-31,000858,14:51:03,103.8400,6,4
2026-03-31,000858,14:51:06,103.8400,44,2
2026-03-31,000858,14:51:09,103.8500,35,1
2026-03-31,000858,14:51:12,103.8400,52,2
2026-03-31,000858,14:51:15,103.8500,32,4
2026-03-31,000858,14:51:18,103.8400,35,2
2026-03-31,000858,14:51:21,103.8600,16,1
2026-03-31,000858,14:51:24,103.8600,28,1
2026-03-31,000858,14:51:27,103.8500,19,1
2026-03-31,000858,14:51:30,103.8500,33,1
2026-03-31,000858,14:51:33,103.8300,26,2
2026-03-31,000858,14:51:36,103.8300,13,1
2026-03-31,000858,14:51:39,103.8300,19,2
2026-03-31,000858,14:51:42,103.8300,27,1
2026-03-31,000858,14:51:45,103.8300,35,1
2026-03-31,000858,14:51:48,103.8300,36,1
2026-03-31,000858,14:51:51,103.8400,23,1
2026-03-31,000858,14:51:54,103.8500,37,1
2026-03-31,000858,14:51:57,103.8600,14,1
2026-03-31,000858,14:52:00,103.8600,57,1
2026-03-31,000858,14:52:03,103.8600,14,1
2026-03-31,000858,14:52:06,103.8500,19,4
2026-03-31,000858,14:52:09,103.8400,40,2
2026-03-31,000858,14:52:12,103.8700,29,1
2026-03-31,000858,14:52:15,103.8400,19,2
2026-03-31,000858,14:52:18,103.8500,8,4
2026-03-31,000858,14:52:21,103.8700,24,1
2026-03-31,000858,14:52:24,103.8500,39,2
2026-03-31,000858,14:52:27,103.8700,61,1
2026-03-31,000858,14:52:30,103.8800,36,1
2026-03-31,000858,14:52:33,103.8900,63,1
2026-03-31,000858,14:52:36,103.8700,25,2
2026-03-31,000858,14:52:39,103.8900,44,1
2026-03-31,000858,14:52:42,103.8800,23,2
2026-03-31,000858,14:52:45,103.8900,32,4
2026-03-31,000858,14:52:48,103.8800,37,4
2026-03-31,000858,14:52:51,103.8700,20,1
2026-03-31,000858,14:52:54,103.8500,22,2
2026-03-31,000858,14:52:57,103.8400,23,2
2026-03-31,000858,14:53:00,103.8400,29,2
2026-03-31,000858,14:53:03,103.8500,17,1
2026-03-31,000858,14:53:06,103.8300,26,2
2026-03-31,000858,14:53:09,103.8500,15,1
2026-03-31,000858,14:53:12,103.8300,11,2
2026-03-31,000858,14:53:15,103.8300,18,2
2026-03-31,000858,14:53:18,103.8500,20,1
2026-03-31,000858,14:53:21,103.8500,17,1
2026-03-31,000858,14:53:24,103.8400,16,2
2026-03-31,000858,14:53:27,103.8400,19,2
2026-03-31,000858,14:53:30,103.8400,8,2
2026-03-31,000858,14:53:33,103.8400,24,1
2026-03-31,000858,14:53:36,103.8400,19,1
2026-03-31,000858,14:53:39,103.8300,37,2
2026-03-31,000858,14:53:42,103.8500,19,1
2026-03-31,000858,14:53:45,103.8500,24,4
2026-03-31,000858,14:53:48,103.8400,3,2
2026-03-31,000858,14:53:51,103.8600,21,1
2026-03-31,000858,14:53:54,103.8500,28,2
2026-03-31,000858,14:53:57,103.8500,28,2
2026-03-31,000858,14:54:00,103.8500,13,2
2026-03-31,000858,14:54:03,103.8700,44,1
2026-03-31,000858,14:54:06,103.8700,28,1
2026-03-31,000858,14:54:09,103.8800,44,1
2026-03-31,000858,14:54:12,103.8800,24,1
2026-03-31,000858,14:54:15,103.8700,21,2
2026-03-31,000858,14:54:18,103.8600,45,1
2026-03-31,000858,14:54:21,103.8600,22,1
2026-03-31,000858,14:54:24,103.8600,24,1
2026-03-31,000858,14:54:27,103.8600,14,1
2026-03-31,000858,14:54:30,103.8600,34,2
2026-03-31,000858,14:54:33,103.8700,37,1
2026-03-31,000858,14:54:36,103.8600,28,2
2026-03-31,000858,14:54:39,103.8500,29,2
2026-03-31,000858,14:54:42,103.8500,28,1
2026-03-31,000858,14:54:45,103.8500,9,1
2026-03-31,000858,14:54:48,103.8600,15,1
2026-03-31,000858,14:54:51,103.8600,21,1
2026-03-31,000858,14:54:54,103.8600,24,1
2026-03-31,000858,14:54:57,103.8500,25,4
2026-03-31,000858,14:55:00,103.8300,15,2
2026-03-31,000858,14:55:03,103.8500,22,1
2026-03-31,000858,14:55:06,103.8600,53,1
2026-03-31,000858,14:55:09,103.8500,22,2
2026-03-31,000858,14:55:12,103.8600,50,1
2026-03-31,000858,14:55:15,103.8500,28,2
2026-03-31,000858,14:55:18,103.8700,114,1
2026-03-31,000858,14:55:21,103.8500,78,2
2026-03-31,000858,14:55:24,103.8600,29,1
2026-03-31,000858,14:55:27,103.8600,61,2
2026-03-31,000858,14:55:30,103.8600,63,1
2026-03-31,000858,14:55:33,103.8600,116,1
2026-03-31,000858,14:55:36,103.8600,187,1
2026-03-31,000858,14:55:39,103.8700,89,1
2026-03-31,000858,14:55:42,103.8700,78,1
2026-03-31,000858,14:55:45,103.8600,42,2
2026-03-31,000858,14:55:48,103.8800,51,1
2026-03-31,000858,14:55:51,103.8800,45,1
2026-03-31,000858,14:55:54,103.8900,45,1
2026-03-31,000858,14:55:57,103.8600,45,2
2026-03-31,000858,14:56:00,103.8700,69,1
2026-03-31,000858,14:56:03,103.8800,28,1
2026-03-31,000858,14:56:06,103.8500,13,1
2026-03-31,000858,14:56:09,103.8500,12,2
2026-03-31,000858,14:56:12,103.8300,37,2
2026-03-31,000858,14:56:15,103.8600,40,1
2026-03-31,000858,14:56:18,103.8500,12,2
2026-03-31,000858,14:56:21,103.8400,14,2
2026-03-31,000858,14:56:24,103.8500,35,1
2026-03-31,000858,14:56:27,103.8600,20,1
2026-03-31,000858,14:56:30,103.8600,50,1
2026-03-31,000858,14:56:33,103.8300,41,2
2026-03-31,000858,14:56:36,103.8400,4,1
2026-03-31,000858,14:56:39,103.8400,10,1
2026-03-31,000858,14:56:42,103.8200,18,2
2026-03-31,000858,14:56:45,103.8300,12,4
2026-03-31,000858,14:56:48,103.8200,35,2
2026-03-31,000858,14:56:51,103.8200,9,2
2026-03-31,000858,14:56:54,103.8300,21,4
2026-03-31,000858,14:56:57,103.8200,9,2
2026-03-31,000858,14:57:00,103.8200,49,2
2026-03-31,000858,15:00:00,103.2700,3765,4
2026-03-31,000858,13:15:03,104.0800,14,1
2026-03-31,000858,13:15:06,104.0600,5,2
2026-03-31,000858,13:15:09,104.0700,20,1
2026-03-31,000858,13:15:12,104.0700,26,1
2026-03-31,000858,13:15:15,104.0500,26,2
2026-03-31,000858,13:15:18,104.0600,23,1
2026-03-31,000858,13:15:21,104.0600,46,2
2026-03-31,000858,13:15:24,104.0500,40,2
2026-03-31,000858,13:15:27,104.0500,25,2
2026-03-31,000858,13:15:30,104.0500,18,1
2026-03-31,000858,13:15:33,104.0500,19,1
2026-03-31,000858,13:15:36,104.0500,17,1
2026-03-31,000858,13:15:39,104.0200,14,2
2026-03-31,000858,13:15:42,104.0200,41,2
2026-03-31,000858,13:15:45,104.0100,9,2
2026-03-31,000858,13:15:48,104.0200,15,1
2026-03-31,000858,13:15:51,104.0200,18,2
2026-03-31,000858,13:15:54,104.0100,8,2
2026-03-31,000858,13:15:57,104.0200,20,1
2026-03-31,000858,13:16:00,104.0100,31,2
2026-03-31,000858,13:16:03,104.0200,25,1
2026-03-31,000858,13:16:06,104.0200,25,2
2026-03-31,000858,13:16:09,104.0400,62,1
2026-03-31,000858,13:16:12,104.0100,14,2
2026-03-31,000858,13:16:15,104.0400,48,1
2026-03-31,000858,13:16:18,104.0100,14,2
2026-03-31,000858,13:16:21,104.0200,21,2
2026-03-31,000858,13:16:24,104.0100,42,2
2026-03-31,000858,13:16:27,104.0200,33,1
2026-03-31,000858,13:16:30,104.0100,12,2
2026-03-31,000858,13:16:33,104.0200,19,1
2026-03-31,000858,13:16:36,104.0100,12,2
2026-03-31,000858,13:16:39,104.0100,19,1
2026-03-31,000858,13:16:42,104.0100,30,2
2026-03-31,000858,13:16:45,104.0100,57,2
2026-03-31,000858,13:16:48,104.0100,32,1
2026-03-31,000858,13:16:51,104.0100,19,1
2026-03-31,000858,13:16:54,104.0000,20,2
2026-03-31,000858,13:16:57,104.0000,33,2
2026-03-31,000858,13:17:00,104.0000,25,2
2026-03-31,000858,13:17:03,104.0000,53,2
2026-03-31,000858,13:17:06,104.0000,26,2
2026-03-31,000858,13:17:09,104.0000,159,2
2026-03-31,000858,13:17:12,104.0000,31,2
2026-03-31,000858,13:17:15,104.0300,106,1
2026-03-31,000858,13:17:18,104.0000,159,2
2026-03-31,000858,13:17:21,104.0100,45,2
2026-03-31,000858,13:17:24,104.0200,58,4
2026-03-31,000858,13:17:27,104.0000,26,2
2026-03-31,000858,13:17:30,104.0200,17,1
2026-03-31,000858,13:17:33,104.0100,10,4
2026-03-31,000858,13:17:36,104.0000,46,2
2026-03-31,000858,13:17:39,104.0000,31,2
2026-03-31,000858,13:17:42,104.0100,12,4
2026-03-31,000858,13:17:45,104.0200,16,1
2026-03-31,000858,13:17:48,104.0000,19,2
2026-03-31,000858,13:17:51,104.0000,37,2
2026-03-31,000858,13:17:54,104.0000,8,1
2026-03-31,000858,13:17:57,104.0200,32,1
2026-03-31,000858,13:18:00,103.9900,21,2
2026-03-31,000858,13:18:03,103.9900,23,2
2026-03-31,000858,13:18:06,104.0000,16,1
2026-03-31,000858,13:18:09,104.0000,19,2
2026-03-31,000858,13:18:12,104.0000,24,2
2026-03-31,000858,13:18:15,104.0000,47,2
2026-03-31,000858,13:18:18,103.9900,15,2
2026-03-31,000858,13:18:21,104.0000,29,1
2026-03-31,000858,13:18:24,104.0000,17,1
2026-03-31,000858,13:18:27,103.9700,8,2
2026-03-31,000858,13:18:30,103.9600,79,2
2026-03-31,000858,13:18:33,104.0000,23,1
2026-03-31,000858,13:18:36,103.9900,28,1
2026-03-31,000858,13:18:39,103.9600,10,2
2026-03-31,000858,13:18:42,103.9900,18,1
2026-03-31,000858,13:18:45,103.9600,15,1
2026-03-31,000858,13:18:48,103.9800,19,1
2026-03-31,000858,13:18:51,103.9800,7,1
2026-03-31,000858,13:18:54,103.9400,14,2
2026-03-31,000858,13:18:57,103.9800,16,1
2026-03-31,000858,13:19:00,103.9400,17,2
2026-03-31,000858,13:19:03,103.9700,13,2
2026-03-31,000858,13:19:06,103.9700,19,1
2026-03-31,000858,13:19:09,103.9500,19,2
2026-03-31,000858,13:19:12,103.9700,6,1
2026-03-31,000858,13:19:15,103.9600,15,4
2026-03-31,000858,13:19:18,103.9500,18,2
2026-03-31,000858,13:19:21,103.9600,25,1
2026-03-31,000858,13:19:24,103.9500,12,2
2026-03-31,000858,13:19:27,103.9400,7,2
2026-03-31,000858,13:19:30,103.9400,5,2
2026-03-31,000858,13:19:33,103.9500,37,1
2026-03-31,000858,13:19:36,103.9400,12,2
2026-03-31,000858,13:19:39,103.9600,25,1
2026-03-31,000858,13:19:42,103.9600,3,2
2026-03-31,000858,13:19:45,103.9800,38,1
2026-03-31,000858,13:19:48,103.9800,24,1
2026-03-31,000858,13:19:51,103.9700,11,2
2026-03-31,000858,13:19:54,103.9800,10,1
2026-03-31,000858,13:19:57,103.9700,30,4
2026-03-31,000858,13:20:00,103.9900,24,1
2026-03-31,000858,13:20:03,103.9900,20,2
2026-03-31,000858,13:20:06,104.0000,7,1
2026-03-31,000858,13:20:09,104.0200,120,1
2026-03-31,000858,13:20:12,104.0100,61,2
2026-03-31,000858,13:20:15,104.0200,47,1
2026-03-31,000858,13:20:18,104.0200,28,2
2026-03-31,000858,13:20:21,104.0200,14,2
2026-03-31,000858,13:20:24,104.0300,23,1
2026-03-31,000858,13:20:27,104.0200,25,2
2026-03-31,000858,13:20:30,104.0100,12,2
2026-03-31,000858,13:20:33,104.0200,9,1
2026-03-31,000858,13:20:36,104.0100,8,2
2026-03-31,000858,13:20:39,104.0000,12,2
2026-03-31,000858,13:20:42,104.0200,9,1
2026-03-31,000858,13:20:45,104.0200,7,1
2026-03-31,000858,13:20:48,104.0000,4,2
2026-03-31,000858,13:20:51,104.0200,21,2
2026-03-31,000858,13:20:54,104.0200,2,1
2026-03-31,000858,13:20:57,104.0200,6,1
2026-03-31,000858,13:21:00,104.0000,10,2
2026-03-31,000858,13:21:03,104.0100,7,2
2026-03-31,000858,13:21:06,104.0100,6,1
2026-03-31,000858,13:21:09,104.0300,24,1
2026-03-31,000858,13:21:12,104.0100,1,2
2026-03-31,000858,13:21:15,104.0200,18,2
2026-03-31,000858,13:21:18,104.0300,13,1
2026-03-31,000858,13:21:21,104.0300,15,1
2026-03-31,000858,13:21:24,104.0300,16,1
2026-03-31,000858,13:21:27,104.0200,11,2
2026-03-31,000858,13:21:30,104.0200,16,2
2026-03-31,000858,13:21:33,104.0300,14,1
2026-03-31,000858,13:21:36,104.0300,14,1
2026-03-31,000858,13:21:39,104.0200,6,1
2026-03-31,000858,13:21:42,104.0100,10,2
2026-03-31,000858,13:21:45,104.0300,8,1
2026-03-31,000858,13:21:48,104.0300,13,1
2026-03-31,000858,13:21:51,104.0300,27,1
2026-03-31,000858,13:21:54,104.0200,11,2
2026-03-31,000858,13:21:57,104.0100,18,2
2026-03-31,000858,13:22:00,104.0100,22,2
2026-03-31,000858,13:22:03,104.0400,175,1
2026-03-31,000858,13:22:06,104.0200,124,2
2026-03-31,000858,13:22:09,104.0300,11,2
2026-03-31,000858,13:22:12,104.0800,48,1
2026-03-31,000858,13:22:15,104.0400,9,2
2026-03-31,000858,13:22:18,104.0300,30,2
2026-03-31,000858,13:22:21,104.0300,11,2
2026-03-31,000858,13:22:24,104.0100,12,2
2026-03-31,000858,13:22:27,104.0300,2,2
2026-03-31,000858,13:22:30,104.0700,9,1
2026-03-31,000858,13:22:33,104.0500,7,2
2026-03-31,000858,13:22:36,104.0400,13,2
2026-03-31,000858,13:22:39,104.0800,14,1
2026-03-31,000858,13:22:42,104.0600,6,2
2026-03-31,000858,13:22:45,104.0600,197,1
2026-03-31,000858,13:22:48,104.0700,52,4
2026-03-31,000858,13:22:51,104.0200,49,2
2026-03-31,000858,13:22:54,104.0300,23,2
2026-03-31,000858,13:22:57,104.0300,26,2
2026-03-31,000858,13:23:03,104.0300,19,2
2026-03-31,000858,13:23:06,104.0300,6,2
2026-03-31,000858,13:23:09,104.0300,6,2
2026-03-31,000858,13:23:12,104.0300,3,1
2026-03-31,000858,13:23:15,104.0400,18,1
2026-03-31,000858,13:23:18,104.0300,2,2
2026-03-31,000858,13:23:21,104.0100,62,2
2026-03-31,000858,13:23:24,104.0000,21,2
2026-03-31,000858,13:23:27,104.0000,21,2
2026-03-31,000858,13:23:30,104.0100,20,1
2026-03-31,000858,13:23:33,104.0000,23,2
2026-03-31,000858,13:23:36,104.0000,12,1
2026-03-31,000858,13:23:39,103.9900,9,4
2026-03-31,000858,13:23:42,103.9800,4,2
2026-03-31,000858,13:23:45,103.9900,7,1
2026-03-31,000858,13:23:48,103.9900,16,1
2026-03-31,000858,13:23:51,104.0100,137,1
2026-03-31,000858,13:23:54,104.0400,37,1
2026-03-31,000858,13:23:57,104.0500,40,1
2026-03-31,000858,13:24:00,104.1000,137,1
2026-03-31,000858,13:24:03,104.1100,39,1
2026-03-31,000858,13:24:06,104.0000,61,2
2026-03-31,000858,13:24:09,104.1300,37,1
2026-03-31,000858,13:24:12,104.1200,24,1
2026-03-31,000858,13:24:15,104.0400,10,2
2026-03-31,000858,13:24:18,104.1300,30,1
2026-03-31,000858,13:24:21,104.1500,13,1
2026-03-31,000858,13:24:24,104.1300,42,4
2026-03-31,000858,13:24:27,104.1400,16,1
2026-03-31,000858,13:24:30,104.1400,21,2
2026-03-31,000858,13:24:33,104.0400,13,2
2026-03-31,000858,13:24:36,104.1400,22,2
2026-03-31,000858,13:24:39,104.0300,14,2
2026-03-31,000858,13:24:42,104.1500,39,1
2026-03-31,000858,13:24:45,104.0600,11,2
2026-03-31,000858,13:24:48,104.0400,19,2
2026-03-31,000858,13:24:51,104.1500,6,1
2026-03-31,000858,13:24:54,104.0400,5,2
2026-03-31,000858,13:24:57,104.1000,3,1
2026-03-31,000858,13:25:00,104.1000,9,1
2026-03-31,000858,13:25:03,104.1000,7,1
2026-03-31,000858,13:25:06,104.0500,5,2
2026-03-31,000858,13:25:09,104.0800,3,1
2026-03-31,000858,13:25:12,104.1500,52,1
2026-03-31,000858,13:25:15,104.0900,24,2
2026-03-31,000858,13:25:18,104.1500,17,1
2026-03-31,000858,13:25:21,104.1500,30,1
2026-03-31,000858,13:25:24,104.0500,10,2
2026-03-31,000858,13:25:27,104.0800,25,1
2026-03-31,000858,13:25:30,104.0900,9,1
2026-03-31,000858,13:25:33,104.0600,12,2
2026-03-31,000858,13:25:36,104.0600,7,2
2026-03-31,000858,13:25:39,104.0600,5,2
2026-03-31,000858,13:25:42,104.0600,10,2
2026-03-31,000858,13:25:45,104.0600,7,2
2026-03-31,000858,13:25:48,104.0700,13,2
2026-03-31,000858,13:25:51,104.0800,4,2
2026-03-31,000858,13:25:54,104.0700,4,2
2026-03-31,000858,13:25:57,104.1000,2,1
2026-03-31,000858,13:26:00,104.0800,1,2
2026-03-31,000858,13:26:03,104.0900,7,2
2026-03-31,000858,13:26:06,104.0700,7,2
2026-03-31,000858,13:26:09,104.0900,104,4
2026-03-31,000858,13:26:12,104.0900,23,1
2026-03-31,000858,13:26:15,104.0900,56,2
2026-03-31,000858,13:26:18,104.0000,79,2
2026-03-31,000858,13:26:21,104.0800,46,1
2026-03-31,000858,13:26:24,104.0100,26,2
2026-03-31,000858,13:26:27,104.0700,30,1
2026-03-31,000858,13:26:30,104.0700,19,1
2026-03-31,000858,13:26:33,103.9900,9,2
2026-03-31,000858,13:26:36,103.9900,4,2
2026-03-31,000858,13:26:39,103.9900,8,2
2026-03-31,000858,13:26:42,104.0000,2,2
2026-03-31,000858,13:26:45,104.0000,6,2
2026-03-31,000858,13:26:48,104.0000,16,2
2026-03-31,000858,13:26:51,104.0000,4,2
2026-03-31,000858,13:26:54,104.0000,5,2
2026-03-31,000858,13:26:57,104.0000,15,2
2026-03-31,000858,13:27:00,103.9900,19,2
2026-03-31,000858,13:27:03,104.0000,11,1
2026-03-31,000858,13:27:06,103.9900,12,2
2026-03-31,000858,13:27:09,103.9900,12,2
2026-03-31,000858,13:27:12,103.9800,22,2
2026-03-31,000858,13:27:15,103.9900,26,1
2026-03-31,000858,13:27:18,103.9600,6,2
2026-03-31,000858,13:27:21,103.9600,6,2
2026-03-31,000858,13:27:24,103.9600,5,2
2026-03-31,000858,13:27:27,103.9700,11,1
2026-03-31,000858,13:27:30,103.9600,20,2
2026-03-31,000858,13:27:33,104.0100,156,1
2026-03-31,000858,13:27:36,104.0500,59,1
2026-03-31,000858,13:27:39,104.0500,42,1
2026-03-31,000858,13:27:42,103.9600,23,2
2026-03-31,000858,13:27:45,103.9800,13,2
2026-03-31,000858,13:27:48,103.9800,6,2
2026-03-31,000858,13:27:51,103.9800,5,2
2026-03-31,000858,13:27:54,103.9900,8,2
2026-03-31,000858,13:27:57,103.9800,12,2
2026-03-31,000858,13:28:00,103.9900,9,2
2026-03-31,000858,13:28:03,104.0000,15,1
2026-03-31,000858,13:28:06,103.9900,8,2
2026-03-31,000858,13:28:09,104.0000,14,1
2026-03-31,000858,13:28:12,103.9900,2,2
2026-03-31,000858,13:28:15,103.9900,6,2
2026-03-31,000858,13:28:18,104.0000,9,1
2026-03-31,000858,13:28:21,104.0000,15,2
2026-03-31,000858,13:28:24,104.0000,3,2
2026-03-31,000858,13:28:27,104.0000,12,2
2026-03-31,000858,13:28:30,103.9900,9,2
2026-03-31,000858,13:28:33,104.0000,16,1
2026-03-31,000858,13:28:36,103.9900,26,2
2026-03-31,000858,13:28:39,104.0000,16,1
2026-03-31,000858,13:28:42,104.0000,7,1
2026-03-31,000858,13:28:45,104.0000,38,1
2026-03-31,000858,13:28:48,104.0000,11,1
2026-03-31,000858,13:28:51,103.9800,23,2
2026-03-31,000858,13:28:54,103.9900,19,2
2026-03-31,000858,13:28:57,104.0000,15,1
2026-03-31,000858,13:29:00,103.9800,23,2
2026-03-31,000858,13:29:03,103.9900,16,1
2026-03-31,000858,13:29:06,104.0000,15,1
2026-03-31,000858,13:29:09,104.0000,10,2
2026-03-31,000858,13:29:12,104.0000,8,2
2026-03-31,000858,13:29:15,104.0000,9,2
2026-03-31,000858,13:29:18,104.0000,53,2
2026-03-31,000858,13:29:21,104.0000,39,2
2026-03-31,000858,13:29:24,103.9900,20,4
2026-03-31,000858,13:29:27,103.9900,126,4
2026-03-31,000858,13:29:30,103.9800,35,1
2026-03-31,000858,13:29:33,103.9800,37,1
2026-03-31,000858,13:29:36,104.0000,122,1
2026-03-31,000858,13:29:39,104.0000,26,1
2026-03-31,000858,13:29:42,103.9900,35,1
2026-03-31,000858,13:29:45,103.9700,11,2
2026-03-31,000858,13:29:48,103.9300,16,2
2026-03-31,000858,13:29:51,103.9300,15,2
2026-03-31,000858,13:29:54,103.9900,9,1
2026-03-31,000858,13:29:57,104.0100,49,1
2026-03-31,000858,13:30:00,104.0000,63,2
2026-03-31,000858,13:30:03,104.0000,13,1
2026-03-31,000858,13:30:06,103.9400,23,2
2026-03-31,000858,13:30:09,103.9900,20,1
2026-03-31,000858,13:30:12,103.9200,7,2
2026-03-31,000858,13:30:15,103.9600,23,2
2026-03-31,000858,13:30:18,103.9600,8,2
2026-03-31,000858,13:30:21,104.0000,10,1
2026-03-31,000858,13:30:24,104.0000,7,1
2026-03-31,000858,13:30:27,104.0100,13,1
2026-03-31,000858,13:30:30,104.0100,7,2
2026-03-31,000858,13:30:33,104.0200,12,1
2026-03-31,000858,13:30:36,104.0100,21,2
2026-03-31,000858,13:30:39,104.0100,15,2
2026-03-31,000858,13:30:42,104.0300,23,1
2026-03-31,000858,13:30:45,104.0400,15,1
2026-03-31,000858,13:30:48,104.0500,28,1
2026-03-31,000858,13:30:51,104.0000,8,2
2026-03-31,000858,13:30:54,104.0500,20,1
2026-03-31,000858,13:30:57,104.0500,21,1
2026-03-31,000858,13:31:00,104.0400,14,1
2026-03-31,000858,13:31:03,103.9700,6,2
2026-03-31,000858,13:31:06,104.0600,66,1
2026-03-31,000858,13:31:09,104.0600,38,1
2026-03-31,000858,13:31:12,104.0600,42,1
2026-03-31,000858,13:31:15,104.0600,28,2
2026-03-31,000858,13:31:18,104.0600,29,2
2026-03-31,000858,13:31:21,104.1300,127,1
2026-03-31,000858,13:31:24,104.1400,60,1
2026-03-31,000858,13:31:27,104.0900,72,2
2026-03-31,000858,13:31:30,104.1500,44,1
2026-03-31,000858,13:31:33,104.1400,22,2
2026-03-31,000858,13:31:36,104.1400,18,1
2026-03-31,000858,13:31:39,104.1400,14,1
2026-03-31,000858,13:31:42,104.1300,14,1
2026-03-31,000858,13:31:45,104.1000,9,1
2026-03-31,000858,13:31:48,104.1000,6,2
2026-03-31,000858,13:31:51,104.1300,10,1
2026-03-31,000858,13:31:54,104.1000,4,2
2026-03-31,000858,13:31:57,104.0400,15,2
2026-03-31,000858,13:32:00,104.1300,5,1
2026-03-31,000858,13:32:03,104.0800,11,2
2026-03-31,000858,13:32:06,104.0400,1,2
2026-03-31,000858,13:32:09,104.1000,8,1
2026-03-31,000858,13:32:12,104.0800,2,1
2026-03-31,000858,13:32:15,104.1100,36,1
2026-03-31,000858,13:32:18,104.1000,10,2
2026-03-31,000858,13:32:21,104.1400,11,1
2026-03-31,000858,13:32:24,104.1000,9,1
2026-03-31,000858,13:32:27,104.1100,23,1
2026-03-31,000858,13:32:30,104.1100,11,2
2026-03-31,000858,13:32:33,104.1300,18,1
2026-03-31,000858,13:32:36,104.1100,9,1
2026-03-31,000858,13:32:39,104.0700,18,2
2026-03-31,000858,13:32:42,104.1000,4,1
2026-03-31,000858,13:32:45,104.0800,12,2
2026-03-31,000858,13:32:48,104.0800,14,2
2026-03-31,000858,13:32:51,104.1300,29,1
2026-03-31,000858,13:32:54,104.0300,34,2
2026-03-31,000858,13:32:57,104.1400,13,1
2026-03-31,000858,13:33:00,104.1400,14,1
2026-03-31,000858,13:33:03,104.1400,12,1
2026-03-31,000858,13:33:06,104.1500,15,1
2026-03-31,000858,13:33:09,104.1500,13,1
2026-03-31,000858,13:33:12,104.0500,10,2
2026-03-31,000858,13:33:15,104.0700,16,2
2026-03-31,000858,13:33:18,104.1500,23,1
2026-03-31,000858,13:33:21,104.0700,6,2
2026-03-31,000858,13:33:24,104.1400,20,1
2026-03-31,000858,13:33:27,104.1400,6,1
2026-03-31,000858,13:33:30,104.0700,5,2
2026-03-31,000858,13:33:33,104.1400,11,1
2026-03-31,000858,13:33:36,104.1400,19,1
2026-03-31,000858,13:33:39,104.1500,14,1
2026-03-31,000858,13:33:42,104.0900,5,2
2026-03-31,000858,13:33:45,104.1400,6,2
2026-03-31,000858,13:33:48,104.1600,26,1
2026-03-31,000858,13:33:51,104.1500,15,2
2026-03-31,000858,13:33:54,104.1600,26,4
2026-03-31,000858,13:33:57,104.1600,9,2
2026-03-31,000858,13:34:00,104.1600,15,2
2026-03-31,000858,13:34:03,104.1600,17,2
2026-03-31,000858,13:34:06,104.1600,18,1
2026-03-31,000858,13:34:09,104.1600,6,1
2026-03-31,000858,13:34:12,104.1600,8,1
2026-03-31,000858,13:34:15,104.1800,32,1
2026-03-31,000858,13:34:18,104.1700,29,4
2026-03-31,000858,13:34:21,104.1500,117,2
2026-03-31,000858,13:34:24,104.0600,37,2
2026-03-31,000858,13:34:27,104.0800,41,1
2026-03-31,000858,13:34:30,104.0500,38,2
2026-03-31,000858,13:34:33,104.0300,34,2
2026-03-31,000858,13:34:36,104.1300,30,1
2026-03-31,000858,13:34:39,104.1300,16,1
2026-03-31,000858,13:34:42,104.1300,34,1
2026-03-31,000858,13:34:45,104.1500,96,1
2026-03-31,000858,13:34:48,104.0400,76,2
2026-03-31,000858,13:34:51,104.0400,245,2
2026-03-31,000858,13:34:54,104.1600,35,1
2026-03-31,000858,13:34:57,104.1600,138,1
2026-03-31,000858,13:35:00,104.1600,39,2
2026-03-31,000858,13:35:03,104.1800,50,1
2026-03-31,000858,13:35:06,104.1700,17,2
2026-03-31,000858,13:35:09,104.1800,109,4
2026-03-31,000858,13:35:12,104.1300,16,2
2026-03-31,000858,13:35:15,104.1300,133,1
2026-03-31,000858,13:35:18,104.1100,31,2
2026-03-31,000858,13:35:21,104.1200,63,2
2026-03-31,000858,13:35:24,104.1200,15,2
2026-03-31,000858,13:35:27,104.1500,26,1
2026-03-31,000858,13:35:30,104.1500,37,2
2026-03-31,000858,13:35:33,104.1600,31,1
2026-03-31,000858,13:35:36,104.1500,12,2
2026-03-31,000858,13:35:39,104.1600,22,1
2026-03-31,000858,13:35:42,104.1700,13,1
2026-03-31,000858,13:35:45,104.1700,7,4
2026-03-31,000858,13:35:48,104.1600,6,2
2026-03-31,000858,13:35:51,104.1800,8,1
2026-03-31,000858,13:35:54,104.1800,19,1
2026-03-31,000858,13:35:57,104.1600,5,2
2026-03-31,000858,13:36:00,104.1700,7,4
2026-03-31,000858,13:36:03,104.1500,10,2
2026-03-31,000858,13:36:06,104.1700,17,1
2026-03-31,000858,13:36:09,104.1800,10,1
2026-03-31,000858,13:36:12,104.1700,9,2
2026-03-31,000858,13:36:15,104.1800,8,1
2026-03-31,000858,13:36:18,104.1500,11,2
2026-03-31,000858,13:36:21,104.1600,7,2
2026-03-31,000858,13:36:24,104.1700,7,4
2026-03-31,000858,13:36:27,104.1600,19,2
2026-03-31,000858,13:36:30,104.1600,3,2
2026-03-31,000858,13:36:33,104.1600,19,2
2026-03-31,000858,13:36:36,104.1600,19,2
2026-03-31,000858,13:36:39,104.1700,15,1
2026-03-31,000858,13:36:42,104.1500,14,2
2026-03-31,000858,13:36:45,104.1500,9,2
2026-03-31,000858,13:36:48,104.1500,9,2
2026-03-31,000858,13:36:51,104.1200,18,2
2026-03-31,000858,13:36:54,104.1200,13,1
2026-03-31,000858,13:36:57,104.1200,15,1
2026-03-31,000858,13:37:00,104.1200,13,1
2026-03-31,000858,13:37:03,104.1200,41,2
2026-03-31,000858,13:37:06,104.1200,19,1
2026-03-31,000858,13:37:09,104.1200,18,1
2026-03-31,000858,13:37:12,104.0400,23,2
2026-03-31,000858,13:37:15,104.0900,8,1
2026-03-31,000858,13:37:18,104.0600,148,2
2026-03-31,000858,13:37:21,104.1000,60,4
2026-03-31,000858,13:37:24,104.1000,50,2
2026-03-31,000858,13:37:27,104.1000,48,2
2026-03-31,000858,13:37:30,104.1200,22,1
2026-03-31,000858,13:37:33,104.1200,28,2
2026-03-31,000858,13:37:36,104.1300,8,1
2026-03-31,000858,13:37:39,104.1300,16,2
2026-03-31,000858,13:37:42,104.1500,13,1
2026-03-31,000858,13:37:45,104.1200,11,2
2026-03-31,000858,13:37:48,104.1000,78,2
2026-03-31,000858,13:37:51,104.0500,68,2
2026-03-31,000858,13:37:54,104.0400,63,2
2026-03-31,000858,13:37:57,104.0000,43,2
2026-03-31,000858,13:38:00,103.9800,79,2
2026-03-31,000858,13:38:03,103.9600,33,2
2026-03-31,000858,13:38:06,103.9700,30,1
2026-03-31,000858,13:38:09,103.9700,27,1
2026-03-31,000858,13:38:12,103.9700,14,1
2026-03-31,000858,13:38:15,103.9700,15,1
2026-03-31,000858,13:38:18,103.9600,83,2
2026-03-31,000858,13:38:21,104.0000,133,1
2026-03-31,000858,13:38:24,103.9600,43,2
2026-03-31,000858,13:38:27,103.9600,39,2
2026-03-31,000858,13:38:30,103.9600,24,2
2026-03-31,000858,13:38:33,104.0000,12,1
2026-03-31,000858,13:38:36,103.9600,7,2
2026-03-31,000858,13:38:39,103.9600,23,1
2026-03-31,000858,13:38:42,103.9600,10,2
2026-03-31,000858,13:38:45,103.9600,20,2
2026-03-31,000858,13:38:48,104.0000,15,1
2026-03-31,000858,13:38:51,103.9600,23,2
2026-03-31,000858,13:38:54,103.9600,13,2
2026-03-31,000858,13:38:57,103.9700,7,2
2026-03-31,000858,13:39:00,104.0000,4,1
2026-03-31,000858,13:39:03,103.9800,18,2
2026-03-31,000858,13:39:06,104.0000,17,1
2026-03-31,000858,13:39:09,103.9800,10,2
2026-03-31,000858,13:39:12,103.9800,6,2
2026-03-31,000858,13:39:15,103.9800,3,2
2026-03-31,000858,13:39:18,103.9800,4,2
2026-03-31,000858,13:39:21,104.0200,50,1
2026-03-31,000858,13:39:24,104.0300,32,1
2026-03-31,000858,13:39:27,104.0000,19,2
2026-03-31,000858,13:39:30,104.0000,15,2
2026-03-31,000858,13:39:33,103.9800,13,2
2026-03-31,000858,13:39:36,104.0100,18,1
2026-03-31,000858,13:39:39,104.0000,27,2
2026-03-31,000858,13:39:42,104.0000,11,1
2026-03-31,000858,13:39:45,104.0000,10,1
2026-03-31,000858,13:39:48,103.9700,8,2
2026-03-31,000858,13:39:51,103.9800,2,2
2026-03-31,000858,13:39:54,104.0500,91,1
2026-03-31,000858,13:39:57,103.9700,20,2
2026-03-31,000858,13:40:00,103.9600,22,2
2026-03-31,000858,13:40:03,103.9800,6,2
2026-03-31,000858,13:40:06,103.9800,14,1
2026-03-31,000858,13:40:09,103.9700,3,2
2026-03-31,000858,13:40:12,103.9800,5,1
2026-03-31,000858,13:40:15,104.0000,44,1
2026-03-31,000858,13:40:18,104.0000,7,2
2026-03-31,000858,13:40:21,104.0800,66,1
2026-03-31,000858,13:40:24,104.0000,32,2
2026-03-31,000858,13:40:27,104.0100,34,2
2026-03-31,000858,13:40:30,104.0000,20,2
2026-03-31,000858,13:40:33,104.0000,10,2
2026-03-31,000858,13:40:36,104.0000,8,2
2026-03-31,000858,13:40:39,104.0000,10,2
2026-03-31,000858,13:40:42,104.0200,6,4
2026-03-31,000858,13:40:45,104.0100,5,2
2026-03-31,000858,13:40:48,104.0200,16,1
2026-03-31,000858,13:40:51,104.0000,4,2
2026-03-31,000858,13:40:54,104.0000,12,2
2026-03-31,000858,13:40:57,104.0000,26,2
2026-03-31,000858,13:41:00,104.0000,114,2
2026-03-31,000858,13:41:03,104.0000,32,2
2026-03-31,000858,13:41:06,104.0000,138,2
2026-03-31,000858,13:41:09,103.9600,55,2
2026-03-31,000858,13:41:12,103.9500,43,2
2026-03-31,000858,13:41:15,103.9400,82,2
2026-03-31,000858,13:41:18,103.9300,12,2
2026-03-31,000858,13:41:21,103.9300,21,2
2026-03-31,000858,13:41:24,103.9400,28,1
2026-03-31,000858,13:41:27,103.9300,29,2
2026-03-31,000858,13:41:30,103.9400,20,1
2026-03-31,000858,13:41:33,103.9300,36,2
2026-03-31,000858,13:41:36,103.9300,18,2
2026-03-31,000858,13:41:39,103.9200,27,2
2026-03-31,000858,13:41:42,103.9300,9,1
2026-03-31,000858,13:41:45,103.9200,12,2
2026-03-31,000858,13:41:48,103.9200,6,2
2026-03-31,000858,13:41:51,103.9200,10,2
2026-03-31,000858,13:41:54,103.9400,5,1
2026-03-31,000858,13:41:57,103.9200,11,2
2026-03-31,000858,13:42:00,103.9200,6,1
2026-03-31,000858,13:42:03,103.9100,384,2
2026-03-31,000858,13:42:06,103.9000,27,2
2026-03-31,000858,13:42:09,103.9000,175,2
2026-03-31,000858,13:42:12,103.8800,9,2
2026-03-31,000858,13:42:15,103.8800,50,2
2026-03-31,000858,13:42:18,103.8800,6,2
2026-03-31,000858,13:42:21,103.8800,24,2
2026-03-31,000858,13:42:24,103.8700,111,2
2026-03-31,000858,13:42:27,103.8700,7,2
2026-03-31,000858,13:42:30,103.8600,30,2
2026-03-31,000858,13:42:33,103.8700,14,1
2026-03-31,000858,13:42:36,103.8600,8,2
2026-03-31,000858,13:42:39,103.8700,27,1
2026-03-31,000858,13:42:42,103.8600,18,2
2026-03-31,000858,13:42:45,103.8700,34,1
2026-03-31,000858,13:42:48,103.8600,17,2
2026-03-31,000858,13:42:51,103.8600,11,2
2026-03-31,000858,13:42:54,103.8600,12,1
2026-03-31,000858,13:42:57,103.8600,26,1
2026-03-31,000858,13:43:00,103.8700,32,1
2026-03-31,000858,13:43:03,103.8700,16,2
2026-03-31,000858,13:43:06,103.9000,36,1
2026-03-31,000858,13:43:09,103.8800,8,2
2026-03-31,000858,13:43:12,103.9100,12,1
2026-03-31,000858,13:43:15,103.9200,19,1
2026-03-31,000858,13:43:18,103.9200,12,4
2026-03-31,000858,13:43:21,103.9400,37,1
2026-03-31,000858,13:43:24,103.9400,14,2
2026-03-31,000858,13:43:27,103.8900,9,2
2026-03-31,000858,13:43:30,103.9200,13,2
2026-03-31,000858,13:43:33,103.9200,8,1
2026-03-31,000858,13:43:36,103.9400,14,1
2026-03-31,000858,13:43:39,103.8800,17,2
2026-03-31,000858,13:43:42,103.8800,11,2
2026-03-31,000858,13:43:45,103.8800,110,2
2026-03-31,000858,13:43:48,103.8900,3,2
2026-03-31,000858,13:43:51,103.9000,38,1
2026-03-31,000858,13:43:54,103.9000,7,1
2026-03-31,000858,13:43:57,103.9000,10,2
2026-03-31,000858,13:44:00,103.8900,3,2
2026-03-31,000858,13:44:03,103.8900,2,2
2026-03-31,000858,13:44:06,103.8900,5,4
2026-03-31,000858,13:44:09,103.8800,10,2
2026-03-31,000858,13:44:12,103.8800,5,2
2026-03-31,000858,13:44:15,103.8800,5,2
2026-03-31,000858,13:44:18,103.8800,7,1
2026-03-31,000858,13:44:21,103.8800,11,1
2026-03-31,000858,13:44:24,103.8800,18,1
2026-03-31,000858,13:44:27,103.8800,11,1
2026-03-31,000858,13:44:30,103.8700,10,2
2026-03-31,000858,13:44:33,103.8700,8,2
2026-03-31,000858,13:44:36,103.8800,4,1
2026-03-31,000858,13:44:39,103.8900,17,1
2026-03-31,000858,13:44:42,103.8900,2,2
2026-03-31,000858,13:44:45,103.8900,11,2
2026-03-31,000858,13:44:48,103.8900,37,2
2026-03-31,000858,13:44:51,103.9000,11,2
2026-03-31,000858,13:44:54,103.9000,15,2
2026-03-31,000858,13:44:57,103.9300,7,1
2026-03-31,000858,13:45:00,103.9300,21,1
2026-03-31,000858,13:45:03,103.9400,4,1
2026-03-31,000858,13:45:06,103.9400,6,2
2026-03-31,000858,13:45:09,103.9700,23,1
2026-03-31,000858,13:45:12,104.0000,41,1
2026-03-31,000858,13:45:15,103.9500,255,2
2026-03-31,000858,13:45:18,104.0500,6,1
2026-03-31,000858,13:45:21,104.0500,4,1
2026-03-31,000858,13:45:24,104.0500,3,1
2026-03-31,000858,13:45:30,103.9800,11,2
2026-03-31,000858,13:45:33,104.0500,6,1
2026-03-31,000858,13:45:36,103.9900,3,2
2026-03-31,000858,13:45:39,104.0000,2,2
2026-03-31,000858,13:45:42,104.0500,8,1
2026-03-31,000858,13:45:45,104.0500,8,1
2026-03-31,000858,13:45:48,104.0500,8,1
2026-03-31,000858,13:45:51,104.0200,4,2
2026-03-31,000858,13:45:54,104.0200,2,2
2026-03-31,000858,13:45:57,104.0400,7,1
2026-03-31,000858,13:46:00,104.0200,5,2
2026-03-31,000858,13:46:03,104.0200,9,2
2026-03-31,000858,13:46:06,104.0200,8,1
2026-03-31,000858,13:46:09,104.0000,43,2
2026-03-31,000858,13:46:12,104.0000,5,2
2026-03-31,000858,13:46:15,104.0000,23,2
2026-03-31,000858,13:46:18,104.0200,10,1
2026-03-31,000858,13:46:21,104.0100,5,2
2026-03-31,000858,13:46:24,103.9900,18,2
2026-03-31,000858,13:46:27,104.0000,6,1
2026-03-31,000858,13:46:30,104.0000,13,1
2026-03-31,000858,13:46:33,103.9900,11,1
2026-03-31,000858,13:46:36,103.9700,4,2
2026-03-31,000858,13:46:39,104.0000,6,1
2026-03-31,000858,13:46:42,103.9700,2,2
2026-03-31,000858,13:46:45,103.9700,7,2
2026-03-31,000858,13:46:48,103.9700,3,2
2026-03-31,000858,13:46:51,103.9700,7,2
2026-03-31,000858,13:46:54,103.9900,21,1
2026-03-31,000858,13:46:57,103.9600,2,2
2026-03-31,000858,13:47:00,103.9600,5,2
2026-03-31,000858,13:47:03,103.9700,7,1
2026-03-31,000858,13:47:06,103.9900,5,1
2026-03-31,000858,13:47:09,103.9600,1,2
2026-03-31,000858,13:47:12,103.9600,2,2
2026-03-31,000858,13:47:15,103.9700,11,2
2026-03-31,000858,13:47:18,103.9900,6,1
2026-03-31,000858,13:47:21,103.9600,3,2
2026-03-31,000858,13:47:24,103.9900,4,1
2026-03-31,000858,13:47:27,103.9900,51,1
2026-03-31,000858,13:47:30,103.9900,58,2
2026-03-31,000858,13:47:33,104.0000,14,1
2026-03-31,000858,13:47:36,104.0100,25,1
2026-03-31,000858,13:47:39,104.0100,10,2
2026-03-31,000858,13:47:42,104.0200,40,1
2026-03-31,000858,13:47:45,104.0500,53,1
2026-03-31,000858,13:47:48,104.0200,1,2
2026-03-31,000858,13:47:51,104.0500,18,1
2026-03-31,000858,13:47:54,104.0500,3,1
2026-03-31,000858,13:47:57,104.0500,16,1
2026-03-31,000858,13:48:00,104.0600,67,1
2026-03-31,000858,13:48:03,104.0700,11,1
2026-03-31,000858,13:48:06,104.0800,25,1
2026-03-31,000858,13:48:09,104.0900,21,1
2026-03-31,000858,13:48:12,104.0700,41,2
2026-03-31,000858,13:48:15,104.0800,13,2
2026-03-31,000858,13:48:18,104.0900,17,1
2026-03-31,000858,13:48:21,104.0600,61,2
2026-03-31,000858,13:48:24,104.0500,31,2
2026-03-31,000858,13:48:27,104.0600,24,1
2026-03-31,000858,13:48:30,104.0600,3,1
2026-03-31,000858,13:48:33,104.0100,6,2
2026-03-31,000858,13:48:36,104.0300,2,1
2026-03-31,000858,13:48:39,104.0300,6,1
2026-03-31,000858,13:48:42,104.0300,1,2
2026-03-31,000858,13:48:45,104.0400,3,1
2026-03-31,000858,13:48:48,104.0500,6,1
2026-03-31,000858,13:48:51,104.0300,1,2
2026-03-31,000858,13:48:54,104.0500,4,1
2026-03-31,000858,13:48:57,104.0600,1,1
2026-03-31,000858,13:49:00,104.0300,19,2
2026-03-31,000858,13:49:03,104.0000,7,2
2026-03-31,000858,13:49:06,104.0300,19,1
2026-03-31,000858,13:49:09,104.0100,5,2
2026-03-31,000858,13:49:12,104.0100,6,2
2026-03-31,000858,13:49:15,104.0300,4,1
2026-03-31,000858,13:49:18,104.0300,9,2
2026-03-31,000858,13:49:21,104.0200,6,1
2026-03-31,000858,13:49:24,104.0300,3,1
2026-03-31,000858,13:49:27,104.0200,6,2
2026-03-31,000858,13:49:30,104.0200,8,2
2026-03-31,000858,13:49:33,104.0500,13,1
2026-03-31,000858,13:49:36,104.0200,4,2
2026-03-31,000858,13:49:39,104.0000,19,2
2026-03-31,000858,13:49:42,104.0000,1,2
2026-03-31,000858,13:49:45,104.0000,12,2
2026-03-31,000858,13:49:48,104.0100,9,1
2026-03-31,000858,13:49:51,104.0000,13,2
2026-03-31,000858,13:49:54,104.0000,5,2
2026-03-31,000858,13:49:57,104.0000,15,2
2026-03-31,000858,13:50:00,104.0000,12,2
2026-03-31,000858,13:50:03,104.0100,7,4
2026-03-31,000858,13:50:06,104.0000,91,2
2026-03-31,000858,13:50:09,104.0500,31,1
2026-03-31,000858,13:50:12,104.0300,25,1
2026-03-31,000858,13:50:15,104.0200,25,4
2026-03-31,000858,13:50:18,104.0000,5,2
2026-03-31,000858,13:50:21,104.0000,17,2
2026-03-31,000858,13:50:24,103.9800,30,2
2026-03-31,000858,13:50:27,104.0300,10,1
2026-03-31,000858,13:50:30,103.9600,7,2
2026-03-31,000858,13:50:33,103.9700,16,2
2026-03-31,000858,13:50:36,104.0200,4,1
2026-03-31,000858,13:50:39,104.0000,8,2
2026-03-31,000858,13:50:42,104.0200,14,1
2026-03-31,000858,13:50:45,103.9600,2,2
2026-03-31,000858,13:50:48,103.9700,5,2
2026-03-31,000858,13:50:51,104.0000,7,1
2026-03-31,000858,13:50:54,104.0000,37,1
2026-03-31,000858,13:50:57,103.9700,1,2
2026-03-31,000858,13:51:00,103.9700,10,2
2026-03-31,000858,13:51:03,104.0400,2,1
2026-03-31,000858,13:51:06,104.0000,5,1
2026-03-31,000858,13:51:09,103.9900,1,2
2026-03-31,000858,13:51:12,104.0000,7,1
2026-03-31,000858,13:51:15,103.9800,10,2
2026-03-31,000858,13:51:18,103.9700,11,2
2026-03-31,000858,13:51:21,103.9600,25,2
2026-03-31,000858,13:51:24,103.9800,17,1
2026-03-31,000858,13:51:27,103.9700,27,2
2026-03-31,000858,13:51:30,103.9600,17,2
2026-03-31,000858,13:51:33,103.9500,7,2
2026-03-31,000858,13:51:36,103.9600,13,1
2026-03-31,000858,13:51:39,103.9600,3,1
2026-03-31,000858,13:51:42,103.9600,14,1
2026-03-31,000858,13:51:45,103.9600,16,2
2026-03-31,000858,13:51:48,103.9800,120,1
2026-03-31,000858,13:51:51,103.9800,87,1
2026-03-31,000858,13:51:54,103.9800,54,2
2026-03-31,000858,13:51:57,103.9800,30,2
2026-03-31,000858,13:52:00,103.9800,21,4
2026-03-31,000858,13:52:03,104.0000,11,1
2026-03-31,000858,13:52:06,103.9800,15,2
2026-03-31,000858,13:52:09,103.9900,2,1
2026-03-31,000858,13:52:12,103.9600,4,2
2026-03-31,000858,13:52:15,103.9800,2,1
2026-03-31,000858,13:52:18,103.9900,2,1
2026-03-31,000858,13:52:21,103.9900,14,1
2026-03-31,000858,13:52:24,103.9700,7,2
2026-03-31,000858,13:52:27,103.9600,6,2
2026-03-31,000858,13:52:30,103.9700,4,2
2026-03-31,000858,13:52:33,103.9800,5,1
2026-03-31,000858,13:52:36,103.9900,4,1
2026-03-31,000858,13:52:39,103.9900,2,1
2026-03-31,000858,13:52:42,103.9700,1,2
2026-03-31,000858,13:52:45,103.9800,3,4
2026-03-31,000858,13:52:48,104.0000,35,1
2026-03-31,000858,13:52:51,104.0000,1,2
2026-03-31,000858,13:52:54,104.0100,26,1
2026-03-31,000858,13:52:57,104.0000,2,2
2026-03-31,000858,13:53:00,104.0000,13,2
2026-03-31,000858,13:53:03,104.0000,9,2
2026-03-31,000858,13:53:06,104.0000,4,2
2026-03-31,000858,13:53:09,104.0000,3,2
2026-03-31,000858,13:53:12,104.0100,7,1
2026-03-31,000858,13:53:15,104.0000,27,2
2026-03-31,000858,13:53:18,104.0200,17,1
2026-03-31,000858,13:53:21,104.0000,12,2
2026-03-31,000858,13:53:24,104.0000,36,2
2026-03-31,000858,13:53:27,103.9700,100,2
2026-03-31,000858,13:53:30,103.9900,13,1
2026-03-31,000858,13:53:33,103.9600,25,2
2026-03-31,000858,13:53:36,103.9900,7,1
2026-03-31,000858,13:53:39,103.9700,10,2
2026-03-31,000858,13:53:42,103.9900,5,1
2026-03-31,000858,13:53:45,103.9700,2,2
2026-03-31,000858,13:53:48,104.0000,3,1
2026-03-31,000858,13:53:51,103.9800,3,2
2026-03-31,000858,13:53:54,103.9800,9,2
2026-03-31,000858,13:53:57,103.9800,1,2
2026-03-31,000858,13:54:00,104.0000,4,1
2026-03-31,000858,13:54:03,103.9800,25,2
2026-03-31,000858,13:54:06,103.9800,22,1
2026-03-31,000858,13:54:09,103.9800,8,2
2026-03-31,000858,13:54:12,103.9800,10,1
2026-03-31,000858,13:54:15,103.9800,4,2
2026-03-31,000858,13:54:18,104.0000,4,1
2026-03-31,000858,13:54:21,103.9700,2,2
2026-03-31,000858,13:54:24,103.9700,11,2
2026-03-31,000858,13:54:27,103.9700,3,2
2026-03-31,000858,13:54:30,103.9700,5,2
2026-03-31,000858,13:54:33,103.9800,5,1
2026-03-31,000858,13:54:36,103.9700,10,2
2026-03-31,000858,13:54:39,103.9700,4,2
2026-03-31,000858,13:54:42,103.9700,7,2
2026-03-31,000858,13:54:45,103.9800,10,1
2026-03-31,000858,13:54:48,103.9700,8,2
2026-03-31,000858,13:54:51,103.9700,10,2
2026-03-31,000858,13:54:54,103.9700,4,2
2026-03-31,000858,13:54:57,103.9800,1,1
2026-03-31,000858,13:55:00,103.9700,1,2
2026-03-31,000858,13:55:03,103.9800,8,1
2026-03-31,000858,13:55:06,103.9700,4,4
2026-03-31,000858,13:55:09,103.9800,4,1
2026-03-31,000858,13:55:12,103.9800,3,1
2026-03-31,000858,13:55:15,103.9800,8,1
2026-03-31,000858,13:55:18,103.9700,3,2
2026-03-31,000858,13:55:21,103.9700,7,2
2026-03-31,000858,13:55:24,103.9700,4,2
2026-03-31,000858,13:55:27,103.9800,18,1
2026-03-31,000858,13:55:30,103.9800,8,1
2026-03-31,000858,13:55:33,103.9700,5,2
2026-03-31,000858,13:55:36,103.9700,9,2
2026-03-31,000858,13:55:39,103.9700,3,2
2026-03-31,000858,13:55:42,103.9700,4,2
2026-03-31,000858,13:55:45,103.9700,5,2
2026-03-31,000858,13:55:48,103.9900,14,1
2026-03-31,000858,13:55:51,103.9700,3,2
2026-03-31,000858,13:55:54,103.9800,4,1
2026-03-31,000858,13:55:57,103.9600,15,2
2026-03-31,000858,13:56:00,103.9600,151,2
2026-03-31,000858,13:56:03,103.9600,75,1
2026-03-31,000858,13:56:06,103.9600,39,1
2026-03-31,000858,13:56:09,103.9100,18,2
2026-03-31,000858,13:56:12,103.9300,12,2
2026-03-31,000858,13:56:15,103.9300,7,1
2026-03-31,000858,13:56:18,103.9300,6,1
2026-03-31,000858,13:56:21,103.9300,5,1
2026-03-31,000858,13:56:24,103.9100,6,1
2026-03-31,000858,13:56:27,103.9300,8,1
2026-03-31,000858,13:56:30,103.9300,23,1
2026-03-31,000858,13:56:33,103.9300,7,2
2026-03-31,000858,13:56:36,103.9400,25,4
2026-03-31,000858,13:56:39,103.9100,3,2
2026-03-31,000858,13:56:42,103.9300,11,1
2026-03-31,000858,13:56:45,103.9200,1,2
2026-03-31,000858,13:56:48,103.9300,4,1
2026-03-31,000858,13:56:51,103.9400,3,1
2026-03-31,000858,13:56:54,103.9400,8,2
2026-03-31,000858,13:56:57,103.9300,18,2
2026-03-31,000858,13:57:00,103.9100,97,2
2026-03-31,000858,13:57:03,103.9400,5,1
2026-03-31,000858,13:57:06,103.9300,27,1
2026-03-31,000858,13:57:09,103.9300,4,2
2026-03-31,000858,13:57:12,103.9300,18,2
2026-03-31,000858,13:57:15,103.9500,19,1
2026-03-31,000858,13:57:18,103.9500,5,1
2026-03-31,000858,13:57:21,103.9500,23,1
2026-03-31,000858,13:57:24,103.9500,3,2
2026-03-31,000858,13:57:27,103.9600,17,1
2026-03-31,000858,13:57:30,103.9600,14,2
2026-03-31,000858,13:57:33,103.9800,8,1
2026-03-31,000858,13:57:36,103.9700,4,4
2026-03-31,000858,13:57:39,103.9600,5,2
2026-03-31,000858,13:57:42,103.9600,1,2
2026-03-31,000858,13:57:45,103.9600,16,2
2026-03-31,000858,13:57:48,103.9700,3,1
2026-03-31,000858,13:57:51,103.9600,9,1
2026-03-31,000858,13:57:54,103.9600,15,2
2026-03-31,000858,13:57:57,103.9600,21,2
2026-03-31,000858,13:58:00,103.9500,11,2
2026-03-31,000858,13:58:03,103.9700,6,1
2026-03-31,000858,13:58:06,103.9600,5,2
2026-03-31,000858,13:58:09,103.9600,11,2
2026-03-31,000858,13:58:12,103.9600,12,1
2026-03-31,000858,13:58:15,103.9600,17,1
2026-03-31,000858,13:58:18,103.9600,5,4
2026-03-31,000858,13:58:21,103.9600,4,2
2026-03-31,000858,13:58:24,103.9700,3,1
2026-03-31,000858,13:58:27,103.9600,3,2
2026-03-31,000858,13:58:30,103.9500,9,2
2026-03-31,000858,13:58:33,103.9500,1,2
2026-03-31,000858,13:58:36,103.9500,12,2
2026-03-31,000858,13:58:39,103.9500,10,2
2026-03-31,000858,13:58:42,103.9600,21,1
2026-03-31,000858,13:58:45,103.9500,11,2
2026-03-31,000858,13:58:48,103.9500,7,1
2026-03-31,000858,13:58:51,103.9400,5,2
2026-03-31,000858,13:58:54,103.9400,3,2
2026-03-31,000858,13:58:57,103.9500,3,1
2026-03-31,000858,13:59:00,103.9400,2,2
2026-03-31,000858,13:59:03,103.9600,9,1
2026-03-31,000858,13:59:06,103.9400,4,2
2026-03-31,000858,13:59:09,103.9400,2,2
2026-03-31,000858,13:59:12,103.9600,5,1
2026-03-31,000858,13:59:15,103.9700,14,1
2026-03-31,000858,13:59:18,103.9800,39,1
2026-03-31,000858,13:59:21,103.9800,23,1
2026-03-31,000858,13:59:24,103.9800,16,1
2026-03-31,000858,13:59:27,103.9700,8,2
2026-03-31,000858,13:59:30,103.9700,9,2
2026-03-31,000858,13:59:33,103.9900,3,1
2026-03-31,000858,13:59:36,103.9700,10,2
2026-03-31,000858,13:59:39,103.9900,19,1
2026-03-31,000858,13:59:42,103.9700,3,2
2026-03-31,000858,13:59:45,103.9700,4,2
2026-03-31,000858,13:59:48,103.9700,12,2
2026-03-31,000858,13:59:51,103.9600,6,2
2026-03-31,000858,13:59:54,103.9600,14,2
2026-03-31,000858,13:59:57,103.9200,2,2
2026-03-31,000858,14:00:00,103.9400,3,2
2026-03-31,000858,14:00:03,103.9500,7,4
2026-03-31,000858,14:00:06,103.9400,1,2
2026-03-31,000858,14:00:09,103.9400,3,2
2026-03-31,000858,14:00:12,103.9300,7,1
2026-03-31,000858,14:00:15,103.9200,1,2
2026-03-31,000858,14:00:18,103.9300,7,1
2026-03-31,000858,14:00:21,103.9300,8,1
2026-03-31,000858,14:00:24,103.9200,4,2
2026-03-31,000858,14:00:27,103.9100,8,2
2026-03-31,000858,14:00:33,103.9100,23,1
2026-03-31,000858,14:00:36,103.9100,6,1
2026-03-31,000858,14:00:39,103.8900,39,2
2026-03-31,000858,14:00:42,103.8900,1,2
2026-03-31,000858,14:00:45,103.8900,14,2
2026-03-31,000858,14:00:48,103.8900,4,1
2026-03-31,000858,14:00:51,103.8900,2,1
2026-03-31,000858,14:00:54,103.8900,3,1
2026-03-31,000858,14:00:57,103.8800,27,2
2026-03-31,000858,14:01:00,103.8800,1,2
2026-03-31,000858,14:01:03,103.8800,9,2
2026-03-31,000858,14:01:06,103.8800,12,2
2026-03-31,000858,14:01:09,103.9100,22,1
2026-03-31,000858,14:01:12,103.8900,22,2
2026-03-31,000858,14:01:15,103.9100,5,2
2026-03-31,000858,14:01:18,103.9100,10,2
2026-03-31,000858,14:01:21,103.9100,1,2
2026-03-31,000858,14:01:24,103.9100,30,2
2026-03-31,000858,14:01:27,103.9200,10,2
2026-03-31,000858,14:01:30,103.9200,6,2
2026-03-31,000858,14:01:33,103.9300,7,1
2026-03-31,000858,14:01:36,103.9300,36,1
2026-03-31,000858,14:01:39,103.9600,41,1
2026-03-31,000858,14:01:42,103.9500,126,2
2026-03-31,000858,14:01:45,103.9600,7,2
2026-03-31,000858,14:01:48,103.9400,5,2
2026-03-31,000858,14:01:51,103.9200,9,2
2026-03-31,000858,14:01:57,103.9500,7,4
2026-03-31,000858,14:02:03,103.9400,16,1
2026-03-31,000858,14:02:06,103.9300,6,2
2026-03-31,000858,14:02:09,103.9400,6,1
2026-03-31,000858,14:02:12,103.9500,2,1
2026-03-31,000858,14:02:15,103.9400,3,2
2026-03-31,000858,14:02:18,103.9600,2,1
2026-03-31,000858,14:02:21,103.9500,7,4
2026-03-31,000858,14:02:24,103.9600,1,1
2026-03-31,000858,14:02:27,103.9600,1,1
2026-03-31,000858,14:02:30,103.9600,9,2
2026-03-31,000858,14:02:33,103.9600,2,2
2026-03-31,000858,14:02:36,103.9700,2,4
2026-03-31,000858,14:02:39,103.9600,22,2
2026-03-31,000858,14:02:42,103.9600,2,1
2026-03-31,000858,14:02:45,103.9600,2,1
2026-03-31,000858,14:02:48,103.9500,17,2
2026-03-31,000858,14:02:51,103.9500,6,2
2026-03-31,000858,14:02:54,103.9500,1,1
2026-03-31,000858,14:02:57,103.9500,2,1
2026-03-31,000858,14:03:00,103.9500,3,1
2026-03-31,000858,14:03:03,103.9600,22,1
2026-03-31,000858,14:03:06,103.9500,8,2
2026-03-31,000858,14:03:09,103.9900,20,1
2026-03-31,000858,14:03:12,103.9900,10,1
2026-03-31,000858,14:03:15,103.9900,12,1
2026-03-31,000858,14:03:18,103.9900,17,2
2026-03-31,000858,14:03:21,103.9700,4,2
2026-03-31,000858,14:03:24,103.9700,7,2
2026-03-31,000858,14:03:27,103.9700,4,1
2026-03-31,000858,14:03:30,103.9700,1,1
2026-03-31,000858,14:03:33,103.9700,10,1
2026-03-31,000858,14:03:36,103.9600,10,2
2026-03-31,000858,14:03:39,103.9600,2,2
2026-03-31,000858,14:03:42,103.9800,9,1
2026-03-31,000858,14:03:48,103.9800,1,1
2026-03-31,000858,14:03:51,103.9800,14,1
2026-03-31,000858,14:03:54,103.9700,3,2
2026-03-31,000858,14:03:57,103.9800,7,1
2026-03-31,000858,14:04:00,103.9900,3,1
2026-03-31,000858,14:04:03,104.0000,21,1
2026-03-31,000858,14:04:06,103.9900,4,4
2026-03-31,000858,14:04:09,104.0000,1,1
2026-03-31,000858,14:04:12,104.0000,37,1
2026-03-31,000858,14:04:15,104.0000,38,1
2026-03-31,000858,14:04:18,104.0000,61,1
2026-03-31,000858,14:04:21,104.0100,19,4
2026-03-31,000858,14:04:24,104.0200,11,1
2026-03-31,000858,14:04:27,104.0300,5,1
2026-03-31,000858,14:04:30,104.0300,2,1
2026-03-31,000858,14:04:33,104.0300,2,1
2026-03-31,000858,14:04:36,104.0200,2,2
2026-03-31,000858,14:04:39,104.0300,3,2
2026-03-31,000858,14:04:42,104.0300,13,2
2026-03-31,000858,14:04:45,104.0300,33,2
2026-03-31,000858,14:04:48,104.0500,2,1
2026-03-31,000858,14:04:51,104.0300,11,2
2026-03-31,000858,14:04:57,104.0400,20,2
2026-03-31,000858,14:05:00,104.0400,9,2
2026-03-31,000858,14:05:03,104.0300,32,2
2026-03-31,000858,14:05:06,104.0400,5,4
2026-03-31,000858,14:05:09,104.0300,30,2
2026-03-31,000858,14:05:12,104.0200,4,2
2026-03-31,000858,14:05:15,104.0200,16,2
2026-03-31,000858,14:05:18,104.0100,5,2
2026-03-31,000858,14:05:21,104.0200,3,1
2026-03-31,000858,10:53:15,104.6900,16,2
2026-03-31,000858,10:53:18,104.6900,10,1
2026-03-31,000858,10:53:21,104.6900,10,1
2026-03-31,000858,10:53:24,104.6800,13,2
2026-03-31,000858,10:53:27,104.6900,18,1
2026-03-31,000858,10:53:30,104.6900,13,2
2026-03-31,000858,10:53:33,104.7000,9,1
2026-03-31,000858,10:53:36,104.6900,15,2
2026-03-31,000858,10:53:39,104.7000,5,1
2026-03-31,000858,10:53:42,104.6900,11,4
2026-03-31,000858,10:53:45,104.6800,7,2
2026-03-31,000858,10:53:48,104.7000,8,1
2026-03-31,000858,10:53:51,104.6900,57,1
2026-03-31,000858,10:53:54,104.7000,9,1
2026-03-31,000858,10:53:57,104.6800,2,2
2026-03-31,000858,10:54:00,104.7000,87,1
2026-03-31,000858,10:54:03,104.7100,9,2
2026-03-31,000858,10:54:06,104.7900,161,1
2026-03-31,000858,10:54:09,104.7900,10,1
2026-03-31,000858,10:54:12,104.7200,57,2
2026-03-31,000858,10:54:15,104.7200,9,2
2026-03-31,000858,10:54:21,104.7900,9,1
2026-03-31,000858,10:54:24,104.7300,8,2
2026-03-31,000858,10:54:30,104.7300,11,2
2026-03-31,000858,10:54:33,104.7400,8,4
2026-03-31,000858,10:54:36,104.7300,11,2
2026-03-31,000858,10:54:39,104.7300,15,2
2026-03-31,000858,10:54:42,104.7300,11,2
2026-03-31,000858,10:54:45,104.7300,1,1
2026-03-31,000858,10:54:48,104.7300,6,1
2026-03-31,000858,10:54:51,104.7200,1,2
2026-03-31,000858,10:54:54,104.7200,3,2
2026-03-31,000858,10:54:57,104.7200,4,2
2026-03-31,000858,10:55:00,104.7200,1,2
2026-03-31,000858,10:55:03,104.7600,131,1
2026-03-31,000858,10:55:06,104.7700,7,1
2026-03-31,000858,10:55:09,104.7400,15,2
2026-03-31,000858,10:55:12,104.7800,9,1
2026-03-31,000858,10:55:15,104.7400,5,2
2026-03-31,000858,10:55:18,104.7500,3,2
2026-03-31,000858,10:55:21,104.7500,16,2
2026-03-31,000858,10:55:27,104.7900,51,1
2026-03-31,000858,10:55:30,104.8000,28,1
2026-03-31,000858,10:55:33,104.8000,26,1
2026-03-31,000858,10:55:36,104.8000,9,1
2026-03-31,000858,10:55:39,104.8000,5,2
2026-03-31,000858,10:55:42,104.8000,16,2
2026-03-31,000858,10:55:45,104.8100,24,1
2026-03-31,000858,10:55:48,104.8000,52,2
2026-03-31,000858,10:55:51,104.8000,6,2
2026-03-31,000858,10:55:54,104.7900,13,2
2026-03-31,000858,10:55:57,104.8000,6,1
2026-03-31,000858,10:56:00,104.7900,13,2
2026-03-31,000858,10:56:03,104.8000,17,1
2026-03-31,000858,10:56:06,104.7900,8,2
2026-03-31,000858,10:56:09,104.7900,23,2
2026-03-31,000858,10:56:12,104.7900,10,2
2026-03-31,000858,10:56:15,104.7900,17,2
2026-03-31,000858,10:56:18,104.7700,3,2
2026-03-31,000858,10:56:21,104.7800,7,2
2026-03-31,000858,10:56:24,104.7800,7,1
2026-03-31,000858,10:56:27,104.7700,21,2
2026-03-31,000858,10:56:30,104.7800,29,1
2026-03-31,000858,10:56:33,104.7800,16,2
2026-03-31,000858,10:56:36,104.7900,19,1
2026-03-31,000858,10:56:39,104.7800,6,2
2026-03-31,000858,10:56:42,104.7800,15,2
2026-03-31,000858,10:56:48,104.7900,7,1
2026-03-31,000858,10:56:51,104.7800,15,2
2026-03-31,000858,10:56:57,104.7800,20,2
2026-03-31,000858,10:57:00,104.7800,13,2
2026-03-31,000858,10:57:03,104.7800,12,2
2026-03-31,000858,10:57:09,104.7800,3,1
2026-03-31,000858,10:57:12,104.7700,6,2
2026-03-31,000858,10:57:15,104.7700,7,2
2026-03-31,000858,10:57:18,104.7700,23,2
2026-03-31,000858,10:57:21,104.7600,14,1
2026-03-31,000858,10:57:24,104.7500,7,2
2026-03-31,000858,10:57:27,104.7500,1,2
2026-03-31,000858,10:57:30,104.7500,17,2
2026-03-31,000858,10:57:33,104.7500,29,2
2026-03-31,000858,10:57:36,104.7500,18,2
2026-03-31,000858,10:57:39,104.7500,4,2
2026-03-31,000858,10:57:42,104.7600,10,1
2026-03-31,000858,10:57:45,104.7600,15,2
2026-03-31,000858,10:57:48,104.7500,7,2
2026-03-31,000858,10:57:51,104.7600,4,1
2026-03-31,000858,10:57:54,104.7600,13,1
2026-03-31,000858,10:57:57,104.7600,20,2
2026-03-31,000858,10:58:00,104.7500,13,2
2026-03-31,000858,10:58:03,104.7600,6,2
2026-03-31,000858,10:58:06,104.7600,9,2
2026-03-31,000858,10:58:09,104.7500,5,2
2026-03-31,000858,10:58:12,104.7500,1,2
2026-03-31,000858,10:58:18,104.7600,14,1
2026-03-31,000858,10:58:21,104.7600,13,1
2026-03-31,000858,10:58:24,104.7600,21,1
2026-03-31,000858,10:58:27,104.7600,18,1
2026-03-31,000858,10:58:30,104.7600,27,1
2026-03-31,000858,10:58:33,104.7600,10,1
2026-03-31,000858,10:58:36,104.7500,2,2
2026-03-31,000858,10:58:39,104.7500,5,2
2026-03-31,000858,10:58:42,104.7500,23,2
2026-03-31,000858,10:58:45,104.7500,3,2
2026-03-31,000858,10:58:48,104.7600,17,1
2026-03-31,000858,10:58:51,104.7500,4,2
2026-03-31,000858,10:58:54,104.7500,7,2
2026-03-31,000858,10:58:57,104.7500,7,2
2026-03-31,000858,10:59:00,104.7500,22,2
2026-03-31,000858,10:59:03,104.7500,4,2
2026-03-31,000858,10:59:06,104.7500,13,2
2026-03-31,000858,10:59:09,104.7600,7,1
2026-03-31,000858,10:59:12,104.7500,4,4
2026-03-31,000858,10:59:15,104.7600,5,1
2026-03-31,000858,10:59:18,104.7400,3,2
2026-03-31,000858,10:59:21,104.7500,17,1
2026-03-31,000858,10:59:24,104.7500,28,2
2026-03-31,000858,10:59:27,104.7600,41,1
2026-03-31,000858,10:59:30,104.7600,35,2
2026-03-31,000858,10:59:33,104.7800,11,1
2026-03-31,000858,10:59:36,104.7700,23,4
2026-03-31,000858,10:59:39,104.7700,70,2
2026-03-31,000858,10:59:42,104.7700,5,2
2026-03-31,000858,10:59:45,104.7700,6,2
2026-03-31,000858,10:59:48,104.7700,11,2
2026-03-31,000858,10:59:51,104.7700,2,2
2026-03-31,000858,10:59:54,104.7800,2,4
2026-03-31,000858,10:59:57,104.7800,18,2
2026-03-31,000858,11:00:00,104.7800,20,1
2026-03-31,000858,11:00:03,104.7700,17,2
2026-03-31,000858,11:00:06,104.7700,8,2
2026-03-31,000858,11:00:09,104.7700,5,2
2026-03-31,000858,11:00:12,104.7700,16,2
2026-03-31,000858,11:00:15,104.8200,270,1
2026-03-31,000858,11:00:18,104.7800,135,2
2026-03-31,000858,11:00:21,104.7700,27,1
2026-03-31,000858,11:00:24,104.7700,9,2
2026-03-31,000858,11:00:27,104.7700,1,2
2026-03-31,000858,11:00:30,104.7700,9,2
2026-03-31,000858,11:00:33,104.7700,10,2
2026-03-31,000858,11:00:36,104.7700,8,1
2026-03-31,000858,11:00:39,104.7800,37,1
2026-03-31,000858,11:00:42,104.7600,3,2
2026-03-31,000858,11:00:45,104.7600,5,1
2026-03-31,000858,11:00:48,104.7500,12,2
2026-03-31,000858,11:00:51,104.7500,7,2
2026-03-31,000858,11:00:54,104.7500,28,2
2026-03-31,000858,11:00:57,104.7600,61,1
2026-03-31,000858,11:01:00,104.7500,7,1
2026-03-31,000858,11:01:03,104.7400,3,2
2026-03-31,000858,11:01:06,104.7400,7,2
2026-03-31,000858,11:01:09,104.7500,25,1
2026-03-31,000858,11:01:12,104.7200,3,2
2026-03-31,000858,11:01:15,104.7300,18,1
2026-03-31,000858,11:01:18,104.7100,2,2
2026-03-31,000858,11:01:21,104.7200,8,1
2026-03-31,000858,11:01:24,104.7100,10,2
2026-03-31,000858,11:01:27,104.7000,19,2
2026-03-31,000858,11:01:30,104.7000,21,2
2026-03-31,000858,11:01:33,104.6900,12,2
2026-03-31,000858,11:01:39,104.6800,4,2
2026-03-31,000858,11:01:42,104.6800,4,2
2026-03-31,000858,11:01:45,104.6800,245,2
2026-03-31,000858,11:01:48,104.6800,8,1
2026-03-31,000858,11:01:51,104.6800,45,1
2026-03-31,000858,11:01:54,104.6800,3,1
2026-03-31,000858,11:01:57,104.6700,19,1
2026-03-31,000858,11:02:00,104.6700,2,4
2026-03-31,000858,11:02:03,104.6800,38,1
2026-03-31,000858,11:02:06,104.6800,27,1
2026-03-31,000858,11:02:09,104.6600,9,2
2026-03-31,000858,11:02:12,104.6500,8,2
2026-03-31,000858,11:02:15,104.6500,12,2
2026-03-31,000858,11:02:18,104.6600,11,1
2026-03-31,000858,11:02:21,104.6100,5,2
2026-03-31,000858,11:02:27,104.6000,36,2
2026-03-31,000858,11:02:30,104.5900,31,2
2026-03-31,000858,11:02:36,104.5800,44,2
2026-03-31,000858,11:02:39,104.5600,2,2
2026-03-31,000858,11:02:42,104.5600,10,2
2026-03-31,000858,11:02:45,104.5500,28,2
2026-03-31,000858,11:02:51,104.5300,2,2
2026-03-31,000858,11:02:54,104.5200,2,1
2026-03-31,000858,11:02:57,104.5100,20,2
2026-03-31,000858,11:03:00,104.5000,124,2
2026-03-31,000858,11:03:03,104.4900,15,1
2026-03-31,000858,11:03:06,104.4900,25,1
2026-03-31,000858,11:03:09,104.4700,10,2
2026-03-31,000858,11:03:12,104.4700,7,1
2026-03-31,000858,11:03:15,104.4600,3,2
2026-03-31,000858,11:03:18,104.4700,250,1
2026-03-31,000858,11:03:21,104.4800,82,1
2026-03-31,000858,11:03:24,104.5000,96,1
2026-03-31,000858,11:03:27,104.4800,17,2
2026-03-31,000858,11:03:30,104.4700,60,2
2026-03-31,000858,11:03:33,104.4800,6,1
2026-03-31,000858,11:03:36,104.4700,4,1
2026-03-31,000858,11:03:39,104.4600,18,2
2026-03-31,000858,11:03:42,104.4600,25,1
2026-03-31,000858,11:03:45,104.4500,10,2
2026-03-31,000858,11:03:48,104.4500,269,2
2026-03-31,000858,11:03:51,104.4500,8,2
2026-03-31,000858,11:03:54,104.4600,7,1
2026-03-31,000858,11:03:57,104.4900,3,1
2026-03-31,000858,11:04:00,104.4800,20,1
2026-03-31,000858,11:04:03,104.4600,6,2
2026-03-31,000858,11:04:06,104.4800,7,1
2026-03-31,000858,11:04:09,104.4700,13,2
2026-03-31,000858,11:04:12,104.4700,21,2
2026-03-31,000858,11:04:15,104.4600,7,2
2026-03-31,000858,11:04:18,104.4700,20,1
2026-03-31,000858,11:04:21,104.4600,64,2
2026-03-31,000858,11:04:24,104.4600,97,2
2026-03-31,000858,11:04:27,104.4700,7,1
2026-03-31,000858,11:04:30,104.4700,7,2
2026-03-31,000858,11:04:33,104.4700,27,2
2026-03-31,000858,11:04:36,104.4600,7,2
2026-03-31,000858,11:04:39,104.4600,13,2
2026-03-31,000858,11:04:45,104.4700,7,4
2026-03-31,000858,11:04:48,104.4600,6,2
2026-03-31,000858,11:04:51,104.4600,5,1
2026-03-31,000858,11:04:54,104.4600,1,1
2026-03-31,000858,11:04:57,104.4900,65,1
2026-03-31,000858,11:05:00,104.4500,28,2
2026-03-31,000858,11:05:03,104.4500,12,1
2026-03-31,000858,11:05:06,104.4600,3,2
2026-03-31,000858,11:05:09,104.4600,7,2
2026-03-31,000858,11:05:12,104.4600,6,2
2026-03-31,000858,11:05:15,104.4800,6,1
2026-03-31,000858,11:05:18,104.4600,8,2
2026-03-31,000858,11:05:21,104.4800,9,1
2026-03-31,000858,11:05:24,104.4900,8,1
2026-03-31,000858,11:05:27,104.4800,1,2
2026-03-31,000858,11:05:30,104.5000,14,1
2026-03-31,000858,11:05:33,104.5000,17,1
2026-03-31,000858,11:05:36,104.5000,27,1
2026-03-31,000858,11:05:39,104.5500,337,1
2026-03-31,000858,11:05:42,104.5500,14,2
2026-03-31,000858,11:05:45,104.5500,39,2
2026-03-31,000858,11:05:48,104.5800,11,2
2026-03-31,000858,11:05:54,104.5800,8,2
2026-03-31,000858,11:06:00,104.5800,13,2
2026-03-31,000858,11:06:03,104.5800,9,2
2026-03-31,000858,11:06:06,104.5600,19,2
2026-03-31,000858,11:06:09,104.5600,13,2
2026-03-31,000858,11:06:12,104.5500,23,2
2026-03-31,000858,11:06:15,104.5600,60,1
2026-03-31,000858,11:06:18,104.5600,5,2
2026-03-31,000858,11:06:21,104.5600,2,1
2026-03-31,000858,11:06:24,104.5600,1,1
2026-03-31,000858,11:06:27,104.5500,10,2
2026-03-31,000858,11:06:30,104.5600,18,1
2026-03-31,000858,11:06:33,104.5400,4,2
2026-03-31,000858,11:06:36,104.5400,2,2
2026-03-31,000858,11:06:39,104.5400,2,2
2026-03-31,000858,11:06:45,104.5200,6,2
2026-03-31,000858,11:06:48,104.5300,1,2
2026-03-31,000858,11:06:51,104.5200,17,2
2026-03-31,000858,11:06:57,104.5100,5,2
2026-03-31,000858,11:07:00,104.5100,2,2
2026-03-31,000858,11:07:03,104.5400,65,1
2026-03-31,000858,11:07:06,104.6000,117,1
2026-03-31,000858,11:07:09,104.6000,51,1
2026-03-31,000858,11:07:12,104.6000,67,1
2026-03-31,000858,11:07:15,104.5700,3,2
2026-03-31,000858,11:07:18,104.5600,4,2
2026-03-31,000858,11:07:21,104.5700,119,2
2026-03-31,000858,11:07:24,104.5900,18,2
2026-03-31,000858,11:07:27,104.6000,5,2
2026-03-31,000858,11:07:30,104.6000,14,2
2026-03-31,000858,11:07:33,104.6000,42,2
2026-03-31,000858,11:07:36,104.6000,13,1
2026-03-31,000858,11:07:39,104.6000,6,1
2026-03-31,000858,11:07:42,104.6400,195,1
2026-03-31,000858,11:07:45,104.5900,23,2
2026-03-31,000858,11:07:48,104.6400,5,1
2026-03-31,000858,11:07:51,104.6300,7,1
2026-03-31,000858,11:07:54,104.6000,11,2
2026-03-31,000858,11:08:00,104.6000,5,1
2026-03-31,000858,11:08:03,104.6000,10,1
2026-03-31,000858,11:08:06,104.6000,24,1
2026-03-31,000858,11:08:09,104.6000,6,2
2026-03-31,000858,11:08:12,104.6100,35,1
2026-03-31,000858,11:08:15,104.6000,5,2
2026-03-31,000858,11:08:18,104.6300,61,1
2026-03-31,000858,11:08:24,104.6000,1,1
2026-03-31,000858,11:08:27,104.6000,25,1
2026-03-31,000858,11:08:30,104.5900,32,2
2026-03-31,000858,11:08:33,104.6000,19,1
2026-03-31,000858,11:08:36,104.5800,10,2
2026-03-31,000858,11:08:39,104.5900,3,1
2026-03-31,000858,11:08:45,104.5800,14,2
2026-03-31,000858,11:08:48,104.5800,6,2
2026-03-31,000858,11:08:51,104.5800,11,2
2026-03-31,000858,11:08:54,104.6000,6,1
2026-03-31,000858,11:08:57,104.5600,18,2
2026-03-31,000858,11:09:00,104.5800,7,1
2026-03-31,000858,11:09:03,104.5900,189,1
2026-03-31,000858,11:09:06,104.6000,4,4
2026-03-31,000858,11:09:09,104.6400,22,1
2026-03-31,000858,11:09:12,104.6500,32,1
2026-03-31,000858,11:09:15,104.6500,9,1
2026-03-31,000858,11:09:21,104.6300,34,1
2026-03-31,000858,11:09:24,104.6200,21,2
2026-03-31,000858,11:09:27,104.6300,4,4
2026-03-31,000858,11:09:30,104.6200,90,2
2026-03-31,000858,11:09:33,104.6200,40,1
2026-03-31,000858,11:09:36,104.6200,6,1
2026-03-31,000858,11:09:39,104.6000,14,2
2026-03-31,000858,11:09:45,104.6000,29,2
2026-03-31,000858,11:09:48,104.5900,6,2
2026-03-31,000858,11:09:51,104.5900,3,2
2026-03-31,000858,11:09:54,104.6000,11,4
2026-03-31,000858,11:09:57,104.6100,10,1
2026-03-31,000858,11:10:00,104.5900,9,2
2026-03-31,000858,11:10:03,104.5800,3,2
2026-03-31,000858,11:10:06,104.5900,11,4
2026-03-31,000858,11:10:09,104.5800,6,2
2026-03-31,000858,11:10:12,104.5800,3,2
2026-03-31,000858,11:10:15,104.5800,7,1
2026-03-31,000858,11:10:21,104.5700,13,2
2026-03-31,000858,11:10:24,104.5700,7,4
2026-03-31,000858,11:10:27,104.5700,15,2
2026-03-31,000858,11:10:30,104.5900,24,1
2026-03-31,000858,11:10:33,104.6000,16,1
2026-03-31,000858,11:10:36,104.5900,34,4
2026-03-31,000858,11:10:39,104.5900,4,2
2026-03-31,000858,11:10:42,104.5800,4,1
2026-03-31,000858,11:10:45,104.5800,2,1
2026-03-31,000858,11:10:48,104.5800,22,1
2026-03-31,000858,11:10:51,104.5900,18,4
2026-03-31,000858,11:10:57,104.5800,1,2
2026-03-31,000858,11:11:00,104.5900,8,1
2026-03-31,000858,11:11:03,104.5800,15,2
2026-03-31,000858,11:11:06,104.6000,34,1
2026-03-31,000858,11:11:09,104.6000,1,1
2026-03-31,000858,11:11:12,104.5900,9,2
2026-03-31,000858,11:11:15,104.5900,8,2
2026-03-31,000858,11:11:18,104.5900,4,2
2026-03-31,000858,11:11:21,104.6000,9,1
2026-03-31,000858,11:11:24,104.5800,1,4
2026-03-31,000858,11:11:27,104.5700,9,2
2026-03-31,000858,11:11:30,104.5800,8,4
2026-03-31,000858,11:11:33,104.5700,9,2
2026-03-31,000858,11:11:36,104.5700,6,2
2026-03-31,000858,11:11:39,104.5700,10,2
2026-03-31,000858,11:11:42,104.5900,27,1
2026-03-31,000858,11:11:45,104.5900,1,2
2026-03-31,000858,11:11:48,104.5900,14,2
2026-03-31,000858,11:11:51,104.5900,4,2
2026-03-31,000858,11:11:54,104.6000,16,1
2026-03-31,000858,11:11:57,104.5900,13,2
2026-03-31,000858,11:12:00,104.5800,2,4
2026-03-31,000858,11:12:03,104.5800,1,2
2026-03-31,000858,11:12:06,104.5800,1,2
2026-03-31,000858,11:12:09,104.5900,3,1
2026-03-31,000858,11:12:12,104.5800,18,2
2026-03-31,000858,11:12:15,104.5800,11,2
2026-03-31,000858,11:12:18,104.5800,88,2
2026-03-31,000858,11:12:21,104.5600,3,2
2026-03-31,000858,11:12:24,104.5900,38,1
2026-03-31,000858,11:12:27,104.5800,8,2
2026-03-31,000858,11:12:33,104.5900,29,1
2026-03-31,000858,11:12:36,104.5900,29,1
2026-03-31,000858,11:12:39,104.5500,18,2
2026-03-31,000858,11:12:42,104.5700,2,1
2026-03-31,000858,11:12:45,104.5700,7,1
2026-03-31,000858,11:12:48,104.5600,5,2
2026-03-31,000858,11:12:51,104.5500,12,2
2026-03-31,000858,11:12:54,104.5500,1,1
2026-03-31,000858,11:12:57,104.5500,2,1
2026-03-31,000858,11:13:00,104.5300,12,2
2026-03-31,000858,11:13:03,104.5400,1,1
2026-03-31,000858,11:13:09,104.5300,12,2
2026-03-31,000858,11:13:12,104.5300,21,2
2026-03-31,000858,11:13:15,104.5300,18,2
2026-03-31,000858,11:13:18,104.5000,7,2
2026-03-31,000858,11:13:24,104.5000,22,2
2026-03-31,000858,11:13:27,104.5000,2,2
2026-03-31,000858,11:13:30,104.4800,7,2
2026-03-31,000858,11:13:33,104.4800,8,2
2026-03-31,000858,11:13:36,104.4900,7,1
2026-03-31,000858,11:13:39,104.4800,26,2
2026-03-31,000858,11:13:42,104.4800,7,2
2026-03-31,000858,11:13:45,104.4900,107,1
2026-03-31,000858,11:13:48,104.5100,7,1
2026-03-31,000858,11:13:51,104.5100,49,4
2026-03-31,000858,11:13:54,104.5100,10,2
2026-03-31,000858,11:13:57,104.4900,12,2
2026-03-31,000858,11:14:00,104.4900,3,2
2026-03-31,000858,11:14:06,104.5000,10,1
2026-03-31,000858,11:14:09,104.5000,23,2
2026-03-31,000858,11:14:12,104.5000,10,4
2026-03-31,000858,11:14:15,104.5000,5,1
2026-03-31,000858,11:14:18,104.4600,13,2
2026-03-31,000858,11:14:24,104.4500,4,2
2026-03-31,000858,11:14:27,104.4600,11,2
2026-03-31,000858,11:14:30,104.4500,7,2
2026-03-31,000858,11:14:33,104.4600,18,1
2026-03-31,000858,11:14:36,104.4500,11,2
2026-03-31,000858,11:14:39,104.4400,15,2
2026-03-31,000858,11:14:42,104.4500,2,1
2026-03-31,000858,11:14:45,104.4400,15,2
2026-03-31,000858,11:14:48,104.4400,7,2
2026-03-31,000858,11:14:51,104.4500,20,1
2026-03-31,000858,11:14:57,104.4500,40,1
2026-03-31,000858,11:15:00,104.4300,19,2
2026-03-31,000858,11:15:03,104.4200,12,2
2026-03-31,000858,11:15:06,104.4300,16,1
2026-03-31,000858,11:15:09,104.4500,12,1
2026-03-31,000858,11:15:12,104.4500,46,1
2026-03-31,000858,11:15:15,104.4600,45,1
2026-03-31,000858,11:15:18,104.4600,5,1
2026-03-31,000858,11:15:21,104.4400,24,2
2026-03-31,000858,11:15:24,104.4600,1,2
2026-03-31,000858,11:15:30,104.4500,3,2
2026-03-31,000858,11:15:33,104.4500,13,1
2026-03-31,000858,11:15:36,104.4500,26,1
2026-03-31,000858,11:15:39,104.4500,10,4
2026-03-31,000858,11:15:42,104.4600,2,1
2026-03-31,000858,11:15:45,104.4400,3,2
2026-03-31,000858,11:15:48,104.4300,46,2
2026-03-31,000858,11:15:51,104.4300,4,2
2026-03-31,000858,11:15:54,104.4300,14,2
2026-03-31,000858,11:15:57,104.4300,11,2
2026-03-31,000858,11:16:00,104.4000,30,2
2026-03-31,000858,11:16:03,104.4300,33,1
2026-03-31,000858,11:16:09,104.4300,11,1
2026-03-31,000858,11:16:12,104.4100,1,2
2026-03-31,000858,11:16:15,104.4200,3,1
2026-03-31,000858,11:16:18,104.4100,2,2
2026-03-31,000858,11:16:21,104.4000,37,2
2026-03-31,000858,11:16:24,104.4000,1,2
2026-03-31,000858,11:16:27,104.4000,2,2
2026-03-31,000858,11:16:30,104.4000,1,2
2026-03-31,000858,11:16:33,104.4600,444,1
2026-03-31,000858,11:16:36,104.4700,21,2
2026-03-31,000858,11:16:39,104.4600,16,2
2026-03-31,000858,11:16:42,104.4700,1,2
2026-03-31,000858,11:16:45,104.4700,4,2
2026-03-31,000858,11:16:48,104.5000,2,1
2026-03-31,000858,11:16:54,104.4700,4,2
2026-03-31,000858,11:16:57,104.4700,11,2
2026-03-31,000858,11:17:00,104.4700,9,2
2026-03-31,000858,11:17:03,104.4800,11,1
2026-03-31,000858,11:17:06,104.4700,28,4
2026-03-31,000858,11:17:09,104.4600,6,2
2026-03-31,000858,11:17:12,104.4600,4,2
2026-03-31,000858,11:17:15,104.4600,9,2
2026-03-31,000858,11:17:18,104.4600,8,1
2026-03-31,000858,11:17:21,104.4600,13,1
2026-03-31,000858,11:17:24,104.4600,8,1
2026-03-31,000858,11:17:27,104.4600,19,1
2026-03-31,000858,11:17:30,104.4600,26,1
2026-03-31,000858,11:17:33,104.4500,3,1
2026-03-31,000858,11:17:39,104.4300,5,2
2026-03-31,000858,11:17:42,104.4300,8,2
2026-03-31,000858,11:17:45,104.4300,11,2
2026-03-31,000858,11:17:48,104.4200,4,2
2026-03-31,000858,11:17:51,104.4200,16,2
2026-03-31,000858,11:17:54,104.4200,8,1
