date,code,time,price,volume,bs
2026-01-08,601318,14:07:07,70.2300,116,1
2026-01-08,601318,14:07:10,70.2200,248,2
2026-01-08,601318,14:07:13,70.2600,170,1
2026-01-08,601318,14:07:16,70.2400,123,2
2026-01-08,601318,14:07:19,70.2200,158,2
2026-01-08,601318,14:07:22,70.2200,802,2
2026-01-08,601318,14:07:25,70.2100,222,2
2026-01-08,601318,14:07:28,70.2100,359,1
2026-01-08,601318,14:07:31,70.1900,1140,2
2026-01-08,601318,14:07:34,70.2000,357,1
2026-01-08,601318,14:07:37,70.2000,1118,1
2026-01-08,601318,14:07:40,70.1900,219,2
2026-01-08,601318,14:07:43,70.1800,427,2
2026-01-08,601318,14:07:46,70.1700,183,2
2026-01-08,601318,14:07:49,70.1700,69,2
2026-01-08,601318,14:07:52,70.1800,581,1
2026-01-08,601318,14:07:55,70.1700,166,2
2026-01-08,601318,14:07:58,70.1600,154,2
2026-01-08,601318,14:08:01,70.1400,356,2
2026-01-08,601318,14:08:04,70.1500,203,1
2026-01-08,601318,14:08:07,70.1400,411,2
2026-01-08,601318,14:08:10,70.1500,290,4
2026-01-08,601318,14:08:13,70.1500,411,2
2026-01-08,601318,14:08:16,70.1500,345,2
2026-01-08,601318,14:08:19,70.1500,457,1
2026-01-08,601318,14:08:22,70.1400,499,2
2026-01-08,601318,14:08:25,70.1400,170,1
2026-01-08,601318,14:08:28,70.1400,333,2
2026-01-08,601318,14:08:31,70.1300,719,2
2026-01-08,601318,14:08:34,70.1700,342,1
2026-01-08,601318,14:08:37,70.1400,522,2
2026-01-08,601318,14:08:40,70.1500,380,2
2026-01-08,601318,14:08:43,70.1400,695,2
2026-01-08,601318,14:08:46,70.1400,510,1
2026-01-08,601318,14:08:49,70.1300,174,4
2026-01-08,601318,14:08:52,70.1200,724,2
2026-01-08,601318,14:08:55,70.1000,846,2
2026-01-08,601318,14:08:58,70.1000,963,2
2026-01-08,601318,14:09:01,70.0900,1479,2
2026-01-08,601318,14:09:04,70.0900,778,1
2026-01-08,601318,14:09:07,70.0800,198,2
2026-01-08,601318,14:09:10,70.0700,191,2
2026-01-08,601318,14:09:13,70.0700,711,2
2026-01-08,601318,14:09:16,70.0600,321,2
2026-01-08,601318,14:09:19,70.0500,1705,2
2026-01-08,601318,14:09:22,70.0300,626,2
2026-01-08,601318,14:09:25,70.0200,233,2
2026-01-08,601318,14:09:28,70.0200,577,2
2026-01-08,601318,14:09:31,70.0200,226,1
2026-01-08,601318,14:09:34,70.0100,433,2
2026-01-08,601318,14:09:37,70.0000,2215,2
2026-01-08,601318,14:09:40,70.0100,1614,1
2026-01-08,601318,14:09:43,69.9700,8833,2
2026-01-08,601318,14:09:46,69.9600,1029,2
2026-01-08,601318,14:09:49,69.9700,748,1
2026-01-08,601318,14:09:52,69.9700,837,2
2026-01-08,601318,14:09:55,69.9700,175,1
2026-01-08,601318,14:09:58,69.9700,258,2
2026-01-08,601318,14:10:01,69.9600,331,2
2026-01-08,601318,14:10:04,69.9700,490,1
2026-01-08,601318,14:10:07,69.9500,934,2
2026-01-08,601318,14:10:10,69.9500,458,2
2026-01-08,601318,14:10:13,69.9500,289,1
2026-01-08,601318,14:10:16,69.9300,373,2
2026-01-08,601318,14:10:19,69.9200,180,2
2026-01-08,601318,14:10:22,69.9200,149,1
2026-01-08,601318,14:10:25,69.9300,1017,1
2026-01-08,601318,14:10:28,69.9100,459,2
2026-01-08,601318,14:10:31,69.8900,546,2
2026-01-08,601318,14:10:34,69.8900,570,2
2026-01-08,601318,14:10:37,69.8800,2723,2
2026-01-08,601318,14:10:40,69.8500,374,2
2026-01-08,601318,14:10:43,69.9000,367,1
2026-01-08,601318,14:10:46,69.9200,525,1
2026-01-08,601318,14:10:49,69.9200,414,1
2026-01-08,601318,14:10:52,69.9100,348,2
2026-01-08,601318,14:10:55,69.9200,549,2
2026-01-08,601318,14:10:58,69.9100,1396,2
2026-01-08,601318,14:11:01,69.9200,1109,1
2026-01-08,601318,14:11:04,69.9400,236,1
2026-01-08,601318,14:11:07,69.9300,772,2
2026-01-08,601318,14:11:10,69.9400,455,1
2026-01-08,601318,14:11:13,69.9300,188,2
2026-01-08,601318,14:11:16,69.9300,144,2
2026-01-08,601318,14:11:19,69.9500,583,1
2026-01-08,601318,14:11:22,69.9400,243,2
2026-01-08,601318,14:11:25,69.9400,211,1
2026-01-08,601318,14:11:28,69.9400,266,1
2026-01-08,601318,14:11:31,69.9200,183,2
2026-01-08,601318,14:11:34,69.9300,216,1
2026-01-08,601318,14:11:37,69.9400,167,1
2026-01-08,601318,14:11:40,69.9500,105,4
2026-01-08,601318,14:11:43,69.9900,2919,1
2026-01-08,601318,14:11:46,69.9900,1621,1
2026-01-08,601318,14:11:49,70.0000,370,1
2026-01-08,601318,14:11:52,70.0000,2955,1
2026-01-08,601318,14:11:55,69.9800,345,2
2026-01-08,601318,14:11:58,69.9900,210,1
2026-01-08,601318,14:12:01,69.9900,342,1
2026-01-08,601318,14:12:04,69.9900,801,2
2026-01-08,601318,14:12:07,69.9900,3433,2
2026-01-08,601318,14:12:10,70.0000,2525,1
2026-01-08,601318,14:12:13,69.9900,1852,2
2026-01-08,601318,14:12:16,70.0700,11936,1
2026-01-08,601318,14:12:19,70.0900,823,1
2026-01-08,601318,14:12:22,70.0900,1165,1
2026-01-08,601318,14:12:25,70.1300,325,1
2026-01-08,601318,14:12:28,70.1400,23,1
2026-01-08,601318,14:12:31,70.1400,271,2
2026-01-08,601318,14:12:34,70.1400,198,2
2026-01-08,601318,14:12:37,70.1300,128,4
2026-01-08,601318,14:12:40,70.1200,45,2
2026-01-08,601318,14:12:43,70.1200,54,1
2026-01-08,601318,14:12:46,70.0900,192,2
2026-01-08,601318,14:12:49,70.0700,142,2
2026-01-08,601318,14:12:52,70.0800,1060,1
2026-01-08,601318,14:12:55,70.0200,451,2
2026-01-08,601318,14:12:58,70.0200,198,1
2026-01-08,601318,14:13:01,70.0100,402,2
2026-01-08,601318,14:13:04,70.0000,765,2
2026-01-08,601318,14:13:07,70.0000,811,1
2026-01-08,601318,14:13:10,70.0000,299,1
2026-01-08,601318,14:13:13,69.9900,212,2
2026-01-08,601318,14:13:16,70.0400,274,1
2026-01-08,601318,14:13:19,69.9800,522,2
2026-01-08,601318,14:13:22,70.0100,333,2
2026-01-08,601318,14:13:25,70.0100,112,1
2026-01-08,601318,14:13:28,70.0400,347,1
2026-01-08,601318,14:13:31,70.0000,343,2
2026-01-08,601318,14:13:34,70.0200,127,4
2026-01-08,601318,14:13:37,70.0400,122,1
2026-01-08,601318,14:13:40,70.0500,160,1
2026-01-08,601318,14:13:43,70.0400,339,2
2026-01-08,601318,14:13:46,70.0500,115,1
2026-01-08,601318,14:13:49,70.0500,93,1
2026-01-08,601318,14:13:52,70.0400,102,2
2026-01-08,601318,14:13:55,70.0400,162,1
2026-01-08,601318,14:13:58,70.0200,291,2
2026-01-08,601318,14:14:01,70.0000,582,2
2026-01-08,601318,14:14:04,69.9900,983,2
2026-01-08,601318,14:14:07,69.9900,414,1
2026-01-08,601318,14:14:10,69.9800,115,4
2026-01-08,601318,14:14:13,69.9900,202,1
2026-01-08,601318,14:14:16,69.9600,755,2
2026-01-08,601318,14:14:19,70.0200,174,1
2026-01-08,601318,14:14:22,70.0000,149,2
2026-01-08,601318,14:14:25,69.9900,223,2
2026-01-08,601318,14:14:28,69.9900,285,2
2026-01-08,601318,14:14:31,70.0300,1051,1
2026-01-08,601318,14:14:34,70.0300,330,1
2026-01-08,601318,14:14:37,70.0200,247,2
2026-01-08,601318,14:14:40,70.0100,288,2
2026-01-08,601318,14:14:43,70.0000,297,2
2026-01-08,601318,14:14:46,69.9900,451,2
2026-01-08,601318,14:14:49,69.9900,230,2
2026-01-08,601318,14:14:52,69.9900,345,1
2026-01-08,601318,14:14:55,69.9900,212,1
2026-01-08,601318,14:14:58,70.0000,120,1
2026-01-08,601318,14:15:01,69.9900,277,2
2026-01-08,601318,14:15:04,70.0000,221,1
2026-01-08,601318,14:15:07,70.0000,447,1
2026-01-08,601318,14:15:10,69.9800,214,2
2026-01-08,601318,14:15:13,69.9800,103,1
2026-01-08,601318,14:15:16,69.9700,234,2
2026-01-08,601318,14:15:19,69.9600,434,2
2026-01-08,601318,14:15:22,69.9600,163,1
2026-01-08,601318,14:15:25,69.9600,405,1
2026-01-08,601318,14:15:28,69.9500,132,1
2026-01-08,601318,14:15:31,69.9400,138,4
2026-01-08,601318,14:15:34,69.9400,584,1
2026-01-08,601318,14:15:37,69.9400,1264,1
2026-01-08,601318,14:15:40,69.9400,526,1
2026-01-08,601318,14:15:43,69.9500,470,1
2026-01-08,601318,14:15:46,69.9500,353,1
2026-01-08,601318,14:15:49,69.9400,179,2
2026-01-08,601318,14:15:52,69.9500,497,1
2026-01-08,601318,14:15:55,69.9600,351,1
2026-01-08,601318,14:15:58,69.9700,497,1
2026-01-08,601318,14:16:01,70.0200,638,1
2026-01-08,601318,14:16:04,70.0300,555,1
2026-01-08,601318,14:16:07,70.0600,278,1
2026-01-08,601318,14:16:10,70.0400,360,2
2026-01-08,601318,14:16:13,70.0600,188,1
2026-01-08,601318,14:16:16,70.0700,84,2
2026-01-08,601318,14:16:19,70.0600,242,2
2026-01-08,601318,14:16:22,70.0500,102,4
2026-01-08,601318,14:16:25,70.0500,95,1
2026-01-08,601318,14:16:28,70.0000,345,2
2026-01-08,601318,14:16:31,70.0500,172,1
2026-01-08,601318,14:16:34,70.0500,159,1
2026-01-08,601318,14:16:37,70.0400,257,2
2026-01-08,601318,14:16:40,70.0300,184,2
2026-01-08,601318,14:16:43,70.0200,209,2
2026-01-08,601318,14:16:46,70.0100,133,2
2026-01-08,601318,14:16:49,70.0100,154,2
2026-01-08,601318,14:16:52,70.0100,174,2
2026-01-08,601318,14:16:55,70.0000,420,2
2026-01-08,601318,14:16:58,70.0000,593,2
2026-01-08,601318,14:17:01,70.0000,281,1
2026-01-08,601318,14:17:04,69.9800,170,2
2026-01-08,601318,14:17:07,69.9700,143,2
2026-01-08,601318,14:17:10,69.9600,745,2
2026-01-08,601318,14:17:13,69.9500,735,2
2026-01-08,601318,14:17:16,69.9500,1431,2
2026-01-08,601318,14:17:19,69.9300,801,2
2026-01-08,601318,14:17:22,69.9500,502,1
2026-01-08,601318,14:17:25,69.9200,275,2
2026-01-08,601318,14:17:28,69.9300,249,1
2026-01-08,601318,14:17:31,69.9700,3350,1
2026-01-08,601318,14:17:34,69.9700,739,1
2026-01-08,601318,14:17:37,70.0000,334,1
2026-01-08,601318,14:17:40,70.0000,228,2
2026-01-08,601318,14:17:43,70.0000,145,1
2026-01-08,601318,14:17:46,70.0000,81,1
2026-01-08,601318,14:17:49,69.9900,198,2
2026-01-08,601318,14:17:52,69.9900,47,4
2026-01-08,601318,14:17:55,70.0000,789,1
2026-01-08,601318,14:17:58,70.0000,696,1
2026-01-08,601318,14:18:01,69.9900,351,4
2026-01-08,601318,14:18:04,70.0700,200,1
2026-01-08,601318,14:18:07,70.0600,434,2
2026-01-08,601318,14:18:10,70.0700,150,2
2026-01-08,601318,14:18:13,70.0600,130,2
2026-01-08,601318,14:18:16,70.0700,152,4
2026-01-08,601318,14:18:19,70.0800,100,1
2026-01-08,601318,14:18:22,70.0600,572,2
2026-01-08,601318,14:18:25,70.0600,290,2
2026-01-08,601318,14:18:28,70.0200,244,2
2026-01-08,601318,14:18:31,70.0200,170,1
2026-01-08,601318,14:18:34,70.0100,71,4
2026-01-08,601318,14:18:37,70.0000,2004,2
2026-01-08,601318,14:18:40,69.9800,704,2
2026-01-08,601318,14:18:43,69.9500,253,2
2026-01-08,601318,14:18:46,69.9300,226,2
2026-01-08,601318,14:18:49,69.9300,123,2
2026-01-08,601318,14:18:52,69.9300,209,1
2026-01-08,601318,14:18:55,69.9700,214,1
2026-01-08,601318,14:18:58,69.9300,156,2
2026-01-08,601318,14:19:01,69.9600,207,1
2026-01-08,601318,14:19:04,69.9800,347,1
2026-01-08,601318,14:19:07,69.9700,290,2
2026-01-08,601318,14:19:10,69.9500,975,2
2026-01-08,601318,14:19:13,69.9600,439,4
2026-01-08,601318,14:19:16,69.9400,581,2
2026-01-08,601318,14:19:19,69.9300,135,2
2026-01-08,601318,14:19:22,69.9100,330,2
2026-01-08,601318,14:19:25,69.9100,296,1
2026-01-08,601318,14:19:28,69.8700,7796,2
2026-01-08,601318,14:19:31,69.8200,1549,2
2026-01-08,601318,14:19:34,69.8000,2139,2
2026-01-08,601318,14:19:37,69.8000,932,2
2026-01-08,601318,14:19:40,69.7900,693,4
2026-01-08,601318,14:19:43,69.7600,1810,2
2026-01-08,601318,14:19:46,69.7800,1970,1
2026-01-08,601318,14:19:49,69.7300,436,2
2026-01-08,601318,14:19:52,69.7200,330,4
2026-01-08,601318,14:19:55,69.7100,442,2
2026-01-08,601318,14:19:58,69.7100,678,1
2026-01-08,601318,14:20:01,69.6900,841,2
2026-01-08,601318,14:20:04,69.6900,624,2
2026-01-08,601318,14:20:07,69.6900,594,1
2026-01-08,601318,14:20:10,69.6900,201,2
2026-01-08,601318,14:20:13,69.6900,246,1
2026-01-08,601318,14:20:16,69.6900,529,1
2026-01-08,601318,14:20:19,69.6900,324,1
2026-01-08,601318,14:20:22,69.7400,892,1
2026-01-08,601318,14:20:25,69.7100,358,2
2026-01-08,601318,14:20:28,69.7300,353,1
2026-01-08,601318,14:20:31,69.7400,423,1
2026-01-08,601318,14:20:34,69.7300,495,2
2026-01-08,601318,14:20:37,69.7200,124,2
2026-01-08,601318,14:20:40,69.7300,154,1
2026-01-08,601318,14:20:43,69.7300,464,2
2026-01-08,601318,14:20:46,69.7400,665,4
2026-01-08,601318,14:20:49,69.7300,1010,2
2026-01-08,601318,14:20:52,69.7700,377,1
2026-01-08,601318,14:20:55,69.7700,129,1
2026-01-08,601318,14:20:58,69.8100,3503,1
2026-01-08,601318,14:21:01,69.8100,453,2
2026-01-08,601318,14:21:04,69.7900,439,2
2026-01-08,601318,14:21:07,69.7900,948,1
2026-01-08,601318,14:21:10,69.7800,1068,2
2026-01-08,601318,14:21:13,69.7800,614,1
2026-01-08,601318,14:21:16,69.7800,898,1
2026-01-08,601318,14:21:19,69.7700,726,2
2026-01-08,601318,14:21:22,69.7800,333,1
2026-01-08,601318,14:21:25,69.7800,500,1
2026-01-08,601318,14:21:28,69.7700,503,2
2026-01-08,601318,14:21:31,69.7600,534,2
2026-01-08,601318,14:21:34,69.7600,391,1
2026-01-08,601318,14:21:37,69.7700,498,1
2026-01-08,601318,14:21:40,69.7700,234,1
2026-01-08,601318,14:21:43,69.7700,356,1
2026-01-08,601318,14:21:46,69.7700,197,1
2026-01-08,601318,14:21:49,69.7700,103,1
2026-01-08,601318,14:21:52,69.7800,1607,1
2026-01-08,601318,14:21:55,69.7900,524,1
2026-01-08,601318,14:21:58,69.7800,234,2
2026-01-08,601318,14:22:01,69.7900,168,4
2026-01-08,601318,14:22:04,69.8100,1053,1
2026-01-08,601318,14:22:07,69.8100,1421,2
2026-01-08,601318,14:22:10,69.8700,1227,1
2026-01-08,601318,14:22:13,69.8600,550,4
2026-01-08,601318,14:22:16,69.8600,361,1
2026-01-08,601318,14:22:19,69.8600,541,1
2026-01-08,601318,14:22:22,69.8600,611,2
2026-01-08,601318,14:22:25,69.8500,348,2
2026-01-08,601318,14:22:28,69.8600,1574,1
2026-01-08,601318,14:22:31,69.8600,440,1
2026-01-08,601318,14:22:34,69.8600,402,1
2026-01-08,601318,14:22:37,69.8600,3128,1
2026-01-08,601318,14:22:40,69.8600,4937,2
2026-01-08,601318,14:22:43,69.8600,790,2
2026-01-08,601318,14:22:46,69.8900,718,1
2026-01-08,601318,14:22:49,69.9300,5007,1
2026-01-08,601318,14:22:52,69.9000,1104,2
2026-01-08,601318,14:22:55,69.9000,370,2
2026-01-08,601318,14:22:58,69.9000,330,1
2026-01-08,601318,14:23:01,69.9000,1630,1
2026-01-08,601318,14:23:04,69.8500,963,2
2026-01-08,601318,14:23:07,69.8300,204,2
2026-01-08,601318,14:23:10,69.8100,243,2
2026-01-08,601318,14:23:13,69.8100,371,2
2026-01-08,601318,14:23:16,69.8200,209,1
2026-01-08,601318,14:23:19,69.8100,218,2
2026-01-08,601318,14:23:22,69.8100,747,1
2026-01-08,601318,14:23:25,69.8000,683,2
2026-01-08,601318,14:23:28,69.8400,1577,1
2026-01-08,601318,14:23:31,69.8200,457,2
2026-01-08,601318,14:23:34,69.8200,276,1
2026-01-08,601318,14:23:37,69.8200,183,1
2026-01-08,601318,14:23:40,69.8200,164,1
2026-01-08,601318,14:23:43,69.8100,411,2
2026-01-08,601318,14:23:46,69.8100,181,2
2026-01-08,601318,14:23:49,69.8100,1216,1
2026-01-08,601318,14:23:52,69.8200,359,1
2026-01-08,601318,14:23:55,69.8200,831,1
2026-01-08,601318,14:23:58,69.8400,444,1
2026-01-08,601318,14:24:01,69.8400,180,2
2026-01-08,601318,14:24:04,69.8300,198,2
2026-01-08,601318,14:24:07,69.8200,120,2
2026-01-08,601318,14:24:10,69.8400,410,1
2026-01-08,601318,14:24:13,69.8300,175,2
2026-01-08,601318,14:24:16,69.8300,907,2
2026-01-08,601318,14:24:19,69.8300,798,1
2026-01-08,601318,14:24:22,69.8200,537,2
2026-01-08,601318,14:24:25,69.8200,409,1
2026-01-08,601318,14:24:28,69.8200,381,2
2026-01-08,601318,14:24:31,69.8100,916,2
2026-01-08,601318,14:24:34,69.8100,238,1
2026-01-08,601318,14:24:37,69.8100,610,2
2026-01-08,601318,14:24:40,69.8100,314,1
2026-01-08,601318,14:24:43,69.8200,887,1
2026-01-08,601318,14:24:46,69.7900,670,2
2026-01-08,601318,14:24:49,69.8000,174,4
2026-01-08,601318,14:24:52,69.8000,434,2
2026-01-08,601318,14:24:55,69.8100,395,1
2026-01-08,601318,14:24:58,69.8100,180,2
2026-01-08,601318,14:25:01,69.8400,674,1
2026-01-08,601318,14:25:04,69.8200,514,2
2026-01-08,601318,14:25:07,69.8100,281,2
2026-01-08,601318,14:25:10,69.8100,489,2
2026-01-08,601318,14:25:13,69.8200,842,1
2026-01-08,601318,14:25:16,69.8600,1405,1
2026-01-08,601318,14:25:19,69.8200,142,2
2026-01-08,601318,14:25:22,69.8300,41,2
2026-01-08,601318,14:25:25,69.8300,157,2
2026-01-08,601318,14:25:28,69.8500,123,1
2026-01-08,601318,14:25:31,69.8500,342,1
2026-01-08,601318,14:25:34,69.8900,626,1
2026-01-08,601318,14:25:37,69.8900,113,2
2026-01-08,601318,14:25:40,69.9200,128,1
2026-01-08,601318,14:25:43,69.9400,64,1
2026-01-08,601318,14:25:46,69.9700,485,1
2026-01-08,601318,14:25:49,69.9900,162,1
2026-01-08,601318,14:25:52,69.9800,270,2
2026-01-08,601318,14:25:55,69.9700,260,2
2026-01-08,601318,14:25:58,69.9700,101,1
2026-01-08,601318,14:26:01,69.9600,92,2
2026-01-08,601318,14:26:04,69.9600,161,1
2026-01-08,601318,14:26:07,69.9300,819,2
2026-01-08,601318,14:26:10,69.9600,951,1
2026-01-08,601318,14:26:13,69.9600,250,2
2026-01-08,601318,14:26:16,69.9500,185,4
2026-01-08,601318,14:26:19,69.9500,153,1
2026-01-08,601318,14:26:22,69.9300,284,2
2026-01-08,601318,14:26:25,69.9400,289,1
2026-01-08,601318,14:26:28,69.9300,414,2
2026-01-08,601318,14:26:31,69.9200,378,2
2026-01-08,601318,14:26:34,69.9300,105,1
2026-01-08,601318,14:26:37,69.9200,321,2
2026-01-08,601318,14:26:40,69.9300,318,2
2026-01-08,601318,14:26:43,69.9300,233,2
2026-01-08,601318,14:26:46,69.9400,191,2
2026-01-08,601318,14:26:49,69.9500,24,2
2026-01-08,601318,14:26:52,69.9400,362,2
2026-01-08,601318,14:26:55,69.9400,544,1
2026-01-08,601318,14:26:58,69.9500,306,1
2026-01-08,601318,14:27:01,69.9800,275,1
2026-01-08,601318,14:27:04,69.9600,147,2
2026-01-08,601318,14:27:07,69.9600,99,2
2026-01-08,601318,14:27:10,69.9600,346,2
2026-01-08,601318,14:27:13,69.9700,566,1
2026-01-08,601318,14:27:16,69.9500,150,2
2026-01-08,601318,14:27:19,69.9500,52,1
2026-01-08,601318,14:27:22,69.9400,281,2
2026-01-08,601318,14:27:25,69.9300,211,2
2026-01-08,601318,14:27:28,69.9300,297,1
2026-01-08,601318,14:27:31,69.9200,730,2
2026-01-08,601318,14:27:34,69.9100,363,2
2026-01-08,601318,14:27:37,69.9100,772,1
2026-01-08,601318,14:27:40,69.9000,327,2
2026-01-08,601318,14:27:43,69.8900,609,2
2026-01-08,601318,14:27:46,69.8900,122,1
2026-01-08,601318,14:27:49,69.8800,49,2
2026-01-08,601318,14:27:52,69.8700,62,2
2026-01-08,601318,14:27:55,69.8700,346,1
2026-01-08,601318,14:27:58,69.8700,74,2
2026-01-08,601318,14:28:01,69.8600,375,2
2026-01-08,601318,14:28:04,69.8600,161,1
2026-01-08,601318,14:28:07,69.8600,408,1
2026-01-08,601318,14:28:10,69.8800,980,1
2026-01-08,601318,14:28:13,69.8700,293,2
2026-01-08,601318,14:28:16,69.8600,153,2
2026-01-08,601318,14:28:19,69.8600,116,1
2026-01-08,601318,14:28:22,69.8600,496,1
2026-01-08,601318,14:28:25,69.8900,613,1
2026-01-08,601318,14:28:28,69.9500,748,1
2026-01-08,601318,14:28:31,69.9300,285,2
2026-01-08,601318,14:28:34,69.9300,164,1
2026-01-08,601318,14:28:37,69.9500,692,1
2026-01-08,601318,14:28:40,69.9300,435,2
2026-01-08,601318,14:28:43,69.9400,149,4
2026-01-08,601318,14:28:46,69.9300,577,2
2026-01-08,601318,14:28:49,69.9300,465,1
2026-01-08,601318,14:28:52,69.9800,265,1
2026-01-08,601318,14:28:55,69.9400,239,2
2026-01-08,601318,14:28:58,70.0000,96,1
2026-01-08,601318,14:29:01,69.9400,373,2
2026-01-08,601318,14:29:04,69.9900,287,1
2026-01-08,601318,14:29:07,69.9600,260,2
2026-01-08,601318,14:29:10,69.9600,293,2
2026-01-08,601318,14:29:13,69.9600,115,1
2026-01-08,601318,14:29:16,69.9700,340,1
2026-01-08,601318,14:29:19,69.9700,223,2
2026-01-08,601318,14:29:22,69.9700,873,2
2026-01-08,601318,14:29:25,69.9700,150,1
2026-01-08,601318,14:29:28,69.9700,564,1
2026-01-08,601318,14:29:31,69.9600,204,2
2026-01-08,601318,14:29:34,69.9600,499,1
2026-01-08,601318,14:29:37,69.9600,406,1
2026-01-08,601318,14:29:40,69.9700,1066,1
2026-01-08,601318,14:29:43,69.9800,347,1
2026-01-08,601318,14:29:46,69.9700,104,2
2026-01-08,601318,14:29:49,69.9700,236,1
2026-01-08,601318,14:29:52,69.9600,364,2
2026-01-08,601318,14:29:55,69.9600,320,1
2026-01-08,601318,14:29:58,69.9500,153,2
2026-01-08,601318,14:30:01,69.9400,178,2
2026-01-08,601318,14:30:04,69.9300,494,2
2026-01-08,601318,14:30:07,69.9200,421,2
2026-01-08,601318,14:30:10,69.9400,346,1
2026-01-08,601318,14:30:13,69.9400,538,2
2026-01-08,601318,14:30:16,69.9400,197,1
2026-01-08,601318,14:30:19,69.9300,124,2
2026-01-08,601318,14:30:22,69.9200,175,2
2026-01-08,601318,14:30:25,69.9200,348,1
2026-01-08,601318,14:30:28,69.9300,195,1
2026-01-08,601318,14:30:31,69.9200,230,2
2026-01-08,601318,14:30:34,69.9100,261,2
2026-01-08,601318,14:30:37,69.9100,139,1
2026-01-08,601318,14:30:40,69.9000,2255,2
2026-01-08,601318,14:30:43,69.9000,1751,1
2026-01-08,601318,14:30:46,69.9100,974,1
2026-01-08,601318,14:30:49,69.9400,513,1
2026-01-08,601318,14:30:52,69.9600,432,2
2026-01-08,601318,14:30:55,69.9700,394,1
2026-01-08,601318,14:30:58,70.0000,391,1
2026-01-08,601318,14:31:01,70.0000,301,2
2026-01-08,601318,14:31:04,69.9900,516,2
2026-01-08,601318,14:31:07,70.0000,378,1
2026-01-08,601318,14:31:10,69.9900,240,4
2026-01-08,601318,14:31:13,69.9800,665,2
2026-01-08,601318,14:31:16,69.9800,129,2
2026-01-08,601318,14:31:19,69.9600,113,2
2026-01-08,601318,14:31:22,69.9500,171,2
2026-01-08,601318,14:31:25,69.9400,78,2
2026-01-08,601318,14:31:28,69.9500,427,1
2026-01-08,601318,14:31:31,69.9400,200,2
2026-01-08,601318,14:31:34,69.9500,310,1
2026-01-08,601318,14:31:37,69.9500,47,1
2026-01-08,601318,14:31:40,69.9500,183,1
2026-01-08,601318,14:31:43,69.9400,129,2
2026-01-08,601318,14:31:46,69.9600,203,1
2026-01-08,601318,14:31:49,69.9600,87,2
2026-01-08,601318,14:31:52,69.9600,60,2
2026-01-08,601318,14:31:55,69.9400,181,2
2026-01-08,601318,14:31:58,69.9300,60,2
2026-01-08,601318,14:32:01,69.9300,295,1
2026-01-08,601318,14:32:04,69.9300,254,1
2026-01-08,601318,14:32:07,69.9300,418,1
2026-01-08,601318,14:32:10,69.9400,76,2
2026-01-08,601318,14:32:13,69.9800,406,1
2026-01-08,601318,14:32:16,69.9800,442,1
2026-01-08,601318,14:32:19,70.0000,617,1
2026-01-08,601318,14:32:22,69.9900,115,2
2026-01-08,601318,14:32:25,70.0000,169,1
2026-01-08,601318,14:32:28,70.0000,280,2
2026-01-08,601318,14:32:31,70.0100,323,1
2026-01-08,601318,14:32:34,70.0200,122,1
2026-01-08,601318,14:32:37,70.0100,340,2
2026-01-08,601318,14:32:40,70.0100,419,1
2026-01-08,601318,14:32:43,70.0200,1013,2
2026-01-08,601318,14:32:46,70.0000,126,2
2026-01-08,601318,14:32:49,70.0000,236,1
2026-01-08,601318,14:32:52,69.9900,267,2
2026-01-08,601318,14:32:55,70.0000,413,1
2026-01-08,601318,14:32:58,70.0300,455,1
2026-01-08,601318,14:33:01,69.9900,218,2
2026-01-08,601318,14:33:04,69.9900,256,2
2026-01-08,601318,14:33:07,70.0100,378,1
2026-01-08,601318,14:33:10,70.0500,370,1
2026-01-08,601318,14:33:13,70.0500,361,1
2026-01-08,601318,14:33:16,70.0500,205,2
2026-01-08,601318,14:33:19,70.0400,59,4
2026-01-08,601318,14:33:22,70.0300,217,2
2026-01-08,601318,14:33:25,70.0300,145,1
2026-01-08,601318,14:33:28,70.0300,152,1
2026-01-08,601318,14:33:31,70.0200,224,2
2026-01-08,601318,14:33:34,70.0100,39,2
2026-01-08,601318,14:33:37,70.0100,357,2
2026-01-08,601318,14:33:40,70.0100,291,1
2026-01-08,601318,14:33:43,70.0000,431,2
2026-01-08,601318,14:33:46,70.0000,311,1
2026-01-08,601318,14:33:49,70.0000,423,1
2026-01-08,601318,14:33:52,69.9800,339,2
2026-01-08,601318,14:33:55,69.9800,597,2
2026-01-08,601318,14:33:58,69.9700,167,2
2026-01-08,601318,14:34:01,69.9700,141,2
2026-01-08,601318,14:34:04,69.9500,151,2
2026-01-08,601318,14:34:07,69.9500,581,2
2026-01-08,601318,14:34:10,69.9400,595,2
2026-01-08,601318,14:34:13,69.9400,269,2
2026-01-08,601318,14:34:16,69.9600,356,1
2026-01-08,601318,14:34:19,69.9700,351,1
2026-01-08,601318,14:34:22,69.9700,554,1
2026-01-08,601318,14:34:25,69.9800,1065,1
2026-01-08,601318,14:34:28,70.0000,682,1
2026-01-08,601318,14:34:31,70.0000,481,1
2026-01-08,601318,14:34:34,69.9900,467,2
2026-01-08,601318,14:34:37,69.9900,290,1
2026-01-08,601318,14:34:40,69.9900,263,1
2026-01-08,601318,14:34:43,70.0000,376,2
2026-01-08,601318,14:34:46,70.0100,320,1
2026-01-08,601318,14:34:49,70.0100,216,2
2026-01-08,601318,14:34:52,70.0200,85,1
2026-01-08,601318,14:34:55,70.0000,119,2
2026-01-08,601318,14:34:58,70.0000,173,2
2026-01-08,601318,14:35:01,70.0100,170,1
2026-01-08,601318,14:35:04,69.9900,87,2
2026-01-08,601318,14:35:07,70.0000,381,1
2026-01-08,601318,14:35:10,70.0200,658,1
2026-01-08,601318,14:35:13,70.0500,1072,1
2026-01-08,601318,14:35:16,70.0700,268,1
2026-01-08,601318,14:35:19,70.1000,227,1
2026-01-08,601318,14:35:22,70.0900,168,1
2026-01-08,601318,14:35:25,70.0800,211,2
2026-01-08,601318,14:35:28,70.0700,79,2
2026-01-08,601318,14:35:31,70.0900,627,1
2026-01-08,601318,14:35:34,70.0500,61,1
2026-01-08,601318,14:35:37,70.0300,483,2
2026-01-08,601318,14:35:40,70.0400,110,1
2026-01-08,601318,14:35:43,70.0400,298,1
2026-01-08,601318,14:35:46,70.0300,164,2
2026-01-08,601318,14:35:49,70.0300,189,2
2026-01-08,601318,14:35:52,70.0400,253,1
2026-01-08,601318,14:35:55,70.0500,116,1
2026-01-08,601318,14:35:58,70.0400,277,2
2026-01-08,601318,14:36:01,70.0300,202,2
2026-01-08,601318,14:36:04,70.0400,283,1
2026-01-08,601318,14:36:07,70.0500,450,1
2026-01-08,601318,14:36:10,70.0700,323,1
2026-01-08,601318,14:36:13,70.0400,1340,2
2026-01-08,601318,14:36:16,70.0700,832,1
2026-01-08,601318,14:36:19,70.0700,511,1
2026-01-08,601318,14:36:22,70.0800,175,1
2026-01-08,601318,14:36:25,70.1000,798,1
2026-01-08,601318,14:36:28,70.0700,509,2
2026-01-08,601318,14:36:31,70.1100,444,1
2026-01-08,601318,14:36:34,70.1200,392,1
2026-01-08,601318,14:36:37,70.1300,197,1
2026-01-08,601318,14:36:40,70.1400,222,4
2026-01-08,601318,14:36:43,70.1300,634,2
2026-01-08,601318,14:36:46,70.1300,205,1
2026-01-08,601318,14:36:49,70.1400,254,4
2026-01-08,601318,14:36:52,70.1400,96,4
2026-01-08,601318,14:36:55,70.1500,626,1
2026-01-08,601318,14:36:58,70.1800,1002,1
2026-01-08,601318,14:37:01,70.1900,268,4
2026-01-08,601318,14:37:04,70.1600,339,2
2026-01-08,601318,14:37:07,70.1600,302,2
2026-01-08,601318,14:37:10,70.2000,550,1
2026-01-08,601318,14:37:13,70.1500,804,2
2026-01-08,601318,14:37:16,70.1900,459,1
2026-01-08,601318,14:37:19,70.1900,311,1
2026-01-08,601318,14:37:22,70.2000,416,1
2026-01-08,601318,14:37:25,70.2100,280,1
2026-01-08,601318,14:37:28,70.2000,628,2
2026-01-08,601318,14:37:31,70.2000,1296,1
2026-01-08,601318,14:37:34,70.1500,1089,2
2026-01-08,601318,14:37:37,70.1800,691,1
2026-01-08,601318,14:37:40,70.1900,1170,1
2026-01-08,601318,14:37:43,70.1800,329,2
2026-01-08,601318,14:37:46,70.1700,368,2
2026-01-08,601318,14:37:49,70.1700,180,1
2026-01-08,601318,14:37:52,70.1700,1235,1
2026-01-08,601318,14:37:55,70.1900,688,1
2026-01-08,601318,14:37:58,70.1900,468,1
2026-01-08,601318,14:38:01,70.2200,168,1
2026-01-08,601318,14:38:04,70.2000,355,2
2026-01-08,601318,14:38:07,70.2000,486,2
2026-01-08,601318,14:38:10,70.2000,579,1
2026-01-08,601318,14:38:13,70.1800,971,2
2026-01-08,601318,14:38:16,70.1600,795,2
2026-01-08,601318,14:38:19,70.1800,197,1
2026-01-08,601318,14:38:22,70.1700,676,2
2026-01-08,601318,14:38:25,70.1700,525,1
2026-01-08,601318,14:38:28,70.1900,1170,1
2026-01-08,601318,14:38:31,70.1800,571,4
2026-01-08,601318,14:38:34,70.1900,1015,1
2026-01-08,601318,14:38:37,70.2300,1401,1
2026-01-08,601318,14:38:40,70.2400,559,1
2026-01-08,601318,14:38:43,70.2300,1007,2
2026-01-08,601318,14:38:46,70.2900,837,1
2026-01-08,601318,14:38:49,70.3400,769,1
2026-01-08,601318,14:38:52,70.3100,157,2
2026-01-08,601318,14:38:55,70.2800,353,2
2026-01-08,601318,14:38:58,70.2200,350,2
2026-01-08,601318,14:39:01,70.2000,179,2
2026-01-08,601318,14:39:04,70.1900,90,2
2026-01-08,601318,14:39:07,70.1800,135,2
2026-01-08,601318,14:39:10,70.1900,39,4
2026-01-08,601318,14:39:13,70.1900,484,1
2026-01-08,601318,14:39:16,70.2100,174,1
2026-01-08,601318,14:39:19,70.2100,153,2
2026-01-08,601318,14:39:22,70.2200,177,1
2026-01-08,601318,14:39:25,70.2200,256,1
2026-01-08,601318,14:39:28,70.2100,228,1
2026-01-08,601318,14:39:31,70.2100,228,1
2026-01-08,601318,14:39:34,70.1800,234,2
2026-01-08,601318,14:39:37,70.1900,243,1
2026-01-08,601318,14:39:40,70.1900,292,1
2026-01-08,601318,14:39:43,70.1800,649,2
2026-01-08,601318,14:39:46,70.1800,281,1
2026-01-08,601318,14:39:49,70.2000,699,1
2026-01-08,601318,14:39:52,70.2200,187,1
2026-01-08,601318,14:39:55,70.2500,473,1
2026-01-08,601318,14:39:58,70.2600,489,1
2026-01-08,601318,14:40:01,70.2800,510,1
2026-01-08,601318,14:40:04,70.2500,244,2
2026-01-08,601318,14:40:07,70.2500,776,1
2026-01-08,601318,14:40:10,70.2500,436,1
2026-01-08,601318,14:40:13,70.2700,545,1
2026-01-08,601318,14:40:16,70.2800,145,1
2026-01-08,601318,14:40:19,70.2800,141,1
2026-01-08,601318,14:40:22,70.2700,70,2
2026-01-08,601318,14:40:25,70.2700,283,2
2026-01-08,601318,14:40:28,70.2800,265,1
2026-01-08,601318,14:40:31,70.2700,967,2
2026-01-08,601318,14:40:34,70.2600,266,2
2026-01-08,601318,14:40:37,70.2700,51,1
2026-01-08,601318,14:40:40,70.2600,240,2
2026-01-08,601318,14:40:43,70.2700,307,1
2026-01-08,601318,14:40:46,70.3000,2627,1
2026-01-08,601318,14:40:49,70.2900,1084,2
2026-01-08,601318,14:40:52,70.3100,83,1
2026-01-08,601318,14:40:55,70.3100,122,1
2026-01-08,601318,14:40:58,70.3300,464,1
2026-01-08,601318,14:41:01,70.3300,1196,1
2026-01-08,601318,14:41:04,70.3100,644,2
2026-01-08,601318,14:41:07,70.2700,1019,2
2026-01-08,601318,14:41:10,70.2800,470,1
2026-01-08,601318,14:41:13,70.2800,302,1
2026-01-08,601318,14:41:16,70.2900,602,1
2026-01-08,601318,14:41:19,70.3200,1168,1
2026-01-08,601318,14:41:22,70.3600,2304,1
2026-01-08,601318,14:41:25,70.3900,245,1
2026-01-08,601318,14:41:28,70.3900,282,1
2026-01-08,601318,14:41:31,70.3800,771,2
2026-01-08,601318,14:41:34,70.3900,256,1
2026-01-08,601318,14:41:37,70.3900,401,1
2026-01-08,601318,14:41:40,70.3800,157,2
2026-01-08,601318,14:41:43,70.4000,171,1
2026-01-08,601318,14:41:46,70.3800,143,2
2026-01-08,601318,14:41:49,70.3600,609,2
2026-01-08,601318,14:41:52,70.3500,87,2
2026-01-08,601318,14:41:55,70.3500,166,2
2026-01-08,601318,14:41:58,70.3700,129,1
2026-01-08,601318,14:42:01,70.3600,104,2
2026-01-08,601318,14:42:04,70.3600,711,1
2026-01-08,601318,14:42:07,70.3500,578,2
2026-01-08,601318,14:42:10,70.3400,597,2
2026-01-08,601318,14:42:13,70.3500,197,1
2026-01-08,601318,14:42:16,70.3400,457,2
2026-01-08,601318,14:42:19,70.3300,159,2
2026-01-08,601318,14:42:22,70.3100,384,2
2026-01-08,601318,14:42:25,70.3000,107,2
2026-01-08,601318,14:42:28,70.3100,185,2
2026-01-08,601318,14:42:31,70.3000,214,2
2026-01-08,601318,14:42:34,70.3000,27,1
2026-01-08,601318,14:42:37,70.2900,474,2
2026-01-08,601318,14:42:40,70.2900,103,1
2026-01-08,601318,14:42:43,70.3000,306,1
2026-01-08,601318,14:42:46,70.2800,716,2
2026-01-08,601318,14:42:49,70.2700,69,2
2026-01-08,601318,14:42:52,70.2700,80,2
2026-01-08,601318,14:42:55,70.2700,84,2
2026-01-08,601318,14:42:58,70.2800,270,1
2026-01-08,601318,14:43:01,70.2700,461,2
2026-01-08,601318,14:43:04,70.2600,373,2
2026-01-08,601318,14:43:07,70.2600,90,1
2026-01-08,601318,14:43:10,70.2500,324,2
2026-01-08,601318,14:43:13,70.2500,62,1
2026-01-08,601318,14:43:16,70.2500,227,1
2026-01-08,601318,14:43:19,70.2400,571,2
2026-01-08,601318,14:43:22,70.2400,69,1
2026-01-08,601318,14:43:25,70.2400,218,1
2026-01-08,601318,14:43:28,70.2400,439,1
2026-01-08,601318,14:43:31,70.2500,260,1
2026-01-08,601318,14:43:34,70.2400,118,2
2026-01-08,601318,14:43:37,70.2300,184,2
2026-01-08,601318,14:43:40,70.2400,402,1
2026-01-08,601318,14:43:43,70.2300,172,2
2026-01-08,601318,14:43:46,70.2300,316,1
2026-01-08,601318,14:43:49,70.2400,172,1
2026-01-08,601318,14:43:52,70.2300,331,2
2026-01-08,601318,14:43:55,70.2300,197,1
2026-01-08,601318,14:43:58,70.2600,635,1
2026-01-08,601318,14:44:01,70.2600,477,1
2026-01-08,601318,14:44:04,70.2500,32,4
2026-01-08,601318,14:44:07,70.2600,78,4
2026-01-08,601318,14:44:10,70.2700,234,1
2026-01-08,601318,14:44:13,70.2300,535,2
2026-01-08,601318,14:44:16,70.2500,125,1
2026-01-08,601318,14:44:19,70.2600,122,1
2026-01-08,601318,14:44:22,70.2700,315,1
2026-01-08,601318,14:44:25,70.2600,247,2
2026-01-08,601318,14:44:28,70.2600,236,2
2026-01-08,601318,14:44:31,70.2800,377,1
2026-01-08,601318,14:44:34,70.2800,152,1
2026-01-08,601318,14:44:37,70.3100,408,1
2026-01-08,601318,14:44:40,70.3200,370,1
2026-01-08,601318,14:44:43,70.3200,559,2
2026-01-08,601318,14:44:46,70.3200,386,2
2026-01-08,601318,14:44:49,70.3300,126,1
2026-01-08,601318,14:44:52,70.3500,168,1
2026-01-08,601318,14:44:55,70.3600,162,1
2026-01-08,601318,14:44:58,70.3400,266,2
2026-01-08,601318,14:45:01,70.3100,190,2
2026-01-08,601318,14:45:04,70.3200,112,2
2026-01-08,601318,14:45:07,70.3500,1070,1
2026-01-08,601318,14:45:10,70.3700,202,1
2026-01-08,601318,14:45:13,70.3900,276,1
2026-01-08,601318,14:45:16,70.3900,111,1
2026-01-08,601318,14:45:19,70.3700,701,2
2026-01-08,601318,14:45:22,70.3600,72,2
2026-01-08,601318,14:45:25,70.3400,176,2
2026-01-08,601318,14:45:28,70.3500,100,1
2026-01-08,601318,14:45:31,70.3400,197,1
2026-01-08,601318,14:45:34,70.3500,51,1
2026-01-08,601318,14:45:37,70.3500,381,1
2026-01-08,601318,14:45:40,70.3700,756,1
2026-01-08,601318,14:45:43,70.3700,254,1
2026-01-08,601318,14:45:46,70.3600,560,2
2026-01-08,601318,14:45:49,70.3900,604,1
2026-01-08,601318,14:45:52,70.4000,213,2
2026-01-08,601318,14:45:55,70.3700,226,2
2026-01-08,601318,14:45:58,70.3700,376,2
2026-01-08,601318,14:46:01,70.3800,110,1
2026-01-08,601318,14:46:04,70.3900,294,1
2026-01-08,601318,14:46:07,70.3900,261,2
2026-01-08,601318,14:46:10,70.3800,258,2
2026-01-08,601318,14:46:13,70.4000,433,1
2026-01-08,601318,14:46:16,70.3900,293,2
2026-01-08,601318,14:46:19,70.4400,564,1
2026-01-08,601318,14:46:22,70.4400,81,1
2026-01-08,601318,14:46:25,70.3900,272,2
2026-01-08,601318,14:46:28,70.3800,448,2
2026-01-08,601318,14:46:31,70.3900,173,1
2026-01-08,601318,14:46:34,70.4300,477,1
2026-01-08,601318,14:46:37,70.4500,157,1
2026-01-08,601318,14:46:40,70.4300,1202,2
2026-01-08,601318,14:46:43,70.4300,318,1
2026-01-08,601318,14:46:46,70.4200,354,2
2026-01-08,601318,14:46:49,70.4300,243,1
2026-01-08,601318,14:46:52,70.4500,163,1
2026-01-08,601318,14:46:55,70.5000,196,1
2026-01-08,601318,14:46:58,70.5000,206,2
2026-01-08,601318,14:47:01,70.4800,493,2
2026-01-08,601318,14:47:04,70.4800,439,2
2026-01-08,601318,14:47:07,70.4700,257,2
2026-01-08,601318,14:47:10,70.4800,129,1
2026-01-08,601318,14:47:13,70.4800,98,2
2026-01-08,601318,14:47:16,70.4800,188,2
2026-01-08,601318,14:47:19,70.4800,185,2
2026-01-08,601318,14:47:22,70.4700,120,2
2026-01-08,601318,14:47:25,70.4600,169,2
2026-01-08,601318,14:47:28,70.4400,207,2
2026-01-08,601318,14:47:31,70.4300,169,2
2026-01-08,601318,14:47:34,70.4300,473,1
2026-01-08,601318,14:47:37,70.4400,91,2
2026-01-08,601318,14:47:40,70.4500,47,1
2026-01-08,601318,14:47:43,70.4400,358,2
2026-01-08,601318,14:47:46,70.4100,300,2
2026-01-08,601318,14:47:49,70.4000,206,2
2026-01-08,601318,14:47:52,70.4100,254,1
2026-01-08,601318,14:47:55,70.4100,113,2
2026-01-08,601318,14:47:58,70.4200,722,1
2026-01-08,601318,14:48:01,70.4300,345,1
2026-01-08,601318,14:48:04,70.4300,118,1
2026-01-08,601318,14:48:07,70.4300,208,1
2026-01-08,601318,14:48:10,70.4100,384,2
2026-01-08,601318,14:48:13,70.4700,591,1
2026-01-08,601318,14:48:16,70.4700,66,2
2026-01-08,601318,14:48:19,70.4700,105,2
2026-01-08,601318,14:48:22,70.4600,63,2
2026-01-08,601318,14:48:25,70.4600,59,2
2026-01-08,601318,14:48:28,70.4500,477,2
2026-01-08,601318,14:48:31,70.4500,147,2
2026-01-08,601318,14:48:34,70.4500,38,1
2026-01-08,601318,14:48:37,70.4500,142,1
2026-01-08,601318,14:48:40,70.4800,1300,1
2026-01-08,601318,14:48:43,70.4400,843,2
2026-01-08,601318,14:48:46,70.4800,247,1
2026-01-08,601318,14:48:49,70.4400,298,2
2026-01-08,601318,14:48:52,70.5000,874,1
2026-01-08,601318,14:48:55,70.4800,232,1
2026-01-08,601318,14:48:58,70.4900,203,1
2026-01-08,601318,14:49:01,70.4600,107,2
2026-01-08,601318,14:49:04,70.4700,273,1
2026-01-08,601318,14:49:07,70.4800,133,1
2026-01-08,601318,14:49:10,70.5000,297,1
2026-01-08,601318,14:49:13,70.5000,1055,1
2026-01-08,601318,14:49:16,70.5100,313,1
2026-01-08,601318,14:49:19,70.5000,1356,2
2026-01-08,601318,14:49:22,70.4900,110,2
2026-01-08,601318,14:49:25,70.4800,270,2
2026-01-08,601318,14:49:28,70.4800,227,1
2026-01-08,601318,14:49:31,70.4900,165,1
2026-01-08,601318,14:49:34,70.4800,94,4
2026-01-08,601318,14:49:37,70.5000,172,1
2026-01-08,601318,14:49:40,70.4900,274,4
2026-01-08,601318,14:49:43,70.4800,631,2
2026-01-08,601318,14:49:46,70.4800,79,1
2026-01-08,601318,14:49:49,70.4600,489,2
2026-01-08,601318,14:49:52,70.4600,378,2
2026-01-08,601318,14:49:55,70.4600,99,2
2026-01-08,601318,14:49:58,70.4600,61,1
2026-01-08,601318,14:50:01,70.4500,446,2
2026-01-08,601318,14:50:04,70.4500,672,1
2026-01-08,601318,14:50:07,70.4300,258,2
2026-01-08,601318,14:50:10,70.4300,136,2
2026-01-08,601318,14:50:13,70.4300,144,2
2026-01-08,601318,14:50:16,70.4300,135,1
2026-01-08,601318,14:50:19,70.4200,580,2
2026-01-08,601318,14:50:22,70.4500,1242,1
2026-01-08,601318,14:50:25,70.4900,1630,1
2026-01-08,601318,14:50:28,70.4900,167,2
2026-01-08,601318,14:50:31,70.4800,80,2
2026-01-08,601318,14:50:34,70.4700,49,2
2026-01-08,601318,14:50:37,70.4900,629,1
2026-01-08,601318,14:50:40,70.5100,420,1
2026-01-08,601318,14:50:43,70.4900,152,1
2026-01-08,601318,14:50:46,70.4800,234,2
2026-01-08,601318,14:50:49,70.4700,108,2
2026-01-08,601318,14:50:52,70.4700,52,1
2026-01-08,601318,14:50:55,70.4900,183,1
2026-01-08,601318,14:50:58,70.4600,289,2
2026-01-08,601318,14:51:01,70.4900,285,1
2026-01-08,601318,14:51:04,70.4900,189,1
2026-01-08,601318,14:51:07,70.4900,366,2
2026-01-08,601318,14:51:10,70.5000,187,1
2026-01-08,601318,14:51:13,70.5000,362,1
2026-01-08,601318,14:51:16,70.5000,664,1
2026-01-08,601318,14:51:19,70.5100,380,1
2026-01-08,601318,14:51:22,70.5000,305,2
2026-01-08,601318,14:51:25,70.5000,25,1
2026-01-08,601318,14:51:28,70.5100,870,1
2026-01-08,601318,14:51:31,70.5200,235,1
2026-01-08,601318,14:51:34,70.5000,569,2
2026-01-08,601318,14:51:37,70.5000,551,1
2026-01-08,601318,14:51:40,70.5100,179,1
2026-01-08,601318,14:51:43,70.5000,487,2
2026-01-08,601318,14:51:46,70.5000,324,2
2026-01-08,601318,14:51:49,70.5000,141,2
2026-01-08,601318,14:51:52,70.5000,607,1
2026-01-08,601318,14:51:55,70.4900,298,2
2026-01-08,601318,14:51:58,70.4900,197,1
2026-01-08,601318,14:52:01,70.4800,535,2
2026-01-08,601318,14:52:04,70.5200,631,1
2026-01-08,601318,14:52:07,70.5200,168,1
2026-01-08,601318,14:52:10,70.5200,77,2
2026-01-08,601318,14:52:13,70.5300,1349,1
2026-01-08,601318,14:52:16,70.5200,169,2
2026-01-08,601318,14:52:19,70.5100,191,4
2026-01-08,601318,14:52:22,70.5200,347,4
2026-01-08,601318,14:52:25,70.5200,744,2
2026-01-08,601318,14:52:28,70.5400,215,1
2026-01-08,601318,14:52:31,70.5600,376,1
2026-01-08,601318,14:52:34,70.5700,161,1
2026-01-08,601318,14:52:37,70.5500,1049,2
2026-01-08,601318,14:52:40,70.5500,116,1
2026-01-08,601318,14:52:43,70.5400,563,2
2026-01-08,601318,14:52:46,70.5300,160,2
2026-01-08,601318,14:52:49,70.5400,99,1
2026-01-08,601318,14:52:52,70.5300,278,2
2026-01-08,601318,14:52:55,70.5300,509,2
2026-01-08,601318,14:52:58,70.5300,271,1
2026-01-08,601318,14:53:01,70.5300,383,1
2026-01-08,601318,14:53:04,70.5200,554,2
2026-01-08,601318,14:53:07,70.5100,552,2
2026-01-08,601318,14:53:10,70.5000,372,2
2026-01-08,601318,14:53:13,70.5000,450,2
2026-01-08,601318,14:53:16,70.5000,90,1
2026-01-08,601318,14:53:19,70.4900,214,2
2026-01-08,601318,14:53:22,70.4900,193,1
2026-01-08,601318,14:53:25,70.4800,198,2
2026-01-08,601318,14:53:28,70.4800,77,1
2026-01-08,601318,14:53:31,70.4700,203,2
2026-01-08,601318,14:53:34,70.4800,140,1
2026-01-08,601318,14:53:37,70.4700,630,2
2026-01-08,601318,14:53:40,70.4700,154,2
2026-01-08,601318,14:53:43,70.4600,96,2
2026-01-08,601318,14:53:46,70.4600,268,2
2026-01-08,601318,14:53:49,70.4500,76,2
2026-01-08,601318,14:53:52,70.4600,174,1
2026-01-08,601318,14:53:55,70.4500,321,2
2026-01-08,601318,14:53:58,70.4500,191,1
2026-01-08,601318,14:54:01,70.4400,553,2
2026-01-08,601318,14:54:04,70.4400,452,2
2026-01-08,601318,14:54:07,70.4300,109,2
2026-01-08,601318,14:54:10,70.4300,107,2
2026-01-08,601318,14:54:13,70.4300,250,2
2026-01-08,601318,14:54:16,70.4300,106,1
2026-01-08,601318,14:54:19,70.4100,240,2
2026-01-08,601318,14:54:22,70.4200,119,1
2026-01-08,601318,14:54:25,70.4100,2454,2
2026-01-08,601318,14:54:28,70.3900,1677,2
2026-01-08,601318,14:54:31,70.4000,318,4
2026-01-08,601318,14:54:34,70.3900,197,2
2026-01-08,601318,14:54:37,70.3900,306,1
2026-01-08,601318,14:54:40,70.3800,339,2
2026-01-08,601318,14:54:43,70.3900,417,1
2026-01-08,601318,14:54:46,70.3900,466,2
2026-01-08,601318,14:54:49,70.3800,548,2
2026-01-08,601318,14:54:52,70.3800,232,1
2026-01-08,601318,14:54:55,70.3700,393,2
2026-01-08,601318,14:54:58,70.3700,135,1
2026-01-08,601318,14:55:01,70.3800,371,1
2026-01-08,601318,14:55:04,70.3800,736,1
2026-01-08,601318,14:55:07,70.3800,299,2
2026-01-08,601318,14:55:10,70.3900,177,1
2026-01-08,601318,14:55:13,70.3800,176,2
2026-01-08,601318,14:55:16,70.3900,306,1
2026-01-08,601318,14:55:19,70.4000,331,1
2026-01-08,601318,14:55:22,70.4000,449,1
2026-01-08,601318,14:55:25,70.3800,368,2
2026-01-08,601318,14:55:28,70.4000,112,1
2026-01-08,601318,14:55:31,70.3900,82,2
2026-01-08,601318,14:55:34,70.3900,320,2
2026-01-08,601318,14:55:37,70.3900,454,2
2026-01-08,601318,14:55:40,70.3900,173,1
2026-01-08,601318,14:55:43,70.3800,459,2
2026-01-08,601318,14:55:46,70.3800,696,1
2026-01-08,601318,14:55:49,70.3900,633,1
2026-01-08,601318,14:55:52,70.3800,121,2
2026-01-08,601318,14:55:55,70.4000,167,1
2026-01-08,601318,14:55:58,70.3700,407,2
2026-01-08,601318,14:56:01,70.3700,701,2
2026-01-08,601318,14:56:04,70.3600,150,2
2026-01-08,601318,14:56:07,70.3600,224,2
2026-01-08,601318,14:56:10,70.3400,348,2
2026-01-08,601318,14:56:13,70.3300,168,2
2026-01-08,601318,14:56:16,70.3300,180,2
2026-01-08,601318,14:56:19,70.3500,293,1
2026-01-08,601318,14:56:22,70.3700,181,1
2026-01-08,601318,14:56:25,70.3500,524,2
2026-01-08,601318,14:56:28,70.3600,161,1
2026-01-08,601318,14:56:31,70.3700,238,1
2026-01-08,601318,14:56:34,70.3800,390,1
2026-01-08,601318,14:56:37,70.3800,345,1
2026-01-08,601318,14:56:40,70.3900,316,1
2026-01-08,601318,14:56:43,70.3700,60,2
2026-01-08,601318,14:56:46,70.3800,110,2
2026-01-08,601318,14:56:49,70.3900,27,1
2026-01-08,601318,14:56:52,70.3900,110,1
2026-01-08,601318,14:56:55,70.3900,93,2
2026-01-08,601318,14:56:58,70.3900,321,1
2026-01-08,601318,14:57:01,70.3900,9,1
2026-01-08,601318,15:00:04,70.3800,7518,4
2026-01-08,601318,13:17:07,71.3900,239,1
2026-01-08,601318,13:17:10,71.3900,49,1
2026-01-08,601318,13:17:13,71.4000,36,1
2026-01-08,601318,13:17:16,71.3900,92,2
2026-01-08,601318,13:17:19,71.4000,29,2
2026-01-08,601318,13:17:22,71.4000,35,1
2026-01-08,601318,13:17:25,71.3900,98,2
2026-01-08,601318,13:17:28,71.4000,147,1
2026-01-08,601318,13:17:31,71.3900,69,2
2026-01-08,601318,13:17:34,71.3900,61,2
2026-01-08,601318,13:17:37,71.3900,71,1
2026-01-08,601318,13:17:40,71.4000,213,1
2026-01-08,601318,13:17:43,71.4000,87,1
2026-01-08,601318,13:17:46,71.4000,46,2
2026-01-08,601318,13:17:49,71.4000,50,2
2026-01-08,601318,13:17:52,71.4000,58,2
2026-01-08,601318,13:17:55,71.4000,48,2
2026-01-08,601318,13:17:58,71.4100,251,1
2026-01-08,601318,13:18:01,71.3800,66,2
2026-01-08,601318,13:18:04,71.3800,46,1
2026-01-08,601318,13:18:07,71.3800,50,1
2026-01-08,601318,13:18:10,71.3800,204,1
2026-01-08,601318,13:18:13,71.3800,13,1
2026-01-08,601318,13:18:16,71.3700,158,2
2026-01-08,601318,13:18:19,71.4100,185,1
2026-01-08,601318,13:18:22,71.4100,220,1
2026-01-08,601318,13:18:25,71.4100,50,2
2026-01-08,601318,13:18:28,71.4100,28,2
2026-01-08,601318,13:18:31,71.4200,15,1
2026-01-08,601318,13:18:34,71.4000,22,2
2026-01-08,601318,13:18:37,71.4200,97,1
2026-01-08,601318,13:18:40,71.4200,38,1
2026-01-08,601318,13:18:43,71.4200,90,1
2026-01-08,601318,13:18:46,71.4200,304,1
2026-01-08,601318,13:18:49,71.4100,82,4
2026-01-08,601318,13:18:52,71.4100,12,2
2026-01-08,601318,13:18:55,71.4100,64,1
2026-01-08,601318,13:18:58,71.4000,156,2
2026-01-08,601318,13:19:01,71.4100,48,1
2026-01-08,601318,13:19:04,71.4200,228,1
2026-01-08,601318,13:19:07,71.4100,314,2
2026-01-08,601318,13:19:10,71.4000,208,2
2026-01-08,601318,13:19:13,71.4000,3,1
2026-01-08,601318,13:19:16,71.4000,155,1
2026-01-08,601318,13:19:19,71.3900,91,2
2026-01-08,601318,13:19:22,71.3900,43,1
2026-01-08,601318,13:19:25,71.3900,251,2
2026-01-08,601318,13:19:28,71.3900,192,1
2026-01-08,601318,13:19:31,71.3900,81,1
2026-01-08,601318,13:19:34,71.3900,86,1
2026-01-08,601318,13:19:37,71.3800,51,2
2026-01-08,601318,13:19:40,71.3800,199,1
2026-01-08,601318,13:19:43,71.3600,194,2
2026-01-08,601318,13:19:46,71.3600,206,2
2026-01-08,601318,13:19:49,71.3600,14,1
2026-01-08,601318,13:19:52,71.3500,16,2
2026-01-08,601318,13:19:55,71.3500,201,2
2026-01-08,601318,13:19:58,71.3400,81,2
2026-01-08,601318,13:20:01,71.3500,62,1
2026-01-08,601318,13:20:04,71.3300,317,2
2026-01-08,601318,13:20:07,71.3300,67,1
2026-01-08,601318,13:20:10,71.3200,449,2
2026-01-08,601318,13:20:13,71.3200,179,1
2026-01-08,601318,13:20:16,71.3100,1329,2
2026-01-08,601318,13:20:19,71.3100,460,1
2026-01-08,601318,13:20:22,71.2900,58,2
2026-01-08,601318,13:20:25,71.2900,88,2
2026-01-08,601318,13:20:28,71.2800,366,2
2026-01-08,601318,13:20:31,71.2800,161,2
2026-01-08,601318,13:20:34,71.2800,66,1
2026-01-08,601318,13:20:37,71.2700,140,2
2026-01-08,601318,13:20:40,71.2700,1027,1
2026-01-08,601318,13:20:43,71.2700,122,2
2026-01-08,601318,13:20:46,71.2700,193,1
2026-01-08,601318,13:20:49,71.2600,404,2
2026-01-08,601318,13:20:52,71.2600,34,1
2026-01-08,601318,13:20:55,71.2500,377,2
2026-01-08,601318,13:20:58,71.2500,125,2
2026-01-08,601318,13:21:01,71.2400,163,2
2026-01-08,601318,13:21:04,71.2500,359,1
2026-01-08,601318,13:21:07,71.2400,748,2
2026-01-08,601318,13:21:10,71.2400,677,1
2026-01-08,601318,13:21:13,71.2500,159,1
2026-01-08,601318,13:21:16,71.2500,234,1
2026-01-08,601318,13:21:19,71.2500,118,2
2026-01-08,601318,13:21:22,71.2500,104,1
2026-01-08,601318,13:21:25,71.2400,402,2
2026-01-08,601318,13:21:28,71.2600,619,1
2026-01-08,601318,13:21:31,71.2400,759,2
2026-01-08,601318,13:21:34,71.2500,349,1
2026-01-08,601318,13:21:37,71.2500,249,2
2026-01-08,601318,13:21:40,71.2500,243,2
2026-01-08,601318,13:21:43,71.2400,73,2
2026-01-08,601318,13:21:46,71.2400,94,2
2026-01-08,601318,13:21:49,71.2400,210,2
2026-01-08,601318,13:21:52,71.2300,70,2
2026-01-08,601318,13:21:55,71.2300,184,2
2026-01-08,601318,13:21:58,71.2300,138,1
2026-01-08,601318,13:22:01,71.2200,351,2
2026-01-08,601318,13:22:04,71.2100,110,2
2026-01-08,601318,13:22:07,71.2300,1462,1
2026-01-08,601318,13:22:10,71.2300,2753,1
2026-01-08,601318,13:22:13,71.2400,1133,1
2026-01-08,601318,13:22:16,71.2300,1252,1
2026-01-08,601318,13:22:19,71.2600,1686,1
2026-01-08,601318,13:22:22,71.2500,2039,2
2026-01-08,601318,13:22:25,71.2400,151,2
2026-01-08,601318,13:22:28,71.2300,157,2
2026-01-08,601318,13:22:31,71.2400,171,1
2026-01-08,601318,13:22:34,71.2300,123,2
2026-01-08,601318,13:22:37,71.2300,169,1
2026-01-08,601318,13:22:40,71.2300,276,1
2026-01-08,601318,13:22:43,71.2200,202,2
2026-01-08,601318,13:22:46,71.2100,545,2
2026-01-08,601318,13:22:49,71.2100,628,2
2026-01-08,601318,13:22:52,71.2100,125,1
2026-01-08,601318,13:22:55,71.2000,3041,2
2026-01-08,601318,13:22:58,71.2000,248,1
2026-01-08,601318,13:23:01,71.1900,265,2
2026-01-08,601318,13:23:04,71.1900,149,1
2026-01-08,601318,13:23:07,71.1800,1808,2
2026-01-08,601318,13:23:10,71.1700,792,2
2026-01-08,601318,13:23:13,71.1800,1411,1
2026-01-08,601318,13:23:16,71.1600,800,2
2026-01-08,601318,13:23:19,71.1500,1820,2
2026-01-08,601318,13:23:22,71.1300,220,2
2026-01-08,601318,13:23:25,71.1200,845,2
2026-01-08,601318,13:23:28,71.1200,307,1
2026-01-08,601318,13:23:31,71.1100,3143,2
2026-01-08,601318,13:23:34,71.1000,2561,2
2026-01-08,601318,13:23:37,71.0800,437,2
2026-01-08,601318,13:23:40,71.0900,364,1
2026-01-08,601318,13:23:43,71.0800,79,2
2026-01-08,601318,13:23:46,71.0700,485,2
2026-01-08,601318,13:23:49,71.0600,2913,2
2026-01-08,601318,13:23:52,71.0600,200,2
2026-01-08,601318,13:23:55,71.0500,357,2
2026-01-08,601318,13:23:58,71.0500,1541,2
2026-01-08,601318,13:24:01,71.0200,1106,2
2026-01-08,601318,13:24:04,71.0200,527,1
2026-01-08,601318,13:24:07,71.0100,1674,2
2026-01-08,601318,13:24:10,71.0000,3788,2
2026-01-08,601318,13:24:13,70.8900,9974,2
2026-01-08,601318,13:24:16,70.8000,4148,2
2026-01-08,601318,13:24:19,70.8900,2339,1
2026-01-08,601318,13:24:22,70.9200,1685,1
2026-01-08,601318,13:24:25,70.9500,1079,1
2026-01-08,601318,13:24:28,70.9800,1341,1
2026-01-08,601318,13:24:31,70.9700,402,2
2026-01-08,601318,13:24:34,71.0000,4401,1
2026-01-08,601318,13:24:37,71.0000,1137,1
2026-01-08,601318,13:24:40,70.9600,649,2
2026-01-08,601318,13:24:43,70.9800,798,1
2026-01-08,601318,13:24:46,71.0000,1201,1
2026-01-08,601318,13:24:49,70.9900,1738,4
2026-01-08,601318,13:24:52,70.9900,187,2
2026-01-08,601318,13:24:55,70.9900,791,2
2026-01-08,601318,13:24:58,70.9900,1118,1
2026-01-08,601318,13:25:01,70.9800,1230,2
2026-01-08,601318,13:25:04,71.0000,1375,1
2026-01-08,601318,13:25:07,70.9900,3025,2
2026-01-08,601318,13:25:10,70.9900,896,1
2026-01-08,601318,13:25:13,71.0000,1044,1
2026-01-08,601318,13:25:16,71.0000,2985,1
2026-01-08,601318,13:25:19,71.0000,942,1
2026-01-08,601318,13:25:22,70.9900,2151,2
2026-01-08,601318,13:25:25,70.9900,215,1
2026-01-08,601318,13:25:28,70.9800,1175,2
2026-01-08,601318,13:25:31,70.9800,451,2
2026-01-08,601318,13:25:34,70.9900,80,1
2026-01-08,601318,13:25:37,70.9900,608,1
2026-01-08,601318,13:25:40,70.9800,288,2
2026-01-08,601318,13:25:43,70.9800,2189,1
2026-01-08,601318,13:25:46,70.9700,609,2
2026-01-08,601318,13:25:49,70.9700,141,1
2026-01-08,601318,13:25:52,70.9600,896,2
2026-01-08,601318,13:25:55,70.9500,143,2
2026-01-08,601318,13:25:58,70.9500,355,2
2026-01-08,601318,13:26:01,70.9500,894,1
2026-01-08,601318,13:26:04,70.9200,386,2
2026-01-08,601318,13:26:07,70.9100,526,2
2026-01-08,601318,13:26:10,70.9000,477,2
2026-01-08,601318,13:26:13,70.9000,278,1
2026-01-08,601318,13:26:16,70.9000,250,1
2026-01-08,601318,13:26:19,70.9000,197,2
2026-01-08,601318,13:26:22,70.8900,347,2
2026-01-08,601318,13:26:25,70.9000,326,1
2026-01-08,601318,13:26:28,70.8900,367,2
2026-01-08,601318,13:26:31,70.8900,708,2
2026-01-08,601318,13:26:34,70.8900,465,1
2026-01-08,601318,13:26:37,70.8800,1030,2
2026-01-08,601318,13:26:40,70.9100,1724,1
2026-01-08,601318,13:26:43,70.9100,856,2
2026-01-08,601318,13:26:46,70.9100,432,1
2026-01-08,601318,13:26:49,70.9600,546,1
2026-01-08,601318,13:26:52,70.9600,317,1
2026-01-08,601318,13:26:55,70.9800,781,1
2026-01-08,601318,13:26:58,70.9800,2258,2
2026-01-08,601318,13:27:01,71.0200,387,1
2026-01-08,601318,13:27:04,71.0300,154,2
2026-01-08,601318,13:27:07,71.0200,527,2
2026-01-08,601318,13:27:10,71.0400,545,1
2026-01-08,601318,13:27:13,71.0300,581,4
2026-01-08,601318,13:27:16,71.0200,234,2
2026-01-08,601318,13:27:19,71.0200,174,1
2026-01-08,601318,13:27:22,71.0200,63,1
2026-01-08,601318,13:27:25,71.0100,210,2
2026-01-08,601318,13:27:28,71.0200,182,1
2026-01-08,601318,13:27:31,71.0000,779,2
2026-01-08,601318,13:27:34,71.0000,80,1
2026-01-08,601318,13:27:37,70.9900,703,2
2026-01-08,601318,13:27:40,70.9800,132,2
2026-01-08,601318,13:27:43,70.9800,289,1
2026-01-08,601318,13:27:46,70.9600,352,2
2026-01-08,601318,13:27:49,70.9800,430,1
2026-01-08,601318,13:27:52,70.9800,123,2
2026-01-08,601318,13:27:55,70.9800,225,2
2026-01-08,601318,13:27:58,70.9800,88,1
2026-01-08,601318,13:28:01,70.9600,402,2
2026-01-08,601318,13:28:04,70.9500,311,2
2026-01-08,601318,13:28:07,70.9800,659,1
2026-01-08,601318,13:28:10,70.9800,149,1
2026-01-08,601318,13:28:13,70.9900,185,1
2026-01-08,601318,13:28:16,70.9900,316,1
2026-01-08,601318,13:28:19,70.9800,714,2
2026-01-08,601318,13:28:22,70.9600,408,2
2026-01-08,601318,13:28:25,70.9800,206,1
2026-01-08,601318,13:28:28,70.9500,113,2
2026-01-08,601318,13:28:31,70.9500,47,1
2026-01-08,601318,13:28:34,70.9700,412,1
2026-01-08,601318,13:28:37,70.9500,112,2
2026-01-08,601318,13:28:40,70.9500,186,1
2026-01-08,601318,13:28:43,70.9500,172,1
2026-01-08,601318,13:28:46,70.9400,79,2
2026-01-08,601318,13:28:49,70.9200,258,2
2026-01-08,601318,13:28:52,70.9300,349,1
2026-01-08,601318,13:28:55,70.9200,334,2
2026-01-08,601318,13:28:58,70.9200,184,1
2026-01-08,601318,13:29:01,70.9100,135,2
2026-01-08,601318,13:29:04,70.9000,426,2
2026-01-08,601318,13:29:07,70.9000,1181,2
2026-01-08,601318,13:29:10,70.9000,802,4
2026-01-08,601318,13:29:13,70.8900,683,2
2026-01-08,601318,13:29:16,70.9200,804,1
2026-01-08,601318,13:29:19,70.9100,1725,2
2026-01-08,601318,13:29:22,70.9100,951,1
2026-01-08,601318,13:29:25,70.9100,305,2
2026-01-08,601318,13:29:28,70.9100,318,2
2026-01-08,601318,13:29:31,70.9400,105,1
2026-01-08,601318,13:29:34,70.9400,333,1
2026-01-08,601318,13:29:37,70.9400,98,1
2026-01-08,601318,13:29:40,70.9400,315,2
2026-01-08,601318,13:29:43,70.9400,261,2
2026-01-08,601318,13:29:46,70.9700,863,1
2026-01-08,601318,13:29:49,70.9700,204,2
2026-01-08,601318,13:29:52,70.9500,1696,2
2026-01-08,601318,13:29:55,70.9800,98,4
2026-01-08,601318,13:29:58,71.0000,335,1
2026-01-08,601318,13:30:01,71.0000,693,1
2026-01-08,601318,13:30:04,71.0200,376,1
2026-01-08,601318,13:30:07,71.0600,3083,1
2026-01-08,601318,13:30:10,71.0700,396,1
2026-01-08,601318,13:30:13,71.0900,210,1
2026-01-08,601318,13:30:16,71.0700,426,2
2026-01-08,601318,13:30:19,71.0500,438,2
2026-01-08,601318,13:30:22,71.0500,295,2
2026-01-08,601318,13:30:25,71.0000,448,2
2026-01-08,601318,13:30:28,71.0300,595,1
2026-01-08,601318,13:30:31,71.0300,219,1
2026-01-08,601318,13:30:34,71.0400,239,1
2026-01-08,601318,13:30:37,71.0400,611,1
2026-01-08,601318,13:30:40,71.0500,700,1
2026-01-08,601318,13:30:43,71.0500,116,1
2026-01-08,601318,13:30:46,71.0600,354,1
2026-01-08,601318,13:30:49,71.0500,39,1
2026-01-08,601318,13:30:52,71.0600,263,1
2026-01-08,601318,13:30:55,71.0600,163,1
2026-01-08,601318,13:30:58,71.0400,430,2
2026-01-08,601318,13:31:01,71.0500,156,4
2026-01-08,601318,13:31:04,71.0800,206,1
2026-01-08,601318,13:31:07,71.0900,457,1
2026-01-08,601318,13:31:10,71.0800,39,4
2026-01-08,601318,13:31:13,71.0700,233,2
2026-01-08,601318,13:31:16,71.0800,92,1
2026-01-08,601318,13:31:19,71.0800,476,1
2026-01-08,601318,13:31:22,71.0700,47,2
2026-01-08,601318,13:31:25,71.0700,508,1
2026-01-08,601318,13:31:28,71.0400,235,2
2026-01-08,601318,13:31:31,71.0300,473,2
2026-01-08,601318,13:31:34,71.0100,96,2
2026-01-08,601318,13:31:37,71.0000,561,2
2026-01-08,601318,13:31:40,70.9800,239,2
2026-01-08,601318,13:31:43,70.9900,412,1
2026-01-08,601318,13:31:46,70.9700,281,2
2026-01-08,601318,13:31:49,70.9800,33,1
2026-01-08,601318,13:31:52,70.9600,71,2
2026-01-08,601318,13:31:55,70.9500,384,2
2026-01-08,601318,13:31:58,70.9300,86,2
2026-01-08,601318,13:32:01,70.9300,45,2
2026-01-08,601318,13:32:04,70.9200,80,2
2026-01-08,601318,13:32:07,70.9100,139,2
2026-01-08,601318,13:32:10,70.9000,342,2
2026-01-08,601318,13:32:13,70.9100,138,1
2026-01-08,601318,13:32:16,70.9000,1094,2
2026-01-08,601318,13:32:19,70.8800,179,2
2026-01-08,601318,13:32:22,70.9000,1814,1
2026-01-08,601318,13:32:25,70.8600,97,2
2026-01-08,601318,13:32:28,70.8700,316,4
2026-01-08,601318,13:32:31,70.8600,364,2
2026-01-08,601318,13:32:34,70.8500,282,2
2026-01-08,601318,13:32:37,70.8500,301,2
2026-01-08,601318,13:32:40,70.8500,710,1
2026-01-08,601318,13:32:43,70.8400,515,2
2026-01-08,601318,13:32:46,70.8500,307,1
2026-01-08,601318,13:32:49,70.8400,401,2
2026-01-08,601318,13:32:52,70.8700,332,1
2026-01-08,601318,13:32:55,70.8700,406,1
2026-01-08,601318,13:32:58,70.8400,526,2
2026-01-08,601318,13:33:01,70.8400,133,1
2026-01-08,601318,13:33:04,70.8300,1325,2
2026-01-08,601318,13:33:07,70.8500,671,1
2026-01-08,601318,13:33:10,70.8300,1874,2
2026-01-08,601318,13:33:13,70.8200,42,1
2026-01-08,601318,13:33:16,70.8400,41,1
2026-01-08,601318,13:33:19,70.8300,114,2
2026-01-08,601318,13:33:22,70.8200,13,2
2026-01-08,601318,13:33:25,70.8300,232,1
2026-01-08,601318,13:33:28,70.8200,229,2
2026-01-08,601318,13:33:31,70.8200,286,1
2026-01-08,601318,13:33:34,70.8100,117,2
2026-01-08,601318,13:33:37,70.8300,375,1
2026-01-08,601318,13:33:40,70.8500,252,1
2026-01-08,601318,13:33:43,70.8400,327,2
2026-01-08,601318,13:33:46,70.8700,232,1
2026-01-08,601318,13:33:49,70.8500,467,2
2026-01-08,601318,13:33:52,70.8600,269,1
2026-01-08,601318,13:33:55,70.8800,327,1
2026-01-08,601318,13:33:58,70.8600,33,2
2026-01-08,601318,13:34:01,70.8600,227,2
2026-01-08,601318,13:34:04,70.8900,454,1
2026-01-08,601318,13:34:07,70.8900,299,1
2026-01-08,601318,13:34:10,70.8900,395,1
2026-01-08,601318,13:34:13,70.8900,77,2
2026-01-08,601318,13:34:16,70.8900,99,2
2026-01-08,601318,13:34:19,70.8900,283,2
2026-01-08,601318,13:34:22,70.8700,74,2
2026-01-08,601318,13:34:25,70.8800,132,2
2026-01-08,601318,13:34:28,70.8800,142,2
2026-01-08,601318,13:34:31,70.8800,1126,4
2026-01-08,601318,13:34:34,70.8700,287,2
2026-01-08,601318,13:34:37,70.8800,55,2
2026-01-08,601318,13:34:40,70.8800,459,1
2026-01-08,601318,13:34:43,70.8700,208,2
2026-01-08,601318,13:34:46,70.8600,181,2
2026-01-08,601318,13:34:49,70.8600,219,1
2026-01-08,601318,13:34:52,70.8500,121,2
2026-01-08,601318,13:34:55,70.8500,579,1
2026-01-08,601318,13:34:58,70.8300,900,2
2026-01-08,601318,13:35:01,70.8000,590,2
2026-01-08,601318,13:35:04,70.8100,491,1
2026-01-08,601318,13:35:07,70.7900,437,2
2026-01-08,601318,13:35:10,70.7800,493,2
2026-01-08,601318,13:35:13,70.7500,359,2
2026-01-08,601318,13:35:16,70.7500,186,2
2026-01-08,601318,13:35:19,70.7300,292,2
2026-01-08,601318,13:35:22,70.7200,95,2
2026-01-08,601318,13:35:25,70.7300,114,1
2026-01-08,601318,13:35:28,70.7200,583,2
2026-01-08,601318,13:35:31,70.7300,397,1
2026-01-08,601318,13:35:34,70.7400,507,4
2026-01-08,601318,13:35:37,70.7300,401,2
2026-01-08,601318,13:35:40,70.7200,345,2
2026-01-08,601318,13:35:43,70.7200,389,2
2026-01-08,601318,13:35:46,70.7200,630,1
2026-01-08,601318,13:35:49,70.7300,864,1
2026-01-08,601318,13:35:52,70.7000,800,2
2026-01-08,601318,13:35:55,70.7100,117,1
2026-01-08,601318,13:35:58,70.6900,1429,2
2026-01-08,601318,13:36:01,70.6900,231,2
2026-01-08,601318,13:36:04,70.6900,169,1
2026-01-08,601318,13:36:07,70.6800,655,2
2026-01-08,601318,13:36:10,70.6800,539,1
2026-01-08,601318,13:36:13,70.6700,216,2
2026-01-08,601318,13:36:16,70.6700,393,2
2026-01-08,601318,13:36:19,70.6700,786,1
2026-01-08,601318,13:36:22,70.6600,562,2
2026-01-08,601318,13:36:25,70.6600,94,1
2026-01-08,601318,13:36:28,70.6500,173,2
2026-01-08,601318,13:36:31,70.6600,112,1
2026-01-08,601318,13:36:34,70.6400,835,2
2026-01-08,601318,13:36:37,70.7000,1528,1
2026-01-08,601318,13:36:40,70.6900,121,4
2026-01-08,601318,13:36:43,70.6900,252,2
2026-01-08,601318,13:36:46,70.6800,320,2
2026-01-08,601318,13:36:49,70.6900,585,1
2026-01-08,601318,13:36:52,70.7000,646,1
2026-01-08,601318,13:36:55,70.6900,503,4
2026-01-08,601318,13:36:58,70.6800,197,2
2026-01-08,601318,13:37:01,70.6800,371,2
2026-01-08,601318,13:37:04,70.6800,244,1
2026-01-08,601318,13:37:07,70.6700,149,2
2026-01-08,601318,13:37:10,70.6700,244,1
2026-01-08,601318,13:37:13,70.6600,851,2
2026-01-08,601318,13:37:16,70.6600,251,1
2026-01-08,601318,13:37:19,70.6500,362,2
2026-01-08,601318,13:37:22,70.6500,136,1
2026-01-08,601318,13:37:25,70.6300,313,2
2026-01-08,601318,13:37:28,70.6400,372,1
2026-01-08,601318,13:37:31,70.6300,464,2
2026-01-08,601318,13:37:34,70.6200,631,2
2026-01-08,601318,13:37:37,70.6300,605,1
2026-01-08,601318,13:37:40,70.6500,2140,1
2026-01-08,601318,13:37:43,70.6300,554,2
2026-01-08,601318,13:37:46,70.6500,278,1
2026-01-08,601318,13:37:49,70.6500,577,2
2026-01-08,601318,13:37:52,70.6500,124,1
2026-01-08,601318,13:37:55,70.6400,190,2
2026-01-08,601318,13:37:58,70.6400,248,2
2026-01-08,601318,13:38:01,70.7000,2933,1
2026-01-08,601318,13:38:04,70.7400,980,1
2026-01-08,601318,13:38:07,70.7400,353,1
2026-01-08,601318,13:38:10,70.7200,383,2
2026-01-08,601318,13:38:13,70.7200,244,2
2026-01-08,601318,13:38:16,70.7200,577,1
2026-01-08,601318,13:38:19,70.7200,251,1
2026-01-08,601318,13:38:22,70.7400,265,1
2026-01-08,601318,13:38:25,70.7200,398,2
2026-01-08,601318,13:38:28,70.7200,460,1
2026-01-08,601318,13:38:31,70.7200,569,1
2026-01-08,601318,13:38:34,70.7000,704,2
2026-01-08,601318,13:38:37,70.6900,113,2
2026-01-08,601318,13:38:40,70.6900,266,1
2026-01-08,601318,13:38:43,70.6800,136,2
2026-01-08,601318,13:38:46,70.6800,87,1
2026-01-08,601318,13:38:49,70.6700,927,2
2026-01-08,601318,13:38:52,70.6700,92,1
2026-01-08,601318,13:38:55,70.6700,592,1
2026-01-08,601318,13:38:58,70.6500,434,2
2026-01-08,601318,13:39:01,70.6500,226,2
2026-01-08,601318,13:39:04,70.6500,268,1
2026-01-08,601318,13:39:07,70.6600,1055,1
2026-01-08,601318,13:39:10,70.6600,332,1
2026-01-08,601318,13:39:13,70.6500,281,4
2026-01-08,601318,13:39:16,70.6400,340,2
2026-01-08,601318,13:39:19,70.6600,199,1
2026-01-08,601318,13:39:22,70.6400,317,2
2026-01-08,601318,13:39:25,70.6400,332,1
2026-01-08,601318,13:39:28,70.6300,471,2
2026-01-08,601318,13:39:31,70.6300,989,2
2026-01-08,601318,13:39:34,70.6200,128,2
2026-01-08,601318,13:39:37,70.5900,4007,2
2026-01-08,601318,13:39:40,70.5800,725,2
2026-01-08,601318,13:39:43,70.5700,517,2
2026-01-08,601318,13:39:46,70.5700,131,2
2026-01-08,601318,13:39:49,70.5500,910,2
2026-01-08,601318,13:39:52,70.5600,191,1
2026-01-08,601318,13:39:55,70.5500,720,2
2026-01-08,601318,13:39:58,70.5400,1236,2
2026-01-08,601318,13:40:01,70.5400,568,1
2026-01-08,601318,13:40:04,70.5500,207,1
2026-01-08,601318,13:40:07,70.5500,577,2
2026-01-08,601318,13:40:10,70.5400,319,2
2026-01-08,601318,13:40:13,70.5600,59,1
2026-01-08,601318,13:40:16,70.5700,378,1
2026-01-08,601318,13:40:19,70.5800,153,1
2026-01-08,601318,13:40:22,70.5500,319,2
2026-01-08,601318,13:40:25,70.5500,399,2
2026-01-08,601318,13:40:28,70.5600,408,1
2026-01-08,601318,13:40:31,70.5800,1113,1
2026-01-08,601318,13:40:34,70.5600,2751,2
2026-01-08,601318,13:40:37,70.5600,361,2
2026-01-08,601318,13:40:40,70.5800,183,1
2026-01-08,601318,13:40:43,70.5800,366,1
2026-01-08,601318,13:40:46,70.5900,68,1
2026-01-08,601318,13:40:49,70.5900,158,2
2026-01-08,601318,13:40:52,70.6000,265,1
2026-01-08,601318,13:40:55,70.5900,238,2
2026-01-08,601318,13:40:58,70.6000,158,1
2026-01-08,601318,13:41:01,70.5800,510,2
2026-01-08,601318,13:41:04,70.6100,1135,1
2026-01-08,601318,13:41:07,70.6200,143,1
2026-01-08,601318,13:41:10,70.6000,66,2
2026-01-08,601318,13:41:13,70.6200,206,1
2026-01-08,601318,13:41:16,70.6100,364,2
2026-01-08,601318,13:41:19,70.6200,136,1
2026-01-08,601318,13:41:22,70.6200,114,2
2026-01-08,601318,13:41:25,70.6100,444,2
2026-01-08,601318,13:41:28,70.6100,288,1
2026-01-08,601318,13:41:31,70.6000,245,2
2026-01-08,601318,13:41:34,70.5900,147,2
2026-01-08,601318,13:41:37,70.6000,528,1
2026-01-08,601318,13:41:40,70.5900,187,2
2026-01-08,601318,13:41:43,70.5800,197,2
2026-01-08,601318,13:41:46,70.5800,121,4
2026-01-08,601318,13:41:49,70.5700,395,2
2026-01-08,601318,13:41:52,70.5800,279,2
2026-01-08,601318,13:41:55,70.6000,626,1
2026-01-08,601318,13:41:58,70.6000,394,2
2026-01-08,601318,13:42:01,70.6000,385,2
2026-01-08,601318,13:42:04,70.6000,85,1
2026-01-08,601318,13:42:07,70.6200,1424,1
2026-01-08,601318,13:42:10,70.6200,27,2
2026-01-08,601318,13:42:13,70.6200,379,2
2026-01-08,601318,13:42:16,70.6200,107,1
2026-01-08,601318,13:42:19,70.6200,267,1
2026-01-08,601318,13:42:22,70.6100,237,2
2026-01-08,601318,13:42:25,70.6000,285,2
2026-01-08,601318,13:42:28,70.6000,766,2
2026-01-08,601318,13:42:31,70.6000,417,1
2026-01-08,601318,13:42:34,70.5800,289,2
2026-01-08,601318,13:42:37,70.5800,622,2
2026-01-08,601318,13:42:40,70.5600,368,2
2026-01-08,601318,13:42:43,70.5600,328,2
2026-01-08,601318,13:42:46,70.5600,276,2
2026-01-08,601318,13:42:49,70.5700,279,1
2026-01-08,601318,13:42:52,70.5600,960,2
2026-01-08,601318,13:42:55,70.5700,308,1
2026-01-08,601318,13:42:58,70.5600,149,2
2026-01-08,601318,13:43:01,70.5600,238,1
2026-01-08,601318,13:43:04,70.5800,1041,1
2026-01-08,601318,13:43:07,70.6000,182,1
2026-01-08,601318,13:43:10,70.6300,866,1
2026-01-08,601318,13:43:13,70.6300,535,1
2026-01-08,601318,13:43:16,70.6900,903,1
2026-01-08,601318,13:43:19,70.6600,311,2
2026-01-08,601318,13:43:22,70.6300,81,2
2026-01-08,601318,13:43:25,70.6700,195,1
2026-01-08,601318,13:43:28,70.6600,91,2
2026-01-08,601318,13:43:31,70.6700,103,1
2026-01-08,601318,13:43:34,70.6700,209,1
2026-01-08,601318,13:43:37,70.6600,213,2
2026-01-08,601318,13:43:40,70.6800,144,1
2026-01-08,601318,13:43:43,70.6800,217,1
2026-01-08,601318,13:43:46,70.6700,141,2
2026-01-08,601318,13:43:49,70.6900,74,1
2026-01-08,601318,13:43:52,70.6900,353,2
2026-01-08,601318,13:43:55,70.6900,75,2
2026-01-08,601318,13:43:58,70.6700,392,2
2026-01-08,601318,13:44:01,70.6900,216,1
2026-01-08,601318,13:44:04,70.6500,125,2
2026-01-08,601318,13:44:07,70.6700,35,1
2026-01-08,601318,13:44:10,70.6600,256,2
2026-01-08,601318,13:44:13,70.6600,277,2
2026-01-08,601318,13:44:16,70.6400,211,2
2026-01-08,601318,13:44:19,70.6500,159,1
2026-01-08,601318,13:44:22,70.6500,244,2
2026-01-08,601318,13:44:25,70.6500,157,1
2026-01-08,601318,13:44:28,70.6500,81,2
2026-01-08,601318,13:44:31,70.6500,50,1
2026-01-08,601318,13:44:34,70.6500,161,2
2026-01-08,601318,13:44:37,70.6600,337,1
2026-01-08,601318,13:44:40,70.6500,104,4
2026-01-08,601318,13:44:43,70.6500,202,1
2026-01-08,601318,13:44:46,70.6400,105,2
2026-01-08,601318,13:44:49,70.6700,56,1
2026-01-08,601318,13:44:52,70.6500,489,2
2026-01-08,601318,13:44:55,70.6600,93,4
2026-01-08,601318,13:44:58,70.6500,564,2
2026-01-08,601318,13:45:01,70.6500,968,2
2026-01-08,601318,13:45:04,70.6000,367,2
2026-01-08,601318,13:45:07,70.5900,95,2
2026-01-08,601318,13:45:10,70.5800,492,2
2026-01-08,601318,13:45:13,70.5800,78,1
2026-01-08,601318,13:45:16,70.5700,285,2
2026-01-08,601318,13:45:19,70.5600,234,2
2026-01-08,601318,13:45:22,70.5600,94,1
2026-01-08,601318,13:45:25,70.5600,77,1
2026-01-08,601318,13:45:28,70.5500,252,2
2026-01-08,601318,13:45:31,70.5500,106,1
2026-01-08,601318,13:45:34,70.5400,922,2
2026-01-08,601318,13:45:37,70.5400,175,1
2026-01-08,601318,13:45:40,70.5600,3224,1
2026-01-08,601318,13:45:43,70.5600,1175,1
2026-01-08,601318,13:45:46,70.5400,988,2
2026-01-08,601318,13:45:49,70.5400,283,1
2026-01-08,601318,13:45:52,70.5400,559,1
2026-01-08,601318,13:45:55,70.5300,572,2
2026-01-08,601318,13:45:58,70.5300,153,1
2026-01-08,601318,13:46:01,70.5200,389,2
2026-01-08,601318,13:46:04,70.5100,94,2
2026-01-08,601318,13:46:07,70.5100,999,2
2026-01-08,601318,13:46:10,70.5000,1850,2
2026-01-08,601318,13:46:13,70.4800,3392,2
2026-01-08,601318,13:46:16,70.4600,473,2
2026-01-08,601318,13:46:19,70.4700,124,1
2026-01-08,601318,13:46:22,70.4600,64,1
2026-01-08,601318,13:46:25,70.4600,160,2
2026-01-08,601318,13:46:28,70.4700,358,1
2026-01-08,601318,13:46:31,70.4600,485,2
2026-01-08,601318,13:46:34,70.4500,833,2
2026-01-08,601318,13:46:37,70.4300,505,2
2026-01-08,601318,13:46:40,70.4300,281,2
2026-01-08,601318,13:46:43,70.4200,146,2
2026-01-08,601318,13:46:46,70.4200,360,2
2026-01-08,601318,13:46:49,70.4300,858,1
2026-01-08,601318,13:46:52,70.4100,191,2
2026-01-08,601318,13:46:55,70.3900,2200,2
2026-01-08,601318,13:46:58,70.4000,231,1
2026-01-08,601318,13:47:01,70.4000,91,1
2026-01-08,601318,13:47:04,70.3900,203,2
2026-01-08,601318,13:47:07,70.3800,297,2
2026-01-08,601318,13:47:10,70.3800,191,1
2026-01-08,601318,13:47:13,70.3700,85,2
2026-01-08,601318,13:47:16,70.3700,329,1
2026-01-08,601318,13:47:19,70.3600,317,2
2026-01-08,601318,13:47:22,70.4000,2429,1
2026-01-08,601318,13:47:25,70.4000,3551,1
2026-01-08,601318,13:47:28,70.4000,49,2
2026-01-08,601318,13:47:31,70.4100,101,2
2026-01-08,601318,13:47:34,70.4300,217,1
2026-01-08,601318,13:47:37,70.4100,264,2
2026-01-08,601318,13:47:40,70.4100,202,1
2026-01-08,601318,13:47:43,70.4000,1043,2
2026-01-08,601318,13:47:46,70.4000,125,1
2026-01-08,601318,13:47:49,70.4000,915,1
2026-01-08,601318,13:47:52,70.3800,501,2
2026-01-08,601318,13:47:55,70.3600,370,2
2026-01-08,601318,13:47:58,70.3600,169,1
2026-01-08,601318,13:48:01,70.3500,336,2
2026-01-08,601318,13:48:04,70.3400,257,2
2026-01-08,601318,13:48:07,70.3400,46,1
2026-01-08,601318,13:48:10,70.3300,432,2
2026-01-08,601318,13:48:13,70.3200,450,2
2026-01-08,601318,13:48:16,70.3200,506,2
2026-01-08,601318,13:48:19,70.3000,274,2
2026-01-08,601318,13:48:22,70.2900,1173,2
2026-01-08,601318,13:48:25,70.2900,330,2
2026-01-08,601318,13:48:28,70.2800,300,2
2026-01-08,601318,13:48:31,70.2700,188,2
2026-01-08,601318,13:48:34,70.2600,255,2
2026-01-08,601318,13:48:37,70.2400,1131,2
2026-01-08,601318,13:48:40,70.2300,4298,2
2026-01-08,601318,13:48:43,70.2500,1301,1
2026-01-08,601318,13:48:46,70.2300,281,2
2026-01-08,601318,13:48:49,70.2200,454,2
2026-01-08,601318,13:48:52,70.2300,795,1
2026-01-08,601318,13:48:55,70.2100,503,2
2026-01-08,601318,13:48:58,70.2100,703,2
2026-01-08,601318,13:49:01,70.2100,1600,1
2026-01-08,601318,13:49:04,70.2100,517,2
2026-01-08,601318,13:49:07,70.2200,471,2
2026-01-08,601318,13:49:10,70.2100,1192,2
2026-01-08,601318,13:49:13,70.2700,1290,1
2026-01-08,601318,13:49:16,70.2700,1029,2
2026-01-08,601318,13:49:19,70.2700,854,2
2026-01-08,601318,13:49:22,70.2600,568,2
2026-01-08,601318,13:49:25,70.2500,268,2
2026-01-08,601318,13:49:28,70.2400,277,2
2026-01-08,601318,13:49:31,70.2600,189,1
2026-01-08,601318,13:49:34,70.2500,164,2
2026-01-08,601318,13:49:37,70.2700,391,1
2026-01-08,601318,13:49:40,70.2600,444,2
2026-01-08,601318,13:49:43,70.2600,130,2
2026-01-08,601318,13:49:46,70.2600,137,1
2026-01-08,601318,13:49:49,70.2600,191,1
2026-01-08,601318,13:49:52,70.3700,5938,1
2026-01-08,601318,13:49:55,70.3500,373,2
2026-01-08,601318,13:49:58,70.3500,66,1
2026-01-08,601318,13:50:01,70.3400,1431,2
2026-01-08,601318,13:50:04,70.3400,495,1
2026-01-08,601318,13:50:07,70.3700,224,1
2026-01-08,601318,13:50:10,70.3600,217,2
2026-01-08,601318,13:50:13,70.3600,382,2
2026-01-08,601318,13:50:16,70.3600,333,1
2026-01-08,601318,13:50:19,70.3000,662,2
2026-01-08,601318,13:50:22,70.3000,167,1
2026-01-08,601318,13:50:25,70.2900,310,2
2026-01-08,601318,13:50:28,70.2900,172,1
2026-01-08,601318,13:50:31,70.3100,543,1
2026-01-08,601318,13:50:34,70.3100,210,4
2026-01-08,601318,13:50:37,70.3100,164,1
2026-01-08,601318,13:50:40,70.3000,499,2
2026-01-08,601318,13:50:43,70.3100,240,2
2026-01-08,601318,13:50:46,70.3100,70,2
2026-01-08,601318,13:50:49,70.3200,142,1
2026-01-08,601318,13:50:52,70.3200,191,1
2026-01-08,601318,13:50:55,70.3200,1184,1
2026-01-08,601318,13:50:58,70.2900,269,2
2026-01-08,601318,13:51:01,70.2900,204,1
2026-01-08,601318,13:51:04,70.2800,69,4
2026-01-08,601318,13:51:07,70.3000,137,1
2026-01-08,601318,13:51:10,70.2900,73,2
2026-01-08,601318,13:51:13,70.2900,148,2
2026-01-08,601318,13:51:16,70.2800,269,2
2026-01-08,601318,13:51:19,70.2700,520,2
2026-01-08,601318,13:51:22,70.2800,595,1
2026-01-08,601318,13:51:25,70.2500,59,2
2026-01-08,601318,13:51:28,70.2400,109,2
2026-01-08,601318,13:51:31,70.2500,169,1
2026-01-08,601318,13:51:34,70.2500,543,1
2026-01-08,601318,13:51:37,70.2800,603,1
2026-01-08,601318,13:51:40,70.2900,646,1
2026-01-08,601318,13:51:43,70.2800,240,2
2026-01-08,601318,13:51:46,70.2800,377,2
2026-01-08,601318,13:51:49,70.2400,555,2
2026-01-08,601318,13:51:52,70.2600,402,1
2026-01-08,601318,13:51:55,70.2600,304,2
2026-01-08,601318,13:51:58,70.2500,464,2
2026-01-08,601318,13:52:01,70.2400,505,2
2026-01-08,601318,13:52:04,70.2300,130,1
2026-01-08,601318,13:52:07,70.2300,627,1
2026-01-08,601318,13:52:10,70.2200,333,2
2026-01-08,601318,13:52:13,70.2200,369,1
2026-01-08,601318,13:52:16,70.2200,2170,1
2026-01-08,601318,13:52:19,70.2000,73,2
2026-01-08,601318,13:52:22,70.1900,346,2
2026-01-08,601318,13:52:25,70.1800,124,2
2026-01-08,601318,13:52:28,70.1700,595,2
2026-01-08,601318,13:52:31,70.1500,191,2
2026-01-08,601318,13:52:34,70.1500,539,2
2026-01-08,601318,13:52:37,70.1400,1344,2
2026-01-08,601318,13:52:40,70.1900,3441,1
2026-01-08,601318,13:52:43,70.1900,673,2
2026-01-08,601318,13:52:46,70.1900,208,1
2026-01-08,601318,13:52:49,70.1900,54,1
2026-01-08,601318,13:52:52,70.1900,570,2
2026-01-08,601318,13:52:55,70.1800,198,2
2026-01-08,601318,13:52:58,70.1800,277,2
2026-01-08,601318,13:53:01,70.2200,1109,1
2026-01-08,601318,13:53:04,70.2600,1076,1
2026-01-08,601318,13:53:07,70.3000,1290,1
2026-01-08,601318,13:53:10,70.2700,152,2
2026-01-08,601318,13:53:13,70.2700,314,2
2026-01-08,601318,13:53:16,70.2700,156,1
2026-01-08,601318,13:53:19,70.2500,614,2
2026-01-08,601318,13:53:22,70.2600,220,1
2026-01-08,601318,13:53:25,70.2500,198,2
2026-01-08,601318,13:53:28,70.2400,195,2
2026-01-08,601318,13:53:31,70.2400,266,1
2026-01-08,601318,13:53:34,70.2700,602,1
2026-01-08,601318,13:53:37,70.2500,200,2
2026-01-08,601318,13:53:40,70.2500,320,2
2026-01-08,601318,13:53:43,70.2500,380,1
2026-01-08,601318,13:53:46,70.2400,225,2
2026-01-08,601318,13:53:49,70.2400,543,1
2026-01-08,601318,13:53:52,70.2200,797,2
2026-01-08,601318,13:53:55,70.2200,173,1
2026-01-08,601318,13:53:58,70.2000,505,2
2026-01-08,601318,13:54:01,70.2000,548,1
2026-01-08,601318,13:54:04,70.1900,345,4
2026-01-08,601318,13:54:07,70.1700,205,2
2026-01-08,601318,13:54:10,70.1700,206,1
2026-01-08,601318,13:54:13,70.1700,206,1
2026-01-08,601318,13:54:16,70.1600,417,2
2026-01-08,601318,13:54:19,70.1500,221,2
2026-01-08,601318,13:54:22,70.1300,251,2
2026-01-08,601318,13:54:25,70.1300,329,2
2026-01-08,601318,13:54:28,70.1200,509,2
2026-01-08,601318,13:54:31,70.1300,825,1
2026-01-08,601318,13:54:34,70.1200,312,2
2026-01-08,601318,13:54:37,70.1200,2510,2
2026-01-08,601318,13:54:40,70.1500,489,1
2026-01-08,601318,13:54:43,70.1200,319,2
2026-01-08,601318,13:54:46,70.1200,151,1
2026-01-08,601318,13:54:49,70.1200,189,1
2026-01-08,601318,13:54:52,70.1300,252,1
2026-01-08,601318,13:54:55,70.1500,634,1
2026-01-08,601318,13:54:58,70.1200,331,2
2026-01-08,601318,13:55:01,70.1500,281,1
2026-01-08,601318,13:55:04,70.1500,875,1
2026-01-08,601318,13:55:07,70.1900,557,1
2026-01-08,601318,13:55:10,70.2500,1407,1
2026-01-08,601318,13:55:13,70.2500,619,1
2026-01-08,601318,13:55:16,70.2200,104,1
2026-01-08,601318,13:55:19,70.2200,328,1
2026-01-08,601318,13:55:22,70.2100,256,2
2026-01-08,601318,13:55:25,70.2300,76,1
2026-01-08,601318,13:55:28,70.2300,364,1
2026-01-08,601318,13:55:31,70.2400,460,1
2026-01-08,601318,13:55:34,70.2200,248,2
2026-01-08,601318,13:55:37,70.2300,344,1
2026-01-08,601318,13:55:40,70.2800,378,1
2026-01-08,601318,13:55:43,70.2500,274,2
2026-01-08,601318,13:55:46,70.2600,68,1
2026-01-08,601318,13:55:49,70.2800,185,1
2026-01-08,601318,13:55:52,70.2900,282,1
2026-01-08,601318,13:55:55,70.3000,743,1
2026-01-08,601318,13:55:58,70.3600,298,1
2026-01-08,601318,13:56:01,70.3200,185,2
2026-01-08,601318,13:56:04,70.3600,87,2
2026-01-08,601318,13:56:07,70.3300,159,2
2026-01-08,601318,13:56:10,70.3600,308,1
2026-01-08,601318,13:56:13,70.3400,215,4
2026-01-08,601318,13:56:16,70.3600,270,1
2026-01-08,601318,13:56:19,70.3600,263,1
2026-01-08,601318,13:56:22,70.4000,90,1
2026-01-08,601318,13:56:25,70.3700,208,2
2026-01-08,601318,13:56:28,70.4000,917,1
2026-01-08,601318,13:56:31,70.3700,795,2
2026-01-08,601318,13:56:34,70.3700,736,2
2026-01-08,601318,13:56:37,70.3700,341,1
2026-01-08,601318,13:56:40,70.4000,302,1
2026-01-08,601318,13:56:43,70.3900,802,2
2026-01-08,601318,13:56:46,70.4200,262,1
2026-01-08,601318,13:56:49,70.4100,723,4
2026-01-08,601318,13:56:52,70.4000,849,2
2026-01-08,601318,13:56:55,70.4000,688,1
2026-01-08,601318,13:56:58,70.3900,357,2
2026-01-08,601318,13:57:01,70.3900,235,1
2026-01-08,601318,13:57:04,70.3900,107,1
2026-01-08,601318,13:57:07,70.3800,178,1
2026-01-08,601318,13:57:10,70.3500,244,2
2026-01-08,601318,13:57:13,70.3600,174,1
2026-01-08,601318,13:57:16,70.3500,169,2
2026-01-08,601318,13:57:19,70.3400,195,2
2026-01-08,601318,13:57:22,70.3300,294,2
2026-01-08,601318,13:57:25,70.3900,837,1
2026-01-08,601318,13:57:28,70.4000,770,1
2026-01-08,601318,13:57:31,70.4000,777,1
2026-01-08,601318,13:57:34,70.3900,540,2
2026-01-08,601318,13:57:37,70.4300,201,2
2026-01-08,601318,13:57:40,70.4200,259,2
2026-01-08,601318,13:57:43,70.4200,115,2
2026-01-08,601318,13:57:46,70.4300,150,1
2026-01-08,601318,13:57:49,70.4400,167,1
2026-01-08,601318,13:57:52,70.4300,152,2
2026-01-08,601318,13:57:55,70.4500,196,1
2026-01-08,601318,13:57:58,70.4300,168,2
2026-01-08,601318,13:58:01,70.4500,153,1
2026-01-08,601318,13:58:04,70.4500,134,1
2026-01-08,601318,13:58:07,70.4500,135,1
2026-01-08,601318,13:58:10,70.4500,101,1
2026-01-08,601318,13:58:13,70.4300,532,2
2026-01-08,601318,13:58:16,70.4200,471,2
2026-01-08,601318,13:58:19,70.4400,390,1
2026-01-08,601318,13:58:22,70.4500,121,1
2026-01-08,601318,13:58:25,70.4100,373,2
2026-01-08,601318,13:58:28,70.4100,86,1
2026-01-08,601318,13:58:31,70.4100,1478,1
2026-01-08,601318,13:58:34,70.4000,913,2
2026-01-08,601318,13:58:37,70.3900,496,4
2026-01-08,601318,13:58:40,70.3900,345,1
2026-01-08,601318,13:58:43,70.3900,346,2
2026-01-08,601318,13:58:46,70.3800,118,2
2026-01-08,601318,13:58:49,70.3700,212,2
2026-01-08,601318,13:58:52,70.3800,47,1
2026-01-08,601318,13:58:55,70.3700,127,2
2026-01-08,601318,13:58:58,70.3700,266,1
2026-01-08,601318,13:59:01,70.3700,149,1
2026-01-08,601318,13:59:04,70.3800,225,1
2026-01-08,601318,13:59:07,70.3800,154,1
2026-01-08,601318,13:59:10,70.3700,234,2
2026-01-08,601318,13:59:13,70.3700,185,2
2026-01-08,601318,13:59:16,70.3800,154,1
2026-01-08,601318,13:59:19,70.3700,191,2
2026-01-08,601318,13:59:22,70.3700,106,1
2026-01-08,601318,13:59:25,70.3500,139,2
2026-01-08,601318,13:59:28,70.3400,231,2
2026-01-08,601318,13:59:31,70.3500,256,1
2026-01-08,601318,13:59:34,70.3600,505,1
2026-01-08,601318,13:59:37,70.4600,4477,1
2026-01-08,601318,13:59:40,70.4700,1449,1
2026-01-08,601318,13:59:43,70.4500,813,2
2026-01-08,601318,13:59:46,70.5100,1265,1
2026-01-08,601318,13:59:49,70.5200,589,2
2026-01-08,601318,13:59:52,70.5200,389,1
2026-01-08,601318,13:59:55,70.5000,174,2
2026-01-08,601318,13:59:58,70.5200,219,1
2026-01-08,601318,14:00:01,70.5200,281,1
2026-01-08,601318,14:00:04,70.5400,468,1
2026-01-08,601318,14:00:07,70.5900,198,1
2026-01-08,601318,14:00:10,70.5900,117,2
2026-01-08,601318,14:00:13,70.6200,647,1
2026-01-08,601318,14:00:16,70.6700,301,1
2026-01-08,601318,14:00:19,70.6700,162,2
2026-01-08,601318,14:00:22,70.7000,119,1
2026-01-08,601318,14:00:25,70.6700,124,1
2026-01-08,601318,14:00:28,70.6800,159,1
2026-01-08,601318,14:00:31,70.6700,137,2
2026-01-08,601318,14:00:34,70.7100,229,1
2026-01-08,601318,14:00:37,70.6800,333,2
2026-01-08,601318,14:00:40,70.6800,308,1
2026-01-08,601318,14:00:43,70.7200,242,1
2026-01-08,601318,14:00:46,70.7300,313,1
2026-01-08,601318,14:00:49,70.7100,205,2
2026-01-08,601318,14:00:52,70.7400,201,1
2026-01-08,601318,14:00:55,70.7100,462,2
2026-01-08,601318,14:00:58,70.7100,310,1
2026-01-08,601318,14:01:01,70.6700,571,2
2026-01-08,601318,14:01:04,70.6700,499,1
2026-01-08,601318,14:01:07,70.7000,490,1
2026-01-08,601318,14:01:10,70.6800,384,1
2026-01-08,601318,14:01:13,70.7200,268,1
2026-01-08,601318,14:01:16,70.7100,406,2
2026-01-08,601318,14:01:19,70.7000,306,2
2026-01-08,601318,14:01:22,70.7000,245,1
2026-01-08,601318,14:01:25,70.6800,142,2
2026-01-08,601318,14:01:28,70.6900,126,1
2026-01-08,601318,14:01:31,70.6900,244,1
2026-01-08,601318,14:01:34,70.7000,136,1
2026-01-08,601318,14:01:37,70.7000,199,1
2026-01-08,601318,14:01:40,70.6800,191,2
2026-01-08,601318,14:01:43,70.6700,179,2
2026-01-08,601318,14:01:46,70.6700,635,2
2026-01-08,601318,14:01:49,70.6700,205,1
2026-01-08,601318,14:01:52,70.6700,206,1
2026-01-08,601318,14:01:55,70.6700,282,1
2026-01-08,601318,14:01:58,70.6600,144,2
2026-01-08,601318,14:02:01,70.7000,190,1
2026-01-08,601318,14:02:04,70.6500,478,2
2026-01-08,601318,14:02:07,70.6600,245,1
2026-01-08,601318,14:02:10,70.6900,207,1
2026-01-08,601318,14:02:13,70.6800,114,1
2026-01-08,601318,14:02:16,70.6900,178,1
2026-01-08,601318,14:02:19,70.6900,205,2
2026-01-08,601318,14:02:22,70.6700,327,2
2026-01-08,601318,14:02:25,70.6900,594,1
2026-01-08,601318,14:02:28,70.7400,460,1
2026-01-08,601318,14:02:31,70.7100,233,1
2026-01-08,601318,14:02:34,70.7100,281,2
2026-01-08,601318,14:02:37,70.7200,223,1
2026-01-08,601318,14:02:40,70.7500,289,1
2026-01-08,601318,14:02:43,70.7800,81,1
2026-01-08,601318,14:02:46,70.7200,219,2
2026-01-08,601318,14:02:49,70.7800,450,1
2026-01-08,601318,14:02:52,70.7700,179,1
2026-01-08,601318,14:02:55,70.7800,333,1
2026-01-08,601318,14:02:58,70.7800,159,1
2026-01-08,601318,14:03:01,70.7800,224,1
2026-01-08,601318,14:03:04,70.7400,463,2
2026-01-08,601318,14:03:07,70.7400,184,1
2026-01-08,601318,14:03:10,70.7100,416,2
2026-01-08,601318,14:03:13,70.7300,262,4
2026-01-08,601318,14:03:16,70.7400,211,1
2026-01-08,601318,14:03:19,70.7300,240,2
2026-01-08,601318,14:03:22,70.7200,149,4
2026-01-08,601318,14:03:25,70.7200,160,1
2026-01-08,601318,14:03:28,70.7100,311,2
2026-01-08,601318,14:03:31,70.6500,560,2
2026-01-08,601318,14:03:34,70.6500,492,2
2026-01-08,601318,14:03:37,70.6200,245,2
2026-01-08,601318,14:03:40,70.6600,221,1
2026-01-08,601318,14:03:43,70.6600,131,2
2026-01-08,601318,14:03:46,70.6400,36,2
2026-01-08,601318,14:03:49,70.6700,165,1
2026-01-08,601318,14:03:52,70.6300,72,2
2026-01-08,601318,14:03:55,70.6300,103,1
2026-01-08,601318,14:03:58,70.5900,578,2
2026-01-08,601318,14:04:01,70.6200,172,1
2026-01-08,601318,14:04:04,70.6000,233,2
2026-01-08,601318,14:04:07,70.5700,169,2
2026-01-08,601318,14:04:10,70.5900,67,1
2026-01-08,601318,14:04:13,70.5800,315,4
2026-01-08,601318,14:04:16,70.6200,501,1
2026-01-08,601318,14:04:19,70.5700,204,2
2026-01-08,601318,14:04:22,70.5700,343,1
2026-01-08,601318,14:04:25,70.5700,405,1
2026-01-08,601318,14:04:28,70.5700,353,1
2026-01-08,601318,14:04:31,70.5400,381,2
2026-01-08,601318,14:04:34,70.5000,172,2
2026-01-08,601318,14:04:37,70.4900,251,2
2026-01-08,601318,14:04:40,70.4500,190,2
2026-01-08,601318,14:04:43,70.4900,523,1
2026-01-08,601318,14:04:46,70.4900,777,1
2026-01-08,601318,14:04:49,70.5000,65,1
2026-01-08,601318,14:04:52,70.5500,100,1
2026-01-08,601318,14:04:55,70.4900,213,2
2026-01-08,601318,14:04:58,70.5000,86,1
2026-01-08,601318,14:05:01,70.4900,137,2
2026-01-08,601318,14:05:04,70.4800,315,2
2026-01-08,601318,14:05:07,70.4900,325,1
2026-01-08,601318,14:05:10,70.4500,323,2
2026-01-08,601318,14:05:13,70.4400,343,2
2026-01-08,601318,14:05:16,70.4800,825,1
2026-01-08,601318,14:05:19,70.4400,495,2
2026-01-08,601318,14:05:22,70.4300,440,2
2026-01-08,601318,14:05:25,70.4200,356,2
2026-01-08,601318,14:05:28,70.4300,400,1
2026-01-08,601318,14:05:31,70.4300,393,1
2026-01-08,601318,14:05:34,70.4400,116,1
2026-01-08,601318,14:05:37,70.4200,213,2
2026-01-08,601318,14:05:40,70.4400,41,1
2026-01-08,601318,14:05:43,70.4400,252,1
2026-01-08,601318,14:05:46,70.4400,149,2
2026-01-08,601318,14:05:49,70.4400,168,2
2026-01-08,601318,14:05:52,70.4600,615,1
2026-01-08,601318,14:05:55,70.4500,504,2
2026-01-08,601318,14:05:58,70.4300,277,2
2026-01-08,601318,14:06:01,70.4400,287,1
2026-01-08,601318,14:06:04,70.4500,764,1
2026-01-08,601318,14:06:07,70.4400,193,2
2026-01-08,601318,14:06:10,70.4500,328,1
2026-01-08,601318,14:06:13,70.4500,181,2
2026-01-08,601318,14:06:16,70.4500,1074,2
2026-01-08,601318,14:06:19,70.4000,363,2
2026-01-08,601318,14:06:22,70.3600,411,2
2026-01-08,601318,14:06:25,70.3500,318,2
2026-01-08,601318,14:06:28,70.3100,1255,2
2026-01-08,601318,14:06:31,70.3100,586,1
2026-01-08,601318,14:06:34,70.3000,982,2
2026-01-08,601318,14:06:37,70.2900,252,2
2026-01-08,601318,14:06:40,70.3000,643,1
2026-01-08,601318,14:06:43,70.2800,395,1
2026-01-08,601318,14:06:46,70.2300,69,2
2026-01-08,601318,14:06:49,70.2100,466,2
2026-01-08,601318,14:06:52,70.2200,65,4
2026-01-08,601318,14:06:55,70.2200,737,1
2026-01-08,601318,14:06:58,70.2600,500,1
2026-01-08,601318,14:07:01,70.2200,141,2
2026-01-08,601318,14:07:04,70.2200,59,1
2026-01-08,601318,10:57:04,72.2000,156,1
2026-01-08,601318,10:57:07,72.1900,81,2
2026-01-08,601318,10:57:10,72.1900,72,1
2026-01-08,601318,10:57:13,72.1800,144,2
2026-01-08,601318,10:57:16,72.1700,114,2
2026-01-08,601318,10:57:19,72.2600,52,1
2026-01-08,601318,10:57:22,72.2600,139,1
2026-01-08,601318,10:57:25,72.2800,314,1
2026-01-08,601318,10:57:28,72.2400,48,1
2026-01-08,601318,10:57:31,72.2600,127,2
2026-01-08,601318,10:57:34,72.2600,169,2
2026-01-08,601318,10:57:37,72.2100,81,2
2026-01-08,601318,10:57:40,72.2000,240,2
2026-01-08,601318,10:57:43,72.2000,124,2
2026-01-08,601318,10:57:46,72.2000,241,2
2026-01-08,601318,10:57:49,72.2600,17,1
2026-01-08,601318,10:57:52,72.1900,169,2
2026-01-08,601318,10:57:55,72.2500,75,1
2026-01-08,601318,10:57:58,72.2800,63,1
2026-01-08,601318,10:58:01,72.2500,111,1
2026-01-08,601318,10:58:04,72.2600,45,1
2026-01-08,601318,10:58:07,72.2000,79,2
2026-01-08,601318,10:58:10,72.2500,62,1
2026-01-08,601318,10:58:13,72.2500,14,1
2026-01-08,601318,10:58:16,72.1900,11,2
2026-01-08,601318,10:58:19,72.1900,72,2
2026-01-08,601318,10:58:22,72.2200,161,1
2026-01-08,601318,10:58:25,72.2400,71,1
2026-01-08,601318,10:58:28,72.2400,70,1
2026-01-08,601318,10:58:31,72.2000,63,2
2026-01-08,601318,10:58:34,72.2500,134,1
2026-01-08,601318,10:58:37,72.3000,317,1
2026-01-08,601318,10:58:40,72.3000,231,1
2026-01-08,601318,10:58:43,72.3000,358,1
2026-01-08,601318,10:58:46,72.2500,220,2
2026-01-08,601318,10:58:49,72.3000,36,1
2026-01-08,601318,10:58:52,72.3000,133,1
2026-01-08,601318,10:58:55,72.2400,147,2
2026-01-08,601318,10:58:58,72.2500,18,2
2026-01-08,601318,10:59:01,72.2500,74,2
2026-01-08,601318,10:59:04,72.2700,17,1
2026-01-08,601318,10:59:07,72.2700,36,1
2026-01-08,601318,10:59:10,72.2600,2,2
2026-01-08,601318,10:59:13,72.2700,15,1
2026-01-08,601318,10:59:16,72.2700,22,1
2026-01-08,601318,10:59:19,72.2700,111,1
2026-01-08,601318,10:59:22,72.2700,44,1
2026-01-08,601318,10:59:25,72.2900,16,1
2026-01-08,601318,10:59:28,72.2900,83,1
2026-01-08,601318,10:59:31,72.2700,23,2
2026-01-08,601318,10:59:34,72.2600,74,2
2026-01-08,601318,10:59:37,72.2600,45,2
2026-01-08,601318,10:59:40,72.2600,25,1
2026-01-08,601318,10:59:43,72.2900,181,1
2026-01-08,601318,10:59:46,72.3000,68,1
2026-01-08,601318,10:59:49,72.3000,10,1
2026-01-08,601318,10:59:52,72.2900,36,2
2026-01-08,601318,10:59:55,72.2900,9,4
2026-01-08,601318,10:59:58,72.2900,40,1
2026-01-08,601318,11:00:01,72.2800,18,2
2026-01-08,601318,11:00:04,72.2700,29,2
2026-01-08,601318,11:00:07,72.2600,495,2
2026-01-08,601318,11:00:10,72.2100,49,2
2026-01-08,601318,11:00:13,72.2000,118,2
2026-01-08,601318,11:00:16,72.1800,93,2
2026-01-08,601318,11:00:19,72.1800,97,1
2026-01-08,601318,11:00:22,72.1600,62,2
2026-01-08,601318,11:00:25,72.1600,9,2
2026-01-08,601318,11:00:28,72.1600,74,2
2026-01-08,601318,11:00:31,72.1500,38,2
2026-01-08,601318,11:00:34,72.1400,30,2
2026-01-08,601318,11:00:37,72.1400,6,2
2026-01-08,601318,11:00:40,72.1500,26,1
2026-01-08,601318,11:00:43,72.1600,217,1
2026-01-08,601318,11:00:46,72.1700,190,1
2026-01-08,601318,11:00:49,72.1700,335,1
2026-01-08,601318,11:00:52,72.1500,262,2
2026-01-08,601318,11:00:56,72.1400,61,2
2026-01-08,601318,11:00:58,72.1700,176,1
2026-01-08,601318,11:01:01,72.1800,179,2
2026-01-08,601318,11:01:04,72.1800,93,1
2026-01-08,601318,11:01:07,72.1800,25,2
2026-01-08,601318,11:01:10,72.1700,63,2
2026-01-08,601318,11:01:13,72.1400,60,2
2026-01-08,601318,11:01:16,72.1400,627,2
2026-01-08,601318,11:01:19,72.1300,533,2
2026-01-08,601318,11:01:22,72.1000,78,2
2026-01-08,601318,11:01:25,72.0900,98,2
2026-01-08,601318,11:01:28,72.0900,178,2
2026-01-08,601318,11:01:31,72.0500,345,2
2026-01-08,601318,11:01:34,72.0900,152,1
2026-01-08,601318,11:01:37,72.1100,330,1
2026-01-08,601318,11:01:40,72.1300,140,1
2026-01-08,601318,11:01:43,72.0900,37,2
2026-01-08,601318,11:01:46,72.1100,134,1
2026-01-08,601318,11:01:49,72.1000,101,2
2026-01-08,601318,11:01:52,72.0800,51,2
2026-01-08,601318,11:01:55,72.0300,63,2
2026-01-08,601318,11:01:58,72.0500,22,1
2026-01-08,601318,11:02:01,72.0500,20,1
2026-01-08,601318,11:02:04,72.0300,99,2
2026-01-08,601318,11:02:07,72.0300,86,1
2026-01-08,601318,11:02:10,72.0300,62,1
2026-01-08,601318,11:02:13,72.0100,94,2
2026-01-08,601318,11:02:16,72.0100,6,2
2026-01-08,601318,11:02:19,72.0100,76,2
2026-01-08,601318,11:02:22,72.0100,24,2
2026-01-08,601318,11:02:25,72.0000,58,2
2026-01-08,601318,11:02:28,71.9800,1720,2
2026-01-08,601318,11:02:31,71.9800,382,2
2026-01-08,601318,11:02:34,71.9800,11,1
2026-01-08,601318,11:02:37,71.9600,40,2
2026-01-08,601318,11:02:40,71.9700,40,1
2026-01-08,601318,11:02:43,72.0200,1564,1
2026-01-08,601318,11:02:46,72.0100,220,2
2026-01-08,601318,11:02:49,72.0500,73,1
2026-01-08,601318,11:02:52,72.0500,71,1
2026-01-08,601318,11:02:55,72.0500,44,2
2026-01-08,601318,11:02:58,72.0700,44,1
2026-01-08,601318,11:03:01,72.0600,16,2
2026-01-08,601318,11:03:04,72.0700,54,1
2026-01-08,601318,11:03:07,72.0700,87,1
2026-01-08,601318,11:03:10,72.0700,41,2
2026-01-08,601318,11:03:13,72.0700,39,2
2026-01-08,601318,11:03:16,72.0100,91,2
2026-01-08,601318,11:03:19,72.0000,62,2
2026-01-08,601318,11:03:22,72.0200,19,2
2026-01-08,601318,11:03:25,72.0400,3,1
2026-01-08,601318,11:03:28,72.0300,31,2
2026-01-08,601318,11:03:31,72.0300,32,2
2026-01-08,601318,11:03:34,72.0500,36,1
2026-01-08,601318,11:03:37,72.0400,37,1
2026-01-08,601318,11:03:40,72.0400,29,1
2026-01-08,601318,11:03:43,72.0400,133,1
2026-01-08,601318,11:03:46,72.0800,200,1
2026-01-08,601318,11:03:49,72.0600,212,2
2026-01-08,601318,11:03:52,72.0800,89,1
2026-01-08,601318,11:03:55,72.0800,52,1
2026-01-08,601318,11:03:58,72.0800,232,2
2026-01-08,601318,11:04:01,72.0900,71,2
2026-01-08,601318,11:04:04,72.0800,56,2
2026-01-08,601318,11:04:07,72.1100,12,1
2026-01-08,601318,11:04:10,72.1000,87,4
2026-01-08,601318,11:04:13,72.1100,104,1
2026-01-08,601318,11:04:16,72.1100,70,2
2026-01-08,601318,11:04:19,72.1000,69,2
2026-01-08,601318,11:04:22,72.0900,57,2
2026-01-08,601318,11:04:25,72.0900,72,1
2026-01-08,601318,11:04:28,72.0900,29,2
2026-01-08,601318,11:04:31,72.0700,120,2
2026-01-08,601318,11:04:34,72.0700,62,2
2026-01-08,601318,11:04:37,72.0800,271,1
2026-01-08,601318,11:04:40,72.0800,133,1
2026-01-08,601318,11:04:43,72.0800,17,1
2026-01-08,601318,11:04:46,72.0400,23,2
2026-01-08,601318,11:04:49,72.0400,215,1
2026-01-08,601318,11:04:52,72.0500,36,1
2026-01-08,601318,11:04:55,72.0500,106,1
2026-01-08,601318,11:04:58,72.0400,43,1
2026-01-08,601318,11:05:01,72.0400,130,1
2026-01-08,601318,11:05:04,72.0300,33,1
2026-01-08,601318,11:05:07,72.0300,45,1
2026-01-08,601318,11:05:10,72.0100,29,2
2026-01-08,601318,11:05:13,72.0300,72,1
2026-01-08,601318,11:05:16,72.0100,304,2
2026-01-08,601318,11:05:19,72.0000,100,2
2026-01-08,601318,11:05:22,72.0000,80,2
2026-01-08,601318,11:05:25,72.0000,242,2
2026-01-08,601318,11:05:28,71.9900,118,2
2026-01-08,601318,11:05:31,71.9800,126,2
2026-01-08,601318,11:05:34,71.9800,31,2
2026-01-08,601318,11:05:37,71.9700,45,2
2026-01-08,601318,11:05:40,71.9900,126,1
2026-01-08,601318,11:05:43,71.9700,58,2
2026-01-08,601318,11:05:46,71.9700,46,1
2026-01-08,601318,11:05:49,71.9600,136,2
2026-01-08,601318,11:05:52,71.9800,51,1
2026-01-08,601318,11:05:55,71.9700,53,2
2026-01-08,601318,11:05:58,71.9700,36,2
2026-01-08,601318,11:06:01,71.9700,37,1
2026-01-08,601318,11:06:04,71.9800,34,1
2026-01-08,601318,11:06:07,71.9900,120,1
2026-01-08,601318,11:06:10,71.9900,90,1
2026-01-08,601318,11:06:13,72.0100,192,1
2026-01-08,601318,11:06:16,72.0000,93,2
2026-01-08,601318,11:06:19,72.0000,28,1
2026-01-08,601318,11:06:22,71.9900,77,2
2026-01-08,601318,11:06:25,71.9900,51,1
2026-01-08,601318,11:06:28,71.9900,32,1
2026-01-08,601318,11:06:31,71.9900,81,1
2026-01-08,601318,11:06:34,71.9800,14,2
2026-01-08,601318,11:06:37,71.9900,17,1
2026-01-08,601318,11:06:40,71.9800,141,2
2026-01-08,601318,11:06:43,71.9700,106,2
2026-01-08,601318,11:06:46,71.9700,38,2
2026-01-08,601318,11:06:49,71.9600,187,2
2026-01-08,601318,11:06:52,71.9700,65,1
2026-01-08,601318,11:06:55,71.9600,35,4
2026-01-08,601318,11:06:58,71.9500,75,2
2026-01-08,601318,11:07:01,71.9600,128,1
2026-01-08,601318,11:07:04,71.9300,80,2
2026-01-08,601318,11:07:07,71.9400,46,4
2026-01-08,601318,11:07:10,71.9300,60,2
2026-01-08,601318,11:07:13,71.9100,248,2
2026-01-08,601318,11:07:16,71.9600,154,1
2026-01-08,601318,11:07:19,71.9800,402,1
2026-01-08,601318,11:07:22,71.9700,172,2
2026-01-08,601318,11:07:25,72.0000,195,1
2026-01-08,601318,11:07:28,72.0000,106,1
2026-01-08,601318,11:07:31,72.0100,102,1
2026-01-08,601318,11:07:34,71.9700,158,2
2026-01-08,601318,11:07:37,72.0000,94,1
2026-01-08,601318,11:07:40,72.0300,325,1
2026-01-08,601318,11:07:43,71.9700,158,2
2026-01-08,601318,11:07:46,72.0300,64,1
2026-01-08,601318,11:07:49,71.9900,65,2
2026-01-08,601318,11:07:52,71.9900,19,2
2026-01-08,601318,11:07:55,72.0300,225,1
2026-01-08,601318,11:07:58,72.0300,68,1
2026-01-08,601318,11:08:01,71.9500,34,2
2026-01-08,601318,11:08:04,72.0000,28,1
2026-01-08,601318,11:08:07,72.0000,44,2
2026-01-08,601318,11:08:10,72.0000,237,2
2026-01-08,601318,11:08:13,72.0000,156,1
2026-01-08,601318,11:08:16,72.0000,77,1
2026-01-08,601318,11:08:19,71.9900,95,2
2026-01-08,601318,11:08:22,72.0200,80,1
2026-01-08,601318,11:08:25,72.0100,43,4
2026-01-08,601318,11:08:28,72.0100,46,1
2026-01-08,601318,11:08:31,72.0100,51,4
2026-01-08,601318,11:08:34,72.0000,108,2
2026-01-08,601318,11:08:37,71.9900,42,2
2026-01-08,601318,11:08:40,71.9900,33,2
2026-01-08,601318,11:08:43,72.0000,108,1
2026-01-08,601318,11:08:46,71.9800,37,2
2026-01-08,601318,11:08:49,71.9700,23,2
2026-01-08,601318,11:08:52,71.9700,345,2
2026-01-08,601318,11:08:55,71.9700,213,1
2026-01-08,601318,11:08:58,71.9700,99,1
2026-01-08,601318,11:09:01,71.9500,99,2
2026-01-08,601318,11:09:04,71.9600,52,1
2026-01-08,601318,11:09:07,71.9500,16,2
2026-01-08,601318,11:09:10,71.9500,213,1
2026-01-08,601318,11:09:13,71.9500,119,2
2026-01-08,601318,11:09:16,71.9700,150,1
2026-01-08,601318,11:09:19,71.9900,33,4
2026-01-08,601318,11:09:22,71.9900,62,2
2026-01-08,601318,11:09:25,71.9800,76,2
2026-01-08,601318,11:09:28,71.9800,64,2
2026-01-08,601318,11:09:31,72.0200,364,1
2026-01-08,601318,11:09:34,72.0100,174,4
2026-01-08,601318,11:09:37,72.0600,90,1
2026-01-08,601318,11:09:40,72.0100,90,2
2026-01-08,601318,11:09:43,72.0700,50,1
2026-01-08,601318,11:09:46,72.0900,94,1
2026-01-08,601318,11:09:49,72.0200,28,2
2026-01-08,601318,11:09:52,72.0900,208,1
2026-01-08,601318,11:09:55,72.0200,79,2
2026-01-08,601318,11:09:58,72.0200,10,1
2026-01-08,601318,11:10:01,72.0100,41,2
2026-01-08,601318,11:10:04,72.0100,44,4
2026-01-08,601318,11:10:07,72.0100,42,1
2026-01-08,601318,11:10:10,71.9800,635,2
2026-01-08,601318,11:10:13,71.9900,292,1
2026-01-08,601318,11:10:16,71.9800,106,1
2026-01-08,601318,11:10:19,71.9400,58,2
2026-01-08,601318,11:10:22,71.9400,103,1
2026-01-08,601318,11:10:25,71.9300,76,2
2026-01-08,601318,11:10:28,71.9400,43,2
2026-01-08,601318,11:10:31,71.9400,89,2
2026-01-08,601318,11:10:34,71.9500,30,2
2026-01-08,601318,11:10:37,72.0100,1684,1
2026-01-08,601318,11:10:40,72.0000,387,2
2026-01-08,601318,11:10:43,72.0300,74,2
2026-01-08,601318,11:10:46,72.0300,17,2
2026-01-08,601318,11:10:49,72.0300,152,1
2026-01-08,601318,11:10:52,72.0300,51,2
2026-01-08,601318,11:10:55,72.0300,136,1
2026-01-08,601318,11:10:58,72.0700,378,1
2026-01-08,601318,11:11:01,72.0300,201,2
2026-01-08,601318,11:11:04,72.0400,9,2
2026-01-08,601318,11:11:07,72.0400,30,2
2026-01-08,601318,11:11:10,72.0400,75,4
2026-01-08,601318,11:11:13,72.0200,233,2
2026-01-08,601318,11:11:16,72.0000,661,2
2026-01-08,601318,11:11:19,72.0100,144,1
2026-01-08,601318,11:11:22,71.9800,70,2
2026-01-08,601318,11:11:25,71.9600,19,2
2026-01-08,601318,11:11:28,71.9500,12,2
2026-01-08,601318,11:11:31,71.9600,25,4
2026-01-08,601318,11:11:34,71.9500,35,2
2026-01-08,601318,11:11:37,71.9500,69,1
2026-01-08,601318,11:11:40,71.9300,78,2
2026-01-08,601318,11:11:43,71.9300,39,2
2026-01-08,601318,11:11:46,71.9300,36,1
2026-01-08,601318,11:11:49,71.9200,24,2
2026-01-08,601318,11:11:52,71.9200,111,2
2026-01-08,601318,11:11:55,71.9200,35,1
2026-01-08,601318,11:11:58,71.9200,183,1
2026-01-08,601318,11:12:01,71.9300,359,2
2026-01-08,601318,11:12:04,71.9300,102,1
2026-01-08,601318,11:12:07,71.9300,62,1
2026-01-08,601318,11:12:10,71.9300,75,2
2026-01-08,601318,11:12:13,71.9500,16,1
2026-01-08,601318,11:12:16,72.0000,184,1
2026-01-08,601318,11:12:19,72.0000,508,2
2026-01-08,601318,11:12:22,71.9800,434,2
2026-01-08,601318,11:12:25,72.0000,154,1
2026-01-08,601318,11:12:28,71.9800,89,1
2026-01-08,601318,11:12:31,71.9700,100,2
2026-01-08,601318,11:12:34,71.9700,8,1
2026-01-08,601318,11:12:37,71.9700,2,4
2026-01-08,601318,11:12:40,71.9800,387,1
2026-01-08,601318,11:12:43,72.0000,93,1
2026-01-08,601318,11:12:46,72.0300,1353,1
2026-01-08,601318,11:12:49,72.0200,13,2
2026-01-08,601318,11:12:52,72.0200,85,2
2026-01-08,601318,11:12:55,72.0200,39,2
2026-01-08,601318,11:12:58,72.0200,11,1
2026-01-08,601318,11:13:01,72.0100,38,2
2026-01-08,601318,11:13:04,72.0100,43,1
2026-01-08,601318,11:13:07,72.0100,68,1
2026-01-08,601318,11:13:10,72.0000,261,2
2026-01-08,601318,11:13:13,71.9900,25,2
2026-01-08,601318,11:13:16,72.0000,92,1
2026-01-08,601318,11:13:19,71.9900,160,2
2026-01-08,601318,11:13:22,71.9900,80,2
2026-01-08,601318,11:13:25,71.9800,61,2
2026-01-08,601318,11:13:28,71.9600,128,2
2026-01-08,601318,11:13:31,71.9600,97,2
2026-01-08,601318,11:13:34,71.9400,19,2
2026-01-08,601318,11:13:37,71.9400,17,2
2026-01-08,601318,11:13:40,71.9300,9,2
2026-01-08,601318,11:13:43,71.9300,21,2
2026-01-08,601318,11:13:46,71.9400,85,1
2026-01-08,601318,11:13:49,71.9400,18,1
2026-01-08,601318,11:13:52,71.9500,167,1
2026-01-08,601318,11:13:55,71.9500,133,4
2026-01-08,601318,11:13:58,71.9600,47,1
2026-01-08,601318,11:14:01,71.9400,21,2
2026-01-08,601318,11:14:04,71.9500,49,1
2026-01-08,601318,11:14:07,71.9600,150,1
2026-01-08,601318,11:14:10,71.9400,69,2
2026-01-08,601318,11:14:13,71.9600,13,1
2026-01-08,601318,11:14:16,71.9400,36,2
2026-01-08,601318,11:14:19,71.9500,11,4
2026-01-08,601318,11:14:22,71.9400,83,2
2026-01-08,601318,11:14:25,71.9400,18,1
2026-01-08,601318,11:14:28,71.9400,46,1
2026-01-08,601318,11:14:31,71.9200,56,2
2026-01-08,601318,11:14:34,71.9200,145,2
2026-01-08,601318,11:14:37,71.9300,104,4
2026-01-08,601318,11:14:40,71.9300,86,1
2026-01-08,601318,11:14:43,71.9200,126,2
2026-01-08,601318,11:14:46,71.9200,26,4
2026-01-08,601318,11:14:49,71.9400,83,1
2026-01-08,601318,11:14:52,71.9200,194,2
2026-01-08,601318,11:14:55,71.9400,69,1
2026-01-08,601318,11:14:58,71.9500,16,1
2026-01-08,601318,11:15:01,71.9400,69,2
2026-01-08,601318,11:15:04,71.9400,96,2
2026-01-08,601318,11:15:07,71.9400,45,2
2026-01-08,601318,11:15:10,71.9500,98,1
2026-01-08,601318,11:15:13,71.9400,53,2
2026-01-08,601318,11:15:16,71.9500,433,1
2026-01-08,601318,11:15:19,71.9500,169,2
2026-01-08,601318,11:15:22,71.9600,659,2
2026-01-08,601318,11:15:25,71.9400,228,2
2026-01-08,601318,11:15:28,71.9500,368,1
2026-01-08,601318,11:15:31,71.9500,147,1
2026-01-08,601318,11:15:34,71.9500,814,1
2026-01-08,601318,11:15:37,71.9600,339,1
2026-01-08,601318,11:15:40,71.9600,177,2
2026-01-08,601318,11:15:43,72.0000,294,1
2026-01-08,601318,11:15:46,72.0000,163,1
2026-01-08,601318,11:15:49,71.9800,59,2
2026-01-08,601318,11:15:52,71.9900,157,4
2026-01-08,601318,11:15:55,72.0000,44,1
2026-01-08,601318,11:15:58,72.0000,58,1
2026-01-08,601318,11:16:01,72.0000,51,1
2026-01-08,601318,11:16:04,72.0000,5,1
2026-01-08,601318,11:16:07,71.9800,83,2
2026-01-08,601318,11:16:10,71.9700,15,2
2026-01-08,601318,11:16:13,71.9700,21,2
2026-01-08,601318,11:16:16,71.9700,22,2
2026-01-08,601318,11:16:19,71.9600,66,2
2026-01-08,601318,11:16:22,71.9700,56,2
2026-01-08,601318,11:16:25,71.9500,449,2
2026-01-08,601318,11:16:28,71.9500,32,2
2026-01-08,601318,11:16:31,71.9400,115,2
2026-01-08,601318,11:16:34,71.9600,45,1
2026-01-08,601318,11:16:37,71.9500,132,2
2026-01-08,601318,11:16:40,71.9400,79,2
2026-01-08,601318,11:16:43,71.9400,34,2
2026-01-08,601318,11:16:46,71.9500,81,1
2026-01-08,601318,11:16:49,71.9400,161,2
2026-01-08,601318,11:16:52,71.9400,98,4
2026-01-08,601318,11:16:55,71.9600,476,1
2026-01-08,601318,11:16:58,71.9800,79,1
2026-01-08,601318,11:17:01,71.9500,919,2
2026-01-08,601318,11:17:04,71.9700,149,1
2026-01-08,601318,11:17:07,71.9700,59,1
2026-01-08,601318,11:17:10,71.9700,62,1
2026-01-08,601318,11:17:13,71.9600,126,2
2026-01-08,601318,11:17:16,71.9600,51,1
2026-01-08,601318,11:17:19,71.9700,158,1
2026-01-08,601318,11:17:22,71.9600,264,2
2026-01-08,601318,11:17:25,71.9500,3,4
2026-01-08,601318,11:17:28,71.9600,4,1
2026-01-08,601318,11:17:31,71.9500,31,2
2026-01-08,601318,11:17:34,71.9600,24,1
2026-01-08,601318,11:17:37,71.9600,71,2
2026-01-08,601318,11:17:40,71.9600,3,1
2026-01-08,601318,11:17:43,71.9500,114,2
2026-01-08,601318,11:17:46,71.9400,51,2
2026-01-08,601318,11:17:49,71.9500,54,1
2026-01-08,601318,11:17:52,71.9400,127,2
2026-01-08,601318,11:17:55,71.9300,32,2
2026-01-08,601318,11:17:58,71.9400,9,1
2026-01-08,601318,11:18:01,71.9200,369,2
2026-01-08,601318,11:18:04,71.9300,72,1
2026-01-08,601318,11:18:07,71.9200,158,4
2026-01-08,601318,11:18:10,71.9200,47,2
2026-01-08,601318,11:18:13,71.9100,169,2
2026-01-08,601318,11:18:16,71.9100,30,1
2026-01-08,601318,11:18:19,71.9000,61,2
2026-01-08,601318,11:18:22,71.9000,2181,2
2026-01-08,601318,11:18:25,71.8600,137,2
2026-01-08,601318,11:18:28,71.8600,51,2
2026-01-08,601318,11:18:31,71.8600,15,2
2026-01-08,601318,11:18:34,71.8500,12,1
2026-01-08,601318,11:18:37,71.8400,33,2
2026-01-08,601318,11:18:40,71.8300,33,2
2026-01-08,601318,11:18:43,71.8200,472,2
2026-01-08,601318,11:18:46,71.8200,21,2
2026-01-08,601318,11:18:49,71.8300,118,1
2026-01-08,601318,11:18:52,71.8200,89,2
2026-01-08,601318,11:18:55,71.8300,523,1
2026-01-08,601318,11:18:58,71.8300,94,2
2026-01-08,601318,11:19:01,71.8300,156,2
2026-01-08,601318,11:19:04,71.8200,71,2
2026-01-08,601318,11:19:07,71.8200,101,2
2026-01-08,601318,11:19:10,71.8300,1043,1
2026-01-08,601318,11:19:13,71.8200,290,2
2026-01-08,601318,11:19:16,71.8200,229,4
2026-01-08,601318,11:19:19,71.8300,59,1
