date,code,time,price,volume,bs
2026-02-05,000001,14:04:42,11.0800,36,2
2026-02-05,000001,14:04:45,11.0800,22,2
2026-02-05,000001,14:04:48,11.0900,30,1
2026-02-05,000001,14:04:51,11.0800,1,2
2026-02-05,000001,14:04:54,11.0800,122,2
2026-02-05,000001,14:04:57,11.0800,762,2
2026-02-05,000001,14:05:00,11.0800,5,2
2026-02-05,000001,14:05:03,11.0800,161,2
2026-02-05,000001,14:05:06,11.0800,89,2
2026-02-05,000001,14:05:09,11.0800,106,2
2026-02-05,000001,14:05:12,11.0900,3,1
2026-02-05,000001,14:05:15,11.0800,21,2
2026-02-05,000001,14:05:18,11.0900,16,1
2026-02-05,000001,14:05:21,11.0900,64,1
2026-02-05,000001,14:05:24,11.0900,58,1
2026-02-05,000001,14:05:27,11.0800,227,2
2026-02-05,000001,14:05:30,11.0900,65,1
2026-02-05,000001,14:05:33,11.0800,3,2
2026-02-05,000001,14:05:36,11.0900,143,1
2026-02-05,000001,14:05:39,11.0800,279,2
2026-02-05,000001,14:05:42,11.0800,162,2
2026-02-05,000001,14:05:45,11.0800,160,2
2026-02-05,000001,14:05:48,11.0800,117,2
2026-02-05,000001,14:05:51,11.0900,65,1
2026-02-05,000001,14:05:54,11.0900,46,1
2026-02-05,000001,14:05:57,11.0800,27,2
2026-02-05,000001,14:06:00,11.0900,66,1
2026-02-05,000001,14:06:03,11.0800,67,2
2026-02-05,000001,14:06:09,11.0800,2,2
2026-02-05,000001,14:06:12,11.0800,98,2
2026-02-05,000001,14:06:15,11.0900,134,1
2026-02-05,000001,14:06:18,11.0800,39,2
2026-02-05,000001,14:06:27,11.0900,3,1
2026-02-05,000001,14:06:30,11.0900,152,1
2026-02-05,000001,14:06:33,11.0800,27,2
2026-02-05,000001,14:06:39,11.0900,25,1
2026-02-05,000001,14:06:42,11.0800,2,2
2026-02-05,000001,14:06:45,11.0800,36,2
2026-02-05,000001,14:06:48,11.0900,3,1
2026-02-05,000001,14:06:51,11.0900,251,1
2026-02-05,000001,14:06:54,11.0800,28,2
2026-02-05,000001,14:06:57,11.0900,13,1
2026-02-05,000001,14:07:00,11.0800,41,2
2026-02-05,000001,14:07:03,11.0900,34,1
2026-02-05,000001,14:07:06,11.0800,20,2
2026-02-05,000001,14:07:09,11.0800,120,2
2026-02-05,000001,14:07:12,11.0900,175,1
2026-02-05,000001,14:07:15,11.0900,1,1
2026-02-05,000001,14:07:18,11.0900,75,1
2026-02-05,000001,14:07:21,11.0900,3,1
2026-02-05,000001,14:07:27,11.0800,2,2
2026-02-05,000001,14:07:30,11.0900,176,1
2026-02-05,000001,14:07:33,11.0800,5,2
2026-02-05,000001,14:07:36,11.0800,64,2
2026-02-05,000001,14:07:39,11.0800,10,2
2026-02-05,000001,14:07:45,11.0800,60,2
2026-02-05,000001,14:07:48,11.0800,7,2
2026-02-05,000001,14:07:51,11.0900,188,1
2026-02-05,000001,14:07:54,11.0800,10,2
2026-02-05,000001,14:07:57,11.0800,21,2
2026-02-05,000001,14:08:00,11.0800,97,2
2026-02-05,000001,14:08:03,11.0900,523,1
2026-02-05,000001,14:08:06,11.0800,75,2
2026-02-05,000001,14:08:09,11.0800,273,2
2026-02-05,000001,14:08:12,11.0800,214,2
2026-02-05,000001,14:08:15,11.0800,139,2
2026-02-05,000001,14:08:18,11.0800,141,2
2026-02-05,000001,14:08:24,11.0800,25,2
2026-02-05,000001,14:08:27,11.0800,25,2
2026-02-05,000001,14:08:30,11.0900,393,1
2026-02-05,000001,14:08:33,11.0900,916,1
2026-02-05,000001,14:08:36,11.0900,11,1
2026-02-05,000001,14:08:39,11.0800,53,2
2026-02-05,000001,14:08:42,11.0800,33,2
2026-02-05,000001,14:08:45,11.0800,52,2
2026-02-05,000001,14:08:48,11.0900,17,1
2026-02-05,000001,14:08:51,11.0800,471,2
2026-02-05,000001,14:08:54,11.0900,52,1
2026-02-05,000001,14:08:57,11.0900,2,1
2026-02-05,000001,14:09:00,11.0900,21,1
2026-02-05,000001,14:09:03,11.0900,121,1
2026-02-05,000001,14:09:06,11.0800,27,2
2026-02-05,000001,14:09:12,11.0900,317,1
2026-02-05,000001,14:09:15,11.0800,277,2
2026-02-05,000001,14:09:18,11.0900,88,1
2026-02-05,000001,14:09:21,11.0900,2,1
2026-02-05,000001,14:09:24,11.0800,20,2
2026-02-05,000001,14:09:27,11.0800,13,2
2026-02-05,000001,14:09:30,11.0800,300,2
2026-02-05,000001,14:09:33,11.0800,7,2
2026-02-05,000001,14:09:36,11.0900,2,1
2026-02-05,000001,14:09:39,11.0800,9,2
2026-02-05,000001,14:09:42,11.0800,33,2
2026-02-05,000001,14:09:45,11.0800,380,2
2026-02-05,000001,14:09:48,11.0800,340,2
2026-02-05,000001,14:09:51,11.0800,304,2
2026-02-05,000001,14:09:54,11.0800,180,2
2026-02-05,000001,14:09:57,11.0800,25,2
2026-02-05,000001,14:10:00,11.0800,52,2
2026-02-05,000001,14:10:03,11.0800,52,2
2026-02-05,000001,14:10:06,11.0800,1,2
2026-02-05,000001,14:10:09,11.0900,173,1
2026-02-05,000001,14:10:12,11.0900,75,1
2026-02-05,000001,14:10:15,11.0900,14,1
2026-02-05,000001,14:10:18,11.0900,1,1
2026-02-05,000001,14:10:21,11.0800,21,2
2026-02-05,000001,14:10:24,11.0800,55,2
2026-02-05,000001,14:10:30,11.0800,36,2
2026-02-05,000001,14:10:33,11.0900,57,1
2026-02-05,000001,14:10:45,11.0800,37,2
2026-02-05,000001,14:10:48,11.0800,20,2
2026-02-05,000001,14:10:51,11.0900,23,1
2026-02-05,000001,14:10:54,11.0800,45,2
2026-02-05,000001,14:11:00,11.0800,27,2
2026-02-05,000001,14:11:03,11.0800,158,2
2026-02-05,000001,14:11:06,11.0800,28,2
2026-02-05,000001,14:11:09,11.0800,77,2
2026-02-05,000001,14:11:12,11.0800,40,2
2026-02-05,000001,14:11:15,11.0900,5,1
2026-02-05,000001,14:11:18,11.0800,996,2
2026-02-05,000001,14:11:21,11.0800,54,2
2026-02-05,000001,14:11:27,11.0800,1,2
2026-02-05,000001,14:11:30,11.0800,41,2
2026-02-05,000001,14:11:33,11.0800,8,2
2026-02-05,000001,14:11:36,11.0900,42,1
2026-02-05,000001,14:11:42,11.0800,5,2
2026-02-05,000001,14:11:48,11.0800,2,2
2026-02-05,000001,14:11:51,11.0800,282,2
2026-02-05,000001,14:11:54,11.0800,5,2
2026-02-05,000001,14:11:57,11.0800,10,2
2026-02-05,000001,14:12:00,11.0900,555,1
2026-02-05,000001,14:12:03,11.0900,56,1
2026-02-05,000001,14:12:06,11.0900,56,1
2026-02-05,000001,14:12:09,11.0900,31,1
2026-02-05,000001,14:12:12,11.0900,3118,1
2026-02-05,000001,14:12:15,11.0900,3360,1
2026-02-05,000001,14:12:18,11.0900,370,1
2026-02-05,000001,14:12:21,11.0900,10,1
2026-02-05,000001,14:12:24,11.0800,59,2
2026-02-05,000001,14:12:27,11.0900,19,1
2026-02-05,000001,14:12:30,11.0900,219,1
2026-02-05,000001,14:12:33,11.0900,542,1
2026-02-05,000001,14:12:36,11.0900,4,1
2026-02-05,000001,14:12:39,11.0900,65,1
2026-02-05,000001,14:12:45,11.0900,88,1
2026-02-05,000001,14:12:51,11.0800,265,2
2026-02-05,000001,14:12:54,11.0900,21,1
2026-02-05,000001,14:13:00,11.0900,122,1
2026-02-05,000001,14:13:03,11.0800,1026,2
2026-02-05,000001,14:13:06,11.0800,63,2
2026-02-05,000001,14:13:09,11.0800,28,2
2026-02-05,000001,14:13:12,11.0800,221,2
2026-02-05,000001,14:13:15,11.0900,8,1
2026-02-05,000001,14:13:18,11.0900,101,1
2026-02-05,000001,14:13:21,11.0800,1228,2
2026-02-05,000001,14:13:24,11.0900,22,1
2026-02-05,000001,14:13:27,11.0900,1011,1
2026-02-05,000001,14:13:30,11.0900,3,1
2026-02-05,000001,14:13:33,11.0800,57,2
2026-02-05,000001,14:13:39,11.0900,7,1
2026-02-05,000001,14:13:42,11.0900,1,1
2026-02-05,000001,14:13:48,11.0900,2,1
2026-02-05,000001,14:13:51,11.0900,5,1
2026-02-05,000001,14:13:54,11.0800,103,2
2026-02-05,000001,14:13:57,11.0900,12,1
2026-02-05,000001,14:14:00,11.0900,43,1
2026-02-05,000001,14:14:03,11.0900,65,1
2026-02-05,000001,14:14:06,11.0900,6,1
2026-02-05,000001,14:14:09,11.0900,239,1
2026-02-05,000001,14:14:12,11.0800,14,2
2026-02-05,000001,14:14:15,11.0900,5,1
2026-02-05,000001,14:14:18,11.0900,23,1
2026-02-05,000001,14:14:21,11.0900,46,1
2026-02-05,000001,14:14:24,11.0900,38,1
2026-02-05,000001,14:14:30,11.0900,17,1
2026-02-05,000001,14:14:36,11.0900,61,1
2026-02-05,000001,14:14:42,11.0900,6,1
2026-02-05,000001,14:14:45,11.0900,24,1
2026-02-05,000001,14:14:48,11.0800,2,2
2026-02-05,000001,14:14:51,11.0900,15,1
2026-02-05,000001,14:14:54,11.0900,34,1
2026-02-05,000001,14:14:57,11.0800,30,2
2026-02-05,000001,14:15:00,11.0900,21,1
2026-02-05,000001,14:15:03,11.0800,82,2
2026-02-05,000001,14:15:06,11.0800,374,2
2026-02-05,000001,14:15:09,11.0900,63,1
2026-02-05,000001,14:15:12,11.0900,14,1
2026-02-05,000001,14:15:15,11.0800,40,2
2026-02-05,000001,14:15:21,11.0900,3,1
2026-02-05,000001,14:15:24,11.0800,5,2
2026-02-05,000001,14:15:27,11.0900,1,1
2026-02-05,000001,14:15:30,11.0800,8,2
2026-02-05,000001,14:15:33,11.0900,18,1
2026-02-05,000001,14:15:39,11.0800,29,2
2026-02-05,000001,14:15:42,11.0900,1,1
2026-02-05,000001,14:15:45,11.0900,29,1
2026-02-05,000001,14:15:48,11.0800,3,2
2026-02-05,000001,14:15:51,11.0800,209,2
2026-02-05,000001,14:15:54,11.0900,13,1
2026-02-05,000001,14:15:57,11.0800,5,2
2026-02-05,000001,14:16:00,11.0800,22,2
2026-02-05,000001,14:16:03,11.0900,1106,1
2026-02-05,000001,14:16:06,11.0800,52,2
2026-02-05,000001,14:16:09,11.0900,23,1
2026-02-05,000001,14:16:12,11.0900,214,1
2026-02-05,000001,14:16:21,11.0900,39,1
2026-02-05,000001,14:16:24,11.0800,26,2
2026-02-05,000001,14:16:30,11.0900,180,1
2026-02-05,000001,14:16:33,11.0900,6,1
2026-02-05,000001,14:16:36,11.0800,81,2
2026-02-05,000001,14:16:39,11.0900,10,1
2026-02-05,000001,14:16:42,11.0800,8,2
2026-02-05,000001,14:16:45,11.0900,23,1
2026-02-05,000001,14:16:48,11.0900,29,1
2026-02-05,000001,14:16:51,11.0900,7,1
2026-02-05,000001,14:16:54,11.0900,1,1
2026-02-05,000001,14:16:57,11.0900,2,1
2026-02-05,000001,14:17:00,11.0900,2353,1
2026-02-05,000001,14:17:03,11.0800,208,2
2026-02-05,000001,14:17:06,11.0900,1,1
2026-02-05,000001,14:17:09,11.0900,20,1
2026-02-05,000001,14:17:12,11.0800,59,2
2026-02-05,000001,14:17:15,11.0800,69,2
2026-02-05,000001,14:17:18,11.0800,99,2
2026-02-05,000001,14:17:21,11.0900,3,1
2026-02-05,000001,14:17:24,11.0900,31,1
2026-02-05,000001,14:17:27,11.0900,6,1
2026-02-05,000001,14:17:30,11.0900,175,1
2026-02-05,000001,14:17:33,11.0900,204,1
2026-02-05,000001,14:17:36,11.0900,30,1
2026-02-05,000001,14:17:42,11.0800,4,2
2026-02-05,000001,14:17:45,11.0800,57,2
2026-02-05,000001,14:17:48,11.0800,10,2
2026-02-05,000001,14:17:51,11.0900,255,1
2026-02-05,000001,14:17:54,11.0900,27,1
2026-02-05,000001,14:17:57,11.0800,11,2
2026-02-05,000001,14:18:00,11.0900,119,1
2026-02-05,000001,14:18:03,11.0900,1190,1
2026-02-05,000001,14:18:06,11.0800,45,2
2026-02-05,000001,14:18:09,11.0900,28,1
2026-02-05,000001,14:18:12,11.0900,267,1
2026-02-05,000001,14:18:15,11.0900,36,1
2026-02-05,000001,14:18:18,11.0900,5,1
2026-02-05,000001,14:18:21,11.0900,3,1
2026-02-05,000001,14:18:24,11.0900,356,1
2026-02-05,000001,14:18:27,11.0900,185,1
2026-02-05,000001,14:18:30,11.0900,87,1
2026-02-05,000001,14:18:33,11.0900,47,1
2026-02-05,000001,14:18:36,11.0900,30,1
2026-02-05,000001,14:18:39,11.0900,70,1
2026-02-05,000001,14:18:45,11.0800,45,2
2026-02-05,000001,14:18:51,11.0900,233,1
2026-02-05,000001,14:18:57,11.0800,6,2
2026-02-05,000001,14:19:00,11.0800,41,2
2026-02-05,000001,14:19:03,11.0800,1367,2
2026-02-05,000001,14:19:06,11.0900,41,1
2026-02-05,000001,14:19:09,11.0800,26,2
2026-02-05,000001,14:19:12,11.0800,259,2
2026-02-05,000001,14:19:15,11.0800,2,2
2026-02-05,000001,14:19:18,11.0800,66,2
2026-02-05,000001,14:19:21,11.0900,12,1
2026-02-05,000001,14:19:27,11.0800,20,2
2026-02-05,000001,14:19:30,11.0900,215,1
2026-02-05,000001,14:19:33,11.0800,36,2
2026-02-05,000001,14:19:36,11.0900,1058,1
2026-02-05,000001,14:19:39,11.0900,150,1
2026-02-05,000001,14:19:42,11.0900,126,1
2026-02-05,000001,14:19:45,11.0900,6,1
2026-02-05,000001,14:19:48,11.0800,40,2
2026-02-05,000001,14:19:51,11.0900,256,1
2026-02-05,000001,14:19:54,11.0900,14,1
2026-02-05,000001,14:19:57,11.0900,16,1
2026-02-05,000001,14:20:00,11.0900,20,1
2026-02-05,000001,14:20:03,11.0900,1049,1
2026-02-05,000001,14:20:06,11.0900,135,2
2026-02-05,000001,14:20:09,11.0900,65,2
2026-02-05,000001,14:20:12,11.0900,18,2
2026-02-05,000001,14:20:15,11.0900,47,2
2026-02-05,000001,14:20:18,11.0900,40,2
2026-02-05,000001,14:20:21,11.1000,14,1
2026-02-05,000001,14:20:24,11.0900,25,2
2026-02-05,000001,14:20:27,11.0900,528,2
2026-02-05,000001,14:20:30,11.0900,1,2
2026-02-05,000001,14:20:33,11.0900,33,2
2026-02-05,000001,14:20:36,11.1000,35,1
2026-02-05,000001,14:20:39,11.0900,20,2
2026-02-05,000001,14:20:42,11.0900,1130,2
2026-02-05,000001,14:20:45,11.0900,50,2
2026-02-05,000001,14:20:48,11.1000,2,1
2026-02-05,000001,14:20:51,11.1000,41,1
2026-02-05,000001,14:20:57,11.0900,60,2
2026-02-05,000001,14:21:00,11.1000,29,1
2026-02-05,000001,14:21:03,11.1000,852,1
2026-02-05,000001,14:21:06,11.0900,19,2
2026-02-05,000001,14:21:09,11.1000,184,1
2026-02-05,000001,14:21:12,11.0900,50,2
2026-02-05,000001,14:21:15,11.1000,20,1
2026-02-05,000001,14:21:18,11.1000,26,1
2026-02-05,000001,14:21:21,11.1000,14,1
2026-02-05,000001,14:21:24,11.1000,24,1
2026-02-05,000001,14:21:27,11.1000,13,1
2026-02-05,000001,14:21:30,11.0900,101,2
2026-02-05,000001,14:21:33,11.1000,141,1
2026-02-05,000001,14:21:36,11.1000,92,1
2026-02-05,000001,14:21:39,11.1000,10,1
2026-02-05,000001,14:21:42,11.1000,42,1
2026-02-05,000001,14:21:45,11.1000,2,1
2026-02-05,000001,14:21:48,11.0900,30,2
2026-02-05,000001,14:21:51,11.1000,218,1
2026-02-05,000001,14:21:54,11.1000,36,1
2026-02-05,000001,14:21:57,11.1000,34,1
2026-02-05,000001,14:22:00,11.1000,16,1
2026-02-05,000001,14:22:03,11.1000,30,1
2026-02-05,000001,14:22:12,11.0900,50,2
2026-02-05,000001,14:22:15,11.0900,198,2
2026-02-05,000001,14:22:21,11.1000,24,1
2026-02-05,000001,14:22:24,11.1000,72,1
2026-02-05,000001,14:22:27,11.0900,31,2
2026-02-05,000001,14:22:30,11.0900,4,2
2026-02-05,000001,14:22:33,11.0900,21,2
2026-02-05,000001,14:22:36,11.0900,192,2
2026-02-05,000001,14:22:39,11.1000,13,1
2026-02-05,000001,14:22:42,11.1000,22,1
2026-02-05,000001,14:22:45,11.0900,25,2
2026-02-05,000001,14:22:48,11.1000,80,1
2026-02-05,000001,14:22:51,11.1000,195,1
2026-02-05,000001,14:22:54,11.1000,21,1
2026-02-05,000001,14:22:57,11.0900,69,2
2026-02-05,000001,14:23:00,11.0900,23,2
2026-02-05,000001,14:23:03,11.1000,1792,1
2026-02-05,000001,14:23:06,11.1000,148,1
2026-02-05,000001,14:23:09,11.1000,7,1
2026-02-05,000001,14:23:12,11.1000,54,1
2026-02-05,000001,14:23:15,11.1000,29,1
2026-02-05,000001,14:23:18,11.1000,157,1
2026-02-05,000001,14:23:21,11.0900,91,2
2026-02-05,000001,14:23:24,11.1000,53,1
2026-02-05,000001,14:23:27,11.1000,1,1
2026-02-05,000001,14:23:30,11.0900,10,2
2026-02-05,000001,14:23:33,11.1000,59,1
2026-02-05,000001,14:23:36,11.0900,2,2
2026-02-05,000001,14:23:42,11.0900,83,2
2026-02-05,000001,14:23:45,11.0900,1,2
2026-02-05,000001,14:23:48,11.1000,15,1
2026-02-05,000001,14:23:51,11.1000,27,1
2026-02-05,000001,14:23:54,11.0900,27,2
2026-02-05,000001,14:23:57,11.1000,54,1
2026-02-05,000001,14:24:00,11.0900,21,2
2026-02-05,000001,14:24:03,11.1000,17,1
2026-02-05,000001,14:24:06,11.1000,35,1
2026-02-05,000001,14:24:09,11.1000,76,1
2026-02-05,000001,14:24:12,11.1000,22,1
2026-02-05,000001,14:24:15,11.1000,315,1
2026-02-05,000001,14:24:18,11.0900,71,2
2026-02-05,000001,14:24:21,11.0900,12,2
2026-02-05,000001,14:24:24,11.1000,28,1
2026-02-05,000001,14:24:27,11.1000,11,1
2026-02-05,000001,14:24:30,11.0900,5,2
2026-02-05,000001,14:24:33,11.1000,13,1
2026-02-05,000001,14:24:36,11.1000,598,1
2026-02-05,000001,14:24:39,11.1000,28,1
2026-02-05,000001,14:24:42,11.1000,1,1
2026-02-05,000001,14:24:45,11.0900,36,2
2026-02-05,000001,14:24:48,11.1000,147,1
2026-02-05,000001,14:24:51,11.1000,92,1
2026-02-05,000001,14:24:54,11.1000,1,1
2026-02-05,000001,14:24:57,11.1000,132,1
2026-02-05,000001,14:25:00,11.1000,29,1
2026-02-05,000001,14:25:03,11.1000,132,1
2026-02-05,000001,14:25:09,11.1000,45,1
2026-02-05,000001,14:25:12,11.1000,12,1
2026-02-05,000001,14:25:15,11.0900,20,2
2026-02-05,000001,14:25:18,11.1000,508,1
2026-02-05,000001,14:25:21,11.1000,39,1
2026-02-05,000001,14:25:24,11.0900,2,2
2026-02-05,000001,14:25:27,11.1000,91,1
2026-02-05,000001,14:25:30,11.1000,328,1
2026-02-05,000001,14:25:33,11.0900,201,2
2026-02-05,000001,14:25:36,11.1000,91,1
2026-02-05,000001,14:25:39,11.1000,7,1
2026-02-05,000001,14:25:42,11.0900,31,2
2026-02-05,000001,14:25:45,11.1000,110,1
2026-02-05,000001,14:25:48,11.1000,94,1
2026-02-05,000001,14:25:51,11.0900,19,2
2026-02-05,000001,14:25:57,11.1000,107,1
2026-02-05,000001,14:26:00,11.1000,67,1
2026-02-05,000001,14:26:03,11.1000,3184,1
2026-02-05,000001,14:26:06,11.1000,92,1
2026-02-05,000001,14:26:09,11.1000,336,1
2026-02-05,000001,14:26:15,11.0900,8,2
2026-02-05,000001,14:26:18,11.1000,101,1
2026-02-05,000001,14:26:21,11.1000,32,1
2026-02-05,000001,14:26:24,11.1000,2,1
2026-02-05,000001,14:26:27,11.1000,113,1
2026-02-05,000001,14:26:30,11.1000,259,1
2026-02-05,000001,14:26:33,11.0900,1,2
2026-02-05,000001,14:26:36,11.0900,2,2
2026-02-05,000001,14:26:39,11.1000,71,1
2026-02-05,000001,14:26:42,11.0900,15,2
2026-02-05,000001,14:26:45,11.1000,30,1
2026-02-05,000001,14:26:48,11.1000,39,1
2026-02-05,000001,14:26:51,11.1000,321,1
2026-02-05,000001,14:26:54,11.0900,278,2
2026-02-05,000001,14:26:57,11.1000,10,1
2026-02-05,000001,14:27:00,11.1000,27,1
2026-02-05,000001,14:27:03,11.1000,145,1
2026-02-05,000001,14:27:06,11.1000,68,1
2026-02-05,000001,14:27:09,11.1000,60,1
2026-02-05,000001,14:27:12,11.1000,22,1
2026-02-05,000001,14:27:15,11.0900,68,2
2026-02-05,000001,14:27:18,11.1000,166,1
2026-02-05,000001,14:27:21,11.0900,50,2
2026-02-05,000001,14:27:24,11.0900,87,2
2026-02-05,000001,14:27:27,11.1000,7,1
2026-02-05,000001,14:27:30,11.1000,45,1
2026-02-05,000001,14:27:33,11.1000,9,1
2026-02-05,000001,14:27:36,11.1000,59,1
2026-02-05,000001,14:27:39,11.1000,69,1
2026-02-05,000001,14:27:42,11.0900,1,2
2026-02-05,000001,14:27:45,11.0900,33,2
2026-02-05,000001,14:27:48,11.0900,48,2
2026-02-05,000001,14:27:51,11.0900,185,2
2026-02-05,000001,14:27:54,11.0900,45,2
2026-02-05,000001,14:27:57,11.1000,1,1
2026-02-05,000001,14:28:00,11.1000,24,1
2026-02-05,000001,14:28:03,11.1000,101,1
2026-02-05,000001,14:28:09,11.1000,217,1
2026-02-05,000001,14:28:12,11.0900,11,2
2026-02-05,000001,14:28:15,11.0900,57,2
2026-02-05,000001,14:28:18,11.1000,78,1
2026-02-05,000001,14:28:21,11.0900,207,2
2026-02-05,000001,14:28:24,11.0900,10,2
2026-02-05,000001,14:28:27,11.1000,25,1
2026-02-05,000001,14:28:30,11.0900,97,2
2026-02-05,000001,14:28:33,11.0900,86,2
2026-02-05,000001,14:28:36,11.1000,66,1
2026-02-05,000001,14:28:39,11.0900,14,2
2026-02-05,000001,14:28:42,11.0900,104,2
2026-02-05,000001,14:28:45,11.0900,16,2
2026-02-05,000001,14:28:48,11.0900,120,2
2026-02-05,000001,14:28:51,11.1000,400,1
2026-02-05,000001,14:28:54,11.0900,83,2
2026-02-05,000001,14:28:57,11.0900,40,2
2026-02-05,000001,14:29:00,11.0900,100,2
2026-02-05,000001,14:29:03,11.0900,56,2
2026-02-05,000001,14:29:06,11.0900,9,2
2026-02-05,000001,14:29:09,11.0900,61,2
2026-02-05,000001,14:29:12,11.1000,56,1
2026-02-05,000001,14:29:15,11.1000,106,1
2026-02-05,000001,14:29:18,11.0900,15,2
2026-02-05,000001,14:29:21,11.1000,27,1
2026-02-05,000001,14:29:24,11.1000,48,1
2026-02-05,000001,14:29:27,11.0900,79,2
2026-02-05,000001,14:29:30,11.1000,1,1
2026-02-05,000001,14:29:33,11.0900,80,2
2026-02-05,000001,14:29:36,11.0900,107,2
2026-02-05,000001,14:29:39,11.0900,23,2
2026-02-05,000001,14:29:42,11.1000,37,1
2026-02-05,000001,14:29:45,11.0900,106,2
2026-02-05,000001,14:29:48,11.0900,72,2
2026-02-05,000001,14:29:51,11.0900,120,2
2026-02-05,000001,14:29:54,11.1000,37,1
2026-02-05,000001,14:29:57,11.0900,241,2
2026-02-05,000001,14:30:00,11.0900,2,2
2026-02-05,000001,14:30:03,11.0900,188,2
2026-02-05,000001,14:30:06,11.1000,47,1
2026-02-05,000001,14:30:09,11.0900,28,2
2026-02-05,000001,14:30:12,11.1000,16,1
2026-02-05,000001,14:30:15,11.1000,47,1
2026-02-05,000001,14:30:18,11.1000,11,1
2026-02-05,000001,14:30:21,11.1000,86,1
2026-02-05,000001,14:30:24,11.0900,10483,2
2026-02-05,000001,14:30:27,11.0900,39,1
2026-02-05,000001,14:30:30,11.0900,47,1
2026-02-05,000001,14:30:36,11.0900,115,1
2026-02-05,000001,14:30:39,11.0900,120,1
2026-02-05,000001,14:30:42,11.0900,164,1
2026-02-05,000001,14:30:45,11.0900,18,1
2026-02-05,000001,14:30:48,11.0900,331,1
2026-02-05,000001,14:30:51,11.0800,49,2
2026-02-05,000001,14:30:54,11.0900,23,1
2026-02-05,000001,14:30:57,11.0800,3071,2
2026-02-05,000001,14:31:00,11.0800,9,2
2026-02-05,000001,14:31:03,11.0900,74,1
2026-02-05,000001,14:31:09,11.0800,35,2
2026-02-05,000001,14:31:12,11.0900,9,1
2026-02-05,000001,14:31:15,11.0900,23,1
2026-02-05,000001,14:31:18,11.0900,1022,1
2026-02-05,000001,14:31:21,11.0900,39,1
2026-02-05,000001,14:31:24,11.0800,74,2
2026-02-05,000001,14:31:27,11.0900,5,1
2026-02-05,000001,14:31:30,11.0900,6,1
2026-02-05,000001,14:31:33,11.0900,93,1
2026-02-05,000001,14:31:36,11.0900,68,1
2026-02-05,000001,14:31:39,11.0900,73,1
2026-02-05,000001,14:31:42,11.0900,107,1
2026-02-05,000001,14:31:45,11.0800,125,2
2026-02-05,000001,14:31:48,11.0900,100,1
2026-02-05,000001,14:31:51,11.0900,3,1
2026-02-05,000001,14:31:54,11.0900,32,1
2026-02-05,000001,14:31:57,11.0900,54,1
2026-02-05,000001,14:32:00,11.0900,856,1
2026-02-05,000001,14:32:03,11.0900,62,1
2026-02-05,000001,14:32:06,11.0800,62,2
2026-02-05,000001,14:32:09,11.0900,65,1
2026-02-05,000001,14:32:12,11.0900,50,1
2026-02-05,000001,14:32:15,11.0900,1,1
2026-02-05,000001,14:32:18,11.0900,434,1
2026-02-05,000001,14:32:21,11.1000,21,1
2026-02-05,000001,14:32:24,11.1000,1856,1
2026-02-05,000001,14:32:27,11.0900,67,2
2026-02-05,000001,14:32:30,11.1000,213,1
2026-02-05,000001,14:32:33,11.0900,487,2
2026-02-05,000001,14:32:36,11.1000,152,1
2026-02-05,000001,14:32:39,11.0900,75,2
2026-02-05,000001,14:32:42,11.0900,148,2
2026-02-05,000001,14:32:45,11.0900,25,1
2026-02-05,000001,14:32:48,11.0900,77,1
2026-02-05,000001,14:32:51,11.0900,89,1
2026-02-05,000001,14:32:54,11.0900,65,1
2026-02-05,000001,14:32:57,11.0900,24,1
2026-02-05,000001,14:33:00,11.0900,252,1
2026-02-05,000001,14:33:03,11.0900,74,1
2026-02-05,000001,14:33:06,11.0800,58,2
2026-02-05,000001,14:33:09,11.0900,575,1
2026-02-05,000001,14:33:12,11.0900,65,1
2026-02-05,000001,14:33:15,11.0900,56,1
2026-02-05,000001,14:33:18,11.0900,73,1
2026-02-05,000001,14:33:21,11.0900,56,1
2026-02-05,000001,14:33:24,11.0900,55,1
2026-02-05,000001,14:33:27,11.0900,14,1
2026-02-05,000001,14:33:30,11.0900,608,1
2026-02-05,000001,14:33:33,11.0800,18,2
2026-02-05,000001,14:33:36,11.0800,142,2
2026-02-05,000001,14:33:39,11.0900,98,1
2026-02-05,000001,14:33:42,11.0800,157,2
2026-02-05,000001,14:33:45,11.0800,381,2
2026-02-05,000001,14:33:48,11.0900,243,1
2026-02-05,000001,14:33:51,11.0900,122,1
2026-02-05,000001,14:33:54,11.0900,26,1
2026-02-05,000001,14:33:57,11.0900,75,1
2026-02-05,000001,14:34:00,11.0900,222,1
2026-02-05,000001,14:34:03,11.0900,49,1
2026-02-05,000001,14:34:06,11.0900,3393,1
2026-02-05,000001,14:34:09,11.0900,260,2
2026-02-05,000001,14:34:12,11.1000,173,1
2026-02-05,000001,14:34:15,11.1000,6,1
2026-02-05,000001,14:34:18,11.0900,1,2
2026-02-05,000001,14:34:21,11.1000,3,1
2026-02-05,000001,14:34:24,11.0900,709,2
2026-02-05,000001,14:34:27,11.1000,39,1
2026-02-05,000001,14:34:30,11.0900,112,2
2026-02-05,000001,14:34:33,11.0900,130,2
2026-02-05,000001,14:34:36,11.1000,13,1
2026-02-05,000001,14:34:39,11.0900,80,2
2026-02-05,000001,14:34:42,11.0900,3,2
2026-02-05,000001,14:34:45,11.1000,16,1
2026-02-05,000001,14:34:48,11.0900,213,2
2026-02-05,000001,14:34:51,11.1000,147,1
2026-02-05,000001,14:34:54,11.0900,5,2
2026-02-05,000001,14:34:57,11.0900,86,2
2026-02-05,000001,14:35:00,11.1000,60,1
2026-02-05,000001,14:35:03,11.1000,7,1
2026-02-05,000001,14:35:06,11.0900,116,2
2026-02-05,000001,14:35:12,11.0900,8,2
2026-02-05,000001,14:35:15,11.0900,12,2
2026-02-05,000001,14:35:18,11.1000,50,1
2026-02-05,000001,14:35:21,11.1000,89,1
2026-02-05,000001,14:35:24,11.1000,12,1
2026-02-05,000001,14:35:27,11.1000,34,1
2026-02-05,000001,14:35:30,11.1000,2,1
2026-02-05,000001,14:35:33,11.0900,7,2
2026-02-05,000001,14:35:36,11.1000,135,1
2026-02-05,000001,14:35:39,11.1000,34,1
2026-02-05,000001,14:35:42,11.1000,58,1
2026-02-05,000001,14:35:45,11.1000,84,1
2026-02-05,000001,14:35:48,11.0900,116,2
2026-02-05,000001,14:35:51,11.1000,3,1
2026-02-05,000001,14:35:54,11.0900,17,2
2026-02-05,000001,14:35:57,11.0900,81,2
2026-02-05,000001,14:36:00,11.1000,59,1
2026-02-05,000001,14:36:03,11.0900,60,2
2026-02-05,000001,14:36:06,11.1000,70,1
2026-02-05,000001,14:36:09,11.1000,44,1
2026-02-05,000001,14:36:12,11.1000,184,1
2026-02-05,000001,14:36:15,11.1000,301,1
2026-02-05,000001,14:36:18,11.0900,77,2
2026-02-05,000001,14:36:21,11.1000,69,1
2026-02-05,000001,14:36:24,11.0900,9,2
2026-02-05,000001,14:36:27,11.0900,25,2
2026-02-05,000001,14:36:30,11.1000,43,1
2026-02-05,000001,14:36:33,11.1000,34,1
2026-02-05,000001,14:36:36,11.1000,52,1
2026-02-05,000001,14:36:39,11.0900,32,2
2026-02-05,000001,14:36:42,11.0900,148,2
2026-02-05,000001,14:36:45,11.1000,35,1
2026-02-05,000001,14:36:48,11.1000,16,1
2026-02-05,000001,14:36:51,11.0900,18,2
2026-02-05,000001,14:36:54,11.1000,81,1
2026-02-05,000001,14:36:57,11.1000,55,1
2026-02-05,000001,14:37:00,11.0900,169,2
2026-02-05,000001,14:37:03,11.1000,54,1
2026-02-05,000001,14:37:06,11.1000,15,1
2026-02-05,000001,14:37:09,11.0900,16,2
2026-02-05,000001,14:37:12,11.0900,48,2
2026-02-05,000001,14:37:15,11.0900,20,2
2026-02-05,000001,14:37:18,11.0900,611,2
2026-02-05,000001,14:37:21,11.0900,37,2
2026-02-05,000001,14:37:24,11.0900,84,2
2026-02-05,000001,14:37:27,11.1000,23,1
2026-02-05,000001,14:37:30,11.1000,27,1
2026-02-05,000001,14:37:33,11.0900,25,2
2026-02-05,000001,14:37:39,11.0900,23,2
2026-02-05,000001,14:37:42,11.1000,66,1
2026-02-05,000001,14:37:45,11.0900,23,2
2026-02-05,000001,14:37:51,11.0900,44,2
2026-02-05,000001,14:37:54,11.1000,21,1
2026-02-05,000001,14:37:57,11.0900,77,2
2026-02-05,000001,14:38:00,11.0900,54,2
2026-02-05,000001,14:38:03,11.0900,100,2
2026-02-05,000001,14:38:06,11.0900,93,2
2026-02-05,000001,14:38:09,11.1000,20,1
2026-02-05,000001,14:38:12,11.1000,1,1
2026-02-05,000001,14:38:15,11.0900,1,2
2026-02-05,000001,14:38:18,11.1000,38,1
2026-02-05,000001,14:38:21,11.0900,63,2
2026-02-05,000001,14:38:24,11.1000,42,1
2026-02-05,000001,14:38:27,11.1000,11,1
2026-02-05,000001,14:38:30,11.0900,4,2
2026-02-05,000001,14:38:33,11.0900,39,2
2026-02-05,000001,14:38:36,11.0900,185,2
2026-02-05,000001,14:38:39,11.0900,78,2
2026-02-05,000001,14:38:42,11.1000,29,1
2026-02-05,000001,14:38:45,11.1000,36,1
2026-02-05,000001,14:38:48,11.0900,75,2
2026-02-05,000001,14:38:51,11.0900,112,2
2026-02-05,000001,14:38:54,11.0900,12,2
2026-02-05,000001,14:38:57,11.1000,365,1
2026-02-05,000001,14:39:00,11.0900,70,2
2026-02-05,000001,14:39:03,11.1000,9,1
2026-02-05,000001,14:39:06,11.1000,60,1
2026-02-05,000001,14:39:09,11.0900,37,2
2026-02-05,000001,14:39:12,11.0900,41,2
2026-02-05,000001,14:39:15,11.0900,22,2
2026-02-05,000001,14:39:18,11.1000,74,1
2026-02-05,000001,14:39:21,11.1000,25,1
2026-02-05,000001,14:39:24,11.1000,27,1
2026-02-05,000001,14:39:27,11.1000,23,1
2026-02-05,000001,14:39:30,11.0900,54,2
2026-02-05,000001,14:39:33,11.1000,303,1
2026-02-05,000001,14:39:36,11.0900,170,2
2026-02-05,000001,14:39:39,11.0900,52,2
2026-02-05,000001,14:39:42,11.1000,58,1
2026-02-05,000001,14:39:45,11.1000,73,1
2026-02-05,000001,14:39:48,11.1000,102,1
2026-02-05,000001,14:39:51,11.1000,40,1
2026-02-05,000001,14:39:54,11.1000,22,1
2026-02-05,000001,14:39:57,11.1000,16,1
2026-02-05,000001,14:40:00,11.0900,342,2
2026-02-05,000001,14:40:03,11.1000,29,1
2026-02-05,000001,14:40:06,11.1000,2,1
2026-02-05,000001,14:40:09,11.0900,86,2
2026-02-05,000001,14:40:12,11.1000,21,1
2026-02-05,000001,14:40:15,11.1000,43,1
2026-02-05,000001,14:40:18,11.1000,76,1
2026-02-05,000001,14:40:21,11.1000,52,1
2026-02-05,000001,14:40:24,11.1000,285,1
2026-02-05,000001,14:40:27,11.0900,49,2
2026-02-05,000001,14:40:30,11.1000,150,1
2026-02-05,000001,14:40:33,11.1000,172,1
2026-02-05,000001,14:40:36,11.1000,107,1
2026-02-05,000001,14:40:39,11.0900,10,2
2026-02-05,000001,14:40:42,11.1000,16,1
2026-02-05,000001,14:40:45,11.0900,46,2
2026-02-05,000001,14:40:48,11.0900,174,2
2026-02-05,000001,14:40:51,11.1000,85,1
2026-02-05,000001,14:40:54,11.1000,12,1
2026-02-05,000001,14:40:57,11.0900,53,2
2026-02-05,000001,14:41:00,11.0900,66,2
2026-02-05,000001,14:41:03,11.1000,140,1
2026-02-05,000001,14:41:06,11.1000,63,1
2026-02-05,000001,14:41:09,11.0900,17,2
2026-02-05,000001,14:41:12,11.1000,272,1
2026-02-05,000001,14:41:15,11.1000,122,1
2026-02-05,000001,14:41:18,11.1000,329,1
2026-02-05,000001,14:41:21,11.1000,87,1
2026-02-05,000001,14:41:24,11.1000,83,1
2026-02-05,000001,14:41:27,11.1000,49,1
2026-02-05,000001,14:41:30,11.1000,393,1
2026-02-05,000001,14:41:33,11.1000,38,1
2026-02-05,000001,14:41:36,11.1000,2,1
2026-02-05,000001,14:41:39,11.1000,210,1
2026-02-05,000001,14:41:42,11.0900,214,2
2026-02-05,000001,14:41:45,11.0900,182,2
2026-02-05,000001,14:41:48,11.0900,122,2
2026-02-05,000001,14:41:51,11.1000,3,1
2026-02-05,000001,14:41:54,11.0900,34,2
2026-02-05,000001,14:41:57,11.1000,41,1
2026-02-05,000001,14:42:00,11.0900,123,2
2026-02-05,000001,14:42:03,11.0900,29,2
2026-02-05,000001,14:42:06,11.0900,57,2
2026-02-05,000001,14:42:09,11.1000,18,1
2026-02-05,000001,14:42:12,11.1000,78,1
2026-02-05,000001,14:42:15,11.1000,84,1
2026-02-05,000001,14:42:18,11.0900,1,2
2026-02-05,000001,14:42:21,11.1000,27,1
2026-02-05,000001,14:42:24,11.1000,33,1
2026-02-05,000001,14:42:27,11.1000,96,1
2026-02-05,000001,14:42:30,11.0900,23,2
2026-02-05,000001,14:42:33,11.0900,388,2
2026-02-05,000001,14:42:36,11.0900,7,2
2026-02-05,000001,14:42:39,11.1000,44,1
2026-02-05,000001,14:42:42,11.1000,77,1
2026-02-05,000001,14:42:45,11.0900,21,2
2026-02-05,000001,14:42:48,11.0900,120,2
2026-02-05,000001,14:42:51,11.1000,8,1
2026-02-05,000001,14:42:54,11.1000,80,1
2026-02-05,000001,14:42:57,11.1000,21,1
2026-02-05,000001,14:43:00,11.0900,160,2
2026-02-05,000001,14:43:03,11.1000,253,1
2026-02-05,000001,14:43:06,11.0900,176,2
2026-02-05,000001,14:43:09,11.1000,243,1
2026-02-05,000001,14:43:12,11.0900,44,2
2026-02-05,000001,14:43:15,11.1000,18,1
2026-02-05,000001,14:43:18,11.1000,21,1
2026-02-05,000001,14:43:21,11.1000,122,1
2026-02-05,000001,14:43:24,11.1000,34,1
2026-02-05,000001,14:43:27,11.1000,47,1
2026-02-05,000001,14:43:30,11.1000,43,1
2026-02-05,000001,14:43:33,11.1000,122,1
2026-02-05,000001,14:43:36,11.1000,121,1
2026-02-05,000001,14:43:39,11.0900,80,2
2026-02-05,000001,14:43:42,11.1000,188,1
2026-02-05,000001,14:43:45,11.0900,100,2
2026-02-05,000001,14:43:48,11.0900,67,2
2026-02-05,000001,14:43:51,11.1000,43,1
2026-02-05,000001,14:43:54,11.1000,80,1
2026-02-05,000001,14:43:57,11.0900,99,2
2026-02-05,000001,14:44:00,11.0900,108,2
2026-02-05,000001,14:44:03,11.0900,214,2
2026-02-05,000001,14:44:06,11.1000,50,1
2026-02-05,000001,14:44:09,11.1000,21,1
2026-02-05,000001,14:44:12,11.0900,68,2
2026-02-05,000001,14:44:15,11.0900,130,2
2026-02-05,000001,14:44:18,11.1000,80,1
2026-02-05,000001,14:44:21,11.1000,76,1
2026-02-05,000001,14:44:24,11.1000,57,1
2026-02-05,000001,14:44:27,11.1000,199,1
2026-02-05,000001,14:44:30,11.0900,16,2
2026-02-05,000001,14:44:33,11.1000,640,1
2026-02-05,000001,14:44:36,11.1000,147,1
2026-02-05,000001,14:44:39,11.1000,106,1
2026-02-05,000001,14:44:42,11.1000,155,1
2026-02-05,000001,14:44:45,11.0900,255,2
2026-02-05,000001,14:44:48,11.1000,111,1
2026-02-05,000001,14:44:51,11.1000,29,1
2026-02-05,000001,14:44:54,11.1000,82,1
2026-02-05,000001,14:44:57,11.0900,52,2
2026-02-05,000001,14:45:00,11.0900,76,2
2026-02-05,000001,14:45:03,11.1000,62,1
2026-02-05,000001,14:45:06,11.1000,158,1
2026-02-05,000001,14:45:09,11.1000,182,1
2026-02-05,000001,14:45:12,11.1000,113,1
2026-02-05,000001,14:45:15,11.1000,199,1
2026-02-05,000001,14:45:18,11.1000,203,1
2026-02-05,000001,14:45:21,11.0900,176,2
2026-02-05,000001,14:45:24,11.0900,123,2
2026-02-05,000001,14:45:27,11.1000,80,1
2026-02-05,000001,14:45:30,11.1000,360,1
2026-02-05,000001,14:45:33,11.0900,590,2
2026-02-05,000001,14:45:36,11.1000,192,1
2026-02-05,000001,14:45:39,11.0900,63,2
2026-02-05,000001,14:45:42,11.0900,43,2
2026-02-05,000001,14:45:45,11.1000,135,1
2026-02-05,000001,14:45:48,11.1000,79,1
2026-02-05,000001,14:45:51,11.1000,1048,1
2026-02-05,000001,14:45:54,11.0900,165,2
2026-02-05,000001,14:45:57,11.0900,155,2
2026-02-05,000001,14:46:00,11.0900,218,2
2026-02-05,000001,14:46:03,11.0900,33,2
2026-02-05,000001,14:46:06,11.0900,364,2
2026-02-05,000001,14:46:09,11.1000,101,1
2026-02-05,000001,14:46:12,11.1000,528,1
2026-02-05,000001,14:46:15,11.0900,55,2
2026-02-05,000001,14:46:18,11.1000,47,1
2026-02-05,000001,14:46:21,11.1000,37,1
2026-02-05,000001,14:46:24,11.1000,105,1
2026-02-05,000001,14:46:27,11.0900,109,2
2026-02-05,000001,14:46:30,11.1000,11,1
2026-02-05,000001,14:46:33,11.1000,256,1
2026-02-05,000001,14:46:36,11.1000,27,1
2026-02-05,000001,14:46:39,11.1000,38,1
2026-02-05,000001,14:46:42,11.1000,314,1
2026-02-05,000001,14:46:45,11.1000,30,1
2026-02-05,000001,14:46:48,11.1000,83,1
2026-02-05,000001,14:46:51,11.1000,96,1
2026-02-05,000001,14:46:54,11.1000,28,1
2026-02-05,000001,14:46:57,11.0900,81,2
2026-02-05,000001,14:47:00,11.0900,59,2
2026-02-05,000001,14:47:03,11.0900,748,2
2026-02-05,000001,14:47:06,11.1000,94,1
2026-02-05,000001,14:47:09,11.0900,117,2
2026-02-05,000001,14:47:12,11.1000,53,1
2026-02-05,000001,14:47:15,11.1000,58,1
2026-02-05,000001,14:47:18,11.0900,65,2
2026-02-05,000001,14:47:21,11.1000,247,1
2026-02-05,000001,14:47:24,11.0900,68,2
2026-02-05,000001,14:47:27,11.0900,21,2
2026-02-05,000001,14:47:30,11.1000,432,1
2026-02-05,000001,14:47:33,11.1000,60,1
2026-02-05,000001,14:47:36,11.0900,11,2
2026-02-05,000001,14:47:39,11.1000,82,1
2026-02-05,000001,14:47:42,11.1000,3,1
2026-02-05,000001,14:47:45,11.1000,78,1
2026-02-05,000001,14:47:48,11.0900,34,2
2026-02-05,000001,14:47:51,11.1000,558,1
2026-02-05,000001,14:47:54,11.1000,10,1
2026-02-05,000001,14:47:57,11.0900,102,2
2026-02-05,000001,14:48:00,11.0900,112,2
2026-02-05,000001,14:48:03,11.1000,182,1
2026-02-05,000001,14:48:06,11.1000,92,1
2026-02-05,000001,14:48:09,11.1000,518,1
2026-02-05,000001,14:48:12,11.1000,29,1
2026-02-05,000001,14:48:15,11.1000,129,1
2026-02-05,000001,14:48:18,11.1000,57,1
2026-02-05,000001,14:48:21,11.1000,219,1
2026-02-05,000001,14:48:24,11.1000,70,1
2026-02-05,000001,14:48:27,11.0900,41,2
2026-02-05,000001,14:48:30,11.1000,360,1
2026-02-05,000001,14:48:33,11.0900,85,2
2026-02-05,000001,14:48:36,11.1000,151,1
2026-02-05,000001,14:48:39,11.0900,25,2
2026-02-05,000001,14:48:42,11.1000,341,1
2026-02-05,000001,14:48:45,11.1000,381,1
2026-02-05,000001,14:48:48,11.1000,133,1
2026-02-05,000001,14:48:51,11.1000,463,1
2026-02-05,000001,14:48:54,11.1000,94,1
2026-02-05,000001,14:48:57,11.0900,77,2
2026-02-05,000001,14:49:00,11.0900,137,2
2026-02-05,000001,14:49:03,11.1000,259,1
2026-02-05,000001,14:49:06,11.1000,159,1
2026-02-05,000001,14:49:09,11.1000,2782,1
2026-02-05,000001,14:49:12,11.1000,350,1
2026-02-05,000001,14:49:15,11.1000,117,1
2026-02-05,000001,14:49:18,11.0900,161,2
2026-02-05,000001,14:49:21,11.1000,74,1
2026-02-05,000001,14:49:24,11.1000,266,1
2026-02-05,000001,14:49:27,11.0900,77,2
2026-02-05,000001,14:49:30,11.1000,163,1
2026-02-05,000001,14:49:33,11.0900,62,2
2026-02-05,000001,14:49:36,11.1000,174,1
2026-02-05,000001,14:49:39,11.1000,308,1
2026-02-05,000001,14:49:42,11.0900,39,2
2026-02-05,000001,14:49:45,11.1000,15,1
2026-02-05,000001,14:49:48,11.1000,85,1
2026-02-05,000001,14:49:51,11.1000,142,1
2026-02-05,000001,14:49:54,11.0900,45,2
2026-02-05,000001,14:49:57,11.1000,209,1
2026-02-05,000001,14:50:00,11.0900,56,2
2026-02-05,000001,14:50:03,11.0900,2225,2
2026-02-05,000001,14:50:06,11.0900,14,2
2026-02-05,000001,14:50:09,11.1000,195,1
2026-02-05,000001,14:50:12,11.1000,359,1
2026-02-05,000001,14:50:15,11.1000,11,1
2026-02-05,000001,14:50:18,11.0900,53,2
2026-02-05,000001,14:50:21,11.0900,413,2
2026-02-05,000001,14:50:24,11.1000,33,1
2026-02-05,000001,14:50:27,11.1000,122,1
2026-02-05,000001,14:50:30,11.1000,150,1
2026-02-05,000001,14:50:33,11.0900,49,2
2026-02-05,000001,14:50:36,11.1000,221,1
2026-02-05,000001,14:50:39,11.0900,223,2
2026-02-05,000001,14:50:42,11.0900,87,2
2026-02-05,000001,14:50:45,11.1000,200,1
2026-02-05,000001,14:50:48,11.1000,44,1
2026-02-05,000001,14:50:51,11.0900,59,2
2026-02-05,000001,14:50:54,11.0900,37,2
2026-02-05,000001,14:50:57,11.1000,59,1
2026-02-05,000001,14:51:00,11.0900,71,2
2026-02-05,000001,14:51:03,11.0900,1987,2
2026-02-05,000001,14:51:06,11.0900,183,2
2026-02-05,000001,14:51:09,11.1000,175,1
2026-02-05,000001,14:51:12,11.1000,375,1
2026-02-05,000001,14:51:15,11.1000,126,1
2026-02-05,000001,14:51:18,11.0900,115,2
2026-02-05,000001,14:51:21,11.0900,135,2
2026-02-05,000001,14:51:24,11.0900,1608,2
2026-02-05,000001,14:51:27,11.0900,235,2
2026-02-05,000001,14:51:30,11.0900,19,2
2026-02-05,000001,14:51:33,11.1000,17,1
2026-02-05,000001,14:51:36,11.1000,105,1
2026-02-05,000001,14:51:39,11.1000,58,1
2026-02-05,000001,14:51:42,11.1000,32,1
2026-02-05,000001,14:51:45,11.1000,353,1
2026-02-05,000001,14:51:48,11.1000,25,1
2026-02-05,000001,14:51:51,11.0900,13,2
2026-02-05,000001,14:51:54,11.0900,161,2
2026-02-05,000001,14:51:57,11.1000,25,1
2026-02-05,000001,14:52:00,11.0900,603,2
2026-02-05,000001,14:52:03,11.0900,9724,2
2026-02-05,000001,14:52:06,11.0800,396,2
2026-02-05,000001,14:52:09,11.0900,26,1
2026-02-05,000001,14:52:12,11.0900,592,1
2026-02-05,000001,14:52:15,11.1000,45,1
2026-02-05,000001,14:52:18,11.1000,1,1
2026-02-05,000001,14:52:21,11.1000,41,1
2026-02-05,000001,14:52:24,11.1000,108,1
2026-02-05,000001,14:52:27,11.0900,33,2
2026-02-05,000001,14:52:30,11.1000,56,1
2026-02-05,000001,14:52:33,11.1000,25,1
2026-02-05,000001,14:52:36,11.0900,34,2
2026-02-05,000001,14:52:39,11.0900,100,2
2026-02-05,000001,14:52:42,11.0900,96,2
2026-02-05,000001,14:52:45,11.1000,32,1
2026-02-05,000001,14:52:48,11.0900,53,2
2026-02-05,000001,14:52:51,11.1000,32,1
2026-02-05,000001,14:52:54,11.1000,301,1
2026-02-05,000001,14:52:57,11.0900,284,2
2026-02-05,000001,14:53:00,11.0900,26,2
2026-02-05,000001,14:53:03,11.0900,519,2
2026-02-05,000001,14:53:06,11.0900,83,2
2026-02-05,000001,14:53:09,11.1000,101,1
2026-02-05,000001,14:53:12,11.1000,331,1
2026-02-05,000001,14:53:15,11.1000,80,1
2026-02-05,000001,14:53:18,11.1000,37,1
2026-02-05,000001,14:53:21,11.1000,198,1
2026-02-05,000001,14:53:24,11.1000,39,1
2026-02-05,000001,14:53:27,11.1000,215,1
2026-02-05,000001,14:53:30,11.0900,87,2
2026-02-05,000001,14:53:33,11.0900,111,2
2026-02-05,000001,14:53:36,11.1000,55,1
2026-02-05,000001,14:53:39,11.1000,201,1
2026-02-05,000001,14:53:42,11.0900,42,2
2026-02-05,000001,14:53:45,11.1000,132,1
2026-02-05,000001,14:53:48,11.1000,172,1
2026-02-05,000001,14:53:51,11.1000,25,1
2026-02-05,000001,14:53:54,11.1000,19,1
2026-02-05,000001,14:53:57,11.1000,64,1
2026-02-05,000001,14:54:00,11.0900,190,2
2026-02-05,000001,14:54:03,11.0900,795,2
2026-02-05,000001,14:54:06,11.1000,42,1
2026-02-05,000001,14:54:09,11.0900,93,2
2026-02-05,000001,14:54:12,11.0900,123,2
2026-02-05,000001,14:54:15,11.0900,1061,2
2026-02-05,000001,14:54:18,11.1000,2924,1
2026-02-05,000001,14:54:21,11.0900,252,2
2026-02-05,000001,14:54:24,11.0900,515,1
2026-02-05,000001,14:54:27,11.0900,354,1
2026-02-05,000001,14:54:30,11.0900,74,1
2026-02-05,000001,14:54:33,11.0900,17,1
2026-02-05,000001,14:54:36,11.0900,139,1
2026-02-05,000001,14:54:39,11.0800,321,2
2026-02-05,000001,14:54:42,11.0900,27,1
2026-02-05,000001,14:54:45,11.0900,64,1
2026-02-05,000001,14:54:48,11.0900,31,1
2026-02-05,000001,14:54:51,11.0900,25,1
2026-02-05,000001,14:54:54,11.0900,472,1
2026-02-05,000001,14:54:57,11.0800,153,2
2026-02-05,000001,14:55:00,11.0900,29,1
2026-02-05,000001,14:55:03,11.0800,685,2
2026-02-05,000001,14:55:06,11.0900,136,1
2026-02-05,000001,14:55:09,11.0800,37,2
2026-02-05,000001,14:55:12,11.0800,37,2
2026-02-05,000001,14:55:15,11.0900,150,1
2026-02-05,000001,14:55:18,11.0800,191,2
2026-02-05,000001,14:55:21,11.0900,70,1
2026-02-05,000001,14:55:24,11.0900,322,1
2026-02-05,000001,14:55:27,11.0800,153,2
2026-02-05,000001,14:55:30,11.0900,843,1
2026-02-05,000001,14:55:33,11.0800,110,2
2026-02-05,000001,14:55:36,11.0900,93,1
2026-02-05,000001,14:55:39,11.0800,190,2
2026-02-05,000001,14:55:42,11.0900,64,1
2026-02-05,000001,14:55:45,11.0900,305,1
2026-02-05,000001,14:55:48,11.0800,105,2
2026-02-05,000001,14:55:51,11.0900,48,1
2026-02-05,000001,14:55:54,11.0900,183,1
2026-02-05,000001,14:55:57,11.0900,87,1
2026-02-05,000001,14:56:00,11.0900,206,1
2026-02-05,000001,14:56:03,11.0800,197,2
2026-02-05,000001,14:56:06,11.0900,149,1
2026-02-05,000001,14:56:09,11.0900,244,1
2026-02-05,000001,14:56:12,11.0800,44,2
2026-02-05,000001,14:56:15,11.0900,90,1
2026-02-05,000001,14:56:18,11.0900,121,1
2026-02-05,000001,14:56:21,11.0900,579,1
2026-02-05,000001,14:56:24,11.0900,35,1
2026-02-05,000001,14:56:27,11.0900,113,1
2026-02-05,000001,14:56:30,11.0800,573,2
2026-02-05,000001,14:56:33,11.0900,140,1
2026-02-05,000001,14:56:36,11.0900,183,1
2026-02-05,000001,14:56:39,11.0900,83,1
2026-02-05,000001,14:56:42,11.0900,244,1
2026-02-05,000001,14:56:45,11.0900,139,1
2026-02-05,000001,14:56:48,11.0900,1243,1
2026-02-05,000001,14:56:51,11.0800,504,2
2026-02-05,000001,14:56:54,11.0900,92,1
2026-02-05,000001,14:56:57,11.0900,38,1
2026-02-05,000001,14:57:00,11.0900,300,1
2026-02-05,000001,15:00:01,11.0900,11048,4
2026-02-05,000001,13:10:18,11.0500,30,2
2026-02-05,000001,13:10:21,11.0500,116,2
2026-02-05,000001,13:10:24,11.0500,71,2
2026-02-05,000001,13:10:27,11.0500,55,2
2026-02-05,000001,13:10:30,11.0600,78,1
2026-02-05,000001,13:10:33,11.0500,10025,2
2026-02-05,000001,13:10:36,11.0500,329,2
2026-02-05,000001,13:10:39,11.0500,56,2
2026-02-05,000001,13:10:45,11.0600,6,1
2026-02-05,000001,13:10:48,11.0500,4,2
2026-02-05,000001,13:10:51,11.0500,151,2
2026-02-05,000001,13:10:57,11.0500,1,2
2026-02-05,000001,13:11:00,11.0600,157,1
2026-02-05,000001,13:11:03,11.0500,141,2
2026-02-05,000001,13:11:06,11.0600,4924,1
2026-02-05,000001,13:11:09,11.0600,21,2
2026-02-05,000001,13:11:12,11.0700,64,1
2026-02-05,000001,13:11:15,11.0600,23,2
2026-02-05,000001,13:11:18,11.0600,26,2
2026-02-05,000001,13:11:21,11.0600,74,2
2026-02-05,000001,13:11:24,11.0600,284,2
2026-02-05,000001,13:11:27,11.0600,36,2
2026-02-05,000001,13:11:30,11.0600,5,2
2026-02-05,000001,13:11:33,11.0600,60,2
2026-02-05,000001,13:11:36,11.0600,75,2
2026-02-05,000001,13:11:39,11.0600,126,2
2026-02-05,000001,13:11:42,11.0600,69,2
2026-02-05,000001,13:11:45,11.0600,161,2
2026-02-05,000001,13:11:48,11.0600,29,2
2026-02-05,000001,13:11:51,11.0600,168,2
2026-02-05,000001,13:11:54,11.0600,36,2
2026-02-05,000001,13:11:57,11.0600,71,2
2026-02-05,000001,13:12:00,11.0600,4,2
2026-02-05,000001,13:12:03,11.0600,90,2
2026-02-05,000001,13:12:06,11.0600,85,2
2026-02-05,000001,13:12:09,11.0600,15,2
2026-02-05,000001,13:12:12,11.0600,99,2
2026-02-05,000001,13:12:18,11.0600,26,2
2026-02-05,000001,13:12:21,11.0700,43,1
2026-02-05,000001,13:12:24,11.0600,1,2
2026-02-05,000001,13:12:27,11.0700,26,1
2026-02-05,000001,13:12:30,11.0600,21,2
2026-02-05,000001,13:12:33,11.0600,121,2
2026-02-05,000001,13:12:36,11.0700,24,1
2026-02-05,000001,13:12:39,11.0700,46,1
2026-02-05,000001,13:12:42,11.0600,10654,2
2026-02-05,000001,13:12:45,11.0600,608,1
2026-02-05,000001,13:12:48,11.0600,15,1
2026-02-05,000001,13:12:51,11.0500,9,2
2026-02-05,000001,13:12:54,11.0600,5,1
2026-02-05,000001,13:12:57,11.0600,36,1
2026-02-05,000001,13:13:00,11.0600,78,1
2026-02-05,000001,13:13:03,11.0600,41,1
2026-02-05,000001,13:13:09,11.0500,33,2
2026-02-05,000001,13:13:12,11.0500,19,2
2026-02-05,000001,13:13:15,11.0500,10,2
2026-02-05,000001,13:13:18,11.0500,6,2
2026-02-05,000001,13:13:21,11.0500,49,2
2026-02-05,000001,13:13:24,11.0500,103,2
2026-02-05,000001,13:13:27,11.0600,19,1
2026-02-05,000001,13:13:30,11.0500,34,2
2026-02-05,000001,13:13:33,11.0500,9,2
2026-02-05,000001,13:13:36,11.0500,8085,2
2026-02-05,000001,13:13:39,11.0400,47,2
2026-02-05,000001,13:13:42,11.0500,6,1
2026-02-05,000001,13:13:45,11.0500,90,1
2026-02-05,000001,13:13:48,11.0400,10,2
2026-02-05,000001,13:13:51,11.0500,25,1
2026-02-05,000001,13:13:54,11.0400,11,2
2026-02-05,000001,13:13:57,11.0400,6,2
2026-02-05,000001,13:14:00,11.0400,14,2
2026-02-05,000001,13:14:03,11.0400,115,2
2026-02-05,000001,13:14:06,11.0400,47,2
2026-02-05,000001,13:14:09,11.0400,221,2
2026-02-05,000001,13:14:12,11.0500,38,1
2026-02-05,000001,13:14:15,11.0500,19,1
2026-02-05,000001,13:14:18,11.0500,268,1
2026-02-05,000001,13:14:21,11.0400,250,2
2026-02-05,000001,13:14:24,11.0400,1750,2
2026-02-05,000001,13:14:27,11.0400,8,1
2026-02-05,000001,13:14:30,11.0400,106,1
2026-02-05,000001,13:14:33,11.0400,39,1
2026-02-05,000001,13:14:36,11.0300,6,2
2026-02-05,000001,13:14:42,11.0300,8,2
2026-02-05,000001,13:14:45,11.0400,75,1
2026-02-05,000001,13:14:48,11.0300,10,2
2026-02-05,000001,13:14:54,11.0400,64,1
2026-02-05,000001,13:14:57,11.0300,39,2
2026-02-05,000001,13:15:00,11.0400,52,1
2026-02-05,000001,13:15:03,11.0300,15,2
2026-02-05,000001,13:15:06,11.0300,546,2
2026-02-05,000001,13:15:09,11.0300,225,2
2026-02-05,000001,13:15:12,11.0300,48,2
2026-02-05,000001,13:15:15,11.0300,109,2
2026-02-05,000001,13:15:21,11.0300,10,2
2026-02-05,000001,13:15:24,11.0300,30,2
2026-02-05,000001,13:15:27,11.0300,211,2
2026-02-05,000001,13:15:30,11.0400,96,1
2026-02-05,000001,13:15:36,11.0400,10,1
2026-02-05,000001,13:15:48,11.0400,73,1
2026-02-05,000001,13:15:51,11.0400,47,1
2026-02-05,000001,13:15:54,11.0300,72,2
2026-02-05,000001,13:15:57,11.0300,10,2
2026-02-05,000001,13:16:00,11.0300,6,2
2026-02-05,000001,13:16:03,11.0300,15,2
2026-02-05,000001,13:16:06,11.0400,96,1
2026-02-05,000001,13:16:12,11.0300,20,2
2026-02-05,000001,13:16:15,11.0300,30,2
2026-02-05,000001,13:16:18,11.0400,26,1
2026-02-05,000001,13:16:21,11.0300,5,2
2026-02-05,000001,13:16:24,11.0300,4,2
2026-02-05,000001,13:16:27,11.0400,93,1
2026-02-05,000001,13:16:30,11.0300,30,2
2026-02-05,000001,13:16:33,11.0300,72,2
2026-02-05,000001,13:16:36,11.0400,320,1
2026-02-05,000001,13:16:39,11.0400,30,1
2026-02-05,000001,13:16:42,11.0400,15,1
2026-02-05,000001,13:16:45,11.0400,3,1
2026-02-05,000001,13:16:48,11.0400,7,1
2026-02-05,000001,13:16:51,11.0400,39,1
2026-02-05,000001,13:16:54,11.0300,29,2
2026-02-05,000001,13:16:57,11.0400,80,1
2026-02-05,000001,13:17:00,11.0400,63,1
2026-02-05,000001,13:17:03,11.0400,21,1
2026-02-05,000001,13:17:06,11.0300,7,2
2026-02-05,000001,13:17:09,11.0300,46,2
2026-02-05,000001,13:17:12,11.0300,92,2
2026-02-05,000001,13:17:15,11.0300,184,2
2026-02-05,000001,13:17:18,11.0400,1,1
2026-02-05,000001,13:17:21,11.0400,591,1
2026-02-05,000001,13:17:24,11.0300,44,2
2026-02-05,000001,13:17:27,11.0400,18,1
2026-02-05,000001,13:17:30,11.0300,15,2
2026-02-05,000001,13:17:33,11.0400,5,1
2026-02-05,000001,13:17:36,11.0400,169,1
2026-02-05,000001,13:17:39,11.0300,16,2
2026-02-05,000001,13:17:42,11.0400,22,1
2026-02-05,000001,13:17:45,11.0300,201,2
2026-02-05,000001,13:17:48,11.0400,4,1
2026-02-05,000001,13:17:57,11.0400,20,1
2026-02-05,000001,13:18:00,11.0400,3,1
2026-02-05,000001,13:18:03,11.0300,15,2
2026-02-05,000001,13:18:06,11.0400,40,1
2026-02-05,000001,13:18:09,11.0400,9256,1
2026-02-05,000001,13:18:12,11.0300,1,2
2026-02-05,000001,13:18:15,11.0300,69,2
2026-02-05,000001,13:18:18,11.0300,101,2
2026-02-05,000001,13:18:21,11.0400,180,1
2026-02-05,000001,13:18:24,11.0300,2,2
2026-02-05,000001,13:18:27,11.0300,38,2
2026-02-05,000001,13:18:30,11.0400,2,1
2026-02-05,000001,13:18:36,11.0400,1,1
2026-02-05,000001,13:18:39,11.0300,4,2
2026-02-05,000001,13:18:42,11.0400,18,1
2026-02-05,000001,13:18:45,11.0300,22,2
2026-02-05,000001,13:18:48,11.0400,680,1
2026-02-05,000001,13:18:51,11.0400,1,4
2026-02-05,000001,13:18:57,11.0400,8,2
2026-02-05,000001,13:19:00,11.0500,73,1
2026-02-05,000001,13:19:06,11.0500,73,1
2026-02-05,000001,13:19:09,11.0500,2,1
2026-02-05,000001,13:19:21,11.0500,116,1
2026-02-05,000001,13:19:24,11.0500,74,1
2026-02-05,000001,13:19:27,11.0400,2,2
2026-02-05,000001,13:19:30,11.0400,31,2
2026-02-05,000001,13:19:33,11.0500,2,1
2026-02-05,000001,13:19:36,11.0400,100,2
2026-02-05,000001,13:19:39,11.0500,1,1
2026-02-05,000001,13:19:45,11.0400,54,2
2026-02-05,000001,13:19:51,11.0500,17,1
2026-02-05,000001,13:19:54,11.0400,54,2
2026-02-05,000001,13:20:00,11.0500,985,1
2026-02-05,000001,13:20:03,11.0500,27,2
2026-02-05,000001,13:20:06,11.0500,203,2
2026-02-05,000001,13:20:09,11.0500,77,2
2026-02-05,000001,13:20:12,11.0500,5,2
2026-02-05,000001,13:20:15,11.0600,5,1
2026-02-05,000001,13:20:18,11.0500,6,2
2026-02-05,000001,13:20:21,11.0500,188,2
2026-02-05,000001,13:20:24,11.0500,46,2
2026-02-05,000001,13:20:27,11.0500,21,2
2026-02-05,000001,13:20:30,11.0500,57,2
2026-02-05,000001,13:20:33,11.0500,65,2
2026-02-05,000001,13:20:36,11.0500,9,2
2026-02-05,000001,13:20:39,11.0500,37,2
2026-02-05,000001,13:20:42,11.0500,58,2
2026-02-05,000001,13:20:45,11.0500,23,2
2026-02-05,000001,13:20:48,11.0600,58,1
2026-02-05,000001,13:20:51,11.0500,14,2
2026-02-05,000001,13:20:54,11.0600,13,1
2026-02-05,000001,13:21:03,11.0500,18,2
2026-02-05,000001,13:21:06,11.0500,83,2
2026-02-05,000001,13:21:09,11.0500,100,2
2026-02-05,000001,13:21:12,11.0600,19,1
2026-02-05,000001,13:21:15,11.0500,77,2
2026-02-05,000001,13:21:18,11.0500,25,2
2026-02-05,000001,13:21:21,11.0600,4,1
2026-02-05,000001,13:21:27,11.0500,504,2
2026-02-05,000001,13:21:33,11.0500,20,2
2026-02-05,000001,13:21:36,11.0500,26,2
2026-02-05,000001,13:21:42,11.0500,16,2
2026-02-05,000001,13:21:45,11.0500,6,2
2026-02-05,000001,13:21:48,11.0500,27,2
2026-02-05,000001,13:21:51,11.0500,13,2
2026-02-05,000001,13:21:54,11.0500,72,2
2026-02-05,000001,13:21:57,11.0500,157,2
2026-02-05,000001,13:22:00,11.0600,56,1
2026-02-05,000001,13:22:03,11.0600,25,1
2026-02-05,000001,13:22:06,11.0500,311,2
2026-02-05,000001,13:22:09,11.0600,127,1
2026-02-05,000001,13:22:12,11.0500,8,2
2026-02-05,000001,13:22:15,11.0600,66,1
2026-02-05,000001,13:22:18,11.0600,27,1
2026-02-05,000001,13:22:21,11.0500,37,2
2026-02-05,000001,13:22:24,11.0500,46,2
2026-02-05,000001,13:22:27,11.0500,24,2
2026-02-05,000001,13:22:30,11.0500,55,2
2026-02-05,000001,13:22:33,11.0500,26,2
2026-02-05,000001,13:22:36,11.0500,30,2
2026-02-05,000001,13:22:39,11.0500,10,2
2026-02-05,000001,13:22:42,11.0500,209,2
2026-02-05,000001,13:22:48,11.0500,18,2
2026-02-05,000001,13:22:51,11.0500,30,2
2026-02-05,000001,13:22:54,11.0500,190,2
2026-02-05,000001,13:22:57,11.0600,12,1
2026-02-05,000001,13:23:00,11.0500,56,2
2026-02-05,000001,13:23:03,11.0600,2,1
2026-02-05,000001,13:23:06,11.0500,23,2
2026-02-05,000001,13:23:09,11.0500,12,2
2026-02-05,000001,13:23:12,11.0500,10,2
2026-02-05,000001,13:23:18,11.0500,31,2
2026-02-05,000001,13:23:21,11.0500,44,2
2026-02-05,000001,13:23:24,11.0500,2,2
2026-02-05,000001,13:23:30,11.0500,25,2
2026-02-05,000001,13:23:33,11.0600,14,1
2026-02-05,000001,13:23:36,11.0500,10,2
2026-02-05,000001,13:23:42,11.0600,13,1
2026-02-05,000001,13:23:45,11.0500,13,2
2026-02-05,000001,13:23:48,11.0500,53,2
2026-02-05,000001,13:23:51,11.0600,3,1
2026-02-05,000001,13:23:54,11.0500,139,2
2026-02-05,000001,13:24:00,11.0500,40,2
2026-02-05,000001,13:24:03,11.0600,34,1
2026-02-05,000001,13:24:06,11.0600,2581,1
2026-02-05,000001,13:24:09,11.0600,546,1
2026-02-05,000001,13:24:12,11.0500,1,2
2026-02-05,000001,13:24:15,11.0500,72,2
2026-02-05,000001,13:24:18,11.0500,2,2
2026-02-05,000001,13:24:21,11.0500,88,2
2026-02-05,000001,13:24:27,11.0500,10,2
2026-02-05,000001,13:24:30,11.0500,46,2
2026-02-05,000001,13:24:33,11.0500,96,2
2026-02-05,000001,13:24:36,11.0500,33,2
2026-02-05,000001,13:24:39,11.0600,48,1
2026-02-05,000001,13:24:42,11.0600,151,1
2026-02-05,000001,13:24:48,11.0600,213,1
2026-02-05,000001,13:24:51,11.0600,68,1
2026-02-05,000001,13:24:54,11.0600,121,1
2026-02-05,000001,13:24:57,11.0600,5799,1
2026-02-05,000001,13:25:00,11.0600,119,2
2026-02-05,000001,13:25:03,11.0600,268,2
2026-02-05,000001,13:25:06,11.0700,227,1
2026-02-05,000001,13:25:09,11.0700,115,1
2026-02-05,000001,13:25:12,11.0600,197,2
2026-02-05,000001,13:25:15,11.0600,92,2
2026-02-05,000001,13:25:18,11.0600,15,2
2026-02-05,000001,13:25:21,11.0600,50,2
2026-02-05,000001,13:25:24,11.0700,30,1
2026-02-05,000001,13:25:27,11.0700,532,1
2026-02-05,000001,13:25:30,11.0600,58,2
2026-02-05,000001,13:25:33,11.0700,12,1
2026-02-05,000001,13:25:36,11.0600,37,2
2026-02-05,000001,13:25:39,11.0600,9,2
2026-02-05,000001,13:25:42,11.0700,1,1
2026-02-05,000001,13:25:45,11.0600,68,2
2026-02-05,000001,13:25:48,11.0700,65,1
2026-02-05,000001,13:25:51,11.0600,5893,2
2026-02-05,000001,13:25:54,11.0700,1,1
2026-02-05,000001,13:25:57,11.0600,62,2
2026-02-05,000001,13:26:00,11.0700,3,1
2026-02-05,000001,13:26:03,11.0600,117,2
2026-02-05,000001,13:26:06,11.0600,237,2
2026-02-05,000001,13:26:09,11.0600,79,2
2026-02-05,000001,13:26:12,11.0600,116,2
2026-02-05,000001,13:26:15,11.0600,25,2
2026-02-05,000001,13:26:18,11.0700,25,1
2026-02-05,000001,13:26:21,11.0700,28,1
2026-02-05,000001,13:26:24,11.0600,19,2
2026-02-05,000001,13:26:27,11.0700,104,1
2026-02-05,000001,13:26:30,11.0600,12,2
2026-02-05,000001,13:26:33,11.0600,29,2
2026-02-05,000001,13:26:36,11.0700,5,1
2026-02-05,000001,13:26:39,11.0600,7,2
2026-02-05,000001,13:26:42,11.0700,4,1
2026-02-05,000001,13:26:45,11.0600,183,2
2026-02-05,000001,13:26:48,11.0700,41,1
2026-02-05,000001,13:26:51,11.0700,16,1
2026-02-05,000001,13:26:54,11.0700,37,1
2026-02-05,000001,13:26:57,11.0700,71,1
2026-02-05,000001,13:27:00,11.0600,17,2
2026-02-05,000001,13:27:03,11.0700,33,1
2026-02-05,000001,13:27:06,11.0700,148,1
2026-02-05,000001,13:27:09,11.0600,185,2
2026-02-05,000001,13:27:12,11.0700,15,1
2026-02-05,000001,13:27:18,11.0600,99,2
2026-02-05,000001,13:27:21,11.0600,7,2
2026-02-05,000001,13:27:24,11.0700,36,1
2026-02-05,000001,13:27:27,11.0600,23,2
2026-02-05,000001,13:27:30,11.0600,96,2
2026-02-05,000001,13:27:33,11.0700,421,1
2026-02-05,000001,13:27:36,11.0700,41,1
2026-02-05,000001,13:27:39,11.0600,25,2
2026-02-05,000001,13:27:42,11.0700,29,1
2026-02-05,000001,13:27:45,11.0600,75,2
2026-02-05,000001,13:27:48,11.0700,106,1
2026-02-05,000001,13:27:54,11.0700,15,1
2026-02-05,000001,13:27:57,11.0700,21,1
2026-02-05,000001,13:28:03,11.0600,42,2
2026-02-05,000001,13:28:06,11.0700,216,1
2026-02-05,000001,13:28:09,11.0600,37,2
2026-02-05,000001,13:28:12,11.0600,33,2
2026-02-05,000001,13:28:15,11.0600,51,2
2026-02-05,000001,13:28:18,11.0600,12,2
2026-02-05,000001,13:28:21,11.0600,24,2
2026-02-05,000001,13:28:24,11.0700,42,1
2026-02-05,000001,13:28:27,11.0700,2,1
2026-02-05,000001,13:28:30,11.0700,116,1
2026-02-05,000001,13:28:33,11.0600,89,2
2026-02-05,000001,13:28:36,11.0600,85,2
2026-02-05,000001,13:28:39,11.0700,5,1
2026-02-05,000001,13:28:42,11.0700,533,1
2026-02-05,000001,13:28:45,11.0700,77,1
2026-02-05,000001,13:28:48,11.0600,130,2
2026-02-05,000001,13:28:51,11.0600,26,2
2026-02-05,000001,13:28:54,11.0700,15052,1
2026-02-05,000001,13:28:57,11.0800,27,1
2026-02-05,000001,13:29:00,11.0800,304,1
2026-02-05,000001,13:29:03,11.0800,19,1
2026-02-05,000001,13:29:06,11.0700,65,2
2026-02-05,000001,13:29:09,11.0800,82,1
2026-02-05,000001,13:29:12,11.0800,51,1
2026-02-05,000001,13:29:15,11.0800,43,1
2026-02-05,000001,13:29:18,11.0700,67,2
2026-02-05,000001,13:29:21,11.0800,231,1
2026-02-05,000001,13:29:24,11.0700,234,2
2026-02-05,000001,13:29:27,11.0800,33161,1
2026-02-05,000001,13:29:30,11.0800,1066,2
2026-02-05,000001,13:29:33,11.0800,94,2
2026-02-05,000001,13:29:36,11.0900,251,1
2026-02-05,000001,13:29:39,11.0800,466,2
2026-02-05,000001,13:29:42,11.0900,220,1
2026-02-05,000001,13:29:45,11.0800,53,2
2026-02-05,000001,13:29:48,11.0800,1082,2
2026-02-05,000001,13:29:51,11.0900,264,1
2026-02-05,000001,13:29:54,11.0900,591,1
2026-02-05,000001,13:29:57,11.0900,250,1
2026-02-05,000001,13:30:00,11.0800,631,2
2026-02-05,000001,13:30:03,11.0900,121,1
2026-02-05,000001,13:30:06,11.0900,149,1
2026-02-05,000001,13:30:09,11.0800,23,2
2026-02-05,000001,13:30:12,11.0800,189,2
2026-02-05,000001,13:30:15,11.0900,100,1
2026-02-05,000001,13:30:18,11.0900,40,1
2026-02-05,000001,13:30:21,11.0900,74,1
2026-02-05,000001,13:30:24,11.0900,59,1
2026-02-05,000001,13:30:27,11.0800,85,2
2026-02-05,000001,13:30:30,11.0900,2386,1
2026-02-05,000001,13:30:33,11.0900,2695,1
2026-02-05,000001,13:30:36,11.0900,62,1
2026-02-05,000001,13:30:39,11.0900,284,1
2026-02-05,000001,13:30:42,11.0900,97,1
2026-02-05,000001,13:30:45,11.0900,3573,1
2026-02-05,000001,13:30:48,11.0900,93,1
2026-02-05,000001,13:30:51,11.0900,224,1
2026-02-05,000001,13:30:54,11.0800,137,2
2026-02-05,000001,13:30:57,11.0900,1084,1
2026-02-05,000001,13:31:00,11.0900,759,1
2026-02-05,000001,13:31:03,11.0800,356,2
2026-02-05,000001,13:31:06,11.0900,167,1
2026-02-05,000001,13:31:09,11.0900,14,1
2026-02-05,000001,13:31:12,11.0800,94,2
2026-02-05,000001,13:31:15,11.0900,300,1
2026-02-05,000001,13:31:18,11.0900,32,1
2026-02-05,000001,13:31:21,11.0900,70,1
2026-02-05,000001,13:31:24,11.0900,280,1
2026-02-05,000001,13:31:27,11.0800,278,2
2026-02-05,000001,13:31:30,11.0900,68,1
2026-02-05,000001,13:31:33,11.0800,310,2
2026-02-05,000001,13:31:36,11.0800,6,2
2026-02-05,000001,13:31:39,11.0900,352,1
2026-02-05,000001,13:31:42,11.0800,197,2
2026-02-05,000001,13:31:45,11.0800,139,2
2026-02-05,000001,13:31:48,11.0900,35,1
2026-02-05,000001,13:31:51,11.0900,13,1
2026-02-05,000001,13:31:54,11.0900,139,1
2026-02-05,000001,13:31:57,11.0900,86,1
2026-02-05,000001,13:32:00,11.0800,53,2
2026-02-05,000001,13:32:03,11.0800,172,2
2026-02-05,000001,13:32:06,11.0800,1252,2
2026-02-05,000001,13:32:09,11.0800,244,2
2026-02-05,000001,13:32:12,11.0800,21,2
2026-02-05,000001,13:32:15,11.0800,108,2
2026-02-05,000001,13:32:18,11.0900,140,1
2026-02-05,000001,13:32:21,11.0800,484,2
2026-02-05,000001,13:32:24,11.0800,35,2
2026-02-05,000001,13:32:27,11.0900,54,1
2026-02-05,000001,13:32:30,11.0800,154,2
2026-02-05,000001,13:32:33,11.0900,65,1
2026-02-05,000001,13:32:36,11.0800,12,2
2026-02-05,000001,13:32:39,11.0800,35,2
2026-02-05,000001,13:32:42,11.0900,35,1
2026-02-05,000001,13:32:45,11.0800,205,2
2026-02-05,000001,13:32:48,11.0800,77,2
2026-02-05,000001,13:32:51,11.0900,124,1
2026-02-05,000001,13:32:54,11.0800,300,2
2026-02-05,000001,13:32:57,11.0900,111,1
2026-02-05,000001,13:33:00,11.0900,358,1
2026-02-05,000001,13:33:03,11.0800,1052,2
2026-02-05,000001,13:33:06,11.0900,153,1
2026-02-05,000001,13:33:09,11.0900,221,1
2026-02-05,000001,13:33:12,11.0800,49,2
2026-02-05,000001,13:33:15,11.0800,14,2
2026-02-05,000001,13:33:18,11.0800,113,2
2026-02-05,000001,13:33:21,11.0800,96,2
2026-02-05,000001,13:33:24,11.0800,164,2
2026-02-05,000001,13:33:27,11.0800,142,2
2026-02-05,000001,13:33:30,11.0800,44,2
2026-02-05,000001,13:33:33,11.0800,67,2
2026-02-05,000001,13:33:36,11.0800,194,2
2026-02-05,000001,13:33:39,11.0800,363,2
2026-02-05,000001,13:33:42,11.0800,55,2
2026-02-05,000001,13:33:45,11.0800,8,2
2026-02-05,000001,13:33:48,11.0900,25,1
2026-02-05,000001,13:33:51,11.0800,73,2
2026-02-05,000001,13:33:54,11.0800,228,2
2026-02-05,000001,13:33:57,11.0900,130,1
2026-02-05,000001,13:34:00,11.0900,74,1
2026-02-05,000001,13:34:03,11.0900,280,1
2026-02-05,000001,13:34:06,11.0900,33,1
2026-02-05,000001,13:34:09,11.0800,104,2
2026-02-05,000001,13:34:12,11.0800,65,2
2026-02-05,000001,13:34:15,11.0800,89,2
2026-02-05,000001,13:34:18,11.0800,38,2
2026-02-05,000001,13:34:21,11.0800,59,2
2026-02-05,000001,13:34:24,11.0900,191,1
2026-02-05,000001,13:34:27,11.0800,58,2
2026-02-05,000001,13:34:30,11.0800,44,2
2026-02-05,000001,13:34:33,11.0900,65,1
2026-02-05,000001,13:34:36,11.0900,2,1
2026-02-05,000001,13:34:39,11.0900,1008,1
2026-02-05,000001,13:34:42,11.0900,355,1
2026-02-05,000001,13:34:45,11.0900,30,1
2026-02-05,000001,13:34:48,11.0800,115,2
2026-02-05,000001,13:34:51,11.0800,1370,2
2026-02-05,000001,13:34:54,11.0800,202,2
2026-02-05,000001,13:34:57,11.0800,49,2
2026-02-05,000001,13:35:00,11.0800,38,2
2026-02-05,000001,13:35:03,11.0900,1371,1
2026-02-05,000001,13:35:06,11.0900,62,1
2026-02-05,000001,13:35:09,11.0800,72,2
2026-02-05,000001,13:35:12,11.0900,15,1
2026-02-05,000001,13:35:15,11.0900,56,1
2026-02-05,000001,13:35:18,11.0800,8,2
2026-02-05,000001,13:35:21,11.0800,887,2
2026-02-05,000001,13:35:24,11.0900,1,1
2026-02-05,000001,13:35:27,11.0900,399,1
2026-02-05,000001,13:35:30,11.0800,110,2
2026-02-05,000001,13:35:33,11.0900,1,1
2026-02-05,000001,13:35:36,11.0800,15,2
2026-02-05,000001,13:35:39,11.0800,381,2
2026-02-05,000001,13:35:45,11.0800,1,2
2026-02-05,000001,13:35:48,11.0900,64,1
2026-02-05,000001,13:35:51,11.0800,70,2
2026-02-05,000001,13:35:54,11.0800,29,2
2026-02-05,000001,13:35:57,11.0800,98,2
2026-02-05,000001,13:36:00,11.0800,469,2
2026-02-05,000001,13:36:03,11.0900,18008,1
2026-02-05,000001,13:36:06,11.0900,19,2
2026-02-05,000001,13:36:09,11.0900,527,2
2026-02-05,000001,13:36:12,11.0900,284,2
2026-02-05,000001,13:36:15,11.1000,201,1
2026-02-05,000001,13:36:18,11.1000,427,1
2026-02-05,000001,13:36:21,11.1000,183,1
2026-02-05,000001,13:36:24,11.0900,402,2
2026-02-05,000001,13:36:27,11.1000,85,1
2026-02-05,000001,13:36:33,11.1000,276,1
2026-02-05,000001,13:36:36,11.1000,220,1
2026-02-05,000001,13:36:39,11.1000,502,1
2026-02-05,000001,13:36:42,11.1000,261,1
2026-02-05,000001,13:36:45,11.1000,130,1
2026-02-05,000001,13:36:48,11.1000,78,1
2026-02-05,000001,13:36:51,11.0900,12,2
2026-02-05,000001,13:36:54,11.0900,32,2
2026-02-05,000001,13:36:57,11.1000,4888,1
2026-02-05,000001,13:37:00,11.1000,480,1
2026-02-05,000001,13:37:03,11.1000,3560,1
2026-02-05,000001,13:37:06,11.1000,5512,1
2026-02-05,000001,13:37:09,11.1000,13340,1
2026-02-05,000001,13:37:12,11.1000,88,2
2026-02-05,000001,13:37:15,11.1000,154,2
2026-02-05,000001,13:37:18,11.1000,328,2
2026-02-05,000001,13:37:21,11.1000,176,2
2026-02-05,000001,13:37:24,11.1000,44,2
2026-02-05,000001,13:37:27,11.1000,515,2
2026-02-05,000001,13:37:30,11.1000,52,2
2026-02-05,000001,13:37:33,11.1100,110,1
2026-02-05,000001,13:37:36,11.1000,583,2
2026-02-05,000001,13:37:39,11.1000,350,2
2026-02-05,000001,13:37:42,11.1100,810,1
2026-02-05,000001,13:37:45,11.1000,243,2
2026-02-05,000001,13:37:48,11.1000,106,2
2026-02-05,000001,13:37:51,11.1000,10068,2
2026-02-05,000001,13:37:54,11.1000,73,2
2026-02-05,000001,13:37:57,11.1000,352,2
2026-02-05,000001,13:38:00,11.1000,65,2
2026-02-05,000001,13:38:03,11.1100,713,1
2026-02-05,000001,13:38:06,11.1100,254,1
2026-02-05,000001,13:38:09,11.1100,29,1
2026-02-05,000001,13:38:12,11.1100,50,1
2026-02-05,000001,13:38:15,11.1100,395,1
2026-02-05,000001,13:38:18,11.1000,46,2
2026-02-05,000001,13:38:21,11.1000,44,2
2026-02-05,000001,13:38:24,11.1100,343,1
2026-02-05,000001,13:38:27,11.1100,209,1
2026-02-05,000001,13:38:30,11.1100,6,1
2026-02-05,000001,13:38:33,11.1000,28,2
2026-02-05,000001,13:38:36,11.1000,218,2
2026-02-05,000001,13:38:39,11.1000,157,2
2026-02-05,000001,13:38:42,11.1000,115,2
2026-02-05,000001,13:38:45,11.1100,132,1
2026-02-05,000001,13:38:48,11.1100,85,1
2026-02-05,000001,13:38:51,11.1100,492,1
2026-02-05,000001,13:38:54,11.1100,69,1
2026-02-05,000001,13:38:57,11.1100,113,1
2026-02-05,000001,13:39:00,11.1100,44,1
2026-02-05,000001,13:39:03,11.1100,186,1
2026-02-05,000001,13:39:06,11.1100,378,1
2026-02-05,000001,13:39:09,11.1100,151,1
2026-02-05,000001,13:39:12,11.1100,65,1
2026-02-05,000001,13:39:15,11.1100,52,1
2026-02-05,000001,13:39:18,11.1100,381,1
2026-02-05,000001,13:39:24,11.1100,175,1
2026-02-05,000001,13:39:27,11.1100,13,1
2026-02-05,000001,13:39:30,11.1100,213,1
2026-02-05,000001,13:39:33,11.1000,8,2
2026-02-05,000001,13:39:36,11.1000,21,2
2026-02-05,000001,13:39:39,11.1100,3,1
2026-02-05,000001,13:39:42,11.1000,11,2
2026-02-05,000001,13:39:45,11.1000,46,2
2026-02-05,000001,13:39:48,11.1000,48,2
2026-02-05,000001,13:39:51,11.1000,635,2
2026-02-05,000001,13:39:54,11.1000,33,2
2026-02-05,000001,13:39:57,11.1100,1,1
2026-02-05,000001,13:40:00,11.1000,249,2
2026-02-05,000001,13:40:03,11.1000,85,2
2026-02-05,000001,13:40:06,11.1000,76,2
2026-02-05,000001,13:40:09,11.1000,90,2
2026-02-05,000001,13:40:12,11.1000,38,2
2026-02-05,000001,13:40:15,11.1000,5,2
2026-02-05,000001,13:40:18,11.1000,119,2
2026-02-05,000001,13:40:21,11.1000,71,2
2026-02-05,000001,13:40:24,11.1000,105,2
2026-02-05,000001,13:40:27,11.1000,37,2
2026-02-05,000001,13:40:30,11.1000,16,2
2026-02-05,000001,13:40:33,11.1000,474,2
2026-02-05,000001,13:40:36,11.1000,31,2
2026-02-05,000001,13:40:39,11.1000,64,2
2026-02-05,000001,13:40:42,11.1000,27,2
2026-02-05,000001,13:40:45,11.1000,13,2
2026-02-05,000001,13:40:48,11.1000,3,2
2026-02-05,000001,13:40:51,11.1100,82,1
2026-02-05,000001,13:40:54,11.1100,113,1
2026-02-05,000001,13:40:57,11.1100,91,1
2026-02-05,000001,13:41:00,11.1000,206,2
2026-02-05,000001,13:41:03,11.1000,2123,2
2026-02-05,000001,13:41:06,11.1000,1342,2
2026-02-05,000001,13:41:09,11.1000,87,2
2026-02-05,000001,13:41:12,11.1000,228,2
2026-02-05,000001,13:41:15,11.1000,300,2
2026-02-05,000001,13:41:18,11.1000,1214,2
2026-02-05,000001,13:41:21,11.1000,191,2
2026-02-05,000001,13:41:24,11.1000,160,2
2026-02-05,000001,13:41:27,11.1000,303,2
2026-02-05,000001,13:41:30,11.1000,261,1
2026-02-05,000001,13:41:33,11.1000,591,1
2026-02-05,000001,13:41:36,11.0900,172,2
2026-02-05,000001,13:41:39,11.1000,380,1
2026-02-05,000001,13:41:42,11.1000,222,2
2026-02-05,000001,13:41:45,11.1000,101,2
2026-02-05,000001,13:41:48,11.1000,115,2
2026-02-05,000001,13:41:51,11.1000,449,2
2026-02-05,000001,13:41:54,11.1100,198,1
2026-02-05,000001,13:41:57,11.1000,380,2
2026-02-05,000001,13:42:00,11.1000,111,2
2026-02-05,000001,13:42:03,11.1000,111,2
2026-02-05,000001,13:42:06,11.1000,37,1
2026-02-05,000001,13:42:09,11.1000,38,1
2026-02-05,000001,13:42:12,11.1000,99,1
2026-02-05,000001,13:42:15,11.0900,86,2
2026-02-05,000001,13:42:18,11.1000,4,1
2026-02-05,000001,13:42:21,11.1000,19,1
2026-02-05,000001,13:42:24,11.1000,21,1
2026-02-05,000001,13:42:30,11.1000,44,1
2026-02-05,000001,13:42:33,11.1000,39,1
2026-02-05,000001,13:42:36,11.1000,180,1
2026-02-05,000001,13:42:39,11.1000,5,1
2026-02-05,000001,13:42:45,11.0900,43,2
2026-02-05,000001,13:42:48,11.1000,94,1
2026-02-05,000001,13:42:54,11.1000,158,1
2026-02-05,000001,13:42:57,11.1000,310,1
2026-02-05,000001,13:43:03,11.0900,414,2
2026-02-05,000001,13:43:06,11.1000,1,1
2026-02-05,000001,13:43:12,11.1000,33,1
2026-02-05,000001,13:43:15,11.1000,6,1
2026-02-05,000001,13:43:18,11.0900,260,2
2026-02-05,000001,13:43:21,11.0900,12,2
2026-02-05,000001,13:43:24,11.1000,55,1
2026-02-05,000001,13:43:27,11.1000,38,1
2026-02-05,000001,13:43:30,11.0900,44,2
2026-02-05,000001,13:43:33,11.0900,101,2
2026-02-05,000001,13:43:36,11.1000,253,1
2026-02-05,000001,13:43:39,11.0900,72,2
2026-02-05,000001,13:43:42,11.1000,220,1
2026-02-05,000001,13:43:45,11.1000,60,1
2026-02-05,000001,13:43:48,11.0900,48,2
2026-02-05,000001,13:43:54,11.0900,25,2
2026-02-05,000001,13:43:57,11.1000,68,1
2026-02-05,000001,13:44:00,11.1000,36,1
2026-02-05,000001,13:44:03,11.0900,50,2
2026-02-05,000001,13:44:06,11.1000,65,1
2026-02-05,000001,13:44:09,11.1000,11,1
2026-02-05,000001,13:44:12,11.1000,16,1
2026-02-05,000001,13:44:15,11.1000,13,1
2026-02-05,000001,13:44:18,11.1000,2,1
2026-02-05,000001,13:44:21,11.1000,99,1
2026-02-05,000001,13:44:24,11.0900,14,2
2026-02-05,000001,13:44:27,11.1000,67,1
2026-02-05,000001,13:44:30,11.1000,18,1
2026-02-05,000001,13:44:33,11.0900,312,2
2026-02-05,000001,13:44:39,11.0900,23,2
2026-02-05,000001,13:44:45,11.1000,4,1
2026-02-05,000001,13:44:48,11.0900,135,2
2026-02-05,000001,13:44:51,11.1000,4026,1
2026-02-05,000001,13:44:54,11.1000,929,1
2026-02-05,000001,13:44:57,11.1000,172,1
2026-02-05,000001,13:45:00,11.1000,43,1
2026-02-05,000001,13:45:03,11.1000,37,1
2026-02-05,000001,13:45:06,11.0900,1,2
2026-02-05,000001,13:45:09,11.1000,109,1
2026-02-05,000001,13:45:12,11.0900,23,2
2026-02-05,000001,13:45:15,11.1000,52,1
2026-02-05,000001,13:45:18,11.1000,337,1
2026-02-05,000001,13:45:21,11.1000,55,1
2026-02-05,000001,13:45:24,11.1000,186,1
2026-02-05,000001,13:45:27,11.1000,89,1
2026-02-05,000001,13:45:30,11.0900,750,2
2026-02-05,000001,13:45:33,11.1000,469,1
2026-02-05,000001,13:45:36,11.1000,53,2
2026-02-05,000001,13:45:39,11.1000,166,2
2026-02-05,000001,13:45:42,11.1000,296,2
2026-02-05,000001,13:45:45,11.1000,67,2
2026-02-05,000001,13:45:48,11.1000,46,2
2026-02-05,000001,13:45:51,11.1000,105,2
2026-02-05,000001,13:45:54,11.1000,16,2
2026-02-05,000001,13:45:57,11.1000,359,2
2026-02-05,000001,13:46:00,11.1000,4692,2
2026-02-05,000001,13:46:03,11.0900,23,2
2026-02-05,000001,13:46:06,11.1000,9,1
2026-02-05,000001,13:46:12,11.0900,77,2
2026-02-05,000001,13:46:15,11.1000,392,1
2026-02-05,000001,13:46:18,11.0900,3,2
2026-02-05,000001,13:46:21,11.0900,42,2
2026-02-05,000001,13:46:24,11.0900,56,2
2026-02-05,000001,13:46:27,11.0900,1,2
2026-02-05,000001,13:46:30,11.1000,3,1
2026-02-05,000001,13:46:33,11.0900,23,2
2026-02-05,000001,13:46:36,11.1000,5,1
2026-02-05,000001,13:46:39,11.1000,21,1
2026-02-05,000001,13:46:42,11.0900,19,2
2026-02-05,000001,13:46:45,11.1000,2161,1
2026-02-05,000001,13:46:48,11.1000,90,1
2026-02-05,000001,13:46:51,11.1000,7,1
2026-02-05,000001,13:46:54,11.0900,70,2
2026-02-05,000001,13:46:57,11.0900,1,2
2026-02-05,000001,13:47:00,11.1000,24,1
2026-02-05,000001,13:47:03,11.1000,22,1
2026-02-05,000001,13:47:06,11.1000,71,1
2026-02-05,000001,13:47:09,11.1000,67,1
2026-02-05,000001,13:47:12,11.0900,31,2
2026-02-05,000001,13:47:15,11.0900,164,2
2026-02-05,000001,13:47:18,11.0900,90,2
2026-02-05,000001,13:47:21,11.1000,33,1
2026-02-05,000001,13:47:24,11.1000,20,1
2026-02-05,000001,13:47:27,11.0900,104,2
2026-02-05,000001,13:47:30,11.0900,3,2
2026-02-05,000001,13:47:33,11.0900,55,2
2026-02-05,000001,13:47:36,11.1000,20,1
2026-02-05,000001,13:47:39,11.1000,14,1
2026-02-05,000001,13:47:45,11.1000,44,1
2026-02-05,000001,13:47:48,11.0900,30,2
2026-02-05,000001,13:47:51,11.0900,2,2
2026-02-05,000001,13:47:54,11.0900,13,2
2026-02-05,000001,13:47:57,11.1000,18,1
2026-02-05,000001,13:48:03,11.1000,1,1
2026-02-05,000001,13:48:06,11.0900,30,2
2026-02-05,000001,13:48:09,11.0900,111,2
2026-02-05,000001,13:48:15,11.1000,12,1
2026-02-05,000001,13:48:18,11.0900,16,2
2026-02-05,000001,13:48:21,11.1000,31,1
2026-02-05,000001,13:48:24,11.0900,140,2
2026-02-05,000001,13:48:27,11.1000,25,1
2026-02-05,000001,13:48:30,11.0900,1662,2
2026-02-05,000001,13:48:33,11.1000,1,1
2026-02-05,000001,13:48:36,11.1000,34,1
2026-02-05,000001,13:48:42,11.1000,10,1
2026-02-05,000001,13:48:45,11.0900,31,2
2026-02-05,000001,13:48:51,11.1000,12,1
2026-02-05,000001,13:48:54,11.1000,12,1
2026-02-05,000001,13:48:57,11.1000,23,1
2026-02-05,000001,13:49:00,11.0900,28,2
2026-02-05,000001,13:49:03,11.0900,41,2
2026-02-05,000001,13:49:06,11.1000,13,1
2026-02-05,000001,13:49:09,11.0900,80,2
2026-02-05,000001,13:49:15,11.0900,10,2
2026-02-05,000001,13:49:18,11.0900,13,2
2026-02-05,000001,13:49:21,11.0900,11,2
2026-02-05,000001,13:49:30,11.0900,781,2
2026-02-05,000001,13:49:33,11.0900,39,2
2026-02-05,000001,13:49:36,11.0900,46,2
2026-02-05,000001,13:49:39,11.1000,1434,1
2026-02-05,000001,13:49:42,11.0900,22,2
2026-02-05,000001,13:49:45,11.0900,725,2
2026-02-05,000001,13:49:48,11.0900,2043,2
2026-02-05,000001,13:49:51,11.0900,15,2
2026-02-05,000001,13:49:54,11.0900,132,2
2026-02-05,000001,13:49:57,11.1000,16,1
2026-02-05,000001,13:50:00,11.1000,2,1
2026-02-05,000001,13:50:03,11.1000,1812,1
2026-02-05,000001,13:50:06,11.0900,2624,2
2026-02-05,000001,13:50:09,11.0900,20,1
2026-02-05,000001,13:50:12,11.0900,9,1
2026-02-05,000001,13:50:15,11.0900,32,1
2026-02-05,000001,13:50:18,11.0900,10,1
2026-02-05,000001,13:50:21,11.0800,123,2
2026-02-05,000001,13:50:24,11.0900,8,1
2026-02-05,000001,13:50:27,11.0900,42,1
2026-02-05,000001,13:50:30,11.0900,30,1
2026-02-05,000001,13:50:33,11.0900,1,1
2026-02-05,000001,13:50:39,11.0800,6,2
2026-02-05,000001,13:50:42,11.0800,104,2
2026-02-05,000001,13:50:45,11.0900,53,1
2026-02-05,000001,13:50:48,11.0800,1,2
2026-02-05,000001,13:50:51,11.0900,18,1
2026-02-05,000001,13:50:54,11.0900,16,1
2026-02-05,000001,13:50:57,11.0900,3,1
2026-02-05,000001,13:51:03,11.0900,93,1
2026-02-05,000001,13:51:06,11.0800,1,2
2026-02-05,000001,13:51:09,11.0900,50,1
2026-02-05,000001,13:51:12,11.0900,36,1
2026-02-05,000001,13:51:15,11.0800,11,2
2026-02-05,000001,13:51:18,11.0900,208,1
2026-02-05,000001,13:51:21,11.0800,72,2
2026-02-05,000001,13:51:24,11.0800,20,2
2026-02-05,000001,13:51:27,11.0900,20,1
2026-02-05,000001,13:51:30,11.0800,54,2
2026-02-05,000001,13:51:33,11.0800,68,2
2026-02-05,000001,13:51:36,11.0900,190,1
2026-02-05,000001,13:51:39,11.0900,1031,1
2026-02-05,000001,13:51:42,11.0900,6,1
2026-02-05,000001,13:51:45,11.0900,41,1
2026-02-05,000001,13:51:48,11.0900,36,1
2026-02-05,000001,13:51:51,11.0900,34,1
2026-02-05,000001,13:51:54,11.0900,28,1
2026-02-05,000001,13:51:57,11.0900,49,1
2026-02-05,000001,13:52:00,11.0900,38,1
2026-02-05,000001,13:52:03,11.0900,4,1
2026-02-05,000001,13:52:06,11.0900,4,1
2026-02-05,000001,13:52:09,11.0900,40,1
2026-02-05,000001,13:52:12,11.0800,54,2
2026-02-05,000001,13:52:15,11.0800,16,2
2026-02-05,000001,13:52:18,11.0900,35,1
2026-02-05,000001,13:52:21,11.0900,62,1
2026-02-05,000001,13:52:24,11.0900,10,1
2026-02-05,000001,13:52:27,11.0900,1,1
2026-02-05,000001,13:52:30,11.0900,3,1
2026-02-05,000001,13:52:33,11.0900,27,1
2026-02-05,000001,13:52:36,11.0900,98,1
2026-02-05,000001,13:52:39,11.0900,382,1
2026-02-05,000001,13:52:42,11.0900,24,1
2026-02-05,000001,13:52:45,11.0900,74,1
2026-02-05,000001,13:52:48,11.0900,240,1
2026-02-05,000001,13:52:51,11.0900,149,1
2026-02-05,000001,13:52:54,11.0900,366,1
2026-02-05,000001,13:52:57,11.0800,179,2
2026-02-05,000001,13:53:00,11.0900,28,1
2026-02-05,000001,13:53:03,11.0900,211,1
2026-02-05,000001,13:53:06,11.0800,33,2
2026-02-05,000001,13:53:09,11.0900,30,1
2026-02-05,000001,13:53:12,11.0800,21,2
2026-02-05,000001,13:53:15,11.0900,34,1
2026-02-05,000001,13:53:18,11.0900,57,1
2026-02-05,000001,13:53:21,11.0900,7094,1
2026-02-05,000001,13:53:24,11.0900,53,2
2026-02-05,000001,13:53:27,11.0900,895,2
2026-02-05,000001,13:53:30,11.0900,422,2
2026-02-05,000001,13:53:33,11.0900,11,2
2026-02-05,000001,13:53:36,11.0900,13,2
2026-02-05,000001,13:53:39,11.0900,12,2
2026-02-05,000001,13:53:42,11.0900,11,2
2026-02-05,000001,13:53:45,11.0900,40,2
2026-02-05,000001,13:53:48,11.1000,2,1
2026-02-05,000001,13:53:51,11.0900,48,2
2026-02-05,000001,13:53:54,11.0900,18,2
2026-02-05,000001,13:53:57,11.1000,625,1
2026-02-05,000001,13:54:00,11.0900,23,2
2026-02-05,000001,13:54:03,11.0900,39,2
2026-02-05,000001,13:54:06,11.0900,15,2
2026-02-05,000001,13:54:09,11.0900,80,2
2026-02-05,000001,13:54:12,11.0900,5,2
2026-02-05,000001,13:54:15,11.1000,5,1
2026-02-05,000001,13:54:18,11.0900,223,2
2026-02-05,000001,13:54:21,11.0900,210,2
2026-02-05,000001,13:54:24,11.0900,358,2
2026-02-05,000001,13:54:27,11.0900,17,2
2026-02-05,000001,13:54:30,11.0900,49,2
2026-02-05,000001,13:54:33,11.0900,304,2
2026-02-05,000001,13:54:36,11.0900,43,2
2026-02-05,000001,13:54:39,11.0900,10,2
2026-02-05,000001,13:54:42,11.0900,8,2
2026-02-05,000001,13:54:45,11.0900,26,2
2026-02-05,000001,13:54:48,11.0900,238,2
2026-02-05,000001,13:54:51,11.1000,1,1
2026-02-05,000001,13:54:57,11.0900,15,2
2026-02-05,000001,13:55:00,11.0900,508,2
2026-02-05,000001,13:55:03,11.1000,1070,1
2026-02-05,000001,13:55:06,11.0900,11,2
2026-02-05,000001,13:55:09,11.0900,509,2
2026-02-05,000001,13:55:12,11.0900,21,2
2026-02-05,000001,13:55:15,11.0900,179,2
2026-02-05,000001,13:55:18,11.0900,61,2
2026-02-05,000001,13:55:21,11.1000,189,1
2026-02-05,000001,13:55:24,11.0900,4,2
2026-02-05,000001,13:55:30,11.1000,101,1
2026-02-05,000001,13:55:33,11.1000,5,1
2026-02-05,000001,13:55:39,11.0900,2,2
2026-02-05,000001,13:55:42,11.0900,7,2
2026-02-05,000001,13:55:48,11.0900,33,2
2026-02-05,000001,13:55:51,11.0900,13,2
2026-02-05,000001,13:55:54,11.0900,75,2
2026-02-05,000001,13:55:57,11.0900,60,2
2026-02-05,000001,13:56:00,11.0900,97,2
2026-02-05,000001,13:56:03,11.0900,244,2
2026-02-05,000001,13:56:06,11.0900,37,2
2026-02-05,000001,13:56:09,11.1000,93,1
2026-02-05,000001,13:56:12,11.0900,20,2
2026-02-05,000001,13:56:15,11.1000,4,1
2026-02-05,000001,13:56:21,11.1000,37,1
2026-02-05,000001,13:56:24,11.1000,39,1
2026-02-05,000001,13:56:27,11.0900,34,2
2026-02-05,000001,13:56:30,11.0900,49,2
2026-02-05,000001,13:56:33,11.1000,23,1
2026-02-05,000001,13:56:36,11.1000,30,1
2026-02-05,000001,13:56:39,11.1000,50,1
2026-02-05,000001,13:56:42,11.0900,31,2
2026-02-05,000001,13:56:45,11.0900,45,2
2026-02-05,000001,13:56:48,11.1000,20,1
2026-02-05,000001,13:56:51,11.0900,52,2
2026-02-05,000001,13:56:54,11.1000,4,1
2026-02-05,000001,13:56:57,11.1000,93,1
2026-02-05,000001,13:57:00,11.1000,17,1
2026-02-05,000001,13:57:03,11.0900,183,2
2026-02-05,000001,13:57:06,11.0900,3,2
2026-02-05,000001,13:57:09,11.1000,74,1
2026-02-05,000001,13:57:15,11.1000,20,1
2026-02-05,000001,13:57:18,11.0900,130,2
2026-02-05,000001,13:57:21,11.0900,68,2
2026-02-05,000001,13:57:24,11.0900,3,2
2026-02-05,000001,13:57:27,11.1000,41,1
2026-02-05,000001,13:57:30,11.0900,20,2
2026-02-05,000001,13:57:33,11.0900,6,2
2026-02-05,000001,13:57:36,11.0900,28,2
2026-02-05,000001,13:57:39,11.0900,2,2
2026-02-05,000001,13:57:42,11.0900,534,2
2026-02-05,000001,13:57:45,11.0900,48,2
2026-02-05,000001,13:57:48,11.0900,130,2
2026-02-05,000001,13:57:51,11.1000,8,1
2026-02-05,000001,13:57:54,11.1000,979,1
2026-02-05,000001,13:58:00,11.0900,23,2
2026-02-05,000001,13:58:03,11.0900,144,2
2026-02-05,000001,13:58:06,11.1000,15,1
2026-02-05,000001,13:58:09,11.1000,38,1
2026-02-05,000001,13:58:12,11.0900,19,2
2026-02-05,000001,13:58:15,11.0900,1,2
2026-02-05,000001,13:58:18,11.0900,21,2
2026-02-05,000001,13:58:21,11.0900,48,2
2026-02-05,000001,13:58:24,11.0900,852,2
2026-02-05,000001,13:58:27,11.1000,113,1
2026-02-05,000001,13:58:30,11.0900,2,2
2026-02-05,000001,13:58:33,11.1000,15,1
2026-02-05,000001,13:58:36,11.1000,38,1
2026-02-05,000001,13:58:39,11.1000,65,1
2026-02-05,000001,13:58:42,11.1000,67,1
2026-02-05,000001,13:58:45,11.0900,12,2
2026-02-05,000001,13:58:48,11.0900,102,2
2026-02-05,000001,13:58:51,11.0900,55,2
2026-02-05,000001,13:59:00,11.1000,22,1
2026-02-05,000001,13:59:03,11.0900,5,2
2026-02-05,000001,13:59:09,11.0900,20,2
2026-02-05,000001,13:59:12,11.0900,43,2
2026-02-05,000001,13:59:15,11.0900,39,2
2026-02-05,000001,13:59:18,11.1000,113,1
2026-02-05,000001,13:59:21,11.1000,539,1
2026-02-05,000001,13:59:24,11.0900,79,2
2026-02-05,000001,13:59:27,11.1000,4,1
2026-02-05,000001,13:59:30,11.0900,31,2
2026-02-05,000001,13:59:33,11.1000,2023,1
2026-02-05,000001,13:59:36,11.0900,44,2
2026-02-05,000001,13:59:39,11.0900,94,2
2026-02-05,000001,13:59:42,11.1000,60,1
2026-02-05,000001,13:59:48,11.0900,48,2
2026-02-05,000001,13:59:51,11.0900,10,2
2026-02-05,000001,13:59:54,11.1000,8,1
2026-02-05,000001,13:59:57,11.1000,4,1
2026-02-05,000001,14:00:00,11.0900,5,2
2026-02-05,000001,14:00:03,11.0900,65,2
2026-02-05,000001,14:00:06,11.0900,38,2
2026-02-05,000001,14:00:09,11.1000,12,1
2026-02-05,000001,14:00:12,11.0900,19,2
2026-02-05,000001,14:00:15,11.0900,21,2
2026-02-05,000001,14:00:18,11.0900,47,2
2026-02-05,000001,14:00:24,11.1000,9,1
2026-02-05,000001,14:00:27,11.1000,10,1
2026-02-05,000001,14:00:30,11.0900,85,2
2026-02-05,000001,14:00:33,11.0900,1,2
2026-02-05,000001,14:00:36,11.1000,155,1
2026-02-05,000001,14:00:45,11.0900,34,2
2026-02-05,000001,14:00:48,11.0900,86,2
2026-02-05,000001,14:00:51,11.1000,48,1
2026-02-05,000001,14:00:54,11.0900,31,2
2026-02-05,000001,14:00:57,11.1000,2,1
2026-02-05,000001,14:01:00,11.0900,118,2
2026-02-05,000001,14:01:06,11.0900,57,2
2026-02-05,000001,14:01:09,11.1000,13,1
2026-02-05,000001,14:01:18,11.1000,49,1
2026-02-05,000001,14:01:21,11.0900,30,2
2026-02-05,000001,14:01:24,11.1000,4,1
2026-02-05,000001,14:01:30,11.0900,103,2
2026-02-05,000001,14:01:36,11.1000,15,1
2026-02-05,000001,14:01:39,11.0900,16,2
2026-02-05,000001,14:01:42,11.1000,3,1
2026-02-05,000001,14:01:45,11.1000,5,1
2026-02-05,000001,14:01:48,11.0900,35,2
2026-02-05,000001,14:01:51,11.1000,31,1
2026-02-05,000001,14:01:54,11.0900,10870,2
2026-02-05,000001,14:01:57,11.0900,142,1
2026-02-05,000001,14:02:00,11.0800,23,2
2026-02-05,000001,14:02:03,11.0900,421,1
2026-02-05,000001,14:02:06,11.0900,15,1
2026-02-05,000001,14:02:09,11.0900,480,1
2026-02-05,000001,14:02:12,11.0900,66,1
2026-02-05,000001,14:02:18,11.0800,171,2
2026-02-05,000001,14:02:21,11.0800,638,2
2026-02-05,000001,14:02:24,11.0800,181,2
2026-02-05,000001,14:02:27,11.0800,85,2
2026-02-05,000001,14:02:33,11.0900,27,1
2026-02-05,000001,14:02:36,11.0800,113,2
2026-02-05,000001,14:02:45,11.0900,16,1
2026-02-05,000001,14:02:48,11.0800,67,2
2026-02-05,000001,14:02:51,11.0800,6,2
2026-02-05,000001,14:02:57,11.0900,35,1
2026-02-05,000001,14:03:00,11.0800,76,2
2026-02-05,000001,14:03:03,11.0800,96,2
2026-02-05,000001,14:03:06,11.0900,8,1
2026-02-05,000001,14:03:09,11.0800,206,2
2026-02-05,000001,14:03:15,11.0800,100,2
2026-02-05,000001,14:03:18,11.0800,11,2
2026-02-05,000001,14:03:21,11.0900,87,1
2026-02-05,000001,14:03:24,11.0900,44,1
2026-02-05,000001,14:03:27,11.0800,14,2
2026-02-05,000001,14:03:30,11.0900,10,1
2026-02-05,000001,14:03:36,11.0900,16,1
2026-02-05,000001,14:03:39,11.0800,78,2
2026-02-05,000001,14:03:42,11.0800,16,2
2026-02-05,000001,14:03:45,11.0900,20,1
2026-02-05,000001,14:03:48,11.0900,23,1
2026-02-05,000001,14:03:51,11.0800,5,2
2026-02-05,000001,14:03:54,11.0900,17,1
2026-02-05,000001,14:03:57,11.0800,341,2
2026-02-05,000001,14:04:00,11.0900,61,1
2026-02-05,000001,14:04:06,11.0800,60,2
2026-02-05,000001,14:04:09,11.0900,93,1
2026-02-05,000001,14:04:12,11.0800,13,2
2026-02-05,000001,14:04:18,11.0800,37,2
2026-02-05,000001,14:04:21,11.0900,146,1
2026-02-05,000001,14:04:24,11.0800,5,2
2026-02-05,000001,14:04:27,11.0800,59,2
2026-02-05,000001,14:04:30,11.0800,66,2
2026-02-05,000001,14:04:33,11.0800,50,2
2026-02-05,000001,14:04:36,11.0900,2,1
2026-02-05,000001,14:04:39,11.0900,1,1
2026-02-05,000001,10:41:36,11.0200,125,2
2026-02-05,000001,10:41:39,11.0200,5,2
2026-02-05,000001,10:41:42,11.0200,87,2
2026-02-05,000001,10:41:45,11.0200,5,2
2026-02-05,000001,10:41:51,11.0200,38,2
2026-02-05,000001,10:41:54,11.0200,29,2
2026-02-05,000001,10:41:57,11.0300,21,1
2026-02-05,000001,10:42:00,11.0300,11,1
2026-02-05,000001,10:42:03,11.0300,20,1
2026-02-05,000001,10:42:06,11.0200,93,2
2026-02-05,000001,10:42:09,11.0200,7,2
2026-02-05,000001,10:42:12,11.0300,222,1
2026-02-05,000001,10:42:18,11.0300,12,1
2026-02-05,000001,10:42:24,11.0300,2,1
2026-02-05,000001,10:42:27,11.0200,13,2
2026-02-05,000001,10:42:30,11.0300,2,1
2026-02-05,000001,10:42:33,11.0200,1000,2
2026-02-05,000001,10:42:36,11.0300,15,1
2026-02-05,000001,10:42:42,11.0300,8,1
2026-02-05,000001,10:42:45,11.0300,10,1
2026-02-05,000001,10:42:48,11.0200,25,2
2026-02-05,000001,10:42:51,11.0300,38,1
2026-02-05,000001,10:42:54,11.0200,1,2
2026-02-05,000001,10:42:57,11.0300,2,1
2026-02-05,000001,10:43:03,11.0200,26,2
2026-02-05,000001,10:43:06,11.0200,10,2
2026-02-05,000001,10:43:09,11.0200,55,2
2026-02-05,000001,10:43:12,11.0300,3,1
2026-02-05,000001,10:43:15,11.0300,5,1
2026-02-05,000001,10:43:18,11.0300,2,1
2026-02-05,000001,10:43:24,11.0300,60,1
2026-02-05,000001,10:43:27,11.0200,9,2
2026-02-05,000001,10:43:30,11.0200,5,2
2026-02-05,000001,10:43:33,11.0200,29,2
2026-02-05,000001,10:43:36,11.0300,1,1
2026-02-05,000001,10:43:39,11.0200,20,2
2026-02-05,000001,10:43:42,11.0200,16,2
2026-02-05,000001,10:43:48,11.0300,19,1
2026-02-05,000001,10:43:51,11.0200,35,2
2026-02-05,000001,10:43:54,11.0200,60,2
2026-02-05,000001,10:43:57,11.0200,36,2
2026-02-05,000001,10:44:03,11.0200,129,2
2026-02-05,000001,10:44:09,11.0200,2,2
2026-02-05,000001,10:44:12,11.0300,6,1
2026-02-05,000001,10:44:21,11.0300,10,1
2026-02-05,000001,10:44:24,11.0300,44,1
2026-02-05,000001,10:44:27,11.0200,20,2
2026-02-05,000001,10:44:30,11.0200,127,2
2026-02-05,000001,10:44:36,11.0300,15,1
2026-02-05,000001,10:44:39,11.0200,5,2
2026-02-05,000001,10:44:42,11.0300,1,1
2026-02-05,000001,10:44:45,11.0300,14,1
2026-02-05,000001,10:44:48,11.0300,2,1
2026-02-05,000001,10:44:51,11.0300,14,1
2026-02-05,000001,10:44:54,11.0200,29,2
2026-02-05,000001,10:44:57,11.0300,24,1
2026-02-05,000001,10:45:00,11.0300,16,1
2026-02-05,000001,10:45:03,11.0300,228,1
2026-02-05,000001,10:45:06,11.0300,3,1
2026-02-05,000001,10:45:09,11.0300,100,1
2026-02-05,000001,10:45:12,11.0300,134,1
2026-02-05,000001,10:45:15,11.0300,50,1
2026-02-05,000001,10:45:18,11.0200,84,2
2026-02-05,000001,10:45:21,11.0200,53,2
2026-02-05,000001,10:45:24,11.0300,51,1
2026-02-05,000001,10:45:27,11.0300,84,1
2026-02-05,000001,10:45:30,11.0200,1,2
2026-02-05,000001,10:45:33,11.0300,2,1
2026-02-05,000001,10:45:36,11.0200,30,2
2026-02-05,000001,10:45:39,11.0300,19,1
2026-02-05,000001,10:45:42,11.0300,1,1
2026-02-05,000001,10:45:45,11.0300,13,1
2026-02-05,000001,10:45:48,11.0300,10,1
2026-02-05,000001,10:45:51,11.0300,33,1
2026-02-05,000001,10:45:54,11.0200,28,2
2026-02-05,000001,10:45:57,11.0300,51,1
2026-02-05,000001,10:46:00,11.0300,13,1
2026-02-05,000001,10:46:03,11.0200,10,2
2026-02-05,000001,10:46:09,11.0200,83,2
2026-02-05,000001,10:46:12,11.0200,32,2
2026-02-05,000001,10:46:15,11.0300,54,1
2026-02-05,000001,10:46:18,11.0300,21,1
2026-02-05,000001,10:46:21,11.0200,52,2
2026-02-05,000001,10:46:24,11.0200,22,2
2026-02-05,000001,10:46:27,11.0200,42,2
2026-02-05,000001,10:46:30,11.0300,26,1
2026-02-05,000001,10:46:33,11.0200,3,2
2026-02-05,000001,10:46:36,11.0300,1,1
2026-02-05,000001,10:46:39,11.0300,78,1
2026-02-05,000001,10:46:45,11.0200,6,2
2026-02-05,000001,10:46:48,11.0200,5,2
2026-02-05,000001,10:46:54,11.0200,22,2
2026-02-05,000001,10:46:57,11.0200,22,2
2026-02-05,000001,10:47:00,11.0200,8,2
2026-02-05,000001,10:47:03,11.0200,70,2
2026-02-05,000001,10:47:06,11.0200,70,2
2026-02-05,000001,10:47:09,11.0200,1060,2
2026-02-05,000001,10:47:12,11.0200,2833,2
2026-02-05,000001,10:47:15,11.0200,29,2
2026-02-05,000001,10:47:18,11.0200,211,2
2026-02-05,000001,10:47:21,11.0200,305,2
2026-02-05,000001,10:47:24,11.0200,27,2
2026-02-05,000001,10:47:27,11.0200,1837,2
2026-02-05,000001,10:47:30,11.0100,65,2
2026-02-05,000001,10:47:33,11.0200,108,1
2026-02-05,000001,10:47:36,11.0100,2,2
2026-02-05,000001,10:47:39,11.0100,16,2
2026-02-05,000001,10:47:42,11.0100,113,2
2026-02-05,000001,10:47:45,11.0200,30,1
2026-02-05,000001,10:47:48,11.0100,16,2
2026-02-05,000001,10:47:54,11.0100,106,2
2026-02-05,000001,10:47:57,11.0200,10,1
2026-02-05,000001,10:48:03,11.0100,41,2
2026-02-05,000001,10:48:06,11.0200,389,1
2026-02-05,000001,10:48:09,11.0200,30,1
2026-02-05,000001,10:48:15,11.0100,51,2
2026-02-05,000001,10:48:18,11.0100,10,2
2026-02-05,000001,10:48:21,11.0100,4,2
2026-02-05,000001,10:48:24,11.0200,1,1
2026-02-05,000001,10:48:27,11.0100,65,2
2026-02-05,000001,10:48:36,11.0200,10,1
2026-02-05,000001,10:48:39,11.0200,29,1
2026-02-05,000001,10:48:42,11.0200,1,1
2026-02-05,000001,10:48:45,11.0200,9,1
2026-02-05,000001,10:48:48,11.0100,66,2
2026-02-05,000001,10:48:51,11.0200,106,1
2026-02-05,000001,10:48:57,11.0200,35,1
2026-02-05,000001,10:49:03,11.0200,41,1
2026-02-05,000001,10:49:06,11.0100,4,2
2026-02-05,000001,10:49:09,11.0100,902,2
2026-02-05,000001,10:49:12,11.0200,4,1
2026-02-05,000001,10:49:15,11.0200,1,1
2026-02-05,000001,10:49:18,11.0200,105,1
2026-02-05,000001,10:49:21,11.0200,358,1
2026-02-05,000001,10:49:24,11.0200,169,1
2026-02-05,000001,10:49:30,11.0200,17,1
2026-02-05,000001,10:49:33,11.0100,13,2
2026-02-05,000001,10:49:36,11.0100,51,2
2026-02-05,000001,10:49:39,11.0100,21,2
2026-02-05,000001,10:49:42,11.0100,7,2
2026-02-05,000001,10:49:45,11.0200,10,1
2026-02-05,000001,10:49:48,11.0100,100,2
2026-02-05,000001,10:49:51,11.0100,40,2
2026-02-05,000001,10:49:54,11.0100,26,2
2026-02-05,000001,10:49:57,11.0200,2,1
2026-02-05,000001,10:50:00,11.0100,77,2
2026-02-05,000001,10:50:03,11.0100,5,2
2026-02-05,000001,10:50:06,11.0100,58,2
2026-02-05,000001,10:50:09,11.0100,10,2
2026-02-05,000001,10:50:12,11.0200,26,1
2026-02-05,000001,10:50:15,11.0100,74,2
2026-02-05,000001,10:50:18,11.0100,491,2
2026-02-05,000001,10:50:21,11.0100,341,2
2026-02-05,000001,10:50:27,11.0100,173,2
2026-02-05,000001,10:50:30,11.0100,20,2
2026-02-05,000001,10:50:33,11.0100,4,2
2026-02-05,000001,10:50:36,11.0200,41,1
2026-02-05,000001,10:50:39,11.0100,10,2
2026-02-05,000001,10:50:42,11.0100,17,2
2026-02-05,000001,10:50:45,11.0100,104,2
2026-02-05,000001,10:50:48,11.0100,61,2
2026-02-05,000001,10:50:51,11.0100,36,2
2026-02-05,000001,10:50:54,11.0100,28,2
2026-02-05,000001,10:50:57,11.0100,6,2
2026-02-05,000001,10:51:00,11.0100,1,2
2026-02-05,000001,10:51:03,11.0100,58,2
2026-02-05,000001,10:51:06,11.0100,32,2
2026-02-05,000001,10:51:09,11.0100,146,2
2026-02-05,000001,10:51:12,11.0100,34,2
2026-02-05,000001,10:51:15,11.0100,17,2
2026-02-05,000001,10:51:18,11.0100,248,2
2026-02-05,000001,10:51:21,11.0100,188,2
2026-02-05,000001,10:51:24,11.0200,130,1
2026-02-05,000001,10:51:27,11.0200,2,1
2026-02-05,000001,10:51:30,11.0100,1788,2
2026-02-05,000001,10:51:33,11.0100,569,2
2026-02-05,000001,10:51:36,11.0200,455,1
2026-02-05,000001,10:51:39,11.0200,251,1
2026-02-05,000001,10:51:42,11.0100,35,2
2026-02-05,000001,10:51:45,11.0100,189,2
2026-02-05,000001,10:51:48,11.0100,16,2
2026-02-05,000001,10:51:51,11.0100,1102,2
2026-02-05,000001,10:51:54,11.0100,264,1
2026-02-05,000001,10:51:57,11.0100,138,1
2026-02-05,000001,10:52:00,11.0100,26,1
2026-02-05,000001,10:52:03,11.0100,21,1
2026-02-05,000001,10:52:06,11.0100,370,1
2026-02-05,000001,10:52:09,11.0100,22,1
2026-02-05,000001,10:52:12,11.0100,95,1
2026-02-05,000001,10:52:15,11.0100,109,1
2026-02-05,000001,10:52:18,11.0000,93,2
2026-02-05,000001,10:52:21,11.0000,146,2
2026-02-05,000001,10:52:24,11.0000,170,2
2026-02-05,000001,10:52:27,11.0000,147,2
2026-02-05,000001,10:52:30,11.0000,66,2
2026-02-05,000001,10:52:33,11.0000,19,2
2026-02-05,000001,10:52:36,11.0000,31,2
2026-02-05,000001,10:52:39,11.0100,43,1
2026-02-05,000001,10:52:42,11.0000,45,2
2026-02-05,000001,10:52:45,11.0000,214,2
2026-02-05,000001,10:52:48,11.0000,192,2
2026-02-05,000001,10:52:51,11.0000,11,2
2026-02-05,000001,10:52:54,11.0100,34,1
2026-02-05,000001,10:52:57,11.0100,59,1
2026-02-05,000001,10:53:00,11.0000,13,2
2026-02-05,000001,10:53:03,11.0000,94,2
2026-02-05,000001,10:53:06,11.0000,1124,2
2026-02-05,000001,10:53:09,11.0100,107,1
2026-02-05,000001,10:53:12,11.0000,608,2
2026-02-05,000001,10:53:15,11.0000,12,2
2026-02-05,000001,10:53:18,11.0000,21,2
2026-02-05,000001,10:53:21,11.0000,39,2
2026-02-05,000001,10:53:24,11.0000,230,2
2026-02-05,000001,10:53:27,11.0100,27,1
2026-02-05,000001,10:53:30,11.0000,57,2
2026-02-05,000001,10:53:33,11.0100,110,1
2026-02-05,000001,10:53:36,11.0100,80,1
2026-02-05,000001,10:53:39,11.0000,126,2
2026-02-05,000001,10:53:42,11.0000,6,2
2026-02-05,000001,10:53:45,11.0000,21,2
2026-02-05,000001,10:53:48,11.0100,651,1
2026-02-05,000001,10:53:51,11.0000,45,2
2026-02-05,000001,10:53:54,11.0000,60,2
2026-02-05,000001,10:53:57,11.0100,29,1
2026-02-05,000001,10:54:00,11.0100,10,1
2026-02-05,000001,10:54:03,11.0000,59,2
2026-02-05,000001,10:54:06,11.0000,94,2
2026-02-05,000001,10:54:09,11.0000,127,2
2026-02-05,000001,10:54:12,11.0000,150,2
2026-02-05,000001,10:54:15,11.0000,121,2
2026-02-05,000001,10:54:18,11.0000,130,2
2026-02-05,000001,10:54:21,11.0000,33,2
2026-02-05,000001,10:54:24,11.0000,77,2
2026-02-05,000001,10:54:27,11.0000,1007,2
2026-02-05,000001,10:54:30,11.0100,7,1
2026-02-05,000001,10:54:33,11.0100,181,1
2026-02-05,000001,10:54:36,11.0000,335,2
2026-02-05,000001,10:54:39,11.0000,198,2
2026-02-05,000001,10:54:42,11.0000,108,2
2026-02-05,000001,10:54:45,11.0100,163,1
2026-02-05,000001,10:54:48,11.0000,538,2
2026-02-05,000001,10:54:54,11.0100,71,1
2026-02-05,000001,10:54:57,11.0000,7,2
2026-02-05,000001,10:55:00,11.0000,210,2
2026-02-05,000001,10:55:03,11.0000,337,2
2026-02-05,000001,10:55:06,11.0000,3058,2
2026-02-05,000001,10:55:09,10.9900,89,2
2026-02-05,000001,10:55:12,10.9900,60,2
2026-02-05,000001,10:55:15,11.0000,7,1
2026-02-05,000001,10:55:18,10.9900,131,2
2026-02-05,000001,10:55:21,10.9900,109,2
2026-02-05,000001,10:55:24,10.9900,64,2
2026-02-05,000001,10:55:27,10.9900,97,2
2026-02-05,000001,10:55:30,10.9900,103,2
2026-02-05,000001,10:55:33,10.9900,137,2
2026-02-05,000001,10:55:36,10.9900,14,2
2026-02-05,000001,10:55:39,10.9900,28,2
2026-02-05,000001,10:55:42,11.0000,128,1
2026-02-05,000001,10:55:45,10.9900,145,2
2026-02-05,000001,10:55:48,10.9900,628,2
2026-02-05,000001,10:55:51,10.9900,70,2
2026-02-05,000001,10:55:54,11.0000,53,1
2026-02-05,000001,10:55:57,10.9900,5,2
2026-02-05,000001,10:56:00,11.0000,19,1
2026-02-05,000001,10:56:03,11.0000,44,1
2026-02-05,000001,10:56:09,11.0000,58,1
2026-02-05,000001,10:56:12,11.0000,6,1
2026-02-05,000001,10:56:15,10.9900,41,2
2026-02-05,000001,10:56:18,10.9900,16,2
2026-02-05,000001,10:56:21,10.9900,6,2
2026-02-05,000001,10:56:24,10.9900,301,2
2026-02-05,000001,10:56:27,10.9900,25,2
2026-02-05,000001,10:56:30,10.9900,101,2
2026-02-05,000001,10:56:33,11.0000,19,1
2026-02-05,000001,10:56:36,11.0000,19,1
2026-02-05,000001,10:56:39,10.9900,30,2
2026-02-05,000001,10:56:42,11.0000,2,1
2026-02-05,000001,10:56:45,11.0000,50,1
2026-02-05,000001,10:56:48,10.9900,31,2
2026-02-05,000001,10:56:51,10.9900,19,2
2026-02-05,000001,10:56:54,10.9900,51,2
2026-02-05,000001,10:56:57,10.9900,2,2
2026-02-05,000001,10:57:00,10.9900,10,2
2026-02-05,000001,10:57:03,11.0000,285,1
2026-02-05,000001,10:57:06,11.0000,1,1
2026-02-05,000001,10:57:09,10.9900,275,2
2026-02-05,000001,10:57:12,11.0000,1469,1
2026-02-05,000001,10:57:15,11.0000,108,1
2026-02-05,000001,10:57:21,11.0000,1,1
2026-02-05,000001,10:57:24,11.0000,41,1
2026-02-05,000001,10:57:27,11.0000,1106,1
2026-02-05,000001,10:57:30,10.9900,1,2
2026-02-05,000001,10:57:33,11.0000,48,1
2026-02-05,000001,10:57:36,10.9900,1,2
2026-02-05,000001,10:57:39,10.9900,19,2
2026-02-05,000001,10:57:42,11.0000,13,1
2026-02-05,000001,10:57:45,11.0000,16,1
2026-02-05,000001,10:57:51,11.0000,2,1
2026-02-05,000001,10:57:54,11.0000,293,1
2026-02-05,000001,10:57:57,11.0000,12,1
2026-02-05,000001,10:58:00,11.0000,1,1
2026-02-05,000001,10:58:03,10.9900,20,2
2026-02-05,000001,10:58:06,11.0000,14,1
2026-02-05,000001,10:58:09,10.9900,28,2
2026-02-05,000001,10:58:12,11.0000,876,1
2026-02-05,000001,10:58:15,10.9900,112,2
2026-02-05,000001,10:58:18,11.0000,8,1
2026-02-05,000001,10:58:21,10.9900,47,2
2026-02-05,000001,10:58:24,11.0000,16,1
2026-02-05,000001,10:58:27,11.0000,20,1
2026-02-05,000001,10:58:30,11.0000,110,1
2026-02-05,000001,10:58:33,11.0000,30,1
2026-02-05,000001,10:58:36,11.0000,118,1
2026-02-05,000001,10:58:39,10.9900,26,2
2026-02-05,000001,10:58:42,11.0000,128,1
2026-02-05,000001,10:58:45,11.0000,586,1
2026-02-05,000001,10:58:48,10.9900,45,2
2026-02-05,000001,10:58:51,11.0000,170,1
2026-02-05,000001,10:58:54,11.0000,72,1
2026-02-05,000001,10:58:57,11.0000,52,1
2026-02-05,000001,10:59:00,11.0000,57,1
2026-02-05,000001,10:59:03,11.0000,53,1
2026-02-05,000001,10:59:06,11.0000,528,1
2026-02-05,000001,10:59:09,11.0000,564,1
2026-02-05,000001,10:59:12,11.0100,12,1
2026-02-05,000001,10:59:15,11.0000,131,2
2026-02-05,000001,10:59:18,11.0000,741,2
2026-02-05,000001,10:59:21,11.0000,55,1
2026-02-05,000001,10:59:24,11.0000,240,1
2026-02-05,000001,10:59:27,11.0000,51,1
2026-02-05,000001,10:59:30,11.0000,52,1
2026-02-05,000001,10:59:33,11.0000,137,1
2026-02-05,000001,10:59:36,11.0000,106,1
2026-02-05,000001,10:59:39,11.0000,40,1
2026-02-05,000001,10:59:42,11.0000,23,1
2026-02-05,000001,10:59:45,11.0000,65,1
2026-02-05,000001,10:59:48,11.0000,226,1
2026-02-05,000001,10:59:51,11.0000,69,2
2026-02-05,000001,10:59:54,11.0000,67,2
2026-02-05,000001,10:59:57,11.0000,4,1
2026-02-05,000001,11:00:00,11.0000,135,1
2026-02-05,000001,11:00:03,11.0000,156,1
2026-02-05,000001,11:00:06,11.0000,400,1
2026-02-05,000001,11:00:09,11.0000,57,1
2026-02-05,000001,11:00:15,11.0000,3,1
2026-02-05,000001,11:00:18,11.0000,4,1
2026-02-05,000001,11:00:21,10.9900,8782,2
2026-02-05,000001,11:00:24,10.9900,53,1
2026-02-05,000001,11:00:27,10.9900,96,1
2026-02-05,000001,11:00:30,10.9900,72,1
2026-02-05,000001,11:00:36,10.9900,184,1
2026-02-05,000001,11:00:39,10.9900,145,1
2026-02-05,000001,11:00:42,10.9900,5,1
2026-02-05,000001,11:00:45,10.9900,111,1
2026-02-05,000001,11:00:48,10.9800,12,2
2026-02-05,000001,11:00:51,10.9900,253,1
2026-02-05,000001,11:00:57,10.9900,109,1
2026-02-05,000001,11:01:00,10.9900,381,1
2026-02-05,000001,11:01:03,10.9800,812,2
2026-02-05,000001,11:01:06,10.9900,123,1
2026-02-05,000001,11:01:09,10.9800,17,2
2026-02-05,000001,11:01:12,10.9900,2,1
2026-02-05,000001,11:01:15,10.9900,10,1
2026-02-05,000001,11:01:18,10.9800,3367,2
2026-02-05,000001,11:01:21,10.9800,1847,2
2026-02-05,000001,11:01:24,10.9800,6617,2
2026-02-05,000001,11:01:27,10.9800,675,1
2026-02-05,000001,11:01:30,10.9800,1742,1
2026-02-05,000001,11:01:33,10.9800,5,1
2026-02-05,000001,11:01:36,10.9800,3654,1
2026-02-05,000001,11:01:39,10.9700,56,2
2026-02-05,000001,11:01:42,10.9800,80,1
2026-02-05,000001,11:01:48,10.9700,1082,2
2026-02-05,000001,11:01:51,10.9800,19,1
2026-02-05,000001,11:01:57,10.9700,12,2
2026-02-05,000001,11:02:00,10.9800,804,1
2026-02-05,000001,11:02:03,10.9800,88,1
2026-02-05,000001,11:02:06,10.9700,42,2
2026-02-05,000001,11:02:09,10.9800,21,1
2026-02-05,000001,11:02:12,10.9800,31,1
2026-02-05,000001,11:02:15,10.9800,103,1
2026-02-05,000001,11:02:18,10.9700,13,2
2026-02-05,000001,11:02:24,10.9800,67,1
2026-02-05,000001,11:02:27,10.9700,92,2
2026-02-05,000001,11:02:30,10.9800,17,1
2026-02-05,000001,11:02:33,10.9700,26,2
2026-02-05,000001,11:02:36,10.9800,211,1
2026-02-05,000001,11:02:39,10.9800,18,1
2026-02-05,000001,11:02:42,10.9800,2,1
2026-02-05,000001,11:02:45,10.9700,18,2
2026-02-05,000001,11:02:48,10.9800,1,1
2026-02-05,000001,11:02:51,10.9800,1,1
2026-02-05,000001,11:02:54,10.9800,15,1
2026-02-05,000001,11:02:57,10.9800,143,1
2026-02-05,000001,11:03:00,10.9800,4,1
2026-02-05,000001,11:03:03,10.9800,31,1
2026-02-05,000001,11:03:06,10.9800,70,1
2026-02-05,000001,11:03:09,10.9800,4,1
2026-02-05,000001,11:03:12,10.9800,1078,1
2026-02-05,000001,11:03:18,10.9800,160,1
2026-02-05,000001,11:03:21,10.9800,21,1
2026-02-05,000001,11:03:24,10.9800,386,1
2026-02-05,000001,11:03:27,10.9800,84,1
2026-02-05,000001,11:03:30,10.9800,333,1
2026-02-05,000001,11:03:33,10.9800,63,2
2026-02-05,000001,11:03:36,10.9800,11,2
2026-02-05,000001,11:03:39,10.9800,118,2
2026-02-05,000001,11:03:42,10.9800,56,2
2026-02-05,000001,11:03:45,10.9900,44,1
2026-02-05,000001,11:03:51,10.9800,300,2
2026-02-05,000001,11:03:54,10.9900,5,1
2026-02-05,000001,11:03:57,10.9900,114,1
2026-02-05,000001,11:04:00,10.9800,128,2
2026-02-05,000001,11:04:03,10.9900,133,1
2026-02-05,000001,11:04:06,10.9800,30,2
2026-02-05,000001,11:04:12,10.9900,28,1
2026-02-05,000001,11:04:15,10.9900,12,1
2026-02-05,000001,11:04:18,10.9900,48,1
2026-02-05,000001,11:04:21,10.9900,21,1
2026-02-05,000001,11:04:24,10.9800,28,2
2026-02-05,000001,11:04:27,10.9900,48,1
2026-02-05,000001,11:04:30,10.9900,5,1
2026-02-05,000001,11:04:33,10.9900,34,1
2026-02-05,000001,11:04:36,10.9800,210,2
2026-02-05,000001,11:04:39,10.9900,10,1
2026-02-05,000001,11:04:45,10.9900,4,1
2026-02-05,000001,11:04:57,10.9900,23,1
2026-02-05,000001,11:05:00,10.9900,12,1
2026-02-05,000001,11:05:09,10.9800,48,2
2026-02-05,000001,11:05:12,10.9900,32,1
2026-02-05,000001,11:05:15,10.9800,15,2
2026-02-05,000001,11:05:18,10.9900,89,1
2026-02-05,000001,11:05:24,10.9800,2,2
2026-02-05,000001,11:05:27,10.9900,42,1
2026-02-05,000001,11:05:30,10.9800,14,2
2026-02-05,000001,11:05:33,10.9900,4,1
2026-02-05,000001,11:05:36,10.9800,55,2
2026-02-05,000001,11:05:39,10.9900,16,1
2026-02-05,000001,11:05:42,10.9900,10,1
2026-02-05,000001,11:05:45,10.9800,45,2
2026-02-05,000001,11:05:54,10.9900,79,1
2026-02-05,000001,11:05:57,10.9900,2,1
2026-02-05,000001,11:06:03,10.9900,78,1
2026-02-05,000001,11:06:06,10.9900,41,1
2026-02-05,000001,11:06:09,10.9900,136,1
2026-02-05,000001,11:06:12,10.9900,9,1
2026-02-05,000001,11:06:15,10.9900,9,1
2026-02-05,000001,11:06:18,10.9900,107,1
2026-02-05,000001,11:06:21,10.9900,8,1
2026-02-05,000001,11:06:24,10.9900,63,1
2026-02-05,000001,11:06:27,10.9800,36,2
2026-02-05,000001,11:06:30,10.9900,97,1
2026-02-05,000001,11:06:33,10.9900,46,1
2026-02-05,000001,11:06:36,10.9900,24,1
2026-02-05,000001,11:06:39,10.9800,11,2
2026-02-05,000001,11:06:42,10.9900,130,1
2026-02-05,000001,11:06:45,10.9900,7,1
2026-02-05,000001,11:06:48,10.9800,30,2
2026-02-05,000001,11:06:51,10.9900,75,1
2026-02-05,000001,11:06:54,10.9900,2,1
2026-02-05,000001,11:07:03,10.9900,117,1
2026-02-05,000001,11:07:06,10.9900,9,1
2026-02-05,000001,11:07:09,10.9800,27,2
2026-02-05,000001,11:07:12,10.9900,33,1
2026-02-05,000001,11:07:15,10.9800,30,2
2026-02-05,000001,11:07:18,10.9900,60,1
2026-02-05,000001,11:07:21,10.9900,60,1
2026-02-05,000001,11:07:24,10.9900,38,1
2026-02-05,000001,11:07:27,10.9900,83,2
2026-02-05,000001,11:07:30,10.9800,152,2
2026-02-05,000001,11:07:33,11.0000,23,1
2026-02-05,000001,11:07:36,10.9900,18,2
2026-02-05,000001,11:07:39,10.9900,64,2
2026-02-05,000001,11:07:42,10.9800,6,2
2026-02-05,000001,11:07:45,10.9900,73,1
2026-02-05,000001,11:07:48,10.9900,95,1
2026-02-05,000001,11:07:51,10.9900,1,1
2026-02-05,000001,11:07:54,10.9900,10,1
2026-02-05,000001,11:07:57,10.9800,433,2
2026-02-05,000001,11:08:00,10.9800,16,2
2026-02-05,000001,11:08:03,10.9900,278,1
2026-02-05,000001,11:08:06,10.9800,15,2
2026-02-05,000001,11:08:09,10.9900,82,1
2026-02-05,000001,11:08:12,10.9900,33,1
2026-02-05,000001,11:08:15,10.9800,17,2
