date,code,time,price,volume,bs
2026-03-16,601012,14:07:08,18.6300,294,2
2026-03-16,601012,14:07:11,18.6400,401,1
2026-03-16,601012,14:07:14,18.6400,197,1
2026-03-16,601012,14:07:17,18.6300,204,2
2026-03-16,601012,14:07:20,18.6200,174,2
2026-03-16,601012,14:07:23,18.6300,157,2
2026-03-16,601012,14:07:26,18.6300,439,2
2026-03-16,601012,14:07:29,18.6400,882,1
2026-03-16,601012,14:07:32,18.6300,127,2
2026-03-16,601012,14:07:35,18.6300,185,2
2026-03-16,601012,14:07:38,18.6300,152,2
2026-03-16,601012,14:07:41,18.6200,284,2
2026-03-16,601012,14:07:44,18.6300,189,4
2026-03-16,601012,14:07:47,18.6300,576,1
2026-03-16,601012,14:07:50,18.6300,582,2
2026-03-16,601012,14:07:53,18.6300,349,2
2026-03-16,601012,14:07:56,18.6300,1165,2
2026-03-16,601012,14:07:59,18.6300,677,1
2026-03-16,601012,14:08:02,18.6300,137,2
2026-03-16,601012,14:08:05,18.6300,155,2
2026-03-16,601012,14:08:08,18.6300,749,2
2026-03-16,601012,14:08:11,18.6400,870,1
2026-03-16,601012,14:08:14,18.6500,669,1
2026-03-16,601012,14:08:17,18.6400,177,2
2026-03-16,601012,14:08:20,18.6400,174,2
2026-03-16,601012,14:08:23,18.6500,1230,1
2026-03-16,601012,14:08:26,18.6400,53,4
2026-03-16,601012,14:08:29,18.6500,453,1
2026-03-16,601012,14:08:32,18.6500,398,1
2026-03-16,601012,14:08:35,18.6400,113,2
2026-03-16,601012,14:08:38,18.6400,181,2
2026-03-16,601012,14:08:41,18.6400,485,1
2026-03-16,601012,14:08:44,18.6400,77,2
2026-03-16,601012,14:08:47,18.6500,204,1
2026-03-16,601012,14:08:50,18.6400,71,2
2026-03-16,601012,14:08:53,18.6500,149,1
2026-03-16,601012,14:08:56,18.6400,55,2
2026-03-16,601012,14:08:59,18.6500,606,1
2026-03-16,601012,14:09:02,18.6500,990,1
2026-03-16,601012,14:09:05,18.6600,252,1
2026-03-16,601012,14:09:08,18.6600,450,1
2026-03-16,601012,14:09:11,18.6600,132,1
2026-03-16,601012,14:09:14,18.6600,58,2
2026-03-16,601012,14:09:17,18.6700,224,1
2026-03-16,601012,14:09:20,18.6600,99,2
2026-03-16,601012,14:09:23,18.6700,112,1
2026-03-16,601012,14:09:26,18.6600,38,2
2026-03-16,601012,14:09:29,18.6800,69,1
2026-03-16,601012,14:09:32,18.6700,135,1
2026-03-16,601012,14:09:35,18.6800,240,1
2026-03-16,601012,14:09:38,18.6800,69,1
2026-03-16,601012,14:09:41,18.6800,229,1
2026-03-16,601012,14:09:44,18.6700,91,2
2026-03-16,601012,14:09:47,18.6800,81,1
2026-03-16,601012,14:09:50,18.6700,173,2
2026-03-16,601012,14:09:53,18.6800,94,1
2026-03-16,601012,14:09:56,18.6700,338,2
2026-03-16,601012,14:09:59,18.6700,119,2
2026-03-16,601012,14:10:02,18.6800,305,1
2026-03-16,601012,14:10:05,18.6700,203,2
2026-03-16,601012,14:10:08,18.6800,35,1
2026-03-16,601012,14:10:11,18.6600,89,2
2026-03-16,601012,14:10:14,18.6700,453,1
2026-03-16,601012,14:10:17,18.6700,302,2
2026-03-16,601012,14:10:20,18.6700,375,2
2026-03-16,601012,14:10:23,18.6800,158,1
2026-03-16,601012,14:10:26,18.6700,85,2
2026-03-16,601012,14:10:29,18.6700,90,2
2026-03-16,601012,14:10:32,18.6700,790,2
2026-03-16,601012,14:10:35,18.6800,296,1
2026-03-16,601012,14:10:38,18.6700,226,2
2026-03-16,601012,14:10:41,18.6700,42,2
2026-03-16,601012,14:10:44,18.6700,169,2
2026-03-16,601012,14:10:47,18.6700,29,2
2026-03-16,601012,14:10:50,18.6900,112,1
2026-03-16,601012,14:10:53,18.6800,533,4
2026-03-16,601012,14:10:56,18.6700,131,2
2026-03-16,601012,14:10:59,18.6800,20,1
2026-03-16,601012,14:11:02,18.6800,116,1
2026-03-16,601012,14:11:05,18.6800,100,1
2026-03-16,601012,14:11:08,18.6900,177,1
2026-03-16,601012,14:11:11,18.6900,34,1
2026-03-16,601012,14:11:14,18.6800,103,2
2026-03-16,601012,14:11:17,18.6800,17,2
2026-03-16,601012,14:11:20,18.6800,68,2
2026-03-16,601012,14:11:23,18.6900,251,1
2026-03-16,601012,14:11:26,18.6900,96,1
2026-03-16,601012,14:11:29,18.6900,146,1
2026-03-16,601012,14:11:32,18.6900,112,1
2026-03-16,601012,14:11:35,18.6900,124,1
2026-03-16,601012,14:11:38,18.6900,263,1
2026-03-16,601012,14:11:41,18.6900,231,1
2026-03-16,601012,14:11:44,18.6900,289,1
2026-03-16,601012,14:11:47,18.6900,220,1
2026-03-16,601012,14:11:50,18.6900,114,1
2026-03-16,601012,14:11:53,18.6800,1065,2
2026-03-16,601012,14:11:56,18.6900,113,1
2026-03-16,601012,14:11:59,18.6900,121,1
2026-03-16,601012,14:12:02,18.6900,47,1
2026-03-16,601012,14:12:05,18.6900,1834,2
2026-03-16,601012,14:12:08,18.6800,14,4
2026-03-16,601012,14:12:11,18.6900,142,1
2026-03-16,601012,14:12:14,18.6900,76,1
2026-03-16,601012,14:12:17,18.6800,100,4
2026-03-16,601012,14:12:20,18.6700,265,2
2026-03-16,601012,14:12:23,18.6800,476,1
2026-03-16,601012,14:12:26,18.6900,148,1
2026-03-16,601012,14:12:29,18.6800,71,4
2026-03-16,601012,14:12:32,18.6700,309,2
2026-03-16,601012,14:12:35,18.6800,318,1
2026-03-16,601012,14:12:38,18.6600,247,2
2026-03-16,601012,14:12:41,18.6700,73,1
2026-03-16,601012,14:12:44,18.6700,509,2
2026-03-16,601012,14:12:47,18.6700,74,2
2026-03-16,601012,14:12:50,18.6800,79,1
2026-03-16,601012,14:12:53,18.6800,49,1
2026-03-16,601012,14:12:56,18.6700,66,2
2026-03-16,601012,14:12:59,18.6800,91,1
2026-03-16,601012,14:13:02,18.6700,52,2
2026-03-16,601012,14:13:05,18.6700,130,1
2026-03-16,601012,14:13:08,18.6800,113,1
2026-03-16,601012,14:13:11,18.6700,31,2
2026-03-16,601012,14:13:14,18.6800,106,1
2026-03-16,601012,14:13:17,18.6700,28,2
2026-03-16,601012,14:13:20,18.6700,459,2
2026-03-16,601012,14:13:23,18.6700,184,2
2026-03-16,601012,14:13:26,18.6800,84,1
2026-03-16,601012,14:13:29,18.6700,112,2
2026-03-16,601012,14:13:32,18.6800,89,1
2026-03-16,601012,14:13:35,18.6700,40,2
2026-03-16,601012,14:13:38,18.6800,37,1
2026-03-16,601012,14:13:41,18.6700,38,2
2026-03-16,601012,14:13:44,18.6700,59,2
2026-03-16,601012,14:13:47,18.6700,55,2
2026-03-16,601012,14:13:50,18.6800,42,1
2026-03-16,601012,14:13:53,18.6800,188,1
2026-03-16,601012,14:13:56,18.6800,6,1
2026-03-16,601012,14:13:59,18.6700,150,2
2026-03-16,601012,14:14:02,18.6600,204,2
2026-03-16,601012,14:14:05,18.6700,17,1
2026-03-16,601012,14:14:08,18.6700,73,1
2026-03-16,601012,14:14:11,18.6700,81,1
2026-03-16,601012,14:14:14,18.6700,67,1
2026-03-16,601012,14:14:17,18.6600,53,2
2026-03-16,601012,14:14:20,18.6600,129,2
2026-03-16,601012,14:14:23,18.6600,142,2
2026-03-16,601012,14:14:26,18.6700,71,1
2026-03-16,601012,14:14:29,18.6700,100,1
2026-03-16,601012,14:14:32,18.6700,308,1
2026-03-16,601012,14:14:35,18.6600,36,2
2026-03-16,601012,14:14:38,18.6600,82,2
2026-03-16,601012,14:14:41,18.6600,54,2
2026-03-16,601012,14:14:44,18.6600,53,2
2026-03-16,601012,14:14:47,18.6600,139,2
2026-03-16,601012,14:14:50,18.6600,87,2
2026-03-16,601012,14:14:53,18.6600,96,2
2026-03-16,601012,14:14:56,18.6700,128,1
2026-03-16,601012,14:14:59,18.6600,45,2
2026-03-16,601012,14:15:02,18.6600,173,2
2026-03-16,601012,14:15:05,18.6700,29,1
2026-03-16,601012,14:15:08,18.6600,46,2
2026-03-16,601012,14:15:11,18.6600,210,2
2026-03-16,601012,14:15:14,18.6600,80,2
2026-03-16,601012,14:15:17,18.6700,614,1
2026-03-16,601012,14:15:20,18.6700,319,1
2026-03-16,601012,14:15:23,18.6700,275,2
2026-03-16,601012,14:15:26,18.6700,88,2
2026-03-16,601012,14:15:29,18.6800,489,1
2026-03-16,601012,14:15:32,18.6900,1174,1
2026-03-16,601012,14:15:35,18.6800,4,2
2026-03-16,601012,14:15:38,18.6800,84,2
2026-03-16,601012,14:15:41,18.6900,21,1
2026-03-16,601012,14:15:44,18.6800,109,2
2026-03-16,601012,14:15:47,18.6800,589,2
2026-03-16,601012,14:15:50,18.6800,152,1
2026-03-16,601012,14:15:53,18.6900,44,1
2026-03-16,601012,14:15:56,18.6800,144,2
2026-03-16,601012,14:15:59,18.6900,115,1
2026-03-16,601012,14:16:02,18.6900,106,1
2026-03-16,601012,14:16:05,18.7000,809,1
2026-03-16,601012,14:16:08,18.6900,586,2
2026-03-16,601012,14:16:11,18.6900,380,1
2026-03-16,601012,14:16:14,18.7000,46,1
2026-03-16,601012,14:16:17,18.6900,198,2
2026-03-16,601012,14:16:20,18.6900,135,2
2026-03-16,601012,14:16:23,18.7000,247,1
2026-03-16,601012,14:16:26,18.7000,269,1
2026-03-16,601012,14:16:29,18.6900,301,2
2026-03-16,601012,14:16:32,18.6900,83,2
2026-03-16,601012,14:16:35,18.6900,170,2
2026-03-16,601012,14:16:38,18.6900,275,2
2026-03-16,601012,14:16:41,18.7000,245,1
2026-03-16,601012,14:16:44,18.7000,182,1
2026-03-16,601012,14:16:47,18.7000,234,1
2026-03-16,601012,14:16:50,18.6900,81,2
2026-03-16,601012,14:16:53,18.6900,277,2
2026-03-16,601012,14:16:56,18.7000,112,1
2026-03-16,601012,14:16:59,18.7000,215,1
2026-03-16,601012,14:17:02,18.6900,177,2
2026-03-16,601012,14:17:05,18.7000,1778,1
2026-03-16,601012,14:17:08,18.7000,83,2
2026-03-16,601012,14:17:11,18.7000,527,2
2026-03-16,601012,14:17:14,18.7000,188,2
2026-03-16,601012,14:17:17,18.7000,85,2
2026-03-16,601012,14:17:20,18.7100,285,1
2026-03-16,601012,14:17:23,18.7000,317,2
2026-03-16,601012,14:17:26,18.7100,114,1
2026-03-16,601012,14:17:29,18.7100,87,1
2026-03-16,601012,14:17:32,18.7100,206,1
2026-03-16,601012,14:17:35,18.7100,471,1
2026-03-16,601012,14:17:38,18.7100,212,1
2026-03-16,601012,14:17:41,18.7100,352,2
2026-03-16,601012,14:17:44,18.7100,574,1
2026-03-16,601012,14:17:47,18.7100,251,1
2026-03-16,601012,14:17:50,18.7100,166,1
2026-03-16,601012,14:17:53,18.7100,48,1
2026-03-16,601012,14:17:56,18.7100,209,1
2026-03-16,601012,14:17:59,18.7100,75,1
2026-03-16,601012,14:18:02,18.7100,73,1
2026-03-16,601012,14:18:05,18.7100,790,1
2026-03-16,601012,14:18:08,18.7000,150,2
2026-03-16,601012,14:18:11,18.7000,54,1
2026-03-16,601012,14:18:14,18.7000,132,1
2026-03-16,601012,14:18:17,18.6900,86,2
2026-03-16,601012,14:18:20,18.6900,39,2
2026-03-16,601012,14:18:23,18.7000,402,1
2026-03-16,601012,14:18:26,18.6900,171,2
2026-03-16,601012,14:18:29,18.7000,23,1
2026-03-16,601012,14:18:32,18.6900,268,2
2026-03-16,601012,14:18:35,18.7000,6,1
2026-03-16,601012,14:18:38,18.6900,177,2
2026-03-16,601012,14:18:41,18.7000,66,1
2026-03-16,601012,14:18:44,18.6900,73,2
2026-03-16,601012,14:18:47,18.7000,269,1
2026-03-16,601012,14:18:50,18.6900,121,2
2026-03-16,601012,14:18:53,18.7000,50,1
2026-03-16,601012,14:18:56,18.7100,1471,1
2026-03-16,601012,14:18:59,18.7000,128,2
2026-03-16,601012,14:19:02,18.7000,179,1
2026-03-16,601012,14:19:05,18.7000,28,1
2026-03-16,601012,14:19:08,18.7000,65,1
2026-03-16,601012,14:19:11,18.6900,85,2
2026-03-16,601012,14:19:14,18.7000,255,1
2026-03-16,601012,14:19:17,18.7000,84,1
2026-03-16,601012,14:19:20,18.7000,127,1
2026-03-16,601012,14:19:23,18.7000,71,1
2026-03-16,601012,14:19:26,18.7000,212,1
2026-03-16,601012,14:19:29,18.6900,99,2
2026-03-16,601012,14:19:32,18.6900,82,2
2026-03-16,601012,14:19:35,18.6900,119,2
2026-03-16,601012,14:19:38,18.7000,391,1
2026-03-16,601012,14:19:41,18.7000,82,1
2026-03-16,601012,14:19:44,18.7000,339,1
2026-03-16,601012,14:19:47,18.7000,167,1
2026-03-16,601012,14:19:50,18.7000,105,1
2026-03-16,601012,14:19:53,18.7000,342,1
2026-03-16,601012,14:19:56,18.7000,111,2
2026-03-16,601012,14:19:59,18.7000,302,1
2026-03-16,601012,14:20:02,18.7000,58,2
2026-03-16,601012,14:20:05,18.7000,34,2
2026-03-16,601012,14:20:08,18.7000,95,2
2026-03-16,601012,14:20:11,18.7000,159,2
2026-03-16,601012,14:20:14,18.7100,172,1
2026-03-16,601012,14:20:17,18.7000,663,2
2026-03-16,601012,14:20:20,18.7000,78,1
2026-03-16,601012,14:20:23,18.7000,92,1
2026-03-16,601012,14:20:26,18.7000,32,1
2026-03-16,601012,14:20:29,18.6900,157,2
2026-03-16,601012,14:20:32,18.7000,175,1
2026-03-16,601012,14:20:35,18.7000,122,1
2026-03-16,601012,14:20:38,18.7000,55,1
2026-03-16,601012,14:20:41,18.6900,137,2
2026-03-16,601012,14:20:44,18.6900,693,2
2026-03-16,601012,14:20:47,18.7000,61,1
2026-03-16,601012,14:20:50,18.7100,85,1
2026-03-16,601012,14:20:53,18.7100,231,1
2026-03-16,601012,14:20:56,18.7100,58,1
2026-03-16,601012,14:20:59,18.7100,135,1
2026-03-16,601012,14:21:02,18.7100,28,1
2026-03-16,601012,14:21:05,18.6900,117,2
2026-03-16,601012,14:21:08,18.7100,136,1
2026-03-16,601012,14:21:11,18.7100,59,1
2026-03-16,601012,14:21:14,18.7000,94,2
2026-03-16,601012,14:21:17,18.7100,122,1
2026-03-16,601012,14:21:20,18.7000,157,2
2026-03-16,601012,14:21:23,18.7000,120,1
2026-03-16,601012,14:21:26,18.7000,95,1
2026-03-16,601012,14:21:29,18.7000,86,1
2026-03-16,601012,14:21:32,18.7000,174,1
2026-03-16,601012,14:21:35,18.7000,496,1
2026-03-16,601012,14:21:38,18.7000,175,1
2026-03-16,601012,14:21:41,18.6900,133,2
2026-03-16,601012,14:21:44,18.6800,308,2
2026-03-16,601012,14:21:47,18.6900,79,1
2026-03-16,601012,14:21:50,18.6800,5,2
2026-03-16,601012,14:21:53,18.6800,140,2
2026-03-16,601012,14:21:56,18.6900,59,1
2026-03-16,601012,14:21:59,18.6900,255,1
2026-03-16,601012,14:22:02,18.6800,246,2
2026-03-16,601012,14:22:05,18.6800,799,2
2026-03-16,601012,14:22:08,18.6800,165,1
2026-03-16,601012,14:22:11,18.6800,23,2
2026-03-16,601012,14:22:14,18.6800,22,2
2026-03-16,601012,14:22:17,18.6900,86,1
2026-03-16,601012,14:22:20,18.6900,130,1
2026-03-16,601012,14:22:23,18.6800,48,1
2026-03-16,601012,14:22:26,18.6700,62,2
2026-03-16,601012,14:22:29,18.6700,119,2
2026-03-16,601012,14:22:32,18.6700,156,2
2026-03-16,601012,14:22:35,18.6800,118,1
2026-03-16,601012,14:22:38,18.6700,12,2
2026-03-16,601012,14:22:41,18.6800,427,1
2026-03-16,601012,14:22:44,18.6800,77,1
2026-03-16,601012,14:22:47,18.6800,158,1
2026-03-16,601012,14:22:50,18.6800,602,1
2026-03-16,601012,14:22:53,18.6700,174,2
2026-03-16,601012,14:22:56,18.6800,63,1
2026-03-16,601012,14:22:59,18.6700,176,2
2026-03-16,601012,14:23:02,18.6800,175,1
2026-03-16,601012,14:23:05,18.6700,133,2
2026-03-16,601012,14:23:08,18.6800,595,1
2026-03-16,601012,14:23:11,18.6700,89,2
2026-03-16,601012,14:23:14,18.6800,109,1
2026-03-16,601012,14:23:17,18.6800,89,1
2026-03-16,601012,14:23:20,18.6800,25,1
2026-03-16,601012,14:23:23,18.6800,125,1
2026-03-16,601012,14:23:26,18.6800,122,1
2026-03-16,601012,14:23:29,18.6800,134,1
2026-03-16,601012,14:23:32,18.6800,212,1
2026-03-16,601012,14:23:35,18.6800,15,1
2026-03-16,601012,14:23:38,18.6800,117,1
2026-03-16,601012,14:23:41,18.6800,94,1
2026-03-16,601012,14:23:44,18.6800,6,1
2026-03-16,601012,14:23:47,18.6800,709,1
2026-03-16,601012,14:23:50,18.6800,24,2
2026-03-16,601012,14:23:53,18.6900,116,1
2026-03-16,601012,14:23:56,18.6800,41,2
2026-03-16,601012,14:23:59,18.6900,375,1
2026-03-16,601012,14:24:02,18.6900,666,1
2026-03-16,601012,14:24:05,18.6900,562,1
2026-03-16,601012,14:24:08,18.7000,171,1
2026-03-16,601012,14:24:11,18.6900,42,4
2026-03-16,601012,14:24:14,18.6900,47,2
2026-03-16,601012,14:24:17,18.6900,323,2
2026-03-16,601012,14:24:20,18.6900,134,1
2026-03-16,601012,14:24:23,18.6900,195,2
2026-03-16,601012,14:24:26,18.6900,48,1
2026-03-16,601012,14:24:29,18.6900,77,1
2026-03-16,601012,14:24:32,18.6800,149,2
2026-03-16,601012,14:24:35,18.6900,197,1
2026-03-16,601012,14:24:38,18.6800,240,2
2026-03-16,601012,14:24:41,18.6800,198,2
2026-03-16,601012,14:24:44,18.6800,26,2
2026-03-16,601012,14:24:47,18.6800,183,2
2026-03-16,601012,14:24:50,18.6900,93,1
2026-03-16,601012,14:24:53,18.6900,170,1
2026-03-16,601012,14:24:56,18.6900,121,1
2026-03-16,601012,14:24:59,18.6800,111,2
2026-03-16,601012,14:25:02,18.6900,245,1
2026-03-16,601012,14:25:05,18.6900,1110,1
2026-03-16,601012,14:25:08,18.6900,69,1
2026-03-16,601012,14:25:11,18.6800,191,2
2026-03-16,601012,14:25:14,18.6800,101,2
2026-03-16,601012,14:25:17,18.6900,80,1
2026-03-16,601012,14:25:20,18.6800,112,2
2026-03-16,601012,14:25:23,18.6800,70,4
2026-03-16,601012,14:25:26,18.6800,117,2
2026-03-16,601012,14:25:29,18.6800,130,2
2026-03-16,601012,14:25:32,18.6900,114,1
2026-03-16,601012,14:25:35,18.6900,191,1
2026-03-16,601012,14:25:38,18.6900,296,1
2026-03-16,601012,14:25:41,18.6900,149,1
2026-03-16,601012,14:25:44,18.6800,57,2
2026-03-16,601012,14:25:47,18.6800,142,2
2026-03-16,601012,14:25:50,18.6900,86,1
2026-03-16,601012,14:25:53,18.6800,203,2
2026-03-16,601012,14:25:56,18.6900,144,1
2026-03-16,601012,14:25:59,18.6800,794,1
2026-03-16,601012,14:26:02,18.6800,322,4
2026-03-16,601012,14:26:05,18.6700,108,2
2026-03-16,601012,14:26:08,18.6800,141,1
2026-03-16,601012,14:26:11,18.6600,1274,2
2026-03-16,601012,14:26:14,18.6700,168,2
2026-03-16,601012,14:26:17,18.6700,137,2
2026-03-16,601012,14:26:20,18.6600,56,2
2026-03-16,601012,14:26:23,18.6600,61,2
2026-03-16,601012,14:26:26,18.6600,96,2
2026-03-16,601012,14:26:29,18.6700,308,1
2026-03-16,601012,14:26:32,18.6800,166,1
2026-03-16,601012,14:26:35,18.6700,150,2
2026-03-16,601012,14:26:38,18.6600,24,2
2026-03-16,601012,14:26:41,18.6700,65,1
2026-03-16,601012,14:26:44,18.6700,342,1
2026-03-16,601012,14:26:47,18.6600,159,2
2026-03-16,601012,14:26:50,18.6600,247,2
2026-03-16,601012,14:26:53,18.6700,149,1
2026-03-16,601012,14:26:56,18.6600,43,2
2026-03-16,601012,14:26:59,18.6700,170,1
2026-03-16,601012,14:27:02,18.6600,129,2
2026-03-16,601012,14:27:05,18.6700,95,1
2026-03-16,601012,14:27:08,18.6600,164,2
2026-03-16,601012,14:27:11,18.6600,69,2
2026-03-16,601012,14:27:14,18.6700,88,1
2026-03-16,601012,14:27:17,18.6700,49,1
2026-03-16,601012,14:27:20,18.6700,439,1
2026-03-16,601012,14:27:23,18.6600,648,2
2026-03-16,601012,14:27:26,18.6700,268,1
2026-03-16,601012,14:27:29,18.6700,97,2
2026-03-16,601012,14:27:32,18.6700,64,1
2026-03-16,601012,14:27:35,18.6700,86,1
2026-03-16,601012,14:27:38,18.6600,620,2
2026-03-16,601012,14:27:41,18.6700,293,1
2026-03-16,601012,14:27:44,18.6700,170,1
2026-03-16,601012,14:27:47,18.6500,748,2
2026-03-16,601012,14:27:50,18.6700,120,2
2026-03-16,601012,14:27:53,18.6700,123,1
2026-03-16,601012,14:27:56,18.6700,349,1
2026-03-16,601012,14:27:59,18.6600,79,2
2026-03-16,601012,14:28:02,18.6700,44,2
2026-03-16,601012,14:28:05,18.6700,74,2
2026-03-16,601012,14:28:08,18.6700,59,1
2026-03-16,601012,14:28:11,18.6700,104,1
2026-03-16,601012,14:28:14,18.6700,106,1
2026-03-16,601012,14:28:17,18.6600,102,2
2026-03-16,601012,14:28:20,18.6700,96,1
2026-03-16,601012,14:28:23,18.6700,10,2
2026-03-16,601012,14:28:26,18.6600,221,2
2026-03-16,601012,14:28:29,18.6600,124,2
2026-03-16,601012,14:28:32,18.6700,65,1
2026-03-16,601012,14:28:35,18.6600,2723,2
2026-03-16,601012,14:28:38,18.6700,81,4
2026-03-16,601012,14:28:41,18.6700,198,1
2026-03-16,601012,14:28:44,18.6700,147,1
2026-03-16,601012,14:28:47,18.6600,384,2
2026-03-16,601012,14:28:50,18.6700,88,2
2026-03-16,601012,14:28:53,18.6700,131,1
2026-03-16,601012,14:28:56,18.6600,53,2
2026-03-16,601012,14:28:59,18.6700,92,1
2026-03-16,601012,14:29:02,18.6700,75,1
2026-03-16,601012,14:29:05,18.6600,414,2
2026-03-16,601012,14:29:08,18.6700,251,1
2026-03-16,601012,14:29:11,18.6600,37,2
2026-03-16,601012,14:29:14,18.6700,75,1
2026-03-16,601012,14:29:17,18.6700,53,1
2026-03-16,601012,14:29:20,18.6600,104,2
2026-03-16,601012,14:29:23,18.6600,156,2
2026-03-16,601012,14:29:26,18.6600,78,2
2026-03-16,601012,14:29:29,18.6600,313,2
2026-03-16,601012,14:29:32,18.6700,198,1
2026-03-16,601012,14:29:35,18.6700,263,1
2026-03-16,601012,14:29:38,18.6700,105,1
2026-03-16,601012,14:29:41,18.6700,18,1
2026-03-16,601012,14:29:44,18.6700,116,1
2026-03-16,601012,14:29:47,18.6700,442,1
2026-03-16,601012,14:29:50,18.6700,79,1
2026-03-16,601012,14:29:53,18.6700,60,1
2026-03-16,601012,14:29:56,18.6600,84,2
2026-03-16,601012,14:29:59,18.6700,35,1
2026-03-16,601012,14:30:02,18.6600,195,2
2026-03-16,601012,14:30:05,18.6700,86,1
2026-03-16,601012,14:30:08,18.6700,86,1
2026-03-16,601012,14:30:11,18.6700,10,1
2026-03-16,601012,14:30:14,18.6800,1243,1
2026-03-16,601012,14:30:17,18.6700,576,2
2026-03-16,601012,14:30:20,18.6800,57,1
2026-03-16,601012,14:30:23,18.6800,91,1
2026-03-16,601012,14:30:26,18.6800,107,1
2026-03-16,601012,14:30:29,18.6700,521,2
2026-03-16,601012,14:30:32,18.6700,84,1
2026-03-16,601012,14:30:35,18.6700,54,1
2026-03-16,601012,14:30:38,18.6700,116,1
2026-03-16,601012,14:30:41,18.6700,109,1
2026-03-16,601012,14:30:44,18.6600,184,2
2026-03-16,601012,14:30:47,18.6600,158,2
2026-03-16,601012,14:30:50,18.6700,189,1
2026-03-16,601012,14:30:53,18.6600,327,2
2026-03-16,601012,14:30:56,18.6600,64,2
2026-03-16,601012,14:30:59,18.6600,411,2
2026-03-16,601012,14:31:02,18.6600,1373,2
2026-03-16,601012,14:31:05,18.6500,101,2
2026-03-16,601012,14:31:08,18.6600,220,1
2026-03-16,601012,14:31:11,18.6600,145,1
2026-03-16,601012,14:31:14,18.6600,555,1
2026-03-16,601012,14:31:17,18.6600,241,2
2026-03-16,601012,14:31:20,18.6600,81,2
2026-03-16,601012,14:31:23,18.6600,52,2
2026-03-16,601012,14:31:26,18.6600,141,2
2026-03-16,601012,14:31:29,18.6500,297,2
2026-03-16,601012,14:31:32,18.6600,46,1
2026-03-16,601012,14:31:35,18.6600,141,2
2026-03-16,601012,14:31:38,18.6600,94,2
2026-03-16,601012,14:31:41,18.6700,85,1
2026-03-16,601012,14:31:44,18.6600,190,2
2026-03-16,601012,14:31:47,18.6600,211,2
2026-03-16,601012,14:31:50,18.6600,192,2
2026-03-16,601012,14:31:53,18.6600,95,2
2026-03-16,601012,14:31:56,18.6700,179,1
2026-03-16,601012,14:31:59,18.6600,19,2
2026-03-16,601012,14:32:02,18.6700,65,1
2026-03-16,601012,14:32:05,18.6600,295,2
2026-03-16,601012,14:32:08,18.6600,67,1
2026-03-16,601012,14:32:11,18.6600,128,1
2026-03-16,601012,14:32:14,18.6600,108,1
2026-03-16,601012,14:32:17,18.6600,301,2
2026-03-16,601012,14:32:20,18.6700,30,1
2026-03-16,601012,14:32:23,18.6600,166,2
2026-03-16,601012,14:32:26,18.6700,526,1
2026-03-16,601012,14:32:29,18.6600,110,2
2026-03-16,601012,14:32:32,18.6600,88,2
2026-03-16,601012,14:32:35,18.6600,50,2
2026-03-16,601012,14:32:38,18.6700,190,1
2026-03-16,601012,14:32:41,18.6700,128,1
2026-03-16,601012,14:32:44,18.6600,125,2
2026-03-16,601012,14:32:47,18.6700,72,1
2026-03-16,601012,14:32:50,18.6600,46,2
2026-03-16,601012,14:32:53,18.6600,45,2
2026-03-16,601012,14:32:56,18.6600,44,2
2026-03-16,601012,14:32:59,18.6700,953,1
2026-03-16,601012,14:33:02,18.6700,110,4
2026-03-16,601012,14:33:05,18.6800,87,1
2026-03-16,601012,14:33:08,18.6700,125,2
2026-03-16,601012,14:33:11,18.6800,35,1
2026-03-16,601012,14:33:14,18.6700,78,2
2026-03-16,601012,14:33:17,18.6800,113,1
2026-03-16,601012,14:33:20,18.6800,48,1
2026-03-16,601012,14:33:23,18.6800,241,1
2026-03-16,601012,14:33:26,18.6700,72,2
2026-03-16,601012,14:33:29,18.6800,24,1
2026-03-16,601012,14:33:32,18.6700,1111,2
2026-03-16,601012,14:33:35,18.6700,254,1
2026-03-16,601012,14:33:38,18.6700,97,2
2026-03-16,601012,14:33:41,18.6800,74,1
2026-03-16,601012,14:33:44,18.6800,54,1
2026-03-16,601012,14:33:47,18.6800,64,1
2026-03-16,601012,14:33:50,18.6800,58,1
2026-03-16,601012,14:33:53,18.6700,49,2
2026-03-16,601012,14:33:56,18.6700,50,2
2026-03-16,601012,14:33:59,18.6700,42,2
2026-03-16,601012,14:34:02,18.6800,40,1
2026-03-16,601012,14:34:05,18.6800,135,1
2026-03-16,601012,14:34:08,18.6700,45,2
2026-03-16,601012,14:34:11,18.6700,47,2
2026-03-16,601012,14:34:14,18.6700,201,2
2026-03-16,601012,14:34:17,18.6700,211,2
2026-03-16,601012,14:34:20,18.6800,567,1
2026-03-16,601012,14:34:23,18.6800,277,1
2026-03-16,601012,14:34:26,18.6800,142,1
2026-03-16,601012,14:34:29,18.6700,541,2
2026-03-16,601012,14:34:32,18.6800,175,1
2026-03-16,601012,14:34:35,18.6700,100,2
2026-03-16,601012,14:34:38,18.6800,141,1
2026-03-16,601012,14:34:41,18.6700,519,2
2026-03-16,601012,14:34:44,18.6700,107,2
2026-03-16,601012,14:34:47,18.6700,67,2
2026-03-16,601012,14:34:50,18.6700,36,2
2026-03-16,601012,14:34:53,18.6800,36,1
2026-03-16,601012,14:34:56,18.6800,559,1
2026-03-16,601012,14:34:59,18.6600,315,2
2026-03-16,601012,14:35:02,18.6700,102,1
2026-03-16,601012,14:35:05,18.6700,39,2
2026-03-16,601012,14:35:08,18.6700,95,2
2026-03-16,601012,14:35:11,18.6700,144,2
2026-03-16,601012,14:35:14,18.6700,180,2
2026-03-16,601012,14:35:17,18.6800,122,1
2026-03-16,601012,14:35:20,18.6700,104,2
2026-03-16,601012,14:35:23,18.6700,237,1
2026-03-16,601012,14:35:26,18.6700,1307,2
2026-03-16,601012,14:35:29,18.6600,712,2
2026-03-16,601012,14:35:32,18.6600,370,2
2026-03-16,601012,14:35:35,18.6700,268,1
2026-03-16,601012,14:35:38,18.6700,81,2
2026-03-16,601012,14:35:41,18.6700,157,1
2026-03-16,601012,14:35:44,18.6600,166,2
2026-03-16,601012,14:35:47,18.6800,56,1
2026-03-16,601012,14:35:50,18.6700,219,2
2026-03-16,601012,14:35:53,18.6700,37,1
2026-03-16,601012,14:35:56,18.6700,32,1
2026-03-16,601012,14:35:59,18.6700,370,1
2026-03-16,601012,14:36:02,18.6700,373,1
2026-03-16,601012,14:36:05,18.6700,141,1
2026-03-16,601012,14:36:08,18.6600,212,2
2026-03-16,601012,14:36:11,18.6600,32,2
2026-03-16,601012,14:36:14,18.6600,437,2
2026-03-16,601012,14:36:17,18.6600,167,2
2026-03-16,601012,14:36:20,18.6600,226,2
2026-03-16,601012,14:36:23,18.6700,62,1
2026-03-16,601012,14:36:26,18.6600,314,2
2026-03-16,601012,14:36:29,18.6600,233,2
2026-03-16,601012,14:36:32,18.6700,74,1
2026-03-16,601012,14:36:35,18.6700,534,1
2026-03-16,601012,14:36:38,18.6700,213,1
2026-03-16,601012,14:36:41,18.6600,254,2
2026-03-16,601012,14:36:44,18.6600,73,4
2026-03-16,601012,14:36:47,18.6600,136,1
2026-03-16,601012,14:36:50,18.6600,224,1
2026-03-16,601012,14:36:53,18.6600,173,2
2026-03-16,601012,14:36:56,18.6700,108,1
2026-03-16,601012,14:36:59,18.6600,207,2
2026-03-16,601012,14:37:02,18.6600,83,1
2026-03-16,601012,14:37:05,18.6500,70,2
2026-03-16,601012,14:37:08,18.6500,173,2
2026-03-16,601012,14:37:11,18.6500,63,2
2026-03-16,601012,14:37:14,18.6500,164,2
2026-03-16,601012,14:37:17,18.6500,98,2
2026-03-16,601012,14:37:20,18.6500,155,2
2026-03-16,601012,14:37:23,18.6500,295,2
2026-03-16,601012,14:37:26,18.6500,99,2
2026-03-16,601012,14:37:29,18.6500,533,2
2026-03-16,601012,14:37:32,18.6600,268,1
2026-03-16,601012,14:37:35,18.6600,388,1
2026-03-16,601012,14:37:38,18.6500,765,2
2026-03-16,601012,14:37:41,18.6500,4230,2
2026-03-16,601012,14:37:44,18.6500,160,1
2026-03-16,601012,14:37:47,18.6400,83,2
2026-03-16,601012,14:37:50,18.6400,127,2
2026-03-16,601012,14:37:53,18.6400,127,2
2026-03-16,601012,14:37:56,18.6400,354,2
2026-03-16,601012,14:37:59,18.6500,798,1
2026-03-16,601012,14:38:02,18.6400,232,2
2026-03-16,601012,14:38:05,18.6500,1677,1
2026-03-16,601012,14:38:08,18.6500,121,2
2026-03-16,601012,14:38:11,18.6500,203,2
2026-03-16,601012,14:38:14,18.6500,503,1
2026-03-16,601012,14:38:17,18.6600,602,1
2026-03-16,601012,14:38:20,18.6500,184,2
2026-03-16,601012,14:38:23,18.6400,247,2
2026-03-16,601012,14:38:26,18.6500,166,1
2026-03-16,601012,14:38:29,18.6500,59,1
2026-03-16,601012,14:38:32,18.6500,136,1
2026-03-16,601012,14:38:35,18.6400,230,2
2026-03-16,601012,14:38:38,18.6500,122,1
2026-03-16,601012,14:38:41,18.6400,48,2
2026-03-16,601012,14:38:44,18.6400,110,2
2026-03-16,601012,14:38:47,18.6500,351,1
2026-03-16,601012,14:38:50,18.6400,263,2
2026-03-16,601012,14:38:53,18.6500,199,1
2026-03-16,601012,14:38:56,18.6400,235,2
2026-03-16,601012,14:38:59,18.6400,74,2
2026-03-16,601012,14:39:02,18.6400,107,2
2026-03-16,601012,14:39:05,18.6400,75,2
2026-03-16,601012,14:39:08,18.6500,1409,1
2026-03-16,601012,14:39:11,18.6500,589,2
2026-03-16,601012,14:39:14,18.6500,265,2
2026-03-16,601012,14:39:17,18.6500,810,1
2026-03-16,601012,14:39:20,18.6500,166,2
2026-03-16,601012,14:39:23,18.6500,276,2
2026-03-16,601012,14:39:26,18.6500,2206,2
2026-03-16,601012,14:39:29,18.6500,1071,2
2026-03-16,601012,14:39:32,18.6500,363,2
2026-03-16,601012,14:39:35,18.6500,180,2
2026-03-16,601012,14:39:38,18.6500,158,2
2026-03-16,601012,14:39:41,18.6600,142,1
2026-03-16,601012,14:39:44,18.6500,83,2
2026-03-16,601012,14:39:47,18.6400,296,2
2026-03-16,601012,14:39:50,18.6500,267,2
2026-03-16,601012,14:39:53,18.6500,43,2
2026-03-16,601012,14:39:56,18.6500,216,2
2026-03-16,601012,14:39:59,18.6400,126,2
2026-03-16,601012,14:40:02,18.6500,169,1
2026-03-16,601012,14:40:05,18.6400,390,2
2026-03-16,601012,14:40:08,18.6500,407,1
2026-03-16,601012,14:40:11,18.6500,531,1
2026-03-16,601012,14:40:14,18.6500,104,2
2026-03-16,601012,14:40:17,18.6500,151,2
2026-03-16,601012,14:40:20,18.6500,233,2
2026-03-16,601012,14:40:23,18.6600,1502,1
2026-03-16,601012,14:40:26,18.6600,75,1
2026-03-16,601012,14:40:29,18.6500,395,2
2026-03-16,601012,14:40:32,18.6600,52,1
2026-03-16,601012,14:40:35,18.6500,200,2
2026-03-16,601012,14:40:38,18.6600,243,1
2026-03-16,601012,14:40:41,18.6600,211,1
2026-03-16,601012,14:40:44,18.6500,82,2
2026-03-16,601012,14:40:47,18.6700,145,1
2026-03-16,601012,14:40:50,18.6600,27,2
2026-03-16,601012,14:40:53,18.6700,16,1
2026-03-16,601012,14:40:56,18.6600,185,2
2026-03-16,601012,14:40:59,18.6700,438,1
2026-03-16,601012,14:41:02,18.6700,181,1
2026-03-16,601012,14:41:05,18.6600,327,2
2026-03-16,601012,14:41:08,18.6600,113,2
2026-03-16,601012,14:41:11,18.6600,156,2
2026-03-16,601012,14:41:14,18.6700,301,1
2026-03-16,601012,14:41:17,18.6600,65,2
2026-03-16,601012,14:41:20,18.6600,290,2
2026-03-16,601012,14:41:23,18.6700,70,1
2026-03-16,601012,14:41:26,18.6600,116,2
2026-03-16,601012,14:41:29,18.6500,286,2
2026-03-16,601012,14:41:32,18.6600,570,1
2026-03-16,601012,14:41:35,18.6600,92,2
2026-03-16,601012,14:41:38,18.6700,409,1
2026-03-16,601012,14:41:41,18.6600,259,2
2026-03-16,601012,14:41:44,18.6600,45,2
2026-03-16,601012,14:41:47,18.6700,185,1
2026-03-16,601012,14:41:50,18.6600,345,2
2026-03-16,601012,14:41:53,18.6600,126,1
2026-03-16,601012,14:41:56,18.6600,89,1
2026-03-16,601012,14:41:59,18.6600,272,1
2026-03-16,601012,14:42:02,18.6600,154,1
2026-03-16,601012,14:42:05,18.6600,419,1
2026-03-16,601012,14:42:08,18.6500,494,2
2026-03-16,601012,14:42:11,18.6500,315,2
2026-03-16,601012,14:42:14,18.6500,73,2
2026-03-16,601012,14:42:17,18.6500,75,2
2026-03-16,601012,14:42:20,18.6600,356,1
2026-03-16,601012,14:42:23,18.6500,95,2
2026-03-16,601012,14:42:26,18.6500,69,2
2026-03-16,601012,14:42:29,18.6500,93,2
2026-03-16,601012,14:42:32,18.6500,220,2
2026-03-16,601012,14:42:35,18.6600,142,1
2026-03-16,601012,14:42:38,18.6500,691,2
2026-03-16,601012,14:42:41,18.6600,409,1
2026-03-16,601012,14:42:44,18.6600,185,1
2026-03-16,601012,14:42:47,18.6600,547,1
2026-03-16,601012,14:42:50,18.6600,473,1
2026-03-16,601012,14:42:53,18.6600,219,2
2026-03-16,601012,14:42:56,18.6600,224,1
2026-03-16,601012,14:42:59,18.6600,240,1
2026-03-16,601012,14:43:02,18.6500,28,2
2026-03-16,601012,14:43:05,18.6600,1667,1
2026-03-16,601012,14:43:08,18.6600,606,1
2026-03-16,601012,14:43:11,18.6600,376,1
2026-03-16,601012,14:43:14,18.6600,154,2
2026-03-16,601012,14:43:17,18.6700,364,1
2026-03-16,601012,14:43:20,18.6700,273,1
2026-03-16,601012,14:43:23,18.6600,106,2
2026-03-16,601012,14:43:26,18.6600,135,2
2026-03-16,601012,14:43:29,18.6600,196,2
2026-03-16,601012,14:43:32,18.6700,445,1
2026-03-16,601012,14:43:35,18.6700,421,1
2026-03-16,601012,14:43:38,18.6700,242,1
2026-03-16,601012,14:43:41,18.6700,234,1
2026-03-16,601012,14:43:44,18.6700,111,1
2026-03-16,601012,14:43:47,18.6600,251,2
2026-03-16,601012,14:43:50,18.6600,77,2
2026-03-16,601012,14:43:53,18.6600,137,2
2026-03-16,601012,14:43:56,18.6600,46,2
2026-03-16,601012,14:43:59,18.6600,142,2
2026-03-16,601012,14:44:02,18.6700,1046,1
2026-03-16,601012,14:44:05,18.6700,551,1
2026-03-16,601012,14:44:08,18.6700,483,1
2026-03-16,601012,14:44:11,18.6600,65,2
2026-03-16,601012,14:44:14,18.6600,256,2
2026-03-16,601012,14:44:17,18.6600,188,2
2026-03-16,601012,14:44:20,18.6600,185,2
2026-03-16,601012,14:44:23,18.6700,624,1
2026-03-16,601012,14:44:26,18.6600,124,2
2026-03-16,601012,14:44:29,18.6500,3487,2
2026-03-16,601012,14:44:32,18.6600,101,1
2026-03-16,601012,14:44:35,18.6600,300,1
2026-03-16,601012,14:44:38,18.6600,40,1
2026-03-16,601012,14:44:41,18.6500,75,2
2026-03-16,601012,14:44:44,18.6500,194,2
2026-03-16,601012,14:44:47,18.6600,633,1
2026-03-16,601012,14:44:50,18.6500,188,2
2026-03-16,601012,14:44:53,18.6600,225,1
2026-03-16,601012,14:44:56,18.6500,84,2
2026-03-16,601012,14:44:59,18.6500,473,2
2026-03-16,601012,14:45:02,18.6600,1402,1
2026-03-16,601012,14:45:05,18.6600,638,1
2026-03-16,601012,14:45:08,18.6600,462,1
2026-03-16,601012,14:45:11,18.6600,551,1
2026-03-16,601012,14:45:14,18.6600,132,2
2026-03-16,601012,14:45:17,18.6600,176,2
2026-03-16,601012,14:45:20,18.6600,223,2
2026-03-16,601012,14:45:23,18.6700,58,1
2026-03-16,601012,14:45:26,18.6600,68,2
2026-03-16,601012,14:45:29,18.6600,531,2
2026-03-16,601012,14:45:32,18.6600,128,2
2026-03-16,601012,14:45:35,18.6700,286,1
2026-03-16,601012,14:45:38,18.6700,303,1
2026-03-16,601012,14:45:41,18.6600,190,2
2026-03-16,601012,14:45:44,18.6600,142,2
2026-03-16,601012,14:45:47,18.6600,501,2
2026-03-16,601012,14:45:50,18.6700,239,1
2026-03-16,601012,14:45:53,18.6700,208,1
2026-03-16,601012,14:45:56,18.6600,93,2
2026-03-16,601012,14:45:59,18.6600,641,2
2026-03-16,601012,14:46:02,18.6700,202,1
2026-03-16,601012,14:46:05,18.6600,1868,2
2026-03-16,601012,14:46:08,18.6600,221,1
2026-03-16,601012,14:46:11,18.6600,104,2
2026-03-16,601012,14:46:14,18.6600,424,1
2026-03-16,601012,14:46:17,18.6700,30,1
2026-03-16,601012,14:46:20,18.6700,183,1
2026-03-16,601012,14:46:23,18.6700,89,1
2026-03-16,601012,14:46:26,18.6600,378,2
2026-03-16,601012,14:46:29,18.6600,82,2
2026-03-16,601012,14:46:32,18.6600,158,2
2026-03-16,601012,14:46:35,18.6600,639,2
2026-03-16,601012,14:46:38,18.6600,364,2
2026-03-16,601012,14:46:41,18.6600,328,2
2026-03-16,601012,14:46:44,18.6600,459,2
2026-03-16,601012,14:46:47,18.6600,158,2
2026-03-16,601012,14:46:50,18.6600,473,2
2026-03-16,601012,14:46:53,18.6500,583,2
2026-03-16,601012,14:46:56,18.6600,278,1
2026-03-16,601012,14:46:59,18.6500,239,2
2026-03-16,601012,14:47:02,18.6600,149,1
2026-03-16,601012,14:47:05,18.6500,374,2
2026-03-16,601012,14:47:08,18.6600,306,1
2026-03-16,601012,14:47:11,18.6600,398,1
2026-03-16,601012,14:47:14,18.6600,127,1
2026-03-16,601012,14:47:17,18.6600,69,1
2026-03-16,601012,14:47:20,18.6500,63,2
2026-03-16,601012,14:47:23,18.6500,358,2
2026-03-16,601012,14:47:26,18.6500,278,2
2026-03-16,601012,14:47:29,18.6500,663,2
2026-03-16,601012,14:47:32,18.6500,265,2
2026-03-16,601012,14:47:35,18.6600,207,1
2026-03-16,601012,14:47:38,18.6500,237,2
2026-03-16,601012,14:47:41,18.6600,70,1
2026-03-16,601012,14:47:44,18.6500,306,2
2026-03-16,601012,14:47:47,18.6500,361,2
2026-03-16,601012,14:47:50,18.6500,358,2
2026-03-16,601012,14:47:53,18.6500,121,2
2026-03-16,601012,14:47:56,18.6600,106,1
2026-03-16,601012,14:47:59,18.6600,274,1
2026-03-16,601012,14:48:02,18.6500,3218,2
2026-03-16,601012,14:48:05,18.6500,1097,1
2026-03-16,601012,14:48:08,18.6500,158,1
2026-03-16,601012,14:48:11,18.6500,2759,1
2026-03-16,601012,14:48:14,18.6500,1156,2
2026-03-16,601012,14:48:17,18.6500,328,2
2026-03-16,601012,14:48:20,18.6500,199,2
2026-03-16,601012,14:48:23,18.6500,407,2
2026-03-16,601012,14:48:26,18.6500,179,2
2026-03-16,601012,14:48:29,18.6500,274,2
2026-03-16,601012,14:48:32,18.6600,469,1
2026-03-16,601012,14:48:35,18.6600,538,1
2026-03-16,601012,14:48:38,18.6600,634,1
2026-03-16,601012,14:48:41,18.6400,612,2
2026-03-16,601012,14:48:44,18.6500,265,2
2026-03-16,601012,14:48:47,18.6500,747,2
2026-03-16,601012,14:48:50,18.6500,238,2
2026-03-16,601012,14:48:53,18.6500,315,2
2026-03-16,601012,14:48:56,18.6500,446,2
2026-03-16,601012,14:48:59,18.6500,308,2
2026-03-16,601012,14:49:02,18.6500,271,2
2026-03-16,601012,14:49:05,18.6500,233,2
2026-03-16,601012,14:49:08,18.6600,197,1
2026-03-16,601012,14:49:11,18.6600,1786,1
2026-03-16,601012,14:49:14,18.6600,1980,1
2026-03-16,601012,14:49:17,18.6500,374,2
2026-03-16,601012,14:49:20,18.6600,336,2
2026-03-16,601012,14:49:23,18.6600,472,1
2026-03-16,601012,14:49:26,18.6600,4633,1
2026-03-16,601012,14:49:29,18.6500,1087,2
2026-03-16,601012,14:49:32,18.6500,195,2
2026-03-16,601012,14:49:35,18.6500,481,2
2026-03-16,601012,14:49:38,18.6600,179,1
2026-03-16,601012,14:49:41,18.6500,794,2
2026-03-16,601012,14:49:44,18.6500,157,2
2026-03-16,601012,14:49:47,18.6600,209,1
2026-03-16,601012,14:49:50,18.6500,535,2
2026-03-16,601012,14:49:53,18.6500,91,2
2026-03-16,601012,14:49:56,18.6600,195,1
2026-03-16,601012,14:49:59,18.6600,433,1
2026-03-16,601012,14:50:02,18.6500,171,2
2026-03-16,601012,14:50:05,18.6600,327,1
2026-03-16,601012,14:50:08,18.6500,720,4
2026-03-16,601012,14:50:11,18.6500,268,2
2026-03-16,601012,14:50:14,18.6500,168,2
2026-03-16,601012,14:50:17,18.6600,142,1
2026-03-16,601012,14:50:20,18.6600,4121,1
2026-03-16,601012,14:50:23,18.6600,478,1
2026-03-16,601012,14:50:26,18.6700,185,1
2026-03-16,601012,14:50:29,18.6600,1438,4
2026-03-16,601012,14:50:32,18.6600,379,2
2026-03-16,601012,14:50:35,18.6600,284,1
2026-03-16,601012,14:50:38,18.6600,257,1
2026-03-16,601012,14:50:41,18.6600,631,1
2026-03-16,601012,14:50:44,18.6500,111,2
2026-03-16,601012,14:50:47,18.6500,356,2
2026-03-16,601012,14:50:50,18.6600,151,1
2026-03-16,601012,14:50:53,18.6500,292,2
2026-03-16,601012,14:50:56,18.6600,362,1
2026-03-16,601012,14:50:59,18.6600,132,1
2026-03-16,601012,14:51:02,18.6600,284,1
2026-03-16,601012,14:51:05,18.6600,218,1
2026-03-16,601012,14:51:08,18.6500,269,2
2026-03-16,601012,14:51:11,18.6600,205,1
2026-03-16,601012,14:51:14,18.6600,605,1
2026-03-16,601012,14:51:17,18.6500,115,2
2026-03-16,601012,14:51:20,18.6500,291,2
2026-03-16,601012,14:51:23,18.6500,1096,2
2026-03-16,601012,14:51:26,18.6500,350,4
2026-03-16,601012,14:51:29,18.6400,118,2
2026-03-16,601012,14:51:32,18.6400,145,2
2026-03-16,601012,14:51:35,18.6400,113,2
2026-03-16,601012,14:51:38,18.6400,90,2
2026-03-16,601012,14:51:41,18.6400,574,2
2026-03-16,601012,14:51:44,18.6400,856,2
2026-03-16,601012,14:51:47,18.6400,257,1
2026-03-16,601012,14:51:50,18.6300,441,2
2026-03-16,601012,14:51:53,18.6300,150,2
2026-03-16,601012,14:51:56,18.6400,104,1
2026-03-16,601012,14:51:59,18.6300,3388,2
2026-03-16,601012,14:52:02,18.6400,2314,1
2026-03-16,601012,14:52:05,18.6400,339,1
2026-03-16,601012,14:52:08,18.6300,432,2
2026-03-16,601012,14:52:11,18.6300,282,2
2026-03-16,601012,14:52:14,18.6300,192,2
2026-03-16,601012,14:52:17,18.6400,375,1
2026-03-16,601012,14:52:20,18.6300,351,2
2026-03-16,601012,14:52:23,18.6300,325,2
2026-03-16,601012,14:52:26,18.6300,309,2
2026-03-16,601012,14:52:29,18.6300,265,2
2026-03-16,601012,14:52:32,18.6300,274,2
2026-03-16,601012,14:52:35,18.6400,890,1
2026-03-16,601012,14:52:38,18.6400,384,1
2026-03-16,601012,14:52:41,18.6300,418,2
2026-03-16,601012,14:52:44,18.6300,240,2
2026-03-16,601012,14:52:47,18.6400,382,1
2026-03-16,601012,14:52:50,18.6300,365,2
2026-03-16,601012,14:52:53,18.6300,185,2
2026-03-16,601012,14:52:56,18.6300,760,2
2026-03-16,601012,14:52:59,18.6300,592,2
2026-03-16,601012,14:53:02,18.6300,1834,2
2026-03-16,601012,14:53:05,18.6400,500,4
2026-03-16,601012,14:53:08,18.6300,533,2
2026-03-16,601012,14:53:11,18.6400,1277,2
2026-03-16,601012,14:53:14,18.6400,288,2
2026-03-16,601012,14:53:17,18.6400,530,2
2026-03-16,601012,14:53:20,18.6400,613,2
2026-03-16,601012,14:53:23,18.6400,332,2
2026-03-16,601012,14:53:26,18.6400,385,2
2026-03-16,601012,14:53:29,18.6500,627,1
2026-03-16,601012,14:53:32,18.6500,364,1
2026-03-16,601012,14:53:35,18.6500,752,1
2026-03-16,601012,14:53:38,18.6500,619,1
2026-03-16,601012,14:53:41,18.6500,2985,1
2026-03-16,601012,14:53:44,18.6500,486,2
2026-03-16,601012,14:53:47,18.6500,448,4
2026-03-16,601012,14:53:50,18.6500,150,1
2026-03-16,601012,14:53:53,18.6500,180,1
2026-03-16,601012,14:53:56,18.6500,1511,1
2026-03-16,601012,14:53:59,18.6500,147,2
2026-03-16,601012,14:54:02,18.6500,613,2
2026-03-16,601012,14:54:05,18.6500,339,2
2026-03-16,601012,14:54:08,18.6500,231,2
2026-03-16,601012,14:54:11,18.6500,351,2
2026-03-16,601012,14:54:14,18.6500,461,2
2026-03-16,601012,14:54:17,18.6500,439,2
2026-03-16,601012,14:54:20,18.6500,1514,2
2026-03-16,601012,14:54:23,18.6600,270,1
2026-03-16,601012,14:54:26,18.6500,175,2
2026-03-16,601012,14:54:29,18.6500,632,2
2026-03-16,601012,14:54:32,18.6500,642,2
2026-03-16,601012,14:54:35,18.6600,188,1
2026-03-16,601012,14:54:38,18.6500,297,2
2026-03-16,601012,14:54:41,18.6500,252,2
2026-03-16,601012,14:54:44,18.6500,182,2
2026-03-16,601012,14:54:47,18.6500,2101,2
2026-03-16,601012,14:54:50,18.6500,234,1
2026-03-16,601012,14:54:53,18.6500,367,2
2026-03-16,601012,14:54:56,18.6500,352,2
2026-03-16,601012,14:54:59,18.6500,203,2
2026-03-16,601012,14:55:02,18.6500,1133,2
2026-03-16,601012,14:55:05,18.6500,465,2
2026-03-16,601012,14:55:08,18.6600,302,1
2026-03-16,601012,14:55:11,18.6500,800,2
2026-03-16,601012,14:55:14,18.6500,164,1
2026-03-16,601012,14:55:17,18.6500,357,2
2026-03-16,601012,14:55:20,18.6500,578,1
2026-03-16,601012,14:55:23,18.6500,378,1
2026-03-16,601012,14:55:26,18.6500,485,2
2026-03-16,601012,14:55:29,18.6500,636,1
2026-03-16,601012,14:55:32,18.6500,541,2
2026-03-16,601012,14:55:35,18.6500,631,1
2026-03-16,601012,14:55:38,18.6500,885,2
2026-03-16,601012,14:55:41,18.6600,480,1
2026-03-16,601012,14:55:44,18.6500,412,2
2026-03-16,601012,14:55:47,18.6600,143,1
2026-03-16,601012,14:55:50,18.6500,589,2
2026-03-16,601012,14:55:53,18.6600,577,1
2026-03-16,601012,14:55:56,18.6600,557,1
2026-03-16,601012,14:55:59,18.6600,759,1
2026-03-16,601012,14:56:02,18.6600,2961,1
2026-03-16,601012,14:56:05,18.6600,404,1
2026-03-16,601012,14:56:08,18.6500,2313,2
2026-03-16,601012,14:56:11,18.6600,348,1
2026-03-16,601012,14:56:14,18.6600,1137,1
2026-03-16,601012,14:56:17,18.6600,412,2
2026-03-16,601012,14:56:20,18.6700,562,1
2026-03-16,601012,14:56:23,18.6700,598,1
2026-03-16,601012,14:56:26,18.6700,229,1
2026-03-16,601012,14:56:29,18.6700,953,1
2026-03-16,601012,14:56:32,18.6800,262,1
2026-03-16,601012,14:56:35,18.6700,236,2
2026-03-16,601012,14:56:38,18.6800,520,1
2026-03-16,601012,14:56:41,18.6700,202,2
2026-03-16,601012,14:56:44,18.6700,258,1
2026-03-16,601012,14:56:47,18.6700,943,1
2026-03-16,601012,14:56:50,18.6700,273,1
2026-03-16,601012,14:56:53,18.6600,298,2
2026-03-16,601012,14:56:56,18.6700,371,1
2026-03-16,601012,14:56:59,18.6700,245,1
2026-03-16,601012,14:57:02,18.6800,147,1
2026-03-16,601012,15:00:04,18.6800,11811,4
2026-03-16,601012,13:17:08,18.7600,885,1
2026-03-16,601012,13:17:11,18.7600,186,1
2026-03-16,601012,13:17:14,18.7600,34,1
2026-03-16,601012,13:17:17,18.7600,122,1
2026-03-16,601012,13:17:20,18.7600,4,2
2026-03-16,601012,13:17:23,18.7700,78,1
2026-03-16,601012,13:17:26,18.7700,119,1
2026-03-16,601012,13:17:29,18.7700,59,1
2026-03-16,601012,13:17:32,18.7700,49,1
2026-03-16,601012,13:17:35,18.7700,74,1
2026-03-16,601012,13:17:38,18.7700,317,1
2026-03-16,601012,13:17:41,18.7700,51,1
2026-03-16,601012,13:17:44,18.7600,267,2
2026-03-16,601012,13:17:47,18.7700,60,1
2026-03-16,601012,13:17:50,18.7700,231,1
2026-03-16,601012,13:17:53,18.7700,203,1
2026-03-16,601012,13:17:56,18.7600,238,2
2026-03-16,601012,13:17:59,18.7700,68,1
2026-03-16,601012,13:18:02,18.7600,272,2
2026-03-16,601012,13:18:05,18.7600,314,1
2026-03-16,601012,13:18:08,18.7600,128,1
2026-03-16,601012,13:18:11,18.7500,974,2
2026-03-16,601012,13:18:14,18.7400,221,2
2026-03-16,601012,13:18:17,18.7500,788,1
2026-03-16,601012,13:18:20,18.7500,766,4
2026-03-16,601012,13:18:23,18.7500,213,4
2026-03-16,601012,13:18:26,18.7400,28,2
2026-03-16,601012,13:18:29,18.7400,133,2
2026-03-16,601012,13:18:32,18.7400,898,2
2026-03-16,601012,13:18:35,18.7400,73,2
2026-03-16,601012,13:18:38,18.7400,127,1
2026-03-16,601012,13:18:41,18.7400,185,1
2026-03-16,601012,13:18:44,18.7400,160,2
2026-03-16,601012,13:18:47,18.7400,274,2
2026-03-16,601012,13:18:50,18.7400,285,2
2026-03-16,601012,13:18:53,18.7400,69,1
2026-03-16,601012,13:18:56,18.7300,198,2
2026-03-16,601012,13:18:59,18.7400,218,1
2026-03-16,601012,13:19:02,18.7300,915,2
2026-03-16,601012,13:19:05,18.7300,862,2
2026-03-16,601012,13:19:08,18.7300,112,1
2026-03-16,601012,13:19:11,18.7300,45,1
2026-03-16,601012,13:19:14,18.7200,325,2
2026-03-16,601012,13:19:17,18.7300,88,1
2026-03-16,601012,13:19:20,18.7200,299,2
2026-03-16,601012,13:19:23,18.7200,214,2
2026-03-16,601012,13:19:26,18.7300,338,1
2026-03-16,601012,13:19:29,18.7100,1355,2
2026-03-16,601012,13:19:32,18.7100,3808,2
2026-03-16,601012,13:19:35,18.7100,147,2
2026-03-16,601012,13:19:38,18.7100,10430,2
2026-03-16,601012,13:19:41,18.7100,55,1
2026-03-16,601012,13:19:44,18.7100,983,1
2026-03-16,601012,13:19:47,18.7100,773,2
2026-03-16,601012,13:19:50,18.7100,836,2
2026-03-16,601012,13:19:53,18.7100,218,1
2026-03-16,601012,13:19:56,18.7000,446,2
2026-03-16,601012,13:19:59,18.7000,165,1
2026-03-16,601012,13:20:02,18.7100,1843,1
2026-03-16,601012,13:20:05,18.6900,815,2
2026-03-16,601012,13:20:08,18.7000,450,1
2026-03-16,601012,13:20:11,18.7000,552,2
2026-03-16,601012,13:20:14,18.7000,278,2
2026-03-16,601012,13:20:17,18.7100,1050,1
2026-03-16,601012,13:20:20,18.7000,661,2
2026-03-16,601012,13:20:23,18.7000,509,2
2026-03-16,601012,13:20:26,18.7000,166,1
2026-03-16,601012,13:20:29,18.7000,131,1
2026-03-16,601012,13:20:32,18.7000,275,1
2026-03-16,601012,13:20:35,18.6900,496,2
2026-03-16,601012,13:20:38,18.6900,258,2
2026-03-16,601012,13:20:41,18.6900,557,2
2026-03-16,601012,13:20:44,18.6900,132,1
2026-03-16,601012,13:20:47,18.6800,128,2
2026-03-16,601012,13:20:50,18.6900,277,1
2026-03-16,601012,13:20:53,18.6900,727,1
2026-03-16,601012,13:20:56,18.6800,268,2
2026-03-16,601012,13:20:59,18.6800,774,2
2026-03-16,601012,13:21:02,18.6900,192,1
2026-03-16,601012,13:21:05,18.6800,256,2
2026-03-16,601012,13:21:08,18.6900,253,1
2026-03-16,601012,13:21:11,18.6900,296,1
2026-03-16,601012,13:21:14,18.6800,1796,2
2026-03-16,601012,13:21:17,18.6800,580,2
2026-03-16,601012,13:21:20,18.6800,346,2
2026-03-16,601012,13:21:23,18.6900,955,1
2026-03-16,601012,13:21:26,18.6900,635,2
2026-03-16,601012,13:21:29,18.6900,243,2
2026-03-16,601012,13:21:32,18.6900,158,1
2026-03-16,601012,13:21:35,18.6900,554,1
2026-03-16,601012,13:21:38,18.6900,166,2
2026-03-16,601012,13:21:41,18.6900,2088,1
2026-03-16,601012,13:21:44,18.6900,576,1
2026-03-16,601012,13:21:47,18.6900,356,2
2026-03-16,601012,13:21:50,18.7000,180,1
2026-03-16,601012,13:21:53,18.6900,327,2
2026-03-16,601012,13:21:56,18.6900,161,1
2026-03-16,601012,13:21:59,18.7000,267,1
2026-03-16,601012,13:22:02,18.7000,99,1
2026-03-16,601012,13:22:05,18.7000,63,1
2026-03-16,601012,13:22:08,18.7000,265,1
2026-03-16,601012,13:22:11,18.6900,105,2
2026-03-16,601012,13:22:14,18.7000,64,1
2026-03-16,601012,13:22:17,18.7000,192,1
2026-03-16,601012,13:22:20,18.6900,157,2
2026-03-16,601012,13:22:23,18.7000,573,1
2026-03-16,601012,13:22:26,18.7000,96,1
2026-03-16,601012,13:22:29,18.7000,308,1
2026-03-16,601012,13:22:32,18.6900,105,2
2026-03-16,601012,13:22:35,18.7000,123,1
2026-03-16,601012,13:22:38,18.6900,178,2
2026-03-16,601012,13:22:41,18.6900,155,2
2026-03-16,601012,13:22:44,18.6900,310,2
2026-03-16,601012,13:22:47,18.6900,252,2
2026-03-16,601012,13:22:50,18.6900,1445,2
2026-03-16,601012,13:22:53,18.7000,242,1
2026-03-16,601012,13:22:56,18.6900,281,1
2026-03-16,601012,13:22:59,18.6800,222,2
2026-03-16,601012,13:23:02,18.6900,276,4
2026-03-16,601012,13:23:05,18.6800,349,2
2026-03-16,601012,13:23:08,18.6900,199,1
2026-03-16,601012,13:23:11,18.6800,153,2
2026-03-16,601012,13:23:14,18.6800,193,2
2026-03-16,601012,13:23:17,18.6800,74,2
2026-03-16,601012,13:23:20,18.6800,282,2
2026-03-16,601012,13:23:23,18.6800,177,2
2026-03-16,601012,13:23:26,18.6800,340,2
2026-03-16,601012,13:23:29,18.6800,349,1
2026-03-16,601012,13:23:32,18.6800,1449,1
2026-03-16,601012,13:23:35,18.6800,422,1
2026-03-16,601012,13:23:38,18.6800,468,1
2026-03-16,601012,13:23:41,18.6800,495,2
2026-03-16,601012,13:23:44,18.6900,122,1
2026-03-16,601012,13:23:47,18.6900,633,1
2026-03-16,601012,13:23:50,18.6900,192,1
2026-03-16,601012,13:23:53,18.6800,46,2
2026-03-16,601012,13:23:56,18.6800,566,2
2026-03-16,601012,13:23:59,18.6900,247,1
2026-03-16,601012,13:24:02,18.6800,1192,2
2026-03-16,601012,13:24:05,18.6900,813,1
2026-03-16,601012,13:24:08,18.6900,179,1
2026-03-16,601012,13:24:11,18.6800,430,2
2026-03-16,601012,13:24:14,18.6800,147,2
2026-03-16,601012,13:24:17,18.6800,138,2
2026-03-16,601012,13:24:20,18.6800,119,2
2026-03-16,601012,13:24:23,18.6900,340,1
2026-03-16,601012,13:24:26,18.6800,225,2
2026-03-16,601012,13:24:29,18.6800,953,2
2026-03-16,601012,13:24:32,18.6800,203,1
2026-03-16,601012,13:24:35,18.6800,265,1
2026-03-16,601012,13:24:38,18.6800,445,1
2026-03-16,601012,13:24:41,18.6800,98,2
2026-03-16,601012,13:24:44,18.6800,213,2
2026-03-16,601012,13:24:47,18.6800,64,2
2026-03-16,601012,13:24:50,18.6800,407,2
2026-03-16,601012,13:24:53,18.6800,384,2
2026-03-16,601012,13:24:56,18.6800,421,1
2026-03-16,601012,13:24:59,18.6800,635,1
2026-03-16,601012,13:25:02,18.6800,870,2
2026-03-16,601012,13:25:05,18.6800,198,2
2026-03-16,601012,13:25:08,18.6800,292,2
2026-03-16,601012,13:25:11,18.6900,775,1
2026-03-16,601012,13:25:14,18.6900,1642,4
2026-03-16,601012,13:25:17,18.6900,314,1
2026-03-16,601012,13:25:20,18.6800,461,2
2026-03-16,601012,13:25:23,18.6800,245,1
2026-03-16,601012,13:25:26,18.6800,350,1
2026-03-16,601012,13:25:29,18.6700,363,2
2026-03-16,601012,13:25:32,18.6800,508,1
2026-03-16,601012,13:25:35,18.6800,428,1
2026-03-16,601012,13:25:38,18.6800,138,1
2026-03-16,601012,13:25:41,18.6800,179,1
2026-03-16,601012,13:25:44,18.6800,82,2
2026-03-16,601012,13:25:47,18.6700,256,2
2026-03-16,601012,13:25:50,18.6800,418,1
2026-03-16,601012,13:25:53,18.6800,614,2
2026-03-16,601012,13:25:56,18.6800,178,1
2026-03-16,601012,13:25:59,18.6800,121,1
2026-03-16,601012,13:26:02,18.6700,779,2
2026-03-16,601012,13:26:05,18.6800,684,1
2026-03-16,601012,13:26:08,18.6800,163,2
2026-03-16,601012,13:26:11,18.6800,447,2
2026-03-16,601012,13:26:14,18.6800,86,1
2026-03-16,601012,13:26:17,18.6800,183,1
2026-03-16,601012,13:26:20,18.6800,731,1
2026-03-16,601012,13:26:23,18.6700,222,2
2026-03-16,601012,13:26:26,18.6700,743,1
2026-03-16,601012,13:26:29,18.6700,334,2
2026-03-16,601012,13:26:32,18.6700,229,2
2026-03-16,601012,13:26:35,18.6700,245,2
2026-03-16,601012,13:26:38,18.6700,1415,1
2026-03-16,601012,13:26:41,18.6700,446,1
2026-03-16,601012,13:26:44,18.6600,103,2
2026-03-16,601012,13:26:47,18.6600,459,2
2026-03-16,601012,13:26:50,18.6700,297,1
2026-03-16,601012,13:26:53,18.6600,106,2
2026-03-16,601012,13:26:56,18.6600,1390,2
2026-03-16,601012,13:26:59,18.6600,347,2
2026-03-16,601012,13:27:02,18.6600,469,2
2026-03-16,601012,13:27:05,18.6600,271,2
2026-03-16,601012,13:27:08,18.6600,167,2
2026-03-16,601012,13:27:11,18.6600,630,2
2026-03-16,601012,13:27:14,18.6600,733,2
2026-03-16,601012,13:27:17,18.6600,568,2
2026-03-16,601012,13:27:20,18.6600,676,2
2026-03-16,601012,13:27:23,18.6600,368,2
2026-03-16,601012,13:27:26,18.6600,525,2
2026-03-16,601012,13:27:29,18.6700,720,1
2026-03-16,601012,13:27:32,18.6600,400,2
2026-03-16,601012,13:27:35,18.6600,1121,2
2026-03-16,601012,13:27:38,18.6600,341,1
2026-03-16,601012,13:27:41,18.6600,577,1
2026-03-16,601012,13:27:44,18.6600,256,1
2026-03-16,601012,13:27:47,18.6600,348,1
2026-03-16,601012,13:27:50,18.6600,626,2
2026-03-16,601012,13:27:53,18.6600,369,1
2026-03-16,601012,13:27:56,18.6600,576,1
2026-03-16,601012,13:27:59,18.6600,171,1
2026-03-16,601012,13:28:02,18.6500,1164,2
2026-03-16,601012,13:28:05,18.6500,1072,2
2026-03-16,601012,13:28:08,18.6500,1326,2
2026-03-16,601012,13:28:11,18.6500,1940,2
2026-03-16,601012,13:28:14,18.6500,2343,2
2026-03-16,601012,13:28:17,18.6500,1024,2
2026-03-16,601012,13:28:20,18.6500,911,2
2026-03-16,601012,13:28:23,18.6600,364,1
2026-03-16,601012,13:28:26,18.6600,637,1
2026-03-16,601012,13:28:29,18.6600,342,1
2026-03-16,601012,13:28:32,18.6500,159,2
2026-03-16,601012,13:28:35,18.6500,123,2
2026-03-16,601012,13:28:38,18.6500,905,2
2026-03-16,601012,13:28:41,18.6500,326,2
2026-03-16,601012,13:28:44,18.6500,466,2
2026-03-16,601012,13:28:47,18.6500,353,2
2026-03-16,601012,13:28:50,18.6500,297,2
2026-03-16,601012,13:28:53,18.6500,976,2
2026-03-16,601012,13:28:56,18.6500,610,1
2026-03-16,601012,13:28:59,18.6500,214,1
2026-03-16,601012,13:29:02,18.6500,1766,1
2026-03-16,601012,13:29:05,18.6400,285,2
2026-03-16,601012,13:29:08,18.6400,52,1
2026-03-16,601012,13:29:11,18.6300,4008,2
2026-03-16,601012,13:29:14,18.6300,2454,2
2026-03-16,601012,13:29:17,18.6200,969,2
2026-03-16,601012,13:29:20,18.6300,1190,1
2026-03-16,601012,13:29:23,18.6300,513,2
2026-03-16,601012,13:29:26,18.6100,1905,2
2026-03-16,601012,13:29:29,18.6300,818,1
2026-03-16,601012,13:29:32,18.6300,312,1
2026-03-16,601012,13:29:35,18.6300,634,2
2026-03-16,601012,13:29:38,18.6300,762,2
2026-03-16,601012,13:29:41,18.6300,893,2
2026-03-16,601012,13:29:44,18.6300,475,2
2026-03-16,601012,13:29:47,18.6300,445,2
2026-03-16,601012,13:29:50,18.6300,1082,1
2026-03-16,601012,13:29:53,18.6300,1559,2
2026-03-16,601012,13:29:56,18.6300,1534,2
2026-03-16,601012,13:29:59,18.6300,358,2
2026-03-16,601012,13:30:02,18.6400,277,4
2026-03-16,601012,13:30:05,18.6400,1555,2
2026-03-16,601012,13:30:08,18.6500,254,4
2026-03-16,601012,13:30:11,18.6600,816,1
2026-03-16,601012,13:30:14,18.6600,526,2
2026-03-16,601012,13:30:17,18.6800,235,1
2026-03-16,601012,13:30:20,18.6700,86,2
2026-03-16,601012,13:30:23,18.6800,416,1
2026-03-16,601012,13:30:26,18.6900,147,1
2026-03-16,601012,13:30:29,18.7000,418,1
2026-03-16,601012,13:30:32,18.7000,685,1
2026-03-16,601012,13:30:35,18.7100,870,1
2026-03-16,601012,13:30:38,18.7100,264,1
2026-03-16,601012,13:30:41,18.7100,227,1
2026-03-16,601012,13:30:44,18.7200,138,1
2026-03-16,601012,13:30:47,18.7100,340,2
2026-03-16,601012,13:30:50,18.7100,307,2
2026-03-16,601012,13:30:53,18.7200,228,1
2026-03-16,601012,13:30:56,18.7200,285,1
2026-03-16,601012,13:30:59,18.7200,135,1
2026-03-16,601012,13:31:02,18.7200,71,1
2026-03-16,601012,13:31:05,18.7100,114,2
2026-03-16,601012,13:31:08,18.7100,174,2
2026-03-16,601012,13:31:11,18.7100,232,2
2026-03-16,601012,13:31:14,18.7100,47,1
2026-03-16,601012,13:31:17,18.7000,285,2
2026-03-16,601012,13:31:20,18.7100,306,1
2026-03-16,601012,13:31:23,18.7100,163,2
2026-03-16,601012,13:31:26,18.7000,76,2
2026-03-16,601012,13:31:29,18.7000,94,2
2026-03-16,601012,13:31:32,18.7000,168,2
2026-03-16,601012,13:31:35,18.7100,392,1
2026-03-16,601012,13:31:38,18.7100,211,1
2026-03-16,601012,13:31:41,18.7100,36,1
2026-03-16,601012,13:31:44,18.7000,429,2
2026-03-16,601012,13:31:47,18.7100,487,1
2026-03-16,601012,13:31:50,18.7000,57,2
2026-03-16,601012,13:31:53,18.7000,166,2
2026-03-16,601012,13:31:56,18.7100,100,1
2026-03-16,601012,13:31:59,18.7100,129,1
2026-03-16,601012,13:32:02,18.7100,513,1
2026-03-16,601012,13:32:05,18.7000,366,2
2026-03-16,601012,13:32:08,18.7000,312,2
2026-03-16,601012,13:32:11,18.7000,646,2
2026-03-16,601012,13:32:14,18.7100,241,1
2026-03-16,601012,13:32:17,18.6900,43,2
2026-03-16,601012,13:32:20,18.6900,53,2
2026-03-16,601012,13:32:23,18.7000,75,1
2026-03-16,601012,13:32:26,18.7000,82,1
2026-03-16,601012,13:32:29,18.6900,87,2
2026-03-16,601012,13:32:32,18.6900,163,2
2026-03-16,601012,13:32:35,18.6900,81,2
2026-03-16,601012,13:32:38,18.6900,1032,2
2026-03-16,601012,13:32:41,18.6900,172,2
2026-03-16,601012,13:32:44,18.6900,144,2
2026-03-16,601012,13:32:47,18.6800,94,2
2026-03-16,601012,13:32:50,18.6800,241,2
2026-03-16,601012,13:32:53,18.6800,152,2
2026-03-16,601012,13:32:56,18.6800,272,2
2026-03-16,601012,13:32:59,18.6800,220,2
2026-03-16,601012,13:33:02,18.6800,160,2
2026-03-16,601012,13:33:05,18.6800,52,2
2026-03-16,601012,13:33:08,18.6800,323,2
2026-03-16,601012,13:33:11,18.6800,102,2
2026-03-16,601012,13:33:14,18.6800,461,2
2026-03-16,601012,13:33:17,18.6800,118,2
2026-03-16,601012,13:33:20,18.6800,790,2
2026-03-16,601012,13:33:23,18.6800,206,2
2026-03-16,601012,13:33:26,18.6900,21,1
2026-03-16,601012,13:33:29,18.6800,92,2
2026-03-16,601012,13:33:32,18.6800,63,2
2026-03-16,601012,13:33:35,18.6800,97,2
2026-03-16,601012,13:33:38,18.6800,57,2
2026-03-16,601012,13:33:41,18.6900,875,1
2026-03-16,601012,13:33:44,18.6800,81,1
2026-03-16,601012,13:33:47,18.6700,137,2
2026-03-16,601012,13:33:50,18.6700,37,2
2026-03-16,601012,13:33:53,18.6700,36,2
2026-03-16,601012,13:33:56,18.6700,150,2
2026-03-16,601012,13:33:59,18.6700,375,2
2026-03-16,601012,13:34:02,18.6800,199,1
2026-03-16,601012,13:34:05,18.6800,45,1
2026-03-16,601012,13:34:08,18.6700,364,2
2026-03-16,601012,13:34:11,18.6700,186,2
2026-03-16,601012,13:34:14,18.6800,258,1
2026-03-16,601012,13:34:17,18.6800,405,2
2026-03-16,601012,13:34:20,18.6800,25,2
2026-03-16,601012,13:34:23,18.6800,99,2
2026-03-16,601012,13:34:26,18.6800,126,2
2026-03-16,601012,13:34:29,18.6900,112,1
2026-03-16,601012,13:34:32,18.7000,480,1
2026-03-16,601012,13:34:35,18.7000,159,1
2026-03-16,601012,13:34:38,18.6900,1506,2
2026-03-16,601012,13:34:41,18.6900,26,1
2026-03-16,601012,13:34:44,18.7000,6,1
2026-03-16,601012,13:34:47,18.6900,101,2
2026-03-16,601012,13:34:50,18.6900,58,2
2026-03-16,601012,13:34:53,18.7000,138,1
2026-03-16,601012,13:34:56,18.7000,181,1
2026-03-16,601012,13:34:59,18.6900,424,2
2026-03-16,601012,13:35:02,18.6900,56,2
2026-03-16,601012,13:35:05,18.6800,12,2
2026-03-16,601012,13:35:08,18.6900,33,1
2026-03-16,601012,13:35:11,18.6800,619,2
2026-03-16,601012,13:35:14,18.6900,15,1
2026-03-16,601012,13:35:17,18.6800,346,2
2026-03-16,601012,13:35:20,18.6600,634,2
2026-03-16,601012,13:35:23,18.6700,109,1
2026-03-16,601012,13:35:26,18.6700,113,1
2026-03-16,601012,13:35:29,18.6700,400,1
2026-03-16,601012,13:35:32,18.6800,230,1
2026-03-16,601012,13:35:35,18.6700,53,2
2026-03-16,601012,13:35:38,18.6800,112,1
2026-03-16,601012,13:35:41,18.6700,269,2
2026-03-16,601012,13:35:44,18.6900,197,1
2026-03-16,601012,13:35:47,18.6900,228,1
2026-03-16,601012,13:35:50,18.6900,95,1
2026-03-16,601012,13:35:53,18.6900,6,1
2026-03-16,601012,13:35:56,18.6800,60,2
2026-03-16,601012,13:35:59,18.6800,900,2
2026-03-16,601012,13:36:02,18.6800,856,1
2026-03-16,601012,13:36:05,18.6900,422,1
2026-03-16,601012,13:36:08,18.7000,965,1
2026-03-16,601012,13:36:11,18.7000,38,2
2026-03-16,601012,13:36:14,18.7000,198,2
2026-03-16,601012,13:36:17,18.7100,73,1
2026-03-16,601012,13:36:20,18.7000,76,2
2026-03-16,601012,13:36:23,18.7000,130,2
2026-03-16,601012,13:36:26,18.7000,254,2
2026-03-16,601012,13:36:29,18.7100,224,1
2026-03-16,601012,13:36:32,18.7000,34,2
2026-03-16,601012,13:36:35,18.7000,103,2
2026-03-16,601012,13:36:38,18.7000,50,2
2026-03-16,601012,13:36:41,18.7000,25,2
2026-03-16,601012,13:36:44,18.7100,7,1
2026-03-16,601012,13:36:47,18.7000,149,2
2026-03-16,601012,13:36:50,18.7000,80,2
2026-03-16,601012,13:36:53,18.7100,50,1
2026-03-16,601012,13:36:56,18.7000,62,2
2026-03-16,601012,13:36:59,18.7000,24,2
2026-03-16,601012,13:37:02,18.7100,21,1
2026-03-16,601012,13:37:05,18.7000,58,2
2026-03-16,601012,13:37:08,18.7100,303,1
2026-03-16,601012,13:37:11,18.7100,144,1
2026-03-16,601012,13:37:14,18.7100,689,1
2026-03-16,601012,13:37:17,18.7100,273,1
2026-03-16,601012,13:37:20,18.7100,176,1
2026-03-16,601012,13:37:23,18.7000,92,2
2026-03-16,601012,13:37:26,18.7100,33,1
2026-03-16,601012,13:37:29,18.7100,752,1
2026-03-16,601012,13:37:32,18.7100,284,1
2026-03-16,601012,13:37:35,18.7100,190,1
2026-03-16,601012,13:37:38,18.7000,267,4
2026-03-16,601012,13:37:41,18.6900,467,2
2026-03-16,601012,13:37:44,18.6900,149,1
2026-03-16,601012,13:37:47,18.6900,36,4
2026-03-16,601012,13:37:50,18.6800,58,2
2026-03-16,601012,13:37:53,18.6800,2192,2
2026-03-16,601012,13:37:56,18.6900,215,1
2026-03-16,601012,13:37:59,18.6800,217,2
2026-03-16,601012,13:38:02,18.7000,158,1
2026-03-16,601012,13:38:05,18.6800,98,2
2026-03-16,601012,13:38:08,18.6800,838,4
2026-03-16,601012,13:38:11,18.6800,179,1
2026-03-16,601012,13:38:14,18.6900,79,1
2026-03-16,601012,13:38:17,18.6800,143,2
2026-03-16,601012,13:38:20,18.6700,541,2
2026-03-16,601012,13:38:23,18.6800,64,4
2026-03-16,601012,13:38:26,18.6800,141,1
2026-03-16,601012,13:38:29,18.6800,108,1
2026-03-16,601012,13:38:32,18.6700,133,2
2026-03-16,601012,13:38:35,18.6700,38,2
2026-03-16,601012,13:38:38,18.6800,273,1
2026-03-16,601012,13:38:41,18.6700,65,2
2026-03-16,601012,13:38:44,18.6800,50,1
2026-03-16,601012,13:38:47,18.6700,126,2
2026-03-16,601012,13:38:50,18.6700,36,2
2026-03-16,601012,13:38:53,18.6700,110,2
2026-03-16,601012,13:38:56,18.6600,61,2
2026-03-16,601012,13:38:59,18.6600,132,2
2026-03-16,601012,13:39:02,18.6700,148,1
2026-03-16,601012,13:39:05,18.6700,104,1
2026-03-16,601012,13:39:08,18.6600,168,2
2026-03-16,601012,13:39:11,18.6700,177,1
2026-03-16,601012,13:39:14,18.6600,566,2
2026-03-16,601012,13:39:17,18.6700,259,1
2026-03-16,601012,13:39:20,18.6600,665,2
2026-03-16,601012,13:39:23,18.6600,206,2
2026-03-16,601012,13:39:26,18.6600,68,2
2026-03-16,601012,13:39:29,18.6700,105,1
2026-03-16,601012,13:39:32,18.6700,769,1
2026-03-16,601012,13:39:35,18.6800,342,1
2026-03-16,601012,13:39:38,18.6800,151,1
2026-03-16,601012,13:39:41,18.6800,134,2
2026-03-16,601012,13:39:44,18.6800,7,1
2026-03-16,601012,13:39:47,18.6800,22,1
2026-03-16,601012,13:39:50,18.6800,118,1
2026-03-16,601012,13:39:53,18.6700,93,2
2026-03-16,601012,13:39:56,18.6800,216,1
2026-03-16,601012,13:39:59,18.6700,68,2
2026-03-16,601012,13:40:02,18.6800,61,1
2026-03-16,601012,13:40:05,18.6800,203,1
2026-03-16,601012,13:40:08,18.6800,116,1
2026-03-16,601012,13:40:11,18.6800,173,1
2026-03-16,601012,13:40:14,18.6800,22,2
2026-03-16,601012,13:40:17,18.6800,248,2
2026-03-16,601012,13:40:20,18.6900,315,1
2026-03-16,601012,13:40:23,18.6900,240,1
2026-03-16,601012,13:40:26,18.6900,46,2
2026-03-16,601012,13:40:29,18.6900,127,2
2026-03-16,601012,13:40:32,18.7000,60,1
2026-03-16,601012,13:40:35,18.7000,1019,1
2026-03-16,601012,13:40:38,18.7100,265,1
2026-03-16,601012,13:40:41,18.7000,120,2
2026-03-16,601012,13:40:44,18.7100,36,1
2026-03-16,601012,13:40:47,18.7100,80,1
2026-03-16,601012,13:40:50,18.7000,127,2
2026-03-16,601012,13:40:53,18.7000,352,2
2026-03-16,601012,13:40:56,18.7100,267,1
2026-03-16,601012,13:40:59,18.7100,126,1
2026-03-16,601012,13:41:02,18.7100,156,2
2026-03-16,601012,13:41:05,18.7100,112,2
2026-03-16,601012,13:41:08,18.7100,73,1
2026-03-16,601012,13:41:11,18.7100,188,1
2026-03-16,601012,13:41:14,18.7100,74,1
2026-03-16,601012,13:41:17,18.7000,270,2
2026-03-16,601012,13:41:20,18.7100,183,1
2026-03-16,601012,13:41:23,18.7100,195,1
2026-03-16,601012,13:41:26,18.7000,154,2
2026-03-16,601012,13:41:29,18.7000,150,2
2026-03-16,601012,13:41:32,18.7000,225,2
2026-03-16,601012,13:41:35,18.7000,392,2
2026-03-16,601012,13:41:38,18.7100,289,1
2026-03-16,601012,13:41:41,18.7000,304,4
2026-03-16,601012,13:41:44,18.7100,176,1
2026-03-16,601012,13:41:47,18.7100,187,1
2026-03-16,601012,13:41:50,18.7100,177,1
2026-03-16,601012,13:41:53,18.7100,204,1
2026-03-16,601012,13:41:56,18.7100,75,1
2026-03-16,601012,13:41:59,18.7100,371,1
2026-03-16,601012,13:42:02,18.7100,966,1
2026-03-16,601012,13:42:05,18.7000,202,2
2026-03-16,601012,13:42:08,18.7100,224,1
2026-03-16,601012,13:42:11,18.7000,84,2
2026-03-16,601012,13:42:14,18.7000,228,1
2026-03-16,601012,13:42:17,18.7000,69,1
2026-03-16,601012,13:42:20,18.7000,76,1
2026-03-16,601012,13:42:23,18.7000,195,1
2026-03-16,601012,13:42:26,18.7000,256,1
2026-03-16,601012,13:42:29,18.7000,198,1
2026-03-16,601012,13:42:32,18.6900,154,2
2026-03-16,601012,13:42:35,18.6900,56,2
2026-03-16,601012,13:42:38,18.7000,78,1
2026-03-16,601012,13:42:41,18.6900,174,2
2026-03-16,601012,13:42:44,18.6800,89,2
2026-03-16,601012,13:42:47,18.7000,122,1
2026-03-16,601012,13:42:50,18.6800,18,2
2026-03-16,601012,13:42:53,18.6900,138,1
2026-03-16,601012,13:42:56,18.7000,344,1
2026-03-16,601012,13:42:59,18.7000,136,1
2026-03-16,601012,13:43:02,18.6900,182,2
2026-03-16,601012,13:43:05,18.6900,112,2
2026-03-16,601012,13:43:08,18.7000,120,1
2026-03-16,601012,13:43:11,18.7000,830,1
2026-03-16,601012,13:43:14,18.7000,339,1
2026-03-16,601012,13:43:17,18.7000,108,2
2026-03-16,601012,13:43:20,18.7000,146,2
2026-03-16,601012,13:43:23,18.7000,116,1
2026-03-16,601012,13:43:26,18.6900,79,2
2026-03-16,601012,13:43:29,18.6900,33,2
2026-03-16,601012,13:43:32,18.6900,45,2
2026-03-16,601012,13:43:35,18.6900,379,2
2026-03-16,601012,13:43:38,18.6900,175,2
2026-03-16,601012,13:43:41,18.6800,59,2
2026-03-16,601012,13:43:44,18.6900,88,1
2026-03-16,601012,13:43:47,18.6800,117,2
2026-03-16,601012,13:43:50,18.6800,250,2
2026-03-16,601012,13:43:53,18.6900,36,1
2026-03-16,601012,13:43:56,18.7000,136,1
2026-03-16,601012,13:43:59,18.6900,90,2
2026-03-16,601012,13:44:02,18.6900,64,2
2026-03-16,601012,13:44:05,18.6900,113,2
2026-03-16,601012,13:44:08,18.6900,16,2
2026-03-16,601012,13:44:11,18.7000,203,1
2026-03-16,601012,13:44:14,18.7000,178,1
2026-03-16,601012,13:44:17,18.6900,121,2
2026-03-16,601012,13:44:20,18.7000,279,1
2026-03-16,601012,13:44:23,18.6900,45,2
2026-03-16,601012,13:44:26,18.6900,98,2
2026-03-16,601012,13:44:29,18.6900,127,2
2026-03-16,601012,13:44:32,18.7000,148,1
2026-03-16,601012,13:44:35,18.7000,358,1
2026-03-16,601012,13:44:38,18.7000,103,1
2026-03-16,601012,13:44:41,18.6900,84,2
2026-03-16,601012,13:44:44,18.6900,104,2
2026-03-16,601012,13:44:47,18.7000,52,1
2026-03-16,601012,13:44:50,18.6900,93,2
2026-03-16,601012,13:44:53,18.6900,100,2
2026-03-16,601012,13:44:56,18.6900,190,2
2026-03-16,601012,13:44:59,18.6900,312,2
2026-03-16,601012,13:45:02,18.7000,76,1
2026-03-16,601012,13:45:05,18.7000,83,1
2026-03-16,601012,13:45:08,18.7000,307,1
2026-03-16,601012,13:45:11,18.7100,562,1
2026-03-16,601012,13:45:14,18.7100,20,1
2026-03-16,601012,13:45:17,18.7000,42,2
2026-03-16,601012,13:45:20,18.7100,12,1
2026-03-16,601012,13:45:23,18.7100,170,1
2026-03-16,601012,13:45:26,18.7100,358,1
2026-03-16,601012,13:45:29,18.7000,101,2
2026-03-16,601012,13:45:32,18.7000,75,2
2026-03-16,601012,13:45:35,18.7000,102,2
2026-03-16,601012,13:45:38,18.7100,143,1
2026-03-16,601012,13:45:41,18.7000,102,2
2026-03-16,601012,13:45:44,18.7100,256,1
2026-03-16,601012,13:45:47,18.7100,229,1
2026-03-16,601012,13:45:50,18.7000,88,2
2026-03-16,601012,13:45:53,18.7000,35,2
2026-03-16,601012,13:45:56,18.7100,645,1
2026-03-16,601012,13:45:59,18.7000,324,2
2026-03-16,601012,13:46:02,18.7000,385,2
2026-03-16,601012,13:46:05,18.7100,575,1
2026-03-16,601012,13:46:08,18.7100,230,1
2026-03-16,601012,13:46:11,18.7100,245,1
2026-03-16,601012,13:46:14,18.7200,193,1
2026-03-16,601012,13:46:17,18.6900,2035,2
2026-03-16,601012,13:46:20,18.6900,275,2
2026-03-16,601012,13:46:23,18.6900,27,2
2026-03-16,601012,13:46:26,18.7000,116,1
2026-03-16,601012,13:46:29,18.6900,24,2
2026-03-16,601012,13:46:32,18.6900,25,2
2026-03-16,601012,13:46:35,18.7000,106,1
2026-03-16,601012,13:46:38,18.6900,128,2
2026-03-16,601012,13:46:41,18.7000,211,1
2026-03-16,601012,13:46:44,18.7000,50,1
2026-03-16,601012,13:46:47,18.6900,166,2
2026-03-16,601012,13:46:50,18.7000,189,1
2026-03-16,601012,13:46:53,18.6800,41,2
2026-03-16,601012,13:46:56,18.7000,22,1
2026-03-16,601012,13:46:59,18.6800,117,2
2026-03-16,601012,13:47:02,18.6900,67,1
2026-03-16,601012,13:47:05,18.6800,27,2
2026-03-16,601012,13:47:08,18.6900,30,1
2026-03-16,601012,13:47:11,18.6800,63,2
2026-03-16,601012,13:47:14,18.6900,205,1
2026-03-16,601012,13:47:17,18.6900,38,1
2026-03-16,601012,13:47:20,18.6800,66,2
2026-03-16,601012,13:47:23,18.6800,335,2
2026-03-16,601012,13:47:26,18.7000,72,1
2026-03-16,601012,13:47:29,18.6900,19,4
2026-03-16,601012,13:47:32,18.6900,81,2
2026-03-16,601012,13:47:35,18.6900,105,2
2026-03-16,601012,13:47:38,18.6900,491,2
2026-03-16,601012,13:47:41,18.6900,220,2
2026-03-16,601012,13:47:44,18.6900,179,2
2026-03-16,601012,13:47:47,18.6900,122,1
2026-03-16,601012,13:47:50,18.6900,198,1
2026-03-16,601012,13:47:53,18.6900,448,2
2026-03-16,601012,13:47:56,18.6900,19,2
2026-03-16,601012,13:47:59,18.6900,91,2
2026-03-16,601012,13:48:02,18.6900,514,2
2026-03-16,601012,13:48:05,18.7000,33,1
2026-03-16,601012,13:48:08,18.7000,62,2
2026-03-16,601012,13:48:11,18.7000,395,2
2026-03-16,601012,13:48:14,18.6900,104,4
2026-03-16,601012,13:48:17,18.6900,54,4
2026-03-16,601012,13:48:20,18.7000,195,1
2026-03-16,601012,13:48:23,18.7000,55,2
2026-03-16,601012,13:48:26,18.7000,103,2
2026-03-16,601012,13:48:29,18.7000,24,1
2026-03-16,601012,13:48:32,18.7000,55,1
2026-03-16,601012,13:48:35,18.7000,52,1
2026-03-16,601012,13:48:38,18.7000,10,1
2026-03-16,601012,13:48:41,18.7000,47,1
2026-03-16,601012,13:48:44,18.7000,109,1
2026-03-16,601012,13:48:47,18.6900,77,2
2026-03-16,601012,13:48:50,18.6900,16,2
2026-03-16,601012,13:48:53,18.6900,142,2
2026-03-16,601012,13:48:56,18.6900,26,2
2026-03-16,601012,13:48:59,18.7000,7,1
2026-03-16,601012,13:49:02,18.7000,199,1
2026-03-16,601012,13:49:05,18.7000,68,1
2026-03-16,601012,13:49:08,18.7000,285,1
2026-03-16,601012,13:49:11,18.7000,112,1
2026-03-16,601012,13:49:14,18.6900,55,2
2026-03-16,601012,13:49:17,18.7000,102,1
2026-03-16,601012,13:49:20,18.6900,247,2
2026-03-16,601012,13:49:23,18.6900,91,4
2026-03-16,601012,13:49:26,18.6900,76,1
2026-03-16,601012,13:49:29,18.6900,119,1
2026-03-16,601012,13:49:32,18.6900,122,1
2026-03-16,601012,13:49:35,18.6900,603,1
2026-03-16,601012,13:49:38,18.6900,287,1
2026-03-16,601012,13:49:41,18.6900,2194,1
2026-03-16,601012,13:49:44,18.6900,893,1
2026-03-16,601012,13:49:47,18.6800,163,1
2026-03-16,601012,13:49:50,18.6800,116,2
2026-03-16,601012,13:49:53,18.6800,1911,1
2026-03-16,601012,13:49:56,18.6800,54,1
2026-03-16,601012,13:49:59,18.6700,100,4
2026-03-16,601012,13:50:02,18.6800,655,1
2026-03-16,601012,13:50:05,18.6800,265,2
2026-03-16,601012,13:50:08,18.6800,64,2
2026-03-16,601012,13:50:11,18.6800,189,2
2026-03-16,601012,13:50:14,18.6800,254,2
2026-03-16,601012,13:50:17,18.6800,37,2
2026-03-16,601012,13:50:20,18.6800,628,2
2026-03-16,601012,13:50:23,18.6800,131,1
2026-03-16,601012,13:50:26,18.6700,300,2
2026-03-16,601012,13:50:29,18.6800,74,1
2026-03-16,601012,13:50:32,18.6700,263,2
2026-03-16,601012,13:50:35,18.6800,70,2
2026-03-16,601012,13:50:38,18.6700,86,2
2026-03-16,601012,13:50:41,18.6800,45,1
2026-03-16,601012,13:50:44,18.6900,645,1
2026-03-16,601012,13:50:47,18.6900,56,1
2026-03-16,601012,13:50:50,18.6700,76,2
2026-03-16,601012,13:50:53,18.6700,116,2
2026-03-16,601012,13:50:56,18.6700,111,2
2026-03-16,601012,13:50:59,18.6700,72,2
2026-03-16,601012,13:51:02,18.6800,313,1
2026-03-16,601012,13:51:05,18.6800,63,2
2026-03-16,601012,13:51:08,18.6800,352,2
2026-03-16,601012,13:51:11,18.6800,37,2
2026-03-16,601012,13:51:14,18.6800,240,1
2026-03-16,601012,13:51:17,18.6700,155,2
2026-03-16,601012,13:51:20,18.6800,206,1
2026-03-16,601012,13:51:23,18.6700,320,2
2026-03-16,601012,13:51:26,18.6700,115,2
2026-03-16,601012,13:51:29,18.6700,58,2
2026-03-16,601012,13:51:32,18.6900,870,1
2026-03-16,601012,13:51:35,18.6800,85,2
2026-03-16,601012,13:51:38,18.6800,51,2
2026-03-16,601012,13:51:41,18.6800,28,2
2026-03-16,601012,13:51:44,18.6700,79,2
2026-03-16,601012,13:51:47,18.6900,311,1
2026-03-16,601012,13:51:50,18.6800,260,2
2026-03-16,601012,13:51:53,18.6800,211,2
2026-03-16,601012,13:51:56,18.6900,489,1
2026-03-16,601012,13:51:59,18.6900,450,1
2026-03-16,601012,13:52:02,18.6900,81,2
2026-03-16,601012,13:52:05,18.6900,364,2
2026-03-16,601012,13:52:08,18.6900,41,2
2026-03-16,601012,13:52:11,18.6800,77,2
2026-03-16,601012,13:52:14,18.6900,56,1
2026-03-16,601012,13:52:17,18.6900,136,1
2026-03-16,601012,13:52:20,18.6800,16,2
2026-03-16,601012,13:52:23,18.6900,146,1
2026-03-16,601012,13:52:26,18.6900,51,1
2026-03-16,601012,13:52:29,18.6900,161,1
2026-03-16,601012,13:52:32,18.6800,39,2
2026-03-16,601012,13:52:35,18.6800,939,2
2026-03-16,601012,13:52:38,18.6800,545,2
2026-03-16,601012,13:52:41,18.6900,17,1
2026-03-16,601012,13:52:44,18.6900,378,1
2026-03-16,601012,13:52:47,18.6900,81,2
2026-03-16,601012,13:52:50,18.6900,143,2
2026-03-16,601012,13:52:53,18.7000,101,1
2026-03-16,601012,13:52:56,18.6900,583,2
2026-03-16,601012,13:52:59,18.6900,117,1
2026-03-16,601012,13:53:02,18.6900,50,1
2026-03-16,601012,13:53:05,18.6800,883,2
2026-03-16,601012,13:53:08,18.6900,54,1
2026-03-16,601012,13:53:11,18.6800,65,2
2026-03-16,601012,13:53:14,18.6800,40,2
2026-03-16,601012,13:53:17,18.6800,190,2
2026-03-16,601012,13:53:20,18.6800,214,2
2026-03-16,601012,13:53:23,18.6900,117,1
2026-03-16,601012,13:53:26,18.6800,119,2
2026-03-16,601012,13:53:29,18.6800,179,2
2026-03-16,601012,13:53:32,18.6900,155,1
2026-03-16,601012,13:53:35,18.6700,119,2
2026-03-16,601012,13:53:38,18.6700,124,2
2026-03-16,601012,13:53:41,18.6800,71,2
2026-03-16,601012,13:53:44,18.6800,112,2
2026-03-16,601012,13:53:47,18.6800,103,2
2026-03-16,601012,13:53:50,18.6900,40,1
2026-03-16,601012,13:53:53,18.6800,316,2
2026-03-16,601012,13:53:56,18.6800,75,2
2026-03-16,601012,13:53:59,18.6900,116,1
2026-03-16,601012,13:54:02,18.6800,83,2
2026-03-16,601012,13:54:05,18.7000,1058,1
2026-03-16,601012,13:54:08,18.6900,33,2
2026-03-16,601012,13:54:11,18.7000,175,1
2026-03-16,601012,13:54:14,18.7000,41,1
2026-03-16,601012,13:54:17,18.7000,42,1
2026-03-16,601012,13:54:20,18.7000,274,1
2026-03-16,601012,13:54:23,18.7000,31,1
2026-03-16,601012,13:54:26,18.6900,70,2
2026-03-16,601012,13:54:29,18.6900,20,2
2026-03-16,601012,13:54:32,18.7000,159,1
2026-03-16,601012,13:54:35,18.7000,48,1
2026-03-16,601012,13:54:38,18.7000,537,1
2026-03-16,601012,13:54:41,18.6900,112,2
2026-03-16,601012,13:54:44,18.6900,114,2
2026-03-16,601012,13:54:47,18.7000,97,1
2026-03-16,601012,13:54:50,18.6900,59,2
2026-03-16,601012,13:54:53,18.6900,68,2
2026-03-16,601012,13:54:56,18.6900,96,2
2026-03-16,601012,13:54:59,18.6900,79,2
2026-03-16,601012,13:55:02,18.6900,160,2
2026-03-16,601012,13:55:05,18.6900,163,2
2026-03-16,601012,13:55:08,18.6900,156,2
2026-03-16,601012,13:55:11,18.6900,146,2
2026-03-16,601012,13:55:14,18.7000,86,1
2026-03-16,601012,13:55:17,18.6900,115,2
2026-03-16,601012,13:55:20,18.7000,105,1
2026-03-16,601012,13:55:23,18.6900,2435,1
2026-03-16,601012,13:55:26,18.6900,146,1
2026-03-16,601012,13:55:29,18.6900,44,1
2026-03-16,601012,13:55:32,18.6900,97,1
2026-03-16,601012,13:55:35,18.6900,102,1
2026-03-16,601012,13:55:38,18.6800,65,2
2026-03-16,601012,13:55:41,18.7000,75,1
2026-03-16,601012,13:55:44,18.6900,97,1
2026-03-16,601012,13:55:47,18.6800,244,2
2026-03-16,601012,13:55:50,18.6800,113,2
2026-03-16,601012,13:55:53,18.6800,92,2
2026-03-16,601012,13:55:56,18.6800,72,2
2026-03-16,601012,13:55:59,18.6800,265,2
2026-03-16,601012,13:56:02,18.6800,28,1
2026-03-16,601012,13:56:05,18.6800,131,1
2026-03-16,601012,13:56:08,18.6800,551,1
2026-03-16,601012,13:56:11,18.6800,316,1
2026-03-16,601012,13:56:14,18.6800,11,1
2026-03-16,601012,13:56:17,18.6800,84,1
2026-03-16,601012,13:56:20,18.6700,330,2
2026-03-16,601012,13:56:23,18.6700,62,2
2026-03-16,601012,13:56:26,18.6700,272,1
2026-03-16,601012,13:56:29,18.6700,50,2
2026-03-16,601012,13:56:32,18.6700,218,2
2026-03-16,601012,13:56:35,18.6700,371,2
2026-03-16,601012,13:56:38,18.6700,228,2
2026-03-16,601012,13:56:41,18.6700,107,2
2026-03-16,601012,13:56:44,18.6700,91,2
2026-03-16,601012,13:56:47,18.6700,14,2
2026-03-16,601012,13:56:50,18.6700,238,2
2026-03-16,601012,13:56:53,18.6700,96,2
2026-03-16,601012,13:56:56,18.6700,55,2
2026-03-16,601012,13:56:59,18.6700,69,1
2026-03-16,601012,13:57:02,18.6700,125,2
2026-03-16,601012,13:57:05,18.6700,190,2
2026-03-16,601012,13:57:08,18.6800,436,1
2026-03-16,601012,13:57:11,18.6800,244,2
2026-03-16,601012,13:57:14,18.6800,95,2
2026-03-16,601012,13:57:17,18.6800,35,2
2026-03-16,601012,13:57:20,18.6800,856,2
2026-03-16,601012,13:57:23,18.6700,164,2
2026-03-16,601012,13:57:26,18.6800,24,1
2026-03-16,601012,13:57:29,18.6800,351,1
2026-03-16,601012,13:57:32,18.6800,260,1
2026-03-16,601012,13:57:35,18.6800,914,1
2026-03-16,601012,13:57:38,18.6800,323,1
2026-03-16,601012,13:57:41,18.6800,172,1
2026-03-16,601012,13:57:44,18.6800,213,2
2026-03-16,601012,13:57:47,18.6900,82,1
2026-03-16,601012,13:57:50,18.6800,85,2
2026-03-16,601012,13:57:53,18.6800,91,2
2026-03-16,601012,13:57:56,18.6800,131,2
2026-03-16,601012,13:57:59,18.6800,275,2
2026-03-16,601012,13:58:02,18.6900,74,1
2026-03-16,601012,13:58:05,18.6900,102,1
2026-03-16,601012,13:58:08,18.6900,705,1
2026-03-16,601012,13:58:11,18.6900,123,1
2026-03-16,601012,13:58:14,18.6800,163,2
2026-03-16,601012,13:58:17,18.6800,341,2
2026-03-16,601012,13:58:20,18.6800,84,2
2026-03-16,601012,13:58:23,18.6800,72,2
2026-03-16,601012,13:58:26,18.6800,200,2
2026-03-16,601012,13:58:29,18.6800,72,2
2026-03-16,601012,13:58:32,18.6900,78,1
2026-03-16,601012,13:58:35,18.6900,111,1
2026-03-16,601012,13:58:38,18.6800,122,2
2026-03-16,601012,13:58:41,18.6800,76,2
2026-03-16,601012,13:58:44,18.6800,106,2
2026-03-16,601012,13:58:47,18.6800,284,1
2026-03-16,601012,13:58:50,18.6800,62,2
2026-03-16,601012,13:58:53,18.6800,186,1
2026-03-16,601012,13:58:56,18.6800,55,1
2026-03-16,601012,13:58:59,18.6800,102,2
2026-03-16,601012,13:59:02,18.6800,79,2
2026-03-16,601012,13:59:05,18.6900,69,1
2026-03-16,601012,13:59:08,18.6900,55,1
2026-03-16,601012,13:59:11,18.6800,60,2
2026-03-16,601012,13:59:14,18.6800,180,2
2026-03-16,601012,13:59:17,18.6800,181,1
2026-03-16,601012,13:59:20,18.6700,492,2
2026-03-16,601012,13:59:23,18.6800,126,1
2026-03-16,601012,13:59:26,18.6800,175,1
2026-03-16,601012,13:59:29,18.6800,274,2
2026-03-16,601012,13:59:32,18.6800,138,2
2026-03-16,601012,13:59:35,18.6800,82,4
2026-03-16,601012,13:59:38,18.6900,148,1
2026-03-16,601012,13:59:41,18.6800,139,2
2026-03-16,601012,13:59:44,18.6900,112,1
2026-03-16,601012,13:59:47,18.6800,1909,2
2026-03-16,601012,13:59:50,18.6800,40,2
2026-03-16,601012,13:59:53,18.6800,34,1
2026-03-16,601012,13:59:56,18.6800,79,1
2026-03-16,601012,13:59:59,18.6700,47,2
2026-03-16,601012,14:00:02,18.6700,164,4
2026-03-16,601012,14:00:05,18.6800,175,1
2026-03-16,601012,14:00:08,18.6600,41,2
2026-03-16,601012,14:00:11,18.6800,6,1
2026-03-16,601012,14:00:14,18.6800,2,1
2026-03-16,601012,14:00:17,18.6700,51,2
2026-03-16,601012,14:00:20,18.6700,85,1
2026-03-16,601012,14:00:23,18.6700,289,4
2026-03-16,601012,14:00:26,18.6700,121,2
2026-03-16,601012,14:00:29,18.6700,331,2
2026-03-16,601012,14:00:32,18.6700,1918,1
2026-03-16,601012,14:00:35,18.6800,195,1
2026-03-16,601012,14:00:38,18.6700,479,2
2026-03-16,601012,14:00:41,18.6700,63,2
2026-03-16,601012,14:00:44,18.6800,85,1
2026-03-16,601012,14:00:47,18.6700,63,2
2026-03-16,601012,14:00:50,18.6700,622,2
2026-03-16,601012,14:00:53,18.6700,1090,1
2026-03-16,601012,14:00:56,18.6800,243,1
2026-03-16,601012,14:00:59,18.6800,449,1
2026-03-16,601012,14:01:02,18.6800,499,1
2026-03-16,601012,14:01:05,18.6800,61,1
2026-03-16,601012,14:01:08,18.6800,88,1
2026-03-16,601012,14:01:11,18.6700,902,2
2026-03-16,601012,14:01:14,18.6900,756,1
2026-03-16,601012,14:01:17,18.6800,30,2
2026-03-16,601012,14:01:20,18.6800,169,2
2026-03-16,601012,14:01:23,18.6800,226,2
2026-03-16,601012,14:01:26,18.6700,1091,2
2026-03-16,601012,14:01:29,18.6700,200,2
2026-03-16,601012,14:01:32,18.6700,41,2
2026-03-16,601012,14:01:35,18.6700,553,2
2026-03-16,601012,14:01:38,18.6600,188,2
2026-03-16,601012,14:01:41,18.6600,279,2
2026-03-16,601012,14:01:44,18.6600,159,2
2026-03-16,601012,14:01:47,18.6600,46,2
2026-03-16,601012,14:01:50,18.6700,98,1
2026-03-16,601012,14:01:53,18.6600,117,2
2026-03-16,601012,14:01:56,18.6600,3215,2
2026-03-16,601012,14:01:59,18.6500,1138,2
2026-03-16,601012,14:02:02,18.6500,152,2
2026-03-16,601012,14:02:05,18.6600,146,1
2026-03-16,601012,14:02:08,18.6500,38,2
2026-03-16,601012,14:02:11,18.6500,402,2
2026-03-16,601012,14:02:14,18.6500,387,2
2026-03-16,601012,14:02:17,18.6500,125,2
2026-03-16,601012,14:02:20,18.6500,318,2
2026-03-16,601012,14:02:23,18.6500,55,2
2026-03-16,601012,14:02:26,18.6500,69,2
2026-03-16,601012,14:02:29,18.6600,195,1
2026-03-16,601012,14:02:32,18.6600,255,1
2026-03-16,601012,14:02:35,18.6500,171,2
2026-03-16,601012,14:02:38,18.6500,162,2
2026-03-16,601012,14:02:41,18.6500,96,2
2026-03-16,601012,14:02:44,18.6500,151,2
2026-03-16,601012,14:02:47,18.6500,134,2
2026-03-16,601012,14:02:50,18.6500,88,2
2026-03-16,601012,14:02:53,18.6500,104,2
2026-03-16,601012,14:02:56,18.6500,535,2
2026-03-16,601012,14:02:59,18.6600,118,1
2026-03-16,601012,14:03:02,18.6500,1510,2
2026-03-16,601012,14:03:05,18.6500,28,1
2026-03-16,601012,14:03:08,18.6400,131,2
2026-03-16,601012,14:03:11,18.6400,275,2
2026-03-16,601012,14:03:14,18.6400,298,2
2026-03-16,601012,14:03:17,18.6400,553,2
2026-03-16,601012,14:03:20,18.6400,344,2
2026-03-16,601012,14:03:23,18.6400,242,1
2026-03-16,601012,14:03:26,18.6400,263,2
2026-03-16,601012,14:03:29,18.6400,305,2
2026-03-16,601012,14:03:32,18.6400,752,2
2026-03-16,601012,14:03:35,18.6400,521,1
2026-03-16,601012,14:03:38,18.6300,175,2
2026-03-16,601012,14:03:41,18.6300,1680,2
2026-03-16,601012,14:03:44,18.6300,309,2
2026-03-16,601012,14:03:47,18.6300,620,2
2026-03-16,601012,14:03:50,18.6300,1182,2
2026-03-16,601012,14:03:53,18.6300,137,1
2026-03-16,601012,14:03:56,18.6300,349,1
2026-03-16,601012,14:03:59,18.6300,326,1
2026-03-16,601012,14:04:02,18.6300,869,1
2026-03-16,601012,14:04:05,18.6300,1268,2
2026-03-16,601012,14:04:08,18.6400,3054,1
2026-03-16,601012,14:04:11,18.6500,226,1
2026-03-16,601012,14:04:14,18.6400,51,2
2026-03-16,601012,14:04:17,18.6400,204,2
2026-03-16,601012,14:04:20,18.6300,980,2
2026-03-16,601012,14:04:23,18.6300,127,2
2026-03-16,601012,14:04:26,18.6300,191,2
2026-03-16,601012,14:04:29,18.6300,137,2
2026-03-16,601012,14:04:32,18.6300,127,2
2026-03-16,601012,14:04:35,18.6300,156,2
2026-03-16,601012,14:04:38,18.6300,99,2
2026-03-16,601012,14:04:41,18.6400,123,1
2026-03-16,601012,14:04:44,18.6300,203,2
2026-03-16,601012,14:04:47,18.6300,397,2
2026-03-16,601012,14:04:50,18.6300,164,1
2026-03-16,601012,14:04:53,18.6300,210,1
2026-03-16,601012,14:04:56,18.6400,335,1
2026-03-16,601012,14:04:59,18.6400,243,1
2026-03-16,601012,14:05:02,18.6300,359,2
2026-03-16,601012,14:05:05,18.6300,394,1
2026-03-16,601012,14:05:08,18.6300,2980,1
2026-03-16,601012,14:05:11,18.6300,362,1
2026-03-16,601012,14:05:14,18.6400,1641,1
2026-03-16,601012,14:05:17,18.6400,919,1
2026-03-16,601012,14:05:20,18.6400,416,2
2026-03-16,601012,14:05:23,18.6400,159,2
2026-03-16,601012,14:05:26,18.6400,1207,2
2026-03-16,601012,14:05:29,18.6500,596,4
2026-03-16,601012,14:05:32,18.6500,698,2
2026-03-16,601012,14:05:35,18.6500,89,2
2026-03-16,601012,14:05:38,18.6500,148,2
2026-03-16,601012,14:05:41,18.6500,62,2
2026-03-16,601012,14:05:44,18.6500,146,2
2026-03-16,601012,14:05:47,18.6500,608,4
2026-03-16,601012,14:05:50,18.6500,53,1
2026-03-16,601012,14:05:53,18.6500,73,1
2026-03-16,601012,14:05:56,18.6500,122,1
2026-03-16,601012,14:05:59,18.6400,578,2
2026-03-16,601012,14:06:02,18.6400,308,1
2026-03-16,601012,14:06:05,18.6400,66,1
2026-03-16,601012,14:06:08,18.6300,373,2
2026-03-16,601012,14:06:11,18.6400,700,2
2026-03-16,601012,14:06:14,18.6400,40,2
2026-03-16,601012,14:06:17,18.6400,124,2
2026-03-16,601012,14:06:20,18.6400,111,2
2026-03-16,601012,14:06:23,18.6400,53,2
2026-03-16,601012,14:06:26,18.6400,106,1
2026-03-16,601012,14:06:29,18.6400,197,1
2026-03-16,601012,14:06:32,18.6500,407,1
2026-03-16,601012,14:06:35,18.6400,614,2
2026-03-16,601012,14:06:38,18.6400,118,2
2026-03-16,601012,14:06:41,18.6500,17,1
2026-03-16,601012,14:06:44,18.6400,121,2
2026-03-16,601012,14:06:47,18.6400,26,2
2026-03-16,601012,14:06:50,18.6400,228,1
2026-03-16,601012,14:06:53,18.6400,67,1
2026-03-16,601012,14:06:56,18.6400,213,1
2026-03-16,601012,14:06:59,18.6400,250,1
2026-03-16,601012,14:07:02,18.6400,69,1
2026-03-16,601012,14:07:05,18.6300,169,2
2026-03-16,601012,10:56:59,18.8200,482,1
2026-03-16,601012,10:57:02,18.8200,36,1
2026-03-16,601012,10:57:05,18.8200,326,1
2026-03-16,601012,10:57:08,18.8200,70,1
2026-03-16,601012,10:57:11,18.8200,62,1
2026-03-16,601012,10:57:14,18.8200,31,1
2026-03-16,601012,10:57:17,18.8200,29,1
2026-03-16,601012,10:57:20,18.8200,25,1
2026-03-16,601012,10:57:23,18.8200,22,1
2026-03-16,601012,10:57:26,18.8100,48,2
2026-03-16,601012,10:57:29,18.8100,373,2
2026-03-16,601012,10:57:32,18.8200,10,2
2026-03-16,601012,10:57:35,18.8200,19,2
2026-03-16,601012,10:57:38,18.8300,285,1
2026-03-16,601012,10:57:41,18.8200,44,2
2026-03-16,601012,10:57:44,18.8200,308,2
2026-03-16,601012,10:57:47,18.8200,149,2
2026-03-16,601012,10:57:50,18.8200,75,1
2026-03-16,601012,10:57:53,18.8200,16,1
2026-03-16,601012,10:57:56,18.8200,97,1
2026-03-16,601012,10:57:59,18.8200,45,1
2026-03-16,601012,10:58:02,18.8200,76,1
2026-03-16,601012,10:58:05,18.8200,21,1
2026-03-16,601012,10:58:08,18.8100,46,2
2026-03-16,601012,10:58:11,18.8200,16,1
2026-03-16,601012,10:58:14,18.8200,24,1
2026-03-16,601012,10:58:17,18.8200,83,1
2026-03-16,601012,10:58:20,18.8200,292,1
2026-03-16,601012,10:58:23,18.8200,113,1
2026-03-16,601012,10:58:26,18.8200,15,2
2026-03-16,601012,10:58:29,18.8300,167,1
2026-03-16,601012,10:58:32,18.8300,132,1
2026-03-16,601012,10:58:35,18.8300,156,1
2026-03-16,601012,10:58:38,18.8300,94,1
2026-03-16,601012,10:58:41,18.8200,66,2
2026-03-16,601012,10:58:44,18.8200,58,2
2026-03-16,601012,10:58:47,18.8300,122,1
2026-03-16,601012,10:58:50,18.8400,270,1
2026-03-16,601012,10:58:53,18.8300,130,1
2026-03-16,601012,10:58:56,18.8300,48,2
2026-03-16,601012,10:58:59,18.8300,19,2
2026-03-16,601012,10:59:02,18.8300,280,2
2026-03-16,601012,10:59:05,18.8200,535,2
2026-03-16,601012,10:59:08,18.8200,47,1
2026-03-16,601012,10:59:11,18.8200,27,1
2026-03-16,601012,10:59:14,18.8100,32,2
2026-03-16,601012,10:59:17,18.8100,25,2
2026-03-16,601012,10:59:20,18.8100,13,2
2026-03-16,601012,10:59:23,18.8200,173,1
2026-03-16,601012,10:59:26,18.8200,65,1
2026-03-16,601012,10:59:29,18.8100,32,2
2026-03-16,601012,10:59:32,18.8200,139,1
2026-03-16,601012,10:59:35,18.8100,496,2
2026-03-16,601012,10:59:38,18.8100,220,1
2026-03-16,601012,10:59:41,18.8100,71,2
2026-03-16,601012,10:59:44,18.8000,103,2
2026-03-16,601012,10:59:47,18.8100,156,1
2026-03-16,601012,10:59:50,18.8000,21,2
2026-03-16,601012,10:59:53,18.8000,116,2
2026-03-16,601012,10:59:56,18.8000,21,2
2026-03-16,601012,10:59:59,18.8100,22,1
2026-03-16,601012,11:00:02,18.8000,391,2
2026-03-16,601012,11:00:05,18.8100,93,1
2026-03-16,601012,11:00:08,18.8000,139,2
2026-03-16,601012,11:00:11,18.8100,19,1
2026-03-16,601012,11:00:14,18.8000,83,2
2026-03-16,601012,11:00:17,18.8100,43,1
2026-03-16,601012,11:00:20,18.8000,18,2
2026-03-16,601012,11:00:23,18.8000,141,2
2026-03-16,601012,11:00:26,18.8000,25,2
2026-03-16,601012,11:00:29,18.8100,31,1
2026-03-16,601012,11:00:32,18.8000,52,2
2026-03-16,601012,11:00:35,18.8000,447,2
2026-03-16,601012,11:00:38,18.8000,43,2
2026-03-16,601012,11:00:41,18.8100,65,1
2026-03-16,601012,11:00:44,18.8000,43,2
2026-03-16,601012,11:00:47,18.8000,114,2
2026-03-16,601012,11:00:50,18.8000,27,2
2026-03-16,601012,11:00:53,18.8000,50,2
2026-03-16,601012,11:00:56,18.8000,168,2
2026-03-16,601012,11:00:59,18.8000,29,2
2026-03-16,601012,11:01:02,18.8000,45,2
2026-03-16,601012,11:01:05,18.8000,26,2
2026-03-16,601012,11:01:08,18.8000,43,2
2026-03-16,601012,11:01:11,18.8000,63,2
2026-03-16,601012,11:01:14,18.8000,86,2
2026-03-16,601012,11:01:17,18.8000,179,2
2026-03-16,601012,11:01:20,18.8100,1612,1
2026-03-16,601012,11:01:23,18.8000,273,2
2026-03-16,601012,11:01:26,18.8100,161,2
2026-03-16,601012,11:01:29,18.8200,721,1
2026-03-16,601012,11:01:32,18.8200,157,2
2026-03-16,601012,11:01:35,18.8200,45,2
2026-03-16,601012,11:01:38,18.8200,85,2
2026-03-16,601012,11:01:41,18.8300,54,1
2026-03-16,601012,11:01:44,18.8300,145,1
2026-03-16,601012,11:01:47,18.8200,1532,2
2026-03-16,601012,11:01:50,18.8000,3183,2
2026-03-16,601012,11:01:53,18.8200,162,1
2026-03-16,601012,11:01:56,18.8000,692,2
2026-03-16,601012,11:01:59,18.8200,158,1
2026-03-16,601012,11:02:02,18.8100,31,2
2026-03-16,601012,11:02:05,18.8100,336,2
2026-03-16,601012,11:02:08,18.8000,98,2
2026-03-16,601012,11:02:11,18.8000,1,2
2026-03-16,601012,11:02:14,18.8100,7,1
2026-03-16,601012,11:02:17,18.8000,146,2
2026-03-16,601012,11:02:20,18.8000,53,2
2026-03-16,601012,11:02:23,18.8000,152,2
2026-03-16,601012,11:02:26,18.8000,10,2
2026-03-16,601012,11:02:29,18.8100,226,1
2026-03-16,601012,11:02:32,18.8100,460,2
2026-03-16,601012,11:02:35,18.8100,53,1
2026-03-16,601012,11:02:38,18.8000,16,2
2026-03-16,601012,11:02:41,18.8000,342,2
2026-03-16,601012,11:02:44,18.8000,96,1
2026-03-16,601012,11:02:47,18.8000,13,1
2026-03-16,601012,11:02:50,18.7900,276,2
2026-03-16,601012,11:02:53,18.7900,55,2
2026-03-16,601012,11:02:56,18.7900,307,2
2026-03-16,601012,11:02:59,18.8000,22,1
2026-03-16,601012,11:03:02,18.7900,575,2
2026-03-16,601012,11:03:05,18.7900,254,2
2026-03-16,601012,11:03:08,18.8000,102,1
2026-03-16,601012,11:03:11,18.7900,214,2
2026-03-16,601012,11:03:14,18.7900,85,1
2026-03-16,601012,11:03:17,18.7900,83,1
2026-03-16,601012,11:03:20,18.7900,39,1
2026-03-16,601012,11:03:23,18.7800,66,2
2026-03-16,601012,11:03:26,18.7800,57,2
2026-03-16,601012,11:03:29,18.7800,111,2
2026-03-16,601012,11:03:32,18.7900,84,1
2026-03-16,601012,11:03:35,18.7800,51,2
2026-03-16,601012,11:03:38,18.7800,70,2
2026-03-16,601012,11:03:41,18.7800,60,2
2026-03-16,601012,11:03:44,18.7900,190,1
2026-03-16,601012,11:03:47,18.7900,46,1
2026-03-16,601012,11:03:50,18.7800,40,2
2026-03-16,601012,11:03:53,18.7800,146,2
2026-03-16,601012,11:03:56,18.7900,127,1
2026-03-16,601012,11:03:59,18.7800,72,2
2026-03-16,601012,11:04:02,18.7800,85,2
2026-03-16,601012,11:04:05,18.7900,106,1
2026-03-16,601012,11:04:08,18.7800,71,2
2026-03-16,601012,11:04:11,18.7900,55,1
2026-03-16,601012,11:04:17,18.7800,63,2
2026-03-16,601012,11:04:20,18.7800,192,2
2026-03-16,601012,11:04:23,18.7800,115,2
2026-03-16,601012,11:04:26,18.7800,78,2
2026-03-16,601012,11:04:29,18.7900,102,1
2026-03-16,601012,11:04:32,18.7900,146,1
2026-03-16,601012,11:04:35,18.7900,158,1
2026-03-16,601012,11:04:38,18.7900,70,1
2026-03-16,601012,11:04:41,18.7900,68,1
2026-03-16,601012,11:04:44,18.7900,59,1
2026-03-16,601012,11:04:47,18.7800,72,2
2026-03-16,601012,11:04:50,18.7900,782,1
2026-03-16,601012,11:04:53,18.7900,39,2
2026-03-16,601012,11:04:56,18.7800,32,2
2026-03-16,601012,11:04:59,18.7900,13,4
2026-03-16,601012,11:05:02,18.7900,78,1
2026-03-16,601012,11:05:05,18.7900,16,2
2026-03-16,601012,11:05:08,18.7800,100,2
2026-03-16,601012,11:05:11,18.7800,14,2
2026-03-16,601012,11:05:14,18.7800,2,2
2026-03-16,601012,11:05:17,18.7900,89,1
2026-03-16,601012,11:05:20,18.8000,131,1
2026-03-16,601012,11:05:23,18.7900,57,1
2026-03-16,601012,11:05:26,18.7800,12,2
2026-03-16,601012,11:05:29,18.7900,50,4
2026-03-16,601012,11:05:32,18.7800,64,2
2026-03-16,601012,11:05:35,18.7900,82,1
2026-03-16,601012,11:05:38,18.7900,172,1
2026-03-16,601012,11:05:41,18.7900,33,2
2026-03-16,601012,11:05:44,18.7900,54,2
2026-03-16,601012,11:05:47,18.7900,245,2
2026-03-16,601012,11:05:50,18.7900,28,2
2026-03-16,601012,11:05:53,18.7900,51,1
2026-03-16,601012,11:05:56,18.7900,10,1
2026-03-16,601012,11:05:59,18.7900,40,1
2026-03-16,601012,11:06:02,18.7800,298,2
2026-03-16,601012,11:06:05,18.7800,86,2
2026-03-16,601012,11:06:08,18.7800,916,2
2026-03-16,601012,11:06:11,18.7800,94,1
2026-03-16,601012,11:06:14,18.7700,1232,2
2026-03-16,601012,11:06:17,18.7700,176,2
2026-03-16,601012,11:06:20,18.7800,163,1
2026-03-16,601012,11:06:23,18.7700,21,2
2026-03-16,601012,11:06:26,18.7700,228,2
2026-03-16,601012,11:06:29,18.7700,47,1
2026-03-16,601012,11:06:32,18.7700,286,1
2026-03-16,601012,11:06:35,18.7700,164,1
2026-03-16,601012,11:06:38,18.7800,12,1
2026-03-16,601012,11:06:41,18.7800,38,1
2026-03-16,601012,11:06:44,18.7800,69,1
2026-03-16,601012,11:06:47,18.7700,139,2
2026-03-16,601012,11:06:50,18.7700,16,2
2026-03-16,601012,11:06:53,18.7700,13,2
2026-03-16,601012,11:06:56,18.7700,75,2
2026-03-16,601012,11:06:59,18.7800,35,1
2026-03-16,601012,11:07:02,18.7800,14,1
2026-03-16,601012,11:07:05,18.7800,558,1
2026-03-16,601012,11:07:08,18.7800,12,2
2026-03-16,601012,11:07:11,18.7800,104,2
2026-03-16,601012,11:07:14,18.7800,48,2
2026-03-16,601012,11:07:17,18.7800,33,2
2026-03-16,601012,11:07:20,18.7800,62,2
2026-03-16,601012,11:07:23,18.7800,78,2
2026-03-16,601012,11:07:26,18.7800,218,2
2026-03-16,601012,11:07:29,18.7900,61,1
2026-03-16,601012,11:07:32,18.7900,107,1
2026-03-16,601012,11:07:35,18.7900,283,1
2026-03-16,601012,11:07:38,18.7900,253,1
2026-03-16,601012,11:07:41,18.7900,324,1
2026-03-16,601012,11:07:44,18.7900,529,2
2026-03-16,601012,11:07:47,18.7800,318,2
2026-03-16,601012,11:07:50,18.7900,226,1
2026-03-16,601012,11:07:53,18.7800,67,2
2026-03-16,601012,11:07:56,18.8000,70,1
2026-03-16,601012,11:07:59,18.7800,64,2
2026-03-16,601012,11:08:02,18.8000,2087,1
2026-03-16,601012,11:08:05,18.8100,75,1
2026-03-16,601012,11:08:08,18.8000,101,2
2026-03-16,601012,11:08:11,18.8000,15,2
2026-03-16,601012,11:08:14,18.8000,14,2
2026-03-16,601012,11:08:17,18.8100,24,1
2026-03-16,601012,11:08:20,18.8000,15,2
2026-03-16,601012,11:08:23,18.8100,41,1
2026-03-16,601012,11:08:26,18.8000,101,2
2026-03-16,601012,11:08:29,18.8000,49,1
2026-03-16,601012,11:08:32,18.8000,139,1
2026-03-16,601012,11:08:35,18.8000,235,1
2026-03-16,601012,11:08:38,18.8000,74,1
2026-03-16,601012,11:08:41,18.8000,30,2
2026-03-16,601012,11:08:44,18.8000,97,2
2026-03-16,601012,11:08:47,18.8000,47,2
2026-03-16,601012,11:08:50,18.8100,70,1
2026-03-16,601012,11:08:53,18.8100,32,1
2026-03-16,601012,11:08:56,18.8100,154,1
2026-03-16,601012,11:08:59,18.8100,22,1
2026-03-16,601012,11:09:02,18.8100,77,1
2026-03-16,601012,11:09:05,18.8100,294,1
2026-03-16,601012,11:09:08,18.8000,128,2
2026-03-16,601012,11:09:11,18.8000,35,1
2026-03-16,601012,11:09:14,18.8000,119,1
2026-03-16,601012,11:09:17,18.8000,63,1
2026-03-16,601012,11:09:20,18.8000,91,1
2026-03-16,601012,11:09:23,18.8000,86,2
2026-03-16,601012,11:09:26,18.8000,162,1
2026-03-16,601012,11:09:29,18.7900,107,2
2026-03-16,601012,11:09:32,18.7900,126,2
2026-03-16,601012,11:09:35,18.7900,104,2
2026-03-16,601012,11:09:38,18.8000,121,1
2026-03-16,601012,11:09:41,18.8000,84,1
2026-03-16,601012,11:09:44,18.7900,117,2
2026-03-16,601012,11:09:47,18.8000,129,1
2026-03-16,601012,11:09:50,18.8000,121,1
2026-03-16,601012,11:09:53,18.7900,14,2
2026-03-16,601012,11:09:56,18.7900,115,2
2026-03-16,601012,11:09:59,18.7900,140,2
2026-03-16,601012,11:10:02,18.7900,116,2
2026-03-16,601012,11:10:05,18.7900,485,2
2026-03-16,601012,11:10:08,18.8000,216,1
2026-03-16,601012,11:10:11,18.7900,219,2
2026-03-16,601012,11:10:14,18.8000,9,1
2026-03-16,601012,11:10:17,18.8000,59,1
2026-03-16,601012,11:10:20,18.7900,39,2
2026-03-16,601012,11:10:23,18.7900,27,2
2026-03-16,601012,11:10:26,18.7900,165,2
2026-03-16,601012,11:10:29,18.7900,187,2
2026-03-16,601012,11:10:32,18.8000,73,1
2026-03-16,601012,11:10:35,18.7900,11,2
2026-03-16,601012,11:10:38,18.8000,76,1
2026-03-16,601012,11:10:41,18.7900,13,2
2026-03-16,601012,11:10:44,18.7900,45,2
2026-03-16,601012,11:10:47,18.7900,42,2
2026-03-16,601012,11:10:50,18.8000,3,1
2026-03-16,601012,11:10:53,18.7900,96,2
2026-03-16,601012,11:10:56,18.7900,36,2
2026-03-16,601012,11:10:59,18.7900,5,2
2026-03-16,601012,11:11:02,18.7900,25,2
2026-03-16,601012,11:11:05,18.8000,60,1
2026-03-16,601012,11:11:08,18.8000,84,1
2026-03-16,601012,11:11:11,18.8000,59,1
2026-03-16,601012,11:11:14,18.8000,173,1
2026-03-16,601012,11:11:17,18.8000,192,1
2026-03-16,601012,11:11:20,18.8000,230,1
2026-03-16,601012,11:11:23,18.7900,175,2
2026-03-16,601012,11:11:26,18.7900,47,2
2026-03-16,601012,11:11:29,18.8000,14,1
2026-03-16,601012,11:11:32,18.7900,446,2
2026-03-16,601012,11:11:35,18.8000,76,1
2026-03-16,601012,11:11:38,18.7900,130,2
2026-03-16,601012,11:11:41,18.7900,148,2
2026-03-16,601012,11:11:44,18.7900,65,1
2026-03-16,601012,11:11:47,18.7900,106,1
2026-03-16,601012,11:11:50,18.7800,123,2
2026-03-16,601012,11:11:53,18.7900,81,1
2026-03-16,601012,11:11:56,18.7900,37,2
2026-03-16,601012,11:11:59,18.7800,170,2
2026-03-16,601012,11:12:02,18.8100,2671,1
2026-03-16,601012,11:12:05,18.8100,624,1
2026-03-16,601012,11:12:08,18.8200,30,1
2026-03-16,601012,11:12:11,18.8100,538,2
2026-03-16,601012,11:12:14,18.8200,28,1
2026-03-16,601012,11:12:17,18.8100,33,2
2026-03-16,601012,11:12:20,18.8100,115,2
2026-03-16,601012,11:12:23,18.8100,77,2
2026-03-16,601012,11:12:26,18.8200,19,1
2026-03-16,601012,11:12:29,18.8100,611,2
2026-03-16,601012,11:12:32,18.8200,100,1
2026-03-16,601012,11:12:35,18.8100,93,2
2026-03-16,601012,11:12:38,18.8200,25,1
2026-03-16,601012,11:12:41,18.8200,32,1
2026-03-16,601012,11:12:44,18.8100,51,2
2026-03-16,601012,11:12:47,18.8200,80,1
2026-03-16,601012,11:12:50,18.8100,112,2
2026-03-16,601012,11:12:53,18.8100,82,1
2026-03-16,601012,11:12:56,18.8100,38,1
2026-03-16,601012,11:12:59,18.8100,134,1
2026-03-16,601012,11:13:02,18.8100,63,1
2026-03-16,601012,11:13:05,18.8100,26,2
2026-03-16,601012,11:13:08,18.8100,10,2
2026-03-16,601012,11:13:11,18.8100,113,2
2026-03-16,601012,11:13:14,18.8100,13,2
2026-03-16,601012,11:13:17,18.8100,99,2
2026-03-16,601012,11:13:20,18.7900,1306,2
2026-03-16,601012,11:13:23,18.7800,1297,2
2026-03-16,601012,11:13:26,18.7800,341,1
2026-03-16,601012,11:13:29,18.7800,45,1
2026-03-16,601012,11:13:32,18.7800,42,1
2026-03-16,601012,11:13:35,18.7800,167,1
2026-03-16,601012,11:13:38,18.7800,61,2
2026-03-16,601012,11:13:41,18.7800,27,1
2026-03-16,601012,11:13:44,18.7800,6,1
2026-03-16,601012,11:13:47,18.7700,81,2
2026-03-16,601012,11:13:50,18.7700,684,2
2026-03-16,601012,11:13:53,18.7700,15,1
2026-03-16,601012,11:13:56,18.7700,56,1
2026-03-16,601012,11:13:59,18.7700,80,1
2026-03-16,601012,11:14:02,18.7700,21,2
2026-03-16,601012,11:14:05,18.7700,86,2
2026-03-16,601012,11:14:08,18.7700,181,2
2026-03-16,601012,11:14:11,18.7700,125,4
2026-03-16,601012,11:14:14,18.7700,110,2
2026-03-16,601012,11:14:17,18.7700,26,1
2026-03-16,601012,11:14:20,18.7700,63,1
2026-03-16,601012,11:14:23,18.7700,265,2
2026-03-16,601012,11:14:26,18.7700,25,1
2026-03-16,601012,11:14:29,18.7700,77,1
2026-03-16,601012,11:14:32,18.7600,59,2
2026-03-16,601012,11:14:35,18.7700,214,1
2026-03-16,601012,11:14:38,18.7700,456,2
2026-03-16,601012,11:14:41,18.7700,113,1
2026-03-16,601012,11:14:44,18.7700,264,1
2026-03-16,601012,11:14:47,18.7700,43,1
2026-03-16,601012,11:14:50,18.7700,212,2
2026-03-16,601012,11:14:53,18.7700,116,2
2026-03-16,601012,11:14:56,18.7800,96,1
2026-03-16,601012,11:14:59,18.7700,10,2
2026-03-16,601012,11:15:02,18.7800,38,1
2026-03-16,601012,11:15:05,18.7700,106,2
2026-03-16,601012,11:15:08,18.7800,26,1
2026-03-16,601012,11:15:11,18.7800,114,1
2026-03-16,601012,11:15:14,18.7800,48,2
2026-03-16,601012,11:15:17,18.7900,1,1
2026-03-16,601012,11:15:20,18.7900,17,1
2026-03-16,601012,11:15:23,18.7900,140,1
2026-03-16,601012,11:15:26,18.7900,81,1
2026-03-16,601012,11:15:29,18.7800,39,2
2026-03-16,601012,11:15:32,18.7900,5,1
2026-03-16,601012,11:15:35,18.7900,13,2
2026-03-16,601012,11:15:38,18.7900,37,2
2026-03-16,601012,11:15:41,18.7900,32,2
2026-03-16,601012,11:15:44,18.7900,33,2
2026-03-16,601012,11:15:47,18.7900,19,4
2026-03-16,601012,11:15:50,18.7900,21,1
2026-03-16,601012,11:15:53,18.7900,44,2
2026-03-16,601012,11:15:56,18.7800,109,2
2026-03-16,601012,11:15:59,18.7900,5,1
2026-03-16,601012,11:16:02,18.7800,15,2
2026-03-16,601012,11:16:05,18.7800,5,2
2026-03-16,601012,11:16:08,18.7900,1,1
2026-03-16,601012,11:16:11,18.7900,284,1
2026-03-16,601012,11:16:14,18.7800,54,2
2026-03-16,601012,11:16:17,18.7800,37,2
2026-03-16,601012,11:16:20,18.7900,206,1
2026-03-16,601012,11:16:23,18.7800,71,1
2026-03-16,601012,11:16:26,18.7900,16,1
2026-03-16,601012,11:16:29,18.7800,26,2
2026-03-16,601012,11:16:32,18.7800,55,1
2026-03-16,601012,11:16:35,18.7800,33,2
2026-03-16,601012,11:16:38,18.7800,40,2
2026-03-16,601012,11:16:41,18.7900,56,1
2026-03-16,601012,11:16:44,18.7800,132,2
2026-03-16,601012,11:16:47,18.7800,58,2
2026-03-16,601012,11:16:50,18.7800,86,2
2026-03-16,601012,11:16:53,18.7800,34,1
2026-03-16,601012,11:16:56,18.7800,15,1
2026-03-16,601012,11:16:59,18.7800,46,1
2026-03-16,601012,11:17:02,18.7800,53,2
2026-03-16,601012,11:17:05,18.7800,4,2
2026-03-16,601012,11:17:08,18.7800,149,2
2026-03-16,601012,11:17:11,18.7800,77,1
2026-03-16,601012,11:17:14,18.7900,108,1
2026-03-16,601012,11:17:17,18.7800,116,2
2026-03-16,601012,11:17:20,18.7800,58,2
2026-03-16,601012,11:17:23,18.7800,39,2
2026-03-16,601012,11:17:26,18.7800,97,2
2026-03-16,601012,11:17:29,18.7900,55,1
2026-03-16,601012,11:17:32,18.7900,65,2
2026-03-16,601012,11:17:35,18.7800,87,2
2026-03-16,601012,11:17:38,18.7900,66,1
2026-03-16,601012,11:17:41,18.7900,48,1
2026-03-16,601012,11:17:44,18.7900,111,1
2026-03-16,601012,11:17:47,18.7900,31,1
2026-03-16,601012,11:17:50,18.7900,48,1
2026-03-16,601012,11:17:53,18.7800,76,2
2026-03-16,601012,11:17:56,18.7800,160,2
2026-03-16,601012,11:17:59,18.7800,87,2
2026-03-16,601012,11:18:02,18.7900,419,1
2026-03-16,601012,11:18:05,18.7900,296,1
2026-03-16,601012,11:18:08,18.7900,78,2
2026-03-16,601012,11:18:11,18.7900,128,2
2026-03-16,601012,11:18:14,18.7900,2,2
2026-03-16,601012,11:18:17,18.7900,56,2
2026-03-16,601012,11:18:20,18.7900,48,2
2026-03-16,601012,11:18:23,18.8000,237,1
2026-03-16,601012,11:18:26,18.8000,597,1
2026-03-16,601012,11:18:29,18.8000,24,2
2026-03-16,601012,11:18:32,18.8100,100,1
2026-03-16,601012,11:18:35,18.8100,80,1
2026-03-16,601012,11:18:38,18.8100,138,2
2026-03-16,601012,11:18:41,18.8000,29,2
2026-03-16,601012,11:18:44,18.8000,80,2
2026-03-16,601012,11:18:47,18.8000,11,2
2026-03-16,601012,11:18:50,18.8100,296,1
2026-03-16,601012,11:18:53,18.8000,132,2
2026-03-16,601012,11:18:56,18.8000,236,2
2026-03-16,601012,11:18:59,18.8000,50,1
2026-03-16,601012,11:19:02,18.8000,20,1
2026-03-16,601012,11:19:05,18.8100,242,1
2026-03-16,601012,11:19:08,18.8100,34,1
2026-03-16,601012,11:19:11,18.8100,50,1
2026-03-16,601012,11:19:14,18.8100,76,1
2026-03-16,601012,11:19:17,18.8100,254,2
2026-03-16,601012,11:19:20,18.8100,140,1
2026-03-16,601012,11:19:23,18.8100,68,2
2026-03-16,601012,11:19:26,18.8100,33,2
2026-03-16,601012,11:19:29,18.8200,58,1
2026-03-16,601012,11:19:32,18.8200,62,1
2026-03-16,601012,11:19:35,18.8200,99,1
2026-03-16,601012,11:19:38,18.8200,137,1
2026-03-16,601012,11:19:41,18.8100,81,2
2026-03-16,601012,11:19:44,18.8200,238,1
2026-03-16,601012,11:19:47,18.8100,89,2
