date,code,time,price,volume,bs
2026-03-23,600036,14:07:08,38.6200,179,2
2026-03-23,600036,14:07:11,38.6200,58,1
2026-03-23,600036,14:07:14,38.6100,30,2
2026-03-23,600036,14:07:17,38.6200,31,1
2026-03-23,600036,14:07:20,38.6200,184,1
2026-03-23,600036,14:07:23,38.6200,82,2
2026-03-23,600036,14:07:26,38.6200,76,2
2026-03-23,600036,14:07:29,38.6200,430,2
2026-03-23,600036,14:07:32,38.6200,48,1
2026-03-23,600036,14:07:35,38.6200,75,1
2026-03-23,600036,14:07:38,38.6200,60,1
2026-03-23,600036,14:07:41,38.6200,96,1
2026-03-23,600036,14:07:44,38.6200,16,1
2026-03-23,600036,14:07:47,38.6200,165,1
2026-03-23,600036,14:07:50,38.6200,110,1
2026-03-23,600036,14:07:53,38.6100,99,2
2026-03-23,600036,14:07:56,38.6200,84,1
2026-03-23,600036,14:07:59,38.6200,84,1
2026-03-23,600036,14:08:02,38.6100,547,2
2026-03-23,600036,14:08:05,38.6200,59,2
2026-03-23,600036,14:08:08,38.6200,100,1
2026-03-23,600036,14:08:11,38.6100,111,2
2026-03-23,600036,14:08:14,38.6100,180,1
2026-03-23,600036,14:08:17,38.6100,626,1
2026-03-23,600036,14:08:20,38.6100,131,1
2026-03-23,600036,14:08:23,38.6100,26,1
2026-03-23,600036,14:08:26,38.6200,468,1
2026-03-23,600036,14:08:29,38.6100,20,2
2026-03-23,600036,14:08:32,38.6100,164,2
2026-03-23,600036,14:08:35,38.6100,86,2
2026-03-23,600036,14:08:38,38.6100,271,2
2026-03-23,600036,14:08:41,38.6100,68,2
2026-03-23,600036,14:08:44,38.6100,128,1
2026-03-23,600036,14:08:47,38.6000,38,2
2026-03-23,600036,14:08:50,38.6000,291,2
2026-03-23,600036,14:08:53,38.6100,178,1
2026-03-23,600036,14:08:56,38.6000,86,2
2026-03-23,600036,14:08:59,38.6100,126,1
2026-03-23,600036,14:09:02,38.6000,537,2
2026-03-23,600036,14:09:05,38.6100,116,1
2026-03-23,600036,14:09:08,38.6200,461,1
2026-03-23,600036,14:09:11,38.6200,138,1
2026-03-23,600036,14:09:14,38.6200,24,1
2026-03-23,600036,14:09:17,38.6300,373,1
2026-03-23,600036,14:09:20,38.6500,198,1
2026-03-23,600036,14:09:23,38.6400,72,2
2026-03-23,600036,14:09:26,38.6500,17,1
2026-03-23,600036,14:09:29,38.6400,139,2
2026-03-23,600036,14:09:32,38.6500,93,1
2026-03-23,600036,14:09:35,38.6500,35,2
2026-03-23,600036,14:09:38,38.6500,76,1
2026-03-23,600036,14:09:41,38.6500,80,1
2026-03-23,600036,14:09:44,38.6400,66,2
2026-03-23,600036,14:09:47,38.6500,100,1
2026-03-23,600036,14:09:50,38.6500,386,1
2026-03-23,600036,14:09:53,38.6400,142,2
2026-03-23,600036,14:09:56,38.6500,398,1
2026-03-23,600036,14:09:59,38.6500,25,2
2026-03-23,600036,14:10:02,38.6500,71,1
2026-03-23,600036,14:10:05,38.6400,59,2
2026-03-23,600036,14:10:08,38.6400,22,1
2026-03-23,600036,14:10:11,38.6300,248,2
2026-03-23,600036,14:10:14,38.6300,133,1
2026-03-23,600036,14:10:17,38.6100,48,2
2026-03-23,600036,14:10:20,38.6100,86,2
2026-03-23,600036,14:10:23,38.6100,260,2
2026-03-23,600036,14:10:26,38.6100,116,2
2026-03-23,600036,14:10:29,38.6100,129,2
2026-03-23,600036,14:10:32,38.6200,84,1
2026-03-23,600036,14:10:35,38.6200,84,1
2026-03-23,600036,14:10:38,38.6200,152,1
2026-03-23,600036,14:10:41,38.6200,119,1
2026-03-23,600036,14:10:44,38.6300,74,1
2026-03-23,600036,14:10:47,38.6200,88,2
2026-03-23,600036,14:10:50,38.6300,84,1
2026-03-23,600036,14:10:53,38.6300,62,1
2026-03-23,600036,14:10:56,38.6300,47,1
2026-03-23,600036,14:10:59,38.6400,143,1
2026-03-23,600036,14:11:02,38.6300,127,2
2026-03-23,600036,14:11:05,38.6300,65,2
2026-03-23,600036,14:11:08,38.6400,300,1
2026-03-23,600036,14:11:11,38.6300,99,4
2026-03-23,600036,14:11:14,38.6300,39,4
2026-03-23,600036,14:11:17,38.6300,383,1
2026-03-23,600036,14:11:20,38.6300,21,4
2026-03-23,600036,14:11:23,38.6300,97,1
2026-03-23,600036,14:11:26,38.6300,156,1
2026-03-23,600036,14:11:29,38.6300,66,1
2026-03-23,600036,14:11:32,38.6300,48,1
2026-03-23,600036,14:11:35,38.6200,28,2
2026-03-23,600036,14:11:38,38.6300,46,1
2026-03-23,600036,14:11:41,38.6300,122,1
2026-03-23,600036,14:11:44,38.6200,613,2
2026-03-23,600036,14:11:47,38.6100,84,2
2026-03-23,600036,14:11:50,38.6300,98,1
2026-03-23,600036,14:11:53,38.6300,98,1
2026-03-23,600036,14:11:56,38.6400,117,1
2026-03-23,600036,14:11:59,38.6200,185,2
2026-03-23,600036,14:12:02,38.6300,38,4
2026-03-23,600036,14:12:05,38.6200,160,2
2026-03-23,600036,14:12:08,38.6300,13,1
2026-03-23,600036,14:12:11,38.6200,74,2
2026-03-23,600036,14:12:14,38.6100,72,2
2026-03-23,600036,14:12:17,38.6300,824,1
2026-03-23,600036,14:12:20,38.6300,194,1
2026-03-23,600036,14:12:23,38.6200,43,1
2026-03-23,600036,14:12:26,38.6300,137,1
2026-03-23,600036,14:12:29,38.6300,42,1
2026-03-23,600036,14:12:32,38.6300,90,1
2026-03-23,600036,14:12:35,38.6300,10,1
2026-03-23,600036,14:12:38,38.6300,52,1
2026-03-23,600036,14:12:41,38.6200,142,2
2026-03-23,600036,14:12:44,38.6200,45,2
2026-03-23,600036,14:12:47,38.6200,64,1
2026-03-23,600036,14:12:50,38.6200,73,1
2026-03-23,600036,14:12:53,38.6200,196,1
2026-03-23,600036,14:12:56,38.6200,67,1
2026-03-23,600036,14:12:59,38.6200,49,1
2026-03-23,600036,14:13:02,38.6100,342,2
2026-03-23,600036,14:13:05,38.6200,24,1
2026-03-23,600036,14:13:08,38.6200,71,1
2026-03-23,600036,14:13:11,38.6200,153,1
2026-03-23,600036,14:13:14,38.6200,163,1
2026-03-23,600036,14:13:17,38.6200,131,2
2026-03-23,600036,14:13:20,38.6300,122,1
2026-03-23,600036,14:13:23,38.6400,279,1
2026-03-23,600036,14:13:26,38.6500,45,1
2026-03-23,600036,14:13:29,38.6500,2,1
2026-03-23,600036,14:13:32,38.6400,35,2
2026-03-23,600036,14:13:35,38.6400,88,1
2026-03-23,600036,14:13:38,38.6400,181,1
2026-03-23,600036,14:13:41,38.6400,65,1
2026-03-23,600036,14:13:44,38.6400,27,1
2026-03-23,600036,14:13:47,38.6500,479,1
2026-03-23,600036,14:13:50,38.6400,675,4
2026-03-23,600036,14:13:53,38.6500,1148,1
2026-03-23,600036,14:13:56,38.6300,63,2
2026-03-23,600036,14:13:59,38.6400,48,1
2026-03-23,600036,14:14:02,38.6400,61,1
2026-03-23,600036,14:14:05,38.6500,141,1
2026-03-23,600036,14:14:08,38.6300,174,2
2026-03-23,600036,14:14:11,38.6300,15,1
2026-03-23,600036,14:14:14,38.6500,163,1
2026-03-23,600036,14:14:17,38.6400,78,2
2026-03-23,600036,14:14:20,38.6400,59,2
2026-03-23,600036,14:14:23,38.6500,282,1
2026-03-23,600036,14:14:26,38.6400,60,4
2026-03-23,600036,14:14:29,38.6500,69,1
2026-03-23,600036,14:14:32,38.6500,212,1
2026-03-23,600036,14:14:35,38.6500,172,1
2026-03-23,600036,14:14:38,38.6300,90,2
2026-03-23,600036,14:14:41,38.6300,116,2
2026-03-23,600036,14:14:44,38.6300,93,1
2026-03-23,600036,14:14:47,38.6400,106,1
2026-03-23,600036,14:14:50,38.6300,66,2
2026-03-23,600036,14:14:53,38.6400,49,1
2026-03-23,600036,14:14:56,38.6300,240,4
2026-03-23,600036,14:14:59,38.6200,140,2
2026-03-23,600036,14:15:02,38.6300,183,1
2026-03-23,600036,14:15:05,38.6400,183,1
2026-03-23,600036,14:15:08,38.6400,153,1
2026-03-23,600036,14:15:11,38.6300,98,2
2026-03-23,600036,14:15:14,38.6500,603,1
2026-03-23,600036,14:15:17,38.6500,167,2
2026-03-23,600036,14:15:20,38.6500,178,2
2026-03-23,600036,14:15:23,38.6300,251,2
2026-03-23,600036,14:15:26,38.6400,78,4
2026-03-23,600036,14:15:29,38.6400,135,1
2026-03-23,600036,14:15:32,38.6200,81,2
2026-03-23,600036,14:15:35,38.6200,16,2
2026-03-23,600036,14:15:38,38.6200,542,2
2026-03-23,600036,14:15:41,38.6300,65,1
2026-03-23,600036,14:15:44,38.6300,109,1
2026-03-23,600036,14:15:47,38.6300,262,1
2026-03-23,600036,14:15:50,38.6400,385,1
2026-03-23,600036,14:15:53,38.6400,54,1
2026-03-23,600036,14:15:56,38.6300,29,2
2026-03-23,600036,14:15:59,38.6400,40,1
2026-03-23,600036,14:16:02,38.6400,656,1
2026-03-23,600036,14:16:05,38.6500,379,1
2026-03-23,600036,14:16:08,38.6500,70,1
2026-03-23,600036,14:16:11,38.6500,147,1
2026-03-23,600036,14:16:14,38.6500,10,1
2026-03-23,600036,14:16:17,38.6400,130,2
2026-03-23,600036,14:16:20,38.6500,58,1
2026-03-23,600036,14:16:23,38.6400,57,2
2026-03-23,600036,14:16:26,38.6400,139,2
2026-03-23,600036,14:16:29,38.6500,124,1
2026-03-23,600036,14:16:32,38.6500,151,1
2026-03-23,600036,14:16:35,38.6400,536,2
2026-03-23,600036,14:16:38,38.6200,659,2
2026-03-23,600036,14:16:41,38.6300,88,1
2026-03-23,600036,14:16:44,38.6200,326,2
2026-03-23,600036,14:16:47,38.6100,116,2
2026-03-23,600036,14:16:50,38.6300,55,1
2026-03-23,600036,14:16:53,38.6200,68,2
2026-03-23,600036,14:16:56,38.6200,132,2
2026-03-23,600036,14:16:59,38.6300,157,1
2026-03-23,600036,14:17:02,38.6300,45,1
2026-03-23,600036,14:17:05,38.6300,30,1
2026-03-23,600036,14:17:08,38.6200,63,2
2026-03-23,600036,14:17:11,38.6200,609,2
2026-03-23,600036,14:17:14,38.6200,333,1
2026-03-23,600036,14:17:17,38.6100,962,2
2026-03-23,600036,14:17:20,38.6100,150,1
2026-03-23,600036,14:17:23,38.6000,116,2
2026-03-23,600036,14:17:26,38.6100,209,1
2026-03-23,600036,14:17:29,38.6000,351,2
2026-03-23,600036,14:17:32,38.6000,1227,2
2026-03-23,600036,14:17:35,38.6000,674,2
2026-03-23,600036,14:17:38,38.6000,137,2
2026-03-23,600036,14:17:41,38.6100,1186,1
2026-03-23,600036,14:17:44,38.6100,101,1
2026-03-23,600036,14:17:47,38.6000,290,2
2026-03-23,600036,14:17:50,38.6100,28,1
2026-03-23,600036,14:17:53,38.6100,82,1
2026-03-23,600036,14:17:56,38.6100,105,2
2026-03-23,600036,14:17:59,38.6200,142,1
2026-03-23,600036,14:18:02,38.6000,315,2
2026-03-23,600036,14:18:05,38.6200,251,1
2026-03-23,600036,14:18:08,38.6100,79,2
2026-03-23,600036,14:18:11,38.6100,4,1
2026-03-23,600036,14:18:14,38.6000,522,2
2026-03-23,600036,14:18:17,38.6100,38,4
2026-03-23,600036,14:18:20,38.6100,150,1
2026-03-23,600036,14:18:23,38.6000,33,2
2026-03-23,600036,14:18:26,38.6000,49,2
2026-03-23,600036,14:18:29,38.6000,84,2
2026-03-23,600036,14:18:32,38.6100,48,1
2026-03-23,600036,14:18:35,38.6100,26,1
2026-03-23,600036,14:18:38,38.6000,304,2
2026-03-23,600036,14:18:41,38.6000,853,2
2026-03-23,600036,14:18:44,38.6100,129,1
2026-03-23,600036,14:18:47,38.6100,25,1
2026-03-23,600036,14:18:50,38.6000,268,2
2026-03-23,600036,14:18:53,38.5900,1272,2
2026-03-23,600036,14:18:56,38.6000,119,1
2026-03-23,600036,14:18:59,38.5900,200,2
2026-03-23,600036,14:19:02,38.5900,338,1
2026-03-23,600036,14:19:05,38.6000,534,1
2026-03-23,600036,14:19:08,38.6000,67,1
2026-03-23,600036,14:19:11,38.6000,181,1
2026-03-23,600036,14:19:14,38.5900,236,2
2026-03-23,600036,14:19:17,38.5900,130,2
2026-03-23,600036,14:19:20,38.5900,24,2
2026-03-23,600036,14:19:23,38.5900,103,2
2026-03-23,600036,14:19:26,38.6000,70,1
2026-03-23,600036,14:19:29,38.5900,102,2
2026-03-23,600036,14:19:32,38.6000,20,1
2026-03-23,600036,14:19:35,38.6000,105,1
2026-03-23,600036,14:19:38,38.5900,55,2
2026-03-23,600036,14:19:41,38.5900,72,2
2026-03-23,600036,14:19:44,38.5900,28,1
2026-03-23,600036,14:19:47,38.5900,175,2
2026-03-23,600036,14:19:50,38.6000,103,1
2026-03-23,600036,14:19:53,38.6000,34,1
2026-03-23,600036,14:19:56,38.6000,118,1
2026-03-23,600036,14:19:59,38.5900,35,2
2026-03-23,600036,14:20:02,38.6000,136,1
2026-03-23,600036,14:20:05,38.5900,142,2
2026-03-23,600036,14:20:08,38.6000,98,1
2026-03-23,600036,14:20:11,38.6000,154,1
2026-03-23,600036,14:20:14,38.6000,290,1
2026-03-23,600036,14:20:17,38.6000,117,2
2026-03-23,600036,14:20:20,38.6100,13,4
2026-03-23,600036,14:20:23,38.6000,79,2
2026-03-23,600036,14:20:26,38.6200,39,1
2026-03-23,600036,14:20:29,38.6200,91,1
2026-03-23,600036,14:20:32,38.6200,52,1
2026-03-23,600036,14:20:35,38.6100,121,4
2026-03-23,600036,14:20:38,38.6000,1051,2
2026-03-23,600036,14:20:41,38.6000,146,2
2026-03-23,600036,14:20:44,38.6000,110,1
2026-03-23,600036,14:20:47,38.6000,123,1
2026-03-23,600036,14:20:50,38.6100,152,1
2026-03-23,600036,14:20:53,38.6100,104,1
2026-03-23,600036,14:20:56,38.6100,31,1
2026-03-23,600036,14:20:59,38.6100,37,1
2026-03-23,600036,14:21:02,38.6100,98,1
2026-03-23,600036,14:21:05,38.6100,69,1
2026-03-23,600036,14:21:08,38.6000,75,2
2026-03-23,600036,14:21:11,38.6100,34,1
2026-03-23,600036,14:21:14,38.6000,45,2
2026-03-23,600036,14:21:17,38.6000,35,2
2026-03-23,600036,14:21:20,38.6100,4,1
2026-03-23,600036,14:21:23,38.6100,74,1
2026-03-23,600036,14:21:26,38.6100,142,1
2026-03-23,600036,14:21:29,38.6000,173,2
2026-03-23,600036,14:21:32,38.6100,150,1
2026-03-23,600036,14:21:35,38.6200,82,1
2026-03-23,600036,14:21:38,38.6100,69,4
2026-03-23,600036,14:21:41,38.6200,40,1
2026-03-23,600036,14:21:44,38.6100,102,2
2026-03-23,600036,14:21:47,38.6200,63,1
2026-03-23,600036,14:21:50,38.6100,97,4
2026-03-23,600036,14:21:53,38.6100,24,1
2026-03-23,600036,14:21:56,38.6100,41,1
2026-03-23,600036,14:21:59,38.6100,137,1
2026-03-23,600036,14:22:02,38.6100,18,1
2026-03-23,600036,14:22:05,38.6100,62,2
2026-03-23,600036,14:22:08,38.6100,2,2
2026-03-23,600036,14:22:11,38.6100,30,2
2026-03-23,600036,14:22:14,38.6100,53,2
2026-03-23,600036,14:22:17,38.6200,696,1
2026-03-23,600036,14:22:20,38.6100,162,1
2026-03-23,600036,14:22:23,38.6100,154,1
2026-03-23,600036,14:22:26,38.6100,166,1
2026-03-23,600036,14:22:29,38.6100,31,1
2026-03-23,600036,14:22:32,38.6100,163,1
2026-03-23,600036,14:22:35,38.6100,94,1
2026-03-23,600036,14:22:38,38.6100,85,1
2026-03-23,600036,14:22:41,38.6100,76,1
2026-03-23,600036,14:22:44,38.6000,1033,2
2026-03-23,600036,14:22:47,38.5900,155,2
2026-03-23,600036,14:22:50,38.5900,332,2
2026-03-23,600036,14:22:53,38.5900,33,1
2026-03-23,600036,14:22:56,38.5900,38,1
2026-03-23,600036,14:22:59,38.5900,389,1
2026-03-23,600036,14:23:02,38.5600,2770,2
2026-03-23,600036,14:23:05,38.5600,541,2
2026-03-23,600036,14:23:08,38.5600,594,2
2026-03-23,600036,14:23:11,38.5600,135,1
2026-03-23,600036,14:23:14,38.5600,133,1
2026-03-23,600036,14:23:17,38.5700,508,1
2026-03-23,600036,14:23:20,38.5700,98,1
2026-03-23,600036,14:23:23,38.5800,412,1
2026-03-23,600036,14:23:26,38.5900,342,1
2026-03-23,600036,14:23:29,38.5900,124,1
2026-03-23,600036,14:23:32,38.5900,42,1
2026-03-23,600036,14:23:35,38.5900,54,1
2026-03-23,600036,14:23:38,38.5900,87,1
2026-03-23,600036,14:23:41,38.5900,230,1
2026-03-23,600036,14:23:44,38.6000,140,1
2026-03-23,600036,14:23:47,38.6100,246,1
2026-03-23,600036,14:23:50,38.6200,52,1
2026-03-23,600036,14:23:53,38.6100,110,2
2026-03-23,600036,14:23:56,38.6000,260,2
2026-03-23,600036,14:23:59,38.6200,298,1
2026-03-23,600036,14:24:02,38.6200,604,1
2026-03-23,600036,14:24:05,38.6600,729,1
2026-03-23,600036,14:24:08,38.6800,327,1
2026-03-23,600036,14:24:11,38.6900,603,1
2026-03-23,600036,14:24:14,38.6900,208,2
2026-03-23,600036,14:24:17,38.6900,138,2
2026-03-23,600036,14:24:20,38.6800,86,2
2026-03-23,600036,14:24:23,38.6700,51,4
2026-03-23,600036,14:24:26,38.6700,122,2
2026-03-23,600036,14:24:29,38.6800,157,1
2026-03-23,600036,14:24:32,38.6800,81,1
2026-03-23,600036,14:24:35,38.6600,118,2
2026-03-23,600036,14:24:38,38.6600,170,2
2026-03-23,600036,14:24:41,38.6900,7,1
2026-03-23,600036,14:24:44,38.6800,32,4
2026-03-23,600036,14:24:47,38.6900,54,1
2026-03-23,600036,14:24:50,38.6800,56,2
2026-03-23,600036,14:24:53,38.6900,70,1
2026-03-23,600036,14:24:56,38.6900,75,1
2026-03-23,600036,14:24:59,38.6900,136,1
2026-03-23,600036,14:25:02,38.6800,380,2
2026-03-23,600036,14:25:05,38.6700,212,4
2026-03-23,600036,14:25:08,38.6700,177,1
2026-03-23,600036,14:25:11,38.6500,170,2
2026-03-23,600036,14:25:14,38.6600,122,1
2026-03-23,600036,14:25:17,38.6500,388,4
2026-03-23,600036,14:25:20,38.6300,65,2
2026-03-23,600036,14:25:23,38.6300,79,1
2026-03-23,600036,14:25:26,38.6400,43,1
2026-03-23,600036,14:25:29,38.6500,99,1
2026-03-23,600036,14:25:32,38.6600,122,1
2026-03-23,600036,14:25:35,38.6600,16,1
2026-03-23,600036,14:25:38,38.6500,52,2
2026-03-23,600036,14:25:41,38.6500,343,2
2026-03-23,600036,14:25:44,38.6500,198,1
2026-03-23,600036,14:25:47,38.6500,82,2
2026-03-23,600036,14:25:50,38.6600,4,4
2026-03-23,600036,14:25:53,38.6500,68,2
2026-03-23,600036,14:25:56,38.6600,302,1
2026-03-23,600036,14:25:59,38.6700,157,1
2026-03-23,600036,14:26:02,38.6700,13,1
2026-03-23,600036,14:26:05,38.6600,67,2
2026-03-23,600036,14:26:08,38.6600,203,2
2026-03-23,600036,14:26:11,38.6700,215,1
2026-03-23,600036,14:26:14,38.6600,983,2
2026-03-23,600036,14:26:17,38.6600,162,1
2026-03-23,600036,14:26:20,38.6600,124,1
2026-03-23,600036,14:26:23,38.6400,407,2
2026-03-23,600036,14:26:26,38.6400,406,1
2026-03-23,600036,14:26:29,38.6300,26,2
2026-03-23,600036,14:26:32,38.6400,114,1
2026-03-23,600036,14:26:35,38.6400,80,1
2026-03-23,600036,14:26:38,38.6400,23,1
2026-03-23,600036,14:26:41,38.6300,92,2
2026-03-23,600036,14:26:44,38.6500,51,1
2026-03-23,600036,14:26:47,38.6500,207,1
2026-03-23,600036,14:26:50,38.6500,29,1
2026-03-23,600036,14:26:53,38.6600,50,1
2026-03-23,600036,14:26:56,38.6500,81,2
2026-03-23,600036,14:26:59,38.6600,111,1
2026-03-23,600036,14:27:02,38.6600,75,2
2026-03-23,600036,14:27:05,38.6600,29,2
2026-03-23,600036,14:27:08,38.6700,72,1
2026-03-23,600036,14:27:11,38.6700,79,1
2026-03-23,600036,14:27:14,38.6600,210,2
2026-03-23,600036,14:27:17,38.6500,195,2
2026-03-23,600036,14:27:20,38.6700,120,1
2026-03-23,600036,14:27:23,38.6500,357,2
2026-03-23,600036,14:27:26,38.6500,164,2
2026-03-23,600036,14:27:29,38.6500,126,2
2026-03-23,600036,14:27:32,38.6400,421,2
2026-03-23,600036,14:27:35,38.6600,202,1
2026-03-23,600036,14:27:38,38.6500,158,2
2026-03-23,600036,14:27:41,38.6500,125,1
2026-03-23,600036,14:27:44,38.6600,110,1
2026-03-23,600036,14:27:47,38.6600,97,1
2026-03-23,600036,14:27:50,38.6600,124,1
2026-03-23,600036,14:27:53,38.6600,139,2
2026-03-23,600036,14:27:56,38.6500,134,2
2026-03-23,600036,14:27:59,38.6500,351,2
2026-03-23,600036,14:28:02,38.6500,232,2
2026-03-23,600036,14:28:05,38.6400,42,2
2026-03-23,600036,14:28:08,38.6400,204,2
2026-03-23,600036,14:28:11,38.6700,39,1
2026-03-23,600036,14:28:14,38.6600,27,2
2026-03-23,600036,14:28:17,38.6600,23,2
2026-03-23,600036,14:28:20,38.6600,327,1
2026-03-23,600036,14:28:23,38.6600,44,1
2026-03-23,600036,14:28:26,38.6600,181,1
2026-03-23,600036,14:28:29,38.6500,62,2
2026-03-23,600036,14:28:32,38.6500,114,1
2026-03-23,600036,14:28:35,38.6500,108,1
2026-03-23,600036,14:28:38,38.6500,27,1
2026-03-23,600036,14:28:41,38.6700,542,1
2026-03-23,600036,14:28:44,38.6700,24,1
2026-03-23,600036,14:28:47,38.6700,50,1
2026-03-23,600036,14:28:50,38.6700,202,1
2026-03-23,600036,14:28:53,38.6700,169,1
2026-03-23,600036,14:28:56,38.6700,170,1
2026-03-23,600036,14:28:59,38.6700,44,1
2026-03-23,600036,14:29:02,38.6700,447,1
2026-03-23,600036,14:29:05,38.6600,90,2
2026-03-23,600036,14:29:08,38.6400,266,2
2026-03-23,600036,14:29:11,38.6100,401,2
2026-03-23,600036,14:29:14,38.6200,245,1
2026-03-23,600036,14:29:17,38.6200,166,1
2026-03-23,600036,14:29:20,38.6100,63,4
2026-03-23,600036,14:29:23,38.6100,332,4
2026-03-23,600036,14:29:26,38.6300,789,1
2026-03-23,600036,14:29:29,38.6200,58,4
2026-03-23,600036,14:29:32,38.6000,336,2
2026-03-23,600036,14:29:35,38.6000,806,2
2026-03-23,600036,14:29:38,38.6000,277,1
2026-03-23,600036,14:29:41,38.6000,106,1
2026-03-23,600036,14:29:44,38.6000,11,2
2026-03-23,600036,14:29:47,38.6100,106,4
2026-03-23,600036,14:29:50,38.6100,113,2
2026-03-23,600036,14:29:53,38.6100,38,1
2026-03-23,600036,14:29:56,38.6100,105,1
2026-03-23,600036,14:29:59,38.6000,135,2
2026-03-23,600036,14:30:02,38.6000,334,2
2026-03-23,600036,14:30:05,38.6000,102,2
2026-03-23,600036,14:30:08,38.6100,108,1
2026-03-23,600036,14:30:11,38.6100,107,2
2026-03-23,600036,14:30:14,38.6200,223,1
2026-03-23,600036,14:30:17,38.6100,45,2
2026-03-23,600036,14:30:20,38.6000,550,2
2026-03-23,600036,14:30:23,38.6100,973,1
2026-03-23,600036,14:30:26,38.6000,109,2
2026-03-23,600036,14:30:29,38.6100,236,1
2026-03-23,600036,14:30:32,38.6100,71,1
2026-03-23,600036,14:30:35,38.6000,182,2
2026-03-23,600036,14:30:38,38.6000,186,1
2026-03-23,600036,14:30:41,38.5900,328,2
2026-03-23,600036,14:30:44,38.6000,276,1
2026-03-23,600036,14:30:47,38.5900,179,4
2026-03-23,600036,14:30:50,38.5900,224,2
2026-03-23,600036,14:30:53,38.5900,150,1
2026-03-23,600036,14:30:56,38.5900,144,1
2026-03-23,600036,14:30:59,38.5900,102,2
2026-03-23,600036,14:31:02,38.6000,113,1
2026-03-23,600036,14:31:05,38.5900,94,2
2026-03-23,600036,14:31:08,38.5900,253,1
2026-03-23,600036,14:31:11,38.5800,262,2
2026-03-23,600036,14:31:14,38.6000,195,1
2026-03-23,600036,14:31:17,38.6000,228,1
2026-03-23,600036,14:31:20,38.6100,154,1
2026-03-23,600036,14:31:23,38.5900,261,2
2026-03-23,600036,14:31:26,38.5800,112,2
2026-03-23,600036,14:31:29,38.6000,142,1
2026-03-23,600036,14:31:32,38.6000,95,1
2026-03-23,600036,14:31:35,38.5900,96,1
2026-03-23,600036,14:31:38,38.5800,247,2
2026-03-23,600036,14:31:41,38.5800,76,2
2026-03-23,600036,14:31:44,38.5900,257,1
2026-03-23,600036,14:31:47,38.5900,77,1
2026-03-23,600036,14:31:50,38.5800,450,2
2026-03-23,600036,14:31:53,38.5900,61,4
2026-03-23,600036,14:31:56,38.5900,12,1
2026-03-23,600036,14:31:59,38.5900,49,2
2026-03-23,600036,14:32:02,38.5900,107,2
2026-03-23,600036,14:32:05,38.5800,186,2
2026-03-23,600036,14:32:08,38.5800,90,2
2026-03-23,600036,14:32:11,38.5800,235,2
2026-03-23,600036,14:32:14,38.5800,172,1
2026-03-23,600036,14:32:17,38.5700,50,2
2026-03-23,600036,14:32:20,38.5800,244,1
2026-03-23,600036,14:32:23,38.5800,111,1
2026-03-23,600036,14:32:26,38.5800,274,1
2026-03-23,600036,14:32:29,38.5800,194,1
2026-03-23,600036,14:32:32,38.5800,106,1
2026-03-23,600036,14:32:35,38.5700,55,1
2026-03-23,600036,14:32:38,38.5800,111,1
2026-03-23,600036,14:32:41,38.6000,139,1
2026-03-23,600036,14:32:44,38.6100,135,1
2026-03-23,600036,14:32:47,38.5800,309,2
2026-03-23,600036,14:32:50,38.5900,85,4
2026-03-23,600036,14:32:53,38.5900,685,1
2026-03-23,600036,14:32:56,38.5800,167,2
2026-03-23,600036,14:32:59,38.5800,867,1
2026-03-23,600036,14:33:02,38.5800,494,1
2026-03-23,600036,14:33:05,38.5800,57,2
2026-03-23,600036,14:33:08,38.5800,88,2
2026-03-23,600036,14:33:11,38.5800,128,2
2026-03-23,600036,14:33:14,38.6000,72,1
2026-03-23,600036,14:33:17,38.5800,29,2
2026-03-23,600036,14:33:20,38.6000,182,1
2026-03-23,600036,14:33:23,38.6200,182,1
2026-03-23,600036,14:33:26,38.5900,94,2
2026-03-23,600036,14:33:29,38.5800,196,2
2026-03-23,600036,14:33:32,38.6000,434,1
2026-03-23,600036,14:33:35,38.5800,106,2
2026-03-23,600036,14:33:38,38.5900,234,2
2026-03-23,600036,14:33:41,38.5800,178,2
2026-03-23,600036,14:33:44,38.5900,90,1
2026-03-23,600036,14:33:47,38.5900,145,1
2026-03-23,600036,14:33:50,38.5900,25,1
2026-03-23,600036,14:33:53,38.6000,206,1
2026-03-23,600036,14:33:56,38.6000,9,1
2026-03-23,600036,14:33:59,38.5900,137,2
2026-03-23,600036,14:34:02,38.5900,54,2
2026-03-23,600036,14:34:05,38.5900,105,1
2026-03-23,600036,14:34:08,38.5900,143,1
2026-03-23,600036,14:34:11,38.6000,92,1
2026-03-23,600036,14:34:14,38.5900,126,4
2026-03-23,600036,14:34:17,38.5900,124,1
2026-03-23,600036,14:34:20,38.5700,366,2
2026-03-23,600036,14:34:23,38.5900,92,1
2026-03-23,600036,14:34:26,38.5800,53,4
2026-03-23,600036,14:34:29,38.5900,121,1
2026-03-23,600036,14:34:32,38.6000,91,1
2026-03-23,600036,14:34:35,38.6000,118,2
2026-03-23,600036,14:34:38,38.5900,409,2
2026-03-23,600036,14:34:41,38.5900,84,1
2026-03-23,600036,14:34:44,38.5800,294,2
2026-03-23,600036,14:34:47,38.5800,126,2
2026-03-23,600036,14:34:50,38.5900,125,1
2026-03-23,600036,14:34:53,38.5800,321,2
2026-03-23,600036,14:34:56,38.5800,40,1
2026-03-23,600036,14:34:59,38.5800,113,1
2026-03-23,600036,14:35:02,38.5800,198,1
2026-03-23,600036,14:35:05,38.5800,324,1
2026-03-23,600036,14:35:08,38.5800,186,1
2026-03-23,600036,14:35:11,38.5800,109,2
2026-03-23,600036,14:35:14,38.5800,18,2
2026-03-23,600036,14:35:17,38.5800,173,2
2026-03-23,600036,14:35:20,38.5900,440,4
2026-03-23,600036,14:35:23,38.5800,111,2
2026-03-23,600036,14:35:26,38.5800,71,1
2026-03-23,600036,14:35:29,38.5900,29,1
2026-03-23,600036,14:35:32,38.5900,163,1
2026-03-23,600036,14:35:35,38.5600,120,2
2026-03-23,600036,14:35:38,38.5700,100,2
2026-03-23,600036,14:35:41,38.5800,82,1
2026-03-23,600036,14:35:44,38.5700,57,1
2026-03-23,600036,14:35:47,38.5800,107,1
2026-03-23,600036,14:35:50,38.5800,95,2
2026-03-23,600036,14:35:53,38.5800,196,1
2026-03-23,600036,14:35:56,38.5700,521,2
2026-03-23,600036,14:35:59,38.5700,50,1
2026-03-23,600036,14:36:02,38.5700,302,1
2026-03-23,600036,14:36:05,38.6000,83,1
2026-03-23,600036,14:36:08,38.5800,50,2
2026-03-23,600036,14:36:11,38.5900,42,1
2026-03-23,600036,14:36:14,38.5800,22,2
2026-03-23,600036,14:36:17,38.5800,51,1
2026-03-23,600036,14:36:20,38.5800,188,1
2026-03-23,600036,14:36:23,38.5800,63,1
2026-03-23,600036,14:36:26,38.6000,149,1
2026-03-23,600036,14:36:29,38.5800,94,2
2026-03-23,600036,14:36:32,38.5800,150,2
2026-03-23,600036,14:36:35,38.5800,445,2
2026-03-23,600036,14:36:38,38.5800,227,1
2026-03-23,600036,14:36:41,38.5800,14,2
2026-03-23,600036,14:36:44,38.5900,156,1
2026-03-23,600036,14:36:47,38.5800,71,2
2026-03-23,600036,14:36:50,38.5700,59,2
2026-03-23,600036,14:36:53,38.5800,130,1
2026-03-23,600036,14:36:56,38.5900,331,1
2026-03-23,600036,14:36:59,38.5900,117,1
2026-03-23,600036,14:37:02,38.5900,49,1
2026-03-23,600036,14:37:05,38.5900,147,1
2026-03-23,600036,14:37:08,38.5800,77,2
2026-03-23,600036,14:37:11,38.5900,47,1
2026-03-23,600036,14:37:14,38.5800,169,2
2026-03-23,600036,14:37:17,38.5800,365,2
2026-03-23,600036,14:37:20,38.5800,52,2
2026-03-23,600036,14:37:23,38.5900,45,2
2026-03-23,600036,14:37:26,38.6200,368,1
2026-03-23,600036,14:37:29,38.5900,173,2
2026-03-23,600036,14:37:32,38.6100,187,1
2026-03-23,600036,14:37:35,38.6100,56,1
2026-03-23,600036,14:37:38,38.6000,190,2
2026-03-23,600036,14:37:41,38.6100,31,1
2026-03-23,600036,14:37:44,38.6000,64,1
2026-03-23,600036,14:37:47,38.5900,102,2
2026-03-23,600036,14:37:50,38.5900,66,4
2026-03-23,600036,14:37:53,38.5900,115,4
2026-03-23,600036,14:37:56,38.5900,126,1
2026-03-23,600036,14:37:59,38.6000,110,1
2026-03-23,600036,14:38:02,38.6000,76,1
2026-03-23,600036,14:38:05,38.6000,97,1
2026-03-23,600036,14:38:08,38.6000,227,1
2026-03-23,600036,14:38:11,38.5800,221,2
2026-03-23,600036,14:38:14,38.6000,130,1
2026-03-23,600036,14:38:17,38.5800,62,2
2026-03-23,600036,14:38:20,38.5900,70,4
2026-03-23,600036,14:38:23,38.5900,65,2
2026-03-23,600036,14:38:26,38.5900,135,2
2026-03-23,600036,14:38:29,38.5800,87,2
2026-03-23,600036,14:38:32,38.5900,56,1
2026-03-23,600036,14:38:35,38.5900,47,2
2026-03-23,600036,14:38:38,38.5900,125,2
2026-03-23,600036,14:38:41,38.6000,324,1
2026-03-23,600036,14:38:44,38.6000,49,1
2026-03-23,600036,14:38:47,38.5900,30,4
2026-03-23,600036,14:38:50,38.5900,399,1
2026-03-23,600036,14:38:53,38.5900,79,1
2026-03-23,600036,14:38:56,38.5900,60,1
2026-03-23,600036,14:38:59,38.5800,82,2
2026-03-23,600036,14:39:02,38.6000,198,1
2026-03-23,600036,14:39:05,38.6000,323,1
2026-03-23,600036,14:39:08,38.5900,77,4
2026-03-23,600036,14:39:11,38.6500,233,1
2026-03-23,600036,14:39:14,38.6600,251,1
2026-03-23,600036,14:39:17,38.6500,84,1
2026-03-23,600036,14:39:20,38.6400,94,1
2026-03-23,600036,14:39:23,38.6200,191,2
2026-03-23,600036,14:39:26,38.6300,125,2
2026-03-23,600036,14:39:29,38.6100,344,2
2026-03-23,600036,14:39:32,38.6300,57,1
2026-03-23,600036,14:39:35,38.6100,127,2
2026-03-23,600036,14:39:38,38.6200,100,4
2026-03-23,600036,14:39:41,38.6100,107,2
2026-03-23,600036,14:39:44,38.6300,82,1
2026-03-23,600036,14:39:47,38.6300,191,1
2026-03-23,600036,14:39:50,38.6300,149,1
2026-03-23,600036,14:39:53,38.6300,175,1
2026-03-23,600036,14:39:56,38.6300,125,2
2026-03-23,600036,14:39:59,38.6300,63,2
2026-03-23,600036,14:40:02,38.6400,321,1
2026-03-23,600036,14:40:05,38.6300,218,2
2026-03-23,600036,14:40:08,38.6500,60,1
2026-03-23,600036,14:40:11,38.6800,353,1
2026-03-23,600036,14:40:14,38.6500,370,2
2026-03-23,600036,14:40:17,38.6300,400,2
2026-03-23,600036,14:40:20,38.6300,436,1
2026-03-23,600036,14:40:23,38.6300,250,1
2026-03-23,600036,14:40:26,38.6300,206,2
2026-03-23,600036,14:40:29,38.6300,70,2
2026-03-23,600036,14:40:32,38.6200,146,2
2026-03-23,600036,14:40:35,38.6300,119,1
2026-03-23,600036,14:40:38,38.6300,328,1
2026-03-23,600036,14:40:41,38.6300,61,1
2026-03-23,600036,14:40:44,38.6300,175,1
2026-03-23,600036,14:40:47,38.6300,59,1
2026-03-23,600036,14:40:50,38.6300,298,2
2026-03-23,600036,14:40:53,38.6300,95,1
2026-03-23,600036,14:40:56,38.6300,12,1
2026-03-23,600036,14:40:59,38.6400,130,1
2026-03-23,600036,14:41:02,38.6400,111,1
2026-03-23,600036,14:41:05,38.6300,95,4
2026-03-23,600036,14:41:08,38.6500,285,1
2026-03-23,600036,14:41:11,38.6500,200,1
2026-03-23,600036,14:41:14,38.6400,9,1
2026-03-23,600036,14:41:17,38.6200,151,2
2026-03-23,600036,14:41:20,38.6400,48,1
2026-03-23,600036,14:41:23,38.6400,125,2
2026-03-23,600036,14:41:26,38.6400,67,1
2026-03-23,600036,14:41:29,38.6100,346,2
2026-03-23,600036,14:41:32,38.6300,137,1
2026-03-23,600036,14:41:35,38.6100,321,2
2026-03-23,600036,14:41:38,38.6200,99,1
2026-03-23,600036,14:41:41,38.6100,759,2
2026-03-23,600036,14:41:44,38.6200,110,1
2026-03-23,600036,14:41:47,38.6000,149,2
2026-03-23,600036,14:41:50,38.6200,93,1
2026-03-23,600036,14:41:53,38.6200,19,1
2026-03-23,600036,14:41:56,38.6200,159,2
2026-03-23,600036,14:41:59,38.6200,68,1
2026-03-23,600036,14:42:02,38.6100,338,2
2026-03-23,600036,14:42:05,38.6100,187,1
2026-03-23,600036,14:42:08,38.6200,37,1
2026-03-23,600036,14:42:11,38.6200,44,1
2026-03-23,600036,14:42:14,38.6000,623,2
2026-03-23,600036,14:42:17,38.5900,1475,2
2026-03-23,600036,14:42:20,38.5800,124,2
2026-03-23,600036,14:42:23,38.5800,178,2
2026-03-23,600036,14:42:26,38.5900,60,1
2026-03-23,600036,14:42:29,38.5700,1078,2
2026-03-23,600036,14:42:32,38.5600,1147,2
2026-03-23,600036,14:42:35,38.5700,136,1
2026-03-23,600036,14:42:38,38.5700,185,1
2026-03-23,600036,14:42:41,38.5600,580,2
2026-03-23,600036,14:42:44,38.5700,84,1
2026-03-23,600036,14:42:47,38.5700,52,2
2026-03-23,600036,14:42:50,38.5700,27,1
2026-03-23,600036,14:42:53,38.5800,29,1
2026-03-23,600036,14:42:56,38.5800,62,1
2026-03-23,600036,14:42:59,38.5800,173,1
2026-03-23,600036,14:43:02,38.5700,73,2
2026-03-23,600036,14:43:05,38.5900,75,1
2026-03-23,600036,14:43:08,38.5900,188,1
2026-03-23,600036,14:43:11,38.6000,121,1
2026-03-23,600036,14:43:14,38.6300,662,1
2026-03-23,600036,14:43:17,38.6100,168,2
2026-03-23,600036,14:43:20,38.6000,368,2
2026-03-23,600036,14:43:23,38.6000,208,1
2026-03-23,600036,14:43:26,38.6000,185,2
2026-03-23,600036,14:43:29,38.6000,54,1
2026-03-23,600036,14:43:32,38.5900,370,2
2026-03-23,600036,14:43:35,38.5900,82,1
2026-03-23,600036,14:43:38,38.6100,94,1
2026-03-23,600036,14:43:41,38.6000,88,2
2026-03-23,600036,14:43:44,38.6000,7,1
2026-03-23,600036,14:43:47,38.6000,67,1
2026-03-23,600036,14:43:50,38.6100,118,1
2026-03-23,600036,14:43:53,38.6000,6,2
2026-03-23,600036,14:43:56,38.6000,73,2
2026-03-23,600036,14:43:59,38.6100,160,1
2026-03-23,600036,14:44:02,38.6000,187,2
2026-03-23,600036,14:44:05,38.6000,132,2
2026-03-23,600036,14:44:08,38.5900,260,2
2026-03-23,600036,14:44:11,38.6000,86,1
2026-03-23,600036,14:44:14,38.5900,290,2
2026-03-23,600036,14:44:17,38.5900,92,2
2026-03-23,600036,14:44:20,38.6000,95,1
2026-03-23,600036,14:44:23,38.6000,103,2
2026-03-23,600036,14:44:26,38.6000,74,2
2026-03-23,600036,14:44:29,38.6000,55,1
2026-03-23,600036,14:44:32,38.6000,42,4
2026-03-23,600036,14:44:35,38.6100,81,1
2026-03-23,600036,14:44:38,38.5900,118,2
2026-03-23,600036,14:44:41,38.6100,137,1
2026-03-23,600036,14:44:44,38.6000,122,4
2026-03-23,600036,14:44:47,38.5900,169,2
2026-03-23,600036,14:44:50,38.5900,90,2
2026-03-23,600036,14:44:53,38.6000,143,1
2026-03-23,600036,14:44:56,38.6000,52,1
2026-03-23,600036,14:44:59,38.5900,180,2
2026-03-23,600036,14:45:02,38.5900,67,2
2026-03-23,600036,14:45:05,38.6000,216,1
2026-03-23,600036,14:45:08,38.6000,111,1
2026-03-23,600036,14:45:11,38.5900,448,2
2026-03-23,600036,14:45:14,38.5900,132,2
2026-03-23,600036,14:45:17,38.5900,111,1
2026-03-23,600036,14:45:20,38.5900,121,1
2026-03-23,600036,14:45:23,38.5900,64,1
2026-03-23,600036,14:45:26,38.5800,1609,2
2026-03-23,600036,14:45:29,38.5800,167,1
2026-03-23,600036,14:45:32,38.5800,164,1
2026-03-23,600036,14:45:35,38.5800,125,1
2026-03-23,600036,14:45:38,38.5800,105,2
2026-03-23,600036,14:45:41,38.5800,170,4
2026-03-23,600036,14:45:44,38.5800,30,4
2026-03-23,600036,14:45:47,38.5800,228,2
2026-03-23,600036,14:45:50,38.5900,114,1
2026-03-23,600036,14:45:53,38.5900,37,1
2026-03-23,600036,14:45:56,38.5900,82,1
2026-03-23,600036,14:45:59,38.5900,150,1
2026-03-23,600036,14:46:02,38.5800,300,2
2026-03-23,600036,14:46:05,38.5800,103,1
2026-03-23,600036,14:46:08,38.5800,17,1
2026-03-23,600036,14:46:11,38.5800,95,1
2026-03-23,600036,14:46:14,38.5600,391,2
2026-03-23,600036,14:46:17,38.5700,87,4
2026-03-23,600036,14:46:20,38.5600,879,2
2026-03-23,600036,14:46:23,38.5700,185,1
2026-03-23,600036,14:46:26,38.5600,100,2
2026-03-23,600036,14:46:29,38.5600,89,2
2026-03-23,600036,14:46:32,38.5600,76,1
2026-03-23,600036,14:46:35,38.5600,178,1
2026-03-23,600036,14:46:38,38.5600,47,2
2026-03-23,600036,14:46:41,38.5600,132,2
2026-03-23,600036,14:46:44,38.5500,389,2
2026-03-23,600036,14:46:47,38.5600,140,4
2026-03-23,600036,14:46:50,38.5700,54,1
2026-03-23,600036,14:46:53,38.5600,104,2
2026-03-23,600036,14:46:56,38.5600,150,2
2026-03-23,600036,14:46:59,38.5600,120,2
2026-03-23,600036,14:47:02,38.5700,170,1
2026-03-23,600036,14:47:05,38.5800,120,1
2026-03-23,600036,14:47:08,38.5600,80,2
2026-03-23,600036,14:47:11,38.5700,148,1
2026-03-23,600036,14:47:14,38.5600,138,2
2026-03-23,600036,14:47:17,38.5600,126,1
2026-03-23,600036,14:47:20,38.5500,769,2
2026-03-23,600036,14:47:23,38.5600,225,1
2026-03-23,600036,14:47:26,38.5600,178,2
2026-03-23,600036,14:47:29,38.5500,199,2
2026-03-23,600036,14:47:32,38.5600,96,1
2026-03-23,600036,14:47:35,38.5500,447,2
2026-03-23,600036,14:47:38,38.5500,160,2
2026-03-23,600036,14:47:41,38.5700,251,1
2026-03-23,600036,14:47:44,38.5600,29,2
2026-03-23,600036,14:47:47,38.5600,173,2
2026-03-23,600036,14:47:50,38.5700,92,1
2026-03-23,600036,14:47:53,38.5600,261,2
2026-03-23,600036,14:47:56,38.5700,350,1
2026-03-23,600036,14:47:59,38.5900,282,1
2026-03-23,600036,14:48:02,38.5800,207,2
2026-03-23,600036,14:48:05,38.5800,628,2
2026-03-23,600036,14:48:08,38.5800,206,1
2026-03-23,600036,14:48:11,38.5800,243,2
2026-03-23,600036,14:48:14,38.5900,309,4
2026-03-23,600036,14:48:17,38.5900,179,1
2026-03-23,600036,14:48:20,38.5800,321,2
2026-03-23,600036,14:48:23,38.6200,226,1
2026-03-23,600036,14:48:26,38.5700,298,2
2026-03-23,600036,14:48:29,38.5900,24,2
2026-03-23,600036,14:48:32,38.6000,371,1
2026-03-23,600036,14:48:35,38.5800,54,2
2026-03-23,600036,14:48:38,38.5800,93,1
2026-03-23,600036,14:48:41,38.5800,158,2
2026-03-23,600036,14:48:44,38.6000,141,1
2026-03-23,600036,14:48:47,38.5900,127,4
2026-03-23,600036,14:48:50,38.5900,286,2
2026-03-23,600036,14:48:53,38.5900,232,2
2026-03-23,600036,14:48:56,38.6000,247,1
2026-03-23,600036,14:48:59,38.5900,186,2
2026-03-23,600036,14:49:02,38.6000,978,1
2026-03-23,600036,14:49:05,38.5800,376,2
2026-03-23,600036,14:49:08,38.6000,184,1
2026-03-23,600036,14:49:11,38.6500,727,1
2026-03-23,600036,14:49:14,38.6200,252,2
2026-03-23,600036,14:49:17,38.6400,125,1
2026-03-23,600036,14:49:20,38.6000,176,2
2026-03-23,600036,14:49:23,38.6300,194,1
2026-03-23,600036,14:49:26,38.6300,305,1
2026-03-23,600036,14:49:29,38.6000,295,2
2026-03-23,600036,14:49:32,38.6400,167,1
2026-03-23,600036,14:49:35,38.6300,113,1
2026-03-23,600036,14:49:38,38.6100,1067,2
2026-03-23,600036,14:49:41,38.6200,200,4
2026-03-23,600036,14:49:44,38.6200,278,2
2026-03-23,600036,14:49:47,38.6100,160,2
2026-03-23,600036,14:49:50,38.6100,119,1
2026-03-23,600036,14:49:53,38.6000,163,2
2026-03-23,600036,14:49:56,38.6100,94,1
2026-03-23,600036,14:49:59,38.6100,87,1
2026-03-23,600036,14:50:02,38.6000,557,2
2026-03-23,600036,14:50:05,38.6200,246,1
2026-03-23,600036,14:50:08,38.6200,302,1
2026-03-23,600036,14:50:11,38.6400,133,1
2026-03-23,600036,14:50:14,38.6200,425,1
2026-03-23,600036,14:50:17,38.6000,268,2
2026-03-23,600036,14:50:20,38.6000,417,2
2026-03-23,600036,14:50:23,38.6000,201,2
2026-03-23,600036,14:50:26,38.6000,314,1
2026-03-23,600036,14:50:29,38.6000,206,2
2026-03-23,600036,14:50:32,38.6000,308,2
2026-03-23,600036,14:50:35,38.6000,638,2
2026-03-23,600036,14:50:38,38.6500,213,1
2026-03-23,600036,14:50:41,38.6100,416,2
2026-03-23,600036,14:50:44,38.6300,312,1
2026-03-23,600036,14:50:47,38.6200,205,2
2026-03-23,600036,14:50:50,38.6200,165,1
2026-03-23,600036,14:50:53,38.6300,166,1
2026-03-23,600036,14:50:56,38.6100,226,2
2026-03-23,600036,14:50:59,38.6200,51,1
2026-03-23,600036,14:51:02,38.6000,416,2
2026-03-23,600036,14:51:05,38.6000,155,1
2026-03-23,600036,14:51:08,38.6000,25,2
2026-03-23,600036,14:51:11,38.6000,164,2
2026-03-23,600036,14:51:14,38.6000,92,2
2026-03-23,600036,14:51:17,38.6000,216,2
2026-03-23,600036,14:51:20,38.5900,728,2
2026-03-23,600036,14:51:23,38.6100,200,1
2026-03-23,600036,14:51:26,38.6100,123,1
2026-03-23,600036,14:51:29,38.6100,154,1
2026-03-23,600036,14:51:32,38.6100,195,1
2026-03-23,600036,14:51:35,38.6100,201,1
2026-03-23,600036,14:51:38,38.6100,260,2
2026-03-23,600036,14:51:41,38.6100,367,1
2026-03-23,600036,14:51:44,38.6000,484,2
2026-03-23,600036,14:51:47,38.6100,86,1
2026-03-23,600036,14:51:50,38.6000,681,2
2026-03-23,600036,14:51:53,38.6400,214,1
2026-03-23,600036,14:51:56,38.6100,59,2
2026-03-23,600036,14:51:59,38.6400,140,1
2026-03-23,600036,14:52:02,38.6200,716,2
2026-03-23,600036,14:52:05,38.6200,269,2
2026-03-23,600036,14:52:08,38.6300,314,1
2026-03-23,600036,14:52:11,38.6200,206,2
2026-03-23,600036,14:52:14,38.6400,315,1
2026-03-23,600036,14:52:17,38.6300,260,1
2026-03-23,600036,14:52:20,38.6300,199,1
2026-03-23,600036,14:52:23,38.6500,145,1
2026-03-23,600036,14:52:26,38.6500,155,1
2026-03-23,600036,14:52:29,38.6500,349,1
2026-03-23,600036,14:52:32,38.6400,403,4
2026-03-23,600036,14:52:35,38.6400,324,1
2026-03-23,600036,14:52:38,38.6400,136,1
2026-03-23,600036,14:52:41,38.6300,338,2
2026-03-23,600036,14:52:44,38.6300,53,1
2026-03-23,600036,14:52:47,38.6300,85,2
2026-03-23,600036,14:52:50,38.6200,158,2
2026-03-23,600036,14:52:53,38.6100,548,2
2026-03-23,600036,14:52:56,38.6100,394,1
2026-03-23,600036,14:52:59,38.6100,83,1
2026-03-23,600036,14:53:02,38.6200,268,1
2026-03-23,600036,14:53:05,38.6100,39,2
2026-03-23,600036,14:53:08,38.6100,361,2
2026-03-23,600036,14:53:11,38.6100,1030,1
2026-03-23,600036,14:53:14,38.6000,522,2
2026-03-23,600036,14:53:17,38.6000,343,1
2026-03-23,600036,14:53:20,38.5900,946,2
2026-03-23,600036,14:53:23,38.6000,746,1
2026-03-23,600036,14:53:26,38.6000,168,2
2026-03-23,600036,14:53:29,38.5900,211,2
2026-03-23,600036,14:53:32,38.6000,583,1
2026-03-23,600036,14:53:35,38.6100,54,4
2026-03-23,600036,14:53:38,38.6000,118,2
2026-03-23,600036,14:53:41,38.6300,497,1
2026-03-23,600036,14:53:44,38.6200,152,1
2026-03-23,600036,14:53:47,38.6200,444,2
2026-03-23,600036,14:53:50,38.6100,270,2
2026-03-23,600036,14:53:53,38.6200,111,2
2026-03-23,600036,14:53:56,38.6200,242,2
2026-03-23,600036,14:53:59,38.6200,246,2
2026-03-23,600036,14:54:02,38.6200,663,2
2026-03-23,600036,14:54:05,38.6300,223,1
2026-03-23,600036,14:54:08,38.6200,575,2
2026-03-23,600036,14:54:11,38.6100,297,2
2026-03-23,600036,14:54:14,38.6100,324,2
2026-03-23,600036,14:54:17,38.6100,191,2
2026-03-23,600036,14:54:20,38.6200,328,4
2026-03-23,600036,14:54:23,38.6300,325,2
2026-03-23,600036,14:54:26,38.6300,366,2
2026-03-23,600036,14:54:29,38.6700,682,1
2026-03-23,600036,14:54:32,38.6300,374,2
2026-03-23,600036,14:54:35,38.6100,371,2
2026-03-23,600036,14:54:38,38.6100,374,4
2026-03-23,600036,14:54:41,38.6300,426,2
2026-03-23,600036,14:54:44,38.6200,352,2
2026-03-23,600036,14:54:47,38.6200,70,1
2026-03-23,600036,14:54:50,38.6200,116,1
2026-03-23,600036,14:54:53,38.6500,293,1
2026-03-23,600036,14:54:56,38.6200,408,2
2026-03-23,600036,14:54:59,38.6200,154,2
2026-03-23,600036,14:55:02,38.6200,1230,4
2026-03-23,600036,14:55:05,38.6100,332,2
2026-03-23,600036,14:55:08,38.6200,206,1
2026-03-23,600036,14:55:11,38.6700,455,1
2026-03-23,600036,14:55:14,38.6600,453,1
2026-03-23,600036,14:55:17,38.6400,696,2
2026-03-23,600036,14:55:20,38.6300,318,2
2026-03-23,600036,14:55:23,38.6500,466,1
2026-03-23,600036,14:55:26,38.6500,398,1
2026-03-23,600036,14:55:29,38.6700,444,1
2026-03-23,600036,14:55:32,38.6700,199,1
2026-03-23,600036,14:55:35,38.6600,518,2
2026-03-23,600036,14:55:38,38.6600,278,2
2026-03-23,600036,14:55:41,38.6500,298,2
2026-03-23,600036,14:55:44,38.6400,377,2
2026-03-23,600036,14:55:47,38.6400,320,1
2026-03-23,600036,14:55:50,38.6400,223,1
2026-03-23,600036,14:55:53,38.6500,233,1
2026-03-23,600036,14:55:56,38.6600,330,1
2026-03-23,600036,14:55:59,38.6500,406,2
2026-03-23,600036,14:56:02,38.6400,203,2
2026-03-23,600036,14:56:05,38.6500,98,1
2026-03-23,600036,14:56:08,38.6500,204,1
2026-03-23,600036,14:56:11,38.6600,243,1
2026-03-23,600036,14:56:14,38.6600,330,1
2026-03-23,600036,14:56:17,38.6800,377,1
2026-03-23,600036,14:56:20,38.6600,337,4
2026-03-23,600036,14:56:23,38.6800,281,1
2026-03-23,600036,14:56:26,38.6900,285,1
2026-03-23,600036,14:56:29,38.6700,107,2
2026-03-23,600036,14:56:32,38.6700,359,2
2026-03-23,600036,14:56:35,38.6700,447,1
2026-03-23,600036,14:56:38,38.6700,312,1
2026-03-23,600036,14:56:41,38.6800,589,1
2026-03-23,600036,14:56:44,38.6700,91,2
2026-03-23,600036,14:56:47,38.6800,66,1
2026-03-23,600036,14:56:50,38.6500,270,2
2026-03-23,600036,14:56:53,38.6700,162,1
2026-03-23,600036,14:56:56,38.6700,359,1
2026-03-23,600036,14:56:59,38.6800,89,1
2026-03-23,600036,14:57:02,38.6800,1,1
2026-03-23,600036,15:00:03,38.6800,7425,4
2026-03-23,600036,13:17:08,38.8900,16,2
2026-03-23,600036,13:17:11,38.8900,61,2
2026-03-23,600036,13:17:14,38.8900,12,2
2026-03-23,600036,13:17:17,38.9000,47,1
2026-03-23,600036,13:17:20,38.8900,83,2
2026-03-23,600036,13:17:23,38.9000,14,1
2026-03-23,600036,13:17:26,38.9000,100,1
2026-03-23,600036,13:17:29,38.8800,586,2
2026-03-23,600036,13:17:32,38.8800,20,2
2026-03-23,600036,13:17:35,38.8800,181,2
2026-03-23,600036,13:17:38,38.8800,42,2
2026-03-23,600036,13:17:41,38.8800,25,2
2026-03-23,600036,13:17:44,38.8800,141,2
2026-03-23,600036,13:17:47,38.8800,49,2
2026-03-23,600036,13:17:50,38.8700,41,2
2026-03-23,600036,13:17:53,38.8600,632,2
2026-03-23,600036,13:17:56,38.8700,267,1
2026-03-23,600036,13:17:59,38.8600,248,2
2026-03-23,600036,13:18:02,38.8600,137,2
2026-03-23,600036,13:18:05,38.8700,81,1
2026-03-23,600036,13:18:08,38.8600,46,2
2026-03-23,600036,13:18:11,38.8700,5,1
2026-03-23,600036,13:18:14,38.8700,56,1
2026-03-23,600036,13:18:17,38.8600,45,2
2026-03-23,600036,13:18:20,38.8600,36,2
2026-03-23,600036,13:18:23,38.8600,217,1
2026-03-23,600036,13:18:26,38.8600,142,1
2026-03-23,600036,13:18:29,38.8700,706,1
2026-03-23,600036,13:18:32,38.8700,252,2
2026-03-23,600036,13:18:35,38.8700,47,1
2026-03-23,600036,13:18:38,38.8600,26,2
2026-03-23,600036,13:18:41,38.8600,28,2
2026-03-23,600036,13:18:44,38.8800,497,1
2026-03-23,600036,13:18:47,38.8800,1,1
2026-03-23,600036,13:18:50,38.8800,1,1
2026-03-23,600036,13:18:53,38.8700,98,2
2026-03-23,600036,13:18:56,38.8800,52,1
2026-03-23,600036,13:18:59,38.8900,102,1
2026-03-23,600036,13:19:02,38.8700,35,2
2026-03-23,600036,13:19:05,38.8600,35,2
2026-03-23,600036,13:19:08,38.8700,7,2
2026-03-23,600036,13:19:11,38.8700,22,1
2026-03-23,600036,13:19:14,38.8700,27,1
2026-03-23,600036,13:19:17,38.8700,3,1
2026-03-23,600036,13:19:20,38.8600,49,2
2026-03-23,600036,13:19:23,38.8700,46,1
2026-03-23,600036,13:19:26,38.8700,56,1
2026-03-23,600036,13:19:29,38.8600,47,2
2026-03-23,600036,13:19:32,38.8600,21,2
2026-03-23,600036,13:19:35,38.8700,30,1
2026-03-23,600036,13:19:38,38.8600,7,2
2026-03-23,600036,13:19:41,38.8700,9,1
2026-03-23,600036,13:19:44,38.8700,25,1
2026-03-23,600036,13:19:47,38.8700,65,1
2026-03-23,600036,13:19:50,38.8700,49,1
2026-03-23,600036,13:19:53,38.8600,27,2
2026-03-23,600036,13:19:56,38.8700,48,1
2026-03-23,600036,13:19:59,38.8700,226,1
2026-03-23,600036,13:20:02,38.8700,29,1
2026-03-23,600036,13:20:05,38.8600,24,2
2026-03-23,600036,13:20:08,38.8600,613,2
2026-03-23,600036,13:20:11,38.8600,162,2
2026-03-23,600036,13:20:14,38.8600,157,1
2026-03-23,600036,13:20:17,38.8600,63,1
2026-03-23,600036,13:20:20,38.8600,83,1
2026-03-23,600036,13:20:23,38.8600,105,1
2026-03-23,600036,13:20:26,38.8600,85,2
2026-03-23,600036,13:20:29,38.8500,33,2
2026-03-23,600036,13:20:32,38.8300,6129,2
2026-03-23,600036,13:20:35,38.8300,1678,2
2026-03-23,600036,13:20:38,38.8200,853,2
2026-03-23,600036,13:20:41,38.8200,352,2
2026-03-23,600036,13:20:44,38.8300,299,1
2026-03-23,600036,13:20:47,38.8100,231,2
2026-03-23,600036,13:20:50,38.8100,61,2
2026-03-23,600036,13:20:53,38.8100,513,2
2026-03-23,600036,13:20:56,38.8100,184,2
2026-03-23,600036,13:20:59,38.8000,154,2
2026-03-23,600036,13:21:02,38.8100,228,1
2026-03-23,600036,13:21:05,38.8100,134,1
2026-03-23,600036,13:21:08,38.8100,389,1
2026-03-23,600036,13:21:11,38.8100,112,2
2026-03-23,600036,13:21:14,38.8100,16,1
2026-03-23,600036,13:21:17,38.8100,13,1
2026-03-23,600036,13:21:20,38.8100,9,1
2026-03-23,600036,13:21:23,38.8100,19,1
2026-03-23,600036,13:21:26,38.8100,113,1
2026-03-23,600036,13:21:29,38.8100,70,1
2026-03-23,600036,13:21:32,38.8100,361,1
2026-03-23,600036,13:21:35,38.8100,236,2
2026-03-23,600036,13:21:38,38.8100,83,2
2026-03-23,600036,13:21:41,38.8200,44,1
2026-03-23,600036,13:21:44,38.8200,17,1
2026-03-23,600036,13:21:47,38.8200,74,1
2026-03-23,600036,13:21:50,38.8200,58,1
2026-03-23,600036,13:21:53,38.8200,82,1
2026-03-23,600036,13:21:56,38.8200,239,1
2026-03-23,600036,13:21:59,38.8100,168,2
2026-03-23,600036,13:22:02,38.8100,85,2
2026-03-23,600036,13:22:05,38.8200,213,1
2026-03-23,600036,13:22:08,38.8100,139,2
2026-03-23,600036,13:22:11,38.8200,46,1
2026-03-23,600036,13:22:14,38.8200,19,1
2026-03-23,600036,13:22:17,38.8100,26,2
2026-03-23,600036,13:22:20,38.8100,81,2
2026-03-23,600036,13:22:23,38.8200,66,1
2026-03-23,600036,13:22:26,38.8200,174,1
2026-03-23,600036,13:22:29,38.8200,21,1
2026-03-23,600036,13:22:32,38.8200,588,1
2026-03-23,600036,13:22:35,38.8300,279,1
2026-03-23,600036,13:22:38,38.8300,288,1
2026-03-23,600036,13:22:41,38.8300,71,2
2026-03-23,600036,13:22:44,38.8400,149,1
2026-03-23,600036,13:22:47,38.8300,181,2
2026-03-23,600036,13:22:50,38.8300,84,1
2026-03-23,600036,13:22:53,38.8300,22,1
2026-03-23,600036,13:22:56,38.8400,568,1
2026-03-23,600036,13:22:59,38.8300,111,2
2026-03-23,600036,13:23:02,38.8400,16,1
2026-03-23,600036,13:23:05,38.8400,40,1
2026-03-23,600036,13:23:08,38.8400,73,1
2026-03-23,600036,13:23:11,38.8300,729,2
2026-03-23,600036,13:23:14,38.8300,94,1
2026-03-23,600036,13:23:17,38.8200,85,2
2026-03-23,600036,13:23:20,38.8100,859,2
2026-03-23,600036,13:23:23,38.8100,295,2
2026-03-23,600036,13:23:26,38.8200,331,1
2026-03-23,600036,13:23:29,38.8100,191,2
2026-03-23,600036,13:23:32,38.8000,86,2
2026-03-23,600036,13:23:35,38.8000,96,2
2026-03-23,600036,13:23:38,38.8000,112,2
2026-03-23,600036,13:23:41,38.8000,67,2
2026-03-23,600036,13:23:44,38.8200,1388,1
2026-03-23,600036,13:23:47,38.8100,297,2
2026-03-23,600036,13:23:50,38.8100,82,1
2026-03-23,600036,13:23:53,38.8200,34,1
2026-03-23,600036,13:23:56,38.8200,41,1
2026-03-23,600036,13:23:59,38.8200,25,1
2026-03-23,600036,13:24:02,38.8200,183,1
2026-03-23,600036,13:24:05,38.8200,38,1
2026-03-23,600036,13:24:08,38.8200,114,1
2026-03-23,600036,13:24:11,38.8100,25,2
2026-03-23,600036,13:24:14,38.8200,65,1
2026-03-23,600036,13:24:17,38.8100,98,2
2026-03-23,600036,13:24:20,38.8300,14,1
2026-03-23,600036,13:24:23,38.8200,23,2
2026-03-23,600036,13:24:26,38.8200,145,2
2026-03-23,600036,13:24:29,38.8200,57,2
2026-03-23,600036,13:24:32,38.8200,10,1
2026-03-23,600036,13:24:35,38.8100,133,2
2026-03-23,600036,13:24:38,38.8100,18,2
2026-03-23,600036,13:24:41,38.8200,6,1
2026-03-23,600036,13:24:44,38.8100,1340,2
2026-03-23,600036,13:24:47,38.8100,163,2
2026-03-23,600036,13:24:50,38.8100,94,2
2026-03-23,600036,13:24:53,38.8100,45,1
2026-03-23,600036,13:24:56,38.8100,48,1
2026-03-23,600036,13:24:59,38.8000,25,2
2026-03-23,600036,13:25:02,38.8000,107,2
2026-03-23,600036,13:25:05,38.8100,469,1
2026-03-23,600036,13:25:08,38.8100,64,2
2026-03-23,600036,13:25:11,38.8300,1363,1
2026-03-23,600036,13:25:14,38.8300,30,1
2026-03-23,600036,13:25:17,38.8200,270,2
2026-03-23,600036,13:25:20,38.8300,243,1
2026-03-23,600036,13:25:23,38.8400,456,1
2026-03-23,600036,13:25:26,38.8200,200,2
2026-03-23,600036,13:25:29,38.8400,275,1
2026-03-23,600036,13:25:32,38.8400,355,1
2026-03-23,600036,13:25:35,38.8400,153,1
2026-03-23,600036,13:25:38,38.8400,328,1
2026-03-23,600036,13:25:41,38.8500,212,1
2026-03-23,600036,13:25:44,38.8500,20,1
2026-03-23,600036,13:25:47,38.8500,170,1
2026-03-23,600036,13:25:50,38.8500,55,1
2026-03-23,600036,13:25:53,38.8500,141,1
2026-03-23,600036,13:25:56,38.8600,42,1
2026-03-23,600036,13:25:59,38.8500,74,2
2026-03-23,600036,13:26:02,38.8500,282,1
2026-03-23,600036,13:26:05,38.8400,91,2
2026-03-23,600036,13:26:08,38.8300,218,2
2026-03-23,600036,13:26:11,38.8200,5,2
2026-03-23,600036,13:26:14,38.8300,17,1
2026-03-23,600036,13:26:17,38.8300,19,1
2026-03-23,600036,13:26:20,38.8300,43,1
2026-03-23,600036,13:26:23,38.8300,178,1
2026-03-23,600036,13:26:26,38.8300,45,1
2026-03-23,600036,13:26:29,38.8300,121,1
2026-03-23,600036,13:26:32,38.8200,35,2
2026-03-23,600036,13:26:35,38.8200,89,2
2026-03-23,600036,13:26:38,38.8200,78,2
2026-03-23,600036,13:26:41,38.8200,11,1
2026-03-23,600036,13:26:44,38.8200,349,1
2026-03-23,600036,13:26:47,38.8300,95,1
2026-03-23,600036,13:26:50,38.8300,16,1
2026-03-23,600036,13:26:53,38.8300,836,1
2026-03-23,600036,13:26:56,38.8300,34,1
2026-03-23,600036,13:26:59,38.8300,8,1
2026-03-23,600036,13:27:02,38.8300,83,1
2026-03-23,600036,13:27:05,38.8300,81,1
2026-03-23,600036,13:27:08,38.8300,34,1
2026-03-23,600036,13:27:11,38.8300,14,1
2026-03-23,600036,13:27:14,38.8300,29,1
2026-03-23,600036,13:27:17,38.8300,67,1
2026-03-23,600036,13:27:20,38.8300,97,1
2026-03-23,600036,13:27:23,38.8200,41,2
2026-03-23,600036,13:27:26,38.8300,203,1
2026-03-23,600036,13:27:29,38.8300,67,1
2026-03-23,600036,13:27:32,38.8300,61,1
2026-03-23,600036,13:27:35,38.8300,211,1
2026-03-23,600036,13:27:38,38.8300,60,2
2026-03-23,600036,13:27:41,38.8400,38,1
2026-03-23,600036,13:27:44,38.8400,169,1
2026-03-23,600036,13:27:47,38.8300,585,2
2026-03-23,600036,13:27:50,38.8300,45,4
2026-03-23,600036,13:27:53,38.8200,66,2
2026-03-23,600036,13:27:56,38.8300,52,1
2026-03-23,600036,13:27:59,38.8200,86,2
2026-03-23,600036,13:28:02,38.8300,35,4
2026-03-23,600036,13:28:05,38.8400,202,1
2026-03-23,600036,13:28:08,38.8400,113,1
2026-03-23,600036,13:28:11,38.8300,21,2
2026-03-23,600036,13:28:14,38.8400,40,1
2026-03-23,600036,13:28:17,38.8400,71,1
2026-03-23,600036,13:28:20,38.8400,35,1
2026-03-23,600036,13:28:23,38.8300,2021,2
2026-03-23,600036,13:28:26,38.8200,161,2
2026-03-23,600036,13:28:29,38.8300,23,1
2026-03-23,600036,13:28:32,38.8200,2,2
2026-03-23,600036,13:28:35,38.8400,294,1
2026-03-23,600036,13:28:38,38.8400,7,1
2026-03-23,600036,13:28:41,38.8400,15,1
2026-03-23,600036,13:28:44,38.8300,29,2
2026-03-23,600036,13:28:47,38.8300,119,2
2026-03-23,600036,13:28:50,38.8300,43,2
2026-03-23,600036,13:28:53,38.8300,315,2
2026-03-23,600036,13:28:56,38.8300,66,1
2026-03-23,600036,13:28:59,38.8300,479,1
2026-03-23,600036,13:29:02,38.8300,399,1
2026-03-23,600036,13:29:05,38.8300,21,1
2026-03-23,600036,13:29:08,38.8200,30,2
2026-03-23,600036,13:29:11,38.8200,52,2
2026-03-23,600036,13:29:14,38.8300,64,1
2026-03-23,600036,13:29:17,38.8200,109,2
2026-03-23,600036,13:29:20,38.8200,1038,2
2026-03-23,600036,13:29:23,38.8200,55,1
2026-03-23,600036,13:29:26,38.8200,24,1
2026-03-23,600036,13:29:29,38.8100,117,2
2026-03-23,600036,13:29:32,38.8000,931,2
2026-03-23,600036,13:29:35,38.7800,5745,2
2026-03-23,600036,13:29:38,38.7900,514,1
2026-03-23,600036,13:29:41,38.7900,152,1
2026-03-23,600036,13:29:44,38.7900,115,1
2026-03-23,600036,13:29:47,38.7800,39,2
2026-03-23,600036,13:29:50,38.8100,5622,1
2026-03-23,600036,13:29:53,38.8200,297,1
2026-03-23,600036,13:29:56,38.8100,37,2
2026-03-23,600036,13:29:59,38.8200,158,1
2026-03-23,600036,13:30:02,38.8100,170,2
2026-03-23,600036,13:30:05,38.8200,144,1
2026-03-23,600036,13:30:08,38.8200,73,1
2026-03-23,600036,13:30:11,38.8200,51,1
2026-03-23,600036,13:30:14,38.8100,125,2
2026-03-23,600036,13:30:17,38.8100,219,2
2026-03-23,600036,13:30:20,38.8200,51,1
2026-03-23,600036,13:30:23,38.8100,25,4
2026-03-23,600036,13:30:26,38.8100,108,1
2026-03-23,600036,13:30:29,38.8100,149,1
2026-03-23,600036,13:30:32,38.8000,134,2
2026-03-23,600036,13:30:35,38.8100,90,1
2026-03-23,600036,13:30:38,38.8100,37,2
2026-03-23,600036,13:30:41,38.8100,86,2
2026-03-23,600036,13:30:44,38.8100,91,2
2026-03-23,600036,13:30:47,38.8200,77,1
2026-03-23,600036,13:30:50,38.8100,117,2
2026-03-23,600036,13:30:53,38.8100,36,1
2026-03-23,600036,13:30:56,38.8000,136,2
2026-03-23,600036,13:30:59,38.7900,95,2
2026-03-23,600036,13:31:02,38.7900,275,2
2026-03-23,600036,13:31:05,38.8000,107,4
2026-03-23,600036,13:31:08,38.7800,424,2
2026-03-23,600036,13:31:11,38.7800,232,2
2026-03-23,600036,13:31:14,38.7800,22,4
2026-03-23,600036,13:31:17,38.7800,66,2
2026-03-23,600036,13:31:20,38.7800,186,1
2026-03-23,600036,13:31:23,38.7800,341,1
2026-03-23,600036,13:31:26,38.7700,126,2
2026-03-23,600036,13:31:29,38.7700,87,1
2026-03-23,600036,13:31:32,38.7700,97,1
2026-03-23,600036,13:31:35,38.7700,102,1
2026-03-23,600036,13:31:38,38.7700,58,1
2026-03-23,600036,13:31:41,38.7700,426,1
2026-03-23,600036,13:31:44,38.7600,234,2
2026-03-23,600036,13:31:47,38.7600,86,2
2026-03-23,600036,13:31:50,38.7600,181,1
2026-03-23,600036,13:31:53,38.7600,102,1
2026-03-23,600036,13:31:56,38.7600,275,1
2026-03-23,600036,13:31:59,38.7600,486,1
2026-03-23,600036,13:32:02,38.7600,117,2
2026-03-23,600036,13:32:05,38.7600,131,1
2026-03-23,600036,13:32:08,38.7600,51,1
2026-03-23,600036,13:32:11,38.7600,36,1
2026-03-23,600036,13:32:14,38.7600,64,1
2026-03-23,600036,13:32:17,38.7600,350,1
2026-03-23,600036,13:32:20,38.7600,121,2
2026-03-23,600036,13:32:23,38.7600,100,1
2026-03-23,600036,13:32:26,38.7600,105,2
2026-03-23,600036,13:32:29,38.7600,88,1
2026-03-23,600036,13:32:32,38.7600,84,1
2026-03-23,600036,13:32:35,38.7600,36,1
2026-03-23,600036,13:32:38,38.7600,63,1
2026-03-23,600036,13:32:41,38.7800,625,1
2026-03-23,600036,13:32:44,38.7800,101,1
2026-03-23,600036,13:32:47,38.7700,16,1
2026-03-23,600036,13:32:50,38.7600,173,2
2026-03-23,600036,13:32:53,38.7600,34,1
2026-03-23,600036,13:32:56,38.7500,94,2
2026-03-23,600036,13:32:59,38.7600,174,1
2026-03-23,600036,13:33:02,38.7500,163,2
2026-03-23,600036,13:33:05,38.7400,1258,2
2026-03-23,600036,13:33:08,38.7400,151,1
2026-03-23,600036,13:33:11,38.7300,37,2
2026-03-23,600036,13:33:14,38.7400,217,1
2026-03-23,600036,13:33:17,38.7400,111,1
2026-03-23,600036,13:33:20,38.7300,269,2
2026-03-23,600036,13:33:23,38.7200,124,2
2026-03-23,600036,13:33:26,38.7200,583,2
2026-03-23,600036,13:33:29,38.7100,227,2
2026-03-23,600036,13:33:32,38.7200,58,1
2026-03-23,600036,13:33:35,38.7300,1257,1
2026-03-23,600036,13:33:38,38.7300,71,2
2026-03-23,600036,13:33:41,38.7400,23,1
2026-03-23,600036,13:33:44,38.7300,403,2
2026-03-23,600036,13:33:47,38.7200,98,2
2026-03-23,600036,13:33:50,38.7200,74,1
2026-03-23,600036,13:33:53,38.7200,63,4
2026-03-23,600036,13:33:56,38.7200,157,1
2026-03-23,600036,13:33:59,38.7100,169,2
2026-03-23,600036,13:34:02,38.7200,754,1
2026-03-23,600036,13:34:05,38.7500,226,1
2026-03-23,600036,13:34:08,38.7400,95,2
2026-03-23,600036,13:34:11,38.7500,62,1
2026-03-23,600036,13:34:14,38.7600,864,1
2026-03-23,600036,13:34:17,38.7700,331,1
2026-03-23,600036,13:34:20,38.7600,197,1
2026-03-23,600036,13:34:23,38.7600,84,2
2026-03-23,600036,13:34:26,38.7600,32,4
2026-03-23,600036,13:34:29,38.7600,12,4
2026-03-23,600036,13:34:32,38.7700,120,1
2026-03-23,600036,13:34:35,38.7700,146,1
2026-03-23,600036,13:34:38,38.7700,71,1
2026-03-23,600036,13:34:41,38.7900,170,1
2026-03-23,600036,13:34:44,38.7700,114,2
2026-03-23,600036,13:34:47,38.7800,110,4
2026-03-23,600036,13:34:50,38.7700,22,4
2026-03-23,600036,13:34:53,38.7700,66,2
2026-03-23,600036,13:34:56,38.7700,51,1
2026-03-23,600036,13:34:59,38.7900,152,1
2026-03-23,600036,13:35:02,38.7800,80,2
2026-03-23,600036,13:35:05,38.7800,46,1
2026-03-23,600036,13:35:08,38.7700,58,2
2026-03-23,600036,13:35:11,38.7700,135,2
2026-03-23,600036,13:35:14,38.7700,59,2
2026-03-23,600036,13:35:17,38.7600,208,2
2026-03-23,600036,13:35:20,38.7600,490,2
2026-03-23,600036,13:35:23,38.7600,186,1
2026-03-23,600036,13:35:26,38.7700,48,1
2026-03-23,600036,13:35:29,38.7700,27,1
2026-03-23,600036,13:35:32,38.7700,135,1
2026-03-23,600036,13:35:35,38.7800,49,1
2026-03-23,600036,13:35:38,38.8000,986,1
2026-03-23,600036,13:35:41,38.7800,490,2
2026-03-23,600036,13:35:44,38.7900,24,1
2026-03-23,600036,13:35:47,38.8000,88,1
2026-03-23,600036,13:35:50,38.8100,101,1
2026-03-23,600036,13:35:53,38.8000,107,2
2026-03-23,600036,13:35:56,38.8000,30,1
2026-03-23,600036,13:35:59,38.7900,105,2
2026-03-23,600036,13:36:02,38.7900,139,2
2026-03-23,600036,13:36:05,38.7800,143,2
2026-03-23,600036,13:36:08,38.7800,185,2
2026-03-23,600036,13:36:11,38.7800,312,2
2026-03-23,600036,13:36:14,38.7600,67,2
2026-03-23,600036,13:36:17,38.7400,170,2
2026-03-23,600036,13:36:20,38.7600,672,1
2026-03-23,600036,13:36:23,38.7600,114,1
2026-03-23,600036,13:36:26,38.7500,85,2
2026-03-23,600036,13:36:29,38.7700,312,1
2026-03-23,600036,13:36:32,38.7800,95,4
2026-03-23,600036,13:36:35,38.7600,81,2
2026-03-23,600036,13:36:38,38.7700,90,2
2026-03-23,600036,13:36:41,38.7700,52,1
2026-03-23,600036,13:36:44,38.7600,176,2
2026-03-23,600036,13:36:47,38.7600,106,1
2026-03-23,600036,13:36:50,38.7500,165,2
2026-03-23,600036,13:36:53,38.7500,316,2
2026-03-23,600036,13:36:56,38.7400,203,2
2026-03-23,600036,13:36:59,38.7500,495,1
2026-03-23,600036,13:37:02,38.7400,200,2
2026-03-23,600036,13:37:05,38.7400,86,2
2026-03-23,600036,13:37:08,38.7400,193,1
2026-03-23,600036,13:37:11,38.7500,143,1
2026-03-23,600036,13:37:14,38.7300,108,2
2026-03-23,600036,13:37:17,38.7300,129,2
2026-03-23,600036,13:37:20,38.7300,83,2
2026-03-23,600036,13:37:23,38.7400,374,1
2026-03-23,600036,13:37:26,38.7500,73,1
2026-03-23,600036,13:37:29,38.7500,44,2
2026-03-23,600036,13:37:32,38.7500,129,1
2026-03-23,600036,13:37:35,38.7600,152,1
2026-03-23,600036,13:37:38,38.7600,40,1
2026-03-23,600036,13:37:41,38.7600,732,1
2026-03-23,600036,13:37:44,38.7500,71,2
2026-03-23,600036,13:37:47,38.7400,275,2
2026-03-23,600036,13:37:50,38.7500,1066,1
2026-03-23,600036,13:37:53,38.7400,245,2
2026-03-23,600036,13:37:56,38.7500,277,1
2026-03-23,600036,13:37:59,38.7500,68,2
2026-03-23,600036,13:38:02,38.7500,85,2
2026-03-23,600036,13:38:05,38.7500,26,1
2026-03-23,600036,13:38:08,38.7500,102,2
2026-03-23,600036,13:38:11,38.7500,74,2
2026-03-23,600036,13:38:14,38.7500,158,1
2026-03-23,600036,13:38:17,38.7500,99,2
2026-03-23,600036,13:38:20,38.7500,62,1
2026-03-23,600036,13:38:23,38.7500,176,1
2026-03-23,600036,13:38:26,38.7600,54,1
2026-03-23,600036,13:38:29,38.7600,125,1
2026-03-23,600036,13:38:32,38.7600,37,1
2026-03-23,600036,13:38:35,38.7500,33,2
2026-03-23,600036,13:38:38,38.7600,128,1
2026-03-23,600036,13:38:41,38.7500,64,2
2026-03-23,600036,13:38:44,38.7500,55,4
2026-03-23,600036,13:38:47,38.7600,94,1
2026-03-23,600036,13:38:50,38.7600,304,1
2026-03-23,600036,13:38:53,38.7600,84,2
2026-03-23,600036,13:38:56,38.7700,75,1
2026-03-23,600036,13:38:59,38.7700,71,1
2026-03-23,600036,13:39:02,38.7700,18,1
2026-03-23,600036,13:39:05,38.7600,40,2
2026-03-23,600036,13:39:08,38.7700,155,1
2026-03-23,600036,13:39:11,38.7700,136,1
2026-03-23,600036,13:39:14,38.7700,120,1
2026-03-23,600036,13:39:17,38.7600,114,2
2026-03-23,600036,13:39:20,38.7700,97,1
2026-03-23,600036,13:39:23,38.7600,20,2
2026-03-23,600036,13:39:26,38.7600,184,2
2026-03-23,600036,13:39:29,38.7700,85,1
2026-03-23,600036,13:39:32,38.7600,717,2
2026-03-23,600036,13:39:35,38.7600,151,2
2026-03-23,600036,13:39:38,38.7800,118,1
2026-03-23,600036,13:39:41,38.7700,136,2
2026-03-23,600036,13:39:44,38.7700,61,1
2026-03-23,600036,13:39:47,38.7700,40,1
2026-03-23,600036,13:39:50,38.7700,14,1
2026-03-23,600036,13:39:53,38.7800,85,1
2026-03-23,600036,13:39:56,38.7700,37,2
2026-03-23,600036,13:39:59,38.7600,444,2
2026-03-23,600036,13:40:02,38.7600,265,1
2026-03-23,600036,13:40:05,38.7600,142,1
2026-03-23,600036,13:40:08,38.7600,175,1
2026-03-23,600036,13:40:11,38.7600,60,1
2026-03-23,600036,13:40:14,38.7500,151,2
2026-03-23,600036,13:40:17,38.7300,292,2
2026-03-23,600036,13:40:20,38.7200,191,2
2026-03-23,600036,13:40:23,38.7300,19,1
2026-03-23,600036,13:40:26,38.7300,82,1
2026-03-23,600036,13:40:29,38.7300,66,1
2026-03-23,600036,13:40:32,38.7200,138,2
2026-03-23,600036,13:40:35,38.7300,371,1
2026-03-23,600036,13:40:38,38.7300,76,1
2026-03-23,600036,13:40:41,38.7200,69,2
2026-03-23,600036,13:40:44,38.7200,96,1
2026-03-23,600036,13:40:47,38.7100,700,2
2026-03-23,600036,13:40:50,38.7100,51,1
2026-03-23,600036,13:40:53,38.7100,113,1
2026-03-23,600036,13:40:56,38.7000,117,2
2026-03-23,600036,13:40:59,38.7200,695,1
2026-03-23,600036,13:41:02,38.7200,271,1
2026-03-23,600036,13:41:05,38.7200,55,2
2026-03-23,600036,13:41:08,38.7300,21,1
2026-03-23,600036,13:41:11,38.7300,228,1
2026-03-23,600036,13:41:14,38.7300,135,2
2026-03-23,600036,13:41:17,38.7200,100,2
2026-03-23,600036,13:41:20,38.7300,9,1
2026-03-23,600036,13:41:23,38.7200,232,2
2026-03-23,600036,13:41:26,38.7200,25,1
2026-03-23,600036,13:41:29,38.7200,88,1
2026-03-23,600036,13:41:32,38.7100,54,2
2026-03-23,600036,13:41:35,38.7200,171,1
2026-03-23,600036,13:41:38,38.7100,149,2
2026-03-23,600036,13:41:41,38.7200,116,1
2026-03-23,600036,13:41:44,38.7200,69,1
2026-03-23,600036,13:41:47,38.7200,19,1
2026-03-23,600036,13:41:50,38.7200,182,1
2026-03-23,600036,13:41:53,38.7200,105,1
2026-03-23,600036,13:41:56,38.7200,46,1
2026-03-23,600036,13:41:59,38.7200,155,1
2026-03-23,600036,13:42:02,38.7200,74,1
2026-03-23,600036,13:42:05,38.7300,12,1
2026-03-23,600036,13:42:08,38.7300,10,1
2026-03-23,600036,13:42:11,38.7300,4,1
2026-03-23,600036,13:42:14,38.7200,14,2
2026-03-23,600036,13:42:17,38.7200,222,2
2026-03-23,600036,13:42:20,38.7200,47,2
2026-03-23,600036,13:42:23,38.7300,29,1
2026-03-23,600036,13:42:26,38.7300,66,1
2026-03-23,600036,13:42:29,38.7300,76,1
2026-03-23,600036,13:42:32,38.7200,82,2
2026-03-23,600036,13:42:35,38.7300,148,1
2026-03-23,600036,13:42:38,38.7200,12,4
2026-03-23,600036,13:42:41,38.7200,43,1
2026-03-23,600036,13:42:44,38.7200,10,1
2026-03-23,600036,13:42:47,38.7200,17,1
2026-03-23,600036,13:42:50,38.7200,55,1
2026-03-23,600036,13:42:53,38.7200,60,1
2026-03-23,600036,13:42:56,38.7100,377,2
2026-03-23,600036,13:42:59,38.7000,43,2
2026-03-23,600036,13:43:02,38.7100,116,1
2026-03-23,600036,13:43:05,38.7000,60,2
2026-03-23,600036,13:43:08,38.7100,40,1
2026-03-23,600036,13:43:11,38.7000,91,2
2026-03-23,600036,13:43:14,38.7000,50,2
2026-03-23,600036,13:43:17,38.7000,103,2
2026-03-23,600036,13:43:20,38.7000,66,2
2026-03-23,600036,13:43:23,38.7000,117,2
2026-03-23,600036,13:43:26,38.7000,58,2
2026-03-23,600036,13:43:29,38.7000,117,2
2026-03-23,600036,13:43:32,38.6900,2502,2
2026-03-23,600036,13:43:35,38.7000,281,1
2026-03-23,600036,13:43:38,38.6900,96,2
2026-03-23,600036,13:43:41,38.7000,187,1
2026-03-23,600036,13:43:44,38.6900,95,2
2026-03-23,600036,13:43:47,38.6900,16,2
2026-03-23,600036,13:43:50,38.7000,463,1
2026-03-23,600036,13:43:53,38.7000,74,2
2026-03-23,600036,13:43:56,38.7100,116,1
2026-03-23,600036,13:43:59,38.7000,205,2
2026-03-23,600036,13:44:02,38.7200,301,1
2026-03-23,600036,13:44:05,38.7200,90,1
2026-03-23,600036,13:44:08,38.7300,52,1
2026-03-23,600036,13:44:11,38.7200,10,2
2026-03-23,600036,13:44:14,38.7300,67,1
2026-03-23,600036,13:44:17,38.7300,160,1
2026-03-23,600036,13:44:20,38.7200,70,2
2026-03-23,600036,13:44:23,38.7100,21,2
2026-03-23,600036,13:44:26,38.7200,43,1
2026-03-23,600036,13:44:29,38.7200,69,1
2026-03-23,600036,13:44:32,38.7100,90,2
2026-03-23,600036,13:44:35,38.7200,41,1
2026-03-23,600036,13:44:38,38.7200,42,1
2026-03-23,600036,13:44:41,38.7200,8,2
2026-03-23,600036,13:44:44,38.7300,22,1
2026-03-23,600036,13:44:47,38.7200,14,2
2026-03-23,600036,13:44:50,38.7200,26,2
2026-03-23,600036,13:44:53,38.7200,56,1
2026-03-23,600036,13:44:56,38.7200,3,1
2026-03-23,600036,13:44:59,38.7200,4,1
2026-03-23,600036,13:45:02,38.7200,19,1
2026-03-23,600036,13:45:05,38.7100,21,2
2026-03-23,600036,13:45:08,38.7100,47,2
2026-03-23,600036,13:45:11,38.7100,48,2
2026-03-23,600036,13:45:14,38.7200,18,1
2026-03-23,600036,13:45:17,38.7200,45,1
2026-03-23,600036,13:45:20,38.7100,48,2
2026-03-23,600036,13:45:23,38.7100,31,2
2026-03-23,600036,13:45:26,38.7100,23,2
2026-03-23,600036,13:45:29,38.7100,64,2
2026-03-23,600036,13:45:32,38.7100,188,2
2026-03-23,600036,13:45:35,38.7000,93,2
2026-03-23,600036,13:45:38,38.7000,574,2
2026-03-23,600036,13:45:41,38.7000,220,2
2026-03-23,600036,13:45:44,38.7000,68,2
2026-03-23,600036,13:45:47,38.7000,154,2
2026-03-23,600036,13:45:50,38.6900,109,2
2026-03-23,600036,13:45:53,38.6800,723,2
2026-03-23,600036,13:45:56,38.6900,203,1
2026-03-23,600036,13:45:59,38.6700,1804,2
2026-03-23,600036,13:46:02,38.6600,246,2
2026-03-23,600036,13:46:05,38.6600,61,2
2026-03-23,600036,13:46:08,38.6700,15,1
2026-03-23,600036,13:46:11,38.6700,142,1
2026-03-23,600036,13:46:14,38.6600,179,2
2026-03-23,600036,13:46:17,38.6700,245,1
2026-03-23,600036,13:46:20,38.6700,5,1
2026-03-23,600036,13:46:23,38.6700,323,1
2026-03-23,600036,13:46:26,38.6700,45,1
2026-03-23,600036,13:46:29,38.6600,139,2
2026-03-23,600036,13:46:32,38.6600,197,2
2026-03-23,600036,13:46:35,38.6700,79,4
2026-03-23,600036,13:46:38,38.6700,23,1
2026-03-23,600036,13:46:41,38.6700,189,1
2026-03-23,600036,13:46:44,38.6700,67,1
2026-03-23,600036,13:46:47,38.6700,292,1
2026-03-23,600036,13:46:50,38.6800,141,1
2026-03-23,600036,13:46:53,38.6800,71,1
2026-03-23,600036,13:46:56,38.6700,121,2
2026-03-23,600036,13:46:59,38.6800,30,1
2026-03-23,600036,13:47:02,38.6700,57,2
2026-03-23,600036,13:47:05,38.6800,280,1
2026-03-23,600036,13:47:08,38.6900,639,1
2026-03-23,600036,13:47:11,38.6800,178,2
2026-03-23,600036,13:47:14,38.6800,60,2
2026-03-23,600036,13:47:17,38.6900,56,1
2026-03-23,600036,13:47:20,38.6900,17,2
2026-03-23,600036,13:47:23,38.6800,90,2
2026-03-23,600036,13:47:26,38.6900,117,1
2026-03-23,600036,13:47:29,38.6800,59,2
2026-03-23,600036,13:47:32,38.6800,60,2
2026-03-23,600036,13:47:35,38.6900,77,1
2026-03-23,600036,13:47:38,38.6800,36,2
2026-03-23,600036,13:47:41,38.6800,49,2
2026-03-23,600036,13:47:44,38.6800,40,1
2026-03-23,600036,13:47:47,38.6800,21,1
2026-03-23,600036,13:47:50,38.6800,72,1
2026-03-23,600036,13:47:53,38.6600,828,2
2026-03-23,600036,13:47:56,38.6700,72,2
2026-03-23,600036,13:47:59,38.6700,82,4
2026-03-23,600036,13:48:02,38.6700,49,1
2026-03-23,600036,13:48:05,38.6700,240,1
2026-03-23,600036,13:48:08,38.6600,151,2
2026-03-23,600036,13:48:11,38.6500,884,2
2026-03-23,600036,13:48:14,38.6400,294,2
2026-03-23,600036,13:48:17,38.6600,201,1
2026-03-23,600036,13:48:20,38.6600,15,1
2026-03-23,600036,13:48:23,38.6600,35,1
2026-03-23,600036,13:48:26,38.6600,85,1
2026-03-23,600036,13:48:29,38.6500,113,2
2026-03-23,600036,13:48:32,38.6600,102,1
2026-03-23,600036,13:48:35,38.6500,32,2
2026-03-23,600036,13:48:38,38.6500,23,2
2026-03-23,600036,13:48:41,38.6500,42,1
2026-03-23,600036,13:48:44,38.6600,116,1
2026-03-23,600036,13:48:47,38.6500,44,4
2026-03-23,600036,13:48:50,38.6600,561,1
2026-03-23,600036,13:48:53,38.6500,98,4
2026-03-23,600036,13:48:56,38.6500,70,2
2026-03-23,600036,13:48:59,38.6500,63,2
2026-03-23,600036,13:49:02,38.6500,48,2
2026-03-23,600036,13:49:05,38.6500,44,2
2026-03-23,600036,13:49:08,38.6500,25,1
2026-03-23,600036,13:49:11,38.6500,41,1
2026-03-23,600036,13:49:14,38.6500,60,1
2026-03-23,600036,13:49:17,38.6400,70,2
2026-03-23,600036,13:49:20,38.6500,94,1
2026-03-23,600036,13:49:23,38.6500,128,1
2026-03-23,600036,13:49:26,38.6400,328,2
2026-03-23,600036,13:49:29,38.6400,181,2
2026-03-23,600036,13:49:32,38.6400,69,2
2026-03-23,600036,13:49:35,38.6500,186,1
2026-03-23,600036,13:49:38,38.6500,17,1
2026-03-23,600036,13:49:41,38.6500,159,1
2026-03-23,600036,13:49:44,38.6500,114,4
2026-03-23,600036,13:49:47,38.6600,89,1
2026-03-23,600036,13:49:50,38.6500,27,4
2026-03-23,600036,13:49:53,38.6500,71,1
2026-03-23,600036,13:49:56,38.6600,3,1
2026-03-23,600036,13:49:59,38.6500,64,2
2026-03-23,600036,13:50:02,38.6500,94,2
2026-03-23,600036,13:50:05,38.6600,128,1
2026-03-23,600036,13:50:08,38.6600,55,1
2026-03-23,600036,13:50:11,38.7000,674,1
2026-03-23,600036,13:50:14,38.7000,349,1
2026-03-23,600036,13:50:17,38.6900,80,4
2026-03-23,600036,13:50:20,38.7000,102,1
2026-03-23,600036,13:50:23,38.7000,20,1
2026-03-23,600036,13:50:26,38.6900,120,4
2026-03-23,600036,13:50:29,38.6900,98,1
2026-03-23,600036,13:50:32,38.6900,63,1
2026-03-23,600036,13:50:35,38.6900,62,2
2026-03-23,600036,13:50:38,38.6800,12,2
2026-03-23,600036,13:50:41,38.6800,28,2
2026-03-23,600036,13:50:44,38.6900,250,1
2026-03-23,600036,13:50:47,38.6900,17,2
2026-03-23,600036,13:50:50,38.6900,13,2
2026-03-23,600036,13:50:53,38.6900,152,2
2026-03-23,600036,13:50:56,38.6900,14,1
2026-03-23,600036,13:50:59,38.6900,86,1
2026-03-23,600036,13:51:02,38.6800,34,2
2026-03-23,600036,13:51:05,38.6900,27,1
2026-03-23,600036,13:51:08,38.6900,1,1
2026-03-23,600036,13:51:11,38.6900,13,1
2026-03-23,600036,13:51:14,38.6900,33,1
2026-03-23,600036,13:51:17,38.6900,62,1
2026-03-23,600036,13:51:20,38.6900,35,1
2026-03-23,600036,13:51:23,38.6900,6,1
2026-03-23,600036,13:51:26,38.6800,35,2
2026-03-23,600036,13:51:29,38.6900,31,1
2026-03-23,600036,13:51:32,38.6900,47,1
2026-03-23,600036,13:51:35,38.6800,81,2
2026-03-23,600036,13:51:38,38.6700,160,2
2026-03-23,600036,13:51:41,38.6700,102,2
2026-03-23,600036,13:51:44,38.6800,40,1
2026-03-23,600036,13:51:47,38.6800,63,1
2026-03-23,600036,13:51:50,38.6800,123,1
2026-03-23,600036,13:51:53,38.6700,229,2
2026-03-23,600036,13:51:56,38.6800,137,4
2026-03-23,600036,13:51:59,38.6800,34,1
2026-03-23,600036,13:52:02,38.6800,221,4
2026-03-23,600036,13:52:05,38.7000,114,1
2026-03-23,600036,13:52:08,38.6900,14,2
2026-03-23,600036,13:52:11,38.7000,74,1
2026-03-23,600036,13:52:14,38.7000,80,1
2026-03-23,600036,13:52:17,38.7000,67,1
2026-03-23,600036,13:52:20,38.7000,64,1
2026-03-23,600036,13:52:23,38.7000,66,1
2026-03-23,600036,13:52:26,38.7000,34,1
2026-03-23,600036,13:52:29,38.6900,91,2
2026-03-23,600036,13:52:32,38.6900,60,2
2026-03-23,600036,13:52:35,38.7000,24,1
2026-03-23,600036,13:52:38,38.6900,10,4
2026-03-23,600036,13:52:41,38.6800,67,2
2026-03-23,600036,13:52:44,38.6900,31,1
2026-03-23,600036,13:52:47,38.6800,24,2
2026-03-23,600036,13:52:50,38.6800,40,2
2026-03-23,600036,13:52:53,38.6900,339,1
2026-03-23,600036,13:52:56,38.6800,52,4
2026-03-23,600036,13:52:59,38.6800,94,1
2026-03-23,600036,13:53:02,38.6900,147,1
2026-03-23,600036,13:53:05,38.6800,35,2
2026-03-23,600036,13:53:08,38.6900,71,1
2026-03-23,600036,13:53:11,38.6900,29,1
2026-03-23,600036,13:53:14,38.6900,121,1
2026-03-23,600036,13:53:17,38.7100,436,1
2026-03-23,600036,13:53:20,38.7000,35,1
2026-03-23,600036,13:53:23,38.7200,112,1
2026-03-23,600036,13:53:26,38.7100,114,2
2026-03-23,600036,13:53:29,38.7100,28,1
2026-03-23,600036,13:53:32,38.7100,74,2
2026-03-23,600036,13:53:35,38.7300,51,1
2026-03-23,600036,13:53:38,38.7500,134,1
2026-03-23,600036,13:53:41,38.7200,55,2
2026-03-23,600036,13:53:44,38.7200,212,2
2026-03-23,600036,13:53:47,38.7200,57,2
2026-03-23,600036,13:53:50,38.7300,42,2
2026-03-23,600036,13:53:53,38.7600,87,1
2026-03-23,600036,13:53:56,38.7600,192,1
2026-03-23,600036,13:53:59,38.7600,82,2
2026-03-23,600036,13:54:02,38.7400,360,2
2026-03-23,600036,13:54:05,38.7300,247,2
2026-03-23,600036,13:54:08,38.7100,245,2
2026-03-23,600036,13:54:11,38.7300,78,1
2026-03-23,600036,13:54:14,38.7100,197,2
2026-03-23,600036,13:54:17,38.7200,403,4
2026-03-23,600036,13:54:20,38.7100,46,1
2026-03-23,600036,13:54:23,38.7000,230,2
2026-03-23,600036,13:54:26,38.6900,28,2
2026-03-23,600036,13:54:29,38.6900,71,1
2026-03-23,600036,13:54:32,38.7000,242,1
2026-03-23,600036,13:54:35,38.7100,67,1
2026-03-23,600036,13:54:38,38.7100,273,2
2026-03-23,600036,13:54:41,38.7000,42,1
2026-03-23,600036,13:54:44,38.7200,40,1
2026-03-23,600036,13:54:47,38.7200,113,1
2026-03-23,600036,13:54:50,38.7200,55,4
2026-03-23,600036,13:54:53,38.7200,7,2
2026-03-23,600036,13:54:56,38.7100,81,2
2026-03-23,600036,13:54:59,38.7000,508,2
2026-03-23,600036,13:55:02,38.7100,752,1
2026-03-23,600036,13:55:05,38.7200,55,1
2026-03-23,600036,13:55:08,38.7100,13,1
2026-03-23,600036,13:55:11,38.7100,30,1
2026-03-23,600036,13:55:14,38.7100,44,1
2026-03-23,600036,13:55:17,38.7100,29,4
2026-03-23,600036,13:55:20,38.7100,38,1
2026-03-23,600036,13:55:23,38.7000,44,2
2026-03-23,600036,13:55:26,38.7100,41,1
2026-03-23,600036,13:55:29,38.7100,19,1
2026-03-23,600036,13:55:32,38.7100,20,1
2026-03-23,600036,13:55:35,38.7100,73,1
2026-03-23,600036,13:55:38,38.7000,184,2
2026-03-23,600036,13:55:41,38.7100,438,1
2026-03-23,600036,13:55:44,38.7200,64,4
2026-03-23,600036,13:55:47,38.7300,26,1
2026-03-23,600036,13:55:50,38.7200,154,2
2026-03-23,600036,13:55:53,38.7300,55,2
2026-03-23,600036,13:55:56,38.7300,249,2
2026-03-23,600036,13:55:59,38.7500,198,1
2026-03-23,600036,13:56:02,38.7500,70,1
2026-03-23,600036,13:56:05,38.7500,139,1
2026-03-23,600036,13:56:08,38.7300,247,2
2026-03-23,600036,13:56:11,38.7400,126,2
2026-03-23,600036,13:56:14,38.7300,118,2
2026-03-23,600036,13:56:17,38.7700,683,1
2026-03-23,600036,13:56:20,38.7600,711,2
2026-03-23,600036,13:56:23,38.7600,35,2
2026-03-23,600036,13:56:26,38.7800,46,1
2026-03-23,600036,13:56:29,38.7700,25,2
2026-03-23,600036,13:56:32,38.7800,94,1
2026-03-23,600036,13:56:35,38.7700,154,2
2026-03-23,600036,13:56:38,38.7800,105,1
2026-03-23,600036,13:56:41,38.7800,60,1
2026-03-23,600036,13:56:44,38.7700,71,2
2026-03-23,600036,13:56:47,38.7800,24,1
2026-03-23,600036,13:56:50,38.7800,55,1
2026-03-23,600036,13:56:53,38.7700,228,2
2026-03-23,600036,13:56:56,38.7800,2467,1
2026-03-23,600036,13:56:59,38.7500,459,2
2026-03-23,600036,13:57:02,38.7800,117,1
2026-03-23,600036,13:57:05,38.7700,41,4
2026-03-23,600036,13:57:08,38.7800,35,1
2026-03-23,600036,13:57:11,38.7800,25,1
2026-03-23,600036,13:57:14,38.7800,100,2
2026-03-23,600036,13:57:17,38.7800,301,2
2026-03-23,600036,13:57:20,38.7800,15,1
2026-03-23,600036,13:57:23,38.7900,97,1
2026-03-23,600036,13:57:26,38.7800,128,2
2026-03-23,600036,13:57:29,38.7800,65,1
2026-03-23,600036,13:57:32,38.7900,59,1
2026-03-23,600036,13:57:35,38.8000,192,1
2026-03-23,600036,13:57:38,38.7900,36,2
2026-03-23,600036,13:57:41,38.7900,28,2
2026-03-23,600036,13:57:44,38.8000,21,1
2026-03-23,600036,13:57:47,38.8000,194,1
2026-03-23,600036,13:57:50,38.8000,91,1
2026-03-23,600036,13:57:53,38.7900,386,2
2026-03-23,600036,13:57:56,38.7800,661,2
2026-03-23,600036,13:57:59,38.7700,31,4
2026-03-23,600036,13:58:02,38.7800,109,1
2026-03-23,600036,13:58:05,38.8000,928,1
2026-03-23,600036,13:58:08,38.8000,314,2
2026-03-23,600036,13:58:11,38.8000,29,1
2026-03-23,600036,13:58:14,38.8000,9,1
2026-03-23,600036,13:58:17,38.7900,110,2
2026-03-23,600036,13:58:20,38.7800,36,2
2026-03-23,600036,13:58:23,38.7900,15,1
2026-03-23,600036,13:58:26,38.7800,125,2
2026-03-23,600036,13:58:29,38.7900,20,2
2026-03-23,600036,13:58:32,38.7900,31,2
2026-03-23,600036,13:58:35,38.8000,115,4
2026-03-23,600036,13:58:38,38.7800,193,2
2026-03-23,600036,13:58:41,38.7800,59,1
2026-03-23,600036,13:58:44,38.7800,48,2
2026-03-23,600036,13:58:47,38.8000,49,1
2026-03-23,600036,13:58:50,38.8000,34,1
2026-03-23,600036,13:58:53,38.8000,33,1
2026-03-23,600036,13:58:56,38.7900,52,2
2026-03-23,600036,13:58:59,38.8000,487,1
2026-03-23,600036,13:59:02,38.7800,1529,2
2026-03-23,600036,13:59:05,38.7700,53,4
2026-03-23,600036,13:59:08,38.7900,547,1
2026-03-23,600036,13:59:11,38.7900,428,2
2026-03-23,600036,13:59:14,38.7700,308,2
2026-03-23,600036,13:59:17,38.7700,169,1
2026-03-23,600036,13:59:20,38.7700,116,1
2026-03-23,600036,13:59:23,38.7600,66,2
2026-03-23,600036,13:59:26,38.7600,81,2
2026-03-23,600036,13:59:29,38.7600,20,1
2026-03-23,600036,13:59:32,38.7700,48,1
2026-03-23,600036,13:59:35,38.7600,51,4
2026-03-23,600036,13:59:38,38.7600,21,1
2026-03-23,600036,13:59:41,38.7500,32,2
2026-03-23,600036,13:59:44,38.7600,188,1
2026-03-23,600036,13:59:47,38.7600,11,1
2026-03-23,600036,13:59:50,38.7500,297,2
2026-03-23,600036,13:59:53,38.7500,59,1
2026-03-23,600036,13:59:56,38.7400,182,4
2026-03-23,600036,13:59:59,38.7300,65,4
2026-03-23,600036,14:00:02,38.7300,154,1
2026-03-23,600036,14:00:05,38.7100,252,2
2026-03-23,600036,14:00:08,38.7000,776,2
2026-03-23,600036,14:00:11,38.7100,39,4
2026-03-23,600036,14:00:14,38.6900,251,2
2026-03-23,600036,14:00:17,38.6900,67,2
2026-03-23,600036,14:00:20,38.6800,324,2
2026-03-23,600036,14:00:23,38.6900,327,1
2026-03-23,600036,14:00:26,38.6800,67,2
2026-03-23,600036,14:00:29,38.6800,10,1
2026-03-23,600036,14:00:32,38.6800,130,1
2026-03-23,600036,14:00:35,38.6900,764,1
2026-03-23,600036,14:00:38,38.7000,13,4
2026-03-23,600036,14:00:41,38.7100,50,1
2026-03-23,600036,14:00:44,38.7100,34,1
2026-03-23,600036,14:00:47,38.7100,91,1
2026-03-23,600036,14:00:50,38.7000,112,2
2026-03-23,600036,14:00:53,38.7000,91,1
2026-03-23,600036,14:00:56,38.6800,67,2
2026-03-23,600036,14:00:59,38.6900,74,1
2026-03-23,600036,14:01:02,38.6900,95,1
2026-03-23,600036,14:01:05,38.6800,76,2
2026-03-23,600036,14:01:08,38.6900,118,1
2026-03-23,600036,14:01:11,38.6800,233,2
2026-03-23,600036,14:01:14,38.6800,73,2
2026-03-23,600036,14:01:17,38.6900,125,1
2026-03-23,600036,14:01:20,38.6800,223,2
2026-03-23,600036,14:01:23,38.6800,13,2
2026-03-23,600036,14:01:26,38.6800,201,2
2026-03-23,600036,14:01:29,38.6900,94,1
2026-03-23,600036,14:01:32,38.6900,50,1
2026-03-23,600036,14:01:35,38.6900,32,1
2026-03-23,600036,14:01:38,38.6800,66,2
2026-03-23,600036,14:01:41,38.6800,380,2
2026-03-23,600036,14:01:44,38.6800,51,2
2026-03-23,600036,14:01:47,38.6700,64,2
2026-03-23,600036,14:01:50,38.6700,108,2
2026-03-23,600036,14:01:53,38.6600,532,2
2026-03-23,600036,14:01:56,38.6600,91,2
2026-03-23,600036,14:01:59,38.6600,274,2
2026-03-23,600036,14:02:02,38.6500,459,2
2026-03-23,600036,14:02:05,38.6500,627,2
2026-03-23,600036,14:02:08,38.6400,467,2
2026-03-23,600036,14:02:11,38.6300,242,2
2026-03-23,600036,14:02:14,38.6300,677,2
2026-03-23,600036,14:02:17,38.6400,68,1
2026-03-23,600036,14:02:20,38.6300,58,4
2026-03-23,600036,14:02:23,38.6300,94,1
2026-03-23,600036,14:02:26,38.6300,109,1
2026-03-23,600036,14:02:29,38.6500,790,1
2026-03-23,600036,14:02:32,38.6500,208,2
2026-03-23,600036,14:02:35,38.6600,72,1
2026-03-23,600036,14:02:38,38.6600,51,1
2026-03-23,600036,14:02:41,38.6500,17,2
2026-03-23,600036,14:02:44,38.6500,45,2
2026-03-23,600036,14:02:47,38.6600,61,1
2026-03-23,600036,14:02:50,38.6500,25,2
2026-03-23,600036,14:02:53,38.6700,399,1
2026-03-23,600036,14:02:56,38.6700,35,1
2026-03-23,600036,14:02:59,38.6700,122,1
2026-03-23,600036,14:03:02,38.6800,85,1
2026-03-23,600036,14:03:05,38.6700,14,2
2026-03-23,600036,14:03:08,38.6800,50,1
2026-03-23,600036,14:03:11,38.6800,17,1
2026-03-23,600036,14:03:14,38.6800,13,1
2026-03-23,600036,14:03:17,38.6700,143,2
2026-03-23,600036,14:03:20,38.6700,91,2
2026-03-23,600036,14:03:23,38.6700,122,2
2026-03-23,600036,14:03:26,38.6800,150,1
2026-03-23,600036,14:03:29,38.6700,57,2
2026-03-23,600036,14:03:32,38.6600,342,2
2026-03-23,600036,14:03:35,38.6600,199,2
2026-03-23,600036,14:03:38,38.6600,143,2
2026-03-23,600036,14:03:41,38.6500,285,2
2026-03-23,600036,14:03:44,38.6500,67,1
2026-03-23,600036,14:03:47,38.6500,155,1
2026-03-23,600036,14:03:50,38.6400,33,2
2026-03-23,600036,14:03:53,38.6500,81,1
2026-03-23,600036,14:03:56,38.6500,49,1
2026-03-23,600036,14:03:59,38.6400,28,2
2026-03-23,600036,14:04:02,38.6500,47,1
2026-03-23,600036,14:04:05,38.6500,52,1
2026-03-23,600036,14:04:08,38.6400,26,2
2026-03-23,600036,14:04:11,38.6500,112,1
2026-03-23,600036,14:04:14,38.6400,175,2
2026-03-23,600036,14:04:17,38.6300,191,2
2026-03-23,600036,14:04:20,38.6300,24,2
2026-03-23,600036,14:04:23,38.6400,34,1
2026-03-23,600036,14:04:26,38.6400,40,1
2026-03-23,600036,14:04:29,38.6400,285,1
2026-03-23,600036,14:04:32,38.6300,37,2
2026-03-23,600036,14:04:35,38.6500,68,1
2026-03-23,600036,14:04:38,38.6500,126,1
2026-03-23,600036,14:04:41,38.6400,59,4
2026-03-23,600036,14:04:44,38.6400,66,1
2026-03-23,600036,14:04:47,38.6400,82,1
2026-03-23,600036,14:04:50,38.6500,65,1
2026-03-23,600036,14:04:53,38.6300,162,2
2026-03-23,600036,14:04:56,38.6400,34,1
2026-03-23,600036,14:04:59,38.6400,90,1
2026-03-23,600036,14:05:02,38.6300,192,2
2026-03-23,600036,14:05:05,38.6500,43,1
2026-03-23,600036,14:05:08,38.6300,119,2
2026-03-23,600036,14:05:11,38.6500,319,1
2026-03-23,600036,14:05:14,38.6400,99,2
2026-03-23,600036,14:05:17,38.6300,94,2
2026-03-23,600036,14:05:20,38.6400,20,1
2026-03-23,600036,14:05:23,38.6500,185,1
2026-03-23,600036,14:05:26,38.6500,275,1
2026-03-23,600036,14:05:29,38.6400,191,2
2026-03-23,600036,14:05:32,38.6400,23,2
2026-03-23,600036,14:05:35,38.6400,74,1
2026-03-23,600036,14:05:38,38.6400,169,1
2026-03-23,600036,14:05:41,38.6400,198,1
2026-03-23,600036,14:05:44,38.6400,52,1
2026-03-23,600036,14:05:47,38.6400,11,1
2026-03-23,600036,14:05:50,38.6400,71,1
2026-03-23,600036,14:05:53,38.6400,119,1
2026-03-23,600036,14:05:56,38.6300,402,2
2026-03-23,600036,14:05:59,38.6200,4,2
2026-03-23,600036,14:06:02,38.6200,115,2
2026-03-23,600036,14:06:05,38.6300,752,1
2026-03-23,600036,14:06:08,38.6200,193,2
2026-03-23,600036,14:06:11,38.6300,562,1
2026-03-23,600036,14:06:14,38.6200,114,2
2026-03-23,600036,14:06:17,38.6200,183,2
2026-03-23,600036,14:06:20,38.6200,144,2
2026-03-23,600036,14:06:23,38.6100,75,2
2026-03-23,600036,14:06:26,38.6200,222,1
2026-03-23,600036,14:06:29,38.6200,44,1
2026-03-23,600036,14:06:32,38.6100,40,2
2026-03-23,600036,14:06:35,38.6100,114,2
2026-03-23,600036,14:06:38,38.6200,94,1
2026-03-23,600036,14:06:41,38.6200,73,1
2026-03-23,600036,14:06:44,38.6200,85,1
2026-03-23,600036,14:06:47,38.6300,641,1
2026-03-23,600036,14:06:50,38.6300,1537,1
2026-03-23,600036,14:06:53,38.6200,217,2
2026-03-23,600036,14:06:56,38.6200,391,2
2026-03-23,600036,14:06:59,38.6200,174,2
2026-03-23,600036,14:07:02,38.6200,97,2
2026-03-23,600036,14:07:05,38.6200,137,2
2026-03-23,600036,10:57:05,38.8900,48,2
2026-03-23,600036,10:57:08,38.8900,14,2
2026-03-23,600036,10:57:11,38.8900,39,1
2026-03-23,600036,10:57:14,38.8900,128,4
2026-03-23,600036,10:57:17,38.8900,69,1
2026-03-23,600036,10:57:20,38.8800,208,2
2026-03-23,600036,10:57:23,38.8900,157,1
2026-03-23,600036,10:57:26,38.9000,57,1
2026-03-23,600036,10:57:29,38.9000,78,1
2026-03-23,600036,10:57:32,38.8900,238,2
2026-03-23,600036,10:57:35,38.8900,26,2
2026-03-23,600036,10:57:38,38.8900,34,2
2026-03-23,600036,10:57:41,38.9000,52,1
2026-03-23,600036,10:57:44,38.8900,58,2
2026-03-23,600036,10:57:47,38.9000,10,1
2026-03-23,600036,10:57:50,38.8900,88,2
2026-03-23,600036,10:57:53,38.9000,288,1
2026-03-23,600036,10:57:56,38.8800,197,2
2026-03-23,600036,10:57:59,38.8900,62,1
2026-03-23,600036,10:58:02,38.8900,109,1
2026-03-23,600036,10:58:05,38.8900,150,1
2026-03-23,600036,10:58:08,38.8900,30,1
2026-03-23,600036,10:58:11,38.8900,45,1
2026-03-23,600036,10:58:14,38.8900,18,1
2026-03-23,600036,10:58:17,38.8800,159,2
2026-03-23,600036,10:58:20,38.8800,131,1
2026-03-23,600036,10:58:23,38.8900,98,1
2026-03-23,600036,10:58:26,38.8900,123,1
2026-03-23,600036,10:58:29,38.8900,34,1
2026-03-23,600036,10:58:32,38.8900,84,1
2026-03-23,600036,10:58:35,38.8900,49,1
2026-03-23,600036,10:58:38,38.8900,50,1
2026-03-23,600036,10:58:41,38.8800,20,2
2026-03-23,600036,10:58:44,38.8800,544,2
2026-03-23,600036,10:58:47,38.8800,63,2
2026-03-23,600036,10:58:50,38.8800,13,1
2026-03-23,600036,10:58:53,38.8800,10,1
2026-03-23,600036,10:58:56,38.8800,32,1
2026-03-23,600036,10:58:59,38.8800,184,1
2026-03-23,600036,10:59:02,38.8800,55,2
2026-03-23,600036,10:59:05,38.8800,43,2
2026-03-23,600036,10:59:08,38.8900,22,1
2026-03-23,600036,10:59:11,38.8700,78,2
2026-03-23,600036,10:59:14,38.8800,113,1
2026-03-23,600036,10:59:17,38.8800,33,1
2026-03-23,600036,10:59:20,38.8800,30,1
2026-03-23,600036,10:59:23,38.8900,81,1
2026-03-23,600036,10:59:26,38.8800,51,2
2026-03-23,600036,10:59:29,38.8800,16,1
2026-03-23,600036,10:59:32,38.8800,50,1
2026-03-23,600036,10:59:35,38.8800,83,1
2026-03-23,600036,10:59:38,38.8800,2,2
2026-03-23,600036,10:59:41,38.8800,13,2
2026-03-23,600036,10:59:44,38.8900,86,1
2026-03-23,600036,10:59:50,38.8900,29,1
2026-03-23,600036,10:59:53,38.8900,29,1
2026-03-23,600036,10:59:56,38.8800,18,2
2026-03-23,600036,10:59:59,38.8900,2,1
2026-03-23,600036,11:00:02,38.8800,48,2
2026-03-23,600036,11:00:05,38.8800,628,2
2026-03-23,600036,11:00:08,38.8900,264,1
2026-03-23,600036,11:00:11,38.8800,109,2
2026-03-23,600036,11:00:14,38.8900,17,4
2026-03-23,600036,11:00:17,38.8900,35,2
2026-03-23,600036,11:00:20,38.8800,347,2
2026-03-23,600036,11:00:23,38.8900,22,1
2026-03-23,600036,11:00:26,38.8800,41,2
2026-03-23,600036,11:00:29,38.8900,28,1
2026-03-23,600036,11:00:32,38.8900,37,1
2026-03-23,600036,11:00:35,38.8800,818,2
2026-03-23,600036,11:00:38,38.8700,578,2
2026-03-23,600036,11:00:41,38.8800,77,1
2026-03-23,600036,11:00:44,38.8600,161,2
2026-03-23,600036,11:00:47,38.8600,63,2
2026-03-23,600036,11:00:50,38.8700,34,2
2026-03-23,600036,11:00:53,38.8800,130,1
2026-03-23,600036,11:00:56,38.8900,371,1
2026-03-23,600036,11:00:59,38.8900,176,2
2026-03-23,600036,11:01:02,38.8900,24,2
2026-03-23,600036,11:01:05,38.8900,95,2
2026-03-23,600036,11:01:08,38.9000,94,1
2026-03-23,600036,11:01:11,38.9000,31,1
2026-03-23,600036,11:01:14,38.8900,22,4
2026-03-23,600036,11:01:17,38.9000,50,1
2026-03-23,600036,11:01:20,38.9000,145,1
2026-03-23,600036,11:01:23,38.9000,58,1
2026-03-23,600036,11:01:26,38.9000,25,1
2026-03-23,600036,11:01:29,38.9000,4,1
2026-03-23,600036,11:01:32,38.9000,41,1
2026-03-23,600036,11:01:35,38.9000,232,1
2026-03-23,600036,11:01:38,38.8900,21,4
2026-03-23,600036,11:01:41,38.9000,64,1
2026-03-23,600036,11:01:44,38.9000,26,1
2026-03-23,600036,11:01:47,38.9000,20,1
2026-03-23,600036,11:01:50,38.9000,32,1
2026-03-23,600036,11:01:53,38.9000,18,1
2026-03-23,600036,11:01:56,38.8900,15,1
2026-03-23,600036,11:01:59,38.9000,75,1
2026-03-23,600036,11:02:02,38.9000,83,1
2026-03-23,600036,11:02:05,38.9000,24,1
2026-03-23,600036,11:02:08,38.9000,26,1
2026-03-23,600036,11:02:11,38.9000,26,1
2026-03-23,600036,11:02:14,38.9100,24,1
2026-03-23,600036,11:02:17,38.9100,77,1
2026-03-23,600036,11:02:20,38.9100,69,1
2026-03-23,600036,11:02:23,38.9100,83,1
2026-03-23,600036,11:02:26,38.9000,197,2
2026-03-23,600036,11:02:29,38.9200,69,1
2026-03-23,600036,11:02:32,38.9100,79,2
2026-03-23,600036,11:02:35,38.9200,38,1
2026-03-23,600036,11:02:38,38.9200,94,1
2026-03-23,600036,11:02:41,38.9200,81,1
2026-03-23,600036,11:02:44,38.9100,174,2
2026-03-23,600036,11:02:47,38.9200,39,1
2026-03-23,600036,11:02:50,38.9300,77,1
2026-03-23,600036,11:02:53,38.9300,29,1
2026-03-23,600036,11:02:56,38.9400,212,1
2026-03-23,600036,11:02:59,38.9400,64,1
2026-03-23,600036,11:03:02,38.9600,177,1
2026-03-23,600036,11:03:05,38.9600,156,1
2026-03-23,600036,11:03:08,38.9700,50,4
2026-03-23,600036,11:03:11,38.9700,144,1
2026-03-23,600036,11:03:14,38.9600,120,2
2026-03-23,600036,11:03:17,38.9600,261,2
2026-03-23,600036,11:03:20,38.9400,76,2
2026-03-23,600036,11:03:23,38.9500,64,1
2026-03-23,600036,11:03:26,38.9600,14,1
2026-03-23,600036,11:03:29,38.9500,251,2
2026-03-23,600036,11:03:32,38.9700,27,1
2026-03-23,600036,11:03:35,38.9700,53,1
2026-03-23,600036,11:03:38,38.9700,78,1
2026-03-23,600036,11:03:41,38.9800,208,1
2026-03-23,600036,11:03:44,38.9800,63,1
2026-03-23,600036,11:03:47,38.9700,78,2
2026-03-23,600036,11:03:50,38.9700,23,2
2026-03-23,600036,11:03:53,38.9700,132,1
2026-03-23,600036,11:03:56,38.9700,39,1
2026-03-23,600036,11:03:59,38.9800,163,1
2026-03-23,600036,11:04:02,38.9700,86,2
2026-03-23,600036,11:04:05,38.9600,121,4
2026-03-23,600036,11:04:08,38.9500,6,2
2026-03-23,600036,11:04:11,38.9600,27,1
2026-03-23,600036,11:04:14,38.9600,117,1
2026-03-23,600036,11:04:17,38.9600,25,1
2026-03-23,600036,11:04:20,38.9500,85,2
2026-03-23,600036,11:04:23,38.9600,56,4
2026-03-23,600036,11:04:26,38.9700,63,1
2026-03-23,600036,11:04:29,38.9600,24,1
2026-03-23,600036,11:04:32,38.9600,123,2
2026-03-23,600036,11:04:35,38.9600,53,1
2026-03-23,600036,11:04:38,38.9600,67,2
2026-03-23,600036,11:04:41,38.9600,17,1
2026-03-23,600036,11:04:44,38.9600,323,1
2026-03-23,600036,11:04:47,38.9700,10,1
2026-03-23,600036,11:04:50,38.9600,182,2
2026-03-23,600036,11:04:53,38.9500,672,2
2026-03-23,600036,11:04:56,38.9500,8,1
2026-03-23,600036,11:04:59,38.9500,152,1
2026-03-23,600036,11:05:02,38.9600,97,1
2026-03-23,600036,11:05:08,38.9600,33,1
2026-03-23,600036,11:05:11,38.9600,3,1
2026-03-23,600036,11:05:14,38.9400,150,2
2026-03-23,600036,11:05:17,38.9500,28,1
2026-03-23,600036,11:05:20,38.9600,18,1
2026-03-23,600036,11:05:23,38.9500,112,2
2026-03-23,600036,11:05:26,38.9500,34,2
2026-03-23,600036,11:05:29,38.9600,28,1
2026-03-23,600036,11:05:32,38.9500,13,4
2026-03-23,600036,11:05:35,38.9500,440,2
2026-03-23,600036,11:05:38,38.9500,26,1
2026-03-23,600036,11:05:41,38.9500,20,2
2026-03-23,600036,11:05:44,38.9500,29,1
2026-03-23,600036,11:05:47,38.9500,39,2
2026-03-23,600036,11:05:50,38.9400,11,2
2026-03-23,600036,11:05:53,38.9400,97,2
2026-03-23,600036,11:05:56,38.9400,49,2
2026-03-23,600036,11:05:59,38.9300,144,2
2026-03-23,600036,11:06:02,38.9400,68,1
2026-03-23,600036,11:06:05,38.9400,10,1
2026-03-23,600036,11:06:08,38.9400,102,1
2026-03-23,600036,11:06:11,38.9300,17,1
2026-03-23,600036,11:06:14,38.9300,11,4
2026-03-23,600036,11:06:17,38.9200,78,2
2026-03-23,600036,11:06:20,38.9200,73,1
2026-03-23,600036,11:06:23,38.9100,70,2
2026-03-23,600036,11:06:26,38.9100,20,2
2026-03-23,600036,11:06:29,38.9100,12,2
2026-03-23,600036,11:06:32,38.9100,300,2
2026-03-23,600036,11:06:35,38.9000,27,2
2026-03-23,600036,11:06:38,38.9200,427,1
2026-03-23,600036,11:06:41,38.9300,30,1
2026-03-23,600036,11:06:44,38.9200,62,2
2026-03-23,600036,11:06:47,38.9300,17,1
2026-03-23,600036,11:06:50,38.9300,9,1
2026-03-23,600036,11:06:53,38.9300,3,1
2026-03-23,600036,11:06:56,38.9300,31,1
2026-03-23,600036,11:06:59,38.9300,30,1
2026-03-23,600036,11:07:02,38.9200,48,2
2026-03-23,600036,11:07:05,38.9200,36,2
2026-03-23,600036,11:07:08,38.9300,21,1
2026-03-23,600036,11:07:11,38.9200,104,2
2026-03-23,600036,11:07:14,38.9200,27,1
2026-03-23,600036,11:07:17,38.9200,33,1
2026-03-23,600036,11:07:20,38.9200,10,1
2026-03-23,600036,11:07:23,38.9100,113,2
2026-03-23,600036,11:07:26,38.9100,2307,1
2026-03-23,600036,11:07:29,38.9100,121,1
2026-03-23,600036,11:07:32,38.9100,24,1
2026-03-23,600036,11:07:35,38.9200,23,1
2026-03-23,600036,11:07:38,38.9100,53,2
2026-03-23,600036,11:07:41,38.9000,24,2
2026-03-23,600036,11:07:44,38.9100,9,1
2026-03-23,600036,11:07:47,38.9100,30,1
2026-03-23,600036,11:07:50,38.9100,36,1
2026-03-23,600036,11:07:53,38.9100,142,1
2026-03-23,600036,11:07:56,38.9000,32,2
2026-03-23,600036,11:07:59,38.9100,89,1
2026-03-23,600036,11:08:02,38.9100,143,1
2026-03-23,600036,11:08:05,38.9100,38,1
2026-03-23,600036,11:08:08,38.9000,26,2
2026-03-23,600036,11:08:11,38.9100,72,1
2026-03-23,600036,11:08:14,38.9100,59,1
2026-03-23,600036,11:08:17,38.9100,25,1
2026-03-23,600036,11:08:20,38.9000,181,2
2026-03-23,600036,11:08:23,38.9100,14,1
2026-03-23,600036,11:08:26,38.9100,45,1
2026-03-23,600036,11:08:29,38.9100,16,1
2026-03-23,600036,11:08:32,38.9100,169,1
2026-03-23,600036,11:08:35,38.9100,52,1
2026-03-23,600036,11:08:38,38.9100,46,2
2026-03-23,600036,11:08:41,38.9000,87,2
2026-03-23,600036,11:08:44,38.9100,96,4
2026-03-23,600036,11:08:47,38.9200,15,1
2026-03-23,600036,11:08:50,38.9100,25,2
2026-03-23,600036,11:08:53,38.9200,7,1
2026-03-23,600036,11:08:56,38.9200,57,1
2026-03-23,600036,11:08:59,38.9200,59,1
2026-03-23,600036,11:09:02,38.9200,51,1
2026-03-23,600036,11:09:05,38.9200,92,1
2026-03-23,600036,11:09:08,38.9200,19,1
2026-03-23,600036,11:09:11,38.9200,29,1
2026-03-23,600036,11:09:14,38.9200,86,1
2026-03-23,600036,11:09:17,38.9200,107,1
2026-03-23,600036,11:09:20,38.9300,47,1
2026-03-23,600036,11:09:23,38.9200,41,2
2026-03-23,600036,11:09:26,38.9300,95,1
2026-03-23,600036,11:09:29,38.9300,48,1
2026-03-23,600036,11:09:32,38.9300,16,4
2026-03-23,600036,11:09:35,38.9300,30,1
2026-03-23,600036,11:09:38,38.9300,11,4
2026-03-23,600036,11:09:41,38.9300,68,2
2026-03-23,600036,11:09:44,38.9300,22,1
2026-03-23,600036,11:09:47,38.9400,28,1
2026-03-23,600036,11:09:50,38.9300,24,1
2026-03-23,600036,11:09:53,38.9300,91,1
2026-03-23,600036,11:09:56,38.9200,17,1
2026-03-23,600036,11:09:59,38.9100,18,2
2026-03-23,600036,11:10:02,38.9100,10,2
2026-03-23,600036,11:10:05,38.9100,272,2
2026-03-23,600036,11:10:08,38.9100,82,1
2026-03-23,600036,11:10:11,38.9100,144,1
2026-03-23,600036,11:10:14,38.9100,98,1
2026-03-23,600036,11:10:17,38.9200,54,1
2026-03-23,600036,11:10:20,38.9100,32,2
2026-03-23,600036,11:10:23,38.9100,30,2
2026-03-23,600036,11:10:26,38.9200,23,1
2026-03-23,600036,11:10:29,38.9100,15,2
2026-03-23,600036,11:10:32,38.9100,15,2
2026-03-23,600036,11:10:35,38.9100,173,2
2026-03-23,600036,11:10:38,38.9100,17,1
2026-03-23,600036,11:10:41,38.9100,83,1
2026-03-23,600036,11:10:44,38.9100,28,1
2026-03-23,600036,11:10:47,38.9000,81,2
2026-03-23,600036,11:10:50,38.8800,2451,2
2026-03-23,600036,11:10:53,38.9000,635,1
2026-03-23,600036,11:10:56,38.9000,114,2
2026-03-23,600036,11:10:59,38.9100,88,1
2026-03-23,600036,11:11:02,38.9100,77,1
2026-03-23,600036,11:11:05,38.9100,46,2
2026-03-23,600036,11:11:08,38.9100,99,2
2026-03-23,600036,11:11:11,38.9200,43,1
2026-03-23,600036,11:11:14,38.9100,39,2
2026-03-23,600036,11:11:17,38.9200,66,1
2026-03-23,600036,11:11:20,38.9200,27,1
2026-03-23,600036,11:11:23,38.9100,39,2
2026-03-23,600036,11:11:26,38.9200,54,1
2026-03-23,600036,11:11:29,38.9200,2,1
2026-03-23,600036,11:11:32,38.9100,23,1
2026-03-23,600036,11:11:35,38.9200,167,1
2026-03-23,600036,11:11:38,38.9300,47,1
2026-03-23,600036,11:11:41,38.9200,24,2
2026-03-23,600036,11:11:44,38.9300,30,1
2026-03-23,600036,11:11:47,38.9300,33,1
2026-03-23,600036,11:11:50,38.9300,31,1
2026-03-23,600036,11:11:53,38.9300,28,1
2026-03-23,600036,11:11:56,38.9400,35,1
2026-03-23,600036,11:11:59,38.9400,11,1
2026-03-23,600036,11:12:02,38.9300,49,1
2026-03-23,600036,11:12:05,38.9300,55,1
2026-03-23,600036,11:12:08,38.9300,189,2
2026-03-23,600036,11:12:11,38.9200,15,2
2026-03-23,600036,11:12:14,38.9200,37,2
2026-03-23,600036,11:12:17,38.9200,30,2
2026-03-23,600036,11:12:20,38.9300,48,1
2026-03-23,600036,11:12:23,38.9200,36,4
2026-03-23,600036,11:12:26,38.9200,82,1
2026-03-23,600036,11:12:29,38.9300,136,1
2026-03-23,600036,11:12:32,38.9200,7,2
2026-03-23,600036,11:12:35,38.9200,124,2
2026-03-23,600036,11:12:38,38.9200,1,4
2026-03-23,600036,11:12:41,38.9200,60,1
2026-03-23,600036,11:12:44,38.9200,23,1
2026-03-23,600036,11:12:47,38.9300,38,1
2026-03-23,600036,11:12:50,38.9100,69,2
2026-03-23,600036,11:12:53,38.9100,13,1
2026-03-23,600036,11:12:56,38.9100,54,1
2026-03-23,600036,11:12:59,38.9100,39,1
2026-03-23,600036,11:13:02,38.9100,48,1
2026-03-23,600036,11:13:05,38.9200,108,1
2026-03-23,600036,11:13:08,38.9200,31,1
2026-03-23,600036,11:13:11,38.9200,40,1
2026-03-23,600036,11:13:14,38.9200,19,1
2026-03-23,600036,11:13:17,38.9200,25,1
2026-03-23,600036,11:13:20,38.9200,11,1
2026-03-23,600036,11:13:23,38.9200,106,1
2026-03-23,600036,11:13:26,38.9200,57,4
2026-03-23,600036,11:13:29,38.9100,31,2
2026-03-23,600036,11:13:32,38.9100,16,2
2026-03-23,600036,11:13:35,38.9000,333,2
2026-03-23,600036,11:13:38,38.9100,114,1
2026-03-23,600036,11:13:41,38.9100,159,1
2026-03-23,600036,11:13:44,38.9000,68,2
2026-03-23,600036,11:13:47,38.9000,118,2
2026-03-23,600036,11:13:50,38.9300,68,1
2026-03-23,600036,11:13:53,38.9200,83,1
2026-03-23,600036,11:13:56,38.9200,37,1
2026-03-23,600036,11:13:59,38.9100,34,2
2026-03-23,600036,11:14:02,38.9100,28,1
2026-03-23,600036,11:14:05,38.9000,328,2
2026-03-23,600036,11:14:08,38.9000,106,1
2026-03-23,600036,11:14:11,38.9000,77,1
2026-03-23,600036,11:14:14,38.9000,49,1
2026-03-23,600036,11:14:17,38.9000,40,1
2026-03-23,600036,11:14:20,38.9000,48,1
2026-03-23,600036,11:14:23,38.8800,176,2
2026-03-23,600036,11:14:26,38.8900,30,1
2026-03-23,600036,11:14:29,38.8900,30,1
2026-03-23,600036,11:14:32,38.8900,31,1
2026-03-23,600036,11:14:35,38.8900,65,1
2026-03-23,600036,11:14:38,38.8900,15,1
2026-03-23,600036,11:14:41,38.8900,60,1
2026-03-23,600036,11:14:44,38.8900,54,1
2026-03-23,600036,11:14:47,38.8900,47,2
2026-03-23,600036,11:14:50,38.8800,50,2
2026-03-23,600036,11:14:53,38.8900,99,1
2026-03-23,600036,11:14:56,38.8900,32,1
2026-03-23,600036,11:14:59,38.8800,26,2
2026-03-23,600036,11:15:02,38.8900,37,1
2026-03-23,600036,11:15:05,38.8800,72,2
2026-03-23,600036,11:15:08,38.8900,63,1
2026-03-23,600036,11:15:11,38.8900,26,2
2026-03-23,600036,11:15:14,38.8900,126,2
2026-03-23,600036,11:15:17,38.8800,163,2
2026-03-23,600036,11:15:20,38.8900,106,4
2026-03-23,600036,11:15:23,38.8800,68,2
2026-03-23,600036,11:15:26,38.8800,266,2
2026-03-23,600036,11:15:29,38.8900,106,1
2026-03-23,600036,11:15:32,38.8800,40,2
2026-03-23,600036,11:15:35,38.8900,56,1
2026-03-23,600036,11:15:38,38.8800,753,2
2026-03-23,600036,11:15:41,38.8900,215,1
2026-03-23,600036,11:15:44,38.8800,122,4
2026-03-23,600036,11:15:47,38.8800,109,2
2026-03-23,600036,11:15:50,38.8800,58,1
2026-03-23,600036,11:15:53,38.8700,108,2
2026-03-23,600036,11:15:56,38.8800,48,2
2026-03-23,600036,11:15:59,38.8800,35,4
2026-03-23,600036,11:16:02,38.8900,56,1
2026-03-23,600036,11:16:05,38.8900,41,1
2026-03-23,600036,11:16:08,38.8900,115,1
2026-03-23,600036,11:16:11,38.8900,100,1
2026-03-23,600036,11:16:14,38.8900,48,2
2026-03-23,600036,11:16:17,38.8900,262,2
2026-03-23,600036,11:16:20,38.8900,83,1
2026-03-23,600036,11:16:23,38.8900,101,1
2026-03-23,600036,11:16:26,38.8900,47,4
2026-03-23,600036,11:16:29,38.8900,38,2
2026-03-23,600036,11:16:32,38.8800,81,2
2026-03-23,600036,11:16:35,38.9000,103,1
2026-03-23,600036,11:16:38,38.9000,56,1
2026-03-23,600036,11:16:41,38.9000,38,1
2026-03-23,600036,11:16:44,38.9000,283,1
2026-03-23,600036,11:16:47,38.8900,242,2
2026-03-23,600036,11:16:50,38.9000,33,1
2026-03-23,600036,11:16:53,38.9000,133,1
2026-03-23,600036,11:16:56,38.9000,83,1
2026-03-23,600036,11:16:59,38.9000,36,1
2026-03-23,600036,11:17:02,38.9000,26,1
2026-03-23,600036,11:17:05,38.9000,75,2
2026-03-23,600036,11:17:08,38.9000,60,2
2026-03-23,600036,11:17:11,38.9200,95,1
2026-03-23,600036,11:17:14,38.9000,84,2
2026-03-23,600036,11:17:17,38.9000,12,1
2026-03-23,600036,11:17:20,38.9000,16,2
2026-03-23,600036,11:17:23,38.9000,71,2
2026-03-23,600036,11:17:26,38.9000,33,1
2026-03-23,600036,11:17:29,38.9100,20,1
2026-03-23,600036,11:17:32,38.9100,15,1
2026-03-23,600036,11:17:35,38.9100,42,1
2026-03-23,600036,11:17:38,38.9100,62,1
2026-03-23,600036,11:17:41,38.9200,33,1
2026-03-23,600036,11:17:44,38.9100,59,2
2026-03-23,600036,11:17:47,38.9200,23,1
2026-03-23,600036,11:17:50,38.9200,28,1
2026-03-23,600036,11:17:53,38.9200,177,1
2026-03-23,600036,11:17:56,38.9400,51,1
2026-03-23,600036,11:17:59,38.9400,39,1
2026-03-23,600036,11:18:02,38.9200,73,2
2026-03-23,600036,11:18:05,38.9300,78,1
2026-03-23,600036,11:18:08,38.9200,47,2
2026-03-23,600036,11:18:11,38.9300,20,1
2026-03-23,600036,11:18:14,38.9100,43,2
2026-03-23,600036,11:18:17,38.9300,34,1
2026-03-23,600036,11:18:20,38.9200,20,2
2026-03-23,600036,11:18:23,38.9200,18,2
2026-03-23,600036,11:18:26,38.9200,94,2
2026-03-23,600036,11:18:29,38.9100,133,2
2026-03-23,600036,11:18:32,38.9100,56,1
2026-03-23,600036,11:18:35,38.9100,56,1
2026-03-23,600036,11:18:38,38.9100,50,1
2026-03-23,600036,11:18:41,38.9200,70,1
2026-03-23,600036,11:18:44,38.9200,41,1
2026-03-23,600036,11:18:47,38.9200,78,1
2026-03-23,600036,11:18:50,38.9200,26,1
2026-03-23,600036,11:18:53,38.9200,9,1
2026-03-23,600036,11:18:56,38.9100,27,2
2026-03-23,600036,11:18:59,38.9100,229,2
2026-03-23,600036,11:19:02,38.9100,72,1
2026-03-23,600036,11:19:05,38.9000,183,2
2026-03-23,600036,11:19:08,38.9000,62,4
2026-03-23,600036,11:19:11,38.8900,80,2
2026-03-23,600036,11:19:14,38.9000,62,1
2026-03-23,600036,11:19:17,38.9000,35,1
2026-03-23,600036,11:19:20,38.8900,82,2
2026-03-23,600036,11:19:23,38.8900,118,2
2026-03-23,600036,11:19:26,38.8900,5,2
2026-03-23,600036,11:19:29,38.8900,3,2
2026-03-23,600036,11:19:32,38.8900,59,2
2026-03-23,600036,11:19:35,38.8800,130,2
2026-03-23,600036,11:19:38,38.8900,26,1
2026-03-23,600036,11:19:41,38.8800,47,2
2026-03-23,600036,11:19:44,38.8900,141,1
2026-03-23,600036,11:19:47,38.8800,19,2
2026-03-23,600036,11:19:50,38.8800,257,2
2026-03-23,600036,11:19:53,38.8800,362,1
2026-03-23,600036,11:19:56,38.8800,7,2
2026-03-23,600036,11:19:59,38.8900,35,1
2026-03-23,600036,11:20:02,38.8800,129,2
2026-03-23,600036,11:20:05,38.8800,132,1
2026-03-23,600036,11:20:08,38.8800,52,1
2026-03-23,600036,11:20:11,38.9100,341,1
2026-03-23,600036,11:20:14,38.9000,79,1
2026-03-23,600036,11:20:17,38.9100,150,1
2026-03-23,600036,11:20:20,38.9100,51,1
2026-03-23,600036,11:20:23,38.9100,31,4
2026-03-23,600036,11:20:26,38.9100,59,2
2026-03-23,600036,11:20:29,38.9100,32,1
2026-03-23,600036,11:20:32,38.9100,49,1
2026-03-23,600036,11:20:35,38.9200,68,1
2026-03-23,600036,11:20:38,38.9200,23,1
