date,code,time,price,volume,bs
2026-05-12,000333,14:06:42,80.0900,10,2
2026-05-12,000333,14:06:45,80.0900,150,2
2026-05-12,000333,14:06:48,80.0800,66,2
2026-05-12,000333,14:06:51,80.0800,126,2
2026-05-12,000333,14:06:54,80.0800,162,2
2026-05-12,000333,14:06:57,80.0800,70,2
2026-05-12,000333,14:07:00,80.0800,21,2
2026-05-12,000333,14:07:03,80.0800,48,2
2026-05-12,000333,14:07:06,80.0800,38,1
2026-05-12,000333,14:07:09,80.0800,10,2
2026-05-12,000333,14:07:12,80.0800,11,2
2026-05-12,000333,14:07:15,80.0800,5,2
2026-05-12,000333,14:07:18,80.0900,24,1
2026-05-12,000333,14:07:21,80.0800,19,2
2026-05-12,000333,14:07:24,80.0800,14,2
2026-05-12,000333,14:07:27,80.0800,20,2
2026-05-12,000333,14:07:30,80.0700,109,2
2026-05-12,000333,14:07:33,80.0700,32,1
2026-05-12,000333,14:07:36,80.0600,13,2
2026-05-12,000333,14:07:39,80.0700,108,1
2026-05-12,000333,14:07:42,80.0700,22,1
2026-05-12,000333,14:07:45,80.0700,126,1
2026-05-12,000333,14:07:48,80.0600,37,2
2026-05-12,000333,14:07:51,80.0700,107,1
2026-05-12,000333,14:07:54,80.0900,128,1
2026-05-12,000333,14:07:57,80.1200,126,1
2026-05-12,000333,14:08:00,80.1100,46,2
2026-05-12,000333,14:08:03,80.1000,17,2
2026-05-12,000333,14:08:06,80.1300,53,1
2026-05-12,000333,14:08:09,80.1000,4,2
2026-05-12,000333,14:08:12,80.1000,26,2
2026-05-12,000333,14:08:15,80.1000,18,2
2026-05-12,000333,14:08:18,80.1100,11,1
2026-05-12,000333,14:08:24,80.1200,7,1
2026-05-12,000333,14:08:27,80.1100,13,2
2026-05-12,000333,14:08:30,80.1100,19,2
2026-05-12,000333,14:08:33,80.1100,29,1
2026-05-12,000333,14:08:36,80.1000,56,2
2026-05-12,000333,14:08:39,80.0800,25,2
2026-05-12,000333,14:08:42,80.0900,29,1
2026-05-12,000333,14:08:45,80.0800,50,2
2026-05-12,000333,14:08:48,80.0900,5,1
2026-05-12,000333,14:08:51,80.0900,22,1
2026-05-12,000333,14:08:54,80.0900,25,1
2026-05-12,000333,14:08:57,80.0900,57,2
2026-05-12,000333,14:09:00,80.0900,20,1
2026-05-12,000333,14:09:03,80.0900,5,2
2026-05-12,000333,14:09:06,80.0900,12,2
2026-05-12,000333,14:09:09,80.0800,85,2
2026-05-12,000333,14:09:12,80.0900,126,1
2026-05-12,000333,14:09:15,80.1100,7,1
2026-05-12,000333,14:09:18,80.1100,82,1
2026-05-12,000333,14:09:21,80.1200,28,1
2026-05-12,000333,14:09:24,80.1200,16,1
2026-05-12,000333,14:09:27,80.1300,50,1
2026-05-12,000333,14:09:30,80.1200,33,4
2026-05-12,000333,14:09:33,80.1200,18,2
2026-05-12,000333,14:09:36,80.1100,25,2
2026-05-12,000333,14:09:39,80.1100,18,2
2026-05-12,000333,14:09:42,80.1100,3,2
2026-05-12,000333,14:09:45,80.1100,7,2
2026-05-12,000333,14:09:48,80.1200,5,1
2026-05-12,000333,14:09:51,80.1200,1,1
2026-05-12,000333,14:09:54,80.1100,24,2
2026-05-12,000333,14:09:57,80.1200,63,1
2026-05-12,000333,14:10:00,80.1100,34,2
2026-05-12,000333,14:10:03,80.1200,33,1
2026-05-12,000333,14:10:06,80.1100,21,2
2026-05-12,000333,14:10:09,80.1200,28,1
2026-05-12,000333,14:10:12,80.1100,7,2
2026-05-12,000333,14:10:15,80.1000,20,2
2026-05-12,000333,14:10:18,80.1000,19,2
2026-05-12,000333,14:10:21,80.1000,43,2
2026-05-12,000333,14:10:24,80.1000,220,2
2026-05-12,000333,14:10:27,80.1100,57,1
2026-05-12,000333,14:10:30,80.1100,67,2
2026-05-12,000333,14:10:33,80.1000,170,2
2026-05-12,000333,14:10:36,80.1000,37,2
2026-05-12,000333,14:10:39,80.0900,22,2
2026-05-12,000333,14:10:42,80.0900,18,2
2026-05-12,000333,14:10:45,80.0900,156,2
2026-05-12,000333,14:10:48,80.0800,18,2
2026-05-12,000333,14:10:51,80.0800,25,2
2026-05-12,000333,14:10:54,80.0800,54,2
2026-05-12,000333,14:10:57,80.0800,21,2
2026-05-12,000333,14:11:00,80.1000,140,1
2026-05-12,000333,14:11:03,80.0900,70,2
2026-05-12,000333,14:11:06,80.1000,36,1
2026-05-12,000333,14:11:09,80.1000,18,1
2026-05-12,000333,14:11:12,80.1000,35,2
2026-05-12,000333,14:11:15,80.1000,5,4
2026-05-12,000333,14:11:18,80.1000,18,1
2026-05-12,000333,14:11:21,80.1000,7,1
2026-05-12,000333,14:11:24,80.1000,37,1
2026-05-12,000333,14:11:27,80.1000,60,1
2026-05-12,000333,14:11:30,80.1100,68,1
2026-05-12,000333,14:11:33,80.1000,43,2
2026-05-12,000333,14:11:36,80.1200,60,1
2026-05-12,000333,14:11:39,80.1100,42,2
2026-05-12,000333,14:11:45,80.1100,13,2
2026-05-12,000333,14:11:48,80.1000,93,2
2026-05-12,000333,14:11:51,80.1200,20,1
2026-05-12,000333,14:11:54,80.1200,15,2
2026-05-12,000333,14:11:57,80.1100,6,4
2026-05-12,000333,14:12:00,80.0900,291,2
2026-05-12,000333,14:12:03,80.0700,35,2
2026-05-12,000333,14:12:06,80.0700,18,2
2026-05-12,000333,14:12:09,80.0700,27,1
2026-05-12,000333,14:12:12,80.0600,24,2
2026-05-12,000333,14:12:15,80.0500,35,2
2026-05-12,000333,14:12:18,80.0500,5,2
2026-05-12,000333,14:12:21,80.0500,8,2
2026-05-12,000333,14:12:24,80.0400,48,2
2026-05-12,000333,14:12:27,80.0400,21,2
2026-05-12,000333,14:12:30,80.0500,51,1
2026-05-12,000333,14:12:33,80.0400,14,2
2026-05-12,000333,14:12:36,80.0400,104,2
2026-05-12,000333,14:12:39,80.0400,20,1
2026-05-12,000333,14:12:42,80.0400,36,1
2026-05-12,000333,14:12:45,80.0400,4,1
2026-05-12,000333,14:12:48,80.0400,67,1
2026-05-12,000333,14:12:51,80.0400,6,4
2026-05-12,000333,14:12:54,80.0400,27,1
2026-05-12,000333,14:12:57,80.0300,62,2
2026-05-12,000333,14:13:00,80.0300,39,2
2026-05-12,000333,14:13:03,80.0400,37,1
2026-05-12,000333,14:13:06,80.0400,12,2
2026-05-12,000333,14:13:09,80.0400,20,2
2026-05-12,000333,14:13:12,80.0400,26,2
2026-05-12,000333,14:13:15,80.0300,91,2
2026-05-12,000333,14:13:18,80.0300,156,2
2026-05-12,000333,14:13:21,80.0400,218,1
2026-05-12,000333,14:13:24,80.0600,206,1
2026-05-12,000333,14:13:27,80.0700,64,1
2026-05-12,000333,14:13:30,80.0600,85,2
2026-05-12,000333,14:13:33,80.0800,71,1
2026-05-12,000333,14:13:36,80.0800,1,2
2026-05-12,000333,14:13:39,80.0900,60,1
2026-05-12,000333,14:13:42,80.0900,8,1
2026-05-12,000333,14:13:45,80.0900,8,2
2026-05-12,000333,14:13:48,80.0900,6,1
2026-05-12,000333,14:13:51,80.0900,14,1
2026-05-12,000333,14:13:54,80.0800,21,1
2026-05-12,000333,14:13:57,80.0800,9,2
2026-05-12,000333,14:14:00,80.0900,51,1
2026-05-12,000333,14:14:03,80.0800,6,2
2026-05-12,000333,14:14:06,80.0800,19,2
2026-05-12,000333,14:14:09,80.0700,26,2
2026-05-12,000333,14:14:12,80.0700,80,2
2026-05-12,000333,14:14:15,80.0700,18,1
2026-05-12,000333,14:14:18,80.0500,13,2
2026-05-12,000333,14:14:21,80.0500,28,2
2026-05-12,000333,14:14:24,80.0500,148,2
2026-05-12,000333,14:14:27,80.0500,45,1
2026-05-12,000333,14:14:30,80.0400,11,4
2026-05-12,000333,14:14:33,80.0600,97,1
2026-05-12,000333,14:14:36,80.0400,32,2
2026-05-12,000333,14:14:39,80.0600,22,1
2026-05-12,000333,14:14:42,80.0500,36,2
2026-05-12,000333,14:14:45,80.0500,18,1
2026-05-12,000333,14:14:48,80.0700,176,1
2026-05-12,000333,14:14:51,80.0700,48,2
2026-05-12,000333,14:14:54,80.0700,42,2
2026-05-12,000333,14:14:57,80.0800,86,1
2026-05-12,000333,14:15:00,80.0800,7,1
2026-05-12,000333,14:15:03,80.0800,27,2
2026-05-12,000333,14:15:06,80.0800,20,2
2026-05-12,000333,14:15:09,80.0700,59,2
2026-05-12,000333,14:15:12,80.0700,14,2
2026-05-12,000333,14:15:15,80.0700,7,2
2026-05-12,000333,14:15:18,80.0700,36,1
2026-05-12,000333,14:15:21,80.0800,4,1
2026-05-12,000333,14:15:24,80.0800,90,1
2026-05-12,000333,14:15:27,80.0700,10,2
2026-05-12,000333,14:15:30,80.0700,37,2
2026-05-12,000333,14:15:33,80.0700,26,2
2026-05-12,000333,14:15:36,80.0700,137,2
2026-05-12,000333,14:15:39,80.0700,21,1
2026-05-12,000333,14:15:42,80.0600,13,2
2026-05-12,000333,14:15:45,80.0800,56,1
2026-05-12,000333,14:15:48,80.0600,9,2
2026-05-12,000333,14:15:51,80.0600,13,2
2026-05-12,000333,14:15:54,80.0600,9,2
2026-05-12,000333,14:15:57,80.0700,31,1
2026-05-12,000333,14:16:00,80.0800,108,1
2026-05-12,000333,14:16:03,80.0800,10,2
2026-05-12,000333,14:16:06,80.0700,70,2
2026-05-12,000333,14:16:09,80.0800,31,2
2026-05-12,000333,14:16:12,80.0800,27,2
2026-05-12,000333,14:16:15,80.0700,15,2
2026-05-12,000333,14:16:18,80.0600,9,2
2026-05-12,000333,14:16:21,80.0600,2,2
2026-05-12,000333,14:16:24,80.0700,9,1
2026-05-12,000333,14:16:27,80.0600,25,2
2026-05-12,000333,14:16:30,80.0600,8,2
2026-05-12,000333,14:16:33,80.0600,12,2
2026-05-12,000333,14:16:36,80.0600,53,2
2026-05-12,000333,14:16:39,80.0600,23,2
2026-05-12,000333,14:16:45,80.0600,35,2
2026-05-12,000333,14:16:48,80.0500,25,2
2026-05-12,000333,14:16:51,80.0500,6,2
2026-05-12,000333,14:16:54,80.0500,32,2
2026-05-12,000333,14:16:57,80.0600,8,1
2026-05-12,000333,14:17:00,80.0500,18,2
2026-05-12,000333,14:17:03,80.0600,15,1
2026-05-12,000333,14:17:06,80.0500,17,2
2026-05-12,000333,14:17:09,80.0500,78,2
2026-05-12,000333,14:17:12,80.0500,6,2
2026-05-12,000333,14:17:15,80.0500,36,2
2026-05-12,000333,14:17:18,80.0500,15,1
2026-05-12,000333,14:17:21,80.0400,38,2
2026-05-12,000333,14:17:27,80.0400,11,2
2026-05-12,000333,14:17:30,80.0500,8,1
2026-05-12,000333,14:17:33,80.0400,6,2
2026-05-12,000333,14:17:36,80.0400,10,2
2026-05-12,000333,14:17:39,80.0400,5,2
2026-05-12,000333,14:17:42,80.0400,91,2
2026-05-12,000333,14:17:48,80.0400,45,1
2026-05-12,000333,14:17:51,80.0400,25,1
2026-05-12,000333,14:17:54,80.0300,17,2
2026-05-12,000333,14:17:57,80.0300,180,2
2026-05-12,000333,14:18:00,80.0300,45,2
2026-05-12,000333,14:18:03,80.0300,183,2
2026-05-12,000333,14:18:06,80.0200,43,2
2026-05-12,000333,14:18:09,80.0300,13,2
2026-05-12,000333,14:18:12,80.0300,67,1
2026-05-12,000333,14:18:15,80.0200,13,2
2026-05-12,000333,14:18:18,80.0400,119,1
2026-05-12,000333,14:18:24,80.0400,20,2
2026-05-12,000333,14:18:27,80.0300,12,2
2026-05-12,000333,14:18:30,80.0400,9,1
2026-05-12,000333,14:18:33,80.0400,6,1
2026-05-12,000333,14:18:36,80.0300,5,2
2026-05-12,000333,14:18:39,80.0300,29,2
2026-05-12,000333,14:18:42,80.0300,15,2
2026-05-12,000333,14:18:45,80.0300,50,2
2026-05-12,000333,14:18:48,80.0300,28,2
2026-05-12,000333,14:18:51,80.0200,6,2
2026-05-12,000333,14:18:54,80.0300,24,1
2026-05-12,000333,14:18:57,80.0100,214,2
2026-05-12,000333,14:19:00,80.0100,1111,2
2026-05-12,000333,14:19:03,80.0100,729,1
2026-05-12,000333,14:19:06,80.0000,526,2
2026-05-12,000333,14:19:09,79.9800,1805,2
2026-05-12,000333,14:19:12,80.0000,152,1
2026-05-12,000333,14:19:15,79.9900,55,2
2026-05-12,000333,14:19:18,79.9900,58,1
2026-05-12,000333,14:19:21,79.9700,44,2
2026-05-12,000333,14:19:24,79.9800,23,1
2026-05-12,000333,14:19:27,79.9700,42,2
2026-05-12,000333,14:19:30,79.9700,64,2
2026-05-12,000333,14:19:33,79.9700,30,2
2026-05-12,000333,14:19:36,79.9600,49,2
2026-05-12,000333,14:19:39,79.9500,27,2
2026-05-12,000333,14:19:42,79.9600,163,1
2026-05-12,000333,14:19:45,79.9700,77,1
2026-05-12,000333,14:19:48,79.9700,26,2
2026-05-12,000333,14:19:51,79.9800,64,1
2026-05-12,000333,14:19:54,79.9700,16,2
2026-05-12,000333,14:19:57,79.9600,25,2
2026-05-12,000333,14:20:00,79.9800,42,1
2026-05-12,000333,14:20:03,80.0000,159,1
2026-05-12,000333,14:20:06,80.0100,222,1
2026-05-12,000333,14:20:09,80.0000,53,2
2026-05-12,000333,14:20:12,80.0000,7,1
2026-05-12,000333,14:20:15,80.0000,4,1
2026-05-12,000333,14:20:18,80.0100,119,1
2026-05-12,000333,14:20:21,80.0000,7,2
2026-05-12,000333,14:20:24,80.0000,34,2
2026-05-12,000333,14:20:27,79.9900,19,2
2026-05-12,000333,14:20:30,79.9800,37,2
2026-05-12,000333,14:20:33,79.9800,12,2
2026-05-12,000333,14:20:36,79.9800,22,2
2026-05-12,000333,14:20:39,79.9800,25,1
2026-05-12,000333,14:20:42,79.9700,3,2
2026-05-12,000333,14:20:45,79.9700,4,2
2026-05-12,000333,14:20:48,79.9800,4,1
2026-05-12,000333,14:20:51,79.9800,34,1
2026-05-12,000333,14:20:54,79.9800,20,2
2026-05-12,000333,14:20:57,79.9900,6,1
2026-05-12,000333,14:21:00,79.9800,30,2
2026-05-12,000333,14:21:03,79.9900,44,1
2026-05-12,000333,14:21:06,79.9900,80,1
2026-05-12,000333,14:21:09,79.9900,21,2
2026-05-12,000333,14:21:12,79.9900,68,2
2026-05-12,000333,14:21:15,79.9900,65,1
2026-05-12,000333,14:21:18,79.9900,14,2
2026-05-12,000333,14:21:21,79.9900,36,1
2026-05-12,000333,14:21:24,79.9900,1,1
2026-05-12,000333,14:21:27,79.9800,170,2
2026-05-12,000333,14:21:30,79.9900,11,1
2026-05-12,000333,14:21:33,79.9800,20,2
2026-05-12,000333,14:21:36,79.9800,55,1
2026-05-12,000333,14:21:39,79.9800,15,1
2026-05-12,000333,14:21:42,79.9800,19,1
2026-05-12,000333,14:21:45,79.9800,17,1
2026-05-12,000333,14:21:48,79.9800,31,1
2026-05-12,000333,14:21:51,79.9700,10,2
2026-05-12,000333,14:21:54,79.9700,45,2
2026-05-12,000333,14:21:57,79.9700,48,2
2026-05-12,000333,14:22:00,79.9700,57,2
2026-05-12,000333,14:22:03,79.9700,45,2
2026-05-12,000333,14:22:06,79.9700,5,1
2026-05-12,000333,14:22:09,79.9700,11,1
2026-05-12,000333,14:22:12,79.9700,19,1
2026-05-12,000333,14:22:15,79.9600,30,2
2026-05-12,000333,14:22:18,79.9700,53,1
2026-05-12,000333,14:22:21,79.9600,19,2
2026-05-12,000333,14:22:24,79.9700,96,1
2026-05-12,000333,14:22:27,79.9600,13,2
2026-05-12,000333,14:22:30,79.9500,40,2
2026-05-12,000333,14:22:33,79.9500,31,2
2026-05-12,000333,14:22:36,79.9500,80,2
2026-05-12,000333,14:22:39,79.9400,97,2
2026-05-12,000333,14:22:42,79.9400,29,2
2026-05-12,000333,14:22:45,79.9400,50,1
2026-05-12,000333,14:22:48,79.9300,40,2
2026-05-12,000333,14:22:51,79.9300,223,2
2026-05-12,000333,14:22:54,79.9400,52,1
2026-05-12,000333,14:22:57,79.9300,31,2
2026-05-12,000333,14:23:00,79.9200,35,2
2026-05-12,000333,14:23:03,79.9300,37,1
2026-05-12,000333,14:23:06,79.9300,82,1
2026-05-12,000333,14:23:09,79.9400,5,1
2026-05-12,000333,14:23:12,79.9400,34,1
2026-05-12,000333,14:23:15,79.9500,89,1
2026-05-12,000333,14:23:18,79.9400,85,2
2026-05-12,000333,14:23:21,79.9600,11,1
2026-05-12,000333,14:23:24,79.9600,8,1
2026-05-12,000333,14:23:27,79.9400,59,2
2026-05-12,000333,14:23:30,79.9500,132,4
2026-05-12,000333,14:23:33,79.9500,55,2
2026-05-12,000333,14:23:36,79.9600,79,1
2026-05-12,000333,14:23:39,79.9600,13,2
2026-05-12,000333,14:23:42,79.9600,8,1
2026-05-12,000333,14:23:45,79.9600,9,1
2026-05-12,000333,14:23:48,79.9600,32,2
2026-05-12,000333,14:23:51,79.9600,29,2
2026-05-12,000333,14:23:54,79.9600,12,2
2026-05-12,000333,14:23:57,79.9600,7,2
2026-05-12,000333,14:24:00,79.9600,80,2
2026-05-12,000333,14:24:03,79.9500,134,2
2026-05-12,000333,14:24:06,79.9500,127,2
2026-05-12,000333,14:24:09,79.9500,71,2
2026-05-12,000333,14:24:12,79.9600,32,1
2026-05-12,000333,14:24:15,79.9500,77,1
2026-05-12,000333,14:24:18,79.9300,22,2
2026-05-12,000333,14:24:21,79.9400,57,1
2026-05-12,000333,14:24:24,79.9400,18,2
2026-05-12,000333,14:24:27,79.9400,38,2
2026-05-12,000333,14:24:30,79.9300,294,2
2026-05-12,000333,14:24:33,79.9200,129,2
2026-05-12,000333,14:24:36,79.9000,67,2
2026-05-12,000333,14:24:39,79.9000,354,2
2026-05-12,000333,14:24:42,79.9000,91,2
2026-05-12,000333,14:24:45,79.8900,50,2
2026-05-12,000333,14:24:48,79.8800,30,2
2026-05-12,000333,14:24:51,79.9200,245,1
2026-05-12,000333,14:24:54,79.9100,4,1
2026-05-12,000333,14:24:57,79.8900,75,2
2026-05-12,000333,14:25:00,79.9300,230,1
2026-05-12,000333,14:25:03,79.9200,200,2
2026-05-12,000333,14:25:06,79.9300,96,1
2026-05-12,000333,14:25:09,79.9500,57,1
2026-05-12,000333,14:25:12,79.9500,37,2
2026-05-12,000333,14:25:15,79.9400,35,2
2026-05-12,000333,14:25:18,79.9500,88,1
2026-05-12,000333,14:25:21,79.9400,10,2
2026-05-12,000333,14:25:24,79.9400,73,2
2026-05-12,000333,14:25:27,79.9200,171,2
2026-05-12,000333,14:25:30,79.9200,218,2
2026-05-12,000333,14:25:33,79.9100,61,2
2026-05-12,000333,14:25:36,79.9100,3,1
2026-05-12,000333,14:25:39,79.9000,55,2
2026-05-12,000333,14:25:42,79.9000,2,2
2026-05-12,000333,14:25:45,79.9000,26,2
2026-05-12,000333,14:25:48,79.9000,65,2
2026-05-12,000333,14:25:51,79.9000,33,2
2026-05-12,000333,14:25:54,79.9100,56,1
2026-05-12,000333,14:25:57,79.9000,24,2
2026-05-12,000333,14:26:00,79.9100,93,1
2026-05-12,000333,14:26:03,79.9100,88,2
2026-05-12,000333,14:26:06,79.9100,25,2
2026-05-12,000333,14:26:09,79.9100,15,2
2026-05-12,000333,14:26:12,79.9100,19,1
2026-05-12,000333,14:26:15,79.9000,150,2
2026-05-12,000333,14:26:18,79.9000,4,1
2026-05-12,000333,14:26:21,79.8900,32,2
2026-05-12,000333,14:26:24,79.8900,15,2
2026-05-12,000333,14:26:27,79.8900,35,2
2026-05-12,000333,14:26:30,79.8900,16,2
2026-05-12,000333,14:26:33,79.8900,133,2
2026-05-12,000333,14:26:36,79.9100,188,1
2026-05-12,000333,14:26:39,79.9000,65,2
2026-05-12,000333,14:26:42,79.9000,19,2
2026-05-12,000333,14:26:45,79.8900,7,2
2026-05-12,000333,14:26:48,79.9000,213,1
2026-05-12,000333,14:26:51,79.9000,6,2
2026-05-12,000333,14:26:54,79.9000,62,2
2026-05-12,000333,14:26:57,79.9000,26,2
2026-05-12,000333,14:27:00,79.9100,61,1
2026-05-12,000333,14:27:03,79.9100,146,1
2026-05-12,000333,14:27:06,79.9100,22,2
2026-05-12,000333,14:27:09,79.9100,44,2
2026-05-12,000333,14:27:12,79.9000,456,2
2026-05-12,000333,14:27:15,79.9000,33,2
2026-05-12,000333,14:27:18,79.9000,58,2
2026-05-12,000333,14:27:21,79.8900,15,2
2026-05-12,000333,14:27:24,79.8900,24,2
2026-05-12,000333,14:27:27,79.8900,42,2
2026-05-12,000333,14:27:30,79.9000,22,1
2026-05-12,000333,14:27:33,79.9000,108,2
2026-05-12,000333,14:27:36,79.9000,40,1
2026-05-12,000333,14:27:39,79.8900,39,2
2026-05-12,000333,14:27:42,79.8900,9,2
2026-05-12,000333,14:27:45,79.8900,20,2
2026-05-12,000333,14:27:48,79.8900,27,2
2026-05-12,000333,14:27:51,79.8900,57,2
2026-05-12,000333,14:27:54,79.8900,52,2
2026-05-12,000333,14:27:57,79.8800,17,2
2026-05-12,000333,14:28:00,79.8900,371,1
2026-05-12,000333,14:28:03,79.8900,189,2
2026-05-12,000333,14:28:06,79.8900,37,1
2026-05-12,000333,14:28:09,79.8800,52,2
2026-05-12,000333,14:28:12,79.8700,31,2
2026-05-12,000333,14:28:15,79.8700,35,2
2026-05-12,000333,14:28:18,79.8600,83,2
2026-05-12,000333,14:28:21,79.8800,11,1
2026-05-12,000333,14:28:24,79.8600,61,2
2026-05-12,000333,14:28:27,79.8600,105,2
2026-05-12,000333,14:28:30,79.8600,21,2
2026-05-12,000333,14:28:33,79.8600,121,2
2026-05-12,000333,14:28:36,79.8600,16,1
2026-05-12,000333,14:28:39,79.8500,31,2
2026-05-12,000333,14:28:42,79.8600,23,1
2026-05-12,000333,14:28:45,79.8600,31,1
2026-05-12,000333,14:28:48,79.8600,38,2
2026-05-12,000333,14:28:51,79.8600,17,2
2026-05-12,000333,14:28:54,79.8600,63,2
2026-05-12,000333,14:28:57,79.8600,29,4
2026-05-12,000333,14:29:00,79.8700,78,1
2026-05-12,000333,14:29:03,79.8600,166,2
2026-05-12,000333,14:29:06,79.8600,36,2
2026-05-12,000333,14:29:09,79.8600,50,2
2026-05-12,000333,14:29:12,79.8500,22,2
2026-05-12,000333,14:29:15,79.8700,44,1
2026-05-12,000333,14:29:18,79.8600,21,2
2026-05-12,000333,14:29:21,79.8600,5,1
2026-05-12,000333,14:29:24,79.8600,41,1
2026-05-12,000333,14:29:27,79.8500,23,2
2026-05-12,000333,14:29:30,79.8600,20,1
2026-05-12,000333,14:29:33,79.8600,180,2
2026-05-12,000333,14:29:36,79.8600,52,1
2026-05-12,000333,14:29:39,79.8500,47,2
2026-05-12,000333,14:29:42,79.8600,46,1
2026-05-12,000333,14:29:45,79.8600,24,2
2026-05-12,000333,14:29:48,79.8600,57,2
2026-05-12,000333,14:29:51,79.8600,33,2
2026-05-12,000333,14:29:54,79.8600,46,2
2026-05-12,000333,14:29:57,79.8600,25,1
2026-05-12,000333,14:30:00,79.8600,30,1
2026-05-12,000333,14:30:03,79.8500,158,2
2026-05-12,000333,14:30:06,79.8600,46,1
2026-05-12,000333,14:30:09,79.8500,54,2
2026-05-12,000333,14:30:12,79.8500,87,2
2026-05-12,000333,14:30:15,79.8500,26,1
2026-05-12,000333,14:30:18,79.8500,48,1
2026-05-12,000333,14:30:21,79.8600,133,1
2026-05-12,000333,14:30:24,79.8600,367,1
2026-05-12,000333,14:30:27,79.8600,28,2
2026-05-12,000333,14:30:30,79.8700,85,2
2026-05-12,000333,14:30:33,79.8600,72,2
2026-05-12,000333,14:30:36,79.8500,28,2
2026-05-12,000333,14:30:39,79.8600,203,1
2026-05-12,000333,14:30:42,79.8600,10,2
2026-05-12,000333,14:30:45,79.8700,64,1
2026-05-12,000333,14:30:48,79.8700,12,2
2026-05-12,000333,14:30:51,79.8800,22,1
2026-05-12,000333,14:30:54,79.8800,28,2
2026-05-12,000333,14:30:57,79.8800,16,1
2026-05-12,000333,14:31:00,79.8800,84,1
2026-05-12,000333,14:31:03,79.8800,189,1
2026-05-12,000333,14:31:06,79.8700,10,2
2026-05-12,000333,14:31:09,79.8800,65,1
2026-05-12,000333,14:31:12,79.8800,14,1
2026-05-12,000333,14:31:15,79.8800,69,1
2026-05-12,000333,14:31:18,79.8900,64,1
2026-05-12,000333,14:31:21,79.8900,29,1
2026-05-12,000333,14:31:24,79.8900,42,1
2026-05-12,000333,14:31:27,79.8900,16,1
2026-05-12,000333,14:31:30,79.8900,110,1
2026-05-12,000333,14:31:33,79.8900,165,2
2026-05-12,000333,14:31:36,79.8800,11,4
2026-05-12,000333,14:31:39,79.8800,111,1
2026-05-12,000333,14:31:42,79.8700,67,2
2026-05-12,000333,14:31:45,79.8700,117,2
2026-05-12,000333,14:31:48,79.8700,38,2
2026-05-12,000333,14:31:51,79.8700,9,4
2026-05-12,000333,14:31:54,79.8800,33,1
2026-05-12,000333,14:31:57,79.8800,8,1
2026-05-12,000333,14:32:00,79.8700,51,2
2026-05-12,000333,14:32:03,79.8700,158,2
2026-05-12,000333,14:32:06,79.8600,25,4
2026-05-12,000333,14:32:09,79.8500,42,2
2026-05-12,000333,14:32:12,79.8500,75,2
2026-05-12,000333,14:32:15,79.8500,79,4
2026-05-12,000333,14:32:18,79.8500,65,2
2026-05-12,000333,14:32:21,79.8400,40,2
2026-05-12,000333,14:32:24,79.8300,38,2
2026-05-12,000333,14:32:27,79.8400,20,4
2026-05-12,000333,14:32:30,79.8400,25,2
2026-05-12,000333,14:32:33,79.8300,146,2
2026-05-12,000333,14:32:36,79.8300,32,1
2026-05-12,000333,14:32:39,79.8300,115,1
2026-05-12,000333,14:32:42,79.8200,52,2
2026-05-12,000333,14:32:45,79.8200,66,1
2026-05-12,000333,14:32:48,79.8300,118,1
2026-05-12,000333,14:32:51,79.8300,11,1
2026-05-12,000333,14:32:54,79.8200,230,2
2026-05-12,000333,14:32:57,79.8200,109,2
2026-05-12,000333,14:33:00,79.8100,60,2
2026-05-12,000333,14:33:03,79.8200,201,1
2026-05-12,000333,14:33:06,79.8100,33,2
2026-05-12,000333,14:33:09,79.8200,9,2
2026-05-12,000333,14:33:12,79.8200,53,1
2026-05-12,000333,14:33:15,79.8300,33,1
2026-05-12,000333,14:33:18,79.8200,70,2
2026-05-12,000333,14:33:21,79.8200,4,2
2026-05-12,000333,14:33:24,79.8500,207,1
2026-05-12,000333,14:33:27,79.8600,51,1
2026-05-12,000333,14:33:30,79.8800,183,1
2026-05-12,000333,14:33:33,79.8800,147,2
2026-05-12,000333,14:33:36,79.8800,23,1
2026-05-12,000333,14:33:39,79.8600,18,2
2026-05-12,000333,14:33:42,79.8700,17,1
2026-05-12,000333,14:33:45,79.8700,31,1
2026-05-12,000333,14:33:48,79.8700,28,2
2026-05-12,000333,14:33:51,79.8800,20,1
2026-05-12,000333,14:33:54,79.8700,56,2
2026-05-12,000333,14:33:57,79.8700,11,2
2026-05-12,000333,14:34:00,79.8700,93,2
2026-05-12,000333,14:34:03,79.8800,177,1
2026-05-12,000333,14:34:06,79.8700,15,2
2026-05-12,000333,14:34:09,79.8800,46,1
2026-05-12,000333,14:34:12,79.8700,11,1
2026-05-12,000333,14:34:15,79.8700,14,1
2026-05-12,000333,14:34:18,79.8700,64,1
2026-05-12,000333,14:34:21,79.8700,57,1
2026-05-12,000333,14:34:24,79.8700,30,4
2026-05-12,000333,14:34:27,79.8700,15,2
2026-05-12,000333,14:34:30,79.8800,53,1
2026-05-12,000333,14:34:33,79.8700,139,2
2026-05-12,000333,14:34:36,79.8700,14,1
2026-05-12,000333,14:34:39,79.8700,61,2
2026-05-12,000333,14:34:42,79.8800,2,4
2026-05-12,000333,14:34:45,79.8800,27,1
2026-05-12,000333,14:34:48,79.8800,18,2
2026-05-12,000333,14:34:51,79.8800,23,2
2026-05-12,000333,14:34:54,79.8900,15,1
2026-05-12,000333,14:34:57,79.8900,40,1
2026-05-12,000333,14:35:00,79.8900,108,1
2026-05-12,000333,14:35:03,79.8900,211,2
2026-05-12,000333,14:35:06,79.8900,28,1
2026-05-12,000333,14:35:09,79.8900,42,2
2026-05-12,000333,14:35:12,79.9000,39,1
2026-05-12,000333,14:35:15,79.8900,81,2
2026-05-12,000333,14:35:18,79.9000,53,1
2026-05-12,000333,14:35:21,79.9100,9,1
2026-05-12,000333,14:35:24,79.9000,14,2
2026-05-12,000333,14:35:27,79.9000,32,2
2026-05-12,000333,14:35:30,79.9100,35,1
2026-05-12,000333,14:35:33,79.9000,162,2
2026-05-12,000333,14:35:36,79.9100,45,1
2026-05-12,000333,14:35:39,79.9000,48,2
2026-05-12,000333,14:35:42,79.9100,15,1
2026-05-12,000333,14:35:45,79.9100,109,1
2026-05-12,000333,14:35:48,79.9000,31,2
2026-05-12,000333,14:35:51,79.9100,58,1
2026-05-12,000333,14:35:54,79.9100,29,1
2026-05-12,000333,14:35:57,79.9100,2,1
2026-05-12,000333,14:36:00,79.9000,45,2
2026-05-12,000333,14:36:03,79.9100,197,1
2026-05-12,000333,14:36:06,79.9200,27,1
2026-05-12,000333,14:36:09,79.8900,142,2
2026-05-12,000333,14:36:12,79.8900,90,2
2026-05-12,000333,14:36:15,79.8900,44,2
2026-05-12,000333,14:36:18,79.8900,75,4
2026-05-12,000333,14:36:21,79.8900,40,1
2026-05-12,000333,14:36:24,79.8900,41,1
2026-05-12,000333,14:36:27,79.8900,41,2
2026-05-12,000333,14:36:30,79.8900,25,2
2026-05-12,000333,14:36:33,79.8900,121,2
2026-05-12,000333,14:36:36,79.8900,28,2
2026-05-12,000333,14:36:39,79.9000,73,1
2026-05-12,000333,14:36:42,79.9000,6,1
2026-05-12,000333,14:36:45,79.8900,24,2
2026-05-12,000333,14:36:48,79.8900,40,2
2026-05-12,000333,14:36:51,79.8900,15,2
2026-05-12,000333,14:36:54,79.8900,47,2
2026-05-12,000333,14:36:57,79.8900,10,2
2026-05-12,000333,14:37:00,79.9000,111,1
2026-05-12,000333,14:37:03,79.8800,141,2
2026-05-12,000333,14:37:06,79.8700,23,2
2026-05-12,000333,14:37:09,79.8800,84,1
2026-05-12,000333,14:37:12,79.8800,13,1
2026-05-12,000333,14:37:15,79.8700,30,2
2026-05-12,000333,14:37:18,79.8800,37,1
2026-05-12,000333,14:37:21,79.8700,9,2
2026-05-12,000333,14:37:24,79.8800,85,1
2026-05-12,000333,14:37:27,79.8700,21,2
2026-05-12,000333,14:37:30,79.8700,20,2
2026-05-12,000333,14:37:33,79.8800,146,1
2026-05-12,000333,14:37:36,79.8800,28,1
2026-05-12,000333,14:37:39,79.8800,114,1
2026-05-12,000333,14:37:42,79.8700,91,2
2026-05-12,000333,14:37:45,79.8800,4,4
2026-05-12,000333,14:37:48,79.8800,31,2
2026-05-12,000333,14:37:51,79.9000,236,1
2026-05-12,000333,14:37:54,79.9000,122,1
2026-05-12,000333,14:37:57,79.9000,16,2
2026-05-12,000333,14:38:00,79.9000,42,1
2026-05-12,000333,14:38:03,79.9000,181,2
2026-05-12,000333,14:38:06,79.9000,18,1
2026-05-12,000333,14:38:09,79.8800,29,2
2026-05-12,000333,14:38:12,79.8800,124,2
2026-05-12,000333,14:38:15,79.8700,46,2
2026-05-12,000333,14:38:18,79.8700,113,2
2026-05-12,000333,14:38:21,79.8700,16,1
2026-05-12,000333,14:38:24,79.8600,27,2
2026-05-12,000333,14:38:27,79.8600,94,2
2026-05-12,000333,14:38:30,79.8600,70,2
2026-05-12,000333,14:38:33,79.8600,121,2
2026-05-12,000333,14:38:36,79.8700,65,1
2026-05-12,000333,14:38:39,79.8500,14,2
2026-05-12,000333,14:38:42,79.8500,40,2
2026-05-12,000333,14:38:45,79.8600,59,1
2026-05-12,000333,14:38:48,79.8600,53,2
2026-05-12,000333,14:38:51,79.8900,326,1
2026-05-12,000333,14:38:54,79.8800,54,2
2026-05-12,000333,14:38:57,79.8800,27,2
2026-05-12,000333,14:39:00,79.8800,21,2
2026-05-12,000333,14:39:03,79.8900,210,1
2026-05-12,000333,14:39:06,79.8800,29,2
2026-05-12,000333,14:39:09,79.8800,34,2
2026-05-12,000333,14:39:12,79.8800,72,2
2026-05-12,000333,14:39:15,79.8900,10,1
2026-05-12,000333,14:39:18,79.8800,22,2
2026-05-12,000333,14:39:21,79.8900,196,1
2026-05-12,000333,14:39:24,79.8900,33,2
2026-05-12,000333,14:39:27,79.8800,7,2
2026-05-12,000333,14:39:30,79.8800,29,2
2026-05-12,000333,14:39:33,79.8800,164,2
2026-05-12,000333,14:39:36,79.8700,51,2
2026-05-12,000333,14:39:39,79.8800,47,1
2026-05-12,000333,14:39:42,79.8700,23,2
2026-05-12,000333,14:39:45,79.8700,44,2
2026-05-12,000333,14:39:48,79.8700,29,1
2026-05-12,000333,14:39:51,79.8700,7,4
2026-05-12,000333,14:39:54,79.8600,26,2
2026-05-12,000333,14:39:57,79.8600,156,2
2026-05-12,000333,14:40:00,79.8500,157,2
2026-05-12,000333,14:40:03,79.8400,291,2
2026-05-12,000333,14:40:06,79.8200,98,2
2026-05-12,000333,14:40:09,79.8300,104,1
2026-05-12,000333,14:40:12,79.8200,60,2
2026-05-12,000333,14:40:15,79.8200,47,2
2026-05-12,000333,14:40:18,79.8200,39,2
2026-05-12,000333,14:40:21,79.8100,76,2
2026-05-12,000333,14:40:24,79.8200,98,1
2026-05-12,000333,14:40:27,79.8200,27,2
2026-05-12,000333,14:40:30,79.8100,31,2
2026-05-12,000333,14:40:33,79.8200,163,1
2026-05-12,000333,14:40:36,79.8200,79,2
2026-05-12,000333,14:40:39,79.8100,35,2
2026-05-12,000333,14:40:42,79.8100,35,2
2026-05-12,000333,14:40:45,79.8100,35,2
2026-05-12,000333,14:40:48,79.8100,19,2
2026-05-12,000333,14:40:51,79.8200,236,1
2026-05-12,000333,14:40:54,79.8200,100,1
2026-05-12,000333,14:40:57,79.8100,97,2
2026-05-12,000333,14:41:00,79.8300,98,1
2026-05-12,000333,14:41:03,79.8300,325,1
2026-05-12,000333,14:41:06,79.8300,8,2
2026-05-12,000333,14:41:09,79.8400,39,2
2026-05-12,000333,14:41:12,79.8200,49,2
2026-05-12,000333,14:41:15,79.8100,96,2
2026-05-12,000333,14:41:18,79.8300,56,2
2026-05-12,000333,14:41:21,79.8200,78,2
2026-05-12,000333,14:41:24,79.8200,38,2
2026-05-12,000333,14:41:27,79.8200,45,2
2026-05-12,000333,14:41:30,79.8200,20,2
2026-05-12,000333,14:41:33,79.8100,232,2
2026-05-12,000333,14:41:36,79.8100,114,2
2026-05-12,000333,14:41:39,79.8100,18,2
2026-05-12,000333,14:41:42,79.8100,160,1
2026-05-12,000333,14:41:45,79.8200,50,1
2026-05-12,000333,14:41:48,79.8100,36,2
2026-05-12,000333,14:41:51,79.8200,16,1
2026-05-12,000333,14:41:54,79.8100,50,2
2026-05-12,000333,14:41:57,79.8000,11,2
2026-05-12,000333,14:42:00,79.8100,63,1
2026-05-12,000333,14:42:03,79.8100,159,2
2026-05-12,000333,14:42:06,79.8000,27,2
2026-05-12,000333,14:42:09,79.8000,30,2
2026-05-12,000333,14:42:12,79.8000,23,2
2026-05-12,000333,14:42:18,79.8100,55,2
2026-05-12,000333,14:42:21,79.8200,111,1
2026-05-12,000333,14:42:24,79.8200,46,2
2026-05-12,000333,14:42:27,79.8300,196,1
2026-05-12,000333,14:42:30,79.8300,112,2
2026-05-12,000333,14:42:33,79.8300,282,2
2026-05-12,000333,14:42:36,79.8400,51,4
2026-05-12,000333,14:42:39,79.8200,25,2
2026-05-12,000333,14:42:42,79.8100,135,2
2026-05-12,000333,14:42:45,79.8100,21,2
2026-05-12,000333,14:42:48,79.8100,112,2
2026-05-12,000333,14:42:51,79.8200,17,1
2026-05-12,000333,14:42:54,79.8100,36,2
2026-05-12,000333,14:42:57,79.8100,14,2
2026-05-12,000333,14:43:00,79.8100,63,2
2026-05-12,000333,14:43:03,79.8000,151,2
2026-05-12,000333,14:43:06,79.8100,21,1
2026-05-12,000333,14:43:09,79.8000,56,2
2026-05-12,000333,14:43:12,79.7700,891,2
2026-05-12,000333,14:43:15,79.7500,147,2
2026-05-12,000333,14:43:18,79.7600,260,1
2026-05-12,000333,14:43:21,79.7600,231,1
2026-05-12,000333,14:43:24,79.7700,145,1
2026-05-12,000333,14:43:27,79.7500,47,2
2026-05-12,000333,14:43:30,79.7400,101,2
2026-05-12,000333,14:43:33,79.7300,157,2
2026-05-12,000333,14:43:36,79.7800,26,1
2026-05-12,000333,14:43:39,79.7700,85,4
2026-05-12,000333,14:43:42,79.7600,35,2
2026-05-12,000333,14:43:45,79.7600,16,1
2026-05-12,000333,14:43:48,79.7600,38,2
2026-05-12,000333,14:43:51,79.7600,44,1
2026-05-12,000333,14:43:54,79.7600,36,1
2026-05-12,000333,14:43:57,79.7600,49,2
2026-05-12,000333,14:44:00,79.7600,41,2
2026-05-12,000333,14:44:03,79.7500,230,2
2026-05-12,000333,14:44:06,79.7500,77,1
2026-05-12,000333,14:44:09,79.7600,78,1
2026-05-12,000333,14:44:12,79.7500,27,2
2026-05-12,000333,14:44:15,79.7700,148,1
2026-05-12,000333,14:44:18,79.7700,83,2
2026-05-12,000333,14:44:21,79.7700,10,2
2026-05-12,000333,14:44:24,79.7600,50,2
2026-05-12,000333,14:44:27,79.7700,12,4
2026-05-12,000333,14:44:30,79.7800,6,1
2026-05-12,000333,14:44:33,79.7600,293,2
2026-05-12,000333,14:44:36,79.7600,69,1
2026-05-12,000333,14:44:39,79.7500,336,2
2026-05-12,000333,14:44:42,79.7600,646,1
2026-05-12,000333,14:44:45,79.7800,19,1
2026-05-12,000333,14:44:48,79.7700,148,2
2026-05-12,000333,14:44:51,79.7800,35,1
2026-05-12,000333,14:44:54,79.7800,64,4
2026-05-12,000333,14:44:57,79.7900,20,1
2026-05-12,000333,14:45:00,79.7800,24,2
2026-05-12,000333,14:45:03,79.8000,51,1
2026-05-12,000333,14:45:06,79.8000,23,1
2026-05-12,000333,14:45:09,79.7900,87,2
2026-05-12,000333,14:45:12,79.7800,115,2
2026-05-12,000333,14:45:15,79.7900,41,2
2026-05-12,000333,14:45:18,79.7900,42,2
2026-05-12,000333,14:45:21,79.8000,24,2
2026-05-12,000333,14:45:24,79.8100,120,1
2026-05-12,000333,14:45:27,79.8200,48,1
2026-05-12,000333,14:45:30,79.8300,9,1
2026-05-12,000333,14:45:33,79.8300,42,1
2026-05-12,000333,14:45:36,79.8200,167,2
2026-05-12,000333,14:45:39,79.8100,24,2
2026-05-12,000333,14:45:42,79.8000,39,2
2026-05-12,000333,14:45:45,79.8000,54,2
2026-05-12,000333,14:45:48,79.8000,33,2
2026-05-12,000333,14:45:51,79.8000,37,2
2026-05-12,000333,14:45:54,79.8000,139,1
2026-05-12,000333,14:45:57,79.7900,22,2
2026-05-12,000333,14:46:00,79.7800,29,2
2026-05-12,000333,14:46:03,79.8000,126,1
2026-05-12,000333,14:46:06,79.7800,154,2
2026-05-12,000333,14:46:09,79.7900,43,2
2026-05-12,000333,14:46:12,79.7800,13,2
2026-05-12,000333,14:46:15,79.7800,12,2
2026-05-12,000333,14:46:18,79.7800,5,2
2026-05-12,000333,14:46:21,79.7900,38,1
2026-05-12,000333,14:46:24,79.7900,45,2
2026-05-12,000333,14:46:27,79.7800,15,2
2026-05-12,000333,14:46:30,79.7900,46,4
2026-05-12,000333,14:46:33,79.7800,53,2
2026-05-12,000333,14:46:36,79.7900,159,4
2026-05-12,000333,14:46:39,79.7700,161,2
2026-05-12,000333,14:46:42,79.7800,22,1
2026-05-12,000333,14:46:45,79.7600,137,2
2026-05-12,000333,14:46:48,79.7800,81,1
2026-05-12,000333,14:46:51,79.7900,21,1
2026-05-12,000333,14:46:54,79.7900,244,1
2026-05-12,000333,14:46:57,79.8200,31,2
2026-05-12,000333,14:47:00,79.8200,83,1
2026-05-12,000333,14:47:03,79.8200,99,1
2026-05-12,000333,14:47:06,79.8000,145,2
2026-05-12,000333,14:47:09,79.8000,80,2
2026-05-12,000333,14:47:12,79.7900,94,2
2026-05-12,000333,14:47:15,79.8000,98,1
2026-05-12,000333,14:47:18,79.7800,103,2
2026-05-12,000333,14:47:21,79.7800,28,2
2026-05-12,000333,14:47:24,79.7800,69,2
2026-05-12,000333,14:47:27,79.7700,60,2
2026-05-12,000333,14:47:30,79.7700,38,2
2026-05-12,000333,14:47:33,79.7800,119,1
2026-05-12,000333,14:47:36,79.7700,137,4
2026-05-12,000333,14:47:39,79.7600,104,2
2026-05-12,000333,14:47:42,79.7600,46,1
2026-05-12,000333,14:47:45,79.7700,58,1
2026-05-12,000333,14:47:48,79.7600,90,2
2026-05-12,000333,14:47:51,79.7800,288,1
2026-05-12,000333,14:47:54,79.7800,80,2
2026-05-12,000333,14:47:57,79.7800,22,4
2026-05-12,000333,14:48:00,79.7900,106,1
2026-05-12,000333,14:48:03,79.8000,112,1
2026-05-12,000333,14:48:06,79.7800,200,2
2026-05-12,000333,14:48:09,79.7800,255,2
2026-05-12,000333,14:48:12,79.7700,65,2
2026-05-12,000333,14:48:15,79.7700,171,2
2026-05-12,000333,14:48:18,79.7800,312,1
2026-05-12,000333,14:48:21,79.7800,64,2
2026-05-12,000333,14:48:24,79.7800,73,2
2026-05-12,000333,14:48:27,79.7800,27,4
2026-05-12,000333,14:48:30,79.7800,215,2
2026-05-12,000333,14:48:33,79.7800,47,1
2026-05-12,000333,14:48:36,79.7700,244,2
2026-05-12,000333,14:48:39,79.7800,48,1
2026-05-12,000333,14:48:42,79.8100,371,1
2026-05-12,000333,14:48:45,79.8000,45,2
2026-05-12,000333,14:48:48,79.7900,107,2
2026-05-12,000333,14:48:51,79.7900,20,2
2026-05-12,000333,14:48:54,79.7800,32,2
2026-05-12,000333,14:48:57,79.8000,29,1
2026-05-12,000333,14:49:00,79.7800,59,2
2026-05-12,000333,14:49:03,79.8200,229,1
2026-05-12,000333,14:49:06,79.8200,42,2
2026-05-12,000333,14:49:09,79.8100,108,2
2026-05-12,000333,14:49:12,79.8000,5,2
2026-05-12,000333,14:49:15,79.8200,49,1
2026-05-12,000333,14:49:18,79.8000,69,2
2026-05-12,000333,14:49:21,79.8100,203,1
2026-05-12,000333,14:49:24,79.8100,3,1
2026-05-12,000333,14:49:27,79.8000,44,2
2026-05-12,000333,14:49:30,79.8000,83,2
2026-05-12,000333,14:49:33,79.8100,277,1
2026-05-12,000333,14:49:36,79.8200,150,4
2026-05-12,000333,14:49:39,79.8200,56,1
2026-05-12,000333,14:49:42,79.8200,49,1
2026-05-12,000333,14:49:45,79.8200,64,1
2026-05-12,000333,14:49:48,79.8100,26,2
2026-05-12,000333,14:49:51,79.8100,18,2
2026-05-12,000333,14:49:57,79.8100,42,2
2026-05-12,000333,14:50:00,79.8200,55,1
2026-05-12,000333,14:50:03,79.8200,287,2
2026-05-12,000333,14:50:06,79.8200,124,1
2026-05-12,000333,14:50:09,79.8200,27,2
2026-05-12,000333,14:50:12,79.8200,86,2
2026-05-12,000333,14:50:15,79.8200,56,1
2026-05-12,000333,14:50:18,79.8400,229,1
2026-05-12,000333,14:50:21,79.8500,26,1
2026-05-12,000333,14:50:24,79.8300,62,2
2026-05-12,000333,14:50:27,79.8200,58,2
2026-05-12,000333,14:50:30,79.8200,69,2
2026-05-12,000333,14:50:33,79.8200,53,2
2026-05-12,000333,14:50:36,79.8100,113,2
2026-05-12,000333,14:50:39,79.8200,70,1
2026-05-12,000333,14:50:42,79.8100,115,2
2026-05-12,000333,14:50:45,79.8000,41,2
2026-05-12,000333,14:50:48,79.8100,145,1
2026-05-12,000333,14:50:51,79.8000,62,2
2026-05-12,000333,14:50:54,79.8100,29,2
2026-05-12,000333,14:50:57,79.8100,21,2
2026-05-12,000333,14:51:00,79.8100,50,2
2026-05-12,000333,14:51:03,79.8200,73,1
2026-05-12,000333,14:51:06,79.8200,122,1
2026-05-12,000333,14:51:09,79.8400,66,1
2026-05-12,000333,14:51:12,79.8500,19,1
2026-05-12,000333,14:51:15,79.8400,155,2
2026-05-12,000333,14:51:18,79.8300,15,2
2026-05-12,000333,14:51:21,79.8300,32,2
2026-05-12,000333,14:51:24,79.8400,30,1
2026-05-12,000333,14:51:27,79.8400,9,1
2026-05-12,000333,14:51:30,79.8400,15,2
2026-05-12,000333,14:51:33,79.8400,2,2
2026-05-12,000333,14:51:36,79.8400,28,2
2026-05-12,000333,14:51:39,79.8500,59,1
2026-05-12,000333,14:51:42,79.8500,75,1
2026-05-12,000333,14:51:45,79.8700,325,1
2026-05-12,000333,14:51:48,79.8700,14,2
2026-05-12,000333,14:51:51,79.8800,27,4
2026-05-12,000333,14:51:54,79.9200,71,1
2026-05-12,000333,14:51:57,79.8800,132,2
2026-05-12,000333,14:52:00,79.8800,143,2
2026-05-12,000333,14:52:03,79.8700,82,2
2026-05-12,000333,14:52:06,79.8800,181,1
2026-05-12,000333,14:52:09,79.8800,50,1
2026-05-12,000333,14:52:12,79.8800,22,1
2026-05-12,000333,14:52:15,79.8700,24,2
2026-05-12,000333,14:52:18,79.8700,7,2
2026-05-12,000333,14:52:21,79.8800,76,1
2026-05-12,000333,14:52:24,79.8700,49,2
2026-05-12,000333,14:52:27,79.8800,1,1
2026-05-12,000333,14:52:30,79.8900,209,1
2026-05-12,000333,14:52:33,79.9000,5,4
2026-05-12,000333,14:52:36,79.9100,8,1
2026-05-12,000333,14:52:39,79.9100,17,1
2026-05-12,000333,14:52:42,79.9000,20,2
2026-05-12,000333,14:52:45,79.9100,75,1
2026-05-12,000333,14:52:48,79.9000,55,2
2026-05-12,000333,14:52:51,79.9000,23,2
2026-05-12,000333,14:52:54,79.9000,1,2
2026-05-12,000333,14:52:57,79.9000,56,2
2026-05-12,000333,14:53:00,79.9000,22,2
2026-05-12,000333,14:53:03,79.9100,21,1
2026-05-12,000333,14:53:06,79.9000,379,2
2026-05-12,000333,14:53:09,79.9700,15,1
2026-05-12,000333,14:53:12,79.9600,82,2
2026-05-12,000333,14:53:15,79.9200,129,2
2026-05-12,000333,14:53:18,79.9300,92,2
2026-05-12,000333,14:53:21,79.9100,103,2
2026-05-12,000333,14:53:24,79.9200,14,1
2026-05-12,000333,14:53:27,79.9100,59,2
2026-05-12,000333,14:53:30,79.9100,29,2
2026-05-12,000333,14:53:33,79.9200,182,1
2026-05-12,000333,14:53:36,79.9100,77,4
2026-05-12,000333,14:53:39,79.9100,11,2
2026-05-12,000333,14:53:42,79.9200,24,1
2026-05-12,000333,14:53:45,79.9100,109,1
2026-05-12,000333,14:53:48,79.9200,12,1
2026-05-12,000333,14:53:51,79.9200,21,1
2026-05-12,000333,14:53:54,79.9200,23,2
2026-05-12,000333,14:53:57,79.9200,159,2
2026-05-12,000333,14:54:00,79.9300,75,1
2026-05-12,000333,14:54:03,79.9400,34,1
2026-05-12,000333,14:54:06,79.9300,15,2
2026-05-12,000333,14:54:09,79.9300,40,2
2026-05-12,000333,14:54:12,79.9400,38,1
2026-05-12,000333,14:54:15,79.9300,2,2
2026-05-12,000333,14:54:18,79.9400,29,1
2026-05-12,000333,14:54:21,79.9400,24,1
2026-05-12,000333,14:54:24,79.9300,31,2
2026-05-12,000333,14:54:27,79.9700,547,1
2026-05-12,000333,14:54:30,79.9700,95,2
2026-05-12,000333,14:54:33,79.9700,13,2
2026-05-12,000333,14:54:36,79.9700,578,2
2026-05-12,000333,14:54:39,79.9700,11,2
2026-05-12,000333,14:54:42,79.9700,68,2
2026-05-12,000333,14:54:45,79.9800,203,1
2026-05-12,000333,14:54:48,79.9800,33,2
2026-05-12,000333,14:54:51,80.0100,21,1
2026-05-12,000333,14:54:54,79.9800,130,2
2026-05-12,000333,14:54:57,80.0100,328,1
2026-05-12,000333,14:55:00,80.0300,13,4
2026-05-12,000333,14:55:03,80.0500,138,1
2026-05-12,000333,14:55:06,80.0500,45,1
2026-05-12,000333,14:55:09,80.0300,68,2
2026-05-12,000333,14:55:12,80.0500,48,1
2026-05-12,000333,14:55:15,80.0800,36,1
2026-05-12,000333,14:55:18,80.0700,113,2
2026-05-12,000333,14:55:21,80.0700,96,2
2026-05-12,000333,14:55:24,80.1300,86,1
2026-05-12,000333,14:55:27,80.0600,89,2
2026-05-12,000333,14:55:30,80.0600,43,1
2026-05-12,000333,14:55:33,80.0600,36,2
2026-05-12,000333,14:55:36,80.0600,68,2
2026-05-12,000333,14:55:39,80.0600,55,2
2026-05-12,000333,14:55:42,80.0300,88,2
2026-05-12,000333,14:55:45,80.0600,136,1
2026-05-12,000333,14:55:48,80.0800,48,1
2026-05-12,000333,14:55:51,80.0800,43,1
2026-05-12,000333,14:55:54,80.0500,26,2
2026-05-12,000333,14:55:57,80.0300,43,4
2026-05-12,000333,14:56:00,80.0800,68,1
2026-05-12,000333,14:56:03,80.0800,144,1
2026-05-12,000333,14:56:06,80.0700,48,1
2026-05-12,000333,14:56:09,80.0800,24,1
2026-05-12,000333,14:56:12,80.0800,63,1
2026-05-12,000333,14:56:15,80.0800,56,1
2026-05-12,000333,14:56:18,80.1000,44,1
2026-05-12,000333,14:56:21,80.0700,76,2
2026-05-12,000333,14:56:24,80.0300,61,2
2026-05-12,000333,14:56:27,80.3000,6146,1
2026-05-12,000333,14:56:30,80.2400,136,1
2026-05-12,000333,14:56:33,80.1400,274,1
2026-05-12,000333,14:56:36,80.1900,221,1
2026-05-12,000333,14:56:39,80.4000,5055,1
2026-05-12,000333,14:56:42,80.3300,99,1
2026-05-12,000333,14:56:45,80.3100,76,1
2026-05-12,000333,14:56:48,80.1800,49,2
2026-05-12,000333,14:56:51,80.1300,60,2
2026-05-12,000333,14:56:54,80.1500,80,1
2026-05-12,000333,14:56:57,80.2300,84,1
2026-05-12,000333,14:57:00,80.1300,3,2
2026-05-12,000333,15:00:00,80.0900,5154,4
2026-05-12,000333,13:16:21,80.3600,65,1
2026-05-12,000333,13:16:24,80.3500,23,2
2026-05-12,000333,13:16:27,80.3500,13,2
2026-05-12,000333,13:16:30,80.3400,55,2
2026-05-12,000333,13:16:36,80.3500,20,1
2026-05-12,000333,13:16:39,80.3500,18,1
2026-05-12,000333,13:16:42,80.3500,43,1
2026-05-12,000333,13:16:45,80.3500,36,1
2026-05-12,000333,13:16:48,80.3600,54,1
2026-05-12,000333,13:16:51,80.3600,4,1
2026-05-12,000333,13:16:54,80.3400,100,2
2026-05-12,000333,13:16:57,80.3400,28,4
2026-05-12,000333,13:17:00,80.3400,74,1
2026-05-12,000333,13:17:03,80.3200,12,2
2026-05-12,000333,13:17:06,80.3300,24,4
2026-05-12,000333,13:17:09,80.3200,24,2
2026-05-12,000333,13:17:12,80.3100,47,2
2026-05-12,000333,13:17:15,80.3200,21,1
2026-05-12,000333,13:17:18,80.3100,41,2
2026-05-12,000333,13:17:21,80.3000,21,2
2026-05-12,000333,13:17:24,80.3000,39,2
2026-05-12,000333,13:17:27,80.3000,52,2
2026-05-12,000333,13:17:30,80.2800,23,2
2026-05-12,000333,13:17:33,80.2800,3,2
2026-05-12,000333,13:17:36,80.2700,32,2
2026-05-12,000333,13:17:39,80.3000,17,1
2026-05-12,000333,13:17:42,80.2900,16,1
2026-05-12,000333,13:17:45,80.3000,55,1
2026-05-12,000333,13:17:48,80.2900,43,2
2026-05-12,000333,13:17:51,80.3000,30,4
2026-05-12,000333,13:17:54,80.3000,22,4
2026-05-12,000333,13:17:57,80.3100,35,1
2026-05-12,000333,13:18:00,80.3300,28,1
2026-05-12,000333,13:18:03,80.3300,85,2
2026-05-12,000333,13:18:06,80.3200,37,2
2026-05-12,000333,13:18:09,80.3500,41,1
2026-05-12,000333,13:18:12,80.3200,54,2
2026-05-12,000333,13:18:15,80.3600,35,1
2026-05-12,000333,13:18:18,80.3200,17,2
2026-05-12,000333,13:18:21,80.3300,29,2
2026-05-12,000333,13:18:24,80.3200,58,2
2026-05-12,000333,13:18:27,80.3300,55,1
2026-05-12,000333,13:18:30,80.3400,43,1
2026-05-12,000333,13:18:33,80.3300,20,1
2026-05-12,000333,13:18:36,80.3300,9,1
2026-05-12,000333,13:18:39,80.3300,18,1
2026-05-12,000333,13:18:42,80.3300,46,2
2026-05-12,000333,13:18:45,80.3600,57,1
2026-05-12,000333,13:18:48,80.3700,26,1
2026-05-12,000333,13:18:51,80.3600,21,4
2026-05-12,000333,13:18:54,80.3700,97,1
2026-05-12,000333,13:18:57,80.3600,49,1
2026-05-12,000333,13:19:00,80.3600,108,1
2026-05-12,000333,13:19:03,80.3600,35,2
2026-05-12,000333,13:19:06,80.3600,129,2
2026-05-12,000333,13:19:09,80.3700,103,4
2026-05-12,000333,13:19:12,80.3600,61,2
2026-05-12,000333,13:19:15,80.3600,26,1
2026-05-12,000333,13:19:18,80.3700,22,1
2026-05-12,000333,13:19:21,80.4000,84,1
2026-05-12,000333,13:19:24,80.3600,40,2
2026-05-12,000333,13:19:27,80.3700,30,2
2026-05-12,000333,13:19:30,80.4000,43,1
2026-05-12,000333,13:19:33,80.4200,40,1
2026-05-12,000333,13:19:36,80.4000,58,2
2026-05-12,000333,13:19:39,80.3900,33,2
2026-05-12,000333,13:19:42,80.3800,67,2
2026-05-12,000333,13:19:45,80.3900,16,1
2026-05-12,000333,13:19:48,80.3600,31,2
2026-05-12,000333,13:19:51,80.4000,17,1
2026-05-12,000333,13:19:54,80.4000,9,1
2026-05-12,000333,13:19:57,80.3900,23,2
2026-05-12,000333,13:20:00,80.3700,34,2
2026-05-12,000333,13:20:03,80.4100,59,1
2026-05-12,000333,13:20:06,80.3700,52,2
2026-05-12,000333,13:20:09,80.3700,39,2
2026-05-12,000333,13:20:12,80.3700,116,1
2026-05-12,000333,13:20:15,80.3700,45,1
2026-05-12,000333,13:20:18,80.3700,28,1
2026-05-12,000333,13:20:21,80.3700,25,1
2026-05-12,000333,13:20:24,80.3700,37,2
2026-05-12,000333,13:20:27,80.3800,27,1
2026-05-12,000333,13:20:30,80.3900,39,1
2026-05-12,000333,13:20:33,80.3900,64,1
2026-05-12,000333,13:20:36,80.3800,76,2
2026-05-12,000333,13:20:39,80.3600,123,2
2026-05-12,000333,13:20:42,80.3700,268,1
2026-05-12,000333,13:20:45,80.3600,50,2
2026-05-12,000333,13:20:48,80.3300,13,2
2026-05-12,000333,13:20:51,80.3400,60,2
2026-05-12,000333,13:20:54,80.3200,70,2
2026-05-12,000333,13:20:57,80.3200,38,1
2026-05-12,000333,13:21:00,80.3000,34,2
2026-05-12,000333,13:21:03,80.3100,54,2
2026-05-12,000333,13:21:06,80.3100,17,1
2026-05-12,000333,13:21:09,80.3400,13,1
2026-05-12,000333,13:21:12,80.3100,30,2
2026-05-12,000333,13:21:15,80.2800,125,2
2026-05-12,000333,13:21:18,80.2900,71,4
2026-05-12,000333,13:21:21,80.2700,56,2
2026-05-12,000333,13:21:24,80.2700,76,2
2026-05-12,000333,13:21:27,80.2800,70,1
2026-05-12,000333,13:21:30,80.2700,67,2
2026-05-12,000333,13:21:33,80.2700,136,2
2026-05-12,000333,13:21:36,80.2300,125,2
2026-05-12,000333,13:21:39,80.2800,31,1
2026-05-12,000333,13:21:42,80.2700,35,1
2026-05-12,000333,13:21:45,80.2300,124,2
2026-05-12,000333,13:21:48,80.2700,52,2
2026-05-12,000333,13:21:51,80.2700,12,2
2026-05-12,000333,13:21:54,80.2800,79,1
2026-05-12,000333,13:21:57,80.2700,23,1
2026-05-12,000333,13:22:00,80.2800,20,1
2026-05-12,000333,13:22:03,80.2400,35,2
2026-05-12,000333,13:22:06,80.2300,84,2
2026-05-12,000333,13:22:09,80.2300,92,1
2026-05-12,000333,13:22:12,80.2400,78,4
2026-05-12,000333,13:22:15,80.2400,38,2
2026-05-12,000333,13:22:18,80.2300,16,2
2026-05-12,000333,13:22:21,80.2400,67,1
2026-05-12,000333,13:22:24,80.2300,37,2
2026-05-12,000333,13:22:27,80.2100,92,2
2026-05-12,000333,13:22:30,80.2100,24,2
2026-05-12,000333,13:22:33,80.2100,40,2
2026-05-12,000333,13:22:36,80.2200,61,1
2026-05-12,000333,13:22:39,80.2200,15,1
2026-05-12,000333,13:22:42,80.2200,25,4
2026-05-12,000333,13:22:45,80.2100,50,2
2026-05-12,000333,13:22:48,80.2000,49,2
2026-05-12,000333,13:22:51,80.2100,106,1
2026-05-12,000333,13:22:54,80.2300,122,1
2026-05-12,000333,13:22:57,80.2200,68,2
2026-05-12,000333,13:23:00,80.2300,22,1
2026-05-12,000333,13:23:03,80.2200,91,2
2026-05-12,000333,13:23:06,80.2100,48,2
2026-05-12,000333,13:23:09,80.2200,54,4
2026-05-12,000333,13:23:12,80.2000,63,2
2026-05-12,000333,13:23:15,80.2200,76,1
2026-05-12,000333,13:23:18,80.2200,271,1
2026-05-12,000333,13:23:21,80.2200,44,1
2026-05-12,000333,13:23:24,80.2200,62,2
2026-05-12,000333,13:23:27,80.2200,30,2
2026-05-12,000333,13:23:30,80.2000,68,2
2026-05-12,000333,13:23:33,80.2200,186,1
2026-05-12,000333,13:23:36,80.2100,50,2
2026-05-12,000333,13:23:39,80.2200,7,1
2026-05-12,000333,13:23:42,80.2100,36,2
2026-05-12,000333,13:23:45,80.2200,6,2
2026-05-12,000333,13:23:48,80.2200,14,4
2026-05-12,000333,13:23:51,80.2200,12,2
2026-05-12,000333,13:23:54,80.2200,12,2
2026-05-12,000333,13:23:57,80.2300,19,1
2026-05-12,000333,13:24:00,80.2300,12,1
2026-05-12,000333,13:24:03,80.2000,257,2
2026-05-12,000333,13:24:06,80.2000,20,1
2026-05-12,000333,13:24:09,80.2000,64,1
2026-05-12,000333,13:24:12,80.2100,24,1
2026-05-12,000333,13:24:15,80.2100,5,1
2026-05-12,000333,13:24:18,80.2000,137,2
2026-05-12,000333,13:24:21,80.2100,18,1
2026-05-12,000333,13:24:24,80.2100,34,1
2026-05-12,000333,13:24:27,80.2100,17,2
2026-05-12,000333,13:24:30,80.2200,34,1
2026-05-12,000333,13:24:33,80.2100,13,2
2026-05-12,000333,13:24:39,80.2200,12,1
2026-05-12,000333,13:24:42,80.2200,8,1
2026-05-12,000333,13:24:45,80.2200,11,2
2026-05-12,000333,13:24:48,80.2200,5,2
2026-05-12,000333,13:24:51,80.2200,21,2
2026-05-12,000333,13:24:54,80.2100,28,2
2026-05-12,000333,13:24:57,80.2100,31,2
2026-05-12,000333,13:25:00,80.2200,26,1
2026-05-12,000333,13:25:03,80.2100,58,2
2026-05-12,000333,13:25:06,80.2000,93,2
2026-05-12,000333,13:25:09,80.2000,201,2
2026-05-12,000333,13:25:12,80.2100,210,1
2026-05-12,000333,13:25:15,80.2000,18,2
2026-05-12,000333,13:25:18,80.2000,53,2
2026-05-12,000333,13:25:21,80.2200,21,1
2026-05-12,000333,13:25:24,80.2000,171,2
2026-05-12,000333,13:25:27,80.2000,29,2
2026-05-12,000333,13:25:30,80.2200,32,1
2026-05-12,000333,13:25:33,80.2200,48,1
2026-05-12,000333,13:25:36,80.2200,39,2
2026-05-12,000333,13:25:39,80.2300,34,4
2026-05-12,000333,13:25:42,80.2400,242,1
2026-05-12,000333,13:25:45,80.2400,149,1
2026-05-12,000333,13:25:48,80.2100,25,2
2026-05-12,000333,13:25:51,80.2100,57,2
2026-05-12,000333,13:25:54,80.2100,153,1
2026-05-12,000333,13:25:57,80.2100,24,1
2026-05-12,000333,13:26:00,80.2300,119,1
2026-05-12,000333,13:26:03,80.2700,303,1
2026-05-12,000333,13:26:06,80.2700,129,1
2026-05-12,000333,13:26:09,80.2100,65,2
2026-05-12,000333,13:26:12,80.2100,67,2
2026-05-12,000333,13:26:15,80.2000,158,2
2026-05-12,000333,13:26:18,80.2000,38,2
2026-05-12,000333,13:26:21,80.2100,123,1
2026-05-12,000333,13:26:24,80.2100,68,2
2026-05-12,000333,13:26:27,80.2200,18,1
2026-05-12,000333,13:26:33,80.2200,77,1
2026-05-12,000333,13:26:36,80.2200,4,2
2026-05-12,000333,13:26:39,80.2200,153,1
2026-05-12,000333,13:26:42,80.2200,36,2
2026-05-12,000333,13:26:45,80.2300,4,1
2026-05-12,000333,13:26:48,80.2200,60,2
2026-05-12,000333,13:26:51,80.2200,145,1
2026-05-12,000333,13:26:54,80.2200,46,1
2026-05-12,000333,13:26:57,80.2100,43,2
2026-05-12,000333,13:27:00,80.2400,372,1
2026-05-12,000333,13:27:03,80.2400,100,2
2026-05-12,000333,13:27:06,80.2500,155,1
2026-05-12,000333,13:27:09,80.2900,334,1
2026-05-12,000333,13:27:12,80.2200,220,2
2026-05-12,000333,13:27:15,80.2000,53,2
2026-05-12,000333,13:27:18,80.2100,81,2
2026-05-12,000333,13:27:21,80.2800,67,1
2026-05-12,000333,13:27:24,80.2300,182,2
2026-05-12,000333,13:27:27,80.2200,78,2
2026-05-12,000333,13:27:30,80.2600,100,1
2026-05-12,000333,13:27:33,80.2500,9,1
2026-05-12,000333,13:27:36,80.2300,62,2
2026-05-12,000333,13:27:39,80.2500,1,1
2026-05-12,000333,13:27:42,80.2400,55,2
2026-05-12,000333,13:27:45,80.2500,161,1
2026-05-12,000333,13:27:48,80.2500,40,2
2026-05-12,000333,13:27:51,80.2600,46,1
2026-05-12,000333,13:27:54,80.2600,84,1
2026-05-12,000333,13:27:57,80.2600,71,2
2026-05-12,000333,13:28:00,80.2600,16,1
2026-05-12,000333,13:28:03,80.2400,37,1
2026-05-12,000333,13:28:06,80.2200,53,2
2026-05-12,000333,13:28:09,80.2100,76,2
2026-05-12,000333,13:28:12,80.2000,154,2
2026-05-12,000333,13:28:15,80.2000,203,2
2026-05-12,000333,13:28:18,80.2000,62,2
2026-05-12,000333,13:28:21,80.2500,58,1
2026-05-12,000333,13:28:24,80.2500,3,1
2026-05-12,000333,13:28:27,80.2200,57,1
2026-05-12,000333,13:28:30,80.2200,6,1
2026-05-12,000333,13:28:33,80.2300,45,1
2026-05-12,000333,13:28:36,80.2100,18,1
2026-05-12,000333,13:28:39,80.2000,35,2
2026-05-12,000333,13:28:42,80.2200,34,1
2026-05-12,000333,13:28:45,80.2000,42,2
2026-05-12,000333,13:28:48,80.2100,76,4
2026-05-12,000333,13:28:51,80.2000,62,2
2026-05-12,000333,13:28:54,80.2100,31,1
2026-05-12,000333,13:28:57,80.2000,78,2
2026-05-12,000333,13:29:00,80.2100,156,1
2026-05-12,000333,13:29:03,80.2400,42,1
2026-05-12,000333,13:29:06,80.2200,10,2
2026-05-12,000333,13:29:09,80.2500,27,1
2026-05-12,000333,13:29:12,80.2400,44,2
2026-05-12,000333,13:29:15,80.2300,90,4
2026-05-12,000333,13:29:18,80.2600,18,1
2026-05-12,000333,13:29:21,80.2500,10,1
2026-05-12,000333,13:29:24,80.2600,16,1
2026-05-12,000333,13:29:27,80.2600,22,2
2026-05-12,000333,13:29:30,80.2500,27,2
2026-05-12,000333,13:29:33,80.2400,34,2
2026-05-12,000333,13:29:36,80.2500,47,1
2026-05-12,000333,13:29:39,80.2500,27,2
2026-05-12,000333,13:29:42,80.2400,100,2
2026-05-12,000333,13:29:45,80.2300,65,2
2026-05-12,000333,13:29:48,80.2200,55,2
2026-05-12,000333,13:29:51,80.2200,53,2
2026-05-12,000333,13:29:54,80.2200,71,2
2026-05-12,000333,13:29:57,80.2400,6,1
2026-05-12,000333,13:30:00,80.2400,28,1
2026-05-12,000333,13:30:03,80.2400,46,2
2026-05-12,000333,13:30:06,80.2500,49,1
2026-05-12,000333,13:30:09,80.2500,42,1
2026-05-12,000333,13:30:12,80.2600,40,1
2026-05-12,000333,13:30:15,80.2700,42,1
2026-05-12,000333,13:30:18,80.2400,17,2
2026-05-12,000333,13:30:21,80.2700,11,1
2026-05-12,000333,13:30:24,80.2600,49,2
2026-05-12,000333,13:30:27,80.2800,229,1
2026-05-12,000333,13:30:30,80.2600,54,2
2026-05-12,000333,13:30:33,80.2900,27,1
2026-05-12,000333,13:30:36,80.2600,13,2
2026-05-12,000333,13:30:39,80.2700,16,1
2026-05-12,000333,13:30:42,80.3000,47,1
2026-05-12,000333,13:30:45,80.3000,44,1
2026-05-12,000333,13:30:48,80.2900,24,1
2026-05-12,000333,13:30:51,80.2900,22,1
2026-05-12,000333,13:30:54,80.2800,40,2
2026-05-12,000333,13:30:57,80.2900,34,4
2026-05-12,000333,13:31:00,80.3000,38,1
2026-05-12,000333,13:31:03,80.2800,71,2
2026-05-12,000333,13:31:06,80.2600,29,2
2026-05-12,000333,13:31:09,80.2600,48,2
2026-05-12,000333,13:31:12,80.2600,18,2
2026-05-12,000333,13:31:15,80.2600,154,1
2026-05-12,000333,13:31:18,80.2700,50,1
2026-05-12,000333,13:31:21,80.2700,13,2
2026-05-12,000333,13:31:24,80.2800,25,2
2026-05-12,000333,13:31:27,80.2600,65,2
2026-05-12,000333,13:31:30,80.2500,29,2
2026-05-12,000333,13:31:33,80.2500,65,2
2026-05-12,000333,13:31:36,80.2500,37,2
2026-05-12,000333,13:31:39,80.2600,32,1
2026-05-12,000333,13:31:42,80.2600,24,1
2026-05-12,000333,13:31:45,80.2500,25,2
2026-05-12,000333,13:31:48,80.2600,45,1
2026-05-12,000333,13:31:51,80.3300,254,1
2026-05-12,000333,13:31:54,80.2900,83,2
2026-05-12,000333,13:31:57,80.2900,67,2
2026-05-12,000333,13:32:00,80.2800,201,2
2026-05-12,000333,13:32:03,80.3000,36,1
2026-05-12,000333,13:32:06,80.3100,50,1
2026-05-12,000333,13:32:09,80.3100,11,1
2026-05-12,000333,13:32:12,80.3100,10,1
2026-05-12,000333,13:32:15,80.3100,52,1
2026-05-12,000333,13:32:18,80.2700,157,2
2026-05-12,000333,13:32:21,80.2600,24,2
2026-05-12,000333,13:32:24,80.3100,84,1
2026-05-12,000333,13:32:27,80.2700,5,1
2026-05-12,000333,13:32:30,80.2600,26,2
2026-05-12,000333,13:32:33,80.2700,6,1
2026-05-12,000333,13:32:36,80.2700,4,2
2026-05-12,000333,13:32:39,80.2800,36,1
2026-05-12,000333,13:32:42,80.2700,58,2
2026-05-12,000333,13:32:45,80.2500,129,2
2026-05-12,000333,13:32:48,80.2400,91,2
2026-05-12,000333,13:32:51,80.2500,23,1
2026-05-12,000333,13:32:54,80.2600,17,1
2026-05-12,000333,13:32:57,80.2500,47,2
2026-05-12,000333,13:33:00,80.2400,25,2
2026-05-12,000333,13:33:03,80.2400,4,2
2026-05-12,000333,13:33:06,80.2400,26,2
2026-05-12,000333,13:33:09,80.2600,31,1
2026-05-12,000333,13:33:12,80.2600,32,1
2026-05-12,000333,13:33:15,80.2600,40,2
2026-05-12,000333,13:33:18,80.2700,101,1
2026-05-12,000333,13:33:21,80.2600,37,2
2026-05-12,000333,13:33:24,80.2700,40,1
2026-05-12,000333,13:33:27,80.2700,52,2
2026-05-12,000333,13:33:30,80.2600,34,2
2026-05-12,000333,13:33:33,80.2500,77,2
2026-05-12,000333,13:33:36,80.2500,70,1
2026-05-12,000333,13:33:39,80.2500,48,1
2026-05-12,000333,13:33:42,80.2600,30,1
2026-05-12,000333,13:33:45,80.2600,60,1
2026-05-12,000333,13:33:48,80.2700,50,2
2026-05-12,000333,13:33:51,80.2500,30,2
2026-05-12,000333,13:33:54,80.2800,29,1
2026-05-12,000333,13:33:57,80.2800,14,1
2026-05-12,000333,13:34:00,80.2800,19,1
2026-05-12,000333,13:34:03,80.2700,55,1
2026-05-12,000333,13:34:06,80.2800,44,1
2026-05-12,000333,13:34:09,80.3000,50,1
2026-05-12,000333,13:34:12,80.2500,30,2
2026-05-12,000333,13:34:15,80.2800,11,1
2026-05-12,000333,13:34:18,80.2500,144,2
2026-05-12,000333,13:34:21,80.2600,68,1
2026-05-12,000333,13:34:24,80.2600,10,1
2026-05-12,000333,13:34:27,80.2700,25,1
2026-05-12,000333,13:34:30,80.2700,28,2
2026-05-12,000333,13:34:33,80.2800,17,1
2026-05-12,000333,13:34:36,80.2800,55,2
2026-05-12,000333,13:34:39,80.2700,5,4
2026-05-12,000333,13:34:42,80.2600,31,2
2026-05-12,000333,13:34:45,80.2900,13,1
2026-05-12,000333,13:34:48,80.2600,58,2
2026-05-12,000333,13:34:51,80.2600,12,2
2026-05-12,000333,13:34:54,80.2700,38,1
2026-05-12,000333,13:34:57,80.2600,56,2
2026-05-12,000333,13:35:00,80.2500,14,2
2026-05-12,000333,13:35:03,80.2400,159,2
2026-05-12,000333,13:35:06,80.2500,4,4
2026-05-12,000333,13:35:09,80.2600,38,1
2026-05-12,000333,13:35:12,80.2700,11,1
2026-05-12,000333,13:35:15,80.2500,25,2
2026-05-12,000333,13:35:18,80.2600,59,1
2026-05-12,000333,13:35:21,80.2400,28,2
2026-05-12,000333,13:35:24,80.2600,27,1
2026-05-12,000333,13:35:27,80.2600,20,1
2026-05-12,000333,13:35:30,80.2500,7,2
2026-05-12,000333,13:35:33,80.2500,22,2
2026-05-12,000333,13:35:36,80.2600,16,1
2026-05-12,000333,13:35:39,80.2700,45,1
2026-05-12,000333,13:35:42,80.3000,116,1
2026-05-12,000333,13:35:45,80.2900,89,2
2026-05-12,000333,13:35:48,80.3100,38,1
2026-05-12,000333,13:35:51,80.2900,30,2
2026-05-12,000333,13:35:54,80.2900,72,1
2026-05-12,000333,13:35:57,80.2900,92,1
2026-05-12,000333,13:36:00,80.2900,37,2
2026-05-12,000333,13:36:03,80.3100,13,4
2026-05-12,000333,13:36:06,80.3200,28,2
2026-05-12,000333,13:36:09,80.3000,46,2
2026-05-12,000333,13:36:12,80.3100,84,1
2026-05-12,000333,13:36:15,80.2900,27,2
2026-05-12,000333,13:36:18,80.2900,27,2
2026-05-12,000333,13:36:21,80.2900,116,1
2026-05-12,000333,13:36:24,80.2800,25,2
2026-05-12,000333,13:36:27,80.2900,26,1
2026-05-12,000333,13:36:30,80.3100,72,1
2026-05-12,000333,13:36:33,80.3400,70,1
2026-05-12,000333,13:36:36,80.3200,34,2
2026-05-12,000333,13:36:39,80.3500,85,1
2026-05-12,000333,13:36:42,80.3500,40,1
2026-05-12,000333,13:36:45,80.3500,2,2
2026-05-12,000333,13:36:48,80.3600,23,1
2026-05-12,000333,13:36:51,80.3500,23,2
2026-05-12,000333,13:36:54,80.3600,39,1
2026-05-12,000333,13:36:57,80.3600,30,2
2026-05-12,000333,13:37:00,80.3500,126,2
2026-05-12,000333,13:37:03,80.3400,81,2
2026-05-12,000333,13:37:06,80.3500,34,2
2026-05-12,000333,13:37:09,80.3400,39,2
2026-05-12,000333,13:37:12,80.3400,63,2
2026-05-12,000333,13:37:15,80.3400,36,2
2026-05-12,000333,13:37:18,80.3400,77,2
2026-05-12,000333,13:37:21,80.3400,59,2
2026-05-12,000333,13:37:24,80.3400,83,2
2026-05-12,000333,13:37:27,80.3400,32,2
2026-05-12,000333,13:37:30,80.3600,11,1
2026-05-12,000333,13:37:33,80.3500,45,1
2026-05-12,000333,13:37:36,80.3600,75,1
2026-05-12,000333,13:37:39,80.3600,65,1
2026-05-12,000333,13:37:42,80.3700,49,1
2026-05-12,000333,13:37:45,80.3600,25,2
2026-05-12,000333,13:37:48,80.3500,64,2
2026-05-12,000333,13:37:51,80.3500,207,1
2026-05-12,000333,13:37:54,80.3400,120,2
2026-05-12,000333,13:37:57,80.3700,88,1
2026-05-12,000333,13:38:00,80.3500,89,2
2026-05-12,000333,13:38:03,80.3600,33,1
2026-05-12,000333,13:38:06,80.3400,100,2
2026-05-12,000333,13:38:09,80.3400,10,2
2026-05-12,000333,13:38:12,80.3600,115,1
2026-05-12,000333,13:38:15,80.3400,97,2
2026-05-12,000333,13:38:18,80.3500,44,1
2026-05-12,000333,13:38:21,80.3400,93,2
2026-05-12,000333,13:38:24,80.3500,36,1
2026-05-12,000333,13:38:27,80.3400,57,2
2026-05-12,000333,13:38:30,80.3400,42,2
2026-05-12,000333,13:38:33,80.3600,24,1
2026-05-12,000333,13:38:36,80.3500,37,1
2026-05-12,000333,13:38:39,80.3500,42,1
2026-05-12,000333,13:38:42,80.3500,95,2
2026-05-12,000333,13:38:45,80.3600,43,1
2026-05-12,000333,13:38:48,80.3700,89,1
2026-05-12,000333,13:38:51,80.3900,96,1
2026-05-12,000333,13:38:54,80.3900,55,2
2026-05-12,000333,13:38:57,80.4100,67,1
2026-05-12,000333,13:39:00,80.4200,92,1
2026-05-12,000333,13:39:03,80.4000,83,2
2026-05-12,000333,13:39:06,80.4100,3,1
2026-05-12,000333,13:39:09,80.3900,31,2
2026-05-12,000333,13:39:12,80.4000,48,1
2026-05-12,000333,13:39:15,80.4000,48,1
2026-05-12,000333,13:39:18,80.4000,34,1
2026-05-12,000333,13:39:21,80.3800,30,2
2026-05-12,000333,13:39:24,80.4000,124,1
2026-05-12,000333,13:39:27,80.4000,26,2
2026-05-12,000333,13:39:30,80.4000,20,1
2026-05-12,000333,13:39:33,80.3900,35,1
2026-05-12,000333,13:39:36,80.3900,34,1
2026-05-12,000333,13:39:39,80.4000,38,1
2026-05-12,000333,13:39:42,80.3800,34,2
2026-05-12,000333,13:39:45,80.3800,37,2
2026-05-12,000333,13:39:48,80.3800,9,2
2026-05-12,000333,13:39:51,80.3800,28,2
2026-05-12,000333,13:39:54,80.3900,55,1
2026-05-12,000333,13:39:57,80.3900,63,2
2026-05-12,000333,13:40:00,80.3900,68,1
2026-05-12,000333,13:40:03,80.3800,251,1
2026-05-12,000333,13:40:06,80.4100,181,1
2026-05-12,000333,13:40:09,80.4600,154,1
2026-05-12,000333,13:40:12,80.4300,116,2
2026-05-12,000333,13:40:15,80.4600,35,1
2026-05-12,000333,13:40:18,80.4700,42,1
2026-05-12,000333,13:40:21,80.4700,60,2
2026-05-12,000333,13:40:24,80.4900,227,1
2026-05-12,000333,13:40:27,80.4900,61,2
2026-05-12,000333,13:40:30,80.4900,11,2
2026-05-12,000333,13:40:33,80.4900,36,2
2026-05-12,000333,13:40:36,80.4900,40,2
2026-05-12,000333,13:40:39,80.4900,58,2
2026-05-12,000333,13:40:42,80.4900,33,2
2026-05-12,000333,13:40:45,80.5000,20,1
2026-05-12,000333,13:40:48,80.4900,46,4
2026-05-12,000333,13:40:51,80.5000,22,1
2026-05-12,000333,13:40:54,80.4900,29,2
2026-05-12,000333,13:40:57,80.4900,52,2
2026-05-12,000333,13:41:00,80.5000,76,1
2026-05-12,000333,13:41:03,80.5000,34,2
2026-05-12,000333,13:41:06,80.4900,77,2
2026-05-12,000333,13:41:09,80.4900,19,1
2026-05-12,000333,13:41:12,80.4900,261,1
2026-05-12,000333,13:41:15,80.4900,251,2
2026-05-12,000333,13:41:18,80.5100,132,1
2026-05-12,000333,13:41:21,80.5100,111,1
2026-05-12,000333,13:41:24,80.5100,92,2
2026-05-12,000333,13:41:27,80.5200,45,1
2026-05-12,000333,13:41:30,80.5100,29,2
2026-05-12,000333,13:41:33,80.5000,47,2
2026-05-12,000333,13:41:36,80.5000,195,2
2026-05-12,000333,13:41:39,80.5000,55,2
2026-05-12,000333,13:41:42,80.5100,102,1
2026-05-12,000333,13:41:45,80.5000,68,2
2026-05-12,000333,13:41:48,80.4900,26,2
2026-05-12,000333,13:41:51,80.4900,27,2
2026-05-12,000333,13:41:54,80.4900,38,2
2026-05-12,000333,13:41:57,80.4900,33,2
2026-05-12,000333,13:42:00,80.5000,33,1
2026-05-12,000333,13:42:03,80.5000,68,2
2026-05-12,000333,13:42:06,80.4900,79,2
2026-05-12,000333,13:42:09,80.5000,47,1
2026-05-12,000333,13:42:12,80.5000,50,4
2026-05-12,000333,13:42:15,80.5100,48,1
2026-05-12,000333,13:42:18,80.4900,20,2
2026-05-12,000333,13:42:21,80.4900,20,2
2026-05-12,000333,13:42:24,80.4900,6,4
2026-05-12,000333,13:42:27,80.5000,64,1
2026-05-12,000333,13:42:30,80.4900,68,4
2026-05-12,000333,13:42:33,80.4800,31,2
2026-05-12,000333,13:42:39,80.4800,40,1
2026-05-12,000333,13:42:42,80.4700,18,1
2026-05-12,000333,13:42:45,80.4600,11,2
2026-05-12,000333,13:42:48,80.4600,45,2
2026-05-12,000333,13:42:51,80.4700,30,1
2026-05-12,000333,13:42:54,80.4200,23,2
2026-05-12,000333,13:42:57,80.4500,68,1
2026-05-12,000333,13:43:00,80.4600,33,4
2026-05-12,000333,13:43:03,80.4700,39,1
2026-05-12,000333,13:43:06,80.4700,55,2
2026-05-12,000333,13:43:09,80.4600,74,4
2026-05-12,000333,13:43:12,80.4600,42,1
2026-05-12,000333,13:43:15,80.4200,51,2
2026-05-12,000333,13:43:18,80.4100,13,2
2026-05-12,000333,13:43:21,80.4000,31,2
2026-05-12,000333,13:43:24,80.4000,26,2
2026-05-12,000333,13:43:27,80.4100,84,1
2026-05-12,000333,13:43:30,80.4000,33,2
2026-05-12,000333,13:43:33,80.4100,4,1
2026-05-12,000333,13:43:36,80.4000,30,2
2026-05-12,000333,13:43:39,80.4100,15,1
2026-05-12,000333,13:43:42,80.4000,21,2
2026-05-12,000333,13:43:45,80.4100,68,1
2026-05-12,000333,13:43:48,80.4200,33,1
2026-05-12,000333,13:43:51,80.4000,22,2
2026-05-12,000333,13:43:54,80.4100,16,1
2026-05-12,000333,13:43:57,80.4000,67,2
2026-05-12,000333,13:44:00,80.3900,99,2
2026-05-12,000333,13:44:03,80.3800,69,2
2026-05-12,000333,13:44:06,80.3800,214,1
2026-05-12,000333,13:44:09,80.4000,99,1
2026-05-12,000333,13:44:12,80.3700,32,2
2026-05-12,000333,13:44:15,80.3800,29,1
2026-05-12,000333,13:44:18,80.3800,29,1
2026-05-12,000333,13:44:21,80.3700,14,2
2026-05-12,000333,13:44:24,80.3700,29,2
2026-05-12,000333,13:44:27,80.3700,59,2
2026-05-12,000333,13:44:30,80.3700,28,2
2026-05-12,000333,13:44:33,80.3700,119,1
2026-05-12,000333,13:44:36,80.3700,39,1
2026-05-12,000333,13:44:39,80.3700,12,2
2026-05-12,000333,13:44:42,80.3600,12,2
2026-05-12,000333,13:44:45,80.3500,27,2
2026-05-12,000333,13:44:48,80.3600,43,1
2026-05-12,000333,13:44:51,80.3600,54,1
2026-05-12,000333,13:44:54,80.3500,90,2
2026-05-12,000333,13:44:57,80.3500,51,2
2026-05-12,000333,13:45:00,80.3500,64,2
2026-05-12,000333,13:45:03,80.3600,39,1
2026-05-12,000333,13:45:06,80.3600,37,2
2026-05-12,000333,13:45:09,80.3600,24,1
2026-05-12,000333,13:45:12,80.3800,109,1
2026-05-12,000333,13:45:15,80.3900,37,1
2026-05-12,000333,13:45:18,80.4000,105,1
2026-05-12,000333,13:45:21,80.4200,40,1
2026-05-12,000333,13:45:24,80.4000,11,4
2026-05-12,000333,13:45:27,80.4000,16,2
2026-05-12,000333,13:45:33,80.4100,10,1
2026-05-12,000333,13:45:36,80.4100,29,2
2026-05-12,000333,13:45:39,80.4100,98,2
2026-05-12,000333,13:45:42,80.4200,31,1
2026-05-12,000333,13:45:45,80.4200,18,2
2026-05-12,000333,13:45:48,80.4100,6,2
2026-05-12,000333,13:45:51,80.4000,8,2
2026-05-12,000333,13:45:54,80.4000,11,2
2026-05-12,000333,13:45:57,80.4100,20,1
2026-05-12,000333,13:46:00,80.4100,23,1
2026-05-12,000333,13:46:03,80.4200,75,1
2026-05-12,000333,13:46:06,80.4400,25,1
2026-05-12,000333,13:46:09,80.4300,35,2
2026-05-12,000333,13:46:12,80.4500,26,1
2026-05-12,000333,13:46:15,80.4400,86,2
2026-05-12,000333,13:46:18,80.4600,145,1
2026-05-12,000333,13:46:21,80.4600,46,4
2026-05-12,000333,13:46:24,80.4700,142,1
2026-05-12,000333,13:46:27,80.4600,9,4
2026-05-12,000333,13:46:30,80.4500,95,2
2026-05-12,000333,13:46:33,80.4500,2,2
2026-05-12,000333,13:46:36,80.4600,14,1
2026-05-12,000333,13:46:39,80.4400,41,2
2026-05-12,000333,13:46:42,80.4400,18,2
2026-05-12,000333,13:46:45,80.4400,21,2
2026-05-12,000333,13:46:48,80.4500,123,1
2026-05-12,000333,13:46:51,80.4200,68,2
2026-05-12,000333,13:46:54,80.4600,23,1
2026-05-12,000333,13:46:57,80.4400,2,4
2026-05-12,000333,13:47:00,80.4400,36,1
2026-05-12,000333,13:47:03,80.4400,60,1
2026-05-12,000333,13:47:06,80.4500,72,2
2026-05-12,000333,13:47:09,80.4500,39,2
2026-05-12,000333,13:47:12,80.4600,31,1
2026-05-12,000333,13:47:15,80.4500,17,1
2026-05-12,000333,13:47:18,80.4400,16,2
2026-05-12,000333,13:47:21,80.4500,39,1
2026-05-12,000333,13:47:24,80.4600,13,1
2026-05-12,000333,13:47:27,80.4500,32,1
2026-05-12,000333,13:47:30,80.4500,7,2
2026-05-12,000333,13:47:33,80.4400,22,2
2026-05-12,000333,13:47:36,80.4400,10,2
2026-05-12,000333,13:47:39,80.4400,11,2
2026-05-12,000333,13:47:42,80.4400,13,2
2026-05-12,000333,13:47:45,80.4400,1,2
2026-05-12,000333,13:47:48,80.4500,25,1
2026-05-12,000333,13:47:51,80.4400,21,2
2026-05-12,000333,13:47:54,80.4400,5,2
2026-05-12,000333,13:47:57,80.4400,23,2
2026-05-12,000333,13:48:00,80.4500,22,1
2026-05-12,000333,13:48:03,80.4500,39,1
2026-05-12,000333,13:48:06,80.4400,40,2
2026-05-12,000333,13:48:09,80.4400,17,2
2026-05-12,000333,13:48:12,80.4500,24,1
2026-05-12,000333,13:48:15,80.4400,27,2
2026-05-12,000333,13:48:18,80.4400,19,1
2026-05-12,000333,13:48:21,80.4500,2,1
2026-05-12,000333,13:48:24,80.4600,37,1
2026-05-12,000333,13:48:27,80.4600,174,1
2026-05-12,000333,13:48:30,80.4700,81,1
2026-05-12,000333,13:48:33,80.4500,15,2
2026-05-12,000333,13:48:36,80.4500,35,2
2026-05-12,000333,13:48:39,80.4500,5,2
2026-05-12,000333,13:48:42,80.4600,34,1
2026-05-12,000333,13:48:45,80.4500,39,2
2026-05-12,000333,13:48:48,80.4600,4,1
2026-05-12,000333,13:48:51,80.4500,27,2
2026-05-12,000333,13:48:54,80.4600,12,1
2026-05-12,000333,13:48:57,80.4500,24,2
2026-05-12,000333,13:49:00,80.4600,34,1
2026-05-12,000333,13:49:03,80.4600,17,1
2026-05-12,000333,13:49:06,80.4600,79,1
2026-05-12,000333,13:49:09,80.4500,9,2
2026-05-12,000333,13:49:12,80.4500,40,2
2026-05-12,000333,13:49:15,80.4400,8,2
2026-05-12,000333,13:49:18,80.4400,25,2
2026-05-12,000333,13:49:21,80.4400,65,2
2026-05-12,000333,13:49:24,80.4500,32,1
2026-05-12,000333,13:49:27,80.4500,51,2
2026-05-12,000333,13:49:30,80.4600,29,1
2026-05-12,000333,13:49:33,80.4700,69,1
2026-05-12,000333,13:49:36,80.4600,49,2
2026-05-12,000333,13:49:39,80.4700,49,4
2026-05-12,000333,13:49:42,80.4700,101,1
2026-05-12,000333,13:49:45,80.4800,85,1
2026-05-12,000333,13:49:48,80.4600,70,2
2026-05-12,000333,13:49:51,80.4800,49,1
2026-05-12,000333,13:49:54,80.4900,35,1
2026-05-12,000333,13:49:57,80.4900,23,1
2026-05-12,000333,13:50:00,80.4900,39,1
2026-05-12,000333,13:50:03,80.5000,40,1
2026-05-12,000333,13:50:06,80.4900,56,1
2026-05-12,000333,13:50:09,80.4700,44,2
2026-05-12,000333,13:50:12,80.4800,23,1
2026-05-12,000333,13:50:15,80.4900,55,1
2026-05-12,000333,13:50:18,80.4700,34,2
2026-05-12,000333,13:50:21,80.4700,22,2
2026-05-12,000333,13:50:24,80.4700,38,1
2026-05-12,000333,13:50:27,80.4700,11,1
2026-05-12,000333,13:50:30,80.4700,9,1
2026-05-12,000333,13:50:33,80.4700,12,1
2026-05-12,000333,13:50:36,80.4600,41,2
2026-05-12,000333,13:50:39,80.4600,74,2
2026-05-12,000333,13:50:42,80.4600,62,2
2026-05-12,000333,13:50:45,80.4500,59,2
2026-05-12,000333,13:50:48,80.4600,21,2
2026-05-12,000333,13:50:51,80.4500,74,2
2026-05-12,000333,13:50:54,80.4600,64,1
2026-05-12,000333,13:50:57,80.4500,87,2
2026-05-12,000333,13:51:00,80.4500,39,1
2026-05-12,000333,13:51:03,80.4500,101,1
2026-05-12,000333,13:51:06,80.4400,5,2
2026-05-12,000333,13:51:09,80.4500,22,1
2026-05-12,000333,13:51:12,80.4400,11,2
2026-05-12,000333,13:51:15,80.4400,27,2
2026-05-12,000333,13:51:18,80.4400,31,2
2026-05-12,000333,13:51:21,80.4400,16,2
2026-05-12,000333,13:51:24,80.4500,31,4
2026-05-12,000333,13:51:27,80.4600,8,1
2026-05-12,000333,13:51:30,80.4500,10,2
2026-05-12,000333,13:51:33,80.4400,37,2
2026-05-12,000333,13:51:36,80.4400,26,2
2026-05-12,000333,13:51:39,80.4400,27,2
2026-05-12,000333,13:51:42,80.4500,7,1
2026-05-12,000333,13:51:45,80.4400,58,2
2026-05-12,000333,13:51:48,80.4400,52,2
2026-05-12,000333,13:51:51,80.4400,73,2
2026-05-12,000333,13:51:54,80.4400,18,1
2026-05-12,000333,13:51:57,80.4300,189,2
2026-05-12,000333,13:52:00,80.4200,221,2
2026-05-12,000333,13:52:03,80.4100,57,2
2026-05-12,000333,13:52:06,80.4000,38,2
2026-05-12,000333,13:52:09,80.4000,29,2
2026-05-12,000333,13:52:12,80.3900,179,2
2026-05-12,000333,13:52:15,80.3800,34,2
2026-05-12,000333,13:52:18,80.3700,18,2
2026-05-12,000333,13:52:21,80.3600,6,2
2026-05-12,000333,13:52:24,80.3600,27,2
2026-05-12,000333,13:52:27,80.3600,28,2
2026-05-12,000333,13:52:30,80.3600,33,2
2026-05-12,000333,13:52:33,80.3600,18,2
2026-05-12,000333,13:52:36,80.3600,23,2
2026-05-12,000333,13:52:39,80.3600,2,4
2026-05-12,000333,13:52:42,80.3500,28,2
2026-05-12,000333,13:52:45,80.3500,34,2
2026-05-12,000333,13:52:48,80.3500,60,2
2026-05-12,000333,13:52:51,80.3800,81,1
2026-05-12,000333,13:52:54,80.3700,31,2
2026-05-12,000333,13:52:57,80.3800,72,1
2026-05-12,000333,13:53:00,80.3800,134,2
2026-05-12,000333,13:53:03,80.3700,85,2
2026-05-12,000333,13:53:06,80.3500,483,2
2026-05-12,000333,13:53:09,80.3400,143,2
2026-05-12,000333,13:53:12,80.3500,106,1
2026-05-12,000333,13:53:15,80.3400,9,2
2026-05-12,000333,13:53:18,80.3100,318,2
2026-05-12,000333,13:53:21,80.3100,286,2
2026-05-12,000333,13:53:24,80.3000,86,2
2026-05-12,000333,13:53:27,80.3100,7,1
2026-05-12,000333,13:53:30,80.3000,51,2
2026-05-12,000333,13:53:33,80.3100,13,1
2026-05-12,000333,13:53:36,80.3100,5,1
2026-05-12,000333,13:53:39,80.2800,77,2
2026-05-12,000333,13:53:45,80.3000,59,1
2026-05-12,000333,13:53:48,80.3100,78,1
2026-05-12,000333,13:53:51,80.3100,33,1
2026-05-12,000333,13:53:54,80.3200,13,1
2026-05-12,000333,13:53:57,80.3300,21,1
2026-05-12,000333,13:54:00,80.3500,63,1
2026-05-12,000333,13:54:03,80.3800,43,1
2026-05-12,000333,13:54:06,80.3700,27,4
2026-05-12,000333,13:54:09,80.3700,40,2
2026-05-12,000333,13:54:12,80.3700,39,2
2026-05-12,000333,13:54:15,80.3700,33,2
2026-05-12,000333,13:54:18,80.3700,47,2
2026-05-12,000333,13:54:21,80.3500,32,2
2026-05-12,000333,13:54:24,80.3500,18,2
2026-05-12,000333,13:54:27,80.3500,8,2
2026-05-12,000333,13:54:30,80.3500,45,2
2026-05-12,000333,13:54:33,80.3500,43,2
2026-05-12,000333,13:54:36,80.3800,30,1
2026-05-12,000333,13:54:39,80.3600,19,2
2026-05-12,000333,13:54:42,80.3800,29,1
2026-05-12,000333,13:54:45,80.3700,15,1
2026-05-12,000333,13:54:48,80.3600,22,2
2026-05-12,000333,13:54:51,80.3500,44,2
2026-05-12,000333,13:54:54,80.3300,109,2
2026-05-12,000333,13:54:57,80.3400,30,4
2026-05-12,000333,13:55:00,80.3300,236,2
2026-05-12,000333,13:55:03,80.3200,46,2
2026-05-12,000333,13:55:06,80.3100,25,2
2026-05-12,000333,13:55:09,80.3100,16,2
2026-05-12,000333,13:55:12,80.3200,10,1
2026-05-12,000333,13:55:15,80.3100,24,2
2026-05-12,000333,13:55:18,80.3100,33,2
2026-05-12,000333,13:55:21,80.3100,25,2
2026-05-12,000333,13:55:24,80.3100,18,2
2026-05-12,000333,13:55:27,80.3100,10,2
2026-05-12,000333,13:55:30,80.3100,51,2
2026-05-12,000333,13:55:33,80.3000,97,2
2026-05-12,000333,13:55:36,80.3000,10,2
2026-05-12,000333,13:55:39,80.2900,11,2
2026-05-12,000333,13:55:42,80.3000,2,1
2026-05-12,000333,13:55:45,80.2900,5,2
2026-05-12,000333,13:55:51,80.2900,20,2
2026-05-12,000333,13:55:54,80.2900,3,2
2026-05-12,000333,13:55:57,80.2900,8,2
2026-05-12,000333,13:56:00,80.2900,12,2
2026-05-12,000333,13:56:03,80.3100,101,1
2026-05-12,000333,13:56:06,80.3000,21,2
2026-05-12,000333,13:56:09,80.3000,41,1
2026-05-12,000333,13:56:12,80.2900,5,2
2026-05-12,000333,13:56:15,80.3000,14,1
2026-05-12,000333,13:56:18,80.3000,69,2
2026-05-12,000333,13:56:21,80.3000,5,2
2026-05-12,000333,13:56:24,80.3100,21,1
2026-05-12,000333,13:56:27,80.3000,24,2
2026-05-12,000333,13:56:30,80.3000,11,2
2026-05-12,000333,13:56:33,80.3000,20,2
2026-05-12,000333,13:56:36,80.3000,1,2
2026-05-12,000333,13:56:39,80.3000,23,2
2026-05-12,000333,13:56:42,80.3100,19,1
2026-05-12,000333,13:56:45,80.3100,22,1
2026-05-12,000333,13:56:48,80.3000,98,2
2026-05-12,000333,13:56:51,80.2900,136,2
2026-05-12,000333,13:56:54,80.2600,910,2
2026-05-12,000333,13:56:57,80.2200,279,2
2026-05-12,000333,13:57:00,80.2000,64,2
2026-05-12,000333,13:57:03,80.2200,160,1
2026-05-12,000333,13:57:06,80.2300,41,1
2026-05-12,000333,13:57:09,80.2300,16,2
2026-05-12,000333,13:57:12,80.2200,5,2
2026-05-12,000333,13:57:15,80.2100,34,2
2026-05-12,000333,13:57:18,80.2000,45,2
2026-05-12,000333,13:57:21,80.2000,18,2
2026-05-12,000333,13:57:24,80.2100,23,4
2026-05-12,000333,13:57:27,80.2000,48,2
2026-05-12,000333,13:57:30,80.2000,21,2
2026-05-12,000333,13:57:33,80.2000,29,2
2026-05-12,000333,13:57:36,80.2100,305,1
2026-05-12,000333,13:57:39,80.2000,7,1
2026-05-12,000333,13:57:42,80.1900,22,2
2026-05-12,000333,13:57:45,80.1800,48,2
2026-05-12,000333,13:57:48,80.1900,37,4
2026-05-12,000333,13:57:51,80.1900,21,2
2026-05-12,000333,13:57:54,80.1900,23,1
2026-05-12,000333,13:57:57,80.1800,24,2
2026-05-12,000333,13:58:00,80.1800,31,2
2026-05-12,000333,13:58:03,80.1900,72,1
2026-05-12,000333,13:58:06,80.1800,43,2
2026-05-12,000333,13:58:09,80.1800,42,2
2026-05-12,000333,13:58:12,80.1900,37,1
2026-05-12,000333,13:58:15,80.1900,39,1
2026-05-12,000333,13:58:18,80.1800,34,2
2026-05-12,000333,13:58:21,80.1900,11,1
2026-05-12,000333,13:58:24,80.1800,20,2
2026-05-12,000333,13:58:27,80.1800,8,2
2026-05-12,000333,13:58:30,80.1800,33,2
2026-05-12,000333,13:58:33,80.1800,37,2
2026-05-12,000333,13:58:36,80.1700,16,2
2026-05-12,000333,13:58:39,80.1700,59,2
2026-05-12,000333,13:58:42,80.1700,7,2
2026-05-12,000333,13:58:45,80.1700,21,2
2026-05-12,000333,13:58:48,80.1800,10,1
2026-05-12,000333,13:58:51,80.1800,48,1
2026-05-12,000333,13:58:54,80.1700,16,4
2026-05-12,000333,13:58:57,80.1800,19,1
2026-05-12,000333,13:59:00,80.1800,71,1
2026-05-12,000333,13:59:03,80.1900,63,1
2026-05-12,000333,13:59:06,80.1800,64,2
2026-05-12,000333,13:59:09,80.1900,12,1
2026-05-12,000333,13:59:12,80.1900,39,1
2026-05-12,000333,13:59:15,80.1900,29,2
2026-05-12,000333,13:59:18,80.2000,138,1
2026-05-12,000333,13:59:21,80.2100,204,1
2026-05-12,000333,13:59:24,80.2200,5,4
2026-05-12,000333,13:59:27,80.2100,192,2
2026-05-12,000333,13:59:30,80.2100,83,2
2026-05-12,000333,13:59:33,80.2200,25,1
2026-05-12,000333,13:59:36,80.1900,190,2
2026-05-12,000333,13:59:39,80.2000,49,1
2026-05-12,000333,13:59:42,80.2000,104,2
2026-05-12,000333,13:59:45,80.1900,28,2
2026-05-12,000333,13:59:48,80.1900,32,2
2026-05-12,000333,13:59:51,80.2000,10,1
2026-05-12,000333,13:59:54,80.2000,60,1
2026-05-12,000333,13:59:57,80.1900,20,2
2026-05-12,000333,14:00:00,80.1900,50,1
2026-05-12,000333,14:00:03,80.1900,89,1
2026-05-12,000333,14:00:06,80.1800,8,1
2026-05-12,000333,14:00:09,80.1700,208,2
2026-05-12,000333,14:00:12,80.1800,4,4
2026-05-12,000333,14:00:15,80.1700,46,2
2026-05-12,000333,14:00:18,80.1700,36,2
2026-05-12,000333,14:00:21,80.1800,4,1
2026-05-12,000333,14:00:24,80.1700,80,2
2026-05-12,000333,14:00:27,80.1800,93,4
2026-05-12,000333,14:00:30,80.1600,34,2
2026-05-12,000333,14:00:33,80.1600,52,2
2026-05-12,000333,14:00:36,80.1700,21,4
2026-05-12,000333,14:00:39,80.1700,22,2
2026-05-12,000333,14:00:42,80.1600,76,2
2026-05-12,000333,14:00:45,80.1600,25,2
2026-05-12,000333,14:00:48,80.1600,851,2
2026-05-12,000333,14:00:51,80.1600,173,1
2026-05-12,000333,14:00:54,80.1600,44,1
2026-05-12,000333,14:00:57,80.1500,17,2
2026-05-12,000333,14:01:00,80.1500,47,2
2026-05-12,000333,14:01:03,80.1500,53,1
2026-05-12,000333,14:01:06,80.1500,200,1
2026-05-12,000333,14:01:09,80.1400,32,2
2026-05-12,000333,14:01:12,80.1400,49,2
2026-05-12,000333,14:01:15,80.1300,13,2
2026-05-12,000333,14:01:18,80.1200,45,2
2026-05-12,000333,14:01:21,80.1200,95,1
2026-05-12,000333,14:01:24,80.1300,34,1
2026-05-12,000333,14:01:27,80.1100,83,2
2026-05-12,000333,14:01:30,80.1200,30,4
2026-05-12,000333,14:01:33,80.1200,18,4
2026-05-12,000333,14:01:36,80.1200,15,2
2026-05-12,000333,14:01:39,80.1200,29,2
2026-05-12,000333,14:01:42,80.1100,61,2
2026-05-12,000333,14:01:45,80.1000,56,2
2026-05-12,000333,14:01:48,80.1000,44,2
2026-05-12,000333,14:01:51,80.1000,9,2
2026-05-12,000333,14:01:54,80.1000,50,2
2026-05-12,000333,14:01:57,80.1100,25,1
2026-05-12,000333,14:02:00,80.1100,48,1
2026-05-12,000333,14:02:03,80.1100,69,2
2026-05-12,000333,14:02:06,80.1100,47,2
2026-05-12,000333,14:02:09,80.1100,25,2
2026-05-12,000333,14:02:12,80.1100,24,2
2026-05-12,000333,14:02:15,80.1100,35,2
2026-05-12,000333,14:02:18,80.1000,10,2
2026-05-12,000333,14:02:21,80.1100,9,1
2026-05-12,000333,14:02:24,80.1100,36,1
2026-05-12,000333,14:02:27,80.1100,8,1
2026-05-12,000333,14:02:30,80.1100,37,1
2026-05-12,000333,14:02:33,80.1100,47,1
2026-05-12,000333,14:02:36,80.1100,30,2
2026-05-12,000333,14:02:39,80.1000,14,2
2026-05-12,000333,14:02:42,80.1000,15,2
2026-05-12,000333,14:02:45,80.1000,84,2
2026-05-12,000333,14:02:48,80.1000,705,2
2026-05-12,000333,14:02:51,80.0800,214,2
2026-05-12,000333,14:02:54,80.0800,72,2
2026-05-12,000333,14:02:57,80.0700,232,2
2026-05-12,000333,14:03:00,80.0600,56,2
2026-05-12,000333,14:03:03,80.0600,113,2
2026-05-12,000333,14:03:06,80.0600,82,2
2026-05-12,000333,14:03:09,80.0500,42,2
2026-05-12,000333,14:03:12,80.0400,19,2
2026-05-12,000333,14:03:15,80.0500,4,1
2026-05-12,000333,14:03:18,80.0400,20,2
2026-05-12,000333,14:03:21,80.0400,3,1
2026-05-12,000333,14:03:24,80.0300,131,2
2026-05-12,000333,14:03:27,80.0300,65,2
2026-05-12,000333,14:03:30,80.0300,100,2
2026-05-12,000333,14:03:33,80.0100,25,2
2026-05-12,000333,14:03:36,80.0100,117,2
2026-05-12,000333,14:03:39,80.0100,69,2
2026-05-12,000333,14:03:42,80.0100,136,2
2026-05-12,000333,14:03:45,80.0200,47,1
2026-05-12,000333,14:03:48,80.0300,186,1
2026-05-12,000333,14:03:51,80.0400,80,1
2026-05-12,000333,14:03:54,80.0300,49,2
2026-05-12,000333,14:03:57,80.0300,28,1
2026-05-12,000333,14:04:00,80.0300,109,2
2026-05-12,000333,14:04:03,80.0400,33,1
2026-05-12,000333,14:04:06,80.0400,1,2
2026-05-12,000333,14:04:09,80.0500,74,1
2026-05-12,000333,14:04:12,80.0700,104,1
2026-05-12,000333,14:04:15,80.0700,35,1
2026-05-12,000333,14:04:18,80.0700,389,2
2026-05-12,000333,14:04:21,80.0600,21,2
2026-05-12,000333,14:04:24,80.0500,41,2
2026-05-12,000333,14:04:27,80.0400,46,2
2026-05-12,000333,14:04:30,80.1000,294,1
2026-05-12,000333,14:04:33,80.1000,8,2
2026-05-12,000333,14:04:36,80.0800,388,2
2026-05-12,000333,14:04:39,80.0800,30,2
2026-05-12,000333,14:04:42,80.0600,5,2
2026-05-12,000333,14:04:45,80.0600,6,1
2026-05-12,000333,14:04:48,80.0500,9,2
2026-05-12,000333,14:04:51,80.0600,35,1
2026-05-12,000333,14:04:54,80.0700,25,1
2026-05-12,000333,14:04:57,80.0700,3,2
2026-05-12,000333,14:05:00,80.0600,20,2
2026-05-12,000333,14:05:03,80.0600,19,2
2026-05-12,000333,14:05:06,80.0600,10,2
2026-05-12,000333,14:05:09,80.0500,114,2
2026-05-12,000333,14:05:12,80.0400,46,2
2026-05-12,000333,14:05:15,80.0500,111,1
2026-05-12,000333,14:05:18,80.0500,38,1
2026-05-12,000333,14:05:21,80.0500,17,2
2026-05-12,000333,14:05:24,80.0400,46,2
2026-05-12,000333,14:05:27,80.0500,19,4
2026-05-12,000333,14:05:30,80.0500,11,2
2026-05-12,000333,14:05:33,80.0600,166,1
2026-05-12,000333,14:05:36,80.0700,6,1
2026-05-12,000333,14:05:39,80.0600,70,2
2026-05-12,000333,14:05:42,80.0700,15,4
2026-05-12,000333,14:05:45,80.0700,15,2
2026-05-12,000333,14:05:48,80.0800,127,1
2026-05-12,000333,14:05:51,80.0900,41,4
2026-05-12,000333,14:05:54,80.0900,144,2
2026-05-12,000333,14:05:57,80.1100,9,1
2026-05-12,000333,14:06:00,80.1100,67,1
2026-05-12,000333,14:06:03,80.1100,14,1
2026-05-12,000333,14:06:06,80.1000,34,2
2026-05-12,000333,14:06:09,80.1100,65,4
2026-05-12,000333,14:06:12,80.1000,45,2
2026-05-12,000333,14:06:15,80.1100,21,1
2026-05-12,000333,14:06:18,80.0900,15,2
2026-05-12,000333,14:06:21,80.0900,14,2
2026-05-12,000333,14:06:24,80.1000,18,1
2026-05-12,000333,14:06:27,80.0900,18,2
2026-05-12,000333,14:06:30,80.1000,21,1
2026-05-12,000333,14:06:33,80.0900,15,2
2026-05-12,000333,14:06:36,80.0900,25,2
2026-05-12,000333,14:06:39,80.1000,18,1
2026-05-12,000333,10:56:18,80.3200,34,2
2026-05-12,000333,10:56:21,80.3300,19,2
2026-05-12,000333,10:56:24,80.3100,15,2
2026-05-12,000333,10:56:27,80.3300,15,2
2026-05-12,000333,10:56:30,80.3300,20,2
2026-05-12,000333,10:56:33,80.3400,11,1
2026-05-12,000333,10:56:36,80.3500,59,1
2026-05-12,000333,10:56:39,80.3600,33,1
2026-05-12,000333,10:56:42,80.3500,48,2
2026-05-12,000333,10:56:45,80.3900,164,1
2026-05-12,000333,10:56:48,80.3900,28,1
2026-05-12,000333,10:56:51,80.3700,29,2
2026-05-12,000333,10:56:54,80.3600,46,2
2026-05-12,000333,10:56:57,80.3700,118,1
2026-05-12,000333,10:57:00,80.3500,30,2
2026-05-12,000333,10:57:03,80.3400,39,2
2026-05-12,000333,10:57:06,80.3400,50,2
2026-05-12,000333,10:57:09,80.3500,20,1
2026-05-12,000333,10:57:12,80.3600,64,1
2026-05-12,000333,10:57:15,80.3700,14,4
2026-05-12,000333,10:57:18,80.3600,43,2
2026-05-12,000333,10:57:21,80.3600,45,2
2026-05-12,000333,10:57:24,80.3600,178,2
2026-05-12,000333,10:57:27,80.3600,53,1
2026-05-12,000333,10:57:30,80.3400,50,2
2026-05-12,000333,10:57:33,80.3300,158,2
2026-05-12,000333,10:57:36,80.3800,163,1
2026-05-12,000333,10:57:39,80.4200,72,1
2026-05-12,000333,10:57:42,80.4200,66,1
2026-05-12,000333,10:57:45,80.3800,11,2
2026-05-12,000333,10:57:48,80.3900,9,2
2026-05-12,000333,10:57:51,80.3800,70,2
2026-05-12,000333,10:57:54,80.3800,44,2
2026-05-12,000333,10:57:57,80.3900,22,2
2026-05-12,000333,10:58:00,80.4000,23,4
2026-05-12,000333,10:58:03,80.4000,89,2
2026-05-12,000333,10:58:06,80.4000,31,2
2026-05-12,000333,10:58:09,80.3900,75,2
2026-05-12,000333,10:58:12,80.4000,43,2
2026-05-12,000333,10:58:15,80.4500,273,1
2026-05-12,000333,10:58:18,80.4100,40,2
2026-05-12,000333,10:58:21,80.4100,17,2
2026-05-12,000333,10:58:24,80.4500,25,1
2026-05-12,000333,10:58:27,80.4200,16,2
2026-05-12,000333,10:58:30,80.4400,15,1
2026-05-12,000333,10:58:33,80.4700,11,1
2026-05-12,000333,10:58:36,80.4200,26,2
2026-05-12,000333,10:58:39,80.4200,14,2
2026-05-12,000333,10:58:42,80.4200,16,2
2026-05-12,000333,10:58:45,80.4500,6,1
2026-05-12,000333,10:58:48,80.4300,73,2
2026-05-12,000333,10:58:51,80.3900,77,2
2026-05-12,000333,10:58:54,80.3700,72,2
2026-05-12,000333,10:58:57,80.3700,76,2
2026-05-12,000333,10:59:00,80.3900,74,1
2026-05-12,000333,10:59:03,80.4000,42,4
2026-05-12,000333,10:59:06,80.3800,47,2
2026-05-12,000333,10:59:09,80.4500,22,1
2026-05-12,000333,10:59:12,80.4400,70,1
2026-05-12,000333,10:59:15,80.4300,41,1
2026-05-12,000333,10:59:18,80.4000,45,2
2026-05-12,000333,10:59:21,80.3700,80,2
2026-05-12,000333,10:59:24,80.3700,49,2
2026-05-12,000333,10:59:27,80.3700,44,2
2026-05-12,000333,10:59:30,80.3700,14,2
2026-05-12,000333,10:59:33,80.3700,36,2
2026-05-12,000333,10:59:36,80.4500,63,1
2026-05-12,000333,10:59:39,80.4600,12,1
2026-05-12,000333,10:59:42,80.4600,4,2
2026-05-12,000333,10:59:45,80.4600,28,2
2026-05-12,000333,10:59:48,80.4600,27,2
2026-05-12,000333,10:59:51,80.4800,37,1
2026-05-12,000333,10:59:54,80.4600,50,2
2026-05-12,000333,10:59:57,80.4500,31,2
2026-05-12,000333,11:00:00,80.4500,26,2
2026-05-12,000333,11:00:03,80.4700,53,1
2026-05-12,000333,11:00:06,80.4500,11,2
2026-05-12,000333,11:00:09,80.4600,11,2
2026-05-12,000333,11:00:12,80.4600,13,4
2026-05-12,000333,11:00:15,80.4700,10,1
2026-05-12,000333,11:00:18,80.4700,2,1
2026-05-12,000333,11:00:21,80.4700,8,1
2026-05-12,000333,11:00:24,80.4600,21,2
2026-05-12,000333,11:00:27,80.4500,140,2
2026-05-12,000333,11:00:30,80.4400,67,2
2026-05-12,000333,11:00:33,80.4400,17,2
2026-05-12,000333,11:00:36,80.4500,22,1
2026-05-12,000333,11:00:39,80.4500,7,2
2026-05-12,000333,11:00:42,80.4500,8,2
2026-05-12,000333,11:00:45,80.4600,5,1
2026-05-12,000333,11:00:48,80.4500,9,2
2026-05-12,000333,11:00:51,80.4800,15,1
2026-05-12,000333,11:00:54,80.4700,44,4
2026-05-12,000333,11:00:57,80.4700,99,2
2026-05-12,000333,11:01:00,80.4200,64,2
2026-05-12,000333,11:01:03,80.4500,22,1
2026-05-12,000333,11:01:06,80.4600,11,1
2026-05-12,000333,11:01:09,80.4600,26,1
2026-05-12,000333,11:01:12,80.4400,48,2
2026-05-12,000333,11:01:18,80.4700,40,1
2026-05-12,000333,11:01:21,80.4600,2,2
2026-05-12,000333,11:01:24,80.4400,32,2
2026-05-12,000333,11:01:27,80.4400,60,2
2026-05-12,000333,11:01:30,80.4400,23,2
2026-05-12,000333,11:01:33,80.4300,58,2
2026-05-12,000333,11:01:36,80.4200,12,2
2026-05-12,000333,11:01:39,80.3600,58,2
2026-05-12,000333,11:01:42,80.3700,42,2
2026-05-12,000333,11:01:45,80.4500,297,1
2026-05-12,000333,11:01:48,80.4600,52,1
2026-05-12,000333,11:01:51,80.4200,42,2
2026-05-12,000333,11:01:54,80.4500,59,1
2026-05-12,000333,11:01:57,80.4400,14,2
2026-05-12,000333,11:02:00,80.4700,114,1
2026-05-12,000333,11:02:03,80.4600,33,1
2026-05-12,000333,11:02:06,80.4600,16,1
2026-05-12,000333,11:02:09,80.4700,32,1
2026-05-12,000333,11:02:12,80.4100,8,2
2026-05-12,000333,11:02:15,80.4700,10,1
2026-05-12,000333,11:02:18,80.5200,157,1
2026-05-12,000333,11:02:21,80.5600,52,1
2026-05-12,000333,11:02:24,80.5700,73,1
2026-05-12,000333,11:02:27,80.5800,54,1
2026-05-12,000333,11:02:30,80.5900,11,1
2026-05-12,000333,11:02:33,80.5500,57,2
2026-05-12,000333,11:02:36,80.5400,46,2
2026-05-12,000333,11:02:39,80.5600,27,1
2026-05-12,000333,11:02:42,80.5500,19,1
2026-05-12,000333,11:02:45,80.5700,34,1
2026-05-12,000333,11:02:48,80.5700,53,1
2026-05-12,000333,11:02:51,80.5300,76,2
2026-05-12,000333,11:02:54,80.5500,11,2
2026-05-12,000333,11:02:57,80.5500,14,1
2026-05-12,000333,11:03:00,80.5500,36,1
2026-05-12,000333,11:03:03,80.5300,50,2
2026-05-12,000333,11:03:06,80.5600,15,1
2026-05-12,000333,11:03:09,80.5400,66,2
2026-05-12,000333,11:03:12,80.5500,56,2
2026-05-12,000333,11:03:15,80.5800,99,1
2026-05-12,000333,11:03:18,80.5400,17,2
2026-05-12,000333,11:03:21,80.5600,57,4
2026-05-12,000333,11:03:24,80.5600,59,2
2026-05-12,000333,11:03:27,80.5900,21,1
2026-05-12,000333,11:03:30,80.5600,1,2
2026-05-12,000333,11:03:33,80.5900,43,1
2026-05-12,000333,11:03:36,80.5300,335,2
2026-05-12,000333,11:03:39,80.5400,72,2
2026-05-12,000333,11:03:42,80.5200,19,2
2026-05-12,000333,11:03:45,80.5200,20,4
2026-05-12,000333,11:03:48,80.5000,47,2
2026-05-12,000333,11:03:51,80.5200,46,1
2026-05-12,000333,11:03:54,80.5200,238,2
2026-05-12,000333,11:03:57,80.5000,36,2
2026-05-12,000333,11:04:00,80.5100,52,4
2026-05-12,000333,11:04:03,80.5000,60,2
2026-05-12,000333,11:04:06,80.5000,225,2
2026-05-12,000333,11:04:09,80.5000,50,2
2026-05-12,000333,11:04:12,80.4900,42,2
2026-05-12,000333,11:04:15,80.4500,43,2
2026-05-12,000333,11:04:18,80.4200,168,2
2026-05-12,000333,11:04:21,80.4900,60,1
2026-05-12,000333,11:04:24,80.4600,9,2
2026-05-12,000333,11:04:27,80.4800,29,1
2026-05-12,000333,11:04:30,80.4600,25,2
2026-05-12,000333,11:04:33,80.4700,18,4
2026-05-12,000333,11:04:36,80.4700,43,1
2026-05-12,000333,11:04:39,80.4700,93,1
2026-05-12,000333,11:04:42,80.4800,79,2
2026-05-12,000333,11:04:45,80.4800,19,2
2026-05-12,000333,11:04:48,80.4800,20,1
2026-05-12,000333,11:04:51,80.4400,64,2
2026-05-12,000333,11:04:54,80.4600,25,1
2026-05-12,000333,11:04:57,80.4600,28,1
2026-05-12,000333,11:05:00,80.4300,60,2
2026-05-12,000333,11:05:03,80.4500,107,1
2026-05-12,000333,11:05:06,80.4400,75,1
2026-05-12,000333,11:05:09,80.4400,159,1
2026-05-12,000333,11:05:12,80.4300,53,1
2026-05-12,000333,11:05:15,80.4200,48,1
2026-05-12,000333,11:05:18,80.4100,58,2
2026-05-12,000333,11:05:21,80.4100,61,1
2026-05-12,000333,11:05:24,80.4400,47,1
2026-05-12,000333,11:05:27,80.3900,42,2
2026-05-12,000333,11:05:30,80.4000,47,2
2026-05-12,000333,11:05:33,80.4300,34,1
2026-05-12,000333,11:05:36,80.4400,19,1
2026-05-12,000333,11:05:39,80.4300,42,1
2026-05-12,000333,11:05:42,80.4200,6,1
2026-05-12,000333,11:05:45,80.4200,25,1
2026-05-12,000333,11:05:48,80.4100,17,2
2026-05-12,000333,11:05:51,80.4000,51,2
2026-05-12,000333,11:05:54,80.3900,76,4
2026-05-12,000333,11:05:57,80.4000,28,1
2026-05-12,000333,11:06:00,80.4000,84,2
2026-05-12,000333,11:06:03,80.4100,104,1
2026-05-12,000333,11:06:06,80.4300,63,1
2026-05-12,000333,11:06:09,80.4000,77,2
2026-05-12,000333,11:06:12,80.3700,63,2
2026-05-12,000333,11:06:15,80.4000,65,1
2026-05-12,000333,11:06:18,80.4000,62,2
2026-05-12,000333,11:06:21,80.3900,61,4
2026-05-12,000333,11:06:24,80.4100,77,1
2026-05-12,000333,11:06:27,80.3600,76,2
2026-05-12,000333,11:06:30,80.3700,12,2
2026-05-12,000333,11:06:33,80.3700,45,2
2026-05-12,000333,11:06:36,80.4000,170,1
2026-05-12,000333,11:06:39,80.3700,57,2
2026-05-12,000333,11:06:42,80.3800,40,4
2026-05-12,000333,11:06:45,80.3800,13,2
2026-05-12,000333,11:06:48,80.3700,27,2
2026-05-12,000333,11:06:51,80.3700,10,4
2026-05-12,000333,11:06:54,80.3700,21,2
2026-05-12,000333,11:06:57,80.3800,31,1
2026-05-12,000333,11:07:00,80.4000,169,1
2026-05-12,000333,11:07:03,80.3400,67,2
2026-05-12,000333,11:07:06,80.3700,81,1
2026-05-12,000333,11:07:09,80.3700,35,1
2026-05-12,000333,11:07:12,80.3600,26,4
2026-05-12,000333,11:07:15,80.3500,73,2
2026-05-12,000333,11:07:18,80.3500,48,2
2026-05-12,000333,11:07:21,80.3400,42,1
2026-05-12,000333,11:07:24,80.3300,63,4
2026-05-12,000333,11:07:27,80.3100,68,2
2026-05-12,000333,11:07:30,80.3000,252,2
2026-05-12,000333,11:07:33,80.3100,117,2
2026-05-12,000333,11:07:36,80.3100,41,2
2026-05-12,000333,11:07:39,80.3200,28,2
2026-05-12,000333,11:07:42,80.3100,46,2
2026-05-12,000333,11:07:45,80.3500,65,1
2026-05-12,000333,11:07:48,80.3000,44,2
2026-05-12,000333,11:07:51,80.3400,52,1
2026-05-12,000333,11:07:54,80.2900,57,2
2026-05-12,000333,11:07:57,80.3200,32,4
2026-05-12,000333,11:08:00,80.3300,48,1
2026-05-12,000333,11:08:03,80.3300,75,1
2026-05-12,000333,11:08:06,80.3200,43,2
2026-05-12,000333,11:08:09,80.3000,129,2
2026-05-12,000333,11:08:12,80.3000,31,2
2026-05-12,000333,11:08:15,80.2800,60,2
2026-05-12,000333,11:08:18,80.3100,311,1
2026-05-12,000333,11:08:21,80.2800,103,2
2026-05-12,000333,11:08:24,80.3200,241,1
2026-05-12,000333,11:08:27,80.2900,94,1
2026-05-12,000333,11:08:30,80.2600,69,2
2026-05-12,000333,11:08:33,80.2500,49,2
2026-05-12,000333,11:08:36,80.2800,56,1
2026-05-12,000333,11:08:39,80.2600,27,2
2026-05-12,000333,11:08:42,80.2800,61,1
2026-05-12,000333,11:08:45,80.3400,21,1
2026-05-12,000333,11:08:48,80.3500,63,1
2026-05-12,000333,11:08:51,80.3600,28,1
2026-05-12,000333,11:08:54,80.3500,23,1
2026-05-12,000333,11:08:57,80.3100,43,2
2026-05-12,000333,11:09:00,80.3100,53,2
2026-05-12,000333,11:09:03,80.3000,93,2
2026-05-12,000333,11:09:06,80.3100,89,1
2026-05-12,000333,11:09:09,80.3100,32,2
2026-05-12,000333,11:09:12,80.3000,37,4
2026-05-12,000333,11:09:15,80.3000,3,1
2026-05-12,000333,11:09:18,80.3100,89,1
2026-05-12,000333,11:09:21,80.3100,35,1
2026-05-12,000333,11:09:24,80.3100,76,1
2026-05-12,000333,11:09:27,80.3000,43,1
2026-05-12,000333,11:09:30,80.2900,29,2
2026-05-12,000333,11:09:33,80.3300,40,1
2026-05-12,000333,11:09:36,80.3300,60,1
2026-05-12,000333,11:09:39,80.3300,13,1
2026-05-12,000333,11:09:42,80.3200,34,1
2026-05-12,000333,11:09:45,80.3100,28,2
2026-05-12,000333,11:09:48,80.3000,65,2
2026-05-12,000333,11:09:51,80.2900,60,2
2026-05-12,000333,11:09:54,80.3000,57,1
2026-05-12,000333,11:09:57,80.3000,20,1
2026-05-12,000333,11:10:00,80.3100,76,4
2026-05-12,000333,11:10:03,80.2900,45,2
2026-05-12,000333,11:10:06,80.2900,54,2
2026-05-12,000333,11:10:09,80.2800,27,2
2026-05-12,000333,11:10:12,80.2900,36,1
2026-05-12,000333,11:10:15,80.2800,49,2
2026-05-12,000333,11:10:18,80.2900,46,1
2026-05-12,000333,11:10:21,80.2800,32,2
2026-05-12,000333,11:10:24,80.2800,76,2
2026-05-12,000333,11:10:27,80.2800,61,1
2026-05-12,000333,11:10:30,80.2900,41,1
2026-05-12,000333,11:10:33,80.2800,46,2
2026-05-12,000333,11:10:36,80.2700,18,2
2026-05-12,000333,11:10:39,80.2800,26,4
2026-05-12,000333,11:10:42,80.2700,72,2
2026-05-12,000333,11:10:45,80.2700,45,2
2026-05-12,000333,11:10:48,80.2700,269,2
2026-05-12,000333,11:10:51,80.2500,47,2
2026-05-12,000333,11:10:54,80.2500,268,2
2026-05-12,000333,11:10:57,80.2300,284,2
2026-05-12,000333,11:11:00,80.2400,337,1
2026-05-12,000333,11:11:03,80.2500,275,1
2026-05-12,000333,11:11:06,80.2700,52,1
2026-05-12,000333,11:11:09,80.2500,44,2
2026-05-12,000333,11:11:12,80.2700,9,1
2026-05-12,000333,11:11:15,80.2700,9,1
2026-05-12,000333,11:11:18,80.2500,17,2
2026-05-12,000333,11:11:21,80.2700,38,1
2026-05-12,000333,11:11:24,80.2900,37,1
2026-05-12,000333,11:11:27,80.2700,25,2
2026-05-12,000333,11:11:30,80.2700,31,2
2026-05-12,000333,11:11:33,80.2700,27,2
2026-05-12,000333,11:11:36,80.2800,24,1
2026-05-12,000333,11:11:39,80.2800,15,1
2026-05-12,000333,11:11:42,80.2700,42,2
2026-05-12,000333,11:11:45,80.2900,32,1
2026-05-12,000333,11:11:48,80.3000,20,1
2026-05-12,000333,11:11:51,80.2800,24,2
2026-05-12,000333,11:11:54,80.3000,24,1
2026-05-12,000333,11:11:57,80.3000,85,1
2026-05-12,000333,11:12:00,80.2900,43,1
2026-05-12,000333,11:12:03,80.2900,24,1
2026-05-12,000333,11:12:06,80.2900,25,4
2026-05-12,000333,11:12:09,80.3000,23,1
2026-05-12,000333,11:12:12,80.3000,1,4
2026-05-12,000333,11:12:15,80.3000,7,2
2026-05-12,000333,11:12:18,80.2900,25,2
2026-05-12,000333,11:12:21,80.2900,12,2
2026-05-12,000333,11:12:24,80.2900,38,2
2026-05-12,000333,11:12:27,80.2900,59,2
2026-05-12,000333,11:12:30,80.2900,38,2
2026-05-12,000333,11:12:33,80.2900,3,2
2026-05-12,000333,11:12:36,80.2900,21,2
2026-05-12,000333,11:12:39,80.3000,49,1
2026-05-12,000333,11:12:42,80.2900,12,4
2026-05-12,000333,11:12:45,80.2900,31,2
2026-05-12,000333,11:12:48,80.2900,26,2
2026-05-12,000333,11:12:51,80.2800,72,2
2026-05-12,000333,11:12:54,80.2900,84,1
2026-05-12,000333,11:12:57,80.2800,64,2
2026-05-12,000333,11:13:00,80.3000,70,1
2026-05-12,000333,11:13:03,80.3100,33,1
2026-05-12,000333,11:13:06,80.3000,65,4
2026-05-12,000333,11:13:09,80.3100,22,1
2026-05-12,000333,11:13:12,80.2900,40,2
2026-05-12,000333,11:13:15,80.3100,27,1
2026-05-12,000333,11:13:18,80.2800,44,2
2026-05-12,000333,11:13:21,80.2700,82,2
2026-05-12,000333,11:13:24,80.2800,35,2
2026-05-12,000333,11:13:27,80.2900,21,2
2026-05-12,000333,11:13:30,80.2800,49,2
2026-05-12,000333,11:13:33,80.2900,5,1
2026-05-12,000333,11:13:36,80.2600,82,2
2026-05-12,000333,11:13:39,80.2900,143,1
2026-05-12,000333,11:13:42,80.2500,270,2
2026-05-12,000333,11:13:45,80.2300,346,2
2026-05-12,000333,11:13:48,80.2300,189,2
2026-05-12,000333,11:13:51,80.2700,55,1
2026-05-12,000333,11:13:54,80.2300,81,2
2026-05-12,000333,11:13:57,80.2300,33,2
2026-05-12,000333,11:14:00,80.2200,146,2
2026-05-12,000333,11:14:03,80.2000,584,2
2026-05-12,000333,11:14:06,80.2400,287,1
2026-05-12,000333,11:14:09,80.2500,36,1
2026-05-12,000333,11:14:12,80.2000,453,2
2026-05-12,000333,11:14:15,80.2000,13,1
2026-05-12,000333,11:14:18,80.2000,97,1
2026-05-12,000333,11:14:21,80.2100,37,4
2026-05-12,000333,11:14:24,80.2100,40,2
2026-05-12,000333,11:14:27,80.2100,46,2
2026-05-12,000333,11:14:30,80.2000,36,2
2026-05-12,000333,11:14:33,80.2000,101,2
2026-05-12,000333,11:14:36,80.1900,181,2
2026-05-12,000333,11:14:39,80.1900,73,2
2026-05-12,000333,11:14:42,80.2100,105,1
2026-05-12,000333,11:14:45,80.2200,45,1
2026-05-12,000333,11:14:48,80.2200,51,1
2026-05-12,000333,11:14:51,80.2700,64,1
2026-05-12,000333,11:14:54,80.2200,129,2
2026-05-12,000333,11:14:57,80.2300,36,2
2026-05-12,000333,11:15:00,80.2600,30,1
2026-05-12,000333,11:15:03,80.2300,43,2
2026-05-12,000333,11:15:06,80.2600,68,1
2026-05-12,000333,11:15:09,80.2700,62,2
2026-05-12,000333,11:15:12,80.2700,45,1
2026-05-12,000333,11:15:15,80.2700,31,1
2026-05-12,000333,11:15:18,80.2700,61,1
2026-05-12,000333,11:15:21,80.2400,503,2
2026-05-12,000333,11:15:24,80.2700,40,1
2026-05-12,000333,11:15:27,80.2600,62,4
2026-05-12,000333,11:15:30,80.2500,63,2
2026-05-12,000333,11:15:33,80.2500,17,1
2026-05-12,000333,11:15:36,80.2400,381,2
2026-05-12,000333,11:15:39,80.2400,108,1
2026-05-12,000333,11:15:42,80.2500,87,4
2026-05-12,000333,11:15:45,80.2500,17,4
2026-05-12,000333,11:15:48,80.2300,46,2
2026-05-12,000333,11:15:51,80.2400,39,1
2026-05-12,000333,11:15:54,80.2400,318,1
2026-05-12,000333,11:15:57,80.2200,26,2
2026-05-12,000333,11:16:00,80.2200,34,2
2026-05-12,000333,11:16:03,80.2300,36,1
2026-05-12,000333,11:16:06,80.2300,29,2
2026-05-12,000333,11:16:09,80.2300,24,2
2026-05-12,000333,11:16:12,80.2400,25,4
2026-05-12,000333,11:16:15,80.2400,45,2
2026-05-12,000333,11:16:18,80.2400,20,1
2026-05-12,000333,11:16:21,80.2300,401,2
2026-05-12,000333,11:16:24,80.2200,88,2
2026-05-12,000333,11:16:27,80.2200,160,1
2026-05-12,000333,11:16:30,80.2100,59,2
2026-05-12,000333,11:16:33,80.2000,66,2
2026-05-12,000333,11:16:36,80.2000,360,2
2026-05-12,000333,11:16:39,80.2200,264,1
2026-05-12,000333,11:16:42,80.2000,28,2
2026-05-12,000333,11:16:45,80.2100,439,1
2026-05-12,000333,11:16:48,80.2000,135,1
2026-05-12,000333,11:16:51,80.2000,98,1
2026-05-12,000333,11:16:54,80.2200,250,1
2026-05-12,000333,11:16:57,80.2300,64,1
2026-05-12,000333,11:17:00,80.2100,692,2
2026-05-12,000333,11:17:03,80.2100,400,1
2026-05-12,000333,11:17:06,80.2100,122,1
2026-05-12,000333,11:17:09,80.2100,77,2
2026-05-12,000333,11:17:12,80.2500,21,1
2026-05-12,000333,11:17:15,80.2600,38,4
2026-05-12,000333,11:17:18,80.2100,36,2
2026-05-12,000333,11:17:21,80.2100,32,2
2026-05-12,000333,11:17:24,80.2400,14,1
2026-05-12,000333,11:17:27,80.2500,81,1
2026-05-12,000333,11:17:30,80.3000,178,1
2026-05-12,000333,11:17:33,80.2500,90,2
2026-05-12,000333,11:17:36,80.2600,19,2
2026-05-12,000333,11:17:39,80.2700,5,2
2026-05-12,000333,11:17:42,80.2800,17,4
2026-05-12,000333,11:17:45,80.2900,20,1
2026-05-12,000333,11:17:48,80.2900,66,1
2026-05-12,000333,11:17:51,80.3000,11,2
2026-05-12,000333,11:17:54,80.3000,316,2
2026-05-12,000333,11:17:57,80.3100,7,2
2026-05-12,000333,11:18:00,80.3100,36,2
2026-05-12,000333,11:18:03,80.3100,4,2
2026-05-12,000333,11:18:06,80.3100,50,1
2026-05-12,000333,11:18:09,80.3100,16,2
2026-05-12,000333,11:18:12,80.3300,23,1
2026-05-12,000333,11:18:15,80.3000,307,2
2026-05-12,000333,11:18:18,80.3600,133,1
2026-05-12,000333,11:18:21,80.3500,75,1
2026-05-12,000333,11:18:24,80.3600,62,1
2026-05-12,000333,11:18:27,80.3200,100,2
2026-05-12,000333,11:18:30,80.3500,17,1
2026-05-12,000333,11:18:33,80.3300,33,2
2026-05-12,000333,11:18:36,80.3200,26,2
2026-05-12,000333,11:18:39,80.3300,73,1
2026-05-12,000333,11:18:42,80.3500,33,1
2026-05-12,000333,11:18:45,80.3500,461,2
2026-05-12,000333,11:18:48,80.3500,52,1
2026-05-12,000333,11:18:51,80.3600,59,1
2026-05-12,000333,11:18:54,80.3400,22,1
2026-05-12,000333,11:18:57,80.3300,43,1
2026-05-12,000333,11:19:00,80.3600,50,1
2026-05-12,000333,11:19:03,80.3500,39,2
2026-05-12,000333,11:19:06,80.3400,26,2
2026-05-12,000333,11:19:09,80.3500,97,1
2026-05-12,000333,11:19:12,80.3400,64,2
2026-05-12,000333,11:19:15,80.3300,49,2
2026-05-12,000333,11:19:18,80.3500,23,1
2026-05-12,000333,11:19:21,80.3000,190,2
2026-05-12,000333,11:19:24,80.3000,62,1
2026-05-12,000333,11:19:27,80.3200,37,4
2026-05-12,000333,11:19:30,80.3200,25,2
2026-05-12,000333,11:19:33,80.3000,1,2
2026-05-12,000333,11:19:36,80.3000,13,2
2026-05-12,000333,11:19:39,80.3000,61,2
2026-05-12,000333,11:19:42,80.2900,103,2
2026-05-12,000333,11:19:45,80.3000,41,1
2026-05-12,000333,11:19:48,80.2900,47,2
2026-05-12,000333,11:19:51,80.2700,24,2
2026-05-12,000333,11:19:54,80.2900,13,1
2026-05-12,000333,11:19:57,80.2700,13,2
2026-05-12,000333,11:20:00,80.3000,17,1
2026-05-12,000333,11:20:03,80.2700,22,2
2026-05-12,000333,11:20:06,80.2900,3,1
2026-05-12,000333,11:20:09,80.2900,43,1
2026-05-12,000333,11:20:12,80.2900,12,2
2026-05-12,000333,11:20:15,80.3100,4,1
2026-05-12,000333,11:20:18,80.3200,11,1
2026-05-12,000333,11:20:21,80.3100,5,2
2026-05-12,000333,11:20:24,80.3000,99,2
2026-05-12,000333,11:20:27,80.3000,355,1
2026-05-12,000333,11:20:30,80.3300,170,1
2026-05-12,000333,11:20:33,80.3300,66,2
2026-05-12,000333,11:20:36,80.3400,27,1
2026-05-12,000333,11:20:39,80.3200,37,2
2026-05-12,000333,11:20:42,80.3100,8,2
2026-05-12,000333,11:20:45,80.3100,16,2
2026-05-12,000333,11:20:48,80.3100,33,2
2026-05-12,000333,11:20:51,80.3100,3,2
2026-05-12,000333,11:20:54,80.3200,25,1
2026-05-12,000333,11:20:57,80.3300,36,1
2026-05-12,000333,11:21:00,80.3000,220,2
