date,code,time,price,volume,bs
2026-02-03,601012,14:07:06,18.4200,109,1
2026-02-03,601012,14:07:09,18.4200,104,1
2026-02-03,601012,14:07:12,18.4200,58,1
2026-02-03,601012,14:07:15,18.4200,597,1
2026-02-03,601012,14:07:18,18.4100,65,2
2026-02-03,601012,14:07:21,18.4200,207,1
2026-02-03,601012,14:07:24,18.4100,222,2
2026-02-03,601012,14:07:27,18.4100,233,2
2026-02-03,601012,14:07:30,18.4200,136,1
2026-02-03,601012,14:07:33,18.4200,15,1
2026-02-03,601012,14:07:36,18.4100,144,2
2026-02-03,601012,14:07:39,18.4100,404,2
2026-02-03,601012,14:07:42,18.4200,87,1
2026-02-03,601012,14:07:45,18.4300,923,1
2026-02-03,601012,14:07:48,18.4200,167,2
2026-02-03,601012,14:07:51,18.4200,197,2
2026-02-03,601012,14:07:54,18.4300,49,1
2026-02-03,601012,14:07:57,18.4300,2789,1
2026-02-03,601012,14:08:00,18.4300,1153,2
2026-02-03,601012,14:08:03,18.4400,583,1
2026-02-03,601012,14:08:06,18.4400,305,1
2026-02-03,601012,14:08:09,18.4400,41,2
2026-02-03,601012,14:08:12,18.4400,142,2
2026-02-03,601012,14:08:15,18.4400,190,2
2026-02-03,601012,14:08:18,18.4400,554,2
2026-02-03,601012,14:08:21,18.4400,130,1
2026-02-03,601012,14:08:24,18.4400,73,1
2026-02-03,601012,14:08:27,18.4400,49,1
2026-02-03,601012,14:08:30,18.4400,182,1
2026-02-03,601012,14:08:33,18.4400,155,1
2026-02-03,601012,14:08:36,18.4300,186,2
2026-02-03,601012,14:08:39,18.4400,120,1
2026-02-03,601012,14:08:42,18.4400,100,1
2026-02-03,601012,14:08:45,18.4400,166,1
2026-02-03,601012,14:08:48,18.4400,26,1
2026-02-03,601012,14:08:51,18.4300,381,2
2026-02-03,601012,14:08:54,18.4400,67,1
2026-02-03,601012,14:08:57,18.4400,101,1
2026-02-03,601012,14:09:00,18.4300,1080,2
2026-02-03,601012,14:09:03,18.4300,276,2
2026-02-03,601012,14:09:06,18.4300,180,1
2026-02-03,601012,14:09:09,18.4300,96,1
2026-02-03,601012,14:09:12,18.4300,82,1
2026-02-03,601012,14:09:15,18.4300,226,1
2026-02-03,601012,14:09:18,18.4200,113,2
2026-02-03,601012,14:09:21,18.4200,14,2
2026-02-03,601012,14:09:24,18.4300,86,1
2026-02-03,601012,14:09:27,18.4200,293,2
2026-02-03,601012,14:09:30,18.4300,96,1
2026-02-03,601012,14:09:33,18.4300,111,1
2026-02-03,601012,14:09:36,18.4300,131,1
2026-02-03,601012,14:09:39,18.4300,96,1
2026-02-03,601012,14:09:42,18.4200,24,2
2026-02-03,601012,14:09:45,18.4200,123,2
2026-02-03,601012,14:09:48,18.4200,129,2
2026-02-03,601012,14:09:51,18.4200,733,2
2026-02-03,601012,14:09:54,18.4200,224,2
2026-02-03,601012,14:09:57,18.4200,33,2
2026-02-03,601012,14:10:00,18.4200,308,2
2026-02-03,601012,14:10:03,18.4200,166,2
2026-02-03,601012,14:10:06,18.4300,152,1
2026-02-03,601012,14:10:09,18.4200,213,2
2026-02-03,601012,14:10:12,18.4200,195,2
2026-02-03,601012,14:10:15,18.4200,627,2
2026-02-03,601012,14:10:18,18.4300,56,1
2026-02-03,601012,14:10:21,18.4200,61,2
2026-02-03,601012,14:10:24,18.4200,62,2
2026-02-03,601012,14:10:27,18.4200,49,2
2026-02-03,601012,14:10:30,18.4300,48,1
2026-02-03,601012,14:10:33,18.4200,62,2
2026-02-03,601012,14:10:36,18.4200,88,2
2026-02-03,601012,14:10:39,18.4200,1712,2
2026-02-03,601012,14:10:42,18.4300,158,1
2026-02-03,601012,14:10:45,18.4400,2117,1
2026-02-03,601012,14:10:48,18.4400,680,2
2026-02-03,601012,14:10:51,18.4400,71,2
2026-02-03,601012,14:10:54,18.4500,79,1
2026-02-03,601012,14:10:57,18.4400,225,2
2026-02-03,601012,14:11:00,18.4400,223,2
2026-02-03,601012,14:11:03,18.4400,188,2
2026-02-03,601012,14:11:06,18.4400,56,2
2026-02-03,601012,14:11:09,18.4400,57,2
2026-02-03,601012,14:11:12,18.4400,35,2
2026-02-03,601012,14:11:15,18.4400,409,2
2026-02-03,601012,14:11:18,18.4400,449,2
2026-02-03,601012,14:11:21,18.4400,84,2
2026-02-03,601012,14:11:24,18.4400,125,2
2026-02-03,601012,14:11:27,18.4400,1221,2
2026-02-03,601012,14:11:30,18.4400,114,2
2026-02-03,601012,14:11:33,18.4500,164,1
2026-02-03,601012,14:11:36,18.4500,111,1
2026-02-03,601012,14:11:39,18.4500,205,1
2026-02-03,601012,14:11:42,18.4500,74,1
2026-02-03,601012,14:11:45,18.4500,189,1
2026-02-03,601012,14:11:48,18.4500,158,1
2026-02-03,601012,14:11:51,18.4500,148,1
2026-02-03,601012,14:11:54,18.4400,84,2
2026-02-03,601012,14:11:57,18.4500,14,1
2026-02-03,601012,14:12:00,18.4400,62,2
2026-02-03,601012,14:12:03,18.4500,117,1
2026-02-03,601012,14:12:06,18.4500,61,1
2026-02-03,601012,14:12:09,18.4500,169,1
2026-02-03,601012,14:12:12,18.4500,108,1
2026-02-03,601012,14:12:15,18.4400,267,2
2026-02-03,601012,14:12:18,18.4400,295,2
2026-02-03,601012,14:12:21,18.4500,89,1
2026-02-03,601012,14:12:24,18.4400,180,2
2026-02-03,601012,14:12:27,18.4400,180,2
2026-02-03,601012,14:12:30,18.4400,413,2
2026-02-03,601012,14:12:33,18.4400,465,1
2026-02-03,601012,14:12:36,18.4400,158,2
2026-02-03,601012,14:12:39,18.4400,342,2
2026-02-03,601012,14:12:42,18.4400,134,1
2026-02-03,601012,14:12:45,18.4400,247,1
2026-02-03,601012,14:12:48,18.4400,117,1
2026-02-03,601012,14:12:51,18.4400,135,1
2026-02-03,601012,14:12:54,18.4300,93,2
2026-02-03,601012,14:12:57,18.4300,160,2
2026-02-03,601012,14:13:00,18.4300,84,2
2026-02-03,601012,14:13:03,18.4300,280,2
2026-02-03,601012,14:13:06,18.4300,69,2
2026-02-03,601012,14:13:09,18.4300,57,2
2026-02-03,601012,14:13:12,18.4300,109,2
2026-02-03,601012,14:13:15,18.4400,260,1
2026-02-03,601012,14:13:18,18.4400,163,1
2026-02-03,601012,14:13:21,18.4300,413,2
2026-02-03,601012,14:13:24,18.4400,70,1
2026-02-03,601012,14:13:27,18.4400,825,1
2026-02-03,601012,14:13:30,18.4300,232,2
2026-02-03,601012,14:13:33,18.4600,9237,1
2026-02-03,601012,14:13:36,18.4600,978,1
2026-02-03,601012,14:13:39,18.4600,397,1
2026-02-03,601012,14:13:42,18.4600,626,1
2026-02-03,601012,14:13:45,18.4600,279,2
2026-02-03,601012,14:13:48,18.4600,203,2
2026-02-03,601012,14:13:51,18.4700,237,1
2026-02-03,601012,14:13:54,18.4700,64,1
2026-02-03,601012,14:13:57,18.4700,227,1
2026-02-03,601012,14:14:00,18.4700,371,1
2026-02-03,601012,14:14:03,18.4700,253,1
2026-02-03,601012,14:14:06,18.4600,442,2
2026-02-03,601012,14:14:09,18.4700,286,1
2026-02-03,601012,14:14:12,18.4700,449,1
2026-02-03,601012,14:14:15,18.4600,118,2
2026-02-03,601012,14:14:18,18.4700,1283,1
2026-02-03,601012,14:14:21,18.4700,148,2
2026-02-03,601012,14:14:24,18.4700,82,1
2026-02-03,601012,14:14:27,18.4700,124,1
2026-02-03,601012,14:14:30,18.4600,288,2
2026-02-03,601012,14:14:33,18.4700,310,1
2026-02-03,601012,14:14:36,18.4700,352,1
2026-02-03,601012,14:14:39,18.4700,58,1
2026-02-03,601012,14:14:42,18.4700,91,1
2026-02-03,601012,14:14:45,18.4600,75,2
2026-02-03,601012,14:14:48,18.4600,125,2
2026-02-03,601012,14:14:51,18.4700,123,1
2026-02-03,601012,14:14:54,18.4700,690,1
2026-02-03,601012,14:14:57,18.4600,177,2
2026-02-03,601012,14:15:00,18.4600,626,2
2026-02-03,601012,14:15:03,18.4600,170,2
2026-02-03,601012,14:15:06,18.4600,438,2
2026-02-03,601012,14:15:09,18.4600,507,2
2026-02-03,601012,14:15:12,18.4600,154,4
2026-02-03,601012,14:15:15,18.4600,165,2
2026-02-03,601012,14:15:18,18.4600,336,2
2026-02-03,601012,14:15:21,18.4600,163,2
2026-02-03,601012,14:15:24,18.4600,130,1
2026-02-03,601012,14:15:27,18.4700,51,1
2026-02-03,601012,14:15:30,18.4600,140,2
2026-02-03,601012,14:15:33,18.4700,135,1
2026-02-03,601012,14:15:36,18.4600,52,2
2026-02-03,601012,14:15:39,18.4600,623,2
2026-02-03,601012,14:15:42,18.4700,213,1
2026-02-03,601012,14:15:45,18.4700,2135,1
2026-02-03,601012,14:15:48,18.4800,4646,1
2026-02-03,601012,14:15:51,18.4800,586,1
2026-02-03,601012,14:15:54,18.4800,141,1
2026-02-03,601012,14:15:57,18.4800,767,1
2026-02-03,601012,14:16:00,18.4800,4665,1
2026-02-03,601012,14:16:03,18.4800,272,2
2026-02-03,601012,14:16:06,18.4800,289,2
2026-02-03,601012,14:16:09,18.4800,204,2
2026-02-03,601012,14:16:12,18.4800,262,2
2026-02-03,601012,14:16:15,18.4800,430,2
2026-02-03,601012,14:16:18,18.4800,744,1
2026-02-03,601012,14:16:21,18.4800,294,1
2026-02-03,601012,14:16:24,18.4800,104,1
2026-02-03,601012,14:16:27,18.4800,180,2
2026-02-03,601012,14:16:30,18.4700,1349,2
2026-02-03,601012,14:16:33,18.4800,385,1
2026-02-03,601012,14:16:36,18.4700,69,2
2026-02-03,601012,14:16:39,18.4700,151,2
2026-02-03,601012,14:16:42,18.4800,552,1
2026-02-03,601012,14:16:45,18.4800,794,1
2026-02-03,601012,14:16:48,18.4800,328,2
2026-02-03,601012,14:16:51,18.4700,83,2
2026-02-03,601012,14:16:54,18.4800,43,1
2026-02-03,601012,14:16:57,18.4700,282,2
2026-02-03,601012,14:17:00,18.4700,169,1
2026-02-03,601012,14:17:03,18.4700,529,1
2026-02-03,601012,14:17:06,18.4700,24,1
2026-02-03,601012,14:17:09,18.4600,342,2
2026-02-03,601012,14:17:12,18.4600,212,2
2026-02-03,601012,14:17:15,18.4700,600,1
2026-02-03,601012,14:17:18,18.4600,80,1
2026-02-03,601012,14:17:21,18.4600,149,2
2026-02-03,601012,14:17:24,18.4600,242,2
2026-02-03,601012,14:17:27,18.4600,234,1
2026-02-03,601012,14:17:30,18.4600,135,1
2026-02-03,601012,14:17:33,18.4500,194,2
2026-02-03,601012,14:17:36,18.4600,419,1
2026-02-03,601012,14:17:39,18.4400,219,2
2026-02-03,601012,14:17:42,18.4500,104,1
2026-02-03,601012,14:17:45,18.4400,64,2
2026-02-03,601012,14:17:48,18.4400,283,2
2026-02-03,601012,14:17:51,18.4500,168,1
2026-02-03,601012,14:17:54,18.4400,210,2
2026-02-03,601012,14:17:57,18.4400,94,1
2026-02-03,601012,14:18:00,18.4300,185,2
2026-02-03,601012,14:18:03,18.4400,117,1
2026-02-03,601012,14:18:06,18.4400,100,2
2026-02-03,601012,14:18:09,18.4500,1909,1
2026-02-03,601012,14:18:12,18.4600,197,1
2026-02-03,601012,14:18:15,18.4500,115,2
2026-02-03,601012,14:18:18,18.4500,82,2
2026-02-03,601012,14:18:21,18.4500,125,2
2026-02-03,601012,14:18:24,18.4500,157,2
2026-02-03,601012,14:18:27,18.4500,210,2
2026-02-03,601012,14:18:30,18.4500,154,2
2026-02-03,601012,14:18:33,18.4700,1386,1
2026-02-03,601012,14:18:36,18.4700,852,1
2026-02-03,601012,14:18:39,18.4700,116,2
2026-02-03,601012,14:18:42,18.4600,61,2
2026-02-03,601012,14:18:45,18.4600,373,2
2026-02-03,601012,14:18:48,18.4600,463,1
2026-02-03,601012,14:18:51,18.4600,229,1
2026-02-03,601012,14:18:54,18.4600,349,1
2026-02-03,601012,14:18:57,18.4500,196,2
2026-02-03,601012,14:19:00,18.4500,1228,2
2026-02-03,601012,14:19:03,18.4600,360,1
2026-02-03,601012,14:19:06,18.4500,72,2
2026-02-03,601012,14:19:09,18.4500,84,2
2026-02-03,601012,14:19:12,18.4600,231,1
2026-02-03,601012,14:19:15,18.4500,112,1
2026-02-03,601012,14:19:18,18.4500,357,1
2026-02-03,601012,14:19:21,18.4500,156,1
2026-02-03,601012,14:19:24,18.4400,66,2
2026-02-03,601012,14:19:27,18.4400,370,2
2026-02-03,601012,14:19:30,18.4400,85,1
2026-02-03,601012,14:19:33,18.4300,40,2
2026-02-03,601012,14:19:36,18.4400,171,1
2026-02-03,601012,14:19:39,18.4300,135,2
2026-02-03,601012,14:19:42,18.4300,55,2
2026-02-03,601012,14:19:45,18.4300,839,2
2026-02-03,601012,14:19:48,18.4300,1089,2
2026-02-03,601012,14:19:51,18.4400,309,1
2026-02-03,601012,14:19:54,18.4300,126,2
2026-02-03,601012,14:19:57,18.4400,157,1
2026-02-03,601012,14:20:00,18.4300,187,2
2026-02-03,601012,14:20:03,18.4400,731,1
2026-02-03,601012,14:20:06,18.4400,139,2
2026-02-03,601012,14:20:09,18.4400,148,2
2026-02-03,601012,14:20:12,18.4500,144,1
2026-02-03,601012,14:20:15,18.4400,683,2
2026-02-03,601012,14:20:18,18.4400,203,1
2026-02-03,601012,14:20:21,18.4500,687,1
2026-02-03,601012,14:20:24,18.4500,492,1
2026-02-03,601012,14:20:27,18.4500,649,1
2026-02-03,601012,14:20:30,18.4400,485,2
2026-02-03,601012,14:20:33,18.4500,157,2
2026-02-03,601012,14:20:36,18.4500,1417,2
2026-02-03,601012,14:20:39,18.4500,23,1
2026-02-03,601012,14:20:42,18.4500,61,1
2026-02-03,601012,14:20:45,18.4500,506,1
2026-02-03,601012,14:20:48,18.4400,75,2
2026-02-03,601012,14:20:51,18.4400,60,2
2026-02-03,601012,14:20:54,18.4400,1288,2
2026-02-03,601012,14:20:57,18.4400,219,1
2026-02-03,601012,14:21:00,18.4400,105,2
2026-02-03,601012,14:21:03,18.4400,414,2
2026-02-03,601012,14:21:06,18.4500,642,1
2026-02-03,601012,14:21:09,18.4500,444,2
2026-02-03,601012,14:21:12,18.4500,84,2
2026-02-03,601012,14:21:15,18.4500,177,2
2026-02-03,601012,14:21:18,18.4500,150,1
2026-02-03,601012,14:21:21,18.4400,151,2
2026-02-03,601012,14:21:24,18.4500,357,1
2026-02-03,601012,14:21:27,18.4500,443,1
2026-02-03,601012,14:21:30,18.4400,249,2
2026-02-03,601012,14:21:33,18.4500,75,1
2026-02-03,601012,14:21:36,18.4400,92,2
2026-02-03,601012,14:21:39,18.4500,201,1
2026-02-03,601012,14:21:42,18.4400,81,2
2026-02-03,601012,14:21:45,18.4400,93,2
2026-02-03,601012,14:21:48,18.4500,7,1
2026-02-03,601012,14:21:51,18.4400,47,2
2026-02-03,601012,14:21:54,18.4500,535,1
2026-02-03,601012,14:21:57,18.4400,58,2
2026-02-03,601012,14:22:00,18.4500,187,1
2026-02-03,601012,14:22:03,18.4500,313,1
2026-02-03,601012,14:22:06,18.4400,109,2
2026-02-03,601012,14:22:09,18.4500,1104,1
2026-02-03,601012,14:22:12,18.4500,277,1
2026-02-03,601012,14:22:15,18.4500,151,2
2026-02-03,601012,14:22:18,18.4500,33,2
2026-02-03,601012,14:22:21,18.4600,55,1
2026-02-03,601012,14:22:24,18.4500,189,2
2026-02-03,601012,14:22:27,18.4500,223,2
2026-02-03,601012,14:22:30,18.4500,92,2
2026-02-03,601012,14:22:33,18.4600,38,1
2026-02-03,601012,14:22:36,18.4500,144,2
2026-02-03,601012,14:22:39,18.4500,411,2
2026-02-03,601012,14:22:42,18.4600,92,1
2026-02-03,601012,14:22:45,18.4500,38,2
2026-02-03,601012,14:22:48,18.4500,70,2
2026-02-03,601012,14:22:51,18.4500,98,2
2026-02-03,601012,14:22:54,18.4500,95,2
2026-02-03,601012,14:22:57,18.4500,233,2
2026-02-03,601012,14:23:00,18.4500,205,2
2026-02-03,601012,14:23:03,18.4500,647,2
2026-02-03,601012,14:23:06,18.4600,142,1
2026-02-03,601012,14:23:09,18.4500,286,2
2026-02-03,601012,14:23:12,18.4500,240,2
2026-02-03,601012,14:23:15,18.4500,72,1
2026-02-03,601012,14:23:18,18.4500,241,1
2026-02-03,601012,14:23:21,18.4500,153,1
2026-02-03,601012,14:23:24,18.4400,470,2
2026-02-03,601012,14:23:27,18.4400,27,2
2026-02-03,601012,14:23:30,18.4400,72,2
2026-02-03,601012,14:23:33,18.4400,103,2
2026-02-03,601012,14:23:36,18.4400,532,2
2026-02-03,601012,14:23:39,18.4400,127,2
2026-02-03,601012,14:23:42,18.4400,49,2
2026-02-03,601012,14:23:45,18.4400,178,2
2026-02-03,601012,14:23:48,18.4400,215,2
2026-02-03,601012,14:23:51,18.4400,143,2
2026-02-03,601012,14:23:54,18.4400,260,2
2026-02-03,601012,14:23:57,18.4400,245,2
2026-02-03,601012,14:24:00,18.4400,337,2
2026-02-03,601012,14:24:03,18.4500,269,1
2026-02-03,601012,14:24:06,18.4400,122,2
2026-02-03,601012,14:24:09,18.4400,99,2
2026-02-03,601012,14:24:12,18.4400,128,2
2026-02-03,601012,14:24:15,18.4400,25,2
2026-02-03,601012,14:24:18,18.4400,81,2
2026-02-03,601012,14:24:21,18.4400,89,2
2026-02-03,601012,14:24:24,18.4500,103,1
2026-02-03,601012,14:24:27,18.4400,2239,2
2026-02-03,601012,14:24:30,18.4400,909,1
2026-02-03,601012,14:24:33,18.4500,167,1
2026-02-03,601012,14:24:36,18.4500,96,1
2026-02-03,601012,14:24:39,18.4400,387,2
2026-02-03,601012,14:24:42,18.4400,109,1
2026-02-03,601012,14:24:45,18.4400,258,1
2026-02-03,601012,14:24:48,18.4400,262,2
2026-02-03,601012,14:24:51,18.4400,106,2
2026-02-03,601012,14:24:54,18.4400,85,2
2026-02-03,601012,14:24:57,18.4500,100,1
2026-02-03,601012,14:25:00,18.4400,1146,2
2026-02-03,601012,14:25:03,18.4500,257,1
2026-02-03,601012,14:25:06,18.4400,382,2
2026-02-03,601012,14:25:09,18.4400,69,2
2026-02-03,601012,14:25:12,18.4400,209,2
2026-02-03,601012,14:25:15,18.4500,4082,1
2026-02-03,601012,14:25:18,18.4600,177,1
2026-02-03,601012,14:25:21,18.4600,200,1
2026-02-03,601012,14:25:24,18.4500,186,2
2026-02-03,601012,14:25:27,18.4500,101,2
2026-02-03,601012,14:25:30,18.4500,118,2
2026-02-03,601012,14:25:33,18.4600,189,1
2026-02-03,601012,14:25:36,18.4700,3919,1
2026-02-03,601012,14:25:39,18.4600,122,2
2026-02-03,601012,14:25:42,18.4700,102,1
2026-02-03,601012,14:25:45,18.4600,20,2
2026-02-03,601012,14:25:48,18.4700,92,1
2026-02-03,601012,14:25:51,18.4700,146,1
2026-02-03,601012,14:25:54,18.4700,186,1
2026-02-03,601012,14:25:57,18.4600,291,2
2026-02-03,601012,14:26:00,18.4600,512,2
2026-02-03,601012,14:26:03,18.4600,73,2
2026-02-03,601012,14:26:06,18.4600,294,1
2026-02-03,601012,14:26:09,18.4600,71,2
2026-02-03,601012,14:26:12,18.4800,1760,1
2026-02-03,601012,14:26:15,18.4700,263,2
2026-02-03,601012,14:26:18,18.4800,106,1
2026-02-03,601012,14:26:21,18.4700,138,2
2026-02-03,601012,14:26:24,18.4700,114,2
2026-02-03,601012,14:26:27,18.4700,551,2
2026-02-03,601012,14:26:30,18.4800,207,1
2026-02-03,601012,14:26:33,18.4900,3939,1
2026-02-03,601012,14:26:36,18.4800,215,2
2026-02-03,601012,14:26:39,18.4800,185,2
2026-02-03,601012,14:26:42,18.4900,635,1
2026-02-03,601012,14:26:45,18.4800,123,2
2026-02-03,601012,14:26:48,18.4900,590,1
2026-02-03,601012,14:26:51,18.4800,488,2
2026-02-03,601012,14:26:54,18.4900,185,1
2026-02-03,601012,14:26:57,18.4800,255,2
2026-02-03,601012,14:27:00,18.4900,987,1
2026-02-03,601012,14:27:03,18.4900,587,1
2026-02-03,601012,14:27:06,18.4800,281,2
2026-02-03,601012,14:27:09,18.4900,3671,1
2026-02-03,601012,14:27:12,18.5000,1233,1
2026-02-03,601012,14:27:15,18.5300,23401,1
2026-02-03,601012,14:27:18,18.5500,4058,1
2026-02-03,601012,14:27:21,18.5400,1424,2
2026-02-03,601012,14:27:24,18.5400,427,1
2026-02-03,601012,14:27:27,18.5300,1777,2
2026-02-03,601012,14:27:30,18.5200,244,4
2026-02-03,601012,14:27:33,18.5400,1327,1
2026-02-03,601012,14:27:36,18.5300,1661,2
2026-02-03,601012,14:27:39,18.5400,525,1
2026-02-03,601012,14:27:42,18.5400,1224,1
2026-02-03,601012,14:27:45,18.5300,487,2
2026-02-03,601012,14:27:48,18.5300,1900,1
2026-02-03,601012,14:27:51,18.5300,436,2
2026-02-03,601012,14:27:54,18.5500,3178,1
2026-02-03,601012,14:27:57,18.5400,199,1
2026-02-03,601012,14:28:00,18.5300,589,2
2026-02-03,601012,14:28:03,18.5400,1843,1
2026-02-03,601012,14:28:06,18.5400,456,2
2026-02-03,601012,14:28:09,18.5400,355,2
2026-02-03,601012,14:28:12,18.5400,278,1
2026-02-03,601012,14:28:15,18.5300,964,2
2026-02-03,601012,14:28:18,18.5300,1406,2
2026-02-03,601012,14:28:21,18.5300,348,2
2026-02-03,601012,14:28:24,18.5300,513,2
2026-02-03,601012,14:28:27,18.5300,138,1
2026-02-03,601012,14:28:30,18.5200,290,2
2026-02-03,601012,14:28:33,18.5200,746,2
2026-02-03,601012,14:28:36,18.5200,112,1
2026-02-03,601012,14:28:39,18.5100,464,2
2026-02-03,601012,14:28:42,18.5100,201,1
2026-02-03,601012,14:28:45,18.5100,233,1
2026-02-03,601012,14:28:48,18.5000,896,2
2026-02-03,601012,14:28:51,18.5000,146,1
2026-02-03,601012,14:28:54,18.4900,316,2
2026-02-03,601012,14:28:57,18.4800,184,2
2026-02-03,601012,14:29:00,18.4800,141,2
2026-02-03,601012,14:29:03,18.4800,300,2
2026-02-03,601012,14:29:06,18.4900,660,1
2026-02-03,601012,14:29:09,18.4900,73,1
2026-02-03,601012,14:29:12,18.4800,153,2
2026-02-03,601012,14:29:15,18.4900,204,1
2026-02-03,601012,14:29:18,18.4900,200,1
2026-02-03,601012,14:29:21,18.4800,322,2
2026-02-03,601012,14:29:24,18.4900,179,1
2026-02-03,601012,14:29:27,18.4800,262,2
2026-02-03,601012,14:29:30,18.5000,463,1
2026-02-03,601012,14:29:33,18.4900,143,2
2026-02-03,601012,14:29:36,18.5000,126,1
2026-02-03,601012,14:29:39,18.5000,293,1
2026-02-03,601012,14:29:42,18.4900,254,2
2026-02-03,601012,14:29:45,18.4900,97,2
2026-02-03,601012,14:29:48,18.4900,64,2
2026-02-03,601012,14:29:51,18.4900,283,2
2026-02-03,601012,14:29:54,18.4900,194,2
2026-02-03,601012,14:29:57,18.4900,160,2
2026-02-03,601012,14:30:00,18.5000,108,1
2026-02-03,601012,14:30:03,18.4900,170,2
2026-02-03,601012,14:30:06,18.4900,160,2
2026-02-03,601012,14:30:09,18.5000,208,1
2026-02-03,601012,14:30:12,18.4900,202,2
2026-02-03,601012,14:30:15,18.5000,629,1
2026-02-03,601012,14:30:18,18.4900,115,2
2026-02-03,601012,14:30:21,18.4900,1347,2
2026-02-03,601012,14:30:24,18.4900,198,2
2026-02-03,601012,14:30:27,18.4900,153,2
2026-02-03,601012,14:30:30,18.4900,409,2
2026-02-03,601012,14:30:33,18.5000,175,1
2026-02-03,601012,14:30:36,18.5000,196,1
2026-02-03,601012,14:30:39,18.4900,442,2
2026-02-03,601012,14:30:42,18.4900,218,2
2026-02-03,601012,14:30:45,18.5000,115,1
2026-02-03,601012,14:30:48,18.4900,116,2
2026-02-03,601012,14:30:51,18.5000,312,1
2026-02-03,601012,14:30:54,18.5000,234,1
2026-02-03,601012,14:30:57,18.4900,327,2
2026-02-03,601012,14:31:00,18.5000,614,1
2026-02-03,601012,14:31:03,18.4900,376,2
2026-02-03,601012,14:31:06,18.5000,542,1
2026-02-03,601012,14:31:09,18.5000,259,1
2026-02-03,601012,14:31:12,18.5000,542,1
2026-02-03,601012,14:31:15,18.4900,718,2
2026-02-03,601012,14:31:18,18.4800,225,2
2026-02-03,601012,14:31:21,18.4800,110,2
2026-02-03,601012,14:31:24,18.4800,437,2
2026-02-03,601012,14:31:27,18.4900,155,1
2026-02-03,601012,14:31:30,18.5000,1301,1
2026-02-03,601012,14:31:33,18.5000,2159,1
2026-02-03,601012,14:31:36,18.5000,317,2
2026-02-03,601012,14:31:39,18.5000,661,2
2026-02-03,601012,14:31:42,18.5000,462,2
2026-02-03,601012,14:31:45,18.5000,295,2
2026-02-03,601012,14:31:48,18.5000,177,2
2026-02-03,601012,14:31:51,18.5100,280,1
2026-02-03,601012,14:31:54,18.5000,119,2
2026-02-03,601012,14:31:57,18.5000,263,1
2026-02-03,601012,14:32:00,18.5000,434,2
2026-02-03,601012,14:32:03,18.5000,598,1
2026-02-03,601012,14:32:06,18.4900,298,2
2026-02-03,601012,14:32:09,18.4900,199,2
2026-02-03,601012,14:32:12,18.4900,182,2
2026-02-03,601012,14:32:15,18.4900,327,2
2026-02-03,601012,14:32:18,18.5000,201,1
2026-02-03,601012,14:32:21,18.4900,179,2
2026-02-03,601012,14:32:24,18.4900,49,2
2026-02-03,601012,14:32:27,18.4900,256,2
2026-02-03,601012,14:32:30,18.4900,269,2
2026-02-03,601012,14:32:33,18.5000,194,1
2026-02-03,601012,14:32:36,18.4900,270,2
2026-02-03,601012,14:32:39,18.4900,56,2
2026-02-03,601012,14:32:42,18.4900,123,2
2026-02-03,601012,14:32:45,18.5000,56,1
2026-02-03,601012,14:32:48,18.5000,3363,1
2026-02-03,601012,14:32:51,18.5100,253,1
2026-02-03,601012,14:32:54,18.5100,1343,1
2026-02-03,601012,14:32:57,18.5100,199,1
2026-02-03,601012,14:33:00,18.5100,348,1
2026-02-03,601012,14:33:03,18.5100,517,1
2026-02-03,601012,14:33:06,18.5100,508,1
2026-02-03,601012,14:33:09,18.5100,315,2
2026-02-03,601012,14:33:12,18.5100,399,2
2026-02-03,601012,14:33:15,18.5100,100,2
2026-02-03,601012,14:33:18,18.5100,284,2
2026-02-03,601012,14:33:21,18.5100,209,2
2026-02-03,601012,14:33:24,18.5100,270,2
2026-02-03,601012,14:33:27,18.5100,188,2
2026-02-03,601012,14:33:30,18.5000,143,2
2026-02-03,601012,14:33:33,18.5100,92,1
2026-02-03,601012,14:33:36,18.5000,161,2
2026-02-03,601012,14:33:39,18.5100,39,1
2026-02-03,601012,14:33:42,18.5100,115,1
2026-02-03,601012,14:33:45,18.5100,122,1
2026-02-03,601012,14:33:48,18.5100,178,1
2026-02-03,601012,14:33:51,18.5000,88,2
2026-02-03,601012,14:33:54,18.5000,173,2
2026-02-03,601012,14:33:57,18.5000,527,2
2026-02-03,601012,14:34:00,18.5000,316,2
2026-02-03,601012,14:34:03,18.5100,383,1
2026-02-03,601012,14:34:06,18.5000,125,2
2026-02-03,601012,14:34:09,18.5100,157,1
2026-02-03,601012,14:34:12,18.5000,185,2
2026-02-03,601012,14:34:15,18.5100,170,1
2026-02-03,601012,14:34:18,18.5000,285,2
2026-02-03,601012,14:34:21,18.5000,426,2
2026-02-03,601012,14:34:24,18.5000,108,2
2026-02-03,601012,14:34:27,18.5000,230,2
2026-02-03,601012,14:34:30,18.5000,216,2
2026-02-03,601012,14:34:33,18.5000,297,2
2026-02-03,601012,14:34:36,18.5000,287,2
2026-02-03,601012,14:34:39,18.5000,389,2
2026-02-03,601012,14:34:42,18.5100,390,1
2026-02-03,601012,14:34:45,18.5000,173,2
2026-02-03,601012,14:34:48,18.5000,617,2
2026-02-03,601012,14:34:51,18.5000,1242,2
2026-02-03,601012,14:34:54,18.5000,779,2
2026-02-03,601012,14:34:57,18.5000,483,2
2026-02-03,601012,14:35:00,18.5000,294,2
2026-02-03,601012,14:35:03,18.5100,791,1
2026-02-03,601012,14:35:06,18.5000,289,2
2026-02-03,601012,14:35:09,18.5000,186,2
2026-02-03,601012,14:35:12,18.5000,593,2
2026-02-03,601012,14:35:15,18.5100,4283,1
2026-02-03,601012,14:35:18,18.5200,530,1
2026-02-03,601012,14:35:21,18.5200,802,1
2026-02-03,601012,14:35:24,18.5300,1860,1
2026-02-03,601012,14:35:27,18.5300,331,1
2026-02-03,601012,14:35:30,18.5300,1311,1
2026-02-03,601012,14:35:33,18.5300,2256,1
2026-02-03,601012,14:35:36,18.5200,315,4
2026-02-03,601012,14:35:39,18.5300,167,1
2026-02-03,601012,14:35:42,18.5200,255,2
2026-02-03,601012,14:35:45,18.5300,174,1
2026-02-03,601012,14:35:48,18.5300,502,1
2026-02-03,601012,14:35:51,18.5200,246,2
2026-02-03,601012,14:35:54,18.5300,178,1
2026-02-03,601012,14:35:57,18.5200,279,2
2026-02-03,601012,14:36:00,18.5200,294,2
2026-02-03,601012,14:36:03,18.5300,623,1
2026-02-03,601012,14:36:06,18.5200,129,2
2026-02-03,601012,14:36:09,18.5200,626,2
2026-02-03,601012,14:36:12,18.5200,168,2
2026-02-03,601012,14:36:15,18.5200,358,2
2026-02-03,601012,14:36:18,18.5200,190,1
2026-02-03,601012,14:36:21,18.5200,297,1
2026-02-03,601012,14:36:24,18.5100,122,2
2026-02-03,601012,14:36:27,18.5200,239,1
2026-02-03,601012,14:36:30,18.5200,105,1
2026-02-03,601012,14:36:33,18.5200,311,1
2026-02-03,601012,14:36:36,18.5100,215,2
2026-02-03,601012,14:36:39,18.5200,37,1
2026-02-03,601012,14:36:42,18.5100,465,2
2026-02-03,601012,14:36:45,18.5100,553,2
2026-02-03,601012,14:36:48,18.5100,409,2
2026-02-03,601012,14:36:51,18.5100,241,2
2026-02-03,601012,14:36:54,18.5200,1279,1
2026-02-03,601012,14:36:57,18.5100,51,2
2026-02-03,601012,14:37:00,18.5100,197,2
2026-02-03,601012,14:37:03,18.5100,156,2
2026-02-03,601012,14:37:06,18.5100,176,2
2026-02-03,601012,14:37:09,18.5100,514,2
2026-02-03,601012,14:37:12,18.5100,164,2
2026-02-03,601012,14:37:15,18.5100,149,2
2026-02-03,601012,14:37:18,18.5200,133,1
2026-02-03,601012,14:37:21,18.5100,225,2
2026-02-03,601012,14:37:24,18.5200,242,1
2026-02-03,601012,14:37:27,18.5100,355,2
2026-02-03,601012,14:37:30,18.5100,326,2
2026-02-03,601012,14:37:33,18.5100,886,2
2026-02-03,601012,14:37:36,18.5200,272,1
2026-02-03,601012,14:37:39,18.5100,188,2
2026-02-03,601012,14:37:42,18.5100,152,2
2026-02-03,601012,14:37:45,18.5100,292,2
2026-02-03,601012,14:37:48,18.5200,325,1
2026-02-03,601012,14:37:51,18.5200,288,1
2026-02-03,601012,14:37:54,18.5100,330,2
2026-02-03,601012,14:37:57,18.5100,232,2
2026-02-03,601012,14:38:00,18.5100,261,2
2026-02-03,601012,14:38:03,18.5200,819,1
2026-02-03,601012,14:38:06,18.5200,326,1
2026-02-03,601012,14:38:09,18.5500,18688,1
2026-02-03,601012,14:38:12,18.5600,10893,1
2026-02-03,601012,14:38:15,18.5500,2005,2
2026-02-03,601012,14:38:18,18.5700,1998,1
2026-02-03,601012,14:38:21,18.5700,1161,1
2026-02-03,601012,14:38:24,18.5600,570,2
2026-02-03,601012,14:38:27,18.5600,507,2
2026-02-03,601012,14:38:30,18.5600,490,2
2026-02-03,601012,14:38:33,18.5600,474,1
2026-02-03,601012,14:38:36,18.5600,543,1
2026-02-03,601012,14:38:39,18.5600,776,1
2026-02-03,601012,14:38:42,18.5600,423,1
2026-02-03,601012,14:38:45,18.5600,225,1
2026-02-03,601012,14:38:48,18.5600,785,1
2026-02-03,601012,14:38:51,18.5600,640,2
2026-02-03,601012,14:38:54,18.5600,306,1
2026-02-03,601012,14:38:57,18.5500,587,2
2026-02-03,601012,14:39:00,18.5500,503,2
2026-02-03,601012,14:39:03,18.5600,155,1
2026-02-03,601012,14:39:06,18.5500,392,1
2026-02-03,601012,14:39:09,18.5600,302,1
2026-02-03,601012,14:39:12,18.5500,521,2
2026-02-03,601012,14:39:15,18.5500,293,1
2026-02-03,601012,14:39:18,18.5500,222,4
2026-02-03,601012,14:39:21,18.5500,308,2
2026-02-03,601012,14:39:24,18.5500,512,2
2026-02-03,601012,14:39:27,18.5400,325,2
2026-02-03,601012,14:39:30,18.5400,639,2
2026-02-03,601012,14:39:33,18.5400,481,1
2026-02-03,601012,14:39:36,18.5400,664,1
2026-02-03,601012,14:39:39,18.5300,228,2
2026-02-03,601012,14:39:42,18.5400,1545,1
2026-02-03,601012,14:39:45,18.5500,315,1
2026-02-03,601012,14:39:48,18.5600,3177,1
2026-02-03,601012,14:39:51,18.5500,255,2
2026-02-03,601012,14:39:54,18.5500,404,2
2026-02-03,601012,14:39:57,18.5600,534,1
2026-02-03,601012,14:40:00,18.5500,435,2
2026-02-03,601012,14:40:03,18.5500,507,2
2026-02-03,601012,14:40:06,18.5500,420,2
2026-02-03,601012,14:40:09,18.5600,542,1
2026-02-03,601012,14:40:12,18.5600,527,1
2026-02-03,601012,14:40:15,18.5600,302,1
2026-02-03,601012,14:40:18,18.5600,599,1
2026-02-03,601012,14:40:21,18.5600,402,1
2026-02-03,601012,14:40:24,18.5500,200,2
2026-02-03,601012,14:40:27,18.5600,308,1
2026-02-03,601012,14:40:30,18.5500,175,2
2026-02-03,601012,14:40:33,18.5600,841,1
2026-02-03,601012,14:40:36,18.5600,381,1
2026-02-03,601012,14:40:39,18.5500,415,2
2026-02-03,601012,14:40:42,18.5600,640,1
2026-02-03,601012,14:40:45,18.5500,573,2
2026-02-03,601012,14:40:48,18.5500,359,2
2026-02-03,601012,14:40:51,18.5600,191,1
2026-02-03,601012,14:40:54,18.5500,1027,2
2026-02-03,601012,14:40:57,18.5600,396,1
2026-02-03,601012,14:41:00,18.5600,785,1
2026-02-03,601012,14:41:03,18.5600,670,1
2026-02-03,601012,14:41:06,18.5600,559,1
2026-02-03,601012,14:41:09,18.5600,517,1
2026-02-03,601012,14:41:12,18.5600,1098,1
2026-02-03,601012,14:41:15,18.5600,299,1
2026-02-03,601012,14:41:18,18.5600,424,1
2026-02-03,601012,14:41:21,18.5600,526,1
2026-02-03,601012,14:41:24,18.5600,213,1
2026-02-03,601012,14:41:27,18.5600,856,1
2026-02-03,601012,14:41:30,18.5500,233,2
2026-02-03,601012,14:41:33,18.5600,407,1
2026-02-03,601012,14:41:36,18.5600,356,1
2026-02-03,601012,14:41:39,18.5600,282,1
2026-02-03,601012,14:41:42,18.5600,304,1
2026-02-03,601012,14:41:45,18.5500,983,2
2026-02-03,601012,14:41:48,18.5600,571,1
2026-02-03,601012,14:41:51,18.5500,395,2
2026-02-03,601012,14:41:54,18.5500,375,2
2026-02-03,601012,14:41:57,18.5500,467,2
2026-02-03,601012,14:42:00,18.5500,511,2
2026-02-03,601012,14:42:03,18.5600,221,1
2026-02-03,601012,14:42:06,18.5500,355,2
2026-02-03,601012,14:42:09,18.5500,433,2
2026-02-03,601012,14:42:12,18.5500,422,2
2026-02-03,601012,14:42:15,18.5500,478,2
2026-02-03,601012,14:42:18,18.5500,465,2
2026-02-03,601012,14:42:21,18.5600,571,1
2026-02-03,601012,14:42:24,18.5500,365,2
2026-02-03,601012,14:42:27,18.5600,228,1
2026-02-03,601012,14:42:30,18.5500,1409,2
2026-02-03,601012,14:42:33,18.5600,438,1
2026-02-03,601012,14:42:36,18.5600,364,1
2026-02-03,601012,14:42:39,18.5600,430,1
2026-02-03,601012,14:42:42,18.5500,1910,2
2026-02-03,601012,14:42:45,18.5600,200,1
2026-02-03,601012,14:42:48,18.5600,562,1
2026-02-03,601012,14:42:51,18.5500,322,2
2026-02-03,601012,14:42:54,18.5500,542,2
2026-02-03,601012,14:42:57,18.5500,515,2
2026-02-03,601012,14:43:00,18.5600,479,1
2026-02-03,601012,14:43:03,18.5500,522,2
2026-02-03,601012,14:43:06,18.5600,1496,1
2026-02-03,601012,14:43:09,18.5600,516,1
2026-02-03,601012,14:43:12,18.5600,245,1
2026-02-03,601012,14:43:15,18.5600,577,1
2026-02-03,601012,14:43:18,18.5500,362,2
2026-02-03,601012,14:43:21,18.5500,531,1
2026-02-03,601012,14:43:24,18.5500,319,2
2026-02-03,601012,14:43:27,18.5400,364,2
2026-02-03,601012,14:43:30,18.5500,369,1
2026-02-03,601012,14:43:33,18.5400,165,2
2026-02-03,601012,14:43:36,18.5500,222,1
2026-02-03,601012,14:43:39,18.5400,252,2
2026-02-03,601012,14:43:42,18.5400,372,2
2026-02-03,601012,14:43:45,18.5400,334,2
2026-02-03,601012,14:43:48,18.5400,301,2
2026-02-03,601012,14:43:51,18.5400,247,2
2026-02-03,601012,14:43:54,18.5500,191,1
2026-02-03,601012,14:43:57,18.5400,604,2
2026-02-03,601012,14:44:00,18.5400,408,2
2026-02-03,601012,14:44:03,18.5400,442,2
2026-02-03,601012,14:44:06,18.5500,418,1
2026-02-03,601012,14:44:09,18.5400,364,2
2026-02-03,601012,14:44:12,18.5400,354,2
2026-02-03,601012,14:44:15,18.5400,238,2
2026-02-03,601012,14:44:18,18.5400,524,2
2026-02-03,601012,14:44:21,18.5400,129,2
2026-02-03,601012,14:44:24,18.5400,1046,2
2026-02-03,601012,14:44:27,18.5400,230,2
2026-02-03,601012,14:44:30,18.5300,469,2
2026-02-03,601012,14:44:33,18.5300,618,2
2026-02-03,601012,14:44:36,18.5300,340,2
2026-02-03,601012,14:44:39,18.5300,247,2
2026-02-03,601012,14:44:42,18.5400,376,1
2026-02-03,601012,14:44:45,18.5300,347,2
2026-02-03,601012,14:44:48,18.5400,322,1
2026-02-03,601012,14:44:51,18.5300,593,2
2026-02-03,601012,14:44:54,18.5300,562,2
2026-02-03,601012,14:44:57,18.5300,302,2
2026-02-03,601012,14:45:00,18.5300,270,2
2026-02-03,601012,14:45:03,18.5300,352,2
2026-02-03,601012,14:45:06,18.5300,1126,2
2026-02-03,601012,14:45:09,18.5300,386,2
2026-02-03,601012,14:45:12,18.5300,338,1
2026-02-03,601012,14:45:15,18.5200,298,2
2026-02-03,601012,14:45:18,18.5200,295,2
2026-02-03,601012,14:45:21,18.5200,531,2
2026-02-03,601012,14:45:24,18.5300,1772,1
2026-02-03,601012,14:45:27,18.5300,392,2
2026-02-03,601012,14:45:30,18.5300,481,2
2026-02-03,601012,14:45:33,18.5400,811,1
2026-02-03,601012,14:45:36,18.5300,291,2
2026-02-03,601012,14:45:39,18.5300,447,2
2026-02-03,601012,14:45:42,18.5400,608,1
2026-02-03,601012,14:45:45,18.5400,1919,1
2026-02-03,601012,14:45:48,18.5400,763,1
2026-02-03,601012,14:45:51,18.5300,314,2
2026-02-03,601012,14:45:54,18.5400,274,1
2026-02-03,601012,14:45:57,18.5400,265,1
2026-02-03,601012,14:46:00,18.5400,266,1
2026-02-03,601012,14:46:03,18.5400,416,1
2026-02-03,601012,14:46:06,18.5400,774,1
2026-02-03,601012,14:46:09,18.5300,435,2
2026-02-03,601012,14:46:12,18.5300,481,2
2026-02-03,601012,14:46:15,18.5400,384,1
2026-02-03,601012,14:46:18,18.5300,325,2
2026-02-03,601012,14:46:21,18.5400,137,1
2026-02-03,601012,14:46:24,18.5400,366,1
2026-02-03,601012,14:46:27,18.5400,581,1
2026-02-03,601012,14:46:30,18.5400,213,1
2026-02-03,601012,14:46:33,18.5400,319,1
2026-02-03,601012,14:46:36,18.5400,343,1
2026-02-03,601012,14:46:39,18.5400,236,1
2026-02-03,601012,14:46:42,18.5400,269,1
2026-02-03,601012,14:46:45,18.5300,528,2
2026-02-03,601012,14:46:48,18.5300,283,2
2026-02-03,601012,14:46:51,18.5400,168,1
2026-02-03,601012,14:46:54,18.5300,461,2
2026-02-03,601012,14:46:57,18.5300,467,2
2026-02-03,601012,14:47:00,18.5300,2120,2
2026-02-03,601012,14:47:03,18.5400,323,1
2026-02-03,601012,14:47:06,18.5300,669,2
2026-02-03,601012,14:47:09,18.5300,646,2
2026-02-03,601012,14:47:12,18.5300,366,2
2026-02-03,601012,14:47:15,18.5300,1625,2
2026-02-03,601012,14:47:18,18.5300,414,1
2026-02-03,601012,14:47:21,18.5300,420,1
2026-02-03,601012,14:47:24,18.5300,234,2
2026-02-03,601012,14:47:27,18.5300,230,2
2026-02-03,601012,14:47:30,18.5400,423,1
2026-02-03,601012,14:47:33,18.5300,413,2
2026-02-03,601012,14:47:36,18.5400,353,1
2026-02-03,601012,14:47:39,18.5300,741,2
2026-02-03,601012,14:47:42,18.5300,153,2
2026-02-03,601012,14:47:45,18.5300,255,2
2026-02-03,601012,14:47:48,18.5300,572,2
2026-02-03,601012,14:47:51,18.5300,430,1
2026-02-03,601012,14:47:54,18.5300,383,2
2026-02-03,601012,14:47:57,18.5300,379,2
2026-02-03,601012,14:48:00,18.5300,2040,2
2026-02-03,601012,14:48:03,18.5300,189,2
2026-02-03,601012,14:48:06,18.5300,313,1
2026-02-03,601012,14:48:09,18.5300,272,1
2026-02-03,601012,14:48:12,18.5300,380,1
2026-02-03,601012,14:48:15,18.5300,223,1
2026-02-03,601012,14:48:18,18.5300,116,1
2026-02-03,601012,14:48:21,18.5200,435,2
2026-02-03,601012,14:48:24,18.5300,562,1
2026-02-03,601012,14:48:27,18.5300,230,1
2026-02-03,601012,14:48:30,18.5200,868,2
2026-02-03,601012,14:48:33,18.5200,206,2
2026-02-03,601012,14:48:36,18.5200,319,2
2026-02-03,601012,14:48:39,18.5300,416,1
2026-02-03,601012,14:48:42,18.5200,257,2
2026-02-03,601012,14:48:45,18.5200,691,2
2026-02-03,601012,14:48:48,18.5200,516,2
2026-02-03,601012,14:48:51,18.5300,349,1
2026-02-03,601012,14:48:54,18.5300,242,1
2026-02-03,601012,14:48:57,18.5300,506,1
2026-02-03,601012,14:49:00,18.5200,516,2
2026-02-03,601012,14:49:03,18.5200,340,2
2026-02-03,601012,14:49:06,18.5200,457,2
2026-02-03,601012,14:49:09,18.5200,416,2
2026-02-03,601012,14:49:12,18.5200,588,2
2026-02-03,601012,14:49:15,18.5200,373,2
2026-02-03,601012,14:49:18,18.5200,390,2
2026-02-03,601012,14:49:21,18.5200,234,2
2026-02-03,601012,14:49:24,18.5200,698,2
2026-02-03,601012,14:49:27,18.5300,472,1
2026-02-03,601012,14:49:30,18.5200,615,2
2026-02-03,601012,14:49:33,18.5300,291,1
2026-02-03,601012,14:49:36,18.5200,457,2
2026-02-03,601012,14:49:39,18.5200,213,2
2026-02-03,601012,14:49:42,18.5300,658,1
2026-02-03,601012,14:49:45,18.5300,313,1
2026-02-03,601012,14:49:48,18.5300,823,1
2026-02-03,601012,14:49:51,18.5300,203,1
2026-02-03,601012,14:49:54,18.5200,597,2
2026-02-03,601012,14:49:57,18.5200,445,2
2026-02-03,601012,14:50:00,18.5200,591,2
2026-02-03,601012,14:50:03,18.5200,567,2
2026-02-03,601012,14:50:06,18.5200,500,2
2026-02-03,601012,14:50:09,18.5300,674,1
2026-02-03,601012,14:50:12,18.5200,538,2
2026-02-03,601012,14:50:15,18.5200,748,2
2026-02-03,601012,14:50:18,18.5200,471,2
2026-02-03,601012,14:50:21,18.5300,1614,1
2026-02-03,601012,14:50:24,18.5300,1043,1
2026-02-03,601012,14:50:27,18.5300,779,2
2026-02-03,601012,14:50:30,18.5300,332,2
2026-02-03,601012,14:50:33,18.5300,575,1
2026-02-03,601012,14:50:36,18.5300,776,2
2026-02-03,601012,14:50:39,18.5300,368,2
2026-02-03,601012,14:50:42,18.5300,392,2
2026-02-03,601012,14:50:45,18.5300,467,2
2026-02-03,601012,14:50:48,18.5300,462,2
2026-02-03,601012,14:50:51,18.5400,227,1
2026-02-03,601012,14:50:54,18.5300,208,2
2026-02-03,601012,14:50:57,18.5300,295,2
2026-02-03,601012,14:51:00,18.5400,287,1
2026-02-03,601012,14:51:03,18.5300,747,2
2026-02-03,601012,14:51:06,18.5400,221,1
2026-02-03,601012,14:51:09,18.5300,631,2
2026-02-03,601012,14:51:12,18.5400,331,1
2026-02-03,601012,14:51:15,18.5300,205,2
2026-02-03,601012,14:51:18,18.5300,2953,2
2026-02-03,601012,14:51:21,18.5400,1264,1
2026-02-03,601012,14:51:24,18.5300,360,4
2026-02-03,601012,14:51:27,18.5300,671,2
2026-02-03,601012,14:51:30,18.5300,899,2
2026-02-03,601012,14:51:33,18.5300,664,2
2026-02-03,601012,14:51:36,18.5300,208,2
2026-02-03,601012,14:51:39,18.5300,293,2
2026-02-03,601012,14:51:42,18.5300,745,2
2026-02-03,601012,14:51:45,18.5300,189,2
2026-02-03,601012,14:51:48,18.5400,412,1
2026-02-03,601012,14:51:51,18.5300,1081,2
2026-02-03,601012,14:51:54,18.5400,1014,1
2026-02-03,601012,14:51:57,18.5300,978,2
2026-02-03,601012,14:52:00,18.5400,434,1
2026-02-03,601012,14:52:03,18.5400,767,1
2026-02-03,601012,14:52:06,18.5400,558,1
2026-02-03,601012,14:52:09,18.5300,449,2
2026-02-03,601012,14:52:12,18.5400,400,1
2026-02-03,601012,14:52:15,18.5300,568,2
2026-02-03,601012,14:52:18,18.5300,227,2
2026-02-03,601012,14:52:21,18.5300,611,2
2026-02-03,601012,14:52:24,18.5400,901,1
2026-02-03,601012,14:52:27,18.5300,409,2
2026-02-03,601012,14:52:30,18.5300,289,2
2026-02-03,601012,14:52:33,18.5400,1414,1
2026-02-03,601012,14:52:36,18.5300,2169,2
2026-02-03,601012,14:52:39,18.5300,1513,2
2026-02-03,601012,14:52:42,18.5300,638,2
2026-02-03,601012,14:52:45,18.5400,918,1
2026-02-03,601012,14:52:48,18.5400,767,1
2026-02-03,601012,14:52:51,18.5300,371,2
2026-02-03,601012,14:52:54,18.5400,886,1
2026-02-03,601012,14:52:57,18.5400,1965,1
2026-02-03,601012,14:53:00,18.5400,1585,2
2026-02-03,601012,14:53:03,18.5500,455,1
2026-02-03,601012,14:53:06,18.5400,417,2
2026-02-03,601012,14:53:09,18.5500,291,1
2026-02-03,601012,14:53:12,18.5400,213,2
2026-02-03,601012,14:53:15,18.5400,276,2
2026-02-03,601012,14:53:18,18.5400,196,2
2026-02-03,601012,14:53:21,18.5500,331,1
2026-02-03,601012,14:53:24,18.5500,867,1
2026-02-03,601012,14:53:27,18.5400,437,2
2026-02-03,601012,14:53:30,18.5400,833,2
2026-02-03,601012,14:53:33,18.5500,627,1
2026-02-03,601012,14:53:36,18.5500,387,1
2026-02-03,601012,14:53:39,18.5500,790,1
2026-02-03,601012,14:53:42,18.5400,331,2
2026-02-03,601012,14:53:45,18.5400,337,2
2026-02-03,601012,14:53:48,18.5400,1401,2
2026-02-03,601012,14:53:51,18.5400,543,2
2026-02-03,601012,14:53:54,18.5400,1439,2
2026-02-03,601012,14:53:57,18.5500,1133,1
2026-02-03,601012,14:54:00,18.5400,707,2
2026-02-03,601012,14:54:03,18.5400,716,2
2026-02-03,601012,14:54:06,18.5500,919,1
2026-02-03,601012,14:54:09,18.5400,368,2
2026-02-03,601012,14:54:12,18.5400,1196,2
2026-02-03,601012,14:54:15,18.5400,976,2
2026-02-03,601012,14:54:18,18.5400,604,2
2026-02-03,601012,14:54:21,18.5400,521,2
2026-02-03,601012,14:54:24,18.5400,654,2
2026-02-03,601012,14:54:27,18.5400,336,2
2026-02-03,601012,14:54:30,18.5400,748,2
2026-02-03,601012,14:54:33,18.5400,947,2
2026-02-03,601012,14:54:36,18.5500,1236,1
2026-02-03,601012,14:54:39,18.5400,543,2
2026-02-03,601012,14:54:42,18.5500,970,1
2026-02-03,601012,14:54:45,18.5400,277,2
2026-02-03,601012,14:54:48,18.5400,810,2
2026-02-03,601012,14:54:51,18.5400,485,2
2026-02-03,601012,14:54:54,18.5500,983,1
2026-02-03,601012,14:54:57,18.5400,2741,2
2026-02-03,601012,14:55:00,18.5400,470,2
2026-02-03,601012,14:55:03,18.5400,843,2
2026-02-03,601012,14:55:06,18.5400,984,2
2026-02-03,601012,14:55:09,18.5400,968,2
2026-02-03,601012,14:55:12,18.5400,965,2
2026-02-03,601012,14:55:15,18.5400,906,2
2026-02-03,601012,14:55:18,18.5400,485,2
2026-02-03,601012,14:55:21,18.5400,546,2
2026-02-03,601012,14:55:24,18.5500,2722,1
2026-02-03,601012,14:55:27,18.5500,329,2
2026-02-03,601012,14:55:30,18.5400,754,2
2026-02-03,601012,14:55:33,18.5500,472,1
2026-02-03,601012,14:55:36,18.5500,904,2
2026-02-03,601012,14:55:39,18.5400,564,2
2026-02-03,601012,14:55:42,18.5400,581,2
2026-02-03,601012,14:55:45,18.5400,435,2
2026-02-03,601012,14:55:48,18.5500,1140,1
2026-02-03,601012,14:55:51,18.5500,1584,2
2026-02-03,601012,14:55:54,18.5500,350,2
2026-02-03,601012,14:55:57,18.5500,917,2
2026-02-03,601012,14:56:00,18.5500,2060,1
2026-02-03,601012,14:56:03,18.5500,1739,2
2026-02-03,601012,14:56:06,18.5500,751,2
2026-02-03,601012,14:56:09,18.5500,1613,2
2026-02-03,601012,14:56:12,18.5500,1015,2
2026-02-03,601012,14:56:15,18.5500,686,2
2026-02-03,601012,14:56:18,18.5600,4909,1
2026-02-03,601012,14:56:21,18.5600,886,2
2026-02-03,601012,14:56:24,18.5600,561,2
2026-02-03,601012,14:56:27,18.5600,852,1
2026-02-03,601012,14:56:30,18.5600,743,1
2026-02-03,601012,14:56:33,18.5600,724,2
2026-02-03,601012,14:56:36,18.5600,1018,2
2026-02-03,601012,14:56:39,18.5600,1376,2
2026-02-03,601012,14:56:42,18.5600,742,2
2026-02-03,601012,14:56:45,18.5600,685,2
2026-02-03,601012,14:56:48,18.5600,965,2
2026-02-03,601012,14:56:51,18.5600,620,2
2026-02-03,601012,14:56:54,18.5600,657,2
2026-02-03,601012,14:56:57,18.5600,667,2
2026-02-03,601012,14:57:00,18.5600,313,1
2026-02-03,601012,15:00:03,18.5700,29271,4
2026-02-03,601012,13:17:06,18.3800,103,1
2026-02-03,601012,13:17:09,18.3700,147,4
2026-02-03,601012,13:17:12,18.3700,124,1
2026-02-03,601012,13:17:15,18.3600,127,2
2026-02-03,601012,13:17:18,18.3600,140,2
2026-02-03,601012,13:17:21,18.3600,75,2
2026-02-03,601012,13:17:24,18.3700,282,1
2026-02-03,601012,13:17:27,18.3600,103,2
2026-02-03,601012,13:17:30,18.3600,129,2
2026-02-03,601012,13:17:33,18.3700,332,1
2026-02-03,601012,13:17:36,18.3600,103,2
2026-02-03,601012,13:17:39,18.3700,50,1
2026-02-03,601012,13:17:42,18.3700,117,1
2026-02-03,601012,13:17:45,18.3700,44,1
2026-02-03,601012,13:17:48,18.3600,59,2
2026-02-03,601012,13:17:51,18.3700,283,1
2026-02-03,601012,13:17:54,18.3700,172,1
2026-02-03,601012,13:17:57,18.3700,46,1
2026-02-03,601012,13:18:00,18.3600,119,2
2026-02-03,601012,13:18:03,18.3700,243,1
2026-02-03,601012,13:18:06,18.3600,415,2
2026-02-03,601012,13:18:09,18.3600,50,2
2026-02-03,601012,13:18:12,18.3600,108,2
2026-02-03,601012,13:18:15,18.3700,106,1
2026-02-03,601012,13:18:18,18.3700,1698,1
2026-02-03,601012,13:18:21,18.3800,217,1
2026-02-03,601012,13:18:24,18.3700,204,2
2026-02-03,601012,13:18:27,18.3700,103,2
2026-02-03,601012,13:18:30,18.3700,166,2
2026-02-03,601012,13:18:33,18.3700,248,2
2026-02-03,601012,13:18:36,18.3700,87,1
2026-02-03,601012,13:18:39,18.3700,116,1
2026-02-03,601012,13:18:42,18.3700,584,1
2026-02-03,601012,13:18:45,18.3600,1279,2
2026-02-03,601012,13:18:48,18.3700,143,1
2026-02-03,601012,13:18:51,18.3600,78,1
2026-02-03,601012,13:18:54,18.3500,80,2
2026-02-03,601012,13:18:57,18.3600,38,2
2026-02-03,601012,13:19:00,18.3600,59,2
2026-02-03,601012,13:19:03,18.3500,276,2
2026-02-03,601012,13:19:06,18.3500,129,2
2026-02-03,601012,13:19:09,18.3600,94,1
2026-02-03,601012,13:19:12,18.3500,492,2
2026-02-03,601012,13:19:15,18.3600,51,1
2026-02-03,601012,13:19:18,18.3600,62,1
2026-02-03,601012,13:19:21,18.3600,178,1
2026-02-03,601012,13:19:24,18.3600,240,1
2026-02-03,601012,13:19:27,18.3500,1361,2
2026-02-03,601012,13:19:30,18.3400,142,2
2026-02-03,601012,13:19:33,18.3500,70,1
2026-02-03,601012,13:19:36,18.3400,77,2
2026-02-03,601012,13:19:39,18.3500,94,1
2026-02-03,601012,13:19:42,18.3400,900,2
2026-02-03,601012,13:19:45,18.3500,971,1
2026-02-03,601012,13:19:48,18.3500,385,2
2026-02-03,601012,13:19:51,18.3500,429,2
2026-02-03,601012,13:19:54,18.3500,180,2
2026-02-03,601012,13:19:57,18.3500,113,2
2026-02-03,601012,13:20:00,18.3500,204,2
2026-02-03,601012,13:20:03,18.3500,185,2
2026-02-03,601012,13:20:06,18.3500,234,2
2026-02-03,601012,13:20:09,18.3500,167,2
2026-02-03,601012,13:20:12,18.3500,182,2
2026-02-03,601012,13:20:15,18.3600,54,1
2026-02-03,601012,13:20:18,18.3500,97,2
2026-02-03,601012,13:20:21,18.3600,169,1
2026-02-03,601012,13:20:24,18.3500,296,2
2026-02-03,601012,13:20:27,18.3500,82,2
2026-02-03,601012,13:20:30,18.3500,137,2
2026-02-03,601012,13:20:33,18.3600,123,1
2026-02-03,601012,13:20:36,18.3600,1061,1
2026-02-03,601012,13:20:39,18.3600,264,2
2026-02-03,601012,13:20:42,18.3700,230,1
2026-02-03,601012,13:20:45,18.3700,76,1
2026-02-03,601012,13:20:48,18.3700,124,1
2026-02-03,601012,13:20:51,18.3600,110,2
2026-02-03,601012,13:20:54,18.3700,174,1
2026-02-03,601012,13:20:57,18.3700,45,1
2026-02-03,601012,13:21:00,18.3600,973,2
2026-02-03,601012,13:21:03,18.3600,194,1
2026-02-03,601012,13:21:06,18.3600,37,1
2026-02-03,601012,13:21:09,18.3600,67,1
2026-02-03,601012,13:21:12,18.3600,142,2
2026-02-03,601012,13:21:15,18.3600,36,1
2026-02-03,601012,13:21:18,18.3500,1135,2
2026-02-03,601012,13:21:21,18.3500,94,1
2026-02-03,601012,13:21:24,18.3500,205,1
2026-02-03,601012,13:21:27,18.3400,149,2
2026-02-03,601012,13:21:30,18.3500,87,4
2026-02-03,601012,13:21:33,18.3600,82,1
2026-02-03,601012,13:21:36,18.3500,172,2
2026-02-03,601012,13:21:39,18.3600,270,1
2026-02-03,601012,13:21:42,18.3500,103,2
2026-02-03,601012,13:21:45,18.3500,89,2
2026-02-03,601012,13:21:48,18.3500,117,2
2026-02-03,601012,13:21:51,18.3600,75,1
2026-02-03,601012,13:21:54,18.3600,241,1
2026-02-03,601012,13:21:57,18.3500,68,2
2026-02-03,601012,13:22:00,18.3500,162,2
2026-02-03,601012,13:22:03,18.3600,88,1
2026-02-03,601012,13:22:06,18.3600,98,1
2026-02-03,601012,13:22:09,18.3500,91,2
2026-02-03,601012,13:22:12,18.3600,1058,1
2026-02-03,601012,13:22:15,18.3600,368,1
2026-02-03,601012,13:22:18,18.3700,537,1
2026-02-03,601012,13:22:21,18.3700,193,1
2026-02-03,601012,13:22:24,18.3800,147,1
2026-02-03,601012,13:22:27,18.3700,392,2
2026-02-03,601012,13:22:30,18.3700,161,2
2026-02-03,601012,13:22:33,18.3600,1293,2
2026-02-03,601012,13:22:36,18.3600,23,1
2026-02-03,601012,13:22:39,18.3500,59,2
2026-02-03,601012,13:22:42,18.3500,177,2
2026-02-03,601012,13:22:45,18.3500,123,2
2026-02-03,601012,13:22:48,18.3600,147,1
2026-02-03,601012,13:22:51,18.3600,34,1
2026-02-03,601012,13:22:54,18.3500,29,2
2026-02-03,601012,13:22:57,18.3600,39,1
2026-02-03,601012,13:23:00,18.3600,349,1
2026-02-03,601012,13:23:03,18.3500,1393,2
2026-02-03,601012,13:23:06,18.3500,54,1
2026-02-03,601012,13:23:09,18.3500,36,2
2026-02-03,601012,13:23:12,18.3500,537,2
2026-02-03,601012,13:23:15,18.3600,204,1
2026-02-03,601012,13:23:18,18.3400,169,2
2026-02-03,601012,13:23:21,18.3600,174,1
2026-02-03,601012,13:23:24,18.3500,322,2
2026-02-03,601012,13:23:27,18.3500,95,2
2026-02-03,601012,13:23:30,18.3500,49,2
2026-02-03,601012,13:23:33,18.3600,195,1
2026-02-03,601012,13:23:36,18.3600,292,1
2026-02-03,601012,13:23:39,18.3500,15,2
2026-02-03,601012,13:23:42,18.3600,342,1
2026-02-03,601012,13:23:45,18.3500,156,2
2026-02-03,601012,13:23:48,18.3600,57,1
2026-02-03,601012,13:23:51,18.3600,39,1
2026-02-03,601012,13:23:54,18.3500,198,2
2026-02-03,601012,13:23:57,18.3600,364,1
2026-02-03,601012,13:24:00,18.3600,128,1
2026-02-03,601012,13:24:03,18.3500,614,2
2026-02-03,601012,13:24:06,18.3500,148,2
2026-02-03,601012,13:24:09,18.3600,93,1
2026-02-03,601012,13:24:12,18.3600,359,1
2026-02-03,601012,13:24:15,18.3600,60,1
2026-02-03,601012,13:24:18,18.3500,166,2
2026-02-03,601012,13:24:21,18.3600,67,1
2026-02-03,601012,13:24:24,18.3500,658,2
2026-02-03,601012,13:24:27,18.3600,62,1
2026-02-03,601012,13:24:30,18.3600,220,1
2026-02-03,601012,13:24:33,18.3600,175,1
2026-02-03,601012,13:24:36,18.3600,100,1
2026-02-03,601012,13:24:39,18.3500,77,2
2026-02-03,601012,13:24:42,18.3600,111,1
2026-02-03,601012,13:24:45,18.3600,330,1
2026-02-03,601012,13:24:48,18.3500,49,2
2026-02-03,601012,13:24:51,18.3500,89,2
2026-02-03,601012,13:24:54,18.3500,28,2
2026-02-03,601012,13:24:57,18.3600,46,1
2026-02-03,601012,13:25:00,18.3600,104,1
2026-02-03,601012,13:25:03,18.3600,93,1
2026-02-03,601012,13:25:06,18.3600,709,1
2026-02-03,601012,13:25:09,18.3700,160,1
2026-02-03,601012,13:25:12,18.3700,82,1
2026-02-03,601012,13:25:15,18.3700,95,1
2026-02-03,601012,13:25:18,18.3700,206,1
2026-02-03,601012,13:25:21,18.3700,218,1
2026-02-03,601012,13:25:24,18.3700,202,1
2026-02-03,601012,13:25:27,18.3700,54,2
2026-02-03,601012,13:25:30,18.3800,174,1
2026-02-03,601012,13:25:33,18.3800,75,1
2026-02-03,601012,13:25:36,18.3800,532,1
2026-02-03,601012,13:25:39,18.3800,307,1
2026-02-03,601012,13:25:42,18.3800,220,1
2026-02-03,601012,13:25:45,18.3800,119,1
2026-02-03,601012,13:25:48,18.3800,269,1
2026-02-03,601012,13:25:51,18.3900,555,1
2026-02-03,601012,13:25:54,18.3900,181,1
2026-02-03,601012,13:25:57,18.3900,67,1
2026-02-03,601012,13:26:00,18.3800,169,2
2026-02-03,601012,13:26:03,18.3800,388,2
2026-02-03,601012,13:26:06,18.3800,34,2
2026-02-03,601012,13:26:09,18.3900,31,1
2026-02-03,601012,13:26:12,18.3900,133,1
2026-02-03,601012,13:26:15,18.3900,1291,1
2026-02-03,601012,13:26:18,18.3800,149,2
2026-02-03,601012,13:26:21,18.3900,267,1
2026-02-03,601012,13:26:24,18.3900,117,1
2026-02-03,601012,13:26:27,18.3900,83,1
2026-02-03,601012,13:26:30,18.3900,446,1
2026-02-03,601012,13:26:33,18.3900,181,1
2026-02-03,601012,13:26:36,18.3900,161,1
2026-02-03,601012,13:26:39,18.3900,61,1
2026-02-03,601012,13:26:42,18.3900,267,1
2026-02-03,601012,13:26:45,18.3900,72,1
2026-02-03,601012,13:26:48,18.4000,511,1
2026-02-03,601012,13:26:51,18.3800,1967,2
2026-02-03,601012,13:26:54,18.3700,886,2
2026-02-03,601012,13:26:57,18.3700,6,1
2026-02-03,601012,13:27:00,18.3700,112,1
2026-02-03,601012,13:27:03,18.3600,263,2
2026-02-03,601012,13:27:06,18.3600,73,2
2026-02-03,601012,13:27:09,18.3700,383,1
2026-02-03,601012,13:27:12,18.3700,421,1
2026-02-03,601012,13:27:15,18.3600,373,2
2026-02-03,601012,13:27:18,18.3600,27,4
2026-02-03,601012,13:27:21,18.3600,70,1
2026-02-03,601012,13:27:24,18.3600,2317,1
2026-02-03,601012,13:27:27,18.3500,479,2
2026-02-03,601012,13:27:30,18.3500,193,1
2026-02-03,601012,13:27:33,18.3500,79,1
2026-02-03,601012,13:27:36,18.3400,19,2
2026-02-03,601012,13:27:39,18.3400,2624,2
2026-02-03,601012,13:27:42,18.3400,48,1
2026-02-03,601012,13:27:45,18.3300,348,2
2026-02-03,601012,13:27:48,18.3300,435,2
2026-02-03,601012,13:27:51,18.3300,202,2
2026-02-03,601012,13:27:54,18.3400,733,1
2026-02-03,601012,13:27:57,18.3400,2091,1
2026-02-03,601012,13:28:00,18.3400,484,1
2026-02-03,601012,13:28:03,18.3300,217,2
2026-02-03,601012,13:28:06,18.3300,158,2
2026-02-03,601012,13:28:09,18.3400,106,1
2026-02-03,601012,13:28:12,18.3400,265,1
2026-02-03,601012,13:28:15,18.3400,186,2
2026-02-03,601012,13:28:18,18.3400,138,2
2026-02-03,601012,13:28:21,18.3500,600,1
2026-02-03,601012,13:28:24,18.3400,193,2
2026-02-03,601012,13:28:27,18.3500,126,1
2026-02-03,601012,13:28:30,18.3400,113,2
2026-02-03,601012,13:28:33,18.3500,124,1
2026-02-03,601012,13:28:36,18.3400,129,2
2026-02-03,601012,13:28:39,18.3500,115,1
2026-02-03,601012,13:28:42,18.3400,356,2
2026-02-03,601012,13:28:45,18.3400,33,1
2026-02-03,601012,13:28:48,18.3400,126,2
2026-02-03,601012,13:28:51,18.3400,80,2
2026-02-03,601012,13:28:54,18.3400,160,1
2026-02-03,601012,13:28:57,18.3400,99,2
2026-02-03,601012,13:29:00,18.3500,185,1
2026-02-03,601012,13:29:03,18.3400,109,2
2026-02-03,601012,13:29:06,18.3400,255,2
2026-02-03,601012,13:29:09,18.3400,62,2
2026-02-03,601012,13:29:12,18.3500,238,1
2026-02-03,601012,13:29:15,18.3500,35,1
2026-02-03,601012,13:29:18,18.3500,229,1
2026-02-03,601012,13:29:21,18.3500,81,1
2026-02-03,601012,13:29:24,18.3400,72,2
2026-02-03,601012,13:29:27,18.3400,408,2
2026-02-03,601012,13:29:30,18.3500,138,1
2026-02-03,601012,13:29:33,18.3500,374,1
2026-02-03,601012,13:29:36,18.3500,598,1
2026-02-03,601012,13:29:39,18.3500,283,1
2026-02-03,601012,13:29:42,18.3500,291,1
2026-02-03,601012,13:29:45,18.3500,77,1
2026-02-03,601012,13:29:48,18.3500,97,1
2026-02-03,601012,13:29:51,18.3500,142,1
2026-02-03,601012,13:29:54,18.3500,184,1
2026-02-03,601012,13:29:57,18.3500,201,1
2026-02-03,601012,13:30:00,18.3400,173,2
2026-02-03,601012,13:30:03,18.3500,107,1
2026-02-03,601012,13:30:06,18.3500,353,1
2026-02-03,601012,13:30:09,18.3400,1734,2
2026-02-03,601012,13:30:12,18.3200,1544,2
2026-02-03,601012,13:30:15,18.3200,240,2
2026-02-03,601012,13:30:18,18.3200,103,2
2026-02-03,601012,13:30:21,18.3300,30,1
2026-02-03,601012,13:30:24,18.3200,105,2
2026-02-03,601012,13:30:27,18.3200,55,2
2026-02-03,601012,13:30:30,18.3200,174,2
2026-02-03,601012,13:30:33,18.3200,587,2
2026-02-03,601012,13:30:36,18.3300,394,1
2026-02-03,601012,13:30:39,18.3200,405,2
2026-02-03,601012,13:30:42,18.3200,146,2
2026-02-03,601012,13:30:45,18.3200,64,2
2026-02-03,601012,13:30:48,18.3200,515,2
2026-02-03,601012,13:30:51,18.3200,176,2
2026-02-03,601012,13:30:54,18.3200,346,2
2026-02-03,601012,13:30:57,18.3200,194,1
2026-02-03,601012,13:31:00,18.3200,203,2
2026-02-03,601012,13:31:03,18.3200,151,2
2026-02-03,601012,13:31:06,18.3200,183,2
2026-02-03,601012,13:31:09,18.3200,316,2
2026-02-03,601012,13:31:12,18.3200,349,1
2026-02-03,601012,13:31:15,18.3200,213,1
2026-02-03,601012,13:31:18,18.3200,60,2
2026-02-03,601012,13:31:21,18.3300,205,1
2026-02-03,601012,13:31:24,18.3200,133,2
2026-02-03,601012,13:31:27,18.3200,123,2
2026-02-03,601012,13:31:30,18.3200,413,2
2026-02-03,601012,13:31:33,18.3200,199,1
2026-02-03,601012,13:31:36,18.3200,92,2
2026-02-03,601012,13:31:39,18.3300,128,1
2026-02-03,601012,13:31:42,18.3200,123,2
2026-02-03,601012,13:31:45,18.3200,430,2
2026-02-03,601012,13:31:48,18.3200,230,2
2026-02-03,601012,13:31:51,18.3200,251,2
2026-02-03,601012,13:31:54,18.3200,167,2
2026-02-03,601012,13:31:57,18.3200,67,2
2026-02-03,601012,13:32:00,18.3200,277,2
2026-02-03,601012,13:32:03,18.3100,672,2
2026-02-03,601012,13:32:06,18.3200,110,1
2026-02-03,601012,13:32:09,18.3100,56,2
2026-02-03,601012,13:32:12,18.3100,234,2
2026-02-03,601012,13:32:15,18.3100,816,2
2026-02-03,601012,13:32:18,18.3100,58,2
2026-02-03,601012,13:32:21,18.3100,79,2
2026-02-03,601012,13:32:24,18.3100,209,2
2026-02-03,601012,13:32:27,18.3100,183,2
2026-02-03,601012,13:32:30,18.3100,62,2
2026-02-03,601012,13:32:33,18.3200,68,1
2026-02-03,601012,13:32:36,18.3200,146,1
2026-02-03,601012,13:32:39,18.3100,194,2
2026-02-03,601012,13:32:42,18.3100,55,2
2026-02-03,601012,13:32:45,18.3100,218,2
2026-02-03,601012,13:32:48,18.3200,51,1
2026-02-03,601012,13:32:51,18.3200,455,1
2026-02-03,601012,13:32:54,18.3100,80,2
2026-02-03,601012,13:32:57,18.3100,114,2
2026-02-03,601012,13:33:00,18.3200,146,1
2026-02-03,601012,13:33:03,18.3200,374,1
2026-02-03,601012,13:33:06,18.3100,266,2
2026-02-03,601012,13:33:09,18.3100,418,2
2026-02-03,601012,13:33:12,18.3200,510,1
2026-02-03,601012,13:33:15,18.3100,218,2
2026-02-03,601012,13:33:18,18.3200,73,1
2026-02-03,601012,13:33:21,18.3200,62,1
2026-02-03,601012,13:33:24,18.3100,72,2
2026-02-03,601012,13:33:27,18.3100,25,2
2026-02-03,601012,13:33:30,18.3100,125,2
2026-02-03,601012,13:33:33,18.3100,82,2
2026-02-03,601012,13:33:36,18.3200,83,1
2026-02-03,601012,13:33:39,18.3200,101,1
2026-02-03,601012,13:33:42,18.3200,605,1
2026-02-03,601012,13:33:45,18.3200,166,1
2026-02-03,601012,13:33:48,18.3100,134,2
2026-02-03,601012,13:33:51,18.3200,54,1
2026-02-03,601012,13:33:54,18.3100,611,2
2026-02-03,601012,13:33:57,18.3200,56,2
2026-02-03,601012,13:34:00,18.3100,405,2
2026-02-03,601012,13:34:03,18.3200,213,1
2026-02-03,601012,13:34:06,18.3100,353,2
2026-02-03,601012,13:34:09,18.3200,13,1
2026-02-03,601012,13:34:12,18.3200,245,1
2026-02-03,601012,13:34:15,18.3200,97,1
2026-02-03,601012,13:34:18,18.3200,146,2
2026-02-03,601012,13:34:21,18.3200,45,2
2026-02-03,601012,13:34:24,18.3200,180,2
2026-02-03,601012,13:34:27,18.3300,675,1
2026-02-03,601012,13:34:30,18.3300,23,2
2026-02-03,601012,13:34:33,18.3400,18,1
2026-02-03,601012,13:34:36,18.3400,4,1
2026-02-03,601012,13:34:39,18.3400,167,1
2026-02-03,601012,13:34:42,18.3300,73,2
2026-02-03,601012,13:34:45,18.3400,58,1
2026-02-03,601012,13:34:48,18.3300,636,2
2026-02-03,601012,13:34:51,18.3300,88,2
2026-02-03,601012,13:34:54,18.3400,34,1
2026-02-03,601012,13:34:57,18.3400,337,1
2026-02-03,601012,13:35:00,18.3400,109,2
2026-02-03,601012,13:35:03,18.3400,125,2
2026-02-03,601012,13:35:06,18.3500,272,1
2026-02-03,601012,13:35:09,18.3500,150,1
2026-02-03,601012,13:35:12,18.3400,216,2
2026-02-03,601012,13:35:15,18.3500,179,1
2026-02-03,601012,13:35:18,18.3500,189,1
2026-02-03,601012,13:35:21,18.3400,92,2
2026-02-03,601012,13:35:24,18.3500,128,1
2026-02-03,601012,13:35:27,18.3500,62,1
2026-02-03,601012,13:35:30,18.3500,262,1
2026-02-03,601012,13:35:33,18.3500,187,2
2026-02-03,601012,13:35:36,18.3500,77,1
2026-02-03,601012,13:35:39,18.3500,289,2
2026-02-03,601012,13:35:42,18.3500,48,1
2026-02-03,601012,13:35:45,18.3600,108,1
2026-02-03,601012,13:35:48,18.3600,107,1
2026-02-03,601012,13:35:51,18.3500,144,2
2026-02-03,601012,13:35:54,18.3500,135,2
2026-02-03,601012,13:35:57,18.3500,313,2
2026-02-03,601012,13:36:00,18.3600,264,1
2026-02-03,601012,13:36:03,18.3500,242,2
2026-02-03,601012,13:36:06,18.3600,19,1
2026-02-03,601012,13:36:09,18.3500,143,2
2026-02-03,601012,13:36:12,18.3500,139,2
2026-02-03,601012,13:36:15,18.3500,54,2
2026-02-03,601012,13:36:18,18.3500,114,2
2026-02-03,601012,13:36:21,18.3600,98,1
2026-02-03,601012,13:36:24,18.3500,48,2
2026-02-03,601012,13:36:27,18.3600,115,1
2026-02-03,601012,13:36:30,18.3500,754,2
2026-02-03,601012,13:36:33,18.3500,240,2
2026-02-03,601012,13:36:36,18.3600,311,1
2026-02-03,601012,13:36:39,18.3600,81,1
2026-02-03,601012,13:36:42,18.3500,103,2
2026-02-03,601012,13:36:45,18.3500,69,2
2026-02-03,601012,13:36:48,18.3600,99,1
2026-02-03,601012,13:36:51,18.3500,30,2
2026-02-03,601012,13:36:54,18.3600,75,1
2026-02-03,601012,13:36:57,18.3600,144,1
2026-02-03,601012,13:37:00,18.3500,836,2
2026-02-03,601012,13:37:03,18.3500,87,2
2026-02-03,601012,13:37:06,18.3500,42,2
2026-02-03,601012,13:37:09,18.3600,75,1
2026-02-03,601012,13:37:12,18.3500,25,2
2026-02-03,601012,13:37:15,18.3600,122,1
2026-02-03,601012,13:37:18,18.3500,61,2
2026-02-03,601012,13:37:21,18.3500,150,2
2026-02-03,601012,13:37:24,18.3600,78,1
2026-02-03,601012,13:37:27,18.3600,8,1
2026-02-03,601012,13:37:30,18.3600,66,1
2026-02-03,601012,13:37:33,18.3500,1227,2
2026-02-03,601012,13:37:36,18.3600,41,1
2026-02-03,601012,13:37:39,18.3500,80,2
2026-02-03,601012,13:37:42,18.3600,70,1
2026-02-03,601012,13:37:45,18.3600,49,1
2026-02-03,601012,13:37:48,18.3500,287,2
2026-02-03,601012,13:37:51,18.3500,388,2
2026-02-03,601012,13:37:54,18.3500,86,2
2026-02-03,601012,13:37:57,18.3600,92,1
2026-02-03,601012,13:38:00,18.3500,333,2
2026-02-03,601012,13:38:03,18.3600,75,1
2026-02-03,601012,13:38:06,18.3600,1470,1
2026-02-03,601012,13:38:09,18.3600,121,2
2026-02-03,601012,13:38:12,18.3600,66,2
2026-02-03,601012,13:38:15,18.3600,309,2
2026-02-03,601012,13:38:18,18.3600,153,2
2026-02-03,601012,13:38:21,18.3600,92,1
2026-02-03,601012,13:38:24,18.3700,47,1
2026-02-03,601012,13:38:27,18.3700,114,1
2026-02-03,601012,13:38:30,18.3700,345,1
2026-02-03,601012,13:38:33,18.3600,160,2
2026-02-03,601012,13:38:36,18.3700,114,1
2026-02-03,601012,13:38:39,18.3700,107,2
2026-02-03,601012,13:38:42,18.3800,184,1
2026-02-03,601012,13:38:45,18.3700,13,2
2026-02-03,601012,13:38:48,18.3700,56,2
2026-02-03,601012,13:38:51,18.3700,74,2
2026-02-03,601012,13:38:54,18.3800,43,1
2026-02-03,601012,13:38:57,18.3800,203,1
2026-02-03,601012,13:39:00,18.3700,156,2
2026-02-03,601012,13:39:03,18.3700,255,2
2026-02-03,601012,13:39:06,18.3800,298,1
2026-02-03,601012,13:39:09,18.3800,31,1
2026-02-03,601012,13:39:12,18.3800,448,1
2026-02-03,601012,13:39:15,18.3800,289,1
2026-02-03,601012,13:39:18,18.3700,111,2
2026-02-03,601012,13:39:21,18.3800,125,1
2026-02-03,601012,13:39:24,18.3800,173,1
2026-02-03,601012,13:39:27,18.3700,65,2
2026-02-03,601012,13:39:30,18.3700,73,2
2026-02-03,601012,13:39:33,18.3700,200,2
2026-02-03,601012,13:39:36,18.3700,57,2
2026-02-03,601012,13:39:39,18.3800,75,1
2026-02-03,601012,13:39:42,18.3800,99,1
2026-02-03,601012,13:39:45,18.3800,126,1
2026-02-03,601012,13:39:48,18.3700,342,2
2026-02-03,601012,13:39:51,18.3700,36,2
2026-02-03,601012,13:39:54,18.3700,139,2
2026-02-03,601012,13:39:57,18.3700,37,2
2026-02-03,601012,13:40:00,18.3800,113,1
2026-02-03,601012,13:40:03,18.3800,449,1
2026-02-03,601012,13:40:06,18.3800,226,1
2026-02-03,601012,13:40:09,18.3700,116,2
2026-02-03,601012,13:40:12,18.3700,134,2
2026-02-03,601012,13:40:15,18.3700,58,2
2026-02-03,601012,13:40:18,18.3700,89,2
2026-02-03,601012,13:40:21,18.3800,477,1
2026-02-03,601012,13:40:24,18.3700,235,2
2026-02-03,601012,13:40:27,18.3700,142,1
2026-02-03,601012,13:40:30,18.3700,133,1
2026-02-03,601012,13:40:33,18.3600,48,2
2026-02-03,601012,13:40:36,18.3600,35,2
2026-02-03,601012,13:40:39,18.3600,14,2
2026-02-03,601012,13:40:42,18.3600,247,2
2026-02-03,601012,13:40:45,18.3600,130,2
2026-02-03,601012,13:40:48,18.3600,117,2
2026-02-03,601012,13:40:51,18.3700,1251,1
2026-02-03,601012,13:40:54,18.3700,70,1
2026-02-03,601012,13:40:57,18.3600,104,2
2026-02-03,601012,13:41:00,18.3600,783,2
2026-02-03,601012,13:41:03,18.3600,108,2
2026-02-03,601012,13:41:06,18.3500,491,2
2026-02-03,601012,13:41:09,18.3500,912,2
2026-02-03,601012,13:41:12,18.3400,33,2
2026-02-03,601012,13:41:15,18.3400,111,2
2026-02-03,601012,13:41:18,18.3400,75,2
2026-02-03,601012,13:41:21,18.3400,31,2
2026-02-03,601012,13:41:24,18.3400,57,2
2026-02-03,601012,13:41:27,18.3400,73,2
2026-02-03,601012,13:41:30,18.3400,313,1
2026-02-03,601012,13:41:33,18.3300,68,2
2026-02-03,601012,13:41:36,18.3400,108,1
2026-02-03,601012,13:41:39,18.3300,65,2
2026-02-03,601012,13:41:42,18.3300,125,2
2026-02-03,601012,13:41:45,18.3400,64,1
2026-02-03,601012,13:41:48,18.3300,237,2
2026-02-03,601012,13:41:51,18.3300,142,2
2026-02-03,601012,13:41:54,18.3300,72,2
2026-02-03,601012,13:41:57,18.3500,872,1
2026-02-03,601012,13:42:00,18.3400,1066,2
2026-02-03,601012,13:42:03,18.3600,70,1
2026-02-03,601012,13:42:06,18.3600,146,1
2026-02-03,601012,13:42:09,18.3500,119,2
2026-02-03,601012,13:42:12,18.3500,47,2
2026-02-03,601012,13:42:15,18.3500,50,2
2026-02-03,601012,13:42:18,18.3500,183,2
2026-02-03,601012,13:42:21,18.3600,54,1
2026-02-03,601012,13:42:24,18.3500,19,2
2026-02-03,601012,13:42:27,18.3600,107,1
2026-02-03,601012,13:42:30,18.3500,59,2
2026-02-03,601012,13:42:33,18.3500,45,2
2026-02-03,601012,13:42:36,18.3500,101,2
2026-02-03,601012,13:42:39,18.3600,124,1
2026-02-03,601012,13:42:42,18.3400,196,2
2026-02-03,601012,13:42:45,18.3500,31,4
2026-02-03,601012,13:42:48,18.3500,262,1
2026-02-03,601012,13:42:51,18.3500,141,1
2026-02-03,601012,13:42:54,18.3500,38,2
2026-02-03,601012,13:42:57,18.3500,1220,2
2026-02-03,601012,13:43:00,18.3500,174,2
2026-02-03,601012,13:43:03,18.3500,209,2
2026-02-03,601012,13:43:06,18.3500,129,2
2026-02-03,601012,13:43:09,18.3600,154,2
2026-02-03,601012,13:43:12,18.3700,708,1
2026-02-03,601012,13:43:15,18.3700,290,1
2026-02-03,601012,13:43:18,18.3700,39,1
2026-02-03,601012,13:43:21,18.3600,93,2
2026-02-03,601012,13:43:24,18.3700,134,1
2026-02-03,601012,13:43:27,18.3600,118,4
2026-02-03,601012,13:43:30,18.3700,1493,1
2026-02-03,601012,13:43:33,18.3700,131,2
2026-02-03,601012,13:43:36,18.3700,57,2
2026-02-03,601012,13:43:39,18.3700,101,2
2026-02-03,601012,13:43:42,18.3800,129,1
2026-02-03,601012,13:43:45,18.3800,61,1
2026-02-03,601012,13:43:48,18.3800,143,1
2026-02-03,601012,13:43:51,18.3800,255,1
2026-02-03,601012,13:43:54,18.3800,320,1
2026-02-03,601012,13:43:57,18.3700,95,2
2026-02-03,601012,13:44:00,18.3700,847,2
2026-02-03,601012,13:44:03,18.3800,12,1
2026-02-03,601012,13:44:06,18.3800,62,2
2026-02-03,601012,13:44:09,18.3800,286,2
2026-02-03,601012,13:44:12,18.3900,88,1
2026-02-03,601012,13:44:15,18.3800,45,2
2026-02-03,601012,13:44:18,18.3900,359,1
2026-02-03,601012,13:44:21,18.3900,240,1
2026-02-03,601012,13:44:24,18.3800,215,4
2026-02-03,601012,13:44:27,18.3900,238,1
2026-02-03,601012,13:44:30,18.3800,114,2
2026-02-03,601012,13:44:33,18.3800,56,2
2026-02-03,601012,13:44:36,18.3800,43,2
2026-02-03,601012,13:44:39,18.3900,121,1
2026-02-03,601012,13:44:42,18.3800,184,2
2026-02-03,601012,13:44:45,18.3900,192,1
2026-02-03,601012,13:44:48,18.3800,130,2
2026-02-03,601012,13:44:51,18.3900,120,1
2026-02-03,601012,13:44:54,18.3900,111,1
2026-02-03,601012,13:44:57,18.3900,503,1
2026-02-03,601012,13:45:00,18.3800,581,2
2026-02-03,601012,13:45:03,18.3800,137,1
2026-02-03,601012,13:45:06,18.3900,891,1
2026-02-03,601012,13:45:09,18.3900,695,1
2026-02-03,601012,13:45:12,18.3900,111,2
2026-02-03,601012,13:45:15,18.3900,67,2
2026-02-03,601012,13:45:18,18.4000,211,1
2026-02-03,601012,13:45:21,18.4000,284,1
2026-02-03,601012,13:45:24,18.4000,37,1
2026-02-03,601012,13:45:27,18.4000,2446,1
2026-02-03,601012,13:45:30,18.4000,2749,1
2026-02-03,601012,13:45:33,18.4000,116,2
2026-02-03,601012,13:45:36,18.4100,275,1
2026-02-03,601012,13:45:39,18.4000,166,2
2026-02-03,601012,13:45:42,18.4100,32,1
2026-02-03,601012,13:45:45,18.4100,84,1
2026-02-03,601012,13:45:48,18.4000,217,2
2026-02-03,601012,13:45:51,18.4100,270,1
2026-02-03,601012,13:45:54,18.4100,307,1
2026-02-03,601012,13:45:57,18.4100,662,1
2026-02-03,601012,13:46:00,18.4000,989,2
2026-02-03,601012,13:46:03,18.4000,185,2
2026-02-03,601012,13:46:06,18.4000,743,1
2026-02-03,601012,13:46:09,18.4000,373,1
2026-02-03,601012,13:46:12,18.3900,114,2
2026-02-03,601012,13:46:15,18.3900,115,2
2026-02-03,601012,13:46:18,18.3900,25,2
2026-02-03,601012,13:46:21,18.4000,1314,1
2026-02-03,601012,13:46:24,18.4000,143,1
2026-02-03,601012,13:46:27,18.4000,215,2
2026-02-03,601012,13:46:30,18.4000,200,2
2026-02-03,601012,13:46:33,18.4000,53,1
2026-02-03,601012,13:46:36,18.4000,1217,1
2026-02-03,601012,13:46:39,18.4000,443,1
2026-02-03,601012,13:46:42,18.3900,150,2
2026-02-03,601012,13:46:45,18.3800,64,2
2026-02-03,601012,13:46:48,18.3900,119,1
2026-02-03,601012,13:46:51,18.3900,102,1
2026-02-03,601012,13:46:54,18.3800,267,2
2026-02-03,601012,13:46:57,18.3800,221,2
2026-02-03,601012,13:47:00,18.3800,1190,1
2026-02-03,601012,13:47:03,18.3800,160,2
2026-02-03,601012,13:47:06,18.3800,273,2
2026-02-03,601012,13:47:09,18.3800,85,2
2026-02-03,601012,13:47:12,18.3800,263,1
2026-02-03,601012,13:47:15,18.3900,57,1
2026-02-03,601012,13:47:18,18.3800,186,2
2026-02-03,601012,13:47:21,18.3800,39,2
2026-02-03,601012,13:47:24,18.3900,371,1
2026-02-03,601012,13:47:27,18.3900,102,1
2026-02-03,601012,13:47:30,18.3900,323,1
2026-02-03,601012,13:47:33,18.3800,39,2
2026-02-03,601012,13:47:36,18.3900,713,1
2026-02-03,601012,13:47:39,18.3800,144,2
2026-02-03,601012,13:47:42,18.3900,37,1
2026-02-03,601012,13:47:45,18.3900,158,1
2026-02-03,601012,13:47:48,18.3900,67,1
2026-02-03,601012,13:47:51,18.3800,89,2
2026-02-03,601012,13:47:54,18.3900,103,1
2026-02-03,601012,13:47:57,18.3800,81,2
2026-02-03,601012,13:48:00,18.3800,72,2
2026-02-03,601012,13:48:03,18.3800,659,2
2026-02-03,601012,13:48:06,18.3800,8,1
2026-02-03,601012,13:48:09,18.3800,74,1
2026-02-03,601012,13:48:12,18.3700,203,2
2026-02-03,601012,13:48:15,18.3700,89,2
2026-02-03,601012,13:48:18,18.3800,120,1
2026-02-03,601012,13:48:21,18.3700,45,2
2026-02-03,601012,13:48:24,18.3800,274,1
2026-02-03,601012,13:48:27,18.3800,12,1
2026-02-03,601012,13:48:30,18.3700,114,2
2026-02-03,601012,13:48:33,18.3800,132,1
2026-02-03,601012,13:48:36,18.3700,100,2
2026-02-03,601012,13:48:39,18.3700,81,2
2026-02-03,601012,13:48:42,18.3800,440,1
2026-02-03,601012,13:48:45,18.3700,53,2
2026-02-03,601012,13:48:48,18.3800,166,1
2026-02-03,601012,13:48:51,18.3800,133,2
2026-02-03,601012,13:48:54,18.3800,91,1
2026-02-03,601012,13:48:57,18.3800,91,1
2026-02-03,601012,13:49:00,18.3800,128,1
2026-02-03,601012,13:49:03,18.3800,959,1
2026-02-03,601012,13:49:06,18.3900,184,2
2026-02-03,601012,13:49:09,18.3900,47,2
2026-02-03,601012,13:49:12,18.3900,104,2
2026-02-03,601012,13:49:15,18.4000,294,1
2026-02-03,601012,13:49:18,18.4000,158,1
2026-02-03,601012,13:49:21,18.3900,196,2
2026-02-03,601012,13:49:24,18.4000,503,1
2026-02-03,601012,13:49:27,18.4000,229,1
2026-02-03,601012,13:49:30,18.4000,124,1
2026-02-03,601012,13:49:33,18.3900,37,2
2026-02-03,601012,13:49:36,18.4000,576,1
2026-02-03,601012,13:49:39,18.4000,56,1
2026-02-03,601012,13:49:42,18.3900,111,2
2026-02-03,601012,13:49:45,18.4000,80,1
2026-02-03,601012,13:49:48,18.4000,726,1
2026-02-03,601012,13:49:51,18.4000,119,1
2026-02-03,601012,13:49:54,18.3900,102,2
2026-02-03,601012,13:49:57,18.3900,151,2
2026-02-03,601012,13:50:00,18.4000,418,1
2026-02-03,601012,13:50:03,18.4100,1790,1
2026-02-03,601012,13:50:06,18.4000,967,2
2026-02-03,601012,13:50:09,18.4000,150,2
2026-02-03,601012,13:50:12,18.4100,223,1
2026-02-03,601012,13:50:15,18.4000,94,2
2026-02-03,601012,13:50:18,18.4100,153,1
2026-02-03,601012,13:50:21,18.4100,602,1
2026-02-03,601012,13:50:24,18.4100,435,1
2026-02-03,601012,13:50:27,18.4100,90,1
2026-02-03,601012,13:50:30,18.4100,73,2
2026-02-03,601012,13:50:33,18.4100,307,2
2026-02-03,601012,13:50:36,18.4100,146,1
2026-02-03,601012,13:50:39,18.4100,238,1
2026-02-03,601012,13:50:42,18.4000,266,2
2026-02-03,601012,13:50:45,18.4100,91,1
2026-02-03,601012,13:50:48,18.4000,233,2
2026-02-03,601012,13:50:51,18.4000,155,2
2026-02-03,601012,13:50:54,18.4100,104,1
2026-02-03,601012,13:50:57,18.4100,186,1
2026-02-03,601012,13:51:00,18.4100,851,1
2026-02-03,601012,13:51:03,18.4000,414,2
2026-02-03,601012,13:51:06,18.4000,329,1
2026-02-03,601012,13:51:09,18.4000,283,1
2026-02-03,601012,13:51:12,18.3900,79,2
2026-02-03,601012,13:51:15,18.4000,104,1
2026-02-03,601012,13:51:18,18.3900,575,2
2026-02-03,601012,13:51:21,18.3900,96,1
2026-02-03,601012,13:51:24,18.3800,56,2
2026-02-03,601012,13:51:27,18.3900,70,1
2026-02-03,601012,13:51:30,18.3900,70,1
2026-02-03,601012,13:51:33,18.3800,124,2
2026-02-03,601012,13:51:36,18.3900,117,1
2026-02-03,601012,13:51:39,18.3800,19,2
2026-02-03,601012,13:51:42,18.3900,482,1
2026-02-03,601012,13:51:45,18.3900,89,1
2026-02-03,601012,13:51:48,18.3900,104,1
2026-02-03,601012,13:51:51,18.3800,117,2
2026-02-03,601012,13:51:54,18.3800,53,2
2026-02-03,601012,13:51:57,18.3800,72,2
2026-02-03,601012,13:52:00,18.3800,81,2
2026-02-03,601012,13:52:03,18.3800,56,2
2026-02-03,601012,13:52:06,18.3800,1165,2
2026-02-03,601012,13:52:09,18.3800,397,1
2026-02-03,601012,13:52:12,18.3700,166,2
2026-02-03,601012,13:52:15,18.3700,331,2
2026-02-03,601012,13:52:18,18.3700,78,2
2026-02-03,601012,13:52:21,18.3800,112,1
2026-02-03,601012,13:52:24,18.3700,37,2
2026-02-03,601012,13:52:27,18.3700,230,2
2026-02-03,601012,13:52:30,18.3700,650,1
2026-02-03,601012,13:52:33,18.3700,104,2
2026-02-03,601012,13:52:36,18.3700,50,2
2026-02-03,601012,13:52:39,18.3700,137,2
2026-02-03,601012,13:52:42,18.3800,329,1
2026-02-03,601012,13:52:45,18.3800,68,1
2026-02-03,601012,13:52:48,18.3800,122,1
2026-02-03,601012,13:52:51,18.3700,426,2
2026-02-03,601012,13:52:54,18.3700,195,2
2026-02-03,601012,13:52:57,18.3700,40,2
2026-02-03,601012,13:53:00,18.3700,60,1
2026-02-03,601012,13:53:03,18.3600,17,2
2026-02-03,601012,13:53:06,18.3700,100,1
2026-02-03,601012,13:53:09,18.3700,174,1
2026-02-03,601012,13:53:12,18.3700,928,1
2026-02-03,601012,13:53:15,18.3700,50,2
2026-02-03,601012,13:53:18,18.3800,383,1
2026-02-03,601012,13:53:21,18.3700,94,2
2026-02-03,601012,13:53:24,18.3700,80,2
2026-02-03,601012,13:53:27,18.3700,189,2
2026-02-03,601012,13:53:30,18.3700,110,2
2026-02-03,601012,13:53:33,18.3800,834,1
2026-02-03,601012,13:53:36,18.3700,191,2
2026-02-03,601012,13:53:39,18.3900,64,1
2026-02-03,601012,13:53:42,18.3800,76,2
2026-02-03,601012,13:53:45,18.3800,70,2
2026-02-03,601012,13:53:48,18.3900,59,1
2026-02-03,601012,13:53:51,18.3800,58,2
2026-02-03,601012,13:53:54,18.3800,213,2
2026-02-03,601012,13:53:57,18.3800,70,2
2026-02-03,601012,13:54:00,18.3800,202,2
2026-02-03,601012,13:54:03,18.3900,96,1
2026-02-03,601012,13:54:06,18.3800,409,2
2026-02-03,601012,13:54:09,18.3900,110,1
2026-02-03,601012,13:54:12,18.3900,36,2
2026-02-03,601012,13:54:15,18.3900,47,2
2026-02-03,601012,13:54:18,18.3900,22,2
2026-02-03,601012,13:54:21,18.3900,69,2
2026-02-03,601012,13:54:24,18.4000,117,1
2026-02-03,601012,13:54:27,18.3900,139,2
2026-02-03,601012,13:54:30,18.3900,44,2
2026-02-03,601012,13:54:33,18.4000,74,1
2026-02-03,601012,13:54:36,18.4100,5241,1
2026-02-03,601012,13:54:39,18.4100,793,2
2026-02-03,601012,13:54:42,18.4100,63,2
2026-02-03,601012,13:54:45,18.4100,26,2
2026-02-03,601012,13:54:48,18.4200,102,1
2026-02-03,601012,13:54:51,18.4100,40,2
2026-02-03,601012,13:54:54,18.4200,626,1
2026-02-03,601012,13:54:57,18.4100,154,2
2026-02-03,601012,13:55:00,18.4200,184,1
2026-02-03,601012,13:55:03,18.4100,119,2
2026-02-03,601012,13:55:06,18.4200,184,1
2026-02-03,601012,13:55:09,18.4200,496,1
2026-02-03,601012,13:55:12,18.4200,180,1
2026-02-03,601012,13:55:15,18.4100,141,2
2026-02-03,601012,13:55:18,18.4100,154,2
2026-02-03,601012,13:55:21,18.4100,191,1
2026-02-03,601012,13:55:24,18.4100,68,1
2026-02-03,601012,13:55:27,18.4100,173,1
2026-02-03,601012,13:55:30,18.4100,211,2
2026-02-03,601012,13:55:33,18.4000,86,2
2026-02-03,601012,13:55:36,18.4100,112,1
2026-02-03,601012,13:55:39,18.4100,69,1
2026-02-03,601012,13:55:42,18.4000,63,2
2026-02-03,601012,13:55:45,18.4000,16,2
2026-02-03,601012,13:55:48,18.4000,59,2
2026-02-03,601012,13:55:51,18.4100,143,1
2026-02-03,601012,13:55:54,18.4100,203,1
2026-02-03,601012,13:55:57,18.4100,100,1
2026-02-03,601012,13:56:00,18.4000,153,2
2026-02-03,601012,13:56:03,18.4000,221,2
2026-02-03,601012,13:56:06,18.4000,87,2
2026-02-03,601012,13:56:09,18.4100,229,1
2026-02-03,601012,13:56:12,18.4100,25,1
2026-02-03,601012,13:56:15,18.4000,330,2
2026-02-03,601012,13:56:18,18.4100,129,1
2026-02-03,601012,13:56:21,18.4100,50,1
2026-02-03,601012,13:56:24,18.4000,37,2
2026-02-03,601012,13:56:27,18.4000,139,2
2026-02-03,601012,13:56:30,18.4100,144,1
2026-02-03,601012,13:56:33,18.4000,62,2
2026-02-03,601012,13:56:36,18.4000,373,2
2026-02-03,601012,13:56:39,18.4000,100,2
2026-02-03,601012,13:56:42,18.4000,168,2
2026-02-03,601012,13:56:45,18.4000,111,2
2026-02-03,601012,13:56:48,18.4100,53,1
2026-02-03,601012,13:56:51,18.4100,7,1
2026-02-03,601012,13:56:54,18.4100,110,1
2026-02-03,601012,13:56:57,18.4000,311,2
2026-02-03,601012,13:57:00,18.4000,238,2
2026-02-03,601012,13:57:03,18.4100,227,1
2026-02-03,601012,13:57:06,18.4100,91,1
2026-02-03,601012,13:57:09,18.4000,101,2
2026-02-03,601012,13:57:12,18.4000,39,2
2026-02-03,601012,13:57:15,18.4100,69,1
2026-02-03,601012,13:57:18,18.4000,94,2
2026-02-03,601012,13:57:21,18.4100,50,1
2026-02-03,601012,13:57:24,18.4100,102,1
2026-02-03,601012,13:57:27,18.4100,153,1
2026-02-03,601012,13:57:30,18.4000,280,2
2026-02-03,601012,13:57:33,18.4100,224,1
2026-02-03,601012,13:57:36,18.4000,26,2
2026-02-03,601012,13:57:39,18.4000,389,2
2026-02-03,601012,13:57:42,18.4000,76,1
2026-02-03,601012,13:57:45,18.4000,179,1
2026-02-03,601012,13:57:48,18.3900,78,2
2026-02-03,601012,13:57:51,18.4000,457,1
2026-02-03,601012,13:57:54,18.4000,97,1
2026-02-03,601012,13:57:57,18.3900,53,2
2026-02-03,601012,13:58:00,18.3900,420,2
2026-02-03,601012,13:58:03,18.4000,205,1
2026-02-03,601012,13:58:06,18.3900,75,2
2026-02-03,601012,13:58:09,18.4000,83,1
2026-02-03,601012,13:58:12,18.4000,77,1
2026-02-03,601012,13:58:15,18.4000,169,1
2026-02-03,601012,13:58:18,18.4000,32,1
2026-02-03,601012,13:58:21,18.4000,93,1
2026-02-03,601012,13:58:24,18.4000,101,1
2026-02-03,601012,13:58:27,18.3900,24,2
2026-02-03,601012,13:58:30,18.4000,186,1
2026-02-03,601012,13:58:33,18.3900,93,2
2026-02-03,601012,13:58:36,18.3900,29,2
2026-02-03,601012,13:58:39,18.3900,209,2
2026-02-03,601012,13:58:42,18.3900,201,1
2026-02-03,601012,13:58:45,18.3900,70,1
2026-02-03,601012,13:58:48,18.3900,231,1
2026-02-03,601012,13:58:51,18.3800,38,2
2026-02-03,601012,13:58:54,18.3900,49,1
2026-02-03,601012,13:58:57,18.3800,97,2
2026-02-03,601012,13:59:00,18.3900,395,1
2026-02-03,601012,13:59:03,18.3800,531,2
2026-02-03,601012,13:59:06,18.3800,123,2
2026-02-03,601012,13:59:09,18.3800,95,2
2026-02-03,601012,13:59:12,18.3800,61,2
2026-02-03,601012,13:59:15,18.3900,394,1
2026-02-03,601012,13:59:18,18.3800,76,2
2026-02-03,601012,13:59:21,18.3800,76,2
2026-02-03,601012,13:59:24,18.3900,106,1
2026-02-03,601012,13:59:27,18.3900,33,1
2026-02-03,601012,13:59:30,18.3900,176,1
2026-02-03,601012,13:59:33,18.3900,371,1
2026-02-03,601012,13:59:36,18.3800,61,2
2026-02-03,601012,13:59:39,18.3900,109,1
2026-02-03,601012,13:59:42,18.3800,240,2
2026-02-03,601012,13:59:45,18.3800,293,2
2026-02-03,601012,13:59:48,18.3800,207,2
2026-02-03,601012,13:59:51,18.3800,5,2
2026-02-03,601012,13:59:54,18.3800,20,2
2026-02-03,601012,13:59:57,18.3800,98,2
2026-02-03,601012,14:00:00,18.3800,45,2
2026-02-03,601012,14:00:03,18.3800,213,2
2026-02-03,601012,14:00:06,18.3900,201,1
2026-02-03,601012,14:00:09,18.4100,3719,1
2026-02-03,601012,14:00:12,18.4100,146,1
2026-02-03,601012,14:00:15,18.4100,77,1
2026-02-03,601012,14:00:18,18.4100,622,1
2026-02-03,601012,14:00:21,18.4100,1007,1
2026-02-03,601012,14:00:24,18.4200,217,1
2026-02-03,601012,14:00:27,18.4200,272,1
2026-02-03,601012,14:00:30,18.4100,334,2
2026-02-03,601012,14:00:33,18.4200,65,1
2026-02-03,601012,14:00:36,18.4100,243,2
2026-02-03,601012,14:00:39,18.4100,73,1
2026-02-03,601012,14:00:42,18.4100,198,1
2026-02-03,601012,14:00:45,18.4100,134,1
2026-02-03,601012,14:00:48,18.4100,90,1
2026-02-03,601012,14:00:51,18.4100,226,1
2026-02-03,601012,14:00:54,18.4000,127,2
2026-02-03,601012,14:00:57,18.4100,104,1
2026-02-03,601012,14:01:00,18.4000,512,2
2026-02-03,601012,14:01:03,18.4100,94,1
2026-02-03,601012,14:01:06,18.4000,476,2
2026-02-03,601012,14:01:09,18.4000,94,1
2026-02-03,601012,14:01:12,18.4000,207,1
2026-02-03,601012,14:01:15,18.3900,164,2
2026-02-03,601012,14:01:18,18.4000,58,1
2026-02-03,601012,14:01:21,18.3900,53,2
2026-02-03,601012,14:01:24,18.4000,89,1
2026-02-03,601012,14:01:27,18.4000,358,1
2026-02-03,601012,14:01:30,18.3900,50,2
2026-02-03,601012,14:01:33,18.4000,167,1
2026-02-03,601012,14:01:36,18.4000,20,1
2026-02-03,601012,14:01:39,18.3900,126,2
2026-02-03,601012,14:01:42,18.3900,343,2
2026-02-03,601012,14:01:45,18.4000,68,1
2026-02-03,601012,14:01:48,18.3900,114,2
2026-02-03,601012,14:01:51,18.3900,84,2
2026-02-03,601012,14:01:54,18.4000,140,1
2026-02-03,601012,14:01:57,18.3900,45,2
2026-02-03,601012,14:02:00,18.4000,143,1
2026-02-03,601012,14:02:03,18.3900,635,2
2026-02-03,601012,14:02:06,18.3900,63,2
2026-02-03,601012,14:02:09,18.3800,3670,2
2026-02-03,601012,14:02:12,18.3900,387,1
2026-02-03,601012,14:02:15,18.3800,97,2
2026-02-03,601012,14:02:18,18.3800,426,2
2026-02-03,601012,14:02:21,18.3900,299,1
2026-02-03,601012,14:02:24,18.3800,186,2
2026-02-03,601012,14:02:27,18.3700,203,2
2026-02-03,601012,14:02:30,18.3700,94,2
2026-02-03,601012,14:02:33,18.3700,156,2
2026-02-03,601012,14:02:36,18.3800,325,1
2026-02-03,601012,14:02:39,18.3800,541,1
2026-02-03,601012,14:02:42,18.3800,167,2
2026-02-03,601012,14:02:45,18.3800,57,2
2026-02-03,601012,14:02:48,18.4000,1094,1
2026-02-03,601012,14:02:51,18.4000,178,1
2026-02-03,601012,14:02:54,18.3900,37,2
2026-02-03,601012,14:02:57,18.3800,469,2
2026-02-03,601012,14:03:00,18.3900,151,4
2026-02-03,601012,14:03:03,18.4000,295,1
2026-02-03,601012,14:03:06,18.3900,126,4
2026-02-03,601012,14:03:09,18.3900,164,1
2026-02-03,601012,14:03:12,18.3800,68,2
2026-02-03,601012,14:03:15,18.3800,377,2
2026-02-03,601012,14:03:18,18.3900,39,1
2026-02-03,601012,14:03:21,18.3800,197,2
2026-02-03,601012,14:03:24,18.3800,21,2
2026-02-03,601012,14:03:27,18.3800,148,2
2026-02-03,601012,14:03:30,18.3800,113,2
2026-02-03,601012,14:03:33,18.3800,300,2
2026-02-03,601012,14:03:36,18.3800,145,1
2026-02-03,601012,14:03:39,18.3900,293,1
2026-02-03,601012,14:03:42,18.3900,113,1
2026-02-03,601012,14:03:45,18.3800,152,2
2026-02-03,601012,14:03:48,18.3900,1231,1
2026-02-03,601012,14:03:51,18.3900,229,2
2026-02-03,601012,14:03:54,18.3800,113,2
2026-02-03,601012,14:03:57,18.3900,83,2
2026-02-03,601012,14:04:00,18.3900,217,1
2026-02-03,601012,14:04:03,18.3800,123,2
2026-02-03,601012,14:04:06,18.3800,257,2
2026-02-03,601012,14:04:09,18.3800,67,2
2026-02-03,601012,14:04:12,18.3800,254,2
2026-02-03,601012,14:04:15,18.3800,200,2
2026-02-03,601012,14:04:18,18.3800,97,2
2026-02-03,601012,14:04:21,18.3800,32,2
2026-02-03,601012,14:04:24,18.3800,120,2
2026-02-03,601012,14:04:27,18.3800,111,2
2026-02-03,601012,14:04:30,18.3800,133,2
2026-02-03,601012,14:04:33,18.3800,42,1
2026-02-03,601012,14:04:36,18.3800,241,1
2026-02-03,601012,14:04:39,18.3800,286,2
2026-02-03,601012,14:04:42,18.3800,200,2
2026-02-03,601012,14:04:45,18.3900,140,1
2026-02-03,601012,14:04:48,18.3800,302,2
2026-02-03,601012,14:04:51,18.3800,120,2
2026-02-03,601012,14:04:54,18.3800,381,2
2026-02-03,601012,14:04:57,18.3800,45,2
2026-02-03,601012,14:05:00,18.3800,73,2
2026-02-03,601012,14:05:03,18.3800,90,2
2026-02-03,601012,14:05:06,18.3900,194,1
2026-02-03,601012,14:05:09,18.3800,111,2
2026-02-03,601012,14:05:12,18.3800,28,2
2026-02-03,601012,14:05:15,18.3800,86,2
2026-02-03,601012,14:05:18,18.3800,57,2
2026-02-03,601012,14:05:21,18.3800,14,2
2026-02-03,601012,14:05:24,18.3800,111,2
2026-02-03,601012,14:05:27,18.3800,34,2
2026-02-03,601012,14:05:30,18.3900,170,1
2026-02-03,601012,14:05:33,18.3900,34,1
2026-02-03,601012,14:05:36,18.3800,92,2
2026-02-03,601012,14:05:39,18.3900,48,1
2026-02-03,601012,14:05:42,18.3800,11,2
2026-02-03,601012,14:05:45,18.3800,130,2
2026-02-03,601012,14:05:48,18.3900,74,1
2026-02-03,601012,14:05:51,18.3800,37,2
2026-02-03,601012,14:05:54,18.3900,76,1
2026-02-03,601012,14:05:57,18.3900,984,1
2026-02-03,601012,14:06:00,18.3900,1157,1
2026-02-03,601012,14:06:03,18.4000,185,1
2026-02-03,601012,14:06:06,18.4000,310,1
2026-02-03,601012,14:06:09,18.4000,965,1
2026-02-03,601012,14:06:12,18.4100,2627,1
2026-02-03,601012,14:06:15,18.4000,85,2
2026-02-03,601012,14:06:18,18.4000,55,2
2026-02-03,601012,14:06:21,18.4000,148,2
2026-02-03,601012,14:06:24,18.4100,93,1
2026-02-03,601012,14:06:27,18.4100,72,1
2026-02-03,601012,14:06:30,18.4100,68,1
2026-02-03,601012,14:06:33,18.4100,1123,1
2026-02-03,601012,14:06:36,18.4100,580,1
2026-02-03,601012,14:06:39,18.4100,99,1
2026-02-03,601012,14:06:42,18.4200,72,1
2026-02-03,601012,14:06:45,18.4200,163,1
2026-02-03,601012,14:06:48,18.4200,93,1
2026-02-03,601012,14:06:51,18.4200,118,1
2026-02-03,601012,14:06:54,18.4100,387,2
2026-02-03,601012,14:06:57,18.4200,28,1
2026-02-03,601012,14:07:00,18.4100,405,2
2026-02-03,601012,14:07:03,18.4100,562,2
2026-02-03,601012,10:57:09,18.1500,724,1
2026-02-03,601012,10:57:12,18.1500,115,1
2026-02-03,601012,10:57:15,18.1600,48,1
2026-02-03,601012,10:57:18,18.1500,501,2
2026-02-03,601012,10:57:21,18.1600,115,1
2026-02-03,601012,10:57:24,18.1500,271,2
2026-02-03,601012,10:57:27,18.1500,173,2
2026-02-03,601012,10:57:30,18.1500,57,2
2026-02-03,601012,10:57:33,18.1500,513,2
2026-02-03,601012,10:57:36,18.1500,65,2
2026-02-03,601012,10:57:39,18.1500,103,2
2026-02-03,601012,10:57:42,18.1500,263,2
2026-02-03,601012,10:57:45,18.1500,202,2
2026-02-03,601012,10:57:48,18.1400,164,2
2026-02-03,601012,10:57:51,18.1500,99,1
2026-02-03,601012,10:57:54,18.1500,177,1
2026-02-03,601012,10:57:57,18.1500,99,1
2026-02-03,601012,10:58:00,18.1500,238,1
2026-02-03,601012,10:58:03,18.1400,39,2
2026-02-03,601012,10:58:06,18.1500,579,1
2026-02-03,601012,10:58:09,18.1500,363,2
2026-02-03,601012,10:58:12,18.1600,440,1
2026-02-03,601012,10:58:15,18.1500,223,2
2026-02-03,601012,10:58:18,18.1500,75,2
2026-02-03,601012,10:58:21,18.1500,244,2
2026-02-03,601012,10:58:24,18.1600,111,1
2026-02-03,601012,10:58:27,18.1500,215,2
2026-02-03,601012,10:58:30,18.1500,683,2
2026-02-03,601012,10:58:33,18.1500,149,2
2026-02-03,601012,10:58:36,18.1500,696,2
2026-02-03,601012,10:58:39,18.1600,318,1
2026-02-03,601012,10:58:42,18.1500,662,2
2026-02-03,601012,10:58:45,18.1500,126,2
2026-02-03,601012,10:58:48,18.1500,235,2
2026-02-03,601012,10:58:51,18.1500,51,2
2026-02-03,601012,10:58:54,18.1500,321,2
2026-02-03,601012,10:58:57,18.1500,202,2
2026-02-03,601012,10:59:00,18.1500,401,2
2026-02-03,601012,10:59:03,18.1600,3657,1
2026-02-03,601012,10:59:06,18.1700,1037,1
2026-02-03,601012,10:59:09,18.1600,99,2
2026-02-03,601012,10:59:12,18.1500,831,2
2026-02-03,601012,10:59:15,18.1500,141,2
2026-02-03,601012,10:59:18,18.1600,52,1
2026-02-03,601012,10:59:21,18.1600,85,1
2026-02-03,601012,10:59:24,18.1500,97,2
2026-02-03,601012,10:59:27,18.1600,634,1
2026-02-03,601012,10:59:30,18.1500,87,2
2026-02-03,601012,10:59:33,18.1600,102,1
2026-02-03,601012,10:59:36,18.1600,513,1
2026-02-03,601012,10:59:39,18.1600,140,2
2026-02-03,601012,10:59:42,18.1700,409,1
2026-02-03,601012,10:59:45,18.1600,144,2
2026-02-03,601012,10:59:48,18.1600,502,2
2026-02-03,601012,10:59:51,18.1600,207,2
2026-02-03,601012,10:59:54,18.1600,352,2
2026-02-03,601012,10:59:57,18.1600,572,2
2026-02-03,601012,11:00:00,18.1800,1449,1
2026-02-03,601012,11:00:03,18.1800,77,1
2026-02-03,601012,11:00:06,18.1800,116,1
2026-02-03,601012,11:00:09,18.2000,30956,1
2026-02-03,601012,11:00:12,18.2400,12319,1
2026-02-03,601012,11:00:15,18.2500,513,1
2026-02-03,601012,11:00:18,18.2500,3476,1
2026-02-03,601012,11:00:21,18.2500,579,1
2026-02-03,601012,11:00:24,18.2300,1706,2
2026-02-03,601012,11:00:27,18.2500,967,1
2026-02-03,601012,11:00:30,18.2500,303,1
2026-02-03,601012,11:00:33,18.2400,586,2
2026-02-03,601012,11:00:36,18.2500,548,1
2026-02-03,601012,11:00:39,18.2500,864,1
2026-02-03,601012,11:00:42,18.2400,833,4
2026-02-03,601012,11:00:45,18.2400,765,1
2026-02-03,601012,11:00:48,18.2400,506,2
2026-02-03,601012,11:00:51,18.2400,1207,2
2026-02-03,601012,11:00:54,18.2400,1208,2
2026-02-03,601012,11:00:57,18.2400,414,1
2026-02-03,601012,11:01:00,18.2400,114,1
2026-02-03,601012,11:01:03,18.2400,766,1
2026-02-03,601012,11:01:06,18.2400,1281,1
2026-02-03,601012,11:01:09,18.2300,150,1
2026-02-03,601012,11:01:12,18.2300,128,1
2026-02-03,601012,11:01:15,18.2200,111,2
2026-02-03,601012,11:01:18,18.2200,694,2
2026-02-03,601012,11:01:21,18.2200,259,1
2026-02-03,601012,11:01:24,18.2100,141,2
2026-02-03,601012,11:01:27,18.2100,109,2
2026-02-03,601012,11:01:30,18.2100,464,1
2026-02-03,601012,11:01:33,18.2100,342,2
2026-02-03,601012,11:01:36,18.2100,504,2
2026-02-03,601012,11:01:39,18.2100,486,1
2026-02-03,601012,11:01:42,18.2000,438,2
2026-02-03,601012,11:01:45,18.2100,529,1
2026-02-03,601012,11:01:48,18.2100,686,2
2026-02-03,601012,11:01:51,18.2200,921,1
2026-02-03,601012,11:01:54,18.2200,191,1
2026-02-03,601012,11:01:57,18.2200,142,1
2026-02-03,601012,11:02:00,18.2100,228,2
2026-02-03,601012,11:02:03,18.2200,1214,1
2026-02-03,601012,11:02:06,18.2200,544,1
2026-02-03,601012,11:02:09,18.2200,826,2
2026-02-03,601012,11:02:12,18.2100,1388,2
2026-02-03,601012,11:02:15,18.2100,272,2
2026-02-03,601012,11:02:18,18.2100,375,2
2026-02-03,601012,11:02:21,18.2100,592,2
2026-02-03,601012,11:02:24,18.2100,340,2
2026-02-03,601012,11:02:27,18.2100,325,2
2026-02-03,601012,11:02:30,18.2100,32,1
2026-02-03,601012,11:02:33,18.2000,213,2
2026-02-03,601012,11:02:36,18.2000,203,2
2026-02-03,601012,11:02:39,18.2000,180,2
2026-02-03,601012,11:02:42,18.2000,354,2
2026-02-03,601012,11:02:45,18.2000,352,2
2026-02-03,601012,11:02:48,18.2000,339,2
2026-02-03,601012,11:02:51,18.2000,229,2
2026-02-03,601012,11:02:54,18.2000,324,2
2026-02-03,601012,11:02:57,18.2000,263,2
2026-02-03,601012,11:03:00,18.2000,290,1
2026-02-03,601012,11:03:03,18.2000,199,1
2026-02-03,601012,11:03:06,18.2000,572,1
2026-02-03,601012,11:03:09,18.2000,97,2
2026-02-03,601012,11:03:12,18.2000,424,2
2026-02-03,601012,11:03:15,18.1900,394,2
2026-02-03,601012,11:03:18,18.2000,146,1
2026-02-03,601012,11:03:21,18.1900,130,2
2026-02-03,601012,11:03:24,18.2000,373,1
2026-02-03,601012,11:03:27,18.2000,451,1
2026-02-03,601012,11:03:30,18.2000,439,2
2026-02-03,601012,11:03:33,18.2000,188,1
2026-02-03,601012,11:03:36,18.2000,181,1
2026-02-03,601012,11:03:39,18.2000,678,1
2026-02-03,601012,11:03:42,18.2000,276,2
2026-02-03,601012,11:03:45,18.2000,94,2
2026-02-03,601012,11:03:48,18.2000,112,2
2026-02-03,601012,11:03:51,18.2000,243,2
2026-02-03,601012,11:03:54,18.2000,173,2
2026-02-03,601012,11:03:57,18.1900,336,2
2026-02-03,601012,11:04:00,18.1900,131,2
2026-02-03,601012,11:04:03,18.1900,131,2
2026-02-03,601012,11:04:06,18.2000,1295,1
2026-02-03,601012,11:04:09,18.2000,467,1
2026-02-03,601012,11:04:12,18.2000,271,2
2026-02-03,601012,11:04:15,18.2000,638,2
2026-02-03,601012,11:04:18,18.2100,423,1
2026-02-03,601012,11:04:21,18.2100,613,1
2026-02-03,601012,11:04:24,18.2000,91,2
2026-02-03,601012,11:04:27,18.2000,117,2
2026-02-03,601012,11:04:30,18.2000,151,2
2026-02-03,601012,11:04:33,18.2000,611,2
2026-02-03,601012,11:04:36,18.2000,50,1
2026-02-03,601012,11:04:39,18.2000,20,1
2026-02-03,601012,11:04:42,18.2000,287,1
2026-02-03,601012,11:04:45,18.2000,171,2
2026-02-03,601012,11:04:48,18.2000,50,2
2026-02-03,601012,11:04:51,18.2000,914,2
2026-02-03,601012,11:04:54,18.2000,121,1
2026-02-03,601012,11:04:57,18.1900,276,2
2026-02-03,601012,11:05:00,18.1900,37,2
2026-02-03,601012,11:05:03,18.2000,240,1
2026-02-03,601012,11:05:06,18.2000,802,1
2026-02-03,601012,11:05:09,18.2000,127,2
2026-02-03,601012,11:05:12,18.2000,463,2
2026-02-03,601012,11:05:15,18.2000,98,1
2026-02-03,601012,11:05:18,18.2100,1312,1
2026-02-03,601012,11:05:21,18.2000,186,2
2026-02-03,601012,11:05:24,18.2000,236,2
2026-02-03,601012,11:05:27,18.2100,204,1
2026-02-03,601012,11:05:30,18.2100,94,1
2026-02-03,601012,11:05:33,18.2100,37,2
2026-02-03,601012,11:05:36,18.2200,85,1
2026-02-03,601012,11:05:39,18.2200,86,1
2026-02-03,601012,11:05:42,18.2200,1933,1
2026-02-03,601012,11:05:45,18.2200,181,2
2026-02-03,601012,11:05:48,18.2200,234,2
2026-02-03,601012,11:05:51,18.2400,4412,1
2026-02-03,601012,11:05:54,18.2500,3626,1
2026-02-03,601012,11:05:57,18.2500,399,2
2026-02-03,601012,11:06:00,18.2500,557,2
2026-02-03,601012,11:06:03,18.2500,1339,4
2026-02-03,601012,11:06:06,18.2400,473,4
2026-02-03,601012,11:06:09,18.2500,237,1
2026-02-03,601012,11:06:12,18.2500,733,1
2026-02-03,601012,11:06:15,18.2500,173,1
2026-02-03,601012,11:06:18,18.2400,654,2
2026-02-03,601012,11:06:21,18.2500,214,1
2026-02-03,601012,11:06:24,18.2400,252,2
2026-02-03,601012,11:06:27,18.2400,647,2
2026-02-03,601012,11:06:30,18.2400,303,2
2026-02-03,601012,11:06:33,18.2400,670,2
2026-02-03,601012,11:06:36,18.2400,1101,2
2026-02-03,601012,11:06:39,18.2400,132,1
2026-02-03,601012,11:06:42,18.2400,61,1
2026-02-03,601012,11:06:45,18.2400,1165,1
2026-02-03,601012,11:06:48,18.2300,338,2
2026-02-03,601012,11:06:51,18.2400,451,1
2026-02-03,601012,11:06:54,18.2400,75,1
2026-02-03,601012,11:06:57,18.2400,264,1
2026-02-03,601012,11:07:00,18.2300,401,2
2026-02-03,601012,11:07:03,18.2300,139,2
2026-02-03,601012,11:07:06,18.2300,92,2
2026-02-03,601012,11:07:09,18.2300,566,2
2026-02-03,601012,11:07:12,18.2400,958,1
2026-02-03,601012,11:07:15,18.2400,163,1
2026-02-03,601012,11:07:18,18.2300,401,2
2026-02-03,601012,11:07:21,18.2300,208,1
2026-02-03,601012,11:07:24,18.2300,1098,1
2026-02-03,601012,11:07:27,18.2200,115,2
2026-02-03,601012,11:07:30,18.2200,321,2
2026-02-03,601012,11:07:33,18.2200,282,2
2026-02-03,601012,11:07:36,18.2200,12,1
2026-02-03,601012,11:07:39,18.2200,43,1
2026-02-03,601012,11:07:42,18.2100,43,2
2026-02-03,601012,11:07:45,18.2100,728,2
2026-02-03,601012,11:07:48,18.2000,216,2
2026-02-03,601012,11:07:51,18.2100,892,1
2026-02-03,601012,11:07:54,18.2200,665,1
2026-02-03,601012,11:07:57,18.2200,335,2
2026-02-03,601012,11:08:00,18.2200,479,2
2026-02-03,601012,11:08:03,18.2200,435,2
2026-02-03,601012,11:08:06,18.2300,204,2
2026-02-03,601012,11:08:09,18.2300,272,2
2026-02-03,601012,11:08:12,18.2400,1283,1
2026-02-03,601012,11:08:15,18.2600,6689,1
2026-02-03,601012,11:08:18,18.2600,465,2
2026-02-03,601012,11:08:21,18.2700,159,1
2026-02-03,601012,11:08:24,18.2600,1330,2
2026-02-03,601012,11:08:27,18.2600,191,1
2026-02-03,601012,11:08:30,18.2600,262,1
2026-02-03,601012,11:08:33,18.2600,265,1
2026-02-03,601012,11:08:36,18.2500,386,2
2026-02-03,601012,11:08:39,18.2600,113,1
2026-02-03,601012,11:08:42,18.2500,469,2
2026-02-03,601012,11:08:45,18.2500,324,2
2026-02-03,601012,11:08:48,18.2600,174,1
2026-02-03,601012,11:08:51,18.2600,888,1
2026-02-03,601012,11:08:54,18.2600,316,1
2026-02-03,601012,11:08:57,18.2600,683,1
2026-02-03,601012,11:09:00,18.2500,525,2
2026-02-03,601012,11:09:03,18.2600,150,1
2026-02-03,601012,11:09:06,18.2600,460,1
2026-02-03,601012,11:09:09,18.2600,1170,1
2026-02-03,601012,11:09:12,18.2600,173,2
2026-02-03,601012,11:09:15,18.2700,383,1
2026-02-03,601012,11:09:18,18.2600,411,2
2026-02-03,601012,11:09:21,18.2600,542,2
2026-02-03,601012,11:09:24,18.2600,724,2
2026-02-03,601012,11:09:27,18.2600,472,2
2026-02-03,601012,11:09:30,18.2600,233,2
2026-02-03,601012,11:09:33,18.2600,442,2
2026-02-03,601012,11:09:36,18.2600,354,2
2026-02-03,601012,11:09:39,18.2600,364,1
2026-02-03,601012,11:09:42,18.2600,336,1
2026-02-03,601012,11:09:45,18.2600,235,1
2026-02-03,601012,11:09:48,18.2500,358,2
2026-02-03,601012,11:09:51,18.2500,16,1
2026-02-03,601012,11:09:54,18.2500,37,1
2026-02-03,601012,11:09:57,18.2400,72,2
2026-02-03,601012,11:10:00,18.2400,325,2
2026-02-03,601012,11:10:03,18.2400,195,2
2026-02-03,601012,11:10:06,18.2400,238,2
2026-02-03,601012,11:10:09,18.2500,233,1
2026-02-03,601012,11:10:12,18.2300,402,2
2026-02-03,601012,11:10:15,18.2500,334,1
2026-02-03,601012,11:10:18,18.2500,215,1
2026-02-03,601012,11:10:21,18.2600,2060,1
2026-02-03,601012,11:10:24,18.2600,393,1
2026-02-03,601012,11:10:27,18.2400,752,2
2026-02-03,601012,11:10:30,18.2600,108,1
2026-02-03,601012,11:10:33,18.2600,426,1
2026-02-03,601012,11:10:36,18.2500,115,2
2026-02-03,601012,11:10:39,18.2500,261,2
2026-02-03,601012,11:10:42,18.2500,98,1
2026-02-03,601012,11:10:45,18.2500,75,2
2026-02-03,601012,11:10:48,18.2500,232,2
2026-02-03,601012,11:10:51,18.2500,258,2
2026-02-03,601012,11:10:54,18.2500,456,2
2026-02-03,601012,11:10:57,18.2500,185,2
2026-02-03,601012,11:11:00,18.2500,124,2
2026-02-03,601012,11:11:03,18.2500,188,1
2026-02-03,601012,11:11:06,18.2500,217,1
2026-02-03,601012,11:11:09,18.2500,261,1
2026-02-03,601012,11:11:12,18.2400,64,2
2026-02-03,601012,11:11:15,18.2500,476,1
2026-02-03,601012,11:11:18,18.2300,820,2
2026-02-03,601012,11:11:21,18.2300,64,2
2026-02-03,601012,11:11:24,18.2300,204,2
2026-02-03,601012,11:11:27,18.2300,157,2
2026-02-03,601012,11:11:30,18.2400,741,1
2026-02-03,601012,11:11:33,18.2400,219,2
2026-02-03,601012,11:11:36,18.2500,197,1
2026-02-03,601012,11:11:39,18.2400,431,2
2026-02-03,601012,11:11:42,18.2400,125,1
2026-02-03,601012,11:11:45,18.2400,679,2
2026-02-03,601012,11:11:48,18.2400,490,2
2026-02-03,601012,11:11:51,18.2400,19,1
2026-02-03,601012,11:11:54,18.2400,1320,1
2026-02-03,601012,11:11:57,18.2400,196,2
2026-02-03,601012,11:12:00,18.2400,552,2
2026-02-03,601012,11:12:03,18.2400,95,1
2026-02-03,601012,11:12:06,18.2400,1675,1
2026-02-03,601012,11:12:09,18.2300,358,1
2026-02-03,601012,11:12:12,18.2200,234,2
2026-02-03,601012,11:12:15,18.2200,26,2
2026-02-03,601012,11:12:18,18.2100,270,2
2026-02-03,601012,11:12:21,18.2100,28,2
2026-02-03,601012,11:12:24,18.2100,92,2
2026-02-03,601012,11:12:27,18.2100,431,2
2026-02-03,601012,11:12:30,18.2100,475,1
2026-02-03,601012,11:12:33,18.2100,2099,1
2026-02-03,601012,11:12:36,18.2100,219,2
2026-02-03,601012,11:12:39,18.2000,156,2
2026-02-03,601012,11:12:42,18.2100,235,1
2026-02-03,601012,11:12:45,18.2100,79,2
2026-02-03,601012,11:12:48,18.2000,46,2
2026-02-03,601012,11:12:51,18.2100,50,1
2026-02-03,601012,11:12:54,18.2000,110,2
2026-02-03,601012,11:12:57,18.2000,186,2
2026-02-03,601012,11:13:00,18.2000,190,2
2026-02-03,601012,11:13:03,18.2100,459,1
2026-02-03,601012,11:13:06,18.2000,291,2
2026-02-03,601012,11:13:09,18.2000,126,2
2026-02-03,601012,11:13:12,18.2000,239,2
2026-02-03,601012,11:13:15,18.2000,433,2
2026-02-03,601012,11:13:18,18.2000,829,2
2026-02-03,601012,11:13:21,18.2000,824,1
2026-02-03,601012,11:13:24,18.2200,744,1
2026-02-03,601012,11:13:27,18.2200,202,1
2026-02-03,601012,11:13:30,18.2100,48,2
2026-02-03,601012,11:13:33,18.2100,23,1
2026-02-03,601012,11:13:36,18.2100,29,1
2026-02-03,601012,11:13:39,18.2000,212,2
2026-02-03,601012,11:13:42,18.2100,279,1
2026-02-03,601012,11:13:45,18.2100,327,2
2026-02-03,601012,11:13:48,18.2100,696,1
2026-02-03,601012,11:13:51,18.2100,542,1
2026-02-03,601012,11:13:54,18.2100,55,1
2026-02-03,601012,11:13:57,18.2100,230,2
2026-02-03,601012,11:14:00,18.2100,47,2
2026-02-03,601012,11:14:03,18.2100,195,2
2026-02-03,601012,11:14:06,18.2100,98,2
2026-02-03,601012,11:14:09,18.2100,60,2
2026-02-03,601012,11:14:12,18.2100,90,1
2026-02-03,601012,11:14:15,18.2100,110,1
2026-02-03,601012,11:14:18,18.2000,85,2
2026-02-03,601012,11:14:21,18.2100,217,1
2026-02-03,601012,11:14:24,18.2100,58,1
2026-02-03,601012,11:14:27,18.2000,58,2
2026-02-03,601012,11:14:30,18.2100,111,1
2026-02-03,601012,11:14:33,18.2100,66,1
2026-02-03,601012,11:14:36,18.2000,23,2
2026-02-03,601012,11:14:39,18.2000,78,2
2026-02-03,601012,11:14:42,18.2000,648,2
2026-02-03,601012,11:14:45,18.2000,90,2
2026-02-03,601012,11:14:48,18.2000,385,2
2026-02-03,601012,11:14:51,18.2000,287,2
2026-02-03,601012,11:14:54,18.1900,487,2
2026-02-03,601012,11:14:57,18.2100,337,1
2026-02-03,601012,11:15:00,18.1900,31,2
2026-02-03,601012,11:15:03,18.2000,67,1
2026-02-03,601012,11:15:06,18.2000,462,1
2026-02-03,601012,11:15:09,18.1900,42,2
2026-02-03,601012,11:15:12,18.1900,75,2
2026-02-03,601012,11:15:15,18.2000,240,1
2026-02-03,601012,11:15:18,18.2000,45,2
2026-02-03,601012,11:15:21,18.2100,763,1
2026-02-03,601012,11:15:24,18.2100,128,2
2026-02-03,601012,11:15:27,18.2100,206,2
2026-02-03,601012,11:15:30,18.2100,238,2
2026-02-03,601012,11:15:33,18.2100,172,2
2026-02-03,601012,11:15:36,18.2100,222,2
2026-02-03,601012,11:15:39,18.2100,74,1
2026-02-03,601012,11:15:42,18.2100,159,1
2026-02-03,601012,11:15:45,18.2100,411,1
2026-02-03,601012,11:15:48,18.2200,73,1
2026-02-03,601012,11:15:51,18.2000,282,2
2026-02-03,601012,11:15:54,18.2100,129,2
2026-02-03,601012,11:15:57,18.2100,90,2
2026-02-03,601012,11:16:00,18.2100,78,2
2026-02-03,601012,11:16:03,18.2000,89,2
2026-02-03,601012,11:16:06,18.2100,121,1
2026-02-03,601012,11:16:09,18.2000,35,2
2026-02-03,601012,11:16:12,18.2000,90,2
2026-02-03,601012,11:16:15,18.2100,643,1
2026-02-03,601012,11:16:18,18.2100,165,2
2026-02-03,601012,11:16:21,18.2100,119,2
2026-02-03,601012,11:16:24,18.2100,286,2
2026-02-03,601012,11:16:27,18.2100,152,2
2026-02-03,601012,11:16:30,18.2100,111,2
2026-02-03,601012,11:16:33,18.2200,55,1
2026-02-03,601012,11:16:36,18.2100,339,2
2026-02-03,601012,11:16:39,18.2100,127,2
2026-02-03,601012,11:16:42,18.2000,147,2
2026-02-03,601012,11:16:45,18.2200,320,1
2026-02-03,601012,11:16:48,18.2000,30,2
2026-02-03,601012,11:16:51,18.2100,97,1
2026-02-03,601012,11:16:54,18.2100,282,1
2026-02-03,601012,11:16:57,18.2100,55,2
2026-02-03,601012,11:17:00,18.2200,73,1
2026-02-03,601012,11:17:03,18.2200,114,1
2026-02-03,601012,11:17:06,18.2100,233,2
2026-02-03,601012,11:17:09,18.2100,350,2
2026-02-03,601012,11:17:12,18.2100,75,2
2026-02-03,601012,11:17:15,18.2100,30,2
2026-02-03,601012,11:17:18,18.2100,84,2
2026-02-03,601012,11:17:21,18.2100,24,1
2026-02-03,601012,11:17:24,18.2200,2463,1
2026-02-03,601012,11:17:27,18.2100,347,2
2026-02-03,601012,11:17:30,18.2100,88,2
2026-02-03,601012,11:17:33,18.2100,312,2
2026-02-03,601012,11:17:36,18.2100,140,2
2026-02-03,601012,11:17:39,18.2200,45,1
2026-02-03,601012,11:17:42,18.2100,75,2
2026-02-03,601012,11:17:45,18.2200,27,1
2026-02-03,601012,11:17:48,18.2100,78,2
2026-02-03,601012,11:17:51,18.2200,385,1
2026-02-03,601012,11:17:54,18.2200,204,2
2026-02-03,601012,11:17:57,18.2100,180,2
2026-02-03,601012,11:18:00,18.2200,164,1
2026-02-03,601012,11:18:03,18.2200,108,1
2026-02-03,601012,11:18:06,18.2100,178,2
2026-02-03,601012,11:18:09,18.2200,65,1
2026-02-03,601012,11:18:12,18.2200,54,1
2026-02-03,601012,11:18:15,18.2200,179,1
2026-02-03,601012,11:18:18,18.2200,428,1
2026-02-03,601012,11:18:21,18.2200,114,2
2026-02-03,601012,11:18:24,18.2200,146,2
2026-02-03,601012,11:18:27,18.2200,43,2
2026-02-03,601012,11:18:30,18.2200,67,2
2026-02-03,601012,11:18:33,18.2300,264,1
2026-02-03,601012,11:18:36,18.2300,1323,1
2026-02-03,601012,11:18:39,18.2400,345,1
2026-02-03,601012,11:18:42,18.2300,72,2
2026-02-03,601012,11:18:45,18.2300,92,2
2026-02-03,601012,11:18:48,18.2400,311,1
2026-02-03,601012,11:18:51,18.2400,101,1
2026-02-03,601012,11:18:54,18.2300,407,2
2026-02-03,601012,11:18:57,18.2500,4603,1
2026-02-03,601012,11:19:00,18.2500,1126,2
2026-02-03,601012,11:19:03,18.2500,147,2
2026-02-03,601012,11:19:06,18.2700,2235,1
2026-02-03,601012,11:19:09,18.2600,430,2
2026-02-03,601012,11:19:12,18.2800,4809,1
2026-02-03,601012,11:19:15,18.2700,248,2
2026-02-03,601012,11:19:18,18.2700,1366,2
2026-02-03,601012,11:19:21,18.2800,253,1
2026-02-03,601012,11:19:24,18.2700,425,2
2026-02-03,601012,11:19:27,18.2800,128,1
