date,code,time,price,volume,bs
2026-04-10,601318,14:07:00,59.0500,80,1
2026-04-10,601318,14:07:03,59.0400,108,2
2026-04-10,601318,14:07:06,59.0400,50,2
2026-04-10,601318,14:07:09,59.0500,23,1
2026-04-10,601318,14:07:12,59.0400,48,2
2026-04-10,601318,14:07:15,59.0300,40,2
2026-04-10,601318,14:07:18,59.0400,32,1
2026-04-10,601318,14:07:21,59.0300,264,2
2026-04-10,601318,14:07:24,59.0300,40,2
2026-04-10,601318,14:07:27,59.0200,2058,2
2026-04-10,601318,14:07:30,59.0000,153,2
2026-04-10,601318,14:07:33,59.0000,343,2
2026-04-10,601318,14:07:36,59.0100,70,2
2026-04-10,601318,14:07:39,59.0200,99,1
2026-04-10,601318,14:07:42,59.0000,128,2
2026-04-10,601318,14:07:45,59.0000,44,2
2026-04-10,601318,14:07:48,59.0000,15,2
2026-04-10,601318,14:07:51,59.0000,118,2
2026-04-10,601318,14:07:54,59.0000,55,2
2026-04-10,601318,14:07:57,59.0000,56,1
2026-04-10,601318,14:08:00,59.0000,62,1
2026-04-10,601318,14:08:03,59.0000,93,1
2026-04-10,601318,14:08:06,58.9800,130,2
2026-04-10,601318,14:08:09,58.9800,59,2
2026-04-10,601318,14:08:12,58.9900,42,1
2026-04-10,601318,14:08:15,58.9900,56,1
2026-04-10,601318,14:08:18,58.9900,61,2
2026-04-10,601318,14:08:21,58.9900,72,2
2026-04-10,601318,14:08:24,58.9800,312,2
2026-04-10,601318,14:08:27,58.9700,299,2
2026-04-10,601318,14:08:30,58.9800,195,1
2026-04-10,601318,14:08:33,58.9700,213,2
2026-04-10,601318,14:08:36,58.9700,164,1
2026-04-10,601318,14:08:39,58.9700,67,4
2026-04-10,601318,14:08:42,58.9600,64,2
2026-04-10,601318,14:08:45,58.9700,315,1
2026-04-10,601318,14:08:48,58.9600,32,2
2026-04-10,601318,14:08:51,58.9600,108,2
2026-04-10,601318,14:08:54,58.9700,79,1
2026-04-10,601318,14:08:57,58.9600,27,2
2026-04-10,601318,14:09:00,58.9700,368,1
2026-04-10,601318,14:09:03,58.9600,30,2
2026-04-10,601318,14:09:06,58.9600,221,2
2026-04-10,601318,14:09:09,58.9700,16,4
2026-04-10,601318,14:09:12,58.9700,82,2
2026-04-10,601318,14:09:15,58.9800,16,1
2026-04-10,601318,14:09:18,58.9800,18,1
2026-04-10,601318,14:09:21,58.9800,252,1
2026-04-10,601318,14:09:24,58.9800,63,1
2026-04-10,601318,14:09:27,58.9900,96,4
2026-04-10,601318,14:09:30,59.0000,22,1
2026-04-10,601318,14:09:33,58.9900,12,2
2026-04-10,601318,14:09:36,58.9800,67,2
2026-04-10,601318,14:09:39,58.9800,40,2
2026-04-10,601318,14:09:42,58.9900,48,1
2026-04-10,601318,14:09:45,58.9900,37,1
2026-04-10,601318,14:09:48,58.9900,94,1
2026-04-10,601318,14:09:51,58.9800,2104,2
2026-04-10,601318,14:09:54,58.9800,75,1
2026-04-10,601318,14:09:57,58.9600,110,2
2026-04-10,601318,14:10:00,58.9800,51,1
2026-04-10,601318,14:10:03,58.9800,13,1
2026-04-10,601318,14:10:06,58.9700,50,2
2026-04-10,601318,14:10:09,58.9800,185,1
2026-04-10,601318,14:10:12,58.9800,109,1
2026-04-10,601318,14:10:15,58.9900,139,1
2026-04-10,601318,14:10:18,58.9800,11,2
2026-04-10,601318,14:10:21,58.9900,29,1
2026-04-10,601318,14:10:24,58.9900,23,1
2026-04-10,601318,14:10:27,58.9800,21,2
2026-04-10,601318,14:10:30,58.9800,18,2
2026-04-10,601318,14:10:33,58.9800,1017,2
2026-04-10,601318,14:10:36,58.9600,41,2
2026-04-10,601318,14:10:39,58.9600,10,2
2026-04-10,601318,14:10:42,58.9700,7,1
2026-04-10,601318,14:10:45,58.9700,58,1
2026-04-10,601318,14:10:48,58.9600,36,2
2026-04-10,601318,14:10:51,58.9600,73,2
2026-04-10,601318,14:10:54,58.9600,52,1
2026-04-10,601318,14:10:57,58.9500,51,2
2026-04-10,601318,14:11:00,58.9500,22,2
2026-04-10,601318,14:11:03,58.9600,67,1
2026-04-10,601318,14:11:06,58.9500,53,2
2026-04-10,601318,14:11:09,58.9600,82,1
2026-04-10,601318,14:11:12,58.9500,75,2
2026-04-10,601318,14:11:15,58.9600,110,1
2026-04-10,601318,14:11:18,58.9500,234,2
2026-04-10,601318,14:11:21,58.9500,120,2
2026-04-10,601318,14:11:24,58.9600,8,1
2026-04-10,601318,14:11:27,58.9600,153,1
2026-04-10,601318,14:11:30,58.9800,348,1
2026-04-10,601318,14:11:33,58.9700,110,2
2026-04-10,601318,14:11:36,58.9700,11,2
2026-04-10,601318,14:11:39,58.9800,9,1
2026-04-10,601318,14:11:42,58.9800,17,1
2026-04-10,601318,14:11:45,58.9800,41,1
2026-04-10,601318,14:11:48,58.9500,1012,2
2026-04-10,601318,14:11:51,58.9500,49,1
2026-04-10,601318,14:11:54,58.9500,36,1
2026-04-10,601318,14:11:57,58.9500,81,1
2026-04-10,601318,14:12:00,58.9800,44,1
2026-04-10,601318,14:12:03,58.9500,16,2
2026-04-10,601318,14:12:06,58.9600,18,4
2026-04-10,601318,14:12:09,58.9600,27,2
2026-04-10,601318,14:12:12,58.9600,30,4
2026-04-10,601318,14:12:15,58.9700,69,1
2026-04-10,601318,14:12:18,58.9600,2,2
2026-04-10,601318,14:12:21,58.9600,95,2
2026-04-10,601318,14:12:24,58.9500,181,2
2026-04-10,601318,14:12:27,58.9500,215,2
2026-04-10,601318,14:12:30,58.9500,140,1
2026-04-10,601318,14:12:33,58.9400,71,2
2026-04-10,601318,14:12:36,58.9400,132,2
2026-04-10,601318,14:12:39,58.9500,44,1
2026-04-10,601318,14:12:42,58.9500,27,1
2026-04-10,601318,14:12:45,58.9400,55,2
2026-04-10,601318,14:12:48,58.9400,14,2
2026-04-10,601318,14:12:51,58.9400,83,2
2026-04-10,601318,14:12:54,58.9400,60,2
2026-04-10,601318,14:12:57,58.9400,26,2
2026-04-10,601318,14:13:00,58.9500,130,1
2026-04-10,601318,14:13:03,58.9400,154,2
2026-04-10,601318,14:13:06,58.9400,19,2
2026-04-10,601318,14:13:09,58.9500,19,4
2026-04-10,601318,14:13:12,58.9500,275,2
2026-04-10,601318,14:13:15,58.9600,27,1
2026-04-10,601318,14:13:18,58.9400,39,2
2026-04-10,601318,14:13:21,58.9600,76,1
2026-04-10,601318,14:13:24,58.9600,11,1
2026-04-10,601318,14:13:27,58.9500,26,2
2026-04-10,601318,14:13:30,58.9600,20,1
2026-04-10,601318,14:13:33,58.9500,140,2
2026-04-10,601318,14:13:36,58.9500,18,2
2026-04-10,601318,14:13:39,58.9500,34,2
2026-04-10,601318,14:13:42,58.9500,28,2
2026-04-10,601318,14:13:45,58.9500,12,1
2026-04-10,601318,14:13:48,58.9500,22,1
2026-04-10,601318,14:13:51,58.9500,36,1
2026-04-10,601318,14:13:54,58.9500,80,1
2026-04-10,601318,14:13:57,58.9500,105,1
2026-04-10,601318,14:14:00,58.9500,72,2
2026-04-10,601318,14:14:03,58.9500,3,2
2026-04-10,601318,14:14:06,58.9600,243,1
2026-04-10,601318,14:14:09,58.9600,84,2
2026-04-10,601318,14:14:12,58.9600,71,1
2026-04-10,601318,14:14:15,58.9600,386,1
2026-04-10,601318,14:14:18,58.9600,63,1
2026-04-10,601318,14:14:21,58.9600,29,1
2026-04-10,601318,14:14:24,58.9600,16,1
2026-04-10,601318,14:14:27,58.9600,90,1
2026-04-10,601318,14:14:30,58.9600,61,2
2026-04-10,601318,14:14:33,58.9600,29,2
2026-04-10,601318,14:14:36,58.9600,25,1
2026-04-10,601318,14:14:39,58.9600,11,1
2026-04-10,601318,14:14:42,58.9500,336,2
2026-04-10,601318,14:14:45,58.9600,9,1
2026-04-10,601318,14:14:48,58.9600,110,1
2026-04-10,601318,14:14:51,58.9500,108,2
2026-04-10,601318,14:14:54,58.9400,191,2
2026-04-10,601318,14:14:57,58.9500,87,1
2026-04-10,601318,14:15:00,58.9400,104,2
2026-04-10,601318,14:15:03,58.9400,185,2
2026-04-10,601318,14:15:06,58.9300,193,2
2026-04-10,601318,14:15:09,58.9400,63,1
2026-04-10,601318,14:15:12,58.9300,140,2
2026-04-10,601318,14:15:15,58.9400,41,1
2026-04-10,601318,14:15:18,58.9400,24,1
2026-04-10,601318,14:15:21,58.9300,37,2
2026-04-10,601318,14:15:24,58.9300,11,2
2026-04-10,601318,14:15:27,58.9300,92,2
2026-04-10,601318,14:15:30,58.9300,21,4
2026-04-10,601318,14:15:33,58.9200,11,2
2026-04-10,601318,14:15:36,58.9300,70,1
2026-04-10,601318,14:15:39,58.9200,261,2
2026-04-10,601318,14:15:42,58.8900,2962,2
2026-04-10,601318,14:15:45,58.8900,157,2
2026-04-10,601318,14:15:48,58.8900,34,2
2026-04-10,601318,14:15:51,58.8900,250,1
2026-04-10,601318,14:15:54,58.8900,37,2
2026-04-10,601318,14:15:57,58.8800,252,2
2026-04-10,601318,14:16:00,58.8800,163,2
2026-04-10,601318,14:16:03,58.9000,65,1
2026-04-10,601318,14:16:06,58.9000,141,1
2026-04-10,601318,14:16:09,58.9000,102,2
2026-04-10,601318,14:16:12,58.9000,206,2
2026-04-10,601318,14:16:15,58.9100,47,1
2026-04-10,601318,14:16:18,58.9100,71,1
2026-04-10,601318,14:16:21,58.9000,10,2
2026-04-10,601318,14:16:24,58.9100,33,1
2026-04-10,601318,14:16:27,58.9200,15,1
2026-04-10,601318,14:16:30,58.9200,135,1
2026-04-10,601318,14:16:33,58.9000,9,2
2026-04-10,601318,14:16:36,58.9000,54,2
2026-04-10,601318,14:16:39,58.8900,186,2
2026-04-10,601318,14:16:42,58.9000,34,1
2026-04-10,601318,14:16:45,58.9000,45,1
2026-04-10,601318,14:16:48,58.8900,13,2
2026-04-10,601318,14:16:51,58.8900,126,2
2026-04-10,601318,14:16:54,58.9000,57,1
2026-04-10,601318,14:16:57,58.8900,71,2
2026-04-10,601318,14:17:00,58.9000,137,1
2026-04-10,601318,14:17:03,58.9000,140,2
2026-04-10,601318,14:17:06,58.9000,123,2
2026-04-10,601318,14:17:09,58.9000,90,2
2026-04-10,601318,14:17:12,58.8900,167,2
2026-04-10,601318,14:17:15,58.8800,98,2
2026-04-10,601318,14:17:18,58.8800,74,2
2026-04-10,601318,14:17:21,58.8800,41,2
2026-04-10,601318,14:17:24,58.8900,185,1
2026-04-10,601318,14:17:27,58.8900,223,1
2026-04-10,601318,14:17:30,58.8800,104,2
2026-04-10,601318,14:17:33,58.8800,13,2
2026-04-10,601318,14:17:36,58.8800,128,2
2026-04-10,601318,14:17:39,58.8800,17,2
2026-04-10,601318,14:17:42,58.8900,40,1
2026-04-10,601318,14:17:45,58.8900,170,1
2026-04-10,601318,14:17:48,58.8900,50,1
2026-04-10,601318,14:17:51,58.8900,118,4
2026-04-10,601318,14:17:54,58.8900,142,2
2026-04-10,601318,14:17:57,58.8800,6,2
2026-04-10,601318,14:18:00,58.8800,159,2
2026-04-10,601318,14:18:03,58.8900,175,1
2026-04-10,601318,14:18:06,58.8700,523,2
2026-04-10,601318,14:18:09,58.8900,278,1
2026-04-10,601318,14:18:12,58.8900,1909,1
2026-04-10,601318,14:18:15,58.8900,158,2
2026-04-10,601318,14:18:18,58.8800,47,2
2026-04-10,601318,14:18:21,58.8800,9,2
2026-04-10,601318,14:18:24,58.8900,148,2
2026-04-10,601318,14:18:27,58.8900,95,1
2026-04-10,601318,14:18:30,58.8800,48,2
2026-04-10,601318,14:18:33,58.8800,171,2
2026-04-10,601318,14:18:36,58.8700,53,2
2026-04-10,601318,14:18:39,58.8700,46,2
2026-04-10,601318,14:18:42,58.8800,70,1
2026-04-10,601318,14:18:45,58.8700,44,2
2026-04-10,601318,14:18:48,58.8700,8,2
2026-04-10,601318,14:18:51,58.8800,198,1
2026-04-10,601318,14:18:54,58.8800,168,2
2026-04-10,601318,14:18:57,58.8900,46,1
2026-04-10,601318,14:19:00,58.8900,7,1
2026-04-10,601318,14:19:03,58.8900,56,1
2026-04-10,601318,14:19:06,58.8800,169,2
2026-04-10,601318,14:19:09,58.8900,29,1
2026-04-10,601318,14:19:12,58.8900,50,1
2026-04-10,601318,14:19:15,58.9000,757,1
2026-04-10,601318,14:19:18,58.9100,110,1
2026-04-10,601318,14:19:21,58.9100,136,2
2026-04-10,601318,14:19:24,58.9100,27,2
2026-04-10,601318,14:19:27,58.9100,20,1
2026-04-10,601318,14:19:30,58.8900,13,2
2026-04-10,601318,14:19:33,58.8900,22,2
2026-04-10,601318,14:19:36,58.8900,17,2
2026-04-10,601318,14:19:39,58.8800,184,2
2026-04-10,601318,14:19:42,58.8800,9,2
2026-04-10,601318,14:19:45,58.8900,4,1
2026-04-10,601318,14:19:48,58.9000,246,1
2026-04-10,601318,14:19:51,58.9000,20,2
2026-04-10,601318,14:19:54,58.9000,35,2
2026-04-10,601318,14:19:57,58.9000,50,2
2026-04-10,601318,14:20:00,58.9000,25,2
2026-04-10,601318,14:20:03,58.9000,162,2
2026-04-10,601318,14:20:06,58.9000,10,1
2026-04-10,601318,14:20:09,58.9000,12,1
2026-04-10,601318,14:20:12,58.9000,159,1
2026-04-10,601318,14:20:15,58.9000,60,1
2026-04-10,601318,14:20:18,58.8900,7,2
2026-04-10,601318,14:20:21,58.8900,14,2
2026-04-10,601318,14:20:24,58.9000,9,1
2026-04-10,601318,14:20:27,58.9000,55,1
2026-04-10,601318,14:20:30,58.8900,30,2
2026-04-10,601318,14:20:33,58.8900,247,2
2026-04-10,601318,14:20:36,58.8900,26,1
2026-04-10,601318,14:20:39,58.8900,142,2
2026-04-10,601318,14:20:42,58.8900,8,2
2026-04-10,601318,14:20:45,58.8900,106,2
2026-04-10,601318,14:20:48,58.9000,25,1
2026-04-10,601318,14:20:51,58.8800,146,2
2026-04-10,601318,14:20:54,58.8800,46,2
2026-04-10,601318,14:20:57,58.8800,22,2
2026-04-10,601318,14:21:00,58.8900,107,1
2026-04-10,601318,14:21:03,58.8900,63,2
2026-04-10,601318,14:21:06,58.8900,59,2
2026-04-10,601318,14:21:09,58.8900,43,2
2026-04-10,601318,14:21:12,58.8800,50,2
2026-04-10,601318,14:21:15,58.8900,11,1
2026-04-10,601318,14:21:18,58.8800,347,2
2026-04-10,601318,14:21:21,58.8700,356,2
2026-04-10,601318,14:21:24,58.8800,92,1
2026-04-10,601318,14:21:27,58.8800,173,1
2026-04-10,601318,14:21:30,58.8700,56,4
2026-04-10,601318,14:21:33,58.8700,165,2
2026-04-10,601318,14:21:36,58.8600,127,2
2026-04-10,601318,14:21:39,58.8600,128,2
2026-04-10,601318,14:21:42,58.8700,65,1
2026-04-10,601318,14:21:45,58.8600,89,2
2026-04-10,601318,14:21:48,58.8800,115,1
2026-04-10,601318,14:21:51,58.8600,121,2
2026-04-10,601318,14:21:54,58.8700,143,4
2026-04-10,601318,14:21:57,58.8600,48,2
2026-04-10,601318,14:22:00,58.8700,82,1
2026-04-10,601318,14:22:03,58.9000,1563,1
2026-04-10,601318,14:22:06,58.9100,224,1
2026-04-10,601318,14:22:09,58.9200,180,4
2026-04-10,601318,14:22:12,58.9400,167,1
2026-04-10,601318,14:22:15,58.9300,78,2
2026-04-10,601318,14:22:18,58.9300,6,4
2026-04-10,601318,14:22:21,58.9300,44,1
2026-04-10,601318,14:22:24,58.9300,7,1
2026-04-10,601318,14:22:27,58.9200,6,2
2026-04-10,601318,14:22:30,58.9300,15,1
2026-04-10,601318,14:22:33,58.9200,5,2
2026-04-10,601318,14:22:36,58.9200,25,2
2026-04-10,601318,14:22:39,58.9200,30,2
2026-04-10,601318,14:22:42,58.9200,70,2
2026-04-10,601318,14:22:45,58.9200,111,2
2026-04-10,601318,14:22:48,58.9300,83,1
2026-04-10,601318,14:22:51,58.9200,19,1
2026-04-10,601318,14:22:54,58.9200,35,1
2026-04-10,601318,14:22:57,58.9200,24,1
2026-04-10,601318,14:23:00,58.9100,49,2
2026-04-10,601318,14:23:03,58.9200,99,1
2026-04-10,601318,14:23:06,58.9200,232,1
2026-04-10,601318,14:23:09,58.9200,64,2
2026-04-10,601318,14:23:12,58.9200,112,2
2026-04-10,601318,14:23:15,58.9300,53,1
2026-04-10,601318,14:23:18,58.9200,10,2
2026-04-10,601318,14:23:21,58.9300,14,1
2026-04-10,601318,14:23:24,58.9300,109,1
2026-04-10,601318,14:23:27,58.9300,45,1
2026-04-10,601318,14:23:30,58.9200,113,2
2026-04-10,601318,14:23:33,58.9200,56,1
2026-04-10,601318,14:23:36,58.9100,25,2
2026-04-10,601318,14:23:39,58.9100,88,2
2026-04-10,601318,14:23:42,58.9100,202,1
2026-04-10,601318,14:23:45,58.9300,108,1
2026-04-10,601318,14:23:48,58.9200,44,1
2026-04-10,601318,14:23:51,58.9200,21,1
2026-04-10,601318,14:23:54,58.9100,21,2
2026-04-10,601318,14:23:57,58.9200,7,1
2026-04-10,601318,14:24:00,58.9100,37,2
2026-04-10,601318,14:24:03,58.9100,154,2
2026-04-10,601318,14:24:06,58.9100,72,2
2026-04-10,601318,14:24:09,58.9200,281,4
2026-04-10,601318,14:24:12,58.9200,178,1
2026-04-10,601318,14:24:15,58.9200,48,2
2026-04-10,601318,14:24:18,58.9300,38,2
2026-04-10,601318,14:24:21,58.9300,97,2
2026-04-10,601318,14:24:24,58.9300,305,1
2026-04-10,601318,14:24:27,58.9200,139,4
2026-04-10,601318,14:24:30,58.9200,70,1
2026-04-10,601318,14:24:33,58.9200,19,1
2026-04-10,601318,14:24:36,58.9100,18,2
2026-04-10,601318,14:24:39,58.9200,36,1
2026-04-10,601318,14:24:42,58.9200,51,1
2026-04-10,601318,14:24:45,58.9200,24,1
2026-04-10,601318,14:24:48,58.9200,212,1
2026-04-10,601318,14:24:51,58.9100,173,2
2026-04-10,601318,14:24:54,58.9200,59,1
2026-04-10,601318,14:24:57,58.9200,37,1
2026-04-10,601318,14:25:00,58.9200,22,1
2026-04-10,601318,14:25:03,58.9200,22,1
2026-04-10,601318,14:25:06,58.9100,10,2
2026-04-10,601318,14:25:09,58.9200,5,1
2026-04-10,601318,14:25:12,58.9200,87,1
2026-04-10,601318,14:25:15,58.9200,54,1
2026-04-10,601318,14:25:18,58.9200,97,1
2026-04-10,601318,14:25:21,58.9200,107,1
2026-04-10,601318,14:25:24,58.9100,161,2
2026-04-10,601318,14:25:27,58.9200,108,1
2026-04-10,601318,14:25:30,58.9000,76,2
2026-04-10,601318,14:25:33,58.9100,28,1
2026-04-10,601318,14:25:36,58.9100,90,1
2026-04-10,601318,14:25:39,58.9200,31,1
2026-04-10,601318,14:25:42,58.9200,41,1
2026-04-10,601318,14:25:45,58.9100,335,2
2026-04-10,601318,14:25:48,58.9200,103,4
2026-04-10,601318,14:25:51,58.9200,136,2
2026-04-10,601318,14:25:54,58.9300,87,1
2026-04-10,601318,14:25:57,58.9300,133,1
2026-04-10,601318,14:26:00,58.9300,180,1
2026-04-10,601318,14:26:03,58.9300,166,1
2026-04-10,601318,14:26:06,58.9200,74,2
2026-04-10,601318,14:26:09,58.9200,16,2
2026-04-10,601318,14:26:12,58.9300,90,1
2026-04-10,601318,14:26:15,58.9300,2,2
2026-04-10,601318,14:26:18,58.9400,28,1
2026-04-10,601318,14:26:21,58.9400,26,1
2026-04-10,601318,14:26:24,58.9400,24,1
2026-04-10,601318,14:26:27,58.9400,45,1
2026-04-10,601318,14:26:30,58.9400,10,1
2026-04-10,601318,14:26:33,58.9400,56,1
2026-04-10,601318,14:26:36,58.9600,466,1
2026-04-10,601318,14:26:39,58.9500,176,2
2026-04-10,601318,14:26:42,58.9500,52,2
2026-04-10,601318,14:26:45,58.9600,122,1
2026-04-10,601318,14:26:48,58.9600,220,1
2026-04-10,601318,14:26:51,58.9500,190,2
2026-04-10,601318,14:26:54,58.9600,8,1
2026-04-10,601318,14:26:57,58.9600,46,1
2026-04-10,601318,14:27:00,58.9600,118,1
2026-04-10,601318,14:27:03,58.9500,66,2
2026-04-10,601318,14:27:06,58.9400,475,2
2026-04-10,601318,14:27:09,58.9500,55,1
2026-04-10,601318,14:27:12,58.9400,40,2
2026-04-10,601318,14:27:15,58.9400,113,2
2026-04-10,601318,14:27:18,58.9500,279,1
2026-04-10,601318,14:27:21,58.9400,187,1
2026-04-10,601318,14:27:24,58.9400,73,2
2026-04-10,601318,14:27:27,58.9300,129,2
2026-04-10,601318,14:27:30,58.9300,71,1
2026-04-10,601318,14:27:33,58.9200,593,2
2026-04-10,601318,14:27:36,58.9100,260,2
2026-04-10,601318,14:27:39,58.9100,45,2
2026-04-10,601318,14:27:42,58.9200,5,1
2026-04-10,601318,14:27:45,58.9200,19,1
2026-04-10,601318,14:27:48,58.9200,22,1
2026-04-10,601318,14:27:51,58.9200,17,1
2026-04-10,601318,14:27:54,58.9200,5,1
2026-04-10,601318,14:27:57,58.9200,80,1
2026-04-10,601318,14:28:00,58.9200,69,1
2026-04-10,601318,14:28:03,58.9100,16,2
2026-04-10,601318,14:28:06,58.9100,34,2
2026-04-10,601318,14:28:09,58.9100,28,2
2026-04-10,601318,14:28:12,58.9100,53,2
2026-04-10,601318,14:28:15,58.9200,22,1
2026-04-10,601318,14:28:18,58.9100,20,2
2026-04-10,601318,14:28:21,58.9200,7,1
2026-04-10,601318,14:28:24,58.9200,455,1
2026-04-10,601318,14:28:27,58.9500,826,1
2026-04-10,601318,14:28:30,58.9500,294,1
2026-04-10,601318,14:28:33,58.9500,108,2
2026-04-10,601318,14:28:36,58.9400,17,2
2026-04-10,601318,14:28:39,58.9400,79,4
2026-04-10,601318,14:28:42,58.9400,28,1
2026-04-10,601318,14:28:45,58.9400,116,1
2026-04-10,601318,14:28:48,58.9400,41,1
2026-04-10,601318,14:28:51,58.9400,79,1
2026-04-10,601318,14:28:54,58.9400,152,2
2026-04-10,601318,14:28:57,58.9400,20,2
2026-04-10,601318,14:29:00,58.9400,102,1
2026-04-10,601318,14:29:03,58.9500,139,2
2026-04-10,601318,14:29:06,58.9400,145,2
2026-04-10,601318,14:29:09,58.9400,129,1
2026-04-10,601318,14:29:12,58.9500,17,1
2026-04-10,601318,14:29:15,58.9500,55,1
2026-04-10,601318,14:29:18,58.9500,74,1
2026-04-10,601318,14:29:21,58.9500,107,2
2026-04-10,601318,14:29:24,58.9500,4,2
2026-04-10,601318,14:29:27,58.9500,203,2
2026-04-10,601318,14:29:30,58.9600,84,1
2026-04-10,601318,14:29:33,58.9800,213,1
2026-04-10,601318,14:29:36,58.9700,76,2
2026-04-10,601318,14:29:39,58.9800,58,1
2026-04-10,601318,14:29:42,58.9800,68,2
2026-04-10,601318,14:29:45,58.9800,42,2
2026-04-10,601318,14:29:48,58.9700,25,2
2026-04-10,601318,14:29:51,58.9700,48,2
2026-04-10,601318,14:29:54,58.9600,257,4
2026-04-10,601318,14:29:57,58.9600,108,1
2026-04-10,601318,14:30:00,58.9600,70,1
2026-04-10,601318,14:30:03,58.9800,115,1
2026-04-10,601318,14:30:06,58.9700,44,4
2026-04-10,601318,14:30:09,58.9800,152,1
2026-04-10,601318,14:30:12,58.9700,88,2
2026-04-10,601318,14:30:15,58.9600,21,2
2026-04-10,601318,14:30:18,58.9600,7,2
2026-04-10,601318,14:30:21,58.9700,9,1
2026-04-10,601318,14:30:24,58.9700,94,1
2026-04-10,601318,14:30:27,58.9700,18,1
2026-04-10,601318,14:30:30,58.9700,34,2
2026-04-10,601318,14:30:33,58.9800,69,1
2026-04-10,601318,14:30:36,58.9700,26,2
2026-04-10,601318,14:30:39,58.9800,4,1
2026-04-10,601318,14:30:42,58.9800,22,1
2026-04-10,601318,14:30:45,58.9800,14,1
2026-04-10,601318,14:30:51,58.9800,12,1
2026-04-10,601318,14:30:54,58.9800,20,1
2026-04-10,601318,14:30:57,58.9800,70,1
2026-04-10,601318,14:31:00,58.9800,51,1
2026-04-10,601318,14:31:03,58.9800,89,1
2026-04-10,601318,14:31:06,58.9700,92,2
2026-04-10,601318,14:31:09,58.9700,83,2
2026-04-10,601318,14:31:12,58.9600,94,2
2026-04-10,601318,14:31:15,58.9600,138,2
2026-04-10,601318,14:31:18,58.9500,58,2
2026-04-10,601318,14:31:21,58.9600,30,1
2026-04-10,601318,14:31:24,58.9600,15,1
2026-04-10,601318,14:31:27,58.9600,23,1
2026-04-10,601318,14:31:30,58.9600,18,1
2026-04-10,601318,14:31:33,58.9600,82,1
2026-04-10,601318,14:31:36,58.9500,23,2
2026-04-10,601318,14:31:39,58.9600,153,1
2026-04-10,601318,14:31:42,58.9500,155,2
2026-04-10,601318,14:31:45,58.9500,9,1
2026-04-10,601318,14:31:48,58.9500,47,1
2026-04-10,601318,14:31:51,58.9400,20,2
2026-04-10,601318,14:31:54,58.9500,40,1
2026-04-10,601318,14:31:57,58.9500,41,1
2026-04-10,601318,14:32:00,58.9500,44,1
2026-04-10,601318,14:32:03,58.9600,22,1
2026-04-10,601318,14:32:06,58.9500,40,2
2026-04-10,601318,14:32:09,58.9600,9,1
2026-04-10,601318,14:32:12,58.9600,441,1
2026-04-10,601318,14:32:15,58.9600,233,2
2026-04-10,601318,14:32:18,58.9600,3,2
2026-04-10,601318,14:32:21,58.9700,24,1
2026-04-10,601318,14:32:24,58.9600,38,2
2026-04-10,601318,14:32:28,58.9600,60,2
2026-04-10,601318,14:32:30,58.9600,61,1
2026-04-10,601318,14:32:33,58.9500,57,2
2026-04-10,601318,14:32:36,58.9500,17,2
2026-04-10,601318,14:32:39,58.9600,21,1
2026-04-10,601318,14:32:42,58.9600,43,1
2026-04-10,601318,14:32:45,58.9600,40,1
2026-04-10,601318,14:32:48,58.9500,215,2
2026-04-10,601318,14:32:51,58.9500,14,2
2026-04-10,601318,14:32:54,58.9600,1,1
2026-04-10,601318,14:32:57,58.9600,23,1
2026-04-10,601318,14:33:00,58.9600,7,1
2026-04-10,601318,14:33:03,58.9600,21,1
2026-04-10,601318,14:33:06,58.9500,60,2
2026-04-10,601318,14:33:09,58.9600,64,1
2026-04-10,601318,14:33:12,58.9500,17,2
2026-04-10,601318,14:33:15,58.9600,142,1
2026-04-10,601318,14:33:18,58.9700,163,1
2026-04-10,601318,14:33:21,58.9700,7,1
2026-04-10,601318,14:33:24,58.9600,15,2
2026-04-10,601318,14:33:27,58.9700,5,1
2026-04-10,601318,14:33:30,58.9600,212,2
2026-04-10,601318,14:33:33,58.9600,27,2
2026-04-10,601318,14:33:36,58.9600,104,2
2026-04-10,601318,14:33:39,58.9700,64,1
2026-04-10,601318,14:33:42,58.9700,22,1
2026-04-10,601318,14:33:45,58.9700,43,1
2026-04-10,601318,14:33:48,58.9700,245,1
2026-04-10,601318,14:33:51,58.9700,79,1
2026-04-10,601318,14:33:54,58.9800,79,1
2026-04-10,601318,14:34:00,58.9800,9,1
2026-04-10,601318,14:34:03,58.9800,13,1
2026-04-10,601318,14:34:06,58.9800,25,1
2026-04-10,601318,14:34:09,58.9800,125,1
2026-04-10,601318,14:34:12,58.9800,24,1
2026-04-10,601318,14:34:15,58.9800,137,1
2026-04-10,601318,14:34:18,58.9800,66,1
2026-04-10,601318,14:34:21,58.9800,133,2
2026-04-10,601318,14:34:24,58.9900,17,1
2026-04-10,601318,14:34:27,58.9800,23,2
2026-04-10,601318,14:34:30,58.9800,33,2
2026-04-10,601318,14:34:33,58.9900,24,1
2026-04-10,601318,14:34:36,58.9800,8,2
2026-04-10,601318,14:34:39,58.9900,47,1
2026-04-10,601318,14:34:42,58.9900,252,1
2026-04-10,601318,14:34:45,58.9900,15,2
2026-04-10,601318,14:34:48,58.9900,9,2
2026-04-10,601318,14:34:51,58.9700,333,2
2026-04-10,601318,14:34:54,58.9900,269,1
2026-04-10,601318,14:34:57,58.9800,107,2
2026-04-10,601318,14:35:00,58.9800,184,2
2026-04-10,601318,14:35:03,58.9800,116,2
2026-04-10,601318,14:35:06,58.9600,183,2
2026-04-10,601318,14:35:09,58.9600,71,1
2026-04-10,601318,14:35:12,58.9600,76,1
2026-04-10,601318,14:35:15,58.9600,3,1
2026-04-10,601318,14:35:18,58.9500,102,2
2026-04-10,601318,14:35:21,58.9500,154,2
2026-04-10,601318,14:35:24,58.9300,325,2
2026-04-10,601318,14:35:27,58.9400,12,4
2026-04-10,601318,14:35:30,58.9500,163,1
2026-04-10,601318,14:35:33,58.9500,188,1
2026-04-10,601318,14:35:36,58.9400,106,2
2026-04-10,601318,14:35:39,58.9500,51,1
2026-04-10,601318,14:35:42,58.9500,121,1
2026-04-10,601318,14:35:45,58.9600,163,1
2026-04-10,601318,14:35:48,58.9600,35,1
2026-04-10,601318,14:35:51,58.9600,7,1
2026-04-10,601318,14:35:54,58.9600,43,1
2026-04-10,601318,14:35:57,58.9500,22,2
2026-04-10,601318,14:36:00,58.9500,191,2
2026-04-10,601318,14:36:03,58.9600,177,1
2026-04-10,601318,14:36:06,58.9500,108,2
2026-04-10,601318,14:36:09,58.9500,98,2
2026-04-10,601318,14:36:12,58.9400,267,2
2026-04-10,601318,14:36:15,58.9500,71,1
2026-04-10,601318,14:36:18,58.9400,62,2
2026-04-10,601318,14:36:21,58.9500,16,1
2026-04-10,601318,14:36:24,58.9400,15,2
2026-04-10,601318,14:36:27,58.9500,102,1
2026-04-10,601318,14:36:30,58.9400,15,2
2026-04-10,601318,14:36:33,58.9400,57,2
2026-04-10,601318,14:36:36,58.9400,10,2
2026-04-10,601318,14:36:39,58.9400,212,2
2026-04-10,601318,14:36:42,58.9400,148,2
2026-04-10,601318,14:36:45,58.9500,30,1
2026-04-10,601318,14:36:48,58.9400,19,2
2026-04-10,601318,14:36:51,58.9400,189,2
2026-04-10,601318,14:36:54,58.9400,278,2
2026-04-10,601318,14:36:57,58.9400,60,1
2026-04-10,601318,14:37:00,58.9300,58,2
2026-04-10,601318,14:37:03,58.9500,95,1
2026-04-10,601318,14:37:06,58.9300,621,2
2026-04-10,601318,14:37:09,58.9400,79,2
2026-04-10,601318,14:37:12,58.9400,95,2
2026-04-10,601318,14:37:15,58.9400,101,1
2026-04-10,601318,14:37:18,58.9400,23,1
2026-04-10,601318,14:37:21,58.9300,70,2
2026-04-10,601318,14:37:24,58.9300,221,2
2026-04-10,601318,14:37:27,58.9300,287,1
2026-04-10,601318,14:37:30,58.9200,125,2
2026-04-10,601318,14:37:33,58.9200,23,2
2026-04-10,601318,14:37:36,58.9300,84,1
2026-04-10,601318,14:37:39,58.9200,134,4
2026-04-10,601318,14:37:42,58.9100,45,2
2026-04-10,601318,14:37:45,58.9200,135,1
2026-04-10,601318,14:37:48,58.9200,210,1
2026-04-10,601318,14:37:51,58.9200,29,1
2026-04-10,601318,14:37:54,58.9100,83,2
2026-04-10,601318,14:37:57,58.9200,11,1
2026-04-10,601318,14:38:00,58.9200,52,1
2026-04-10,601318,14:38:03,58.9200,77,1
2026-04-10,601318,14:38:06,58.9200,22,2
2026-04-10,601318,14:38:09,58.9000,64,2
2026-04-10,601318,14:38:12,58.9200,93,1
2026-04-10,601318,14:38:15,58.9200,54,2
2026-04-10,601318,14:38:18,58.9200,34,2
2026-04-10,601318,14:38:21,58.9200,201,2
2026-04-10,601318,14:38:24,58.9200,87,1
2026-04-10,601318,14:38:27,58.9100,114,2
2026-04-10,601318,14:38:30,58.9200,46,1
2026-04-10,601318,14:38:33,58.9100,99,2
2026-04-10,601318,14:38:36,58.9100,36,2
2026-04-10,601318,14:38:39,58.9100,47,2
2026-04-10,601318,14:38:42,58.9100,209,2
2026-04-10,601318,14:38:45,58.9100,52,2
2026-04-10,601318,14:38:48,58.9100,27,2
2026-04-10,601318,14:38:51,58.9000,205,2
2026-04-10,601318,14:38:54,58.9100,346,1
2026-04-10,601318,14:38:57,58.9000,330,2
2026-04-10,601318,14:39:00,58.9000,441,2
2026-04-10,601318,14:39:03,58.8900,127,2
2026-04-10,601318,14:39:06,58.9000,206,1
2026-04-10,601318,14:39:09,58.9000,62,2
2026-04-10,601318,14:39:12,58.9000,83,2
2026-04-10,601318,14:39:15,58.9000,20,4
2026-04-10,601318,14:39:18,58.9000,72,2
2026-04-10,601318,14:39:21,58.9000,80,2
2026-04-10,601318,14:39:24,58.8900,201,2
2026-04-10,601318,14:39:27,58.8800,211,2
2026-04-10,601318,14:39:30,58.9000,189,4
2026-04-10,601318,14:39:33,58.8800,142,2
2026-04-10,601318,14:39:36,58.8900,31,2
2026-04-10,601318,14:39:39,58.8900,104,2
2026-04-10,601318,14:39:42,58.8900,92,2
2026-04-10,601318,14:39:45,58.8900,9,2
2026-04-10,601318,14:39:48,58.8900,101,2
2026-04-10,601318,14:39:51,58.8900,22,2
2026-04-10,601318,14:39:54,58.9000,41,1
2026-04-10,601318,14:39:57,58.8900,114,2
2026-04-10,601318,14:40:00,58.8900,151,2
2026-04-10,601318,14:40:03,58.9000,408,1
2026-04-10,601318,14:40:06,58.9000,139,2
2026-04-10,601318,14:40:09,58.9000,207,1
2026-04-10,601318,14:40:12,58.8900,121,2
2026-04-10,601318,14:40:15,58.8900,318,2
2026-04-10,601318,14:40:18,58.8800,492,2
2026-04-10,601318,14:40:21,58.8700,671,2
2026-04-10,601318,14:40:24,58.8500,100,2
2026-04-10,601318,14:40:27,58.8600,263,1
2026-04-10,601318,14:40:30,58.8600,216,1
2026-04-10,601318,14:40:33,58.8500,89,4
2026-04-10,601318,14:40:36,58.8500,281,2
2026-04-10,601318,14:40:39,58.8600,74,1
2026-04-10,601318,14:40:42,58.8500,107,2
2026-04-10,601318,14:40:45,58.8500,113,2
2026-04-10,601318,14:40:48,58.8600,230,1
2026-04-10,601318,14:40:51,58.8400,144,2
2026-04-10,601318,14:40:54,58.8400,28,2
2026-04-10,601318,14:40:57,58.8500,146,1
2026-04-10,601318,14:41:00,58.8400,25,2
2026-04-10,601318,14:41:03,58.8400,93,2
2026-04-10,601318,14:41:06,58.8500,143,1
2026-04-10,601318,14:41:09,58.8400,50,2
2026-04-10,601318,14:41:12,58.8500,138,1
2026-04-10,601318,14:41:15,58.8500,52,1
2026-04-10,601318,14:41:18,58.8700,387,1
2026-04-10,601318,14:41:21,58.8500,136,2
2026-04-10,601318,14:41:24,58.8700,74,1
2026-04-10,601318,14:41:27,58.8300,311,2
2026-04-10,601318,14:41:30,58.8300,101,2
2026-04-10,601318,14:41:33,58.8500,71,1
2026-04-10,601318,14:41:36,58.8400,99,2
2026-04-10,601318,14:41:39,58.8400,64,2
2026-04-10,601318,14:41:42,58.8400,67,2
2026-04-10,601318,14:41:45,58.8400,119,2
2026-04-10,601318,14:41:48,58.8400,86,1
2026-04-10,601318,14:41:51,58.8400,115,2
2026-04-10,601318,14:41:54,58.8400,63,2
2026-04-10,601318,14:41:57,58.8400,40,2
2026-04-10,601318,14:42:00,58.8400,234,2
2026-04-10,601318,14:42:03,58.8400,151,2
2026-04-10,601318,14:42:06,58.8500,251,1
2026-04-10,601318,14:42:09,58.8600,179,1
2026-04-10,601318,14:42:12,58.8500,51,2
2026-04-10,601318,14:42:15,58.8500,274,2
2026-04-10,601318,14:42:18,58.8500,166,1
2026-04-10,601318,14:42:21,58.8500,46,1
2026-04-10,601318,14:42:24,58.8400,274,2
2026-04-10,601318,14:42:27,58.8400,4643,2
2026-04-10,601318,14:42:30,58.8200,514,2
2026-04-10,601318,14:42:33,58.8100,57,2
2026-04-10,601318,14:42:36,58.8000,44,2
2026-04-10,601318,14:42:39,58.8000,53,2
2026-04-10,601318,14:42:42,58.8000,306,2
2026-04-10,601318,14:42:45,58.7800,161,2
2026-04-10,601318,14:42:48,58.7800,23,2
2026-04-10,601318,14:42:51,58.7900,317,1
2026-04-10,601318,14:42:54,58.8000,23,1
2026-04-10,601318,14:42:57,58.8100,240,1
2026-04-10,601318,14:43:00,58.8100,65,2
2026-04-10,601318,14:43:03,58.8400,239,1
2026-04-10,601318,14:43:06,58.8500,227,1
2026-04-10,601318,14:43:09,58.8600,175,1
2026-04-10,601318,14:43:12,58.8600,129,2
2026-04-10,601318,14:43:15,58.8700,187,1
2026-04-10,601318,14:43:18,58.8700,54,1
2026-04-10,601318,14:43:21,58.8600,150,1
2026-04-10,601318,14:43:24,58.8500,60,2
2026-04-10,601318,14:43:27,58.8500,267,2
2026-04-10,601318,14:43:30,58.8600,30,1
2026-04-10,601318,14:43:33,58.8500,45,2
2026-04-10,601318,14:43:36,58.8500,80,2
2026-04-10,601318,14:43:39,58.8500,43,2
2026-04-10,601318,14:43:42,58.8500,28,1
2026-04-10,601318,14:43:45,58.8300,62,2
2026-04-10,601318,14:43:48,58.8000,238,2
2026-04-10,601318,14:43:51,58.8500,65,1
2026-04-10,601318,14:43:54,58.8300,26,2
2026-04-10,601318,14:43:57,58.8200,451,2
2026-04-10,601318,14:44:00,58.8100,114,2
2026-04-10,601318,14:44:03,58.8000,76,2
2026-04-10,601318,14:44:06,58.8100,97,4
2026-04-10,601318,14:44:09,58.8200,55,1
2026-04-10,601318,14:44:12,58.8200,123,1
2026-04-10,601318,14:44:15,58.8200,162,1
2026-04-10,601318,14:44:18,58.8200,92,1
2026-04-10,601318,14:44:21,58.8100,114,4
2026-04-10,601318,14:44:24,58.8100,232,2
2026-04-10,601318,14:44:27,58.8200,91,1
2026-04-10,601318,14:44:30,58.8000,150,2
2026-04-10,601318,14:44:33,58.8000,113,2
2026-04-10,601318,14:44:36,58.8100,98,2
2026-04-10,601318,14:44:39,58.8100,354,2
2026-04-10,601318,14:44:42,58.8200,34,1
2026-04-10,601318,14:44:45,58.8100,118,2
2026-04-10,601318,14:44:48,58.8100,132,2
2026-04-10,601318,14:44:51,58.8000,157,2
2026-04-10,601318,14:44:54,58.8200,69,2
2026-04-10,601318,14:44:57,58.8400,105,1
2026-04-10,601318,14:45:00,58.8400,128,1
2026-04-10,601318,14:45:03,58.8300,186,2
2026-04-10,601318,14:45:06,58.8300,142,2
2026-04-10,601318,14:45:09,58.8400,32,1
2026-04-10,601318,14:45:12,58.8300,465,2
2026-04-10,601318,14:45:15,58.8300,36,2
2026-04-10,601318,14:45:18,58.8100,140,2
2026-04-10,601318,14:45:21,58.8100,45,2
2026-04-10,601318,14:45:24,58.8200,88,2
2026-04-10,601318,14:45:27,58.8200,144,4
2026-04-10,601318,14:45:30,58.8200,259,1
2026-04-10,601318,14:45:33,58.8100,61,4
2026-04-10,601318,14:45:36,58.8100,81,2
2026-04-10,601318,14:45:39,58.8200,320,1
2026-04-10,601318,14:45:42,58.8200,641,1
2026-04-10,601318,14:45:45,58.8400,161,1
2026-04-10,601318,14:45:48,58.8300,86,4
2026-04-10,601318,14:45:51,58.8200,10,2
2026-04-10,601318,14:45:54,58.8200,104,2
2026-04-10,601318,14:45:57,58.8300,43,1
2026-04-10,601318,14:46:00,58.8200,116,2
2026-04-10,601318,14:46:03,58.8200,263,1
2026-04-10,601318,14:46:06,58.8200,91,1
2026-04-10,601318,14:46:09,58.8400,96,1
2026-04-10,601318,14:46:12,58.8400,170,1
2026-04-10,601318,14:46:15,58.8400,67,1
2026-04-10,601318,14:46:18,58.8400,33,2
2026-04-10,601318,14:46:21,58.8400,89,1
2026-04-10,601318,14:46:24,58.8400,230,2
2026-04-10,601318,14:46:27,58.8400,38,1
2026-04-10,601318,14:46:30,58.8400,72,1
2026-04-10,601318,14:46:33,58.8400,205,1
2026-04-10,601318,14:46:36,58.8400,37,1
2026-04-10,601318,14:46:39,58.8400,60,2
2026-04-10,601318,14:46:42,58.8300,82,2
2026-04-10,601318,14:46:45,58.8300,137,2
2026-04-10,601318,14:46:48,58.8300,50,2
2026-04-10,601318,14:46:51,58.8400,68,1
2026-04-10,601318,14:46:54,58.8400,9,1
2026-04-10,601318,14:46:57,58.8500,232,1
2026-04-10,601318,14:47:00,58.8400,167,2
2026-04-10,601318,14:47:03,58.8400,99,2
2026-04-10,601318,14:47:06,58.8300,68,2
2026-04-10,601318,14:47:09,58.8400,122,2
2026-04-10,601318,14:47:12,58.8200,263,2
2026-04-10,601318,14:47:15,58.8200,582,2
2026-04-10,601318,14:47:18,58.8200,182,2
2026-04-10,601318,14:47:21,58.8200,162,2
2026-04-10,601318,14:47:24,58.8200,109,1
2026-04-10,601318,14:47:27,58.8200,73,2
2026-04-10,601318,14:47:30,58.8100,22,2
2026-04-10,601318,14:47:33,58.8200,380,1
2026-04-10,601318,14:47:36,58.8000,332,2
2026-04-10,601318,14:47:39,58.8100,142,4
2026-04-10,601318,14:47:42,58.8200,58,1
2026-04-10,601318,14:47:45,58.8200,55,1
2026-04-10,601318,14:47:48,58.8200,72,1
2026-04-10,601318,14:47:51,58.8200,59,1
2026-04-10,601318,14:47:54,58.8100,102,2
2026-04-10,601318,14:47:57,58.8200,71,1
2026-04-10,601318,14:48:00,58.8200,243,1
2026-04-10,601318,14:48:03,58.8200,33,2
2026-04-10,601318,14:48:06,58.8100,123,2
2026-04-10,601318,14:48:09,58.8100,28,2
2026-04-10,601318,14:48:12,58.8200,161,1
2026-04-10,601318,14:48:15,58.8200,43,1
2026-04-10,601318,14:48:18,58.8200,67,4
2026-04-10,601318,14:48:21,58.8200,35,2
2026-04-10,601318,14:48:24,58.8200,54,1
2026-04-10,601318,14:48:27,58.8300,39,1
2026-04-10,601318,14:48:30,58.8300,37,1
2026-04-10,601318,14:48:33,58.8200,55,2
2026-04-10,601318,14:48:36,58.8100,73,2
2026-04-10,601318,14:48:39,58.8200,278,1
2026-04-10,601318,14:48:42,58.8300,114,4
2026-04-10,601318,14:48:45,58.8200,27,2
2026-04-10,601318,14:48:48,58.8300,131,1
2026-04-10,601318,14:48:51,58.8300,227,2
2026-04-10,601318,14:48:54,58.8200,83,2
2026-04-10,601318,14:48:57,58.8300,61,1
2026-04-10,601318,14:49:00,58.8200,15,2
2026-04-10,601318,14:49:03,58.8300,75,1
2026-04-10,601318,14:49:06,58.8200,94,2
2026-04-10,601318,14:49:09,58.8300,114,1
2026-04-10,601318,14:49:12,58.8200,203,2
2026-04-10,601318,14:49:15,58.8200,74,2
2026-04-10,601318,14:49:18,58.8200,202,1
2026-04-10,601318,14:49:21,58.8300,154,1
2026-04-10,601318,14:49:24,58.8300,165,2
2026-04-10,601318,14:49:27,58.8300,82,4
2026-04-10,601318,14:49:30,58.8400,36,1
2026-04-10,601318,14:49:33,58.8300,120,4
2026-04-10,601318,14:49:36,58.8200,91,2
2026-04-10,601318,14:49:39,58.8200,99,2
2026-04-10,601318,14:49:42,58.8200,60,2
2026-04-10,601318,14:49:45,58.8300,292,1
2026-04-10,601318,14:49:48,58.8200,279,2
2026-04-10,601318,14:49:51,58.8200,64,1
2026-04-10,601318,14:49:54,58.8100,152,2
2026-04-10,601318,14:49:57,58.8200,31,1
2026-04-10,601318,14:50:00,58.8200,104,1
2026-04-10,601318,14:50:03,58.8100,74,2
2026-04-10,601318,14:50:06,58.8300,74,1
2026-04-10,601318,14:50:09,58.8400,924,1
2026-04-10,601318,14:50:12,58.8400,15,1
2026-04-10,601318,14:50:15,58.8400,16,1
2026-04-10,601318,14:50:18,58.8400,40,1
2026-04-10,601318,14:50:21,58.8400,88,1
2026-04-10,601318,14:50:24,58.8400,266,2
2026-04-10,601318,14:50:27,58.8500,50,1
2026-04-10,601318,14:50:30,58.8400,143,2
2026-04-10,601318,14:50:33,58.8500,85,1
2026-04-10,601318,14:50:36,58.8400,41,2
2026-04-10,601318,14:50:39,58.8300,225,2
2026-04-10,601318,14:50:42,58.8500,29,1
2026-04-10,601318,14:50:45,58.8300,253,2
2026-04-10,601318,14:50:48,58.8400,42,1
2026-04-10,601318,14:50:51,58.8200,131,2
2026-04-10,601318,14:50:54,58.8300,87,2
2026-04-10,601318,14:50:57,58.8300,68,2
2026-04-10,601318,14:51:00,58.8400,123,1
2026-04-10,601318,14:51:03,58.8200,239,2
2026-04-10,601318,14:51:06,58.8200,67,2
2026-04-10,601318,14:51:09,58.8300,142,1
2026-04-10,601318,14:51:12,58.8300,42,1
2026-04-10,601318,14:51:15,58.8300,162,1
2026-04-10,601318,14:51:18,58.8300,62,1
2026-04-10,601318,14:51:21,58.8300,138,2
2026-04-10,601318,14:51:24,58.8400,38,1
2026-04-10,601318,14:51:27,58.8400,62,1
2026-04-10,601318,14:51:30,58.8300,90,2
2026-04-10,601318,14:51:33,58.8300,31,2
2026-04-10,601318,14:51:36,58.8300,24,2
2026-04-10,601318,14:51:39,58.8300,38,2
2026-04-10,601318,14:51:42,58.8400,28,1
2026-04-10,601318,14:51:45,58.8300,71,2
2026-04-10,601318,14:51:48,58.8400,68,1
2026-04-10,601318,14:51:51,58.8400,40,1
2026-04-10,601318,14:51:54,58.8300,456,2
2026-04-10,601318,14:51:57,58.8300,28,1
2026-04-10,601318,14:52:00,58.8200,18,2
2026-04-10,601318,14:52:03,58.8200,434,2
2026-04-10,601318,14:52:06,58.8200,361,2
2026-04-10,601318,14:52:09,58.8300,33,1
2026-04-10,601318,14:52:12,58.8200,49,2
2026-04-10,601318,14:52:15,58.8300,60,1
2026-04-10,601318,14:52:18,58.8300,75,1
2026-04-10,601318,14:52:21,58.8200,167,2
2026-04-10,601318,14:52:24,58.8300,46,1
2026-04-10,601318,14:52:27,58.8200,81,2
2026-04-10,601318,14:52:30,58.8300,45,1
2026-04-10,601318,14:52:33,58.8200,58,2
2026-04-10,601318,14:52:36,58.8200,37,2
2026-04-10,601318,14:52:39,58.8200,120,2
2026-04-10,601318,14:52:42,58.8200,306,2
2026-04-10,601318,14:52:45,58.8200,37,1
2026-04-10,601318,14:52:48,58.8300,46,1
2026-04-10,601318,14:52:51,58.8300,49,1
2026-04-10,601318,14:52:54,58.8300,61,1
2026-04-10,601318,14:52:57,58.8300,412,1
2026-04-10,601318,14:53:00,58.8300,98,1
2026-04-10,601318,14:53:03,58.8300,22,1
2026-04-10,601318,14:53:06,58.8200,68,2
2026-04-10,601318,14:53:09,58.8200,115,2
2026-04-10,601318,14:53:12,58.8200,294,2
2026-04-10,601318,14:53:15,58.8200,80,2
2026-04-10,601318,14:53:18,58.8200,90,1
2026-04-10,601318,14:53:21,58.8100,128,2
2026-04-10,601318,14:53:24,58.8100,266,2
2026-04-10,601318,14:53:27,58.8100,308,2
2026-04-10,601318,14:53:30,58.8100,59,1
2026-04-10,601318,14:53:33,58.8100,77,1
2026-04-10,601318,14:53:36,58.8000,174,2
2026-04-10,601318,14:53:39,58.8000,50,2
2026-04-10,601318,14:53:42,58.8000,121,2
2026-04-10,601318,14:53:45,58.8100,85,1
2026-04-10,601318,14:53:48,58.8100,63,1
2026-04-10,601318,14:53:51,58.8100,163,1
2026-04-10,601318,14:53:54,58.8100,461,2
2026-04-10,601318,14:53:57,58.8100,51,2
2026-04-10,601318,14:54:00,58.8200,16,1
2026-04-10,601318,14:54:03,58.8300,587,1
2026-04-10,601318,14:54:06,58.8200,29,2
2026-04-10,601318,14:54:09,58.8200,70,2
2026-04-10,601318,14:54:12,58.8200,76,2
2026-04-10,601318,14:54:15,58.8300,67,1
2026-04-10,601318,14:54:18,58.8300,18,1
2026-04-10,601318,14:54:21,58.8300,30,1
2026-04-10,601318,14:54:24,58.8300,328,1
2026-04-10,601318,14:54:27,58.8300,51,1
2026-04-10,601318,14:54:30,58.8300,41,1
2026-04-10,601318,14:54:33,58.8300,185,1
2026-04-10,601318,14:54:36,58.8300,81,1
2026-04-10,601318,14:54:39,58.8400,275,1
2026-04-10,601318,14:54:42,58.8500,69,1
2026-04-10,601318,14:54:45,58.8400,61,2
2026-04-10,601318,14:54:48,58.8500,113,1
2026-04-10,601318,14:54:51,58.8500,53,1
2026-04-10,601318,14:54:54,58.8500,101,2
2026-04-10,601318,14:54:57,58.8600,27,1
2026-04-10,601318,14:55:00,58.8500,40,2
2026-04-10,601318,14:55:03,58.8500,144,2
2026-04-10,601318,14:55:06,58.8600,194,2
2026-04-10,601318,14:55:09,58.8400,169,2
2026-04-10,601318,14:55:12,58.8600,36,1
2026-04-10,601318,14:55:15,58.8500,101,4
2026-04-10,601318,14:55:18,58.8400,64,2
2026-04-10,601318,14:55:21,58.8500,65,1
2026-04-10,601318,14:55:24,58.8400,23,2
2026-04-10,601318,14:55:27,58.8500,108,1
2026-04-10,601318,14:55:30,58.8500,91,1
2026-04-10,601318,14:55:33,58.8500,77,1
2026-04-10,601318,14:55:36,58.8600,87,1
2026-04-10,601318,14:55:39,58.8600,57,1
2026-04-10,601318,14:55:42,58.8500,47,2
2026-04-10,601318,14:55:45,58.8400,294,2
2026-04-10,601318,14:55:48,58.8400,91,2
2026-04-10,601318,14:55:51,58.8500,49,1
2026-04-10,601318,14:55:54,58.8500,66,1
2026-04-10,601318,14:55:57,58.8500,175,2
2026-04-10,601318,14:56:00,58.8600,37,1
2026-04-10,601318,14:56:03,58.8600,277,1
2026-04-10,601318,14:56:06,58.8500,124,2
2026-04-10,601318,14:56:09,58.8500,19,2
2026-04-10,601318,14:56:12,58.8600,100,1
2026-04-10,601318,14:56:15,58.8400,320,2
2026-04-10,601318,14:56:18,58.8500,17,1
2026-04-10,601318,14:56:21,58.8600,161,1
2026-04-10,601318,14:56:24,58.8500,112,2
2026-04-10,601318,14:56:27,58.8600,107,1
2026-04-10,601318,14:56:30,58.8600,89,1
2026-04-10,601318,14:56:33,58.8600,51,1
2026-04-10,601318,14:56:36,58.8700,76,1
2026-04-10,601318,14:56:39,58.8700,54,1
2026-04-10,601318,14:56:42,58.8600,118,2
2026-04-10,601318,14:56:45,58.8800,105,1
2026-04-10,601318,14:56:48,58.8800,89,1
2026-04-10,601318,14:56:51,58.8800,57,1
2026-04-10,601318,14:56:54,58.8800,77,1
2026-04-10,601318,14:56:57,58.8900,37,1
2026-04-10,601318,14:57:00,58.8800,51,2
2026-04-10,601318,15:00:03,58.8200,7758,4
2026-04-10,601318,13:16:45,59.1600,10,1
2026-04-10,601318,13:16:48,59.1500,35,2
2026-04-10,601318,13:16:51,59.1500,18,2
2026-04-10,601318,13:16:54,59.1600,52,1
2026-04-10,601318,13:16:57,59.1600,19,1
2026-04-10,601318,13:17:00,59.1500,29,2
2026-04-10,601318,13:17:03,59.1500,44,2
2026-04-10,601318,13:17:06,59.1300,26,2
2026-04-10,601318,13:17:12,59.1400,6,2
2026-04-10,601318,13:17:15,59.1400,24,1
2026-04-10,601318,13:17:18,59.1500,15,1
2026-04-10,601318,13:17:21,59.1400,236,2
2026-04-10,601318,13:17:25,59.1400,2,2
2026-04-10,601318,13:17:27,59.1300,10,2
2026-04-10,601318,13:17:30,59.1300,18,2
2026-04-10,601318,13:17:33,59.1200,169,2
2026-04-10,601318,13:17:36,59.1200,45,1
2026-04-10,601318,13:17:39,59.1200,157,1
2026-04-10,601318,13:17:42,59.1200,65,1
2026-04-10,601318,13:17:45,59.1100,7,2
2026-04-10,601318,13:17:48,59.1100,30,2
2026-04-10,601318,13:17:51,59.1100,38,2
2026-04-10,601318,13:17:54,59.0900,169,2
2026-04-10,601318,13:17:57,59.1100,17,1
2026-04-10,601318,13:18:00,59.0900,123,2
2026-04-10,601318,13:18:03,59.0900,40,2
2026-04-10,601318,13:18:06,59.0900,48,2
2026-04-10,601318,13:18:09,59.0900,1,2
2026-04-10,601318,13:18:12,59.0900,4,2
2026-04-10,601318,13:18:15,59.0900,39,2
2026-04-10,601318,13:18:18,59.0900,73,2
2026-04-10,601318,13:18:21,59.1000,125,1
2026-04-10,601318,13:18:24,59.1000,108,1
2026-04-10,601318,13:18:27,59.1000,77,2
2026-04-10,601318,13:18:30,59.1000,3,2
2026-04-10,601318,13:18:33,59.1000,95,2
2026-04-10,601318,13:18:36,59.1000,88,2
2026-04-10,601318,13:18:39,59.0900,451,2
2026-04-10,601318,13:18:42,59.0800,747,2
2026-04-10,601318,13:18:45,59.0800,412,2
2026-04-10,601318,13:18:48,59.0500,3,2
2026-04-10,601318,13:18:51,59.0800,109,1
2026-04-10,601318,13:18:54,59.0600,35,2
2026-04-10,601318,13:18:57,59.0700,20,4
2026-04-10,601318,13:19:00,59.0600,19,2
2026-04-10,601318,13:19:03,59.0700,40,1
2026-04-10,601318,13:19:06,59.0600,14,2
2026-04-10,601318,13:19:09,59.0600,123,2
2026-04-10,601318,13:19:12,59.0700,4,4
2026-04-10,601318,13:19:15,59.0600,51,2
2026-04-10,601318,13:19:18,59.0700,12,2
2026-04-10,601318,13:19:21,59.0700,49,2
2026-04-10,601318,13:19:24,59.0700,43,2
2026-04-10,601318,13:19:27,59.0600,39,2
2026-04-10,601318,13:19:30,59.0700,182,1
2026-04-10,601318,13:19:33,59.0500,66,2
2026-04-10,601318,13:19:36,59.0600,54,1
2026-04-10,601318,13:19:39,59.0600,34,1
2026-04-10,601318,13:19:42,59.0700,97,1
2026-04-10,601318,13:19:45,59.0600,42,2
2026-04-10,601318,13:19:48,59.0700,8,1
2026-04-10,601318,13:19:51,59.0700,170,1
2026-04-10,601318,13:19:54,59.0900,164,1
2026-04-10,601318,13:19:57,59.0700,72,2
2026-04-10,601318,13:20:00,59.1000,52,1
2026-04-10,601318,13:20:03,59.0800,113,2
2026-04-10,601318,13:20:06,59.0800,50,2
2026-04-10,601318,13:20:09,59.0800,28,2
2026-04-10,601318,13:20:15,59.1100,23,1
2026-04-10,601318,13:20:18,59.1000,10,2
2026-04-10,601318,13:20:21,59.1100,48,1
2026-04-10,601318,13:20:24,59.1200,70,1
2026-04-10,601318,13:20:27,59.1100,17,2
2026-04-10,601318,13:20:30,59.1200,38,1
2026-04-10,601318,13:20:33,59.1200,53,1
2026-04-10,601318,13:20:36,59.1100,165,2
2026-04-10,601318,13:20:39,59.1300,91,1
2026-04-10,601318,13:20:42,59.1400,66,1
2026-04-10,601318,13:20:45,59.1300,19,2
2026-04-10,601318,13:20:48,59.1200,14,2
2026-04-10,601318,13:20:51,59.1400,69,1
2026-04-10,601318,13:20:54,59.1300,22,2
2026-04-10,601318,13:20:57,59.1300,20,2
2026-04-10,601318,13:21:00,59.1400,84,1
2026-04-10,601318,13:21:03,59.1300,191,2
2026-04-10,601318,13:21:06,59.1400,74,1
2026-04-10,601318,13:21:09,59.1400,132,1
2026-04-10,601318,13:21:12,59.1300,51,2
2026-04-10,601318,13:21:15,59.1300,335,2
2026-04-10,601318,13:21:18,59.1100,72,2
2026-04-10,601318,13:21:21,59.1100,161,2
2026-04-10,601318,13:21:24,59.1000,11,2
2026-04-10,601318,13:21:27,59.1100,43,1
2026-04-10,601318,13:21:30,59.1100,1,1
2026-04-10,601318,13:21:33,59.1100,11,1
2026-04-10,601318,13:21:36,59.1000,39,2
2026-04-10,601318,13:21:39,59.1100,16,1
2026-04-10,601318,13:21:42,59.1000,36,2
2026-04-10,601318,13:21:45,59.1000,28,2
2026-04-10,601318,13:21:48,59.1100,130,1
2026-04-10,601318,13:21:51,59.1000,88,2
2026-04-10,601318,13:21:54,59.0800,45,2
2026-04-10,601318,13:21:57,59.0900,6,2
2026-04-10,601318,13:22:00,59.0800,25,2
2026-04-10,601318,13:22:03,59.0900,107,2
2026-04-10,601318,13:22:06,59.1000,61,1
2026-04-10,601318,13:22:09,59.1100,1,1
2026-04-10,601318,13:22:12,59.1100,13,1
2026-04-10,601318,13:22:15,59.1000,32,2
2026-04-10,601318,13:22:18,59.0900,43,2
2026-04-10,601318,13:22:21,59.1000,17,4
2026-04-10,601318,13:22:24,59.1000,57,1
2026-04-10,601318,13:22:27,59.1000,144,2
2026-04-10,601318,13:22:30,59.0900,67,2
2026-04-10,601318,13:22:33,59.1100,53,1
2026-04-10,601318,13:22:36,59.1100,4,1
2026-04-10,601318,13:22:39,59.1100,4,1
2026-04-10,601318,13:22:42,59.1000,75,2
2026-04-10,601318,13:22:45,59.1000,36,2
2026-04-10,601318,13:22:48,59.1000,26,2
2026-04-10,601318,13:22:54,59.1000,18,2
2026-04-10,601318,13:22:57,59.1100,4,1
2026-04-10,601318,13:23:00,59.1100,23,1
2026-04-10,601318,13:23:03,59.1100,14,1
2026-04-10,601318,13:23:06,59.1100,4,1
2026-04-10,601318,13:23:09,59.1100,16,1
2026-04-10,601318,13:23:12,59.1100,9,1
2026-04-10,601318,13:23:15,59.1100,18,1
2026-04-10,601318,13:23:18,59.1100,20,1
2026-04-10,601318,13:23:21,59.1100,14,1
2026-04-10,601318,13:23:24,59.1100,2,1
2026-04-10,601318,13:23:27,59.1100,98,1
2026-04-10,601318,13:23:30,59.1100,24,2
2026-04-10,601318,13:23:33,59.1200,34,1
2026-04-10,601318,13:23:36,59.1100,18,2
2026-04-10,601318,13:23:39,59.1200,16,1
2026-04-10,601318,13:23:42,59.1100,108,2
2026-04-10,601318,13:23:45,59.1200,50,1
2026-04-10,601318,13:23:48,59.1200,14,1
2026-04-10,601318,13:23:51,59.1200,79,1
2026-04-10,601318,13:23:54,59.1300,13,1
2026-04-10,601318,13:23:57,59.1600,272,1
2026-04-10,601318,13:24:00,59.1500,166,1
2026-04-10,601318,13:24:03,59.1600,85,1
2026-04-10,601318,13:24:06,59.1600,183,2
2026-04-10,601318,13:24:09,59.1600,91,2
2026-04-10,601318,13:24:12,59.1500,122,2
2026-04-10,601318,13:24:15,59.1600,28,4
2026-04-10,601318,13:24:18,59.1500,50,4
2026-04-10,601318,13:24:21,59.1500,18,4
2026-04-10,601318,13:24:24,59.1600,17,1
2026-04-10,601318,13:24:27,59.1500,35,2
2026-04-10,601318,13:24:30,59.1500,9,1
2026-04-10,601318,13:24:33,59.1500,22,1
2026-04-10,601318,13:24:36,59.1500,2,1
2026-04-10,601318,13:24:39,59.1500,5,1
2026-04-10,601318,13:24:42,59.1500,8,1
2026-04-10,601318,13:24:45,59.1400,22,2
2026-04-10,601318,13:24:48,59.1400,13,2
2026-04-10,601318,13:24:51,59.1500,24,1
2026-04-10,601318,13:24:54,59.1400,35,2
2026-04-10,601318,13:25:00,59.1400,9,2
2026-04-10,601318,13:25:03,59.1400,115,2
2026-04-10,601318,13:25:06,59.1400,51,2
2026-04-10,601318,13:25:09,59.1200,26,2
2026-04-10,601318,13:25:12,59.1300,115,1
2026-04-10,601318,13:25:15,59.1100,6,2
2026-04-10,601318,13:25:18,59.1300,108,1
2026-04-10,601318,13:25:21,59.1300,5,2
2026-04-10,601318,13:25:24,59.1300,22,2
2026-04-10,601318,13:25:27,59.1300,7,1
2026-04-10,601318,13:25:30,59.1300,50,1
2026-04-10,601318,13:25:33,59.1200,104,2
2026-04-10,601318,13:25:36,59.1100,33,2
2026-04-10,601318,13:25:39,59.1100,29,2
2026-04-10,601318,13:25:42,59.1100,11,1
2026-04-10,601318,13:25:45,59.1100,112,1
2026-04-10,601318,13:25:48,59.1100,39,1
2026-04-10,601318,13:25:51,59.1000,33,2
2026-04-10,601318,13:25:54,59.1000,22,2
2026-04-10,601318,13:25:57,59.1000,2,2
2026-04-10,601318,13:26:00,59.1000,3,2
2026-04-10,601318,13:26:03,59.1100,41,1
2026-04-10,601318,13:26:06,59.1100,62,1
2026-04-10,601318,13:26:09,59.1100,31,2
2026-04-10,601318,13:26:12,59.1200,29,1
2026-04-10,601318,13:26:15,59.1200,16,1
2026-04-10,601318,13:26:18,59.1300,83,1
2026-04-10,601318,13:26:21,59.1400,141,1
2026-04-10,601318,13:26:24,59.1300,9,2
2026-04-10,601318,13:26:27,59.1400,85,1
2026-04-10,601318,13:26:30,59.1400,7,1
2026-04-10,601318,13:26:33,59.1300,48,2
2026-04-10,601318,13:26:36,59.1400,20,1
2026-04-10,601318,13:26:39,59.1400,103,1
2026-04-10,601318,13:26:42,59.1400,42,2
2026-04-10,601318,13:26:45,59.1500,37,1
2026-04-10,601318,13:26:48,59.1400,27,2
2026-04-10,601318,13:26:51,59.1300,14,2
2026-04-10,601318,13:26:54,59.1400,4,1
2026-04-10,601318,13:26:57,59.1400,46,1
2026-04-10,601318,13:27:00,59.1400,17,1
2026-04-10,601318,13:27:03,59.1300,46,2
2026-04-10,601318,13:27:06,59.1200,11,2
2026-04-10,601318,13:27:09,59.1200,43,2
2026-04-10,601318,13:27:12,59.1300,64,1
2026-04-10,601318,13:27:15,59.1300,20,2
2026-04-10,601318,13:27:18,59.1200,18,4
2026-04-10,601318,13:27:21,59.1200,2,1
2026-04-10,601318,13:27:24,59.1200,2,1
2026-04-10,601318,13:27:27,59.1200,49,1
2026-04-10,601318,13:27:30,59.1200,40,2
2026-04-10,601318,13:27:33,59.1300,99,1
2026-04-10,601318,13:27:36,59.1300,122,1
2026-04-10,601318,13:27:39,59.1300,29,2
2026-04-10,601318,13:27:42,59.1400,259,1
2026-04-10,601318,13:27:45,59.1400,100,1
2026-04-10,601318,13:27:48,59.1400,60,1
2026-04-10,601318,13:27:51,59.1400,62,2
2026-04-10,601318,13:27:54,59.1400,49,1
2026-04-10,601318,13:27:57,59.1400,26,1
2026-04-10,601318,13:28:00,59.1400,7,1
2026-04-10,601318,13:28:03,59.1400,54,1
2026-04-10,601318,13:28:06,59.1400,44,2
2026-04-10,601318,13:28:09,59.1500,18,1
2026-04-10,601318,13:28:12,59.1500,16,1
2026-04-10,601318,13:28:15,59.1400,46,2
2026-04-10,601318,13:28:18,59.1300,13,2
2026-04-10,601318,13:28:21,59.1300,23,2
2026-04-10,601318,13:28:24,59.1300,68,1
2026-04-10,601318,13:28:27,59.1300,37,1
2026-04-10,601318,13:28:30,59.1300,45,1
2026-04-10,601318,13:28:33,59.1200,14,2
2026-04-10,601318,13:28:36,59.1300,26,1
2026-04-10,601318,13:28:39,59.1200,13,2
2026-04-10,601318,13:28:42,59.1300,9,1
2026-04-10,601318,13:28:45,59.1300,6,1
2026-04-10,601318,13:28:48,59.1300,35,1
2026-04-10,601318,13:28:51,59.1200,78,2
2026-04-10,601318,13:28:54,59.1300,50,1
2026-04-10,601318,13:28:57,59.1300,166,1
2026-04-10,601318,13:29:00,59.1300,46,1
2026-04-10,601318,13:29:03,59.1100,169,2
2026-04-10,601318,13:29:06,59.1200,131,1
2026-04-10,601318,13:29:09,59.0900,73,2
2026-04-10,601318,13:29:12,59.0900,99,2
2026-04-10,601318,13:29:15,59.0900,31,1
2026-04-10,601318,13:29:18,59.0900,36,1
2026-04-10,601318,13:29:21,59.0900,67,1
2026-04-10,601318,13:29:24,59.0800,84,2
2026-04-10,601318,13:29:27,59.0900,26,1
2026-04-10,601318,13:29:30,59.0800,167,2
2026-04-10,601318,13:29:33,59.0900,8,1
2026-04-10,601318,13:29:36,59.0700,41,2
2026-04-10,601318,13:29:39,59.0800,5,1
2026-04-10,601318,13:29:42,59.0800,3,1
2026-04-10,601318,13:29:45,59.0800,19,1
2026-04-10,601318,13:29:48,59.0800,54,1
2026-04-10,601318,13:29:51,59.0700,45,2
2026-04-10,601318,13:29:54,59.0700,92,2
2026-04-10,601318,13:29:57,59.0700,77,2
2026-04-10,601318,13:30:00,59.0700,2,4
2026-04-10,601318,13:30:03,59.0700,44,1
2026-04-10,601318,13:30:06,59.0700,74,1
2026-04-10,601318,13:30:09,59.0700,85,1
2026-04-10,601318,13:30:12,59.0700,3,1
2026-04-10,601318,13:30:15,59.0600,98,2
2026-04-10,601318,13:30:18,59.0700,16,1
2026-04-10,601318,13:30:21,59.0700,218,1
2026-04-10,601318,13:30:24,59.0700,32,1
2026-04-10,601318,13:30:27,59.0900,127,1
2026-04-10,601318,13:30:30,59.0800,1,2
2026-04-10,601318,13:30:33,59.1000,23,1
2026-04-10,601318,13:30:36,59.0700,143,2
2026-04-10,601318,13:30:39,59.0900,46,1
2026-04-10,601318,13:30:42,59.0900,5,1
2026-04-10,601318,13:30:45,59.0900,6,4
2026-04-10,601318,13:30:48,59.0700,148,2
2026-04-10,601318,13:30:51,59.0700,161,2
2026-04-10,601318,13:30:54,59.0600,26,2
2026-04-10,601318,13:30:57,59.0700,108,1
2026-04-10,601318,13:31:00,59.0600,24,2
2026-04-10,601318,13:31:03,59.0600,230,1
2026-04-10,601318,13:31:06,59.0600,58,1
2026-04-10,601318,13:31:09,59.0600,78,1
2026-04-10,601318,13:31:12,59.0600,111,1
2026-04-10,601318,13:31:15,59.0600,52,1
2026-04-10,601318,13:31:18,59.0600,174,1
2026-04-10,601318,13:31:21,59.0600,54,1
2026-04-10,601318,13:31:24,59.0500,177,2
2026-04-10,601318,13:31:27,59.0500,119,2
2026-04-10,601318,13:31:30,59.0500,204,2
2026-04-10,601318,13:31:33,59.0500,132,1
2026-04-10,601318,13:31:36,59.0500,34,1
2026-04-10,601318,13:31:39,59.0500,34,1
2026-04-10,601318,13:31:42,59.0500,96,1
2026-04-10,601318,13:31:45,59.0500,38,2
2026-04-10,601318,13:31:48,59.0600,8,1
2026-04-10,601318,13:31:51,59.0500,3,2
2026-04-10,601318,13:31:54,59.0500,30,2
2026-04-10,601318,13:31:57,59.0600,93,1
2026-04-10,601318,13:32:00,59.0600,98,1
2026-04-10,601318,13:32:03,59.0500,84,2
2026-04-10,601318,13:32:06,59.0700,131,1
2026-04-10,601318,13:32:09,59.0800,97,1
2026-04-10,601318,13:32:12,59.0700,7,1
2026-04-10,601318,13:32:15,59.0800,60,1
2026-04-10,601318,13:32:18,59.0500,48,2
2026-04-10,601318,13:32:21,59.0600,106,1
2026-04-10,601318,13:32:24,59.0600,27,1
2026-04-10,601318,13:32:27,59.0600,71,1
2026-04-10,601318,13:32:30,59.0700,422,1
2026-04-10,601318,13:32:33,59.0800,127,1
2026-04-10,601318,13:32:36,59.1100,178,1
2026-04-10,601318,13:32:39,59.1000,93,2
2026-04-10,601318,13:32:42,59.1100,22,1
2026-04-10,601318,13:32:45,59.1000,26,2
2026-04-10,601318,13:32:48,59.1200,52,1
2026-04-10,601318,13:32:51,59.1100,78,1
2026-04-10,601318,13:32:54,59.1200,8,1
2026-04-10,601318,13:32:57,59.1200,122,1
2026-04-10,601318,13:33:00,59.1100,41,2
2026-04-10,601318,13:33:03,59.1300,156,1
2026-04-10,601318,13:33:06,59.1400,291,1
2026-04-10,601318,13:33:09,59.1300,149,2
2026-04-10,601318,13:33:12,59.1300,59,1
2026-04-10,601318,13:33:15,59.1400,189,1
2026-04-10,601318,13:33:18,59.1300,27,4
2026-04-10,601318,13:33:21,59.1400,45,1
2026-04-10,601318,13:33:24,59.1200,13,2
2026-04-10,601318,13:33:27,59.1300,86,1
2026-04-10,601318,13:33:30,59.1300,56,1
2026-04-10,601318,13:33:33,59.1200,78,2
2026-04-10,601318,13:33:36,59.1200,46,2
2026-04-10,601318,13:33:39,59.1200,43,1
2026-04-10,601318,13:33:42,59.1100,29,2
2026-04-10,601318,13:33:45,59.1100,47,2
2026-04-10,601318,13:33:48,59.1100,6,2
2026-04-10,601318,13:33:51,59.1100,30,2
2026-04-10,601318,13:33:54,59.1100,4,4
2026-04-10,601318,13:33:57,59.1000,11,2
2026-04-10,601318,13:34:00,59.1000,18,2
2026-04-10,601318,13:34:03,59.1100,12,1
2026-04-10,601318,13:34:06,59.1100,42,1
2026-04-10,601318,13:34:09,59.1100,48,1
2026-04-10,601318,13:34:12,59.0900,216,2
2026-04-10,601318,13:34:15,59.0900,61,1
2026-04-10,601318,13:34:18,59.0900,13,1
2026-04-10,601318,13:34:21,59.1000,88,1
2026-04-10,601318,13:34:24,59.1000,24,1
2026-04-10,601318,13:34:27,59.1000,42,1
2026-04-10,601318,13:34:30,59.1000,24,1
2026-04-10,601318,13:34:33,59.1000,63,1
2026-04-10,601318,13:34:36,59.1000,30,1
2026-04-10,601318,13:34:39,59.1100,29,1
2026-04-10,601318,13:34:42,59.1100,92,1
2026-04-10,601318,13:34:45,59.1000,26,2
2026-04-10,601318,13:34:48,59.1200,45,1
2026-04-10,601318,13:34:51,59.1200,128,1
2026-04-10,601318,13:34:54,59.1200,138,1
2026-04-10,601318,13:34:57,59.1100,69,2
2026-04-10,601318,13:35:00,59.1200,28,1
2026-04-10,601318,13:35:03,59.1200,81,1
2026-04-10,601318,13:35:06,59.1100,49,4
2026-04-10,601318,13:35:09,59.1200,38,1
2026-04-10,601318,13:35:12,59.1100,156,1
2026-04-10,601318,13:35:15,59.1000,164,2
2026-04-10,601318,13:35:18,59.0900,120,2
2026-04-10,601318,13:35:21,59.0900,177,2
2026-04-10,601318,13:35:24,59.1100,78,1
2026-04-10,601318,13:35:27,59.1000,101,1
2026-04-10,601318,13:35:30,59.1100,22,1
2026-04-10,601318,13:35:33,59.1000,9,4
2026-04-10,601318,13:35:36,59.1100,45,1
2026-04-10,601318,13:35:39,59.1000,40,2
2026-04-10,601318,13:35:42,59.1000,41,1
2026-04-10,601318,13:35:45,59.1000,62,1
2026-04-10,601318,13:35:48,59.0900,32,1
2026-04-10,601318,13:35:51,59.0900,134,1
2026-04-10,601318,13:35:54,59.0900,6,1
2026-04-10,601318,13:35:57,59.0900,93,1
2026-04-10,601318,13:36:00,59.0800,25,2
2026-04-10,601318,13:36:03,59.0900,35,4
2026-04-10,601318,13:36:06,59.0900,43,2
2026-04-10,601318,13:36:09,59.0900,52,1
2026-04-10,601318,13:36:12,59.0900,101,2
2026-04-10,601318,13:36:15,59.1000,38,1
2026-04-10,601318,13:36:18,59.1000,134,1
2026-04-10,601318,13:36:21,59.1000,63,1
2026-04-10,601318,13:36:24,59.1000,51,1
2026-04-10,601318,13:36:27,59.0900,83,2
2026-04-10,601318,13:36:30,59.0900,7,2
2026-04-10,601318,13:36:33,59.1000,44,1
2026-04-10,601318,13:36:36,59.0900,15,2
2026-04-10,601318,13:36:39,59.0900,123,2
2026-04-10,601318,13:36:42,59.0900,33,2
2026-04-10,601318,13:36:45,59.0900,231,2
2026-04-10,601318,13:36:48,59.0600,2,2
2026-04-10,601318,13:36:51,59.0900,99,1
2026-04-10,601318,13:36:54,59.1100,106,1
2026-04-10,601318,13:36:57,59.1100,28,2
2026-04-10,601318,13:37:00,59.1200,57,1
2026-04-10,601318,13:37:03,59.1200,322,2
2026-04-10,601318,13:37:06,59.1200,100,2
2026-04-10,601318,13:37:09,59.1300,111,1
2026-04-10,601318,13:37:12,59.1400,21,1
2026-04-10,601318,13:37:15,59.1400,55,2
2026-04-10,601318,13:37:18,59.1400,50,2
2026-04-10,601318,13:37:21,59.1500,26,1
2026-04-10,601318,13:37:24,59.1400,46,2
2026-04-10,601318,13:37:27,59.1500,64,1
2026-04-10,601318,13:37:30,59.1300,155,2
2026-04-10,601318,13:37:33,59.1300,73,2
2026-04-10,601318,13:37:36,59.1100,53,2
2026-04-10,601318,13:37:39,59.1300,58,1
2026-04-10,601318,13:37:42,59.1300,46,1
2026-04-10,601318,13:37:45,59.1300,131,1
2026-04-10,601318,13:37:48,59.1300,56,1
2026-04-10,601318,13:37:51,59.1300,61,2
2026-04-10,601318,13:37:54,59.1300,35,1
2026-04-10,601318,13:37:57,59.1300,41,1
2026-04-10,601318,13:38:00,59.1300,117,1
2026-04-10,601318,13:38:03,59.1300,109,2
2026-04-10,601318,13:38:06,59.1200,36,2
2026-04-10,601318,13:38:09,59.1300,222,1
2026-04-10,601318,13:38:12,59.1300,84,2
2026-04-10,601318,13:38:15,59.1300,72,1
2026-04-10,601318,13:38:18,59.1200,449,2
2026-04-10,601318,13:38:21,59.0800,260,2
2026-04-10,601318,13:38:24,59.0900,297,1
2026-04-10,601318,13:38:27,59.0900,66,2
2026-04-10,601318,13:38:30,59.0700,78,2
2026-04-10,601318,13:38:33,59.1100,29,1
2026-04-10,601318,13:38:36,59.1000,102,4
2026-04-10,601318,13:38:39,59.1100,102,1
2026-04-10,601318,13:38:42,59.1000,42,2
2026-04-10,601318,13:38:45,59.1000,112,1
2026-04-10,601318,13:38:48,59.1100,63,4
2026-04-10,601318,13:38:51,59.1100,51,2
2026-04-10,601318,13:38:54,59.1100,45,2
2026-04-10,601318,13:38:57,59.1100,37,1
2026-04-10,601318,13:39:00,59.1000,64,2
2026-04-10,601318,13:39:03,59.1100,34,1
2026-04-10,601318,13:39:06,59.1100,63,1
2026-04-10,601318,13:39:09,59.1000,37,2
2026-04-10,601318,13:39:12,59.1000,62,2
2026-04-10,601318,13:39:15,59.1000,63,2
2026-04-10,601318,13:39:18,59.1000,65,1
2026-04-10,601318,13:39:21,59.1000,72,1
2026-04-10,601318,13:39:24,59.1000,19,2
2026-04-10,601318,13:39:27,59.1000,77,2
2026-04-10,601318,13:39:30,59.1000,9,2
2026-04-10,601318,13:39:33,59.1100,33,1
2026-04-10,601318,13:39:36,59.1000,14,2
2026-04-10,601318,13:39:39,59.1100,142,1
2026-04-10,601318,13:39:42,59.1100,76,1
2026-04-10,601318,13:39:45,59.1100,13,2
2026-04-10,601318,13:39:48,59.1100,265,2
2026-04-10,601318,13:39:51,59.1100,50,1
2026-04-10,601318,13:39:54,59.1100,68,1
2026-04-10,601318,13:39:57,59.1200,21,1
2026-04-10,601318,13:40:00,59.1000,20,2
2026-04-10,601318,13:40:03,59.1100,89,2
2026-04-10,601318,13:40:06,59.1200,102,1
2026-04-10,601318,13:40:09,59.1200,17,1
2026-04-10,601318,13:40:12,59.1200,155,1
2026-04-10,601318,13:40:15,59.1200,46,2
2026-04-10,601318,13:40:18,59.1300,103,1
2026-04-10,601318,13:40:21,59.1300,26,1
2026-04-10,601318,13:40:24,59.1200,56,2
2026-04-10,601318,13:40:27,59.1300,57,1
2026-04-10,601318,13:40:30,59.1300,103,1
2026-04-10,601318,13:40:33,59.1200,21,2
2026-04-10,601318,13:40:36,59.1100,54,2
2026-04-10,601318,13:40:39,59.1200,5,1
2026-04-10,601318,13:40:42,59.1200,57,1
2026-04-10,601318,13:40:45,59.1200,38,1
2026-04-10,601318,13:40:48,59.1200,48,1
2026-04-10,601318,13:40:51,59.1100,146,2
2026-04-10,601318,13:40:54,59.1200,8,1
2026-04-10,601318,13:40:57,59.1200,38,1
2026-04-10,601318,13:41:00,59.1100,21,2
2026-04-10,601318,13:41:03,59.1200,54,1
2026-04-10,601318,13:41:06,59.1100,36,2
2026-04-10,601318,13:41:09,59.1100,144,2
2026-04-10,601318,13:41:12,59.1000,5,2
2026-04-10,601318,13:41:15,59.1000,58,2
2026-04-10,601318,13:41:18,59.1100,51,1
2026-04-10,601318,13:41:21,59.0900,120,2
2026-04-10,601318,13:41:24,59.0900,42,2
2026-04-10,601318,13:41:27,59.0900,188,1
2026-04-10,601318,13:41:30,59.0900,51,2
2026-04-10,601318,13:41:33,59.0900,46,2
2026-04-10,601318,13:41:36,59.0900,20,2
2026-04-10,601318,13:41:39,59.1000,24,1
2026-04-10,601318,13:41:42,59.1000,55,1
2026-04-10,601318,13:41:45,59.1200,280,1
2026-04-10,601318,13:41:48,59.1200,109,1
2026-04-10,601318,13:41:51,59.1000,98,2
2026-04-10,601318,13:41:54,59.1200,71,1
2026-04-10,601318,13:41:57,59.1200,28,2
2026-04-10,601318,13:42:00,59.1200,41,2
2026-04-10,601318,13:42:03,59.1300,50,1
2026-04-10,601318,13:42:06,59.1000,2019,2
2026-04-10,601318,13:42:09,59.1000,445,1
2026-04-10,601318,13:42:12,59.0800,100,2
2026-04-10,601318,13:42:15,59.1100,231,1
2026-04-10,601318,13:42:18,59.1100,89,2
2026-04-10,601318,13:42:21,59.1300,164,1
2026-04-10,601318,13:42:24,59.1300,42,2
2026-04-10,601318,13:42:27,59.1300,72,2
2026-04-10,601318,13:42:30,59.1300,298,2
2026-04-10,601318,13:42:33,59.1300,108,2
2026-04-10,601318,13:42:36,59.1300,47,2
2026-04-10,601318,13:42:39,59.1400,83,1
2026-04-10,601318,13:42:42,59.1400,84,2
2026-04-10,601318,13:42:45,59.1300,37,2
2026-04-10,601318,13:42:48,59.1300,76,2
2026-04-10,601318,13:42:51,59.1300,85,1
2026-04-10,601318,13:42:54,59.0900,109,2
2026-04-10,601318,13:42:57,59.1100,74,1
2026-04-10,601318,13:43:00,59.1100,81,1
2026-04-10,601318,13:43:03,59.1100,4,1
2026-04-10,601318,13:43:06,59.0900,76,2
2026-04-10,601318,13:43:09,59.1000,8,1
2026-04-10,601318,13:43:12,59.0900,58,2
2026-04-10,601318,13:43:15,59.0900,24,2
2026-04-10,601318,13:43:18,59.0900,64,1
2026-04-10,601318,13:43:21,59.0800,126,2
2026-04-10,601318,13:43:24,59.0600,642,2
2026-04-10,601318,13:43:27,59.0500,116,2
2026-04-10,601318,13:43:30,59.0400,396,2
2026-04-10,601318,13:43:33,59.0500,53,1
2026-04-10,601318,13:43:36,59.0500,205,2
2026-04-10,601318,13:43:39,59.0600,22,1
2026-04-10,601318,13:43:42,59.0600,245,1
2026-04-10,601318,13:43:45,59.0600,5,4
2026-04-10,601318,13:43:48,59.0700,68,1
2026-04-10,601318,13:43:51,59.0800,78,1
2026-04-10,601318,13:43:54,59.0800,41,2
2026-04-10,601318,13:43:57,59.0800,1,2
2026-04-10,601318,13:44:00,59.0800,56,2
2026-04-10,601318,13:44:03,59.0900,33,1
2026-04-10,601318,13:44:06,59.0800,12,2
2026-04-10,601318,13:44:09,59.0800,21,2
2026-04-10,601318,13:44:12,59.0800,28,2
2026-04-10,601318,13:44:15,59.0800,49,1
2026-04-10,601318,13:44:18,59.0700,108,2
2026-04-10,601318,13:44:21,59.0800,75,1
2026-04-10,601318,13:44:24,59.0700,61,2
2026-04-10,601318,13:44:27,59.0600,27,2
2026-04-10,601318,13:44:30,59.0700,29,1
2026-04-10,601318,13:44:33,59.0600,17,2
2026-04-10,601318,13:44:36,59.0700,19,1
2026-04-10,601318,13:44:39,59.0600,12,2
2026-04-10,601318,13:44:42,59.0800,58,1
2026-04-10,601318,13:44:45,59.0600,40,2
2026-04-10,601318,13:44:48,59.0700,6,1
2026-04-10,601318,13:44:51,59.0600,26,2
2026-04-10,601318,13:44:54,59.0600,60,2
2026-04-10,601318,13:44:57,59.0600,136,2
2026-04-10,601318,13:45:00,59.0600,139,2
2026-04-10,601318,13:45:03,59.0600,200,2
2026-04-10,601318,13:45:06,59.0500,126,2
2026-04-10,601318,13:45:09,59.0500,24,2
2026-04-10,601318,13:45:12,59.0600,63,1
2026-04-10,601318,13:45:15,59.0600,64,1
2026-04-10,601318,13:45:18,59.0500,51,2
2026-04-10,601318,13:45:21,59.0500,54,2
2026-04-10,601318,13:45:24,59.0500,35,2
2026-04-10,601318,13:45:27,59.0500,39,2
2026-04-10,601318,13:45:30,59.0500,18,2
2026-04-10,601318,13:45:33,59.0500,83,2
2026-04-10,601318,13:45:36,59.0500,41,2
2026-04-10,601318,13:45:39,59.0400,53,2
2026-04-10,601318,13:45:42,59.0600,120,1
2026-04-10,601318,13:45:45,59.0600,25,1
2026-04-10,601318,13:45:48,59.0600,167,1
2026-04-10,601318,13:45:51,59.0500,17,2
2026-04-10,601318,13:45:54,59.0500,43,2
2026-04-10,601318,13:45:57,59.0600,42,2
2026-04-10,601318,13:46:00,59.0600,38,2
2026-04-10,601318,13:46:03,59.0700,4,1
2026-04-10,601318,13:46:06,59.0500,721,2
2026-04-10,601318,13:46:09,59.0600,174,4
2026-04-10,601318,13:46:12,59.0600,158,1
2026-04-10,601318,13:46:15,59.0500,134,2
2026-04-10,601318,13:46:18,59.0700,31,1
2026-04-10,601318,13:46:21,59.0700,92,1
2026-04-10,601318,13:46:24,59.0600,4,4
2026-04-10,601318,13:46:27,59.0700,22,1
2026-04-10,601318,13:46:30,59.0600,6,2
2026-04-10,601318,13:46:33,59.0600,7,2
2026-04-10,601318,13:46:36,59.0600,28,2
2026-04-10,601318,13:46:39,59.0700,34,1
2026-04-10,601318,13:46:42,59.0700,78,1
2026-04-10,601318,13:46:45,59.0800,114,1
2026-04-10,601318,13:46:48,59.0700,29,2
2026-04-10,601318,13:46:51,59.0800,27,1
2026-04-10,601318,13:46:54,59.0700,27,2
2026-04-10,601318,13:46:57,59.0700,17,2
2026-04-10,601318,13:47:00,59.0800,258,1
2026-04-10,601318,13:47:03,59.0900,305,1
2026-04-10,601318,13:47:06,59.0500,120,2
2026-04-10,601318,13:47:09,59.0600,56,4
2026-04-10,601318,13:47:12,59.0600,293,2
2026-04-10,601318,13:47:15,59.0600,129,2
2026-04-10,601318,13:47:18,59.0600,33,1
2026-04-10,601318,13:47:21,59.0600,47,1
2026-04-10,601318,13:47:24,59.0600,13,1
2026-04-10,601318,13:47:27,59.0600,58,1
2026-04-10,601318,13:47:30,59.0600,26,1
2026-04-10,601318,13:47:33,59.0600,50,1
2026-04-10,601318,13:47:36,59.0300,2024,2
2026-04-10,601318,13:47:39,59.0300,34,2
2026-04-10,601318,13:47:42,59.0400,35,4
2026-04-10,601318,13:47:45,59.0400,74,2
2026-04-10,601318,13:47:48,59.0500,48,1
2026-04-10,601318,13:47:51,59.0400,52,2
2026-04-10,601318,13:47:54,59.0400,38,2
2026-04-10,601318,13:47:57,59.0100,5786,2
2026-04-10,601318,13:48:00,58.9900,445,2
2026-04-10,601318,13:48:03,59.0100,184,1
2026-04-10,601318,13:48:06,58.9900,82,2
2026-04-10,601318,13:48:09,59.0100,128,1
2026-04-10,601318,13:48:12,59.0100,101,4
2026-04-10,601318,13:48:15,59.0100,82,1
2026-04-10,601318,13:48:18,59.0100,111,1
2026-04-10,601318,13:48:21,59.0200,39,1
2026-04-10,601318,13:48:24,59.0100,27,2
2026-04-10,601318,13:48:27,59.0100,19,1
2026-04-10,601318,13:48:30,59.0000,135,2
2026-04-10,601318,13:48:33,59.0000,46,2
2026-04-10,601318,13:48:36,59.0100,38,4
2026-04-10,601318,13:48:39,59.0000,75,2
2026-04-10,601318,13:48:42,59.0100,17,1
2026-04-10,601318,13:48:45,59.0100,44,1
2026-04-10,601318,13:48:48,59.0100,30,1
2026-04-10,601318,13:48:51,59.0100,91,1
2026-04-10,601318,13:48:54,59.0200,19,1
2026-04-10,601318,13:48:57,59.0200,18,1
2026-04-10,601318,13:49:00,59.0100,129,2
2026-04-10,601318,13:49:03,59.0200,146,1
2026-04-10,601318,13:49:06,59.0200,66,2
2026-04-10,601318,13:49:09,59.0300,40,1
2026-04-10,601318,13:49:12,59.0300,51,2
2026-04-10,601318,13:49:15,59.0300,82,2
2026-04-10,601318,13:49:18,59.0200,20,2
2026-04-10,601318,13:49:21,59.0300,28,4
2026-04-10,601318,13:49:24,59.0200,107,2
2026-04-10,601318,13:49:27,59.0100,70,2
2026-04-10,601318,13:49:30,59.0200,53,1
2026-04-10,601318,13:49:33,59.0200,148,2
2026-04-10,601318,13:49:36,59.0200,31,2
2026-04-10,601318,13:49:39,59.0300,45,1
2026-04-10,601318,13:49:42,59.0300,38,1
2026-04-10,601318,13:49:45,59.0300,48,1
2026-04-10,601318,13:49:48,59.0300,55,2
2026-04-10,601318,13:49:51,59.0500,287,1
2026-04-10,601318,13:49:54,59.0500,4,2
2026-04-10,601318,13:49:57,59.0500,39,2
2026-04-10,601318,13:50:00,59.0600,98,1
2026-04-10,601318,13:50:03,59.0600,17,1
2026-04-10,601318,13:50:06,59.0700,23,1
2026-04-10,601318,13:50:09,59.0700,27,1
2026-04-10,601318,13:50:12,59.0600,37,2
2026-04-10,601318,13:50:15,59.0700,55,1
2026-04-10,601318,13:50:18,59.0700,39,1
2026-04-10,601318,13:50:21,59.0300,540,2
2026-04-10,601318,13:50:24,59.0500,38,1
2026-04-10,601318,13:50:27,59.0600,85,1
2026-04-10,601318,13:50:30,59.0800,181,1
2026-04-10,601318,13:50:33,59.0700,16,2
2026-04-10,601318,13:50:36,59.0800,57,1
2026-04-10,601318,13:50:39,59.0700,142,2
2026-04-10,601318,13:50:42,59.1000,51,1
2026-04-10,601318,13:50:45,59.0800,124,2
2026-04-10,601318,13:50:48,59.0800,5,2
2026-04-10,601318,13:50:51,59.0900,53,2
2026-04-10,601318,13:50:54,59.0900,46,2
2026-04-10,601318,13:50:58,59.1000,42,1
2026-04-10,601318,13:51:00,59.1000,6,1
2026-04-10,601318,13:51:03,59.0900,175,2
2026-04-10,601318,13:51:06,59.0900,28,2
2026-04-10,601318,13:51:09,59.1000,126,1
2026-04-10,601318,13:51:12,59.0700,78,2
2026-04-10,601318,13:51:15,59.1000,50,1
2026-04-10,601318,13:51:18,59.0900,2,4
2026-04-10,601318,13:51:21,59.0700,229,2
2026-04-10,601318,13:51:24,59.0800,34,1
2026-04-10,601318,13:51:27,59.0700,53,2
2026-04-10,601318,13:51:30,59.0600,89,2
2026-04-10,601318,13:51:33,59.0600,106,2
2026-04-10,601318,13:51:36,59.0600,356,2
2026-04-10,601318,13:51:39,59.0600,67,2
2026-04-10,601318,13:51:42,59.0700,153,1
2026-04-10,601318,13:51:45,59.0600,30,1
2026-04-10,601318,13:51:48,59.0400,190,2
2026-04-10,601318,13:51:51,59.0600,70,1
2026-04-10,601318,13:51:54,59.0600,3,1
2026-04-10,601318,13:51:57,59.0600,48,1
2026-04-10,601318,13:52:00,59.0700,34,1
2026-04-10,601318,13:52:03,59.0700,91,1
2026-04-10,601318,13:52:06,59.0700,72,4
2026-04-10,601318,13:52:09,59.0800,17,1
2026-04-10,601318,13:52:12,59.0900,50,1
2026-04-10,601318,13:52:15,59.0900,30,1
2026-04-10,601318,13:52:18,59.1000,282,1
2026-04-10,601318,13:52:21,59.1000,107,2
2026-04-10,601318,13:52:24,59.1100,19,1
2026-04-10,601318,13:52:27,59.1000,34,2
2026-04-10,601318,13:52:30,59.1100,109,1
2026-04-10,601318,13:52:33,59.1100,27,2
2026-04-10,601318,13:52:36,59.1000,32,2
2026-04-10,601318,13:52:39,59.1000,669,2
2026-04-10,601318,13:52:42,59.1000,16,1
2026-04-10,601318,13:52:45,59.1000,69,1
2026-04-10,601318,13:52:48,59.0900,70,2
2026-04-10,601318,13:52:51,59.1100,16,1
2026-04-10,601318,13:52:54,59.1000,7,2
2026-04-10,601318,13:52:57,59.1000,4,2
2026-04-10,601318,13:53:00,59.1100,11,1
2026-04-10,601318,13:53:03,59.1000,17,2
2026-04-10,601318,13:53:06,59.1000,82,2
2026-04-10,601318,13:53:09,59.1000,44,2
2026-04-10,601318,13:53:12,59.1000,41,2
2026-04-10,601318,13:53:15,59.1100,13,1
2026-04-10,601318,13:53:18,59.1000,35,2
2026-04-10,601318,13:53:21,59.1000,98,2
2026-04-10,601318,13:53:24,59.0800,63,2
2026-04-10,601318,13:53:27,59.1000,133,1
2026-04-10,601318,13:53:30,59.1000,22,1
2026-04-10,601318,13:53:33,59.1000,41,1
2026-04-10,601318,13:53:36,59.0900,27,2
2026-04-10,601318,13:53:39,59.0900,16,1
2026-04-10,601318,13:53:42,59.0900,65,1
2026-04-10,601318,13:53:45,59.0900,41,1
2026-04-10,601318,13:53:49,59.0900,136,1
2026-04-10,601318,13:53:51,59.0900,51,1
2026-04-10,601318,13:53:54,59.0900,97,1
2026-04-10,601318,13:53:57,59.0900,37,1
2026-04-10,601318,13:54:00,59.0800,177,2
2026-04-10,601318,13:54:03,59.0700,36,4
2026-04-10,601318,13:54:06,59.0700,102,1
2026-04-10,601318,13:54:09,59.0800,57,1
2026-04-10,601318,13:54:12,59.1000,34,1
2026-04-10,601318,13:54:15,59.1000,10,1
2026-04-10,601318,13:54:18,59.0900,11,2
2026-04-10,601318,13:54:21,59.0900,56,2
2026-04-10,601318,13:54:24,59.0800,36,2
2026-04-10,601318,13:54:27,59.0900,50,2
2026-04-10,601318,13:54:30,59.0900,57,1
2026-04-10,601318,13:54:33,59.0900,21,1
2026-04-10,601318,13:54:36,59.0800,39,2
2026-04-10,601318,13:54:39,59.0900,190,1
2026-04-10,601318,13:54:42,59.0800,9,4
2026-04-10,601318,13:54:45,59.1100,766,1
2026-04-10,601318,13:54:48,59.0900,32,2
2026-04-10,601318,13:54:51,59.1000,23,2
2026-04-10,601318,13:54:54,59.1000,240,4
2026-04-10,601318,13:54:57,59.1000,66,1
2026-04-10,601318,13:55:00,59.1000,39,1
2026-04-10,601318,13:55:03,59.1000,7,1
2026-04-10,601318,13:55:06,59.0900,20,2
2026-04-10,601318,13:55:09,59.0900,9,2
2026-04-10,601318,13:55:12,59.0900,60,2
2026-04-10,601318,13:55:15,59.0900,23,1
2026-04-10,601318,13:55:18,59.0900,11,1
2026-04-10,601318,13:55:21,59.0900,28,1
2026-04-10,601318,13:55:24,59.0900,133,1
2026-04-10,601318,13:55:27,59.0900,101,1
2026-04-10,601318,13:55:30,59.1000,11,1
2026-04-10,601318,13:55:33,59.1000,34,1
2026-04-10,601318,13:55:36,59.1000,322,1
2026-04-10,601318,13:55:39,59.1100,376,1
2026-04-10,601318,13:55:42,59.1300,451,1
2026-04-10,601318,13:55:45,59.1100,204,2
2026-04-10,601318,13:55:48,59.1300,18,2
2026-04-10,601318,13:55:51,59.1300,98,2
2026-04-10,601318,13:55:54,59.1300,26,2
2026-04-10,601318,13:55:57,59.1300,54,2
2026-04-10,601318,13:56:00,59.1300,6,2
2026-04-10,601318,13:56:03,59.1300,78,2
2026-04-10,601318,13:56:06,59.1300,68,1
2026-04-10,601318,13:56:09,59.1400,209,1
2026-04-10,601318,13:56:12,59.1300,3,1
2026-04-10,601318,13:56:15,59.1400,66,1
2026-04-10,601318,13:56:18,59.1400,23,1
2026-04-10,601318,13:56:21,59.1400,14,1
2026-04-10,601318,13:56:24,59.1400,321,1
2026-04-10,601318,13:56:27,59.1400,38,1
2026-04-10,601318,13:56:30,59.1300,175,2
2026-04-10,601318,13:56:33,59.1300,34,2
2026-04-10,601318,13:56:36,59.1300,42,2
2026-04-10,601318,13:56:39,59.1400,2,1
2026-04-10,601318,13:56:42,59.1400,36,1
2026-04-10,601318,13:56:45,59.1300,65,2
2026-04-10,601318,13:56:48,59.1400,49,1
2026-04-10,601318,13:56:51,59.1400,16,1
2026-04-10,601318,13:56:54,59.1400,36,1
2026-04-10,601318,13:56:57,59.1400,33,1
2026-04-10,601318,13:57:00,59.1400,25,1
2026-04-10,601318,13:57:03,59.1400,36,1
2026-04-10,601318,13:57:06,59.1300,35,2
2026-04-10,601318,13:57:09,59.1400,54,1
2026-04-10,601318,13:57:12,59.1400,201,1
2026-04-10,601318,13:57:15,59.1400,103,1
2026-04-10,601318,13:57:18,59.1400,232,1
2026-04-10,601318,13:57:21,59.1400,1,2
2026-04-10,601318,13:57:24,59.1300,121,2
2026-04-10,601318,13:57:27,59.1500,82,1
2026-04-10,601318,13:57:30,59.1400,29,1
2026-04-10,601318,13:57:33,59.1400,68,1
2026-04-10,601318,13:57:36,59.1500,51,1
2026-04-10,601318,13:57:39,59.1400,12,2
2026-04-10,601318,13:57:42,59.1500,17,1
2026-04-10,601318,13:57:45,59.1500,249,1
2026-04-10,601318,13:57:48,59.1500,281,1
2026-04-10,601318,13:57:51,59.1500,130,1
2026-04-10,601318,13:57:54,59.1500,155,1
2026-04-10,601318,13:57:57,59.1500,42,1
2026-04-10,601318,13:58:00,59.1600,279,1
2026-04-10,601318,13:58:03,59.1600,292,1
2026-04-10,601318,13:58:06,59.1600,73,2
2026-04-10,601318,13:58:09,59.1600,239,2
2026-04-10,601318,13:58:12,59.1600,146,2
2026-04-10,601318,13:58:15,59.1600,36,2
2026-04-10,601318,13:58:18,59.1600,82,2
2026-04-10,601318,13:58:21,59.1700,25,1
2026-04-10,601318,13:58:24,59.1700,9,1
2026-04-10,601318,13:58:27,59.1600,404,2
2026-04-10,601318,13:58:30,59.1700,78,1
2026-04-10,601318,13:58:33,59.1700,22,1
2026-04-10,601318,13:58:36,59.1700,85,1
2026-04-10,601318,13:58:39,59.1700,13,1
2026-04-10,601318,13:58:42,59.1700,73,1
2026-04-10,601318,13:58:45,59.1600,77,2
2026-04-10,601318,13:58:48,59.1800,2,1
2026-04-10,601318,13:58:51,59.1800,147,1
2026-04-10,601318,13:58:54,59.1800,10,2
2026-04-10,601318,13:58:57,59.1900,32,1
2026-04-10,601318,13:59:00,59.1800,280,2
2026-04-10,601318,13:59:03,59.1700,89,2
2026-04-10,601318,13:59:06,59.1700,74,2
2026-04-10,601318,13:59:09,59.1700,57,2
2026-04-10,601318,13:59:12,59.1800,31,1
2026-04-10,601318,13:59:15,59.1800,51,1
2026-04-10,601318,13:59:18,59.1800,1,1
2026-04-10,601318,13:59:21,59.1800,10,1
2026-04-10,601318,13:59:24,59.1700,35,2
2026-04-10,601318,13:59:27,59.1700,8,2
2026-04-10,601318,13:59:30,59.1700,7,1
2026-04-10,601318,13:59:33,59.1700,48,1
2026-04-10,601318,13:59:36,59.1600,1084,2
2026-04-10,601318,13:59:39,59.1400,121,1
2026-04-10,601318,13:59:42,59.1400,12,1
2026-04-10,601318,13:59:45,59.1300,8,4
2026-04-10,601318,13:59:48,59.1300,102,2
2026-04-10,601318,13:59:51,59.1400,31,1
2026-04-10,601318,13:59:54,59.1300,50,4
2026-04-10,601318,13:59:57,59.1400,6,1
2026-04-10,601318,14:00:00,59.1400,59,1
2026-04-10,601318,14:00:03,59.1300,37,2
2026-04-10,601318,14:00:06,59.1000,1371,2
2026-04-10,601318,14:00:09,59.1000,170,2
2026-04-10,601318,14:00:12,59.1300,31,1
2026-04-10,601318,14:00:15,59.1200,88,2
2026-04-10,601318,14:00:18,59.1200,24,2
2026-04-10,601318,14:00:21,59.1300,9,1
2026-04-10,601318,14:00:24,59.1200,14,2
2026-04-10,601318,14:00:27,59.1200,41,2
2026-04-10,601318,14:00:30,59.1300,45,1
2026-04-10,601318,14:00:33,59.1300,24,1
2026-04-10,601318,14:00:36,59.1300,41,1
2026-04-10,601318,14:00:39,59.1200,150,2
2026-04-10,601318,14:00:42,59.1300,13,1
2026-04-10,601318,14:00:45,59.1200,22,2
2026-04-10,601318,14:00:48,59.1200,86,2
2026-04-10,601318,14:00:51,59.1300,11,1
2026-04-10,601318,14:00:54,59.1300,526,1
2026-04-10,601318,14:00:58,59.1300,65,2
2026-04-10,601318,14:01:00,59.1300,27,2
2026-04-10,601318,14:01:03,59.1400,68,1
2026-04-10,601318,14:01:06,59.1400,127,2
2026-04-10,601318,14:01:09,59.1700,148,1
2026-04-10,601318,14:01:12,59.1700,73,1
2026-04-10,601318,14:01:15,59.1600,83,2
2026-04-10,601318,14:01:18,59.1500,81,2
2026-04-10,601318,14:01:21,59.1500,173,2
2026-04-10,601318,14:01:24,59.1500,82,1
2026-04-10,601318,14:01:27,59.1500,58,1
2026-04-10,601318,14:01:30,59.1500,81,1
2026-04-10,601318,14:01:33,59.1600,16,4
2026-04-10,601318,14:01:36,59.1400,585,2
2026-04-10,601318,14:01:39,59.1300,414,2
2026-04-10,601318,14:01:42,59.1600,171,1
2026-04-10,601318,14:01:45,59.1300,4,2
2026-04-10,601318,14:01:48,59.1400,55,2
2026-04-10,601318,14:01:51,59.1400,128,2
2026-04-10,601318,14:01:54,59.1300,73,2
2026-04-10,601318,14:01:57,59.1300,39,2
2026-04-10,601318,14:02:00,59.1400,1,1
2026-04-10,601318,14:02:03,59.1400,42,1
2026-04-10,601318,14:02:06,59.1200,73,2
2026-04-10,601318,14:02:09,59.1300,220,1
2026-04-10,601318,14:02:12,59.1400,15,1
2026-04-10,601318,14:02:15,59.1400,10,1
2026-04-10,601318,14:02:18,59.1600,72,1
2026-04-10,601318,14:02:21,59.1200,201,2
2026-04-10,601318,14:02:24,59.1500,5,1
2026-04-10,601318,14:02:30,59.1500,7,4
2026-04-10,601318,14:02:33,59.1500,31,1
2026-04-10,601318,14:02:36,59.1400,164,2
2026-04-10,601318,14:02:39,59.1500,14,1
2026-04-10,601318,14:02:42,59.1500,34,1
2026-04-10,601318,14:02:45,59.1400,7,2
2026-04-10,601318,14:02:48,59.1500,32,1
2026-04-10,601318,14:02:51,59.1500,40,1
2026-04-10,601318,14:02:54,59.1500,2,1
2026-04-10,601318,14:02:57,59.1500,65,1
2026-04-10,601318,14:03:00,59.1500,73,1
2026-04-10,601318,14:03:03,59.1500,6,4
2026-04-10,601318,14:03:06,59.1500,14,2
2026-04-10,601318,14:03:09,59.1500,102,2
2026-04-10,601318,14:03:12,59.1500,36,2
2026-04-10,601318,14:03:15,59.1500,5,2
2026-04-10,601318,14:03:18,59.1500,147,2
2026-04-10,601318,14:03:21,59.1400,364,2
2026-04-10,601318,14:03:24,59.1300,66,2
2026-04-10,601318,14:03:27,59.1200,78,2
2026-04-10,601318,14:03:30,59.1300,9,1
2026-04-10,601318,14:03:33,59.1200,37,2
2026-04-10,601318,14:03:36,59.1100,53,2
2026-04-10,601318,14:03:39,59.1100,23,2
2026-04-10,601318,14:03:42,59.1200,30,1
2026-04-10,601318,14:03:45,59.1100,22,2
2026-04-10,601318,14:03:48,59.1200,20,1
2026-04-10,601318,14:03:51,59.1100,37,2
2026-04-10,601318,14:03:54,59.1100,53,2
2026-04-10,601318,14:03:57,59.1100,5,2
2026-04-10,601318,14:04:00,59.1200,128,1
2026-04-10,601318,14:04:03,59.1300,20,1
2026-04-10,601318,14:04:06,59.1100,11,2
2026-04-10,601318,14:04:09,59.1300,10,1
2026-04-10,601318,14:04:12,59.1300,59,1
2026-04-10,601318,14:04:15,59.1200,41,2
2026-04-10,601318,14:04:18,59.1100,46,2
2026-04-10,601318,14:04:21,59.1100,46,2
2026-04-10,601318,14:04:24,59.1000,181,2
2026-04-10,601318,14:04:27,59.1000,445,2
2026-04-10,601318,14:04:30,59.0700,787,2
2026-04-10,601318,14:04:33,59.0800,264,1
2026-04-10,601318,14:04:36,59.0800,110,2
2026-04-10,601318,14:04:39,59.0900,16,4
2026-04-10,601318,14:04:42,59.0800,67,2
2026-04-10,601318,14:04:45,59.1000,2,1
2026-04-10,601318,14:04:48,59.0900,61,2
2026-04-10,601318,14:04:51,59.0900,44,2
2026-04-10,601318,14:04:54,59.0800,60,2
2026-04-10,601318,14:04:57,59.0900,23,2
2026-04-10,601318,14:05:00,59.0800,75,2
2026-04-10,601318,14:05:03,59.0900,61,2
2026-04-10,601318,14:05:06,59.0900,69,2
2026-04-10,601318,14:05:09,59.0800,46,2
2026-04-10,601318,14:05:12,59.0800,109,2
2026-04-10,601318,14:05:15,59.0900,59,1
2026-04-10,601318,14:05:18,59.0800,19,4
2026-04-10,601318,14:05:21,59.0700,42,2
2026-04-10,601318,14:05:24,59.0800,27,1
2026-04-10,601318,14:05:27,59.0600,362,2
2026-04-10,601318,14:05:30,59.0700,120,1
2026-04-10,601318,14:05:33,59.0700,95,1
2026-04-10,601318,14:05:36,59.0500,113,2
2026-04-10,601318,14:05:39,59.0500,67,2
2026-04-10,601318,14:05:42,59.0500,67,2
2026-04-10,601318,14:05:45,59.0500,52,2
2026-04-10,601318,14:05:48,59.0500,12,2
2026-04-10,601318,14:05:51,59.0500,21,2
2026-04-10,601318,14:05:54,59.0600,115,1
2026-04-10,601318,14:05:57,59.0700,19,1
2026-04-10,601318,14:06:00,59.0600,44,2
2026-04-10,601318,14:06:03,59.0500,112,2
2026-04-10,601318,14:06:06,59.0400,146,2
2026-04-10,601318,14:06:09,59.0300,47,2
2026-04-10,601318,14:06:12,59.0300,109,2
2026-04-10,601318,14:06:15,59.0300,44,2
2026-04-10,601318,14:06:18,59.0300,118,2
2026-04-10,601318,14:06:21,59.0200,87,2
2026-04-10,601318,14:06:24,59.0300,77,1
2026-04-10,601318,14:06:27,59.0300,28,1
2026-04-10,601318,14:06:30,59.0300,57,2
2026-04-10,601318,14:06:33,59.0400,45,2
2026-04-10,601318,14:06:36,59.0300,51,2
2026-04-10,601318,14:06:39,59.0400,33,1
2026-04-10,601318,14:06:42,59.0300,120,2
2026-04-10,601318,14:06:45,59.0400,19,2
2026-04-10,601318,14:06:48,59.0400,25,2
2026-04-10,601318,14:06:51,59.0400,194,2
2026-04-10,601318,14:06:54,59.0400,67,2
2026-04-10,601318,14:06:57,59.0400,22,2
2026-04-10,601318,10:56:21,59.2600,31,1
2026-04-10,601318,10:56:24,59.2500,38,2
2026-04-10,601318,10:56:27,59.2500,54,2
2026-04-10,601318,10:56:30,59.2500,2,2
2026-04-10,601318,10:56:33,59.2600,66,1
2026-04-10,601318,10:56:36,59.2600,11,1
2026-04-10,601318,10:56:39,59.2500,8,2
2026-04-10,601318,10:56:42,59.2500,16,2
2026-04-10,601318,10:56:45,59.2500,30,2
2026-04-10,601318,10:56:48,59.2500,43,2
2026-04-10,601318,10:56:51,59.2500,103,2
2026-04-10,601318,10:56:54,59.2500,55,1
2026-04-10,601318,10:56:57,59.2500,29,1
2026-04-10,601318,10:57:00,59.2500,27,1
2026-04-10,601318,10:57:03,59.2400,6,2
2026-04-10,601318,10:57:06,59.2400,3,2
2026-04-10,601318,10:57:09,59.2400,43,2
2026-04-10,601318,10:57:12,59.2500,10,1
2026-04-10,601318,10:57:15,59.2400,15,2
2026-04-10,601318,10:57:18,59.2300,140,2
2026-04-10,601318,10:57:21,59.2300,87,2
2026-04-10,601318,10:57:24,59.2400,22,4
2026-04-10,601318,10:57:27,59.2500,8,1
2026-04-10,601318,10:57:30,59.2400,10,2
2026-04-10,601318,10:57:33,59.2400,12,2
2026-04-10,601318,10:57:36,59.2400,22,2
2026-04-10,601318,10:57:39,59.2400,57,2
2026-04-10,601318,10:57:42,59.2300,78,2
2026-04-10,601318,10:57:45,59.2400,45,2
2026-04-10,601318,10:57:48,59.2300,48,2
2026-04-10,601318,10:57:51,59.2400,77,1
2026-04-10,601318,10:57:54,59.2300,33,2
2026-04-10,601318,10:57:57,59.2300,34,2
2026-04-10,601318,10:58:00,59.2400,47,2
2026-04-10,601318,10:58:03,59.2400,37,2
2026-04-10,601318,10:58:06,59.2500,35,1
2026-04-10,601318,10:58:09,59.2400,29,2
2026-04-10,601318,10:58:12,59.2400,63,2
2026-04-10,601318,10:58:15,59.2400,53,2
2026-04-10,601318,10:58:18,59.2300,61,2
2026-04-10,601318,10:58:21,59.2300,214,2
2026-04-10,601318,10:58:24,59.2200,171,2
2026-04-10,601318,10:58:27,59.2200,32,2
2026-04-10,601318,10:58:30,59.2300,38,1
2026-04-10,601318,10:58:33,59.2100,31,2
2026-04-10,601318,10:58:36,59.2100,125,2
2026-04-10,601318,10:58:39,59.2100,75,2
2026-04-10,601318,10:58:42,59.2100,80,2
2026-04-10,601318,10:58:45,59.2300,26,1
2026-04-10,601318,10:58:48,59.2200,34,4
2026-04-10,601318,10:58:51,59.2300,7,1
2026-04-10,601318,10:58:54,59.2200,95,2
2026-04-10,601318,10:58:57,59.2300,119,1
2026-04-10,601318,10:59:00,59.2200,28,2
2026-04-10,601318,10:59:03,59.2200,39,1
2026-04-10,601318,10:59:06,59.2300,72,1
2026-04-10,601318,10:59:09,59.2100,35,2
2026-04-10,601318,10:59:12,59.2300,23,1
2026-04-10,601318,10:59:15,59.2300,4,1
2026-04-10,601318,10:59:18,59.2300,3,2
2026-04-10,601318,10:59:21,59.2400,36,1
2026-04-10,601318,10:59:24,59.2300,23,2
2026-04-10,601318,10:59:27,59.2200,27,2
2026-04-10,601318,10:59:30,59.2300,58,1
2026-04-10,601318,10:59:33,59.2300,17,2
2026-04-10,601318,10:59:36,59.2300,41,2
2026-04-10,601318,10:59:39,59.2400,34,1
2026-04-10,601318,10:59:42,59.2400,17,1
2026-04-10,601318,10:59:45,59.2400,58,1
2026-04-10,601318,10:59:48,59.2400,86,2
2026-04-10,601318,10:59:51,59.2400,57,2
2026-04-10,601318,10:59:54,59.2200,210,2
2026-04-10,601318,10:59:57,59.2500,173,1
2026-04-10,601318,11:00:00,59.2200,61,2
2026-04-10,601318,11:00:03,59.2300,9,4
2026-04-10,601318,11:00:06,59.2400,36,1
2026-04-10,601318,11:00:09,59.2300,47,2
2026-04-10,601318,11:00:12,59.2300,20,1
2026-04-10,601318,11:00:15,59.2300,13,1
2026-04-10,601318,11:00:18,59.2200,76,2
2026-04-10,601318,11:00:21,59.2300,17,1
2026-04-10,601318,11:00:24,59.2300,41,1
2026-04-10,601318,11:00:27,59.2300,33,1
2026-04-10,601318,11:00:30,59.2400,14,1
2026-04-10,601318,11:00:33,59.2500,24,1
2026-04-10,601318,11:00:36,59.2300,8,2
2026-04-10,601318,11:00:39,59.2300,30,2
2026-04-10,601318,11:00:42,59.2300,40,2
2026-04-10,601318,11:00:45,59.2400,16,1
2026-04-10,601318,11:00:48,59.2400,37,1
2026-04-10,601318,11:00:51,59.2400,11,1
2026-04-10,601318,11:00:54,59.2400,31,1
2026-04-10,601318,11:00:57,59.2400,51,1
2026-04-10,601318,11:01:00,59.2500,19,1
2026-04-10,601318,11:01:03,59.2500,185,1
2026-04-10,601318,11:01:06,59.2500,115,1
2026-04-10,601318,11:01:09,59.2500,14,2
2026-04-10,601318,11:01:12,59.2600,33,1
2026-04-10,601318,11:01:15,59.2500,55,1
2026-04-10,601318,11:01:18,59.2500,32,2
2026-04-10,601318,11:01:21,59.2500,13,1
2026-04-10,601318,11:01:24,59.2500,22,1
2026-04-10,601318,11:01:27,59.2400,32,2
2026-04-10,601318,11:01:30,59.2400,23,2
2026-04-10,601318,11:01:33,59.2300,380,2
2026-04-10,601318,11:01:36,59.2200,105,2
2026-04-10,601318,11:01:39,59.2200,52,2
2026-04-10,601318,11:01:42,59.2200,163,2
2026-04-10,601318,11:01:45,59.2300,193,1
2026-04-10,601318,11:01:48,59.2300,43,2
2026-04-10,601318,11:01:51,59.2100,62,2
2026-04-10,601318,11:01:54,59.2300,6,1
2026-04-10,601318,11:01:57,59.2400,56,1
2026-04-10,601318,11:02:00,59.2200,139,4
2026-04-10,601318,11:02:03,59.2300,22,1
2026-04-10,601318,11:02:06,59.2200,29,4
2026-04-10,601318,11:02:09,59.2200,37,2
2026-04-10,601318,11:02:12,59.2200,246,2
2026-04-10,601318,11:02:15,59.2200,67,1
2026-04-10,601318,11:02:18,59.2100,46,2
2026-04-10,601318,11:02:21,59.2200,138,1
2026-04-10,601318,11:02:24,59.2100,21,2
2026-04-10,601318,11:02:27,59.2100,125,1
2026-04-10,601318,11:02:30,59.2000,61,2
2026-04-10,601318,11:02:33,59.2200,88,1
2026-04-10,601318,11:02:36,59.2200,13,2
2026-04-10,601318,11:02:39,59.2200,32,2
2026-04-10,601318,11:02:42,59.2200,27,2
2026-04-10,601318,11:02:45,59.2200,49,2
2026-04-10,601318,11:02:48,59.2200,33,2
2026-04-10,601318,11:02:51,59.2300,15,1
2026-04-10,601318,11:02:54,59.2200,27,1
2026-04-10,601318,11:02:57,59.2200,37,1
2026-04-10,601318,11:03:00,59.2200,36,1
2026-04-10,601318,11:03:03,59.2200,92,1
2026-04-10,601318,11:03:06,59.2300,55,1
2026-04-10,601318,11:03:09,59.2200,30,2
2026-04-10,601318,11:03:12,59.2100,121,2
2026-04-10,601318,11:03:15,59.2200,64,4
2026-04-10,601318,11:03:18,59.2100,124,2
2026-04-10,601318,11:03:21,59.2100,562,2
2026-04-10,601318,11:03:24,59.2200,233,1
2026-04-10,601318,11:03:27,59.2100,63,1
2026-04-10,601318,11:03:30,59.2100,69,2
2026-04-10,601318,11:03:33,59.2200,30,1
2026-04-10,601318,11:03:36,59.2100,22,2
2026-04-10,601318,11:03:39,59.2200,88,1
2026-04-10,601318,11:03:42,59.2200,23,1
2026-04-10,601318,11:03:45,59.2100,38,2
2026-04-10,601318,11:03:48,59.2200,24,1
2026-04-10,601318,11:03:51,59.2100,138,2
2026-04-10,601318,11:03:54,59.2100,51,2
2026-04-10,601318,11:03:57,59.2100,36,2
2026-04-10,601318,11:04:00,59.2100,18,2
2026-04-10,601318,11:04:03,59.2100,179,2
2026-04-10,601318,11:04:06,59.2200,62,1
2026-04-10,601318,11:04:09,59.2200,25,1
2026-04-10,601318,11:04:12,59.2200,24,1
2026-04-10,601318,11:04:15,59.2200,44,1
2026-04-10,601318,11:04:18,59.2100,10,2
2026-04-10,601318,11:04:21,59.2200,65,1
2026-04-10,601318,11:04:24,59.2200,98,1
2026-04-10,601318,11:04:27,59.2200,34,2
2026-04-10,601318,11:04:30,59.2200,50,2
2026-04-10,601318,11:04:33,59.2300,34,1
2026-04-10,601318,11:04:36,59.2300,47,1
2026-04-10,601318,11:04:39,59.2300,31,2
2026-04-10,601318,11:04:42,59.2300,8,2
2026-04-10,601318,11:04:45,59.2300,23,2
2026-04-10,601318,11:04:48,59.2400,36,1
2026-04-10,601318,11:04:51,59.2400,2,2
2026-04-10,601318,11:04:54,59.2500,8,1
2026-04-10,601318,11:04:57,59.2400,11,2
2026-04-10,601318,11:05:00,59.2400,6,2
2026-04-10,601318,11:05:03,59.2400,11,2
2026-04-10,601318,11:05:06,59.2500,68,1
2026-04-10,601318,11:05:09,59.2500,18,1
2026-04-10,601318,11:05:12,59.2400,3,2
2026-04-10,601318,11:05:15,59.2400,4,2
2026-04-10,601318,11:05:18,59.2400,65,2
2026-04-10,601318,11:05:21,59.2500,24,1
2026-04-10,601318,11:05:24,59.2400,72,2
2026-04-10,601318,11:05:27,59.2400,19,2
2026-04-10,601318,11:05:30,59.2400,94,2
2026-04-10,601318,11:05:33,59.2400,60,2
2026-04-10,601318,11:05:36,59.2400,13,2
2026-04-10,601318,11:05:39,59.2400,7,2
2026-04-10,601318,11:05:42,59.2400,106,2
2026-04-10,601318,11:05:45,59.2500,75,1
2026-04-10,601318,11:05:48,59.2500,125,1
2026-04-10,601318,11:05:51,59.2500,22,1
2026-04-10,601318,11:05:54,59.2500,98,1
2026-04-10,601318,11:05:57,59.2400,15,2
2026-04-10,601318,11:06:00,59.2500,144,1
2026-04-10,601318,11:06:03,59.2600,51,1
2026-04-10,601318,11:06:06,59.2600,122,1
2026-04-10,601318,11:06:09,59.2600,11,1
2026-04-10,601318,11:06:12,59.2600,12,1
2026-04-10,601318,11:06:15,59.2600,117,1
2026-04-10,601318,11:06:18,59.2600,21,1
2026-04-10,601318,11:06:21,59.2600,27,1
2026-04-10,601318,11:06:24,59.2700,5,1
2026-04-10,601318,11:06:27,59.2700,10,1
2026-04-10,601318,11:06:30,59.2700,261,1
2026-04-10,601318,11:06:33,59.2900,56,1
2026-04-10,601318,11:06:36,59.2800,24,1
2026-04-10,601318,11:06:39,59.2700,32,2
2026-04-10,601318,11:06:42,59.2800,9,1
2026-04-10,601318,11:06:45,59.2800,20,1
2026-04-10,601318,11:06:48,59.2800,83,1
2026-04-10,601318,11:06:51,59.2900,46,1
2026-04-10,601318,11:06:54,59.2900,21,1
2026-04-10,601318,11:06:57,59.2900,41,1
2026-04-10,601318,11:07:00,59.2900,32,2
2026-04-10,601318,11:07:03,59.2900,29,2
2026-04-10,601318,11:07:06,59.2700,196,2
2026-04-10,601318,11:07:09,59.2700,14,2
2026-04-10,601318,11:07:12,59.2800,13,1
2026-04-10,601318,11:07:15,59.2700,28,2
2026-04-10,601318,11:07:18,59.2800,34,1
2026-04-10,601318,11:07:21,59.2800,37,1
2026-04-10,601318,11:07:24,59.3000,184,1
2026-04-10,601318,11:07:27,59.2800,52,2
2026-04-10,601318,11:07:30,59.2800,26,1
2026-04-10,601318,11:07:33,59.2900,64,1
2026-04-10,601318,11:07:36,59.2800,45,2
2026-04-10,601318,11:07:39,59.2900,25,1
2026-04-10,601318,11:07:42,59.2800,36,2
2026-04-10,601318,11:07:45,59.2700,68,2
2026-04-10,601318,11:07:48,59.2800,14,1
2026-04-10,601318,11:07:51,59.2900,43,1
2026-04-10,601318,11:07:54,59.2800,10,1
2026-04-10,601318,11:07:57,59.2800,18,1
2026-04-10,601318,11:08:00,59.2800,277,1
2026-04-10,601318,11:08:03,59.2700,37,4
2026-04-10,601318,11:08:06,59.2800,1,1
2026-04-10,601318,11:08:09,59.2800,23,1
2026-04-10,601318,11:08:12,59.2800,52,1
2026-04-10,601318,11:08:15,59.2600,72,2
2026-04-10,601318,11:08:18,59.2600,16,2
2026-04-10,601318,11:08:21,59.2800,36,1
2026-04-10,601318,11:08:24,59.2800,31,1
2026-04-10,601318,11:08:27,59.2700,2,4
2026-04-10,601318,11:08:30,59.2600,79,2
2026-04-10,601318,11:08:33,59.2600,21,1
2026-04-10,601318,11:08:36,59.2600,25,1
2026-04-10,601318,11:08:39,59.2600,5,1
2026-04-10,601318,11:08:42,59.2600,10,1
2026-04-10,601318,11:08:45,59.2600,33,1
2026-04-10,601318,11:08:48,59.2600,8,1
2026-04-10,601318,11:08:51,59.2500,19,2
2026-04-10,601318,11:08:54,59.2500,148,2
2026-04-10,601318,11:08:57,59.2500,93,2
2026-04-10,601318,11:09:00,59.2400,23,2
2026-04-10,601318,11:09:03,59.2400,24,2
2026-04-10,601318,11:09:06,59.2500,3,1
2026-04-10,601318,11:09:09,59.2500,11,1
2026-04-10,601318,11:09:12,59.2500,10,1
2026-04-10,601318,11:09:15,59.2400,74,2
2026-04-10,601318,11:09:18,59.2500,65,1
2026-04-10,601318,11:09:21,59.2300,10,2
2026-04-10,601318,11:09:24,59.2300,10,2
2026-04-10,601318,11:09:27,59.2300,45,2
2026-04-10,601318,11:09:30,59.2500,178,1
2026-04-10,601318,11:09:33,59.2200,63,2
2026-04-10,601318,11:09:36,59.2200,41,2
2026-04-10,601318,11:09:39,59.2300,58,1
2026-04-10,601318,11:09:42,59.2000,71,2
2026-04-10,601318,11:09:45,59.2000,38,2
2026-04-10,601318,11:09:48,59.2000,12,2
2026-04-10,601318,11:09:51,59.1900,84,2
2026-04-10,601318,11:09:54,59.2000,22,4
2026-04-10,601318,11:09:57,59.2000,59,1
2026-04-10,601318,11:10:00,59.1900,17,2
2026-04-10,601318,11:10:03,59.2000,9,1
2026-04-10,601318,11:10:06,59.2000,72,1
2026-04-10,601318,11:10:09,59.2100,39,1
2026-04-10,601318,11:10:12,59.2100,45,1
2026-04-10,601318,11:10:15,59.2100,31,1
2026-04-10,601318,11:10:18,59.2100,27,2
2026-04-10,601318,11:10:21,59.2100,2,2
2026-04-10,601318,11:10:24,59.2100,7,2
2026-04-10,601318,11:10:27,59.2100,93,2
2026-04-10,601318,11:10:30,59.2000,442,2
2026-04-10,601318,11:10:33,59.2000,398,2
2026-04-10,601318,11:10:36,59.1900,28,2
2026-04-10,601318,11:10:39,59.1900,22,2
2026-04-10,601318,11:10:42,59.2000,3,1
2026-04-10,601318,11:10:45,59.1900,17,2
2026-04-10,601318,11:10:48,59.1800,140,2
2026-04-10,601318,11:10:51,59.2100,43,1
2026-04-10,601318,11:10:54,59.1800,512,2
2026-04-10,601318,11:10:57,59.1800,45,1
2026-04-10,601318,11:11:00,59.1800,111,1
2026-04-10,601318,11:11:03,59.1800,43,1
2026-04-10,601318,11:11:06,59.2100,329,1
2026-04-10,601318,11:11:09,59.2000,148,2
2026-04-10,601318,11:11:12,59.1700,81,2
2026-04-10,601318,11:11:15,59.1700,262,1
2026-04-10,601318,11:11:18,59.1600,80,2
2026-04-10,601318,11:11:21,59.1600,180,2
2026-04-10,601318,11:11:24,59.1600,149,2
2026-04-10,601318,11:11:27,59.1600,97,1
2026-04-10,601318,11:11:30,59.1700,272,1
2026-04-10,601318,11:11:33,59.2000,116,1
2026-04-10,601318,11:11:36,59.2000,14,1
2026-04-10,601318,11:11:39,59.2000,9,1
2026-04-10,601318,11:11:42,59.1900,20,2
2026-04-10,601318,11:11:45,59.1700,10,2
2026-04-10,601318,11:11:51,59.1900,11,1
2026-04-10,601318,11:11:54,59.1900,91,1
2026-04-10,601318,11:11:57,59.1800,69,2
2026-04-10,601318,11:12:00,59.1800,11,1
2026-04-10,601318,11:12:03,59.1800,10,1
2026-04-10,601318,11:12:06,59.1800,13,4
2026-04-10,601318,11:12:09,59.1800,17,1
2026-04-10,601318,11:12:12,59.1800,5,2
2026-04-10,601318,11:12:15,59.1800,1,2
2026-04-10,601318,11:12:18,59.1800,79,2
2026-04-10,601318,11:12:21,59.1900,16,1
2026-04-10,601318,11:12:24,59.1800,19,2
2026-04-10,601318,11:12:27,59.1800,53,1
2026-04-10,601318,11:12:30,59.1900,13,1
2026-04-10,601318,11:12:33,59.1900,110,1
2026-04-10,601318,11:12:36,59.1800,47,2
2026-04-10,601318,11:12:39,59.1900,43,1
2026-04-10,601318,11:12:42,59.1700,411,2
2026-04-10,601318,11:12:45,59.1900,226,1
2026-04-10,601318,11:12:48,59.2000,17,1
2026-04-10,601318,11:12:51,59.2000,42,1
2026-04-10,601318,11:12:54,59.2000,36,1
2026-04-10,601318,11:12:57,59.1800,41,2
2026-04-10,601318,11:13:00,59.1900,2,2
2026-04-10,601318,11:13:03,59.1900,4,2
2026-04-10,601318,11:13:06,59.1800,79,2
2026-04-10,601318,11:13:09,59.1800,17,1
2026-04-10,601318,11:13:12,59.1700,2,2
2026-04-10,601318,11:13:15,59.1700,17,2
2026-04-10,601318,11:13:18,59.1800,32,1
2026-04-10,601318,11:13:21,59.1800,7,1
2026-04-10,601318,11:13:24,59.1900,183,1
2026-04-10,601318,11:13:27,59.1700,47,2
2026-04-10,601318,11:13:30,59.1700,14,2
2026-04-10,601318,11:13:33,59.1800,15,1
2026-04-10,601318,11:13:36,59.1900,16,1
2026-04-10,601318,11:13:39,59.1800,47,2
2026-04-10,601318,11:13:42,59.1800,16,2
2026-04-10,601318,11:13:45,59.1800,19,2
2026-04-10,601318,11:13:48,59.1800,2,2
2026-04-10,601318,11:13:51,59.1800,24,2
2026-04-10,601318,11:13:54,59.1800,58,2
2026-04-10,601318,11:13:57,59.1800,10,2
2026-04-10,601318,11:14:00,59.1700,187,2
2026-04-10,601318,11:14:03,59.1600,259,2
2026-04-10,601318,11:14:06,59.1600,45,2
2026-04-10,601318,11:14:09,59.1600,62,2
2026-04-10,601318,11:14:12,59.1600,78,2
2026-04-10,601318,11:14:15,59.1500,59,2
2026-04-10,601318,11:14:18,59.1500,45,2
2026-04-10,601318,11:14:21,59.1500,31,2
2026-04-10,601318,11:14:24,59.1600,17,1
2026-04-10,601318,11:14:27,59.1500,79,2
2026-04-10,601318,11:14:30,59.1500,104,2
2026-04-10,601318,11:14:33,59.1500,541,2
2026-04-10,601318,11:14:36,59.1400,241,2
2026-04-10,601318,11:14:39,59.1500,84,1
2026-04-10,601318,11:14:42,59.1400,107,2
2026-04-10,601318,11:14:45,59.1500,51,1
2026-04-10,601318,11:14:48,59.1300,86,2
2026-04-10,601318,11:14:51,59.1400,54,1
2026-04-10,601318,11:14:54,59.1300,29,2
2026-04-10,601318,11:14:57,59.1300,73,2
2026-04-10,601318,11:15:00,59.1300,11,2
2026-04-10,601318,11:15:03,59.1300,29,2
2026-04-10,601318,11:15:06,59.1300,6,1
2026-04-10,601318,11:15:09,59.1300,22,1
2026-04-10,601318,11:15:12,59.1300,14,2
2026-04-10,601318,11:15:15,59.1400,4,1
2026-04-10,601318,11:15:18,59.1400,38,1
2026-04-10,601318,11:15:21,59.1400,36,1
2026-04-10,601318,11:15:24,59.1400,26,1
2026-04-10,601318,11:15:27,59.1400,243,1
2026-04-10,601318,11:15:30,59.1400,24,2
2026-04-10,601318,11:15:33,59.1400,18,1
2026-04-10,601318,11:15:36,59.1400,44,1
2026-04-10,601318,11:15:39,59.1600,282,1
2026-04-10,601318,11:15:42,59.1600,21,1
2026-04-10,601318,11:15:45,59.1700,11,1
2026-04-10,601318,11:15:48,59.1600,50,1
2026-04-10,601318,11:15:51,59.1500,2,2
2026-04-10,601318,11:15:54,59.1500,70,2
2026-04-10,601318,11:15:57,59.1600,13,1
2026-04-10,601318,11:16:00,59.1500,30,2
2026-04-10,601318,11:16:03,59.1500,43,2
2026-04-10,601318,11:16:06,59.1600,103,1
2026-04-10,601318,11:16:09,59.1500,25,2
2026-04-10,601318,11:16:12,59.1600,40,4
2026-04-10,601318,11:16:15,59.1600,8,2
2026-04-10,601318,11:16:18,59.1500,30,2
2026-04-10,601318,11:16:21,59.1600,16,1
2026-04-10,601318,11:16:24,59.1500,25,2
2026-04-10,601318,11:16:27,59.1600,27,1
2026-04-10,601318,11:16:30,59.1500,8,2
2026-04-10,601318,11:16:33,59.1500,73,2
2026-04-10,601318,11:16:36,59.1500,21,4
2026-04-10,601318,11:16:39,59.1600,102,1
2026-04-10,601318,11:16:42,59.1600,45,1
2026-04-10,601318,11:16:45,59.1500,16,2
2026-04-10,601318,11:16:48,59.1500,40,2
2026-04-10,601318,11:16:51,59.1600,15,1
2026-04-10,601318,11:16:54,59.1600,200,1
2026-04-10,601318,11:16:57,59.1600,9,1
2026-04-10,601318,11:17:00,59.1500,2,2
2026-04-10,601318,11:17:03,59.1600,7,1
2026-04-10,601318,11:17:06,59.1500,64,2
2026-04-10,601318,11:17:09,59.1600,175,1
2026-04-10,601318,11:17:12,59.1500,18,2
2026-04-10,601318,11:17:15,59.1600,20,1
2026-04-10,601318,11:17:18,59.1600,131,1
2026-04-10,601318,11:17:21,59.1500,17,2
2026-04-10,601318,11:17:24,59.1600,6,1
2026-04-10,601318,11:17:27,59.1700,22,1
2026-04-10,601318,11:17:30,59.1700,33,1
2026-04-10,601318,11:17:33,59.1800,10,1
2026-04-10,601318,11:17:36,59.1700,17,2
2026-04-10,601318,11:17:39,59.1800,18,1
2026-04-10,601318,11:17:42,59.1800,25,2
2026-04-10,601318,11:17:45,59.2000,32,1
2026-04-10,601318,11:17:48,59.1900,108,2
2026-04-10,601318,11:17:51,59.1800,68,2
2026-04-10,601318,11:17:54,59.1800,53,1
2026-04-10,601318,11:17:57,59.1800,30,1
2026-04-10,601318,11:18:00,59.1800,5,1
2026-04-10,601318,11:18:03,59.1800,16,1
2026-04-10,601318,11:18:09,59.1700,2,2
2026-04-10,601318,11:18:12,59.1700,38,2
2026-04-10,601318,11:18:15,59.1700,16,1
2026-04-10,601318,11:18:18,59.1700,21,1
2026-04-10,601318,11:18:21,59.1600,1,2
2026-04-10,601318,11:18:24,59.1600,36,2
2026-04-10,601318,11:18:27,59.1700,21,1
2026-04-10,601318,11:18:30,59.1700,1,1
2026-04-10,601318,11:18:33,59.1700,5,1
2026-04-10,601318,11:18:36,59.1600,2,2
2026-04-10,601318,11:18:39,59.1700,11,1
2026-04-10,601318,11:18:42,59.1700,11,1
2026-04-10,601318,11:18:45,59.1700,1,1
2026-04-10,601318,11:18:48,59.1600,14,2
2026-04-10,601318,11:18:51,59.1600,12,2
2026-04-10,601318,11:18:54,59.1700,38,4
2026-04-10,601318,11:18:57,59.1800,79,1
2026-04-10,601318,11:19:00,59.1600,28,2
2026-04-10,601318,11:19:03,59.1600,16,2
2026-04-10,601318,11:19:06,59.1700,77,1
2026-04-10,601318,11:19:09,59.1800,29,1
2026-04-10,601318,11:19:12,59.1800,27,1
2026-04-10,601318,11:19:15,59.1700,10,2
2026-04-10,601318,11:19:21,59.1800,206,1
2026-04-10,601318,11:19:24,59.1700,41,4
2026-04-10,601318,11:19:27,59.1800,18,1
2026-04-10,601318,11:19:30,59.1700,22,2
2026-04-10,601318,11:19:33,59.1700,122,2
2026-04-10,601318,11:19:36,59.1700,95,1
2026-04-10,601318,11:19:39,59.1700,80,1
2026-04-10,601318,11:19:42,59.1700,89,2
2026-04-10,601318,11:19:45,59.1900,27,1
2026-04-10,601318,11:19:48,59.2000,31,1
2026-04-10,601318,11:19:51,59.1900,76,2
2026-04-10,601318,11:19:54,59.1900,6,1
2026-04-10,601318,11:19:57,59.1900,45,1
2026-04-10,601318,11:20:00,59.1900,25,1
2026-04-10,601318,11:20:03,59.1900,18,2
2026-04-10,601318,11:20:06,59.1900,49,2
2026-04-10,601318,11:20:09,59.1900,34,2
2026-04-10,601318,11:20:12,59.1900,14,2
2026-04-10,601318,11:20:15,59.2000,17,1
2026-04-10,601318,11:20:18,59.2000,10,1
2026-04-10,601318,11:20:21,59.2000,38,1
2026-04-10,601318,11:20:24,59.1900,29,2
2026-04-10,601318,11:20:27,59.1900,11,2
2026-04-10,601318,11:20:30,59.1900,9,2
2026-04-10,601318,11:20:33,59.1900,3,2
2026-04-10,601318,11:20:36,59.1900,38,2
2026-04-10,601318,11:20:39,59.2000,2,1
2026-04-10,601318,11:20:42,59.2000,3,1
2026-04-10,601318,11:20:45,59.2000,28,1
