date,code,time,price,volume,bs
2026-04-07,601318,14:07:00,56.6700,37,1
2026-04-07,601318,14:07:03,56.6600,65,2
2026-04-07,601318,14:07:06,56.6700,48,1
2026-04-07,601318,14:07:09,56.6700,24,1
2026-04-07,601318,14:07:11,56.6700,65,1
2026-04-07,601318,14:07:15,56.6600,15,2
2026-04-07,601318,14:07:18,56.6600,58,2
2026-04-07,601318,14:07:20,56.6700,38,1
2026-04-07,601318,14:07:23,56.6700,24,1
2026-04-07,601318,14:07:27,56.6700,31,1
2026-04-07,601318,14:07:29,56.6700,11,1
2026-04-07,601318,14:07:33,56.6700,197,1
2026-04-07,601318,14:07:36,56.6800,141,1
2026-04-07,601318,14:07:38,56.6800,142,1
2026-04-07,601318,14:07:41,56.6800,110,1
2026-04-07,601318,14:07:44,56.6800,48,1
2026-04-07,601318,14:07:48,56.6800,94,1
2026-04-07,601318,14:07:51,56.6800,45,1
2026-04-07,601318,14:07:53,56.6900,38,1
2026-04-07,601318,14:07:57,56.6800,40,2
2026-04-07,601318,14:08:00,56.6900,69,1
2026-04-07,601318,14:08:03,56.6900,19,1
2026-04-07,601318,14:08:06,56.6900,66,1
2026-04-07,601318,14:08:08,56.6900,169,2
2026-04-07,601318,14:08:12,56.7100,136,1
2026-04-07,601318,14:08:14,56.7000,48,2
2026-04-07,601318,14:08:17,56.7000,162,1
2026-04-07,601318,14:08:20,56.7000,33,1
2026-04-07,601318,14:08:23,56.6900,75,2
2026-04-07,601318,14:08:27,56.7000,87,1
2026-04-07,601318,14:08:29,56.7000,65,1
2026-04-07,601318,14:08:33,56.7000,68,1
2026-04-07,601318,14:08:36,56.6900,54,2
2026-04-07,601318,14:08:38,56.7000,47,1
2026-04-07,601318,14:08:42,56.6900,32,2
2026-04-07,601318,14:08:45,56.6900,34,2
2026-04-07,601318,14:08:48,56.6900,81,2
2026-04-07,601318,14:08:50,56.6900,41,2
2026-04-07,601318,14:08:53,56.6900,157,2
2026-04-07,601318,14:08:56,56.6900,112,2
2026-04-07,601318,14:09:00,56.6900,95,1
2026-04-07,601318,14:09:03,56.6800,126,2
2026-04-07,601318,14:09:06,56.6800,78,2
2026-04-07,601318,14:09:08,56.6800,166,2
2026-04-07,601318,14:09:12,56.6800,105,2
2026-04-07,601318,14:09:15,56.6700,1,1
2026-04-07,601318,14:09:18,56.6500,36,2
2026-04-07,601318,14:09:21,56.6500,73,2
2026-04-07,601318,14:09:24,56.6400,190,2
2026-04-07,601318,14:09:27,56.6300,51,2
2026-04-07,601318,14:09:29,56.6300,40,2
2026-04-07,601318,14:09:33,56.6300,70,2
2026-04-07,601318,14:09:35,56.6400,190,1
2026-04-07,601318,14:09:38,56.6400,124,1
2026-04-07,601318,14:09:42,56.6400,108,1
2026-04-07,601318,14:09:44,56.6400,66,1
2026-04-07,601318,14:09:48,56.6300,33,2
2026-04-07,601318,14:09:50,56.6400,40,1
2026-04-07,601318,14:09:54,56.6300,157,2
2026-04-07,601318,14:09:56,56.6300,35,1
2026-04-07,601318,14:10:00,56.6100,171,2
2026-04-07,601318,14:10:03,56.6200,24,1
2026-04-07,601318,14:10:05,56.6100,49,2
2026-04-07,601318,14:10:09,56.6100,1,2
2026-04-07,601318,14:10:12,56.6100,12,2
2026-04-07,601318,14:10:15,56.6100,304,2
2026-04-07,601318,14:10:18,56.6100,109,2
2026-04-07,601318,14:10:20,56.6100,82,2
2026-04-07,601318,14:10:24,56.6000,43,2
2026-04-07,601318,14:10:27,56.6000,22,2
2026-04-07,601318,14:10:29,56.6000,32,2
2026-04-07,601318,14:10:33,56.6000,44,2
2026-04-07,601318,14:10:36,56.6100,9,1
2026-04-07,601318,14:10:38,56.6000,186,2
2026-04-07,601318,14:10:42,56.5900,159,2
2026-04-07,601318,14:10:44,56.5800,86,2
2026-04-07,601318,14:10:48,56.5800,139,2
2026-04-07,601318,14:10:50,56.5900,143,1
2026-04-07,601318,14:10:54,56.5800,86,2
2026-04-07,601318,14:10:57,56.5900,141,1
2026-04-07,601318,14:10:59,56.5800,3,2
2026-04-07,601318,14:11:03,56.5800,117,2
2026-04-07,601318,14:11:05,56.6000,243,1
2026-04-07,601318,14:11:09,56.6200,818,1
2026-04-07,601318,14:11:11,56.6200,59,2
2026-04-07,601318,14:11:15,56.6200,328,2
2026-04-07,601318,14:11:18,56.6200,13,1
2026-04-07,601318,14:11:21,56.6200,44,1
2026-04-07,601318,14:11:23,56.6100,107,2
2026-04-07,601318,14:11:27,56.6100,25,2
2026-04-07,601318,14:11:30,56.5900,90,2
2026-04-07,601318,14:11:33,56.6100,78,1
2026-04-07,601318,14:11:36,56.6000,135,2
2026-04-07,601318,14:11:39,56.5800,87,2
2026-04-07,601318,14:11:41,56.6000,88,2
2026-04-07,601318,14:11:45,56.6100,53,1
2026-04-07,601318,14:11:48,56.5900,209,2
2026-04-07,601318,14:11:50,56.5900,77,1
2026-04-07,601318,14:11:54,56.5800,84,2
2026-04-07,601318,14:11:57,56.5900,182,1
2026-04-07,601318,14:11:59,56.5800,49,2
2026-04-07,601318,14:12:02,56.5900,123,1
2026-04-07,601318,14:12:05,56.5900,724,1
2026-04-07,601318,14:12:09,56.6000,1797,1
2026-04-07,601318,14:12:12,56.6100,96,1
2026-04-07,601318,14:12:15,56.6000,17,4
2026-04-07,601318,14:12:18,56.6000,14,1
2026-04-07,601318,14:12:20,56.5900,23,2
2026-04-07,601318,14:12:24,56.6000,4,1
2026-04-07,601318,14:12:27,56.5900,93,2
2026-04-07,601318,14:12:30,56.6000,78,1
2026-04-07,601318,14:12:33,56.5900,40,2
2026-04-07,601318,14:12:36,56.5900,48,2
2026-04-07,601318,14:12:38,56.5900,215,2
2026-04-07,601318,14:12:42,56.5900,18,2
2026-04-07,601318,14:12:44,56.5900,116,2
2026-04-07,601318,14:12:48,56.5800,146,2
2026-04-07,601318,14:12:51,56.5900,103,1
2026-04-07,601318,14:12:53,56.5600,176,2
2026-04-07,601318,14:12:57,56.5600,131,2
2026-04-07,601318,14:12:59,56.5500,141,2
2026-04-07,601318,14:13:02,56.5600,55,4
2026-04-07,601318,14:13:06,56.5500,131,2
2026-04-07,601318,14:13:08,56.5500,65,2
2026-04-07,601318,14:13:12,56.5600,25,1
2026-04-07,601318,14:13:15,56.5400,169,2
2026-04-07,601318,14:13:18,56.5500,117,1
2026-04-07,601318,14:13:20,56.5400,134,2
2026-04-07,601318,14:13:24,56.5500,45,1
2026-04-07,601318,14:13:27,56.5500,41,1
2026-04-07,601318,14:13:30,56.5400,40,2
2026-04-07,601318,14:13:33,56.5300,24,2
2026-04-07,601318,14:13:35,56.5400,375,1
2026-04-07,601318,14:13:39,56.5500,31,4
2026-04-07,601318,14:13:41,56.5500,58,2
2026-04-07,601318,14:13:45,56.5500,55,2
2026-04-07,601318,14:13:48,56.5500,9,2
2026-04-07,601318,14:13:50,56.5500,2,2
2026-04-07,601318,14:13:53,56.5600,37,1
2026-04-07,601318,14:13:56,56.5500,33,2
2026-04-07,601318,14:14:00,56.5500,42,2
2026-04-07,601318,14:14:03,56.5600,31,1
2026-04-07,601318,14:14:06,56.5600,20,1
2026-04-07,601318,14:14:09,56.5600,3,1
2026-04-07,601318,14:14:12,56.5500,97,2
2026-04-07,601318,14:14:15,56.5500,24,2
2026-04-07,601318,14:14:17,56.5600,14,1
2026-04-07,601318,14:14:21,56.5500,50,2
2026-04-07,601318,14:14:24,56.5500,13,2
2026-04-07,601318,14:14:27,56.5600,19,1
2026-04-07,601318,14:14:30,56.5600,62,1
2026-04-07,601318,14:14:33,56.5500,223,2
2026-04-07,601318,14:14:35,56.5600,89,1
2026-04-07,601318,14:14:38,56.5500,53,2
2026-04-07,601318,14:14:42,56.5500,62,2
2026-04-07,601318,14:14:45,56.5400,97,2
2026-04-07,601318,14:14:48,56.5600,39,1
2026-04-07,601318,14:14:50,56.5600,17,1
2026-04-07,601318,14:14:54,56.5600,13,1
2026-04-07,601318,14:14:56,56.5500,113,2
2026-04-07,601318,14:15:00,56.5500,10,1
2026-04-07,601318,14:15:03,56.5500,71,1
2026-04-07,601318,14:15:05,56.5500,130,1
2026-04-07,601318,14:15:08,56.5400,191,2
2026-04-07,601318,14:15:11,56.5600,219,1
2026-04-07,601318,14:15:15,56.5700,319,1
2026-04-07,601318,14:15:18,56.5600,164,2
2026-04-07,601318,14:15:20,56.5600,1,2
2026-04-07,601318,14:15:24,56.5600,65,2
2026-04-07,601318,14:15:26,56.5600,16,2
2026-04-07,601318,14:15:29,56.5700,10,1
2026-04-07,601318,14:15:33,56.5600,126,2
2026-04-07,601318,14:15:36,56.5700,37,1
2026-04-07,601318,14:15:38,56.5700,37,1
2026-04-07,601318,14:15:41,56.5700,16,1
2026-04-07,601318,14:15:45,56.5700,81,1
2026-04-07,601318,14:15:47,56.5700,69,1
2026-04-07,601318,14:15:50,56.5700,5,1
2026-04-07,601318,14:15:53,56.5800,92,1
2026-04-07,601318,14:15:56,56.5700,43,2
2026-04-07,601318,14:16:00,56.5700,19,2
2026-04-07,601318,14:16:02,56.5800,16,1
2026-04-07,601318,14:16:06,56.5700,22,2
2026-04-07,601318,14:16:08,56.5800,5,1
2026-04-07,601318,14:16:11,56.5800,85,1
2026-04-07,601318,14:16:15,56.5800,12,1
2026-04-07,601318,14:16:17,56.5800,34,1
2026-04-07,601318,14:16:21,56.5800,35,1
2026-04-07,601318,14:16:23,56.6000,282,1
2026-04-07,601318,14:16:27,56.6000,187,2
2026-04-07,601318,14:16:30,56.6100,83,1
2026-04-07,601318,14:16:33,56.6000,99,2
2026-04-07,601318,14:16:36,56.6100,45,1
2026-04-07,601318,14:16:39,56.6100,22,1
2026-04-07,601318,14:16:42,56.6100,15,1
2026-04-07,601318,14:16:44,56.6100,22,1
2026-04-07,601318,14:16:48,56.6100,93,1
2026-04-07,601318,14:16:51,56.6100,13,1
2026-04-07,601318,14:16:54,56.6000,46,2
2026-04-07,601318,14:16:57,56.6000,13,2
2026-04-07,601318,14:16:59,56.6100,18,1
2026-04-07,601318,14:17:03,56.6000,62,2
2026-04-07,601318,14:17:05,56.6100,2,1
2026-04-07,601318,14:17:09,56.6000,25,2
2026-04-07,601318,14:17:11,56.5900,464,2
2026-04-07,601318,14:17:14,56.6000,66,1
2026-04-07,601318,14:17:18,56.6100,115,1
2026-04-07,601318,14:17:20,56.6100,36,1
2026-04-07,601318,14:17:24,56.6100,28,1
2026-04-07,601318,14:17:26,56.6100,28,1
2026-04-07,601318,14:17:29,56.6100,54,1
2026-04-07,601318,14:17:33,56.6100,17,1
2026-04-07,601318,14:17:36,56.6100,96,1
2026-04-07,601318,14:17:38,56.6000,93,4
2026-04-07,601318,14:17:42,56.6100,90,1
2026-04-07,601318,14:17:45,56.6100,22,1
2026-04-07,601318,14:17:48,56.6000,71,2
2026-04-07,601318,14:17:51,56.6100,29,1
2026-04-07,601318,14:17:54,56.6200,569,1
2026-04-07,601318,14:17:57,56.6200,33,1
2026-04-07,601318,14:18:00,56.6300,11,1
2026-04-07,601318,14:18:02,56.6300,41,1
2026-04-07,601318,14:18:06,56.6300,24,1
2026-04-07,601318,14:18:09,56.6300,12,1
2026-04-07,601318,14:18:11,56.6300,30,1
2026-04-07,601318,14:18:15,56.6300,243,1
2026-04-07,601318,14:18:17,56.6300,351,2
2026-04-07,601318,14:18:21,56.6500,110,1
2026-04-07,601318,14:18:23,56.6200,91,2
2026-04-07,601318,14:18:27,56.6300,12,1
2026-04-07,601318,14:18:29,56.6300,36,1
2026-04-07,601318,14:18:32,56.6300,24,1
2026-04-07,601318,14:18:36,56.6300,52,1
2026-04-07,601318,14:18:38,56.6300,186,1
2026-04-07,601318,14:18:42,56.6500,52,1
2026-04-07,601318,14:18:44,56.6400,16,2
2026-04-07,601318,14:18:47,56.6500,26,1
2026-04-07,601318,14:18:50,56.6300,35,2
2026-04-07,601318,14:18:53,56.6300,26,2
2026-04-07,601318,14:18:56,56.6400,51,1
2026-04-07,601318,14:18:59,56.6800,336,1
2026-04-07,601318,14:19:03,56.6700,28,1
2026-04-07,601318,14:19:05,56.6700,67,2
2026-04-07,601318,14:19:08,56.6800,66,1
2026-04-07,601318,14:19:12,56.6700,34,2
2026-04-07,601318,14:19:14,56.6800,49,1
2026-04-07,601318,14:19:17,56.6800,39,1
2026-04-07,601318,14:19:21,56.6700,23,2
2026-04-07,601318,14:19:23,56.6700,25,2
2026-04-07,601318,14:19:26,56.6700,21,2
2026-04-07,601318,14:19:29,56.6800,3,1
2026-04-07,601318,14:19:32,56.6700,28,2
2026-04-07,601318,14:19:36,56.6800,93,1
2026-04-07,601318,14:19:38,56.6800,58,1
2026-04-07,601318,14:19:42,56.6800,48,1
2026-04-07,601318,14:19:45,56.6800,56,1
2026-04-07,601318,14:19:48,56.6800,15,1
2026-04-07,601318,14:19:51,56.6800,47,1
2026-04-07,601318,14:19:53,56.6800,26,1
2026-04-07,601318,14:19:57,56.6800,49,1
2026-04-07,601318,14:19:59,56.6700,7,2
2026-04-07,601318,14:20:02,56.6800,71,1
2026-04-07,601318,14:20:06,56.6800,658,1
2026-04-07,601318,14:20:08,56.6900,1,1
2026-04-07,601318,14:20:12,56.7000,261,1
2026-04-07,601318,14:20:15,56.7000,93,1
2026-04-07,601318,14:20:18,56.7200,399,1
2026-04-07,601318,14:20:21,56.7300,36,1
2026-04-07,601318,14:20:24,56.7300,65,1
2026-04-07,601318,14:20:27,56.7200,91,2
2026-04-07,601318,14:20:30,56.7300,65,1
2026-04-07,601318,14:20:33,56.7300,61,1
2026-04-07,601318,14:20:36,56.7300,65,1
2026-04-07,601318,14:20:38,56.7300,14,1
2026-04-07,601318,14:20:42,56.7300,4,1
2026-04-07,601318,14:20:45,56.7300,32,1
2026-04-07,601318,14:20:47,56.7200,28,2
2026-04-07,601318,14:20:50,56.7200,105,2
2026-04-07,601318,14:20:54,56.7100,115,2
2026-04-07,601318,14:20:56,56.7100,92,2
2026-04-07,601318,14:21:00,56.7200,30,1
2026-04-07,601318,14:21:02,56.7100,44,2
2026-04-07,601318,14:21:06,56.7000,49,2
2026-04-07,601318,14:21:08,56.7000,5,2
2026-04-07,601318,14:21:12,56.7100,50,1
2026-04-07,601318,14:21:15,56.7000,76,2
2026-04-07,601318,14:21:17,56.7100,130,1
2026-04-07,601318,14:21:21,56.7200,18,1
2026-04-07,601318,14:21:23,56.7100,54,4
2026-04-07,601318,14:21:27,56.7100,31,2
2026-04-07,601318,14:21:29,56.7200,27,1
2026-04-07,601318,14:21:33,56.7100,86,2
2026-04-07,601318,14:21:36,56.7100,74,2
2026-04-07,601318,14:21:38,56.7100,230,2
2026-04-07,601318,14:21:41,56.7100,131,1
2026-04-07,601318,14:21:44,56.7100,17,1
2026-04-07,601318,14:21:48,56.7000,42,2
2026-04-07,601318,14:21:50,56.7000,15,2
2026-04-07,601318,14:21:54,56.7100,25,1
2026-04-07,601318,14:21:57,56.7000,24,2
2026-04-07,601318,14:22:00,56.7000,20,2
2026-04-07,601318,14:22:03,56.7000,35,2
2026-04-07,601318,14:22:06,56.7100,2,1
2026-04-07,601318,14:22:08,56.7000,56,2
2026-04-07,601318,14:22:12,56.7100,38,1
2026-04-07,601318,14:22:15,56.7100,20,1
2026-04-07,601318,14:22:17,56.7100,11,1
2026-04-07,601318,14:22:20,56.7000,9,2
2026-04-07,601318,14:22:23,56.7000,9,2
2026-04-07,601318,14:22:27,56.7100,26,1
2026-04-07,601318,14:22:29,56.7100,7,1
2026-04-07,601318,14:22:32,56.7100,51,1
2026-04-07,601318,14:22:36,56.7000,80,2
2026-04-07,601318,14:22:38,56.7000,36,2
2026-04-07,601318,14:22:42,56.7000,13,2
2026-04-07,601318,14:22:45,56.7000,122,2
2026-04-07,601318,14:22:48,56.7100,1,1
2026-04-07,601318,14:22:50,56.7000,90,2
2026-04-07,601318,14:22:54,56.7100,45,1
2026-04-07,601318,14:22:57,56.7000,85,2
2026-04-07,601318,14:22:59,56.7100,17,1
2026-04-07,601318,14:23:02,56.7000,74,2
2026-04-07,601318,14:23:06,56.7000,4,2
2026-04-07,601318,14:23:08,56.7000,66,2
2026-04-07,601318,14:23:11,56.7000,28,1
2026-04-07,601318,14:23:14,56.6900,27,2
2026-04-07,601318,14:23:18,56.7000,42,1
2026-04-07,601318,14:23:21,56.6900,7,2
2026-04-07,601318,14:23:23,56.6900,172,2
2026-04-07,601318,14:23:27,56.6900,51,2
2026-04-07,601318,14:23:30,56.7000,2,1
2026-04-07,601318,14:23:33,56.6900,78,2
2026-04-07,601318,14:23:36,56.7000,25,1
2026-04-07,601318,14:23:38,56.6900,54,2
2026-04-07,601318,14:23:42,56.7000,19,1
2026-04-07,601318,14:23:44,56.6900,52,2
2026-04-07,601318,14:23:48,56.6900,8,2
2026-04-07,601318,14:23:50,56.6900,26,2
2026-04-07,601318,14:23:54,56.6900,33,2
2026-04-07,601318,14:23:56,56.7000,101,1
2026-04-07,601318,14:24:00,56.7000,25,1
2026-04-07,601318,14:24:03,56.6900,69,2
2026-04-07,601318,14:24:06,56.6900,19,2
2026-04-07,601318,14:24:08,56.7000,74,1
2026-04-07,601318,14:24:12,56.7100,452,1
2026-04-07,601318,14:24:15,56.7000,78,2
2026-04-07,601318,14:24:18,56.7000,9,2
2026-04-07,601318,14:24:21,56.7000,16,2
2026-04-07,601318,14:24:23,56.7000,113,2
2026-04-07,601318,14:24:26,56.7000,84,2
2026-04-07,601318,14:24:30,56.7200,313,1
2026-04-07,601318,14:24:33,56.7200,70,1
2026-04-07,601318,14:24:35,56.7100,73,2
2026-04-07,601318,14:24:38,56.7200,8,1
2026-04-07,601318,14:24:41,56.7200,5,1
2026-04-07,601318,14:24:45,56.7200,26,1
2026-04-07,601318,14:24:48,56.7200,4,1
2026-04-07,601318,14:24:51,56.7200,11,1
2026-04-07,601318,14:24:54,56.7200,6,1
2026-04-07,601318,14:24:57,56.7200,24,1
2026-04-07,601318,14:24:59,56.7100,27,2
2026-04-07,601318,14:25:03,56.7200,130,1
2026-04-07,601318,14:25:06,56.7100,73,2
2026-04-07,601318,14:25:08,56.7100,11,2
2026-04-07,601318,14:25:12,56.7200,57,1
2026-04-07,601318,14:25:14,56.7100,319,2
2026-04-07,601318,14:25:17,56.7000,88,2
2026-04-07,601318,14:25:21,56.7100,13,4
2026-04-07,601318,14:25:24,56.7100,134,1
2026-04-07,601318,14:25:26,56.7000,86,2
2026-04-07,601318,14:25:29,56.7000,131,1
2026-04-07,601318,14:25:32,56.6800,84,2
2026-04-07,601318,14:25:36,56.6900,168,1
2026-04-07,601318,14:25:39,56.6800,53,2
2026-04-07,601318,14:25:42,56.6900,33,1
2026-04-07,601318,14:25:45,56.6900,125,1
2026-04-07,601318,14:25:47,56.6900,11,1
2026-04-07,601318,14:25:51,56.6900,51,1
2026-04-07,601318,14:25:53,56.6900,29,2
2026-04-07,601318,14:25:57,56.6900,8,2
2026-04-07,601318,14:25:59,56.7000,27,1
2026-04-07,601318,14:26:02,56.7000,72,1
2026-04-07,601318,14:26:05,56.7000,54,1
2026-04-07,601318,14:26:09,56.6900,56,2
2026-04-07,601318,14:26:12,56.7000,139,2
2026-04-07,601318,14:26:14,56.7100,68,1
2026-04-07,601318,14:26:17,56.7000,99,2
2026-04-07,601318,14:26:20,56.7000,38,1
2026-04-07,601318,14:26:24,56.7000,64,2
2026-04-07,601318,14:26:27,56.7000,36,1
2026-04-07,601318,14:26:29,56.7000,11,1
2026-04-07,601318,14:26:33,56.7000,54,1
2026-04-07,601318,14:26:35,56.7000,87,1
2026-04-07,601318,14:26:39,56.7000,44,1
2026-04-07,601318,14:26:42,56.6900,24,2
2026-04-07,601318,14:26:44,56.7000,94,1
2026-04-07,601318,14:26:47,56.7000,3,2
2026-04-07,601318,14:26:51,56.7100,7,1
2026-04-07,601318,14:26:54,56.7100,20,1
2026-04-07,601318,14:26:56,56.7200,181,1
2026-04-07,601318,14:27:00,56.7200,22,1
2026-04-07,601318,14:27:02,56.7200,24,1
2026-04-07,601318,14:27:05,56.7100,26,2
2026-04-07,601318,14:27:09,56.7200,52,1
2026-04-07,601318,14:27:11,56.7100,7,2
2026-04-07,601318,14:27:15,56.7100,59,2
2026-04-07,601318,14:27:18,56.7200,79,1
2026-04-07,601318,14:27:20,56.7200,13,1
2026-04-07,601318,14:27:23,56.7100,72,2
2026-04-07,601318,14:27:26,56.7100,241,2
2026-04-07,601318,14:27:30,56.7000,24,2
2026-04-07,601318,14:27:33,56.7100,264,1
2026-04-07,601318,14:27:36,56.7000,176,2
2026-04-07,601318,14:27:39,56.7100,178,1
2026-04-07,601318,14:27:42,56.7100,15,1
2026-04-07,601318,14:27:45,56.7000,7,2
2026-04-07,601318,14:27:48,56.7100,349,1
2026-04-07,601318,14:27:51,56.7100,94,1
2026-04-07,601318,14:27:54,56.7100,249,1
2026-04-07,601318,14:27:57,56.7100,71,1
2026-04-07,601318,14:27:59,56.7100,26,1
2026-04-07,601318,14:28:03,56.7000,134,2
2026-04-07,601318,14:28:06,56.7100,50,1
2026-04-07,601318,14:28:08,56.7000,2,2
2026-04-07,601318,14:28:11,56.7000,25,2
2026-04-07,601318,14:28:15,56.7000,5,2
2026-04-07,601318,14:28:18,56.7100,41,1
2026-04-07,601318,14:28:21,56.7100,164,1
2026-04-07,601318,14:28:24,56.7100,33,1
2026-04-07,601318,14:28:26,56.7000,18,2
2026-04-07,601318,14:28:30,56.7000,41,2
2026-04-07,601318,14:28:32,56.7100,85,1
2026-04-07,601318,14:28:36,56.7100,123,1
2026-04-07,601318,14:28:38,56.7000,115,2
2026-04-07,601318,14:28:42,56.6900,107,2
2026-04-07,601318,14:28:45,56.7000,14,4
2026-04-07,601318,14:28:47,56.7100,18,1
2026-04-07,601318,14:28:51,56.6900,91,2
2026-04-07,601318,14:28:54,56.7000,51,4
2026-04-07,601318,14:28:56,56.7000,71,2
2026-04-07,601318,14:29:00,56.7000,62,2
2026-04-07,601318,14:29:02,56.7100,33,1
2026-04-07,601318,14:29:06,56.6900,5,2
2026-04-07,601318,14:29:08,56.7000,19,1
2026-04-07,601318,14:29:12,56.7100,121,1
2026-04-07,601318,14:29:14,56.7100,62,1
2026-04-07,601318,14:29:18,56.7000,16,2
2026-04-07,601318,14:29:20,56.7100,31,1
2026-04-07,601318,14:29:24,56.7000,49,2
2026-04-07,601318,14:29:26,56.7100,7,1
2026-04-07,601318,14:29:29,56.7100,21,1
2026-04-07,601318,14:29:33,56.7100,15,1
2026-04-07,601318,14:29:36,56.7100,191,1
2026-04-07,601318,14:29:39,56.7100,19,1
2026-04-07,601318,14:29:41,56.7200,60,1
2026-04-07,601318,14:29:45,56.7100,15,2
2026-04-07,601318,14:29:48,56.7000,35,2
2026-04-07,601318,14:29:51,56.7000,27,2
2026-04-07,601318,14:29:53,56.7100,8,1
2026-04-07,601318,14:29:57,56.7000,186,2
2026-04-07,601318,14:29:59,56.7000,33,2
2026-04-07,601318,14:30:03,56.7000,58,2
2026-04-07,601318,14:30:05,56.7000,37,1
2026-04-07,601318,14:30:09,56.7100,216,1
2026-04-07,601318,14:30:11,56.7000,52,2
2026-04-07,601318,14:30:15,56.7100,252,1
2026-04-07,601318,14:30:18,56.7100,132,1
2026-04-07,601318,14:30:21,56.7200,67,1
2026-04-07,601318,14:30:23,56.7200,2,1
2026-04-07,601318,14:30:26,56.7200,85,1
2026-04-07,601318,14:30:30,56.7200,153,1
2026-04-07,601318,14:30:32,56.7400,1985,1
2026-04-07,601318,14:30:35,56.7500,31,1
2026-04-07,601318,14:30:39,56.7500,36,1
2026-04-07,601318,14:30:42,56.7500,399,1
2026-04-07,601318,14:30:45,56.7500,61,1
2026-04-07,601318,14:30:48,56.7500,32,2
2026-04-07,601318,14:30:50,56.7500,26,2
2026-04-07,601318,14:30:53,56.7500,39,2
2026-04-07,601318,14:30:57,56.7700,77,1
2026-04-07,601318,14:30:59,56.7600,50,2
2026-04-07,601318,14:31:03,56.7700,146,1
2026-04-07,601318,14:31:05,56.7800,185,1
2026-04-07,601318,14:31:08,56.7700,230,2
2026-04-07,601318,14:31:12,56.7600,57,2
2026-04-07,601318,14:31:14,56.7700,56,1
2026-04-07,601318,14:31:17,56.7600,122,2
2026-04-07,601318,14:31:20,56.7600,7,2
2026-04-07,601318,14:31:23,56.7600,24,2
2026-04-07,601318,14:31:26,56.7700,58,1
2026-04-07,601318,14:31:30,56.7700,14,1
2026-04-07,601318,14:31:32,56.7600,12,4
2026-04-07,601318,14:31:35,56.7600,114,1
2026-04-07,601318,14:31:39,56.7400,255,2
2026-04-07,601318,14:31:41,56.7200,318,2
2026-04-07,601318,14:31:45,56.7000,284,2
2026-04-07,601318,14:31:48,56.7100,156,1
2026-04-07,601318,14:31:50,56.7100,98,1
2026-04-07,601318,14:31:54,56.7000,45,2
2026-04-07,601318,14:31:56,56.7100,32,1
2026-04-07,601318,14:31:59,56.7100,84,1
2026-04-07,601318,14:32:02,56.7100,80,1
2026-04-07,601318,14:32:05,56.7100,2,1
2026-04-07,601318,14:32:08,56.7100,183,1
2026-04-07,601318,14:32:12,56.7000,48,2
2026-04-07,601318,14:32:14,56.7200,3,1
2026-04-07,601318,14:32:18,56.7100,9,2
2026-04-07,601318,14:32:20,56.7100,10,2
2026-04-07,601318,14:32:23,56.7200,28,1
2026-04-07,601318,14:32:26,56.7200,3,1
2026-04-07,601318,14:32:30,56.7100,46,2
2026-04-07,601318,14:32:33,56.7100,57,1
2026-04-07,601318,14:32:36,56.7100,3,1
2026-04-07,601318,14:32:39,56.7100,19,1
2026-04-07,601318,14:32:42,56.7100,92,1
2026-04-07,601318,14:32:44,56.7000,131,2
2026-04-07,601318,14:32:47,56.7100,162,1
2026-04-07,601318,14:32:51,56.7100,65,1
2026-04-07,601318,14:32:54,56.7000,17,2
2026-04-07,601318,14:32:56,56.7000,63,2
2026-04-07,601318,14:32:59,56.7100,102,1
2026-04-07,601318,14:33:03,56.7100,116,1
2026-04-07,601318,14:33:06,56.7100,18,1
2026-04-07,601318,14:33:08,56.7000,35,2
2026-04-07,601318,14:33:12,56.7000,43,1
2026-04-07,601318,14:33:14,56.6900,4,2
2026-04-07,601318,14:33:21,56.6900,26,2
2026-04-07,601318,14:33:24,56.6900,6,2
2026-04-07,601318,14:33:27,56.7000,50,1
2026-04-07,601318,14:33:30,56.6900,35,2
2026-04-07,601318,14:33:32,56.7000,12,1
2026-04-07,601318,14:33:36,56.6900,28,2
2026-04-07,601318,14:33:39,56.7000,17,1
2026-04-07,601318,14:33:41,56.6800,53,2
2026-04-07,601318,14:33:44,56.7000,6,1
2026-04-07,601318,14:33:47,56.7000,36,1
2026-04-07,601318,14:33:51,56.6800,244,2
2026-04-07,601318,14:33:54,56.6900,23,4
2026-04-07,601318,14:33:57,56.6800,27,4
2026-04-07,601318,14:33:59,56.6800,28,1
2026-04-07,601318,14:34:03,56.6900,168,1
2026-04-07,601318,14:34:05,56.6900,62,2
2026-04-07,601318,14:34:09,56.6900,27,1
2026-04-07,601318,14:34:12,56.6800,22,4
2026-04-07,601318,14:34:15,56.6900,22,1
2026-04-07,601318,14:34:17,56.6800,218,2
2026-04-07,601318,14:34:21,56.6700,337,2
2026-04-07,601318,14:34:24,56.6800,14,1
2026-04-07,601318,14:34:27,56.6700,164,2
2026-04-07,601318,14:34:29,56.6700,107,2
2026-04-07,601318,14:34:32,56.6800,139,1
2026-04-07,601318,14:34:35,56.6700,34,2
2026-04-07,601318,14:34:38,56.6700,59,1
2026-04-07,601318,14:34:42,56.6700,38,1
2026-04-07,601318,14:34:44,56.6700,7,1
2026-04-07,601318,14:34:47,56.6700,16,1
2026-04-07,601318,14:34:51,56.6600,162,2
2026-04-07,601318,14:34:54,56.6600,127,4
2026-04-07,601318,14:34:56,56.6500,14,2
2026-04-07,601318,14:35:00,56.6300,27,2
2026-04-07,601318,14:35:03,56.6400,50,1
2026-04-07,601318,14:35:06,56.6400,66,1
2026-04-07,601318,14:35:08,56.6400,42,2
2026-04-07,601318,14:35:11,56.6500,252,1
2026-04-07,601318,14:35:15,56.6500,32,1
2026-04-07,601318,14:35:18,56.6600,98,1
2026-04-07,601318,14:35:21,56.6500,38,2
2026-04-07,601318,14:35:23,56.6400,31,2
2026-04-07,601318,14:35:27,56.6400,13,2
2026-04-07,601318,14:35:30,56.6500,21,1
2026-04-07,601318,14:35:33,56.6400,115,2
2026-04-07,601318,14:35:35,56.6500,75,1
2026-04-07,601318,14:35:38,56.6500,147,1
2026-04-07,601318,14:35:41,56.6500,274,1
2026-04-07,601318,14:35:44,56.6500,10,1
2026-04-07,601318,14:35:48,56.6400,30,2
2026-04-07,601318,14:35:51,56.6400,27,1
2026-04-07,601318,14:35:53,56.6200,26,2
2026-04-07,601318,14:35:57,56.6300,48,4
2026-04-07,601318,14:35:59,56.6300,108,1
2026-04-07,601318,14:36:03,56.6300,103,1
2026-04-07,601318,14:36:06,56.6300,82,1
2026-04-07,601318,14:36:08,56.6400,111,1
2026-04-07,601318,14:36:12,56.6200,65,2
2026-04-07,601318,14:36:14,56.6300,11,4
2026-04-07,601318,14:36:17,56.6300,92,2
2026-04-07,601318,14:36:21,56.6200,20,2
2026-04-07,601318,14:36:24,56.6200,23,2
2026-04-07,601318,14:36:27,56.6200,153,2
2026-04-07,601318,14:36:29,56.6300,48,1
2026-04-07,601318,14:36:32,56.6400,45,1
2026-04-07,601318,14:36:36,56.6300,12,2
2026-04-07,601318,14:36:39,56.6300,104,2
2026-04-07,601318,14:36:42,56.6300,39,2
2026-04-07,601318,14:36:45,56.6400,24,1
2026-04-07,601318,14:36:47,56.6400,180,2
2026-04-07,601318,14:36:51,56.6100,156,2
2026-04-07,601318,14:36:54,56.6400,468,1
2026-04-07,601318,14:36:57,56.6000,173,2
2026-04-07,601318,14:36:59,56.6100,33,2
2026-04-07,601318,14:37:02,56.6100,169,1
2026-04-07,601318,14:37:06,56.6200,95,1
2026-04-07,601318,14:37:08,56.6200,58,1
2026-04-07,601318,14:37:12,56.6000,71,2
2026-04-07,601318,14:37:15,56.6100,252,1
2026-04-07,601318,14:37:17,56.6000,197,2
2026-04-07,601318,14:37:20,56.6000,17,2
2026-04-07,601318,14:37:23,56.6000,7,2
2026-04-07,601318,14:37:26,56.6100,197,1
2026-04-07,601318,14:37:29,56.6100,25,2
2026-04-07,601318,14:37:33,56.6100,69,2
2026-04-07,601318,14:37:36,56.6200,7,1
2026-04-07,601318,14:37:38,56.6100,234,2
2026-04-07,601318,14:37:41,56.6100,127,1
2026-04-07,601318,14:37:44,56.6100,25,1
2026-04-07,601318,14:37:48,56.6000,85,2
2026-04-07,601318,14:37:51,56.6000,66,2
2026-04-07,601318,14:37:53,56.6000,23,1
2026-04-07,601318,14:37:56,56.6100,109,1
2026-04-07,601318,14:38:00,56.6100,51,1
2026-04-07,601318,14:38:02,56.6200,157,1
2026-04-07,601318,14:38:06,56.6400,251,1
2026-04-07,601318,14:38:08,56.6500,69,1
2026-04-07,601318,14:38:11,56.6300,31,2
2026-04-07,601318,14:38:14,56.6500,7,1
2026-04-07,601318,14:38:17,56.6500,19,1
2026-04-07,601318,14:38:21,56.6500,96,1
2026-04-07,601318,14:38:24,56.6400,66,2
2026-04-07,601318,14:38:27,56.6300,40,2
2026-04-07,601318,14:38:30,56.6400,6,4
2026-04-07,601318,14:38:33,56.6300,243,2
2026-04-07,601318,14:38:35,56.6400,5,4
2026-04-07,601318,14:38:38,56.6400,49,1
2026-04-07,601318,14:38:42,56.6300,44,2
2026-04-07,601318,14:38:45,56.6300,81,2
2026-04-07,601318,14:38:47,56.6400,106,1
2026-04-07,601318,14:38:50,56.6400,19,2
2026-04-07,601318,14:38:54,56.6300,14,2
2026-04-07,601318,14:38:56,56.6300,27,2
2026-04-07,601318,14:38:59,56.6300,13,1
2026-04-07,601318,14:39:03,56.6100,62,2
2026-04-07,601318,14:39:05,56.6300,6,2
2026-04-07,601318,14:39:09,56.6300,82,1
2026-04-07,601318,14:39:12,56.6300,6,1
2026-04-07,601318,14:39:14,56.6400,254,1
2026-04-07,601318,14:39:18,56.6400,78,1
2026-04-07,601318,14:39:21,56.6500,52,1
2026-04-07,601318,14:39:24,56.6500,18,1
2026-04-07,601318,14:39:27,56.6500,36,1
2026-04-07,601318,14:39:30,56.6400,8,1
2026-04-07,601318,14:39:32,56.6400,9,1
2026-04-07,601318,14:39:36,56.6400,1,2
2026-04-07,601318,14:39:39,56.6500,61,1
2026-04-07,601318,14:39:41,56.6400,30,2
2026-04-07,601318,14:39:44,56.6400,26,1
2026-04-07,601318,14:39:51,56.6400,17,1
2026-04-07,601318,14:39:54,56.6300,46,2
2026-04-07,601318,14:39:57,56.6400,5,1
2026-04-07,601318,14:40:00,56.6300,27,2
2026-04-07,601318,14:40:03,56.6200,40,2
2026-04-07,601318,14:40:06,56.6200,69,2
2026-04-07,601318,14:40:08,56.6200,207,1
2026-04-07,601318,14:40:12,56.6100,70,2
2026-04-07,601318,14:40:14,56.6300,8,1
2026-04-07,601318,14:40:18,56.6300,19,1
2026-04-07,601318,14:40:20,56.6300,133,1
2026-04-07,601318,14:40:24,56.6400,46,1
2026-04-07,601318,14:40:27,56.6400,7,1
2026-04-07,601318,14:40:30,56.6400,5,1
2026-04-07,601318,14:40:32,56.6400,35,1
2026-04-07,601318,14:40:36,56.6300,16,2
2026-04-07,601318,14:40:39,56.6200,57,2
2026-04-07,601318,14:40:42,56.6300,41,4
2026-04-07,601318,14:40:45,56.6200,13,2
2026-04-07,601318,14:40:50,56.6300,9,1
2026-04-07,601318,14:40:53,56.6300,159,1
2026-04-07,601318,14:40:57,56.6300,124,2
2026-04-07,601318,14:41:00,56.6300,4,2
2026-04-07,601318,14:41:02,56.6500,76,1
2026-04-07,601318,14:41:06,56.6400,129,4
2026-04-07,601318,14:41:08,56.6500,100,1
2026-04-07,601318,14:41:12,56.6400,15,2
2026-04-07,601318,14:41:14,56.6500,61,1
2026-04-07,601318,14:41:18,56.6400,16,2
2026-04-07,601318,14:41:21,56.6500,65,1
2026-04-07,601318,14:41:23,56.6500,140,1
2026-04-07,601318,14:41:27,56.6500,29,2
2026-04-07,601318,14:41:30,56.6600,5,1
2026-04-07,601318,14:41:33,56.6600,34,1
2026-04-07,601318,14:41:35,56.6600,150,1
2026-04-07,601318,14:41:38,56.6600,3,2
2026-04-07,601318,14:41:41,56.6700,9,1
2026-04-07,601318,14:41:45,56.6600,25,2
2026-04-07,601318,14:41:47,56.6600,128,2
2026-04-07,601318,14:41:50,56.6700,33,1
2026-04-07,601318,14:41:53,56.6400,125,2
2026-04-07,601318,14:41:57,56.6600,72,1
2026-04-07,601318,14:42:00,56.6600,11,1
2026-04-07,601318,14:42:03,56.6600,22,1
2026-04-07,601318,14:42:05,56.6500,22,2
2026-04-07,601318,14:42:08,56.6400,750,2
2026-04-07,601318,14:42:12,56.6600,160,1
2026-04-07,601318,14:42:15,56.6300,33,2
2026-04-07,601318,14:42:17,56.6500,9,1
2026-04-07,601318,14:42:21,56.6500,60,1
2026-04-07,601318,14:42:24,56.6600,22,1
2026-04-07,601318,14:42:26,56.6600,54,1
2026-04-07,601318,14:42:29,56.6500,21,2
2026-04-07,601318,14:42:32,56.6600,68,1
2026-04-07,601318,14:42:35,56.6500,27,2
2026-04-07,601318,14:42:39,56.6500,60,2
2026-04-07,601318,14:42:41,56.6500,30,1
2026-04-07,601318,14:42:45,56.6500,23,1
2026-04-07,601318,14:42:47,56.6400,25,2
2026-04-07,601318,14:42:50,56.6600,123,1
2026-04-07,601318,14:42:54,56.6600,33,1
2026-04-07,601318,14:42:56,56.6600,36,1
2026-04-07,601318,14:43:00,56.6500,58,2
2026-04-07,601318,14:43:02,56.6600,52,1
2026-04-07,601318,14:43:06,56.6700,251,1
2026-04-07,601318,14:43:08,56.6700,83,1
2026-04-07,601318,14:43:11,56.6800,305,1
2026-04-07,601318,14:43:14,56.6800,42,2
2026-04-07,601318,14:43:17,56.6900,48,1
2026-04-07,601318,14:43:20,56.6800,26,2
2026-04-07,601318,14:43:24,56.6900,1,1
2026-04-07,601318,14:43:27,56.6800,21,2
2026-04-07,601318,14:43:30,56.6900,25,1
2026-04-07,601318,14:43:33,56.6800,42,2
2026-04-07,601318,14:43:35,56.6800,6,1
2026-04-07,601318,14:43:38,56.6800,9,1
2026-04-07,601318,14:43:42,56.6800,5,1
2026-04-07,601318,14:43:45,56.6800,10,1
2026-04-07,601318,14:43:47,56.6800,36,1
2026-04-07,601318,14:43:51,56.6700,15,2
2026-04-07,601318,14:43:54,56.6700,54,2
2026-04-07,601318,14:43:56,56.6600,9,2
2026-04-07,601318,14:43:59,56.6600,52,2
2026-04-07,601318,14:44:02,56.6700,191,1
2026-04-07,601318,14:44:06,56.6400,168,2
2026-04-07,601318,14:44:08,56.6400,83,2
2026-04-07,601318,14:44:11,56.6500,53,1
2026-04-07,601318,14:44:15,56.6300,79,2
2026-04-07,601318,14:44:18,56.6300,43,2
2026-04-07,601318,14:44:21,56.6200,38,2
2026-04-07,601318,14:44:23,56.6200,72,2
2026-04-07,601318,14:44:26,56.6100,93,2
2026-04-07,601318,14:44:30,56.6200,61,2
2026-04-07,601318,14:44:32,56.6100,61,2
2026-04-07,601318,14:44:35,56.6000,109,2
2026-04-07,601318,14:44:39,56.6000,110,2
2026-04-07,601318,14:44:41,56.6000,22,2
2026-04-07,601318,14:44:45,56.6000,92,2
2026-04-07,601318,14:44:48,56.6000,135,2
2026-04-07,601318,14:44:51,56.6000,133,2
2026-04-07,601318,14:44:54,56.6000,69,2
2026-04-07,601318,14:44:56,56.6000,187,2
2026-04-07,601318,14:44:59,56.6000,212,2
2026-04-07,601318,14:45:02,56.6000,331,2
2026-04-07,601318,14:45:06,56.6200,261,1
2026-04-07,601318,14:45:09,56.6200,46,1
2026-04-07,601318,14:45:11,56.6200,116,1
2026-04-07,601318,14:45:14,56.6200,42,1
2026-04-07,601318,14:45:18,56.6100,63,2
2026-04-07,601318,14:45:20,56.6200,38,1
2026-04-07,601318,14:45:24,56.6100,29,4
2026-04-07,601318,14:45:27,56.6100,115,2
2026-04-07,601318,14:45:30,56.6100,380,2
2026-04-07,601318,14:45:32,56.6400,5,1
2026-04-07,601318,14:45:36,56.6200,20,2
2026-04-07,601318,14:45:39,56.6300,17,1
2026-04-07,601318,14:45:42,56.6300,18,1
2026-04-07,601318,14:45:45,56.6300,12,1
2026-04-07,601318,14:45:47,56.6100,97,2
2026-04-07,601318,14:45:50,56.6200,14,1
2026-04-07,601318,14:45:54,56.6100,40,2
2026-04-07,601318,14:45:56,56.6100,70,2
2026-04-07,601318,14:45:59,56.6200,144,1
2026-04-07,601318,14:46:03,56.6200,62,1
2026-04-07,601318,14:46:05,56.6100,351,2
2026-04-07,601318,14:46:09,56.6100,163,1
2026-04-07,601318,14:46:11,56.6000,57,2
2026-04-07,601318,14:46:15,56.6100,50,1
2026-04-07,601318,14:46:18,56.6000,87,2
2026-04-07,601318,14:46:21,56.6000,53,2
2026-04-07,601318,14:46:24,56.6000,38,2
2026-04-07,601318,14:46:27,56.6100,105,1
2026-04-07,601318,14:46:29,56.6000,69,4
2026-04-07,601318,14:46:32,56.6000,35,1
2026-04-07,601318,14:46:35,56.5900,51,2
2026-04-07,601318,14:46:38,56.5900,51,2
2026-04-07,601318,14:46:42,56.5900,50,2
2026-04-07,601318,14:46:44,56.5900,120,2
2026-04-07,601318,14:46:47,56.5900,115,2
2026-04-07,601318,14:46:50,56.5900,30,2
2026-04-07,601318,14:46:54,56.6000,97,4
2026-04-07,601318,14:46:57,56.6000,66,1
2026-04-07,601318,14:46:59,56.6000,11,1
2026-04-07,601318,14:47:02,56.6000,195,1
2026-04-07,601318,14:47:06,56.6000,296,2
2026-04-07,601318,14:47:08,56.6200,149,1
2026-04-07,601318,14:47:12,56.6100,48,2
2026-04-07,601318,14:47:15,56.6100,59,2
2026-04-07,601318,14:47:18,56.6200,49,1
2026-04-07,601318,14:47:21,56.6200,28,2
2026-04-07,601318,14:47:23,56.6000,60,2
2026-04-07,601318,14:47:27,56.6200,109,1
2026-04-07,601318,14:47:29,56.6100,52,2
2026-04-07,601318,14:47:32,56.6300,56,1
2026-04-07,601318,14:47:36,56.6300,15,1
2026-04-07,601318,14:47:38,56.6200,14,2
2026-04-07,601318,14:47:42,56.6300,9,1
2026-04-07,601318,14:47:44,56.6200,19,2
2026-04-07,601318,14:47:48,56.6300,59,1
2026-04-07,601318,14:47:50,56.6300,3,1
2026-04-07,601318,14:47:54,56.6200,73,2
2026-04-07,601318,14:47:56,56.6200,62,4
2026-04-07,601318,14:48:00,56.6200,36,1
2026-04-07,601318,14:48:03,56.6000,267,2
2026-04-07,601318,14:48:06,56.6100,82,1
2026-04-07,601318,14:48:09,56.6100,101,1
2026-04-07,601318,14:48:11,56.6100,94,1
2026-04-07,601318,14:48:15,56.6000,251,2
2026-04-07,601318,14:48:17,56.6100,49,1
2026-04-07,601318,14:48:20,56.6100,28,2
2026-04-07,601318,14:48:24,56.6100,51,2
2026-04-07,601318,14:48:26,56.6100,43,1
2026-04-07,601318,14:48:30,56.6100,145,1
2026-04-07,601318,14:48:33,56.6200,165,1
2026-04-07,601318,14:48:35,56.6100,68,2
2026-04-07,601318,14:48:39,56.6200,320,1
2026-04-07,601318,14:48:42,56.6000,286,2
2026-04-07,601318,14:48:45,56.6200,134,2
2026-04-07,601318,14:48:47,56.6200,38,2
2026-04-07,601318,14:48:51,56.6200,26,2
2026-04-07,601318,14:48:53,56.6200,70,1
2026-04-07,601318,14:48:57,56.6000,119,2
2026-04-07,601318,14:49:00,56.6100,20,1
2026-04-07,601318,14:49:02,56.6200,428,1
2026-04-07,601318,14:49:06,56.6200,316,1
2026-04-07,601318,14:49:09,56.6700,212,1
2026-04-07,601318,14:49:12,56.6700,59,1
2026-04-07,601318,14:49:15,56.6400,16,2
2026-04-07,601318,14:49:18,56.6700,105,1
2026-04-07,601318,14:49:20,56.6400,207,2
2026-04-07,601318,14:49:23,56.6500,130,4
2026-04-07,601318,14:49:26,56.6500,53,1
2026-04-07,601318,14:49:30,56.6500,100,1
2026-04-07,601318,14:49:32,56.6500,24,1
2026-04-07,601318,14:49:36,56.6200,44,2
2026-04-07,601318,14:49:38,56.6500,35,1
2026-04-07,601318,14:49:42,56.6400,203,1
2026-04-07,601318,14:49:44,56.6500,46,4
2026-04-07,601318,14:49:47,56.6600,29,1
2026-04-07,601318,14:49:51,56.6400,22,1
2026-04-07,601318,14:49:54,56.6300,57,2
2026-04-07,601318,14:49:57,56.6100,144,2
2026-04-07,601318,14:49:59,56.6300,38,4
2026-04-07,601318,14:50:02,56.6300,348,1
2026-04-07,601318,14:50:06,56.6400,166,2
2026-04-07,601318,14:50:08,56.6600,152,1
2026-04-07,601318,14:50:12,56.6200,16,2
2026-04-07,601318,14:50:15,56.6300,36,2
2026-04-07,601318,14:50:17,56.6400,96,2
2026-04-07,601318,14:50:20,56.6400,138,1
2026-04-07,601318,14:50:23,56.6400,92,1
2026-04-07,601318,14:50:27,56.6500,169,1
2026-04-07,601318,14:50:29,56.6500,33,2
2026-04-07,601318,14:50:33,56.6500,64,2
2026-04-07,601318,14:50:35,56.6500,52,2
2026-04-07,601318,14:50:39,56.6500,51,2
2026-04-07,601318,14:50:42,56.6600,25,1
2026-04-07,601318,14:50:45,56.6600,97,1
2026-04-07,601318,14:50:47,56.6600,173,2
2026-04-07,601318,14:50:51,56.6500,8,2
2026-04-07,601318,14:50:54,56.6500,39,2
2026-04-07,601318,14:50:57,56.6400,139,2
2026-04-07,601318,14:50:59,56.6600,14,1
2026-04-07,601318,14:51:03,56.6500,287,2
2026-04-07,601318,14:51:06,56.6500,54,2
2026-04-07,601318,14:51:09,56.6500,111,2
2026-04-07,601318,14:51:11,56.6400,7,2
2026-04-07,601318,14:51:15,56.6500,37,1
2026-04-07,601318,14:51:18,56.6500,42,1
2026-04-07,601318,14:51:21,56.6500,19,1
2026-04-07,601318,14:51:23,56.6500,24,1
2026-04-07,601318,14:51:27,56.6600,630,1
2026-04-07,601318,14:51:30,56.6500,140,2
2026-04-07,601318,14:51:32,56.6500,43,2
2026-04-07,601318,14:51:36,56.6500,19,2
2026-04-07,601318,14:51:39,56.6600,28,1
2026-04-07,601318,14:51:42,56.6500,25,2
2026-04-07,601318,14:51:45,56.6500,69,2
2026-04-07,601318,14:51:48,56.6500,81,2
2026-04-07,601318,14:51:51,56.6500,15,2
2026-04-07,601318,14:51:54,56.6500,60,2
2026-04-07,601318,14:51:57,56.6500,114,2
2026-04-07,601318,14:52:00,56.6500,125,2
2026-04-07,601318,14:52:03,56.6400,308,2
2026-04-07,601318,14:52:05,56.6400,57,2
2026-04-07,601318,14:52:09,56.6500,44,1
2026-04-07,601318,14:52:12,56.6500,38,1
2026-04-07,601318,14:52:15,56.6500,42,1
2026-04-07,601318,14:52:18,56.6500,140,1
2026-04-07,601318,14:52:21,56.6500,154,1
2026-04-07,601318,14:52:23,56.6400,105,2
2026-04-07,601318,14:52:27,56.6500,110,1
2026-04-07,601318,14:52:30,56.6500,74,1
2026-04-07,601318,14:52:33,56.6400,19,2
2026-04-07,601318,14:52:35,56.6400,5,2
2026-04-07,601318,14:52:39,56.6500,57,1
2026-04-07,601318,14:52:42,56.6500,55,1
2026-04-07,601318,14:52:45,56.6600,442,1
2026-04-07,601318,14:52:48,56.6500,189,2
2026-04-07,601318,14:52:50,56.6600,59,1
2026-04-07,601318,14:52:54,56.6600,232,1
2026-04-07,601318,14:52:56,56.6500,101,2
2026-04-07,601318,14:53:00,56.6600,71,1
2026-04-07,601318,14:53:03,56.6600,214,1
2026-04-07,601318,14:53:06,56.6600,63,2
2026-04-07,601318,14:53:08,56.6600,94,2
2026-04-07,601318,14:53:11,56.6700,86,1
2026-04-07,601318,14:53:15,56.6600,146,2
2026-04-07,601318,14:53:18,56.6700,215,1
2026-04-07,601318,14:53:21,56.6600,131,2
2026-04-07,601318,14:53:24,56.6800,10,2
2026-04-07,601318,14:53:26,56.6800,41,2
2026-04-07,601318,14:53:30,56.6800,113,1
2026-04-07,601318,14:53:33,56.6800,31,2
2026-04-07,601318,14:53:36,56.6900,45,1
2026-04-07,601318,14:53:39,56.6900,37,1
2026-04-07,601318,14:53:41,56.6700,48,2
2026-04-07,601318,14:53:45,56.6700,47,2
2026-04-07,601318,14:53:48,56.6600,143,2
2026-04-07,601318,14:53:51,56.6600,96,1
2026-04-07,601318,14:53:53,56.6600,78,2
2026-04-07,601318,14:53:56,56.6600,74,2
2026-04-07,601318,14:54:00,56.6700,20,1
2026-04-07,601318,14:54:03,56.6700,306,1
2026-04-07,601318,14:54:06,56.6700,48,2
2026-04-07,601318,14:54:09,56.6800,40,1
2026-04-07,601318,14:54:12,56.6800,40,1
2026-04-07,601318,14:54:15,56.6800,77,1
2026-04-07,601318,14:54:17,56.6800,108,1
2026-04-07,601318,14:54:21,56.6800,6,2
2026-04-07,601318,14:54:23,56.6900,136,1
2026-04-07,601318,14:54:27,56.6800,32,2
2026-04-07,601318,14:54:29,56.6900,33,1
2026-04-07,601318,14:54:33,56.6800,70,2
2026-04-07,601318,14:54:36,56.6900,6,1
2026-04-07,601318,14:54:39,56.6800,30,2
2026-04-07,601318,14:54:41,56.6800,22,2
2026-04-07,601318,14:54:45,56.6900,72,1
2026-04-07,601318,14:54:48,56.6900,46,1
2026-04-07,601318,14:54:50,56.6900,91,1
2026-04-07,601318,14:54:53,56.6900,91,1
2026-04-07,601318,14:54:57,56.6900,76,2
2026-04-07,601318,14:55:00,56.6900,190,2
2026-04-07,601318,14:55:02,56.6900,183,2
2026-04-07,601318,14:55:06,56.6900,10,2
2026-04-07,601318,14:55:09,56.7000,56,1
2026-04-07,601318,14:55:11,56.7100,225,1
2026-04-07,601318,14:55:15,56.7000,26,2
2026-04-07,601318,14:55:18,56.6900,157,2
2026-04-07,601318,14:55:20,56.7100,96,1
2026-04-07,601318,14:55:23,56.7100,37,1
2026-04-07,601318,14:55:27,56.7000,330,2
2026-04-07,601318,14:55:29,56.6800,226,2
2026-04-07,601318,14:55:32,56.7000,87,1
2026-04-07,601318,14:55:35,56.7000,36,1
2026-04-07,601318,14:55:38,56.7100,273,1
2026-04-07,601318,14:55:41,56.7000,23,2
2026-04-07,601318,14:55:44,56.7000,27,2
2026-04-07,601318,14:55:48,56.7100,179,1
2026-04-07,601318,14:55:50,56.7000,175,2
2026-04-07,601318,14:55:54,56.7000,86,2
2026-04-07,601318,14:55:56,56.7000,222,2
2026-04-07,601318,14:55:59,56.6900,33,2
2026-04-07,601318,14:56:03,56.6900,485,2
2026-04-07,601318,14:56:05,56.7000,379,1
2026-04-07,601318,14:56:08,56.6900,46,2
2026-04-07,601318,14:56:11,56.6900,41,1
2026-04-07,601318,14:56:15,56.6800,43,2
2026-04-07,601318,14:56:17,56.6900,195,1
2026-04-07,601318,14:56:20,56.6900,431,1
2026-04-07,601318,14:56:23,56.6900,32,2
2026-04-07,601318,14:56:26,56.7000,94,1
2026-04-07,601318,14:56:29,56.7000,247,1
2026-04-07,601318,14:56:33,56.7200,188,1
2026-04-07,601318,14:56:36,56.7300,130,1
2026-04-07,601318,14:56:38,56.7300,57,1
2026-04-07,601318,14:56:42,56.7200,42,2
2026-04-07,601318,14:56:44,56.7000,159,2
2026-04-07,601318,14:56:48,56.7000,67,1
2026-04-07,601318,14:56:50,56.7100,96,1
2026-04-07,601318,14:56:54,56.7100,32,2
2026-04-07,601318,14:56:57,56.7100,48,2
2026-04-07,601318,14:56:59,56.7100,39,1
2026-04-07,601318,14:57:03,56.7100,3,1
2026-04-07,601318,15:00:04,56.6900,5381,4
2026-04-07,601318,13:16:59,56.5900,33,1
2026-04-07,601318,13:17:03,56.5800,33,2
2026-04-07,601318,13:17:06,56.5800,139,2
2026-04-07,601318,13:17:08,56.5800,74,1
2026-04-07,601318,13:17:12,56.5800,76,1
2026-04-07,601318,13:17:14,56.5800,97,1
2026-04-07,601318,13:17:17,56.5600,198,2
2026-04-07,601318,13:17:21,56.5600,62,2
2026-04-07,601318,13:17:24,56.5700,53,1
2026-04-07,601318,13:17:26,56.5600,67,2
2026-04-07,601318,13:17:30,56.5800,83,1
2026-04-07,601318,13:17:32,56.5700,63,2
2026-04-07,601318,13:17:36,56.5700,62,2
2026-04-07,601318,13:17:38,56.5600,46,2
2026-04-07,601318,13:17:41,56.5600,200,2
2026-04-07,601318,13:17:44,56.5600,67,1
2026-04-07,601318,13:17:48,56.5700,32,1
2026-04-07,601318,13:17:51,56.5600,11,4
2026-04-07,601318,13:17:54,56.5600,82,1
2026-04-07,601318,13:17:57,56.5600,69,1
2026-04-07,601318,13:18:00,56.5600,32,2
2026-04-07,601318,13:18:03,56.5600,26,2
2026-04-07,601318,13:18:06,56.5600,76,1
2026-04-07,601318,13:18:09,56.5600,24,1
2026-04-07,601318,13:18:12,56.5600,156,1
2026-04-07,601318,13:18:14,56.5600,80,1
2026-04-07,601318,13:18:18,56.5600,83,1
2026-04-07,601318,13:18:21,56.5700,6,1
2026-04-07,601318,13:18:24,56.5600,8,2
2026-04-07,601318,13:18:26,56.5600,94,2
2026-04-07,601318,13:18:30,56.5600,27,2
2026-04-07,601318,13:18:33,56.5600,135,2
2026-04-07,601318,13:18:35,56.5600,50,2
2026-04-07,601318,13:18:38,56.5600,42,2
2026-04-07,601318,13:18:42,56.5600,132,2
2026-04-07,601318,13:18:45,56.5600,40,2
2026-04-07,601318,13:18:48,56.5600,57,2
2026-04-07,601318,13:18:50,56.5600,42,2
2026-04-07,601318,13:18:54,56.5700,28,1
2026-04-07,601318,13:18:57,56.5600,18,2
2026-04-07,601318,13:18:59,56.5600,76,2
2026-04-07,601318,13:19:02,56.5600,26,2
2026-04-07,601318,13:19:06,56.5600,21,2
2026-04-07,601318,13:19:09,56.5700,6,1
2026-04-07,601318,13:19:12,56.5700,19,1
2026-04-07,601318,13:19:14,56.5600,59,2
2026-04-07,601318,13:19:18,56.5600,56,2
2026-04-07,601318,13:19:20,56.5600,71,2
2026-04-07,601318,13:19:24,56.5700,50,1
2026-04-07,601318,13:19:26,56.5600,132,2
2026-04-07,601318,13:19:30,56.5600,97,2
2026-04-07,601318,13:19:32,56.5500,114,2
2026-04-07,601318,13:19:36,56.5600,229,1
2026-04-07,601318,13:19:39,56.5600,43,4
2026-04-07,601318,13:19:42,56.5600,94,1
2026-04-07,601318,13:19:45,56.5600,86,1
2026-04-07,601318,13:19:47,56.5600,167,2
2026-04-07,601318,13:19:51,56.5600,58,1
2026-04-07,601318,13:19:54,56.5600,50,2
2026-04-07,601318,13:19:57,56.5600,4,2
2026-04-07,601318,13:20:00,56.5600,29,2
2026-04-07,601318,13:20:02,56.5700,29,1
2026-04-07,601318,13:20:05,56.5600,9,2
2026-04-07,601318,13:20:08,56.5700,423,1
2026-04-07,601318,13:20:12,56.5700,217,1
2026-04-07,601318,13:20:15,56.5700,153,1
2026-04-07,601318,13:20:18,56.5700,68,1
2026-04-07,601318,13:20:20,56.5700,63,1
2026-04-07,601318,13:20:23,56.5700,21,1
2026-04-07,601318,13:20:26,56.5700,97,2
2026-04-07,601318,13:20:30,56.5700,22,1
2026-04-07,601318,13:20:32,56.5700,51,1
2026-04-07,601318,13:20:36,56.5700,39,1
2026-04-07,601318,13:20:38,56.5700,81,1
2026-04-07,601318,13:20:42,56.5600,153,2
2026-04-07,601318,13:20:45,56.5600,38,2
2026-04-07,601318,13:20:47,56.5700,97,1
2026-04-07,601318,13:20:51,56.5700,9,1
2026-04-07,601318,13:20:53,56.5700,43,1
2026-04-07,601318,13:20:57,56.5700,25,1
2026-04-07,601318,13:20:59,56.5700,16,1
2026-04-07,601318,13:21:03,56.5600,25,2
2026-04-07,601318,13:21:05,56.5600,27,2
2026-04-07,601318,13:21:09,56.5700,20,1
2026-04-07,601318,13:21:12,56.5600,11,2
2026-04-07,601318,13:21:14,56.5700,19,1
2026-04-07,601318,13:21:17,56.5700,397,1
2026-04-07,601318,13:21:21,56.5700,12,1
2026-04-07,601318,13:21:24,56.5700,23,1
2026-04-07,601318,13:21:27,56.5700,16,1
2026-04-07,601318,13:21:29,56.5600,21,2
2026-04-07,601318,13:21:32,56.5600,483,2
2026-04-07,601318,13:21:36,56.5500,1025,2
2026-04-07,601318,13:21:39,56.5700,43,1
2026-04-07,601318,13:21:41,56.5700,149,1
2026-04-07,601318,13:21:45,56.5700,971,1
2026-04-07,601318,13:21:48,56.5700,41,1
2026-04-07,601318,13:21:51,56.5700,344,1
2026-04-07,601318,13:21:53,56.5800,39,1
2026-04-07,601318,13:21:56,56.5800,47,1
2026-04-07,601318,13:21:59,56.5800,81,1
2026-04-07,601318,13:22:03,56.5800,59,1
2026-04-07,601318,13:22:05,56.5900,19,1
2026-04-07,601318,13:22:08,56.5900,53,1
2026-04-07,601318,13:22:12,56.5900,13,1
2026-04-07,601318,13:22:15,56.5900,9,1
2026-04-07,601318,13:22:17,56.5900,20,1
2026-04-07,601318,13:22:21,56.5900,23,1
2026-04-07,601318,13:22:24,56.5800,34,2
2026-04-07,601318,13:22:26,56.5900,67,1
2026-04-07,601318,13:22:30,56.5900,26,1
2026-04-07,601318,13:22:33,56.6000,37,1
2026-04-07,601318,13:22:36,56.6000,47,2
2026-04-07,601318,13:22:38,56.6000,33,2
2026-04-07,601318,13:22:41,56.6100,38,1
2026-04-07,601318,13:22:45,56.6000,22,2
2026-04-07,601318,13:22:47,56.6100,6,1
2026-04-07,601318,13:22:51,56.6100,81,1
2026-04-07,601318,13:22:53,56.6000,50,2
2026-04-07,601318,13:22:56,56.6200,79,1
2026-04-07,601318,13:23:00,56.6100,100,2
2026-04-07,601318,13:23:03,56.6500,32,1
2026-04-07,601318,13:23:06,56.6200,41,2
2026-04-07,601318,13:23:08,56.6400,3,1
2026-04-07,601318,13:23:11,56.6400,19,1
2026-04-07,601318,13:23:15,56.6300,36,2
2026-04-07,601318,13:23:17,56.6400,55,1
2026-04-07,601318,13:23:21,56.6300,55,2
2026-04-07,601318,13:23:23,56.6300,88,2
2026-04-07,601318,13:23:27,56.6100,71,2
2026-04-07,601318,13:23:29,56.6300,27,1
2026-04-07,601318,13:23:33,56.6100,38,2
2026-04-07,601318,13:23:36,56.6100,51,2
2026-04-07,601318,13:23:39,56.6100,65,2
2026-04-07,601318,13:23:41,56.6200,189,1
2026-04-07,601318,13:23:45,56.6100,15,2
2026-04-07,601318,13:23:48,56.6100,56,2
2026-04-07,601318,13:23:51,56.6100,67,2
2026-04-07,601318,13:23:54,56.6300,132,1
2026-04-07,601318,13:23:56,56.6200,75,1
2026-04-07,601318,13:23:59,56.6200,67,1
2026-04-07,601318,13:24:02,56.6200,210,1
2026-04-07,601318,13:24:05,56.6100,12,1
2026-04-07,601318,13:24:09,56.6100,19,1
2026-04-07,601318,13:24:12,56.6100,21,1
2026-04-07,601318,13:24:14,56.6200,79,1
2026-04-07,601318,13:24:18,56.6100,44,2
2026-04-07,601318,13:24:21,56.6100,20,1
2026-04-07,601318,13:24:24,56.6000,17,2
2026-04-07,601318,13:24:26,56.6100,34,1
2026-04-07,601318,13:24:29,56.6100,22,1
2026-04-07,601318,13:24:33,56.6200,70,1
2026-04-07,601318,13:24:36,56.6100,11,2
2026-04-07,601318,13:24:39,56.6100,13,2
2026-04-07,601318,13:24:41,56.6100,33,2
2026-04-07,601318,13:24:45,56.6100,39,2
2026-04-07,601318,13:24:47,56.6100,40,2
2026-04-07,601318,13:24:50,56.6100,78,2
2026-04-07,601318,13:24:53,56.6200,121,1
2026-04-07,601318,13:24:57,56.6000,101,2
2026-04-07,601318,13:25:00,56.6100,21,4
2026-04-07,601318,13:25:03,56.6100,118,1
2026-04-07,601318,13:25:06,56.6000,27,2
2026-04-07,601318,13:25:09,56.6000,72,2
2026-04-07,601318,13:25:12,56.6000,31,2
2026-04-07,601318,13:25:15,56.6100,69,1
2026-04-07,601318,13:25:18,56.6100,19,1
2026-04-07,601318,13:25:21,56.6000,11,2
2026-04-07,601318,13:25:24,56.6000,55,2
2026-04-07,601318,13:25:26,56.6100,18,1
2026-04-07,601318,13:25:30,56.6100,105,1
2026-04-07,601318,13:25:33,56.6000,82,2
2026-04-07,601318,13:25:36,56.6000,77,2
2026-04-07,601318,13:25:38,56.5900,96,2
2026-04-07,601318,13:25:42,56.5900,74,2
2026-04-07,601318,13:25:44,56.5900,105,2
2026-04-07,601318,13:25:48,56.5900,48,2
2026-04-07,601318,13:25:51,56.5900,15,1
2026-04-07,601318,13:25:54,56.5900,29,1
2026-04-07,601318,13:25:57,56.5900,7,1
2026-04-07,601318,13:25:59,56.5800,50,2
2026-04-07,601318,13:26:03,56.5900,57,1
2026-04-07,601318,13:26:05,56.5800,116,2
2026-04-07,601318,13:26:09,56.5800,61,2
2026-04-07,601318,13:26:11,56.5700,91,2
2026-04-07,601318,13:26:15,56.5600,184,2
2026-04-07,601318,13:26:17,56.5600,33,2
2026-04-07,601318,13:26:21,56.5600,158,2
2026-04-07,601318,13:26:24,56.5600,117,2
2026-04-07,601318,13:26:27,56.5700,176,1
2026-04-07,601318,13:26:29,56.5500,146,2
2026-04-07,601318,13:26:32,56.5600,40,1
2026-04-07,601318,13:26:36,56.5500,137,2
2026-04-07,601318,13:26:39,56.5400,185,2
2026-04-07,601318,13:26:42,56.5500,175,4
2026-04-07,601318,13:26:44,56.5400,17,2
2026-04-07,601318,13:26:48,56.5400,77,1
2026-04-07,601318,13:26:50,56.5400,108,1
2026-04-07,601318,13:26:53,56.5300,251,2
2026-04-07,601318,13:26:56,56.5300,66,2
2026-04-07,601318,13:27:00,56.5400,146,1
2026-04-07,601318,13:27:02,56.5300,85,2
2026-04-07,601318,13:27:06,56.5400,45,1
2026-04-07,601318,13:27:09,56.5400,21,1
2026-04-07,601318,13:27:11,56.5300,92,2
2026-04-07,601318,13:27:15,56.5300,171,2
2026-04-07,601318,13:27:18,56.5300,27,2
2026-04-07,601318,13:27:21,56.5300,171,2
2026-04-07,601318,13:27:24,56.5200,118,2
2026-04-07,601318,13:27:26,56.5300,223,1
2026-04-07,601318,13:27:29,56.5300,28,1
2026-04-07,601318,13:27:32,56.5300,81,1
2026-04-07,601318,13:27:35,56.5300,112,1
2026-04-07,601318,13:27:39,56.5300,60,1
2026-04-07,601318,13:27:42,56.5200,52,2
2026-04-07,601318,13:27:45,56.5200,92,2
2026-04-07,601318,13:27:47,56.5200,34,2
2026-04-07,601318,13:27:50,56.5200,353,2
2026-04-07,601318,13:27:53,56.5200,123,2
2026-04-07,601318,13:27:56,56.5100,97,2
2026-04-07,601318,13:28:00,56.5200,117,2
2026-04-07,601318,13:28:03,56.5100,190,2
2026-04-07,601318,13:28:06,56.5100,37,2
2026-04-07,601318,13:28:08,56.5200,39,1
2026-04-07,601318,13:28:12,56.5200,50,1
2026-04-07,601318,13:28:15,56.5200,89,1
2026-04-07,601318,13:28:17,56.5200,182,1
2026-04-07,601318,13:28:21,56.5200,16,1
2026-04-07,601318,13:28:24,56.5200,75,1
2026-04-07,601318,13:28:26,56.5200,54,1
2026-04-07,601318,13:28:30,56.5100,1054,2
2026-04-07,601318,13:28:33,56.5100,276,2
2026-04-07,601318,13:28:36,56.5100,44,2
2026-04-07,601318,13:28:38,56.5100,197,2
2026-04-07,601318,13:28:42,56.5000,221,2
2026-04-07,601318,13:28:45,56.5200,246,1
2026-04-07,601318,13:28:48,56.5200,191,1
2026-04-07,601318,13:28:50,56.5100,22,2
2026-04-07,601318,13:28:53,56.5200,20,1
2026-04-07,601318,13:28:56,56.5100,19,2
2026-04-07,601318,13:29:00,56.5100,18,2
2026-04-07,601318,13:29:03,56.5100,67,2
2026-04-07,601318,13:29:06,56.5200,160,1
2026-04-07,601318,13:29:09,56.5100,80,2
2026-04-07,601318,13:29:11,56.5200,18,1
2026-04-07,601318,13:29:14,56.5100,115,2
2026-04-07,601318,13:29:18,56.5200,20,1
2026-04-07,601318,13:29:21,56.5200,144,1
2026-04-07,601318,13:29:24,56.5200,112,1
2026-04-07,601318,13:29:26,56.5100,93,2
2026-04-07,601318,13:29:30,56.5200,131,1
2026-04-07,601318,13:29:33,56.5200,94,1
2026-04-07,601318,13:29:35,56.5200,51,1
2026-04-07,601318,13:29:39,56.5200,80,1
2026-04-07,601318,13:29:41,56.5200,107,1
2026-04-07,601318,13:29:45,56.5100,171,2
2026-04-07,601318,13:29:48,56.5200,12,1
2026-04-07,601318,13:29:51,56.5200,11,1
2026-04-07,601318,13:29:54,56.5200,574,1
2026-04-07,601318,13:29:56,56.5200,47,1
2026-04-07,601318,13:29:59,56.5200,37,1
2026-04-07,601318,13:30:03,56.5100,51,2
2026-04-07,601318,13:30:06,56.5100,29,2
2026-04-07,601318,13:30:09,56.5100,92,2
2026-04-07,601318,13:30:12,56.5200,10,1
2026-04-07,601318,13:30:14,56.5100,140,2
2026-04-07,601318,13:30:18,56.5200,41,1
2026-04-07,601318,13:30:21,56.5100,146,2
2026-04-07,601318,13:30:24,56.5100,84,1
2026-04-07,601318,13:30:27,56.5100,50,1
2026-04-07,601318,13:30:30,56.5100,201,1
2026-04-07,601318,13:30:33,56.5100,678,1
2026-04-07,601318,13:30:36,56.5000,101,2
2026-04-07,601318,13:30:38,56.4800,3526,2
2026-04-07,601318,13:30:42,56.4700,851,2
2026-04-07,601318,13:30:45,56.4600,159,1
2026-04-07,601318,13:30:47,56.4400,82,2
2026-04-07,601318,13:30:50,56.4300,269,2
2026-04-07,601318,13:30:54,56.4200,123,2
2026-04-07,601318,13:30:57,56.4300,49,1
2026-04-07,601318,13:30:59,56.4400,88,1
2026-04-07,601318,13:31:02,56.4300,204,2
2026-04-07,601318,13:31:05,56.4300,147,1
2026-04-07,601318,13:31:09,56.4500,120,1
2026-04-07,601318,13:31:12,56.4400,105,2
2026-04-07,601318,13:31:14,56.4600,31,1
2026-04-07,601318,13:31:18,56.4600,36,1
2026-04-07,601318,13:31:20,56.4600,48,1
2026-04-07,601318,13:31:24,56.4600,163,1
2026-04-07,601318,13:31:26,56.4600,118,1
2026-04-07,601318,13:31:30,56.4600,62,2
2026-04-07,601318,13:31:32,56.4700,29,4
2026-04-07,601318,13:31:35,56.4700,86,2
2026-04-07,601318,13:31:38,56.4800,158,1
2026-04-07,601318,13:31:42,56.4900,100,1
2026-04-07,601318,13:31:45,56.5000,19,1
2026-04-07,601318,13:31:47,56.5000,150,1
2026-04-07,601318,13:31:51,56.5000,116,1
2026-04-07,601318,13:31:53,56.5100,2,1
2026-04-07,601318,13:31:56,56.5100,120,1
2026-04-07,601318,13:32:00,56.5100,237,1
2026-04-07,601318,13:32:02,56.5200,305,1
2026-04-07,601318,13:32:06,56.5100,51,4
2026-04-07,601318,13:32:09,56.5200,79,1
2026-04-07,601318,13:32:12,56.5200,66,1
2026-04-07,601318,13:32:14,56.5200,66,1
2026-04-07,601318,13:32:18,56.5100,224,2
2026-04-07,601318,13:32:21,56.5200,22,1
2026-04-07,601318,13:32:24,56.5200,58,1
2026-04-07,601318,13:32:27,56.5300,244,1
2026-04-07,601318,13:32:29,56.5300,30,1
2026-04-07,601318,13:32:33,56.5300,43,1
2026-04-07,601318,13:32:36,56.5300,44,1
2026-04-07,601318,13:32:38,56.5300,27,1
2026-04-07,601318,13:32:41,56.5300,46,1
2026-04-07,601318,13:32:45,56.5500,55,1
2026-04-07,601318,13:32:47,56.5400,14,1
2026-04-07,601318,13:32:50,56.5500,65,1
2026-04-07,601318,13:32:53,56.5400,34,4
2026-04-07,601318,13:32:57,56.5400,69,4
2026-04-07,601318,13:32:59,56.5500,50,1
2026-04-07,601318,13:33:03,56.5500,26,1
2026-04-07,601318,13:33:06,56.5500,94,1
2026-04-07,601318,13:33:09,56.5400,29,4
2026-04-07,601318,13:33:12,56.5500,119,1
2026-04-07,601318,13:33:15,56.5400,166,2
2026-04-07,601318,13:33:18,56.5300,240,2
2026-04-07,601318,13:33:20,56.5300,107,2
2026-04-07,601318,13:33:23,56.5300,60,1
2026-04-07,601318,13:33:26,56.5200,78,2
2026-04-07,601318,13:33:29,56.5200,210,2
2026-04-07,601318,13:33:33,56.5300,30,1
2026-04-07,601318,13:33:35,56.5300,35,1
2026-04-07,601318,13:33:39,56.5200,12,2
2026-04-07,601318,13:33:41,56.5200,11,2
2026-04-07,601318,13:33:44,56.5200,9,2
2026-04-07,601318,13:33:48,56.5200,73,2
2026-04-07,601318,13:33:51,56.5200,95,1
2026-04-07,601318,13:33:54,56.5200,76,1
2026-04-07,601318,13:33:56,56.5200,67,1
2026-04-07,601318,13:34:00,56.5200,136,1
2026-04-07,601318,13:34:03,56.5200,24,1
2026-04-07,601318,13:34:06,56.5100,56,2
2026-04-07,601318,13:34:09,56.5200,15,1
2026-04-07,601318,13:34:12,56.5100,23,2
2026-04-07,601318,13:34:15,56.5200,50,1
2026-04-07,601318,13:34:17,56.5100,32,2
2026-04-07,601318,13:34:21,56.5200,81,1
2026-04-07,601318,13:34:23,56.5200,74,1
2026-04-07,601318,13:34:27,56.5200,65,1
2026-04-07,601318,13:34:30,56.5200,186,1
2026-04-07,601318,13:34:33,56.5200,14,2
2026-04-07,601318,13:34:36,56.5300,21,1
2026-04-07,601318,13:34:39,56.5200,78,2
2026-04-07,601318,13:34:42,56.5300,57,1
2026-04-07,601318,13:34:44,56.5300,19,1
2026-04-07,601318,13:34:48,56.5300,112,1
2026-04-07,601318,13:34:50,56.5200,14,2
2026-04-07,601318,13:34:54,56.5300,123,1
2026-04-07,601318,13:34:57,56.5300,50,1
2026-04-07,601318,13:34:59,56.5300,10,1
2026-04-07,601318,13:35:03,56.5300,23,1
2026-04-07,601318,13:35:05,56.5300,79,1
2026-04-07,601318,13:35:09,56.5300,7,1
2026-04-07,601318,13:35:11,56.5200,14,2
2026-04-07,601318,13:35:15,56.5200,117,2
2026-04-07,601318,13:35:17,56.5200,319,2
2026-04-07,601318,13:35:20,56.5100,112,2
2026-04-07,601318,13:35:24,56.5200,99,1
2026-04-07,601318,13:35:27,56.5200,102,1
2026-04-07,601318,13:35:30,56.5100,84,2
2026-04-07,601318,13:35:33,56.5000,109,2
2026-04-07,601318,13:35:36,56.5100,48,2
2026-04-07,601318,13:35:38,56.5000,148,2
2026-04-07,601318,13:35:42,56.5000,34,2
2026-04-07,601318,13:35:45,56.5100,24,1
2026-04-07,601318,13:35:47,56.5000,160,2
2026-04-07,601318,13:35:51,56.5000,40,2
2026-04-07,601318,13:35:53,56.5000,38,2
2026-04-07,601318,13:35:56,56.5000,26,2
2026-04-07,601318,13:35:59,56.5000,103,2
2026-04-07,601318,13:36:03,56.5000,410,2
2026-04-07,601318,13:36:05,56.4900,113,2
2026-04-07,601318,13:36:09,56.5000,147,1
2026-04-07,601318,13:36:11,56.5000,78,1
2026-04-07,601318,13:36:15,56.4900,22,2
2026-04-07,601318,13:36:17,56.4900,38,1
2026-04-07,601318,13:36:21,56.4900,44,1
2026-04-07,601318,13:36:24,56.4900,89,1
2026-04-07,601318,13:36:27,56.4900,26,1
2026-04-07,601318,13:36:30,56.4900,27,1
2026-04-07,601318,13:36:32,56.4900,85,1
2026-04-07,601318,13:36:35,56.4800,58,2
2026-04-07,601318,13:36:38,56.4800,31,2
2026-04-07,601318,13:36:41,56.4800,2,2
2026-04-07,601318,13:36:45,56.4900,151,1
2026-04-07,601318,13:36:48,56.4900,104,1
2026-04-07,601318,13:36:50,56.4900,269,1
2026-04-07,601318,13:36:54,56.4800,96,4
2026-04-07,601318,13:36:56,56.4900,4,1
2026-04-07,601318,13:37:00,56.4900,19,1
2026-04-07,601318,13:37:02,56.4800,134,2
2026-04-07,601318,13:37:05,56.4800,39,2
2026-04-07,601318,13:37:08,56.5000,393,1
2026-04-07,601318,13:37:11,56.5000,10,2
2026-04-07,601318,13:37:14,56.5100,66,1
2026-04-07,601318,13:37:18,56.5100,83,1
2026-04-07,601318,13:37:20,56.5100,33,1
2026-04-07,601318,13:37:24,56.5200,390,1
2026-04-07,601318,13:37:26,56.5400,203,1
2026-04-07,601318,13:37:29,56.5500,45,1
2026-04-07,601318,13:37:33,56.5500,37,1
2026-04-07,601318,13:37:35,56.5500,21,1
2026-04-07,601318,13:37:38,56.5500,20,1
2026-04-07,601318,13:37:42,56.5600,58,1
2026-04-07,601318,13:37:44,56.5500,91,2
2026-04-07,601318,13:37:48,56.5600,80,1
2026-04-07,601318,13:37:51,56.5600,43,1
2026-04-07,601318,13:37:53,56.5500,25,2
2026-04-07,601318,13:37:57,56.5600,35,1
2026-04-07,601318,13:38:00,56.5600,16,1
2026-04-07,601318,13:38:02,56.5600,136,1
2026-04-07,601318,13:38:06,56.5600,69,1
2026-04-07,601318,13:38:08,56.5600,64,2
2026-04-07,601318,13:38:12,56.5700,56,1
2026-04-07,601318,13:38:14,56.5700,44,1
2026-04-07,601318,13:38:18,56.5700,45,1
2026-04-07,601318,13:38:20,56.5600,3,2
2026-04-07,601318,13:38:24,56.5700,382,1
2026-04-07,601318,13:38:27,56.5700,44,1
2026-04-07,601318,13:38:30,56.5700,15,2
2026-04-07,601318,13:38:32,56.5800,42,1
2026-04-07,601318,13:38:36,56.5800,77,1
2026-04-07,601318,13:38:39,56.5800,11,1
2026-04-07,601318,13:38:41,56.5800,153,1
2026-04-07,601318,13:38:45,56.5800,43,1
2026-04-07,601318,13:38:47,56.5800,72,1
2026-04-07,601318,13:38:50,56.5800,12,1
2026-04-07,601318,13:38:54,56.5900,82,1
2026-04-07,601318,13:38:56,56.5900,43,1
2026-04-07,601318,13:39:00,56.5800,49,2
2026-04-07,601318,13:39:03,56.5800,43,2
2026-04-07,601318,13:39:06,56.5800,82,2
2026-04-07,601318,13:39:08,56.6100,1598,1
2026-04-07,601318,13:39:11,56.5800,46,2
2026-04-07,601318,13:39:15,56.5900,149,1
2026-04-07,601318,13:39:18,56.5900,80,1
2026-04-07,601318,13:39:20,56.5800,31,2
2026-04-07,601318,13:39:24,56.5900,14,1
2026-04-07,601318,13:39:27,56.5800,57,2
2026-04-07,601318,13:39:29,56.5900,12,1
2026-04-07,601318,13:39:33,56.5900,116,1
2026-04-07,601318,13:39:36,56.5800,110,2
2026-04-07,601318,13:39:39,56.5900,46,1
2026-04-07,601318,13:39:42,56.5800,45,2
2026-04-07,601318,13:39:44,56.5800,167,2
2026-04-07,601318,13:39:47,56.5800,81,2
2026-04-07,601318,13:39:51,56.5900,155,1
2026-04-07,601318,13:39:54,56.5700,22,2
2026-04-07,601318,13:39:57,56.5700,35,2
2026-04-07,601318,13:40:00,56.5700,65,2
2026-04-07,601318,13:40:02,56.5800,495,1
2026-04-07,601318,13:40:06,56.5600,233,2
2026-04-07,601318,13:40:09,56.5700,71,4
2026-04-07,601318,13:40:11,56.5600,30,2
2026-04-07,601318,13:40:14,56.5600,145,2
2026-04-07,601318,13:40:18,56.5500,144,2
2026-04-07,601318,13:40:20,56.5600,63,1
2026-04-07,601318,13:40:24,56.5400,84,2
2026-04-07,601318,13:40:26,56.5400,69,1
2026-04-07,601318,13:40:29,56.5200,163,2
2026-04-07,601318,13:40:33,56.5300,196,1
2026-04-07,601318,13:40:35,56.5200,148,1
2026-04-07,601318,13:40:38,56.5300,89,4
2026-04-07,601318,13:40:41,56.5300,30,2
2026-04-07,601318,13:40:45,56.5400,120,1
2026-04-07,601318,13:40:47,56.5300,217,2
2026-04-07,601318,13:40:51,56.5300,84,1
2026-04-07,601318,13:40:53,56.5300,60,1
2026-04-07,601318,13:40:57,56.5300,37,1
2026-04-07,601318,13:41:00,56.5300,69,1
2026-04-07,601318,13:41:02,56.5300,182,2
2026-04-07,601318,13:41:05,56.5300,84,2
2026-04-07,601318,13:41:08,56.5300,114,2
2026-04-07,601318,13:41:12,56.5400,5,1
2026-04-07,601318,13:41:15,56.5300,128,2
2026-04-07,601318,13:41:17,56.5300,73,2
2026-04-07,601318,13:41:21,56.5300,77,1
2026-04-07,601318,13:41:24,56.5300,48,1
2026-04-07,601318,13:41:26,56.5300,140,1
2026-04-07,601318,13:41:30,56.5300,5,1
2026-04-07,601318,13:41:33,56.5300,66,1
2026-04-07,601318,13:41:36,56.5200,176,2
2026-04-07,601318,13:41:39,56.5300,59,1
2026-04-07,601318,13:41:42,56.5200,72,2
2026-04-07,601318,13:41:45,56.5300,73,1
2026-04-07,601318,13:41:48,56.5200,172,2
2026-04-07,601318,13:41:50,56.5200,138,1
2026-04-07,601318,13:41:53,56.5200,16,1
2026-04-07,601318,13:41:57,56.5200,48,1
2026-04-07,601318,13:42:00,56.5100,81,2
2026-04-07,601318,13:42:03,56.5100,63,2
2026-04-07,601318,13:42:06,56.5000,55,2
2026-04-07,601318,13:42:09,56.5100,332,1
2026-04-07,601318,13:42:11,56.5000,66,2
2026-04-07,601318,13:42:15,56.5000,45,2
2026-04-07,601318,13:42:17,56.5000,91,2
2026-04-07,601318,13:42:20,56.5100,65,1
2026-04-07,601318,13:42:23,56.5100,24,1
2026-04-07,601318,13:42:27,56.5000,90,2
2026-04-07,601318,13:42:29,56.5100,67,1
2026-04-07,601318,13:42:33,56.5000,86,2
2026-04-07,601318,13:42:36,56.5000,96,1
2026-04-07,601318,13:42:39,56.4900,32,2
2026-04-07,601318,13:42:41,56.4900,129,2
2026-04-07,601318,13:42:45,56.4900,31,1
2026-04-07,601318,13:42:47,56.4900,13,1
2026-04-07,601318,13:42:51,56.4800,19,2
2026-04-07,601318,13:42:54,56.4800,82,2
2026-04-07,601318,13:42:57,56.4900,275,1
2026-04-07,601318,13:43:00,56.4800,15,2
2026-04-07,601318,13:43:03,56.4800,114,2
2026-04-07,601318,13:43:06,56.4800,103,4
2026-04-07,601318,13:43:08,56.4800,40,1
2026-04-07,601318,13:43:12,56.4800,84,1
2026-04-07,601318,13:43:14,56.4800,348,1
2026-04-07,601318,13:43:17,56.4800,176,2
2026-04-07,601318,13:43:21,56.4800,39,1
2026-04-07,601318,13:43:23,56.4700,93,2
2026-04-07,601318,13:43:27,56.4700,43,2
2026-04-07,601318,13:43:29,56.4700,38,2
2026-04-07,601318,13:43:32,56.4700,97,2
2026-04-07,601318,13:43:36,56.4600,50,2
2026-04-07,601318,13:43:39,56.4700,144,1
2026-04-07,601318,13:43:41,56.4600,163,2
2026-04-07,601318,13:43:44,56.4600,148,2
2026-04-07,601318,13:43:47,56.4500,177,2
2026-04-07,601318,13:43:51,56.4600,132,1
2026-04-07,601318,13:43:53,56.4500,227,2
2026-04-07,601318,13:43:57,56.4400,237,2
2026-04-07,601318,13:44:00,56.4500,70,1
2026-04-07,601318,13:44:03,56.4500,22,1
2026-04-07,601318,13:44:06,56.4400,63,2
2026-04-07,601318,13:44:09,56.4500,72,1
2026-04-07,601318,13:44:12,56.4500,42,1
2026-04-07,601318,13:44:15,56.4400,404,2
2026-04-07,601318,13:44:18,56.4500,247,1
2026-04-07,601318,13:44:20,56.4500,98,1
2026-04-07,601318,13:44:24,56.4400,114,2
2026-04-07,601318,13:44:27,56.4300,114,2
2026-04-07,601318,13:44:30,56.4400,72,1
2026-04-07,601318,13:44:32,56.4400,53,1
2026-04-07,601318,13:44:36,56.4500,32,1
2026-04-07,601318,13:44:38,56.4400,137,2
2026-04-07,601318,13:44:41,56.4500,66,1
2026-04-07,601318,13:44:45,56.4400,62,2
2026-04-07,601318,13:44:48,56.4400,106,2
2026-04-07,601318,13:44:50,56.4500,203,1
2026-04-07,601318,13:44:54,56.4500,75,1
2026-04-07,601318,13:44:57,56.4500,150,1
2026-04-07,601318,13:44:59,56.4500,33,1
2026-04-07,601318,13:45:02,56.4400,60,2
2026-04-07,601318,13:45:06,56.4500,127,1
2026-04-07,601318,13:45:08,56.4500,48,1
2026-04-07,601318,13:45:12,56.4500,59,1
2026-04-07,601318,13:45:15,56.4400,240,2
2026-04-07,601318,13:45:18,56.4400,293,2
2026-04-07,601318,13:45:21,56.4400,154,1
2026-04-07,601318,13:45:24,56.4400,39,1
2026-04-07,601318,13:45:27,56.4400,99,1
2026-04-07,601318,13:45:30,56.4400,249,1
2026-04-07,601318,13:45:33,56.4400,111,1
2026-04-07,601318,13:45:35,56.4500,16,1
2026-04-07,601318,13:45:39,56.4400,134,2
2026-04-07,601318,13:45:41,56.4400,42,2
2026-04-07,601318,13:45:45,56.4400,38,2
2026-04-07,601318,13:45:47,56.4500,333,1
2026-04-07,601318,13:45:51,56.4600,116,1
2026-04-07,601318,13:45:54,56.4600,138,4
2026-04-07,601318,13:45:57,56.4700,23,1
2026-04-07,601318,13:45:59,56.4700,24,1
2026-04-07,601318,13:46:03,56.4600,54,2
2026-04-07,601318,13:46:05,56.4600,43,2
2026-04-07,601318,13:46:08,56.4700,73,1
2026-04-07,601318,13:46:12,56.4700,331,1
2026-04-07,601318,13:46:15,56.4800,180,1
2026-04-07,601318,13:46:17,56.4800,33,1
2026-04-07,601318,13:46:20,56.4800,12,1
2026-04-07,601318,13:46:24,56.4700,33,2
2026-04-07,601318,13:46:27,56.4800,10,1
2026-04-07,601318,13:46:30,56.4800,56,1
2026-04-07,601318,13:46:32,56.4800,18,1
2026-04-07,601318,13:46:36,56.4700,41,2
2026-04-07,601318,13:46:38,56.4700,129,2
2026-04-07,601318,13:46:42,56.4700,61,2
2026-04-07,601318,13:46:44,56.4700,73,2
2026-04-07,601318,13:46:47,56.4800,33,1
2026-04-07,601318,13:46:51,56.4800,25,1
2026-04-07,601318,13:46:53,56.4700,77,2
2026-04-07,601318,13:46:57,56.4800,126,1
2026-04-07,601318,13:47:00,56.4700,259,2
2026-04-07,601318,13:47:03,56.4700,190,1
2026-04-07,601318,13:47:05,56.4700,166,1
2026-04-07,601318,13:47:09,56.4400,485,2
2026-04-07,601318,13:47:12,56.4500,155,1
2026-04-07,601318,13:47:15,56.4300,33,2
2026-04-07,601318,13:47:17,56.4400,169,1
2026-04-07,601318,13:47:20,56.4400,108,1
2026-04-07,601318,13:47:24,56.4300,237,2
2026-04-07,601318,13:47:26,56.4400,55,1
2026-04-07,601318,13:47:30,56.4400,19,1
2026-04-07,601318,13:47:32,56.4400,59,1
2026-04-07,601318,13:47:35,56.4300,122,2
2026-04-07,601318,13:47:39,56.4300,32,2
2026-04-07,601318,13:47:41,56.4300,38,2
2026-04-07,601318,13:47:45,56.4300,25,2
2026-04-07,601318,13:47:48,56.4300,49,2
2026-04-07,601318,13:47:51,56.4400,90,1
2026-04-07,601318,13:47:54,56.4300,54,2
2026-04-07,601318,13:47:56,56.4300,426,2
2026-04-07,601318,13:47:59,56.4300,223,2
2026-04-07,601318,13:48:03,56.4300,46,1
2026-04-07,601318,13:48:06,56.4200,710,2
2026-04-07,601318,13:48:09,56.4200,185,2
2026-04-07,601318,13:48:11,56.4100,215,2
2026-04-07,601318,13:48:15,56.4100,336,2
2026-04-07,601318,13:48:17,56.4200,111,1
2026-04-07,601318,13:48:20,56.4100,190,2
2026-04-07,601318,13:48:24,56.4100,88,2
2026-04-07,601318,13:48:26,56.4100,34,2
2026-04-07,601318,13:48:30,56.4100,89,2
2026-04-07,601318,13:48:32,56.4200,115,1
2026-04-07,601318,13:48:36,56.4200,22,1
2026-04-07,601318,13:48:39,56.4200,65,1
2026-04-07,601318,13:48:42,56.4100,63,2
2026-04-07,601318,13:48:44,56.4200,35,1
2026-04-07,601318,13:48:47,56.4200,59,1
2026-04-07,601318,13:48:50,56.4100,566,2
2026-04-07,601318,13:48:53,56.4300,81,1
2026-04-07,601318,13:48:56,56.4300,93,1
2026-04-07,601318,13:49:00,56.4300,64,1
2026-04-07,601318,13:49:03,56.4300,21,1
2026-04-07,601318,13:49:06,56.4200,160,2
2026-04-07,601318,13:49:08,56.4400,280,1
2026-04-07,601318,13:49:11,56.4300,36,2
2026-04-07,601318,13:49:15,56.4500,20,1
2026-04-07,601318,13:49:18,56.4500,34,1
2026-04-07,601318,13:49:21,56.4600,165,1
2026-04-07,601318,13:49:23,56.4700,33,1
2026-04-07,601318,13:49:26,56.4600,19,2
2026-04-07,601318,13:49:29,56.4600,136,2
2026-04-07,601318,13:49:33,56.4600,95,1
2026-04-07,601318,13:49:35,56.4500,89,2
2026-04-07,601318,13:49:38,56.4600,29,1
2026-04-07,601318,13:49:41,56.4500,24,2
2026-04-07,601318,13:49:45,56.4600,86,1
2026-04-07,601318,13:49:47,56.4600,22,1
2026-04-07,601318,13:49:50,56.4600,13,1
2026-04-07,601318,13:49:54,56.4600,66,1
2026-04-07,601318,13:49:57,56.4500,49,2
2026-04-07,601318,13:50:00,56.4500,121,2
2026-04-07,601318,13:50:03,56.4500,30,2
2026-04-07,601318,13:50:06,56.4500,64,2
2026-04-07,601318,13:50:09,56.4500,6,2
2026-04-07,601318,13:50:12,56.4500,68,2
2026-04-07,601318,13:50:14,56.4500,83,2
2026-04-07,601318,13:50:17,56.4600,82,1
2026-04-07,601318,13:50:20,56.4500,55,2
2026-04-07,601318,13:50:24,56.4400,53,2
2026-04-07,601318,13:50:27,56.4500,43,1
2026-04-07,601318,13:50:29,56.4400,84,2
2026-04-07,601318,13:50:33,56.4400,69,1
2026-04-07,601318,13:50:36,56.4300,61,2
2026-04-07,601318,13:50:39,56.4300,33,2
2026-04-07,601318,13:50:42,56.4300,68,2
2026-04-07,601318,13:50:45,56.4300,91,2
2026-04-07,601318,13:50:47,56.4400,24,1
2026-04-07,601318,13:50:50,56.4300,44,2
2026-04-07,601318,13:50:53,56.4200,111,2
2026-04-07,601318,13:50:57,56.4300,548,1
2026-04-07,601318,13:51:00,56.4400,72,4
2026-04-07,601318,13:51:03,56.4500,7,1
2026-04-07,601318,13:51:05,56.4500,1,1
2026-04-07,601318,13:51:09,56.4600,356,1
2026-04-07,601318,13:51:12,56.4800,474,1
2026-04-07,601318,13:51:15,56.4800,85,1
2026-04-07,601318,13:51:18,56.4900,39,1
2026-04-07,601318,13:51:21,56.4900,46,1
2026-04-07,601318,13:51:23,56.4900,101,2
2026-04-07,601318,13:51:27,56.5000,28,1
2026-04-07,601318,13:51:29,56.4900,10,2
2026-04-07,601318,13:51:33,56.5000,86,1
2026-04-07,601318,13:51:36,56.4900,171,2
2026-04-07,601318,13:51:39,56.4900,45,2
2026-04-07,601318,13:51:41,56.4900,485,1
2026-04-07,601318,13:51:45,56.4900,26,2
2026-04-07,601318,13:51:48,56.5100,2,1
2026-04-07,601318,13:51:51,56.4900,129,2
2026-04-07,601318,13:51:53,56.5000,34,4
2026-04-07,601318,13:51:57,56.5000,20,1
2026-04-07,601318,13:52:00,56.5000,4,1
2026-04-07,601318,13:52:03,56.5000,23,1
2026-04-07,601318,13:52:06,56.5000,35,1
2026-04-07,601318,13:52:08,56.5000,16,1
2026-04-07,601318,13:52:12,56.5000,18,1
2026-04-07,601318,13:52:14,56.5000,153,1
2026-04-07,601318,13:52:17,56.5000,80,1
2026-04-07,601318,13:52:21,56.4900,62,2
2026-04-07,601318,13:52:24,56.4900,47,2
2026-04-07,601318,13:52:26,56.5000,35,1
2026-04-07,601318,13:52:29,56.5000,81,1
2026-04-07,601318,13:52:33,56.5000,130,1
2026-04-07,601318,13:52:35,56.5000,95,1
2026-04-07,601318,13:52:38,56.5000,2,1
2026-04-07,601318,13:52:42,56.4900,76,2
2026-04-07,601318,13:52:44,56.4900,26,2
2026-04-07,601318,13:52:47,56.4900,22,2
2026-04-07,601318,13:52:51,56.5000,87,1
2026-04-07,601318,13:52:53,56.4900,117,2
2026-04-07,601318,13:52:56,56.5000,65,1
2026-04-07,601318,13:53:00,56.4900,76,2
2026-04-07,601318,13:53:03,56.4900,105,1
2026-04-07,601318,13:53:06,56.4900,31,2
2026-04-07,601318,13:53:08,56.4900,54,2
2026-04-07,601318,13:53:12,56.4900,22,2
2026-04-07,601318,13:53:14,56.5000,51,1
2026-04-07,601318,13:53:18,56.4900,150,2
2026-04-07,601318,13:53:21,56.4900,29,1
2026-04-07,601318,13:53:24,56.5000,1386,1
2026-04-07,601318,13:53:27,56.5300,71,1
2026-04-07,601318,13:53:29,56.5300,82,1
2026-04-07,601318,13:53:32,56.5400,63,1
2026-04-07,601318,13:53:36,56.5300,81,2
2026-04-07,601318,13:53:38,56.5400,90,1
2026-04-07,601318,13:53:41,56.5500,59,1
2026-04-07,601318,13:53:45,56.5500,41,2
2026-04-07,601318,13:53:48,56.5600,21,1
2026-04-07,601318,13:53:50,56.5500,125,2
2026-04-07,601318,13:53:54,56.5600,22,1
2026-04-07,601318,13:53:57,56.5600,159,1
2026-04-07,601318,13:54:00,56.5600,42,1
2026-04-07,601318,13:54:02,56.5500,83,2
2026-04-07,601318,13:54:06,56.5500,270,2
2026-04-07,601318,13:54:08,56.5600,106,1
2026-04-07,601318,13:54:12,56.5500,146,2
2026-04-07,601318,13:54:14,56.5500,74,2
2026-04-07,601318,13:54:17,56.5600,27,1
2026-04-07,601318,13:54:20,56.5500,82,2
2026-04-07,601318,13:54:23,56.5300,87,2
2026-04-07,601318,13:54:27,56.5400,51,1
2026-04-07,601318,13:54:30,56.5400,160,1
2026-04-07,601318,13:54:32,56.5400,20,1
2026-04-07,601318,13:54:36,56.5300,20,2
2026-04-07,601318,13:54:39,56.5500,2,1
2026-04-07,601318,13:54:42,56.5400,18,2
2026-04-07,601318,13:54:44,56.5400,36,2
2026-04-07,601318,13:54:48,56.5400,31,4
2026-04-07,601318,13:54:50,56.5400,9,2
2026-04-07,601318,13:54:54,56.5500,30,1
2026-04-07,601318,13:54:56,56.5300,16,2
2026-04-07,601318,13:54:59,56.5400,41,4
2026-04-07,601318,13:55:03,56.5300,29,2
2026-04-07,601318,13:55:06,56.5400,184,1
2026-04-07,601318,13:55:08,56.5400,45,1
2026-04-07,601318,13:55:11,56.5300,30,2
2026-04-07,601318,13:55:14,56.5500,270,1
2026-04-07,601318,13:55:17,56.5500,46,1
2026-04-07,601318,13:55:21,56.5500,16,1
2026-04-07,601318,13:55:23,56.5400,65,2
2026-04-07,601318,13:55:27,56.5400,10,2
2026-04-07,601318,13:55:30,56.5500,235,1
2026-04-07,601318,13:55:32,56.5500,104,2
2026-04-07,601318,13:55:36,56.5500,38,2
2026-04-07,601318,13:55:39,56.5600,49,1
2026-04-07,601318,13:55:42,56.5600,28,1
2026-04-07,601318,13:55:45,56.5600,94,1
2026-04-07,601318,13:55:47,56.5500,105,2
2026-04-07,601318,13:55:51,56.5500,8,2
2026-04-07,601318,13:55:54,56.5600,48,1
2026-04-07,601318,13:55:57,56.5500,137,2
2026-04-07,601318,13:56:00,56.5500,201,2
2026-04-07,601318,13:56:02,56.5600,68,1
2026-04-07,601318,13:56:06,56.5500,26,2
2026-04-07,601318,13:56:08,56.5500,159,1
2026-04-07,601318,13:56:11,56.5500,45,2
2026-04-07,601318,13:56:14,56.5500,34,2
2026-04-07,601318,13:56:17,56.5500,47,2
2026-04-07,601318,13:56:20,56.5500,184,1
2026-04-07,601318,13:56:24,56.5400,50,2
2026-04-07,601318,13:56:27,56.5500,149,1
2026-04-07,601318,13:56:30,56.5600,36,1
2026-04-07,601318,13:56:33,56.5600,54,1
2026-04-07,601318,13:56:36,56.5600,59,1
2026-04-07,601318,13:56:38,56.5600,13,1
2026-04-07,601318,13:56:42,56.5600,7,1
2026-04-07,601318,13:56:45,56.5600,261,1
2026-04-07,601318,13:56:47,56.5600,29,1
2026-04-07,601318,13:56:50,56.5600,61,1
2026-04-07,601318,13:56:54,56.5600,307,1
2026-04-07,601318,13:56:56,56.5600,24,1
2026-04-07,601318,13:57:00,56.5600,29,2
2026-04-07,601318,13:57:02,56.5700,33,1
2026-04-07,601318,13:57:06,56.5700,101,1
2026-04-07,601318,13:57:09,56.5700,14,1
2026-04-07,601318,13:57:12,56.5700,7,1
2026-04-07,601318,13:57:15,56.5700,12,1
2026-04-07,601318,13:57:18,56.5800,180,1
2026-04-07,601318,13:57:20,56.5800,15,1
2026-04-07,601318,13:57:23,56.5700,24,2
2026-04-07,601318,13:57:27,56.5800,270,1
2026-04-07,601318,13:57:29,56.5800,14,1
2026-04-07,601318,13:57:33,56.5800,40,1
2026-04-07,601318,13:57:35,56.5700,27,2
2026-04-07,601318,13:57:39,56.5800,60,1
2026-04-07,601318,13:57:42,56.5800,23,1
2026-04-07,601318,13:57:45,56.5800,124,1
2026-04-07,601318,13:57:47,56.5800,67,1
2026-04-07,601318,13:57:51,56.5800,28,1
2026-04-07,601318,13:57:54,56.5800,39,1
2026-04-07,601318,13:57:56,56.5700,85,2
2026-04-07,601318,13:57:59,56.5800,338,1
2026-04-07,601318,13:58:02,56.5700,36,2
2026-04-07,601318,13:58:06,56.5800,92,1
2026-04-07,601318,13:58:08,56.5800,17,2
2026-04-07,601318,13:58:11,56.5800,181,2
2026-04-07,601318,13:58:14,56.5800,82,1
2026-04-07,601318,13:58:18,56.5800,80,1
2026-04-07,601318,13:58:21,56.5900,13,1
2026-04-07,601318,13:58:23,56.5800,91,2
2026-04-07,601318,13:58:27,56.5800,69,2
2026-04-07,601318,13:58:29,56.5800,49,2
2026-04-07,601318,13:58:33,56.5800,69,1
2026-04-07,601318,13:58:36,56.5800,23,1
2026-04-07,601318,13:58:38,56.5800,46,1
2026-04-07,601318,13:58:41,56.5800,4,1
2026-04-07,601318,13:58:45,56.5800,7,1
2026-04-07,601318,13:58:48,56.5800,35,1
2026-04-07,601318,13:58:51,56.5700,78,2
2026-04-07,601318,13:58:54,56.5800,22,1
2026-04-07,601318,13:58:57,56.5800,26,1
2026-04-07,601318,13:58:59,56.5700,13,2
2026-04-07,601318,13:59:03,56.5800,308,1
2026-04-07,601318,13:59:05,56.5700,353,2
2026-04-07,601318,13:59:09,56.5800,519,1
2026-04-07,601318,13:59:12,56.5700,81,1
2026-04-07,601318,13:59:15,56.5700,89,1
2026-04-07,601318,13:59:18,56.5900,14,1
2026-04-07,601318,13:59:20,56.6000,78,1
2026-04-07,601318,13:59:23,56.6000,97,1
2026-04-07,601318,13:59:27,56.6000,76,2
2026-04-07,601318,13:59:29,56.6100,20,1
2026-04-07,601318,13:59:33,56.6100,62,1
2026-04-07,601318,13:59:36,56.6100,70,1
2026-04-07,601318,13:59:39,56.6100,51,2
2026-04-07,601318,13:59:41,56.6200,25,1
2026-04-07,601318,13:59:44,56.6200,64,1
2026-04-07,601318,13:59:47,56.6200,23,1
2026-04-07,601318,13:59:51,56.6300,65,1
2026-04-07,601318,13:59:54,56.6300,12,1
2026-04-07,601318,13:59:56,56.6300,5,1
2026-04-07,601318,14:00:00,56.6300,171,1
2026-04-07,601318,14:00:02,56.6300,21,1
2026-04-07,601318,14:00:05,56.6300,118,1
2026-04-07,601318,14:00:09,56.6200,31,2
2026-04-07,601318,14:00:11,56.6200,7,1
2026-04-07,601318,14:00:15,56.6100,53,2
2026-04-07,601318,14:00:17,56.6100,26,2
2026-04-07,601318,14:00:21,56.6200,91,1
2026-04-07,601318,14:00:23,56.6100,148,2
2026-04-07,601318,14:00:26,56.6100,128,1
2026-04-07,601318,14:00:29,56.6100,89,1
2026-04-07,601318,14:00:32,56.5900,83,2
2026-04-07,601318,14:00:36,56.5900,60,2
2026-04-07,601318,14:00:39,56.6000,36,1
2026-04-07,601318,14:00:42,56.5900,62,2
2026-04-07,601318,14:00:44,56.6000,26,1
2026-04-07,601318,14:00:47,56.6000,132,1
2026-04-07,601318,14:00:51,56.6000,10,2
2026-04-07,601318,14:00:53,56.6000,82,2
2026-04-07,601318,14:00:56,56.6000,63,2
2026-04-07,601318,14:01:00,56.6000,31,2
2026-04-07,601318,14:01:03,56.6300,533,1
2026-04-07,601318,14:01:06,56.6400,87,1
2026-04-07,601318,14:01:09,56.6500,87,1
2026-04-07,601318,14:01:11,56.6600,290,1
2026-04-07,601318,14:01:14,56.6600,81,1
2026-04-07,601318,14:01:18,56.6700,46,1
2026-04-07,601318,14:01:20,56.6700,17,1
2026-04-07,601318,14:01:24,56.6600,37,2
2026-04-07,601318,14:01:26,56.6700,70,1
2026-04-07,601318,14:01:29,56.6700,66,1
2026-04-07,601318,14:01:33,56.6600,69,2
2026-04-07,601318,14:01:35,56.6700,37,1
2026-04-07,601318,14:01:38,56.6700,188,1
2026-04-07,601318,14:01:42,56.6700,104,2
2026-04-07,601318,14:01:44,56.6700,86,2
2026-04-07,601318,14:01:47,56.6700,80,1
2026-04-07,601318,14:01:51,56.6800,69,1
2026-04-07,601318,14:01:53,56.6700,350,2
2026-04-07,601318,14:01:57,56.6800,45,1
2026-04-07,601318,14:01:59,56.6800,24,1
2026-04-07,601318,14:02:02,56.6700,44,2
2026-04-07,601318,14:02:06,56.6800,34,1
2026-04-07,601318,14:02:08,56.6800,31,1
2026-04-07,601318,14:02:12,56.6800,50,1
2026-04-07,601318,14:02:14,56.6800,35,1
2026-04-07,601318,14:02:17,56.6800,8,1
2026-04-07,601318,14:02:20,56.6700,17,2
2026-04-07,601318,14:02:24,56.6700,35,2
2026-04-07,601318,14:02:27,56.6800,109,1
2026-04-07,601318,14:02:30,56.6700,17,2
2026-04-07,601318,14:02:33,56.6700,111,2
2026-04-07,601318,14:02:36,56.6700,312,2
2026-04-07,601318,14:02:39,56.6700,106,1
2026-04-07,601318,14:02:41,56.6700,47,1
2026-04-07,601318,14:02:45,56.6600,94,2
2026-04-07,601318,14:02:48,56.6700,108,1
2026-04-07,601318,14:02:51,56.6500,127,2
2026-04-07,601318,14:02:54,56.6700,50,1
2026-04-07,601318,14:02:56,56.6600,7,2
2026-04-07,601318,14:02:59,56.6600,60,2
2026-04-07,601318,14:03:03,56.6500,181,2
2026-04-07,601318,14:03:06,56.6600,35,1
2026-04-07,601318,14:03:09,56.6500,50,2
2026-04-07,601318,14:03:11,56.6700,44,1
2026-04-07,601318,14:03:14,56.6600,41,2
2026-04-07,601318,14:03:17,56.6700,10,1
2026-04-07,601318,14:03:21,56.6600,54,2
2026-04-07,601318,14:03:23,56.6700,48,1
2026-04-07,601318,14:03:27,56.6700,5,1
2026-04-07,601318,14:03:29,56.6700,41,1
2026-04-07,601318,14:03:33,56.6700,20,2
2026-04-07,601318,14:03:36,56.6800,228,1
2026-04-07,601318,14:03:39,56.6800,40,1
2026-04-07,601318,14:03:42,56.6800,208,1
2026-04-07,601318,14:03:45,56.6800,62,2
2026-04-07,601318,14:03:48,56.6900,26,1
2026-04-07,601318,14:03:51,56.6800,25,2
2026-04-07,601318,14:03:54,56.7000,220,1
2026-04-07,601318,14:03:56,56.7100,24,1
2026-04-07,601318,14:04:00,56.7100,5,1
2026-04-07,601318,14:04:02,56.7000,28,2
2026-04-07,601318,14:04:05,56.7000,15,2
2026-04-07,601318,14:04:09,56.7100,70,1
2026-04-07,601318,14:04:12,56.7000,64,2
2026-04-07,601318,14:04:14,56.7100,30,1
2026-04-07,601318,14:04:18,56.7100,44,1
2026-04-07,601318,14:04:21,56.7100,140,1
2026-04-07,601318,14:04:24,56.7100,16,2
2026-04-07,601318,14:04:27,56.7100,58,2
2026-04-07,601318,14:04:29,56.7200,33,1
2026-04-07,601318,14:04:33,56.7100,20,2
2026-04-07,601318,14:04:36,56.7100,17,2
2026-04-07,601318,14:04:39,56.7200,24,1
2026-04-07,601318,14:04:42,56.7200,30,1
2026-04-07,601318,14:04:45,56.7100,33,2
2026-04-07,601318,14:04:47,56.7200,92,1
2026-04-07,601318,14:04:51,56.7200,73,1
2026-04-07,601318,14:04:53,56.7200,123,1
2026-04-07,601318,14:04:56,56.7200,73,1
2026-04-07,601318,14:05:00,56.7100,47,2
2026-04-07,601318,14:05:02,56.7100,120,2
2026-04-07,601318,14:05:05,56.7100,44,2
2026-04-07,601318,14:05:08,56.7000,81,2
2026-04-07,601318,14:05:11,56.7000,55,2
2026-04-07,601318,14:05:15,56.7000,52,2
2026-04-07,601318,14:05:18,56.6900,64,2
2026-04-07,601318,14:05:21,56.6800,38,2
2026-04-07,601318,14:05:24,56.6800,117,2
2026-04-07,601318,14:05:27,56.6700,26,2
2026-04-07,601318,14:05:29,56.6700,55,2
2026-04-07,601318,14:05:33,56.6800,67,1
2026-04-07,601318,14:05:35,56.6700,97,2
2026-04-07,601318,14:05:38,56.6700,157,2
2026-04-07,601318,14:05:42,56.6600,112,2
2026-04-07,601318,14:05:45,56.6700,32,1
2026-04-07,601318,14:05:47,56.6600,43,2
2026-04-07,601318,14:05:51,56.6700,108,1
2026-04-07,601318,14:05:54,56.6600,232,2
2026-04-07,601318,14:05:57,56.6800,86,1
2026-04-07,601318,14:05:59,56.6600,47,2
2026-04-07,601318,14:06:02,56.6600,32,2
2026-04-07,601318,14:06:06,56.6600,81,1
2026-04-07,601318,14:06:09,56.6500,27,2
2026-04-07,601318,14:06:12,56.6600,44,1
2026-04-07,601318,14:06:14,56.6500,71,2
2026-04-07,601318,14:06:18,56.6500,66,2
2026-04-07,601318,14:06:21,56.6600,34,1
2026-04-07,601318,14:06:23,56.6500,53,2
2026-04-07,601318,14:06:27,56.6500,44,1
2026-04-07,601318,14:06:30,56.6500,57,1
2026-04-07,601318,14:06:32,56.6600,140,1
2026-04-07,601318,14:06:36,56.6600,98,2
2026-04-07,601318,14:06:39,56.6700,47,1
2026-04-07,601318,14:06:41,56.6600,122,2
2026-04-07,601318,14:06:44,56.6700,81,1
2026-04-07,601318,14:06:48,56.6700,31,1
2026-04-07,601318,14:06:51,56.6700,40,1
2026-04-07,601318,14:06:53,56.6500,92,2
2026-04-07,601318,14:06:57,56.6700,45,1
2026-04-07,601318,10:56:56,56.9400,16,2
2026-04-07,601318,10:57:00,56.9400,23,2
2026-04-07,601318,10:57:03,56.9400,20,2
2026-04-07,601318,10:57:05,56.9400,51,2
2026-04-07,601318,10:57:09,56.9500,22,1
2026-04-07,601318,10:57:11,56.9400,11,2
2026-04-07,601318,10:57:15,56.9500,28,1
2026-04-07,601318,10:57:18,56.9400,54,2
2026-04-07,601318,10:57:20,56.9500,32,1
2026-04-07,601318,10:57:23,56.9400,102,2
2026-04-07,601318,10:57:27,56.9500,50,1
2026-04-07,601318,10:57:29,56.9500,42,1
2026-04-07,601318,10:57:33,56.9400,73,2
2026-04-07,601318,10:57:36,56.9500,36,2
2026-04-07,601318,10:57:38,56.9500,33,1
2026-04-07,601318,10:57:41,56.9500,14,2
2026-04-07,601318,10:57:44,56.9500,25,2
2026-04-07,601318,10:57:48,56.9500,16,1
2026-04-07,601318,10:57:51,56.9500,3,2
2026-04-07,601318,10:57:53,56.9400,22,2
2026-04-07,601318,10:57:57,56.9500,15,1
2026-04-07,601318,10:58:00,56.9500,3,2
2026-04-07,601318,10:58:03,56.9500,2,2
2026-04-07,601318,10:58:06,56.9600,27,1
2026-04-07,601318,10:58:09,56.9600,19,1
2026-04-07,601318,10:58:11,56.9500,18,2
2026-04-07,601318,10:58:15,56.9600,11,1
2026-04-07,601318,10:58:18,56.9600,5,1
2026-04-07,601318,10:58:20,56.9500,2,2
2026-04-07,601318,10:58:23,56.9500,26,2
2026-04-07,601318,10:58:27,56.9500,33,2
2026-04-07,601318,10:58:29,56.9600,9,1
2026-04-07,601318,10:58:33,56.9500,71,2
2026-04-07,601318,10:58:36,56.9400,47,2
2026-04-07,601318,10:58:39,56.9400,57,2
2026-04-07,601318,10:58:42,56.9400,11,2
2026-04-07,601318,10:58:45,56.9400,300,2
2026-04-07,601318,10:58:48,56.9400,19,2
2026-04-07,601318,10:58:51,56.9400,32,1
2026-04-07,601318,10:58:54,56.9300,81,2
2026-04-07,601318,10:58:56,56.9300,14,2
2026-04-07,601318,10:59:00,56.9400,23,1
2026-04-07,601318,10:59:02,56.9300,31,2
2026-04-07,601318,10:59:05,56.9400,64,1
2026-04-07,601318,10:59:08,56.9400,86,1
2026-04-07,601318,10:59:12,56.9300,21,2
2026-04-07,601318,10:59:14,56.9300,40,2
2026-04-07,601318,10:59:17,56.9300,20,2
2026-04-07,601318,10:59:21,56.9300,32,2
2026-04-07,601318,10:59:24,56.9300,18,2
2026-04-07,601318,10:59:27,56.9300,14,2
2026-04-07,601318,10:59:30,56.9400,31,1
2026-04-07,601318,10:59:33,56.9400,15,1
2026-04-07,601318,10:59:36,56.9300,28,2
2026-04-07,601318,10:59:39,56.9300,12,2
2026-04-07,601318,10:59:41,56.9400,24,1
2026-04-07,601318,10:59:45,56.9400,50,1
2026-04-07,601318,10:59:48,56.9300,370,2
2026-04-07,601318,10:59:51,56.9300,229,2
2026-04-07,601318,10:59:54,56.9400,158,1
2026-04-07,601318,10:59:56,56.9300,73,2
2026-04-07,601318,11:00:00,56.9400,25,1
2026-04-07,601318,11:00:02,56.9300,36,2
2026-04-07,601318,11:00:05,56.9300,83,2
2026-04-07,601318,11:00:09,56.9400,146,1
2026-04-07,601318,11:00:12,56.9300,21,2
2026-04-07,601318,11:00:14,56.9400,28,1
2026-04-07,601318,11:00:17,56.9300,5,2
2026-04-07,601318,11:00:20,56.9300,54,2
2026-04-07,601318,11:00:24,56.9300,17,2
2026-04-07,601318,11:00:26,56.9300,117,2
2026-04-07,601318,11:00:29,56.9300,13,2
2026-04-07,601318,11:00:33,56.9400,15,1
2026-04-07,601318,11:00:35,56.9400,72,1
2026-04-07,601318,11:00:39,56.9400,23,1
2026-04-07,601318,11:00:42,56.9400,32,1
2026-04-07,601318,11:00:44,56.9300,15,2
2026-04-07,601318,11:00:48,56.9300,12,2
2026-04-07,601318,11:00:50,56.9400,113,1
2026-04-07,601318,11:00:53,56.9400,36,1
2026-04-07,601318,11:00:57,56.9300,27,2
2026-04-07,601318,11:01:00,56.9400,26,1
2026-04-07,601318,11:01:03,56.9300,25,2
2026-04-07,601318,11:01:05,56.9400,66,1
2026-04-07,601318,11:01:09,56.9400,88,1
2026-04-07,601318,11:01:12,56.9400,45,1
2026-04-07,601318,11:01:14,56.9300,30,2
2026-04-07,601318,11:01:18,56.9300,34,2
2026-04-07,601318,11:01:20,56.9300,42,1
2026-04-07,601318,11:01:24,56.9300,51,1
2026-04-07,601318,11:01:27,56.9300,67,1
2026-04-07,601318,11:01:29,56.9200,37,2
2026-04-07,601318,11:01:33,56.9200,34,2
2026-04-07,601318,11:01:35,56.9200,79,2
2026-04-07,601318,11:01:39,56.9300,59,1
2026-04-07,601318,11:01:41,56.9200,124,2
2026-04-07,601318,11:01:45,56.9200,35,2
2026-04-07,601318,11:01:47,56.9300,20,1
2026-04-07,601318,11:01:51,56.9300,4,4
2026-04-07,601318,11:01:54,56.9300,33,2
2026-04-07,601318,11:01:56,56.9300,39,1
2026-04-07,601318,11:02:00,56.9200,16,2
2026-04-07,601318,11:02:02,56.9300,35,1
2026-04-07,601318,11:02:06,56.9200,147,2
2026-04-07,601318,11:02:08,56.9200,290,2
2026-04-07,601318,11:02:12,56.9200,946,2
2026-04-07,601318,11:02:14,56.9100,251,2
2026-04-07,601318,11:02:17,56.9100,55,2
2026-04-07,601318,11:02:21,56.9100,138,2
2026-04-07,601318,11:02:24,56.9100,81,2
2026-04-07,601318,11:02:27,56.9000,444,2
2026-04-07,601318,11:02:30,56.9000,267,2
2026-04-07,601318,11:02:32,56.9000,164,2
2026-04-07,601318,11:02:36,56.8900,2672,2
2026-04-07,601318,11:02:38,56.8300,2918,2
2026-04-07,601318,11:02:42,56.8300,744,2
2026-04-07,601318,11:02:44,56.8100,535,2
2026-04-07,601318,11:02:47,56.8100,290,2
2026-04-07,601318,11:02:51,56.8100,89,2
2026-04-07,601318,11:02:53,56.8200,127,1
2026-04-07,601318,11:02:57,56.8200,46,1
2026-04-07,601318,11:02:59,56.8100,60,4
2026-04-07,601318,11:03:03,56.8300,265,1
2026-04-07,601318,11:03:06,56.8100,198,2
2026-04-07,601318,11:03:08,56.8200,46,2
2026-04-07,601318,11:03:12,56.8200,170,2
2026-04-07,601318,11:03:15,56.8400,32,1
2026-04-07,601318,11:03:17,56.8400,37,1
2026-04-07,601318,11:03:21,56.8300,155,2
2026-04-07,601318,11:03:24,56.8200,104,2
2026-04-07,601318,11:03:27,56.8300,130,2
2026-04-07,601318,11:03:30,56.8500,42,1
2026-04-07,601318,11:03:33,56.8600,37,1
2026-04-07,601318,11:03:35,56.8600,15,2
2026-04-07,601318,11:03:39,56.8600,85,2
2026-04-07,601318,11:03:41,56.8400,126,1
2026-04-07,601318,11:03:45,56.8400,53,2
2026-04-07,601318,11:03:48,56.8400,65,1
2026-04-07,601318,11:03:51,56.8400,54,4
2026-04-07,601318,11:03:53,56.8300,82,2
2026-04-07,601318,11:03:56,56.8500,35,1
2026-04-07,601318,11:04:00,56.8300,38,2
2026-04-07,601318,11:04:02,56.8600,72,1
2026-04-07,601318,11:04:06,56.8500,29,1
2026-04-07,601318,11:04:08,56.8500,46,1
2026-04-07,601318,11:04:11,56.8400,80,1
2026-04-07,601318,11:04:15,56.8400,17,1
2026-04-07,601318,11:04:17,56.8300,39,2
2026-04-07,601318,11:04:21,56.8400,7,1
2026-04-07,601318,11:04:23,56.8300,184,2
2026-04-07,601318,11:04:26,56.8400,21,1
2026-04-07,601318,11:04:30,56.8400,37,1
2026-04-07,601318,11:04:33,56.8300,59,2
2026-04-07,601318,11:04:36,56.8400,35,1
2026-04-07,601318,11:04:39,56.8300,139,2
2026-04-07,601318,11:04:42,56.8300,65,1
2026-04-07,601318,11:04:45,56.8200,86,2
2026-04-07,601318,11:04:47,56.8200,62,2
2026-04-07,601318,11:04:51,56.8300,41,1
2026-04-07,601318,11:04:54,56.8300,14,1
2026-04-07,601318,11:04:57,56.8300,154,1
2026-04-07,601318,11:05:00,56.8300,17,2
2026-04-07,601318,11:05:02,56.8200,18,2
2026-04-07,601318,11:05:06,56.8200,95,2
2026-04-07,601318,11:05:09,56.8200,44,2
2026-04-07,601318,11:05:11,56.8300,17,1
2026-04-07,601318,11:05:15,56.8400,11,1
2026-04-07,601318,11:05:17,56.8300,30,2
2026-04-07,601318,11:05:21,56.8300,16,2
2026-04-07,601318,11:05:24,56.8300,45,2
2026-04-07,601318,11:05:26,56.8400,46,1
2026-04-07,601318,11:05:30,56.8400,61,1
2026-04-07,601318,11:05:32,56.8000,1587,2
2026-04-07,601318,11:05:36,56.8400,102,1
2026-04-07,601318,11:05:39,56.8100,125,2
2026-04-07,601318,11:05:41,56.8100,25,2
2026-04-07,601318,11:05:45,56.8200,78,1
2026-04-07,601318,11:05:47,56.8200,31,2
2026-04-07,601318,11:05:51,56.8100,48,2
2026-04-07,601318,11:05:54,56.8200,78,1
2026-04-07,601318,11:05:56,56.8000,26,2
2026-04-07,601318,11:06:00,56.8100,101,1
2026-04-07,601318,11:06:02,56.8200,83,1
2026-04-07,601318,11:06:05,56.8100,52,2
2026-04-07,601318,11:06:08,56.8200,39,1
2026-04-07,601318,11:06:12,56.8200,27,1
2026-04-07,601318,11:06:14,56.8200,30,1
2026-04-07,601318,11:06:17,56.8100,46,2
2026-04-07,601318,11:06:21,56.8300,26,1
2026-04-07,601318,11:06:24,56.8200,32,4
2026-04-07,601318,11:06:26,56.8200,184,1
2026-04-07,601318,11:06:30,56.8100,141,2
2026-04-07,601318,11:06:33,56.8100,29,1
2026-04-07,601318,11:06:36,56.8300,66,1
2026-04-07,601318,11:06:38,56.8100,44,2
2026-04-07,601318,11:06:42,56.8100,10,2
2026-04-07,601318,11:06:45,56.8300,20,1
2026-04-07,601318,11:06:47,56.8100,67,2
2026-04-07,601318,11:06:51,56.8300,41,1
2026-04-07,601318,11:06:54,56.8300,26,1
2026-04-07,601318,11:06:56,56.8200,62,2
2026-04-07,601318,11:07:00,56.8100,29,2
2026-04-07,601318,11:07:03,56.8100,18,2
2026-04-07,601318,11:07:06,56.8100,29,2
2026-04-07,601318,11:07:09,56.8100,46,2
2026-04-07,601318,11:07:11,56.8200,30,1
2026-04-07,601318,11:07:14,56.8200,23,1
2026-04-07,601318,11:07:18,56.8100,22,2
2026-04-07,601318,11:07:21,56.8100,51,2
2026-04-07,601318,11:07:24,56.8200,18,1
2026-04-07,601318,11:07:26,56.8100,20,2
2026-04-07,601318,11:07:29,56.8200,12,1
2026-04-07,601318,11:07:33,56.8100,12,2
2026-04-07,601318,11:07:36,56.8200,346,1
2026-04-07,601318,11:07:39,56.8100,153,2
2026-04-07,601318,11:07:42,56.8100,41,2
2026-04-07,601318,11:07:45,56.8000,275,2
2026-04-07,601318,11:07:48,56.8000,112,2
2026-04-07,601318,11:07:50,56.8000,94,2
2026-04-07,601318,11:07:54,56.8000,145,2
2026-04-07,601318,11:07:57,56.8000,139,2
2026-04-07,601318,11:08:00,56.8000,977,2
2026-04-07,601318,11:08:03,56.8000,222,2
2026-04-07,601318,11:08:06,56.8000,167,2
2026-04-07,601318,11:08:08,56.8000,289,2
2026-04-07,601318,11:08:12,56.8100,207,1
2026-04-07,601318,11:08:15,56.8000,35,2
2026-04-07,601318,11:08:17,56.7900,41,2
2026-04-07,601318,11:08:20,56.8000,71,2
2026-04-07,601318,11:08:24,56.7900,17,2
2026-04-07,601318,11:08:26,56.7900,42,2
2026-04-07,601318,11:08:29,56.8000,55,1
2026-04-07,601318,11:08:33,56.7900,195,2
2026-04-07,601318,11:08:36,56.8000,139,1
2026-04-07,601318,11:08:39,56.7900,27,1
2026-04-07,601318,11:08:42,56.8000,234,1
2026-04-07,601318,11:08:44,56.8000,30,1
2026-04-07,601318,11:08:48,56.8000,50,1
2026-04-07,601318,11:08:51,56.7900,59,2
2026-04-07,601318,11:08:54,56.7900,34,2
2026-04-07,601318,11:08:57,56.8000,55,1
2026-04-07,601318,11:08:59,56.7900,115,2
2026-04-07,601318,11:09:03,56.7800,34,2
2026-04-07,601318,11:09:06,56.7800,95,2
2026-04-07,601318,11:09:08,56.7800,64,2
2026-04-07,601318,11:09:12,56.7800,83,2
2026-04-07,601318,11:09:15,56.7800,194,2
2026-04-07,601318,11:09:18,56.7800,49,2
2026-04-07,601318,11:09:20,56.7900,54,1
2026-04-07,601318,11:09:23,56.7900,98,1
2026-04-07,601318,11:09:27,56.7800,39,2
2026-04-07,601318,11:09:30,56.7800,111,2
2026-04-07,601318,11:09:33,56.7800,179,2
2026-04-07,601318,11:09:36,56.7900,69,1
2026-04-07,601318,11:09:39,56.7900,350,1
2026-04-07,601318,11:09:42,56.7900,35,1
2026-04-07,601318,11:09:44,56.7900,161,1
2026-04-07,601318,11:09:48,56.7800,115,2
2026-04-07,601318,11:09:51,56.7800,242,2
2026-04-07,601318,11:09:54,56.7800,79,2
2026-04-07,601318,11:09:57,56.7800,238,2
2026-04-07,601318,11:10:00,56.7800,110,2
2026-04-07,601318,11:10:02,56.7800,45,2
2026-04-07,601318,11:10:06,56.7800,113,2
2026-04-07,601318,11:10:09,56.7800,60,1
2026-04-07,601318,11:10:12,56.7800,72,1
2026-04-07,601318,11:10:15,56.7800,55,1
2026-04-07,601318,11:10:17,56.7700,59,2
2026-04-07,601318,11:10:21,56.7800,229,4
2026-04-07,601318,11:10:24,56.7800,45,1
2026-04-07,601318,11:10:26,56.7800,8,1
2026-04-07,601318,11:10:30,56.7800,81,1
2026-04-07,601318,11:10:33,56.7600,54,2
2026-04-07,601318,11:10:35,56.7600,28,2
2026-04-07,601318,11:10:38,56.7800,53,1
2026-04-07,601318,11:10:42,56.7800,30,1
2026-04-07,601318,11:10:44,56.7800,35,1
2026-04-07,601318,11:10:47,56.7700,63,2
2026-04-07,601318,11:10:51,56.7800,44,1
2026-04-07,601318,11:10:53,56.7700,60,2
2026-04-07,601318,11:10:57,56.7600,67,2
2026-04-07,601318,11:11:00,56.7500,724,2
2026-04-07,601318,11:11:03,56.7500,184,1
2026-04-07,601318,11:11:06,56.7400,59,4
2026-04-07,601318,11:11:09,56.7400,154,4
2026-04-07,601318,11:11:11,56.7800,1924,1
2026-04-07,601318,11:11:15,56.7800,250,4
2026-04-07,601318,11:11:18,56.7500,70,2
2026-04-07,601318,11:11:20,56.7800,12,1
2026-04-07,601318,11:11:23,56.7800,185,4
2026-04-07,601318,11:11:27,56.7800,129,1
2026-04-07,601318,11:11:29,56.7800,41,1
2026-04-07,601318,11:11:32,56.7500,34,2
2026-04-07,601318,11:11:35,56.7700,83,4
2026-04-07,601318,11:11:39,56.7600,15,2
2026-04-07,601318,11:11:42,56.7600,51,2
2026-04-07,601318,11:11:44,56.7700,38,1
2026-04-07,601318,11:11:48,56.7700,31,1
2026-04-07,601318,11:11:51,56.7700,42,1
2026-04-07,601318,11:11:54,56.7700,1,2
2026-04-07,601318,11:11:57,56.7600,67,2
2026-04-07,601318,11:12:00,56.7500,166,2
2026-04-07,601318,11:12:02,56.7600,39,4
2026-04-07,601318,11:12:05,56.7600,6,2
2026-04-07,601318,11:12:09,56.7600,41,2
2026-04-07,601318,11:12:11,56.7700,5,1
2026-04-07,601318,11:12:15,56.7700,41,1
2026-04-07,601318,11:12:17,56.7700,28,2
2026-04-07,601318,11:12:21,56.7700,5,2
2026-04-07,601318,11:12:23,56.7800,24,1
2026-04-07,601318,11:12:27,56.7800,14,1
2026-04-07,601318,11:12:30,56.7800,13,1
2026-04-07,601318,11:12:32,56.7800,119,1
2026-04-07,601318,11:12:36,56.7800,37,1
2026-04-07,601318,11:12:39,56.7800,60,1
2026-04-07,601318,11:12:42,56.7800,12,1
2026-04-07,601318,11:12:44,56.7700,30,2
2026-04-07,601318,11:12:48,56.7700,27,2
2026-04-07,601318,11:12:50,56.7800,95,1
2026-04-07,601318,11:12:54,56.7700,36,2
2026-04-07,601318,11:12:56,56.7800,42,1
2026-04-07,601318,11:12:59,56.7800,95,1
2026-04-07,601318,11:13:03,56.7800,55,1
2026-04-07,601318,11:13:06,56.7700,80,2
2026-04-07,601318,11:13:08,56.7700,42,2
2026-04-07,601318,11:13:12,56.7700,51,2
2026-04-07,601318,11:13:14,56.7700,152,2
2026-04-07,601318,11:13:18,56.7600,55,2
2026-04-07,601318,11:13:21,56.7600,67,2
2026-04-07,601318,11:13:24,56.7600,74,2
2026-04-07,601318,11:13:27,56.7700,33,1
2026-04-07,601318,11:13:30,56.7600,36,2
2026-04-07,601318,11:13:32,56.7700,135,1
2026-04-07,601318,11:13:35,56.7600,43,2
2026-04-07,601318,11:13:38,56.7600,91,2
2026-04-07,601318,11:13:42,56.7600,28,1
2026-04-07,601318,11:13:44,56.7600,29,2
2026-04-07,601318,11:13:47,56.7600,12,2
2026-04-07,601318,11:13:50,56.7600,17,2
2026-04-07,601318,11:13:54,56.7600,29,2
2026-04-07,601318,11:13:57,56.7500,69,2
2026-04-07,601318,11:14:00,56.7600,30,1
2026-04-07,601318,11:14:02,56.7600,43,1
2026-04-07,601318,11:14:06,56.7600,190,1
2026-04-07,601318,11:14:08,56.7600,65,1
2026-04-07,601318,11:14:12,56.7400,33,2
2026-04-07,601318,11:14:15,56.7600,63,1
2026-04-07,601318,11:14:18,56.7500,50,4
2026-04-07,601318,11:14:21,56.7500,22,2
2026-04-07,601318,11:14:23,56.7400,21,2
2026-04-07,601318,11:14:26,56.7500,21,1
2026-04-07,601318,11:14:30,56.7400,152,2
2026-04-07,601318,11:14:33,56.7300,106,2
2026-04-07,601318,11:14:36,56.7300,75,2
2026-04-07,601318,11:14:38,56.7300,67,2
2026-04-07,601318,11:14:41,56.7400,87,1
2026-04-07,601318,11:14:45,56.7300,157,2
2026-04-07,601318,11:14:48,56.7300,38,1
2026-04-07,601318,11:14:51,56.7300,621,1
2026-04-07,601318,11:14:54,56.7100,104,2
2026-04-07,601318,11:14:57,56.7100,130,2
2026-04-07,601318,11:14:59,56.7200,102,1
2026-04-07,601318,11:15:02,56.7200,18,1
2026-04-07,601318,11:15:06,56.7000,206,2
2026-04-07,601318,11:15:08,56.7100,101,1
2026-04-07,601318,11:15:11,56.7100,15,1
2026-04-07,601318,11:15:15,56.7100,78,1
2026-04-07,601318,11:15:18,56.6900,761,2
2026-04-07,601318,11:15:21,56.6800,241,2
2026-04-07,601318,11:15:24,56.6700,313,2
2026-04-07,601318,11:15:26,56.6700,48,2
2026-04-07,601318,11:15:30,56.6900,81,1
2026-04-07,601318,11:15:33,56.6800,42,2
2026-04-07,601318,11:15:35,56.6900,57,1
2026-04-07,601318,11:15:38,56.6800,26,1
2026-04-07,601318,11:15:41,56.6800,121,1
2026-04-07,601318,11:15:45,56.6700,51,2
2026-04-07,601318,11:15:48,56.6700,73,2
2026-04-07,601318,11:15:50,56.6700,86,2
2026-04-07,601318,11:15:53,56.6700,53,1
2026-04-07,601318,11:15:57,56.6600,70,2
2026-04-07,601318,11:15:59,56.6600,41,2
2026-04-07,601318,11:16:02,56.6600,245,2
2026-04-07,601318,11:16:06,56.6700,56,1
2026-04-07,601318,11:16:08,56.6600,274,2
2026-04-07,601318,11:16:12,56.6700,23,1
2026-04-07,601318,11:16:15,56.6500,50,2
2026-04-07,601318,11:16:17,56.6700,213,1
2026-04-07,601318,11:16:21,56.6900,44,1
2026-04-07,601318,11:16:24,56.6900,395,1
2026-04-07,601318,11:16:27,56.6900,320,1
2026-04-07,601318,11:16:29,56.6900,293,2
2026-04-07,601318,11:16:33,56.7100,732,1
2026-04-07,601318,11:16:35,56.7000,141,2
2026-04-07,601318,11:16:39,56.7100,46,1
2026-04-07,601318,11:16:42,56.7100,36,1
2026-04-07,601318,11:16:45,56.7100,36,1
2026-04-07,601318,11:16:48,56.7100,132,1
2026-04-07,601318,11:16:51,56.7000,18,2
2026-04-07,601318,11:16:54,56.6800,58,2
2026-04-07,601318,11:16:57,56.6900,115,1
2026-04-07,601318,11:16:59,56.7000,60,4
2026-04-07,601318,11:17:02,56.6900,61,2
2026-04-07,601318,11:17:06,56.6900,35,1
2026-04-07,601318,11:17:08,56.6800,16,2
2026-04-07,601318,11:17:12,56.6900,323,1
2026-04-07,601318,11:17:15,56.6800,42,2
2026-04-07,601318,11:17:17,56.6900,192,1
2026-04-07,601318,11:17:20,56.6900,46,2
2026-04-07,601318,11:17:23,56.6900,18,2
2026-04-07,601318,11:17:26,56.6800,36,2
2026-04-07,601318,11:17:30,56.6900,35,4
2026-04-07,601318,11:17:33,56.6800,14,2
2026-04-07,601318,11:17:35,56.6900,21,4
2026-04-07,601318,11:17:39,56.6800,159,2
2026-04-07,601318,11:17:41,56.6800,163,1
2026-04-07,601318,11:17:45,56.6900,28,4
2026-04-07,601318,11:17:48,56.6800,23,2
2026-04-07,601318,11:17:50,56.6900,59,1
2026-04-07,601318,11:17:54,56.6800,32,2
2026-04-07,601318,11:17:57,56.6900,90,1
2026-04-07,601318,11:17:59,56.6900,63,2
2026-04-07,601318,11:18:03,56.6700,183,2
2026-04-07,601318,11:18:06,56.6900,43,1
2026-04-07,601318,11:18:09,56.6700,44,2
2026-04-07,601318,11:18:12,56.6900,37,1
2026-04-07,601318,11:18:14,56.6800,60,2
2026-04-07,601318,11:18:18,56.6800,28,2
2026-04-07,601318,11:18:20,56.6800,67,2
2026-04-07,601318,11:18:23,56.6900,43,1
2026-04-07,601318,11:18:26,56.6800,32,2
2026-04-07,601318,11:18:29,56.6800,32,2
2026-04-07,601318,11:18:33,56.6800,23,1
2026-04-07,601318,11:18:36,56.6700,86,2
2026-04-07,601318,11:18:39,56.6700,593,2
2026-04-07,601318,11:18:42,56.6500,255,2
2026-04-07,601318,11:18:44,56.6600,50,1
2026-04-07,601318,11:18:48,56.6600,44,1
2026-04-07,601318,11:18:50,56.6600,24,1
2026-04-07,601318,11:18:54,56.6500,457,2
2026-04-07,601318,11:18:57,56.6500,124,1
2026-04-07,601318,11:19:00,56.6500,112,1
2026-04-07,601318,11:19:03,56.6500,38,1
2026-04-07,601318,11:19:06,56.6500,95,1
2026-04-07,601318,11:19:08,56.6500,496,1
2026-04-07,601318,11:19:12,56.6600,69,1
2026-04-07,601318,11:19:15,56.6600,92,2
2026-04-07,601318,11:19:17,56.6600,31,2
2026-04-07,601318,11:19:20,56.6600,31,1
2026-04-07,601318,11:19:24,56.6700,265,1
2026-04-07,601318,11:19:27,56.6500,115,2
2026-04-07,601318,11:19:30,56.6600,8,1
2026-04-07,601318,11:19:33,56.6500,129,2
2026-04-07,601318,11:19:36,56.7000,795,1
2026-04-07,601318,11:19:38,56.6700,88,2
2026-04-07,601318,11:19:42,56.6800,732,1
2026-04-07,601318,11:19:44,56.6600,183,2
2026-04-07,601318,11:19:47,56.6700,61,1
2026-04-07,601318,11:19:50,56.6600,41,2
2026-04-07,601318,11:19:53,56.6600,115,1
2026-04-07,601318,11:19:57,56.6500,92,2
2026-04-07,601318,11:20:00,56.6600,68,1
2026-04-07,601318,11:20:02,56.6500,63,2
2026-04-07,601318,11:20:06,56.6500,23,1
2026-04-07,601318,11:20:08,56.6400,75,2
2026-04-07,601318,11:20:12,56.6500,16,1
2026-04-07,601318,11:20:15,56.6400,69,2
2026-04-07,601318,11:20:18,56.6400,26,2
2026-04-07,601318,11:20:21,56.6500,51,1
2026-04-07,601318,11:20:24,56.6500,81,1
2026-04-07,601318,11:20:26,56.6500,20,1
2026-04-07,601318,11:20:29,56.6500,142,2
2026-04-07,601318,11:20:33,56.6400,46,2
2026-04-07,601318,11:20:36,56.6400,180,2
2026-04-07,601318,11:20:39,56.6500,33,1
2026-04-07,601318,11:20:42,56.6500,11,1
2026-04-07,601318,11:20:44,56.6400,277,2
2026-04-07,601318,11:20:47,56.6300,95,2
2026-04-07,601318,11:20:50,56.6400,39,1
2026-04-07,601318,11:20:54,56.6400,53,1
2026-04-07,601318,11:20:56,56.6400,100,1
2026-04-07,601318,11:21:00,56.6400,103,1
2026-04-07,601318,11:21:03,56.6400,2475,1
2026-04-07,601318,11:21:06,56.6200,274,2
2026-04-07,601318,11:21:08,56.6300,278,4
