date,code,time,price,volume,bs
2026-01-29,601318,14:07:08,67.7900,874,1
2026-01-29,601318,14:07:11,67.8000,3558,1
2026-01-29,601318,14:07:14,67.8300,369,1
2026-01-29,601318,14:07:17,67.7800,1868,2
2026-01-29,601318,14:07:20,67.7500,2126,2
2026-01-29,601318,14:07:23,67.8000,757,1
2026-01-29,601318,14:07:26,67.7200,130,2
2026-01-29,601318,14:07:29,67.7000,889,2
2026-01-29,601318,14:07:32,67.7300,895,1
2026-01-29,601318,14:07:35,67.7500,374,1
2026-01-29,601318,14:07:38,67.7700,649,1
2026-01-29,601318,14:07:41,67.7800,968,1
2026-01-29,601318,14:07:44,67.7800,526,2
2026-01-29,601318,14:07:47,67.7400,1720,2
2026-01-29,601318,14:07:50,67.7700,640,1
2026-01-29,601318,14:07:53,67.7400,934,2
2026-01-29,601318,14:07:56,67.7700,293,1
2026-01-29,601318,14:07:59,67.7600,418,2
2026-01-29,601318,14:08:02,67.7500,1646,2
2026-01-29,601318,14:08:05,67.7200,597,2
2026-01-29,601318,14:08:08,67.7200,1194,1
2026-01-29,601318,14:08:11,67.7200,638,2
2026-01-29,601318,14:08:14,67.7300,696,1
2026-01-29,601318,14:08:17,67.7300,410,2
2026-01-29,601318,14:08:20,67.7200,559,1
2026-01-29,601318,14:08:23,67.6800,656,2
2026-01-29,601318,14:08:26,67.7200,850,1
2026-01-29,601318,14:08:29,67.7300,544,1
2026-01-29,601318,14:08:32,67.7200,638,2
2026-01-29,601318,14:08:35,67.7100,544,4
2026-01-29,601318,14:08:38,67.6600,358,2
2026-01-29,601318,14:08:41,67.6300,308,2
2026-01-29,601318,14:08:44,67.6400,272,1
2026-01-29,601318,14:08:47,67.6200,81,2
2026-01-29,601318,14:08:50,67.6500,191,1
2026-01-29,601318,14:08:53,67.6600,648,1
2026-01-29,601318,14:08:56,67.6100,620,2
2026-01-29,601318,14:08:59,67.5800,1102,2
2026-01-29,601318,14:09:02,67.5400,279,2
2026-01-29,601318,14:09:05,67.6200,440,1
2026-01-29,601318,14:09:08,67.6000,324,2
2026-01-29,601318,14:09:11,67.5800,313,2
2026-01-29,601318,14:09:14,67.5800,611,1
2026-01-29,601318,14:09:17,67.6000,720,1
2026-01-29,601318,14:09:20,67.6000,337,1
2026-01-29,601318,14:09:23,67.6200,475,1
2026-01-29,601318,14:09:26,67.6200,459,1
2026-01-29,601318,14:09:29,67.6100,610,2
2026-01-29,601318,14:09:32,67.6100,252,1
2026-01-29,601318,14:09:35,67.6100,105,1
2026-01-29,601318,14:09:38,67.6100,549,2
2026-01-29,601318,14:09:41,67.6200,805,1
2026-01-29,601318,14:09:44,67.6100,314,2
2026-01-29,601318,14:09:47,67.6600,126,1
2026-01-29,601318,14:09:50,67.6500,97,2
2026-01-29,601318,14:09:53,67.6500,871,2
2026-01-29,601318,14:09:56,67.5500,892,2
2026-01-29,601318,14:09:59,67.5900,104,1
2026-01-29,601318,14:10:02,67.5700,195,2
2026-01-29,601318,14:10:05,67.5900,91,1
2026-01-29,601318,14:10:08,67.5800,190,2
2026-01-29,601318,14:10:11,67.6000,267,1
2026-01-29,601318,14:10:14,67.6000,147,1
2026-01-29,601318,14:10:17,67.6300,1534,1
2026-01-29,601318,14:10:20,67.6500,382,1
2026-01-29,601318,14:10:23,67.6500,121,1
2026-01-29,601318,14:10:26,67.6500,227,1
2026-01-29,601318,14:10:29,67.6600,81,2
2026-01-29,601318,14:10:32,67.6700,433,1
2026-01-29,601318,14:10:35,67.6900,296,1
2026-01-29,601318,14:10:38,67.6800,72,4
2026-01-29,601318,14:10:41,67.6900,892,1
2026-01-29,601318,14:10:44,67.6900,823,1
2026-01-29,601318,14:10:47,67.6800,439,4
2026-01-29,601318,14:10:50,67.6700,705,2
2026-01-29,601318,14:10:53,67.6500,747,2
2026-01-29,601318,14:10:56,67.6000,1535,2
2026-01-29,601318,14:10:59,67.5900,1116,1
2026-01-29,601318,14:11:02,67.5400,607,2
2026-01-29,601318,14:11:05,67.5700,347,4
2026-01-29,601318,14:11:08,67.5200,587,2
2026-01-29,601318,14:11:11,67.5500,220,1
2026-01-29,601318,14:11:14,67.5400,570,4
2026-01-29,601318,14:11:17,67.5700,383,1
2026-01-29,601318,14:11:20,67.5600,217,1
2026-01-29,601318,14:11:23,67.5700,343,1
2026-01-29,601318,14:11:26,67.6100,560,1
2026-01-29,601318,14:11:29,67.5700,642,2
2026-01-29,601318,14:11:32,67.6200,478,1
2026-01-29,601318,14:11:35,67.6400,775,1
2026-01-29,601318,14:11:38,67.6900,147,1
2026-01-29,601318,14:11:41,67.7100,510,1
2026-01-29,601318,14:11:44,67.7200,183,1
2026-01-29,601318,14:11:47,67.7200,142,1
2026-01-29,601318,14:11:50,67.7200,481,2
2026-01-29,601318,14:11:53,67.7300,638,1
2026-01-29,601318,14:11:56,67.7400,391,2
2026-01-29,601318,14:11:59,67.7300,987,4
2026-01-29,601318,14:12:02,67.7400,224,1
2026-01-29,601318,14:12:05,67.7300,681,2
2026-01-29,601318,14:12:08,67.6700,959,2
2026-01-29,601318,14:12:11,67.6000,953,2
2026-01-29,601318,14:12:14,67.6300,554,1
2026-01-29,601318,14:12:17,67.6300,290,1
2026-01-29,601318,14:12:20,67.6300,269,2
2026-01-29,601318,14:12:23,67.6500,462,1
2026-01-29,601318,14:12:26,67.6400,172,4
2026-01-29,601318,14:12:29,67.6300,422,2
2026-01-29,601318,14:12:32,67.6400,381,1
2026-01-29,601318,14:12:35,67.6400,227,1
2026-01-29,601318,14:12:38,67.6600,219,1
2026-01-29,601318,14:12:41,67.6500,354,2
2026-01-29,601318,14:12:44,67.6500,93,1
2026-01-29,601318,14:12:47,67.6500,384,1
2026-01-29,601318,14:12:50,67.6400,395,2
2026-01-29,601318,14:12:53,67.6200,808,2
2026-01-29,601318,14:12:56,67.5700,709,2
2026-01-29,601318,14:12:59,67.6000,303,1
2026-01-29,601318,14:13:02,67.6000,112,1
2026-01-29,601318,14:13:05,67.6000,178,1
2026-01-29,601318,14:13:08,67.5800,374,2
2026-01-29,601318,14:13:11,67.5400,323,2
2026-01-29,601318,14:13:14,67.5500,205,4
2026-01-29,601318,14:13:17,67.5300,1303,2
2026-01-29,601318,14:13:20,67.5200,534,1
2026-01-29,601318,14:13:23,67.5200,402,2
2026-01-29,601318,14:13:26,67.5500,267,1
2026-01-29,601318,14:13:29,67.5500,534,1
2026-01-29,601318,14:13:32,67.5500,1392,1
2026-01-29,601318,14:13:35,67.6000,346,1
2026-01-29,601318,14:13:38,67.6100,100,2
2026-01-29,601318,14:13:41,67.6100,129,2
2026-01-29,601318,14:13:44,67.6100,203,1
2026-01-29,601318,14:13:47,67.6200,214,1
2026-01-29,601318,14:13:50,67.6200,548,1
2026-01-29,601318,14:13:53,67.6100,976,2
2026-01-29,601318,14:13:56,67.5900,362,2
2026-01-29,601318,14:13:59,67.5900,487,1
2026-01-29,601318,14:14:02,67.5600,639,2
2026-01-29,601318,14:14:05,67.5700,134,1
2026-01-29,601318,14:14:08,67.5900,283,1
2026-01-29,601318,14:14:11,67.5700,516,2
2026-01-29,601318,14:14:14,67.5800,272,1
2026-01-29,601318,14:14:17,67.5800,177,1
2026-01-29,601318,14:14:20,67.6000,236,1
2026-01-29,601318,14:14:23,67.6100,328,1
2026-01-29,601318,14:14:26,67.6400,610,1
2026-01-29,601318,14:14:29,67.6500,144,1
2026-01-29,601318,14:14:32,67.6500,376,1
2026-01-29,601318,14:14:35,67.6600,185,1
2026-01-29,601318,14:14:38,67.6500,570,2
2026-01-29,601318,14:14:41,67.6100,2583,2
2026-01-29,601318,14:14:44,67.6000,782,2
2026-01-29,601318,14:14:47,67.6000,210,1
2026-01-29,601318,14:14:50,67.6100,271,1
2026-01-29,601318,14:14:53,67.6100,139,1
2026-01-29,601318,14:14:56,67.6300,317,1
2026-01-29,601318,14:14:59,67.6400,282,1
2026-01-29,601318,14:15:02,67.6500,368,1
2026-01-29,601318,14:15:05,67.6300,451,2
2026-01-29,601318,14:15:08,67.6400,847,1
2026-01-29,601318,14:15:11,67.6000,1668,2
2026-01-29,601318,14:15:14,67.6000,435,1
2026-01-29,601318,14:15:17,67.6100,164,1
2026-01-29,601318,14:15:20,67.6200,595,1
2026-01-29,601318,14:15:23,67.6200,203,2
2026-01-29,601318,14:15:26,67.6200,220,1
2026-01-29,601318,14:15:29,67.6100,419,2
2026-01-29,601318,14:15:32,67.6100,603,4
2026-01-29,601318,14:15:35,67.6000,206,2
2026-01-29,601318,14:15:38,67.6100,274,1
2026-01-29,601318,14:15:41,67.6000,211,1
2026-01-29,601318,14:15:44,67.6000,391,1
2026-01-29,601318,14:15:47,67.5900,212,2
2026-01-29,601318,14:15:50,67.5900,641,2
2026-01-29,601318,14:15:53,67.6000,163,1
2026-01-29,601318,14:15:56,67.6200,302,1
2026-01-29,601318,14:15:59,67.6400,509,1
2026-01-29,601318,14:16:02,67.7000,1219,1
2026-01-29,601318,14:16:05,67.7000,212,2
2026-01-29,601318,14:16:08,67.7000,505,2
2026-01-29,601318,14:16:11,67.7200,266,2
2026-01-29,601318,14:16:14,67.7300,231,4
2026-01-29,601318,14:16:17,67.7400,642,1
2026-01-29,601318,14:16:20,67.7300,356,4
2026-01-29,601318,14:16:23,67.7300,497,1
2026-01-29,601318,14:16:26,67.7800,8133,1
2026-01-29,601318,14:16:29,67.8300,884,1
2026-01-29,601318,14:16:32,67.7900,505,2
2026-01-29,601318,14:16:35,67.7900,424,1
2026-01-29,601318,14:16:38,67.8400,1754,1
2026-01-29,601318,14:16:41,67.8000,382,2
2026-01-29,601318,14:16:44,67.7900,800,2
2026-01-29,601318,14:16:47,67.7800,290,1
2026-01-29,601318,14:16:50,67.7200,393,2
2026-01-29,601318,14:16:53,67.7400,287,1
2026-01-29,601318,14:16:56,67.6900,301,2
2026-01-29,601318,14:16:59,67.6900,230,1
2026-01-29,601318,14:17:02,67.7100,404,1
2026-01-29,601318,14:17:05,67.6800,262,2
2026-01-29,601318,14:17:08,67.6100,370,2
2026-01-29,601318,14:17:11,67.6400,692,1
2026-01-29,601318,14:17:14,67.6400,214,1
2026-01-29,601318,14:17:17,67.6300,152,4
2026-01-29,601318,14:17:20,67.6400,120,1
2026-01-29,601318,14:17:23,67.6300,166,2
2026-01-29,601318,14:17:26,67.6400,209,1
2026-01-29,601318,14:17:29,67.6500,257,1
2026-01-29,601318,14:17:32,67.6500,157,1
2026-01-29,601318,14:17:35,67.6400,415,2
2026-01-29,601318,14:17:38,67.6100,852,2
2026-01-29,601318,14:17:41,67.6100,1038,2
2026-01-29,601318,14:17:44,67.6100,642,1
2026-01-29,601318,14:17:47,67.6000,498,2
2026-01-29,601318,14:17:50,67.6100,386,1
2026-01-29,601318,14:17:53,67.6200,357,1
2026-01-29,601318,14:17:56,67.6300,311,1
2026-01-29,601318,14:17:59,67.6300,136,2
2026-01-29,601318,14:18:02,67.6300,978,2
2026-01-29,601318,14:18:05,67.6200,725,2
2026-01-29,601318,14:18:08,67.6200,1369,1
2026-01-29,601318,14:18:11,67.6200,371,1
2026-01-29,601318,14:18:14,67.5900,129,2
2026-01-29,601318,14:18:17,67.6100,326,1
2026-01-29,601318,14:18:20,67.6100,56,2
2026-01-29,601318,14:18:23,67.6100,134,2
2026-01-29,601318,14:18:26,67.6100,260,2
2026-01-29,601318,14:18:29,67.5800,1178,2
2026-01-29,601318,14:18:32,67.5900,580,1
2026-01-29,601318,14:18:35,67.5900,366,2
2026-01-29,601318,14:18:38,67.5800,1324,2
2026-01-29,601318,14:18:41,67.6100,1256,1
2026-01-29,601318,14:18:44,67.6000,302,1
2026-01-29,601318,14:18:47,67.5900,568,2
2026-01-29,601318,14:18:50,67.6200,532,1
2026-01-29,601318,14:18:53,67.6200,470,1
2026-01-29,601318,14:18:56,67.6500,642,1
2026-01-29,601318,14:18:59,67.6400,1374,2
2026-01-29,601318,14:19:02,67.6500,284,1
2026-01-29,601318,14:19:05,67.7100,872,1
2026-01-29,601318,14:19:08,67.7100,262,1
2026-01-29,601318,14:19:11,67.7300,110,1
2026-01-29,601318,14:19:14,67.7500,250,1
2026-01-29,601318,14:19:17,67.7800,565,1
2026-01-29,601318,14:19:20,67.7800,117,2
2026-01-29,601318,14:19:23,67.8000,483,1
2026-01-29,601318,14:19:26,67.8000,213,2
2026-01-29,601318,14:19:29,67.7900,1382,2
2026-01-29,601318,14:19:32,67.7500,737,2
2026-01-29,601318,14:19:35,67.7500,755,2
2026-01-29,601318,14:19:38,67.6700,561,2
2026-01-29,601318,14:19:41,67.7400,1919,1
2026-01-29,601318,14:19:44,67.7200,326,2
2026-01-29,601318,14:19:47,67.7000,351,4
2026-01-29,601318,14:19:50,67.7200,283,1
2026-01-29,601318,14:19:53,67.7000,367,2
2026-01-29,601318,14:19:56,67.7600,696,1
2026-01-29,601318,14:19:59,67.7900,177,1
2026-01-29,601318,14:20:02,67.7400,1204,2
2026-01-29,601318,14:20:05,67.7600,374,1
2026-01-29,601318,14:20:08,67.7600,93,2
2026-01-29,601318,14:20:11,67.7500,1160,2
2026-01-29,601318,14:20:14,67.7300,540,2
2026-01-29,601318,14:20:17,67.7500,2447,4
2026-01-29,601318,14:20:20,67.7700,398,4
2026-01-29,601318,14:20:23,67.7800,1051,1
2026-01-29,601318,14:20:26,67.7800,307,2
2026-01-29,601318,14:20:29,67.7600,1786,2
2026-01-29,601318,14:20:32,67.7900,1662,1
2026-01-29,601318,14:20:35,67.7400,617,1
2026-01-29,601318,14:20:38,67.7800,233,1
2026-01-29,601318,14:20:41,67.8000,360,1
2026-01-29,601318,14:20:44,67.8000,699,1
2026-01-29,601318,14:20:47,67.7900,340,4
2026-01-29,601318,14:20:50,67.8200,347,1
2026-01-29,601318,14:20:53,67.8300,413,1
2026-01-29,601318,14:20:56,67.8300,361,1
2026-01-29,601318,14:20:59,67.8500,255,1
2026-01-29,601318,14:21:02,67.8700,1397,1
2026-01-29,601318,14:21:05,67.8800,315,1
2026-01-29,601318,14:21:08,67.8700,692,2
2026-01-29,601318,14:21:11,67.8800,921,1
2026-01-29,601318,14:21:14,67.8800,556,1
2026-01-29,601318,14:21:17,67.8900,578,1
2026-01-29,601318,14:21:20,67.9000,1589,1
2026-01-29,601318,14:21:23,67.9100,625,1
2026-01-29,601318,14:21:26,67.9200,545,1
2026-01-29,601318,14:21:29,67.9300,443,1
2026-01-29,601318,14:21:32,67.9300,432,1
2026-01-29,601318,14:21:35,67.9400,1033,1
2026-01-29,601318,14:21:38,67.9000,3150,2
2026-01-29,601318,14:21:41,67.8500,1259,2
2026-01-29,601318,14:21:44,67.8800,1009,1
2026-01-29,601318,14:21:47,67.9000,247,1
2026-01-29,601318,14:21:50,67.9300,983,1
2026-01-29,601318,14:21:53,67.9100,720,2
2026-01-29,601318,14:21:56,67.9400,610,1
2026-01-29,601318,14:21:59,67.9500,153,4
2026-01-29,601318,14:22:02,67.9500,425,1
2026-01-29,601318,14:22:05,67.9800,3255,1
2026-01-29,601318,14:22:08,67.9400,1586,2
2026-01-29,601318,14:22:11,67.9500,519,1
2026-01-29,601318,14:22:14,67.9500,275,1
2026-01-29,601318,14:22:17,67.9300,944,2
2026-01-29,601318,14:22:20,67.9100,499,2
2026-01-29,601318,14:22:23,67.9000,385,2
2026-01-29,601318,14:22:26,67.8900,248,2
2026-01-29,601318,14:22:29,67.8900,215,2
2026-01-29,601318,14:22:32,67.9300,296,1
2026-01-29,601318,14:22:35,67.9300,65,1
2026-01-29,601318,14:22:38,67.9200,490,2
2026-01-29,601318,14:22:41,67.9300,103,1
2026-01-29,601318,14:22:44,67.9400,246,1
2026-01-29,601318,14:22:47,67.9300,885,2
2026-01-29,601318,14:22:50,67.9000,1386,2
2026-01-29,601318,14:22:53,67.8800,451,2
2026-01-29,601318,14:22:56,67.8600,340,2
2026-01-29,601318,14:22:59,67.8600,74,2
2026-01-29,601318,14:23:02,67.8900,228,1
2026-01-29,601318,14:23:05,67.8800,205,2
2026-01-29,601318,14:23:08,67.8500,1609,2
2026-01-29,601318,14:23:11,67.8700,841,1
2026-01-29,601318,14:23:14,67.8300,121,2
2026-01-29,601318,14:23:17,67.8500,111,2
2026-01-29,601318,14:23:20,67.8400,368,2
2026-01-29,601318,14:23:23,67.8400,266,1
2026-01-29,601318,14:23:26,67.8200,570,2
2026-01-29,601318,14:23:29,67.8200,94,2
2026-01-29,601318,14:23:32,67.8000,919,2
2026-01-29,601318,14:23:35,67.8100,540,1
2026-01-29,601318,14:23:38,67.7900,58,2
2026-01-29,601318,14:23:41,67.8000,161,1
2026-01-29,601318,14:23:44,67.8000,217,1
2026-01-29,601318,14:23:47,67.8000,130,1
2026-01-29,601318,14:23:50,67.8100,271,1
2026-01-29,601318,14:23:53,67.8200,184,1
2026-01-29,601318,14:23:56,67.8200,111,1
2026-01-29,601318,14:23:59,67.7900,1415,2
2026-01-29,601318,14:24:02,67.8300,619,1
2026-01-29,601318,14:24:05,67.8500,639,1
2026-01-29,601318,14:24:08,67.8400,378,4
2026-01-29,601318,14:24:11,67.8200,560,2
2026-01-29,601318,14:24:14,67.8300,487,1
2026-01-29,601318,14:24:17,67.8300,383,1
2026-01-29,601318,14:24:20,67.8300,595,2
2026-01-29,601318,14:24:23,67.8300,233,2
2026-01-29,601318,14:24:26,67.8300,354,2
2026-01-29,601318,14:24:29,67.8300,232,1
2026-01-29,601318,14:24:32,67.7500,1900,2
2026-01-29,601318,14:24:35,67.7600,241,1
2026-01-29,601318,14:24:38,67.7400,566,2
2026-01-29,601318,14:24:41,67.7400,666,2
2026-01-29,601318,14:24:44,67.7800,68,1
2026-01-29,601318,14:24:47,67.7500,180,2
2026-01-29,601318,14:24:50,67.7500,296,2
2026-01-29,601318,14:24:53,67.7400,665,2
2026-01-29,601318,14:24:56,67.6900,484,2
2026-01-29,601318,14:24:59,67.7200,834,1
2026-01-29,601318,14:25:02,67.7300,578,2
2026-01-29,601318,14:25:05,67.7400,195,1
2026-01-29,601318,14:25:08,67.7300,644,2
2026-01-29,601318,14:25:11,67.7800,350,1
2026-01-29,601318,14:25:14,67.8000,305,1
2026-01-29,601318,14:25:17,67.8300,451,1
2026-01-29,601318,14:25:20,67.8300,136,1
2026-01-29,601318,14:25:23,67.8400,112,1
2026-01-29,601318,14:25:26,67.8500,274,1
2026-01-29,601318,14:25:29,67.8600,130,1
2026-01-29,601318,14:25:32,67.8700,48,1
2026-01-29,601318,14:25:35,67.8700,531,2
2026-01-29,601318,14:25:38,67.8400,1996,2
2026-01-29,601318,14:25:41,67.8400,245,1
2026-01-29,601318,14:25:44,67.8000,182,2
2026-01-29,601318,14:25:47,67.7900,120,2
2026-01-29,601318,14:25:50,67.7900,220,2
2026-01-29,601318,14:25:53,67.8000,91,1
2026-01-29,601318,14:25:56,67.8000,174,1
2026-01-29,601318,14:25:59,67.8000,279,2
2026-01-29,601318,14:26:02,67.8000,123,2
2026-01-29,601318,14:26:05,67.8200,480,1
2026-01-29,601318,14:26:08,67.8200,101,2
2026-01-29,601318,14:26:11,67.8100,220,2
2026-01-29,601318,14:26:14,67.7800,992,2
2026-01-29,601318,14:26:17,67.7800,179,1
2026-01-29,601318,14:26:20,67.7900,390,1
2026-01-29,601318,14:26:23,67.7800,314,2
2026-01-29,601318,14:26:26,67.8100,92,1
2026-01-29,601318,14:26:29,67.8100,584,2
2026-01-29,601318,14:26:32,67.8200,502,1
2026-01-29,601318,14:26:35,67.8200,101,2
2026-01-29,601318,14:26:38,67.7500,1744,2
2026-01-29,601318,14:26:41,67.7600,526,1
2026-01-29,601318,14:26:44,67.7700,131,1
2026-01-29,601318,14:26:47,67.7600,251,2
2026-01-29,601318,14:26:50,67.7700,241,1
2026-01-29,601318,14:26:53,67.7800,128,1
2026-01-29,601318,14:26:56,67.7700,133,2
2026-01-29,601318,14:26:59,67.7700,101,2
2026-01-29,601318,14:27:02,67.7800,92,1
2026-01-29,601318,14:27:05,67.7400,848,2
2026-01-29,601318,14:27:08,67.7300,141,2
2026-01-29,601318,14:27:11,67.7300,248,1
2026-01-29,601318,14:27:14,67.7500,380,1
2026-01-29,601318,14:27:17,67.7500,173,1
2026-01-29,601318,14:27:20,67.7500,170,1
2026-01-29,601318,14:27:23,67.7600,444,1
2026-01-29,601318,14:27:26,67.7800,709,1
2026-01-29,601318,14:27:29,67.7500,517,2
2026-01-29,601318,14:27:32,67.7400,294,2
2026-01-29,601318,14:27:35,67.7800,223,1
2026-01-29,601318,14:27:38,67.7600,195,2
2026-01-29,601318,14:27:41,67.7100,2859,2
2026-01-29,601318,14:27:44,67.6500,1071,2
2026-01-29,601318,14:27:47,67.6100,310,2
2026-01-29,601318,14:27:50,67.6200,591,1
2026-01-29,601318,14:27:53,67.6700,133,1
2026-01-29,601318,14:27:56,67.6600,103,1
2026-01-29,601318,14:27:59,67.6800,262,1
2026-01-29,601318,14:28:02,67.6800,215,2
2026-01-29,601318,14:28:05,67.7300,442,1
2026-01-29,601318,14:28:08,67.7200,149,2
2026-01-29,601318,14:28:11,67.7400,191,1
2026-01-29,601318,14:28:14,67.7300,281,2
2026-01-29,601318,14:28:17,67.7200,575,2
2026-01-29,601318,14:28:20,67.7200,374,2
2026-01-29,601318,14:28:23,67.7400,192,1
2026-01-29,601318,14:28:26,67.7500,207,1
2026-01-29,601318,14:28:29,67.7400,638,2
2026-01-29,601318,14:28:32,67.7400,551,2
2026-01-29,601318,14:28:35,67.7100,657,2
2026-01-29,601318,14:28:38,67.7000,246,4
2026-01-29,601318,14:28:41,67.6900,636,2
2026-01-29,601318,14:28:44,67.6800,244,2
2026-01-29,601318,14:28:47,67.6900,231,2
2026-01-29,601318,14:28:50,67.6900,790,1
2026-01-29,601318,14:28:53,67.6900,176,1
2026-01-29,601318,14:28:56,67.6700,479,2
2026-01-29,601318,14:28:59,67.6900,931,1
2026-01-29,601318,14:29:02,67.6800,321,2
2026-01-29,601318,14:29:05,67.7000,207,1
2026-01-29,601318,14:29:08,67.6900,187,2
2026-01-29,601318,14:29:11,67.7000,285,1
2026-01-29,601318,14:29:14,67.7000,501,1
2026-01-29,601318,14:29:17,67.6700,367,2
2026-01-29,601318,14:29:20,67.6600,946,4
2026-01-29,601318,14:29:23,67.6300,633,1
2026-01-29,601318,14:29:26,67.6500,164,1
2026-01-29,601318,14:29:29,67.6000,867,2
2026-01-29,601318,14:29:32,67.6000,753,2
2026-01-29,601318,14:29:35,67.6500,490,1
2026-01-29,601318,14:29:38,67.6100,516,2
2026-01-29,601318,14:29:41,67.6400,948,1
2026-01-29,601318,14:29:44,67.5900,931,2
2026-01-29,601318,14:29:47,67.5700,241,2
2026-01-29,601318,14:29:50,67.5800,128,1
2026-01-29,601318,14:29:53,67.5800,362,1
2026-01-29,601318,14:29:56,67.5700,432,2
2026-01-29,601318,14:29:59,67.5600,180,1
2026-01-29,601318,14:30:02,67.5800,562,1
2026-01-29,601318,14:30:05,67.5800,219,1
2026-01-29,601318,14:30:08,67.5800,585,1
2026-01-29,601318,14:30:11,67.5800,450,1
2026-01-29,601318,14:30:14,67.6000,369,1
2026-01-29,601318,14:30:17,67.6200,148,1
2026-01-29,601318,14:30:20,67.6200,253,1
2026-01-29,601318,14:30:23,67.6400,79,1
2026-01-29,601318,14:30:26,67.6400,245,1
2026-01-29,601318,14:30:29,67.6000,1051,2
2026-01-29,601318,14:30:32,67.5900,218,2
2026-01-29,601318,14:30:35,67.5300,938,2
2026-01-29,601318,14:30:38,67.5200,318,2
2026-01-29,601318,14:30:41,67.5200,534,1
2026-01-29,601318,14:30:44,67.4900,1651,2
2026-01-29,601318,14:30:47,67.4800,1091,2
2026-01-29,601318,14:30:50,67.4800,367,2
2026-01-29,601318,14:30:53,67.4400,210,2
2026-01-29,601318,14:30:56,67.4700,342,1
2026-01-29,601318,14:30:59,67.4500,535,2
2026-01-29,601318,14:31:02,67.4400,766,1
2026-01-29,601318,14:31:05,67.4500,415,1
2026-01-29,601318,14:31:08,67.4500,292,4
2026-01-29,601318,14:31:11,67.4500,788,1
2026-01-29,601318,14:31:14,67.4100,436,2
2026-01-29,601318,14:31:17,67.4300,107,4
2026-01-29,601318,14:31:20,67.4000,817,2
2026-01-29,601318,14:31:23,67.4000,260,2
2026-01-29,601318,14:31:26,67.4200,286,1
2026-01-29,601318,14:31:29,67.4100,330,2
2026-01-29,601318,14:31:32,67.4100,253,2
2026-01-29,601318,14:31:35,67.4100,264,2
2026-01-29,601318,14:31:38,67.4100,446,2
2026-01-29,601318,14:31:41,67.4000,422,2
2026-01-29,601318,14:31:44,67.3900,649,2
2026-01-29,601318,14:31:47,67.4000,196,1
2026-01-29,601318,14:31:50,67.3900,391,2
2026-01-29,601318,14:31:53,67.3700,412,2
2026-01-29,601318,14:31:56,67.3900,195,1
2026-01-29,601318,14:31:59,67.3700,464,2
2026-01-29,601318,14:32:02,67.4200,935,1
2026-01-29,601318,14:32:05,67.4100,353,2
2026-01-29,601318,14:32:08,67.4200,259,1
2026-01-29,601318,14:32:11,67.4300,263,1
2026-01-29,601318,14:32:14,67.4200,222,2
2026-01-29,601318,14:32:17,67.4400,1322,1
2026-01-29,601318,14:32:20,67.4400,565,2
2026-01-29,601318,14:32:23,67.4400,561,2
2026-01-29,601318,14:32:26,67.4400,449,2
2026-01-29,601318,14:32:29,67.4400,689,1
2026-01-29,601318,14:32:32,67.4400,513,1
2026-01-29,601318,14:32:35,67.4700,241,4
2026-01-29,601318,14:32:38,67.5200,568,1
2026-01-29,601318,14:32:41,67.5200,252,2
2026-01-29,601318,14:32:44,67.5300,176,1
2026-01-29,601318,14:32:47,67.5400,127,2
2026-01-29,601318,14:32:50,67.5700,421,1
2026-01-29,601318,14:32:53,67.6000,215,1
2026-01-29,601318,14:32:56,67.6100,262,1
2026-01-29,601318,14:32:59,67.6400,367,1
2026-01-29,601318,14:33:02,67.6500,393,1
2026-01-29,601318,14:33:05,67.6800,284,1
2026-01-29,601318,14:33:08,67.6700,117,2
2026-01-29,601318,14:33:11,67.6800,172,1
2026-01-29,601318,14:33:14,67.6700,242,2
2026-01-29,601318,14:33:17,67.6700,536,2
2026-01-29,601318,14:33:20,67.6600,607,2
2026-01-29,601318,14:33:23,67.6300,753,2
2026-01-29,601318,14:33:26,67.6300,272,2
2026-01-29,601318,14:33:29,67.6200,543,2
2026-01-29,601318,14:33:32,67.6500,153,1
2026-01-29,601318,14:33:35,67.6600,322,1
2026-01-29,601318,14:33:38,67.6500,254,2
2026-01-29,601318,14:33:41,67.6500,119,2
2026-01-29,601318,14:33:44,67.6500,242,2
2026-01-29,601318,14:33:47,67.6600,243,1
2026-01-29,601318,14:33:50,67.6600,307,1
2026-01-29,601318,14:33:53,67.6800,186,1
2026-01-29,601318,14:33:56,67.6800,105,1
2026-01-29,601318,14:33:59,67.6900,194,1
2026-01-29,601318,14:34:02,67.7100,438,1
2026-01-29,601318,14:34:05,67.7200,149,1
2026-01-29,601318,14:34:08,67.6800,2610,2
2026-01-29,601318,14:34:11,67.6700,775,2
2026-01-29,601318,14:34:14,67.6700,314,2
2026-01-29,601318,14:34:17,67.6700,323,4
2026-01-29,601318,14:34:20,67.6800,64,1
2026-01-29,601318,14:34:23,67.6800,129,1
2026-01-29,601318,14:34:26,67.6800,55,1
2026-01-29,601318,14:34:29,67.6800,230,1
2026-01-29,601318,14:34:32,67.6900,239,1
2026-01-29,601318,14:34:35,67.6800,237,2
2026-01-29,601318,14:34:38,67.7000,328,1
2026-01-29,601318,14:34:41,67.7100,210,1
2026-01-29,601318,14:34:44,67.7200,138,1
2026-01-29,601318,14:34:47,67.7400,164,1
2026-01-29,601318,14:34:50,67.7600,188,1
2026-01-29,601318,14:34:53,67.7700,328,1
2026-01-29,601318,14:34:56,67.7800,361,1
2026-01-29,601318,14:34:59,67.8100,465,1
2026-01-29,601318,14:35:02,67.8000,339,2
2026-01-29,601318,14:35:05,67.8200,346,1
2026-01-29,601318,14:35:08,67.8300,794,1
2026-01-29,601318,14:35:11,67.8700,409,1
2026-01-29,601318,14:35:14,67.8700,354,1
2026-01-29,601318,14:35:17,67.8800,322,1
2026-01-29,601318,14:35:20,67.8600,2069,2
2026-01-29,601318,14:35:23,67.7900,737,2
2026-01-29,601318,14:35:26,67.7800,421,2
2026-01-29,601318,14:35:29,67.7700,372,2
2026-01-29,601318,14:35:32,67.8200,212,1
2026-01-29,601318,14:35:35,67.8100,103,1
2026-01-29,601318,14:35:38,67.7900,531,2
2026-01-29,601318,14:35:41,67.8000,161,1
2026-01-29,601318,14:35:44,67.8200,247,2
2026-01-29,601318,14:35:47,67.8200,290,1
2026-01-29,601318,14:35:50,67.8000,150,2
2026-01-29,601318,14:35:53,67.8100,311,1
2026-01-29,601318,14:35:56,67.8000,227,2
2026-01-29,601318,14:35:59,67.8000,457,2
2026-01-29,601318,14:36:02,67.8200,435,1
2026-01-29,601318,14:36:05,67.8000,553,2
2026-01-29,601318,14:36:08,67.8100,379,1
2026-01-29,601318,14:36:11,67.8200,176,1
2026-01-29,601318,14:36:14,67.8200,506,2
2026-01-29,601318,14:36:17,67.8300,377,1
2026-01-29,601318,14:36:20,67.8300,310,2
2026-01-29,601318,14:36:23,67.8300,219,2
2026-01-29,601318,14:36:26,67.8500,324,1
2026-01-29,601318,14:36:29,67.8100,1540,2
2026-01-29,601318,14:36:32,67.7600,1561,2
2026-01-29,601318,14:36:35,67.7900,233,1
2026-01-29,601318,14:36:38,67.7800,149,1
2026-01-29,601318,14:36:41,67.7900,110,1
2026-01-29,601318,14:36:44,67.7900,124,1
2026-01-29,601318,14:36:47,67.8000,181,1
2026-01-29,601318,14:36:50,67.8100,148,1
2026-01-29,601318,14:36:53,67.8100,265,1
2026-01-29,601318,14:36:56,67.8100,161,2
2026-01-29,601318,14:36:59,67.8100,238,1
2026-01-29,601318,14:37:02,67.8200,537,2
2026-01-29,601318,14:37:05,67.8300,447,1
2026-01-29,601318,14:37:08,67.8400,369,1
2026-01-29,601318,14:37:11,67.8500,376,1
2026-01-29,601318,14:37:14,67.8500,634,2
2026-01-29,601318,14:37:17,67.8700,64,1
2026-01-29,601318,14:37:20,67.8700,1611,2
2026-01-29,601318,14:37:23,67.8500,713,2
2026-01-29,601318,14:37:26,67.8600,343,1
2026-01-29,601318,14:37:29,67.8800,501,1
2026-01-29,601318,14:37:32,67.8900,560,1
2026-01-29,601318,14:37:35,67.9000,784,1
2026-01-29,601318,14:37:38,67.9100,156,4
2026-01-29,601318,14:37:41,67.9200,228,1
2026-01-29,601318,14:37:44,67.9300,169,1
2026-01-29,601318,14:37:47,67.9300,626,2
2026-01-29,601318,14:37:50,67.9300,4464,2
2026-01-29,601318,14:37:53,67.8300,1516,2
2026-01-29,601318,14:37:56,67.8600,416,1
2026-01-29,601318,14:37:59,67.8100,196,2
2026-01-29,601318,14:38:02,67.8200,447,1
2026-01-29,601318,14:38:05,67.8400,209,1
2026-01-29,601318,14:38:08,67.8700,216,1
2026-01-29,601318,14:38:11,67.8800,105,1
2026-01-29,601318,14:38:14,67.8900,130,2
2026-01-29,601318,14:38:17,67.9000,591,1
2026-01-29,601318,14:38:20,67.9000,222,2
2026-01-29,601318,14:38:23,67.9400,585,1
2026-01-29,601318,14:38:26,67.9500,900,1
2026-01-29,601318,14:38:29,67.9500,355,1
2026-01-29,601318,14:38:32,67.9600,1113,1
2026-01-29,601318,14:38:35,67.9600,1853,1
2026-01-29,601318,14:38:38,67.9300,2188,2
2026-01-29,601318,14:38:41,67.9100,567,2
2026-01-29,601318,14:38:44,67.9300,211,4
2026-01-29,601318,14:38:47,67.9600,236,1
2026-01-29,601318,14:38:50,67.9600,3340,1
2026-01-29,601318,14:38:53,67.9700,831,1
2026-01-29,601318,14:38:56,68.0000,9157,1
2026-01-29,601318,14:38:59,67.9900,2204,2
2026-01-29,601318,14:39:02,67.9700,1707,2
2026-01-29,601318,14:39:05,67.9800,964,1
2026-01-29,601318,14:39:08,67.9900,5745,1
2026-01-29,601318,14:39:11,68.0100,3023,1
2026-01-29,601318,14:39:14,68.0000,1563,2
2026-01-29,601318,14:39:17,67.9900,457,2
2026-01-29,601318,14:39:20,68.0000,274,4
2026-01-29,601318,14:39:23,67.9900,755,2
2026-01-29,601318,14:39:26,67.9900,248,2
2026-01-29,601318,14:39:29,67.9700,577,2
2026-01-29,601318,14:39:32,67.9800,307,1
2026-01-29,601318,14:39:35,68.0000,567,1
2026-01-29,601318,14:39:38,68.0100,484,1
2026-01-29,601318,14:39:41,67.9900,578,2
2026-01-29,601318,14:39:44,68.0100,704,1
2026-01-29,601318,14:39:47,68.0100,445,1
2026-01-29,601318,14:39:50,68.0100,533,2
2026-01-29,601318,14:39:53,67.9900,743,2
2026-01-29,601318,14:39:56,67.9400,906,2
2026-01-29,601318,14:39:59,67.9400,942,2
2026-01-29,601318,14:40:02,67.9500,130,1
2026-01-29,601318,14:40:05,67.9400,216,2
2026-01-29,601318,14:40:08,67.9500,215,1
2026-01-29,601318,14:40:11,67.9200,112,2
2026-01-29,601318,14:40:14,67.9200,149,2
2026-01-29,601318,14:40:17,67.9000,392,2
2026-01-29,601318,14:40:20,67.8700,699,2
2026-01-29,601318,14:40:23,67.8500,451,2
2026-01-29,601318,14:40:26,67.8800,513,1
2026-01-29,601318,14:40:29,67.9000,540,1
2026-01-29,601318,14:40:32,67.9000,203,2
2026-01-29,601318,14:40:35,67.9300,235,1
2026-01-29,601318,14:40:38,67.9500,266,1
2026-01-29,601318,14:40:41,67.9200,130,2
2026-01-29,601318,14:40:44,67.9400,245,1
2026-01-29,601318,14:40:47,67.9400,202,2
2026-01-29,601318,14:40:50,67.9400,312,2
2026-01-29,601318,14:40:53,67.9300,906,2
2026-01-29,601318,14:40:56,67.9100,285,2
2026-01-29,601318,14:40:59,67.9100,105,2
2026-01-29,601318,14:41:02,67.9200,135,1
2026-01-29,601318,14:41:05,67.9100,723,2
2026-01-29,601318,14:41:08,67.8900,332,2
2026-01-29,601318,14:41:11,67.8900,121,1
2026-01-29,601318,14:41:14,67.8800,44,1
2026-01-29,601318,14:41:17,67.8500,131,2
2026-01-29,601318,14:41:20,67.8700,159,1
2026-01-29,601318,14:41:23,67.8500,578,2
2026-01-29,601318,14:41:26,67.8300,274,2
2026-01-29,601318,14:41:29,67.8900,274,1
2026-01-29,601318,14:41:32,67.8800,170,2
2026-01-29,601318,14:41:35,67.8900,391,1
2026-01-29,601318,14:41:38,67.8900,143,2
2026-01-29,601318,14:41:41,67.8900,238,2
2026-01-29,601318,14:41:44,67.8900,525,2
2026-01-29,601318,14:41:47,67.9100,412,1
2026-01-29,601318,14:41:50,67.9300,408,1
2026-01-29,601318,14:41:53,67.9200,125,4
2026-01-29,601318,14:41:56,67.9500,2171,1
2026-01-29,601318,14:41:59,67.9700,398,1
2026-01-29,601318,14:42:02,68.0000,1971,1
2026-01-29,601318,14:42:05,67.9500,686,2
2026-01-29,601318,14:42:08,67.9400,271,2
2026-01-29,601318,14:42:11,67.9300,351,2
2026-01-29,601318,14:42:14,67.9000,490,2
2026-01-29,601318,14:42:17,67.9400,108,1
2026-01-29,601318,14:42:20,67.9300,282,2
2026-01-29,601318,14:42:23,67.9400,103,1
2026-01-29,601318,14:42:26,67.9200,742,2
2026-01-29,601318,14:42:29,67.9300,445,4
2026-01-29,601318,14:42:32,67.9000,760,2
2026-01-29,601318,14:42:35,67.8800,452,2
2026-01-29,601318,14:42:38,67.8900,149,1
2026-01-29,601318,14:42:41,67.8700,326,2
2026-01-29,601318,14:42:44,67.8900,489,1
2026-01-29,601318,14:42:47,67.8600,414,2
2026-01-29,601318,14:42:50,67.8500,351,2
2026-01-29,601318,14:42:53,67.8400,1145,2
2026-01-29,601318,14:42:56,67.8000,491,2
2026-01-29,601318,14:42:59,67.7400,464,2
2026-01-29,601318,14:43:02,67.8100,341,1
2026-01-29,601318,14:43:05,67.7700,207,2
2026-01-29,601318,14:43:08,67.8000,209,1
2026-01-29,601318,14:43:11,67.8100,116,1
2026-01-29,601318,14:43:14,67.8100,182,2
2026-01-29,601318,14:43:17,67.7800,218,2
2026-01-29,601318,14:43:20,67.8000,95,1
2026-01-29,601318,14:43:23,67.8000,317,1
2026-01-29,601318,14:43:26,67.7800,251,2
2026-01-29,601318,14:43:29,67.7800,453,1
2026-01-29,601318,14:43:32,67.7800,733,2
2026-01-29,601318,14:43:35,67.7800,1087,2
2026-01-29,601318,14:43:38,67.8200,256,1
2026-01-29,601318,14:43:41,67.7900,272,2
2026-01-29,601318,14:43:44,67.7900,958,2
2026-01-29,601318,14:43:47,67.7900,884,1
2026-01-29,601318,14:43:50,67.7800,1100,1
2026-01-29,601318,14:43:53,67.7900,274,1
2026-01-29,601318,14:43:56,67.8000,321,4
2026-01-29,601318,14:43:59,67.8100,342,1
2026-01-29,601318,14:44:02,67.8100,496,2
2026-01-29,601318,14:44:05,67.8100,966,2
2026-01-29,601318,14:44:08,67.7800,788,2
2026-01-29,601318,14:44:11,67.7600,1221,2
2026-01-29,601318,14:44:14,67.7400,1196,2
2026-01-29,601318,14:44:17,67.7400,524,1
2026-01-29,601318,14:44:20,67.7200,753,2
2026-01-29,601318,14:44:23,67.7800,575,1
2026-01-29,601318,14:44:26,67.8000,1160,1
2026-01-29,601318,14:44:29,67.8100,1075,1
2026-01-29,601318,14:44:32,67.7900,492,1
2026-01-29,601318,14:44:35,67.8000,310,1
2026-01-29,601318,14:44:38,67.8100,349,1
2026-01-29,601318,14:44:41,67.8200,498,2
2026-01-29,601318,14:44:44,67.8200,343,2
2026-01-29,601318,14:44:47,67.8000,860,2
2026-01-29,601318,14:44:50,67.7700,959,2
2026-01-29,601318,14:44:53,67.7800,245,1
2026-01-29,601318,14:44:56,67.7700,712,2
2026-01-29,601318,14:44:59,67.8200,216,1
2026-01-29,601318,14:45:02,67.8100,114,1
2026-01-29,601318,14:45:05,67.8200,211,1
2026-01-29,601318,14:45:08,67.8100,137,4
2026-01-29,601318,14:45:11,67.8300,247,1
2026-01-29,601318,14:45:14,67.8500,264,1
2026-01-29,601318,14:45:17,67.8500,273,2
2026-01-29,601318,14:45:20,67.8700,149,1
2026-01-29,601318,14:45:23,67.8400,528,2
2026-01-29,601318,14:45:26,67.8200,342,2
2026-01-29,601318,14:45:29,67.8200,640,2
2026-01-29,601318,14:45:32,67.7900,1144,2
2026-01-29,601318,14:45:35,67.8100,1401,1
2026-01-29,601318,14:45:38,67.8000,276,2
2026-01-29,601318,14:45:41,67.8000,216,2
2026-01-29,601318,14:45:44,67.8100,804,1
2026-01-29,601318,14:45:47,67.8000,326,2
2026-01-29,601318,14:45:50,67.8100,361,1
2026-01-29,601318,14:45:53,67.7800,1146,2
2026-01-29,601318,14:45:56,67.7400,1200,2
2026-01-29,601318,14:45:59,67.7000,1515,2
2026-01-29,601318,14:46:02,67.6900,555,2
2026-01-29,601318,14:46:05,67.7000,547,1
2026-01-29,601318,14:46:08,67.7200,925,1
2026-01-29,601318,14:46:11,67.7000,540,2
2026-01-29,601318,14:46:14,67.6900,1571,2
2026-01-29,601318,14:46:17,67.6900,752,1
2026-01-29,601318,14:46:20,67.6600,430,2
2026-01-29,601318,14:46:23,67.6800,1027,1
2026-01-29,601318,14:46:26,67.6700,466,4
2026-01-29,601318,14:46:29,67.6600,1016,2
2026-01-29,601318,14:46:32,67.6300,417,2
2026-01-29,601318,14:46:35,67.6300,1771,2
2026-01-29,601318,14:46:38,67.6100,851,1
2026-01-29,601318,14:46:41,67.7000,764,1
2026-01-29,601318,14:46:44,67.6700,697,2
2026-01-29,601318,14:46:47,67.6500,486,2
2026-01-29,601318,14:46:50,67.6700,1512,1
2026-01-29,601318,14:46:53,67.6600,486,2
2026-01-29,601318,14:46:56,67.6500,1396,2
2026-01-29,601318,14:46:59,67.6700,532,1
2026-01-29,601318,14:47:02,67.6300,844,2
2026-01-29,601318,14:47:05,67.6300,1538,1
2026-01-29,601318,14:47:08,67.5500,760,2
2026-01-29,601318,14:47:11,67.5800,683,1
2026-01-29,601318,14:47:14,67.5400,301,2
2026-01-29,601318,14:47:17,67.5500,558,1
2026-01-29,601318,14:47:20,67.5500,208,2
2026-01-29,601318,14:47:23,67.5600,553,4
2026-01-29,601318,14:47:26,67.6000,569,1
2026-01-29,601318,14:47:29,67.6100,733,1
2026-01-29,601318,14:47:32,67.6000,266,1
2026-01-29,601318,14:47:35,67.5600,202,2
2026-01-29,601318,14:47:38,67.6000,1282,1
2026-01-29,601318,14:47:41,67.5600,1079,2
2026-01-29,601318,14:47:44,67.5500,439,2
2026-01-29,601318,14:47:47,67.6000,650,1
2026-01-29,601318,14:47:50,67.5500,399,2
2026-01-29,601318,14:47:53,67.6000,362,1
2026-01-29,601318,14:47:56,67.6000,357,2
2026-01-29,601318,14:47:59,67.6100,323,2
2026-01-29,601318,14:48:02,67.6000,569,2
2026-01-29,601318,14:48:05,67.6000,1723,2
2026-01-29,601318,14:48:08,67.5600,1009,2
2026-01-29,601318,14:48:11,67.5600,2129,2
2026-01-29,601318,14:48:14,67.6000,844,1
2026-01-29,601318,14:48:17,67.5500,292,2
2026-01-29,601318,14:48:20,67.5600,283,1
2026-01-29,601318,14:48:23,67.5500,1089,2
2026-01-29,601318,14:48:26,67.5600,368,1
2026-01-29,601318,14:48:29,67.5600,372,1
2026-01-29,601318,14:48:32,67.5600,672,1
2026-01-29,601318,14:48:35,67.5600,1178,2
2026-01-29,601318,14:48:38,67.5600,382,2
2026-01-29,601318,14:48:41,67.5600,197,1
2026-01-29,601318,14:48:44,67.5700,705,1
2026-01-29,601318,14:48:47,67.6000,1591,1
2026-01-29,601318,14:48:50,67.6100,347,1
2026-01-29,601318,14:48:53,67.6200,292,1
2026-01-29,601318,14:48:56,67.6400,119,1
2026-01-29,601318,14:48:59,67.6400,259,2
2026-01-29,601318,14:49:02,67.6500,287,1
2026-01-29,601318,14:49:05,67.6500,378,1
2026-01-29,601318,14:49:08,67.6700,477,1
2026-01-29,601318,14:49:11,67.7500,411,1
2026-01-29,601318,14:49:14,67.7100,290,2
2026-01-29,601318,14:49:17,67.7500,672,1
2026-01-29,601318,14:49:20,67.7100,710,2
2026-01-29,601318,14:49:23,67.7500,407,1
2026-01-29,601318,14:49:26,67.7500,99,2
2026-01-29,601318,14:49:29,67.7500,1186,2
2026-01-29,601318,14:49:32,67.7500,937,1
2026-01-29,601318,14:49:35,67.8000,12741,1
2026-01-29,601318,14:49:38,67.8500,647,4
2026-01-29,601318,14:49:41,67.8500,206,1
2026-01-29,601318,14:49:44,67.8500,281,1
2026-01-29,601318,14:49:47,67.8900,1206,1
2026-01-29,601318,14:49:50,67.8700,130,2
2026-01-29,601318,14:49:53,67.8600,3639,2
2026-01-29,601318,14:49:56,67.9600,1154,1
2026-01-29,601318,14:49:59,67.9500,3091,1
2026-01-29,601318,14:50:02,67.9600,1032,1
2026-01-29,601318,14:50:05,67.9500,378,2
2026-01-29,601318,14:50:08,67.9600,1373,1
2026-01-29,601318,14:50:11,67.9600,668,2
2026-01-29,601318,14:50:14,67.9000,1361,2
2026-01-29,601318,14:50:17,67.9800,1861,1
2026-01-29,601318,14:50:20,67.9600,1316,2
2026-01-29,601318,14:50:23,67.9600,229,1
2026-01-29,601318,14:50:26,67.9800,839,1
2026-01-29,601318,14:50:29,67.9800,325,4
2026-01-29,601318,14:50:32,67.9700,1505,2
2026-01-29,601318,14:50:35,67.9200,872,2
2026-01-29,601318,14:50:38,67.9600,411,1
2026-01-29,601318,14:50:41,67.9500,659,1
2026-01-29,601318,14:50:44,67.9400,327,1
2026-01-29,601318,14:50:47,67.9000,2743,2
2026-01-29,601318,14:50:50,67.9300,1589,1
2026-01-29,601318,14:50:53,67.8900,265,1
2026-01-29,601318,14:50:56,67.9000,192,2
2026-01-29,601318,14:50:59,67.8500,1321,2
2026-01-29,601318,14:51:02,67.7900,2144,2
2026-01-29,601318,14:51:05,67.8700,1951,1
2026-01-29,601318,14:51:08,67.9100,1526,1
2026-01-29,601318,14:51:11,67.8600,537,2
2026-01-29,601318,14:51:14,67.8700,226,1
2026-01-29,601318,14:51:17,67.8900,676,1
2026-01-29,601318,14:51:20,67.8700,125,1
2026-01-29,601318,14:51:23,67.8400,339,2
2026-01-29,601318,14:51:26,67.8400,1289,2
2026-01-29,601318,14:51:29,68.0000,5138,1
2026-01-29,601318,14:51:32,68.0100,1494,1
2026-01-29,601318,14:51:35,68.0000,2794,2
2026-01-29,601318,14:51:38,67.8800,3068,2
2026-01-29,601318,14:51:41,67.9300,118,1
2026-01-29,601318,14:51:44,67.9300,201,1
2026-01-29,601318,14:51:47,67.9300,458,1
2026-01-29,601318,14:51:50,67.9500,795,1
2026-01-29,601318,14:51:53,67.9300,309,2
2026-01-29,601318,14:51:56,67.9400,965,1
2026-01-29,601318,14:51:59,67.9400,386,1
2026-01-29,601318,14:52:02,67.9700,779,1
2026-01-29,601318,14:52:05,67.9900,274,1
2026-01-29,601318,14:52:08,67.9500,1896,2
2026-01-29,601318,14:52:11,67.9100,2218,2
2026-01-29,601318,14:52:14,67.9400,1179,1
2026-01-29,601318,14:52:17,67.9100,1609,2
2026-01-29,601318,14:52:20,67.9100,224,1
2026-01-29,601318,14:52:23,67.9100,416,2
2026-01-29,601318,14:52:26,67.9100,381,2
2026-01-29,601318,14:52:29,67.9200,579,2
2026-01-29,601318,14:52:32,67.9300,889,1
2026-01-29,601318,14:52:35,67.9200,639,2
2026-01-29,601318,14:52:38,67.9300,456,2
2026-01-29,601318,14:52:41,67.9200,382,1
2026-01-29,601318,14:52:44,67.9200,398,2
2026-01-29,601318,14:52:47,67.9000,1729,2
2026-01-29,601318,14:52:50,67.9200,1539,1
2026-01-29,601318,14:52:53,67.8600,436,2
2026-01-29,601318,14:52:56,67.8600,254,2
2026-01-29,601318,14:52:59,67.8500,357,2
2026-01-29,601318,14:53:02,67.8200,472,2
2026-01-29,601318,14:53:05,67.7500,766,2
2026-01-29,601318,14:53:08,67.7700,397,1
2026-01-29,601318,14:53:11,67.7100,926,2
2026-01-29,601318,14:53:14,67.7100,321,2
2026-01-29,601318,14:53:17,67.8000,994,1
2026-01-29,601318,14:53:20,67.8000,617,2
2026-01-29,601318,14:53:23,67.7400,380,2
2026-01-29,601318,14:53:26,67.7400,256,1
2026-01-29,601318,14:53:29,67.7400,323,2
2026-01-29,601318,14:53:32,67.7300,133,2
2026-01-29,601318,14:53:35,67.7300,1324,2
2026-01-29,601318,14:53:38,67.7400,880,1
2026-01-29,601318,14:53:41,67.7200,377,2
2026-01-29,601318,14:53:44,67.7400,834,1
2026-01-29,601318,14:53:47,67.7400,742,2
2026-01-29,601318,14:53:50,67.7400,329,1
2026-01-29,601318,14:53:53,67.7500,337,1
2026-01-29,601318,14:53:56,67.7600,818,1
2026-01-29,601318,14:53:59,67.7600,203,2
2026-01-29,601318,14:54:02,67.7300,1384,2
2026-01-29,601318,14:54:05,67.7300,550,2
2026-01-29,601318,14:54:08,67.7100,2504,2
2026-01-29,601318,14:54:11,67.7000,1434,2
2026-01-29,601318,14:54:14,67.6600,641,2
2026-01-29,601318,14:54:17,67.6400,494,2
2026-01-29,601318,14:54:20,67.6300,1867,2
2026-01-29,601318,14:54:23,67.6400,394,1
2026-01-29,601318,14:54:26,67.6800,348,1
2026-01-29,601318,14:54:29,67.6900,909,1
2026-01-29,601318,14:54:32,67.6800,391,1
2026-01-29,601318,14:54:35,67.6900,587,1
2026-01-29,601318,14:54:38,67.7100,755,1
2026-01-29,601318,14:54:41,67.7500,1367,1
2026-01-29,601318,14:54:44,67.7300,638,2
2026-01-29,601318,14:54:47,67.7400,509,1
2026-01-29,601318,14:54:50,67.7400,459,2
2026-01-29,601318,14:54:53,67.7300,332,4
2026-01-29,601318,14:54:56,67.7500,449,1
2026-01-29,601318,14:54:59,67.7500,456,1
2026-01-29,601318,14:55:02,67.7300,773,2
2026-01-29,601318,14:55:05,67.7500,1857,1
2026-01-29,601318,14:55:08,67.7700,629,4
2026-01-29,601318,14:55:11,67.7700,658,1
2026-01-29,601318,14:55:14,67.7500,411,2
2026-01-29,601318,14:55:17,67.8100,1357,1
2026-01-29,601318,14:55:20,67.8000,3834,2
2026-01-29,601318,14:55:23,67.8000,850,2
2026-01-29,601318,14:55:26,67.7700,132,2
2026-01-29,601318,14:55:29,67.7700,288,2
2026-01-29,601318,14:55:32,67.7700,5299,1
2026-01-29,601318,14:55:35,67.7700,318,2
2026-01-29,601318,14:55:38,67.7800,697,1
2026-01-29,601318,14:55:41,67.7800,1310,2
2026-01-29,601318,14:55:44,67.7400,1897,2
2026-01-29,601318,14:55:47,67.7500,1358,1
2026-01-29,601318,14:55:50,67.7800,604,1
2026-01-29,601318,14:55:53,67.7700,330,2
2026-01-29,601318,14:55:56,67.7900,518,1
2026-01-29,601318,14:55:59,67.7800,514,1
2026-01-29,601318,14:56:02,67.7900,198,1
2026-01-29,601318,14:56:05,67.8000,165,1
2026-01-29,601318,14:56:08,67.8200,502,1
2026-01-29,601318,14:56:11,67.8300,261,1
2026-01-29,601318,14:56:14,67.8500,246,1
2026-01-29,601318,14:56:17,67.8300,865,2
2026-01-29,601318,14:56:20,67.8900,610,1
2026-01-29,601318,14:56:23,67.8500,226,2
2026-01-29,601318,14:56:26,67.8500,95,2
2026-01-29,601318,14:56:29,67.8700,548,1
2026-01-29,601318,14:56:32,67.8500,486,2
2026-01-29,601318,14:56:35,67.8600,717,1
2026-01-29,601318,14:56:38,67.8500,763,1
2026-01-29,601318,14:56:41,67.8600,1115,1
2026-01-29,601318,14:56:44,67.8900,103,1
2026-01-29,601318,14:56:47,67.8900,225,1
2026-01-29,601318,14:56:50,67.9000,1089,1
2026-01-29,601318,14:56:53,67.9000,101,2
2026-01-29,601318,14:56:56,67.8900,666,2
2026-01-29,601318,14:56:59,67.8700,502,2
2026-01-29,601318,14:57:02,67.8800,70,1
2026-01-29,601318,15:00:03,68.0000,35438,4
2026-01-29,601318,13:17:08,66.3600,406,1
2026-01-29,601318,13:17:11,66.3500,297,2
2026-01-29,601318,13:17:14,66.2900,1041,2
2026-01-29,601318,13:17:17,66.3100,668,1
2026-01-29,601318,13:17:20,66.3100,141,2
2026-01-29,601318,13:17:23,66.3100,330,2
2026-01-29,601318,13:17:26,66.3000,495,2
2026-01-29,601318,13:17:29,66.3200,403,1
2026-01-29,601318,13:17:32,66.2700,635,2
2026-01-29,601318,13:17:35,66.2500,333,2
2026-01-29,601318,13:17:38,66.2600,795,2
2026-01-29,601318,13:17:41,66.2700,562,1
2026-01-29,601318,13:17:44,66.3400,696,1
2026-01-29,601318,13:17:47,66.3600,1137,1
2026-01-29,601318,13:17:50,66.3900,840,1
2026-01-29,601318,13:17:53,66.4500,1185,1
2026-01-29,601318,13:17:56,66.4500,683,1
2026-01-29,601318,13:17:59,66.5000,2070,1
2026-01-29,601318,13:18:02,66.4800,1039,2
2026-01-29,601318,13:18:05,66.5300,1312,1
2026-01-29,601318,13:18:08,66.5300,2403,2
2026-01-29,601318,13:18:11,66.5200,976,2
2026-01-29,601318,13:18:14,66.5100,447,2
2026-01-29,601318,13:18:17,66.5500,803,1
2026-01-29,601318,13:18:20,66.5500,2451,1
2026-01-29,601318,13:18:23,66.5600,1157,1
2026-01-29,601318,13:18:26,66.5500,690,2
2026-01-29,601318,13:18:29,66.5500,455,1
2026-01-29,601318,13:18:32,66.5400,469,2
2026-01-29,601318,13:18:35,66.5400,281,2
2026-01-29,601318,13:18:38,66.5400,659,1
2026-01-29,601318,13:18:41,66.5500,768,1
2026-01-29,601318,13:18:44,66.5400,622,2
2026-01-29,601318,13:18:47,66.5400,424,2
2026-01-29,601318,13:18:50,66.5600,543,1
2026-01-29,601318,13:18:53,66.5900,1187,1
2026-01-29,601318,13:18:56,66.5900,2563,1
2026-01-29,601318,13:18:59,66.6000,1667,1
2026-01-29,601318,13:19:02,66.6300,1095,1
2026-01-29,601318,13:19:05,66.6000,2187,2
2026-01-29,601318,13:19:08,66.6300,331,1
2026-01-29,601318,13:19:11,66.6200,662,2
2026-01-29,601318,13:19:14,66.5300,1017,2
2026-01-29,601318,13:19:17,66.5300,359,1
2026-01-29,601318,13:19:20,66.5200,535,2
2026-01-29,601318,13:19:23,66.5100,409,2
2026-01-29,601318,13:19:26,66.5000,647,2
2026-01-29,601318,13:19:29,66.5000,311,1
2026-01-29,601318,13:19:32,66.5200,548,1
2026-01-29,601318,13:19:35,66.5000,427,2
2026-01-29,601318,13:19:38,66.5100,703,1
2026-01-29,601318,13:19:41,66.5100,339,1
2026-01-29,601318,13:19:44,66.5000,571,2
2026-01-29,601318,13:19:47,66.5700,905,1
2026-01-29,601318,13:19:50,66.5600,1171,2
2026-01-29,601318,13:19:53,66.5900,248,1
2026-01-29,601318,13:19:56,66.5800,296,2
2026-01-29,601318,13:19:59,66.6200,348,1
2026-01-29,601318,13:20:02,66.6500,2486,1
2026-01-29,601318,13:20:05,66.6100,946,2
2026-01-29,601318,13:20:08,66.6200,1301,1
2026-01-29,601318,13:20:11,66.5700,1907,2
2026-01-29,601318,13:20:14,66.5200,1887,2
2026-01-29,601318,13:20:17,66.5200,1581,2
2026-01-29,601318,13:20:20,66.5200,840,1
2026-01-29,601318,13:20:23,66.5200,508,2
2026-01-29,601318,13:20:26,66.5200,497,2
2026-01-29,601318,13:20:29,66.5200,449,2
2026-01-29,601318,13:20:32,66.5200,439,2
2026-01-29,601318,13:20:35,66.5000,1195,2
2026-01-29,601318,13:20:38,66.5000,433,1
2026-01-29,601318,13:20:41,66.5000,423,2
2026-01-29,601318,13:20:44,66.5300,1479,1
2026-01-29,601318,13:20:47,66.5100,248,2
2026-01-29,601318,13:20:50,66.5600,891,1
2026-01-29,601318,13:20:53,66.5200,437,2
2026-01-29,601318,13:20:56,66.5100,377,2
2026-01-29,601318,13:20:59,66.5200,616,2
2026-01-29,601318,13:21:02,66.5200,131,2
2026-01-29,601318,13:21:05,66.5200,471,2
2026-01-29,601318,13:21:08,66.5100,359,2
2026-01-29,601318,13:21:11,66.5000,325,2
2026-01-29,601318,13:21:14,66.5100,495,1
2026-01-29,601318,13:21:17,66.5000,635,2
2026-01-29,601318,13:21:20,66.5000,340,1
2026-01-29,601318,13:21:23,66.4900,373,2
2026-01-29,601318,13:21:26,66.4700,438,2
2026-01-29,601318,13:21:29,66.4600,122,4
2026-01-29,601318,13:21:32,66.4500,398,2
2026-01-29,601318,13:21:35,66.4600,156,1
2026-01-29,601318,13:21:38,66.4500,440,2
2026-01-29,601318,13:21:41,66.4400,520,2
2026-01-29,601318,13:21:44,66.4400,544,1
2026-01-29,601318,13:21:47,66.4200,253,2
2026-01-29,601318,13:21:50,66.4200,62,2
2026-01-29,601318,13:21:53,66.4000,455,2
2026-01-29,601318,13:21:56,66.4200,112,1
2026-01-29,601318,13:21:59,66.4300,342,1
2026-01-29,601318,13:22:02,66.4200,610,2
2026-01-29,601318,13:22:05,66.4000,197,2
2026-01-29,601318,13:22:08,66.4200,288,1
2026-01-29,601318,13:22:11,66.4100,240,4
2026-01-29,601318,13:22:14,66.4200,489,1
2026-01-29,601318,13:22:17,66.4200,268,1
2026-01-29,601318,13:22:20,66.4100,42,2
2026-01-29,601318,13:22:23,66.3800,433,2
2026-01-29,601318,13:22:26,66.3800,172,1
2026-01-29,601318,13:22:29,66.4000,185,1
2026-01-29,601318,13:22:32,66.4000,592,1
2026-01-29,601318,13:22:35,66.4100,480,1
2026-01-29,601318,13:22:38,66.4400,647,1
2026-01-29,601318,13:22:41,66.4500,156,1
2026-01-29,601318,13:22:44,66.5100,2034,1
2026-01-29,601318,13:22:47,66.5200,100,1
2026-01-29,601318,13:22:50,66.5000,159,2
2026-01-29,601318,13:22:53,66.5000,124,2
2026-01-29,601318,13:22:56,66.4900,500,2
2026-01-29,601318,13:22:59,66.5000,228,1
2026-01-29,601318,13:23:02,66.5600,934,1
2026-01-29,601318,13:23:05,66.5800,2335,1
2026-01-29,601318,13:23:08,66.5800,247,1
2026-01-29,601318,13:23:11,66.5700,678,2
2026-01-29,601318,13:23:14,66.5800,579,1
2026-01-29,601318,13:23:17,66.5800,168,1
2026-01-29,601318,13:23:20,66.4900,3056,2
2026-01-29,601318,13:23:23,66.4600,639,2
2026-01-29,601318,13:23:26,66.4700,651,1
2026-01-29,601318,13:23:29,66.5500,625,1
2026-01-29,601318,13:23:32,66.5600,84,1
2026-01-29,601318,13:23:35,66.5600,315,2
2026-01-29,601318,13:23:38,66.5600,233,2
2026-01-29,601318,13:23:41,66.5600,413,1
2026-01-29,601318,13:23:44,66.5500,110,4
2026-01-29,601318,13:23:47,66.4900,325,2
2026-01-29,601318,13:23:50,66.5600,565,1
2026-01-29,601318,13:23:53,66.5600,254,1
2026-01-29,601318,13:23:56,66.5400,483,2
2026-01-29,601318,13:23:59,66.5500,239,4
2026-01-29,601318,13:24:02,66.5500,773,1
2026-01-29,601318,13:24:05,66.5400,158,2
2026-01-29,601318,13:24:08,66.5500,587,1
2026-01-29,601318,13:24:11,66.5700,920,1
2026-01-29,601318,13:24:14,66.5400,248,2
2026-01-29,601318,13:24:17,66.5600,122,1
2026-01-29,601318,13:24:20,66.5600,118,2
2026-01-29,601318,13:24:23,66.5700,208,1
2026-01-29,601318,13:24:26,66.5600,345,2
2026-01-29,601318,13:24:29,66.5800,424,1
2026-01-29,601318,13:24:32,66.5700,672,2
2026-01-29,601318,13:24:35,66.5600,379,2
2026-01-29,601318,13:24:38,66.5600,69,2
2026-01-29,601318,13:24:41,66.5800,234,1
2026-01-29,601318,13:24:44,66.5600,167,2
2026-01-29,601318,13:24:47,66.5500,158,2
2026-01-29,601318,13:24:50,66.5600,771,1
2026-01-29,601318,13:24:53,66.5500,512,4
2026-01-29,601318,13:24:56,66.5800,328,1
2026-01-29,601318,13:24:59,66.5600,1085,2
2026-01-29,601318,13:25:02,66.5500,466,2
2026-01-29,601318,13:25:05,66.5400,174,2
2026-01-29,601318,13:25:08,66.5500,86,1
2026-01-29,601318,13:25:11,66.5700,228,1
2026-01-29,601318,13:25:14,66.5400,172,2
2026-01-29,601318,13:25:17,66.5700,1282,1
2026-01-29,601318,13:25:20,66.5700,363,1
2026-01-29,601318,13:25:23,66.5800,1163,1
2026-01-29,601318,13:25:26,66.5400,671,2
2026-01-29,601318,13:25:29,66.5500,513,1
2026-01-29,601318,13:25:32,66.5700,876,1
2026-01-29,601318,13:25:35,66.5800,347,1
2026-01-29,601318,13:25:38,66.5600,504,2
2026-01-29,601318,13:25:41,66.5600,420,1
2026-01-29,601318,13:25:44,66.5600,157,1
2026-01-29,601318,13:25:47,66.5600,40,4
2026-01-29,601318,13:25:50,66.5500,193,2
2026-01-29,601318,13:25:53,66.5600,310,1
2026-01-29,601318,13:25:56,66.5500,302,2
2026-01-29,601318,13:25:59,66.5600,434,1
2026-01-29,601318,13:26:02,66.5600,688,1
2026-01-29,601318,13:26:05,66.5700,638,1
2026-01-29,601318,13:26:08,66.5700,1214,4
2026-01-29,601318,13:26:11,66.5800,470,1
2026-01-29,601318,13:26:14,66.5800,459,1
2026-01-29,601318,13:26:17,66.5800,112,1
2026-01-29,601318,13:26:20,66.5600,346,2
2026-01-29,601318,13:26:23,66.5100,842,2
2026-01-29,601318,13:26:26,66.4600,294,2
2026-01-29,601318,13:26:29,66.4600,170,1
2026-01-29,601318,13:26:32,66.4500,382,2
2026-01-29,601318,13:26:35,66.4500,128,2
2026-01-29,601318,13:26:38,66.4600,163,1
2026-01-29,601318,13:26:41,66.4600,52,2
2026-01-29,601318,13:26:44,66.5000,41,1
2026-01-29,601318,13:26:47,66.4800,176,2
2026-01-29,601318,13:26:50,66.4800,165,2
2026-01-29,601318,13:26:53,66.5000,64,1
2026-01-29,601318,13:26:56,66.4900,176,2
2026-01-29,601318,13:26:59,66.4900,119,1
2026-01-29,601318,13:27:02,66.4800,713,2
2026-01-29,601318,13:27:05,66.4900,678,1
2026-01-29,601318,13:27:08,66.4500,3920,2
2026-01-29,601318,13:27:11,66.4200,409,2
2026-01-29,601318,13:27:14,66.4000,286,2
2026-01-29,601318,13:27:17,66.4000,499,1
2026-01-29,601318,13:27:20,66.4400,362,1
2026-01-29,601318,13:27:23,66.4300,425,2
2026-01-29,601318,13:27:26,66.4600,255,1
2026-01-29,601318,13:27:29,66.4200,223,2
2026-01-29,601318,13:27:32,66.4300,101,1
2026-01-29,601318,13:27:35,66.4300,194,2
2026-01-29,601318,13:27:38,66.4100,176,2
2026-01-29,601318,13:27:41,66.4300,127,1
2026-01-29,601318,13:27:44,66.4400,309,1
2026-01-29,601318,13:27:47,66.4300,337,2
2026-01-29,601318,13:27:50,66.4000,1217,2
2026-01-29,601318,13:27:53,66.4600,866,1
2026-01-29,601318,13:27:56,66.4700,210,4
2026-01-29,601318,13:27:59,66.4600,392,2
2026-01-29,601318,13:28:02,66.4900,351,1
2026-01-29,601318,13:28:05,66.4900,244,1
2026-01-29,601318,13:28:08,66.5000,1173,1
2026-01-29,601318,13:28:11,66.5600,1684,1
2026-01-29,601318,13:28:14,66.5800,2127,1
2026-01-29,601318,13:28:17,66.6600,7858,1
2026-01-29,601318,13:28:20,66.6700,2072,1
2026-01-29,601318,13:28:23,66.6400,879,2
2026-01-29,601318,13:28:26,66.6900,2205,1
2026-01-29,601318,13:28:29,66.6700,1466,2
2026-01-29,601318,13:28:32,66.6900,1855,1
2026-01-29,601318,13:28:35,66.7200,1107,1
2026-01-29,601318,13:28:38,66.7500,2104,1
2026-01-29,601318,13:28:41,66.8200,5327,1
2026-01-29,601318,13:28:44,66.8200,700,2
2026-01-29,601318,13:28:47,66.8600,470,1
2026-01-29,601318,13:28:50,66.8600,3482,1
2026-01-29,601318,13:28:53,66.8800,1469,1
2026-01-29,601318,13:28:56,66.8800,392,1
2026-01-29,601318,13:28:59,66.8800,613,1
2026-01-29,601318,13:29:02,66.8800,507,2
2026-01-29,601318,13:29:05,66.9000,1237,1
2026-01-29,601318,13:29:08,66.9100,642,1
2026-01-29,601318,13:29:11,66.9200,992,1
2026-01-29,601318,13:29:14,66.9200,776,2
2026-01-29,601318,13:29:17,66.9300,541,1
2026-01-29,601318,13:29:20,66.9300,403,1
2026-01-29,601318,13:29:23,66.9400,1673,1
2026-01-29,601318,13:29:26,66.9400,444,1
2026-01-29,601318,13:29:29,66.9400,774,2
2026-01-29,601318,13:29:32,66.9300,569,2
2026-01-29,601318,13:29:35,66.9100,1838,2
2026-01-29,601318,13:29:38,66.9000,308,4
2026-01-29,601318,13:29:41,66.9300,1112,1
2026-01-29,601318,13:29:44,66.9400,218,1
2026-01-29,601318,13:29:47,66.9400,407,1
2026-01-29,601318,13:29:50,66.9400,538,1
2026-01-29,601318,13:29:53,66.9400,775,1
2026-01-29,601318,13:29:56,66.9700,1382,1
2026-01-29,601318,13:29:59,66.9900,11184,1
2026-01-29,601318,13:30:02,67.0400,4593,1
2026-01-29,601318,13:30:05,67.0800,504,1
2026-01-29,601318,13:30:08,67.0500,404,2
2026-01-29,601318,13:30:11,67.1100,1120,1
2026-01-29,601318,13:30:14,67.1100,403,2
2026-01-29,601318,13:30:17,67.1600,1243,1
2026-01-29,601318,13:30:20,67.1200,1104,2
2026-01-29,601318,13:30:23,67.1600,3337,1
2026-01-29,601318,13:30:26,67.1400,675,2
2026-01-29,601318,13:30:29,67.0600,1064,2
2026-01-29,601318,13:30:32,67.1200,1990,1
2026-01-29,601318,13:30:35,67.0500,806,1
2026-01-29,601318,13:30:38,67.0400,662,2
2026-01-29,601318,13:30:41,67.0500,284,1
2026-01-29,601318,13:30:44,67.0200,1069,2
2026-01-29,601318,13:30:47,67.0500,299,2
2026-01-29,601318,13:30:50,67.0300,1003,2
2026-01-29,601318,13:30:53,67.0400,610,1
2026-01-29,601318,13:30:56,67.0400,264,1
2026-01-29,601318,13:30:59,67.0400,252,1
2026-01-29,601318,13:31:02,67.0400,223,2
2026-01-29,601318,13:31:05,67.0000,1302,2
2026-01-29,601318,13:31:08,66.9500,772,2
2026-01-29,601318,13:31:11,66.9700,924,1
2026-01-29,601318,13:31:14,66.9200,797,2
2026-01-29,601318,13:31:17,66.9300,570,2
2026-01-29,601318,13:31:20,67.0300,2476,1
2026-01-29,601318,13:31:23,67.1200,1906,1
2026-01-29,601318,13:31:26,67.1200,638,2
2026-01-29,601318,13:31:29,67.1200,567,2
2026-01-29,601318,13:31:32,67.1100,398,1
2026-01-29,601318,13:31:35,67.0800,558,2
2026-01-29,601318,13:31:38,67.0700,438,2
2026-01-29,601318,13:31:41,67.0900,472,1
2026-01-29,601318,13:31:44,67.1000,552,1
2026-01-29,601318,13:31:47,67.1000,624,2
2026-01-29,601318,13:31:50,67.1000,398,1
2026-01-29,601318,13:31:53,67.0900,717,2
2026-01-29,601318,13:31:56,67.1200,783,1
2026-01-29,601318,13:31:59,67.1200,923,2
2026-01-29,601318,13:32:02,67.1400,745,1
2026-01-29,601318,13:32:05,67.1600,1231,1
2026-01-29,601318,13:32:08,67.1900,1651,1
2026-01-29,601318,13:32:11,67.1700,1213,2
2026-01-29,601318,13:32:14,67.1000,1074,2
2026-01-29,601318,13:32:17,67.0900,715,4
2026-01-29,601318,13:32:20,67.0200,805,2
2026-01-29,601318,13:32:23,67.1000,1535,1
2026-01-29,601318,13:32:26,67.0800,309,2
2026-01-29,601318,13:32:29,67.0700,814,1
2026-01-29,601318,13:32:32,67.0300,733,2
2026-01-29,601318,13:32:35,67.0100,201,2
2026-01-29,601318,13:32:38,67.0300,212,1
2026-01-29,601318,13:32:41,67.0300,598,1
2026-01-29,601318,13:32:44,67.0200,408,1
2026-01-29,601318,13:32:47,67.0000,716,2
2026-01-29,601318,13:32:50,66.9900,546,2
2026-01-29,601318,13:32:53,66.9600,545,2
2026-01-29,601318,13:32:56,66.9600,296,2
2026-01-29,601318,13:32:59,66.9600,552,1
2026-01-29,601318,13:33:02,66.9700,803,1
2026-01-29,601318,13:33:05,66.9700,719,1
2026-01-29,601318,13:33:08,66.9500,451,2
2026-01-29,601318,13:33:11,66.9600,670,2
2026-01-29,601318,13:33:14,66.9900,326,1
2026-01-29,601318,13:33:17,66.9900,583,1
2026-01-29,601318,13:33:20,67.0000,594,1
2026-01-29,601318,13:33:23,67.0000,573,1
2026-01-29,601318,13:33:26,67.0000,433,2
2026-01-29,601318,13:33:29,67.0000,377,1
2026-01-29,601318,13:33:32,67.0000,885,2
2026-01-29,601318,13:33:35,67.0000,388,1
2026-01-29,601318,13:33:38,67.0000,1034,1
2026-01-29,601318,13:33:41,67.0000,627,2
2026-01-29,601318,13:33:44,67.0000,349,1
2026-01-29,601318,13:33:47,67.0900,4780,1
2026-01-29,601318,13:33:50,67.0900,758,2
2026-01-29,601318,13:33:53,67.1000,260,1
2026-01-29,601318,13:33:56,67.1000,184,2
2026-01-29,601318,13:33:59,67.1000,242,2
2026-01-29,601318,13:34:02,67.0600,1862,2
2026-01-29,601318,13:34:05,67.0400,397,2
2026-01-29,601318,13:34:08,67.0400,570,1
2026-01-29,601318,13:34:11,67.0400,584,1
2026-01-29,601318,13:34:14,67.0000,945,2
2026-01-29,601318,13:34:17,66.9600,1193,2
2026-01-29,601318,13:34:20,66.9300,300,2
2026-01-29,601318,13:34:23,66.8600,236,2
2026-01-29,601318,13:34:26,66.9000,35,2
2026-01-29,601318,13:34:29,66.9600,224,1
2026-01-29,601318,13:34:32,66.9900,611,1
2026-01-29,601318,13:34:35,67.0100,371,1
2026-01-29,601318,13:34:38,67.0100,352,1
2026-01-29,601318,13:34:41,67.0200,136,1
2026-01-29,601318,13:34:44,67.0300,207,1
2026-01-29,601318,13:34:47,67.0400,434,1
2026-01-29,601318,13:34:50,67.0500,209,2
2026-01-29,601318,13:34:53,67.0200,346,2
2026-01-29,601318,13:34:56,67.0300,347,2
2026-01-29,601318,13:34:59,67.0300,236,1
2026-01-29,601318,13:35:02,67.0200,155,2
2026-01-29,601318,13:35:05,67.0400,520,1
2026-01-29,601318,13:35:08,67.0400,790,4
2026-01-29,601318,13:35:11,67.0700,380,1
2026-01-29,601318,13:35:14,67.1000,2230,1
2026-01-29,601318,13:35:17,67.0300,257,4
2026-01-29,601318,13:35:20,67.0400,926,1
2026-01-29,601318,13:35:23,67.0600,158,4
2026-01-29,601318,13:35:26,67.0500,651,2
2026-01-29,601318,13:35:29,67.0600,404,2
2026-01-29,601318,13:35:32,67.0900,196,1
2026-01-29,601318,13:35:35,67.0600,163,2
2026-01-29,601318,13:35:38,67.0700,449,4
2026-01-29,601318,13:35:41,67.0900,196,1
2026-01-29,601318,13:35:44,67.0800,1748,2
2026-01-29,601318,13:35:47,67.0900,751,1
2026-01-29,601318,13:35:50,67.1000,315,1
2026-01-29,601318,13:35:53,67.1200,539,1
2026-01-29,601318,13:35:56,67.0800,693,2
2026-01-29,601318,13:35:59,67.1200,384,1
2026-01-29,601318,13:36:02,67.1300,3997,1
2026-01-29,601318,13:36:05,67.1900,666,1
2026-01-29,601318,13:36:08,67.2000,1189,1
2026-01-29,601318,13:36:11,67.2000,467,1
2026-01-29,601318,13:36:14,67.1900,1321,2
2026-01-29,601318,13:36:17,67.1900,840,2
2026-01-29,601318,13:36:20,67.1700,566,2
2026-01-29,601318,13:36:23,67.1900,1323,1
2026-01-29,601318,13:36:26,67.2300,2380,1
2026-01-29,601318,13:36:29,67.2300,1353,2
2026-01-29,601318,13:36:32,67.2400,1293,1
2026-01-29,601318,13:36:35,67.2500,815,4
2026-01-29,601318,13:36:38,67.2500,769,1
2026-01-29,601318,13:36:41,67.2600,1208,4
2026-01-29,601318,13:36:44,67.2100,1101,2
2026-01-29,601318,13:36:47,67.2600,535,1
2026-01-29,601318,13:36:50,67.2400,403,2
2026-01-29,601318,13:36:53,67.2500,366,1
2026-01-29,601318,13:36:56,67.2700,593,1
2026-01-29,601318,13:36:59,67.2600,232,2
2026-01-29,601318,13:37:02,67.2500,1193,2
2026-01-29,601318,13:37:05,67.2000,1394,2
2026-01-29,601318,13:37:08,67.1200,412,2
2026-01-29,601318,13:37:11,67.1500,318,2
2026-01-29,601318,13:37:14,67.1800,294,1
2026-01-29,601318,13:37:17,67.1700,297,2
2026-01-29,601318,13:37:20,67.2100,360,1
2026-01-29,601318,13:37:23,67.2000,433,2
2026-01-29,601318,13:37:26,67.2300,615,1
2026-01-29,601318,13:37:29,67.2300,476,2
2026-01-29,601318,13:37:32,67.2600,506,1
2026-01-29,601318,13:37:35,67.2600,538,1
2026-01-29,601318,13:37:38,67.2400,275,2
2026-01-29,601318,13:37:41,67.2200,899,2
2026-01-29,601318,13:37:44,67.2000,1001,2
2026-01-29,601318,13:37:47,67.1500,553,2
2026-01-29,601318,13:37:50,67.1800,119,1
2026-01-29,601318,13:37:53,67.2200,751,1
2026-01-29,601318,13:37:56,67.2200,395,2
2026-01-29,601318,13:37:59,67.2200,560,2
2026-01-29,601318,13:38:02,67.2300,218,4
2026-01-29,601318,13:38:05,67.2200,337,2
2026-01-29,601318,13:38:08,67.2100,182,1
2026-01-29,601318,13:38:11,67.2400,455,1
2026-01-29,601318,13:38:14,67.2700,2016,1
2026-01-29,601318,13:38:17,67.2700,1318,1
2026-01-29,601318,13:38:20,67.2600,819,2
2026-01-29,601318,13:38:23,67.2600,300,2
2026-01-29,601318,13:38:26,67.2600,2448,2
2026-01-29,601318,13:38:29,67.1900,507,2
2026-01-29,601318,13:38:32,67.2300,848,1
2026-01-29,601318,13:38:35,67.2200,480,1
2026-01-29,601318,13:38:38,67.2100,639,2
2026-01-29,601318,13:38:41,67.2100,248,2
2026-01-29,601318,13:38:44,67.2100,473,2
2026-01-29,601318,13:38:47,67.2100,190,1
2026-01-29,601318,13:38:50,67.2100,354,1
2026-01-29,601318,13:38:53,67.2000,438,2
2026-01-29,601318,13:38:56,67.2000,211,2
2026-01-29,601318,13:38:59,67.2000,138,1
2026-01-29,601318,13:39:02,67.2000,128,1
2026-01-29,601318,13:39:05,67.1800,352,2
2026-01-29,601318,13:39:08,67.1800,264,1
2026-01-29,601318,13:39:11,67.1900,376,1
2026-01-29,601318,13:39:14,67.1900,328,1
2026-01-29,601318,13:39:17,67.1900,299,2
2026-01-29,601318,13:39:20,67.1800,538,2
2026-01-29,601318,13:39:23,67.1800,226,1
2026-01-29,601318,13:39:26,67.1900,295,1
2026-01-29,601318,13:39:29,67.1800,246,4
2026-01-29,601318,13:39:32,67.1800,285,1
2026-01-29,601318,13:39:35,67.1600,682,2
2026-01-29,601318,13:39:38,67.1800,213,1
2026-01-29,601318,13:39:41,67.1700,84,2
2026-01-29,601318,13:39:44,67.1600,302,2
2026-01-29,601318,13:39:47,67.1700,65,1
2026-01-29,601318,13:39:50,67.1600,150,2
2026-01-29,601318,13:39:53,67.1600,393,2
2026-01-29,601318,13:39:56,67.1500,409,2
2026-01-29,601318,13:39:59,67.1300,117,2
2026-01-29,601318,13:40:02,67.1400,595,1
2026-01-29,601318,13:40:05,67.1500,183,4
2026-01-29,601318,13:40:08,67.1500,177,2
2026-01-29,601318,13:40:11,67.1400,571,2
2026-01-29,601318,13:40:14,67.1300,553,2
2026-01-29,601318,13:40:17,67.1400,213,1
2026-01-29,601318,13:40:20,67.1200,198,2
2026-01-29,601318,13:40:23,67.1100,225,2
2026-01-29,601318,13:40:26,67.2000,3142,1
2026-01-29,601318,13:40:29,67.2100,2040,1
2026-01-29,601318,13:40:32,67.2500,1014,1
2026-01-29,601318,13:40:35,67.2800,1378,1
2026-01-29,601318,13:40:38,67.3000,3059,1
2026-01-29,601318,13:40:41,67.3000,1087,1
2026-01-29,601318,13:40:44,67.3000,1212,1
2026-01-29,601318,13:40:47,67.2900,445,2
2026-01-29,601318,13:40:50,67.2800,667,2
2026-01-29,601318,13:40:53,67.3300,2169,1
2026-01-29,601318,13:40:56,67.3400,746,1
2026-01-29,601318,13:40:59,67.3400,493,1
2026-01-29,601318,13:41:02,67.3400,934,2
2026-01-29,601318,13:41:05,67.3600,757,1
2026-01-29,601318,13:41:08,67.3600,741,1
2026-01-29,601318,13:41:11,67.3700,2475,1
2026-01-29,601318,13:41:14,67.3300,2965,2
2026-01-29,601318,13:41:17,67.3000,1003,2
2026-01-29,601318,13:41:20,67.3400,2141,1
2026-01-29,601318,13:41:23,67.2900,481,2
2026-01-29,601318,13:41:26,67.3200,3031,1
2026-01-29,601318,13:41:29,67.3300,423,2
2026-01-29,601318,13:41:32,67.3000,480,2
2026-01-29,601318,13:41:35,67.3400,1185,1
2026-01-29,601318,13:41:38,67.3300,543,2
2026-01-29,601318,13:41:41,67.3300,475,2
2026-01-29,601318,13:41:44,67.3300,490,1
2026-01-29,601318,13:41:47,67.3200,403,2
2026-01-29,601318,13:41:50,67.3000,479,2
2026-01-29,601318,13:41:53,67.3000,391,1
2026-01-29,601318,13:41:56,67.3000,528,1
2026-01-29,601318,13:41:59,67.3400,624,1
2026-01-29,601318,13:42:02,67.3400,695,2
2026-01-29,601318,13:42:05,67.3700,329,1
2026-01-29,601318,13:42:08,67.3300,393,2
2026-01-29,601318,13:42:11,67.3400,438,1
2026-01-29,601318,13:42:14,67.3300,374,2
2026-01-29,601318,13:42:17,67.3300,537,2
2026-01-29,601318,13:42:20,67.3400,499,1
2026-01-29,601318,13:42:23,67.3400,237,1
2026-01-29,601318,13:42:26,67.3000,693,2
2026-01-29,601318,13:42:29,67.2800,1467,2
2026-01-29,601318,13:42:32,67.2400,415,2
2026-01-29,601318,13:42:35,67.2300,586,1
2026-01-29,601318,13:42:38,67.2700,542,1
2026-01-29,601318,13:42:41,67.3000,297,1
2026-01-29,601318,13:42:44,67.2900,731,4
2026-01-29,601318,13:42:47,67.3200,399,1
2026-01-29,601318,13:42:50,67.3300,505,1
2026-01-29,601318,13:42:53,67.3300,561,2
2026-01-29,601318,13:42:56,67.3300,549,1
2026-01-29,601318,13:42:59,67.3300,1080,1
2026-01-29,601318,13:43:02,67.3300,3530,1
2026-01-29,601318,13:43:05,67.3500,448,1
2026-01-29,601318,13:43:08,67.3700,722,1
2026-01-29,601318,13:43:11,67.3700,398,1
2026-01-29,601318,13:43:14,67.4600,2074,1
2026-01-29,601318,13:43:17,67.4700,1251,1
2026-01-29,601318,13:43:20,67.5000,2478,1
2026-01-29,601318,13:43:23,67.4900,2321,2
2026-01-29,601318,13:43:26,67.4900,2721,2
2026-01-29,601318,13:43:29,67.4600,557,2
2026-01-29,601318,13:43:32,67.4500,1086,2
2026-01-29,601318,13:43:35,67.4500,363,1
2026-01-29,601318,13:43:38,67.4900,764,1
2026-01-29,601318,13:43:41,67.5000,611,1
2026-01-29,601318,13:43:44,67.5000,264,1
2026-01-29,601318,13:43:47,67.5000,304,1
2026-01-29,601318,13:43:50,67.4900,1016,2
2026-01-29,601318,13:43:53,67.5000,1198,1
2026-01-29,601318,13:43:56,67.5300,700,1
2026-01-29,601318,13:43:59,67.5100,407,2
2026-01-29,601318,13:44:02,67.5000,945,2
2026-01-29,601318,13:44:05,67.5200,523,1
2026-01-29,601318,13:44:08,67.5300,319,1
2026-01-29,601318,13:44:11,67.5000,836,2
2026-01-29,601318,13:44:14,67.5200,150,1
2026-01-29,601318,13:44:17,67.5200,718,1
2026-01-29,601318,13:44:20,67.5200,782,1
2026-01-29,601318,13:44:23,67.4900,1243,2
2026-01-29,601318,13:44:26,67.4500,661,2
2026-01-29,601318,13:44:29,67.4100,655,2
2026-01-29,601318,13:44:32,67.3600,898,2
2026-01-29,601318,13:44:35,67.4200,537,1
2026-01-29,601318,13:44:38,67.4100,390,1
2026-01-29,601318,13:44:41,67.3800,525,2
2026-01-29,601318,13:44:44,67.4200,678,1
2026-01-29,601318,13:44:47,67.4200,379,2
2026-01-29,601318,13:44:50,67.4700,1080,1
2026-01-29,601318,13:44:53,67.4900,588,1
2026-01-29,601318,13:44:56,67.5300,645,1
2026-01-29,601318,13:44:59,67.5100,235,2
2026-01-29,601318,13:45:02,67.5100,629,2
2026-01-29,601318,13:45:05,67.5200,284,4
2026-01-29,601318,13:45:08,67.5100,487,2
2026-01-29,601318,13:45:11,67.5000,445,2
2026-01-29,601318,13:45:14,67.5000,594,2
2026-01-29,601318,13:45:17,67.5100,183,1
2026-01-29,601318,13:45:20,67.5000,452,2
2026-01-29,601318,13:45:23,67.5000,1656,2
2026-01-29,601318,13:45:26,67.4700,342,2
2026-01-29,601318,13:45:29,67.4300,602,2
2026-01-29,601318,13:45:32,67.4600,538,1
2026-01-29,601318,13:45:35,67.4500,306,1
2026-01-29,601318,13:45:38,67.4500,239,2
2026-01-29,601318,13:45:41,67.4200,358,2
2026-01-29,601318,13:45:44,67.3900,498,2
2026-01-29,601318,13:45:47,67.3700,955,2
2026-01-29,601318,13:45:50,67.3100,426,2
2026-01-29,601318,13:45:53,67.2800,750,2
2026-01-29,601318,13:45:56,67.2400,434,2
2026-01-29,601318,13:45:59,67.1600,1247,2
2026-01-29,601318,13:46:02,67.1100,960,2
2026-01-29,601318,13:46:05,67.1400,686,1
2026-01-29,601318,13:46:08,67.2000,986,1
2026-01-29,601318,13:46:11,67.1700,996,2
2026-01-29,601318,13:46:14,67.1600,242,1
2026-01-29,601318,13:46:17,67.1600,221,1
2026-01-29,601318,13:46:20,67.1300,402,2
2026-01-29,601318,13:46:23,67.1300,398,4
2026-01-29,601318,13:46:26,67.1700,719,1
2026-01-29,601318,13:46:29,67.1800,681,1
2026-01-29,601318,13:46:32,67.1700,297,2
2026-01-29,601318,13:46:35,67.1800,169,4
2026-01-29,601318,13:46:38,67.1600,175,2
2026-01-29,601318,13:46:41,67.1800,350,1
2026-01-29,601318,13:46:44,67.1700,469,2
2026-01-29,601318,13:46:47,67.1500,679,2
2026-01-29,601318,13:46:50,67.1300,436,2
2026-01-29,601318,13:46:53,67.1200,286,2
2026-01-29,601318,13:46:56,67.1100,648,2
2026-01-29,601318,13:46:59,67.1000,169,4
2026-01-29,601318,13:47:02,67.0400,1093,2
2026-01-29,601318,13:47:05,67.0300,223,2
2026-01-29,601318,13:47:08,66.9700,1426,2
2026-01-29,601318,13:47:11,66.9800,460,1
2026-01-29,601318,13:47:14,66.9900,543,1
2026-01-29,601318,13:47:17,66.9800,252,1
2026-01-29,601318,13:47:20,66.9700,275,1
2026-01-29,601318,13:47:23,66.9900,267,1
2026-01-29,601318,13:47:26,66.9600,465,2
2026-01-29,601318,13:47:29,67.0000,780,1
2026-01-29,601318,13:47:32,67.0000,245,2
2026-01-29,601318,13:47:35,67.0100,246,1
2026-01-29,601318,13:47:38,67.0100,296,2
2026-01-29,601318,13:47:41,67.0100,472,1
2026-01-29,601318,13:47:44,67.0700,327,1
2026-01-29,601318,13:47:47,67.1400,296,1
2026-01-29,601318,13:47:50,67.1500,240,1
2026-01-29,601318,13:47:53,67.1500,280,1
2026-01-29,601318,13:47:56,67.1500,892,1
2026-01-29,601318,13:47:59,67.1800,360,1
2026-01-29,601318,13:48:02,67.1800,744,1
2026-01-29,601318,13:48:05,67.2100,1207,1
2026-01-29,601318,13:48:08,67.2100,393,1
2026-01-29,601318,13:48:11,67.1900,1097,2
2026-01-29,601318,13:48:14,67.1500,845,2
2026-01-29,601318,13:48:17,67.1500,632,1
2026-01-29,601318,13:48:20,67.1300,276,1
2026-01-29,601318,13:48:23,67.1400,1127,1
2026-01-29,601318,13:48:26,67.1600,393,1
2026-01-29,601318,13:48:29,67.2300,245,1
2026-01-29,601318,13:48:32,67.2100,140,1
2026-01-29,601318,13:48:35,67.2200,411,1
2026-01-29,601318,13:48:38,67.1600,272,2
2026-01-29,601318,13:48:41,67.1600,413,1
2026-01-29,601318,13:48:44,67.1500,355,2
2026-01-29,601318,13:48:47,67.2000,427,1
2026-01-29,601318,13:48:50,67.2000,261,1
2026-01-29,601318,13:48:53,67.1900,223,2
2026-01-29,601318,13:48:56,67.1900,166,4
2026-01-29,601318,13:48:59,67.1900,207,1
2026-01-29,601318,13:49:02,67.1900,364,1
2026-01-29,601318,13:49:05,67.2000,543,1
2026-01-29,601318,13:49:08,67.2200,305,1
2026-01-29,601318,13:49:11,67.2400,757,1
2026-01-29,601318,13:49:14,67.2600,314,1
2026-01-29,601318,13:49:17,67.2900,428,1
2026-01-29,601318,13:49:20,67.3100,386,1
2026-01-29,601318,13:49:23,67.3300,309,1
2026-01-29,601318,13:49:26,67.3200,1170,2
2026-01-29,601318,13:49:29,67.3300,581,1
2026-01-29,601318,13:49:32,67.3700,426,1
2026-01-29,601318,13:49:35,67.3700,214,2
2026-01-29,601318,13:49:38,67.3700,274,4
2026-01-29,601318,13:49:41,67.3600,636,2
2026-01-29,601318,13:49:44,67.2700,495,2
2026-01-29,601318,13:49:47,67.2000,699,2
2026-01-29,601318,13:49:50,67.1700,108,2
2026-01-29,601318,13:49:53,67.2000,172,1
2026-01-29,601318,13:49:56,67.1700,52,2
2026-01-29,601318,13:49:59,67.1400,190,2
2026-01-29,601318,13:50:02,67.1500,387,1
2026-01-29,601318,13:50:05,67.1700,162,1
2026-01-29,601318,13:50:08,67.2000,78,1
2026-01-29,601318,13:50:11,67.1800,132,2
2026-01-29,601318,13:50:14,67.1600,314,2
2026-01-29,601318,13:50:17,67.1900,247,1
2026-01-29,601318,13:50:20,67.1100,843,2
2026-01-29,601318,13:50:23,67.0500,173,2
2026-01-29,601318,13:50:26,67.0200,270,2
2026-01-29,601318,13:50:29,67.0300,84,2
2026-01-29,601318,13:50:32,67.0400,168,1
2026-01-29,601318,13:50:35,67.0400,421,2
2026-01-29,601318,13:50:38,67.0400,115,1
2026-01-29,601318,13:50:41,67.0000,1021,2
2026-01-29,601318,13:50:44,67.0600,735,1
2026-01-29,601318,13:50:47,67.0600,215,1
2026-01-29,601318,13:50:50,67.0700,180,4
2026-01-29,601318,13:50:53,67.0900,198,1
2026-01-29,601318,13:50:56,67.0800,296,2
2026-01-29,601318,13:50:59,67.0700,109,2
2026-01-29,601318,13:51:02,67.0600,385,2
2026-01-29,601318,13:51:05,67.0400,915,2
2026-01-29,601318,13:51:08,67.0300,119,2
2026-01-29,601318,13:51:11,67.0400,920,1
2026-01-29,601318,13:51:14,67.0800,440,1
2026-01-29,601318,13:51:17,67.0700,93,1
2026-01-29,601318,13:51:20,67.0400,257,2
2026-01-29,601318,13:51:23,67.0300,653,2
2026-01-29,601318,13:51:26,67.0500,98,1
2026-01-29,601318,13:51:29,67.0300,137,2
2026-01-29,601318,13:51:32,67.0300,133,2
2026-01-29,601318,13:51:35,67.0300,257,2
2026-01-29,601318,13:51:38,67.0200,225,2
2026-01-29,601318,13:51:41,67.0100,372,2
2026-01-29,601318,13:51:44,66.9600,1145,2
2026-01-29,601318,13:51:47,66.9600,226,2
2026-01-29,601318,13:51:50,66.9600,258,2
2026-01-29,601318,13:51:53,66.9500,159,2
2026-01-29,601318,13:51:56,66.9500,366,4
2026-01-29,601318,13:51:59,66.9700,305,1
2026-01-29,601318,13:52:02,66.9900,406,1
2026-01-29,601318,13:52:05,67.0000,210,1
2026-01-29,601318,13:52:08,67.0100,220,1
2026-01-29,601318,13:52:11,67.0400,637,1
2026-01-29,601318,13:52:14,67.0400,315,1
2026-01-29,601318,13:52:17,67.0700,225,1
2026-01-29,601318,13:52:20,67.0700,303,1
2026-01-29,601318,13:52:23,67.0900,236,1
2026-01-29,601318,13:52:26,67.0900,253,2
2026-01-29,601318,13:52:29,67.0800,204,2
2026-01-29,601318,13:52:32,67.0900,1421,1
2026-01-29,601318,13:52:35,67.0800,564,1
2026-01-29,601318,13:52:38,67.0900,1152,1
2026-01-29,601318,13:52:41,67.1700,410,1
2026-01-29,601318,13:52:44,67.1700,300,1
2026-01-29,601318,13:52:47,67.1900,403,1
2026-01-29,601318,13:52:50,67.1900,350,2
2026-01-29,601318,13:52:53,67.1900,793,2
2026-01-29,601318,13:52:56,67.1800,903,2
2026-01-29,601318,13:52:59,67.1100,278,2
2026-01-29,601318,13:53:02,67.1300,341,1
2026-01-29,601318,13:53:05,67.0800,920,2
2026-01-29,601318,13:53:08,67.0600,2297,2
2026-01-29,601318,13:53:11,67.0600,452,2
2026-01-29,601318,13:53:14,67.0800,277,1
2026-01-29,601318,13:53:17,67.1100,320,1
2026-01-29,601318,13:53:20,67.1000,228,2
2026-01-29,601318,13:53:23,67.1300,169,1
2026-01-29,601318,13:53:26,67.1900,162,1
2026-01-29,601318,13:53:29,67.1800,436,4
2026-01-29,601318,13:53:32,67.1900,265,1
2026-01-29,601318,13:53:35,67.2000,488,1
2026-01-29,601318,13:53:38,67.1900,933,2
2026-01-29,601318,13:53:41,67.1900,239,1
2026-01-29,601318,13:53:44,67.1700,765,2
2026-01-29,601318,13:53:47,67.1800,384,1
2026-01-29,601318,13:53:50,67.1900,1247,1
2026-01-29,601318,13:53:53,67.1900,751,2
2026-01-29,601318,13:53:56,67.1900,522,1
2026-01-29,601318,13:53:59,67.2000,472,1
2026-01-29,601318,13:54:02,67.2300,513,1
2026-01-29,601318,13:54:05,67.2600,517,1
2026-01-29,601318,13:54:08,67.2800,385,1
2026-01-29,601318,13:54:11,67.2800,419,1
2026-01-29,601318,13:54:14,67.2800,196,2
2026-01-29,601318,13:54:17,67.3200,391,1
2026-01-29,601318,13:54:20,67.3700,753,1
2026-01-29,601318,13:54:23,67.4000,1058,1
2026-01-29,601318,13:54:26,67.4000,1363,2
2026-01-29,601318,13:54:29,67.4000,220,1
2026-01-29,601318,13:54:32,67.3300,1361,2
2026-01-29,601318,13:54:35,67.3500,1198,1
2026-01-29,601318,13:54:38,67.3700,828,1
2026-01-29,601318,13:54:41,67.3600,453,1
2026-01-29,601318,13:54:44,67.3600,570,1
2026-01-29,601318,13:54:47,67.3100,655,2
2026-01-29,601318,13:54:50,67.3500,895,1
2026-01-29,601318,13:54:53,67.2800,307,2
2026-01-29,601318,13:54:56,67.2100,847,2
2026-01-29,601318,13:54:59,67.2600,345,1
2026-01-29,601318,13:55:02,67.3000,489,1
2026-01-29,601318,13:55:05,67.3100,352,1
2026-01-29,601318,13:55:08,67.3000,213,4
2026-01-29,601318,13:55:11,67.3300,259,1
2026-01-29,601318,13:55:14,67.3400,325,1
2026-01-29,601318,13:55:17,67.3200,1168,2
2026-01-29,601318,13:55:20,67.3200,381,1
2026-01-29,601318,13:55:23,67.3100,88,1
2026-01-29,601318,13:55:26,67.2800,227,2
2026-01-29,601318,13:55:29,67.2800,677,2
2026-01-29,601318,13:55:32,67.2600,312,2
2026-01-29,601318,13:55:35,67.2500,242,2
2026-01-29,601318,13:55:38,67.2700,148,1
2026-01-29,601318,13:55:41,67.2500,257,2
2026-01-29,601318,13:55:44,67.2400,292,2
2026-01-29,601318,13:55:47,67.2600,217,1
2026-01-29,601318,13:55:50,67.2200,290,2
2026-01-29,601318,13:55:53,67.2100,340,2
2026-01-29,601318,13:55:56,67.2000,318,2
2026-01-29,601318,13:55:59,67.2000,240,1
2026-01-29,601318,13:56:02,67.2100,527,1
2026-01-29,601318,13:56:05,67.2100,631,2
2026-01-29,601318,13:56:08,67.2100,435,2
2026-01-29,601318,13:56:11,67.2200,262,1
2026-01-29,601318,13:56:14,67.2600,528,1
2026-01-29,601318,13:56:17,67.2600,498,1
2026-01-29,601318,13:56:20,67.2700,148,1
2026-01-29,601318,13:56:23,67.2700,117,2
2026-01-29,601318,13:56:26,67.2600,625,2
2026-01-29,601318,13:56:29,67.2100,670,2
2026-01-29,601318,13:56:32,67.2100,269,1
2026-01-29,601318,13:56:35,67.2100,195,1
2026-01-29,601318,13:56:38,67.2100,195,1
2026-01-29,601318,13:56:41,67.2100,171,1
2026-01-29,601318,13:56:44,67.2100,202,1
2026-01-29,601318,13:56:47,67.2100,333,1
2026-01-29,601318,13:56:50,67.2500,297,1
2026-01-29,601318,13:56:53,67.2400,120,2
2026-01-29,601318,13:56:56,67.2700,522,1
2026-01-29,601318,13:56:59,67.2700,372,1
2026-01-29,601318,13:57:02,67.2800,167,2
2026-01-29,601318,13:57:05,67.3000,329,1
2026-01-29,601318,13:57:08,67.2900,1629,2
2026-01-29,601318,13:57:11,67.2000,1229,2
2026-01-29,601318,13:57:14,67.1900,615,1
2026-01-29,601318,13:57:17,67.2400,269,1
2026-01-29,601318,13:57:20,67.2400,163,1
2026-01-29,601318,13:57:23,67.2300,204,4
2026-01-29,601318,13:57:26,67.2000,784,2
2026-01-29,601318,13:57:29,67.1800,547,2
2026-01-29,601318,13:57:32,67.1700,169,2
2026-01-29,601318,13:57:35,67.1700,87,2
2026-01-29,601318,13:57:38,67.1800,325,1
2026-01-29,601318,13:57:41,67.1800,407,1
2026-01-29,601318,13:57:44,67.1900,269,1
2026-01-29,601318,13:57:47,67.1800,287,2
2026-01-29,601318,13:57:50,67.1800,125,1
2026-01-29,601318,13:57:53,67.1800,580,1
2026-01-29,601318,13:57:56,67.1700,366,2
2026-01-29,601318,13:57:59,67.1800,365,1
2026-01-29,601318,13:58:02,67.1800,158,1
2026-01-29,601318,13:58:05,67.1900,108,1
2026-01-29,601318,13:58:08,67.2200,704,1
2026-01-29,601318,13:58:11,67.2700,485,1
2026-01-29,601318,13:58:14,67.2900,495,1
2026-01-29,601318,13:58:17,67.3200,654,1
2026-01-29,601318,13:58:20,67.3000,791,2
2026-01-29,601318,13:58:23,67.3400,834,1
2026-01-29,601318,13:58:26,67.3200,1436,2
2026-01-29,601318,13:58:29,67.2800,1213,2
2026-01-29,601318,13:58:32,67.2900,866,4
2026-01-29,601318,13:58:35,67.2600,506,2
2026-01-29,601318,13:58:38,67.2400,529,2
2026-01-29,601318,13:58:41,67.2800,303,1
2026-01-29,601318,13:58:44,67.2600,239,2
2026-01-29,601318,13:58:47,67.2600,712,2
2026-01-29,601318,13:58:50,67.2700,1019,1
2026-01-29,601318,13:58:53,67.2700,601,2
2026-01-29,601318,13:58:56,67.3000,229,1
2026-01-29,601318,13:58:59,67.2900,774,2
2026-01-29,601318,13:59:02,67.3100,365,1
2026-01-29,601318,13:59:05,67.3200,330,1
2026-01-29,601318,13:59:08,67.3400,859,1
2026-01-29,601318,13:59:11,67.3700,301,1
2026-01-29,601318,13:59:14,67.3700,148,1
2026-01-29,601318,13:59:17,67.3700,487,1
2026-01-29,601318,13:59:20,67.3700,2560,2
2026-01-29,601318,13:59:23,67.3700,1812,2
2026-01-29,601318,13:59:26,67.3500,303,2
2026-01-29,601318,13:59:29,67.3100,349,2
2026-01-29,601318,13:59:32,67.4000,1812,1
2026-01-29,601318,13:59:35,67.3500,799,2
2026-01-29,601318,13:59:38,67.4000,411,1
2026-01-29,601318,13:59:41,67.3700,429,2
2026-01-29,601318,13:59:44,67.3800,579,1
2026-01-29,601318,13:59:47,67.4100,247,1
2026-01-29,601318,13:59:50,67.4200,162,1
2026-01-29,601318,13:59:53,67.4100,1756,2
2026-01-29,601318,13:59:56,67.3800,668,2
2026-01-29,601318,13:59:59,67.4100,139,1
2026-01-29,601318,14:00:02,67.4100,435,2
2026-01-29,601318,14:00:05,67.4200,754,1
2026-01-29,601318,14:00:08,67.4000,572,2
2026-01-29,601318,14:00:11,67.4100,790,4
2026-01-29,601318,14:00:14,67.3700,1537,2
2026-01-29,601318,14:00:17,67.3900,1096,1
2026-01-29,601318,14:00:20,67.4000,298,1
2026-01-29,601318,14:00:23,67.4300,594,1
2026-01-29,601318,14:00:26,67.4500,1043,1
2026-01-29,601318,14:00:29,67.4700,471,1
2026-01-29,601318,14:00:32,67.5000,1497,1
2026-01-29,601318,14:00:35,67.5000,817,1
2026-01-29,601318,14:00:38,67.4900,436,2
2026-01-29,601318,14:00:41,67.4900,472,2
2026-01-29,601318,14:00:44,67.4900,419,1
2026-01-29,601318,14:00:47,67.4900,1326,1
2026-01-29,601318,14:00:50,67.4900,224,2
2026-01-29,601318,14:00:53,67.5000,462,1
2026-01-29,601318,14:00:56,67.4800,480,2
2026-01-29,601318,14:00:59,67.4800,188,1
2026-01-29,601318,14:01:02,67.5600,9735,1
2026-01-29,601318,14:01:05,67.5800,2048,1
2026-01-29,601318,14:01:08,67.5800,1066,1
2026-01-29,601318,14:01:11,67.5900,640,1
2026-01-29,601318,14:01:14,67.5800,257,2
2026-01-29,601318,14:01:17,67.5900,318,1
2026-01-29,601318,14:01:20,67.5900,1268,1
2026-01-29,601318,14:01:23,67.5800,642,2
2026-01-29,601318,14:01:26,67.5800,375,1
2026-01-29,601318,14:01:29,67.5300,2174,2
2026-01-29,601318,14:01:32,67.5500,585,1
2026-01-29,601318,14:01:35,67.5400,1318,2
2026-01-29,601318,14:01:38,67.5500,278,4
2026-01-29,601318,14:01:41,67.5400,112,2
2026-01-29,601318,14:01:44,67.5500,168,4
2026-01-29,601318,14:01:47,67.5600,783,1
2026-01-29,601318,14:01:50,67.5800,308,1
2026-01-29,601318,14:01:53,67.6000,2305,1
2026-01-29,601318,14:01:56,67.5600,2353,2
2026-01-29,601318,14:01:59,67.5900,259,1
2026-01-29,601318,14:02:02,67.6100,356,1
2026-01-29,601318,14:02:05,67.6300,549,1
2026-01-29,601318,14:02:08,67.6300,421,1
2026-01-29,601318,14:02:11,67.6400,298,1
2026-01-29,601318,14:02:14,67.6400,400,1
2026-01-29,601318,14:02:17,67.6700,3623,1
2026-01-29,601318,14:02:20,67.6700,1170,1
2026-01-29,601318,14:02:23,67.6200,3892,2
2026-01-29,601318,14:02:26,67.6700,1112,1
2026-01-29,601318,14:02:29,67.6900,2416,1
2026-01-29,601318,14:02:32,67.7000,424,1
2026-01-29,601318,14:02:35,67.6600,1017,2
2026-01-29,601318,14:02:38,67.6900,1224,1
2026-01-29,601318,14:02:41,67.7000,381,1
2026-01-29,601318,14:02:44,67.6900,391,2
2026-01-29,601318,14:02:47,67.7000,426,1
2026-01-29,601318,14:02:50,67.6700,547,2
2026-01-29,601318,14:02:53,67.6100,807,2
2026-01-29,601318,14:02:56,67.5700,997,2
2026-01-29,601318,14:02:59,67.5700,621,1
2026-01-29,601318,14:03:02,67.5700,286,1
2026-01-29,601318,14:03:05,67.5700,173,2
2026-01-29,601318,14:03:08,67.6000,129,1
2026-01-29,601318,14:03:11,67.6000,259,1
2026-01-29,601318,14:03:14,67.6100,493,1
2026-01-29,601318,14:03:17,67.6000,191,1
2026-01-29,601318,14:03:20,67.6100,142,2
2026-01-29,601318,14:03:23,67.5800,453,2
2026-01-29,601318,14:03:26,67.5500,715,2
2026-01-29,601318,14:03:29,67.5900,509,1
2026-01-29,601318,14:03:32,67.5900,283,1
2026-01-29,601318,14:03:35,67.5900,73,4
2026-01-29,601318,14:03:38,67.5000,471,2
2026-01-29,601318,14:03:41,67.6000,1598,1
2026-01-29,601318,14:03:44,67.6000,396,2
2026-01-29,601318,14:03:47,67.6200,376,1
2026-01-29,601318,14:03:50,67.6100,272,2
2026-01-29,601318,14:03:53,67.5900,778,2
2026-01-29,601318,14:03:56,67.5700,638,2
2026-01-29,601318,14:03:59,67.5800,246,1
2026-01-29,601318,14:04:02,67.5900,455,1
2026-01-29,601318,14:04:05,67.6000,339,1
2026-01-29,601318,14:04:08,67.6200,177,1
2026-01-29,601318,14:04:11,67.6100,170,2
2026-01-29,601318,14:04:14,67.6200,257,1
2026-01-29,601318,14:04:17,67.6200,504,1
2026-01-29,601318,14:04:20,67.6400,271,1
2026-01-29,601318,14:04:23,67.6200,516,2
2026-01-29,601318,14:04:26,67.6200,245,1
2026-01-29,601318,14:04:29,67.6500,292,1
2026-01-29,601318,14:04:32,67.6500,344,1
2026-01-29,601318,14:04:35,67.6800,537,1
2026-01-29,601318,14:04:38,67.6800,262,1
2026-01-29,601318,14:04:41,67.6800,168,1
2026-01-29,601318,14:04:44,67.7000,428,1
2026-01-29,601318,14:04:47,67.7200,1636,1
2026-01-29,601318,14:04:50,67.7200,171,1
2026-01-29,601318,14:04:53,67.7500,706,1
2026-01-29,601318,14:04:56,67.7400,643,1
2026-01-29,601318,14:04:59,67.7100,1657,2
2026-01-29,601318,14:05:02,67.7200,2794,1
2026-01-29,601318,14:05:05,67.7100,369,2
2026-01-29,601318,14:05:08,67.6600,1018,2
2026-01-29,601318,14:05:11,67.6700,1029,1
2026-01-29,601318,14:05:14,67.6400,316,2
2026-01-29,601318,14:05:17,67.6200,625,2
2026-01-29,601318,14:05:20,67.6600,499,1
2026-01-29,601318,14:05:23,67.6200,161,2
2026-01-29,601318,14:05:26,67.6400,638,1
2026-01-29,601318,14:05:29,67.6500,222,4
2026-01-29,601318,14:05:32,67.6600,156,1
2026-01-29,601318,14:05:35,67.6500,383,2
2026-01-29,601318,14:05:38,67.6700,69,1
2026-01-29,601318,14:05:41,67.6900,144,1
2026-01-29,601318,14:05:44,67.6900,564,2
2026-01-29,601318,14:05:47,67.6800,450,2
2026-01-29,601318,14:05:50,67.6900,352,1
2026-01-29,601318,14:05:53,67.6900,350,2
2026-01-29,601318,14:05:56,67.6900,358,2
2026-01-29,601318,14:05:59,67.7100,280,1
2026-01-29,601318,14:06:02,67.7100,262,1
2026-01-29,601318,14:06:05,67.7200,363,1
2026-01-29,601318,14:06:08,67.7100,547,2
2026-01-29,601318,14:06:11,67.7100,1340,1
2026-01-29,601318,14:06:14,67.7000,554,1
2026-01-29,601318,14:06:17,67.6800,160,1
2026-01-29,601318,14:06:20,67.6800,278,1
2026-01-29,601318,14:06:23,67.7100,359,1
2026-01-29,601318,14:06:26,67.7000,519,2
2026-01-29,601318,14:06:29,67.6600,724,2
2026-01-29,601318,14:06:32,67.6600,340,2
2026-01-29,601318,14:06:35,67.6900,327,1
2026-01-29,601318,14:06:38,67.6900,428,1
2026-01-29,601318,14:06:41,67.6700,506,2
2026-01-29,601318,14:06:44,67.7100,291,1
2026-01-29,601318,14:06:47,67.7200,424,1
2026-01-29,601318,14:06:50,67.6700,262,2
2026-01-29,601318,14:06:53,67.7100,219,1
2026-01-29,601318,14:06:56,67.7400,986,1
2026-01-29,601318,14:06:59,67.7600,1578,1
2026-01-29,601318,14:07:02,67.7600,1869,1
2026-01-29,601318,14:07:05,67.7800,968,1
2026-01-29,601318,10:57:11,64.9400,235,2
2026-01-29,601318,10:57:14,64.9300,49,2
2026-01-29,601318,10:57:17,64.9400,266,4
2026-01-29,601318,10:57:20,64.9500,1628,1
2026-01-29,601318,10:57:23,65.0000,126,1
2026-01-29,601318,10:57:26,65.0100,1658,1
2026-01-29,601318,10:57:29,65.0200,61,4
2026-01-29,601318,10:57:32,65.0100,23,2
2026-01-29,601318,10:57:35,65.0000,375,2
2026-01-29,601318,10:57:38,65.0100,26,1
2026-01-29,601318,10:57:41,64.9900,109,2
2026-01-29,601318,10:57:44,65.0000,22,1
2026-01-29,601318,10:57:47,64.9900,180,2
2026-01-29,601318,10:57:50,64.9900,89,2
2026-01-29,601318,10:57:53,64.9900,503,1
2026-01-29,601318,10:57:56,64.9700,150,2
2026-01-29,601318,10:57:59,64.9600,34,2
2026-01-29,601318,10:58:02,64.9500,156,2
2026-01-29,601318,10:58:05,64.9500,87,1
2026-01-29,601318,10:58:08,64.9400,167,2
2026-01-29,601318,10:58:11,64.9400,22,2
2026-01-29,601318,10:58:14,64.9300,38,2
2026-01-29,601318,10:58:17,64.9300,223,2
2026-01-29,601318,10:58:20,64.9300,338,2
2026-01-29,601318,10:58:23,64.9300,139,1
2026-01-29,601318,10:58:26,64.9300,141,1
2026-01-29,601318,10:58:29,64.9300,19,1
2026-01-29,601318,10:58:32,64.9300,248,1
2026-01-29,601318,10:58:35,64.9500,672,1
2026-01-29,601318,10:58:38,64.9400,91,2
2026-01-29,601318,10:58:41,64.9300,73,2
2026-01-29,601318,10:58:44,64.9300,119,2
2026-01-29,601318,10:58:47,64.9400,1110,2
2026-01-29,601318,10:58:50,64.9400,110,2
2026-01-29,601318,10:58:53,64.9500,89,1
2026-01-29,601318,10:58:56,64.9400,144,2
2026-01-29,601318,10:58:59,64.9500,31,1
2026-01-29,601318,10:59:02,64.9500,55,1
2026-01-29,601318,10:59:05,65.0100,795,1
2026-01-29,601318,10:59:08,65.0200,95,1
2026-01-29,601318,10:59:11,65.0200,35,1
2026-01-29,601318,10:59:14,65.0300,68,1
2026-01-29,601318,10:59:17,65.0200,55,1
2026-01-29,601318,10:59:20,65.0100,102,2
2026-01-29,601318,10:59:23,65.0100,337,1
2026-01-29,601318,10:59:26,65.0000,786,2
2026-01-29,601318,10:59:29,64.9900,101,2
2026-01-29,601318,10:59:32,65.0000,98,1
2026-01-29,601318,10:59:35,64.9800,360,2
2026-01-29,601318,10:59:38,64.9800,239,1
2026-01-29,601318,10:59:41,64.9700,106,2
2026-01-29,601318,10:59:44,64.9800,39,1
2026-01-29,601318,10:59:47,64.9700,184,1
2026-01-29,601318,10:59:50,64.9600,145,2
2026-01-29,601318,10:59:53,64.9500,6,2
2026-01-29,601318,10:59:56,64.9400,602,2
2026-01-29,601318,10:59:59,64.9400,269,2
2026-01-29,601318,11:00:02,64.9400,1065,2
2026-01-29,601318,11:00:05,64.9400,495,1
2026-01-29,601318,11:00:08,64.9200,492,2
2026-01-29,601318,11:00:11,64.9200,99,2
2026-01-29,601318,11:00:14,64.9300,311,1
2026-01-29,601318,11:00:17,64.9200,589,2
2026-01-29,601318,11:00:20,64.9100,269,2
2026-01-29,601318,11:00:23,64.9200,57,1
2026-01-29,601318,11:00:26,64.9000,287,2
2026-01-29,601318,11:00:29,64.9000,62,2
2026-01-29,601318,11:00:32,64.9000,893,2
2026-01-29,601318,11:00:35,64.8900,96,2
2026-01-29,601318,11:00:38,64.8900,53,2
2026-01-29,601318,11:00:41,64.8800,237,2
2026-01-29,601318,11:00:44,64.8900,85,1
2026-01-29,601318,11:00:47,64.8800,333,2
2026-01-29,601318,11:00:50,64.8800,95,2
2026-01-29,601318,11:00:53,64.8800,193,1
2026-01-29,601318,11:00:56,64.8700,219,2
2026-01-29,601318,11:00:59,64.8700,473,1
2026-01-29,601318,11:01:02,64.8600,354,2
2026-01-29,601318,11:01:05,64.8700,384,1
2026-01-29,601318,11:01:08,64.8800,103,4
2026-01-29,601318,11:01:11,64.8700,314,2
2026-01-29,601318,11:01:14,64.8700,150,1
2026-01-29,601318,11:01:17,64.8700,444,1
2026-01-29,601318,11:01:20,64.8600,145,2
2026-01-29,601318,11:01:23,64.8500,67,2
2026-01-29,601318,11:01:26,64.8400,398,2
2026-01-29,601318,11:01:29,64.8500,176,1
2026-01-29,601318,11:01:32,64.8500,217,1
2026-01-29,601318,11:01:35,64.8400,225,2
2026-01-29,601318,11:01:38,64.8400,54,1
2026-01-29,601318,11:01:41,64.8300,175,2
2026-01-29,601318,11:01:44,64.8400,130,1
2026-01-29,601318,11:01:47,64.8300,105,2
2026-01-29,601318,11:01:50,64.8300,63,1
2026-01-29,601318,11:01:53,64.8300,461,1
2026-01-29,601318,11:01:56,64.8200,210,2
2026-01-29,601318,11:01:59,64.8100,184,2
2026-01-29,601318,11:02:02,64.8100,188,2
2026-01-29,601318,11:02:05,64.8100,344,1
2026-01-29,601318,11:02:08,64.8100,1794,2
2026-01-29,601318,11:02:11,64.8100,209,1
2026-01-29,601318,11:02:14,64.8000,81,2
2026-01-29,601318,11:02:17,64.8100,131,1
2026-01-29,601318,11:02:20,64.8000,74,2
2026-01-29,601318,11:02:23,64.8000,239,2
2026-01-29,601318,11:02:26,64.8000,146,1
2026-01-29,601318,11:02:29,64.8000,71,1
2026-01-29,601318,11:02:32,64.8000,207,1
2026-01-29,601318,11:02:35,64.8000,54,1
2026-01-29,601318,11:02:38,64.7900,759,2
2026-01-29,601318,11:02:41,64.7900,150,1
2026-01-29,601318,11:02:44,64.7900,199,1
2026-01-29,601318,11:02:47,64.7800,147,2
2026-01-29,601318,11:02:50,64.7900,220,1
2026-01-29,601318,11:02:53,64.7900,366,1
2026-01-29,601318,11:02:56,64.7800,439,2
2026-01-29,601318,11:02:59,64.8200,734,1
2026-01-29,601318,11:03:02,64.8200,427,2
2026-01-29,601318,11:03:05,64.8100,352,2
2026-01-29,601318,11:03:08,64.8000,256,2
2026-01-29,601318,11:03:11,64.7900,135,2
2026-01-29,601318,11:03:14,64.8100,149,1
2026-01-29,601318,11:03:17,64.8000,251,2
2026-01-29,601318,11:03:20,64.8000,82,2
2026-01-29,601318,11:03:23,64.8000,161,2
2026-01-29,601318,11:03:26,64.7800,56,2
2026-01-29,601318,11:03:29,64.7600,1068,2
2026-01-29,601318,11:03:32,64.7600,93,4
2026-01-29,601318,11:03:35,64.7400,375,2
2026-01-29,601318,11:03:38,64.7300,306,2
2026-01-29,601318,11:03:41,64.7200,284,2
2026-01-29,601318,11:03:44,64.7400,268,1
2026-01-29,601318,11:03:47,64.7200,127,2
2026-01-29,601318,11:03:50,64.7300,49,1
2026-01-29,601318,11:03:53,64.7200,553,2
2026-01-29,601318,11:03:56,64.7200,159,1
2026-01-29,601318,11:03:59,64.7100,119,2
2026-01-29,601318,11:04:02,64.7100,288,2
2026-01-29,601318,11:04:05,64.7200,110,1
2026-01-29,601318,11:04:08,64.7600,3073,1
2026-01-29,601318,11:04:11,64.7900,731,1
2026-01-29,601318,11:04:14,64.8200,172,1
2026-01-29,601318,11:04:17,64.8200,150,1
2026-01-29,601318,11:04:20,64.8400,215,1
2026-01-29,601318,11:04:23,64.8600,231,1
2026-01-29,601318,11:04:26,64.8800,82,4
2026-01-29,601318,11:04:29,64.9100,595,1
2026-01-29,601318,11:04:32,64.9400,473,1
2026-01-29,601318,11:04:35,64.9900,701,1
2026-01-29,601318,11:04:38,65.0000,167,1
2026-01-29,601318,11:04:41,65.0000,184,1
2026-01-29,601318,11:04:44,65.0600,590,1
2026-01-29,601318,11:04:47,65.0000,430,2
2026-01-29,601318,11:04:50,65.0000,146,2
2026-01-29,601318,11:04:53,64.9900,207,2
2026-01-29,601318,11:04:56,65.0000,183,1
2026-01-29,601318,11:04:59,64.9900,449,2
2026-01-29,601318,11:05:02,64.9800,105,2
2026-01-29,601318,11:05:05,64.9700,410,2
2026-01-29,601318,11:05:08,64.9800,65,1
2026-01-29,601318,11:05:11,64.9700,132,2
2026-01-29,601318,11:05:14,64.9700,139,1
2026-01-29,601318,11:05:17,64.9500,52,2
2026-01-29,601318,11:05:20,64.9600,69,1
2026-01-29,601318,11:05:23,64.9500,427,2
2026-01-29,601318,11:05:26,64.9600,116,1
2026-01-29,601318,11:05:29,64.9500,315,2
2026-01-29,601318,11:05:32,64.9400,91,2
2026-01-29,601318,11:05:35,64.9400,272,2
2026-01-29,601318,11:05:38,64.9400,81,2
2026-01-29,601318,11:05:41,64.9400,144,1
2026-01-29,601318,11:05:44,64.9400,549,1
2026-01-29,601318,11:05:47,64.9300,950,2
2026-01-29,601318,11:05:50,64.9700,218,1
2026-01-29,601318,11:05:53,64.9700,816,2
2026-01-29,601318,11:05:56,64.9500,249,2
2026-01-29,601318,11:05:59,64.9600,419,1
2026-01-29,601318,11:06:02,64.9500,391,2
2026-01-29,601318,11:06:05,64.9500,582,1
2026-01-29,601318,11:06:08,65.0000,1989,1
2026-01-29,601318,11:06:11,65.0200,66,1
2026-01-29,601318,11:06:14,65.0400,735,1
2026-01-29,601318,11:06:17,65.0500,199,1
2026-01-29,601318,11:06:20,65.0600,131,1
2026-01-29,601318,11:06:23,65.0500,187,2
2026-01-29,601318,11:06:26,65.0500,122,2
2026-01-29,601318,11:06:29,65.0400,661,2
2026-01-29,601318,11:06:32,65.0400,105,2
2026-01-29,601318,11:06:35,65.0200,507,2
2026-01-29,601318,11:06:38,65.0400,49,1
2026-01-29,601318,11:06:41,65.0400,109,1
2026-01-29,601318,11:06:44,65.0300,402,2
2026-01-29,601318,11:06:47,65.0300,312,1
2026-01-29,601318,11:06:50,65.0300,46,1
2026-01-29,601318,11:06:53,65.0100,205,2
2026-01-29,601318,11:06:56,65.0200,298,1
2026-01-29,601318,11:06:59,65.0300,118,2
2026-01-29,601318,11:07:02,65.0200,101,2
2026-01-29,601318,11:07:05,65.0400,146,1
2026-01-29,601318,11:07:08,65.0400,323,2
2026-01-29,601318,11:07:11,65.0300,6,4
2026-01-29,601318,11:07:14,65.0400,78,1
2026-01-29,601318,11:07:17,65.0300,58,2
2026-01-29,601318,11:07:20,65.0400,130,1
2026-01-29,601318,11:07:23,65.0500,302,1
2026-01-29,601318,11:07:26,65.0400,161,2
2026-01-29,601318,11:07:29,65.0500,245,1
2026-01-29,601318,11:07:32,65.0900,2134,1
2026-01-29,601318,11:07:35,65.1600,353,1
2026-01-29,601318,11:07:38,65.1000,68,2
2026-01-29,601318,11:07:41,65.1000,66,1
2026-01-29,601318,11:07:44,65.0900,199,2
2026-01-29,601318,11:07:47,65.0900,140,1
2026-01-29,601318,11:07:50,65.0800,820,2
2026-01-29,601318,11:07:53,65.0700,188,2
2026-01-29,601318,11:07:56,65.0800,291,1
2026-01-29,601318,11:07:59,65.1200,693,1
2026-01-29,601318,11:08:02,65.1100,42,2
2026-01-29,601318,11:08:05,65.1200,97,1
2026-01-29,601318,11:08:08,65.1200,99,2
2026-01-29,601318,11:08:11,65.1300,188,1
2026-01-29,601318,11:08:14,65.1300,80,2
2026-01-29,601318,11:08:17,65.1600,244,1
2026-01-29,601318,11:08:20,65.1400,408,2
2026-01-29,601318,11:08:23,65.1600,256,1
2026-01-29,601318,11:08:26,65.1600,259,2
2026-01-29,601318,11:08:29,65.1600,592,2
2026-01-29,601318,11:08:32,65.1600,142,1
2026-01-29,601318,11:08:35,65.1600,266,1
2026-01-29,601318,11:08:38,65.1500,299,2
2026-01-29,601318,11:08:41,65.1400,106,2
2026-01-29,601318,11:08:44,65.1300,191,2
2026-01-29,601318,11:08:47,65.1300,148,2
2026-01-29,601318,11:08:50,65.1000,90,2
2026-01-29,601318,11:08:53,65.0800,176,2
2026-01-29,601318,11:08:56,65.0900,72,4
2026-01-29,601318,11:08:59,65.0900,166,1
2026-01-29,601318,11:09:02,65.0400,85,2
2026-01-29,601318,11:09:05,65.0700,117,1
2026-01-29,601318,11:09:08,65.0600,161,1
2026-01-29,601318,11:09:11,65.1100,491,1
2026-01-29,601318,11:09:14,65.0900,192,2
2026-01-29,601318,11:09:17,65.1400,945,1
2026-01-29,601318,11:09:20,65.1400,162,2
2026-01-29,601318,11:09:23,65.1400,346,2
2026-01-29,601318,11:09:26,65.1300,200,2
2026-01-29,601318,11:09:29,65.1300,337,2
2026-01-29,601318,11:09:32,65.1200,613,2
2026-01-29,601318,11:09:35,65.1200,308,1
2026-01-29,601318,11:09:38,65.1400,149,1
2026-01-29,601318,11:09:41,65.1500,87,4
2026-01-29,601318,11:09:44,65.1600,384,1
2026-01-29,601318,11:09:47,65.1600,70,2
2026-01-29,601318,11:09:50,65.1500,164,2
2026-01-29,601318,11:09:53,65.1500,503,1
2026-01-29,601318,11:09:56,65.1400,223,2
2026-01-29,601318,11:09:59,65.1300,101,2
2026-01-29,601318,11:10:02,65.1100,307,2
2026-01-29,601318,11:10:05,65.1000,411,2
2026-01-29,601318,11:10:08,65.0600,427,2
2026-01-29,601318,11:10:11,65.0700,170,1
2026-01-29,601318,11:10:14,65.0700,67,2
2026-01-29,601318,11:10:17,65.0700,241,2
2026-01-29,601318,11:10:20,65.0400,75,2
2026-01-29,601318,11:10:23,65.0800,171,1
2026-01-29,601318,11:10:26,65.1100,233,1
2026-01-29,601318,11:10:29,65.0900,256,1
2026-01-29,601318,11:10:32,65.1100,67,1
2026-01-29,601318,11:10:35,65.1100,82,1
2026-01-29,601318,11:10:38,65.0900,150,2
2026-01-29,601318,11:10:41,65.0700,98,2
2026-01-29,601318,11:10:44,65.0900,37,2
2026-01-29,601318,11:10:47,65.1000,128,1
2026-01-29,601318,11:10:50,65.0900,257,2
2026-01-29,601318,11:10:53,65.0800,66,4
2026-01-29,601318,11:10:56,65.0600,129,2
2026-01-29,601318,11:10:59,65.0500,339,2
2026-01-29,601318,11:11:02,65.0400,213,1
2026-01-29,601318,11:11:05,65.0400,224,1
2026-01-29,601318,11:11:08,65.0200,229,2
2026-01-29,601318,11:11:11,65.0100,122,2
2026-01-29,601318,11:11:14,65.0200,706,1
2026-01-29,601318,11:11:17,65.0200,529,1
2026-01-29,601318,11:11:20,65.0400,500,1
2026-01-29,601318,11:11:23,65.0100,76,2
2026-01-29,601318,11:11:26,65.0400,31,1
2026-01-29,601318,11:11:29,65.0200,84,2
2026-01-29,601318,11:11:32,65.0400,29,1
2026-01-29,601318,11:11:35,65.0500,304,1
2026-01-29,601318,11:11:38,65.0400,64,4
2026-01-29,601318,11:11:41,65.0500,288,1
2026-01-29,601318,11:11:44,65.0500,356,1
2026-01-29,601318,11:11:47,65.0600,97,1
2026-01-29,601318,11:11:50,65.0500,51,2
2026-01-29,601318,11:11:53,65.0500,68,1
2026-01-29,601318,11:11:56,65.0300,297,2
2026-01-29,601318,11:11:59,65.0200,82,2
2026-01-29,601318,11:12:02,65.0100,368,2
2026-01-29,601318,11:12:05,65.0100,334,2
2026-01-29,601318,11:12:08,65.0500,585,1
2026-01-29,601318,11:12:11,65.0100,767,2
2026-01-29,601318,11:12:14,65.0600,725,1
2026-01-29,601318,11:12:17,65.0900,269,1
2026-01-29,601318,11:12:20,65.1000,232,1
2026-01-29,601318,11:12:23,65.0800,62,2
2026-01-29,601318,11:12:26,65.1000,246,1
2026-01-29,601318,11:12:29,65.1100,169,1
2026-01-29,601318,11:12:32,65.1100,9,1
2026-01-29,601318,11:12:35,65.1000,318,2
2026-01-29,601318,11:12:38,65.0900,311,2
2026-01-29,601318,11:12:41,65.0600,290,2
2026-01-29,601318,11:12:44,65.0500,314,1
2026-01-29,601318,11:12:47,65.0100,141,2
2026-01-29,601318,11:12:50,65.0300,150,1
2026-01-29,601318,11:12:53,65.0300,28,2
2026-01-29,601318,11:12:56,65.0400,255,1
2026-01-29,601318,11:12:59,65.0400,223,1
2026-01-29,601318,11:13:02,65.1100,1005,1
2026-01-29,601318,11:13:05,65.0500,190,2
2026-01-29,601318,11:13:08,65.1100,45,2
2026-01-29,601318,11:13:11,65.1100,8,2
2026-01-29,601318,11:13:14,65.1100,145,2
2026-01-29,601318,11:13:17,65.1100,94,1
2026-01-29,601318,11:13:20,65.1000,213,2
2026-01-29,601318,11:13:23,65.1000,57,1
2026-01-29,601318,11:13:26,65.0900,49,2
2026-01-29,601318,11:13:29,65.0900,171,4
2026-01-29,601318,11:13:32,65.0900,174,2
2026-01-29,601318,11:13:35,65.0900,213,2
2026-01-29,601318,11:13:38,65.0900,384,2
2026-01-29,601318,11:13:41,65.0900,396,2
2026-01-29,601318,11:13:44,65.1000,136,1
2026-01-29,601318,11:13:47,65.0800,288,2
2026-01-29,601318,11:13:50,65.0800,412,2
2026-01-29,601318,11:13:53,65.0800,145,2
2026-01-29,601318,11:13:56,65.0900,323,1
2026-01-29,601318,11:13:59,65.0800,150,2
2026-01-29,601318,11:14:02,65.1000,116,1
2026-01-29,601318,11:14:05,65.1000,253,1
2026-01-29,601318,11:14:08,65.1200,729,1
2026-01-29,601318,11:14:11,65.0900,441,2
2026-01-29,601318,11:14:14,65.0900,243,1
2026-01-29,601318,11:14:17,65.1100,661,1
2026-01-29,601318,11:14:20,65.0800,140,2
2026-01-29,601318,11:14:23,65.0700,421,2
2026-01-29,601318,11:14:26,65.0700,192,2
2026-01-29,601318,11:14:29,65.0700,123,2
2026-01-29,601318,11:14:32,65.0700,323,2
2026-01-29,601318,11:14:35,65.0700,380,2
2026-01-29,601318,11:14:38,65.0700,476,1
2026-01-29,601318,11:14:41,65.0600,131,2
2026-01-29,601318,11:14:44,65.0600,4,1
2026-01-29,601318,11:14:47,65.0600,134,1
2026-01-29,601318,11:14:50,65.0400,100,2
2026-01-29,601318,11:14:53,65.0300,153,2
2026-01-29,601318,11:14:56,65.0300,117,2
2026-01-29,601318,11:14:59,65.0300,72,2
2026-01-29,601318,11:15:02,65.0300,410,1
2026-01-29,601318,11:15:05,65.0300,87,2
2026-01-29,601318,11:15:08,65.0400,83,1
2026-01-29,601318,11:15:11,65.0200,124,2
2026-01-29,601318,11:15:14,65.0300,4,1
2026-01-29,601318,11:15:17,65.0200,213,2
2026-01-29,601318,11:15:20,65.0200,26,1
2026-01-29,601318,11:15:23,65.0200,94,1
2026-01-29,601318,11:15:26,65.0100,282,2
2026-01-29,601318,11:15:29,65.0100,467,1
2026-01-29,601318,11:15:32,65.0000,950,2
2026-01-29,601318,11:15:35,64.9900,42,2
2026-01-29,601318,11:15:38,64.9900,682,2
2026-01-29,601318,11:15:41,64.9900,971,1
2026-01-29,601318,11:15:44,64.9800,110,2
2026-01-29,601318,11:15:47,64.9800,270,2
2026-01-29,601318,11:15:50,64.9700,109,2
2026-01-29,601318,11:15:53,64.9700,150,2
2026-01-29,601318,11:15:56,64.9700,60,2
2026-01-29,601318,11:15:59,64.9600,92,2
2026-01-29,601318,11:16:02,64.9700,106,1
2026-01-29,601318,11:16:05,64.9500,507,2
2026-01-29,601318,11:16:08,64.9500,62,1
2026-01-29,601318,11:16:11,64.9400,187,2
2026-01-29,601318,11:16:14,64.9400,93,1
2026-01-29,601318,11:16:17,64.9300,214,2
2026-01-29,601318,11:16:20,64.9600,415,1
2026-01-29,601318,11:16:23,64.9500,267,2
2026-01-29,601318,11:16:26,64.9400,199,2
2026-01-29,601318,11:16:29,64.9600,133,2
2026-01-29,601318,11:16:32,64.9600,94,2
2026-01-29,601318,11:16:35,64.9600,224,2
2026-01-29,601318,11:16:38,64.9500,251,2
2026-01-29,601318,11:16:41,64.9400,207,2
2026-01-29,601318,11:16:44,64.9400,89,2
2026-01-29,601318,11:16:47,64.9400,162,2
2026-01-29,601318,11:16:50,64.9300,107,2
2026-01-29,601318,11:16:53,64.9300,186,2
2026-01-29,601318,11:16:56,64.9200,108,2
2026-01-29,601318,11:16:59,64.9200,69,1
2026-01-29,601318,11:17:02,64.9000,263,2
2026-01-29,601318,11:17:05,64.9000,322,2
2026-01-29,601318,11:17:08,64.9000,199,2
2026-01-29,601318,11:17:11,64.8900,343,2
2026-01-29,601318,11:17:14,64.8900,211,2
2026-01-29,601318,11:17:17,64.8900,354,2
2026-01-29,601318,11:17:20,64.8800,83,2
2026-01-29,601318,11:17:23,64.8900,286,1
2026-01-29,601318,11:17:26,64.8800,90,2
2026-01-29,601318,11:17:29,64.8800,14,1
2026-01-29,601318,11:17:32,64.8800,114,1
2026-01-29,601318,11:17:35,64.8800,116,1
2026-01-29,601318,11:17:38,64.8800,785,1
2026-01-29,601318,11:17:41,64.8900,203,1
2026-01-29,601318,11:17:44,64.9200,191,1
2026-01-29,601318,11:17:47,64.9200,239,1
2026-01-29,601318,11:17:50,64.9300,61,1
2026-01-29,601318,11:17:53,64.9200,312,2
2026-01-29,601318,11:17:56,64.9100,434,2
2026-01-29,601318,11:17:59,64.9000,329,2
2026-01-29,601318,11:18:02,64.8900,164,2
2026-01-29,601318,11:18:05,64.9100,132,1
2026-01-29,601318,11:18:08,64.9100,280,1
2026-01-29,601318,11:18:11,64.9300,721,1
2026-01-29,601318,11:18:14,64.9500,701,1
2026-01-29,601318,11:18:17,64.9500,199,1
2026-01-29,601318,11:18:20,64.9500,69,2
2026-01-29,601318,11:18:23,64.9500,123,2
2026-01-29,601318,11:18:26,64.9500,827,2
2026-01-29,601318,11:18:29,64.9400,280,2
2026-01-29,601318,11:18:32,64.9500,1807,2
2026-01-29,601318,11:18:35,64.9500,558,2
2026-01-29,601318,11:18:38,64.9400,334,2
2026-01-29,601318,11:18:41,64.9400,291,2
2026-01-29,601318,11:18:44,64.9400,208,2
2026-01-29,601318,11:18:47,64.9400,140,1
2026-01-29,601318,11:18:50,64.9400,305,1
