date,code,time,price,volume,bs
2026-03-05,601012,14:06:57,17.7800,161,2
2026-03-05,601012,14:07:00,17.7800,110,2
2026-03-05,601012,14:07:03,17.7800,58,2
2026-03-05,601012,14:07:06,17.7800,41,2
2026-03-05,601012,14:07:09,17.7800,53,2
2026-03-05,601012,14:07:12,17.7800,54,2
2026-03-05,601012,14:07:15,17.7900,399,1
2026-03-05,601012,14:07:18,17.7900,60,1
2026-03-05,601012,14:07:21,17.7800,21,2
2026-03-05,601012,14:07:24,17.7800,37,2
2026-03-05,601012,14:07:27,17.7800,40,2
2026-03-05,601012,14:07:30,17.7800,104,2
2026-03-05,601012,14:07:33,17.7900,17,1
2026-03-05,601012,14:07:36,17.7800,21,2
2026-03-05,601012,14:07:39,17.7900,36,1
2026-03-05,601012,14:07:42,17.7900,80,1
2026-03-05,601012,14:07:45,17.7800,180,2
2026-03-05,601012,14:07:48,17.7800,252,2
2026-03-05,601012,14:07:51,17.7900,88,1
2026-03-05,601012,14:07:54,17.7900,23,1
2026-03-05,601012,14:07:57,17.7800,17,2
2026-03-05,601012,14:08:00,17.7800,79,2
2026-03-05,601012,14:08:03,17.7800,107,2
2026-03-05,601012,14:08:09,17.7800,27,2
2026-03-05,601012,14:08:12,17.7800,118,2
2026-03-05,601012,14:08:15,17.7800,150,2
2026-03-05,601012,14:08:18,17.7800,33,2
2026-03-05,601012,14:08:22,17.7800,15,2
2026-03-05,601012,14:08:24,17.7800,29,2
2026-03-05,601012,14:08:27,17.7800,57,2
2026-03-05,601012,14:08:30,17.7800,41,2
2026-03-05,601012,14:08:33,17.7800,47,2
2026-03-05,601012,14:08:36,17.7900,113,1
2026-03-05,601012,14:08:39,17.7800,110,2
2026-03-05,601012,14:08:42,17.7800,54,2
2026-03-05,601012,14:08:45,17.7800,5,2
2026-03-05,601012,14:08:48,17.7800,92,2
2026-03-05,601012,14:08:51,17.7800,586,2
2026-03-05,601012,14:08:54,17.7800,499,2
2026-03-05,601012,14:08:57,17.7800,57,2
2026-03-05,601012,14:09:00,17.7800,87,2
2026-03-05,601012,14:09:03,17.7800,111,2
2026-03-05,601012,14:09:06,17.7800,33,2
2026-03-05,601012,14:09:09,17.7800,32,2
2026-03-05,601012,14:09:12,17.7800,63,2
2026-03-05,601012,14:09:15,17.7800,36,2
2026-03-05,601012,14:09:18,17.7800,355,2
2026-03-05,601012,14:09:21,17.7800,740,2
2026-03-05,601012,14:09:27,17.7800,66,1
2026-03-05,601012,14:09:30,17.7800,97,1
2026-03-05,601012,14:09:33,17.7700,382,2
2026-03-05,601012,14:09:36,17.7700,2472,2
2026-03-05,601012,14:09:39,17.7600,178,2
2026-03-05,601012,14:09:42,17.7600,78,2
2026-03-05,601012,14:09:45,17.7600,54,2
2026-03-05,601012,14:09:48,17.7600,171,2
2026-03-05,601012,14:09:51,17.7600,58,2
2026-03-05,601012,14:09:54,17.7600,45,2
2026-03-05,601012,14:09:57,17.7600,102,2
2026-03-05,601012,14:10:00,17.7600,69,2
2026-03-05,601012,14:10:03,17.7600,85,2
2026-03-05,601012,14:10:06,17.7600,68,2
2026-03-05,601012,14:10:09,17.7600,196,2
2026-03-05,601012,14:10:12,17.7600,159,2
2026-03-05,601012,14:10:15,17.7700,295,1
2026-03-05,601012,14:10:18,17.7600,120,2
2026-03-05,601012,14:10:21,17.7600,172,2
2026-03-05,601012,14:10:24,17.7600,100,2
2026-03-05,601012,14:10:27,17.7600,412,2
2026-03-05,601012,14:10:30,17.7600,608,2
2026-03-05,601012,14:10:33,17.7600,54,1
2026-03-05,601012,14:10:36,17.7600,62,1
2026-03-05,601012,14:10:39,17.7600,106,1
2026-03-05,601012,14:10:42,17.7500,4110,2
2026-03-05,601012,14:10:45,17.7600,103,1
2026-03-05,601012,14:10:48,17.7400,209,2
2026-03-05,601012,14:10:51,17.7400,39,2
2026-03-05,601012,14:10:54,17.7600,104,1
2026-03-05,601012,14:10:57,17.7400,244,2
2026-03-05,601012,14:11:00,17.7500,208,1
2026-03-05,601012,14:11:03,17.7500,58,1
2026-03-05,601012,14:11:06,17.7500,1030,1
2026-03-05,601012,14:11:09,17.7500,118,1
2026-03-05,601012,14:11:12,17.7400,162,2
2026-03-05,601012,14:11:15,17.7500,22,1
2026-03-05,601012,14:11:18,17.7400,577,2
2026-03-05,601012,14:11:21,17.7400,37,1
2026-03-05,601012,14:11:24,17.7400,76,1
2026-03-05,601012,14:11:27,17.7400,156,1
2026-03-05,601012,14:11:30,17.7400,215,1
2026-03-05,601012,14:11:33,17.7500,62,1
2026-03-05,601012,14:11:36,17.7300,322,2
2026-03-05,601012,14:11:39,17.7400,84,4
2026-03-05,601012,14:11:42,17.7400,59,1
2026-03-05,601012,14:11:45,17.7400,242,2
2026-03-05,601012,14:11:48,17.7400,92,4
2026-03-05,601012,14:11:51,17.7400,632,2
2026-03-05,601012,14:11:54,17.7400,21,2
2026-03-05,601012,14:11:57,17.7400,749,2
2026-03-05,601012,14:12:00,17.7400,86,1
2026-03-05,601012,14:12:03,17.7400,86,1
2026-03-05,601012,14:12:06,17.7400,79,1
2026-03-05,601012,14:12:09,17.7300,90,2
2026-03-05,601012,14:12:12,17.7300,265,2
2026-03-05,601012,14:12:15,17.7400,73,1
2026-03-05,601012,14:12:18,17.7300,183,2
2026-03-05,601012,14:12:21,17.7300,167,2
2026-03-05,601012,14:12:24,17.7400,1754,4
2026-03-05,601012,14:12:27,17.7300,60,2
2026-03-05,601012,14:12:30,17.7400,228,1
2026-03-05,601012,14:12:33,17.7300,101,2
2026-03-05,601012,14:12:36,17.7300,94,2
2026-03-05,601012,14:12:39,17.7400,14,1
2026-03-05,601012,14:12:42,17.7400,63,1
2026-03-05,601012,14:12:45,17.7400,44,1
2026-03-05,601012,14:12:48,17.7400,154,1
2026-03-05,601012,14:12:51,17.7400,351,1
2026-03-05,601012,14:12:54,17.7300,42,2
2026-03-05,601012,14:12:57,17.7400,128,1
2026-03-05,601012,14:13:00,17.7400,64,1
2026-03-05,601012,14:13:03,17.7500,175,1
2026-03-05,601012,14:13:06,17.7400,53,2
2026-03-05,601012,14:13:09,17.7400,1,2
2026-03-05,601012,14:13:12,17.7500,41,1
2026-03-05,601012,14:13:15,17.7400,176,2
2026-03-05,601012,14:13:18,17.7500,494,1
2026-03-05,601012,14:13:21,17.7400,79,2
2026-03-05,601012,14:13:24,17.7400,103,2
2026-03-05,601012,14:13:27,17.7400,1829,2
2026-03-05,601012,14:13:30,17.7400,113,1
2026-03-05,601012,14:13:33,17.7400,86,1
2026-03-05,601012,14:13:36,17.7400,142,1
2026-03-05,601012,14:13:39,17.7400,3050,1
2026-03-05,601012,14:13:42,17.7400,84,1
2026-03-05,601012,14:13:45,17.7300,148,2
2026-03-05,601012,14:13:48,17.7300,243,2
2026-03-05,601012,14:13:51,17.7300,172,2
2026-03-05,601012,14:13:54,17.7400,58,1
2026-03-05,601012,14:13:57,17.7300,153,2
2026-03-05,601012,14:14:00,17.7200,5704,2
2026-03-05,601012,14:14:03,17.7200,293,1
2026-03-05,601012,14:14:06,17.7200,206,1
2026-03-05,601012,14:14:09,17.7200,294,2
2026-03-05,601012,14:14:12,17.7200,25,1
2026-03-05,601012,14:14:15,17.7200,134,1
2026-03-05,601012,14:14:18,17.7200,2050,1
2026-03-05,601012,14:14:21,17.7200,98,2
2026-03-05,601012,14:14:24,17.7300,287,1
2026-03-05,601012,14:14:27,17.7300,63,1
2026-03-05,601012,14:14:30,17.7200,75,2
2026-03-05,601012,14:14:33,17.7300,79,1
2026-03-05,601012,14:14:36,17.7300,159,1
2026-03-05,601012,14:14:39,17.7300,74,2
2026-03-05,601012,14:14:42,17.7300,22,1
2026-03-05,601012,14:14:45,17.7300,160,1
2026-03-05,601012,14:14:48,17.7300,44,1
2026-03-05,601012,14:14:51,17.7300,159,2
2026-03-05,601012,14:14:54,17.7200,139,2
2026-03-05,601012,14:14:57,17.7300,47,1
2026-03-05,601012,14:15:00,17.7300,182,2
2026-03-05,601012,14:15:03,17.7300,13,1
2026-03-05,601012,14:15:06,17.7300,114,1
2026-03-05,601012,14:15:09,17.7300,267,1
2026-03-05,601012,14:15:12,17.7200,138,2
2026-03-05,601012,14:15:15,17.7300,48,1
2026-03-05,601012,14:15:18,17.7300,124,2
2026-03-05,601012,14:15:21,17.7300,92,1
2026-03-05,601012,14:15:24,17.7300,240,4
2026-03-05,601012,14:15:27,17.7200,30,2
2026-03-05,601012,14:15:30,17.7300,42,1
2026-03-05,601012,14:15:33,17.7300,39,1
2026-03-05,601012,14:15:36,17.7300,72,1
2026-03-05,601012,14:15:39,17.7200,222,2
2026-03-05,601012,14:15:42,17.7200,68,2
2026-03-05,601012,14:15:45,17.7200,179,2
2026-03-05,601012,14:15:48,17.7300,100,1
2026-03-05,601012,14:15:51,17.7300,74,1
2026-03-05,601012,14:15:54,17.7300,19,1
2026-03-05,601012,14:15:57,17.7200,135,2
2026-03-05,601012,14:16:00,17.7300,227,1
2026-03-05,601012,14:16:03,17.7300,54,1
2026-03-05,601012,14:16:06,17.7300,60,1
2026-03-05,601012,14:16:09,17.7300,23,1
2026-03-05,601012,14:16:12,17.7200,105,2
2026-03-05,601012,14:16:15,17.7300,47,1
2026-03-05,601012,14:16:18,17.7300,18,1
2026-03-05,601012,14:16:21,17.7300,14,1
2026-03-05,601012,14:16:24,17.7200,176,2
2026-03-05,601012,14:16:27,17.7200,136,2
2026-03-05,601012,14:16:30,17.7300,2430,1
2026-03-05,601012,14:16:33,17.7300,74,1
2026-03-05,601012,14:16:36,17.7200,112,2
2026-03-05,601012,14:16:39,17.7200,148,2
2026-03-05,601012,14:16:42,17.7200,1228,2
2026-03-05,601012,14:16:45,17.7200,351,2
2026-03-05,601012,14:16:48,17.7200,173,1
2026-03-05,601012,14:16:51,17.7200,72,2
2026-03-05,601012,14:16:54,17.7200,38,1
2026-03-05,601012,14:16:57,17.7200,233,1
2026-03-05,601012,14:17:00,17.7200,78,1
2026-03-05,601012,14:17:03,17.7100,198,2
2026-03-05,601012,14:17:06,17.7100,76,2
2026-03-05,601012,14:17:09,17.7100,147,2
2026-03-05,601012,14:17:12,17.7100,41,2
2026-03-05,601012,14:17:15,17.7200,99,1
2026-03-05,601012,14:17:18,17.7200,602,1
2026-03-05,601012,14:17:21,17.7100,168,2
2026-03-05,601012,14:17:24,17.7200,139,1
2026-03-05,601012,14:17:27,17.7200,446,1
2026-03-05,601012,14:17:30,17.7200,106,2
2026-03-05,601012,14:17:33,17.7200,170,2
2026-03-05,601012,14:17:36,17.7200,45,1
2026-03-05,601012,14:17:39,17.7200,145,1
2026-03-05,601012,14:17:42,17.7100,827,2
2026-03-05,601012,14:17:45,17.7300,80,1
2026-03-05,601012,14:17:48,17.7200,57,2
2026-03-05,601012,14:17:51,17.7200,62,2
2026-03-05,601012,14:17:54,17.7100,100,2
2026-03-05,601012,14:17:57,17.7200,133,1
2026-03-05,601012,14:18:00,17.7200,67,1
2026-03-05,601012,14:18:03,17.7200,25,1
2026-03-05,601012,14:18:06,17.7100,176,2
2026-03-05,601012,14:18:09,17.7200,108,1
2026-03-05,601012,14:18:12,17.7100,123,2
2026-03-05,601012,14:18:15,17.7200,243,1
2026-03-05,601012,14:18:18,17.7200,268,1
2026-03-05,601012,14:18:21,17.7200,67,4
2026-03-05,601012,14:18:24,17.7300,4,1
2026-03-05,601012,14:18:27,17.7200,45,2
2026-03-05,601012,14:18:30,17.7300,110,1
2026-03-05,601012,14:18:33,17.7200,81,2
2026-03-05,601012,14:18:36,17.7300,190,1
2026-03-05,601012,14:18:39,17.7200,212,2
2026-03-05,601012,14:18:42,17.7200,242,2
2026-03-05,601012,14:18:45,17.7200,50,2
2026-03-05,601012,14:18:48,17.7200,55,2
2026-03-05,601012,14:18:51,17.7200,24,2
2026-03-05,601012,14:18:54,17.7300,35,1
2026-03-05,601012,14:18:57,17.7200,127,2
2026-03-05,601012,14:19:00,17.7200,28,2
2026-03-05,601012,14:19:03,17.7200,119,2
2026-03-05,601012,14:19:06,17.7200,61,2
2026-03-05,601012,14:19:09,17.7300,223,1
2026-03-05,601012,14:19:12,17.7300,96,1
2026-03-05,601012,14:19:15,17.7300,51,1
2026-03-05,601012,14:19:18,17.7300,70,1
2026-03-05,601012,14:19:21,17.7300,488,1
2026-03-05,601012,14:19:24,17.7300,59,1
2026-03-05,601012,14:19:27,17.7300,136,1
2026-03-05,601012,14:19:30,17.7300,87,1
2026-03-05,601012,14:19:33,17.7300,87,1
2026-03-05,601012,14:19:36,17.7300,98,1
2026-03-05,601012,14:19:39,17.7300,506,1
2026-03-05,601012,14:19:42,17.7300,93,1
2026-03-05,601012,14:19:45,17.7300,271,1
2026-03-05,601012,14:19:48,17.7300,42,1
2026-03-05,601012,14:19:51,17.7300,128,1
2026-03-05,601012,14:19:54,17.7200,124,2
2026-03-05,601012,14:19:57,17.7200,81,2
2026-03-05,601012,14:20:00,17.7200,266,2
2026-03-05,601012,14:20:03,17.7300,1255,1
2026-03-05,601012,14:20:06,17.7300,42,1
2026-03-05,601012,14:20:09,17.7300,89,1
2026-03-05,601012,14:20:12,17.7300,49,1
2026-03-05,601012,14:20:15,17.7200,110,2
2026-03-05,601012,14:20:18,17.7300,203,1
2026-03-05,601012,14:20:21,17.7300,38,1
2026-03-05,601012,14:20:24,17.7300,44,1
2026-03-05,601012,14:20:27,17.7300,279,1
2026-03-05,601012,14:20:30,17.7300,86,1
2026-03-05,601012,14:20:33,17.7200,414,2
2026-03-05,601012,14:20:36,17.7300,203,1
2026-03-05,601012,14:20:39,17.7300,33,2
2026-03-05,601012,14:20:42,17.7300,48,2
2026-03-05,601012,14:20:45,17.7300,42,2
2026-03-05,601012,14:20:48,17.7400,17,1
2026-03-05,601012,14:20:51,17.7400,80,1
2026-03-05,601012,14:20:54,17.7400,56,1
2026-03-05,601012,14:20:57,17.7400,6,1
2026-03-05,601012,14:21:00,17.7200,1232,2
2026-03-05,601012,14:21:03,17.7300,36,1
2026-03-05,601012,14:21:06,17.7200,216,2
2026-03-05,601012,14:21:09,17.7200,40,2
2026-03-05,601012,14:21:12,17.7200,14,2
2026-03-05,601012,14:21:15,17.7200,146,2
2026-03-05,601012,14:21:18,17.7300,25,1
2026-03-05,601012,14:21:21,17.7300,44,1
2026-03-05,601012,14:21:24,17.7300,67,1
2026-03-05,601012,14:21:27,17.7300,38,1
2026-03-05,601012,14:21:30,17.7300,396,1
2026-03-05,601012,14:21:33,17.7300,192,1
2026-03-05,601012,14:21:36,17.7200,68,2
2026-03-05,601012,14:21:39,17.7300,69,2
2026-03-05,601012,14:21:42,17.7400,49,1
2026-03-05,601012,14:21:45,17.7400,53,1
2026-03-05,601012,14:21:48,17.7300,116,2
2026-03-05,601012,14:21:51,17.7300,72,2
2026-03-05,601012,14:21:54,17.7300,7,2
2026-03-05,601012,14:21:57,17.7300,1785,2
2026-03-05,601012,14:22:00,17.7300,90,2
2026-03-05,601012,14:22:03,17.7400,22,1
2026-03-05,601012,14:22:06,17.7400,42,1
2026-03-05,601012,14:22:09,17.7400,32,1
2026-03-05,601012,14:22:12,17.7400,131,1
2026-03-05,601012,14:22:15,17.7400,104,1
2026-03-05,601012,14:22:18,17.7400,24,1
2026-03-05,601012,14:22:21,17.7300,80,2
2026-03-05,601012,14:22:24,17.7400,84,1
2026-03-05,601012,14:22:27,17.7300,93,2
2026-03-05,601012,14:22:30,17.7500,22,1
2026-03-05,601012,14:22:33,17.7400,59,2
2026-03-05,601012,14:22:36,17.7400,50,2
2026-03-05,601012,14:22:39,17.7500,66,1
2026-03-05,601012,14:22:42,17.7500,51,1
2026-03-05,601012,14:22:45,17.7400,112,2
2026-03-05,601012,14:22:48,17.7500,65,1
2026-03-05,601012,14:22:51,17.7400,55,2
2026-03-05,601012,14:22:54,17.7500,316,1
2026-03-05,601012,14:22:57,17.7500,212,1
2026-03-05,601012,14:23:00,17.7400,142,2
2026-03-05,601012,14:23:03,17.7500,36,1
2026-03-05,601012,14:23:06,17.7500,44,1
2026-03-05,601012,14:23:09,17.7500,77,1
2026-03-05,601012,14:23:12,17.7500,141,1
2026-03-05,601012,14:23:15,17.7400,116,2
2026-03-05,601012,14:23:18,17.7500,19,1
2026-03-05,601012,14:23:21,17.7400,29,2
2026-03-05,601012,14:23:24,17.7500,18,1
2026-03-05,601012,14:23:27,17.7500,219,1
2026-03-05,601012,14:23:30,17.7500,78,1
2026-03-05,601012,14:23:33,17.7500,49,1
2026-03-05,601012,14:23:36,17.7500,250,2
2026-03-05,601012,14:23:39,17.7500,94,2
2026-03-05,601012,14:23:42,17.7600,59,1
2026-03-05,601012,14:23:45,17.7500,44,2
2026-03-05,601012,14:23:48,17.7600,109,1
2026-03-05,601012,14:23:51,17.7600,141,1
2026-03-05,601012,14:23:54,17.7500,96,2
2026-03-05,601012,14:23:57,17.7600,71,1
2026-03-05,601012,14:24:00,17.7600,128,4
2026-03-05,601012,14:24:03,17.7600,195,2
2026-03-05,601012,14:24:06,17.7600,30,1
2026-03-05,601012,14:24:09,17.7600,65,1
2026-03-05,601012,14:24:12,17.7600,71,1
2026-03-05,601012,14:24:15,17.7600,53,1
2026-03-05,601012,14:24:18,17.7600,101,1
2026-03-05,601012,14:24:21,17.7600,79,1
2026-03-05,601012,14:24:24,17.7600,29,1
2026-03-05,601012,14:24:27,17.7600,61,1
2026-03-05,601012,14:24:30,17.7600,25,1
2026-03-05,601012,14:24:33,17.7500,68,2
2026-03-05,601012,14:24:36,17.7500,46,2
2026-03-05,601012,14:24:39,17.7500,81,2
2026-03-05,601012,14:24:42,17.7500,16,2
2026-03-05,601012,14:24:45,17.7600,36,1
2026-03-05,601012,14:24:48,17.7600,248,1
2026-03-05,601012,14:24:51,17.7600,13,1
2026-03-05,601012,14:24:54,17.7600,90,1
2026-03-05,601012,14:24:57,17.7600,115,1
2026-03-05,601012,14:25:00,17.7500,131,2
2026-03-05,601012,14:25:03,17.7600,123,1
2026-03-05,601012,14:25:06,17.7600,632,2
2026-03-05,601012,14:25:09,17.7600,9,2
2026-03-05,601012,14:25:12,17.7600,83,2
2026-03-05,601012,14:25:15,17.7700,42,1
2026-03-05,601012,14:25:21,17.7700,15,1
2026-03-05,601012,14:25:24,17.7600,94,2
2026-03-05,601012,14:25:27,17.7700,30,1
2026-03-05,601012,14:25:30,17.7700,5,1
2026-03-05,601012,14:25:33,17.7700,27,1
2026-03-05,601012,14:25:36,17.7600,45,2
2026-03-05,601012,14:25:39,17.7600,117,2
2026-03-05,601012,14:25:42,17.7700,137,1
2026-03-05,601012,14:25:45,17.7700,19,1
2026-03-05,601012,14:25:48,17.7600,109,2
2026-03-05,601012,14:25:51,17.7700,135,1
2026-03-05,601012,14:25:54,17.7700,2,1
2026-03-05,601012,14:25:57,17.7700,47,1
2026-03-05,601012,14:26:00,17.7600,194,2
2026-03-05,601012,14:26:03,17.7600,229,2
2026-03-05,601012,14:26:06,17.7700,12,1
2026-03-05,601012,14:26:09,17.7600,16,2
2026-03-05,601012,14:26:12,17.7600,961,2
2026-03-05,601012,14:26:15,17.7600,10,1
2026-03-05,601012,14:26:18,17.7600,218,1
2026-03-05,601012,14:26:21,17.7600,360,1
2026-03-05,601012,14:26:24,17.7600,4,1
2026-03-05,601012,14:26:27,17.7600,217,1
2026-03-05,601012,14:26:30,17.7600,53,1
2026-03-05,601012,14:26:33,17.7600,6,1
2026-03-05,601012,14:26:36,17.7600,21,1
2026-03-05,601012,14:26:39,17.7500,39,2
2026-03-05,601012,14:26:42,17.7600,42,1
2026-03-05,601012,14:26:45,17.7500,94,2
2026-03-05,601012,14:26:48,17.7500,91,2
2026-03-05,601012,14:26:51,17.7500,41,2
2026-03-05,601012,14:26:54,17.7500,647,2
2026-03-05,601012,14:26:57,17.7600,48,1
2026-03-05,601012,14:27:00,17.7500,77,2
2026-03-05,601012,14:27:03,17.7600,320,1
2026-03-05,601012,14:27:06,17.7500,276,2
2026-03-05,601012,14:27:09,17.7500,29,2
2026-03-05,601012,14:27:12,17.7600,84,1
2026-03-05,601012,14:27:15,17.7500,7,2
2026-03-05,601012,14:27:18,17.7500,89,2
2026-03-05,601012,14:27:21,17.7500,85,2
2026-03-05,601012,14:27:24,17.7500,328,2
2026-03-05,601012,14:27:27,17.7500,130,1
2026-03-05,601012,14:27:30,17.7600,50,1
2026-03-05,601012,14:27:33,17.7500,2,2
2026-03-05,601012,14:27:36,17.7500,396,2
2026-03-05,601012,14:27:39,17.7500,101,2
2026-03-05,601012,14:27:42,17.7500,22,1
2026-03-05,601012,14:27:45,17.7400,56,2
2026-03-05,601012,14:27:48,17.7400,67,2
2026-03-05,601012,14:27:51,17.7400,91,2
2026-03-05,601012,14:27:54,17.7500,43,1
2026-03-05,601012,14:27:57,17.7500,172,1
2026-03-05,601012,14:28:00,17.7400,132,2
2026-03-05,601012,14:28:03,17.7500,68,1
2026-03-05,601012,14:28:06,17.7500,64,1
2026-03-05,601012,14:28:09,17.7500,18,1
2026-03-05,601012,14:28:12,17.7500,41,1
2026-03-05,601012,14:28:15,17.7400,65,2
2026-03-05,601012,14:28:18,17.7400,46,2
2026-03-05,601012,14:28:21,17.7500,2,1
2026-03-05,601012,14:28:24,17.7400,115,2
2026-03-05,601012,14:28:27,17.7500,212,1
2026-03-05,601012,14:28:30,17.7500,103,1
2026-03-05,601012,14:28:33,17.7400,89,2
2026-03-05,601012,14:28:36,17.7500,46,1
2026-03-05,601012,14:28:39,17.7500,70,1
2026-03-05,601012,14:28:42,17.7400,111,2
2026-03-05,601012,14:28:45,17.7400,63,2
2026-03-05,601012,14:28:48,17.7400,59,2
2026-03-05,601012,14:28:51,17.7400,141,2
2026-03-05,601012,14:28:54,17.7400,316,2
2026-03-05,601012,14:28:57,17.7500,132,1
2026-03-05,601012,14:29:00,17.7300,534,2
2026-03-05,601012,14:29:03,17.7300,18,2
2026-03-05,601012,14:29:06,17.7400,35,4
2026-03-05,601012,14:29:09,17.7300,72,2
2026-03-05,601012,14:29:12,17.7500,46,1
2026-03-05,601012,14:29:15,17.7400,39,1
2026-03-05,601012,14:29:18,17.7400,82,1
2026-03-05,601012,14:29:21,17.7400,99,1
2026-03-05,601012,14:29:24,17.7400,64,1
2026-03-05,601012,14:29:27,17.7400,90,1
2026-03-05,601012,14:29:30,17.7400,34,1
2026-03-05,601012,14:29:33,17.7400,49,1
2026-03-05,601012,14:29:36,17.7400,142,1
2026-03-05,601012,14:29:39,17.7500,48,1
2026-03-05,601012,14:29:42,17.7400,32,2
2026-03-05,601012,14:29:45,17.7400,87,2
2026-03-05,601012,14:29:48,17.7500,39,1
2026-03-05,601012,14:29:51,17.7500,41,1
2026-03-05,601012,14:29:54,17.7500,82,1
2026-03-05,601012,14:29:57,17.7400,93,2
2026-03-05,601012,14:30:00,17.7400,35,2
2026-03-05,601012,14:30:03,17.7500,65,1
2026-03-05,601012,14:30:06,17.7400,22,2
2026-03-05,601012,14:30:09,17.7500,84,1
2026-03-05,601012,14:30:12,17.7500,26,1
2026-03-05,601012,14:30:15,17.7400,300,2
2026-03-05,601012,14:30:18,17.7400,20,2
2026-03-05,601012,14:30:21,17.7400,59,2
2026-03-05,601012,14:30:24,17.7400,21,2
2026-03-05,601012,14:30:27,17.7400,169,2
2026-03-05,601012,14:30:30,17.7400,67,2
2026-03-05,601012,14:30:33,17.7400,536,2
2026-03-05,601012,14:30:36,17.7500,177,1
2026-03-05,601012,14:30:39,17.7500,63,1
2026-03-05,601012,14:30:42,17.7400,34,2
2026-03-05,601012,14:30:45,17.7400,66,2
2026-03-05,601012,14:30:48,17.7500,48,1
2026-03-05,601012,14:30:51,17.7500,81,1
2026-03-05,601012,14:30:54,17.7400,119,2
2026-03-05,601012,14:30:57,17.7500,79,1
2026-03-05,601012,14:31:00,17.7400,288,2
2026-03-05,601012,14:31:03,17.7300,704,2
2026-03-05,601012,14:31:06,17.7500,461,1
2026-03-05,601012,14:31:09,17.7400,966,4
2026-03-05,601012,14:31:12,17.7400,384,1
2026-03-05,601012,14:31:15,17.7300,90,2
2026-03-05,601012,14:31:18,17.7400,256,1
2026-03-05,601012,14:31:21,17.7300,101,2
2026-03-05,601012,14:31:24,17.7400,110,1
2026-03-05,601012,14:31:27,17.7300,107,2
2026-03-05,601012,14:31:30,17.7400,75,1
2026-03-05,601012,14:31:33,17.7400,12,1
2026-03-05,601012,14:31:36,17.7400,147,1
2026-03-05,601012,14:31:39,17.7400,19,1
2026-03-05,601012,14:31:42,17.7400,3,1
2026-03-05,601012,14:31:45,17.7400,32,1
2026-03-05,601012,14:31:48,17.7300,569,2
2026-03-05,601012,14:31:51,17.7300,1446,2
2026-03-05,601012,14:31:54,17.7300,39,1
2026-03-05,601012,14:31:57,17.7300,131,1
2026-03-05,601012,14:32:00,17.7200,160,2
2026-03-05,601012,14:32:03,17.7400,42,1
2026-03-05,601012,14:32:06,17.7200,205,2
2026-03-05,601012,14:32:09,17.7300,59,2
2026-03-05,601012,14:32:12,17.7200,49,2
2026-03-05,601012,14:32:15,17.7300,33,1
2026-03-05,601012,14:32:18,17.7200,42,2
2026-03-05,601012,14:32:21,17.7300,41,1
2026-03-05,601012,14:32:24,17.7200,749,2
2026-03-05,601012,14:32:27,17.7300,21,1
2026-03-05,601012,14:32:30,17.7300,27,1
2026-03-05,601012,14:32:33,17.7300,206,1
2026-03-05,601012,14:32:36,17.7300,169,1
2026-03-05,601012,14:32:39,17.7300,55,1
2026-03-05,601012,14:32:42,17.7200,286,2
2026-03-05,601012,14:32:45,17.7200,78,2
2026-03-05,601012,14:32:48,17.7300,896,1
2026-03-05,601012,14:32:51,17.7300,1798,1
2026-03-05,601012,14:32:54,17.7200,169,2
2026-03-05,601012,14:32:57,17.7300,49,1
2026-03-05,601012,14:33:00,17.7200,1779,2
2026-03-05,601012,14:33:03,17.7200,84,1
2026-03-05,601012,14:33:06,17.7100,12,2
2026-03-05,601012,14:33:09,17.7200,123,1
2026-03-05,601012,14:33:12,17.7100,50,2
2026-03-05,601012,14:33:15,17.7100,230,2
2026-03-05,601012,14:33:18,17.7200,79,1
2026-03-05,601012,14:33:21,17.7200,112,1
2026-03-05,601012,14:33:24,17.7200,220,1
2026-03-05,601012,14:33:27,17.7200,1621,1
2026-03-05,601012,14:33:30,17.7200,137,1
2026-03-05,601012,14:33:33,17.7100,64,2
2026-03-05,601012,14:33:36,17.7100,102,2
2026-03-05,601012,14:33:39,17.7100,31,2
2026-03-05,601012,14:33:42,17.7100,270,2
2026-03-05,601012,14:33:45,17.7100,142,2
2026-03-05,601012,14:33:48,17.7100,39,2
2026-03-05,601012,14:33:51,17.7200,659,1
2026-03-05,601012,14:33:54,17.7200,214,1
2026-03-05,601012,14:33:57,17.7200,71,1
2026-03-05,601012,14:34:00,17.7200,393,1
2026-03-05,601012,14:34:03,17.7200,93,1
2026-03-05,601012,14:34:06,17.7200,168,1
2026-03-05,601012,14:34:09,17.7100,143,2
2026-03-05,601012,14:34:12,17.7200,769,1
2026-03-05,601012,14:34:15,17.7100,288,2
2026-03-05,601012,14:34:18,17.7200,155,1
2026-03-05,601012,14:34:21,17.7200,70,1
2026-03-05,601012,14:34:24,17.7200,150,1
2026-03-05,601012,14:34:27,17.7100,44,2
2026-03-05,601012,14:34:30,17.7200,447,1
2026-03-05,601012,14:34:33,17.7200,70,1
2026-03-05,601012,14:34:36,17.7100,515,2
2026-03-05,601012,14:34:39,17.7200,53,1
2026-03-05,601012,14:34:42,17.7200,242,2
2026-03-05,601012,14:34:45,17.7200,96,2
2026-03-05,601012,14:34:48,17.7200,45,1
2026-03-05,601012,14:34:51,17.7200,174,1
2026-03-05,601012,14:34:54,17.7200,21,1
2026-03-05,601012,14:34:57,17.7200,50,2
2026-03-05,601012,14:35:00,17.7200,254,1
2026-03-05,601012,14:35:03,17.7100,109,2
2026-03-05,601012,14:35:06,17.7200,259,1
2026-03-05,601012,14:35:09,17.7100,254,2
2026-03-05,601012,14:35:12,17.7200,169,2
2026-03-05,601012,14:35:15,17.7300,157,1
2026-03-05,601012,14:35:18,17.7200,117,2
2026-03-05,601012,14:35:21,17.7200,134,2
2026-03-05,601012,14:35:24,17.7300,125,1
2026-03-05,601012,14:35:27,17.7200,53,2
2026-03-05,601012,14:35:30,17.7300,104,1
2026-03-05,601012,14:35:33,17.7200,184,2
2026-03-05,601012,14:35:36,17.7300,41,1
2026-03-05,601012,14:35:39,17.7300,189,1
2026-03-05,601012,14:35:42,17.7300,98,1
2026-03-05,601012,14:35:45,17.7200,201,2
2026-03-05,601012,14:35:48,17.7200,136,1
2026-03-05,601012,14:35:51,17.7100,77,2
2026-03-05,601012,14:35:54,17.7200,44,1
2026-03-05,601012,14:35:57,17.7200,107,1
2026-03-05,601012,14:36:00,17.7200,114,1
2026-03-05,601012,14:36:03,17.7200,72,1
2026-03-05,601012,14:36:06,17.7200,339,1
2026-03-05,601012,14:36:09,17.7100,368,2
2026-03-05,601012,14:36:12,17.7100,106,2
2026-03-05,601012,14:36:15,17.7100,21,2
2026-03-05,601012,14:36:18,17.7200,35,1
2026-03-05,601012,14:36:21,17.7200,108,1
2026-03-05,601012,14:36:24,17.7200,34,1
2026-03-05,601012,14:36:27,17.7200,68,1
2026-03-05,601012,14:36:30,17.7200,320,1
2026-03-05,601012,14:36:33,17.7200,55,1
2026-03-05,601012,14:36:36,17.7100,68,2
2026-03-05,601012,14:36:39,17.7200,76,1
2026-03-05,601012,14:36:42,17.7100,271,2
2026-03-05,601012,14:36:45,17.7200,24,1
2026-03-05,601012,14:36:48,17.7200,28,1
2026-03-05,601012,14:36:51,17.7100,394,2
2026-03-05,601012,14:36:54,17.7100,1525,2
2026-03-05,601012,14:36:57,17.7200,165,1
2026-03-05,601012,14:37:00,17.7200,178,1
2026-03-05,601012,14:37:03,17.7200,99,1
2026-03-05,601012,14:37:06,17.7200,127,1
2026-03-05,601012,14:37:09,17.7200,126,1
2026-03-05,601012,14:37:12,17.7100,42,2
2026-03-05,601012,14:37:15,17.7100,103,2
2026-03-05,601012,14:37:18,17.7200,172,1
2026-03-05,601012,14:37:21,17.7100,35,2
2026-03-05,601012,14:37:24,17.7200,969,1
2026-03-05,601012,14:37:27,17.7200,67,1
2026-03-05,601012,14:37:30,17.7100,91,2
2026-03-05,601012,14:37:33,17.7100,59,2
2026-03-05,601012,14:37:36,17.7100,75,2
2026-03-05,601012,14:37:39,17.7100,129,2
2026-03-05,601012,14:37:42,17.7200,489,1
2026-03-05,601012,14:37:45,17.7100,78,2
2026-03-05,601012,14:37:48,17.7200,64,1
2026-03-05,601012,14:37:51,17.7100,47,2
2026-03-05,601012,14:37:54,17.7100,172,2
2026-03-05,601012,14:37:57,17.7100,78,2
2026-03-05,601012,14:38:00,17.7100,42,2
2026-03-05,601012,14:38:03,17.7200,137,1
2026-03-05,601012,14:38:06,17.7200,54,1
2026-03-05,601012,14:38:09,17.7200,146,1
2026-03-05,601012,14:38:12,17.7200,111,1
2026-03-05,601012,14:38:15,17.7100,209,2
2026-03-05,601012,14:38:18,17.7100,107,2
2026-03-05,601012,14:38:21,17.7200,104,1
2026-03-05,601012,14:38:24,17.7100,185,2
2026-03-05,601012,14:38:27,17.7100,141,2
2026-03-05,601012,14:38:30,17.7200,187,1
2026-03-05,601012,14:38:33,17.7100,217,2
2026-03-05,601012,14:38:36,17.7100,151,2
2026-03-05,601012,14:38:39,17.7200,202,1
2026-03-05,601012,14:38:42,17.7100,272,2
2026-03-05,601012,14:38:45,17.7200,244,1
2026-03-05,601012,14:38:48,17.7100,69,2
2026-03-05,601012,14:38:51,17.7200,247,1
2026-03-05,601012,14:38:54,17.7100,145,2
2026-03-05,601012,14:38:57,17.7100,306,2
2026-03-05,601012,14:39:00,17.7200,187,1
2026-03-05,601012,14:39:03,17.7100,144,2
2026-03-05,601012,14:39:06,17.7100,53,2
2026-03-05,601012,14:39:09,17.7200,97,1
2026-03-05,601012,14:39:12,17.7100,69,2
2026-03-05,601012,14:39:15,17.7100,1246,2
2026-03-05,601012,14:39:18,17.7200,147,1
2026-03-05,601012,14:39:21,17.7100,61,2
2026-03-05,601012,14:39:24,17.7100,133,2
2026-03-05,601012,14:39:27,17.7100,193,2
2026-03-05,601012,14:39:30,17.7200,222,1
2026-03-05,601012,14:39:33,17.7100,222,2
2026-03-05,601012,14:39:36,17.7100,126,2
2026-03-05,601012,14:39:39,17.7100,202,2
2026-03-05,601012,14:39:42,17.7100,235,2
2026-03-05,601012,14:39:45,17.7100,193,2
2026-03-05,601012,14:39:48,17.7200,237,1
2026-03-05,601012,14:39:51,17.7100,25,2
2026-03-05,601012,14:39:54,17.7100,144,2
2026-03-05,601012,14:39:57,17.7200,1397,1
2026-03-05,601012,14:40:00,17.7200,176,1
2026-03-05,601012,14:40:03,17.7200,512,1
2026-03-05,601012,14:40:06,17.7100,111,2
2026-03-05,601012,14:40:09,17.7200,220,1
2026-03-05,601012,14:40:12,17.7100,173,2
2026-03-05,601012,14:40:15,17.7200,23,1
2026-03-05,601012,14:40:18,17.7200,141,1
2026-03-05,601012,14:40:21,17.7100,156,2
2026-03-05,601012,14:40:24,17.7200,335,1
2026-03-05,601012,14:40:27,17.7200,216,1
2026-03-05,601012,14:40:30,17.7200,62,1
2026-03-05,601012,14:40:33,17.7100,340,2
2026-03-05,601012,14:40:36,17.7200,1049,1
2026-03-05,601012,14:40:39,17.7200,48,1
2026-03-05,601012,14:40:42,17.7200,217,1
2026-03-05,601012,14:40:45,17.7200,1906,1
2026-03-05,601012,14:40:48,17.7200,143,1
2026-03-05,601012,14:40:51,17.7200,187,1
2026-03-05,601012,14:40:54,17.7100,229,2
2026-03-05,601012,14:40:57,17.7100,699,2
2026-03-05,601012,14:41:00,17.7100,123,2
2026-03-05,601012,14:41:03,17.7100,195,2
2026-03-05,601012,14:41:06,17.7100,381,2
2026-03-05,601012,14:41:09,17.7200,296,1
2026-03-05,601012,14:41:12,17.7100,27,2
2026-03-05,601012,14:41:15,17.7200,135,1
2026-03-05,601012,14:41:18,17.7200,502,1
2026-03-05,601012,14:41:21,17.7200,117,1
2026-03-05,601012,14:41:24,17.7200,89,1
2026-03-05,601012,14:41:27,17.7200,106,1
2026-03-05,601012,14:41:30,17.7100,333,2
2026-03-05,601012,14:41:33,17.7200,147,1
2026-03-05,601012,14:41:36,17.7100,111,2
2026-03-05,601012,14:41:39,17.7200,168,1
2026-03-05,601012,14:41:42,17.7100,94,2
2026-03-05,601012,14:41:45,17.7200,625,1
2026-03-05,601012,14:41:48,17.7100,162,2
2026-03-05,601012,14:41:51,17.7200,241,2
2026-03-05,601012,14:41:54,17.7200,81,1
2026-03-05,601012,14:41:57,17.7300,205,1
2026-03-05,601012,14:42:00,17.7200,133,2
2026-03-05,601012,14:42:03,17.7200,429,2
2026-03-05,601012,14:42:06,17.7200,97,2
2026-03-05,601012,14:42:09,17.7200,42,2
2026-03-05,601012,14:42:12,17.7200,62,2
2026-03-05,601012,14:42:15,17.7300,277,1
2026-03-05,601012,14:42:18,17.7200,42,2
2026-03-05,601012,14:42:21,17.7300,57,1
2026-03-05,601012,14:42:24,17.7200,244,2
2026-03-05,601012,14:42:27,17.7200,203,2
2026-03-05,601012,14:42:30,17.7300,40,4
2026-03-05,601012,14:42:33,17.7200,36,2
2026-03-05,601012,14:42:36,17.7200,101,2
2026-03-05,601012,14:42:39,17.7300,90,1
2026-03-05,601012,14:42:42,17.7300,119,1
2026-03-05,601012,14:42:45,17.7300,45,1
2026-03-05,601012,14:42:48,17.7300,98,1
2026-03-05,601012,14:42:51,17.7300,84,1
2026-03-05,601012,14:42:54,17.7200,171,2
2026-03-05,601012,14:42:57,17.7200,136,2
2026-03-05,601012,14:43:00,17.7300,128,1
2026-03-05,601012,14:43:03,17.7200,189,2
2026-03-05,601012,14:43:06,17.7200,118,2
2026-03-05,601012,14:43:09,17.7300,123,1
2026-03-05,601012,14:43:12,17.7200,176,2
2026-03-05,601012,14:43:15,17.7400,212,1
2026-03-05,601012,14:43:18,17.7400,31,1
2026-03-05,601012,14:43:21,17.7300,76,2
2026-03-05,601012,14:43:24,17.7300,40,2
2026-03-05,601012,14:43:27,17.7300,106,1
2026-03-05,601012,14:43:30,17.7400,197,1
2026-03-05,601012,14:43:33,17.7400,45,1
2026-03-05,601012,14:43:36,17.7400,42,1
2026-03-05,601012,14:43:39,17.7400,49,1
2026-03-05,601012,14:43:42,17.7400,532,1
2026-03-05,601012,14:43:45,17.7400,100,2
2026-03-05,601012,14:43:48,17.7500,133,1
2026-03-05,601012,14:43:51,17.7400,67,2
2026-03-05,601012,14:43:54,17.7500,200,1
2026-03-05,601012,14:43:57,17.7500,51,1
2026-03-05,601012,14:44:00,17.7500,296,1
2026-03-05,601012,14:44:03,17.7400,170,2
2026-03-05,601012,14:44:06,17.7400,230,2
2026-03-05,601012,14:44:09,17.7500,143,1
2026-03-05,601012,14:44:12,17.7300,256,2
2026-03-05,601012,14:44:15,17.7400,61,4
2026-03-05,601012,14:44:18,17.7400,1,1
2026-03-05,601012,14:44:21,17.7400,138,1
2026-03-05,601012,14:44:24,17.7400,35,1
2026-03-05,601012,14:44:27,17.7400,92,1
2026-03-05,601012,14:44:30,17.7400,82,1
2026-03-05,601012,14:44:33,17.7400,343,2
2026-03-05,601012,14:44:36,17.7400,205,1
2026-03-05,601012,14:44:39,17.7500,219,1
2026-03-05,601012,14:44:42,17.7300,182,2
2026-03-05,601012,14:44:45,17.7400,62,1
2026-03-05,601012,14:44:48,17.7300,54,2
2026-03-05,601012,14:44:51,17.7400,89,1
2026-03-05,601012,14:44:54,17.7300,96,2
2026-03-05,601012,14:44:57,17.7400,42,1
2026-03-05,601012,14:45:00,17.7300,68,2
2026-03-05,601012,14:45:03,17.7300,22,2
2026-03-05,601012,14:45:06,17.7300,161,2
2026-03-05,601012,14:45:09,17.7300,187,2
2026-03-05,601012,14:45:12,17.7300,54,2
2026-03-05,601012,14:45:15,17.7400,80,1
2026-03-05,601012,14:45:18,17.7400,98,1
2026-03-05,601012,14:45:21,17.7300,194,2
2026-03-05,601012,14:45:24,17.7400,39,1
2026-03-05,601012,14:45:27,17.7300,66,2
2026-03-05,601012,14:45:30,17.7400,90,1
2026-03-05,601012,14:45:33,17.7300,112,2
2026-03-05,601012,14:45:36,17.7300,32,2
2026-03-05,601012,14:45:39,17.7400,253,1
2026-03-05,601012,14:45:42,17.7300,80,2
2026-03-05,601012,14:45:45,17.7400,171,1
2026-03-05,601012,14:45:48,17.7300,602,2
2026-03-05,601012,14:45:51,17.7400,151,1
2026-03-05,601012,14:45:54,17.7400,65,2
2026-03-05,601012,14:45:57,17.7500,161,1
2026-03-05,601012,14:46:00,17.7500,72,1
2026-03-05,601012,14:46:03,17.7400,80,2
2026-03-05,601012,14:46:06,17.7500,96,1
2026-03-05,601012,14:46:09,17.7500,108,1
2026-03-05,601012,14:46:12,17.7500,80,1
2026-03-05,601012,14:46:15,17.7500,90,1
2026-03-05,601012,14:46:18,17.7400,56,2
2026-03-05,601012,14:46:21,17.7400,297,2
2026-03-05,601012,14:46:24,17.7400,72,1
2026-03-05,601012,14:46:27,17.7500,42,1
2026-03-05,601012,14:46:30,17.7400,219,2
2026-03-05,601012,14:46:33,17.7400,154,2
2026-03-05,601012,14:46:36,17.7400,86,1
2026-03-05,601012,14:46:39,17.7500,270,1
2026-03-05,601012,14:46:42,17.7400,110,2
2026-03-05,601012,14:46:45,17.7400,121,1
2026-03-05,601012,14:46:48,17.7400,572,1
2026-03-05,601012,14:46:51,17.7400,183,1
2026-03-05,601012,14:46:54,17.7400,101,1
2026-03-05,601012,14:46:57,17.7300,177,2
2026-03-05,601012,14:47:00,17.7400,69,1
2026-03-05,601012,14:47:03,17.7300,350,2
2026-03-05,601012,14:47:06,17.7300,78,2
2026-03-05,601012,14:47:09,17.7400,319,1
2026-03-05,601012,14:47:12,17.7400,192,1
2026-03-05,601012,14:47:15,17.7400,45,1
2026-03-05,601012,14:47:18,17.7300,75,2
2026-03-05,601012,14:47:21,17.7300,96,2
2026-03-05,601012,14:47:24,17.7300,606,2
2026-03-05,601012,14:47:27,17.7300,217,2
2026-03-05,601012,14:47:30,17.7300,131,2
2026-03-05,601012,14:47:33,17.7400,46,1
2026-03-05,601012,14:47:36,17.7300,104,2
2026-03-05,601012,14:47:39,17.7300,36,2
2026-03-05,601012,14:47:42,17.7400,332,1
2026-03-05,601012,14:47:45,17.7400,1230,1
2026-03-05,601012,14:47:48,17.7400,306,1
2026-03-05,601012,14:47:51,17.7400,628,1
2026-03-05,601012,14:47:54,17.7300,191,2
2026-03-05,601012,14:47:57,17.7400,145,1
2026-03-05,601012,14:48:00,17.7300,265,2
2026-03-05,601012,14:48:03,17.7300,125,2
2026-03-05,601012,14:48:06,17.7300,309,2
2026-03-05,601012,14:48:09,17.7300,185,2
2026-03-05,601012,14:48:12,17.7300,71,2
2026-03-05,601012,14:48:15,17.7300,87,2
2026-03-05,601012,14:48:18,17.7400,254,1
2026-03-05,601012,14:48:21,17.7300,73,2
2026-03-05,601012,14:48:24,17.7400,123,1
2026-03-05,601012,14:48:27,17.7400,30,1
2026-03-05,601012,14:48:30,17.7400,433,1
2026-03-05,601012,14:48:33,17.7300,363,2
2026-03-05,601012,14:48:36,17.7300,965,2
2026-03-05,601012,14:48:39,17.7300,102,1
2026-03-05,601012,14:48:42,17.7400,345,1
2026-03-05,601012,14:48:45,17.7300,64,2
2026-03-05,601012,14:48:48,17.7400,75,1
2026-03-05,601012,14:48:51,17.7400,155,1
2026-03-05,601012,14:48:54,17.7300,165,2
2026-03-05,601012,14:48:57,17.7300,12,2
2026-03-05,601012,14:49:00,17.7300,35,2
2026-03-05,601012,14:49:03,17.7300,720,2
2026-03-05,601012,14:49:06,17.7400,385,1
2026-03-05,601012,14:49:09,17.7300,43,2
2026-03-05,601012,14:49:12,17.7300,121,2
2026-03-05,601012,14:49:15,17.7400,163,1
2026-03-05,601012,14:49:18,17.7300,155,2
2026-03-05,601012,14:49:21,17.7400,106,1
2026-03-05,601012,14:49:24,17.7400,135,1
2026-03-05,601012,14:49:27,17.7300,278,2
2026-03-05,601012,14:49:30,17.7400,20,1
2026-03-05,601012,14:49:33,17.7400,157,1
2026-03-05,601012,14:49:36,17.7300,218,2
2026-03-05,601012,14:49:39,17.7300,43,2
2026-03-05,601012,14:49:42,17.7300,142,2
2026-03-05,601012,14:49:45,17.7300,185,2
2026-03-05,601012,14:49:48,17.7400,40,1
2026-03-05,601012,14:49:51,17.7300,104,2
2026-03-05,601012,14:49:54,17.7400,322,1
2026-03-05,601012,14:49:57,17.7400,193,1
2026-03-05,601012,14:50:00,17.7300,217,2
2026-03-05,601012,14:50:03,17.7300,288,2
2026-03-05,601012,14:50:06,17.7300,97,2
2026-03-05,601012,14:50:09,17.7300,1492,2
2026-03-05,601012,14:50:12,17.7300,76,1
2026-03-05,601012,14:50:15,17.7300,76,1
2026-03-05,601012,14:50:18,17.7200,162,2
2026-03-05,601012,14:50:21,17.7300,79,1
2026-03-05,601012,14:50:24,17.7200,92,2
2026-03-05,601012,14:50:27,17.7200,118,2
2026-03-05,601012,14:50:30,17.7200,49,2
2026-03-05,601012,14:50:33,17.7200,80,2
2026-03-05,601012,14:50:36,17.7200,194,2
2026-03-05,601012,14:50:39,17.7300,171,1
2026-03-05,601012,14:50:42,17.7200,478,2
2026-03-05,601012,14:50:45,17.7300,154,1
2026-03-05,601012,14:50:48,17.7300,154,1
2026-03-05,601012,14:50:51,17.7300,265,1
2026-03-05,601012,14:50:54,17.7300,122,1
2026-03-05,601012,14:50:57,17.7300,139,1
2026-03-05,601012,14:51:00,17.7200,139,2
2026-03-05,601012,14:51:03,17.7300,624,1
2026-03-05,601012,14:51:06,17.7300,204,1
2026-03-05,601012,14:51:09,17.7200,85,2
2026-03-05,601012,14:51:12,17.7200,317,2
2026-03-05,601012,14:51:15,17.7300,120,1
2026-03-05,601012,14:51:18,17.7200,587,2
2026-03-05,601012,14:51:21,17.7300,192,1
2026-03-05,601012,14:51:24,17.7200,234,2
2026-03-05,601012,14:51:27,17.7200,142,2
2026-03-05,601012,14:51:30,17.7300,49,1
2026-03-05,601012,14:51:33,17.7300,49,1
2026-03-05,601012,14:51:36,17.7300,234,1
2026-03-05,601012,14:51:39,17.7200,410,2
2026-03-05,601012,14:51:42,17.7300,647,1
2026-03-05,601012,14:51:45,17.7300,66,1
2026-03-05,601012,14:51:48,17.7300,107,1
2026-03-05,601012,14:51:51,17.7200,298,2
2026-03-05,601012,14:51:54,17.7200,137,2
2026-03-05,601012,14:51:57,17.7300,94,1
2026-03-05,601012,14:52:00,17.7200,123,2
2026-03-05,601012,14:52:03,17.7300,174,1
2026-03-05,601012,14:52:06,17.7300,267,1
2026-03-05,601012,14:52:09,17.7300,145,1
2026-03-05,601012,14:52:12,17.7300,406,1
2026-03-05,601012,14:52:15,17.7300,156,1
2026-03-05,601012,14:52:18,17.7300,513,1
2026-03-05,601012,14:52:21,17.7300,257,1
2026-03-05,601012,14:52:24,17.7300,224,1
2026-03-05,601012,14:52:27,17.7300,259,1
2026-03-05,601012,14:52:30,17.7300,270,1
2026-03-05,601012,14:52:33,17.7200,719,2
2026-03-05,601012,14:52:36,17.7300,560,1
2026-03-05,601012,14:52:39,17.7300,516,1
2026-03-05,601012,14:52:42,17.7300,645,1
2026-03-05,601012,14:52:45,17.7200,875,2
2026-03-05,601012,14:52:48,17.7300,225,4
2026-03-05,601012,14:52:51,17.7300,439,2
2026-03-05,601012,14:52:54,17.7300,367,2
2026-03-05,601012,14:52:57,17.7300,623,2
2026-03-05,601012,14:53:00,17.7300,303,1
2026-03-05,601012,14:53:03,17.7300,418,1
2026-03-05,601012,14:53:06,17.7300,235,2
2026-03-05,601012,14:53:09,17.7300,346,2
2026-03-05,601012,14:53:12,17.7300,209,2
2026-03-05,601012,14:53:15,17.7300,228,2
2026-03-05,601012,14:53:18,17.7300,753,1
2026-03-05,601012,14:53:21,17.7300,283,1
2026-03-05,601012,14:53:24,17.7300,413,1
2026-03-05,601012,14:53:27,17.7300,360,2
2026-03-05,601012,14:53:30,17.7300,356,2
2026-03-05,601012,14:53:33,17.7400,138,1
2026-03-05,601012,14:53:36,17.7300,343,2
2026-03-05,601012,14:53:39,17.7400,42,1
2026-03-05,601012,14:53:42,17.7400,107,1
2026-03-05,601012,14:53:45,17.7300,187,2
2026-03-05,601012,14:53:48,17.7400,446,1
2026-03-05,601012,14:53:51,17.7400,153,1
2026-03-05,601012,14:53:54,17.7400,200,1
2026-03-05,601012,14:53:57,17.7400,164,1
2026-03-05,601012,14:54:00,17.7300,541,2
2026-03-05,601012,14:54:03,17.7300,215,2
2026-03-05,601012,14:54:06,17.7300,135,2
2026-03-05,601012,14:54:09,17.7400,307,1
2026-03-05,601012,14:54:12,17.7400,167,1
2026-03-05,601012,14:54:15,17.7400,137,1
2026-03-05,601012,14:54:18,17.7400,362,1
2026-03-05,601012,14:54:21,17.7400,544,1
2026-03-05,601012,14:54:24,17.7300,201,2
2026-03-05,601012,14:54:27,17.7400,794,1
2026-03-05,601012,14:54:30,17.7300,557,2
2026-03-05,601012,14:54:33,17.7300,85,2
2026-03-05,601012,14:54:36,17.7400,145,1
2026-03-05,601012,14:54:39,17.7400,456,1
2026-03-05,601012,14:54:42,17.7300,151,2
2026-03-05,601012,14:54:45,17.7400,446,1
2026-03-05,601012,14:54:48,17.7400,386,1
2026-03-05,601012,14:54:51,17.7400,411,1
2026-03-05,601012,14:54:54,17.7400,193,1
2026-03-05,601012,14:54:57,17.7400,89,2
2026-03-05,601012,14:55:00,17.7500,145,1
2026-03-05,601012,14:55:03,17.7500,77,1
2026-03-05,601012,14:55:06,17.7500,106,1
2026-03-05,601012,14:55:09,17.7500,381,1
2026-03-05,601012,14:55:12,17.7500,215,1
2026-03-05,601012,14:55:15,17.7400,721,2
2026-03-05,601012,14:55:18,17.7500,173,1
2026-03-05,601012,14:55:21,17.7500,683,1
2026-03-05,601012,14:55:24,17.7500,454,1
2026-03-05,601012,14:55:27,17.7500,274,1
2026-03-05,601012,14:55:30,17.7500,492,1
2026-03-05,601012,14:55:33,17.7500,386,1
2026-03-05,601012,14:55:36,17.7400,1588,2
2026-03-05,601012,14:55:39,17.7500,252,1
2026-03-05,601012,14:55:42,17.7500,104,1
2026-03-05,601012,14:55:45,17.7500,255,1
2026-03-05,601012,14:55:48,17.7500,240,1
2026-03-05,601012,14:55:51,17.7500,109,1
2026-03-05,601012,14:55:54,17.7500,386,1
2026-03-05,601012,14:55:58,17.7500,199,1
2026-03-05,601012,14:56:00,17.7500,222,1
2026-03-05,601012,14:56:03,17.7500,362,1
2026-03-05,601012,14:56:06,17.7500,867,1
2026-03-05,601012,14:56:09,17.7500,448,1
2026-03-05,601012,14:56:12,17.7500,609,1
2026-03-05,601012,14:56:15,17.7400,980,2
2026-03-05,601012,14:56:18,17.7500,409,1
2026-03-05,601012,14:56:21,17.7500,228,1
2026-03-05,601012,14:56:24,17.7400,138,2
2026-03-05,601012,14:56:27,17.7400,493,2
2026-03-05,601012,14:56:30,17.7400,246,2
2026-03-05,601012,14:56:33,17.7400,1096,2
2026-03-05,601012,14:56:36,17.7600,189,1
2026-03-05,601012,14:56:39,17.7400,180,2
2026-03-05,601012,14:56:42,17.7500,127,1
2026-03-05,601012,14:56:45,17.7500,293,1
2026-03-05,601012,14:56:48,17.7600,65,1
2026-03-05,601012,14:56:51,17.7500,124,2
2026-03-05,601012,14:56:54,17.7500,131,2
2026-03-05,601012,14:56:57,17.7600,179,1
2026-03-05,601012,14:57:00,17.7500,321,2
2026-03-05,601012,15:00:01,17.7600,11879,4
2026-03-05,601012,13:16:30,17.8500,35,1
2026-03-05,601012,13:16:33,17.8500,93,1
2026-03-05,601012,13:16:36,17.8500,85,1
2026-03-05,601012,13:16:39,17.8400,3,2
2026-03-05,601012,13:16:45,17.8500,35,1
2026-03-05,601012,13:16:48,17.8500,145,1
2026-03-05,601012,13:16:51,17.8400,552,2
2026-03-05,601012,13:16:54,17.8400,397,2
2026-03-05,601012,13:16:57,17.8300,68,2
2026-03-05,601012,13:17:00,17.8300,224,2
2026-03-05,601012,13:17:03,17.8300,13,2
2026-03-05,601012,13:17:06,17.8300,175,2
2026-03-05,601012,13:17:09,17.8300,277,2
2026-03-05,601012,13:17:12,17.8400,27,1
2026-03-05,601012,13:17:15,17.8300,53,2
2026-03-05,601012,13:17:18,17.8300,10,2
2026-03-05,601012,13:17:21,17.8300,35,2
2026-03-05,601012,13:17:24,17.8400,6,1
2026-03-05,601012,13:17:27,17.8400,9,1
2026-03-05,601012,13:17:30,17.8400,85,1
2026-03-05,601012,13:17:36,17.8400,37,1
2026-03-05,601012,13:17:39,17.8300,66,2
2026-03-05,601012,13:17:42,17.8300,59,2
2026-03-05,601012,13:17:45,17.8300,15,2
2026-03-05,601012,13:17:48,17.8300,33,2
2026-03-05,601012,13:17:51,17.8300,20,2
2026-03-05,601012,13:17:54,17.8300,14,2
2026-03-05,601012,13:17:57,17.8300,73,2
2026-03-05,601012,13:18:00,17.8400,10,1
2026-03-05,601012,13:18:03,17.8400,10,1
2026-03-05,601012,13:18:06,17.8400,32,1
2026-03-05,601012,13:18:09,17.8300,44,2
2026-03-05,601012,13:18:12,17.8300,57,2
2026-03-05,601012,13:18:15,17.8300,1,2
2026-03-05,601012,13:18:18,17.8300,28,2
2026-03-05,601012,13:18:21,17.8400,1,1
2026-03-05,601012,13:18:24,17.8400,19,1
2026-03-05,601012,13:18:27,17.8400,267,1
2026-03-05,601012,13:18:30,17.8400,297,1
2026-03-05,601012,13:18:33,17.8400,47,2
2026-03-05,601012,13:18:36,17.8500,21,1
2026-03-05,601012,13:18:39,17.8500,31,1
2026-03-05,601012,13:18:42,17.8500,202,1
2026-03-05,601012,13:18:45,17.8400,13,2
2026-03-05,601012,13:18:48,17.8500,51,1
2026-03-05,601012,13:18:51,17.8500,76,1
2026-03-05,601012,13:18:54,17.8500,38,1
2026-03-05,601012,13:18:57,17.8500,43,2
2026-03-05,601012,13:19:00,17.8500,570,2
2026-03-05,601012,13:19:03,17.8500,47,2
2026-03-05,601012,13:19:06,17.8500,83,2
2026-03-05,601012,13:19:09,17.8600,30,1
2026-03-05,601012,13:19:12,17.8600,22,1
2026-03-05,601012,13:19:15,17.8600,54,2
2026-03-05,601012,13:19:18,17.8700,1,1
2026-03-05,601012,13:19:21,17.8700,9,1
2026-03-05,601012,13:19:24,17.8700,2,1
2026-03-05,601012,13:19:27,17.8700,192,1
2026-03-05,601012,13:19:30,17.8700,35,1
2026-03-05,601012,13:19:33,17.8600,17,2
2026-03-05,601012,13:19:36,17.8700,114,1
2026-03-05,601012,13:19:39,17.8600,10,2
2026-03-05,601012,13:19:42,17.8600,171,2
2026-03-05,601012,13:19:45,17.8600,44,1
2026-03-05,601012,13:19:48,17.8600,91,1
2026-03-05,601012,13:19:51,17.8600,428,1
2026-03-05,601012,13:19:54,17.8600,14,2
2026-03-05,601012,13:19:57,17.8600,5,2
2026-03-05,601012,13:20:00,17.8700,1280,1
2026-03-05,601012,13:20:03,17.8700,58,1
2026-03-05,601012,13:20:06,17.8600,44,2
2026-03-05,601012,13:20:09,17.8700,31,1
2026-03-05,601012,13:20:12,17.8600,56,2
2026-03-05,601012,13:20:15,17.8600,42,2
2026-03-05,601012,13:20:18,17.8700,31,1
2026-03-05,601012,13:20:21,17.8600,302,2
2026-03-05,601012,13:20:24,17.8600,20,2
2026-03-05,601012,13:20:27,17.8900,2411,1
2026-03-05,601012,13:20:30,17.9000,2015,1
2026-03-05,601012,13:20:33,17.9000,532,1
2026-03-05,601012,13:20:36,17.9000,284,1
2026-03-05,601012,13:20:39,17.9000,492,1
2026-03-05,601012,13:20:42,17.9000,32,1
2026-03-05,601012,13:20:45,17.9000,585,1
2026-03-05,601012,13:20:48,17.9000,677,2
2026-03-05,601012,13:20:51,17.9100,49,1
2026-03-05,601012,13:20:54,17.9000,175,2
2026-03-05,601012,13:20:57,17.9100,555,1
2026-03-05,601012,13:21:00,17.9100,149,1
2026-03-05,601012,13:21:03,17.9200,1859,1
2026-03-05,601012,13:21:06,17.8900,225,2
2026-03-05,601012,13:21:09,17.9100,27,1
2026-03-05,601012,13:21:12,17.9100,149,1
2026-03-05,601012,13:21:15,17.8900,77,2
2026-03-05,601012,13:21:18,17.9000,169,1
2026-03-05,601012,13:21:21,17.9000,50,2
2026-03-05,601012,13:21:24,17.9000,33,4
2026-03-05,601012,13:21:27,17.9000,16,1
2026-03-05,601012,13:21:30,17.9000,74,1
2026-03-05,601012,13:21:33,17.8900,129,2
2026-03-05,601012,13:21:36,17.9000,114,1
2026-03-05,601012,13:21:39,17.9000,85,1
2026-03-05,601012,13:21:42,17.9000,51,1
2026-03-05,601012,13:21:45,17.9000,16,1
2026-03-05,601012,13:21:48,17.8900,116,2
2026-03-05,601012,13:21:51,17.8900,106,1
2026-03-05,601012,13:21:54,17.8900,24,1
2026-03-05,601012,13:21:57,17.8900,65,1
2026-03-05,601012,13:22:01,17.8800,42,2
2026-03-05,601012,13:22:03,17.8800,49,2
2026-03-05,601012,13:22:07,17.8800,47,2
2026-03-05,601012,13:22:09,17.8900,168,1
2026-03-05,601012,13:22:12,17.8800,201,2
2026-03-05,601012,13:22:15,17.8800,99,2
2026-03-05,601012,13:22:18,17.8900,164,1
2026-03-05,601012,13:22:21,17.8900,35,1
2026-03-05,601012,13:22:24,17.8900,97,1
2026-03-05,601012,13:22:27,17.8900,79,1
2026-03-05,601012,13:22:30,17.8900,69,1
2026-03-05,601012,13:22:33,17.8800,20,2
2026-03-05,601012,13:22:36,17.8800,3,2
2026-03-05,601012,13:22:39,17.8900,23,1
2026-03-05,601012,13:22:45,17.8900,54,1
2026-03-05,601012,13:22:51,17.8800,46,2
2026-03-05,601012,13:22:54,17.8800,52,2
2026-03-05,601012,13:22:57,17.8900,190,1
2026-03-05,601012,13:23:00,17.8800,89,2
2026-03-05,601012,13:23:03,17.8900,44,1
2026-03-05,601012,13:23:06,17.8800,13,2
2026-03-05,601012,13:23:09,17.8800,35,2
2026-03-05,601012,13:23:12,17.8800,88,2
2026-03-05,601012,13:23:15,17.8800,36,2
2026-03-05,601012,13:23:18,17.8800,25,1
2026-03-05,601012,13:23:21,17.8800,73,1
2026-03-05,601012,13:23:24,17.8800,16,1
2026-03-05,601012,13:23:27,17.8700,72,2
2026-03-05,601012,13:23:30,17.8700,50,2
2026-03-05,601012,13:23:33,17.8800,63,1
2026-03-05,601012,13:23:36,17.8700,89,2
2026-03-05,601012,13:23:39,17.8800,84,1
2026-03-05,601012,13:23:42,17.8700,19,2
2026-03-05,601012,13:23:45,17.8800,303,1
2026-03-05,601012,13:23:48,17.8700,24,1
2026-03-05,601012,13:23:51,17.8800,12,1
2026-03-05,601012,13:23:54,17.8600,126,2
2026-03-05,601012,13:23:57,17.8700,71,1
2026-03-05,601012,13:24:01,17.8700,50,1
2026-03-05,601012,13:24:03,17.8700,30,2
2026-03-05,601012,13:24:06,17.8800,168,1
2026-03-05,601012,13:24:09,17.8800,80,1
2026-03-05,601012,13:24:12,17.8800,255,1
2026-03-05,601012,13:24:15,17.8800,16,1
2026-03-05,601012,13:24:18,17.8700,35,2
2026-03-05,601012,13:24:21,17.8800,210,1
2026-03-05,601012,13:24:24,17.8700,53,2
2026-03-05,601012,13:24:27,17.8700,10,1
2026-03-05,601012,13:24:30,17.8700,32,1
2026-03-05,601012,13:24:33,17.8700,26,1
2026-03-05,601012,13:24:36,17.8700,65,1
2026-03-05,601012,13:24:39,17.8700,38,1
2026-03-05,601012,13:24:42,17.8700,35,1
2026-03-05,601012,13:24:45,17.8700,26,1
2026-03-05,601012,13:24:48,17.8700,23,1
2026-03-05,601012,13:24:51,17.8700,3,1
2026-03-05,601012,13:24:54,17.8600,69,2
2026-03-05,601012,13:24:57,17.8700,80,1
2026-03-05,601012,13:25:00,17.8700,101,1
2026-03-05,601012,13:25:03,17.8600,53,2
2026-03-05,601012,13:25:06,17.8700,103,1
2026-03-05,601012,13:25:09,17.8700,171,1
2026-03-05,601012,13:25:12,17.8700,142,1
2026-03-05,601012,13:25:15,17.8600,277,2
2026-03-05,601012,13:25:18,17.8600,8,2
2026-03-05,601012,13:25:21,17.8600,36,2
2026-03-05,601012,13:25:24,17.8700,3,1
2026-03-05,601012,13:25:27,17.8700,30,1
2026-03-05,601012,13:25:30,17.8700,152,1
2026-03-05,601012,13:25:33,17.8700,54,1
2026-03-05,601012,13:25:36,17.8800,256,1
2026-03-05,601012,13:25:39,17.8700,66,2
2026-03-05,601012,13:25:42,17.8800,155,1
2026-03-05,601012,13:25:45,17.8700,73,2
2026-03-05,601012,13:25:48,17.8800,921,1
2026-03-05,601012,13:25:52,17.8800,328,2
2026-03-05,601012,13:25:54,17.8800,404,2
2026-03-05,601012,13:25:57,17.8800,44,1
2026-03-05,601012,13:26:00,17.8800,17,1
2026-03-05,601012,13:26:03,17.8800,9,2
2026-03-05,601012,13:26:06,17.8800,638,2
2026-03-05,601012,13:26:09,17.8800,71,2
2026-03-05,601012,13:26:12,17.8800,95,2
2026-03-05,601012,13:26:15,17.8900,115,1
2026-03-05,601012,13:26:18,17.8800,38,2
2026-03-05,601012,13:26:21,17.8800,49,2
2026-03-05,601012,13:26:24,17.8800,37,2
2026-03-05,601012,13:26:27,17.8700,450,2
2026-03-05,601012,13:26:30,17.8900,113,1
2026-03-05,601012,13:26:33,17.8700,102,2
2026-03-05,601012,13:26:36,17.8900,2,1
2026-03-05,601012,13:26:39,17.8800,21,2
2026-03-05,601012,13:26:42,17.8900,54,1
2026-03-05,601012,13:26:45,17.8800,179,2
2026-03-05,601012,13:26:48,17.8800,16,2
2026-03-05,601012,13:26:51,17.8800,20,2
2026-03-05,601012,13:26:54,17.8800,52,2
2026-03-05,601012,13:26:57,17.8800,63,2
2026-03-05,601012,13:27:00,17.8800,81,2
2026-03-05,601012,13:27:03,17.8900,9,1
2026-03-05,601012,13:27:06,17.8900,49,1
2026-03-05,601012,13:27:09,17.8900,437,1
2026-03-05,601012,13:27:12,17.8900,16,2
2026-03-05,601012,13:27:15,17.9000,25,1
2026-03-05,601012,13:27:18,17.8900,21,2
2026-03-05,601012,13:27:21,17.8900,209,2
2026-03-05,601012,13:27:24,17.9000,19,1
2026-03-05,601012,13:27:27,17.8900,32,2
2026-03-05,601012,13:27:30,17.9000,74,1
2026-03-05,601012,13:27:33,17.8900,469,2
2026-03-05,601012,13:27:36,17.8900,13,1
2026-03-05,601012,13:27:39,17.8900,18,1
2026-03-05,601012,13:27:42,17.8900,75,1
2026-03-05,601012,13:27:45,17.8900,35,1
2026-03-05,601012,13:27:48,17.8900,141,1
2026-03-05,601012,13:27:51,17.8900,9,1
2026-03-05,601012,13:27:54,17.8800,43,2
2026-03-05,601012,13:27:57,17.8900,381,1
2026-03-05,601012,13:28:00,17.8900,124,1
2026-03-05,601012,13:28:03,17.8900,4,1
2026-03-05,601012,13:28:06,17.8800,20,2
2026-03-05,601012,13:28:09,17.8800,214,2
2026-03-05,601012,13:28:12,17.8800,8,2
2026-03-05,601012,13:28:15,17.8900,14,1
2026-03-05,601012,13:28:18,17.8900,104,1
2026-03-05,601012,13:28:21,17.8900,16,1
2026-03-05,601012,13:28:24,17.8900,65,1
2026-03-05,601012,13:28:27,17.8900,36,1
2026-03-05,601012,13:28:30,17.8800,34,2
2026-03-05,601012,13:28:33,17.8900,31,1
2026-03-05,601012,13:28:36,17.8800,133,2
2026-03-05,601012,13:28:39,17.8900,32,1
2026-03-05,601012,13:28:42,17.8800,237,2
2026-03-05,601012,13:28:45,17.8800,2,1
2026-03-05,601012,13:28:48,17.8800,24,1
2026-03-05,601012,13:28:51,17.8800,12,1
2026-03-05,601012,13:28:54,17.8800,35,1
2026-03-05,601012,13:28:57,17.8800,284,1
2026-03-05,601012,13:29:00,17.8800,436,1
2026-03-05,601012,13:29:03,17.8800,165,1
2026-03-05,601012,13:29:06,17.8900,997,1
2026-03-05,601012,13:29:09,17.8800,100,2
2026-03-05,601012,13:29:12,17.8800,116,2
2026-03-05,601012,13:29:15,17.8900,6,1
2026-03-05,601012,13:29:18,17.8800,8,2
2026-03-05,601012,13:29:21,17.8800,68,2
2026-03-05,601012,13:29:24,17.8800,67,2
2026-03-05,601012,13:29:27,17.8900,44,1
2026-03-05,601012,13:29:30,17.8800,8,2
2026-03-05,601012,13:29:33,17.8800,15,2
2026-03-05,601012,13:29:36,17.8900,219,1
2026-03-05,601012,13:29:39,17.8900,22,1
2026-03-05,601012,13:29:42,17.8900,33,1
2026-03-05,601012,13:29:45,17.8900,61,1
2026-03-05,601012,13:29:48,17.8900,50,1
2026-03-05,601012,13:29:51,17.8800,56,2
2026-03-05,601012,13:29:54,17.8800,193,2
2026-03-05,601012,13:29:57,17.8800,27,2
2026-03-05,601012,13:30:00,17.8900,12,1
2026-03-05,601012,13:30:03,17.8900,56,1
2026-03-05,601012,13:30:06,17.8800,45,2
2026-03-05,601012,13:30:09,17.8800,100,2
2026-03-05,601012,13:30:12,17.8800,137,2
2026-03-05,601012,13:30:15,17.8900,19,1
2026-03-05,601012,13:30:18,17.8800,40,2
2026-03-05,601012,13:30:21,17.8800,11,2
2026-03-05,601012,13:30:24,17.8800,95,2
2026-03-05,601012,13:30:27,17.8800,18,2
2026-03-05,601012,13:30:30,17.8800,128,2
2026-03-05,601012,13:30:33,17.8800,3,2
2026-03-05,601012,13:30:36,17.8800,19,2
2026-03-05,601012,13:30:39,17.8800,11,2
2026-03-05,601012,13:30:42,17.8800,176,2
2026-03-05,601012,13:30:45,17.8800,33,2
2026-03-05,601012,13:30:48,17.8800,0,2
2026-03-05,601012,13:30:51,17.8800,59,2
2026-03-05,601012,13:30:54,17.8900,14,1
2026-03-05,601012,13:30:57,17.8800,38,2
2026-03-05,601012,13:31:00,17.8800,16,2
2026-03-05,601012,13:31:03,17.8900,117,1
2026-03-05,601012,13:31:06,17.8800,95,2
2026-03-05,601012,13:31:09,17.8900,95,1
2026-03-05,601012,13:31:12,17.8900,66,1
2026-03-05,601012,13:31:15,17.8800,79,2
2026-03-05,601012,13:31:18,17.8900,15,1
2026-03-05,601012,13:31:21,17.8900,51,1
2026-03-05,601012,13:31:24,17.8800,30,2
2026-03-05,601012,13:31:27,17.8900,8,1
2026-03-05,601012,13:31:30,17.8800,604,2
2026-03-05,601012,13:31:33,17.8900,385,1
2026-03-05,601012,13:31:36,17.8900,86,2
2026-03-05,601012,13:31:39,17.8900,45,2
2026-03-05,601012,13:31:42,17.8900,13,2
2026-03-05,601012,13:31:45,17.8900,505,2
2026-03-05,601012,13:31:48,17.8900,50,2
2026-03-05,601012,13:31:51,17.9000,16,1
2026-03-05,601012,13:31:54,17.9200,6471,1
2026-03-05,601012,13:31:57,17.9300,352,1
2026-03-05,601012,13:32:00,17.9300,36,1
2026-03-05,601012,13:32:03,17.9300,112,1
2026-03-05,601012,13:32:06,17.9300,146,1
2026-03-05,601012,13:32:09,17.9200,156,2
2026-03-05,601012,13:32:12,17.9200,170,2
2026-03-05,601012,13:32:15,17.9200,37,2
2026-03-05,601012,13:32:18,17.9200,48,2
2026-03-05,601012,13:32:21,17.9200,523,2
2026-03-05,601012,13:32:24,17.9200,425,2
2026-03-05,601012,13:32:27,17.9200,66,1
2026-03-05,601012,13:32:30,17.9100,59,2
2026-03-05,601012,13:32:33,17.9100,20,2
2026-03-05,601012,13:32:36,17.9100,19,2
2026-03-05,601012,13:32:39,17.9100,22,2
2026-03-05,601012,13:32:42,17.9100,31,2
2026-03-05,601012,13:32:45,17.9100,106,2
2026-03-05,601012,13:32:48,17.9100,110,2
2026-03-05,601012,13:32:51,17.9200,132,1
2026-03-05,601012,13:32:54,17.9000,2122,2
2026-03-05,601012,13:32:57,17.9100,113,1
2026-03-05,601012,13:33:00,17.9000,5,2
2026-03-05,601012,13:33:03,17.9100,183,1
2026-03-05,601012,13:33:06,17.9000,139,2
2026-03-05,601012,13:33:09,17.9100,5,2
2026-03-05,601012,13:33:12,17.9100,12,1
2026-03-05,601012,13:33:18,17.9100,205,1
2026-03-05,601012,13:33:21,17.9100,27,1
2026-03-05,601012,13:33:24,17.9100,87,1
2026-03-05,601012,13:33:27,17.9100,8,1
2026-03-05,601012,13:33:30,17.9100,4,1
2026-03-05,601012,13:33:33,17.9000,89,2
2026-03-05,601012,13:33:36,17.9100,54,1
2026-03-05,601012,13:33:39,17.9000,46,2
2026-03-05,601012,13:33:42,17.9000,63,2
2026-03-05,601012,13:33:45,17.9000,386,2
2026-03-05,601012,13:33:48,17.9000,71,1
2026-03-05,601012,13:33:51,17.8900,29,2
2026-03-05,601012,13:33:54,17.9000,143,1
2026-03-05,601012,13:33:57,17.8900,348,2
2026-03-05,601012,13:34:00,17.9000,218,1
2026-03-05,601012,13:34:03,17.8900,1253,2
2026-03-05,601012,13:34:06,17.9000,114,1
2026-03-05,601012,13:34:09,17.8900,518,4
2026-03-05,601012,13:34:12,17.8900,130,1
2026-03-05,601012,13:34:15,17.8900,49,4
2026-03-05,601012,13:34:18,17.9000,16,1
2026-03-05,601012,13:34:21,17.8900,41,2
2026-03-05,601012,13:34:24,17.8900,61,2
2026-03-05,601012,13:34:27,17.8900,31,2
2026-03-05,601012,13:34:30,17.9000,153,1
2026-03-05,601012,13:34:33,17.9000,38,1
2026-03-05,601012,13:34:36,17.8900,134,2
2026-03-05,601012,13:34:39,17.8900,168,2
2026-03-05,601012,13:34:42,17.8900,9,2
2026-03-05,601012,13:34:45,17.8900,111,2
2026-03-05,601012,13:34:48,17.8900,354,2
2026-03-05,601012,13:34:51,17.8900,250,2
2026-03-05,601012,13:34:54,17.8900,22,1
2026-03-05,601012,13:34:57,17.8900,78,1
2026-03-05,601012,13:35:00,17.8800,111,2
2026-03-05,601012,13:35:03,17.8800,65,2
2026-03-05,601012,13:35:06,17.8800,17,2
2026-03-05,601012,13:35:09,17.8800,251,2
2026-03-05,601012,13:35:12,17.8900,45,1
2026-03-05,601012,13:35:15,17.8800,48,2
2026-03-05,601012,13:35:18,17.8900,14,1
2026-03-05,601012,13:35:21,17.8800,269,2
2026-03-05,601012,13:35:24,17.8800,64,2
2026-03-05,601012,13:35:27,17.8900,14,1
2026-03-05,601012,13:35:30,17.8800,32,2
2026-03-05,601012,13:35:33,17.8900,139,1
2026-03-05,601012,13:35:36,17.8800,40,2
2026-03-05,601012,13:35:39,17.8800,135,2
2026-03-05,601012,13:35:42,17.9100,4454,1
2026-03-05,601012,13:35:45,17.9000,172,1
2026-03-05,601012,13:35:48,17.9000,13,2
2026-03-05,601012,13:35:51,17.9000,43,2
2026-03-05,601012,13:35:54,17.9100,34,1
2026-03-05,601012,13:35:57,17.9000,56,2
2026-03-05,601012,13:36:00,17.9200,2003,1
2026-03-05,601012,13:36:03,17.9000,203,2
2026-03-05,601012,13:36:06,17.9100,73,4
2026-03-05,601012,13:36:09,17.9000,66,2
2026-03-05,601012,13:36:12,17.9100,14,1
2026-03-05,601012,13:36:15,17.9000,81,2
2026-03-05,601012,13:36:18,17.9100,611,1
2026-03-05,601012,13:36:21,17.9000,23,2
2026-03-05,601012,13:36:24,17.9100,56,1
2026-03-05,601012,13:36:27,17.9000,25,2
2026-03-05,601012,13:36:30,17.9100,109,1
2026-03-05,601012,13:36:33,17.9000,55,2
2026-03-05,601012,13:36:36,17.9000,146,2
2026-03-05,601012,13:36:39,17.9000,47,2
2026-03-05,601012,13:36:42,17.9000,180,2
2026-03-05,601012,13:36:45,17.9000,64,2
2026-03-05,601012,13:36:48,17.9000,141,1
2026-03-05,601012,13:36:51,17.9000,144,1
2026-03-05,601012,13:36:54,17.9000,163,1
2026-03-05,601012,13:36:57,17.9000,196,1
2026-03-05,601012,13:37:00,17.9000,66,1
2026-03-05,601012,13:37:03,17.8900,64,2
2026-03-05,601012,13:37:06,17.9000,42,1
2026-03-05,601012,13:37:09,17.8900,31,2
2026-03-05,601012,13:37:12,17.8900,128,2
2026-03-05,601012,13:37:15,17.9000,239,1
2026-03-05,601012,13:37:18,17.8900,46,2
2026-03-05,601012,13:37:21,17.8900,16,1
2026-03-05,601012,13:37:24,17.8900,1,1
2026-03-05,601012,13:37:27,17.8800,28,2
2026-03-05,601012,13:37:30,17.8800,52,2
2026-03-05,601012,13:37:33,17.8800,28,2
2026-03-05,601012,13:37:36,17.8800,115,2
2026-03-05,601012,13:37:39,17.8800,90,2
2026-03-05,601012,13:37:42,17.8800,51,2
2026-03-05,601012,13:37:45,17.8900,68,1
2026-03-05,601012,13:37:48,17.8800,52,2
2026-03-05,601012,13:37:51,17.8800,74,2
2026-03-05,601012,13:37:54,17.8800,123,2
2026-03-05,601012,13:37:57,17.8800,50,2
2026-03-05,601012,13:38:00,17.8800,32,2
2026-03-05,601012,13:38:03,17.8800,1,2
2026-03-05,601012,13:38:06,17.8800,78,2
2026-03-05,601012,13:38:09,17.8800,72,2
2026-03-05,601012,13:38:12,17.8800,37,2
2026-03-05,601012,13:38:15,17.8800,43,2
2026-03-05,601012,13:38:18,17.8800,182,2
2026-03-05,601012,13:38:21,17.8800,170,2
2026-03-05,601012,13:38:24,17.8800,42,1
2026-03-05,601012,13:38:27,17.8800,1,1
2026-03-05,601012,13:38:30,17.8800,668,1
2026-03-05,601012,13:38:33,17.8800,16,1
2026-03-05,601012,13:38:36,17.8800,88,1
2026-03-05,601012,13:38:39,17.8800,20,1
2026-03-05,601012,13:38:42,17.8700,36,2
2026-03-05,601012,13:38:45,17.8800,7,1
2026-03-05,601012,13:38:48,17.8800,19,1
2026-03-05,601012,13:38:51,17.8700,16,2
2026-03-05,601012,13:38:54,17.8700,108,2
2026-03-05,601012,13:38:57,17.8700,84,2
2026-03-05,601012,13:39:00,17.8600,34,2
2026-03-05,601012,13:39:03,17.8700,10,1
2026-03-05,601012,13:39:06,17.8600,14,2
2026-03-05,601012,13:39:09,17.8600,56,2
2026-03-05,601012,13:39:12,17.8700,66,1
2026-03-05,601012,13:39:15,17.8700,115,1
2026-03-05,601012,13:39:18,17.8600,12,2
2026-03-05,601012,13:39:21,17.8600,327,2
2026-03-05,601012,13:39:24,17.8600,54,2
2026-03-05,601012,13:39:27,17.8600,787,2
2026-03-05,601012,13:39:30,17.8500,415,2
2026-03-05,601012,13:39:33,17.8600,28,1
2026-03-05,601012,13:39:36,17.8500,108,2
2026-03-05,601012,13:39:39,17.8500,141,2
2026-03-05,601012,13:39:42,17.8600,6,1
2026-03-05,601012,13:39:45,17.8500,118,2
2026-03-05,601012,13:39:48,17.8500,15,2
2026-03-05,601012,13:39:51,17.8600,54,1
2026-03-05,601012,13:39:54,17.8600,107,1
2026-03-05,601012,13:39:57,17.8500,15,2
2026-03-05,601012,13:40:00,17.8600,171,1
2026-03-05,601012,13:40:03,17.8600,11,1
2026-03-05,601012,13:40:06,17.8600,6,1
2026-03-05,601012,13:40:09,17.8500,12,2
2026-03-05,601012,13:40:12,17.8600,93,1
2026-03-05,601012,13:40:15,17.8600,65,1
2026-03-05,601012,13:40:18,17.8600,22,1
2026-03-05,601012,13:40:21,17.8600,249,1
2026-03-05,601012,13:40:24,17.8600,54,1
2026-03-05,601012,13:40:27,17.8500,18,2
2026-03-05,601012,13:40:30,17.8500,19,2
2026-03-05,601012,13:40:33,17.8600,47,1
2026-03-05,601012,13:40:36,17.8600,714,1
2026-03-05,601012,13:40:39,17.8600,23,2
2026-03-05,601012,13:40:42,17.8600,29,2
2026-03-05,601012,13:40:45,17.8600,23,2
2026-03-05,601012,13:40:48,17.8600,136,2
2026-03-05,601012,13:40:51,17.8700,43,1
2026-03-05,601012,13:40:54,17.8600,374,2
2026-03-05,601012,13:40:57,17.8600,59,2
2026-03-05,601012,13:41:00,17.8600,36,2
2026-03-05,601012,13:41:03,17.8700,38,1
2026-03-05,601012,13:41:06,17.8600,123,2
2026-03-05,601012,13:41:09,17.8700,4,1
2026-03-05,601012,13:41:12,17.8700,19,1
2026-03-05,601012,13:41:15,17.8700,18,1
2026-03-05,601012,13:41:18,17.8700,11,1
2026-03-05,601012,13:41:22,17.8600,21,2
2026-03-05,601012,13:41:24,17.8600,50,2
2026-03-05,601012,13:41:27,17.8600,12,2
2026-03-05,601012,13:41:30,17.8600,169,2
2026-03-05,601012,13:41:33,17.8500,60,2
2026-03-05,601012,13:41:36,17.8500,327,2
2026-03-05,601012,13:41:39,17.8500,58,2
2026-03-05,601012,13:41:42,17.8500,43,2
2026-03-05,601012,13:41:45,17.8600,130,1
2026-03-05,601012,13:41:48,17.8500,76,2
2026-03-05,601012,13:41:51,17.8600,81,1
2026-03-05,601012,13:41:54,17.8500,102,2
2026-03-05,601012,13:41:57,17.8500,51,2
2026-03-05,601012,13:42:00,17.8500,100,2
2026-03-05,601012,13:42:03,17.8600,17,1
2026-03-05,601012,13:42:06,17.8600,137,1
2026-03-05,601012,13:42:09,17.8600,36,1
2026-03-05,601012,13:42:12,17.8500,37,2
2026-03-05,601012,13:42:15,17.8600,8,1
2026-03-05,601012,13:42:18,17.8600,51,1
2026-03-05,601012,13:42:21,17.8600,25,1
2026-03-05,601012,13:42:24,17.8500,117,2
2026-03-05,601012,13:42:27,17.8600,16,1
2026-03-05,601012,13:42:30,17.8600,8,1
2026-03-05,601012,13:42:33,17.8600,68,1
2026-03-05,601012,13:42:36,17.8600,53,1
2026-03-05,601012,13:42:39,17.8600,20,1
2026-03-05,601012,13:42:42,17.8500,47,2
2026-03-05,601012,13:42:45,17.8500,23,2
2026-03-05,601012,13:42:48,17.8500,52,2
2026-03-05,601012,13:42:51,17.8500,17,2
2026-03-05,601012,13:42:57,17.8500,134,2
2026-03-05,601012,13:43:00,17.8600,167,1
2026-03-05,601012,13:43:03,17.8500,70,2
2026-03-05,601012,13:43:06,17.8600,68,1
2026-03-05,601012,13:43:09,17.8600,37,1
2026-03-05,601012,13:43:12,17.8600,4,1
2026-03-05,601012,13:43:15,17.8600,92,1
2026-03-05,601012,13:43:18,17.8600,120,1
2026-03-05,601012,13:43:21,17.8600,30,1
2026-03-05,601012,13:43:24,17.8600,32,1
2026-03-05,601012,13:43:27,17.8600,1109,1
2026-03-05,601012,13:43:30,17.8600,74,2
2026-03-05,601012,13:43:33,17.8600,43,2
2026-03-05,601012,13:43:36,17.8600,70,2
2026-03-05,601012,13:43:39,17.8600,44,2
2026-03-05,601012,13:43:42,17.8600,81,2
2026-03-05,601012,13:43:45,17.8700,59,1
2026-03-05,601012,13:43:48,17.8600,34,2
2026-03-05,601012,13:43:51,17.8700,174,1
2026-03-05,601012,13:43:54,17.8800,20,1
2026-03-05,601012,13:43:57,17.8700,21,2
2026-03-05,601012,13:44:00,17.8700,2,1
2026-03-05,601012,13:44:03,17.8700,170,1
2026-03-05,601012,13:44:06,17.8700,17,1
2026-03-05,601012,13:44:09,17.8700,35,1
2026-03-05,601012,13:44:12,17.8600,75,2
2026-03-05,601012,13:44:15,17.8600,20,2
2026-03-05,601012,13:44:18,17.8700,176,1
2026-03-05,601012,13:44:21,17.8600,38,2
2026-03-05,601012,13:44:24,17.8700,11,1
2026-03-05,601012,13:44:27,17.8600,107,2
2026-03-05,601012,13:44:30,17.8700,15,1
2026-03-05,601012,13:44:33,17.8700,53,1
2026-03-05,601012,13:44:36,17.8700,52,1
2026-03-05,601012,13:44:39,17.8600,25,2
2026-03-05,601012,13:44:42,17.8700,7,1
2026-03-05,601012,13:44:45,17.8600,44,2
2026-03-05,601012,13:44:48,17.8800,18,1
2026-03-05,601012,13:44:51,17.8800,3,1
2026-03-05,601012,13:44:54,17.8800,19,1
2026-03-05,601012,13:44:57,17.8700,10,2
2026-03-05,601012,13:45:00,17.8700,11,2
2026-03-05,601012,13:45:03,17.8700,68,2
2026-03-05,601012,13:45:06,17.8700,30,2
2026-03-05,601012,13:45:09,17.8800,82,1
2026-03-05,601012,13:45:12,17.8700,63,2
2026-03-05,601012,13:45:15,17.8700,49,2
2026-03-05,601012,13:45:18,17.8800,11,1
2026-03-05,601012,13:45:21,17.8700,25,2
2026-03-05,601012,13:45:24,17.8800,275,1
2026-03-05,601012,13:45:27,17.8700,272,2
2026-03-05,601012,13:45:30,17.8600,46,2
2026-03-05,601012,13:45:33,17.8600,186,2
2026-03-05,601012,13:45:36,17.8700,57,1
2026-03-05,601012,13:45:39,17.8700,98,1
2026-03-05,601012,13:45:42,17.8700,62,1
2026-03-05,601012,13:45:45,17.8700,82,1
2026-03-05,601012,13:45:48,17.8700,50,2
2026-03-05,601012,13:45:51,17.8700,12,2
2026-03-05,601012,13:45:54,17.8700,86,2
2026-03-05,601012,13:45:57,17.8700,122,2
2026-03-05,601012,13:46:00,17.8700,60,2
2026-03-05,601012,13:46:03,17.8700,67,1
2026-03-05,601012,13:46:06,17.8600,112,2
2026-03-05,601012,13:46:09,17.8700,109,1
2026-03-05,601012,13:46:12,17.8700,180,1
2026-03-05,601012,13:46:15,17.8700,21,2
2026-03-05,601012,13:46:18,17.8600,78,2
2026-03-05,601012,13:46:21,17.8600,24,2
2026-03-05,601012,13:46:24,17.8700,31,1
2026-03-05,601012,13:46:27,17.8600,5,2
2026-03-05,601012,13:46:30,17.8600,34,2
2026-03-05,601012,13:46:33,17.8600,51,2
2026-03-05,601012,13:46:36,17.8700,11,1
2026-03-05,601012,13:46:39,17.8700,12,1
2026-03-05,601012,13:46:42,17.8600,33,2
2026-03-05,601012,13:46:45,17.8700,169,1
2026-03-05,601012,13:46:48,17.8700,5,1
2026-03-05,601012,13:46:51,17.8600,7,2
2026-03-05,601012,13:46:54,17.8700,12,1
2026-03-05,601012,13:46:57,17.8600,226,2
2026-03-05,601012,13:47:00,17.8700,67,1
2026-03-05,601012,13:47:03,17.8700,52,1
2026-03-05,601012,13:47:06,17.8600,3,2
2026-03-05,601012,13:47:09,17.8700,169,1
2026-03-05,601012,13:47:12,17.8700,104,2
2026-03-05,601012,13:47:15,17.8700,84,2
2026-03-05,601012,13:47:18,17.8600,100,2
2026-03-05,601012,13:47:21,17.8600,27,2
2026-03-05,601012,13:47:24,17.8700,11,1
2026-03-05,601012,13:47:27,17.8700,76,1
2026-03-05,601012,13:47:30,17.8600,32,2
2026-03-05,601012,13:47:33,17.8600,19,2
2026-03-05,601012,13:47:36,17.8700,16,1
2026-03-05,601012,13:47:39,17.8600,9,2
2026-03-05,601012,13:47:42,17.8600,85,2
2026-03-05,601012,13:47:45,17.8600,3,2
2026-03-05,601012,13:47:48,17.8700,28,1
2026-03-05,601012,13:47:51,17.8600,32,2
2026-03-05,601012,13:47:54,17.8600,57,2
2026-03-05,601012,13:47:57,17.8700,24,1
2026-03-05,601012,13:48:00,17.8600,32,2
2026-03-05,601012,13:48:03,17.8600,121,2
2026-03-05,601012,13:48:06,17.8600,235,2
2026-03-05,601012,13:48:09,17.8700,82,1
2026-03-05,601012,13:48:12,17.8600,168,2
2026-03-05,601012,13:48:15,17.8600,84,2
2026-03-05,601012,13:48:18,17.8600,109,2
2026-03-05,601012,13:48:21,17.8600,72,2
2026-03-05,601012,13:48:24,17.8600,17,2
2026-03-05,601012,13:48:27,17.8600,60,2
2026-03-05,601012,13:48:30,17.8600,16,2
2026-03-05,601012,13:48:33,17.8600,62,2
2026-03-05,601012,13:48:36,17.8600,61,2
2026-03-05,601012,13:48:39,17.8500,519,2
2026-03-05,601012,13:48:42,17.8500,131,2
2026-03-05,601012,13:48:45,17.8500,102,2
2026-03-05,601012,13:48:48,17.8500,43,2
2026-03-05,601012,13:48:51,17.8500,158,2
2026-03-05,601012,13:48:54,17.8500,156,2
2026-03-05,601012,13:48:57,17.8600,97,1
2026-03-05,601012,13:49:00,17.8400,1095,2
2026-03-05,601012,13:49:03,17.8400,217,2
2026-03-05,601012,13:49:06,17.8400,98,2
2026-03-05,601012,13:49:09,17.8500,94,1
2026-03-05,601012,13:49:12,17.8400,124,2
2026-03-05,601012,13:49:15,17.8500,24,1
2026-03-05,601012,13:49:18,17.8500,380,1
2026-03-05,601012,13:49:21,17.8400,64,2
2026-03-05,601012,13:49:24,17.8500,16,1
2026-03-05,601012,13:49:27,17.8400,63,2
2026-03-05,601012,13:49:30,17.8500,93,1
2026-03-05,601012,13:49:33,17.8500,116,1
2026-03-05,601012,13:49:36,17.8500,132,1
2026-03-05,601012,13:49:39,17.8500,343,1
2026-03-05,601012,13:49:42,17.8400,79,2
2026-03-05,601012,13:49:45,17.8500,66,1
2026-03-05,601012,13:49:48,17.8400,194,2
2026-03-05,601012,13:49:51,17.8400,32,2
2026-03-05,601012,13:49:54,17.8500,126,1
2026-03-05,601012,13:49:57,17.8400,112,2
2026-03-05,601012,13:50:00,17.8400,49,1
2026-03-05,601012,13:50:03,17.8300,23,2
2026-03-05,601012,13:50:06,17.8400,70,1
2026-03-05,601012,13:50:09,17.8300,141,2
2026-03-05,601012,13:50:12,17.8300,109,2
2026-03-05,601012,13:50:15,17.8300,50,2
2026-03-05,601012,13:50:18,17.8300,55,2
2026-03-05,601012,13:50:21,17.8300,41,2
2026-03-05,601012,13:50:24,17.8300,114,2
2026-03-05,601012,13:50:27,17.8300,142,2
2026-03-05,601012,13:50:30,17.8300,3,2
2026-03-05,601012,13:50:33,17.8300,304,2
2026-03-05,601012,13:50:36,17.8300,320,2
2026-03-05,601012,13:50:39,17.8300,66,2
2026-03-05,601012,13:50:42,17.8300,66,2
2026-03-05,601012,13:50:45,17.8300,44,2
2026-03-05,601012,13:50:48,17.8300,599,2
2026-03-05,601012,13:50:51,17.8300,36,1
2026-03-05,601012,13:50:54,17.8300,22,1
2026-03-05,601012,13:50:57,17.8200,108,2
2026-03-05,601012,13:51:00,17.8200,44,2
2026-03-05,601012,13:51:03,17.8300,81,1
2026-03-05,601012,13:51:06,17.8200,183,2
2026-03-05,601012,13:51:09,17.8200,16,2
2026-03-05,601012,13:51:12,17.8200,30,2
2026-03-05,601012,13:51:15,17.8200,47,2
2026-03-05,601012,13:51:18,17.8200,119,2
2026-03-05,601012,13:51:21,17.8300,16,1
2026-03-05,601012,13:51:24,17.8300,38,1
2026-03-05,601012,13:51:27,17.8300,122,1
2026-03-05,601012,13:51:30,17.8200,9,2
2026-03-05,601012,13:51:33,17.8300,62,1
2026-03-05,601012,13:51:36,17.8200,67,2
2026-03-05,601012,13:51:39,17.8300,11,1
2026-03-05,601012,13:51:42,17.8300,144,1
2026-03-05,601012,13:51:45,17.8200,87,2
2026-03-05,601012,13:51:48,17.8200,187,2
2026-03-05,601012,13:51:51,17.8300,108,1
2026-03-05,601012,13:51:54,17.8300,173,1
2026-03-05,601012,13:51:57,17.8200,137,2
2026-03-05,601012,13:52:00,17.8200,55,2
2026-03-05,601012,13:52:03,17.8200,163,2
2026-03-05,601012,13:52:06,17.8200,184,2
2026-03-05,601012,13:52:09,17.8200,26,2
2026-03-05,601012,13:52:12,17.8200,162,2
2026-03-05,601012,13:52:15,17.8200,35,2
2026-03-05,601012,13:52:18,17.8200,24,2
2026-03-05,601012,13:52:21,17.8200,337,2
2026-03-05,601012,13:52:24,17.8200,86,2
2026-03-05,601012,13:52:27,17.8200,59,2
2026-03-05,601012,13:52:30,17.8200,175,2
2026-03-05,601012,13:52:33,17.8200,337,2
2026-03-05,601012,13:52:36,17.8200,258,2
2026-03-05,601012,13:52:39,17.8100,79,2
2026-03-05,601012,13:52:42,17.8200,83,1
2026-03-05,601012,13:52:45,17.8200,14,1
2026-03-05,601012,13:52:48,17.8100,84,2
2026-03-05,601012,13:52:51,17.8100,67,2
2026-03-05,601012,13:52:54,17.8200,130,1
2026-03-05,601012,13:52:57,17.8100,137,2
2026-03-05,601012,13:53:00,17.8200,10,1
2026-03-05,601012,13:53:03,17.8100,126,2
2026-03-05,601012,13:53:06,17.8200,58,1
2026-03-05,601012,13:53:09,17.8200,129,1
2026-03-05,601012,13:53:12,17.8200,261,1
2026-03-05,601012,13:53:15,17.8200,127,1
2026-03-05,601012,13:53:18,17.8100,300,2
2026-03-05,601012,13:53:21,17.8100,53,2
2026-03-05,601012,13:53:24,17.8100,58,2
2026-03-05,601012,13:53:27,17.8100,31,2
2026-03-05,601012,13:53:30,17.8100,140,2
2026-03-05,601012,13:53:33,17.8100,680,2
2026-03-05,601012,13:53:36,17.8100,328,2
2026-03-05,601012,13:53:39,17.8100,444,2
2026-03-05,601012,13:53:42,17.8100,258,2
2026-03-05,601012,13:53:45,17.8100,105,1
2026-03-05,601012,13:53:48,17.8000,65,2
2026-03-05,601012,13:53:51,17.8000,160,2
2026-03-05,601012,13:53:54,17.8100,100,1
2026-03-05,601012,13:53:57,17.8000,48,2
2026-03-05,601012,13:54:00,17.8000,144,2
2026-03-05,601012,13:54:03,17.8000,67,2
2026-03-05,601012,13:54:06,17.8000,42,2
2026-03-05,601012,13:54:09,17.8100,74,1
2026-03-05,601012,13:54:12,17.8100,50,1
2026-03-05,601012,13:54:15,17.8100,28,1
2026-03-05,601012,13:54:18,17.8000,26,2
2026-03-05,601012,13:54:21,17.8100,8,1
2026-03-05,601012,13:54:24,17.8100,164,1
2026-03-05,601012,13:54:27,17.8100,80,1
2026-03-05,601012,13:54:30,17.8100,248,1
2026-03-05,601012,13:54:33,17.8100,48,1
2026-03-05,601012,13:54:36,17.8100,57,1
2026-03-05,601012,13:54:39,17.8100,305,1
2026-03-05,601012,13:54:42,17.8100,98,2
2026-03-05,601012,13:54:45,17.8100,32,2
2026-03-05,601012,13:54:48,17.8100,17,2
2026-03-05,601012,13:54:51,17.8100,74,2
2026-03-05,601012,13:54:54,17.8100,39,2
2026-03-05,601012,13:54:57,17.8200,44,1
2026-03-05,601012,13:55:00,17.8200,95,1
2026-03-05,601012,13:55:03,17.8100,183,2
2026-03-05,601012,13:55:06,17.8200,11,1
2026-03-05,601012,13:55:09,17.8200,40,1
2026-03-05,601012,13:55:12,17.8200,59,1
2026-03-05,601012,13:55:15,17.8100,86,2
2026-03-05,601012,13:55:18,17.8200,16,1
2026-03-05,601012,13:55:21,17.8100,87,2
2026-03-05,601012,13:55:24,17.8100,20,2
2026-03-05,601012,13:55:27,17.8100,124,2
2026-03-05,601012,13:55:30,17.8100,162,2
2026-03-05,601012,13:55:33,17.8200,18,1
2026-03-05,601012,13:55:36,17.8100,14,2
2026-03-05,601012,13:55:39,17.8200,47,1
2026-03-05,601012,13:55:42,17.8200,8,1
2026-03-05,601012,13:55:45,17.8200,86,1
2026-03-05,601012,13:55:48,17.8100,80,2
2026-03-05,601012,13:55:51,17.8200,32,1
2026-03-05,601012,13:55:57,17.8100,201,2
2026-03-05,601012,13:56:00,17.8200,33,1
2026-03-05,601012,13:56:03,17.8100,59,2
2026-03-05,601012,13:56:06,17.8200,67,1
2026-03-05,601012,13:56:09,17.8200,68,1
2026-03-05,601012,13:56:12,17.8200,95,1
2026-03-05,601012,13:56:15,17.8200,72,1
2026-03-05,601012,13:56:18,17.8200,147,1
2026-03-05,601012,13:56:21,17.8100,33,2
2026-03-05,601012,13:56:24,17.8100,121,2
2026-03-05,601012,13:56:27,17.8200,32,1
2026-03-05,601012,13:56:30,17.8100,15,2
2026-03-05,601012,13:56:33,17.8100,53,2
2026-03-05,601012,13:56:36,17.8200,41,1
2026-03-05,601012,13:56:39,17.8100,35,2
2026-03-05,601012,13:56:42,17.8100,57,2
2026-03-05,601012,13:56:45,17.8100,38,2
2026-03-05,601012,13:56:48,17.8100,80,2
2026-03-05,601012,13:56:51,17.8200,138,1
2026-03-05,601012,13:56:54,17.8200,78,1
2026-03-05,601012,13:56:57,17.8100,153,2
2026-03-05,601012,13:57:00,17.8100,60,2
2026-03-05,601012,13:57:03,17.8200,27,1
2026-03-05,601012,13:57:06,17.8200,159,1
2026-03-05,601012,13:57:09,17.8200,76,1
2026-03-05,601012,13:57:12,17.8200,53,1
2026-03-05,601012,13:57:15,17.8200,128,1
2026-03-05,601012,13:57:18,17.8200,887,1
2026-03-05,601012,13:57:21,17.8300,873,1
2026-03-05,601012,13:57:24,17.8200,3,2
2026-03-05,601012,13:57:27,17.8200,39,2
2026-03-05,601012,13:57:30,17.8300,7,1
2026-03-05,601012,13:57:33,17.8200,2,2
2026-03-05,601012,13:57:36,17.8300,11,1
2026-03-05,601012,13:57:39,17.8200,49,2
2026-03-05,601012,13:57:42,17.8300,133,1
2026-03-05,601012,13:57:48,17.8300,143,1
2026-03-05,601012,13:57:51,17.8300,16,1
2026-03-05,601012,13:57:54,17.8200,95,2
2026-03-05,601012,13:57:57,17.8300,170,1
2026-03-05,601012,13:58:00,17.8300,52,1
2026-03-05,601012,13:58:03,17.8300,75,1
2026-03-05,601012,13:58:06,17.8300,86,1
2026-03-05,601012,13:58:09,17.8300,15,1
2026-03-05,601012,13:58:12,17.8200,138,2
2026-03-05,601012,13:58:15,17.8200,30,2
2026-03-05,601012,13:58:18,17.8200,26,2
2026-03-05,601012,13:58:21,17.8200,29,2
2026-03-05,601012,13:58:24,17.8300,61,1
2026-03-05,601012,13:58:27,17.8200,38,2
2026-03-05,601012,13:58:30,17.8300,52,1
2026-03-05,601012,13:58:33,17.8200,51,2
2026-03-05,601012,13:58:36,17.8300,65,1
2026-03-05,601012,13:58:39,17.8300,77,1
2026-03-05,601012,13:58:42,17.8200,251,2
2026-03-05,601012,13:58:45,17.8200,226,2
2026-03-05,601012,13:58:48,17.8200,54,2
2026-03-05,601012,13:58:51,17.8200,109,2
2026-03-05,601012,13:58:54,17.8200,28,2
2026-03-05,601012,13:58:57,17.8100,226,2
2026-03-05,601012,13:59:00,17.8100,19,2
2026-03-05,601012,13:59:03,17.8200,25,1
2026-03-05,601012,13:59:06,17.8200,62,1
2026-03-05,601012,13:59:09,17.8200,10,1
2026-03-05,601012,13:59:12,17.8200,189,1
2026-03-05,601012,13:59:15,17.8200,11,1
2026-03-05,601012,13:59:18,17.8100,113,2
2026-03-05,601012,13:59:21,17.8100,107,2
2026-03-05,601012,13:59:24,17.8100,48,2
2026-03-05,601012,13:59:27,17.8200,188,1
2026-03-05,601012,13:59:30,17.8100,15,2
2026-03-05,601012,13:59:33,17.8100,45,2
2026-03-05,601012,13:59:36,17.8100,44,2
2026-03-05,601012,13:59:39,17.8100,19,2
2026-03-05,601012,13:59:42,17.8100,12,2
2026-03-05,601012,13:59:45,17.8200,51,1
2026-03-05,601012,13:59:48,17.8100,34,2
2026-03-05,601012,13:59:51,17.8100,26,2
2026-03-05,601012,13:59:54,17.8100,23,2
2026-03-05,601012,13:59:57,17.8100,129,2
2026-03-05,601012,14:00:00,17.8200,59,1
2026-03-05,601012,14:00:03,17.8100,25,2
2026-03-05,601012,14:00:06,17.8100,49,2
2026-03-05,601012,14:00:09,17.8100,120,2
2026-03-05,601012,14:00:12,17.8200,25,1
2026-03-05,601012,14:00:15,17.8100,65,2
2026-03-05,601012,14:00:18,17.8100,660,2
2026-03-05,601012,14:00:21,17.8100,30,2
2026-03-05,601012,14:00:24,17.8100,224,2
2026-03-05,601012,14:00:27,17.8100,6,2
2026-03-05,601012,14:00:30,17.8200,124,1
2026-03-05,601012,14:00:33,17.8200,42,1
2026-03-05,601012,14:00:36,17.8100,139,2
2026-03-05,601012,14:00:39,17.8100,114,2
2026-03-05,601012,14:00:42,17.8100,32,1
2026-03-05,601012,14:00:45,17.8100,77,1
2026-03-05,601012,14:00:48,17.8100,6,1
2026-03-05,601012,14:00:51,17.8100,654,1
2026-03-05,601012,14:00:54,17.8100,45,2
2026-03-05,601012,14:00:57,17.8000,17,2
2026-03-05,601012,14:01:00,17.8100,182,1
2026-03-05,601012,14:01:03,17.8000,2032,2
2026-03-05,601012,14:01:06,17.8000,5921,2
2026-03-05,601012,14:01:09,17.8000,23,1
2026-03-05,601012,14:01:12,17.8000,37,1
2026-03-05,601012,14:01:15,17.7900,77,2
2026-03-05,601012,14:01:18,17.8000,56,1
2026-03-05,601012,14:01:21,17.7900,24,2
2026-03-05,601012,14:01:24,17.7900,48,2
2026-03-05,601012,14:01:27,17.7900,82,2
2026-03-05,601012,14:01:30,17.7900,11,2
2026-03-05,601012,14:01:33,17.7900,581,2
2026-03-05,601012,14:01:36,17.7900,148,2
2026-03-05,601012,14:01:39,17.8000,964,1
2026-03-05,601012,14:01:42,17.8000,91,1
2026-03-05,601012,14:01:45,17.7900,36,2
2026-03-05,601012,14:01:48,17.7900,67,2
2026-03-05,601012,14:01:51,17.7900,139,2
2026-03-05,601012,14:01:54,17.7900,158,2
2026-03-05,601012,14:01:57,17.7900,163,2
2026-03-05,601012,14:02:00,17.8000,21,1
2026-03-05,601012,14:02:03,17.7900,569,2
2026-03-05,601012,14:02:06,17.7900,73,2
2026-03-05,601012,14:02:09,17.7900,211,2
2026-03-05,601012,14:02:12,17.7900,176,2
2026-03-05,601012,14:02:15,17.7900,39,1
2026-03-05,601012,14:02:18,17.7900,86,2
2026-03-05,601012,14:02:21,17.7900,110,2
2026-03-05,601012,14:02:24,17.7900,226,1
2026-03-05,601012,14:02:27,17.7900,32,2
2026-03-05,601012,14:02:30,17.8000,73,1
2026-03-05,601012,14:02:33,17.7900,13,2
2026-03-05,601012,14:02:36,17.7900,44,2
2026-03-05,601012,14:02:39,17.8000,45,1
2026-03-05,601012,14:02:42,17.8000,160,1
2026-03-05,601012,14:02:45,17.7900,28,2
2026-03-05,601012,14:02:48,17.7900,137,2
2026-03-05,601012,14:02:51,17.7900,414,2
2026-03-05,601012,14:02:54,17.7900,57,2
2026-03-05,601012,14:02:57,17.7900,61,2
2026-03-05,601012,14:03:00,17.7900,102,2
2026-03-05,601012,14:03:03,17.7900,59,2
2026-03-05,601012,14:03:06,17.7900,107,2
2026-03-05,601012,14:03:09,17.7900,24,2
2026-03-05,601012,14:03:12,17.8000,113,1
2026-03-05,601012,14:03:15,17.7900,6,2
2026-03-05,601012,14:03:18,17.7900,70,2
2026-03-05,601012,14:03:21,17.7900,32,2
2026-03-05,601012,14:03:24,17.7900,32,2
2026-03-05,601012,14:03:27,17.7900,67,2
2026-03-05,601012,14:03:30,17.7900,33,2
2026-03-05,601012,14:03:33,17.8000,601,1
2026-03-05,601012,14:03:36,17.8000,12,1
2026-03-05,601012,14:03:39,17.7900,17,2
2026-03-05,601012,14:03:42,17.8000,14,1
2026-03-05,601012,14:03:45,17.8000,350,1
2026-03-05,601012,14:03:48,17.8000,147,1
2026-03-05,601012,14:03:51,17.8000,41,1
2026-03-05,601012,14:03:54,17.8000,214,1
2026-03-05,601012,14:03:57,17.8100,355,1
2026-03-05,601012,14:04:00,17.8000,62,2
2026-03-05,601012,14:04:03,17.8100,29,1
2026-03-05,601012,14:04:06,17.8000,50,2
2026-03-05,601012,14:04:09,17.8000,5,2
2026-03-05,601012,14:04:12,17.8100,13,1
2026-03-05,601012,14:04:15,17.8100,23,1
2026-03-05,601012,14:04:18,17.8000,189,2
2026-03-05,601012,14:04:21,17.8100,7,1
2026-03-05,601012,14:04:24,17.8100,11,1
2026-03-05,601012,14:04:30,17.8000,35,2
2026-03-05,601012,14:04:33,17.8100,13,1
2026-03-05,601012,14:04:36,17.8000,12,2
2026-03-05,601012,14:04:39,17.8100,65,1
2026-03-05,601012,14:04:42,17.8100,91,1
2026-03-05,601012,14:04:45,17.8100,4,1
2026-03-05,601012,14:04:48,17.8100,156,1
2026-03-05,601012,14:04:51,17.8100,26,1
2026-03-05,601012,14:04:54,17.8000,82,2
2026-03-05,601012,14:04:57,17.8100,40,1
2026-03-05,601012,14:05:00,17.8100,80,1
2026-03-05,601012,14:05:03,17.8100,14,1
2026-03-05,601012,14:05:06,17.8100,81,1
2026-03-05,601012,14:05:09,17.8100,10,1
2026-03-05,601012,14:05:12,17.8000,35,2
2026-03-05,601012,14:05:15,17.8000,468,2
2026-03-05,601012,14:05:18,17.7900,511,2
2026-03-05,601012,14:05:21,17.7900,69,2
2026-03-05,601012,14:05:24,17.8000,30,1
2026-03-05,601012,14:05:27,17.8000,26,1
2026-03-05,601012,14:05:30,17.8000,65,1
2026-03-05,601012,14:05:33,17.8000,37,1
2026-03-05,601012,14:05:36,17.8000,8,1
2026-03-05,601012,14:05:39,17.7900,38,2
2026-03-05,601012,14:05:42,17.7900,106,2
2026-03-05,601012,14:05:45,17.8000,43,1
2026-03-05,601012,14:05:48,17.7900,169,2
2026-03-05,601012,14:05:51,17.7900,88,2
2026-03-05,601012,14:05:54,17.8000,68,1
2026-03-05,601012,14:05:57,17.8000,74,1
2026-03-05,601012,14:06:00,17.7900,188,2
2026-03-05,601012,14:06:03,17.7900,410,2
2026-03-05,601012,14:06:06,17.7900,385,2
2026-03-05,601012,14:06:09,17.7800,239,2
2026-03-05,601012,14:06:12,17.7900,42,1
2026-03-05,601012,14:06:15,17.7800,168,2
2026-03-05,601012,14:06:18,17.7800,147,2
2026-03-05,601012,14:06:21,17.7900,53,1
2026-03-05,601012,14:06:24,17.7800,59,2
2026-03-05,601012,14:06:27,17.7800,85,2
2026-03-05,601012,14:06:30,17.7800,99,2
2026-03-05,601012,14:06:33,17.7800,141,2
2026-03-05,601012,14:06:36,17.7900,83,1
2026-03-05,601012,14:06:39,17.7900,103,1
2026-03-05,601012,14:06:42,17.7800,30,2
2026-03-05,601012,14:06:45,17.7900,31,1
2026-03-05,601012,14:06:48,17.7800,112,2
2026-03-05,601012,14:06:51,17.7900,113,1
2026-03-05,601012,14:06:54,17.7800,31,2
2026-03-05,601012,10:56:09,17.8000,42,2
2026-03-05,601012,10:56:12,17.8000,99,2
2026-03-05,601012,10:56:15,17.8100,41,1
2026-03-05,601012,10:56:18,17.8000,2,2
2026-03-05,601012,10:56:21,17.8100,39,1
2026-03-05,601012,10:56:27,17.8100,40,1
2026-03-05,601012,10:56:30,17.8000,78,2
2026-03-05,601012,10:56:33,17.8100,13,1
2026-03-05,601012,10:56:36,17.8100,103,1
2026-03-05,601012,10:56:39,17.8000,17,2
2026-03-05,601012,10:56:42,17.8100,22,1
2026-03-05,601012,10:56:45,17.8000,93,2
2026-03-05,601012,10:56:48,17.8000,8,2
2026-03-05,601012,10:56:51,17.8000,172,2
2026-03-05,601012,10:56:54,17.8000,176,2
2026-03-05,601012,10:56:57,17.8000,47,2
2026-03-05,601012,10:57:00,17.8100,6,1
2026-03-05,601012,10:57:03,17.8100,118,1
2026-03-05,601012,10:57:06,17.8100,233,1
2026-03-05,601012,10:57:09,17.8000,59,2
2026-03-05,601012,10:57:12,17.8100,34,1
2026-03-05,601012,10:57:15,17.8000,1069,2
2026-03-05,601012,10:57:18,17.8000,12,2
2026-03-05,601012,10:57:21,17.8100,31,1
2026-03-05,601012,10:57:24,17.8000,297,2
2026-03-05,601012,10:57:27,17.8100,38,1
2026-03-05,601012,10:57:30,17.8100,17,1
2026-03-05,601012,10:57:33,17.8000,19,2
2026-03-05,601012,10:57:36,17.8000,32,2
2026-03-05,601012,10:57:39,17.8000,49,2
2026-03-05,601012,10:57:42,17.8000,12,2
2026-03-05,601012,10:57:45,17.8100,124,1
2026-03-05,601012,10:57:48,17.8000,121,2
2026-03-05,601012,10:57:51,17.8000,52,2
2026-03-05,601012,10:57:54,17.8000,74,2
2026-03-05,601012,10:57:57,17.8100,13,1
2026-03-05,601012,10:58:00,17.8100,84,1
2026-03-05,601012,10:58:03,17.8100,39,1
2026-03-05,601012,10:58:06,17.8100,48,1
2026-03-05,601012,10:58:09,17.8100,23,1
2026-03-05,601012,10:58:12,17.8100,251,1
2026-03-05,601012,10:58:15,17.8100,88,1
2026-03-05,601012,10:58:18,17.8100,126,1
2026-03-05,601012,10:58:21,17.8000,214,2
2026-03-05,601012,10:58:24,17.8000,47,2
2026-03-05,601012,10:58:27,17.8100,57,1
2026-03-05,601012,10:58:30,17.8000,124,2
2026-03-05,601012,10:58:33,17.8100,110,1
2026-03-05,601012,10:58:36,17.8100,114,1
2026-03-05,601012,10:58:39,17.8100,9,4
2026-03-05,601012,10:58:42,17.8100,31,2
2026-03-05,601012,10:58:45,17.8000,106,2
2026-03-05,601012,10:58:48,17.8100,83,1
2026-03-05,601012,10:58:51,17.8100,12,2
2026-03-05,601012,10:58:54,17.8100,23,2
2026-03-05,601012,10:58:57,17.8100,5,2
2026-03-05,601012,10:59:00,17.8100,136,2
2026-03-05,601012,10:59:03,17.8200,147,1
2026-03-05,601012,10:59:06,17.8100,65,2
2026-03-05,601012,10:59:09,17.8200,989,1
2026-03-05,601012,10:59:12,17.8200,87,1
2026-03-05,601012,10:59:15,17.8200,85,1
2026-03-05,601012,10:59:18,17.8200,94,1
2026-03-05,601012,10:59:22,17.8100,40,2
2026-03-05,601012,10:59:24,17.8200,288,1
2026-03-05,601012,10:59:27,17.8200,184,1
2026-03-05,601012,10:59:30,17.8200,739,1
2026-03-05,601012,10:59:33,17.8200,11,2
2026-03-05,601012,10:59:36,17.8300,61,1
2026-03-05,601012,10:59:39,17.8200,113,2
2026-03-05,601012,10:59:42,17.8200,91,2
2026-03-05,601012,10:59:45,17.8200,1051,2
2026-03-05,601012,10:59:48,17.8300,23,1
2026-03-05,601012,10:59:51,17.8200,96,2
2026-03-05,601012,10:59:54,17.8300,27,1
2026-03-05,601012,10:59:57,17.8300,299,1
2026-03-05,601012,11:00:00,17.8300,174,1
2026-03-05,601012,11:00:03,17.8300,175,1
2026-03-05,601012,11:00:06,17.8200,49,2
2026-03-05,601012,11:00:09,17.8300,152,1
2026-03-05,601012,11:00:12,17.8300,6,1
2026-03-05,601012,11:00:15,17.8300,129,1
2026-03-05,601012,11:00:18,17.8300,20,1
2026-03-05,601012,11:00:21,17.8300,234,1
2026-03-05,601012,11:00:24,17.8300,20,1
2026-03-05,601012,11:00:27,17.8200,84,2
2026-03-05,601012,11:00:30,17.8300,190,1
2026-03-05,601012,11:00:33,17.8200,42,2
2026-03-05,601012,11:00:36,17.8300,179,1
2026-03-05,601012,11:00:39,17.8300,146,1
2026-03-05,601012,11:00:42,17.8300,71,1
2026-03-05,601012,11:00:45,17.8300,74,1
2026-03-05,601012,11:00:48,17.8300,76,1
2026-03-05,601012,11:00:51,17.8300,50,1
2026-03-05,601012,11:00:54,17.8300,58,1
2026-03-05,601012,11:00:57,17.8300,1069,1
2026-03-05,601012,11:01:00,17.8200,81,2
2026-03-05,601012,11:01:03,17.8200,72,2
2026-03-05,601012,11:01:06,17.8200,48,2
2026-03-05,601012,11:01:09,17.8300,28,1
2026-03-05,601012,11:01:12,17.8300,64,1
2026-03-05,601012,11:01:15,17.8200,25,2
2026-03-05,601012,11:01:18,17.8200,67,2
2026-03-05,601012,11:01:21,17.8200,55,2
2026-03-05,601012,11:01:24,17.8300,186,1
2026-03-05,601012,11:01:27,17.8300,459,1
2026-03-05,601012,11:01:30,17.8300,97,1
2026-03-05,601012,11:01:33,17.8300,20,1
2026-03-05,601012,11:01:36,17.8200,40,2
2026-03-05,601012,11:01:39,17.8200,79,2
2026-03-05,601012,11:01:42,17.8300,35,1
2026-03-05,601012,11:01:45,17.8200,27,2
2026-03-05,601012,11:01:48,17.8200,135,2
2026-03-05,601012,11:01:51,17.8300,125,1
2026-03-05,601012,11:01:54,17.8300,39,1
2026-03-05,601012,11:01:57,17.8300,57,1
2026-03-05,601012,11:02:00,17.8300,505,1
2026-03-05,601012,11:02:03,17.8300,273,2
2026-03-05,601012,11:02:06,17.8300,18,1
2026-03-05,601012,11:02:09,17.8300,132,1
2026-03-05,601012,11:02:12,17.8200,238,2
2026-03-05,601012,11:02:15,17.8300,140,1
2026-03-05,601012,11:02:18,17.8300,7,1
2026-03-05,601012,11:02:21,17.8300,35,1
2026-03-05,601012,11:02:24,17.8300,42,1
2026-03-05,601012,11:02:27,17.8200,39,2
2026-03-05,601012,11:02:30,17.8200,102,2
2026-03-05,601012,11:02:33,17.8200,82,2
2026-03-05,601012,11:02:36,17.8200,5,2
2026-03-05,601012,11:02:39,17.8200,513,2
2026-03-05,601012,11:02:42,17.8200,8,1
2026-03-05,601012,11:02:45,17.8200,49,1
2026-03-05,601012,11:02:48,17.8100,547,2
2026-03-05,601012,11:02:51,17.8300,941,1
2026-03-05,601012,11:02:54,17.8300,62,2
2026-03-05,601012,11:02:57,17.8300,26,2
2026-03-05,601012,11:03:00,17.8400,113,1
2026-03-05,601012,11:03:03,17.8300,1154,2
2026-03-05,601012,11:03:06,17.8300,54,1
2026-03-05,601012,11:03:09,17.8300,83,1
2026-03-05,601012,11:03:12,17.8200,35,2
2026-03-05,601012,11:03:15,17.8300,9,1
2026-03-05,601012,11:03:21,17.8200,124,2
2026-03-05,601012,11:03:24,17.8300,37,1
2026-03-05,601012,11:03:27,17.8200,136,2
2026-03-05,601012,11:03:30,17.8300,19,1
2026-03-05,601012,11:03:33,17.8200,274,2
2026-03-05,601012,11:03:36,17.8300,2,1
2026-03-05,601012,11:03:39,17.8200,39,2
2026-03-05,601012,11:03:42,17.8300,60,1
2026-03-05,601012,11:03:45,17.8200,196,2
2026-03-05,601012,11:03:48,17.8200,241,2
2026-03-05,601012,11:03:51,17.8200,43,2
2026-03-05,601012,11:03:54,17.8200,25,2
2026-03-05,601012,11:03:57,17.8200,126,2
2026-03-05,601012,11:04:00,17.8200,12,2
2026-03-05,601012,11:04:03,17.8200,308,2
2026-03-05,601012,11:04:06,17.8200,63,1
2026-03-05,601012,11:04:09,17.8200,77,1
2026-03-05,601012,11:04:12,17.8200,65,1
2026-03-05,601012,11:04:15,17.8100,96,2
2026-03-05,601012,11:04:18,17.8200,15,1
2026-03-05,601012,11:04:21,17.8100,56,2
2026-03-05,601012,11:04:24,17.8100,620,2
2026-03-05,601012,11:04:27,17.8100,346,2
2026-03-05,601012,11:04:30,17.8100,71,1
2026-03-05,601012,11:04:33,17.8000,16,2
2026-03-05,601012,11:04:36,17.8100,108,1
2026-03-05,601012,11:04:39,17.8000,25,2
2026-03-05,601012,11:04:42,17.8100,45,1
2026-03-05,601012,11:04:45,17.8000,13,2
2026-03-05,601012,11:04:48,17.8100,70,1
2026-03-05,601012,11:04:51,17.8000,79,2
2026-03-05,601012,11:04:54,17.8000,116,2
2026-03-05,601012,11:04:57,17.8100,28,1
2026-03-05,601012,11:05:00,17.8200,1227,1
2026-03-05,601012,11:05:03,17.8100,16,2
2026-03-05,601012,11:05:06,17.8100,31,2
2026-03-05,601012,11:05:09,17.8200,20,1
2026-03-05,601012,11:05:12,17.8100,26,2
2026-03-05,601012,11:05:15,17.8200,72,1
2026-03-05,601012,11:05:18,17.8100,31,2
2026-03-05,601012,11:05:21,17.8100,198,2
2026-03-05,601012,11:05:24,17.8200,53,1
2026-03-05,601012,11:05:27,17.8100,13,2
2026-03-05,601012,11:05:30,17.8200,403,1
2026-03-05,601012,11:05:33,17.8100,106,2
2026-03-05,601012,11:05:36,17.8200,56,1
2026-03-05,601012,11:05:39,17.8200,291,1
2026-03-05,601012,11:05:42,17.8200,58,2
2026-03-05,601012,11:05:45,17.8200,11,2
2026-03-05,601012,11:05:48,17.8200,148,2
2026-03-05,601012,11:05:51,17.8200,104,2
2026-03-05,601012,11:05:54,17.8200,12,2
2026-03-05,601012,11:05:57,17.8200,23,2
2026-03-05,601012,11:06:00,17.8200,134,2
2026-03-05,601012,11:06:03,17.8200,79,2
2026-03-05,601012,11:06:06,17.8200,147,2
2026-03-05,601012,11:06:09,17.8200,69,2
2026-03-05,601012,11:06:12,17.8200,18,2
2026-03-05,601012,11:06:15,17.8200,772,2
2026-03-05,601012,11:06:18,17.8200,2,2
2026-03-05,601012,11:06:21,17.8200,79,2
2026-03-05,601012,11:06:24,17.8200,7,2
2026-03-05,601012,11:06:27,17.8200,55,2
2026-03-05,601012,11:06:30,17.8200,188,2
2026-03-05,601012,11:06:33,17.8300,244,1
2026-03-05,601012,11:06:36,17.8300,15,1
2026-03-05,601012,11:06:39,17.8300,32,1
2026-03-05,601012,11:06:42,17.8300,67,1
2026-03-05,601012,11:06:45,17.8300,13,1
2026-03-05,601012,11:06:48,17.8200,74,2
2026-03-05,601012,11:06:51,17.8300,494,1
2026-03-05,601012,11:06:54,17.8300,9,1
2026-03-05,601012,11:06:57,17.8200,55,2
2026-03-05,601012,11:07:00,17.8300,139,1
2026-03-05,601012,11:07:03,17.8300,52,1
2026-03-05,601012,11:07:06,17.8300,116,1
2026-03-05,601012,11:07:09,17.8300,985,1
2026-03-05,601012,11:07:12,17.8300,21,2
2026-03-05,601012,11:07:15,17.8400,54,1
2026-03-05,601012,11:07:18,17.8400,17,1
2026-03-05,601012,11:07:21,17.8300,20,2
2026-03-05,601012,11:07:24,17.8400,27,1
2026-03-05,601012,11:07:27,17.8400,9,1
2026-03-05,601012,11:07:30,17.8400,179,1
2026-03-05,601012,11:07:33,17.8300,9,2
2026-03-05,601012,11:07:36,17.8400,10,1
2026-03-05,601012,11:07:39,17.8400,90,1
2026-03-05,601012,11:07:42,17.8400,80,1
2026-03-05,601012,11:07:45,17.8400,31,1
2026-03-05,601012,11:07:48,17.8300,95,2
2026-03-05,601012,11:07:51,17.8400,205,1
2026-03-05,601012,11:07:54,17.8300,129,2
2026-03-05,601012,11:07:57,17.8300,215,2
2026-03-05,601012,11:08:00,17.8400,59,1
2026-03-05,601012,11:08:03,17.8300,100,2
2026-03-05,601012,11:08:06,17.8400,44,1
2026-03-05,601012,11:08:09,17.8300,425,2
2026-03-05,601012,11:08:12,17.8300,161,2
2026-03-05,601012,11:08:15,17.8400,387,1
2026-03-05,601012,11:08:18,17.8300,22,4
2026-03-05,601012,11:08:21,17.8300,34,1
2026-03-05,601012,11:08:24,17.8200,72,2
2026-03-05,601012,11:08:28,17.8200,149,2
2026-03-05,601012,11:08:30,17.8300,89,1
2026-03-05,601012,11:08:33,17.8300,118,1
2026-03-05,601012,11:08:36,17.8300,24,1
2026-03-05,601012,11:08:39,17.8300,122,1
2026-03-05,601012,11:08:42,17.8200,26,2
2026-03-05,601012,11:08:48,17.8200,16,2
2026-03-05,601012,11:08:51,17.8300,13,1
2026-03-05,601012,11:08:54,17.8200,230,2
2026-03-05,601012,11:08:57,17.8200,469,2
2026-03-05,601012,11:09:00,17.8200,30,1
2026-03-05,601012,11:09:03,17.8100,112,2
2026-03-05,601012,11:09:06,17.8100,51,2
2026-03-05,601012,11:09:09,17.8100,339,2
2026-03-05,601012,11:09:12,17.8200,88,1
2026-03-05,601012,11:09:15,17.8100,49,2
2026-03-05,601012,11:09:18,17.8100,77,2
2026-03-05,601012,11:09:21,17.8100,169,2
2026-03-05,601012,11:09:24,17.8100,346,2
2026-03-05,601012,11:09:27,17.8100,12,2
2026-03-05,601012,11:09:30,17.8100,6,1
2026-03-05,601012,11:09:33,17.8100,242,1
2026-03-05,601012,11:09:36,17.8100,40,2
2026-03-05,601012,11:09:39,17.8100,211,2
2026-03-05,601012,11:09:42,17.8100,40,1
2026-03-05,601012,11:09:45,17.8100,47,1
2026-03-05,601012,11:09:48,17.8100,68,1
2026-03-05,601012,11:09:51,17.8000,24,2
2026-03-05,601012,11:09:54,17.8100,120,1
2026-03-05,601012,11:09:57,17.8000,244,2
2026-03-05,601012,11:10:00,17.8100,83,1
2026-03-05,601012,11:10:03,17.8100,20,1
2026-03-05,601012,11:10:06,17.8000,126,2
2026-03-05,601012,11:10:09,17.8000,128,2
2026-03-05,601012,11:10:12,17.8000,307,2
2026-03-05,601012,11:10:15,17.8000,102,2
2026-03-05,601012,11:10:18,17.8000,403,2
2026-03-05,601012,11:10:21,17.8000,1996,2
2026-03-05,601012,11:10:24,17.7900,17,2
2026-03-05,601012,11:10:27,17.8000,1,1
2026-03-05,601012,11:10:30,17.7900,13,2
2026-03-05,601012,11:10:33,17.7900,113,2
2026-03-05,601012,11:10:36,17.7900,28,2
2026-03-05,601012,11:10:39,17.7900,16,2
2026-03-05,601012,11:10:42,17.7900,20,2
2026-03-05,601012,11:10:45,17.7900,117,2
2026-03-05,601012,11:10:48,17.7900,50,2
2026-03-05,601012,11:10:51,17.8000,214,1
2026-03-05,601012,11:10:54,17.8000,8,1
2026-03-05,601012,11:10:57,17.7900,45,2
2026-03-05,601012,11:11:00,17.8000,28,1
2026-03-05,601012,11:11:03,17.7900,75,2
2026-03-05,601012,11:11:06,17.7900,45,2
2026-03-05,601012,11:11:09,17.8000,10,1
2026-03-05,601012,11:11:12,17.7900,217,2
2026-03-05,601012,11:11:15,17.7900,70,2
2026-03-05,601012,11:11:18,17.8000,77,1
2026-03-05,601012,11:11:21,17.8000,55,1
2026-03-05,601012,11:11:24,17.7900,103,2
2026-03-05,601012,11:11:27,17.7900,64,2
2026-03-05,601012,11:11:30,17.7900,45,2
2026-03-05,601012,11:11:33,17.7900,35,2
2026-03-05,601012,11:11:36,17.8000,164,1
2026-03-05,601012,11:11:39,17.8000,133,1
2026-03-05,601012,11:11:42,17.7900,42,2
2026-03-05,601012,11:11:45,17.8000,1232,1
2026-03-05,601012,11:11:48,17.8000,9,2
2026-03-05,601012,11:11:51,17.8100,110,1
2026-03-05,601012,11:11:54,17.8100,61,1
2026-03-05,601012,11:11:57,17.8100,35,1
2026-03-05,601012,11:12:00,17.8000,251,2
2026-03-05,601012,11:12:03,17.8100,129,1
2026-03-05,601012,11:12:06,17.8100,18,1
2026-03-05,601012,11:12:09,17.8100,44,1
2026-03-05,601012,11:12:12,17.8000,15,2
2026-03-05,601012,11:12:15,17.8100,15,1
2026-03-05,601012,11:12:18,17.8100,109,1
2026-03-05,601012,11:12:21,17.8000,130,2
2026-03-05,601012,11:12:24,17.8000,66,2
2026-03-05,601012,11:12:27,17.8000,129,2
2026-03-05,601012,11:12:30,17.8000,102,2
2026-03-05,601012,11:12:33,17.8000,88,2
2026-03-05,601012,11:12:36,17.8000,110,2
2026-03-05,601012,11:12:39,17.8000,13,1
2026-03-05,601012,11:12:42,17.8000,98,1
2026-03-05,601012,11:12:45,17.8000,26,1
2026-03-05,601012,11:12:48,17.8000,5,1
2026-03-05,601012,11:12:51,17.7900,63,2
2026-03-05,601012,11:12:54,17.8000,49,1
2026-03-05,601012,11:12:57,17.7900,32,2
2026-03-05,601012,11:13:00,17.7900,14,2
2026-03-05,601012,11:13:03,17.8000,256,1
2026-03-05,601012,11:13:06,17.8000,182,1
2026-03-05,601012,11:13:09,17.8000,5,1
2026-03-05,601012,11:13:12,17.8000,6,1
2026-03-05,601012,11:13:15,17.7900,21,2
2026-03-05,601012,11:13:18,17.8000,256,1
2026-03-05,601012,11:13:21,17.8000,1168,1
2026-03-05,601012,11:13:24,17.8000,54,1
2026-03-05,601012,11:13:27,17.7900,43,2
2026-03-05,601012,11:13:30,17.8000,11,2
2026-03-05,601012,11:13:33,17.8000,112,2
2026-03-05,601012,11:13:36,17.8100,56,1
2026-03-05,601012,11:13:39,17.8000,16,2
2026-03-05,601012,11:13:42,17.8100,8,1
2026-03-05,601012,11:13:45,17.8100,21,1
2026-03-05,601012,11:13:48,17.8100,23,1
2026-03-05,601012,11:13:51,17.8100,33,1
2026-03-05,601012,11:13:54,17.8100,19,1
2026-03-05,601012,11:13:57,17.8100,2,1
2026-03-05,601012,11:14:00,17.8100,39,1
2026-03-05,601012,11:14:03,17.8100,701,1
2026-03-05,601012,11:14:06,17.8200,777,1
2026-03-05,601012,11:14:09,17.8300,1197,1
2026-03-05,601012,11:14:12,17.8400,60,1
2026-03-05,601012,11:14:15,17.8400,1552,1
2026-03-05,601012,11:14:18,17.8400,34,1
2026-03-05,601012,11:14:21,17.8400,8,2
2026-03-05,601012,11:14:24,17.8400,1044,2
2026-03-05,601012,11:14:27,17.8600,1359,1
2026-03-05,601012,11:14:30,17.8800,1721,1
2026-03-05,601012,11:14:33,17.8800,403,1
2026-03-05,601012,11:14:36,17.8900,1312,1
2026-03-05,601012,11:14:39,17.8900,433,1
2026-03-05,601012,11:14:42,17.9000,464,1
2026-03-05,601012,11:14:45,17.9000,1882,1
2026-03-05,601012,11:14:48,17.9000,871,1
2026-03-05,601012,11:14:51,17.9000,2407,1
2026-03-05,601012,11:14:54,17.8900,1298,2
2026-03-05,601012,11:14:57,17.8900,69,2
2026-03-05,601012,11:15:00,17.9000,382,1
2026-03-05,601012,11:15:03,17.9000,387,1
2026-03-05,601012,11:15:06,17.8900,259,2
2026-03-05,601012,11:15:09,17.9000,158,1
2026-03-05,601012,11:15:12,17.9000,390,1
2026-03-05,601012,11:15:15,17.9000,99,1
2026-03-05,601012,11:15:18,17.8900,169,2
2026-03-05,601012,11:15:21,17.8900,536,1
2026-03-05,601012,11:15:24,17.8900,128,2
2026-03-05,601012,11:15:27,17.9000,425,1
2026-03-05,601012,11:15:30,17.9000,120,1
2026-03-05,601012,11:15:33,17.8900,579,2
2026-03-05,601012,11:15:36,17.9000,220,1
2026-03-05,601012,11:15:39,17.8900,241,2
2026-03-05,601012,11:15:42,17.9000,73,1
2026-03-05,601012,11:15:45,17.9000,103,1
2026-03-05,601012,11:15:48,17.8900,189,2
2026-03-05,601012,11:15:51,17.8900,317,2
2026-03-05,601012,11:15:54,17.8900,224,2
2026-03-05,601012,11:15:57,17.9000,1133,1
2026-03-05,601012,11:16:00,17.9000,512,2
2026-03-05,601012,11:16:03,17.9000,124,2
2026-03-05,601012,11:16:06,17.9000,428,1
2026-03-05,601012,11:16:09,17.9000,338,1
2026-03-05,601012,11:16:12,17.9000,316,2
2026-03-05,601012,11:16:15,17.9100,554,1
2026-03-05,601012,11:16:18,17.9000,150,4
2026-03-05,601012,11:16:21,17.9000,54,2
2026-03-05,601012,11:16:24,17.9100,102,1
2026-03-05,601012,11:16:27,17.9000,1028,2
2026-03-05,601012,11:16:30,17.9000,78,2
2026-03-05,601012,11:16:33,17.9000,133,2
2026-03-05,601012,11:16:36,17.9000,146,2
2026-03-05,601012,11:16:39,17.9000,13,2
2026-03-05,601012,11:16:42,17.9000,217,2
2026-03-05,601012,11:16:45,17.9100,183,1
2026-03-05,601012,11:16:48,17.9100,362,1
2026-03-05,601012,11:16:51,17.9200,1866,1
2026-03-05,601012,11:16:54,17.9300,1090,1
2026-03-05,601012,11:16:57,17.9300,1408,1
2026-03-05,601012,11:17:00,17.9300,406,1
2026-03-05,601012,11:17:03,17.9400,222,1
2026-03-05,601012,11:17:06,17.9300,175,2
2026-03-05,601012,11:17:09,17.9300,432,2
2026-03-05,601012,11:17:12,17.9400,241,1
2026-03-05,601012,11:17:15,17.9300,143,2
2026-03-05,601012,11:17:18,17.9400,144,1
2026-03-05,601012,11:17:21,17.9400,68,1
2026-03-05,601012,11:17:24,17.9400,45,1
2026-03-05,601012,11:17:27,17.9400,250,1
2026-03-05,601012,11:17:30,17.9400,241,1
2026-03-05,601012,11:17:33,17.9400,186,1
2026-03-05,601012,11:17:36,17.9300,325,2
2026-03-05,601012,11:17:39,17.9300,226,2
2026-03-05,601012,11:17:42,17.9300,224,2
2026-03-05,601012,11:17:45,17.9300,119,1
2026-03-05,601012,11:17:48,17.9200,105,2
2026-03-05,601012,11:17:51,17.9200,276,2
2026-03-05,601012,11:17:54,17.9200,150,2
2026-03-05,601012,11:17:57,17.9200,523,2
2026-03-05,601012,11:18:00,17.9300,2264,1
2026-03-05,601012,11:18:03,17.9300,422,2
2026-03-05,601012,11:18:06,17.9200,588,2
2026-03-05,601012,11:18:09,17.9100,344,2
2026-03-05,601012,11:18:12,17.9200,81,2
2026-03-05,601012,11:18:15,17.9200,117,2
2026-03-05,601012,11:18:18,17.9100,35,2
2026-03-05,601012,11:18:21,17.9100,127,2
2026-03-05,601012,11:18:24,17.9200,66,1
2026-03-05,601012,11:18:27,17.9200,47,1
2026-03-05,601012,11:18:30,17.9100,58,2
2026-03-05,601012,11:18:33,17.9100,79,2
2026-03-05,601012,11:18:36,17.9000,18,2
2026-03-05,601012,11:18:39,17.9000,151,2
2026-03-05,601012,11:18:42,17.9100,170,1
2026-03-05,601012,11:18:45,17.9000,95,2
2026-03-05,601012,11:18:48,17.9100,794,1
2026-03-05,601012,11:18:51,17.9100,156,2
2026-03-05,601012,11:18:54,17.9100,61,2
2026-03-05,601012,11:18:57,17.9100,80,2
2026-03-05,601012,11:19:00,17.9000,792,2
2026-03-05,601012,11:19:03,17.9000,295,2
2026-03-05,601012,11:19:06,17.9000,129,2
2026-03-05,601012,11:19:09,17.9000,60,1
2026-03-05,601012,11:19:12,17.9000,53,1
2026-03-05,601012,11:19:15,17.8800,33,2
2026-03-05,601012,11:19:18,17.8800,89,2
2026-03-05,601012,11:19:21,17.8800,77,2
2026-03-05,601012,11:19:24,17.8800,65,2
2026-03-05,601012,11:19:27,17.8800,71,2
2026-03-05,601012,11:19:30,17.8800,112,2
2026-03-05,601012,11:19:33,17.8800,234,2
2026-03-05,601012,11:19:36,17.8700,22,2
2026-03-05,601012,11:19:39,17.8700,18,2
2026-03-05,601012,11:19:42,17.8700,69,2
2026-03-05,601012,11:19:45,17.8700,116,2
2026-03-05,601012,11:19:48,17.8800,68,1
2026-03-05,601012,11:19:51,17.8800,70,1
2026-03-05,601012,11:19:54,17.8800,393,1
