date,code,time,price,volume,bs
2026-01-30,000333,14:06:57,77.7900,64,2
2026-01-30,000333,14:07:00,77.8000,20,1
2026-01-30,000333,14:07:03,77.8000,13,1
2026-01-30,000333,14:07:06,77.8000,72,1
2026-01-30,000333,14:07:09,77.8100,3,1
2026-01-30,000333,14:07:12,77.8000,49,2
2026-01-30,000333,14:07:15,77.8200,31,1
2026-01-30,000333,14:07:18,77.8100,1154,2
2026-01-30,000333,14:07:21,77.7900,178,2
2026-01-30,000333,14:07:24,77.7800,49,2
2026-01-30,000333,14:07:27,77.7800,66,1
2026-01-30,000333,14:07:30,77.7800,50,1
2026-01-30,000333,14:07:33,77.7800,26,2
2026-01-30,000333,14:07:36,77.7900,8,1
2026-01-30,000333,14:07:39,77.7800,117,2
2026-01-30,000333,14:07:42,77.7800,6,2
2026-01-30,000333,14:07:45,77.7900,28,4
2026-01-30,000333,14:07:48,77.7900,7,2
2026-01-30,000333,14:07:51,77.7900,8,2
2026-01-30,000333,14:07:54,77.7900,63,2
2026-01-30,000333,14:07:57,77.8000,33,1
2026-01-30,000333,14:08:00,77.8000,52,1
2026-01-30,000333,14:08:03,77.8000,20,1
2026-01-30,000333,14:08:06,77.7900,24,2
2026-01-30,000333,14:08:09,77.7900,164,2
2026-01-30,000333,14:08:12,77.7900,113,2
2026-01-30,000333,14:08:15,77.7800,353,2
2026-01-30,000333,14:08:18,77.7600,202,2
2026-01-30,000333,14:08:21,77.7600,65,2
2026-01-30,000333,14:08:24,77.7600,45,2
2026-01-30,000333,14:08:27,77.7600,106,1
2026-01-30,000333,14:08:30,77.7700,21,1
2026-01-30,000333,14:08:33,77.7600,30,2
2026-01-30,000333,14:08:36,77.7600,5,2
2026-01-30,000333,14:08:39,77.7700,15,1
2026-01-30,000333,14:08:42,77.7600,147,2
2026-01-30,000333,14:08:45,77.7700,34,1
2026-01-30,000333,14:08:48,77.7600,6,2
2026-01-30,000333,14:08:51,77.7400,355,2
2026-01-30,000333,14:08:54,77.7300,16,2
2026-01-30,000333,14:08:57,77.7300,74,2
2026-01-30,000333,14:09:00,77.7400,17,1
2026-01-30,000333,14:09:03,77.7300,109,2
2026-01-30,000333,14:09:06,77.7400,24,1
2026-01-30,000333,14:09:09,77.7300,45,2
2026-01-30,000333,14:09:12,77.7400,23,1
2026-01-30,000333,14:09:15,77.7300,11,2
2026-01-30,000333,14:09:18,77.7400,90,1
2026-01-30,000333,14:09:21,77.7300,36,2
2026-01-30,000333,14:09:24,77.7300,50,2
2026-01-30,000333,14:09:27,77.7300,14,2
2026-01-30,000333,14:09:30,77.7300,33,2
2026-01-30,000333,14:09:33,77.7400,116,1
2026-01-30,000333,14:09:36,77.7300,15,2
2026-01-30,000333,14:09:39,77.7300,126,2
2026-01-30,000333,14:09:42,77.7300,5,2
2026-01-30,000333,14:09:45,77.7400,10,1
2026-01-30,000333,14:09:48,77.7400,297,1
2026-01-30,000333,14:09:51,77.7600,77,1
2026-01-30,000333,14:09:54,77.7500,29,2
2026-01-30,000333,14:09:57,77.7600,124,1
2026-01-30,000333,14:10:00,77.7600,21,1
2026-01-30,000333,14:10:03,77.7600,24,1
2026-01-30,000333,14:10:06,77.7600,42,2
2026-01-30,000333,14:10:09,77.7500,355,2
2026-01-30,000333,14:10:12,77.7600,54,1
2026-01-30,000333,14:10:15,77.7500,36,2
2026-01-30,000333,14:10:18,77.7500,17,2
2026-01-30,000333,14:10:21,77.7600,173,1
2026-01-30,000333,14:10:24,77.7600,6,2
2026-01-30,000333,14:10:27,77.7600,83,2
2026-01-30,000333,14:10:30,77.7700,34,1
2026-01-30,000333,14:10:33,77.7600,41,2
2026-01-30,000333,14:10:36,77.7700,171,1
2026-01-30,000333,14:10:39,77.7900,49,1
2026-01-30,000333,14:10:42,77.7700,12,2
2026-01-30,000333,14:10:45,77.7800,23,1
2026-01-30,000333,14:10:48,77.7900,33,1
2026-01-30,000333,14:10:51,77.7700,58,2
2026-01-30,000333,14:10:54,77.7700,460,2
2026-01-30,000333,14:10:57,77.7600,344,2
2026-01-30,000333,14:11:00,77.7600,28,2
2026-01-30,000333,14:11:03,77.7600,6,2
2026-01-30,000333,14:11:06,77.7700,64,1
2026-01-30,000333,14:11:09,77.7500,87,2
2026-01-30,000333,14:11:12,77.7500,78,2
2026-01-30,000333,14:11:15,77.7400,101,2
2026-01-30,000333,14:11:18,77.7300,35,2
2026-01-30,000333,14:11:21,77.7200,106,2
2026-01-30,000333,14:11:24,77.7100,146,2
2026-01-30,000333,14:11:27,77.7200,169,1
2026-01-30,000333,14:11:30,77.7300,30,1
2026-01-30,000333,14:11:33,77.7300,60,2
2026-01-30,000333,14:11:36,77.7400,22,1
2026-01-30,000333,14:11:39,77.7300,60,2
2026-01-30,000333,14:11:42,77.7400,44,4
2026-01-30,000333,14:11:45,77.7400,31,1
2026-01-30,000333,14:11:48,77.7300,12,2
2026-01-30,000333,14:11:51,77.7400,45,1
2026-01-30,000333,14:11:54,77.7300,138,2
2026-01-30,000333,14:11:57,77.7800,374,1
2026-01-30,000333,14:12:00,77.8300,90,1
2026-01-30,000333,14:12:03,77.8300,11,1
2026-01-30,000333,14:12:06,77.8500,19,1
2026-01-30,000333,14:12:09,77.8500,250,2
2026-01-30,000333,14:12:12,77.8600,103,1
2026-01-30,000333,14:12:15,77.8700,28,2
2026-01-30,000333,14:12:18,77.8800,26,1
2026-01-30,000333,14:12:21,77.8600,400,2
2026-01-30,000333,14:12:24,77.8400,131,2
2026-01-30,000333,14:12:27,77.8500,55,1
2026-01-30,000333,14:12:30,77.8500,47,1
2026-01-30,000333,14:12:33,77.8600,52,1
2026-01-30,000333,14:12:36,77.8500,34,4
2026-01-30,000333,14:12:39,77.8700,37,1
2026-01-30,000333,14:12:42,77.8700,35,1
2026-01-30,000333,14:12:45,77.8700,25,1
2026-01-30,000333,14:12:48,77.8700,12,2
2026-01-30,000333,14:12:51,77.8700,2,2
2026-01-30,000333,14:12:54,77.8700,62,2
2026-01-30,000333,14:12:57,77.8800,2,1
2026-01-30,000333,14:13:00,77.8800,35,1
2026-01-30,000333,14:13:03,77.8800,117,1
2026-01-30,000333,14:13:06,77.8800,59,1
2026-01-30,000333,14:13:09,77.8800,51,1
2026-01-30,000333,14:13:12,77.8800,24,1
2026-01-30,000333,14:13:15,77.8700,27,2
2026-01-30,000333,14:13:18,77.8800,126,1
2026-01-30,000333,14:13:21,77.8800,7,1
2026-01-30,000333,14:13:24,77.8900,64,1
2026-01-30,000333,14:13:27,77.8900,86,1
2026-01-30,000333,14:13:30,77.8900,179,1
2026-01-30,000333,14:13:33,77.8900,93,2
2026-01-30,000333,14:13:36,77.8900,21,1
2026-01-30,000333,14:13:39,77.8800,748,2
2026-01-30,000333,14:13:42,77.8600,66,2
2026-01-30,000333,14:13:45,77.8600,75,2
2026-01-30,000333,14:13:48,77.8500,14,2
2026-01-30,000333,14:13:51,77.8500,51,2
2026-01-30,000333,14:13:54,77.8300,27,2
2026-01-30,000333,14:13:57,77.8100,15,2
2026-01-30,000333,14:14:00,77.8100,5,2
2026-01-30,000333,14:14:03,77.8100,31,1
2026-01-30,000333,14:14:06,77.8100,85,1
2026-01-30,000333,14:14:09,77.8100,67,1
2026-01-30,000333,14:14:12,77.8100,29,1
2026-01-30,000333,14:14:15,77.8100,86,1
2026-01-30,000333,14:14:18,77.8000,116,2
2026-01-30,000333,14:14:21,77.8000,17,2
2026-01-30,000333,14:14:24,77.8100,46,1
2026-01-30,000333,14:14:27,77.8000,23,2
2026-01-30,000333,14:14:30,77.8100,20,1
2026-01-30,000333,14:14:33,77.8000,68,2
2026-01-30,000333,14:14:36,77.8100,32,1
2026-01-30,000333,14:14:39,77.8000,54,2
2026-01-30,000333,14:14:42,77.8100,87,1
2026-01-30,000333,14:14:45,77.8000,133,2
2026-01-30,000333,14:14:48,77.8000,32,1
2026-01-30,000333,14:14:51,77.8100,21,1
2026-01-30,000333,14:14:54,77.8200,123,1
2026-01-30,000333,14:14:57,77.8100,36,2
2026-01-30,000333,14:15:00,77.8200,13,1
2026-01-30,000333,14:15:03,77.8100,29,2
2026-01-30,000333,14:15:06,77.8100,37,2
2026-01-30,000333,14:15:09,77.8100,52,2
2026-01-30,000333,14:15:12,77.8100,117,2
2026-01-30,000333,14:15:15,77.8000,111,2
2026-01-30,000333,14:15:18,77.8100,15,1
2026-01-30,000333,14:15:21,77.8100,6,1
2026-01-30,000333,14:15:24,77.8100,140,1
2026-01-30,000333,14:15:27,77.8100,38,1
2026-01-30,000333,14:15:30,77.8000,7,2
2026-01-30,000333,14:15:33,77.8100,228,1
2026-01-30,000333,14:15:36,77.8200,130,1
2026-01-30,000333,14:15:39,77.8100,90,4
2026-01-30,000333,14:15:42,77.8100,21,1
2026-01-30,000333,14:15:45,77.8100,1,2
2026-01-30,000333,14:15:48,77.8100,48,2
2026-01-30,000333,14:15:51,77.8100,10,2
2026-01-30,000333,14:15:54,77.8200,26,1
2026-01-30,000333,14:15:57,77.8200,5,1
2026-01-30,000333,14:16:00,77.8200,20,1
2026-01-30,000333,14:16:03,77.8100,48,2
2026-01-30,000333,14:16:06,77.8200,76,1
2026-01-30,000333,14:16:09,77.8100,92,2
2026-01-30,000333,14:16:12,77.8200,135,1
2026-01-30,000333,14:16:15,77.8200,177,1
2026-01-30,000333,14:16:18,77.8000,122,2
2026-01-30,000333,14:16:21,77.8000,15,2
2026-01-30,000333,14:16:24,77.8000,5,2
2026-01-30,000333,14:16:30,77.8000,90,2
2026-01-30,000333,14:16:33,77.8000,9,2
2026-01-30,000333,14:16:36,77.8000,39,2
2026-01-30,000333,14:16:39,77.8100,6,1
2026-01-30,000333,14:16:42,77.8000,52,2
2026-01-30,000333,14:16:45,77.8000,39,2
2026-01-30,000333,14:16:48,77.8000,92,2
2026-01-30,000333,14:16:51,77.8100,217,1
2026-01-30,000333,14:16:54,77.8200,261,1
2026-01-30,000333,14:16:57,77.8300,17,1
2026-01-30,000333,14:17:00,77.8200,23,2
2026-01-30,000333,14:17:03,77.8200,13,2
2026-01-30,000333,14:17:06,77.8500,36,1
2026-01-30,000333,14:17:09,77.8500,10,1
2026-01-30,000333,14:17:12,77.8500,32,1
2026-01-30,000333,14:17:15,77.8400,43,2
2026-01-30,000333,14:17:18,77.8500,15,1
2026-01-30,000333,14:17:21,77.8500,26,1
2026-01-30,000333,14:17:24,77.8500,20,1
2026-01-30,000333,14:17:27,77.8500,41,1
2026-01-30,000333,14:17:30,77.8500,115,1
2026-01-30,000333,14:17:33,77.8500,47,1
2026-01-30,000333,14:17:36,77.8500,26,1
2026-01-30,000333,14:17:39,77.8500,120,1
2026-01-30,000333,14:17:42,77.8500,130,1
2026-01-30,000333,14:17:45,77.8500,47,1
2026-01-30,000333,14:17:48,77.8500,125,1
2026-01-30,000333,14:17:51,77.8400,408,2
2026-01-30,000333,14:17:54,77.8400,145,2
2026-01-30,000333,14:17:57,77.8500,121,1
2026-01-30,000333,14:18:00,77.8400,73,2
2026-01-30,000333,14:18:03,77.8400,19,2
2026-01-30,000333,14:18:06,77.8400,77,2
2026-01-30,000333,14:18:09,77.8100,159,2
2026-01-30,000333,14:18:12,77.8000,86,2
2026-01-30,000333,14:18:15,77.8000,19,2
2026-01-30,000333,14:18:18,77.8000,14,2
2026-01-30,000333,14:18:21,77.8000,9,2
2026-01-30,000333,14:18:24,77.8000,110,2
2026-01-30,000333,14:18:27,77.8100,24,1
2026-01-30,000333,14:18:30,77.7900,57,2
2026-01-30,000333,14:18:33,77.8000,110,1
2026-01-30,000333,14:18:36,77.8000,44,2
2026-01-30,000333,14:18:39,77.8000,42,2
2026-01-30,000333,14:18:42,77.8000,3,2
2026-01-30,000333,14:18:45,77.8100,74,1
2026-01-30,000333,14:18:48,77.8100,25,1
2026-01-30,000333,14:18:51,77.8100,6,1
2026-01-30,000333,14:18:54,77.8000,66,2
2026-01-30,000333,14:18:57,77.8000,11,2
2026-01-30,000333,14:19:00,77.8000,21,2
2026-01-30,000333,14:19:03,77.8000,28,2
2026-01-30,000333,14:19:06,77.8100,5,1
2026-01-30,000333,14:19:09,77.8000,121,2
2026-01-30,000333,14:19:12,77.8000,11,2
2026-01-30,000333,14:19:15,77.8000,6,2
2026-01-30,000333,14:19:18,77.8100,93,1
2026-01-30,000333,14:19:21,77.8100,15,1
2026-01-30,000333,14:19:24,77.8100,11,1
2026-01-30,000333,14:19:27,77.8100,41,1
2026-01-30,000333,14:19:30,77.8100,90,1
2026-01-30,000333,14:19:33,77.8000,31,2
2026-01-30,000333,14:19:36,77.8100,14,1
2026-01-30,000333,14:19:39,77.8000,60,2
2026-01-30,000333,14:19:42,77.8100,97,1
2026-01-30,000333,14:19:45,77.8100,127,1
2026-01-30,000333,14:19:48,77.8000,170,2
2026-01-30,000333,14:19:51,77.8100,66,1
2026-01-30,000333,14:19:54,77.8100,11,1
2026-01-30,000333,14:19:57,77.8100,12,1
2026-01-30,000333,14:20:00,77.8000,19,2
2026-01-30,000333,14:20:03,77.8100,138,1
2026-01-30,000333,14:20:06,77.8100,16,1
2026-01-30,000333,14:20:09,77.8100,34,1
2026-01-30,000333,14:20:12,77.8100,55,1
2026-01-30,000333,14:20:15,77.8100,260,1
2026-01-30,000333,14:20:18,77.8100,66,1
2026-01-30,000333,14:20:21,77.8100,37,1
2026-01-30,000333,14:20:24,77.8200,26,1
2026-01-30,000333,14:20:27,77.8100,62,2
2026-01-30,000333,14:20:30,77.8100,92,2
2026-01-30,000333,14:20:33,77.8300,75,1
2026-01-30,000333,14:20:36,77.8300,25,1
2026-01-30,000333,14:20:39,77.8300,102,1
2026-01-30,000333,14:20:42,77.8400,22,1
2026-01-30,000333,14:20:45,77.8500,90,1
2026-01-30,000333,14:20:48,77.8600,163,1
2026-01-30,000333,14:20:51,77.8800,79,1
2026-01-30,000333,14:20:54,77.8600,1069,2
2026-01-30,000333,14:20:57,77.8300,80,2
2026-01-30,000333,14:21:00,77.8300,32,1
2026-01-30,000333,14:21:03,77.8300,525,1
2026-01-30,000333,14:21:06,77.8000,87,2
2026-01-30,000333,14:21:09,77.8000,207,2
2026-01-30,000333,14:21:12,77.7900,186,2
2026-01-30,000333,14:21:15,77.8000,25,1
2026-01-30,000333,14:21:18,77.8100,18,1
2026-01-30,000333,14:21:21,77.8000,19,2
2026-01-30,000333,14:21:24,77.8100,81,1
2026-01-30,000333,14:21:27,77.8100,13,1
2026-01-30,000333,14:21:30,77.8000,53,2
2026-01-30,000333,14:21:33,77.8100,66,1
2026-01-30,000333,14:21:36,77.8200,19,1
2026-01-30,000333,14:21:39,77.8100,31,2
2026-01-30,000333,14:21:42,77.8200,67,1
2026-01-30,000333,14:21:45,77.8200,21,1
2026-01-30,000333,14:21:48,77.8300,157,1
2026-01-30,000333,14:21:51,77.8400,23,1
2026-01-30,000333,14:21:54,77.8500,37,1
2026-01-30,000333,14:21:57,77.8500,180,1
2026-01-30,000333,14:22:00,77.8300,167,2
2026-01-30,000333,14:22:03,77.8400,147,1
2026-01-30,000333,14:22:06,77.8300,80,2
2026-01-30,000333,14:22:09,77.8400,62,1
2026-01-30,000333,14:22:12,77.8400,182,1
2026-01-30,000333,14:22:15,77.8300,134,4
2026-01-30,000333,14:22:18,77.8200,65,2
2026-01-30,000333,14:22:21,77.8100,13,2
2026-01-30,000333,14:22:24,77.8100,101,2
2026-01-30,000333,14:22:27,77.8200,48,1
2026-01-30,000333,14:22:30,77.7700,590,2
2026-01-30,000333,14:22:33,77.7800,62,4
2026-01-30,000333,14:22:36,77.7900,53,1
2026-01-30,000333,14:22:39,77.7900,67,2
2026-01-30,000333,14:22:42,77.7900,57,1
2026-01-30,000333,14:22:45,77.8000,63,1
2026-01-30,000333,14:22:48,77.8000,104,1
2026-01-30,000333,14:22:51,77.8000,118,1
2026-01-30,000333,14:22:54,77.8300,68,1
2026-01-30,000333,14:22:57,77.8200,56,2
2026-01-30,000333,14:23:00,77.8200,42,1
2026-01-30,000333,14:23:03,77.8300,18,1
2026-01-30,000333,14:23:06,77.8300,117,1
2026-01-30,000333,14:23:09,77.8200,79,2
2026-01-30,000333,14:23:12,77.8300,30,1
2026-01-30,000333,14:23:15,77.8200,96,2
2026-01-30,000333,14:23:18,77.8100,12,2
2026-01-30,000333,14:23:21,77.8200,14,1
2026-01-30,000333,14:23:24,77.8100,82,2
2026-01-30,000333,14:23:27,77.8100,112,2
2026-01-30,000333,14:23:30,77.8200,377,1
2026-01-30,000333,14:23:33,77.8100,20,2
2026-01-30,000333,14:23:36,77.8200,16,1
2026-01-30,000333,14:23:39,77.8200,11,1
2026-01-30,000333,14:23:42,77.8200,99,1
2026-01-30,000333,14:23:45,77.8100,129,2
2026-01-30,000333,14:23:48,77.8100,103,2
2026-01-30,000333,14:23:51,77.8100,32,2
2026-01-30,000333,14:23:54,77.8100,16,2
2026-01-30,000333,14:23:57,77.8100,120,2
2026-01-30,000333,14:24:00,77.8100,85,2
2026-01-30,000333,14:24:03,77.8100,35,1
2026-01-30,000333,14:24:06,77.8100,76,1
2026-01-30,000333,14:24:09,77.8000,21,2
2026-01-30,000333,14:24:12,77.8000,9,2
2026-01-30,000333,14:24:15,77.8100,43,1
2026-01-30,000333,14:24:18,77.8000,5,2
2026-01-30,000333,14:24:21,77.8000,16,2
2026-01-30,000333,14:24:24,77.8100,45,1
2026-01-30,000333,14:24:27,77.8100,93,1
2026-01-30,000333,14:24:30,77.8000,36,2
2026-01-30,000333,14:24:33,77.8000,31,2
2026-01-30,000333,14:24:36,77.8000,20,2
2026-01-30,000333,14:24:39,77.8000,66,2
2026-01-30,000333,14:24:42,77.8000,11,2
2026-01-30,000333,14:24:45,77.8000,72,2
2026-01-30,000333,14:24:48,77.8000,75,2
2026-01-30,000333,14:24:51,77.8000,21,2
2026-01-30,000333,14:24:54,77.8100,10,1
2026-01-30,000333,14:24:57,77.8100,77,1
2026-01-30,000333,14:25:00,77.8000,31,2
2026-01-30,000333,14:25:03,77.8100,65,1
2026-01-30,000333,14:25:06,77.8000,86,2
2026-01-30,000333,14:25:09,77.8100,54,1
2026-01-30,000333,14:25:12,77.8100,4,1
2026-01-30,000333,14:25:15,77.8300,257,1
2026-01-30,000333,14:25:18,77.8200,96,4
2026-01-30,000333,14:25:21,77.8500,23,1
2026-01-30,000333,14:25:24,77.8700,20,1
2026-01-30,000333,14:25:27,77.8700,25,2
2026-01-30,000333,14:25:30,77.8800,43,1
2026-01-30,000333,14:25:33,77.8800,48,1
2026-01-30,000333,14:25:36,77.8700,190,2
2026-01-30,000333,14:25:39,77.8400,798,2
2026-01-30,000333,14:25:42,77.8200,81,2
2026-01-30,000333,14:25:45,77.8200,10,1
2026-01-30,000333,14:25:48,77.8200,36,1
2026-01-30,000333,14:25:51,77.8200,12,1
2026-01-30,000333,14:25:54,77.8200,112,1
2026-01-30,000333,14:25:57,77.8600,117,1
2026-01-30,000333,14:26:00,77.8400,36,2
2026-01-30,000333,14:26:03,77.8600,62,1
2026-01-30,000333,14:26:06,77.8400,4,4
2026-01-30,000333,14:26:09,77.8400,22,1
2026-01-30,000333,14:26:12,77.8400,45,1
2026-01-30,000333,14:26:15,77.8300,73,2
2026-01-30,000333,14:26:18,77.8400,93,1
2026-01-30,000333,14:26:21,77.8300,17,2
2026-01-30,000333,14:26:24,77.8400,8,1
2026-01-30,000333,14:26:27,77.8400,5,1
2026-01-30,000333,14:26:30,77.8400,16,1
2026-01-30,000333,14:26:33,77.8300,25,2
2026-01-30,000333,14:26:36,77.8300,42,2
2026-01-30,000333,14:26:39,77.8300,63,2
2026-01-30,000333,14:26:42,77.8300,132,2
2026-01-30,000333,14:26:45,77.8400,33,1
2026-01-30,000333,14:26:48,77.8400,23,1
2026-01-30,000333,14:26:51,77.8400,32,1
2026-01-30,000333,14:26:54,77.8300,29,2
2026-01-30,000333,14:26:57,77.8300,27,2
2026-01-30,000333,14:27:00,77.8400,21,1
2026-01-30,000333,14:27:03,77.8400,67,1
2026-01-30,000333,14:27:06,77.8500,57,1
2026-01-30,000333,14:27:09,77.8700,96,1
2026-01-30,000333,14:27:12,77.8700,6,1
2026-01-30,000333,14:27:15,77.8700,22,1
2026-01-30,000333,14:27:18,77.8900,81,1
2026-01-30,000333,14:27:21,77.9400,118,1
2026-01-30,000333,14:27:24,77.9100,760,2
2026-01-30,000333,14:27:27,77.8800,173,2
2026-01-30,000333,14:27:30,77.9100,55,1
2026-01-30,000333,14:27:33,77.9200,70,1
2026-01-30,000333,14:27:36,77.9000,145,2
2026-01-30,000333,14:27:39,77.8900,14,1
2026-01-30,000333,14:27:42,77.8900,26,1
2026-01-30,000333,14:27:45,77.8800,41,1
2026-01-30,000333,14:27:48,77.8700,5,2
2026-01-30,000333,14:27:51,77.8800,142,1
2026-01-30,000333,14:27:54,77.8700,140,4
2026-01-30,000333,14:27:57,77.8600,30,2
2026-01-30,000333,14:28:00,77.8600,94,1
2026-01-30,000333,14:28:03,77.8600,264,2
2026-01-30,000333,14:28:06,77.8300,277,2
2026-01-30,000333,14:28:09,77.8300,232,2
2026-01-30,000333,14:28:12,77.8200,99,2
2026-01-30,000333,14:28:15,77.8300,591,1
2026-01-30,000333,14:28:18,77.8300,210,1
2026-01-30,000333,14:28:21,77.8300,71,1
2026-01-30,000333,14:28:24,77.8300,71,1
2026-01-30,000333,14:28:27,77.8200,20,2
2026-01-30,000333,14:28:30,77.8100,37,2
2026-01-30,000333,14:28:33,77.8300,18,1
2026-01-30,000333,14:28:36,77.8200,48,2
2026-01-30,000333,14:28:39,77.8200,71,2
2026-01-30,000333,14:28:42,77.8200,30,2
2026-01-30,000333,14:28:45,77.8200,54,2
2026-01-30,000333,14:28:48,77.8200,676,2
2026-01-30,000333,14:28:51,77.8200,51,1
2026-01-30,000333,14:28:54,77.8100,130,2
2026-01-30,000333,14:28:57,77.8000,258,2
2026-01-30,000333,14:29:00,77.8100,64,1
2026-01-30,000333,14:29:03,77.8200,180,1
2026-01-30,000333,14:29:06,77.8100,56,2
2026-01-30,000333,14:29:09,77.8200,137,1
2026-01-30,000333,14:29:12,77.8200,14,1
2026-01-30,000333,14:29:15,77.8200,27,1
2026-01-30,000333,14:29:18,77.8100,16,2
2026-01-30,000333,14:29:21,77.8100,21,2
2026-01-30,000333,14:29:24,77.8100,102,2
2026-01-30,000333,14:29:27,77.8200,58,1
2026-01-30,000333,14:29:30,77.8200,17,1
2026-01-30,000333,14:29:33,77.8200,11,1
2026-01-30,000333,14:29:36,77.8200,59,1
2026-01-30,000333,14:29:39,77.8100,123,2
2026-01-30,000333,14:29:42,77.8200,20,1
2026-01-30,000333,14:29:45,77.8100,9,2
2026-01-30,000333,14:29:48,77.8100,54,2
2026-01-30,000333,14:29:51,77.8200,12,1
2026-01-30,000333,14:29:54,77.8200,20,1
2026-01-30,000333,14:29:57,77.8100,49,2
2026-01-30,000333,14:30:00,77.8200,5,1
2026-01-30,000333,14:30:03,77.8100,66,2
2026-01-30,000333,14:30:06,77.8200,86,1
2026-01-30,000333,14:30:09,77.8200,157,1
2026-01-30,000333,14:30:12,77.8100,90,2
2026-01-30,000333,14:30:15,77.8000,526,2
2026-01-30,000333,14:30:18,77.8000,83,2
2026-01-30,000333,14:30:21,77.8100,39,1
2026-01-30,000333,14:30:24,77.8000,60,2
2026-01-30,000333,14:30:27,77.8000,37,2
2026-01-30,000333,14:30:30,77.8000,88,2
2026-01-30,000333,14:30:33,77.8100,41,1
2026-01-30,000333,14:30:36,77.8000,68,4
2026-01-30,000333,14:30:39,77.8100,59,1
2026-01-30,000333,14:30:42,77.8000,4,2
2026-01-30,000333,14:30:45,77.8000,28,2
2026-01-30,000333,14:30:48,77.8000,44,2
2026-01-30,000333,14:30:51,77.8000,79,2
2026-01-30,000333,14:30:54,77.7900,56,2
2026-01-30,000333,14:30:57,77.7900,59,2
2026-01-30,000333,14:31:00,77.8100,14,1
2026-01-30,000333,14:31:03,77.7900,118,2
2026-01-30,000333,14:31:06,77.7800,265,2
2026-01-30,000333,14:31:09,77.7600,40,2
2026-01-30,000333,14:31:12,77.7400,233,2
2026-01-30,000333,14:31:15,77.7700,95,1
2026-01-30,000333,14:31:18,77.7500,12,2
2026-01-30,000333,14:31:21,77.7500,38,2
2026-01-30,000333,14:31:24,77.7500,22,2
2026-01-30,000333,14:31:27,77.7600,35,1
2026-01-30,000333,14:31:30,77.7500,55,2
2026-01-30,000333,14:31:33,77.7500,47,2
2026-01-30,000333,14:31:36,77.7600,30,1
2026-01-30,000333,14:31:39,77.7600,23,4
2026-01-30,000333,14:31:42,77.7500,23,2
2026-01-30,000333,14:31:45,77.7700,94,1
2026-01-30,000333,14:31:48,77.7800,36,1
2026-01-30,000333,14:31:51,77.7800,41,1
2026-01-30,000333,14:31:54,77.7800,34,1
2026-01-30,000333,14:31:57,77.7700,17,2
2026-01-30,000333,14:32:00,77.7800,3,1
2026-01-30,000333,14:32:03,77.7800,35,1
2026-01-30,000333,14:32:06,77.7800,63,1
2026-01-30,000333,14:32:09,77.7800,66,1
2026-01-30,000333,14:32:12,77.7700,13,2
2026-01-30,000333,14:32:15,77.7800,20,1
2026-01-30,000333,14:32:18,77.7800,64,1
2026-01-30,000333,14:32:21,77.7800,29,2
2026-01-30,000333,14:32:27,77.7800,52,2
2026-01-30,000333,14:32:30,77.7900,10,1
2026-01-30,000333,14:32:33,77.7900,38,1
2026-01-30,000333,14:32:36,77.8000,251,1
2026-01-30,000333,14:32:39,77.8000,21,1
2026-01-30,000333,14:32:42,77.8000,27,1
2026-01-30,000333,14:32:45,77.8100,17,1
2026-01-30,000333,14:32:48,77.8100,51,1
2026-01-30,000333,14:32:51,77.8100,39,1
2026-01-30,000333,14:32:54,77.8200,102,1
2026-01-30,000333,14:32:57,77.8000,13,2
2026-01-30,000333,14:33:00,77.8100,36,1
2026-01-30,000333,14:33:03,77.8000,42,2
2026-01-30,000333,14:33:06,77.8000,291,2
2026-01-30,000333,14:33:09,77.8000,323,2
2026-01-30,000333,14:33:12,77.8000,107,2
2026-01-30,000333,14:33:15,77.8100,22,1
2026-01-30,000333,14:33:18,77.8100,26,1
2026-01-30,000333,14:33:21,77.8000,176,2
2026-01-30,000333,14:33:24,77.8000,34,2
2026-01-30,000333,14:33:27,77.8000,15,2
2026-01-30,000333,14:33:30,77.8000,31,2
2026-01-30,000333,14:33:33,77.8000,7,2
2026-01-30,000333,14:33:36,77.8000,345,2
2026-01-30,000333,14:33:39,77.7800,50,2
2026-01-30,000333,14:33:42,77.7700,65,2
2026-01-30,000333,14:33:45,77.7700,16,2
2026-01-30,000333,14:33:48,77.7700,186,2
2026-01-30,000333,14:33:51,77.7700,79,2
2026-01-30,000333,14:33:54,77.7700,80,2
2026-01-30,000333,14:33:57,77.7800,56,1
2026-01-30,000333,14:34:00,77.7700,21,1
2026-01-30,000333,14:34:03,77.7700,48,1
2026-01-30,000333,14:34:06,77.7700,52,1
2026-01-30,000333,14:34:09,77.7700,57,2
2026-01-30,000333,14:34:12,77.7700,47,2
2026-01-30,000333,14:34:15,77.7700,22,2
2026-01-30,000333,14:34:18,77.7900,28,1
2026-01-30,000333,14:34:21,77.7800,1,2
2026-01-30,000333,14:34:24,77.7800,46,2
2026-01-30,000333,14:34:27,77.7900,54,1
2026-01-30,000333,14:34:30,77.8000,135,1
2026-01-30,000333,14:34:33,77.8000,103,1
2026-01-30,000333,14:34:36,77.8000,46,1
2026-01-30,000333,14:34:39,77.8000,455,1
2026-01-30,000333,14:34:42,77.8000,60,2
2026-01-30,000333,14:34:45,77.8100,13,1
2026-01-30,000333,14:34:48,77.8200,65,1
2026-01-30,000333,14:34:51,77.8200,25,1
2026-01-30,000333,14:34:54,77.8300,39,1
2026-01-30,000333,14:34:57,77.8200,8,2
2026-01-30,000333,14:35:00,77.8200,14,1
2026-01-30,000333,14:35:03,77.8300,5,1
2026-01-30,000333,14:35:06,77.8300,4,1
2026-01-30,000333,14:35:09,77.8100,60,2
2026-01-30,000333,14:35:12,77.8200,17,2
2026-01-30,000333,14:35:15,77.8200,13,1
2026-01-30,000333,14:35:18,77.8100,29,2
2026-01-30,000333,14:35:21,77.8100,59,2
2026-01-30,000333,14:35:24,77.8300,27,1
2026-01-30,000333,14:35:27,77.8200,165,4
2026-01-30,000333,14:35:30,77.8200,98,1
2026-01-30,000333,14:35:33,77.8200,49,1
2026-01-30,000333,14:35:36,77.8300,41,1
2026-01-30,000333,14:35:39,77.8300,28,1
2026-01-30,000333,14:35:42,77.8300,82,1
2026-01-30,000333,14:35:45,77.8300,11,1
2026-01-30,000333,14:35:48,77.8300,7,1
2026-01-30,000333,14:35:51,77.8200,240,2
2026-01-30,000333,14:35:54,77.8200,27,1
2026-01-30,000333,14:35:57,77.8200,57,1
2026-01-30,000333,14:36:00,77.8100,4,2
2026-01-30,000333,14:36:03,77.8200,54,1
2026-01-30,000333,14:36:09,77.8200,9,2
2026-01-30,000333,14:36:12,77.8200,45,2
2026-01-30,000333,14:36:15,77.8300,6,1
2026-01-30,000333,14:36:18,77.8200,264,2
2026-01-30,000333,14:36:21,77.8300,69,1
2026-01-30,000333,14:36:24,77.8700,158,1
2026-01-30,000333,14:36:27,77.8700,5,1
2026-01-30,000333,14:36:30,77.9200,101,1
2026-01-30,000333,14:36:33,77.8900,79,2
2026-01-30,000333,14:36:36,77.8900,26,1
2026-01-30,000333,14:36:39,77.8900,17,1
2026-01-30,000333,14:36:42,77.8900,46,1
2026-01-30,000333,14:36:45,77.8900,31,1
2026-01-30,000333,14:36:48,77.8900,64,1
2026-01-30,000333,14:36:51,77.8800,92,2
2026-01-30,000333,14:36:54,77.8800,610,2
2026-01-30,000333,14:36:57,77.8700,141,2
2026-01-30,000333,14:37:00,77.8700,167,2
2026-01-30,000333,14:37:03,77.8600,64,2
2026-01-30,000333,14:37:06,77.8400,13,2
2026-01-30,000333,14:37:09,77.8500,56,1
2026-01-30,000333,14:37:12,77.8600,115,1
2026-01-30,000333,14:37:15,77.8600,36,2
2026-01-30,000333,14:37:18,77.8600,26,2
2026-01-30,000333,14:37:21,77.8700,149,1
2026-01-30,000333,14:37:24,77.8700,34,2
2026-01-30,000333,14:37:27,77.8700,41,2
2026-01-30,000333,14:37:30,77.8700,37,2
2026-01-30,000333,14:37:33,77.8700,90,1
2026-01-30,000333,14:37:36,77.8700,18,1
2026-01-30,000333,14:37:39,77.8600,11,2
2026-01-30,000333,14:37:42,77.8700,13,1
2026-01-30,000333,14:37:45,77.8700,26,1
2026-01-30,000333,14:37:48,77.8700,9,1
2026-01-30,000333,14:37:51,77.8700,50,1
2026-01-30,000333,14:37:54,77.8800,80,1
2026-01-30,000333,14:37:57,77.8700,80,2
2026-01-30,000333,14:38:00,77.8800,49,1
2026-01-30,000333,14:38:03,77.8800,21,1
2026-01-30,000333,14:38:06,77.8900,26,1
2026-01-30,000333,14:38:09,77.8900,41,1
2026-01-30,000333,14:38:12,77.8900,37,1
2026-01-30,000333,14:38:15,77.9200,42,1
2026-01-30,000333,14:38:18,77.9200,36,1
2026-01-30,000333,14:38:21,77.8800,194,2
2026-01-30,000333,14:38:24,77.8900,26,4
2026-01-30,000333,14:38:27,77.8800,37,2
2026-01-30,000333,14:38:30,77.8800,153,2
2026-01-30,000333,14:38:33,77.8900,18,1
2026-01-30,000333,14:38:36,77.8900,15,1
2026-01-30,000333,14:38:39,77.8800,221,2
2026-01-30,000333,14:38:42,77.8900,64,1
2026-01-30,000333,14:38:45,77.8800,24,2
2026-01-30,000333,14:38:48,77.8900,29,1
2026-01-30,000333,14:38:51,77.8800,107,2
2026-01-30,000333,14:38:54,77.8800,208,2
2026-01-30,000333,14:38:57,77.8700,67,2
2026-01-30,000333,14:39:00,77.8700,84,2
2026-01-30,000333,14:39:03,77.8700,87,2
2026-01-30,000333,14:39:06,77.8800,18,1
2026-01-30,000333,14:39:09,77.8800,84,1
2026-01-30,000333,14:39:12,77.8700,14,2
2026-01-30,000333,14:39:15,77.8700,18,2
2026-01-30,000333,14:39:18,77.8700,14,2
2026-01-30,000333,14:39:21,77.8700,11,2
2026-01-30,000333,14:39:24,77.8700,113,2
2026-01-30,000333,14:39:27,77.8700,311,2
2026-01-30,000333,14:39:30,77.8800,110,1
2026-01-30,000333,14:39:33,77.8700,37,2
2026-01-30,000333,14:39:36,77.8700,37,2
2026-01-30,000333,14:39:39,77.8600,42,2
2026-01-30,000333,14:39:42,77.8700,244,1
2026-01-30,000333,14:39:45,77.8700,61,2
2026-01-30,000333,14:39:48,77.8700,68,2
2026-01-30,000333,14:39:51,77.8700,53,2
2026-01-30,000333,14:39:54,77.8700,31,2
2026-01-30,000333,14:39:57,77.8700,54,2
2026-01-30,000333,14:40:00,77.8700,220,2
2026-01-30,000333,14:40:03,77.8700,207,2
2026-01-30,000333,14:40:06,77.8700,5,2
2026-01-30,000333,14:40:09,77.8600,57,2
2026-01-30,000333,14:40:12,77.8700,85,1
2026-01-30,000333,14:40:15,77.8600,36,2
2026-01-30,000333,14:40:18,77.8600,187,2
2026-01-30,000333,14:40:21,77.8500,91,2
2026-01-30,000333,14:40:24,77.8500,84,2
2026-01-30,000333,14:40:27,77.8500,46,2
2026-01-30,000333,14:40:30,77.8500,52,2
2026-01-30,000333,14:40:33,77.8500,46,2
2026-01-30,000333,14:40:36,77.8600,272,1
2026-01-30,000333,14:40:39,77.8500,85,2
2026-01-30,000333,14:40:42,77.8500,206,2
2026-01-30,000333,14:40:45,77.8500,79,2
2026-01-30,000333,14:40:48,77.8500,91,2
2026-01-30,000333,14:40:51,77.8500,52,2
2026-01-30,000333,14:40:54,77.8500,148,2
2026-01-30,000333,14:40:57,77.8400,47,2
2026-01-30,000333,14:41:00,77.8600,111,1
2026-01-30,000333,14:41:03,77.8400,86,2
2026-01-30,000333,14:41:06,77.8400,34,2
2026-01-30,000333,14:41:09,77.8500,281,1
2026-01-30,000333,14:41:12,77.8500,51,2
2026-01-30,000333,14:41:15,77.8500,15,2
2026-01-30,000333,14:41:18,77.8600,75,1
2026-01-30,000333,14:41:21,77.8500,10,2
2026-01-30,000333,14:41:24,77.8600,115,1
2026-01-30,000333,14:41:27,77.8400,132,2
2026-01-30,000333,14:41:30,77.8200,541,2
2026-01-30,000333,14:41:33,77.8100,281,2
2026-01-30,000333,14:41:36,77.8000,250,2
2026-01-30,000333,14:41:39,77.8000,37,2
2026-01-30,000333,14:41:42,77.8000,142,2
2026-01-30,000333,14:41:45,77.8000,14,1
2026-01-30,000333,14:41:48,77.8000,33,2
2026-01-30,000333,14:41:51,77.8100,26,1
2026-01-30,000333,14:41:54,77.8100,59,1
2026-01-30,000333,14:41:57,77.8000,120,2
2026-01-30,000333,14:42:00,77.8100,84,1
2026-01-30,000333,14:42:03,77.7900,148,2
2026-01-30,000333,14:42:06,77.7900,34,2
2026-01-30,000333,14:42:09,77.7900,81,2
2026-01-30,000333,14:42:12,77.7900,59,1
2026-01-30,000333,14:42:15,77.7600,612,2
2026-01-30,000333,14:42:18,77.7500,55,2
2026-01-30,000333,14:42:21,77.7500,43,2
2026-01-30,000333,14:42:24,77.7500,26,2
2026-01-30,000333,14:42:27,77.7600,96,1
2026-01-30,000333,14:42:30,77.7700,87,1
2026-01-30,000333,14:42:33,77.7800,462,1
2026-01-30,000333,14:42:36,77.8100,131,1
2026-01-30,000333,14:42:39,77.8000,1,2
2026-01-30,000333,14:42:42,77.8100,5,1
2026-01-30,000333,14:42:45,77.8000,46,2
2026-01-30,000333,14:42:48,77.8000,13,2
2026-01-30,000333,14:42:51,77.8100,22,1
2026-01-30,000333,14:42:54,77.8000,40,2
2026-01-30,000333,14:42:57,77.8100,30,1
2026-01-30,000333,14:43:00,77.8000,149,2
2026-01-30,000333,14:43:03,77.8000,107,2
2026-01-30,000333,14:43:06,77.7700,211,2
2026-01-30,000333,14:43:09,77.7700,30,2
2026-01-30,000333,14:43:12,77.7700,106,2
2026-01-30,000333,14:43:15,77.7700,126,2
2026-01-30,000333,14:43:18,77.7700,56,2
2026-01-30,000333,14:43:21,77.7800,11,1
2026-01-30,000333,14:43:24,77.7800,2,1
2026-01-30,000333,14:43:27,77.7700,18,2
2026-01-30,000333,14:43:30,77.7800,39,1
2026-01-30,000333,14:43:33,77.7700,120,2
2026-01-30,000333,14:43:36,77.7700,130,2
2026-01-30,000333,14:43:39,77.7800,173,1
2026-01-30,000333,14:43:42,77.7700,172,2
2026-01-30,000333,14:43:45,77.7700,23,2
2026-01-30,000333,14:43:48,77.7800,31,1
2026-01-30,000333,14:43:51,77.7800,189,1
2026-01-30,000333,14:43:54,77.7800,33,2
2026-01-30,000333,14:43:57,77.7800,16,2
2026-01-30,000333,14:44:00,77.7800,7,2
2026-01-30,000333,14:44:03,77.7900,86,1
2026-01-30,000333,14:44:06,77.7800,20,2
2026-01-30,000333,14:44:09,77.7800,104,2
2026-01-30,000333,14:44:12,77.7800,209,2
2026-01-30,000333,14:44:15,77.7800,313,2
2026-01-30,000333,14:44:18,77.7800,50,2
2026-01-30,000333,14:44:21,77.7800,73,1
2026-01-30,000333,14:44:24,77.7800,65,2
2026-01-30,000333,14:44:27,77.7800,14,2
2026-01-30,000333,14:44:30,77.7800,41,2
2026-01-30,000333,14:44:33,77.7800,20,2
2026-01-30,000333,14:44:36,77.7700,68,2
2026-01-30,000333,14:44:39,77.7400,254,2
2026-01-30,000333,14:44:42,77.7400,225,2
2026-01-30,000333,14:44:45,77.7300,98,2
2026-01-30,000333,14:44:48,77.7300,100,2
2026-01-30,000333,14:44:51,77.7400,61,1
2026-01-30,000333,14:44:54,77.7300,113,2
2026-01-30,000333,14:44:57,77.7400,112,1
2026-01-30,000333,14:45:00,77.7200,40,2
2026-01-30,000333,14:45:03,77.7200,32,2
2026-01-30,000333,14:45:06,77.7100,159,2
2026-01-30,000333,14:45:09,77.7100,58,2
2026-01-30,000333,14:45:12,77.7100,122,2
2026-01-30,000333,14:45:15,77.7100,48,1
2026-01-30,000333,14:45:18,77.7100,26,1
2026-01-30,000333,14:45:21,77.7100,197,1
2026-01-30,000333,14:45:24,77.7300,144,1
2026-01-30,000333,14:45:27,77.7100,69,2
2026-01-30,000333,14:45:30,77.7200,73,4
2026-01-30,000333,14:45:33,77.7300,46,1
2026-01-30,000333,14:45:36,77.7200,96,2
2026-01-30,000333,14:45:39,77.7300,161,4
2026-01-30,000333,14:45:42,77.7300,237,1
2026-01-30,000333,14:45:45,77.7200,142,2
2026-01-30,000333,14:45:48,77.7200,138,2
2026-01-30,000333,14:45:51,77.7200,35,1
2026-01-30,000333,14:45:54,77.7000,90,2
2026-01-30,000333,14:45:57,77.7000,253,2
2026-01-30,000333,14:46:00,77.6900,41,2
2026-01-30,000333,14:46:03,77.6800,58,2
2026-01-30,000333,14:46:06,77.6800,155,2
2026-01-30,000333,14:46:09,77.6700,192,2
2026-01-30,000333,14:46:12,77.6800,163,1
2026-01-30,000333,14:46:15,77.6800,247,1
2026-01-30,000333,14:46:18,77.6800,21,1
2026-01-30,000333,14:46:21,77.6800,92,1
2026-01-30,000333,14:46:24,77.6800,53,1
2026-01-30,000333,14:46:27,77.6700,9,1
2026-01-30,000333,14:46:30,77.6600,79,2
2026-01-30,000333,14:46:33,77.6500,26,2
2026-01-30,000333,14:46:36,77.6500,41,2
2026-01-30,000333,14:46:39,77.6400,92,2
2026-01-30,000333,14:46:42,77.6400,30,2
2026-01-30,000333,14:46:45,77.6300,175,2
2026-01-30,000333,14:46:48,77.6400,416,1
2026-01-30,000333,14:46:51,77.6300,49,2
2026-01-30,000333,14:46:54,77.6400,135,1
2026-01-30,000333,14:46:57,77.6400,19,1
2026-01-30,000333,14:47:00,77.6300,59,2
2026-01-30,000333,14:47:03,77.6400,26,1
2026-01-30,000333,14:47:06,77.6400,252,1
2026-01-30,000333,14:47:09,77.6300,174,2
2026-01-30,000333,14:47:12,77.6300,42,2
2026-01-30,000333,14:47:15,77.6300,155,1
2026-01-30,000333,14:47:18,77.6300,42,1
2026-01-30,000333,14:47:21,77.6500,284,1
2026-01-30,000333,14:47:24,77.6300,24,2
2026-01-30,000333,14:47:27,77.6500,28,1
2026-01-30,000333,14:47:30,77.6400,19,2
2026-01-30,000333,14:47:33,77.6400,24,2
2026-01-30,000333,14:47:36,77.6400,99,2
2026-01-30,000333,14:47:39,77.6400,39,2
2026-01-30,000333,14:47:42,77.6400,226,2
2026-01-30,000333,14:47:45,77.6400,289,2
2026-01-30,000333,14:47:48,77.6300,64,2
2026-01-30,000333,14:47:51,77.6300,115,2
2026-01-30,000333,14:47:54,77.6300,28,2
2026-01-30,000333,14:47:57,77.6400,144,1
2026-01-30,000333,14:48:00,77.6400,39,1
2026-01-30,000333,14:48:03,77.6300,19,2
2026-01-30,000333,14:48:06,77.6400,121,1
2026-01-30,000333,14:48:09,77.6300,57,2
2026-01-30,000333,14:48:12,77.6400,43,1
2026-01-30,000333,14:48:15,77.6600,531,1
2026-01-30,000333,14:48:18,77.6400,152,2
2026-01-30,000333,14:48:21,77.6400,41,2
2026-01-30,000333,14:48:24,77.6400,44,2
2026-01-30,000333,14:48:27,77.6500,10,1
2026-01-30,000333,14:48:30,77.6500,107,1
2026-01-30,000333,14:48:33,77.6400,4,4
2026-01-30,000333,14:48:36,77.6500,29,1
2026-01-30,000333,14:48:39,77.6300,44,2
2026-01-30,000333,14:48:42,77.6300,94,2
2026-01-30,000333,14:48:45,77.6300,147,2
2026-01-30,000333,14:48:48,77.6200,147,2
2026-01-30,000333,14:48:51,77.6200,233,2
2026-01-30,000333,14:48:54,77.6200,67,2
2026-01-30,000333,14:48:57,77.6300,47,1
2026-01-30,000333,14:49:00,77.6200,300,2
2026-01-30,000333,14:49:03,77.6200,156,2
2026-01-30,000333,14:49:06,77.6400,171,1
2026-01-30,000333,14:49:09,77.6400,50,1
2026-01-30,000333,14:49:12,77.6100,59,2
2026-01-30,000333,14:49:15,77.6400,57,1
2026-01-30,000333,14:49:18,77.6400,46,1
2026-01-30,000333,14:49:21,77.6400,49,1
2026-01-30,000333,14:49:24,77.6300,30,4
2026-01-30,000333,14:49:27,77.6300,43,1
2026-01-30,000333,14:49:30,77.6300,69,1
2026-01-30,000333,14:49:33,77.6300,44,1
2026-01-30,000333,14:49:36,77.6300,233,1
2026-01-30,000333,14:49:39,77.6300,117,2
2026-01-30,000333,14:49:42,77.6400,368,4
2026-01-30,000333,14:49:45,77.6400,23,2
2026-01-30,000333,14:49:48,77.6300,294,2
2026-01-30,000333,14:49:51,77.6300,24,1
2026-01-30,000333,14:49:54,77.6300,55,1
2026-01-30,000333,14:49:57,77.6200,103,4
2026-01-30,000333,14:50:00,77.6200,45,2
2026-01-30,000333,14:50:03,77.6300,9,1
2026-01-30,000333,14:50:06,77.6200,32,2
2026-01-30,000333,14:50:09,77.6400,152,1
2026-01-30,000333,14:50:12,77.6300,77,4
2026-01-30,000333,14:50:15,77.6300,82,2
2026-01-30,000333,14:50:18,77.6300,4,2
2026-01-30,000333,14:50:21,77.6300,226,2
2026-01-30,000333,14:50:24,77.6100,61,2
2026-01-30,000333,14:50:27,77.6100,123,2
2026-01-30,000333,14:50:30,77.6000,158,2
2026-01-30,000333,14:50:33,77.6200,627,1
2026-01-30,000333,14:50:36,77.6100,79,2
2026-01-30,000333,14:50:39,77.6500,211,1
2026-01-30,000333,14:50:42,77.6600,215,1
2026-01-30,000333,14:50:45,77.6600,29,1
2026-01-30,000333,14:50:48,77.6600,156,1
2026-01-30,000333,14:50:51,77.6600,113,4
2026-01-30,000333,14:50:54,77.6600,78,2
2026-01-30,000333,14:50:57,77.6600,69,2
2026-01-30,000333,14:51:00,77.6800,30,1
2026-01-30,000333,14:51:03,77.6900,225,1
2026-01-30,000333,14:51:06,77.7100,50,1
2026-01-30,000333,14:51:09,77.6900,264,2
2026-01-30,000333,14:51:12,77.7000,124,1
2026-01-30,000333,14:51:15,77.7100,100,1
2026-01-30,000333,14:51:18,77.7200,38,1
2026-01-30,000333,14:51:21,77.7100,119,1
2026-01-30,000333,14:51:24,77.6900,426,2
2026-01-30,000333,14:51:27,77.6700,134,2
2026-01-30,000333,14:51:30,77.6700,95,2
2026-01-30,000333,14:51:33,77.6500,152,2
2026-01-30,000333,14:51:36,77.6400,103,4
2026-01-30,000333,14:51:39,77.6200,30,2
2026-01-30,000333,14:51:42,77.6400,52,1
2026-01-30,000333,14:51:45,77.6200,94,2
2026-01-30,000333,14:51:48,77.6300,49,2
2026-01-30,000333,14:51:51,77.6400,55,1
2026-01-30,000333,14:51:54,77.6300,210,2
2026-01-30,000333,14:51:57,77.6400,92,2
2026-01-30,000333,14:52:00,77.6400,158,2
2026-01-30,000333,14:52:03,77.6400,86,1
2026-01-30,000333,14:52:06,77.6300,312,4
2026-01-30,000333,14:52:09,77.6200,34,2
2026-01-30,000333,14:52:12,77.6300,55,1
2026-01-30,000333,14:52:15,77.6200,80,2
2026-01-30,000333,14:52:18,77.6200,51,2
2026-01-30,000333,14:52:21,77.6100,115,2
2026-01-30,000333,14:52:24,77.6300,177,1
2026-01-30,000333,14:52:27,77.6300,269,2
2026-01-30,000333,14:52:30,77.6700,7,1
2026-01-30,000333,14:52:33,77.6300,106,2
2026-01-30,000333,14:52:36,77.6800,23,1
2026-01-30,000333,14:52:39,77.6700,205,2
2026-01-30,000333,14:52:42,77.6600,127,2
2026-01-30,000333,14:52:45,77.6600,199,2
2026-01-30,000333,14:52:48,77.6600,43,2
2026-01-30,000333,14:52:51,77.6800,444,1
2026-01-30,000333,14:52:54,77.6800,68,2
2026-01-30,000333,14:52:57,77.6800,45,2
2026-01-30,000333,14:53:00,77.6900,168,1
2026-01-30,000333,14:53:03,77.6900,392,1
2026-01-30,000333,14:53:06,77.6900,46,2
2026-01-30,000333,14:53:09,77.7000,170,1
2026-01-30,000333,14:53:12,77.7000,94,2
2026-01-30,000333,14:53:15,77.7100,112,1
2026-01-30,000333,14:53:18,77.7100,46,1
2026-01-30,000333,14:53:21,77.7000,125,2
2026-01-30,000333,14:53:24,77.6900,98,2
2026-01-30,000333,14:53:27,77.6900,87,2
2026-01-30,000333,14:53:30,77.7000,119,1
2026-01-30,000333,14:53:33,77.7000,247,1
2026-01-30,000333,14:53:36,77.7000,127,1
2026-01-30,000333,14:53:39,77.7000,32,1
2026-01-30,000333,14:53:42,77.7000,98,1
2026-01-30,000333,14:53:45,77.7000,52,1
2026-01-30,000333,14:53:48,77.6900,20,2
2026-01-30,000333,14:53:51,77.7000,8,1
2026-01-30,000333,14:53:54,77.7000,103,1
2026-01-30,000333,14:53:57,77.7000,72,1
2026-01-30,000333,14:54:00,77.7000,82,1
2026-01-30,000333,14:54:03,77.7300,569,1
2026-01-30,000333,14:54:06,77.7200,11,4
2026-01-30,000333,14:54:09,77.7300,31,1
2026-01-30,000333,14:54:12,77.7200,180,2
2026-01-30,000333,14:54:15,77.7200,291,2
2026-01-30,000333,14:54:18,77.7100,56,2
2026-01-30,000333,14:54:21,77.7000,60,2
2026-01-30,000333,14:54:24,77.7000,44,2
2026-01-30,000333,14:54:27,77.6900,163,2
2026-01-30,000333,14:54:30,77.6800,50,2
2026-01-30,000333,14:54:33,77.6800,131,2
2026-01-30,000333,14:54:36,77.6800,113,2
2026-01-30,000333,14:54:39,77.6700,9,2
2026-01-30,000333,14:54:42,77.6700,108,2
2026-01-30,000333,14:54:45,77.6700,101,2
2026-01-30,000333,14:54:48,77.6800,105,1
2026-01-30,000333,14:54:51,77.6800,124,1
2026-01-30,000333,14:54:54,77.6800,77,1
2026-01-30,000333,14:54:57,77.6800,90,1
2026-01-30,000333,14:55:00,77.6700,31,2
2026-01-30,000333,14:55:03,77.6700,125,1
2026-01-30,000333,14:55:06,77.6700,207,2
2026-01-30,000333,14:55:09,77.6700,72,1
2026-01-30,000333,14:55:12,77.6700,152,2
2026-01-30,000333,14:55:15,77.6700,63,2
2026-01-30,000333,14:55:18,77.6900,180,1
2026-01-30,000333,14:55:21,77.7200,224,1
2026-01-30,000333,14:55:24,77.7200,243,1
2026-01-30,000333,14:55:27,77.7300,28,1
2026-01-30,000333,14:55:30,77.7000,336,2
2026-01-30,000333,14:55:33,77.6900,27,4
2026-01-30,000333,14:55:36,77.6800,79,1
2026-01-30,000333,14:55:39,77.6600,145,2
2026-01-30,000333,14:55:42,77.6700,174,1
2026-01-30,000333,14:55:45,77.6500,68,2
2026-01-30,000333,14:55:48,77.6800,180,1
2026-01-30,000333,14:55:51,77.6800,149,2
2026-01-30,000333,14:55:54,77.6800,721,1
2026-01-30,000333,14:55:57,77.6800,174,1
2026-01-30,000333,14:56:00,77.6800,60,2
2026-01-30,000333,14:56:03,77.7100,172,1
2026-01-30,000333,14:56:06,77.6800,25,2
2026-01-30,000333,14:56:09,77.6900,20,2
2026-01-30,000333,14:56:12,77.7100,65,1
2026-01-30,000333,14:56:15,77.6700,14,2
2026-01-30,000333,14:56:18,77.6600,232,2
2026-01-30,000333,14:56:21,77.6700,196,1
2026-01-30,000333,14:56:24,77.6900,100,1
2026-01-30,000333,14:56:27,77.6800,150,2
2026-01-30,000333,14:56:30,77.6800,46,2
2026-01-30,000333,14:56:33,77.6700,213,2
2026-01-30,000333,14:56:36,77.6600,144,2
2026-01-30,000333,14:56:39,77.6600,90,2
2026-01-30,000333,14:56:42,77.6600,176,1
2026-01-30,000333,14:56:45,77.6200,173,2
2026-01-30,000333,14:56:48,77.6100,322,2
2026-01-30,000333,14:56:51,77.6200,109,2
2026-01-30,000333,14:56:54,77.6300,21,2
2026-01-30,000333,14:56:57,77.6200,130,2
2026-01-30,000333,14:57:00,77.6300,39,1
2026-01-30,000333,15:00:00,77.5900,10541,4
2026-01-30,000333,13:16:57,78.7400,103,2
2026-01-30,000333,13:17:00,78.7600,43,2
2026-01-30,000333,13:17:03,78.7800,93,1
2026-01-30,000333,13:17:06,78.7700,17,4
2026-01-30,000333,13:17:09,78.7700,11,2
2026-01-30,000333,13:17:12,78.7000,801,2
2026-01-30,000333,13:17:15,78.7000,170,1
2026-01-30,000333,13:17:18,78.6800,23,2
2026-01-30,000333,13:17:21,78.7200,32,1
2026-01-30,000333,13:17:24,78.7100,10,1
2026-01-30,000333,13:17:27,78.6800,161,2
2026-01-30,000333,13:17:30,78.6400,28,2
2026-01-30,000333,13:17:33,78.6500,38,1
2026-01-30,000333,13:17:36,78.6500,68,1
2026-01-30,000333,13:17:39,78.6400,32,2
2026-01-30,000333,13:17:42,78.6500,2,4
2026-01-30,000333,13:17:45,78.6500,7,1
2026-01-30,000333,13:17:48,78.6400,64,2
2026-01-30,000333,13:17:51,78.6400,38,2
2026-01-30,000333,13:17:54,78.6500,29,4
2026-01-30,000333,13:17:57,78.6500,47,2
2026-01-30,000333,13:18:00,78.6400,151,2
2026-01-30,000333,13:18:03,78.6400,15,2
2026-01-30,000333,13:18:06,78.6400,170,2
2026-01-30,000333,13:18:09,78.6300,24,2
2026-01-30,000333,13:18:12,78.6300,26,2
2026-01-30,000333,13:18:15,78.6300,28,2
2026-01-30,000333,13:18:18,78.6300,27,2
2026-01-30,000333,13:18:21,78.6300,69,2
2026-01-30,000333,13:18:24,78.6300,36,2
2026-01-30,000333,13:18:27,78.6300,83,2
2026-01-30,000333,13:18:30,78.6300,82,2
2026-01-30,000333,13:18:33,78.6300,147,2
2026-01-30,000333,13:18:36,78.6200,63,2
2026-01-30,000333,13:18:39,78.6500,12,1
2026-01-30,000333,13:18:42,78.6200,41,2
2026-01-30,000333,13:18:45,78.6200,19,2
2026-01-30,000333,13:18:48,78.6300,85,1
2026-01-30,000333,13:18:51,78.6300,18,2
2026-01-30,000333,13:18:54,78.6400,11,1
2026-01-30,000333,13:18:57,78.6300,138,2
2026-01-30,000333,13:19:00,78.6200,50,2
2026-01-30,000333,13:19:03,78.6200,318,2
2026-01-30,000333,13:19:06,78.6100,38,2
2026-01-30,000333,13:19:09,78.6100,77,2
2026-01-30,000333,13:19:12,78.6000,36,2
2026-01-30,000333,13:19:15,78.6000,43,2
2026-01-30,000333,13:19:18,78.5900,92,2
2026-01-30,000333,13:19:21,78.5700,119,2
2026-01-30,000333,13:19:24,78.5500,124,2
2026-01-30,000333,13:19:27,78.5500,27,2
2026-01-30,000333,13:19:30,78.5500,56,2
2026-01-30,000333,13:19:33,78.5200,190,2
2026-01-30,000333,13:19:36,78.5100,144,2
2026-01-30,000333,13:19:39,78.4900,100,2
2026-01-30,000333,13:19:42,78.4700,525,2
2026-01-30,000333,13:19:45,78.4500,39,2
2026-01-30,000333,13:19:48,78.4300,176,2
2026-01-30,000333,13:19:51,78.4500,96,1
2026-01-30,000333,13:19:54,78.4500,39,2
2026-01-30,000333,13:19:57,78.4600,142,1
2026-01-30,000333,13:20:00,78.4600,49,1
2026-01-30,000333,13:20:03,78.5000,296,1
2026-01-30,000333,13:20:06,78.4900,82,2
2026-01-30,000333,13:20:09,78.5000,89,2
2026-01-30,000333,13:20:12,78.4900,160,2
2026-01-30,000333,13:20:15,78.4700,151,2
2026-01-30,000333,13:20:18,78.4700,219,2
2026-01-30,000333,13:20:21,78.4800,53,2
2026-01-30,000333,13:20:24,78.4600,31,2
2026-01-30,000333,13:20:27,78.4800,38,2
2026-01-30,000333,13:20:30,78.4900,45,1
2026-01-30,000333,13:20:33,78.4900,30,1
2026-01-30,000333,13:20:36,78.4900,123,1
2026-01-30,000333,13:20:39,78.5200,120,1
2026-01-30,000333,13:20:42,78.4800,91,2
2026-01-30,000333,13:20:45,78.4900,179,1
2026-01-30,000333,13:20:48,78.5000,2,1
2026-01-30,000333,13:20:51,78.4800,37,2
2026-01-30,000333,13:20:54,78.4800,42,2
2026-01-30,000333,13:20:57,78.4700,125,2
2026-01-30,000333,13:21:00,78.4700,65,2
2026-01-30,000333,13:21:03,78.4700,63,2
2026-01-30,000333,13:21:06,78.4600,68,2
2026-01-30,000333,13:21:09,78.4500,130,2
2026-01-30,000333,13:21:12,78.4600,21,1
2026-01-30,000333,13:21:15,78.4600,59,2
2026-01-30,000333,13:21:18,78.4500,28,2
2026-01-30,000333,13:21:21,78.4700,226,1
2026-01-30,000333,13:21:24,78.4700,25,2
2026-01-30,000333,13:21:27,78.4800,1,1
2026-01-30,000333,13:21:30,78.4800,94,1
2026-01-30,000333,13:21:33,78.4800,222,1
2026-01-30,000333,13:21:36,78.5000,56,1
2026-01-30,000333,13:21:39,78.5000,16,1
2026-01-30,000333,13:21:42,78.5100,9,1
2026-01-30,000333,13:21:45,78.5000,35,2
2026-01-30,000333,13:21:48,78.5100,257,1
2026-01-30,000333,13:21:51,78.5100,8,4
2026-01-30,000333,13:21:54,78.5000,16,2
2026-01-30,000333,13:21:57,78.5000,14,2
2026-01-30,000333,13:22:00,78.5000,114,2
2026-01-30,000333,13:22:03,78.4900,225,2
2026-01-30,000333,13:22:06,78.4600,163,2
2026-01-30,000333,13:22:09,78.4400,23,2
2026-01-30,000333,13:22:12,78.4100,63,2
2026-01-30,000333,13:22:15,78.3800,153,2
2026-01-30,000333,13:22:18,78.4000,200,1
2026-01-30,000333,13:22:21,78.4100,61,1
2026-01-30,000333,13:22:24,78.4100,52,2
2026-01-30,000333,13:22:27,78.4100,70,2
2026-01-30,000333,13:22:30,78.3900,555,2
2026-01-30,000333,13:22:33,78.3800,63,2
2026-01-30,000333,13:22:36,78.3700,155,1
2026-01-30,000333,13:22:39,78.3400,121,2
2026-01-30,000333,13:22:42,78.3400,302,2
2026-01-30,000333,13:22:45,78.3600,206,2
2026-01-30,000333,13:22:48,78.3300,161,2
2026-01-30,000333,13:22:51,78.3400,234,2
2026-01-30,000333,13:22:54,78.3500,21,2
2026-01-30,000333,13:22:57,78.3700,56,1
2026-01-30,000333,13:23:00,78.3800,393,1
2026-01-30,000333,13:23:03,78.3500,37,2
2026-01-30,000333,13:23:06,78.3400,131,2
2026-01-30,000333,13:23:09,78.3800,139,1
2026-01-30,000333,13:23:12,78.3700,50,2
2026-01-30,000333,13:23:15,78.3500,141,2
2026-01-30,000333,13:23:18,78.3300,174,2
2026-01-30,000333,13:23:21,78.3200,103,2
2026-01-30,000333,13:23:24,78.3300,35,1
2026-01-30,000333,13:23:27,78.3200,118,2
2026-01-30,000333,13:23:30,78.3500,129,1
2026-01-30,000333,13:23:33,78.3800,36,1
2026-01-30,000333,13:23:36,78.4200,32,1
2026-01-30,000333,13:23:39,78.4100,132,2
2026-01-30,000333,13:23:42,78.4100,68,2
2026-01-30,000333,13:23:45,78.4100,13,2
2026-01-30,000333,13:23:48,78.4300,167,1
2026-01-30,000333,13:23:51,78.4300,44,2
2026-01-30,000333,13:23:54,78.4300,8,2
2026-01-30,000333,13:23:57,78.4400,15,1
2026-01-30,000333,13:24:00,78.4400,29,1
2026-01-30,000333,13:24:03,78.4500,20,1
2026-01-30,000333,13:24:06,78.4400,24,2
2026-01-30,000333,13:24:09,78.4600,8,1
2026-01-30,000333,13:24:12,78.4400,38,2
2026-01-30,000333,13:24:15,78.4700,18,1
2026-01-30,000333,13:24:18,78.4600,9,2
2026-01-30,000333,13:24:21,78.4700,58,1
2026-01-30,000333,13:24:24,78.4600,129,2
2026-01-30,000333,13:24:27,78.4600,376,2
2026-01-30,000333,13:24:30,78.4600,182,2
2026-01-30,000333,13:24:33,78.4600,56,2
2026-01-30,000333,13:24:36,78.4700,32,1
2026-01-30,000333,13:24:39,78.4600,3,1
2026-01-30,000333,13:24:42,78.4400,40,2
2026-01-30,000333,13:24:45,78.4400,104,2
2026-01-30,000333,13:24:48,78.4400,46,2
2026-01-30,000333,13:24:51,78.4500,52,1
2026-01-30,000333,13:24:54,78.4400,11,2
2026-01-30,000333,13:24:57,78.4400,4,2
2026-01-30,000333,13:25:00,78.4400,36,2
2026-01-30,000333,13:25:03,78.4400,11,2
2026-01-30,000333,13:25:06,78.4500,85,1
2026-01-30,000333,13:25:09,78.4300,591,2
2026-01-30,000333,13:25:12,78.4300,12,2
2026-01-30,000333,13:25:15,78.4300,66,2
2026-01-30,000333,13:25:18,78.4300,53,2
2026-01-30,000333,13:25:21,78.4300,13,2
2026-01-30,000333,13:25:24,78.4200,47,2
2026-01-30,000333,13:25:27,78.4200,4,4
2026-01-30,000333,13:25:30,78.4200,61,2
2026-01-30,000333,13:25:33,78.4300,120,1
2026-01-30,000333,13:25:36,78.4100,29,2
2026-01-30,000333,13:25:39,78.3800,136,2
2026-01-30,000333,13:25:42,78.3500,25,2
2026-01-30,000333,13:25:45,78.3500,88,1
2026-01-30,000333,13:25:48,78.3000,206,2
2026-01-30,000333,13:25:51,78.3500,173,1
2026-01-30,000333,13:25:54,78.3400,38,4
2026-01-30,000333,13:25:57,78.3400,43,2
2026-01-30,000333,13:26:00,78.3600,87,1
2026-01-30,000333,13:26:03,78.3500,45,2
2026-01-30,000333,13:26:06,78.3600,44,1
2026-01-30,000333,13:26:09,78.3600,129,1
2026-01-30,000333,13:26:12,78.3600,18,1
2026-01-30,000333,13:26:15,78.3500,43,2
2026-01-30,000333,13:26:18,78.3500,43,2
2026-01-30,000333,13:26:21,78.3500,44,2
2026-01-30,000333,13:26:24,78.3400,83,2
2026-01-30,000333,13:26:27,78.3400,27,2
2026-01-30,000333,13:26:30,78.3400,59,2
2026-01-30,000333,13:26:33,78.3200,222,2
2026-01-30,000333,13:26:36,78.3200,17,2
2026-01-30,000333,13:26:39,78.3100,9,2
2026-01-30,000333,13:26:42,78.3100,16,2
2026-01-30,000333,13:26:45,78.3200,132,1
2026-01-30,000333,13:26:48,78.3200,17,1
2026-01-30,000333,13:26:51,78.3300,49,1
2026-01-30,000333,13:26:54,78.3200,6,2
2026-01-30,000333,13:26:57,78.3200,246,2
2026-01-30,000333,13:27:00,78.3200,119,4
2026-01-30,000333,13:27:03,78.3200,30,2
2026-01-30,000333,13:27:06,78.3000,39,2
2026-01-30,000333,13:27:09,78.3100,98,4
2026-01-30,000333,13:27:12,78.3200,24,1
2026-01-30,000333,13:27:15,78.3100,49,2
2026-01-30,000333,13:27:18,78.3100,12,2
2026-01-30,000333,13:27:21,78.3200,67,1
2026-01-30,000333,13:27:24,78.3300,21,1
2026-01-30,000333,13:27:27,78.3100,37,2
2026-01-30,000333,13:27:30,78.3300,43,1
2026-01-30,000333,13:27:33,78.3300,26,1
2026-01-30,000333,13:27:36,78.3100,46,2
2026-01-30,000333,13:27:39,78.3100,53,2
2026-01-30,000333,13:27:42,78.3100,16,2
2026-01-30,000333,13:27:45,78.3100,9,2
2026-01-30,000333,13:27:48,78.3200,25,1
2026-01-30,000333,13:27:51,78.3300,44,1
2026-01-30,000333,13:27:54,78.3200,26,2
2026-01-30,000333,13:27:57,78.3300,34,1
2026-01-30,000333,13:28:00,78.3200,39,2
2026-01-30,000333,13:28:03,78.3200,8,2
2026-01-30,000333,13:28:06,78.3200,63,2
2026-01-30,000333,13:28:09,78.3200,54,1
2026-01-30,000333,13:28:12,78.3200,28,1
2026-01-30,000333,13:28:15,78.3100,6,2
2026-01-30,000333,13:28:18,78.3100,65,2
2026-01-30,000333,13:28:21,78.3100,30,2
2026-01-30,000333,13:28:24,78.3200,38,1
2026-01-30,000333,13:28:27,78.3100,49,2
2026-01-30,000333,13:28:30,78.3100,65,2
2026-01-30,000333,13:28:33,78.3200,90,1
2026-01-30,000333,13:28:36,78.3300,78,1
2026-01-30,000333,13:28:39,78.3400,91,1
2026-01-30,000333,13:28:42,78.3300,29,4
2026-01-30,000333,13:28:45,78.3400,95,1
2026-01-30,000333,13:28:48,78.3500,74,1
2026-01-30,000333,13:28:51,78.3500,15,2
2026-01-30,000333,13:28:54,78.3900,51,1
2026-01-30,000333,13:28:57,78.4100,41,1
2026-01-30,000333,13:29:00,78.4000,118,1
2026-01-30,000333,13:29:03,78.4000,114,2
2026-01-30,000333,13:29:06,78.4100,78,2
2026-01-30,000333,13:29:09,78.4300,673,2
2026-01-30,000333,13:29:12,78.4000,24,2
2026-01-30,000333,13:29:15,78.4000,84,2
2026-01-30,000333,13:29:18,78.3900,32,1
2026-01-30,000333,13:29:21,78.3800,31,2
2026-01-30,000333,13:29:24,78.3500,256,2
2026-01-30,000333,13:29:27,78.3300,12,2
2026-01-30,000333,13:29:30,78.3300,50,2
2026-01-30,000333,13:29:33,78.3100,43,2
2026-01-30,000333,13:29:36,78.3000,74,2
2026-01-30,000333,13:29:39,78.2900,25,2
2026-01-30,000333,13:29:42,78.3100,11,1
2026-01-30,000333,13:29:45,78.2900,24,2
2026-01-30,000333,13:29:48,78.3100,55,1
2026-01-30,000333,13:29:51,78.3300,58,1
2026-01-30,000333,13:29:54,78.3100,33,2
2026-01-30,000333,13:29:57,78.3200,37,1
2026-01-30,000333,13:30:00,78.3200,53,4
2026-01-30,000333,13:30:03,78.3400,39,1
2026-01-30,000333,13:30:06,78.3400,41,2
2026-01-30,000333,13:30:09,78.3400,29,2
2026-01-30,000333,13:30:12,78.3400,22,2
2026-01-30,000333,13:30:15,78.3400,34,2
2026-01-30,000333,13:30:18,78.3400,57,2
2026-01-30,000333,13:30:21,78.3600,12,1
2026-01-30,000333,13:30:24,78.3500,38,2
2026-01-30,000333,13:30:27,78.3500,66,2
2026-01-30,000333,13:30:30,78.3500,22,4
2026-01-30,000333,13:30:33,78.3400,69,2
2026-01-30,000333,13:30:36,78.3400,179,2
2026-01-30,000333,13:30:39,78.3400,117,2
2026-01-30,000333,13:30:42,78.3300,220,2
2026-01-30,000333,13:30:45,78.3300,12,2
2026-01-30,000333,13:30:48,78.3400,18,1
2026-01-30,000333,13:30:51,78.3400,183,1
2026-01-30,000333,13:30:54,78.3300,7,2
2026-01-30,000333,13:30:57,78.3300,41,2
2026-01-30,000333,13:31:00,78.3400,46,1
2026-01-30,000333,13:31:03,78.3400,13,1
2026-01-30,000333,13:31:06,78.3300,39,2
2026-01-30,000333,13:31:09,78.3400,56,1
2026-01-30,000333,13:31:12,78.3300,59,2
2026-01-30,000333,13:31:15,78.3300,156,2
2026-01-30,000333,13:31:18,78.2400,1017,2
2026-01-30,000333,13:31:21,78.2400,147,2
2026-01-30,000333,13:31:24,78.2200,105,2
2026-01-30,000333,13:31:27,78.2500,35,1
2026-01-30,000333,13:31:30,78.2500,8,2
2026-01-30,000333,13:31:33,78.2600,109,1
2026-01-30,000333,13:31:36,78.2800,2,1
2026-01-30,000333,13:31:39,78.2700,20,1
2026-01-30,000333,13:31:42,78.2500,12,2
2026-01-30,000333,13:31:45,78.2600,17,2
2026-01-30,000333,13:31:48,78.2600,80,2
2026-01-30,000333,13:31:51,78.2900,27,1
2026-01-30,000333,13:31:54,78.2900,7,2
2026-01-30,000333,13:31:57,78.3000,17,1
2026-01-30,000333,13:32:00,78.3000,17,2
2026-01-30,000333,13:32:03,78.3000,25,2
2026-01-30,000333,13:32:06,78.3200,74,1
2026-01-30,000333,13:32:09,78.3200,14,1
2026-01-30,000333,13:32:12,78.3200,20,1
2026-01-30,000333,13:32:15,78.3200,20,1
2026-01-30,000333,13:32:18,78.3100,38,2
2026-01-30,000333,13:32:21,78.3200,14,4
2026-01-30,000333,13:32:24,78.3100,319,2
2026-01-30,000333,13:32:27,78.2900,253,2
2026-01-30,000333,13:32:30,78.2900,107,2
2026-01-30,000333,13:32:33,78.2800,67,2
2026-01-30,000333,13:32:36,78.2800,16,2
2026-01-30,000333,13:32:39,78.2800,30,2
2026-01-30,000333,13:32:42,78.2900,8,1
2026-01-30,000333,13:32:45,78.2800,13,2
2026-01-30,000333,13:32:48,78.2800,111,2
2026-01-30,000333,13:32:51,78.2700,244,2
2026-01-30,000333,13:32:54,78.2700,184,2
2026-01-30,000333,13:32:57,78.2700,34,2
2026-01-30,000333,13:33:00,78.2700,34,1
2026-01-30,000333,13:33:03,78.2600,19,2
2026-01-30,000333,13:33:06,78.2400,29,2
2026-01-30,000333,13:33:09,78.2200,33,2
2026-01-30,000333,13:33:12,78.2100,300,2
2026-01-30,000333,13:33:15,78.2000,225,2
2026-01-30,000333,13:33:18,78.2000,80,2
2026-01-30,000333,13:33:21,78.2000,23,1
2026-01-30,000333,13:33:24,78.2000,18,1
2026-01-30,000333,13:33:27,78.1800,54,2
2026-01-30,000333,13:33:30,78.1900,120,4
2026-01-30,000333,13:33:33,78.2100,106,2
2026-01-30,000333,13:33:36,78.2300,17,1
2026-01-30,000333,13:33:39,78.2200,61,4
2026-01-30,000333,13:33:42,78.2300,17,1
2026-01-30,000333,13:33:45,78.2200,142,2
2026-01-30,000333,13:33:48,78.2200,28,2
2026-01-30,000333,13:33:51,78.2100,170,2
2026-01-30,000333,13:33:54,78.2100,54,2
2026-01-30,000333,13:33:57,78.2000,16,2
2026-01-30,000333,13:34:00,78.2000,119,2
2026-01-30,000333,13:34:03,78.2000,25,1
2026-01-30,000333,13:34:06,78.1900,13,2
2026-01-30,000333,13:34:09,78.1900,35,2
2026-01-30,000333,13:34:12,78.1900,17,1
2026-01-30,000333,13:34:15,78.1900,49,1
2026-01-30,000333,13:34:18,78.1900,15,2
2026-01-30,000333,13:34:21,78.2000,250,1
2026-01-30,000333,13:34:24,78.1900,47,2
2026-01-30,000333,13:34:27,78.1900,15,2
2026-01-30,000333,13:34:30,78.2000,32,1
2026-01-30,000333,13:34:33,78.2000,21,1
2026-01-30,000333,13:34:36,78.1900,28,2
2026-01-30,000333,13:34:39,78.2000,10,4
2026-01-30,000333,13:34:42,78.2000,9,2
2026-01-30,000333,13:34:45,78.2200,65,1
2026-01-30,000333,13:34:48,78.2200,40,1
2026-01-30,000333,13:34:51,78.2100,49,2
2026-01-30,000333,13:34:54,78.2300,19,1
2026-01-30,000333,13:34:57,78.2200,19,2
2026-01-30,000333,13:35:00,78.2300,37,1
2026-01-30,000333,13:35:03,78.2300,49,1
2026-01-30,000333,13:35:06,78.2200,22,2
2026-01-30,000333,13:35:09,78.2200,28,2
2026-01-30,000333,13:35:12,78.2300,97,1
2026-01-30,000333,13:35:15,78.1500,1323,2
2026-01-30,000333,13:35:18,78.1400,110,2
2026-01-30,000333,13:35:21,78.1600,37,1
2026-01-30,000333,13:35:24,78.1500,18,1
2026-01-30,000333,13:35:27,78.1300,19,2
2026-01-30,000333,13:35:30,78.1300,31,2
2026-01-30,000333,13:35:33,78.1300,19,2
2026-01-30,000333,13:35:36,78.1400,26,1
2026-01-30,000333,13:35:39,78.1300,99,2
2026-01-30,000333,13:35:42,78.1400,31,1
2026-01-30,000333,13:35:45,78.1400,36,2
2026-01-30,000333,13:35:48,78.1400,21,2
2026-01-30,000333,13:35:51,78.1500,55,1
2026-01-30,000333,13:35:54,78.1500,38,1
2026-01-30,000333,13:35:57,78.1400,33,2
2026-01-30,000333,13:36:00,78.1500,46,1
2026-01-30,000333,13:36:03,78.1700,52,1
2026-01-30,000333,13:36:06,78.1700,70,1
2026-01-30,000333,13:36:09,78.1700,62,1
2026-01-30,000333,13:36:12,78.1800,5,4
2026-01-30,000333,13:36:15,78.1800,9,2
2026-01-30,000333,13:36:18,78.1900,32,1
2026-01-30,000333,13:36:21,78.1800,118,2
2026-01-30,000333,13:36:24,78.1900,63,1
2026-01-30,000333,13:36:27,78.1900,157,1
2026-01-30,000333,13:36:30,78.1700,589,2
2026-01-30,000333,13:36:33,78.1500,68,2
2026-01-30,000333,13:36:36,78.1500,49,2
2026-01-30,000333,13:36:39,78.1600,33,1
2026-01-30,000333,13:36:42,78.1400,48,2
2026-01-30,000333,13:36:45,78.1300,80,2
2026-01-30,000333,13:36:48,78.1300,71,2
2026-01-30,000333,13:36:51,78.1200,15,2
2026-01-30,000333,13:36:54,78.1200,289,2
2026-01-30,000333,13:36:57,78.1100,46,2
2026-01-30,000333,13:37:00,78.1200,33,1
2026-01-30,000333,13:37:03,78.1200,82,1
2026-01-30,000333,13:37:06,78.1200,133,1
2026-01-30,000333,13:37:09,78.1100,35,2
2026-01-30,000333,13:37:12,78.1100,84,2
2026-01-30,000333,13:37:15,78.1200,57,1
2026-01-30,000333,13:37:18,78.1100,247,2
2026-01-30,000333,13:37:21,78.1100,60,2
2026-01-30,000333,13:37:24,78.1100,38,2
2026-01-30,000333,13:37:27,78.1100,30,1
2026-01-30,000333,13:37:30,78.1200,48,1
2026-01-30,000333,13:37:33,78.1200,44,1
2026-01-30,000333,13:37:36,78.1100,11,2
2026-01-30,000333,13:37:39,78.1200,27,1
2026-01-30,000333,13:37:42,78.1100,10,2
2026-01-30,000333,13:37:45,78.1100,51,2
2026-01-30,000333,13:37:48,78.1200,31,1
2026-01-30,000333,13:37:51,78.1100,22,2
2026-01-30,000333,13:37:54,78.1100,87,2
2026-01-30,000333,13:37:57,78.1300,153,1
2026-01-30,000333,13:38:00,78.1500,17,1
2026-01-30,000333,13:38:03,78.1500,53,1
2026-01-30,000333,13:38:06,78.1400,17,2
2026-01-30,000333,13:38:09,78.1500,42,1
2026-01-30,000333,13:38:12,78.1400,30,2
2026-01-30,000333,13:38:15,78.1500,363,4
2026-01-30,000333,13:38:18,78.1400,238,2
2026-01-30,000333,13:38:21,78.1400,209,2
2026-01-30,000333,13:38:24,78.1400,157,1
2026-01-30,000333,13:38:27,78.1400,54,1
2026-01-30,000333,13:38:30,78.1400,37,1
2026-01-30,000333,13:38:33,78.1400,36,1
2026-01-30,000333,13:38:36,78.1500,30,1
2026-01-30,000333,13:38:39,78.1300,26,2
2026-01-30,000333,13:38:42,78.1300,61,2
2026-01-30,000333,13:38:45,78.1400,24,1
2026-01-30,000333,13:38:48,78.1400,8,2
2026-01-30,000333,13:38:51,78.1400,83,2
2026-01-30,000333,13:38:54,78.1000,558,2
2026-01-30,000333,13:38:57,78.1000,253,2
2026-01-30,000333,13:39:00,78.0900,138,2
2026-01-30,000333,13:39:03,78.0800,134,2
2026-01-30,000333,13:39:06,78.0800,147,2
2026-01-30,000333,13:39:09,78.0700,41,2
2026-01-30,000333,13:39:12,78.0700,32,2
2026-01-30,000333,13:39:15,78.0700,71,2
2026-01-30,000333,13:39:18,78.0800,191,1
2026-01-30,000333,13:39:21,78.0700,49,2
2026-01-30,000333,13:39:24,78.0700,70,2
2026-01-30,000333,13:39:27,78.0700,75,2
2026-01-30,000333,13:39:30,78.0700,46,4
2026-01-30,000333,13:39:33,78.0900,101,1
2026-01-30,000333,13:39:36,78.0900,49,1
2026-01-30,000333,13:39:39,78.0900,17,1
2026-01-30,000333,13:39:42,78.0900,6,1
2026-01-30,000333,13:39:45,78.0900,27,1
2026-01-30,000333,13:39:48,78.0900,42,1
2026-01-30,000333,13:39:51,78.0900,9,2
2026-01-30,000333,13:39:54,78.0900,17,2
2026-01-30,000333,13:39:57,78.1100,117,1
2026-01-30,000333,13:40:00,78.1000,36,4
2026-01-30,000333,13:40:03,78.1000,27,1
2026-01-30,000333,13:40:06,78.1000,27,1
2026-01-30,000333,13:40:09,78.1000,82,1
2026-01-30,000333,13:40:12,78.1000,27,1
2026-01-30,000333,13:40:15,78.1000,76,1
2026-01-30,000333,13:40:18,78.0800,48,2
2026-01-30,000333,13:40:21,78.0700,366,2
2026-01-30,000333,13:40:24,78.0600,73,2
2026-01-30,000333,13:40:27,78.0600,38,2
2026-01-30,000333,13:40:30,78.0600,27,2
2026-01-30,000333,13:40:33,78.0600,50,2
2026-01-30,000333,13:40:36,78.0600,35,2
2026-01-30,000333,13:40:39,78.0600,26,2
2026-01-30,000333,13:40:42,78.0600,18,2
2026-01-30,000333,13:40:45,78.0700,44,1
2026-01-30,000333,13:40:48,78.0700,61,1
2026-01-30,000333,13:40:51,78.0800,45,1
2026-01-30,000333,13:40:54,78.0800,69,1
2026-01-30,000333,13:40:57,78.0700,379,2
2026-01-30,000333,13:41:00,78.0800,29,1
2026-01-30,000333,13:41:03,78.0900,53,1
2026-01-30,000333,13:41:06,78.0900,49,2
2026-01-30,000333,13:41:09,78.0900,416,2
2026-01-30,000333,13:41:12,78.1100,101,1
2026-01-30,000333,13:41:15,78.1100,18,1
2026-01-30,000333,13:41:18,78.1200,44,1
2026-01-30,000333,13:41:21,78.1200,27,2
2026-01-30,000333,13:41:24,78.1300,229,1
2026-01-30,000333,13:41:27,78.1300,94,1
2026-01-30,000333,13:41:30,78.1300,17,1
2026-01-30,000333,13:41:33,78.1200,486,2
2026-01-30,000333,13:41:36,78.1000,202,2
2026-01-30,000333,13:41:39,78.0900,125,2
2026-01-30,000333,13:41:42,78.0800,87,2
2026-01-30,000333,13:41:45,78.0500,359,2
2026-01-30,000333,13:41:48,78.0400,1874,2
2026-01-30,000333,13:41:51,78.0400,118,1
2026-01-30,000333,13:41:54,78.0800,17,1
2026-01-30,000333,13:41:57,78.0800,157,1
2026-01-30,000333,13:42:00,78.0600,52,2
2026-01-30,000333,13:42:03,78.0800,33,1
2026-01-30,000333,13:42:06,78.0800,8,1
2026-01-30,000333,13:42:09,78.0900,31,1
2026-01-30,000333,13:42:12,78.0700,137,2
2026-01-30,000333,13:42:15,78.0600,192,2
2026-01-30,000333,13:42:18,78.0600,199,1
2026-01-30,000333,13:42:21,78.0600,28,2
2026-01-30,000333,13:42:24,78.0400,38,2
2026-01-30,000333,13:42:27,78.0300,33,2
2026-01-30,000333,13:42:30,78.0400,13,1
2026-01-30,000333,13:42:33,78.0200,37,2
2026-01-30,000333,13:42:36,78.0100,44,2
2026-01-30,000333,13:42:39,78.0200,61,1
2026-01-30,000333,13:42:42,78.0200,63,2
2026-01-30,000333,13:42:45,78.0200,42,2
2026-01-30,000333,13:42:48,78.0100,27,2
2026-01-30,000333,13:42:51,78.0000,21,2
2026-01-30,000333,13:42:54,78.0000,47,2
2026-01-30,000333,13:42:57,78.0000,74,2
2026-01-30,000333,13:43:00,78.0100,82,4
2026-01-30,000333,13:43:03,78.0000,16,2
2026-01-30,000333,13:43:06,77.9900,151,2
2026-01-30,000333,13:43:09,77.9900,207,2
2026-01-30,000333,13:43:12,77.9900,73,2
2026-01-30,000333,13:43:15,77.9500,175,2
2026-01-30,000333,13:43:18,77.9400,40,2
2026-01-30,000333,13:43:21,77.9600,13,2
2026-01-30,000333,13:43:24,78.0000,63,1
2026-01-30,000333,13:43:27,77.9600,4,2
2026-01-30,000333,13:43:30,78.0000,138,1
2026-01-30,000333,13:43:33,78.0000,70,1
2026-01-30,000333,13:43:36,78.0100,30,1
2026-01-30,000333,13:43:39,77.9900,25,2
2026-01-30,000333,13:43:42,78.0100,107,1
2026-01-30,000333,13:43:45,78.0100,48,1
2026-01-30,000333,13:43:48,78.0100,34,1
2026-01-30,000333,13:43:51,78.0000,27,2
2026-01-30,000333,13:43:54,78.0100,15,2
2026-01-30,000333,13:43:57,78.0100,320,2
2026-01-30,000333,13:44:00,78.0100,27,1
2026-01-30,000333,13:44:03,78.0000,175,2
2026-01-30,000333,13:44:06,78.0000,56,2
2026-01-30,000333,13:44:09,78.0000,69,2
2026-01-30,000333,13:44:12,78.0000,44,2
2026-01-30,000333,13:44:15,78.0000,6,2
2026-01-30,000333,13:44:18,78.0100,75,1
2026-01-30,000333,13:44:21,78.0100,27,1
2026-01-30,000333,13:44:24,78.0100,67,1
2026-01-30,000333,13:44:27,78.0000,19,2
2026-01-30,000333,13:44:30,77.9900,35,2
2026-01-30,000333,13:44:33,77.9900,11,2
2026-01-30,000333,13:44:36,78.0000,7,1
2026-01-30,000333,13:44:39,77.9900,35,2
2026-01-30,000333,13:44:42,77.9900,24,2
2026-01-30,000333,13:44:45,78.0000,6,1
2026-01-30,000333,13:44:48,78.0000,119,1
2026-01-30,000333,13:44:51,77.9900,72,2
2026-01-30,000333,13:44:54,77.9900,12,2
2026-01-30,000333,13:44:57,78.0000,267,1
2026-01-30,000333,13:45:00,77.9900,156,2
2026-01-30,000333,13:45:03,77.9700,271,2
2026-01-30,000333,13:45:06,77.9500,76,2
2026-01-30,000333,13:45:09,77.9400,45,2
2026-01-30,000333,13:45:12,77.9500,49,1
2026-01-30,000333,13:45:15,77.9500,115,1
2026-01-30,000333,13:45:18,77.9500,33,1
2026-01-30,000333,13:45:21,77.9400,24,2
2026-01-30,000333,13:45:24,77.9500,20,1
2026-01-30,000333,13:45:27,77.9500,15,1
2026-01-30,000333,13:45:30,77.9300,27,2
2026-01-30,000333,13:45:33,77.9300,24,2
2026-01-30,000333,13:45:36,77.9300,293,2
2026-01-30,000333,13:45:39,77.9100,89,2
2026-01-30,000333,13:45:42,77.9100,51,1
2026-01-30,000333,13:45:45,77.9100,16,1
2026-01-30,000333,13:45:48,77.9100,117,1
2026-01-30,000333,13:45:51,77.9200,28,1
2026-01-30,000333,13:45:54,77.9100,86,2
2026-01-30,000333,13:45:57,77.9100,99,2
2026-01-30,000333,13:46:00,77.9000,81,2
2026-01-30,000333,13:46:03,77.9100,56,1
2026-01-30,000333,13:46:06,77.9100,90,1
2026-01-30,000333,13:46:09,77.9100,90,1
2026-01-30,000333,13:46:12,77.9000,78,2
2026-01-30,000333,13:46:15,77.9000,213,2
2026-01-30,000333,13:46:18,77.9100,207,1
2026-01-30,000333,13:46:21,77.8900,103,2
2026-01-30,000333,13:46:24,77.9100,70,4
2026-01-30,000333,13:46:27,77.9000,31,2
2026-01-30,000333,13:46:30,77.9100,47,1
2026-01-30,000333,13:46:33,77.9100,89,1
2026-01-30,000333,13:46:36,77.9100,43,4
2026-01-30,000333,13:46:39,77.9000,88,2
2026-01-30,000333,13:46:42,77.9100,155,1
2026-01-30,000333,13:46:45,77.8900,146,2
2026-01-30,000333,13:46:48,77.8800,622,2
2026-01-30,000333,13:46:51,77.8900,334,1
2026-01-30,000333,13:46:54,77.8500,70,2
2026-01-30,000333,13:46:57,77.8400,138,2
2026-01-30,000333,13:47:00,77.8400,99,1
2026-01-30,000333,13:47:03,77.8400,23,1
2026-01-30,000333,13:47:06,77.8300,58,2
2026-01-30,000333,13:47:09,77.8400,113,1
2026-01-30,000333,13:47:12,77.8200,39,2
2026-01-30,000333,13:47:15,77.8300,30,1
2026-01-30,000333,13:47:18,77.8200,42,2
2026-01-30,000333,13:47:21,77.8300,53,4
2026-01-30,000333,13:47:24,77.8300,169,2
2026-01-30,000333,13:47:27,77.8400,340,1
2026-01-30,000333,13:47:30,77.8300,119,1
2026-01-30,000333,13:47:33,77.8500,151,1
2026-01-30,000333,13:47:36,77.8300,23,4
2026-01-30,000333,13:47:39,77.8200,61,2
2026-01-30,000333,13:47:42,77.8300,20,1
2026-01-30,000333,13:47:45,77.8500,142,1
2026-01-30,000333,13:47:48,77.8400,36,2
2026-01-30,000333,13:47:51,77.8400,118,2
2026-01-30,000333,13:47:54,77.8500,82,1
2026-01-30,000333,13:47:57,77.8500,56,1
2026-01-30,000333,13:48:00,77.8500,23,2
2026-01-30,000333,13:48:03,77.8600,141,1
2026-01-30,000333,13:48:06,77.8500,62,2
2026-01-30,000333,13:48:09,77.8500,40,2
2026-01-30,000333,13:48:12,77.8600,68,1
2026-01-30,000333,13:48:15,77.8600,75,1
2026-01-30,000333,13:48:18,77.8600,3,2
2026-01-30,000333,13:48:21,77.8600,29,2
2026-01-30,000333,13:48:24,77.8700,10,1
2026-01-30,000333,13:48:27,77.8600,14,2
2026-01-30,000333,13:48:30,77.8600,47,2
2026-01-30,000333,13:48:33,77.8700,143,1
2026-01-30,000333,13:48:36,77.8700,63,1
2026-01-30,000333,13:48:39,77.8600,843,2
2026-01-30,000333,13:48:42,77.8400,59,2
2026-01-30,000333,13:48:45,77.8200,29,2
2026-01-30,000333,13:48:48,77.8200,51,2
2026-01-30,000333,13:48:51,77.8300,58,1
2026-01-30,000333,13:48:54,77.8100,44,2
2026-01-30,000333,13:48:57,77.8200,34,1
2026-01-30,000333,13:49:00,77.8200,75,1
2026-01-30,000333,13:49:03,77.8100,166,2
2026-01-30,000333,13:49:06,77.8100,196,2
2026-01-30,000333,13:49:09,77.8100,14,2
2026-01-30,000333,13:49:12,77.8100,32,2
2026-01-30,000333,13:49:15,77.8100,10,2
2026-01-30,000333,13:49:18,77.8100,53,2
2026-01-30,000333,13:49:21,77.8200,169,1
2026-01-30,000333,13:49:24,77.8100,27,2
2026-01-30,000333,13:49:27,77.8200,33,1
2026-01-30,000333,13:49:30,77.8300,169,1
2026-01-30,000333,13:49:33,77.8400,169,1
2026-01-30,000333,13:49:36,77.8400,93,4
2026-01-30,000333,13:49:39,77.8400,34,2
2026-01-30,000333,13:49:42,77.8400,39,2
2026-01-30,000333,13:49:45,77.8700,70,1
2026-01-30,000333,13:49:48,77.9300,742,1
2026-01-30,000333,13:49:51,77.9300,120,1
2026-01-30,000333,13:49:54,77.9300,47,2
2026-01-30,000333,13:49:57,77.9300,49,2
2026-01-30,000333,13:50:00,77.9400,14,1
2026-01-30,000333,13:50:03,77.9400,76,1
2026-01-30,000333,13:50:06,77.9500,29,1
2026-01-30,000333,13:50:09,77.9500,12,1
2026-01-30,000333,13:50:12,77.9500,71,1
2026-01-30,000333,13:50:15,77.9500,34,2
2026-01-30,000333,13:50:18,77.9600,135,1
2026-01-30,000333,13:50:21,77.9600,164,1
2026-01-30,000333,13:50:24,77.9700,33,1
2026-01-30,000333,13:50:27,77.9600,43,2
2026-01-30,000333,13:50:30,77.9500,758,2
2026-01-30,000333,13:50:33,77.9500,96,2
2026-01-30,000333,13:50:36,77.9500,74,1
2026-01-30,000333,13:50:39,77.9200,180,2
2026-01-30,000333,13:50:42,77.9100,28,2
2026-01-30,000333,13:50:45,77.9300,50,1
2026-01-30,000333,13:50:48,77.9200,71,1
2026-01-30,000333,13:50:51,77.9200,37,1
2026-01-30,000333,13:50:54,77.9100,53,4
2026-01-30,000333,13:50:57,77.9200,184,1
2026-01-30,000333,13:51:00,77.9200,24,1
2026-01-30,000333,13:51:03,77.9200,14,1
2026-01-30,000333,13:51:06,77.9100,22,2
2026-01-30,000333,13:51:09,77.9200,56,1
2026-01-30,000333,13:51:12,77.9100,19,2
2026-01-30,000333,13:51:15,77.8900,279,2
2026-01-30,000333,13:51:18,77.8800,201,2
2026-01-30,000333,13:51:21,77.9000,49,1
2026-01-30,000333,13:51:24,77.8900,27,1
2026-01-30,000333,13:51:27,77.8900,28,1
2026-01-30,000333,13:51:30,77.8900,17,4
2026-01-30,000333,13:51:33,77.8900,32,2
2026-01-30,000333,13:51:36,77.8900,111,2
2026-01-30,000333,13:51:39,77.9000,51,1
2026-01-30,000333,13:51:42,77.9000,64,1
2026-01-30,000333,13:51:45,77.9000,48,1
2026-01-30,000333,13:51:48,77.9000,49,1
2026-01-30,000333,13:51:51,77.9000,16,2
2026-01-30,000333,13:51:54,77.9100,30,1
2026-01-30,000333,13:51:57,77.8900,217,2
2026-01-30,000333,13:52:00,77.9000,80,1
2026-01-30,000333,13:52:03,77.9000,24,1
2026-01-30,000333,13:52:06,77.9000,19,4
2026-01-30,000333,13:52:09,77.9000,103,2
2026-01-30,000333,13:52:12,77.9100,13,4
2026-01-30,000333,13:52:15,77.9100,27,2
2026-01-30,000333,13:52:18,77.9200,182,1
2026-01-30,000333,13:52:21,77.9200,44,1
2026-01-30,000333,13:52:24,77.9100,10,2
2026-01-30,000333,13:52:27,77.9100,98,2
2026-01-30,000333,13:52:30,77.9100,58,2
2026-01-30,000333,13:52:33,77.9200,7,1
2026-01-30,000333,13:52:36,77.9100,83,2
2026-01-30,000333,13:52:39,77.9000,16,2
2026-01-30,000333,13:52:42,77.9000,81,2
2026-01-30,000333,13:52:45,77.9100,108,1
2026-01-30,000333,13:52:48,77.9300,154,1
2026-01-30,000333,13:52:51,77.9300,139,1
2026-01-30,000333,13:52:54,77.9800,112,1
2026-01-30,000333,13:52:57,77.9800,23,1
2026-01-30,000333,13:53:00,77.9900,56,1
2026-01-30,000333,13:53:03,78.0000,168,1
2026-01-30,000333,13:53:06,78.0100,14,1
2026-01-30,000333,13:53:09,78.0100,27,1
2026-01-30,000333,13:53:12,78.0000,38,2
2026-01-30,000333,13:53:15,78.0100,8,1
2026-01-30,000333,13:53:18,77.9800,784,2
2026-01-30,000333,13:53:21,77.9600,18,2
2026-01-30,000333,13:53:24,77.9400,19,2
2026-01-30,000333,13:53:27,77.9400,61,1
2026-01-30,000333,13:53:30,77.9400,17,1
2026-01-30,000333,13:53:33,77.9200,19,2
2026-01-30,000333,13:53:36,77.9100,33,2
2026-01-30,000333,13:53:39,77.9000,16,2
2026-01-30,000333,13:53:42,77.9200,62,1
2026-01-30,000333,13:53:45,77.9000,8,2
2026-01-30,000333,13:53:48,77.9100,15,2
2026-01-30,000333,13:53:51,77.9200,108,1
2026-01-30,000333,13:53:54,77.9200,73,2
2026-01-30,000333,13:53:57,77.9100,69,2
2026-01-30,000333,13:54:00,77.9300,7,1
2026-01-30,000333,13:54:03,77.9300,29,1
2026-01-30,000333,13:54:06,77.9300,19,1
2026-01-30,000333,13:54:09,77.9200,14,2
2026-01-30,000333,13:54:12,77.9300,148,1
2026-01-30,000333,13:54:15,77.9400,3,1
2026-01-30,000333,13:54:18,77.9400,37,1
2026-01-30,000333,13:54:21,77.9400,63,1
2026-01-30,000333,13:54:24,77.9400,39,2
2026-01-30,000333,13:54:27,77.9300,39,2
2026-01-30,000333,13:54:30,77.9200,677,2
2026-01-30,000333,13:54:33,77.9200,22,1
2026-01-30,000333,13:54:36,77.9000,7,2
2026-01-30,000333,13:54:39,77.9100,29,1
2026-01-30,000333,13:54:42,77.9000,35,2
2026-01-30,000333,13:54:45,77.9000,73,2
2026-01-30,000333,13:54:48,77.9000,37,2
2026-01-30,000333,13:54:51,77.9000,28,2
2026-01-30,000333,13:54:54,77.9000,1,2
2026-01-30,000333,13:54:57,77.9100,66,1
2026-01-30,000333,13:55:00,77.9100,56,1
2026-01-30,000333,13:55:03,77.9000,26,2
2026-01-30,000333,13:55:06,77.9100,17,1
2026-01-30,000333,13:55:09,77.9000,13,2
2026-01-30,000333,13:55:12,77.9000,9,2
2026-01-30,000333,13:55:15,77.9100,16,1
2026-01-30,000333,13:55:18,77.9100,67,1
2026-01-30,000333,13:55:21,77.9100,42,2
2026-01-30,000333,13:55:24,77.9000,97,2
2026-01-30,000333,13:55:27,77.9000,11,2
2026-01-30,000333,13:55:30,77.9100,9,1
2026-01-30,000333,13:55:33,77.9000,21,2
2026-01-30,000333,13:55:36,77.9100,24,1
2026-01-30,000333,13:55:39,77.9000,3,2
2026-01-30,000333,13:55:42,77.9100,63,1
2026-01-30,000333,13:55:45,77.9300,49,1
2026-01-30,000333,13:55:48,77.9400,28,1
2026-01-30,000333,13:55:51,77.9600,142,1
2026-01-30,000333,13:55:54,77.9700,62,1
2026-01-30,000333,13:55:57,77.9700,59,1
2026-01-30,000333,13:56:00,77.9900,61,1
2026-01-30,000333,13:56:03,78.0100,44,1
2026-01-30,000333,13:56:06,78.0100,55,1
2026-01-30,000333,13:56:09,78.0000,93,4
2026-01-30,000333,13:56:12,78.0300,137,1
2026-01-30,000333,13:56:15,78.0400,29,1
2026-01-30,000333,13:56:18,78.0100,73,2
2026-01-30,000333,13:56:21,78.0300,48,1
2026-01-30,000333,13:56:24,78.0200,45,2
2026-01-30,000333,13:56:27,78.0200,22,2
2026-01-30,000333,13:56:30,78.0200,20,2
2026-01-30,000333,13:56:33,78.0200,42,2
2026-01-30,000333,13:56:36,78.0200,86,1
2026-01-30,000333,13:56:39,78.0100,92,2
2026-01-30,000333,13:56:42,77.9900,692,2
2026-01-30,000333,13:56:45,77.9800,77,2
2026-01-30,000333,13:56:48,77.9600,67,2
2026-01-30,000333,13:56:51,77.9600,51,1
2026-01-30,000333,13:56:54,77.9200,27,2
2026-01-30,000333,13:56:57,77.9400,165,2
2026-01-30,000333,13:57:00,77.9400,46,2
2026-01-30,000333,13:57:03,77.9500,29,1
2026-01-30,000333,13:57:06,77.9500,22,1
2026-01-30,000333,13:57:09,77.9600,13,4
2026-01-30,000333,13:57:12,77.9600,54,1
2026-01-30,000333,13:57:15,77.9400,33,2
2026-01-30,000333,13:57:18,77.9600,70,1
2026-01-30,000333,13:57:21,77.9600,8,1
2026-01-30,000333,13:57:24,77.9600,33,1
2026-01-30,000333,13:57:27,77.9500,8,1
2026-01-30,000333,13:57:30,77.9600,32,1
2026-01-30,000333,13:57:33,77.9600,28,2
2026-01-30,000333,13:57:36,77.9700,48,1
2026-01-30,000333,13:57:39,77.9700,63,2
2026-01-30,000333,13:57:42,77.9700,48,2
2026-01-30,000333,13:57:45,77.9800,8,1
2026-01-30,000333,13:57:48,77.9700,72,2
2026-01-30,000333,13:57:51,77.9700,69,2
2026-01-30,000333,13:57:54,77.9800,37,1
2026-01-30,000333,13:57:57,77.9700,38,2
2026-01-30,000333,13:58:00,77.9800,114,1
2026-01-30,000333,13:58:03,77.9900,90,1
2026-01-30,000333,13:58:06,77.9800,50,2
2026-01-30,000333,13:58:09,77.9800,50,1
2026-01-30,000333,13:58:12,77.9800,13,2
2026-01-30,000333,13:58:15,77.9900,186,1
2026-01-30,000333,13:58:18,77.9600,640,2
2026-01-30,000333,13:58:21,77.9400,104,2
2026-01-30,000333,13:58:24,77.9100,54,2
2026-01-30,000333,13:58:27,77.9200,107,4
2026-01-30,000333,13:58:30,77.9200,96,2
2026-01-30,000333,13:58:33,77.9100,23,2
2026-01-30,000333,13:58:36,77.8900,212,2
2026-01-30,000333,13:58:39,77.8600,127,2
2026-01-30,000333,13:58:42,77.8500,63,2
2026-01-30,000333,13:58:45,77.8400,34,2
2026-01-30,000333,13:58:48,77.8400,26,2
2026-01-30,000333,13:58:51,77.8400,48,2
2026-01-30,000333,13:58:54,77.8500,41,1
2026-01-30,000333,13:58:57,77.8400,21,2
2026-01-30,000333,13:59:00,77.8500,18,1
2026-01-30,000333,13:59:03,77.8400,14,2
2026-01-30,000333,13:59:06,77.8500,45,1
2026-01-30,000333,13:59:09,77.8400,75,2
2026-01-30,000333,13:59:12,77.8400,97,2
2026-01-30,000333,13:59:15,77.8400,14,2
2026-01-30,000333,13:59:18,77.8400,133,2
2026-01-30,000333,13:59:21,77.8500,21,1
2026-01-30,000333,13:59:24,77.8400,157,2
2026-01-30,000333,13:59:27,77.8400,37,1
2026-01-30,000333,13:59:30,77.8400,8,1
2026-01-30,000333,13:59:33,77.8400,96,1
2026-01-30,000333,13:59:36,77.8300,65,2
2026-01-30,000333,13:59:39,77.8400,118,2
2026-01-30,000333,13:59:42,77.8400,26,2
2026-01-30,000333,13:59:45,77.8400,21,1
2026-01-30,000333,13:59:48,77.8300,16,2
2026-01-30,000333,13:59:51,77.8300,76,2
2026-01-30,000333,13:59:54,77.8300,55,2
2026-01-30,000333,13:59:57,77.8300,41,2
2026-01-30,000333,14:00:00,77.8300,136,2
2026-01-30,000333,14:00:03,77.8100,389,2
2026-01-30,000333,14:00:06,77.7900,670,2
2026-01-30,000333,14:00:09,77.7700,151,2
2026-01-30,000333,14:00:12,77.7700,212,2
2026-01-30,000333,14:00:15,77.7700,73,2
2026-01-30,000333,14:00:18,77.7700,90,2
2026-01-30,000333,14:00:21,77.8000,277,1
2026-01-30,000333,14:00:24,77.8100,49,2
2026-01-30,000333,14:00:27,77.8000,20,2
2026-01-30,000333,14:00:30,77.8100,79,1
2026-01-30,000333,14:00:33,77.8300,64,1
2026-01-30,000333,14:00:36,77.8100,40,2
2026-01-30,000333,14:00:39,77.8200,89,2
2026-01-30,000333,14:00:42,77.8300,31,1
2026-01-30,000333,14:00:45,77.8200,9,2
2026-01-30,000333,14:00:48,77.8200,103,2
2026-01-30,000333,14:00:51,77.8600,127,1
2026-01-30,000333,14:00:54,77.8700,73,1
2026-01-30,000333,14:00:57,77.9000,35,1
2026-01-30,000333,14:01:00,77.8900,151,4
2026-01-30,000333,14:01:03,77.9000,170,1
2026-01-30,000333,14:01:06,77.8900,52,4
2026-01-30,000333,14:01:09,77.8600,49,2
2026-01-30,000333,14:01:12,77.8600,80,2
2026-01-30,000333,14:01:15,77.8700,74,2
2026-01-30,000333,14:01:18,77.8600,69,2
2026-01-30,000333,14:01:21,77.8800,67,1
2026-01-30,000333,14:01:24,77.8600,52,2
2026-01-30,000333,14:01:27,77.8500,79,2
2026-01-30,000333,14:01:30,77.8700,36,1
2026-01-30,000333,14:01:33,77.8700,71,2
2026-01-30,000333,14:01:36,77.8800,71,1
2026-01-30,000333,14:01:39,77.8600,82,2
2026-01-30,000333,14:01:42,77.8600,29,2
2026-01-30,000333,14:01:45,77.8700,42,1
2026-01-30,000333,14:01:48,77.9000,3,1
2026-01-30,000333,14:01:51,77.9000,30,1
2026-01-30,000333,14:01:54,77.8700,3,2
2026-01-30,000333,14:01:57,77.8600,254,2
2026-01-30,000333,14:02:00,77.8600,127,2
2026-01-30,000333,14:02:03,77.8700,131,1
2026-01-30,000333,14:02:06,77.8700,21,2
2026-01-30,000333,14:02:09,77.8600,9,2
2026-01-30,000333,14:02:12,77.8700,43,1
2026-01-30,000333,14:02:15,77.8800,40,1
2026-01-30,000333,14:02:18,77.8900,80,1
2026-01-30,000333,14:02:21,77.8800,34,2
2026-01-30,000333,14:02:24,77.8900,74,4
2026-01-30,000333,14:02:27,77.9000,104,1
2026-01-30,000333,14:02:30,77.8900,19,2
2026-01-30,000333,14:02:33,77.8900,137,2
2026-01-30,000333,14:02:36,77.9000,27,1
2026-01-30,000333,14:02:39,77.9000,44,1
2026-01-30,000333,14:02:42,77.8800,44,2
2026-01-30,000333,14:02:45,77.9000,20,1
2026-01-30,000333,14:02:48,77.9000,96,1
2026-01-30,000333,14:02:51,77.9000,13,1
2026-01-30,000333,14:02:54,77.8900,39,2
2026-01-30,000333,14:02:57,77.9000,38,1
2026-01-30,000333,14:03:00,77.8800,38,2
2026-01-30,000333,14:03:03,77.8900,54,1
2026-01-30,000333,14:03:06,77.8900,234,2
2026-01-30,000333,14:03:09,77.8900,7,1
2026-01-30,000333,14:03:12,77.8700,131,2
2026-01-30,000333,14:03:15,77.8800,58,1
2026-01-30,000333,14:03:18,77.8600,11,2
2026-01-30,000333,14:03:21,77.8600,34,2
2026-01-30,000333,14:03:24,77.8700,54,2
2026-01-30,000333,14:03:27,77.8600,85,2
2026-01-30,000333,14:03:30,77.8600,67,2
2026-01-30,000333,14:03:33,77.8600,11,2
2026-01-30,000333,14:03:36,77.8600,172,2
2026-01-30,000333,14:03:39,77.8600,128,2
2026-01-30,000333,14:03:42,77.8600,47,1
2026-01-30,000333,14:03:45,77.8600,84,2
2026-01-30,000333,14:03:48,77.8800,43,1
2026-01-30,000333,14:03:51,77.8800,55,1
2026-01-30,000333,14:03:54,77.8800,42,1
2026-01-30,000333,14:03:57,77.8600,15,2
2026-01-30,000333,14:04:00,77.8600,78,1
2026-01-30,000333,14:04:03,77.8500,224,2
2026-01-30,000333,14:04:06,77.8300,38,2
2026-01-30,000333,14:04:09,77.8200,15,2
2026-01-30,000333,14:04:12,77.8200,19,2
2026-01-30,000333,14:04:15,77.8200,200,2
2026-01-30,000333,14:04:18,77.8100,2,2
2026-01-30,000333,14:04:21,77.8100,17,2
2026-01-30,000333,14:04:24,77.8200,8,1
2026-01-30,000333,14:04:27,77.8200,7,1
2026-01-30,000333,14:04:30,77.8200,23,1
2026-01-30,000333,14:04:33,77.8200,28,1
2026-01-30,000333,14:04:36,77.8200,72,1
2026-01-30,000333,14:04:39,77.8300,81,1
2026-01-30,000333,14:04:42,77.8300,54,1
2026-01-30,000333,14:04:45,77.8500,68,1
2026-01-30,000333,14:04:48,77.8400,68,4
2026-01-30,000333,14:04:51,77.8600,22,1
2026-01-30,000333,14:04:54,77.8500,26,2
2026-01-30,000333,14:04:57,77.8600,46,1
2026-01-30,000333,14:05:00,77.8700,14,1
2026-01-30,000333,14:05:03,77.8000,675,2
2026-01-30,000333,14:05:06,77.8000,31,2
2026-01-30,000333,14:05:09,77.7900,425,2
2026-01-30,000333,14:05:12,77.8000,55,2
2026-01-30,000333,14:05:15,77.8000,41,1
2026-01-30,000333,14:05:18,77.8000,23,2
2026-01-30,000333,14:05:21,77.8200,50,1
2026-01-30,000333,14:05:24,77.8200,9,2
2026-01-30,000333,14:05:27,77.8200,9,1
2026-01-30,000333,14:05:30,77.8100,40,2
2026-01-30,000333,14:05:33,77.8200,11,1
2026-01-30,000333,14:05:36,77.8100,25,2
2026-01-30,000333,14:05:39,77.8200,151,1
2026-01-30,000333,14:05:42,77.8300,93,1
2026-01-30,000333,14:05:45,77.8300,9,1
2026-01-30,000333,14:05:48,77.8300,95,1
2026-01-30,000333,14:05:51,77.8300,10,2
2026-01-30,000333,14:05:54,77.8400,109,1
2026-01-30,000333,14:05:57,77.8300,55,2
2026-01-30,000333,14:06:00,77.8400,29,4
2026-01-30,000333,14:06:03,77.8500,11,1
2026-01-30,000333,14:06:06,77.8200,758,2
2026-01-30,000333,14:06:09,77.8100,45,2
2026-01-30,000333,14:06:12,77.8200,358,1
2026-01-30,000333,14:06:15,77.7800,35,2
2026-01-30,000333,14:06:18,77.7800,15,2
2026-01-30,000333,14:06:21,77.7800,14,2
2026-01-30,000333,14:06:24,77.7800,44,2
2026-01-30,000333,14:06:27,77.7800,109,2
2026-01-30,000333,14:06:30,77.7800,7,2
2026-01-30,000333,14:06:33,77.7800,89,2
2026-01-30,000333,14:06:36,77.7800,9,2
2026-01-30,000333,14:06:39,77.7800,129,2
2026-01-30,000333,14:06:42,77.7800,22,1
2026-01-30,000333,14:06:45,77.7900,3,1
2026-01-30,000333,14:06:48,77.7800,40,2
2026-01-30,000333,14:06:51,77.7900,38,1
2026-01-30,000333,14:06:54,77.7900,54,2
2026-01-30,000333,10:56:45,78.5300,60,2
2026-01-30,000333,10:56:48,78.5500,5,1
2026-01-30,000333,10:56:51,78.5500,20,1
2026-01-30,000333,10:56:54,78.5200,17,2
2026-01-30,000333,10:56:57,78.5500,48,1
2026-01-30,000333,10:57:00,78.5300,65,1
2026-01-30,000333,10:57:03,78.5300,27,2
2026-01-30,000333,10:57:06,78.5400,37,1
2026-01-30,000333,10:57:09,78.5200,58,2
2026-01-30,000333,10:57:12,78.5300,242,1
2026-01-30,000333,10:57:15,78.5200,24,1
2026-01-30,000333,10:57:18,78.5100,289,2
2026-01-30,000333,10:57:21,78.5100,17,1
2026-01-30,000333,10:57:24,78.5000,77,2
2026-01-30,000333,10:57:27,78.5000,29,4
2026-01-30,000333,10:57:30,78.5300,56,1
2026-01-30,000333,10:57:33,78.5000,23,2
2026-01-30,000333,10:57:36,78.5100,21,4
2026-01-30,000333,10:57:39,78.5100,1,2
2026-01-30,000333,10:57:42,78.5200,24,1
2026-01-30,000333,10:57:45,78.5100,26,2
2026-01-30,000333,10:57:48,78.5100,170,2
2026-01-30,000333,10:57:51,78.5100,41,1
2026-01-30,000333,10:57:54,78.5100,5,1
2026-01-30,000333,10:57:57,78.5000,17,2
2026-01-30,000333,10:58:00,78.5000,20,2
2026-01-30,000333,10:58:03,78.5000,27,2
2026-01-30,000333,10:58:06,78.5000,30,2
2026-01-30,000333,10:58:09,78.5000,24,2
2026-01-30,000333,10:58:12,78.5000,34,2
2026-01-30,000333,10:58:15,78.5200,122,1
2026-01-30,000333,10:58:18,78.5200,61,2
2026-01-30,000333,10:58:21,78.5200,40,1
2026-01-30,000333,10:58:24,78.5100,41,2
2026-01-30,000333,10:58:27,78.5000,20,2
2026-01-30,000333,10:58:30,78.5100,6,4
2026-01-30,000333,10:58:33,78.5100,42,2
2026-01-30,000333,10:58:36,78.5000,78,2
2026-01-30,000333,10:58:39,78.5000,150,2
2026-01-30,000333,10:58:42,78.5000,24,2
2026-01-30,000333,10:58:45,78.5000,313,2
2026-01-30,000333,10:58:48,78.5000,35,2
2026-01-30,000333,10:58:51,78.5100,35,1
2026-01-30,000333,10:58:54,78.5000,45,2
2026-01-30,000333,10:58:57,78.5000,11,2
2026-01-30,000333,10:59:00,78.5000,75,2
2026-01-30,000333,10:59:03,78.5000,75,2
2026-01-30,000333,10:59:06,78.5100,16,1
2026-01-30,000333,10:59:09,78.5000,59,2
2026-01-30,000333,10:59:12,78.5100,48,1
2026-01-30,000333,10:59:15,78.5000,8,2
2026-01-30,000333,10:59:18,78.5000,7,2
2026-01-30,000333,10:59:21,78.4800,137,2
2026-01-30,000333,10:59:24,78.4900,39,4
2026-01-30,000333,10:59:27,78.5000,43,1
2026-01-30,000333,10:59:30,78.5000,21,1
2026-01-30,000333,10:59:33,78.5000,14,1
2026-01-30,000333,10:59:36,78.5000,25,1
2026-01-30,000333,10:59:39,78.5000,49,1
2026-01-30,000333,10:59:42,78.4900,50,2
2026-01-30,000333,10:59:45,78.5100,83,1
2026-01-30,000333,10:59:48,78.4700,606,2
2026-01-30,000333,10:59:51,78.4400,30,2
2026-01-30,000333,10:59:54,78.4400,20,2
2026-01-30,000333,10:59:57,78.4400,25,2
2026-01-30,000333,11:00:03,78.4600,69,1
2026-01-30,000333,11:00:06,78.4600,31,1
2026-01-30,000333,11:00:09,78.4600,44,2
2026-01-30,000333,11:00:12,78.4600,66,2
2026-01-30,000333,11:00:15,78.4500,43,2
2026-01-30,000333,11:00:18,78.4500,9,2
2026-01-30,000333,11:00:21,78.4500,7,2
2026-01-30,000333,11:00:24,78.4500,8,2
2026-01-30,000333,11:00:27,78.4500,43,2
2026-01-30,000333,11:00:30,78.4600,164,1
2026-01-30,000333,11:00:33,78.4500,98,2
2026-01-30,000333,11:00:36,78.4500,32,2
2026-01-30,000333,11:00:39,78.4500,54,2
2026-01-30,000333,11:00:42,78.4500,97,2
2026-01-30,000333,11:00:45,78.4400,87,2
2026-01-30,000333,11:00:48,78.4400,53,2
2026-01-30,000333,11:00:51,78.4500,31,1
2026-01-30,000333,11:00:54,78.4400,29,2
2026-01-30,000333,11:00:57,78.4400,46,2
2026-01-30,000333,11:01:00,78.4400,49,2
2026-01-30,000333,11:01:03,78.4500,80,1
2026-01-30,000333,11:01:06,78.4400,189,2
2026-01-30,000333,11:01:09,78.4400,29,2
2026-01-30,000333,11:01:12,78.4400,113,2
2026-01-30,000333,11:01:15,78.4400,29,2
2026-01-30,000333,11:01:18,78.4400,42,2
2026-01-30,000333,11:01:21,78.4200,183,2
2026-01-30,000333,11:01:24,78.4200,64,2
2026-01-30,000333,11:01:27,78.4200,70,2
2026-01-30,000333,11:01:30,78.4200,143,2
2026-01-30,000333,11:01:33,78.4000,270,2
2026-01-30,000333,11:01:36,78.3900,95,2
2026-01-30,000333,11:01:39,78.3700,84,2
2026-01-30,000333,11:01:42,78.3400,118,2
2026-01-30,000333,11:01:45,78.3300,128,2
2026-01-30,000333,11:01:48,78.3300,78,2
2026-01-30,000333,11:01:51,78.3400,84,1
2026-01-30,000333,11:01:54,78.3400,12,2
2026-01-30,000333,11:01:57,78.3300,13,2
2026-01-30,000333,11:02:00,78.3400,46,1
2026-01-30,000333,11:02:03,78.3500,72,1
2026-01-30,000333,11:02:06,78.3500,189,1
2026-01-30,000333,11:02:09,78.3600,252,1
2026-01-30,000333,11:02:12,78.3500,100,2
2026-01-30,000333,11:02:15,78.3500,22,1
2026-01-30,000333,11:02:18,78.3600,483,1
2026-01-30,000333,11:02:21,78.3900,149,1
2026-01-30,000333,11:02:24,78.4000,30,1
2026-01-30,000333,11:02:27,78.4400,120,1
2026-01-30,000333,11:02:30,78.4300,25,1
2026-01-30,000333,11:02:33,78.4300,28,1
2026-01-30,000333,11:02:36,78.4300,26,1
2026-01-30,000333,11:02:39,78.4300,61,1
2026-01-30,000333,11:02:42,78.4300,10,1
2026-01-30,000333,11:02:45,78.4300,73,1
2026-01-30,000333,11:02:48,78.4300,25,1
2026-01-30,000333,11:02:51,78.4300,16,1
2026-01-30,000333,11:02:54,78.4500,97,1
2026-01-30,000333,11:02:57,78.4400,89,2
2026-01-30,000333,11:03:00,78.4400,15,1
2026-01-30,000333,11:03:03,78.4400,27,1
2026-01-30,000333,11:03:06,78.4400,19,1
2026-01-30,000333,11:03:09,78.4300,70,2
2026-01-30,000333,11:03:12,78.4300,1,2
2026-01-30,000333,11:03:15,78.4300,32,2
2026-01-30,000333,11:03:18,78.4300,183,2
2026-01-30,000333,11:03:21,78.4300,58,2
2026-01-30,000333,11:03:24,78.4300,109,2
2026-01-30,000333,11:03:27,78.4300,59,2
2026-01-30,000333,11:03:30,78.4300,20,2
2026-01-30,000333,11:03:33,78.4400,2,1
2026-01-30,000333,11:03:36,78.4300,2,2
2026-01-30,000333,11:03:39,78.4300,27,2
2026-01-30,000333,11:03:42,78.4300,59,2
2026-01-30,000333,11:03:45,78.4300,25,2
2026-01-30,000333,11:03:48,78.4300,86,2
2026-01-30,000333,11:03:51,78.4100,330,2
2026-01-30,000333,11:03:54,78.4200,135,1
2026-01-30,000333,11:03:57,78.4200,40,1
2026-01-30,000333,11:04:00,78.4100,47,2
2026-01-30,000333,11:04:03,78.4100,104,2
2026-01-30,000333,11:04:06,78.4100,87,2
2026-01-30,000333,11:04:09,78.4100,123,2
2026-01-30,000333,11:04:12,78.4000,90,2
2026-01-30,000333,11:04:15,78.3900,65,2
2026-01-30,000333,11:04:18,78.4100,32,1
2026-01-30,000333,11:04:21,78.4000,23,2
2026-01-30,000333,11:04:24,78.3900,13,2
2026-01-30,000333,11:04:27,78.3900,30,2
2026-01-30,000333,11:04:30,78.3900,26,2
2026-01-30,000333,11:04:33,78.4100,252,1
2026-01-30,000333,11:04:36,78.4600,101,1
2026-01-30,000333,11:04:39,78.4500,9,4
2026-01-30,000333,11:04:42,78.4400,24,2
2026-01-30,000333,11:04:45,78.4400,119,1
2026-01-30,000333,11:04:48,78.4500,61,1
2026-01-30,000333,11:04:51,78.4600,8,4
2026-01-30,000333,11:04:54,78.4600,32,1
2026-01-30,000333,11:04:57,78.4500,72,2
2026-01-30,000333,11:05:00,78.4600,28,4
2026-01-30,000333,11:05:03,78.4500,16,2
2026-01-30,000333,11:05:06,78.4500,78,2
2026-01-30,000333,11:05:09,78.4600,149,1
2026-01-30,000333,11:05:12,78.4500,35,2
2026-01-30,000333,11:05:15,78.4500,22,2
2026-01-30,000333,11:05:18,78.4500,20,2
2026-01-30,000333,11:05:21,78.4500,32,2
2026-01-30,000333,11:05:24,78.4500,31,2
2026-01-30,000333,11:05:27,78.4500,42,2
2026-01-30,000333,11:05:30,78.4500,58,2
2026-01-30,000333,11:05:33,78.4400,66,2
2026-01-30,000333,11:05:36,78.4300,17,2
2026-01-30,000333,11:05:39,78.4300,48,2
2026-01-30,000333,11:05:42,78.4300,50,2
2026-01-30,000333,11:05:45,78.4300,158,2
2026-01-30,000333,11:05:48,78.4300,37,2
2026-01-30,000333,11:05:51,78.4400,139,1
2026-01-30,000333,11:05:54,78.4300,62,2
2026-01-30,000333,11:05:57,78.4500,77,1
2026-01-30,000333,11:06:00,78.4400,46,1
2026-01-30,000333,11:06:03,78.4300,147,2
2026-01-30,000333,11:06:06,78.4300,32,2
2026-01-30,000333,11:06:09,78.4300,106,2
2026-01-30,000333,11:06:12,78.4200,22,2
2026-01-30,000333,11:06:15,78.4200,143,2
2026-01-30,000333,11:06:18,78.4200,94,4
2026-01-30,000333,11:06:21,78.4100,13,2
2026-01-30,000333,11:06:24,78.4200,8,1
2026-01-30,000333,11:06:27,78.4100,3,2
2026-01-30,000333,11:06:30,78.4200,2,1
2026-01-30,000333,11:06:33,78.4100,18,2
2026-01-30,000333,11:06:36,78.4100,85,2
2026-01-30,000333,11:06:39,78.4200,103,1
2026-01-30,000333,11:06:42,78.4200,123,1
2026-01-30,000333,11:06:45,78.4100,169,2
2026-01-30,000333,11:06:48,78.4400,6,1
2026-01-30,000333,11:06:51,78.4600,175,1
2026-01-30,000333,11:06:54,78.4600,96,1
2026-01-30,000333,11:06:57,78.4900,93,1
2026-01-30,000333,11:07:00,78.5000,98,1
2026-01-30,000333,11:07:03,78.4800,101,2
2026-01-30,000333,11:07:06,78.5000,15,1
2026-01-30,000333,11:07:09,78.5200,33,1
2026-01-30,000333,11:07:12,78.5400,29,1
2026-01-30,000333,11:07:15,78.4700,587,2
2026-01-30,000333,11:07:18,78.4700,160,2
2026-01-30,000333,11:07:21,78.4700,44,1
2026-01-30,000333,11:07:24,78.5200,26,1
2026-01-30,000333,11:07:27,78.4700,33,2
2026-01-30,000333,11:07:30,78.4800,17,4
2026-01-30,000333,11:07:33,78.4700,15,2
2026-01-30,000333,11:07:36,78.4700,40,1
2026-01-30,000333,11:07:39,78.4600,22,2
2026-01-30,000333,11:07:42,78.4600,112,2
2026-01-30,000333,11:07:45,78.4600,59,2
2026-01-30,000333,11:07:51,78.4600,38,2
2026-01-30,000333,11:07:54,78.4800,173,1
2026-01-30,000333,11:07:57,78.4600,32,2
2026-01-30,000333,11:08:00,78.4700,28,1
2026-01-30,000333,11:08:03,78.4600,1,2
2026-01-30,000333,11:08:06,78.4700,2,1
2026-01-30,000333,11:08:09,78.4700,6,1
2026-01-30,000333,11:08:12,78.4600,6,2
2026-01-30,000333,11:08:15,78.4600,68,2
2026-01-30,000333,11:08:18,78.4600,42,2
2026-01-30,000333,11:08:21,78.4600,191,2
2026-01-30,000333,11:08:24,78.4100,401,2
2026-01-30,000333,11:08:27,78.4100,86,2
2026-01-30,000333,11:08:30,78.4100,11,2
2026-01-30,000333,11:08:33,78.4200,70,1
2026-01-30,000333,11:08:36,78.4200,37,1
2026-01-30,000333,11:08:39,78.4100,72,2
2026-01-30,000333,11:08:42,78.3900,59,2
2026-01-30,000333,11:08:45,78.3900,61,2
2026-01-30,000333,11:08:48,78.3900,81,2
2026-01-30,000333,11:08:51,78.3600,30,2
2026-01-30,000333,11:08:54,78.3600,6,2
2026-01-30,000333,11:08:57,78.3700,46,2
2026-01-30,000333,11:09:00,78.3700,81,2
2026-01-30,000333,11:09:03,78.3700,102,2
2026-01-30,000333,11:09:06,78.3700,49,2
2026-01-30,000333,11:09:09,78.3800,22,1
2026-01-30,000333,11:09:12,78.3700,88,2
2026-01-30,000333,11:09:15,78.3700,28,2
2026-01-30,000333,11:09:18,78.3600,11,2
2026-01-30,000333,11:09:21,78.3600,52,2
2026-01-30,000333,11:09:24,78.3500,33,2
2026-01-30,000333,11:09:27,78.3500,39,2
2026-01-30,000333,11:09:30,78.3500,49,2
2026-01-30,000333,11:09:33,78.3500,65,2
2026-01-30,000333,11:09:36,78.3300,73,2
2026-01-30,000333,11:09:39,78.3400,68,4
2026-01-30,000333,11:09:42,78.3300,167,2
2026-01-30,000333,11:09:45,78.3300,93,2
2026-01-30,000333,11:09:48,78.3300,155,2
2026-01-30,000333,11:09:51,78.3200,92,2
2026-01-30,000333,11:09:54,78.3000,67,2
2026-01-30,000333,11:09:57,78.3000,41,2
2026-01-30,000333,11:10:00,78.3000,34,2
2026-01-30,000333,11:10:03,78.3000,23,2
2026-01-30,000333,11:10:06,78.3000,22,2
2026-01-30,000333,11:10:09,78.3000,35,2
2026-01-30,000333,11:10:12,78.2900,22,2
2026-01-30,000333,11:10:15,78.2800,43,2
2026-01-30,000333,11:10:18,78.3000,85,1
2026-01-30,000333,11:10:21,78.3100,174,1
2026-01-30,000333,11:10:24,78.3100,126,1
2026-01-30,000333,11:10:27,78.2800,63,2
2026-01-30,000333,11:10:30,78.2900,109,4
2026-01-30,000333,11:10:33,78.2900,101,2
2026-01-30,000333,11:10:36,78.2900,27,2
2026-01-30,000333,11:10:39,78.2900,76,2
2026-01-30,000333,11:10:42,78.2500,362,2
2026-01-30,000333,11:10:45,78.2200,143,2
2026-01-30,000333,11:10:48,78.2100,80,2
2026-01-30,000333,11:10:51,78.2000,34,2
2026-01-30,000333,11:10:54,78.2000,76,2
2026-01-30,000333,11:10:57,78.2100,80,1
2026-01-30,000333,11:11:00,78.2100,49,1
2026-01-30,000333,11:11:03,78.2000,7,2
2026-01-30,000333,11:11:06,78.2000,50,1
2026-01-30,000333,11:11:09,78.1900,161,2
2026-01-30,000333,11:11:12,78.1900,46,2
2026-01-30,000333,11:11:15,78.1900,4,2
2026-01-30,000333,11:11:18,78.2000,25,1
2026-01-30,000333,11:11:21,78.2000,26,1
2026-01-30,000333,11:11:24,78.2000,13,2
2026-01-30,000333,11:11:27,78.1900,30,2
2026-01-30,000333,11:11:30,78.2200,169,1
2026-01-30,000333,11:11:33,78.2200,61,2
2026-01-30,000333,11:11:36,78.2300,66,2
2026-01-30,000333,11:11:39,78.2800,25,1
2026-01-30,000333,11:11:42,78.2800,94,1
2026-01-30,000333,11:11:45,78.3000,2,1
2026-01-30,000333,11:11:48,78.3000,173,1
2026-01-30,000333,11:11:51,78.2900,34,2
2026-01-30,000333,11:11:54,78.2900,55,2
2026-01-30,000333,11:11:57,78.2900,13,2
2026-01-30,000333,11:12:00,78.3100,326,1
2026-01-30,000333,11:12:03,78.2900,47,2
2026-01-30,000333,11:12:06,78.3000,82,1
2026-01-30,000333,11:12:09,78.3000,49,1
2026-01-30,000333,11:12:12,78.3000,46,2
2026-01-30,000333,11:12:15,78.3100,151,1
2026-01-30,000333,11:12:18,78.3200,80,1
2026-01-30,000333,11:12:21,78.3000,31,2
2026-01-30,000333,11:12:24,78.3200,97,1
2026-01-30,000333,11:12:27,78.3000,120,2
2026-01-30,000333,11:12:30,78.2700,978,2
2026-01-30,000333,11:12:33,78.2800,165,1
2026-01-30,000333,11:12:36,78.2200,62,2
2026-01-30,000333,11:12:39,78.2600,10,1
2026-01-30,000333,11:12:42,78.2300,3,2
2026-01-30,000333,11:12:45,78.2500,12,1
2026-01-30,000333,11:12:48,78.2200,18,2
2026-01-30,000333,11:12:51,78.3300,341,1
2026-01-30,000333,11:12:54,78.2700,205,2
2026-01-30,000333,11:12:57,78.2500,42,2
2026-01-30,000333,11:13:00,78.2500,10,2
2026-01-30,000333,11:13:03,78.2600,78,1
2026-01-30,000333,11:13:06,78.2600,31,1
2026-01-30,000333,11:13:09,78.3300,309,1
2026-01-30,000333,11:13:12,78.2700,35,2
2026-01-30,000333,11:13:15,78.2800,71,2
2026-01-30,000333,11:13:18,78.3000,210,1
2026-01-30,000333,11:13:21,78.2900,41,1
2026-01-30,000333,11:13:24,78.3000,50,1
2026-01-30,000333,11:13:27,78.3100,136,1
2026-01-30,000333,11:13:30,78.3100,94,1
2026-01-30,000333,11:13:33,78.3400,30,1
2026-01-30,000333,11:13:36,78.3300,27,1
2026-01-30,000333,11:13:39,78.3400,68,1
2026-01-30,000333,11:13:42,78.3500,109,1
2026-01-30,000333,11:13:45,78.3500,98,2
2026-01-30,000333,11:13:48,78.3800,129,1
2026-01-30,000333,11:13:51,78.3700,19,1
2026-01-30,000333,11:13:54,78.3300,514,2
2026-01-30,000333,11:13:57,78.3300,129,2
2026-01-30,000333,11:14:00,78.3100,28,2
2026-01-30,000333,11:14:03,78.3100,41,2
2026-01-30,000333,11:14:06,78.3000,33,2
2026-01-30,000333,11:14:09,78.2600,25,2
2026-01-30,000333,11:14:12,78.2500,9,2
2026-01-30,000333,11:14:15,78.2800,19,1
2026-01-30,000333,11:14:18,78.2900,71,1
2026-01-30,000333,11:14:21,78.2900,30,1
2026-01-30,000333,11:14:24,78.2600,14,2
2026-01-30,000333,11:14:27,78.2900,117,1
2026-01-30,000333,11:14:30,78.2700,23,2
2026-01-30,000333,11:14:33,78.2900,8,1
2026-01-30,000333,11:14:36,78.3000,110,1
2026-01-30,000333,11:14:39,78.3000,34,1
2026-01-30,000333,11:14:42,78.2900,47,2
2026-01-30,000333,11:14:45,78.2900,7,2
2026-01-30,000333,11:14:48,78.3000,16,1
2026-01-30,000333,11:14:51,78.3000,104,1
2026-01-30,000333,11:14:54,78.3000,6,1
2026-01-30,000333,11:14:57,78.2900,36,2
2026-01-30,000333,11:15:00,78.3000,135,1
2026-01-30,000333,11:15:03,78.3000,54,1
2026-01-30,000333,11:15:06,78.3000,41,1
2026-01-30,000333,11:15:09,78.2900,28,2
2026-01-30,000333,11:15:12,78.2900,5,2
2026-01-30,000333,11:15:15,78.3000,62,1
2026-01-30,000333,11:15:18,78.2900,307,2
2026-01-30,000333,11:15:21,78.2900,138,2
2026-01-30,000333,11:15:24,78.2900,348,2
2026-01-30,000333,11:15:27,78.2700,75,2
2026-01-30,000333,11:15:30,78.2800,16,2
2026-01-30,000333,11:15:33,78.2700,25,2
2026-01-30,000333,11:15:36,78.2700,46,2
2026-01-30,000333,11:15:39,78.2700,65,2
2026-01-30,000333,11:15:42,78.2800,51,1
2026-01-30,000333,11:15:45,78.2700,40,4
2026-01-30,000333,11:15:48,78.2600,50,2
2026-01-30,000333,11:15:51,78.2600,34,2
2026-01-30,000333,11:15:54,78.2700,31,1
2026-01-30,000333,11:15:57,78.2600,4,2
2026-01-30,000333,11:16:00,78.2600,22,2
2026-01-30,000333,11:16:03,78.2700,52,1
2026-01-30,000333,11:16:06,78.2600,43,2
2026-01-30,000333,11:16:09,78.2700,47,1
2026-01-30,000333,11:16:12,78.2600,150,2
2026-01-30,000333,11:16:15,78.2600,26,2
2026-01-30,000333,11:16:18,78.2600,43,2
2026-01-30,000333,11:16:21,78.2600,113,2
2026-01-30,000333,11:16:24,78.2600,30,2
2026-01-30,000333,11:16:27,78.2700,47,1
2026-01-30,000333,11:16:30,78.2800,70,1
2026-01-30,000333,11:16:33,78.2800,135,1
2026-01-30,000333,11:16:36,78.3000,90,1
2026-01-30,000333,11:16:39,78.3100,225,1
2026-01-30,000333,11:16:42,78.2900,140,2
2026-01-30,000333,11:16:45,78.3000,82,1
2026-01-30,000333,11:16:48,78.2800,30,2
2026-01-30,000333,11:16:51,78.2900,14,4
2026-01-30,000333,11:16:54,78.2900,1,2
2026-01-30,000333,11:16:57,78.2900,25,2
2026-01-30,000333,11:17:00,78.2900,12,1
2026-01-30,000333,11:17:03,78.2800,57,2
2026-01-30,000333,11:17:06,78.3000,69,1
2026-01-30,000333,11:17:09,78.3000,132,1
2026-01-30,000333,11:17:12,78.3000,123,1
2026-01-30,000333,11:17:15,78.3100,92,1
2026-01-30,000333,11:17:18,78.3400,43,1
2026-01-30,000333,11:17:21,78.3300,77,4
2026-01-30,000333,11:17:24,78.3800,92,1
2026-01-30,000333,11:17:27,78.3900,89,2
2026-01-30,000333,11:17:30,78.3800,74,2
2026-01-30,000333,11:17:33,78.3800,74,2
2026-01-30,000333,11:17:36,78.3900,59,1
2026-01-30,000333,11:17:39,78.3600,592,2
2026-01-30,000333,11:17:42,78.3600,367,1
2026-01-30,000333,11:17:45,78.3600,254,2
2026-01-30,000333,11:17:48,78.3600,65,2
2026-01-30,000333,11:17:51,78.3600,133,1
2026-01-30,000333,11:17:54,78.3800,55,1
2026-01-30,000333,11:17:57,78.3700,25,2
2026-01-30,000333,11:18:00,78.3700,3,1
2026-01-30,000333,11:18:03,78.3800,153,1
2026-01-30,000333,11:18:06,78.4200,118,1
2026-01-30,000333,11:18:09,78.4300,8,1
2026-01-30,000333,11:18:12,78.4000,35,2
2026-01-30,000333,11:18:15,78.4100,113,1
2026-01-30,000333,11:18:18,78.4000,75,2
2026-01-30,000333,11:18:21,78.4100,45,1
2026-01-30,000333,11:18:24,78.4100,75,1
2026-01-30,000333,11:18:27,78.4000,41,2
2026-01-30,000333,11:18:30,78.4000,26,2
2026-01-30,000333,11:18:33,78.4100,14,1
2026-01-30,000333,11:18:36,78.4000,22,2
2026-01-30,000333,11:18:39,78.4100,122,1
2026-01-30,000333,11:18:42,78.4100,30,1
2026-01-30,000333,11:18:45,78.4200,227,1
2026-01-30,000333,11:18:48,78.4200,69,2
2026-01-30,000333,11:18:51,78.4200,8,2
2026-01-30,000333,11:18:54,78.4400,217,1
2026-01-30,000333,11:18:57,78.4500,30,1
2026-01-30,000333,11:19:00,78.4400,32,2
2026-01-30,000333,11:19:03,78.4400,48,2
2026-01-30,000333,11:19:06,78.4400,12,2
2026-01-30,000333,11:19:09,78.4400,50,2
2026-01-30,000333,11:19:12,78.4300,728,2
2026-01-30,000333,11:19:15,78.3600,254,2
2026-01-30,000333,11:19:18,78.4300,509,1
2026-01-30,000333,11:19:21,78.4300,183,2
2026-01-30,000333,11:19:24,78.4500,202,2
2026-01-30,000333,11:19:27,78.4500,84,2
2026-01-30,000333,11:19:30,78.4300,36,2
2026-01-30,000333,11:19:33,78.4300,96,2
2026-01-30,000333,11:19:36,78.4500,86,1
2026-01-30,000333,11:19:39,78.4700,106,1
2026-01-30,000333,11:19:42,78.4500,18,2
2026-01-30,000333,11:19:45,78.4600,8,1
2026-01-30,000333,11:19:48,78.4600,20,1
2026-01-30,000333,11:19:51,78.4600,28,1
2026-01-30,000333,11:19:54,78.4600,28,1
2026-01-30,000333,11:19:57,78.4500,18,2
2026-01-30,000333,11:20:00,78.4500,20,2
2026-01-30,000333,11:20:03,78.4600,33,1
2026-01-30,000333,11:20:06,78.4500,92,2
2026-01-30,000333,11:20:09,78.4600,51,1
2026-01-30,000333,11:20:12,78.4500,102,2
2026-01-30,000333,11:20:15,78.4500,141,2
2026-01-30,000333,11:20:18,78.4300,281,2
2026-01-30,000333,11:20:21,78.4400,139,4
2026-01-30,000333,11:20:24,78.4400,70,2
2026-01-30,000333,11:20:27,78.4300,116,2
2026-01-30,000333,11:20:30,78.4000,76,2
2026-01-30,000333,11:20:33,78.3600,37,2
2026-01-30,000333,11:20:36,78.3700,26,4
2026-01-30,000333,11:20:39,78.3800,26,1
2026-01-30,000333,11:20:42,78.3800,27,1
2026-01-30,000333,11:20:45,78.3800,24,2
2026-01-30,000333,11:20:48,78.4000,63,1
2026-01-30,000333,11:20:51,78.4400,110,1
2026-01-30,000333,11:20:54,78.4400,42,1
2026-01-30,000333,11:20:57,78.4700,182,1
2026-01-30,000333,11:21:00,78.4800,66,1
2026-01-30,000333,11:21:03,78.4300,35,2
2026-01-30,000333,11:21:06,78.4500,14,1
2026-01-30,000333,11:21:09,78.4700,22,1
