date,code,time,price,volume,bs
2026-02-27,000333,14:06:39,78.5600,10,2
2026-02-27,000333,14:06:42,78.5600,52,2
2026-02-27,000333,14:06:45,78.5700,12,1
2026-02-27,000333,14:06:48,78.5600,20,1
2026-02-27,000333,14:06:51,78.5600,14,1
2026-02-27,000333,14:06:54,78.5600,17,1
2026-02-27,000333,14:06:57,78.5600,19,1
2026-02-27,000333,14:07:00,78.5600,38,1
2026-02-27,000333,14:07:03,78.5500,12,2
2026-02-27,000333,14:07:06,78.5600,27,2
2026-02-27,000333,14:07:09,78.5600,11,2
2026-02-27,000333,14:07:12,78.5600,26,2
2026-02-27,000333,14:07:15,78.5500,18,2
2026-02-27,000333,14:07:18,78.5600,34,1
2026-02-27,000333,14:07:21,78.5600,13,1
2026-02-27,000333,14:07:24,78.5600,22,1
2026-02-27,000333,14:07:27,78.5600,17,1
2026-02-27,000333,14:07:30,78.5500,37,2
2026-02-27,000333,14:07:33,78.5400,10,2
2026-02-27,000333,14:07:36,78.5400,41,2
2026-02-27,000333,14:07:39,78.5500,18,1
2026-02-27,000333,14:07:42,78.5500,31,1
2026-02-27,000333,14:07:45,78.5400,35,2
2026-02-27,000333,14:07:48,78.5500,42,1
2026-02-27,000333,14:07:51,78.5500,17,1
2026-02-27,000333,14:07:54,78.5500,22,1
2026-02-27,000333,14:07:57,78.5500,16,1
2026-02-27,000333,14:08:00,78.5500,16,1
2026-02-27,000333,14:08:03,78.5500,13,2
2026-02-27,000333,14:08:06,78.5600,20,1
2026-02-27,000333,14:08:09,78.5500,5,2
2026-02-27,000333,14:08:12,78.5600,9,1
2026-02-27,000333,14:08:15,78.5600,13,1
2026-02-27,000333,14:08:18,78.5500,31,2
2026-02-27,000333,14:08:21,78.5600,23,1
2026-02-27,000333,14:08:24,78.5600,44,1
2026-02-27,000333,14:08:30,78.5600,45,1
2026-02-27,000333,14:08:33,78.5700,60,1
2026-02-27,000333,14:08:36,78.5500,50,2
2026-02-27,000333,14:08:39,78.5700,3,1
2026-02-27,000333,14:08:42,78.5600,35,2
2026-02-27,000333,14:08:45,78.5600,3,2
2026-02-27,000333,14:08:48,78.5500,39,2
2026-02-27,000333,14:08:51,78.5700,193,1
2026-02-27,000333,14:08:54,78.5600,24,2
2026-02-27,000333,14:08:57,78.5500,8,2
2026-02-27,000333,14:09:00,78.5600,20,1
2026-02-27,000333,14:09:03,78.5600,61,1
2026-02-27,000333,14:09:06,78.5600,39,1
2026-02-27,000333,14:09:09,78.5600,10,1
2026-02-27,000333,14:09:12,78.5600,32,1
2026-02-27,000333,14:09:15,78.5600,33,1
2026-02-27,000333,14:09:18,78.5600,26,1
2026-02-27,000333,14:09:21,78.5600,20,1
2026-02-27,000333,14:09:24,78.5600,22,1
2026-02-27,000333,14:09:27,78.5600,8,1
2026-02-27,000333,14:09:30,78.5600,22,1
2026-02-27,000333,14:09:33,78.5600,33,1
2026-02-27,000333,14:09:36,78.5700,4,1
2026-02-27,000333,14:09:39,78.5700,9,1
2026-02-27,000333,14:09:42,78.5700,10,1
2026-02-27,000333,14:09:45,78.5700,48,1
2026-02-27,000333,14:09:48,78.5600,49,2
2026-02-27,000333,14:09:51,78.5700,16,1
2026-02-27,000333,14:09:54,78.5600,13,2
2026-02-27,000333,14:09:57,78.5700,114,1
2026-02-27,000333,14:10:00,78.5700,19,1
2026-02-27,000333,14:10:03,78.5700,13,1
2026-02-27,000333,14:10:06,78.5800,10,1
2026-02-27,000333,14:10:09,78.5600,11,2
2026-02-27,000333,14:10:12,78.5700,20,2
2026-02-27,000333,14:10:15,78.5800,1,1
2026-02-27,000333,14:10:18,78.5800,5,1
2026-02-27,000333,14:10:21,78.5800,7,1
2026-02-27,000333,14:10:24,78.5800,7,1
2026-02-27,000333,14:10:27,78.5800,4,1
2026-02-27,000333,14:10:30,78.5800,26,1
2026-02-27,000333,14:10:33,78.5800,33,1
2026-02-27,000333,14:10:36,78.5800,23,1
2026-02-27,000333,14:10:39,78.5700,21,2
2026-02-27,000333,14:10:42,78.5700,16,2
2026-02-27,000333,14:10:45,78.5700,31,2
2026-02-27,000333,14:10:48,78.5700,134,2
2026-02-27,000333,14:10:51,78.5700,17,2
2026-02-27,000333,14:10:54,78.5700,8,4
2026-02-27,000333,14:10:57,78.5600,46,2
2026-02-27,000333,14:11:00,78.5700,83,1
2026-02-27,000333,14:11:03,78.5600,53,2
2026-02-27,000333,14:11:06,78.5500,846,2
2026-02-27,000333,14:11:09,78.5200,203,2
2026-02-27,000333,14:11:12,78.5200,45,2
2026-02-27,000333,14:11:15,78.5200,71,2
2026-02-27,000333,14:11:18,78.5300,30,1
2026-02-27,000333,14:11:21,78.5100,70,2
2026-02-27,000333,14:11:24,78.5300,129,1
2026-02-27,000333,14:11:27,78.5400,69,1
2026-02-27,000333,14:11:30,78.5300,7,2
2026-02-27,000333,14:11:33,78.5400,9,1
2026-02-27,000333,14:11:36,78.5400,6,1
2026-02-27,000333,14:11:39,78.5300,14,2
2026-02-27,000333,14:11:42,78.5300,41,2
2026-02-27,000333,14:11:45,78.5300,14,1
2026-02-27,000333,14:11:48,78.5300,78,1
2026-02-27,000333,14:11:51,78.5300,7,1
2026-02-27,000333,14:11:54,78.5200,32,2
2026-02-27,000333,14:11:57,78.5200,186,2
2026-02-27,000333,14:12:00,78.5200,36,1
2026-02-27,000333,14:12:03,78.5200,9,1
2026-02-27,000333,14:12:06,78.5200,70,1
2026-02-27,000333,14:12:09,78.5100,27,2
2026-02-27,000333,14:12:12,78.5200,18,1
2026-02-27,000333,14:12:15,78.5100,22,2
2026-02-27,000333,14:12:18,78.5200,39,1
2026-02-27,000333,14:12:21,78.5100,23,2
2026-02-27,000333,14:12:24,78.5200,15,1
2026-02-27,000333,14:12:27,78.5200,68,1
2026-02-27,000333,14:12:30,78.5200,5,1
2026-02-27,000333,14:12:33,78.5200,38,1
2026-02-27,000333,14:12:36,78.5100,43,2
2026-02-27,000333,14:12:39,78.5200,54,1
2026-02-27,000333,14:12:42,78.5200,448,1
2026-02-27,000333,14:12:45,78.5300,41,1
2026-02-27,000333,14:12:48,78.5300,2,2
2026-02-27,000333,14:12:51,78.5400,28,1
2026-02-27,000333,14:12:54,78.5400,21,1
2026-02-27,000333,14:12:57,78.5300,7,2
2026-02-27,000333,14:13:00,78.5300,11,2
2026-02-27,000333,14:13:03,78.5400,1,1
2026-02-27,000333,14:13:06,78.5300,12,2
2026-02-27,000333,14:13:09,78.5300,22,2
2026-02-27,000333,14:13:12,78.5300,12,2
2026-02-27,000333,14:13:15,78.5400,6,1
2026-02-27,000333,14:13:18,78.5400,24,1
2026-02-27,000333,14:13:21,78.5400,2,2
2026-02-27,000333,14:13:24,78.5500,20,1
2026-02-27,000333,14:13:27,78.5400,46,2
2026-02-27,000333,14:13:30,78.5300,60,2
2026-02-27,000333,14:13:33,78.5300,21,2
2026-02-27,000333,14:13:36,78.5300,76,2
2026-02-27,000333,14:13:39,78.5300,52,1
2026-02-27,000333,14:13:42,78.5300,10,1
2026-02-27,000333,14:13:45,78.5300,4,2
2026-02-27,000333,14:13:48,78.5300,15,2
2026-02-27,000333,14:13:51,78.5400,13,1
2026-02-27,000333,14:13:54,78.5300,18,2
2026-02-27,000333,14:13:57,78.5300,9,1
2026-02-27,000333,14:14:00,78.5200,78,2
2026-02-27,000333,14:14:03,78.5300,1,4
2026-02-27,000333,14:14:06,78.5300,32,4
2026-02-27,000333,14:14:09,78.5300,16,1
2026-02-27,000333,14:14:12,78.5200,19,2
2026-02-27,000333,14:14:15,78.5300,11,1
2026-02-27,000333,14:14:18,78.5300,22,1
2026-02-27,000333,14:14:21,78.5200,30,2
2026-02-27,000333,14:14:24,78.5300,34,1
2026-02-27,000333,14:14:27,78.5200,42,2
2026-02-27,000333,14:14:30,78.5300,24,1
2026-02-27,000333,14:14:33,78.5200,43,2
2026-02-27,000333,14:14:36,78.5200,15,2
2026-02-27,000333,14:14:39,78.5200,53,2
2026-02-27,000333,14:14:42,78.5300,17,1
2026-02-27,000333,14:14:45,78.5300,14,1
2026-02-27,000333,14:14:48,78.5300,16,1
2026-02-27,000333,14:14:51,78.5200,21,2
2026-02-27,000333,14:14:54,78.5200,131,2
2026-02-27,000333,14:14:57,78.5200,37,2
2026-02-27,000333,14:15:00,78.5200,50,1
2026-02-27,000333,14:15:03,78.5200,33,1
2026-02-27,000333,14:15:06,78.5200,59,1
2026-02-27,000333,14:15:09,78.5300,2,1
2026-02-27,000333,14:15:12,78.5300,44,1
2026-02-27,000333,14:15:15,78.5300,19,1
2026-02-27,000333,14:15:18,78.5200,28,2
2026-02-27,000333,14:15:21,78.5200,20,2
2026-02-27,000333,14:15:24,78.5200,14,2
2026-02-27,000333,14:15:27,78.5200,5,2
2026-02-27,000333,14:15:30,78.5300,7,1
2026-02-27,000333,14:15:33,78.5200,171,2
2026-02-27,000333,14:15:36,78.5200,12,2
2026-02-27,000333,14:15:39,78.5300,149,1
2026-02-27,000333,14:15:42,78.5200,101,2
2026-02-27,000333,14:15:45,78.5200,50,2
2026-02-27,000333,14:15:48,78.5100,53,2
2026-02-27,000333,14:15:51,78.5200,30,1
2026-02-27,000333,14:15:54,78.5300,241,1
2026-02-27,000333,14:15:57,78.5300,8,2
2026-02-27,000333,14:16:00,78.5400,10,1
2026-02-27,000333,14:16:03,78.5300,12,2
2026-02-27,000333,14:16:06,78.5400,3,1
2026-02-27,000333,14:16:09,78.5300,2,2
2026-02-27,000333,14:16:12,78.5300,514,2
2026-02-27,000333,14:16:15,78.5300,55,1
2026-02-27,000333,14:16:18,78.5300,21,1
2026-02-27,000333,14:16:21,78.5300,9,1
2026-02-27,000333,14:16:24,78.5300,54,1
2026-02-27,000333,14:16:27,78.5300,67,1
2026-02-27,000333,14:16:30,78.5200,18,2
2026-02-27,000333,14:16:33,78.5300,34,1
2026-02-27,000333,14:16:36,78.5300,11,1
2026-02-27,000333,14:16:39,78.5200,26,2
2026-02-27,000333,14:16:42,78.5300,59,1
2026-02-27,000333,14:16:45,78.5200,56,2
2026-02-27,000333,14:16:48,78.5200,4,2
2026-02-27,000333,14:16:51,78.5100,105,2
2026-02-27,000333,14:16:54,78.5200,20,1
2026-02-27,000333,14:16:57,78.5100,24,2
2026-02-27,000333,14:17:00,78.5200,13,4
2026-02-27,000333,14:17:03,78.5200,23,1
2026-02-27,000333,14:17:06,78.5200,22,1
2026-02-27,000333,14:17:09,78.5200,7,1
2026-02-27,000333,14:17:12,78.5200,10,1
2026-02-27,000333,14:17:15,78.5200,9,1
2026-02-27,000333,14:17:18,78.5200,55,1
2026-02-27,000333,14:17:21,78.5200,27,2
2026-02-27,000333,14:17:24,78.5200,32,1
2026-02-27,000333,14:17:27,78.5300,63,1
2026-02-27,000333,14:17:30,78.5200,9,2
2026-02-27,000333,14:17:33,78.5200,27,2
2026-02-27,000333,14:17:36,78.5200,11,2
2026-02-27,000333,14:17:39,78.5300,5,1
2026-02-27,000333,14:17:42,78.5200,8,2
2026-02-27,000333,14:17:45,78.5200,22,2
2026-02-27,000333,14:17:48,78.5200,23,2
2026-02-27,000333,14:17:51,78.5300,30,1
2026-02-27,000333,14:17:54,78.5200,36,2
2026-02-27,000333,14:17:57,78.5200,24,1
2026-02-27,000333,14:18:00,78.5100,25,2
2026-02-27,000333,14:18:03,78.5200,42,1
2026-02-27,000333,14:18:06,78.5200,25,1
2026-02-27,000333,14:18:09,78.5100,15,2
2026-02-27,000333,14:18:12,78.5200,6,1
2026-02-27,000333,14:18:15,78.5200,28,1
2026-02-27,000333,14:18:18,78.5200,11,1
2026-02-27,000333,14:18:21,78.5200,9,1
2026-02-27,000333,14:18:24,78.5100,56,2
2026-02-27,000333,14:18:27,78.5200,102,1
2026-02-27,000333,14:18:30,78.5200,68,2
2026-02-27,000333,14:18:33,78.5200,60,2
2026-02-27,000333,14:18:36,78.5200,25,2
2026-02-27,000333,14:18:39,78.5300,10,1
2026-02-27,000333,14:18:42,78.5200,26,2
2026-02-27,000333,14:18:45,78.5200,19,2
2026-02-27,000333,14:18:48,78.5200,56,2
2026-02-27,000333,14:18:51,78.5200,16,2
2026-02-27,000333,14:18:54,78.5200,10,1
2026-02-27,000333,14:18:57,78.5100,16,2
2026-02-27,000333,14:19:00,78.5100,9,2
2026-02-27,000333,14:19:03,78.5100,6,2
2026-02-27,000333,14:19:06,78.5100,6,2
2026-02-27,000333,14:19:09,78.5200,45,1
2026-02-27,000333,14:19:12,78.5100,14,2
2026-02-27,000333,14:19:15,78.5200,11,1
2026-02-27,000333,14:19:18,78.5200,457,1
2026-02-27,000333,14:19:21,78.5200,139,1
2026-02-27,000333,14:19:24,78.5200,45,1
2026-02-27,000333,14:19:27,78.5000,19,2
2026-02-27,000333,14:19:30,78.5100,44,1
2026-02-27,000333,14:19:33,78.5100,33,1
2026-02-27,000333,14:19:36,78.5100,12,2
2026-02-27,000333,14:19:39,78.5200,13,1
2026-02-27,000333,14:19:42,78.5200,24,1
2026-02-27,000333,14:19:45,78.5200,204,1
2026-02-27,000333,14:19:48,78.5100,94,2
2026-02-27,000333,14:19:54,78.5300,47,1
2026-02-27,000333,14:19:57,78.5200,18,2
2026-02-27,000333,14:20:00,78.5200,2,2
2026-02-27,000333,14:20:03,78.5200,13,2
2026-02-27,000333,14:20:06,78.5200,12,2
2026-02-27,000333,14:20:09,78.5200,2,1
2026-02-27,000333,14:20:12,78.5100,101,2
2026-02-27,000333,14:20:15,78.5200,17,1
2026-02-27,000333,14:20:18,78.5100,11,2
2026-02-27,000333,14:20:21,78.5200,54,1
2026-02-27,000333,14:20:24,78.5200,15,1
2026-02-27,000333,14:20:27,78.5000,69,2
2026-02-27,000333,14:20:30,78.5100,6,1
2026-02-27,000333,14:20:33,78.5200,22,1
2026-02-27,000333,14:20:36,78.5100,7,1
2026-02-27,000333,14:20:39,78.5100,5,2
2026-02-27,000333,14:20:42,78.5100,10,2
2026-02-27,000333,14:20:45,78.5100,22,2
2026-02-27,000333,14:20:48,78.5100,24,2
2026-02-27,000333,14:20:51,78.5200,24,1
2026-02-27,000333,14:20:54,78.5200,8,1
2026-02-27,000333,14:20:57,78.5000,32,2
2026-02-27,000333,14:21:00,78.5200,29,1
2026-02-27,000333,14:21:03,78.5200,93,1
2026-02-27,000333,14:21:06,78.5200,5,2
2026-02-27,000333,14:21:09,78.5200,3,2
2026-02-27,000333,14:21:12,78.5200,18,2
2026-02-27,000333,14:21:15,78.5200,38,4
2026-02-27,000333,14:21:18,78.5300,78,1
2026-02-27,000333,14:21:21,78.5300,21,1
2026-02-27,000333,14:21:24,78.5200,21,2
2026-02-27,000333,14:21:27,78.5300,32,1
2026-02-27,000333,14:21:30,78.5300,15,1
2026-02-27,000333,14:21:33,78.5300,59,1
2026-02-27,000333,14:21:36,78.5200,9,2
2026-02-27,000333,14:21:39,78.5200,25,1
2026-02-27,000333,14:21:42,78.5300,10,1
2026-02-27,000333,14:21:45,78.5300,2,1
2026-02-27,000333,14:21:48,78.5200,19,2
2026-02-27,000333,14:21:51,78.5300,8,1
2026-02-27,000333,14:21:54,78.5300,8,1
2026-02-27,000333,14:21:57,78.5200,48,2
2026-02-27,000333,14:22:00,78.5300,11,1
2026-02-27,000333,14:22:03,78.5200,11,2
2026-02-27,000333,14:22:06,78.5200,11,2
2026-02-27,000333,14:22:09,78.5300,11,1
2026-02-27,000333,14:22:12,78.5200,17,2
2026-02-27,000333,14:22:15,78.5200,46,2
2026-02-27,000333,14:22:18,78.5200,6,1
2026-02-27,000333,14:22:21,78.5200,17,1
2026-02-27,000333,14:22:24,78.5200,27,1
2026-02-27,000333,14:22:27,78.5200,53,1
2026-02-27,000333,14:22:30,78.5200,14,1
2026-02-27,000333,14:22:33,78.5200,189,1
2026-02-27,000333,14:22:36,78.5100,10,2
2026-02-27,000333,14:22:39,78.5200,15,1
2026-02-27,000333,14:22:42,78.5200,36,1
2026-02-27,000333,14:22:45,78.5200,35,1
2026-02-27,000333,14:22:48,78.5200,9,1
2026-02-27,000333,14:22:51,78.5200,1,1
2026-02-27,000333,14:22:54,78.5100,13,2
2026-02-27,000333,14:22:57,78.5100,36,2
2026-02-27,000333,14:23:00,78.5200,4,1
2026-02-27,000333,14:23:03,78.5200,1,1
2026-02-27,000333,14:23:06,78.5100,3,2
2026-02-27,000333,14:23:09,78.5100,13,2
2026-02-27,000333,14:23:12,78.5100,59,2
2026-02-27,000333,14:23:15,78.5200,13,1
2026-02-27,000333,14:23:18,78.5200,1,1
2026-02-27,000333,14:23:21,78.5200,19,1
2026-02-27,000333,14:23:24,78.5100,9,2
2026-02-27,000333,14:23:27,78.5200,96,1
2026-02-27,000333,14:23:30,78.5200,39,1
2026-02-27,000333,14:23:33,78.5200,3,1
2026-02-27,000333,14:23:36,78.5300,97,1
2026-02-27,000333,14:23:39,78.5300,15,1
2026-02-27,000333,14:23:42,78.5200,20,2
2026-02-27,000333,14:23:45,78.5300,3,1
2026-02-27,000333,14:23:48,78.5300,13,1
2026-02-27,000333,14:23:51,78.5300,40,1
2026-02-27,000333,14:23:54,78.5300,26,2
2026-02-27,000333,14:23:57,78.5400,42,1
2026-02-27,000333,14:24:00,78.5400,6,1
2026-02-27,000333,14:24:03,78.5300,65,2
2026-02-27,000333,14:24:06,78.5400,2,4
2026-02-27,000333,14:24:09,78.5500,7,1
2026-02-27,000333,14:24:12,78.5500,30,1
2026-02-27,000333,14:24:15,78.5500,31,1
2026-02-27,000333,14:24:18,78.5500,23,1
2026-02-27,000333,14:24:21,78.5500,14,1
2026-02-27,000333,14:24:24,78.5500,4,1
2026-02-27,000333,14:24:27,78.5500,39,1
2026-02-27,000333,14:24:30,78.5500,1,1
2026-02-27,000333,14:24:33,78.5500,40,1
2026-02-27,000333,14:24:36,78.5500,141,1
2026-02-27,000333,14:24:39,78.5600,11,1
2026-02-27,000333,14:24:42,78.5600,31,1
2026-02-27,000333,14:24:45,78.5600,22,1
2026-02-27,000333,14:24:48,78.5500,39,2
2026-02-27,000333,14:24:51,78.5500,20,2
2026-02-27,000333,14:24:54,78.5600,53,1
2026-02-27,000333,14:24:57,78.5500,99,2
2026-02-27,000333,14:25:00,78.5500,31,2
2026-02-27,000333,14:25:03,78.5600,15,2
2026-02-27,000333,14:25:06,78.5600,18,2
2026-02-27,000333,14:25:09,78.5600,21,2
2026-02-27,000333,14:25:12,78.5700,3,1
2026-02-27,000333,14:25:15,78.5600,14,2
2026-02-27,000333,14:25:18,78.5700,9,1
2026-02-27,000333,14:25:21,78.5700,66,1
2026-02-27,000333,14:25:24,78.5700,16,1
2026-02-27,000333,14:25:27,78.5600,47,2
2026-02-27,000333,14:25:30,78.5700,4,2
2026-02-27,000333,14:25:33,78.5800,47,1
2026-02-27,000333,14:25:36,78.5700,52,2
2026-02-27,000333,14:25:39,78.5800,54,1
2026-02-27,000333,14:25:42,78.5700,22,2
2026-02-27,000333,14:25:45,78.5800,7,1
2026-02-27,000333,14:25:48,78.5700,14,4
2026-02-27,000333,14:25:51,78.5800,6,1
2026-02-27,000333,14:25:54,78.5800,33,1
2026-02-27,000333,14:25:57,78.5700,49,2
2026-02-27,000333,14:26:00,78.5800,11,1
2026-02-27,000333,14:26:03,78.5800,6,1
2026-02-27,000333,14:26:06,78.5700,2,2
2026-02-27,000333,14:26:09,78.5800,26,1
2026-02-27,000333,14:26:12,78.5700,21,2
2026-02-27,000333,14:26:15,78.5800,9,1
2026-02-27,000333,14:26:18,78.5700,44,2
2026-02-27,000333,14:26:21,78.5900,12,1
2026-02-27,000333,14:26:24,78.5900,5,1
2026-02-27,000333,14:26:27,78.5900,61,1
2026-02-27,000333,14:26:30,78.5800,25,2
2026-02-27,000333,14:26:33,78.5800,36,2
2026-02-27,000333,14:26:36,78.5900,19,1
2026-02-27,000333,14:26:39,78.5900,4,1
2026-02-27,000333,14:26:42,78.5800,16,2
2026-02-27,000333,14:26:45,78.5900,28,1
2026-02-27,000333,14:26:48,78.5900,248,1
2026-02-27,000333,14:26:51,78.5900,57,1
2026-02-27,000333,14:26:54,78.5900,20,1
2026-02-27,000333,14:26:57,78.5800,46,2
2026-02-27,000333,14:27:00,78.5900,6,1
2026-02-27,000333,14:27:03,78.5900,15,1
2026-02-27,000333,14:27:06,78.5800,18,2
2026-02-27,000333,14:27:09,78.5900,16,1
2026-02-27,000333,14:27:12,78.5900,15,1
2026-02-27,000333,14:27:15,78.6000,54,1
2026-02-27,000333,14:27:18,78.6100,17,1
2026-02-27,000333,14:27:21,78.6100,33,2
2026-02-27,000333,14:27:24,78.6200,24,1
2026-02-27,000333,14:27:27,78.6100,50,2
2026-02-27,000333,14:27:30,78.6200,38,1
2026-02-27,000333,14:27:33,78.6100,66,2
2026-02-27,000333,14:27:36,78.6200,14,1
2026-02-27,000333,14:27:39,78.6300,23,1
2026-02-27,000333,14:27:42,78.6400,38,1
2026-02-27,000333,14:27:45,78.6300,45,2
2026-02-27,000333,14:27:48,78.6300,165,2
2026-02-27,000333,14:27:51,78.6200,745,2
2026-02-27,000333,14:27:54,78.6300,26,1
2026-02-27,000333,14:27:57,78.6300,78,1
2026-02-27,000333,14:28:00,78.6200,19,2
2026-02-27,000333,14:28:03,78.6200,62,2
2026-02-27,000333,14:28:06,78.6200,8,2
2026-02-27,000333,14:28:09,78.6200,11,2
2026-02-27,000333,14:28:12,78.6200,10,2
2026-02-27,000333,14:28:15,78.6300,6,1
2026-02-27,000333,14:28:18,78.6300,13,1
2026-02-27,000333,14:28:21,78.6300,21,1
2026-02-27,000333,14:28:24,78.6300,4,4
2026-02-27,000333,14:28:27,78.6200,40,2
2026-02-27,000333,14:28:30,78.6400,32,1
2026-02-27,000333,14:28:33,78.6300,20,1
2026-02-27,000333,14:28:36,78.6200,25,2
2026-02-27,000333,14:28:39,78.6300,10,1
2026-02-27,000333,14:28:42,78.6200,14,2
2026-02-27,000333,14:28:45,78.6200,18,2
2026-02-27,000333,14:28:48,78.6200,14,2
2026-02-27,000333,14:28:51,78.6300,4,4
2026-02-27,000333,14:28:54,78.6300,5,1
2026-02-27,000333,14:28:57,78.6300,79,1
2026-02-27,000333,14:29:00,78.6200,2,4
2026-02-27,000333,14:29:03,78.6200,142,1
2026-02-27,000333,14:29:06,78.6300,45,1
2026-02-27,000333,14:29:09,78.6400,16,1
2026-02-27,000333,14:29:12,78.6300,10,2
2026-02-27,000333,14:29:15,78.6300,34,2
2026-02-27,000333,14:29:18,78.6300,71,2
2026-02-27,000333,14:29:21,78.6200,56,2
2026-02-27,000333,14:29:24,78.6300,53,1
2026-02-27,000333,14:29:27,78.6100,50,2
2026-02-27,000333,14:29:30,78.6200,2,1
2026-02-27,000333,14:29:33,78.6200,15,1
2026-02-27,000333,14:29:36,78.6200,110,1
2026-02-27,000333,14:29:39,78.6200,18,1
2026-02-27,000333,14:29:42,78.6200,43,1
2026-02-27,000333,14:29:45,78.6200,15,1
2026-02-27,000333,14:29:48,78.6200,6,1
2026-02-27,000333,14:29:54,78.6200,26,1
2026-02-27,000333,14:29:57,78.6200,39,2
2026-02-27,000333,14:30:00,78.6100,6,2
2026-02-27,000333,14:30:03,78.6100,26,2
2026-02-27,000333,14:30:06,78.6100,6,2
2026-02-27,000333,14:30:09,78.6100,51,2
2026-02-27,000333,14:30:12,78.6200,48,1
2026-02-27,000333,14:30:15,78.6000,3,2
2026-02-27,000333,14:30:18,78.6100,34,1
2026-02-27,000333,14:30:21,78.6100,19,1
2026-02-27,000333,14:30:24,78.6100,11,1
2026-02-27,000333,14:30:27,78.6100,132,1
2026-02-27,000333,14:30:30,78.6100,5,1
2026-02-27,000333,14:30:33,78.6100,8,1
2026-02-27,000333,14:30:36,78.6100,6,1
2026-02-27,000333,14:30:39,78.6100,12,1
2026-02-27,000333,14:30:42,78.6200,19,1
2026-02-27,000333,14:30:45,78.6200,8,1
2026-02-27,000333,14:30:48,78.6100,15,2
2026-02-27,000333,14:30:54,78.6200,34,1
2026-02-27,000333,14:30:57,78.6200,13,1
2026-02-27,000333,14:31:00,78.6100,21,2
2026-02-27,000333,14:31:03,78.6100,79,2
2026-02-27,000333,14:31:06,78.6100,42,2
2026-02-27,000333,14:31:09,78.6000,6,2
2026-02-27,000333,14:31:12,78.6100,31,1
2026-02-27,000333,14:31:15,78.6100,17,2
2026-02-27,000333,14:31:18,78.6100,19,1
2026-02-27,000333,14:31:21,78.6100,21,1
2026-02-27,000333,14:31:24,78.6000,8,2
2026-02-27,000333,14:31:27,78.6100,10,1
2026-02-27,000333,14:31:30,78.6100,17,1
2026-02-27,000333,14:31:33,78.6100,14,1
2026-02-27,000333,14:31:36,78.6100,8,1
2026-02-27,000333,14:31:39,78.6000,11,2
2026-02-27,000333,14:31:42,78.6000,40,2
2026-02-27,000333,14:31:45,78.6000,62,1
2026-02-27,000333,14:31:48,78.5900,9,2
2026-02-27,000333,14:31:51,78.6000,48,1
2026-02-27,000333,14:31:54,78.6000,130,1
2026-02-27,000333,14:31:57,78.6000,33,1
2026-02-27,000333,14:32:00,78.5800,23,2
2026-02-27,000333,14:32:03,78.5800,17,2
2026-02-27,000333,14:32:06,78.5900,2,1
2026-02-27,000333,14:32:09,78.5800,5,2
2026-02-27,000333,14:32:12,78.5800,11,2
2026-02-27,000333,14:32:15,78.5800,12,2
2026-02-27,000333,14:32:18,78.5800,12,2
2026-02-27,000333,14:32:21,78.5800,10,1
2026-02-27,000333,14:32:24,78.5800,12,2
2026-02-27,000333,14:32:27,78.5800,1,2
2026-02-27,000333,14:32:30,78.5800,13,2
2026-02-27,000333,14:32:33,78.5900,53,1
2026-02-27,000333,14:32:36,78.5900,18,1
2026-02-27,000333,14:32:39,78.5900,5,1
2026-02-27,000333,14:32:42,78.5900,25,1
2026-02-27,000333,14:32:45,78.5800,9,2
2026-02-27,000333,14:32:48,78.5800,21,2
2026-02-27,000333,14:32:51,78.5800,33,2
2026-02-27,000333,14:32:54,78.5900,6,1
2026-02-27,000333,14:32:57,78.5800,69,2
2026-02-27,000333,14:33:00,78.5800,13,2
2026-02-27,000333,14:33:03,78.5800,30,2
2026-02-27,000333,14:33:06,78.5800,6,2
2026-02-27,000333,14:33:09,78.5700,48,2
2026-02-27,000333,14:33:12,78.5800,7,1
2026-02-27,000333,14:33:15,78.5700,36,2
2026-02-27,000333,14:33:18,78.5700,23,2
2026-02-27,000333,14:33:21,78.5700,23,2
2026-02-27,000333,14:33:24,78.5800,55,1
2026-02-27,000333,14:33:27,78.5900,46,1
2026-02-27,000333,14:33:30,78.5900,87,1
2026-02-27,000333,14:33:33,78.6000,9,1
2026-02-27,000333,14:33:36,78.6200,126,1
2026-02-27,000333,14:33:39,78.6200,23,1
2026-02-27,000333,14:33:42,78.6000,24,2
2026-02-27,000333,14:33:45,78.6100,70,1
2026-02-27,000333,14:33:48,78.6000,55,2
2026-02-27,000333,14:33:51,78.6000,38,2
2026-02-27,000333,14:33:54,78.6000,28,2
2026-02-27,000333,14:33:57,78.6000,6,1
2026-02-27,000333,14:34:00,78.5900,19,2
2026-02-27,000333,14:34:03,78.5900,7,2
2026-02-27,000333,14:34:06,78.6000,13,1
2026-02-27,000333,14:34:09,78.6100,44,1
2026-02-27,000333,14:34:12,78.6000,8,2
2026-02-27,000333,14:34:15,78.6000,18,2
2026-02-27,000333,14:34:18,78.6100,18,1
2026-02-27,000333,14:34:21,78.6100,13,1
2026-02-27,000333,14:34:24,78.6000,5,2
2026-02-27,000333,14:34:27,78.5600,889,2
2026-02-27,000333,14:34:30,78.5600,149,1
2026-02-27,000333,14:34:33,78.5500,185,2
2026-02-27,000333,14:34:36,78.5600,18,1
2026-02-27,000333,14:34:39,78.5600,33,1
2026-02-27,000333,14:34:42,78.5900,123,1
2026-02-27,000333,14:34:45,78.5900,15,1
2026-02-27,000333,14:34:51,78.5800,7,1
2026-02-27,000333,14:34:54,78.5900,8,1
2026-02-27,000333,14:34:57,78.5800,3,1
2026-02-27,000333,14:35:00,78.5900,34,1
2026-02-27,000333,14:35:03,78.5900,2,1
2026-02-27,000333,14:35:06,78.5900,31,1
2026-02-27,000333,14:35:09,78.5800,26,2
2026-02-27,000333,14:35:12,78.5800,12,1
2026-02-27,000333,14:35:18,78.5800,120,1
2026-02-27,000333,14:35:21,78.5800,6,1
2026-02-27,000333,14:35:24,78.5800,4,2
2026-02-27,000333,14:35:27,78.5800,2,2
2026-02-27,000333,14:35:30,78.5800,4,2
2026-02-27,000333,14:35:33,78.5800,43,2
2026-02-27,000333,14:35:36,78.5800,20,2
2026-02-27,000333,14:35:39,78.5800,21,2
2026-02-27,000333,14:35:42,78.5900,32,1
2026-02-27,000333,14:35:45,78.5900,4,1
2026-02-27,000333,14:35:48,78.5800,12,2
2026-02-27,000333,14:35:51,78.5800,18,2
2026-02-27,000333,14:35:54,78.5800,4,1
2026-02-27,000333,14:35:57,78.5800,12,1
2026-02-27,000333,14:36:00,78.5700,5,2
2026-02-27,000333,14:36:03,78.5800,8,1
2026-02-27,000333,14:36:06,78.5800,19,1
2026-02-27,000333,14:36:09,78.5800,8,2
2026-02-27,000333,14:36:12,78.5700,27,2
2026-02-27,000333,14:36:15,78.5700,16,2
2026-02-27,000333,14:36:18,78.5700,17,2
2026-02-27,000333,14:36:21,78.5900,39,1
2026-02-27,000333,14:36:24,78.5800,14,1
2026-02-27,000333,14:36:27,78.5800,5,2
2026-02-27,000333,14:36:30,78.5800,4,2
2026-02-27,000333,14:36:33,78.5800,63,1
2026-02-27,000333,14:36:36,78.5900,11,1
2026-02-27,000333,14:36:39,78.5800,14,4
2026-02-27,000333,14:36:42,78.5800,19,1
2026-02-27,000333,14:36:45,78.5800,2,2
2026-02-27,000333,14:36:48,78.5700,27,2
2026-02-27,000333,14:36:51,78.5800,13,2
2026-02-27,000333,14:36:54,78.5800,46,1
2026-02-27,000333,14:36:57,78.5800,6,1
2026-02-27,000333,14:37:00,78.5800,14,1
2026-02-27,000333,14:37:03,78.5800,2,1
2026-02-27,000333,14:37:06,78.5800,25,1
2026-02-27,000333,14:37:12,78.5700,25,2
2026-02-27,000333,14:37:15,78.5800,4,1
2026-02-27,000333,14:37:18,78.5700,12,2
2026-02-27,000333,14:37:21,78.5700,11,2
2026-02-27,000333,14:37:24,78.5700,9,2
2026-02-27,000333,14:37:27,78.5800,11,1
2026-02-27,000333,14:37:30,78.5800,5,1
2026-02-27,000333,14:37:33,78.5700,12,2
2026-02-27,000333,14:37:36,78.5800,19,1
2026-02-27,000333,14:37:39,78.5700,35,2
2026-02-27,000333,14:37:42,78.5700,4,2
2026-02-27,000333,14:37:45,78.5700,2,2
2026-02-27,000333,14:37:48,78.5800,9,1
2026-02-27,000333,14:37:51,78.5800,21,1
2026-02-27,000333,14:37:54,78.5700,14,2
2026-02-27,000333,14:37:57,78.5800,17,1
2026-02-27,000333,14:38:00,78.5700,9,2
2026-02-27,000333,14:38:03,78.5800,128,1
2026-02-27,000333,14:38:06,78.5700,28,2
2026-02-27,000333,14:38:09,78.5700,15,2
2026-02-27,000333,14:38:12,78.5800,35,1
2026-02-27,000333,14:38:15,78.5800,1,1
2026-02-27,000333,14:38:21,78.5700,2,2
2026-02-27,000333,14:38:24,78.5800,7,1
2026-02-27,000333,14:38:27,78.5700,26,2
2026-02-27,000333,14:38:30,78.5800,43,1
2026-02-27,000333,14:38:33,78.5800,32,1
2026-02-27,000333,14:38:36,78.5700,15,2
2026-02-27,000333,14:38:39,78.5800,3,1
2026-02-27,000333,14:38:42,78.5800,74,1
2026-02-27,000333,14:38:45,78.5800,4,1
2026-02-27,000333,14:38:48,78.5700,31,2
2026-02-27,000333,14:38:51,78.5800,58,1
2026-02-27,000333,14:38:54,78.5700,2,2
2026-02-27,000333,14:38:57,78.5800,7,1
2026-02-27,000333,14:39:00,78.5700,14,2
2026-02-27,000333,14:39:03,78.5800,26,1
2026-02-27,000333,14:39:06,78.5700,30,2
2026-02-27,000333,14:39:09,78.5800,84,1
2026-02-27,000333,14:39:12,78.5900,84,1
2026-02-27,000333,14:39:15,78.6000,12,1
2026-02-27,000333,14:39:18,78.5900,19,2
2026-02-27,000333,14:39:21,78.5900,5,2
2026-02-27,000333,14:39:24,78.5900,29,2
2026-02-27,000333,14:39:27,78.5900,93,1
2026-02-27,000333,14:39:30,78.5800,261,2
2026-02-27,000333,14:39:33,78.6300,11,1
2026-02-27,000333,14:39:36,78.6100,5,4
2026-02-27,000333,14:39:39,78.6000,1,2
2026-02-27,000333,14:39:42,78.6000,24,1
2026-02-27,000333,14:39:45,78.6000,2,1
2026-02-27,000333,14:39:48,78.6000,15,1
2026-02-27,000333,14:39:51,78.6000,22,1
2026-02-27,000333,14:39:54,78.6000,8,2
2026-02-27,000333,14:39:57,78.6000,29,2
2026-02-27,000333,14:40:00,78.6000,55,4
2026-02-27,000333,14:40:03,78.6100,8,1
2026-02-27,000333,14:40:06,78.5900,40,2
2026-02-27,000333,14:40:09,78.6000,4,1
2026-02-27,000333,14:40:12,78.5900,52,2
2026-02-27,000333,14:40:15,78.6000,3,1
2026-02-27,000333,14:40:18,78.6000,11,1
2026-02-27,000333,14:40:21,78.5900,39,2
2026-02-27,000333,14:40:24,78.6000,22,1
2026-02-27,000333,14:40:27,78.5900,21,2
2026-02-27,000333,14:40:30,78.5900,17,2
2026-02-27,000333,14:40:33,78.6000,28,1
2026-02-27,000333,14:40:36,78.5900,20,2
2026-02-27,000333,14:40:39,78.6000,20,1
2026-02-27,000333,14:40:42,78.5900,20,1
2026-02-27,000333,14:40:45,78.6000,10,1
2026-02-27,000333,14:40:48,78.6000,3,1
2026-02-27,000333,14:40:51,78.5900,53,2
2026-02-27,000333,14:40:54,78.6000,5,1
2026-02-27,000333,14:40:57,78.6000,1,2
2026-02-27,000333,14:41:00,78.6000,14,2
2026-02-27,000333,14:41:03,78.5900,46,2
2026-02-27,000333,14:41:06,78.6000,2,1
2026-02-27,000333,14:41:09,78.6100,4,1
2026-02-27,000333,14:41:12,78.6000,48,2
2026-02-27,000333,14:41:15,78.6100,4,1
2026-02-27,000333,14:41:18,78.6100,6,1
2026-02-27,000333,14:41:21,78.6000,56,2
2026-02-27,000333,14:41:24,78.6000,9,1
2026-02-27,000333,14:41:27,78.6100,34,1
2026-02-27,000333,14:41:30,78.6100,5,1
2026-02-27,000333,14:41:33,78.6100,17,4
2026-02-27,000333,14:41:36,78.6000,4,2
2026-02-27,000333,14:41:39,78.5900,37,2
2026-02-27,000333,14:41:42,78.6100,20,1
2026-02-27,000333,14:41:45,78.6000,4,1
2026-02-27,000333,14:41:48,78.5900,7,2
2026-02-27,000333,14:41:51,78.6000,22,1
2026-02-27,000333,14:41:54,78.6000,17,2
2026-02-27,000333,14:41:57,78.6000,17,1
2026-02-27,000333,14:42:00,78.5900,38,2
2026-02-27,000333,14:42:03,78.5900,73,2
2026-02-27,000333,14:42:06,78.5900,16,2
2026-02-27,000333,14:42:09,78.6000,4,1
2026-02-27,000333,14:42:12,78.6000,52,1
2026-02-27,000333,14:42:15,78.6000,116,1
2026-02-27,000333,14:42:18,78.6000,7,1
2026-02-27,000333,14:42:21,78.6000,119,1
2026-02-27,000333,14:42:24,78.6000,99,1
2026-02-27,000333,14:42:27,78.6000,45,1
2026-02-27,000333,14:42:30,78.6000,20,1
2026-02-27,000333,14:42:33,78.6000,1,1
2026-02-27,000333,14:42:36,78.6000,20,1
2026-02-27,000333,14:42:39,78.5900,7,2
2026-02-27,000333,14:42:42,78.6000,33,1
2026-02-27,000333,14:42:45,78.6000,42,1
2026-02-27,000333,14:42:48,78.6000,34,1
2026-02-27,000333,14:42:51,78.5900,19,2
2026-02-27,000333,14:42:54,78.6000,9,1
2026-02-27,000333,14:42:57,78.5900,20,2
2026-02-27,000333,14:43:00,78.6000,49,4
2026-02-27,000333,14:43:03,78.6200,17,1
2026-02-27,000333,14:43:06,78.6100,11,2
2026-02-27,000333,14:43:09,78.6100,47,2
2026-02-27,000333,14:43:12,78.6100,3,2
2026-02-27,000333,14:43:15,78.6200,81,1
2026-02-27,000333,14:43:18,78.6200,84,2
2026-02-27,000333,14:43:21,78.6100,20,2
2026-02-27,000333,14:43:24,78.6200,95,1
2026-02-27,000333,14:43:27,78.6100,5,1
2026-02-27,000333,14:43:30,78.6200,8,1
2026-02-27,000333,14:43:33,78.6100,7,2
2026-02-27,000333,14:43:36,78.6200,5,1
2026-02-27,000333,14:43:39,78.6100,8,2
2026-02-27,000333,14:43:42,78.6100,7,2
2026-02-27,000333,14:43:45,78.6000,10,2
2026-02-27,000333,14:43:48,78.6000,50,2
2026-02-27,000333,14:43:51,78.6100,39,1
2026-02-27,000333,14:43:54,78.6100,1,1
2026-02-27,000333,14:43:57,78.6100,8,1
2026-02-27,000333,14:44:00,78.6100,5,1
2026-02-27,000333,14:44:03,78.6000,29,2
2026-02-27,000333,14:44:06,78.6000,165,2
2026-02-27,000333,14:44:09,78.6000,24,2
2026-02-27,000333,14:44:12,78.6000,63,2
2026-02-27,000333,14:44:15,78.6000,4,1
2026-02-27,000333,14:44:18,78.6000,16,1
2026-02-27,000333,14:44:21,78.6000,38,1
2026-02-27,000333,14:44:24,78.5900,8,2
2026-02-27,000333,14:44:27,78.6000,8,1
2026-02-27,000333,14:44:30,78.5900,27,2
2026-02-27,000333,14:44:33,78.6000,36,1
2026-02-27,000333,14:44:36,78.5900,10,2
2026-02-27,000333,14:44:39,78.5900,15,2
2026-02-27,000333,14:44:42,78.6000,23,1
2026-02-27,000333,14:44:45,78.6000,35,1
2026-02-27,000333,14:44:48,78.6000,6,1
2026-02-27,000333,14:44:51,78.5900,18,2
2026-02-27,000333,14:44:54,78.5900,52,2
2026-02-27,000333,14:44:57,78.5900,3,2
2026-02-27,000333,14:45:00,78.5900,11,2
2026-02-27,000333,14:45:03,78.6000,89,1
2026-02-27,000333,14:45:06,78.6000,123,1
2026-02-27,000333,14:45:09,78.6000,64,1
2026-02-27,000333,14:45:12,78.6100,46,1
2026-02-27,000333,14:45:15,78.6100,29,1
2026-02-27,000333,14:45:18,78.6100,9,1
2026-02-27,000333,14:45:21,78.6100,10,1
2026-02-27,000333,14:45:24,78.6200,71,1
2026-02-27,000333,14:45:27,78.6100,54,2
2026-02-27,000333,14:45:30,78.6200,6,2
2026-02-27,000333,14:45:33,78.6200,75,2
2026-02-27,000333,14:45:36,78.6200,199,2
2026-02-27,000333,14:45:39,78.6200,20,2
2026-02-27,000333,14:45:42,78.6200,27,1
2026-02-27,000333,14:45:45,78.6200,11,1
2026-02-27,000333,14:45:48,78.6100,72,2
2026-02-27,000333,14:45:51,78.6100,60,2
2026-02-27,000333,14:45:54,78.6000,15,2
2026-02-27,000333,14:45:57,78.6000,19,2
2026-02-27,000333,14:46:00,78.6200,76,1
2026-02-27,000333,14:46:03,78.6000,11,2
2026-02-27,000333,14:46:06,78.6000,45,2
2026-02-27,000333,14:46:09,78.6000,7,2
2026-02-27,000333,14:46:12,78.6100,17,1
2026-02-27,000333,14:46:15,78.6100,3,1
2026-02-27,000333,14:46:18,78.6100,14,1
2026-02-27,000333,14:46:21,78.6100,2,1
2026-02-27,000333,14:46:24,78.6100,23,1
2026-02-27,000333,14:46:27,78.6000,23,2
2026-02-27,000333,14:46:30,78.6100,76,1
2026-02-27,000333,14:46:33,78.6100,58,1
2026-02-27,000333,14:46:36,78.6100,10,1
2026-02-27,000333,14:46:39,78.6000,7,2
2026-02-27,000333,14:46:42,78.6100,30,1
2026-02-27,000333,14:46:45,78.6100,31,1
2026-02-27,000333,14:46:48,78.6100,6,1
2026-02-27,000333,14:46:51,78.6100,6,1
2026-02-27,000333,14:46:57,78.6000,28,2
2026-02-27,000333,14:47:00,78.6000,16,2
2026-02-27,000333,14:47:03,78.6000,14,2
2026-02-27,000333,14:47:06,78.6100,67,1
2026-02-27,000333,14:47:09,78.6200,72,1
2026-02-27,000333,14:47:12,78.6200,8,1
2026-02-27,000333,14:47:15,78.6200,38,1
2026-02-27,000333,14:47:18,78.6000,32,2
2026-02-27,000333,14:47:21,78.6300,15,1
2026-02-27,000333,14:47:24,78.6200,4,4
2026-02-27,000333,14:47:27,78.6100,50,2
2026-02-27,000333,14:47:30,78.6200,20,1
2026-02-27,000333,14:47:33,78.6200,11,1
2026-02-27,000333,14:47:36,78.6300,22,1
2026-02-27,000333,14:47:39,78.6200,24,2
2026-02-27,000333,14:47:42,78.6300,73,1
2026-02-27,000333,14:47:45,78.6300,31,1
2026-02-27,000333,14:47:48,78.6200,19,2
2026-02-27,000333,14:47:51,78.6100,39,2
2026-02-27,000333,14:47:54,78.6200,76,1
2026-02-27,000333,14:47:57,78.6200,11,1
2026-02-27,000333,14:48:00,78.6300,14,1
2026-02-27,000333,14:48:03,78.6200,21,2
2026-02-27,000333,14:48:06,78.6200,2,2
2026-02-27,000333,14:48:09,78.6200,10,2
2026-02-27,000333,14:48:12,78.6100,26,2
2026-02-27,000333,14:48:15,78.6200,42,1
2026-02-27,000333,14:48:18,78.6100,17,2
2026-02-27,000333,14:48:21,78.6100,96,2
2026-02-27,000333,14:48:24,78.6200,14,1
2026-02-27,000333,14:48:27,78.6100,30,2
2026-02-27,000333,14:48:30,78.6000,42,2
2026-02-27,000333,14:48:33,78.6100,21,1
2026-02-27,000333,14:48:36,78.6000,10,2
2026-02-27,000333,14:48:39,78.6100,5,1
2026-02-27,000333,14:48:42,78.6000,24,2
2026-02-27,000333,14:48:45,78.6100,18,1
2026-02-27,000333,14:48:48,78.6100,118,1
2026-02-27,000333,14:48:51,78.6100,25,1
2026-02-27,000333,14:48:54,78.6100,56,1
2026-02-27,000333,14:48:57,78.6100,80,1
2026-02-27,000333,14:49:00,78.6200,85,1
2026-02-27,000333,14:49:03,78.6000,52,2
2026-02-27,000333,14:49:06,78.6200,110,1
2026-02-27,000333,14:49:09,78.6100,14,4
2026-02-27,000333,14:49:12,78.6100,39,1
2026-02-27,000333,14:49:15,78.6100,161,1
2026-02-27,000333,14:49:18,78.6200,12,1
2026-02-27,000333,14:49:21,78.6200,21,1
2026-02-27,000333,14:49:24,78.6300,41,1
2026-02-27,000333,14:49:27,78.6200,106,1
2026-02-27,000333,14:49:30,78.6200,19,1
2026-02-27,000333,14:49:33,78.6300,11,1
2026-02-27,000333,14:49:36,78.6200,4,4
2026-02-27,000333,14:49:39,78.6200,23,1
2026-02-27,000333,14:49:42,78.6200,51,1
2026-02-27,000333,14:49:45,78.6200,49,1
2026-02-27,000333,14:49:48,78.6200,3,1
2026-02-27,000333,14:49:51,78.6200,8,1
2026-02-27,000333,14:49:54,78.6100,45,2
2026-02-27,000333,14:49:57,78.6000,411,2
2026-02-27,000333,14:50:00,78.6100,28,1
2026-02-27,000333,14:50:03,78.6100,40,1
2026-02-27,000333,14:50:06,78.6000,295,2
2026-02-27,000333,14:50:09,78.6000,15,2
2026-02-27,000333,14:50:12,78.6000,119,2
2026-02-27,000333,14:50:15,78.5900,87,2
2026-02-27,000333,14:50:18,78.5900,17,2
2026-02-27,000333,14:50:21,78.6000,13,4
2026-02-27,000333,14:50:24,78.6100,432,1
2026-02-27,000333,14:50:27,78.6100,13,1
2026-02-27,000333,14:50:30,78.6100,10,1
2026-02-27,000333,14:50:33,78.6000,33,2
2026-02-27,000333,14:50:36,78.6000,12,2
2026-02-27,000333,14:50:39,78.6100,44,1
2026-02-27,000333,14:50:42,78.6200,15,1
2026-02-27,000333,14:50:45,78.6200,28,1
2026-02-27,000333,14:50:48,78.6200,10,1
2026-02-27,000333,14:50:51,78.6200,28,1
2026-02-27,000333,14:50:54,78.6500,66,1
2026-02-27,000333,14:50:57,78.6500,31,1
2026-02-27,000333,14:51:00,78.6500,57,1
2026-02-27,000333,14:51:03,78.6400,88,2
2026-02-27,000333,14:51:06,78.6300,59,2
2026-02-27,000333,14:51:09,78.6300,24,2
2026-02-27,000333,14:51:12,78.6300,33,1
2026-02-27,000333,14:51:15,78.6200,33,2
2026-02-27,000333,14:51:18,78.6200,27,2
2026-02-27,000333,14:51:21,78.6200,33,2
2026-02-27,000333,14:51:24,78.6200,28,2
2026-02-27,000333,14:51:27,78.6200,14,2
2026-02-27,000333,14:51:30,78.6300,20,1
2026-02-27,000333,14:51:33,78.6300,83,1
2026-02-27,000333,14:51:36,78.6300,20,1
2026-02-27,000333,14:51:39,78.6100,89,2
2026-02-27,000333,14:51:42,78.6300,28,1
2026-02-27,000333,14:51:45,78.6400,14,1
2026-02-27,000333,14:51:48,78.6300,40,2
2026-02-27,000333,14:51:51,78.6300,12,1
2026-02-27,000333,14:51:54,78.6300,12,1
2026-02-27,000333,14:51:57,78.6200,11,2
2026-02-27,000333,14:52:00,78.6200,93,2
2026-02-27,000333,14:52:03,78.6400,35,1
2026-02-27,000333,14:52:06,78.6500,46,1
2026-02-27,000333,14:52:09,78.6500,22,1
2026-02-27,000333,14:52:12,78.6500,37,2
2026-02-27,000333,14:52:15,78.6600,16,1
2026-02-27,000333,14:52:18,78.6600,21,1
2026-02-27,000333,14:52:21,78.6600,1,4
2026-02-27,000333,14:52:24,78.6600,25,2
2026-02-27,000333,14:52:27,78.6600,25,2
2026-02-27,000333,14:52:30,78.6600,20,2
2026-02-27,000333,14:52:33,78.6600,23,2
2026-02-27,000333,14:52:36,78.6700,10,1
2026-02-27,000333,14:52:39,78.6700,22,1
2026-02-27,000333,14:52:42,78.6600,73,2
2026-02-27,000333,14:52:45,78.6700,11,1
2026-02-27,000333,14:52:48,78.6700,15,1
2026-02-27,000333,14:52:51,78.6600,39,2
2026-02-27,000333,14:52:54,78.6600,28,2
2026-02-27,000333,14:52:57,78.6700,38,1
2026-02-27,000333,14:53:00,78.6800,60,1
2026-02-27,000333,14:53:03,78.6700,31,2
2026-02-27,000333,14:53:06,78.6800,14,1
2026-02-27,000333,14:53:09,78.6900,28,1
2026-02-27,000333,14:53:12,78.6900,43,1
2026-02-27,000333,14:53:15,78.7200,14,1
2026-02-27,000333,14:53:18,78.7000,21,2
2026-02-27,000333,14:53:21,78.7100,34,1
2026-02-27,000333,14:53:24,78.7000,139,2
2026-02-27,000333,14:53:27,78.7000,140,2
2026-02-27,000333,14:53:30,78.7100,45,1
2026-02-27,000333,14:53:33,78.7100,33,1
2026-02-27,000333,14:53:36,78.7000,21,2
2026-02-27,000333,14:53:39,78.7000,10,2
2026-02-27,000333,14:53:42,78.7100,18,1
2026-02-27,000333,14:53:45,78.7100,85,1
2026-02-27,000333,14:53:48,78.7100,43,1
2026-02-27,000333,14:53:51,78.7100,31,1
2026-02-27,000333,14:53:54,78.7100,28,1
2026-02-27,000333,14:53:57,78.7100,33,1
2026-02-27,000333,14:54:00,78.7100,90,2
2026-02-27,000333,14:54:03,78.7400,96,1
2026-02-27,000333,14:54:06,78.7300,101,2
2026-02-27,000333,14:54:09,78.7200,55,2
2026-02-27,000333,14:54:12,78.7300,8,1
2026-02-27,000333,14:54:15,78.7300,22,1
2026-02-27,000333,14:54:18,78.7200,26,4
2026-02-27,000333,14:54:21,78.7200,12,2
2026-02-27,000333,14:54:24,78.7200,16,4
2026-02-27,000333,14:54:27,78.7300,33,1
2026-02-27,000333,14:54:30,78.7200,19,2
2026-02-27,000333,14:54:33,78.7100,40,2
2026-02-27,000333,14:54:36,78.7200,53,1
2026-02-27,000333,14:54:39,78.7200,18,1
2026-02-27,000333,14:54:42,78.7200,36,1
2026-02-27,000333,14:54:45,78.7100,15,2
2026-02-27,000333,14:54:48,78.7100,17,2
2026-02-27,000333,14:54:51,78.7100,58,2
2026-02-27,000333,14:54:54,78.7100,38,2
2026-02-27,000333,14:54:57,78.7100,53,2
2026-02-27,000333,14:55:00,78.7100,54,2
2026-02-27,000333,14:55:03,78.7200,8,1
2026-02-27,000333,14:55:06,78.7300,137,1
2026-02-27,000333,14:55:09,78.7300,39,2
2026-02-27,000333,14:55:12,78.7300,7,1
2026-02-27,000333,14:55:15,78.7200,32,2
2026-02-27,000333,14:55:18,78.7300,34,4
2026-02-27,000333,14:55:21,78.7200,30,2
2026-02-27,000333,14:55:24,78.7400,9,1
2026-02-27,000333,14:55:27,78.7400,10,1
2026-02-27,000333,14:55:30,78.7300,5,2
2026-02-27,000333,14:55:33,78.7200,68,2
2026-02-27,000333,14:55:36,78.7200,76,2
2026-02-27,000333,14:55:39,78.7300,35,4
2026-02-27,000333,14:55:42,78.7400,31,1
2026-02-27,000333,14:55:45,78.7500,39,1
2026-02-27,000333,14:55:48,78.7500,13,1
2026-02-27,000333,14:55:51,78.7500,33,1
2026-02-27,000333,14:55:54,78.7500,28,1
2026-02-27,000333,14:55:57,78.7400,76,2
2026-02-27,000333,14:56:00,78.7400,13,2
2026-02-27,000333,14:56:03,78.7500,123,1
2026-02-27,000333,14:56:06,78.7300,102,2
2026-02-27,000333,14:56:09,78.7200,41,2
2026-02-27,000333,14:56:12,78.7400,22,1
2026-02-27,000333,14:56:15,78.7400,195,1
2026-02-27,000333,14:56:18,78.7400,35,1
2026-02-27,000333,14:56:21,78.7000,79,2
2026-02-27,000333,14:56:24,78.7300,17,1
2026-02-27,000333,14:56:27,78.7300,16,1
2026-02-27,000333,14:56:30,78.7300,16,1
2026-02-27,000333,14:56:33,78.7400,12,1
2026-02-27,000333,14:56:36,78.7400,55,1
2026-02-27,000333,14:56:39,78.7400,30,1
2026-02-27,000333,14:56:42,78.7300,41,2
2026-02-27,000333,14:56:45,78.7200,32,2
2026-02-27,000333,14:56:48,78.7300,24,1
2026-02-27,000333,14:56:51,78.7200,28,2
2026-02-27,000333,14:56:54,78.7200,46,2
2026-02-27,000333,14:56:57,78.7300,10,1
2026-02-27,000333,14:57:00,78.7300,75,1
2026-02-27,000333,15:00:00,78.6400,9756,4
2026-02-27,000333,13:15:39,79.0000,24,2
2026-02-27,000333,13:15:42,79.0200,6,1
2026-02-27,000333,13:15:45,79.0100,25,2
2026-02-27,000333,13:15:48,79.0200,14,4
2026-02-27,000333,13:15:51,79.0200,20,2
2026-02-27,000333,13:15:54,79.0100,17,2
2026-02-27,000333,13:15:57,79.0100,21,2
2026-02-27,000333,13:16:00,78.9900,81,2
2026-02-27,000333,13:16:03,78.9800,48,2
2026-02-27,000333,13:16:06,78.9800,14,2
2026-02-27,000333,13:16:09,78.9800,15,2
2026-02-27,000333,13:16:12,78.9800,27,2
2026-02-27,000333,13:16:15,78.9800,22,2
2026-02-27,000333,13:16:18,78.9800,19,2
2026-02-27,000333,13:16:21,78.9900,4,1
2026-02-27,000333,13:16:24,79.0000,9,1
2026-02-27,000333,13:16:27,79.0000,20,1
2026-02-27,000333,13:16:30,79.0000,19,1
2026-02-27,000333,13:16:33,78.9900,31,2
2026-02-27,000333,13:16:36,78.9900,33,2
2026-02-27,000333,13:16:39,78.9800,25,2
2026-02-27,000333,13:16:42,78.9900,23,1
2026-02-27,000333,13:16:45,78.9900,16,2
2026-02-27,000333,13:16:48,78.9900,3,2
2026-02-27,000333,13:16:51,78.9900,20,2
2026-02-27,000333,13:16:54,79.0000,4,1
2026-02-27,000333,13:16:57,78.9900,2,2
2026-02-27,000333,13:17:00,78.9800,22,2
2026-02-27,000333,13:17:03,78.9800,60,2
2026-02-27,000333,13:17:06,78.9700,80,2
2026-02-27,000333,13:17:09,78.9700,48,2
2026-02-27,000333,13:17:12,78.9800,60,1
2026-02-27,000333,13:17:15,78.9900,44,1
2026-02-27,000333,13:17:18,78.9900,23,4
2026-02-27,000333,13:17:21,79.0000,3,1
2026-02-27,000333,13:17:24,79.0000,1,1
2026-02-27,000333,13:17:27,79.0000,69,1
2026-02-27,000333,13:17:30,79.0000,24,2
2026-02-27,000333,13:17:33,79.0000,5,1
2026-02-27,000333,13:17:36,78.9900,36,2
2026-02-27,000333,13:17:39,78.9900,14,2
2026-02-27,000333,13:17:42,79.0000,3,1
2026-02-27,000333,13:17:45,79.0000,7,1
2026-02-27,000333,13:17:48,79.0000,19,1
2026-02-27,000333,13:17:51,78.9900,30,2
2026-02-27,000333,13:17:54,78.9900,39,2
2026-02-27,000333,13:17:57,78.9800,63,2
2026-02-27,000333,13:18:00,78.9700,41,2
2026-02-27,000333,13:18:03,78.9600,21,2
2026-02-27,000333,13:18:06,78.9800,27,1
2026-02-27,000333,13:18:09,78.9600,26,2
2026-02-27,000333,13:18:12,78.9800,58,1
2026-02-27,000333,13:18:15,78.9800,34,1
2026-02-27,000333,13:18:18,78.9600,15,2
2026-02-27,000333,13:18:21,78.9600,39,2
2026-02-27,000333,13:18:24,78.9400,128,2
2026-02-27,000333,13:18:27,78.9300,63,2
2026-02-27,000333,13:18:30,78.9200,45,2
2026-02-27,000333,13:18:33,78.9300,36,1
2026-02-27,000333,13:18:36,78.9000,41,2
2026-02-27,000333,13:18:39,78.9100,14,2
2026-02-27,000333,13:18:42,78.9100,21,2
2026-02-27,000333,13:18:45,78.9200,10,1
2026-02-27,000333,13:18:48,78.9100,11,2
2026-02-27,000333,13:18:51,78.9200,20,1
2026-02-27,000333,13:18:54,78.9300,15,1
2026-02-27,000333,13:18:57,78.9200,24,2
2026-02-27,000333,13:19:00,78.9300,11,1
2026-02-27,000333,13:19:03,78.9400,64,1
2026-02-27,000333,13:19:06,78.9300,45,2
2026-02-27,000333,13:19:09,78.9300,30,2
2026-02-27,000333,13:19:12,78.9300,26,1
2026-02-27,000333,13:19:15,78.9500,23,1
2026-02-27,000333,13:19:18,78.9300,13,2
2026-02-27,000333,13:19:21,78.9200,25,2
2026-02-27,000333,13:19:24,78.9100,1,2
2026-02-27,000333,13:19:27,78.9100,26,2
2026-02-27,000333,13:19:30,78.9100,67,2
2026-02-27,000333,13:19:33,78.9000,37,2
2026-02-27,000333,13:19:36,78.9000,21,2
2026-02-27,000333,13:19:39,78.8900,45,2
2026-02-27,000333,13:19:42,78.8900,11,1
2026-02-27,000333,13:19:45,78.8900,3,1
2026-02-27,000333,13:19:48,78.8900,29,1
2026-02-27,000333,13:19:51,78.8800,21,2
2026-02-27,000333,13:19:54,78.8900,52,1
2026-02-27,000333,13:20:03,78.9000,26,1
2026-02-27,000333,13:20:06,78.8900,47,2
2026-02-27,000333,13:20:09,78.9000,12,4
2026-02-27,000333,13:20:12,78.8900,46,2
2026-02-27,000333,13:20:15,78.9000,7,2
2026-02-27,000333,13:20:18,78.9100,32,1
2026-02-27,000333,13:20:21,78.9200,14,1
2026-02-27,000333,13:20:24,78.9400,53,1
2026-02-27,000333,13:20:27,78.9400,60,1
2026-02-27,000333,13:20:30,78.9400,44,2
2026-02-27,000333,13:20:33,78.9500,14,2
2026-02-27,000333,13:20:36,78.9600,60,1
2026-02-27,000333,13:20:39,78.9600,40,2
2026-02-27,000333,13:20:42,78.9600,16,1
2026-02-27,000333,13:20:45,78.9500,20,2
2026-02-27,000333,13:20:48,78.9500,12,2
2026-02-27,000333,13:20:51,78.9500,45,2
2026-02-27,000333,13:20:54,78.9900,19,1
2026-02-27,000333,13:20:57,78.9900,18,1
2026-02-27,000333,13:21:00,78.9600,11,2
2026-02-27,000333,13:21:03,78.9600,26,2
2026-02-27,000333,13:21:06,78.9500,15,2
2026-02-27,000333,13:21:09,78.9500,35,2
2026-02-27,000333,13:21:12,78.9600,12,1
2026-02-27,000333,13:21:15,78.9700,22,1
2026-02-27,000333,13:21:18,78.9600,18,2
2026-02-27,000333,13:21:21,78.9600,4,1
2026-02-27,000333,13:21:24,78.9600,11,1
2026-02-27,000333,13:21:27,78.9600,14,2
2026-02-27,000333,13:21:30,78.9600,51,2
2026-02-27,000333,13:21:33,78.9500,13,2
2026-02-27,000333,13:21:36,78.9400,11,2
2026-02-27,000333,13:21:39,78.9500,22,1
2026-02-27,000333,13:21:42,78.9500,3,1
2026-02-27,000333,13:21:45,78.9400,10,2
2026-02-27,000333,13:21:48,78.9400,5,2
2026-02-27,000333,13:21:51,78.9400,249,2
2026-02-27,000333,13:21:54,78.9200,27,2
2026-02-27,000333,13:21:57,78.9000,64,2
2026-02-27,000333,13:22:00,78.9300,39,1
2026-02-27,000333,13:22:03,78.9300,4,2
2026-02-27,000333,13:22:06,78.9400,6,1
2026-02-27,000333,13:22:09,78.9200,14,2
2026-02-27,000333,13:22:12,78.9300,10,4
2026-02-27,000333,13:22:15,78.9400,17,1
2026-02-27,000333,13:22:18,78.9300,12,2
2026-02-27,000333,13:22:21,78.9400,15,1
2026-02-27,000333,13:22:24,78.9300,2,2
2026-02-27,000333,13:22:27,78.9400,7,1
2026-02-27,000333,13:22:30,78.9400,7,2
2026-02-27,000333,13:22:33,78.9400,9,2
2026-02-27,000333,13:22:36,78.9500,12,1
2026-02-27,000333,13:22:39,78.9400,26,2
2026-02-27,000333,13:22:42,78.9400,7,2
2026-02-27,000333,13:22:45,78.9500,7,1
2026-02-27,000333,13:22:51,78.9500,7,1
2026-02-27,000333,13:22:54,78.9600,22,1
2026-02-27,000333,13:22:57,78.9600,15,1
2026-02-27,000333,13:23:00,78.9600,7,1
2026-02-27,000333,13:23:03,78.9500,21,2
2026-02-27,000333,13:23:06,78.9500,4,2
2026-02-27,000333,13:23:09,78.9600,13,1
2026-02-27,000333,13:23:12,78.9600,27,1
2026-02-27,000333,13:23:15,78.9700,11,2
2026-02-27,000333,13:23:18,78.9700,47,2
2026-02-27,000333,13:23:21,78.9500,112,2
2026-02-27,000333,13:23:24,78.9500,16,2
2026-02-27,000333,13:23:27,78.9600,13,1
2026-02-27,000333,13:23:30,78.9500,1,2
2026-02-27,000333,13:23:33,78.9600,11,1
2026-02-27,000333,13:23:36,78.9500,9,2
2026-02-27,000333,13:23:39,78.9500,19,2
2026-02-27,000333,13:23:42,78.9500,15,2
2026-02-27,000333,13:23:45,78.9500,6,2
2026-02-27,000333,13:23:48,78.9400,135,2
2026-02-27,000333,13:23:51,78.9500,16,1
2026-02-27,000333,13:23:54,78.9400,3,2
2026-02-27,000333,13:23:57,78.9300,109,2
2026-02-27,000333,13:24:00,78.9300,21,2
2026-02-27,000333,13:24:03,78.9200,14,2
2026-02-27,000333,13:24:06,78.9100,4,2
2026-02-27,000333,13:24:09,78.9100,2,2
2026-02-27,000333,13:24:12,78.9100,19,2
2026-02-27,000333,13:24:15,78.9100,11,2
2026-02-27,000333,13:24:18,78.9100,18,2
2026-02-27,000333,13:24:21,78.9100,12,2
2026-02-27,000333,13:24:24,78.9200,14,1
2026-02-27,000333,13:24:27,78.9100,3,2
2026-02-27,000333,13:24:30,78.9100,17,2
2026-02-27,000333,13:24:33,78.9200,12,1
2026-02-27,000333,13:24:36,78.9200,95,1
2026-02-27,000333,13:24:39,78.9300,38,1
2026-02-27,000333,13:24:42,78.9300,33,1
2026-02-27,000333,13:24:45,78.9300,22,1
2026-02-27,000333,13:24:48,78.9200,5,2
2026-02-27,000333,13:24:51,78.9200,37,2
2026-02-27,000333,13:24:54,78.9100,246,2
2026-02-27,000333,13:24:57,78.9000,6,2
2026-02-27,000333,13:25:00,78.9000,95,2
2026-02-27,000333,13:25:03,78.9000,54,2
2026-02-27,000333,13:25:06,78.9000,86,2
2026-02-27,000333,13:25:09,78.8900,66,2
2026-02-27,000333,13:25:12,78.8800,49,2
2026-02-27,000333,13:25:15,78.8800,43,2
2026-02-27,000333,13:25:18,78.8900,26,1
2026-02-27,000333,13:25:21,78.8900,21,1
2026-02-27,000333,13:25:24,78.8900,26,1
2026-02-27,000333,13:25:27,78.8800,19,2
2026-02-27,000333,13:25:30,78.9000,28,1
2026-02-27,000333,13:25:33,78.9000,5,1
2026-02-27,000333,13:25:36,78.8900,21,2
2026-02-27,000333,13:25:39,78.8900,11,2
2026-02-27,000333,13:25:42,78.8900,14,2
2026-02-27,000333,13:25:45,78.8900,6,2
2026-02-27,000333,13:25:48,78.9000,14,1
2026-02-27,000333,13:25:51,78.8900,53,2
2026-02-27,000333,13:25:54,78.8800,45,2
2026-02-27,000333,13:25:57,78.8800,15,2
2026-02-27,000333,13:26:03,78.8900,28,1
2026-02-27,000333,13:26:06,78.8800,28,2
2026-02-27,000333,13:26:09,78.8800,9,2
2026-02-27,000333,13:26:12,78.8800,28,2
2026-02-27,000333,13:26:15,78.8900,31,1
2026-02-27,000333,13:26:18,78.8900,39,2
2026-02-27,000333,13:26:21,78.8900,31,2
2026-02-27,000333,13:26:24,78.8900,33,1
2026-02-27,000333,13:26:27,78.9000,19,1
2026-02-27,000333,13:26:30,78.8900,18,2
2026-02-27,000333,13:26:33,78.9000,19,1
2026-02-27,000333,13:26:36,78.9100,28,1
2026-02-27,000333,13:26:39,78.9000,66,2
2026-02-27,000333,13:26:42,78.9000,84,1
2026-02-27,000333,13:26:45,78.8900,41,2
2026-02-27,000333,13:26:48,78.8800,5,2
2026-02-27,000333,13:26:51,78.8900,19,1
2026-02-27,000333,13:26:57,78.8900,5,1
2026-02-27,000333,13:27:00,78.8900,8,1
2026-02-27,000333,13:27:03,78.8800,13,2
2026-02-27,000333,13:27:06,78.8900,40,1
2026-02-27,000333,13:27:09,78.8800,68,2
2026-02-27,000333,13:27:12,78.9000,18,1
2026-02-27,000333,13:27:15,78.8900,53,4
2026-02-27,000333,13:27:18,78.8800,35,2
2026-02-27,000333,13:27:21,78.9000,100,1
2026-02-27,000333,13:27:24,78.9100,17,1
2026-02-27,000333,13:27:27,78.9300,49,1
2026-02-27,000333,13:27:30,78.9100,15,2
2026-02-27,000333,13:27:33,78.9100,9,2
2026-02-27,000333,13:27:36,78.9000,65,2
2026-02-27,000333,13:27:39,78.9000,7,4
2026-02-27,000333,13:27:42,78.9000,2,2
2026-02-27,000333,13:27:45,78.9000,24,2
2026-02-27,000333,13:27:48,78.9100,13,1
2026-02-27,000333,13:27:51,78.9000,17,2
2026-02-27,000333,13:27:54,78.9100,12,1
2026-02-27,000333,13:27:57,78.9100,4,1
2026-02-27,000333,13:28:00,78.9100,1,1
2026-02-27,000333,13:28:03,78.9100,6,4
2026-02-27,000333,13:28:06,78.9100,24,2
2026-02-27,000333,13:28:12,78.9200,29,1
2026-02-27,000333,13:28:15,78.9100,13,2
2026-02-27,000333,13:28:18,78.9100,10,2
2026-02-27,000333,13:28:21,78.9000,30,2
2026-02-27,000333,13:28:24,78.9100,40,1
2026-02-27,000333,13:28:27,78.9000,4,2
2026-02-27,000333,13:28:30,78.9100,36,1
2026-02-27,000333,13:28:33,78.9200,26,1
2026-02-27,000333,13:28:36,78.9200,86,1
2026-02-27,000333,13:28:39,78.9400,37,1
2026-02-27,000333,13:28:42,78.9400,1,1
2026-02-27,000333,13:28:45,78.9400,156,1
2026-02-27,000333,13:28:48,78.9500,41,2
2026-02-27,000333,13:28:51,78.9500,41,2
2026-02-27,000333,13:28:54,78.9500,30,2
2026-02-27,000333,13:28:57,78.9500,39,1
2026-02-27,000333,13:29:00,78.9600,40,1
2026-02-27,000333,13:29:03,78.9600,33,1
2026-02-27,000333,13:29:06,78.9400,15,2
2026-02-27,000333,13:29:09,78.9400,2,2
2026-02-27,000333,13:29:12,78.9400,3,2
2026-02-27,000333,13:29:15,78.9400,4,2
2026-02-27,000333,13:29:18,78.9400,16,2
2026-02-27,000333,13:29:21,78.9600,39,1
2026-02-27,000333,13:29:24,78.9400,15,2
2026-02-27,000333,13:29:27,78.9400,3,2
2026-02-27,000333,13:29:30,78.9500,21,1
2026-02-27,000333,13:29:33,78.9500,9,2
2026-02-27,000333,13:29:36,78.9600,53,1
2026-02-27,000333,13:29:39,78.9600,11,2
2026-02-27,000333,13:29:42,78.9600,16,2
2026-02-27,000333,13:29:45,78.9600,6,2
2026-02-27,000333,13:29:48,78.9700,2,1
2026-02-27,000333,13:29:51,78.9600,6,2
2026-02-27,000333,13:29:54,78.9600,14,2
2026-02-27,000333,13:29:57,78.9600,23,2
2026-02-27,000333,13:30:00,78.9600,3,2
2026-02-27,000333,13:30:03,78.9700,36,1
2026-02-27,000333,13:30:06,78.9900,55,1
2026-02-27,000333,13:30:09,79.0100,79,1
2026-02-27,000333,13:30:12,79.0100,67,1
2026-02-27,000333,13:30:15,78.9900,31,2
2026-02-27,000333,13:30:18,79.0100,47,1
2026-02-27,000333,13:30:21,79.0300,85,1
2026-02-27,000333,13:30:24,79.0300,24,1
2026-02-27,000333,13:30:27,79.0000,37,2
2026-02-27,000333,13:30:30,79.0200,49,1
2026-02-27,000333,13:30:33,79.0100,27,4
2026-02-27,000333,13:30:36,79.0200,25,1
2026-02-27,000333,13:30:39,79.0200,43,2
2026-02-27,000333,13:30:42,79.0400,26,1
2026-02-27,000333,13:30:45,79.0200,30,2
2026-02-27,000333,13:30:48,79.0200,25,2
2026-02-27,000333,13:30:51,79.0200,7,2
2026-02-27,000333,13:30:54,79.0100,15,2
2026-02-27,000333,13:30:57,79.0000,47,2
2026-02-27,000333,13:31:00,79.0000,31,1
2026-02-27,000333,13:31:03,79.0200,58,1
2026-02-27,000333,13:31:06,79.0100,91,2
2026-02-27,000333,13:31:09,79.0200,12,1
2026-02-27,000333,13:31:12,79.0100,4,2
2026-02-27,000333,13:31:15,79.0200,14,1
2026-02-27,000333,13:31:21,79.0200,1,2
2026-02-27,000333,13:31:24,79.0300,1,1
2026-02-27,000333,13:31:27,79.0200,27,2
2026-02-27,000333,13:31:30,79.0300,32,1
2026-02-27,000333,13:31:33,79.0100,14,2
2026-02-27,000333,13:31:36,79.0100,6,2
2026-02-27,000333,13:31:39,79.0200,5,1
2026-02-27,000333,13:31:42,79.0200,1,1
2026-02-27,000333,13:31:48,79.0200,16,1
2026-02-27,000333,13:31:51,79.0200,1,4
2026-02-27,000333,13:31:54,79.0300,33,1
2026-02-27,000333,13:31:57,79.0400,67,1
2026-02-27,000333,13:32:00,79.0400,48,4
2026-02-27,000333,13:32:03,79.0200,9,2
2026-02-27,000333,13:32:06,79.0300,11,2
2026-02-27,000333,13:32:09,79.0300,28,2
2026-02-27,000333,13:32:12,79.0200,17,2
2026-02-27,000333,13:32:15,79.0300,3,1
2026-02-27,000333,13:32:18,79.0200,24,2
2026-02-27,000333,13:32:21,79.0300,7,1
2026-02-27,000333,13:32:24,79.0300,21,1
2026-02-27,000333,13:32:27,79.0400,10,1
2026-02-27,000333,13:32:30,79.0400,15,1
2026-02-27,000333,13:32:33,79.0300,32,2
2026-02-27,000333,13:32:36,79.0300,21,1
2026-02-27,000333,13:32:39,79.0200,20,4
2026-02-27,000333,13:32:42,79.0100,17,2
2026-02-27,000333,13:32:45,79.0100,4,2
2026-02-27,000333,13:32:48,79.0100,54,2
2026-02-27,000333,13:32:51,79.0000,34,2
2026-02-27,000333,13:32:54,79.0100,7,1
2026-02-27,000333,13:32:57,79.0000,50,2
2026-02-27,000333,13:33:00,79.0000,10,2
2026-02-27,000333,13:33:03,79.0000,8,2
2026-02-27,000333,13:33:06,79.0000,41,2
2026-02-27,000333,13:33:09,79.0200,100,1
2026-02-27,000333,13:33:12,79.0300,53,1
2026-02-27,000333,13:33:15,79.0200,69,4
2026-02-27,000333,13:33:18,79.0200,43,1
2026-02-27,000333,13:33:21,79.0200,16,1
2026-02-27,000333,13:33:24,79.0100,78,2
2026-02-27,000333,13:33:27,79.0400,22,1
2026-02-27,000333,13:33:30,79.0300,33,1
2026-02-27,000333,13:33:33,79.0300,16,1
2026-02-27,000333,13:33:39,79.0200,58,1
2026-02-27,000333,13:33:42,79.0300,13,1
2026-02-27,000333,13:33:45,79.0300,2,1
2026-02-27,000333,13:33:48,79.0200,9,4
2026-02-27,000333,13:33:51,79.0200,14,1
2026-02-27,000333,13:33:54,79.0000,1,2
2026-02-27,000333,13:33:57,79.0000,181,2
2026-02-27,000333,13:34:00,78.9900,39,2
2026-02-27,000333,13:34:03,78.9900,13,1
2026-02-27,000333,13:34:06,78.9800,21,2
2026-02-27,000333,13:34:09,78.9800,8,2
2026-02-27,000333,13:34:12,78.9900,38,1
2026-02-27,000333,13:34:15,78.9800,12,2
2026-02-27,000333,13:34:18,78.9800,2,4
2026-02-27,000333,13:34:21,78.9700,29,2
2026-02-27,000333,13:34:27,78.9700,45,2
2026-02-27,000333,13:34:30,78.9700,62,2
2026-02-27,000333,13:34:33,78.9600,49,2
2026-02-27,000333,13:34:36,78.9600,2,2
2026-02-27,000333,13:34:39,78.9600,115,2
2026-02-27,000333,13:34:42,78.9500,28,2
2026-02-27,000333,13:34:45,78.9500,19,2
2026-02-27,000333,13:34:48,78.9600,20,1
2026-02-27,000333,13:34:51,78.9700,87,1
2026-02-27,000333,13:34:54,78.9800,30,1
2026-02-27,000333,13:34:57,78.9700,53,2
2026-02-27,000333,13:35:00,78.9700,9,2
2026-02-27,000333,13:35:03,78.9700,14,2
2026-02-27,000333,13:35:06,78.9700,5,1
2026-02-27,000333,13:35:09,78.9800,7,1
2026-02-27,000333,13:35:12,78.9500,218,2
2026-02-27,000333,13:35:15,78.9500,196,1
2026-02-27,000333,13:35:18,78.9500,33,1
2026-02-27,000333,13:35:21,78.9500,37,1
2026-02-27,000333,13:35:24,78.9600,30,1
2026-02-27,000333,13:35:27,78.9600,17,1
2026-02-27,000333,13:35:30,78.9700,23,1
2026-02-27,000333,13:35:33,78.9800,61,1
2026-02-27,000333,13:35:36,78.9900,20,1
2026-02-27,000333,13:35:39,78.9900,1,1
2026-02-27,000333,13:35:42,78.9800,3,2
2026-02-27,000333,13:35:45,78.9900,6,1
2026-02-27,000333,13:35:48,78.9900,5,1
2026-02-27,000333,13:35:51,78.9800,29,2
2026-02-27,000333,13:35:54,78.9900,12,1
2026-02-27,000333,13:35:57,78.9800,6,2
2026-02-27,000333,13:36:00,78.9800,12,2
2026-02-27,000333,13:36:03,78.9800,18,2
2026-02-27,000333,13:36:06,78.9700,7,2
2026-02-27,000333,13:36:12,78.9700,1,2
2026-02-27,000333,13:36:15,78.9700,9,2
2026-02-27,000333,13:36:18,78.9700,15,2
2026-02-27,000333,13:36:21,78.9800,17,1
2026-02-27,000333,13:36:24,78.9900,22,1
2026-02-27,000333,13:36:27,78.9800,10,1
2026-02-27,000333,13:36:30,78.9700,13,2
2026-02-27,000333,13:36:33,78.9700,38,2
2026-02-27,000333,13:36:36,78.9700,20,2
2026-02-27,000333,13:36:39,78.9700,13,2
2026-02-27,000333,13:36:42,78.9700,4,2
2026-02-27,000333,13:36:45,78.9700,28,2
2026-02-27,000333,13:36:48,78.9600,9,2
2026-02-27,000333,13:36:51,78.9600,22,2
2026-02-27,000333,13:36:54,78.9600,117,2
2026-02-27,000333,13:36:57,78.9600,35,2
2026-02-27,000333,13:37:00,78.9600,9,2
2026-02-27,000333,13:37:03,78.9600,13,1
2026-02-27,000333,13:37:06,78.9600,65,1
2026-02-27,000333,13:37:09,78.9600,64,2
2026-02-27,000333,13:37:12,78.9500,5,2
2026-02-27,000333,13:37:15,78.9600,3,1
2026-02-27,000333,13:37:18,78.9600,30,1
2026-02-27,000333,13:37:21,78.9500,2,2
2026-02-27,000333,13:37:24,78.9600,3,1
2026-02-27,000333,13:37:27,78.9600,1,1
2026-02-27,000333,13:37:30,78.9600,10,1
2026-02-27,000333,13:37:33,78.9500,13,2
2026-02-27,000333,13:37:36,78.9500,13,2
2026-02-27,000333,13:37:39,78.9500,92,2
2026-02-27,000333,13:37:42,78.9400,268,2
2026-02-27,000333,13:37:45,78.9300,33,2
2026-02-27,000333,13:37:48,78.9300,10,2
2026-02-27,000333,13:37:51,78.9300,33,2
2026-02-27,000333,13:37:54,78.9300,29,2
2026-02-27,000333,13:37:57,78.9200,44,2
2026-02-27,000333,13:38:00,78.9300,19,1
2026-02-27,000333,13:38:03,78.9200,46,2
2026-02-27,000333,13:38:06,78.9200,132,2
2026-02-27,000333,13:38:09,78.9100,27,2
2026-02-27,000333,13:38:15,78.9100,4,2
2026-02-27,000333,13:38:18,78.9100,159,2
2026-02-27,000333,13:38:21,78.9000,30,2
2026-02-27,000333,13:38:24,78.9000,13,2
2026-02-27,000333,13:38:27,78.9000,18,2
2026-02-27,000333,13:38:30,78.9100,5,1
2026-02-27,000333,13:38:33,78.9100,11,1
2026-02-27,000333,13:38:36,78.9100,78,1
2026-02-27,000333,13:38:39,78.9100,18,2
2026-02-27,000333,13:38:42,78.9100,60,2
2026-02-27,000333,13:38:45,78.9000,12,2
2026-02-27,000333,13:38:48,78.9000,12,2
2026-02-27,000333,13:38:51,78.9100,6,2
2026-02-27,000333,13:38:54,78.9000,4,2
2026-02-27,000333,13:38:57,78.9200,7,1
2026-02-27,000333,13:39:00,78.9100,2,4
2026-02-27,000333,13:39:03,78.9000,3,2
2026-02-27,000333,13:39:06,78.9000,221,2
2026-02-27,000333,13:39:09,78.9000,76,2
2026-02-27,000333,13:39:12,78.9100,9,1
2026-02-27,000333,13:39:15,78.9100,3,1
2026-02-27,000333,13:39:18,78.9100,14,1
2026-02-27,000333,13:39:21,78.8900,219,2
2026-02-27,000333,13:39:24,78.9000,27,1
2026-02-27,000333,13:39:27,78.8900,9,2
2026-02-27,000333,13:39:30,78.8900,17,2
2026-02-27,000333,13:39:33,78.9000,3,1
2026-02-27,000333,13:39:36,78.8900,42,2
2026-02-27,000333,13:39:39,78.8900,34,1
2026-02-27,000333,13:39:42,78.8900,9,2
2026-02-27,000333,13:39:45,78.8900,1,2
2026-02-27,000333,13:39:48,78.9000,9,1
2026-02-27,000333,13:39:51,78.9000,2,1
2026-02-27,000333,13:39:54,78.9000,19,1
2026-02-27,000333,13:39:57,78.9000,35,1
2026-02-27,000333,13:40:00,78.8900,30,2
2026-02-27,000333,13:40:03,78.8900,4,2
2026-02-27,000333,13:40:06,78.9000,3,1
2026-02-27,000333,13:40:09,78.9000,8,1
2026-02-27,000333,13:40:12,78.9000,2,1
2026-02-27,000333,13:40:15,78.9000,4,1
2026-02-27,000333,13:40:18,78.9000,132,1
2026-02-27,000333,13:40:21,78.9000,24,1
2026-02-27,000333,13:40:24,78.9000,30,1
2026-02-27,000333,13:40:27,78.9000,15,1
2026-02-27,000333,13:40:30,78.9000,19,1
2026-02-27,000333,13:40:33,78.8900,80,2
2026-02-27,000333,13:40:36,78.9000,68,1
2026-02-27,000333,13:40:39,78.8900,30,2
2026-02-27,000333,13:40:42,78.9000,33,1
2026-02-27,000333,13:40:45,78.9000,14,1
2026-02-27,000333,13:40:48,78.9000,24,4
2026-02-27,000333,13:40:51,78.8900,13,2
2026-02-27,000333,13:40:54,78.9000,7,2
2026-02-27,000333,13:40:57,78.9000,19,2
2026-02-27,000333,13:41:00,78.9100,38,1
2026-02-27,000333,13:41:03,78.8900,41,4
2026-02-27,000333,13:41:06,78.8800,194,2
2026-02-27,000333,13:41:09,78.8800,60,2
2026-02-27,000333,13:41:12,78.8700,6,2
2026-02-27,000333,13:41:15,78.8800,19,1
2026-02-27,000333,13:41:18,78.8700,13,2
2026-02-27,000333,13:41:21,78.8800,10,1
2026-02-27,000333,13:41:24,78.8800,1,1
2026-02-27,000333,13:41:27,78.8800,28,1
2026-02-27,000333,13:41:30,78.8800,2,1
2026-02-27,000333,13:41:33,78.8700,7,2
2026-02-27,000333,13:41:36,78.8700,58,2
2026-02-27,000333,13:41:39,78.8800,7,1
2026-02-27,000333,13:41:42,78.8700,33,2
2026-02-27,000333,13:41:45,78.8800,6,1
2026-02-27,000333,13:41:51,78.8800,106,1
2026-02-27,000333,13:41:54,78.8700,7,2
2026-02-27,000333,13:41:57,78.8800,37,1
2026-02-27,000333,13:42:00,78.8700,34,2
2026-02-27,000333,13:42:03,78.8800,47,1
2026-02-27,000333,13:42:06,78.8700,1,2
2026-02-27,000333,13:42:09,78.8600,42,2
2026-02-27,000333,13:42:12,78.8800,3,1
2026-02-27,000333,13:42:15,78.8800,8,1
2026-02-27,000333,13:42:18,78.8800,1,1
2026-02-27,000333,13:42:21,78.8700,8,2
2026-02-27,000333,13:42:24,78.8700,3,2
2026-02-27,000333,13:42:27,78.8700,1,2
2026-02-27,000333,13:42:30,78.8800,1,1
2026-02-27,000333,13:42:33,78.8800,33,1
2026-02-27,000333,13:42:36,78.8800,71,1
2026-02-27,000333,13:42:39,78.8800,3,1
2026-02-27,000333,13:42:42,78.8800,16,1
2026-02-27,000333,13:42:45,78.8800,51,1
2026-02-27,000333,13:42:48,78.8800,17,1
2026-02-27,000333,13:42:51,78.8700,10,2
2026-02-27,000333,13:42:54,78.8700,32,2
2026-02-27,000333,13:42:57,78.8800,40,1
2026-02-27,000333,13:43:00,78.8600,28,2
2026-02-27,000333,13:43:03,78.8700,10,2
2026-02-27,000333,13:43:06,78.8700,26,2
2026-02-27,000333,13:43:09,78.8800,7,1
2026-02-27,000333,13:43:12,78.8700,6,2
2026-02-27,000333,13:43:15,78.8700,10,2
2026-02-27,000333,13:43:18,78.8700,2,2
2026-02-27,000333,13:43:24,78.8700,10,2
2026-02-27,000333,13:43:27,78.8800,7,1
2026-02-27,000333,13:43:30,78.8800,4,1
2026-02-27,000333,13:43:33,78.8800,22,1
2026-02-27,000333,13:43:36,78.8800,5,1
2026-02-27,000333,13:43:39,78.8800,1,1
2026-02-27,000333,13:43:42,78.8700,83,2
2026-02-27,000333,13:43:45,78.8800,65,1
2026-02-27,000333,13:43:48,78.8800,2,1
2026-02-27,000333,13:43:51,78.8800,45,1
2026-02-27,000333,13:43:54,78.8800,19,1
2026-02-27,000333,13:44:00,78.8700,41,2
2026-02-27,000333,13:44:03,78.8600,469,2
2026-02-27,000333,13:44:06,78.8600,176,1
2026-02-27,000333,13:44:09,78.8600,36,1
2026-02-27,000333,13:44:12,78.8500,19,2
2026-02-27,000333,13:44:15,78.8600,18,1
2026-02-27,000333,13:44:21,78.8600,13,1
2026-02-27,000333,13:44:24,78.8600,7,1
2026-02-27,000333,13:44:27,78.8600,55,1
2026-02-27,000333,13:44:30,78.8700,133,1
2026-02-27,000333,13:44:33,78.8600,48,2
2026-02-27,000333,13:44:36,78.8600,4,1
2026-02-27,000333,13:44:39,78.8600,8,1
2026-02-27,000333,13:44:42,78.8500,6,2
2026-02-27,000333,13:44:45,78.8600,1,4
2026-02-27,000333,13:44:48,78.8500,49,2
2026-02-27,000333,13:44:51,78.8600,3,1
2026-02-27,000333,13:44:54,78.8500,9,2
2026-02-27,000333,13:44:57,78.8500,7,2
2026-02-27,000333,13:45:00,78.8600,33,1
2026-02-27,000333,13:45:03,78.8500,45,2
2026-02-27,000333,13:45:06,78.8500,10,2
2026-02-27,000333,13:45:09,78.8500,14,2
2026-02-27,000333,13:45:12,78.8600,17,1
2026-02-27,000333,13:45:15,78.8500,12,2
2026-02-27,000333,13:45:18,78.8500,57,2
2026-02-27,000333,13:45:21,78.8600,5,1
2026-02-27,000333,13:45:24,78.8500,21,2
2026-02-27,000333,13:45:27,78.8500,14,1
2026-02-27,000333,13:45:30,78.8500,16,1
2026-02-27,000333,13:45:33,78.8600,4,1
2026-02-27,000333,13:45:36,78.8500,1,2
2026-02-27,000333,13:45:39,78.8500,17,2
2026-02-27,000333,13:45:42,78.8500,90,2
2026-02-27,000333,13:45:45,78.8500,2,1
2026-02-27,000333,13:45:48,78.8400,147,2
2026-02-27,000333,13:45:51,78.8400,67,1
2026-02-27,000333,13:45:54,78.8300,29,2
2026-02-27,000333,13:45:57,78.8300,169,2
2026-02-27,000333,13:46:00,78.8300,45,2
2026-02-27,000333,13:46:03,78.8200,14,2
2026-02-27,000333,13:46:06,78.8300,9,1
2026-02-27,000333,13:46:09,78.8200,187,2
2026-02-27,000333,13:46:12,78.8200,330,2
2026-02-27,000333,13:46:15,78.8200,31,1
2026-02-27,000333,13:46:18,78.8200,228,1
2026-02-27,000333,13:46:21,78.8200,60,2
2026-02-27,000333,13:46:24,78.8000,24,2
2026-02-27,000333,13:46:27,78.8100,6,1
2026-02-27,000333,13:46:30,78.8100,19,1
2026-02-27,000333,13:46:33,78.8000,386,2
2026-02-27,000333,13:46:36,78.7900,725,2
2026-02-27,000333,13:46:39,78.7900,97,2
2026-02-27,000333,13:46:42,78.7900,2,1
2026-02-27,000333,13:46:45,78.7900,22,1
2026-02-27,000333,13:46:48,78.7900,11,1
2026-02-27,000333,13:46:51,78.7900,73,1
2026-02-27,000333,13:46:54,78.7900,22,1
2026-02-27,000333,13:46:57,78.7800,152,2
2026-02-27,000333,13:47:00,78.7900,21,1
2026-02-27,000333,13:47:03,78.7800,61,2
2026-02-27,000333,13:47:06,78.7800,23,1
2026-02-27,000333,13:47:09,78.7900,16,1
2026-02-27,000333,13:47:12,78.7800,8,2
2026-02-27,000333,13:47:15,78.7900,12,1
2026-02-27,000333,13:47:18,78.7800,40,2
2026-02-27,000333,13:47:21,78.7800,252,2
2026-02-27,000333,13:47:24,78.7800,35,1
2026-02-27,000333,13:47:27,78.7700,31,2
2026-02-27,000333,13:47:30,78.7700,11,2
2026-02-27,000333,13:47:33,78.7700,32,2
2026-02-27,000333,13:47:36,78.7700,78,1
2026-02-27,000333,13:47:39,78.7700,20,1
2026-02-27,000333,13:47:42,78.7700,3,1
2026-02-27,000333,13:47:45,78.7700,14,1
2026-02-27,000333,13:47:48,78.7700,22,1
2026-02-27,000333,13:47:51,78.7700,13,1
2026-02-27,000333,13:47:54,78.7700,24,2
2026-02-27,000333,13:47:57,78.7700,11,1
2026-02-27,000333,13:48:00,78.7700,14,1
2026-02-27,000333,13:48:03,78.7700,3,1
2026-02-27,000333,13:48:06,78.7700,17,2
2026-02-27,000333,13:48:09,78.7700,29,2
2026-02-27,000333,13:48:12,78.7700,16,2
2026-02-27,000333,13:48:15,78.7800,28,1
2026-02-27,000333,13:48:18,78.7700,13,2
2026-02-27,000333,13:48:21,78.7800,3,1
2026-02-27,000333,13:48:24,78.7800,92,1
2026-02-27,000333,13:48:27,78.7800,63,1
2026-02-27,000333,13:48:30,78.7800,17,2
2026-02-27,000333,13:48:33,78.7800,81,2
2026-02-27,000333,13:48:36,78.7800,17,1
2026-02-27,000333,13:48:39,78.7700,24,2
2026-02-27,000333,13:48:42,78.7800,5,1
2026-02-27,000333,13:48:45,78.7800,5,1
2026-02-27,000333,13:48:48,78.7700,9,2
2026-02-27,000333,13:48:51,78.7800,1,1
2026-02-27,000333,13:48:54,78.7800,5,1
2026-02-27,000333,13:48:57,78.7800,35,1
2026-02-27,000333,13:49:00,78.7700,3,2
2026-02-27,000333,13:49:03,78.7700,80,2
2026-02-27,000333,13:49:06,78.7700,213,2
2026-02-27,000333,13:49:09,78.7700,19,1
2026-02-27,000333,13:49:12,78.7600,123,2
2026-02-27,000333,13:49:15,78.7600,30,1
2026-02-27,000333,13:49:18,78.7500,144,2
2026-02-27,000333,13:49:21,78.7600,14,1
2026-02-27,000333,13:49:24,78.7500,106,2
2026-02-27,000333,13:49:27,78.7500,50,2
2026-02-27,000333,13:49:30,78.7500,16,2
2026-02-27,000333,13:49:33,78.7600,13,1
2026-02-27,000333,13:49:36,78.7500,36,2
2026-02-27,000333,13:49:39,78.7500,37,2
2026-02-27,000333,13:49:42,78.7600,17,1
2026-02-27,000333,13:49:45,78.7600,30,1
2026-02-27,000333,13:49:48,78.7500,7,2
2026-02-27,000333,13:49:51,78.7500,8,1
2026-02-27,000333,13:49:54,78.7500,19,1
2026-02-27,000333,13:49:57,78.7400,36,2
2026-02-27,000333,13:50:00,78.7500,34,1
2026-02-27,000333,13:50:03,78.7500,8,1
2026-02-27,000333,13:50:06,78.7500,17,1
2026-02-27,000333,13:50:09,78.7500,15,1
2026-02-27,000333,13:50:12,78.7500,41,1
2026-02-27,000333,13:50:15,78.7500,26,1
2026-02-27,000333,13:50:18,78.7400,49,2
2026-02-27,000333,13:50:21,78.7500,10,1
2026-02-27,000333,13:50:24,78.7500,39,1
2026-02-27,000333,13:50:27,78.7500,29,4
2026-02-27,000333,13:50:30,78.7500,39,1
2026-02-27,000333,13:50:33,78.7500,6,2
2026-02-27,000333,13:50:36,78.7600,16,1
2026-02-27,000333,13:50:39,78.7600,16,1
2026-02-27,000333,13:50:42,78.7500,40,2
2026-02-27,000333,13:50:45,78.7500,33,2
2026-02-27,000333,13:50:48,78.7500,7,2
2026-02-27,000333,13:50:51,78.7600,5,1
2026-02-27,000333,13:50:54,78.7500,5,2
2026-02-27,000333,13:50:57,78.7600,17,1
2026-02-27,000333,13:51:00,78.7600,43,1
2026-02-27,000333,13:51:03,78.7600,15,1
2026-02-27,000333,13:51:06,78.7500,1,2
2026-02-27,000333,13:51:09,78.7500,20,2
2026-02-27,000333,13:51:12,78.7500,3,2
2026-02-27,000333,13:51:15,78.7600,5,1
2026-02-27,000333,13:51:18,78.7500,118,2
2026-02-27,000333,13:51:21,78.7600,20,1
2026-02-27,000333,13:51:24,78.7600,21,1
2026-02-27,000333,13:51:27,78.7600,4,1
2026-02-27,000333,13:51:30,78.7400,359,2
2026-02-27,000333,13:51:33,78.7400,43,1
2026-02-27,000333,13:51:36,78.7400,41,1
2026-02-27,000333,13:51:39,78.7400,31,1
2026-02-27,000333,13:51:42,78.7300,26,2
2026-02-27,000333,13:51:45,78.7400,51,1
2026-02-27,000333,13:51:48,78.7300,3,2
2026-02-27,000333,13:51:51,78.7400,5,1
2026-02-27,000333,13:51:54,78.7400,29,1
2026-02-27,000333,13:51:57,78.7400,5,1
2026-02-27,000333,13:52:00,78.7400,10,1
2026-02-27,000333,13:52:03,78.7300,39,2
2026-02-27,000333,13:52:06,78.7400,9,1
2026-02-27,000333,13:52:09,78.7300,108,2
2026-02-27,000333,13:52:12,78.7400,10,1
2026-02-27,000333,13:52:15,78.7400,6,2
2026-02-27,000333,13:52:18,78.7500,13,1
2026-02-27,000333,13:52:21,78.7500,21,1
2026-02-27,000333,13:52:24,78.7500,18,1
2026-02-27,000333,13:52:27,78.7400,43,2
2026-02-27,000333,13:52:30,78.7400,17,2
2026-02-27,000333,13:52:33,78.7400,76,2
2026-02-27,000333,13:52:36,78.7400,35,2
2026-02-27,000333,13:52:39,78.7500,51,1
2026-02-27,000333,13:52:42,78.7400,4,2
2026-02-27,000333,13:52:45,78.7400,5,1
2026-02-27,000333,13:52:48,78.7300,24,2
2026-02-27,000333,13:52:54,78.7400,14,1
2026-02-27,000333,13:52:57,78.7400,12,1
2026-02-27,000333,13:53:00,78.7400,21,1
2026-02-27,000333,13:53:03,78.7200,1250,2
2026-02-27,000333,13:53:06,78.7100,161,2
2026-02-27,000333,13:53:09,78.7200,18,1
2026-02-27,000333,13:53:12,78.7200,22,1
2026-02-27,000333,13:53:15,78.7100,26,2
2026-02-27,000333,13:53:18,78.7200,91,1
2026-02-27,000333,13:53:21,78.7200,30,1
2026-02-27,000333,13:53:24,78.7100,24,2
2026-02-27,000333,13:53:27,78.7000,43,2
2026-02-27,000333,13:53:30,78.7100,38,4
2026-02-27,000333,13:53:33,78.7100,26,1
2026-02-27,000333,13:53:36,78.7000,32,2
2026-02-27,000333,13:53:39,78.7000,388,2
2026-02-27,000333,13:53:42,78.7000,88,2
2026-02-27,000333,13:53:45,78.6900,222,2
2026-02-27,000333,13:53:48,78.6900,53,2
2026-02-27,000333,13:53:51,78.6800,156,2
2026-02-27,000333,13:53:54,78.6800,53,1
2026-02-27,000333,13:53:57,78.6800,3,2
2026-02-27,000333,13:54:00,78.6900,54,1
2026-02-27,000333,13:54:03,78.6800,9,2
2026-02-27,000333,13:54:06,78.6800,29,2
2026-02-27,000333,13:54:09,78.6700,17,2
2026-02-27,000333,13:54:12,78.6800,16,1
2026-02-27,000333,13:54:15,78.6900,38,1
2026-02-27,000333,13:54:18,78.6900,23,2
2026-02-27,000333,13:54:21,78.6900,4,2
2026-02-27,000333,13:54:24,78.6800,19,2
2026-02-27,000333,13:54:27,78.6900,9,1
2026-02-27,000333,13:54:30,78.6900,49,1
2026-02-27,000333,13:54:33,78.6800,3,2
2026-02-27,000333,13:54:36,78.6800,52,2
2026-02-27,000333,13:54:39,78.6800,43,1
2026-02-27,000333,13:54:42,78.6700,16,2
2026-02-27,000333,13:54:45,78.6700,12,2
2026-02-27,000333,13:54:48,78.6800,7,1
2026-02-27,000333,13:54:54,78.6800,15,1
2026-02-27,000333,13:54:57,78.6800,91,1
2026-02-27,000333,13:55:00,78.6800,67,1
2026-02-27,000333,13:55:03,78.6800,76,1
2026-02-27,000333,13:55:06,78.6800,36,1
2026-02-27,000333,13:55:09,78.6700,54,2
2026-02-27,000333,13:55:12,78.6700,26,2
2026-02-27,000333,13:55:15,78.6700,21,2
2026-02-27,000333,13:55:18,78.6800,119,1
2026-02-27,000333,13:55:21,78.6800,47,1
2026-02-27,000333,13:55:24,78.6700,2,2
2026-02-27,000333,13:55:27,78.6800,39,1
2026-02-27,000333,13:55:30,78.6800,20,1
2026-02-27,000333,13:55:33,78.6800,37,1
2026-02-27,000333,13:55:36,78.6700,18,2
2026-02-27,000333,13:55:39,78.6700,104,2
2026-02-27,000333,13:55:42,78.6700,15,2
2026-02-27,000333,13:55:45,78.6700,135,2
2026-02-27,000333,13:55:48,78.6800,80,1
2026-02-27,000333,13:55:51,78.6800,5,1
2026-02-27,000333,13:55:54,78.6700,7,2
2026-02-27,000333,13:55:57,78.6700,31,2
2026-02-27,000333,13:56:00,78.6800,57,1
2026-02-27,000333,13:56:03,78.6800,30,1
2026-02-27,000333,13:56:06,78.6800,140,1
2026-02-27,000333,13:56:09,78.6700,43,2
2026-02-27,000333,13:56:12,78.6800,59,1
2026-02-27,000333,13:56:15,78.6800,12,1
2026-02-27,000333,13:56:18,78.6700,1,2
2026-02-27,000333,13:56:21,78.6800,30,1
2026-02-27,000333,13:56:24,78.6800,65,1
2026-02-27,000333,13:56:27,78.6900,454,1
2026-02-27,000333,13:56:30,78.7000,277,1
2026-02-27,000333,13:56:33,78.7000,169,1
2026-02-27,000333,13:56:36,78.7000,152,1
2026-02-27,000333,13:56:39,78.7000,63,1
2026-02-27,000333,13:56:42,78.7000,49,2
2026-02-27,000333,13:56:45,78.7100,7,1
2026-02-27,000333,13:56:48,78.7200,59,1
2026-02-27,000333,13:56:51,78.7100,3,4
2026-02-27,000333,13:56:54,78.7200,21,1
2026-02-27,000333,13:56:57,78.7200,316,1
2026-02-27,000333,13:57:00,78.7200,57,4
2026-02-27,000333,13:57:03,78.7100,51,2
2026-02-27,000333,13:57:06,78.7200,9,4
2026-02-27,000333,13:57:09,78.7200,26,1
2026-02-27,000333,13:57:12,78.7100,14,2
2026-02-27,000333,13:57:15,78.7000,19,2
2026-02-27,000333,13:57:18,78.7100,9,1
2026-02-27,000333,13:57:21,78.7100,31,1
2026-02-27,000333,13:57:24,78.7000,83,2
2026-02-27,000333,13:57:27,78.7100,12,1
2026-02-27,000333,13:57:30,78.7100,24,2
2026-02-27,000333,13:57:33,78.7100,9,2
2026-02-27,000333,13:57:36,78.7200,15,1
2026-02-27,000333,13:57:39,78.7100,6,2
2026-02-27,000333,13:57:42,78.7100,9,2
2026-02-27,000333,13:57:45,78.7100,11,2
2026-02-27,000333,13:57:48,78.7200,8,1
2026-02-27,000333,13:57:51,78.7100,3,2
2026-02-27,000333,13:57:54,78.7100,9,2
2026-02-27,000333,13:57:57,78.7100,5,2
2026-02-27,000333,13:58:00,78.7200,107,1
2026-02-27,000333,13:58:03,78.7100,58,2
2026-02-27,000333,13:58:06,78.7100,69,2
2026-02-27,000333,13:58:09,78.7000,110,2
2026-02-27,000333,13:58:12,78.7000,119,2
2026-02-27,000333,13:58:15,78.7000,64,2
2026-02-27,000333,13:58:18,78.7000,14,1
2026-02-27,000333,13:58:21,78.7000,11,1
2026-02-27,000333,13:58:24,78.7100,4,1
2026-02-27,000333,13:58:27,78.7100,1,1
2026-02-27,000333,13:58:30,78.7100,1,1
2026-02-27,000333,13:58:33,78.7100,6,1
2026-02-27,000333,13:58:36,78.7100,7,1
2026-02-27,000333,13:58:39,78.7000,6,2
2026-02-27,000333,13:58:42,78.7100,6,1
2026-02-27,000333,13:58:45,78.7100,10,1
2026-02-27,000333,13:58:48,78.7000,4,2
2026-02-27,000333,13:58:51,78.7300,126,1
2026-02-27,000333,13:58:54,78.7300,7,1
2026-02-27,000333,13:58:57,78.7300,3,1
2026-02-27,000333,13:59:00,78.7300,7,1
2026-02-27,000333,13:59:03,78.7300,7,1
2026-02-27,000333,13:59:06,78.7200,16,2
2026-02-27,000333,13:59:09,78.7300,1,1
2026-02-27,000333,13:59:12,78.7300,51,1
2026-02-27,000333,13:59:15,78.7300,53,1
2026-02-27,000333,13:59:18,78.7300,13,1
2026-02-27,000333,13:59:21,78.7300,22,2
2026-02-27,000333,13:59:24,78.7400,7,1
2026-02-27,000333,13:59:27,78.7300,7,2
2026-02-27,000333,13:59:30,78.7000,998,2
2026-02-27,000333,13:59:33,78.7000,108,2
2026-02-27,000333,13:59:36,78.7000,11,1
2026-02-27,000333,13:59:39,78.6900,258,2
2026-02-27,000333,13:59:42,78.6900,11,1
2026-02-27,000333,13:59:48,78.6800,62,1
2026-02-27,000333,13:59:51,78.6700,13,2
2026-02-27,000333,13:59:54,78.6700,33,2
2026-02-27,000333,13:59:57,78.6800,20,1
2026-02-27,000333,14:00:00,78.6800,9,1
2026-02-27,000333,14:00:03,78.6700,43,2
2026-02-27,000333,14:00:06,78.6800,9,1
2026-02-27,000333,14:00:09,78.6700,20,2
2026-02-27,000333,14:00:12,78.6700,16,2
2026-02-27,000333,14:00:15,78.6800,66,1
2026-02-27,000333,14:00:18,78.6600,45,2
2026-02-27,000333,14:00:21,78.6600,154,2
2026-02-27,000333,14:00:24,78.6600,6,2
2026-02-27,000333,14:00:27,78.6700,53,1
2026-02-27,000333,14:00:30,78.6700,156,2
2026-02-27,000333,14:00:33,78.6500,37,2
2026-02-27,000333,14:00:36,78.6700,19,1
2026-02-27,000333,14:00:39,78.6700,13,1
2026-02-27,000333,14:00:42,78.6600,5,2
2026-02-27,000333,14:00:45,78.6600,10,2
2026-02-27,000333,14:00:48,78.6600,17,2
2026-02-27,000333,14:00:51,78.6600,22,2
2026-02-27,000333,14:00:54,78.6600,7,2
2026-02-27,000333,14:00:57,78.6600,4,2
2026-02-27,000333,14:01:00,78.6600,8,2
2026-02-27,000333,14:01:03,78.6600,7,2
2026-02-27,000333,14:01:06,78.6600,4,2
2026-02-27,000333,14:01:09,78.6700,8,1
2026-02-27,000333,14:01:12,78.6600,1,2
2026-02-27,000333,14:01:15,78.6600,23,2
2026-02-27,000333,14:01:18,78.6600,4,2
2026-02-27,000333,14:01:21,78.6700,36,1
2026-02-27,000333,14:01:24,78.6500,50,2
2026-02-27,000333,14:01:27,78.6500,53,2
2026-02-27,000333,14:01:30,78.6500,29,2
2026-02-27,000333,14:01:33,78.6500,7,1
2026-02-27,000333,14:01:36,78.6400,23,2
2026-02-27,000333,14:01:39,78.6500,13,1
2026-02-27,000333,14:01:42,78.6400,5,2
2026-02-27,000333,14:01:45,78.6500,15,1
2026-02-27,000333,14:01:48,78.6400,15,2
2026-02-27,000333,14:01:51,78.6400,36,2
2026-02-27,000333,14:01:54,78.6400,15,4
2026-02-27,000333,14:01:57,78.6400,5,1
2026-02-27,000333,14:02:00,78.6400,21,1
2026-02-27,000333,14:02:03,78.6300,8,2
2026-02-27,000333,14:02:06,78.6300,14,2
2026-02-27,000333,14:02:09,78.6400,17,1
2026-02-27,000333,14:02:12,78.6300,77,2
2026-02-27,000333,14:02:15,78.6200,35,2
2026-02-27,000333,14:02:18,78.6300,11,1
2026-02-27,000333,14:02:21,78.6300,19,1
2026-02-27,000333,14:02:24,78.6300,56,1
2026-02-27,000333,14:02:27,78.6300,5,1
2026-02-27,000333,14:02:30,78.6200,4,2
2026-02-27,000333,14:02:33,78.6300,4,1
2026-02-27,000333,14:02:36,78.6200,16,2
2026-02-27,000333,14:02:39,78.6200,7,2
2026-02-27,000333,14:02:42,78.6300,4,1
2026-02-27,000333,14:02:45,78.6300,6,1
2026-02-27,000333,14:02:51,78.6100,139,2
2026-02-27,000333,14:02:54,78.6100,384,2
2026-02-27,000333,14:02:57,78.6100,63,2
2026-02-27,000333,14:03:00,78.6100,23,2
2026-02-27,000333,14:03:03,78.6100,39,2
2026-02-27,000333,14:03:06,78.6200,24,1
2026-02-27,000333,14:03:09,78.6100,39,2
2026-02-27,000333,14:03:12,78.6100,60,2
2026-02-27,000333,14:03:15,78.6100,257,2
2026-02-27,000333,14:03:18,78.6000,119,2
2026-02-27,000333,14:03:21,78.6100,35,1
2026-02-27,000333,14:03:24,78.6000,84,2
2026-02-27,000333,14:03:27,78.6100,16,1
2026-02-27,000333,14:03:30,78.6000,45,2
2026-02-27,000333,14:03:33,78.6000,53,2
2026-02-27,000333,14:03:36,78.6100,37,2
2026-02-27,000333,14:03:39,78.6100,14,2
2026-02-27,000333,14:03:42,78.6100,13,1
2026-02-27,000333,14:03:45,78.6000,40,2
2026-02-27,000333,14:03:48,78.6100,15,1
2026-02-27,000333,14:03:51,78.6100,16,1
2026-02-27,000333,14:03:54,78.6100,85,1
2026-02-27,000333,14:03:57,78.6100,5,1
2026-02-27,000333,14:04:00,78.6100,21,1
2026-02-27,000333,14:04:03,78.6100,29,1
2026-02-27,000333,14:04:06,78.6100,7,1
2026-02-27,000333,14:04:09,78.6100,19,1
2026-02-27,000333,14:04:12,78.6100,111,1
2026-02-27,000333,14:04:15,78.6100,32,2
2026-02-27,000333,14:04:18,78.6100,7,2
2026-02-27,000333,14:04:21,78.6100,6,2
2026-02-27,000333,14:04:24,78.6100,13,2
2026-02-27,000333,14:04:27,78.6100,32,2
2026-02-27,000333,14:04:30,78.6100,27,2
2026-02-27,000333,14:04:33,78.6100,7,2
2026-02-27,000333,14:04:36,78.6200,1,1
2026-02-27,000333,14:04:39,78.6100,40,2
2026-02-27,000333,14:04:42,78.6200,57,1
2026-02-27,000333,14:04:45,78.6200,5,1
2026-02-27,000333,14:04:48,78.6200,15,1
2026-02-27,000333,14:04:51,78.6100,11,2
2026-02-27,000333,14:04:54,78.6200,12,1
2026-02-27,000333,14:04:57,78.6200,13,1
2026-02-27,000333,14:05:00,78.6200,51,1
2026-02-27,000333,14:05:03,78.6200,10,1
2026-02-27,000333,14:05:06,78.6200,55,1
2026-02-27,000333,14:05:09,78.6100,30,2
2026-02-27,000333,14:05:12,78.6100,31,2
2026-02-27,000333,14:05:15,78.6100,41,1
2026-02-27,000333,14:05:18,78.6200,39,1
2026-02-27,000333,14:05:21,78.6200,7,1
2026-02-27,000333,14:05:24,78.6100,1,2
2026-02-27,000333,14:05:27,78.6200,15,1
2026-02-27,000333,14:05:30,78.6100,43,2
2026-02-27,000333,14:05:33,78.6100,61,2
2026-02-27,000333,14:05:36,78.6200,21,1
2026-02-27,000333,14:05:39,78.6200,34,1
2026-02-27,000333,14:05:42,78.6100,12,2
2026-02-27,000333,14:05:45,78.6200,34,1
2026-02-27,000333,14:05:48,78.6200,79,1
2026-02-27,000333,14:05:51,78.6100,43,2
2026-02-27,000333,14:05:54,78.6200,14,1
2026-02-27,000333,14:05:57,78.6100,75,2
2026-02-27,000333,14:06:00,78.6200,35,1
2026-02-27,000333,14:06:03,78.6200,49,1
2026-02-27,000333,14:06:06,78.6100,80,2
2026-02-27,000333,14:06:09,78.6000,202,2
2026-02-27,000333,14:06:12,78.6000,144,2
2026-02-27,000333,14:06:15,78.6000,122,2
2026-02-27,000333,14:06:18,78.5700,1920,2
2026-02-27,000333,14:06:21,78.5500,261,2
2026-02-27,000333,14:06:24,78.5500,230,2
2026-02-27,000333,14:06:27,78.5500,60,2
2026-02-27,000333,14:06:30,78.5300,73,2
2026-02-27,000333,14:06:33,78.5400,51,1
2026-02-27,000333,14:06:36,78.5600,172,1
2026-02-27,000333,10:53:03,79.0000,62,2
2026-02-27,000333,10:53:06,79.0000,82,2
2026-02-27,000333,10:53:09,79.0100,71,2
2026-02-27,000333,10:53:12,79.0100,43,2
2026-02-27,000333,10:53:15,79.0100,25,2
2026-02-27,000333,10:53:18,78.9800,41,2
2026-02-27,000333,10:53:21,79.0000,15,2
2026-02-27,000333,10:53:24,79.0100,165,1
2026-02-27,000333,10:53:27,79.0000,76,4
2026-02-27,000333,10:53:30,79.0000,64,1
2026-02-27,000333,10:53:33,79.0000,29,2
2026-02-27,000333,10:53:36,78.9800,10,2
2026-02-27,000333,10:53:39,79.0000,1,1
2026-02-27,000333,10:53:42,78.9900,18,2
2026-02-27,000333,10:53:45,78.9900,24,2
2026-02-27,000333,10:53:48,78.9900,45,2
2026-02-27,000333,10:53:51,78.9900,20,2
2026-02-27,000333,10:53:54,78.9900,16,1
2026-02-27,000333,10:54:00,79.0000,55,1
2026-02-27,000333,10:54:03,78.9900,40,2
2026-02-27,000333,10:54:06,79.0000,19,1
2026-02-27,000333,10:54:09,79.0100,41,1
2026-02-27,000333,10:54:12,79.0100,40,1
2026-02-27,000333,10:54:15,79.0000,62,2
2026-02-27,000333,10:54:18,79.0100,73,1
2026-02-27,000333,10:54:21,79.0200,18,2
2026-02-27,000333,10:54:24,78.9900,356,2
2026-02-27,000333,10:54:27,79.0100,90,1
2026-02-27,000333,10:54:30,78.9500,130,2
2026-02-27,000333,10:54:33,79.0100,170,1
2026-02-27,000333,10:54:36,78.9200,70,2
2026-02-27,000333,10:54:39,78.9200,74,2
2026-02-27,000333,10:54:42,78.9400,170,2
2026-02-27,000333,10:54:45,78.9100,34,2
2026-02-27,000333,10:54:48,78.9100,36,2
2026-02-27,000333,10:54:51,78.9300,88,2
2026-02-27,000333,10:54:54,78.9300,19,2
2026-02-27,000333,10:54:57,79.0100,108,1
2026-02-27,000333,10:55:00,78.9400,52,2
2026-02-27,000333,10:55:03,78.9200,43,2
2026-02-27,000333,10:55:06,78.9300,92,2
2026-02-27,000333,10:55:09,78.9200,41,2
2026-02-27,000333,10:55:12,78.9100,22,2
2026-02-27,000333,10:55:15,78.9200,27,2
2026-02-27,000333,10:55:18,78.9200,87,2
2026-02-27,000333,10:55:21,78.9300,74,2
2026-02-27,000333,10:55:24,78.9000,55,2
2026-02-27,000333,10:55:27,78.9100,85,2
2026-02-27,000333,10:55:30,78.9000,124,2
2026-02-27,000333,10:55:33,78.9000,151,2
2026-02-27,000333,10:55:36,78.9000,51,2
2026-02-27,000333,10:55:39,78.9500,60,1
2026-02-27,000333,10:55:42,78.9200,11,2
2026-02-27,000333,10:55:45,78.9300,76,2
2026-02-27,000333,10:55:48,78.9300,21,2
2026-02-27,000333,10:55:51,78.9400,13,2
2026-02-27,000333,10:55:54,78.9700,22,1
2026-02-27,000333,10:55:57,78.9600,13,2
2026-02-27,000333,10:56:00,78.9900,27,1
2026-02-27,000333,10:56:03,79.0000,11,1
2026-02-27,000333,10:56:06,78.9800,65,2
2026-02-27,000333,10:56:09,78.9700,13,2
2026-02-27,000333,10:56:12,78.9600,14,2
2026-02-27,000333,10:56:15,78.9600,75,2
2026-02-27,000333,10:56:18,78.9400,41,2
2026-02-27,000333,10:56:21,78.9300,19,2
2026-02-27,000333,10:56:24,78.9600,2,1
2026-02-27,000333,10:56:27,78.9600,9,1
2026-02-27,000333,10:56:30,79.0000,109,1
2026-02-27,000333,10:56:33,78.9500,27,2
2026-02-27,000333,10:56:39,78.9900,18,1
2026-02-27,000333,10:56:42,78.9500,22,2
2026-02-27,000333,10:56:45,78.9900,5,1
2026-02-27,000333,10:56:48,78.9800,9,2
2026-02-27,000333,10:56:51,78.9700,6,2
2026-02-27,000333,10:56:54,78.9800,16,2
2026-02-27,000333,10:57:00,79.0000,87,1
2026-02-27,000333,10:57:03,79.0000,120,2
2026-02-27,000333,10:57:06,78.9600,15,2
2026-02-27,000333,10:57:09,79.0000,1,1
2026-02-27,000333,10:57:12,79.0000,2,1
2026-02-27,000333,10:57:15,79.0000,3,1
2026-02-27,000333,10:57:18,79.0000,27,1
2026-02-27,000333,10:57:21,78.9900,7,2
2026-02-27,000333,10:57:24,78.9900,15,2
2026-02-27,000333,10:57:27,78.9900,2,2
2026-02-27,000333,10:57:30,79.0000,25,1
2026-02-27,000333,10:57:33,79.0000,9,1
2026-02-27,000333,10:57:39,79.0000,65,1
2026-02-27,000333,10:57:42,79.0000,12,2
2026-02-27,000333,10:57:45,79.0000,14,2
2026-02-27,000333,10:57:48,79.0100,19,1
2026-02-27,000333,10:57:51,79.0100,5,2
2026-02-27,000333,10:57:54,79.0100,5,2
2026-02-27,000333,10:57:57,79.0100,46,2
2026-02-27,000333,10:58:00,79.0100,37,2
2026-02-27,000333,10:58:03,79.0100,25,2
2026-02-27,000333,10:58:06,79.0200,25,1
2026-02-27,000333,10:58:09,79.0100,5,2
2026-02-27,000333,10:58:12,79.0100,17,2
2026-02-27,000333,10:58:15,79.0200,26,1
2026-02-27,000333,10:58:18,79.0100,5,2
2026-02-27,000333,10:58:21,79.0100,28,2
2026-02-27,000333,10:58:24,79.0200,18,1
2026-02-27,000333,10:58:27,79.0200,20,1
2026-02-27,000333,10:58:30,79.0200,17,1
2026-02-27,000333,10:58:33,79.0300,23,1
2026-02-27,000333,10:58:36,79.0200,9,2
2026-02-27,000333,10:58:39,79.0300,12,1
2026-02-27,000333,10:58:42,79.0300,3,1
2026-02-27,000333,10:58:45,79.0200,3,2
2026-02-27,000333,10:58:48,79.0200,1,2
2026-02-27,000333,10:58:51,79.0300,5,1
2026-02-27,000333,10:58:57,79.0200,13,2
2026-02-27,000333,10:59:00,79.0400,59,1
2026-02-27,000333,10:59:03,79.0400,41,1
2026-02-27,000333,10:59:06,79.0400,83,2
2026-02-27,000333,10:59:09,79.0400,42,2
2026-02-27,000333,10:59:12,79.0200,21,2
2026-02-27,000333,10:59:15,79.0300,16,4
2026-02-27,000333,10:59:18,79.0200,4,2
2026-02-27,000333,10:59:21,79.0200,9,2
2026-02-27,000333,10:59:24,79.0200,6,2
2026-02-27,000333,10:59:27,79.0200,23,2
2026-02-27,000333,10:59:30,79.0400,38,1
2026-02-27,000333,10:59:33,79.0000,241,2
2026-02-27,000333,10:59:36,79.0000,50,2
2026-02-27,000333,10:59:39,79.0300,14,1
2026-02-27,000333,10:59:42,79.0000,7,2
2026-02-27,000333,10:59:45,79.0000,4,2
2026-02-27,000333,10:59:48,79.0000,3,2
2026-02-27,000333,10:59:51,79.0000,9,2
2026-02-27,000333,10:59:54,78.9800,4,2
2026-02-27,000333,10:59:57,78.9900,11,2
2026-02-27,000333,11:00:03,79.0000,19,1
2026-02-27,000333,11:00:06,78.9800,27,2
2026-02-27,000333,11:00:09,78.9900,12,2
2026-02-27,000333,11:00:12,78.9900,4,4
2026-02-27,000333,11:00:15,78.9900,16,2
2026-02-27,000333,11:00:18,78.9800,16,2
2026-02-27,000333,11:00:21,79.0000,67,1
2026-02-27,000333,11:00:24,78.9800,43,2
2026-02-27,000333,11:00:27,78.9700,7,2
2026-02-27,000333,11:00:30,78.9900,18,1
2026-02-27,000333,11:00:33,79.0000,38,1
2026-02-27,000333,11:00:36,79.0100,15,1
2026-02-27,000333,11:00:39,79.0000,2,2
2026-02-27,000333,11:00:45,79.0000,87,2
2026-02-27,000333,11:00:48,78.9900,28,2
2026-02-27,000333,11:00:51,78.9900,22,2
2026-02-27,000333,11:00:54,78.9700,40,2
2026-02-27,000333,11:00:57,78.9700,27,2
2026-02-27,000333,11:01:00,78.9700,18,2
2026-02-27,000333,11:01:03,78.9700,14,2
2026-02-27,000333,11:01:06,78.9700,23,2
2026-02-27,000333,11:01:09,78.9700,9,1
2026-02-27,000333,11:01:12,78.9700,23,1
2026-02-27,000333,11:01:15,78.9700,145,1
2026-02-27,000333,11:01:18,78.9800,47,1
2026-02-27,000333,11:01:21,78.9600,49,2
2026-02-27,000333,11:01:24,78.9600,23,2
2026-02-27,000333,11:01:27,78.9800,40,1
2026-02-27,000333,11:01:30,78.9600,28,2
2026-02-27,000333,11:01:33,78.9500,9,2
2026-02-27,000333,11:01:36,78.9500,4,2
2026-02-27,000333,11:01:39,78.9500,2,2
2026-02-27,000333,11:01:45,78.9500,2,2
2026-02-27,000333,11:01:48,78.9500,15,2
2026-02-27,000333,11:01:51,78.9500,44,2
2026-02-27,000333,11:01:54,78.9500,20,2
2026-02-27,000333,11:01:57,78.9500,22,2
2026-02-27,000333,11:02:00,78.9800,13,1
2026-02-27,000333,11:02:03,78.9600,13,4
2026-02-27,000333,11:02:06,78.9500,13,2
2026-02-27,000333,11:02:09,78.9800,19,1
2026-02-27,000333,11:02:12,78.9700,30,2
2026-02-27,000333,11:02:15,78.9700,4,2
2026-02-27,000333,11:02:18,78.9800,28,1
2026-02-27,000333,11:02:21,78.9600,31,2
2026-02-27,000333,11:02:24,78.9800,19,1
2026-02-27,000333,11:02:27,78.9600,28,2
2026-02-27,000333,11:02:30,78.9800,78,1
2026-02-27,000333,11:02:33,78.9800,17,1
2026-02-27,000333,11:02:36,78.9600,38,2
2026-02-27,000333,11:02:39,78.9700,46,1
2026-02-27,000333,11:02:42,78.9700,10,1
2026-02-27,000333,11:02:45,78.9600,12,2
2026-02-27,000333,11:02:48,78.9700,11,1
2026-02-27,000333,11:02:51,78.9500,39,2
2026-02-27,000333,11:02:54,78.9600,4,2
2026-02-27,000333,11:02:57,78.9600,16,2
2026-02-27,000333,11:03:00,78.9700,4,1
2026-02-27,000333,11:03:03,78.9700,56,1
2026-02-27,000333,11:03:06,78.9600,6,2
2026-02-27,000333,11:03:09,78.9600,10,2
2026-02-27,000333,11:03:12,78.9600,14,2
2026-02-27,000333,11:03:15,78.9600,40,2
2026-02-27,000333,11:03:18,78.9600,18,2
2026-02-27,000333,11:03:21,78.9300,33,2
2026-02-27,000333,11:03:24,78.9500,17,4
2026-02-27,000333,11:03:27,78.9300,7,2
2026-02-27,000333,11:03:30,78.9300,9,2
2026-02-27,000333,11:03:33,78.9400,12,2
2026-02-27,000333,11:03:36,78.9400,8,1
2026-02-27,000333,11:03:39,78.9400,10,4
2026-02-27,000333,11:03:42,78.9400,170,4
2026-02-27,000333,11:03:45,78.9300,83,2
2026-02-27,000333,11:03:48,78.9300,91,2
2026-02-27,000333,11:03:51,78.9300,22,2
2026-02-27,000333,11:03:54,78.9100,52,2
2026-02-27,000333,11:03:57,78.9200,32,2
2026-02-27,000333,11:04:00,78.9300,62,2
2026-02-27,000333,11:04:03,78.9600,28,1
2026-02-27,000333,11:04:06,78.9600,63,1
2026-02-27,000333,11:04:09,78.9200,23,2
2026-02-27,000333,11:04:12,78.9200,31,2
2026-02-27,000333,11:04:15,78.9300,25,2
2026-02-27,000333,11:04:18,78.9300,36,2
2026-02-27,000333,11:04:21,78.9300,13,2
2026-02-27,000333,11:04:24,79.0000,18,1
2026-02-27,000333,11:04:27,78.9500,7,2
2026-02-27,000333,11:04:30,79.0000,35,1
2026-02-27,000333,11:04:33,78.9600,11,2
2026-02-27,000333,11:04:36,78.9600,9,2
2026-02-27,000333,11:04:39,78.9400,13,2
2026-02-27,000333,11:04:42,78.9400,26,2
2026-02-27,000333,11:04:45,78.9400,11,2
2026-02-27,000333,11:04:48,79.0000,47,1
2026-02-27,000333,11:04:51,78.9500,15,2
2026-02-27,000333,11:04:54,79.0000,15,1
2026-02-27,000333,11:04:57,78.9900,12,1
2026-02-27,000333,11:05:00,79.0000,19,1
2026-02-27,000333,11:05:03,78.9900,9,1
2026-02-27,000333,11:05:06,79.0000,42,1
2026-02-27,000333,11:05:09,78.9900,12,1
2026-02-27,000333,11:05:12,78.9700,1,2
2026-02-27,000333,11:05:15,78.9700,13,2
2026-02-27,000333,11:05:18,78.9900,78,1
2026-02-27,000333,11:05:21,78.9900,38,2
2026-02-27,000333,11:05:24,78.9900,56,2
2026-02-27,000333,11:05:27,78.9900,33,1
2026-02-27,000333,11:05:30,78.9600,23,2
2026-02-27,000333,11:05:33,78.9600,1,1
2026-02-27,000333,11:05:36,78.9600,6,1
2026-02-27,000333,11:05:39,78.9500,27,2
2026-02-27,000333,11:05:42,78.9500,4,2
2026-02-27,000333,11:05:45,78.9500,13,2
2026-02-27,000333,11:05:51,78.9500,17,2
2026-02-27,000333,11:05:54,78.9600,15,1
2026-02-27,000333,11:05:57,78.9500,30,2
2026-02-27,000333,11:06:00,78.9500,24,2
2026-02-27,000333,11:06:03,78.9500,20,2
2026-02-27,000333,11:06:06,78.9500,26,2
2026-02-27,000333,11:06:09,78.9500,198,2
2026-02-27,000333,11:06:12,78.9300,41,2
2026-02-27,000333,11:06:15,78.9500,56,1
2026-02-27,000333,11:06:18,78.9500,14,2
2026-02-27,000333,11:06:21,78.9200,38,2
2026-02-27,000333,11:06:24,78.9500,59,1
2026-02-27,000333,11:06:27,78.9200,20,2
2026-02-27,000333,11:06:30,78.9300,12,2
2026-02-27,000333,11:06:33,78.9500,14,1
2026-02-27,000333,11:06:36,78.9200,4,2
2026-02-27,000333,11:06:39,78.9200,9,2
2026-02-27,000333,11:06:42,78.9300,4,2
2026-02-27,000333,11:06:45,78.9200,9,2
2026-02-27,000333,11:06:48,78.9500,18,1
2026-02-27,000333,11:06:51,78.9200,8,2
2026-02-27,000333,11:06:54,78.9300,16,2
2026-02-27,000333,11:06:57,78.9200,6,2
2026-02-27,000333,11:07:00,78.9200,6,2
2026-02-27,000333,11:07:03,78.9400,4,1
2026-02-27,000333,11:07:06,78.9400,1,2
2026-02-27,000333,11:07:09,78.9500,14,1
2026-02-27,000333,11:07:12,78.9500,63,1
2026-02-27,000333,11:07:15,78.9400,15,2
2026-02-27,000333,11:07:18,78.9400,29,2
2026-02-27,000333,11:07:21,78.9400,7,2
2026-02-27,000333,11:07:24,78.9500,18,2
2026-02-27,000333,11:07:27,78.9700,28,1
2026-02-27,000333,11:07:30,78.9700,33,1
2026-02-27,000333,11:07:33,78.9400,15,2
2026-02-27,000333,11:07:36,78.9500,5,1
2026-02-27,000333,11:07:39,78.9400,10,2
2026-02-27,000333,11:07:42,78.9400,6,2
2026-02-27,000333,11:07:45,78.9400,1,2
2026-02-27,000333,11:07:51,78.9500,5,1
2026-02-27,000333,11:07:54,78.9300,109,2
2026-02-27,000333,11:07:57,78.9100,45,2
2026-02-27,000333,11:08:00,78.9200,14,4
2026-02-27,000333,11:08:03,78.9200,7,4
2026-02-27,000333,11:08:06,78.9200,14,2
2026-02-27,000333,11:08:12,78.9200,6,2
2026-02-27,000333,11:08:15,78.9200,30,2
2026-02-27,000333,11:08:18,78.9200,37,2
2026-02-27,000333,11:08:21,78.9300,74,1
2026-02-27,000333,11:08:24,78.9100,35,2
2026-02-27,000333,11:08:27,78.9000,31,2
2026-02-27,000333,11:08:30,78.9000,5,2
2026-02-27,000333,11:08:33,78.9200,15,1
2026-02-27,000333,11:08:36,78.9100,31,2
2026-02-27,000333,11:08:39,78.9000,19,2
2026-02-27,000333,11:08:42,78.9100,11,2
2026-02-27,000333,11:08:45,78.9100,10,1
2026-02-27,000333,11:08:48,78.9100,18,2
2026-02-27,000333,11:08:51,78.9100,14,2
2026-02-27,000333,11:08:54,78.9100,8,4
2026-02-27,000333,11:08:57,78.9100,18,2
2026-02-27,000333,11:09:00,78.9200,6,1
2026-02-27,000333,11:09:03,78.9200,20,1
2026-02-27,000333,11:09:06,78.9200,34,1
2026-02-27,000333,11:09:09,78.9100,24,2
2026-02-27,000333,11:09:12,78.9100,15,2
2026-02-27,000333,11:09:15,78.9100,2,2
2026-02-27,000333,11:09:18,78.9100,2,2
2026-02-27,000333,11:09:21,78.9200,4,1
2026-02-27,000333,11:09:24,78.9100,8,2
2026-02-27,000333,11:09:27,78.9100,9,2
2026-02-27,000333,11:09:30,78.9100,9,2
2026-02-27,000333,11:09:33,78.9200,33,1
2026-02-27,000333,11:09:36,78.9200,23,1
2026-02-27,000333,11:09:39,78.9100,18,2
2026-02-27,000333,11:09:42,78.9100,24,2
2026-02-27,000333,11:09:45,78.9100,4,2
2026-02-27,000333,11:09:48,78.9100,41,2
2026-02-27,000333,11:09:51,78.9200,42,1
2026-02-27,000333,11:09:54,78.9200,10,1
2026-02-27,000333,11:09:57,78.9200,89,1
2026-02-27,000333,11:10:00,78.9200,47,1
2026-02-27,000333,11:10:03,78.9300,60,1
2026-02-27,000333,11:10:06,78.9200,18,4
2026-02-27,000333,11:10:09,78.9300,50,1
2026-02-27,000333,11:10:12,78.9300,29,1
2026-02-27,000333,11:10:15,78.9200,2,2
2026-02-27,000333,11:10:18,78.9200,6,2
2026-02-27,000333,11:10:21,78.9200,10,2
2026-02-27,000333,11:10:24,78.9200,8,2
2026-02-27,000333,11:10:27,78.9200,19,2
2026-02-27,000333,11:10:30,78.9300,36,1
2026-02-27,000333,11:10:33,78.9200,21,2
2026-02-27,000333,11:10:36,78.9100,19,2
2026-02-27,000333,11:10:39,78.9100,14,2
2026-02-27,000333,11:10:42,78.9100,6,2
2026-02-27,000333,11:10:45,78.9100,94,2
2026-02-27,000333,11:10:48,78.9000,45,2
2026-02-27,000333,11:10:51,78.8900,305,2
2026-02-27,000333,11:10:54,78.8600,638,2
2026-02-27,000333,11:10:57,78.8500,277,2
2026-02-27,000333,11:11:00,78.8300,23,2
2026-02-27,000333,11:11:03,78.8500,329,1
2026-02-27,000333,11:11:06,78.8600,319,1
2026-02-27,000333,11:11:09,78.8700,29,1
2026-02-27,000333,11:11:12,78.8800,201,1
2026-02-27,000333,11:11:15,78.8700,84,2
2026-02-27,000333,11:11:18,78.8800,26,2
2026-02-27,000333,11:11:21,78.8700,19,2
2026-02-27,000333,11:11:24,78.8600,31,2
2026-02-27,000333,11:11:27,78.8700,19,2
2026-02-27,000333,11:11:30,78.8900,59,1
2026-02-27,000333,11:11:33,78.8900,20,2
2026-02-27,000333,11:11:36,78.8700,10,2
2026-02-27,000333,11:11:39,78.8800,9,2
2026-02-27,000333,11:11:42,78.8800,5,2
2026-02-27,000333,11:11:45,78.8900,5,1
2026-02-27,000333,11:11:48,78.9000,26,1
2026-02-27,000333,11:11:51,78.9000,31,1
2026-02-27,000333,11:11:54,78.8900,20,2
2026-02-27,000333,11:11:57,78.9000,62,1
2026-02-27,000333,11:12:00,78.9100,32,1
2026-02-27,000333,11:12:03,78.9200,33,1
2026-02-27,000333,11:12:06,78.9200,14,1
2026-02-27,000333,11:12:09,78.9200,11,1
2026-02-27,000333,11:12:12,78.9200,1,1
2026-02-27,000333,11:12:15,78.9100,3,2
2026-02-27,000333,11:12:18,78.9100,4,2
2026-02-27,000333,11:12:21,78.9100,15,2
2026-02-27,000333,11:12:24,78.9100,4,2
2026-02-27,000333,11:12:27,78.9200,43,1
2026-02-27,000333,11:12:30,78.8900,149,2
2026-02-27,000333,11:12:33,78.9000,47,2
2026-02-27,000333,11:12:36,78.9000,1,2
2026-02-27,000333,11:12:39,78.9100,6,1
2026-02-27,000333,11:12:42,78.9000,1,2
2026-02-27,000333,11:12:45,78.9100,1,1
2026-02-27,000333,11:12:48,78.9000,14,2
2026-02-27,000333,11:12:54,78.9000,64,2
2026-02-27,000333,11:12:57,78.9100,8,1
2026-02-27,000333,11:13:00,78.8600,260,2
2026-02-27,000333,11:13:03,78.9000,34,1
2026-02-27,000333,11:13:06,78.9000,122,1
2026-02-27,000333,11:13:09,78.9100,96,1
2026-02-27,000333,11:13:12,78.8800,58,2
2026-02-27,000333,11:13:15,78.8800,50,2
2026-02-27,000333,11:13:18,78.8800,15,2
2026-02-27,000333,11:13:21,78.8800,12,2
2026-02-27,000333,11:13:24,78.9100,6,1
2026-02-27,000333,11:13:27,78.9100,38,1
2026-02-27,000333,11:13:30,78.9100,2,1
2026-02-27,000333,11:13:33,78.9100,6,1
2026-02-27,000333,11:13:39,78.9000,8,2
2026-02-27,000333,11:13:42,78.9100,19,1
2026-02-27,000333,11:13:45,78.9100,10,1
2026-02-27,000333,11:13:48,78.9100,4,1
2026-02-27,000333,11:13:51,78.8900,25,2
2026-02-27,000333,11:13:54,78.8900,42,2
2026-02-27,000333,11:13:57,78.8900,1,2
2026-02-27,000333,11:14:00,78.9200,339,1
2026-02-27,000333,11:14:03,78.9300,42,2
2026-02-27,000333,11:14:06,78.9300,18,1
2026-02-27,000333,11:14:09,78.9100,5,2
2026-02-27,000333,11:14:12,78.9400,220,1
2026-02-27,000333,11:14:15,78.9300,19,1
2026-02-27,000333,11:14:18,78.9400,113,1
2026-02-27,000333,11:14:21,78.9200,12,2
2026-02-27,000333,11:14:24,78.9200,52,2
2026-02-27,000333,11:14:27,78.9300,14,1
2026-02-27,000333,11:14:30,78.9200,102,4
2026-02-27,000333,11:14:33,78.9100,11,2
2026-02-27,000333,11:14:36,78.9100,24,2
2026-02-27,000333,11:14:39,78.9000,16,2
2026-02-27,000333,11:14:42,78.8900,88,2
2026-02-27,000333,11:14:45,78.8800,75,2
2026-02-27,000333,11:14:48,78.8700,162,2
2026-02-27,000333,11:14:51,78.8500,54,2
2026-02-27,000333,11:14:54,78.8600,131,2
2026-02-27,000333,11:14:57,78.8500,73,2
2026-02-27,000333,11:15:00,78.8500,189,1
2026-02-27,000333,11:15:03,78.8500,24,2
2026-02-27,000333,11:15:06,78.9000,162,1
2026-02-27,000333,11:15:09,78.8900,14,2
2026-02-27,000333,11:15:12,78.8800,232,2
2026-02-27,000333,11:15:15,78.8800,42,1
2026-02-27,000333,11:15:18,78.9400,224,1
2026-02-27,000333,11:15:21,78.9000,26,2
2026-02-27,000333,11:15:24,78.8900,78,2
2026-02-27,000333,11:15:27,78.8700,47,2
2026-02-27,000333,11:15:30,78.8900,137,2
2026-02-27,000333,11:15:33,78.8800,93,2
2026-02-27,000333,11:15:36,78.9000,338,1
2026-02-27,000333,11:15:39,78.8800,57,2
2026-02-27,000333,11:15:42,78.9100,256,1
2026-02-27,000333,11:15:45,78.8900,7,2
2026-02-27,000333,11:15:48,78.9100,217,1
2026-02-27,000333,11:15:51,78.8800,40,2
2026-02-27,000333,11:15:54,78.8800,58,2
2026-02-27,000333,11:15:57,78.9300,23,1
2026-02-27,000333,11:16:00,78.8900,43,2
2026-02-27,000333,11:16:03,78.8900,55,1
2026-02-27,000333,11:16:06,78.8800,169,4
2026-02-27,000333,11:16:09,78.8700,54,2
2026-02-27,000333,11:16:12,78.8900,18,1
2026-02-27,000333,11:16:15,78.8900,10,2
2026-02-27,000333,11:16:18,78.8900,11,2
2026-02-27,000333,11:16:21,78.9000,13,1
2026-02-27,000333,11:16:24,78.8900,7,2
2026-02-27,000333,11:16:27,78.9000,22,1
2026-02-27,000333,11:16:30,78.9000,7,1
2026-02-27,000333,11:16:33,78.8900,9,2
2026-02-27,000333,11:16:36,78.9000,3,1
2026-02-27,000333,11:16:39,78.8900,2,2
2026-02-27,000333,11:16:42,78.9000,16,1
2026-02-27,000333,11:16:45,78.9000,17,1
2026-02-27,000333,11:16:51,78.8900,35,2
2026-02-27,000333,11:16:54,78.8900,17,2
2026-02-27,000333,11:16:57,78.9000,15,1
2026-02-27,000333,11:17:00,78.8900,25,2
2026-02-27,000333,11:17:03,78.9000,10,1
2026-02-27,000333,11:17:06,78.8900,3,2
2026-02-27,000333,11:17:09,78.8900,7,2
2026-02-27,000333,11:17:12,78.8900,11,2
2026-02-27,000333,11:17:15,78.9000,43,1
2026-02-27,000333,11:17:18,78.9000,21,1
2026-02-27,000333,11:17:21,78.8900,5,2
2026-02-27,000333,11:17:24,78.8900,15,2
2026-02-27,000333,11:17:27,78.8900,11,2
2026-02-27,000333,11:17:30,78.9000,57,1
2026-02-27,000333,11:17:33,78.9000,13,1
2026-02-27,000333,11:17:36,78.8900,28,2
2026-02-27,000333,11:17:39,78.8900,22,2
2026-02-27,000333,11:17:42,78.8800,61,2
2026-02-27,000333,11:17:45,78.8900,3,1
2026-02-27,000333,11:17:48,78.8800,14,2
2026-02-27,000333,11:17:54,78.8700,42,2
2026-02-27,000333,11:17:57,78.8800,13,4
2026-02-27,000333,11:18:00,78.8600,100,2
2026-02-27,000333,11:18:03,78.8600,148,2
2026-02-27,000333,11:18:06,78.8400,112,2
2026-02-27,000333,11:18:09,78.8300,126,2
2026-02-27,000333,11:18:12,78.8400,42,1
2026-02-27,000333,11:18:15,78.8200,162,2
2026-02-27,000333,11:18:18,78.8200,58,2
2026-02-27,000333,11:18:21,78.8100,28,2
2026-02-27,000333,11:18:24,78.8200,15,1
2026-02-27,000333,11:18:27,78.8100,279,2
2026-02-27,000333,11:18:30,78.8000,44,2
2026-02-27,000333,11:18:33,78.8200,9,1
2026-02-27,000333,11:18:36,78.8100,85,2
2026-02-27,000333,11:18:39,78.8100,22,1
2026-02-27,000333,11:18:42,78.8100,21,1
2026-02-27,000333,11:18:45,78.8100,32,1
2026-02-27,000333,11:18:48,78.8100,22,1
2026-02-27,000333,11:18:51,78.8100,15,1
2026-02-27,000333,11:18:54,78.8000,300,2
2026-02-27,000333,11:18:57,78.8100,13,1
2026-02-27,000333,11:19:00,78.8000,267,2
2026-02-27,000333,11:19:03,78.8200,84,1
2026-02-27,000333,11:19:06,78.8100,12,4
2026-02-27,000333,11:19:09,78.8200,8,1
2026-02-27,000333,11:19:12,78.8100,20,2
