date,code,time,price,volume,bs
2026-03-23,000333,14:07:03,73.0000,32,2
2026-03-23,000333,14:07:06,73.0000,84,2
2026-03-23,000333,14:07:09,73.0200,124,1
2026-03-23,000333,14:07:12,73.0100,179,2
2026-03-23,000333,14:07:15,73.0100,37,2
2026-03-23,000333,14:07:21,73.0200,46,1
2026-03-23,000333,14:07:24,73.0100,321,2
2026-03-23,000333,14:07:27,73.0100,59,1
2026-03-23,000333,14:07:30,73.0100,49,1
2026-03-23,000333,14:07:33,73.0100,215,1
2026-03-23,000333,14:07:36,73.0100,114,2
2026-03-23,000333,14:07:39,73.0200,24,1
2026-03-23,000333,14:07:42,73.0100,9,2
2026-03-23,000333,14:07:45,73.0200,12,1
2026-03-23,000333,14:07:48,73.0100,2,2
2026-03-23,000333,14:07:51,73.0100,44,2
2026-03-23,000333,14:07:54,73.0200,54,1
2026-03-23,000333,14:07:57,73.0100,42,2
2026-03-23,000333,14:08:00,73.0200,17,1
2026-03-23,000333,14:08:03,73.0100,86,2
2026-03-23,000333,14:08:06,73.0100,51,2
2026-03-23,000333,14:08:09,73.0000,381,2
2026-03-23,000333,14:08:12,73.0200,48,1
2026-03-23,000333,14:08:15,73.0200,60,2
2026-03-23,000333,14:08:18,73.0100,138,2
2026-03-23,000333,14:08:21,73.0300,65,1
2026-03-23,000333,14:08:24,73.0200,42,1
2026-03-23,000333,14:08:27,73.0200,30,1
2026-03-23,000333,14:08:30,73.0400,247,1
2026-03-23,000333,14:08:33,73.0200,39,2
2026-03-23,000333,14:08:36,73.0400,34,1
2026-03-23,000333,14:08:39,73.0400,17,1
2026-03-23,000333,14:08:42,73.0300,71,2
2026-03-23,000333,14:08:45,73.0300,27,1
2026-03-23,000333,14:08:48,73.0300,25,1
2026-03-23,000333,14:08:51,73.0300,108,1
2026-03-23,000333,14:08:54,73.0300,50,1
2026-03-23,000333,14:08:57,73.0200,36,2
2026-03-23,000333,14:09:00,73.0200,47,2
2026-03-23,000333,14:09:03,73.0200,22,2
2026-03-23,000333,14:09:06,73.0300,33,1
2026-03-23,000333,14:09:09,73.0300,175,1
2026-03-23,000333,14:09:12,73.0700,234,1
2026-03-23,000333,14:09:15,73.0700,56,1
2026-03-23,000333,14:09:18,73.1100,378,1
2026-03-23,000333,14:09:21,73.1500,145,1
2026-03-23,000333,14:09:24,73.1200,6,2
2026-03-23,000333,14:09:27,73.1500,131,1
2026-03-23,000333,14:09:30,73.0900,511,2
2026-03-23,000333,14:09:33,73.0900,37,1
2026-03-23,000333,14:09:36,73.0700,49,2
2026-03-23,000333,14:09:39,73.0800,19,1
2026-03-23,000333,14:09:42,73.0700,130,2
2026-03-23,000333,14:09:45,73.0700,140,2
2026-03-23,000333,14:09:48,73.0600,42,2
2026-03-23,000333,14:09:51,73.0700,57,2
2026-03-23,000333,14:09:54,73.0700,196,1
2026-03-23,000333,14:09:57,73.0600,48,2
2026-03-23,000333,14:10:00,73.0700,25,1
2026-03-23,000333,14:10:03,73.0800,80,1
2026-03-23,000333,14:10:06,73.0800,10,1
2026-03-23,000333,14:10:09,73.0800,16,1
2026-03-23,000333,14:10:12,73.0800,156,1
2026-03-23,000333,14:10:15,73.1000,155,1
2026-03-23,000333,14:10:18,73.1300,47,1
2026-03-23,000333,14:10:21,73.1600,48,1
2026-03-23,000333,14:10:24,73.1100,291,2
2026-03-23,000333,14:10:27,73.1200,38,2
2026-03-23,000333,14:10:30,73.1500,94,1
2026-03-23,000333,14:10:33,73.1500,94,1
2026-03-23,000333,14:10:36,73.1500,46,1
2026-03-23,000333,14:10:39,73.2000,87,1
2026-03-23,000333,14:10:42,73.1900,2,1
2026-03-23,000333,14:10:45,73.2000,22,1
2026-03-23,000333,14:10:48,73.1900,163,1
2026-03-23,000333,14:10:51,73.1700,66,1
2026-03-23,000333,14:10:54,73.1600,10,2
2026-03-23,000333,14:10:57,73.1700,142,1
2026-03-23,000333,14:11:00,73.1800,57,1
2026-03-23,000333,14:11:03,73.1700,98,2
2026-03-23,000333,14:11:06,73.1800,38,1
2026-03-23,000333,14:11:09,73.1700,519,2
2026-03-23,000333,14:11:12,73.1800,266,1
2026-03-23,000333,14:11:15,73.1700,146,4
2026-03-23,000333,14:11:18,73.1600,52,2
2026-03-23,000333,14:11:21,73.1500,7,2
2026-03-23,000333,14:11:24,73.1300,63,2
2026-03-23,000333,14:11:27,73.1300,16,2
2026-03-23,000333,14:11:30,73.1400,18,1
2026-03-23,000333,14:11:33,73.1300,5,2
2026-03-23,000333,14:11:36,73.1400,31,1
2026-03-23,000333,14:11:39,73.1300,6,2
2026-03-23,000333,14:11:42,73.1300,39,2
2026-03-23,000333,14:11:45,73.1400,20,1
2026-03-23,000333,14:11:48,73.1400,12,1
2026-03-23,000333,14:11:51,73.1400,17,1
2026-03-23,000333,14:11:54,73.1400,10,1
2026-03-23,000333,14:11:57,73.1300,144,2
2026-03-23,000333,14:12:00,73.1400,45,1
2026-03-23,000333,14:12:03,73.1400,27,1
2026-03-23,000333,14:12:06,73.1300,40,2
2026-03-23,000333,14:12:09,73.1400,14,1
2026-03-23,000333,14:12:12,73.1300,63,2
2026-03-23,000333,14:12:15,73.1500,99,1
2026-03-23,000333,14:12:18,73.1300,130,2
2026-03-23,000333,14:12:21,73.1400,42,1
2026-03-23,000333,14:12:24,73.1400,8,1
2026-03-23,000333,14:12:27,73.1400,33,1
2026-03-23,000333,14:12:30,73.1400,32,2
2026-03-23,000333,14:12:33,73.1300,34,2
2026-03-23,000333,14:12:36,73.1200,448,2
2026-03-23,000333,14:12:39,73.1300,49,1
2026-03-23,000333,14:12:42,73.1000,72,2
2026-03-23,000333,14:12:45,73.1000,56,2
2026-03-23,000333,14:12:48,73.1000,16,2
2026-03-23,000333,14:12:51,73.1000,196,2
2026-03-23,000333,14:12:54,73.1000,23,2
2026-03-23,000333,14:12:57,73.1000,23,2
2026-03-23,000333,14:13:00,73.1000,20,2
2026-03-23,000333,14:13:03,73.1000,106,2
2026-03-23,000333,14:13:06,73.0900,35,2
2026-03-23,000333,14:13:09,73.0900,23,2
2026-03-23,000333,14:13:12,73.1000,26,1
2026-03-23,000333,14:13:15,73.1000,10,1
2026-03-23,000333,14:13:18,73.1000,12,1
2026-03-23,000333,14:13:21,73.1000,22,1
2026-03-23,000333,14:13:24,73.0900,14,2
2026-03-23,000333,14:13:27,73.1000,28,1
2026-03-23,000333,14:13:30,73.0900,19,2
2026-03-23,000333,14:13:33,73.1000,41,1
2026-03-23,000333,14:13:36,73.1000,139,1
2026-03-23,000333,14:13:39,73.0900,54,2
2026-03-23,000333,14:13:42,73.0900,17,2
2026-03-23,000333,14:13:45,73.1100,25,1
2026-03-23,000333,14:13:48,73.1000,36,4
2026-03-23,000333,14:13:51,73.1100,77,1
2026-03-23,000333,14:13:54,73.1100,95,1
2026-03-23,000333,14:13:57,73.1200,72,1
2026-03-23,000333,14:14:00,73.1400,38,1
2026-03-23,000333,14:14:03,73.1400,262,1
2026-03-23,000333,14:14:06,73.1500,58,2
2026-03-23,000333,14:14:09,73.1600,71,1
2026-03-23,000333,14:14:12,73.1400,18,2
2026-03-23,000333,14:14:15,73.1400,184,2
2026-03-23,000333,14:14:18,73.1400,5,1
2026-03-23,000333,14:14:21,73.1400,113,1
2026-03-23,000333,14:14:24,73.1300,25,2
2026-03-23,000333,14:14:27,73.1300,13,2
2026-03-23,000333,14:14:30,73.1300,14,2
2026-03-23,000333,14:14:33,73.1300,44,2
2026-03-23,000333,14:14:36,73.1300,125,2
2026-03-23,000333,14:14:39,73.1400,35,1
2026-03-23,000333,14:14:42,73.1300,37,2
2026-03-23,000333,14:14:45,73.1400,46,1
2026-03-23,000333,14:14:48,73.1300,5,2
2026-03-23,000333,14:14:51,73.1400,22,1
2026-03-23,000333,14:14:54,73.1300,60,2
2026-03-23,000333,14:14:57,73.1200,15,2
2026-03-23,000333,14:15:00,73.1300,62,1
2026-03-23,000333,14:15:03,73.1200,34,2
2026-03-23,000333,14:15:06,73.1400,142,1
2026-03-23,000333,14:15:09,73.1400,111,1
2026-03-23,000333,14:15:12,73.1500,324,1
2026-03-23,000333,14:15:15,73.1600,97,4
2026-03-23,000333,14:15:18,73.1600,98,1
2026-03-23,000333,14:15:21,73.1600,38,4
2026-03-23,000333,14:15:24,73.1700,65,1
2026-03-23,000333,14:15:27,73.1700,22,1
2026-03-23,000333,14:15:30,73.1600,11,2
2026-03-23,000333,14:15:33,73.1700,21,1
2026-03-23,000333,14:15:36,73.1700,70,1
2026-03-23,000333,14:15:39,73.1900,142,1
2026-03-23,000333,14:15:42,73.2000,44,1
2026-03-23,000333,14:15:45,73.1900,1,4
2026-03-23,000333,14:15:48,73.2000,10,1
2026-03-23,000333,14:15:51,73.2000,132,1
2026-03-23,000333,14:15:54,73.2000,68,1
2026-03-23,000333,14:15:57,73.2000,44,4
2026-03-23,000333,14:16:00,73.2000,100,2
2026-03-23,000333,14:16:03,73.2000,52,2
2026-03-23,000333,14:16:06,73.2100,157,1
2026-03-23,000333,14:16:09,73.2000,19,2
2026-03-23,000333,14:16:12,73.2000,20,2
2026-03-23,000333,14:16:15,73.1800,148,2
2026-03-23,000333,14:16:18,73.1700,17,2
2026-03-23,000333,14:16:21,73.1700,18,2
2026-03-23,000333,14:16:24,73.1700,26,2
2026-03-23,000333,14:16:27,73.1700,33,2
2026-03-23,000333,14:16:30,73.1400,191,2
2026-03-23,000333,14:16:33,73.1500,92,1
2026-03-23,000333,14:16:36,73.1600,111,1
2026-03-23,000333,14:16:39,73.1500,43,2
2026-03-23,000333,14:16:42,73.1500,24,1
2026-03-23,000333,14:16:45,73.1300,260,2
2026-03-23,000333,14:16:48,73.1400,24,1
2026-03-23,000333,14:16:51,73.1500,115,1
2026-03-23,000333,14:16:54,73.1200,28,2
2026-03-23,000333,14:16:57,73.1100,38,2
2026-03-23,000333,14:17:00,73.1100,38,2
2026-03-23,000333,14:17:03,73.1100,98,2
2026-03-23,000333,14:17:06,73.1200,78,4
2026-03-23,000333,14:17:09,73.1200,9,1
2026-03-23,000333,14:17:12,73.1100,25,2
2026-03-23,000333,14:17:15,73.1100,12,1
2026-03-23,000333,14:17:18,73.0800,107,2
2026-03-23,000333,14:17:21,73.1000,81,1
2026-03-23,000333,14:17:24,73.0700,52,2
2026-03-23,000333,14:17:27,73.0800,16,4
2026-03-23,000333,14:17:30,73.0700,33,2
2026-03-23,000333,14:17:33,73.0700,29,2
2026-03-23,000333,14:17:36,73.0800,51,1
2026-03-23,000333,14:17:39,73.0600,56,2
2026-03-23,000333,14:17:42,73.0800,79,1
2026-03-23,000333,14:17:45,73.0500,106,2
2026-03-23,000333,14:17:48,73.0600,29,1
2026-03-23,000333,14:17:51,73.0600,22,1
2026-03-23,000333,14:17:54,73.0600,19,1
2026-03-23,000333,14:17:57,73.0600,35,1
2026-03-23,000333,14:18:00,73.0500,26,2
2026-03-23,000333,14:18:03,73.0600,47,1
2026-03-23,000333,14:18:06,73.0500,38,2
2026-03-23,000333,14:18:09,73.0500,69,2
2026-03-23,000333,14:18:12,73.0500,42,2
2026-03-23,000333,14:18:15,73.0700,73,1
2026-03-23,000333,14:18:18,73.0800,13,1
2026-03-23,000333,14:18:21,73.0700,42,2
2026-03-23,000333,14:18:24,73.0700,19,2
2026-03-23,000333,14:18:27,73.0800,18,1
2026-03-23,000333,14:18:30,73.0700,14,2
2026-03-23,000333,14:18:33,73.0800,39,1
2026-03-23,000333,14:18:36,73.0800,16,1
2026-03-23,000333,14:18:39,73.0800,75,2
2026-03-23,000333,14:18:42,73.0800,14,2
2026-03-23,000333,14:18:45,73.0900,7,1
2026-03-23,000333,14:18:48,73.0900,23,1
2026-03-23,000333,14:18:51,73.0900,27,1
2026-03-23,000333,14:18:54,73.0800,22,2
2026-03-23,000333,14:18:57,73.0700,43,2
2026-03-23,000333,14:19:00,73.0700,82,2
2026-03-23,000333,14:19:03,73.0700,23,1
2026-03-23,000333,14:19:06,73.0700,66,1
2026-03-23,000333,14:19:09,73.0700,46,1
2026-03-23,000333,14:19:12,73.0700,43,1
2026-03-23,000333,14:19:15,73.0700,9,1
2026-03-23,000333,14:19:18,73.0700,49,1
2026-03-23,000333,14:19:21,73.0700,11,1
2026-03-23,000333,14:19:24,73.0700,5,1
2026-03-23,000333,14:19:27,73.0700,40,1
2026-03-23,000333,14:19:30,73.0700,19,1
2026-03-23,000333,14:19:33,73.0600,20,2
2026-03-23,000333,14:19:36,73.0700,26,1
2026-03-23,000333,14:19:39,73.0800,5,1
2026-03-23,000333,14:19:42,73.0900,163,1
2026-03-23,000333,14:19:45,73.0900,50,1
2026-03-23,000333,14:19:48,73.0900,20,1
2026-03-23,000333,14:19:51,73.0900,9,1
2026-03-23,000333,14:19:54,73.0900,31,1
2026-03-23,000333,14:19:57,73.0900,155,2
2026-03-23,000333,14:20:00,73.1000,93,1
2026-03-23,000333,14:20:03,73.1100,23,1
2026-03-23,000333,14:20:06,73.1100,150,1
2026-03-23,000333,14:20:09,73.1000,294,2
2026-03-23,000333,14:20:12,73.1100,92,1
2026-03-23,000333,14:20:15,73.1000,32,2
2026-03-23,000333,14:20:18,73.1000,26,2
2026-03-23,000333,14:20:21,73.1100,27,1
2026-03-23,000333,14:20:24,73.1000,22,2
2026-03-23,000333,14:20:27,73.1100,21,1
2026-03-23,000333,14:20:30,73.1100,75,1
2026-03-23,000333,14:20:33,73.1200,55,1
2026-03-23,000333,14:20:36,73.1400,88,1
2026-03-23,000333,14:20:39,73.1400,48,1
2026-03-23,000333,14:20:42,73.1300,59,2
2026-03-23,000333,14:20:45,73.1500,150,1
2026-03-23,000333,14:20:48,73.1600,29,1
2026-03-23,000333,14:20:51,73.1400,70,2
2026-03-23,000333,14:20:54,73.1200,126,2
2026-03-23,000333,14:20:57,73.1300,38,1
2026-03-23,000333,14:21:00,73.1400,49,1
2026-03-23,000333,14:21:03,73.1300,31,2
2026-03-23,000333,14:21:06,73.1400,27,1
2026-03-23,000333,14:21:09,73.1200,103,2
2026-03-23,000333,14:21:12,73.1000,286,2
2026-03-23,000333,14:21:15,73.0900,79,2
2026-03-23,000333,14:21:18,73.0900,51,2
2026-03-23,000333,14:21:21,73.1000,32,1
2026-03-23,000333,14:21:24,73.0900,19,4
2026-03-23,000333,14:21:27,73.1000,54,1
2026-03-23,000333,14:21:30,73.1200,32,1
2026-03-23,000333,14:21:33,73.1000,56,2
2026-03-23,000333,14:21:36,73.1100,40,4
2026-03-23,000333,14:21:39,73.1400,59,1
2026-03-23,000333,14:21:42,73.1000,17,2
2026-03-23,000333,14:21:45,73.1300,7,1
2026-03-23,000333,14:21:48,73.1200,14,2
2026-03-23,000333,14:21:51,73.1200,57,1
2026-03-23,000333,14:21:54,73.1000,100,2
2026-03-23,000333,14:21:57,73.1200,48,1
2026-03-23,000333,14:22:00,73.1400,85,1
2026-03-23,000333,14:22:03,73.1300,58,2
2026-03-23,000333,14:22:06,73.1300,93,1
2026-03-23,000333,14:22:09,73.1300,11,2
2026-03-23,000333,14:22:12,73.1400,2,1
2026-03-23,000333,14:22:15,73.1400,26,1
2026-03-23,000333,14:22:18,73.1500,74,1
2026-03-23,000333,14:22:21,73.1400,47,1
2026-03-23,000333,14:22:24,73.1100,64,2
2026-03-23,000333,14:22:27,73.1100,100,2
2026-03-23,000333,14:22:30,73.1000,112,2
2026-03-23,000333,14:22:33,73.1000,23,1
2026-03-23,000333,14:22:36,73.1000,50,2
2026-03-23,000333,14:22:39,73.1000,16,2
2026-03-23,000333,14:22:42,73.0900,55,2
2026-03-23,000333,14:22:45,73.0900,4,2
2026-03-23,000333,14:22:48,73.0900,57,2
2026-03-23,000333,14:22:51,73.1000,43,1
2026-03-23,000333,14:22:54,73.1000,46,1
2026-03-23,000333,14:22:57,73.0900,85,2
2026-03-23,000333,14:23:00,73.0900,60,2
2026-03-23,000333,14:23:03,73.1000,35,1
2026-03-23,000333,14:23:06,73.0800,206,2
2026-03-23,000333,14:23:09,73.0700,110,2
2026-03-23,000333,14:23:12,73.0700,58,2
2026-03-23,000333,14:23:15,73.0700,93,2
2026-03-23,000333,14:23:18,73.0800,94,1
2026-03-23,000333,14:23:21,73.1000,109,1
2026-03-23,000333,14:23:24,73.0500,157,2
2026-03-23,000333,14:23:27,73.0800,16,2
2026-03-23,000333,14:23:30,73.0900,11,1
2026-03-23,000333,14:23:33,73.0800,81,2
2026-03-23,000333,14:23:36,73.1000,47,1
2026-03-23,000333,14:23:39,73.0900,8,2
2026-03-23,000333,14:23:42,73.1000,30,1
2026-03-23,000333,14:23:45,73.1000,50,1
2026-03-23,000333,14:23:48,73.1300,247,1
2026-03-23,000333,14:23:51,73.1400,65,1
2026-03-23,000333,14:23:54,73.1600,56,1
2026-03-23,000333,14:23:57,73.1600,93,1
2026-03-23,000333,14:24:00,73.1800,108,1
2026-03-23,000333,14:24:03,73.1800,99,1
2026-03-23,000333,14:24:06,73.2300,475,1
2026-03-23,000333,14:24:09,73.3000,314,1
2026-03-23,000333,14:24:12,73.3500,92,1
2026-03-23,000333,14:24:15,73.3400,84,1
2026-03-23,000333,14:24:18,73.3400,88,1
2026-03-23,000333,14:24:21,73.3200,77,2
2026-03-23,000333,14:24:24,73.3000,56,2
2026-03-23,000333,14:24:27,73.3500,123,1
2026-03-23,000333,14:24:30,73.3800,39,1
2026-03-23,000333,14:24:33,73.3700,41,2
2026-03-23,000333,14:24:36,73.3600,38,2
2026-03-23,000333,14:24:39,73.3700,18,1
2026-03-23,000333,14:24:42,73.3600,52,2
2026-03-23,000333,14:24:45,73.3600,40,2
2026-03-23,000333,14:24:48,73.3600,13,1
2026-03-23,000333,14:24:51,73.3600,13,1
2026-03-23,000333,14:24:54,73.3300,62,2
2026-03-23,000333,14:24:57,73.3200,28,2
2026-03-23,000333,14:25:00,73.3200,19,1
2026-03-23,000333,14:25:03,73.3200,46,1
2026-03-23,000333,14:25:06,73.3000,134,2
2026-03-23,000333,14:25:09,73.2800,194,2
2026-03-23,000333,14:25:12,73.2600,33,2
2026-03-23,000333,14:25:15,73.2800,83,1
2026-03-23,000333,14:25:18,73.2500,21,2
2026-03-23,000333,14:25:21,73.2400,17,2
2026-03-23,000333,14:25:24,73.2400,54,1
2026-03-23,000333,14:25:27,73.2700,4,1
2026-03-23,000333,14:25:30,73.2700,19,1
2026-03-23,000333,14:25:33,73.2800,135,1
2026-03-23,000333,14:25:36,73.2700,24,1
2026-03-23,000333,14:25:39,73.2700,21,2
2026-03-23,000333,14:25:42,73.2700,61,1
2026-03-23,000333,14:25:45,73.2800,22,1
2026-03-23,000333,14:25:48,73.2600,304,2
2026-03-23,000333,14:25:51,73.2700,199,1
2026-03-23,000333,14:25:54,73.2700,34,1
2026-03-23,000333,14:25:57,73.2600,18,2
2026-03-23,000333,14:26:00,73.2700,25,1
2026-03-23,000333,14:26:03,73.2200,156,2
2026-03-23,000333,14:26:06,73.2300,85,4
2026-03-23,000333,14:26:09,73.2100,4,2
2026-03-23,000333,14:26:12,73.2200,25,1
2026-03-23,000333,14:26:15,73.2000,100,2
2026-03-23,000333,14:26:18,73.2100,237,4
2026-03-23,000333,14:26:21,73.2100,59,2
2026-03-23,000333,14:26:24,73.2000,39,2
2026-03-23,000333,14:26:27,73.2000,66,2
2026-03-23,000333,14:26:30,73.2000,56,2
2026-03-23,000333,14:26:33,73.1900,49,2
2026-03-23,000333,14:26:36,73.2000,33,1
2026-03-23,000333,14:26:39,73.2000,37,1
2026-03-23,000333,14:26:42,73.2000,26,1
2026-03-23,000333,14:26:45,73.1900,49,2
2026-03-23,000333,14:26:48,73.1900,25,1
2026-03-23,000333,14:26:51,73.1900,8,1
2026-03-23,000333,14:26:54,73.1900,19,1
2026-03-23,000333,14:26:57,73.1900,25,1
2026-03-23,000333,14:27:00,73.1900,58,1
2026-03-23,000333,14:27:03,73.2000,42,1
2026-03-23,000333,14:27:06,73.2000,42,1
2026-03-23,000333,14:27:09,73.2000,72,1
2026-03-23,000333,14:27:12,73.2100,41,1
2026-03-23,000333,14:27:15,73.2000,11,2
2026-03-23,000333,14:27:18,73.2000,61,2
2026-03-23,000333,14:27:21,73.2100,12,2
2026-03-23,000333,14:27:24,73.2200,31,1
2026-03-23,000333,14:27:27,73.2200,142,1
2026-03-23,000333,14:27:30,73.2100,14,2
2026-03-23,000333,14:27:33,73.2100,350,2
2026-03-23,000333,14:27:36,73.2100,59,1
2026-03-23,000333,14:27:39,73.2100,27,1
2026-03-23,000333,14:27:42,73.2100,112,1
2026-03-23,000333,14:27:45,73.2200,44,1
2026-03-23,000333,14:27:48,73.2200,102,1
2026-03-23,000333,14:27:51,73.2100,55,2
2026-03-23,000333,14:27:54,73.2000,232,2
2026-03-23,000333,14:27:57,73.1900,63,2
2026-03-23,000333,14:28:00,73.1900,29,2
2026-03-23,000333,14:28:03,73.2000,48,1
2026-03-23,000333,14:28:06,73.2000,25,2
2026-03-23,000333,14:28:09,73.2100,23,1
2026-03-23,000333,14:28:12,73.2000,39,2
2026-03-23,000333,14:28:15,73.2000,23,2
2026-03-23,000333,14:28:18,73.1900,24,2
2026-03-23,000333,14:28:21,73.2000,13,1
2026-03-23,000333,14:28:24,73.2000,31,1
2026-03-23,000333,14:28:27,73.1700,135,2
2026-03-23,000333,14:28:30,73.1900,103,1
2026-03-23,000333,14:28:33,73.1600,89,2
2026-03-23,000333,14:28:36,73.1600,54,2
2026-03-23,000333,14:28:39,73.1600,61,2
2026-03-23,000333,14:28:42,73.1500,41,2
2026-03-23,000333,14:28:45,73.1500,20,2
2026-03-23,000333,14:28:48,73.1600,47,1
2026-03-23,000333,14:28:51,73.1500,20,2
2026-03-23,000333,14:28:54,73.1500,19,2
2026-03-23,000333,14:28:57,73.1500,115,2
2026-03-23,000333,14:29:00,73.1600,16,2
2026-03-23,000333,14:29:03,73.1600,31,2
2026-03-23,000333,14:29:06,73.1700,129,1
2026-03-23,000333,14:29:09,73.1700,40,1
2026-03-23,000333,14:29:12,73.1700,62,1
2026-03-23,000333,14:29:15,73.1700,43,1
2026-03-23,000333,14:29:18,73.1700,29,1
2026-03-23,000333,14:29:21,73.1700,13,1
2026-03-23,000333,14:29:24,73.1600,47,2
2026-03-23,000333,14:29:27,73.1600,14,1
2026-03-23,000333,14:29:30,73.1500,46,2
2026-03-23,000333,14:29:33,73.1500,65,2
2026-03-23,000333,14:29:36,73.1600,65,1
2026-03-23,000333,14:29:39,73.1600,31,1
2026-03-23,000333,14:29:42,73.1600,21,1
2026-03-23,000333,14:29:45,73.1500,35,2
2026-03-23,000333,14:29:48,73.1600,19,1
2026-03-23,000333,14:29:51,73.1600,18,1
2026-03-23,000333,14:29:54,73.1600,47,1
2026-03-23,000333,14:29:57,73.1500,35,2
2026-03-23,000333,14:30:00,73.1700,20,1
2026-03-23,000333,14:30:03,73.1600,146,2
2026-03-23,000333,14:30:06,73.1500,137,2
2026-03-23,000333,14:30:09,73.1400,37,2
2026-03-23,000333,14:30:12,73.1400,71,2
2026-03-23,000333,14:30:15,73.1300,48,2
2026-03-23,000333,14:30:18,73.1400,67,1
2026-03-23,000333,14:30:21,73.1300,16,2
2026-03-23,000333,14:30:24,73.1400,35,1
2026-03-23,000333,14:30:27,73.1300,21,2
2026-03-23,000333,14:30:30,73.1300,59,2
2026-03-23,000333,14:30:33,73.1400,10,1
2026-03-23,000333,14:30:36,73.1400,67,1
2026-03-23,000333,14:30:39,73.1400,34,1
2026-03-23,000333,14:30:42,73.1300,41,2
2026-03-23,000333,14:30:45,73.1200,43,2
2026-03-23,000333,14:30:48,73.1200,103,2
2026-03-23,000333,14:30:51,73.1300,37,1
2026-03-23,000333,14:30:54,73.1400,13,1
2026-03-23,000333,14:30:57,73.1300,27,2
2026-03-23,000333,14:31:00,73.1300,75,1
2026-03-23,000333,14:31:03,73.1300,57,2
2026-03-23,000333,14:31:06,73.1100,156,2
2026-03-23,000333,14:31:09,73.1200,61,1
2026-03-23,000333,14:31:12,73.1100,119,2
2026-03-23,000333,14:31:15,73.1100,18,2
2026-03-23,000333,14:31:18,73.1200,47,1
2026-03-23,000333,14:31:21,73.1100,54,2
2026-03-23,000333,14:31:24,73.1300,251,1
2026-03-23,000333,14:31:27,73.1300,47,1
2026-03-23,000333,14:31:30,73.1100,278,2
2026-03-23,000333,14:31:33,73.1100,225,1
2026-03-23,000333,14:31:36,73.1100,35,1
2026-03-23,000333,14:31:39,73.1200,79,1
2026-03-23,000333,14:31:42,73.1100,14,2
2026-03-23,000333,14:31:45,73.1100,59,2
2026-03-23,000333,14:31:48,73.1300,31,1
2026-03-23,000333,14:31:51,73.1300,48,1
2026-03-23,000333,14:31:54,73.1300,66,1
2026-03-23,000333,14:31:57,73.1400,21,1
2026-03-23,000333,14:32:00,73.1600,231,1
2026-03-23,000333,14:32:03,73.1600,65,1
2026-03-23,000333,14:32:06,73.1500,65,2
2026-03-23,000333,14:32:09,73.1600,32,1
2026-03-23,000333,14:32:12,73.1600,53,1
2026-03-23,000333,14:32:15,73.1500,27,2
2026-03-23,000333,14:32:18,73.1600,64,1
2026-03-23,000333,14:32:21,73.1600,50,1
2026-03-23,000333,14:32:24,73.1500,34,2
2026-03-23,000333,14:32:27,73.1600,35,1
2026-03-23,000333,14:32:30,73.1500,23,2
2026-03-23,000333,14:32:33,73.1500,61,2
2026-03-23,000333,14:32:36,73.1500,49,2
2026-03-23,000333,14:32:39,73.1500,55,2
2026-03-23,000333,14:32:42,73.1600,10,1
2026-03-23,000333,14:32:45,73.1500,64,2
2026-03-23,000333,14:32:48,73.1600,149,1
2026-03-23,000333,14:32:51,73.1500,41,1
2026-03-23,000333,14:32:54,73.1500,21,2
2026-03-23,000333,14:32:57,73.1600,13,1
2026-03-23,000333,14:33:00,73.1500,76,2
2026-03-23,000333,14:33:03,73.1400,79,2
2026-03-23,000333,14:33:06,73.1500,27,1
2026-03-23,000333,14:33:09,73.1500,27,1
2026-03-23,000333,14:33:12,73.1500,9,2
2026-03-23,000333,14:33:15,73.1500,26,2
2026-03-23,000333,14:33:18,73.1500,2,2
2026-03-23,000333,14:33:21,73.1500,7,2
2026-03-23,000333,14:33:24,73.1600,18,1
2026-03-23,000333,14:33:27,73.1500,131,2
2026-03-23,000333,14:33:30,73.1400,108,2
2026-03-23,000333,14:33:33,73.1400,198,2
2026-03-23,000333,14:33:36,73.1500,109,1
2026-03-23,000333,14:33:39,73.1300,11,2
2026-03-23,000333,14:33:42,73.1400,46,1
2026-03-23,000333,14:33:45,73.1400,21,2
2026-03-23,000333,14:33:48,73.1500,15,1
2026-03-23,000333,14:33:51,73.1500,184,1
2026-03-23,000333,14:33:54,73.1600,48,1
2026-03-23,000333,14:33:57,73.1500,110,2
2026-03-23,000333,14:34:00,73.1600,221,1
2026-03-23,000333,14:34:03,73.1600,162,1
2026-03-23,000333,14:34:06,73.1600,30,1
2026-03-23,000333,14:34:09,73.1700,8,1
2026-03-23,000333,14:34:12,73.1600,13,2
2026-03-23,000333,14:34:15,73.1700,26,1
2026-03-23,000333,14:34:18,73.1600,38,2
2026-03-23,000333,14:34:21,73.1700,29,1
2026-03-23,000333,14:34:24,73.1700,30,1
2026-03-23,000333,14:34:27,73.1700,109,1
2026-03-23,000333,14:34:30,73.1700,22,1
2026-03-23,000333,14:34:33,73.1700,20,1
2026-03-23,000333,14:34:36,73.1900,370,1
2026-03-23,000333,14:34:39,73.1900,26,1
2026-03-23,000333,14:34:42,73.1900,35,1
2026-03-23,000333,14:34:45,73.1900,14,1
2026-03-23,000333,14:34:48,73.1900,1,1
2026-03-23,000333,14:34:51,73.1900,17,1
2026-03-23,000333,14:34:54,73.1900,249,1
2026-03-23,000333,14:34:57,73.1900,118,1
2026-03-23,000333,14:35:00,73.2000,29,1
2026-03-23,000333,14:35:03,73.1800,14,2
2026-03-23,000333,14:35:06,73.1800,17,4
2026-03-23,000333,14:35:09,73.1700,24,2
2026-03-23,000333,14:35:12,73.1700,514,2
2026-03-23,000333,14:35:15,73.1700,36,2
2026-03-23,000333,14:35:18,73.1700,25,2
2026-03-23,000333,14:35:21,73.1700,154,2
2026-03-23,000333,14:35:24,73.1400,203,2
2026-03-23,000333,14:35:27,73.1400,45,2
2026-03-23,000333,14:35:30,73.1400,31,2
2026-03-23,000333,14:35:33,73.1400,38,2
2026-03-23,000333,14:35:36,73.1100,1266,2
2026-03-23,000333,14:35:39,73.1100,129,2
2026-03-23,000333,14:35:42,73.1000,51,2
2026-03-23,000333,14:35:45,73.1200,132,1
2026-03-23,000333,14:35:48,73.1000,24,2
2026-03-23,000333,14:35:51,73.1100,13,1
2026-03-23,000333,14:35:54,73.1100,174,1
2026-03-23,000333,14:35:57,73.1000,201,2
2026-03-23,000333,14:36:00,73.0900,55,2
2026-03-23,000333,14:36:03,73.0900,97,2
2026-03-23,000333,14:36:06,73.1000,64,1
2026-03-23,000333,14:36:09,73.0900,214,2
2026-03-23,000333,14:36:12,73.0900,132,2
2026-03-23,000333,14:36:15,73.1000,109,1
2026-03-23,000333,14:36:18,73.1000,27,1
2026-03-23,000333,14:36:21,73.1000,86,1
2026-03-23,000333,14:36:24,73.0900,33,2
2026-03-23,000333,14:36:27,73.1000,61,1
2026-03-23,000333,14:36:30,73.1000,126,1
2026-03-23,000333,14:36:33,73.1000,8,2
2026-03-23,000333,14:36:36,73.1000,41,2
2026-03-23,000333,14:36:39,73.1000,20,2
2026-03-23,000333,14:36:42,73.1000,105,2
2026-03-23,000333,14:36:45,73.1100,104,1
2026-03-23,000333,14:36:48,73.1200,71,1
2026-03-23,000333,14:36:51,73.1200,109,1
2026-03-23,000333,14:36:54,73.1200,55,1
2026-03-23,000333,14:36:57,73.1300,102,1
2026-03-23,000333,14:37:00,73.1300,6,1
2026-03-23,000333,14:37:03,73.1300,172,1
2026-03-23,000333,14:37:06,73.1300,77,1
2026-03-23,000333,14:37:09,73.1300,57,1
2026-03-23,000333,14:37:12,73.1300,97,1
2026-03-23,000333,14:37:15,73.1300,78,1
2026-03-23,000333,14:37:18,73.1300,151,1
2026-03-23,000333,14:37:21,73.1700,349,1
2026-03-23,000333,14:37:24,73.1700,107,1
2026-03-23,000333,14:37:27,73.1600,288,2
2026-03-23,000333,14:37:30,73.1600,587,1
2026-03-23,000333,14:37:33,73.1500,289,2
2026-03-23,000333,14:37:36,73.1600,73,1
2026-03-23,000333,14:37:39,73.1600,626,1
2026-03-23,000333,14:37:42,73.1800,290,1
2026-03-23,000333,14:37:45,73.2000,216,1
2026-03-23,000333,14:37:48,73.2400,52,1
2026-03-23,000333,14:37:51,73.2800,83,1
2026-03-23,000333,14:37:54,73.2700,109,2
2026-03-23,000333,14:37:57,73.3100,108,1
2026-03-23,000333,14:38:00,73.3000,105,2
2026-03-23,000333,14:38:03,73.3000,242,2
2026-03-23,000333,14:38:06,73.2900,139,2
2026-03-23,000333,14:38:09,73.2900,265,1
2026-03-23,000333,14:38:12,73.2600,264,2
2026-03-23,000333,14:38:15,73.2700,55,1
2026-03-23,000333,14:38:18,73.2700,81,4
2026-03-23,000333,14:38:21,73.2500,54,2
2026-03-23,000333,14:38:24,73.2500,24,2
2026-03-23,000333,14:38:27,73.2700,47,1
2026-03-23,000333,14:38:30,73.2700,46,1
2026-03-23,000333,14:38:33,73.2600,53,2
2026-03-23,000333,14:38:36,73.2700,26,1
2026-03-23,000333,14:38:39,73.2700,109,1
2026-03-23,000333,14:38:42,73.2600,26,4
2026-03-23,000333,14:38:45,73.2600,93,1
2026-03-23,000333,14:38:48,73.2500,114,2
2026-03-23,000333,14:38:51,73.2600,58,1
2026-03-23,000333,14:38:54,73.2500,29,2
2026-03-23,000333,14:38:57,73.2100,105,2
2026-03-23,000333,14:39:00,73.2500,73,1
2026-03-23,000333,14:39:03,73.2500,42,1
2026-03-23,000333,14:39:06,73.2600,43,1
2026-03-23,000333,14:39:09,73.2600,31,1
2026-03-23,000333,14:39:12,73.2300,98,2
2026-03-23,000333,14:39:15,73.2500,68,1
2026-03-23,000333,14:39:18,73.2700,62,1
2026-03-23,000333,14:39:21,73.2700,109,1
2026-03-23,000333,14:39:24,73.2600,47,2
2026-03-23,000333,14:39:27,73.2600,37,2
2026-03-23,000333,14:39:30,73.2500,48,2
2026-03-23,000333,14:39:33,73.2600,19,4
2026-03-23,000333,14:39:36,73.2600,96,2
2026-03-23,000333,14:39:39,73.2600,51,1
2026-03-23,000333,14:39:42,73.2600,90,2
2026-03-23,000333,14:39:45,73.2700,13,1
2026-03-23,000333,14:39:48,73.2700,144,1
2026-03-23,000333,14:39:51,73.2800,25,1
2026-03-23,000333,14:39:54,73.2700,55,2
2026-03-23,000333,14:39:57,73.2800,92,1
2026-03-23,000333,14:40:00,73.2800,65,2
2026-03-23,000333,14:40:03,73.3000,141,1
2026-03-23,000333,14:40:06,73.3200,77,1
2026-03-23,000333,14:40:09,73.3300,62,1
2026-03-23,000333,14:40:12,73.3400,192,1
2026-03-23,000333,14:40:15,73.3500,160,1
2026-03-23,000333,14:40:18,73.3600,127,1
2026-03-23,000333,14:40:21,73.3500,47,1
2026-03-23,000333,14:40:24,73.3600,85,1
2026-03-23,000333,14:40:27,73.3600,193,1
2026-03-23,000333,14:40:30,73.3300,82,2
2026-03-23,000333,14:40:33,73.3500,49,4
2026-03-23,000333,14:40:36,73.3700,100,1
2026-03-23,000333,14:40:39,73.3600,146,1
2026-03-23,000333,14:40:42,73.3400,60,2
2026-03-23,000333,14:40:45,73.3300,116,2
2026-03-23,000333,14:40:48,73.3700,85,1
2026-03-23,000333,14:40:51,73.3600,79,1
2026-03-23,000333,14:40:54,73.3500,70,2
2026-03-23,000333,14:40:57,73.3800,35,1
2026-03-23,000333,14:41:00,73.3800,40,1
2026-03-23,000333,14:41:03,73.3900,117,1
2026-03-23,000333,14:41:06,73.4000,61,1
2026-03-23,000333,14:41:09,73.4000,119,1
2026-03-23,000333,14:41:12,73.3800,59,2
2026-03-23,000333,14:41:15,73.3800,42,1
2026-03-23,000333,14:41:18,73.3900,26,1
2026-03-23,000333,14:41:21,73.3800,10,4
2026-03-23,000333,14:41:24,73.3800,29,1
2026-03-23,000333,14:41:27,73.3600,268,2
2026-03-23,000333,14:41:30,73.3500,160,4
2026-03-23,000333,14:41:33,73.3500,656,1
2026-03-23,000333,14:41:36,73.3700,406,1
2026-03-23,000333,14:41:39,73.3700,118,1
2026-03-23,000333,14:41:42,73.3600,219,2
2026-03-23,000333,14:41:45,73.3600,100,2
2026-03-23,000333,14:41:48,73.3600,348,1
2026-03-23,000333,14:41:51,73.3300,193,2
2026-03-23,000333,14:41:54,73.3500,42,1
2026-03-23,000333,14:41:57,73.3500,120,2
2026-03-23,000333,14:42:00,73.3500,48,2
2026-03-23,000333,14:42:03,73.3500,144,2
2026-03-23,000333,14:42:06,73.3500,139,2
2026-03-23,000333,14:42:09,73.3600,82,1
2026-03-23,000333,14:42:12,73.3300,108,2
2026-03-23,000333,14:42:15,73.3400,57,1
2026-03-23,000333,14:42:18,73.3100,75,2
2026-03-23,000333,14:42:21,73.3100,798,2
2026-03-23,000333,14:42:24,73.2700,226,2
2026-03-23,000333,14:42:27,73.2700,112,1
2026-03-23,000333,14:42:30,73.2800,40,4
2026-03-23,000333,14:42:33,73.2800,121,2
2026-03-23,000333,14:42:36,73.2900,61,4
2026-03-23,000333,14:42:39,73.2900,91,2
2026-03-23,000333,14:42:42,73.2900,127,2
2026-03-23,000333,14:42:45,73.2900,32,2
2026-03-23,000333,14:42:48,73.2900,88,2
2026-03-23,000333,14:42:51,73.2900,130,1
2026-03-23,000333,14:42:54,73.2800,128,2
2026-03-23,000333,14:42:57,73.2600,120,2
2026-03-23,000333,14:43:00,73.2900,70,1
2026-03-23,000333,14:43:03,73.2900,163,1
2026-03-23,000333,14:43:06,73.2600,138,2
2026-03-23,000333,14:43:09,73.2900,48,1
2026-03-23,000333,14:43:12,73.2900,124,1
2026-03-23,000333,14:43:15,73.2800,44,2
2026-03-23,000333,14:43:18,73.2800,38,2
2026-03-23,000333,14:43:21,73.2500,99,2
2026-03-23,000333,14:43:24,73.3000,138,1
2026-03-23,000333,14:43:27,73.3000,98,2
2026-03-23,000333,14:43:30,73.3000,38,2
2026-03-23,000333,14:43:33,73.3100,457,1
2026-03-23,000333,14:43:36,73.3000,85,2
2026-03-23,000333,14:43:39,73.3200,100,1
2026-03-23,000333,14:43:42,73.3200,108,2
2026-03-23,000333,14:43:45,73.3400,116,1
2026-03-23,000333,14:43:48,73.3100,96,2
2026-03-23,000333,14:43:51,73.3400,323,1
2026-03-23,000333,14:43:54,73.3400,145,1
2026-03-23,000333,14:43:57,73.3300,115,2
2026-03-23,000333,14:44:00,73.3400,70,1
2026-03-23,000333,14:44:03,73.3300,40,1
2026-03-23,000333,14:44:06,73.3400,50,1
2026-03-23,000333,14:44:09,73.3300,47,1
2026-03-23,000333,14:44:12,73.3100,227,2
2026-03-23,000333,14:44:15,73.2800,95,2
2026-03-23,000333,14:44:18,73.3100,27,1
2026-03-23,000333,14:44:21,73.3200,43,1
2026-03-23,000333,14:44:24,73.3100,48,4
2026-03-23,000333,14:44:27,73.3200,152,1
2026-03-23,000333,14:44:30,73.3100,11,1
2026-03-23,000333,14:44:33,73.3000,121,2
2026-03-23,000333,14:44:36,73.3000,87,2
2026-03-23,000333,14:44:39,73.3100,141,1
2026-03-23,000333,14:44:42,73.3200,415,1
2026-03-23,000333,14:44:45,73.3000,119,2
2026-03-23,000333,14:44:48,73.2900,133,4
2026-03-23,000333,14:44:51,73.2900,90,4
2026-03-23,000333,14:44:54,73.3000,48,1
2026-03-23,000333,14:44:57,73.3100,59,1
2026-03-23,000333,14:45:00,73.3000,112,2
2026-03-23,000333,14:45:03,73.3000,323,2
2026-03-23,000333,14:45:06,73.2900,81,4
2026-03-23,000333,14:45:09,73.2700,99,2
2026-03-23,000333,14:45:12,73.2600,216,2
2026-03-23,000333,14:45:15,73.2900,43,1
2026-03-23,000333,14:45:18,73.2600,49,2
2026-03-23,000333,14:45:21,73.2700,39,1
2026-03-23,000333,14:45:24,73.2800,68,1
2026-03-23,000333,14:45:27,73.3000,47,1
2026-03-23,000333,14:45:30,73.2800,117,2
2026-03-23,000333,14:45:33,73.2800,3,1
2026-03-23,000333,14:45:36,73.2800,101,1
2026-03-23,000333,14:45:39,73.2800,88,1
2026-03-23,000333,14:45:42,73.2700,143,2
2026-03-23,000333,14:45:45,73.2700,138,2
2026-03-23,000333,14:45:48,73.2700,13,2
2026-03-23,000333,14:45:51,73.2700,380,1
2026-03-23,000333,14:45:54,73.2600,112,2
2026-03-23,000333,14:45:57,73.2600,94,2
2026-03-23,000333,14:46:00,73.2700,107,1
2026-03-23,000333,14:46:03,73.2500,108,2
2026-03-23,000333,14:46:06,73.2700,54,1
2026-03-23,000333,14:46:09,73.2600,81,2
2026-03-23,000333,14:46:12,73.2500,89,2
2026-03-23,000333,14:46:15,73.3000,83,1
2026-03-23,000333,14:46:18,73.2600,66,2
2026-03-23,000333,14:46:21,73.2600,7,2
2026-03-23,000333,14:46:24,73.2700,71,1
2026-03-23,000333,14:46:27,73.2700,21,1
2026-03-23,000333,14:46:30,73.2700,96,1
2026-03-23,000333,14:46:33,73.3100,391,1
2026-03-23,000333,14:46:36,73.2700,262,2
2026-03-23,000333,14:46:39,73.3200,75,1
2026-03-23,000333,14:46:42,73.3000,83,4
2026-03-23,000333,14:46:45,73.2900,144,2
2026-03-23,000333,14:46:48,73.3000,114,1
2026-03-23,000333,14:46:51,73.2800,59,2
2026-03-23,000333,14:46:54,73.2800,4,2
2026-03-23,000333,14:46:57,73.2800,16,2
2026-03-23,000333,14:47:00,73.2900,65,1
2026-03-23,000333,14:47:03,73.2800,123,2
2026-03-23,000333,14:47:06,73.2700,48,2
2026-03-23,000333,14:47:09,73.2600,117,2
2026-03-23,000333,14:47:12,73.2600,82,2
2026-03-23,000333,14:47:15,73.2700,166,1
2026-03-23,000333,14:47:18,73.2500,76,2
2026-03-23,000333,14:47:21,73.2500,123,1
2026-03-23,000333,14:47:24,73.2400,183,2
2026-03-23,000333,14:47:27,73.2600,95,1
2026-03-23,000333,14:47:30,73.2600,86,2
2026-03-23,000333,14:47:33,73.2500,173,2
2026-03-23,000333,14:47:36,73.2400,200,2
2026-03-23,000333,14:47:39,73.2300,111,4
2026-03-23,000333,14:47:42,73.2300,70,4
2026-03-23,000333,14:47:45,73.2100,204,2
2026-03-23,000333,14:47:48,73.2100,61,1
2026-03-23,000333,14:47:51,73.2400,178,1
2026-03-23,000333,14:47:54,73.2400,72,2
2026-03-23,000333,14:47:57,73.2400,67,2
2026-03-23,000333,14:48:00,73.2500,257,1
2026-03-23,000333,14:48:03,73.2700,164,1
2026-03-23,000333,14:48:06,73.2600,351,2
2026-03-23,000333,14:48:09,73.2700,84,1
2026-03-23,000333,14:48:12,73.2500,32,4
2026-03-23,000333,14:48:15,73.2500,33,1
2026-03-23,000333,14:48:18,73.2500,109,1
2026-03-23,000333,14:48:21,73.2400,21,2
2026-03-23,000333,14:48:24,73.2400,69,2
2026-03-23,000333,14:48:27,73.2500,127,1
2026-03-23,000333,14:48:30,73.2600,36,1
2026-03-23,000333,14:48:33,73.2500,41,2
2026-03-23,000333,14:48:36,73.2500,165,2
2026-03-23,000333,14:48:39,73.2500,34,1
2026-03-23,000333,14:48:42,73.2400,112,2
2026-03-23,000333,14:48:45,73.2800,388,1
2026-03-23,000333,14:48:48,73.2700,134,2
2026-03-23,000333,14:48:51,73.2800,26,4
2026-03-23,000333,14:48:54,73.3000,529,1
2026-03-23,000333,14:48:57,73.3100,83,1
2026-03-23,000333,14:49:00,73.3000,74,2
2026-03-23,000333,14:49:03,73.2900,111,2
2026-03-23,000333,14:49:06,73.3100,301,1
2026-03-23,000333,14:49:09,73.2700,215,2
2026-03-23,000333,14:49:12,73.3000,322,1
2026-03-23,000333,14:49:15,73.2800,127,2
2026-03-23,000333,14:49:18,73.2800,49,2
2026-03-23,000333,14:49:21,73.2700,100,2
2026-03-23,000333,14:49:24,73.2900,69,1
2026-03-23,000333,14:49:27,73.2900,32,1
2026-03-23,000333,14:49:30,73.3000,124,1
2026-03-23,000333,14:49:33,73.2800,155,2
2026-03-23,000333,14:49:36,73.3000,171,1
2026-03-23,000333,14:49:39,73.2900,18,2
2026-03-23,000333,14:49:42,73.2900,34,2
2026-03-23,000333,14:49:45,73.3000,38,2
2026-03-23,000333,14:49:48,73.3100,76,1
2026-03-23,000333,14:49:51,73.3000,499,2
2026-03-23,000333,14:49:54,73.3100,39,1
2026-03-23,000333,14:49:57,73.3100,306,2
2026-03-23,000333,14:50:00,73.2900,185,2
2026-03-23,000333,14:50:03,73.2700,162,2
2026-03-23,000333,14:50:06,73.2700,885,2
2026-03-23,000333,14:50:09,73.2600,116,2
2026-03-23,000333,14:50:12,73.3000,39,1
2026-03-23,000333,14:50:15,73.2700,54,2
2026-03-23,000333,14:50:18,73.2800,68,4
2026-03-23,000333,14:50:21,73.2700,158,2
2026-03-23,000333,14:50:24,73.2700,95,1
2026-03-23,000333,14:50:27,73.2700,40,2
2026-03-23,000333,14:50:30,73.2800,60,1
2026-03-23,000333,14:50:33,73.2700,55,2
2026-03-23,000333,14:50:36,73.2800,194,1
2026-03-23,000333,14:50:39,73.3000,160,1
2026-03-23,000333,14:50:42,73.2900,17,2
2026-03-23,000333,14:50:45,73.3000,185,1
2026-03-23,000333,14:50:48,73.3000,36,1
2026-03-23,000333,14:50:51,73.2900,167,4
2026-03-23,000333,14:50:54,73.2700,175,2
2026-03-23,000333,14:50:57,73.2500,338,2
2026-03-23,000333,14:51:00,73.2500,327,2
2026-03-23,000333,14:51:03,73.2300,179,2
2026-03-23,000333,14:51:06,73.2300,55,1
2026-03-23,000333,14:51:09,73.2200,63,2
2026-03-23,000333,14:51:12,73.2200,119,1
2026-03-23,000333,14:51:15,73.2000,73,2
2026-03-23,000333,14:51:18,73.2300,25,1
2026-03-23,000333,14:51:21,73.2300,113,1
2026-03-23,000333,14:51:24,73.2400,40,2
2026-03-23,000333,14:51:27,73.2500,44,1
2026-03-23,000333,14:51:30,73.2600,64,1
2026-03-23,000333,14:51:33,73.2800,73,1
2026-03-23,000333,14:51:36,73.2900,143,1
2026-03-23,000333,14:51:39,73.2600,39,2
2026-03-23,000333,14:51:42,73.3000,237,1
2026-03-23,000333,14:51:45,73.2900,19,4
2026-03-23,000333,14:51:48,73.3000,114,1
2026-03-23,000333,14:51:51,73.3000,105,1
2026-03-23,000333,14:51:54,73.3000,43,1
2026-03-23,000333,14:51:57,73.3100,224,1
2026-03-23,000333,14:52:00,73.3000,186,2
2026-03-23,000333,14:52:03,73.3100,232,1
2026-03-23,000333,14:52:06,73.3000,158,2
2026-03-23,000333,14:52:09,73.3300,241,1
2026-03-23,000333,14:52:12,73.3400,151,1
2026-03-23,000333,14:52:15,73.3400,23,1
2026-03-23,000333,14:52:18,73.3400,28,4
2026-03-23,000333,14:52:21,73.3400,55,2
2026-03-23,000333,14:52:24,73.3400,28,1
2026-03-23,000333,14:52:27,73.3500,35,1
2026-03-23,000333,14:52:30,73.3500,50,1
2026-03-23,000333,14:52:33,73.3500,38,1
2026-03-23,000333,14:52:36,73.3500,71,1
2026-03-23,000333,14:52:39,73.3400,7,2
2026-03-23,000333,14:52:42,73.3400,81,2
2026-03-23,000333,14:52:45,73.3500,124,1
2026-03-23,000333,14:52:48,73.3400,49,4
2026-03-23,000333,14:52:51,73.3200,151,2
2026-03-23,000333,14:52:54,73.3200,153,2
2026-03-23,000333,14:52:57,73.2800,446,2
2026-03-23,000333,14:53:00,73.2800,76,1
2026-03-23,000333,14:53:03,73.2800,106,1
2026-03-23,000333,14:53:06,73.2800,114,1
2026-03-23,000333,14:53:09,73.2700,67,2
2026-03-23,000333,14:53:12,73.3000,217,1
2026-03-23,000333,14:53:15,73.2900,437,2
2026-03-23,000333,14:53:18,73.2900,39,2
2026-03-23,000333,14:53:21,73.2900,48,1
2026-03-23,000333,14:53:24,73.2900,47,1
2026-03-23,000333,14:53:27,73.2900,57,1
2026-03-23,000333,14:53:30,73.2900,38,1
2026-03-23,000333,14:53:33,73.2900,127,1
2026-03-23,000333,14:53:36,73.2800,33,2
2026-03-23,000333,14:53:39,73.2900,112,1
2026-03-23,000333,14:53:42,73.2900,28,1
2026-03-23,000333,14:53:45,73.2800,56,4
2026-03-23,000333,14:53:48,73.2800,24,1
2026-03-23,000333,14:53:51,73.2700,46,4
2026-03-23,000333,14:53:54,73.2800,43,1
2026-03-23,000333,14:53:57,73.2800,32,1
2026-03-23,000333,14:54:00,73.2800,40,1
2026-03-23,000333,14:54:03,73.2700,70,2
2026-03-23,000333,14:54:06,73.2700,21,1
2026-03-23,000333,14:54:09,73.2800,227,1
2026-03-23,000333,14:54:12,73.3000,156,1
2026-03-23,000333,14:54:15,73.3000,136,1
2026-03-23,000333,14:54:18,73.2900,59,2
2026-03-23,000333,14:54:21,73.3000,53,1
2026-03-23,000333,14:54:24,73.2800,196,2
2026-03-23,000333,14:54:27,73.2900,180,1
2026-03-23,000333,14:54:30,73.2900,20,1
2026-03-23,000333,14:54:33,73.2900,231,1
2026-03-23,000333,14:54:36,73.2800,205,2
2026-03-23,000333,14:54:39,73.2900,29,2
2026-03-23,000333,14:54:42,73.3000,21,1
2026-03-23,000333,14:54:45,73.2900,35,2
2026-03-23,000333,14:54:48,73.3000,65,1
2026-03-23,000333,14:54:51,73.3000,25,1
2026-03-23,000333,14:54:54,73.3000,50,1
2026-03-23,000333,14:54:57,73.3000,82,1
2026-03-23,000333,14:55:00,73.3000,97,2
2026-03-23,000333,14:55:03,73.2900,250,2
2026-03-23,000333,14:55:06,73.3000,96,1
2026-03-23,000333,14:55:09,73.3100,186,1
2026-03-23,000333,14:55:12,73.3000,131,2
2026-03-23,000333,14:55:15,73.3000,35,2
2026-03-23,000333,14:55:18,73.3000,126,2
2026-03-23,000333,14:55:21,73.3000,118,2
2026-03-23,000333,14:55:24,73.3000,287,2
2026-03-23,000333,14:55:27,73.3000,508,2
2026-03-23,000333,14:55:30,73.3000,123,2
2026-03-23,000333,14:55:33,73.3100,154,2
2026-03-23,000333,14:55:36,73.3600,131,1
2026-03-23,000333,14:55:39,73.3800,109,1
2026-03-23,000333,14:55:42,73.3700,49,2
2026-03-23,000333,14:55:45,73.3700,60,2
2026-03-23,000333,14:55:48,73.3900,37,1
2026-03-23,000333,14:55:51,73.3800,58,1
2026-03-23,000333,14:55:54,73.3800,37,2
2026-03-23,000333,14:55:57,73.3900,18,1
2026-03-23,000333,14:56:00,73.3900,93,1
2026-03-23,000333,14:56:03,73.4000,177,1
2026-03-23,000333,14:56:06,73.4100,61,1
2026-03-23,000333,14:56:09,73.4200,59,1
2026-03-23,000333,14:56:12,73.3700,154,2
2026-03-23,000333,14:56:15,73.4000,26,1
2026-03-23,000333,14:56:18,73.3900,46,1
2026-03-23,000333,14:56:21,73.3700,56,2
2026-03-23,000333,14:56:24,73.3800,34,2
2026-03-23,000333,14:56:27,73.3800,29,2
2026-03-23,000333,14:56:30,73.3900,131,4
2026-03-23,000333,14:56:33,73.3800,113,4
2026-03-23,000333,14:56:36,73.3900,97,1
2026-03-23,000333,14:56:39,73.3900,49,2
2026-03-23,000333,14:56:42,73.4000,171,2
2026-03-23,000333,14:56:45,73.3900,45,4
2026-03-23,000333,14:56:48,73.3700,48,4
2026-03-23,000333,14:56:51,73.3900,43,1
2026-03-23,000333,14:56:54,73.4000,14,1
2026-03-23,000333,14:56:57,73.4000,30,1
2026-03-23,000333,14:57:00,73.3700,65,2
2026-03-23,000333,15:00:00,73.3700,1651,4
2026-03-23,000333,13:16:54,73.4400,22,2
2026-03-23,000333,13:16:57,73.4400,27,2
2026-03-23,000333,13:17:00,73.4400,73,2
2026-03-23,000333,13:17:03,73.4300,22,2
2026-03-23,000333,13:17:06,73.4200,140,2
2026-03-23,000333,13:17:09,73.4300,23,1
2026-03-23,000333,13:17:12,73.4200,1,2
2026-03-23,000333,13:17:15,73.4200,164,2
2026-03-23,000333,13:17:18,73.4300,4,1
2026-03-23,000333,13:17:21,73.4200,7,2
2026-03-23,000333,13:17:24,73.4300,123,1
2026-03-23,000333,13:17:27,73.4200,36,2
2026-03-23,000333,13:17:30,73.4200,17,2
2026-03-23,000333,13:17:33,73.4200,216,2
2026-03-23,000333,13:17:36,73.4000,211,2
2026-03-23,000333,13:17:39,73.3900,14,2
2026-03-23,000333,13:17:42,73.3900,75,2
2026-03-23,000333,13:17:45,73.4000,51,1
2026-03-23,000333,13:17:48,73.3800,7,2
2026-03-23,000333,13:17:51,73.4000,76,1
2026-03-23,000333,13:17:54,73.3700,11,2
2026-03-23,000333,13:17:57,73.3700,13,2
2026-03-23,000333,13:18:00,73.3800,55,1
2026-03-23,000333,13:18:03,73.3700,54,2
2026-03-23,000333,13:18:06,73.4000,206,1
2026-03-23,000333,13:18:09,73.4200,31,1
2026-03-23,000333,13:18:12,73.4100,8,2
2026-03-23,000333,13:18:15,73.4200,65,1
2026-03-23,000333,13:18:18,73.4300,75,1
2026-03-23,000333,13:18:21,73.4400,22,1
2026-03-23,000333,13:18:24,73.4600,96,1
2026-03-23,000333,13:18:27,73.4600,44,1
2026-03-23,000333,13:18:30,73.4800,44,1
2026-03-23,000333,13:18:33,73.4600,13,2
2026-03-23,000333,13:18:36,73.4600,4,1
2026-03-23,000333,13:18:39,73.4600,22,1
2026-03-23,000333,13:18:42,73.4600,114,1
2026-03-23,000333,13:18:45,73.4500,16,1
2026-03-23,000333,13:18:48,73.4400,21,2
2026-03-23,000333,13:18:51,73.4400,1,1
2026-03-23,000333,13:18:54,73.4400,1,1
2026-03-23,000333,13:18:57,73.4400,3,1
2026-03-23,000333,13:19:00,73.4400,20,1
2026-03-23,000333,13:19:03,73.4300,12,2
2026-03-23,000333,13:19:06,73.4200,384,2
2026-03-23,000333,13:19:09,73.4200,21,1
2026-03-23,000333,13:19:12,73.4100,57,2
2026-03-23,000333,13:19:15,73.4000,105,2
2026-03-23,000333,13:19:18,73.3900,63,2
2026-03-23,000333,13:19:21,73.3900,22,2
2026-03-23,000333,13:19:24,73.3900,105,2
2026-03-23,000333,13:19:27,73.4000,9,1
2026-03-23,000333,13:19:30,73.4000,23,1
2026-03-23,000333,13:19:33,73.3800,47,2
2026-03-23,000333,13:19:36,73.3800,107,2
2026-03-23,000333,13:19:39,73.3800,27,2
2026-03-23,000333,13:19:42,73.3800,36,2
2026-03-23,000333,13:19:45,73.3800,24,2
2026-03-23,000333,13:19:48,73.3700,98,2
2026-03-23,000333,13:19:51,73.3600,101,2
2026-03-23,000333,13:19:54,73.3700,10,1
2026-03-23,000333,13:19:57,73.3600,51,2
2026-03-23,000333,13:20:00,73.3600,46,2
2026-03-23,000333,13:20:03,73.3600,15,4
2026-03-23,000333,13:20:06,73.3600,22,1
2026-03-23,000333,13:20:09,73.3600,97,1
2026-03-23,000333,13:20:12,73.3500,6,2
2026-03-23,000333,13:20:15,73.3500,14,2
2026-03-23,000333,13:20:18,73.3300,250,2
2026-03-23,000333,13:20:21,73.3400,18,1
2026-03-23,000333,13:20:24,73.3300,120,2
2026-03-23,000333,13:20:27,73.3200,111,2
2026-03-23,000333,13:20:30,73.3200,88,2
2026-03-23,000333,13:20:33,73.3300,251,1
2026-03-23,000333,13:20:36,73.3300,81,2
2026-03-23,000333,13:20:39,73.3300,44,2
2026-03-23,000333,13:20:42,73.3300,39,2
2026-03-23,000333,13:20:45,73.3300,29,2
2026-03-23,000333,13:20:48,73.3400,13,1
2026-03-23,000333,13:20:51,73.3300,29,2
2026-03-23,000333,13:20:54,73.3200,177,2
2026-03-23,000333,13:20:57,73.3200,28,2
2026-03-23,000333,13:21:00,73.3200,12,2
2026-03-23,000333,13:21:03,73.3100,121,2
2026-03-23,000333,13:21:06,73.3100,63,2
2026-03-23,000333,13:21:09,73.3000,18,2
2026-03-23,000333,13:21:12,73.3000,43,2
2026-03-23,000333,13:21:15,73.2900,56,2
2026-03-23,000333,13:21:18,73.3000,126,1
2026-03-23,000333,13:21:21,73.2900,316,2
2026-03-23,000333,13:21:24,73.2800,50,2
2026-03-23,000333,13:21:27,73.2800,33,2
2026-03-23,000333,13:21:30,73.2700,96,2
2026-03-23,000333,13:21:33,73.2700,36,2
2026-03-23,000333,13:21:36,73.2600,30,2
2026-03-23,000333,13:21:39,73.2700,22,1
2026-03-23,000333,13:21:42,73.2600,39,2
2026-03-23,000333,13:21:45,73.2700,40,1
2026-03-23,000333,13:21:48,73.2600,62,2
2026-03-23,000333,13:21:51,73.2500,108,2
2026-03-23,000333,13:21:54,73.2500,10,2
2026-03-23,000333,13:21:57,73.2500,44,2
2026-03-23,000333,13:22:00,73.2500,43,2
2026-03-23,000333,13:22:03,73.2500,39,2
2026-03-23,000333,13:22:06,73.2500,81,2
2026-03-23,000333,13:22:09,73.2500,33,1
2026-03-23,000333,13:22:12,73.2600,34,1
2026-03-23,000333,13:22:15,73.2500,318,2
2026-03-23,000333,13:22:18,73.2500,22,2
2026-03-23,000333,13:22:21,73.2600,96,1
2026-03-23,000333,13:22:24,73.2600,13,1
2026-03-23,000333,13:22:27,73.2500,32,2
2026-03-23,000333,13:22:30,73.2500,86,2
2026-03-23,000333,13:22:33,73.2500,35,2
2026-03-23,000333,13:22:36,73.2600,42,1
2026-03-23,000333,13:22:39,73.2500,27,2
2026-03-23,000333,13:22:42,73.2500,44,2
2026-03-23,000333,13:22:45,73.2300,252,2
2026-03-23,000333,13:22:48,73.2400,29,1
2026-03-23,000333,13:22:51,73.2400,66,1
2026-03-23,000333,13:22:54,73.2300,37,2
2026-03-23,000333,13:22:57,73.2400,53,1
2026-03-23,000333,13:23:00,73.2300,64,4
2026-03-23,000333,13:23:03,73.2200,23,4
2026-03-23,000333,13:23:06,73.2200,154,2
2026-03-23,000333,13:23:09,73.2100,36,2
2026-03-23,000333,13:23:12,73.2000,76,2
2026-03-23,000333,13:23:15,73.2000,228,2
2026-03-23,000333,13:23:18,73.2000,80,1
2026-03-23,000333,13:23:21,73.2000,51,1
2026-03-23,000333,13:23:24,73.1700,216,2
2026-03-23,000333,13:23:27,73.1600,72,2
2026-03-23,000333,13:23:30,73.1700,43,1
2026-03-23,000333,13:23:33,73.1500,89,2
2026-03-23,000333,13:23:36,73.1500,57,1
2026-03-23,000333,13:23:39,73.1500,26,1
2026-03-23,000333,13:23:42,73.1300,34,2
2026-03-23,000333,13:23:45,73.1500,46,1
2026-03-23,000333,13:23:48,73.1200,39,2
2026-03-23,000333,13:23:51,73.1300,26,1
2026-03-23,000333,13:23:54,73.1300,61,1
2026-03-23,000333,13:23:57,73.1300,60,1
2026-03-23,000333,13:24:00,73.1300,41,2
2026-03-23,000333,13:24:03,73.1300,12,2
2026-03-23,000333,13:24:06,73.1300,40,1
2026-03-23,000333,13:24:09,73.1300,36,1
2026-03-23,000333,13:24:12,73.1200,43,2
2026-03-23,000333,13:24:15,73.1300,86,1
2026-03-23,000333,13:24:18,73.1900,95,1
2026-03-23,000333,13:24:21,73.1800,27,2
2026-03-23,000333,13:24:24,73.1800,18,2
2026-03-23,000333,13:24:27,73.1800,72,2
2026-03-23,000333,13:24:30,73.1800,20,2
2026-03-23,000333,13:24:33,73.1900,44,1
2026-03-23,000333,13:24:36,73.1800,25,2
2026-03-23,000333,13:24:39,73.1800,11,1
2026-03-23,000333,13:24:42,73.1800,18,1
2026-03-23,000333,13:24:45,73.1800,95,1
2026-03-23,000333,13:24:48,73.1800,34,1
2026-03-23,000333,13:24:51,73.1700,27,2
2026-03-23,000333,13:24:54,73.1700,21,1
2026-03-23,000333,13:24:57,73.1600,50,2
2026-03-23,000333,13:25:00,73.1600,39,2
2026-03-23,000333,13:25:03,73.1700,37,1
2026-03-23,000333,13:25:06,73.1700,33,1
2026-03-23,000333,13:25:09,73.1600,42,2
2026-03-23,000333,13:25:12,73.1700,4,1
2026-03-23,000333,13:25:15,73.1700,37,1
2026-03-23,000333,13:25:18,73.1700,62,1
2026-03-23,000333,13:25:21,73.1600,13,2
2026-03-23,000333,13:25:24,73.1600,36,2
2026-03-23,000333,13:25:27,73.1700,41,1
2026-03-23,000333,13:25:30,73.1700,37,1
2026-03-23,000333,13:25:33,73.1700,21,1
2026-03-23,000333,13:25:36,73.1600,208,2
2026-03-23,000333,13:25:39,73.1600,18,2
2026-03-23,000333,13:25:42,73.1700,27,1
2026-03-23,000333,13:25:45,73.1700,199,1
2026-03-23,000333,13:25:48,73.1600,25,2
2026-03-23,000333,13:25:51,73.1700,18,1
2026-03-23,000333,13:25:54,73.1600,50,2
2026-03-23,000333,13:25:57,73.1700,34,1
2026-03-23,000333,13:26:00,73.1600,6,2
2026-03-23,000333,13:26:03,73.1700,40,1
2026-03-23,000333,13:26:06,73.1600,156,2
2026-03-23,000333,13:26:09,73.1700,45,1
2026-03-23,000333,13:26:12,73.1600,12,1
2026-03-23,000333,13:26:15,73.1500,342,2
2026-03-23,000333,13:26:18,73.1400,47,1
2026-03-23,000333,13:26:21,73.1200,88,2
2026-03-23,000333,13:26:24,73.1200,62,2
2026-03-23,000333,13:26:27,73.1200,39,2
2026-03-23,000333,13:26:30,73.1100,18,2
2026-03-23,000333,13:26:33,73.1100,152,2
2026-03-23,000333,13:26:36,73.1100,67,2
2026-03-23,000333,13:26:39,73.1100,42,1
2026-03-23,000333,13:26:42,73.1000,162,2
2026-03-23,000333,13:26:45,73.1000,40,2
2026-03-23,000333,13:26:48,73.1000,23,2
2026-03-23,000333,13:26:51,73.1000,66,1
2026-03-23,000333,13:26:54,73.0900,40,4
2026-03-23,000333,13:26:57,73.1000,4,1
2026-03-23,000333,13:27:00,73.0900,57,2
2026-03-23,000333,13:27:03,73.0800,22,2
2026-03-23,000333,13:27:06,73.1000,435,1
2026-03-23,000333,13:27:09,73.1300,55,1
2026-03-23,000333,13:27:12,73.0900,37,2
2026-03-23,000333,13:27:15,73.1000,21,1
2026-03-23,000333,13:27:18,73.1000,139,1
2026-03-23,000333,13:27:21,73.0900,37,2
2026-03-23,000333,13:27:24,73.0900,10,1
2026-03-23,000333,13:27:27,73.0900,20,1
2026-03-23,000333,13:27:30,73.0900,18,1
2026-03-23,000333,13:27:33,73.0900,16,1
2026-03-23,000333,13:27:36,73.0800,37,2
2026-03-23,000333,13:27:39,73.0900,2,1
2026-03-23,000333,13:27:42,73.0900,38,1
2026-03-23,000333,13:27:45,73.0900,45,1
2026-03-23,000333,13:27:48,73.0900,206,1
2026-03-23,000333,13:27:51,73.0800,27,2
2026-03-23,000333,13:27:54,73.0800,33,1
2026-03-23,000333,13:27:57,73.0600,32,2
2026-03-23,000333,13:28:00,73.0600,8,2
2026-03-23,000333,13:28:03,73.0500,41,2
2026-03-23,000333,13:28:06,73.0600,27,1
2026-03-23,000333,13:28:09,73.0700,34,1
2026-03-23,000333,13:28:15,73.0600,39,2
2026-03-23,000333,13:28:18,73.0700,24,1
2026-03-23,000333,13:28:21,73.0700,42,2
2026-03-23,000333,13:28:24,73.0700,21,1
2026-03-23,000333,13:28:27,73.0700,46,1
2026-03-23,000333,13:28:30,73.0600,13,4
2026-03-23,000333,13:28:33,73.0500,202,2
2026-03-23,000333,13:28:36,73.0600,54,1
2026-03-23,000333,13:28:39,73.0600,71,1
2026-03-23,000333,13:28:42,73.0500,43,2
2026-03-23,000333,13:28:45,73.0500,36,2
2026-03-23,000333,13:28:48,73.0600,8,1
2026-03-23,000333,13:28:51,73.0700,114,1
2026-03-23,000333,13:28:54,73.0500,18,2
2026-03-23,000333,13:28:57,73.0700,143,1
2026-03-23,000333,13:29:00,73.0600,94,2
2026-03-23,000333,13:29:06,73.0600,45,2
2026-03-23,000333,13:29:09,73.0500,30,2
2026-03-23,000333,13:29:12,73.0500,2,2
2026-03-23,000333,13:29:15,73.0500,20,2
2026-03-23,000333,13:29:18,73.0500,111,2
2026-03-23,000333,13:29:21,73.0500,10,2
2026-03-23,000333,13:29:24,73.0500,13,2
2026-03-23,000333,13:29:27,73.0500,29,1
2026-03-23,000333,13:29:30,73.0500,5,2
2026-03-23,000333,13:29:33,73.0500,18,2
2026-03-23,000333,13:29:36,73.0500,222,2
2026-03-23,000333,13:29:39,73.0500,6,4
2026-03-23,000333,13:29:42,73.0500,25,1
2026-03-23,000333,13:29:45,73.0400,66,2
2026-03-23,000333,13:29:48,73.0400,10,1
2026-03-23,000333,13:29:51,73.0300,32,2
2026-03-23,000333,13:29:54,73.0400,161,1
2026-03-23,000333,13:29:57,73.0200,30,2
2026-03-23,000333,13:30:00,73.0300,32,1
2026-03-23,000333,13:30:03,73.0200,99,2
2026-03-23,000333,13:30:06,73.0200,18,4
2026-03-23,000333,13:30:09,73.0100,128,2
2026-03-23,000333,13:30:12,73.0100,199,2
2026-03-23,000333,13:30:15,73.0000,569,2
2026-03-23,000333,13:30:18,72.9800,226,2
2026-03-23,000333,13:30:21,73.0300,470,1
2026-03-23,000333,13:30:24,73.0400,227,4
2026-03-23,000333,13:30:27,73.0800,6,1
2026-03-23,000333,13:30:30,73.0800,131,1
2026-03-23,000333,13:30:33,73.0700,74,2
2026-03-23,000333,13:30:36,73.0800,45,1
2026-03-23,000333,13:30:39,73.0700,18,1
2026-03-23,000333,13:30:42,73.0700,25,1
2026-03-23,000333,13:30:45,73.0700,22,1
2026-03-23,000333,13:30:48,73.0800,59,1
2026-03-23,000333,13:30:51,73.0800,68,1
2026-03-23,000333,13:30:54,73.0800,7,4
2026-03-23,000333,13:30:57,73.0800,17,2
2026-03-23,000333,13:31:00,73.0800,28,1
2026-03-23,000333,13:31:03,73.0700,18,2
2026-03-23,000333,13:31:06,73.0900,66,1
2026-03-23,000333,13:31:09,73.1200,97,1
2026-03-23,000333,13:31:12,73.1300,55,1
2026-03-23,000333,13:31:15,73.1500,51,1
2026-03-23,000333,13:31:18,73.1500,6,1
2026-03-23,000333,13:31:21,73.1300,186,2
2026-03-23,000333,13:31:24,73.1100,32,2
2026-03-23,000333,13:31:27,73.0900,158,2
2026-03-23,000333,13:31:30,73.0900,10,2
2026-03-23,000333,13:31:33,73.0900,49,2
2026-03-23,000333,13:31:36,73.1000,23,1
2026-03-23,000333,13:31:39,73.1000,13,1
2026-03-23,000333,13:31:42,73.1000,32,1
2026-03-23,000333,13:31:45,73.0900,19,2
2026-03-23,000333,13:31:48,73.0900,51,2
2026-03-23,000333,13:31:51,73.1000,59,1
2026-03-23,000333,13:31:54,73.0900,61,2
2026-03-23,000333,13:31:57,73.0900,38,2
2026-03-23,000333,13:32:00,73.1000,13,1
2026-03-23,000333,13:32:03,73.1000,17,1
2026-03-23,000333,13:32:06,73.1000,34,1
2026-03-23,000333,13:32:09,73.1000,22,1
2026-03-23,000333,13:32:12,73.1000,47,1
2026-03-23,000333,13:32:15,73.1000,22,1
2026-03-23,000333,13:32:18,73.1000,3,1
2026-03-23,000333,13:32:21,73.1000,25,1
2026-03-23,000333,13:32:24,73.1000,49,1
2026-03-23,000333,13:32:27,73.0900,33,2
2026-03-23,000333,13:32:30,73.0900,145,2
2026-03-23,000333,13:32:33,73.0900,114,2
2026-03-23,000333,13:32:36,73.0800,423,2
2026-03-23,000333,13:32:39,73.0700,29,2
2026-03-23,000333,13:32:42,73.0600,105,2
2026-03-23,000333,13:32:45,73.0400,156,2
2026-03-23,000333,13:32:48,73.0300,66,2
2026-03-23,000333,13:32:51,73.0300,43,2
2026-03-23,000333,13:32:54,73.0200,96,2
2026-03-23,000333,13:32:57,73.0200,33,1
2026-03-23,000333,13:33:00,73.0300,20,1
2026-03-23,000333,13:33:03,73.0200,30,2
2026-03-23,000333,13:33:06,73.0100,55,2
2026-03-23,000333,13:33:09,73.0100,6,2
2026-03-23,000333,13:33:12,73.0200,47,1
2026-03-23,000333,13:33:15,73.0200,51,1
2026-03-23,000333,13:33:18,73.0100,26,2
2026-03-23,000333,13:33:21,73.0400,153,1
2026-03-23,000333,13:33:24,73.0500,45,1
2026-03-23,000333,13:33:27,73.0400,42,2
2026-03-23,000333,13:33:30,73.0400,56,2
2026-03-23,000333,13:33:33,73.0500,126,1
2026-03-23,000333,13:33:36,73.0600,72,1
2026-03-23,000333,13:33:39,73.0500,15,2
2026-03-23,000333,13:33:42,73.0500,8,2
2026-03-23,000333,13:33:45,73.0500,30,2
2026-03-23,000333,13:33:48,73.0600,20,1
2026-03-23,000333,13:33:51,73.0500,181,2
2026-03-23,000333,13:33:54,73.0500,52,2
2026-03-23,000333,13:33:57,73.0500,19,2
2026-03-23,000333,13:34:00,73.0400,35,2
2026-03-23,000333,13:34:03,73.0300,20,2
2026-03-23,000333,13:34:06,73.0400,48,1
2026-03-23,000333,13:34:09,73.0600,203,1
2026-03-23,000333,13:34:12,73.0800,235,1
2026-03-23,000333,13:34:15,73.0800,111,1
2026-03-23,000333,13:34:18,73.0800,46,1
2026-03-23,000333,13:34:21,73.1100,153,1
2026-03-23,000333,13:34:24,73.1100,33,1
2026-03-23,000333,13:34:27,73.1200,14,1
2026-03-23,000333,13:34:30,73.1100,23,2
2026-03-23,000333,13:34:33,73.1100,23,4
2026-03-23,000333,13:34:36,73.1600,249,1
2026-03-23,000333,13:34:39,73.1600,56,4
2026-03-23,000333,13:34:42,73.1700,24,1
2026-03-23,000333,13:34:45,73.1600,132,1
2026-03-23,000333,13:34:48,73.1700,56,1
2026-03-23,000333,13:34:51,73.1700,9,1
2026-03-23,000333,13:34:54,73.1800,45,1
2026-03-23,000333,13:34:57,73.1800,5,1
2026-03-23,000333,13:35:00,73.1700,3,2
2026-03-23,000333,13:35:03,73.1700,95,2
2026-03-23,000333,13:35:06,73.1700,275,2
2026-03-23,000333,13:35:09,73.1600,28,4
2026-03-23,000333,13:35:12,73.1700,53,1
2026-03-23,000333,13:35:15,73.1700,21,1
2026-03-23,000333,13:35:18,73.1600,15,2
2026-03-23,000333,13:35:21,73.1700,25,1
2026-03-23,000333,13:35:24,73.1600,8,2
2026-03-23,000333,13:35:27,73.1600,100,2
2026-03-23,000333,13:35:30,73.1700,16,1
2026-03-23,000333,13:35:33,73.2000,356,1
2026-03-23,000333,13:35:36,73.2400,210,1
2026-03-23,000333,13:35:39,73.2500,46,1
2026-03-23,000333,13:35:42,73.2700,52,1
2026-03-23,000333,13:35:45,73.2500,9,2
2026-03-23,000333,13:35:48,73.2700,35,1
2026-03-23,000333,13:35:51,73.2600,19,1
2026-03-23,000333,13:35:54,73.2800,71,1
2026-03-23,000333,13:35:57,73.2800,15,2
2026-03-23,000333,13:36:00,73.2900,18,1
2026-03-23,000333,13:36:03,73.2600,216,2
2026-03-23,000333,13:36:06,73.2600,42,4
2026-03-23,000333,13:36:09,73.2600,31,2
2026-03-23,000333,13:36:12,73.2500,69,2
2026-03-23,000333,13:36:15,73.2600,108,1
2026-03-23,000333,13:36:18,73.2500,173,2
2026-03-23,000333,13:36:21,73.2500,55,1
2026-03-23,000333,13:36:24,73.2500,29,1
2026-03-23,000333,13:36:27,73.2500,19,1
2026-03-23,000333,13:36:30,73.2500,49,1
2026-03-23,000333,13:36:33,73.2500,57,1
2026-03-23,000333,13:36:36,73.2600,102,1
2026-03-23,000333,13:36:39,73.2500,47,2
2026-03-23,000333,13:36:42,73.2400,97,2
2026-03-23,000333,13:36:45,73.2400,42,4
2026-03-23,000333,13:36:48,73.2400,22,1
2026-03-23,000333,13:36:51,73.2200,86,2
2026-03-23,000333,13:36:54,73.2200,91,2
2026-03-23,000333,13:36:57,73.2100,26,2
2026-03-23,000333,13:37:00,73.2000,33,2
2026-03-23,000333,13:37:03,73.2000,81,2
2026-03-23,000333,13:37:06,73.2000,130,2
2026-03-23,000333,13:37:09,73.1800,69,2
2026-03-23,000333,13:37:12,73.2000,56,1
2026-03-23,000333,13:37:15,73.1800,34,2
2026-03-23,000333,13:37:18,73.1600,122,2
2026-03-23,000333,13:37:21,73.1700,57,1
2026-03-23,000333,13:37:24,73.1600,21,2
2026-03-23,000333,13:37:27,73.1600,142,2
2026-03-23,000333,13:37:30,73.1700,97,1
2026-03-23,000333,13:37:33,73.1800,9,1
2026-03-23,000333,13:37:36,73.1500,49,2
2026-03-23,000333,13:37:39,73.1700,125,1
2026-03-23,000333,13:37:42,73.1800,89,1
2026-03-23,000333,13:37:45,73.1700,62,2
2026-03-23,000333,13:37:48,73.1700,19,2
2026-03-23,000333,13:37:51,73.1700,49,2
2026-03-23,000333,13:37:54,73.1900,31,1
2026-03-23,000333,13:37:57,73.2000,43,1
2026-03-23,000333,13:38:00,73.1900,90,2
2026-03-23,000333,13:38:03,73.1800,161,2
2026-03-23,000333,13:38:06,73.2100,160,1
2026-03-23,000333,13:38:09,73.2100,37,1
2026-03-23,000333,13:38:12,73.2000,38,2
2026-03-23,000333,13:38:15,73.1900,17,2
2026-03-23,000333,13:38:18,73.2000,1,1
2026-03-23,000333,13:38:21,73.2000,9,1
2026-03-23,000333,13:38:24,73.1900,12,2
2026-03-23,000333,13:38:27,73.1900,38,2
2026-03-23,000333,13:38:30,73.1900,24,2
2026-03-23,000333,13:38:33,73.2000,23,1
2026-03-23,000333,13:38:36,73.1900,47,2
2026-03-23,000333,13:38:39,73.1900,207,2
2026-03-23,000333,13:38:42,73.1900,41,2
2026-03-23,000333,13:38:45,73.1900,32,2
2026-03-23,000333,13:38:48,73.2100,64,1
2026-03-23,000333,13:38:51,73.2500,287,1
2026-03-23,000333,13:38:54,73.2500,54,1
2026-03-23,000333,13:38:57,73.2500,36,1
2026-03-23,000333,13:39:00,73.2500,61,1
2026-03-23,000333,13:39:03,73.2500,316,1
2026-03-23,000333,13:39:06,73.2600,195,1
2026-03-23,000333,13:39:09,73.2500,78,2
2026-03-23,000333,13:39:12,73.2500,105,1
2026-03-23,000333,13:39:15,73.2500,20,2
2026-03-23,000333,13:39:18,73.2400,298,2
2026-03-23,000333,13:39:21,73.2400,6,1
2026-03-23,000333,13:39:24,73.2400,10,1
2026-03-23,000333,13:39:27,73.2400,31,1
2026-03-23,000333,13:39:30,73.2300,23,2
2026-03-23,000333,13:39:33,73.2200,61,2
2026-03-23,000333,13:39:36,73.2300,72,1
2026-03-23,000333,13:39:39,73.2300,170,1
2026-03-23,000333,13:39:42,73.2500,38,1
2026-03-23,000333,13:39:45,73.2300,41,2
2026-03-23,000333,13:39:48,73.2400,12,2
2026-03-23,000333,13:39:51,73.2500,2,1
2026-03-23,000333,13:39:54,73.2500,63,1
2026-03-23,000333,13:39:57,73.2300,36,2
2026-03-23,000333,13:40:00,73.2300,54,2
2026-03-23,000333,13:40:03,73.2200,162,2
2026-03-23,000333,13:40:06,73.2300,55,1
2026-03-23,000333,13:40:09,73.2300,29,1
2026-03-23,000333,13:40:12,73.2200,134,2
2026-03-23,000333,13:40:15,73.1900,220,2
2026-03-23,000333,13:40:18,73.1700,124,2
2026-03-23,000333,13:40:21,73.1500,91,2
2026-03-23,000333,13:40:24,73.1600,42,1
2026-03-23,000333,13:40:27,73.1500,44,1
2026-03-23,000333,13:40:30,73.1300,33,2
2026-03-23,000333,13:40:33,73.1300,31,2
2026-03-23,000333,13:40:36,73.1300,39,1
2026-03-23,000333,13:40:39,73.1200,33,2
2026-03-23,000333,13:40:42,73.1300,11,1
2026-03-23,000333,13:40:45,73.1300,57,1
2026-03-23,000333,13:40:48,73.1300,36,1
2026-03-23,000333,13:40:51,73.1000,85,2
2026-03-23,000333,13:40:54,73.1100,71,2
2026-03-23,000333,13:40:57,73.1000,72,2
2026-03-23,000333,13:41:00,73.1100,22,1
2026-03-23,000333,13:41:03,73.1000,66,2
2026-03-23,000333,13:41:06,73.1000,124,2
2026-03-23,000333,13:41:09,73.0900,38,2
2026-03-23,000333,13:41:12,73.0900,14,1
2026-03-23,000333,13:41:15,73.0800,186,2
2026-03-23,000333,13:41:18,73.0600,30,2
2026-03-23,000333,13:41:21,73.0500,25,2
2026-03-23,000333,13:41:24,73.0300,38,2
2026-03-23,000333,13:41:27,73.0300,18,2
2026-03-23,000333,13:41:30,73.0300,20,1
2026-03-23,000333,13:41:33,73.0400,23,1
2026-03-23,000333,13:41:36,73.0300,160,2
2026-03-23,000333,13:41:39,73.0200,39,2
2026-03-23,000333,13:41:42,73.0100,254,2
2026-03-23,000333,13:41:45,73.0500,323,1
2026-03-23,000333,13:41:48,73.0300,41,2
2026-03-23,000333,13:41:51,73.0600,17,1
2026-03-23,000333,13:41:54,73.0800,127,1
2026-03-23,000333,13:41:57,73.0800,44,1
2026-03-23,000333,13:42:00,73.1000,17,1
2026-03-23,000333,13:42:03,73.0900,6,2
2026-03-23,000333,13:42:06,73.0900,40,1
2026-03-23,000333,13:42:09,73.0900,18,2
2026-03-23,000333,13:42:12,73.0800,91,2
2026-03-23,000333,13:42:15,73.0800,19,2
2026-03-23,000333,13:42:18,73.0700,20,2
2026-03-23,000333,13:42:21,73.0800,64,4
2026-03-23,000333,13:42:24,73.0700,23,1
2026-03-23,000333,13:42:27,73.0700,65,1
2026-03-23,000333,13:42:30,73.0400,30,2
2026-03-23,000333,13:42:33,73.0600,46,1
2026-03-23,000333,13:42:36,73.0400,53,4
2026-03-23,000333,13:42:39,73.0500,103,1
2026-03-23,000333,13:42:42,73.0600,44,4
2026-03-23,000333,13:42:45,73.0600,28,2
2026-03-23,000333,13:42:48,73.0700,1,1
2026-03-23,000333,13:42:51,73.0600,17,2
2026-03-23,000333,13:42:54,73.0800,59,1
2026-03-23,000333,13:42:57,73.0700,7,2
2026-03-23,000333,13:43:00,73.0700,6,2
2026-03-23,000333,13:43:03,73.0800,32,1
2026-03-23,000333,13:43:06,73.0700,71,2
2026-03-23,000333,13:43:09,73.0700,34,2
2026-03-23,000333,13:43:12,73.0700,40,2
2026-03-23,000333,13:43:15,73.0700,12,2
2026-03-23,000333,13:43:18,73.0800,1,1
2026-03-23,000333,13:43:21,73.0700,35,2
2026-03-23,000333,13:43:24,73.0800,60,1
2026-03-23,000333,13:43:27,73.0800,46,1
2026-03-23,000333,13:43:30,73.0800,37,1
2026-03-23,000333,13:43:33,73.0700,15,2
2026-03-23,000333,13:43:36,73.0600,84,2
2026-03-23,000333,13:43:39,73.0800,244,1
2026-03-23,000333,13:43:42,73.0800,16,2
2026-03-23,000333,13:43:45,73.0900,5,1
2026-03-23,000333,13:43:51,73.0900,17,1
2026-03-23,000333,13:43:54,73.0800,30,2
2026-03-23,000333,13:43:57,73.0900,12,1
2026-03-23,000333,13:44:00,73.0800,35,2
2026-03-23,000333,13:44:03,73.0900,14,1
2026-03-23,000333,13:44:06,73.0900,35,1
2026-03-23,000333,13:44:09,73.0900,9,1
2026-03-23,000333,13:44:12,73.0900,82,1
2026-03-23,000333,13:44:15,73.0900,63,1
2026-03-23,000333,13:44:18,73.0700,148,2
2026-03-23,000333,13:44:21,73.0500,484,2
2026-03-23,000333,13:44:24,73.0300,116,2
2026-03-23,000333,13:44:27,73.0300,107,2
2026-03-23,000333,13:44:30,73.0400,20,1
2026-03-23,000333,13:44:33,73.0300,33,2
2026-03-23,000333,13:44:36,73.0300,61,2
2026-03-23,000333,13:44:39,73.0300,19,2
2026-03-23,000333,13:44:42,73.0300,52,2
2026-03-23,000333,13:44:45,73.0200,42,2
2026-03-23,000333,13:44:48,73.0200,59,2
2026-03-23,000333,13:44:51,73.0200,122,2
2026-03-23,000333,13:44:54,73.0300,57,1
2026-03-23,000333,13:44:57,73.0200,49,2
2026-03-23,000333,13:45:00,73.0200,62,2
2026-03-23,000333,13:45:03,73.0400,1087,1
2026-03-23,000333,13:45:06,73.0600,41,1
2026-03-23,000333,13:45:09,73.0500,41,2
2026-03-23,000333,13:45:12,73.0600,24,1
2026-03-23,000333,13:45:15,73.0600,9,1
2026-03-23,000333,13:45:18,73.0600,70,1
2026-03-23,000333,13:45:21,73.0700,79,1
2026-03-23,000333,13:45:24,73.0600,11,2
2026-03-23,000333,13:45:27,73.0500,66,2
2026-03-23,000333,13:45:30,73.0600,55,2
2026-03-23,000333,13:45:33,73.0600,8,4
2026-03-23,000333,13:45:36,73.0600,35,1
2026-03-23,000333,13:45:39,73.0500,36,2
2026-03-23,000333,13:45:42,73.0600,108,1
2026-03-23,000333,13:45:45,73.0700,10,1
2026-03-23,000333,13:45:48,73.0700,23,1
2026-03-23,000333,13:45:51,73.0700,343,1
2026-03-23,000333,13:45:54,73.0600,48,2
2026-03-23,000333,13:45:57,73.0600,30,2
2026-03-23,000333,13:46:00,73.0600,355,2
2026-03-23,000333,13:46:03,73.0500,78,2
2026-03-23,000333,13:46:06,73.0500,45,2
2026-03-23,000333,13:46:09,73.0400,152,2
2026-03-23,000333,13:46:12,73.0400,42,2
2026-03-23,000333,13:46:15,73.0500,66,1
2026-03-23,000333,13:46:18,73.0600,50,1
2026-03-23,000333,13:46:21,73.0500,42,2
2026-03-23,000333,13:46:24,73.0600,96,1
2026-03-23,000333,13:46:27,73.0600,58,2
2026-03-23,000333,13:46:30,73.0700,238,1
2026-03-23,000333,13:46:33,73.0700,119,1
2026-03-23,000333,13:46:36,73.0800,37,1
2026-03-23,000333,13:46:39,73.0600,42,2
2026-03-23,000333,13:46:42,73.0600,142,2
2026-03-23,000333,13:46:45,73.0600,5,1
2026-03-23,000333,13:46:48,73.0600,240,1
2026-03-23,000333,13:46:51,73.0600,67,1
2026-03-23,000333,13:46:54,73.0400,136,4
2026-03-23,000333,13:46:57,73.0400,34,2
2026-03-23,000333,13:47:00,73.0600,107,1
2026-03-23,000333,13:47:03,73.0400,11,1
2026-03-23,000333,13:47:06,73.0300,64,2
2026-03-23,000333,13:47:09,73.0500,76,1
2026-03-23,000333,13:47:12,73.0800,446,1
2026-03-23,000333,13:47:15,73.0900,421,1
2026-03-23,000333,13:47:18,73.0700,138,2
2026-03-23,000333,13:47:21,73.0900,72,1
2026-03-23,000333,13:47:24,73.0900,40,1
2026-03-23,000333,13:47:27,73.0800,22,2
2026-03-23,000333,13:47:30,73.0900,100,1
2026-03-23,000333,13:47:33,73.0900,16,1
2026-03-23,000333,13:47:36,73.1100,36,1
2026-03-23,000333,13:47:39,73.0900,20,2
2026-03-23,000333,13:47:42,73.0900,17,2
2026-03-23,000333,13:47:45,73.0900,18,2
2026-03-23,000333,13:47:48,73.1000,21,1
2026-03-23,000333,13:47:51,73.0900,3,1
2026-03-23,000333,13:47:54,73.0900,26,1
2026-03-23,000333,13:47:57,73.0800,3,4
2026-03-23,000333,13:48:00,73.0700,6,2
2026-03-23,000333,13:48:03,73.0700,23,2
2026-03-23,000333,13:48:06,73.0800,91,1
2026-03-23,000333,13:48:09,73.0700,135,2
2026-03-23,000333,13:48:12,73.0600,33,2
2026-03-23,000333,13:48:15,73.0700,107,1
2026-03-23,000333,13:48:18,73.0600,31,2
2026-03-23,000333,13:48:21,73.0600,65,1
2026-03-23,000333,13:48:24,73.0600,35,1
2026-03-23,000333,13:48:27,73.0600,14,1
2026-03-23,000333,13:48:30,73.0500,39,2
2026-03-23,000333,13:48:33,73.0400,86,2
2026-03-23,000333,13:48:36,73.0600,28,1
2026-03-23,000333,13:48:39,73.0500,14,2
2026-03-23,000333,13:48:42,73.0500,9,2
2026-03-23,000333,13:48:45,73.0600,23,1
2026-03-23,000333,13:48:48,73.0600,21,1
2026-03-23,000333,13:48:51,73.0500,70,2
2026-03-23,000333,13:48:54,73.0500,11,1
2026-03-23,000333,13:48:57,73.0500,4,1
2026-03-23,000333,13:49:00,73.0400,387,2
2026-03-23,000333,13:49:03,73.0300,95,2
2026-03-23,000333,13:49:06,73.0300,46,2
2026-03-23,000333,13:49:09,73.0200,32,2
2026-03-23,000333,13:49:12,73.0400,29,1
2026-03-23,000333,13:49:15,73.0200,44,2
2026-03-23,000333,13:49:18,73.0300,61,1
2026-03-23,000333,13:49:21,73.0300,189,1
2026-03-23,000333,13:49:24,73.0200,33,2
2026-03-23,000333,13:49:27,73.0200,21,1
2026-03-23,000333,13:49:30,73.0100,97,2
2026-03-23,000333,13:49:33,73.0100,41,2
2026-03-23,000333,13:49:36,73.0100,42,2
2026-03-23,000333,13:49:39,73.0200,27,1
2026-03-23,000333,13:49:42,73.0000,71,2
2026-03-23,000333,13:49:45,73.0100,19,1
2026-03-23,000333,13:49:48,73.0000,38,2
2026-03-23,000333,13:49:51,73.0200,65,1
2026-03-23,000333,13:49:54,73.0000,41,2
2026-03-23,000333,13:49:57,73.0100,14,2
2026-03-23,000333,13:50:00,73.0100,15,2
2026-03-23,000333,13:50:03,73.0200,122,1
2026-03-23,000333,13:50:06,73.0400,74,1
2026-03-23,000333,13:50:09,73.0400,101,1
2026-03-23,000333,13:50:12,73.0400,1,1
2026-03-23,000333,13:50:15,73.0400,26,1
2026-03-23,000333,13:50:18,73.0800,322,1
2026-03-23,000333,13:50:21,73.0900,74,1
2026-03-23,000333,13:50:24,73.0800,60,2
2026-03-23,000333,13:50:27,73.0900,2,1
2026-03-23,000333,13:50:30,73.0900,23,1
2026-03-23,000333,13:50:33,73.0700,74,2
2026-03-23,000333,13:50:36,73.0500,254,2
2026-03-23,000333,13:50:39,73.0500,16,1
2026-03-23,000333,13:50:42,73.0500,26,1
2026-03-23,000333,13:50:45,73.0400,9,2
2026-03-23,000333,13:50:48,73.0400,2,2
2026-03-23,000333,13:50:51,73.0400,13,2
2026-03-23,000333,13:50:54,73.0400,14,2
2026-03-23,000333,13:50:57,73.0500,3,1
2026-03-23,000333,13:51:00,73.0400,8,2
2026-03-23,000333,13:51:03,73.0500,88,1
2026-03-23,000333,13:51:06,73.0500,50,1
2026-03-23,000333,13:51:09,73.0500,9,1
2026-03-23,000333,13:51:12,73.0500,384,1
2026-03-23,000333,13:51:15,73.0600,86,1
2026-03-23,000333,13:51:18,73.0600,63,1
2026-03-23,000333,13:51:21,73.0600,24,2
2026-03-23,000333,13:51:24,73.0900,323,1
2026-03-23,000333,13:51:27,73.0900,46,1
2026-03-23,000333,13:51:30,73.1400,414,1
2026-03-23,000333,13:51:33,73.1400,62,1
2026-03-23,000333,13:51:36,73.1400,258,1
2026-03-23,000333,13:51:39,73.1200,119,2
2026-03-23,000333,13:51:42,73.0900,138,2
2026-03-23,000333,13:51:45,73.0600,167,2
2026-03-23,000333,13:51:48,73.0700,33,2
2026-03-23,000333,13:51:51,73.0700,12,1
2026-03-23,000333,13:51:54,73.0700,62,1
2026-03-23,000333,13:51:57,73.0600,26,2
2026-03-23,000333,13:52:00,73.1000,171,1
2026-03-23,000333,13:52:03,73.1200,103,1
2026-03-23,000333,13:52:06,73.1300,63,1
2026-03-23,000333,13:52:09,73.1300,69,2
2026-03-23,000333,13:52:12,73.1800,67,1
2026-03-23,000333,13:52:15,73.1500,19,2
2026-03-23,000333,13:52:18,73.1800,40,1
2026-03-23,000333,13:52:21,73.1800,21,1
2026-03-23,000333,13:52:24,73.1600,106,2
2026-03-23,000333,13:52:27,73.1300,27,2
2026-03-23,000333,13:52:30,73.1600,30,1
2026-03-23,000333,13:52:33,73.1600,68,1
2026-03-23,000333,13:52:36,73.1700,34,1
2026-03-23,000333,13:52:39,73.1700,11,2
2026-03-23,000333,13:52:42,73.1700,111,1
2026-03-23,000333,13:52:45,73.1600,25,2
2026-03-23,000333,13:52:48,73.1500,11,2
2026-03-23,000333,13:52:51,73.1600,11,1
2026-03-23,000333,13:52:54,73.1400,51,2
2026-03-23,000333,13:52:57,73.1600,36,1
2026-03-23,000333,13:53:00,73.1600,26,1
2026-03-23,000333,13:53:03,73.1500,170,2
2026-03-23,000333,13:53:06,73.1400,73,2
2026-03-23,000333,13:53:09,73.1400,43,1
2026-03-23,000333,13:53:12,73.1400,26,1
2026-03-23,000333,13:53:15,73.1400,54,1
2026-03-23,000333,13:53:18,73.1500,102,1
2026-03-23,000333,13:53:21,73.1400,72,2
2026-03-23,000333,13:53:24,73.1500,72,1
2026-03-23,000333,13:53:27,73.1500,33,1
2026-03-23,000333,13:53:30,73.1500,32,1
2026-03-23,000333,13:53:33,73.1700,321,1
2026-03-23,000333,13:53:36,73.1900,145,1
2026-03-23,000333,13:53:39,73.2000,47,1
2026-03-23,000333,13:53:42,73.2000,45,1
2026-03-23,000333,13:53:45,73.2000,53,1
2026-03-23,000333,13:53:48,73.2100,10,2
2026-03-23,000333,13:53:51,73.2700,89,1
2026-03-23,000333,13:53:54,73.2800,22,1
2026-03-23,000333,13:53:57,73.3000,76,1
2026-03-23,000333,13:54:00,73.2900,44,4
2026-03-23,000333,13:54:03,73.3200,87,1
2026-03-23,000333,13:54:06,73.3200,60,1
2026-03-23,000333,13:54:09,73.3200,134,1
2026-03-23,000333,13:54:12,73.2900,104,2
2026-03-23,000333,13:54:15,73.3000,121,1
2026-03-23,000333,13:54:18,73.2800,87,2
2026-03-23,000333,13:54:21,73.2800,52,1
2026-03-23,000333,13:54:24,73.2700,20,2
2026-03-23,000333,13:54:27,73.2700,215,1
2026-03-23,000333,13:54:30,73.2500,53,2
2026-03-23,000333,13:54:33,73.2600,38,1
2026-03-23,000333,13:54:36,73.2600,1,1
2026-03-23,000333,13:54:39,73.2600,13,1
2026-03-23,000333,13:54:42,73.2600,16,1
2026-03-23,000333,13:54:45,73.2500,128,2
2026-03-23,000333,13:54:48,73.2600,162,1
2026-03-23,000333,13:54:51,73.2600,52,2
2026-03-23,000333,13:54:54,73.2600,26,1
2026-03-23,000333,13:54:57,73.2500,16,2
2026-03-23,000333,13:55:00,73.2500,165,2
2026-03-23,000333,13:55:03,73.2500,12,1
2026-03-23,000333,13:55:06,73.2500,31,1
2026-03-23,000333,13:55:09,73.2500,55,1
2026-03-23,000333,13:55:12,73.2400,19,4
2026-03-23,000333,13:55:15,73.2400,25,1
2026-03-23,000333,13:55:18,73.2300,103,2
2026-03-23,000333,13:55:21,73.2300,44,2
2026-03-23,000333,13:55:24,73.2400,73,1
2026-03-23,000333,13:55:27,73.2500,36,1
2026-03-23,000333,13:55:30,73.2600,13,1
2026-03-23,000333,13:55:33,73.2800,115,1
2026-03-23,000333,13:55:36,73.2800,30,1
2026-03-23,000333,13:55:39,73.2800,6,1
2026-03-23,000333,13:55:42,73.2900,33,1
2026-03-23,000333,13:55:45,73.3200,258,1
2026-03-23,000333,13:55:48,73.3300,59,1
2026-03-23,000333,13:55:51,73.3600,91,1
2026-03-23,000333,13:55:54,73.3600,304,1
2026-03-23,000333,13:55:57,73.3500,12,1
2026-03-23,000333,13:56:00,73.3600,34,1
2026-03-23,000333,13:56:03,73.3500,4,4
2026-03-23,000333,13:56:06,73.3500,18,1
2026-03-23,000333,13:56:09,73.3500,22,1
2026-03-23,000333,13:56:12,73.3300,28,2
2026-03-23,000333,13:56:15,73.3500,159,1
2026-03-23,000333,13:56:18,73.3900,97,1
2026-03-23,000333,13:56:21,73.3800,323,1
2026-03-23,000333,13:56:24,73.4300,45,1
2026-03-23,000333,13:56:27,73.4700,74,1
2026-03-23,000333,13:56:30,73.4800,8,1
2026-03-23,000333,13:56:33,73.4600,187,2
2026-03-23,000333,13:56:36,73.4800,89,1
2026-03-23,000333,13:56:39,73.4600,112,2
2026-03-23,000333,13:56:42,73.4600,133,1
2026-03-23,000333,13:56:45,73.4700,272,1
2026-03-23,000333,13:56:48,73.4700,64,1
2026-03-23,000333,13:56:51,73.4500,7,2
2026-03-23,000333,13:56:54,73.4400,28,2
2026-03-23,000333,13:56:57,73.4400,25,1
2026-03-23,000333,13:57:00,73.4200,73,2
2026-03-23,000333,13:57:03,73.3800,16,2
2026-03-23,000333,13:57:06,73.3900,14,1
2026-03-23,000333,13:57:09,73.3900,7,1
2026-03-23,000333,13:57:12,73.3900,34,1
2026-03-23,000333,13:57:15,73.3800,9,2
2026-03-23,000333,13:57:18,73.3800,15,4
2026-03-23,000333,13:57:21,73.3700,33,2
2026-03-23,000333,13:57:24,73.3800,7,1
2026-03-23,000333,13:57:27,73.3800,74,1
2026-03-23,000333,13:57:30,73.3800,13,1
2026-03-23,000333,13:57:33,73.3700,26,2
2026-03-23,000333,13:57:36,73.3700,50,2
2026-03-23,000333,13:57:39,73.3800,33,1
2026-03-23,000333,13:57:42,73.3700,39,2
2026-03-23,000333,13:57:45,73.3700,13,2
2026-03-23,000333,13:57:48,73.4000,248,1
2026-03-23,000333,13:57:51,73.4100,55,1
2026-03-23,000333,13:57:54,73.4000,29,2
2026-03-23,000333,13:57:57,73.4000,97,2
2026-03-23,000333,13:58:00,73.4300,89,1
2026-03-23,000333,13:58:03,73.4200,115,2
2026-03-23,000333,13:58:06,73.4200,103,4
2026-03-23,000333,13:58:09,73.4100,51,2
2026-03-23,000333,13:58:12,73.4000,188,2
2026-03-23,000333,13:58:15,73.4000,148,2
2026-03-23,000333,13:58:18,73.3800,159,2
2026-03-23,000333,13:58:21,73.3800,131,1
2026-03-23,000333,13:58:24,73.3700,2,2
2026-03-23,000333,13:58:27,73.3700,31,2
2026-03-23,000333,13:58:30,73.3600,174,2
2026-03-23,000333,13:58:33,73.3500,23,2
2026-03-23,000333,13:58:36,73.3600,27,1
2026-03-23,000333,13:58:39,73.3500,23,2
2026-03-23,000333,13:58:42,73.3700,180,1
2026-03-23,000333,13:58:45,73.3700,47,1
2026-03-23,000333,13:58:48,73.3600,232,2
2026-03-23,000333,13:58:51,73.3900,15,1
2026-03-23,000333,13:58:54,73.3900,78,1
2026-03-23,000333,13:58:57,73.3900,4,4
2026-03-23,000333,13:59:00,73.3800,33,2
2026-03-23,000333,13:59:03,73.3700,25,2
2026-03-23,000333,13:59:06,73.3600,196,2
2026-03-23,000333,13:59:09,73.3400,65,2
2026-03-23,000333,13:59:12,73.3300,28,2
2026-03-23,000333,13:59:15,73.3300,31,2
2026-03-23,000333,13:59:18,73.3300,72,1
2026-03-23,000333,13:59:21,73.3200,52,2
2026-03-23,000333,13:59:24,73.3200,52,1
2026-03-23,000333,13:59:27,73.3100,68,2
2026-03-23,000333,13:59:30,73.3000,68,2
2026-03-23,000333,13:59:33,73.2900,217,2
2026-03-23,000333,13:59:36,73.3000,50,1
2026-03-23,000333,13:59:39,73.2900,121,2
2026-03-23,000333,13:59:42,73.3100,160,1
2026-03-23,000333,13:59:45,73.3100,5,2
2026-03-23,000333,13:59:48,73.3000,382,2
2026-03-23,000333,13:59:51,73.2900,43,1
2026-03-23,000333,13:59:54,73.2600,70,2
2026-03-23,000333,13:59:57,73.2400,162,2
2026-03-23,000333,14:00:00,73.2100,81,2
2026-03-23,000333,14:00:03,73.2200,34,1
2026-03-23,000333,14:00:06,73.2100,64,2
2026-03-23,000333,14:00:09,73.2100,41,1
2026-03-23,000333,14:00:12,73.2000,96,2
2026-03-23,000333,14:00:15,73.1700,74,2
2026-03-23,000333,14:00:18,73.1800,21,1
2026-03-23,000333,14:00:21,73.1800,70,1
2026-03-23,000333,14:00:24,73.1900,106,1
2026-03-23,000333,14:00:27,73.1800,58,2
2026-03-23,000333,14:00:30,73.1800,60,1
2026-03-23,000333,14:00:33,73.1900,58,1
2026-03-23,000333,14:00:36,73.2100,68,1
2026-03-23,000333,14:00:39,73.2500,193,1
2026-03-23,000333,14:00:42,73.2800,52,1
2026-03-23,000333,14:00:45,73.2400,20,2
2026-03-23,000333,14:00:48,73.2400,17,2
2026-03-23,000333,14:00:51,73.2300,41,2
2026-03-23,000333,14:00:54,73.2400,18,1
2026-03-23,000333,14:00:57,73.2400,42,1
2026-03-23,000333,14:01:00,73.2500,15,1
2026-03-23,000333,14:01:03,73.2400,5,2
2026-03-23,000333,14:01:06,73.2700,72,1
2026-03-23,000333,14:01:09,73.2500,496,2
2026-03-23,000333,14:01:12,73.2400,32,2
2026-03-23,000333,14:01:15,73.2300,50,2
2026-03-23,000333,14:01:18,73.2100,253,2
2026-03-23,000333,14:01:21,73.2200,14,1
2026-03-23,000333,14:01:24,73.2200,55,1
2026-03-23,000333,14:01:27,73.2200,25,1
2026-03-23,000333,14:01:30,73.2000,53,2
2026-03-23,000333,14:01:33,73.2200,14,1
2026-03-23,000333,14:01:36,73.2000,35,2
2026-03-23,000333,14:01:39,73.2200,33,1
2026-03-23,000333,14:01:42,73.2100,56,2
2026-03-23,000333,14:01:45,73.2100,26,2
2026-03-23,000333,14:01:48,73.2100,26,2
2026-03-23,000333,14:01:51,73.2100,90,2
2026-03-23,000333,14:01:54,73.2000,21,2
2026-03-23,000333,14:01:57,73.1800,206,2
2026-03-23,000333,14:02:00,73.1800,68,2
2026-03-23,000333,14:02:03,73.1900,92,1
2026-03-23,000333,14:02:06,73.1800,41,2
2026-03-23,000333,14:02:09,73.1500,472,2
2026-03-23,000333,14:02:12,73.1600,51,1
2026-03-23,000333,14:02:15,73.1600,103,1
2026-03-23,000333,14:02:18,73.1600,209,1
2026-03-23,000333,14:02:21,73.1500,259,2
2026-03-23,000333,14:02:24,73.1400,44,2
2026-03-23,000333,14:02:27,73.1400,51,1
2026-03-23,000333,14:02:30,73.1400,23,1
2026-03-23,000333,14:02:33,73.1500,37,1
2026-03-23,000333,14:02:36,73.1500,45,1
2026-03-23,000333,14:02:39,73.1500,58,1
2026-03-23,000333,14:02:42,73.1200,94,2
2026-03-23,000333,14:02:45,73.1300,30,1
2026-03-23,000333,14:02:48,73.1100,7,2
2026-03-23,000333,14:02:51,73.1100,39,2
2026-03-23,000333,14:02:54,73.1300,52,1
2026-03-23,000333,14:02:57,73.1400,37,1
2026-03-23,000333,14:03:00,73.1400,45,1
2026-03-23,000333,14:03:03,73.1400,7,1
2026-03-23,000333,14:03:06,73.1400,41,1
2026-03-23,000333,14:03:09,73.1400,90,1
2026-03-23,000333,14:03:12,73.1200,121,2
2026-03-23,000333,14:03:15,73.1100,30,2
2026-03-23,000333,14:03:18,73.1000,341,2
2026-03-23,000333,14:03:21,73.1000,27,2
2026-03-23,000333,14:03:24,73.1100,75,1
2026-03-23,000333,14:03:27,73.1000,21,2
2026-03-23,000333,14:03:30,73.1000,163,2
2026-03-23,000333,14:03:33,73.1000,13,2
2026-03-23,000333,14:03:36,73.1000,38,2
2026-03-23,000333,14:03:39,73.1100,215,1
2026-03-23,000333,14:03:42,73.0900,36,2
2026-03-23,000333,14:03:45,73.0800,16,2
2026-03-23,000333,14:03:48,73.0800,73,2
2026-03-23,000333,14:03:51,73.0800,12,2
2026-03-23,000333,14:03:54,73.0700,8,2
2026-03-23,000333,14:03:57,73.0800,9,1
2026-03-23,000333,14:04:00,73.0800,75,1
2026-03-23,000333,14:04:03,73.0800,234,1
2026-03-23,000333,14:04:06,73.0700,71,2
2026-03-23,000333,14:04:09,73.0800,112,1
2026-03-23,000333,14:04:12,73.0700,15,2
2026-03-23,000333,14:04:15,73.0700,84,2
2026-03-23,000333,14:04:18,73.0700,19,2
2026-03-23,000333,14:04:21,73.0700,12,2
2026-03-23,000333,14:04:24,73.0800,14,1
2026-03-23,000333,14:04:27,73.0700,33,2
2026-03-23,000333,14:04:30,73.0800,37,1
2026-03-23,000333,14:04:33,73.0700,179,2
2026-03-23,000333,14:04:36,73.0700,40,2
2026-03-23,000333,14:04:39,73.0700,18,2
2026-03-23,000333,14:04:42,73.0800,8,1
2026-03-23,000333,14:04:45,73.0900,68,1
2026-03-23,000333,14:04:48,73.0800,63,4
2026-03-23,000333,14:04:51,73.0700,18,2
2026-03-23,000333,14:04:54,73.0700,25,2
2026-03-23,000333,14:04:57,73.0800,91,1
2026-03-23,000333,14:05:00,73.0900,4,1
2026-03-23,000333,14:05:03,73.0900,1,1
2026-03-23,000333,14:05:06,73.0900,88,1
2026-03-23,000333,14:05:09,73.0900,19,1
2026-03-23,000333,14:05:12,73.0800,10,1
2026-03-23,000333,14:05:15,73.0800,5,1
2026-03-23,000333,14:05:18,73.0800,4,1
2026-03-23,000333,14:05:21,73.0700,107,2
2026-03-23,000333,14:05:24,73.0800,20,1
2026-03-23,000333,14:05:27,73.0900,79,1
2026-03-23,000333,14:05:30,73.0900,59,1
2026-03-23,000333,14:05:33,73.0600,524,2
2026-03-23,000333,14:05:36,73.0500,163,2
2026-03-23,000333,14:05:39,73.0400,63,2
2026-03-23,000333,14:05:42,73.0400,60,2
2026-03-23,000333,14:05:45,73.0400,12,1
2026-03-23,000333,14:05:48,73.0400,129,1
2026-03-23,000333,14:05:51,73.0400,55,1
2026-03-23,000333,14:05:54,73.0400,41,1
2026-03-23,000333,14:05:57,73.0400,40,4
2026-03-23,000333,14:06:00,73.0500,8,1
2026-03-23,000333,14:06:03,73.0500,31,1
2026-03-23,000333,14:06:06,73.0400,166,2
2026-03-23,000333,14:06:09,73.0400,104,1
2026-03-23,000333,14:06:12,73.0400,43,1
2026-03-23,000333,14:06:15,73.0200,33,2
2026-03-23,000333,14:06:18,73.0200,143,2
2026-03-23,000333,14:06:21,73.0200,216,2
2026-03-23,000333,14:06:24,73.0100,68,2
2026-03-23,000333,14:06:27,73.0100,230,2
2026-03-23,000333,14:06:30,73.0000,167,2
2026-03-23,000333,14:06:33,73.0100,130,1
2026-03-23,000333,14:06:36,73.0000,40,2
2026-03-23,000333,14:06:39,73.0100,3,1
2026-03-23,000333,14:06:42,73.0000,26,2
2026-03-23,000333,14:06:45,73.0100,75,1
2026-03-23,000333,14:06:48,73.0100,185,1
2026-03-23,000333,14:06:51,73.0100,44,1
2026-03-23,000333,14:06:54,73.0000,68,2
2026-03-23,000333,14:06:57,73.0100,44,1
2026-03-23,000333,14:07:00,73.0000,9,2
2026-03-23,000333,10:56:57,72.9500,44,1
2026-03-23,000333,10:57:00,72.9700,9,1
2026-03-23,000333,10:57:03,72.9500,27,2
2026-03-23,000333,10:57:06,72.9400,112,2
2026-03-23,000333,10:57:09,72.9400,48,1
2026-03-23,000333,10:57:12,72.9400,3,4
2026-03-23,000333,10:57:15,72.9300,54,2
2026-03-23,000333,10:57:18,72.9300,61,2
2026-03-23,000333,10:57:21,72.9300,62,2
2026-03-23,000333,10:57:24,72.9300,15,1
2026-03-23,000333,10:57:27,72.9300,27,1
2026-03-23,000333,10:57:30,72.9300,111,2
2026-03-23,000333,10:57:33,72.9300,67,1
2026-03-23,000333,10:57:36,72.9300,17,1
2026-03-23,000333,10:57:39,72.9600,64,1
2026-03-23,000333,10:57:42,72.9600,82,1
2026-03-23,000333,10:57:45,72.9800,16,1
2026-03-23,000333,10:57:48,72.9800,87,1
2026-03-23,000333,10:57:51,72.9600,30,2
2026-03-23,000333,10:57:54,72.9600,68,1
2026-03-23,000333,10:57:57,72.9600,21,1
2026-03-23,000333,10:58:00,72.9500,22,2
2026-03-23,000333,10:58:03,72.9600,2,2
2026-03-23,000333,10:58:06,72.9700,44,2
2026-03-23,000333,10:58:09,72.9700,1,1
2026-03-23,000333,10:58:12,72.9700,13,1
2026-03-23,000333,10:58:15,72.9800,47,1
2026-03-23,000333,10:58:18,72.9900,28,1
2026-03-23,000333,10:58:21,72.9800,1,4
2026-03-23,000333,10:58:24,72.9700,4,2
2026-03-23,000333,10:58:27,72.9700,12,1
2026-03-23,000333,10:58:30,72.9700,2,1
2026-03-23,000333,10:58:33,72.9700,10,2
2026-03-23,000333,10:58:36,72.9800,45,1
2026-03-23,000333,10:58:39,72.9700,12,2
2026-03-23,000333,10:58:42,72.9700,59,2
2026-03-23,000333,10:58:45,72.9800,25,1
2026-03-23,000333,10:58:48,72.9800,26,1
2026-03-23,000333,10:58:51,72.9800,13,1
2026-03-23,000333,10:58:54,72.9700,17,2
2026-03-23,000333,10:58:57,72.9800,7,1
2026-03-23,000333,10:59:00,72.9700,61,2
2026-03-23,000333,10:59:03,73.0000,49,1
2026-03-23,000333,10:59:06,72.9900,47,1
2026-03-23,000333,10:59:09,72.9900,24,2
2026-03-23,000333,10:59:12,72.9900,55,2
2026-03-23,000333,10:59:15,72.9800,24,2
2026-03-23,000333,10:59:18,72.9900,25,1
2026-03-23,000333,10:59:21,73.0000,13,1
2026-03-23,000333,10:59:24,73.0000,13,1
2026-03-23,000333,10:59:27,73.0100,77,1
2026-03-23,000333,10:59:30,73.0100,41,1
2026-03-23,000333,10:59:33,73.0500,116,1
2026-03-23,000333,10:59:36,73.0700,71,1
2026-03-23,000333,10:59:39,73.0800,122,1
2026-03-23,000333,10:59:42,73.0900,132,1
2026-03-23,000333,10:59:45,73.1200,47,1
2026-03-23,000333,10:59:48,73.1100,24,1
2026-03-23,000333,10:59:51,73.0800,32,2
2026-03-23,000333,10:59:54,73.1200,15,1
2026-03-23,000333,10:59:57,73.1300,73,1
2026-03-23,000333,11:00:00,73.1400,71,1
2026-03-23,000333,11:00:03,73.1300,210,2
2026-03-23,000333,11:00:06,73.0900,29,1
2026-03-23,000333,11:00:09,73.1000,49,1
2026-03-23,000333,11:00:12,73.1400,40,1
2026-03-23,000333,11:00:15,73.1500,67,1
2026-03-23,000333,11:00:18,73.1400,84,1
2026-03-23,000333,11:00:21,73.1000,36,2
2026-03-23,000333,11:00:24,73.1200,59,1
2026-03-23,000333,11:00:27,73.1400,32,1
2026-03-23,000333,11:00:30,73.1700,75,1
2026-03-23,000333,11:00:33,73.1600,21,1
2026-03-23,000333,11:00:36,73.1700,71,1
2026-03-23,000333,11:00:39,73.1400,41,2
2026-03-23,000333,11:00:42,73.1400,27,2
2026-03-23,000333,11:00:45,73.1500,54,1
2026-03-23,000333,11:00:48,73.1300,68,2
2026-03-23,000333,11:00:51,73.1400,29,1
2026-03-23,000333,11:00:54,73.1500,39,1
2026-03-23,000333,11:00:57,73.1600,56,1
2026-03-23,000333,11:01:00,73.1600,160,4
2026-03-23,000333,11:01:03,73.1500,51,2
2026-03-23,000333,11:01:06,73.1400,40,2
2026-03-23,000333,11:01:09,73.1800,108,1
2026-03-23,000333,11:01:12,73.1800,57,1
2026-03-23,000333,11:01:15,73.1700,19,2
2026-03-23,000333,11:01:18,73.1700,59,2
2026-03-23,000333,11:01:21,73.1700,14,1
2026-03-23,000333,11:01:24,73.1600,29,1
2026-03-23,000333,11:01:27,73.1900,106,1
2026-03-23,000333,11:01:30,73.2000,110,1
2026-03-23,000333,11:01:33,73.2100,64,1
2026-03-23,000333,11:01:36,73.2000,89,2
2026-03-23,000333,11:01:39,73.2000,13,2
2026-03-23,000333,11:01:42,73.2000,21,1
2026-03-23,000333,11:01:45,73.2100,41,1
2026-03-23,000333,11:01:48,73.2200,47,1
2026-03-23,000333,11:01:51,73.2300,22,1
2026-03-23,000333,11:01:54,73.2300,54,1
2026-03-23,000333,11:01:57,73.2200,46,2
2026-03-23,000333,11:02:00,73.2400,33,1
2026-03-23,000333,11:02:03,73.2400,11,1
2026-03-23,000333,11:02:06,73.2800,56,1
2026-03-23,000333,11:02:09,73.3000,61,1
2026-03-23,000333,11:02:12,73.3000,41,1
2026-03-23,000333,11:02:15,73.2800,31,2
2026-03-23,000333,11:02:18,73.2800,69,1
2026-03-23,000333,11:02:21,73.3200,52,1
2026-03-23,000333,11:02:24,73.3200,31,1
2026-03-23,000333,11:02:27,73.3200,40,1
2026-03-23,000333,11:02:30,73.3200,75,2
2026-03-23,000333,11:02:33,73.3300,30,1
2026-03-23,000333,11:02:36,73.3300,25,2
2026-03-23,000333,11:02:39,73.3500,34,1
2026-03-23,000333,11:02:42,73.3100,29,2
2026-03-23,000333,11:02:45,73.3500,26,1
2026-03-23,000333,11:02:48,73.3500,38,2
2026-03-23,000333,11:02:51,73.3600,26,1
2026-03-23,000333,11:02:54,73.3700,48,1
2026-03-23,000333,11:02:57,73.4000,76,1
2026-03-23,000333,11:03:00,73.4200,28,1
2026-03-23,000333,11:03:03,73.4000,92,2
2026-03-23,000333,11:03:06,73.4000,30,1
2026-03-23,000333,11:03:09,73.4500,108,1
2026-03-23,000333,11:03:12,73.4100,61,2
2026-03-23,000333,11:03:15,73.4100,26,2
2026-03-23,000333,11:03:18,73.4200,123,1
2026-03-23,000333,11:03:21,73.4400,54,1
2026-03-23,000333,11:03:24,73.4700,45,1
2026-03-23,000333,11:03:27,73.4700,97,1
2026-03-23,000333,11:03:30,73.4300,80,2
2026-03-23,000333,11:03:33,73.4600,170,1
2026-03-23,000333,11:03:36,73.4800,145,1
2026-03-23,000333,11:03:39,73.4800,126,1
2026-03-23,000333,11:03:42,73.4400,53,2
2026-03-23,000333,11:03:45,73.4300,268,2
2026-03-23,000333,11:03:48,73.4900,62,1
2026-03-23,000333,11:03:51,73.4900,108,1
2026-03-23,000333,11:03:54,73.4400,50,2
2026-03-23,000333,11:03:57,73.4400,67,2
2026-03-23,000333,11:04:00,73.4800,57,1
2026-03-23,000333,11:04:03,73.4500,7,2
2026-03-23,000333,11:04:06,73.4500,26,2
2026-03-23,000333,11:04:09,73.4500,27,2
2026-03-23,000333,11:04:12,73.4700,221,1
2026-03-23,000333,11:04:15,73.5000,93,1
2026-03-23,000333,11:04:18,73.4900,58,1
2026-03-23,000333,11:04:21,73.4900,31,2
2026-03-23,000333,11:04:24,73.4500,112,2
2026-03-23,000333,11:04:27,73.4300,59,2
2026-03-23,000333,11:04:30,73.4300,95,4
2026-03-23,000333,11:04:33,73.4500,70,1
2026-03-23,000333,11:04:36,73.4600,59,1
2026-03-23,000333,11:04:39,73.4600,96,2
2026-03-23,000333,11:04:42,73.4700,51,2
2026-03-23,000333,11:04:45,73.4700,10,1
2026-03-23,000333,11:04:48,73.4700,21,1
2026-03-23,000333,11:04:51,73.4500,44,2
2026-03-23,000333,11:04:54,73.4600,38,4
2026-03-23,000333,11:04:57,73.4500,49,2
2026-03-23,000333,11:05:00,73.4300,60,2
2026-03-23,000333,11:05:03,73.4700,20,1
2026-03-23,000333,11:05:06,73.4600,153,2
2026-03-23,000333,11:05:09,73.4700,60,1
2026-03-23,000333,11:05:12,73.4800,136,1
2026-03-23,000333,11:05:15,73.4900,61,1
2026-03-23,000333,11:05:18,73.4500,51,2
2026-03-23,000333,11:05:21,73.4500,65,1
2026-03-23,000333,11:05:24,73.4400,166,2
2026-03-23,000333,11:05:27,73.4400,125,1
2026-03-23,000333,11:05:30,73.4300,35,4
2026-03-23,000333,11:05:33,73.4300,59,2
2026-03-23,000333,11:05:36,73.4400,46,1
2026-03-23,000333,11:05:39,73.4300,50,2
2026-03-23,000333,11:05:42,73.4200,12,2
2026-03-23,000333,11:05:45,73.3800,153,2
2026-03-23,000333,11:05:48,73.3800,91,1
2026-03-23,000333,11:05:51,73.3800,59,1
2026-03-23,000333,11:05:54,73.3800,80,2
2026-03-23,000333,11:05:57,73.3600,44,2
2026-03-23,000333,11:06:00,73.3500,33,2
2026-03-23,000333,11:06:03,73.3600,15,2
2026-03-23,000333,11:06:06,73.3500,87,2
2026-03-23,000333,11:06:09,73.3500,104,1
2026-03-23,000333,11:06:12,73.3900,18,1
2026-03-23,000333,11:06:15,73.3400,14,2
2026-03-23,000333,11:06:18,73.3400,31,2
2026-03-23,000333,11:06:21,73.3400,12,1
2026-03-23,000333,11:06:24,73.3800,38,1
2026-03-23,000333,11:06:27,73.3400,41,2
2026-03-23,000333,11:06:30,73.3500,11,1
2026-03-23,000333,11:06:33,73.3500,3,2
2026-03-23,000333,11:06:36,73.3400,32,2
2026-03-23,000333,11:06:39,73.3500,54,1
2026-03-23,000333,11:06:42,73.4000,14,1
2026-03-23,000333,11:06:45,73.3800,6,2
2026-03-23,000333,11:06:48,73.4200,52,1
2026-03-23,000333,11:06:51,73.3900,18,1
2026-03-23,000333,11:06:54,73.4000,16,1
2026-03-23,000333,11:06:57,73.3900,21,2
2026-03-23,000333,11:07:00,73.4100,60,1
2026-03-23,000333,11:07:03,73.4100,13,1
2026-03-23,000333,11:07:06,73.4000,55,1
2026-03-23,000333,11:07:09,73.3900,17,1
2026-03-23,000333,11:07:12,73.4000,41,1
2026-03-23,000333,11:07:15,73.3800,39,2
2026-03-23,000333,11:07:18,73.4100,13,1
2026-03-23,000333,11:07:21,73.3900,12,2
2026-03-23,000333,11:07:24,73.3600,82,2
2026-03-23,000333,11:07:27,73.4000,21,1
2026-03-23,000333,11:07:30,73.3900,19,1
2026-03-23,000333,11:07:33,73.3700,67,2
2026-03-23,000333,11:07:36,73.3800,25,1
2026-03-23,000333,11:07:39,73.4200,152,1
2026-03-23,000333,11:07:42,73.4200,37,4
2026-03-23,000333,11:07:45,73.4100,63,2
2026-03-23,000333,11:07:48,73.4100,50,2
2026-03-23,000333,11:07:51,73.4100,43,2
2026-03-23,000333,11:07:54,73.4200,51,1
2026-03-23,000333,11:07:57,73.4200,43,1
2026-03-23,000333,11:08:00,73.4200,41,2
2026-03-23,000333,11:08:03,73.4400,20,1
2026-03-23,000333,11:08:06,73.4100,57,2
2026-03-23,000333,11:08:09,73.4300,65,1
2026-03-23,000333,11:08:12,73.4100,56,2
2026-03-23,000333,11:08:15,73.4300,53,4
2026-03-23,000333,11:08:18,73.4300,105,1
2026-03-23,000333,11:08:21,73.4800,61,1
2026-03-23,000333,11:08:24,73.4500,96,2
2026-03-23,000333,11:08:27,73.5000,172,1
2026-03-23,000333,11:08:30,73.4600,19,1
2026-03-23,000333,11:08:33,73.4400,157,2
2026-03-23,000333,11:08:36,73.4900,80,1
2026-03-23,000333,11:08:39,73.4800,74,1
2026-03-23,000333,11:08:42,73.4400,58,2
2026-03-23,000333,11:08:45,73.4500,41,4
2026-03-23,000333,11:08:48,73.4300,78,2
2026-03-23,000333,11:08:51,73.4600,41,1
2026-03-23,000333,11:08:54,73.4500,48,4
2026-03-23,000333,11:08:57,73.4700,28,1
2026-03-23,000333,11:09:00,73.4800,21,1
2026-03-23,000333,11:09:03,73.4400,7,2
2026-03-23,000333,11:09:06,73.4100,88,2
2026-03-23,000333,11:09:09,73.4100,36,1
2026-03-23,000333,11:09:12,73.4000,67,2
2026-03-23,000333,11:09:15,73.4200,44,2
2026-03-23,000333,11:09:18,73.4300,10,2
2026-03-23,000333,11:09:21,73.4200,41,2
2026-03-23,000333,11:09:24,73.4300,38,1
2026-03-23,000333,11:09:27,73.4300,12,2
2026-03-23,000333,11:09:30,73.4400,25,4
2026-03-23,000333,11:09:33,73.4300,17,2
2026-03-23,000333,11:09:36,73.4500,38,1
2026-03-23,000333,11:09:39,73.4100,177,2
2026-03-23,000333,11:09:42,73.3800,109,2
2026-03-23,000333,11:09:45,73.4100,56,1
2026-03-23,000333,11:09:48,73.4100,35,1
2026-03-23,000333,11:09:51,73.3800,67,2
2026-03-23,000333,11:09:54,73.4000,15,1
2026-03-23,000333,11:09:57,73.4000,29,1
2026-03-23,000333,11:10:00,73.4000,9,2
2026-03-23,000333,11:10:03,73.3900,20,2
2026-03-23,000333,11:10:06,73.3700,30,2
2026-03-23,000333,11:10:09,73.3800,18,2
2026-03-23,000333,11:10:12,73.3700,58,2
2026-03-23,000333,11:10:15,73.3700,25,2
2026-03-23,000333,11:10:18,73.3800,24,1
2026-03-23,000333,11:10:21,73.3800,13,2
2026-03-23,000333,11:10:24,73.3800,20,4
2026-03-23,000333,11:10:27,73.3800,19,1
2026-03-23,000333,11:10:30,73.3900,18,1
2026-03-23,000333,11:10:33,73.3800,45,2
2026-03-23,000333,11:10:36,73.3900,23,1
2026-03-23,000333,11:10:39,73.3900,8,1
2026-03-23,000333,11:10:42,73.4100,42,1
2026-03-23,000333,11:10:45,73.4200,34,1
2026-03-23,000333,11:10:48,73.4100,34,1
2026-03-23,000333,11:10:51,73.4100,8,1
2026-03-23,000333,11:10:54,73.4300,30,1
2026-03-23,000333,11:10:57,73.4300,20,2
2026-03-23,000333,11:11:00,73.4200,17,1
2026-03-23,000333,11:11:03,73.4200,4,1
2026-03-23,000333,11:11:06,73.4000,48,2
2026-03-23,000333,11:11:09,73.4200,33,1
2026-03-23,000333,11:11:12,73.4100,9,2
2026-03-23,000333,11:11:15,73.4200,129,1
2026-03-23,000333,11:11:18,73.4200,70,1
2026-03-23,000333,11:11:21,73.4300,8,1
2026-03-23,000333,11:11:24,73.4200,53,1
2026-03-23,000333,11:11:27,73.4000,48,2
2026-03-23,000333,11:11:30,73.4200,22,1
2026-03-23,000333,11:11:33,73.4100,18,2
2026-03-23,000333,11:11:36,73.4200,36,4
2026-03-23,000333,11:11:39,73.4200,7,2
2026-03-23,000333,11:11:42,73.4200,4,2
2026-03-23,000333,11:11:45,73.4500,79,1
2026-03-23,000333,11:11:48,73.4100,7,2
2026-03-23,000333,11:11:51,73.4200,38,1
2026-03-23,000333,11:11:54,73.4200,29,2
2026-03-23,000333,11:11:57,73.4100,72,2
2026-03-23,000333,11:12:00,73.4100,8,1
2026-03-23,000333,11:12:03,73.4000,57,2
2026-03-23,000333,11:12:06,73.4000,49,1
2026-03-23,000333,11:12:09,73.4100,47,1
2026-03-23,000333,11:12:12,73.4000,108,2
2026-03-23,000333,11:12:15,73.3800,84,2
2026-03-23,000333,11:12:18,73.3900,78,1
2026-03-23,000333,11:12:21,73.4000,15,1
2026-03-23,000333,11:12:24,73.4200,32,1
2026-03-23,000333,11:12:27,73.4100,43,1
2026-03-23,000333,11:12:30,73.4000,21,2
2026-03-23,000333,11:12:33,73.4000,54,2
2026-03-23,000333,11:12:36,73.3900,26,2
2026-03-23,000333,11:12:39,73.3900,32,2
2026-03-23,000333,11:12:42,73.4000,5,1
2026-03-23,000333,11:12:45,73.3900,11,2
2026-03-23,000333,11:12:48,73.3900,58,1
2026-03-23,000333,11:12:51,73.3800,31,2
2026-03-23,000333,11:12:54,73.3900,47,1
2026-03-23,000333,11:12:57,73.3600,26,2
2026-03-23,000333,11:13:00,73.3600,37,1
2026-03-23,000333,11:13:03,73.3500,26,2
2026-03-23,000333,11:13:06,73.3500,71,2
2026-03-23,000333,11:13:09,73.3500,30,1
2026-03-23,000333,11:13:12,73.3400,5,2
2026-03-23,000333,11:13:15,73.3500,59,1
2026-03-23,000333,11:13:18,73.3400,4,2
2026-03-23,000333,11:13:21,73.3400,27,1
2026-03-23,000333,11:13:24,73.3500,15,1
2026-03-23,000333,11:13:27,73.3300,19,2
2026-03-23,000333,11:13:30,73.3400,9,1
2026-03-23,000333,11:13:33,73.3400,10,2
2026-03-23,000333,11:13:36,73.3500,50,1
2026-03-23,000333,11:13:39,73.3400,28,1
2026-03-23,000333,11:13:42,73.3300,22,2
2026-03-23,000333,11:13:45,73.3300,133,2
2026-03-23,000333,11:13:48,73.3200,67,2
2026-03-23,000333,11:13:51,73.3200,11,2
2026-03-23,000333,11:13:54,73.3200,45,2
2026-03-23,000333,11:13:57,73.3100,15,2
2026-03-23,000333,11:14:00,73.3100,5,2
2026-03-23,000333,11:14:03,73.3100,90,2
2026-03-23,000333,11:14:06,73.3100,60,1
2026-03-23,000333,11:14:09,73.3200,51,1
2026-03-23,000333,11:14:12,73.3400,84,1
2026-03-23,000333,11:14:15,73.3200,33,1
2026-03-23,000333,11:14:18,73.3200,48,1
2026-03-23,000333,11:14:21,73.3400,122,1
2026-03-23,000333,11:14:24,73.2900,52,2
2026-03-23,000333,11:14:27,73.2900,5,2
2026-03-23,000333,11:14:30,73.3100,5,1
2026-03-23,000333,11:14:33,73.3100,45,2
2026-03-23,000333,11:14:36,73.3100,94,1
2026-03-23,000333,11:14:39,73.3200,34,1
2026-03-23,000333,11:14:42,73.3200,55,2
2026-03-23,000333,11:14:45,73.3400,32,1
2026-03-23,000333,11:14:48,73.3400,34,1
2026-03-23,000333,11:14:51,73.3500,24,1
2026-03-23,000333,11:14:54,73.3300,21,2
2026-03-23,000333,11:14:57,73.3300,20,2
2026-03-23,000333,11:15:00,73.3300,115,2
2026-03-23,000333,11:15:03,73.3200,99,2
2026-03-23,000333,11:15:06,73.3300,68,1
2026-03-23,000333,11:15:09,73.3300,43,1
2026-03-23,000333,11:15:12,73.3300,47,2
2026-03-23,000333,11:15:15,73.3300,46,1
2026-03-23,000333,11:15:18,73.3300,26,1
2026-03-23,000333,11:15:21,73.3300,56,2
2026-03-23,000333,11:15:24,73.3200,5,4
2026-03-23,000333,11:15:27,73.3200,12,2
2026-03-23,000333,11:15:30,73.3000,64,2
2026-03-23,000333,11:15:33,73.3000,63,2
2026-03-23,000333,11:15:36,73.3100,36,1
2026-03-23,000333,11:15:39,73.3200,32,1
2026-03-23,000333,11:15:42,73.3100,14,2
2026-03-23,000333,11:15:45,73.3100,27,2
2026-03-23,000333,11:15:48,73.3000,10,2
2026-03-23,000333,11:15:51,73.3000,28,1
2026-03-23,000333,11:15:54,73.2900,20,2
2026-03-23,000333,11:15:57,73.2900,108,2
2026-03-23,000333,11:16:00,73.3000,75,1
2026-03-23,000333,11:16:03,73.3100,34,1
2026-03-23,000333,11:16:06,73.3400,34,1
2026-03-23,000333,11:16:09,73.3400,27,1
2026-03-23,000333,11:16:12,73.3300,23,4
2026-03-23,000333,11:16:15,73.3200,1,2
2026-03-23,000333,11:16:18,73.3200,20,2
2026-03-23,000333,11:16:21,73.3300,22,1
2026-03-23,000333,11:16:24,73.3300,28,1
2026-03-23,000333,11:16:27,73.3500,59,1
2026-03-23,000333,11:16:30,73.3200,33,2
2026-03-23,000333,11:16:33,73.3300,36,4
2026-03-23,000333,11:16:36,73.3500,55,1
2026-03-23,000333,11:16:39,73.3600,23,1
2026-03-23,000333,11:16:42,73.3700,8,1
2026-03-23,000333,11:16:45,73.3700,3,1
2026-03-23,000333,11:16:48,73.3700,5,1
2026-03-23,000333,11:16:51,73.3700,12,1
2026-03-23,000333,11:16:54,73.3600,11,2
2026-03-23,000333,11:16:57,73.3800,41,1
2026-03-23,000333,11:17:00,73.3700,37,2
2026-03-23,000333,11:17:03,73.3700,42,2
2026-03-23,000333,11:17:06,73.3500,35,2
2026-03-23,000333,11:17:09,73.3600,38,4
2026-03-23,000333,11:17:12,73.3500,20,2
2026-03-23,000333,11:17:15,73.3500,50,2
2026-03-23,000333,11:17:18,73.3600,41,2
2026-03-23,000333,11:17:21,73.3500,23,2
2026-03-23,000333,11:17:24,73.3300,76,2
2026-03-23,000333,11:17:27,73.3200,19,2
2026-03-23,000333,11:17:30,73.3300,12,1
2026-03-23,000333,11:17:33,73.3400,51,1
2026-03-23,000333,11:17:36,73.3500,37,1
2026-03-23,000333,11:17:39,73.3500,34,2
2026-03-23,000333,11:17:42,73.3400,213,2
2026-03-23,000333,11:17:45,73.3400,231,2
2026-03-23,000333,11:17:48,73.3900,88,1
2026-03-23,000333,11:17:51,73.3900,179,1
2026-03-23,000333,11:17:54,73.3700,64,1
2026-03-23,000333,11:17:57,73.3500,40,1
2026-03-23,000333,11:18:00,73.3100,18,2
2026-03-23,000333,11:18:03,73.3400,34,1
2026-03-23,000333,11:18:06,73.3100,30,2
2026-03-23,000333,11:18:09,73.3400,30,1
2026-03-23,000333,11:18:12,73.3500,16,1
2026-03-23,000333,11:18:15,73.3200,26,4
2026-03-23,000333,11:18:18,73.3500,12,1
2026-03-23,000333,11:18:21,73.3400,32,1
2026-03-23,000333,11:18:24,73.3200,7,2
2026-03-23,000333,11:18:27,73.3300,30,1
2026-03-23,000333,11:18:30,73.3100,58,2
2026-03-23,000333,11:18:33,73.3000,42,2
2026-03-23,000333,11:18:36,73.3000,38,2
2026-03-23,000333,11:18:39,73.3000,57,2
2026-03-23,000333,11:18:42,73.3000,44,2
2026-03-23,000333,11:18:45,73.3000,6,1
2026-03-23,000333,11:18:48,73.2900,47,2
2026-03-23,000333,11:18:51,73.2900,37,1
2026-03-23,000333,11:18:54,73.3000,39,1
2026-03-23,000333,11:18:57,73.2800,130,2
2026-03-23,000333,11:19:00,73.3000,143,1
2026-03-23,000333,11:19:03,73.3000,75,1
2026-03-23,000333,11:19:06,73.2600,58,2
2026-03-23,000333,11:19:09,73.2600,91,4
2026-03-23,000333,11:19:12,73.2700,33,1
2026-03-23,000333,11:19:15,73.2500,68,2
2026-03-23,000333,11:19:18,73.2400,55,2
2026-03-23,000333,11:19:21,73.2300,54,2
2026-03-23,000333,11:19:24,73.2400,17,1
2026-03-23,000333,11:19:27,73.2300,8,2
2026-03-23,000333,11:19:30,73.2300,99,2
2026-03-23,000333,11:19:33,73.2300,51,4
2026-03-23,000333,11:19:36,73.2200,64,2
2026-03-23,000333,11:19:39,73.2000,73,2
2026-03-23,000333,11:19:42,73.2200,30,1
2026-03-23,000333,11:19:45,73.2400,29,1
2026-03-23,000333,11:19:48,73.2200,19,2
2026-03-23,000333,11:19:51,73.2200,17,2
2026-03-23,000333,11:19:54,73.2200,21,2
2026-03-23,000333,11:19:57,73.2200,55,1
2026-03-23,000333,11:20:00,73.2100,21,2
2026-03-23,000333,11:20:03,73.2200,88,1
2026-03-23,000333,11:20:06,73.2100,36,2
2026-03-23,000333,11:20:09,73.2200,128,2
2026-03-23,000333,11:20:12,73.2500,47,1
2026-03-23,000333,11:20:15,73.2500,14,2
2026-03-23,000333,11:20:18,73.2500,23,2
2026-03-23,000333,11:20:21,73.2500,40,1
2026-03-23,000333,11:20:24,73.2300,2,2
2026-03-23,000333,11:20:27,73.2500,21,1
2026-03-23,000333,11:20:30,73.2500,7,1
2026-03-23,000333,11:20:33,73.2400,54,4
2026-03-23,000333,11:20:36,73.2500,52,1
2026-03-23,000333,11:20:39,73.2500,21,2
2026-03-23,000333,11:20:42,73.2200,49,2
2026-03-23,000333,11:20:45,73.2300,17,1
2026-03-23,000333,11:20:48,73.2300,23,1
2026-03-23,000333,11:20:51,73.2300,17,2
2026-03-23,000333,11:20:54,73.2200,14,2
2026-03-23,000333,11:20:57,73.2300,14,1
2026-03-23,000333,11:21:00,73.2200,14,2
2026-03-23,000333,11:21:03,73.2300,28,1
2026-03-23,000333,11:21:06,73.2300,75,2
2026-03-23,000333,11:21:09,73.2300,20,1
2026-03-23,000333,11:21:12,73.2300,43,1
2026-03-23,000333,11:21:15,73.2200,25,1
2026-03-23,000333,11:21:18,73.2300,80,1
2026-03-23,000333,11:21:21,73.2300,102,2
