date,code,time,price,volume,bs
2026-04-29,600036,14:07:07,38.5700,813,2
2026-04-29,600036,14:07:10,38.5700,242,1
2026-04-29,600036,14:07:13,38.5700,169,1
2026-04-29,600036,14:07:16,38.5700,321,1
2026-04-29,600036,14:07:19,38.5700,98,2
2026-04-29,600036,14:07:22,38.5700,89,2
2026-04-29,600036,14:07:25,38.5800,18,1
2026-04-29,600036,14:07:28,38.5800,107,1
2026-04-29,600036,14:07:31,38.5800,130,1
2026-04-29,600036,14:07:34,38.5700,182,2
2026-04-29,600036,14:07:37,38.5700,152,2
2026-04-29,600036,14:07:40,38.5700,424,2
2026-04-29,600036,14:07:43,38.5800,144,1
2026-04-29,600036,14:07:46,38.5700,494,2
2026-04-29,600036,14:07:49,38.5700,211,2
2026-04-29,600036,14:07:52,38.5800,55,1
2026-04-29,600036,14:07:55,38.5800,63,1
2026-04-29,600036,14:07:58,38.5800,99,1
2026-04-29,600036,14:08:01,38.5700,93,2
2026-04-29,600036,14:08:04,38.5700,72,2
2026-04-29,600036,14:08:07,38.5800,116,1
2026-04-29,600036,14:08:10,38.5800,80,1
2026-04-29,600036,14:08:13,38.5800,78,1
2026-04-29,600036,14:08:16,38.5700,171,2
2026-04-29,600036,14:08:19,38.5800,182,1
2026-04-29,600036,14:08:22,38.5800,232,1
2026-04-29,600036,14:08:25,38.5800,229,1
2026-04-29,600036,14:08:28,38.5800,177,1
2026-04-29,600036,14:08:31,38.5800,242,2
2026-04-29,600036,14:08:34,38.5800,47,1
2026-04-29,600036,14:08:37,38.5800,70,1
2026-04-29,600036,14:08:40,38.5800,21,2
2026-04-29,600036,14:08:43,38.5900,115,1
2026-04-29,600036,14:08:46,38.5800,20,2
2026-04-29,600036,14:08:49,38.5900,184,1
2026-04-29,600036,14:08:52,38.5900,855,1
2026-04-29,600036,14:08:55,38.5900,277,1
2026-04-29,600036,14:08:58,38.5800,198,2
2026-04-29,600036,14:09:01,38.5900,135,1
2026-04-29,600036,14:09:04,38.5900,285,1
2026-04-29,600036,14:09:07,38.5900,29,1
2026-04-29,600036,14:09:10,38.5900,459,1
2026-04-29,600036,14:09:13,38.5900,821,2
2026-04-29,600036,14:09:16,38.5900,208,1
2026-04-29,600036,14:09:19,38.6000,119,1
2026-04-29,600036,14:09:22,38.5900,478,2
2026-04-29,600036,14:09:25,38.5900,184,2
2026-04-29,600036,14:09:28,38.5900,134,2
2026-04-29,600036,14:09:31,38.6000,48,1
2026-04-29,600036,14:09:34,38.5900,14,2
2026-04-29,600036,14:09:37,38.6000,107,1
2026-04-29,600036,14:09:40,38.5900,98,2
2026-04-29,600036,14:09:43,38.5900,40,2
2026-04-29,600036,14:09:46,38.6000,118,1
2026-04-29,600036,14:09:49,38.6000,83,1
2026-04-29,600036,14:09:52,38.6000,155,1
2026-04-29,600036,14:09:55,38.6000,148,1
2026-04-29,600036,14:09:58,38.6000,99,1
2026-04-29,600036,14:10:01,38.6000,110,1
2026-04-29,600036,14:10:04,38.6000,2137,1
2026-04-29,600036,14:10:07,38.6000,215,1
2026-04-29,600036,14:10:10,38.5900,257,2
2026-04-29,600036,14:10:13,38.6100,1471,1
2026-04-29,600036,14:10:16,38.6000,146,2
2026-04-29,600036,14:10:19,38.6200,184,1
2026-04-29,600036,14:10:22,38.6100,73,2
2026-04-29,600036,14:10:25,38.6200,27,1
2026-04-29,600036,14:10:28,38.6200,217,1
2026-04-29,600036,14:10:31,38.6200,116,1
2026-04-29,600036,14:10:34,38.6200,409,1
2026-04-29,600036,14:10:37,38.6200,387,2
2026-04-29,600036,14:10:40,38.6200,250,1
2026-04-29,600036,14:10:43,38.6100,115,2
2026-04-29,600036,14:10:46,38.6100,143,2
2026-04-29,600036,14:10:49,38.6200,93,1
2026-04-29,600036,14:10:52,38.6200,209,1
2026-04-29,600036,14:10:55,38.6300,162,1
2026-04-29,600036,14:10:58,38.6200,22,2
2026-04-29,600036,14:11:01,38.6300,53,1
2026-04-29,600036,14:11:04,38.6200,44,2
2026-04-29,600036,14:11:07,38.6300,258,1
2026-04-29,600036,14:11:10,38.6300,60,1
2026-04-29,600036,14:11:13,38.6300,155,1
2026-04-29,600036,14:11:16,38.6300,682,1
2026-04-29,600036,14:11:19,38.6300,166,1
2026-04-29,600036,14:11:22,38.6300,156,2
2026-04-29,600036,14:11:25,38.6300,142,1
2026-04-29,600036,14:11:28,38.6300,309,1
2026-04-29,600036,14:11:31,38.6400,245,1
2026-04-29,600036,14:11:34,38.6400,139,1
2026-04-29,600036,14:11:37,38.6300,264,2
2026-04-29,600036,14:11:40,38.6400,62,1
2026-04-29,600036,14:11:43,38.6400,14,1
2026-04-29,600036,14:11:46,38.6400,627,1
2026-04-29,600036,14:11:49,38.6400,243,1
2026-04-29,600036,14:11:52,38.6400,69,1
2026-04-29,600036,14:11:55,38.6400,103,1
2026-04-29,600036,14:11:58,38.6400,107,1
2026-04-29,600036,14:12:01,38.6300,197,2
2026-04-29,600036,14:12:04,38.6400,839,1
2026-04-29,600036,14:12:07,38.6400,179,1
2026-04-29,600036,14:12:10,38.6400,415,1
2026-04-29,600036,14:12:13,38.6400,293,1
2026-04-29,600036,14:12:16,38.6300,1622,2
2026-04-29,600036,14:12:19,38.6400,728,1
2026-04-29,600036,14:12:22,38.6400,390,1
2026-04-29,600036,14:12:25,38.6300,1490,2
2026-04-29,600036,14:12:28,38.6300,294,1
2026-04-29,600036,14:12:31,38.6300,265,1
2026-04-29,600036,14:12:34,38.6300,212,1
2026-04-29,600036,14:12:37,38.6300,108,1
2026-04-29,600036,14:12:40,38.6300,308,1
2026-04-29,600036,14:12:43,38.6200,119,2
2026-04-29,600036,14:12:46,38.6200,113,2
2026-04-29,600036,14:12:49,38.6300,230,1
2026-04-29,600036,14:12:52,38.6300,250,2
2026-04-29,600036,14:12:55,38.6300,76,2
2026-04-29,600036,14:12:58,38.6300,40,2
2026-04-29,600036,14:13:01,38.6300,69,2
2026-04-29,600036,14:13:04,38.6300,93,2
2026-04-29,600036,14:13:07,38.6300,78,2
2026-04-29,600036,14:13:10,38.6300,64,2
2026-04-29,600036,14:13:13,38.6400,42,1
2026-04-29,600036,14:13:16,38.6400,441,1
2026-04-29,600036,14:13:19,38.6400,390,1
2026-04-29,600036,14:13:22,38.6400,178,1
2026-04-29,600036,14:13:25,38.6300,69,2
2026-04-29,600036,14:13:28,38.6400,193,1
2026-04-29,600036,14:13:31,38.6400,77,1
2026-04-29,600036,14:13:34,38.6400,83,1
2026-04-29,600036,14:13:37,38.6300,89,2
2026-04-29,600036,14:13:40,38.6300,101,2
2026-04-29,600036,14:13:43,38.6400,33,1
2026-04-29,600036,14:13:46,38.6300,77,2
2026-04-29,600036,14:13:49,38.6400,176,1
2026-04-29,600036,14:13:52,38.6400,82,1
2026-04-29,600036,14:13:55,38.6400,48,1
2026-04-29,600036,14:13:58,38.6400,148,1
2026-04-29,600036,14:14:01,38.6300,33,2
2026-04-29,600036,14:14:04,38.6400,186,1
2026-04-29,600036,14:14:07,38.6300,1061,2
2026-04-29,600036,14:14:10,38.6300,281,1
2026-04-29,600036,14:14:13,38.6300,241,1
2026-04-29,600036,14:14:16,38.6300,193,1
2026-04-29,600036,14:14:19,38.6300,229,1
2026-04-29,600036,14:14:22,38.6300,254,2
2026-04-29,600036,14:14:25,38.6300,280,2
2026-04-29,600036,14:14:28,38.6300,267,1
2026-04-29,600036,14:14:31,38.6300,334,1
2026-04-29,600036,14:14:34,38.6300,56,2
2026-04-29,600036,14:14:37,38.6400,66,1
2026-04-29,600036,14:14:40,38.6400,227,1
2026-04-29,600036,14:14:43,38.6400,33,1
2026-04-29,600036,14:14:46,38.6400,34,1
2026-04-29,600036,14:14:49,38.6400,123,1
2026-04-29,600036,14:14:52,38.6300,143,2
2026-04-29,600036,14:14:55,38.6400,81,1
2026-04-29,600036,14:14:58,38.6400,46,1
2026-04-29,600036,14:15:01,38.6400,145,1
2026-04-29,600036,14:15:04,38.6400,57,1
2026-04-29,600036,14:15:07,38.6300,168,2
2026-04-29,600036,14:15:10,38.6300,56,2
2026-04-29,600036,14:15:13,38.6300,187,2
2026-04-29,600036,14:15:16,38.6300,66,2
2026-04-29,600036,14:15:19,38.6400,156,1
2026-04-29,600036,14:15:22,38.6300,84,2
2026-04-29,600036,14:15:25,38.6300,149,2
2026-04-29,600036,14:15:28,38.6300,81,2
2026-04-29,600036,14:15:31,38.6300,136,2
2026-04-29,600036,14:15:34,38.6400,143,1
2026-04-29,600036,14:15:37,38.6300,147,2
2026-04-29,600036,14:15:40,38.6300,1109,2
2026-04-29,600036,14:15:43,38.6300,698,2
2026-04-29,600036,14:15:46,38.6400,169,1
2026-04-29,600036,14:15:49,38.6300,1059,2
2026-04-29,600036,14:15:52,38.6200,115,2
2026-04-29,600036,14:15:55,38.6300,171,1
2026-04-29,600036,14:15:58,38.6200,318,2
2026-04-29,600036,14:16:01,38.6200,702,2
2026-04-29,600036,14:16:04,38.6200,688,2
2026-04-29,600036,14:16:07,38.6200,417,1
2026-04-29,600036,14:16:10,38.6100,208,2
2026-04-29,600036,14:16:13,38.6200,122,1
2026-04-29,600036,14:16:16,38.6100,217,2
2026-04-29,600036,14:16:19,38.6200,63,1
2026-04-29,600036,14:16:22,38.6200,72,1
2026-04-29,600036,14:16:25,38.6200,47,1
2026-04-29,600036,14:16:28,38.6200,81,1
2026-04-29,600036,14:16:31,38.6100,64,2
2026-04-29,600036,14:16:34,38.6200,50,1
2026-04-29,600036,14:16:37,38.6100,228,2
2026-04-29,600036,14:16:40,38.6200,201,1
2026-04-29,600036,14:16:43,38.6200,90,1
2026-04-29,600036,14:16:46,38.6200,62,1
2026-04-29,600036,14:16:49,38.6100,164,2
2026-04-29,600036,14:16:52,38.6200,170,1
2026-04-29,600036,14:16:55,38.6300,1697,1
2026-04-29,600036,14:16:58,38.6300,101,2
2026-04-29,600036,14:17:01,38.6200,16,2
2026-04-29,600036,14:17:04,38.6200,25,2
2026-04-29,600036,14:17:07,38.6300,216,1
2026-04-29,600036,14:17:10,38.6300,226,1
2026-04-29,600036,14:17:13,38.6200,126,2
2026-04-29,600036,14:17:16,38.6300,322,1
2026-04-29,600036,14:17:19,38.6400,113,1
2026-04-29,600036,14:17:22,38.6300,53,2
2026-04-29,600036,14:17:25,38.6300,159,2
2026-04-29,600036,14:17:28,38.6300,80,2
2026-04-29,600036,14:17:31,38.6400,114,1
2026-04-29,600036,14:17:34,38.6400,48,1
2026-04-29,600036,14:17:37,38.6400,1545,1
2026-04-29,600036,14:17:40,38.6500,189,1
2026-04-29,600036,14:17:43,38.6400,372,2
2026-04-29,600036,14:17:46,38.6400,377,1
2026-04-29,600036,14:17:49,38.6400,590,1
2026-04-29,600036,14:17:52,38.6500,21,1
2026-04-29,600036,14:17:55,38.6500,58,1
2026-04-29,600036,14:17:58,38.6500,569,1
2026-04-29,600036,14:18:01,38.6500,72,1
2026-04-29,600036,14:18:04,38.6500,136,1
2026-04-29,600036,14:18:07,38.6500,33,1
2026-04-29,600036,14:18:10,38.6500,104,1
2026-04-29,600036,14:18:13,38.6500,136,1
2026-04-29,600036,14:18:16,38.6500,521,1
2026-04-29,600036,14:18:19,38.6500,82,1
2026-04-29,600036,14:18:22,38.6500,23,1
2026-04-29,600036,14:18:25,38.6500,24,1
2026-04-29,600036,14:18:28,38.6500,94,1
2026-04-29,600036,14:18:31,38.6500,163,1
2026-04-29,600036,14:18:34,38.6500,77,1
2026-04-29,600036,14:18:37,38.6500,72,1
2026-04-29,600036,14:18:40,38.6500,95,1
2026-04-29,600036,14:18:43,38.6500,307,1
2026-04-29,600036,14:18:46,38.6500,116,1
2026-04-29,600036,14:18:49,38.6500,310,1
2026-04-29,600036,14:18:52,38.6500,77,2
2026-04-29,600036,14:18:55,38.6600,34,1
2026-04-29,600036,14:18:58,38.6600,40,1
2026-04-29,600036,14:19:01,38.6500,98,2
2026-04-29,600036,14:19:04,38.6500,42,2
2026-04-29,600036,14:19:07,38.6600,134,1
2026-04-29,600036,14:19:10,38.6600,85,1
2026-04-29,600036,14:19:13,38.6600,206,1
2026-04-29,600036,14:19:16,38.6500,245,2
2026-04-29,600036,14:19:19,38.6500,382,2
2026-04-29,600036,14:19:22,38.6600,87,1
2026-04-29,600036,14:19:25,38.6600,132,1
2026-04-29,600036,14:19:28,38.6500,382,2
2026-04-29,600036,14:19:31,38.6600,253,1
2026-04-29,600036,14:19:34,38.6500,106,2
2026-04-29,600036,14:19:37,38.6600,2694,1
2026-04-29,600036,14:19:40,38.6600,125,1
2026-04-29,600036,14:19:43,38.6600,416,1
2026-04-29,600036,14:19:46,38.6600,119,1
2026-04-29,600036,14:19:49,38.6600,238,1
2026-04-29,600036,14:19:52,38.6600,134,1
2026-04-29,600036,14:19:55,38.6600,1014,1
2026-04-29,600036,14:19:58,38.6600,612,1
2026-04-29,600036,14:20:01,38.6600,271,1
2026-04-29,600036,14:20:04,38.6600,404,1
2026-04-29,600036,14:20:07,38.6500,670,2
2026-04-29,600036,14:20:10,38.6500,262,1
2026-04-29,600036,14:20:13,38.6400,472,2
2026-04-29,600036,14:20:16,38.6400,157,2
2026-04-29,600036,14:20:19,38.6400,313,2
2026-04-29,600036,14:20:22,38.6400,266,2
2026-04-29,600036,14:20:25,38.6400,606,2
2026-04-29,600036,14:20:28,38.6500,151,1
2026-04-29,600036,14:20:31,38.6400,211,2
2026-04-29,600036,14:20:34,38.6500,97,1
2026-04-29,600036,14:20:37,38.6400,265,2
2026-04-29,600036,14:20:40,38.6500,66,1
2026-04-29,600036,14:20:43,38.6400,409,2
2026-04-29,600036,14:20:46,38.6600,1272,1
2026-04-29,600036,14:20:49,38.6500,60,2
2026-04-29,600036,14:20:52,38.6600,88,1
2026-04-29,600036,14:20:55,38.6600,110,1
2026-04-29,600036,14:20:58,38.6700,60,1
2026-04-29,600036,14:21:01,38.6400,783,2
2026-04-29,600036,14:21:04,38.6500,376,4
2026-04-29,600036,14:21:07,38.6600,272,1
2026-04-29,600036,14:21:10,38.6600,80,2
2026-04-29,600036,14:21:13,38.6600,46,2
2026-04-29,600036,14:21:16,38.6600,131,2
2026-04-29,600036,14:21:19,38.6600,237,2
2026-04-29,600036,14:21:22,38.6600,107,2
2026-04-29,600036,14:21:25,38.6600,96,2
2026-04-29,600036,14:21:28,38.6600,217,2
2026-04-29,600036,14:21:31,38.6500,68,2
2026-04-29,600036,14:21:34,38.6600,85,1
2026-04-29,600036,14:21:37,38.6500,103,2
2026-04-29,600036,14:21:40,38.6500,55,2
2026-04-29,600036,14:21:43,38.6500,772,2
2026-04-29,600036,14:21:46,38.6500,670,2
2026-04-29,600036,14:21:49,38.6500,322,2
2026-04-29,600036,14:21:52,38.6500,32,2
2026-04-29,600036,14:21:55,38.6500,45,2
2026-04-29,600036,14:21:58,38.6500,878,2
2026-04-29,600036,14:22:01,38.6500,82,1
2026-04-29,600036,14:22:04,38.6500,389,1
2026-04-29,600036,14:22:07,38.6500,132,1
2026-04-29,600036,14:22:10,38.6500,71,2
2026-04-29,600036,14:22:13,38.6500,163,2
2026-04-29,600036,14:22:16,38.6500,100,1
2026-04-29,600036,14:22:19,38.6500,28,1
2026-04-29,600036,14:22:22,38.6500,71,1
2026-04-29,600036,14:22:25,38.6400,253,2
2026-04-29,600036,14:22:28,38.6400,143,2
2026-04-29,600036,14:22:31,38.6500,181,1
2026-04-29,600036,14:22:34,38.6400,124,2
2026-04-29,600036,14:22:37,38.6500,394,1
2026-04-29,600036,14:22:40,38.6500,148,1
2026-04-29,600036,14:22:43,38.6500,47,1
2026-04-29,600036,14:22:46,38.6400,83,2
2026-04-29,600036,14:22:49,38.6500,62,1
2026-04-29,600036,14:22:52,38.6500,52,1
2026-04-29,600036,14:22:55,38.6500,107,1
2026-04-29,600036,14:22:58,38.6500,380,1
2026-04-29,600036,14:23:01,38.6500,50,1
2026-04-29,600036,14:23:04,38.6500,418,1
2026-04-29,600036,14:23:07,38.6500,123,1
2026-04-29,600036,14:23:10,38.6500,208,1
2026-04-29,600036,14:23:13,38.6500,126,1
2026-04-29,600036,14:23:16,38.6600,26,1
2026-04-29,600036,14:23:19,38.6500,46,2
2026-04-29,600036,14:23:22,38.6600,250,1
2026-04-29,600036,14:23:25,38.6600,13,1
2026-04-29,600036,14:23:28,38.6600,60,1
2026-04-29,600036,14:23:31,38.6600,27,1
2026-04-29,600036,14:23:34,38.6600,74,1
2026-04-29,600036,14:23:37,38.6600,362,1
2026-04-29,600036,14:23:40,38.6600,168,1
2026-04-29,600036,14:23:43,38.6600,436,1
2026-04-29,600036,14:23:46,38.6600,121,2
2026-04-29,600036,14:23:49,38.6600,69,2
2026-04-29,600036,14:23:52,38.6700,78,1
2026-04-29,600036,14:23:55,38.6700,81,1
2026-04-29,600036,14:23:58,38.6700,750,1
2026-04-29,600036,14:24:01,38.6700,260,1
2026-04-29,600036,14:24:04,38.6700,437,1
2026-04-29,600036,14:24:07,38.6800,69,1
2026-04-29,600036,14:24:10,38.6800,206,1
2026-04-29,600036,14:24:13,38.6800,1140,1
2026-04-29,600036,14:24:16,38.6700,35,2
2026-04-29,600036,14:24:19,38.6700,109,2
2026-04-29,600036,14:24:22,38.6800,275,1
2026-04-29,600036,14:24:25,38.6800,265,1
2026-04-29,600036,14:24:28,38.6800,1167,1
2026-04-29,600036,14:24:31,38.6800,1104,2
2026-04-29,600036,14:24:34,38.6900,146,1
2026-04-29,600036,14:24:37,38.6900,258,1
2026-04-29,600036,14:24:40,38.6900,218,1
2026-04-29,600036,14:24:43,38.6900,361,1
2026-04-29,600036,14:24:46,38.6900,134,1
2026-04-29,600036,14:24:49,38.6900,259,1
2026-04-29,600036,14:24:52,38.6900,241,2
2026-04-29,600036,14:24:55,38.6900,238,1
2026-04-29,600036,14:24:58,38.6900,327,1
2026-04-29,600036,14:25:01,38.6900,454,2
2026-04-29,600036,14:25:04,38.6900,250,2
2026-04-29,600036,14:25:07,38.6900,161,2
2026-04-29,600036,14:25:10,38.6900,107,2
2026-04-29,600036,14:25:13,38.7000,364,1
2026-04-29,600036,14:25:16,38.7000,441,1
2026-04-29,600036,14:25:19,38.7000,234,1
2026-04-29,600036,14:25:22,38.7000,96,1
2026-04-29,600036,14:25:25,38.7000,1096,1
2026-04-29,600036,14:25:28,38.7000,84,1
2026-04-29,600036,14:25:31,38.7000,141,1
2026-04-29,600036,14:25:34,38.7000,814,1
2026-04-29,600036,14:25:37,38.7100,763,1
2026-04-29,600036,14:25:40,38.7200,546,1
2026-04-29,600036,14:25:43,38.7200,282,1
2026-04-29,600036,14:25:46,38.7200,289,1
2026-04-29,600036,14:25:49,38.7100,1959,2
2026-04-29,600036,14:25:52,38.7000,413,2
2026-04-29,600036,14:25:55,38.7100,192,1
2026-04-29,600036,14:25:58,38.7000,252,2
2026-04-29,600036,14:26:01,38.7100,173,1
2026-04-29,600036,14:26:04,38.7000,172,2
2026-04-29,600036,14:26:07,38.7100,183,1
2026-04-29,600036,14:26:10,38.7000,83,2
2026-04-29,600036,14:26:13,38.7100,205,1
2026-04-29,600036,14:26:16,38.7100,232,1
2026-04-29,600036,14:26:19,38.7100,190,1
2026-04-29,600036,14:26:22,38.7000,139,2
2026-04-29,600036,14:26:25,38.7000,96,2
2026-04-29,600036,14:26:28,38.7100,239,1
2026-04-29,600036,14:26:31,38.7100,150,1
2026-04-29,600036,14:26:34,38.7100,326,1
2026-04-29,600036,14:26:37,38.7100,72,1
2026-04-29,600036,14:26:40,38.7100,162,1
2026-04-29,600036,14:26:43,38.7100,242,1
2026-04-29,600036,14:26:46,38.7000,213,2
2026-04-29,600036,14:26:49,38.7100,193,1
2026-04-29,600036,14:26:52,38.7100,91,2
2026-04-29,600036,14:26:55,38.7100,137,2
2026-04-29,600036,14:26:58,38.7200,216,1
2026-04-29,600036,14:27:01,38.7100,265,2
2026-04-29,600036,14:27:04,38.7200,515,1
2026-04-29,600036,14:27:07,38.7100,107,2
2026-04-29,600036,14:27:10,38.7100,225,2
2026-04-29,600036,14:27:13,38.7100,60,2
2026-04-29,600036,14:27:16,38.7100,952,2
2026-04-29,600036,14:27:19,38.7100,405,2
2026-04-29,600036,14:27:22,38.7100,195,1
2026-04-29,600036,14:27:25,38.7100,146,1
2026-04-29,600036,14:27:28,38.7100,171,1
2026-04-29,600036,14:27:31,38.7100,54,1
2026-04-29,600036,14:27:34,38.7000,36,2
2026-04-29,600036,14:27:37,38.7100,198,1
2026-04-29,600036,14:27:40,38.7100,229,1
2026-04-29,600036,14:27:43,38.7100,284,1
2026-04-29,600036,14:27:46,38.7100,214,1
2026-04-29,600036,14:27:49,38.7100,118,1
2026-04-29,600036,14:27:52,38.7100,190,1
2026-04-29,600036,14:27:55,38.7100,103,1
2026-04-29,600036,14:27:58,38.7100,194,2
2026-04-29,600036,14:28:01,38.7100,318,2
2026-04-29,600036,14:28:04,38.7100,353,2
2026-04-29,600036,14:28:07,38.7100,344,2
2026-04-29,600036,14:28:10,38.7100,151,2
2026-04-29,600036,14:28:13,38.7100,158,2
2026-04-29,600036,14:28:16,38.7100,249,2
2026-04-29,600036,14:28:19,38.7200,16,1
2026-04-29,600036,14:28:22,38.7200,61,1
2026-04-29,600036,14:28:25,38.7200,84,1
2026-04-29,600036,14:28:28,38.7200,142,1
2026-04-29,600036,14:28:31,38.7200,154,1
2026-04-29,600036,14:28:34,38.7100,153,2
2026-04-29,600036,14:28:37,38.7200,211,1
2026-04-29,600036,14:28:40,38.7200,137,1
2026-04-29,600036,14:28:43,38.7200,307,1
2026-04-29,600036,14:28:46,38.7200,310,1
2026-04-29,600036,14:28:49,38.7200,279,1
2026-04-29,600036,14:28:52,38.7200,291,1
2026-04-29,600036,14:28:55,38.7200,71,1
2026-04-29,600036,14:28:58,38.7200,303,1
2026-04-29,600036,14:29:01,38.7200,282,1
2026-04-29,600036,14:29:04,38.7200,125,1
2026-04-29,600036,14:29:07,38.7200,79,1
2026-04-29,600036,14:29:10,38.7200,414,1
2026-04-29,600036,14:29:13,38.7200,230,1
2026-04-29,600036,14:29:16,38.7200,266,1
2026-04-29,600036,14:29:19,38.7100,240,2
2026-04-29,600036,14:29:22,38.7100,216,2
2026-04-29,600036,14:29:25,38.7200,204,1
2026-04-29,600036,14:29:28,38.7200,82,1
2026-04-29,600036,14:29:31,38.7200,285,1
2026-04-29,600036,14:29:34,38.7200,150,1
2026-04-29,600036,14:29:37,38.7200,410,1
2026-04-29,600036,14:29:40,38.7200,254,1
2026-04-29,600036,14:29:43,38.7200,422,1
2026-04-29,600036,14:29:46,38.7300,338,1
2026-04-29,600036,14:29:49,38.7200,238,1
2026-04-29,600036,14:29:52,38.7100,575,2
2026-04-29,600036,14:29:55,38.7200,146,1
2026-04-29,600036,14:29:58,38.7100,59,2
2026-04-29,600036,14:30:01,38.7100,381,2
2026-04-29,600036,14:30:04,38.7100,3353,2
2026-04-29,600036,14:30:07,38.7000,398,2
2026-04-29,600036,14:30:10,38.7100,112,1
2026-04-29,600036,14:30:13,38.7000,114,2
2026-04-29,600036,14:30:16,38.7000,84,2
2026-04-29,600036,14:30:19,38.7000,728,2
2026-04-29,600036,14:30:22,38.7100,103,1
2026-04-29,600036,14:30:25,38.7000,123,2
2026-04-29,600036,14:30:28,38.7100,562,1
2026-04-29,600036,14:30:31,38.7100,37,1
2026-04-29,600036,14:30:34,38.7100,138,1
2026-04-29,600036,14:30:37,38.7100,203,1
2026-04-29,600036,14:30:40,38.7100,302,1
2026-04-29,600036,14:30:43,38.7100,111,1
2026-04-29,600036,14:30:46,38.7100,131,1
2026-04-29,600036,14:30:49,38.7100,185,1
2026-04-29,600036,14:30:52,38.7100,604,1
2026-04-29,600036,14:30:55,38.7100,107,1
2026-04-29,600036,14:30:58,38.7100,309,1
2026-04-29,600036,14:31:01,38.7000,233,2
2026-04-29,600036,14:31:04,38.7100,214,1
2026-04-29,600036,14:31:07,38.7100,597,1
2026-04-29,600036,14:31:10,38.7100,1587,1
2026-04-29,600036,14:31:13,38.7200,589,1
2026-04-29,600036,14:31:16,38.7300,1259,1
2026-04-29,600036,14:31:19,38.7300,191,1
2026-04-29,600036,14:31:22,38.7200,106,2
2026-04-29,600036,14:31:25,38.7300,371,1
2026-04-29,600036,14:31:28,38.7300,186,2
2026-04-29,600036,14:31:31,38.7300,67,2
2026-04-29,600036,14:31:34,38.7300,99,2
2026-04-29,600036,14:31:37,38.7300,622,2
2026-04-29,600036,14:31:40,38.7200,1222,2
2026-04-29,600036,14:31:43,38.7200,389,2
2026-04-29,600036,14:31:46,38.7200,167,2
2026-04-29,600036,14:31:49,38.7200,279,2
2026-04-29,600036,14:31:52,38.7300,177,1
2026-04-29,600036,14:31:55,38.7300,116,1
2026-04-29,600036,14:31:58,38.7200,299,2
2026-04-29,600036,14:32:01,38.7200,116,2
2026-04-29,600036,14:32:04,38.7100,1641,2
2026-04-29,600036,14:32:07,38.7100,500,1
2026-04-29,600036,14:32:10,38.7000,454,2
2026-04-29,600036,14:32:13,38.7000,770,2
2026-04-29,600036,14:32:16,38.7000,208,1
2026-04-29,600036,14:32:19,38.7000,314,1
2026-04-29,600036,14:32:22,38.6900,286,2
2026-04-29,600036,14:32:25,38.6900,107,2
2026-04-29,600036,14:32:28,38.6900,328,2
2026-04-29,600036,14:32:31,38.7000,128,1
2026-04-29,600036,14:32:34,38.7000,362,1
2026-04-29,600036,14:32:37,38.7000,115,1
2026-04-29,600036,14:32:40,38.6900,238,2
2026-04-29,600036,14:32:43,38.6900,108,2
2026-04-29,600036,14:32:46,38.6900,86,2
2026-04-29,600036,14:32:49,38.7000,221,1
2026-04-29,600036,14:32:52,38.7000,105,1
2026-04-29,600036,14:32:55,38.7000,257,1
2026-04-29,600036,14:32:58,38.7000,460,1
2026-04-29,600036,14:33:01,38.6900,343,2
2026-04-29,600036,14:33:04,38.7000,149,1
2026-04-29,600036,14:33:07,38.7000,320,1
2026-04-29,600036,14:33:10,38.6900,142,2
2026-04-29,600036,14:33:13,38.7000,401,1
2026-04-29,600036,14:33:16,38.6900,174,2
2026-04-29,600036,14:33:19,38.6900,476,2
2026-04-29,600036,14:33:22,38.6900,211,2
2026-04-29,600036,14:33:25,38.7000,138,1
2026-04-29,600036,14:33:28,38.7000,322,1
2026-04-29,600036,14:33:31,38.7000,554,1
2026-04-29,600036,14:33:34,38.7000,266,1
2026-04-29,600036,14:33:37,38.7000,886,2
2026-04-29,600036,14:33:40,38.7000,287,2
2026-04-29,600036,14:33:43,38.6800,2005,2
2026-04-29,600036,14:33:46,38.6800,352,2
2026-04-29,600036,14:33:49,38.6800,341,2
2026-04-29,600036,14:33:52,38.6800,454,2
2026-04-29,600036,14:33:55,38.6800,329,2
2026-04-29,600036,14:33:58,38.6800,620,2
2026-04-29,600036,14:34:01,38.6800,693,2
2026-04-29,600036,14:34:04,38.6700,476,2
2026-04-29,600036,14:34:07,38.6700,139,2
2026-04-29,600036,14:34:10,38.6800,165,1
2026-04-29,600036,14:34:13,38.6600,464,2
2026-04-29,600036,14:34:16,38.6700,286,1
2026-04-29,600036,14:34:19,38.6600,161,2
2026-04-29,600036,14:34:22,38.6700,575,1
2026-04-29,600036,14:34:25,38.6600,284,2
2026-04-29,600036,14:34:28,38.6600,291,2
2026-04-29,600036,14:34:31,38.6700,1081,1
2026-04-29,600036,14:34:34,38.6700,315,1
2026-04-29,600036,14:34:37,38.6600,305,2
2026-04-29,600036,14:34:40,38.6600,153,2
2026-04-29,600036,14:34:43,38.6600,110,2
2026-04-29,600036,14:34:46,38.6500,89,2
2026-04-29,600036,14:34:49,38.6600,108,1
2026-04-29,600036,14:34:52,38.6500,193,2
2026-04-29,600036,14:34:55,38.6500,90,2
2026-04-29,600036,14:34:58,38.6600,221,1
2026-04-29,600036,14:35:01,38.6500,149,2
2026-04-29,600036,14:35:04,38.6500,435,2
2026-04-29,600036,14:35:07,38.6500,119,2
2026-04-29,600036,14:35:10,38.6600,426,1
2026-04-29,600036,14:35:13,38.6600,485,1
2026-04-29,600036,14:35:16,38.6500,501,2
2026-04-29,600036,14:35:19,38.6500,443,2
2026-04-29,600036,14:35:22,38.6500,194,2
2026-04-29,600036,14:35:25,38.6600,160,1
2026-04-29,600036,14:35:28,38.6500,193,2
2026-04-29,600036,14:35:31,38.6500,168,1
2026-04-29,600036,14:35:34,38.6500,156,1
2026-04-29,600036,14:35:37,38.6500,79,1
2026-04-29,600036,14:35:40,38.6500,77,1
2026-04-29,600036,14:35:43,38.6500,288,1
2026-04-29,600036,14:35:46,38.6400,180,2
2026-04-29,600036,14:35:49,38.6400,491,2
2026-04-29,600036,14:35:52,38.6500,144,1
2026-04-29,600036,14:35:55,38.6400,102,2
2026-04-29,600036,14:35:58,38.6500,203,1
2026-04-29,600036,14:36:01,38.6400,152,2
2026-04-29,600036,14:36:04,38.6400,193,2
2026-04-29,600036,14:36:07,38.6500,99,1
2026-04-29,600036,14:36:10,38.6400,244,2
2026-04-29,600036,14:36:13,38.6300,444,2
2026-04-29,600036,14:36:16,38.6300,297,2
2026-04-29,600036,14:36:19,38.6300,446,2
2026-04-29,600036,14:36:22,38.6300,361,2
2026-04-29,600036,14:36:25,38.6300,223,1
2026-04-29,600036,14:36:28,38.6300,189,1
2026-04-29,600036,14:36:31,38.6200,297,2
2026-04-29,600036,14:36:34,38.6300,111,1
2026-04-29,600036,14:36:37,38.6200,512,2
2026-04-29,600036,14:36:40,38.6200,511,1
2026-04-29,600036,14:36:43,38.6200,124,1
2026-04-29,600036,14:36:46,38.6200,193,1
2026-04-29,600036,14:36:49,38.6200,857,1
2026-04-29,600036,14:36:52,38.6100,364,2
2026-04-29,600036,14:36:55,38.6100,305,2
2026-04-29,600036,14:36:58,38.6100,498,2
2026-04-29,600036,14:37:01,38.6200,170,1
2026-04-29,600036,14:37:04,38.6100,228,2
2026-04-29,600036,14:37:07,38.6100,73,2
2026-04-29,600036,14:37:10,38.6200,572,1
2026-04-29,600036,14:37:13,38.6200,507,1
2026-04-29,600036,14:37:16,38.6100,137,2
2026-04-29,600036,14:37:19,38.6000,354,2
2026-04-29,600036,14:37:22,38.6100,190,1
2026-04-29,600036,14:37:25,38.6000,1471,2
2026-04-29,600036,14:37:28,38.6100,305,1
2026-04-29,600036,14:37:31,38.6100,214,1
2026-04-29,600036,14:37:34,38.6000,128,2
2026-04-29,600036,14:37:37,38.6100,136,1
2026-04-29,600036,14:37:40,38.6000,118,2
2026-04-29,600036,14:37:43,38.6100,192,1
2026-04-29,600036,14:37:46,38.6000,170,2
2026-04-29,600036,14:37:49,38.6000,129,2
2026-04-29,600036,14:37:52,38.6100,122,1
2026-04-29,600036,14:37:55,38.6000,228,2
2026-04-29,600036,14:37:58,38.6100,229,1
2026-04-29,600036,14:38:01,38.6100,345,1
2026-04-29,600036,14:38:04,38.6100,204,1
2026-04-29,600036,14:38:07,38.6100,595,1
2026-04-29,600036,14:38:10,38.6100,96,1
2026-04-29,600036,14:38:13,38.6000,409,2
2026-04-29,600036,14:38:16,38.6100,137,1
2026-04-29,600036,14:38:19,38.6000,577,2
2026-04-29,600036,14:38:22,38.6000,107,2
2026-04-29,600036,14:38:25,38.6100,367,1
2026-04-29,600036,14:38:28,38.6100,2579,1
2026-04-29,600036,14:38:31,38.6100,972,1
2026-04-29,600036,14:38:34,38.6100,403,1
2026-04-29,600036,14:38:37,38.6100,239,1
2026-04-29,600036,14:38:40,38.6100,77,1
2026-04-29,600036,14:38:43,38.6100,202,1
2026-04-29,600036,14:38:46,38.6000,121,2
2026-04-29,600036,14:38:49,38.6000,188,2
2026-04-29,600036,14:38:52,38.6100,80,1
2026-04-29,600036,14:38:55,38.6100,122,1
2026-04-29,600036,14:38:58,38.6100,208,1
2026-04-29,600036,14:39:01,38.6100,225,1
2026-04-29,600036,14:39:04,38.6000,269,2
2026-04-29,600036,14:39:07,38.6000,234,2
2026-04-29,600036,14:39:10,38.6000,154,2
2026-04-29,600036,14:39:13,38.6100,92,1
2026-04-29,600036,14:39:16,38.6100,152,1
2026-04-29,600036,14:39:19,38.6100,299,1
2026-04-29,600036,14:39:22,38.6000,312,2
2026-04-29,600036,14:39:25,38.6000,251,2
2026-04-29,600036,14:39:28,38.6000,663,2
2026-04-29,600036,14:39:31,38.6000,409,2
2026-04-29,600036,14:39:34,38.6000,287,2
2026-04-29,600036,14:39:37,38.6000,487,2
2026-04-29,600036,14:39:40,38.6100,2095,1
2026-04-29,600036,14:39:43,38.5900,1010,2
2026-04-29,600036,14:39:46,38.5800,907,2
2026-04-29,600036,14:39:49,38.5900,199,1
2026-04-29,600036,14:39:52,38.5700,1222,2
2026-04-29,600036,14:39:55,38.5700,249,2
2026-04-29,600036,14:39:58,38.5700,312,2
2026-04-29,600036,14:40:01,38.5700,332,2
2026-04-29,600036,14:40:04,38.5700,199,1
2026-04-29,600036,14:40:07,38.5600,203,2
2026-04-29,600036,14:40:10,38.5600,163,2
2026-04-29,600036,14:40:13,38.5600,226,2
2026-04-29,600036,14:40:16,38.5600,219,2
2026-04-29,600036,14:40:19,38.5600,43,2
2026-04-29,600036,14:40:22,38.5600,822,2
2026-04-29,600036,14:40:25,38.5600,63,2
2026-04-29,600036,14:40:28,38.5600,360,2
2026-04-29,600036,14:40:31,38.5600,227,2
2026-04-29,600036,14:40:34,38.5700,272,1
2026-04-29,600036,14:40:37,38.5700,48,1
2026-04-29,600036,14:40:40,38.5600,95,2
2026-04-29,600036,14:40:43,38.5600,459,2
2026-04-29,600036,14:40:46,38.5600,69,2
2026-04-29,600036,14:40:49,38.5700,87,1
2026-04-29,600036,14:40:52,38.5600,158,2
2026-04-29,600036,14:40:55,38.5700,531,1
2026-04-29,600036,14:40:58,38.5600,330,2
2026-04-29,600036,14:41:01,38.5700,229,1
2026-04-29,600036,14:41:04,38.5700,98,1
2026-04-29,600036,14:41:07,38.5700,343,1
2026-04-29,600036,14:41:10,38.5600,375,2
2026-04-29,600036,14:41:13,38.5700,155,1
2026-04-29,600036,14:41:16,38.5700,124,2
2026-04-29,600036,14:41:19,38.5800,36,1
2026-04-29,600036,14:41:22,38.5700,42,2
2026-04-29,600036,14:41:25,38.5800,160,1
2026-04-29,600036,14:41:28,38.5700,142,2
2026-04-29,600036,14:41:31,38.5800,425,1
2026-04-29,600036,14:41:34,38.5800,135,1
2026-04-29,600036,14:41:37,38.5700,153,2
2026-04-29,600036,14:41:40,38.5800,368,1
2026-04-29,600036,14:41:43,38.5800,513,2
2026-04-29,600036,14:41:46,38.5800,76,1
2026-04-29,600036,14:41:49,38.5800,761,1
2026-04-29,600036,14:41:52,38.5800,220,1
2026-04-29,600036,14:41:55,38.5800,739,2
2026-04-29,600036,14:41:58,38.5800,338,1
2026-04-29,600036,14:42:01,38.5800,177,1
2026-04-29,600036,14:42:04,38.5800,453,1
2026-04-29,600036,14:42:07,38.5900,99,1
2026-04-29,600036,14:42:10,38.5800,308,2
2026-04-29,600036,14:42:13,38.5800,634,2
2026-04-29,600036,14:42:16,38.5900,62,1
2026-04-29,600036,14:42:19,38.5900,61,1
2026-04-29,600036,14:42:22,38.5800,104,2
2026-04-29,600036,14:42:25,38.5900,28,1
2026-04-29,600036,14:42:28,38.5800,49,2
2026-04-29,600036,14:42:31,38.5900,187,1
2026-04-29,600036,14:42:34,38.5800,41,2
2026-04-29,600036,14:42:37,38.5900,154,1
2026-04-29,600036,14:42:40,38.5900,128,1
2026-04-29,600036,14:42:43,38.5700,2409,2
2026-04-29,600036,14:42:46,38.5700,534,1
2026-04-29,600036,14:42:49,38.5600,329,2
2026-04-29,600036,14:42:52,38.5700,133,1
2026-04-29,600036,14:42:55,38.5700,128,1
2026-04-29,600036,14:42:58,38.5700,200,2
2026-04-29,600036,14:43:01,38.5800,102,1
2026-04-29,600036,14:43:04,38.5800,59,1
2026-04-29,600036,14:43:07,38.5800,500,1
2026-04-29,600036,14:43:10,38.5800,304,1
2026-04-29,600036,14:43:13,38.5800,288,1
2026-04-29,600036,14:43:16,38.5800,118,1
2026-04-29,600036,14:43:19,38.5700,773,2
2026-04-29,600036,14:43:22,38.5600,254,2
2026-04-29,600036,14:43:25,38.5600,213,2
2026-04-29,600036,14:43:28,38.5700,226,1
2026-04-29,600036,14:43:31,38.5700,294,1
2026-04-29,600036,14:43:34,38.5700,485,1
2026-04-29,600036,14:43:37,38.5700,422,1
2026-04-29,600036,14:43:40,38.5700,2411,1
2026-04-29,600036,14:43:43,38.5600,84,2
2026-04-29,600036,14:43:46,38.5700,115,1
2026-04-29,600036,14:43:49,38.5700,125,1
2026-04-29,600036,14:43:52,38.5700,33,1
2026-04-29,600036,14:43:55,38.5700,52,1
2026-04-29,600036,14:43:58,38.5600,89,2
2026-04-29,600036,14:44:01,38.5700,178,1
2026-04-29,600036,14:44:04,38.5700,137,1
2026-04-29,600036,14:44:07,38.5700,437,1
2026-04-29,600036,14:44:10,38.5700,262,1
2026-04-29,600036,14:44:13,38.5700,250,1
2026-04-29,600036,14:44:16,38.5700,159,1
2026-04-29,600036,14:44:19,38.5700,60,1
2026-04-29,600036,14:44:22,38.5700,522,1
2026-04-29,600036,14:44:25,38.5700,1231,1
2026-04-29,600036,14:44:28,38.5700,476,1
2026-04-29,600036,14:44:31,38.5700,538,1
2026-04-29,600036,14:44:34,38.5600,1236,1
2026-04-29,600036,14:44:37,38.5600,477,1
2026-04-29,600036,14:44:40,38.5600,1260,1
2026-04-29,600036,14:44:43,38.5600,379,1
2026-04-29,600036,14:44:46,38.5600,2532,2
2026-04-29,600036,14:44:49,38.5700,334,1
2026-04-29,600036,14:44:52,38.5600,300,2
2026-04-29,600036,14:44:55,38.5700,80,1
2026-04-29,600036,14:44:58,38.5700,83,1
2026-04-29,600036,14:45:01,38.5600,302,2
2026-04-29,600036,14:45:04,38.5600,175,2
2026-04-29,600036,14:45:07,38.5600,210,2
2026-04-29,600036,14:45:10,38.5600,41,2
2026-04-29,600036,14:45:13,38.5700,337,1
2026-04-29,600036,14:45:16,38.5600,710,2
2026-04-29,600036,14:45:19,38.5600,544,2
2026-04-29,600036,14:45:22,38.5700,134,1
2026-04-29,600036,14:45:25,38.5700,186,1
2026-04-29,600036,14:45:28,38.5700,52,1
2026-04-29,600036,14:45:31,38.5600,109,2
2026-04-29,600036,14:45:34,38.5600,136,2
2026-04-29,600036,14:45:37,38.5600,43,2
2026-04-29,600036,14:45:40,38.5700,195,1
2026-04-29,600036,14:45:43,38.5600,202,2
2026-04-29,600036,14:45:46,38.5600,65,2
2026-04-29,600036,14:45:49,38.5700,294,1
2026-04-29,600036,14:45:52,38.5700,46,1
2026-04-29,600036,14:45:55,38.5700,88,1
2026-04-29,600036,14:45:58,38.5600,76,2
2026-04-29,600036,14:46:01,38.5700,92,1
2026-04-29,600036,14:46:04,38.5700,59,1
2026-04-29,600036,14:46:07,38.5700,1085,1
2026-04-29,600036,14:46:10,38.5700,164,1
2026-04-29,600036,14:46:13,38.5700,141,1
2026-04-29,600036,14:46:16,38.5700,625,1
2026-04-29,600036,14:46:19,38.5700,173,1
2026-04-29,600036,14:46:22,38.5700,174,1
2026-04-29,600036,14:46:25,38.5700,168,1
2026-04-29,600036,14:46:28,38.5600,283,2
2026-04-29,600036,14:46:31,38.5700,115,1
2026-04-29,600036,14:46:34,38.5700,101,1
2026-04-29,600036,14:46:37,38.5700,315,1
2026-04-29,600036,14:46:40,38.5700,79,1
2026-04-29,600036,14:46:43,38.5700,91,1
2026-04-29,600036,14:46:46,38.5700,55,1
2026-04-29,600036,14:46:49,38.5600,139,2
2026-04-29,600036,14:46:52,38.5700,140,1
2026-04-29,600036,14:46:55,38.5600,866,2
2026-04-29,600036,14:46:58,38.5600,894,2
2026-04-29,600036,14:47:01,38.5600,467,2
2026-04-29,600036,14:47:04,38.5600,290,1
2026-04-29,600036,14:47:07,38.5600,99,1
2026-04-29,600036,14:47:10,38.5600,248,1
2026-04-29,600036,14:47:13,38.5600,431,1
2026-04-29,600036,14:47:16,38.5600,143,1
2026-04-29,600036,14:47:19,38.5600,425,1
2026-04-29,600036,14:47:22,38.5600,209,1
2026-04-29,600036,14:47:25,38.5600,506,1
2026-04-29,600036,14:47:28,38.5600,294,2
2026-04-29,600036,14:47:31,38.5700,29,1
2026-04-29,600036,14:47:34,38.5700,96,1
2026-04-29,600036,14:47:37,38.5700,363,1
2026-04-29,600036,14:47:40,38.5700,73,1
2026-04-29,600036,14:47:43,38.5600,1021,2
2026-04-29,600036,14:47:46,38.5600,122,2
2026-04-29,600036,14:47:49,38.5700,84,1
2026-04-29,600036,14:47:52,38.5700,92,1
2026-04-29,600036,14:47:55,38.5700,62,1
2026-04-29,600036,14:47:58,38.5600,123,2
2026-04-29,600036,14:48:01,38.5600,1632,2
2026-04-29,600036,14:48:04,38.5600,607,1
2026-04-29,600036,14:48:07,38.5700,405,1
2026-04-29,600036,14:48:10,38.5600,66,2
2026-04-29,600036,14:48:13,38.5700,80,1
2026-04-29,600036,14:48:16,38.5700,44,1
2026-04-29,600036,14:48:19,38.5700,81,1
2026-04-29,600036,14:48:22,38.5600,41,2
2026-04-29,600036,14:48:25,38.5700,103,1
2026-04-29,600036,14:48:28,38.5700,64,1
2026-04-29,600036,14:48:31,38.5700,212,1
2026-04-29,600036,14:48:34,38.5700,53,1
2026-04-29,600036,14:48:37,38.5700,468,1
2026-04-29,600036,14:48:40,38.5600,145,2
2026-04-29,600036,14:48:43,38.5600,133,2
2026-04-29,600036,14:48:46,38.5700,96,1
2026-04-29,600036,14:48:49,38.5700,112,1
2026-04-29,600036,14:48:52,38.5700,418,1
2026-04-29,600036,14:48:55,38.5700,119,1
2026-04-29,600036,14:48:58,38.5700,126,1
2026-04-29,600036,14:49:01,38.5700,1779,1
2026-04-29,600036,14:49:04,38.5600,545,2
2026-04-29,600036,14:49:07,38.5600,191,2
2026-04-29,600036,14:49:10,38.5700,149,1
2026-04-29,600036,14:49:13,38.5600,106,2
2026-04-29,600036,14:49:16,38.5700,106,1
2026-04-29,600036,14:49:19,38.5700,240,1
2026-04-29,600036,14:49:22,38.5600,150,2
2026-04-29,600036,14:49:25,38.5600,106,2
2026-04-29,600036,14:49:28,38.5600,144,2
2026-04-29,600036,14:49:31,38.5700,128,1
2026-04-29,600036,14:49:34,38.5700,84,1
2026-04-29,600036,14:49:37,38.5600,644,2
2026-04-29,600036,14:49:40,38.5700,84,1
2026-04-29,600036,14:49:43,38.5700,75,1
2026-04-29,600036,14:49:46,38.5600,102,2
2026-04-29,600036,14:49:49,38.5700,133,1
2026-04-29,600036,14:49:52,38.5600,373,2
2026-04-29,600036,14:49:55,38.5700,194,1
2026-04-29,600036,14:49:58,38.5700,398,1
2026-04-29,600036,14:50:01,38.5700,129,1
2026-04-29,600036,14:50:04,38.5700,586,1
2026-04-29,600036,14:50:07,38.5700,396,1
2026-04-29,600036,14:50:10,38.5700,115,1
2026-04-29,600036,14:50:13,38.5700,502,1
2026-04-29,600036,14:50:16,38.5600,122,2
2026-04-29,600036,14:50:19,38.5600,262,2
2026-04-29,600036,14:50:22,38.5700,904,1
2026-04-29,600036,14:50:25,38.5600,240,2
2026-04-29,600036,14:50:28,38.5700,210,1
2026-04-29,600036,14:50:31,38.5600,1766,2
2026-04-29,600036,14:50:34,38.5600,501,2
2026-04-29,600036,14:50:37,38.5600,99,2
2026-04-29,600036,14:50:40,38.5700,211,1
2026-04-29,600036,14:50:43,38.5600,372,2
2026-04-29,600036,14:50:46,38.5600,420,2
2026-04-29,600036,14:50:49,38.5600,195,2
2026-04-29,600036,14:50:52,38.5600,185,2
2026-04-29,600036,14:50:55,38.5600,151,2
2026-04-29,600036,14:50:58,38.5600,411,1
2026-04-29,600036,14:51:01,38.5600,268,1
2026-04-29,600036,14:51:04,38.5500,262,2
2026-04-29,600036,14:51:07,38.5600,199,1
2026-04-29,600036,14:51:10,38.5600,862,1
2026-04-29,600036,14:51:13,38.5600,713,1
2026-04-29,600036,14:51:16,38.5600,339,1
2026-04-29,600036,14:51:19,38.5600,470,1
2026-04-29,600036,14:51:22,38.5600,252,2
2026-04-29,600036,14:51:25,38.5600,1663,1
2026-04-29,600036,14:51:28,38.5600,131,1
2026-04-29,600036,14:51:31,38.5600,711,1
2026-04-29,600036,14:51:34,38.5500,448,2
2026-04-29,600036,14:51:37,38.5600,135,1
2026-04-29,600036,14:51:40,38.5600,249,1
2026-04-29,600036,14:51:43,38.5600,104,1
2026-04-29,600036,14:51:46,38.5600,208,1
2026-04-29,600036,14:51:49,38.5500,460,2
2026-04-29,600036,14:51:52,38.5600,112,1
2026-04-29,600036,14:51:55,38.5600,297,1
2026-04-29,600036,14:51:58,38.5600,256,1
2026-04-29,600036,14:52:01,38.5600,640,1
2026-04-29,600036,14:52:04,38.5600,662,2
2026-04-29,600036,14:52:07,38.5700,381,1
2026-04-29,600036,14:52:10,38.5700,134,1
2026-04-29,600036,14:52:13,38.5600,176,2
2026-04-29,600036,14:52:16,38.5700,146,1
2026-04-29,600036,14:52:19,38.5600,595,2
2026-04-29,600036,14:52:22,38.5700,71,1
2026-04-29,600036,14:52:25,38.5600,65,2
2026-04-29,600036,14:52:28,38.5700,138,1
2026-04-29,600036,14:52:31,38.5700,884,1
2026-04-29,600036,14:52:34,38.5700,193,1
2026-04-29,600036,14:52:37,38.5700,121,1
2026-04-29,600036,14:52:40,38.5600,106,2
2026-04-29,600036,14:52:43,38.5700,151,1
2026-04-29,600036,14:52:46,38.5700,751,1
2026-04-29,600036,14:52:49,38.5600,80,2
2026-04-29,600036,14:52:52,38.5700,102,1
2026-04-29,600036,14:52:55,38.5700,102,1
2026-04-29,600036,14:52:58,38.5700,188,1
2026-04-29,600036,14:53:01,38.5700,285,1
2026-04-29,600036,14:53:04,38.5700,298,1
2026-04-29,600036,14:53:07,38.5700,223,1
2026-04-29,600036,14:53:10,38.5700,409,1
2026-04-29,600036,14:53:13,38.5700,578,1
2026-04-29,600036,14:53:16,38.5600,1227,2
2026-04-29,600036,14:53:19,38.5600,561,1
2026-04-29,600036,14:53:22,38.5600,241,1
2026-04-29,600036,14:53:25,38.5600,302,1
2026-04-29,600036,14:53:28,38.5600,590,1
2026-04-29,600036,14:53:31,38.5500,165,2
2026-04-29,600036,14:53:34,38.5600,376,1
2026-04-29,600036,14:53:37,38.5600,280,1
2026-04-29,600036,14:53:40,38.5600,449,1
2026-04-29,600036,14:53:43,38.5600,179,1
2026-04-29,600036,14:53:46,38.5600,338,1
2026-04-29,600036,14:53:49,38.5500,345,2
2026-04-29,600036,14:53:52,38.5600,354,1
2026-04-29,600036,14:53:55,38.5600,101,1
2026-04-29,600036,14:53:58,38.5600,92,1
2026-04-29,600036,14:54:01,38.5600,184,1
2026-04-29,600036,14:54:04,38.5600,279,1
2026-04-29,600036,14:54:07,38.5500,165,2
2026-04-29,600036,14:54:10,38.5600,250,1
2026-04-29,600036,14:54:13,38.5600,695,1
2026-04-29,600036,14:54:16,38.5600,361,1
2026-04-29,600036,14:54:19,38.5600,1111,1
2026-04-29,600036,14:54:22,38.5600,537,1
2026-04-29,600036,14:54:25,38.5600,738,2
2026-04-29,600036,14:54:28,38.5500,1349,2
2026-04-29,600036,14:54:31,38.5600,1279,1
2026-04-29,600036,14:54:34,38.5500,4067,2
2026-04-29,600036,14:54:37,38.5500,1578,1
2026-04-29,600036,14:54:40,38.5400,447,2
2026-04-29,600036,14:54:43,38.5400,839,1
2026-04-29,600036,14:54:46,38.5400,468,1
2026-04-29,600036,14:54:49,38.5400,211,2
2026-04-29,600036,14:54:52,38.5400,356,2
2026-04-29,600036,14:54:55,38.5400,345,1
2026-04-29,600036,14:54:58,38.5400,212,1
2026-04-29,600036,14:55:01,38.5400,469,1
2026-04-29,600036,14:55:04,38.5400,471,1
2026-04-29,600036,14:55:07,38.5300,161,2
2026-04-29,600036,14:55:10,38.5300,524,2
2026-04-29,600036,14:55:13,38.5300,358,2
2026-04-29,600036,14:55:16,38.5300,243,2
2026-04-29,600036,14:55:19,38.5200,481,2
2026-04-29,600036,14:55:22,38.5200,832,2
2026-04-29,600036,14:55:25,38.5200,516,2
2026-04-29,600036,14:55:28,38.5300,289,1
2026-04-29,600036,14:55:31,38.5200,123,2
2026-04-29,600036,14:55:34,38.5200,378,2
2026-04-29,600036,14:55:37,38.5200,185,2
2026-04-29,600036,14:55:40,38.5300,604,1
2026-04-29,600036,14:55:43,38.5200,218,2
2026-04-29,600036,14:55:46,38.5200,338,2
2026-04-29,600036,14:55:49,38.5300,416,1
2026-04-29,600036,14:55:52,38.5300,392,2
2026-04-29,600036,14:55:55,38.5200,555,2
2026-04-29,600036,14:55:58,38.5300,273,1
2026-04-29,600036,14:56:01,38.5300,2053,2
2026-04-29,600036,14:56:04,38.5200,235,2
2026-04-29,600036,14:56:07,38.5200,704,2
2026-04-29,600036,14:56:10,38.5300,165,1
2026-04-29,600036,14:56:13,38.5300,205,1
2026-04-29,600036,14:56:16,38.5300,577,1
2026-04-29,600036,14:56:19,38.5300,168,1
2026-04-29,600036,14:56:22,38.5300,1959,1
2026-04-29,600036,14:56:25,38.5300,125,2
2026-04-29,600036,14:56:28,38.5300,322,2
2026-04-29,600036,14:56:31,38.5400,132,1
2026-04-29,600036,14:56:34,38.5300,1320,2
2026-04-29,600036,14:56:37,38.5200,316,2
2026-04-29,600036,14:56:40,38.5300,1554,1
2026-04-29,600036,14:56:43,38.5200,2779,2
2026-04-29,600036,14:56:46,38.5200,161,2
2026-04-29,600036,14:56:49,38.5300,147,1
2026-04-29,600036,14:56:52,38.5300,393,2
2026-04-29,600036,14:56:55,38.5300,191,2
2026-04-29,600036,14:56:58,38.5400,121,1
2026-04-29,600036,14:57:01,38.5300,80,2
2026-04-29,600036,15:00:02,38.5000,31941,4
2026-04-29,600036,13:17:07,38.4000,102,1
2026-04-29,600036,13:17:10,38.4000,303,1
2026-04-29,600036,13:17:13,38.3900,267,2
2026-04-29,600036,13:17:16,38.4000,259,1
2026-04-29,600036,13:17:19,38.3900,142,2
2026-04-29,600036,13:17:22,38.4000,338,1
2026-04-29,600036,13:17:25,38.4000,101,1
2026-04-29,600036,13:17:28,38.3900,103,2
2026-04-29,600036,13:17:31,38.4000,72,1
2026-04-29,600036,13:17:34,38.4000,504,1
2026-04-29,600036,13:17:37,38.4000,162,1
2026-04-29,600036,13:17:40,38.4000,160,1
2026-04-29,600036,13:17:43,38.4000,56,1
2026-04-29,600036,13:17:46,38.4000,305,1
2026-04-29,600036,13:17:49,38.4000,225,1
2026-04-29,600036,13:17:52,38.4000,247,1
2026-04-29,600036,13:17:55,38.3900,210,2
2026-04-29,600036,13:17:58,38.3900,940,2
2026-04-29,600036,13:18:01,38.3800,644,2
2026-04-29,600036,13:18:04,38.3900,856,1
2026-04-29,600036,13:18:07,38.3900,142,1
2026-04-29,600036,13:18:10,38.3800,983,2
2026-04-29,600036,13:18:13,38.3900,107,1
2026-04-29,600036,13:18:16,38.3900,242,1
2026-04-29,600036,13:18:19,38.3900,376,1
2026-04-29,600036,13:18:22,38.3900,322,1
2026-04-29,600036,13:18:25,38.4000,1608,1
2026-04-29,600036,13:18:28,38.4000,209,2
2026-04-29,600036,13:18:31,38.3900,1334,2
2026-04-29,600036,13:18:34,38.4000,167,1
2026-04-29,600036,13:18:37,38.3900,445,2
2026-04-29,600036,13:18:40,38.4000,170,1
2026-04-29,600036,13:18:43,38.4000,179,1
2026-04-29,600036,13:18:46,38.4000,103,1
2026-04-29,600036,13:18:49,38.4000,98,1
2026-04-29,600036,13:18:52,38.4000,107,1
2026-04-29,600036,13:18:55,38.4000,160,1
2026-04-29,600036,13:18:58,38.4000,75,1
2026-04-29,600036,13:19:01,38.3900,98,2
2026-04-29,600036,13:19:04,38.3900,119,2
2026-04-29,600036,13:19:07,38.3900,887,2
2026-04-29,600036,13:19:10,38.4000,44,1
2026-04-29,600036,13:19:13,38.3900,60,2
2026-04-29,600036,13:19:16,38.4000,92,1
2026-04-29,600036,13:19:19,38.4000,836,1
2026-04-29,600036,13:19:22,38.4000,111,2
2026-04-29,600036,13:19:25,38.4000,283,2
2026-04-29,600036,13:19:28,38.4100,109,1
2026-04-29,600036,13:19:31,38.4100,54,1
2026-04-29,600036,13:19:34,38.4000,92,2
2026-04-29,600036,13:19:37,38.4000,272,2
2026-04-29,600036,13:19:40,38.4000,253,2
2026-04-29,600036,13:19:43,38.4000,385,2
2026-04-29,600036,13:19:46,38.4000,151,2
2026-04-29,600036,13:19:49,38.4000,1478,1
2026-04-29,600036,13:19:52,38.4000,162,1
2026-04-29,600036,13:19:55,38.4100,282,1
2026-04-29,600036,13:19:58,38.4000,30,2
2026-04-29,600036,13:20:01,38.4100,65,1
2026-04-29,600036,13:20:04,38.4100,101,1
2026-04-29,600036,13:20:07,38.4000,451,2
2026-04-29,600036,13:20:10,38.4000,60,2
2026-04-29,600036,13:20:13,38.4000,674,2
2026-04-29,600036,13:20:16,38.4000,168,2
2026-04-29,600036,13:20:19,38.4000,209,2
2026-04-29,600036,13:20:22,38.4000,76,2
2026-04-29,600036,13:20:25,38.4000,829,2
2026-04-29,600036,13:20:28,38.4000,269,1
2026-04-29,600036,13:20:31,38.4100,51,1
2026-04-29,600036,13:20:34,38.4000,79,2
2026-04-29,600036,13:20:37,38.4100,54,1
2026-04-29,600036,13:20:40,38.4000,28,2
2026-04-29,600036,13:20:43,38.4100,342,1
2026-04-29,600036,13:20:46,38.4100,128,1
2026-04-29,600036,13:20:49,38.4000,110,2
2026-04-29,600036,13:20:52,38.4000,289,2
2026-04-29,600036,13:20:55,38.4000,107,2
2026-04-29,600036,13:20:58,38.4100,35,1
2026-04-29,600036,13:21:01,38.4000,121,2
2026-04-29,600036,13:21:04,38.4000,168,2
2026-04-29,600036,13:21:07,38.4100,167,1
2026-04-29,600036,13:21:10,38.4000,40,2
2026-04-29,600036,13:21:13,38.4100,58,1
2026-04-29,600036,13:21:16,38.4100,95,1
2026-04-29,600036,13:21:19,38.4000,80,2
2026-04-29,600036,13:21:22,38.4100,268,1
2026-04-29,600036,13:21:25,38.4000,388,2
2026-04-29,600036,13:21:28,38.4100,1843,1
2026-04-29,600036,13:21:31,38.4100,62,2
2026-04-29,600036,13:21:34,38.4100,60,2
2026-04-29,600036,13:21:37,38.4200,102,1
2026-04-29,600036,13:21:40,38.4100,29,2
2026-04-29,600036,13:21:43,38.4100,108,2
2026-04-29,600036,13:21:46,38.4100,230,2
2026-04-29,600036,13:21:49,38.4200,286,1
2026-04-29,600036,13:21:52,38.4200,840,1
2026-04-29,600036,13:21:55,38.4200,252,1
2026-04-29,600036,13:21:58,38.4200,94,2
2026-04-29,600036,13:22:01,38.4100,476,2
2026-04-29,600036,13:22:04,38.4200,157,1
2026-04-29,600036,13:22:07,38.4100,300,2
2026-04-29,600036,13:22:10,38.4200,162,1
2026-04-29,600036,13:22:13,38.4200,305,2
2026-04-29,600036,13:22:16,38.4200,514,1
2026-04-29,600036,13:22:19,38.4300,256,1
2026-04-29,600036,13:22:22,38.4200,86,2
2026-04-29,600036,13:22:25,38.4200,47,2
2026-04-29,600036,13:22:28,38.4300,39,1
2026-04-29,600036,13:22:31,38.4300,106,1
2026-04-29,600036,13:22:34,38.4300,127,1
2026-04-29,600036,13:22:37,38.4300,66,1
2026-04-29,600036,13:22:40,38.4300,15,1
2026-04-29,600036,13:22:43,38.4300,1410,1
2026-04-29,600036,13:22:46,38.4300,318,1
2026-04-29,600036,13:22:49,38.4100,319,2
2026-04-29,600036,13:22:52,38.4200,234,1
2026-04-29,600036,13:22:55,38.4100,319,2
2026-04-29,600036,13:22:58,38.4200,28,1
2026-04-29,600036,13:23:01,38.4200,210,1
2026-04-29,600036,13:23:04,38.4200,396,1
2026-04-29,600036,13:23:07,38.4200,147,1
2026-04-29,600036,13:23:10,38.4200,209,1
2026-04-29,600036,13:23:13,38.4200,337,2
2026-04-29,600036,13:23:16,38.4200,156,1
2026-04-29,600036,13:23:19,38.4200,256,1
2026-04-29,600036,13:23:22,38.4200,101,1
2026-04-29,600036,13:23:25,38.4100,269,2
2026-04-29,600036,13:23:28,38.4100,95,2
2026-04-29,600036,13:23:31,38.4200,124,1
2026-04-29,600036,13:23:34,38.4200,179,1
2026-04-29,600036,13:23:37,38.4100,1015,2
2026-04-29,600036,13:23:40,38.4200,254,1
2026-04-29,600036,13:23:43,38.4200,271,1
2026-04-29,600036,13:23:46,38.4200,212,2
2026-04-29,600036,13:23:49,38.4100,518,2
2026-04-29,600036,13:23:52,38.4200,240,1
2026-04-29,600036,13:23:55,38.4100,374,2
2026-04-29,600036,13:23:58,38.4200,484,1
2026-04-29,600036,13:24:01,38.4200,137,2
2026-04-29,600036,13:24:04,38.4200,18,2
2026-04-29,600036,13:24:07,38.4100,192,2
2026-04-29,600036,13:24:10,38.4200,47,1
2026-04-29,600036,13:24:13,38.4200,194,1
2026-04-29,600036,13:24:16,38.4200,127,1
2026-04-29,600036,13:24:19,38.4200,492,1
2026-04-29,600036,13:24:22,38.4200,293,2
2026-04-29,600036,13:24:25,38.4300,247,1
2026-04-29,600036,13:24:28,38.4300,88,1
2026-04-29,600036,13:24:31,38.4300,174,1
2026-04-29,600036,13:24:34,38.4200,237,2
2026-04-29,600036,13:24:37,38.4200,93,1
2026-04-29,600036,13:24:40,38.4200,105,1
2026-04-29,600036,13:24:43,38.4200,385,1
2026-04-29,600036,13:24:46,38.4200,110,2
2026-04-29,600036,13:24:49,38.4200,234,2
2026-04-29,600036,13:24:52,38.4200,427,2
2026-04-29,600036,13:24:55,38.4200,110,2
2026-04-29,600036,13:24:58,38.4200,372,2
2026-04-29,600036,13:25:01,38.4200,115,2
2026-04-29,600036,13:25:04,38.4200,240,2
2026-04-29,600036,13:25:07,38.4200,432,1
2026-04-29,600036,13:25:10,38.4200,313,1
2026-04-29,600036,13:25:13,38.4300,2566,1
2026-04-29,600036,13:25:16,38.4300,98,2
2026-04-29,600036,13:25:19,38.4300,442,2
2026-04-29,600036,13:25:22,38.4300,632,1
2026-04-29,600036,13:25:25,38.4300,258,1
2026-04-29,600036,13:25:28,38.4200,153,2
2026-04-29,600036,13:25:31,38.4200,67,2
2026-04-29,600036,13:25:34,38.4300,892,1
2026-04-29,600036,13:25:37,38.4300,184,2
2026-04-29,600036,13:25:40,38.4300,42,1
2026-04-29,600036,13:25:43,38.4400,328,1
2026-04-29,600036,13:25:46,38.4400,38,1
2026-04-29,600036,13:25:49,38.4400,180,1
2026-04-29,600036,13:25:52,38.4400,72,1
2026-04-29,600036,13:25:55,38.4300,90,2
2026-04-29,600036,13:25:58,38.4400,24,1
2026-04-29,600036,13:26:01,38.4400,78,1
2026-04-29,600036,13:26:04,38.4400,256,1
2026-04-29,600036,13:26:07,38.4400,39,1
2026-04-29,600036,13:26:10,38.4400,76,1
2026-04-29,600036,13:26:13,38.4400,167,1
2026-04-29,600036,13:26:16,38.4300,81,2
2026-04-29,600036,13:26:19,38.4300,441,2
2026-04-29,600036,13:26:22,38.4400,119,1
2026-04-29,600036,13:26:25,38.4300,223,2
2026-04-29,600036,13:26:28,38.4400,170,1
2026-04-29,600036,13:26:31,38.4400,242,1
2026-04-29,600036,13:26:34,38.4200,447,2
2026-04-29,600036,13:26:37,38.4200,412,2
2026-04-29,600036,13:26:40,38.4300,104,1
2026-04-29,600036,13:26:43,38.4300,75,1
2026-04-29,600036,13:26:46,38.4300,60,1
2026-04-29,600036,13:26:49,38.4300,495,1
2026-04-29,600036,13:26:52,38.4200,209,2
2026-04-29,600036,13:26:55,38.4300,224,1
2026-04-29,600036,13:26:58,38.4300,67,1
2026-04-29,600036,13:27:01,38.4300,74,1
2026-04-29,600036,13:27:04,38.4300,67,1
2026-04-29,600036,13:27:07,38.4200,271,2
2026-04-29,600036,13:27:10,38.4300,297,1
2026-04-29,600036,13:27:13,38.4300,181,1
2026-04-29,600036,13:27:16,38.4200,37,2
2026-04-29,600036,13:27:19,38.4300,64,1
2026-04-29,600036,13:27:22,38.4300,116,1
2026-04-29,600036,13:27:25,38.4300,85,1
2026-04-29,600036,13:27:28,38.4300,142,1
2026-04-29,600036,13:27:31,38.4300,89,1
2026-04-29,600036,13:27:34,38.4300,121,1
2026-04-29,600036,13:27:37,38.4200,309,2
2026-04-29,600036,13:27:40,38.4200,650,2
2026-04-29,600036,13:27:43,38.4300,88,1
2026-04-29,600036,13:27:46,38.4300,77,1
2026-04-29,600036,13:27:49,38.4300,225,1
2026-04-29,600036,13:27:52,38.4300,144,1
2026-04-29,600036,13:27:55,38.4300,132,1
2026-04-29,600036,13:27:58,38.4300,104,1
2026-04-29,600036,13:28:01,38.4300,66,1
2026-04-29,600036,13:28:04,38.4300,168,1
2026-04-29,600036,13:28:07,38.4300,225,1
2026-04-29,600036,13:28:10,38.4300,54,1
2026-04-29,600036,13:28:13,38.4300,82,2
2026-04-29,600036,13:28:16,38.4400,83,1
2026-04-29,600036,13:28:19,38.4400,973,1
2026-04-29,600036,13:28:22,38.4400,66,1
2026-04-29,600036,13:28:25,38.4400,122,1
2026-04-29,600036,13:28:28,38.4400,130,2
2026-04-29,600036,13:28:31,38.4500,27,1
2026-04-29,600036,13:28:34,38.4400,327,2
2026-04-29,600036,13:28:37,38.4400,118,1
2026-04-29,600036,13:28:40,38.4300,193,2
2026-04-29,600036,13:28:43,38.4400,77,1
2026-04-29,600036,13:28:46,38.4300,805,2
2026-04-29,600036,13:28:49,38.4200,182,2
2026-04-29,600036,13:28:52,38.4300,192,1
2026-04-29,600036,13:28:55,38.4300,93,1
2026-04-29,600036,13:28:58,38.4300,602,1
2026-04-29,600036,13:29:01,38.4300,50,2
2026-04-29,600036,13:29:04,38.4300,66,2
2026-04-29,600036,13:29:07,38.4300,249,2
2026-04-29,600036,13:29:10,38.4300,48,2
2026-04-29,600036,13:29:13,38.4300,178,2
2026-04-29,600036,13:29:16,38.4400,239,1
2026-04-29,600036,13:29:19,38.4400,221,1
2026-04-29,600036,13:29:22,38.4400,176,1
2026-04-29,600036,13:29:25,38.4300,90,2
2026-04-29,600036,13:29:28,38.4300,161,2
2026-04-29,600036,13:29:31,38.4300,287,2
2026-04-29,600036,13:29:34,38.4400,473,1
2026-04-29,600036,13:29:37,38.4300,478,2
2026-04-29,600036,13:29:40,38.4300,284,2
2026-04-29,600036,13:29:43,38.4300,133,2
2026-04-29,600036,13:29:46,38.4400,59,1
2026-04-29,600036,13:29:49,38.4400,129,1
2026-04-29,600036,13:29:52,38.4300,221,2
2026-04-29,600036,13:29:55,38.4400,78,1
2026-04-29,600036,13:29:58,38.4400,263,1
2026-04-29,600036,13:30:01,38.4400,128,1
2026-04-29,600036,13:30:04,38.4400,145,1
2026-04-29,600036,13:30:07,38.4400,69,1
2026-04-29,600036,13:30:10,38.4400,92,1
2026-04-29,600036,13:30:13,38.4400,2340,1
2026-04-29,600036,13:30:16,38.4400,164,2
2026-04-29,600036,13:30:19,38.4500,216,4
2026-04-29,600036,13:30:22,38.4500,71,1
2026-04-29,600036,13:30:25,38.4500,52,1
2026-04-29,600036,13:30:28,38.4500,194,1
2026-04-29,600036,13:30:31,38.4600,103,1
2026-04-29,600036,13:30:34,38.4600,57,1
2026-04-29,600036,13:30:37,38.4600,90,1
2026-04-29,600036,13:30:40,38.4600,286,1
2026-04-29,600036,13:30:43,38.4600,30,1
2026-04-29,600036,13:30:46,38.4600,58,1
2026-04-29,600036,13:30:49,38.4500,160,2
2026-04-29,600036,13:30:52,38.4500,64,2
2026-04-29,600036,13:30:55,38.4500,123,2
2026-04-29,600036,13:30:58,38.4600,283,1
2026-04-29,600036,13:31:01,38.4600,156,2
2026-04-29,600036,13:31:04,38.4600,211,1
2026-04-29,600036,13:31:07,38.4600,154,1
2026-04-29,600036,13:31:10,38.4600,290,1
2026-04-29,600036,13:31:13,38.4600,242,1
2026-04-29,600036,13:31:16,38.4600,166,1
2026-04-29,600036,13:31:19,38.4600,111,1
2026-04-29,600036,13:31:22,38.4600,91,1
2026-04-29,600036,13:31:25,38.4600,105,1
2026-04-29,600036,13:31:28,38.4500,114,2
2026-04-29,600036,13:31:31,38.4600,290,1
2026-04-29,600036,13:31:34,38.4600,53,1
2026-04-29,600036,13:31:37,38.4600,29,1
2026-04-29,600036,13:31:40,38.4600,139,1
2026-04-29,600036,13:31:43,38.4600,73,1
2026-04-29,600036,13:31:46,38.4600,350,1
2026-04-29,600036,13:31:49,38.4600,170,1
2026-04-29,600036,13:31:52,38.4600,11,2
2026-04-29,600036,13:31:55,38.4700,1052,1
2026-04-29,600036,13:31:58,38.4700,106,1
2026-04-29,600036,13:32:01,38.4600,93,2
2026-04-29,600036,13:32:04,38.4700,56,1
2026-04-29,600036,13:32:07,38.4700,67,1
2026-04-29,600036,13:32:10,38.4700,64,1
2026-04-29,600036,13:32:13,38.4600,91,2
2026-04-29,600036,13:32:16,38.4700,30,1
2026-04-29,600036,13:32:19,38.4700,95,1
2026-04-29,600036,13:32:22,38.4700,47,1
2026-04-29,600036,13:32:25,38.4700,82,1
2026-04-29,600036,13:32:28,38.4600,205,2
2026-04-29,600036,13:32:31,38.4600,94,2
2026-04-29,600036,13:32:34,38.4600,127,2
2026-04-29,600036,13:32:37,38.4700,330,1
2026-04-29,600036,13:32:40,38.4600,145,2
2026-04-29,600036,13:32:43,38.4700,186,1
2026-04-29,600036,13:32:46,38.4700,207,1
2026-04-29,600036,13:32:49,38.4600,305,2
2026-04-29,600036,13:32:52,38.4700,120,1
2026-04-29,600036,13:32:55,38.4700,1224,1
2026-04-29,600036,13:32:58,38.4700,227,2
2026-04-29,600036,13:33:01,38.4600,803,2
2026-04-29,600036,13:33:04,38.4700,1176,1
2026-04-29,600036,13:33:07,38.4600,228,2
2026-04-29,600036,13:33:10,38.4700,390,1
2026-04-29,600036,13:33:13,38.4600,60,2
2026-04-29,600036,13:33:16,38.4600,67,2
2026-04-29,600036,13:33:19,38.4600,302,2
2026-04-29,600036,13:33:22,38.4700,535,1
2026-04-29,600036,13:33:25,38.4600,79,2
2026-04-29,600036,13:33:28,38.4600,145,2
2026-04-29,600036,13:33:31,38.4700,72,1
2026-04-29,600036,13:33:34,38.4700,327,1
2026-04-29,600036,13:33:37,38.4700,67,1
2026-04-29,600036,13:33:40,38.4600,233,2
2026-04-29,600036,13:33:43,38.4700,121,1
2026-04-29,600036,13:33:46,38.4700,74,1
2026-04-29,600036,13:33:49,38.4600,347,2
2026-04-29,600036,13:33:52,38.4700,156,1
2026-04-29,600036,13:33:55,38.4700,334,1
2026-04-29,600036,13:33:58,38.4700,129,1
2026-04-29,600036,13:34:01,38.4700,61,1
2026-04-29,600036,13:34:04,38.4700,125,1
2026-04-29,600036,13:34:07,38.4700,133,1
2026-04-29,600036,13:34:10,38.4700,237,1
2026-04-29,600036,13:34:13,38.4600,198,2
2026-04-29,600036,13:34:16,38.4700,309,1
2026-04-29,600036,13:34:19,38.4600,43,2
2026-04-29,600036,13:34:22,38.4700,48,1
2026-04-29,600036,13:34:25,38.4700,88,1
2026-04-29,600036,13:34:28,38.4700,563,1
2026-04-29,600036,13:34:31,38.4700,266,1
2026-04-29,600036,13:34:34,38.4700,277,1
2026-04-29,600036,13:34:37,38.4700,137,1
2026-04-29,600036,13:34:40,38.4700,315,1
2026-04-29,600036,13:34:43,38.4700,184,1
2026-04-29,600036,13:34:46,38.4700,226,1
2026-04-29,600036,13:34:49,38.4600,112,2
2026-04-29,600036,13:34:52,38.4700,92,1
2026-04-29,600036,13:34:55,38.4700,330,1
2026-04-29,600036,13:34:58,38.4700,127,1
2026-04-29,600036,13:35:01,38.4700,98,1
2026-04-29,600036,13:35:04,38.4700,37,1
2026-04-29,600036,13:35:07,38.4700,337,1
2026-04-29,600036,13:35:10,38.4700,301,2
2026-04-29,600036,13:35:13,38.4600,785,2
2026-04-29,600036,13:35:16,38.4600,61,2
2026-04-29,600036,13:35:19,38.4700,50,1
2026-04-29,600036,13:35:22,38.4700,712,1
2026-04-29,600036,13:35:25,38.4700,246,2
2026-04-29,600036,13:35:28,38.4700,343,1
2026-04-29,600036,13:35:31,38.4700,212,2
2026-04-29,600036,13:35:34,38.4700,110,1
2026-04-29,600036,13:35:37,38.4700,43,1
2026-04-29,600036,13:35:40,38.4700,312,1
2026-04-29,600036,13:35:43,38.4700,1639,1
2026-04-29,600036,13:35:46,38.4700,40,1
2026-04-29,600036,13:35:49,38.4700,27,2
2026-04-29,600036,13:35:52,38.4700,13,2
2026-04-29,600036,13:35:55,38.4800,191,1
2026-04-29,600036,13:35:58,38.4800,89,1
2026-04-29,600036,13:36:01,38.4800,104,1
2026-04-29,600036,13:36:04,38.4800,39,1
2026-04-29,600036,13:36:07,38.4800,100,1
2026-04-29,600036,13:36:10,38.4700,109,2
2026-04-29,600036,13:36:13,38.4800,575,1
2026-04-29,600036,13:36:16,38.4700,279,2
2026-04-29,600036,13:36:19,38.4800,64,1
2026-04-29,600036,13:36:22,38.4800,48,1
2026-04-29,600036,13:36:25,38.4800,80,1
2026-04-29,600036,13:36:28,38.4800,88,1
2026-04-29,600036,13:36:31,38.4700,111,2
2026-04-29,600036,13:36:34,38.4700,41,2
2026-04-29,600036,13:36:37,38.4800,41,1
2026-04-29,600036,13:36:40,38.4800,274,1
2026-04-29,600036,13:36:43,38.4800,119,1
2026-04-29,600036,13:36:46,38.4800,44,1
2026-04-29,600036,13:36:49,38.4800,172,1
2026-04-29,600036,13:36:52,38.4800,146,1
2026-04-29,600036,13:36:55,38.4800,229,1
2026-04-29,600036,13:36:58,38.4800,432,1
2026-04-29,600036,13:37:01,38.4800,128,1
2026-04-29,600036,13:37:04,38.4700,120,2
2026-04-29,600036,13:37:07,38.4800,64,1
2026-04-29,600036,13:37:10,38.4800,202,1
2026-04-29,600036,13:37:13,38.4800,137,1
2026-04-29,600036,13:37:16,38.4800,140,1
2026-04-29,600036,13:37:19,38.4700,107,2
2026-04-29,600036,13:37:22,38.4700,758,2
2026-04-29,600036,13:37:25,38.4800,131,1
2026-04-29,600036,13:37:28,38.4800,100,1
2026-04-29,600036,13:37:31,38.4800,117,1
2026-04-29,600036,13:37:34,38.4800,90,1
2026-04-29,600036,13:37:37,38.4800,93,1
2026-04-29,600036,13:37:40,38.4800,59,1
2026-04-29,600036,13:37:43,38.4800,259,1
2026-04-29,600036,13:37:46,38.4800,127,1
2026-04-29,600036,13:37:49,38.4800,448,1
2026-04-29,600036,13:37:52,38.4700,324,2
2026-04-29,600036,13:37:55,38.4800,491,1
2026-04-29,600036,13:37:58,38.4800,242,1
2026-04-29,600036,13:38:01,38.4700,1310,2
2026-04-29,600036,13:38:04,38.4700,549,2
2026-04-29,600036,13:38:07,38.4800,357,1
2026-04-29,600036,13:38:10,38.4800,468,1
2026-04-29,600036,13:38:13,38.4700,103,2
2026-04-29,600036,13:38:16,38.4800,118,1
2026-04-29,600036,13:38:19,38.4800,89,1
2026-04-29,600036,13:38:22,38.4800,177,1
2026-04-29,600036,13:38:25,38.4800,117,1
2026-04-29,600036,13:38:28,38.4800,283,1
2026-04-29,600036,13:38:31,38.4800,100,1
2026-04-29,600036,13:38:34,38.4800,265,1
2026-04-29,600036,13:38:37,38.4700,231,2
2026-04-29,600036,13:38:40,38.4800,484,1
2026-04-29,600036,13:38:43,38.4700,214,2
2026-04-29,600036,13:38:46,38.4800,341,1
2026-04-29,600036,13:38:49,38.4800,152,1
2026-04-29,600036,13:38:52,38.4700,2665,2
2026-04-29,600036,13:38:55,38.4700,286,1
2026-04-29,600036,13:38:58,38.4700,119,1
2026-04-29,600036,13:39:01,38.4600,1153,2
2026-04-29,600036,13:39:04,38.4700,116,1
2026-04-29,600036,13:39:07,38.4700,84,1
2026-04-29,600036,13:39:10,38.4700,76,1
2026-04-29,600036,13:39:13,38.4700,187,1
2026-04-29,600036,13:39:16,38.4700,202,1
2026-04-29,600036,13:39:19,38.4600,799,2
2026-04-29,600036,13:39:22,38.4600,1223,2
2026-04-29,600036,13:39:25,38.4500,634,2
2026-04-29,600036,13:39:28,38.4600,354,1
2026-04-29,600036,13:39:31,38.4500,113,2
2026-04-29,600036,13:39:34,38.4500,119,2
2026-04-29,600036,13:39:37,38.4600,99,1
2026-04-29,600036,13:39:40,38.4600,446,1
2026-04-29,600036,13:39:43,38.4600,45,1
2026-04-29,600036,13:39:46,38.4600,378,1
2026-04-29,600036,13:39:49,38.4600,142,1
2026-04-29,600036,13:39:52,38.4600,125,1
2026-04-29,600036,13:39:55,38.4500,431,2
2026-04-29,600036,13:39:58,38.4600,45,1
2026-04-29,600036,13:40:01,38.4500,56,2
2026-04-29,600036,13:40:04,38.4600,67,1
2026-04-29,600036,13:40:07,38.4600,249,1
2026-04-29,600036,13:40:10,38.4600,48,1
2026-04-29,600036,13:40:13,38.4700,951,1
2026-04-29,600036,13:40:16,38.4600,217,4
2026-04-29,600036,13:40:19,38.4600,310,2
2026-04-29,600036,13:40:22,38.4600,169,1
2026-04-29,600036,13:40:25,38.4600,169,2
2026-04-29,600036,13:40:28,38.4600,268,2
2026-04-29,600036,13:40:31,38.4600,131,2
2026-04-29,600036,13:40:34,38.4600,169,2
2026-04-29,600036,13:40:37,38.4600,41,2
2026-04-29,600036,13:40:40,38.4700,70,1
2026-04-29,600036,13:40:43,38.4700,80,1
2026-04-29,600036,13:40:46,38.4700,40,1
2026-04-29,600036,13:40:49,38.4700,50,1
2026-04-29,600036,13:40:52,38.4700,306,1
2026-04-29,600036,13:40:55,38.4700,70,1
2026-04-29,600036,13:40:58,38.4700,62,1
2026-04-29,600036,13:41:01,38.4700,358,1
2026-04-29,600036,13:41:04,38.4700,57,1
2026-04-29,600036,13:41:07,38.4700,148,1
2026-04-29,600036,13:41:10,38.4700,125,1
2026-04-29,600036,13:41:13,38.4600,160,2
2026-04-29,600036,13:41:16,38.4600,40,2
2026-04-29,600036,13:41:19,38.4700,134,1
2026-04-29,600036,13:41:22,38.4700,43,1
2026-04-29,600036,13:41:25,38.4600,156,2
2026-04-29,600036,13:41:28,38.4700,148,1
2026-04-29,600036,13:41:31,38.4600,233,2
2026-04-29,600036,13:41:34,38.4600,735,2
2026-04-29,600036,13:41:37,38.4500,980,2
2026-04-29,600036,13:41:40,38.4600,789,1
2026-04-29,600036,13:41:43,38.4600,340,1
2026-04-29,600036,13:41:46,38.4600,300,1
2026-04-29,600036,13:41:49,38.4600,416,1
2026-04-29,600036,13:41:52,38.4600,455,1
2026-04-29,600036,13:41:55,38.4500,518,2
2026-04-29,600036,13:41:58,38.4600,149,1
2026-04-29,600036,13:42:01,38.4600,118,1
2026-04-29,600036,13:42:04,38.4600,274,1
2026-04-29,600036,13:42:07,38.4600,273,2
2026-04-29,600036,13:42:10,38.4600,96,2
2026-04-29,600036,13:42:13,38.4600,259,1
2026-04-29,600036,13:42:16,38.4600,26,2
2026-04-29,600036,13:42:19,38.4600,241,2
2026-04-29,600036,13:42:22,38.4600,53,2
2026-04-29,600036,13:42:25,38.4600,629,2
2026-04-29,600036,13:42:28,38.4600,71,1
2026-04-29,600036,13:42:31,38.4600,211,2
2026-04-29,600036,13:42:34,38.4600,73,2
2026-04-29,600036,13:42:37,38.4600,91,2
2026-04-29,600036,13:42:40,38.4700,161,1
2026-04-29,600036,13:42:43,38.4600,94,2
2026-04-29,600036,13:42:46,38.4600,78,2
2026-04-29,600036,13:42:49,38.4600,73,2
2026-04-29,600036,13:42:52,38.4600,101,2
2026-04-29,600036,13:42:55,38.4600,106,2
2026-04-29,600036,13:42:58,38.4600,429,2
2026-04-29,600036,13:43:01,38.4700,179,1
2026-04-29,600036,13:43:04,38.4700,353,1
2026-04-29,600036,13:43:07,38.4700,160,1
2026-04-29,600036,13:43:10,38.4700,247,2
2026-04-29,600036,13:43:13,38.4700,385,1
2026-04-29,600036,13:43:16,38.4600,178,2
2026-04-29,600036,13:43:19,38.4700,35,1
2026-04-29,600036,13:43:22,38.4600,43,2
2026-04-29,600036,13:43:25,38.4700,85,1
2026-04-29,600036,13:43:28,38.4600,236,2
2026-04-29,600036,13:43:31,38.4700,518,1
2026-04-29,600036,13:43:34,38.4700,49,2
2026-04-29,600036,13:43:37,38.4700,106,2
2026-04-29,600036,13:43:40,38.4700,94,2
2026-04-29,600036,13:43:43,38.4700,37,2
2026-04-29,600036,13:43:46,38.4700,105,2
2026-04-29,600036,13:43:49,38.4800,125,1
2026-04-29,600036,13:43:52,38.4700,760,2
2026-04-29,600036,13:43:55,38.4800,98,1
2026-04-29,600036,13:43:58,38.4700,59,2
2026-04-29,600036,13:44:01,38.4700,50,2
2026-04-29,600036,13:44:04,38.4700,57,2
2026-04-29,600036,13:44:07,38.4800,75,1
2026-04-29,600036,13:44:10,38.4700,14,2
2026-04-29,600036,13:44:13,38.4800,24,1
2026-04-29,600036,13:44:16,38.4700,51,2
2026-04-29,600036,13:44:19,38.4800,27,1
2026-04-29,600036,13:44:22,38.4700,18,2
2026-04-29,600036,13:44:25,38.4800,67,1
2026-04-29,600036,13:44:28,38.4700,457,2
2026-04-29,600036,13:44:31,38.4800,682,1
2026-04-29,600036,13:44:34,38.4800,978,1
2026-04-29,600036,13:44:37,38.4800,342,1
2026-04-29,600036,13:44:40,38.4700,301,2
2026-04-29,600036,13:44:43,38.4800,86,1
2026-04-29,600036,13:44:46,38.4800,159,1
2026-04-29,600036,13:44:49,38.4800,61,1
2026-04-29,600036,13:44:52,38.4700,49,2
2026-04-29,600036,13:44:55,38.4700,1583,2
2026-04-29,600036,13:44:58,38.4700,379,2
2026-04-29,600036,13:45:01,38.4800,170,1
2026-04-29,600036,13:45:04,38.4700,116,2
2026-04-29,600036,13:45:07,38.4800,345,1
2026-04-29,600036,13:45:10,38.4800,73,1
2026-04-29,600036,13:45:13,38.4800,43,1
2026-04-29,600036,13:45:16,38.4700,14,2
2026-04-29,600036,13:45:19,38.4700,51,2
2026-04-29,600036,13:45:22,38.4900,565,1
2026-04-29,600036,13:45:25,38.4800,158,1
2026-04-29,600036,13:45:28,38.4800,100,1
2026-04-29,600036,13:45:31,38.4800,132,1
2026-04-29,600036,13:45:34,38.4800,132,1
2026-04-29,600036,13:45:37,38.4800,198,1
2026-04-29,600036,13:45:40,38.4800,273,1
2026-04-29,600036,13:45:43,38.4800,31,1
2026-04-29,600036,13:45:46,38.4800,307,1
2026-04-29,600036,13:45:49,38.4800,310,1
2026-04-29,600036,13:45:52,38.4800,56,1
2026-04-29,600036,13:45:55,38.4800,246,1
2026-04-29,600036,13:45:58,38.4800,491,2
2026-04-29,600036,13:46:01,38.4800,322,2
2026-04-29,600036,13:46:04,38.4800,112,1
2026-04-29,600036,13:46:07,38.4800,280,1
2026-04-29,600036,13:46:10,38.4800,312,1
2026-04-29,600036,13:46:13,38.4800,123,2
2026-04-29,600036,13:46:16,38.4800,230,1
2026-04-29,600036,13:46:19,38.4800,51,1
2026-04-29,600036,13:46:22,38.4800,176,1
2026-04-29,600036,13:46:25,38.4800,168,1
2026-04-29,600036,13:46:28,38.4700,327,2
2026-04-29,600036,13:46:31,38.4800,359,1
2026-04-29,600036,13:46:34,38.4800,58,2
2026-04-29,600036,13:46:37,38.4700,97,2
2026-04-29,600036,13:46:40,38.4800,160,1
2026-04-29,600036,13:46:43,38.4800,95,1
2026-04-29,600036,13:46:46,38.4800,80,1
2026-04-29,600036,13:46:49,38.4800,224,1
2026-04-29,600036,13:46:52,38.4800,61,2
2026-04-29,600036,13:46:55,38.4800,72,2
2026-04-29,600036,13:46:58,38.4800,15,2
2026-04-29,600036,13:47:01,38.4900,72,1
2026-04-29,600036,13:47:04,38.4900,137,1
2026-04-29,600036,13:47:07,38.4800,565,2
2026-04-29,600036,13:47:10,38.4900,421,1
2026-04-29,600036,13:47:13,38.4800,58,2
2026-04-29,600036,13:47:16,38.4900,82,1
2026-04-29,600036,13:47:19,38.4900,147,1
2026-04-29,600036,13:47:22,38.4800,28,2
2026-04-29,600036,13:47:25,38.4800,177,2
2026-04-29,600036,13:47:28,38.4900,93,1
2026-04-29,600036,13:47:31,38.4900,212,1
2026-04-29,600036,13:47:34,38.4900,60,1
2026-04-29,600036,13:47:37,38.4900,39,1
2026-04-29,600036,13:47:40,38.4900,116,1
2026-04-29,600036,13:47:43,38.4900,358,1
2026-04-29,600036,13:47:46,38.4900,115,1
2026-04-29,600036,13:47:49,38.4800,323,2
2026-04-29,600036,13:47:52,38.4800,287,2
2026-04-29,600036,13:47:55,38.4900,108,1
2026-04-29,600036,13:47:58,38.4900,86,1
2026-04-29,600036,13:48:01,38.4800,74,2
2026-04-29,600036,13:48:04,38.4900,118,1
2026-04-29,600036,13:48:07,38.4800,269,2
2026-04-29,600036,13:48:10,38.4900,266,1
2026-04-29,600036,13:48:13,38.4900,130,1
2026-04-29,600036,13:48:16,38.4800,91,2
2026-04-29,600036,13:48:19,38.4900,70,1
2026-04-29,600036,13:48:22,38.4900,635,1
2026-04-29,600036,13:48:25,38.4900,261,1
2026-04-29,600036,13:48:28,38.4900,319,1
2026-04-29,600036,13:48:31,38.4900,190,2
2026-04-29,600036,13:48:34,38.4900,108,2
2026-04-29,600036,13:48:37,38.4900,103,2
2026-04-29,600036,13:48:40,38.4900,74,2
2026-04-29,600036,13:48:43,38.4900,311,2
2026-04-29,600036,13:48:46,38.5000,117,1
2026-04-29,600036,13:48:49,38.5000,469,1
2026-04-29,600036,13:48:52,38.5000,33,1
2026-04-29,600036,13:48:55,38.5000,308,1
2026-04-29,600036,13:48:58,38.5000,76,1
2026-04-29,600036,13:49:01,38.5000,162,1
2026-04-29,600036,13:49:04,38.5000,76,1
2026-04-29,600036,13:49:07,38.5000,46,1
2026-04-29,600036,13:49:10,38.5000,443,1
2026-04-29,600036,13:49:13,38.5000,27,1
2026-04-29,600036,13:49:16,38.4900,178,2
2026-04-29,600036,13:49:19,38.5000,84,1
2026-04-29,600036,13:49:22,38.5000,261,1
2026-04-29,600036,13:49:25,38.5000,142,1
2026-04-29,600036,13:49:28,38.5000,254,1
2026-04-29,600036,13:49:31,38.5000,116,1
2026-04-29,600036,13:49:34,38.4900,785,2
2026-04-29,600036,13:49:37,38.5000,375,1
2026-04-29,600036,13:49:40,38.5000,283,1
2026-04-29,600036,13:49:43,38.5000,430,2
2026-04-29,600036,13:49:46,38.5000,300,1
2026-04-29,600036,13:49:49,38.5000,122,1
2026-04-29,600036,13:49:52,38.5000,294,1
2026-04-29,600036,13:49:55,38.5000,176,1
2026-04-29,600036,13:49:58,38.5000,217,1
2026-04-29,600036,13:50:01,38.5000,191,1
2026-04-29,600036,13:50:04,38.4900,289,2
2026-04-29,600036,13:50:07,38.4900,218,2
2026-04-29,600036,13:50:10,38.5000,60,1
2026-04-29,600036,13:50:13,38.4900,158,2
2026-04-29,600036,13:50:16,38.5000,103,1
2026-04-29,600036,13:50:19,38.5000,208,1
2026-04-29,600036,13:50:22,38.5000,45,1
2026-04-29,600036,13:50:25,38.4900,265,2
2026-04-29,600036,13:50:28,38.4900,2167,2
2026-04-29,600036,13:50:31,38.4900,548,1
2026-04-29,600036,13:50:34,38.4900,56,1
2026-04-29,600036,13:50:37,38.4900,69,1
2026-04-29,600036,13:50:40,38.4900,734,1
2026-04-29,600036,13:50:43,38.4900,106,2
2026-04-29,600036,13:50:46,38.4900,44,2
2026-04-29,600036,13:50:49,38.4900,68,2
2026-04-29,600036,13:50:52,38.4900,283,2
2026-04-29,600036,13:50:55,38.4900,483,2
2026-04-29,600036,13:50:58,38.4900,770,2
2026-04-29,600036,13:51:01,38.4900,130,1
2026-04-29,600036,13:51:04,38.4900,373,1
2026-04-29,600036,13:51:07,38.4900,25,1
2026-04-29,600036,13:51:10,38.4900,46,1
2026-04-29,600036,13:51:13,38.4900,43,1
2026-04-29,600036,13:51:16,38.4900,112,1
2026-04-29,600036,13:51:19,38.4800,329,2
2026-04-29,600036,13:51:22,38.4900,231,1
2026-04-29,600036,13:51:25,38.4900,211,1
2026-04-29,600036,13:51:28,38.4900,55,1
2026-04-29,600036,13:51:31,38.4900,267,1
2026-04-29,600036,13:51:34,38.4900,92,2
2026-04-29,600036,13:51:37,38.4900,245,1
2026-04-29,600036,13:51:40,38.4900,65,2
2026-04-29,600036,13:51:43,38.4900,52,2
2026-04-29,600036,13:51:46,38.5000,87,1
2026-04-29,600036,13:51:49,38.4900,45,2
2026-04-29,600036,13:51:52,38.5000,124,1
2026-04-29,600036,13:51:55,38.5000,166,1
2026-04-29,600036,13:51:58,38.5000,89,1
2026-04-29,600036,13:52:01,38.5000,120,1
2026-04-29,600036,13:52:04,38.4900,395,2
2026-04-29,600036,13:52:07,38.4900,218,2
2026-04-29,600036,13:52:10,38.5000,23,1
2026-04-29,600036,13:52:13,38.4900,31,2
2026-04-29,600036,13:52:16,38.5000,120,1
2026-04-29,600036,13:52:19,38.5000,37,1
2026-04-29,600036,13:52:22,38.4900,145,2
2026-04-29,600036,13:52:25,38.5000,67,1
2026-04-29,600036,13:52:28,38.4900,73,2
2026-04-29,600036,13:52:31,38.5000,353,1
2026-04-29,600036,13:52:34,38.5000,101,1
2026-04-29,600036,13:52:37,38.5000,42,1
2026-04-29,600036,13:52:40,38.5000,139,1
2026-04-29,600036,13:52:43,38.5000,227,1
2026-04-29,600036,13:52:46,38.5000,67,1
2026-04-29,600036,13:52:49,38.5000,473,1
2026-04-29,600036,13:52:52,38.5000,264,1
2026-04-29,600036,13:52:55,38.4900,104,2
2026-04-29,600036,13:52:58,38.5000,81,1
2026-04-29,600036,13:53:01,38.4900,159,2
2026-04-29,600036,13:53:04,38.4900,30,2
2026-04-29,600036,13:53:07,38.5000,139,1
2026-04-29,600036,13:53:10,38.5000,104,1
2026-04-29,600036,13:53:13,38.5000,52,1
2026-04-29,600036,13:53:16,38.5000,38,1
2026-04-29,600036,13:53:19,38.5000,144,1
2026-04-29,600036,13:53:22,38.5000,636,1
2026-04-29,600036,13:53:25,38.4900,222,2
2026-04-29,600036,13:53:28,38.5000,49,1
2026-04-29,600036,13:53:31,38.5000,80,1
2026-04-29,600036,13:53:34,38.5000,89,1
2026-04-29,600036,13:53:37,38.5000,310,1
2026-04-29,600036,13:53:40,38.4900,220,2
2026-04-29,600036,13:53:43,38.4900,149,2
2026-04-29,600036,13:53:46,38.5000,271,1
2026-04-29,600036,13:53:49,38.5000,244,1
2026-04-29,600036,13:53:52,38.5000,183,1
2026-04-29,600036,13:53:55,38.5000,102,1
2026-04-29,600036,13:53:58,38.4900,52,2
2026-04-29,600036,13:54:01,38.5000,69,1
2026-04-29,600036,13:54:04,38.5000,498,1
2026-04-29,600036,13:54:07,38.5000,180,1
2026-04-29,600036,13:54:10,38.4900,3259,2
2026-04-29,600036,13:54:13,38.4900,178,1
2026-04-29,600036,13:54:16,38.4900,103,1
2026-04-29,600036,13:54:19,38.4800,385,2
2026-04-29,600036,13:54:22,38.4900,91,1
2026-04-29,600036,13:54:25,38.4900,313,1
2026-04-29,600036,13:54:28,38.4800,225,2
2026-04-29,600036,13:54:31,38.4900,189,1
2026-04-29,600036,13:54:34,38.4800,62,2
2026-04-29,600036,13:54:37,38.4800,97,2
2026-04-29,600036,13:54:40,38.4800,449,2
2026-04-29,600036,13:54:43,38.4800,18,2
2026-04-29,600036,13:54:46,38.4900,224,1
2026-04-29,600036,13:54:49,38.4900,171,1
2026-04-29,600036,13:54:52,38.4800,640,2
2026-04-29,600036,13:54:55,38.4800,97,2
2026-04-29,600036,13:54:58,38.4800,7,2
2026-04-29,600036,13:55:01,38.4800,64,2
2026-04-29,600036,13:55:04,38.4900,199,1
2026-04-29,600036,13:55:07,38.4800,218,2
2026-04-29,600036,13:55:10,38.4900,200,1
2026-04-29,600036,13:55:13,38.4900,61,1
2026-04-29,600036,13:55:16,38.4900,92,1
2026-04-29,600036,13:55:19,38.4900,111,1
2026-04-29,600036,13:55:22,38.4800,1783,2
2026-04-29,600036,13:55:25,38.4800,542,2
2026-04-29,600036,13:55:28,38.4900,533,1
2026-04-29,600036,13:55:31,38.4800,524,2
2026-04-29,600036,13:55:34,38.4800,291,2
2026-04-29,600036,13:55:37,38.4900,295,1
2026-04-29,600036,13:55:40,38.4800,280,2
2026-04-29,600036,13:55:43,38.4800,681,1
2026-04-29,600036,13:55:46,38.4800,235,1
2026-04-29,600036,13:55:49,38.4800,132,1
2026-04-29,600036,13:55:52,38.4800,514,1
2026-04-29,600036,13:55:55,38.4800,88,1
2026-04-29,600036,13:55:58,38.4800,427,2
2026-04-29,600036,13:56:01,38.4900,287,1
2026-04-29,600036,13:56:04,38.4900,415,1
2026-04-29,600036,13:56:07,38.4900,239,1
2026-04-29,600036,13:56:10,38.4900,34,2
2026-04-29,600036,13:56:13,38.4900,60,2
2026-04-29,600036,13:56:16,38.4900,117,2
2026-04-29,600036,13:56:19,38.4800,1217,2
2026-04-29,600036,13:56:22,38.4800,192,2
2026-04-29,600036,13:56:25,38.4900,680,1
2026-04-29,600036,13:56:28,38.4900,278,2
2026-04-29,600036,13:56:31,38.4900,369,1
2026-04-29,600036,13:56:34,38.4900,122,2
2026-04-29,600036,13:56:37,38.4900,89,2
2026-04-29,600036,13:56:40,38.4900,106,2
2026-04-29,600036,13:56:43,38.4900,510,2
2026-04-29,600036,13:56:46,38.4700,802,2
2026-04-29,600036,13:56:49,38.4800,1972,1
2026-04-29,600036,13:56:52,38.4800,194,1
2026-04-29,600036,13:56:55,38.4800,1239,2
2026-04-29,600036,13:56:58,38.4900,56,1
2026-04-29,600036,13:57:01,38.4900,482,1
2026-04-29,600036,13:57:04,38.4900,30,2
2026-04-29,600036,13:57:07,38.4800,564,2
2026-04-29,600036,13:57:10,38.4900,237,1
2026-04-29,600036,13:57:13,38.4900,82,2
2026-04-29,600036,13:57:16,38.5000,171,1
2026-04-29,600036,13:57:19,38.5000,151,1
2026-04-29,600036,13:57:22,38.4900,110,2
2026-04-29,600036,13:57:25,38.4900,154,2
2026-04-29,600036,13:57:28,38.5000,69,1
2026-04-29,600036,13:57:31,38.4900,126,2
2026-04-29,600036,13:57:34,38.5000,249,1
2026-04-29,600036,13:57:37,38.4900,115,2
2026-04-29,600036,13:57:40,38.5000,50,1
2026-04-29,600036,13:57:43,38.5000,3773,1
2026-04-29,600036,13:57:46,38.5000,600,2
2026-04-29,600036,13:57:49,38.5000,123,2
2026-04-29,600036,13:57:52,38.4900,669,2
2026-04-29,600036,13:57:55,38.5000,232,1
2026-04-29,600036,13:57:58,38.5000,33,1
2026-04-29,600036,13:58:01,38.5000,1691,1
2026-04-29,600036,13:58:04,38.5000,71,2
2026-04-29,600036,13:58:07,38.4900,59,2
2026-04-29,600036,13:58:10,38.5000,60,1
2026-04-29,600036,13:58:13,38.4900,86,2
2026-04-29,600036,13:58:16,38.4900,1231,2
2026-04-29,600036,13:58:19,38.4900,217,2
2026-04-29,600036,13:58:22,38.5000,15,1
2026-04-29,600036,13:58:25,38.5000,25,1
2026-04-29,600036,13:58:28,38.5000,103,1
2026-04-29,600036,13:58:31,38.4900,93,2
2026-04-29,600036,13:58:34,38.5000,18,1
2026-04-29,600036,13:58:37,38.5000,23,1
2026-04-29,600036,13:58:40,38.5000,87,1
2026-04-29,600036,13:58:43,38.5000,310,1
2026-04-29,600036,13:58:46,38.5000,205,1
2026-04-29,600036,13:58:49,38.5000,122,1
2026-04-29,600036,13:58:52,38.5000,32,1
2026-04-29,600036,13:58:55,38.5000,77,1
2026-04-29,600036,13:58:58,38.5000,59,1
2026-04-29,600036,13:59:01,38.5000,89,1
2026-04-29,600036,13:59:04,38.5000,108,1
2026-04-29,600036,13:59:07,38.5000,236,1
2026-04-29,600036,13:59:10,38.5000,160,1
2026-04-29,600036,13:59:13,38.5000,331,1
2026-04-29,600036,13:59:16,38.5000,127,2
2026-04-29,600036,13:59:19,38.4900,152,2
2026-04-29,600036,13:59:22,38.4900,166,2
2026-04-29,600036,13:59:25,38.5000,201,1
2026-04-29,600036,13:59:28,38.4900,119,2
2026-04-29,600036,13:59:31,38.5000,505,1
2026-04-29,600036,13:59:34,38.5000,191,1
2026-04-29,600036,13:59:37,38.5000,177,1
2026-04-29,600036,13:59:40,38.4900,106,2
2026-04-29,600036,13:59:43,38.4900,55,2
2026-04-29,600036,13:59:46,38.4900,137,2
2026-04-29,600036,13:59:49,38.5000,130,1
2026-04-29,600036,13:59:52,38.5000,35,1
2026-04-29,600036,13:59:55,38.5000,214,1
2026-04-29,600036,13:59:58,38.5000,204,1
2026-04-29,600036,14:00:01,38.5000,294,1
2026-04-29,600036,14:00:04,38.5000,229,1
2026-04-29,600036,14:00:07,38.4900,247,2
2026-04-29,600036,14:00:10,38.4900,123,2
2026-04-29,600036,14:00:13,38.5000,34,1
2026-04-29,600036,14:00:16,38.4900,119,2
2026-04-29,600036,14:00:19,38.5000,212,1
2026-04-29,600036,14:00:22,38.5000,476,1
2026-04-29,600036,14:00:25,38.5000,171,1
2026-04-29,600036,14:00:28,38.5000,152,1
2026-04-29,600036,14:00:31,38.5000,191,1
2026-04-29,600036,14:00:34,38.5000,83,1
2026-04-29,600036,14:00:37,38.5000,617,1
2026-04-29,600036,14:00:40,38.5000,732,2
2026-04-29,600036,14:00:43,38.5000,300,1
2026-04-29,600036,14:00:46,38.5000,313,1
2026-04-29,600036,14:00:49,38.5000,56,1
2026-04-29,600036,14:00:52,38.5000,219,1
2026-04-29,600036,14:00:55,38.5000,29,1
2026-04-29,600036,14:00:58,38.5000,264,1
2026-04-29,600036,14:01:01,38.5000,192,1
2026-04-29,600036,14:01:04,38.4900,154,2
2026-04-29,600036,14:01:07,38.5000,48,1
2026-04-29,600036,14:01:10,38.5000,827,1
2026-04-29,600036,14:01:13,38.5000,272,1
2026-04-29,600036,14:01:16,38.5000,907,1
2026-04-29,600036,14:01:19,38.5000,311,1
2026-04-29,600036,14:01:22,38.5000,71,1
2026-04-29,600036,14:01:25,38.5000,256,1
2026-04-29,600036,14:01:28,38.5000,302,1
2026-04-29,600036,14:01:31,38.5000,221,2
2026-04-29,600036,14:01:34,38.5100,43,1
2026-04-29,600036,14:01:37,38.5100,48,1
2026-04-29,600036,14:01:40,38.5100,40,1
2026-04-29,600036,14:01:43,38.5100,11,1
2026-04-29,600036,14:01:46,38.5100,1779,1
2026-04-29,600036,14:01:49,38.5100,59,1
2026-04-29,600036,14:01:52,38.5100,44,1
2026-04-29,600036,14:01:55,38.5100,40,1
2026-04-29,600036,14:01:58,38.5100,152,1
2026-04-29,600036,14:02:01,38.5100,332,1
2026-04-29,600036,14:02:04,38.5200,1511,1
2026-04-29,600036,14:02:07,38.5200,42,2
2026-04-29,600036,14:02:10,38.5200,244,2
2026-04-29,600036,14:02:13,38.5200,154,1
2026-04-29,600036,14:02:16,38.5200,181,1
2026-04-29,600036,14:02:19,38.5200,12,2
2026-04-29,600036,14:02:22,38.5300,18,1
2026-04-29,600036,14:02:25,38.5200,28,2
2026-04-29,600036,14:02:28,38.5200,303,2
2026-04-29,600036,14:02:31,38.5300,116,1
2026-04-29,600036,14:02:34,38.5200,55,2
2026-04-29,600036,14:02:37,38.5200,174,2
2026-04-29,600036,14:02:40,38.5300,940,1
2026-04-29,600036,14:02:43,38.5300,307,2
2026-04-29,600036,14:02:46,38.5300,177,2
2026-04-29,600036,14:02:49,38.5400,133,1
2026-04-29,600036,14:02:52,38.5400,48,2
2026-04-29,600036,14:02:55,38.5400,126,2
2026-04-29,600036,14:02:58,38.5500,64,1
2026-04-29,600036,14:03:01,38.5500,130,1
2026-04-29,600036,14:03:04,38.5500,481,1
2026-04-29,600036,14:03:07,38.5500,259,1
2026-04-29,600036,14:03:10,38.5500,114,1
2026-04-29,600036,14:03:13,38.5500,177,2
2026-04-29,600036,14:03:16,38.5500,76,2
2026-04-29,600036,14:03:19,38.5500,73,2
2026-04-29,600036,14:03:22,38.5500,18,2
2026-04-29,600036,14:03:25,38.5600,258,1
2026-04-29,600036,14:03:28,38.5500,35,2
2026-04-29,600036,14:03:31,38.5600,130,1
2026-04-29,600036,14:03:34,38.5600,133,1
2026-04-29,600036,14:03:37,38.5600,55,1
2026-04-29,600036,14:03:40,38.5600,260,1
2026-04-29,600036,14:03:43,38.5600,146,1
2026-04-29,600036,14:03:46,38.5600,89,1
2026-04-29,600036,14:03:49,38.5600,349,1
2026-04-29,600036,14:03:52,38.5600,217,1
2026-04-29,600036,14:03:55,38.5600,221,1
2026-04-29,600036,14:03:58,38.5600,341,1
2026-04-29,600036,14:04:01,38.5600,660,1
2026-04-29,600036,14:04:04,38.5500,181,2
2026-04-29,600036,14:04:07,38.5600,93,1
2026-04-29,600036,14:04:10,38.5600,50,1
2026-04-29,600036,14:04:13,38.5600,406,1
2026-04-29,600036,14:04:16,38.5600,547,2
2026-04-29,600036,14:04:19,38.5600,187,2
2026-04-29,600036,14:04:22,38.5600,488,1
2026-04-29,600036,14:04:25,38.5600,100,1
2026-04-29,600036,14:04:28,38.5600,25,1
2026-04-29,600036,14:04:31,38.5600,108,1
2026-04-29,600036,14:04:34,38.5600,94,1
2026-04-29,600036,14:04:37,38.5600,310,1
2026-04-29,600036,14:04:40,38.5600,160,1
2026-04-29,600036,14:04:43,38.5600,344,2
2026-04-29,600036,14:04:46,38.5600,144,1
2026-04-29,600036,14:04:49,38.5600,204,1
2026-04-29,600036,14:04:52,38.5600,43,1
2026-04-29,600036,14:04:55,38.5600,180,1
2026-04-29,600036,14:04:58,38.5600,133,1
2026-04-29,600036,14:05:01,38.5600,164,1
2026-04-29,600036,14:05:04,38.5600,700,2
2026-04-29,600036,14:05:07,38.5600,237,2
2026-04-29,600036,14:05:10,38.5700,316,1
2026-04-29,600036,14:05:13,38.5600,228,2
2026-04-29,600036,14:05:16,38.5600,446,2
2026-04-29,600036,14:05:19,38.5600,945,2
2026-04-29,600036,14:05:22,38.5600,274,1
2026-04-29,600036,14:05:25,38.5600,81,1
2026-04-29,600036,14:05:28,38.5600,98,1
2026-04-29,600036,14:05:31,38.5600,54,1
2026-04-29,600036,14:05:34,38.5600,166,1
2026-04-29,600036,14:05:37,38.5600,286,1
2026-04-29,600036,14:05:40,38.5600,49,1
2026-04-29,600036,14:05:43,38.5600,55,2
2026-04-29,600036,14:05:46,38.5700,57,1
2026-04-29,600036,14:05:49,38.5700,27,1
2026-04-29,600036,14:05:52,38.5700,75,1
2026-04-29,600036,14:05:55,38.5700,13,1
2026-04-29,600036,14:05:58,38.5600,85,2
2026-04-29,600036,14:06:01,38.5700,94,1
2026-04-29,600036,14:06:04,38.5700,26,1
2026-04-29,600036,14:06:07,38.5600,37,2
2026-04-29,600036,14:06:10,38.5600,24,2
2026-04-29,600036,14:06:13,38.5700,38,1
2026-04-29,600036,14:06:16,38.5700,110,1
2026-04-29,600036,14:06:19,38.5700,266,1
2026-04-29,600036,14:06:22,38.5700,66,1
2026-04-29,600036,14:06:25,38.5700,56,1
2026-04-29,600036,14:06:28,38.5700,1661,1
2026-04-29,600036,14:06:31,38.5800,108,1
2026-04-29,600036,14:06:34,38.5800,33,1
2026-04-29,600036,14:06:37,38.5700,128,2
2026-04-29,600036,14:06:40,38.5800,363,1
2026-04-29,600036,14:06:43,38.5800,329,1
2026-04-29,600036,14:06:46,38.5800,153,1
2026-04-29,600036,14:06:49,38.5700,149,2
2026-04-29,600036,14:06:52,38.5800,142,1
2026-04-29,600036,14:06:55,38.5800,523,1
2026-04-29,600036,14:06:58,38.5800,1111,2
2026-04-29,600036,14:07:01,38.5700,452,2
2026-04-29,600036,14:07:04,38.5700,533,2
2026-04-29,600036,10:57:10,38.4600,926,1
2026-04-29,600036,10:57:13,38.4500,688,2
2026-04-29,600036,10:57:16,38.4600,314,1
2026-04-29,600036,10:57:19,38.4700,1028,1
2026-04-29,600036,10:57:22,38.4500,1084,2
2026-04-29,600036,10:57:25,38.4500,1934,2
2026-04-29,600036,10:57:28,38.4500,422,1
2026-04-29,600036,10:57:31,38.4400,1006,2
2026-04-29,600036,10:57:34,38.4300,526,2
2026-04-29,600036,10:57:37,38.4400,232,4
2026-04-29,600036,10:57:40,38.4400,748,1
2026-04-29,600036,10:57:43,38.4400,291,2
2026-04-29,600036,10:57:46,38.4400,157,1
2026-04-29,600036,10:57:49,38.4400,238,1
2026-04-29,600036,10:57:52,38.4400,234,1
2026-04-29,600036,10:57:55,38.4300,448,2
2026-04-29,600036,10:57:58,38.4300,246,2
2026-04-29,600036,10:58:01,38.4300,820,2
2026-04-29,600036,10:58:04,38.4200,772,2
2026-04-29,600036,10:58:07,38.4200,237,2
2026-04-29,600036,10:58:10,38.4300,489,1
2026-04-29,600036,10:58:13,38.4200,379,2
2026-04-29,600036,10:58:16,38.4300,141,1
2026-04-29,600036,10:58:19,38.4200,466,2
2026-04-29,600036,10:58:22,38.4200,146,2
2026-04-29,600036,10:58:25,38.4300,156,1
2026-04-29,600036,10:58:28,38.4300,49,1
2026-04-29,600036,10:58:31,38.4300,262,1
2026-04-29,600036,10:58:34,38.4200,182,2
2026-04-29,600036,10:58:37,38.4300,253,1
2026-04-29,600036,10:58:40,38.4300,508,1
2026-04-29,600036,10:58:43,38.4300,1045,1
2026-04-29,600036,10:58:46,38.4300,858,1
2026-04-29,600036,10:58:49,38.4300,3525,1
2026-04-29,600036,10:58:52,38.4300,772,1
2026-04-29,600036,10:58:55,38.4300,163,1
2026-04-29,600036,10:58:58,38.4300,930,1
2026-04-29,600036,10:59:01,38.4300,312,1
2026-04-29,600036,10:59:04,38.4300,242,1
2026-04-29,600036,10:59:07,38.4300,548,1
2026-04-29,600036,10:59:10,38.4200,182,2
2026-04-29,600036,10:59:13,38.4300,788,1
2026-04-29,600036,10:59:16,38.4300,226,1
2026-04-29,600036,10:59:19,38.4300,2455,1
2026-04-29,600036,10:59:22,38.4300,276,1
2026-04-29,600036,10:59:25,38.4300,652,1
2026-04-29,600036,10:59:28,38.4300,204,2
2026-04-29,600036,10:59:31,38.4300,308,2
2026-04-29,600036,10:59:34,38.4200,1277,2
2026-04-29,600036,10:59:37,38.4100,452,2
2026-04-29,600036,10:59:40,38.4200,1880,1
2026-04-29,600036,10:59:43,38.4200,297,1
2026-04-29,600036,10:59:46,38.4200,377,1
2026-04-29,600036,10:59:49,38.4200,299,1
2026-04-29,600036,10:59:52,38.4200,573,1
2026-04-29,600036,10:59:55,38.4200,667,1
2026-04-29,600036,10:59:58,38.4100,3787,2
2026-04-29,600036,11:00:01,38.4100,480,2
2026-04-29,600036,11:00:04,38.4000,1482,2
2026-04-29,600036,11:00:07,38.4200,302,1
2026-04-29,600036,11:00:10,38.4200,129,1
2026-04-29,600036,11:00:13,38.4200,132,1
2026-04-29,600036,11:00:16,38.4200,884,1
2026-04-29,600036,11:00:19,38.4100,1010,2
2026-04-29,600036,11:00:22,38.4000,437,2
2026-04-29,600036,11:00:25,38.4100,504,1
2026-04-29,600036,11:00:28,38.4100,184,1
2026-04-29,600036,11:00:31,38.4100,351,1
2026-04-29,600036,11:00:34,38.4000,769,2
2026-04-29,600036,11:00:37,38.4000,798,2
2026-04-29,600036,11:00:40,38.3900,16077,2
2026-04-29,600036,11:00:43,38.3900,2351,1
2026-04-29,600036,11:00:46,38.3700,1139,2
2026-04-29,600036,11:00:49,38.3800,423,1
2026-04-29,600036,11:00:52,38.3800,242,1
2026-04-29,600036,11:00:55,38.3800,1253,1
2026-04-29,600036,11:00:58,38.3800,354,1
2026-04-29,600036,11:01:01,38.3800,559,1
2026-04-29,600036,11:01:04,38.3700,296,2
2026-04-29,600036,11:01:07,38.3700,279,1
2026-04-29,600036,11:01:10,38.3700,311,1
2026-04-29,600036,11:01:13,38.3700,592,1
2026-04-29,600036,11:01:16,38.3700,399,1
2026-04-29,600036,11:01:19,38.3700,442,2
2026-04-29,600036,11:01:22,38.3700,378,1
2026-04-29,600036,11:01:25,38.3700,393,1
2026-04-29,600036,11:01:28,38.3700,522,1
2026-04-29,600036,11:01:31,38.3700,890,1
2026-04-29,600036,11:01:34,38.3600,348,2
2026-04-29,600036,11:01:37,38.3700,208,1
2026-04-29,600036,11:01:40,38.3700,220,1
2026-04-29,600036,11:01:43,38.3700,720,1
2026-04-29,600036,11:01:46,38.3700,487,1
2026-04-29,600036,11:01:49,38.3700,84,2
2026-04-29,600036,11:01:52,38.3700,271,2
2026-04-29,600036,11:01:55,38.3700,258,2
2026-04-29,600036,11:01:58,38.3700,110,2
2026-04-29,600036,11:02:01,38.3700,840,2
2026-04-29,600036,11:02:04,38.3800,189,1
2026-04-29,600036,11:02:07,38.3700,623,2
2026-04-29,600036,11:02:10,38.3700,498,2
2026-04-29,600036,11:02:13,38.3600,423,2
2026-04-29,600036,11:02:16,38.3600,444,2
2026-04-29,600036,11:02:19,38.3700,410,1
2026-04-29,600036,11:02:22,38.3700,344,1
2026-04-29,600036,11:02:25,38.3700,444,1
2026-04-29,600036,11:02:28,38.3700,408,1
2026-04-29,600036,11:02:31,38.3700,138,1
2026-04-29,600036,11:02:34,38.3700,272,1
2026-04-29,600036,11:02:37,38.3700,312,1
2026-04-29,600036,11:02:40,38.3700,756,1
2026-04-29,600036,11:02:43,38.3700,2394,1
2026-04-29,600036,11:02:46,38.3700,954,1
2026-04-29,600036,11:02:49,38.3500,636,2
2026-04-29,600036,11:02:52,38.3500,580,2
2026-04-29,600036,11:02:55,38.3500,970,2
2026-04-29,600036,11:02:58,38.3500,887,2
2026-04-29,600036,11:03:01,38.3600,404,1
2026-04-29,600036,11:03:04,38.3600,715,1
2026-04-29,600036,11:03:07,38.3500,218,2
2026-04-29,600036,11:03:10,38.3600,191,1
2026-04-29,600036,11:03:13,38.3600,357,1
2026-04-29,600036,11:03:16,38.3500,680,2
2026-04-29,600036,11:03:19,38.3600,462,1
2026-04-29,600036,11:03:22,38.3600,161,1
2026-04-29,600036,11:03:25,38.3600,227,1
2026-04-29,600036,11:03:28,38.3500,847,2
2026-04-29,600036,11:03:31,38.3500,262,2
2026-04-29,600036,11:03:34,38.3600,783,1
2026-04-29,600036,11:03:37,38.3600,2026,1
2026-04-29,600036,11:03:40,38.3600,1814,1
2026-04-29,600036,11:03:43,38.3500,668,2
2026-04-29,600036,11:03:46,38.3500,343,1
2026-04-29,600036,11:03:49,38.3500,371,1
2026-04-29,600036,11:03:52,38.3500,428,1
2026-04-29,600036,11:03:55,38.3500,467,1
2026-04-29,600036,11:03:58,38.3500,808,1
2026-04-29,600036,11:04:01,38.3500,955,1
2026-04-29,600036,11:04:04,38.3500,481,1
2026-04-29,600036,11:04:07,38.3500,709,1
2026-04-29,600036,11:04:10,38.3500,380,1
2026-04-29,600036,11:04:13,38.3500,497,2
2026-04-29,600036,11:04:16,38.3600,163,1
2026-04-29,600036,11:04:19,38.3500,166,2
2026-04-29,600036,11:04:22,38.3600,570,1
2026-04-29,600036,11:04:25,38.3600,210,1
2026-04-29,600036,11:04:28,38.3600,138,1
2026-04-29,600036,11:04:31,38.3500,200,2
2026-04-29,600036,11:04:34,38.3600,787,1
2026-04-29,600036,11:04:37,38.3600,215,1
2026-04-29,600036,11:04:40,38.3600,232,1
2026-04-29,600036,11:04:43,38.3700,1012,1
2026-04-29,600036,11:04:46,38.3600,1346,2
2026-04-29,600036,11:04:49,38.3700,164,1
2026-04-29,600036,11:04:52,38.3700,1078,1
2026-04-29,600036,11:04:55,38.3700,449,1
2026-04-29,600036,11:04:58,38.3600,1127,2
2026-04-29,600036,11:05:01,38.3700,2986,1
2026-04-29,600036,11:05:04,38.3700,733,1
2026-04-29,600036,11:05:07,38.3700,270,1
2026-04-29,600036,11:05:10,38.3700,326,1
2026-04-29,600036,11:05:13,38.3600,262,2
2026-04-29,600036,11:05:16,38.3700,570,1
2026-04-29,600036,11:05:19,38.3700,478,2
2026-04-29,600036,11:05:22,38.3800,518,1
2026-04-29,600036,11:05:25,38.3800,208,1
2026-04-29,600036,11:05:28,38.3800,85,1
2026-04-29,600036,11:05:31,38.3800,563,1
2026-04-29,600036,11:05:34,38.3800,180,1
2026-04-29,600036,11:05:37,38.3800,349,1
2026-04-29,600036,11:05:40,38.3800,237,1
2026-04-29,600036,11:05:43,38.3800,498,1
2026-04-29,600036,11:05:46,38.3800,429,1
2026-04-29,600036,11:05:49,38.3800,330,1
2026-04-29,600036,11:05:52,38.3800,679,1
2026-04-29,600036,11:05:55,38.3900,658,1
2026-04-29,600036,11:05:58,38.3900,843,1
2026-04-29,600036,11:06:01,38.3900,416,1
2026-04-29,600036,11:06:04,38.3900,216,1
2026-04-29,600036,11:06:07,38.3900,487,1
2026-04-29,600036,11:06:10,38.4000,215,1
2026-04-29,600036,11:06:13,38.4000,184,1
2026-04-29,600036,11:06:16,38.4000,267,1
2026-04-29,600036,11:06:19,38.4000,400,1
2026-04-29,600036,11:06:22,38.4000,291,1
2026-04-29,600036,11:06:25,38.4000,441,1
2026-04-29,600036,11:06:28,38.4100,41,1
2026-04-29,600036,11:06:31,38.4100,94,1
2026-04-29,600036,11:06:34,38.4100,1320,1
2026-04-29,600036,11:06:37,38.4200,841,1
2026-04-29,600036,11:06:40,38.4200,783,2
2026-04-29,600036,11:06:43,38.4100,1357,2
2026-04-29,600036,11:06:46,38.4000,472,2
2026-04-29,600036,11:06:49,38.4100,374,1
2026-04-29,600036,11:06:52,38.4100,75,1
2026-04-29,600036,11:06:55,38.4100,350,1
2026-04-29,600036,11:06:58,38.4100,369,1
2026-04-29,600036,11:07:01,38.4100,664,1
2026-04-29,600036,11:07:04,38.4100,478,1
2026-04-29,600036,11:07:07,38.4100,395,1
2026-04-29,600036,11:07:10,38.4100,341,1
2026-04-29,600036,11:07:13,38.4100,389,2
2026-04-29,600036,11:07:16,38.4100,444,1
2026-04-29,600036,11:07:19,38.4100,216,2
2026-04-29,600036,11:07:22,38.4100,818,1
2026-04-29,600036,11:07:25,38.4100,296,1
2026-04-29,600036,11:07:28,38.4100,2056,1
2026-04-29,600036,11:07:31,38.4000,435,2
2026-04-29,600036,11:07:34,38.3800,815,2
2026-04-29,600036,11:07:37,38.3900,254,1
2026-04-29,600036,11:07:40,38.3900,211,1
2026-04-29,600036,11:07:43,38.3900,1001,1
2026-04-29,600036,11:07:46,38.3800,607,2
2026-04-29,600036,11:07:49,38.3800,418,2
2026-04-29,600036,11:07:52,38.3900,355,1
2026-04-29,600036,11:07:55,38.3900,133,1
2026-04-29,600036,11:07:58,38.3900,236,1
2026-04-29,600036,11:08:01,38.3900,326,1
2026-04-29,600036,11:08:04,38.3900,262,1
2026-04-29,600036,11:08:07,38.3900,310,1
2026-04-29,600036,11:08:10,38.3900,820,1
2026-04-29,600036,11:08:13,38.3800,193,2
2026-04-29,600036,11:08:16,38.3900,219,1
2026-04-29,600036,11:08:19,38.3900,611,1
2026-04-29,600036,11:08:22,38.3800,249,2
2026-04-29,600036,11:08:25,38.3900,207,1
2026-04-29,600036,11:08:28,38.3900,294,1
2026-04-29,600036,11:08:31,38.3900,223,1
2026-04-29,600036,11:08:34,38.3900,186,1
2026-04-29,600036,11:08:37,38.3900,38,2
2026-04-29,600036,11:08:40,38.3900,500,2
2026-04-29,600036,11:08:43,38.3900,451,1
2026-04-29,600036,11:08:46,38.3900,405,1
2026-04-29,600036,11:08:49,38.3900,149,1
2026-04-29,600036,11:08:52,38.3900,475,2
2026-04-29,600036,11:08:55,38.4000,206,1
2026-04-29,600036,11:08:58,38.3900,380,1
2026-04-29,600036,11:09:01,38.3900,438,2
2026-04-29,600036,11:09:04,38.3900,2988,2
2026-04-29,600036,11:09:07,38.3800,1679,2
2026-04-29,600036,11:09:10,38.3800,2731,2
2026-04-29,600036,11:09:13,38.3700,1924,2
2026-04-29,600036,11:09:16,38.3700,1025,1
2026-04-29,600036,11:09:19,38.3700,1338,1
2026-04-29,600036,11:09:22,38.3600,700,2
2026-04-29,600036,11:09:25,38.3600,656,2
2026-04-29,600036,11:09:28,38.3700,415,1
2026-04-29,600036,11:09:31,38.3700,124,1
2026-04-29,600036,11:09:34,38.3600,532,2
2026-04-29,600036,11:09:37,38.3700,358,1
2026-04-29,600036,11:09:40,38.3700,791,1
2026-04-29,600036,11:09:43,38.3600,352,2
2026-04-29,600036,11:09:46,38.3700,210,1
2026-04-29,600036,11:09:49,38.3700,238,1
2026-04-29,600036,11:09:52,38.3600,547,2
2026-04-29,600036,11:09:55,38.3700,427,1
2026-04-29,600036,11:09:58,38.3700,495,1
2026-04-29,600036,11:10:01,38.3700,283,1
2026-04-29,600036,11:10:04,38.3700,2297,1
2026-04-29,600036,11:10:07,38.3700,597,2
2026-04-29,600036,11:10:10,38.3800,161,1
2026-04-29,600036,11:10:13,38.3800,108,1
2026-04-29,600036,11:10:16,38.3800,646,1
2026-04-29,600036,11:10:19,38.3700,202,2
2026-04-29,600036,11:10:22,38.3700,1545,2
2026-04-29,600036,11:10:25,38.3700,852,1
2026-04-29,600036,11:10:28,38.3700,264,1
2026-04-29,600036,11:10:31,38.3700,422,1
2026-04-29,600036,11:10:34,38.3700,207,2
2026-04-29,600036,11:10:37,38.3700,678,1
2026-04-29,600036,11:10:40,38.3800,653,1
2026-04-29,600036,11:10:43,38.3700,577,2
2026-04-29,600036,11:10:46,38.3800,778,1
2026-04-29,600036,11:10:49,38.3800,678,1
2026-04-29,600036,11:10:52,38.3800,211,1
2026-04-29,600036,11:10:55,38.3700,441,2
2026-04-29,600036,11:10:58,38.3800,273,1
2026-04-29,600036,11:11:01,38.3700,432,2
2026-04-29,600036,11:11:04,38.3600,303,2
2026-04-29,600036,11:11:07,38.3700,233,2
2026-04-29,600036,11:11:10,38.3700,432,1
2026-04-29,600036,11:11:13,38.3700,270,1
2026-04-29,600036,11:11:16,38.3700,548,2
2026-04-29,600036,11:11:19,38.3700,763,1
2026-04-29,600036,11:11:22,38.3700,941,1
2026-04-29,600036,11:11:25,38.3700,128,1
2026-04-29,600036,11:11:28,38.3700,1284,1
2026-04-29,600036,11:11:31,38.3700,1707,1
2026-04-29,600036,11:11:34,38.3700,761,1
2026-04-29,600036,11:11:37,38.3600,931,2
2026-04-29,600036,11:11:40,38.3700,254,1
2026-04-29,600036,11:11:43,38.3700,530,1
2026-04-29,600036,11:11:46,38.3700,320,1
2026-04-29,600036,11:11:49,38.3700,807,2
2026-04-29,600036,11:11:52,38.3700,234,1
2026-04-29,600036,11:11:55,38.3700,596,1
2026-04-29,600036,11:11:58,38.3700,148,2
2026-04-29,600036,11:12:01,38.3700,443,2
2026-04-29,600036,11:12:04,38.3700,144,2
2026-04-29,600036,11:12:07,38.3800,409,1
2026-04-29,600036,11:12:10,38.3800,389,1
2026-04-29,600036,11:12:13,38.3700,137,2
2026-04-29,600036,11:12:16,38.3700,473,2
2026-04-29,600036,11:12:19,38.3700,278,2
2026-04-29,600036,11:12:22,38.3700,71,2
2026-04-29,600036,11:12:25,38.3800,502,1
2026-04-29,600036,11:12:28,38.3800,52,1
2026-04-29,600036,11:12:31,38.3700,458,2
2026-04-29,600036,11:12:34,38.3700,425,2
2026-04-29,600036,11:12:37,38.3700,387,1
2026-04-29,600036,11:12:40,38.3700,200,1
2026-04-29,600036,11:12:43,38.3700,206,1
2026-04-29,600036,11:12:46,38.3600,211,2
2026-04-29,600036,11:12:49,38.3600,264,2
2026-04-29,600036,11:12:52,38.3700,725,1
2026-04-29,600036,11:12:55,38.3600,282,2
2026-04-29,600036,11:12:58,38.3600,438,2
2026-04-29,600036,11:13:01,38.3700,128,1
2026-04-29,600036,11:13:04,38.3600,267,2
2026-04-29,600036,11:13:07,38.3700,788,1
2026-04-29,600036,11:13:10,38.3700,232,1
2026-04-29,600036,11:13:13,38.3700,4768,1
2026-04-29,600036,11:13:16,38.3700,1475,1
2026-04-29,600036,11:13:19,38.3600,232,1
2026-04-29,600036,11:13:22,38.3700,384,1
2026-04-29,600036,11:13:25,38.3700,157,1
2026-04-29,600036,11:13:28,38.3600,56,2
2026-04-29,600036,11:13:31,38.3700,62,1
2026-04-29,600036,11:13:34,38.3700,123,1
2026-04-29,600036,11:13:37,38.3700,173,1
2026-04-29,600036,11:13:40,38.3700,519,1
2026-04-29,600036,11:13:43,38.3700,195,1
2026-04-29,600036,11:13:46,38.3700,974,1
2026-04-29,600036,11:13:49,38.3700,72,2
2026-04-29,600036,11:13:52,38.3800,34,1
2026-04-29,600036,11:13:55,38.3900,953,1
2026-04-29,600036,11:13:58,38.3800,158,2
2026-04-29,600036,11:14:01,38.3900,127,1
2026-04-29,600036,11:14:04,38.3800,256,2
2026-04-29,600036,11:14:07,38.3800,134,1
2026-04-29,600036,11:14:10,38.3800,68,2
2026-04-29,600036,11:14:13,38.3900,458,1
2026-04-29,600036,11:14:16,38.3900,173,1
2026-04-29,600036,11:14:19,38.3800,169,2
2026-04-29,600036,11:14:22,38.3900,71,1
2026-04-29,600036,11:14:25,38.3900,81,1
2026-04-29,600036,11:14:28,38.3900,67,1
2026-04-29,600036,11:14:31,38.3800,222,2
2026-04-29,600036,11:14:34,38.3900,696,1
2026-04-29,600036,11:14:37,38.3900,323,1
2026-04-29,600036,11:14:40,38.3800,136,2
2026-04-29,600036,11:14:43,38.3900,303,1
2026-04-29,600036,11:14:46,38.3900,155,1
2026-04-29,600036,11:14:49,38.3900,222,1
2026-04-29,600036,11:14:52,38.3800,2416,2
2026-04-29,600036,11:14:55,38.3800,436,2
2026-04-29,600036,11:14:58,38.3800,629,1
2026-04-29,600036,11:15:01,38.3800,244,1
2026-04-29,600036,11:15:04,38.3800,154,1
2026-04-29,600036,11:15:07,38.3800,214,1
2026-04-29,600036,11:15:10,38.3800,397,1
2026-04-29,600036,11:15:13,38.3800,288,2
2026-04-29,600036,11:15:16,38.3800,465,2
2026-04-29,600036,11:15:19,38.3800,612,2
2026-04-29,600036,11:15:22,38.3800,131,1
2026-04-29,600036,11:15:25,38.3800,130,1
2026-04-29,600036,11:15:28,38.3700,283,2
2026-04-29,600036,11:15:31,38.3800,203,1
2026-04-29,600036,11:15:34,38.3800,140,1
2026-04-29,600036,11:15:37,38.3800,25,2
2026-04-29,600036,11:15:40,38.3900,170,1
2026-04-29,600036,11:15:43,38.3800,219,2
2026-04-29,600036,11:15:46,38.3900,315,1
2026-04-29,600036,11:15:49,38.3900,335,1
2026-04-29,600036,11:15:52,38.3900,501,1
2026-04-29,600036,11:15:55,38.3800,291,2
2026-04-29,600036,11:15:58,38.3800,637,2
2026-04-29,600036,11:16:01,38.3800,1053,1
2026-04-29,600036,11:16:04,38.3800,507,1
2026-04-29,600036,11:16:07,38.3800,176,1
2026-04-29,600036,11:16:10,38.3900,228,1
2026-04-29,600036,11:16:13,38.3900,224,1
2026-04-29,600036,11:16:16,38.3800,424,2
2026-04-29,600036,11:16:19,38.3800,169,1
2026-04-29,600036,11:16:22,38.3800,427,1
2026-04-29,600036,11:16:25,38.3800,44,2
2026-04-29,600036,11:16:28,38.3900,633,1
2026-04-29,600036,11:16:31,38.3900,146,1
2026-04-29,600036,11:16:34,38.3800,73,2
2026-04-29,600036,11:16:37,38.3900,226,1
2026-04-29,600036,11:16:40,38.3900,453,1
2026-04-29,600036,11:16:43,38.3800,265,2
2026-04-29,600036,11:16:46,38.3900,336,1
2026-04-29,600036,11:16:49,38.3900,127,1
2026-04-29,600036,11:16:52,38.3900,43,1
2026-04-29,600036,11:16:55,38.3900,678,1
2026-04-29,600036,11:16:58,38.3800,338,2
2026-04-29,600036,11:17:01,38.3900,174,1
2026-04-29,600036,11:17:04,38.3800,280,2
2026-04-29,600036,11:17:07,38.3900,86,1
2026-04-29,600036,11:17:10,38.3900,81,1
2026-04-29,600036,11:17:13,38.3900,125,1
2026-04-29,600036,11:17:16,38.3900,332,1
2026-04-29,600036,11:17:19,38.3900,262,1
2026-04-29,600036,11:17:22,38.3900,708,1
2026-04-29,600036,11:17:25,38.3900,457,1
2026-04-29,600036,11:17:28,38.3900,350,1
2026-04-29,600036,11:17:31,38.3900,1283,1
2026-04-29,600036,11:17:34,38.4000,427,1
2026-04-29,600036,11:17:37,38.4000,86,1
2026-04-29,600036,11:17:40,38.4000,71,1
2026-04-29,600036,11:17:43,38.4000,262,1
2026-04-29,600036,11:17:46,38.4000,116,1
2026-04-29,600036,11:17:49,38.4000,324,2
2026-04-29,600036,11:17:52,38.4100,37,1
2026-04-29,600036,11:17:55,38.4100,317,1
2026-04-29,600036,11:17:58,38.4100,338,2
2026-04-29,600036,11:18:01,38.4100,97,2
2026-04-29,600036,11:18:04,38.4200,60,1
2026-04-29,600036,11:18:07,38.4100,471,2
2026-04-29,600036,11:18:10,38.4100,676,2
2026-04-29,600036,11:18:13,38.4100,271,2
2026-04-29,600036,11:18:16,38.4100,1255,2
2026-04-29,600036,11:18:19,38.4100,281,1
2026-04-29,600036,11:18:22,38.4100,248,1
2026-04-29,600036,11:18:25,38.4100,410,1
2026-04-29,600036,11:18:28,38.4100,90,1
2026-04-29,600036,11:18:31,38.4200,41,1
2026-04-29,600036,11:18:34,38.4200,144,1
2026-04-29,600036,11:18:37,38.4200,422,1
2026-04-29,600036,11:18:40,38.4200,124,1
2026-04-29,600036,11:18:43,38.4100,391,2
2026-04-29,600036,11:18:46,38.4200,230,1
2026-04-29,600036,11:18:49,38.4200,240,2
2026-04-29,600036,11:18:52,38.4200,250,1
2026-04-29,600036,11:18:55,38.4300,187,1
2026-04-29,600036,11:18:58,38.4300,186,1
2026-04-29,600036,11:19:01,38.4300,467,1
2026-04-29,600036,11:19:04,38.4300,160,2
2026-04-29,600036,11:19:07,38.4300,169,2
2026-04-29,600036,11:19:10,38.4300,198,1
2026-04-29,600036,11:19:13,38.4300,666,1
2026-04-29,600036,11:19:16,38.4300,301,1
2026-04-29,600036,11:19:19,38.4400,103,1
2026-04-29,600036,11:19:22,38.4400,201,1
2026-04-29,600036,11:19:25,38.4400,174,1
2026-04-29,600036,11:19:28,38.4300,1384,2
2026-04-29,600036,11:19:31,38.4300,270,2
2026-04-29,600036,11:19:34,38.4200,294,2
