date,code,time,price,volume,bs
2026-04-03,601318,14:05:51,57.3300,147,1
2026-04-03,601318,14:05:54,57.3100,99,2
2026-04-03,601318,14:05:57,57.3300,438,1
2026-04-03,601318,14:06:00,57.3300,4,1
2026-04-03,601318,14:06:03,57.3100,29,2
2026-04-03,601318,14:06:06,57.3200,13,1
2026-04-03,601318,14:06:09,57.3100,50,2
2026-04-03,601318,14:06:12,57.3200,218,1
2026-04-03,601318,14:06:15,57.3200,5,1
2026-04-03,601318,14:06:18,57.3200,37,1
2026-04-03,601318,14:06:21,57.3200,39,1
2026-04-03,601318,14:06:24,57.3200,19,2
2026-04-03,601318,14:06:27,57.3200,67,2
2026-04-03,601318,14:06:30,57.3200,1,2
2026-04-03,601318,14:06:33,57.3200,123,2
2026-04-03,601318,14:06:36,57.3300,72,1
2026-04-03,601318,14:06:39,57.3200,1,2
2026-04-03,601318,14:06:42,57.3200,28,2
2026-04-03,601318,14:06:45,57.3200,26,2
2026-04-03,601318,14:06:48,57.3200,72,2
2026-04-03,601318,14:06:51,57.3200,24,1
2026-04-03,601318,14:06:54,57.3200,73,1
2026-04-03,601318,14:06:57,57.3200,18,1
2026-04-03,601318,14:07:00,57.3200,21,1
2026-04-03,601318,14:07:03,57.3100,223,2
2026-04-03,601318,14:07:06,57.3100,223,1
2026-04-03,601318,14:07:09,57.3000,420,2
2026-04-03,601318,14:07:12,57.3300,8,1
2026-04-03,601318,14:07:15,57.3200,6,1
2026-04-03,601318,14:07:18,57.3100,12,2
2026-04-03,601318,14:07:21,57.3200,4,1
2026-04-03,601318,14:07:24,57.3200,5,1
2026-04-03,601318,14:07:27,57.3100,24,2
2026-04-03,601318,14:07:30,57.3000,274,2
2026-04-03,601318,14:07:33,57.3000,123,2
2026-04-03,601318,14:07:36,57.3000,125,1
2026-04-03,601318,14:07:39,57.3100,37,1
2026-04-03,601318,14:07:42,57.3000,23,4
2026-04-03,601318,14:07:45,57.3000,18,2
2026-04-03,601318,14:07:48,57.3100,30,1
2026-04-03,601318,14:07:51,57.3100,45,1
2026-04-03,601318,14:07:54,57.3000,38,2
2026-04-03,601318,14:07:57,57.3000,89,2
2026-04-03,601318,14:08:00,57.3100,18,1
2026-04-03,601318,14:08:03,57.3200,91,1
2026-04-03,601318,14:08:06,57.3100,45,4
2026-04-03,601318,14:08:09,57.3000,86,2
2026-04-03,601318,14:08:12,57.3000,33,4
2026-04-03,601318,14:08:15,57.3000,26,1
2026-04-03,601318,14:08:18,57.3000,6,2
2026-04-03,601318,14:08:21,57.2900,34,2
2026-04-03,601318,14:08:24,57.3000,32,4
2026-04-03,601318,14:08:27,57.3100,18,1
2026-04-03,601318,14:08:30,57.3200,27,1
2026-04-03,601318,14:08:33,57.3100,5,2
2026-04-03,601318,14:08:36,57.3200,22,1
2026-04-03,601318,14:08:39,57.3000,21,2
2026-04-03,601318,14:08:42,57.3100,21,2
2026-04-03,601318,14:08:45,57.3100,1,2
2026-04-03,601318,14:08:48,57.3200,71,1
2026-04-03,601318,14:08:51,57.3300,17,1
2026-04-03,601318,14:08:54,57.3200,31,2
2026-04-03,601318,14:08:57,57.3200,43,2
2026-04-03,601318,14:09:00,57.3200,29,2
2026-04-03,601318,14:09:03,57.3200,33,2
2026-04-03,601318,14:09:06,57.3300,53,1
2026-04-03,601318,14:09:09,57.3300,10,1
2026-04-03,601318,14:09:12,57.3300,53,1
2026-04-03,601318,14:09:15,57.3200,60,2
2026-04-03,601318,14:09:18,57.3200,14,2
2026-04-03,601318,14:09:21,57.3200,40,2
2026-04-03,601318,14:09:24,57.3200,46,2
2026-04-03,601318,14:09:27,57.3200,48,2
2026-04-03,601318,14:09:30,57.3200,18,2
2026-04-03,601318,14:09:33,57.3200,24,2
2026-04-03,601318,14:09:36,57.3200,15,4
2026-04-03,601318,14:09:39,57.3300,38,1
2026-04-03,601318,14:09:42,57.3300,64,1
2026-04-03,601318,14:09:45,57.3200,4,1
2026-04-03,601318,14:09:48,57.3300,52,4
2026-04-03,601318,14:09:51,57.3300,100,1
2026-04-03,601318,14:09:54,57.3300,23,1
2026-04-03,601318,14:09:57,57.3300,1,1
2026-04-03,601318,14:10:00,57.3300,9,1
2026-04-03,601318,14:10:03,57.3300,8,2
2026-04-03,601318,14:10:06,57.3300,37,2
2026-04-03,601318,14:10:09,57.3400,23,1
2026-04-03,601318,14:10:12,57.3300,22,2
2026-04-03,601318,14:10:15,57.3300,60,2
2026-04-03,601318,14:10:18,57.3300,69,1
2026-04-03,601318,14:10:21,57.3300,26,2
2026-04-03,601318,14:10:24,57.3300,24,4
2026-04-03,601318,14:10:27,57.3400,13,1
2026-04-03,601318,14:10:30,57.3300,9,4
2026-04-03,601318,14:10:33,57.3200,297,2
2026-04-03,601318,14:10:36,57.3200,15,1
2026-04-03,601318,14:10:39,57.3200,2,1
2026-04-03,601318,14:10:45,57.3100,15,2
2026-04-03,601318,14:10:48,57.3200,4,1
2026-04-03,601318,14:10:51,57.3100,13,2
2026-04-03,601318,14:10:54,57.3100,35,2
2026-04-03,601318,14:10:57,57.3200,31,1
2026-04-03,601318,14:11:00,57.3100,42,2
2026-04-03,601318,14:11:03,57.3200,2,1
2026-04-03,601318,14:11:06,57.3100,4,2
2026-04-03,601318,14:11:09,57.3200,7,1
2026-04-03,601318,14:11:12,57.3200,7,1
2026-04-03,601318,14:11:18,57.3100,5,2
2026-04-03,601318,14:11:21,57.3200,1,1
2026-04-03,601318,14:11:24,57.3200,73,1
2026-04-03,601318,14:11:27,57.3100,107,2
2026-04-03,601318,14:11:30,57.3100,1,2
2026-04-03,601318,14:11:33,57.3100,22,2
2026-04-03,601318,14:11:36,57.3100,4,2
2026-04-03,601318,14:11:39,57.3100,21,2
2026-04-03,601318,14:11:42,57.3200,12,1
2026-04-03,601318,14:11:48,57.3200,41,1
2026-04-03,601318,14:11:51,57.3200,17,1
2026-04-03,601318,14:11:54,57.3300,16,1
2026-04-03,601318,14:11:57,57.3200,6,2
2026-04-03,601318,14:12:06,57.3300,128,1
2026-04-03,601318,14:12:09,57.3300,26,1
2026-04-03,601318,14:12:12,57.3300,11,1
2026-04-03,601318,14:12:18,57.3300,74,2
2026-04-03,601318,14:12:21,57.3300,3,2
2026-04-03,601318,14:12:24,57.3300,49,2
2026-04-03,601318,14:12:27,57.3300,33,2
2026-04-03,601318,14:12:30,57.3200,194,2
2026-04-03,601318,14:12:33,57.3200,125,2
2026-04-03,601318,14:12:36,57.3300,52,1
2026-04-03,601318,14:12:39,57.3300,27,1
2026-04-03,601318,14:12:42,57.3300,36,1
2026-04-03,601318,14:12:45,57.3300,2,2
2026-04-03,601318,14:12:48,57.3400,19,1
2026-04-03,601318,14:12:51,57.3500,58,1
2026-04-03,601318,14:12:57,57.3400,23,2
2026-04-03,601318,14:13:00,57.3500,35,1
2026-04-03,601318,14:13:03,57.3500,16,1
2026-04-03,601318,14:13:06,57.3500,17,4
2026-04-03,601318,14:13:12,57.3500,33,1
2026-04-03,601318,14:13:15,57.3500,105,2
2026-04-03,601318,14:13:18,57.3600,52,1
2026-04-03,601318,14:13:21,57.3500,33,2
2026-04-03,601318,14:13:24,57.3500,14,2
2026-04-03,601318,14:13:27,57.3500,33,2
2026-04-03,601318,14:13:30,57.3600,435,1
2026-04-03,601318,14:13:33,57.3600,25,1
2026-04-03,601318,14:13:36,57.3900,316,1
2026-04-03,601318,14:13:39,57.3900,11,1
2026-04-03,601318,14:13:42,57.3900,8,1
2026-04-03,601318,14:13:45,57.3900,68,1
2026-04-03,601318,14:13:48,57.3900,112,1
2026-04-03,601318,14:13:51,57.4000,30,1
2026-04-03,601318,14:13:54,57.3900,160,2
2026-04-03,601318,14:13:57,57.3800,188,2
2026-04-03,601318,14:14:00,57.3800,323,2
2026-04-03,601318,14:14:03,57.3600,68,2
2026-04-03,601318,14:14:06,57.3800,247,1
2026-04-03,601318,14:14:09,57.3800,14,1
2026-04-03,601318,14:14:12,57.3700,16,2
2026-04-03,601318,14:14:15,57.3700,19,1
2026-04-03,601318,14:14:18,57.3600,47,2
2026-04-03,601318,14:14:21,57.3800,31,1
2026-04-03,601318,14:14:24,57.3800,3,1
2026-04-03,601318,14:14:27,57.3800,6,1
2026-04-03,601318,14:14:30,57.3700,16,2
2026-04-03,601318,14:14:33,57.3700,17,2
2026-04-03,601318,14:14:36,57.3700,13,2
2026-04-03,601318,14:14:39,57.3800,6,1
2026-04-03,601318,14:14:42,57.3800,30,1
2026-04-03,601318,14:14:45,57.3800,1,1
2026-04-03,601318,14:14:48,57.3700,3,2
2026-04-03,601318,14:14:51,57.3800,15,1
2026-04-03,601318,14:14:54,57.3800,4,1
2026-04-03,601318,14:14:57,57.3800,6,1
2026-04-03,601318,14:15:00,57.3700,36,2
2026-04-03,601318,14:15:03,57.3800,21,1
2026-04-03,601318,14:15:06,57.3800,1,1
2026-04-03,601318,14:15:09,57.3800,7,1
2026-04-03,601318,14:15:12,57.3700,31,2
2026-04-03,601318,14:15:15,57.3800,27,1
2026-04-03,601318,14:15:18,57.3800,6,1
2026-04-03,601318,14:15:21,57.3700,28,2
2026-04-03,601318,14:15:24,57.3800,38,1
2026-04-03,601318,14:15:27,57.3700,22,2
2026-04-03,601318,14:15:30,57.3600,214,2
2026-04-03,601318,14:15:33,57.3600,111,2
2026-04-03,601318,14:15:36,57.3700,10,1
2026-04-03,601318,14:15:39,57.3700,128,1
2026-04-03,601318,14:15:45,57.3600,75,2
2026-04-03,601318,14:15:48,57.3500,36,2
2026-04-03,601318,14:15:51,57.3600,41,1
2026-04-03,601318,14:15:54,57.3500,16,2
2026-04-03,601318,14:15:57,57.3600,5,1
2026-04-03,601318,14:16:00,57.3500,182,2
2026-04-03,601318,14:16:03,57.3500,20,2
2026-04-03,601318,14:16:12,57.3500,162,2
2026-04-03,601318,14:16:15,57.3500,45,1
2026-04-03,601318,14:16:18,57.3500,46,1
2026-04-03,601318,14:16:21,57.3400,23,2
2026-04-03,601318,14:16:24,57.3400,4,2
2026-04-03,601318,14:16:27,57.3500,35,1
2026-04-03,601318,14:16:30,57.3500,37,1
2026-04-03,601318,14:16:33,57.3600,270,1
2026-04-03,601318,14:16:39,57.3700,104,2
2026-04-03,601318,14:16:42,57.3600,54,2
2026-04-03,601318,14:16:45,57.3700,23,2
2026-04-03,601318,14:16:48,57.3600,37,2
2026-04-03,601318,14:16:54,57.3600,56,2
2026-04-03,601318,14:16:57,57.3500,72,2
2026-04-03,601318,14:17:00,57.3500,2,2
2026-04-03,601318,14:17:03,57.3600,22,1
2026-04-03,601318,14:17:06,57.3500,35,2
2026-04-03,601318,14:17:09,57.3500,19,2
2026-04-03,601318,14:17:12,57.3600,78,1
2026-04-03,601318,14:17:15,57.3600,83,2
2026-04-03,601318,14:17:18,57.3600,29,1
2026-04-03,601318,14:17:21,57.3500,97,2
2026-04-03,601318,14:17:24,57.3600,82,1
2026-04-03,601318,14:17:27,57.3500,1,4
2026-04-03,601318,14:17:30,57.3600,19,1
2026-04-03,601318,14:17:33,57.3500,34,2
2026-04-03,601318,14:17:36,57.3500,3,1
2026-04-03,601318,14:17:39,57.3500,2,1
2026-04-03,601318,14:17:42,57.3500,11,1
2026-04-03,601318,14:17:45,57.3500,30,1
2026-04-03,601318,14:17:48,57.3500,16,1
2026-04-03,601318,14:17:54,57.3500,425,1
2026-04-03,601318,14:17:57,57.3500,15,1
2026-04-03,601318,14:18:00,57.3400,142,2
2026-04-03,601318,14:18:03,57.3500,1,1
2026-04-03,601318,14:18:06,57.3400,7,2
2026-04-03,601318,14:18:09,57.3500,1,1
2026-04-03,601318,14:18:12,57.3400,1,2
2026-04-03,601318,14:18:15,57.3500,13,1
2026-04-03,601318,14:18:18,57.3500,2,1
2026-04-03,601318,14:18:21,57.3400,87,2
2026-04-03,601318,14:18:24,57.3400,64,2
2026-04-03,601318,14:18:27,57.3400,142,2
2026-04-03,601318,14:18:30,57.3400,170,1
2026-04-03,601318,14:18:33,57.3500,6,1
2026-04-03,601318,14:18:36,57.3400,15,2
2026-04-03,601318,14:18:39,57.3500,36,1
2026-04-03,601318,14:18:42,57.3500,49,1
2026-04-03,601318,14:18:45,57.3400,3,2
2026-04-03,601318,14:18:48,57.3400,21,2
2026-04-03,601318,14:18:51,57.3500,1,1
2026-04-03,601318,14:18:54,57.3400,18,2
2026-04-03,601318,14:18:57,57.3500,61,1
2026-04-03,601318,14:19:00,57.3400,1,2
2026-04-03,601318,14:19:03,57.3500,6,1
2026-04-03,601318,14:19:06,57.3400,23,2
2026-04-03,601318,14:19:09,57.3500,18,1
2026-04-03,601318,14:19:15,57.3400,18,2
2026-04-03,601318,14:19:18,57.3400,31,2
2026-04-03,601318,14:19:21,57.3500,47,1
2026-04-03,601318,14:19:24,57.3400,32,2
2026-04-03,601318,14:19:27,57.3400,75,2
2026-04-03,601318,14:19:30,57.3400,15,2
2026-04-03,601318,14:19:33,57.3400,9,2
2026-04-03,601318,14:19:36,57.3400,2,2
2026-04-03,601318,14:19:39,57.3500,16,1
2026-04-03,601318,14:19:42,57.3500,59,1
2026-04-03,601318,14:19:45,57.3400,32,2
2026-04-03,601318,14:19:48,57.3400,30,2
2026-04-03,601318,14:19:51,57.3500,5,1
2026-04-03,601318,14:19:54,57.3500,25,1
2026-04-03,601318,14:19:57,57.3500,3,1
2026-04-03,601318,14:20:00,57.3500,15,1
2026-04-03,601318,14:20:03,57.3500,25,1
2026-04-03,601318,14:20:06,57.3400,2,2
2026-04-03,601318,14:20:09,57.3400,30,2
2026-04-03,601318,14:20:12,57.3600,262,1
2026-04-03,601318,14:20:15,57.3600,16,1
2026-04-03,601318,14:20:18,57.3500,16,2
2026-04-03,601318,14:20:21,57.3600,16,1
2026-04-03,601318,14:20:24,57.3500,17,2
2026-04-03,601318,14:20:27,57.3500,128,2
2026-04-03,601318,14:20:30,57.3500,29,2
2026-04-03,601318,14:20:33,57.3500,19,1
2026-04-03,601318,14:20:36,57.3500,8,1
2026-04-03,601318,14:20:39,57.3500,65,1
2026-04-03,601318,14:20:42,57.3500,9,1
2026-04-03,601318,14:20:45,57.3500,54,1
2026-04-03,601318,14:20:48,57.3500,3,2
2026-04-03,601318,14:20:51,57.3600,8,1
2026-04-03,601318,14:20:54,57.3500,72,2
2026-04-03,601318,14:20:57,57.3500,17,1
2026-04-03,601318,14:21:00,57.3400,42,2
2026-04-03,601318,14:21:03,57.3500,13,1
2026-04-03,601318,14:21:06,57.3500,40,1
2026-04-03,601318,14:21:09,57.3500,28,1
2026-04-03,601318,14:21:12,57.3600,3,1
2026-04-03,601318,14:21:15,57.3500,30,2
2026-04-03,601318,14:21:18,57.3500,20,1
2026-04-03,601318,14:21:21,57.3600,8,1
2026-04-03,601318,14:21:24,57.3500,53,2
2026-04-03,601318,14:21:27,57.3500,10,2
2026-04-03,601318,14:21:30,57.3500,57,2
2026-04-03,601318,14:21:33,57.3500,18,2
2026-04-03,601318,14:21:36,57.3600,4,1
2026-04-03,601318,14:21:39,57.3500,44,2
2026-04-03,601318,14:21:42,57.3600,9,1
2026-04-03,601318,14:21:45,57.3600,16,1
2026-04-03,601318,14:21:48,57.3600,6,1
2026-04-03,601318,14:21:51,57.3700,58,1
2026-04-03,601318,14:21:54,57.3600,17,4
2026-04-03,601318,14:21:57,57.3600,5,1
2026-04-03,601318,14:22:00,57.3600,4,1
2026-04-03,601318,14:22:03,57.3600,34,1
2026-04-03,601318,14:22:06,57.3500,202,2
2026-04-03,601318,14:22:09,57.3400,43,2
2026-04-03,601318,14:22:12,57.3400,102,2
2026-04-03,601318,14:22:15,57.3400,10,2
2026-04-03,601318,14:22:18,57.3500,31,1
2026-04-03,601318,14:22:21,57.3400,3,2
2026-04-03,601318,14:22:24,57.3500,76,1
2026-04-03,601318,14:22:33,57.3400,71,2
2026-04-03,601318,14:22:36,57.3600,79,1
2026-04-03,601318,14:22:42,57.3600,3,1
2026-04-03,601318,14:22:45,57.3600,11,1
2026-04-03,601318,14:22:48,57.3600,6,1
2026-04-03,601318,14:22:51,57.3600,7,1
2026-04-03,601318,14:22:54,57.3600,5,1
2026-04-03,601318,14:22:57,57.3600,164,1
2026-04-03,601318,14:23:00,57.3500,67,2
2026-04-03,601318,14:23:03,57.3500,9,2
2026-04-03,601318,14:23:06,57.3500,58,1
2026-04-03,601318,14:23:09,57.3300,428,2
2026-04-03,601318,14:23:12,57.3200,116,2
2026-04-03,601318,14:23:15,57.3200,233,2
2026-04-03,601318,14:23:18,57.3200,57,4
2026-04-03,601318,14:23:21,57.3200,20,1
2026-04-03,601318,14:23:24,57.3200,4,1
2026-04-03,601318,14:23:27,57.3100,64,2
2026-04-03,601318,14:23:30,57.3100,60,2
2026-04-03,601318,14:23:33,57.3100,15,2
2026-04-03,601318,14:23:36,57.3200,2,1
2026-04-03,601318,14:23:39,57.3100,15,2
2026-04-03,601318,14:23:42,57.3100,5,2
2026-04-03,601318,14:23:45,57.3200,21,1
2026-04-03,601318,14:23:48,57.3200,12,1
2026-04-03,601318,14:23:51,57.3200,5,2
2026-04-03,601318,14:23:54,57.3200,87,2
2026-04-03,601318,14:23:57,57.3300,9,4
2026-04-03,601318,14:24:00,57.3300,20,1
2026-04-03,601318,14:24:03,57.3200,58,1
2026-04-03,601318,14:24:06,57.3300,2,1
2026-04-03,601318,14:24:09,57.3300,16,1
2026-04-03,601318,14:24:12,57.3200,231,2
2026-04-03,601318,14:24:15,57.3300,18,1
2026-04-03,601318,14:24:18,57.3200,37,2
2026-04-03,601318,14:24:21,57.3200,29,2
2026-04-03,601318,14:24:27,57.3200,44,2
2026-04-03,601318,14:24:30,57.3200,14,2
2026-04-03,601318,14:24:33,57.3300,2,1
2026-04-03,601318,14:24:36,57.3200,58,2
2026-04-03,601318,14:24:39,57.3200,162,2
2026-04-03,601318,14:24:42,57.3200,41,1
2026-04-03,601318,14:24:45,57.3200,13,1
2026-04-03,601318,14:24:48,57.3200,98,1
2026-04-03,601318,14:24:51,57.3200,4,1
2026-04-03,601318,14:24:54,57.3200,18,1
2026-04-03,601318,14:24:57,57.3100,683,2
2026-04-03,601318,14:25:00,57.3100,12,2
2026-04-03,601318,14:25:03,57.3100,102,2
2026-04-03,601318,14:25:06,57.3100,89,1
2026-04-03,601318,14:25:09,57.3100,237,1
2026-04-03,601318,14:25:12,57.3200,97,1
2026-04-03,601318,14:25:15,57.3100,35,2
2026-04-03,601318,14:25:21,57.3100,33,2
2026-04-03,601318,14:25:24,57.3100,14,1
2026-04-03,601318,14:25:27,57.3100,114,1
2026-04-03,601318,14:25:30,57.3200,56,4
2026-04-03,601318,14:25:33,57.3200,16,2
2026-04-03,601318,14:25:36,57.3200,7,4
2026-04-03,601318,14:25:39,57.3300,13,1
2026-04-03,601318,14:25:42,57.3200,20,2
2026-04-03,601318,14:25:45,57.3300,26,1
2026-04-03,601318,14:25:51,57.3300,5,1
2026-04-03,601318,14:25:54,57.3300,1,1
2026-04-03,601318,14:25:57,57.3300,127,1
2026-04-03,601318,14:26:00,57.3200,14,2
2026-04-03,601318,14:26:03,57.3300,5,1
2026-04-03,601318,14:26:06,57.3300,76,1
2026-04-03,601318,14:26:09,57.3200,2,2
2026-04-03,601318,14:26:12,57.3200,77,2
2026-04-03,601318,14:26:15,57.3200,20,2
2026-04-03,601318,14:26:18,57.3200,90,2
2026-04-03,601318,14:26:21,57.3200,8,4
2026-04-03,601318,14:26:24,57.3200,1,1
2026-04-03,601318,14:26:27,57.3100,13,2
2026-04-03,601318,14:26:30,57.3200,35,1
2026-04-03,601318,14:26:33,57.3100,114,2
2026-04-03,601318,14:26:36,57.3200,7,1
2026-04-03,601318,14:26:39,57.3200,8,1
2026-04-03,601318,14:26:42,57.3200,8,1
2026-04-03,601318,14:26:45,57.3200,61,1
2026-04-03,601318,14:26:51,57.3200,14,1
2026-04-03,601318,14:26:54,57.3200,44,1
2026-04-03,601318,14:26:57,57.3200,3,1
2026-04-03,601318,14:27:00,57.3200,6,1
2026-04-03,601318,14:27:03,57.3100,25,2
2026-04-03,601318,14:27:06,57.3100,24,2
2026-04-03,601318,14:27:09,57.3100,1,2
2026-04-03,601318,14:27:12,57.3200,19,1
2026-04-03,601318,14:27:15,57.3200,44,1
2026-04-03,601318,14:27:18,57.3200,27,1
2026-04-03,601318,14:27:21,57.3200,21,1
2026-04-03,601318,14:27:24,57.3200,58,1
2026-04-03,601318,14:27:27,57.3100,33,2
2026-04-03,601318,14:27:30,57.3200,17,2
2026-04-03,601318,14:27:33,57.3200,138,1
2026-04-03,601318,14:27:36,57.3100,96,2
2026-04-03,601318,14:27:39,57.3000,188,2
2026-04-03,601318,14:27:42,57.3100,65,1
2026-04-03,601318,14:27:45,57.3000,133,2
2026-04-03,601318,14:27:48,57.3000,28,2
2026-04-03,601318,14:27:51,57.3000,66,2
2026-04-03,601318,14:27:54,57.2900,597,2
2026-04-03,601318,14:27:57,57.2900,62,2
2026-04-03,601318,14:28:00,57.2900,215,2
2026-04-03,601318,14:28:03,57.2900,46,2
2026-04-03,601318,14:28:06,57.2900,20,2
2026-04-03,601318,14:28:09,57.2900,99,2
2026-04-03,601318,14:28:12,57.3000,15,1
2026-04-03,601318,14:28:15,57.2900,5,2
2026-04-03,601318,14:28:18,57.2900,3,2
2026-04-03,601318,14:28:21,57.2900,1,2
2026-04-03,601318,14:28:24,57.2900,67,2
2026-04-03,601318,14:28:27,57.2900,108,2
2026-04-03,601318,14:28:30,57.2900,6,2
2026-04-03,601318,14:28:33,57.3000,93,1
2026-04-03,601318,14:28:39,57.3000,198,1
2026-04-03,601318,14:28:45,57.3000,4,2
2026-04-03,601318,14:28:48,57.3000,6,2
2026-04-03,601318,14:28:51,57.3000,235,2
2026-04-03,601318,14:28:54,57.3000,165,2
2026-04-03,601318,14:28:57,57.3000,8,1
2026-04-03,601318,14:29:00,57.3000,23,1
2026-04-03,601318,14:29:03,57.3000,5,1
2026-04-03,601318,14:29:06,57.3000,58,1
2026-04-03,601318,14:29:09,57.3000,56,1
2026-04-03,601318,14:29:12,57.3000,173,1
2026-04-03,601318,14:29:15,57.2900,44,2
2026-04-03,601318,14:29:18,57.3000,37,2
2026-04-03,601318,14:29:21,57.3000,21,2
2026-04-03,601318,14:29:24,57.3100,6,1
2026-04-03,601318,14:29:27,57.3000,23,2
2026-04-03,601318,14:29:30,57.3000,3,2
2026-04-03,601318,14:29:33,57.3100,75,1
2026-04-03,601318,14:29:36,57.3100,10,2
2026-04-03,601318,14:29:39,57.3200,7,1
2026-04-03,601318,14:29:42,57.3100,173,2
2026-04-03,601318,14:29:45,57.3100,39,1
2026-04-03,601318,14:29:48,57.3100,40,1
2026-04-03,601318,14:29:51,57.3100,7,1
2026-04-03,601318,14:29:54,57.3000,42,2
2026-04-03,601318,14:29:57,57.3000,28,2
2026-04-03,601318,14:30:00,57.3100,16,1
2026-04-03,601318,14:30:03,57.3000,112,2
2026-04-03,601318,14:30:06,57.3100,146,1
2026-04-03,601318,14:30:09,57.3300,58,1
2026-04-03,601318,14:30:12,57.3100,17,2
2026-04-03,601318,14:30:15,57.3100,23,2
2026-04-03,601318,14:30:18,57.3200,46,1
2026-04-03,601318,14:30:21,57.3200,18,2
2026-04-03,601318,14:30:24,57.3200,9,2
2026-04-03,601318,14:30:27,57.3300,11,1
2026-04-03,601318,14:30:30,57.3300,72,2
2026-04-03,601318,14:30:33,57.3300,85,2
2026-04-03,601318,14:30:36,57.3400,88,1
2026-04-03,601318,14:30:39,57.3300,36,2
2026-04-03,601318,14:30:42,57.3300,59,2
2026-04-03,601318,14:30:45,57.3400,22,1
2026-04-03,601318,14:30:48,57.3300,103,2
2026-04-03,601318,14:30:51,57.3300,248,2
2026-04-03,601318,14:30:54,57.3300,24,1
2026-04-03,601318,14:30:57,57.3400,32,1
2026-04-03,601318,14:31:00,57.3300,67,2
2026-04-03,601318,14:31:03,57.3400,60,1
2026-04-03,601318,14:31:06,57.3400,26,1
2026-04-03,601318,14:31:09,57.3300,13,2
2026-04-03,601318,14:31:12,57.3400,5,1
2026-04-03,601318,14:31:15,57.3300,15,2
2026-04-03,601318,14:31:18,57.3400,4,1
2026-04-03,601318,14:31:21,57.3400,3,1
2026-04-03,601318,14:31:24,57.3400,13,1
2026-04-03,601318,14:31:27,57.3400,27,1
2026-04-03,601318,14:31:30,57.3400,2,1
2026-04-03,601318,14:31:33,57.3400,30,1
2026-04-03,601318,14:31:36,57.3400,4,1
2026-04-03,601318,14:31:39,57.3400,1,1
2026-04-03,601318,14:31:42,57.3400,3,1
2026-04-03,601318,14:31:45,57.3400,211,1
2026-04-03,601318,14:31:48,57.3300,41,2
2026-04-03,601318,14:31:51,57.3400,85,2
2026-04-03,601318,14:31:54,57.3400,65,2
2026-04-03,601318,14:31:57,57.3400,23,1
2026-04-03,601318,14:32:00,57.3500,40,1
2026-04-03,601318,14:32:03,57.3400,65,2
2026-04-03,601318,14:32:06,57.3500,215,1
2026-04-03,601318,14:32:09,57.3500,239,1
2026-04-03,601318,14:32:12,57.3300,52,2
2026-04-03,601318,14:32:15,57.3300,309,2
2026-04-03,601318,14:32:18,57.3200,139,2
2026-04-03,601318,14:32:21,57.3200,106,2
2026-04-03,601318,14:32:24,57.3100,102,2
2026-04-03,601318,14:32:27,57.3100,120,2
2026-04-03,601318,14:32:30,57.3200,8,1
2026-04-03,601318,14:32:33,57.3200,41,1
2026-04-03,601318,14:32:36,57.3200,23,1
2026-04-03,601318,14:32:39,57.3200,143,1
2026-04-03,601318,14:32:42,57.3200,74,2
2026-04-03,601318,14:32:45,57.3300,47,1
2026-04-03,601318,14:32:48,57.3100,22,2
2026-04-03,601318,14:32:51,57.3200,28,1
2026-04-03,601318,14:32:54,57.3100,1,2
2026-04-03,601318,14:32:57,57.3100,53,2
2026-04-03,601318,14:33:00,57.3100,24,2
2026-04-03,601318,14:33:03,57.3100,248,2
2026-04-03,601318,14:33:06,57.3100,1238,2
2026-04-03,601318,14:33:09,57.3100,41,1
2026-04-03,601318,14:33:12,57.3000,12,2
2026-04-03,601318,14:33:15,57.3000,18,2
2026-04-03,601318,14:33:18,57.3100,117,1
2026-04-03,601318,14:33:21,57.3300,85,1
2026-04-03,601318,14:33:24,57.3200,21,2
2026-04-03,601318,14:33:27,57.3300,21,1
2026-04-03,601318,14:33:30,57.3200,33,2
2026-04-03,601318,14:33:33,57.3200,311,2
2026-04-03,601318,14:33:36,57.3200,68,2
2026-04-03,601318,14:33:39,57.3200,20,2
2026-04-03,601318,14:33:42,57.3200,3,2
2026-04-03,601318,14:33:45,57.3300,9,1
2026-04-03,601318,14:33:48,57.3100,51,2
2026-04-03,601318,14:33:51,57.3100,130,2
2026-04-03,601318,14:33:54,57.3100,78,2
2026-04-03,601318,14:33:57,57.3000,116,2
2026-04-03,601318,14:34:00,57.3000,215,2
2026-04-03,601318,14:34:03,57.3100,76,1
2026-04-03,601318,14:34:06,57.3000,254,2
2026-04-03,601318,14:34:09,57.3000,41,1
2026-04-03,601318,14:34:12,57.3000,4,1
2026-04-03,601318,14:34:15,57.3000,53,1
2026-04-03,601318,14:34:18,57.2900,17,2
2026-04-03,601318,14:34:21,57.3000,33,1
2026-04-03,601318,14:34:24,57.3000,243,1
2026-04-03,601318,14:34:27,57.3000,13,1
2026-04-03,601318,14:34:30,57.2900,195,2
2026-04-03,601318,14:34:33,57.2900,93,2
2026-04-03,601318,14:34:36,57.2900,40,2
2026-04-03,601318,14:34:39,57.2900,71,2
2026-04-03,601318,14:34:42,57.2800,77,2
2026-04-03,601318,14:34:45,57.2900,23,1
2026-04-03,601318,14:34:48,57.3000,122,1
2026-04-03,601318,14:34:51,57.2800,4,2
2026-04-03,601318,14:34:54,57.2900,16,2
2026-04-03,601318,14:34:57,57.2900,3,2
2026-04-03,601318,14:35:00,57.2900,11,2
2026-04-03,601318,14:35:03,57.2900,13,2
2026-04-03,601318,14:35:06,57.3000,6,1
2026-04-03,601318,14:35:09,57.3000,21,1
2026-04-03,601318,14:35:12,57.2900,14,2
2026-04-03,601318,14:35:15,57.3000,126,1
2026-04-03,601318,14:35:18,57.3000,95,2
2026-04-03,601318,14:35:21,57.3100,55,1
2026-04-03,601318,14:35:24,57.3000,6,4
2026-04-03,601318,14:35:27,57.2900,27,2
2026-04-03,601318,14:35:30,57.2900,33,2
2026-04-03,601318,14:35:33,57.3000,201,1
2026-04-03,601318,14:35:36,57.2900,34,2
2026-04-03,601318,14:35:39,57.2900,210,2
2026-04-03,601318,14:35:42,57.3000,33,1
2026-04-03,601318,14:35:45,57.2900,189,2
2026-04-03,601318,14:35:48,57.2900,117,2
2026-04-03,601318,14:35:51,57.2900,60,1
2026-04-03,601318,14:35:54,57.2900,18,1
2026-04-03,601318,14:35:57,57.3000,47,1
2026-04-03,601318,14:36:00,57.3000,38,1
2026-04-03,601318,14:36:03,57.2900,191,2
2026-04-03,601318,14:36:06,57.3000,13,1
2026-04-03,601318,14:36:09,57.3000,19,1
2026-04-03,601318,14:36:12,57.2900,48,2
2026-04-03,601318,14:36:15,57.3000,129,1
2026-04-03,601318,14:36:18,57.3000,1,2
2026-04-03,601318,14:36:21,57.3000,72,2
2026-04-03,601318,14:36:24,57.3000,125,2
2026-04-03,601318,14:36:27,57.3000,20,2
2026-04-03,601318,14:36:30,57.3000,38,2
2026-04-03,601318,14:36:33,57.3000,57,1
2026-04-03,601318,14:36:36,57.2900,17,2
2026-04-03,601318,14:36:39,57.2900,365,2
2026-04-03,601318,14:36:42,57.2800,100,2
2026-04-03,601318,14:36:45,57.2900,80,1
2026-04-03,601318,14:36:48,57.3000,65,1
2026-04-03,601318,14:36:51,57.2800,55,2
2026-04-03,601318,14:36:54,57.2900,3,1
2026-04-03,601318,14:36:57,57.2900,23,1
2026-04-03,601318,14:37:00,57.3000,1,1
2026-04-03,601318,14:37:03,57.2900,19,2
2026-04-03,601318,14:37:06,57.2900,4,2
2026-04-03,601318,14:37:09,57.3000,27,1
2026-04-03,601318,14:37:12,57.3000,4,1
2026-04-03,601318,14:37:15,57.2900,21,2
2026-04-03,601318,14:37:18,57.2900,227,2
2026-04-03,601318,14:37:21,57.2700,1058,2
2026-04-03,601318,14:37:24,57.2700,205,2
2026-04-03,601318,14:37:27,57.2700,82,2
2026-04-03,601318,14:37:30,57.2700,427,2
2026-04-03,601318,14:37:33,57.2600,967,2
2026-04-03,601318,14:37:36,57.2500,544,2
2026-04-03,601318,14:37:39,57.2500,24,1
2026-04-03,601318,14:37:42,57.2500,51,1
2026-04-03,601318,14:37:45,57.2500,107,1
2026-04-03,601318,14:37:48,57.2500,64,1
2026-04-03,601318,14:37:51,57.2500,76,2
2026-04-03,601318,14:37:54,57.2600,54,1
2026-04-03,601318,14:37:57,57.2500,160,2
2026-04-03,601318,14:38:00,57.2700,12,1
2026-04-03,601318,14:38:03,57.2600,8,2
2026-04-03,601318,14:38:06,57.2600,1,2
2026-04-03,601318,14:38:09,57.2600,67,2
2026-04-03,601318,14:38:12,57.2700,3,1
2026-04-03,601318,14:38:15,57.2700,74,1
2026-04-03,601318,14:38:18,57.2700,54,1
2026-04-03,601318,14:38:21,57.2700,5,2
2026-04-03,601318,14:38:24,57.2700,15,2
2026-04-03,601318,14:38:27,57.2800,60,1
2026-04-03,601318,14:38:30,57.2700,26,2
2026-04-03,601318,14:38:33,57.2800,26,2
2026-04-03,601318,14:38:36,57.2800,10,2
2026-04-03,601318,14:38:39,57.2900,13,1
2026-04-03,601318,14:38:42,57.2900,12,1
2026-04-03,601318,14:38:45,57.2900,40,1
2026-04-03,601318,14:38:48,57.2900,14,1
2026-04-03,601318,14:38:51,57.2900,86,1
2026-04-03,601318,14:38:54,57.2800,94,2
2026-04-03,601318,14:38:57,57.2800,45,2
2026-04-03,601318,14:39:00,57.2800,43,2
2026-04-03,601318,14:39:03,57.2900,72,1
2026-04-03,601318,14:39:06,57.2900,111,1
2026-04-03,601318,14:39:09,57.2900,18,1
2026-04-03,601318,14:39:12,57.2800,19,2
2026-04-03,601318,14:39:15,57.2900,24,1
2026-04-03,601318,14:39:18,57.2900,39,1
2026-04-03,601318,14:39:21,57.2800,44,2
2026-04-03,601318,14:39:24,57.2800,40,2
2026-04-03,601318,14:39:27,57.2800,67,2
2026-04-03,601318,14:39:30,57.2900,23,1
2026-04-03,601318,14:39:33,57.3100,434,1
2026-04-03,601318,14:39:36,57.3000,11,2
2026-04-03,601318,14:39:39,57.3000,20,2
2026-04-03,601318,14:39:42,57.3200,28,1
2026-04-03,601318,14:39:45,57.3100,35,4
2026-04-03,601318,14:39:48,57.3100,9,4
2026-04-03,601318,14:39:51,57.3100,62,2
2026-04-03,601318,14:39:54,57.3100,33,2
2026-04-03,601318,14:39:57,57.3200,31,1
2026-04-03,601318,14:40:00,57.3200,20,1
2026-04-03,601318,14:40:03,57.3200,189,1
2026-04-03,601318,14:40:06,57.3100,271,2
2026-04-03,601318,14:40:09,57.3100,37,2
2026-04-03,601318,14:40:12,57.3200,46,4
2026-04-03,601318,14:40:15,57.3100,26,2
2026-04-03,601318,14:40:18,57.3100,253,2
2026-04-03,601318,14:40:21,57.3000,251,2
2026-04-03,601318,14:40:24,57.2900,224,2
2026-04-03,601318,14:40:27,57.2900,16,2
2026-04-03,601318,14:40:30,57.3000,33,1
2026-04-03,601318,14:40:33,57.2900,22,2
2026-04-03,601318,14:40:36,57.3000,47,1
2026-04-03,601318,14:40:39,57.3000,105,1
2026-04-03,601318,14:40:42,57.3000,5,1
2026-04-03,601318,14:40:45,57.3000,23,1
2026-04-03,601318,14:40:48,57.2900,320,2
2026-04-03,601318,14:40:51,57.3100,93,1
2026-04-03,601318,14:40:54,57.3000,13,2
2026-04-03,601318,14:40:57,57.3000,89,2
2026-04-03,601318,14:41:00,57.3000,2,2
2026-04-03,601318,14:41:03,57.3100,25,1
2026-04-03,601318,14:41:06,57.3000,174,2
2026-04-03,601318,14:41:09,57.3000,110,2
2026-04-03,601318,14:41:12,57.3000,26,2
2026-04-03,601318,14:41:15,57.3000,23,2
2026-04-03,601318,14:41:18,57.3100,71,1
2026-04-03,601318,14:41:21,57.3000,14,2
2026-04-03,601318,14:41:24,57.3000,244,2
2026-04-03,601318,14:41:27,57.3000,36,1
2026-04-03,601318,14:41:30,57.3000,24,1
2026-04-03,601318,14:41:33,57.3000,134,1
2026-04-03,601318,14:41:36,57.3000,45,1
2026-04-03,601318,14:41:39,57.2900,35,2
2026-04-03,601318,14:41:42,57.2900,61,2
2026-04-03,601318,14:41:45,57.2900,5,2
2026-04-03,601318,14:41:48,57.3000,21,1
2026-04-03,601318,14:41:51,57.3000,118,1
2026-04-03,601318,14:41:54,57.2900,35,2
2026-04-03,601318,14:41:57,57.3000,119,4
2026-04-03,601318,14:42:00,57.3000,33,2
2026-04-03,601318,14:42:03,57.3100,20,1
2026-04-03,601318,14:42:06,57.3100,19,1
2026-04-03,601318,14:42:09,57.3000,75,2
2026-04-03,601318,14:42:12,57.3100,11,1
2026-04-03,601318,14:42:15,57.3000,23,2
2026-04-03,601318,14:42:18,57.2900,169,2
2026-04-03,601318,14:42:21,57.3000,52,1
2026-04-03,601318,14:42:24,57.3000,18,2
2026-04-03,601318,14:42:27,57.3000,48,2
2026-04-03,601318,14:42:30,57.3100,28,1
2026-04-03,601318,14:42:33,57.3100,49,2
2026-04-03,601318,14:42:36,57.3000,5,2
2026-04-03,601318,14:42:39,57.3100,2,1
2026-04-03,601318,14:42:42,57.3000,18,2
2026-04-03,601318,14:42:45,57.3000,14,2
2026-04-03,601318,14:42:48,57.3100,67,1
2026-04-03,601318,14:42:51,57.3000,124,2
2026-04-03,601318,14:42:54,57.3200,86,1
2026-04-03,601318,14:42:57,57.3200,91,1
2026-04-03,601318,14:43:00,57.3200,113,1
2026-04-03,601318,14:43:03,57.3100,22,4
2026-04-03,601318,14:43:06,57.3200,26,1
2026-04-03,601318,14:43:09,57.3200,8,1
2026-04-03,601318,14:43:12,57.3200,29,1
2026-04-03,601318,14:43:15,57.3200,36,1
2026-04-03,601318,14:43:18,57.3300,5,1
2026-04-03,601318,14:43:21,57.3300,34,1
2026-04-03,601318,14:43:24,57.3300,131,1
2026-04-03,601318,14:43:27,57.3300,117,2
2026-04-03,601318,14:43:30,57.3400,50,1
2026-04-03,601318,14:43:33,57.3400,45,1
2026-04-03,601318,14:43:36,57.3400,31,1
2026-04-03,601318,14:43:39,57.3400,4,1
2026-04-03,601318,14:43:42,57.3300,8,2
2026-04-03,601318,14:43:45,57.3400,44,1
2026-04-03,601318,14:43:48,57.3400,160,1
2026-04-03,601318,14:43:51,57.3400,197,1
2026-04-03,601318,14:43:54,57.3300,355,2
2026-04-03,601318,14:43:57,57.3300,35,1
2026-04-03,601318,14:44:00,57.3300,12,1
2026-04-03,601318,14:44:03,57.3300,4,1
2026-04-03,601318,14:44:06,57.3200,261,2
2026-04-03,601318,14:44:09,57.3200,74,2
2026-04-03,601318,14:44:12,57.3200,52,1
2026-04-03,601318,14:44:15,57.3100,38,2
2026-04-03,601318,14:44:18,57.3200,57,1
2026-04-03,601318,14:44:21,57.3200,32,1
2026-04-03,601318,14:44:24,57.3200,41,1
2026-04-03,601318,14:44:27,57.3200,23,1
2026-04-03,601318,14:44:30,57.3200,59,1
2026-04-03,601318,14:44:33,57.3300,37,1
2026-04-03,601318,14:44:36,57.3200,28,4
2026-04-03,601318,14:44:39,57.3100,54,2
2026-04-03,601318,14:44:42,57.3200,18,1
2026-04-03,601318,14:44:45,57.3200,11,2
2026-04-03,601318,14:44:48,57.3200,63,2
2026-04-03,601318,14:44:51,57.3200,59,2
2026-04-03,601318,14:44:54,57.3200,13,2
2026-04-03,601318,14:44:57,57.3300,15,1
2026-04-03,601318,14:45:00,57.3300,22,1
2026-04-03,601318,14:45:03,57.3300,58,1
2026-04-03,601318,14:45:06,57.3300,45,1
2026-04-03,601318,14:45:09,57.3300,90,2
2026-04-03,601318,14:45:12,57.3400,111,1
2026-04-03,601318,14:45:15,57.3400,650,1
2026-04-03,601318,14:45:18,57.3500,103,1
2026-04-03,601318,14:45:21,57.3500,55,1
2026-04-03,601318,14:45:24,57.3500,44,1
2026-04-03,601318,14:45:27,57.3500,24,1
2026-04-03,601318,14:45:30,57.3500,159,1
2026-04-03,601318,14:45:33,57.3600,42,1
2026-04-03,601318,14:45:36,57.3700,73,1
2026-04-03,601318,14:45:39,57.3500,69,2
2026-04-03,601318,14:45:42,57.3600,54,2
2026-04-03,601318,14:45:45,57.3600,18,2
2026-04-03,601318,14:45:48,57.3600,12,1
2026-04-03,601318,14:45:51,57.3600,135,1
2026-04-03,601318,14:45:54,57.3700,94,1
2026-04-03,601318,14:45:57,57.3600,116,2
2026-04-03,601318,14:46:00,57.3600,102,1
2026-04-03,601318,14:46:03,57.3700,87,1
2026-04-03,601318,14:46:06,57.3700,40,1
2026-04-03,601318,14:46:09,57.3600,69,2
2026-04-03,601318,14:46:12,57.3700,44,1
2026-04-03,601318,14:46:15,57.3700,27,1
2026-04-03,601318,14:46:18,57.3700,3,1
2026-04-03,601318,14:46:21,57.3700,160,1
2026-04-03,601318,14:46:24,57.3700,230,2
2026-04-03,601318,14:46:27,57.3700,145,4
2026-04-03,601318,14:46:30,57.3600,217,2
2026-04-03,601318,14:46:33,57.3600,194,1
2026-04-03,601318,14:46:36,57.3500,128,2
2026-04-03,601318,14:46:39,57.3500,14,1
2026-04-03,601318,14:46:42,57.3400,12,2
2026-04-03,601318,14:46:45,57.3500,26,1
2026-04-03,601318,14:46:48,57.3500,62,1
2026-04-03,601318,14:46:51,57.3400,16,2
2026-04-03,601318,14:46:54,57.3500,12,1
2026-04-03,601318,14:46:57,57.3400,102,2
2026-04-03,601318,14:47:00,57.3400,60,2
2026-04-03,601318,14:47:03,57.3500,37,1
2026-04-03,601318,14:47:06,57.3500,47,1
2026-04-03,601318,14:47:09,57.3500,104,2
2026-04-03,601318,14:47:12,57.3500,102,1
2026-04-03,601318,14:47:15,57.3500,56,2
2026-04-03,601318,14:47:18,57.3500,28,2
2026-04-03,601318,14:47:21,57.3500,122,2
2026-04-03,601318,14:47:24,57.3500,20,2
2026-04-03,601318,14:47:27,57.3500,23,2
2026-04-03,601318,14:47:30,57.3500,26,2
2026-04-03,601318,14:47:33,57.3500,43,2
2026-04-03,601318,14:47:36,57.3500,56,2
2026-04-03,601318,14:47:39,57.3400,419,2
2026-04-03,601318,14:47:42,57.3300,32,2
2026-04-03,601318,14:47:45,57.3300,99,2
2026-04-03,601318,14:47:48,57.3300,80,2
2026-04-03,601318,14:47:51,57.3300,38,2
2026-04-03,601318,14:47:54,57.3200,129,2
2026-04-03,601318,14:47:57,57.3400,5,1
2026-04-03,601318,14:48:00,57.3300,12,2
2026-04-03,601318,14:48:03,57.3300,60,2
2026-04-03,601318,14:48:06,57.3200,131,2
2026-04-03,601318,14:48:09,57.3200,17,1
2026-04-03,601318,14:48:12,57.3200,19,1
2026-04-03,601318,14:48:15,57.3100,309,2
2026-04-03,601318,14:48:18,57.3100,92,2
2026-04-03,601318,14:48:21,57.3100,79,2
2026-04-03,601318,14:48:24,57.3200,43,1
2026-04-03,601318,14:48:27,57.3100,112,2
2026-04-03,601318,14:48:30,57.3100,88,1
2026-04-03,601318,14:48:33,57.3000,47,2
2026-04-03,601318,14:48:36,57.3000,199,2
2026-04-03,601318,14:48:39,57.3000,246,2
2026-04-03,601318,14:48:42,57.3000,37,2
2026-04-03,601318,14:48:45,57.3000,158,2
2026-04-03,601318,14:48:48,57.3000,73,2
2026-04-03,601318,14:48:51,57.3000,32,2
2026-04-03,601318,14:48:54,57.3000,34,2
2026-04-03,601318,14:48:57,57.3100,46,1
2026-04-03,601318,14:49:00,57.3100,54,1
2026-04-03,601318,14:49:03,57.3100,28,1
2026-04-03,601318,14:49:06,57.3000,94,2
2026-04-03,601318,14:49:09,57.3000,182,2
2026-04-03,601318,14:49:12,57.3100,103,4
2026-04-03,601318,14:49:15,57.3100,25,2
2026-04-03,601318,14:49:18,57.3200,25,1
2026-04-03,601318,14:49:21,57.3100,92,2
2026-04-03,601318,14:49:24,57.3100,12,1
2026-04-03,601318,14:49:27,57.3000,171,2
2026-04-03,601318,14:49:30,57.3000,283,2
2026-04-03,601318,14:49:33,57.3000,144,2
2026-04-03,601318,14:49:36,57.3000,105,2
2026-04-03,601318,14:49:39,57.3000,58,2
2026-04-03,601318,14:49:42,57.3100,191,1
2026-04-03,601318,14:49:45,57.3000,34,2
2026-04-03,601318,14:49:48,57.3100,53,2
2026-04-03,601318,14:49:51,57.3000,44,2
2026-04-03,601318,14:49:54,57.3100,17,1
2026-04-03,601318,14:49:57,57.3100,18,1
2026-04-03,601318,14:50:00,57.3000,76,2
2026-04-03,601318,14:50:03,57.3100,60,1
2026-04-03,601318,14:50:06,57.3100,59,2
2026-04-03,601318,14:50:09,57.3100,125,2
2026-04-03,601318,14:50:12,57.3200,35,1
2026-04-03,601318,14:50:15,57.3100,81,2
2026-04-03,601318,14:50:18,57.3200,96,1
2026-04-03,601318,14:50:21,57.3200,81,2
2026-04-03,601318,14:50:24,57.3200,276,2
2026-04-03,601318,14:50:27,57.3200,30,2
2026-04-03,601318,14:50:30,57.3200,82,2
2026-04-03,601318,14:50:33,57.3200,35,1
2026-04-03,601318,14:50:36,57.3300,110,1
2026-04-03,601318,14:50:39,57.3100,71,2
2026-04-03,601318,14:50:42,57.3200,42,1
2026-04-03,601318,14:50:45,57.3200,62,1
2026-04-03,601318,14:50:48,57.3200,16,2
2026-04-03,601318,14:50:51,57.3200,43,2
2026-04-03,601318,14:50:54,57.3200,6,1
2026-04-03,601318,14:50:57,57.3200,59,1
2026-04-03,601318,14:51:00,57.3100,96,2
2026-04-03,601318,14:51:03,57.3200,18,1
2026-04-03,601318,14:51:06,57.3100,66,2
2026-04-03,601318,14:51:09,57.3100,36,2
2026-04-03,601318,14:51:12,57.3200,20,1
2026-04-03,601318,14:51:15,57.3100,30,2
2026-04-03,601318,14:51:18,57.3200,67,1
2026-04-03,601318,14:51:21,57.3200,4,1
2026-04-03,601318,14:51:24,57.3200,36,1
2026-04-03,601318,14:51:27,57.3100,15,2
2026-04-03,601318,14:51:30,57.3200,61,1
2026-04-03,601318,14:51:33,57.3000,339,2
2026-04-03,601318,14:51:36,57.3000,1356,2
2026-04-03,601318,14:51:39,57.3100,70,1
2026-04-03,601318,14:51:42,57.3000,20,2
2026-04-03,601318,14:51:45,57.3000,18,2
2026-04-03,601318,14:51:48,57.3000,67,2
2026-04-03,601318,14:51:51,57.3100,56,1
2026-04-03,601318,14:51:54,57.3100,77,1
2026-04-03,601318,14:51:57,57.3000,33,2
2026-04-03,601318,14:52:00,57.2900,123,2
2026-04-03,601318,14:52:03,57.3100,103,1
2026-04-03,601318,14:52:06,57.3100,104,1
2026-04-03,601318,14:52:09,57.3000,60,2
2026-04-03,601318,14:52:12,57.3000,17,1
2026-04-03,601318,14:52:15,57.3200,278,4
2026-04-03,601318,14:52:18,57.2900,32,2
2026-04-03,601318,14:52:21,57.3300,37,1
2026-04-03,601318,14:52:24,57.3300,75,1
2026-04-03,601318,14:52:27,57.3200,15,1
2026-04-03,601318,14:52:30,57.3200,2,2
2026-04-03,601318,14:52:33,57.3200,21,1
2026-04-03,601318,14:52:36,57.3200,11,2
2026-04-03,601318,14:52:39,57.3200,16,2
2026-04-03,601318,14:52:42,57.3100,23,2
2026-04-03,601318,14:52:45,57.3100,93,1
2026-04-03,601318,14:52:48,57.3100,88,1
2026-04-03,601318,14:52:51,57.3100,49,2
2026-04-03,601318,14:52:54,57.3200,27,1
2026-04-03,601318,14:52:57,57.3200,49,1
2026-04-03,601318,14:53:00,57.3200,6,1
2026-04-03,601318,14:53:03,57.3100,10,2
2026-04-03,601318,14:53:06,57.3100,49,2
2026-04-03,601318,14:53:09,57.3100,46,2
2026-04-03,601318,14:53:12,57.3100,28,1
2026-04-03,601318,14:53:15,57.3100,28,1
2026-04-03,601318,14:53:18,57.3100,27,1
2026-04-03,601318,14:53:21,57.3100,20,1
2026-04-03,601318,14:53:24,57.3100,65,1
2026-04-03,601318,14:53:27,57.3100,49,1
2026-04-03,601318,14:53:30,57.3100,7,1
2026-04-03,601318,14:53:33,57.3000,1,2
2026-04-03,601318,14:53:36,57.3000,47,2
2026-04-03,601318,14:53:39,57.3100,61,1
2026-04-03,601318,14:53:42,57.3100,10,1
2026-04-03,601318,14:53:45,57.3100,48,2
2026-04-03,601318,14:53:48,57.3000,13,2
2026-04-03,601318,14:53:51,57.3100,48,1
2026-04-03,601318,14:53:54,57.3100,17,1
2026-04-03,601318,14:53:57,57.3200,24,1
2026-04-03,601318,14:54:00,57.3200,134,1
2026-04-03,601318,14:54:03,57.3100,56,1
2026-04-03,601318,14:54:06,57.3200,18,1
2026-04-03,601318,14:54:09,57.3300,23,1
2026-04-03,601318,14:54:12,57.3200,10,2
2026-04-03,601318,14:54:15,57.3200,33,2
2026-04-03,601318,14:54:18,57.3300,27,1
2026-04-03,601318,14:54:21,57.3300,44,1
2026-04-03,601318,14:54:24,57.3200,185,2
2026-04-03,601318,14:54:27,57.3300,69,2
2026-04-03,601318,14:54:30,57.3400,42,1
2026-04-03,601318,14:54:33,57.3300,17,2
2026-04-03,601318,14:54:36,57.3300,57,1
2026-04-03,601318,14:54:39,57.3300,35,1
2026-04-03,601318,14:54:42,57.3300,97,1
2026-04-03,601318,14:54:45,57.3200,220,2
2026-04-03,601318,14:54:48,57.3200,393,1
2026-04-03,601318,14:54:51,57.3300,28,1
2026-04-03,601318,14:54:54,57.3100,28,2
2026-04-03,601318,14:54:57,57.3200,48,1
2026-04-03,601318,14:55:00,57.3200,19,2
2026-04-03,601318,14:55:03,57.3200,166,2
2026-04-03,601318,14:55:06,57.3200,67,1
2026-04-03,601318,14:55:09,57.3200,35,4
2026-04-03,601318,14:55:12,57.3200,39,1
2026-04-03,601318,14:55:15,57.3200,33,1
2026-04-03,601318,14:55:18,57.3200,66,1
2026-04-03,601318,14:55:21,57.3100,80,2
2026-04-03,601318,14:55:24,57.3100,29,2
2026-04-03,601318,14:55:27,57.3100,131,2
2026-04-03,601318,14:55:30,57.3100,32,1
2026-04-03,601318,14:55:33,57.3200,75,1
2026-04-03,601318,14:55:36,57.3100,143,2
2026-04-03,601318,14:55:39,57.3100,151,1
2026-04-03,601318,14:55:42,57.3100,13,1
2026-04-03,601318,14:55:45,57.3200,17,1
2026-04-03,601318,14:55:48,57.3100,48,2
2026-04-03,601318,14:55:51,57.3200,43,1
2026-04-03,601318,14:55:54,57.3200,71,1
2026-04-03,601318,14:55:57,57.3100,66,2
2026-04-03,601318,14:56:00,57.3100,281,2
2026-04-03,601318,14:56:03,57.3000,234,2
2026-04-03,601318,14:56:06,57.3200,54,1
2026-04-03,601318,14:56:09,57.3100,22,2
2026-04-03,601318,14:56:12,57.3100,65,1
2026-04-03,601318,14:56:15,57.3000,44,2
2026-04-03,601318,14:56:18,57.3100,71,1
2026-04-03,601318,14:56:21,57.3200,70,1
2026-04-03,601318,14:56:24,57.3100,591,2
2026-04-03,601318,14:56:27,57.3100,68,1
2026-04-03,601318,14:56:30,57.3000,46,2
2026-04-03,601318,14:56:33,57.3000,82,1
2026-04-03,601318,14:56:36,57.3200,102,1
2026-04-03,601318,14:56:39,57.3000,18,2
2026-04-03,601318,14:56:42,57.2800,120,2
2026-04-03,601318,14:56:45,57.3000,17,2
2026-04-03,601318,14:56:48,57.3100,39,1
2026-04-03,601318,14:56:51,57.3100,14,1
2026-04-03,601318,14:56:54,57.3100,9,1
2026-04-03,601318,14:56:57,57.3100,43,1
2026-04-03,601318,15:00:03,57.2500,3406,4
2026-04-03,601318,13:14:21,57.3500,59,1
2026-04-03,601318,13:14:24,57.3400,34,2
2026-04-03,601318,13:14:27,57.3400,71,2
2026-04-03,601318,13:14:30,57.3400,37,2
2026-04-03,601318,13:14:33,57.3400,8,2
2026-04-03,601318,13:14:36,57.3500,120,1
2026-04-03,601318,13:14:39,57.3400,31,2
2026-04-03,601318,13:14:42,57.3400,89,2
2026-04-03,601318,13:14:45,57.3500,1,1
2026-04-03,601318,13:14:48,57.3300,91,2
2026-04-03,601318,13:14:51,57.3400,8,1
2026-04-03,601318,13:14:54,57.3400,2,1
2026-04-03,601318,13:14:57,57.3300,8,2
2026-04-03,601318,13:15:00,57.3400,2,1
2026-04-03,601318,13:15:03,57.3300,28,2
2026-04-03,601318,13:15:06,57.3400,23,1
2026-04-03,601318,13:15:09,57.3400,7,1
2026-04-03,601318,13:15:12,57.3400,31,1
2026-04-03,601318,13:15:15,57.3500,23,1
2026-04-03,601318,13:15:18,57.3500,16,1
2026-04-03,601318,13:15:21,57.3500,55,1
2026-04-03,601318,13:15:24,57.3400,3,2
2026-04-03,601318,13:15:27,57.3400,10,2
2026-04-03,601318,13:15:30,57.3400,57,2
2026-04-03,601318,13:15:33,57.3400,36,2
2026-04-03,601318,13:15:36,57.3500,31,1
2026-04-03,601318,13:15:39,57.3500,30,1
2026-04-03,601318,13:15:42,57.3500,23,1
2026-04-03,601318,13:15:45,57.3500,22,1
2026-04-03,601318,13:15:48,57.3500,1,2
2026-04-03,601318,13:15:51,57.3500,10,2
2026-04-03,601318,13:15:54,57.3500,10,2
2026-04-03,601318,13:15:57,57.3600,12,1
2026-04-03,601318,13:16:00,57.3500,36,2
2026-04-03,601318,13:16:03,57.3400,344,2
2026-04-03,601318,13:16:06,57.3400,331,2
2026-04-03,601318,13:16:09,57.3400,13,1
2026-04-03,601318,13:16:12,57.3400,7,1
2026-04-03,601318,13:16:15,57.3300,98,2
2026-04-03,601318,13:16:18,57.3300,42,2
2026-04-03,601318,13:16:24,57.3400,3,1
2026-04-03,601318,13:16:27,57.3300,2,2
2026-04-03,601318,13:16:30,57.3400,6,1
2026-04-03,601318,13:16:33,57.3300,226,2
2026-04-03,601318,13:16:36,57.3300,16,1
2026-04-03,601318,13:16:39,57.3300,9,1
2026-04-03,601318,13:16:42,57.3300,114,1
2026-04-03,601318,13:16:45,57.3200,31,2
2026-04-03,601318,13:16:48,57.3300,26,1
2026-04-03,601318,13:16:51,57.3300,4,1
2026-04-03,601318,13:16:54,57.3300,31,1
2026-04-03,601318,13:16:57,57.3300,13,2
2026-04-03,601318,13:17:00,57.3300,9,1
2026-04-03,601318,13:17:03,57.3300,73,1
2026-04-03,601318,13:17:06,57.3300,18,2
2026-04-03,601318,13:17:09,57.3200,2,2
2026-04-03,601318,13:17:12,57.3300,26,1
2026-04-03,601318,13:17:15,57.3200,75,2
2026-04-03,601318,13:17:18,57.3300,6,1
2026-04-03,601318,13:17:21,57.3300,44,2
2026-04-03,601318,13:17:24,57.3300,27,2
2026-04-03,601318,13:17:27,57.3300,27,4
2026-04-03,601318,13:17:30,57.3200,23,2
2026-04-03,601318,13:17:33,57.3300,51,1
2026-04-03,601318,13:17:36,57.3300,46,2
2026-04-03,601318,13:17:39,57.3300,41,1
2026-04-03,601318,13:17:42,57.3300,34,2
2026-04-03,601318,13:17:45,57.3300,3,2
2026-04-03,601318,13:17:48,57.3000,1704,2
2026-04-03,601318,13:17:51,57.3000,122,2
2026-04-03,601318,13:17:54,57.2900,6,2
2026-04-03,601318,13:17:57,57.2900,25,2
2026-04-03,601318,13:18:00,57.3200,41,1
2026-04-03,601318,13:18:03,57.3200,54,1
2026-04-03,601318,13:18:06,57.2900,61,2
2026-04-03,601318,13:18:09,57.3100,22,4
2026-04-03,601318,13:18:12,57.3000,13,2
2026-04-03,601318,13:18:15,57.3000,51,2
2026-04-03,601318,13:18:18,57.3000,18,2
2026-04-03,601318,13:18:21,57.3100,13,1
2026-04-03,601318,13:18:24,57.3000,20,2
2026-04-03,601318,13:18:27,57.3000,13,2
2026-04-03,601318,13:18:30,57.3100,21,1
2026-04-03,601318,13:18:33,57.3000,46,2
2026-04-03,601318,13:18:36,57.3100,30,1
2026-04-03,601318,13:18:39,57.3100,24,1
2026-04-03,601318,13:18:42,57.3100,13,1
2026-04-03,601318,13:18:45,57.3000,9,2
2026-04-03,601318,13:18:48,57.3000,41,2
2026-04-03,601318,13:18:51,57.3000,141,2
2026-04-03,601318,13:18:54,57.3100,73,4
2026-04-03,601318,13:18:57,57.3100,9,4
2026-04-03,601318,13:19:00,57.3200,55,1
2026-04-03,601318,13:19:03,57.3100,22,2
2026-04-03,601318,13:19:06,57.3200,62,1
2026-04-03,601318,13:19:09,57.3200,42,1
2026-04-03,601318,13:19:12,57.3200,7,4
2026-04-03,601318,13:19:15,57.3300,107,1
2026-04-03,601318,13:19:18,57.3300,49,1
2026-04-03,601318,13:19:21,57.3200,9,1
2026-04-03,601318,13:19:24,57.3100,3,2
2026-04-03,601318,13:19:27,57.3100,5,2
2026-04-03,601318,13:19:30,57.3200,7,1
2026-04-03,601318,13:19:33,57.3100,31,2
2026-04-03,601318,13:19:36,57.3200,4,1
2026-04-03,601318,13:19:42,57.3100,47,2
2026-04-03,601318,13:19:45,57.3100,41,2
2026-04-03,601318,13:19:48,57.3100,16,2
2026-04-03,601318,13:19:51,57.3300,31,1
2026-04-03,601318,13:19:54,57.3200,21,2
2026-04-03,601318,13:19:57,57.3300,18,1
2026-04-03,601318,13:20:00,57.3200,62,2
2026-04-03,601318,13:20:03,57.3200,59,2
2026-04-03,601318,13:20:06,57.3300,25,1
2026-04-03,601318,13:20:09,57.3200,19,2
2026-04-03,601318,13:20:12,57.3200,45,1
2026-04-03,601318,13:20:15,57.3300,11,1
2026-04-03,601318,13:20:18,57.3200,31,2
2026-04-03,601318,13:20:21,57.3200,31,2
2026-04-03,601318,13:20:24,57.3300,20,1
2026-04-03,601318,13:20:27,57.3300,37,1
2026-04-03,601318,13:20:30,57.3100,11,2
2026-04-03,601318,13:20:33,57.3100,38,2
2026-04-03,601318,13:20:36,57.3300,26,1
2026-04-03,601318,13:20:39,57.3200,11,1
2026-04-03,601318,13:20:42,57.3300,10,1
2026-04-03,601318,13:20:45,57.3300,30,1
2026-04-03,601318,13:20:48,57.3200,24,2
2026-04-03,601318,13:20:51,57.3200,10,2
2026-04-03,601318,13:20:54,57.3200,18,2
2026-04-03,601318,13:20:57,57.3300,3,1
2026-04-03,601318,13:21:00,57.3200,22,2
2026-04-03,601318,13:21:03,57.3200,9,2
2026-04-03,601318,13:21:06,57.3300,7,1
2026-04-03,601318,13:21:09,57.3100,449,2
2026-04-03,601318,13:21:12,57.3100,183,2
2026-04-03,601318,13:21:15,57.3100,58,1
2026-04-03,601318,13:21:18,57.3000,25,2
2026-04-03,601318,13:21:21,57.3100,15,1
2026-04-03,601318,13:21:24,57.3100,10,1
2026-04-03,601318,13:21:27,57.3000,14,2
2026-04-03,601318,13:21:30,57.3100,36,1
2026-04-03,601318,13:21:33,57.3100,229,1
2026-04-03,601318,13:21:36,57.3000,174,2
2026-04-03,601318,13:21:39,57.3000,32,2
2026-04-03,601318,13:21:42,57.3100,20,1
2026-04-03,601318,13:21:45,57.3200,4,1
2026-04-03,601318,13:21:48,57.3000,3,2
2026-04-03,601318,13:21:51,57.3000,25,2
2026-04-03,601318,13:21:54,57.3200,9,1
2026-04-03,601318,13:21:57,57.3100,19,2
2026-04-03,601318,13:22:00,57.3200,20,1
2026-04-03,601318,13:22:03,57.3100,35,2
2026-04-03,601318,13:22:06,57.3100,19,2
2026-04-03,601318,13:22:09,57.3100,14,2
2026-04-03,601318,13:22:12,57.3100,15,2
2026-04-03,601318,13:22:15,57.3100,12,2
2026-04-03,601318,13:22:21,57.3200,47,1
2026-04-03,601318,13:22:24,57.3200,12,1
2026-04-03,601318,13:22:27,57.3200,8,1
2026-04-03,601318,13:22:30,57.3100,48,2
2026-04-03,601318,13:22:33,57.3100,7,2
2026-04-03,601318,13:22:36,57.3200,7,1
2026-04-03,601318,13:22:39,57.3200,3,1
2026-04-03,601318,13:22:42,57.3200,15,1
2026-04-03,601318,13:22:45,57.3200,25,1
2026-04-03,601318,13:22:48,57.3200,4,1
2026-04-03,601318,13:22:51,57.3100,18,2
2026-04-03,601318,13:22:54,57.3200,7,1
2026-04-03,601318,13:22:57,57.3200,24,1
2026-04-03,601318,13:23:00,57.3100,10,2
2026-04-03,601318,13:23:03,57.3200,39,1
2026-04-03,601318,13:23:06,57.3200,6,1
2026-04-03,601318,13:23:09,57.3200,17,1
2026-04-03,601318,13:23:12,57.3200,13,1
2026-04-03,601318,13:23:15,57.3100,34,2
2026-04-03,601318,13:23:18,57.3100,487,2
2026-04-03,601318,13:23:21,57.3000,7,2
2026-04-03,601318,13:23:24,57.3100,16,1
2026-04-03,601318,13:23:27,57.3100,8,1
2026-04-03,601318,13:23:30,57.3100,11,1
2026-04-03,601318,13:23:33,57.3000,4,2
2026-04-03,601318,13:23:36,57.3100,14,1
2026-04-03,601318,13:23:39,57.3100,68,1
2026-04-03,601318,13:23:42,57.3100,1,1
2026-04-03,601318,13:23:45,57.3100,32,1
2026-04-03,601318,13:23:48,57.3100,42,1
2026-04-03,601318,13:23:51,57.3100,46,1
2026-04-03,601318,13:23:54,57.3100,15,1
2026-04-03,601318,13:23:57,57.3100,13,1
2026-04-03,601318,13:24:00,57.3100,38,1
2026-04-03,601318,13:24:03,57.3000,38,2
2026-04-03,601318,13:24:06,57.3100,49,2
2026-04-03,601318,13:24:09,57.3100,6,1
2026-04-03,601318,13:24:12,57.3200,39,1
2026-04-03,601318,13:24:15,57.3100,14,2
2026-04-03,601318,13:24:18,57.3100,19,1
2026-04-03,601318,13:24:21,57.3100,29,1
2026-04-03,601318,13:24:24,57.3100,13,2
2026-04-03,601318,13:24:27,57.3000,443,2
2026-04-03,601318,13:24:30,57.3000,121,2
2026-04-03,601318,13:24:33,57.3000,96,2
2026-04-03,601318,13:24:36,57.3000,20,2
2026-04-03,601318,13:24:39,57.3100,5,1
2026-04-03,601318,13:24:42,57.3000,5,2
2026-04-03,601318,13:24:45,57.3000,1,2
2026-04-03,601318,13:24:48,57.3000,15,2
2026-04-03,601318,13:24:51,57.3000,14,2
2026-04-03,601318,13:24:54,57.3000,9,2
2026-04-03,601318,13:24:57,57.3000,22,2
2026-04-03,601318,13:25:00,57.3100,5,1
2026-04-03,601318,13:25:03,57.3100,31,1
2026-04-03,601318,13:25:06,57.3000,33,2
2026-04-03,601318,13:25:09,57.3100,51,1
2026-04-03,601318,13:25:12,57.3000,61,2
2026-04-03,601318,13:25:15,57.3000,71,2
2026-04-03,601318,13:25:18,57.3000,34,2
2026-04-03,601318,13:25:21,57.3100,26,1
2026-04-03,601318,13:25:24,57.3100,46,1
2026-04-03,601318,13:25:27,57.3100,84,1
2026-04-03,601318,13:25:30,57.3000,44,2
2026-04-03,601318,13:25:33,57.3100,160,1
2026-04-03,601318,13:25:36,57.3000,61,2
2026-04-03,601318,13:25:39,57.3100,79,1
2026-04-03,601318,13:25:42,57.3100,36,2
2026-04-03,601318,13:25:45,57.3100,23,2
2026-04-03,601318,13:25:48,57.3200,10,1
2026-04-03,601318,13:25:51,57.3200,13,1
2026-04-03,601318,13:25:54,57.3100,62,2
2026-04-03,601318,13:25:57,57.3100,69,2
2026-04-03,601318,13:26:00,57.3200,35,1
2026-04-03,601318,13:26:03,57.3100,17,2
2026-04-03,601318,13:26:06,57.3200,24,1
2026-04-03,601318,13:26:09,57.3200,7,1
2026-04-03,601318,13:26:12,57.3200,75,1
2026-04-03,601318,13:26:15,57.3100,5,2
2026-04-03,601318,13:26:18,57.3200,32,1
2026-04-03,601318,13:26:24,57.3200,13,1
2026-04-03,601318,13:26:27,57.3200,39,1
2026-04-03,601318,13:26:30,57.3200,14,1
2026-04-03,601318,13:26:33,57.3200,39,1
2026-04-03,601318,13:26:36,57.3200,36,1
2026-04-03,601318,13:26:39,57.3200,34,1
2026-04-03,601318,13:26:42,57.3200,92,1
2026-04-03,601318,13:26:45,57.3200,47,1
2026-04-03,601318,13:26:48,57.3200,63,1
2026-04-03,601318,13:26:51,57.3300,91,1
2026-04-03,601318,13:26:54,57.3200,187,2
2026-04-03,601318,13:26:57,57.3200,28,1
2026-04-03,601318,13:27:00,57.3200,65,1
2026-04-03,601318,13:27:03,57.3200,131,1
2026-04-03,601318,13:27:06,57.3200,239,2
2026-04-03,601318,13:27:09,57.3100,706,2
2026-04-03,601318,13:27:12,57.3100,45,1
2026-04-03,601318,13:27:15,57.3000,43,2
2026-04-03,601318,13:27:18,57.3200,182,1
2026-04-03,601318,13:27:21,57.3200,89,2
2026-04-03,601318,13:27:24,57.3200,42,2
2026-04-03,601318,13:27:27,57.3200,23,2
2026-04-03,601318,13:27:30,57.3200,10,2
2026-04-03,601318,13:27:33,57.3200,15,2
2026-04-03,601318,13:27:36,57.3200,11,2
2026-04-03,601318,13:27:39,57.3200,26,2
2026-04-03,601318,13:27:42,57.3200,11,1
2026-04-03,601318,13:27:45,57.3100,8,2
2026-04-03,601318,13:27:48,57.3100,27,2
2026-04-03,601318,13:27:51,57.3200,8,1
2026-04-03,601318,13:27:54,57.3200,23,1
2026-04-03,601318,13:27:57,57.3200,39,1
2026-04-03,601318,13:28:00,57.3100,12,2
2026-04-03,601318,13:28:03,57.3200,44,1
2026-04-03,601318,13:28:06,57.3100,12,2
2026-04-03,601318,13:28:09,57.3100,9,2
2026-04-03,601318,13:28:12,57.3100,19,2
2026-04-03,601318,13:28:15,57.3100,66,2
2026-04-03,601318,13:28:18,57.3200,8,1
2026-04-03,601318,13:28:21,57.3200,12,1
2026-04-03,601318,13:28:24,57.3200,17,1
2026-04-03,601318,13:28:27,57.3300,23,1
2026-04-03,601318,13:28:30,57.3300,10,1
2026-04-03,601318,13:28:33,57.3200,14,2
2026-04-03,601318,13:28:36,57.3200,15,2
2026-04-03,601318,13:28:39,57.3300,7,1
2026-04-03,601318,13:28:42,57.3300,4,1
2026-04-03,601318,13:28:45,57.3200,56,2
2026-04-03,601318,13:28:48,57.3300,30,1
2026-04-03,601318,13:28:51,57.3300,2,1
2026-04-03,601318,13:28:54,57.3300,10,1
2026-04-03,601318,13:28:57,57.3200,52,2
2026-04-03,601318,13:29:00,57.3300,3,1
2026-04-03,601318,13:29:03,57.3200,78,2
2026-04-03,601318,13:29:06,57.3200,43,2
2026-04-03,601318,13:29:09,57.3300,11,1
2026-04-03,601318,13:29:12,57.3200,15,2
2026-04-03,601318,13:29:15,57.3300,28,1
2026-04-03,601318,13:29:18,57.3100,182,2
2026-04-03,601318,13:29:24,57.3200,9,1
2026-04-03,601318,13:29:27,57.3100,114,2
2026-04-03,601318,13:29:30,57.3200,5,1
2026-04-03,601318,13:29:33,57.3200,25,1
2026-04-03,601318,13:29:36,57.3100,27,2
2026-04-03,601318,13:29:39,57.3300,7,1
2026-04-03,601318,13:29:42,57.3200,44,1
2026-04-03,601318,13:29:45,57.3300,63,1
2026-04-03,601318,13:29:48,57.3100,23,2
2026-04-03,601318,13:29:51,57.3200,624,1
2026-04-03,601318,13:29:54,57.3200,23,1
2026-04-03,601318,13:29:57,57.3300,7,1
2026-04-03,601318,13:30:00,57.3200,10,2
2026-04-03,601318,13:30:03,57.3300,77,1
2026-04-03,601318,13:30:06,57.3300,4,1
2026-04-03,601318,13:30:09,57.3200,52,2
2026-04-03,601318,13:30:12,57.3300,5,1
2026-04-03,601318,13:30:15,57.3300,630,1
2026-04-03,601318,13:30:18,57.3300,550,1
2026-04-03,601318,13:30:21,57.3300,232,1
2026-04-03,601318,13:30:24,57.3300,160,1
2026-04-03,601318,13:30:27,57.3300,24,1
2026-04-03,601318,13:30:30,57.3300,63,1
2026-04-03,601318,13:30:33,57.3300,45,1
2026-04-03,601318,13:30:36,57.3300,52,1
2026-04-03,601318,13:30:39,57.3400,423,1
2026-04-03,601318,13:30:42,57.3400,20,1
2026-04-03,601318,13:30:45,57.3400,22,2
2026-04-03,601318,13:30:48,57.3400,42,1
2026-04-03,601318,13:30:51,57.3500,44,1
2026-04-03,601318,13:30:54,57.3500,4,1
2026-04-03,601318,13:30:57,57.3500,33,1
2026-04-03,601318,13:31:00,57.3600,13,1
2026-04-03,601318,13:31:03,57.3600,16,1
2026-04-03,601318,13:31:06,57.3600,18,1
2026-04-03,601318,13:31:09,57.3600,12,1
2026-04-03,601318,13:31:12,57.3700,14,1
2026-04-03,601318,13:31:15,57.3600,23,2
2026-04-03,601318,13:31:18,57.3600,86,2
2026-04-03,601318,13:31:21,57.3600,22,1
2026-04-03,601318,13:31:24,57.3600,39,1
2026-04-03,601318,13:31:27,57.3600,25,1
2026-04-03,601318,13:31:30,57.3600,17,1
2026-04-03,601318,13:31:33,57.3600,265,1
2026-04-03,601318,13:31:36,57.3500,19,2
2026-04-03,601318,13:31:39,57.3500,23,2
2026-04-03,601318,13:31:42,57.3500,179,2
2026-04-03,601318,13:31:45,57.3500,92,1
2026-04-03,601318,13:31:48,57.3500,3,1
2026-04-03,601318,13:31:51,57.3500,19,1
2026-04-03,601318,13:31:54,57.3500,10,4
2026-04-03,601318,13:31:57,57.3500,28,1
2026-04-03,601318,13:32:00,57.3500,7,2
2026-04-03,601318,13:32:03,57.3300,367,2
2026-04-03,601318,13:32:06,57.3300,13,1
2026-04-03,601318,13:32:09,57.3100,30,2
2026-04-03,601318,13:32:12,57.3300,65,1
2026-04-03,601318,13:32:15,57.3200,19,2
2026-04-03,601318,13:32:18,57.3300,6,4
2026-04-03,601318,13:32:21,57.3200,15,2
2026-04-03,601318,13:32:24,57.3200,2,2
2026-04-03,601318,13:32:30,57.3300,5,1
2026-04-03,601318,13:32:33,57.3200,10,2
2026-04-03,601318,13:32:36,57.3200,27,2
2026-04-03,601318,13:32:39,57.3200,439,2
2026-04-03,601318,13:32:42,57.3200,10,1
2026-04-03,601318,13:32:45,57.3100,17,2
2026-04-03,601318,13:32:48,57.3200,14,1
2026-04-03,601318,13:32:51,57.3200,20,1
2026-04-03,601318,13:32:57,57.3300,3,1
2026-04-03,601318,13:33:00,57.3200,2,2
2026-04-03,601318,13:33:03,57.3200,22,2
2026-04-03,601318,13:33:06,57.3200,2,2
2026-04-03,601318,13:33:09,57.3200,16,2
2026-04-03,601318,13:33:12,57.3300,28,1
2026-04-03,601318,13:33:15,57.3200,25,2
2026-04-03,601318,13:33:24,57.3200,221,2
2026-04-03,601318,13:33:27,57.3200,90,1
2026-04-03,601318,13:33:30,57.3100,15,2
2026-04-03,601318,13:33:33,57.3100,38,2
2026-04-03,601318,13:33:36,57.3100,396,2
2026-04-03,601318,13:33:39,57.3000,57,2
2026-04-03,601318,13:33:42,57.3000,78,2
2026-04-03,601318,13:33:45,57.3200,14,1
2026-04-03,601318,13:33:48,57.3100,10,4
2026-04-03,601318,13:33:54,57.3100,8,1
2026-04-03,601318,13:33:57,57.3100,28,1
2026-04-03,601318,13:34:00,57.3100,3,2
2026-04-03,601318,13:34:03,57.3200,1,1
2026-04-03,601318,13:34:06,57.3200,10,1
2026-04-03,601318,13:34:12,57.3200,1,1
2026-04-03,601318,13:34:15,57.3200,8,1
2026-04-03,601318,13:34:18,57.3100,15,2
2026-04-03,601318,13:34:21,57.3100,2,2
2026-04-03,601318,13:34:24,57.3200,16,1
2026-04-03,601318,13:34:27,57.3200,79,1
2026-04-03,601318,13:34:30,57.3200,42,1
2026-04-03,601318,13:34:33,57.3200,29,1
2026-04-03,601318,13:34:36,57.3200,50,2
2026-04-03,601318,13:34:39,57.3200,7,2
2026-04-03,601318,13:34:42,57.3200,11,2
2026-04-03,601318,13:34:45,57.3200,7,2
2026-04-03,601318,13:34:48,57.3300,1,1
2026-04-03,601318,13:34:51,57.3300,14,1
2026-04-03,601318,13:34:54,57.3300,165,1
2026-04-03,601318,13:34:57,57.3300,54,2
2026-04-03,601318,13:35:00,57.3300,1,2
2026-04-03,601318,13:35:03,57.3400,156,1
2026-04-03,601318,13:35:06,57.3300,45,2
2026-04-03,601318,13:35:09,57.3400,12,1
2026-04-03,601318,13:35:12,57.3400,10,2
2026-04-03,601318,13:35:15,57.3400,40,2
2026-04-03,601318,13:35:18,57.3500,21,1
2026-04-03,601318,13:35:21,57.3500,18,2
2026-04-03,601318,13:35:24,57.3500,17,2
2026-04-03,601318,13:35:27,57.3600,14,2
2026-04-03,601318,13:35:30,57.3700,24,1
2026-04-03,601318,13:35:33,57.3700,13,1
2026-04-03,601318,13:35:36,57.3700,9,1
2026-04-03,601318,13:35:39,57.3800,7,1
2026-04-03,601318,13:35:42,57.3800,41,1
2026-04-03,601318,13:35:45,57.3800,51,1
2026-04-03,601318,13:35:48,57.3900,6,1
2026-04-03,601318,13:35:51,57.3800,13,2
2026-04-03,601318,13:35:54,57.3700,279,2
2026-04-03,601318,13:35:57,57.3800,57,1
2026-04-03,601318,13:36:00,57.3800,17,2
2026-04-03,601318,13:36:03,57.3900,8,1
2026-04-03,601318,13:36:06,57.3900,10,1
2026-04-03,601318,13:36:09,57.3900,5,1
2026-04-03,601318,13:36:12,57.3900,57,1
2026-04-03,601318,13:36:15,57.4000,9,1
2026-04-03,601318,13:36:18,57.3900,30,2
2026-04-03,601318,13:36:21,57.4000,40,1
2026-04-03,601318,13:36:24,57.4000,28,1
2026-04-03,601318,13:36:27,57.4000,17,2
2026-04-03,601318,13:36:33,57.4100,6,1
2026-04-03,601318,13:36:36,57.3900,255,2
2026-04-03,601318,13:36:39,57.3800,199,2
2026-04-03,601318,13:36:42,57.3900,42,1
2026-04-03,601318,13:36:45,57.3900,19,2
2026-04-03,601318,13:36:48,57.4000,1,1
2026-04-03,601318,13:36:51,57.4000,5,1
2026-04-03,601318,13:36:54,57.4000,16,1
2026-04-03,601318,13:36:57,57.4000,23,1
2026-04-03,601318,13:37:00,57.4100,5,1
2026-04-03,601318,13:37:03,57.4100,16,1
2026-04-03,601318,13:37:06,57.4000,5,2
2026-04-03,601318,13:37:09,57.4100,53,1
2026-04-03,601318,13:37:12,57.4000,218,2
2026-04-03,601318,13:37:15,57.4000,296,2
2026-04-03,601318,13:37:18,57.4000,4,1
2026-04-03,601318,13:37:24,57.3900,24,1
2026-04-03,601318,13:37:27,57.3900,41,2
2026-04-03,601318,13:37:30,57.4000,7,1
2026-04-03,601318,13:37:33,57.3900,9,2
2026-04-03,601318,13:37:36,57.4000,2,1
2026-04-03,601318,13:37:39,57.4000,12,1
2026-04-03,601318,13:37:42,57.4000,1,2
2026-04-03,601318,13:37:45,57.4000,14,2
2026-04-03,601318,13:37:48,57.4100,7,1
2026-04-03,601318,13:37:51,57.4000,13,2
2026-04-03,601318,13:37:54,57.4100,13,1
2026-04-03,601318,13:37:57,57.4100,51,1
2026-04-03,601318,13:38:00,57.4100,20,1
2026-04-03,601318,13:38:03,57.4000,10,2
2026-04-03,601318,13:38:06,57.4000,4,2
2026-04-03,601318,13:38:09,57.4100,19,1
2026-04-03,601318,13:38:12,57.4300,61,1
2026-04-03,601318,13:38:15,57.4200,13,4
2026-04-03,601318,13:38:18,57.4300,11,1
2026-04-03,601318,13:38:24,57.4400,92,1
2026-04-03,601318,13:38:27,57.4400,37,2
2026-04-03,601318,13:38:30,57.4500,93,1
2026-04-03,601318,13:38:33,57.4500,38,2
2026-04-03,601318,13:38:36,57.4600,19,1
2026-04-03,601318,13:38:39,57.4600,268,1
2026-04-03,601318,13:38:42,57.4700,91,1
2026-04-03,601318,13:38:45,57.4800,26,1
2026-04-03,601318,13:38:48,57.4700,19,2
2026-04-03,601318,13:38:51,57.4800,40,1
2026-04-03,601318,13:38:54,57.4800,244,1
2026-04-03,601318,13:38:57,57.4900,8,1
2026-04-03,601318,13:39:00,57.4700,134,2
2026-04-03,601318,13:39:03,57.4800,64,1
2026-04-03,601318,13:39:06,57.4800,53,2
2026-04-03,601318,13:39:09,57.4700,212,2
2026-04-03,601318,13:39:12,57.4700,224,2
2026-04-03,601318,13:39:15,57.4700,181,1
2026-04-03,601318,13:39:18,57.4700,39,2
2026-04-03,601318,13:39:21,57.4700,76,2
2026-04-03,601318,13:39:24,57.4600,92,2
2026-04-03,601318,13:39:27,57.4700,24,1
2026-04-03,601318,13:39:30,57.4700,11,1
2026-04-03,601318,13:39:33,57.4600,46,2
2026-04-03,601318,13:39:36,57.4700,24,1
2026-04-03,601318,13:39:39,57.4600,37,2
2026-04-03,601318,13:39:42,57.4600,12,2
2026-04-03,601318,13:39:45,57.4700,17,1
2026-04-03,601318,13:39:48,57.4600,32,2
2026-04-03,601318,13:39:51,57.4700,6,1
2026-04-03,601318,13:39:57,57.4600,11,2
2026-04-03,601318,13:40:00,57.4600,5,2
2026-04-03,601318,13:40:03,57.4600,122,2
2026-04-03,601318,13:40:06,57.4600,140,2
2026-04-03,601318,13:40:09,57.4500,174,2
2026-04-03,601318,13:40:12,57.4500,14,2
2026-04-03,601318,13:40:15,57.4500,77,2
2026-04-03,601318,13:40:18,57.4500,118,2
2026-04-03,601318,13:40:21,57.4500,9,1
2026-04-03,601318,13:40:24,57.4500,9,1
2026-04-03,601318,13:40:27,57.4500,56,1
2026-04-03,601318,13:40:30,57.4500,126,1
2026-04-03,601318,13:40:33,57.4400,8,2
2026-04-03,601318,13:40:36,57.4400,10,2
2026-04-03,601318,13:40:39,57.4400,27,2
2026-04-03,601318,13:40:42,57.4400,11,2
2026-04-03,601318,13:40:45,57.4400,27,2
2026-04-03,601318,13:40:48,57.4500,33,1
2026-04-03,601318,13:40:51,57.4400,99,2
2026-04-03,601318,13:40:54,57.4400,42,1
2026-04-03,601318,13:40:57,57.4400,2,1
2026-04-03,601318,13:41:00,57.4300,6,2
2026-04-03,601318,13:41:03,57.4300,34,2
2026-04-03,601318,13:41:06,57.4400,13,1
2026-04-03,601318,13:41:09,57.4400,109,1
2026-04-03,601318,13:41:12,57.4500,22,1
2026-04-03,601318,13:41:15,57.4500,14,1
2026-04-03,601318,13:41:18,57.4500,20,1
2026-04-03,601318,13:41:21,57.4500,23,1
2026-04-03,601318,13:41:24,57.4600,28,1
2026-04-03,601318,13:41:27,57.4500,14,2
2026-04-03,601318,13:41:30,57.4500,17,2
2026-04-03,601318,13:41:33,57.4500,6,2
2026-04-03,601318,13:41:36,57.4500,11,2
2026-04-03,601318,13:41:39,57.4600,4,1
2026-04-03,601318,13:41:42,57.4500,31,2
2026-04-03,601318,13:41:45,57.4600,18,1
2026-04-03,601318,13:41:48,57.4500,24,2
2026-04-03,601318,13:41:51,57.4600,46,4
2026-04-03,601318,13:41:54,57.4500,15,2
2026-04-03,601318,13:41:57,57.4500,6,2
2026-04-03,601318,13:42:00,57.4600,47,1
2026-04-03,601318,13:42:03,57.4700,26,1
2026-04-03,601318,13:42:06,57.4600,219,2
2026-04-03,601318,13:42:09,57.4700,20,1
2026-04-03,601318,13:42:12,57.4700,25,1
2026-04-03,601318,13:42:15,57.4600,448,2
2026-04-03,601318,13:42:18,57.4500,39,2
2026-04-03,601318,13:42:21,57.4500,6,1
2026-04-03,601318,13:42:24,57.4500,8,1
2026-04-03,601318,13:42:27,57.4500,21,1
2026-04-03,601318,13:42:30,57.4500,27,1
2026-04-03,601318,13:42:33,57.4500,1,1
2026-04-03,601318,13:42:36,57.4700,512,1
2026-04-03,601318,13:42:39,57.4600,10,1
2026-04-03,601318,13:42:42,57.4600,9,1
2026-04-03,601318,13:42:45,57.4600,1,1
2026-04-03,601318,13:42:48,57.4600,24,1
2026-04-03,601318,13:42:51,57.4600,6,1
2026-04-03,601318,13:42:54,57.4600,9,1
2026-04-03,601318,13:42:57,57.4300,926,2
2026-04-03,601318,13:43:00,57.4300,91,1
2026-04-03,601318,13:43:03,57.4300,32,1
2026-04-03,601318,13:43:06,57.4300,7,1
2026-04-03,601318,13:43:09,57.4200,28,2
2026-04-03,601318,13:43:12,57.4300,32,1
2026-04-03,601318,13:43:15,57.4200,15,2
2026-04-03,601318,13:43:18,57.4300,11,1
2026-04-03,601318,13:43:21,57.4200,12,2
2026-04-03,601318,13:43:24,57.4300,20,1
2026-04-03,601318,13:43:27,57.4200,24,2
2026-04-03,601318,13:43:30,57.4300,9,1
2026-04-03,601318,13:43:33,57.4300,25,1
2026-04-03,601318,13:43:36,57.4300,123,1
2026-04-03,601318,13:43:39,57.4300,6,1
2026-04-03,601318,13:43:42,57.4200,36,2
2026-04-03,601318,13:43:45,57.4200,13,2
2026-04-03,601318,13:43:48,57.4200,13,2
2026-04-03,601318,13:43:51,57.4200,9,2
2026-04-03,601318,13:43:54,57.4300,7,1
2026-04-03,601318,13:43:57,57.4200,4,2
2026-04-03,601318,13:44:00,57.4200,1,2
2026-04-03,601318,13:44:03,57.4200,24,2
2026-04-03,601318,13:44:06,57.4300,6,1
2026-04-03,601318,13:44:09,57.4300,11,1
2026-04-03,601318,13:44:15,57.4300,101,1
2026-04-03,601318,13:44:18,57.4300,9,1
2026-04-03,601318,13:44:21,57.4300,2,1
2026-04-03,601318,13:44:24,57.4200,9,2
2026-04-03,601318,13:44:27,57.4300,6,1
2026-04-03,601318,13:44:30,57.4200,7,2
2026-04-03,601318,13:44:33,57.4400,630,1
2026-04-03,601318,13:44:36,57.4300,12,4
2026-04-03,601318,13:44:39,57.4300,15,1
2026-04-03,601318,13:44:42,57.4300,6,1
2026-04-03,601318,13:44:45,57.4400,32,1
2026-04-03,601318,13:44:48,57.4300,13,2
2026-04-03,601318,13:44:51,57.4400,7,1
2026-04-03,601318,13:44:54,57.4300,7,2
2026-04-03,601318,13:44:57,57.4400,1,1
2026-04-03,601318,13:45:00,57.4400,2,1
2026-04-03,601318,13:45:03,57.4500,47,1
2026-04-03,601318,13:45:06,57.4500,16,1
2026-04-03,601318,13:45:09,57.4500,13,1
2026-04-03,601318,13:45:12,57.4600,74,1
2026-04-03,601318,13:45:15,57.4400,50,2
2026-04-03,601318,13:45:18,57.4600,212,1
2026-04-03,601318,13:45:21,57.4300,74,2
2026-04-03,601318,13:45:24,57.4100,805,2
2026-04-03,601318,13:45:27,57.4100,70,1
2026-04-03,601318,13:45:30,57.4000,8,2
2026-04-03,601318,13:45:33,57.4100,8,1
2026-04-03,601318,13:45:36,57.4100,2,1
2026-04-03,601318,13:45:39,57.4100,2,1
2026-04-03,601318,13:45:42,57.4000,1,2
2026-04-03,601318,13:45:45,57.4000,26,2
2026-04-03,601318,13:45:48,57.3900,550,2
2026-04-03,601318,13:45:51,57.3900,70,2
2026-04-03,601318,13:45:54,57.3900,114,2
2026-04-03,601318,13:45:57,57.3900,119,2
2026-04-03,601318,13:46:00,57.3900,7,1
2026-04-03,601318,13:46:03,57.3800,22,2
2026-04-03,601318,13:46:06,57.3800,79,1
2026-04-03,601318,13:46:09,57.3600,116,2
2026-04-03,601318,13:46:12,57.3700,58,1
2026-04-03,601318,13:46:15,57.3600,75,2
2026-04-03,601318,13:46:18,57.3700,158,1
2026-04-03,601318,13:46:21,57.3700,118,1
2026-04-03,601318,13:46:24,57.3400,33,2
2026-04-03,601318,13:46:27,57.3400,28,2
2026-04-03,601318,13:46:30,57.3400,190,2
2026-04-03,601318,13:46:33,57.3400,5,2
2026-04-03,601318,13:46:36,57.3400,3,2
2026-04-03,601318,13:46:39,57.3500,175,1
2026-04-03,601318,13:46:42,57.3500,29,2
2026-04-03,601318,13:46:45,57.3500,11,2
2026-04-03,601318,13:46:48,57.3700,50,1
2026-04-03,601318,13:46:51,57.3700,5,2
2026-04-03,601318,13:46:54,57.3700,133,2
2026-04-03,601318,13:46:57,57.3700,7,2
2026-04-03,601318,13:47:00,57.3700,33,2
2026-04-03,601318,13:47:03,57.3700,19,1
2026-04-03,601318,13:47:06,57.3600,46,2
2026-04-03,601318,13:47:09,57.3600,3,1
2026-04-03,601318,13:47:12,57.3700,24,1
2026-04-03,601318,13:47:15,57.3600,2,2
2026-04-03,601318,13:47:21,57.3700,19,1
2026-04-03,601318,13:47:24,57.3700,1,1
2026-04-03,601318,13:47:27,57.3600,32,2
2026-04-03,601318,13:47:30,57.3700,9,4
2026-04-03,601318,13:47:33,57.3700,152,2
2026-04-03,601318,13:47:36,57.3600,28,2
2026-04-03,601318,13:47:39,57.3600,8,2
2026-04-03,601318,13:47:42,57.3700,33,1
2026-04-03,601318,13:47:45,57.3700,26,1
2026-04-03,601318,13:47:48,57.3600,51,2
2026-04-03,601318,13:47:51,57.3600,6,2
2026-04-03,601318,13:47:54,57.3700,46,1
2026-04-03,601318,13:47:57,57.3600,23,2
2026-04-03,601318,13:48:00,57.3600,12,2
2026-04-03,601318,13:48:03,57.3600,29,2
2026-04-03,601318,13:48:06,57.3700,21,1
2026-04-03,601318,13:48:09,57.3600,4,2
2026-04-03,601318,13:48:12,57.3700,29,1
2026-04-03,601318,13:48:15,57.3700,5,2
2026-04-03,601318,13:48:18,57.3800,53,1
2026-04-03,601318,13:48:21,57.3800,21,1
2026-04-03,601318,13:48:24,57.3700,4,2
2026-04-03,601318,13:48:27,57.3800,1,1
2026-04-03,601318,13:48:30,57.3700,5,2
2026-04-03,601318,13:48:33,57.3800,13,1
2026-04-03,601318,13:48:36,57.3800,51,1
2026-04-03,601318,13:48:39,57.3800,3,1
2026-04-03,601318,13:48:42,57.3800,28,1
2026-04-03,601318,13:48:45,57.3800,27,2
2026-04-03,601318,13:48:48,57.3900,44,1
2026-04-03,601318,13:48:51,57.3800,11,2
2026-04-03,601318,13:48:54,57.3800,142,1
2026-04-03,601318,13:48:57,57.3800,16,1
2026-04-03,601318,13:49:00,57.3700,192,2
2026-04-03,601318,13:49:03,57.3800,22,1
2026-04-03,601318,13:49:06,57.3700,10,2
2026-04-03,601318,13:49:09,57.3800,6,1
2026-04-03,601318,13:49:12,57.3800,10,1
2026-04-03,601318,13:49:15,57.3800,34,1
2026-04-03,601318,13:49:18,57.3800,3,1
2026-04-03,601318,13:49:21,57.3800,15,1
2026-04-03,601318,13:49:24,57.3900,29,1
2026-04-03,601318,13:49:27,57.3900,20,1
2026-04-03,601318,13:49:30,57.3900,4,1
2026-04-03,601318,13:49:33,57.3800,6,2
2026-04-03,601318,13:49:36,57.3900,5,1
2026-04-03,601318,13:49:39,57.3800,2,2
2026-04-03,601318,13:49:42,57.3900,5,1
2026-04-03,601318,13:49:45,57.3900,11,1
2026-04-03,601318,13:49:48,57.3800,8,2
2026-04-03,601318,13:49:51,57.3900,9,1
2026-04-03,601318,13:49:54,57.3900,191,1
2026-04-03,601318,13:49:57,57.3800,21,2
2026-04-03,601318,13:50:00,57.3800,4,2
2026-04-03,601318,13:50:03,57.3900,11,1
2026-04-03,601318,13:50:06,57.3800,32,2
2026-04-03,601318,13:50:09,57.3800,16,2
2026-04-03,601318,13:50:12,57.3800,14,2
2026-04-03,601318,13:50:15,57.3700,1149,2
2026-04-03,601318,13:50:18,57.3500,574,2
2026-04-03,601318,13:50:21,57.3600,12,1
2026-04-03,601318,13:50:27,57.3500,75,4
2026-04-03,601318,13:50:30,57.3500,15,2
2026-04-03,601318,13:50:33,57.3500,7,2
2026-04-03,601318,13:50:36,57.3500,36,2
2026-04-03,601318,13:50:39,57.3500,65,2
2026-04-03,601318,13:50:42,57.3400,44,2
2026-04-03,601318,13:50:45,57.3500,23,1
2026-04-03,601318,13:50:48,57.3500,20,1
2026-04-03,601318,13:50:51,57.3500,2,1
2026-04-03,601318,13:50:54,57.3500,7,1
2026-04-03,601318,13:50:57,57.3400,25,2
2026-04-03,601318,13:51:00,57.3500,5,1
2026-04-03,601318,13:51:03,57.3500,1,1
2026-04-03,601318,13:51:06,57.3400,12,2
2026-04-03,601318,13:51:09,57.3400,17,2
2026-04-03,601318,13:51:12,57.3400,2,2
2026-04-03,601318,13:51:15,57.3400,18,2
2026-04-03,601318,13:51:21,57.3400,14,2
2026-04-03,601318,13:51:24,57.3400,4,2
2026-04-03,601318,13:51:27,57.3400,30,2
2026-04-03,601318,13:51:30,57.3400,68,2
2026-04-03,601318,13:51:33,57.3400,20,2
2026-04-03,601318,13:51:36,57.3500,18,1
2026-04-03,601318,13:51:39,57.3500,118,1
2026-04-03,601318,13:51:42,57.3500,5,1
2026-04-03,601318,13:51:45,57.3500,28,1
2026-04-03,601318,13:51:51,57.3500,112,2
2026-04-03,601318,13:51:54,57.3500,10,1
2026-04-03,601318,13:51:57,57.3500,5,1
2026-04-03,601318,13:52:00,57.3500,1,1
2026-04-03,601318,13:52:03,57.3400,18,2
2026-04-03,601318,13:52:06,57.3500,2,1
2026-04-03,601318,13:52:09,57.3400,235,2
2026-04-03,601318,13:52:12,57.3300,345,2
2026-04-03,601318,13:52:15,57.3200,38,2
2026-04-03,601318,13:52:18,57.3300,75,1
2026-04-03,601318,13:52:21,57.3300,1,1
2026-04-03,601318,13:52:24,57.3300,27,1
2026-04-03,601318,13:52:30,57.3300,124,2
2026-04-03,601318,13:52:33,57.3300,12,4
2026-04-03,601318,13:52:36,57.3300,27,2
2026-04-03,601318,13:52:39,57.3300,67,2
2026-04-03,601318,13:52:42,57.3300,20,2
2026-04-03,601318,13:52:45,57.3400,1,1
2026-04-03,601318,13:52:48,57.3300,19,2
2026-04-03,601318,13:52:51,57.3300,57,2
2026-04-03,601318,13:52:54,57.3300,19,1
2026-04-03,601318,13:52:57,57.3300,7,2
2026-04-03,601318,13:53:00,57.3300,12,2
2026-04-03,601318,13:53:03,57.3300,25,2
2026-04-03,601318,13:53:06,57.3200,438,2
2026-04-03,601318,13:53:09,57.3000,405,2
2026-04-03,601318,13:53:12,57.3100,748,1
2026-04-03,601318,13:53:15,57.3000,33,2
2026-04-03,601318,13:53:18,57.3000,25,1
2026-04-03,601318,13:53:27,57.3100,85,1
2026-04-03,601318,13:53:30,57.3000,16,2
2026-04-03,601318,13:53:33,57.3000,7,2
2026-04-03,601318,13:53:36,57.3100,8,1
2026-04-03,601318,13:53:39,57.3000,11,2
2026-04-03,601318,13:53:42,57.3200,305,1
2026-04-03,601318,13:53:45,57.3300,94,1
2026-04-03,601318,13:53:48,57.3100,243,2
2026-04-03,601318,13:53:51,57.3200,60,1
2026-04-03,601318,13:53:54,57.3300,9,1
2026-04-03,601318,13:54:00,57.3300,16,1
2026-04-03,601318,13:54:03,57.3300,15,1
2026-04-03,601318,13:54:06,57.3300,12,1
2026-04-03,601318,13:54:09,57.3200,25,2
2026-04-03,601318,13:54:12,57.3300,21,1
2026-04-03,601318,13:54:15,57.3400,50,1
2026-04-03,601318,13:54:18,57.3300,21,4
2026-04-03,601318,13:54:21,57.3300,67,2
2026-04-03,601318,13:54:24,57.3300,40,1
2026-04-03,601318,13:54:27,57.3300,8,2
2026-04-03,601318,13:54:30,57.3300,17,1
2026-04-03,601318,13:54:33,57.3300,271,1
2026-04-03,601318,13:54:36,57.3200,27,2
2026-04-03,601318,13:54:39,57.3200,46,2
2026-04-03,601318,13:54:42,57.3200,36,2
2026-04-03,601318,13:54:45,57.3200,1,2
2026-04-03,601318,13:54:48,57.3200,3,2
2026-04-03,601318,13:54:51,57.3200,16,2
2026-04-03,601318,13:54:54,57.3300,6,1
2026-04-03,601318,13:54:57,57.3300,86,1
2026-04-03,601318,13:55:00,57.3300,1,1
2026-04-03,601318,13:55:03,57.3300,4,1
2026-04-03,601318,13:55:06,57.3300,15,1
2026-04-03,601318,13:55:09,57.3300,9,2
2026-04-03,601318,13:55:15,57.3500,132,1
2026-04-03,601318,13:55:18,57.3500,1,1
2026-04-03,601318,13:55:21,57.3500,20,1
2026-04-03,601318,13:55:24,57.3600,14,1
2026-04-03,601318,13:55:27,57.3400,97,2
2026-04-03,601318,13:55:33,57.3400,4,2
2026-04-03,601318,13:55:36,57.3500,469,1
2026-04-03,601318,13:55:39,57.3300,221,2
2026-04-03,601318,13:55:42,57.3500,22,1
2026-04-03,601318,13:55:45,57.3300,6,2
2026-04-03,601318,13:55:48,57.3400,7,1
2026-04-03,601318,13:55:51,57.3500,10,1
2026-04-03,601318,13:55:54,57.3300,3,2
2026-04-03,601318,13:55:57,57.3300,4,2
2026-04-03,601318,13:56:00,57.3300,1,2
2026-04-03,601318,13:56:03,57.3300,339,2
2026-04-03,601318,13:56:06,57.3200,377,2
2026-04-03,601318,13:56:09,57.3200,323,2
2026-04-03,601318,13:56:12,57.3200,49,1
2026-04-03,601318,13:56:15,57.3100,137,2
2026-04-03,601318,13:56:18,57.3200,2,1
2026-04-03,601318,13:56:21,57.3200,1,1
2026-04-03,601318,13:56:24,57.3100,4,2
2026-04-03,601318,13:56:27,57.3100,79,2
2026-04-03,601318,13:56:30,57.3200,2,1
2026-04-03,601318,13:56:33,57.3100,12,2
2026-04-03,601318,13:56:36,57.3200,45,1
2026-04-03,601318,13:56:39,57.3200,39,1
2026-04-03,601318,13:56:42,57.3300,16,1
2026-04-03,601318,13:56:45,57.3200,1,2
2026-04-03,601318,13:56:48,57.3300,19,1
2026-04-03,601318,13:56:51,57.3300,5,1
2026-04-03,601318,13:56:54,57.3300,17,1
2026-04-03,601318,13:56:57,57.3300,3,1
2026-04-03,601318,13:57:00,57.3300,12,1
2026-04-03,601318,13:57:03,57.3300,10,1
2026-04-03,601318,13:57:06,57.3300,17,1
2026-04-03,601318,13:57:09,57.3400,16,1
2026-04-03,601318,13:57:12,57.3400,1,1
2026-04-03,601318,13:57:15,57.3300,6,2
2026-04-03,601318,13:57:18,57.3400,62,1
2026-04-03,601318,13:57:21,57.3400,41,2
2026-04-03,601318,13:57:24,57.3500,2,1
2026-04-03,601318,13:57:27,57.3400,6,2
2026-04-03,601318,13:57:30,57.3500,24,1
2026-04-03,601318,13:57:33,57.3500,431,1
2026-04-03,601318,13:57:36,57.3400,109,2
2026-04-03,601318,13:57:39,57.3400,39,1
2026-04-03,601318,13:57:42,57.3400,55,1
2026-04-03,601318,13:57:45,57.3400,7,1
2026-04-03,601318,13:57:48,57.3400,2,1
2026-04-03,601318,13:57:54,57.3300,26,2
2026-04-03,601318,13:57:57,57.3300,92,2
2026-04-03,601318,13:58:00,57.3300,3,2
2026-04-03,601318,13:58:03,57.3400,44,1
2026-04-03,601318,13:58:06,57.3300,45,2
2026-04-03,601318,13:58:09,57.3400,19,1
2026-04-03,601318,13:58:15,57.3400,8,2
2026-04-03,601318,13:58:18,57.3400,30,2
2026-04-03,601318,13:58:24,57.3500,10,1
2026-04-03,601318,13:58:27,57.3400,13,2
2026-04-03,601318,13:58:30,57.3600,21,1
2026-04-03,601318,13:58:33,57.3400,19,2
2026-04-03,601318,13:58:36,57.3600,31,1
2026-04-03,601318,13:58:39,57.3600,11,1
2026-04-03,601318,13:58:42,57.3600,21,1
2026-04-03,601318,13:58:45,57.3600,48,1
2026-04-03,601318,13:58:48,57.3700,45,1
2026-04-03,601318,13:58:51,57.3700,50,1
2026-04-03,601318,13:58:54,57.3600,17,2
2026-04-03,601318,13:58:57,57.3700,14,1
2026-04-03,601318,13:59:00,57.3700,88,1
2026-04-03,601318,13:59:03,57.3600,9,2
2026-04-03,601318,13:59:06,57.3600,12,2
2026-04-03,601318,13:59:09,57.3700,50,1
2026-04-03,601318,13:59:12,57.3700,44,1
2026-04-03,601318,13:59:15,57.3700,10,1
2026-04-03,601318,13:59:18,57.3700,234,1
2026-04-03,601318,13:59:21,57.3500,55,2
2026-04-03,601318,13:59:24,57.3700,29,1
2026-04-03,601318,13:59:27,57.3700,17,1
2026-04-03,601318,13:59:30,57.3700,43,1
2026-04-03,601318,13:59:33,57.3600,32,2
2026-04-03,601318,13:59:36,57.3700,14,1
2026-04-03,601318,13:59:39,57.3700,10,1
2026-04-03,601318,13:59:42,57.3800,104,1
2026-04-03,601318,13:59:45,57.3800,71,1
2026-04-03,601318,13:59:48,57.3700,25,2
2026-04-03,601318,13:59:51,57.3800,48,1
2026-04-03,601318,13:59:54,57.3800,16,1
2026-04-03,601318,13:59:57,57.3800,177,1
2026-04-03,601318,14:00:00,57.3800,86,1
2026-04-03,601318,14:00:03,57.3900,47,1
2026-04-03,601318,14:00:06,57.3900,70,1
2026-04-03,601318,14:00:09,57.3900,5,1
2026-04-03,601318,14:00:12,57.3900,25,1
2026-04-03,601318,14:00:15,57.3800,163,2
2026-04-03,601318,14:00:18,57.3800,19,2
2026-04-03,601318,14:00:21,57.3800,23,1
2026-04-03,601318,14:00:24,57.3900,53,1
2026-04-03,601318,14:00:27,57.3900,13,1
2026-04-03,601318,14:00:30,57.3900,15,1
2026-04-03,601318,14:00:33,57.3800,51,2
2026-04-03,601318,14:00:36,57.3700,122,2
2026-04-03,601318,14:00:39,57.3900,20,1
2026-04-03,601318,14:00:42,57.3800,45,2
2026-04-03,601318,14:00:45,57.3800,14,2
2026-04-03,601318,14:00:48,57.3900,66,1
2026-04-03,601318,14:00:51,57.3900,50,1
2026-04-03,601318,14:00:54,57.3900,1,1
2026-04-03,601318,14:00:57,57.3900,394,1
2026-04-03,601318,14:01:00,57.3900,64,1
2026-04-03,601318,14:01:03,57.3900,59,1
2026-04-03,601318,14:01:06,57.3900,64,1
2026-04-03,601318,14:01:09,57.3900,44,1
2026-04-03,601318,14:01:12,57.3900,45,1
2026-04-03,601318,14:01:15,57.4000,1,1
2026-04-03,601318,14:01:18,57.3900,92,2
2026-04-03,601318,14:01:21,57.4000,10,1
2026-04-03,601318,14:01:24,57.4000,11,1
2026-04-03,601318,14:01:27,57.4000,7,1
2026-04-03,601318,14:01:30,57.4000,99,1
2026-04-03,601318,14:01:33,57.4000,123,1
2026-04-03,601318,14:01:36,57.4000,78,1
2026-04-03,601318,14:01:39,57.4000,238,1
2026-04-03,601318,14:01:42,57.4000,41,1
2026-04-03,601318,14:01:45,57.3900,97,2
2026-04-03,601318,14:01:48,57.4000,58,1
2026-04-03,601318,14:01:51,57.4000,18,1
2026-04-03,601318,14:01:54,57.4000,37,1
2026-04-03,601318,14:01:57,57.4000,33,1
2026-04-03,601318,14:02:00,57.4000,5,1
2026-04-03,601318,14:02:03,57.4000,23,1
2026-04-03,601318,14:02:06,57.4000,6,1
2026-04-03,601318,14:02:09,57.4000,29,1
2026-04-03,601318,14:02:12,57.4000,9,1
2026-04-03,601318,14:02:15,57.4000,22,1
2026-04-03,601318,14:02:18,57.4000,7,1
2026-04-03,601318,14:02:21,57.4000,24,1
2026-04-03,601318,14:02:24,57.4300,1298,1
2026-04-03,601318,14:02:27,57.4300,1,1
2026-04-03,601318,14:02:30,57.4300,1,1
2026-04-03,601318,14:02:33,57.4200,87,2
2026-04-03,601318,14:02:36,57.4200,77,2
2026-04-03,601318,14:02:39,57.4300,7,1
2026-04-03,601318,14:02:42,57.4300,43,1
2026-04-03,601318,14:02:45,57.4200,33,2
2026-04-03,601318,14:02:48,57.4300,94,1
2026-04-03,601318,14:02:51,57.4200,169,2
2026-04-03,601318,14:02:54,57.4200,135,1
2026-04-03,601318,14:02:57,57.4400,108,1
2026-04-03,601318,14:03:00,57.4200,14,2
2026-04-03,601318,14:03:03,57.4200,114,2
2026-04-03,601318,14:03:06,57.4300,61,1
2026-04-03,601318,14:03:09,57.4100,135,2
2026-04-03,601318,14:03:12,57.4200,58,1
2026-04-03,601318,14:03:15,57.4100,2,2
2026-04-03,601318,14:03:18,57.4200,40,1
2026-04-03,601318,14:03:21,57.4200,12,1
2026-04-03,601318,14:03:24,57.4000,234,2
2026-04-03,601318,14:03:27,57.4100,48,1
2026-04-03,601318,14:03:33,57.4000,14,2
2026-04-03,601318,14:03:36,57.3900,35,2
2026-04-03,601318,14:03:39,57.3900,16,2
2026-04-03,601318,14:03:42,57.3900,4,2
2026-04-03,601318,14:03:45,57.4000,121,1
2026-04-03,601318,14:03:48,57.4000,10,1
2026-04-03,601318,14:03:51,57.4000,18,1
2026-04-03,601318,14:03:54,57.3900,8,2
2026-04-03,601318,14:03:57,57.3900,21,1
2026-04-03,601318,14:04:00,57.3800,20,2
2026-04-03,601318,14:04:03,57.3600,391,2
2026-04-03,601318,14:04:06,57.3700,25,1
2026-04-03,601318,14:04:09,57.3500,189,2
2026-04-03,601318,14:04:12,57.3500,112,2
2026-04-03,601318,14:04:15,57.3400,76,2
2026-04-03,601318,14:04:18,57.3500,24,1
2026-04-03,601318,14:04:21,57.3500,238,1
2026-04-03,601318,14:04:24,57.3500,24,1
2026-04-03,601318,14:04:27,57.3500,18,1
2026-04-03,601318,14:04:30,57.3400,263,2
2026-04-03,601318,14:04:33,57.3500,24,1
2026-04-03,601318,14:04:36,57.3400,394,2
2026-04-03,601318,14:04:39,57.3300,90,2
2026-04-03,601318,14:04:42,57.3300,10,2
2026-04-03,601318,14:04:45,57.3400,15,1
2026-04-03,601318,14:04:48,57.3400,17,1
2026-04-03,601318,14:04:51,57.3300,8,2
2026-04-03,601318,14:04:54,57.3400,68,1
2026-04-03,601318,14:04:57,57.3400,32,2
2026-04-03,601318,14:05:00,57.3400,11,2
2026-04-03,601318,14:05:03,57.3400,10,2
2026-04-03,601318,14:05:06,57.3400,1,2
2026-04-03,601318,14:05:09,57.3500,31,1
2026-04-03,601318,14:05:12,57.3600,11,1
2026-04-03,601318,14:05:15,57.3500,37,4
2026-04-03,601318,14:05:18,57.3500,33,2
2026-04-03,601318,14:05:21,57.3500,26,2
2026-04-03,601318,14:05:24,57.3400,185,2
2026-04-03,601318,14:05:27,57.3400,68,2
2026-04-03,601318,14:05:30,57.3400,71,2
2026-04-03,601318,14:05:33,57.3400,89,1
2026-04-03,601318,14:05:36,57.3500,33,1
2026-04-03,601318,14:05:39,57.3400,34,2
2026-04-03,601318,14:05:42,57.3500,60,1
2026-04-03,601318,14:05:45,57.3300,70,2
2026-04-03,601318,14:05:48,57.3300,186,2
2026-04-03,601318,10:53:00,57.6600,26,1
2026-04-03,601318,10:53:03,57.6500,24,2
2026-04-03,601318,10:53:06,57.6600,27,1
2026-04-03,601318,10:53:09,57.6700,36,1
2026-04-03,601318,10:53:12,57.6700,15,1
2026-04-03,601318,10:53:15,57.6700,34,1
2026-04-03,601318,10:53:18,57.6700,63,1
2026-04-03,601318,10:53:21,57.6800,34,1
2026-04-03,601318,10:53:24,57.6700,9,2
2026-04-03,601318,10:53:27,57.6800,21,1
2026-04-03,601318,10:53:30,57.6800,33,1
2026-04-03,601318,10:53:33,57.6800,63,1
2026-04-03,601318,10:53:36,57.6800,39,1
2026-04-03,601318,10:53:39,57.6900,9,1
2026-04-03,601318,10:53:42,57.6900,42,1
2026-04-03,601318,10:53:45,57.6900,9,1
2026-04-03,601318,10:53:48,57.6900,27,1
2026-04-03,601318,10:53:51,57.6900,22,1
2026-04-03,601318,10:53:54,57.7000,292,1
2026-04-03,601318,10:53:57,57.6900,9,4
2026-04-03,601318,10:54:00,57.7000,42,1
2026-04-03,601318,10:54:03,57.6900,37,1
2026-04-03,601318,10:54:06,57.6900,18,4
2026-04-03,601318,10:54:09,57.7000,19,1
2026-04-03,601318,10:54:12,57.6900,4,4
2026-04-03,601318,10:54:15,57.6900,27,2
2026-04-03,601318,10:54:18,57.7000,19,1
2026-04-03,601318,10:54:21,57.7000,3,1
2026-04-03,601318,10:54:24,57.6900,23,2
2026-04-03,601318,10:54:27,57.7000,137,1
2026-04-03,601318,10:54:30,57.7000,27,1
2026-04-03,601318,10:54:33,57.6900,13,2
2026-04-03,601318,10:54:36,57.6900,80,2
2026-04-03,601318,10:54:39,57.6900,39,1
2026-04-03,601318,10:54:42,57.6900,58,1
2026-04-03,601318,10:54:45,57.6800,47,2
2026-04-03,601318,10:54:48,57.6900,32,1
2026-04-03,601318,10:54:51,57.7000,70,1
2026-04-03,601318,10:54:54,57.6900,305,2
2026-04-03,601318,10:54:57,57.7000,25,1
2026-04-03,601318,10:55:00,57.7100,128,1
2026-04-03,601318,10:55:03,57.7100,19,1
2026-04-03,601318,10:55:06,57.6900,50,2
2026-04-03,601318,10:55:09,57.6900,120,2
2026-04-03,601318,10:55:12,57.7000,49,1
2026-04-03,601318,10:55:15,57.6900,40,2
2026-04-03,601318,10:55:18,57.7000,463,1
2026-04-03,601318,10:55:21,57.6600,53,2
2026-04-03,601318,10:55:24,57.6600,32,2
2026-04-03,601318,10:55:27,57.6700,3,2
2026-04-03,601318,10:55:30,57.6900,1,1
2026-04-03,601318,10:55:33,57.6800,13,4
2026-04-03,601318,10:55:36,57.6700,16,2
2026-04-03,601318,10:55:39,57.6800,13,1
2026-04-03,601318,10:55:45,57.6800,30,1
2026-04-03,601318,10:55:48,57.6900,33,1
2026-04-03,601318,10:55:51,57.6800,22,2
2026-04-03,601318,10:55:54,57.6800,47,2
2026-04-03,601318,10:55:57,57.6900,11,1
2026-04-03,601318,10:56:00,57.6800,6,2
2026-04-03,601318,10:56:03,57.6900,57,1
2026-04-03,601318,10:56:06,57.6700,83,2
2026-04-03,601318,10:56:09,57.6700,71,2
2026-04-03,601318,10:56:12,57.6700,39,2
2026-04-03,601318,10:56:15,57.6700,43,2
2026-04-03,601318,10:56:18,57.6800,121,1
2026-04-03,601318,10:56:21,57.6800,84,1
2026-04-03,601318,10:56:24,57.6700,12,2
2026-04-03,601318,10:56:27,57.6700,58,2
2026-04-03,601318,10:56:30,57.6600,4,2
2026-04-03,601318,10:56:33,57.6600,1,2
2026-04-03,601318,10:56:36,57.6600,15,2
2026-04-03,601318,10:56:39,57.6700,24,1
2026-04-03,601318,10:56:42,57.6600,3,2
2026-04-03,601318,10:56:45,57.6600,8,2
2026-04-03,601318,10:56:48,57.6600,11,2
2026-04-03,601318,10:56:51,57.6700,8,1
2026-04-03,601318,10:56:54,57.6600,15,2
2026-04-03,601318,10:56:57,57.6700,15,1
2026-04-03,601318,10:57:00,57.6700,2,1
2026-04-03,601318,10:57:03,57.6600,88,2
2026-04-03,601318,10:57:06,57.6600,36,2
2026-04-03,601318,10:57:09,57.6600,5,2
2026-04-03,601318,10:57:12,57.6700,14,1
2026-04-03,601318,10:57:15,57.6600,42,2
2026-04-03,601318,10:57:18,57.6600,14,2
2026-04-03,601318,10:57:21,57.6600,50,2
2026-04-03,601318,10:57:24,57.6600,36,2
2026-04-03,601318,10:57:27,57.6600,77,2
2026-04-03,601318,10:57:30,57.6600,42,1
2026-04-03,601318,10:57:33,57.6500,38,2
2026-04-03,601318,10:57:36,57.6500,13,2
2026-04-03,601318,10:57:39,57.6500,59,2
2026-04-03,601318,10:57:42,57.6600,2,1
2026-04-03,601318,10:57:45,57.6600,110,1
2026-04-03,601318,10:57:51,57.6500,78,2
2026-04-03,601318,10:57:54,57.6500,23,2
2026-04-03,601318,10:57:57,57.6500,15,1
2026-04-03,601318,10:58:00,57.6500,12,1
2026-04-03,601318,10:58:03,57.6400,30,2
2026-04-03,601318,10:58:06,57.6500,2,1
2026-04-03,601318,10:58:09,57.6400,36,2
2026-04-03,601318,10:58:12,57.6500,32,1
2026-04-03,601318,10:58:15,57.6500,15,1
2026-04-03,601318,10:58:18,57.6500,36,1
2026-04-03,601318,10:58:21,57.6500,27,1
2026-04-03,601318,10:58:24,57.6400,14,2
2026-04-03,601318,10:58:27,57.6500,4,1
2026-04-03,601318,10:58:30,57.6500,43,1
2026-04-03,601318,10:58:33,57.6500,1,1
2026-04-03,601318,10:58:36,57.6500,12,1
2026-04-03,601318,10:58:39,57.6600,17,1
2026-04-03,601318,10:58:42,57.6500,23,4
2026-04-03,601318,10:58:45,57.6500,25,1
2026-04-03,601318,10:58:48,57.6500,27,1
2026-04-03,601318,10:58:51,57.6500,47,2
2026-04-03,601318,10:58:54,57.6500,7,2
2026-04-03,601318,10:58:57,57.6500,4,2
2026-04-03,601318,10:59:00,57.6600,48,1
2026-04-03,601318,10:59:03,57.6500,21,2
2026-04-03,601318,10:59:06,57.6500,29,2
2026-04-03,601318,10:59:09,57.6600,16,1
2026-04-03,601318,10:59:12,57.6500,388,2
2026-04-03,601318,10:59:15,57.6500,36,2
2026-04-03,601318,10:59:18,57.6600,8,1
2026-04-03,601318,10:59:21,57.6600,13,1
2026-04-03,601318,10:59:24,57.6800,291,1
2026-04-03,601318,10:59:27,57.6800,60,2
2026-04-03,601318,10:59:30,57.6800,20,2
2026-04-03,601318,10:59:33,57.6800,36,1
2026-04-03,601318,10:59:39,57.6900,75,1
2026-04-03,601318,10:59:42,57.6900,12,1
2026-04-03,601318,10:59:45,57.6900,27,1
2026-04-03,601318,10:59:48,57.6800,10,2
2026-04-03,601318,10:59:51,57.6800,66,2
2026-04-03,601318,10:59:54,57.6800,154,2
2026-04-03,601318,10:59:57,57.6800,30,2
2026-04-03,601318,11:00:00,57.6800,127,2
2026-04-03,601318,11:00:03,57.6800,75,2
2026-04-03,601318,11:00:06,57.6700,61,2
2026-04-03,601318,11:00:09,57.6600,45,2
2026-04-03,601318,11:00:12,57.6600,68,2
2026-04-03,601318,11:00:15,57.6700,9,4
2026-04-03,601318,11:00:18,57.6700,47,2
2026-04-03,601318,11:00:21,57.6700,44,2
2026-04-03,601318,11:00:24,57.6700,29,1
2026-04-03,601318,11:00:27,57.6700,16,2
2026-04-03,601318,11:00:30,57.6700,22,2
2026-04-03,601318,11:00:33,57.6700,7,2
2026-04-03,601318,11:00:36,57.6700,12,2
2026-04-03,601318,11:00:39,57.6700,41,2
2026-04-03,601318,11:00:42,57.6700,26,2
2026-04-03,601318,11:00:45,57.6700,114,2
2026-04-03,601318,11:00:48,57.6700,69,2
2026-04-03,601318,11:00:51,57.6700,5,1
2026-04-03,601318,11:00:57,57.6600,1,2
2026-04-03,601318,11:01:00,57.6700,34,1
2026-04-03,601318,11:01:03,57.6700,5,1
2026-04-03,601318,11:01:06,57.6600,21,2
2026-04-03,601318,11:01:09,57.6600,112,2
2026-04-03,601318,11:01:12,57.6700,16,1
2026-04-03,601318,11:01:15,57.6600,16,2
2026-04-03,601318,11:01:18,57.6700,69,1
2026-04-03,601318,11:01:21,57.6600,28,4
2026-04-03,601318,11:01:24,57.6600,26,2
2026-04-03,601318,11:01:27,57.6500,15,2
2026-04-03,601318,11:01:30,57.6500,30,2
2026-04-03,601318,11:01:33,57.6500,4,2
2026-04-03,601318,11:01:36,57.6300,500,2
2026-04-03,601318,11:01:39,57.6300,55,2
2026-04-03,601318,11:01:42,57.6200,110,2
2026-04-03,601318,11:01:45,57.6100,102,2
2026-04-03,601318,11:01:48,57.6100,90,2
2026-04-03,601318,11:01:51,57.5900,555,2
2026-04-03,601318,11:01:54,57.5800,71,2
2026-04-03,601318,11:01:57,57.5900,2,1
2026-04-03,601318,11:02:00,57.6000,33,1
2026-04-03,601318,11:02:03,57.5800,19,2
2026-04-03,601318,11:02:06,57.5900,14,4
2026-04-03,601318,11:02:09,57.5800,34,2
2026-04-03,601318,11:02:12,57.5800,37,2
2026-04-03,601318,11:02:15,57.5900,13,1
2026-04-03,601318,11:02:18,57.5800,260,2
2026-04-03,601318,11:02:21,57.5700,159,2
2026-04-03,601318,11:02:24,57.5700,23,2
2026-04-03,601318,11:02:27,57.5700,80,2
2026-04-03,601318,11:02:30,57.5700,15,2
2026-04-03,601318,11:02:33,57.5700,10,1
2026-04-03,601318,11:02:36,57.5600,66,2
2026-04-03,601318,11:02:39,57.5700,13,1
2026-04-03,601318,11:02:42,57.5600,18,2
2026-04-03,601318,11:02:45,57.5600,29,2
2026-04-03,601318,11:02:48,57.5600,40,2
2026-04-03,601318,11:02:51,57.5600,12,2
2026-04-03,601318,11:02:54,57.5600,45,2
2026-04-03,601318,11:02:57,57.5700,13,1
2026-04-03,601318,11:03:00,57.5700,131,1
2026-04-03,601318,11:03:03,57.5600,26,2
2026-04-03,601318,11:03:06,57.5600,62,2
2026-04-03,601318,11:03:09,57.6000,234,1
2026-04-03,601318,11:03:12,57.6000,9,2
2026-04-03,601318,11:03:15,57.6000,13,2
2026-04-03,601318,11:03:18,57.6000,7,1
2026-04-03,601318,11:03:21,57.6000,5,4
2026-04-03,601318,11:03:24,57.6000,8,4
2026-04-03,601318,11:03:27,57.6100,34,1
2026-04-03,601318,11:03:30,57.6000,2,2
2026-04-03,601318,11:03:33,57.6000,13,2
2026-04-03,601318,11:03:36,57.6000,50,2
2026-04-03,601318,11:03:39,57.6100,35,1
2026-04-03,601318,11:03:42,57.6000,2,2
2026-04-03,601318,11:03:45,57.6100,2,1
2026-04-03,601318,11:03:48,57.6000,3,2
2026-04-03,601318,11:03:51,57.6000,39,2
2026-04-03,601318,11:03:54,57.6000,5,2
2026-04-03,601318,11:04:00,57.6200,360,1
2026-04-03,601318,11:04:03,57.6300,24,1
2026-04-03,601318,11:04:06,57.6200,2,1
2026-04-03,601318,11:04:09,57.6100,280,2
2026-04-03,601318,11:04:12,57.5900,510,2
2026-04-03,601318,11:04:15,57.5900,17,1
2026-04-03,601318,11:04:18,57.5900,69,1
2026-04-03,601318,11:04:21,57.5900,18,1
2026-04-03,601318,11:04:24,57.5900,14,1
2026-04-03,601318,11:04:33,57.5900,16,2
2026-04-03,601318,11:04:36,57.6000,12,1
2026-04-03,601318,11:04:39,57.5900,31,2
2026-04-03,601318,11:04:42,57.6100,50,1
2026-04-03,601318,11:04:45,57.6000,36,2
2026-04-03,601318,11:04:48,57.6000,11,2
2026-04-03,601318,11:04:51,57.6000,13,2
2026-04-03,601318,11:04:54,57.6000,4,2
2026-04-03,601318,11:04:57,57.6000,19,2
2026-04-03,601318,11:05:00,57.6000,22,2
2026-04-03,601318,11:05:03,57.6000,24,2
2026-04-03,601318,11:05:06,57.6100,16,1
2026-04-03,601318,11:05:09,57.6000,34,2
2026-04-03,601318,11:05:12,57.6100,158,4
2026-04-03,601318,11:05:15,57.6000,14,2
2026-04-03,601318,11:05:18,57.6000,241,2
2026-04-03,601318,11:05:21,57.6000,133,1
2026-04-03,601318,11:05:24,57.6000,214,2
2026-04-03,601318,11:05:27,57.6000,251,2
2026-04-03,601318,11:05:30,57.6000,281,1
2026-04-03,601318,11:05:33,57.5500,97,2
2026-04-03,601318,11:05:36,57.5400,138,2
2026-04-03,601318,11:05:39,57.5700,290,1
2026-04-03,601318,11:05:42,57.5600,218,2
2026-04-03,601318,11:05:45,57.5200,97,2
2026-04-03,601318,11:05:48,57.5500,39,1
2026-04-03,601318,11:05:51,57.5200,189,2
2026-04-03,601318,11:05:54,57.5100,108,2
2026-04-03,601318,11:05:57,57.5600,43,1
2026-04-03,601318,11:06:00,57.5600,32,4
2026-04-03,601318,11:06:03,57.5700,26,1
2026-04-03,601318,11:06:09,57.5600,11,2
2026-04-03,601318,11:06:12,57.5700,91,1
2026-04-03,601318,11:06:15,57.5700,68,2
2026-04-03,601318,11:06:18,57.5900,37,1
2026-04-03,601318,11:06:21,57.5500,68,2
2026-04-03,601318,11:06:24,57.5700,1,2
2026-04-03,601318,11:06:27,57.5700,38,2
2026-04-03,601318,11:06:30,57.5700,19,2
2026-04-03,601318,11:06:33,57.5700,42,2
2026-04-03,601318,11:06:36,57.5700,15,2
2026-04-03,601318,11:06:39,57.5700,3,2
2026-04-03,601318,11:06:42,57.5700,78,2
2026-04-03,601318,11:06:45,57.5700,67,2
2026-04-03,601318,11:06:48,57.5700,73,1
2026-04-03,601318,11:06:51,57.5800,121,2
2026-04-03,601318,11:06:54,57.5900,10,1
2026-04-03,601318,11:06:57,57.5800,30,2
2026-04-03,601318,11:07:00,57.5800,10,1
2026-04-03,601318,11:07:03,57.5800,3,2
2026-04-03,601318,11:07:06,57.5900,12,1
2026-04-03,601318,11:07:09,57.5900,25,2
2026-04-03,601318,11:07:12,57.6000,126,1
2026-04-03,601318,11:07:15,57.5900,11,2
2026-04-03,601318,11:07:21,57.6100,3,1
2026-04-03,601318,11:07:24,57.6000,7,2
2026-04-03,601318,11:07:27,57.6100,7,1
2026-04-03,601318,11:07:30,57.6000,1,2
2026-04-03,601318,11:07:33,57.6000,6,2
2026-04-03,601318,11:07:36,57.6000,41,2
2026-04-03,601318,11:07:39,57.6000,75,2
2026-04-03,601318,11:07:42,57.6000,25,1
2026-04-03,601318,11:07:45,57.5800,67,2
2026-04-03,601318,11:07:48,57.5600,46,2
2026-04-03,601318,11:07:51,57.5600,24,1
2026-04-03,601318,11:07:54,57.5600,24,1
2026-04-03,601318,11:07:57,57.5600,10,1
2026-04-03,601318,11:08:00,57.5700,26,1
2026-04-03,601318,11:08:03,57.5600,4,2
2026-04-03,601318,11:08:06,57.5600,5,4
2026-04-03,601318,11:08:09,57.5800,105,1
2026-04-03,601318,11:08:12,57.5900,28,1
2026-04-03,601318,11:08:15,57.5700,28,2
2026-04-03,601318,11:08:18,57.5700,4,1
2026-04-03,601318,11:08:21,57.5700,5,2
2026-04-03,601318,11:08:24,57.5700,14,2
2026-04-03,601318,11:08:27,57.5800,54,2
2026-04-03,601318,11:08:30,57.5900,41,1
2026-04-03,601318,11:08:33,57.5900,5,2
2026-04-03,601318,11:08:36,57.6000,2,1
2026-04-03,601318,11:08:39,57.6000,65,1
2026-04-03,601318,11:08:42,57.6000,17,1
2026-04-03,601318,11:08:45,57.6000,13,2
2026-04-03,601318,11:08:48,57.6000,8,2
2026-04-03,601318,11:08:51,57.6000,4,2
2026-04-03,601318,11:08:54,57.6000,59,2
2026-04-03,601318,11:08:57,57.6000,26,1
2026-04-03,601318,11:09:00,57.6000,12,2
2026-04-03,601318,11:09:03,57.5900,25,2
2026-04-03,601318,11:09:06,57.6000,5,1
2026-04-03,601318,11:09:09,57.5900,53,2
2026-04-03,601318,11:09:12,57.5900,41,2
2026-04-03,601318,11:09:15,57.5900,5,2
2026-04-03,601318,11:09:18,57.6000,62,1
2026-04-03,601318,11:09:21,57.5900,121,2
2026-04-03,601318,11:09:24,57.6000,8,1
2026-04-03,601318,11:09:27,57.5900,56,2
2026-04-03,601318,11:09:30,57.5900,11,2
2026-04-03,601318,11:09:33,57.5900,45,2
2026-04-03,601318,11:09:36,57.5800,32,2
2026-04-03,601318,11:09:39,57.5800,17,2
2026-04-03,601318,11:09:42,57.5700,59,2
2026-04-03,601318,11:09:45,57.5700,7,2
2026-04-03,601318,11:09:48,57.5700,6,2
2026-04-03,601318,11:09:51,57.5800,17,1
2026-04-03,601318,11:09:54,57.5700,1,2
2026-04-03,601318,11:09:57,57.5800,9,1
2026-04-03,601318,11:10:03,57.5700,17,2
2026-04-03,601318,11:10:06,57.5700,18,2
2026-04-03,601318,11:10:09,57.5700,30,2
2026-04-03,601318,11:10:12,57.5700,37,2
2026-04-03,601318,11:10:15,57.5700,5,2
2026-04-03,601318,11:10:18,57.5800,4,1
2026-04-03,601318,11:10:21,57.5800,33,1
2026-04-03,601318,11:10:24,57.5800,14,1
2026-04-03,601318,11:10:27,57.5800,7,2
2026-04-03,601318,11:10:33,57.5800,32,2
2026-04-03,601318,11:10:36,57.5800,1,2
2026-04-03,601318,11:10:39,57.5800,2,2
2026-04-03,601318,11:10:42,57.5800,30,2
2026-04-03,601318,11:10:45,57.5800,22,2
2026-04-03,601318,11:10:48,57.5800,91,2
2026-04-03,601318,11:10:51,57.5800,7,2
2026-04-03,601318,11:10:54,57.5900,33,1
2026-04-03,601318,11:10:57,57.5800,11,2
2026-04-03,601318,11:11:00,57.5900,52,1
2026-04-03,601318,11:11:03,57.5800,29,2
2026-04-03,601318,11:11:06,57.5800,7,2
2026-04-03,601318,11:11:09,57.5800,7,2
2026-04-03,601318,11:11:15,57.5900,19,1
2026-04-03,601318,11:11:18,57.5800,3,2
2026-04-03,601318,11:11:21,57.5900,26,1
2026-04-03,601318,11:11:24,57.5900,78,1
2026-04-03,601318,11:11:27,57.5900,15,2
2026-04-03,601318,11:11:30,57.5900,82,2
2026-04-03,601318,11:11:33,57.5900,9,1
2026-04-03,601318,11:11:36,57.5900,14,1
2026-04-03,601318,11:11:39,57.6000,2,1
2026-04-03,601318,11:11:42,57.5900,5,2
2026-04-03,601318,11:11:45,57.6000,158,1
2026-04-03,601318,11:11:48,57.6000,27,1
2026-04-03,601318,11:11:51,57.6000,19,1
2026-04-03,601318,11:11:54,57.6000,32,1
2026-04-03,601318,11:12:00,57.5900,27,2
2026-04-03,601318,11:12:03,57.6000,24,1
2026-04-03,601318,11:12:06,57.5900,225,2
2026-04-03,601318,11:12:09,57.5900,44,2
2026-04-03,601318,11:12:12,57.5900,23,1
2026-04-03,601318,11:12:15,57.5900,23,2
2026-04-03,601318,11:12:18,57.5800,66,2
2026-04-03,601318,11:12:21,57.5800,80,1
2026-04-03,601318,11:12:24,57.5600,32,2
2026-04-03,601318,11:12:27,57.5500,132,2
2026-04-03,601318,11:12:30,57.5600,139,1
2026-04-03,601318,11:12:33,57.5500,32,2
2026-04-03,601318,11:12:36,57.5500,15,2
2026-04-03,601318,11:12:39,57.5500,244,2
2026-04-03,601318,11:12:42,57.5600,32,1
2026-04-03,601318,11:12:45,57.5500,37,2
2026-04-03,601318,11:12:48,57.5600,80,1
2026-04-03,601318,11:12:51,57.5700,2,1
2026-04-03,601318,11:12:54,57.5600,27,2
2026-04-03,601318,11:12:57,57.5600,26,2
2026-04-03,601318,11:13:00,57.5700,1,1
2026-04-03,601318,11:13:03,57.5700,14,1
2026-04-03,601318,11:13:06,57.5700,35,1
2026-04-03,601318,11:13:09,57.5700,20,2
2026-04-03,601318,11:13:12,57.5800,1,1
2026-04-03,601318,11:13:15,57.5800,30,1
2026-04-03,601318,11:13:18,57.5900,23,1
2026-04-03,601318,11:13:21,57.6000,38,1
2026-04-03,601318,11:13:24,57.6000,20,1
2026-04-03,601318,11:13:27,57.6000,72,1
2026-04-03,601318,11:13:30,57.6000,38,1
2026-04-03,601318,11:13:33,57.6000,51,2
2026-04-03,601318,11:13:36,57.5900,63,2
2026-04-03,601318,11:13:39,57.6000,27,2
2026-04-03,601318,11:13:42,57.6000,18,2
2026-04-03,601318,11:13:45,57.5800,430,2
2026-04-03,601318,11:13:48,57.5900,50,1
2026-04-03,601318,11:13:51,57.5800,131,2
2026-04-03,601318,11:13:54,57.5800,13,2
2026-04-03,601318,11:13:57,57.5800,49,2
2026-04-03,601318,11:14:00,57.5800,32,1
2026-04-03,601318,11:14:03,57.5900,13,1
2026-04-03,601318,11:14:06,57.5800,5,1
2026-04-03,601318,11:14:09,57.5700,64,2
2026-04-03,601318,11:14:12,57.5600,89,2
2026-04-03,601318,11:14:15,57.5400,94,2
2026-04-03,601318,11:14:18,57.5500,96,1
2026-04-03,601318,11:14:21,57.5500,25,1
2026-04-03,601318,11:14:24,57.5400,4,2
2026-04-03,601318,11:14:27,57.5400,1,2
2026-04-03,601318,11:14:30,57.5500,60,1
2026-04-03,601318,11:14:33,57.5600,65,1
2026-04-03,601318,11:14:36,57.5600,57,1
2026-04-03,601318,11:14:39,57.5600,1,1
2026-04-03,601318,11:14:42,57.5500,8,2
2026-04-03,601318,11:14:48,57.5600,6,1
2026-04-03,601318,11:14:51,57.5600,7,1
2026-04-03,601318,11:14:54,57.5500,134,2
2026-04-03,601318,11:14:57,57.5500,55,2
2026-04-03,601318,11:15:00,57.5500,7,2
2026-04-03,601318,11:15:03,57.5500,42,2
2026-04-03,601318,11:15:06,57.5500,12,2
2026-04-03,601318,11:15:09,57.5500,55,2
2026-04-03,601318,11:15:12,57.5500,25,2
2026-04-03,601318,11:15:15,57.5500,39,2
2026-04-03,601318,11:15:18,57.5500,14,1
2026-04-03,601318,11:15:21,57.5500,4,1
2026-04-03,601318,11:15:24,57.5500,50,1
2026-04-03,601318,11:15:27,57.5400,60,2
2026-04-03,601318,11:15:30,57.5400,6,2
2026-04-03,601318,11:15:33,57.5400,7,2
2026-04-03,601318,11:15:36,57.5400,27,2
2026-04-03,601318,11:15:39,57.5500,34,1
2026-04-03,601318,11:15:42,57.5400,33,2
2026-04-03,601318,11:15:45,57.5400,5,2
2026-04-03,601318,11:15:48,57.5400,11,2
2026-04-03,601318,11:15:51,57.5400,114,2
2026-04-03,601318,11:15:54,57.5500,95,1
2026-04-03,601318,11:15:57,57.5400,17,1
2026-04-03,601318,11:16:00,57.5300,16,2
2026-04-03,601318,11:16:03,57.5300,436,2
2026-04-03,601318,11:16:06,57.5200,235,2
2026-04-03,601318,11:16:09,57.5200,221,2
2026-04-03,601318,11:16:12,57.4600,2987,2
2026-04-03,601318,11:16:15,57.4500,679,2
2026-04-03,601318,11:16:18,57.4400,110,2
2026-04-03,601318,11:16:21,57.4400,138,1
2026-04-03,601318,11:16:24,57.4500,182,1
2026-04-03,601318,11:16:27,57.4300,146,2
2026-04-03,601318,11:16:30,57.4400,66,1
2026-04-03,601318,11:16:33,57.4200,132,2
2026-04-03,601318,11:16:36,57.4300,45,2
2026-04-03,601318,11:16:39,57.4300,56,1
2026-04-03,601318,11:16:42,57.4200,119,2
2026-04-03,601318,11:16:45,57.4300,44,2
2026-04-03,601318,11:16:48,57.4300,27,1
2026-04-03,601318,11:16:51,57.4400,96,2
2026-04-03,601318,11:16:54,57.4300,73,4
2026-04-03,601318,11:16:57,57.4300,43,2
2026-04-03,601318,11:17:00,57.4300,15,2
2026-04-03,601318,11:17:03,57.4400,14,2
2026-04-03,601318,11:17:06,57.4400,104,2
2026-04-03,601318,11:17:09,57.4400,34,1
2026-04-03,601318,11:17:12,57.4500,69,1
2026-04-03,601318,11:17:15,57.4400,38,2
2026-04-03,601318,11:17:18,57.4500,123,1
2026-04-03,601318,11:17:21,57.4500,67,1
2026-04-03,601318,11:17:24,57.4600,79,1
2026-04-03,601318,11:17:27,57.4500,66,2
2026-04-03,601318,11:17:30,57.4700,133,1
2026-04-03,601318,11:17:33,57.4700,39,1
2026-04-03,601318,11:17:36,57.4600,109,2
2026-04-03,601318,11:17:39,57.4700,40,1
2026-04-03,601318,11:17:42,57.4700,3,1
2026-04-03,601318,11:17:45,57.4700,2,1
2026-04-03,601318,11:17:48,57.4700,38,1
2026-04-03,601318,11:17:51,57.4700,118,1
2026-04-03,601318,11:17:54,57.4700,190,1
2026-04-03,601318,11:17:57,57.4600,93,2
2026-04-03,601318,11:18:00,57.4700,1,4
2026-04-03,601318,11:18:03,57.4600,143,2
2026-04-03,601318,11:18:06,57.4700,112,1
2026-04-03,601318,11:18:09,57.4600,36,2
2026-04-03,601318,11:18:12,57.4700,64,1
2026-04-03,601318,11:18:15,57.4700,5,2
2026-04-03,601318,11:18:18,57.4800,13,1
2026-04-03,601318,11:18:21,57.4700,83,2
2026-04-03,601318,11:18:24,57.4800,25,1
2026-04-03,601318,11:18:27,57.4800,18,1
2026-04-03,601318,11:18:30,57.4700,33,2
2026-04-03,601318,11:18:33,57.4700,17,2
2026-04-03,601318,11:18:36,57.4800,9,1
2026-04-03,601318,11:18:39,57.4800,119,1
2026-04-03,601318,11:18:42,57.4800,109,1
