date,code,time,price,volume,bs
2026-02-11,000333,14:06:24,79.7300,32,1
2026-02-11,000333,14:06:27,79.7300,3,1
2026-02-11,000333,14:06:30,79.7300,10,1
2026-02-11,000333,14:06:33,79.7200,20,2
2026-02-11,000333,14:06:36,79.7200,8,2
2026-02-11,000333,14:06:39,79.7200,256,1
2026-02-11,000333,14:06:42,79.7000,134,2
2026-02-11,000333,14:06:45,79.7100,14,4
2026-02-11,000333,14:06:48,79.7100,25,1
2026-02-11,000333,14:06:51,79.7100,19,1
2026-02-11,000333,14:06:54,79.7100,8,1
2026-02-11,000333,14:06:57,79.7200,138,1
2026-02-11,000333,14:07:00,79.7300,38,1
2026-02-11,000333,14:07:03,79.7200,17,2
2026-02-11,000333,14:07:06,79.7200,18,2
2026-02-11,000333,14:07:09,79.7100,58,2
2026-02-11,000333,14:07:12,79.7200,94,1
2026-02-11,000333,14:07:15,79.7000,16,2
2026-02-11,000333,14:07:18,79.7100,27,2
2026-02-11,000333,14:07:21,79.7100,48,1
2026-02-11,000333,14:07:24,79.7000,137,2
2026-02-11,000333,14:07:27,79.6900,37,2
2026-02-11,000333,14:07:30,79.6900,7,2
2026-02-11,000333,14:07:33,79.6900,85,2
2026-02-11,000333,14:07:36,79.6900,28,1
2026-02-11,000333,14:07:39,79.6800,18,2
2026-02-11,000333,14:07:42,79.6800,17,2
2026-02-11,000333,14:07:45,79.6800,139,2
2026-02-11,000333,14:07:48,79.6800,41,2
2026-02-11,000333,14:07:51,79.6900,57,1
2026-02-11,000333,14:07:54,79.7000,8,1
2026-02-11,000333,14:07:57,79.6900,1,1
2026-02-11,000333,14:08:00,79.6800,11,2
2026-02-11,000333,14:08:03,79.6800,17,2
2026-02-11,000333,14:08:06,79.6800,36,2
2026-02-11,000333,14:08:09,79.6900,63,1
2026-02-11,000333,14:08:12,79.7000,16,1
2026-02-11,000333,14:08:15,79.7000,6,1
2026-02-11,000333,14:08:18,79.6900,10,2
2026-02-11,000333,14:08:21,79.6900,167,2
2026-02-11,000333,14:08:24,79.6900,51,2
2026-02-11,000333,14:08:27,79.7000,5,1
2026-02-11,000333,14:08:30,79.6900,4,2
2026-02-11,000333,14:08:33,79.7000,41,1
2026-02-11,000333,14:08:36,79.7000,37,1
2026-02-11,000333,14:08:39,79.7000,119,1
2026-02-11,000333,14:08:42,79.7200,21,1
2026-02-11,000333,14:08:45,79.7000,8,2
2026-02-11,000333,14:08:48,79.7200,8,1
2026-02-11,000333,14:08:54,79.7200,14,1
2026-02-11,000333,14:08:57,79.7200,110,1
2026-02-11,000333,14:09:00,79.7300,16,1
2026-02-11,000333,14:09:03,79.7200,6,2
2026-02-11,000333,14:09:06,79.7200,148,2
2026-02-11,000333,14:09:09,79.7200,47,2
2026-02-11,000333,14:09:12,79.7300,12,1
2026-02-11,000333,14:09:15,79.7300,5,1
2026-02-11,000333,14:09:18,79.7200,50,2
2026-02-11,000333,14:09:21,79.7100,42,2
2026-02-11,000333,14:09:24,79.7200,28,1
2026-02-11,000333,14:09:27,79.7100,38,2
2026-02-11,000333,14:09:30,79.7100,10,1
2026-02-11,000333,14:09:33,79.7000,42,2
2026-02-11,000333,14:09:36,79.7000,48,2
2026-02-11,000333,14:09:39,79.6900,70,2
2026-02-11,000333,14:09:42,79.6900,71,2
2026-02-11,000333,14:09:45,79.7000,127,1
2026-02-11,000333,14:09:48,79.6900,56,2
2026-02-11,000333,14:09:51,79.7200,47,1
2026-02-11,000333,14:09:54,79.6900,9,2
2026-02-11,000333,14:09:57,79.6900,20,2
2026-02-11,000333,14:10:00,79.7100,23,1
2026-02-11,000333,14:10:03,79.7200,30,1
2026-02-11,000333,14:10:06,79.7200,19,1
2026-02-11,000333,14:10:09,79.7100,39,2
2026-02-11,000333,14:10:12,79.7100,24,4
2026-02-11,000333,14:10:15,79.7300,6,1
2026-02-11,000333,14:10:18,79.7200,58,1
2026-02-11,000333,14:10:21,79.7100,16,2
2026-02-11,000333,14:10:24,79.7300,12,1
2026-02-11,000333,14:10:27,79.7200,7,2
2026-02-11,000333,14:10:30,79.7200,3,2
2026-02-11,000333,14:10:33,79.7200,17,2
2026-02-11,000333,14:10:36,79.7100,15,2
2026-02-11,000333,14:10:39,79.7100,2,2
2026-02-11,000333,14:10:42,79.7100,38,2
2026-02-11,000333,14:10:45,79.7000,53,2
2026-02-11,000333,14:10:48,79.7100,31,2
2026-02-11,000333,14:10:51,79.7100,9,1
2026-02-11,000333,14:10:54,79.7100,34,1
2026-02-11,000333,14:10:57,79.7100,11,1
2026-02-11,000333,14:11:00,79.7000,1,2
2026-02-11,000333,14:11:03,79.7400,184,1
2026-02-11,000333,14:11:06,79.7300,337,1
2026-02-11,000333,14:11:09,79.7700,38,1
2026-02-11,000333,14:11:12,79.7400,5,1
2026-02-11,000333,14:11:15,79.7200,3,2
2026-02-11,000333,14:11:21,79.7400,1,1
2026-02-11,000333,14:11:24,79.7100,29,2
2026-02-11,000333,14:11:27,79.7200,27,2
2026-02-11,000333,14:11:30,79.7200,30,2
2026-02-11,000333,14:11:33,79.7100,20,2
2026-02-11,000333,14:11:36,79.7200,1,1
2026-02-11,000333,14:11:39,79.7100,10,2
2026-02-11,000333,14:11:42,79.7200,12,1
2026-02-11,000333,14:11:45,79.7100,19,2
2026-02-11,000333,14:11:48,79.7200,7,1
2026-02-11,000333,14:11:51,79.7100,32,2
2026-02-11,000333,14:11:54,79.7100,111,2
2026-02-11,000333,14:11:57,79.7000,43,2
2026-02-11,000333,14:12:00,79.7000,52,2
2026-02-11,000333,14:12:03,79.7100,8,1
2026-02-11,000333,14:12:06,79.7000,37,2
2026-02-11,000333,14:12:09,79.7100,9,1
2026-02-11,000333,14:12:12,79.7000,16,2
2026-02-11,000333,14:12:15,79.7000,52,2
2026-02-11,000333,14:12:18,79.7100,3,1
2026-02-11,000333,14:12:21,79.6900,37,2
2026-02-11,000333,14:12:24,79.7100,57,1
2026-02-11,000333,14:12:27,79.7100,14,1
2026-02-11,000333,14:12:30,79.6900,35,2
2026-02-11,000333,14:12:33,79.7100,36,1
2026-02-11,000333,14:12:36,79.7100,12,1
2026-02-11,000333,14:12:39,79.7000,8,2
2026-02-11,000333,14:12:42,79.7000,1,2
2026-02-11,000333,14:12:45,79.7100,1,1
2026-02-11,000333,14:12:48,79.7100,75,1
2026-02-11,000333,14:12:51,79.7200,46,1
2026-02-11,000333,14:12:54,79.7200,13,1
2026-02-11,000333,14:12:57,79.7200,13,1
2026-02-11,000333,14:13:00,79.7200,3,1
2026-02-11,000333,14:13:03,79.7200,50,1
2026-02-11,000333,14:13:06,79.7000,28,2
2026-02-11,000333,14:13:09,79.7000,6,2
2026-02-11,000333,14:13:12,79.7000,9,2
2026-02-11,000333,14:13:15,79.7100,3,1
2026-02-11,000333,14:13:18,79.7000,13,2
2026-02-11,000333,14:13:21,79.7000,25,2
2026-02-11,000333,14:13:24,79.7100,29,1
2026-02-11,000333,14:13:27,79.7100,29,1
2026-02-11,000333,14:13:30,79.7100,5,1
2026-02-11,000333,14:13:33,79.7000,17,2
2026-02-11,000333,14:13:36,79.7000,16,2
2026-02-11,000333,14:13:39,79.6900,24,2
2026-02-11,000333,14:13:42,79.6900,22,2
2026-02-11,000333,14:13:45,79.7000,10,1
2026-02-11,000333,14:13:48,79.7000,36,1
2026-02-11,000333,14:13:51,79.6900,28,2
2026-02-11,000333,14:13:54,79.7000,9,1
2026-02-11,000333,14:13:57,79.6900,15,2
2026-02-11,000333,14:14:00,79.6900,26,2
2026-02-11,000333,14:14:03,79.6900,101,2
2026-02-11,000333,14:14:06,79.6800,52,2
2026-02-11,000333,14:14:09,79.6800,22,2
2026-02-11,000333,14:14:12,79.6800,45,2
2026-02-11,000333,14:14:15,79.6800,7,2
2026-02-11,000333,14:14:18,79.6900,26,1
2026-02-11,000333,14:14:21,79.6900,44,1
2026-02-11,000333,14:14:24,79.6900,4,1
2026-02-11,000333,14:14:27,79.6800,29,2
2026-02-11,000333,14:14:30,79.6800,41,2
2026-02-11,000333,14:14:33,79.6800,4,2
2026-02-11,000333,14:14:36,79.6800,25,2
2026-02-11,000333,14:14:39,79.6800,69,2
2026-02-11,000333,14:14:42,79.6900,43,1
2026-02-11,000333,14:14:45,79.6800,83,2
2026-02-11,000333,14:14:48,79.6700,99,2
2026-02-11,000333,14:14:51,79.6800,134,1
2026-02-11,000333,14:14:54,79.7000,92,1
2026-02-11,000333,14:14:57,79.7000,13,1
2026-02-11,000333,14:15:00,79.6900,2,2
2026-02-11,000333,14:15:03,79.6900,65,2
2026-02-11,000333,14:15:06,79.6900,19,2
2026-02-11,000333,14:15:09,79.7000,3,1
2026-02-11,000333,14:15:12,79.7000,15,1
2026-02-11,000333,14:15:15,79.7000,15,1
2026-02-11,000333,14:15:18,79.7200,71,1
2026-02-11,000333,14:15:21,79.7200,25,1
2026-02-11,000333,14:15:24,79.7200,73,1
2026-02-11,000333,14:15:27,79.7300,14,1
2026-02-11,000333,14:15:30,79.7200,22,2
2026-02-11,000333,14:15:33,79.7100,11,2
2026-02-11,000333,14:15:36,79.7200,2,1
2026-02-11,000333,14:15:39,79.7200,21,1
2026-02-11,000333,14:15:42,79.7200,8,1
2026-02-11,000333,14:15:45,79.7100,7,2
2026-02-11,000333,14:15:48,79.7200,1,1
2026-02-11,000333,14:15:51,79.7100,4,2
2026-02-11,000333,14:15:54,79.7200,1,1
2026-02-11,000333,14:15:57,79.7200,1,1
2026-02-11,000333,14:16:00,79.7100,28,2
2026-02-11,000333,14:16:03,79.7100,4,2
2026-02-11,000333,14:16:06,79.7100,35,2
2026-02-11,000333,14:16:09,79.7100,6,2
2026-02-11,000333,14:16:12,79.7200,8,1
2026-02-11,000333,14:16:15,79.7100,37,2
2026-02-11,000333,14:16:18,79.7100,17,2
2026-02-11,000333,14:16:21,79.7100,1,2
2026-02-11,000333,14:16:24,79.7100,11,2
2026-02-11,000333,14:16:27,79.7000,12,2
2026-02-11,000333,14:16:30,79.7000,21,2
2026-02-11,000333,14:16:33,79.7100,22,1
2026-02-11,000333,14:16:36,79.7100,17,1
2026-02-11,000333,14:16:39,79.7100,22,1
2026-02-11,000333,14:16:42,79.7100,20,1
2026-02-11,000333,14:16:45,79.7100,5,1
2026-02-11,000333,14:16:48,79.7000,5,2
2026-02-11,000333,14:16:51,79.7000,4,2
2026-02-11,000333,14:16:54,79.7100,3,1
2026-02-11,000333,14:16:57,79.7000,4,2
2026-02-11,000333,14:17:00,79.7000,47,2
2026-02-11,000333,14:17:03,79.6900,55,2
2026-02-11,000333,14:17:06,79.7000,165,4
2026-02-11,000333,14:17:09,79.6800,38,2
2026-02-11,000333,14:17:12,79.6800,37,2
2026-02-11,000333,14:17:15,79.7000,8,1
2026-02-11,000333,14:17:18,79.7000,18,1
2026-02-11,000333,14:17:21,79.6900,15,1
2026-02-11,000333,14:17:24,79.6900,7,1
2026-02-11,000333,14:17:27,79.6900,11,1
2026-02-11,000333,14:17:30,79.6900,3,1
2026-02-11,000333,14:17:33,79.6900,8,1
2026-02-11,000333,14:17:36,79.6800,26,2
2026-02-11,000333,14:17:39,79.6800,16,2
2026-02-11,000333,14:17:42,79.6800,14,2
2026-02-11,000333,14:17:45,79.6800,30,2
2026-02-11,000333,14:17:48,79.6900,58,1
2026-02-11,000333,14:17:51,79.6800,78,2
2026-02-11,000333,14:17:54,79.6800,13,1
2026-02-11,000333,14:17:57,79.6700,12,2
2026-02-11,000333,14:18:00,79.6600,158,2
2026-02-11,000333,14:18:03,79.6500,234,2
2026-02-11,000333,14:18:06,79.6500,47,2
2026-02-11,000333,14:18:09,79.6600,18,1
2026-02-11,000333,14:18:12,79.6500,50,2
2026-02-11,000333,14:18:15,79.6700,172,1
2026-02-11,000333,14:18:18,79.6600,78,2
2026-02-11,000333,14:18:21,79.6900,17,1
2026-02-11,000333,14:18:24,79.6900,6,1
2026-02-11,000333,14:18:27,79.6700,24,2
2026-02-11,000333,14:18:30,79.6800,27,1
2026-02-11,000333,14:18:33,79.6800,61,1
2026-02-11,000333,14:18:36,79.6900,50,1
2026-02-11,000333,14:18:39,79.6700,26,2
2026-02-11,000333,14:18:42,79.6900,15,1
2026-02-11,000333,14:18:45,79.6800,1,2
2026-02-11,000333,14:18:48,79.6800,31,2
2026-02-11,000333,14:18:51,79.6800,3,2
2026-02-11,000333,14:18:54,79.6800,5,2
2026-02-11,000333,14:18:57,79.6800,55,2
2026-02-11,000333,14:19:00,79.6800,7,1
2026-02-11,000333,14:19:03,79.6600,18,2
2026-02-11,000333,14:19:06,79.6700,31,1
2026-02-11,000333,14:19:09,79.6700,6,1
2026-02-11,000333,14:19:12,79.6700,18,1
2026-02-11,000333,14:19:15,79.6800,5,1
2026-02-11,000333,14:19:18,79.6700,4,2
2026-02-11,000333,14:19:21,79.6800,88,1
2026-02-11,000333,14:19:24,79.6900,39,1
2026-02-11,000333,14:19:27,79.6900,20,1
2026-02-11,000333,14:19:30,79.6800,7,2
2026-02-11,000333,14:19:33,79.6900,67,1
2026-02-11,000333,14:19:36,79.7000,49,1
2026-02-11,000333,14:19:39,79.7000,22,2
2026-02-11,000333,14:19:42,79.7100,9,1
2026-02-11,000333,14:19:45,79.7000,13,2
2026-02-11,000333,14:19:48,79.7000,31,2
2026-02-11,000333,14:19:51,79.7000,27,2
2026-02-11,000333,14:19:54,79.7100,77,1
2026-02-11,000333,14:19:57,79.7100,36,1
2026-02-11,000333,14:20:00,79.7000,63,2
2026-02-11,000333,14:20:03,79.7000,36,2
2026-02-11,000333,14:20:06,79.7100,21,1
2026-02-11,000333,14:20:09,79.7100,28,1
2026-02-11,000333,14:20:12,79.7000,28,2
2026-02-11,000333,14:20:15,79.7000,7,4
2026-02-11,000333,14:20:18,79.7000,8,1
2026-02-11,000333,14:20:21,79.7100,6,1
2026-02-11,000333,14:20:24,79.7000,18,2
2026-02-11,000333,14:20:27,79.6900,57,2
2026-02-11,000333,14:20:30,79.7000,20,1
2026-02-11,000333,14:20:33,79.7000,1,4
2026-02-11,000333,14:20:36,79.7000,2,1
2026-02-11,000333,14:20:42,79.7000,5,1
2026-02-11,000333,14:20:45,79.6900,10,2
2026-02-11,000333,14:20:48,79.7000,2,1
2026-02-11,000333,14:20:57,79.6900,70,2
2026-02-11,000333,14:21:00,79.6900,21,2
2026-02-11,000333,14:21:03,79.7000,9,1
2026-02-11,000333,14:21:06,79.7000,7,1
2026-02-11,000333,14:21:09,79.7000,11,1
2026-02-11,000333,14:21:12,79.6900,7,2
2026-02-11,000333,14:21:15,79.7000,12,1
2026-02-11,000333,14:21:18,79.6900,4,2
2026-02-11,000333,14:21:21,79.7000,17,1
2026-02-11,000333,14:21:24,79.6900,8,2
2026-02-11,000333,14:21:27,79.6900,14,2
2026-02-11,000333,14:21:30,79.7000,1,1
2026-02-11,000333,14:21:33,79.7000,37,1
2026-02-11,000333,14:21:36,79.7100,15,1
2026-02-11,000333,14:21:39,79.7100,5,1
2026-02-11,000333,14:21:42,79.6900,91,2
2026-02-11,000333,14:21:45,79.6900,8,2
2026-02-11,000333,14:21:48,79.7000,11,1
2026-02-11,000333,14:21:51,79.7000,34,2
2026-02-11,000333,14:21:54,79.7100,3,1
2026-02-11,000333,14:21:57,79.7000,7,2
2026-02-11,000333,14:22:00,79.7100,4,1
2026-02-11,000333,14:22:03,79.7000,4,2
2026-02-11,000333,14:22:06,79.7100,24,1
2026-02-11,000333,14:22:09,79.7200,92,1
2026-02-11,000333,14:22:12,79.7100,20,2
2026-02-11,000333,14:22:15,79.7300,23,1
2026-02-11,000333,14:22:18,79.7300,10,1
2026-02-11,000333,14:22:21,79.7300,36,1
2026-02-11,000333,14:22:24,79.7300,21,1
2026-02-11,000333,14:22:27,79.7300,24,1
2026-02-11,000333,14:22:30,79.7400,69,1
2026-02-11,000333,14:22:33,79.7400,31,1
2026-02-11,000333,14:22:36,79.7500,156,1
2026-02-11,000333,14:22:39,79.7500,48,1
2026-02-11,000333,14:22:42,79.7500,14,2
2026-02-11,000333,14:22:45,79.7700,89,1
2026-02-11,000333,14:22:48,79.7600,103,2
2026-02-11,000333,14:22:51,79.7500,89,2
2026-02-11,000333,14:22:54,79.7600,128,1
2026-02-11,000333,14:22:57,79.7700,14,1
2026-02-11,000333,14:23:00,79.7700,5,1
2026-02-11,000333,14:23:03,79.7400,46,2
2026-02-11,000333,14:23:06,79.7500,42,1
2026-02-11,000333,14:23:09,79.7700,25,1
2026-02-11,000333,14:23:12,79.7500,24,2
2026-02-11,000333,14:23:15,79.7700,6,1
2026-02-11,000333,14:23:18,79.7500,18,2
2026-02-11,000333,14:23:21,79.7800,5,1
2026-02-11,000333,14:23:24,79.7500,51,2
2026-02-11,000333,14:23:27,79.7600,12,1
2026-02-11,000333,14:23:30,79.7600,7,1
2026-02-11,000333,14:23:33,79.7500,20,2
2026-02-11,000333,14:23:36,79.7500,14,2
2026-02-11,000333,14:23:39,79.7400,52,2
2026-02-11,000333,14:23:42,79.7400,110,2
2026-02-11,000333,14:23:45,79.7400,15,2
2026-02-11,000333,14:23:48,79.7500,1,2
2026-02-11,000333,14:23:54,79.7500,7,1
2026-02-11,000333,14:23:57,79.7400,7,2
2026-02-11,000333,14:24:00,79.7500,1,1
2026-02-11,000333,14:24:03,79.7400,11,2
2026-02-11,000333,14:24:06,79.7400,9,2
2026-02-11,000333,14:24:09,79.7400,169,1
2026-02-11,000333,14:24:12,79.7300,34,2
2026-02-11,000333,14:24:15,79.7200,14,2
2026-02-11,000333,14:24:18,79.7400,2,1
2026-02-11,000333,14:24:21,79.7200,18,2
2026-02-11,000333,14:24:24,79.7200,8,2
2026-02-11,000333,14:24:27,79.7300,7,1
2026-02-11,000333,14:24:30,79.7200,4,2
2026-02-11,000333,14:24:33,79.7200,4,2
2026-02-11,000333,14:24:36,79.7200,4,2
2026-02-11,000333,14:24:39,79.7300,26,1
2026-02-11,000333,14:24:42,79.7400,8,1
2026-02-11,000333,14:24:45,79.7400,14,1
2026-02-11,000333,14:24:48,79.7300,13,2
2026-02-11,000333,14:24:51,79.7400,11,1
2026-02-11,000333,14:24:54,79.7300,11,2
2026-02-11,000333,14:24:57,79.7400,7,1
2026-02-11,000333,14:25:00,79.7400,20,1
2026-02-11,000333,14:25:03,79.7400,2,1
2026-02-11,000333,14:25:06,79.7400,17,1
2026-02-11,000333,14:25:09,79.7400,3,2
2026-02-11,000333,14:25:12,79.7400,35,2
2026-02-11,000333,14:25:15,79.7500,25,1
2026-02-11,000333,14:25:18,79.7500,22,1
2026-02-11,000333,14:25:21,79.7600,17,1
2026-02-11,000333,14:25:27,79.7600,2,1
2026-02-11,000333,14:25:30,79.7600,14,1
2026-02-11,000333,14:25:33,79.7600,5,1
2026-02-11,000333,14:25:36,79.7600,5,1
2026-02-11,000333,14:25:39,79.7600,6,1
2026-02-11,000333,14:25:42,79.7600,1,1
2026-02-11,000333,14:25:45,79.7600,7,1
2026-02-11,000333,14:25:48,79.7600,6,1
2026-02-11,000333,14:25:51,79.7600,27,1
2026-02-11,000333,14:25:54,79.7500,37,2
2026-02-11,000333,14:25:57,79.7500,9,2
2026-02-11,000333,14:26:00,79.7500,19,1
2026-02-11,000333,14:26:03,79.7500,37,1
2026-02-11,000333,14:26:06,79.7400,29,2
2026-02-11,000333,14:26:09,79.7400,15,1
2026-02-11,000333,14:26:12,79.7400,38,1
2026-02-11,000333,14:26:15,79.7400,7,2
2026-02-11,000333,14:26:18,79.7400,7,1
2026-02-11,000333,14:26:21,79.7500,16,1
2026-02-11,000333,14:26:24,79.7400,62,2
2026-02-11,000333,14:26:27,79.7700,13,1
2026-02-11,000333,14:26:30,79.7600,6,2
2026-02-11,000333,14:26:33,79.7600,21,2
2026-02-11,000333,14:26:36,79.7600,12,2
2026-02-11,000333,14:26:39,79.7400,93,2
2026-02-11,000333,14:26:42,79.7300,77,2
2026-02-11,000333,14:26:45,79.7400,21,2
2026-02-11,000333,14:26:48,79.7400,29,2
2026-02-11,000333,14:26:51,79.7500,12,1
2026-02-11,000333,14:26:54,79.7500,13,1
2026-02-11,000333,14:26:57,79.7400,16,2
2026-02-11,000333,14:27:00,79.7500,16,1
2026-02-11,000333,14:27:03,79.7300,23,2
2026-02-11,000333,14:27:12,79.7400,3,1
2026-02-11,000333,14:27:15,79.7400,381,1
2026-02-11,000333,14:27:18,79.7500,66,1
2026-02-11,000333,14:27:21,79.7500,10,1
2026-02-11,000333,14:27:24,79.7500,3,1
2026-02-11,000333,14:27:27,79.7400,9,2
2026-02-11,000333,14:27:33,79.7500,13,1
2026-02-11,000333,14:27:36,79.7500,5,1
2026-02-11,000333,14:27:39,79.7400,11,2
2026-02-11,000333,14:27:42,79.7500,2,1
2026-02-11,000333,14:27:45,79.7500,3,1
2026-02-11,000333,14:27:48,79.7400,21,2
2026-02-11,000333,14:27:51,79.7400,160,2
2026-02-11,000333,14:27:54,79.7500,22,1
2026-02-11,000333,14:27:57,79.7400,3,1
2026-02-11,000333,14:28:00,79.7300,12,2
2026-02-11,000333,14:28:03,79.7600,37,1
2026-02-11,000333,14:28:06,79.7400,8,2
2026-02-11,000333,14:28:09,79.7400,9,1
2026-02-11,000333,14:28:12,79.7400,11,1
2026-02-11,000333,14:28:15,79.7500,6,1
2026-02-11,000333,14:28:18,79.7500,23,1
2026-02-11,000333,14:28:21,79.7500,16,1
2026-02-11,000333,14:28:24,79.7500,20,1
2026-02-11,000333,14:28:27,79.7400,8,4
2026-02-11,000333,14:28:30,79.7500,21,1
2026-02-11,000333,14:28:33,79.7400,17,2
2026-02-11,000333,14:28:36,79.7300,51,2
2026-02-11,000333,14:28:39,79.7400,13,1
2026-02-11,000333,14:28:42,79.7400,3,2
2026-02-11,000333,14:28:45,79.7400,13,2
2026-02-11,000333,14:28:51,79.7400,27,1
2026-02-11,000333,14:28:54,79.7400,1,1
2026-02-11,000333,14:28:57,79.7500,15,1
2026-02-11,000333,14:29:00,79.7500,18,1
2026-02-11,000333,14:29:03,79.7400,16,2
2026-02-11,000333,14:29:06,79.7400,37,2
2026-02-11,000333,14:29:09,79.7400,12,2
2026-02-11,000333,14:29:12,79.7500,38,1
2026-02-11,000333,14:29:15,79.7300,20,2
2026-02-11,000333,14:29:18,79.7400,92,1
2026-02-11,000333,14:29:21,79.7400,29,2
2026-02-11,000333,14:29:24,79.7500,5,1
2026-02-11,000333,14:29:27,79.7400,29,2
2026-02-11,000333,14:29:30,79.7200,229,2
2026-02-11,000333,14:29:33,79.7200,44,2
2026-02-11,000333,14:29:36,79.7200,15,2
2026-02-11,000333,14:29:39,79.7100,16,2
2026-02-11,000333,14:29:42,79.7200,4,2
2026-02-11,000333,14:29:45,79.7100,20,2
2026-02-11,000333,14:29:48,79.7300,16,1
2026-02-11,000333,14:29:51,79.7000,185,2
2026-02-11,000333,14:29:54,79.7100,77,1
2026-02-11,000333,14:29:57,79.7000,4,2
2026-02-11,000333,14:30:00,79.6900,89,2
2026-02-11,000333,14:30:03,79.6800,30,2
2026-02-11,000333,14:30:06,79.6800,88,2
2026-02-11,000333,14:30:09,79.6500,132,2
2026-02-11,000333,14:30:12,79.6800,119,1
2026-02-11,000333,14:30:15,79.6800,15,2
2026-02-11,000333,14:30:18,79.6900,72,1
2026-02-11,000333,14:30:21,79.6800,98,2
2026-02-11,000333,14:30:24,79.6900,15,2
2026-02-11,000333,14:30:27,79.7000,2,1
2026-02-11,000333,14:30:30,79.7000,9,1
2026-02-11,000333,14:30:33,79.7000,4,2
2026-02-11,000333,14:30:36,79.7000,17,2
2026-02-11,000333,14:30:39,79.6900,65,2
2026-02-11,000333,14:30:42,79.6900,36,2
2026-02-11,000333,14:30:45,79.7000,19,1
2026-02-11,000333,14:30:48,79.7100,60,1
2026-02-11,000333,14:30:51,79.7100,28,1
2026-02-11,000333,14:30:54,79.7100,8,1
2026-02-11,000333,14:30:57,79.7100,14,1
2026-02-11,000333,14:31:00,79.7100,11,1
2026-02-11,000333,14:31:03,79.7000,8,2
2026-02-11,000333,14:31:06,79.7100,14,1
2026-02-11,000333,14:31:09,79.7100,15,1
2026-02-11,000333,14:31:12,79.7000,10,2
2026-02-11,000333,14:31:15,79.6900,63,2
2026-02-11,000333,14:31:18,79.7100,24,1
2026-02-11,000333,14:31:21,79.7000,1,2
2026-02-11,000333,14:31:24,79.6900,194,2
2026-02-11,000333,14:31:27,79.7200,40,1
2026-02-11,000333,14:31:30,79.7100,29,4
2026-02-11,000333,14:31:33,79.7200,49,1
2026-02-11,000333,14:31:36,79.7300,87,1
2026-02-11,000333,14:31:39,79.7200,22,2
2026-02-11,000333,14:31:42,79.7300,31,1
2026-02-11,000333,14:31:45,79.7300,7,1
2026-02-11,000333,14:31:48,79.7100,4,2
2026-02-11,000333,14:31:51,79.7200,8,2
2026-02-11,000333,14:31:54,79.7300,45,1
2026-02-11,000333,14:31:57,79.7200,7,2
2026-02-11,000333,14:32:00,79.7400,1,1
2026-02-11,000333,14:32:03,79.7400,19,1
2026-02-11,000333,14:32:06,79.7500,141,1
2026-02-11,000333,14:32:09,79.7500,51,1
2026-02-11,000333,14:32:12,79.7500,70,2
2026-02-11,000333,14:32:15,79.7500,20,4
2026-02-11,000333,14:32:18,79.7400,11,2
2026-02-11,000333,14:32:21,79.7500,39,1
2026-02-11,000333,14:32:24,79.7500,3,1
2026-02-11,000333,14:32:27,79.7500,2,1
2026-02-11,000333,14:32:30,79.7500,3,1
2026-02-11,000333,14:32:33,79.7400,92,2
2026-02-11,000333,14:32:36,79.7300,125,2
2026-02-11,000333,14:32:39,79.7200,148,2
2026-02-11,000333,14:32:42,79.7300,28,2
2026-02-11,000333,14:32:45,79.7300,71,1
2026-02-11,000333,14:32:48,79.7200,33,2
2026-02-11,000333,14:32:51,79.7300,7,1
2026-02-11,000333,14:32:54,79.7300,10,1
2026-02-11,000333,14:32:57,79.7200,54,2
2026-02-11,000333,14:33:00,79.7300,18,1
2026-02-11,000333,14:33:03,79.7300,53,1
2026-02-11,000333,14:33:06,79.7400,13,1
2026-02-11,000333,14:33:09,79.7200,382,2
2026-02-11,000333,14:33:12,79.7400,49,1
2026-02-11,000333,14:33:15,79.7300,6,2
2026-02-11,000333,14:33:18,79.7300,24,1
2026-02-11,000333,14:33:21,79.7300,29,1
2026-02-11,000333,14:33:24,79.7400,6,1
2026-02-11,000333,14:33:27,79.7300,20,1
2026-02-11,000333,14:33:30,79.7300,6,2
2026-02-11,000333,14:33:33,79.7300,11,2
2026-02-11,000333,14:33:36,79.7200,43,2
2026-02-11,000333,14:33:39,79.7400,5,1
2026-02-11,000333,14:33:42,79.7200,23,2
2026-02-11,000333,14:33:45,79.7400,3,1
2026-02-11,000333,14:33:48,79.7300,1,1
2026-02-11,000333,14:33:51,79.7200,124,2
2026-02-11,000333,14:33:54,79.7300,53,1
2026-02-11,000333,14:33:57,79.7300,23,1
2026-02-11,000333,14:34:00,79.7300,27,1
2026-02-11,000333,14:34:03,79.7300,12,1
2026-02-11,000333,14:34:06,79.7300,83,1
2026-02-11,000333,14:34:09,79.7300,22,2
2026-02-11,000333,14:34:12,79.7500,10,1
2026-02-11,000333,14:34:15,79.7500,3,1
2026-02-11,000333,14:34:18,79.7500,8,1
2026-02-11,000333,14:34:21,79.7500,114,1
2026-02-11,000333,14:34:24,79.7600,28,1
2026-02-11,000333,14:34:27,79.7600,6,1
2026-02-11,000333,14:34:30,79.7700,137,1
2026-02-11,000333,14:34:33,79.7700,122,1
2026-02-11,000333,14:34:36,79.7700,20,4
2026-02-11,000333,14:34:39,79.7800,10,1
2026-02-11,000333,14:34:42,79.7600,110,2
2026-02-11,000333,14:34:45,79.7600,37,2
2026-02-11,000333,14:34:48,79.7600,12,4
2026-02-11,000333,14:34:51,79.7600,38,4
2026-02-11,000333,14:34:54,79.7400,260,2
2026-02-11,000333,14:34:57,79.7400,56,1
2026-02-11,000333,14:35:00,79.7400,32,1
2026-02-11,000333,14:35:03,79.7400,18,1
2026-02-11,000333,14:35:06,79.7400,131,1
2026-02-11,000333,14:35:09,79.7500,26,1
2026-02-11,000333,14:35:12,79.7400,28,2
2026-02-11,000333,14:35:15,79.7500,7,1
2026-02-11,000333,14:35:18,79.7300,78,2
2026-02-11,000333,14:35:21,79.7300,19,1
2026-02-11,000333,14:35:24,79.7300,19,1
2026-02-11,000333,14:35:27,79.7300,7,1
2026-02-11,000333,14:35:30,79.7300,11,1
2026-02-11,000333,14:35:33,79.7300,21,1
2026-02-11,000333,14:35:36,79.7300,6,1
2026-02-11,000333,14:35:39,79.7100,11,2
2026-02-11,000333,14:35:42,79.7200,11,1
2026-02-11,000333,14:35:45,79.7300,11,1
2026-02-11,000333,14:35:48,79.7300,36,1
2026-02-11,000333,14:35:51,79.7300,10,1
2026-02-11,000333,14:35:54,79.7300,27,1
2026-02-11,000333,14:35:57,79.7300,5,1
2026-02-11,000333,14:36:00,79.7300,4,1
2026-02-11,000333,14:36:03,79.7200,7,2
2026-02-11,000333,14:36:06,79.7200,26,2
2026-02-11,000333,14:36:09,79.7100,58,2
2026-02-11,000333,14:36:12,79.7100,33,2
2026-02-11,000333,14:36:15,79.7100,18,2
2026-02-11,000333,14:36:18,79.7200,10,1
2026-02-11,000333,14:36:21,79.7200,16,1
2026-02-11,000333,14:36:24,79.7200,1,1
2026-02-11,000333,14:36:27,79.7200,9,1
2026-02-11,000333,14:36:30,79.7200,47,1
2026-02-11,000333,14:36:33,79.7300,40,1
2026-02-11,000333,14:36:36,79.7300,9,1
2026-02-11,000333,14:36:39,79.7300,5,1
2026-02-11,000333,14:36:42,79.7300,4,1
2026-02-11,000333,14:36:45,79.7200,6,2
2026-02-11,000333,14:36:48,79.7300,3,1
2026-02-11,000333,14:36:51,79.7200,4,2
2026-02-11,000333,14:36:54,79.7300,12,1
2026-02-11,000333,14:36:57,79.7300,7,1
2026-02-11,000333,14:37:00,79.7300,13,1
2026-02-11,000333,14:37:03,79.7300,7,1
2026-02-11,000333,14:37:06,79.7300,25,1
2026-02-11,000333,14:37:09,79.7300,35,1
2026-02-11,000333,14:37:12,79.7300,19,1
2026-02-11,000333,14:37:15,79.7300,9,1
2026-02-11,000333,14:37:18,79.7200,2,2
2026-02-11,000333,14:37:21,79.7300,10,1
2026-02-11,000333,14:37:24,79.7300,7,1
2026-02-11,000333,14:37:27,79.7300,7,1
2026-02-11,000333,14:37:30,79.7300,15,1
2026-02-11,000333,14:37:33,79.7200,19,2
2026-02-11,000333,14:37:36,79.7300,31,1
2026-02-11,000333,14:37:39,79.7200,102,2
2026-02-11,000333,14:37:42,79.7300,36,1
2026-02-11,000333,14:37:45,79.7200,13,1
2026-02-11,000333,14:37:48,79.7100,47,2
2026-02-11,000333,14:37:51,79.7300,13,1
2026-02-11,000333,14:37:54,79.7200,4,2
2026-02-11,000333,14:37:57,79.7100,31,2
2026-02-11,000333,14:38:00,79.7100,15,2
2026-02-11,000333,14:38:03,79.7200,9,1
2026-02-11,000333,14:38:06,79.7200,33,1
2026-02-11,000333,14:38:09,79.7100,57,2
2026-02-11,000333,14:38:12,79.7200,4,4
2026-02-11,000333,14:38:15,79.7100,8,2
2026-02-11,000333,14:38:18,79.7200,5,2
2026-02-11,000333,14:38:21,79.7400,104,1
2026-02-11,000333,14:38:24,79.7500,72,1
2026-02-11,000333,14:38:27,79.7500,38,1
2026-02-11,000333,14:38:30,79.7500,46,1
2026-02-11,000333,14:38:33,79.7300,69,2
2026-02-11,000333,14:38:36,79.7300,38,2
2026-02-11,000333,14:38:42,79.7300,10,2
2026-02-11,000333,14:38:45,79.7300,25,1
2026-02-11,000333,14:38:48,79.7200,8,2
2026-02-11,000333,14:38:51,79.7200,8,2
2026-02-11,000333,14:38:54,79.7200,67,2
2026-02-11,000333,14:38:57,79.7200,28,1
2026-02-11,000333,14:39:00,79.7100,28,2
2026-02-11,000333,14:39:03,79.7100,30,2
2026-02-11,000333,14:39:06,79.7000,111,2
2026-02-11,000333,14:39:09,79.7000,44,2
2026-02-11,000333,14:39:12,79.7000,73,2
2026-02-11,000333,14:39:15,79.7100,8,1
2026-02-11,000333,14:39:18,79.7000,23,2
2026-02-11,000333,14:39:21,79.7100,8,1
2026-02-11,000333,14:39:24,79.7000,20,2
2026-02-11,000333,14:39:27,79.7100,16,1
2026-02-11,000333,14:39:30,79.7000,67,2
2026-02-11,000333,14:39:33,79.7000,24,2
2026-02-11,000333,14:39:36,79.7000,81,2
2026-02-11,000333,14:39:39,79.7000,111,2
2026-02-11,000333,14:39:42,79.7000,28,2
2026-02-11,000333,14:39:45,79.7000,13,2
2026-02-11,000333,14:39:48,79.7000,30,2
2026-02-11,000333,14:39:51,79.7000,33,1
2026-02-11,000333,14:39:54,79.7000,10,2
2026-02-11,000333,14:39:57,79.7000,15,1
2026-02-11,000333,14:40:00,79.6900,24,2
2026-02-11,000333,14:40:03,79.7000,18,1
2026-02-11,000333,14:40:06,79.7000,22,1
2026-02-11,000333,14:40:09,79.7000,28,1
2026-02-11,000333,14:40:12,79.6900,30,2
2026-02-11,000333,14:40:15,79.7000,67,1
2026-02-11,000333,14:40:18,79.7100,17,1
2026-02-11,000333,14:40:21,79.7100,6,1
2026-02-11,000333,14:40:24,79.7000,17,2
2026-02-11,000333,14:40:27,79.7000,75,2
2026-02-11,000333,14:40:30,79.7000,32,2
2026-02-11,000333,14:40:33,79.7100,7,1
2026-02-11,000333,14:40:36,79.7100,506,1
2026-02-11,000333,14:40:39,79.7100,119,1
2026-02-11,000333,14:40:42,79.7100,24,2
2026-02-11,000333,14:40:45,79.7200,15,1
2026-02-11,000333,14:40:48,79.7100,30,2
2026-02-11,000333,14:40:51,79.7200,8,1
2026-02-11,000333,14:40:54,79.7100,50,2
2026-02-11,000333,14:40:57,79.7100,6,2
2026-02-11,000333,14:41:00,79.7100,20,2
2026-02-11,000333,14:41:03,79.7100,22,2
2026-02-11,000333,14:41:06,79.7100,295,2
2026-02-11,000333,14:41:09,79.7100,46,1
2026-02-11,000333,14:41:12,79.7100,13,1
2026-02-11,000333,14:41:15,79.7100,7,1
2026-02-11,000333,14:41:18,79.7100,30,1
2026-02-11,000333,14:41:21,79.7100,40,1
2026-02-11,000333,14:41:24,79.7100,7,1
2026-02-11,000333,14:41:27,79.7000,7,2
2026-02-11,000333,14:41:30,79.7100,7,1
2026-02-11,000333,14:41:33,79.7000,5,2
2026-02-11,000333,14:41:36,79.7000,68,2
2026-02-11,000333,14:41:39,79.7100,16,1
2026-02-11,000333,14:41:42,79.7100,182,1
2026-02-11,000333,14:41:45,79.7100,32,2
2026-02-11,000333,14:41:48,79.7100,47,2
2026-02-11,000333,14:41:51,79.7200,7,1
2026-02-11,000333,14:41:54,79.7200,40,1
2026-02-11,000333,14:41:57,79.7200,8,1
2026-02-11,000333,14:42:00,79.7200,13,1
2026-02-11,000333,14:42:03,79.7200,36,1
2026-02-11,000333,14:42:06,79.7100,32,2
2026-02-11,000333,14:42:09,79.7200,26,1
2026-02-11,000333,14:42:12,79.7100,38,2
2026-02-11,000333,14:42:15,79.7200,15,1
2026-02-11,000333,14:42:18,79.7200,1,1
2026-02-11,000333,14:42:21,79.7100,121,2
2026-02-11,000333,14:42:24,79.7100,57,2
2026-02-11,000333,14:42:27,79.7000,12,2
2026-02-11,000333,14:42:30,79.7000,7,2
2026-02-11,000333,14:42:33,79.7100,33,1
2026-02-11,000333,14:42:36,79.7100,10,1
2026-02-11,000333,14:42:39,79.7000,136,2
2026-02-11,000333,14:42:42,79.7100,33,1
2026-02-11,000333,14:42:45,79.7100,88,1
2026-02-11,000333,14:42:48,79.7000,32,2
2026-02-11,000333,14:42:51,79.7000,293,2
2026-02-11,000333,14:42:54,79.7100,83,1
2026-02-11,000333,14:42:57,79.7100,7,1
2026-02-11,000333,14:43:00,79.7100,9,1
2026-02-11,000333,14:43:06,79.7000,14,2
2026-02-11,000333,14:43:09,79.7100,30,1
2026-02-11,000333,14:43:12,79.7100,11,1
2026-02-11,000333,14:43:15,79.7100,19,1
2026-02-11,000333,14:43:18,79.7100,8,1
2026-02-11,000333,14:43:21,79.7100,11,1
2026-02-11,000333,14:43:24,79.7100,5,1
2026-02-11,000333,14:43:27,79.7100,3,1
2026-02-11,000333,14:43:30,79.7100,4,1
2026-02-11,000333,14:43:33,79.7100,1,1
2026-02-11,000333,14:43:36,79.7000,61,2
2026-02-11,000333,14:43:39,79.7000,48,2
2026-02-11,000333,14:43:42,79.7000,11,2
2026-02-11,000333,14:43:45,79.7100,26,1
2026-02-11,000333,14:43:48,79.7000,32,2
2026-02-11,000333,14:43:51,79.7000,143,2
2026-02-11,000333,14:43:54,79.7100,42,1
2026-02-11,000333,14:43:57,79.7000,31,2
2026-02-11,000333,14:44:00,79.7000,5,2
2026-02-11,000333,14:44:03,79.7000,9,2
2026-02-11,000333,14:44:06,79.7000,32,1
2026-02-11,000333,14:44:09,79.7000,7,1
2026-02-11,000333,14:44:12,79.6900,100,2
2026-02-11,000333,14:44:15,79.7000,45,1
2026-02-11,000333,14:44:18,79.7000,11,1
2026-02-11,000333,14:44:21,79.6900,1,2
2026-02-11,000333,14:44:24,79.7000,6,1
2026-02-11,000333,14:44:27,79.7000,10,1
2026-02-11,000333,14:44:33,79.7000,10,2
2026-02-11,000333,14:44:36,79.7000,16,4
2026-02-11,000333,14:44:39,79.7000,5,2
2026-02-11,000333,14:44:42,79.6900,26,2
2026-02-11,000333,14:44:45,79.6900,67,2
2026-02-11,000333,14:44:48,79.6900,63,2
2026-02-11,000333,14:44:51,79.6800,33,2
2026-02-11,000333,14:44:54,79.6800,37,2
2026-02-11,000333,14:44:57,79.6900,56,1
2026-02-11,000333,14:45:00,79.6900,260,1
2026-02-11,000333,14:45:03,79.6800,73,2
2026-02-11,000333,14:45:06,79.6800,106,1
2026-02-11,000333,14:45:09,79.6800,31,1
2026-02-11,000333,14:45:12,79.6800,20,1
2026-02-11,000333,14:45:15,79.6800,26,2
2026-02-11,000333,14:45:18,79.6900,76,1
2026-02-11,000333,14:45:21,79.6800,22,2
2026-02-11,000333,14:45:24,79.6900,2,1
2026-02-11,000333,14:45:27,79.6900,61,4
2026-02-11,000333,14:45:30,79.6900,6,1
2026-02-11,000333,14:45:33,79.6900,5,1
2026-02-11,000333,14:45:36,79.6800,16,2
2026-02-11,000333,14:45:39,79.7000,6,1
2026-02-11,000333,14:45:42,79.6900,9,2
2026-02-11,000333,14:45:45,79.6800,107,2
2026-02-11,000333,14:45:48,79.6800,68,2
2026-02-11,000333,14:45:51,79.6900,28,2
2026-02-11,000333,14:45:54,79.7000,28,1
2026-02-11,000333,14:45:57,79.7000,90,1
2026-02-11,000333,14:46:00,79.7000,20,1
2026-02-11,000333,14:46:03,79.7000,45,1
2026-02-11,000333,14:46:06,79.7000,199,1
2026-02-11,000333,14:46:09,79.7000,67,1
2026-02-11,000333,14:46:12,79.7000,23,1
2026-02-11,000333,14:46:15,79.7000,34,4
2026-02-11,000333,14:46:18,79.7100,38,1
2026-02-11,000333,14:46:21,79.7100,143,1
2026-02-11,000333,14:46:24,79.7100,129,1
2026-02-11,000333,14:46:27,79.7200,37,1
2026-02-11,000333,14:46:30,79.7100,26,4
2026-02-11,000333,14:46:33,79.7200,195,1
2026-02-11,000333,14:46:36,79.7300,203,1
2026-02-11,000333,14:46:39,79.7300,42,1
2026-02-11,000333,14:46:42,79.7300,7,1
2026-02-11,000333,14:46:45,79.7300,6,1
2026-02-11,000333,14:46:48,79.7300,26,1
2026-02-11,000333,14:46:51,79.7300,15,1
2026-02-11,000333,14:46:54,79.7300,4,1
2026-02-11,000333,14:46:57,79.7200,4,2
2026-02-11,000333,14:47:00,79.7300,12,1
2026-02-11,000333,14:47:03,79.7300,14,1
2026-02-11,000333,14:47:06,79.7300,6,1
2026-02-11,000333,14:47:09,79.7300,98,1
2026-02-11,000333,14:47:12,79.7200,39,2
2026-02-11,000333,14:47:15,79.7300,54,1
2026-02-11,000333,14:47:18,79.7300,21,1
2026-02-11,000333,14:47:21,79.7300,36,1
2026-02-11,000333,14:47:24,79.7300,20,1
2026-02-11,000333,14:47:27,79.7300,234,1
2026-02-11,000333,14:47:30,79.7300,36,1
2026-02-11,000333,14:47:33,79.7300,8,1
2026-02-11,000333,14:47:36,79.7300,16,1
2026-02-11,000333,14:47:39,79.7200,6,2
2026-02-11,000333,14:47:42,79.7300,11,1
2026-02-11,000333,14:47:45,79.7200,42,2
2026-02-11,000333,14:47:48,79.7300,234,1
2026-02-11,000333,14:47:51,79.7400,65,1
2026-02-11,000333,14:47:54,79.7000,67,2
2026-02-11,000333,14:47:57,79.6900,91,2
2026-02-11,000333,14:48:00,79.7100,29,4
2026-02-11,000333,14:48:03,79.6900,15,2
2026-02-11,000333,14:48:06,79.7200,1,1
2026-02-11,000333,14:48:09,79.6900,7,2
2026-02-11,000333,14:48:12,79.7100,5,1
2026-02-11,000333,14:48:15,79.6900,1,2
2026-02-11,000333,14:48:18,79.7000,5,1
2026-02-11,000333,14:48:21,79.6900,55,2
2026-02-11,000333,14:48:24,79.6900,41,2
2026-02-11,000333,14:48:27,79.7000,28,1
2026-02-11,000333,14:48:30,79.6900,21,2
2026-02-11,000333,14:48:33,79.7000,19,1
2026-02-11,000333,14:48:36,79.6900,4,2
2026-02-11,000333,14:48:39,79.6900,71,2
2026-02-11,000333,14:48:42,79.6900,39,1
2026-02-11,000333,14:48:45,79.6900,20,2
2026-02-11,000333,14:48:48,79.7000,20,1
2026-02-11,000333,14:48:51,79.6900,19,2
2026-02-11,000333,14:48:54,79.6900,150,1
2026-02-11,000333,14:48:57,79.6900,23,1
2026-02-11,000333,14:49:00,79.6900,10,1
2026-02-11,000333,14:49:03,79.6800,334,2
2026-02-11,000333,14:49:06,79.6700,63,2
2026-02-11,000333,14:49:09,79.6900,268,1
2026-02-11,000333,14:49:12,79.6900,144,1
2026-02-11,000333,14:49:15,79.6800,28,2
2026-02-11,000333,14:49:18,79.6800,8,2
2026-02-11,000333,14:49:21,79.6900,13,1
2026-02-11,000333,14:49:24,79.6800,15,2
2026-02-11,000333,14:49:27,79.6800,21,2
2026-02-11,000333,14:49:30,79.6800,21,2
2026-02-11,000333,14:49:33,79.6800,22,2
2026-02-11,000333,14:49:36,79.6800,19,2
2026-02-11,000333,14:49:39,79.6900,31,1
2026-02-11,000333,14:49:42,79.6800,25,4
2026-02-11,000333,14:49:45,79.6700,16,2
2026-02-11,000333,14:49:48,79.6700,34,2
2026-02-11,000333,14:49:51,79.6900,577,1
2026-02-11,000333,14:49:54,79.6900,149,1
2026-02-11,000333,14:49:57,79.6800,26,4
2026-02-11,000333,14:50:00,79.6900,20,4
2026-02-11,000333,14:50:03,79.6600,93,2
2026-02-11,000333,14:50:06,79.6700,39,1
2026-02-11,000333,14:50:09,79.6600,14,4
2026-02-11,000333,14:50:12,79.6700,18,1
2026-02-11,000333,14:50:15,79.6800,15,1
2026-02-11,000333,14:50:18,79.6600,14,2
2026-02-11,000333,14:50:21,79.6600,9,2
2026-02-11,000333,14:50:24,79.6700,12,1
2026-02-11,000333,14:50:27,79.6600,43,2
2026-02-11,000333,14:50:30,79.6600,14,1
2026-02-11,000333,14:50:33,79.6600,4,1
2026-02-11,000333,14:50:36,79.6600,8,1
2026-02-11,000333,14:50:39,79.6500,3,2
2026-02-11,000333,14:50:42,79.6600,53,1
2026-02-11,000333,14:50:45,79.6700,24,1
2026-02-11,000333,14:50:48,79.6500,116,2
2026-02-11,000333,14:50:51,79.6600,26,1
2026-02-11,000333,14:50:54,79.6500,3,2
2026-02-11,000333,14:50:57,79.6600,4,1
2026-02-11,000333,14:51:00,79.6600,12,1
2026-02-11,000333,14:51:03,79.6500,62,2
2026-02-11,000333,14:51:06,79.6500,14,1
2026-02-11,000333,14:51:09,79.6400,16,2
2026-02-11,000333,14:51:12,79.6400,28,2
2026-02-11,000333,14:51:15,79.6400,24,2
2026-02-11,000333,14:51:18,79.6400,25,2
2026-02-11,000333,14:51:21,79.6400,22,2
2026-02-11,000333,14:51:24,79.6500,21,1
2026-02-11,000333,14:51:27,79.6400,17,4
2026-02-11,000333,14:51:30,79.6400,124,2
2026-02-11,000333,14:51:33,79.6400,27,2
2026-02-11,000333,14:51:36,79.6400,10,1
2026-02-11,000333,14:51:39,79.6400,6,2
2026-02-11,000333,14:51:42,79.6300,161,2
2026-02-11,000333,14:51:45,79.6300,28,2
2026-02-11,000333,14:51:48,79.6300,11,2
2026-02-11,000333,14:51:51,79.6300,15,2
2026-02-11,000333,14:51:54,79.6300,67,2
2026-02-11,000333,14:51:57,79.6300,64,2
2026-02-11,000333,14:52:00,79.6400,16,4
2026-02-11,000333,14:52:03,79.6200,51,2
2026-02-11,000333,14:52:06,79.6300,30,1
2026-02-11,000333,14:52:09,79.6300,44,1
2026-02-11,000333,14:52:12,79.6200,99,2
2026-02-11,000333,14:52:15,79.6400,60,1
2026-02-11,000333,14:52:18,79.6300,47,2
2026-02-11,000333,14:52:21,79.6200,33,2
2026-02-11,000333,14:52:24,79.6300,113,1
2026-02-11,000333,14:52:27,79.6300,66,1
2026-02-11,000333,14:52:30,79.6200,44,2
2026-02-11,000333,14:52:33,79.6400,67,1
2026-02-11,000333,14:52:36,79.6400,8,1
2026-02-11,000333,14:52:39,79.6500,23,1
2026-02-11,000333,14:52:42,79.6300,91,2
2026-02-11,000333,14:52:45,79.6500,51,1
2026-02-11,000333,14:52:48,79.6400,7,4
2026-02-11,000333,14:52:51,79.6400,2,1
2026-02-11,000333,14:52:54,79.6300,45,2
2026-02-11,000333,14:52:57,79.6300,10,1
2026-02-11,000333,14:53:00,79.6300,76,1
2026-02-11,000333,14:53:03,79.6300,35,1
2026-02-11,000333,14:53:06,79.6400,20,1
2026-02-11,000333,14:53:09,79.6300,59,2
2026-02-11,000333,14:53:12,79.6300,18,4
2026-02-11,000333,14:53:15,79.6200,39,2
2026-02-11,000333,14:53:18,79.6200,374,2
2026-02-11,000333,14:53:21,79.6300,287,1
2026-02-11,000333,14:53:24,79.6300,52,4
2026-02-11,000333,14:53:27,79.6400,23,1
2026-02-11,000333,14:53:30,79.6300,28,4
2026-02-11,000333,14:53:33,79.6300,12,1
2026-02-11,000333,14:53:36,79.6200,51,2
2026-02-11,000333,14:53:39,79.6200,92,1
2026-02-11,000333,14:53:42,79.6100,117,2
2026-02-11,000333,14:53:45,79.6100,64,2
2026-02-11,000333,14:53:48,79.6200,33,1
2026-02-11,000333,14:53:51,79.6100,21,2
2026-02-11,000333,14:53:54,79.6200,184,1
2026-02-11,000333,14:53:57,79.6100,45,2
2026-02-11,000333,14:54:00,79.6200,8,1
2026-02-11,000333,14:54:03,79.6100,173,2
2026-02-11,000333,14:54:06,79.6300,231,1
2026-02-11,000333,14:54:09,79.6300,32,1
2026-02-11,000333,14:54:12,79.6300,21,1
2026-02-11,000333,14:54:15,79.6200,3,2
2026-02-11,000333,14:54:18,79.6300,36,1
2026-02-11,000333,14:54:21,79.6200,19,2
2026-02-11,000333,14:54:24,79.6200,50,2
2026-02-11,000333,14:54:27,79.6300,20,1
2026-02-11,000333,14:54:30,79.6200,26,2
2026-02-11,000333,14:54:33,79.6300,54,1
2026-02-11,000333,14:54:36,79.6200,44,2
2026-02-11,000333,14:54:39,79.6200,21,1
2026-02-11,000333,14:54:42,79.6200,72,4
2026-02-11,000333,14:54:45,79.6100,109,2
2026-02-11,000333,14:54:48,79.6200,46,1
2026-02-11,000333,14:54:51,79.6300,12,1
2026-02-11,000333,14:54:54,79.6200,92,2
2026-02-11,000333,14:54:57,79.6200,26,1
2026-02-11,000333,14:55:00,79.6300,12,1
2026-02-11,000333,14:55:03,79.6200,9,4
2026-02-11,000333,14:55:06,79.6300,14,1
2026-02-11,000333,14:55:09,79.6100,72,2
2026-02-11,000333,14:55:12,79.6300,26,1
2026-02-11,000333,14:55:15,79.6000,94,2
2026-02-11,000333,14:55:18,79.6000,134,2
2026-02-11,000333,14:55:21,79.6100,59,2
2026-02-11,000333,14:55:24,79.6200,12,4
2026-02-11,000333,14:55:27,79.6200,30,2
2026-02-11,000333,14:55:30,79.6300,148,1
2026-02-11,000333,14:55:33,79.6400,70,1
2026-02-11,000333,14:55:36,79.6400,31,1
2026-02-11,000333,14:55:39,79.6300,224,2
2026-02-11,000333,14:55:42,79.6400,66,1
2026-02-11,000333,14:55:45,79.6400,20,1
2026-02-11,000333,14:55:48,79.6300,19,2
2026-02-11,000333,14:55:51,79.6300,32,2
2026-02-11,000333,14:55:54,79.6300,47,2
2026-02-11,000333,14:55:57,79.6400,144,1
2026-02-11,000333,14:56:00,79.6200,196,2
2026-02-11,000333,14:56:03,79.6200,148,2
2026-02-11,000333,14:56:06,79.6100,37,2
2026-02-11,000333,14:56:09,79.6200,11,2
2026-02-11,000333,14:56:12,79.6300,18,1
2026-02-11,000333,14:56:15,79.6200,115,2
2026-02-11,000333,14:56:18,79.6400,39,4
2026-02-11,000333,14:56:21,79.6400,99,2
2026-02-11,000333,14:56:24,79.6400,35,4
2026-02-11,000333,14:56:27,79.6300,119,2
2026-02-11,000333,14:56:30,79.6500,36,1
2026-02-11,000333,14:56:33,79.6400,28,1
2026-02-11,000333,14:56:36,79.6500,5,1
2026-02-11,000333,14:56:39,79.6300,29,2
2026-02-11,000333,14:56:42,79.6500,105,1
2026-02-11,000333,14:56:45,79.6200,37,2
2026-02-11,000333,14:56:48,79.6100,95,2
2026-02-11,000333,14:56:51,79.6500,19,1
2026-02-11,000333,14:56:54,79.6100,100,2
2026-02-11,000333,14:56:57,79.6200,155,1
2026-02-11,000333,14:57:00,79.6500,20,1
2026-02-11,000333,15:00:00,79.6900,2089,4
2026-02-11,000333,13:13:39,79.9000,17,1
2026-02-11,000333,13:13:42,79.8900,22,2
2026-02-11,000333,13:13:45,79.9000,11,1
2026-02-11,000333,13:13:48,79.9000,15,1
2026-02-11,000333,13:13:51,79.9000,10,1
2026-02-11,000333,13:13:54,79.9000,9,1
2026-02-11,000333,13:13:57,79.9000,488,1
2026-02-11,000333,13:14:00,79.9000,238,1
2026-02-11,000333,13:14:03,79.9000,56,1
2026-02-11,000333,13:14:06,79.9000,92,1
2026-02-11,000333,13:14:09,79.8800,88,2
2026-02-11,000333,13:14:12,79.9000,17,1
2026-02-11,000333,13:14:15,79.8800,44,2
2026-02-11,000333,13:14:18,79.9000,16,1
2026-02-11,000333,13:14:21,79.8900,27,2
2026-02-11,000333,13:14:24,79.9000,17,1
2026-02-11,000333,13:14:27,79.8800,25,2
2026-02-11,000333,13:14:30,79.8800,35,2
2026-02-11,000333,13:14:33,79.8800,6,2
2026-02-11,000333,13:14:36,79.8800,521,2
2026-02-11,000333,13:14:39,79.9000,115,1
2026-02-11,000333,13:14:42,79.8900,40,2
2026-02-11,000333,13:14:45,79.8700,36,2
2026-02-11,000333,13:14:48,79.8900,54,4
2026-02-11,000333,13:14:51,79.8700,45,2
2026-02-11,000333,13:14:54,79.9000,39,1
2026-02-11,000333,13:14:57,79.8900,40,4
2026-02-11,000333,13:15:00,79.8900,32,1
2026-02-11,000333,13:15:03,79.8700,21,2
2026-02-11,000333,13:15:06,79.8700,7,1
2026-02-11,000333,13:15:09,79.8600,9,2
2026-02-11,000333,13:15:12,79.8700,12,1
2026-02-11,000333,13:15:15,79.8700,15,1
2026-02-11,000333,13:15:18,79.8600,4,2
2026-02-11,000333,13:15:21,79.8700,32,1
2026-02-11,000333,13:15:24,79.8800,143,1
2026-02-11,000333,13:15:27,79.8700,212,2
2026-02-11,000333,13:15:30,79.9300,790,1
2026-02-11,000333,13:15:33,79.9300,276,2
2026-02-11,000333,13:15:36,79.9300,118,2
2026-02-11,000333,13:15:39,79.9100,101,2
2026-02-11,000333,13:15:42,79.9300,48,1
2026-02-11,000333,13:15:45,79.9100,31,2
2026-02-11,000333,13:15:48,79.9200,86,1
2026-02-11,000333,13:15:51,79.9400,19,1
2026-02-11,000333,13:15:54,79.9300,21,2
2026-02-11,000333,13:15:57,79.9200,5,2
2026-02-11,000333,13:16:00,79.9100,9,2
2026-02-11,000333,13:16:03,79.9100,1,2
2026-02-11,000333,13:16:06,79.9100,4,2
2026-02-11,000333,13:16:09,79.9100,2,2
2026-02-11,000333,13:16:12,79.9100,1,2
2026-02-11,000333,13:16:15,79.9100,6,2
2026-02-11,000333,13:16:18,79.9200,3,1
2026-02-11,000333,13:16:21,79.9100,15,2
2026-02-11,000333,13:16:24,79.9100,23,2
2026-02-11,000333,13:16:27,79.9100,21,2
2026-02-11,000333,13:16:30,79.9200,14,1
2026-02-11,000333,13:16:33,79.9200,11,1
2026-02-11,000333,13:16:36,79.9100,10,2
2026-02-11,000333,13:16:39,79.9100,38,2
2026-02-11,000333,13:16:42,79.9100,32,2
2026-02-11,000333,13:16:45,79.9200,21,1
2026-02-11,000333,13:16:48,79.9100,38,1
2026-02-11,000333,13:16:51,79.9000,16,2
2026-02-11,000333,13:16:54,79.9100,12,2
2026-02-11,000333,13:16:57,79.9100,18,2
2026-02-11,000333,13:17:00,79.9100,2,2
2026-02-11,000333,13:17:03,79.9100,12,2
2026-02-11,000333,13:17:06,79.9200,66,1
2026-02-11,000333,13:17:09,79.9300,60,1
2026-02-11,000333,13:17:12,79.9300,71,1
2026-02-11,000333,13:17:15,79.9300,32,2
2026-02-11,000333,13:17:18,79.9300,14,2
2026-02-11,000333,13:17:21,79.9300,9,2
2026-02-11,000333,13:17:24,79.9400,2,1
2026-02-11,000333,13:17:27,79.9400,1,1
2026-02-11,000333,13:17:30,79.9400,5,1
2026-02-11,000333,13:17:33,79.9200,80,2
2026-02-11,000333,13:17:36,79.9400,17,1
2026-02-11,000333,13:17:39,79.9300,8,2
2026-02-11,000333,13:17:42,79.9300,34,2
2026-02-11,000333,13:17:45,79.9200,24,2
2026-02-11,000333,13:17:48,79.9300,5,1
2026-02-11,000333,13:17:51,79.9300,11,1
2026-02-11,000333,13:17:54,79.9200,17,2
2026-02-11,000333,13:17:57,79.9200,23,2
2026-02-11,000333,13:18:00,79.9200,18,2
2026-02-11,000333,13:18:03,79.9300,17,1
2026-02-11,000333,13:18:06,79.9200,104,2
2026-02-11,000333,13:18:09,79.9300,48,1
2026-02-11,000333,13:18:12,79.9200,21,1
2026-02-11,000333,13:18:15,79.9000,16,2
2026-02-11,000333,13:18:18,79.9200,17,1
2026-02-11,000333,13:18:21,79.9200,35,1
2026-02-11,000333,13:18:24,79.9000,26,2
2026-02-11,000333,13:18:30,79.9000,6,2
2026-02-11,000333,13:18:33,79.9100,7,2
2026-02-11,000333,13:18:36,79.9200,5,1
2026-02-11,000333,13:18:39,79.9000,90,2
2026-02-11,000333,13:18:42,79.9000,46,1
2026-02-11,000333,13:18:45,79.9000,43,2
2026-02-11,000333,13:18:48,79.8900,11,2
2026-02-11,000333,13:18:51,79.8900,7,2
2026-02-11,000333,13:18:54,79.8900,27,2
2026-02-11,000333,13:18:57,79.8800,53,2
2026-02-11,000333,13:19:00,79.8900,44,1
2026-02-11,000333,13:19:03,79.9100,34,1
2026-02-11,000333,13:19:06,79.9000,25,2
2026-02-11,000333,13:19:09,79.9200,9,1
2026-02-11,000333,13:19:12,79.9000,24,2
2026-02-11,000333,13:19:15,79.9100,12,1
2026-02-11,000333,13:19:18,79.9100,16,2
2026-02-11,000333,13:19:21,79.9100,29,2
2026-02-11,000333,13:19:24,79.9100,25,2
2026-02-11,000333,13:19:27,79.9100,7,1
2026-02-11,000333,13:19:30,79.9000,14,2
2026-02-11,000333,13:19:33,79.9100,10,1
2026-02-11,000333,13:19:36,79.9000,8,2
2026-02-11,000333,13:19:39,79.9000,6,2
2026-02-11,000333,13:19:42,79.9000,10,2
2026-02-11,000333,13:19:45,79.9000,18,2
2026-02-11,000333,13:19:48,79.9000,36,2
2026-02-11,000333,13:19:51,79.9000,26,2
2026-02-11,000333,13:19:54,79.9100,17,1
2026-02-11,000333,13:19:57,79.9000,31,2
2026-02-11,000333,13:20:00,79.9000,20,1
2026-02-11,000333,13:20:03,79.9000,26,1
2026-02-11,000333,13:20:06,79.9000,11,1
2026-02-11,000333,13:20:12,79.9000,14,1
2026-02-11,000333,13:20:15,79.9100,21,1
2026-02-11,000333,13:20:18,79.9200,25,1
2026-02-11,000333,13:20:21,79.9200,45,1
2026-02-11,000333,13:20:24,79.9200,22,2
2026-02-11,000333,13:20:27,79.9300,21,1
2026-02-11,000333,13:20:30,79.9300,52,1
2026-02-11,000333,13:20:36,79.9300,116,2
2026-02-11,000333,13:20:39,79.9300,40,2
2026-02-11,000333,13:20:42,79.9400,2,1
2026-02-11,000333,13:20:45,79.9300,59,2
2026-02-11,000333,13:20:48,79.9400,7,1
2026-02-11,000333,13:20:51,79.9400,24,1
2026-02-11,000333,13:20:54,79.9400,5,1
2026-02-11,000333,13:20:57,79.9300,36,2
2026-02-11,000333,13:21:00,79.9300,7,2
2026-02-11,000333,13:21:03,79.9300,5,2
2026-02-11,000333,13:21:06,79.9400,5,1
2026-02-11,000333,13:21:09,79.9300,18,2
2026-02-11,000333,13:21:12,79.9300,2,2
2026-02-11,000333,13:21:15,79.9300,20,2
2026-02-11,000333,13:21:18,79.9300,13,2
2026-02-11,000333,13:21:21,79.9300,23,1
2026-02-11,000333,13:21:24,79.9300,20,1
2026-02-11,000333,13:21:27,79.9300,3,1
2026-02-11,000333,13:21:30,79.9200,6,2
2026-02-11,000333,13:21:36,79.9200,3,2
2026-02-11,000333,13:21:39,79.9300,26,1
2026-02-11,000333,13:21:42,79.9200,41,2
2026-02-11,000333,13:21:45,79.9300,9,1
2026-02-11,000333,13:21:48,79.9300,5,1
2026-02-11,000333,13:21:51,79.9300,35,1
2026-02-11,000333,13:21:54,79.9400,137,1
2026-02-11,000333,13:21:57,79.9400,58,2
2026-02-11,000333,13:22:00,79.9400,55,1
2026-02-11,000333,13:22:03,79.9400,25,1
2026-02-11,000333,13:22:06,79.9400,9,1
2026-02-11,000333,13:22:09,79.9500,32,1
2026-02-11,000333,13:22:12,79.9500,36,1
2026-02-11,000333,13:22:15,79.9500,56,1
2026-02-11,000333,13:22:18,79.9500,84,1
2026-02-11,000333,13:22:21,79.9500,31,1
2026-02-11,000333,13:22:24,79.9400,27,2
2026-02-11,000333,13:22:27,79.9500,23,1
2026-02-11,000333,13:22:30,79.9600,118,1
2026-02-11,000333,13:22:33,79.9500,78,2
2026-02-11,000333,13:22:36,79.9500,28,2
2026-02-11,000333,13:22:39,79.9500,13,1
2026-02-11,000333,13:22:42,79.9500,22,1
2026-02-11,000333,13:22:45,79.9500,48,1
2026-02-11,000333,13:22:48,79.9500,41,2
2026-02-11,000333,13:22:51,79.9400,13,2
2026-02-11,000333,13:22:54,79.9500,5,2
2026-02-11,000333,13:22:57,79.9500,11,2
2026-02-11,000333,13:23:00,79.9500,18,1
2026-02-11,000333,13:23:03,79.9400,22,2
2026-02-11,000333,13:23:06,79.9400,36,2
2026-02-11,000333,13:23:12,79.9400,21,2
2026-02-11,000333,13:23:15,79.9400,13,2
2026-02-11,000333,13:23:18,79.9300,4,2
2026-02-11,000333,13:23:24,79.9300,4,2
2026-02-11,000333,13:23:30,79.9400,10,1
2026-02-11,000333,13:23:33,79.9400,14,1
2026-02-11,000333,13:23:36,79.9400,1,1
2026-02-11,000333,13:23:39,79.9300,20,2
2026-02-11,000333,13:23:42,79.9300,9,2
2026-02-11,000333,13:23:45,79.9300,20,2
2026-02-11,000333,13:23:48,79.9400,6,1
2026-02-11,000333,13:23:51,79.9400,40,1
2026-02-11,000333,13:23:54,79.9200,6,2
2026-02-11,000333,13:23:57,79.9400,13,1
2026-02-11,000333,13:24:00,79.9300,26,2
2026-02-11,000333,13:24:03,79.9500,69,1
2026-02-11,000333,13:24:06,79.9500,22,2
2026-02-11,000333,13:24:09,79.9600,21,1
2026-02-11,000333,13:24:12,79.9500,49,2
2026-02-11,000333,13:24:15,79.9700,642,1
2026-02-11,000333,13:24:18,79.9800,181,1
2026-02-11,000333,13:24:21,79.9800,32,1
2026-02-11,000333,13:24:24,79.9900,290,1
2026-02-11,000333,13:24:27,79.9900,40,1
2026-02-11,000333,13:24:30,79.9800,6,2
2026-02-11,000333,13:24:33,79.9900,11,1
2026-02-11,000333,13:24:36,79.9800,3,2
2026-02-11,000333,13:24:39,79.9900,1,1
2026-02-11,000333,13:24:42,79.9800,15,2
2026-02-11,000333,13:24:45,79.9900,52,1
2026-02-11,000333,13:24:48,80.0000,115,1
2026-02-11,000333,13:24:51,80.0000,100,1
2026-02-11,000333,13:24:54,80.0000,21,1
2026-02-11,000333,13:24:57,80.0000,38,1
2026-02-11,000333,13:25:00,80.0000,27,1
2026-02-11,000333,13:25:03,80.0000,15,1
2026-02-11,000333,13:25:06,80.0000,490,1
2026-02-11,000333,13:25:09,79.9800,331,2
2026-02-11,000333,13:25:12,79.9800,228,4
2026-02-11,000333,13:25:15,79.9200,57,2
2026-02-11,000333,13:25:18,79.9600,1,1
2026-02-11,000333,13:25:21,79.9400,11,2
2026-02-11,000333,13:25:24,79.9300,124,2
2026-02-11,000333,13:25:27,79.9800,19,1
2026-02-11,000333,13:25:30,79.9200,5,2
2026-02-11,000333,13:25:33,79.9200,4,2
2026-02-11,000333,13:25:36,79.9600,13,1
2026-02-11,000333,13:25:39,79.9200,1,2
2026-02-11,000333,13:25:45,79.9200,12,2
2026-02-11,000333,13:25:51,79.9500,2,1
2026-02-11,000333,13:25:54,79.9300,20,2
2026-02-11,000333,13:25:57,79.9400,6,4
2026-02-11,000333,13:26:00,79.9300,10,2
2026-02-11,000333,13:26:03,79.9300,2,4
2026-02-11,000333,13:26:06,79.9300,2,2
2026-02-11,000333,13:26:09,79.9300,26,2
2026-02-11,000333,13:26:12,79.9300,9,2
2026-02-11,000333,13:26:15,79.9300,4,2
2026-02-11,000333,13:26:18,79.9200,29,2
2026-02-11,000333,13:26:21,79.9100,126,2
2026-02-11,000333,13:26:24,79.9100,29,2
2026-02-11,000333,13:26:27,79.9100,30,2
2026-02-11,000333,13:26:30,79.9000,108,2
2026-02-11,000333,13:26:33,79.8900,61,2
2026-02-11,000333,13:26:36,79.8900,10,2
2026-02-11,000333,13:26:39,79.8900,9,2
2026-02-11,000333,13:26:42,79.8800,22,2
2026-02-11,000333,13:26:45,79.8900,6,1
2026-02-11,000333,13:26:48,79.8800,4,4
2026-02-11,000333,13:26:51,79.8800,3,2
2026-02-11,000333,13:26:54,79.8900,3,1
2026-02-11,000333,13:26:57,79.8800,21,2
2026-02-11,000333,13:27:00,79.8800,6,2
2026-02-11,000333,13:27:03,79.8800,20,2
2026-02-11,000333,13:27:06,79.8800,19,2
2026-02-11,000333,13:27:09,79.8800,9,2
2026-02-11,000333,13:27:18,79.8800,4,2
2026-02-11,000333,13:27:21,79.8800,15,2
2026-02-11,000333,13:27:24,79.8800,17,2
2026-02-11,000333,13:27:27,79.8900,6,1
2026-02-11,000333,13:27:30,79.8800,11,2
2026-02-11,000333,13:27:33,79.8900,27,1
2026-02-11,000333,13:27:36,79.8800,18,2
2026-02-11,000333,13:27:42,79.8800,1,2
2026-02-11,000333,13:27:48,79.8800,1,2
2026-02-11,000333,13:27:51,79.8800,13,2
2026-02-11,000333,13:27:54,79.8800,1,2
2026-02-11,000333,13:28:00,79.8800,10,2
2026-02-11,000333,13:28:03,79.9000,20,1
2026-02-11,000333,13:28:09,79.8900,8,2
2026-02-11,000333,13:28:12,79.8900,14,2
2026-02-11,000333,13:28:15,79.8900,5,2
2026-02-11,000333,13:28:18,79.9000,5,1
2026-02-11,000333,13:28:21,79.9000,4,1
2026-02-11,000333,13:28:24,79.9000,6,1
2026-02-11,000333,13:28:27,79.9000,5,1
2026-02-11,000333,13:28:33,79.8900,52,2
2026-02-11,000333,13:28:36,79.8900,25,2
2026-02-11,000333,13:28:42,79.8900,1,2
2026-02-11,000333,13:28:45,79.9000,10,1
2026-02-11,000333,13:28:48,79.9100,91,1
2026-02-11,000333,13:28:51,79.9100,14,1
2026-02-11,000333,13:28:54,79.9100,24,1
2026-02-11,000333,13:28:57,79.9000,2,2
2026-02-11,000333,13:29:00,79.9000,3,2
2026-02-11,000333,13:29:03,79.9000,1,2
2026-02-11,000333,13:29:06,79.9000,15,2
2026-02-11,000333,13:29:09,79.9000,6,2
2026-02-11,000333,13:29:12,79.9100,5,1
2026-02-11,000333,13:29:15,79.9000,5,2
2026-02-11,000333,13:29:21,79.9100,7,1
2026-02-11,000333,13:29:24,79.9100,5,1
2026-02-11,000333,13:29:27,79.9000,13,2
2026-02-11,000333,13:29:30,79.9100,8,1
2026-02-11,000333,13:29:33,79.9000,35,2
2026-02-11,000333,13:29:36,79.9000,12,2
2026-02-11,000333,13:29:39,79.9000,40,2
2026-02-11,000333,13:29:42,79.9000,72,2
2026-02-11,000333,13:29:45,79.8800,43,2
2026-02-11,000333,13:29:48,79.8900,16,1
2026-02-11,000333,13:29:51,79.8900,18,1
2026-02-11,000333,13:29:54,79.8900,13,1
2026-02-11,000333,13:30:00,79.8700,17,2
2026-02-11,000333,13:30:03,79.8900,10,1
2026-02-11,000333,13:30:06,79.8900,16,1
2026-02-11,000333,13:30:09,79.8800,21,2
2026-02-11,000333,13:30:12,79.8900,12,1
2026-02-11,000333,13:30:15,79.8900,3,1
2026-02-11,000333,13:30:18,79.8800,26,2
2026-02-11,000333,13:30:21,79.8900,9,1
2026-02-11,000333,13:30:24,79.8900,18,1
2026-02-11,000333,13:30:27,79.9000,2,1
2026-02-11,000333,13:30:30,79.8900,13,1
2026-02-11,000333,13:30:33,79.8900,17,1
2026-02-11,000333,13:30:36,79.8800,8,2
2026-02-11,000333,13:30:39,79.8800,25,2
2026-02-11,000333,13:30:42,79.8800,7,2
2026-02-11,000333,13:30:45,79.8800,43,2
2026-02-11,000333,13:30:48,79.8900,28,1
2026-02-11,000333,13:30:51,79.8700,21,2
2026-02-11,000333,13:30:54,79.8700,15,2
2026-02-11,000333,13:30:57,79.8700,33,2
2026-02-11,000333,13:31:00,79.8700,19,1
2026-02-11,000333,13:31:03,79.8700,12,1
2026-02-11,000333,13:31:06,79.8700,48,1
2026-02-11,000333,13:31:09,79.8700,26,1
2026-02-11,000333,13:31:12,79.8600,26,2
2026-02-11,000333,13:31:15,79.8700,3,1
2026-02-11,000333,13:31:18,79.8600,19,2
2026-02-11,000333,13:31:21,79.8600,12,2
2026-02-11,000333,13:31:24,79.8600,66,2
2026-02-11,000333,13:31:27,79.8600,164,2
2026-02-11,000333,13:31:30,79.8400,66,2
2026-02-11,000333,13:31:33,79.8400,3,2
2026-02-11,000333,13:31:36,79.8300,58,2
2026-02-11,000333,13:31:39,79.8300,19,2
2026-02-11,000333,13:31:42,79.8300,40,2
2026-02-11,000333,13:31:45,79.8100,3,2
2026-02-11,000333,13:31:48,79.8100,12,2
2026-02-11,000333,13:31:51,79.8100,18,1
2026-02-11,000333,13:31:54,79.8100,22,1
2026-02-11,000333,13:31:57,79.8100,32,1
2026-02-11,000333,13:32:00,79.8000,30,2
2026-02-11,000333,13:32:03,79.8200,203,1
2026-02-11,000333,13:32:06,79.8100,51,4
2026-02-11,000333,13:32:12,79.8100,8,2
2026-02-11,000333,13:32:15,79.8100,48,2
2026-02-11,000333,13:32:18,79.8200,32,1
2026-02-11,000333,13:32:21,79.8200,6,1
2026-02-11,000333,13:32:24,79.8200,15,1
2026-02-11,000333,13:32:27,79.8200,12,1
2026-02-11,000333,13:32:33,79.8200,12,1
2026-02-11,000333,13:32:36,79.8200,9,1
2026-02-11,000333,13:32:39,79.8200,10,2
2026-02-11,000333,13:32:42,79.8300,30,1
2026-02-11,000333,13:32:45,79.8200,33,2
2026-02-11,000333,13:32:48,79.8200,16,2
2026-02-11,000333,13:32:51,79.8300,22,1
2026-02-11,000333,13:32:54,79.8200,13,2
2026-02-11,000333,13:32:57,79.8200,12,2
2026-02-11,000333,13:33:00,79.8300,1,1
2026-02-11,000333,13:33:03,79.8300,29,1
2026-02-11,000333,13:33:06,79.8300,19,1
2026-02-11,000333,13:33:09,79.8300,5,1
2026-02-11,000333,13:33:12,79.8300,28,1
2026-02-11,000333,13:33:15,79.8400,13,1
2026-02-11,000333,13:33:18,79.8300,26,2
2026-02-11,000333,13:33:21,79.8300,8,1
2026-02-11,000333,13:33:24,79.8300,17,1
2026-02-11,000333,13:33:33,79.8300,92,1
2026-02-11,000333,13:33:36,79.8300,62,1
2026-02-11,000333,13:33:39,79.8300,33,1
2026-02-11,000333,13:33:42,79.8000,47,2
2026-02-11,000333,13:33:45,79.8200,14,1
2026-02-11,000333,13:33:48,79.8000,31,2
2026-02-11,000333,13:33:51,79.7900,76,2
2026-02-11,000333,13:33:54,79.8000,107,1
2026-02-11,000333,13:33:57,79.7900,25,2
2026-02-11,000333,13:34:00,79.7800,29,2
2026-02-11,000333,13:34:03,79.7800,4,2
2026-02-11,000333,13:34:06,79.7900,23,1
2026-02-11,000333,13:34:09,79.7900,8,1
2026-02-11,000333,13:34:12,79.7800,20,2
2026-02-11,000333,13:34:15,79.7800,5,2
2026-02-11,000333,13:34:18,79.7800,25,2
2026-02-11,000333,13:34:21,79.7700,2,2
2026-02-11,000333,13:34:24,79.7800,14,1
2026-02-11,000333,13:34:27,79.7800,24,1
2026-02-11,000333,13:34:30,79.7700,30,2
2026-02-11,000333,13:34:33,79.7700,14,2
2026-02-11,000333,13:34:36,79.7600,81,2
2026-02-11,000333,13:34:39,79.7700,16,4
2026-02-11,000333,13:34:42,79.7600,30,2
2026-02-11,000333,13:34:45,79.7600,16,2
2026-02-11,000333,13:34:51,79.7500,8,2
2026-02-11,000333,13:34:54,79.7500,27,2
2026-02-11,000333,13:34:57,79.7500,6,2
2026-02-11,000333,13:35:00,79.7500,16,2
2026-02-11,000333,13:35:03,79.7600,132,1
2026-02-11,000333,13:35:06,79.7600,19,1
2026-02-11,000333,13:35:09,79.7500,17,2
2026-02-11,000333,13:35:12,79.7600,15,1
2026-02-11,000333,13:35:15,79.7600,8,1
2026-02-11,000333,13:35:18,79.7600,5,2
2026-02-11,000333,13:35:21,79.7800,405,1
2026-02-11,000333,13:35:24,79.7700,69,2
2026-02-11,000333,13:35:30,79.8000,24,1
2026-02-11,000333,13:35:33,79.8100,36,1
2026-02-11,000333,13:35:36,79.8000,30,1
2026-02-11,000333,13:35:39,79.8000,6,1
2026-02-11,000333,13:35:42,79.8000,15,1
2026-02-11,000333,13:35:45,79.7900,17,2
2026-02-11,000333,13:35:48,79.8000,17,1
2026-02-11,000333,13:35:51,79.7800,18,2
2026-02-11,000333,13:35:54,79.7900,4,1
2026-02-11,000333,13:35:57,79.7900,4,1
2026-02-11,000333,13:36:00,79.7900,12,1
2026-02-11,000333,13:36:03,79.7900,37,1
2026-02-11,000333,13:36:06,79.8000,11,1
2026-02-11,000333,13:36:09,79.8000,9,1
2026-02-11,000333,13:36:12,79.8000,11,1
2026-02-11,000333,13:36:15,79.8000,6,1
2026-02-11,000333,13:36:18,79.8000,80,1
2026-02-11,000333,13:36:21,79.8000,20,1
2026-02-11,000333,13:36:24,79.8100,26,1
2026-02-11,000333,13:36:27,79.7900,3,2
2026-02-11,000333,13:36:36,79.8000,3,1
2026-02-11,000333,13:36:42,79.7900,27,2
2026-02-11,000333,13:36:45,79.7900,21,2
2026-02-11,000333,13:36:48,79.8000,23,1
2026-02-11,000333,13:36:51,79.8000,5,2
2026-02-11,000333,13:36:54,79.8100,30,1
2026-02-11,000333,13:36:57,79.8000,14,2
2026-02-11,000333,13:37:00,79.8000,14,2
2026-02-11,000333,13:37:03,79.8100,5,1
2026-02-11,000333,13:37:06,79.7900,26,2
2026-02-11,000333,13:37:09,79.7900,14,2
2026-02-11,000333,13:37:12,79.8000,165,1
2026-02-11,000333,13:37:15,79.8000,60,1
2026-02-11,000333,13:37:18,79.7900,6,2
2026-02-11,000333,13:37:21,79.8000,2,1
2026-02-11,000333,13:37:24,79.7800,13,2
2026-02-11,000333,13:37:30,79.7800,27,2
2026-02-11,000333,13:37:33,79.7800,9,2
2026-02-11,000333,13:37:36,79.7800,14,2
2026-02-11,000333,13:37:39,79.7900,9,1
2026-02-11,000333,13:37:42,79.7900,391,1
2026-02-11,000333,13:37:45,79.7700,79,2
2026-02-11,000333,13:37:48,79.7700,7,2
2026-02-11,000333,13:37:51,79.7700,54,1
2026-02-11,000333,13:37:54,79.7700,48,1
2026-02-11,000333,13:37:57,79.7500,3,2
2026-02-11,000333,13:38:00,79.7500,15,2
2026-02-11,000333,13:38:03,79.7500,13,2
2026-02-11,000333,13:38:06,79.7600,5,1
2026-02-11,000333,13:38:09,79.7500,28,2
2026-02-11,000333,13:38:12,79.7500,2,2
2026-02-11,000333,13:38:15,79.7500,14,2
2026-02-11,000333,13:38:18,79.7600,29,1
2026-02-11,000333,13:38:21,79.7500,20,2
2026-02-11,000333,13:38:30,79.7500,13,2
2026-02-11,000333,13:38:33,79.7500,2,2
2026-02-11,000333,13:38:36,79.7500,57,2
2026-02-11,000333,13:38:39,79.7500,25,2
2026-02-11,000333,13:38:42,79.7500,8,2
2026-02-11,000333,13:38:45,79.7500,12,2
2026-02-11,000333,13:38:48,79.7500,13,2
2026-02-11,000333,13:38:51,79.7500,5,2
2026-02-11,000333,13:38:57,79.7500,21,2
2026-02-11,000333,13:39:00,79.7600,10,1
2026-02-11,000333,13:39:03,79.7600,26,1
2026-02-11,000333,13:39:06,79.7600,24,1
2026-02-11,000333,13:39:09,79.7600,44,1
2026-02-11,000333,13:39:12,79.7700,27,1
2026-02-11,000333,13:39:15,79.7600,3,2
2026-02-11,000333,13:39:18,79.7600,12,2
2026-02-11,000333,13:39:21,79.7600,6,2
2026-02-11,000333,13:39:24,79.7600,21,2
2026-02-11,000333,13:39:27,79.7600,20,2
2026-02-11,000333,13:39:30,79.7600,28,2
2026-02-11,000333,13:39:33,79.7700,1,1
2026-02-11,000333,13:39:36,79.8000,289,1
2026-02-11,000333,13:39:39,79.8100,34,1
2026-02-11,000333,13:39:42,79.8100,11,1
2026-02-11,000333,13:39:45,79.8000,11,2
2026-02-11,000333,13:39:51,79.8000,43,2
2026-02-11,000333,13:39:54,79.8000,21,1
2026-02-11,000333,13:39:57,79.8100,19,1
2026-02-11,000333,13:40:00,79.8000,16,2
2026-02-11,000333,13:40:03,79.8100,21,1
2026-02-11,000333,13:40:06,79.8100,13,1
2026-02-11,000333,13:40:09,79.8000,45,2
2026-02-11,000333,13:40:12,79.8000,7,2
2026-02-11,000333,13:40:15,79.8000,29,2
2026-02-11,000333,13:40:18,79.8100,31,1
2026-02-11,000333,13:40:21,79.8000,2,2
2026-02-11,000333,13:40:24,79.8100,17,1
2026-02-11,000333,13:40:27,79.8000,8,2
2026-02-11,000333,13:40:30,79.8000,10,2
2026-02-11,000333,13:40:33,79.7900,42,2
2026-02-11,000333,13:40:36,79.7900,40,2
2026-02-11,000333,13:40:39,79.7900,44,2
2026-02-11,000333,13:40:42,79.8100,19,1
2026-02-11,000333,13:40:45,79.7900,4,2
2026-02-11,000333,13:40:48,79.8000,12,1
2026-02-11,000333,13:40:51,79.7900,22,2
2026-02-11,000333,13:40:54,79.8000,26,1
2026-02-11,000333,13:40:57,79.8100,35,1
2026-02-11,000333,13:41:00,79.8000,9,2
2026-02-11,000333,13:41:03,79.8100,29,1
2026-02-11,000333,13:41:06,79.8000,22,2
2026-02-11,000333,13:41:09,79.8100,23,1
2026-02-11,000333,13:41:12,79.8000,22,2
2026-02-11,000333,13:41:15,79.8100,13,1
2026-02-11,000333,13:41:18,79.8000,6,2
2026-02-11,000333,13:41:21,79.7900,11,2
2026-02-11,000333,13:41:24,79.8000,27,2
2026-02-11,000333,13:41:27,79.8000,3,2
2026-02-11,000333,13:41:30,79.8000,7,2
2026-02-11,000333,13:41:33,79.8000,21,1
2026-02-11,000333,13:41:36,79.8000,15,1
2026-02-11,000333,13:41:39,79.8000,7,1
2026-02-11,000333,13:41:42,79.8000,15,1
2026-02-11,000333,13:41:45,79.8000,20,1
2026-02-11,000333,13:41:48,79.8000,2,1
2026-02-11,000333,13:41:51,79.7900,2,2
2026-02-11,000333,13:41:54,79.7900,7,2
2026-02-11,000333,13:41:57,79.7900,33,2
2026-02-11,000333,13:42:00,79.7900,18,2
2026-02-11,000333,13:42:03,79.7800,108,2
2026-02-11,000333,13:42:06,79.8000,15,1
2026-02-11,000333,13:42:09,79.7900,27,4
2026-02-11,000333,13:42:12,79.7900,27,2
2026-02-11,000333,13:42:15,79.8000,8,1
2026-02-11,000333,13:42:18,79.7500,411,2
2026-02-11,000333,13:42:21,79.8000,73,1
2026-02-11,000333,13:42:24,79.8000,6,1
2026-02-11,000333,13:42:27,79.7900,2,2
2026-02-11,000333,13:42:30,79.7800,7,2
2026-02-11,000333,13:42:33,79.7800,4,1
2026-02-11,000333,13:42:36,79.7700,21,2
2026-02-11,000333,13:42:39,79.7800,7,1
2026-02-11,000333,13:42:42,79.7800,12,1
2026-02-11,000333,13:42:45,79.7600,63,2
2026-02-11,000333,13:42:48,79.7600,63,1
2026-02-11,000333,13:42:51,79.7700,1,2
2026-02-11,000333,13:42:54,79.7600,29,2
2026-02-11,000333,13:42:57,79.7700,10,2
2026-02-11,000333,13:43:00,79.7700,8,1
2026-02-11,000333,13:43:03,79.7700,7,1
2026-02-11,000333,13:43:06,79.7600,30,2
2026-02-11,000333,13:43:09,79.7600,46,2
2026-02-11,000333,13:43:12,79.7600,26,1
2026-02-11,000333,13:43:15,79.7600,38,1
2026-02-11,000333,13:43:18,79.7500,3,2
2026-02-11,000333,13:43:21,79.7600,42,1
2026-02-11,000333,13:43:24,79.7700,16,1
2026-02-11,000333,13:43:27,79.7700,3,1
2026-02-11,000333,13:43:30,79.7700,14,1
2026-02-11,000333,13:43:33,79.7700,77,1
2026-02-11,000333,13:43:36,79.7800,37,1
2026-02-11,000333,13:43:39,79.7800,20,1
2026-02-11,000333,13:43:42,79.7800,74,1
2026-02-11,000333,13:43:45,79.7900,11,1
2026-02-11,000333,13:43:51,79.7900,33,1
2026-02-11,000333,13:43:54,79.7800,34,2
2026-02-11,000333,13:43:57,79.7800,9,2
2026-02-11,000333,13:44:00,79.7900,13,1
2026-02-11,000333,13:44:03,79.7800,41,2
2026-02-11,000333,13:44:06,79.7900,24,1
2026-02-11,000333,13:44:09,79.8000,16,1
2026-02-11,000333,13:44:12,79.8000,56,1
2026-02-11,000333,13:44:15,79.8000,12,1
2026-02-11,000333,13:44:18,79.8000,1,1
2026-02-11,000333,13:44:21,79.8000,20,1
2026-02-11,000333,13:44:24,79.8000,9,1
2026-02-11,000333,13:44:27,79.8000,2,1
2026-02-11,000333,13:44:30,79.8000,3,1
2026-02-11,000333,13:44:33,79.8000,12,1
2026-02-11,000333,13:44:36,79.8000,11,1
2026-02-11,000333,13:44:39,79.8000,2,1
2026-02-11,000333,13:44:42,79.8000,20,1
2026-02-11,000333,13:44:45,79.8000,91,2
2026-02-11,000333,13:44:48,79.8000,15,2
2026-02-11,000333,13:44:51,79.8100,221,1
2026-02-11,000333,13:44:54,79.8100,57,1
2026-02-11,000333,13:44:57,79.8000,29,2
2026-02-11,000333,13:45:00,79.8100,2,1
2026-02-11,000333,13:45:03,79.8200,11,1
2026-02-11,000333,13:45:06,79.8100,99,2
2026-02-11,000333,13:45:09,79.8100,25,2
2026-02-11,000333,13:45:12,79.8000,14,4
2026-02-11,000333,13:45:15,79.8000,13,1
2026-02-11,000333,13:45:18,79.8000,5,1
2026-02-11,000333,13:45:21,79.8000,15,1
2026-02-11,000333,13:45:24,79.8000,15,1
2026-02-11,000333,13:45:27,79.8000,22,1
2026-02-11,000333,13:45:33,79.8000,18,2
2026-02-11,000333,13:45:36,79.8000,3,1
2026-02-11,000333,13:45:39,79.8000,12,1
2026-02-11,000333,13:45:42,79.8000,30,1
2026-02-11,000333,13:45:45,79.8000,21,1
2026-02-11,000333,13:45:48,79.8000,72,1
2026-02-11,000333,13:45:51,79.8000,15,1
2026-02-11,000333,13:45:54,79.8000,5,2
2026-02-11,000333,13:45:57,79.8100,29,1
2026-02-11,000333,13:46:00,79.8100,17,1
2026-02-11,000333,13:46:03,79.8000,81,2
2026-02-11,000333,13:46:06,79.8100,21,1
2026-02-11,000333,13:46:09,79.8100,7,1
2026-02-11,000333,13:46:12,79.8100,92,1
2026-02-11,000333,13:46:15,79.8300,21,1
2026-02-11,000333,13:46:18,79.8300,130,1
2026-02-11,000333,13:46:21,79.8100,50,2
2026-02-11,000333,13:46:24,79.8300,2,1
2026-02-11,000333,13:46:27,79.8200,1,1
2026-02-11,000333,13:46:30,79.8100,33,2
2026-02-11,000333,13:46:33,79.8000,44,2
2026-02-11,000333,13:46:36,79.8200,5,1
2026-02-11,000333,13:46:42,79.8200,4,1
2026-02-11,000333,13:46:45,79.8100,5,1
2026-02-11,000333,13:46:48,79.8100,34,1
2026-02-11,000333,13:46:51,79.8300,29,1
2026-02-11,000333,13:46:57,79.8200,24,1
2026-02-11,000333,13:47:00,79.8200,15,1
2026-02-11,000333,13:47:03,79.8200,8,4
2026-02-11,000333,13:47:06,79.8300,25,1
2026-02-11,000333,13:47:09,79.8300,10,1
2026-02-11,000333,13:47:12,79.8300,8,1
2026-02-11,000333,13:47:18,79.8200,2,2
2026-02-11,000333,13:47:21,79.8200,8,2
2026-02-11,000333,13:47:24,79.8300,19,1
2026-02-11,000333,13:47:27,79.8300,7,1
2026-02-11,000333,13:47:30,79.8300,12,1
2026-02-11,000333,13:47:33,79.8200,36,2
2026-02-11,000333,13:47:36,79.8300,31,1
2026-02-11,000333,13:47:39,79.8300,15,1
2026-02-11,000333,13:47:42,79.8300,19,1
2026-02-11,000333,13:47:45,79.8200,7,2
2026-02-11,000333,13:47:48,79.8200,9,2
2026-02-11,000333,13:47:51,79.8300,184,1
2026-02-11,000333,13:47:54,79.8300,38,1
2026-02-11,000333,13:47:57,79.8300,26,2
2026-02-11,000333,13:48:00,79.8300,5,2
2026-02-11,000333,13:48:03,79.8400,266,1
2026-02-11,000333,13:48:06,79.8400,43,4
2026-02-11,000333,13:48:09,79.8500,35,1
2026-02-11,000333,13:48:12,79.8500,18,1
2026-02-11,000333,13:48:15,79.8500,7,1
2026-02-11,000333,13:48:18,79.8500,1,1
2026-02-11,000333,13:48:21,79.8500,4,1
2026-02-11,000333,13:48:24,79.8500,25,1
2026-02-11,000333,13:48:27,79.8400,22,2
2026-02-11,000333,13:48:30,79.8500,6,1
2026-02-11,000333,13:48:33,79.8500,9,1
2026-02-11,000333,13:48:36,79.8500,7,1
2026-02-11,000333,13:48:39,79.8500,20,1
2026-02-11,000333,13:48:42,79.8500,14,1
2026-02-11,000333,13:48:45,79.8500,8,1
2026-02-11,000333,13:48:48,79.8400,22,2
2026-02-11,000333,13:48:51,79.8500,5,1
2026-02-11,000333,13:48:54,79.8500,22,1
2026-02-11,000333,13:48:57,79.8500,46,1
2026-02-11,000333,13:49:00,79.8400,5,2
2026-02-11,000333,13:49:03,79.8500,18,1
2026-02-11,000333,13:49:06,79.8500,6,1
2026-02-11,000333,13:49:09,79.8400,3,2
2026-02-11,000333,13:49:12,79.8400,8,2
2026-02-11,000333,13:49:15,79.8400,10,2
2026-02-11,000333,13:49:18,79.8500,10,1
2026-02-11,000333,13:49:21,79.8500,30,1
2026-02-11,000333,13:49:24,79.8500,13,1
2026-02-11,000333,13:49:27,79.8500,27,2
2026-02-11,000333,13:49:30,79.8500,3,1
2026-02-11,000333,13:49:33,79.8600,13,1
2026-02-11,000333,13:49:36,79.8500,9,2
2026-02-11,000333,13:49:39,79.8700,102,1
2026-02-11,000333,13:49:42,79.8700,37,1
2026-02-11,000333,13:49:45,79.8700,5,1
2026-02-11,000333,13:49:48,79.8700,23,1
2026-02-11,000333,13:49:51,79.8500,182,2
2026-02-11,000333,13:49:54,79.8600,55,1
2026-02-11,000333,13:49:57,79.8500,1,1
2026-02-11,000333,13:50:03,79.8300,15,2
2026-02-11,000333,13:50:06,79.8300,109,2
2026-02-11,000333,13:50:09,79.8400,66,1
2026-02-11,000333,13:50:12,79.8300,15,2
2026-02-11,000333,13:50:15,79.8400,9,1
2026-02-11,000333,13:50:18,79.8300,20,1
2026-02-11,000333,13:50:21,79.8300,3,2
2026-02-11,000333,13:50:24,79.8200,15,2
2026-02-11,000333,13:50:27,79.8200,23,2
2026-02-11,000333,13:50:30,79.8200,9,2
2026-02-11,000333,13:50:33,79.8200,23,2
2026-02-11,000333,13:50:36,79.8200,8,2
2026-02-11,000333,13:50:39,79.8200,1,2
2026-02-11,000333,13:50:42,79.8200,24,2
2026-02-11,000333,13:50:48,79.8200,2,2
2026-02-11,000333,13:50:51,79.8200,7,2
2026-02-11,000333,13:50:54,79.8200,5,2
2026-02-11,000333,13:50:57,79.8200,12,2
2026-02-11,000333,13:51:00,79.8300,9,1
2026-02-11,000333,13:51:03,79.8200,103,2
2026-02-11,000333,13:51:06,79.8300,19,2
2026-02-11,000333,13:51:09,79.8400,8,2
2026-02-11,000333,13:51:12,79.8400,27,2
2026-02-11,000333,13:51:15,79.8400,6,4
2026-02-11,000333,13:51:18,79.8300,14,2
2026-02-11,000333,13:51:21,79.8300,13,1
2026-02-11,000333,13:51:24,79.8300,26,1
2026-02-11,000333,13:51:27,79.8200,10,2
2026-02-11,000333,13:51:30,79.8300,15,1
2026-02-11,000333,13:51:33,79.8400,3,1
2026-02-11,000333,13:51:36,79.8300,22,2
2026-02-11,000333,13:51:39,79.8500,5,1
2026-02-11,000333,13:51:42,79.8400,28,4
2026-02-11,000333,13:51:48,79.8400,4,1
2026-02-11,000333,13:51:51,79.8400,12,1
2026-02-11,000333,13:51:54,79.8400,28,1
2026-02-11,000333,13:51:57,79.8400,19,1
2026-02-11,000333,13:52:00,79.8400,5,1
2026-02-11,000333,13:52:03,79.8200,37,2
2026-02-11,000333,13:52:06,79.8200,25,2
2026-02-11,000333,13:52:09,79.8400,30,1
2026-02-11,000333,13:52:12,79.8400,50,1
2026-02-11,000333,13:52:15,79.8200,15,2
2026-02-11,000333,13:52:18,79.8300,10,1
2026-02-11,000333,13:52:21,79.8200,30,2
2026-02-11,000333,13:52:24,79.8200,10,2
2026-02-11,000333,13:52:30,79.8400,10,1
2026-02-11,000333,13:52:33,79.8400,24,1
2026-02-11,000333,13:52:36,79.8300,16,2
2026-02-11,000333,13:52:39,79.8300,3,1
2026-02-11,000333,13:52:42,79.8300,13,1
2026-02-11,000333,13:52:48,79.8300,4,1
2026-02-11,000333,13:52:54,79.8300,19,1
2026-02-11,000333,13:52:57,79.8200,49,2
2026-02-11,000333,13:53:00,79.8200,24,2
2026-02-11,000333,13:53:03,79.8300,42,1
2026-02-11,000333,13:53:06,79.8300,3,1
2026-02-11,000333,13:53:09,79.8200,57,2
2026-02-11,000333,13:53:12,79.8400,19,1
2026-02-11,000333,13:53:15,79.8300,1,1
2026-02-11,000333,13:53:18,79.8300,2,1
2026-02-11,000333,13:53:21,79.8300,3,1
2026-02-11,000333,13:53:24,79.8300,17,1
2026-02-11,000333,13:53:27,79.8300,9,1
2026-02-11,000333,13:53:33,79.8300,23,1
2026-02-11,000333,13:53:36,79.8300,5,1
2026-02-11,000333,13:53:42,79.8300,16,1
2026-02-11,000333,13:53:45,79.8300,1,1
2026-02-11,000333,13:53:51,79.8200,16,2
2026-02-11,000333,13:53:54,79.8200,2,2
2026-02-11,000333,13:53:57,79.8300,8,1
2026-02-11,000333,13:54:00,79.8200,13,2
2026-02-11,000333,13:54:03,79.8200,42,2
2026-02-11,000333,13:54:06,79.8200,10,2
2026-02-11,000333,13:54:09,79.8200,69,2
2026-02-11,000333,13:54:12,79.8200,11,2
2026-02-11,000333,13:54:15,79.8300,73,1
2026-02-11,000333,13:54:18,79.8100,242,2
2026-02-11,000333,13:54:21,79.8200,49,1
2026-02-11,000333,13:54:24,79.8200,5,1
2026-02-11,000333,13:54:27,79.8200,1,2
2026-02-11,000333,13:54:30,79.8100,28,2
2026-02-11,000333,13:54:33,79.8200,11,1
2026-02-11,000333,13:54:36,79.8200,30,1
2026-02-11,000333,13:54:39,79.8200,5,1
2026-02-11,000333,13:54:42,79.8200,16,1
2026-02-11,000333,13:54:45,79.8200,14,1
2026-02-11,000333,13:54:48,79.8200,2,1
2026-02-11,000333,13:54:51,79.8200,17,1
2026-02-11,000333,13:54:54,79.8100,25,2
2026-02-11,000333,13:54:57,79.8100,23,2
2026-02-11,000333,13:55:00,79.8100,10,2
2026-02-11,000333,13:55:03,79.7600,470,2
2026-02-11,000333,13:55:06,79.7600,79,2
2026-02-11,000333,13:55:09,79.7600,6,2
2026-02-11,000333,13:55:12,79.7700,12,2
2026-02-11,000333,13:55:15,79.7700,3,1
2026-02-11,000333,13:55:18,79.7600,2,2
2026-02-11,000333,13:55:21,79.7600,11,2
2026-02-11,000333,13:55:24,79.7600,23,2
2026-02-11,000333,13:55:27,79.7600,19,2
2026-02-11,000333,13:55:30,79.7700,55,1
2026-02-11,000333,13:55:33,79.7600,24,2
2026-02-11,000333,13:55:36,79.7600,13,2
2026-02-11,000333,13:55:39,79.7600,26,2
2026-02-11,000333,13:55:42,79.7600,13,1
2026-02-11,000333,13:55:45,79.7600,21,1
2026-02-11,000333,13:55:48,79.7500,21,2
2026-02-11,000333,13:55:51,79.7500,2,2
2026-02-11,000333,13:55:54,79.7600,17,1
2026-02-11,000333,13:55:57,79.7600,18,1
2026-02-11,000333,13:56:00,79.7500,13,2
2026-02-11,000333,13:56:03,79.7500,187,2
2026-02-11,000333,13:56:06,79.7500,33,1
2026-02-11,000333,13:56:09,79.7400,11,2
2026-02-11,000333,13:56:12,79.7500,1,2
2026-02-11,000333,13:56:15,79.7500,8,2
2026-02-11,000333,13:56:18,79.7500,20,1
2026-02-11,000333,13:56:21,79.7500,1,2
2026-02-11,000333,13:56:27,79.7600,2,1
2026-02-11,000333,13:56:30,79.7500,11,2
2026-02-11,000333,13:56:33,79.7500,23,2
2026-02-11,000333,13:56:36,79.7600,1,1
2026-02-11,000333,13:56:39,79.7600,8,1
2026-02-11,000333,13:56:42,79.7500,28,2
2026-02-11,000333,13:56:45,79.7500,11,2
2026-02-11,000333,13:56:48,79.7500,14,2
2026-02-11,000333,13:56:51,79.7600,2,1
2026-02-11,000333,13:56:54,79.7600,8,1
2026-02-11,000333,13:56:57,79.7500,17,2
2026-02-11,000333,13:57:00,79.7500,1,2
2026-02-11,000333,13:57:03,79.7500,2,2
2026-02-11,000333,13:57:06,79.7600,18,1
2026-02-11,000333,13:57:09,79.7500,13,2
2026-02-11,000333,13:57:12,79.7500,8,2
2026-02-11,000333,13:57:15,79.7700,7,1
2026-02-11,000333,13:57:18,79.7600,8,1
2026-02-11,000333,13:57:21,79.7600,12,1
2026-02-11,000333,13:57:24,79.7600,13,4
2026-02-11,000333,13:57:27,79.7500,423,2
2026-02-11,000333,13:57:30,79.7700,52,1
2026-02-11,000333,13:57:33,79.7600,7,1
2026-02-11,000333,13:57:36,79.7300,6,2
2026-02-11,000333,13:57:39,79.7400,3,2
2026-02-11,000333,13:57:42,79.7400,85,1
2026-02-11,000333,13:57:45,79.7600,26,4
2026-02-11,000333,13:57:48,79.7600,3,2
2026-02-11,000333,13:57:51,79.7600,24,2
2026-02-11,000333,13:57:54,79.7700,2,1
2026-02-11,000333,13:58:00,79.7600,29,2
2026-02-11,000333,13:58:03,79.7600,15,2
2026-02-11,000333,13:58:06,79.7600,5,2
2026-02-11,000333,13:58:09,79.7700,1,1
2026-02-11,000333,13:58:12,79.7700,6,1
2026-02-11,000333,13:58:15,79.7700,208,1
2026-02-11,000333,13:58:18,79.7900,62,1
2026-02-11,000333,13:58:21,79.7900,11,1
2026-02-11,000333,13:58:24,79.7900,23,1
2026-02-11,000333,13:58:27,79.7900,105,1
2026-02-11,000333,13:58:30,79.7900,24,2
2026-02-11,000333,13:58:33,79.8000,2,1
2026-02-11,000333,13:58:36,79.8000,20,1
2026-02-11,000333,13:58:39,79.8000,7,1
2026-02-11,000333,13:58:42,79.8000,8,1
2026-02-11,000333,13:58:45,79.7900,8,2
2026-02-11,000333,13:58:51,79.8000,11,1
2026-02-11,000333,13:58:54,79.8000,15,1
2026-02-11,000333,13:58:57,79.8000,10,1
2026-02-11,000333,13:59:00,79.8000,11,1
2026-02-11,000333,13:59:03,79.8000,30,1
2026-02-11,000333,13:59:06,79.8000,28,1
2026-02-11,000333,13:59:09,79.8000,7,1
2026-02-11,000333,13:59:12,79.8000,35,1
2026-02-11,000333,13:59:15,79.8000,7,1
2026-02-11,000333,13:59:18,79.7900,46,2
2026-02-11,000333,13:59:21,79.8000,15,1
2026-02-11,000333,13:59:24,79.8000,16,1
2026-02-11,000333,13:59:27,79.8000,28,1
2026-02-11,000333,13:59:30,79.8000,14,2
2026-02-11,000333,13:59:36,79.8000,15,2
2026-02-11,000333,13:59:39,79.8100,12,1
2026-02-11,000333,13:59:42,79.8100,8,1
2026-02-11,000333,13:59:45,79.7900,60,2
2026-02-11,000333,13:59:48,79.8000,25,2
2026-02-11,000333,13:59:51,79.7900,9,2
2026-02-11,000333,13:59:54,79.8000,14,1
2026-02-11,000333,13:59:57,79.8100,76,1
2026-02-11,000333,14:00:00,79.7900,20,2
2026-02-11,000333,14:00:03,79.7900,70,2
2026-02-11,000333,14:00:06,79.7800,22,2
2026-02-11,000333,14:00:09,79.7800,8,2
2026-02-11,000333,14:00:12,79.7800,38,2
2026-02-11,000333,14:00:15,79.7800,30,1
2026-02-11,000333,14:00:18,79.7700,17,2
2026-02-11,000333,14:00:21,79.7800,8,1
2026-02-11,000333,14:00:24,79.7800,4,1
2026-02-11,000333,14:00:27,79.7700,11,2
2026-02-11,000333,14:00:33,79.7700,1,2
2026-02-11,000333,14:00:36,79.7700,12,2
2026-02-11,000333,14:00:39,79.7700,20,2
2026-02-11,000333,14:00:42,79.7800,39,1
2026-02-11,000333,14:00:45,79.7700,25,2
2026-02-11,000333,14:00:48,79.7700,18,2
2026-02-11,000333,14:00:51,79.7800,1,4
2026-02-11,000333,14:00:54,79.7800,3,2
2026-02-11,000333,14:01:00,79.7800,49,2
2026-02-11,000333,14:01:03,79.8000,3,1
2026-02-11,000333,14:01:06,79.7900,2,4
2026-02-11,000333,14:01:09,79.8000,25,1
2026-02-11,000333,14:01:12,79.8000,25,1
2026-02-11,000333,14:01:15,79.8000,48,1
2026-02-11,000333,14:01:18,79.8000,41,1
2026-02-11,000333,14:01:21,79.7900,38,2
2026-02-11,000333,14:01:24,79.7800,39,2
2026-02-11,000333,14:01:27,79.7800,5,2
2026-02-11,000333,14:01:30,79.7900,6,2
2026-02-11,000333,14:01:33,79.7800,27,2
2026-02-11,000333,14:01:36,79.7900,11,1
2026-02-11,000333,14:01:39,79.7800,1,2
2026-02-11,000333,14:01:42,79.7800,15,2
2026-02-11,000333,14:01:45,79.7800,6,2
2026-02-11,000333,14:01:48,79.7700,13,2
2026-02-11,000333,14:01:51,79.7800,6,4
2026-02-11,000333,14:01:54,79.7700,78,2
2026-02-11,000333,14:01:57,79.7900,38,1
2026-02-11,000333,14:02:00,79.7800,3,2
2026-02-11,000333,14:02:03,79.7800,20,2
2026-02-11,000333,14:02:06,79.7800,10,1
2026-02-11,000333,14:02:09,79.7700,8,2
2026-02-11,000333,14:02:12,79.7700,24,2
2026-02-11,000333,14:02:15,79.7800,9,1
2026-02-11,000333,14:02:18,79.7700,40,2
2026-02-11,000333,14:02:21,79.7700,16,2
2026-02-11,000333,14:02:24,79.7900,22,1
2026-02-11,000333,14:02:27,79.7900,12,1
2026-02-11,000333,14:02:33,79.7700,9,2
2026-02-11,000333,14:02:36,79.7800,6,4
2026-02-11,000333,14:02:42,79.7600,34,2
2026-02-11,000333,14:02:45,79.7600,27,2
2026-02-11,000333,14:02:48,79.7600,5,2
2026-02-11,000333,14:02:51,79.7800,9,1
2026-02-11,000333,14:02:54,79.7600,2,2
2026-02-11,000333,14:02:57,79.7800,6,1
2026-02-11,000333,14:03:00,79.7800,10,1
2026-02-11,000333,14:03:03,79.7800,2,1
2026-02-11,000333,14:03:06,79.7800,45,1
2026-02-11,000333,14:03:09,79.7900,122,1
2026-02-11,000333,14:03:12,79.7700,15,2
2026-02-11,000333,14:03:15,79.7800,11,1
2026-02-11,000333,14:03:18,79.7900,3,1
2026-02-11,000333,14:03:21,79.7900,8,1
2026-02-11,000333,14:03:24,79.8000,84,1
2026-02-11,000333,14:03:27,79.8000,8,1
2026-02-11,000333,14:03:30,79.7900,11,1
2026-02-11,000333,14:03:33,79.7800,26,2
2026-02-11,000333,14:03:36,79.7900,112,1
2026-02-11,000333,14:03:39,79.8000,17,1
2026-02-11,000333,14:03:42,79.8000,40,1
2026-02-11,000333,14:03:45,79.7900,37,2
2026-02-11,000333,14:03:48,79.8000,19,1
2026-02-11,000333,14:03:51,79.8000,23,2
2026-02-11,000333,14:03:54,79.8000,15,1
2026-02-11,000333,14:03:57,79.7900,14,2
2026-02-11,000333,14:04:00,79.7900,32,2
2026-02-11,000333,14:04:03,79.7800,76,2
2026-02-11,000333,14:04:06,79.7400,291,2
2026-02-11,000333,14:04:09,79.7400,52,2
2026-02-11,000333,14:04:12,79.7500,41,1
2026-02-11,000333,14:04:15,79.7600,38,1
2026-02-11,000333,14:04:18,79.7500,39,2
2026-02-11,000333,14:04:21,79.7600,18,1
2026-02-11,000333,14:04:24,79.7500,21,1
2026-02-11,000333,14:04:27,79.7400,9,2
2026-02-11,000333,14:04:30,79.7100,44,2
2026-02-11,000333,14:04:33,79.7400,8,1
2026-02-11,000333,14:04:36,79.7400,16,1
2026-02-11,000333,14:04:39,79.7300,34,1
2026-02-11,000333,14:04:42,79.7200,4,2
2026-02-11,000333,14:04:45,79.7300,18,1
2026-02-11,000333,14:04:48,79.7300,4,1
2026-02-11,000333,14:04:51,79.7300,76,1
2026-02-11,000333,14:04:54,79.7400,20,1
2026-02-11,000333,14:04:57,79.7300,13,2
2026-02-11,000333,14:05:00,79.7400,35,1
2026-02-11,000333,14:05:03,79.7400,62,2
2026-02-11,000333,14:05:06,79.7500,9,1
2026-02-11,000333,14:05:09,79.7400,8,1
2026-02-11,000333,14:05:12,79.7300,12,2
2026-02-11,000333,14:05:15,79.7400,6,1
2026-02-11,000333,14:05:18,79.7300,14,2
2026-02-11,000333,14:05:21,79.7300,25,1
2026-02-11,000333,14:05:24,79.7300,10,1
2026-02-11,000333,14:05:27,79.7200,10,2
2026-02-11,000333,14:05:30,79.7200,5,2
2026-02-11,000333,14:05:33,79.7300,1,1
2026-02-11,000333,14:05:36,79.7200,17,2
2026-02-11,000333,14:05:39,79.7300,9,1
2026-02-11,000333,14:05:42,79.7300,2,1
2026-02-11,000333,14:05:45,79.7200,2,2
2026-02-11,000333,14:05:48,79.7200,18,2
2026-02-11,000333,14:05:51,79.7300,10,1
2026-02-11,000333,14:05:54,79.7300,30,1
2026-02-11,000333,14:05:57,79.7300,24,1
2026-02-11,000333,14:06:00,79.7300,14,1
2026-02-11,000333,14:06:03,79.7200,27,2
2026-02-11,000333,14:06:06,79.7300,16,1
2026-02-11,000333,14:06:09,79.7300,4,1
2026-02-11,000333,14:06:12,79.7300,9,1
2026-02-11,000333,14:06:15,79.7200,85,2
2026-02-11,000333,14:06:18,79.7300,64,1
2026-02-11,000333,14:06:21,79.7200,43,2
2026-02-11,000333,10:52:12,79.9700,2,1
2026-02-11,000333,10:52:15,79.9700,1,1
2026-02-11,000333,10:52:18,79.9700,14,1
2026-02-11,000333,10:52:21,79.9600,26,2
2026-02-11,000333,10:52:24,79.9700,3,1
2026-02-11,000333,10:52:27,79.9600,10,2
2026-02-11,000333,10:52:30,79.9700,18,1
2026-02-11,000333,10:52:33,79.9600,6,2
2026-02-11,000333,10:52:36,79.9600,260,2
2026-02-11,000333,10:52:39,79.9700,140,1
2026-02-11,000333,10:52:42,79.9700,175,1
2026-02-11,000333,10:52:45,79.9700,86,1
2026-02-11,000333,10:52:48,79.9600,308,2
2026-02-11,000333,10:52:51,79.9700,61,1
2026-02-11,000333,10:52:54,79.9700,145,1
2026-02-11,000333,10:52:57,79.9700,52,1
2026-02-11,000333,10:53:00,79.9700,23,1
2026-02-11,000333,10:53:03,79.9700,59,1
2026-02-11,000333,10:53:06,79.9600,31,2
2026-02-11,000333,10:53:09,79.9700,16,2
2026-02-11,000333,10:53:12,79.9600,21,2
2026-02-11,000333,10:53:15,79.9600,33,2
2026-02-11,000333,10:53:18,79.9600,15,2
2026-02-11,000333,10:53:21,79.9700,5,1
2026-02-11,000333,10:53:24,79.9600,2,2
2026-02-11,000333,10:53:30,79.9600,1,2
2026-02-11,000333,10:53:33,79.9600,20,2
2026-02-11,000333,10:53:36,79.9400,162,2
2026-02-11,000333,10:53:39,79.9400,135,2
2026-02-11,000333,10:53:42,79.9200,51,2
2026-02-11,000333,10:53:45,79.9000,91,2
2026-02-11,000333,10:53:48,79.8800,173,2
2026-02-11,000333,10:53:51,79.8500,53,2
2026-02-11,000333,10:53:54,79.8600,172,1
2026-02-11,000333,10:53:57,79.8600,75,1
2026-02-11,000333,10:54:00,79.8300,27,2
2026-02-11,000333,10:54:03,79.8200,23,2
2026-02-11,000333,10:54:06,79.8200,22,2
2026-02-11,000333,10:54:09,79.7900,231,2
2026-02-11,000333,10:54:12,79.8000,59,4
2026-02-11,000333,10:54:15,79.7700,43,2
2026-02-11,000333,10:54:18,79.7800,42,1
2026-02-11,000333,10:54:21,79.7700,97,1
2026-02-11,000333,10:54:24,79.7700,27,1
2026-02-11,000333,10:54:27,79.7800,55,1
2026-02-11,000333,10:54:30,79.8200,101,1
2026-02-11,000333,10:54:33,79.8100,50,2
2026-02-11,000333,10:54:36,79.8200,10,1
2026-02-11,000333,10:54:42,79.8200,11,1
2026-02-11,000333,10:54:45,79.8100,13,2
2026-02-11,000333,10:54:48,79.8200,5,1
2026-02-11,000333,10:54:51,79.8100,18,2
2026-02-11,000333,10:54:54,79.8200,3,1
2026-02-11,000333,10:54:57,79.8200,17,1
2026-02-11,000333,10:55:00,79.8200,11,1
2026-02-11,000333,10:55:03,79.8100,4,2
2026-02-11,000333,10:55:06,79.8000,24,2
2026-02-11,000333,10:55:09,79.8100,80,1
2026-02-11,000333,10:55:12,79.8000,17,2
2026-02-11,000333,10:55:15,79.8000,14,2
2026-02-11,000333,10:55:18,79.8000,33,2
2026-02-11,000333,10:55:21,79.8000,17,1
2026-02-11,000333,10:55:24,79.8100,8,2
2026-02-11,000333,10:55:27,79.8100,13,2
2026-02-11,000333,10:55:30,79.8100,12,2
2026-02-11,000333,10:55:36,79.8100,1,1
2026-02-11,000333,10:55:39,79.8100,11,1
2026-02-11,000333,10:55:42,79.8200,93,1
2026-02-11,000333,10:55:45,79.8200,73,1
2026-02-11,000333,10:55:48,79.8200,30,1
2026-02-11,000333,10:55:51,79.8200,37,1
2026-02-11,000333,10:55:54,79.8200,44,1
2026-02-11,000333,10:55:57,79.8300,8,1
2026-02-11,000333,10:56:00,79.8300,14,1
2026-02-11,000333,10:56:03,79.8300,18,1
2026-02-11,000333,10:56:06,79.8200,21,2
2026-02-11,000333,10:56:09,79.8300,30,1
2026-02-11,000333,10:56:12,79.8200,47,2
2026-02-11,000333,10:56:15,79.8100,361,2
2026-02-11,000333,10:56:18,79.8100,111,1
2026-02-11,000333,10:56:21,79.7900,26,2
2026-02-11,000333,10:56:24,79.7800,13,2
2026-02-11,000333,10:56:27,79.7800,45,2
2026-02-11,000333,10:56:30,79.7700,77,4
2026-02-11,000333,10:56:33,79.7800,243,1
2026-02-11,000333,10:56:36,79.7800,76,1
2026-02-11,000333,10:56:39,79.7700,90,4
2026-02-11,000333,10:56:42,79.7600,75,2
2026-02-11,000333,10:56:45,79.7700,11,2
2026-02-11,000333,10:56:48,79.7700,10,2
2026-02-11,000333,10:56:51,79.7700,5,2
2026-02-11,000333,10:56:54,79.7700,16,2
2026-02-11,000333,10:56:57,79.7700,36,1
2026-02-11,000333,10:57:00,79.7700,93,1
2026-02-11,000333,10:57:03,79.7600,218,2
2026-02-11,000333,10:57:06,79.7600,82,2
2026-02-11,000333,10:57:09,79.7200,35,2
2026-02-11,000333,10:57:12,79.7300,41,1
2026-02-11,000333,10:57:15,79.7300,19,1
2026-02-11,000333,10:57:18,79.7400,150,1
2026-02-11,000333,10:57:21,79.7500,83,4
2026-02-11,000333,10:57:24,79.7700,7,1
2026-02-11,000333,10:57:27,79.7700,87,1
2026-02-11,000333,10:57:30,79.7400,54,2
2026-02-11,000333,10:57:33,79.7500,55,2
2026-02-11,000333,10:57:36,79.7400,43,2
2026-02-11,000333,10:57:39,79.7400,50,1
2026-02-11,000333,10:57:42,79.7200,112,2
2026-02-11,000333,10:57:45,79.7200,124,1
2026-02-11,000333,10:57:48,79.7100,104,2
2026-02-11,000333,10:57:51,79.7200,63,2
2026-02-11,000333,10:57:54,79.7300,20,1
2026-02-11,000333,10:57:57,79.7200,73,1
2026-02-11,000333,10:58:00,79.7200,56,1
2026-02-11,000333,10:58:03,79.7200,16,2
2026-02-11,000333,10:58:06,79.7100,122,2
2026-02-11,000333,10:58:09,79.7200,34,2
2026-02-11,000333,10:58:12,79.7200,78,1
2026-02-11,000333,10:58:15,79.7200,21,1
2026-02-11,000333,10:58:18,79.7500,216,1
2026-02-11,000333,10:58:21,79.7700,177,1
2026-02-11,000333,10:58:24,79.7500,56,2
2026-02-11,000333,10:58:27,79.7900,7,1
2026-02-11,000333,10:58:30,79.7900,15,1
2026-02-11,000333,10:58:33,79.7900,124,1
2026-02-11,000333,10:58:36,79.8100,79,1
2026-02-11,000333,10:58:39,79.7900,30,2
2026-02-11,000333,10:58:42,79.8000,26,4
2026-02-11,000333,10:58:45,79.8000,52,2
2026-02-11,000333,10:58:48,79.8000,38,1
2026-02-11,000333,10:58:51,79.8000,25,1
2026-02-11,000333,10:58:54,79.7700,94,2
2026-02-11,000333,10:58:57,79.7800,66,1
2026-02-11,000333,10:59:00,79.7700,59,2
2026-02-11,000333,10:59:03,79.8100,60,1
2026-02-11,000333,10:59:06,79.7900,42,2
2026-02-11,000333,10:59:09,79.7700,279,2
2026-02-11,000333,10:59:12,79.8200,57,1
2026-02-11,000333,10:59:15,79.7900,41,2
2026-02-11,000333,10:59:18,79.7900,34,1
2026-02-11,000333,10:59:21,79.8000,199,1
2026-02-11,000333,10:59:24,79.8300,146,1
2026-02-11,000333,10:59:27,79.8000,103,2
2026-02-11,000333,10:59:30,79.8300,7,1
2026-02-11,000333,10:59:33,79.8300,32,1
2026-02-11,000333,10:59:36,79.8500,25,1
2026-02-11,000333,10:59:39,79.8600,132,1
2026-02-11,000333,10:59:42,79.8400,28,2
2026-02-11,000333,10:59:45,79.8300,13,2
2026-02-11,000333,10:59:48,79.8200,32,2
2026-02-11,000333,10:59:51,79.8000,82,2
2026-02-11,000333,10:59:54,79.8300,29,1
2026-02-11,000333,10:59:57,79.8300,17,1
2026-02-11,000333,11:00:00,79.8200,25,2
2026-02-11,000333,11:00:03,79.8100,71,2
2026-02-11,000333,11:00:06,79.8000,54,2
2026-02-11,000333,11:00:09,79.8700,40,1
2026-02-11,000333,11:00:12,79.8600,13,1
2026-02-11,000333,11:00:15,79.8700,83,1
2026-02-11,000333,11:00:18,79.8600,119,2
2026-02-11,000333,11:00:21,79.8600,52,1
2026-02-11,000333,11:00:24,79.8500,72,2
2026-02-11,000333,11:00:27,79.8500,35,4
2026-02-11,000333,11:00:30,79.8600,1,4
2026-02-11,000333,11:00:33,79.8600,10,2
2026-02-11,000333,11:00:36,79.8500,17,2
2026-02-11,000333,11:00:42,79.8600,5,1
2026-02-11,000333,11:00:45,79.8600,4,1
2026-02-11,000333,11:00:48,79.8600,45,1
2026-02-11,000333,11:00:51,79.8300,50,2
2026-02-11,000333,11:00:57,79.8300,82,2
2026-02-11,000333,11:01:00,79.8400,29,2
2026-02-11,000333,11:01:03,79.8400,35,2
2026-02-11,000333,11:01:06,79.8300,119,2
2026-02-11,000333,11:01:09,79.8300,94,2
2026-02-11,000333,11:01:12,79.8200,37,2
2026-02-11,000333,11:01:15,79.8300,13,1
2026-02-11,000333,11:01:18,79.8200,150,2
2026-02-11,000333,11:01:21,79.8300,51,1
2026-02-11,000333,11:01:24,79.8200,17,2
2026-02-11,000333,11:01:27,79.8200,15,2
2026-02-11,000333,11:01:30,79.8300,68,1
2026-02-11,000333,11:01:33,79.8300,51,2
2026-02-11,000333,11:01:36,79.8300,21,2
2026-02-11,000333,11:01:39,79.8300,11,1
2026-02-11,000333,11:01:42,79.8100,17,2
2026-02-11,000333,11:01:45,79.8100,1,2
2026-02-11,000333,11:01:48,79.8200,9,1
2026-02-11,000333,11:01:51,79.8000,10,2
2026-02-11,000333,11:01:54,79.8100,23,4
2026-02-11,000333,11:01:57,79.7900,46,2
2026-02-11,000333,11:02:00,79.7900,33,2
2026-02-11,000333,11:02:03,79.7900,27,2
2026-02-11,000333,11:02:06,79.7800,32,2
2026-02-11,000333,11:02:09,79.7900,30,1
2026-02-11,000333,11:02:12,79.7800,45,2
2026-02-11,000333,11:02:15,79.7900,106,1
2026-02-11,000333,11:02:18,79.7900,55,1
2026-02-11,000333,11:02:21,79.8000,121,2
2026-02-11,000333,11:02:24,79.7800,52,2
2026-02-11,000333,11:02:27,79.7700,94,2
2026-02-11,000333,11:02:30,79.8200,20,1
2026-02-11,000333,11:02:33,79.8000,20,2
2026-02-11,000333,11:02:36,79.8000,4,1
2026-02-11,000333,11:02:39,79.7900,18,2
2026-02-11,000333,11:02:42,79.8000,100,2
2026-02-11,000333,11:02:45,79.8100,67,1
2026-02-11,000333,11:02:48,79.8000,5,2
2026-02-11,000333,11:02:51,79.8200,21,1
2026-02-11,000333,11:02:54,79.8000,54,2
2026-02-11,000333,11:02:57,79.8200,25,1
2026-02-11,000333,11:03:00,79.8100,138,4
2026-02-11,000333,11:03:03,79.8100,22,2
2026-02-11,000333,11:03:06,79.8200,4,1
2026-02-11,000333,11:03:09,79.8200,16,2
2026-02-11,000333,11:03:12,79.7800,95,2
2026-02-11,000333,11:03:15,79.8000,27,2
2026-02-11,000333,11:03:18,79.8000,4,2
2026-02-11,000333,11:03:24,79.8000,17,2
2026-02-11,000333,11:03:27,79.8000,35,1
2026-02-11,000333,11:03:30,79.8100,47,1
2026-02-11,000333,11:03:33,79.8000,18,2
2026-02-11,000333,11:03:36,79.8000,7,4
2026-02-11,000333,11:03:39,79.8000,16,1
2026-02-11,000333,11:03:42,79.8000,19,1
2026-02-11,000333,11:03:45,79.7900,19,2
2026-02-11,000333,11:03:48,79.7800,17,2
2026-02-11,000333,11:03:51,79.7800,99,2
2026-02-11,000333,11:03:54,79.7700,27,2
2026-02-11,000333,11:03:57,79.7700,18,1
2026-02-11,000333,11:04:00,79.7800,100,1
2026-02-11,000333,11:04:03,79.7700,99,2
2026-02-11,000333,11:04:06,79.7900,14,1
2026-02-11,000333,11:04:09,79.7900,11,1
2026-02-11,000333,11:04:12,79.7700,16,2
2026-02-11,000333,11:04:15,79.7700,60,2
2026-02-11,000333,11:04:18,79.7800,22,4
2026-02-11,000333,11:04:21,79.7900,65,1
2026-02-11,000333,11:04:24,79.7900,55,2
2026-02-11,000333,11:04:27,79.7900,14,1
2026-02-11,000333,11:04:30,79.7900,14,1
2026-02-11,000333,11:04:33,79.7900,6,1
2026-02-11,000333,11:04:36,79.7700,80,2
2026-02-11,000333,11:04:39,79.7600,127,2
2026-02-11,000333,11:04:42,79.7800,27,1
2026-02-11,000333,11:04:45,79.7800,17,1
2026-02-11,000333,11:04:48,79.7600,23,2
2026-02-11,000333,11:04:51,79.7600,3,1
2026-02-11,000333,11:04:57,79.7600,5,1
2026-02-11,000333,11:05:00,79.7600,7,1
2026-02-11,000333,11:05:03,79.7500,27,2
2026-02-11,000333,11:05:06,79.7500,10,2
2026-02-11,000333,11:05:09,79.7500,6,2
2026-02-11,000333,11:05:12,79.7500,53,2
2026-02-11,000333,11:05:15,79.7500,75,2
2026-02-11,000333,11:05:18,79.7500,20,2
2026-02-11,000333,11:05:21,79.7500,11,2
2026-02-11,000333,11:05:24,79.7500,88,4
2026-02-11,000333,11:05:27,79.7700,30,1
2026-02-11,000333,11:05:30,79.7600,7,2
2026-02-11,000333,11:05:33,79.7600,23,2
2026-02-11,000333,11:05:36,79.7700,289,1
2026-02-11,000333,11:05:39,79.7700,40,2
2026-02-11,000333,11:05:42,79.7700,39,2
2026-02-11,000333,11:05:45,79.7700,11,2
2026-02-11,000333,11:05:48,79.7900,118,1
2026-02-11,000333,11:05:51,79.7800,39,2
2026-02-11,000333,11:05:54,79.7900,17,1
2026-02-11,000333,11:05:57,79.7900,11,1
2026-02-11,000333,11:06:00,79.7800,34,2
2026-02-11,000333,11:06:03,79.7900,9,4
2026-02-11,000333,11:06:06,79.7900,13,1
2026-02-11,000333,11:06:09,79.7800,11,4
2026-02-11,000333,11:06:12,79.7700,43,2
2026-02-11,000333,11:06:15,79.7700,17,4
2026-02-11,000333,11:06:18,79.7700,13,1
2026-02-11,000333,11:06:21,79.7700,55,1
2026-02-11,000333,11:06:24,79.7900,22,1
2026-02-11,000333,11:06:27,79.7900,37,1
2026-02-11,000333,11:06:30,79.7800,10,2
2026-02-11,000333,11:06:33,79.7900,11,1
2026-02-11,000333,11:06:36,79.7900,5,1
2026-02-11,000333,11:06:39,79.7700,8,2
2026-02-11,000333,11:06:45,79.7700,4,2
2026-02-11,000333,11:06:48,79.7700,14,2
2026-02-11,000333,11:06:51,79.7800,2,1
2026-02-11,000333,11:06:57,79.7700,97,2
2026-02-11,000333,11:07:00,79.7700,52,1
2026-02-11,000333,11:07:03,79.7700,46,1
2026-02-11,000333,11:07:06,79.7600,15,4
2026-02-11,000333,11:07:09,79.7700,285,1
2026-02-11,000333,11:07:12,79.7900,194,1
2026-02-11,000333,11:07:15,79.7800,44,4
2026-02-11,000333,11:07:18,79.7700,22,2
2026-02-11,000333,11:07:21,79.7700,51,1
2026-02-11,000333,11:07:24,79.7600,28,2
2026-02-11,000333,11:07:27,79.7700,14,1
2026-02-11,000333,11:07:30,79.7700,22,1
2026-02-11,000333,11:07:33,79.7500,58,2
2026-02-11,000333,11:07:36,79.7400,40,2
2026-02-11,000333,11:07:39,79.7300,190,2
2026-02-11,000333,11:07:42,79.7400,107,1
2026-02-11,000333,11:07:45,79.7600,58,1
2026-02-11,000333,11:07:48,79.7400,20,2
2026-02-11,000333,11:07:51,79.7400,28,2
2026-02-11,000333,11:07:54,79.7400,26,2
2026-02-11,000333,11:07:57,79.7400,16,2
2026-02-11,000333,11:08:00,79.7400,180,1
2026-02-11,000333,11:08:03,79.7400,87,2
2026-02-11,000333,11:08:06,79.7400,13,1
2026-02-11,000333,11:08:09,79.7400,97,1
2026-02-11,000333,11:08:12,79.7500,44,1
2026-02-11,000333,11:08:15,79.7400,126,2
2026-02-11,000333,11:08:18,79.7400,36,2
2026-02-11,000333,11:08:21,79.7400,67,1
2026-02-11,000333,11:08:24,79.7300,15,2
2026-02-11,000333,11:08:27,79.7300,19,1
2026-02-11,000333,11:08:30,79.7300,115,1
2026-02-11,000333,11:08:33,79.7100,46,2
2026-02-11,000333,11:08:36,79.7100,42,2
2026-02-11,000333,11:08:39,79.7100,287,2
2026-02-11,000333,11:08:42,79.7000,92,2
2026-02-11,000333,11:08:45,79.7000,114,2
2026-02-11,000333,11:08:48,79.7000,37,2
2026-02-11,000333,11:08:51,79.7100,62,1
2026-02-11,000333,11:08:54,79.6900,173,2
2026-02-11,000333,11:08:57,79.7000,132,1
2026-02-11,000333,11:09:00,79.6800,64,2
2026-02-11,000333,11:09:03,79.6800,15,2
2026-02-11,000333,11:09:06,79.7000,432,1
2026-02-11,000333,11:09:09,79.6900,276,2
2026-02-11,000333,11:09:12,79.6800,71,2
2026-02-11,000333,11:09:15,79.6800,68,2
2026-02-11,000333,11:09:18,79.6700,145,2
2026-02-11,000333,11:09:21,79.6700,86,1
2026-02-11,000333,11:09:24,79.6400,42,2
2026-02-11,000333,11:09:27,79.6300,45,2
2026-02-11,000333,11:09:30,79.6400,58,2
2026-02-11,000333,11:09:33,79.6500,126,1
2026-02-11,000333,11:09:36,79.6500,69,2
2026-02-11,000333,11:09:39,79.6500,74,2
2026-02-11,000333,11:09:42,79.6400,63,2
2026-02-11,000333,11:09:45,79.6400,5,2
2026-02-11,000333,11:09:48,79.6500,74,2
2026-02-11,000333,11:09:51,79.6600,23,2
2026-02-11,000333,11:09:54,79.6900,24,2
2026-02-11,000333,11:09:57,79.6900,41,1
2026-02-11,000333,11:10:00,79.6500,42,2
2026-02-11,000333,11:10:03,79.6500,67,2
2026-02-11,000333,11:10:06,79.6500,51,2
2026-02-11,000333,11:10:09,79.6500,12,2
2026-02-11,000333,11:10:12,79.6600,5,2
2026-02-11,000333,11:10:15,79.6700,11,2
2026-02-11,000333,11:10:18,79.6900,37,1
2026-02-11,000333,11:10:21,79.7100,59,1
2026-02-11,000333,11:10:24,79.7000,30,1
2026-02-11,000333,11:10:27,79.7100,31,1
2026-02-11,000333,11:10:30,79.7000,24,2
2026-02-11,000333,11:10:33,79.7100,7,1
2026-02-11,000333,11:10:36,79.7000,41,2
2026-02-11,000333,11:10:39,79.7100,15,1
2026-02-11,000333,11:10:42,79.7100,57,1
2026-02-11,000333,11:10:45,79.7100,8,1
2026-02-11,000333,11:10:48,79.7100,10,1
2026-02-11,000333,11:10:51,79.7000,62,2
2026-02-11,000333,11:10:54,79.7100,15,4
2026-02-11,000333,11:10:57,79.7000,63,2
2026-02-11,000333,11:11:00,79.7000,18,1
2026-02-11,000333,11:11:03,79.7000,109,1
2026-02-11,000333,11:11:06,79.6900,44,2
2026-02-11,000333,11:11:09,79.6900,16,1
2026-02-11,000333,11:11:12,79.6900,4,1
2026-02-11,000333,11:11:15,79.6800,19,2
2026-02-11,000333,11:11:18,79.6800,35,2
2026-02-11,000333,11:11:21,79.6800,57,2
2026-02-11,000333,11:11:24,79.6800,24,2
2026-02-11,000333,11:11:27,79.6800,124,1
2026-02-11,000333,11:11:30,79.6900,93,1
2026-02-11,000333,11:11:33,79.6600,289,2
2026-02-11,000333,11:11:36,79.6700,71,2
2026-02-11,000333,11:11:39,79.6800,7,1
2026-02-11,000333,11:11:42,79.6700,116,2
2026-02-11,000333,11:11:45,79.6700,26,2
2026-02-11,000333,11:11:48,79.6700,4,2
2026-02-11,000333,11:11:51,79.6900,102,1
2026-02-11,000333,11:11:54,79.6700,105,2
2026-02-11,000333,11:11:57,79.6700,72,2
2026-02-11,000333,11:12:00,79.6900,23,1
2026-02-11,000333,11:12:03,79.6800,20,2
2026-02-11,000333,11:12:06,79.6800,16,2
2026-02-11,000333,11:12:09,79.6800,1,1
2026-02-11,000333,11:12:12,79.6800,12,1
2026-02-11,000333,11:12:15,79.6800,4,1
2026-02-11,000333,11:12:18,79.6800,55,1
2026-02-11,000333,11:12:21,79.6900,15,1
2026-02-11,000333,11:12:24,79.6900,3,1
2026-02-11,000333,11:12:27,79.6900,15,1
2026-02-11,000333,11:12:30,79.6900,73,1
2026-02-11,000333,11:12:33,79.6800,30,2
2026-02-11,000333,11:12:36,79.6700,50,2
2026-02-11,000333,11:12:39,79.6700,39,2
2026-02-11,000333,11:12:45,79.6900,7,1
2026-02-11,000333,11:12:48,79.6800,42,2
2026-02-11,000333,11:12:51,79.6900,14,1
2026-02-11,000333,11:12:57,79.6800,66,2
2026-02-11,000333,11:13:00,79.6800,50,1
2026-02-11,000333,11:13:03,79.6700,78,2
2026-02-11,000333,11:13:06,79.6700,21,1
2026-02-11,000333,11:13:09,79.6700,134,1
2026-02-11,000333,11:13:12,79.6700,63,1
2026-02-11,000333,11:13:15,79.6600,99,2
2026-02-11,000333,11:13:18,79.6600,62,1
2026-02-11,000333,11:13:21,79.6700,139,1
2026-02-11,000333,11:13:24,79.6600,54,2
2026-02-11,000333,11:13:27,79.6600,20,2
2026-02-11,000333,11:13:30,79.6600,22,2
2026-02-11,000333,11:13:33,79.6500,28,2
2026-02-11,000333,11:13:36,79.6600,5,1
2026-02-11,000333,11:13:39,79.6500,50,2
2026-02-11,000333,11:13:42,79.6500,20,2
2026-02-11,000333,11:13:45,79.6500,24,2
2026-02-11,000333,11:13:48,79.6600,9,1
2026-02-11,000333,11:13:51,79.6600,2,1
2026-02-11,000333,11:13:54,79.6500,22,2
2026-02-11,000333,11:13:57,79.6500,32,1
2026-02-11,000333,11:14:00,79.6500,19,1
2026-02-11,000333,11:14:03,79.6500,35,1
2026-02-11,000333,11:14:06,79.6500,131,1
2026-02-11,000333,11:14:09,79.6400,68,2
2026-02-11,000333,11:14:12,79.6400,29,1
2026-02-11,000333,11:14:15,79.6300,195,2
2026-02-11,000333,11:14:18,79.6400,80,1
2026-02-11,000333,11:14:21,79.6300,77,2
2026-02-11,000333,11:14:24,79.6400,35,1
2026-02-11,000333,11:14:27,79.6500,304,1
2026-02-11,000333,11:14:30,79.6600,253,1
2026-02-11,000333,11:14:33,79.6500,114,2
2026-02-11,000333,11:14:36,79.6600,35,1
2026-02-11,000333,11:14:39,79.6400,25,2
2026-02-11,000333,11:14:42,79.6400,22,2
2026-02-11,000333,11:14:45,79.6400,13,2
2026-02-11,000333,11:14:48,79.6400,7,2
2026-02-11,000333,11:14:54,79.6500,1,1
2026-02-11,000333,11:14:57,79.6500,15,1
2026-02-11,000333,11:15:00,79.6400,34,2
2026-02-11,000333,11:15:03,79.6500,10,1
2026-02-11,000333,11:15:06,79.6500,11,1
2026-02-11,000333,11:15:09,79.6500,26,1
2026-02-11,000333,11:15:12,79.6500,9,1
2026-02-11,000333,11:15:15,79.6400,19,2
2026-02-11,000333,11:15:18,79.6400,27,2
2026-02-11,000333,11:15:21,79.6400,24,2
2026-02-11,000333,11:15:24,79.6300,17,2
2026-02-11,000333,11:15:27,79.6400,23,1
2026-02-11,000333,11:15:30,79.6300,21,2
2026-02-11,000333,11:15:33,79.6400,20,2
2026-02-11,000333,11:15:36,79.6400,28,1
2026-02-11,000333,11:15:39,79.6400,15,1
2026-02-11,000333,11:15:42,79.6400,6,2
2026-02-11,000333,11:15:45,79.6500,7,1
2026-02-11,000333,11:15:48,79.6500,128,1
2026-02-11,000333,11:15:51,79.6600,122,1
2026-02-11,000333,11:15:54,79.6600,182,4
2026-02-11,000333,11:15:57,79.6800,91,1
2026-02-11,000333,11:16:00,79.6900,44,1
2026-02-11,000333,11:16:03,79.6700,27,2
2026-02-11,000333,11:16:06,79.6800,17,2
2026-02-11,000333,11:16:09,79.6800,22,2
2026-02-11,000333,11:16:12,79.6900,22,1
2026-02-11,000333,11:16:15,79.6900,12,1
2026-02-11,000333,11:16:18,79.6800,33,2
2026-02-11,000333,11:16:21,79.6900,31,1
2026-02-11,000333,11:16:24,79.6900,1,1
2026-02-11,000333,11:16:27,79.6900,49,1
2026-02-11,000333,11:16:30,79.6900,28,1
2026-02-11,000333,11:16:33,79.6900,51,1
2026-02-11,000333,11:16:36,79.6900,29,1
2026-02-11,000333,11:16:39,79.6900,84,1
2026-02-11,000333,11:16:42,79.6900,62,1
2026-02-11,000333,11:16:45,79.6900,19,2
2026-02-11,000333,11:16:48,79.6900,11,2
2026-02-11,000333,11:16:51,79.6900,25,2
2026-02-11,000333,11:16:54,79.7000,17,1
2026-02-11,000333,11:16:57,79.7000,26,1
2026-02-11,000333,11:17:00,79.6900,26,2
2026-02-11,000333,11:17:03,79.7000,25,1
2026-02-11,000333,11:17:06,79.7000,16,1
2026-02-11,000333,11:17:09,79.7000,30,1
2026-02-11,000333,11:17:12,79.7100,122,1
2026-02-11,000333,11:17:15,79.7100,85,1
2026-02-11,000333,11:17:18,79.7200,204,1
2026-02-11,000333,11:17:21,79.7100,163,2
2026-02-11,000333,11:17:24,79.7000,116,2
2026-02-11,000333,11:17:27,79.7200,41,1
2026-02-11,000333,11:17:30,79.7200,28,1
2026-02-11,000333,11:17:33,79.7100,6,2
2026-02-11,000333,11:17:36,79.7100,48,2
2026-02-11,000333,11:17:39,79.7100,35,1
2026-02-11,000333,11:17:42,79.7100,9,1
2026-02-11,000333,11:17:45,79.7100,61,2
2026-02-11,000333,11:17:48,79.7100,29,2
2026-02-11,000333,11:17:51,79.7000,13,2
2026-02-11,000333,11:17:54,79.7000,13,2
2026-02-11,000333,11:18:00,79.7200,24,1
2026-02-11,000333,11:18:03,79.7500,349,1
2026-02-11,000333,11:18:06,79.7600,62,1
2026-02-11,000333,11:18:09,79.7600,18,1
2026-02-11,000333,11:18:12,79.7600,21,1
