date,code,time,price,volume,bs
2026-06-17,000001,14:05:27,10.7900,30,1
2026-06-17,000001,14:05:30,10.7900,46,1
2026-06-17,000001,14:05:33,10.7800,59,2
2026-06-17,000001,14:05:36,10.7800,44,2
2026-06-17,000001,14:05:39,10.7900,20,1
2026-06-17,000001,14:05:42,10.7900,57,1
2026-06-17,000001,14:05:45,10.7800,33,2
2026-06-17,000001,14:05:48,10.7900,42,1
2026-06-17,000001,14:05:51,10.7900,73,1
2026-06-17,000001,14:05:54,10.7900,10,1
2026-06-17,000001,14:05:57,10.7900,26,1
2026-06-17,000001,14:06:00,10.7800,100,2
2026-06-17,000001,14:06:03,10.7900,154,1
2026-06-17,000001,14:06:06,10.7800,197,2
2026-06-17,000001,14:06:09,10.7800,54,2
2026-06-17,000001,14:06:12,10.7800,65,2
2026-06-17,000001,14:06:15,10.7900,121,1
2026-06-17,000001,14:06:18,10.7900,402,1
2026-06-17,000001,14:06:21,10.7900,465,1
2026-06-17,000001,14:06:24,10.7900,143,1
2026-06-17,000001,14:06:27,10.7900,69,1
2026-06-17,000001,14:06:30,10.7900,27,1
2026-06-17,000001,14:06:33,10.7800,28,2
2026-06-17,000001,14:06:36,10.7800,301,2
2026-06-17,000001,14:06:39,10.7900,23,1
2026-06-17,000001,14:06:42,10.7900,46,1
2026-06-17,000001,14:06:45,10.7900,216,1
2026-06-17,000001,14:06:48,10.7900,13,1
2026-06-17,000001,14:06:51,10.7900,87,1
2026-06-17,000001,14:06:54,10.7900,52,1
2026-06-17,000001,14:06:57,10.7900,216,1
2026-06-17,000001,14:07:00,10.7900,80,1
2026-06-17,000001,14:07:03,10.7800,28,2
2026-06-17,000001,14:07:06,10.7800,7,2
2026-06-17,000001,14:07:09,10.7800,184,2
2026-06-17,000001,14:07:12,10.7900,175,1
2026-06-17,000001,14:07:15,10.7900,94,1
2026-06-17,000001,14:07:18,10.7900,1236,1
2026-06-17,000001,14:07:21,10.7900,42,2
2026-06-17,000001,14:07:27,10.7900,33,2
2026-06-17,000001,14:07:30,10.7900,3,2
2026-06-17,000001,14:07:33,10.8000,35,1
2026-06-17,000001,14:07:36,10.8000,2,1
2026-06-17,000001,14:07:39,10.7900,440,2
2026-06-17,000001,14:07:42,10.7900,6,2
2026-06-17,000001,14:07:45,10.7900,90,2
2026-06-17,000001,14:07:51,10.8000,16,1
2026-06-17,000001,14:07:54,10.8000,623,1
2026-06-17,000001,14:07:57,10.8000,33,1
2026-06-17,000001,14:08:00,10.8000,242,1
2026-06-17,000001,14:08:03,10.7900,2,2
2026-06-17,000001,14:08:06,10.8000,10,1
2026-06-17,000001,14:08:09,10.8000,10,1
2026-06-17,000001,14:08:12,10.7900,66,2
2026-06-17,000001,14:08:15,10.7900,30,2
2026-06-17,000001,14:08:18,10.8000,27,1
2026-06-17,000001,14:08:21,10.7900,48,2
2026-06-17,000001,14:08:24,10.7900,104,2
2026-06-17,000001,14:08:27,10.8000,27,1
2026-06-17,000001,14:08:30,10.8000,72,1
2026-06-17,000001,14:08:33,10.7900,34,2
2026-06-17,000001,14:08:36,10.8000,70,1
2026-06-17,000001,14:08:39,10.8000,3,1
2026-06-17,000001,14:08:42,10.7900,35,2
2026-06-17,000001,14:08:45,10.7900,16,2
2026-06-17,000001,14:08:48,10.8000,1,1
2026-06-17,000001,14:08:51,10.8000,53,1
2026-06-17,000001,14:08:54,10.7900,296,2
2026-06-17,000001,14:08:57,10.7900,46,2
2026-06-17,000001,14:09:00,10.8000,112,1
2026-06-17,000001,14:09:03,10.7900,1,2
2026-06-17,000001,14:09:06,10.7900,10,2
2026-06-17,000001,14:09:09,10.7900,40,2
2026-06-17,000001,14:09:12,10.7900,17,2
2026-06-17,000001,14:09:18,10.8000,30,1
2026-06-17,000001,14:09:21,10.7900,33,2
2026-06-17,000001,14:09:24,10.7900,131,2
2026-06-17,000001,14:09:30,10.8000,35,1
2026-06-17,000001,14:09:33,10.7900,17,2
2026-06-17,000001,14:09:36,10.7900,101,2
2026-06-17,000001,14:09:39,10.7900,1441,2
2026-06-17,000001,14:09:42,10.8000,289,1
2026-06-17,000001,14:09:45,10.7900,463,2
2026-06-17,000001,14:09:48,10.7900,426,2
2026-06-17,000001,14:09:51,10.7900,36,2
2026-06-17,000001,14:09:54,10.7900,215,2
2026-06-17,000001,14:09:57,10.7900,773,2
2026-06-17,000001,14:10:00,10.8000,627,1
2026-06-17,000001,14:10:03,10.7900,327,2
2026-06-17,000001,14:10:06,10.7900,380,2
2026-06-17,000001,14:10:09,10.7900,124,4
2026-06-17,000001,14:10:12,10.7900,136,1
2026-06-17,000001,14:10:15,10.7900,64,1
2026-06-17,000001,14:10:18,10.7900,217,1
2026-06-17,000001,14:10:21,10.7900,208,1
2026-06-17,000001,14:10:24,10.7900,1083,1
2026-06-17,000001,14:10:27,10.7900,35,1
2026-06-17,000001,14:10:30,10.7800,30,2
2026-06-17,000001,14:10:33,10.7900,90,1
2026-06-17,000001,14:10:39,10.7800,64,2
2026-06-17,000001,14:10:42,10.7800,25,2
2026-06-17,000001,14:10:45,10.7800,42,2
2026-06-17,000001,14:10:48,10.7900,38,1
2026-06-17,000001,14:10:51,10.7800,152,2
2026-06-17,000001,14:10:54,10.7800,1015,2
2026-06-17,000001,14:10:57,10.7800,64,2
2026-06-17,000001,14:11:00,10.7900,39,1
2026-06-17,000001,14:11:03,10.7800,34,2
2026-06-17,000001,14:11:06,10.7800,31,2
2026-06-17,000001,14:11:09,10.7800,143,2
2026-06-17,000001,14:11:12,10.7800,130,2
2026-06-17,000001,14:11:15,10.7800,47,2
2026-06-17,000001,14:11:18,10.7900,1,1
2026-06-17,000001,14:11:21,10.7900,240,1
2026-06-17,000001,14:11:24,10.7900,163,1
2026-06-17,000001,14:11:27,10.7900,25,1
2026-06-17,000001,14:11:30,10.7800,33,2
2026-06-17,000001,14:11:33,10.7900,102,1
2026-06-17,000001,14:11:36,10.7900,68,1
2026-06-17,000001,14:11:39,10.7900,17,1
2026-06-17,000001,14:11:42,10.7800,33,2
2026-06-17,000001,14:11:45,10.7900,3,1
2026-06-17,000001,14:11:48,10.7800,31,2
2026-06-17,000001,14:11:51,10.7800,57,2
2026-06-17,000001,14:11:54,10.7900,312,1
2026-06-17,000001,14:11:57,10.7800,53,2
2026-06-17,000001,14:12:00,10.7900,2,1
2026-06-17,000001,14:12:03,10.7900,11,1
2026-06-17,000001,14:12:06,10.7900,3,1
2026-06-17,000001,14:12:09,10.7900,31,1
2026-06-17,000001,14:12:12,10.7800,510,2
2026-06-17,000001,14:12:15,10.7900,3,1
2026-06-17,000001,14:12:18,10.7900,20,1
2026-06-17,000001,14:12:21,10.7900,42,1
2026-06-17,000001,14:12:24,10.7900,229,1
2026-06-17,000001,14:12:27,10.7900,10,1
2026-06-17,000001,14:12:30,10.7900,65,1
2026-06-17,000001,14:12:33,10.7800,38,2
2026-06-17,000001,14:12:36,10.7900,6,1
2026-06-17,000001,14:12:39,10.7900,10,1
2026-06-17,000001,14:12:42,10.7800,15,2
2026-06-17,000001,14:12:48,10.7800,7,2
2026-06-17,000001,14:12:51,10.7900,18,1
2026-06-17,000001,14:12:54,10.7900,319,1
2026-06-17,000001,14:12:57,10.7900,244,1
2026-06-17,000001,14:13:00,10.7900,45,1
2026-06-17,000001,14:13:03,10.7800,6,2
2026-06-17,000001,14:13:06,10.7900,259,1
2026-06-17,000001,14:13:09,10.7900,226,1
2026-06-17,000001,14:13:12,10.7900,4,1
2026-06-17,000001,14:13:15,10.7900,264,1
2026-06-17,000001,14:13:18,10.7900,157,1
2026-06-17,000001,14:13:21,10.7900,17,1
2026-06-17,000001,14:13:24,10.7900,108,1
2026-06-17,000001,14:13:27,10.7900,101,1
2026-06-17,000001,14:13:30,10.7900,13,1
2026-06-17,000001,14:13:33,10.7900,72,1
2026-06-17,000001,14:13:36,10.7900,168,1
2026-06-17,000001,14:13:39,10.7900,64,1
2026-06-17,000001,14:13:42,10.7900,12,1
2026-06-17,000001,14:13:45,10.7900,65,1
2026-06-17,000001,14:13:48,10.7900,29,1
2026-06-17,000001,14:13:51,10.7800,112,2
2026-06-17,000001,14:13:54,10.7900,271,1
2026-06-17,000001,14:13:57,10.7900,4,1
2026-06-17,000001,14:14:00,10.7900,171,1
2026-06-17,000001,14:14:03,10.7900,46,1
2026-06-17,000001,14:14:06,10.7900,385,1
2026-06-17,000001,14:14:09,10.7900,40,1
2026-06-17,000001,14:14:12,10.7900,19,1
2026-06-17,000001,14:14:18,10.7800,153,2
2026-06-17,000001,14:14:21,10.7800,3209,2
2026-06-17,000001,14:14:24,10.7900,66,1
2026-06-17,000001,14:14:27,10.7900,2004,1
2026-06-17,000001,14:14:30,10.7800,41,2
2026-06-17,000001,14:14:33,10.7900,71,1
2026-06-17,000001,14:14:36,10.7900,135,1
2026-06-17,000001,14:14:39,10.7900,32,1
2026-06-17,000001,14:14:42,10.7800,68,2
2026-06-17,000001,14:14:45,10.7900,54,1
2026-06-17,000001,14:14:48,10.7800,66,2
2026-06-17,000001,14:14:51,10.7800,16,2
2026-06-17,000001,14:14:54,10.7900,177,1
2026-06-17,000001,14:14:57,10.7900,54,1
2026-06-17,000001,14:15:00,10.7800,51,2
2026-06-17,000001,14:15:03,10.7800,72,2
2026-06-17,000001,14:15:06,10.7800,170,2
2026-06-17,000001,14:15:09,10.7700,8455,2
2026-06-17,000001,14:15:12,10.7800,284,1
2026-06-17,000001,14:15:15,10.7800,90,1
2026-06-17,000001,14:15:18,10.7800,64,1
2026-06-17,000001,14:15:21,10.7700,40,2
2026-06-17,000001,14:15:24,10.7800,2799,1
2026-06-17,000001,14:15:27,10.7700,104,2
2026-06-17,000001,14:15:30,10.7800,42,1
2026-06-17,000001,14:15:33,10.7700,53,2
2026-06-17,000001,14:15:39,10.7800,26,1
2026-06-17,000001,14:15:42,10.7700,2,2
2026-06-17,000001,14:15:45,10.7700,76,2
2026-06-17,000001,14:15:48,10.7800,19,1
2026-06-17,000001,14:15:51,10.7700,14,2
2026-06-17,000001,14:15:54,10.7700,4024,2
2026-06-17,000001,14:15:57,10.7700,27,2
2026-06-17,000001,14:16:00,10.7700,194,2
2026-06-17,000001,14:16:03,10.7800,22,1
2026-06-17,000001,14:16:06,10.7700,240,2
2026-06-17,000001,14:16:09,10.7700,296,2
2026-06-17,000001,14:16:12,10.7700,103,2
2026-06-17,000001,14:16:15,10.7800,145,1
2026-06-17,000001,14:16:18,10.7800,48,1
2026-06-17,000001,14:16:21,10.7800,99,1
2026-06-17,000001,14:16:24,10.7800,196,1
2026-06-17,000001,14:16:27,10.7800,186,1
2026-06-17,000001,14:16:30,10.7700,23,2
2026-06-17,000001,14:16:33,10.7700,1,2
2026-06-17,000001,14:16:36,10.7700,16,2
2026-06-17,000001,14:16:39,10.7700,46,2
2026-06-17,000001,14:16:42,10.7700,116,2
2026-06-17,000001,14:16:45,10.7800,23,1
2026-06-17,000001,14:16:48,10.7800,25,1
2026-06-17,000001,14:16:51,10.7700,1,2
2026-06-17,000001,14:16:54,10.7600,419,2
2026-06-17,000001,14:16:57,10.7700,99,2
2026-06-17,000001,14:17:00,10.7700,5,2
2026-06-17,000001,14:17:03,10.7700,22,2
2026-06-17,000001,14:17:06,10.7700,21,2
2026-06-17,000001,14:17:09,10.7800,3,1
2026-06-17,000001,14:17:12,10.7800,8,1
2026-06-17,000001,14:17:15,10.7800,2,1
2026-06-17,000001,14:17:21,10.7700,89,2
2026-06-17,000001,14:17:24,10.7700,317,2
2026-06-17,000001,14:17:27,10.7800,27,1
2026-06-17,000001,14:17:33,10.7700,42,2
2026-06-17,000001,14:17:36,10.7800,40,1
2026-06-17,000001,14:17:39,10.7800,40,1
2026-06-17,000001,14:17:42,10.7700,62,2
2026-06-17,000001,14:17:45,10.7800,33,1
2026-06-17,000001,14:17:48,10.7700,40,2
2026-06-17,000001,14:17:51,10.7700,32,2
2026-06-17,000001,14:17:54,10.7700,105,2
2026-06-17,000001,14:17:57,10.7800,17,1
2026-06-17,000001,14:18:00,10.7800,10,1
2026-06-17,000001,14:18:03,10.7700,50,2
2026-06-17,000001,14:18:06,10.7800,36,1
2026-06-17,000001,14:18:09,10.7800,33,1
2026-06-17,000001,14:18:12,10.7800,14,1
2026-06-17,000001,14:18:15,10.7700,55,2
2026-06-17,000001,14:18:18,10.7800,18,1
2026-06-17,000001,14:18:21,10.7700,1,2
2026-06-17,000001,14:18:24,10.7800,217,1
2026-06-17,000001,14:18:27,10.7700,84,2
2026-06-17,000001,14:18:30,10.7700,72,2
2026-06-17,000001,14:18:33,10.7700,45,2
2026-06-17,000001,14:18:36,10.7800,8,1
2026-06-17,000001,14:18:39,10.7700,212,2
2026-06-17,000001,14:18:42,10.7700,28,2
2026-06-17,000001,14:18:45,10.7800,142,1
2026-06-17,000001,14:18:48,10.7800,84,1
2026-06-17,000001,14:18:51,10.7700,4,2
2026-06-17,000001,14:18:54,10.7700,187,2
2026-06-17,000001,14:18:57,10.7800,25,1
2026-06-17,000001,14:19:00,10.7800,7,1
2026-06-17,000001,14:19:03,10.7700,1,2
2026-06-17,000001,14:19:06,10.7700,23,2
2026-06-17,000001,14:19:09,10.7700,27,2
2026-06-17,000001,14:19:12,10.7800,17,1
2026-06-17,000001,14:19:15,10.7800,1,1
2026-06-17,000001,14:19:18,10.7800,143,1
2026-06-17,000001,14:19:21,10.7800,352,1
2026-06-17,000001,14:19:24,10.7700,366,2
2026-06-17,000001,14:19:30,10.7800,32,1
2026-06-17,000001,14:19:33,10.7700,58,2
2026-06-17,000001,14:19:36,10.7700,90,2
2026-06-17,000001,14:19:39,10.7700,16,2
2026-06-17,000001,14:19:42,10.7800,101,1
2026-06-17,000001,14:19:45,10.7700,58,2
2026-06-17,000001,14:19:48,10.7700,116,2
2026-06-17,000001,14:19:51,10.7700,21,2
2026-06-17,000001,14:19:54,10.7800,170,1
2026-06-17,000001,14:19:57,10.7800,25,1
2026-06-17,000001,14:20:00,10.7800,28,1
2026-06-17,000001,14:20:03,10.7800,30,1
2026-06-17,000001,14:20:09,10.7800,6,1
2026-06-17,000001,14:20:12,10.7800,7,1
2026-06-17,000001,14:20:15,10.7700,24,2
2026-06-17,000001,14:20:18,10.7800,61,1
2026-06-17,000001,14:20:21,10.7700,7,2
2026-06-17,000001,14:20:24,10.7700,461,2
2026-06-17,000001,14:20:27,10.7800,30,1
2026-06-17,000001,14:20:30,10.7800,3,1
2026-06-17,000001,14:20:33,10.7700,34,2
2026-06-17,000001,14:20:36,10.7800,4,1
2026-06-17,000001,14:20:39,10.7800,54,1
2026-06-17,000001,14:20:42,10.7700,113,2
2026-06-17,000001,14:20:45,10.7800,97,1
2026-06-17,000001,14:20:48,10.7700,110,2
2026-06-17,000001,14:20:51,10.7700,18,2
2026-06-17,000001,14:20:54,10.7800,126,1
2026-06-17,000001,14:20:57,10.7700,120,2
2026-06-17,000001,14:21:00,10.7800,73,1
2026-06-17,000001,14:21:03,10.7800,6,1
2026-06-17,000001,14:21:06,10.7700,29,2
2026-06-17,000001,14:21:09,10.7800,364,1
2026-06-17,000001,14:21:12,10.7800,38,1
2026-06-17,000001,14:21:15,10.7800,40,1
2026-06-17,000001,14:21:18,10.7800,19,1
2026-06-17,000001,14:21:21,10.7700,57,2
2026-06-17,000001,14:21:24,10.7700,266,2
2026-06-17,000001,14:21:27,10.7700,80,2
2026-06-17,000001,14:21:30,10.7800,131,1
2026-06-17,000001,14:21:33,10.7800,168,1
2026-06-17,000001,14:21:36,10.7800,47,1
2026-06-17,000001,14:21:39,10.7800,91,1
2026-06-17,000001,14:21:42,10.7700,129,2
2026-06-17,000001,14:21:45,10.7700,23,2
2026-06-17,000001,14:21:48,10.7800,11,1
2026-06-17,000001,14:21:51,10.7800,18,1
2026-06-17,000001,14:21:54,10.7800,346,1
2026-06-17,000001,14:21:57,10.7800,17,1
2026-06-17,000001,14:22:00,10.7700,50,2
2026-06-17,000001,14:22:03,10.7800,34,1
2026-06-17,000001,14:22:06,10.7700,37,2
2026-06-17,000001,14:22:09,10.7800,36,1
2026-06-17,000001,14:22:12,10.7800,247,1
2026-06-17,000001,14:22:15,10.7800,28,1
2026-06-17,000001,14:22:18,10.7800,60,1
2026-06-17,000001,14:22:21,10.7800,66,1
2026-06-17,000001,14:22:24,10.7800,333,1
2026-06-17,000001,14:22:27,10.7700,220,2
2026-06-17,000001,14:22:30,10.7700,135,2
2026-06-17,000001,14:22:33,10.7700,75,2
2026-06-17,000001,14:22:36,10.7700,70,2
2026-06-17,000001,14:22:39,10.7700,58,2
2026-06-17,000001,14:22:42,10.7700,67,2
2026-06-17,000001,14:22:45,10.7700,501,2
2026-06-17,000001,14:22:48,10.7700,187,2
2026-06-17,000001,14:22:51,10.7800,81,1
2026-06-17,000001,14:22:54,10.7800,464,1
2026-06-17,000001,14:22:57,10.7800,66,1
2026-06-17,000001,14:23:00,10.7700,1,2
2026-06-17,000001,14:23:03,10.7700,48,2
2026-06-17,000001,14:23:09,10.7800,40,1
2026-06-17,000001,14:23:12,10.7700,292,2
2026-06-17,000001,14:23:15,10.7700,31,2
2026-06-17,000001,14:23:18,10.7800,4,1
2026-06-17,000001,14:23:21,10.7800,114,1
2026-06-17,000001,14:23:24,10.7800,677,1
2026-06-17,000001,14:23:27,10.7700,159,2
2026-06-17,000001,14:23:30,10.7700,257,2
2026-06-17,000001,14:23:33,10.7700,540,2
2026-06-17,000001,14:23:36,10.7700,1122,2
2026-06-17,000001,14:23:39,10.7600,1630,2
2026-06-17,000001,14:23:42,10.7700,102,1
2026-06-17,000001,14:23:45,10.7700,1731,1
2026-06-17,000001,14:23:48,10.7700,531,2
2026-06-17,000001,14:23:51,10.7700,297,1
2026-06-17,000001,14:23:54,10.7700,508,2
2026-06-17,000001,14:23:57,10.7800,120,1
2026-06-17,000001,14:24:00,10.7700,63,2
2026-06-17,000001,14:24:03,10.7700,112,2
2026-06-17,000001,14:24:06,10.7700,280,2
2026-06-17,000001,14:24:09,10.7700,6,2
2026-06-17,000001,14:24:12,10.7700,31,2
2026-06-17,000001,14:24:15,10.7700,1074,2
2026-06-17,000001,14:24:18,10.7800,88,1
2026-06-17,000001,14:24:21,10.7700,216,2
2026-06-17,000001,14:24:24,10.7800,2698,1
2026-06-17,000001,14:24:27,10.7800,559,1
2026-06-17,000001,14:24:33,10.7700,27,2
2026-06-17,000001,14:24:36,10.7700,5,2
2026-06-17,000001,14:24:39,10.7700,37,2
2026-06-17,000001,14:24:42,10.7700,101,2
2026-06-17,000001,14:24:45,10.7700,76,2
2026-06-17,000001,14:24:48,10.7700,138,2
2026-06-17,000001,14:24:51,10.7700,171,2
2026-06-17,000001,14:24:54,10.7600,1161,2
2026-06-17,000001,14:24:57,10.7800,84,1
2026-06-17,000001,14:25:00,10.7700,104,4
2026-06-17,000001,14:25:03,10.7600,43,2
2026-06-17,000001,14:25:06,10.7800,93,1
2026-06-17,000001,14:25:09,10.7600,73,2
2026-06-17,000001,14:25:12,10.7600,42,2
2026-06-17,000001,14:25:15,10.7700,65,4
2026-06-17,000001,14:25:18,10.7800,200,1
2026-06-17,000001,14:25:21,10.7700,118,2
2026-06-17,000001,14:25:24,10.7800,552,1
2026-06-17,000001,14:25:27,10.7800,37,1
2026-06-17,000001,14:25:30,10.7700,2,2
2026-06-17,000001,14:25:33,10.7700,109,2
2026-06-17,000001,14:25:36,10.7700,145,2
2026-06-17,000001,14:25:39,10.7800,10,1
2026-06-17,000001,14:25:48,10.7800,113,1
2026-06-17,000001,14:25:51,10.7800,8,1
2026-06-17,000001,14:25:54,10.7700,494,2
2026-06-17,000001,14:25:57,10.7700,81,2
2026-06-17,000001,14:26:00,10.7700,5,2
2026-06-17,000001,14:26:03,10.7700,60,2
2026-06-17,000001,14:26:06,10.7700,110,2
2026-06-17,000001,14:26:09,10.7600,105,2
2026-06-17,000001,14:26:12,10.7800,178,1
2026-06-17,000001,14:26:15,10.7800,43,1
2026-06-17,000001,14:26:18,10.7700,53,2
2026-06-17,000001,14:26:24,10.7600,298,2
2026-06-17,000001,14:26:27,10.7700,363,2
2026-06-17,000001,14:26:30,10.7700,69,2
2026-06-17,000001,14:26:33,10.7600,21,2
2026-06-17,000001,14:26:36,10.7700,23,2
2026-06-17,000001,14:26:39,10.7700,65,2
2026-06-17,000001,14:26:42,10.7700,43,2
2026-06-17,000001,14:26:45,10.7700,174,2
2026-06-17,000001,14:26:48,10.7700,93,1
2026-06-17,000001,14:26:51,10.7700,87,1
2026-06-17,000001,14:26:54,10.7700,324,1
2026-06-17,000001,14:26:57,10.7700,184,1
2026-06-17,000001,14:27:00,10.7700,45,1
2026-06-17,000001,14:27:03,10.7700,51,1
2026-06-17,000001,14:27:06,10.7700,65,1
2026-06-17,000001,14:27:09,10.7700,210,1
2026-06-17,000001,14:27:12,10.7600,39,2
2026-06-17,000001,14:27:15,10.7600,82,2
2026-06-17,000001,14:27:18,10.7700,37,1
2026-06-17,000001,14:27:21,10.7600,615,2
2026-06-17,000001,14:27:24,10.7600,33,2
2026-06-17,000001,14:27:27,10.7600,103,2
2026-06-17,000001,14:27:30,10.7700,219,1
2026-06-17,000001,14:27:33,10.7700,157,2
2026-06-17,000001,14:27:36,10.7700,214,2
2026-06-17,000001,14:27:39,10.7700,133,2
2026-06-17,000001,14:27:42,10.7700,93,2
2026-06-17,000001,14:27:45,10.7700,24,2
2026-06-17,000001,14:27:48,10.7800,60,1
2026-06-17,000001,14:27:51,10.7700,18,2
2026-06-17,000001,14:27:54,10.7700,229,2
2026-06-17,000001,14:27:57,10.7700,38,2
2026-06-17,000001,14:28:00,10.7800,167,1
2026-06-17,000001,14:28:03,10.7700,100,2
2026-06-17,000001,14:28:06,10.7700,37,1
2026-06-17,000001,14:28:09,10.7600,21,2
2026-06-17,000001,14:28:12,10.7700,116,1
2026-06-17,000001,14:28:15,10.7700,93,1
2026-06-17,000001,14:28:18,10.7700,63,1
2026-06-17,000001,14:28:21,10.7700,51,1
2026-06-17,000001,14:28:24,10.7700,696,1
2026-06-17,000001,14:28:27,10.7600,13,2
2026-06-17,000001,14:28:30,10.7600,54,2
2026-06-17,000001,14:28:33,10.7600,5,2
2026-06-17,000001,14:28:36,10.7700,14,1
2026-06-17,000001,14:28:39,10.7600,78,2
2026-06-17,000001,14:28:42,10.7600,15,2
2026-06-17,000001,14:28:45,10.7700,48,1
2026-06-17,000001,14:28:48,10.7700,48,1
2026-06-17,000001,14:28:51,10.7600,56,2
2026-06-17,000001,14:28:54,10.7700,489,1
2026-06-17,000001,14:28:57,10.7600,80,2
2026-06-17,000001,14:29:00,10.7600,299,2
2026-06-17,000001,14:29:03,10.7600,88,2
2026-06-17,000001,14:29:06,10.7600,68,2
2026-06-17,000001,14:29:09,10.7700,149,1
2026-06-17,000001,14:29:12,10.7700,27,1
2026-06-17,000001,14:29:15,10.7600,393,2
2026-06-17,000001,14:29:18,10.7700,88,1
2026-06-17,000001,14:29:21,10.7700,109,1
2026-06-17,000001,14:29:24,10.7600,257,2
2026-06-17,000001,14:29:27,10.7700,156,1
2026-06-17,000001,14:29:30,10.7700,35,1
2026-06-17,000001,14:29:33,10.7600,107,2
2026-06-17,000001,14:29:36,10.7600,5721,2
2026-06-17,000001,14:29:39,10.7600,369,2
2026-06-17,000001,14:29:42,10.7600,166,2
2026-06-17,000001,14:29:45,10.7600,5,2
2026-06-17,000001,14:29:48,10.7600,180,2
2026-06-17,000001,14:29:51,10.7700,26,1
2026-06-17,000001,14:29:54,10.7600,754,2
2026-06-17,000001,14:29:57,10.7600,39,2
2026-06-17,000001,14:30:00,10.7600,94,2
2026-06-17,000001,14:30:03,10.7600,497,1
2026-06-17,000001,14:30:06,10.7600,72,2
2026-06-17,000001,14:30:09,10.7600,48,2
2026-06-17,000001,14:30:12,10.7600,1,2
2026-06-17,000001,14:30:15,10.7600,34,2
2026-06-17,000001,14:30:18,10.7600,57,2
2026-06-17,000001,14:30:21,10.7600,17,2
2026-06-17,000001,14:30:24,10.7600,2981,2
2026-06-17,000001,14:30:27,10.7600,4,2
2026-06-17,000001,14:30:33,10.7700,12,1
2026-06-17,000001,14:30:39,10.7600,101,2
2026-06-17,000001,14:30:45,10.7600,411,2
2026-06-17,000001,14:30:51,10.7600,51,2
2026-06-17,000001,14:31:00,10.7600,486,2
2026-06-17,000001,14:31:06,10.7700,77,1
2026-06-17,000001,14:31:15,10.7600,965,2
2026-06-17,000001,14:31:18,10.7600,32,2
2026-06-17,000001,14:31:21,10.7700,53,1
2026-06-17,000001,14:31:27,10.7600,1073,2
2026-06-17,000001,14:31:33,10.7600,111,2
2026-06-17,000001,14:31:39,10.7600,65,2
2026-06-17,000001,14:31:42,10.7600,61,2
2026-06-17,000001,14:31:45,10.7700,37,1
2026-06-17,000001,14:31:48,10.7700,17,1
2026-06-17,000001,14:31:51,10.7600,47,2
2026-06-17,000001,14:31:54,10.7600,841,2
2026-06-17,000001,14:31:57,10.7600,75,2
2026-06-17,000001,14:32:00,10.7600,33,2
2026-06-17,000001,14:32:03,10.7600,36,2
2026-06-17,000001,14:32:06,10.7600,7,2
2026-06-17,000001,14:32:09,10.7600,85,2
2026-06-17,000001,14:32:12,10.7600,61,2
2026-06-17,000001,14:32:15,10.7600,1875,2
2026-06-17,000001,14:32:18,10.7700,274,1
2026-06-17,000001,14:32:24,10.7700,524,1
2026-06-17,000001,14:32:27,10.7600,268,2
2026-06-17,000001,14:32:30,10.7700,9,1
2026-06-17,000001,14:32:33,10.7600,62,2
2026-06-17,000001,14:32:36,10.7600,74,2
2026-06-17,000001,14:32:42,10.7600,16,2
2026-06-17,000001,14:32:45,10.7700,136,1
2026-06-17,000001,14:32:48,10.7600,25,2
2026-06-17,000001,14:32:51,10.7600,22,2
2026-06-17,000001,14:32:54,10.7600,1271,2
2026-06-17,000001,14:32:57,10.7600,188,2
2026-06-17,000001,14:33:00,10.7700,30,1
2026-06-17,000001,14:33:03,10.7600,44,2
2026-06-17,000001,14:33:06,10.7600,270,2
2026-06-17,000001,14:33:09,10.7600,350,2
2026-06-17,000001,14:33:12,10.7700,150,1
2026-06-17,000001,14:33:15,10.7700,2,1
2026-06-17,000001,14:33:18,10.7700,13,1
2026-06-17,000001,14:33:21,10.7600,24,2
2026-06-17,000001,14:33:24,10.7700,344,1
2026-06-17,000001,14:33:27,10.7700,2,1
2026-06-17,000001,14:33:30,10.7700,8,1
2026-06-17,000001,14:33:33,10.7600,27,2
2026-06-17,000001,14:33:36,10.7600,23,2
2026-06-17,000001,14:33:39,10.7700,95,1
2026-06-17,000001,14:33:42,10.7600,24,2
2026-06-17,000001,14:33:45,10.7600,16,2
2026-06-17,000001,14:33:48,10.7700,776,1
2026-06-17,000001,14:33:51,10.7700,121,1
2026-06-17,000001,14:33:54,10.7700,512,1
2026-06-17,000001,14:33:57,10.7600,17,2
2026-06-17,000001,14:34:00,10.7700,5,1
2026-06-17,000001,14:34:03,10.7600,206,2
2026-06-17,000001,14:34:06,10.7700,153,1
2026-06-17,000001,14:34:09,10.7700,144,1
2026-06-17,000001,14:34:12,10.7700,111,1
2026-06-17,000001,14:34:15,10.7600,45,2
2026-06-17,000001,14:34:18,10.7600,31,2
2026-06-17,000001,14:34:24,10.7700,518,1
2026-06-17,000001,14:34:27,10.7700,211,1
2026-06-17,000001,14:34:30,10.7700,378,1
2026-06-17,000001,14:34:33,10.7600,91,2
2026-06-17,000001,14:34:36,10.7700,17,1
2026-06-17,000001,14:34:39,10.7700,166,1
2026-06-17,000001,14:34:42,10.7700,308,1
2026-06-17,000001,14:34:45,10.7700,11,1
2026-06-17,000001,14:34:48,10.7600,48,2
2026-06-17,000001,14:34:51,10.7700,577,1
2026-06-17,000001,14:34:54,10.7700,383,1
2026-06-17,000001,14:34:57,10.7700,107,1
2026-06-17,000001,14:35:00,10.7700,61,1
2026-06-17,000001,14:35:03,10.7700,33,1
2026-06-17,000001,14:35:06,10.7700,1,1
2026-06-17,000001,14:35:09,10.7600,130,2
2026-06-17,000001,14:35:12,10.7700,286,1
2026-06-17,000001,14:35:15,10.7700,146,1
2026-06-17,000001,14:35:18,10.7700,902,1
2026-06-17,000001,14:35:21,10.7600,130,2
2026-06-17,000001,14:35:24,10.7600,422,2
2026-06-17,000001,14:35:27,10.7700,9,1
2026-06-17,000001,14:35:30,10.7700,143,1
2026-06-17,000001,14:35:33,10.7700,280,1
2026-06-17,000001,14:35:36,10.7600,121,2
2026-06-17,000001,14:35:39,10.7700,95,1
2026-06-17,000001,14:35:42,10.7700,192,1
2026-06-17,000001,14:35:45,10.7700,93,1
2026-06-17,000001,14:35:48,10.7700,206,1
2026-06-17,000001,14:35:51,10.7700,339,1
2026-06-17,000001,14:35:54,10.7600,1223,2
2026-06-17,000001,14:35:57,10.7700,435,1
2026-06-17,000001,14:36:00,10.7700,1509,1
2026-06-17,000001,14:36:03,10.7700,5,1
2026-06-17,000001,14:36:06,10.7700,167,1
2026-06-17,000001,14:36:09,10.7600,45,2
2026-06-17,000001,14:36:12,10.7700,130,1
2026-06-17,000001,14:36:15,10.7600,130,2
2026-06-17,000001,14:36:18,10.7600,12,2
2026-06-17,000001,14:36:21,10.7700,66,1
2026-06-17,000001,14:36:24,10.7700,602,1
2026-06-17,000001,14:36:27,10.7600,92,2
2026-06-17,000001,14:36:30,10.7700,37,1
2026-06-17,000001,14:36:33,10.7600,62,2
2026-06-17,000001,14:36:36,10.7700,152,1
2026-06-17,000001,14:36:39,10.7700,137,1
2026-06-17,000001,14:36:42,10.7600,63,2
2026-06-17,000001,14:36:45,10.7600,247,2
2026-06-17,000001,14:36:48,10.7700,98,1
2026-06-17,000001,14:36:51,10.7600,53,2
2026-06-17,000001,14:36:54,10.7700,1348,1
2026-06-17,000001,14:36:57,10.7600,258,2
2026-06-17,000001,14:37:00,10.7700,26,1
2026-06-17,000001,14:37:03,10.7600,305,2
2026-06-17,000001,14:37:06,10.7600,102,2
2026-06-17,000001,14:37:09,10.7700,75,1
2026-06-17,000001,14:37:12,10.7600,17,2
2026-06-17,000001,14:37:15,10.7700,72,1
2026-06-17,000001,14:37:18,10.7700,231,1
2026-06-17,000001,14:37:21,10.7700,165,1
2026-06-17,000001,14:37:24,10.7600,484,2
2026-06-17,000001,14:37:27,10.7600,64,2
2026-06-17,000001,14:37:30,10.7600,306,2
2026-06-17,000001,14:37:33,10.7600,386,2
2026-06-17,000001,14:37:36,10.7600,92,2
2026-06-17,000001,14:37:39,10.7700,37,1
2026-06-17,000001,14:37:42,10.7600,81,2
2026-06-17,000001,14:37:45,10.7700,150,1
2026-06-17,000001,14:37:48,10.7600,69,2
2026-06-17,000001,14:37:51,10.7600,74,2
2026-06-17,000001,14:37:54,10.7700,365,1
2026-06-17,000001,14:37:57,10.7700,13,1
2026-06-17,000001,14:38:00,10.7700,36,1
2026-06-17,000001,14:38:03,10.7600,88,2
2026-06-17,000001,14:38:06,10.7700,88,1
2026-06-17,000001,14:38:09,10.7700,158,1
2026-06-17,000001,14:38:12,10.7700,59,1
2026-06-17,000001,14:38:15,10.7600,95,2
2026-06-17,000001,14:38:18,10.7600,85,2
2026-06-17,000001,14:38:21,10.7600,282,2
2026-06-17,000001,14:38:24,10.7600,794,2
2026-06-17,000001,14:38:27,10.7600,383,2
2026-06-17,000001,14:38:30,10.7600,92,2
2026-06-17,000001,14:38:33,10.7600,240,2
2026-06-17,000001,14:38:36,10.7600,29,2
2026-06-17,000001,14:38:39,10.7600,31,2
2026-06-17,000001,14:38:42,10.7600,866,2
2026-06-17,000001,14:38:45,10.7500,2350,2
2026-06-17,000001,14:38:48,10.7600,316,1
2026-06-17,000001,14:38:51,10.7600,187,1
2026-06-17,000001,14:38:54,10.7600,393,1
2026-06-17,000001,14:38:57,10.7500,155,2
2026-06-17,000001,14:39:00,10.7500,16,2
2026-06-17,000001,14:39:03,10.7600,136,1
2026-06-17,000001,14:39:06,10.7600,13,1
2026-06-17,000001,14:39:09,10.7600,112,1
2026-06-17,000001,14:39:12,10.7600,296,1
2026-06-17,000001,14:39:15,10.7600,8,1
2026-06-17,000001,14:39:18,10.7600,364,1
2026-06-17,000001,14:39:21,10.7600,60,1
2026-06-17,000001,14:39:24,10.7600,3590,1
2026-06-17,000001,14:39:27,10.7600,256,1
2026-06-17,000001,14:39:30,10.7500,103,2
2026-06-17,000001,14:39:33,10.7600,178,1
2026-06-17,000001,14:39:36,10.7600,54,1
2026-06-17,000001,14:39:39,10.7600,166,1
2026-06-17,000001,14:39:42,10.7600,14,1
2026-06-17,000001,14:39:45,10.7500,12,2
2026-06-17,000001,14:39:48,10.7600,163,1
2026-06-17,000001,14:39:51,10.7500,81,2
2026-06-17,000001,14:39:54,10.7600,382,1
2026-06-17,000001,14:39:57,10.7500,101,2
2026-06-17,000001,14:40:00,10.7600,173,1
2026-06-17,000001,14:40:03,10.7600,189,1
2026-06-17,000001,14:40:06,10.7600,4,1
2026-06-17,000001,14:40:09,10.7600,147,1
2026-06-17,000001,14:40:12,10.7500,152,2
2026-06-17,000001,14:40:15,10.7600,286,1
2026-06-17,000001,14:40:18,10.7600,334,1
2026-06-17,000001,14:40:21,10.7600,33,1
2026-06-17,000001,14:40:24,10.7500,1766,2
2026-06-17,000001,14:40:27,10.7600,173,1
2026-06-17,000001,14:40:30,10.7500,65,2
2026-06-17,000001,14:40:33,10.7600,25,1
2026-06-17,000001,14:40:36,10.7600,170,1
2026-06-17,000001,14:40:39,10.7500,172,2
2026-06-17,000001,14:40:42,10.7600,102,1
2026-06-17,000001,14:40:45,10.7600,305,1
2026-06-17,000001,14:40:48,10.7500,266,2
2026-06-17,000001,14:40:51,10.7600,1382,1
2026-06-17,000001,14:40:54,10.7600,800,1
2026-06-17,000001,14:40:57,10.7500,173,2
2026-06-17,000001,14:41:00,10.7500,129,2
2026-06-17,000001,14:41:03,10.7600,22,1
2026-06-17,000001,14:41:06,10.7500,217,2
2026-06-17,000001,14:41:09,10.7600,76,1
2026-06-17,000001,14:41:12,10.7500,164,2
2026-06-17,000001,14:41:15,10.7500,282,2
2026-06-17,000001,14:41:18,10.7600,5,1
2026-06-17,000001,14:41:21,10.7500,621,2
2026-06-17,000001,14:41:24,10.7500,449,2
2026-06-17,000001,14:41:27,10.7600,579,1
2026-06-17,000001,14:41:30,10.7600,179,1
2026-06-17,000001,14:41:33,10.7600,149,1
2026-06-17,000001,14:41:36,10.7600,251,1
2026-06-17,000001,14:41:39,10.7600,82,1
2026-06-17,000001,14:41:42,10.7600,24,1
2026-06-17,000001,14:41:45,10.7600,47,1
2026-06-17,000001,14:41:48,10.7600,81,1
2026-06-17,000001,14:41:51,10.7600,59,1
2026-06-17,000001,14:41:54,10.7500,666,2
2026-06-17,000001,14:41:57,10.7500,166,2
2026-06-17,000001,14:42:00,10.7500,265,2
2026-06-17,000001,14:42:03,10.7500,267,2
2026-06-17,000001,14:42:06,10.7600,2301,1
2026-06-17,000001,14:42:09,10.7600,202,2
2026-06-17,000001,14:42:12,10.7600,231,1
2026-06-17,000001,14:42:15,10.7600,182,1
2026-06-17,000001,14:42:18,10.7600,263,1
2026-06-17,000001,14:42:21,10.7600,322,4
2026-06-17,000001,14:42:24,10.7500,77,2
2026-06-17,000001,14:42:27,10.7600,39,1
2026-06-17,000001,14:42:30,10.7600,96,1
2026-06-17,000001,14:42:33,10.7600,85,1
2026-06-17,000001,14:42:36,10.7600,37,1
2026-06-17,000001,14:42:39,10.7600,64,1
2026-06-17,000001,14:42:42,10.7600,157,1
2026-06-17,000001,14:42:45,10.7600,606,1
2026-06-17,000001,14:42:48,10.7600,147,1
2026-06-17,000001,14:42:51,10.7600,386,1
2026-06-17,000001,14:42:54,10.7600,648,1
2026-06-17,000001,14:42:57,10.7600,274,2
2026-06-17,000001,14:43:00,10.7600,101,1
2026-06-17,000001,14:43:03,10.7600,73,1
2026-06-17,000001,14:43:06,10.7600,21,1
2026-06-17,000001,14:43:09,10.7600,16,1
2026-06-17,000001,14:43:12,10.7600,217,1
2026-06-17,000001,14:43:15,10.7600,26,1
2026-06-17,000001,14:43:18,10.7600,192,1
2026-06-17,000001,14:43:21,10.7600,151,1
2026-06-17,000001,14:43:24,10.7600,163,1
2026-06-17,000001,14:43:27,10.7600,449,1
2026-06-17,000001,14:43:30,10.7500,520,2
2026-06-17,000001,14:43:33,10.7600,190,1
2026-06-17,000001,14:43:36,10.7600,587,1
2026-06-17,000001,14:43:39,10.7600,35,1
2026-06-17,000001,14:43:42,10.7600,36,1
2026-06-17,000001,14:43:45,10.7600,40,1
2026-06-17,000001,14:43:48,10.7600,56,1
2026-06-17,000001,14:43:51,10.7500,70,2
2026-06-17,000001,14:43:54,10.7600,338,1
2026-06-17,000001,14:43:57,10.7500,299,2
2026-06-17,000001,14:44:00,10.7600,95,1
2026-06-17,000001,14:44:03,10.7600,149,1
2026-06-17,000001,14:44:06,10.7600,101,1
2026-06-17,000001,14:44:09,10.7600,71,1
2026-06-17,000001,14:44:12,10.7600,44,1
2026-06-17,000001,14:44:15,10.7600,87,1
2026-06-17,000001,14:44:18,10.7600,62,1
2026-06-17,000001,14:44:21,10.7600,45,1
2026-06-17,000001,14:44:24,10.7600,881,1
2026-06-17,000001,14:44:27,10.7600,210,1
2026-06-17,000001,14:44:30,10.7600,430,1
2026-06-17,000001,14:44:33,10.7600,114,1
2026-06-17,000001,14:44:36,10.7600,465,2
2026-06-17,000001,14:44:39,10.7600,218,1
2026-06-17,000001,14:44:42,10.7600,109,2
2026-06-17,000001,14:44:45,10.7700,84,1
2026-06-17,000001,14:44:48,10.7600,78,2
2026-06-17,000001,14:44:51,10.7600,294,2
2026-06-17,000001,14:44:54,10.7600,294,1
2026-06-17,000001,14:44:57,10.7600,87,1
2026-06-17,000001,14:45:00,10.7600,697,1
2026-06-17,000001,14:45:03,10.7600,76,4
2026-06-17,000001,14:45:06,10.7700,324,1
2026-06-17,000001,14:45:09,10.7600,208,2
2026-06-17,000001,14:45:12,10.7600,100,2
2026-06-17,000001,14:45:15,10.7700,106,1
2026-06-17,000001,14:45:18,10.7600,67,2
2026-06-17,000001,14:45:21,10.7700,83,1
2026-06-17,000001,14:45:24,10.7700,593,1
2026-06-17,000001,14:45:27,10.7600,97,2
2026-06-17,000001,14:45:30,10.7700,139,1
2026-06-17,000001,14:45:33,10.7700,205,1
2026-06-17,000001,14:45:36,10.7600,384,2
2026-06-17,000001,14:45:39,10.7600,450,2
2026-06-17,000001,14:45:42,10.7600,132,2
2026-06-17,000001,14:45:45,10.7600,346,2
2026-06-17,000001,14:45:48,10.7600,24,2
2026-06-17,000001,14:45:51,10.7600,16,2
2026-06-17,000001,14:45:54,10.7600,853,2
2026-06-17,000001,14:45:57,10.7600,13,2
2026-06-17,000001,14:46:00,10.7600,16,2
2026-06-17,000001,14:46:03,10.7700,70,1
2026-06-17,000001,14:46:06,10.7700,204,1
2026-06-17,000001,14:46:09,10.7600,109,2
2026-06-17,000001,14:46:12,10.7700,135,1
2026-06-17,000001,14:46:15,10.7600,124,2
2026-06-17,000001,14:46:18,10.7700,95,1
2026-06-17,000001,14:46:21,10.7600,58,2
2026-06-17,000001,14:46:24,10.7700,1079,1
2026-06-17,000001,14:46:27,10.7700,40,1
2026-06-17,000001,14:46:30,10.7600,61,2
2026-06-17,000001,14:46:33,10.7700,16,1
2026-06-17,000001,14:46:36,10.7600,98,2
2026-06-17,000001,14:46:42,10.7700,60,1
2026-06-17,000001,14:46:45,10.7600,100,2
2026-06-17,000001,14:46:48,10.7700,11,1
2026-06-17,000001,14:46:51,10.7700,34,1
2026-06-17,000001,14:46:54,10.7600,629,2
2026-06-17,000001,14:46:57,10.7700,86,1
2026-06-17,000001,14:47:00,10.7700,50,1
2026-06-17,000001,14:47:03,10.7700,22,1
2026-06-17,000001,14:47:06,10.7600,284,2
2026-06-17,000001,14:47:09,10.7600,457,2
2026-06-17,000001,14:47:12,10.7700,1871,1
2026-06-17,000001,14:47:15,10.7700,166,1
2026-06-17,000001,14:47:18,10.7600,67,2
2026-06-17,000001,14:47:21,10.7700,301,1
2026-06-17,000001,14:47:24,10.7700,1115,1
2026-06-17,000001,14:47:27,10.7700,716,2
2026-06-17,000001,14:47:30,10.7700,6,1
2026-06-17,000001,14:47:33,10.7700,54,1
2026-06-17,000001,14:47:36,10.7700,41,1
2026-06-17,000001,14:47:39,10.7700,131,1
2026-06-17,000001,14:47:42,10.7700,36,1
2026-06-17,000001,14:47:45,10.7700,219,1
2026-06-17,000001,14:47:48,10.7700,10,1
2026-06-17,000001,14:47:51,10.7600,221,2
2026-06-17,000001,14:47:54,10.7600,620,2
2026-06-17,000001,14:47:57,10.7700,236,1
2026-06-17,000001,14:48:00,10.7600,46,2
2026-06-17,000001,14:48:03,10.7600,2310,2
2026-06-17,000001,14:48:06,10.7600,137,2
2026-06-17,000001,14:48:09,10.7700,184,1
2026-06-17,000001,14:48:12,10.7700,309,1
2026-06-17,000001,14:48:15,10.7700,534,1
2026-06-17,000001,14:48:18,10.7700,190,1
2026-06-17,000001,14:48:21,10.7700,85,1
2026-06-17,000001,14:48:24,10.7700,307,1
2026-06-17,000001,14:48:27,10.7600,33,2
2026-06-17,000001,14:48:30,10.7600,162,2
2026-06-17,000001,14:48:33,10.7600,146,2
2026-06-17,000001,14:48:36,10.7600,294,2
2026-06-17,000001,14:48:39,10.7700,25,1
2026-06-17,000001,14:48:42,10.7700,46,1
2026-06-17,000001,14:48:45,10.7600,16,2
2026-06-17,000001,14:48:48,10.7700,74,1
2026-06-17,000001,14:48:51,10.7700,2338,1
2026-06-17,000001,14:48:54,10.7700,377,2
2026-06-17,000001,14:48:57,10.7600,157,2
2026-06-17,000001,14:49:00,10.7700,209,1
2026-06-17,000001,14:49:03,10.7700,160,1
2026-06-17,000001,14:49:06,10.7700,192,2
2026-06-17,000001,14:49:09,10.7700,28,2
2026-06-17,000001,14:49:12,10.7800,22,1
2026-06-17,000001,14:49:15,10.7700,229,2
2026-06-17,000001,14:49:18,10.7800,79,1
2026-06-17,000001,14:49:21,10.7800,308,1
2026-06-17,000001,14:49:24,10.7800,203,1
2026-06-17,000001,14:49:27,10.7800,804,1
2026-06-17,000001,14:49:30,10.7700,197,2
2026-06-17,000001,14:49:33,10.7800,102,1
2026-06-17,000001,14:49:36,10.7600,927,2
2026-06-17,000001,14:49:39,10.7700,390,1
2026-06-17,000001,14:49:42,10.7800,173,1
2026-06-17,000001,14:49:45,10.7700,280,2
2026-06-17,000001,14:49:48,10.7700,313,2
2026-06-17,000001,14:49:51,10.7700,242,2
2026-06-17,000001,14:49:54,10.7700,39,4
2026-06-17,000001,14:49:57,10.7700,41,2
2026-06-17,000001,14:50:00,10.7600,94,2
2026-06-17,000001,14:50:03,10.7700,109,1
2026-06-17,000001,14:50:06,10.7600,292,2
2026-06-17,000001,14:50:09,10.7700,569,1
2026-06-17,000001,14:50:12,10.7600,71,2
2026-06-17,000001,14:50:15,10.7700,221,1
2026-06-17,000001,14:50:18,10.7700,359,1
2026-06-17,000001,14:50:21,10.7700,224,1
2026-06-17,000001,14:50:24,10.7600,111,2
2026-06-17,000001,14:50:27,10.7600,37,2
2026-06-17,000001,14:50:30,10.7700,334,1
2026-06-17,000001,14:50:33,10.7600,354,2
2026-06-17,000001,14:50:36,10.7700,286,1
2026-06-17,000001,14:50:39,10.7700,92,1
2026-06-17,000001,14:50:42,10.7600,5967,2
2026-06-17,000001,14:50:45,10.7600,226,2
2026-06-17,000001,14:50:48,10.7700,320,1
2026-06-17,000001,14:50:51,10.7700,80,1
2026-06-17,000001,14:50:54,10.7600,319,2
2026-06-17,000001,14:50:57,10.7700,122,1
2026-06-17,000001,14:51:00,10.7700,126,1
2026-06-17,000001,14:51:03,10.7700,229,1
2026-06-17,000001,14:51:06,10.7700,152,1
2026-06-17,000001,14:51:09,10.7700,48,1
2026-06-17,000001,14:51:12,10.7700,50,1
2026-06-17,000001,14:51:15,10.7700,114,1
2026-06-17,000001,14:51:18,10.7700,61,1
2026-06-17,000001,14:51:21,10.7600,39,2
2026-06-17,000001,14:51:24,10.7600,148,2
2026-06-17,000001,14:51:27,10.7700,201,1
2026-06-17,000001,14:51:30,10.7600,100,2
2026-06-17,000001,14:51:33,10.7700,111,1
2026-06-17,000001,14:51:36,10.7600,143,2
2026-06-17,000001,14:51:39,10.7700,194,1
2026-06-17,000001,14:51:42,10.7700,162,1
2026-06-17,000001,14:51:45,10.7700,144,1
2026-06-17,000001,14:51:48,10.7700,295,1
2026-06-17,000001,14:51:51,10.7600,236,2
2026-06-17,000001,14:51:54,10.7700,146,1
2026-06-17,000001,14:51:57,10.7700,1012,1
2026-06-17,000001,14:52:00,10.7700,805,2
2026-06-17,000001,14:52:03,10.7700,288,2
2026-06-17,000001,14:52:06,10.7700,134,2
2026-06-17,000001,14:52:09,10.7700,796,2
2026-06-17,000001,14:52:12,10.7700,295,1
2026-06-17,000001,14:52:15,10.7700,226,1
2026-06-17,000001,14:52:18,10.7700,86,1
2026-06-17,000001,14:52:21,10.7700,196,1
2026-06-17,000001,14:52:24,10.7600,72,2
2026-06-17,000001,14:52:27,10.7700,142,1
2026-06-17,000001,14:52:30,10.7700,582,1
2026-06-17,000001,14:52:33,10.7700,258,2
2026-06-17,000001,14:52:36,10.7600,94,2
2026-06-17,000001,14:52:39,10.7600,108,2
2026-06-17,000001,14:52:42,10.7700,48,1
2026-06-17,000001,14:52:45,10.7600,50,2
2026-06-17,000001,14:52:48,10.7600,106,2
2026-06-17,000001,14:52:51,10.7600,46,2
2026-06-17,000001,14:52:54,10.7600,98,2
2026-06-17,000001,14:52:57,10.7600,433,2
2026-06-17,000001,14:53:00,10.7700,466,1
2026-06-17,000001,14:53:03,10.7700,340,1
2026-06-17,000001,14:53:06,10.7700,212,1
2026-06-17,000001,14:53:09,10.7600,773,2
2026-06-17,000001,14:53:12,10.7600,430,2
2026-06-17,000001,14:53:15,10.7700,450,1
2026-06-17,000001,14:53:18,10.7700,1092,2
2026-06-17,000001,14:53:21,10.7800,345,1
2026-06-17,000001,14:53:24,10.7700,126,4
2026-06-17,000001,14:53:27,10.7800,291,1
2026-06-17,000001,14:53:30,10.7800,88,1
2026-06-17,000001,14:53:33,10.7700,59,2
2026-06-17,000001,14:53:36,10.7700,75,2
2026-06-17,000001,14:53:39,10.7700,169,2
2026-06-17,000001,14:53:42,10.7800,83,1
2026-06-17,000001,14:53:45,10.7700,106,2
2026-06-17,000001,14:53:48,10.7700,96,2
2026-06-17,000001,14:53:51,10.7700,130,2
2026-06-17,000001,14:53:54,10.7700,165,2
2026-06-17,000001,14:53:57,10.7700,69,2
2026-06-17,000001,14:54:00,10.7800,73,1
2026-06-17,000001,14:54:03,10.7700,133,2
2026-06-17,000001,14:54:06,10.7700,267,2
2026-06-17,000001,14:54:09,10.7700,73,2
2026-06-17,000001,14:54:12,10.7700,58,2
2026-06-17,000001,14:54:15,10.7700,64,2
2026-06-17,000001,14:54:18,10.7700,238,2
2026-06-17,000001,14:54:21,10.7700,113,2
2026-06-17,000001,14:54:24,10.7700,374,2
2026-06-17,000001,14:54:27,10.7700,471,2
2026-06-17,000001,14:54:30,10.7800,150,1
2026-06-17,000001,14:54:33,10.7800,125,1
2026-06-17,000001,14:54:36,10.7700,149,2
2026-06-17,000001,14:54:39,10.7800,139,1
2026-06-17,000001,14:54:42,10.7800,488,1
2026-06-17,000001,14:54:45,10.7800,70,1
2026-06-17,000001,14:54:48,10.7700,89,2
2026-06-17,000001,14:54:51,10.7700,36,2
2026-06-17,000001,14:54:54,10.7700,299,2
2026-06-17,000001,14:54:57,10.7700,116,2
2026-06-17,000001,14:55:00,10.7700,197,2
2026-06-17,000001,14:55:03,10.7800,191,1
2026-06-17,000001,14:55:06,10.7700,160,2
2026-06-17,000001,14:55:09,10.7700,227,2
2026-06-17,000001,14:55:12,10.7800,378,1
2026-06-17,000001,14:55:15,10.7800,48,1
2026-06-17,000001,14:55:18,10.7800,118,1
2026-06-17,000001,14:55:21,10.7700,409,2
2026-06-17,000001,14:55:24,10.7800,85,1
2026-06-17,000001,14:55:27,10.7800,195,1
2026-06-17,000001,14:55:30,10.7700,227,2
2026-06-17,000001,14:55:33,10.7800,176,1
2026-06-17,000001,14:55:36,10.7800,259,1
2026-06-17,000001,14:55:39,10.7800,107,1
2026-06-17,000001,14:55:42,10.7900,1186,1
2026-06-17,000001,14:55:45,10.7800,894,2
2026-06-17,000001,14:55:48,10.7800,257,2
2026-06-17,000001,14:55:51,10.7900,317,1
2026-06-17,000001,14:55:54,10.7900,110,1
2026-06-17,000001,14:55:57,10.7900,119,1
2026-06-17,000001,14:56:00,10.7800,89,2
2026-06-17,000001,14:56:03,10.7900,123,1
2026-06-17,000001,14:56:06,10.7800,380,2
2026-06-17,000001,14:56:09,10.7800,28,2
2026-06-17,000001,14:56:12,10.7900,139,1
2026-06-17,000001,14:56:15,10.7800,2126,2
2026-06-17,000001,14:56:18,10.7900,1089,1
2026-06-17,000001,14:56:21,10.7800,391,2
2026-06-17,000001,14:56:24,10.7700,93,2
2026-06-17,000001,14:56:27,10.7800,110,1
2026-06-17,000001,14:56:30,10.7800,5852,1
2026-06-17,000001,14:56:33,10.7700,1189,2
2026-06-17,000001,14:56:36,10.7700,128,2
2026-06-17,000001,14:56:39,10.7700,97,2
2026-06-17,000001,14:56:42,10.7700,114,2
2026-06-17,000001,14:56:45,10.7700,286,2
2026-06-17,000001,14:56:48,10.7800,2,1
2026-06-17,000001,14:56:51,10.7800,268,1
2026-06-17,000001,14:56:54,10.7800,87,1
2026-06-17,000001,14:56:57,10.7700,67,2
2026-06-17,000001,14:57:00,10.7800,86,4
2026-06-17,000001,15:00:03,10.7800,6789,4
2026-06-17,000001,13:13:45,10.8300,18,2
2026-06-17,000001,13:13:48,10.8400,97,1
2026-06-17,000001,13:13:51,10.8300,42,2
2026-06-17,000001,13:13:54,10.8400,347,1
2026-06-17,000001,13:13:57,10.8300,114,2
2026-06-17,000001,13:14:03,10.8400,2,1
2026-06-17,000001,13:14:06,10.8400,11,1
2026-06-17,000001,13:14:09,10.8400,51,1
2026-06-17,000001,13:14:12,10.8400,5,1
2026-06-17,000001,13:14:18,10.8300,16,2
2026-06-17,000001,13:14:21,10.8300,1,2
2026-06-17,000001,13:14:24,10.8400,1,1
2026-06-17,000001,13:14:27,10.8400,100,1
2026-06-17,000001,13:14:33,10.8300,24,2
2026-06-17,000001,13:14:36,10.8300,26,2
2026-06-17,000001,13:14:39,10.8300,152,2
2026-06-17,000001,13:14:42,10.8400,20,1
2026-06-17,000001,13:14:45,10.8300,51,2
2026-06-17,000001,13:14:48,10.8400,37,1
2026-06-17,000001,13:14:51,10.8300,46,2
2026-06-17,000001,13:14:54,10.8400,104,1
2026-06-17,000001,13:14:57,10.8300,1,2
2026-06-17,000001,13:15:00,10.8300,1,2
2026-06-17,000001,13:15:06,10.8300,16,2
2026-06-17,000001,13:15:09,10.8400,2538,1
2026-06-17,000001,13:15:12,10.8400,12,4
2026-06-17,000001,13:15:15,10.8400,36,2
2026-06-17,000001,13:15:18,10.8500,125,1
2026-06-17,000001,13:15:21,10.8400,28,2
2026-06-17,000001,13:15:24,10.8400,3,2
2026-06-17,000001,13:15:27,10.8500,98,1
2026-06-17,000001,13:15:30,10.8400,148,2
2026-06-17,000001,13:15:33,10.8400,2,2
2026-06-17,000001,13:15:36,10.8400,44,2
2026-06-17,000001,13:15:39,10.8400,15,2
2026-06-17,000001,13:15:42,10.8500,1,1
2026-06-17,000001,13:15:45,10.8400,16,2
2026-06-17,000001,13:15:48,10.8500,58,1
2026-06-17,000001,13:15:51,10.8400,103,2
2026-06-17,000001,13:15:54,10.8400,90,2
2026-06-17,000001,13:15:57,10.8500,144,1
2026-06-17,000001,13:16:00,10.8400,95,2
2026-06-17,000001,13:16:03,10.8400,55,2
2026-06-17,000001,13:16:06,10.8500,134,1
2026-06-17,000001,13:16:09,10.8400,72,2
2026-06-17,000001,13:16:12,10.8400,87,2
2026-06-17,000001,13:16:15,10.8500,92,1
2026-06-17,000001,13:16:18,10.8400,54,2
2026-06-17,000001,13:16:21,10.8500,255,1
2026-06-17,000001,13:16:24,10.8500,10,1
2026-06-17,000001,13:16:27,10.8400,84,2
2026-06-17,000001,13:16:30,10.8400,64,2
2026-06-17,000001,13:16:33,10.8400,70,2
2026-06-17,000001,13:16:36,10.8400,76,2
2026-06-17,000001,13:16:39,10.8500,212,1
2026-06-17,000001,13:16:42,10.8400,15,2
2026-06-17,000001,13:16:45,10.8400,87,2
2026-06-17,000001,13:16:48,10.8400,10,2
2026-06-17,000001,13:16:51,10.8500,12,1
2026-06-17,000001,13:16:54,10.8400,138,2
2026-06-17,000001,13:16:57,10.8400,38,2
2026-06-17,000001,13:17:00,10.8500,6,1
2026-06-17,000001,13:17:03,10.8400,57,2
2026-06-17,000001,13:17:06,10.8400,28,2
2026-06-17,000001,13:17:09,10.8400,42,2
2026-06-17,000001,13:17:12,10.8400,55,2
2026-06-17,000001,13:17:15,10.8500,142,1
2026-06-17,000001,13:17:18,10.8500,48,1
2026-06-17,000001,13:17:21,10.8400,4,2
2026-06-17,000001,13:17:24,10.8400,6,2
2026-06-17,000001,13:17:27,10.8400,944,2
2026-06-17,000001,13:17:30,10.8400,232,1
2026-06-17,000001,13:17:33,10.8300,356,2
2026-06-17,000001,13:17:36,10.8300,21,2
2026-06-17,000001,13:17:39,10.8300,1,2
2026-06-17,000001,13:17:42,10.8300,50,2
2026-06-17,000001,13:17:45,10.8300,28,2
2026-06-17,000001,13:17:48,10.8300,68,2
2026-06-17,000001,13:17:51,10.8400,111,1
2026-06-17,000001,13:17:54,10.8400,80,1
2026-06-17,000001,13:17:57,10.8300,114,2
2026-06-17,000001,13:18:03,10.8300,271,2
2026-06-17,000001,13:18:06,10.8300,43,2
2026-06-17,000001,13:18:09,10.8400,213,1
2026-06-17,000001,13:18:12,10.8300,150,2
2026-06-17,000001,13:18:15,10.8400,10,1
2026-06-17,000001,13:18:18,10.8300,31,2
2026-06-17,000001,13:18:21,10.8300,31,2
2026-06-17,000001,13:18:24,10.8400,100,1
2026-06-17,000001,13:18:27,10.8300,457,2
2026-06-17,000001,13:18:30,10.8400,283,1
2026-06-17,000001,13:18:33,10.8300,177,2
2026-06-17,000001,13:18:36,10.8400,5,1
2026-06-17,000001,13:18:39,10.8400,33,1
2026-06-17,000001,13:18:42,10.8400,4,1
2026-06-17,000001,13:18:45,10.8400,50,1
2026-06-17,000001,13:18:48,10.8300,61,2
2026-06-17,000001,13:18:57,10.8300,56,2
2026-06-17,000001,13:19:00,10.8400,48,1
2026-06-17,000001,13:19:03,10.8300,93,2
2026-06-17,000001,13:19:06,10.8400,63,1
2026-06-17,000001,13:19:09,10.8300,39,2
2026-06-17,000001,13:19:12,10.8300,31,2
2026-06-17,000001,13:19:15,10.8400,70,1
2026-06-17,000001,13:19:18,10.8200,1360,2
2026-06-17,000001,13:19:21,10.8300,48,1
2026-06-17,000001,13:19:24,10.8200,366,2
2026-06-17,000001,13:19:30,10.8200,37,2
2026-06-17,000001,13:19:33,10.8300,102,1
2026-06-17,000001,13:19:36,10.8200,16,2
2026-06-17,000001,13:19:39,10.8200,27,2
2026-06-17,000001,13:19:42,10.8200,30,2
2026-06-17,000001,13:19:45,10.8300,21,1
2026-06-17,000001,13:19:48,10.8300,135,1
2026-06-17,000001,13:19:51,10.8300,129,1
2026-06-17,000001,13:19:54,10.8200,31,2
2026-06-17,000001,13:19:57,10.8200,21,2
2026-06-17,000001,13:20:00,10.8300,48,1
2026-06-17,000001,13:20:03,10.8300,102,1
2026-06-17,000001,13:20:06,10.8200,48,2
2026-06-17,000001,13:20:09,10.8200,38,2
2026-06-17,000001,13:20:15,10.8200,24,2
2026-06-17,000001,13:20:18,10.8300,37,1
2026-06-17,000001,13:20:21,10.8300,208,1
2026-06-17,000001,13:20:24,10.8300,154,1
2026-06-17,000001,13:20:27,10.8300,550,1
2026-06-17,000001,13:20:30,10.8300,280,2
2026-06-17,000001,13:20:33,10.8200,259,2
2026-06-17,000001,13:20:36,10.8200,143,2
2026-06-17,000001,13:20:39,10.8200,257,2
2026-06-17,000001,13:20:42,10.8300,50,1
2026-06-17,000001,13:20:45,10.8200,68,2
2026-06-17,000001,13:20:51,10.8300,59,1
2026-06-17,000001,13:20:54,10.8300,51,1
2026-06-17,000001,13:20:57,10.8300,144,1
2026-06-17,000001,13:21:00,10.8200,33,2
2026-06-17,000001,13:21:03,10.8300,265,1
2026-06-17,000001,13:21:06,10.8200,59,2
2026-06-17,000001,13:21:09,10.8200,32,2
2026-06-17,000001,13:21:12,10.8200,35,2
2026-06-17,000001,13:21:15,10.8200,27,2
2026-06-17,000001,13:21:18,10.8300,51,1
2026-06-17,000001,13:21:21,10.8300,77,1
2026-06-17,000001,13:21:24,10.8300,40,1
2026-06-17,000001,13:21:27,10.8300,1,1
2026-06-17,000001,13:21:30,10.8300,346,1
2026-06-17,000001,13:21:33,10.8200,104,2
2026-06-17,000001,13:21:36,10.8300,201,1
2026-06-17,000001,13:21:39,10.8300,36,1
2026-06-17,000001,13:21:42,10.8200,105,2
2026-06-17,000001,13:21:51,10.8200,26,2
2026-06-17,000001,13:21:57,10.8300,21,1
2026-06-17,000001,13:22:00,10.8200,170,2
2026-06-17,000001,13:22:03,10.8200,77,2
2026-06-17,000001,13:22:06,10.8300,119,1
2026-06-17,000001,13:22:09,10.8200,256,2
2026-06-17,000001,13:22:12,10.8300,6,1
2026-06-17,000001,13:22:15,10.8200,51,2
2026-06-17,000001,13:22:18,10.8300,50,1
2026-06-17,000001,13:22:21,10.8200,338,2
2026-06-17,000001,13:22:24,10.8300,5,1
2026-06-17,000001,13:22:27,10.8300,91,1
2026-06-17,000001,13:22:30,10.8200,15,2
2026-06-17,000001,13:22:33,10.8300,332,1
2026-06-17,000001,13:22:36,10.8200,16,2
2026-06-17,000001,13:22:39,10.8200,119,2
2026-06-17,000001,13:22:42,10.8300,198,1
2026-06-17,000001,13:22:45,10.8200,111,2
2026-06-17,000001,13:22:48,10.8200,60,2
2026-06-17,000001,13:22:57,10.8200,117,2
2026-06-17,000001,13:23:00,10.8200,38,2
2026-06-17,000001,13:23:03,10.8300,342,1
2026-06-17,000001,13:23:06,10.8200,15,2
2026-06-17,000001,13:23:09,10.8200,49,2
2026-06-17,000001,13:23:12,10.8200,3,2
2026-06-17,000001,13:23:15,10.8200,10,2
2026-06-17,000001,13:23:18,10.8300,55,1
2026-06-17,000001,13:23:21,10.8200,28,2
2026-06-17,000001,13:23:24,10.8300,44,1
2026-06-17,000001,13:23:27,10.8300,128,1
2026-06-17,000001,13:23:30,10.8300,82,1
2026-06-17,000001,13:23:33,10.8300,310,1
2026-06-17,000001,13:23:36,10.8200,38,2
2026-06-17,000001,13:23:39,10.8200,121,2
2026-06-17,000001,13:23:42,10.8300,20,1
2026-06-17,000001,13:23:45,10.8200,53,2
2026-06-17,000001,13:23:48,10.8300,51,1
2026-06-17,000001,13:23:51,10.8200,6,2
2026-06-17,000001,13:23:54,10.8200,65,2
2026-06-17,000001,13:23:57,10.8200,33,2
2026-06-17,000001,13:24:00,10.8200,138,2
2026-06-17,000001,13:24:03,10.8200,30,2
2026-06-17,000001,13:24:06,10.8200,200,2
2026-06-17,000001,13:24:09,10.8200,81,2
2026-06-17,000001,13:24:12,10.8300,723,1
2026-06-17,000001,13:24:15,10.8300,4,1
2026-06-17,000001,13:24:18,10.8200,163,2
2026-06-17,000001,13:24:21,10.8200,57,2
2026-06-17,000001,13:24:24,10.8200,37,2
2026-06-17,000001,13:24:27,10.8200,276,2
2026-06-17,000001,13:24:30,10.8200,115,2
2026-06-17,000001,13:24:33,10.8300,276,1
2026-06-17,000001,13:24:36,10.8200,375,2
2026-06-17,000001,13:24:39,10.8200,240,2
2026-06-17,000001,13:24:42,10.8200,59,2
2026-06-17,000001,13:24:45,10.8200,77,2
2026-06-17,000001,13:24:48,10.8200,193,2
2026-06-17,000001,13:24:51,10.8200,871,2
2026-06-17,000001,13:24:54,10.8200,191,2
2026-06-17,000001,13:24:57,10.8200,259,2
2026-06-17,000001,13:25:00,10.8300,17,1
2026-06-17,000001,13:25:03,10.8200,566,2
2026-06-17,000001,13:25:06,10.8200,121,2
2026-06-17,000001,13:25:09,10.8200,294,2
2026-06-17,000001,13:25:12,10.8300,90,1
2026-06-17,000001,13:25:15,10.8300,133,1
2026-06-17,000001,13:25:18,10.8200,53,2
2026-06-17,000001,13:25:21,10.8300,399,1
2026-06-17,000001,13:25:24,10.8200,61,2
2026-06-17,000001,13:25:27,10.8200,134,2
2026-06-17,000001,13:25:30,10.8200,43,2
2026-06-17,000001,13:25:33,10.8200,53,2
2026-06-17,000001,13:25:36,10.8200,30,2
2026-06-17,000001,13:25:39,10.8200,414,2
2026-06-17,000001,13:25:42,10.8300,51,1
2026-06-17,000001,13:25:45,10.8200,157,2
2026-06-17,000001,13:25:48,10.8200,24,2
2026-06-17,000001,13:25:51,10.8200,52,2
2026-06-17,000001,13:25:54,10.8300,18,1
2026-06-17,000001,13:25:57,10.8200,33,2
2026-06-17,000001,13:26:00,10.8200,66,2
2026-06-17,000001,13:26:03,10.8200,18,2
2026-06-17,000001,13:26:06,10.8300,67,1
2026-06-17,000001,13:26:09,10.8200,166,2
2026-06-17,000001,13:26:12,10.8200,47,2
2026-06-17,000001,13:26:15,10.8300,46,1
2026-06-17,000001,13:26:18,10.8300,37,1
2026-06-17,000001,13:26:21,10.8200,68,2
2026-06-17,000001,13:26:24,10.8200,52,2
2026-06-17,000001,13:26:27,10.8300,57,1
2026-06-17,000001,13:26:30,10.8200,15,2
2026-06-17,000001,13:26:33,10.8200,41,2
2026-06-17,000001,13:26:36,10.8300,18,1
2026-06-17,000001,13:26:39,10.8200,12,2
2026-06-17,000001,13:26:42,10.8200,164,2
2026-06-17,000001,13:26:45,10.8200,35,2
2026-06-17,000001,13:26:48,10.8200,4,2
2026-06-17,000001,13:26:51,10.8300,7,1
2026-06-17,000001,13:26:54,10.8200,29,2
2026-06-17,000001,13:26:57,10.8300,101,1
2026-06-17,000001,13:27:03,10.8200,2,2
2026-06-17,000001,13:27:06,10.8200,43,2
2026-06-17,000001,13:27:09,10.8200,8,2
2026-06-17,000001,13:27:12,10.8200,69,2
2026-06-17,000001,13:27:15,10.8200,41,2
2026-06-17,000001,13:27:18,10.8200,91,2
2026-06-17,000001,13:27:21,10.8200,19,2
2026-06-17,000001,13:27:24,10.8200,22,2
2026-06-17,000001,13:27:27,10.8200,24,2
2026-06-17,000001,13:27:30,10.8200,12,2
2026-06-17,000001,13:27:33,10.8200,59,2
2026-06-17,000001,13:27:36,10.8200,26,2
2026-06-17,000001,13:27:39,10.8300,27,1
2026-06-17,000001,13:27:42,10.8200,66,2
2026-06-17,000001,13:27:45,10.8200,31,2
2026-06-17,000001,13:27:48,10.8200,37,2
2026-06-17,000001,13:27:51,10.8300,122,1
2026-06-17,000001,13:27:54,10.8300,198,1
2026-06-17,000001,13:27:57,10.8200,42,2
2026-06-17,000001,13:28:00,10.8200,1256,2
2026-06-17,000001,13:28:03,10.8200,392,2
2026-06-17,000001,13:28:06,10.8200,51,2
2026-06-17,000001,13:28:09,10.8200,99,2
2026-06-17,000001,13:28:12,10.8200,39,2
2026-06-17,000001,13:28:15,10.8200,422,2
2026-06-17,000001,13:28:18,10.8200,642,2
2026-06-17,000001,13:28:21,10.8200,300,2
2026-06-17,000001,13:28:27,10.8300,15,1
2026-06-17,000001,13:28:30,10.8300,87,1
2026-06-17,000001,13:28:33,10.8200,17,2
2026-06-17,000001,13:28:36,10.8200,85,2
2026-06-17,000001,13:28:39,10.8200,30,2
2026-06-17,000001,13:28:42,10.8200,26,2
2026-06-17,000001,13:28:45,10.8200,297,2
2026-06-17,000001,13:28:48,10.8200,88,2
2026-06-17,000001,13:28:51,10.8200,51,2
2026-06-17,000001,13:28:54,10.8200,125,2
2026-06-17,000001,13:28:57,10.8200,72,2
2026-06-17,000001,13:29:00,10.8300,358,1
2026-06-17,000001,13:29:03,10.8200,328,2
2026-06-17,000001,13:29:06,10.8300,90,1
2026-06-17,000001,13:29:09,10.8200,145,2
2026-06-17,000001,13:29:12,10.8200,134,2
2026-06-17,000001,13:29:15,10.8200,470,2
2026-06-17,000001,13:29:18,10.8300,57,1
2026-06-17,000001,13:29:21,10.8200,74,2
2026-06-17,000001,13:29:24,10.8200,135,2
2026-06-17,000001,13:29:27,10.8200,31,2
2026-06-17,000001,13:29:30,10.8200,140,2
2026-06-17,000001,13:29:33,10.8300,70,1
2026-06-17,000001,13:29:36,10.8300,93,1
2026-06-17,000001,13:29:39,10.8300,32,1
2026-06-17,000001,13:29:42,10.8200,52,2
2026-06-17,000001,13:29:45,10.8200,16,2
2026-06-17,000001,13:29:48,10.8200,288,2
2026-06-17,000001,13:29:51,10.8200,157,2
2026-06-17,000001,13:29:54,10.8200,131,2
2026-06-17,000001,13:30:00,10.8200,41,2
2026-06-17,000001,13:30:03,10.8200,182,2
2026-06-17,000001,13:30:06,10.8200,98,2
2026-06-17,000001,13:30:09,10.8200,68,2
2026-06-17,000001,13:30:12,10.8200,80,2
2026-06-17,000001,13:30:15,10.8300,40,1
2026-06-17,000001,13:30:18,10.8200,1343,2
2026-06-17,000001,13:30:21,10.8100,119,2
2026-06-17,000001,13:30:24,10.8200,360,1
2026-06-17,000001,13:30:27,10.8200,92,1
2026-06-17,000001,13:30:30,10.8100,370,2
2026-06-17,000001,13:30:33,10.8200,363,1
2026-06-17,000001,13:30:36,10.8100,172,2
2026-06-17,000001,13:30:39,10.8100,15,2
2026-06-17,000001,13:30:42,10.8100,75,2
2026-06-17,000001,13:30:45,10.8200,51,1
2026-06-17,000001,13:30:48,10.8200,29,1
2026-06-17,000001,13:30:51,10.8100,623,2
2026-06-17,000001,13:30:54,10.8100,162,2
2026-06-17,000001,13:30:57,10.8200,124,1
2026-06-17,000001,13:31:00,10.8100,262,2
2026-06-17,000001,13:31:03,10.8200,110,1
2026-06-17,000001,13:31:09,10.8100,24,2
2026-06-17,000001,13:31:12,10.8100,140,2
2026-06-17,000001,13:31:15,10.8100,48,2
2026-06-17,000001,13:31:18,10.8100,70,2
2026-06-17,000001,13:31:21,10.8100,331,2
2026-06-17,000001,13:31:24,10.8200,125,1
2026-06-17,000001,13:31:27,10.8100,36,2
2026-06-17,000001,13:31:30,10.8100,123,2
2026-06-17,000001,13:31:33,10.8100,16,2
2026-06-17,000001,13:31:36,10.8100,16,2
2026-06-17,000001,13:31:39,10.8100,73,2
2026-06-17,000001,13:31:42,10.8100,83,2
2026-06-17,000001,13:31:45,10.8200,140,1
2026-06-17,000001,13:31:48,10.8200,22,1
2026-06-17,000001,13:31:51,10.8100,225,2
2026-06-17,000001,13:31:54,10.8100,13,2
2026-06-17,000001,13:31:57,10.8100,53,2
2026-06-17,000001,13:32:00,10.8100,58,2
2026-06-17,000001,13:32:03,10.8100,5,2
2026-06-17,000001,13:32:06,10.8100,33,2
2026-06-17,000001,13:32:09,10.8100,12,2
2026-06-17,000001,13:32:12,10.8100,82,2
2026-06-17,000001,13:32:15,10.8100,41,2
2026-06-17,000001,13:32:18,10.8100,20,2
2026-06-17,000001,13:32:21,10.8100,224,2
2026-06-17,000001,13:32:24,10.8100,187,2
2026-06-17,000001,13:32:27,10.8100,145,2
2026-06-17,000001,13:32:30,10.8100,186,2
2026-06-17,000001,13:32:33,10.8100,160,2
2026-06-17,000001,13:32:36,10.8100,53,2
2026-06-17,000001,13:32:39,10.8100,37,2
2026-06-17,000001,13:32:42,10.8100,29,2
2026-06-17,000001,13:32:45,10.8200,34,1
2026-06-17,000001,13:32:51,10.8200,132,1
2026-06-17,000001,13:32:54,10.8200,364,1
2026-06-17,000001,13:32:57,10.8100,42,2
2026-06-17,000001,13:33:00,10.8100,41,2
2026-06-17,000001,13:33:03,10.8100,163,2
2026-06-17,000001,13:33:09,10.8100,118,2
2026-06-17,000001,13:33:12,10.8100,64,2
2026-06-17,000001,13:33:15,10.8200,130,1
2026-06-17,000001,13:33:18,10.8100,37,2
2026-06-17,000001,13:33:21,10.8200,47,1
2026-06-17,000001,13:33:24,10.8100,318,2
2026-06-17,000001,13:33:27,10.8200,77,1
2026-06-17,000001,13:33:30,10.8100,109,2
2026-06-17,000001,13:33:33,10.8100,16,2
2026-06-17,000001,13:33:36,10.8100,26,2
2026-06-17,000001,13:33:42,10.8200,138,1
2026-06-17,000001,13:33:45,10.8200,11,1
2026-06-17,000001,13:33:48,10.8100,101,2
2026-06-17,000001,13:33:51,10.8100,49,2
2026-06-17,000001,13:33:54,10.8100,182,2
2026-06-17,000001,13:33:57,10.8200,20,1
2026-06-17,000001,13:34:00,10.8200,23,1
2026-06-17,000001,13:34:03,10.8100,53,2
2026-06-17,000001,13:34:06,10.8200,36,1
2026-06-17,000001,13:34:09,10.8200,34,1
2026-06-17,000001,13:34:12,10.8200,189,1
2026-06-17,000001,13:34:15,10.8200,49,1
2026-06-17,000001,13:34:18,10.8100,55,2
2026-06-17,000001,13:34:21,10.8100,28,2
2026-06-17,000001,13:34:24,10.8200,89,1
2026-06-17,000001,13:34:27,10.8200,139,1
2026-06-17,000001,13:34:30,10.8100,102,2
2026-06-17,000001,13:34:33,10.8100,1,2
2026-06-17,000001,13:34:36,10.8200,69,1
2026-06-17,000001,13:34:39,10.8200,74,1
2026-06-17,000001,13:34:42,10.8100,86,2
2026-06-17,000001,13:34:45,10.8100,149,2
2026-06-17,000001,13:34:48,10.8100,3,2
2026-06-17,000001,13:34:51,10.8100,49,2
2026-06-17,000001,13:34:57,10.8100,158,2
2026-06-17,000001,13:35:00,10.8200,32,1
2026-06-17,000001,13:35:03,10.8200,141,1
2026-06-17,000001,13:35:06,10.8200,42,1
2026-06-17,000001,13:35:09,10.8200,86,1
2026-06-17,000001,13:35:12,10.8100,349,2
2026-06-17,000001,13:35:15,10.8100,167,2
2026-06-17,000001,13:35:18,10.8100,280,2
2026-06-17,000001,13:35:21,10.8100,140,2
2026-06-17,000001,13:35:24,10.8200,93,1
2026-06-17,000001,13:35:27,10.8100,247,2
2026-06-17,000001,13:35:30,10.8100,193,2
2026-06-17,000001,13:35:33,10.8100,177,2
2026-06-17,000001,13:35:36,10.8100,134,2
2026-06-17,000001,13:35:39,10.8200,25,1
2026-06-17,000001,13:35:42,10.8200,192,1
2026-06-17,000001,13:35:45,10.8100,16,2
2026-06-17,000001,13:35:48,10.8200,85,1
2026-06-17,000001,13:35:51,10.8100,2,2
2026-06-17,000001,13:35:54,10.8100,2,2
2026-06-17,000001,13:35:57,10.8100,34,2
2026-06-17,000001,13:36:00,10.8100,258,2
2026-06-17,000001,13:36:03,10.8100,95,2
2026-06-17,000001,13:36:06,10.8100,133,2
2026-06-17,000001,13:36:09,10.8100,80,2
2026-06-17,000001,13:36:12,10.8100,51,2
2026-06-17,000001,13:36:15,10.8100,26,2
2026-06-17,000001,13:36:18,10.8100,622,2
2026-06-17,000001,13:36:21,10.8100,140,2
2026-06-17,000001,13:36:24,10.8100,73,2
2026-06-17,000001,13:36:27,10.8100,468,2
2026-06-17,000001,13:36:30,10.8100,391,2
2026-06-17,000001,13:36:33,10.8100,231,2
2026-06-17,000001,13:36:36,10.8000,7828,2
2026-06-17,000001,13:36:39,10.8000,1810,2
2026-06-17,000001,13:36:42,10.8100,2089,1
2026-06-17,000001,13:36:45,10.8000,43,2
2026-06-17,000001,13:36:48,10.8000,73,2
2026-06-17,000001,13:36:51,10.8100,95,1
2026-06-17,000001,13:36:54,10.8000,86,2
2026-06-17,000001,13:36:57,10.8100,35,1
2026-06-17,000001,13:37:00,10.8000,619,2
2026-06-17,000001,13:37:03,10.8000,221,2
2026-06-17,000001,13:37:09,10.8100,71,1
2026-06-17,000001,13:37:12,10.8000,2,2
2026-06-17,000001,13:37:15,10.8100,90,1
2026-06-17,000001,13:37:18,10.8000,18,2
2026-06-17,000001,13:37:21,10.8000,91,2
2026-06-17,000001,13:37:24,10.8000,66,2
2026-06-17,000001,13:37:27,10.8000,101,2
2026-06-17,000001,13:37:30,10.8100,16,1
2026-06-17,000001,13:37:33,10.8100,203,1
2026-06-17,000001,13:37:36,10.8000,78,2
2026-06-17,000001,13:37:39,10.8100,141,1
2026-06-17,000001,13:37:42,10.8100,14,1
2026-06-17,000001,13:37:45,10.8100,40,1
2026-06-17,000001,13:37:48,10.8100,283,1
2026-06-17,000001,13:37:51,10.8000,304,2
2026-06-17,000001,13:37:54,10.8100,358,1
2026-06-17,000001,13:37:57,10.8000,386,2
2026-06-17,000001,13:38:00,10.8100,194,1
2026-06-17,000001,13:38:03,10.8000,172,2
2026-06-17,000001,13:38:06,10.8100,2,1
2026-06-17,000001,13:38:09,10.8100,159,1
2026-06-17,000001,13:38:12,10.8000,4,2
2026-06-17,000001,13:38:15,10.8000,54,2
2026-06-17,000001,13:38:18,10.8100,120,1
2026-06-17,000001,13:38:21,10.8000,140,2
2026-06-17,000001,13:38:24,10.8100,55,1
2026-06-17,000001,13:38:27,10.8000,39,2
2026-06-17,000001,13:38:30,10.8100,76,1
2026-06-17,000001,13:38:33,10.8000,57,2
2026-06-17,000001,13:38:36,10.8000,66,2
2026-06-17,000001,13:38:39,10.8000,143,2
2026-06-17,000001,13:38:42,10.8000,87,2
2026-06-17,000001,13:38:45,10.8100,52,1
2026-06-17,000001,13:38:48,10.8100,14,1
2026-06-17,000001,13:38:54,10.8100,80,1
2026-06-17,000001,13:39:00,10.8000,224,2
2026-06-17,000001,13:39:03,10.8000,38,2
2026-06-17,000001,13:39:06,10.8000,96,2
2026-06-17,000001,13:39:09,10.8000,15,2
2026-06-17,000001,13:39:12,10.8000,85,2
2026-06-17,000001,13:39:15,10.8000,55,2
2026-06-17,000001,13:39:18,10.8100,60,1
2026-06-17,000001,13:39:21,10.8100,115,1
2026-06-17,000001,13:39:24,10.8000,75,2
2026-06-17,000001,13:39:27,10.8100,72,1
2026-06-17,000001,13:39:30,10.8000,33,2
2026-06-17,000001,13:39:33,10.8100,26,1
2026-06-17,000001,13:39:36,10.8000,57,2
2026-06-17,000001,13:39:39,10.8000,33,2
2026-06-17,000001,13:39:42,10.8100,326,1
2026-06-17,000001,13:39:45,10.8100,103,1
2026-06-17,000001,13:39:48,10.8100,17,1
2026-06-17,000001,13:39:51,10.8100,60,1
2026-06-17,000001,13:39:54,10.8100,164,1
2026-06-17,000001,13:39:57,10.8000,123,2
2026-06-17,000001,13:40:00,10.8100,409,1
2026-06-17,000001,13:40:03,10.8100,962,1
2026-06-17,000001,13:40:06,10.8100,103,2
2026-06-17,000001,13:40:09,10.8100,79,2
2026-06-17,000001,13:40:12,10.8100,421,2
2026-06-17,000001,13:40:15,10.8100,145,2
2026-06-17,000001,13:40:18,10.8100,17,2
2026-06-17,000001,13:40:21,10.8100,150,2
2026-06-17,000001,13:40:24,10.8200,263,1
2026-06-17,000001,13:40:27,10.8200,27,1
2026-06-17,000001,13:40:30,10.8000,2493,2
2026-06-17,000001,13:40:33,10.8100,189,1
2026-06-17,000001,13:40:36,10.8000,50,2
2026-06-17,000001,13:40:39,10.8000,9562,2
2026-06-17,000001,13:40:42,10.8000,244,2
2026-06-17,000001,13:40:48,10.8000,2386,2
2026-06-17,000001,13:40:51,10.8000,77,2
2026-06-17,000001,13:40:54,10.8000,539,2
2026-06-17,000001,13:40:57,10.8100,180,1
2026-06-17,000001,13:41:00,10.8000,172,2
2026-06-17,000001,13:41:03,10.8000,45,2
2026-06-17,000001,13:41:06,10.8000,653,2
2026-06-17,000001,13:41:09,10.8000,47,2
2026-06-17,000001,13:41:12,10.8000,156,2
2026-06-17,000001,13:41:15,10.8000,174,2
2026-06-17,000001,13:41:18,10.8100,141,1
2026-06-17,000001,13:41:21,10.8000,92,2
2026-06-17,000001,13:41:24,10.8000,248,2
2026-06-17,000001,13:41:27,10.8100,57,1
2026-06-17,000001,13:41:30,10.8000,81,2
2026-06-17,000001,13:41:33,10.8000,52,2
2026-06-17,000001,13:41:36,10.8000,18,2
2026-06-17,000001,13:41:39,10.8000,88,2
2026-06-17,000001,13:41:42,10.8100,32,1
2026-06-17,000001,13:41:45,10.8000,115,2
2026-06-17,000001,13:41:48,10.8100,11,1
2026-06-17,000001,13:41:51,10.8000,30,2
2026-06-17,000001,13:41:57,10.8000,27,2
2026-06-17,000001,13:42:00,10.8100,126,1
2026-06-17,000001,13:42:03,10.8000,25,2
2026-06-17,000001,13:42:06,10.8000,99,2
2026-06-17,000001,13:42:09,10.8100,758,1
2026-06-17,000001,13:42:12,10.8000,249,2
2026-06-17,000001,13:42:15,10.8000,16,2
2026-06-17,000001,13:42:18,10.8000,362,2
2026-06-17,000001,13:42:21,10.8000,117,2
2026-06-17,000001,13:42:24,10.8000,87,2
2026-06-17,000001,13:42:27,10.8000,165,2
2026-06-17,000001,13:42:30,10.8000,31,2
2026-06-17,000001,13:42:33,10.8000,67,2
2026-06-17,000001,13:42:36,10.8000,111,2
2026-06-17,000001,13:42:39,10.8000,151,2
2026-06-17,000001,13:42:42,10.8100,145,1
2026-06-17,000001,13:42:45,10.8000,34,2
2026-06-17,000001,13:42:48,10.8000,114,2
2026-06-17,000001,13:42:51,10.8000,84,2
2026-06-17,000001,13:42:54,10.8000,63,2
2026-06-17,000001,13:42:57,10.8000,39,2
2026-06-17,000001,13:43:00,10.8100,21,1
2026-06-17,000001,13:43:03,10.8000,134,2
2026-06-17,000001,13:43:09,10.8100,36,1
2026-06-17,000001,13:43:12,10.8100,44,1
2026-06-17,000001,13:43:15,10.8000,18,2
2026-06-17,000001,13:43:18,10.8100,62,1
2026-06-17,000001,13:43:21,10.8000,57,2
2026-06-17,000001,13:43:24,10.8000,68,2
2026-06-17,000001,13:43:27,10.8000,13,2
2026-06-17,000001,13:43:30,10.8000,48,2
2026-06-17,000001,13:43:33,10.8000,174,2
2026-06-17,000001,13:43:36,10.8100,83,1
2026-06-17,000001,13:43:39,10.8000,31,2
2026-06-17,000001,13:43:42,10.8100,160,1
2026-06-17,000001,13:43:45,10.8000,34,2
2026-06-17,000001,13:43:48,10.8100,24,1
2026-06-17,000001,13:43:51,10.8000,61,2
2026-06-17,000001,13:43:54,10.8100,179,1
2026-06-17,000001,13:43:57,10.8100,154,1
2026-06-17,000001,13:44:00,10.8000,20,2
2026-06-17,000001,13:44:03,10.8000,89,2
2026-06-17,000001,13:44:06,10.8100,47,1
2026-06-17,000001,13:44:09,10.8100,14,1
2026-06-17,000001,13:44:12,10.8000,53,2
2026-06-17,000001,13:44:15,10.8100,530,1
2026-06-17,000001,13:44:18,10.8100,1241,1
2026-06-17,000001,13:44:21,10.8100,541,1
2026-06-17,000001,13:44:24,10.8100,1249,1
2026-06-17,000001,13:44:27,10.8100,1143,1
2026-06-17,000001,13:44:30,10.8000,139,2
2026-06-17,000001,13:44:33,10.8000,561,2
2026-06-17,000001,13:44:36,10.8100,23,1
2026-06-17,000001,13:44:39,10.8000,158,2
2026-06-17,000001,13:44:42,10.8100,52,1
2026-06-17,000001,13:44:45,10.8000,31,2
2026-06-17,000001,13:44:48,10.8000,191,2
2026-06-17,000001,13:44:51,10.8000,13,2
2026-06-17,000001,13:44:54,10.8000,367,2
2026-06-17,000001,13:44:57,10.8000,2,2
2026-06-17,000001,13:45:00,10.8000,196,2
2026-06-17,000001,13:45:03,10.8000,12,2
2026-06-17,000001,13:45:06,10.8000,39,2
2026-06-17,000001,13:45:09,10.8000,102,2
2026-06-17,000001,13:45:12,10.8100,44,1
2026-06-17,000001,13:45:15,10.8100,68,1
2026-06-17,000001,13:45:18,10.8000,237,2
2026-06-17,000001,13:45:21,10.8000,31,2
2026-06-17,000001,13:45:24,10.8100,357,1
2026-06-17,000001,13:45:27,10.8000,63,2
2026-06-17,000001,13:45:30,10.8000,174,2
2026-06-17,000001,13:45:33,10.8100,140,1
2026-06-17,000001,13:45:36,10.8100,93,1
2026-06-17,000001,13:45:39,10.8000,211,2
2026-06-17,000001,13:45:42,10.8100,108,1
2026-06-17,000001,13:45:45,10.8100,232,1
2026-06-17,000001,13:45:48,10.8000,74,2
2026-06-17,000001,13:45:51,10.8000,243,2
2026-06-17,000001,13:45:54,10.8100,89,1
2026-06-17,000001,13:45:57,10.8000,214,2
2026-06-17,000001,13:46:00,10.8000,155,2
2026-06-17,000001,13:46:03,10.8000,34,2
2026-06-17,000001,13:46:06,10.8100,138,1
2026-06-17,000001,13:46:09,10.8000,38,2
2026-06-17,000001,13:46:12,10.8000,110,2
2026-06-17,000001,13:46:15,10.8100,2,1
2026-06-17,000001,13:46:18,10.8000,43,2
2026-06-17,000001,13:46:21,10.8100,84,1
2026-06-17,000001,13:46:24,10.8000,360,2
2026-06-17,000001,13:46:27,10.8100,136,1
2026-06-17,000001,13:46:30,10.8100,19,1
2026-06-17,000001,13:46:33,10.8100,114,1
2026-06-17,000001,13:46:36,10.8000,105,2
2026-06-17,000001,13:46:39,10.8000,80,2
2026-06-17,000001,13:46:42,10.8100,16,1
2026-06-17,000001,13:46:48,10.8000,59,2
2026-06-17,000001,13:46:51,10.8000,28,2
2026-06-17,000001,13:46:54,10.8100,74,1
2026-06-17,000001,13:46:57,10.8000,148,2
2026-06-17,000001,13:47:00,10.8000,54,2
2026-06-17,000001,13:47:03,10.8100,89,1
2026-06-17,000001,13:47:06,10.8000,127,2
2026-06-17,000001,13:47:09,10.8100,20,1
2026-06-17,000001,13:47:12,10.8100,68,1
2026-06-17,000001,13:47:15,10.8000,69,2
2026-06-17,000001,13:47:18,10.8000,67,2
2026-06-17,000001,13:47:21,10.8000,37,2
2026-06-17,000001,13:47:24,10.8000,76,2
2026-06-17,000001,13:47:27,10.8000,277,2
2026-06-17,000001,13:47:30,10.8000,206,2
2026-06-17,000001,13:47:33,10.8000,62,2
2026-06-17,000001,13:47:36,10.8000,121,2
2026-06-17,000001,13:47:39,10.8000,33,2
2026-06-17,000001,13:47:42,10.8000,101,2
2026-06-17,000001,13:47:45,10.8100,15,1
2026-06-17,000001,13:47:48,10.8000,8,2
2026-06-17,000001,13:47:51,10.8100,192,1
2026-06-17,000001,13:47:54,10.8000,153,2
2026-06-17,000001,13:47:57,10.8000,220,2
2026-06-17,000001,13:48:00,10.8100,172,1
2026-06-17,000001,13:48:03,10.8000,71,2
2026-06-17,000001,13:48:06,10.8100,172,1
2026-06-17,000001,13:48:09,10.8000,37,2
2026-06-17,000001,13:48:12,10.8000,45,2
2026-06-17,000001,13:48:15,10.8000,110,2
2026-06-17,000001,13:48:18,10.8100,43,1
2026-06-17,000001,13:48:21,10.8000,44,2
2026-06-17,000001,13:48:24,10.8000,57,2
2026-06-17,000001,13:48:27,10.8000,71,2
2026-06-17,000001,13:48:30,10.8100,167,1
2026-06-17,000001,13:48:33,10.8100,76,1
2026-06-17,000001,13:48:36,10.8000,170,2
2026-06-17,000001,13:48:39,10.8100,32,1
2026-06-17,000001,13:48:42,10.8000,44,2
2026-06-17,000001,13:48:45,10.8100,135,1
2026-06-17,000001,13:48:48,10.8100,110,1
2026-06-17,000001,13:48:51,10.8100,71,1
2026-06-17,000001,13:48:54,10.8100,65,1
2026-06-17,000001,13:48:57,10.8000,51,2
2026-06-17,000001,13:49:00,10.8100,35,1
2026-06-17,000001,13:49:03,10.8100,78,1
2026-06-17,000001,13:49:06,10.8100,45,1
2026-06-17,000001,13:49:09,10.8000,27,2
2026-06-17,000001,13:49:12,10.8000,92,2
2026-06-17,000001,13:49:15,10.8100,23,1
2026-06-17,000001,13:49:18,10.8000,44,2
2026-06-17,000001,13:49:21,10.8000,19,2
2026-06-17,000001,13:49:24,10.8100,35,1
2026-06-17,000001,13:49:27,10.8000,30,2
2026-06-17,000001,13:49:30,10.8000,19,2
2026-06-17,000001,13:49:33,10.8000,163,2
2026-06-17,000001,13:49:36,10.8100,115,1
2026-06-17,000001,13:49:39,10.8100,9,1
2026-06-17,000001,13:49:42,10.8000,121,2
2026-06-17,000001,13:49:45,10.8100,18,1
2026-06-17,000001,13:49:48,10.8000,139,2
2026-06-17,000001,13:49:51,10.8000,189,2
2026-06-17,000001,13:49:54,10.8000,82,2
2026-06-17,000001,13:49:57,10.8100,200,1
2026-06-17,000001,13:50:00,10.8100,219,1
2026-06-17,000001,13:50:03,10.8100,198,1
2026-06-17,000001,13:50:06,10.8000,105,2
2026-06-17,000001,13:50:09,10.8000,31,2
2026-06-17,000001,13:50:12,10.8000,29,2
2026-06-17,000001,13:50:15,10.8100,58,1
2026-06-17,000001,13:50:18,10.8100,70,1
2026-06-17,000001,13:50:21,10.8100,77,1
2026-06-17,000001,13:50:24,10.8100,3,1
2026-06-17,000001,13:50:27,10.8000,70,2
2026-06-17,000001,13:50:30,10.8000,62,2
2026-06-17,000001,13:50:33,10.8000,86,2
2026-06-17,000001,13:50:36,10.8000,85,2
2026-06-17,000001,13:50:39,10.8000,224,2
2026-06-17,000001,13:50:42,10.8000,98,2
2026-06-17,000001,13:50:45,10.8000,102,2
2026-06-17,000001,13:50:48,10.8100,1085,1
2026-06-17,000001,13:50:51,10.8100,31,1
2026-06-17,000001,13:50:54,10.8100,278,1
2026-06-17,000001,13:50:57,10.8000,55,2
2026-06-17,000001,13:51:00,10.8100,61,1
2026-06-17,000001,13:51:03,10.8000,115,2
2026-06-17,000001,13:51:06,10.8100,36,1
2026-06-17,000001,13:51:09,10.8100,69,1
2026-06-17,000001,13:51:12,10.8000,3,2
2026-06-17,000001,13:51:15,10.8100,58,1
2026-06-17,000001,13:51:18,10.8000,32,2
2026-06-17,000001,13:51:21,10.8100,39,1
2026-06-17,000001,13:51:24,10.8100,13,1
2026-06-17,000001,13:51:27,10.8000,104,2
2026-06-17,000001,13:51:30,10.8000,63,2
2026-06-17,000001,13:51:33,10.8000,125,2
2026-06-17,000001,13:51:36,10.8000,302,2
2026-06-17,000001,13:51:39,10.8000,59,2
2026-06-17,000001,13:51:42,10.8100,156,1
2026-06-17,000001,13:51:45,10.8100,56,1
2026-06-17,000001,13:51:48,10.8100,51,1
2026-06-17,000001,13:51:51,10.8100,71,1
2026-06-17,000001,13:51:54,10.8000,35,2
2026-06-17,000001,13:51:57,10.8100,41,1
2026-06-17,000001,13:52:00,10.8000,31,2
2026-06-17,000001,13:52:03,10.8000,58,2
2026-06-17,000001,13:52:06,10.8000,183,2
2026-06-17,000001,13:52:09,10.8000,58,2
2026-06-17,000001,13:52:12,10.8000,40,2
2026-06-17,000001,13:52:15,10.8000,81,2
2026-06-17,000001,13:52:18,10.8100,127,1
2026-06-17,000001,13:52:21,10.8000,147,2
2026-06-17,000001,13:52:24,10.8000,139,2
2026-06-17,000001,13:52:27,10.8000,57,2
2026-06-17,000001,13:52:30,10.8000,15,2
2026-06-17,000001,13:52:33,10.8100,95,1
2026-06-17,000001,13:52:36,10.8100,21,1
2026-06-17,000001,13:52:39,10.8100,81,1
2026-06-17,000001,13:52:42,10.8000,69,2
2026-06-17,000001,13:52:45,10.8100,35,1
2026-06-17,000001,13:52:48,10.8000,133,2
2026-06-17,000001,13:52:51,10.8100,44,1
2026-06-17,000001,13:52:54,10.8100,47,1
2026-06-17,000001,13:52:57,10.8100,106,1
2026-06-17,000001,13:53:00,10.8000,46,2
2026-06-17,000001,13:53:03,10.8000,18,2
2026-06-17,000001,13:53:06,10.8100,32,1
2026-06-17,000001,13:53:09,10.8000,27,2
2026-06-17,000001,13:53:12,10.8000,552,2
2026-06-17,000001,13:53:15,10.8000,174,2
2026-06-17,000001,13:53:18,10.8000,44,2
2026-06-17,000001,13:53:21,10.8000,22,2
2026-06-17,000001,13:53:24,10.8000,69,2
2026-06-17,000001,13:53:30,10.8000,173,2
2026-06-17,000001,13:53:33,10.8000,11,2
2026-06-17,000001,13:53:36,10.8000,50,2
2026-06-17,000001,13:53:39,10.8000,62,2
2026-06-17,000001,13:53:42,10.8000,104,2
2026-06-17,000001,13:53:45,10.8100,8,1
2026-06-17,000001,13:53:48,10.8000,42,2
2026-06-17,000001,13:53:51,10.8100,30,1
2026-06-17,000001,13:53:54,10.8100,22,1
2026-06-17,000001,13:53:57,10.8000,38,2
2026-06-17,000001,13:54:00,10.8100,33,1
2026-06-17,000001,13:54:03,10.8000,22,2
2026-06-17,000001,13:54:06,10.8000,113,2
2026-06-17,000001,13:54:09,10.8000,54,2
2026-06-17,000001,13:54:12,10.8000,11,2
2026-06-17,000001,13:54:15,10.8000,18,2
2026-06-17,000001,13:54:18,10.8000,39,2
2026-06-17,000001,13:54:21,10.8100,51,1
2026-06-17,000001,13:54:24,10.8000,125,2
2026-06-17,000001,13:54:27,10.8000,88,2
2026-06-17,000001,13:54:30,10.8100,574,1
2026-06-17,000001,13:54:33,10.8100,40,1
2026-06-17,000001,13:54:36,10.8000,261,2
2026-06-17,000001,13:54:39,10.8100,48,1
2026-06-17,000001,13:54:42,10.8000,152,2
2026-06-17,000001,13:54:45,10.8000,44,2
2026-06-17,000001,13:54:48,10.8000,178,2
2026-06-17,000001,13:54:51,10.8000,55,2
2026-06-17,000001,13:54:54,10.8000,92,2
2026-06-17,000001,13:54:57,10.8000,58,2
2026-06-17,000001,13:55:00,10.8000,140,2
2026-06-17,000001,13:55:03,10.8000,29,2
2026-06-17,000001,13:55:06,10.8000,131,2
2026-06-17,000001,13:55:09,10.8000,111,2
2026-06-17,000001,13:55:12,10.8000,62,2
2026-06-17,000001,13:55:15,10.8000,70,2
2026-06-17,000001,13:55:18,10.8100,1482,1
2026-06-17,000001,13:55:21,10.8100,1950,1
2026-06-17,000001,13:55:24,10.8000,331,2
2026-06-17,000001,13:55:27,10.8100,536,1
2026-06-17,000001,13:55:30,10.8100,511,1
2026-06-17,000001,13:55:33,10.8000,462,2
2026-06-17,000001,13:55:36,10.8100,30,1
2026-06-17,000001,13:55:39,10.8100,30,1
2026-06-17,000001,13:55:42,10.8000,167,2
2026-06-17,000001,13:55:45,10.8000,15,2
2026-06-17,000001,13:55:48,10.8100,195,1
2026-06-17,000001,13:55:51,10.8000,28,2
2026-06-17,000001,13:55:54,10.8000,173,2
2026-06-17,000001,13:55:57,10.8000,55,2
2026-06-17,000001,13:56:00,10.8000,45,2
2026-06-17,000001,13:56:03,10.8000,110,2
2026-06-17,000001,13:56:06,10.8000,73,2
2026-06-17,000001,13:56:09,10.8000,668,2
2026-06-17,000001,13:56:12,10.8000,61,2
2026-06-17,000001,13:56:15,10.8000,161,2
2026-06-17,000001,13:56:18,10.8100,283,1
2026-06-17,000001,13:56:21,10.8000,12,2
2026-06-17,000001,13:56:24,10.8000,295,2
2026-06-17,000001,13:56:27,10.8000,444,2
2026-06-17,000001,13:56:30,10.8100,608,1
2026-06-17,000001,13:56:33,10.8000,161,2
2026-06-17,000001,13:56:36,10.8000,286,2
2026-06-17,000001,13:56:39,10.8000,768,2
2026-06-17,000001,13:56:42,10.8000,365,2
2026-06-17,000001,13:56:45,10.8000,342,2
2026-06-17,000001,13:56:48,10.8000,2,2
2026-06-17,000001,13:56:51,10.8000,147,2
2026-06-17,000001,13:56:54,10.8000,17,2
2026-06-17,000001,13:57:00,10.8000,101,2
2026-06-17,000001,13:57:03,10.8000,21,2
2026-06-17,000001,13:57:06,10.8000,212,2
2026-06-17,000001,13:57:09,10.8100,62,1
2026-06-17,000001,13:57:12,10.8000,58,2
2026-06-17,000001,13:57:15,10.8000,142,2
2026-06-17,000001,13:57:18,10.8000,184,2
2026-06-17,000001,13:57:21,10.8100,25,1
2026-06-17,000001,13:57:24,10.8100,115,1
2026-06-17,000001,13:57:27,10.8000,6,2
2026-06-17,000001,13:57:30,10.8100,56,1
2026-06-17,000001,13:57:33,10.8000,130,2
2026-06-17,000001,13:57:36,10.8000,28,2
2026-06-17,000001,13:57:39,10.8000,46,2
2026-06-17,000001,13:57:42,10.8000,163,2
2026-06-17,000001,13:57:45,10.8000,16,2
2026-06-17,000001,13:57:48,10.8100,307,1
2026-06-17,000001,13:57:51,10.8100,1252,1
2026-06-17,000001,13:57:54,10.8100,339,1
2026-06-17,000001,13:57:57,10.8000,391,2
2026-06-17,000001,13:58:00,10.8000,63,2
2026-06-17,000001,13:58:03,10.8000,1698,2
2026-06-17,000001,13:58:06,10.8000,573,2
2026-06-17,000001,13:58:09,10.8000,848,2
2026-06-17,000001,13:58:12,10.8100,1879,1
2026-06-17,000001,13:58:15,10.8000,565,2
2026-06-17,000001,13:58:18,10.8000,104,2
2026-06-17,000001,13:58:21,10.8000,12,2
2026-06-17,000001,13:58:24,10.8100,198,1
2026-06-17,000001,13:58:27,10.8000,347,2
2026-06-17,000001,13:58:30,10.8000,156,2
2026-06-17,000001,13:58:33,10.8100,35,1
2026-06-17,000001,13:58:36,10.8000,168,2
2026-06-17,000001,13:58:39,10.8000,721,2
2026-06-17,000001,13:58:42,10.7900,108,2
2026-06-17,000001,13:58:45,10.8000,466,1
2026-06-17,000001,13:58:48,10.8000,99,1
2026-06-17,000001,13:58:51,10.8000,126,1
2026-06-17,000001,13:58:54,10.8000,67,1
2026-06-17,000001,13:58:57,10.8000,116,1
2026-06-17,000001,13:59:00,10.8000,1421,1
2026-06-17,000001,13:59:03,10.8100,538,1
2026-06-17,000001,13:59:06,10.8000,87,4
2026-06-17,000001,13:59:09,10.7900,39,2
2026-06-17,000001,13:59:12,10.8000,2194,1
2026-06-17,000001,13:59:15,10.8000,932,2
2026-06-17,000001,13:59:18,10.8100,631,1
2026-06-17,000001,13:59:21,10.8000,62,1
2026-06-17,000001,13:59:24,10.8000,10,2
2026-06-17,000001,13:59:27,10.8000,175,2
2026-06-17,000001,13:59:30,10.8000,17,2
2026-06-17,000001,13:59:33,10.8100,69,1
2026-06-17,000001,13:59:36,10.8100,117,1
2026-06-17,000001,13:59:39,10.8000,50,2
2026-06-17,000001,13:59:42,10.8000,126,2
2026-06-17,000001,13:59:45,10.8000,83,2
2026-06-17,000001,13:59:48,10.8100,51,1
2026-06-17,000001,13:59:51,10.8000,118,2
2026-06-17,000001,13:59:54,10.8000,96,1
2026-06-17,000001,13:59:57,10.8000,42,1
2026-06-17,000001,14:00:00,10.7900,27,2
2026-06-17,000001,14:00:03,10.7900,46,2
2026-06-17,000001,14:00:06,10.7900,52,2
2026-06-17,000001,14:00:09,10.7900,68,2
2026-06-17,000001,14:00:12,10.8000,16,1
2026-06-17,000001,14:00:15,10.8000,331,1
2026-06-17,000001,14:00:18,10.8000,181,1
2026-06-17,000001,14:00:21,10.7900,77,2
2026-06-17,000001,14:00:24,10.7900,124,2
2026-06-17,000001,14:00:27,10.7900,41,2
2026-06-17,000001,14:00:30,10.8000,196,1
2026-06-17,000001,14:00:33,10.8000,8,1
2026-06-17,000001,14:00:36,10.8000,50,1
2026-06-17,000001,14:00:39,10.7900,16,2
2026-06-17,000001,14:00:42,10.8000,30,1
2026-06-17,000001,14:00:45,10.8000,24,1
2026-06-17,000001,14:00:48,10.7900,15,2
2026-06-17,000001,14:00:51,10.7900,2,2
2026-06-17,000001,14:00:54,10.7900,17,2
2026-06-17,000001,14:00:57,10.7900,63,2
2026-06-17,000001,14:01:00,10.7900,33,2
2026-06-17,000001,14:01:03,10.7900,78,2
2026-06-17,000001,14:01:06,10.7900,65,2
2026-06-17,000001,14:01:12,10.7900,140,2
2026-06-17,000001,14:01:15,10.7900,40,2
2026-06-17,000001,14:01:18,10.7900,52,2
2026-06-17,000001,14:01:21,10.7900,358,2
2026-06-17,000001,14:01:24,10.7900,330,2
2026-06-17,000001,14:01:27,10.7900,425,2
2026-06-17,000001,14:01:30,10.7900,1013,2
2026-06-17,000001,14:01:33,10.8000,60,1
2026-06-17,000001,14:01:36,10.7900,342,2
2026-06-17,000001,14:01:39,10.8000,96,1
2026-06-17,000001,14:01:42,10.7900,169,2
2026-06-17,000001,14:01:45,10.7900,8,2
2026-06-17,000001,14:01:48,10.8000,45,1
2026-06-17,000001,14:01:51,10.7900,31,2
2026-06-17,000001,14:01:54,10.7900,5,2
2026-06-17,000001,14:01:57,10.8000,57,1
2026-06-17,000001,14:02:00,10.7900,46,2
2026-06-17,000001,14:02:03,10.8000,92,1
2026-06-17,000001,14:02:06,10.8000,159,1
2026-06-17,000001,14:02:09,10.7900,50,2
2026-06-17,000001,14:02:12,10.7900,14,2
2026-06-17,000001,14:02:15,10.7900,45,2
2026-06-17,000001,14:02:18,10.8000,1266,1
2026-06-17,000001,14:02:21,10.8000,445,1
2026-06-17,000001,14:02:24,10.8000,80,1
2026-06-17,000001,14:02:27,10.7900,25,2
2026-06-17,000001,14:02:30,10.7900,1182,2
2026-06-17,000001,14:02:33,10.7900,362,2
2026-06-17,000001,14:02:36,10.7900,322,2
2026-06-17,000001,14:02:39,10.7900,212,2
2026-06-17,000001,14:02:42,10.7900,113,2
2026-06-17,000001,14:02:45,10.7900,71,2
2026-06-17,000001,14:02:48,10.7900,52,2
2026-06-17,000001,14:02:51,10.7900,241,2
2026-06-17,000001,14:02:54,10.7900,239,2
2026-06-17,000001,14:02:57,10.7900,146,2
2026-06-17,000001,14:03:00,10.7900,22,2
2026-06-17,000001,14:03:03,10.7900,22,2
2026-06-17,000001,14:03:06,10.7900,40,2
2026-06-17,000001,14:03:12,10.7900,71,2
2026-06-17,000001,14:03:15,10.7900,41,2
2026-06-17,000001,14:03:18,10.7900,22,2
2026-06-17,000001,14:03:21,10.7900,15,2
2026-06-17,000001,14:03:24,10.7900,250,2
2026-06-17,000001,14:03:27,10.8000,69,1
2026-06-17,000001,14:03:30,10.7900,102,2
2026-06-17,000001,14:03:33,10.7900,75,2
2026-06-17,000001,14:03:36,10.7900,47,2
2026-06-17,000001,14:03:39,10.7900,69,2
2026-06-17,000001,14:03:42,10.8000,144,1
2026-06-17,000001,14:03:45,10.7900,46,2
2026-06-17,000001,14:03:48,10.8000,11,1
2026-06-17,000001,14:03:51,10.7900,12,2
2026-06-17,000001,14:03:54,10.7900,201,2
2026-06-17,000001,14:03:57,10.7900,43,2
2026-06-17,000001,14:04:00,10.7900,47,2
2026-06-17,000001,14:04:03,10.7900,88,2
2026-06-17,000001,14:04:06,10.8000,124,1
2026-06-17,000001,14:04:09,10.7900,51,2
2026-06-17,000001,14:04:12,10.7900,111,2
2026-06-17,000001,14:04:15,10.7900,77,2
2026-06-17,000001,14:04:18,10.7900,40,2
2026-06-17,000001,14:04:21,10.8000,44,1
2026-06-17,000001,14:04:24,10.7900,74,2
2026-06-17,000001,14:04:27,10.7900,133,2
2026-06-17,000001,14:04:30,10.7900,18,2
2026-06-17,000001,14:04:33,10.7900,653,2
2026-06-17,000001,14:04:36,10.7900,353,2
2026-06-17,000001,14:04:39,10.7900,519,1
2026-06-17,000001,14:04:42,10.7900,203,1
2026-06-17,000001,14:04:45,10.7900,369,1
2026-06-17,000001,14:04:48,10.7900,375,1
2026-06-17,000001,14:04:51,10.7900,43,1
2026-06-17,000001,14:04:54,10.7900,146,1
2026-06-17,000001,14:04:57,10.7800,16,2
2026-06-17,000001,14:05:00,10.7900,208,1
2026-06-17,000001,14:05:03,10.7900,592,1
2026-06-17,000001,14:05:06,10.7900,214,1
2026-06-17,000001,14:05:09,10.7900,20,1
2026-06-17,000001,14:05:12,10.7800,305,2
2026-06-17,000001,14:05:15,10.7900,117,1
2026-06-17,000001,14:05:18,10.7900,248,1
2026-06-17,000001,14:05:21,10.7900,17,1
2026-06-17,000001,14:05:24,10.7800,62,2
2026-06-17,000001,10:45:21,10.8300,50,2
2026-06-17,000001,10:45:24,10.8400,179,1
2026-06-17,000001,10:45:27,10.8300,17,2
2026-06-17,000001,10:45:30,10.8400,1,1
2026-06-17,000001,10:45:33,10.8300,45,2
2026-06-17,000001,10:45:36,10.8400,6,1
2026-06-17,000001,10:45:39,10.8300,17,2
2026-06-17,000001,10:45:45,10.8400,18,1
2026-06-17,000001,10:45:48,10.8300,30,2
2026-06-17,000001,10:45:54,10.8400,1,1
2026-06-17,000001,10:45:57,10.8400,1,1
2026-06-17,000001,10:46:06,10.8400,81,1
2026-06-17,000001,10:46:09,10.8300,108,2
2026-06-17,000001,10:46:15,10.8300,16,2
2026-06-17,000001,10:46:18,10.8400,22,1
2026-06-17,000001,10:46:21,10.8400,51,1
2026-06-17,000001,10:46:27,10.8300,162,2
2026-06-17,000001,10:46:33,10.8300,37,2
2026-06-17,000001,10:46:36,10.8400,101,1
2026-06-17,000001,10:46:39,10.8400,33,1
2026-06-17,000001,10:46:42,10.8400,939,1
2026-06-17,000001,10:46:45,10.8400,13,1
2026-06-17,000001,10:46:48,10.8400,144,1
2026-06-17,000001,10:46:51,10.8300,33,2
2026-06-17,000001,10:46:57,10.8300,16,2
2026-06-17,000001,10:47:00,10.8400,38,1
2026-06-17,000001,10:47:03,10.8400,70,1
2026-06-17,000001,10:47:06,10.8400,122,1
2026-06-17,000001,10:47:09,10.8300,49,2
2026-06-17,000001,10:47:12,10.8300,22,2
2026-06-17,000001,10:47:15,10.8300,30,2
2026-06-17,000001,10:47:21,10.8400,48,1
2026-06-17,000001,10:47:24,10.8300,30,2
2026-06-17,000001,10:47:27,10.8400,18,1
2026-06-17,000001,10:47:30,10.8400,200,1
2026-06-17,000001,10:47:33,10.8400,60,1
2026-06-17,000001,10:47:36,10.8300,15,2
2026-06-17,000001,10:47:39,10.8300,11,2
2026-06-17,000001,10:47:42,10.8300,26,2
2026-06-17,000001,10:47:48,10.8300,27,2
2026-06-17,000001,10:47:51,10.8400,40,1
2026-06-17,000001,10:47:54,10.8400,40,1
2026-06-17,000001,10:47:57,10.8300,41,2
2026-06-17,000001,10:48:00,10.8400,94,1
2026-06-17,000001,10:48:03,10.8300,24,2
2026-06-17,000001,10:48:09,10.8300,5,2
2026-06-17,000001,10:48:12,10.8300,11,2
2026-06-17,000001,10:48:15,10.8400,18,1
2026-06-17,000001,10:48:18,10.8300,11,2
2026-06-17,000001,10:48:21,10.8400,11,1
2026-06-17,000001,10:48:24,10.8400,28,1
2026-06-17,000001,10:48:30,10.8300,15,2
2026-06-17,000001,10:48:33,10.8300,113,2
2026-06-17,000001,10:48:36,10.8400,29,1
2026-06-17,000001,10:48:39,10.8400,198,1
2026-06-17,000001,10:48:42,10.8400,420,1
2026-06-17,000001,10:48:45,10.8400,77,1
2026-06-17,000001,10:48:48,10.8300,80,2
2026-06-17,000001,10:48:51,10.8300,17,2
2026-06-17,000001,10:48:57,10.8400,18,1
2026-06-17,000001,10:49:00,10.8300,12,2
2026-06-17,000001,10:49:03,10.8300,32,2
2026-06-17,000001,10:49:06,10.8300,908,2
2026-06-17,000001,10:49:09,10.8300,285,2
2026-06-17,000001,10:49:12,10.8300,89,2
2026-06-17,000001,10:49:15,10.8300,50,2
2026-06-17,000001,10:49:18,10.8300,105,2
2026-06-17,000001,10:49:21,10.8300,19,2
2026-06-17,000001,10:49:24,10.8400,29,1
2026-06-17,000001,10:49:27,10.8300,173,2
2026-06-17,000001,10:49:30,10.8300,16,2
2026-06-17,000001,10:49:33,10.8400,52,1
2026-06-17,000001,10:49:36,10.8300,65,2
2026-06-17,000001,10:49:39,10.8300,334,2
2026-06-17,000001,10:49:42,10.8300,145,2
2026-06-17,000001,10:49:45,10.8300,60,2
2026-06-17,000001,10:49:48,10.8300,39,2
2026-06-17,000001,10:49:51,10.8300,4815,2
2026-06-17,000001,10:49:54,10.8300,75,1
2026-06-17,000001,10:49:57,10.8300,900,1
2026-06-17,000001,10:50:00,10.8300,2007,2
2026-06-17,000001,10:50:03,10.8200,121,2
2026-06-17,000001,10:50:06,10.8300,96,1
2026-06-17,000001,10:50:09,10.8300,17,1
2026-06-17,000001,10:50:12,10.8200,24,2
2026-06-17,000001,10:50:15,10.8300,232,1
2026-06-17,000001,10:50:18,10.8200,120,2
2026-06-17,000001,10:50:21,10.8200,16,2
2026-06-17,000001,10:50:24,10.8200,83,2
2026-06-17,000001,10:50:27,10.8300,2422,1
2026-06-17,000001,10:50:30,10.8200,127,2
2026-06-17,000001,10:50:33,10.8200,203,2
2026-06-17,000001,10:50:36,10.8200,42,2
2026-06-17,000001,10:50:39,10.8300,41,1
2026-06-17,000001,10:50:42,10.8300,47,1
2026-06-17,000001,10:50:45,10.8200,9,2
2026-06-17,000001,10:50:48,10.8200,31,2
2026-06-17,000001,10:50:51,10.8200,16,2
2026-06-17,000001,10:50:54,10.8300,1081,1
2026-06-17,000001,10:50:57,10.8200,30,2
2026-06-17,000001,10:51:00,10.8300,46,1
2026-06-17,000001,10:51:03,10.8300,99,1
2026-06-17,000001,10:51:06,10.8400,512,1
2026-06-17,000001,10:51:09,10.8300,302,2
2026-06-17,000001,10:51:12,10.8300,246,2
2026-06-17,000001,10:51:15,10.8300,153,2
2026-06-17,000001,10:51:18,10.8300,263,2
2026-06-17,000001,10:51:21,10.8300,99,2
2026-06-17,000001,10:51:24,10.8300,241,2
2026-06-17,000001,10:51:27,10.8300,276,2
2026-06-17,000001,10:51:30,10.8400,373,1
2026-06-17,000001,10:51:33,10.8200,121,2
2026-06-17,000001,10:51:36,10.8300,1,1
2026-06-17,000001,10:51:39,10.8300,50,1
2026-06-17,000001,10:51:42,10.8200,49,2
2026-06-17,000001,10:51:45,10.8300,77,1
2026-06-17,000001,10:51:48,10.8200,40,2
2026-06-17,000001,10:51:51,10.8200,134,2
2026-06-17,000001,10:51:54,10.8300,1042,1
2026-06-17,000001,10:51:57,10.8200,71,2
2026-06-17,000001,10:52:03,10.8300,11,1
2026-06-17,000001,10:52:06,10.8200,37,2
2026-06-17,000001,10:52:12,10.8300,448,1
2026-06-17,000001,10:52:15,10.8400,804,1
2026-06-17,000001,10:52:18,10.8300,34,2
2026-06-17,000001,10:52:21,10.8300,25,1
2026-06-17,000001,10:52:24,10.8200,25,2
2026-06-17,000001,10:52:27,10.8200,10,2
2026-06-17,000001,10:52:30,10.8300,63,1
2026-06-17,000001,10:52:33,10.8300,23,1
2026-06-17,000001,10:52:36,10.8300,47,1
2026-06-17,000001,10:52:39,10.8300,10,1
2026-06-17,000001,10:52:42,10.8200,104,2
2026-06-17,000001,10:52:45,10.8300,41,1
2026-06-17,000001,10:52:48,10.8200,80,2
2026-06-17,000001,10:52:51,10.8300,27,1
2026-06-17,000001,10:52:54,10.8200,203,2
2026-06-17,000001,10:52:57,10.8200,26,2
2026-06-17,000001,10:53:00,10.8300,405,1
2026-06-17,000001,10:53:03,10.8300,72,1
2026-06-17,000001,10:53:06,10.8300,51,1
2026-06-17,000001,10:53:09,10.8200,49,2
2026-06-17,000001,10:53:12,10.8300,95,1
2026-06-17,000001,10:53:15,10.8300,23,1
2026-06-17,000001,10:53:18,10.8300,754,1
2026-06-17,000001,10:53:21,10.8300,342,2
2026-06-17,000001,10:53:27,10.8300,6,2
2026-06-17,000001,10:53:30,10.8300,262,2
2026-06-17,000001,10:53:33,10.8300,8,2
2026-06-17,000001,10:53:36,10.8300,149,2
2026-06-17,000001,10:53:39,10.8300,73,2
2026-06-17,000001,10:53:42,10.8300,13,2
2026-06-17,000001,10:53:45,10.8300,8,2
2026-06-17,000001,10:53:48,10.8400,212,1
2026-06-17,000001,10:53:51,10.8300,68,2
2026-06-17,000001,10:53:57,10.8400,1,1
2026-06-17,000001,10:54:00,10.8300,7,2
2026-06-17,000001,10:54:03,10.8300,4,2
2026-06-17,000001,10:54:06,10.8300,5,2
2026-06-17,000001,10:54:09,10.8300,92,2
2026-06-17,000001,10:54:12,10.8300,16,2
2026-06-17,000001,10:54:15,10.8400,25,1
2026-06-17,000001,10:54:18,10.8300,263,2
2026-06-17,000001,10:54:21,10.8300,3,2
2026-06-17,000001,10:54:24,10.8300,32,1
2026-06-17,000001,10:54:27,10.8300,42,1
2026-06-17,000001,10:54:30,10.8200,233,2
2026-06-17,000001,10:54:33,10.8300,334,1
2026-06-17,000001,10:54:39,10.8300,1,4
2026-06-17,000001,10:54:42,10.8300,42,1
2026-06-17,000001,10:54:45,10.8300,28,1
2026-06-17,000001,10:54:48,10.8300,1,2
2026-06-17,000001,10:54:51,10.8400,61,1
2026-06-17,000001,10:54:54,10.8400,27,1
2026-06-17,000001,10:54:57,10.8300,226,2
2026-06-17,000001,10:55:00,10.8300,29,1
2026-06-17,000001,10:55:03,10.8300,211,1
2026-06-17,000001,10:55:06,10.8300,46,2
2026-06-17,000001,10:55:09,10.8300,35,2
2026-06-17,000001,10:55:12,10.8400,68,1
2026-06-17,000001,10:55:15,10.8400,26,1
2026-06-17,000001,10:55:18,10.8300,19,2
2026-06-17,000001,10:55:21,10.8400,68,1
2026-06-17,000001,10:55:24,10.8400,174,1
2026-06-17,000001,10:55:27,10.8400,50,1
2026-06-17,000001,10:55:30,10.8300,6,2
2026-06-17,000001,10:55:33,10.8300,83,2
2026-06-17,000001,10:55:36,10.8300,26,2
2026-06-17,000001,10:55:39,10.8400,47,1
2026-06-17,000001,10:55:42,10.8300,72,2
2026-06-17,000001,10:55:45,10.8400,5,1
2026-06-17,000001,10:55:48,10.8400,45,1
2026-06-17,000001,10:55:51,10.8300,3,2
2026-06-17,000001,10:55:54,10.8300,24,2
2026-06-17,000001,10:55:57,10.8300,11,2
2026-06-17,000001,10:56:00,10.8400,31,1
2026-06-17,000001,10:56:03,10.8400,9,1
2026-06-17,000001,10:56:06,10.8300,5,2
2026-06-17,000001,10:56:12,10.8300,23,2
2026-06-17,000001,10:56:15,10.8400,27,1
2026-06-17,000001,10:56:18,10.8300,1,2
2026-06-17,000001,10:56:21,10.8300,13,2
2026-06-17,000001,10:56:24,10.8300,13,2
2026-06-17,000001,10:56:30,10.8300,14,2
2026-06-17,000001,10:56:33,10.8300,18,2
2026-06-17,000001,10:56:36,10.8300,15,2
2026-06-17,000001,10:56:39,10.8300,16,2
2026-06-17,000001,10:56:42,10.8400,49,1
2026-06-17,000001,10:56:45,10.8400,50,1
2026-06-17,000001,10:56:48,10.8300,4,2
2026-06-17,000001,10:56:51,10.8400,72,1
2026-06-17,000001,10:56:54,10.8300,13,2
2026-06-17,000001,10:56:57,10.8400,18,1
2026-06-17,000001,10:57:03,10.8300,16,2
2026-06-17,000001,10:57:06,10.8400,30,1
2026-06-17,000001,10:57:09,10.8400,3,1
2026-06-17,000001,10:57:12,10.8400,41,1
2026-06-17,000001,10:57:18,10.8300,16,2
2026-06-17,000001,10:57:21,10.8400,940,1
2026-06-17,000001,10:57:24,10.8300,29,2
2026-06-17,000001,10:57:27,10.8400,44,1
2026-06-17,000001,10:57:30,10.8300,31,2
2026-06-17,000001,10:57:33,10.8400,21,1
2026-06-17,000001,10:57:36,10.8300,20,2
2026-06-17,000001,10:57:39,10.8400,29,1
2026-06-17,000001,10:57:42,10.8400,563,1
2026-06-17,000001,10:57:45,10.8300,200,2
2026-06-17,000001,10:57:48,10.8400,22,1
2026-06-17,000001,10:57:51,10.8300,1,2
2026-06-17,000001,10:57:54,10.8300,15,2
2026-06-17,000001,10:57:57,10.8300,17,2
2026-06-17,000001,10:58:00,10.8300,49,2
2026-06-17,000001,10:58:03,10.8300,16,2
2026-06-17,000001,10:58:06,10.8300,94,2
2026-06-17,000001,10:58:09,10.8300,29,2
2026-06-17,000001,10:58:12,10.8300,260,2
2026-06-17,000001,10:58:15,10.8300,475,2
2026-06-17,000001,10:58:18,10.8300,52,2
2026-06-17,000001,10:58:21,10.8300,10,2
2026-06-17,000001,10:58:24,10.8300,38,2
2026-06-17,000001,10:58:27,10.8300,68,2
2026-06-17,000001,10:58:30,10.8300,56,2
2026-06-17,000001,10:58:33,10.8300,2,2
2026-06-17,000001,10:58:36,10.8300,1,2
2026-06-17,000001,10:58:39,10.8300,16,2
2026-06-17,000001,10:58:42,10.8300,17,2
2026-06-17,000001,10:58:45,10.8300,16,2
2026-06-17,000001,10:58:48,10.8300,19,2
2026-06-17,000001,10:58:51,10.8300,101,2
2026-06-17,000001,10:58:54,10.8400,13,1
2026-06-17,000001,10:58:57,10.8300,40,2
2026-06-17,000001,10:59:00,10.8300,32,2
2026-06-17,000001,10:59:03,10.8300,7,2
2026-06-17,000001,10:59:06,10.8300,53,2
2026-06-17,000001,10:59:09,10.8300,16,2
2026-06-17,000001,10:59:12,10.8300,37,2
2026-06-17,000001,10:59:15,10.8300,185,2
2026-06-17,000001,10:59:18,10.8300,54,2
2026-06-17,000001,10:59:21,10.8300,25,2
2026-06-17,000001,10:59:24,10.8300,11,2
2026-06-17,000001,10:59:27,10.8400,79,1
2026-06-17,000001,10:59:30,10.8300,17,2
2026-06-17,000001,10:59:33,10.8400,16,1
2026-06-17,000001,10:59:36,10.8400,20,1
2026-06-17,000001,10:59:39,10.8400,32,1
2026-06-17,000001,10:59:42,10.8300,43,2
2026-06-17,000001,10:59:45,10.8300,6,2
2026-06-17,000001,10:59:51,10.8300,22,2
2026-06-17,000001,10:59:54,10.8300,40,2
2026-06-17,000001,11:00:00,10.8300,52,2
2026-06-17,000001,11:00:03,10.8400,33,1
2026-06-17,000001,11:00:06,10.8300,1,2
2026-06-17,000001,11:00:12,10.8300,37,2
2026-06-17,000001,11:00:15,10.8300,53,2
2026-06-17,000001,11:00:18,10.8400,78,1
2026-06-17,000001,11:00:21,10.8300,16,2
2026-06-17,000001,11:00:24,10.8300,16,2
2026-06-17,000001,11:00:27,10.8300,56,2
2026-06-17,000001,11:00:30,10.8300,15,2
2026-06-17,000001,11:00:33,10.8400,99,1
2026-06-17,000001,11:00:36,10.8300,11,2
2026-06-17,000001,11:00:39,10.8300,35,2
2026-06-17,000001,11:00:42,10.8300,16,2
2026-06-17,000001,11:00:48,10.8400,48,1
2026-06-17,000001,11:00:51,10.8300,158,2
2026-06-17,000001,11:00:54,10.8300,16,2
2026-06-17,000001,11:00:57,10.8400,117,1
2026-06-17,000001,11:01:00,10.8300,25,2
2026-06-17,000001,11:01:03,10.8400,53,1
2026-06-17,000001,11:01:06,10.8300,10,2
2026-06-17,000001,11:01:09,10.8300,16,2
2026-06-17,000001,11:01:12,10.8300,16,2
2026-06-17,000001,11:01:15,10.8300,1358,2
2026-06-17,000001,11:01:18,10.8300,369,2
2026-06-17,000001,11:01:21,10.8300,81,2
2026-06-17,000001,11:01:24,10.8300,20,2
2026-06-17,000001,11:01:27,10.8300,5,2
2026-06-17,000001,11:01:30,10.8300,28,2
2026-06-17,000001,11:01:36,10.8400,302,1
2026-06-17,000001,11:01:39,10.8300,98,2
2026-06-17,000001,11:01:42,10.8300,588,2
2026-06-17,000001,11:01:45,10.8200,655,2
2026-06-17,000001,11:01:48,10.8300,59,1
2026-06-17,000001,11:01:51,10.8300,114,1
2026-06-17,000001,11:01:54,10.8300,19,1
2026-06-17,000001,11:01:57,10.8200,18,2
2026-06-17,000001,11:02:00,10.8200,298,2
2026-06-17,000001,11:02:03,10.8300,3,1
2026-06-17,000001,11:02:06,10.8200,31,2
2026-06-17,000001,11:02:09,10.8200,59,2
2026-06-17,000001,11:02:12,10.8300,163,1
2026-06-17,000001,11:02:15,10.8200,142,2
2026-06-17,000001,11:02:18,10.8300,33,1
2026-06-17,000001,11:02:21,10.8300,20,1
2026-06-17,000001,11:02:27,10.8300,17,1
2026-06-17,000001,11:02:30,10.8300,3,1
2026-06-17,000001,11:02:33,10.8200,20,2
2026-06-17,000001,11:02:36,10.8200,15,2
2026-06-17,000001,11:02:42,10.8300,32,1
2026-06-17,000001,11:02:45,10.8200,2,2
2026-06-17,000001,11:02:48,10.8200,25,2
2026-06-17,000001,11:02:51,10.8300,47,1
2026-06-17,000001,11:02:54,10.8300,115,1
2026-06-17,000001,11:02:57,10.8200,22,2
2026-06-17,000001,11:03:00,10.8200,46,2
2026-06-17,000001,11:03:06,10.8200,16,2
2026-06-17,000001,11:03:09,10.8200,7,2
2026-06-17,000001,11:03:15,10.8200,132,2
2026-06-17,000001,11:03:18,10.8200,25,2
2026-06-17,000001,11:03:21,10.8200,5,2
2026-06-17,000001,11:03:24,10.8300,555,1
2026-06-17,000001,11:03:27,10.8200,26,2
2026-06-17,000001,11:03:30,10.8200,236,2
2026-06-17,000001,11:03:33,10.8300,562,1
2026-06-17,000001,11:03:36,10.8300,29,1
2026-06-17,000001,11:03:39,10.8200,20,2
2026-06-17,000001,11:03:42,10.8300,173,1
2026-06-17,000001,11:03:45,10.8200,3051,2
2026-06-17,000001,11:03:48,10.8300,267,1
2026-06-17,000001,11:03:51,10.8300,305,1
2026-06-17,000001,11:03:54,10.8200,104,2
2026-06-17,000001,11:03:57,10.8200,150,2
2026-06-17,000001,11:04:00,10.8300,11,1
2026-06-17,000001,11:04:03,10.8300,69,1
2026-06-17,000001,11:04:06,10.8300,92,1
2026-06-17,000001,11:04:09,10.8300,19,1
2026-06-17,000001,11:04:15,10.8200,27,2
2026-06-17,000001,11:04:18,10.8300,6,1
2026-06-17,000001,11:04:21,10.8300,33,1
2026-06-17,000001,11:04:24,10.8200,13,2
2026-06-17,000001,11:04:30,10.8300,24,1
2026-06-17,000001,11:04:33,10.8200,80,2
2026-06-17,000001,11:04:36,10.8200,19,2
2026-06-17,000001,11:04:39,10.8200,35,2
2026-06-17,000001,11:04:42,10.8300,1,1
2026-06-17,000001,11:04:45,10.8200,16,2
2026-06-17,000001,11:04:48,10.8200,21,2
2026-06-17,000001,11:04:51,10.8200,14,2
2026-06-17,000001,11:04:54,10.8200,87,2
2026-06-17,000001,11:04:57,10.8200,72,2
2026-06-17,000001,11:05:00,10.8300,2,1
2026-06-17,000001,11:05:03,10.8200,99,2
2026-06-17,000001,11:05:06,10.8300,87,1
2026-06-17,000001,11:05:09,10.8200,33,2
2026-06-17,000001,11:05:15,10.8300,112,1
2026-06-17,000001,11:05:18,10.8300,45,1
2026-06-17,000001,11:05:21,10.8200,46,2
2026-06-17,000001,11:05:24,10.8200,67,2
2026-06-17,000001,11:05:27,10.8200,104,2
2026-06-17,000001,11:05:30,10.8300,75,1
2026-06-17,000001,11:05:33,10.8300,81,1
2026-06-17,000001,11:05:36,10.8300,17,1
2026-06-17,000001,11:05:39,10.8300,10,1
2026-06-17,000001,11:05:42,10.8200,46,2
2026-06-17,000001,11:05:45,10.8200,17,2
2026-06-17,000001,11:05:48,10.8300,60,1
2026-06-17,000001,11:05:54,10.8200,81,2
2026-06-17,000001,11:05:57,10.8200,19,2
2026-06-17,000001,11:06:00,10.8200,35,2
2026-06-17,000001,11:06:06,10.8200,63,2
2026-06-17,000001,11:06:09,10.8200,50,2
2026-06-17,000001,11:06:12,10.8300,71,1
2026-06-17,000001,11:06:15,10.8300,92,1
2026-06-17,000001,11:06:18,10.8200,158,2
2026-06-17,000001,11:06:21,10.8200,161,2
2026-06-17,000001,11:06:24,10.8200,23,2
2026-06-17,000001,11:06:27,10.8200,20,2
2026-06-17,000001,11:06:30,10.8300,12,1
2026-06-17,000001,11:06:39,10.8200,107,2
2026-06-17,000001,11:06:42,10.8300,47,1
2026-06-17,000001,11:06:45,10.8300,2,1
2026-06-17,000001,11:06:48,10.8200,388,2
2026-06-17,000001,11:06:51,10.8300,30,1
2026-06-17,000001,11:06:54,10.8300,3,1
2026-06-17,000001,11:06:57,10.8300,21,1
2026-06-17,000001,11:07:00,10.8300,53,1
2026-06-17,000001,11:07:03,10.8300,461,1
2026-06-17,000001,11:07:06,10.8300,126,1
2026-06-17,000001,11:07:09,10.8200,85,2
2026-06-17,000001,11:07:12,10.8300,3182,1
2026-06-17,000001,11:07:15,10.8300,761,1
2026-06-17,000001,11:07:18,10.8300,70,1
2026-06-17,000001,11:07:21,10.8300,169,1
2026-06-17,000001,11:07:27,10.8300,50,1
2026-06-17,000001,11:07:36,10.8300,118,1
2026-06-17,000001,11:07:39,10.8300,1,1
2026-06-17,000001,11:07:42,10.8300,127,1
2026-06-17,000001,11:07:45,10.8300,2,1
2026-06-17,000001,11:07:48,10.8200,5,2
2026-06-17,000001,11:07:51,10.8300,4,1
2026-06-17,000001,11:07:57,10.8300,95,1
2026-06-17,000001,11:08:00,10.8300,23,1
2026-06-17,000001,11:08:06,10.8200,1875,2
2026-06-17,000001,11:08:09,10.8200,281,2
2026-06-17,000001,11:08:12,10.8200,95,2
2026-06-17,000001,11:08:15,10.8200,113,2
