date,code,time,price,volume,bs
2026-01-15,000858,14:06:24,106.2000,1,2
2026-01-15,000858,14:06:27,106.2000,7,2
2026-01-15,000858,14:06:30,106.1900,23,2
2026-01-15,000858,14:06:33,106.2100,1,1
2026-01-15,000858,14:06:36,106.1900,5,2
2026-01-15,000858,14:06:42,106.1900,6,2
2026-01-15,000858,14:06:45,106.2000,33,1
2026-01-15,000858,14:06:48,106.2100,21,1
2026-01-15,000858,14:06:51,106.2100,13,1
2026-01-15,000858,14:06:54,106.2100,5,1
2026-01-15,000858,14:06:57,106.2000,4,2
2026-01-15,000858,14:07:00,106.2100,11,1
2026-01-15,000858,14:07:03,106.2100,7,1
2026-01-15,000858,14:07:06,106.2100,2,1
2026-01-15,000858,14:07:09,106.2100,8,1
2026-01-15,000858,14:07:12,106.2100,2,2
2026-01-15,000858,14:07:15,106.2100,23,2
2026-01-15,000858,14:07:18,106.2100,10,4
2026-01-15,000858,14:07:21,106.2000,31,2
2026-01-15,000858,14:07:24,106.2000,28,2
2026-01-15,000858,14:07:27,106.2100,3,4
2026-01-15,000858,14:07:30,106.2000,12,2
2026-01-15,000858,14:07:33,106.2000,8,2
2026-01-15,000858,14:07:36,106.2000,6,2
2026-01-15,000858,14:07:39,106.2000,21,2
2026-01-15,000858,14:07:42,106.2000,18,2
2026-01-15,000858,14:07:45,106.2100,9,4
2026-01-15,000858,14:07:48,106.2000,14,2
2026-01-15,000858,14:07:51,106.2000,17,2
2026-01-15,000858,14:07:54,106.2000,9,2
2026-01-15,000858,14:07:57,106.2100,20,1
2026-01-15,000858,14:08:00,106.2000,42,2
2026-01-15,000858,14:08:03,106.2000,20,2
2026-01-15,000858,14:08:06,106.2000,10,2
2026-01-15,000858,14:08:09,106.2000,32,4
2026-01-15,000858,14:08:12,106.2000,27,4
2026-01-15,000858,14:08:15,106.2100,116,1
2026-01-15,000858,14:08:18,106.2000,28,4
2026-01-15,000858,14:08:21,106.1900,3,2
2026-01-15,000858,14:08:24,106.2000,16,2
2026-01-15,000858,14:08:27,106.2000,29,1
2026-01-15,000858,14:08:30,106.1900,22,2
2026-01-15,000858,14:08:33,106.1900,20,2
2026-01-15,000858,14:08:36,106.2000,10,1
2026-01-15,000858,14:08:39,106.1900,16,2
2026-01-15,000858,14:08:42,106.1900,30,2
2026-01-15,000858,14:08:45,106.1800,17,2
2026-01-15,000858,14:08:48,106.1800,27,2
2026-01-15,000858,14:08:51,106.1800,24,2
2026-01-15,000858,14:08:54,106.1900,351,1
2026-01-15,000858,14:08:57,106.1900,50,1
2026-01-15,000858,14:09:00,106.1800,9,4
2026-01-15,000858,14:09:03,106.1900,41,1
2026-01-15,000858,14:09:06,106.1800,15,2
2026-01-15,000858,14:09:09,106.1900,2,2
2026-01-15,000858,14:09:12,106.1900,19,2
2026-01-15,000858,14:09:18,106.1900,5,1
2026-01-15,000858,14:09:21,106.1800,8,2
2026-01-15,000858,14:09:24,106.1900,7,1
2026-01-15,000858,14:09:27,106.1900,5,1
2026-01-15,000858,14:09:30,106.1800,10,2
2026-01-15,000858,14:09:33,106.1800,15,2
2026-01-15,000858,14:09:36,106.1800,41,2
2026-01-15,000858,14:09:39,106.1700,19,2
2026-01-15,000858,14:09:42,106.1700,32,2
2026-01-15,000858,14:09:45,106.1700,28,2
2026-01-15,000858,14:09:48,106.1800,18,1
2026-01-15,000858,14:09:51,106.1700,18,2
2026-01-15,000858,14:09:54,106.1700,14,2
2026-01-15,000858,14:09:57,106.1800,55,1
2026-01-15,000858,14:10:00,106.1700,74,2
2026-01-15,000858,14:10:03,106.1800,35,1
2026-01-15,000858,14:10:06,106.1800,43,1
2026-01-15,000858,14:10:09,106.1700,27,2
2026-01-15,000858,14:10:12,106.1700,50,2
2026-01-15,000858,14:10:15,106.1600,67,2
2026-01-15,000858,14:10:18,106.1600,13,2
2026-01-15,000858,14:10:21,106.1800,26,1
2026-01-15,000858,14:10:24,106.1700,26,2
2026-01-15,000858,14:10:27,106.1700,37,1
2026-01-15,000858,14:10:30,106.1600,26,2
2026-01-15,000858,14:10:33,106.1700,27,2
2026-01-15,000858,14:10:36,106.1700,18,2
2026-01-15,000858,14:10:39,106.1800,10,1
2026-01-15,000858,14:10:42,106.1700,10,2
2026-01-15,000858,14:10:45,106.1800,29,1
2026-01-15,000858,14:10:48,106.1700,15,2
2026-01-15,000858,14:10:51,106.1600,36,2
2026-01-15,000858,14:10:54,106.1700,16,1
2026-01-15,000858,14:10:57,106.1700,16,1
2026-01-15,000858,14:11:00,106.1600,15,2
2026-01-15,000858,14:11:03,106.1700,62,1
2026-01-15,000858,14:11:06,106.1600,43,2
2026-01-15,000858,14:11:09,106.1800,22,1
2026-01-15,000858,14:11:12,106.1600,14,2
2026-01-15,000858,14:11:15,106.1600,43,2
2026-01-15,000858,14:11:18,106.1600,4,2
2026-01-15,000858,14:11:21,106.1600,19,2
2026-01-15,000858,14:11:24,106.1700,26,1
2026-01-15,000858,14:11:27,106.1700,9,2
2026-01-15,000858,14:11:30,106.1700,9,2
2026-01-15,000858,14:11:33,106.1700,6,2
2026-01-15,000858,14:11:36,106.1700,39,2
2026-01-15,000858,14:11:39,106.1700,13,2
2026-01-15,000858,14:11:42,106.1600,20,2
2026-01-15,000858,14:11:45,106.1600,26,2
2026-01-15,000858,14:11:48,106.1600,45,2
2026-01-15,000858,14:11:51,106.1700,15,1
2026-01-15,000858,14:11:54,106.1700,11,1
2026-01-15,000858,14:11:57,106.1600,14,2
2026-01-15,000858,14:12:00,106.1600,8,2
2026-01-15,000858,14:12:03,106.1700,53,1
2026-01-15,000858,14:12:06,106.1700,12,1
2026-01-15,000858,14:12:09,106.1700,54,1
2026-01-15,000858,14:12:12,106.1700,62,1
2026-01-15,000858,14:12:15,106.1700,35,2
2026-01-15,000858,14:12:18,106.1700,27,2
2026-01-15,000858,14:12:21,106.1600,43,2
2026-01-15,000858,14:12:24,106.1800,8,1
2026-01-15,000858,14:12:27,106.1600,4,2
2026-01-15,000858,14:12:30,106.1700,42,2
2026-01-15,000858,14:12:33,106.1700,19,2
2026-01-15,000858,14:12:36,106.1600,31,2
2026-01-15,000858,14:12:39,106.1600,3,2
2026-01-15,000858,14:12:42,106.1700,98,1
2026-01-15,000858,14:12:45,106.1600,230,2
2026-01-15,000858,14:12:48,106.1600,241,2
2026-01-15,000858,14:12:51,106.1600,85,2
2026-01-15,000858,14:12:54,106.1500,57,2
2026-01-15,000858,14:12:57,106.1600,29,1
2026-01-15,000858,14:13:00,106.1600,28,1
2026-01-15,000858,14:13:03,106.1500,39,2
2026-01-15,000858,14:13:06,106.1600,40,2
2026-01-15,000858,14:13:09,106.1600,37,2
2026-01-15,000858,14:13:12,106.1500,18,2
2026-01-15,000858,14:13:15,106.1500,17,2
2026-01-15,000858,14:13:18,106.1500,71,2
2026-01-15,000858,14:13:21,106.1600,39,1
2026-01-15,000858,14:13:24,106.1500,49,2
2026-01-15,000858,14:13:27,106.1500,5,2
2026-01-15,000858,14:13:30,106.1700,14,1
2026-01-15,000858,14:13:33,106.1500,16,2
2026-01-15,000858,14:13:36,106.1500,21,2
2026-01-15,000858,14:13:39,106.1200,1090,2
2026-01-15,000858,14:13:42,106.1100,98,2
2026-01-15,000858,14:13:45,106.1100,14,2
2026-01-15,000858,14:13:48,106.1100,49,2
2026-01-15,000858,14:13:51,106.1100,40,2
2026-01-15,000858,14:13:54,106.1200,62,1
2026-01-15,000858,14:13:57,106.1200,16,1
2026-01-15,000858,14:14:00,106.1200,28,1
2026-01-15,000858,14:14:03,106.1100,51,2
2026-01-15,000858,14:14:06,106.1100,4,2
2026-01-15,000858,14:14:09,106.1200,8,1
2026-01-15,000858,14:14:12,106.1200,5,1
2026-01-15,000858,14:14:15,106.1200,58,1
2026-01-15,000858,14:14:18,106.1100,20,2
2026-01-15,000858,14:14:21,106.1400,65,1
2026-01-15,000858,14:14:24,106.1100,65,2
2026-01-15,000858,14:14:27,106.1400,9,1
2026-01-15,000858,14:14:30,106.1400,2,1
2026-01-15,000858,14:14:33,106.1400,32,1
2026-01-15,000858,14:14:36,106.1300,4,1
2026-01-15,000858,14:14:39,106.1400,3,1
2026-01-15,000858,14:14:42,106.1200,24,2
2026-01-15,000858,14:14:48,106.1300,16,2
2026-01-15,000858,14:14:51,106.1300,6,1
2026-01-15,000858,14:14:57,106.1300,5,1
2026-01-15,000858,14:15:00,106.1200,9,2
2026-01-15,000858,14:15:03,106.1300,16,1
2026-01-15,000858,14:15:06,106.1300,12,1
2026-01-15,000858,14:15:09,106.1400,10,1
2026-01-15,000858,14:15:12,106.1300,5,2
2026-01-15,000858,14:15:15,106.1300,33,2
2026-01-15,000858,14:15:18,106.1400,21,1
2026-01-15,000858,14:15:21,106.1200,15,2
2026-01-15,000858,14:15:24,106.1200,10,2
2026-01-15,000858,14:15:27,106.1200,30,2
2026-01-15,000858,14:15:30,106.1200,74,2
2026-01-15,000858,14:15:33,106.1200,22,2
2026-01-15,000858,14:15:36,106.1200,21,2
2026-01-15,000858,14:15:39,106.1200,27,2
2026-01-15,000858,14:15:42,106.1100,20,2
2026-01-15,000858,14:15:45,106.1100,31,2
2026-01-15,000858,14:15:48,106.1100,40,2
2026-01-15,000858,14:15:51,106.1100,16,2
2026-01-15,000858,14:15:54,106.1200,13,1
2026-01-15,000858,14:15:57,106.1200,2,2
2026-01-15,000858,14:16:03,106.1200,3,2
2026-01-15,000858,14:16:06,106.1300,7,1
2026-01-15,000858,14:16:09,106.1300,4,1
2026-01-15,000858,14:16:12,106.1300,3,1
2026-01-15,000858,14:16:15,106.1200,9,2
2026-01-15,000858,14:16:18,106.1300,1,1
2026-01-15,000858,14:16:21,106.1300,8,1
2026-01-15,000858,14:16:24,106.1300,11,1
2026-01-15,000858,14:16:27,106.1300,34,1
2026-01-15,000858,14:16:30,106.1300,20,1
2026-01-15,000858,14:16:33,106.1300,10,1
2026-01-15,000858,14:16:36,106.1200,22,2
2026-01-15,000858,14:16:39,106.1300,18,2
2026-01-15,000858,14:16:45,106.1400,4,1
2026-01-15,000858,14:16:48,106.1300,5,2
2026-01-15,000858,14:16:51,106.1300,23,2
2026-01-15,000858,14:16:54,106.1400,3,1
2026-01-15,000858,14:16:57,106.1400,12,1
2026-01-15,000858,14:17:00,106.1400,6,4
2026-01-15,000858,14:17:03,106.1400,4,4
2026-01-15,000858,14:17:06,106.1400,20,1
2026-01-15,000858,14:17:09,106.1400,3,1
2026-01-15,000858,14:17:12,106.1400,28,1
2026-01-15,000858,14:17:15,106.1400,27,2
2026-01-15,000858,14:17:18,106.1300,34,2
2026-01-15,000858,14:17:21,106.1300,57,2
2026-01-15,000858,14:17:24,106.1300,4,2
2026-01-15,000858,14:17:27,106.1300,12,2
2026-01-15,000858,14:17:30,106.1400,16,1
2026-01-15,000858,14:17:33,106.1400,14,1
2026-01-15,000858,14:17:36,106.1300,17,2
2026-01-15,000858,14:17:39,106.1300,40,2
2026-01-15,000858,14:17:42,106.1400,11,1
2026-01-15,000858,14:17:45,106.1300,6,2
2026-01-15,000858,14:17:48,106.1400,1,1
2026-01-15,000858,14:17:51,106.1300,23,2
2026-01-15,000858,14:17:54,106.1400,18,1
2026-01-15,000858,14:17:57,106.1300,52,2
2026-01-15,000858,14:18:00,106.1400,1,4
2026-01-15,000858,14:18:03,106.1500,12,1
2026-01-15,000858,14:18:06,106.1500,1,1
2026-01-15,000858,14:18:09,106.1300,307,2
2026-01-15,000858,14:18:12,106.1500,40,1
2026-01-15,000858,14:18:15,106.1400,4,1
2026-01-15,000858,14:18:18,106.1300,8,2
2026-01-15,000858,14:18:24,106.1300,9,2
2026-01-15,000858,14:18:30,106.1300,4,2
2026-01-15,000858,14:18:33,106.1400,48,1
2026-01-15,000858,14:18:36,106.1400,6,1
2026-01-15,000858,14:18:39,106.1400,8,1
2026-01-15,000858,14:18:42,106.1400,6,1
2026-01-15,000858,14:18:45,106.1500,104,1
2026-01-15,000858,14:18:48,106.1400,6,2
2026-01-15,000858,14:18:51,106.1400,4,1
2026-01-15,000858,14:18:54,106.1300,7,2
2026-01-15,000858,14:18:57,106.1400,10,1
2026-01-15,000858,14:19:00,106.1400,6,1
2026-01-15,000858,14:19:03,106.1300,130,2
2026-01-15,000858,14:19:06,106.1400,35,1
2026-01-15,000858,14:19:09,106.1400,8,4
2026-01-15,000858,14:19:12,106.1300,5,2
2026-01-15,000858,14:19:15,106.1400,2,1
2026-01-15,000858,14:19:18,106.1300,9,2
2026-01-15,000858,14:19:21,106.1300,25,2
2026-01-15,000858,14:19:24,106.1300,11,1
2026-01-15,000858,14:19:27,106.1300,19,1
2026-01-15,000858,14:19:30,106.1200,16,2
2026-01-15,000858,14:19:33,106.1200,1,2
2026-01-15,000858,14:19:36,106.1200,14,2
2026-01-15,000858,14:19:39,106.1300,13,1
2026-01-15,000858,14:19:42,106.1200,147,2
2026-01-15,000858,14:19:45,106.1200,4,1
2026-01-15,000858,14:19:48,106.1200,21,1
2026-01-15,000858,14:19:51,106.1200,6,1
2026-01-15,000858,14:19:54,106.1200,33,1
2026-01-15,000858,14:19:57,106.1200,30,1
2026-01-15,000858,14:20:00,106.1200,14,1
2026-01-15,000858,14:20:03,106.1200,41,1
2026-01-15,000858,14:20:06,106.1200,51,1
2026-01-15,000858,14:20:09,106.1100,29,2
2026-01-15,000858,14:20:12,106.1100,20,2
2026-01-15,000858,14:20:15,106.1200,26,1
2026-01-15,000858,14:20:18,106.1100,26,2
2026-01-15,000858,14:20:21,106.1100,11,2
2026-01-15,000858,14:20:24,106.1100,2,2
2026-01-15,000858,14:20:27,106.1100,3,2
2026-01-15,000858,14:20:30,106.1100,31,2
2026-01-15,000858,14:20:36,106.1200,8,1
2026-01-15,000858,14:20:39,106.1100,16,2
2026-01-15,000858,14:20:42,106.1000,148,2
2026-01-15,000858,14:20:45,106.1100,19,1
2026-01-15,000858,14:20:48,106.1100,29,1
2026-01-15,000858,14:20:51,106.1100,30,1
2026-01-15,000858,14:20:54,106.1100,39,1
2026-01-15,000858,14:20:57,106.1100,2,1
2026-01-15,000858,14:21:00,106.1100,19,1
2026-01-15,000858,14:21:03,106.1200,17,1
2026-01-15,000858,14:21:06,106.1100,7,2
2026-01-15,000858,14:21:09,106.1100,12,2
2026-01-15,000858,14:21:12,106.1100,13,2
2026-01-15,000858,14:21:15,106.1100,5,2
2026-01-15,000858,14:21:18,106.1100,4,2
2026-01-15,000858,14:21:24,106.1200,5,1
2026-01-15,000858,14:21:27,106.1100,15,2
2026-01-15,000858,14:21:30,106.1100,9,2
2026-01-15,000858,14:21:33,106.1200,58,1
2026-01-15,000858,14:21:36,106.1200,2,1
2026-01-15,000858,14:21:39,106.1100,41,2
2026-01-15,000858,14:21:42,106.1200,28,1
2026-01-15,000858,14:21:45,106.1100,19,2
2026-01-15,000858,14:21:48,106.1100,19,2
2026-01-15,000858,14:21:51,106.1200,18,1
2026-01-15,000858,14:21:54,106.1200,31,1
2026-01-15,000858,14:21:57,106.1200,14,1
2026-01-15,000858,14:22:00,106.1200,26,1
2026-01-15,000858,14:22:03,106.1300,15,1
2026-01-15,000858,14:22:06,106.1200,6,2
2026-01-15,000858,14:22:09,106.1100,28,2
2026-01-15,000858,14:22:12,106.1200,34,2
2026-01-15,000858,14:22:15,106.1200,11,2
2026-01-15,000858,14:22:18,106.1200,2,2
2026-01-15,000858,14:22:21,106.1100,16,2
2026-01-15,000858,14:22:24,106.1100,43,2
2026-01-15,000858,14:22:27,106.1100,30,2
2026-01-15,000858,14:22:30,106.1100,13,2
2026-01-15,000858,14:22:33,106.1200,27,1
2026-01-15,000858,14:22:36,106.1200,8,1
2026-01-15,000858,14:22:39,106.1100,4,2
2026-01-15,000858,14:22:42,106.1100,17,2
2026-01-15,000858,14:22:45,106.1100,33,2
2026-01-15,000858,14:22:48,106.1200,12,2
2026-01-15,000858,14:22:51,106.1200,7,1
2026-01-15,000858,14:22:54,106.1100,21,2
2026-01-15,000858,14:22:57,106.1200,3,1
2026-01-15,000858,14:23:00,106.1200,7,1
2026-01-15,000858,14:23:03,106.1200,3,2
2026-01-15,000858,14:23:06,106.1200,3,2
2026-01-15,000858,14:23:09,106.1200,6,2
2026-01-15,000858,14:23:12,106.1300,17,1
2026-01-15,000858,14:23:15,106.1200,37,2
2026-01-15,000858,14:23:18,106.1300,9,1
2026-01-15,000858,14:23:21,106.1200,14,2
2026-01-15,000858,14:23:24,106.1200,23,2
2026-01-15,000858,14:23:27,106.1300,7,1
2026-01-15,000858,14:23:30,106.1200,13,2
2026-01-15,000858,14:23:33,106.1300,1,1
2026-01-15,000858,14:23:36,106.1300,4,1
2026-01-15,000858,14:23:39,106.1300,7,1
2026-01-15,000858,14:23:42,106.1200,42,2
2026-01-15,000858,14:23:45,106.1300,3,1
2026-01-15,000858,14:23:48,106.1300,13,1
2026-01-15,000858,14:23:51,106.1400,3,1
2026-01-15,000858,14:23:54,106.1300,10,2
2026-01-15,000858,14:23:57,106.1400,10,1
2026-01-15,000858,14:24:00,106.1500,2,1
2026-01-15,000858,14:24:03,106.1400,8,2
2026-01-15,000858,14:24:06,106.1500,37,1
2026-01-15,000858,14:24:09,106.1500,4,1
2026-01-15,000858,14:24:15,106.1500,67,1
2026-01-15,000858,14:24:18,106.1300,22,2
2026-01-15,000858,14:24:21,106.1400,25,1
2026-01-15,000858,14:24:24,106.1400,72,4
2026-01-15,000858,14:24:27,106.1300,11,2
2026-01-15,000858,14:24:30,106.1500,30,1
2026-01-15,000858,14:24:33,106.1500,13,1
2026-01-15,000858,14:24:36,106.1500,29,1
2026-01-15,000858,14:24:39,106.1300,43,2
2026-01-15,000858,14:24:42,106.1500,30,1
2026-01-15,000858,14:24:45,106.1300,234,2
2026-01-15,000858,14:24:48,106.1300,50,1
2026-01-15,000858,14:24:51,106.1300,20,1
2026-01-15,000858,14:24:54,106.1300,31,1
2026-01-15,000858,14:24:57,106.1300,68,1
2026-01-15,000858,14:25:00,106.1200,34,2
2026-01-15,000858,14:25:03,106.1200,20,2
2026-01-15,000858,14:25:06,106.1300,9,1
2026-01-15,000858,14:25:09,106.1200,30,2
2026-01-15,000858,14:25:12,106.1200,27,1
2026-01-15,000858,14:25:15,106.1200,46,2
2026-01-15,000858,14:25:18,106.1200,29,1
2026-01-15,000858,14:25:21,106.1400,13,1
2026-01-15,000858,14:25:24,106.1600,31,1
2026-01-15,000858,14:25:27,106.1600,18,1
2026-01-15,000858,14:25:30,106.1200,9,2
2026-01-15,000858,14:25:33,106.1500,4,1
2026-01-15,000858,14:25:36,106.1300,27,2
2026-01-15,000858,14:25:39,106.1300,31,1
2026-01-15,000858,14:25:42,106.1200,17,2
2026-01-15,000858,14:25:45,106.1200,16,2
2026-01-15,000858,14:25:48,106.1200,18,2
2026-01-15,000858,14:25:51,106.1300,37,1
2026-01-15,000858,14:25:54,106.1300,19,2
2026-01-15,000858,14:25:57,106.1400,9,1
2026-01-15,000858,14:26:00,106.1400,20,2
2026-01-15,000858,14:26:03,106.1400,20,2
2026-01-15,000858,14:26:06,106.1400,13,2
2026-01-15,000858,14:26:09,106.1700,106,1
2026-01-15,000858,14:26:12,106.1500,11,2
2026-01-15,000858,14:26:15,106.1500,32,2
2026-01-15,000858,14:26:18,106.1600,19,1
2026-01-15,000858,14:26:21,106.1400,13,2
2026-01-15,000858,14:26:24,106.1500,27,1
2026-01-15,000858,14:26:27,106.1300,30,2
2026-01-15,000858,14:26:30,106.1300,33,2
2026-01-15,000858,14:26:33,106.1300,22,2
2026-01-15,000858,14:26:36,106.1400,44,2
2026-01-15,000858,14:26:39,106.1400,72,4
2026-01-15,000858,14:26:42,106.1300,4,2
2026-01-15,000858,14:26:45,106.1500,46,1
2026-01-15,000858,14:26:48,106.1300,48,2
2026-01-15,000858,14:26:51,106.1400,1,1
2026-01-15,000858,14:26:54,106.1400,14,1
2026-01-15,000858,14:26:57,106.1400,6,1
2026-01-15,000858,14:27:00,106.1400,46,1
2026-01-15,000858,14:27:03,106.1500,41,1
2026-01-15,000858,14:27:06,106.1300,22,2
2026-01-15,000858,14:27:09,106.1300,35,1
2026-01-15,000858,14:27:12,106.1400,17,1
2026-01-15,000858,14:27:15,106.1300,27,1
2026-01-15,000858,14:27:18,106.1300,46,1
2026-01-15,000858,14:27:21,106.1200,13,2
2026-01-15,000858,14:27:24,106.1300,41,1
2026-01-15,000858,14:27:27,106.1300,38,2
2026-01-15,000858,14:27:30,106.1300,8,2
2026-01-15,000858,14:27:33,106.1300,29,2
2026-01-15,000858,14:27:36,106.1500,41,1
2026-01-15,000858,14:27:39,106.1400,16,1
2026-01-15,000858,14:27:42,106.1500,24,1
2026-01-15,000858,14:27:45,106.1600,57,1
2026-01-15,000858,14:27:48,106.1300,23,2
2026-01-15,000858,14:27:51,106.1300,140,1
2026-01-15,000858,14:27:54,106.1300,7,2
2026-01-15,000858,14:27:57,106.1500,68,1
2026-01-15,000858,14:28:00,106.1300,74,2
2026-01-15,000858,14:28:03,106.1200,57,2
2026-01-15,000858,14:28:06,106.1200,39,4
2026-01-15,000858,14:28:09,106.1300,43,1
2026-01-15,000858,14:28:12,106.1200,32,2
2026-01-15,000858,14:28:15,106.1300,52,1
2026-01-15,000858,14:28:18,106.1200,70,2
2026-01-15,000858,14:28:21,106.1200,35,2
2026-01-15,000858,14:28:24,106.1200,46,2
2026-01-15,000858,14:28:27,106.1200,26,4
2026-01-15,000858,14:28:30,106.1200,61,1
2026-01-15,000858,14:28:33,106.1200,47,4
2026-01-15,000858,14:28:36,106.1100,61,2
2026-01-15,000858,14:28:39,106.1200,61,1
2026-01-15,000858,14:28:42,106.1100,16,2
2026-01-15,000858,14:28:45,106.1100,65,2
2026-01-15,000858,14:28:48,106.1200,43,1
2026-01-15,000858,14:28:51,106.1100,112,2
2026-01-15,000858,14:28:54,106.1200,243,1
2026-01-15,000858,14:28:57,106.1200,23,1
2026-01-15,000858,14:29:00,106.1000,62,2
2026-01-15,000858,14:29:03,106.1000,25,2
2026-01-15,000858,14:29:06,106.1000,50,2
2026-01-15,000858,14:29:09,106.1000,182,2
2026-01-15,000858,14:29:12,106.1000,665,2
2026-01-15,000858,14:29:15,106.1100,39,1
2026-01-15,000858,14:29:18,106.1000,71,2
2026-01-15,000858,14:29:21,106.1000,56,2
2026-01-15,000858,14:29:24,106.1100,144,1
2026-01-15,000858,14:29:27,106.0900,143,2
2026-01-15,000858,14:29:30,106.0800,76,2
2026-01-15,000858,14:29:33,106.0800,81,2
2026-01-15,000858,14:29:36,106.0700,270,2
2026-01-15,000858,14:29:39,106.0600,69,2
2026-01-15,000858,14:29:42,106.0800,18,1
2026-01-15,000858,14:29:45,106.0600,45,2
2026-01-15,000858,14:29:48,106.0700,17,2
2026-01-15,000858,14:29:51,106.0800,37,1
2026-01-15,000858,14:29:54,106.0700,18,2
2026-01-15,000858,14:29:57,106.0800,36,1
2026-01-15,000858,14:30:00,106.0800,52,1
2026-01-15,000858,14:30:03,106.0700,28,2
2026-01-15,000858,14:30:06,106.0600,29,2
2026-01-15,000858,14:30:09,106.0600,29,2
2026-01-15,000858,14:30:12,106.0600,156,2
2026-01-15,000858,14:30:15,106.0600,53,2
2026-01-15,000858,14:30:18,106.0600,73,2
2026-01-15,000858,14:30:21,106.0600,57,2
2026-01-15,000858,14:30:24,106.0600,51,2
2026-01-15,000858,14:30:27,106.0700,34,1
2026-01-15,000858,14:30:30,106.0600,52,2
2026-01-15,000858,14:30:33,106.0500,38,2
2026-01-15,000858,14:30:36,106.0600,148,1
2026-01-15,000858,14:30:39,106.0600,44,2
2026-01-15,000858,14:30:42,106.0500,107,2
2026-01-15,000858,14:30:45,106.0600,37,4
2026-01-15,000858,14:30:48,106.0600,32,1
2026-01-15,000858,14:30:51,106.0700,52,1
2026-01-15,000858,14:30:54,106.0700,18,1
2026-01-15,000858,14:30:57,106.0700,104,1
2026-01-15,000858,14:31:00,106.0700,12,1
2026-01-15,000858,14:31:03,106.0700,80,1
2026-01-15,000858,14:31:06,106.0600,75,2
2026-01-15,000858,14:31:09,106.0500,36,2
2026-01-15,000858,14:31:12,106.0600,47,1
2026-01-15,000858,14:31:15,106.0600,72,1
2026-01-15,000858,14:31:18,106.0600,31,1
2026-01-15,000858,14:31:21,106.0500,45,2
2026-01-15,000858,14:31:24,106.0500,29,2
2026-01-15,000858,14:31:27,106.0500,7,2
2026-01-15,000858,14:31:30,106.0700,58,1
2026-01-15,000858,14:31:33,106.0500,7,2
2026-01-15,000858,14:31:36,106.0600,55,1
2026-01-15,000858,14:31:39,106.0500,15,2
2026-01-15,000858,14:31:42,106.0500,63,1
2026-01-15,000858,14:31:45,106.0500,78,1
2026-01-15,000858,14:31:48,106.0400,72,2
2026-01-15,000858,14:31:51,106.0600,64,1
2026-01-15,000858,14:31:54,106.0500,35,2
2026-01-15,000858,14:31:57,106.0600,26,1
2026-01-15,000858,14:32:00,106.0500,6,2
2026-01-15,000858,14:32:03,106.0400,35,2
2026-01-15,000858,14:32:06,106.0400,32,2
2026-01-15,000858,14:32:09,106.0500,14,4
2026-01-15,000858,14:32:12,106.0500,90,2
2026-01-15,000858,14:32:15,106.0500,9,1
2026-01-15,000858,14:32:18,106.0500,60,1
2026-01-15,000858,14:32:21,106.0500,95,1
2026-01-15,000858,14:32:24,106.0500,18,1
2026-01-15,000858,14:32:27,106.0500,28,1
2026-01-15,000858,14:32:30,106.0500,53,1
2026-01-15,000858,14:32:33,106.0300,34,2
2026-01-15,000858,14:32:36,106.0300,90,2
2026-01-15,000858,14:32:39,106.0400,36,1
2026-01-15,000858,14:32:42,106.0400,38,1
2026-01-15,000858,14:32:45,106.0300,157,2
2026-01-15,000858,14:32:48,106.0300,65,2
2026-01-15,000858,14:32:51,106.0400,58,1
2026-01-15,000858,14:32:54,106.0300,10,2
2026-01-15,000858,14:32:57,106.0300,44,2
2026-01-15,000858,14:33:00,106.0300,37,4
2026-01-15,000858,14:33:03,106.0300,51,2
2026-01-15,000858,14:33:06,106.0300,34,2
2026-01-15,000858,14:33:09,106.0400,57,1
2026-01-15,000858,14:33:12,106.0300,37,2
2026-01-15,000858,14:33:15,106.0400,45,1
2026-01-15,000858,14:33:18,106.0500,27,1
2026-01-15,000858,14:33:21,106.0600,63,1
2026-01-15,000858,14:33:24,106.0500,21,2
2026-01-15,000858,14:33:27,106.0600,7,1
2026-01-15,000858,14:33:30,106.0600,19,1
2026-01-15,000858,14:33:33,106.0400,59,2
2026-01-15,000858,14:33:36,106.0500,9,1
2026-01-15,000858,14:33:39,106.0300,36,2
2026-01-15,000858,14:33:42,106.0500,6,2
2026-01-15,000858,14:33:45,106.0500,16,2
2026-01-15,000858,14:33:48,106.0500,12,2
2026-01-15,000858,14:33:51,106.0500,4,1
2026-01-15,000858,14:33:54,106.0500,6,1
2026-01-15,000858,14:33:57,106.0500,7,2
2026-01-15,000858,14:34:00,106.0500,6,2
2026-01-15,000858,14:34:03,106.0600,11,1
2026-01-15,000858,14:34:06,106.0600,86,1
2026-01-15,000858,14:34:09,106.0600,5,1
2026-01-15,000858,14:34:15,106.0600,29,2
2026-01-15,000858,14:34:18,106.0700,13,1
2026-01-15,000858,14:34:21,106.0600,29,2
2026-01-15,000858,14:34:24,106.0700,18,1
2026-01-15,000858,14:34:27,106.0700,9,1
2026-01-15,000858,14:34:30,106.0600,7,4
2026-01-15,000858,14:34:33,106.0600,14,1
2026-01-15,000858,14:34:36,106.0700,7,1
2026-01-15,000858,14:34:39,106.0700,21,1
2026-01-15,000858,14:34:42,106.0700,2,1
2026-01-15,000858,14:34:45,106.0700,10,1
2026-01-15,000858,14:34:48,106.0500,74,2
2026-01-15,000858,14:34:51,106.0700,21,1
2026-01-15,000858,14:34:54,106.0700,3,1
2026-01-15,000858,14:34:57,106.0700,1,1
2026-01-15,000858,14:35:00,106.0600,9,2
2026-01-15,000858,14:35:03,106.0700,10,1
2026-01-15,000858,14:35:06,106.0700,10,1
2026-01-15,000858,14:35:09,106.0800,20,1
2026-01-15,000858,14:35:15,106.0800,26,1
2026-01-15,000858,14:35:18,106.0900,32,1
2026-01-15,000858,14:35:21,106.0900,2,1
2026-01-15,000858,14:35:24,106.0900,23,1
2026-01-15,000858,14:35:27,106.0800,14,2
2026-01-15,000858,14:35:30,106.0800,6,4
2026-01-15,000858,14:35:33,106.0700,28,2
2026-01-15,000858,14:35:36,106.0800,14,1
2026-01-15,000858,14:35:39,106.0700,6,2
2026-01-15,000858,14:35:42,106.0800,5,4
2026-01-15,000858,14:35:45,106.0800,3,1
2026-01-15,000858,14:35:48,106.0800,42,1
2026-01-15,000858,14:35:51,106.0900,7,1
2026-01-15,000858,14:35:54,106.0900,18,1
2026-01-15,000858,14:35:57,106.0900,9,1
2026-01-15,000858,14:36:00,106.0900,18,1
2026-01-15,000858,14:36:03,106.0900,14,1
2026-01-15,000858,14:36:06,106.0900,47,1
2026-01-15,000858,14:36:09,106.0900,36,1
2026-01-15,000858,14:36:12,106.0700,18,2
2026-01-15,000858,14:36:15,106.0900,23,1
2026-01-15,000858,14:36:18,106.1000,1,1
2026-01-15,000858,14:36:21,106.1000,20,1
2026-01-15,000858,14:36:24,106.1000,12,1
2026-01-15,000858,14:36:27,106.1000,15,1
2026-01-15,000858,14:36:30,106.0900,56,2
2026-01-15,000858,14:36:33,106.0800,183,2
2026-01-15,000858,14:36:36,106.0700,49,2
2026-01-15,000858,14:36:39,106.0700,42,2
2026-01-15,000858,14:36:42,106.0700,20,2
2026-01-15,000858,14:36:45,106.0600,108,2
2026-01-15,000858,14:36:48,106.0600,15,2
2026-01-15,000858,14:36:51,106.0600,9,2
2026-01-15,000858,14:36:54,106.0800,13,1
2026-01-15,000858,14:36:57,106.0600,24,2
2026-01-15,000858,14:37:00,106.0700,36,1
2026-01-15,000858,14:37:03,106.0600,21,2
2026-01-15,000858,14:37:06,106.0700,24,1
2026-01-15,000858,14:37:09,106.0500,18,2
2026-01-15,000858,14:37:12,106.0700,23,1
2026-01-15,000858,14:37:15,106.0600,18,2
2026-01-15,000858,14:37:18,106.0600,43,1
2026-01-15,000858,14:37:21,106.0700,26,1
2026-01-15,000858,14:37:24,106.0600,112,2
2026-01-15,000858,14:37:27,106.0600,11,1
2026-01-15,000858,14:37:30,106.0500,37,2
2026-01-15,000858,14:37:33,106.0600,6,1
2026-01-15,000858,14:37:36,106.0500,16,2
2026-01-15,000858,14:37:39,106.0500,7,2
2026-01-15,000858,14:37:42,106.0500,9,2
2026-01-15,000858,14:37:45,106.0600,3,1
2026-01-15,000858,14:37:48,106.0600,28,1
2026-01-15,000858,14:37:51,106.0700,6,1
2026-01-15,000858,14:37:54,106.0600,4,2
2026-01-15,000858,14:37:57,106.0600,13,2
2026-01-15,000858,14:38:00,106.0700,19,1
2026-01-15,000858,14:38:03,106.0600,30,2
2026-01-15,000858,14:38:06,106.0600,11,2
2026-01-15,000858,14:38:09,106.0600,13,2
2026-01-15,000858,14:38:12,106.0600,18,2
2026-01-15,000858,14:38:15,106.0600,15,1
2026-01-15,000858,14:38:18,106.0600,22,1
2026-01-15,000858,14:38:21,106.0600,27,1
2026-01-15,000858,14:38:24,106.0500,50,2
2026-01-15,000858,14:38:30,106.0600,12,2
2026-01-15,000858,14:38:33,106.0700,48,1
2026-01-15,000858,14:38:36,106.0600,10,2
2026-01-15,000858,14:38:39,106.0600,2,2
2026-01-15,000858,14:38:42,106.0700,1,2
2026-01-15,000858,14:38:45,106.1000,40,1
2026-01-15,000858,14:38:48,106.0800,63,2
2026-01-15,000858,14:38:51,106.0800,1,1
2026-01-15,000858,14:38:54,106.0800,4,2
2026-01-15,000858,14:38:57,106.0900,34,1
2026-01-15,000858,14:39:00,106.1000,2,1
2026-01-15,000858,14:39:03,106.0900,9,2
2026-01-15,000858,14:39:06,106.0900,4,2
2026-01-15,000858,14:39:09,106.0900,3,2
2026-01-15,000858,14:39:12,106.1000,7,1
2026-01-15,000858,14:39:15,106.0900,31,2
2026-01-15,000858,14:39:18,106.0900,21,1
2026-01-15,000858,14:39:21,106.1000,44,1
2026-01-15,000858,14:39:24,106.1000,5,2
2026-01-15,000858,14:39:27,106.1000,4,2
2026-01-15,000858,14:39:30,106.1000,47,2
2026-01-15,000858,14:39:33,106.1000,25,2
2026-01-15,000858,14:39:36,106.1100,18,1
2026-01-15,000858,14:39:39,106.1100,8,2
2026-01-15,000858,14:39:42,106.0800,98,2
2026-01-15,000858,14:39:45,106.1000,3,1
2026-01-15,000858,14:39:48,106.1000,26,1
2026-01-15,000858,14:39:51,106.1100,9,1
2026-01-15,000858,14:39:54,106.1100,10,1
2026-01-15,000858,14:39:57,106.1000,5,2
2026-01-15,000858,14:40:00,106.1100,7,1
2026-01-15,000858,14:40:03,106.1100,18,1
2026-01-15,000858,14:40:06,106.1000,20,2
2026-01-15,000858,14:40:09,106.1000,22,2
2026-01-15,000858,14:40:12,106.1200,22,1
2026-01-15,000858,14:40:15,106.1200,5,1
2026-01-15,000858,14:40:18,106.1100,5,2
2026-01-15,000858,14:40:21,106.1000,3,2
2026-01-15,000858,14:40:24,106.1100,18,1
2026-01-15,000858,14:40:27,106.1200,55,1
2026-01-15,000858,14:40:30,106.1200,22,2
2026-01-15,000858,14:40:33,106.1300,3,1
2026-01-15,000858,14:40:36,106.1200,50,2
2026-01-15,000858,14:40:39,106.1300,12,1
2026-01-15,000858,14:40:42,106.1300,14,1
2026-01-15,000858,14:40:45,106.1300,17,1
2026-01-15,000858,14:40:48,106.1100,15,2
2026-01-15,000858,14:40:51,106.1300,23,1
2026-01-15,000858,14:40:54,106.1300,1,2
2026-01-15,000858,14:40:57,106.1300,6,2
2026-01-15,000858,14:41:00,106.1500,6,1
2026-01-15,000858,14:41:03,106.1500,21,1
2026-01-15,000858,14:41:06,106.1500,4,2
2026-01-15,000858,14:41:09,106.1500,7,2
2026-01-15,000858,14:41:12,106.1800,50,1
2026-01-15,000858,14:41:15,106.1500,6,2
2026-01-15,000858,14:41:18,106.1600,18,1
2026-01-15,000858,14:41:21,106.1600,25,1
2026-01-15,000858,14:41:24,106.1600,22,1
2026-01-15,000858,14:41:27,106.1600,24,1
2026-01-15,000858,14:41:30,106.1600,10,2
2026-01-15,000858,14:41:33,106.1700,14,2
2026-01-15,000858,14:41:36,106.1600,26,2
2026-01-15,000858,14:41:39,106.1500,74,2
2026-01-15,000858,14:41:42,106.1900,69,1
2026-01-15,000858,14:41:45,106.1300,68,2
2026-01-15,000858,14:41:48,106.1400,39,4
2026-01-15,000858,14:41:51,106.1400,33,1
2026-01-15,000858,14:41:54,106.1100,36,2
2026-01-15,000858,14:41:57,106.1100,30,2
2026-01-15,000858,14:42:00,106.1100,14,2
2026-01-15,000858,14:42:03,106.1100,3,2
2026-01-15,000858,14:42:06,106.1100,36,2
2026-01-15,000858,14:42:09,106.1300,35,1
2026-01-15,000858,14:42:12,106.1100,29,2
2026-01-15,000858,14:42:15,106.1000,20,2
2026-01-15,000858,14:42:18,106.1000,168,2
2026-01-15,000858,14:42:21,106.1100,36,1
2026-01-15,000858,14:42:24,106.0900,32,2
2026-01-15,000858,14:42:27,106.1000,4,1
2026-01-15,000858,14:42:30,106.1000,42,1
2026-01-15,000858,14:42:33,106.0900,48,2
2026-01-15,000858,14:42:36,106.0900,32,2
2026-01-15,000858,14:42:39,106.0900,42,2
2026-01-15,000858,14:42:42,106.0900,62,2
2026-01-15,000858,14:42:45,106.0900,28,2
2026-01-15,000858,14:42:48,106.0900,67,2
2026-01-15,000858,14:42:51,106.0800,55,2
2026-01-15,000858,14:42:54,106.0800,173,2
2026-01-15,000858,14:42:57,106.0800,54,2
2026-01-15,000858,14:43:00,106.0800,33,2
2026-01-15,000858,14:43:03,106.0800,43,2
2026-01-15,000858,14:43:06,106.0700,208,2
2026-01-15,000858,14:43:09,106.0600,40,2
2026-01-15,000858,14:43:12,106.0700,44,4
2026-01-15,000858,14:43:15,106.0600,71,2
2026-01-15,000858,14:43:18,106.0600,66,2
2026-01-15,000858,14:43:21,106.0700,45,4
2026-01-15,000858,14:43:24,106.0700,10,4
2026-01-15,000858,14:43:27,106.0700,46,2
2026-01-15,000858,14:43:30,106.0600,30,2
2026-01-15,000858,14:43:33,106.0800,74,1
2026-01-15,000858,14:43:36,106.0700,32,1
2026-01-15,000858,14:43:39,106.0700,90,1
2026-01-15,000858,14:43:42,106.0700,20,1
2026-01-15,000858,14:43:45,106.0700,38,2
2026-01-15,000858,14:43:48,106.0700,14,4
2026-01-15,000858,14:43:51,106.0600,56,2
2026-01-15,000858,14:43:54,106.0600,28,2
2026-01-15,000858,14:43:57,106.0600,60,2
2026-01-15,000858,14:44:00,106.0500,43,2
2026-01-15,000858,14:44:03,106.0700,33,1
2026-01-15,000858,14:44:06,106.0600,30,2
2026-01-15,000858,14:44:09,106.0600,49,2
2026-01-15,000858,14:44:12,106.0600,7,2
2026-01-15,000858,14:44:15,106.0500,64,2
2026-01-15,000858,14:44:18,106.0600,58,1
2026-01-15,000858,14:44:21,106.0600,18,2
2026-01-15,000858,14:44:24,106.0700,35,1
2026-01-15,000858,14:44:27,106.0600,38,2
2026-01-15,000858,14:44:30,106.0700,83,1
2026-01-15,000858,14:44:33,106.0700,41,1
2026-01-15,000858,14:44:36,106.0700,39,1
2026-01-15,000858,14:44:39,106.0600,35,2
2026-01-15,000858,14:44:42,106.0700,20,4
2026-01-15,000858,14:44:45,106.0700,34,2
2026-01-15,000858,14:44:48,106.0600,75,2
2026-01-15,000858,14:44:51,106.0800,61,1
2026-01-15,000858,14:44:54,106.0500,67,2
2026-01-15,000858,14:44:57,106.0700,53,2
2026-01-15,000858,14:45:00,106.0500,84,2
2026-01-15,000858,14:45:03,106.0500,23,2
2026-01-15,000858,14:45:06,106.0500,81,2
2026-01-15,000858,14:45:09,106.0600,66,4
2026-01-15,000858,14:45:12,106.0600,71,2
2026-01-15,000858,14:45:15,106.0500,59,2
2026-01-15,000858,14:45:18,106.0600,31,1
2026-01-15,000858,14:45:21,106.0600,18,1
2026-01-15,000858,14:45:24,106.0500,28,2
2026-01-15,000858,14:45:27,106.0600,32,4
2026-01-15,000858,14:45:30,106.0500,45,2
2026-01-15,000858,14:45:33,106.0600,29,2
2026-01-15,000858,14:45:36,106.0600,51,1
2026-01-15,000858,14:45:39,106.0600,35,1
2026-01-15,000858,14:45:42,106.0500,59,2
2026-01-15,000858,14:45:45,106.0600,34,1
2026-01-15,000858,14:45:48,106.0600,49,1
2026-01-15,000858,14:45:51,106.0600,69,1
2026-01-15,000858,14:45:54,106.0600,57,1
2026-01-15,000858,14:45:57,106.0600,64,1
2026-01-15,000858,14:46:00,106.0600,19,1
2026-01-15,000858,14:46:03,106.0500,35,2
2026-01-15,000858,14:46:06,106.0600,71,1
2026-01-15,000858,14:46:09,106.0600,37,2
2026-01-15,000858,14:46:12,106.0400,81,2
2026-01-15,000858,14:46:15,106.0600,19,1
2026-01-15,000858,14:46:18,106.0600,79,1
2026-01-15,000858,14:46:21,106.0500,49,1
2026-01-15,000858,14:46:24,106.0500,32,4
2026-01-15,000858,14:46:27,106.0600,70,4
2026-01-15,000858,14:46:30,106.0500,57,2
2026-01-15,000858,14:46:33,106.0500,85,2
2026-01-15,000858,14:46:36,106.0600,82,4
2026-01-15,000858,14:46:39,106.0500,48,2
2026-01-15,000858,14:46:42,106.0700,74,1
2026-01-15,000858,14:46:45,106.0400,26,2
2026-01-15,000858,14:46:48,106.0500,35,2
2026-01-15,000858,14:46:51,106.0400,30,2
2026-01-15,000858,14:46:54,106.0300,86,2
2026-01-15,000858,14:46:57,106.0300,31,2
2026-01-15,000858,14:47:00,106.0500,41,4
2026-01-15,000858,14:47:03,106.0600,38,1
2026-01-15,000858,14:47:06,106.0300,67,2
2026-01-15,000858,14:47:09,106.0500,20,1
2026-01-15,000858,14:47:12,106.0500,40,2
2026-01-15,000858,14:47:15,106.0500,41,2
2026-01-15,000858,14:47:18,106.0500,53,2
2026-01-15,000858,14:47:21,106.0600,44,1
2026-01-15,000858,14:47:24,106.0400,18,2
2026-01-15,000858,14:47:27,106.0400,38,2
2026-01-15,000858,14:47:30,106.0400,20,1
2026-01-15,000858,14:47:33,106.0500,49,1
2026-01-15,000858,14:47:36,106.0400,38,2
2026-01-15,000858,14:47:39,106.0300,151,2
2026-01-15,000858,14:47:42,106.0400,24,1
2026-01-15,000858,14:47:45,106.0400,90,1
2026-01-15,000858,14:47:48,106.0400,133,1
2026-01-15,000858,14:47:51,106.0400,34,1
2026-01-15,000858,14:47:54,106.0300,41,2
2026-01-15,000858,14:47:57,106.0300,54,2
2026-01-15,000858,14:48:00,106.0400,22,1
2026-01-15,000858,14:48:03,106.0400,64,2
2026-01-15,000858,14:48:06,106.0400,39,1
2026-01-15,000858,14:48:09,106.0400,68,1
2026-01-15,000858,14:48:12,106.0400,65,2
2026-01-15,000858,14:48:15,106.0400,27,2
2026-01-15,000858,14:48:18,106.0500,37,2
2026-01-15,000858,14:48:21,106.0500,9,1
2026-01-15,000858,14:48:24,106.0600,8,1
2026-01-15,000858,14:48:27,106.0600,10,1
2026-01-15,000858,14:48:30,106.0600,62,1
2026-01-15,000858,14:48:33,106.0500,48,2
2026-01-15,000858,14:48:36,106.0500,10,2
2026-01-15,000858,14:48:39,106.0700,13,1
2026-01-15,000858,14:48:42,106.0500,12,2
2026-01-15,000858,14:48:45,106.0700,26,1
2026-01-15,000858,14:48:48,106.0700,36,1
2026-01-15,000858,14:48:51,106.0600,4,2
2026-01-15,000858,14:48:54,106.0700,18,1
2026-01-15,000858,14:48:57,106.0600,4,2
2026-01-15,000858,14:49:00,106.0700,36,1
2026-01-15,000858,14:49:03,106.0700,16,2
2026-01-15,000858,14:49:06,106.0800,3,1
2026-01-15,000858,14:49:09,106.0700,6,2
2026-01-15,000858,14:49:12,106.0700,80,2
2026-01-15,000858,14:49:15,106.0700,4,2
2026-01-15,000858,14:49:18,106.0700,51,2
2026-01-15,000858,14:49:21,106.0700,124,2
2026-01-15,000858,14:49:24,106.0800,49,1
2026-01-15,000858,14:49:27,106.0800,27,2
2026-01-15,000858,14:49:30,106.0800,18,1
2026-01-15,000858,14:49:33,106.0800,13,2
2026-01-15,000858,14:49:36,106.0800,21,1
2026-01-15,000858,14:49:39,106.0800,6,2
2026-01-15,000858,14:49:42,106.0900,22,1
2026-01-15,000858,14:49:45,106.0900,101,1
2026-01-15,000858,14:49:48,106.1000,25,1
2026-01-15,000858,14:49:51,106.1000,66,4
2026-01-15,000858,14:49:54,106.1100,47,1
2026-01-15,000858,14:49:57,106.0800,160,2
2026-01-15,000858,14:50:00,106.1000,91,1
2026-01-15,000858,14:50:03,106.0500,88,2
2026-01-15,000858,14:50:06,106.0500,18,2
2026-01-15,000858,14:50:09,106.0700,26,1
2026-01-15,000858,14:50:12,106.0600,30,2
2026-01-15,000858,14:50:15,106.0600,555,1
2026-01-15,000858,14:50:18,106.0600,74,1
2026-01-15,000858,14:50:21,106.0600,42,1
2026-01-15,000858,14:50:24,106.0600,39,1
2026-01-15,000858,14:50:27,106.0600,42,2
2026-01-15,000858,14:50:30,106.0600,37,2
2026-01-15,000858,14:50:33,106.0600,53,2
2026-01-15,000858,14:50:36,106.0500,35,2
2026-01-15,000858,14:50:39,106.0700,70,1
2026-01-15,000858,14:50:42,106.0700,21,1
2026-01-15,000858,14:50:45,106.0600,28,4
2026-01-15,000858,14:50:48,106.0600,67,4
2026-01-15,000858,14:50:51,106.0600,68,4
2026-01-15,000858,14:50:54,106.0500,25,2
2026-01-15,000858,14:50:57,106.0600,39,1
2026-01-15,000858,14:51:00,106.0600,13,2
2026-01-15,000858,14:51:03,106.0700,147,1
2026-01-15,000858,14:51:06,106.0700,57,2
2026-01-15,000858,14:51:09,106.0800,53,1
2026-01-15,000858,14:51:12,106.0500,33,2
2026-01-15,000858,14:51:15,106.0700,38,1
2026-01-15,000858,14:51:18,106.0600,79,2
2026-01-15,000858,14:51:21,106.0600,61,4
2026-01-15,000858,14:51:24,106.0500,41,2
2026-01-15,000858,14:51:27,106.0500,152,2
2026-01-15,000858,14:51:30,106.0500,98,2
2026-01-15,000858,14:51:33,106.0500,30,2
2026-01-15,000858,14:51:36,106.0600,46,1
2026-01-15,000858,14:51:39,106.0500,58,2
2026-01-15,000858,14:51:42,106.0600,143,1
2026-01-15,000858,14:51:45,106.0600,25,2
2026-01-15,000858,14:51:48,106.0700,78,1
2026-01-15,000858,14:51:51,106.0500,36,2
2026-01-15,000858,14:51:54,106.0600,65,1
2026-01-15,000858,14:51:57,106.0600,28,1
2026-01-15,000858,14:52:00,106.0600,46,1
2026-01-15,000858,14:52:03,106.0600,105,1
2026-01-15,000858,14:52:06,106.0600,58,1
2026-01-15,000858,14:52:09,106.0700,44,1
2026-01-15,000858,14:52:12,106.0600,29,2
2026-01-15,000858,14:52:15,106.0500,23,2
2026-01-15,000858,14:52:18,106.0700,98,1
2026-01-15,000858,14:52:21,106.0600,76,4
2026-01-15,000858,14:52:24,106.0400,69,2
2026-01-15,000858,14:52:27,106.0500,67,2
2026-01-15,000858,14:52:30,106.0600,112,1
2026-01-15,000858,14:52:33,106.0400,91,2
2026-01-15,000858,14:52:36,106.0300,63,2
2026-01-15,000858,14:52:39,106.0500,7,2
2026-01-15,000858,14:52:42,106.0500,46,2
2026-01-15,000858,14:52:45,106.0500,31,1
2026-01-15,000858,14:52:48,106.0500,29,1
2026-01-15,000858,14:52:51,106.0300,71,2
2026-01-15,000858,14:52:54,106.0300,36,2
2026-01-15,000858,14:52:57,106.0400,100,1
2026-01-15,000858,14:53:00,106.0400,63,1
2026-01-15,000858,14:53:03,106.0400,134,1
2026-01-15,000858,14:53:06,106.0300,29,2
2026-01-15,000858,14:53:09,106.0300,68,2
2026-01-15,000858,14:53:12,106.0300,13,2
2026-01-15,000858,14:53:15,106.0300,101,2
2026-01-15,000858,14:53:18,106.0200,249,2
2026-01-15,000858,14:53:21,106.0200,62,2
2026-01-15,000858,14:53:24,106.0400,106,1
2026-01-15,000858,14:53:27,106.0200,28,2
2026-01-15,000858,14:53:30,106.0400,64,1
2026-01-15,000858,14:53:33,106.0300,46,2
2026-01-15,000858,14:53:36,106.0400,72,1
2026-01-15,000858,14:53:39,106.0300,49,2
2026-01-15,000858,14:53:42,106.0300,106,2
2026-01-15,000858,14:53:45,106.0300,63,2
2026-01-15,000858,14:53:48,106.0300,112,1
2026-01-15,000858,14:53:51,106.0400,75,1
2026-01-15,000858,14:53:54,106.0400,59,1
2026-01-15,000858,14:53:57,106.0300,62,2
2026-01-15,000858,14:54:00,106.0300,80,2
2026-01-15,000858,14:54:03,106.0400,52,1
2026-01-15,000858,14:54:06,106.0400,31,1
2026-01-15,000858,14:54:09,106.0400,60,1
2026-01-15,000858,14:54:12,106.0200,71,2
2026-01-15,000858,14:54:15,106.0300,88,1
2026-01-15,000858,14:54:18,106.0400,27,1
2026-01-15,000858,14:54:21,106.0400,80,1
2026-01-15,000858,14:54:24,106.0400,11,1
2026-01-15,000858,14:54:27,106.0400,66,1
2026-01-15,000858,14:54:30,106.0200,46,2
2026-01-15,000858,14:54:33,106.0300,86,1
2026-01-15,000858,14:54:36,106.0300,88,2
2026-01-15,000858,14:54:39,106.0200,85,2
2026-01-15,000858,14:54:42,106.0200,34,2
2026-01-15,000858,14:54:45,106.0300,125,1
2026-01-15,000858,14:54:48,106.0200,87,2
2026-01-15,000858,14:54:51,106.0200,79,2
2026-01-15,000858,14:54:54,106.0300,8,4
2026-01-15,000858,14:54:57,106.0200,294,2
2026-01-15,000858,14:55:00,106.0200,21,2
2026-01-15,000858,14:55:03,106.0300,18,2
2026-01-15,000858,14:55:06,106.0500,304,1
2026-01-15,000858,14:55:09,106.0300,29,2
2026-01-15,000858,14:55:12,106.0300,61,1
2026-01-15,000858,14:55:15,106.0200,68,2
2026-01-15,000858,14:55:18,106.0400,95,4
2026-01-15,000858,14:55:21,106.0400,14,2
2026-01-15,000858,14:55:24,106.0200,103,2
2026-01-15,000858,14:55:27,106.0200,54,2
2026-01-15,000858,14:55:30,106.0200,92,2
2026-01-15,000858,14:55:33,106.0300,38,4
2026-01-15,000858,14:55:36,106.0300,57,2
2026-01-15,000858,14:55:39,106.0400,90,1
2026-01-15,000858,14:55:42,106.0300,28,2
2026-01-15,000858,14:55:45,106.0400,29,4
2026-01-15,000858,14:55:48,106.0300,7,2
2026-01-15,000858,14:55:51,106.0400,45,1
2026-01-15,000858,14:55:54,106.0400,8,1
2026-01-15,000858,14:55:57,106.0400,12,1
2026-01-15,000858,14:56:00,106.0500,25,1
2026-01-15,000858,14:56:03,106.0400,34,2
2026-01-15,000858,14:56:06,106.0400,51,2
2026-01-15,000858,14:56:09,106.0500,10,1
2026-01-15,000858,14:56:12,106.0500,50,1
2026-01-15,000858,14:56:15,106.0500,45,1
2026-01-15,000858,14:56:18,106.0500,40,1
2026-01-15,000858,14:56:21,106.0400,25,4
2026-01-15,000858,14:56:24,106.0600,30,1
2026-01-15,000858,14:56:27,106.0600,50,1
2026-01-15,000858,14:56:30,106.0600,19,1
2026-01-15,000858,14:56:33,106.0400,126,2
2026-01-15,000858,14:56:36,106.0500,38,1
2026-01-15,000858,14:56:39,106.0500,6,2
2026-01-15,000858,14:56:42,106.0600,42,2
2026-01-15,000858,14:56:45,106.0600,60,2
2026-01-15,000858,14:56:48,106.0500,36,2
2026-01-15,000858,14:56:51,106.0700,4,1
2026-01-15,000858,14:56:54,106.0700,43,1
2026-01-15,000858,14:56:57,106.0600,21,2
2026-01-15,000858,14:57:00,106.0600,2,2
2026-01-15,000858,15:00:02,106.0900,1378,4
2026-01-15,000858,13:15:27,106.4900,5,2
2026-01-15,000858,13:15:30,106.5000,4,1
2026-01-15,000858,13:15:33,106.5000,9,1
2026-01-15,000858,13:15:36,106.5100,8,1
2026-01-15,000858,13:15:39,106.5000,18,2
2026-01-15,000858,13:15:42,106.5000,5,1
2026-01-15,000858,13:15:45,106.5000,11,4
2026-01-15,000858,13:15:48,106.4800,53,2
2026-01-15,000858,13:15:51,106.4600,18,2
2026-01-15,000858,13:15:54,106.4600,4,2
2026-01-15,000858,13:15:57,106.4800,2,1
2026-01-15,000858,13:16:00,106.4600,1,2
2026-01-15,000858,13:16:03,106.4600,1,2
2026-01-15,000858,13:16:06,106.4600,7,2
2026-01-15,000858,13:16:09,106.4700,2,1
2026-01-15,000858,13:16:12,106.4600,10,2
2026-01-15,000858,13:16:15,106.4500,33,2
2026-01-15,000858,13:16:18,106.4700,52,1
2026-01-15,000858,13:16:21,106.4700,18,2
2026-01-15,000858,13:16:24,106.4600,16,2
2026-01-15,000858,13:16:27,106.4600,3,1
2026-01-15,000858,13:16:30,106.4600,11,1
2026-01-15,000858,13:16:33,106.4600,11,2
2026-01-15,000858,13:16:36,106.4600,9,4
2026-01-15,000858,13:16:39,106.4600,6,1
2026-01-15,000858,13:16:42,106.4500,2,2
2026-01-15,000858,13:16:45,106.4500,12,2
2026-01-15,000858,13:16:48,106.4400,21,2
2026-01-15,000858,13:16:51,106.4500,15,1
2026-01-15,000858,13:16:54,106.4400,9,2
2026-01-15,000858,13:16:57,106.4500,5,1
2026-01-15,000858,13:17:03,106.4400,7,4
2026-01-15,000858,13:17:06,106.4400,12,2
2026-01-15,000858,13:17:09,106.4400,9,2
2026-01-15,000858,13:17:12,106.4400,10,2
2026-01-15,000858,13:17:15,106.4300,4,1
2026-01-15,000858,13:17:18,106.4200,11,2
2026-01-15,000858,13:17:21,106.4300,6,1
2026-01-15,000858,13:17:24,106.4200,21,2
2026-01-15,000858,13:17:27,106.4200,15,2
2026-01-15,000858,13:17:30,106.4300,21,1
2026-01-15,000858,13:17:33,106.4200,9,2
2026-01-15,000858,13:17:36,106.4200,4,4
2026-01-15,000858,13:17:39,106.4200,4,1
2026-01-15,000858,13:17:42,106.4200,11,1
2026-01-15,000858,13:17:45,106.4100,56,2
2026-01-15,000858,13:17:48,106.4100,2,2
2026-01-15,000858,13:17:51,106.4200,24,1
2026-01-15,000858,13:17:57,106.4100,1,2
2026-01-15,000858,13:18:00,106.4100,17,2
2026-01-15,000858,13:18:03,106.4100,2,2
2026-01-15,000858,13:18:06,106.4100,4,2
2026-01-15,000858,13:18:09,106.4100,13,2
2026-01-15,000858,13:18:12,106.4100,5,2
2026-01-15,000858,13:18:15,106.4100,5,2
2026-01-15,000858,13:18:18,106.4200,1,1
2026-01-15,000858,13:18:21,106.4100,15,2
2026-01-15,000858,13:18:24,106.4200,1,1
2026-01-15,000858,13:18:27,106.4200,5,1
2026-01-15,000858,13:18:30,106.4100,8,2
2026-01-15,000858,13:18:33,106.4100,5,2
2026-01-15,000858,13:18:36,106.4100,4,2
2026-01-15,000858,13:18:39,106.4100,8,1
2026-01-15,000858,13:18:42,106.4200,11,1
2026-01-15,000858,13:18:45,106.4200,1,2
2026-01-15,000858,13:18:48,106.4200,23,2
2026-01-15,000858,13:18:51,106.4300,6,1
2026-01-15,000858,13:18:54,106.4300,16,1
2026-01-15,000858,13:18:57,106.4400,81,1
2026-01-15,000858,13:19:00,106.4400,6,1
2026-01-15,000858,13:19:03,106.4300,9,2
2026-01-15,000858,13:19:06,106.4500,18,1
2026-01-15,000858,13:19:12,106.4600,1,1
2026-01-15,000858,13:19:15,106.4400,3,2
2026-01-15,000858,13:19:18,106.4600,6,1
2026-01-15,000858,13:19:21,106.4600,16,1
2026-01-15,000858,13:19:27,106.4400,8,2
2026-01-15,000858,13:19:30,106.4400,6,2
2026-01-15,000858,13:19:33,106.4400,14,2
2026-01-15,000858,13:19:36,106.4500,4,1
2026-01-15,000858,13:19:39,106.4400,5,2
2026-01-15,000858,13:19:42,106.4300,66,2
2026-01-15,000858,13:19:45,106.3800,163,2
2026-01-15,000858,13:19:48,106.3500,33,2
2026-01-15,000858,13:19:51,106.3700,34,1
2026-01-15,000858,13:19:54,106.3100,19,2
2026-01-15,000858,13:19:57,106.3300,1,2
2026-01-15,000858,13:20:00,106.3200,20,2
2026-01-15,000858,13:20:03,106.3500,8,4
2026-01-15,000858,13:20:06,106.3300,18,2
2026-01-15,000858,13:20:09,106.3500,11,1
2026-01-15,000858,13:20:12,106.3500,11,1
2026-01-15,000858,13:20:15,106.3400,27,2
2026-01-15,000858,13:20:18,106.3300,24,2
2026-01-15,000858,13:20:21,106.3200,23,4
2026-01-15,000858,13:20:24,106.3200,23,2
2026-01-15,000858,13:20:27,106.3100,6,2
2026-01-15,000858,13:20:30,106.3500,29,1
2026-01-15,000858,13:20:33,106.3500,76,1
2026-01-15,000858,13:20:36,106.3300,33,2
2026-01-15,000858,13:20:39,106.3300,11,2
2026-01-15,000858,13:20:42,106.3400,32,4
2026-01-15,000858,13:20:45,106.3200,18,2
2026-01-15,000858,13:20:48,106.3400,18,1
2026-01-15,000858,13:20:51,106.3500,19,1
2026-01-15,000858,13:20:54,106.3400,10,1
2026-01-15,000858,13:21:00,106.3300,1,2
2026-01-15,000858,13:21:03,106.3400,12,4
2026-01-15,000858,13:21:06,106.3800,70,1
2026-01-15,000858,13:21:09,106.3500,15,2
2026-01-15,000858,13:21:12,106.3500,6,2
2026-01-15,000858,13:21:15,106.3500,8,2
2026-01-15,000858,13:21:18,106.3500,16,2
2026-01-15,000858,13:21:21,106.3500,18,1
2026-01-15,000858,13:21:24,106.3500,2,1
2026-01-15,000858,13:21:27,106.3500,18,1
2026-01-15,000858,13:21:30,106.3500,22,1
2026-01-15,000858,13:21:33,106.3300,15,2
2026-01-15,000858,13:21:36,106.3300,14,2
2026-01-15,000858,13:21:39,106.3200,15,2
2026-01-15,000858,13:21:42,106.3500,8,1
2026-01-15,000858,13:21:45,106.3500,18,1
2026-01-15,000858,13:21:48,106.3400,18,2
2026-01-15,000858,13:21:51,106.3500,16,4
2026-01-15,000858,13:21:54,106.3400,1,2
2026-01-15,000858,13:21:57,106.3400,8,2
2026-01-15,000858,13:22:00,106.3400,16,2
2026-01-15,000858,13:22:03,106.3400,1,2
2026-01-15,000858,13:22:06,106.3500,24,1
2026-01-15,000858,13:22:09,106.3500,25,2
2026-01-15,000858,13:22:12,106.3800,5,1
2026-01-15,000858,13:22:15,106.3500,14,2
2026-01-15,000858,13:22:18,106.3500,18,2
2026-01-15,000858,13:22:21,106.3800,1,1
2026-01-15,000858,13:22:24,106.3800,9,1
2026-01-15,000858,13:22:27,106.3800,23,1
2026-01-15,000858,13:22:30,106.3800,1,1
2026-01-15,000858,13:22:33,106.3600,19,2
2026-01-15,000858,13:22:36,106.3800,1,1
2026-01-15,000858,13:22:42,106.3600,9,2
2026-01-15,000858,13:22:45,106.3700,11,4
2026-01-15,000858,13:22:48,106.3800,10,1
2026-01-15,000858,13:22:51,106.3700,2,4
2026-01-15,000858,13:22:54,106.3900,17,1
2026-01-15,000858,13:22:57,106.3900,1,1
2026-01-15,000858,13:23:00,106.3800,8,2
2026-01-15,000858,13:23:03,106.3800,6,1
2026-01-15,000858,13:23:06,106.3700,4,2
2026-01-15,000858,13:23:09,106.3800,25,1
2026-01-15,000858,13:23:12,106.3900,12,1
2026-01-15,000858,13:23:15,106.3900,3,1
2026-01-15,000858,13:23:18,106.3800,2,2
2026-01-15,000858,13:23:21,106.3800,3,1
2026-01-15,000858,13:23:24,106.3800,11,1
2026-01-15,000858,13:23:27,106.3900,7,1
2026-01-15,000858,13:23:30,106.3800,22,2
2026-01-15,000858,13:23:33,106.3900,1,1
2026-01-15,000858,13:23:36,106.3900,5,1
2026-01-15,000858,13:23:39,106.4000,9,1
2026-01-15,000858,13:23:42,106.4000,15,2
2026-01-15,000858,13:23:45,106.4100,11,1
2026-01-15,000858,13:23:48,106.4000,12,2
2026-01-15,000858,13:23:51,106.4000,13,2
2026-01-15,000858,13:23:54,106.4100,42,1
2026-01-15,000858,13:23:57,106.4100,12,1
2026-01-15,000858,13:24:00,106.4100,10,1
2026-01-15,000858,13:24:03,106.3900,22,2
2026-01-15,000858,13:24:06,106.4100,9,1
2026-01-15,000858,13:24:09,106.4200,14,1
2026-01-15,000858,13:24:12,106.4400,21,1
2026-01-15,000858,13:24:15,106.4000,11,2
2026-01-15,000858,13:24:18,106.4400,22,1
2026-01-15,000858,13:24:21,106.4400,9,1
2026-01-15,000858,13:24:24,106.4200,4,2
2026-01-15,000858,13:24:27,106.4200,14,2
2026-01-15,000858,13:24:30,106.4300,7,1
2026-01-15,000858,13:24:33,106.4200,17,2
2026-01-15,000858,13:24:36,106.4200,62,1
2026-01-15,000858,13:24:39,106.4000,228,2
2026-01-15,000858,13:24:42,106.4000,5,2
2026-01-15,000858,13:24:45,106.4200,14,1
2026-01-15,000858,13:24:48,106.4000,5,2
2026-01-15,000858,13:24:51,106.4100,6,4
2026-01-15,000858,13:24:54,106.4100,22,1
2026-01-15,000858,13:24:57,106.4000,9,2
2026-01-15,000858,13:25:00,106.4100,19,1
2026-01-15,000858,13:25:03,106.4000,5,2
2026-01-15,000858,13:25:06,106.4200,8,1
2026-01-15,000858,13:25:09,106.4200,1,1
2026-01-15,000858,13:25:12,106.4000,2,2
2026-01-15,000858,13:25:15,106.3900,18,2
2026-01-15,000858,13:25:18,106.4000,1,4
2026-01-15,000858,13:25:24,106.4000,5,4
2026-01-15,000858,13:25:27,106.3900,2,2
2026-01-15,000858,13:25:30,106.3900,7,2
2026-01-15,000858,13:25:33,106.3900,17,2
2026-01-15,000858,13:25:36,106.3900,5,2
2026-01-15,000858,13:25:39,106.4100,20,1
2026-01-15,000858,13:25:45,106.4000,15,2
2026-01-15,000858,13:25:48,106.4100,13,1
2026-01-15,000858,13:25:51,106.4100,4,1
2026-01-15,000858,13:25:54,106.4000,33,2
2026-01-15,000858,13:25:57,106.4100,8,1
2026-01-15,000858,13:26:00,106.4000,1,2
2026-01-15,000858,13:26:03,106.4100,2,1
2026-01-15,000858,13:26:06,106.4100,4,1
2026-01-15,000858,13:26:09,106.4100,9,1
2026-01-15,000858,13:26:12,106.4100,11,1
2026-01-15,000858,13:26:15,106.4000,8,2
2026-01-15,000858,13:26:18,106.4000,35,2
2026-01-15,000858,13:26:21,106.4100,7,1
2026-01-15,000858,13:26:24,106.4200,31,1
2026-01-15,000858,13:26:27,106.4100,34,2
2026-01-15,000858,13:26:33,106.4000,19,2
2026-01-15,000858,13:26:36,106.4000,8,2
2026-01-15,000858,13:26:39,106.4100,10,1
2026-01-15,000858,13:26:42,106.4100,7,1
2026-01-15,000858,13:26:45,106.4100,13,2
2026-01-15,000858,13:26:48,106.4200,1,1
2026-01-15,000858,13:26:51,106.4200,2,1
2026-01-15,000858,13:26:54,106.4100,12,2
2026-01-15,000858,13:26:57,106.4200,2,1
2026-01-15,000858,13:27:00,106.4200,3,1
2026-01-15,000858,13:27:03,106.4200,7,1
2026-01-15,000858,13:27:06,106.4200,8,1
2026-01-15,000858,13:27:09,106.4100,8,2
2026-01-15,000858,13:27:12,106.4100,7,2
2026-01-15,000858,13:27:15,106.4100,5,2
2026-01-15,000858,13:27:18,106.4200,8,1
2026-01-15,000858,13:27:21,106.4200,17,1
2026-01-15,000858,13:27:24,106.4200,2,1
2026-01-15,000858,13:27:27,106.4200,5,1
2026-01-15,000858,13:27:30,106.4200,16,1
2026-01-15,000858,13:27:33,106.4200,11,1
2026-01-15,000858,13:27:36,106.4100,11,2
2026-01-15,000858,13:27:39,106.4200,2,2
2026-01-15,000858,13:27:42,106.4100,11,2
2026-01-15,000858,13:27:45,106.4100,4,2
2026-01-15,000858,13:27:48,106.4200,4,1
2026-01-15,000858,13:27:51,106.4200,25,1
2026-01-15,000858,13:27:54,106.4200,12,1
2026-01-15,000858,13:27:57,106.4200,5,1
2026-01-15,000858,13:28:00,106.4300,3,1
2026-01-15,000858,13:28:03,106.4300,8,1
2026-01-15,000858,13:28:06,106.4300,7,1
2026-01-15,000858,13:28:09,106.4300,9,1
2026-01-15,000858,13:28:12,106.4300,1,2
2026-01-15,000858,13:28:15,106.4300,12,2
2026-01-15,000858,13:28:18,106.4200,17,2
2026-01-15,000858,13:28:21,106.4200,7,2
2026-01-15,000858,13:28:24,106.4300,21,1
2026-01-15,000858,13:28:27,106.4300,22,1
2026-01-15,000858,13:28:30,106.4300,2,1
2026-01-15,000858,13:28:33,106.4200,18,2
2026-01-15,000858,13:28:36,106.4200,2,2
2026-01-15,000858,13:28:39,106.4300,3,1
2026-01-15,000858,13:28:42,106.4200,23,2
2026-01-15,000858,13:28:45,106.4100,19,2
2026-01-15,000858,13:28:48,106.4200,8,1
2026-01-15,000858,13:28:51,106.4100,2,2
2026-01-15,000858,13:28:54,106.4200,9,1
2026-01-15,000858,13:28:57,106.4200,28,1
2026-01-15,000858,13:29:00,106.4100,15,2
2026-01-15,000858,13:29:03,106.4200,6,4
2026-01-15,000858,13:29:06,106.4200,8,2
2026-01-15,000858,13:29:09,106.4100,10,2
2026-01-15,000858,13:29:12,106.4100,10,2
2026-01-15,000858,13:29:15,106.4100,11,2
2026-01-15,000858,13:29:21,106.4000,88,2
2026-01-15,000858,13:29:24,106.4100,5,1
2026-01-15,000858,13:29:27,106.4000,10,2
2026-01-15,000858,13:29:30,106.4000,14,2
2026-01-15,000858,13:29:33,106.4100,6,4
2026-01-15,000858,13:29:36,106.4000,6,2
2026-01-15,000858,13:29:39,106.4000,9,2
2026-01-15,000858,13:29:42,106.4100,8,2
2026-01-15,000858,13:29:45,106.4000,17,2
2026-01-15,000858,13:29:48,106.4100,11,4
2026-01-15,000858,13:29:51,106.4200,6,1
2026-01-15,000858,13:29:54,106.4100,4,2
2026-01-15,000858,13:29:57,106.4100,1,4
2026-01-15,000858,13:30:00,106.4100,7,1
2026-01-15,000858,13:30:03,106.4100,35,1
2026-01-15,000858,13:30:06,106.4100,9,1
2026-01-15,000858,13:30:09,106.4000,21,2
2026-01-15,000858,13:30:12,106.4100,10,4
2026-01-15,000858,13:30:15,106.4100,9,2
2026-01-15,000858,13:30:18,106.4100,14,1
2026-01-15,000858,13:30:21,106.4000,105,2
2026-01-15,000858,13:30:24,106.4100,10,1
2026-01-15,000858,13:30:27,106.4000,17,2
2026-01-15,000858,13:30:30,106.3900,35,2
2026-01-15,000858,13:30:33,106.4000,10,4
2026-01-15,000858,13:30:36,106.3900,8,2
2026-01-15,000858,13:30:39,106.3800,4,2
2026-01-15,000858,13:30:42,106.3800,8,2
2026-01-15,000858,13:30:45,106.3700,45,2
2026-01-15,000858,13:30:48,106.3800,32,1
2026-01-15,000858,13:30:51,106.3700,1,4
2026-01-15,000858,13:30:54,106.3700,11,4
2026-01-15,000858,13:30:57,106.3600,12,2
2026-01-15,000858,13:31:00,106.3600,13,2
2026-01-15,000858,13:31:03,106.3600,20,2
2026-01-15,000858,13:31:06,106.3600,14,2
2026-01-15,000858,13:31:09,106.3700,16,1
2026-01-15,000858,13:31:12,106.3600,12,2
2026-01-15,000858,13:31:15,106.3600,4,2
2026-01-15,000858,13:31:18,106.3600,8,2
2026-01-15,000858,13:31:21,106.3600,3,2
2026-01-15,000858,13:31:24,106.3700,13,1
2026-01-15,000858,13:31:27,106.3600,3,2
2026-01-15,000858,13:31:30,106.3600,9,2
2026-01-15,000858,13:31:33,106.3700,11,1
2026-01-15,000858,13:31:36,106.3700,20,1
2026-01-15,000858,13:31:39,106.3600,3,2
2026-01-15,000858,13:31:42,106.3700,4,1
2026-01-15,000858,13:31:45,106.3600,6,2
2026-01-15,000858,13:31:48,106.3500,6,2
2026-01-15,000858,13:31:51,106.3600,13,1
2026-01-15,000858,13:31:54,106.3600,16,1
2026-01-15,000858,13:31:57,106.3600,3,1
2026-01-15,000858,13:32:00,106.3500,14,2
2026-01-15,000858,13:32:03,106.3600,6,1
2026-01-15,000858,13:32:06,106.3500,14,2
2026-01-15,000858,13:32:09,106.3500,14,2
2026-01-15,000858,13:32:12,106.3500,8,2
2026-01-15,000858,13:32:15,106.3400,21,2
2026-01-15,000858,13:32:18,106.3400,27,2
2026-01-15,000858,13:32:21,106.3300,47,2
2026-01-15,000858,13:32:24,106.3200,50,2
2026-01-15,000858,13:32:27,106.3200,58,2
2026-01-15,000858,13:32:30,106.3100,17,2
2026-01-15,000858,13:32:33,106.3100,20,2
2026-01-15,000858,13:32:36,106.3100,13,1
2026-01-15,000858,13:32:39,106.3100,26,1
2026-01-15,000858,13:32:42,106.3000,13,2
2026-01-15,000858,13:32:45,106.3000,29,2
2026-01-15,000858,13:32:48,106.3000,23,2
2026-01-15,000858,13:32:51,106.3000,8,2
2026-01-15,000858,13:32:54,106.3000,10,2
2026-01-15,000858,13:32:57,106.3000,40,2
2026-01-15,000858,13:33:00,106.3000,8,2
2026-01-15,000858,13:33:03,106.2900,101,2
2026-01-15,000858,13:33:06,106.2800,38,2
2026-01-15,000858,13:33:09,106.2800,69,2
2026-01-15,000858,13:33:12,106.2900,6,1
2026-01-15,000858,13:33:15,106.2800,32,2
2026-01-15,000858,13:33:18,106.2800,27,2
2026-01-15,000858,13:33:21,106.2800,18,1
2026-01-15,000858,13:33:24,106.2700,15,2
2026-01-15,000858,13:33:27,106.2800,17,1
2026-01-15,000858,13:33:30,106.2700,8,2
2026-01-15,000858,13:33:33,106.2700,1,2
2026-01-15,000858,13:33:36,106.2600,42,2
2026-01-15,000858,13:33:39,106.2700,12,1
2026-01-15,000858,13:33:42,106.2600,6,2
2026-01-15,000858,13:33:45,106.2700,2,4
2026-01-15,000858,13:33:48,106.2700,5,2
2026-01-15,000858,13:33:51,106.2700,14,1
2026-01-15,000858,13:33:54,106.2700,14,1
2026-01-15,000858,13:33:57,106.2600,7,2
2026-01-15,000858,13:34:00,106.2700,8,1
2026-01-15,000858,13:34:03,106.2600,42,2
2026-01-15,000858,13:34:06,106.2600,14,1
2026-01-15,000858,13:34:09,106.2600,20,1
2026-01-15,000858,13:34:12,106.2600,5,1
2026-01-15,000858,13:34:15,106.2600,20,1
2026-01-15,000858,13:34:18,106.2600,24,1
2026-01-15,000858,13:34:21,106.2500,11,2
2026-01-15,000858,13:34:24,106.2600,12,1
2026-01-15,000858,13:34:27,106.2500,46,2
2026-01-15,000858,13:34:30,106.2600,28,1
2026-01-15,000858,13:34:33,106.2500,31,2
2026-01-15,000858,13:34:36,106.2600,8,1
2026-01-15,000858,13:34:39,106.2600,18,1
2026-01-15,000858,13:34:42,106.2500,12,2
2026-01-15,000858,13:34:45,106.2500,5,2
2026-01-15,000858,13:34:48,106.2600,15,2
2026-01-15,000858,13:34:51,106.2600,9,1
2026-01-15,000858,13:34:54,106.2500,6,2
2026-01-15,000858,13:34:57,106.2600,13,1
2026-01-15,000858,13:35:00,106.2600,3,1
2026-01-15,000858,13:35:03,106.2600,30,1
2026-01-15,000858,13:35:06,106.2400,52,2
2026-01-15,000858,13:35:09,106.2400,29,2
2026-01-15,000858,13:35:12,106.2300,27,2
2026-01-15,000858,13:35:15,106.2500,18,1
2026-01-15,000858,13:35:18,106.2300,8,2
2026-01-15,000858,13:35:21,106.2400,7,1
2026-01-15,000858,13:35:24,106.2400,9,1
2026-01-15,000858,13:35:27,106.2300,3,2
2026-01-15,000858,13:35:30,106.2400,10,1
2026-01-15,000858,13:35:33,106.2300,33,2
2026-01-15,000858,13:35:36,106.2300,15,1
2026-01-15,000858,13:35:39,106.2200,52,2
2026-01-15,000858,13:35:42,106.2200,26,1
2026-01-15,000858,13:35:45,106.2100,19,2
2026-01-15,000858,13:35:48,106.2100,2,2
2026-01-15,000858,13:35:51,106.2200,13,1
2026-01-15,000858,13:35:54,106.2200,16,1
2026-01-15,000858,13:35:57,106.2200,8,1
2026-01-15,000858,13:36:00,106.2200,4,2
2026-01-15,000858,13:36:03,106.2100,77,2
2026-01-15,000858,13:36:06,106.2100,20,1
2026-01-15,000858,13:36:09,106.2100,12,1
2026-01-15,000858,13:36:12,106.2100,7,2
2026-01-15,000858,13:36:15,106.2100,5,2
2026-01-15,000858,13:36:18,106.2100,13,2
2026-01-15,000858,13:36:21,106.2200,29,1
2026-01-15,000858,13:36:24,106.2200,10,2
2026-01-15,000858,13:36:27,106.2200,15,2
2026-01-15,000858,13:36:30,106.2200,3,2
2026-01-15,000858,13:36:33,106.2100,72,2
2026-01-15,000858,13:36:36,106.2300,13,1
2026-01-15,000858,13:36:42,106.2300,3,1
2026-01-15,000858,13:36:45,106.2300,20,1
2026-01-15,000858,13:36:48,106.2200,20,2
2026-01-15,000858,13:36:51,106.2200,11,1
2026-01-15,000858,13:36:54,106.2200,10,1
2026-01-15,000858,13:36:57,106.2100,26,2
2026-01-15,000858,13:37:00,106.2200,39,1
2026-01-15,000858,13:37:03,106.2100,20,2
2026-01-15,000858,13:37:06,106.2200,44,1
2026-01-15,000858,13:37:09,106.2200,27,1
2026-01-15,000858,13:37:12,106.2100,12,2
2026-01-15,000858,13:37:15,106.2300,1,1
2026-01-15,000858,13:37:18,106.2200,55,2
2026-01-15,000858,13:37:21,106.2300,9,2
2026-01-15,000858,13:37:24,106.2300,5,2
2026-01-15,000858,13:37:27,106.2300,5,2
2026-01-15,000858,13:37:30,106.2300,2,2
2026-01-15,000858,13:37:33,106.2400,3,1
2026-01-15,000858,13:37:36,106.2400,21,1
2026-01-15,000858,13:37:39,106.2400,19,1
2026-01-15,000858,13:37:42,106.2400,50,1
2026-01-15,000858,13:37:45,106.2400,9,4
2026-01-15,000858,13:37:48,106.2300,21,2
2026-01-15,000858,13:37:51,106.2400,5,1
2026-01-15,000858,13:37:54,106.2400,7,1
2026-01-15,000858,13:37:57,106.2300,10,1
2026-01-15,000858,13:38:00,106.2300,8,1
2026-01-15,000858,13:38:03,106.2300,11,1
2026-01-15,000858,13:38:06,106.2300,255,1
2026-01-15,000858,13:38:09,106.2300,44,2
2026-01-15,000858,13:38:12,106.2500,3,1
2026-01-15,000858,13:38:15,106.2500,8,1
2026-01-15,000858,13:38:18,106.2500,30,1
2026-01-15,000858,13:38:21,106.2400,14,2
2026-01-15,000858,13:38:24,106.2500,13,1
2026-01-15,000858,13:38:27,106.2400,3,2
2026-01-15,000858,13:38:33,106.2600,8,1
2026-01-15,000858,13:38:36,106.2500,35,2
2026-01-15,000858,13:38:39,106.2400,13,2
2026-01-15,000858,13:38:42,106.2400,5,2
2026-01-15,000858,13:38:45,106.2400,7,2
2026-01-15,000858,13:38:48,106.2500,14,1
2026-01-15,000858,13:38:51,106.2500,15,1
2026-01-15,000858,13:38:54,106.2500,16,4
2026-01-15,000858,13:38:57,106.2500,1,4
2026-01-15,000858,13:39:00,106.2500,8,1
2026-01-15,000858,13:39:03,106.2500,59,2
2026-01-15,000858,13:39:06,106.2400,116,2
2026-01-15,000858,13:39:09,106.2300,45,2
2026-01-15,000858,13:39:12,106.2400,9,1
2026-01-15,000858,13:39:15,106.2400,12,4
2026-01-15,000858,13:39:18,106.2300,257,2
2026-01-15,000858,13:39:21,106.2200,54,2
2026-01-15,000858,13:39:24,106.2200,17,2
2026-01-15,000858,13:39:27,106.2300,86,1
2026-01-15,000858,13:39:30,106.2300,2,1
2026-01-15,000858,13:39:33,106.2200,5,1
2026-01-15,000858,13:39:36,106.2100,28,2
2026-01-15,000858,13:39:39,106.2200,40,1
2026-01-15,000858,13:39:42,106.2200,15,1
2026-01-15,000858,13:39:45,106.2200,9,2
2026-01-15,000858,13:39:48,106.2200,21,2
2026-01-15,000858,13:39:51,106.2300,20,1
2026-01-15,000858,13:39:54,106.2300,2,1
2026-01-15,000858,13:39:57,106.2400,14,1
2026-01-15,000858,13:40:03,106.2100,208,2
2026-01-15,000858,13:40:06,106.2300,9,1
2026-01-15,000858,13:40:09,106.2100,12,2
2026-01-15,000858,13:40:12,106.2100,37,2
2026-01-15,000858,13:40:15,106.2200,5,4
2026-01-15,000858,13:40:18,106.2100,17,2
2026-01-15,000858,13:40:21,106.2100,4,2
2026-01-15,000858,13:40:24,106.2100,10,2
2026-01-15,000858,13:40:27,106.2200,1,1
2026-01-15,000858,13:40:30,106.2200,3,1
2026-01-15,000858,13:40:33,106.2100,40,2
2026-01-15,000858,13:40:36,106.2100,10,2
2026-01-15,000858,13:40:39,106.2200,24,1
2026-01-15,000858,13:40:42,106.2200,21,1
2026-01-15,000858,13:40:45,106.2200,21,1
2026-01-15,000858,13:40:48,106.2100,10,2
2026-01-15,000858,13:40:51,106.2200,16,1
2026-01-15,000858,13:40:54,106.2200,2,1
2026-01-15,000858,13:40:57,106.2200,15,1
2026-01-15,000858,13:41:00,106.2200,12,1
2026-01-15,000858,13:41:03,106.2000,42,2
2026-01-15,000858,13:41:06,106.2200,10,1
2026-01-15,000858,13:41:09,106.2100,15,2
2026-01-15,000858,13:41:12,106.2000,46,2
2026-01-15,000858,13:41:15,106.2000,18,2
2026-01-15,000858,13:41:18,106.2000,38,2
2026-01-15,000858,13:41:21,106.2000,16,2
2026-01-15,000858,13:41:24,106.2100,47,1
2026-01-15,000858,13:41:27,106.2000,7,2
2026-01-15,000858,13:41:30,106.2100,34,1
2026-01-15,000858,13:41:33,106.2100,19,1
2026-01-15,000858,13:41:36,106.2000,412,2
2026-01-15,000858,13:41:39,106.2000,15,1
2026-01-15,000858,13:41:42,106.1900,94,2
2026-01-15,000858,13:41:45,106.1900,58,2
2026-01-15,000858,13:41:48,106.1900,57,1
2026-01-15,000858,13:41:51,106.1800,10,2
2026-01-15,000858,13:41:54,106.1800,13,2
2026-01-15,000858,13:41:57,106.1800,65,2
2026-01-15,000858,13:42:00,106.1800,12,2
2026-01-15,000858,13:42:03,106.1900,86,1
2026-01-15,000858,13:42:06,106.1900,74,1
2026-01-15,000858,13:42:09,106.1900,38,4
2026-01-15,000858,13:42:12,106.1900,7,2
2026-01-15,000858,13:42:15,106.1900,18,2
2026-01-15,000858,13:42:18,106.1900,26,2
2026-01-15,000858,13:42:21,106.1900,9,2
2026-01-15,000858,13:42:24,106.2000,5,1
2026-01-15,000858,13:42:27,106.2000,10,2
2026-01-15,000858,13:42:30,106.2000,3,2
2026-01-15,000858,13:42:33,106.2100,164,1
2026-01-15,000858,13:42:36,106.2100,10,1
2026-01-15,000858,13:42:39,106.2000,31,2
2026-01-15,000858,13:42:42,106.2000,5,1
2026-01-15,000858,13:42:45,106.2000,16,1
2026-01-15,000858,13:42:48,106.1900,9,4
2026-01-15,000858,13:42:51,106.1900,39,1
2026-01-15,000858,13:42:54,106.1800,16,2
2026-01-15,000858,13:42:57,106.1900,78,4
2026-01-15,000858,13:43:00,106.1900,23,1
2026-01-15,000858,13:43:03,106.1700,22,2
2026-01-15,000858,13:43:06,106.1800,36,1
2026-01-15,000858,13:43:09,106.1800,4,1
2026-01-15,000858,13:43:12,106.1900,29,1
2026-01-15,000858,13:43:15,106.1800,1,4
2026-01-15,000858,13:43:18,106.1900,6,1
2026-01-15,000858,13:43:21,106.1800,7,2
2026-01-15,000858,13:43:24,106.1800,6,2
2026-01-15,000858,13:43:27,106.1800,9,2
2026-01-15,000858,13:43:30,106.1800,6,2
2026-01-15,000858,13:43:33,106.1700,43,2
2026-01-15,000858,13:43:36,106.1800,24,1
2026-01-15,000858,13:43:39,106.1800,34,1
2026-01-15,000858,13:43:42,106.1800,9,1
2026-01-15,000858,13:43:45,106.1800,58,1
2026-01-15,000858,13:43:48,106.1700,16,2
2026-01-15,000858,13:43:51,106.1700,3,2
2026-01-15,000858,13:43:54,106.1800,18,1
2026-01-15,000858,13:44:00,106.1800,21,2
2026-01-15,000858,13:44:03,106.1800,72,1
2026-01-15,000858,13:44:06,106.1800,24,1
2026-01-15,000858,13:44:09,106.1800,6,2
2026-01-15,000858,13:44:12,106.1900,7,1
2026-01-15,000858,13:44:15,106.1900,34,1
2026-01-15,000858,13:44:18,106.1900,37,1
2026-01-15,000858,13:44:21,106.1800,8,2
2026-01-15,000858,13:44:24,106.1800,21,2
2026-01-15,000858,13:44:27,106.1900,6,1
2026-01-15,000858,13:44:30,106.1900,14,1
2026-01-15,000858,13:44:33,106.1900,191,1
2026-01-15,000858,13:44:36,106.1800,62,4
2026-01-15,000858,13:44:39,106.1800,21,1
2026-01-15,000858,13:44:42,106.1900,159,1
2026-01-15,000858,13:44:45,106.1800,13,2
2026-01-15,000858,13:44:48,106.1800,9,2
2026-01-15,000858,13:44:51,106.1900,85,1
2026-01-15,000858,13:44:54,106.1900,21,1
2026-01-15,000858,13:44:57,106.1900,104,1
2026-01-15,000858,13:45:00,106.2000,27,1
2026-01-15,000858,13:45:03,106.2000,7,1
2026-01-15,000858,13:45:06,106.1900,41,2
2026-01-15,000858,13:45:09,106.1900,9,1
2026-01-15,000858,13:45:12,106.1900,4,1
2026-01-15,000858,13:45:15,106.1900,23,1
2026-01-15,000858,13:45:18,106.1900,11,1
2026-01-15,000858,13:45:21,106.1800,15,2
2026-01-15,000858,13:45:24,106.1900,31,1
2026-01-15,000858,13:45:27,106.1900,19,1
2026-01-15,000858,13:45:30,106.1900,10,1
2026-01-15,000858,13:45:33,106.1900,44,1
2026-01-15,000858,13:45:36,106.1800,48,2
2026-01-15,000858,13:45:39,106.1900,30,1
2026-01-15,000858,13:45:42,106.1900,10,2
2026-01-15,000858,13:45:45,106.1900,9,2
2026-01-15,000858,13:45:48,106.1900,3,2
2026-01-15,000858,13:45:51,106.1900,51,2
2026-01-15,000858,13:45:54,106.1900,10,2
2026-01-15,000858,13:45:57,106.1900,10,2
2026-01-15,000858,13:46:00,106.2100,81,1
2026-01-15,000858,13:46:03,106.2100,27,1
2026-01-15,000858,13:46:06,106.2100,17,1
2026-01-15,000858,13:46:09,106.2100,24,1
2026-01-15,000858,13:46:12,106.2100,16,1
2026-01-15,000858,13:46:15,106.2200,8,1
2026-01-15,000858,13:46:18,106.2200,6,1
2026-01-15,000858,13:46:21,106.2200,21,1
2026-01-15,000858,13:46:24,106.2100,7,2
2026-01-15,000858,13:46:27,106.2200,39,1
2026-01-15,000858,13:46:30,106.2200,22,1
2026-01-15,000858,13:46:33,106.2300,4,1
2026-01-15,000858,13:46:36,106.2300,2,1
2026-01-15,000858,13:46:39,106.2300,31,1
2026-01-15,000858,13:46:42,106.2400,4,1
2026-01-15,000858,13:46:45,106.2400,6,1
2026-01-15,000858,13:46:48,106.2300,27,2
2026-01-15,000858,13:46:51,106.2300,41,2
2026-01-15,000858,13:46:54,106.2300,22,2
2026-01-15,000858,13:46:57,106.2400,22,1
2026-01-15,000858,13:47:00,106.2300,27,2
2026-01-15,000858,13:47:03,106.2500,11,1
2026-01-15,000858,13:47:06,106.2500,32,1
2026-01-15,000858,13:47:09,106.2600,12,1
2026-01-15,000858,13:47:12,106.2600,45,1
2026-01-15,000858,13:47:15,106.2800,40,1
2026-01-15,000858,13:47:18,106.2800,15,1
2026-01-15,000858,13:47:21,106.2800,63,1
2026-01-15,000858,13:47:24,106.2800,46,1
2026-01-15,000858,13:47:27,106.2700,46,1
2026-01-15,000858,13:47:30,106.2800,8,1
2026-01-15,000858,13:47:33,106.2800,34,1
2026-01-15,000858,13:47:36,106.2800,14,1
2026-01-15,000858,13:47:39,106.2700,12,2
2026-01-15,000858,13:47:42,106.2600,63,2
2026-01-15,000858,13:47:45,106.2600,64,1
2026-01-15,000858,13:47:48,106.2500,16,2
2026-01-15,000858,13:47:51,106.2500,34,2
2026-01-15,000858,13:47:54,106.2500,43,2
2026-01-15,000858,13:47:57,106.2500,25,2
2026-01-15,000858,13:48:00,106.2500,20,2
2026-01-15,000858,13:48:03,106.2500,115,2
2026-01-15,000858,13:48:06,106.2500,28,4
2026-01-15,000858,13:48:09,106.2400,48,2
2026-01-15,000858,13:48:12,106.2500,9,2
2026-01-15,000858,13:48:15,106.2600,8,1
2026-01-15,000858,13:48:18,106.2500,26,2
2026-01-15,000858,13:48:21,106.2600,34,1
2026-01-15,000858,13:48:24,106.2500,32,2
2026-01-15,000858,13:48:27,106.2500,12,1
2026-01-15,000858,13:48:30,106.2500,19,1
2026-01-15,000858,13:48:33,106.2500,31,2
2026-01-15,000858,13:48:36,106.2600,17,1
2026-01-15,000858,13:48:39,106.2600,41,1
2026-01-15,000858,13:48:42,106.2600,4,1
2026-01-15,000858,13:48:45,106.2500,58,2
2026-01-15,000858,13:48:48,106.2500,12,2
2026-01-15,000858,13:48:51,106.2500,7,2
2026-01-15,000858,13:48:54,106.2600,7,1
2026-01-15,000858,13:48:57,106.2500,9,2
2026-01-15,000858,13:49:00,106.2700,79,1
2026-01-15,000858,13:49:03,106.2600,49,2
2026-01-15,000858,13:49:06,106.2700,11,1
2026-01-15,000858,13:49:09,106.2700,11,2
2026-01-15,000858,13:49:12,106.2800,49,1
2026-01-15,000858,13:49:15,106.2700,39,2
2026-01-15,000858,13:49:18,106.2500,463,2
2026-01-15,000858,13:49:21,106.2400,255,2
2026-01-15,000858,13:49:24,106.2300,96,2
2026-01-15,000858,13:49:27,106.2200,44,2
2026-01-15,000858,13:49:30,106.2100,55,2
2026-01-15,000858,13:49:33,106.2000,73,2
2026-01-15,000858,13:49:36,106.2000,344,2
2026-01-15,000858,13:49:39,106.2100,18,1
2026-01-15,000858,13:49:42,106.2200,17,1
2026-01-15,000858,13:49:45,106.2100,315,2
2026-01-15,000858,13:49:48,106.1900,40,2
2026-01-15,000858,13:49:51,106.2000,19,2
2026-01-15,000858,13:49:54,106.2000,3,2
2026-01-15,000858,13:49:57,106.2300,7,1
2026-01-15,000858,13:50:00,106.2100,4,2
2026-01-15,000858,13:50:06,106.2300,4,1
2026-01-15,000858,13:50:09,106.2300,7,1
2026-01-15,000858,13:50:12,106.2100,9,2
2026-01-15,000858,13:50:15,106.2300,10,1
2026-01-15,000858,13:50:18,106.2300,11,2
2026-01-15,000858,13:50:21,106.2400,24,1
2026-01-15,000858,13:50:24,106.2400,3,2
2026-01-15,000858,13:50:27,106.2400,6,2
2026-01-15,000858,13:50:30,106.2400,12,2
2026-01-15,000858,13:50:33,106.2600,14,1
2026-01-15,000858,13:50:36,106.2400,66,2
2026-01-15,000858,13:50:39,106.2400,2,2
2026-01-15,000858,13:50:42,106.2500,28,1
2026-01-15,000858,13:50:45,106.2500,4,2
2026-01-15,000858,13:50:48,106.2400,9,2
2026-01-15,000858,13:50:51,106.2500,24,1
2026-01-15,000858,13:50:54,106.2600,24,1
2026-01-15,000858,13:50:57,106.2500,18,2
2026-01-15,000858,13:51:00,106.2400,12,2
2026-01-15,000858,13:51:06,106.2700,2,1
2026-01-15,000858,13:51:09,106.2600,1,2
2026-01-15,000858,13:51:12,106.2600,6,2
2026-01-15,000858,13:51:15,106.2700,11,1
2026-01-15,000858,13:51:18,106.2600,15,1
2026-01-15,000858,13:51:21,106.2600,17,1
2026-01-15,000858,13:51:24,106.2600,25,2
2026-01-15,000858,13:51:27,106.2600,27,2
2026-01-15,000858,13:51:30,106.2600,18,4
2026-01-15,000858,13:51:33,106.2600,27,1
2026-01-15,000858,13:51:36,106.2500,14,2
2026-01-15,000858,13:51:39,106.2500,78,2
2026-01-15,000858,13:51:42,106.2400,75,2
2026-01-15,000858,13:51:45,106.2500,31,1
2026-01-15,000858,13:51:48,106.2300,32,2
2026-01-15,000858,13:51:51,106.2300,24,1
2026-01-15,000858,13:51:54,106.2200,47,2
2026-01-15,000858,13:51:57,106.2200,30,2
2026-01-15,000858,13:52:00,106.2200,23,2
2026-01-15,000858,13:52:03,106.2300,9,2
2026-01-15,000858,13:52:06,106.2300,2,4
2026-01-15,000858,13:52:09,106.2200,36,2
2026-01-15,000858,13:52:12,106.2300,5,1
2026-01-15,000858,13:52:15,106.2300,3,1
2026-01-15,000858,13:52:18,106.2200,13,2
2026-01-15,000858,13:52:21,106.2300,27,1
2026-01-15,000858,13:52:24,106.2300,23,1
2026-01-15,000858,13:52:27,106.2200,14,2
2026-01-15,000858,13:52:30,106.2300,5,1
2026-01-15,000858,13:52:33,106.2200,31,2
2026-01-15,000858,13:52:36,106.2200,10,2
2026-01-15,000858,13:52:39,106.2300,9,1
2026-01-15,000858,13:52:42,106.2300,8,1
2026-01-15,000858,13:52:45,106.2300,10,2
2026-01-15,000858,13:52:48,106.2200,6,2
2026-01-15,000858,13:52:51,106.2200,11,2
2026-01-15,000858,13:52:54,106.2200,86,2
2026-01-15,000858,13:52:57,106.2100,42,2
2026-01-15,000858,13:53:00,106.2100,11,2
2026-01-15,000858,13:53:03,106.2200,24,1
2026-01-15,000858,13:53:06,106.2200,18,1
2026-01-15,000858,13:53:09,106.2000,150,2
2026-01-15,000858,13:53:12,106.2100,52,1
2026-01-15,000858,13:53:15,106.2000,21,2
2026-01-15,000858,13:53:18,106.2000,24,2
2026-01-15,000858,13:53:21,106.2000,19,2
2026-01-15,000858,13:53:24,106.2000,20,2
2026-01-15,000858,13:53:27,106.2000,14,2
2026-01-15,000858,13:53:30,106.2000,16,2
2026-01-15,000858,13:53:33,106.2000,8,2
2026-01-15,000858,13:53:36,106.2100,6,1
2026-01-15,000858,13:53:39,106.2000,20,2
2026-01-15,000858,13:53:42,106.2000,6,2
2026-01-15,000858,13:53:45,106.2200,28,1
2026-01-15,000858,13:53:48,106.2000,13,2
2026-01-15,000858,13:53:51,106.2000,24,2
2026-01-15,000858,13:53:54,106.2100,20,1
2026-01-15,000858,13:53:57,106.2000,17,2
2026-01-15,000858,13:54:00,106.2100,27,1
2026-01-15,000858,13:54:03,106.2000,36,2
2026-01-15,000858,13:54:06,106.2000,83,2
2026-01-15,000858,13:54:09,106.2000,53,2
2026-01-15,000858,13:54:12,106.2000,64,2
2026-01-15,000858,13:54:15,106.2000,27,1
2026-01-15,000858,13:54:18,106.2000,57,1
2026-01-15,000858,13:54:21,106.2000,19,1
2026-01-15,000858,13:54:24,106.2000,21,2
2026-01-15,000858,13:54:27,106.2100,17,1
2026-01-15,000858,13:54:30,106.2000,11,2
2026-01-15,000858,13:54:33,106.2000,7,2
2026-01-15,000858,13:54:36,106.2000,17,2
2026-01-15,000858,13:54:39,106.2000,5,2
2026-01-15,000858,13:54:42,106.2000,49,2
2026-01-15,000858,13:54:45,106.2000,20,2
2026-01-15,000858,13:54:48,106.2000,35,2
2026-01-15,000858,13:54:51,106.2100,13,1
2026-01-15,000858,13:54:54,106.2000,6,2
2026-01-15,000858,13:54:57,106.2000,9,2
2026-01-15,000858,13:55:00,106.2000,30,2
2026-01-15,000858,13:55:03,106.2000,28,2
2026-01-15,000858,13:55:06,106.2000,14,2
2026-01-15,000858,13:55:09,106.1900,60,2
2026-01-15,000858,13:55:12,106.1900,30,2
2026-01-15,000858,13:55:15,106.1900,37,2
2026-01-15,000858,13:55:18,106.1900,12,2
2026-01-15,000858,13:55:21,106.1900,10,2
2026-01-15,000858,13:55:24,106.2000,41,1
2026-01-15,000858,13:55:27,106.2000,54,1
2026-01-15,000858,13:55:30,106.1900,35,2
2026-01-15,000858,13:55:33,106.1900,9,2
2026-01-15,000858,13:55:36,106.2000,37,1
2026-01-15,000858,13:55:39,106.1900,21,4
2026-01-15,000858,13:55:42,106.1900,36,1
2026-01-15,000858,13:55:45,106.1800,25,2
2026-01-15,000858,13:55:48,106.1800,16,2
2026-01-15,000858,13:55:51,106.1900,99,1
2026-01-15,000858,13:55:54,106.1900,26,4
2026-01-15,000858,13:55:57,106.1900,18,2
2026-01-15,000858,13:56:00,106.2000,21,1
2026-01-15,000858,13:56:03,106.2000,16,1
2026-01-15,000858,13:56:06,106.1900,5,4
2026-01-15,000858,13:56:09,106.2000,48,1
2026-01-15,000858,13:56:12,106.1900,25,4
2026-01-15,000858,13:56:15,106.1900,26,2
2026-01-15,000858,13:56:18,106.1900,27,2
2026-01-15,000858,13:56:21,106.2000,43,1
2026-01-15,000858,13:56:24,106.1900,9,2
2026-01-15,000858,13:56:27,106.1900,56,2
2026-01-15,000858,13:56:30,106.1900,38,1
2026-01-15,000858,13:56:33,106.1900,78,1
2026-01-15,000858,13:56:36,106.1800,160,2
2026-01-15,000858,13:56:39,106.1900,66,1
2026-01-15,000858,13:56:42,106.1800,7,2
2026-01-15,000858,13:56:45,106.1800,32,2
2026-01-15,000858,13:56:48,106.1900,16,1
2026-01-15,000858,13:56:51,106.1800,30,2
2026-01-15,000858,13:56:54,106.1800,18,2
2026-01-15,000858,13:56:57,106.1900,12,1
2026-01-15,000858,13:57:00,106.1800,23,2
2026-01-15,000858,13:57:03,106.1800,112,2
2026-01-15,000858,13:57:06,106.1800,8,2
2026-01-15,000858,13:57:09,106.1800,29,2
2026-01-15,000858,13:57:12,106.1900,31,1
2026-01-15,000858,13:57:15,106.1900,14,1
2026-01-15,000858,13:57:18,106.1800,10,2
2026-01-15,000858,13:57:21,106.1900,18,1
2026-01-15,000858,13:57:24,106.1800,23,2
2026-01-15,000858,13:57:27,106.1800,2,2
2026-01-15,000858,13:57:30,106.1900,16,1
2026-01-15,000858,13:57:33,106.1800,6,2
2026-01-15,000858,13:57:36,106.1900,6,1
2026-01-15,000858,13:57:39,106.1900,2,2
2026-01-15,000858,13:57:42,106.1900,2,2
2026-01-15,000858,13:57:45,106.2000,4,1
2026-01-15,000858,13:57:48,106.1900,9,2
2026-01-15,000858,13:57:51,106.2000,2,1
2026-01-15,000858,13:57:54,106.2000,21,1
2026-01-15,000858,13:57:57,106.2000,25,1
2026-01-15,000858,13:58:00,106.2000,11,1
2026-01-15,000858,13:58:03,106.1900,19,2
2026-01-15,000858,13:58:06,106.2000,23,1
2026-01-15,000858,13:58:09,106.2000,8,1
2026-01-15,000858,13:58:12,106.1900,31,2
2026-01-15,000858,13:58:15,106.2000,29,1
2026-01-15,000858,13:58:18,106.2000,15,2
2026-01-15,000858,13:58:21,106.2000,11,1
2026-01-15,000858,13:58:24,106.2000,15,2
2026-01-15,000858,13:58:27,106.2100,4,1
2026-01-15,000858,13:58:30,106.2100,12,1
2026-01-15,000858,13:58:33,106.2000,2,2
2026-01-15,000858,13:58:36,106.2100,10,1
2026-01-15,000858,13:58:39,106.2000,3,2
2026-01-15,000858,13:58:42,106.2100,6,1
2026-01-15,000858,13:58:45,106.2000,17,2
2026-01-15,000858,13:58:48,106.2100,3,1
2026-01-15,000858,13:58:51,106.2100,4,1
2026-01-15,000858,13:58:54,106.2100,27,1
2026-01-15,000858,13:58:57,106.2100,8,2
2026-01-15,000858,13:59:00,106.2000,8,2
2026-01-15,000858,13:59:03,106.2100,8,1
2026-01-15,000858,13:59:06,106.2100,14,1
2026-01-15,000858,13:59:09,106.2100,2,2
2026-01-15,000858,13:59:12,106.2100,5,2
2026-01-15,000858,13:59:15,106.2200,11,1
2026-01-15,000858,13:59:18,106.2200,3,1
2026-01-15,000858,13:59:21,106.2100,3,2
2026-01-15,000858,13:59:24,106.2100,5,2
2026-01-15,000858,13:59:27,106.2100,13,2
2026-01-15,000858,13:59:30,106.2100,3,1
2026-01-15,000858,13:59:33,106.2000,19,2
2026-01-15,000858,13:59:36,106.2100,11,1
2026-01-15,000858,13:59:39,106.2200,9,1
2026-01-15,000858,13:59:42,106.2100,11,2
2026-01-15,000858,13:59:45,106.2200,14,1
2026-01-15,000858,13:59:48,106.2200,7,1
2026-01-15,000858,13:59:51,106.2000,6,2
2026-01-15,000858,13:59:54,106.2000,9,2
2026-01-15,000858,13:59:57,106.2000,19,2
2026-01-15,000858,14:00:00,106.2100,7,2
2026-01-15,000858,14:00:03,106.2100,23,2
2026-01-15,000858,14:00:06,106.2000,5,2
2026-01-15,000858,14:00:09,106.2000,37,2
2026-01-15,000858,14:00:12,106.2100,38,4
2026-01-15,000858,14:00:15,106.1900,36,2
2026-01-15,000858,14:00:18,106.2000,47,1
2026-01-15,000858,14:00:21,106.2000,6,1
2026-01-15,000858,14:00:24,106.2000,12,1
2026-01-15,000858,14:00:27,106.1900,13,2
2026-01-15,000858,14:00:30,106.2000,28,1
2026-01-15,000858,14:00:33,106.1900,14,2
2026-01-15,000858,14:00:36,106.1900,16,2
2026-01-15,000858,14:00:39,106.2000,18,1
2026-01-15,000858,14:00:42,106.2000,2,1
2026-01-15,000858,14:00:45,106.2000,20,1
2026-01-15,000858,14:00:48,106.2000,29,1
2026-01-15,000858,14:00:51,106.2000,48,1
2026-01-15,000858,14:00:54,106.2000,13,2
2026-01-15,000858,14:00:57,106.2000,31,2
2026-01-15,000858,14:01:00,106.2000,10,2
2026-01-15,000858,14:01:03,106.2000,32,2
2026-01-15,000858,14:01:06,106.2000,29,2
2026-01-15,000858,14:01:09,106.1900,125,2
2026-01-15,000858,14:01:12,106.1800,74,2
2026-01-15,000858,14:01:15,106.1900,14,1
2026-01-15,000858,14:01:18,106.1900,24,1
2026-01-15,000858,14:01:21,106.1900,11,1
2026-01-15,000858,14:01:24,106.1900,27,1
2026-01-15,000858,14:01:27,106.1900,37,1
2026-01-15,000858,14:01:30,106.1900,6,2
2026-01-15,000858,14:01:33,106.1900,7,2
2026-01-15,000858,14:01:36,106.1900,8,2
2026-01-15,000858,14:01:39,106.2000,14,1
2026-01-15,000858,14:01:42,106.1900,8,2
2026-01-15,000858,14:01:45,106.2000,25,1
2026-01-15,000858,14:01:48,106.1900,31,2
2026-01-15,000858,14:01:51,106.2100,16,1
2026-01-15,000858,14:01:54,106.2000,10,2
2026-01-15,000858,14:01:57,106.1900,6,2
2026-01-15,000858,14:02:00,106.1900,23,2
2026-01-15,000858,14:02:03,106.1900,25,2
2026-01-15,000858,14:02:06,106.1900,4,2
2026-01-15,000858,14:02:09,106.1900,47,2
2026-01-15,000858,14:02:12,106.1900,188,1
2026-01-15,000858,14:02:15,106.1900,36,1
2026-01-15,000858,14:02:18,106.1900,14,1
2026-01-15,000858,14:02:21,106.1900,6,1
2026-01-15,000858,14:02:24,106.1900,7,1
2026-01-15,000858,14:02:27,106.1900,18,2
2026-01-15,000858,14:02:30,106.1900,6,2
2026-01-15,000858,14:02:33,106.1900,15,2
2026-01-15,000858,14:02:36,106.1900,10,1
2026-01-15,000858,14:02:39,106.1900,14,1
2026-01-15,000858,14:02:42,106.1900,11,1
2026-01-15,000858,14:02:45,106.1900,20,1
2026-01-15,000858,14:02:48,106.1800,15,2
2026-01-15,000858,14:02:51,106.1800,5,2
2026-01-15,000858,14:02:54,106.1900,26,1
2026-01-15,000858,14:02:57,106.1800,44,2
2026-01-15,000858,14:03:00,106.1900,7,1
2026-01-15,000858,14:03:03,106.1900,7,1
2026-01-15,000858,14:03:06,106.1800,138,2
2026-01-15,000858,14:03:09,106.1800,487,2
2026-01-15,000858,14:03:12,106.1700,27,2
2026-01-15,000858,14:03:15,106.1900,40,1
2026-01-15,000858,14:03:18,106.1700,23,2
2026-01-15,000858,14:03:21,106.1700,32,2
2026-01-15,000858,14:03:24,106.1800,23,1
2026-01-15,000858,14:03:27,106.1800,16,4
2026-01-15,000858,14:03:30,106.1800,23,2
2026-01-15,000858,14:03:33,106.1700,6,2
2026-01-15,000858,14:03:36,106.1800,2,1
2026-01-15,000858,14:03:39,106.1700,15,2
2026-01-15,000858,14:03:42,106.1800,2,1
2026-01-15,000858,14:03:45,106.1700,6,2
2026-01-15,000858,14:03:48,106.1800,20,1
2026-01-15,000858,14:03:51,106.1800,6,1
2026-01-15,000858,14:03:54,106.1800,19,1
2026-01-15,000858,14:03:57,106.1800,6,1
2026-01-15,000858,14:04:00,106.1700,33,2
2026-01-15,000858,14:04:06,106.1700,19,2
2026-01-15,000858,14:04:09,106.1700,8,2
2026-01-15,000858,14:04:12,106.1800,3,2
2026-01-15,000858,14:04:15,106.1800,53,2
2026-01-15,000858,14:04:18,106.2000,9,1
2026-01-15,000858,14:04:21,106.1900,12,1
2026-01-15,000858,14:04:24,106.1900,11,1
2026-01-15,000858,14:04:27,106.1900,3,1
2026-01-15,000858,14:04:30,106.2000,7,1
2026-01-15,000858,14:04:33,106.2000,15,1
2026-01-15,000858,14:04:36,106.2000,8,1
2026-01-15,000858,14:04:39,106.1800,12,2
2026-01-15,000858,14:04:42,106.1900,13,4
2026-01-15,000858,14:04:45,106.2000,78,1
2026-01-15,000858,14:04:48,106.2000,16,1
2026-01-15,000858,14:04:51,106.2000,7,1
2026-01-15,000858,14:04:54,106.1900,6,2
2026-01-15,000858,14:04:57,106.2000,6,1
2026-01-15,000858,14:05:00,106.2000,4,1
2026-01-15,000858,14:05:03,106.2000,11,1
2026-01-15,000858,14:05:09,106.2000,9,2
2026-01-15,000858,14:05:12,106.2100,14,2
2026-01-15,000858,14:05:15,106.2100,8,2
2026-01-15,000858,14:05:18,106.2100,8,2
2026-01-15,000858,14:05:21,106.2200,1,1
2026-01-15,000858,14:05:24,106.2100,1,2
2026-01-15,000858,14:05:27,106.2200,8,1
2026-01-15,000858,14:05:30,106.2200,10,1
2026-01-15,000858,14:05:33,106.2100,34,2
2026-01-15,000858,14:05:36,106.2000,47,2
2026-01-15,000858,14:05:39,106.2000,22,2
2026-01-15,000858,14:05:42,106.1900,27,2
2026-01-15,000858,14:05:45,106.1900,12,2
2026-01-15,000858,14:05:48,106.1900,25,2
2026-01-15,000858,14:05:51,106.2100,7,1
2026-01-15,000858,14:05:54,106.2000,15,4
2026-01-15,000858,14:05:57,106.1900,5,2
2026-01-15,000858,14:06:00,106.1900,4,2
2026-01-15,000858,14:06:03,106.1900,13,2
2026-01-15,000858,14:06:06,106.1900,10,2
2026-01-15,000858,14:06:09,106.1900,11,2
2026-01-15,000858,14:06:12,106.2000,8,1
2026-01-15,000858,14:06:18,106.2000,19,1
2026-01-15,000858,14:06:21,106.2000,14,1
2026-01-15,000858,10:53:57,106.3600,9,2
2026-01-15,000858,10:54:00,106.3600,24,2
2026-01-15,000858,10:54:03,106.3800,13,2
2026-01-15,000858,10:54:06,106.3700,16,4
2026-01-15,000858,10:54:09,106.3800,13,1
2026-01-15,000858,10:54:12,106.3800,8,1
2026-01-15,000858,10:54:15,106.3800,27,1
2026-01-15,000858,10:54:18,106.3800,9,2
2026-01-15,000858,10:54:21,106.3800,17,1
2026-01-15,000858,10:54:24,106.3600,15,2
2026-01-15,000858,10:54:27,106.3600,11,2
2026-01-15,000858,10:54:30,106.3600,33,2
2026-01-15,000858,10:54:33,106.3800,10,1
2026-01-15,000858,10:54:36,106.3600,18,2
2026-01-15,000858,10:54:39,106.3600,5,2
2026-01-15,000858,10:54:42,106.3700,9,2
2026-01-15,000858,10:54:45,106.3800,8,4
2026-01-15,000858,10:54:48,106.3700,19,2
2026-01-15,000858,10:54:51,106.3700,6,2
2026-01-15,000858,10:54:54,106.3800,12,1
2026-01-15,000858,10:55:00,106.3600,28,2
2026-01-15,000858,10:55:03,106.3800,7,1
2026-01-15,000858,10:55:06,106.3800,18,1
2026-01-15,000858,10:55:09,106.3600,10,2
2026-01-15,000858,10:55:12,106.3700,7,1
2026-01-15,000858,10:55:15,106.3600,20,2
2026-01-15,000858,10:55:18,106.3700,14,1
2026-01-15,000858,10:55:21,106.3700,14,1
2026-01-15,000858,10:55:24,106.3700,10,4
2026-01-15,000858,10:55:27,106.3600,12,2
2026-01-15,000858,10:55:30,106.3700,11,4
2026-01-15,000858,10:55:33,106.3700,8,1
2026-01-15,000858,10:55:36,106.3700,24,2
2026-01-15,000858,10:55:39,106.3600,17,2
2026-01-15,000858,10:55:42,106.3700,17,2
2026-01-15,000858,10:55:45,106.3800,12,1
2026-01-15,000858,10:55:48,106.3700,16,2
2026-01-15,000858,10:55:51,106.3800,8,4
2026-01-15,000858,10:55:54,106.3700,8,2
2026-01-15,000858,10:55:57,106.3700,9,1
2026-01-15,000858,10:56:00,106.3800,9,1
2026-01-15,000858,10:56:03,106.3700,4,2
2026-01-15,000858,10:56:06,106.3800,16,1
2026-01-15,000858,10:56:09,106.3700,1,2
2026-01-15,000858,10:56:12,106.3800,4,1
2026-01-15,000858,10:56:15,106.3700,12,2
2026-01-15,000858,10:56:18,106.3700,18,2
2026-01-15,000858,10:56:21,106.3700,20,2
2026-01-15,000858,10:56:24,106.3700,6,4
2026-01-15,000858,10:56:27,106.3600,13,2
2026-01-15,000858,10:56:30,106.3800,25,1
2026-01-15,000858,10:56:33,106.3700,12,2
2026-01-15,000858,10:56:36,106.3800,17,1
2026-01-15,000858,10:56:39,106.3800,7,1
2026-01-15,000858,10:56:42,106.3800,4,1
2026-01-15,000858,10:56:45,106.3800,2,1
2026-01-15,000858,10:56:48,106.3800,10,1
2026-01-15,000858,10:56:51,106.3700,15,2
2026-01-15,000858,10:56:54,106.3700,22,2
2026-01-15,000858,10:56:57,106.3700,16,2
2026-01-15,000858,10:57:00,106.3700,10,2
2026-01-15,000858,10:57:03,106.3800,33,1
2026-01-15,000858,10:57:06,106.3800,21,2
2026-01-15,000858,10:57:09,106.3700,5,2
2026-01-15,000858,10:57:12,106.3800,13,4
2026-01-15,000858,10:57:15,106.3800,19,2
2026-01-15,000858,10:57:18,106.3700,20,2
2026-01-15,000858,10:57:21,106.3800,18,1
2026-01-15,000858,10:57:24,106.3700,4,2
2026-01-15,000858,10:57:27,106.3800,13,1
2026-01-15,000858,10:57:30,106.3700,12,2
2026-01-15,000858,10:57:33,106.3800,15,1
2026-01-15,000858,10:57:36,106.3800,34,1
2026-01-15,000858,10:57:39,106.3700,11,1
2026-01-15,000858,10:57:42,106.3800,1,1
2026-01-15,000858,10:57:45,106.3800,6,1
2026-01-15,000858,10:57:48,106.3600,14,2
2026-01-15,000858,10:57:51,106.3700,9,4
2026-01-15,000858,10:57:54,106.3700,6,1
2026-01-15,000858,10:57:57,106.3700,21,1
2026-01-15,000858,10:58:00,106.3600,2,2
2026-01-15,000858,10:58:03,106.3600,9,2
2026-01-15,000858,10:58:06,106.3700,9,1
2026-01-15,000858,10:58:09,106.3700,10,1
2026-01-15,000858,10:58:12,106.3700,5,2
2026-01-15,000858,10:58:15,106.3800,5,1
2026-01-15,000858,10:58:18,106.3700,24,2
2026-01-15,000858,10:58:21,106.3700,36,2
2026-01-15,000858,10:58:24,106.3800,1,1
2026-01-15,000858,10:58:27,106.3700,18,2
2026-01-15,000858,10:58:33,106.3600,68,2
2026-01-15,000858,10:58:36,106.3600,38,2
2026-01-15,000858,10:58:39,106.3700,17,1
2026-01-15,000858,10:58:42,106.3700,1,1
2026-01-15,000858,10:58:45,106.3600,36,2
2026-01-15,000858,10:58:48,106.3800,4,1
2026-01-15,000858,10:58:51,106.3700,9,2
2026-01-15,000858,10:58:54,106.3800,1,1
2026-01-15,000858,10:58:57,106.3700,11,2
2026-01-15,000858,10:59:00,106.3700,3,2
2026-01-15,000858,10:59:03,106.3700,20,2
2026-01-15,000858,10:59:06,106.3800,3,1
2026-01-15,000858,10:59:09,106.3800,2,1
2026-01-15,000858,10:59:12,106.3700,19,2
2026-01-15,000858,10:59:15,106.3700,17,2
2026-01-15,000858,10:59:18,106.3700,44,2
2026-01-15,000858,10:59:21,106.3800,33,1
2026-01-15,000858,10:59:24,106.3800,18,1
2026-01-15,000858,10:59:27,106.3700,13,2
2026-01-15,000858,10:59:33,106.3700,5,2
2026-01-15,000858,10:59:36,106.3700,2,2
2026-01-15,000858,10:59:39,106.3700,1,2
2026-01-15,000858,10:59:42,106.3700,19,2
2026-01-15,000858,10:59:45,106.3600,53,2
2026-01-15,000858,10:59:48,106.3700,23,4
2026-01-15,000858,10:59:51,106.3600,73,2
2026-01-15,000858,10:59:54,106.3500,134,2
2026-01-15,000858,10:59:57,106.3600,29,4
2026-01-15,000858,11:00:00,106.3600,15,4
2026-01-15,000858,11:00:03,106.3500,44,2
2026-01-15,000858,11:00:06,106.3500,2,2
2026-01-15,000858,11:00:09,106.3600,22,1
2026-01-15,000858,11:00:12,106.3500,17,2
2026-01-15,000858,11:00:15,106.3500,6,2
2026-01-15,000858,11:00:18,106.3600,35,1
2026-01-15,000858,11:00:21,106.3700,40,1
2026-01-15,000858,11:00:24,106.3700,23,1
2026-01-15,000858,11:00:27,106.3700,3,1
2026-01-15,000858,11:00:30,106.3800,31,1
2026-01-15,000858,11:00:33,106.3600,24,2
2026-01-15,000858,11:00:36,106.3800,72,1
2026-01-15,000858,11:00:39,106.3700,11,2
2026-01-15,000858,11:00:42,106.3800,25,1
2026-01-15,000858,11:00:45,106.3700,5,2
2026-01-15,000858,11:00:48,106.3800,3,2
2026-01-15,000858,11:00:51,106.3700,7,2
2026-01-15,000858,11:00:54,106.3800,14,1
2026-01-15,000858,11:00:57,106.3800,9,2
2026-01-15,000858,11:01:00,106.3700,12,2
2026-01-15,000858,11:01:09,106.3700,15,2
2026-01-15,000858,11:01:12,106.3800,9,4
2026-01-15,000858,11:01:15,106.3800,14,1
2026-01-15,000858,11:01:18,106.3800,13,1
2026-01-15,000858,11:01:21,106.3800,16,2
2026-01-15,000858,11:01:24,106.3900,13,1
2026-01-15,000858,11:01:27,106.3800,15,2
2026-01-15,000858,11:01:30,106.3900,5,1
2026-01-15,000858,11:01:33,106.3700,11,2
2026-01-15,000858,11:01:36,106.3900,15,1
2026-01-15,000858,11:01:39,106.3700,6,2
2026-01-15,000858,11:01:42,106.3700,3,1
2026-01-15,000858,11:01:45,106.3600,18,2
2026-01-15,000858,11:01:48,106.3600,344,2
2026-01-15,000858,11:01:51,106.3500,125,2
2026-01-15,000858,11:01:54,106.3600,75,1
2026-01-15,000858,11:01:57,106.3400,538,2
2026-01-15,000858,11:02:00,106.3300,60,2
2026-01-15,000858,11:02:03,106.3300,37,2
2026-01-15,000858,11:02:06,106.3300,31,2
2026-01-15,000858,11:02:09,106.3300,28,2
2026-01-15,000858,11:02:12,106.3200,25,2
2026-01-15,000858,11:02:15,106.3200,11,2
2026-01-15,000858,11:02:18,106.3200,6,2
2026-01-15,000858,11:02:21,106.3200,16,2
2026-01-15,000858,11:02:24,106.3200,15,2
2026-01-15,000858,11:02:27,106.3400,70,1
2026-01-15,000858,11:02:30,106.3500,28,1
2026-01-15,000858,11:02:33,106.3400,102,1
2026-01-15,000858,11:02:36,106.3500,24,1
2026-01-15,000858,11:02:39,106.3700,17,1
2026-01-15,000858,11:02:42,106.3300,66,2
2026-01-15,000858,11:02:45,106.3300,12,1
2026-01-15,000858,11:02:48,106.3300,47,1
2026-01-15,000858,11:02:51,106.3200,6,2
2026-01-15,000858,11:02:54,106.3300,32,1
2026-01-15,000858,11:02:57,106.3200,5,4
2026-01-15,000858,11:03:00,106.3300,161,1
2026-01-15,000858,11:03:03,106.3200,10,1
2026-01-15,000858,11:03:06,106.3300,24,1
2026-01-15,000858,11:03:09,106.3300,5,1
2026-01-15,000858,11:03:12,106.3300,17,2
2026-01-15,000858,11:03:15,106.3300,10,1
2026-01-15,000858,11:03:18,106.3200,17,2
2026-01-15,000858,11:03:21,106.3300,14,1
2026-01-15,000858,11:03:24,106.3600,63,1
2026-01-15,000858,11:03:27,106.3300,12,2
2026-01-15,000858,11:03:30,106.3700,11,1
2026-01-15,000858,11:03:33,106.3700,19,1
2026-01-15,000858,11:03:36,106.3700,3,2
2026-01-15,000858,11:03:39,106.3700,17,2
2026-01-15,000858,11:03:42,106.3800,26,1
2026-01-15,000858,11:03:45,106.3800,10,1
2026-01-15,000858,11:03:48,106.3300,24,2
2026-01-15,000858,11:03:51,106.3700,2,1
2026-01-15,000858,11:03:54,106.3700,11,1
2026-01-15,000858,11:04:00,106.3700,3,1
2026-01-15,000858,11:04:03,106.3700,6,1
2026-01-15,000858,11:04:06,106.3600,1,1
2026-01-15,000858,11:04:09,106.3700,30,1
2026-01-15,000858,11:04:12,106.3600,3,2
2026-01-15,000858,11:04:15,106.3400,25,2
2026-01-15,000858,11:04:18,106.3500,21,2
2026-01-15,000858,11:04:21,106.3600,8,1
2026-01-15,000858,11:04:24,106.3500,35,2
2026-01-15,000858,11:04:30,106.3600,3,2
2026-01-15,000858,11:04:33,106.3700,12,1
2026-01-15,000858,11:04:36,106.3700,2,1
2026-01-15,000858,11:04:39,106.3600,6,2
2026-01-15,000858,11:04:42,106.3700,32,1
2026-01-15,000858,11:04:45,106.3700,1,1
2026-01-15,000858,11:04:48,106.3700,10,1
2026-01-15,000858,11:04:51,106.3600,45,2
2026-01-15,000858,11:04:54,106.3600,5,1
2026-01-15,000858,11:04:57,106.3800,25,1
2026-01-15,000858,11:05:00,106.3600,2,4
2026-01-15,000858,11:05:03,106.3600,7,2
2026-01-15,000858,11:05:06,106.3700,10,1
2026-01-15,000858,11:05:09,106.3700,4,1
2026-01-15,000858,11:05:12,106.3500,24,2
2026-01-15,000858,11:05:15,106.3500,15,2
2026-01-15,000858,11:05:18,106.3600,18,4
2026-01-15,000858,11:05:21,106.3600,2,1
2026-01-15,000858,11:05:24,106.3600,3,1
2026-01-15,000858,11:05:27,106.3600,39,1
2026-01-15,000858,11:05:30,106.3500,10,2
2026-01-15,000858,11:05:33,106.3600,1,4
2026-01-15,000858,11:05:36,106.3600,17,1
2026-01-15,000858,11:05:39,106.3600,19,1
2026-01-15,000858,11:05:45,106.3500,24,2
2026-01-15,000858,11:05:48,106.3600,25,1
2026-01-15,000858,11:05:51,106.3700,23,1
2026-01-15,000858,11:05:54,106.3700,10,1
2026-01-15,000858,11:05:57,106.3600,5,2
2026-01-15,000858,11:06:00,106.3700,14,1
2026-01-15,000858,11:06:03,106.3700,18,1
2026-01-15,000858,11:06:06,106.3600,2,2
2026-01-15,000858,11:06:09,106.3600,23,2
2026-01-15,000858,11:06:12,106.3700,86,1
2026-01-15,000858,11:06:15,106.3600,4,4
2026-01-15,000858,11:06:18,106.3600,5,2
2026-01-15,000858,11:06:21,106.3500,22,2
2026-01-15,000858,11:06:24,106.3600,24,1
2026-01-15,000858,11:06:27,106.3500,21,2
2026-01-15,000858,11:06:30,106.3600,34,1
2026-01-15,000858,11:06:33,106.3600,13,1
2026-01-15,000858,11:06:36,106.3400,124,2
2026-01-15,000858,11:06:39,106.3500,34,4
2026-01-15,000858,11:06:42,106.3500,21,2
2026-01-15,000858,11:06:45,106.3600,27,1
2026-01-15,000858,11:06:48,106.3500,15,2
2026-01-15,000858,11:06:51,106.3500,7,1
2026-01-15,000858,11:06:54,106.3500,12,1
2026-01-15,000858,11:06:57,106.3500,17,1
2026-01-15,000858,11:07:00,106.3500,113,1
2026-01-15,000858,11:07:03,106.3500,10,1
2026-01-15,000858,11:07:06,106.3400,30,2
2026-01-15,000858,11:07:09,106.3500,47,1
2026-01-15,000858,11:07:15,106.3400,28,1
2026-01-15,000858,11:07:18,106.3200,72,2
2026-01-15,000858,11:07:21,106.3300,135,1
2026-01-15,000858,11:07:24,106.3400,8,1
2026-01-15,000858,11:07:27,106.3300,31,1
2026-01-15,000858,11:07:30,106.3300,4,1
2026-01-15,000858,11:07:33,106.3200,19,2
2026-01-15,000858,11:07:36,106.3100,7,2
2026-01-15,000858,11:07:39,106.3100,114,2
2026-01-15,000858,11:07:42,106.3100,19,2
2026-01-15,000858,11:07:45,106.3100,11,2
2026-01-15,000858,11:07:48,106.3100,19,2
2026-01-15,000858,11:07:51,106.3100,2,2
2026-01-15,000858,11:07:54,106.3100,20,2
2026-01-15,000858,11:07:57,106.3100,15,2
2026-01-15,000858,11:08:00,106.3200,1,1
2026-01-15,000858,11:08:03,106.3200,11,1
2026-01-15,000858,11:08:06,106.3100,25,2
2026-01-15,000858,11:08:09,106.3100,22,2
2026-01-15,000858,11:08:12,106.3200,5,1
2026-01-15,000858,11:08:15,106.3200,77,1
2026-01-15,000858,11:08:18,106.3200,3,1
2026-01-15,000858,11:08:21,106.3200,22,1
2026-01-15,000858,11:08:24,106.3100,10,2
2026-01-15,000858,11:08:27,106.3200,2,1
2026-01-15,000858,11:08:30,106.3200,5,1
2026-01-15,000858,11:08:33,106.3200,10,1
2026-01-15,000858,11:08:36,106.3200,12,1
2026-01-15,000858,11:08:39,106.3100,3,2
2026-01-15,000858,11:08:42,106.3200,16,1
2026-01-15,000858,11:08:45,106.3100,14,2
2026-01-15,000858,11:08:48,106.3100,4,2
2026-01-15,000858,11:08:51,106.3200,21,1
2026-01-15,000858,11:08:54,106.3200,10,1
2026-01-15,000858,11:08:57,106.3100,14,2
2026-01-15,000858,11:09:03,106.3100,13,2
2026-01-15,000858,11:09:06,106.3100,20,2
2026-01-15,000858,11:09:09,106.3100,28,2
2026-01-15,000858,11:09:12,106.3200,29,1
2026-01-15,000858,11:09:15,106.3100,13,2
2026-01-15,000858,11:09:18,106.3200,8,1
2026-01-15,000858,11:09:21,106.3200,18,1
2026-01-15,000858,11:09:24,106.3200,62,1
2026-01-15,000858,11:09:27,106.3100,49,2
2026-01-15,000858,11:09:30,106.3200,7,1
2026-01-15,000858,11:09:33,106.3200,12,1
2026-01-15,000858,11:09:36,106.3200,3,1
2026-01-15,000858,11:09:39,106.3100,19,2
2026-01-15,000858,11:09:42,106.3200,47,1
2026-01-15,000858,11:09:45,106.3100,21,2
2026-01-15,000858,11:09:48,106.3200,23,1
2026-01-15,000858,11:09:51,106.3100,4,2
2026-01-15,000858,11:09:54,106.3100,33,2
2026-01-15,000858,11:09:57,106.3200,9,1
2026-01-15,000858,11:10:00,106.3100,15,2
2026-01-15,000858,11:10:03,106.3100,38,2
2026-01-15,000858,11:10:06,106.3200,13,1
2026-01-15,000858,11:10:09,106.3100,14,2
2026-01-15,000858,11:10:12,106.3200,27,1
2026-01-15,000858,11:10:15,106.3100,74,2
2026-01-15,000858,11:10:18,106.3200,26,1
2026-01-15,000858,11:10:21,106.3200,50,1
2026-01-15,000858,11:10:24,106.3100,232,1
2026-01-15,000858,11:10:27,106.3100,38,1
2026-01-15,000858,11:10:30,106.3000,20,2
2026-01-15,000858,11:10:33,106.3100,22,1
2026-01-15,000858,11:10:36,106.3000,8,2
2026-01-15,000858,11:10:39,106.2900,970,2
2026-01-15,000858,11:10:42,106.2700,17,2
2026-01-15,000858,11:10:45,106.2600,109,2
2026-01-15,000858,11:10:48,106.2700,23,2
2026-01-15,000858,11:10:51,106.2600,11,2
2026-01-15,000858,11:10:54,106.2800,19,4
2026-01-15,000858,11:10:57,106.2600,8,2
2026-01-15,000858,11:11:00,106.2600,27,2
2026-01-15,000858,11:11:03,106.2600,5,2
2026-01-15,000858,11:11:06,106.2600,8,2
2026-01-15,000858,11:11:09,106.2800,30,1
2026-01-15,000858,11:11:12,106.2500,15,2
2026-01-15,000858,11:11:15,106.2500,165,2
2026-01-15,000858,11:11:18,106.2300,21,2
2026-01-15,000858,11:11:21,106.2300,33,2
2026-01-15,000858,11:11:24,106.2300,8,2
2026-01-15,000858,11:11:27,106.2200,9,2
2026-01-15,000858,11:11:30,106.2600,13,2
2026-01-15,000858,11:11:33,106.2400,24,2
2026-01-15,000858,11:11:36,106.2300,14,2
2026-01-15,000858,11:11:39,106.2300,92,2
2026-01-15,000858,11:11:42,106.2300,3,1
2026-01-15,000858,11:11:45,106.2300,396,1
2026-01-15,000858,11:11:48,106.2200,356,4
2026-01-15,000858,11:11:51,106.2200,16,1
2026-01-15,000858,11:11:54,106.2100,16,2
2026-01-15,000858,11:11:57,106.2200,174,1
2026-01-15,000858,11:12:00,106.2200,4,2
2026-01-15,000858,11:12:03,106.2300,12,2
2026-01-15,000858,11:12:06,106.2300,30,2
2026-01-15,000858,11:12:09,106.2100,114,2
2026-01-15,000858,11:12:12,106.2100,15,1
2026-01-15,000858,11:12:15,106.2000,63,2
2026-01-15,000858,11:12:18,106.2100,27,1
2026-01-15,000858,11:12:21,106.2100,803,1
2026-01-15,000858,11:12:24,106.2100,46,2
2026-01-15,000858,11:12:27,106.2000,25,2
2026-01-15,000858,11:12:30,106.2100,13,2
2026-01-15,000858,11:12:33,106.2000,9,2
2026-01-15,000858,11:12:36,106.2100,16,2
2026-01-15,000858,11:12:39,106.2400,1,1
2026-01-15,000858,11:12:42,106.2100,125,2
2026-01-15,000858,11:12:45,106.2200,14,2
2026-01-15,000858,11:12:48,106.2200,2,2
2026-01-15,000858,11:12:51,106.2200,7,2
2026-01-15,000858,11:12:54,106.2200,10,1
2026-01-15,000858,11:12:57,106.2200,1,1
2026-01-15,000858,11:13:00,106.2100,127,2
2026-01-15,000858,11:13:03,106.2100,7,2
2026-01-15,000858,11:13:06,106.2300,21,1
2026-01-15,000858,11:13:09,106.2300,4,1
2026-01-15,000858,11:13:12,106.2300,22,1
2026-01-15,000858,11:13:15,106.2300,8,2
2026-01-15,000858,11:13:18,106.2300,10,1
2026-01-15,000858,11:13:21,106.2300,13,1
2026-01-15,000858,11:13:24,106.2100,41,2
2026-01-15,000858,11:13:27,106.2100,8,1
2026-01-15,000858,11:13:30,106.2000,17,2
2026-01-15,000858,11:13:33,106.2000,9,2
2026-01-15,000858,11:13:36,106.2100,36,1
2026-01-15,000858,11:13:39,106.2100,12,1
2026-01-15,000858,11:13:42,106.2000,4,2
2026-01-15,000858,11:13:45,106.2100,32,1
2026-01-15,000858,11:13:48,106.2100,23,1
2026-01-15,000858,11:13:51,106.2000,3,2
2026-01-15,000858,11:13:54,106.2100,4,1
2026-01-15,000858,11:13:57,106.2000,71,2
2026-01-15,000858,11:14:00,106.2000,11,2
2026-01-15,000858,11:14:03,106.2100,25,1
2026-01-15,000858,11:14:06,106.2100,2,1
2026-01-15,000858,11:14:09,106.2000,20,2
2026-01-15,000858,11:14:12,106.2000,23,2
2026-01-15,000858,11:14:15,106.2100,36,1
2026-01-15,000858,11:14:21,106.2200,6,1
2026-01-15,000858,11:14:24,106.2200,7,1
2026-01-15,000858,11:14:27,106.2200,19,1
2026-01-15,000858,11:14:30,106.2400,16,1
2026-01-15,000858,11:14:33,106.2300,14,4
2026-01-15,000858,11:14:36,106.2200,19,2
2026-01-15,000858,11:14:39,106.2200,10,2
2026-01-15,000858,11:14:42,106.2300,35,1
2026-01-15,000858,11:14:45,106.2200,10,2
2026-01-15,000858,11:14:48,106.2200,14,2
2026-01-15,000858,11:14:51,106.2300,22,1
2026-01-15,000858,11:14:54,106.2200,34,4
2026-01-15,000858,11:14:57,106.2200,6,1
2026-01-15,000858,11:15:00,106.2100,13,2
2026-01-15,000858,11:15:03,106.2100,14,2
2026-01-15,000858,11:15:06,106.2100,11,2
2026-01-15,000858,11:15:09,106.2100,26,2
2026-01-15,000858,11:15:12,106.2000,36,2
2026-01-15,000858,11:15:15,106.2000,15,2
2026-01-15,000858,11:15:18,106.2100,15,4
2026-01-15,000858,11:15:24,106.2100,14,1
2026-01-15,000858,11:15:27,106.2100,11,2
2026-01-15,000858,11:15:30,106.2100,15,2
2026-01-15,000858,11:15:33,106.2100,8,2
2026-01-15,000858,11:15:36,106.2000,18,2
2026-01-15,000858,11:15:39,106.2000,21,2
2026-01-15,000858,11:15:42,106.2000,6,2
2026-01-15,000858,11:15:45,106.2000,8,2
2026-01-15,000858,11:15:48,106.2000,18,2
2026-01-15,000858,11:15:51,106.2100,37,1
2026-01-15,000858,11:15:54,106.2000,48,2
2026-01-15,000858,11:15:57,106.2000,82,1
2026-01-15,000858,11:16:00,106.1900,10,2
2026-01-15,000858,11:16:03,106.1900,9,2
2026-01-15,000858,11:16:06,106.1900,46,2
2026-01-15,000858,11:16:09,106.1900,15,1
2026-01-15,000858,11:16:12,106.1800,57,2
2026-01-15,000858,11:16:15,106.1700,54,2
2026-01-15,000858,11:16:18,106.1900,9,1
2026-01-15,000858,11:16:21,106.1700,25,2
2026-01-15,000858,11:16:24,106.1800,16,1
2026-01-15,000858,11:16:27,106.1700,40,2
2026-01-15,000858,11:16:30,106.1800,34,1
2026-01-15,000858,11:16:33,106.1700,19,2
2026-01-15,000858,11:16:36,106.1800,7,1
2026-01-15,000858,11:16:39,106.1800,14,1
2026-01-15,000858,11:16:42,106.1800,18,1
2026-01-15,000858,11:16:45,106.1700,21,2
2026-01-15,000858,11:16:48,106.1900,29,1
2026-01-15,000858,11:16:51,106.1800,20,2
2026-01-15,000858,11:16:54,106.1800,21,2
2026-01-15,000858,11:16:57,106.1800,3,2
2026-01-15,000858,11:17:00,106.2000,14,1
2026-01-15,000858,11:17:03,106.1900,2,1
2026-01-15,000858,11:17:06,106.1800,1,2
