date,code,time,price,volume,bs
2026-04-13,601318,14:07:02,57.7300,114,2
2026-04-13,601318,14:07:05,57.7300,84,2
2026-04-13,601318,14:07:08,57.7200,97,2
2026-04-13,601318,14:07:11,57.7300,116,1
2026-04-13,601318,14:07:14,57.7200,70,2
2026-04-13,601318,14:07:17,57.7300,62,4
2026-04-13,601318,14:07:20,57.7200,20,2
2026-04-13,601318,14:07:23,57.7300,106,2
2026-04-13,601318,14:07:26,57.7300,80,1
2026-04-13,601318,14:07:29,57.7300,95,2
2026-04-13,601318,14:07:32,57.7300,189,2
2026-04-13,601318,14:07:35,57.7300,73,4
2026-04-13,601318,14:07:38,57.7400,11,4
2026-04-13,601318,14:07:41,57.7400,143,2
2026-04-13,601318,14:07:44,57.7400,159,1
2026-04-13,601318,14:07:47,57.7200,89,2
2026-04-13,601318,14:07:50,57.7200,64,2
2026-04-13,601318,14:07:53,57.7200,112,2
2026-04-13,601318,14:07:56,57.7300,65,2
2026-04-13,601318,14:07:59,57.7300,28,2
2026-04-13,601318,14:08:02,57.7200,111,2
2026-04-13,601318,14:08:05,57.7300,43,1
2026-04-13,601318,14:08:08,57.7400,157,1
2026-04-13,601318,14:08:11,57.7300,117,2
2026-04-13,601318,14:08:14,57.7300,83,1
2026-04-13,601318,14:08:17,57.7300,35,2
2026-04-13,601318,14:08:20,57.7400,66,1
2026-04-13,601318,14:08:23,57.7200,99,2
2026-04-13,601318,14:08:26,57.7200,35,2
2026-04-13,601318,14:08:29,57.7300,34,1
2026-04-13,601318,14:08:32,57.7300,44,2
2026-04-13,601318,14:08:35,57.7300,25,2
2026-04-13,601318,14:08:38,57.7200,60,2
2026-04-13,601318,14:08:41,57.7200,149,2
2026-04-13,601318,14:08:44,57.7300,181,1
2026-04-13,601318,14:08:47,57.7200,38,2
2026-04-13,601318,14:08:50,57.7300,100,1
2026-04-13,601318,14:08:53,57.7200,145,2
2026-04-13,601318,14:08:56,57.7200,146,2
2026-04-13,601318,14:08:59,57.7200,71,2
2026-04-13,601318,14:09:02,57.7200,142,2
2026-04-13,601318,14:09:05,57.7300,78,1
2026-04-13,601318,14:09:08,57.7200,69,2
2026-04-13,601318,14:09:11,57.7200,77,2
2026-04-13,601318,14:09:14,57.7200,89,2
2026-04-13,601318,14:09:17,57.7200,80,2
2026-04-13,601318,14:09:20,57.7200,66,2
2026-04-13,601318,14:09:23,57.7200,104,2
2026-04-13,601318,14:09:26,57.7200,68,2
2026-04-13,601318,14:09:29,57.7200,31,2
2026-04-13,601318,14:09:32,57.7300,152,1
2026-04-13,601318,14:09:35,57.7200,61,2
2026-04-13,601318,14:09:38,57.7200,36,2
2026-04-13,601318,14:09:41,57.7200,36,2
2026-04-13,601318,14:09:44,57.7100,58,2
2026-04-13,601318,14:09:47,57.7200,76,1
2026-04-13,601318,14:09:50,57.7100,43,2
2026-04-13,601318,14:09:53,57.7200,181,1
2026-04-13,601318,14:09:56,57.7200,548,1
2026-04-13,601318,14:09:59,57.7200,156,1
2026-04-13,601318,14:10:02,57.7200,131,1
2026-04-13,601318,14:10:05,57.7100,188,2
2026-04-13,601318,14:10:08,57.7200,63,1
2026-04-13,601318,14:10:11,57.7100,199,2
2026-04-13,601318,14:10:14,57.7100,103,2
2026-04-13,601318,14:10:17,57.7100,491,2
2026-04-13,601318,14:10:20,57.7100,291,2
2026-04-13,601318,14:10:23,57.7000,231,2
2026-04-13,601318,14:10:26,57.7000,83,2
2026-04-13,601318,14:10:29,57.7000,135,2
2026-04-13,601318,14:10:32,57.7000,126,2
2026-04-13,601318,14:10:35,57.7000,133,2
2026-04-13,601318,14:10:38,57.7100,144,1
2026-04-13,601318,14:10:41,57.7000,265,2
2026-04-13,601318,14:10:44,57.7000,257,2
2026-04-13,601318,14:10:47,57.7000,346,2
2026-04-13,601318,14:10:50,57.7000,80,2
2026-04-13,601318,14:10:53,57.7000,219,2
2026-04-13,601318,14:10:56,57.7100,189,1
2026-04-13,601318,14:10:59,57.7100,100,1
2026-04-13,601318,14:11:02,57.7100,132,2
2026-04-13,601318,14:11:05,57.7100,220,2
2026-04-13,601318,14:11:08,57.7100,90,2
2026-04-13,601318,14:11:11,57.7000,181,2
2026-04-13,601318,14:11:14,57.7000,183,2
2026-04-13,601318,14:11:17,57.7000,142,2
2026-04-13,601318,14:11:20,57.7000,101,2
2026-04-13,601318,14:11:23,57.7000,280,2
2026-04-13,601318,14:11:26,57.7100,74,1
2026-04-13,601318,14:11:29,57.7000,74,2
2026-04-13,601318,14:11:32,57.7000,178,2
2026-04-13,601318,14:11:35,57.7000,103,2
2026-04-13,601318,14:11:38,57.7100,35,4
2026-04-13,601318,14:11:41,57.7000,97,2
2026-04-13,601318,14:11:44,57.7000,84,2
2026-04-13,601318,14:11:47,57.7100,77,1
2026-04-13,601318,14:11:50,57.7100,42,2
2026-04-13,601318,14:11:53,57.7000,136,2
2026-04-13,601318,14:11:56,57.7000,45,2
2026-04-13,601318,14:11:59,57.7100,36,1
2026-04-13,601318,14:12:02,57.7200,54,1
2026-04-13,601318,14:12:05,57.7000,63,2
2026-04-13,601318,14:12:08,57.7100,27,4
2026-04-13,601318,14:12:11,57.7000,130,2
2026-04-13,601318,14:12:14,57.7000,65,2
2026-04-13,601318,14:12:17,57.7000,55,2
2026-04-13,601318,14:12:20,57.7100,73,2
2026-04-13,601318,14:12:23,57.7100,99,2
2026-04-13,601318,14:12:26,57.7200,104,1
2026-04-13,601318,14:12:29,57.7100,19,2
2026-04-13,601318,14:12:32,57.7100,95,2
2026-04-13,601318,14:12:35,57.7000,74,2
2026-04-13,601318,14:12:38,57.7100,192,1
2026-04-13,601318,14:12:41,57.7100,131,2
2026-04-13,601318,14:12:44,57.7100,92,2
2026-04-13,601318,14:12:47,57.7100,59,2
2026-04-13,601318,14:12:50,57.7100,155,2
2026-04-13,601318,14:12:53,57.7100,141,2
2026-04-13,601318,14:12:56,57.7000,127,2
2026-04-13,601318,14:12:59,57.7200,75,1
2026-04-13,601318,14:13:02,57.7000,170,2
2026-04-13,601318,14:13:05,57.7200,431,1
2026-04-13,601318,14:13:08,57.7000,108,2
2026-04-13,601318,14:13:11,57.7000,100,2
2026-04-13,601318,14:13:14,57.7000,101,2
2026-04-13,601318,14:13:17,57.7000,94,2
2026-04-13,601318,14:13:20,57.7100,112,1
2026-04-13,601318,14:13:23,57.7000,147,2
2026-04-13,601318,14:13:26,57.7100,54,1
2026-04-13,601318,14:13:29,57.7100,37,4
2026-04-13,601318,14:13:32,57.7100,164,2
2026-04-13,601318,14:13:35,57.7100,96,1
2026-04-13,601318,14:13:38,57.7000,38,2
2026-04-13,601318,14:13:41,57.7100,232,1
2026-04-13,601318,14:13:44,57.7000,97,2
2026-04-13,601318,14:13:47,57.7100,148,1
2026-04-13,601318,14:13:50,57.7000,52,2
2026-04-13,601318,14:13:53,57.7000,114,2
2026-04-13,601318,14:13:56,57.7000,114,2
2026-04-13,601318,14:13:59,57.7000,88,2
2026-04-13,601318,14:14:02,57.7100,140,1
2026-04-13,601318,14:14:05,57.7100,84,1
2026-04-13,601318,14:14:08,57.7000,72,2
2026-04-13,601318,14:14:11,57.7000,139,2
2026-04-13,601318,14:14:14,57.7000,165,2
2026-04-13,601318,14:14:17,57.7000,194,2
2026-04-13,601318,14:14:20,57.7000,261,2
2026-04-13,601318,14:14:23,57.7100,187,4
2026-04-13,601318,14:14:26,57.7000,126,2
2026-04-13,601318,14:14:29,57.7000,70,2
2026-04-13,601318,14:14:32,57.7100,252,1
2026-04-13,601318,14:14:35,57.7100,172,1
2026-04-13,601318,14:14:38,57.7100,92,1
2026-04-13,601318,14:14:41,57.7000,174,2
2026-04-13,601318,14:14:44,57.7100,120,1
2026-04-13,601318,14:14:47,57.7000,64,2
2026-04-13,601318,14:14:50,57.7000,51,2
2026-04-13,601318,14:14:53,57.7000,137,2
2026-04-13,601318,14:14:56,57.7000,94,2
2026-04-13,601318,14:14:59,57.7000,361,2
2026-04-13,601318,14:15:02,57.7000,345,2
2026-04-13,601318,14:15:05,57.7000,315,2
2026-04-13,601318,14:15:08,57.7000,31,2
2026-04-13,601318,14:15:11,57.7000,227,2
2026-04-13,601318,14:15:14,57.7000,169,2
2026-04-13,601318,14:15:17,57.7000,158,2
2026-04-13,601318,14:15:20,57.7000,157,2
2026-04-13,601318,14:15:23,57.7000,249,2
2026-04-13,601318,14:15:26,57.7100,65,1
2026-04-13,601318,14:15:29,57.7000,46,2
2026-04-13,601318,14:15:32,57.7100,107,1
2026-04-13,601318,14:15:35,57.7000,110,2
2026-04-13,601318,14:15:38,57.7000,133,2
2026-04-13,601318,14:15:41,57.7000,244,2
2026-04-13,601318,14:15:44,57.7000,87,2
2026-04-13,601318,14:15:47,57.7000,131,1
2026-04-13,601318,14:15:50,57.7000,56,2
2026-04-13,601318,14:15:53,57.7000,101,2
2026-04-13,601318,14:15:56,57.7000,105,2
2026-04-13,601318,14:15:59,57.7100,44,1
2026-04-13,601318,14:16:02,57.7000,81,2
2026-04-13,601318,14:16:05,57.7000,58,2
2026-04-13,601318,14:16:08,57.7100,452,1
2026-04-13,601318,14:16:11,57.7000,147,2
2026-04-13,601318,14:16:14,57.7100,76,1
2026-04-13,601318,14:16:17,57.7000,34,2
2026-04-13,601318,14:16:20,57.7000,33,2
2026-04-13,601318,14:16:23,57.7000,122,2
2026-04-13,601318,14:16:26,57.7000,18,2
2026-04-13,601318,14:16:29,57.7000,14,2
2026-04-13,601318,14:16:32,57.7000,63,2
2026-04-13,601318,14:16:35,57.7100,22,1
2026-04-13,601318,14:16:38,57.7100,15,1
2026-04-13,601318,14:16:41,57.7000,38,2
2026-04-13,601318,14:16:44,57.7000,44,2
2026-04-13,601318,14:16:47,57.7100,6,1
2026-04-13,601318,14:16:50,57.7000,26,2
2026-04-13,601318,14:16:53,57.7000,213,2
2026-04-13,601318,14:16:56,57.7000,67,2
2026-04-13,601318,14:16:59,57.7000,57,2
2026-04-13,601318,14:17:02,57.6900,154,2
2026-04-13,601318,14:17:05,57.7000,85,1
2026-04-13,601318,14:17:08,57.7000,79,2
2026-04-13,601318,14:17:11,57.7000,108,2
2026-04-13,601318,14:17:14,57.7000,48,2
2026-04-13,601318,14:17:17,57.7000,45,2
2026-04-13,601318,14:17:20,57.6900,46,2
2026-04-13,601318,14:17:23,57.7000,101,1
2026-04-13,601318,14:17:26,57.7100,61,1
2026-04-13,601318,14:17:32,57.7000,142,2
2026-04-13,601318,14:17:35,57.7000,19,2
2026-04-13,601318,14:17:38,57.7100,52,1
2026-04-13,601318,14:17:41,57.7100,533,1
2026-04-13,601318,14:17:44,57.7000,31,2
2026-04-13,601318,14:17:47,57.7100,31,1
2026-04-13,601318,14:17:50,57.7000,221,2
2026-04-13,601318,14:17:53,57.7000,134,1
2026-04-13,601318,14:17:56,57.7000,100,1
2026-04-13,601318,14:17:59,57.6900,49,2
2026-04-13,601318,14:18:02,57.6900,163,2
2026-04-13,601318,14:18:05,57.7000,152,1
2026-04-13,601318,14:18:08,57.6900,141,2
2026-04-13,601318,14:18:11,57.7000,131,4
2026-04-13,601318,14:18:14,57.6900,178,2
2026-04-13,601318,14:18:17,57.6900,60,2
2026-04-13,601318,14:18:20,57.6900,37,2
2026-04-13,601318,14:18:23,57.6900,117,2
2026-04-13,601318,14:18:26,57.7000,51,1
2026-04-13,601318,14:18:29,57.7100,297,1
2026-04-13,601318,14:18:32,57.6900,130,2
2026-04-13,601318,14:18:35,57.6900,116,2
2026-04-13,601318,14:18:38,57.6900,112,2
2026-04-13,601318,14:18:41,57.6900,113,2
2026-04-13,601318,14:18:44,57.6900,150,2
2026-04-13,601318,14:18:47,57.7000,24,1
2026-04-13,601318,14:18:50,57.6900,54,2
2026-04-13,601318,14:18:53,57.6900,122,2
2026-04-13,601318,14:18:56,57.6900,53,2
2026-04-13,601318,14:18:59,57.6900,34,2
2026-04-13,601318,14:19:02,57.6900,67,2
2026-04-13,601318,14:19:05,57.6900,78,2
2026-04-13,601318,14:19:08,57.6900,58,2
2026-04-13,601318,14:19:11,57.7000,215,1
2026-04-13,601318,14:19:14,57.7000,39,1
2026-04-13,601318,14:19:17,57.7000,48,1
2026-04-13,601318,14:19:20,57.6900,42,2
2026-04-13,601318,14:19:23,57.7000,222,1
2026-04-13,601318,14:19:26,57.6900,65,2
2026-04-13,601318,14:19:29,57.7000,201,1
2026-04-13,601318,14:19:32,57.7000,141,2
2026-04-13,601318,14:19:35,57.6900,83,2
2026-04-13,601318,14:19:38,57.6900,48,2
2026-04-13,601318,14:19:41,57.7000,131,1
2026-04-13,601318,14:19:44,57.6900,97,2
2026-04-13,601318,14:19:47,57.7000,71,4
2026-04-13,601318,14:19:50,57.7000,42,2
2026-04-13,601318,14:19:53,57.6900,127,2
2026-04-13,601318,14:19:56,57.7000,31,1
2026-04-13,601318,14:19:59,57.7000,62,1
2026-04-13,601318,14:20:02,57.7000,154,1
2026-04-13,601318,14:20:05,57.6900,62,2
2026-04-13,601318,14:20:08,57.7000,51,1
2026-04-13,601318,14:20:11,57.7000,53,2
2026-04-13,601318,14:20:14,57.7000,192,2
2026-04-13,601318,14:20:17,57.7000,252,2
2026-04-13,601318,14:20:20,57.7000,52,2
2026-04-13,601318,14:20:23,57.7000,164,2
2026-04-13,601318,14:20:26,57.7000,116,1
2026-04-13,601318,14:20:29,57.6900,100,2
2026-04-13,601318,14:20:32,57.7000,249,1
2026-04-13,601318,14:20:35,57.6900,136,2
2026-04-13,601318,14:20:38,57.6900,65,2
2026-04-13,601318,14:20:41,57.6900,100,2
2026-04-13,601318,14:20:44,57.6900,167,2
2026-04-13,601318,14:20:47,57.7000,30,1
2026-04-13,601318,14:20:50,57.6900,41,2
2026-04-13,601318,14:20:53,57.7000,137,1
2026-04-13,601318,14:20:56,57.7000,61,1
2026-04-13,601318,14:20:59,57.6900,135,2
2026-04-13,601318,14:21:02,57.6900,148,2
2026-04-13,601318,14:21:05,57.6900,63,2
2026-04-13,601318,14:21:08,57.6900,64,2
2026-04-13,601318,14:21:11,57.6900,143,2
2026-04-13,601318,14:21:14,57.7000,49,4
2026-04-13,601318,14:21:17,57.7200,424,1
2026-04-13,601318,14:21:20,57.7500,643,1
2026-04-13,601318,14:21:23,57.7500,195,2
2026-04-13,601318,14:21:26,57.7100,135,2
2026-04-13,601318,14:21:29,57.7100,49,2
2026-04-13,601318,14:21:32,57.6900,161,2
2026-04-13,601318,14:21:35,57.7000,97,2
2026-04-13,601318,14:21:38,57.7000,21,2
2026-04-13,601318,14:21:41,57.7100,153,1
2026-04-13,601318,14:21:44,57.7100,92,2
2026-04-13,601318,14:21:47,57.7100,84,2
2026-04-13,601318,14:21:50,57.7100,42,1
2026-04-13,601318,14:21:53,57.7000,155,2
2026-04-13,601318,14:21:56,57.7100,186,1
2026-04-13,601318,14:21:59,57.7100,195,2
2026-04-13,601318,14:22:02,57.7000,143,2
2026-04-13,601318,14:22:05,57.7100,116,1
2026-04-13,601318,14:22:08,57.7100,54,1
2026-04-13,601318,14:22:11,57.7100,92,2
2026-04-13,601318,14:22:14,57.7100,98,2
2026-04-13,601318,14:22:17,57.7000,38,2
2026-04-13,601318,14:22:20,57.7100,75,2
2026-04-13,601318,14:22:23,57.7100,79,2
2026-04-13,601318,14:22:26,57.7200,42,1
2026-04-13,601318,14:22:29,57.7100,14,2
2026-04-13,601318,14:22:32,57.7100,65,2
2026-04-13,601318,14:22:35,57.7200,291,1
2026-04-13,601318,14:22:38,57.7200,25,2
2026-04-13,601318,14:22:41,57.7200,30,2
2026-04-13,601318,14:22:44,57.7200,133,2
2026-04-13,601318,14:22:47,57.7100,52,2
2026-04-13,601318,14:22:50,57.7000,43,2
2026-04-13,601318,14:22:53,57.7100,114,1
2026-04-13,601318,14:22:56,57.7100,111,1
2026-04-13,601318,14:22:59,57.7100,107,1
2026-04-13,601318,14:23:02,57.7000,131,2
2026-04-13,601318,14:23:05,57.7100,108,1
2026-04-13,601318,14:23:08,57.7100,300,1
2026-04-13,601318,14:23:11,57.7100,39,1
2026-04-13,601318,14:23:14,57.7100,189,2
2026-04-13,601318,14:23:17,57.7200,41,1
2026-04-13,601318,14:23:20,57.7200,16,1
2026-04-13,601318,14:23:23,57.7200,87,1
2026-04-13,601318,14:23:26,57.7100,49,2
2026-04-13,601318,14:23:29,57.7100,101,2
2026-04-13,601318,14:23:32,57.7000,188,2
2026-04-13,601318,14:23:35,57.7100,123,4
2026-04-13,601318,14:23:38,57.7100,46,2
2026-04-13,601318,14:23:41,57.7000,79,2
2026-04-13,601318,14:23:44,57.7000,82,2
2026-04-13,601318,14:23:47,57.7200,442,1
2026-04-13,601318,14:23:50,57.7200,27,2
2026-04-13,601318,14:23:53,57.7200,84,2
2026-04-13,601318,14:23:56,57.7300,19,1
2026-04-13,601318,14:23:59,57.7200,42,2
2026-04-13,601318,14:24:02,57.7200,87,2
2026-04-13,601318,14:24:05,57.7300,218,1
2026-04-13,601318,14:24:08,57.7300,128,2
2026-04-13,601318,14:24:11,57.7200,216,2
2026-04-13,601318,14:24:14,57.7200,253,2
2026-04-13,601318,14:24:17,57.7200,139,2
2026-04-13,601318,14:24:20,57.7200,166,2
2026-04-13,601318,14:24:23,57.7100,183,2
2026-04-13,601318,14:24:26,57.7200,113,4
2026-04-13,601318,14:24:29,57.7100,161,2
2026-04-13,601318,14:24:32,57.7100,245,2
2026-04-13,601318,14:24:35,57.7100,79,2
2026-04-13,601318,14:24:38,57.7100,34,2
2026-04-13,601318,14:24:41,57.7300,109,1
2026-04-13,601318,14:24:44,57.7200,144,2
2026-04-13,601318,14:24:47,57.7200,53,2
2026-04-13,601318,14:24:50,57.7200,241,2
2026-04-13,601318,14:24:53,57.7100,84,2
2026-04-13,601318,14:24:56,57.7200,149,1
2026-04-13,601318,14:24:59,57.7200,197,2
2026-04-13,601318,14:25:02,57.7100,117,2
2026-04-13,601318,14:25:05,57.7100,147,2
2026-04-13,601318,14:25:08,57.7100,203,2
2026-04-13,601318,14:25:11,57.7100,97,2
2026-04-13,601318,14:25:14,57.7200,424,1
2026-04-13,601318,14:25:17,57.7200,55,2
2026-04-13,601318,14:25:20,57.7200,65,2
2026-04-13,601318,14:25:23,57.7100,143,2
2026-04-13,601318,14:25:26,57.7100,102,2
2026-04-13,601318,14:25:29,57.7100,111,2
2026-04-13,601318,14:25:32,57.7100,155,2
2026-04-13,601318,14:25:35,57.7100,95,2
2026-04-13,601318,14:25:38,57.7200,163,1
2026-04-13,601318,14:25:41,57.7200,239,2
2026-04-13,601318,14:25:44,57.7200,217,2
2026-04-13,601318,14:25:47,57.7200,41,2
2026-04-13,601318,14:25:50,57.7200,56,2
2026-04-13,601318,14:25:53,57.7100,148,2
2026-04-13,601318,14:25:56,57.7200,88,4
2026-04-13,601318,14:25:59,57.7300,17,1
2026-04-13,601318,14:26:02,57.7100,62,2
2026-04-13,601318,14:26:05,57.7300,135,1
2026-04-13,601318,14:26:08,57.7200,20,2
2026-04-13,601318,14:26:11,57.7200,18,2
2026-04-13,601318,14:26:14,57.7200,133,2
2026-04-13,601318,14:26:17,57.7200,68,1
2026-04-13,601318,14:26:20,57.7100,150,2
2026-04-13,601318,14:26:23,57.7100,108,2
2026-04-13,601318,14:26:26,57.7200,56,4
2026-04-13,601318,14:26:29,57.7200,10,2
2026-04-13,601318,14:26:32,57.7200,145,2
2026-04-13,601318,14:26:35,57.7300,82,1
2026-04-13,601318,14:26:38,57.7100,93,2
2026-04-13,601318,14:26:41,57.7100,50,2
2026-04-13,601318,14:26:44,57.7100,108,2
2026-04-13,601318,14:26:47,57.7200,127,1
2026-04-13,601318,14:26:50,57.7200,69,1
2026-04-13,601318,14:26:53,57.7200,120,2
2026-04-13,601318,14:26:56,57.7200,56,1
2026-04-13,601318,14:26:59,57.7200,11,2
2026-04-13,601318,14:27:02,57.7200,71,2
2026-04-13,601318,14:27:05,57.7200,76,2
2026-04-13,601318,14:27:08,57.7200,35,2
2026-04-13,601318,14:27:11,57.7200,41,2
2026-04-13,601318,14:27:14,57.7200,62,2
2026-04-13,601318,14:27:17,57.7200,28,2
2026-04-13,601318,14:27:20,57.7300,17,1
2026-04-13,601318,14:27:23,57.7200,104,2
2026-04-13,601318,14:27:26,57.7200,39,2
2026-04-13,601318,14:27:29,57.7200,18,2
2026-04-13,601318,14:27:32,57.7200,204,2
2026-04-13,601318,14:27:35,57.7200,36,2
2026-04-13,601318,14:27:38,57.7300,17,1
2026-04-13,601318,14:27:41,57.7200,50,2
2026-04-13,601318,14:27:44,57.7200,327,2
2026-04-13,601318,14:27:47,57.7200,122,2
2026-04-13,601318,14:27:50,57.7200,81,2
2026-04-13,601318,14:27:53,57.7200,100,2
2026-04-13,601318,14:27:56,57.7200,168,2
2026-04-13,601318,14:27:59,57.7300,713,1
2026-04-13,601318,14:28:02,57.7300,159,2
2026-04-13,601318,14:28:05,57.7200,53,2
2026-04-13,601318,14:28:08,57.7300,15,2
2026-04-13,601318,14:28:11,57.7300,44,2
2026-04-13,601318,14:28:14,57.7200,152,2
2026-04-13,601318,14:28:17,57.7300,25,1
2026-04-13,601318,14:28:20,57.7300,39,2
2026-04-13,601318,14:28:23,57.7300,54,4
2026-04-13,601318,14:28:26,57.7300,53,4
2026-04-13,601318,14:28:29,57.7200,65,2
2026-04-13,601318,14:28:32,57.7200,124,2
2026-04-13,601318,14:28:35,57.7400,49,1
2026-04-13,601318,14:28:38,57.7300,45,2
2026-04-13,601318,14:28:41,57.7100,78,2
2026-04-13,601318,14:28:44,57.7300,246,1
2026-04-13,601318,14:28:47,57.7400,40,1
2026-04-13,601318,14:28:50,57.7200,63,2
2026-04-13,601318,14:28:53,57.7200,144,2
2026-04-13,601318,14:28:56,57.7400,198,1
2026-04-13,601318,14:28:59,57.7300,185,4
2026-04-13,601318,14:29:02,57.7100,345,2
2026-04-13,601318,14:29:05,57.7200,157,2
2026-04-13,601318,14:29:08,57.7200,51,2
2026-04-13,601318,14:29:11,57.7200,76,2
2026-04-13,601318,14:29:14,57.7200,265,2
2026-04-13,601318,14:29:17,57.7200,56,2
2026-04-13,601318,14:29:20,57.7300,217,1
2026-04-13,601318,14:29:23,57.7200,129,2
2026-04-13,601318,14:29:26,57.7200,84,2
2026-04-13,601318,14:29:29,57.7200,26,2
2026-04-13,601318,14:29:32,57.7200,129,2
2026-04-13,601318,14:29:35,57.7200,114,2
2026-04-13,601318,14:29:38,57.7300,252,1
2026-04-13,601318,14:29:41,57.7300,220,1
2026-04-13,601318,14:29:44,57.7100,158,2
2026-04-13,601318,14:29:47,57.7400,184,1
2026-04-13,601318,14:29:50,57.7400,78,2
2026-04-13,601318,14:29:53,57.7400,144,2
2026-04-13,601318,14:29:56,57.7400,71,2
2026-04-13,601318,14:29:59,57.7400,57,2
2026-04-13,601318,14:30:02,57.7100,166,2
2026-04-13,601318,14:30:05,57.7200,79,2
2026-04-13,601318,14:30:08,57.7200,131,2
2026-04-13,601318,14:30:11,57.7100,174,2
2026-04-13,601318,14:30:14,57.7200,440,4
2026-04-13,601318,14:30:17,57.7200,133,1
2026-04-13,601318,14:30:20,57.7100,66,2
2026-04-13,601318,14:30:23,57.7200,506,1
2026-04-13,601318,14:30:26,57.7100,138,2
2026-04-13,601318,14:30:29,57.7200,187,1
2026-04-13,601318,14:30:32,57.7200,141,1
2026-04-13,601318,14:30:35,57.7200,123,1
2026-04-13,601318,14:30:38,57.7100,38,2
2026-04-13,601318,14:30:41,57.7100,86,2
2026-04-13,601318,14:30:44,57.7100,193,2
2026-04-13,601318,14:30:47,57.7100,79,2
2026-04-13,601318,14:30:50,57.7100,46,2
2026-04-13,601318,14:30:53,57.7100,43,2
2026-04-13,601318,14:30:56,57.7200,70,1
2026-04-13,601318,14:30:59,57.7100,131,2
2026-04-13,601318,14:31:02,57.7100,61,2
2026-04-13,601318,14:31:05,57.7100,118,2
2026-04-13,601318,14:31:08,57.7100,36,2
2026-04-13,601318,14:31:11,57.7100,71,2
2026-04-13,601318,14:31:14,57.7100,263,2
2026-04-13,601318,14:31:17,57.7100,76,2
2026-04-13,601318,14:31:20,57.7100,85,2
2026-04-13,601318,14:31:23,57.7200,200,1
2026-04-13,601318,14:31:26,57.7100,306,2
2026-04-13,601318,14:31:29,57.7100,668,2
2026-04-13,601318,14:31:32,57.7100,362,2
2026-04-13,601318,14:31:35,57.7100,313,2
2026-04-13,601318,14:31:38,57.7100,140,2
2026-04-13,601318,14:31:41,57.7000,242,2
2026-04-13,601318,14:31:44,57.7000,885,2
2026-04-13,601318,14:31:47,57.7000,471,2
2026-04-13,601318,14:31:50,57.7000,257,2
2026-04-13,601318,14:31:53,57.7000,1845,2
2026-04-13,601318,14:31:56,57.7000,771,2
2026-04-13,601318,14:31:59,57.6900,161,2
2026-04-13,601318,14:32:02,57.7000,454,1
2026-04-13,601318,14:32:05,57.6800,357,2
2026-04-13,601318,14:32:08,57.6800,127,2
2026-04-13,601318,14:32:11,57.6800,260,2
2026-04-13,601318,14:32:14,57.6800,1405,2
2026-04-13,601318,14:32:17,57.6800,2048,2
2026-04-13,601318,14:32:20,57.6800,335,1
2026-04-13,601318,14:32:23,57.6700,121,2
2026-04-13,601318,14:32:26,57.6700,183,2
2026-04-13,601318,14:32:29,57.6600,335,2
2026-04-13,601318,14:32:32,57.6600,78,2
2026-04-13,601318,14:32:35,57.6600,78,2
2026-04-13,601318,14:32:38,57.6700,57,1
2026-04-13,601318,14:32:41,57.6600,71,2
2026-04-13,601318,14:32:44,57.6600,113,2
2026-04-13,601318,14:32:47,57.6600,87,2
2026-04-13,601318,14:32:50,57.6600,173,2
2026-04-13,601318,14:32:53,57.6600,94,2
2026-04-13,601318,14:32:56,57.6600,145,2
2026-04-13,601318,14:32:59,57.6700,12,1
2026-04-13,601318,14:33:02,57.6600,134,2
2026-04-13,601318,14:33:05,57.6600,774,2
2026-04-13,601318,14:33:08,57.6600,124,2
2026-04-13,601318,14:33:11,57.6600,53,2
2026-04-13,601318,14:33:14,57.6500,212,2
2026-04-13,601318,14:33:17,57.6500,83,2
2026-04-13,601318,14:33:20,57.6500,88,2
2026-04-13,601318,14:33:23,57.6600,163,1
2026-04-13,601318,14:33:26,57.6500,237,2
2026-04-13,601318,14:33:29,57.6500,115,2
2026-04-13,601318,14:33:32,57.6600,212,1
2026-04-13,601318,14:33:35,57.6500,420,2
2026-04-13,601318,14:33:38,57.6500,604,2
2026-04-13,601318,14:33:41,57.6500,198,2
2026-04-13,601318,14:33:44,57.6500,395,2
2026-04-13,601318,14:33:47,57.6500,211,2
2026-04-13,601318,14:33:50,57.6500,107,2
2026-04-13,601318,14:33:53,57.6400,353,2
2026-04-13,601318,14:33:56,57.6500,84,1
2026-04-13,601318,14:33:59,57.6400,61,2
2026-04-13,601318,14:34:02,57.6400,256,2
2026-04-13,601318,14:34:05,57.6400,54,2
2026-04-13,601318,14:34:08,57.6400,232,2
2026-04-13,601318,14:34:11,57.6400,119,2
2026-04-13,601318,14:34:14,57.6500,145,1
2026-04-13,601318,14:34:17,57.6500,467,1
2026-04-13,601318,14:34:20,57.6500,111,1
2026-04-13,601318,14:34:23,57.6500,177,1
2026-04-13,601318,14:34:26,57.6500,140,1
2026-04-13,601318,14:34:29,57.6400,45,2
2026-04-13,601318,14:34:32,57.6500,138,1
2026-04-13,601318,14:34:35,57.6500,189,1
2026-04-13,601318,14:34:38,57.6400,236,2
2026-04-13,601318,14:34:41,57.6400,175,2
2026-04-13,601318,14:34:44,57.6400,193,2
2026-04-13,601318,14:34:47,57.6400,237,2
2026-04-13,601318,14:34:50,57.6400,142,2
2026-04-13,601318,14:34:53,57.6400,291,2
2026-04-13,601318,14:34:56,57.6400,118,2
2026-04-13,601318,14:34:59,57.6500,37,1
2026-04-13,601318,14:35:02,57.6500,100,1
2026-04-13,601318,14:35:05,57.6400,57,2
2026-04-13,601318,14:35:08,57.6500,65,1
2026-04-13,601318,14:35:11,57.6400,71,2
2026-04-13,601318,14:35:14,57.6500,95,1
2026-04-13,601318,14:35:17,57.6400,56,2
2026-04-13,601318,14:35:20,57.6500,47,1
2026-04-13,601318,14:35:23,57.6400,47,2
2026-04-13,601318,14:35:26,57.6400,31,2
2026-04-13,601318,14:35:29,57.6400,52,2
2026-04-13,601318,14:35:32,57.6400,106,2
2026-04-13,601318,14:35:35,57.6500,44,1
2026-04-13,601318,14:35:38,57.6500,588,1
2026-04-13,601318,14:35:41,57.6500,436,2
2026-04-13,601318,14:35:44,57.6600,175,1
2026-04-13,601318,14:35:47,57.6600,17,1
2026-04-13,601318,14:35:50,57.6500,16,2
2026-04-13,601318,14:35:53,57.6500,41,2
2026-04-13,601318,14:35:56,57.6600,50,1
2026-04-13,601318,14:35:59,57.6600,47,1
2026-04-13,601318,14:36:02,57.6600,39,1
2026-04-13,601318,14:36:05,57.6600,34,1
2026-04-13,601318,14:36:08,57.6600,14,1
2026-04-13,601318,14:36:11,57.6500,52,2
2026-04-13,601318,14:36:14,57.6600,183,1
2026-04-13,601318,14:36:17,57.6500,229,2
2026-04-13,601318,14:36:20,57.6600,49,1
2026-04-13,601318,14:36:23,57.6600,31,1
2026-04-13,601318,14:36:26,57.6600,28,1
2026-04-13,601318,14:36:29,57.6600,36,1
2026-04-13,601318,14:36:32,57.6600,61,1
2026-04-13,601318,14:36:35,57.6600,66,1
2026-04-13,601318,14:36:38,57.6600,190,1
2026-04-13,601318,14:36:41,57.6500,99,2
2026-04-13,601318,14:36:44,57.6600,160,1
2026-04-13,601318,14:36:47,57.6500,643,2
2026-04-13,601318,14:36:50,57.6400,140,2
2026-04-13,601318,14:36:53,57.6400,248,2
2026-04-13,601318,14:36:56,57.6400,75,2
2026-04-13,601318,14:36:59,57.6400,151,2
2026-04-13,601318,14:37:02,57.6400,126,2
2026-04-13,601318,14:37:05,57.6400,118,2
2026-04-13,601318,14:37:08,57.6400,68,2
2026-04-13,601318,14:37:11,57.6400,124,2
2026-04-13,601318,14:37:14,57.6400,41,2
2026-04-13,601318,14:37:17,57.6500,91,1
2026-04-13,601318,14:37:20,57.6500,50,1
2026-04-13,601318,14:37:23,57.6400,76,2
2026-04-13,601318,14:37:26,57.6500,61,1
2026-04-13,601318,14:37:29,57.6400,62,2
2026-04-13,601318,14:37:32,57.6400,165,2
2026-04-13,601318,14:37:35,57.6400,54,2
2026-04-13,601318,14:37:38,57.6500,110,1
2026-04-13,601318,14:37:41,57.6500,60,1
2026-04-13,601318,14:37:44,57.6500,156,1
2026-04-13,601318,14:37:47,57.6400,118,2
2026-04-13,601318,14:37:50,57.6400,141,2
2026-04-13,601318,14:37:53,57.6500,62,1
2026-04-13,601318,14:37:56,57.6500,102,1
2026-04-13,601318,14:37:59,57.6400,78,2
2026-04-13,601318,14:38:02,57.6500,103,1
2026-04-13,601318,14:38:05,57.6500,46,1
2026-04-13,601318,14:38:08,57.6500,32,1
2026-04-13,601318,14:38:11,57.6500,127,1
2026-04-13,601318,14:38:14,57.6500,42,1
2026-04-13,601318,14:38:17,57.6500,439,1
2026-04-13,601318,14:38:20,57.6400,52,2
2026-04-13,601318,14:38:23,57.6500,54,1
2026-04-13,601318,14:38:26,57.6500,23,1
2026-04-13,601318,14:38:29,57.6400,770,2
2026-04-13,601318,14:38:32,57.6400,54,2
2026-04-13,601318,14:38:35,57.6400,40,2
2026-04-13,601318,14:38:38,57.6500,78,1
2026-04-13,601318,14:38:41,57.6400,550,2
2026-04-13,601318,14:38:44,57.6500,56,1
2026-04-13,601318,14:38:47,57.6400,103,2
2026-04-13,601318,14:38:50,57.6500,61,1
2026-04-13,601318,14:38:53,57.6400,47,2
2026-04-13,601318,14:38:56,57.6500,59,1
2026-04-13,601318,14:38:59,57.6500,47,1
2026-04-13,601318,14:39:02,57.6400,121,2
2026-04-13,601318,14:39:05,57.6500,95,1
2026-04-13,601318,14:39:08,57.6500,93,1
2026-04-13,601318,14:39:11,57.6400,1008,2
2026-04-13,601318,14:39:14,57.6300,225,2
2026-04-13,601318,14:39:17,57.6300,125,2
2026-04-13,601318,14:39:20,57.6300,234,2
2026-04-13,601318,14:39:23,57.6300,26,2
2026-04-13,601318,14:39:26,57.6300,80,2
2026-04-13,601318,14:39:29,57.6400,123,1
2026-04-13,601318,14:39:32,57.6400,40,1
2026-04-13,601318,14:39:35,57.6400,636,1
2026-04-13,601318,14:39:38,57.6300,409,2
2026-04-13,601318,14:39:41,57.6300,60,2
2026-04-13,601318,14:39:44,57.6300,341,2
2026-04-13,601318,14:39:47,57.6200,66,2
2026-04-13,601318,14:39:50,57.6200,165,2
2026-04-13,601318,14:39:53,57.6200,141,2
2026-04-13,601318,14:39:56,57.6200,648,2
2026-04-13,601318,14:39:59,57.6300,50,1
2026-04-13,601318,14:40:02,57.6200,203,2
2026-04-13,601318,14:40:05,57.6200,179,2
2026-04-13,601318,14:40:08,57.6300,107,1
2026-04-13,601318,14:40:11,57.6200,125,2
2026-04-13,601318,14:40:14,57.6200,187,2
2026-04-13,601318,14:40:17,57.6200,99,2
2026-04-13,601318,14:40:20,57.6200,154,2
2026-04-13,601318,14:40:23,57.6300,145,1
2026-04-13,601318,14:40:26,57.6300,157,1
2026-04-13,601318,14:40:29,57.6300,45,1
2026-04-13,601318,14:40:32,57.6200,155,2
2026-04-13,601318,14:40:35,57.6300,98,1
2026-04-13,601318,14:40:38,57.6200,193,2
2026-04-13,601318,14:40:41,57.6100,124,2
2026-04-13,601318,14:40:44,57.6200,322,1
2026-04-13,601318,14:40:47,57.6200,363,1
2026-04-13,601318,14:40:50,57.6200,30,2
2026-04-13,601318,14:40:53,57.6200,169,2
2026-04-13,601318,14:40:56,57.6200,141,2
2026-04-13,601318,14:40:59,57.6300,100,1
2026-04-13,601318,14:41:02,57.6200,94,2
2026-04-13,601318,14:41:05,57.6200,51,2
2026-04-13,601318,14:41:08,57.6200,80,2
2026-04-13,601318,14:41:11,57.6200,116,2
2026-04-13,601318,14:41:14,57.6300,56,1
2026-04-13,601318,14:41:17,57.6300,150,1
2026-04-13,601318,14:41:20,57.6200,56,1
2026-04-13,601318,14:41:23,57.6300,249,1
2026-04-13,601318,14:41:26,57.6200,73,2
2026-04-13,601318,14:41:29,57.6200,82,2
2026-04-13,601318,14:41:32,57.6200,31,2
2026-04-13,601318,14:41:35,57.6300,296,1
2026-04-13,601318,14:41:38,57.6300,64,1
2026-04-13,601318,14:41:41,57.6300,78,1
2026-04-13,601318,14:41:44,57.6300,38,1
2026-04-13,601318,14:41:47,57.6300,60,1
2026-04-13,601318,14:41:50,57.6300,22,1
2026-04-13,601318,14:41:53,57.6200,97,2
2026-04-13,601318,14:41:56,57.6300,152,1
2026-04-13,601318,14:41:59,57.6200,257,2
2026-04-13,601318,14:42:02,57.6200,108,1
2026-04-13,601318,14:42:05,57.6200,64,1
2026-04-13,601318,14:42:08,57.6100,115,2
2026-04-13,601318,14:42:11,57.6200,103,4
2026-04-13,601318,14:42:14,57.6200,332,1
2026-04-13,601318,14:42:17,57.6200,245,1
2026-04-13,601318,14:42:20,57.6200,145,1
2026-04-13,601318,14:42:23,57.6200,135,2
2026-04-13,601318,14:42:26,57.6100,75,2
2026-04-13,601318,14:42:29,57.6200,61,2
2026-04-13,601318,14:42:32,57.6300,141,1
2026-04-13,601318,14:42:35,57.6300,189,1
2026-04-13,601318,14:42:38,57.6300,95,1
2026-04-13,601318,14:42:41,57.6300,383,1
2026-04-13,601318,14:42:44,57.6300,62,1
2026-04-13,601318,14:42:47,57.6200,41,2
2026-04-13,601318,14:42:50,57.6300,4,1
2026-04-13,601318,14:42:53,57.6300,95,1
2026-04-13,601318,14:42:56,57.6300,90,1
2026-04-13,601318,14:42:59,57.6300,14,1
2026-04-13,601318,14:43:02,57.6300,12,1
2026-04-13,601318,14:43:05,57.6300,213,1
2026-04-13,601318,14:43:08,57.6400,711,1
2026-04-13,601318,14:43:11,57.6300,317,2
2026-04-13,601318,14:43:14,57.6400,60,4
2026-04-13,601318,14:43:17,57.6400,33,2
2026-04-13,601318,14:43:20,57.6300,342,2
2026-04-13,601318,14:43:23,57.6500,122,1
2026-04-13,601318,14:43:26,57.6500,22,2
2026-04-13,601318,14:43:29,57.6700,454,1
2026-04-13,601318,14:43:32,57.6600,35,1
2026-04-13,601318,14:43:35,57.6600,19,1
2026-04-13,601318,14:43:38,57.6600,43,1
2026-04-13,601318,14:43:41,57.6600,22,1
2026-04-13,601318,14:43:44,57.6600,67,1
2026-04-13,601318,14:43:47,57.6600,107,1
2026-04-13,601318,14:43:50,57.6600,82,1
2026-04-13,601318,14:43:53,57.6600,85,1
2026-04-13,601318,14:43:56,57.6600,48,1
2026-04-13,601318,14:43:59,57.6500,12,2
2026-04-13,601318,14:44:02,57.6600,113,1
2026-04-13,601318,14:44:05,57.6600,113,1
2026-04-13,601318,14:44:08,57.6400,439,2
2026-04-13,601318,14:44:11,57.6500,257,1
2026-04-13,601318,14:44:14,57.6400,77,4
2026-04-13,601318,14:44:17,57.6300,33,2
2026-04-13,601318,14:44:20,57.6300,79,2
2026-04-13,601318,14:44:23,57.6400,477,1
2026-04-13,601318,14:44:26,57.6400,53,1
2026-04-13,601318,14:44:29,57.6400,75,1
2026-04-13,601318,14:44:32,57.6300,56,2
2026-04-13,601318,14:44:35,57.6300,128,2
2026-04-13,601318,14:44:38,57.6300,158,2
2026-04-13,601318,14:44:41,57.6400,71,1
2026-04-13,601318,14:44:44,57.6300,68,2
2026-04-13,601318,14:44:47,57.6400,299,1
2026-04-13,601318,14:44:50,57.6400,59,2
2026-04-13,601318,14:44:53,57.6400,32,2
2026-04-13,601318,14:44:56,57.6400,50,2
2026-04-13,601318,14:44:59,57.6500,372,1
2026-04-13,601318,14:45:02,57.6400,75,2
2026-04-13,601318,14:45:05,57.6400,690,2
2026-04-13,601318,14:45:08,57.6400,195,1
2026-04-13,601318,14:45:11,57.6400,87,2
2026-04-13,601318,14:45:14,57.6400,82,1
2026-04-13,601318,14:45:17,57.6300,76,2
2026-04-13,601318,14:45:20,57.6400,215,1
2026-04-13,601318,14:45:23,57.6500,69,1
2026-04-13,601318,14:45:26,57.6500,34,1
2026-04-13,601318,14:45:29,57.6500,17,1
2026-04-13,601318,14:45:32,57.6500,11,1
2026-04-13,601318,14:45:35,57.6500,143,1
2026-04-13,601318,14:45:38,57.6500,146,1
2026-04-13,601318,14:45:41,57.6500,54,1
2026-04-13,601318,14:45:44,57.6500,68,1
2026-04-13,601318,14:45:47,57.6500,59,1
2026-04-13,601318,14:45:50,57.6400,31,2
2026-04-13,601318,14:45:53,57.6400,140,2
2026-04-13,601318,14:45:56,57.6500,40,1
2026-04-13,601318,14:45:59,57.6500,95,1
2026-04-13,601318,14:46:02,57.6400,6,2
2026-04-13,601318,14:46:05,57.6500,184,1
2026-04-13,601318,14:46:08,57.6400,73,2
2026-04-13,601318,14:46:11,57.6400,130,2
2026-04-13,601318,14:46:14,57.6400,153,2
2026-04-13,601318,14:46:17,57.6400,110,1
2026-04-13,601318,14:46:20,57.6400,15,1
2026-04-13,601318,14:46:23,57.6400,83,1
2026-04-13,601318,14:46:26,57.6400,75,1
2026-04-13,601318,14:46:29,57.6400,83,1
2026-04-13,601318,14:46:32,57.6400,17,1
2026-04-13,601318,14:46:35,57.6400,103,1
2026-04-13,601318,14:46:38,57.6300,27,2
2026-04-13,601318,14:46:41,57.6400,46,1
2026-04-13,601318,14:46:44,57.6300,73,2
2026-04-13,601318,14:46:47,57.6400,190,1
2026-04-13,601318,14:46:50,57.6400,97,1
2026-04-13,601318,14:46:53,57.6400,29,1
2026-04-13,601318,14:46:56,57.6300,77,2
2026-04-13,601318,14:46:59,57.6400,94,1
2026-04-13,601318,14:47:02,57.6400,101,1
2026-04-13,601318,14:47:05,57.6400,337,1
2026-04-13,601318,14:47:08,57.6400,123,1
2026-04-13,601318,14:47:11,57.6300,124,2
2026-04-13,601318,14:47:14,57.6300,147,2
2026-04-13,601318,14:47:17,57.6400,231,1
2026-04-13,601318,14:47:20,57.6300,67,2
2026-04-13,601318,14:47:23,57.6400,77,1
2026-04-13,601318,14:47:26,57.6300,64,2
2026-04-13,601318,14:47:29,57.6300,38,2
2026-04-13,601318,14:47:32,57.6400,462,1
2026-04-13,601318,14:47:35,57.6500,58,1
2026-04-13,601318,14:47:38,57.6400,18,2
2026-04-13,601318,14:47:41,57.6400,46,2
2026-04-13,601318,14:47:44,57.6500,37,1
2026-04-13,601318,14:47:47,57.6500,27,1
2026-04-13,601318,14:47:50,57.6500,251,1
2026-04-13,601318,14:47:53,57.6400,70,2
2026-04-13,601318,14:47:56,57.6600,1189,1
2026-04-13,601318,14:47:59,57.6700,84,1
2026-04-13,601318,14:48:02,57.6700,13,1
2026-04-13,601318,14:48:05,57.6700,223,1
2026-04-13,601318,14:48:08,57.6700,71,1
2026-04-13,601318,14:48:11,57.6700,74,1
2026-04-13,601318,14:48:14,57.6600,44,2
2026-04-13,601318,14:48:17,57.6600,86,1
2026-04-13,601318,14:48:20,57.6600,141,4
2026-04-13,601318,14:48:23,57.6500,118,2
2026-04-13,601318,14:48:26,57.6500,40,2
2026-04-13,601318,14:48:29,57.6600,24,1
2026-04-13,601318,14:48:32,57.6600,256,1
2026-04-13,601318,14:48:35,57.6600,364,1
2026-04-13,601318,14:48:38,57.6700,13,1
2026-04-13,601318,14:48:41,57.6700,15,1
2026-04-13,601318,14:48:44,57.6700,28,1
2026-04-13,601318,14:48:47,57.6700,43,1
2026-04-13,601318,14:48:50,57.6700,52,1
2026-04-13,601318,14:48:53,57.6700,55,1
2026-04-13,601318,14:48:56,57.6700,10,2
2026-04-13,601318,14:48:59,57.6700,235,2
2026-04-13,601318,14:49:02,57.6700,41,1
2026-04-13,601318,14:49:05,57.6700,34,1
2026-04-13,601318,14:49:08,57.6700,45,1
2026-04-13,601318,14:49:11,57.6700,81,1
2026-04-13,601318,14:49:14,57.6600,51,2
2026-04-13,601318,14:49:17,57.6700,98,1
2026-04-13,601318,14:49:20,57.6700,24,2
2026-04-13,601318,14:49:23,57.6600,181,2
2026-04-13,601318,14:49:26,57.6700,38,1
2026-04-13,601318,14:49:29,57.6700,27,1
2026-04-13,601318,14:49:32,57.6700,90,1
2026-04-13,601318,14:49:35,57.6700,26,1
2026-04-13,601318,14:49:38,57.6700,157,1
2026-04-13,601318,14:49:41,57.6900,239,1
2026-04-13,601318,14:49:44,57.6700,502,2
2026-04-13,601318,14:49:47,57.6700,50,2
2026-04-13,601318,14:49:50,57.6700,187,2
2026-04-13,601318,14:49:53,57.6700,76,2
2026-04-13,601318,14:49:56,57.6700,72,2
2026-04-13,601318,14:49:59,57.6700,21,2
2026-04-13,601318,14:50:02,57.6800,208,1
2026-04-13,601318,14:50:05,57.6700,264,2
2026-04-13,601318,14:50:08,57.6900,715,1
2026-04-13,601318,14:50:11,57.6700,144,2
2026-04-13,601318,14:50:14,57.6700,236,1
2026-04-13,601318,14:50:17,57.6800,465,1
2026-04-13,601318,14:50:20,57.6700,32,2
2026-04-13,601318,14:50:23,57.6700,102,2
2026-04-13,601318,14:50:26,57.6800,42,1
2026-04-13,601318,14:50:29,57.6800,198,1
2026-04-13,601318,14:50:32,57.6900,4,1
2026-04-13,601318,14:50:35,57.6800,3,2
2026-04-13,601318,14:50:38,57.6900,40,1
2026-04-13,601318,14:50:41,57.6900,44,1
2026-04-13,601318,14:50:44,57.6900,162,1
2026-04-13,601318,14:50:47,57.6900,89,1
2026-04-13,601318,14:50:50,57.6800,63,2
2026-04-13,601318,14:50:53,57.6800,106,2
2026-04-13,601318,14:50:56,57.6800,59,2
2026-04-13,601318,14:50:59,57.6900,14,1
2026-04-13,601318,14:51:02,57.6800,189,2
2026-04-13,601318,14:51:05,57.6900,126,1
2026-04-13,601318,14:51:08,57.6800,260,2
2026-04-13,601318,14:51:11,57.6800,341,2
2026-04-13,601318,14:51:14,57.6800,106,2
2026-04-13,601318,14:51:17,57.6900,33,1
2026-04-13,601318,14:51:20,57.6800,116,2
2026-04-13,601318,14:51:23,57.6900,65,1
2026-04-13,601318,14:51:26,57.6900,26,1
2026-04-13,601318,14:51:29,57.6900,36,1
2026-04-13,601318,14:51:32,57.6900,161,1
2026-04-13,601318,14:51:35,57.6900,114,1
2026-04-13,601318,14:51:38,57.6800,94,2
2026-04-13,601318,14:51:41,57.6800,102,2
2026-04-13,601318,14:51:44,57.6800,96,2
2026-04-13,601318,14:51:47,57.6900,56,1
2026-04-13,601318,14:51:50,57.6900,76,1
2026-04-13,601318,14:51:53,57.6900,49,1
2026-04-13,601318,14:51:56,57.6900,73,1
2026-04-13,601318,14:51:59,57.6900,115,1
2026-04-13,601318,14:52:02,57.6900,196,1
2026-04-13,601318,14:52:05,57.6900,23,2
2026-04-13,601318,14:52:08,57.6900,211,2
2026-04-13,601318,14:52:11,57.6900,85,2
2026-04-13,601318,14:52:14,57.6900,66,1
2026-04-13,601318,14:52:17,57.6900,39,2
2026-04-13,601318,14:52:20,57.6900,34,2
2026-04-13,601318,14:52:23,57.7000,59,1
2026-04-13,601318,14:52:26,57.7000,106,1
2026-04-13,601318,14:52:29,57.7000,71,1
2026-04-13,601318,14:52:32,57.7000,55,1
2026-04-13,601318,14:52:35,57.6900,117,2
2026-04-13,601318,14:52:38,57.6900,88,2
2026-04-13,601318,14:52:41,57.6900,117,2
2026-04-13,601318,14:52:44,57.7000,82,1
2026-04-13,601318,14:52:47,57.6900,251,2
2026-04-13,601318,14:52:50,57.6800,235,2
2026-04-13,601318,14:52:53,57.6900,124,1
2026-04-13,601318,14:52:56,57.6900,219,1
2026-04-13,601318,14:52:59,57.6800,137,2
2026-04-13,601318,14:53:02,57.6900,194,4
2026-04-13,601318,14:53:05,57.6900,523,1
2026-04-13,601318,14:53:08,57.6500,2680,2
2026-04-13,601318,14:53:11,57.6600,227,1
2026-04-13,601318,14:53:14,57.6700,207,1
2026-04-13,601318,14:53:17,57.6700,44,1
2026-04-13,601318,14:53:20,57.6700,105,1
2026-04-13,601318,14:53:23,57.6700,53,1
2026-04-13,601318,14:53:26,57.6700,87,1
2026-04-13,601318,14:53:29,57.6700,224,1
2026-04-13,601318,14:53:32,57.6800,35,1
2026-04-13,601318,14:53:35,57.6700,254,2
2026-04-13,601318,14:53:38,57.6800,87,1
2026-04-13,601318,14:53:41,57.6700,330,2
2026-04-13,601318,14:53:44,57.6700,162,2
2026-04-13,601318,14:53:47,57.6700,127,1
2026-04-13,601318,14:53:50,57.6700,60,2
2026-04-13,601318,14:53:53,57.6800,34,1
2026-04-13,601318,14:53:56,57.6800,71,2
2026-04-13,601318,14:53:59,57.6900,105,1
2026-04-13,601318,14:54:02,57.6700,463,2
2026-04-13,601318,14:54:05,57.6800,207,1
2026-04-13,601318,14:54:08,57.6800,134,1
2026-04-13,601318,14:54:11,57.6700,120,2
2026-04-13,601318,14:54:14,57.6800,268,1
2026-04-13,601318,14:54:17,57.6900,78,1
2026-04-13,601318,14:54:20,57.6900,150,1
2026-04-13,601318,14:54:23,57.6800,108,2
2026-04-13,601318,14:54:26,57.6800,122,2
2026-04-13,601318,14:54:29,57.6900,94,1
2026-04-13,601318,14:54:32,57.6800,84,2
2026-04-13,601318,14:54:35,57.6900,69,1
2026-04-13,601318,14:54:38,57.6900,60,1
2026-04-13,601318,14:54:41,57.7000,191,1
2026-04-13,601318,14:54:44,57.7000,64,1
2026-04-13,601318,14:54:47,57.7000,91,1
2026-04-13,601318,14:54:50,57.7000,119,1
2026-04-13,601318,14:54:53,57.6900,172,2
2026-04-13,601318,14:54:56,57.6900,103,2
2026-04-13,601318,14:54:59,57.6900,93,4
2026-04-13,601318,14:55:02,57.6900,338,2
2026-04-13,601318,14:55:05,57.7000,81,1
2026-04-13,601318,14:55:08,57.6800,797,2
2026-04-13,601318,14:55:11,57.7000,160,1
2026-04-13,601318,14:55:14,57.7000,23,2
2026-04-13,601318,14:55:17,57.7100,151,1
2026-04-13,601318,14:55:20,57.7100,145,1
2026-04-13,601318,14:55:23,57.7100,52,2
2026-04-13,601318,14:55:26,57.7100,102,2
2026-04-13,601318,14:55:29,57.7100,65,2
2026-04-13,601318,14:55:32,57.7200,187,1
2026-04-13,601318,14:55:35,57.7100,197,2
2026-04-13,601318,14:55:38,57.7200,120,1
2026-04-13,601318,14:55:41,57.7300,160,1
2026-04-13,601318,14:55:44,57.7300,132,1
2026-04-13,601318,14:55:47,57.7300,130,1
2026-04-13,601318,14:55:50,57.7400,253,1
2026-04-13,601318,14:55:53,57.7400,87,1
2026-04-13,601318,14:55:56,57.7300,141,2
2026-04-13,601318,14:55:59,57.7400,173,1
2026-04-13,601318,14:56:02,57.7400,373,2
2026-04-13,601318,14:56:05,57.7400,112,2
2026-04-13,601318,14:56:08,57.7300,211,2
2026-04-13,601318,14:56:11,57.7300,154,2
2026-04-13,601318,14:56:14,57.7200,195,2
2026-04-13,601318,14:56:17,57.7200,204,2
2026-04-13,601318,14:56:20,57.7200,334,2
2026-04-13,601318,14:56:23,57.7300,92,1
2026-04-13,601318,14:56:26,57.7400,93,1
2026-04-13,601318,14:56:29,57.7400,358,1
2026-04-13,601318,14:56:32,57.7500,70,1
2026-04-13,601318,14:56:35,57.7400,113,2
2026-04-13,601318,14:56:38,57.7400,158,2
2026-04-13,601318,14:56:41,57.7400,118,1
2026-04-13,601318,14:56:44,57.7400,168,1
2026-04-13,601318,14:56:47,57.7300,136,2
2026-04-13,601318,14:56:50,57.7300,58,1
2026-04-13,601318,14:56:53,57.7300,134,2
2026-04-13,601318,14:56:56,57.7300,137,2
2026-04-13,601318,14:56:59,57.7400,17,4
2026-04-13,601318,15:00:02,57.7500,5218,4
2026-04-13,601318,13:17:02,57.7300,24,2
2026-04-13,601318,13:17:05,57.7300,83,2
2026-04-13,601318,13:17:08,57.7300,73,2
2026-04-13,601318,13:17:11,57.7300,29,2
2026-04-13,601318,13:17:14,57.7300,109,2
2026-04-13,601318,13:17:17,57.7300,67,2
2026-04-13,601318,13:17:20,57.7300,53,2
2026-04-13,601318,13:17:23,57.7300,167,2
2026-04-13,601318,13:17:26,57.7400,112,1
2026-04-13,601318,13:17:29,57.7400,12,1
2026-04-13,601318,13:17:32,57.7300,106,2
2026-04-13,601318,13:17:35,57.7300,68,2
2026-04-13,601318,13:17:38,57.7300,42,2
2026-04-13,601318,13:17:41,57.7400,5,1
2026-04-13,601318,13:17:44,57.7400,24,1
2026-04-13,601318,13:17:47,57.7200,445,2
2026-04-13,601318,13:17:50,57.7200,157,2
2026-04-13,601318,13:17:53,57.7200,41,2
2026-04-13,601318,13:17:56,57.7300,82,1
2026-04-13,601318,13:17:59,57.7300,8,1
2026-04-13,601318,13:18:02,57.7200,82,2
2026-04-13,601318,13:18:05,57.7300,99,1
2026-04-13,601318,13:18:08,57.7200,135,2
2026-04-13,601318,13:18:11,57.7200,51,2
2026-04-13,601318,13:18:14,57.7300,96,1
2026-04-13,601318,13:18:17,57.7300,146,1
2026-04-13,601318,13:18:20,57.7400,1106,1
2026-04-13,601318,13:18:23,57.7400,72,2
2026-04-13,601318,13:18:26,57.7400,36,2
2026-04-13,601318,13:18:29,57.7500,15,1
2026-04-13,601318,13:18:32,57.7500,90,1
2026-04-13,601318,13:18:35,57.7400,58,2
2026-04-13,601318,13:18:38,57.7500,27,1
2026-04-13,601318,13:18:41,57.7400,99,2
2026-04-13,601318,13:18:44,57.7500,8,1
2026-04-13,601318,13:18:47,57.7500,35,1
2026-04-13,601318,13:18:50,57.7400,31,2
2026-04-13,601318,13:18:53,57.7400,9,2
2026-04-13,601318,13:18:56,57.7400,25,2
2026-04-13,601318,13:18:59,57.7500,64,1
2026-04-13,601318,13:19:02,57.7500,26,1
2026-04-13,601318,13:19:05,57.7500,360,1
2026-04-13,601318,13:19:08,57.7500,238,1
2026-04-13,601318,13:19:11,57.7400,85,2
2026-04-13,601318,13:19:14,57.7500,56,4
2026-04-13,601318,13:19:17,57.7500,22,2
2026-04-13,601318,13:19:20,57.7600,37,1
2026-04-13,601318,13:19:23,57.7500,21,2
2026-04-13,601318,13:19:26,57.7600,38,1
2026-04-13,601318,13:19:29,57.7600,76,1
2026-04-13,601318,13:19:32,57.7600,256,1
2026-04-13,601318,13:19:35,57.7700,51,1
2026-04-13,601318,13:19:38,57.7700,60,1
2026-04-13,601318,13:19:41,57.7600,71,2
2026-04-13,601318,13:19:44,57.7700,73,1
2026-04-13,601318,13:19:47,57.7700,117,1
2026-04-13,601318,13:19:50,57.7700,128,1
2026-04-13,601318,13:19:53,57.7700,70,4
2026-04-13,601318,13:19:56,57.7700,44,1
2026-04-13,601318,13:19:59,57.7700,104,2
2026-04-13,601318,13:20:02,57.7800,38,1
2026-04-13,601318,13:20:05,57.7800,25,1
2026-04-13,601318,13:20:08,57.7800,13,1
2026-04-13,601318,13:20:11,57.7700,62,2
2026-04-13,601318,13:20:14,57.7700,88,2
2026-04-13,601318,13:20:17,57.7700,146,2
2026-04-13,601318,13:20:20,57.7800,95,1
2026-04-13,601318,13:20:23,57.7700,33,2
2026-04-13,601318,13:20:26,57.7700,58,2
2026-04-13,601318,13:20:29,57.7800,105,1
2026-04-13,601318,13:20:32,57.7700,36,2
2026-04-13,601318,13:20:35,57.7700,18,2
2026-04-13,601318,13:20:38,57.7700,7,2
2026-04-13,601318,13:20:41,57.7800,12,1
2026-04-13,601318,13:20:44,57.7800,40,1
2026-04-13,601318,13:20:47,57.7800,26,1
2026-04-13,601318,13:20:50,57.7700,88,2
2026-04-13,601318,13:20:53,57.7800,64,1
2026-04-13,601318,13:20:56,57.7800,82,1
2026-04-13,601318,13:20:59,57.7700,95,2
2026-04-13,601318,13:21:02,57.7800,12,1
2026-04-13,601318,13:21:05,57.7800,110,1
2026-04-13,601318,13:21:08,57.7800,32,1
2026-04-13,601318,13:21:11,57.7800,140,1
2026-04-13,601318,13:21:14,57.7800,193,1
2026-04-13,601318,13:21:17,57.7700,129,2
2026-04-13,601318,13:21:20,57.7800,178,1
2026-04-13,601318,13:21:23,57.7800,147,1
2026-04-13,601318,13:21:26,57.7600,255,2
2026-04-13,601318,13:21:29,57.7800,194,1
2026-04-13,601318,13:21:32,57.7600,137,4
2026-04-13,601318,13:21:35,57.7600,159,1
2026-04-13,601318,13:21:38,57.7600,50,1
2026-04-13,601318,13:21:41,57.7500,190,2
2026-04-13,601318,13:21:44,57.7400,202,2
2026-04-13,601318,13:21:47,57.7500,59,1
2026-04-13,601318,13:21:50,57.7400,83,2
2026-04-13,601318,13:21:53,57.7400,52,2
2026-04-13,601318,13:21:56,57.7400,25,2
2026-04-13,601318,13:21:59,57.7500,59,1
2026-04-13,601318,13:22:02,57.7400,154,2
2026-04-13,601318,13:22:05,57.7400,101,1
2026-04-13,601318,13:22:08,57.7300,72,2
2026-04-13,601318,13:22:11,57.7400,138,1
2026-04-13,601318,13:22:14,57.7400,101,1
2026-04-13,601318,13:22:17,57.7400,34,1
2026-04-13,601318,13:22:20,57.7400,166,1
2026-04-13,601318,13:22:23,57.7400,87,1
2026-04-13,601318,13:22:26,57.7400,125,1
2026-04-13,601318,13:22:29,57.7400,51,1
2026-04-13,601318,13:22:32,57.7400,67,1
2026-04-13,601318,13:22:35,57.7400,56,1
2026-04-13,601318,13:22:38,57.7400,91,1
2026-04-13,601318,13:22:41,57.7400,156,1
2026-04-13,601318,13:22:44,57.7400,143,1
2026-04-13,601318,13:22:47,57.7600,250,1
2026-04-13,601318,13:22:50,57.7600,165,2
2026-04-13,601318,13:22:53,57.7700,151,1
2026-04-13,601318,13:22:56,57.7700,153,1
2026-04-13,601318,13:22:59,57.7700,65,1
2026-04-13,601318,13:23:02,57.7700,53,2
2026-04-13,601318,13:23:05,57.7700,54,1
2026-04-13,601318,13:23:08,57.7700,88,1
2026-04-13,601318,13:23:11,57.7600,89,4
2026-04-13,601318,13:23:14,57.7600,35,4
2026-04-13,601318,13:23:17,57.7500,43,1
2026-04-13,601318,13:23:20,57.7400,94,2
2026-04-13,601318,13:23:23,57.7600,138,1
2026-04-13,601318,13:23:26,57.7600,248,2
2026-04-13,601318,13:23:29,57.7500,64,2
2026-04-13,601318,13:23:32,57.7400,73,2
2026-04-13,601318,13:23:35,57.7600,51,1
2026-04-13,601318,13:23:38,57.7500,27,2
2026-04-13,601318,13:23:41,57.7600,70,1
2026-04-13,601318,13:23:44,57.7600,49,1
2026-04-13,601318,13:23:47,57.7500,64,2
2026-04-13,601318,13:23:50,57.7600,79,1
2026-04-13,601318,13:23:53,57.7600,1,1
2026-04-13,601318,13:23:56,57.7600,39,1
2026-04-13,601318,13:23:59,57.7500,35,2
2026-04-13,601318,13:24:02,57.7600,48,1
2026-04-13,601318,13:24:05,57.7600,94,1
2026-04-13,601318,13:24:08,57.7600,246,1
2026-04-13,601318,13:24:11,57.7600,92,2
2026-04-13,601318,13:24:14,57.7600,79,2
2026-04-13,601318,13:24:17,57.7600,39,1
2026-04-13,601318,13:24:20,57.7600,134,1
2026-04-13,601318,13:24:23,57.7600,121,1
2026-04-13,601318,13:24:26,57.7600,15,1
2026-04-13,601318,13:24:29,57.7500,169,2
2026-04-13,601318,13:24:32,57.7600,33,4
2026-04-13,601318,13:24:35,57.7700,155,1
2026-04-13,601318,13:24:38,57.7700,375,1
2026-04-13,601318,13:24:41,57.7700,178,2
2026-04-13,601318,13:24:44,57.7600,98,2
2026-04-13,601318,13:24:47,57.7900,156,1
2026-04-13,601318,13:24:50,57.8200,165,1
2026-04-13,601318,13:24:53,57.7800,155,2
2026-04-13,601318,13:24:56,57.7900,261,1
2026-04-13,601318,13:24:59,57.7800,178,2
2026-04-13,601318,13:25:02,57.7900,157,1
2026-04-13,601318,13:25:05,57.8000,89,1
2026-04-13,601318,13:25:08,57.8000,53,1
2026-04-13,601318,13:25:11,57.8000,87,1
2026-04-13,601318,13:25:14,57.7900,51,2
2026-04-13,601318,13:25:17,57.7800,105,2
2026-04-13,601318,13:25:20,57.7900,32,4
2026-04-13,601318,13:25:23,57.8000,37,1
2026-04-13,601318,13:25:26,57.7800,84,2
2026-04-13,601318,13:25:29,57.7800,98,2
2026-04-13,601318,13:25:32,57.7900,35,4
2026-04-13,601318,13:25:35,57.7900,32,2
2026-04-13,601318,13:25:38,57.7800,120,2
2026-04-13,601318,13:25:41,57.7800,67,2
2026-04-13,601318,13:25:44,57.7900,51,2
2026-04-13,601318,13:25:47,57.7900,17,2
2026-04-13,601318,13:25:50,57.7900,246,2
2026-04-13,601318,13:25:53,57.8000,97,1
2026-04-13,601318,13:25:56,57.8000,42,1
2026-04-13,601318,13:25:59,57.7800,74,2
2026-04-13,601318,13:26:02,57.7900,87,4
2026-04-13,601318,13:26:05,57.7900,60,2
2026-04-13,601318,13:26:08,57.8000,18,1
2026-04-13,601318,13:26:11,57.8000,128,1
2026-04-13,601318,13:26:14,57.7800,60,2
2026-04-13,601318,13:26:17,57.7800,241,2
2026-04-13,601318,13:26:20,57.7800,127,1
2026-04-13,601318,13:26:23,57.7600,50,2
2026-04-13,601318,13:26:26,57.7700,82,1
2026-04-13,601318,13:26:29,57.7800,138,1
2026-04-13,601318,13:26:32,57.7700,164,2
2026-04-13,601318,13:26:35,57.7700,33,2
2026-04-13,601318,13:26:38,57.7800,89,1
2026-04-13,601318,13:26:41,57.7800,129,2
2026-04-13,601318,13:26:44,57.7800,35,2
2026-04-13,601318,13:26:47,57.7900,13,1
2026-04-13,601318,13:26:50,57.7900,156,1
2026-04-13,601318,13:26:53,57.7800,142,1
2026-04-13,601318,13:26:56,57.7600,40,2
2026-04-13,601318,13:26:59,57.7700,207,4
2026-04-13,601318,13:27:02,57.7800,54,1
2026-04-13,601318,13:27:05,57.7600,236,2
2026-04-13,601318,13:27:08,57.7700,197,4
2026-04-13,601318,13:27:11,57.7500,159,2
2026-04-13,601318,13:27:14,57.7500,86,2
2026-04-13,601318,13:27:17,57.7500,111,2
2026-04-13,601318,13:27:20,57.7500,85,2
2026-04-13,601318,13:27:23,57.7600,44,1
2026-04-13,601318,13:27:26,57.7600,237,1
2026-04-13,601318,13:27:29,57.7600,139,1
2026-04-13,601318,13:27:32,57.7600,53,1
2026-04-13,601318,13:27:35,57.7600,134,1
2026-04-13,601318,13:27:38,57.7600,163,1
2026-04-13,601318,13:27:41,57.7600,179,1
2026-04-13,601318,13:27:44,57.7600,149,1
2026-04-13,601318,13:27:47,57.7500,234,2
2026-04-13,601318,13:27:50,57.7600,169,4
2026-04-13,601318,13:27:53,57.7600,91,4
2026-04-13,601318,13:27:56,57.7600,52,1
2026-04-13,601318,13:27:59,57.7300,1232,2
2026-04-13,601318,13:28:02,57.7400,235,1
2026-04-13,601318,13:28:05,57.7400,380,1
2026-04-13,601318,13:28:08,57.7400,463,1
2026-04-13,601318,13:28:11,57.7300,355,2
2026-04-13,601318,13:28:14,57.7300,226,1
2026-04-13,601318,13:28:17,57.7300,294,1
2026-04-13,601318,13:28:20,57.7300,83,1
2026-04-13,601318,13:28:23,57.7200,83,2
2026-04-13,601318,13:28:26,57.7200,147,2
2026-04-13,601318,13:28:29,57.7300,62,1
2026-04-13,601318,13:28:32,57.7300,375,1
2026-04-13,601318,13:28:35,57.7300,181,1
2026-04-13,601318,13:28:38,57.7300,107,2
2026-04-13,601318,13:28:41,57.7300,123,2
2026-04-13,601318,13:28:44,57.7300,5,2
2026-04-13,601318,13:28:47,57.7200,1635,2
2026-04-13,601318,13:28:50,57.7200,131,1
2026-04-13,601318,13:28:53,57.7200,179,1
2026-04-13,601318,13:28:56,57.7200,555,1
2026-04-13,601318,13:28:59,57.7100,93,2
2026-04-13,601318,13:29:02,57.7200,134,4
2026-04-13,601318,13:29:05,57.7200,37,2
2026-04-13,601318,13:29:08,57.7200,51,2
2026-04-13,601318,13:29:11,57.7300,82,1
2026-04-13,601318,13:29:14,57.7300,45,1
2026-04-13,601318,13:29:17,57.7200,168,2
2026-04-13,601318,13:29:20,57.7200,275,2
2026-04-13,601318,13:29:23,57.7200,612,1
2026-04-13,601318,13:29:26,57.7200,195,1
2026-04-13,601318,13:29:29,57.7100,230,2
2026-04-13,601318,13:29:32,57.7200,161,2
2026-04-13,601318,13:29:35,57.7100,164,2
2026-04-13,601318,13:29:38,57.7200,68,2
2026-04-13,601318,13:29:41,57.7300,143,1
2026-04-13,601318,13:29:44,57.7300,15,1
2026-04-13,601318,13:29:47,57.7200,56,2
2026-04-13,601318,13:29:50,57.7300,94,1
2026-04-13,601318,13:29:53,57.7200,142,2
2026-04-13,601318,13:29:56,57.7200,185,2
2026-04-13,601318,13:29:59,57.7200,42,2
2026-04-13,601318,13:30:02,57.7300,7,1
2026-04-13,601318,13:30:05,57.7300,287,1
2026-04-13,601318,13:30:08,57.7300,57,2
2026-04-13,601318,13:30:11,57.7300,129,2
2026-04-13,601318,13:30:14,57.7300,76,2
2026-04-13,601318,13:30:17,57.7300,25,2
2026-04-13,601318,13:30:20,57.7300,147,2
2026-04-13,601318,13:30:23,57.7300,380,1
2026-04-13,601318,13:30:26,57.7300,179,2
2026-04-13,601318,13:30:29,57.7300,212,2
2026-04-13,601318,13:30:32,57.7400,69,1
2026-04-13,601318,13:30:35,57.7400,26,1
2026-04-13,601318,13:30:38,57.7400,6,1
2026-04-13,601318,13:30:41,57.7300,95,2
2026-04-13,601318,13:30:44,57.7300,134,2
2026-04-13,601318,13:30:47,57.7400,128,1
2026-04-13,601318,13:30:50,57.7400,250,1
2026-04-13,601318,13:30:53,57.7300,150,2
2026-04-13,601318,13:30:56,57.7300,163,1
2026-04-13,601318,13:30:59,57.7200,86,2
2026-04-13,601318,13:31:02,57.7300,142,4
2026-04-13,601318,13:31:05,57.7300,68,1
2026-04-13,601318,13:31:08,57.7300,249,1
2026-04-13,601318,13:31:11,57.7200,705,2
2026-04-13,601318,13:31:14,57.7100,195,2
2026-04-13,601318,13:31:17,57.7200,1465,1
2026-04-13,601318,13:31:20,57.7200,556,1
2026-04-13,601318,13:31:23,57.7200,351,1
2026-04-13,601318,13:31:26,57.7200,124,1
2026-04-13,601318,13:31:29,57.7200,138,1
2026-04-13,601318,13:31:32,57.7100,110,2
2026-04-13,601318,13:31:35,57.7200,61,1
2026-04-13,601318,13:31:38,57.7200,162,1
2026-04-13,601318,13:31:41,57.7200,277,1
2026-04-13,601318,13:31:44,57.7100,141,2
2026-04-13,601318,13:31:47,57.7200,114,1
2026-04-13,601318,13:31:50,57.7100,219,2
2026-04-13,601318,13:31:53,57.7100,363,2
2026-04-13,601318,13:31:56,57.7200,196,1
2026-04-13,601318,13:31:59,57.7200,11,1
2026-04-13,601318,13:32:02,57.7200,163,1
2026-04-13,601318,13:32:05,57.7200,115,1
2026-04-13,601318,13:32:08,57.7100,812,2
2026-04-13,601318,13:32:11,57.7100,395,1
2026-04-13,601318,13:32:14,57.7100,416,1
2026-04-13,601318,13:32:17,57.7100,154,1
2026-04-13,601318,13:32:20,57.7100,185,1
2026-04-13,601318,13:32:23,57.7000,150,2
2026-04-13,601318,13:32:26,57.7100,142,1
2026-04-13,601318,13:32:29,57.7200,108,1
2026-04-13,601318,13:32:32,57.7100,202,2
2026-04-13,601318,13:32:35,57.7100,44,2
2026-04-13,601318,13:32:38,57.7200,55,1
2026-04-13,601318,13:32:41,57.7000,269,2
2026-04-13,601318,13:32:44,57.7100,291,1
2026-04-13,601318,13:32:47,57.7100,14,2
2026-04-13,601318,13:32:50,57.7100,285,2
2026-04-13,601318,13:32:53,57.7100,12,1
2026-04-13,601318,13:32:56,57.7000,182,2
2026-04-13,601318,13:32:59,57.7000,187,2
2026-04-13,601318,13:33:02,57.7000,113,2
2026-04-13,601318,13:33:05,57.7100,18,1
2026-04-13,601318,13:33:08,57.7200,2286,1
2026-04-13,601318,13:33:11,57.7100,102,4
2026-04-13,601318,13:33:14,57.7000,406,2
2026-04-13,601318,13:33:17,57.7200,362,1
2026-04-13,601318,13:33:20,57.6900,1774,2
2026-04-13,601318,13:33:23,57.6900,159,2
2026-04-13,601318,13:33:26,57.6900,529,2
2026-04-13,601318,13:33:29,57.6900,39,2
2026-04-13,601318,13:33:32,57.6900,71,2
2026-04-13,601318,13:33:35,57.6900,174,2
2026-04-13,601318,13:33:38,57.7000,38,1
2026-04-13,601318,13:33:41,57.6900,109,2
2026-04-13,601318,13:33:44,57.6900,119,2
2026-04-13,601318,13:33:47,57.6900,16,2
2026-04-13,601318,13:33:50,57.6900,88,2
2026-04-13,601318,13:33:53,57.7000,130,1
2026-04-13,601318,13:33:56,57.7000,480,1
2026-04-13,601318,13:33:59,57.6900,273,2
2026-04-13,601318,13:34:02,57.6900,418,2
2026-04-13,601318,13:34:05,57.7000,29,2
2026-04-13,601318,13:34:08,57.6900,60,2
2026-04-13,601318,13:34:11,57.6900,250,2
2026-04-13,601318,13:34:14,57.7000,106,1
2026-04-13,601318,13:34:17,57.7000,39,1
2026-04-13,601318,13:34:20,57.6900,164,2
2026-04-13,601318,13:34:23,57.7000,72,1
2026-04-13,601318,13:34:26,57.6900,64,2
2026-04-13,601318,13:34:29,57.7000,163,1
2026-04-13,601318,13:34:32,57.6900,131,2
2026-04-13,601318,13:34:35,57.6900,35,2
2026-04-13,601318,13:34:38,57.6900,187,2
2026-04-13,601318,13:34:41,57.7000,63,1
2026-04-13,601318,13:34:44,57.6900,125,2
2026-04-13,601318,13:34:47,57.7000,194,1
2026-04-13,601318,13:34:50,57.7000,239,2
2026-04-13,601318,13:34:53,57.7100,113,1
2026-04-13,601318,13:34:56,57.7100,224,1
2026-04-13,601318,13:34:59,57.7100,194,1
2026-04-13,601318,13:35:02,57.7100,175,2
2026-04-13,601318,13:35:05,57.7100,279,1
2026-04-13,601318,13:35:08,57.7100,55,1
2026-04-13,601318,13:35:11,57.7100,127,1
2026-04-13,601318,13:35:14,57.7100,123,2
2026-04-13,601318,13:35:17,57.7100,117,2
2026-04-13,601318,13:35:20,57.7200,228,1
2026-04-13,601318,13:35:23,57.7200,129,1
2026-04-13,601318,13:35:26,57.7200,894,1
2026-04-13,601318,13:35:29,57.7600,88,1
2026-04-13,601318,13:35:32,57.7400,354,2
2026-04-13,601318,13:35:35,57.7500,60,4
2026-04-13,601318,13:35:38,57.8000,196,1
2026-04-13,601318,13:35:41,57.7600,89,2
2026-04-13,601318,13:35:44,57.7800,36,1
2026-04-13,601318,13:35:47,57.7800,26,1
2026-04-13,601318,13:35:50,57.7600,229,2
2026-04-13,601318,13:35:53,57.7600,55,1
2026-04-13,601318,13:35:56,57.7600,30,1
2026-04-13,601318,13:35:59,57.7600,132,1
2026-04-13,601318,13:36:02,57.7600,209,1
2026-04-13,601318,13:36:05,57.7600,47,1
2026-04-13,601318,13:36:08,57.7600,179,1
2026-04-13,601318,13:36:11,57.7500,174,2
2026-04-13,601318,13:36:14,57.7500,127,4
2026-04-13,601318,13:36:17,57.7500,155,1
2026-04-13,601318,13:36:20,57.7500,101,1
2026-04-13,601318,13:36:23,57.7400,124,2
2026-04-13,601318,13:36:26,57.7500,213,1
2026-04-13,601318,13:36:29,57.7500,68,1
2026-04-13,601318,13:36:32,57.7400,75,2
2026-04-13,601318,13:36:35,57.7700,164,1
2026-04-13,601318,13:36:38,57.7700,60,2
2026-04-13,601318,13:36:41,57.7900,64,1
2026-04-13,601318,13:36:44,57.7800,56,2
2026-04-13,601318,13:36:47,57.7800,24,2
2026-04-13,601318,13:36:50,57.7900,58,1
2026-04-13,601318,13:36:53,57.7800,63,4
2026-04-13,601318,13:36:56,57.7800,23,1
2026-04-13,601318,13:36:59,57.7700,14,2
2026-04-13,601318,13:37:02,57.7800,106,1
2026-04-13,601318,13:37:05,57.7800,124,1
2026-04-13,601318,13:37:08,57.7900,263,1
2026-04-13,601318,13:37:11,57.8100,207,1
2026-04-13,601318,13:37:14,57.8100,23,1
2026-04-13,601318,13:37:17,57.8100,72,1
2026-04-13,601318,13:37:20,57.7800,78,2
2026-04-13,601318,13:37:23,57.8000,76,4
2026-04-13,601318,13:37:26,57.8000,102,2
2026-04-13,601318,13:37:29,57.8000,55,2
2026-04-13,601318,13:37:32,57.8100,88,1
2026-04-13,601318,13:37:35,57.8100,92,1
2026-04-13,601318,13:37:38,57.8000,77,2
2026-04-13,601318,13:37:41,57.8100,166,1
2026-04-13,601318,13:37:44,57.8100,40,2
2026-04-13,601318,13:37:47,57.8100,62,2
2026-04-13,601318,13:37:50,57.8100,339,2
2026-04-13,601318,13:37:53,57.8200,264,1
2026-04-13,601318,13:37:56,57.8200,121,2
2026-04-13,601318,13:37:59,57.8300,64,1
2026-04-13,601318,13:38:02,57.8300,161,1
2026-04-13,601318,13:38:05,57.8200,69,2
2026-04-13,601318,13:38:08,57.8200,78,2
2026-04-13,601318,13:38:11,57.8300,72,1
2026-04-13,601318,13:38:14,57.8300,125,1
2026-04-13,601318,13:38:17,57.8400,39,1
2026-04-13,601318,13:38:20,57.8300,71,2
2026-04-13,601318,13:38:23,57.8400,49,1
2026-04-13,601318,13:38:26,57.8400,49,1
2026-04-13,601318,13:38:29,57.8400,104,1
2026-04-13,601318,13:38:32,57.8400,133,1
2026-04-13,601318,13:38:35,57.8400,184,1
2026-04-13,601318,13:38:38,57.8500,14,1
2026-04-13,601318,13:38:41,57.8500,177,1
2026-04-13,601318,13:38:44,57.8500,67,2
2026-04-13,601318,13:38:47,57.8500,95,1
2026-04-13,601318,13:38:50,57.8500,230,2
2026-04-13,601318,13:38:53,57.8500,91,2
2026-04-13,601318,13:38:56,57.8600,7,1
2026-04-13,601318,13:38:59,57.8600,210,1
2026-04-13,601318,13:39:02,57.8600,319,1
2026-04-13,601318,13:39:05,57.8600,80,2
2026-04-13,601318,13:39:08,57.8600,61,2
2026-04-13,601318,13:39:11,57.8600,79,2
2026-04-13,601318,13:39:14,57.8600,48,1
2026-04-13,601318,13:39:17,57.8600,111,1
2026-04-13,601318,13:39:20,57.8500,166,2
2026-04-13,601318,13:39:23,57.8500,241,2
2026-04-13,601318,13:39:26,57.8400,227,2
2026-04-13,601318,13:39:29,57.8500,26,1
2026-04-13,601318,13:39:32,57.8400,162,2
2026-04-13,601318,13:39:35,57.8400,16,2
2026-04-13,601318,13:39:38,57.8400,59,2
2026-04-13,601318,13:39:41,57.8500,102,1
2026-04-13,601318,13:39:44,57.8400,44,2
2026-04-13,601318,13:39:47,57.8500,108,1
2026-04-13,601318,13:39:50,57.8500,126,1
2026-04-13,601318,13:39:53,57.8500,57,1
2026-04-13,601318,13:39:56,57.8500,79,1
2026-04-13,601318,13:39:59,57.8500,21,1
2026-04-13,601318,13:40:02,57.8500,225,1
2026-04-13,601318,13:40:05,57.8500,185,1
2026-04-13,601318,13:40:08,57.8400,82,2
2026-04-13,601318,13:40:11,57.8400,134,2
2026-04-13,601318,13:40:14,57.8400,24,4
2026-04-13,601318,13:40:17,57.8300,43,2
2026-04-13,601318,13:40:20,57.8500,167,1
2026-04-13,601318,13:40:23,57.8500,169,2
2026-04-13,601318,13:40:26,57.8500,149,2
2026-04-13,601318,13:40:29,57.8400,40,2
2026-04-13,601318,13:40:32,57.8400,76,2
2026-04-13,601318,13:40:35,57.8300,308,2
2026-04-13,601318,13:40:38,57.8200,295,2
2026-04-13,601318,13:40:41,57.8100,219,2
2026-04-13,601318,13:40:44,57.8100,91,2
2026-04-13,601318,13:40:47,57.7900,908,2
2026-04-13,601318,13:40:50,57.7900,120,2
2026-04-13,601318,13:40:53,57.7800,404,2
2026-04-13,601318,13:40:56,57.7700,59,2
2026-04-13,601318,13:40:59,57.7800,54,4
2026-04-13,601318,13:41:02,57.7700,179,2
2026-04-13,601318,13:41:05,57.7600,78,2
2026-04-13,601318,13:41:08,57.7700,97,1
2026-04-13,601318,13:41:11,57.7600,83,2
2026-04-13,601318,13:41:14,57.7700,33,1
2026-04-13,601318,13:41:17,57.7700,60,1
2026-04-13,601318,13:41:20,57.7600,99,2
2026-04-13,601318,13:41:23,57.7600,55,1
2026-04-13,601318,13:41:26,57.7700,31,1
2026-04-13,601318,13:41:29,57.7800,435,1
2026-04-13,601318,13:41:32,57.7800,160,2
2026-04-13,601318,13:41:35,57.8000,310,1
2026-04-13,601318,13:41:38,57.8000,8,2
2026-04-13,601318,13:41:41,57.8000,39,2
2026-04-13,601318,13:41:44,57.8000,262,2
2026-04-13,601318,13:41:47,57.8000,63,2
2026-04-13,601318,13:41:50,57.7800,137,2
2026-04-13,601318,13:41:53,57.7700,83,2
2026-04-13,601318,13:41:56,57.7700,15,2
2026-04-13,601318,13:41:59,57.7700,22,2
2026-04-13,601318,13:42:02,57.7800,159,1
2026-04-13,601318,13:42:05,57.7800,28,1
2026-04-13,601318,13:42:08,57.7800,90,1
2026-04-13,601318,13:42:11,57.7700,107,2
2026-04-13,601318,13:42:14,57.7700,79,2
2026-04-13,601318,13:42:17,57.7800,37,1
2026-04-13,601318,13:42:20,57.7700,73,2
2026-04-13,601318,13:42:23,57.7800,74,1
2026-04-13,601318,13:42:26,57.7800,51,1
2026-04-13,601318,13:42:29,57.7800,15,1
2026-04-13,601318,13:42:32,57.7800,321,1
2026-04-13,601318,13:42:35,57.7800,102,2
2026-04-13,601318,13:42:38,57.7800,77,1
2026-04-13,601318,13:42:41,57.7900,142,1
2026-04-13,601318,13:42:44,57.7900,33,1
2026-04-13,601318,13:42:47,57.7900,9,1
2026-04-13,601318,13:42:50,57.8000,123,1
2026-04-13,601318,13:42:53,57.8000,73,2
2026-04-13,601318,13:42:56,57.8000,16,2
2026-04-13,601318,13:42:59,57.8000,204,2
2026-04-13,601318,13:43:02,57.8000,169,1
2026-04-13,601318,13:43:05,57.7700,85,2
2026-04-13,601318,13:43:08,57.7700,56,2
2026-04-13,601318,13:43:11,57.7700,70,2
2026-04-13,601318,13:43:14,57.7700,134,2
2026-04-13,601318,13:43:17,57.7700,19,1
2026-04-13,601318,13:43:20,57.7800,105,1
2026-04-13,601318,13:43:23,57.7700,120,4
2026-04-13,601318,13:43:26,57.7700,51,2
2026-04-13,601318,13:43:29,57.7800,26,1
2026-04-13,601318,13:43:32,57.7800,87,1
2026-04-13,601318,13:43:35,57.7700,253,2
2026-04-13,601318,13:43:38,57.7800,81,1
2026-04-13,601318,13:43:41,57.7800,64,2
2026-04-13,601318,13:43:44,57.7800,15,2
2026-04-13,601318,13:43:47,57.7900,126,1
2026-04-13,601318,13:43:50,57.7900,152,1
2026-04-13,601318,13:43:53,57.7900,16,2
2026-04-13,601318,13:43:56,57.8000,41,1
2026-04-13,601318,13:43:59,57.8000,115,1
2026-04-13,601318,13:44:02,57.8000,258,1
2026-04-13,601318,13:44:05,57.7800,61,2
2026-04-13,601318,13:44:08,57.8000,50,1
2026-04-13,601318,13:44:11,57.8000,104,1
2026-04-13,601318,13:44:14,57.8000,73,1
2026-04-13,601318,13:44:17,57.8000,29,1
2026-04-13,601318,13:44:20,57.8000,99,1
2026-04-13,601318,13:44:23,57.8000,54,1
2026-04-13,601318,13:44:26,57.8000,61,1
2026-04-13,601318,13:44:29,57.7900,66,2
2026-04-13,601318,13:44:32,57.7900,54,2
2026-04-13,601318,13:44:35,57.7900,5,2
2026-04-13,601318,13:44:38,57.8000,159,1
2026-04-13,601318,13:44:41,57.7900,100,2
2026-04-13,601318,13:44:44,57.8000,30,1
2026-04-13,601318,13:44:47,57.8000,76,1
2026-04-13,601318,13:44:50,57.8000,60,1
2026-04-13,601318,13:44:53,57.8000,28,1
2026-04-13,601318,13:44:56,57.8000,15,1
2026-04-13,601318,13:44:59,57.8000,12,1
2026-04-13,601318,13:45:02,57.8000,146,1
2026-04-13,601318,13:45:05,57.7900,60,2
2026-04-13,601318,13:45:08,57.7900,100,1
2026-04-13,601318,13:45:11,57.7900,81,1
2026-04-13,601318,13:45:14,57.7900,71,2
2026-04-13,601318,13:45:17,57.7900,62,1
2026-04-13,601318,13:45:20,57.7800,87,2
2026-04-13,601318,13:45:23,57.7900,65,1
2026-04-13,601318,13:45:26,57.7800,54,2
2026-04-13,601318,13:45:29,57.7800,48,2
2026-04-13,601318,13:45:32,57.7800,119,2
2026-04-13,601318,13:45:35,57.7800,37,2
2026-04-13,601318,13:45:38,57.7900,23,2
2026-04-13,601318,13:45:41,57.7900,87,2
2026-04-13,601318,13:45:44,57.7900,97,2
2026-04-13,601318,13:45:47,57.7900,31,2
2026-04-13,601318,13:45:50,57.7800,105,2
2026-04-13,601318,13:45:53,57.7900,30,2
2026-04-13,601318,13:45:56,57.7900,21,1
2026-04-13,601318,13:45:59,57.7900,32,1
2026-04-13,601318,13:46:02,57.7900,61,1
2026-04-13,601318,13:46:05,57.7800,18,2
2026-04-13,601318,13:46:08,57.7800,4,2
2026-04-13,601318,13:46:11,57.7900,125,1
2026-04-13,601318,13:46:14,57.7900,47,1
2026-04-13,601318,13:46:17,57.7900,26,2
2026-04-13,601318,13:46:20,57.8000,173,1
2026-04-13,601318,13:46:23,57.8100,191,1
2026-04-13,601318,13:46:26,57.8000,261,2
2026-04-13,601318,13:46:29,57.7800,110,2
2026-04-13,601318,13:46:32,57.8100,101,1
2026-04-13,601318,13:46:35,57.8000,52,4
2026-04-13,601318,13:46:38,57.8100,55,1
2026-04-13,601318,13:46:41,57.8000,72,2
2026-04-13,601318,13:46:44,57.8000,104,1
2026-04-13,601318,13:46:47,57.7900,52,2
2026-04-13,601318,13:46:50,57.8100,88,1
2026-04-13,601318,13:46:53,57.8000,33,2
2026-04-13,601318,13:46:56,57.8100,94,1
2026-04-13,601318,13:46:59,57.7800,26,2
2026-04-13,601318,13:47:02,57.8100,434,1
2026-04-13,601318,13:47:05,57.8100,52,2
2026-04-13,601318,13:47:08,57.8100,123,2
2026-04-13,601318,13:47:11,57.8100,109,2
2026-04-13,601318,13:47:14,57.8100,69,2
2026-04-13,601318,13:47:17,57.8200,145,1
2026-04-13,601318,13:47:20,57.8200,107,2
2026-04-13,601318,13:47:23,57.8300,49,1
2026-04-13,601318,13:47:26,57.8200,86,2
2026-04-13,601318,13:47:29,57.8200,48,2
2026-04-13,601318,13:47:32,57.8300,23,1
2026-04-13,601318,13:47:35,57.8200,24,2
2026-04-13,601318,13:47:38,57.8100,153,2
2026-04-13,601318,13:47:41,57.7900,405,2
2026-04-13,601318,13:47:44,57.8000,35,1
2026-04-13,601318,13:47:47,57.7800,137,2
2026-04-13,601318,13:47:50,57.8000,89,1
2026-04-13,601318,13:47:53,57.8000,95,2
2026-04-13,601318,13:47:56,57.7900,54,2
2026-04-13,601318,13:47:59,57.7800,68,2
2026-04-13,601318,13:48:02,57.8000,93,1
2026-04-13,601318,13:48:05,57.8000,37,1
2026-04-13,601318,13:48:08,57.7900,62,2
2026-04-13,601318,13:48:11,57.7900,126,2
2026-04-13,601318,13:48:14,57.7900,95,2
2026-04-13,601318,13:48:17,57.8000,51,4
2026-04-13,601318,13:48:20,57.8000,125,2
2026-04-13,601318,13:48:23,57.8000,119,2
2026-04-13,601318,13:48:26,57.7900,63,2
2026-04-13,601318,13:48:29,57.7900,112,2
2026-04-13,601318,13:48:32,57.7900,146,2
2026-04-13,601318,13:48:35,57.8000,19,4
2026-04-13,601318,13:48:38,57.7900,106,2
2026-04-13,601318,13:48:41,57.8300,303,1
2026-04-13,601318,13:48:44,57.7900,120,2
2026-04-13,601318,13:48:47,57.7900,76,2
2026-04-13,601318,13:48:50,57.7800,146,2
2026-04-13,601318,13:48:53,57.8000,12,1
2026-04-13,601318,13:48:56,57.8000,101,1
2026-04-13,601318,13:48:59,57.7800,217,2
2026-04-13,601318,13:49:02,57.7800,234,2
2026-04-13,601318,13:49:05,57.7800,65,2
2026-04-13,601318,13:49:08,57.7400,2324,2
2026-04-13,601318,13:49:11,57.7500,26,1
2026-04-13,601318,13:49:14,57.7500,36,1
2026-04-13,601318,13:49:17,57.7400,145,2
2026-04-13,601318,13:49:20,57.7400,158,2
2026-04-13,601318,13:49:23,57.7400,56,2
2026-04-13,601318,13:49:26,57.7500,69,1
2026-04-13,601318,13:49:29,57.7500,164,1
2026-04-13,601318,13:49:32,57.7400,171,2
2026-04-13,601318,13:49:35,57.7300,95,2
2026-04-13,601318,13:49:38,57.7300,139,2
2026-04-13,601318,13:49:41,57.7300,130,2
2026-04-13,601318,13:49:44,57.7200,170,2
2026-04-13,601318,13:49:47,57.7200,49,2
2026-04-13,601318,13:49:50,57.7300,205,2
2026-04-13,601318,13:49:53,57.7300,101,1
2026-04-13,601318,13:49:56,57.7200,35,2
2026-04-13,601318,13:49:59,57.7200,73,4
2026-04-13,601318,13:50:02,57.7100,127,2
2026-04-13,601318,13:50:05,57.7100,121,2
2026-04-13,601318,13:50:08,57.7100,243,2
2026-04-13,601318,13:50:11,57.7200,164,1
2026-04-13,601318,13:50:14,57.7200,54,1
2026-04-13,601318,13:50:17,57.7300,251,1
2026-04-13,601318,13:50:20,57.7200,186,2
2026-04-13,601318,13:50:23,57.7200,161,2
2026-04-13,601318,13:50:26,57.7200,94,1
2026-04-13,601318,13:50:29,57.7200,191,1
2026-04-13,601318,13:50:32,57.7200,122,2
2026-04-13,601318,13:50:35,57.7200,62,2
2026-04-13,601318,13:50:38,57.7200,155,2
2026-04-13,601318,13:50:41,57.7300,105,1
2026-04-13,601318,13:50:44,57.7200,34,2
2026-04-13,601318,13:50:47,57.7200,52,2
2026-04-13,601318,13:50:50,57.7300,117,1
2026-04-13,601318,13:50:53,57.7300,126,1
2026-04-13,601318,13:50:56,57.7300,44,1
2026-04-13,601318,13:50:59,57.7200,49,2
2026-04-13,601318,13:51:02,57.7200,210,2
2026-04-13,601318,13:51:05,57.7200,84,2
2026-04-13,601318,13:51:08,57.7300,70,1
2026-04-13,601318,13:51:11,57.7300,237,1
2026-04-13,601318,13:51:14,57.7200,83,2
2026-04-13,601318,13:51:17,57.7200,167,2
2026-04-13,601318,13:51:20,57.7200,89,2
2026-04-13,601318,13:51:23,57.7300,183,1
2026-04-13,601318,13:51:26,57.7300,68,1
2026-04-13,601318,13:51:29,57.7200,65,2
2026-04-13,601318,13:51:32,57.7300,114,1
2026-04-13,601318,13:51:35,57.7200,56,2
2026-04-13,601318,13:51:38,57.7300,49,1
2026-04-13,601318,13:51:41,57.7200,99,2
2026-04-13,601318,13:51:44,57.7300,121,1
2026-04-13,601318,13:51:47,57.7300,123,1
2026-04-13,601318,13:51:50,57.7300,192,1
2026-04-13,601318,13:51:53,57.7200,68,2
2026-04-13,601318,13:51:56,57.7300,102,1
2026-04-13,601318,13:51:59,57.7200,91,2
2026-04-13,601318,13:52:02,57.7200,141,2
2026-04-13,601318,13:52:05,57.7200,325,2
2026-04-13,601318,13:52:08,57.7200,56,2
2026-04-13,601318,13:52:11,57.7300,90,1
2026-04-13,601318,13:52:14,57.7300,26,1
2026-04-13,601318,13:52:17,57.7200,23,2
2026-04-13,601318,13:52:20,57.7200,70,2
2026-04-13,601318,13:52:23,57.7200,237,2
2026-04-13,601318,13:52:26,57.7200,57,2
2026-04-13,601318,13:52:29,57.7200,188,2
2026-04-13,601318,13:52:32,57.7200,124,2
2026-04-13,601318,13:52:35,57.7200,72,2
2026-04-13,601318,13:52:38,57.7200,37,2
2026-04-13,601318,13:52:41,57.7200,107,2
2026-04-13,601318,13:52:44,57.7200,50,1
2026-04-13,601318,13:52:47,57.7200,97,1
2026-04-13,601318,13:52:50,57.7100,226,2
2026-04-13,601318,13:52:53,57.7200,98,1
2026-04-13,601318,13:52:56,57.7200,118,1
2026-04-13,601318,13:52:59,57.7200,115,1
2026-04-13,601318,13:53:02,57.7200,180,1
2026-04-13,601318,13:53:05,57.7200,130,2
2026-04-13,601318,13:53:08,57.7200,32,2
2026-04-13,601318,13:53:11,57.7200,244,2
2026-04-13,601318,13:53:14,57.7100,200,2
2026-04-13,601318,13:53:17,57.7300,81,1
2026-04-13,601318,13:53:20,57.7200,26,2
2026-04-13,601318,13:53:23,57.7300,97,1
2026-04-13,601318,13:53:26,57.7300,33,1
2026-04-13,601318,13:53:29,57.7100,109,2
2026-04-13,601318,13:53:32,57.7300,156,1
2026-04-13,601318,13:53:35,57.7100,142,2
2026-04-13,601318,13:53:38,57.7200,91,1
2026-04-13,601318,13:53:41,57.7200,99,1
2026-04-13,601318,13:53:44,57.7100,1096,2
2026-04-13,601318,13:53:47,57.7200,122,1
2026-04-13,601318,13:53:50,57.7200,251,2
2026-04-13,601318,13:53:53,57.7200,89,2
2026-04-13,601318,13:53:56,57.7200,158,2
2026-04-13,601318,13:53:59,57.7100,166,2
2026-04-13,601318,13:54:02,57.7200,69,4
2026-04-13,601318,13:54:05,57.7200,150,1
2026-04-13,601318,13:54:08,57.7200,125,2
2026-04-13,601318,13:54:11,57.7100,208,2
2026-04-13,601318,13:54:14,57.7200,50,4
2026-04-13,601318,13:54:17,57.7200,90,2
2026-04-13,601318,13:54:20,57.7100,174,2
2026-04-13,601318,13:54:23,57.7200,53,4
2026-04-13,601318,13:54:26,57.7300,16,1
2026-04-13,601318,13:54:29,57.7200,149,4
2026-04-13,601318,13:54:32,57.7200,121,2
2026-04-13,601318,13:54:35,57.7200,83,2
2026-04-13,601318,13:54:38,57.7100,91,2
2026-04-13,601318,13:54:41,57.7100,159,2
2026-04-13,601318,13:54:44,57.7200,98,1
2026-04-13,601318,13:54:47,57.7100,69,2
2026-04-13,601318,13:54:50,57.7100,110,2
2026-04-13,601318,13:54:53,57.7200,152,1
2026-04-13,601318,13:54:56,57.7200,90,1
2026-04-13,601318,13:54:59,57.7200,57,2
2026-04-13,601318,13:55:02,57.7200,123,2
2026-04-13,601318,13:55:05,57.7200,94,1
2026-04-13,601318,13:55:08,57.7200,58,1
2026-04-13,601318,13:55:11,57.7100,177,2
2026-04-13,601318,13:55:14,57.7200,64,1
2026-04-13,601318,13:55:17,57.7100,117,2
2026-04-13,601318,13:55:20,57.7100,52,2
2026-04-13,601318,13:55:23,57.7200,114,1
2026-04-13,601318,13:55:26,57.7200,44,1
2026-04-13,601318,13:55:29,57.7200,27,1
2026-04-13,601318,13:55:32,57.7100,402,2
2026-04-13,601318,13:55:35,57.7200,227,1
2026-04-13,601318,13:55:38,57.7200,120,1
2026-04-13,601318,13:55:41,57.7200,84,2
2026-04-13,601318,13:55:44,57.7200,5,2
2026-04-13,601318,13:55:47,57.7200,23,2
2026-04-13,601318,13:55:50,57.7100,133,2
2026-04-13,601318,13:55:53,57.7200,78,1
2026-04-13,601318,13:55:56,57.7100,593,2
2026-04-13,601318,13:55:59,57.7000,316,2
2026-04-13,601318,13:56:02,57.7100,76,4
2026-04-13,601318,13:56:05,57.7100,105,2
2026-04-13,601318,13:56:08,57.7200,58,1
2026-04-13,601318,13:56:11,57.7200,130,1
2026-04-13,601318,13:56:14,57.7200,23,1
2026-04-13,601318,13:56:17,57.7000,85,2
2026-04-13,601318,13:56:20,57.7100,84,1
2026-04-13,601318,13:56:23,57.7100,123,2
2026-04-13,601318,13:56:26,57.7100,71,1
2026-04-13,601318,13:56:29,57.7100,108,1
2026-04-13,601318,13:56:32,57.7000,82,2
2026-04-13,601318,13:56:35,57.7100,199,1
2026-04-13,601318,13:56:38,57.7000,18,2
2026-04-13,601318,13:56:41,57.7000,128,2
2026-04-13,601318,13:56:44,57.7000,74,2
2026-04-13,601318,13:56:47,57.7100,278,1
2026-04-13,601318,13:56:50,57.7100,45,1
2026-04-13,601318,13:56:53,57.7000,199,2
2026-04-13,601318,13:56:56,57.7100,70,1
2026-04-13,601318,13:56:59,57.7000,117,2
2026-04-13,601318,13:57:02,57.7100,374,1
2026-04-13,601318,13:57:05,57.7100,114,2
2026-04-13,601318,13:57:08,57.7200,82,1
2026-04-13,601318,13:57:11,57.7100,100,2
2026-04-13,601318,13:57:14,57.7200,77,1
2026-04-13,601318,13:57:17,57.7100,106,2
2026-04-13,601318,13:57:20,57.7100,87,2
2026-04-13,601318,13:57:23,57.7100,29,2
2026-04-13,601318,13:57:26,57.7200,12,1
2026-04-13,601318,13:57:29,57.7100,15,2
2026-04-13,601318,13:57:32,57.7100,86,2
2026-04-13,601318,13:57:35,57.7200,63,1
2026-04-13,601318,13:57:38,57.7100,19,2
2026-04-13,601318,13:57:41,57.7100,180,2
2026-04-13,601318,13:57:44,57.7200,46,1
2026-04-13,601318,13:57:47,57.7200,98,1
2026-04-13,601318,13:57:50,57.7200,50,2
2026-04-13,601318,13:57:53,57.7200,21,2
2026-04-13,601318,13:57:56,57.7300,45,1
2026-04-13,601318,13:57:59,57.7300,45,1
2026-04-13,601318,13:58:02,57.7200,44,2
2026-04-13,601318,13:58:05,57.7200,86,2
2026-04-13,601318,13:58:08,57.7200,53,2
2026-04-13,601318,13:58:11,57.7200,105,2
2026-04-13,601318,13:58:14,57.7300,104,1
2026-04-13,601318,13:58:17,57.7400,25,1
2026-04-13,601318,13:58:20,57.7200,79,2
2026-04-13,601318,13:58:23,57.7200,25,2
2026-04-13,601318,13:58:26,57.7200,53,2
2026-04-13,601318,13:58:29,57.7200,84,2
2026-04-13,601318,13:58:32,57.7100,117,2
2026-04-13,601318,13:58:35,57.7200,31,1
2026-04-13,601318,13:58:38,57.7200,33,1
2026-04-13,601318,13:58:41,57.7300,54,1
2026-04-13,601318,13:58:44,57.7200,166,2
2026-04-13,601318,13:58:47,57.7300,158,1
2026-04-13,601318,13:58:50,57.7200,107,2
2026-04-13,601318,13:58:53,57.7300,21,4
2026-04-13,601318,13:58:56,57.7200,66,2
2026-04-13,601318,13:58:59,57.7400,6,1
2026-04-13,601318,13:59:02,57.7200,186,2
2026-04-13,601318,13:59:05,57.7300,75,1
2026-04-13,601318,13:59:08,57.7300,65,1
2026-04-13,601318,13:59:11,57.7300,91,2
2026-04-13,601318,13:59:14,57.7200,110,2
2026-04-13,601318,13:59:17,57.7300,151,4
2026-04-13,601318,13:59:20,57.7300,71,1
2026-04-13,601318,13:59:23,57.7300,110,1
2026-04-13,601318,13:59:26,57.7300,26,1
2026-04-13,601318,13:59:29,57.7200,19,1
2026-04-13,601318,13:59:32,57.7200,78,2
2026-04-13,601318,13:59:35,57.7200,107,2
2026-04-13,601318,13:59:38,57.7200,35,1
2026-04-13,601318,13:59:41,57.7200,133,1
2026-04-13,601318,13:59:44,57.7200,64,2
2026-04-13,601318,13:59:47,57.7300,50,1
2026-04-13,601318,13:59:50,57.7100,126,2
2026-04-13,601318,13:59:53,57.7100,173,2
2026-04-13,601318,13:59:56,57.7200,131,1
2026-04-13,601318,13:59:59,57.7200,90,1
2026-04-13,601318,14:00:02,57.7200,146,4
2026-04-13,601318,14:00:05,57.7200,80,2
2026-04-13,601318,14:00:08,57.7200,8,2
2026-04-13,601318,14:00:11,57.7100,187,2
2026-04-13,601318,14:00:14,57.7300,159,1
2026-04-13,601318,14:00:17,57.7300,95,1
2026-04-13,601318,14:00:20,57.7300,112,2
2026-04-13,601318,14:00:23,57.7300,95,2
2026-04-13,601318,14:00:26,57.7200,152,2
2026-04-13,601318,14:00:29,57.7200,51,2
2026-04-13,601318,14:00:32,57.7200,165,2
2026-04-13,601318,14:00:35,57.7300,31,1
2026-04-13,601318,14:00:38,57.7200,45,2
2026-04-13,601318,14:00:41,57.7200,108,2
2026-04-13,601318,14:00:44,57.7300,121,1
2026-04-13,601318,14:00:47,57.7400,43,1
2026-04-13,601318,14:00:50,57.7300,130,2
2026-04-13,601318,14:00:53,57.7400,120,1
2026-04-13,601318,14:00:56,57.7400,160,2
2026-04-13,601318,14:00:59,57.7500,44,1
2026-04-13,601318,14:01:02,57.7400,146,2
2026-04-13,601318,14:01:05,57.7600,77,1
2026-04-13,601318,14:01:08,57.7700,75,1
2026-04-13,601318,14:01:11,57.7500,160,2
2026-04-13,601318,14:01:14,57.7300,80,2
2026-04-13,601318,14:01:17,57.7500,84,1
2026-04-13,601318,14:01:20,57.7300,55,2
2026-04-13,601318,14:01:23,57.7300,79,2
2026-04-13,601318,14:01:26,57.7400,63,1
2026-04-13,601318,14:01:29,57.7400,67,1
2026-04-13,601318,14:01:32,57.7300,231,2
2026-04-13,601318,14:01:35,57.7200,265,2
2026-04-13,601318,14:01:38,57.7300,97,1
2026-04-13,601318,14:01:41,57.7300,135,2
2026-04-13,601318,14:01:44,57.7400,131,1
2026-04-13,601318,14:01:47,57.7300,50,2
2026-04-13,601318,14:01:50,57.7300,45,2
2026-04-13,601318,14:01:53,57.7300,94,2
2026-04-13,601318,14:01:56,57.7300,108,2
2026-04-13,601318,14:01:59,57.7500,23,1
2026-04-13,601318,14:02:02,57.7500,120,1
2026-04-13,601318,14:02:05,57.7400,41,2
2026-04-13,601318,14:02:08,57.7300,59,2
2026-04-13,601318,14:02:11,57.7400,115,4
2026-04-13,601318,14:02:14,57.7300,68,2
2026-04-13,601318,14:02:17,57.7600,40,1
2026-04-13,601318,14:02:20,57.7500,63,2
2026-04-13,601318,14:02:23,57.7400,113,2
2026-04-13,601318,14:02:26,57.7500,71,1
2026-04-13,601318,14:02:29,57.7400,9,4
2026-04-13,601318,14:02:32,57.7300,136,2
2026-04-13,601318,14:02:35,57.7400,108,2
2026-04-13,601318,14:02:38,57.7400,60,2
2026-04-13,601318,14:02:41,57.7500,123,2
2026-04-13,601318,14:02:44,57.7600,146,4
2026-04-13,601318,14:02:47,57.7500,115,2
2026-04-13,601318,14:02:50,57.7500,19,2
2026-04-13,601318,14:02:53,57.7600,130,2
2026-04-13,601318,14:02:56,57.7500,52,2
2026-04-13,601318,14:02:59,57.7500,38,2
2026-04-13,601318,14:03:02,57.7400,92,2
2026-04-13,601318,14:03:05,57.7600,145,1
2026-04-13,601318,14:03:08,57.7400,64,2
2026-04-13,601318,14:03:11,57.7300,138,2
2026-04-13,601318,14:03:14,57.7300,34,2
2026-04-13,601318,14:03:17,57.7500,95,1
2026-04-13,601318,14:03:20,57.7300,115,2
2026-04-13,601318,14:03:23,57.7500,100,1
2026-04-13,601318,14:03:26,57.7400,79,2
2026-04-13,601318,14:03:29,57.7300,53,2
2026-04-13,601318,14:03:32,57.7400,153,4
2026-04-13,601318,14:03:35,57.7400,146,2
2026-04-13,601318,14:03:38,57.7300,137,2
2026-04-13,601318,14:03:41,57.7400,131,1
2026-04-13,601318,14:03:44,57.7200,105,2
2026-04-13,601318,14:03:47,57.7500,71,1
2026-04-13,601318,14:03:50,57.7400,63,2
2026-04-13,601318,14:03:53,57.7300,50,4
2026-04-13,601318,14:03:56,57.7400,152,1
2026-04-13,601318,14:03:59,57.7400,58,2
2026-04-13,601318,14:04:02,57.7400,84,2
2026-04-13,601318,14:04:05,57.7400,89,2
2026-04-13,601318,14:04:08,57.7500,91,1
2026-04-13,601318,14:04:11,57.7400,113,2
2026-04-13,601318,14:04:14,57.7400,65,2
2026-04-13,601318,14:04:17,57.7500,43,1
2026-04-13,601318,14:04:20,57.7400,84,2
2026-04-13,601318,14:04:23,57.7400,86,2
2026-04-13,601318,14:04:26,57.7500,69,1
2026-04-13,601318,14:04:29,57.7400,32,2
2026-04-13,601318,14:04:32,57.7400,76,2
2026-04-13,601318,14:04:35,57.7400,169,2
2026-04-13,601318,14:04:38,57.7500,45,1
2026-04-13,601318,14:04:41,57.7500,121,2
2026-04-13,601318,14:04:44,57.7500,47,2
2026-04-13,601318,14:04:47,57.7600,165,1
2026-04-13,601318,14:04:50,57.7600,86,1
2026-04-13,601318,14:04:53,57.7600,175,2
2026-04-13,601318,14:04:56,57.7600,32,2
2026-04-13,601318,14:04:59,57.7500,48,2
2026-04-13,601318,14:05:02,57.7500,83,2
2026-04-13,601318,14:05:05,57.7500,96,2
2026-04-13,601318,14:05:08,57.7700,67,1
2026-04-13,601318,14:05:11,57.7700,122,1
2026-04-13,601318,14:05:14,57.7600,88,4
2026-04-13,601318,14:05:17,57.7500,76,2
2026-04-13,601318,14:05:20,57.7400,76,2
2026-04-13,601318,14:05:23,57.7400,152,2
2026-04-13,601318,14:05:26,57.7400,116,2
2026-04-13,601318,14:05:29,57.7500,229,1
2026-04-13,601318,14:05:32,57.7600,134,4
2026-04-13,601318,14:05:35,57.7400,111,2
2026-04-13,601318,14:05:38,57.7400,39,2
2026-04-13,601318,14:05:41,57.7400,106,2
2026-04-13,601318,14:05:44,57.7600,95,1
2026-04-13,601318,14:05:47,57.7500,76,4
2026-04-13,601318,14:05:50,57.7500,72,2
2026-04-13,601318,14:05:53,57.7700,142,1
2026-04-13,601318,14:05:56,57.7600,39,4
2026-04-13,601318,14:05:59,57.7600,62,1
2026-04-13,601318,14:06:02,57.7400,206,2
2026-04-13,601318,14:06:05,57.7400,94,2
2026-04-13,601318,14:06:08,57.7500,186,1
2026-04-13,601318,14:06:11,57.7500,78,2
2026-04-13,601318,14:06:14,57.7400,179,2
2026-04-13,601318,14:06:17,57.7600,125,1
2026-04-13,601318,14:06:20,57.7400,79,2
2026-04-13,601318,14:06:23,57.7300,81,2
2026-04-13,601318,14:06:26,57.7500,48,1
2026-04-13,601318,14:06:29,57.7300,23,2
2026-04-13,601318,14:06:32,57.7300,113,2
2026-04-13,601318,14:06:35,57.7400,180,1
2026-04-13,601318,14:06:38,57.7300,169,2
2026-04-13,601318,14:06:41,57.7300,120,2
2026-04-13,601318,14:06:44,57.7300,127,2
2026-04-13,601318,14:06:47,57.7300,51,2
2026-04-13,601318,14:06:50,57.7300,83,2
2026-04-13,601318,14:06:53,57.7300,60,2
2026-04-13,601318,14:06:56,57.7300,68,2
2026-04-13,601318,14:06:59,57.7300,49,2
2026-04-13,601318,10:56:59,57.9100,117,2
2026-04-13,601318,10:57:02,57.9100,62,2
2026-04-13,601318,10:57:05,57.9200,36,1
2026-04-13,601318,10:57:08,57.9200,31,1
2026-04-13,601318,10:57:11,57.9200,10,1
2026-04-13,601318,10:57:14,57.9100,34,2
2026-04-13,601318,10:57:17,57.9200,163,1
2026-04-13,601318,10:57:20,57.9100,8,2
2026-04-13,601318,10:57:23,57.9200,146,1
2026-04-13,601318,10:57:26,57.9100,32,2
2026-04-13,601318,10:57:29,57.9000,20,2
2026-04-13,601318,10:57:32,57.9000,21,2
2026-04-13,601318,10:57:35,57.9100,94,1
2026-04-13,601318,10:57:38,57.9100,19,1
2026-04-13,601318,10:57:41,57.9000,8,2
2026-04-13,601318,10:57:44,57.9000,9,2
2026-04-13,601318,10:57:47,57.9000,45,2
2026-04-13,601318,10:57:50,57.9000,29,2
2026-04-13,601318,10:57:53,57.9100,22,1
2026-04-13,601318,10:57:56,57.9100,29,1
2026-04-13,601318,10:57:59,57.9100,12,1
2026-04-13,601318,10:58:02,57.9000,43,2
2026-04-13,601318,10:58:05,57.9000,105,2
2026-04-13,601318,10:58:08,57.9000,14,2
2026-04-13,601318,10:58:11,57.9000,23,2
2026-04-13,601318,10:58:14,57.9100,33,1
2026-04-13,601318,10:58:17,57.9100,20,1
2026-04-13,601318,10:58:20,57.9000,48,2
2026-04-13,601318,10:58:23,57.9100,27,1
2026-04-13,601318,10:58:26,57.9100,35,1
2026-04-13,601318,10:58:29,57.9100,38,1
2026-04-13,601318,10:58:32,57.9000,48,2
2026-04-13,601318,10:58:35,57.9000,21,2
2026-04-13,601318,10:58:38,57.9000,28,2
2026-04-13,601318,10:58:41,57.9100,493,1
2026-04-13,601318,10:58:44,57.9300,17,1
2026-04-13,601318,10:58:47,57.9300,8,1
2026-04-13,601318,10:58:50,57.9300,61,1
2026-04-13,601318,10:58:53,57.9300,44,1
2026-04-13,601318,10:58:56,57.9200,29,2
2026-04-13,601318,10:58:59,57.9100,31,2
2026-04-13,601318,10:59:02,57.9100,61,2
2026-04-13,601318,10:59:05,57.9200,15,1
2026-04-13,601318,10:59:08,57.9200,58,1
2026-04-13,601318,10:59:11,57.9100,44,2
2026-04-13,601318,10:59:14,57.9100,24,2
2026-04-13,601318,10:59:17,57.9100,46,2
2026-04-13,601318,10:59:20,57.9100,11,1
2026-04-13,601318,10:59:23,57.9100,116,1
2026-04-13,601318,10:59:26,57.9000,108,2
2026-04-13,601318,10:59:29,57.9000,68,2
2026-04-13,601318,10:59:32,57.9000,150,2
2026-04-13,601318,10:59:35,57.9100,35,4
2026-04-13,601318,10:59:38,57.9000,35,2
2026-04-13,601318,10:59:41,57.9100,77,2
2026-04-13,601318,10:59:44,57.9100,21,2
2026-04-13,601318,10:59:47,57.9000,38,2
2026-04-13,601318,10:59:50,57.9000,28,2
2026-04-13,601318,10:59:53,57.9000,49,2
2026-04-13,601318,10:59:56,57.9100,34,1
2026-04-13,601318,10:59:59,57.9100,27,2
2026-04-13,601318,11:00:02,57.9100,34,2
2026-04-13,601318,11:00:05,57.9200,21,1
2026-04-13,601318,11:00:08,57.9000,164,2
2026-04-13,601318,11:00:11,57.9100,15,1
2026-04-13,601318,11:00:14,57.9000,67,2
2026-04-13,601318,11:00:17,57.9100,39,1
2026-04-13,601318,11:00:20,57.9000,87,2
2026-04-13,601318,11:00:23,57.8900,76,2
2026-04-13,601318,11:00:26,57.8900,104,2
2026-04-13,601318,11:00:29,57.8900,229,2
2026-04-13,601318,11:00:32,57.8900,26,2
2026-04-13,601318,11:00:35,57.8900,52,2
2026-04-13,601318,11:00:38,57.9000,89,1
2026-04-13,601318,11:00:41,57.9000,59,1
2026-04-13,601318,11:00:44,57.9000,36,1
2026-04-13,601318,11:00:47,57.8900,34,2
2026-04-13,601318,11:00:50,57.9000,78,1
2026-04-13,601318,11:00:53,57.9000,58,1
2026-04-13,601318,11:00:56,57.9000,55,1
2026-04-13,601318,11:00:59,57.9000,52,1
2026-04-13,601318,11:01:02,57.9000,11,1
2026-04-13,601318,11:01:05,57.8900,70,2
2026-04-13,601318,11:01:08,57.8900,82,2
2026-04-13,601318,11:01:11,57.9000,44,1
2026-04-13,601318,11:01:14,57.9000,17,1
2026-04-13,601318,11:01:17,57.8900,133,2
2026-04-13,601318,11:01:20,57.9000,617,1
2026-04-13,601318,11:01:23,57.8900,58,2
2026-04-13,601318,11:01:26,57.8900,130,2
2026-04-13,601318,11:01:29,57.8800,108,2
2026-04-13,601318,11:01:32,57.8900,162,1
2026-04-13,601318,11:01:35,57.8900,77,2
2026-04-13,601318,11:01:38,57.8900,37,2
2026-04-13,601318,11:01:41,57.8800,50,2
2026-04-13,601318,11:01:44,57.8800,42,2
2026-04-13,601318,11:01:47,57.8900,48,1
2026-04-13,601318,11:01:50,57.8800,41,2
2026-04-13,601318,11:01:53,57.8800,67,2
2026-04-13,601318,11:01:56,57.8900,40,1
2026-04-13,601318,11:01:59,57.8800,51,2
2026-04-13,601318,11:02:02,57.8800,28,2
2026-04-13,601318,11:02:05,57.8900,56,1
2026-04-13,601318,11:02:08,57.8800,62,2
2026-04-13,601318,11:02:11,57.8800,59,2
2026-04-13,601318,11:02:14,57.8900,16,1
2026-04-13,601318,11:02:17,57.8900,27,1
2026-04-13,601318,11:02:20,57.8800,32,2
2026-04-13,601318,11:02:23,57.8800,49,2
2026-04-13,601318,11:02:26,57.8900,53,1
2026-04-13,601318,11:02:29,57.8900,38,1
2026-04-13,601318,11:02:32,57.8900,84,1
2026-04-13,601318,11:02:35,57.8900,29,2
2026-04-13,601318,11:02:38,57.8800,490,2
2026-04-13,601318,11:02:41,57.8900,59,1
2026-04-13,601318,11:02:44,57.9000,13,1
2026-04-13,601318,11:02:47,57.8900,43,2
2026-04-13,601318,11:02:50,57.8900,38,2
2026-04-13,601318,11:02:53,57.8900,117,2
2026-04-13,601318,11:02:56,57.9000,58,2
2026-04-13,601318,11:02:59,57.9100,172,1
2026-04-13,601318,11:03:02,57.9100,28,1
2026-04-13,601318,11:03:05,57.8900,177,2
2026-04-13,601318,11:03:08,57.8900,190,2
2026-04-13,601318,11:03:11,57.9100,180,1
2026-04-13,601318,11:03:14,57.9000,70,2
2026-04-13,601318,11:03:17,57.9000,193,2
2026-04-13,601318,11:03:20,57.8900,95,2
2026-04-13,601318,11:03:23,57.9000,25,1
2026-04-13,601318,11:03:26,57.8900,56,2
2026-04-13,601318,11:03:29,57.8900,71,2
2026-04-13,601318,11:03:32,57.9000,41,1
2026-04-13,601318,11:03:35,57.8900,26,2
2026-04-13,601318,11:03:38,57.8900,30,2
2026-04-13,601318,11:03:41,57.9000,55,1
2026-04-13,601318,11:03:44,57.8900,13,2
2026-04-13,601318,11:03:47,57.8900,7,2
2026-04-13,601318,11:03:50,57.9000,62,1
2026-04-13,601318,11:03:53,57.8900,85,2
2026-04-13,601318,11:03:56,57.8900,65,2
2026-04-13,601318,11:03:59,57.9000,15,1
2026-04-13,601318,11:04:02,57.8900,47,2
2026-04-13,601318,11:04:05,57.8900,48,1
2026-04-13,601318,11:04:08,57.8900,174,1
2026-04-13,601318,11:04:11,57.8900,149,1
2026-04-13,601318,11:04:14,57.8900,24,2
2026-04-13,601318,11:04:17,57.8800,80,2
2026-04-13,601318,11:04:20,57.8800,90,2
2026-04-13,601318,11:04:23,57.8800,1396,2
2026-04-13,601318,11:04:26,57.8700,140,2
2026-04-13,601318,11:04:29,57.8800,110,1
2026-04-13,601318,11:04:32,57.8800,21,1
2026-04-13,601318,11:04:35,57.8700,94,2
2026-04-13,601318,11:04:38,57.8700,42,2
2026-04-13,601318,11:04:41,57.8800,39,1
2026-04-13,601318,11:04:44,57.8800,372,1
2026-04-13,601318,11:04:47,57.8700,196,2
2026-04-13,601318,11:04:50,57.8800,132,1
2026-04-13,601318,11:04:53,57.8800,227,1
2026-04-13,601318,11:04:56,57.8700,143,2
2026-04-13,601318,11:04:59,57.8900,108,1
2026-04-13,601318,11:05:02,57.8700,45,2
2026-04-13,601318,11:05:05,57.8700,92,2
2026-04-13,601318,11:05:08,57.8700,93,2
2026-04-13,601318,11:05:11,57.8700,82,2
2026-04-13,601318,11:05:14,57.8700,50,2
2026-04-13,601318,11:05:17,57.8700,56,2
2026-04-13,601318,11:05:20,57.8800,220,1
2026-04-13,601318,11:05:23,57.8800,142,2
2026-04-13,601318,11:05:26,57.8800,54,2
2026-04-13,601318,11:05:29,57.8800,8,2
2026-04-13,601318,11:05:32,57.8800,19,2
2026-04-13,601318,11:05:35,57.8900,41,1
2026-04-13,601318,11:05:38,57.8800,82,2
2026-04-13,601318,11:05:41,57.8900,60,1
2026-04-13,601318,11:05:44,57.8800,29,2
2026-04-13,601318,11:05:47,57.8800,122,2
2026-04-13,601318,11:05:50,57.8900,72,1
2026-04-13,601318,11:05:53,57.8800,1,2
2026-04-13,601318,11:05:56,57.8900,56,1
2026-04-13,601318,11:05:59,57.8900,155,1
2026-04-13,601318,11:06:02,57.8900,26,2
2026-04-13,601318,11:06:05,57.8900,17,2
2026-04-13,601318,11:06:08,57.8900,26,2
2026-04-13,601318,11:06:14,57.9000,11,1
2026-04-13,601318,11:06:17,57.9000,31,1
2026-04-13,601318,11:06:20,57.8900,66,2
2026-04-13,601318,11:06:23,57.9000,142,1
2026-04-13,601318,11:06:26,57.9000,95,2
2026-04-13,601318,11:06:29,57.8900,41,2
2026-04-13,601318,11:06:32,57.9000,36,1
2026-04-13,601318,11:06:35,57.8900,63,2
2026-04-13,601318,11:06:38,57.8900,85,2
2026-04-13,601318,11:06:41,57.8900,83,2
2026-04-13,601318,11:06:44,57.8900,74,2
2026-04-13,601318,11:06:47,57.8800,51,2
2026-04-13,601318,11:06:50,57.8800,35,2
2026-04-13,601318,11:06:53,57.8800,92,2
2026-04-13,601318,11:06:56,57.8800,120,2
2026-04-13,601318,11:06:59,57.8900,114,1
2026-04-13,601318,11:07:02,57.8900,27,1
2026-04-13,601318,11:07:05,57.8900,68,1
2026-04-13,601318,11:07:08,57.8800,48,2
2026-04-13,601318,11:07:11,57.8900,104,1
2026-04-13,601318,11:07:14,57.8800,84,2
2026-04-13,601318,11:07:17,57.8800,56,2
2026-04-13,601318,11:07:20,57.8800,40,2
2026-04-13,601318,11:07:23,57.8800,28,2
2026-04-13,601318,11:07:26,57.8800,91,2
2026-04-13,601318,11:07:29,57.8800,114,2
2026-04-13,601318,11:07:32,57.8900,166,1
2026-04-13,601318,11:07:35,57.8900,66,1
2026-04-13,601318,11:07:38,57.8900,68,1
2026-04-13,601318,11:07:41,57.8900,43,1
2026-04-13,601318,11:07:44,57.8800,85,2
2026-04-13,601318,11:07:47,57.8800,135,2
2026-04-13,601318,11:07:50,57.8800,97,2
2026-04-13,601318,11:07:53,57.8900,95,1
2026-04-13,601318,11:07:56,57.8900,23,2
2026-04-13,601318,11:07:59,57.8800,79,2
2026-04-13,601318,11:08:02,57.8800,65,2
2026-04-13,601318,11:08:05,57.8900,34,1
2026-04-13,601318,11:08:08,57.8900,34,2
2026-04-13,601318,11:08:11,57.8900,13,2
2026-04-13,601318,11:08:14,57.9000,16,1
2026-04-13,601318,11:08:17,57.9100,156,1
2026-04-13,601318,11:08:20,57.9000,26,2
2026-04-13,601318,11:08:23,57.9000,15,2
2026-04-13,601318,11:08:26,57.9000,30,2
2026-04-13,601318,11:08:29,57.9100,71,1
2026-04-13,601318,11:08:32,57.9100,3,2
2026-04-13,601318,11:08:35,57.9200,31,1
2026-04-13,601318,11:08:38,57.9200,98,1
2026-04-13,601318,11:08:41,57.9100,102,2
2026-04-13,601318,11:08:44,57.9000,94,2
2026-04-13,601318,11:08:47,57.9000,67,2
2026-04-13,601318,11:08:50,57.9100,208,1
2026-04-13,601318,11:08:53,57.9100,10,2
2026-04-13,601318,11:08:56,57.9100,153,2
2026-04-13,601318,11:08:59,57.9000,393,2
2026-04-13,601318,11:09:02,57.9000,44,2
2026-04-13,601318,11:09:05,57.8900,219,2
2026-04-13,601318,11:09:08,57.8900,86,2
2026-04-13,601318,11:09:11,57.8900,66,2
2026-04-13,601318,11:09:14,57.8900,73,2
2026-04-13,601318,11:09:17,57.8800,189,2
2026-04-13,601318,11:09:20,57.8800,82,2
2026-04-13,601318,11:09:23,57.8900,66,4
2026-04-13,601318,11:09:26,57.8900,80,2
2026-04-13,601318,11:09:29,57.9000,100,1
2026-04-13,601318,11:09:32,57.9000,22,1
2026-04-13,601318,11:09:35,57.8800,77,2
2026-04-13,601318,11:09:38,57.8800,77,2
2026-04-13,601318,11:09:41,57.8900,41,1
2026-04-13,601318,11:09:44,57.9000,43,1
2026-04-13,601318,11:09:47,57.8800,74,2
2026-04-13,601318,11:09:50,57.8900,54,1
2026-04-13,601318,11:09:53,57.8800,13,2
2026-04-13,601318,11:09:56,57.8800,30,2
2026-04-13,601318,11:09:59,57.8900,64,1
2026-04-13,601318,11:10:02,57.8800,66,2
2026-04-13,601318,11:10:05,57.8800,74,2
2026-04-13,601318,11:10:08,57.8800,70,2
2026-04-13,601318,11:10:11,57.8800,41,2
2026-04-13,601318,11:10:14,57.8800,33,2
2026-04-13,601318,11:10:17,57.8800,661,2
2026-04-13,601318,11:10:20,57.8700,48,2
2026-04-13,601318,11:10:23,57.8700,51,2
2026-04-13,601318,11:10:26,57.8700,106,2
2026-04-13,601318,11:10:29,57.8700,30,2
2026-04-13,601318,11:10:32,57.8800,379,1
2026-04-13,601318,11:10:35,57.8700,104,2
2026-04-13,601318,11:10:38,57.8800,40,1
2026-04-13,601318,11:10:41,57.8700,117,2
2026-04-13,601318,11:10:44,57.8700,52,2
2026-04-13,601318,11:10:47,57.8800,96,1
2026-04-13,601318,11:10:50,57.8700,91,2
2026-04-13,601318,11:10:53,57.8700,63,2
2026-04-13,601318,11:10:56,57.8800,50,1
2026-04-13,601318,11:10:59,57.8700,148,2
2026-04-13,601318,11:11:02,57.8700,41,2
2026-04-13,601318,11:11:05,57.8700,126,2
2026-04-13,601318,11:11:08,57.8700,195,2
2026-04-13,601318,11:11:11,57.8800,179,1
2026-04-13,601318,11:11:14,57.8800,60,1
2026-04-13,601318,11:11:17,57.8600,717,2
2026-04-13,601318,11:11:20,57.8500,1879,2
2026-04-13,601318,11:11:23,57.8500,69,2
2026-04-13,601318,11:11:26,57.8500,809,2
2026-04-13,601318,11:11:29,57.8500,687,2
2026-04-13,601318,11:11:32,57.8500,138,2
2026-04-13,601318,11:11:35,57.8400,67,2
2026-04-13,601318,11:11:38,57.8400,284,2
2026-04-13,601318,11:11:41,57.8400,294,2
2026-04-13,601318,11:11:44,57.8500,116,1
2026-04-13,601318,11:11:47,57.8300,196,2
2026-04-13,601318,11:11:50,57.8400,274,1
2026-04-13,601318,11:11:53,57.8300,27,2
2026-04-13,601318,11:11:56,57.8200,687,2
2026-04-13,601318,11:11:59,57.8200,183,2
2026-04-13,601318,11:12:02,57.8200,83,2
2026-04-13,601318,11:12:05,57.8200,175,2
2026-04-13,601318,11:12:08,57.8300,141,1
2026-04-13,601318,11:12:11,57.8300,279,1
2026-04-13,601318,11:12:14,57.8200,375,2
2026-04-13,601318,11:12:17,57.8100,258,2
2026-04-13,601318,11:12:20,57.8200,75,4
2026-04-13,601318,11:12:23,57.8100,149,2
2026-04-13,601318,11:12:26,57.8100,99,2
2026-04-13,601318,11:12:29,57.8200,68,1
2026-04-13,601318,11:12:32,57.8200,80,1
2026-04-13,601318,11:12:35,57.8100,237,2
2026-04-13,601318,11:12:38,57.8200,130,1
2026-04-13,601318,11:12:41,57.8200,86,1
2026-04-13,601318,11:12:44,57.8200,51,1
2026-04-13,601318,11:12:47,57.8200,107,1
2026-04-13,601318,11:12:50,57.8200,34,1
2026-04-13,601318,11:12:53,57.8200,116,1
2026-04-13,601318,11:12:56,57.8200,134,2
2026-04-13,601318,11:12:59,57.8200,378,1
2026-04-13,601318,11:13:02,57.8100,128,2
2026-04-13,601318,11:13:05,57.8200,114,1
2026-04-13,601318,11:13:08,57.8100,63,2
2026-04-13,601318,11:13:11,57.8200,135,1
2026-04-13,601318,11:13:14,57.8200,84,2
2026-04-13,601318,11:13:17,57.8200,16,2
2026-04-13,601318,11:13:20,57.8200,68,2
2026-04-13,601318,11:13:23,57.8200,11,2
2026-04-13,601318,11:13:26,57.8200,49,2
2026-04-13,601318,11:13:29,57.8200,47,2
2026-04-13,601318,11:13:32,57.8200,16,2
2026-04-13,601318,11:13:35,57.8300,28,1
2026-04-13,601318,11:13:38,57.8300,25,1
2026-04-13,601318,11:13:41,57.8300,21,1
2026-04-13,601318,11:13:44,57.8200,77,2
2026-04-13,601318,11:13:47,57.8300,58,1
2026-04-13,601318,11:13:50,57.8200,84,2
2026-04-13,601318,11:13:53,57.8200,31,2
2026-04-13,601318,11:13:56,57.8300,38,1
2026-04-13,601318,11:13:59,57.8200,31,2
2026-04-13,601318,11:14:02,57.8300,3,1
2026-04-13,601318,11:14:05,57.8200,6,2
2026-04-13,601318,11:14:08,57.8300,587,1
2026-04-13,601318,11:14:11,57.8300,71,1
2026-04-13,601318,11:14:14,57.8400,164,1
2026-04-13,601318,11:14:17,57.8300,462,2
2026-04-13,601318,11:14:20,57.8400,74,1
2026-04-13,601318,11:14:23,57.8400,109,1
2026-04-13,601318,11:14:26,57.8400,160,2
2026-04-13,601318,11:14:29,57.8400,422,2
2026-04-13,601318,11:14:32,57.8500,245,1
2026-04-13,601318,11:14:35,57.8500,74,1
2026-04-13,601318,11:14:38,57.8400,89,2
2026-04-13,601318,11:14:41,57.8300,74,2
2026-04-13,601318,11:14:44,57.8300,37,2
2026-04-13,601318,11:14:47,57.8300,10,2
2026-04-13,601318,11:14:50,57.8300,22,2
2026-04-13,601318,11:14:53,57.8300,40,2
2026-04-13,601318,11:14:56,57.8300,34,2
2026-04-13,601318,11:14:59,57.8300,61,2
2026-04-13,601318,11:15:02,57.8400,18,1
2026-04-13,601318,11:15:05,57.8400,266,1
2026-04-13,601318,11:15:08,57.8200,20,2
2026-04-13,601318,11:15:11,57.8300,78,1
2026-04-13,601318,11:15:14,57.8300,11,1
2026-04-13,601318,11:15:17,57.8300,51,1
2026-04-13,601318,11:15:20,57.8200,76,2
2026-04-13,601318,11:15:23,57.8200,11,2
2026-04-13,601318,11:15:26,57.8300,38,1
2026-04-13,601318,11:15:29,57.8200,85,2
2026-04-13,601318,11:15:32,57.8200,30,2
2026-04-13,601318,11:15:35,57.8200,46,2
2026-04-13,601318,11:15:38,57.8300,24,1
2026-04-13,601318,11:15:41,57.8300,26,1
2026-04-13,601318,11:15:44,57.8200,133,2
2026-04-13,601318,11:15:47,57.8300,29,1
2026-04-13,601318,11:15:50,57.8200,64,2
2026-04-13,601318,11:15:53,57.8200,82,2
2026-04-13,601318,11:15:56,57.8200,279,2
2026-04-13,601318,11:15:59,57.8200,149,2
2026-04-13,601318,11:16:02,57.8200,65,2
2026-04-13,601318,11:16:05,57.8200,117,2
2026-04-13,601318,11:16:08,57.8300,574,1
2026-04-13,601318,11:16:11,57.8200,60,2
2026-04-13,601318,11:16:14,57.8200,132,2
2026-04-13,601318,11:16:17,57.8200,36,2
2026-04-13,601318,11:16:20,57.8300,111,1
2026-04-13,601318,11:16:23,57.8200,49,2
2026-04-13,601318,11:16:26,57.8200,51,2
2026-04-13,601318,11:16:29,57.8200,78,2
2026-04-13,601318,11:16:32,57.8200,26,2
2026-04-13,601318,11:16:35,57.8200,156,2
2026-04-13,601318,11:16:38,57.8100,77,2
2026-04-13,601318,11:16:41,57.8200,32,4
2026-04-13,601318,11:16:44,57.8100,51,2
2026-04-13,601318,11:16:47,57.8100,288,2
2026-04-13,601318,11:16:50,57.8100,213,2
2026-04-13,601318,11:16:53,57.8100,99,2
2026-04-13,601318,11:16:56,57.8100,2,2
2026-04-13,601318,11:16:59,57.8100,49,2
2026-04-13,601318,11:17:02,57.8200,73,1
2026-04-13,601318,11:17:05,57.8100,39,2
2026-04-13,601318,11:17:08,57.8100,45,2
2026-04-13,601318,11:17:11,57.8200,37,1
2026-04-13,601318,11:17:14,57.8200,47,1
2026-04-13,601318,11:17:17,57.8200,78,1
2026-04-13,601318,11:17:20,57.8100,47,2
2026-04-13,601318,11:17:23,57.8200,17,1
2026-04-13,601318,11:17:26,57.8200,43,1
2026-04-13,601318,11:17:29,57.8200,54,1
2026-04-13,601318,11:17:32,57.8200,50,1
2026-04-13,601318,11:17:35,57.8100,25,2
2026-04-13,601318,11:17:38,57.8100,29,2
2026-04-13,601318,11:17:41,57.8200,83,1
2026-04-13,601318,11:17:44,57.8100,42,2
2026-04-13,601318,11:17:47,57.8100,48,2
2026-04-13,601318,11:17:50,57.8100,61,2
2026-04-13,601318,11:17:53,57.8100,49,2
2026-04-13,601318,11:17:56,57.8200,72,1
2026-04-13,601318,11:17:59,57.8200,149,1
2026-04-13,601318,11:18:02,57.8200,40,1
2026-04-13,601318,11:18:05,57.8100,78,2
2026-04-13,601318,11:18:08,57.8200,51,1
2026-04-13,601318,11:18:11,57.8100,48,2
2026-04-13,601318,11:18:14,57.8200,50,1
2026-04-13,601318,11:18:17,57.8200,125,1
2026-04-13,601318,11:18:20,57.8100,169,2
2026-04-13,601318,11:18:23,57.8100,89,2
2026-04-13,601318,11:18:26,57.8100,48,2
2026-04-13,601318,11:18:29,57.8100,31,2
2026-04-13,601318,11:18:32,57.8200,76,1
2026-04-13,601318,11:18:35,57.8100,137,2
2026-04-13,601318,11:18:38,57.8100,34,2
2026-04-13,601318,11:18:41,57.8100,146,2
2026-04-13,601318,11:18:44,57.8100,24,2
2026-04-13,601318,11:18:47,57.8100,143,2
2026-04-13,601318,11:18:50,57.8100,187,2
2026-04-13,601318,11:18:53,57.8100,117,2
2026-04-13,601318,11:18:56,57.8200,16,1
2026-04-13,601318,11:18:59,57.8100,71,2
2026-04-13,601318,11:19:02,57.8100,11,2
2026-04-13,601318,11:19:05,57.8200,654,1
2026-04-13,601318,11:19:08,57.8000,134,2
2026-04-13,601318,11:19:11,57.8000,73,2
2026-04-13,601318,11:19:14,57.8100,39,1
2026-04-13,601318,11:19:17,57.8100,90,1
2026-04-13,601318,11:19:20,57.8000,55,2
2026-04-13,601318,11:19:23,57.8000,52,2
2026-04-13,601318,11:19:26,57.8000,93,2
2026-04-13,601318,11:19:29,57.8100,46,1
2026-04-13,601318,11:19:32,57.8000,82,2
2026-04-13,601318,11:19:35,57.8000,109,2
2026-04-13,601318,11:19:38,57.8000,110,2
2026-04-13,601318,11:19:41,57.8100,34,1
2026-04-13,601318,11:19:44,57.8000,39,2
2026-04-13,601318,11:19:47,57.8100,339,1
2026-04-13,601318,11:19:50,57.8000,127,2
2026-04-13,601318,11:19:53,57.7900,16980,2
2026-04-13,601318,11:19:56,57.7600,4673,2
2026-04-13,601318,11:19:59,57.7800,1533,1
2026-04-13,601318,11:20:02,57.7400,23,2
2026-04-13,601318,11:20:05,57.7300,323,2
2026-04-13,601318,11:20:08,57.7300,74,2
2026-04-13,601318,11:20:11,57.7400,34,1
2026-04-13,601318,11:20:14,57.7300,621,2
2026-04-13,601318,11:20:17,57.7400,288,1
2026-04-13,601318,11:20:20,57.7700,183,1
2026-04-13,601318,11:20:23,57.7600,41,2
2026-04-13,601318,11:20:26,57.7800,20,1
2026-04-13,601318,11:20:29,57.7400,137,2
2026-04-13,601318,11:20:32,57.7800,133,1
2026-04-13,601318,11:20:35,57.7500,35,2
