date,code,time,price,volume,bs
2026-03-25,600036,14:06:15,39.1200,30,1
2026-03-25,600036,14:06:18,39.1200,10,1
2026-03-25,600036,14:06:21,39.1200,35,1
2026-03-25,600036,14:06:24,39.1200,12,1
2026-03-25,600036,14:06:27,39.1100,31,2
2026-03-25,600036,14:06:30,39.1100,39,2
2026-03-25,600036,14:06:33,39.1100,54,2
2026-03-25,600036,14:06:36,39.1000,124,2
2026-03-25,600036,14:06:39,39.1000,5,1
2026-03-25,600036,14:06:42,39.1000,11,1
2026-03-25,600036,14:06:45,39.1000,6,1
2026-03-25,600036,14:06:48,39.1000,8,1
2026-03-25,600036,14:06:51,39.1000,37,1
2026-03-25,600036,14:06:54,39.1000,22,1
2026-03-25,600036,14:06:57,39.0900,1,2
2026-03-25,600036,14:07:03,39.1000,43,1
2026-03-25,600036,14:07:06,39.1000,37,1
2026-03-25,600036,14:07:09,39.1100,496,1
2026-03-25,600036,14:07:12,39.1100,17,1
2026-03-25,600036,14:07:15,39.1000,5,2
2026-03-25,600036,14:07:18,39.1100,129,1
2026-03-25,600036,14:07:21,39.1200,37,1
2026-03-25,600036,14:07:24,39.1100,11,2
2026-03-25,600036,14:07:27,39.1100,4,2
2026-03-25,600036,14:07:30,39.1200,86,1
2026-03-25,600036,14:07:33,39.1200,76,1
2026-03-25,600036,14:07:36,39.1100,26,2
2026-03-25,600036,14:07:39,39.1100,7,2
2026-03-25,600036,14:07:42,39.1200,2,1
2026-03-25,600036,14:07:45,39.1200,116,1
2026-03-25,600036,14:07:48,39.1100,34,2
2026-03-25,600036,14:07:51,39.1100,58,2
2026-03-25,600036,14:07:54,39.1100,52,2
2026-03-25,600036,14:07:57,39.1200,372,1
2026-03-25,600036,14:08:00,39.1200,5,1
2026-03-25,600036,14:08:06,39.1100,3,2
2026-03-25,600036,14:08:09,39.1100,73,2
2026-03-25,600036,14:08:12,39.1200,109,1
2026-03-25,600036,14:08:15,39.1100,17,2
2026-03-25,600036,14:08:18,39.1200,7,1
2026-03-25,600036,14:08:21,39.1200,16,1
2026-03-25,600036,14:08:24,39.1200,21,1
2026-03-25,600036,14:08:27,39.1100,19,2
2026-03-25,600036,14:08:30,39.1200,33,1
2026-03-25,600036,14:08:33,39.1100,6,2
2026-03-25,600036,14:08:36,39.1200,73,1
2026-03-25,600036,14:08:39,39.1300,611,1
2026-03-25,600036,14:08:42,39.1100,32,2
2026-03-25,600036,14:08:45,39.1300,21,1
2026-03-25,600036,14:08:48,39.1200,51,2
2026-03-25,600036,14:08:51,39.1200,12,1
2026-03-25,600036,14:08:54,39.1400,605,1
2026-03-25,600036,14:08:57,39.1300,5,1
2026-03-25,600036,14:09:00,39.1200,16,2
2026-03-25,600036,14:09:03,39.1200,32,2
2026-03-25,600036,14:09:06,39.1300,9,1
2026-03-25,600036,14:09:09,39.1200,10,4
2026-03-25,600036,14:09:12,39.1200,317,1
2026-03-25,600036,14:09:15,39.1100,511,2
2026-03-25,600036,14:09:18,39.1100,119,1
2026-03-25,600036,14:09:21,39.1100,326,1
2026-03-25,600036,14:09:24,39.1100,75,1
2026-03-25,600036,14:09:27,39.1000,8,2
2026-03-25,600036,14:09:30,39.1000,83,2
2026-03-25,600036,14:09:33,39.1100,13,1
2026-03-25,600036,14:09:36,39.1100,2,1
2026-03-25,600036,14:09:42,39.1000,7,2
2026-03-25,600036,14:09:45,39.1000,34,2
2026-03-25,600036,14:09:48,39.1000,16,2
2026-03-25,600036,14:09:51,39.1100,83,1
2026-03-25,600036,14:09:54,39.1000,19,2
2026-03-25,600036,14:09:57,39.1000,22,2
2026-03-25,600036,14:10:03,39.1100,2,1
2026-03-25,600036,14:10:06,39.1100,6,1
2026-03-25,600036,14:10:09,39.1100,165,1
2026-03-25,600036,14:10:12,39.1100,588,1
2026-03-25,600036,14:10:15,39.1000,6,2
2026-03-25,600036,14:10:18,39.1100,21,1
2026-03-25,600036,14:10:21,39.1100,10,1
2026-03-25,600036,14:10:24,39.1100,25,1
2026-03-25,600036,14:10:27,39.1100,41,1
2026-03-25,600036,14:10:30,39.1000,51,2
2026-03-25,600036,14:10:33,39.1300,1136,1
2026-03-25,600036,14:10:36,39.1100,208,2
2026-03-25,600036,14:10:42,39.1100,5,2
2026-03-25,600036,14:10:45,39.1200,13,1
2026-03-25,600036,14:10:48,39.1100,145,2
2026-03-25,600036,14:10:51,39.1100,54,2
2026-03-25,600036,14:10:54,39.1100,3,2
2026-03-25,600036,14:10:57,39.1100,4,2
2026-03-25,600036,14:11:00,39.1200,9,1
2026-03-25,600036,14:11:03,39.1200,9,1
2026-03-25,600036,14:11:06,39.1100,22,2
2026-03-25,600036,14:11:09,39.1100,53,2
2026-03-25,600036,14:11:12,39.1100,82,2
2026-03-25,600036,14:11:15,39.1100,26,2
2026-03-25,600036,14:11:18,39.1100,39,2
2026-03-25,600036,14:11:21,39.1200,3,1
2026-03-25,600036,14:11:24,39.1100,3,2
2026-03-25,600036,14:11:27,39.1100,8,2
2026-03-25,600036,14:11:30,39.1200,87,1
2026-03-25,600036,14:11:33,39.1100,5,2
2026-03-25,600036,14:11:36,39.1100,29,2
2026-03-25,600036,14:11:39,39.1100,6,2
2026-03-25,600036,14:11:42,39.1100,314,2
2026-03-25,600036,14:11:45,39.1200,39,1
2026-03-25,600036,14:11:48,39.1200,105,1
2026-03-25,600036,14:11:51,39.1200,60,1
2026-03-25,600036,14:11:54,39.1100,36,2
2026-03-25,600036,14:11:57,39.1200,7,1
2026-03-25,600036,14:12:00,39.1200,7,1
2026-03-25,600036,14:12:03,39.1100,398,2
2026-03-25,600036,14:12:06,39.1100,113,2
2026-03-25,600036,14:12:09,39.1100,37,2
2026-03-25,600036,14:12:12,39.1100,45,1
2026-03-25,600036,14:12:15,39.1100,37,1
2026-03-25,600036,14:12:18,39.1100,2,1
2026-03-25,600036,14:12:21,39.1100,25,1
2026-03-25,600036,14:12:24,39.1100,4,1
2026-03-25,600036,14:12:27,39.1100,64,1
2026-03-25,600036,14:12:30,39.1000,67,2
2026-03-25,600036,14:12:33,39.1100,13,1
2026-03-25,600036,14:12:36,39.1000,3,2
2026-03-25,600036,14:12:39,39.1100,3,1
2026-03-25,600036,14:12:42,39.1000,22,2
2026-03-25,600036,14:12:45,39.1100,27,1
2026-03-25,600036,14:12:48,39.1000,4,2
2026-03-25,600036,14:12:51,39.1000,1,2
2026-03-25,600036,14:12:54,39.1000,1,2
2026-03-25,600036,14:12:57,39.1100,132,1
2026-03-25,600036,14:13:00,39.1200,558,1
2026-03-25,600036,14:13:03,39.1200,303,1
2026-03-25,600036,14:13:06,39.1200,22,1
2026-03-25,600036,14:13:09,39.1200,1,1
2026-03-25,600036,14:13:12,39.1200,29,1
2026-03-25,600036,14:13:15,39.1200,19,1
2026-03-25,600036,14:13:18,39.1200,1,1
2026-03-25,600036,14:13:24,39.1100,5,2
2026-03-25,600036,14:13:27,39.1100,7,2
2026-03-25,600036,14:13:30,39.1100,14,2
2026-03-25,600036,14:13:33,39.1100,34,2
2026-03-25,600036,14:13:36,39.1200,45,1
2026-03-25,600036,14:13:39,39.1100,31,2
2026-03-25,600036,14:13:42,39.1200,60,1
2026-03-25,600036,14:13:45,39.1100,167,2
2026-03-25,600036,14:13:48,39.1000,73,2
2026-03-25,600036,14:13:51,39.1000,27,2
2026-03-25,600036,14:13:54,39.1000,88,2
2026-03-25,600036,14:13:57,39.1000,42,2
2026-03-25,600036,14:14:00,39.1000,228,2
2026-03-25,600036,14:14:03,39.1000,1030,1
2026-03-25,600036,14:14:06,39.1000,65,2
2026-03-25,600036,14:14:09,39.1100,29,1
2026-03-25,600036,14:14:12,39.1000,23,2
2026-03-25,600036,14:14:15,39.1000,51,2
2026-03-25,600036,14:14:18,39.1000,37,1
2026-03-25,600036,14:14:21,39.1000,19,1
2026-03-25,600036,14:14:24,39.1000,9,1
2026-03-25,600036,14:14:27,39.1000,1,1
2026-03-25,600036,14:14:30,39.1000,1,1
2026-03-25,600036,14:14:33,39.0900,22,2
2026-03-25,600036,14:14:36,39.1000,11,1
2026-03-25,600036,14:14:39,39.1000,28,1
2026-03-25,600036,14:14:42,39.1000,447,1
2026-03-25,600036,14:14:45,39.1000,50,2
2026-03-25,600036,14:14:48,39.1000,7,2
2026-03-25,600036,14:14:51,39.1000,2,2
2026-03-25,600036,14:14:54,39.1000,239,2
2026-03-25,600036,14:15:00,39.1000,20,1
2026-03-25,600036,14:15:03,39.0900,27,2
2026-03-25,600036,14:15:06,39.1200,590,1
2026-03-25,600036,14:15:09,39.1100,164,2
2026-03-25,600036,14:15:12,39.1200,13,4
2026-03-25,600036,14:15:15,39.1300,3,1
2026-03-25,600036,14:15:18,39.1200,9,4
2026-03-25,600036,14:15:21,39.1100,67,2
2026-03-25,600036,14:15:24,39.1000,1,2
2026-03-25,600036,14:15:27,39.1000,28,2
2026-03-25,600036,14:15:30,39.1100,63,1
2026-03-25,600036,14:15:33,39.1000,24,2
2026-03-25,600036,14:15:36,39.1000,32,1
2026-03-25,600036,14:15:39,39.1000,15,2
2026-03-25,600036,14:15:42,39.1100,23,1
2026-03-25,600036,14:15:45,39.1000,11,2
2026-03-25,600036,14:15:48,39.1100,51,1
2026-03-25,600036,14:15:51,39.1000,3,2
2026-03-25,600036,14:15:54,39.1100,14,1
2026-03-25,600036,14:15:57,39.1100,6,1
2026-03-25,600036,14:16:03,39.1000,25,2
2026-03-25,600036,14:16:06,39.1100,11,1
2026-03-25,600036,14:16:09,39.1000,20,2
2026-03-25,600036,14:16:12,39.1100,536,1
2026-03-25,600036,14:16:15,39.1100,9,1
2026-03-25,600036,14:16:18,39.1100,2,1
2026-03-25,600036,14:16:24,39.1100,9,1
2026-03-25,600036,14:16:27,39.1000,8,2
2026-03-25,600036,14:16:30,39.1000,20,2
2026-03-25,600036,14:16:33,39.1100,154,1
2026-03-25,600036,14:16:36,39.1100,49,1
2026-03-25,600036,14:16:39,39.1200,12,1
2026-03-25,600036,14:16:42,39.1200,11,1
2026-03-25,600036,14:16:45,39.1100,6,2
2026-03-25,600036,14:16:48,39.1200,54,1
2026-03-25,600036,14:16:51,39.1200,2,1
2026-03-25,600036,14:16:54,39.1200,7,1
2026-03-25,600036,14:16:57,39.1200,13,1
2026-03-25,600036,14:17:00,39.1200,94,1
2026-03-25,600036,14:17:03,39.1100,20,2
2026-03-25,600036,14:17:06,39.1200,4,1
2026-03-25,600036,14:17:09,39.1100,1,2
2026-03-25,600036,14:17:12,39.1300,491,1
2026-03-25,600036,14:17:15,39.1100,67,2
2026-03-25,600036,14:17:18,39.1200,8,1
2026-03-25,600036,14:17:24,39.1200,34,1
2026-03-25,600036,14:17:27,39.1100,10,2
2026-03-25,600036,14:17:30,39.1200,10,1
2026-03-25,600036,14:17:33,39.1200,26,1
2026-03-25,600036,14:17:36,39.1100,22,2
2026-03-25,600036,14:17:39,39.1200,3,1
2026-03-25,600036,14:17:42,39.1100,19,2
2026-03-25,600036,14:17:45,39.1200,15,1
2026-03-25,600036,14:17:48,39.1200,79,1
2026-03-25,600036,14:17:51,39.1100,30,2
2026-03-25,600036,14:17:54,39.1100,20,1
2026-03-25,600036,14:17:57,39.1100,10,1
2026-03-25,600036,14:18:00,39.1100,14,1
2026-03-25,600036,14:18:03,39.1100,11,1
2026-03-25,600036,14:18:06,39.1100,23,1
2026-03-25,600036,14:18:09,39.1100,8,1
2026-03-25,600036,14:18:12,39.1100,6,1
2026-03-25,600036,14:18:15,39.1100,114,1
2026-03-25,600036,14:18:18,39.1100,11,4
2026-03-25,600036,14:18:21,39.1100,29,1
2026-03-25,600036,14:18:24,39.1100,17,1
2026-03-25,600036,14:18:27,39.1100,2,1
2026-03-25,600036,14:18:30,39.1100,18,1
2026-03-25,600036,14:18:33,39.1000,1,2
2026-03-25,600036,14:18:36,39.1100,40,1
2026-03-25,600036,14:18:39,39.1100,58,1
2026-03-25,600036,14:18:42,39.1100,54,1
2026-03-25,600036,14:18:45,39.1100,50,1
2026-03-25,600036,14:18:48,39.1200,314,1
2026-03-25,600036,14:18:51,39.1200,2,1
2026-03-25,600036,14:18:57,39.1200,46,1
2026-03-25,600036,14:19:00,39.1200,2,1
2026-03-25,600036,14:19:03,39.1200,8,1
2026-03-25,600036,14:19:09,39.1100,31,2
2026-03-25,600036,14:19:12,39.1200,44,1
2026-03-25,600036,14:19:15,39.1100,29,2
2026-03-25,600036,14:19:18,39.1200,7,1
2026-03-25,600036,14:19:21,39.1200,5,1
2026-03-25,600036,14:19:24,39.1200,11,1
2026-03-25,600036,14:19:27,39.1200,7,1
2026-03-25,600036,14:19:30,39.1100,45,2
2026-03-25,600036,14:19:33,39.1100,207,2
2026-03-25,600036,14:19:36,39.1100,152,2
2026-03-25,600036,14:19:39,39.1100,29,2
2026-03-25,600036,14:19:42,39.1100,5,2
2026-03-25,600036,14:19:45,39.1000,941,2
2026-03-25,600036,14:19:48,39.1100,68,1
2026-03-25,600036,14:19:51,39.1100,162,1
2026-03-25,600036,14:19:54,39.1100,116,1
2026-03-25,600036,14:19:57,39.1100,33,1
2026-03-25,600036,14:20:00,39.1100,35,1
2026-03-25,600036,14:20:03,39.1000,101,2
2026-03-25,600036,14:20:06,39.1100,32,4
2026-03-25,600036,14:20:09,39.1100,9,1
2026-03-25,600036,14:20:12,39.1100,11,1
2026-03-25,600036,14:20:15,39.1100,83,1
2026-03-25,600036,14:20:18,39.1000,88,2
2026-03-25,600036,14:20:21,39.1200,38,1
2026-03-25,600036,14:20:24,39.1000,43,2
2026-03-25,600036,14:20:27,39.1200,26,1
2026-03-25,600036,14:20:30,39.1100,7,2
2026-03-25,600036,14:20:33,39.1200,8,1
2026-03-25,600036,14:20:39,39.1200,7,1
2026-03-25,600036,14:20:42,39.1200,75,1
2026-03-25,600036,14:20:45,39.1100,15,2
2026-03-25,600036,14:20:48,39.1200,43,1
2026-03-25,600036,14:20:51,39.1100,33,2
2026-03-25,600036,14:20:54,39.1200,36,1
2026-03-25,600036,14:20:57,39.1300,1347,1
2026-03-25,600036,14:21:00,39.1300,35,1
2026-03-25,600036,14:21:03,39.1300,30,1
2026-03-25,600036,14:21:06,39.1300,9,1
2026-03-25,600036,14:21:09,39.1300,192,1
2026-03-25,600036,14:21:12,39.1300,4,1
2026-03-25,600036,14:21:15,39.1300,19,1
2026-03-25,600036,14:21:18,39.1300,77,1
2026-03-25,600036,14:21:21,39.1300,79,1
2026-03-25,600036,14:21:24,39.1300,18,4
2026-03-25,600036,14:21:27,39.1300,29,1
2026-03-25,600036,14:21:30,39.1300,10,4
2026-03-25,600036,14:21:33,39.1300,18,2
2026-03-25,600036,14:21:36,39.1300,76,1
2026-03-25,600036,14:21:39,39.1300,2,1
2026-03-25,600036,14:21:42,39.1300,35,1
2026-03-25,600036,14:21:45,39.1200,10,2
2026-03-25,600036,14:21:48,39.1300,4,1
2026-03-25,600036,14:21:51,39.1200,21,2
2026-03-25,600036,14:21:54,39.1300,10,1
2026-03-25,600036,14:21:57,39.1300,64,1
2026-03-25,600036,14:22:00,39.1200,4,2
2026-03-25,600036,14:22:03,39.1300,45,1
2026-03-25,600036,14:22:06,39.1300,105,1
2026-03-25,600036,14:22:09,39.1300,6,1
2026-03-25,600036,14:22:12,39.1300,18,1
2026-03-25,600036,14:22:15,39.1300,25,1
2026-03-25,600036,14:22:18,39.1200,72,2
2026-03-25,600036,14:22:21,39.1300,24,1
2026-03-25,600036,14:22:24,39.1200,42,2
2026-03-25,600036,14:22:27,39.1300,64,1
2026-03-25,600036,14:22:30,39.1300,29,1
2026-03-25,600036,14:22:33,39.1300,42,1
2026-03-25,600036,14:22:36,39.1200,3,2
2026-03-25,600036,14:22:39,39.1200,6,2
2026-03-25,600036,14:22:42,39.1300,12,1
2026-03-25,600036,14:22:45,39.1200,34,2
2026-03-25,600036,14:22:48,39.1200,27,2
2026-03-25,600036,14:22:51,39.1400,873,1
2026-03-25,600036,14:22:54,39.1400,52,1
2026-03-25,600036,14:22:57,39.1300,68,2
2026-03-25,600036,14:23:00,39.1400,26,1
2026-03-25,600036,14:23:03,39.1300,4,2
2026-03-25,600036,14:23:06,39.1400,32,1
2026-03-25,600036,14:23:09,39.1400,17,1
2026-03-25,600036,14:23:12,39.1400,13,1
2026-03-25,600036,14:23:15,39.1300,4,2
2026-03-25,600036,14:23:18,39.1400,7,1
2026-03-25,600036,14:23:21,39.1400,9,1
2026-03-25,600036,14:23:24,39.1400,10,1
2026-03-25,600036,14:23:27,39.1300,13,2
2026-03-25,600036,14:23:30,39.1300,35,2
2026-03-25,600036,14:23:33,39.1400,330,1
2026-03-25,600036,14:23:36,39.1400,101,1
2026-03-25,600036,14:23:39,39.1400,59,1
2026-03-25,600036,14:23:42,39.1400,30,1
2026-03-25,600036,14:23:45,39.1400,10,1
2026-03-25,600036,14:23:48,39.1300,101,2
2026-03-25,600036,14:23:51,39.1300,122,2
2026-03-25,600036,14:23:54,39.1300,76,2
2026-03-25,600036,14:23:57,39.1300,19,2
2026-03-25,600036,14:24:00,39.1400,7,1
2026-03-25,600036,14:24:03,39.1300,58,2
2026-03-25,600036,14:24:06,39.1300,307,2
2026-03-25,600036,14:24:09,39.1300,73,1
2026-03-25,600036,14:24:12,39.1300,165,1
2026-03-25,600036,14:24:15,39.1300,142,1
2026-03-25,600036,14:24:18,39.1300,51,1
2026-03-25,600036,14:24:21,39.1400,237,1
2026-03-25,600036,14:24:24,39.1400,23,1
2026-03-25,600036,14:24:27,39.1300,57,2
2026-03-25,600036,14:24:30,39.1400,20,1
2026-03-25,600036,14:24:33,39.1400,14,1
2026-03-25,600036,14:24:36,39.1300,11,2
2026-03-25,600036,14:24:39,39.1500,271,1
2026-03-25,600036,14:24:42,39.1500,61,1
2026-03-25,600036,14:24:45,39.1500,6,1
2026-03-25,600036,14:24:48,39.1400,34,2
2026-03-25,600036,14:24:51,39.1400,54,2
2026-03-25,600036,14:24:54,39.1400,107,2
2026-03-25,600036,14:24:57,39.1400,40,2
2026-03-25,600036,14:25:00,39.1500,210,1
2026-03-25,600036,14:25:03,39.1400,6,2
2026-03-25,600036,14:25:06,39.1400,34,2
2026-03-25,600036,14:25:09,39.1400,54,2
2026-03-25,600036,14:25:12,39.1400,204,1
2026-03-25,600036,14:25:15,39.1500,150,1
2026-03-25,600036,14:25:18,39.1400,36,2
2026-03-25,600036,14:25:21,39.1400,19,2
2026-03-25,600036,14:25:24,39.1400,21,2
2026-03-25,600036,14:25:27,39.1400,46,1
2026-03-25,600036,14:25:30,39.1400,3,1
2026-03-25,600036,14:25:33,39.1300,17,2
2026-03-25,600036,14:25:36,39.1300,19,2
2026-03-25,600036,14:25:39,39.1500,283,1
2026-03-25,600036,14:25:42,39.1400,39,2
2026-03-25,600036,14:25:45,39.1400,48,2
2026-03-25,600036,14:25:48,39.1500,177,1
2026-03-25,600036,14:25:51,39.1500,85,1
2026-03-25,600036,14:25:54,39.1500,229,1
2026-03-25,600036,14:25:57,39.1500,24,1
2026-03-25,600036,14:26:00,39.1600,345,1
2026-03-25,600036,14:26:03,39.1500,60,2
2026-03-25,600036,14:26:06,39.1600,2,1
2026-03-25,600036,14:26:09,39.1600,14,1
2026-03-25,600036,14:26:12,39.1600,5,1
2026-03-25,600036,14:26:15,39.1500,4,2
2026-03-25,600036,14:26:18,39.1600,2,1
2026-03-25,600036,14:26:24,39.1700,362,1
2026-03-25,600036,14:26:27,39.1700,197,1
2026-03-25,600036,14:26:30,39.1700,77,1
2026-03-25,600036,14:26:33,39.1700,63,2
2026-03-25,600036,14:26:36,39.1700,20,2
2026-03-25,600036,14:26:39,39.1700,140,2
2026-03-25,600036,14:26:42,39.1700,35,1
2026-03-25,600036,14:26:45,39.1600,1,2
2026-03-25,600036,14:26:48,39.1600,46,2
2026-03-25,600036,14:26:51,39.1700,31,1
2026-03-25,600036,14:26:54,39.1600,2048,2
2026-03-25,600036,14:26:57,39.1600,45,2
2026-03-25,600036,14:27:00,39.1700,13,1
2026-03-25,600036,14:27:03,39.1600,23,2
2026-03-25,600036,14:27:06,39.1600,38,2
2026-03-25,600036,14:27:09,39.1700,85,1
2026-03-25,600036,14:27:12,39.1500,17,2
2026-03-25,600036,14:27:15,39.1600,9,1
2026-03-25,600036,14:27:18,39.1600,34,1
2026-03-25,600036,14:27:21,39.1500,32,2
2026-03-25,600036,14:27:27,39.1600,1,1
2026-03-25,600036,14:27:30,39.1500,4,2
2026-03-25,600036,14:27:33,39.1600,4,1
2026-03-25,600036,14:27:36,39.1500,1,2
2026-03-25,600036,14:27:39,39.1500,8,2
2026-03-25,600036,14:27:42,39.1500,41,2
2026-03-25,600036,14:27:45,39.1500,44,2
2026-03-25,600036,14:27:48,39.1500,398,2
2026-03-25,600036,14:27:51,39.1500,47,2
2026-03-25,600036,14:27:54,39.1600,8,1
2026-03-25,600036,14:27:57,39.1400,34,2
2026-03-25,600036,14:28:00,39.1500,21,4
2026-03-25,600036,14:28:03,39.1500,122,1
2026-03-25,600036,14:28:06,39.1400,236,2
2026-03-25,600036,14:28:09,39.1600,412,1
2026-03-25,600036,14:28:12,39.1500,7,2
2026-03-25,600036,14:28:15,39.1500,51,2
2026-03-25,600036,14:28:18,39.1400,2,2
2026-03-25,600036,14:28:21,39.1500,115,1
2026-03-25,600036,14:28:24,39.1400,74,2
2026-03-25,600036,14:28:27,39.1400,47,2
2026-03-25,600036,14:28:30,39.1400,2,2
2026-03-25,600036,14:28:33,39.1400,10,2
2026-03-25,600036,14:28:36,39.1400,40,2
2026-03-25,600036,14:28:39,39.1500,16,1
2026-03-25,600036,14:28:42,39.1500,17,1
2026-03-25,600036,14:28:45,39.1400,13,2
2026-03-25,600036,14:28:48,39.1500,10,1
2026-03-25,600036,14:28:51,39.1500,51,1
2026-03-25,600036,14:28:54,39.1400,19,2
2026-03-25,600036,14:28:57,39.1400,68,2
2026-03-25,600036,14:29:00,39.1400,190,2
2026-03-25,600036,14:29:03,39.1500,60,1
2026-03-25,600036,14:29:06,39.1400,2,2
2026-03-25,600036,14:29:09,39.1400,4,2
2026-03-25,600036,14:29:12,39.1400,62,2
2026-03-25,600036,14:29:15,39.1400,34,2
2026-03-25,600036,14:29:18,39.1500,58,1
2026-03-25,600036,14:29:21,39.1500,151,1
2026-03-25,600036,14:29:24,39.1400,20,2
2026-03-25,600036,14:29:27,39.1400,28,2
2026-03-25,600036,14:29:30,39.1400,56,2
2026-03-25,600036,14:29:33,39.1500,389,1
2026-03-25,600036,14:29:36,39.1600,238,1
2026-03-25,600036,14:29:39,39.1600,42,1
2026-03-25,600036,14:29:42,39.1500,50,2
2026-03-25,600036,14:29:45,39.1500,36,1
2026-03-25,600036,14:29:48,39.1500,27,1
2026-03-25,600036,14:29:51,39.1500,11,1
2026-03-25,600036,14:29:54,39.1500,4,1
2026-03-25,600036,14:29:57,39.1400,28,2
2026-03-25,600036,14:30:00,39.1500,12,1
2026-03-25,600036,14:30:03,39.1500,179,1
2026-03-25,600036,14:30:06,39.1500,47,1
2026-03-25,600036,14:30:09,39.1500,82,2
2026-03-25,600036,14:30:12,39.1500,191,1
2026-03-25,600036,14:30:15,39.1500,60,1
2026-03-25,600036,14:30:18,39.1500,582,1
2026-03-25,600036,14:30:21,39.1600,106,1
2026-03-25,600036,14:30:24,39.1600,67,1
2026-03-25,600036,14:30:27,39.1600,5,2
2026-03-25,600036,14:30:30,39.1600,34,2
2026-03-25,600036,14:30:33,39.1700,46,1
2026-03-25,600036,14:30:36,39.1700,170,1
2026-03-25,600036,14:30:39,39.1800,7,1
2026-03-25,600036,14:30:42,39.1700,4,2
2026-03-25,600036,14:30:45,39.1800,30,1
2026-03-25,600036,14:30:48,39.1800,563,1
2026-03-25,600036,14:30:51,39.1800,195,1
2026-03-25,600036,14:30:54,39.2000,1478,1
2026-03-25,600036,14:30:57,39.2000,95,1
2026-03-25,600036,14:31:00,39.1800,111,2
2026-03-25,600036,14:31:03,39.2000,237,1
2026-03-25,600036,14:31:06,39.1900,101,1
2026-03-25,600036,14:31:09,39.1900,88,1
2026-03-25,600036,14:31:12,39.1900,43,1
2026-03-25,600036,14:31:15,39.1800,24,2
2026-03-25,600036,14:31:18,39.1900,27,1
2026-03-25,600036,14:31:21,39.1800,24,2
2026-03-25,600036,14:31:24,39.1900,1,1
2026-03-25,600036,14:31:27,39.1800,14,2
2026-03-25,600036,14:31:30,39.1800,19,2
2026-03-25,600036,14:31:33,39.1800,84,2
2026-03-25,600036,14:31:36,39.1800,102,2
2026-03-25,600036,14:31:39,39.1800,62,2
2026-03-25,600036,14:31:42,39.1800,38,2
2026-03-25,600036,14:31:45,39.1800,68,2
2026-03-25,600036,14:31:48,39.1700,22,2
2026-03-25,600036,14:31:51,39.1800,61,1
2026-03-25,600036,14:31:54,39.1800,43,1
2026-03-25,600036,14:31:57,39.1700,89,2
2026-03-25,600036,14:32:00,39.1700,29,2
2026-03-25,600036,14:32:03,39.1700,51,2
2026-03-25,600036,14:32:06,39.1800,53,1
2026-03-25,600036,14:32:09,39.1700,131,2
2026-03-25,600036,14:32:12,39.1700,27,2
2026-03-25,600036,14:32:15,39.1700,189,1
2026-03-25,600036,14:32:18,39.1700,20,1
2026-03-25,600036,14:32:21,39.1700,6,1
2026-03-25,600036,14:32:24,39.1700,12,1
2026-03-25,600036,14:32:27,39.1700,86,1
2026-03-25,600036,14:32:30,39.1700,34,1
2026-03-25,600036,14:32:33,39.1700,162,1
2026-03-25,600036,14:32:36,39.1700,141,1
2026-03-25,600036,14:32:39,39.1700,80,1
2026-03-25,600036,14:32:42,39.1600,215,4
2026-03-25,600036,14:32:45,39.1700,83,1
2026-03-25,600036,14:32:48,39.1700,414,1
2026-03-25,600036,14:32:51,39.1700,64,1
2026-03-25,600036,14:32:54,39.1700,14,1
2026-03-25,600036,14:32:57,39.1700,1,1
2026-03-25,600036,14:33:00,39.1700,24,1
2026-03-25,600036,14:33:03,39.1700,45,1
2026-03-25,600036,14:33:06,39.1800,301,1
2026-03-25,600036,14:33:09,39.1700,63,2
2026-03-25,600036,14:33:12,39.1700,54,2
2026-03-25,600036,14:33:15,39.1800,280,1
2026-03-25,600036,14:33:18,39.1700,61,2
2026-03-25,600036,14:33:21,39.1800,16,4
2026-03-25,600036,14:33:24,39.1800,63,2
2026-03-25,600036,14:33:27,39.1800,12,4
2026-03-25,600036,14:33:30,39.1800,25,1
2026-03-25,600036,14:33:33,39.1700,43,2
2026-03-25,600036,14:33:36,39.1700,11,2
2026-03-25,600036,14:33:39,39.1800,84,1
2026-03-25,600036,14:33:42,39.1700,1,2
2026-03-25,600036,14:33:45,39.1800,2,1
2026-03-25,600036,14:33:48,39.1700,14,2
2026-03-25,600036,14:33:51,39.1700,66,2
2026-03-25,600036,14:33:54,39.1700,90,2
2026-03-25,600036,14:33:57,39.1700,36,2
2026-03-25,600036,14:34:00,39.1700,58,2
2026-03-25,600036,14:34:03,39.1700,39,2
2026-03-25,600036,14:34:06,39.1700,2,2
2026-03-25,600036,14:34:09,39.1800,53,1
2026-03-25,600036,14:34:12,39.1700,6,2
2026-03-25,600036,14:34:15,39.1800,682,1
2026-03-25,600036,14:34:18,39.1900,51,1
2026-03-25,600036,14:34:21,39.1800,8,2
2026-03-25,600036,14:34:24,39.1900,33,1
2026-03-25,600036,14:34:27,39.1900,5,1
2026-03-25,600036,14:34:30,39.1900,236,1
2026-03-25,600036,14:34:33,39.1900,31,1
2026-03-25,600036,14:34:36,39.1800,49,2
2026-03-25,600036,14:34:39,39.1800,9,2
2026-03-25,600036,14:34:42,39.1900,7,1
2026-03-25,600036,14:34:45,39.1800,8,2
2026-03-25,600036,14:34:48,39.1800,24,2
2026-03-25,600036,14:34:51,39.1800,3,2
2026-03-25,600036,14:34:54,39.1800,1006,2
2026-03-25,600036,14:34:57,39.1900,651,1
2026-03-25,600036,14:35:00,39.1800,75,2
2026-03-25,600036,14:35:03,39.1800,37,2
2026-03-25,600036,14:35:06,39.1800,53,2
2026-03-25,600036,14:35:09,39.1900,37,1
2026-03-25,600036,14:35:12,39.1900,44,1
2026-03-25,600036,14:35:15,39.1800,66,2
2026-03-25,600036,14:35:18,39.2000,2326,1
2026-03-25,600036,14:35:21,39.2100,513,1
2026-03-25,600036,14:35:24,39.2100,50,1
2026-03-25,600036,14:35:27,39.2000,127,2
2026-03-25,600036,14:35:30,39.2100,66,1
2026-03-25,600036,14:35:33,39.2100,194,2
2026-03-25,600036,14:35:36,39.2100,106,1
2026-03-25,600036,14:35:39,39.2200,67,1
2026-03-25,600036,14:35:42,39.2100,100,2
2026-03-25,600036,14:35:45,39.2100,63,2
2026-03-25,600036,14:35:48,39.2100,63,1
2026-03-25,600036,14:35:51,39.2100,20,1
2026-03-25,600036,14:35:54,39.2000,303,2
2026-03-25,600036,14:35:57,39.2000,15,2
2026-03-25,600036,14:36:00,39.2000,56,2
2026-03-25,600036,14:36:03,39.2000,349,2
2026-03-25,600036,14:36:06,39.2100,81,1
2026-03-25,600036,14:36:09,39.1900,29,2
2026-03-25,600036,14:36:12,39.2000,115,1
2026-03-25,600036,14:36:15,39.1900,82,2
2026-03-25,600036,14:36:18,39.2000,33,1
2026-03-25,600036,14:36:21,39.2200,1792,1
2026-03-25,600036,14:36:24,39.2100,92,2
2026-03-25,600036,14:36:27,39.2100,7,2
2026-03-25,600036,14:36:30,39.2200,52,1
2026-03-25,600036,14:36:33,39.2200,662,1
2026-03-25,600036,14:36:36,39.2300,127,1
2026-03-25,600036,14:36:39,39.2200,11,2
2026-03-25,600036,14:36:42,39.2200,67,2
2026-03-25,600036,14:36:45,39.2300,70,1
2026-03-25,600036,14:36:48,39.2400,61,1
2026-03-25,600036,14:36:51,39.2200,46,2
2026-03-25,600036,14:36:54,39.2300,60,1
2026-03-25,600036,14:37:00,39.2300,29,1
2026-03-25,600036,14:37:03,39.2200,36,2
2026-03-25,600036,14:37:06,39.2300,139,1
2026-03-25,600036,14:37:09,39.2300,203,1
2026-03-25,600036,14:37:12,39.2300,19,1
2026-03-25,600036,14:37:15,39.2200,2,2
2026-03-25,600036,14:37:18,39.2200,46,2
2026-03-25,600036,14:37:21,39.2200,167,2
2026-03-25,600036,14:37:24,39.2300,81,1
2026-03-25,600036,14:37:27,39.2200,52,1
2026-03-25,600036,14:37:30,39.2200,38,1
2026-03-25,600036,14:37:33,39.2200,16,1
2026-03-25,600036,14:37:36,39.2100,81,2
2026-03-25,600036,14:37:39,39.2300,3085,1
2026-03-25,600036,14:37:42,39.2400,63,1
2026-03-25,600036,14:37:45,39.2300,30,2
2026-03-25,600036,14:37:48,39.2300,2,2
2026-03-25,600036,14:37:51,39.2300,138,2
2026-03-25,600036,14:37:54,39.2300,26,2
2026-03-25,600036,14:37:57,39.2300,2,1
2026-03-25,600036,14:38:00,39.2300,5,1
2026-03-25,600036,14:38:03,39.2200,3,2
2026-03-25,600036,14:38:06,39.2200,40,2
2026-03-25,600036,14:38:09,39.2300,737,1
2026-03-25,600036,14:38:12,39.2300,122,2
2026-03-25,600036,14:38:15,39.2200,214,2
2026-03-25,600036,14:38:18,39.2200,9,2
2026-03-25,600036,14:38:21,39.2200,50,2
2026-03-25,600036,14:38:24,39.2300,44,1
2026-03-25,600036,14:38:27,39.2200,55,2
2026-03-25,600036,14:38:30,39.2200,15,1
2026-03-25,600036,14:38:33,39.2200,44,1
2026-03-25,600036,14:38:36,39.2200,25,1
2026-03-25,600036,14:38:39,39.2200,117,1
2026-03-25,600036,14:38:42,39.2200,54,1
2026-03-25,600036,14:38:45,39.2200,155,2
2026-03-25,600036,14:38:48,39.2300,41,1
2026-03-25,600036,14:38:51,39.2200,111,2
2026-03-25,600036,14:38:54,39.2200,29,2
2026-03-25,600036,14:38:57,39.2300,184,1
2026-03-25,600036,14:39:00,39.2300,47,1
2026-03-25,600036,14:39:03,39.2200,53,2
2026-03-25,600036,14:39:06,39.2300,132,1
2026-03-25,600036,14:39:09,39.2200,5,2
2026-03-25,600036,14:39:12,39.2300,4,1
2026-03-25,600036,14:39:15,39.2200,31,2
2026-03-25,600036,14:39:18,39.2200,156,2
2026-03-25,600036,14:39:21,39.2200,13,2
2026-03-25,600036,14:39:24,39.2200,130,2
2026-03-25,600036,14:39:27,39.2200,42,1
2026-03-25,600036,14:39:30,39.2200,20,1
2026-03-25,600036,14:39:33,39.2100,75,2
2026-03-25,600036,14:39:36,39.2200,5,1
2026-03-25,600036,14:39:39,39.2100,78,2
2026-03-25,600036,14:39:42,39.2100,14,2
2026-03-25,600036,14:39:45,39.2100,12,2
2026-03-25,600036,14:39:48,39.2100,8,2
2026-03-25,600036,14:39:51,39.2100,149,2
2026-03-25,600036,14:39:57,39.2200,63,1
2026-03-25,600036,14:40:00,39.2100,488,2
2026-03-25,600036,14:40:03,39.2200,606,1
2026-03-25,600036,14:40:06,39.2200,238,1
2026-03-25,600036,14:40:09,39.2200,78,1
2026-03-25,600036,14:40:12,39.2200,57,1
2026-03-25,600036,14:40:15,39.2200,45,1
2026-03-25,600036,14:40:18,39.2200,44,2
2026-03-25,600036,14:40:21,39.2200,171,2
2026-03-25,600036,14:40:24,39.2200,150,2
2026-03-25,600036,14:40:27,39.2200,64,2
2026-03-25,600036,14:40:30,39.2300,14,1
2026-03-25,600036,14:40:33,39.2200,150,2
2026-03-25,600036,14:40:36,39.2200,108,1
2026-03-25,600036,14:40:39,39.2200,47,1
2026-03-25,600036,14:40:42,39.2200,6,1
2026-03-25,600036,14:40:45,39.2100,19,2
2026-03-25,600036,14:40:48,39.2200,26,1
2026-03-25,600036,14:40:51,39.2200,24,1
2026-03-25,600036,14:40:54,39.2200,243,1
2026-03-25,600036,14:40:57,39.2200,56,1
2026-03-25,600036,14:41:00,39.2200,143,1
2026-03-25,600036,14:41:03,39.2100,76,2
2026-03-25,600036,14:41:06,39.2100,43,2
2026-03-25,600036,14:41:09,39.2200,16,1
2026-03-25,600036,14:41:12,39.2200,26,1
2026-03-25,600036,14:41:15,39.2100,8,2
2026-03-25,600036,14:41:18,39.2200,3,1
2026-03-25,600036,14:41:21,39.2200,142,1
2026-03-25,600036,14:41:24,39.2200,210,1
2026-03-25,600036,14:41:27,39.2200,21,1
2026-03-25,600036,14:41:30,39.2200,127,1
2026-03-25,600036,14:41:33,39.2200,139,1
2026-03-25,600036,14:41:36,39.2100,252,2
2026-03-25,600036,14:41:39,39.2100,146,1
2026-03-25,600036,14:41:42,39.2200,64,1
2026-03-25,600036,14:41:45,39.2200,63,1
2026-03-25,600036,14:41:48,39.2200,5,1
2026-03-25,600036,14:41:51,39.2200,29,1
2026-03-25,600036,14:41:54,39.2100,36,2
2026-03-25,600036,14:41:57,39.2100,71,2
2026-03-25,600036,14:42:00,39.2100,41,2
2026-03-25,600036,14:42:03,39.2000,27,2
2026-03-25,600036,14:42:06,39.2000,54,2
2026-03-25,600036,14:42:09,39.2000,63,2
2026-03-25,600036,14:42:12,39.2000,18,2
2026-03-25,600036,14:42:15,39.2000,24,2
2026-03-25,600036,14:42:18,39.2000,27,2
2026-03-25,600036,14:42:21,39.2000,174,2
2026-03-25,600036,14:42:24,39.2100,385,1
2026-03-25,600036,14:42:27,39.2100,175,1
2026-03-25,600036,14:42:30,39.1900,27,2
2026-03-25,600036,14:42:33,39.2000,3,2
2026-03-25,600036,14:42:36,39.2000,92,2
2026-03-25,600036,14:42:39,39.2000,30,1
2026-03-25,600036,14:42:42,39.2000,65,1
2026-03-25,600036,14:42:45,39.2000,84,1
2026-03-25,600036,14:42:48,39.2000,17,1
2026-03-25,600036,14:42:51,39.2000,678,1
2026-03-25,600036,14:42:54,39.2000,173,2
2026-03-25,600036,14:42:57,39.2000,228,1
2026-03-25,600036,14:43:00,39.2000,68,1
2026-03-25,600036,14:43:03,39.2000,113,1
2026-03-25,600036,14:43:06,39.2000,100,2
2026-03-25,600036,14:43:09,39.2000,124,4
2026-03-25,600036,14:43:12,39.2000,168,1
2026-03-25,600036,14:43:15,39.2000,129,1
2026-03-25,600036,14:43:18,39.2000,204,1
2026-03-25,600036,14:43:21,39.1900,92,2
2026-03-25,600036,14:43:24,39.1900,62,2
2026-03-25,600036,14:43:27,39.1900,318,2
2026-03-25,600036,14:43:30,39.1900,131,2
2026-03-25,600036,14:43:33,39.2000,60,1
2026-03-25,600036,14:43:36,39.2000,113,1
2026-03-25,600036,14:43:39,39.2000,2138,1
2026-03-25,600036,14:43:42,39.2000,213,2
2026-03-25,600036,14:43:45,39.2000,87,2
2026-03-25,600036,14:43:48,39.2100,78,1
2026-03-25,600036,14:43:51,39.2100,90,1
2026-03-25,600036,14:43:54,39.2000,60,1
2026-03-25,600036,14:43:57,39.2100,51,1
2026-03-25,600036,14:44:00,39.2100,57,1
2026-03-25,600036,14:44:03,39.2000,49,2
2026-03-25,600036,14:44:06,39.2000,87,2
2026-03-25,600036,14:44:09,39.2000,47,2
2026-03-25,600036,14:44:12,39.2000,65,1
2026-03-25,600036,14:44:15,39.1900,65,2
2026-03-25,600036,14:44:18,39.2000,136,1
2026-03-25,600036,14:44:21,39.2000,55,1
2026-03-25,600036,14:44:24,39.2000,22,1
2026-03-25,600036,14:44:27,39.2000,51,1
2026-03-25,600036,14:44:30,39.1900,41,2
2026-03-25,600036,14:44:33,39.1900,24,2
2026-03-25,600036,14:44:36,39.2000,20,1
2026-03-25,600036,14:44:39,39.2000,180,1
2026-03-25,600036,14:44:42,39.2000,36,1
2026-03-25,600036,14:44:45,39.2000,40,1
2026-03-25,600036,14:44:48,39.2000,29,1
2026-03-25,600036,14:44:51,39.2000,229,1
2026-03-25,600036,14:44:54,39.2000,15,2
2026-03-25,600036,14:44:57,39.2000,8,2
2026-03-25,600036,14:45:00,39.2000,100,2
2026-03-25,600036,14:45:03,39.2000,24,2
2026-03-25,600036,14:45:06,39.2100,117,1
2026-03-25,600036,14:45:09,39.2000,79,2
2026-03-25,600036,14:45:12,39.2000,61,2
2026-03-25,600036,14:45:15,39.1900,130,2
2026-03-25,600036,14:45:18,39.2000,66,4
2026-03-25,600036,14:45:21,39.2000,18,2
2026-03-25,600036,14:45:24,39.2000,91,2
2026-03-25,600036,14:45:27,39.2000,44,2
2026-03-25,600036,14:45:30,39.2000,90,2
2026-03-25,600036,14:45:33,39.2000,157,2
2026-03-25,600036,14:45:36,39.2100,93,1
2026-03-25,600036,14:45:39,39.2100,112,1
2026-03-25,600036,14:45:42,39.2100,33,1
2026-03-25,600036,14:45:45,39.2000,63,2
2026-03-25,600036,14:45:48,39.2100,39,1
2026-03-25,600036,14:45:51,39.2000,209,2
2026-03-25,600036,14:45:54,39.2000,204,2
2026-03-25,600036,14:45:57,39.2100,117,1
2026-03-25,600036,14:46:00,39.2100,2067,1
2026-03-25,600036,14:46:03,39.2300,162,4
2026-03-25,600036,14:46:06,39.2300,295,2
2026-03-25,600036,14:46:09,39.2300,1173,2
2026-03-25,600036,14:46:12,39.2500,127,1
2026-03-25,600036,14:46:15,39.2300,217,2
2026-03-25,600036,14:46:18,39.2400,27,2
2026-03-25,600036,14:46:21,39.2400,43,2
2026-03-25,600036,14:46:24,39.2400,173,2
2026-03-25,600036,14:46:27,39.2400,7,1
2026-03-25,600036,14:46:30,39.2400,24,1
2026-03-25,600036,14:46:33,39.2300,33,2
2026-03-25,600036,14:46:36,39.2400,19,1
2026-03-25,600036,14:46:39,39.2300,97,2
2026-03-25,600036,14:46:42,39.2400,114,1
2026-03-25,600036,14:46:45,39.2300,12,2
2026-03-25,600036,14:46:48,39.2300,12,2
2026-03-25,600036,14:46:51,39.2300,10,2
2026-03-25,600036,14:46:54,39.2300,218,2
2026-03-25,600036,14:46:57,39.2300,105,2
2026-03-25,600036,14:47:00,39.2300,39,2
2026-03-25,600036,14:47:03,39.2300,79,2
2026-03-25,600036,14:47:06,39.2400,103,1
2026-03-25,600036,14:47:09,39.2400,157,1
2026-03-25,600036,14:47:12,39.2400,145,1
2026-03-25,600036,14:47:15,39.2400,368,1
2026-03-25,600036,14:47:18,39.2400,48,2
2026-03-25,600036,14:47:21,39.2500,28,1
2026-03-25,600036,14:47:24,39.2500,33,1
2026-03-25,600036,14:47:27,39.2500,28,1
2026-03-25,600036,14:47:30,39.2500,128,1
2026-03-25,600036,14:47:33,39.2400,14,2
2026-03-25,600036,14:47:36,39.2400,98,2
2026-03-25,600036,14:47:39,39.2500,137,1
2026-03-25,600036,14:47:42,39.2400,102,2
2026-03-25,600036,14:47:45,39.2400,77,2
2026-03-25,600036,14:47:48,39.2400,13,1
2026-03-25,600036,14:47:51,39.2300,51,2
2026-03-25,600036,14:47:54,39.2400,27,1
2026-03-25,600036,14:47:57,39.2400,17,1
2026-03-25,600036,14:48:00,39.2300,35,2
2026-03-25,600036,14:48:03,39.2400,160,1
2026-03-25,600036,14:48:06,39.2300,2,2
2026-03-25,600036,14:48:09,39.2300,7,2
2026-03-25,600036,14:48:12,39.2400,34,1
2026-03-25,600036,14:48:15,39.2400,71,1
2026-03-25,600036,14:48:18,39.2400,27,1
2026-03-25,600036,14:48:21,39.2400,38,1
2026-03-25,600036,14:48:24,39.2500,459,1
2026-03-25,600036,14:48:27,39.2400,51,2
2026-03-25,600036,14:48:30,39.2400,46,2
2026-03-25,600036,14:48:33,39.2500,138,1
2026-03-25,600036,14:48:36,39.2500,480,1
2026-03-25,600036,14:48:39,39.2500,473,1
2026-03-25,600036,14:48:42,39.2600,92,1
2026-03-25,600036,14:48:45,39.2600,111,1
2026-03-25,600036,14:48:48,39.2600,110,1
2026-03-25,600036,14:48:51,39.2500,104,2
2026-03-25,600036,14:48:54,39.2500,155,1
2026-03-25,600036,14:48:57,39.2400,142,2
2026-03-25,600036,14:49:00,39.2500,55,1
2026-03-25,600036,14:49:03,39.2500,499,1
2026-03-25,600036,14:49:06,39.2600,234,1
2026-03-25,600036,14:49:09,39.2600,1097,1
2026-03-25,600036,14:49:12,39.2700,605,1
2026-03-25,600036,14:49:15,39.2600,133,2
2026-03-25,600036,14:49:18,39.2700,106,1
2026-03-25,600036,14:49:21,39.2700,146,1
2026-03-25,600036,14:49:24,39.2700,128,1
2026-03-25,600036,14:49:27,39.2600,204,2
2026-03-25,600036,14:49:30,39.2700,113,1
2026-03-25,600036,14:49:33,39.2700,43,1
2026-03-25,600036,14:49:36,39.2700,159,1
2026-03-25,600036,14:49:39,39.2700,50,1
2026-03-25,600036,14:49:42,39.2700,71,1
2026-03-25,600036,14:49:45,39.2700,109,1
2026-03-25,600036,14:49:48,39.2600,120,2
2026-03-25,600036,14:49:51,39.2700,1828,1
2026-03-25,600036,14:49:54,39.2700,233,1
2026-03-25,600036,14:49:57,39.2700,67,2
2026-03-25,600036,14:50:00,39.2700,67,2
2026-03-25,600036,14:50:03,39.2800,612,1
2026-03-25,600036,14:50:06,39.2800,328,1
2026-03-25,600036,14:50:09,39.2700,1029,2
2026-03-25,600036,14:50:12,39.2800,194,1
2026-03-25,600036,14:50:15,39.2800,349,1
2026-03-25,600036,14:50:18,39.2800,151,2
2026-03-25,600036,14:50:21,39.2700,130,2
2026-03-25,600036,14:50:24,39.2700,36,2
2026-03-25,600036,14:50:27,39.2700,102,2
2026-03-25,600036,14:50:30,39.2800,168,1
2026-03-25,600036,14:50:33,39.2700,165,2
2026-03-25,600036,14:50:36,39.2700,174,2
2026-03-25,600036,14:50:39,39.2700,48,1
2026-03-25,600036,14:50:42,39.2700,45,1
2026-03-25,600036,14:50:45,39.2600,80,2
2026-03-25,600036,14:50:48,39.2600,257,2
2026-03-25,600036,14:50:51,39.2600,81,2
2026-03-25,600036,14:50:54,39.2600,103,2
2026-03-25,600036,14:50:57,39.2700,47,1
2026-03-25,600036,14:51:00,39.2500,367,2
2026-03-25,600036,14:51:03,39.2500,355,2
2026-03-25,600036,14:51:06,39.2700,106,1
2026-03-25,600036,14:51:09,39.2600,12,2
2026-03-25,600036,14:51:12,39.2600,107,2
2026-03-25,600036,14:51:15,39.2500,138,2
2026-03-25,600036,14:51:18,39.2500,153,2
2026-03-25,600036,14:51:21,39.2600,26,1
2026-03-25,600036,14:51:24,39.2600,138,1
2026-03-25,600036,14:51:27,39.2400,183,2
2026-03-25,600036,14:51:30,39.2500,35,2
2026-03-25,600036,14:51:33,39.2500,22,2
2026-03-25,600036,14:51:36,39.2500,2,2
2026-03-25,600036,14:51:39,39.2500,11,2
2026-03-25,600036,14:51:42,39.2500,31,2
2026-03-25,600036,14:51:45,39.2500,31,2
2026-03-25,600036,14:51:48,39.2500,97,2
2026-03-25,600036,14:51:51,39.2600,38,1
2026-03-25,600036,14:51:54,39.2600,12,1
2026-03-25,600036,14:51:57,39.2500,24,2
2026-03-25,600036,14:52:00,39.2500,132,2
2026-03-25,600036,14:52:03,39.2600,217,1
2026-03-25,600036,14:52:06,39.2500,23,2
2026-03-25,600036,14:52:09,39.2700,938,1
2026-03-25,600036,14:52:12,39.2600,105,2
2026-03-25,600036,14:52:15,39.2800,385,1
2026-03-25,600036,14:52:18,39.2700,104,2
2026-03-25,600036,14:52:21,39.2800,13,1
2026-03-25,600036,14:52:24,39.2800,72,1
2026-03-25,600036,14:52:27,39.2700,14,2
2026-03-25,600036,14:52:30,39.2700,148,2
2026-03-25,600036,14:52:33,39.2800,146,1
2026-03-25,600036,14:52:36,39.2700,159,2
2026-03-25,600036,14:52:39,39.2700,16,2
2026-03-25,600036,14:52:42,39.2700,52,2
2026-03-25,600036,14:52:45,39.2800,7,1
2026-03-25,600036,14:52:48,39.2700,110,2
2026-03-25,600036,14:52:51,39.2700,34,2
2026-03-25,600036,14:52:54,39.2700,87,2
2026-03-25,600036,14:52:57,39.2700,324,2
2026-03-25,600036,14:53:00,39.2700,62,1
2026-03-25,600036,14:53:03,39.2700,82,1
2026-03-25,600036,14:53:06,39.2700,299,1
2026-03-25,600036,14:53:09,39.2600,222,2
2026-03-25,600036,14:53:12,39.2600,149,2
2026-03-25,600036,14:53:15,39.2600,77,2
2026-03-25,600036,14:53:18,39.2500,154,2
2026-03-25,600036,14:53:21,39.2500,209,2
2026-03-25,600036,14:53:24,39.2500,194,2
2026-03-25,600036,14:53:27,39.2500,92,2
2026-03-25,600036,14:53:30,39.2500,78,2
2026-03-25,600036,14:53:33,39.2500,87,2
2026-03-25,600036,14:53:36,39.2500,268,1
2026-03-25,600036,14:53:39,39.2500,38,1
2026-03-25,600036,14:53:42,39.2500,38,1
2026-03-25,600036,14:53:45,39.2500,174,1
2026-03-25,600036,14:53:48,39.2400,50,2
2026-03-25,600036,14:53:51,39.2400,20,2
2026-03-25,600036,14:53:54,39.2400,231,2
2026-03-25,600036,14:53:57,39.2400,170,2
2026-03-25,600036,14:54:00,39.2400,121,2
2026-03-25,600036,14:54:03,39.2400,199,2
2026-03-25,600036,14:54:06,39.2500,194,1
2026-03-25,600036,14:54:09,39.2500,449,1
2026-03-25,600036,14:54:12,39.2500,17,2
2026-03-25,600036,14:54:15,39.2600,69,1
2026-03-25,600036,14:54:18,39.2600,217,1
2026-03-25,600036,14:54:21,39.2500,13,2
2026-03-25,600036,14:54:24,39.2500,442,2
2026-03-25,600036,14:54:27,39.2500,290,1
2026-03-25,600036,14:54:30,39.2500,41,2
2026-03-25,600036,14:54:33,39.2400,156,2
2026-03-25,600036,14:54:36,39.2400,119,2
2026-03-25,600036,14:54:39,39.2500,115,1
2026-03-25,600036,14:54:42,39.2400,118,2
2026-03-25,600036,14:54:45,39.2600,157,1
2026-03-25,600036,14:54:48,39.2500,104,2
2026-03-25,600036,14:54:51,39.2500,54,1
2026-03-25,600036,14:54:54,39.2400,236,2
2026-03-25,600036,14:54:57,39.2500,246,1
2026-03-25,600036,14:55:00,39.2400,357,2
2026-03-25,600036,14:55:03,39.2400,131,1
2026-03-25,600036,14:55:06,39.2300,276,2
2026-03-25,600036,14:55:09,39.2400,36,4
2026-03-25,600036,14:55:12,39.2400,27,2
2026-03-25,600036,14:55:15,39.2400,57,2
2026-03-25,600036,14:55:18,39.2400,50,2
2026-03-25,600036,14:55:21,39.2500,30,1
2026-03-25,600036,14:55:24,39.2400,79,2
2026-03-25,600036,14:55:27,39.2500,83,1
2026-03-25,600036,14:55:30,39.2500,56,1
2026-03-25,600036,14:55:33,39.2500,32,1
2026-03-25,600036,14:55:36,39.2400,253,2
2026-03-25,600036,14:55:39,39.2500,108,1
2026-03-25,600036,14:55:42,39.2500,186,1
2026-03-25,600036,14:55:45,39.2500,57,1
2026-03-25,600036,14:55:48,39.2500,45,1
2026-03-25,600036,14:55:51,39.2500,85,1
2026-03-25,600036,14:55:54,39.2400,59,2
2026-03-25,600036,14:55:57,39.2500,207,1
2026-03-25,600036,14:56:00,39.2400,168,2
2026-03-25,600036,14:56:03,39.2300,846,2
2026-03-25,600036,14:56:06,39.2400,150,1
2026-03-25,600036,14:56:09,39.2300,77,2
2026-03-25,600036,14:56:12,39.2400,87,1
2026-03-25,600036,14:56:15,39.2300,188,2
2026-03-25,600036,14:56:18,39.2300,134,1
2026-03-25,600036,14:56:21,39.2400,214,1
2026-03-25,600036,14:56:24,39.2300,74,4
2026-03-25,600036,14:56:27,39.2400,141,1
2026-03-25,600036,14:56:30,39.2300,127,2
2026-03-25,600036,14:56:33,39.2300,99,1
2026-03-25,600036,14:56:36,39.2300,49,1
2026-03-25,600036,14:56:39,39.2300,185,2
2026-03-25,600036,14:56:42,39.2400,38,1
2026-03-25,600036,14:56:45,39.2400,175,1
2026-03-25,600036,14:56:48,39.2400,12,2
2026-03-25,600036,14:56:51,39.2400,84,2
2026-03-25,600036,14:56:54,39.2400,57,1
2026-03-25,600036,14:56:57,39.2400,130,1
2026-03-25,600036,14:57:00,39.2400,275,1
2026-03-25,600036,15:00:04,39.2600,12093,4
2026-03-25,600036,13:14:36,39.0900,31,2
2026-03-25,600036,13:14:39,39.1000,7,1
2026-03-25,600036,13:14:42,39.0900,4,2
2026-03-25,600036,13:14:45,39.1000,8,1
2026-03-25,600036,13:14:48,39.0900,3,2
2026-03-25,600036,13:14:51,39.0900,80,2
2026-03-25,600036,13:14:54,39.1000,22,1
2026-03-25,600036,13:14:57,39.0900,161,2
2026-03-25,600036,13:15:00,39.0900,21,1
2026-03-25,600036,13:15:03,39.1000,78,1
2026-03-25,600036,13:15:06,39.0800,3,2
2026-03-25,600036,13:15:09,39.0800,16,2
2026-03-25,600036,13:15:12,39.0800,90,2
2026-03-25,600036,13:15:15,39.0900,78,1
2026-03-25,600036,13:15:18,39.0900,10,1
2026-03-25,600036,13:15:21,39.0900,38,1
2026-03-25,600036,13:15:24,39.0800,369,2
2026-03-25,600036,13:15:27,39.0800,40,1
2026-03-25,600036,13:15:30,39.0900,81,1
2026-03-25,600036,13:15:33,39.0800,21,1
2026-03-25,600036,13:15:36,39.0800,126,2
2026-03-25,600036,13:15:39,39.0800,23,1
2026-03-25,600036,13:15:42,39.0800,112,1
2026-03-25,600036,13:15:45,39.0800,11,1
2026-03-25,600036,13:15:48,39.0700,16,2
2026-03-25,600036,13:15:54,39.0700,64,2
2026-03-25,600036,13:15:57,39.0700,344,2
2026-03-25,600036,13:16:00,39.0700,1,1
2026-03-25,600036,13:16:03,39.0700,23,1
2026-03-25,600036,13:16:06,39.0700,350,1
2026-03-25,600036,13:16:09,39.0600,84,2
2026-03-25,600036,13:16:12,39.0700,57,1
2026-03-25,600036,13:16:15,39.0600,3,2
2026-03-25,600036,13:16:18,39.0600,23,2
2026-03-25,600036,13:16:21,39.0600,4,2
2026-03-25,600036,13:16:24,39.0700,149,1
2026-03-25,600036,13:16:27,39.0700,18,1
2026-03-25,600036,13:16:30,39.0800,38,1
2026-03-25,600036,13:16:33,39.0700,12,2
2026-03-25,600036,13:16:36,39.0800,3,1
2026-03-25,600036,13:16:39,39.0800,13,1
2026-03-25,600036,13:16:42,39.0800,7,1
2026-03-25,600036,13:16:45,39.0800,44,1
2026-03-25,600036,13:16:48,39.0800,513,1
2026-03-25,600036,13:16:51,39.0800,16,2
2026-03-25,600036,13:16:54,39.0800,7,2
2026-03-25,600036,13:16:57,39.0900,3,4
2026-03-25,600036,13:17:00,39.0900,1,1
2026-03-25,600036,13:17:03,39.0800,259,2
2026-03-25,600036,13:17:06,39.0800,73,1
2026-03-25,600036,13:17:09,39.0800,3,1
2026-03-25,600036,13:17:12,39.0800,10,1
2026-03-25,600036,13:17:15,39.0800,32,1
2026-03-25,600036,13:17:18,39.0700,12,2
2026-03-25,600036,13:17:21,39.0800,7,1
2026-03-25,600036,13:17:24,39.0800,16,1
2026-03-25,600036,13:17:27,39.0800,13,1
2026-03-25,600036,13:17:30,39.0700,96,2
2026-03-25,600036,13:17:33,39.0900,23,1
2026-03-25,600036,13:17:36,39.0800,1,4
2026-03-25,600036,13:17:39,39.0900,13,1
2026-03-25,600036,13:17:42,39.0800,9,2
2026-03-25,600036,13:17:45,39.0900,11,1
2026-03-25,600036,13:17:48,39.0900,12,1
2026-03-25,600036,13:17:51,39.0900,64,1
2026-03-25,600036,13:17:54,39.0800,199,2
2026-03-25,600036,13:17:57,39.0700,24,4
2026-03-25,600036,13:18:00,39.0800,23,1
2026-03-25,600036,13:18:03,39.0700,5,2
2026-03-25,600036,13:18:06,39.0700,2,1
2026-03-25,600036,13:18:09,39.0600,46,2
2026-03-25,600036,13:18:12,39.0800,3,1
2026-03-25,600036,13:18:18,39.0800,2,1
2026-03-25,600036,13:18:21,39.0800,9,1
2026-03-25,600036,13:18:24,39.0800,56,1
2026-03-25,600036,13:18:27,39.0800,6,1
2026-03-25,600036,13:18:30,39.0700,24,2
2026-03-25,600036,13:18:33,39.0700,4,2
2026-03-25,600036,13:18:36,39.0800,2,1
2026-03-25,600036,13:18:42,39.0800,29,1
2026-03-25,600036,13:18:45,39.0700,7,2
2026-03-25,600036,13:18:48,39.0800,7,1
2026-03-25,600036,13:18:51,39.0700,18,2
2026-03-25,600036,13:18:54,39.0700,18,2
2026-03-25,600036,13:18:57,39.0700,27,2
2026-03-25,600036,13:19:00,39.0700,34,2
2026-03-25,600036,13:19:03,39.0700,256,2
2026-03-25,600036,13:19:06,39.0700,3,1
2026-03-25,600036,13:19:09,39.0700,39,1
2026-03-25,600036,13:19:12,39.0700,3,1
2026-03-25,600036,13:19:15,39.0700,5,1
2026-03-25,600036,13:19:18,39.0700,13,1
2026-03-25,600036,13:19:21,39.0700,13,1
2026-03-25,600036,13:19:24,39.0800,510,1
2026-03-25,600036,13:19:27,39.0700,47,2
2026-03-25,600036,13:19:30,39.0800,48,1
2026-03-25,600036,13:19:33,39.1000,559,1
2026-03-25,600036,13:19:36,39.0900,94,1
2026-03-25,600036,13:19:39,39.0900,1,4
2026-03-25,600036,13:19:42,39.0800,83,2
2026-03-25,600036,13:19:45,39.0800,42,1
2026-03-25,600036,13:19:48,39.0800,12,1
2026-03-25,600036,13:19:51,39.0800,19,1
2026-03-25,600036,13:19:54,39.0800,5,1
2026-03-25,600036,13:19:57,39.0800,223,1
2026-03-25,600036,13:20:00,39.0700,15,2
2026-03-25,600036,13:20:03,39.0800,422,1
2026-03-25,600036,13:20:06,39.0700,55,2
2026-03-25,600036,13:20:09,39.0700,124,2
2026-03-25,600036,13:20:12,39.0800,31,2
2026-03-25,600036,13:20:15,39.0900,35,1
2026-03-25,600036,13:20:18,39.0800,54,2
2026-03-25,600036,13:20:21,39.0900,115,1
2026-03-25,600036,13:20:24,39.0900,87,1
2026-03-25,600036,13:20:27,39.0900,10,2
2026-03-25,600036,13:20:30,39.0900,9,1
2026-03-25,600036,13:20:33,39.0800,24,2
2026-03-25,600036,13:20:36,39.0900,1,1
2026-03-25,600036,13:20:39,39.0900,31,1
2026-03-25,600036,13:20:42,39.0900,3,1
2026-03-25,600036,13:20:45,39.0900,106,1
2026-03-25,600036,13:20:48,39.0800,601,2
2026-03-25,600036,13:20:51,39.0700,125,2
2026-03-25,600036,13:20:54,39.0700,17,1
2026-03-25,600036,13:20:57,39.0600,153,2
2026-03-25,600036,13:21:00,39.0800,262,1
2026-03-25,600036,13:21:03,39.0800,60,1
2026-03-25,600036,13:21:06,39.0900,51,1
2026-03-25,600036,13:21:09,39.0900,49,1
2026-03-25,600036,13:21:15,39.0900,33,1
2026-03-25,600036,13:21:18,39.0900,15,1
2026-03-25,600036,13:21:21,39.0800,111,2
2026-03-25,600036,13:21:24,39.0800,147,2
2026-03-25,600036,13:21:27,39.0900,1,1
2026-03-25,600036,13:21:30,39.0900,51,1
2026-03-25,600036,13:21:33,39.0900,789,1
2026-03-25,600036,13:21:36,39.0900,51,1
2026-03-25,600036,13:21:39,39.0900,39,1
2026-03-25,600036,13:21:42,39.0900,123,1
2026-03-25,600036,13:21:45,39.1000,9,1
2026-03-25,600036,13:21:48,39.0900,22,2
2026-03-25,600036,13:21:51,39.0900,8,1
2026-03-25,600036,13:21:54,39.0900,3,1
2026-03-25,600036,13:21:57,39.0800,619,2
2026-03-25,600036,13:22:00,39.0800,3,1
2026-03-25,600036,13:22:03,39.0800,75,1
2026-03-25,600036,13:22:06,39.0800,121,1
2026-03-25,600036,13:22:09,39.0800,167,1
2026-03-25,600036,13:22:12,39.0800,97,1
2026-03-25,600036,13:22:15,39.0800,90,1
2026-03-25,600036,13:22:18,39.0800,106,1
2026-03-25,600036,13:22:21,39.0800,3,1
2026-03-25,600036,13:22:24,39.0800,23,1
2026-03-25,600036,13:22:27,39.0800,55,2
2026-03-25,600036,13:22:30,39.0700,87,2
2026-03-25,600036,13:22:33,39.0900,129,1
2026-03-25,600036,13:22:36,39.0800,117,4
2026-03-25,600036,13:22:39,39.0800,140,1
2026-03-25,600036,13:22:42,39.0800,77,2
2026-03-25,600036,13:22:45,39.0800,3,1
2026-03-25,600036,13:22:48,39.0700,98,2
2026-03-25,600036,13:22:51,39.0700,42,1
2026-03-25,600036,13:22:54,39.0700,16,1
2026-03-25,600036,13:22:57,39.0700,34,1
2026-03-25,600036,13:23:00,39.0700,35,1
2026-03-25,600036,13:23:03,39.0800,194,1
2026-03-25,600036,13:23:06,39.0700,1,2
2026-03-25,600036,13:23:09,39.0800,1,1
2026-03-25,600036,13:23:12,39.0800,39,1
2026-03-25,600036,13:23:15,39.0800,3,1
2026-03-25,600036,13:23:18,39.0800,4,1
2026-03-25,600036,13:23:21,39.0800,97,1
2026-03-25,600036,13:23:24,39.0800,26,1
2026-03-25,600036,13:23:27,39.0700,17,2
2026-03-25,600036,13:23:30,39.0700,136,2
2026-03-25,600036,13:23:33,39.0800,135,1
2026-03-25,600036,13:23:36,39.0800,68,1
2026-03-25,600036,13:23:39,39.0800,20,1
2026-03-25,600036,13:23:42,39.0700,5,2
2026-03-25,600036,13:23:45,39.0700,218,2
2026-03-25,600036,13:23:48,39.0700,6,1
2026-03-25,600036,13:23:51,39.0700,19,1
2026-03-25,600036,13:23:54,39.0700,4,1
2026-03-25,600036,13:23:57,39.0600,83,2
2026-03-25,600036,13:24:00,39.0600,13,2
2026-03-25,600036,13:24:03,39.0600,837,2
2026-03-25,600036,13:24:06,39.0600,77,1
2026-03-25,600036,13:24:09,39.0600,114,1
2026-03-25,600036,13:24:12,39.0600,3,1
2026-03-25,600036,13:24:15,39.0600,257,1
2026-03-25,600036,13:24:18,39.0600,144,1
2026-03-25,600036,13:24:21,39.0700,28,1
2026-03-25,600036,13:24:27,39.0700,1,1
2026-03-25,600036,13:24:33,39.0700,7,1
2026-03-25,600036,13:24:36,39.0700,92,1
2026-03-25,600036,13:24:39,39.0800,745,1
2026-03-25,600036,13:24:42,39.0700,169,2
2026-03-25,600036,13:24:45,39.0700,150,2
2026-03-25,600036,13:24:48,39.0700,10,4
2026-03-25,600036,13:24:51,39.0800,7,1
2026-03-25,600036,13:24:54,39.0700,24,2
2026-03-25,600036,13:24:57,39.0800,39,1
2026-03-25,600036,13:25:00,39.0800,10,1
2026-03-25,600036,13:25:03,39.0800,10,1
2026-03-25,600036,13:25:06,39.0800,5,1
2026-03-25,600036,13:25:09,39.0800,17,1
2026-03-25,600036,13:25:12,39.0700,16,2
2026-03-25,600036,13:25:15,39.0800,3,1
2026-03-25,600036,13:25:18,39.0800,14,1
2026-03-25,600036,13:25:21,39.0800,3,1
2026-03-25,600036,13:25:24,39.0700,5,2
2026-03-25,600036,13:25:27,39.0700,202,2
2026-03-25,600036,13:25:30,39.0700,80,1
2026-03-25,600036,13:25:33,39.0700,72,1
2026-03-25,600036,13:25:36,39.0700,85,1
2026-03-25,600036,13:25:39,39.0700,148,1
2026-03-25,600036,13:25:42,39.0700,124,1
2026-03-25,600036,13:25:45,39.0600,7,2
2026-03-25,600036,13:25:48,39.0700,95,1
2026-03-25,600036,13:25:51,39.0700,21,1
2026-03-25,600036,13:25:54,39.0600,111,2
2026-03-25,600036,13:25:57,39.0600,50,1
2026-03-25,600036,13:26:00,39.0700,23,1
2026-03-25,600036,13:26:03,39.0600,35,2
2026-03-25,600036,13:26:06,39.0500,1398,2
2026-03-25,600036,13:26:09,39.0500,134,1
2026-03-25,600036,13:26:12,39.0500,623,1
2026-03-25,600036,13:26:15,39.0500,10,2
2026-03-25,600036,13:26:18,39.0600,11,1
2026-03-25,600036,13:26:21,39.0600,1,1
2026-03-25,600036,13:26:24,39.0600,66,1
2026-03-25,600036,13:26:30,39.0600,1,1
2026-03-25,600036,13:26:33,39.0600,25,1
2026-03-25,600036,13:26:36,39.0600,7,1
2026-03-25,600036,13:26:39,39.0500,4,2
2026-03-25,600036,13:26:45,39.0600,8,1
2026-03-25,600036,13:26:48,39.0500,90,2
2026-03-25,600036,13:26:51,39.0500,9,2
2026-03-25,600036,13:26:54,39.0600,45,1
2026-03-25,600036,13:26:57,39.0500,123,2
2026-03-25,600036,13:27:00,39.0500,3,1
2026-03-25,600036,13:27:03,39.0500,17,1
2026-03-25,600036,13:27:06,39.0500,169,1
2026-03-25,600036,13:27:09,39.0500,15,1
2026-03-25,600036,13:27:12,39.0500,19,1
2026-03-25,600036,13:27:15,39.0600,52,1
2026-03-25,600036,13:27:18,39.0500,520,2
2026-03-25,600036,13:27:21,39.0600,44,4
2026-03-25,600036,13:27:24,39.0600,11,1
2026-03-25,600036,13:27:27,39.0700,62,1
2026-03-25,600036,13:27:30,39.0600,1,4
2026-03-25,600036,13:27:33,39.0600,7,1
2026-03-25,600036,13:27:36,39.0600,288,1
2026-03-25,600036,13:27:39,39.0900,587,1
2026-03-25,600036,13:27:45,39.0700,1,1
2026-03-25,600036,13:27:48,39.0700,2,1
2026-03-25,600036,13:27:51,39.0700,2,1
2026-03-25,600036,13:27:54,39.0600,36,2
2026-03-25,600036,13:27:57,39.0600,6,2
2026-03-25,600036,13:28:03,39.0700,1,1
2026-03-25,600036,13:28:06,39.0700,68,1
2026-03-25,600036,13:28:09,39.0700,19,1
2026-03-25,600036,13:28:12,39.0700,13,1
2026-03-25,600036,13:28:15,39.0700,2,1
2026-03-25,600036,13:28:18,39.0600,107,2
2026-03-25,600036,13:28:21,39.0700,9,1
2026-03-25,600036,13:28:27,39.0700,81,1
2026-03-25,600036,13:28:30,39.0700,17,1
2026-03-25,600036,13:28:33,39.0700,57,1
2026-03-25,600036,13:28:36,39.0800,73,1
2026-03-25,600036,13:28:39,39.0800,18,2
2026-03-25,600036,13:28:42,39.0800,3,2
2026-03-25,600036,13:28:45,39.0900,12,1
2026-03-25,600036,13:28:48,39.0800,47,2
2026-03-25,600036,13:28:51,39.0800,41,2
2026-03-25,600036,13:28:54,39.0800,39,2
2026-03-25,600036,13:28:57,39.0900,14,1
2026-03-25,600036,13:29:00,39.0900,10,1
2026-03-25,600036,13:29:03,39.0900,55,1
2026-03-25,600036,13:29:06,39.0900,1,1
2026-03-25,600036,13:29:09,39.0900,84,1
2026-03-25,600036,13:29:12,39.0900,24,1
2026-03-25,600036,13:29:15,39.0800,77,2
2026-03-25,600036,13:29:18,39.0900,43,1
2026-03-25,600036,13:29:24,39.0900,13,1
2026-03-25,600036,13:29:27,39.0900,11,1
2026-03-25,600036,13:29:30,39.0900,20,1
2026-03-25,600036,13:29:33,39.0900,23,1
2026-03-25,600036,13:29:36,39.0900,2,1
2026-03-25,600036,13:29:39,39.0900,4,1
2026-03-25,600036,13:29:42,39.0900,31,1
2026-03-25,600036,13:29:45,39.0900,13,1
2026-03-25,600036,13:29:48,39.0800,13,2
2026-03-25,600036,13:29:51,39.0900,3,1
2026-03-25,600036,13:29:54,39.0800,10,2
2026-03-25,600036,13:29:57,39.0900,12,1
2026-03-25,600036,13:30:00,39.0900,12,1
2026-03-25,600036,13:30:03,39.0800,13,2
2026-03-25,600036,13:30:06,39.0900,6,1
2026-03-25,600036,13:30:09,39.0900,8,1
2026-03-25,600036,13:30:12,39.0900,80,1
2026-03-25,600036,13:30:15,39.0900,5,1
2026-03-25,600036,13:30:18,39.0900,46,1
2026-03-25,600036,13:30:21,39.0900,94,1
2026-03-25,600036,13:30:24,39.0900,20,1
2026-03-25,600036,13:30:27,39.0900,23,1
2026-03-25,600036,13:30:33,39.0900,7,1
2026-03-25,600036,13:30:36,39.0800,45,2
2026-03-25,600036,13:30:39,39.0900,9,1
2026-03-25,600036,13:30:42,39.0900,9,1
2026-03-25,600036,13:30:45,39.0900,31,1
2026-03-25,600036,13:30:48,39.0900,22,1
2026-03-25,600036,13:30:51,39.0900,7,1
2026-03-25,600036,13:30:54,39.0900,8,1
2026-03-25,600036,13:30:57,39.0900,26,1
2026-03-25,600036,13:31:03,39.0900,8,1
2026-03-25,600036,13:31:06,39.0900,32,1
2026-03-25,600036,13:31:09,39.0900,2,1
2026-03-25,600036,13:31:12,39.0900,10,1
2026-03-25,600036,13:31:15,39.0900,7,1
2026-03-25,600036,13:31:18,39.0900,3,1
2026-03-25,600036,13:31:21,39.0800,2,2
2026-03-25,600036,13:31:24,39.0900,38,1
2026-03-25,600036,13:31:27,39.0800,7696,2
2026-03-25,600036,13:31:30,39.0900,688,1
2026-03-25,600036,13:31:33,39.0800,55,2
2026-03-25,600036,13:31:36,39.0800,50,1
2026-03-25,600036,13:31:39,39.0500,3925,2
2026-03-25,600036,13:31:42,39.0500,2313,1
2026-03-25,600036,13:31:45,39.0500,676,1
2026-03-25,600036,13:31:48,39.0500,8,1
2026-03-25,600036,13:31:51,39.0500,24,1
2026-03-25,600036,13:31:54,39.0500,2196,1
2026-03-25,600036,13:31:57,39.0500,356,1
2026-03-25,600036,13:32:00,39.0500,29,1
2026-03-25,600036,13:32:03,39.0800,1260,1
2026-03-25,600036,13:32:06,39.0700,56,2
2026-03-25,600036,13:32:09,39.0700,7,1
2026-03-25,600036,13:32:12,39.0500,2,2
2026-03-25,600036,13:32:15,39.0700,2,1
2026-03-25,600036,13:32:18,39.0700,15,1
2026-03-25,600036,13:32:21,39.0700,2,1
2026-03-25,600036,13:32:24,39.0600,127,2
2026-03-25,600036,13:32:27,39.0700,27,1
2026-03-25,600036,13:32:30,39.0700,28,1
2026-03-25,600036,13:32:33,39.0600,149,2
2026-03-25,600036,13:32:36,39.0800,38,1
2026-03-25,600036,13:32:39,39.0800,101,1
2026-03-25,600036,13:32:42,39.0800,5,1
2026-03-25,600036,13:32:45,39.0800,15,1
2026-03-25,600036,13:32:48,39.0800,5,1
2026-03-25,600036,13:32:51,39.0800,6,1
2026-03-25,600036,13:32:54,39.0800,22,1
2026-03-25,600036,13:32:57,39.0800,26,1
2026-03-25,600036,13:33:00,39.0800,10,1
2026-03-25,600036,13:33:03,39.0800,177,1
2026-03-25,600036,13:33:06,39.0800,15,1
2026-03-25,600036,13:33:09,39.0800,37,1
2026-03-25,600036,13:33:12,39.0900,6,1
2026-03-25,600036,13:33:15,39.0900,33,1
2026-03-25,600036,13:33:18,39.1000,69,1
2026-03-25,600036,13:33:21,39.0900,2,4
2026-03-25,600036,13:33:24,39.0900,83,1
2026-03-25,600036,13:33:27,39.1000,40,1
2026-03-25,600036,13:33:30,39.1000,1,1
2026-03-25,600036,13:33:33,39.1000,321,1
2026-03-25,600036,13:33:36,39.1100,38,1
2026-03-25,600036,13:33:39,39.1100,1,2
2026-03-25,600036,13:33:42,39.1100,511,2
2026-03-25,600036,13:33:45,39.1000,413,2
2026-03-25,600036,13:33:48,39.1000,49,1
2026-03-25,600036,13:33:51,39.0900,368,2
2026-03-25,600036,13:33:54,39.0900,26,1
2026-03-25,600036,13:33:57,39.0900,1145,1
2026-03-25,600036,13:34:00,39.0900,51,1
2026-03-25,600036,13:34:03,39.0900,18,1
2026-03-25,600036,13:34:06,39.1000,120,1
2026-03-25,600036,13:34:09,39.0900,23,1
2026-03-25,600036,13:34:12,39.0900,3,1
2026-03-25,600036,13:34:15,39.0900,9,1
2026-03-25,600036,13:34:18,39.0800,32,2
2026-03-25,600036,13:34:21,39.0800,9,2
2026-03-25,600036,13:34:24,39.0900,12,1
2026-03-25,600036,13:34:27,39.0900,63,1
2026-03-25,600036,13:34:30,39.0900,3,1
2026-03-25,600036,13:34:33,39.0800,23,2
2026-03-25,600036,13:34:36,39.0900,7,1
2026-03-25,600036,13:34:39,39.0800,34,2
2026-03-25,600036,13:34:42,39.0800,83,2
2026-03-25,600036,13:34:45,39.0800,2,2
2026-03-25,600036,13:34:48,39.0800,146,2
2026-03-25,600036,13:34:51,39.0800,14,1
2026-03-25,600036,13:34:54,39.0800,6,1
2026-03-25,600036,13:34:57,39.0700,44,2
2026-03-25,600036,13:35:00,39.0800,34,1
2026-03-25,600036,13:35:03,39.0800,140,1
2026-03-25,600036,13:35:06,39.0800,17,1
2026-03-25,600036,13:35:09,39.0800,3,1
2026-03-25,600036,13:35:12,39.0800,68,1
2026-03-25,600036,13:35:15,39.0800,62,1
2026-03-25,600036,13:35:18,39.0800,3,1
2026-03-25,600036,13:35:21,39.0800,19,1
2026-03-25,600036,13:35:24,39.0800,11,1
2026-03-25,600036,13:35:27,39.0800,60,1
2026-03-25,600036,13:35:30,39.0800,10,2
2026-03-25,600036,13:35:33,39.0900,11,1
2026-03-25,600036,13:35:36,39.0900,3,1
2026-03-25,600036,13:35:39,39.0900,5,1
2026-03-25,600036,13:35:42,39.0900,6,1
2026-03-25,600036,13:35:45,39.0900,54,1
2026-03-25,600036,13:35:48,39.0900,106,1
2026-03-25,600036,13:35:51,39.0900,25,1
2026-03-25,600036,13:35:54,39.0900,24,1
2026-03-25,600036,13:35:57,39.0900,8,1
2026-03-25,600036,13:36:00,39.0900,122,1
2026-03-25,600036,13:36:03,39.0800,18,2
2026-03-25,600036,13:36:06,39.0900,20,1
2026-03-25,600036,13:36:09,39.0800,8,4
2026-03-25,600036,13:36:12,39.0900,176,1
2026-03-25,600036,13:36:24,39.0900,1,1
2026-03-25,600036,13:36:27,39.0900,2,1
2026-03-25,600036,13:36:30,39.0800,7,2
2026-03-25,600036,13:36:33,39.0800,1,2
2026-03-25,600036,13:36:42,39.0900,28,1
2026-03-25,600036,13:36:45,39.0900,1,1
2026-03-25,600036,13:36:48,39.0800,38,2
2026-03-25,600036,13:36:51,39.0900,24,1
2026-03-25,600036,13:36:57,39.0900,1,1
2026-03-25,600036,13:37:00,39.0800,27,2
2026-03-25,600036,13:37:03,39.0800,391,2
2026-03-25,600036,13:37:06,39.0800,165,2
2026-03-25,600036,13:37:09,39.0800,28,2
2026-03-25,600036,13:37:12,39.0800,66,2
2026-03-25,600036,13:37:15,39.0800,37,1
2026-03-25,600036,13:37:18,39.0800,2,1
2026-03-25,600036,13:37:21,39.0900,80,1
2026-03-25,600036,13:37:27,39.0900,7,1
2026-03-25,600036,13:37:30,39.0900,4,1
2026-03-25,600036,13:37:33,39.0900,682,1
2026-03-25,600036,13:37:36,39.0900,33,1
2026-03-25,600036,13:37:39,39.1000,369,1
2026-03-25,600036,13:37:42,39.0900,10,2
2026-03-25,600036,13:37:45,39.1000,11,1
2026-03-25,600036,13:37:48,39.1000,102,1
2026-03-25,600036,13:37:51,39.1000,15,1
2026-03-25,600036,13:37:57,39.1000,2,1
2026-03-25,600036,13:38:00,39.1200,567,1
2026-03-25,600036,13:38:03,39.1200,31,1
2026-03-25,600036,13:38:06,39.1200,12,4
2026-03-25,600036,13:38:09,39.1300,18,1
2026-03-25,600036,13:38:12,39.1200,30,2
2026-03-25,600036,13:38:15,39.1100,136,2
2026-03-25,600036,13:38:18,39.1100,99,1
2026-03-25,600036,13:38:21,39.1000,38,2
2026-03-25,600036,13:38:24,39.1000,32,2
2026-03-25,600036,13:38:27,39.1100,112,1
2026-03-25,600036,13:38:30,39.0900,31,2
2026-03-25,600036,13:38:33,39.0900,26,2
2026-03-25,600036,13:38:36,39.1000,25,1
2026-03-25,600036,13:38:45,39.1000,5,1
2026-03-25,600036,13:38:48,39.0900,5,2
2026-03-25,600036,13:38:51,39.1000,1,1
2026-03-25,600036,13:38:54,39.0900,2,2
2026-03-25,600036,13:38:57,39.1000,28,1
2026-03-25,600036,13:39:00,39.1000,13,1
2026-03-25,600036,13:39:03,39.0900,42,2
2026-03-25,600036,13:39:06,39.1000,15,1
2026-03-25,600036,13:39:12,39.0900,11,2
2026-03-25,600036,13:39:15,39.1000,26,1
2026-03-25,600036,13:39:18,39.1000,50,1
2026-03-25,600036,13:39:21,39.1000,4,1
2026-03-25,600036,13:39:24,39.1000,59,1
2026-03-25,600036,13:39:27,39.0900,36,2
2026-03-25,600036,13:39:30,39.1000,48,1
2026-03-25,600036,13:39:33,39.1000,46,1
2026-03-25,600036,13:39:36,39.0900,246,2
2026-03-25,600036,13:39:39,39.0900,45,2
2026-03-25,600036,13:39:42,39.0900,41,2
2026-03-25,600036,13:39:45,39.1000,11,1
2026-03-25,600036,13:39:48,39.1000,20,1
2026-03-25,600036,13:39:51,39.1000,50,1
2026-03-25,600036,13:39:54,39.1000,38,1
2026-03-25,600036,13:39:57,39.1000,150,1
2026-03-25,600036,13:40:00,39.1000,9,1
2026-03-25,600036,13:40:03,39.0900,70,2
2026-03-25,600036,13:40:06,39.1000,22,1
2026-03-25,600036,13:40:09,39.0900,30,2
2026-03-25,600036,13:40:12,39.1000,6,1
2026-03-25,600036,13:40:15,39.1000,29,1
2026-03-25,600036,13:40:18,39.0900,8,2
2026-03-25,600036,13:40:21,39.0900,260,2
2026-03-25,600036,13:40:24,39.1000,102,1
2026-03-25,600036,13:40:27,39.0900,45,2
2026-03-25,600036,13:40:30,39.1000,41,1
2026-03-25,600036,13:40:33,39.1000,3,1
2026-03-25,600036,13:40:36,39.1000,10,1
2026-03-25,600036,13:40:39,39.0900,10,2
2026-03-25,600036,13:40:42,39.0900,150,2
2026-03-25,600036,13:40:45,39.1000,32,1
2026-03-25,600036,13:40:48,39.1000,10,1
2026-03-25,600036,13:40:51,39.0900,10,2
2026-03-25,600036,13:40:54,39.0900,2,2
2026-03-25,600036,13:40:57,39.0900,17,2
2026-03-25,600036,13:41:00,39.0900,11,2
2026-03-25,600036,13:41:03,39.0900,6,2
2026-03-25,600036,13:41:06,39.1000,56,1
2026-03-25,600036,13:41:09,39.0900,70,2
2026-03-25,600036,13:41:12,39.0900,17,2
2026-03-25,600036,13:41:15,39.0900,56,2
2026-03-25,600036,13:41:18,39.0900,36,2
2026-03-25,600036,13:41:21,39.1000,45,1
2026-03-25,600036,13:41:24,39.0900,5,2
2026-03-25,600036,13:41:27,39.0900,99,2
2026-03-25,600036,13:41:30,39.0900,26,2
2026-03-25,600036,13:41:33,39.1000,40,1
2026-03-25,600036,13:41:36,39.1000,754,1
2026-03-25,600036,13:41:39,39.1000,33,2
2026-03-25,600036,13:41:42,39.1100,48,1
2026-03-25,600036,13:41:45,39.1100,250,1
2026-03-25,600036,13:41:48,39.1200,353,1
2026-03-25,600036,13:41:51,39.1100,107,2
2026-03-25,600036,13:41:54,39.1100,68,1
2026-03-25,600036,13:41:57,39.1100,78,2
2026-03-25,600036,13:42:00,39.1200,7,1
2026-03-25,600036,13:42:03,39.1100,13,1
2026-03-25,600036,13:42:06,39.1000,315,2
2026-03-25,600036,13:42:09,39.1000,83,1
2026-03-25,600036,13:42:12,39.1000,75,1
2026-03-25,600036,13:42:15,39.0900,36,2
2026-03-25,600036,13:42:18,39.0900,166,2
2026-03-25,600036,13:42:21,39.1000,476,1
2026-03-25,600036,13:42:24,39.1000,33,1
2026-03-25,600036,13:42:30,39.1000,9,1
2026-03-25,600036,13:42:33,39.1000,21,1
2026-03-25,600036,13:42:36,39.1000,1,1
2026-03-25,600036,13:42:39,39.1000,28,1
2026-03-25,600036,13:42:42,39.1000,11,1
2026-03-25,600036,13:42:45,39.1000,1,1
2026-03-25,600036,13:42:48,39.1000,1,1
2026-03-25,600036,13:42:51,39.1000,36,1
2026-03-25,600036,13:42:54,39.0900,10,2
2026-03-25,600036,13:42:57,39.1000,16,1
2026-03-25,600036,13:43:00,39.1000,1,1
2026-03-25,600036,13:43:03,39.1000,66,1
2026-03-25,600036,13:43:06,39.1000,82,1
2026-03-25,600036,13:43:09,39.1000,11,1
2026-03-25,600036,13:43:12,39.1000,475,1
2026-03-25,600036,13:43:15,39.1100,13,1
2026-03-25,600036,13:43:18,39.1100,110,1
2026-03-25,600036,13:43:21,39.1000,8,2
2026-03-25,600036,13:43:24,39.1100,61,1
2026-03-25,600036,13:43:27,39.1100,58,1
2026-03-25,600036,13:43:30,39.1100,66,1
2026-03-25,600036,13:43:33,39.1100,66,1
2026-03-25,600036,13:43:36,39.1000,66,2
2026-03-25,600036,13:43:39,39.1100,52,1
2026-03-25,600036,13:43:42,39.1000,3,2
2026-03-25,600036,13:43:45,39.1100,34,1
2026-03-25,600036,13:43:48,39.1000,71,2
2026-03-25,600036,13:43:51,39.1100,244,1
2026-03-25,600036,13:43:54,39.1100,239,1
2026-03-25,600036,13:43:57,39.1100,5,1
2026-03-25,600036,13:44:00,39.1100,8,1
2026-03-25,600036,13:44:03,39.1200,199,1
2026-03-25,600036,13:44:06,39.1100,2,4
2026-03-25,600036,13:44:09,39.1100,9,1
2026-03-25,600036,13:44:12,39.1200,27,1
2026-03-25,600036,13:44:15,39.1100,68,1
2026-03-25,600036,13:44:18,39.1100,152,1
2026-03-25,600036,13:44:21,39.1100,92,1
2026-03-25,600036,13:44:24,39.1100,359,1
2026-03-25,600036,13:44:27,39.1200,434,1
2026-03-25,600036,13:44:30,39.1200,64,1
2026-03-25,600036,13:44:33,39.1200,17,1
2026-03-25,600036,13:44:36,39.1200,16,1
2026-03-25,600036,13:44:39,39.1200,21,1
2026-03-25,600036,13:44:42,39.1100,84,2
2026-03-25,600036,13:44:45,39.1100,612,2
2026-03-25,600036,13:44:48,39.1100,480,1
2026-03-25,600036,13:44:51,39.1200,16,1
2026-03-25,600036,13:44:54,39.1200,93,1
2026-03-25,600036,13:44:57,39.1200,46,1
2026-03-25,600036,13:45:00,39.1200,101,1
2026-03-25,600036,13:45:03,39.1200,74,1
2026-03-25,600036,13:45:06,39.1200,181,2
2026-03-25,600036,13:45:09,39.1300,2,4
2026-03-25,600036,13:45:12,39.1400,21,1
2026-03-25,600036,13:45:15,39.1400,86,1
2026-03-25,600036,13:45:18,39.1400,126,1
2026-03-25,600036,13:45:21,39.1400,36,1
2026-03-25,600036,13:45:24,39.1400,1,1
2026-03-25,600036,13:45:27,39.1300,81,2
2026-03-25,600036,13:45:30,39.1300,97,1
2026-03-25,600036,13:45:33,39.1300,138,2
2026-03-25,600036,13:45:36,39.1300,89,1
2026-03-25,600036,13:45:39,39.1300,15,1
2026-03-25,600036,13:45:42,39.1200,146,2
2026-03-25,600036,13:45:45,39.1400,233,1
2026-03-25,600036,13:45:48,39.1300,1,2
2026-03-25,600036,13:45:51,39.1300,38,2
2026-03-25,600036,13:45:54,39.1400,53,1
2026-03-25,600036,13:45:57,39.1400,465,1
2026-03-25,600036,13:46:00,39.1300,23,2
2026-03-25,600036,13:46:03,39.1400,33,1
2026-03-25,600036,13:46:06,39.1400,87,1
2026-03-25,600036,13:46:09,39.1400,39,1
2026-03-25,600036,13:46:12,39.1400,56,2
2026-03-25,600036,13:46:15,39.1400,13,1
2026-03-25,600036,13:46:21,39.1500,53,1
2026-03-25,600036,13:46:24,39.1400,1,2
2026-03-25,600036,13:46:27,39.1500,39,1
2026-03-25,600036,13:46:30,39.1500,23,1
2026-03-25,600036,13:46:33,39.1600,658,1
2026-03-25,600036,13:46:36,39.1500,81,2
2026-03-25,600036,13:46:39,39.1600,10,1
2026-03-25,600036,13:46:42,39.1600,10,1
2026-03-25,600036,13:46:45,39.1600,36,1
2026-03-25,600036,13:46:48,39.1600,208,1
2026-03-25,600036,13:46:51,39.1600,49,1
2026-03-25,600036,13:46:54,39.1600,15,1
2026-03-25,600036,13:46:57,39.1600,101,1
2026-03-25,600036,13:47:00,39.1600,24,1
2026-03-25,600036,13:47:03,39.1600,123,1
2026-03-25,600036,13:47:06,39.1800,268,1
2026-03-25,600036,13:47:09,39.1600,2,2
2026-03-25,600036,13:47:12,39.1700,64,1
2026-03-25,600036,13:47:15,39.1600,26,2
2026-03-25,600036,13:47:18,39.1700,5,2
2026-03-25,600036,13:47:21,39.1800,1,1
2026-03-25,600036,13:47:24,39.1800,288,1
2026-03-25,600036,13:47:27,39.1800,74,1
2026-03-25,600036,13:47:30,39.1700,1,2
2026-03-25,600036,13:47:33,39.1900,73,1
2026-03-25,600036,13:47:36,39.2000,437,1
2026-03-25,600036,13:47:39,39.1900,37,1
2026-03-25,600036,13:47:42,39.1900,539,2
2026-03-25,600036,13:47:45,39.2000,106,1
2026-03-25,600036,13:47:48,39.2000,130,1
2026-03-25,600036,13:47:51,39.1900,103,2
2026-03-25,600036,13:47:54,39.1900,494,2
2026-03-25,600036,13:47:57,39.1900,2,1
2026-03-25,600036,13:48:00,39.1900,96,1
2026-03-25,600036,13:48:03,39.1700,556,2
2026-03-25,600036,13:48:06,39.1900,56,1
2026-03-25,600036,13:48:09,39.1700,5,2
2026-03-25,600036,13:48:12,39.1800,3,1
2026-03-25,600036,13:48:15,39.1800,9,1
2026-03-25,600036,13:48:18,39.1800,20,1
2026-03-25,600036,13:48:21,39.1800,47,1
2026-03-25,600036,13:48:24,39.1800,2,2
2026-03-25,600036,13:48:27,39.1800,8,2
2026-03-25,600036,13:48:30,39.1800,27,2
2026-03-25,600036,13:48:33,39.1800,52,2
2026-03-25,600036,13:48:36,39.1800,34,1
2026-03-25,600036,13:48:39,39.1800,6,1
2026-03-25,600036,13:48:42,39.1700,78,2
2026-03-25,600036,13:48:45,39.1800,4,1
2026-03-25,600036,13:48:48,39.1800,4,1
2026-03-25,600036,13:48:51,39.1800,30,1
2026-03-25,600036,13:48:54,39.1800,31,1
2026-03-25,600036,13:48:57,39.1700,72,2
2026-03-25,600036,13:49:00,39.1700,15,2
2026-03-25,600036,13:49:03,39.1700,139,2
2026-03-25,600036,13:49:06,39.1700,40,1
2026-03-25,600036,13:49:09,39.1700,122,1
2026-03-25,600036,13:49:12,39.1700,2,1
2026-03-25,600036,13:49:15,39.1700,34,1
2026-03-25,600036,13:49:18,39.1700,12,1
2026-03-25,600036,13:49:21,39.1900,893,1
2026-03-25,600036,13:49:24,39.1900,94,1
2026-03-25,600036,13:49:27,39.1800,6,2
2026-03-25,600036,13:49:30,39.1900,1,1
2026-03-25,600036,13:49:33,39.1900,55,1
2026-03-25,600036,13:49:36,39.1900,32,1
2026-03-25,600036,13:49:39,39.1900,267,1
2026-03-25,600036,13:49:42,39.1900,15,1
2026-03-25,600036,13:49:45,39.1800,31,2
2026-03-25,600036,13:49:48,39.1900,6,1
2026-03-25,600036,13:49:51,39.1900,1,1
2026-03-25,600036,13:49:57,39.1800,203,2
2026-03-25,600036,13:50:00,39.1900,47,1
2026-03-25,600036,13:50:03,39.1900,56,1
2026-03-25,600036,13:50:06,39.1900,102,1
2026-03-25,600036,13:50:09,39.1900,88,1
2026-03-25,600036,13:50:12,39.1900,24,1
2026-03-25,600036,13:50:15,39.1900,79,1
2026-03-25,600036,13:50:18,39.1800,142,2
2026-03-25,600036,13:50:21,39.1900,149,1
2026-03-25,600036,13:50:24,39.2100,1303,1
2026-03-25,600036,13:50:27,39.2000,20,2
2026-03-25,600036,13:50:30,39.2100,81,1
2026-03-25,600036,13:50:33,39.2100,27,1
2026-03-25,600036,13:50:36,39.2100,147,1
2026-03-25,600036,13:50:39,39.2100,77,1
2026-03-25,600036,13:50:42,39.2000,89,2
2026-03-25,600036,13:50:45,39.2000,40,2
2026-03-25,600036,13:50:48,39.1900,54,2
2026-03-25,600036,13:50:51,39.2000,7,1
2026-03-25,600036,13:50:54,39.1900,20,2
2026-03-25,600036,13:50:57,39.1900,9,2
2026-03-25,600036,13:51:00,39.2000,13,1
2026-03-25,600036,13:51:03,39.2000,12,1
2026-03-25,600036,13:51:06,39.2000,95,1
2026-03-25,600036,13:51:09,39.1800,65,2
2026-03-25,600036,13:51:12,39.1900,102,1
2026-03-25,600036,13:51:15,39.1800,27,2
2026-03-25,600036,13:51:18,39.1900,71,1
2026-03-25,600036,13:51:21,39.1900,46,1
2026-03-25,600036,13:51:24,39.1800,45,4
2026-03-25,600036,13:51:27,39.1800,88,1
2026-03-25,600036,13:51:30,39.1700,6,2
2026-03-25,600036,13:51:33,39.1700,44,2
2026-03-25,600036,13:51:36,39.1800,31,1
2026-03-25,600036,13:51:39,39.1800,145,1
2026-03-25,600036,13:51:42,39.1800,37,1
2026-03-25,600036,13:51:45,39.1800,37,1
2026-03-25,600036,13:51:48,39.1800,14,1
2026-03-25,600036,13:51:51,39.1800,446,1
2026-03-25,600036,13:51:54,39.1900,91,1
2026-03-25,600036,13:51:57,39.1900,129,1
2026-03-25,600036,13:52:00,39.1900,1,1
2026-03-25,600036,13:52:03,39.1900,6,1
2026-03-25,600036,13:52:06,39.1800,18,2
2026-03-25,600036,13:52:09,39.1800,3,2
2026-03-25,600036,13:52:12,39.1900,20,1
2026-03-25,600036,13:52:15,39.1800,2,2
2026-03-25,600036,13:52:18,39.1800,13,2
2026-03-25,600036,13:52:21,39.1900,40,1
2026-03-25,600036,13:52:24,39.1800,50,2
2026-03-25,600036,13:52:27,39.1900,2,1
2026-03-25,600036,13:52:30,39.1800,77,2
2026-03-25,600036,13:52:33,39.1700,296,2
2026-03-25,600036,13:52:36,39.1800,26,4
2026-03-25,600036,13:52:39,39.1900,22,1
2026-03-25,600036,13:52:42,39.1800,11,2
2026-03-25,600036,13:52:45,39.1800,321,1
2026-03-25,600036,13:52:48,39.1800,61,1
2026-03-25,600036,13:52:51,39.1700,46,2
2026-03-25,600036,13:52:54,39.1700,30,2
2026-03-25,600036,13:52:57,39.1700,26,1
2026-03-25,600036,13:53:00,39.1700,16,1
2026-03-25,600036,13:53:03,39.1700,3,1
2026-03-25,600036,13:53:06,39.1600,19,2
2026-03-25,600036,13:53:09,39.1700,279,1
2026-03-25,600036,13:53:12,39.1600,145,2
2026-03-25,600036,13:53:15,39.1600,63,2
2026-03-25,600036,13:53:18,39.1700,54,1
2026-03-25,600036,13:53:21,39.1600,24,2
2026-03-25,600036,13:53:24,39.1500,91,2
2026-03-25,600036,13:53:27,39.1600,52,4
2026-03-25,600036,13:53:30,39.1500,64,2
2026-03-25,600036,13:53:33,39.1600,24,2
2026-03-25,600036,13:53:36,39.1600,47,1
2026-03-25,600036,13:53:39,39.1600,331,1
2026-03-25,600036,13:53:42,39.1500,34,2
2026-03-25,600036,13:53:45,39.1500,44,2
2026-03-25,600036,13:53:48,39.1300,68,2
2026-03-25,600036,13:53:51,39.1200,167,2
2026-03-25,600036,13:53:54,39.1300,37,2
2026-03-25,600036,13:53:57,39.1300,7,2
2026-03-25,600036,13:54:00,39.1500,12,1
2026-03-25,600036,13:54:03,39.1300,44,2
2026-03-25,600036,13:54:06,39.1300,78,2
2026-03-25,600036,13:54:09,39.1300,167,2
2026-03-25,600036,13:54:12,39.1300,76,2
2026-03-25,600036,13:54:15,39.1600,461,1
2026-03-25,600036,13:54:18,39.1500,10,4
2026-03-25,600036,13:54:21,39.1400,98,2
2026-03-25,600036,13:54:24,39.1600,20,1
2026-03-25,600036,13:54:27,39.1600,6,1
2026-03-25,600036,13:54:30,39.1500,106,1
2026-03-25,600036,13:54:33,39.1600,96,1
2026-03-25,600036,13:54:36,39.1600,50,1
2026-03-25,600036,13:54:39,39.1500,20,2
2026-03-25,600036,13:54:42,39.1600,8,1
2026-03-25,600036,13:54:45,39.1500,4,2
2026-03-25,600036,13:54:48,39.1500,3,2
2026-03-25,600036,13:54:51,39.1600,84,1
2026-03-25,600036,13:54:54,39.1600,9,1
2026-03-25,600036,13:54:57,39.1500,30,2
2026-03-25,600036,13:55:00,39.1600,2,1
2026-03-25,600036,13:55:06,39.1600,26,1
2026-03-25,600036,13:55:09,39.1600,1,1
2026-03-25,600036,13:55:12,39.1600,35,1
2026-03-25,600036,13:55:15,39.1600,47,1
2026-03-25,600036,13:55:18,39.1600,1,1
2026-03-25,600036,13:55:21,39.1600,1,1
2026-03-25,600036,13:55:24,39.1600,29,1
2026-03-25,600036,13:55:27,39.1600,2,1
2026-03-25,600036,13:55:30,39.1500,70,2
2026-03-25,600036,13:55:33,39.1400,118,2
2026-03-25,600036,13:55:36,39.1500,403,1
2026-03-25,600036,13:55:39,39.1400,1,4
2026-03-25,600036,13:55:42,39.1300,101,2
2026-03-25,600036,13:55:45,39.1400,16,1
2026-03-25,600036,13:55:48,39.1400,71,1
2026-03-25,600036,13:55:51,39.1400,73,1
2026-03-25,600036,13:55:54,39.1400,1,1
2026-03-25,600036,13:55:57,39.1300,122,2
2026-03-25,600036,13:56:00,39.1400,28,1
2026-03-25,600036,13:56:03,39.1400,8,1
2026-03-25,600036,13:56:06,39.1300,144,2
2026-03-25,600036,13:56:09,39.1400,26,2
2026-03-25,600036,13:56:12,39.1400,38,1
2026-03-25,600036,13:56:15,39.1300,9,2
2026-03-25,600036,13:56:18,39.1400,1,1
2026-03-25,600036,13:56:21,39.1300,12,2
2026-03-25,600036,13:56:24,39.1400,23,1
2026-03-25,600036,13:56:27,39.1400,81,1
2026-03-25,600036,13:56:30,39.1300,304,2
2026-03-25,600036,13:56:33,39.1200,183,2
2026-03-25,600036,13:56:36,39.1100,31,2
2026-03-25,600036,13:56:39,39.1200,43,1
2026-03-25,600036,13:56:42,39.1200,10,1
2026-03-25,600036,13:56:45,39.1200,109,1
2026-03-25,600036,13:56:48,39.1100,21,2
2026-03-25,600036,13:56:51,39.1200,31,1
2026-03-25,600036,13:56:54,39.1100,2,2
2026-03-25,600036,13:56:57,39.1100,1,2
2026-03-25,600036,13:57:00,39.1200,530,1
2026-03-25,600036,13:57:03,39.1300,61,1
2026-03-25,600036,13:57:06,39.1200,25,2
2026-03-25,600036,13:57:09,39.1300,2,1
2026-03-25,600036,13:57:12,39.1400,13,1
2026-03-25,600036,13:57:15,39.1400,3,1
2026-03-25,600036,13:57:18,39.1400,3,1
2026-03-25,600036,13:57:21,39.1300,66,2
2026-03-25,600036,13:57:24,39.1300,50,2
2026-03-25,600036,13:57:27,39.1300,200,2
2026-03-25,600036,13:57:30,39.1400,51,1
2026-03-25,600036,13:57:33,39.1400,97,2
2026-03-25,600036,13:57:36,39.1300,48,2
2026-03-25,600036,13:57:39,39.1300,4,2
2026-03-25,600036,13:57:45,39.1300,5,2
2026-03-25,600036,13:57:48,39.1300,22,2
2026-03-25,600036,13:57:51,39.1300,51,2
2026-03-25,600036,13:57:54,39.1300,2,1
2026-03-25,600036,13:57:57,39.1300,29,1
2026-03-25,600036,13:58:00,39.1300,13,1
2026-03-25,600036,13:58:03,39.1300,66,1
2026-03-25,600036,13:58:06,39.1300,19,1
2026-03-25,600036,13:58:09,39.1200,54,2
2026-03-25,600036,13:58:12,39.1200,185,2
2026-03-25,600036,13:58:15,39.1100,162,2
2026-03-25,600036,13:58:18,39.1100,452,2
2026-03-25,600036,13:58:21,39.1100,61,1
2026-03-25,600036,13:58:24,39.1000,43,2
2026-03-25,600036,13:58:27,39.1000,20,2
2026-03-25,600036,13:58:30,39.1000,51,2
2026-03-25,600036,13:58:33,39.1100,140,1
2026-03-25,600036,13:58:36,39.1100,60,1
2026-03-25,600036,13:58:39,39.1300,190,1
2026-03-25,600036,13:58:42,39.1100,10,2
2026-03-25,600036,13:58:45,39.1300,7,1
2026-03-25,600036,13:58:48,39.1300,2,1
2026-03-25,600036,13:58:51,39.1200,3,2
2026-03-25,600036,13:58:54,39.1200,4,2
2026-03-25,600036,13:58:57,39.1200,77,2
2026-03-25,600036,13:59:00,39.1300,1,1
2026-03-25,600036,13:59:03,39.1200,190,2
2026-03-25,600036,13:59:06,39.1200,21,1
2026-03-25,600036,13:59:09,39.1200,5,1
2026-03-25,600036,13:59:12,39.1200,2,1
2026-03-25,600036,13:59:15,39.1200,10,1
2026-03-25,600036,13:59:18,39.1200,16,1
2026-03-25,600036,13:59:21,39.1200,53,2
2026-03-25,600036,13:59:27,39.1200,3,1
2026-03-25,600036,13:59:30,39.1200,21,1
2026-03-25,600036,13:59:33,39.1200,2,1
2026-03-25,600036,13:59:36,39.1200,47,1
2026-03-25,600036,13:59:42,39.1200,9,2
2026-03-25,600036,13:59:45,39.1200,34,1
2026-03-25,600036,13:59:48,39.1200,9,1
2026-03-25,600036,13:59:51,39.1200,10,1
2026-03-25,600036,13:59:54,39.1100,62,2
2026-03-25,600036,13:59:57,39.1200,7,1
2026-03-25,600036,14:00:00,39.1200,83,1
2026-03-25,600036,14:00:03,39.1200,10,1
2026-03-25,600036,14:00:06,39.1200,47,1
2026-03-25,600036,14:00:09,39.1200,18,1
2026-03-25,600036,14:00:12,39.1200,38,1
2026-03-25,600036,14:00:15,39.1200,2,1
2026-03-25,600036,14:00:18,39.1100,10,2
2026-03-25,600036,14:00:21,39.1100,33,2
2026-03-25,600036,14:00:24,39.1200,26,1
2026-03-25,600036,14:00:27,39.1200,35,1
2026-03-25,600036,14:00:30,39.1200,26,1
2026-03-25,600036,14:00:33,39.1200,31,1
2026-03-25,600036,14:00:36,39.1200,25,1
2026-03-25,600036,14:00:39,39.1200,66,1
2026-03-25,600036,14:00:42,39.1200,26,1
2026-03-25,600036,14:00:45,39.1100,8,2
2026-03-25,600036,14:00:48,39.1200,440,1
2026-03-25,600036,14:00:51,39.1200,17,1
2026-03-25,600036,14:00:54,39.1200,9,1
2026-03-25,600036,14:00:57,39.1200,8,1
2026-03-25,600036,14:01:00,39.1200,26,1
2026-03-25,600036,14:01:03,39.1200,26,1
2026-03-25,600036,14:01:06,39.1100,46,2
2026-03-25,600036,14:01:09,39.1200,10,1
2026-03-25,600036,14:01:12,39.1100,46,2
2026-03-25,600036,14:01:15,39.1100,36,2
2026-03-25,600036,14:01:18,39.1200,97,1
2026-03-25,600036,14:01:21,39.1200,3,1
2026-03-25,600036,14:01:24,39.1200,1,1
2026-03-25,600036,14:01:27,39.1200,42,1
2026-03-25,600036,14:01:30,39.1100,40,2
2026-03-25,600036,14:01:33,39.1200,10,1
2026-03-25,600036,14:01:36,39.1100,67,2
2026-03-25,600036,14:01:39,39.1100,1,2
2026-03-25,600036,14:01:42,39.1100,24,2
2026-03-25,600036,14:01:45,39.1100,347,2
2026-03-25,600036,14:01:48,39.1100,143,2
2026-03-25,600036,14:01:51,39.1200,89,1
2026-03-25,600036,14:01:54,39.1100,3,2
2026-03-25,600036,14:01:57,39.1100,3,2
2026-03-25,600036,14:02:00,39.1100,32,2
2026-03-25,600036,14:02:03,39.1100,74,2
2026-03-25,600036,14:02:06,39.1100,375,2
2026-03-25,600036,14:02:09,39.1000,536,2
2026-03-25,600036,14:02:12,39.1000,188,2
2026-03-25,600036,14:02:15,39.1100,184,1
2026-03-25,600036,14:02:18,39.0900,765,2
2026-03-25,600036,14:02:21,39.0900,170,2
2026-03-25,600036,14:02:24,39.0900,131,2
2026-03-25,600036,14:02:27,39.0900,415,2
2026-03-25,600036,14:02:30,39.0800,102,2
2026-03-25,600036,14:02:33,39.0800,230,2
2026-03-25,600036,14:02:36,39.0800,22,2
2026-03-25,600036,14:02:39,39.0900,230,1
2026-03-25,600036,14:02:42,39.0900,83,1
2026-03-25,600036,14:02:45,39.0900,30,1
2026-03-25,600036,14:02:48,39.0900,232,1
2026-03-25,600036,14:02:51,39.0900,14,1
2026-03-25,600036,14:02:54,39.0900,3,1
2026-03-25,600036,14:02:57,39.1000,230,1
2026-03-25,600036,14:03:00,39.1000,3,1
2026-03-25,600036,14:03:03,39.1000,1,1
2026-03-25,600036,14:03:06,39.0900,6,2
2026-03-25,600036,14:03:09,39.0900,5,2
2026-03-25,600036,14:03:12,39.0900,14,2
2026-03-25,600036,14:03:15,39.1000,6,1
2026-03-25,600036,14:03:18,39.1000,7,1
2026-03-25,600036,14:03:21,39.1000,39,1
2026-03-25,600036,14:03:24,39.1000,4,1
2026-03-25,600036,14:03:27,39.1000,14,1
2026-03-25,600036,14:03:30,39.1000,143,1
2026-03-25,600036,14:03:33,39.1000,42,1
2026-03-25,600036,14:03:36,39.0900,77,2
2026-03-25,600036,14:03:39,39.1000,40,1
2026-03-25,600036,14:03:42,39.0900,81,2
2026-03-25,600036,14:03:45,39.0900,54,2
2026-03-25,600036,14:03:48,39.1000,43,1
2026-03-25,600036,14:03:51,39.0900,32,2
2026-03-25,600036,14:03:54,39.0900,15,2
2026-03-25,600036,14:03:57,39.1000,27,1
2026-03-25,600036,14:04:00,39.0900,12,2
2026-03-25,600036,14:04:03,39.1000,20,1
2026-03-25,600036,14:04:06,39.1000,26,1
2026-03-25,600036,14:04:09,39.1000,9,1
2026-03-25,600036,14:04:12,39.0900,28,2
2026-03-25,600036,14:04:15,39.1000,312,1
2026-03-25,600036,14:04:18,39.0800,221,2
2026-03-25,600036,14:04:21,39.0800,105,2
2026-03-25,600036,14:04:24,39.0800,45,2
2026-03-25,600036,14:04:27,39.0800,88,2
2026-03-25,600036,14:04:30,39.0900,8,1
2026-03-25,600036,14:04:33,39.0800,128,2
2026-03-25,600036,14:04:36,39.0700,28,2
2026-03-25,600036,14:04:39,39.0800,18,1
2026-03-25,600036,14:04:42,39.0700,55,2
2026-03-25,600036,14:04:45,39.0800,18,1
2026-03-25,600036,14:04:48,39.0800,30,1
2026-03-25,600036,14:04:51,39.0800,51,1
2026-03-25,600036,14:04:54,39.0800,115,1
2026-03-25,600036,14:04:57,39.0800,85,1
2026-03-25,600036,14:05:00,39.0900,30,1
2026-03-25,600036,14:05:03,39.0900,19,1
2026-03-25,600036,14:05:06,39.0800,19,2
2026-03-25,600036,14:05:09,39.0800,13,2
2026-03-25,600036,14:05:12,39.0900,34,1
2026-03-25,600036,14:05:15,39.0900,1,1
2026-03-25,600036,14:05:18,39.0900,13,1
2026-03-25,600036,14:05:21,39.0900,32,1
2026-03-25,600036,14:05:24,39.0800,74,2
2026-03-25,600036,14:05:27,39.0900,24,1
2026-03-25,600036,14:05:30,39.0900,103,1
2026-03-25,600036,14:05:33,39.0900,69,1
2026-03-25,600036,14:05:36,39.0800,24,2
2026-03-25,600036,14:05:39,39.0900,8,1
2026-03-25,600036,14:05:42,39.0900,7,1
2026-03-25,600036,14:05:45,39.0900,12,1
2026-03-25,600036,14:05:48,39.0800,1,2
2026-03-25,600036,14:05:51,39.0900,412,1
2026-03-25,600036,14:05:54,39.0900,21,1
2026-03-25,600036,14:05:57,39.0900,4,1
2026-03-25,600036,14:06:00,39.0900,10,1
2026-03-25,600036,14:06:06,39.1100,620,1
2026-03-25,600036,14:06:09,39.1200,381,1
2026-03-25,600036,14:06:12,39.1200,25,1
2026-03-25,600036,10:52:09,39.0300,24,2
2026-03-25,600036,10:52:12,39.0400,6,1
2026-03-25,600036,10:52:15,39.0400,15,1
2026-03-25,600036,10:52:18,39.0300,18,2
2026-03-25,600036,10:52:21,39.0400,47,1
2026-03-25,600036,10:52:27,39.0500,94,1
2026-03-25,600036,10:52:30,39.0500,2,1
2026-03-25,600036,10:52:33,39.0400,17,2
2026-03-25,600036,10:52:36,39.0400,6,2
2026-03-25,600036,10:52:39,39.0500,58,1
2026-03-25,600036,10:52:42,39.0500,146,1
2026-03-25,600036,10:52:45,39.0500,75,1
2026-03-25,600036,10:52:48,39.0500,173,1
2026-03-25,600036,10:52:51,39.0500,137,1
2026-03-25,600036,10:52:54,39.0500,31,1
2026-03-25,600036,10:52:57,39.0600,82,1
2026-03-25,600036,10:53:00,39.0600,1,1
2026-03-25,600036,10:53:03,39.0600,10,1
2026-03-25,600036,10:53:06,39.0600,144,1
2026-03-25,600036,10:53:09,39.0500,63,2
2026-03-25,600036,10:53:12,39.0600,15,1
2026-03-25,600036,10:53:15,39.0600,1,1
2026-03-25,600036,10:53:18,39.0600,2,1
2026-03-25,600036,10:53:21,39.0600,13,1
2026-03-25,600036,10:53:24,39.0600,50,1
2026-03-25,600036,10:53:27,39.0600,9,1
2026-03-25,600036,10:53:30,39.0700,53,1
2026-03-25,600036,10:53:33,39.0700,100,1
2026-03-25,600036,10:53:36,39.0600,71,2
2026-03-25,600036,10:53:39,39.0600,14,1
2026-03-25,600036,10:53:42,39.0700,88,1
2026-03-25,600036,10:53:48,39.0700,181,1
2026-03-25,600036,10:53:51,39.0700,34,1
2026-03-25,600036,10:53:54,39.0700,49,1
2026-03-25,600036,10:53:57,39.0700,5,1
2026-03-25,600036,10:54:00,39.0600,2,2
2026-03-25,600036,10:54:03,39.0700,59,1
2026-03-25,600036,10:54:06,39.0700,30,1
2026-03-25,600036,10:54:09,39.0500,583,2
2026-03-25,600036,10:54:12,39.0700,48,1
2026-03-25,600036,10:54:15,39.0700,56,1
2026-03-25,600036,10:54:18,39.0600,37,2
2026-03-25,600036,10:54:21,39.0600,62,2
2026-03-25,600036,10:54:24,39.0600,28,1
2026-03-25,600036,10:54:27,39.0600,2,1
2026-03-25,600036,10:54:30,39.0700,180,1
2026-03-25,600036,10:54:33,39.0600,14,1
2026-03-25,600036,10:54:36,39.0500,2,2
2026-03-25,600036,10:54:39,39.0600,94,1
2026-03-25,600036,10:54:42,39.0600,17,1
2026-03-25,600036,10:54:45,39.0600,39,1
2026-03-25,600036,10:54:48,39.0600,68,1
2026-03-25,600036,10:54:51,39.0700,13,1
2026-03-25,600036,10:54:57,39.0600,44,2
2026-03-25,600036,10:55:00,39.0600,25,1
2026-03-25,600036,10:55:03,39.0600,56,1
2026-03-25,600036,10:55:06,39.0700,61,1
2026-03-25,600036,10:55:09,39.0700,147,1
2026-03-25,600036,10:55:12,39.0700,26,2
2026-03-25,600036,10:55:15,39.0800,4,1
2026-03-25,600036,10:55:18,39.0800,65,1
2026-03-25,600036,10:55:21,39.0800,6,1
2026-03-25,600036,10:55:24,39.0800,40,1
2026-03-25,600036,10:55:27,39.0800,59,1
2026-03-25,600036,10:55:30,39.0600,121,2
2026-03-25,600036,10:55:33,39.0800,33,1
2026-03-25,600036,10:55:36,39.0700,4,2
2026-03-25,600036,10:55:39,39.0700,62,2
2026-03-25,600036,10:55:42,39.0700,23,2
2026-03-25,600036,10:55:45,39.0700,30,2
2026-03-25,600036,10:55:48,39.0800,101,1
2026-03-25,600036,10:55:51,39.0800,8,1
2026-03-25,600036,10:55:54,39.0800,6,1
2026-03-25,600036,10:55:57,39.0700,44,2
2026-03-25,600036,10:56:00,39.0800,16,1
2026-03-25,600036,10:56:03,39.0800,10,1
2026-03-25,600036,10:56:06,39.0800,15,1
2026-03-25,600036,10:56:09,39.0800,24,1
2026-03-25,600036,10:56:15,39.0800,18,1
2026-03-25,600036,10:56:21,39.0800,4,1
2026-03-25,600036,10:56:24,39.0800,127,1
2026-03-25,600036,10:56:27,39.0700,62,2
2026-03-25,600036,10:56:30,39.0800,3,1
2026-03-25,600036,10:56:33,39.0800,9,1
2026-03-25,600036,10:56:36,39.0800,15,1
2026-03-25,600036,10:56:39,39.0700,4,2
2026-03-25,600036,10:56:42,39.0700,2,2
2026-03-25,600036,10:56:45,39.0800,1,1
2026-03-25,600036,10:56:51,39.0800,33,1
2026-03-25,600036,10:56:54,39.0700,51,2
2026-03-25,600036,10:57:00,39.0800,9,1
2026-03-25,600036,10:57:03,39.0800,18,1
2026-03-25,600036,10:57:06,39.0700,292,2
2026-03-25,600036,10:57:09,39.0800,67,1
2026-03-25,600036,10:57:12,39.0800,64,1
2026-03-25,600036,10:57:15,39.0600,8,2
2026-03-25,600036,10:57:18,39.0800,55,1
2026-03-25,600036,10:57:21,39.0600,201,2
2026-03-25,600036,10:57:24,39.0500,80,2
2026-03-25,600036,10:57:27,39.0800,95,1
2026-03-25,600036,10:57:30,39.0700,3,4
2026-03-25,600036,10:57:33,39.0700,17,1
2026-03-25,600036,10:57:36,39.0700,18,1
2026-03-25,600036,10:57:39,39.0600,61,2
2026-03-25,600036,10:57:42,39.0500,87,2
2026-03-25,600036,10:57:48,39.0500,7,2
2026-03-25,600036,10:57:51,39.0500,149,2
2026-03-25,600036,10:57:54,39.0500,95,2
2026-03-25,600036,10:57:57,39.0500,10,1
2026-03-25,600036,10:58:00,39.0500,24,1
2026-03-25,600036,10:58:03,39.0500,42,1
2026-03-25,600036,10:58:06,39.0500,45,1
2026-03-25,600036,10:58:09,39.0500,27,1
2026-03-25,600036,10:58:12,39.0500,64,1
2026-03-25,600036,10:58:15,39.0500,13,1
2026-03-25,600036,10:58:18,39.0500,18,1
2026-03-25,600036,10:58:21,39.0400,277,2
2026-03-25,600036,10:58:24,39.0400,182,2
2026-03-25,600036,10:58:27,39.0400,181,1
2026-03-25,600036,10:58:30,39.0300,29,2
2026-03-25,600036,10:58:33,39.0400,411,1
2026-03-25,600036,10:58:36,39.0500,214,1
2026-03-25,600036,10:58:39,39.0400,44,4
2026-03-25,600036,10:58:42,39.0500,11,1
2026-03-25,600036,10:58:45,39.0500,3,1
2026-03-25,600036,10:58:48,39.0500,8,1
2026-03-25,600036,10:58:51,39.0400,42,2
2026-03-25,600036,10:58:54,39.0400,95,2
2026-03-25,600036,10:58:57,39.0400,22,1
2026-03-25,600036,10:59:00,39.0400,230,1
2026-03-25,600036,10:59:03,39.0600,261,1
2026-03-25,600036,10:59:06,39.0600,176,1
2026-03-25,600036,10:59:12,39.0400,26,2
2026-03-25,600036,10:59:15,39.0600,7,1
2026-03-25,600036,10:59:18,39.0700,128,1
2026-03-25,600036,10:59:21,39.0600,43,2
2026-03-25,600036,10:59:24,39.0600,71,2
2026-03-25,600036,10:59:27,39.0600,16,1
2026-03-25,600036,10:59:30,39.0600,14,1
2026-03-25,600036,10:59:33,39.0500,48,2
2026-03-25,600036,10:59:39,39.0600,37,1
2026-03-25,600036,10:59:42,39.0700,40,1
2026-03-25,600036,10:59:45,39.0600,11,4
2026-03-25,600036,10:59:51,39.0600,52,1
2026-03-25,600036,10:59:54,39.0500,6,2
2026-03-25,600036,10:59:57,39.0500,2,2
2026-03-25,600036,11:00:03,39.0400,275,2
2026-03-25,600036,11:00:06,39.0500,35,1
2026-03-25,600036,11:00:09,39.0400,11,2
2026-03-25,600036,11:00:12,39.0500,3,1
2026-03-25,600036,11:00:15,39.0400,4,2
2026-03-25,600036,11:00:18,39.0500,6,1
2026-03-25,600036,11:00:21,39.0500,58,1
2026-03-25,600036,11:00:24,39.0500,67,1
2026-03-25,600036,11:00:27,39.0400,24,2
2026-03-25,600036,11:00:30,39.0500,17,1
2026-03-25,600036,11:00:33,39.0500,203,1
2026-03-25,600036,11:00:36,39.0500,99,1
2026-03-25,600036,11:00:39,39.0600,26,1
2026-03-25,600036,11:00:42,39.0600,8,1
2026-03-25,600036,11:00:45,39.0600,6,1
2026-03-25,600036,11:00:48,39.0600,109,1
2026-03-25,600036,11:00:51,39.0600,80,2
2026-03-25,600036,11:00:54,39.0700,9,1
2026-03-25,600036,11:00:57,39.0800,161,1
2026-03-25,600036,11:01:00,39.0700,9,4
2026-03-25,600036,11:01:03,39.0700,3,1
2026-03-25,600036,11:01:09,39.0700,16,2
2026-03-25,600036,11:01:12,39.0800,37,1
2026-03-25,600036,11:01:15,39.0700,14,2
2026-03-25,600036,11:01:18,39.0800,2,1
2026-03-25,600036,11:01:21,39.0800,3,1
2026-03-25,600036,11:01:24,39.0700,167,2
2026-03-25,600036,11:01:27,39.0700,116,2
2026-03-25,600036,11:01:30,39.0700,68,1
2026-03-25,600036,11:01:33,39.0500,31,2
2026-03-25,600036,11:01:36,39.0600,10,4
2026-03-25,600036,11:01:39,39.0600,1,1
2026-03-25,600036,11:01:42,39.0600,22,1
2026-03-25,600036,11:01:45,39.0600,22,1
2026-03-25,600036,11:01:48,39.0600,36,1
2026-03-25,600036,11:01:51,39.0600,32,1
2026-03-25,600036,11:01:54,39.0600,93,1
2026-03-25,600036,11:01:57,39.0500,22,2
2026-03-25,600036,11:02:00,39.0600,2,1
2026-03-25,600036,11:02:03,39.0600,7,1
2026-03-25,600036,11:02:06,39.0600,32,1
2026-03-25,600036,11:02:09,39.0600,3,1
2026-03-25,600036,11:02:12,39.0600,2,1
2026-03-25,600036,11:02:18,39.0600,30,1
2026-03-25,600036,11:02:21,39.0600,453,1
2026-03-25,600036,11:02:24,39.0800,23,1
2026-03-25,600036,11:02:27,39.0800,40,1
2026-03-25,600036,11:02:30,39.0700,1,4
2026-03-25,600036,11:02:33,39.0700,6,4
2026-03-25,600036,11:02:36,39.0800,48,1
2026-03-25,600036,11:02:39,39.0700,46,2
2026-03-25,600036,11:02:42,39.0700,45,2
2026-03-25,600036,11:02:45,39.0800,70,1
2026-03-25,600036,11:02:48,39.0800,698,1
2026-03-25,600036,11:02:51,39.0900,378,1
2026-03-25,600036,11:02:54,39.0900,4,1
2026-03-25,600036,11:02:57,39.0800,59,2
2026-03-25,600036,11:03:00,39.0900,9,1
2026-03-25,600036,11:03:03,39.0800,130,2
2026-03-25,600036,11:03:06,39.0800,44,2
2026-03-25,600036,11:03:09,39.0900,12,1
2026-03-25,600036,11:03:12,39.0800,171,2
2026-03-25,600036,11:03:15,39.0900,3,1
2026-03-25,600036,11:03:18,39.0900,149,1
2026-03-25,600036,11:03:21,39.0900,256,1
2026-03-25,600036,11:03:24,39.0800,15,2
2026-03-25,600036,11:03:27,39.0800,62,2
2026-03-25,600036,11:03:30,39.0900,16,1
2026-03-25,600036,11:03:33,39.0900,50,1
2026-03-25,600036,11:03:36,39.0900,112,4
2026-03-25,600036,11:03:39,39.0800,545,2
2026-03-25,600036,11:03:42,39.1000,489,1
2026-03-25,600036,11:03:48,39.0800,6,2
2026-03-25,600036,11:03:51,39.0900,44,4
2026-03-25,600036,11:03:54,39.0900,91,2
2026-03-25,600036,11:03:57,39.0800,189,2
2026-03-25,600036,11:04:00,39.0900,547,1
2026-03-25,600036,11:04:03,39.0900,60,1
2026-03-25,600036,11:04:06,39.0900,81,1
2026-03-25,600036,11:04:09,39.0900,60,1
2026-03-25,600036,11:04:12,39.0800,41,2
2026-03-25,600036,11:04:15,39.0900,208,1
2026-03-25,600036,11:04:18,39.1000,200,1
2026-03-25,600036,11:04:21,39.0900,26,2
2026-03-25,600036,11:04:24,39.0800,43,2
2026-03-25,600036,11:04:27,39.0800,49,2
2026-03-25,600036,11:04:30,39.0900,7,1
2026-03-25,600036,11:04:33,39.0900,23,1
2026-03-25,600036,11:04:36,39.0800,132,2
2026-03-25,600036,11:04:39,39.0900,128,1
2026-03-25,600036,11:04:42,39.0900,89,2
2026-03-25,600036,11:04:45,39.1000,501,1
2026-03-25,600036,11:04:48,39.0900,10,1
2026-03-25,600036,11:04:51,39.0800,44,2
2026-03-25,600036,11:04:54,39.1000,75,1
2026-03-25,600036,11:04:57,39.1000,116,1
2026-03-25,600036,11:05:00,39.0900,14,2
2026-03-25,600036,11:05:03,39.0900,6,2
2026-03-25,600036,11:05:06,39.1000,61,1
2026-03-25,600036,11:05:09,39.0800,55,2
2026-03-25,600036,11:05:12,39.0800,62,2
2026-03-25,600036,11:05:15,39.0800,70,1
2026-03-25,600036,11:05:18,39.0800,71,1
2026-03-25,600036,11:05:21,39.0800,75,1
2026-03-25,600036,11:05:24,39.0900,668,1
2026-03-25,600036,11:05:27,39.0600,282,2
2026-03-25,600036,11:05:30,39.0700,77,1
2026-03-25,600036,11:05:33,39.0700,101,1
2026-03-25,600036,11:05:36,39.0700,177,1
2026-03-25,600036,11:05:39,39.0700,28,4
2026-03-25,600036,11:05:42,39.0800,41,1
2026-03-25,600036,11:05:45,39.0700,1,2
2026-03-25,600036,11:05:48,39.0700,49,2
2026-03-25,600036,11:05:51,39.0800,6,4
2026-03-25,600036,11:05:54,39.0900,76,1
2026-03-25,600036,11:05:57,39.0800,32,4
2026-03-25,600036,11:06:00,39.0800,97,1
2026-03-25,600036,11:06:03,39.0800,38,1
2026-03-25,600036,11:06:06,39.0700,14,2
2026-03-25,600036,11:06:09,39.0900,164,1
2026-03-25,600036,11:06:12,39.0800,44,4
2026-03-25,600036,11:06:15,39.0800,61,1
2026-03-25,600036,11:06:21,39.0700,82,2
2026-03-25,600036,11:06:24,39.0600,3,2
2026-03-25,600036,11:06:30,39.0700,50,1
2026-03-25,600036,11:06:36,39.0700,3,1
2026-03-25,600036,11:06:39,39.0700,4,1
2026-03-25,600036,11:06:42,39.0600,37,2
2026-03-25,600036,11:06:45,39.0700,21,1
2026-03-25,600036,11:06:48,39.0600,22,2
2026-03-25,600036,11:06:51,39.0700,315,1
2026-03-25,600036,11:06:54,39.0800,155,1
2026-03-25,600036,11:07:00,39.0800,2,1
2026-03-25,600036,11:07:03,39.0700,14,2
2026-03-25,600036,11:07:06,39.0900,137,1
2026-03-25,600036,11:07:09,39.0900,2,1
2026-03-25,600036,11:07:12,39.0900,19,1
2026-03-25,600036,11:07:15,39.0900,128,1
2026-03-25,600036,11:07:18,39.1000,350,1
2026-03-25,600036,11:07:21,39.1000,47,1
2026-03-25,600036,11:07:24,39.1000,70,1
2026-03-25,600036,11:07:27,39.1000,7,1
2026-03-25,600036,11:07:30,39.1000,56,1
2026-03-25,600036,11:07:33,39.1000,50,1
2026-03-25,600036,11:07:36,39.1000,136,1
2026-03-25,600036,11:07:39,39.1000,46,1
2026-03-25,600036,11:07:42,39.0900,97,2
2026-03-25,600036,11:07:45,39.1000,18,1
2026-03-25,600036,11:07:48,39.1000,15,1
2026-03-25,600036,11:07:51,39.0900,8,2
2026-03-25,600036,11:07:54,39.0900,52,2
2026-03-25,600036,11:07:57,39.0900,145,2
2026-03-25,600036,11:08:00,39.0900,89,2
2026-03-25,600036,11:08:03,39.1000,58,1
2026-03-25,600036,11:08:06,39.0900,60,1
2026-03-25,600036,11:08:09,39.0900,32,1
2026-03-25,600036,11:08:12,39.0900,44,1
2026-03-25,600036,11:08:15,39.0800,27,2
2026-03-25,600036,11:08:18,39.1000,22,1
2026-03-25,600036,11:08:21,39.0900,21,2
2026-03-25,600036,11:08:24,39.0800,17,2
2026-03-25,600036,11:08:27,39.1000,75,1
2026-03-25,600036,11:08:33,39.1000,16,1
2026-03-25,600036,11:08:36,39.0900,10,2
2026-03-25,600036,11:08:39,39.0900,29,2
2026-03-25,600036,11:08:42,39.1000,57,1
2026-03-25,600036,11:08:45,39.1000,79,1
2026-03-25,600036,11:08:48,39.1000,50,1
2026-03-25,600036,11:08:51,39.1000,3,1
2026-03-25,600036,11:08:54,39.1000,5,1
2026-03-25,600036,11:08:57,39.1000,52,1
2026-03-25,600036,11:09:00,39.1000,13,1
2026-03-25,600036,11:09:03,39.0900,21,2
2026-03-25,600036,11:09:06,39.1000,36,1
2026-03-25,600036,11:09:09,39.1000,2,1
2026-03-25,600036,11:09:12,39.0900,36,2
2026-03-25,600036,11:09:15,39.1000,113,1
2026-03-25,600036,11:09:18,39.0900,153,2
2026-03-25,600036,11:09:21,39.1000,97,1
2026-03-25,600036,11:09:24,39.0900,34,2
2026-03-25,600036,11:09:27,39.1000,59,1
2026-03-25,600036,11:09:30,39.1000,60,1
2026-03-25,600036,11:09:33,39.1000,116,1
2026-03-25,600036,11:09:36,39.1000,774,1
2026-03-25,600036,11:09:39,39.1000,156,1
2026-03-25,600036,11:09:42,39.0900,52,2
2026-03-25,600036,11:09:45,39.0900,260,2
2026-03-25,600036,11:09:48,39.0900,60,2
2026-03-25,600036,11:09:51,39.1000,49,1
2026-03-25,600036,11:09:54,39.1000,88,1
2026-03-25,600036,11:09:57,39.1000,47,1
2026-03-25,600036,11:10:00,39.0900,66,2
2026-03-25,600036,11:10:03,39.1000,3,1
2026-03-25,600036,11:10:06,39.1000,30,1
2026-03-25,600036,11:10:09,39.1000,74,1
2026-03-25,600036,11:10:12,39.0900,21,2
2026-03-25,600036,11:10:15,39.1000,47,1
2026-03-25,600036,11:10:18,39.1000,56,1
2026-03-25,600036,11:10:21,39.1000,132,1
2026-03-25,600036,11:10:24,39.1100,247,1
2026-03-25,600036,11:10:27,39.1100,17,1
2026-03-25,600036,11:10:30,39.1100,105,1
2026-03-25,600036,11:10:33,39.1200,12,1
2026-03-25,600036,11:10:36,39.1100,200,2
2026-03-25,600036,11:10:39,39.1200,141,1
2026-03-25,600036,11:10:42,39.1200,18,1
2026-03-25,600036,11:10:45,39.1200,27,1
2026-03-25,600036,11:10:48,39.1200,74,1
2026-03-25,600036,11:10:51,39.1400,717,1
2026-03-25,600036,11:10:54,39.1500,244,1
2026-03-25,600036,11:10:57,39.1500,23,1
2026-03-25,600036,11:11:00,39.1500,34,1
2026-03-25,600036,11:11:03,39.1500,52,1
2026-03-25,600036,11:11:06,39.1500,103,1
2026-03-25,600036,11:11:09,39.1500,262,2
2026-03-25,600036,11:11:12,39.1500,48,1
2026-03-25,600036,11:11:15,39.1500,96,1
2026-03-25,600036,11:11:18,39.1500,298,1
2026-03-25,600036,11:11:21,39.1400,37,2
2026-03-25,600036,11:11:24,39.1500,59,1
2026-03-25,600036,11:11:27,39.1400,59,2
2026-03-25,600036,11:11:30,39.1500,25,2
2026-03-25,600036,11:11:33,39.1500,5,2
2026-03-25,600036,11:11:36,39.1600,38,1
2026-03-25,600036,11:11:39,39.1500,27,2
2026-03-25,600036,11:11:42,39.1500,5,2
2026-03-25,600036,11:11:45,39.1500,27,2
2026-03-25,600036,11:11:48,39.1400,128,2
2026-03-25,600036,11:11:51,39.1300,18,2
2026-03-25,600036,11:11:54,39.1400,79,1
2026-03-25,600036,11:11:57,39.1400,17,4
2026-03-25,600036,11:12:00,39.1500,40,1
2026-03-25,600036,11:12:09,39.1400,2,2
2026-03-25,600036,11:12:12,39.1500,33,1
2026-03-25,600036,11:12:15,39.1500,156,1
2026-03-25,600036,11:12:18,39.1400,66,2
2026-03-25,600036,11:12:21,39.1500,32,1
2026-03-25,600036,11:12:24,39.1500,44,1
2026-03-25,600036,11:12:27,39.1500,26,1
2026-03-25,600036,11:12:30,39.1500,61,1
2026-03-25,600036,11:12:33,39.1500,18,1
2026-03-25,600036,11:12:36,39.1400,207,2
2026-03-25,600036,11:12:39,39.1500,119,1
2026-03-25,600036,11:12:42,39.1400,87,2
2026-03-25,600036,11:12:45,39.1200,96,2
2026-03-25,600036,11:12:48,39.1400,10,1
2026-03-25,600036,11:12:51,39.1400,50,1
2026-03-25,600036,11:12:54,39.1000,327,2
2026-03-25,600036,11:12:57,39.0900,166,2
2026-03-25,600036,11:13:00,39.1000,50,4
2026-03-25,600036,11:13:03,39.1100,185,1
2026-03-25,600036,11:13:06,39.1000,3,2
2026-03-25,600036,11:13:09,39.1000,79,2
2026-03-25,600036,11:13:12,39.0900,145,2
2026-03-25,600036,11:13:15,39.1000,38,4
2026-03-25,600036,11:13:18,39.1100,31,1
2026-03-25,600036,11:13:21,39.1100,244,1
2026-03-25,600036,11:13:24,39.1100,638,1
2026-03-25,600036,11:13:27,39.1300,163,1
2026-03-25,600036,11:13:30,39.1400,337,1
2026-03-25,600036,11:13:33,39.1400,69,1
2026-03-25,600036,11:13:36,39.1300,142,4
2026-03-25,600036,11:13:39,39.1400,20,1
2026-03-25,600036,11:13:45,39.1400,3,1
2026-03-25,600036,11:13:48,39.1300,82,2
2026-03-25,600036,11:13:51,39.1300,97,1
2026-03-25,600036,11:13:54,39.1100,182,2
2026-03-25,600036,11:13:57,39.1100,92,2
2026-03-25,600036,11:14:00,39.1100,90,2
2026-03-25,600036,11:14:03,39.1200,43,1
2026-03-25,600036,11:14:06,39.1200,88,1
2026-03-25,600036,11:14:09,39.1200,66,1
2026-03-25,600036,11:14:12,39.1200,63,1
2026-03-25,600036,11:14:15,39.1200,141,1
2026-03-25,600036,11:14:18,39.1300,115,1
2026-03-25,600036,11:14:21,39.1200,35,1
2026-03-25,600036,11:14:24,39.1300,30,1
2026-03-25,600036,11:14:27,39.1300,38,1
2026-03-25,600036,11:14:30,39.1300,150,1
2026-03-25,600036,11:14:33,39.1400,16,1
2026-03-25,600036,11:14:36,39.1400,28,1
2026-03-25,600036,11:14:39,39.1400,3,1
2026-03-25,600036,11:14:42,39.1200,10,2
2026-03-25,600036,11:14:45,39.1300,73,2
2026-03-25,600036,11:14:48,39.1400,14,1
2026-03-25,600036,11:14:51,39.1400,108,1
2026-03-25,600036,11:14:54,39.1400,27,1
2026-03-25,600036,11:14:57,39.1300,16,2
2026-03-25,600036,11:15:00,39.1400,47,1
2026-03-25,600036,11:15:03,39.1400,16,1
2026-03-25,600036,11:15:06,39.1400,155,1
2026-03-25,600036,11:15:09,39.1400,3,1
2026-03-25,600036,11:15:12,39.1400,5,1
2026-03-25,600036,11:15:15,39.1400,45,1
2026-03-25,600036,11:15:18,39.1400,19,1
2026-03-25,600036,11:15:21,39.1400,36,1
2026-03-25,600036,11:15:24,39.1400,12,1
2026-03-25,600036,11:15:27,39.1300,19,2
2026-03-25,600036,11:15:33,39.1400,93,1
2026-03-25,600036,11:15:36,39.1300,10,2
2026-03-25,600036,11:15:39,39.1500,33,1
2026-03-25,600036,11:15:42,39.1400,7,4
2026-03-25,600036,11:15:45,39.1400,72,2
2026-03-25,600036,11:15:48,39.1500,72,1
2026-03-25,600036,11:15:51,39.1500,24,1
2026-03-25,600036,11:15:54,39.1500,23,1
2026-03-25,600036,11:15:57,39.1500,17,1
2026-03-25,600036,11:16:00,39.1400,109,2
2026-03-25,600036,11:16:03,39.1500,77,1
2026-03-25,600036,11:16:06,39.1400,59,4
2026-03-25,600036,11:16:09,39.1200,390,2
2026-03-25,600036,11:16:12,39.1100,41,2
2026-03-25,600036,11:16:15,39.1100,40,1
2026-03-25,600036,11:16:18,39.1100,6,1
2026-03-25,600036,11:16:21,39.1100,13,1
2026-03-25,600036,11:16:24,39.1100,214,1
2026-03-25,600036,11:16:27,39.1000,68,2
2026-03-25,600036,11:16:30,39.1200,3,1
2026-03-25,600036,11:16:33,39.1100,9,2
2026-03-25,600036,11:16:36,39.1100,19,2
2026-03-25,600036,11:16:39,39.1100,1,2
2026-03-25,600036,11:16:45,39.1200,22,1
2026-03-25,600036,11:16:51,39.1100,84,2
2026-03-25,600036,11:16:54,39.1200,108,1
2026-03-25,600036,11:16:57,39.1200,24,1
2026-03-25,600036,11:17:03,39.1200,34,1
2026-03-25,600036,11:17:06,39.1200,65,1
2026-03-25,600036,11:17:09,39.1300,26,1
2026-03-25,600036,11:17:18,39.1200,187,2
2026-03-25,600036,11:17:21,39.1200,53,2
2026-03-25,600036,11:17:24,39.1300,49,1
2026-03-25,600036,11:17:27,39.1300,259,1
2026-03-25,600036,11:17:30,39.1200,234,4
2026-03-25,600036,11:17:33,39.1300,39,1
2026-03-25,600036,11:17:42,39.1300,17,1
2026-03-25,600036,11:17:45,39.1300,31,1
2026-03-25,600036,11:17:48,39.1200,57,2
2026-03-25,600036,11:17:51,39.1200,241,2
2026-03-25,600036,11:17:54,39.1200,3,1
2026-03-25,600036,11:17:57,39.1100,26,2
2026-03-25,600036,11:18:00,39.1100,15,2
2026-03-25,600036,11:18:03,39.1200,3,1
2026-03-25,600036,11:18:06,39.1200,13,1
2026-03-25,600036,11:18:09,39.1100,3,2
2026-03-25,600036,11:18:12,39.1200,1,1
2026-03-25,600036,11:18:15,39.1200,2,1
2026-03-25,600036,11:18:18,39.1100,73,2
2026-03-25,600036,11:18:21,39.1400,248,1
2026-03-25,600036,11:18:24,39.1300,27,1
