date,code,time,price,volume,bs
2026-04-22,000858,14:06:24,100.5200,29,1
2026-04-22,000858,14:06:27,100.5200,45,1
2026-04-22,000858,14:06:30,100.5100,74,2
2026-04-22,000858,14:06:33,100.5100,77,1
2026-04-22,000858,14:06:36,100.5100,37,1
2026-04-22,000858,14:06:39,100.5100,42,2
2026-04-22,000858,14:06:42,100.5100,10,2
2026-04-22,000858,14:06:45,100.5100,3,1
2026-04-22,000858,14:06:48,100.5100,21,1
2026-04-22,000858,14:06:51,100.5200,4669,1
2026-04-22,000858,14:06:54,100.5000,986,2
2026-04-22,000858,14:06:57,100.5200,377,1
2026-04-22,000858,14:07:00,100.5200,9,1
2026-04-22,000858,14:07:03,100.5200,6,1
2026-04-22,000858,14:07:06,100.5100,15,2
2026-04-22,000858,14:07:09,100.5100,21,2
2026-04-22,000858,14:07:12,100.5100,12,1
2026-04-22,000858,14:07:15,100.5200,28,1
2026-04-22,000858,14:07:18,100.5000,6,2
2026-04-22,000858,14:07:21,100.5100,9,4
2026-04-22,000858,14:07:24,100.5000,18,2
2026-04-22,000858,14:07:27,100.5100,799,1
2026-04-22,000858,14:07:30,100.5100,20,1
2026-04-22,000858,14:07:33,100.5100,63,2
2026-04-22,000858,14:07:36,100.5000,16,2
2026-04-22,000858,14:07:39,100.5200,229,1
2026-04-22,000858,14:07:42,100.5000,10,2
2026-04-22,000858,14:07:45,100.5000,4,2
2026-04-22,000858,14:07:48,100.5200,8,1
2026-04-22,000858,14:07:51,100.5000,317,2
2026-04-22,000858,14:07:54,100.5100,360,4
2026-04-22,000858,14:07:57,100.5000,300,4
2026-04-22,000858,14:08:00,100.5000,185,2
2026-04-22,000858,14:08:03,100.4900,21,2
2026-04-22,000858,14:08:06,100.4800,19,2
2026-04-22,000858,14:08:09,100.4800,11,2
2026-04-22,000858,14:08:12,100.4800,3,2
2026-04-22,000858,14:08:15,100.4800,30,2
2026-04-22,000858,14:08:18,100.4800,199,2
2026-04-22,000858,14:08:21,100.4800,1,2
2026-04-22,000858,14:08:24,100.4900,14,1
2026-04-22,000858,14:08:27,100.4800,19,2
2026-04-22,000858,14:08:30,100.4800,32,2
2026-04-22,000858,14:08:33,100.4900,46,4
2026-04-22,000858,14:08:36,100.4900,2,2
2026-04-22,000858,14:08:39,100.4800,18,2
2026-04-22,000858,14:08:42,100.4900,40,2
2026-04-22,000858,14:08:45,100.4900,7,1
2026-04-22,000858,14:08:48,100.4900,10,1
2026-04-22,000858,14:08:51,100.4900,114,1
2026-04-22,000858,14:08:54,100.4900,54,1
2026-04-22,000858,14:08:57,100.4900,22,1
2026-04-22,000858,14:09:00,100.4900,2,2
2026-04-22,000858,14:09:03,100.4900,35,2
2026-04-22,000858,14:09:06,100.4900,6,1
2026-04-22,000858,14:09:09,100.4800,59,2
2026-04-22,000858,14:09:12,100.4800,7,1
2026-04-22,000858,14:09:15,100.4900,80,1
2026-04-22,000858,14:09:18,100.4700,79,2
2026-04-22,000858,14:09:21,100.4900,31,1
2026-04-22,000858,14:09:24,100.4700,25,2
2026-04-22,000858,14:09:27,100.4900,13,1
2026-04-22,000858,14:09:30,100.4700,15,2
2026-04-22,000858,14:09:33,100.4700,10,2
2026-04-22,000858,14:09:36,100.4800,10,1
2026-04-22,000858,14:09:39,100.4800,16,1
2026-04-22,000858,14:09:42,100.4800,65,1
2026-04-22,000858,14:09:45,100.4700,18,2
2026-04-22,000858,14:09:48,100.4700,36,1
2026-04-22,000858,14:09:51,100.4800,148,1
2026-04-22,000858,14:09:54,100.4700,23,2
2026-04-22,000858,14:09:57,100.4700,34,1
2026-04-22,000858,14:10:00,100.4800,4,1
2026-04-22,000858,14:10:03,100.4800,4,1
2026-04-22,000858,14:10:06,100.4700,7,2
2026-04-22,000858,14:10:09,100.4800,17,1
2026-04-22,000858,14:10:12,100.4800,11,1
2026-04-22,000858,14:10:15,100.4700,15,2
2026-04-22,000858,14:10:18,100.4800,4,1
2026-04-22,000858,14:10:21,100.4800,4,1
2026-04-22,000858,14:10:24,100.4700,5,2
2026-04-22,000858,14:10:27,100.4800,12,1
2026-04-22,000858,14:10:30,100.4800,88,1
2026-04-22,000858,14:10:33,100.4800,5,1
2026-04-22,000858,14:10:36,100.4800,2,2
2026-04-22,000858,14:10:39,100.4700,15,2
2026-04-22,000858,14:10:42,100.4800,18,2
2026-04-22,000858,14:10:45,100.4800,4,1
2026-04-22,000858,14:10:48,100.4800,130,1
2026-04-22,000858,14:10:51,100.4800,8,1
2026-04-22,000858,14:10:54,100.4800,5,4
2026-04-22,000858,14:10:57,100.4900,18,1
2026-04-22,000858,14:11:00,100.4800,1,2
2026-04-22,000858,14:11:03,100.4800,7,2
2026-04-22,000858,14:11:06,100.4800,14,2
2026-04-22,000858,14:11:09,100.4700,8,2
2026-04-22,000858,14:11:12,100.4800,21,1
2026-04-22,000858,14:11:15,100.4800,7,1
2026-04-22,000858,14:11:18,100.4700,14,2
2026-04-22,000858,14:11:21,100.4800,7,1
2026-04-22,000858,14:11:24,100.4700,57,2
2026-04-22,000858,14:11:27,100.4800,27,1
2026-04-22,000858,14:11:30,100.4800,12,1
2026-04-22,000858,14:11:33,100.4700,23,2
2026-04-22,000858,14:11:36,100.4800,8,1
2026-04-22,000858,14:11:39,100.4700,22,2
2026-04-22,000858,14:11:45,100.4800,35,1
2026-04-22,000858,14:11:48,100.4700,9,2
2026-04-22,000858,14:11:51,100.4800,12,1
2026-04-22,000858,14:11:54,100.4700,5,2
2026-04-22,000858,14:11:57,100.4700,29,2
2026-04-22,000858,14:12:00,100.4700,9,2
2026-04-22,000858,14:12:03,100.4700,27,2
2026-04-22,000858,14:12:06,100.4700,117,2
2026-04-22,000858,14:12:09,100.4700,28,2
2026-04-22,000858,14:12:12,100.4700,11,1
2026-04-22,000858,14:12:15,100.4700,7,1
2026-04-22,000858,14:12:18,100.4700,13,1
2026-04-22,000858,14:12:21,100.4700,255,1
2026-04-22,000858,14:12:24,100.4600,3,2
2026-04-22,000858,14:12:27,100.4700,15,1
2026-04-22,000858,14:12:30,100.4600,50,2
2026-04-22,000858,14:12:33,100.4600,8,2
2026-04-22,000858,14:12:36,100.4700,33,1
2026-04-22,000858,14:12:39,100.4600,147,2
2026-04-22,000858,14:12:42,100.4700,6,1
2026-04-22,000858,14:12:45,100.4700,8,1
2026-04-22,000858,14:12:48,100.4700,17,1
2026-04-22,000858,14:12:51,100.4800,36,1
2026-04-22,000858,14:12:54,100.4700,11,4
2026-04-22,000858,14:12:57,100.4700,19,1
2026-04-22,000858,14:13:00,100.4700,80,1
2026-04-22,000858,14:13:03,100.4800,15,1
2026-04-22,000858,14:13:06,100.4800,8,1
2026-04-22,000858,14:13:09,100.4800,1,1
2026-04-22,000858,14:13:12,100.4700,8,2
2026-04-22,000858,14:13:15,100.4800,4,1
2026-04-22,000858,14:13:18,100.4700,49,2
2026-04-22,000858,14:13:21,100.4800,28,1
2026-04-22,000858,14:13:24,100.4700,103,2
2026-04-22,000858,14:13:27,100.4800,14,1
2026-04-22,000858,14:13:30,100.4800,16,1
2026-04-22,000858,14:13:33,100.4700,17,2
2026-04-22,000858,14:13:36,100.4800,37,1
2026-04-22,000858,14:13:39,100.4700,20,2
2026-04-22,000858,14:13:42,100.4700,18,2
2026-04-22,000858,14:13:45,100.4700,7,2
2026-04-22,000858,14:13:48,100.4700,4,2
2026-04-22,000858,14:13:51,100.4800,9,1
2026-04-22,000858,14:13:54,100.4700,18,2
2026-04-22,000858,14:13:57,100.4800,1,1
2026-04-22,000858,14:14:00,100.4800,2,1
2026-04-22,000858,14:14:03,100.4700,6,2
2026-04-22,000858,14:14:06,100.4800,6,1
2026-04-22,000858,14:14:09,100.4700,25,2
2026-04-22,000858,14:14:12,100.4700,24,2
2026-04-22,000858,14:14:15,100.4700,13,2
2026-04-22,000858,14:14:18,100.4700,2,2
2026-04-22,000858,14:14:21,100.4700,18,2
2026-04-22,000858,14:14:24,100.4700,12,2
2026-04-22,000858,14:14:27,100.4700,20,2
2026-04-22,000858,14:14:30,100.4800,23,1
2026-04-22,000858,14:14:33,100.4700,38,2
2026-04-22,000858,14:14:36,100.4700,6,1
2026-04-22,000858,14:14:39,100.4700,16,1
2026-04-22,000858,14:14:42,100.4700,6,1
2026-04-22,000858,14:14:45,100.4700,16,1
2026-04-22,000858,14:14:48,100.4800,52,1
2026-04-22,000858,14:14:51,100.4700,112,1
2026-04-22,000858,14:14:54,100.4700,7,1
2026-04-22,000858,14:14:57,100.4700,2,2
2026-04-22,000858,14:15:00,100.4800,5,1
2026-04-22,000858,14:15:03,100.4700,3,2
2026-04-22,000858,14:15:06,100.4700,48,2
2026-04-22,000858,14:15:09,100.4800,6,1
2026-04-22,000858,14:15:12,100.4700,78,2
2026-04-22,000858,14:15:15,100.4700,19,2
2026-04-22,000858,14:15:18,100.4800,15,1
2026-04-22,000858,14:15:21,100.4700,1,2
2026-04-22,000858,14:15:24,100.4800,17,1
2026-04-22,000858,14:15:27,100.4800,6,1
2026-04-22,000858,14:15:30,100.4800,17,1
2026-04-22,000858,14:15:33,100.4700,12,2
2026-04-22,000858,14:15:36,100.4800,13,1
2026-04-22,000858,14:15:39,100.4800,18,1
2026-04-22,000858,14:15:42,100.4800,2,2
2026-04-22,000858,14:15:45,100.4800,2,2
2026-04-22,000858,14:15:51,100.4900,47,1
2026-04-22,000858,14:15:54,100.4800,5,2
2026-04-22,000858,14:15:57,100.4800,6,1
2026-04-22,000858,14:16:00,100.4800,9,1
2026-04-22,000858,14:16:03,100.4800,23,1
2026-04-22,000858,14:16:06,100.4800,15,1
2026-04-22,000858,14:16:09,100.4800,2,2
2026-04-22,000858,14:16:12,100.4800,6,2
2026-04-22,000858,14:16:18,100.4800,3,2
2026-04-22,000858,14:16:21,100.4800,3,2
2026-04-22,000858,14:16:24,100.4900,6,1
2026-04-22,000858,14:16:27,100.4800,42,2
2026-04-22,000858,14:16:30,100.4900,52,1
2026-04-22,000858,14:16:33,100.4900,28,1
2026-04-22,000858,14:16:36,100.4900,10,1
2026-04-22,000858,14:16:39,100.4800,9,2
2026-04-22,000858,14:16:42,100.4900,12,4
2026-04-22,000858,14:16:45,100.4800,44,2
2026-04-22,000858,14:16:48,100.4800,17,1
2026-04-22,000858,14:16:51,100.4800,99,1
2026-04-22,000858,14:16:54,100.4800,10,1
2026-04-22,000858,14:16:57,100.4800,54,1
2026-04-22,000858,14:17:00,100.4700,115,2
2026-04-22,000858,14:17:03,100.4700,40,1
2026-04-22,000858,14:17:06,100.4700,57,1
2026-04-22,000858,14:17:09,100.4700,10,2
2026-04-22,000858,14:17:12,100.4700,3,2
2026-04-22,000858,14:17:15,100.4700,9,2
2026-04-22,000858,14:17:18,100.4800,4,1
2026-04-22,000858,14:17:21,100.4800,21,1
2026-04-22,000858,14:17:24,100.4800,6,1
2026-04-22,000858,14:17:27,100.4800,13,1
2026-04-22,000858,14:17:30,100.4800,39,1
2026-04-22,000858,14:17:33,100.4700,4,2
2026-04-22,000858,14:17:36,100.4700,19,2
2026-04-22,000858,14:17:39,100.4800,20,1
2026-04-22,000858,14:17:42,100.4700,21,2
2026-04-22,000858,14:17:45,100.4800,18,1
2026-04-22,000858,14:17:48,100.4800,10,1
2026-04-22,000858,14:17:51,100.4800,61,1
2026-04-22,000858,14:17:54,100.4700,1,2
2026-04-22,000858,14:17:57,100.4700,5,2
2026-04-22,000858,14:18:00,100.4800,1,1
2026-04-22,000858,14:18:03,100.4900,124,1
2026-04-22,000858,14:18:06,100.4900,10,1
2026-04-22,000858,14:18:09,100.4800,1,2
2026-04-22,000858,14:18:12,100.4800,38,2
2026-04-22,000858,14:18:15,100.4800,1,2
2026-04-22,000858,14:18:18,100.4900,42,1
2026-04-22,000858,14:18:21,100.4800,63,2
2026-04-22,000858,14:18:24,100.4900,5,1
2026-04-22,000858,14:18:27,100.4900,4,1
2026-04-22,000858,14:18:30,100.4900,7,1
2026-04-22,000858,14:18:33,100.4900,29,1
2026-04-22,000858,14:18:36,100.4800,5,2
2026-04-22,000858,14:18:39,100.4900,9,1
2026-04-22,000858,14:18:42,100.4800,90,2
2026-04-22,000858,14:18:45,100.4800,4,2
2026-04-22,000858,14:18:48,100.4800,31,2
2026-04-22,000858,14:18:51,100.4800,21,2
2026-04-22,000858,14:18:54,100.4900,91,1
2026-04-22,000858,14:18:57,100.4800,25,2
2026-04-22,000858,14:19:00,100.4800,8,1
2026-04-22,000858,14:19:03,100.4700,30,2
2026-04-22,000858,14:19:06,100.4900,12,1
2026-04-22,000858,14:19:09,100.4900,14,2
2026-04-22,000858,14:19:12,100.4800,1,2
2026-04-22,000858,14:19:15,100.4800,7,2
2026-04-22,000858,14:19:18,100.4900,18,1
2026-04-22,000858,14:19:21,100.4800,15,2
2026-04-22,000858,14:19:24,100.4800,11,2
2026-04-22,000858,14:19:27,100.4800,17,2
2026-04-22,000858,14:19:30,100.4800,2,2
2026-04-22,000858,14:19:33,100.4800,39,2
2026-04-22,000858,14:19:36,100.4700,14,2
2026-04-22,000858,14:19:42,100.4800,1,2
2026-04-22,000858,14:19:45,100.4800,4,2
2026-04-22,000858,14:19:48,100.4800,45,2
2026-04-22,000858,14:19:51,100.4900,16,1
2026-04-22,000858,14:19:54,100.4900,10,1
2026-04-22,000858,14:19:57,100.4900,32,1
2026-04-22,000858,14:20:00,100.4900,10,1
2026-04-22,000858,14:20:03,100.4900,3,1
2026-04-22,000858,14:20:09,100.4900,20,1
2026-04-22,000858,14:20:12,100.4800,42,2
2026-04-22,000858,14:20:15,100.4900,33,2
2026-04-22,000858,14:20:18,100.4900,6,2
2026-04-22,000858,14:20:21,100.4900,8,1
2026-04-22,000858,14:20:24,100.4900,24,1
2026-04-22,000858,14:20:27,100.5000,49,1
2026-04-22,000858,14:20:30,100.4800,75,2
2026-04-22,000858,14:20:33,100.4800,3,1
2026-04-22,000858,14:20:36,100.4800,13,1
2026-04-22,000858,14:20:39,100.4800,29,1
2026-04-22,000858,14:20:42,100.4800,26,1
2026-04-22,000858,14:20:45,100.4800,7,2
2026-04-22,000858,14:20:48,100.4800,11,2
2026-04-22,000858,14:20:51,100.4800,12,2
2026-04-22,000858,14:20:54,100.4800,13,2
2026-04-22,000858,14:20:57,100.4800,8,2
2026-04-22,000858,14:21:00,100.4700,16,2
2026-04-22,000858,14:21:03,100.4900,6,1
2026-04-22,000858,14:21:06,100.5000,9,1
2026-04-22,000858,14:21:09,100.4900,54,4
2026-04-22,000858,14:21:12,100.4800,13,2
2026-04-22,000858,14:21:15,100.4900,8,1
2026-04-22,000858,14:21:18,100.4900,4,1
2026-04-22,000858,14:21:21,100.5000,14,1
2026-04-22,000858,14:21:24,100.5000,1,1
2026-04-22,000858,14:21:27,100.4900,27,2
2026-04-22,000858,14:21:30,100.5000,22,1
2026-04-22,000858,14:21:33,100.5000,4,1
2026-04-22,000858,14:21:39,100.5000,7,1
2026-04-22,000858,14:21:42,100.5000,23,1
2026-04-22,000858,14:21:45,100.5000,3,1
2026-04-22,000858,14:21:48,100.4900,14,2
2026-04-22,000858,14:21:51,100.4900,21,2
2026-04-22,000858,14:21:54,100.4900,15,2
2026-04-22,000858,14:21:57,100.4900,4,2
2026-04-22,000858,14:22:00,100.4900,5,2
2026-04-22,000858,14:22:06,100.5000,5,1
2026-04-22,000858,14:22:09,100.4800,50,2
2026-04-22,000858,14:22:12,100.4900,7,1
2026-04-22,000858,14:22:15,100.4900,7,1
2026-04-22,000858,14:22:18,100.4800,51,2
2026-04-22,000858,14:22:21,100.4900,9,1
2026-04-22,000858,14:22:24,100.4900,14,1
2026-04-22,000858,14:22:27,100.4800,3,2
2026-04-22,000858,14:22:30,100.4900,92,1
2026-04-22,000858,14:22:33,100.4900,12,1
2026-04-22,000858,14:22:36,100.4800,5,2
2026-04-22,000858,14:22:39,100.4900,8,1
2026-04-22,000858,14:22:42,100.4800,6,2
2026-04-22,000858,14:22:45,100.4800,5,2
2026-04-22,000858,14:22:48,100.4800,97,2
2026-04-22,000858,14:22:51,100.4800,1,2
2026-04-22,000858,14:22:54,100.4800,10,2
2026-04-22,000858,14:22:57,100.4900,22,1
2026-04-22,000858,14:23:00,100.4900,6,1
2026-04-22,000858,14:23:03,100.4900,2,1
2026-04-22,000858,14:23:06,100.4900,94,1
2026-04-22,000858,14:23:09,100.4900,5,1
2026-04-22,000858,14:23:12,100.4800,22,2
2026-04-22,000858,14:23:15,100.4800,12,2
2026-04-22,000858,14:23:18,100.4900,29,1
2026-04-22,000858,14:23:21,100.4800,5,2
2026-04-22,000858,14:23:24,100.4800,89,2
2026-04-22,000858,14:23:27,100.4800,33,2
2026-04-22,000858,14:23:30,100.4800,5,2
2026-04-22,000858,14:23:33,100.4900,9,1
2026-04-22,000858,14:23:36,100.4800,1,2
2026-04-22,000858,14:23:39,100.4900,24,1
2026-04-22,000858,14:23:42,100.4700,12,2
2026-04-22,000858,14:23:45,100.4700,247,2
2026-04-22,000858,14:23:48,100.4800,153,1
2026-04-22,000858,14:23:51,100.4800,19,1
2026-04-22,000858,14:23:54,100.4800,11,1
2026-04-22,000858,14:23:57,100.4800,7,1
2026-04-22,000858,14:24:00,100.4800,4,1
2026-04-22,000858,14:24:03,100.4800,115,1
2026-04-22,000858,14:24:06,100.4800,3,2
2026-04-22,000858,14:24:09,100.4900,10,1
2026-04-22,000858,14:24:12,100.4900,1,1
2026-04-22,000858,14:24:15,100.4800,7,2
2026-04-22,000858,14:24:18,100.4900,4,1
2026-04-22,000858,14:24:21,100.4800,20,2
2026-04-22,000858,14:24:24,100.4900,4,1
2026-04-22,000858,14:24:27,100.4800,4,2
2026-04-22,000858,14:24:30,100.4900,3,1
2026-04-22,000858,14:24:33,100.4800,3,2
2026-04-22,000858,14:24:36,100.4700,189,2
2026-04-22,000858,14:24:39,100.4900,27,1
2026-04-22,000858,14:24:42,100.4900,18,2
2026-04-22,000858,14:24:45,100.4900,21,1
2026-04-22,000858,14:24:48,100.4900,1,2
2026-04-22,000858,14:24:51,100.4900,1,2
2026-04-22,000858,14:24:54,100.5000,17,1
2026-04-22,000858,14:24:57,100.4900,16,2
2026-04-22,000858,14:25:00,100.5000,6,1
2026-04-22,000858,14:25:03,100.5000,7,1
2026-04-22,000858,14:25:06,100.5000,21,1
2026-04-22,000858,14:25:09,100.5000,10,1
2026-04-22,000858,14:25:12,100.5000,6,1
2026-04-22,000858,14:25:15,100.4900,33,2
2026-04-22,000858,14:25:18,100.4900,4,2
2026-04-22,000858,14:25:21,100.4900,2,2
2026-04-22,000858,14:25:24,100.5000,17,1
2026-04-22,000858,14:25:27,100.5000,9,2
2026-04-22,000858,14:25:30,100.5000,2,2
2026-04-22,000858,14:25:33,100.4900,8,2
2026-04-22,000858,14:25:36,100.5000,29,1
2026-04-22,000858,14:25:39,100.5000,60,1
2026-04-22,000858,14:25:42,100.4900,29,2
2026-04-22,000858,14:25:45,100.5000,6,4
2026-04-22,000858,14:25:48,100.5000,11,2
2026-04-22,000858,14:25:51,100.5000,6,2
2026-04-22,000858,14:25:54,100.5000,15,1
2026-04-22,000858,14:25:57,100.5000,10,1
2026-04-22,000858,14:26:00,100.5000,8,1
2026-04-22,000858,14:26:03,100.5000,148,1
2026-04-22,000858,14:26:06,100.5000,7,1
2026-04-22,000858,14:26:09,100.4900,51,2
2026-04-22,000858,14:26:12,100.5000,5,1
2026-04-22,000858,14:26:15,100.5000,10,1
2026-04-22,000858,14:26:18,100.5000,9,1
2026-04-22,000858,14:26:21,100.5000,44,1
2026-04-22,000858,14:26:24,100.4900,8,2
2026-04-22,000858,14:26:27,100.5000,17,1
2026-04-22,000858,14:26:30,100.5000,3,1
2026-04-22,000858,14:26:33,100.5000,2,1
2026-04-22,000858,14:26:36,100.5000,2,1
2026-04-22,000858,14:26:39,100.5000,47,1
2026-04-22,000858,14:26:42,100.5000,37,1
2026-04-22,000858,14:26:45,100.5200,162,1
2026-04-22,000858,14:26:48,100.5200,34,2
2026-04-22,000858,14:26:54,100.5000,65,2
2026-04-22,000858,14:26:57,100.5200,21,1
2026-04-22,000858,14:27:00,100.4900,420,2
2026-04-22,000858,14:27:03,100.5000,8,2
2026-04-22,000858,14:27:06,100.5100,7,1
2026-04-22,000858,14:27:09,100.5100,5,1
2026-04-22,000858,14:27:12,100.5100,26,1
2026-04-22,000858,14:27:15,100.5100,37,2
2026-04-22,000858,14:27:18,100.5100,23,1
2026-04-22,000858,14:27:21,100.5100,116,1
2026-04-22,000858,14:27:24,100.5100,54,1
2026-04-22,000858,14:27:27,100.5100,6,1
2026-04-22,000858,14:27:30,100.5100,8,1
2026-04-22,000858,14:27:33,100.5100,29,1
2026-04-22,000858,14:27:36,100.5100,133,1
2026-04-22,000858,14:27:39,100.5100,11,1
2026-04-22,000858,14:27:42,100.5000,162,2
2026-04-22,000858,14:27:45,100.5000,3,1
2026-04-22,000858,14:27:48,100.5100,74,1
2026-04-22,000858,14:27:51,100.5000,16,2
2026-04-22,000858,14:27:54,100.5100,8,1
2026-04-22,000858,14:27:57,100.5100,19,1
2026-04-22,000858,14:28:00,100.5100,4,1
2026-04-22,000858,14:28:03,100.5100,52,1
2026-04-22,000858,14:28:06,100.5100,18,1
2026-04-22,000858,14:28:09,100.5000,126,2
2026-04-22,000858,14:28:12,100.5000,27,2
2026-04-22,000858,14:28:15,100.5100,5,1
2026-04-22,000858,14:28:18,100.5100,1,2
2026-04-22,000858,14:28:21,100.5100,7,2
2026-04-22,000858,14:28:24,100.5200,1,1
2026-04-22,000858,14:28:27,100.5200,51,1
2026-04-22,000858,14:28:30,100.5100,1,4
2026-04-22,000858,14:28:33,100.5200,11,1
2026-04-22,000858,14:28:36,100.5200,6,1
2026-04-22,000858,14:28:39,100.5100,2,2
2026-04-22,000858,14:28:42,100.5100,5,2
2026-04-22,000858,14:28:45,100.5100,5,2
2026-04-22,000858,14:28:48,100.5100,14,2
2026-04-22,000858,14:28:51,100.5100,12,2
2026-04-22,000858,14:28:54,100.5200,3,1
2026-04-22,000858,14:28:57,100.5200,2,1
2026-04-22,000858,14:29:00,100.5100,3,2
2026-04-22,000858,14:29:03,100.5100,5,2
2026-04-22,000858,14:29:06,100.5100,15,2
2026-04-22,000858,14:29:09,100.5100,245,1
2026-04-22,000858,14:29:12,100.5100,8,1
2026-04-22,000858,14:29:15,100.5100,4,1
2026-04-22,000858,14:29:18,100.5100,3,1
2026-04-22,000858,14:29:21,100.5100,6,1
2026-04-22,000858,14:29:24,100.5100,36,1
2026-04-22,000858,14:29:27,100.5100,138,1
2026-04-22,000858,14:29:30,100.5000,7,2
2026-04-22,000858,14:29:33,100.5100,16,1
2026-04-22,000858,14:29:36,100.5100,1,1
2026-04-22,000858,14:29:39,100.5000,18,2
2026-04-22,000858,14:29:42,100.5100,100,1
2026-04-22,000858,14:29:45,100.5100,9,2
2026-04-22,000858,14:29:48,100.5100,17,2
2026-04-22,000858,14:29:51,100.5100,9,1
2026-04-22,000858,14:29:54,100.5100,53,2
2026-04-22,000858,14:29:57,100.5100,4,1
2026-04-22,000858,14:30:00,100.5100,5,1
2026-04-22,000858,14:30:03,100.5100,7,1
2026-04-22,000858,14:30:06,100.5100,71,1
2026-04-22,000858,14:30:09,100.5000,121,2
2026-04-22,000858,14:30:12,100.5200,3,1
2026-04-22,000858,14:30:15,100.5200,9,1
2026-04-22,000858,14:30:18,100.5300,9,1
2026-04-22,000858,14:30:21,100.5200,6,2
2026-04-22,000858,14:30:24,100.5300,27,1
2026-04-22,000858,14:30:30,100.5100,102,2
2026-04-22,000858,14:30:33,100.5100,24,1
2026-04-22,000858,14:30:36,100.5100,15,1
2026-04-22,000858,14:30:39,100.5100,12,1
2026-04-22,000858,14:30:45,100.5100,4,2
2026-04-22,000858,14:30:48,100.5100,2,2
2026-04-22,000858,14:30:51,100.5200,8,1
2026-04-22,000858,14:30:54,100.5200,89,1
2026-04-22,000858,14:30:57,100.5200,29,1
2026-04-22,000858,14:31:03,100.5300,11,1
2026-04-22,000858,14:31:06,100.5300,11,1
2026-04-22,000858,14:31:09,100.5300,69,1
2026-04-22,000858,14:31:12,100.5300,41,1
2026-04-22,000858,14:31:15,100.5300,30,1
2026-04-22,000858,14:31:18,100.5300,3,1
2026-04-22,000858,14:31:21,100.5200,3,1
2026-04-22,000858,14:31:24,100.5200,3,1
2026-04-22,000858,14:31:27,100.5300,1,1
2026-04-22,000858,14:31:30,100.5200,15,2
2026-04-22,000858,14:31:33,100.5200,11,2
2026-04-22,000858,14:31:36,100.5200,6,2
2026-04-22,000858,14:31:39,100.5200,20,2
2026-04-22,000858,14:31:42,100.5200,12,1
2026-04-22,000858,14:31:45,100.5200,23,1
2026-04-22,000858,14:31:48,100.5200,130,1
2026-04-22,000858,14:31:51,100.5200,24,1
2026-04-22,000858,14:31:54,100.5200,7,2
2026-04-22,000858,14:31:57,100.5300,30,1
2026-04-22,000858,14:32:00,100.5200,16,2
2026-04-22,000858,14:32:03,100.5300,4,1
2026-04-22,000858,14:32:06,100.5200,25,2
2026-04-22,000858,14:32:09,100.5300,15,1
2026-04-22,000858,14:32:12,100.5300,15,1
2026-04-22,000858,14:32:15,100.5300,8,1
2026-04-22,000858,14:32:18,100.5200,30,2
2026-04-22,000858,14:32:21,100.5300,9,1
2026-04-22,000858,14:32:24,100.5300,11,1
2026-04-22,000858,14:32:27,100.5300,33,1
2026-04-22,000858,14:32:30,100.5200,8,2
2026-04-22,000858,14:32:33,100.5200,12,1
2026-04-22,000858,14:32:36,100.5100,67,2
2026-04-22,000858,14:32:39,100.5200,2,2
2026-04-22,000858,14:32:42,100.5300,16,1
2026-04-22,000858,14:32:45,100.5300,16,1
2026-04-22,000858,14:32:48,100.5200,27,2
2026-04-22,000858,14:32:51,100.5400,13,1
2026-04-22,000858,14:32:54,100.5300,4,2
2026-04-22,000858,14:32:57,100.5300,30,2
2026-04-22,000858,14:33:00,100.5300,64,2
2026-04-22,000858,14:33:03,100.5300,22,2
2026-04-22,000858,14:33:06,100.5300,8,1
2026-04-22,000858,14:33:09,100.5300,33,1
2026-04-22,000858,14:33:12,100.5300,24,1
2026-04-22,000858,14:33:15,100.5300,5,1
2026-04-22,000858,14:33:18,100.5300,5,1
2026-04-22,000858,14:33:21,100.5300,5,1
2026-04-22,000858,14:33:24,100.5300,3,1
2026-04-22,000858,14:33:27,100.5300,19,1
2026-04-22,000858,14:33:30,100.5300,9,1
2026-04-22,000858,14:33:33,100.5300,1,2
2026-04-22,000858,14:33:36,100.5300,7,2
2026-04-22,000858,14:33:39,100.5300,10,2
2026-04-22,000858,14:33:42,100.5400,10,1
2026-04-22,000858,14:33:45,100.5400,1,2
2026-04-22,000858,14:33:48,100.5400,6,2
2026-04-22,000858,14:33:51,100.5400,6,2
2026-04-22,000858,14:33:54,100.5400,5,2
2026-04-22,000858,14:33:57,100.5400,18,2
2026-04-22,000858,14:34:00,100.5500,7,1
2026-04-22,000858,14:34:03,100.5400,21,1
2026-04-22,000858,14:34:06,100.5500,13,1
2026-04-22,000858,14:34:09,100.5400,5,2
2026-04-22,000858,14:34:12,100.5500,54,1
2026-04-22,000858,14:34:15,100.5500,7,1
2026-04-22,000858,14:34:18,100.5400,13,2
2026-04-22,000858,14:34:21,100.5400,8,4
2026-04-22,000858,14:34:24,100.5500,12,1
2026-04-22,000858,14:34:27,100.5300,13,2
2026-04-22,000858,14:34:30,100.5400,14,2
2026-04-22,000858,14:34:33,100.5500,3,1
2026-04-22,000858,14:34:36,100.5500,8,1
2026-04-22,000858,14:34:39,100.5500,40,1
2026-04-22,000858,14:34:42,100.5500,4,2
2026-04-22,000858,14:34:45,100.5600,7,1
2026-04-22,000858,14:34:48,100.5600,93,1
2026-04-22,000858,14:34:51,100.5600,14,1
2026-04-22,000858,14:34:54,100.5600,30,1
2026-04-22,000858,14:34:57,100.5600,2,2
2026-04-22,000858,14:35:00,100.5600,5,2
2026-04-22,000858,14:35:03,100.5600,13,2
2026-04-22,000858,14:35:06,100.5700,27,1
2026-04-22,000858,14:35:09,100.5600,29,2
2026-04-22,000858,14:35:12,100.5700,15,1
2026-04-22,000858,14:35:15,100.5700,10,1
2026-04-22,000858,14:35:18,100.5700,22,1
2026-04-22,000858,14:35:21,100.5700,5,1
2026-04-22,000858,14:35:24,100.5700,35,1
2026-04-22,000858,14:35:27,100.5700,4,2
2026-04-22,000858,14:35:30,100.5700,14,2
2026-04-22,000858,14:35:33,100.5800,2,1
2026-04-22,000858,14:35:36,100.5800,15,1
2026-04-22,000858,14:35:39,100.5800,20,1
2026-04-22,000858,14:35:42,100.5800,86,1
2026-04-22,000858,14:35:45,100.5700,16,2
2026-04-22,000858,14:35:48,100.5800,29,1
2026-04-22,000858,14:35:51,100.5800,8,2
2026-04-22,000858,14:35:54,100.5800,1,2
2026-04-22,000858,14:35:57,100.5800,30,2
2026-04-22,000858,14:36:00,100.5900,18,2
2026-04-22,000858,14:36:03,100.6000,11,1
2026-04-22,000858,14:36:06,100.5900,16,1
2026-04-22,000858,14:36:09,100.5800,5,2
2026-04-22,000858,14:36:12,100.5800,29,2
2026-04-22,000858,14:36:15,100.5900,19,1
2026-04-22,000858,14:36:18,100.5800,8,2
2026-04-22,000858,14:36:21,100.5900,22,1
2026-04-22,000858,14:36:24,100.5700,199,2
2026-04-22,000858,14:36:27,100.5500,57,2
2026-04-22,000858,14:36:30,100.5400,66,2
2026-04-22,000858,14:36:33,100.5700,15,1
2026-04-22,000858,14:36:36,100.5400,31,2
2026-04-22,000858,14:36:39,100.5600,3,4
2026-04-22,000858,14:36:42,100.5600,12,2
2026-04-22,000858,14:36:45,100.5800,7,1
2026-04-22,000858,14:36:48,100.5700,8,2
2026-04-22,000858,14:36:51,100.5600,5,2
2026-04-22,000858,14:36:54,100.5700,2,4
2026-04-22,000858,14:36:57,100.5800,15,1
2026-04-22,000858,14:37:00,100.5800,8,1
2026-04-22,000858,14:37:03,100.5700,9,2
2026-04-22,000858,14:37:06,100.5800,12,1
2026-04-22,000858,14:37:09,100.5700,26,2
2026-04-22,000858,14:37:12,100.5800,22,1
2026-04-22,000858,14:37:15,100.5800,4,1
2026-04-22,000858,14:37:18,100.5700,19,2
2026-04-22,000858,14:37:21,100.5800,31,1
2026-04-22,000858,14:37:24,100.5800,16,2
2026-04-22,000858,14:37:27,100.5900,17,1
2026-04-22,000858,14:37:30,100.5800,9,2
2026-04-22,000858,14:37:33,100.5900,9,1
2026-04-22,000858,14:37:36,100.5800,3,2
2026-04-22,000858,14:37:39,100.5700,6,2
2026-04-22,000858,14:37:42,100.5900,11,1
2026-04-22,000858,14:37:45,100.5800,5,2
2026-04-22,000858,14:37:48,100.5800,16,2
2026-04-22,000858,14:37:51,100.5900,63,1
2026-04-22,000858,14:37:54,100.5900,23,2
2026-04-22,000858,14:37:57,100.6000,17,1
2026-04-22,000858,14:38:00,100.5900,5,2
2026-04-22,000858,14:38:03,100.6000,3,1
2026-04-22,000858,14:38:06,100.6000,44,1
2026-04-22,000858,14:38:09,100.6000,10,1
2026-04-22,000858,14:38:12,100.6000,19,1
2026-04-22,000858,14:38:15,100.6000,11,1
2026-04-22,000858,14:38:18,100.6000,12,1
2026-04-22,000858,14:38:21,100.6000,19,1
2026-04-22,000858,14:38:24,100.6000,97,1
2026-04-22,000858,14:38:27,100.6000,38,1
2026-04-22,000858,14:38:30,100.5900,24,2
2026-04-22,000858,14:38:33,100.6000,20,1
2026-04-22,000858,14:38:36,100.5900,20,2
2026-04-22,000858,14:38:39,100.5900,35,2
2026-04-22,000858,14:38:42,100.6000,63,1
2026-04-22,000858,14:38:45,100.6000,19,1
2026-04-22,000858,14:38:48,100.5900,35,2
2026-04-22,000858,14:38:51,100.5900,56,1
2026-04-22,000858,14:38:54,100.5900,9,4
2026-04-22,000858,14:38:57,100.6000,189,1
2026-04-22,000858,14:39:00,100.6000,18,2
2026-04-22,000858,14:39:03,100.6000,17,2
2026-04-22,000858,14:39:06,100.6000,30,1
2026-04-22,000858,14:39:09,100.6000,18,2
2026-04-22,000858,14:39:12,100.6000,6,1
2026-04-22,000858,14:39:15,100.6100,1,1
2026-04-22,000858,14:39:18,100.6000,7,2
2026-04-22,000858,14:39:21,100.6200,3,1
2026-04-22,000858,14:39:24,100.6200,5,1
2026-04-22,000858,14:39:27,100.6200,12,1
2026-04-22,000858,14:39:30,100.6200,4,1
2026-04-22,000858,14:39:33,100.6200,1,4
2026-04-22,000858,14:39:36,100.6000,64,2
2026-04-22,000858,14:39:39,100.6300,33,1
2026-04-22,000858,14:39:42,100.6300,12,2
2026-04-22,000858,14:39:45,100.6200,18,2
2026-04-22,000858,14:39:48,100.6300,13,1
2026-04-22,000858,14:39:51,100.6200,1,2
2026-04-22,000858,14:39:54,100.6200,7,2
2026-04-22,000858,14:39:57,100.6200,37,2
2026-04-22,000858,14:40:00,100.6300,15,1
2026-04-22,000858,14:40:03,100.6200,2,2
2026-04-22,000858,14:40:06,100.6200,5,2
2026-04-22,000858,14:40:09,100.6300,2,1
2026-04-22,000858,14:40:12,100.6300,15,1
2026-04-22,000858,14:40:15,100.6200,25,2
2026-04-22,000858,14:40:18,100.6200,13,1
2026-04-22,000858,14:40:21,100.6300,19,1
2026-04-22,000858,14:40:24,100.6100,31,2
2026-04-22,000858,14:40:27,100.6300,14,1
2026-04-22,000858,14:40:30,100.6300,26,2
2026-04-22,000858,14:40:33,100.6300,24,2
2026-04-22,000858,14:40:36,100.6300,7,2
2026-04-22,000858,14:40:39,100.6300,4,1
2026-04-22,000858,14:40:42,100.6300,17,1
2026-04-22,000858,14:40:45,100.6300,5,1
2026-04-22,000858,14:40:48,100.6400,8,1
2026-04-22,000858,14:40:51,100.6300,2,2
2026-04-22,000858,14:40:54,100.6300,28,2
2026-04-22,000858,14:40:57,100.6300,14,1
2026-04-22,000858,14:41:00,100.6100,37,2
2026-04-22,000858,14:41:03,100.6100,8,1
2026-04-22,000858,14:41:06,100.6100,5,1
2026-04-22,000858,14:41:09,100.6100,10,1
2026-04-22,000858,14:41:12,100.6100,23,1
2026-04-22,000858,14:41:15,100.6100,6,1
2026-04-22,000858,14:41:18,100.6000,114,2
2026-04-22,000858,14:41:21,100.6100,15,1
2026-04-22,000858,14:41:24,100.6100,11,1
2026-04-22,000858,14:41:27,100.6100,14,1
2026-04-22,000858,14:41:30,100.6100,27,1
2026-04-22,000858,14:41:33,100.6100,12,1
2026-04-22,000858,14:41:36,100.6000,12,2
2026-04-22,000858,14:41:39,100.6100,90,1
2026-04-22,000858,14:41:42,100.6100,18,1
2026-04-22,000858,14:41:45,100.6100,14,1
2026-04-22,000858,14:41:48,100.6000,7,2
2026-04-22,000858,14:41:54,100.6000,10,2
2026-04-22,000858,14:41:57,100.6000,33,2
2026-04-22,000858,14:42:00,100.6000,58,2
2026-04-22,000858,14:42:03,100.6100,16,1
2026-04-22,000858,14:42:06,100.6000,3,2
2026-04-22,000858,14:42:09,100.6100,20,1
2026-04-22,000858,14:42:12,100.6100,15,1
2026-04-22,000858,14:42:15,100.6100,14,1
2026-04-22,000858,14:42:18,100.6200,73,1
2026-04-22,000858,14:42:21,100.6200,11,2
2026-04-22,000858,14:42:24,100.6300,4,1
2026-04-22,000858,14:42:27,100.6200,5,2
2026-04-22,000858,14:42:30,100.6200,11,2
2026-04-22,000858,14:42:33,100.6200,3,1
2026-04-22,000858,14:42:36,100.6200,13,1
2026-04-22,000858,14:42:39,100.6200,10,2
2026-04-22,000858,14:42:42,100.6200,1,2
2026-04-22,000858,14:42:45,100.6200,23,2
2026-04-22,000858,14:42:48,100.6200,6,2
2026-04-22,000858,14:42:51,100.6300,7,1
2026-04-22,000858,14:42:54,100.6300,39,1
2026-04-22,000858,14:42:57,100.6300,28,1
2026-04-22,000858,14:43:00,100.6300,9,1
2026-04-22,000858,14:43:03,100.6300,81,1
2026-04-22,000858,14:43:06,100.6200,1,1
2026-04-22,000858,14:43:09,100.6200,6,1
2026-04-22,000858,14:43:12,100.6200,16,1
2026-04-22,000858,14:43:15,100.6200,91,2
2026-04-22,000858,14:43:18,100.6200,8,1
2026-04-22,000858,14:43:21,100.6100,5,4
2026-04-22,000858,14:43:24,100.6100,40,2
2026-04-22,000858,14:43:27,100.6300,10,1
2026-04-22,000858,14:43:30,100.6200,4,2
2026-04-22,000858,14:43:33,100.6200,6,4
2026-04-22,000858,14:43:36,100.6200,6,4
2026-04-22,000858,14:43:39,100.6200,11,2
2026-04-22,000858,14:43:42,100.6300,13,1
2026-04-22,000858,14:43:45,100.6200,15,2
2026-04-22,000858,14:43:48,100.6100,23,2
2026-04-22,000858,14:43:51,100.6100,8,1
2026-04-22,000858,14:43:54,100.6000,1,2
2026-04-22,000858,14:43:57,100.6100,13,1
2026-04-22,000858,14:44:00,100.6100,31,1
2026-04-22,000858,14:44:03,100.6100,61,1
2026-04-22,000858,14:44:06,100.6100,8,1
2026-04-22,000858,14:44:09,100.6100,12,1
2026-04-22,000858,14:44:15,100.6100,13,1
2026-04-22,000858,14:44:18,100.6100,16,1
2026-04-22,000858,14:44:21,100.6000,9,2
2026-04-22,000858,14:44:24,100.6000,35,2
2026-04-22,000858,14:44:27,100.6000,36,2
2026-04-22,000858,14:44:30,100.6000,13,2
2026-04-22,000858,14:44:33,100.6000,9,2
2026-04-22,000858,14:44:36,100.6100,45,1
2026-04-22,000858,14:44:39,100.6100,33,2
2026-04-22,000858,14:44:42,100.6200,9,1
2026-04-22,000858,14:44:45,100.6200,47,1
2026-04-22,000858,14:44:48,100.6200,10,2
2026-04-22,000858,14:44:51,100.6200,32,2
2026-04-22,000858,14:44:54,100.6100,10,2
2026-04-22,000858,14:44:57,100.6100,8,1
2026-04-22,000858,14:45:00,100.6000,13,2
2026-04-22,000858,14:45:03,100.6000,53,2
2026-04-22,000858,14:45:06,100.6000,14,1
2026-04-22,000858,14:45:09,100.5900,25,2
2026-04-22,000858,14:45:12,100.6000,10,1
2026-04-22,000858,14:45:15,100.5900,50,2
2026-04-22,000858,14:45:18,100.5900,43,2
2026-04-22,000858,14:45:24,100.5900,1,2
2026-04-22,000858,14:45:27,100.5900,6,2
2026-04-22,000858,14:45:30,100.6000,15,1
2026-04-22,000858,14:45:33,100.6000,5,1
2026-04-22,000858,14:45:36,100.6000,6,1
2026-04-22,000858,14:45:39,100.5900,46,2
2026-04-22,000858,14:45:42,100.5900,11,2
2026-04-22,000858,14:45:45,100.6000,32,1
2026-04-22,000858,14:45:48,100.6000,11,2
2026-04-22,000858,14:45:51,100.5900,29,2
2026-04-22,000858,14:45:54,100.6000,16,1
2026-04-22,000858,14:45:57,100.6000,63,1
2026-04-22,000858,14:46:00,100.5900,23,2
2026-04-22,000858,14:46:03,100.6000,7,1
2026-04-22,000858,14:46:06,100.5900,4,2
2026-04-22,000858,14:46:09,100.5900,20,2
2026-04-22,000858,14:46:12,100.6000,2,1
2026-04-22,000858,14:46:15,100.6000,12,1
2026-04-22,000858,14:46:18,100.6000,10,1
2026-04-22,000858,14:46:21,100.6000,522,1
2026-04-22,000858,14:46:24,100.6000,7,1
2026-04-22,000858,14:46:27,100.5700,32,2
2026-04-22,000858,14:46:30,100.5800,17,1
2026-04-22,000858,14:46:33,100.5500,110,2
2026-04-22,000858,14:46:36,100.5900,2,1
2026-04-22,000858,14:46:39,100.5500,41,2
2026-04-22,000858,14:46:42,100.5500,17,2
2026-04-22,000858,14:46:45,100.5400,22,2
2026-04-22,000858,14:46:48,100.5500,3,2
2026-04-22,000858,14:46:51,100.5500,31,2
2026-04-22,000858,14:46:54,100.5700,21,1
2026-04-22,000858,14:46:57,100.5600,16,2
2026-04-22,000858,14:47:00,100.5700,6,1
2026-04-22,000858,14:47:03,100.5700,2,2
2026-04-22,000858,14:47:06,100.5700,21,2
2026-04-22,000858,14:47:09,100.5700,4,1
2026-04-22,000858,14:47:12,100.5400,158,2
2026-04-22,000858,14:47:15,100.5400,14,1
2026-04-22,000858,14:47:18,100.5400,18,1
2026-04-22,000858,14:47:21,100.5300,24,2
2026-04-22,000858,14:47:24,100.5600,5,1
2026-04-22,000858,14:47:27,100.5300,19,2
2026-04-22,000858,14:47:30,100.5400,73,2
2026-04-22,000858,14:47:33,100.5600,12,1
2026-04-22,000858,14:47:36,100.5300,11,2
2026-04-22,000858,14:47:39,100.5300,7,2
2026-04-22,000858,14:47:42,100.5400,13,2
2026-04-22,000858,14:47:45,100.5600,56,1
2026-04-22,000858,14:47:48,100.5400,24,2
2026-04-22,000858,14:47:51,100.5400,23,2
2026-04-22,000858,14:47:54,100.5400,38,2
2026-04-22,000858,14:47:57,100.5400,25,2
2026-04-22,000858,14:48:00,100.5500,14,1
2026-04-22,000858,14:48:03,100.5400,17,4
2026-04-22,000858,14:48:06,100.5500,36,1
2026-04-22,000858,14:48:09,100.5500,23,1
2026-04-22,000858,14:48:12,100.5500,2,1
2026-04-22,000858,14:48:15,100.5500,13,1
2026-04-22,000858,14:48:18,100.5500,8,1
2026-04-22,000858,14:48:21,100.5500,3,4
2026-04-22,000858,14:48:24,100.5300,495,2
2026-04-22,000858,14:48:27,100.5500,17,1
2026-04-22,000858,14:48:30,100.5500,13,2
2026-04-22,000858,14:48:33,100.5600,12,1
2026-04-22,000858,14:48:36,100.5500,20,2
2026-04-22,000858,14:48:39,100.5500,16,1
2026-04-22,000858,14:48:42,100.5600,6,1
2026-04-22,000858,14:48:45,100.5600,22,1
2026-04-22,000858,14:48:48,100.5500,10,2
2026-04-22,000858,14:48:51,100.5600,8,1
2026-04-22,000858,14:48:54,100.5600,810,1
2026-04-22,000858,14:48:57,100.5600,26,1
2026-04-22,000858,14:49:00,100.5500,45,2
2026-04-22,000858,14:49:03,100.5500,52,2
2026-04-22,000858,14:49:06,100.5500,13,1
2026-04-22,000858,14:49:09,100.5500,7,1
2026-04-22,000858,14:49:12,100.5500,30,1
2026-04-22,000858,14:49:15,100.5600,17,1
2026-04-22,000858,14:49:18,100.5600,17,1
2026-04-22,000858,14:49:21,100.5600,11,1
2026-04-22,000858,14:49:24,100.5600,15,1
2026-04-22,000858,14:49:27,100.5800,2037,1
2026-04-22,000858,14:49:30,100.5600,17,2
2026-04-22,000858,14:49:33,100.5600,7,2
2026-04-22,000858,14:49:36,100.5600,7,2
2026-04-22,000858,14:49:39,100.5600,6,2
2026-04-22,000858,14:49:42,100.5700,33,1
2026-04-22,000858,14:49:45,100.5500,35,2
2026-04-22,000858,14:49:48,100.5700,5,1
2026-04-22,000858,14:49:51,100.5700,15,1
2026-04-22,000858,14:49:54,100.5700,20,1
2026-04-22,000858,14:49:57,100.5600,7,2
2026-04-22,000858,14:50:00,100.5700,15,1
2026-04-22,000858,14:50:03,100.5600,32,2
2026-04-22,000858,14:50:06,100.5700,3,1
2026-04-22,000858,14:50:09,100.5700,20,1
2026-04-22,000858,14:50:12,100.5600,14,2
2026-04-22,000858,14:50:15,100.5500,125,2
2026-04-22,000858,14:50:18,100.5600,24,1
2026-04-22,000858,14:50:21,100.5600,62,1
2026-04-22,000858,14:50:24,100.5500,8,2
2026-04-22,000858,14:50:27,100.5600,15,1
2026-04-22,000858,14:50:30,100.5600,93,1
2026-04-22,000858,14:50:33,100.5600,28,1
2026-04-22,000858,14:50:36,100.5500,41,2
2026-04-22,000858,14:50:39,100.5600,15,1
2026-04-22,000858,14:50:42,100.5500,37,2
2026-04-22,000858,14:50:45,100.5600,31,1
2026-04-22,000858,14:50:48,100.5600,3,1
2026-04-22,000858,14:50:51,100.5600,54,1
2026-04-22,000858,14:50:54,100.5500,28,2
2026-04-22,000858,14:50:57,100.5500,19,2
2026-04-22,000858,14:51:00,100.5500,108,2
2026-04-22,000858,14:51:03,100.5500,93,1
2026-04-22,000858,14:51:06,100.5500,32,1
2026-04-22,000858,14:51:09,100.5500,19,1
2026-04-22,000858,14:51:12,100.5400,43,2
2026-04-22,000858,14:51:15,100.5500,28,4
2026-04-22,000858,14:51:18,100.5500,16,1
2026-04-22,000858,14:51:21,100.5500,312,1
2026-04-22,000858,14:51:24,100.5500,21,1
2026-04-22,000858,14:51:27,100.5400,64,2
2026-04-22,000858,14:51:30,100.5400,42,2
2026-04-22,000858,14:51:33,100.5400,100,2
2026-04-22,000858,14:51:36,100.5500,7,1
2026-04-22,000858,14:51:39,100.5400,10,2
2026-04-22,000858,14:51:42,100.5500,144,1
2026-04-22,000858,14:51:45,100.5600,15,1
2026-04-22,000858,14:51:48,100.5500,6,4
2026-04-22,000858,14:51:51,100.5500,31,2
2026-04-22,000858,14:51:54,100.5400,10,2
2026-04-22,000858,14:51:57,100.5600,7,1
2026-04-22,000858,14:52:00,100.5500,15,2
2026-04-22,000858,14:52:03,100.5500,21,1
2026-04-22,000858,14:52:06,100.5500,30,1
2026-04-22,000858,14:52:09,100.5400,28,2
2026-04-22,000858,14:52:12,100.5500,30,1
2026-04-22,000858,14:52:15,100.5600,60,1
2026-04-22,000858,14:52:18,100.5500,20,2
2026-04-22,000858,14:52:21,100.5500,18,2
2026-04-22,000858,14:52:24,100.5600,7,1
2026-04-22,000858,14:52:27,100.5500,30,2
2026-04-22,000858,14:52:30,100.5500,16,2
2026-04-22,000858,14:52:33,100.5600,6,1
2026-04-22,000858,14:52:36,100.5600,47,1
2026-04-22,000858,14:52:39,100.5600,18,2
2026-04-22,000858,14:52:42,100.5600,143,2
2026-04-22,000858,14:52:45,100.5600,23,1
2026-04-22,000858,14:52:48,100.5600,41,1
2026-04-22,000858,14:52:51,100.5800,22,1
2026-04-22,000858,14:52:54,100.5800,2,1
2026-04-22,000858,14:52:57,100.5700,1,2
2026-04-22,000858,14:53:00,100.5700,21,2
2026-04-22,000858,14:53:03,100.5800,18,1
2026-04-22,000858,14:53:06,100.5700,22,2
2026-04-22,000858,14:53:09,100.5800,10,1
2026-04-22,000858,14:53:12,100.5800,29,1
2026-04-22,000858,14:53:15,100.5800,16,1
2026-04-22,000858,14:53:18,100.5800,36,1
2026-04-22,000858,14:53:21,100.5800,16,1
2026-04-22,000858,14:53:24,100.5700,28,2
2026-04-22,000858,14:53:27,100.5800,82,1
2026-04-22,000858,14:53:30,100.5700,26,2
2026-04-22,000858,14:53:33,100.5700,23,2
2026-04-22,000858,14:53:36,100.5800,31,1
2026-04-22,000858,14:53:39,100.5800,126,1
2026-04-22,000858,14:53:42,100.5800,6,2
2026-04-22,000858,14:53:45,100.5800,24,2
2026-04-22,000858,14:53:48,100.5800,4,2
2026-04-22,000858,14:53:51,100.6000,21,1
2026-04-22,000858,14:53:54,100.6000,40,1
2026-04-22,000858,14:53:57,100.6000,33,1
2026-04-22,000858,14:54:00,100.6000,15,1
2026-04-22,000858,14:54:03,100.6000,14,1
2026-04-22,000858,14:54:06,100.6100,1,1
2026-04-22,000858,14:54:09,100.6000,12,2
2026-04-22,000858,14:54:12,100.6000,37,2
2026-04-22,000858,14:54:15,100.6000,30,2
2026-04-22,000858,14:54:18,100.6100,39,1
2026-04-22,000858,14:54:21,100.6000,59,1
2026-04-22,000858,14:54:24,100.6000,6,2
2026-04-22,000858,14:54:27,100.6000,27,1
2026-04-22,000858,14:54:30,100.5900,28,2
2026-04-22,000858,14:54:33,100.6000,12,2
2026-04-22,000858,14:54:36,100.6000,9,2
2026-04-22,000858,14:54:39,100.6000,14,1
2026-04-22,000858,14:54:42,100.6000,57,4
2026-04-22,000858,14:54:45,100.6100,29,1
2026-04-22,000858,14:54:48,100.6000,12,2
2026-04-22,000858,14:54:51,100.5900,44,2
2026-04-22,000858,14:54:54,100.6000,8,1
2026-04-22,000858,14:54:57,100.6000,6,2
2026-04-22,000858,14:55:00,100.6000,25,2
2026-04-22,000858,14:55:03,100.6100,24,1
2026-04-22,000858,14:55:06,100.6000,36,2
2026-04-22,000858,14:55:09,100.6100,75,1
2026-04-22,000858,14:55:12,100.6100,116,2
2026-04-22,000858,14:55:15,100.6100,55,2
2026-04-22,000858,14:55:18,100.6200,37,1
2026-04-22,000858,14:55:21,100.6200,18,1
2026-04-22,000858,14:55:24,100.6100,54,2
2026-04-22,000858,14:55:27,100.6300,29,1
2026-04-22,000858,14:55:30,100.6200,9,2
2026-04-22,000858,14:55:33,100.6200,24,2
2026-04-22,000858,14:55:36,100.6100,50,2
2026-04-22,000858,14:55:39,100.6100,34,2
2026-04-22,000858,14:55:42,100.6200,7,1
2026-04-22,000858,14:55:45,100.6300,55,1
2026-04-22,000858,14:55:48,100.6400,56,1
2026-04-22,000858,14:55:51,100.6300,17,2
2026-04-22,000858,14:55:54,100.6400,24,1
2026-04-22,000858,14:55:57,100.6300,24,2
2026-04-22,000858,14:56:00,100.6400,29,1
2026-04-22,000858,14:56:03,100.6300,34,4
2026-04-22,000858,14:56:06,100.6300,54,2
2026-04-22,000858,14:56:09,100.6400,3,1
2026-04-22,000858,14:56:12,100.6300,10,2
2026-04-22,000858,14:56:15,100.6300,29,2
2026-04-22,000858,14:56:18,100.6400,72,1
2026-04-22,000858,14:56:21,100.6500,74,1
2026-04-22,000858,14:56:24,100.6400,26,1
2026-04-22,000858,14:56:27,100.6400,12,4
2026-04-22,000858,14:56:30,100.6400,32,4
2026-04-22,000858,14:56:33,100.6500,36,1
2026-04-22,000858,14:56:36,100.6400,127,2
2026-04-22,000858,14:56:39,100.6400,23,2
2026-04-22,000858,14:56:42,100.6400,10,1
2026-04-22,000858,14:56:45,100.6500,136,1
2026-04-22,000858,14:56:48,100.6500,3,1
2026-04-22,000858,14:56:51,100.6400,15,2
2026-04-22,000858,14:56:54,100.6400,17,2
2026-04-22,000858,14:56:57,100.6500,18,1
2026-04-22,000858,14:57:00,100.6500,8,1
2026-04-22,000858,15:00:02,100.6400,1836,4
2026-04-22,000858,13:14:36,100.5200,13,2
2026-04-22,000858,13:14:39,100.5300,65,1
2026-04-22,000858,13:14:45,100.5200,35,2
2026-04-22,000858,13:14:48,100.5200,7,2
2026-04-22,000858,13:14:51,100.5300,51,1
2026-04-22,000858,13:14:54,100.5200,9,2
2026-04-22,000858,13:14:57,100.5300,7,1
2026-04-22,000858,13:15:00,100.5300,1,1
2026-04-22,000858,13:15:03,100.5300,7,1
2026-04-22,000858,13:15:06,100.5300,20,1
2026-04-22,000858,13:15:09,100.5200,11,2
2026-04-22,000858,13:15:12,100.5300,19,1
2026-04-22,000858,13:15:15,100.5300,6,1
2026-04-22,000858,13:15:18,100.5300,27,1
2026-04-22,000858,13:15:21,100.5200,62,2
2026-04-22,000858,13:15:24,100.5300,36,1
2026-04-22,000858,13:15:27,100.5300,40,1
2026-04-22,000858,13:15:30,100.5200,106,2
2026-04-22,000858,13:15:33,100.5200,39,1
2026-04-22,000858,13:15:36,100.5200,10,1
2026-04-22,000858,13:15:39,100.5200,11,1
2026-04-22,000858,13:15:42,100.5200,13,1
2026-04-22,000858,13:15:45,100.5200,10,1
2026-04-22,000858,13:15:48,100.5100,21,2
2026-04-22,000858,13:15:51,100.5300,24,1
2026-04-22,000858,13:15:54,100.5200,9,2
2026-04-22,000858,13:15:57,100.5200,3,2
2026-04-22,000858,13:16:00,100.5200,4,2
2026-04-22,000858,13:16:03,100.5300,4,1
2026-04-22,000858,13:16:06,100.5300,6,1
2026-04-22,000858,13:16:09,100.5300,18,1
2026-04-22,000858,13:16:12,100.5300,23,1
2026-04-22,000858,13:16:15,100.5300,40,1
2026-04-22,000858,13:16:18,100.5200,7,2
2026-04-22,000858,13:16:21,100.5200,36,2
2026-04-22,000858,13:16:24,100.5300,29,1
2026-04-22,000858,13:16:27,100.5300,10,1
2026-04-22,000858,13:16:30,100.5300,39,1
2026-04-22,000858,13:16:33,100.5300,11,1
2026-04-22,000858,13:16:36,100.5300,22,1
2026-04-22,000858,13:16:39,100.5200,6,2
2026-04-22,000858,13:16:42,100.5300,64,1
2026-04-22,000858,13:16:45,100.5100,109,2
2026-04-22,000858,13:16:48,100.5200,12,1
2026-04-22,000858,13:16:51,100.5100,55,2
2026-04-22,000858,13:16:54,100.5300,34,1
2026-04-22,000858,13:16:57,100.5200,5,2
2026-04-22,000858,13:17:03,100.5200,5,2
2026-04-22,000858,13:17:06,100.5200,37,2
2026-04-22,000858,13:17:09,100.5200,60,2
2026-04-22,000858,13:17:12,100.5200,5,1
2026-04-22,000858,13:17:15,100.5200,97,1
2026-04-22,000858,13:17:18,100.5200,90,1
2026-04-22,000858,13:17:21,100.5200,12,1
2026-04-22,000858,13:17:24,100.5100,27,2
2026-04-22,000858,13:17:27,100.5200,5,1
2026-04-22,000858,13:17:30,100.5100,48,2
2026-04-22,000858,13:17:33,100.5100,13,2
2026-04-22,000858,13:17:36,100.5200,10,1
2026-04-22,000858,13:17:39,100.5200,20,2
2026-04-22,000858,13:17:42,100.5100,16,2
2026-04-22,000858,13:17:45,100.5100,15,2
2026-04-22,000858,13:17:48,100.5100,7,2
2026-04-22,000858,13:17:51,100.5200,11,2
2026-04-22,000858,13:17:54,100.5300,3,1
2026-04-22,000858,13:17:57,100.5200,14,2
2026-04-22,000858,13:18:00,100.5200,15,2
2026-04-22,000858,13:18:03,100.5300,10,1
2026-04-22,000858,13:18:06,100.5300,7,1
2026-04-22,000858,13:18:09,100.5200,10,2
2026-04-22,000858,13:18:12,100.5300,10,1
2026-04-22,000858,13:18:15,100.5300,19,1
2026-04-22,000858,13:18:18,100.5300,11,1
2026-04-22,000858,13:18:21,100.5200,7,2
2026-04-22,000858,13:18:24,100.5300,24,1
2026-04-22,000858,13:18:27,100.5300,44,1
2026-04-22,000858,13:18:30,100.5300,4,1
2026-04-22,000858,13:18:33,100.5200,53,2
2026-04-22,000858,13:18:36,100.5300,9,1
2026-04-22,000858,13:18:39,100.5200,30,2
2026-04-22,000858,13:18:42,100.5200,87,1
2026-04-22,000858,13:18:45,100.5100,7,2
2026-04-22,000858,13:18:48,100.5200,6,1
2026-04-22,000858,13:18:51,100.5200,2,1
2026-04-22,000858,13:18:54,100.5200,11,1
2026-04-22,000858,13:18:57,100.5200,6,1
2026-04-22,000858,13:19:00,100.5200,22,1
2026-04-22,000858,13:19:03,100.5100,12,2
2026-04-22,000858,13:19:06,100.5100,8,2
2026-04-22,000858,13:19:09,100.5200,18,4
2026-04-22,000858,13:19:12,100.5100,1,2
2026-04-22,000858,13:19:15,100.5300,4,1
2026-04-22,000858,13:19:18,100.5200,12,2
2026-04-22,000858,13:19:21,100.5300,59,1
2026-04-22,000858,13:19:24,100.5300,1,1
2026-04-22,000858,13:19:27,100.5300,4,1
2026-04-22,000858,13:19:30,100.5300,14,1
2026-04-22,000858,13:19:33,100.5200,8,2
2026-04-22,000858,13:19:36,100.5300,8,1
2026-04-22,000858,13:19:39,100.5200,11,2
2026-04-22,000858,13:19:42,100.5300,3,1
2026-04-22,000858,13:19:45,100.5300,10,1
2026-04-22,000858,13:19:48,100.5200,21,2
2026-04-22,000858,13:19:51,100.5300,8,1
2026-04-22,000858,13:19:54,100.5300,64,1
2026-04-22,000858,13:19:57,100.5300,23,2
2026-04-22,000858,13:20:00,100.5300,3,2
2026-04-22,000858,13:20:03,100.5400,12,1
2026-04-22,000858,13:20:06,100.5300,3,2
2026-04-22,000858,13:20:09,100.5300,42,2
2026-04-22,000858,13:20:12,100.5300,16,1
2026-04-22,000858,13:20:15,100.5400,14,1
2026-04-22,000858,13:20:18,100.5400,4,1
2026-04-22,000858,13:20:21,100.5300,3,2
2026-04-22,000858,13:20:24,100.5400,10,1
2026-04-22,000858,13:20:27,100.5400,4,1
2026-04-22,000858,13:20:30,100.5400,3,1
2026-04-22,000858,13:20:33,100.5400,13,1
2026-04-22,000858,13:20:36,100.5400,17,1
2026-04-22,000858,13:20:39,100.5400,8,1
2026-04-22,000858,13:20:42,100.5400,44,1
2026-04-22,000858,13:20:45,100.5400,7,1
2026-04-22,000858,13:20:48,100.5400,110,1
2026-04-22,000858,13:20:51,100.5400,20,1
2026-04-22,000858,13:20:54,100.5400,11,1
2026-04-22,000858,13:20:57,100.5400,7,1
2026-04-22,000858,13:21:00,100.5300,31,2
2026-04-22,000858,13:21:03,100.5400,6,1
2026-04-22,000858,13:21:06,100.5400,32,1
2026-04-22,000858,13:21:09,100.5400,12,1
2026-04-22,000858,13:21:12,100.5300,5,2
2026-04-22,000858,13:21:15,100.5400,108,1
2026-04-22,000858,13:21:18,100.5400,24,1
2026-04-22,000858,13:21:21,100.5400,4,2
2026-04-22,000858,13:21:24,100.5500,3,1
2026-04-22,000858,13:21:27,100.5500,1,1
2026-04-22,000858,13:21:30,100.5500,6,1
2026-04-22,000858,13:21:33,100.5500,13,1
2026-04-22,000858,13:21:36,100.5500,13,1
2026-04-22,000858,13:21:39,100.5500,22,1
2026-04-22,000858,13:21:42,100.5500,1,1
2026-04-22,000858,13:21:45,100.5500,26,1
2026-04-22,000858,13:21:48,100.5400,7,2
2026-04-22,000858,13:21:51,100.5500,3,1
2026-04-22,000858,13:21:54,100.5500,2,1
2026-04-22,000858,13:21:57,100.5500,19,1
2026-04-22,000858,13:22:00,100.5500,20,1
2026-04-22,000858,13:22:03,100.5500,24,1
2026-04-22,000858,13:22:06,100.5400,73,2
2026-04-22,000858,13:22:09,100.5500,37,1
2026-04-22,000858,13:22:12,100.5500,7,1
2026-04-22,000858,13:22:15,100.5500,71,1
2026-04-22,000858,13:22:18,100.5500,56,1
2026-04-22,000858,13:22:21,100.5500,4,1
2026-04-22,000858,13:22:24,100.5400,15,2
2026-04-22,000858,13:22:27,100.5400,4,2
2026-04-22,000858,13:22:30,100.5400,26,2
2026-04-22,000858,13:22:33,100.5500,36,1
2026-04-22,000858,13:22:36,100.5500,19,1
2026-04-22,000858,13:22:39,100.5500,18,1
2026-04-22,000858,13:22:42,100.5500,5,1
2026-04-22,000858,13:22:45,100.5500,24,1
2026-04-22,000858,13:22:48,100.5400,19,2
2026-04-22,000858,13:22:51,100.5500,8,1
2026-04-22,000858,13:22:54,100.5500,15,1
2026-04-22,000858,13:22:57,100.5300,60,2
2026-04-22,000858,13:23:00,100.5500,18,1
2026-04-22,000858,13:23:03,100.5400,111,2
2026-04-22,000858,13:23:06,100.5400,19,2
2026-04-22,000858,13:23:09,100.5500,12,1
2026-04-22,000858,13:23:12,100.5500,15,2
2026-04-22,000858,13:23:15,100.5500,21,1
2026-04-22,000858,13:23:18,100.5500,9,2
2026-04-22,000858,13:23:21,100.5600,1,1
2026-04-22,000858,13:23:24,100.5500,6,2
2026-04-22,000858,13:23:27,100.5600,12,1
2026-04-22,000858,13:23:30,100.5500,36,2
2026-04-22,000858,13:23:33,100.5600,39,1
2026-04-22,000858,13:23:36,100.5500,31,2
2026-04-22,000858,13:23:39,100.5600,31,1
2026-04-22,000858,13:23:42,100.5600,32,1
2026-04-22,000858,13:23:45,100.5600,14,1
2026-04-22,000858,13:23:48,100.5500,20,2
2026-04-22,000858,13:23:51,100.5600,29,1
2026-04-22,000858,13:23:54,100.5500,25,2
2026-04-22,000858,13:23:57,100.5600,16,1
2026-04-22,000858,13:24:00,100.5600,35,1
2026-04-22,000858,13:24:03,100.5600,46,1
2026-04-22,000858,13:24:06,100.5500,28,2
2026-04-22,000858,13:24:09,100.5700,30,1
2026-04-22,000858,13:24:12,100.5600,19,2
2026-04-22,000858,13:24:15,100.5600,1,2
2026-04-22,000858,13:24:18,100.5700,57,1
2026-04-22,000858,13:24:21,100.5700,22,1
2026-04-22,000858,13:24:24,100.5700,35,1
2026-04-22,000858,13:24:27,100.5700,13,1
2026-04-22,000858,13:24:30,100.5800,48,1
2026-04-22,000858,13:24:33,100.5700,11,2
2026-04-22,000858,13:24:36,100.5800,6,1
2026-04-22,000858,13:24:39,100.5800,17,1
2026-04-22,000858,13:24:42,100.5800,2,1
2026-04-22,000858,13:24:45,100.5800,8,1
2026-04-22,000858,13:24:48,100.5800,4,2
2026-04-22,000858,13:24:51,100.5800,3,2
2026-04-22,000858,13:24:54,100.5900,13,1
2026-04-22,000858,13:24:57,100.5800,21,2
2026-04-22,000858,13:25:00,100.5900,19,4
2026-04-22,000858,13:25:03,100.5900,13,2
2026-04-22,000858,13:25:06,100.6000,39,1
2026-04-22,000858,13:25:09,100.6000,80,1
2026-04-22,000858,13:25:12,100.5900,53,2
2026-04-22,000858,13:25:15,100.6000,29,2
2026-04-22,000858,13:25:18,100.6100,50,1
2026-04-22,000858,13:25:21,100.6100,22,2
2026-04-22,000858,13:25:24,100.6200,44,1
2026-04-22,000858,13:25:27,100.6300,30,1
2026-04-22,000858,13:25:30,100.6200,14,2
2026-04-22,000858,13:25:33,100.6300,25,1
2026-04-22,000858,13:25:36,100.6300,7,2
2026-04-22,000858,13:25:39,100.6300,18,2
2026-04-22,000858,13:25:42,100.6400,19,1
2026-04-22,000858,13:25:45,100.6400,11,1
2026-04-22,000858,13:25:48,100.6400,20,1
2026-04-22,000858,13:25:51,100.6500,5,1
2026-04-22,000858,13:25:54,100.6500,5,1
2026-04-22,000858,13:25:57,100.6400,22,2
2026-04-22,000858,13:26:00,100.6400,25,1
2026-04-22,000858,13:26:03,100.6400,26,1
2026-04-22,000858,13:26:06,100.6300,13,2
2026-04-22,000858,13:26:09,100.6400,6,1
2026-04-22,000858,13:26:12,100.6300,20,4
2026-04-22,000858,13:26:15,100.6400,12,1
2026-04-22,000858,13:26:18,100.6400,15,2
2026-04-22,000858,13:26:21,100.6300,17,2
2026-04-22,000858,13:26:24,100.6000,19,2
2026-04-22,000858,13:26:27,100.6000,41,2
2026-04-22,000858,13:26:30,100.6000,76,2
2026-04-22,000858,13:26:33,100.6000,26,1
2026-04-22,000858,13:26:36,100.5900,40,2
2026-04-22,000858,13:26:39,100.6000,81,1
2026-04-22,000858,13:26:42,100.5900,34,2
2026-04-22,000858,13:26:45,100.5900,5,1
2026-04-22,000858,13:26:48,100.5900,11,1
2026-04-22,000858,13:26:51,100.5900,9,4
2026-04-22,000858,13:26:54,100.6000,4,1
2026-04-22,000858,13:26:57,100.5900,18,2
2026-04-22,000858,13:27:00,100.5900,7,2
2026-04-22,000858,13:27:06,100.5900,18,2
2026-04-22,000858,13:27:09,100.6000,2,1
2026-04-22,000858,13:27:12,100.6000,6,1
2026-04-22,000858,13:27:15,100.6100,5,1
2026-04-22,000858,13:27:18,100.6000,6,2
2026-04-22,000858,13:27:21,100.6000,3,2
2026-04-22,000858,13:27:24,100.6000,6,2
2026-04-22,000858,13:27:27,100.6100,16,1
2026-04-22,000858,13:27:30,100.6100,24,2
2026-04-22,000858,13:27:33,100.6200,5,1
2026-04-22,000858,13:27:36,100.6200,2,1
2026-04-22,000858,13:27:39,100.6100,25,2
2026-04-22,000858,13:27:42,100.6100,9,2
2026-04-22,000858,13:27:45,100.6100,20,1
2026-04-22,000858,13:27:48,100.6100,12,1
2026-04-22,000858,13:27:51,100.6000,29,2
2026-04-22,000858,13:27:54,100.6100,14,1
2026-04-22,000858,13:27:57,100.6000,18,2
2026-04-22,000858,13:28:00,100.6100,1,1
2026-04-22,000858,13:28:03,100.6000,11,2
2026-04-22,000858,13:28:06,100.6000,10,2
2026-04-22,000858,13:28:09,100.6000,1,2
2026-04-22,000858,13:28:12,100.6100,9,1
2026-04-22,000858,13:28:15,100.6100,4,1
2026-04-22,000858,13:28:18,100.6000,6,2
2026-04-22,000858,13:28:21,100.6000,20,2
2026-04-22,000858,13:28:24,100.6100,5,1
2026-04-22,000858,13:28:30,100.6100,1,1
2026-04-22,000858,13:28:33,100.6000,25,2
2026-04-22,000858,13:28:36,100.6100,5,1
2026-04-22,000858,13:28:39,100.6100,20,1
2026-04-22,000858,13:28:42,100.6000,18,2
2026-04-22,000858,13:28:45,100.6100,18,1
2026-04-22,000858,13:28:48,100.6100,12,1
2026-04-22,000858,13:28:51,100.6100,5,1
2026-04-22,000858,13:28:54,100.6000,6,2
2026-04-22,000858,13:28:57,100.6000,10,2
2026-04-22,000858,13:29:00,100.6100,3,1
2026-04-22,000858,13:29:03,100.6100,1,2
2026-04-22,000858,13:29:06,100.6100,9,2
2026-04-22,000858,13:29:09,100.6100,20,2
2026-04-22,000858,13:29:12,100.6000,3,2
2026-04-22,000858,13:29:15,100.6000,22,2
2026-04-22,000858,13:29:18,100.6100,26,1
2026-04-22,000858,13:29:21,100.6000,2,2
2026-04-22,000858,13:29:24,100.6100,12,1
2026-04-22,000858,13:29:27,100.6100,3,1
2026-04-22,000858,13:29:33,100.6000,20,2
2026-04-22,000858,13:29:36,100.6200,2,1
2026-04-22,000858,13:29:39,100.6200,16,1
2026-04-22,000858,13:29:42,100.6200,13,1
2026-04-22,000858,13:29:45,100.6100,2,4
2026-04-22,000858,13:29:48,100.6100,8,2
2026-04-22,000858,13:29:51,100.6200,4,1
2026-04-22,000858,13:29:57,100.6100,10,2
2026-04-22,000858,13:30:00,100.6000,7,2
2026-04-22,000858,13:30:03,100.6100,20,1
2026-04-22,000858,13:30:06,100.6100,5,4
2026-04-22,000858,13:30:09,100.6000,32,2
2026-04-22,000858,13:30:12,100.6000,9,2
2026-04-22,000858,13:30:15,100.6100,3,1
2026-04-22,000858,13:30:18,100.6000,14,2
2026-04-22,000858,13:30:21,100.6100,18,1
2026-04-22,000858,13:30:24,100.6000,10,2
2026-04-22,000858,13:30:27,100.6000,31,2
2026-04-22,000858,13:30:30,100.6000,48,2
2026-04-22,000858,13:30:33,100.6100,43,1
2026-04-22,000858,13:30:36,100.6000,16,2
2026-04-22,000858,13:30:39,100.6000,48,2
2026-04-22,000858,13:30:42,100.6000,12,1
2026-04-22,000858,13:30:45,100.5900,7,2
2026-04-22,000858,13:30:48,100.5900,8,2
2026-04-22,000858,13:30:51,100.6000,13,1
2026-04-22,000858,13:30:54,100.5900,8,2
2026-04-22,000858,13:30:57,100.6000,32,1
2026-04-22,000858,13:31:00,100.5900,6,2
2026-04-22,000858,13:31:03,100.5900,27,2
2026-04-22,000858,13:31:06,100.5900,3,2
2026-04-22,000858,13:31:09,100.5900,5,2
2026-04-22,000858,13:31:12,100.5900,9,2
2026-04-22,000858,13:31:15,100.6000,5,1
2026-04-22,000858,13:31:18,100.5900,17,2
2026-04-22,000858,13:31:21,100.5900,8,2
2026-04-22,000858,13:31:24,100.5900,23,2
2026-04-22,000858,13:31:27,100.5900,3,1
2026-04-22,000858,13:31:30,100.5800,15,2
2026-04-22,000858,13:31:33,100.5900,8,1
2026-04-22,000858,13:31:36,100.5900,15,1
2026-04-22,000858,13:31:39,100.5900,27,1
2026-04-22,000858,13:31:42,100.5800,102,2
2026-04-22,000858,13:31:45,100.5900,36,4
2026-04-22,000858,13:31:48,100.5800,10,2
2026-04-22,000858,13:31:51,100.5900,23,1
2026-04-22,000858,13:31:54,100.5900,16,1
2026-04-22,000858,13:31:57,100.5900,15,1
2026-04-22,000858,13:32:00,100.5900,2,1
2026-04-22,000858,13:32:03,100.5900,5,1
2026-04-22,000858,13:32:06,100.5700,8,2
2026-04-22,000858,13:32:09,100.5700,16,2
2026-04-22,000858,13:32:12,100.5700,7,2
2026-04-22,000858,13:32:15,100.5700,28,2
2026-04-22,000858,13:32:18,100.5900,10,1
2026-04-22,000858,13:32:21,100.5900,4,1
2026-04-22,000858,13:32:24,100.5700,23,2
2026-04-22,000858,13:32:27,100.5700,27,2
2026-04-22,000858,13:32:30,100.5900,10,1
2026-04-22,000858,13:32:33,100.5800,28,1
2026-04-22,000858,13:32:36,100.5900,5,1
2026-04-22,000858,13:32:39,100.5900,25,1
2026-04-22,000858,13:32:42,100.5900,16,1
2026-04-22,000858,13:32:45,100.5900,5,1
2026-04-22,000858,13:32:48,100.5900,93,1
2026-04-22,000858,13:32:51,100.5800,1,2
2026-04-22,000858,13:32:54,100.5800,13,2
2026-04-22,000858,13:32:57,100.5800,20,1
2026-04-22,000858,13:33:00,100.5700,14,2
2026-04-22,000858,13:33:03,100.5900,22,1
2026-04-22,000858,13:33:06,100.5800,5,2
2026-04-22,000858,13:33:09,100.5900,7,1
2026-04-22,000858,13:33:12,100.5800,6,2
2026-04-22,000858,13:33:15,100.5900,11,1
2026-04-22,000858,13:33:18,100.5800,14,2
2026-04-22,000858,13:33:21,100.5800,13,2
2026-04-22,000858,13:33:24,100.5800,6,1
2026-04-22,000858,13:33:27,100.5800,13,1
2026-04-22,000858,13:33:30,100.5900,13,1
2026-04-22,000858,13:33:33,100.5800,12,2
2026-04-22,000858,13:33:36,100.5800,13,2
2026-04-22,000858,13:33:39,100.5900,8,1
2026-04-22,000858,13:33:42,100.5900,15,1
2026-04-22,000858,13:33:45,100.5800,13,2
2026-04-22,000858,13:33:48,100.5900,24,1
2026-04-22,000858,13:33:51,100.5800,2,2
2026-04-22,000858,13:33:54,100.5900,2,1
2026-04-22,000858,13:33:57,100.5700,21,2
2026-04-22,000858,13:34:00,100.5800,16,1
2026-04-22,000858,13:34:06,100.6000,40,1
2026-04-22,000858,13:34:09,100.6000,44,1
2026-04-22,000858,13:34:12,100.6200,29,1
2026-04-22,000858,13:34:15,100.6100,23,1
2026-04-22,000858,13:34:18,100.6200,31,1
2026-04-22,000858,13:34:21,100.6200,36,2
2026-04-22,000858,13:34:24,100.5900,35,2
2026-04-22,000858,13:34:27,100.6200,17,1
2026-04-22,000858,13:34:30,100.6000,10,2
2026-04-22,000858,13:34:33,100.6200,17,1
2026-04-22,000858,13:34:36,100.6200,8,2
2026-04-22,000858,13:34:39,100.6100,2,2
2026-04-22,000858,13:34:42,100.6200,9,4
2026-04-22,000858,13:34:48,100.6300,14,1
2026-04-22,000858,13:34:51,100.6300,30,1
2026-04-22,000858,13:34:54,100.6200,48,2
2026-04-22,000858,13:34:57,100.6200,7,2
2026-04-22,000858,13:35:00,100.6300,53,1
2026-04-22,000858,13:35:03,100.6300,15,1
2026-04-22,000858,13:35:06,100.6200,15,2
2026-04-22,000858,13:35:09,100.6200,16,1
2026-04-22,000858,13:35:12,100.6300,11,1
2026-04-22,000858,13:35:15,100.6200,2,2
2026-04-22,000858,13:35:18,100.6200,4,1
2026-04-22,000858,13:35:21,100.6100,1,2
2026-04-22,000858,13:35:24,100.6200,7,1
2026-04-22,000858,13:35:27,100.6200,7,1
2026-04-22,000858,13:35:30,100.6200,3,1
2026-04-22,000858,13:35:33,100.6200,21,1
2026-04-22,000858,13:35:36,100.6200,11,4
2026-04-22,000858,13:35:39,100.6200,1,2
2026-04-22,000858,13:35:42,100.6300,10,1
2026-04-22,000858,13:35:45,100.6100,4,2
2026-04-22,000858,13:35:48,100.6300,11,1
2026-04-22,000858,13:35:51,100.6100,1,2
2026-04-22,000858,13:35:54,100.6300,5,1
2026-04-22,000858,13:35:57,100.6100,6,2
2026-04-22,000858,13:36:00,100.6300,1,1
2026-04-22,000858,13:36:03,100.6300,11,1
2026-04-22,000858,13:36:06,100.6100,8,2
2026-04-22,000858,13:36:09,100.6200,4,2
2026-04-22,000858,13:36:12,100.6200,1,1
2026-04-22,000858,13:36:15,100.6100,14,2
2026-04-22,000858,13:36:18,100.6200,5,2
2026-04-22,000858,13:36:24,100.6200,11,2
2026-04-22,000858,13:36:27,100.6300,2,1
2026-04-22,000858,13:36:33,100.6300,6,1
2026-04-22,000858,13:36:36,100.6300,10,1
2026-04-22,000858,13:36:39,100.6300,6,1
2026-04-22,000858,13:36:42,100.6100,14,2
2026-04-22,000858,13:36:45,100.6300,9,1
2026-04-22,000858,13:36:48,100.6200,1,1
2026-04-22,000858,13:36:51,100.6100,5,2
2026-04-22,000858,13:36:54,100.6100,20,2
2026-04-22,000858,13:36:57,100.6000,31,2
2026-04-22,000858,13:37:00,100.6000,16,2
2026-04-22,000858,13:37:06,100.6000,13,2
2026-04-22,000858,13:37:09,100.6100,11,1
2026-04-22,000858,13:37:12,100.6100,19,1
2026-04-22,000858,13:37:15,100.6100,2,1
2026-04-22,000858,13:37:18,100.6100,10,1
2026-04-22,000858,13:37:21,100.6100,1,1
2026-04-22,000858,13:37:24,100.6000,3,2
2026-04-22,000858,13:37:27,100.6000,19,2
2026-04-22,000858,13:37:30,100.6000,73,2
2026-04-22,000858,13:37:33,100.6000,38,2
2026-04-22,000858,13:37:36,100.6000,22,1
2026-04-22,000858,13:37:39,100.5900,73,2
2026-04-22,000858,13:37:42,100.5900,17,2
2026-04-22,000858,13:37:45,100.5900,22,2
2026-04-22,000858,13:37:48,100.5900,4,2
2026-04-22,000858,13:37:51,100.5900,3,2
2026-04-22,000858,13:37:54,100.6100,2,1
2026-04-22,000858,13:37:57,100.6200,16,1
2026-04-22,000858,13:38:00,100.6000,3,2
2026-04-22,000858,13:38:03,100.6000,24,2
2026-04-22,000858,13:38:06,100.6000,15,1
2026-04-22,000858,13:38:09,100.5900,24,2
2026-04-22,000858,13:38:12,100.6000,10,1
2026-04-22,000858,13:38:15,100.5900,14,2
2026-04-22,000858,13:38:18,100.6000,24,1
2026-04-22,000858,13:38:24,100.5900,4,2
2026-04-22,000858,13:38:27,100.6000,3,1
2026-04-22,000858,13:38:30,100.6000,8,1
2026-04-22,000858,13:38:33,100.5900,10,2
2026-04-22,000858,13:38:36,100.5900,71,2
2026-04-22,000858,13:38:39,100.6000,69,1
2026-04-22,000858,13:38:42,100.5900,21,2
2026-04-22,000858,13:38:45,100.6000,2,1
2026-04-22,000858,13:38:48,100.6000,6,1
2026-04-22,000858,13:38:54,100.5900,7,2
2026-04-22,000858,13:39:00,100.6000,2,1
2026-04-22,000858,13:39:03,100.6000,12,1
2026-04-22,000858,13:39:06,100.6000,2,1
2026-04-22,000858,13:39:09,100.5900,36,2
2026-04-22,000858,13:39:12,100.5800,8,2
2026-04-22,000858,13:39:15,100.5900,3,1
2026-04-22,000858,13:39:18,100.5900,2,1
2026-04-22,000858,13:39:21,100.5900,30,1
2026-04-22,000858,13:39:24,100.6000,7,1
2026-04-22,000858,13:39:27,100.5900,6,2
2026-04-22,000858,13:39:30,100.5900,5,1
2026-04-22,000858,13:39:33,100.6000,3,1
2026-04-22,000858,13:39:36,100.5900,7,2
2026-04-22,000858,13:39:39,100.6000,13,1
2026-04-22,000858,13:39:42,100.6000,5,1
2026-04-22,000858,13:39:45,100.6000,17,1
2026-04-22,000858,13:39:48,100.5800,19,2
2026-04-22,000858,13:39:51,100.5900,105,1
2026-04-22,000858,13:39:54,100.5800,1,2
2026-04-22,000858,13:39:57,100.5900,1,1
2026-04-22,000858,13:40:00,100.5800,4,2
2026-04-22,000858,13:40:03,100.5900,14,1
2026-04-22,000858,13:40:06,100.5900,25,1
2026-04-22,000858,13:40:09,100.5900,5,1
2026-04-22,000858,13:40:12,100.5900,14,1
2026-04-22,000858,13:40:15,100.5800,13,2
2026-04-22,000858,13:40:18,100.6000,6,1
2026-04-22,000858,13:40:21,100.5900,8,2
2026-04-22,000858,13:40:24,100.5900,3,1
2026-04-22,000858,13:40:27,100.5900,1,1
2026-04-22,000858,13:40:30,100.5800,20,2
2026-04-22,000858,13:40:33,100.5800,9,2
2026-04-22,000858,13:40:39,100.5900,15,4
2026-04-22,000858,13:40:42,100.5900,17,1
2026-04-22,000858,13:40:45,100.5900,8,1
2026-04-22,000858,13:40:48,100.5900,5,1
2026-04-22,000858,13:40:51,100.5800,192,2
2026-04-22,000858,13:40:54,100.5900,28,1
2026-04-22,000858,13:40:57,100.5800,21,2
2026-04-22,000858,13:41:03,100.6000,18,1
2026-04-22,000858,13:41:09,100.6000,3,1
2026-04-22,000858,13:41:12,100.6000,59,1
2026-04-22,000858,13:41:15,100.6000,15,1
2026-04-22,000858,13:41:18,100.6000,1,1
2026-04-22,000858,13:41:21,100.5800,7,2
2026-04-22,000858,13:41:24,100.6000,3,1
2026-04-22,000858,13:41:27,100.6000,7,1
2026-04-22,000858,13:41:30,100.5800,11,2
2026-04-22,000858,13:41:33,100.5800,6,2
2026-04-22,000858,13:41:36,100.5800,57,2
2026-04-22,000858,13:41:39,100.5800,40,2
2026-04-22,000858,13:41:42,100.5800,13,2
2026-04-22,000858,13:41:45,100.5900,6,1
2026-04-22,000858,13:41:48,100.5700,4,2
2026-04-22,000858,13:41:51,100.5900,1,1
2026-04-22,000858,13:41:54,100.5800,5,2
2026-04-22,000858,13:42:00,100.5800,11,2
2026-04-22,000858,13:42:03,100.5800,3,1
2026-04-22,000858,13:42:06,100.5800,8,1
2026-04-22,000858,13:42:09,100.5800,23,1
2026-04-22,000858,13:42:12,100.5700,10,2
2026-04-22,000858,13:42:15,100.5800,26,1
2026-04-22,000858,13:42:18,100.5700,19,2
2026-04-22,000858,13:42:21,100.5800,8,1
2026-04-22,000858,13:42:24,100.5800,52,1
2026-04-22,000858,13:42:27,100.5800,41,1
2026-04-22,000858,13:42:30,100.5700,17,2
2026-04-22,000858,13:42:33,100.5800,9,2
2026-04-22,000858,13:42:36,100.5700,10,2
2026-04-22,000858,13:42:39,100.5700,12,2
2026-04-22,000858,13:42:42,100.5900,5,1
2026-04-22,000858,13:42:45,100.5900,8,1
2026-04-22,000858,13:42:48,100.5900,8,1
2026-04-22,000858,13:42:51,100.5900,6,1
2026-04-22,000858,13:42:54,100.5800,3,2
2026-04-22,000858,13:42:57,100.5900,6,1
2026-04-22,000858,13:43:03,100.5900,6,1
2026-04-22,000858,13:43:06,100.5900,12,1
2026-04-22,000858,13:43:09,100.5800,27,2
2026-04-22,000858,13:43:12,100.5700,12,2
2026-04-22,000858,13:43:15,100.5700,4,2
2026-04-22,000858,13:43:18,100.5800,7,1
2026-04-22,000858,13:43:21,100.5800,2,1
2026-04-22,000858,13:43:24,100.5800,3,1
2026-04-22,000858,13:43:27,100.5800,21,1
2026-04-22,000858,13:43:30,100.5800,4,1
2026-04-22,000858,13:43:33,100.5800,4,1
2026-04-22,000858,13:43:36,100.5800,1,1
2026-04-22,000858,13:43:39,100.5700,12,2
2026-04-22,000858,13:43:42,100.5800,19,1
2026-04-22,000858,13:43:45,100.5800,52,1
2026-04-22,000858,13:43:48,100.5700,8,2
2026-04-22,000858,13:43:51,100.5800,3,1
2026-04-22,000858,13:43:54,100.5800,3,1
2026-04-22,000858,13:43:57,100.5800,8,1
2026-04-22,000858,13:44:00,100.5800,13,1
2026-04-22,000858,13:44:03,100.5800,2,1
2026-04-22,000858,13:44:06,100.5700,6,2
2026-04-22,000858,13:44:09,100.5700,19,2
2026-04-22,000858,13:44:12,100.5800,14,1
2026-04-22,000858,13:44:15,100.5700,30,2
2026-04-22,000858,13:44:18,100.5800,23,1
2026-04-22,000858,13:44:21,100.5800,15,1
2026-04-22,000858,13:44:24,100.5700,7,2
2026-04-22,000858,13:44:27,100.5800,5,1
2026-04-22,000858,13:44:30,100.5800,5,1
2026-04-22,000858,13:44:33,100.5700,6,2
2026-04-22,000858,13:44:36,100.5800,3,1
2026-04-22,000858,13:44:39,100.5700,9,2
2026-04-22,000858,13:44:42,100.5800,1,1
2026-04-22,000858,13:44:45,100.5800,10,1
2026-04-22,000858,13:44:48,100.5800,3,1
2026-04-22,000858,13:44:51,100.5700,2,2
2026-04-22,000858,13:44:57,100.5700,15,2
2026-04-22,000858,13:45:00,100.5700,34,2
2026-04-22,000858,13:45:03,100.5800,35,1
2026-04-22,000858,13:45:06,100.5600,3,2
2026-04-22,000858,13:45:09,100.5600,2,2
2026-04-22,000858,13:45:12,100.5600,32,2
2026-04-22,000858,13:45:15,100.5600,187,2
2026-04-22,000858,13:45:18,100.5500,108,2
2026-04-22,000858,13:45:21,100.5600,18,1
2026-04-22,000858,13:45:24,100.5600,20,1
2026-04-22,000858,13:45:27,100.5600,11,1
2026-04-22,000858,13:45:30,100.5500,18,2
2026-04-22,000858,13:45:33,100.5600,1,1
2026-04-22,000858,13:45:36,100.5500,12,2
2026-04-22,000858,13:45:39,100.5500,2,2
2026-04-22,000858,13:45:42,100.5500,4,2
2026-04-22,000858,13:45:45,100.5500,10,2
2026-04-22,000858,13:45:48,100.5600,2,1
2026-04-22,000858,13:45:51,100.5600,23,1
2026-04-22,000858,13:45:54,100.5500,22,2
2026-04-22,000858,13:45:57,100.5600,28,1
2026-04-22,000858,13:46:00,100.5600,2,1
2026-04-22,000858,13:46:03,100.5500,118,2
2026-04-22,000858,13:46:06,100.5500,233,2
2026-04-22,000858,13:46:09,100.5600,206,1
2026-04-22,000858,13:46:12,100.5400,39,2
2026-04-22,000858,13:46:15,100.5500,14,2
2026-04-22,000858,13:46:18,100.5500,4,4
2026-04-22,000858,13:46:21,100.5500,2,2
2026-04-22,000858,13:46:24,100.5500,11,2
2026-04-22,000858,13:46:27,100.5500,57,2
2026-04-22,000858,13:46:30,100.5500,17,1
2026-04-22,000858,13:46:33,100.5500,18,1
2026-04-22,000858,13:46:36,100.5400,4,2
2026-04-22,000858,13:46:39,100.5400,36,2
2026-04-22,000858,13:46:42,100.5400,81,2
2026-04-22,000858,13:46:45,100.5400,37,2
2026-04-22,000858,13:46:48,100.5300,12,2
2026-04-22,000858,13:46:51,100.5300,14,2
2026-04-22,000858,13:46:54,100.5400,19,1
2026-04-22,000858,13:46:57,100.5300,5,2
2026-04-22,000858,13:47:00,100.5300,110,2
2026-04-22,000858,13:47:03,100.5400,15,1
2026-04-22,000858,13:47:06,100.5400,7,1
2026-04-22,000858,13:47:09,100.5400,13,1
2026-04-22,000858,13:47:12,100.5400,11,1
2026-04-22,000858,13:47:15,100.5400,35,1
2026-04-22,000858,13:47:18,100.5300,21,2
2026-04-22,000858,13:47:21,100.5300,16,2
2026-04-22,000858,13:47:24,100.5400,35,1
2026-04-22,000858,13:47:27,100.5400,12,1
2026-04-22,000858,13:47:30,100.5300,9,2
2026-04-22,000858,13:47:33,100.5400,19,1
2026-04-22,000858,13:47:36,100.5500,22,1
2026-04-22,000858,13:47:39,100.5300,28,2
2026-04-22,000858,13:47:42,100.5500,4,1
2026-04-22,000858,13:47:45,100.5400,9,2
2026-04-22,000858,13:47:48,100.5400,6,2
2026-04-22,000858,13:47:51,100.5500,12,1
2026-04-22,000858,13:47:54,100.5500,9,1
2026-04-22,000858,13:47:57,100.5400,3,2
2026-04-22,000858,13:48:00,100.5500,3,1
2026-04-22,000858,13:48:03,100.5400,12,2
2026-04-22,000858,13:48:06,100.5400,21,2
2026-04-22,000858,13:48:09,100.5500,9,1
2026-04-22,000858,13:48:12,100.5500,3,1
2026-04-22,000858,13:48:15,100.5400,5,2
2026-04-22,000858,13:48:18,100.5500,18,1
2026-04-22,000858,13:48:21,100.5500,4,1
2026-04-22,000858,13:48:24,100.5400,18,2
2026-04-22,000858,13:48:27,100.5500,6,1
2026-04-22,000858,13:48:30,100.5400,10,2
2026-04-22,000858,13:48:33,100.5500,17,1
2026-04-22,000858,13:48:36,100.5400,9,2
2026-04-22,000858,13:48:39,100.5500,1,1
2026-04-22,000858,13:48:42,100.5500,7,1
2026-04-22,000858,13:48:48,100.5500,26,1
2026-04-22,000858,13:48:51,100.5400,34,2
2026-04-22,000858,13:48:54,100.5500,26,1
2026-04-22,000858,13:48:57,100.5500,8,1
2026-04-22,000858,13:49:00,100.5500,11,1
2026-04-22,000858,13:49:03,100.5500,3,1
2026-04-22,000858,13:49:06,100.5500,49,1
2026-04-22,000858,13:49:12,100.5400,64,2
2026-04-22,000858,13:49:15,100.5300,12,2
2026-04-22,000858,13:49:18,100.5300,10,2
2026-04-22,000858,13:49:21,100.5400,2,4
2026-04-22,000858,13:49:24,100.5300,5,2
2026-04-22,000858,13:49:27,100.5500,3,1
2026-04-22,000858,13:49:30,100.5300,1,2
2026-04-22,000858,13:49:33,100.5400,61,1
2026-04-22,000858,13:49:36,100.5400,7,1
2026-04-22,000858,13:49:39,100.5400,13,1
2026-04-22,000858,13:49:42,100.5300,20,2
2026-04-22,000858,13:49:45,100.5400,6,1
2026-04-22,000858,13:49:48,100.5400,35,1
2026-04-22,000858,13:49:51,100.5400,8,1
2026-04-22,000858,13:49:54,100.5400,6,1
2026-04-22,000858,13:49:57,100.5400,2,1
2026-04-22,000858,13:50:00,100.5400,12,1
2026-04-22,000858,13:50:03,100.5400,41,2
2026-04-22,000858,13:50:06,100.5400,18,2
2026-04-22,000858,13:50:09,100.5400,9,1
2026-04-22,000858,13:50:12,100.5300,2,2
2026-04-22,000858,13:50:15,100.5400,7,1
2026-04-22,000858,13:50:18,100.5400,5,1
2026-04-22,000858,13:50:21,100.5300,117,2
2026-04-22,000858,13:50:24,100.5300,14,2
2026-04-22,000858,13:50:27,100.5300,2,2
2026-04-22,000858,13:50:30,100.5300,4,2
2026-04-22,000858,13:50:33,100.5300,23,2
2026-04-22,000858,13:50:36,100.5400,1,1
2026-04-22,000858,13:50:39,100.5300,79,2
2026-04-22,000858,13:50:42,100.5300,14,2
2026-04-22,000858,13:50:45,100.5300,5,2
2026-04-22,000858,13:50:48,100.5400,2,1
2026-04-22,000858,13:50:51,100.5400,16,1
2026-04-22,000858,13:50:54,100.5300,65,2
2026-04-22,000858,13:50:57,100.5300,40,2
2026-04-22,000858,13:51:00,100.5400,4,2
2026-04-22,000858,13:51:03,100.5400,1,2
2026-04-22,000858,13:51:09,100.5500,2,1
2026-04-22,000858,13:51:12,100.5400,8,2
2026-04-22,000858,13:51:15,100.5400,20,2
2026-04-22,000858,13:51:18,100.5400,3,2
2026-04-22,000858,13:51:21,100.5400,13,2
2026-04-22,000858,13:51:24,100.5500,7,1
2026-04-22,000858,13:51:27,100.5400,13,2
2026-04-22,000858,13:51:30,100.5400,13,2
2026-04-22,000858,13:51:33,100.5500,20,1
2026-04-22,000858,13:51:36,100.5400,4,2
2026-04-22,000858,13:51:39,100.5400,9,1
2026-04-22,000858,13:51:42,100.5400,13,1
2026-04-22,000858,13:51:45,100.5300,155,2
2026-04-22,000858,13:51:48,100.5400,37,1
2026-04-22,000858,13:51:51,100.5400,16,1
2026-04-22,000858,13:51:54,100.5400,1,1
2026-04-22,000858,13:51:57,100.5300,11,2
2026-04-22,000858,13:52:00,100.5400,78,1
2026-04-22,000858,13:52:03,100.5300,4,2
2026-04-22,000858,13:52:06,100.5400,5,1
2026-04-22,000858,13:52:09,100.5400,6,1
2026-04-22,000858,13:52:12,100.5400,27,1
2026-04-22,000858,13:52:15,100.5400,49,1
2026-04-22,000858,13:52:18,100.5400,7,1
2026-04-22,000858,13:52:21,100.5400,15,1
2026-04-22,000858,13:52:24,100.5400,9,1
2026-04-22,000858,13:52:27,100.5400,57,1
2026-04-22,000858,13:52:30,100.5400,11,2
2026-04-22,000858,13:52:33,100.5400,75,2
2026-04-22,000858,13:52:36,100.5300,20,2
2026-04-22,000858,13:52:39,100.5300,14,2
2026-04-22,000858,13:52:42,100.5300,12,2
2026-04-22,000858,13:52:45,100.5300,9,2
2026-04-22,000858,13:52:48,100.5300,4,2
2026-04-22,000858,13:52:51,100.5400,61,1
2026-04-22,000858,13:52:54,100.5300,27,2
2026-04-22,000858,13:52:57,100.5300,357,1
2026-04-22,000858,13:53:00,100.5300,15,1
2026-04-22,000858,13:53:03,100.5300,27,1
2026-04-22,000858,13:53:06,100.5300,32,1
2026-04-22,000858,13:53:09,100.5200,12,2
2026-04-22,000858,13:53:12,100.5200,10,2
2026-04-22,000858,13:53:15,100.5300,8,1
2026-04-22,000858,13:53:18,100.5300,198,1
2026-04-22,000858,13:53:21,100.5200,46,2
2026-04-22,000858,13:53:24,100.5300,22,1
2026-04-22,000858,13:53:27,100.5200,47,2
2026-04-22,000858,13:53:30,100.5300,121,1
2026-04-22,000858,13:53:33,100.5300,10,1
2026-04-22,000858,13:53:36,100.5200,20,2
2026-04-22,000858,13:53:39,100.5200,52,2
2026-04-22,000858,13:53:42,100.5200,15,1
2026-04-22,000858,13:53:45,100.5200,4,1
2026-04-22,000858,13:53:48,100.5200,36,1
2026-04-22,000858,13:53:51,100.5200,519,1
2026-04-22,000858,13:53:54,100.5200,39,1
2026-04-22,000858,13:53:57,100.5200,15,1
2026-04-22,000858,13:54:00,100.5200,380,1
2026-04-22,000858,13:54:03,100.5200,20,1
2026-04-22,000858,13:54:06,100.5200,11,1
2026-04-22,000858,13:54:09,100.5300,18,1
2026-04-22,000858,13:54:15,100.5400,38,1
2026-04-22,000858,13:54:18,100.5300,10,2
2026-04-22,000858,13:54:21,100.5300,9,4
2026-04-22,000858,13:54:24,100.5300,25,1
2026-04-22,000858,13:54:27,100.5300,22,1
2026-04-22,000858,13:54:30,100.5500,53,1
2026-04-22,000858,13:54:33,100.5400,23,2
2026-04-22,000858,13:54:36,100.5400,24,2
2026-04-22,000858,13:54:39,100.5500,38,1
2026-04-22,000858,13:54:42,100.5500,14,1
2026-04-22,000858,13:54:45,100.5200,82,2
2026-04-22,000858,13:54:48,100.5300,19,1
2026-04-22,000858,13:54:51,100.5300,8,1
2026-04-22,000858,13:54:54,100.5300,11,1
2026-04-22,000858,13:55:00,100.5400,6,1
2026-04-22,000858,13:55:03,100.5500,1,1
2026-04-22,000858,13:55:06,100.5300,55,2
2026-04-22,000858,13:55:09,100.5300,3,1
2026-04-22,000858,13:55:12,100.5300,5,1
2026-04-22,000858,13:55:15,100.5300,18,1
2026-04-22,000858,13:55:21,100.5300,38,2
2026-04-22,000858,13:55:24,100.5300,25,1
2026-04-22,000858,13:55:27,100.5300,2,1
2026-04-22,000858,13:55:33,100.5500,39,1
2026-04-22,000858,13:55:36,100.5500,37,2
2026-04-22,000858,13:55:39,100.5600,28,1
2026-04-22,000858,13:55:42,100.5600,19,1
2026-04-22,000858,13:55:45,100.5400,29,2
2026-04-22,000858,13:55:48,100.5400,13,1
2026-04-22,000858,13:55:51,100.5300,4,2
2026-04-22,000858,13:55:54,100.5400,15,1
2026-04-22,000858,13:55:57,100.5400,1,2
2026-04-22,000858,13:56:00,100.5300,20,2
2026-04-22,000858,13:56:03,100.5400,15,2
2026-04-22,000858,13:56:06,100.5400,5,4
2026-04-22,000858,13:56:09,100.5300,22,2
2026-04-22,000858,13:56:12,100.5400,1,4
2026-04-22,000858,13:56:15,100.5500,2,1
2026-04-22,000858,13:56:18,100.5400,10,2
2026-04-22,000858,13:56:21,100.5500,1,1
2026-04-22,000858,13:56:24,100.5500,14,1
2026-04-22,000858,13:56:27,100.5500,5,2
2026-04-22,000858,13:56:30,100.5500,8,1
2026-04-22,000858,13:56:33,100.5500,14,4
2026-04-22,000858,13:56:36,100.5700,56,1
2026-04-22,000858,13:56:39,100.5700,0,1
2026-04-22,000858,13:56:42,100.5800,3,1
2026-04-22,000858,13:56:45,100.5700,2,2
2026-04-22,000858,13:56:48,100.5700,45,2
2026-04-22,000858,13:56:51,100.5700,9,2
2026-04-22,000858,13:56:54,100.5800,6,1
2026-04-22,000858,13:56:57,100.5800,10,1
2026-04-22,000858,13:57:00,100.5800,20,1
2026-04-22,000858,13:57:03,100.5800,1,2
2026-04-22,000858,13:57:09,100.5800,4,2
2026-04-22,000858,13:57:12,100.5800,12,2
2026-04-22,000858,13:57:18,100.5800,18,2
2026-04-22,000858,13:57:21,100.5700,54,2
2026-04-22,000858,13:57:24,100.5400,74,2
2026-04-22,000858,13:57:27,100.5700,3,1
2026-04-22,000858,13:57:30,100.5300,2,2
2026-04-22,000858,13:57:33,100.5300,24,2
2026-04-22,000858,13:57:36,100.5400,7,2
2026-04-22,000858,13:57:39,100.5400,26,2
2026-04-22,000858,13:57:42,100.5400,1,2
2026-04-22,000858,13:57:45,100.5400,1,2
2026-04-22,000858,13:57:48,100.5400,11,1
2026-04-22,000858,13:57:51,100.5400,56,2
2026-04-22,000858,13:57:54,100.5600,3,1
2026-04-22,000858,13:58:00,100.5400,14,2
2026-04-22,000858,13:58:03,100.5400,3,2
2026-04-22,000858,13:58:06,100.5500,6,4
2026-04-22,000858,13:58:09,100.5600,4,1
2026-04-22,000858,13:58:12,100.5600,1,1
2026-04-22,000858,13:58:15,100.5600,1,1
2026-04-22,000858,13:58:18,100.5500,33,2
2026-04-22,000858,13:58:21,100.5600,5,1
2026-04-22,000858,13:58:24,100.5500,11,2
2026-04-22,000858,13:58:27,100.5700,28,1
2026-04-22,000858,13:58:30,100.5500,3,2
2026-04-22,000858,13:58:33,100.5700,48,1
2026-04-22,000858,13:58:36,100.5500,7,2
2026-04-22,000858,13:58:39,100.5500,21,2
2026-04-22,000858,13:58:42,100.5500,11,2
2026-04-22,000858,13:58:45,100.5600,10,1
2026-04-22,000858,13:58:51,100.5500,7,2
2026-04-22,000858,13:58:54,100.5500,10,1
2026-04-22,000858,13:58:57,100.5500,5,1
2026-04-22,000858,13:59:00,100.5500,34,1
2026-04-22,000858,13:59:03,100.5500,4,1
2026-04-22,000858,13:59:06,100.5500,6,1
2026-04-22,000858,13:59:09,100.5500,11,1
2026-04-22,000858,13:59:15,100.5500,13,2
2026-04-22,000858,13:59:18,100.5500,1,2
2026-04-22,000858,13:59:21,100.5500,5,2
2026-04-22,000858,13:59:24,100.5500,16,2
2026-04-22,000858,13:59:27,100.5600,6,1
2026-04-22,000858,13:59:33,100.5500,19,2
2026-04-22,000858,13:59:36,100.5500,16,2
2026-04-22,000858,13:59:39,100.5500,33,2
2026-04-22,000858,13:59:42,100.5600,13,1
2026-04-22,000858,13:59:45,100.5600,9,1
2026-04-22,000858,13:59:48,100.5600,4,1
2026-04-22,000858,13:59:51,100.5600,32,1
2026-04-22,000858,13:59:54,100.5600,10,2
2026-04-22,000858,13:59:57,100.5700,12,1
2026-04-22,000858,14:00:00,100.5700,13,1
2026-04-22,000858,14:00:03,100.5700,6,1
2026-04-22,000858,14:00:06,100.5700,4,1
2026-04-22,000858,14:00:09,100.5700,21,1
2026-04-22,000858,14:00:12,100.5600,6,2
2026-04-22,000858,14:00:15,100.5700,2,1
2026-04-22,000858,14:00:18,100.5600,5,2
2026-04-22,000858,14:00:21,100.5700,2,1
2026-04-22,000858,14:00:24,100.5600,6,2
2026-04-22,000858,14:00:30,100.5600,20,2
2026-04-22,000858,14:00:33,100.5600,18,2
2026-04-22,000858,14:00:36,100.5600,4,2
2026-04-22,000858,14:00:39,100.5700,2,1
2026-04-22,000858,14:00:42,100.5600,4,2
2026-04-22,000858,14:00:45,100.5700,19,1
2026-04-22,000858,14:00:48,100.5700,8,1
2026-04-22,000858,14:00:51,100.5700,3,1
2026-04-22,000858,14:00:54,100.5600,2,2
2026-04-22,000858,14:00:57,100.5600,17,2
2026-04-22,000858,14:01:00,100.5600,2,2
2026-04-22,000858,14:01:03,100.5700,4,1
2026-04-22,000858,14:01:06,100.5700,3,1
2026-04-22,000858,14:01:12,100.5600,23,2
2026-04-22,000858,14:01:15,100.5700,83,1
2026-04-22,000858,14:01:18,100.5700,5,1
2026-04-22,000858,14:01:21,100.5700,18,1
2026-04-22,000858,14:01:24,100.5700,7,1
2026-04-22,000858,14:01:27,100.5700,3,1
2026-04-22,000858,14:01:30,100.5600,34,2
2026-04-22,000858,14:01:33,100.5600,3,2
2026-04-22,000858,14:01:36,100.5600,5,2
2026-04-22,000858,14:01:39,100.5700,5,1
2026-04-22,000858,14:01:42,100.5600,6,2
2026-04-22,000858,14:01:48,100.5600,22,2
2026-04-22,000858,14:01:51,100.5700,25,1
2026-04-22,000858,14:01:54,100.5600,1,2
2026-04-22,000858,14:01:57,100.5600,1,2
2026-04-22,000858,14:02:00,100.5700,1,1
2026-04-22,000858,14:02:03,100.5700,1,1
2026-04-22,000858,14:02:06,100.5600,7,2
2026-04-22,000858,14:02:09,100.5600,17,2
2026-04-22,000858,14:02:12,100.5600,42,2
2026-04-22,000858,14:02:15,100.5600,13,2
2026-04-22,000858,14:02:18,100.5500,34,2
2026-04-22,000858,14:02:21,100.5500,74,2
2026-04-22,000858,14:02:24,100.5600,11,1
2026-04-22,000858,14:02:27,100.5500,4,2
2026-04-22,000858,14:02:30,100.5500,13,2
2026-04-22,000858,14:02:33,100.5500,41,2
2026-04-22,000858,14:02:36,100.5500,53,2
2026-04-22,000858,14:02:39,100.5400,35,2
2026-04-22,000858,14:02:42,100.5400,15,2
2026-04-22,000858,14:02:45,100.5500,7,1
2026-04-22,000858,14:02:48,100.5400,13,2
2026-04-22,000858,14:02:51,100.5500,10,1
2026-04-22,000858,14:02:54,100.5500,4,1
2026-04-22,000858,14:02:57,100.5400,31,2
2026-04-22,000858,14:03:00,100.5400,5,2
2026-04-22,000858,14:03:03,100.5400,11,1
2026-04-22,000858,14:03:06,100.5400,15,1
2026-04-22,000858,14:03:09,100.5500,38,1
2026-04-22,000858,14:03:12,100.5400,15,2
2026-04-22,000858,14:03:15,100.5400,19,2
2026-04-22,000858,14:03:18,100.5400,18,1
2026-04-22,000858,14:03:21,100.5400,4,1
2026-04-22,000858,14:03:24,100.5400,4,1
2026-04-22,000858,14:03:27,100.5300,8,2
2026-04-22,000858,14:03:30,100.5300,127,2
2026-04-22,000858,14:03:33,100.5300,20,2
2026-04-22,000858,14:03:36,100.5400,2,1
2026-04-22,000858,14:03:39,100.5300,15,2
2026-04-22,000858,14:03:42,100.5400,2,1
2026-04-22,000858,14:03:45,100.5400,6,1
2026-04-22,000858,14:03:48,100.5400,9,1
2026-04-22,000858,14:03:51,100.5400,7,1
2026-04-22,000858,14:03:54,100.5300,95,2
2026-04-22,000858,14:03:57,100.5400,32,1
2026-04-22,000858,14:04:00,100.5400,5,1
2026-04-22,000858,14:04:03,100.5300,39,2
2026-04-22,000858,14:04:06,100.5400,6,1
2026-04-22,000858,14:04:09,100.5300,11,1
2026-04-22,000858,14:04:12,100.5200,137,2
2026-04-22,000858,14:04:15,100.5200,31,2
2026-04-22,000858,14:04:18,100.5400,6,1
2026-04-22,000858,14:04:21,100.5200,3,2
2026-04-22,000858,14:04:24,100.5500,29,1
2026-04-22,000858,14:04:27,100.5200,69,2
2026-04-22,000858,14:04:30,100.5300,12,1
2026-04-22,000858,14:04:33,100.5200,11,2
2026-04-22,000858,14:04:36,100.5500,30,1
2026-04-22,000858,14:04:39,100.5300,5,2
2026-04-22,000858,14:04:42,100.5200,19,2
2026-04-22,000858,14:04:45,100.5300,7,4
2026-04-22,000858,14:04:48,100.5300,1,1
2026-04-22,000858,14:04:51,100.5300,10,1
2026-04-22,000858,14:04:54,100.5200,58,2
2026-04-22,000858,14:04:57,100.5300,21,1
2026-04-22,000858,14:05:00,100.5300,26,1
2026-04-22,000858,14:05:03,100.5300,19,2
2026-04-22,000858,14:05:06,100.5300,4,2
2026-04-22,000858,14:05:09,100.5200,14,2
2026-04-22,000858,14:05:12,100.5400,10,1
2026-04-22,000858,14:05:15,100.5400,18,1
2026-04-22,000858,14:05:18,100.5300,54,4
2026-04-22,000858,14:05:21,100.5200,48,2
2026-04-22,000858,14:05:24,100.5100,30,2
2026-04-22,000858,14:05:27,100.5200,40,1
2026-04-22,000858,14:05:30,100.5200,18,1
2026-04-22,000858,14:05:33,100.5200,37,1
2026-04-22,000858,14:05:36,100.5100,7,2
2026-04-22,000858,14:05:39,100.5100,43,2
2026-04-22,000858,14:05:42,100.5200,326,4
2026-04-22,000858,14:05:45,100.5100,52,2
2026-04-22,000858,14:05:48,100.5100,109,2
2026-04-22,000858,14:05:51,100.5200,45,1
2026-04-22,000858,14:05:54,100.5200,31,2
2026-04-22,000858,14:05:57,100.5300,16,1
2026-04-22,000858,14:06:00,100.5200,18,2
2026-04-22,000858,14:06:03,100.5300,29,1
2026-04-22,000858,14:06:06,100.5300,106,1
2026-04-22,000858,14:06:09,100.5100,3,2
2026-04-22,000858,14:06:12,100.5100,44,2
2026-04-22,000858,14:06:15,100.5200,11,1
2026-04-22,000858,14:06:18,100.5100,24,2
2026-04-22,000858,14:06:21,100.5200,36,1
2026-04-22,000858,10:52:30,100.6600,24,1
2026-04-22,000858,10:52:33,100.6600,76,1
2026-04-22,000858,10:52:36,100.6700,180,1
2026-04-22,000858,10:52:39,100.6500,34,2
2026-04-22,000858,10:52:42,100.6600,19,2
2026-04-22,000858,10:52:45,100.6600,9,2
2026-04-22,000858,10:52:48,100.6700,15,1
2026-04-22,000858,10:52:51,100.6700,5,1
2026-04-22,000858,10:52:54,100.6600,51,2
2026-04-22,000858,10:52:57,100.6700,24,1
2026-04-22,000858,10:53:00,100.6700,2,1
2026-04-22,000858,10:53:03,100.6700,17,1
2026-04-22,000858,10:53:09,100.6600,24,2
2026-04-22,000858,10:53:12,100.6700,4,1
2026-04-22,000858,10:53:15,100.6700,3,1
2026-04-22,000858,10:53:18,100.6700,9,1
2026-04-22,000858,10:53:21,100.6700,8,1
2026-04-22,000858,10:53:24,100.6600,10,2
2026-04-22,000858,10:53:27,100.6700,6,1
2026-04-22,000858,10:53:30,100.6700,13,1
2026-04-22,000858,10:53:33,100.6700,53,1
2026-04-22,000858,10:53:36,100.6700,1,1
2026-04-22,000858,10:53:39,100.6700,6,1
2026-04-22,000858,10:53:42,100.6600,6,2
2026-04-22,000858,10:53:45,100.6700,19,1
2026-04-22,000858,10:53:48,100.6700,4,1
2026-04-22,000858,10:53:51,100.6700,9,1
2026-04-22,000858,10:53:54,100.6700,8,1
2026-04-22,000858,10:53:57,100.6700,6,1
2026-04-22,000858,10:54:00,100.6700,27,1
2026-04-22,000858,10:54:03,100.6700,25,1
2026-04-22,000858,10:54:06,100.6700,26,1
2026-04-22,000858,10:54:09,100.6700,88,1
2026-04-22,000858,10:54:12,100.6700,3,2
2026-04-22,000858,10:54:15,100.6800,3,1
2026-04-22,000858,10:54:18,100.6800,3,1
2026-04-22,000858,10:54:21,100.6800,3,1
2026-04-22,000858,10:54:24,100.6700,7,2
2026-04-22,000858,10:54:27,100.6800,2,1
2026-04-22,000858,10:54:30,100.6800,1,1
2026-04-22,000858,10:54:33,100.6800,8,1
2026-04-22,000858,10:54:36,100.6800,14,1
2026-04-22,000858,10:54:39,100.6800,10,1
2026-04-22,000858,10:54:42,100.6800,2,1
2026-04-22,000858,10:54:45,100.6800,8,1
2026-04-22,000858,10:54:48,100.6800,9,1
2026-04-22,000858,10:54:51,100.6800,50,1
2026-04-22,000858,10:54:54,100.6800,25,1
2026-04-22,000858,10:54:57,100.6800,8,1
2026-04-22,000858,10:55:00,100.6700,9,2
2026-04-22,000858,10:55:03,100.6700,11,2
2026-04-22,000858,10:55:06,100.6800,10,1
2026-04-22,000858,10:55:09,100.6800,5,1
2026-04-22,000858,10:55:12,100.6800,66,1
2026-04-22,000858,10:55:15,100.6700,40,4
2026-04-22,000858,10:55:18,100.6700,131,1
2026-04-22,000858,10:55:21,100.6600,22,2
2026-04-22,000858,10:55:24,100.6600,20,1
2026-04-22,000858,10:55:27,100.6700,16,1
2026-04-22,000858,10:55:30,100.6600,35,4
2026-04-22,000858,10:55:33,100.6500,11,2
2026-04-22,000858,10:55:36,100.6600,3,4
2026-04-22,000858,10:55:39,100.6700,10,1
2026-04-22,000858,10:55:45,100.6600,4,2
2026-04-22,000858,10:55:48,100.6700,5,1
2026-04-22,000858,10:55:54,100.6700,21,1
2026-04-22,000858,10:56:00,100.6700,2,1
2026-04-22,000858,10:56:03,100.6600,1,2
2026-04-22,000858,10:56:06,100.6600,14,2
2026-04-22,000858,10:56:09,100.6700,22,1
2026-04-22,000858,10:56:12,100.6600,4,2
2026-04-22,000858,10:56:15,100.6700,36,1
2026-04-22,000858,10:56:18,100.6600,7,2
2026-04-22,000858,10:56:21,100.6700,11,1
2026-04-22,000858,10:56:24,100.6700,16,1
2026-04-22,000858,10:56:27,100.6700,4,1
2026-04-22,000858,10:56:30,100.6600,17,2
2026-04-22,000858,10:56:33,100.6700,6,1
2026-04-22,000858,10:56:36,100.6700,8,1
2026-04-22,000858,10:56:39,100.6700,1,1
2026-04-22,000858,10:56:42,100.6700,3,1
2026-04-22,000858,10:56:45,100.6600,13,2
2026-04-22,000858,10:56:48,100.6700,1,1
2026-04-22,000858,10:56:51,100.6600,9,2
2026-04-22,000858,10:56:54,100.6700,12,1
2026-04-22,000858,10:56:57,100.6700,15,1
2026-04-22,000858,10:57:00,100.6600,31,2
2026-04-22,000858,10:57:03,100.6700,4,1
2026-04-22,000858,10:57:06,100.6700,14,1
2026-04-22,000858,10:57:09,100.6700,8,1
2026-04-22,000858,10:57:12,100.6700,7,1
2026-04-22,000858,10:57:15,100.6600,5,2
2026-04-22,000858,10:57:18,100.6700,4,1
2026-04-22,000858,10:57:21,100.6600,1,2
2026-04-22,000858,10:57:24,100.6700,8,1
2026-04-22,000858,10:57:27,100.6700,2,1
2026-04-22,000858,10:57:30,100.6700,6,1
2026-04-22,000858,10:57:33,100.6600,2,2
2026-04-22,000858,10:57:36,100.6700,11,1
2026-04-22,000858,10:57:39,100.6700,15,1
2026-04-22,000858,10:57:42,100.6700,6,1
2026-04-22,000858,10:57:45,100.6600,15,2
2026-04-22,000858,10:57:48,100.6700,1,1
2026-04-22,000858,10:57:51,100.6600,14,2
2026-04-22,000858,10:57:54,100.6700,1,1
2026-04-22,000858,10:57:57,100.6700,14,1
2026-04-22,000858,10:58:00,100.6600,11,2
2026-04-22,000858,10:58:03,100.6700,12,1
2026-04-22,000858,10:58:06,100.6600,3,2
2026-04-22,000858,10:58:09,100.6700,4,1
2026-04-22,000858,10:58:12,100.6600,14,2
2026-04-22,000858,10:58:15,100.6600,21,2
2026-04-22,000858,10:58:18,100.6600,27,2
2026-04-22,000858,10:58:21,100.6600,2,2
2026-04-22,000858,10:58:24,100.6700,1,1
2026-04-22,000858,10:58:30,100.6600,27,2
2026-04-22,000858,10:58:33,100.6700,12,1
2026-04-22,000858,10:58:36,100.6600,18,2
2026-04-22,000858,10:58:39,100.6700,91,1
2026-04-22,000858,10:58:42,100.6700,20,1
2026-04-22,000858,10:58:45,100.6600,3,2
2026-04-22,000858,10:58:48,100.6700,8,1
2026-04-22,000858,10:58:51,100.6600,23,2
2026-04-22,000858,10:58:54,100.6700,17,1
2026-04-22,000858,10:58:57,100.6600,8,2
2026-04-22,000858,10:59:00,100.6600,13,2
2026-04-22,000858,10:59:03,100.6600,26,2
2026-04-22,000858,10:59:09,100.6600,15,2
2026-04-22,000858,10:59:12,100.6600,5,1
2026-04-22,000858,10:59:15,100.6600,11,1
2026-04-22,000858,10:59:18,100.6600,8,1
2026-04-22,000858,10:59:21,100.6600,5,1
2026-04-22,000858,10:59:24,100.6600,8,1
2026-04-22,000858,10:59:27,100.6600,7,1
2026-04-22,000858,10:59:30,100.6600,7,1
2026-04-22,000858,10:59:33,100.6600,13,1
2026-04-22,000858,10:59:36,100.6600,1,1
2026-04-22,000858,10:59:39,100.6600,1,1
2026-04-22,000858,10:59:42,100.6600,3,1
2026-04-22,000858,10:59:45,100.6600,37,1
2026-04-22,000858,10:59:48,100.6600,17,1
2026-04-22,000858,10:59:51,100.6500,4,2
2026-04-22,000858,10:59:54,100.6600,4,1
2026-04-22,000858,10:59:57,100.6500,4,2
2026-04-22,000858,11:00:00,100.6500,31,2
2026-04-22,000858,11:00:03,100.6600,11,1
2026-04-22,000858,11:00:06,100.6600,12,1
2026-04-22,000858,11:00:09,100.6600,4,1
2026-04-22,000858,11:00:12,100.6500,18,2
2026-04-22,000858,11:00:15,100.6500,14,2
2026-04-22,000858,11:00:18,100.6500,4,2
2026-04-22,000858,11:00:21,100.6500,9,2
2026-04-22,000858,11:00:24,100.6600,3,1
2026-04-22,000858,11:00:27,100.6600,4,1
2026-04-22,000858,11:00:30,100.6500,16,2
2026-04-22,000858,11:00:33,100.6600,8,1
2026-04-22,000858,11:00:36,100.6500,4,2
2026-04-22,000858,11:00:39,100.6500,9,2
2026-04-22,000858,11:00:42,100.6600,3,1
2026-04-22,000858,11:00:45,100.6500,5,2
2026-04-22,000858,11:00:48,100.6600,4,1
2026-04-22,000858,11:00:51,100.6600,15,1
2026-04-22,000858,11:00:54,100.6600,13,1
2026-04-22,000858,11:00:57,100.6500,48,2
2026-04-22,000858,11:01:00,100.6600,2,1
2026-04-22,000858,11:01:03,100.6500,3,2
2026-04-22,000858,11:01:06,100.6500,9,2
2026-04-22,000858,11:01:09,100.6500,17,2
2026-04-22,000858,11:01:12,100.6600,10,1
2026-04-22,000858,11:01:15,100.6600,3,1
2026-04-22,000858,11:01:18,100.6600,15,1
2026-04-22,000858,11:01:21,100.6600,20,1
2026-04-22,000858,11:01:24,100.6600,7,1
2026-04-22,000858,11:01:27,100.6600,3,1
2026-04-22,000858,11:01:33,100.6600,21,1
2026-04-22,000858,11:01:36,100.6600,15,1
2026-04-22,000858,11:01:42,100.6600,4,1
2026-04-22,000858,11:01:45,100.6500,66,2
2026-04-22,000858,11:01:48,100.6600,2,1
2026-04-22,000858,11:01:51,100.6600,20,1
2026-04-22,000858,11:01:54,100.6500,16,2
2026-04-22,000858,11:01:57,100.6500,19,2
2026-04-22,000858,11:02:00,100.6600,4,1
2026-04-22,000858,11:02:03,100.6500,3,2
2026-04-22,000858,11:02:06,100.6600,8,1
2026-04-22,000858,11:02:09,100.6500,3,2
2026-04-22,000858,11:02:12,100.6600,31,1
2026-04-22,000858,11:02:15,100.6600,17,1
2026-04-22,000858,11:02:18,100.6500,4,2
2026-04-22,000858,11:02:21,100.6600,33,1
2026-04-22,000858,11:02:24,100.6600,4,1
2026-04-22,000858,11:02:27,100.6600,50,1
2026-04-22,000858,11:02:30,100.6600,21,1
2026-04-22,000858,11:02:33,100.6600,6,1
2026-04-22,000858,11:02:36,100.6600,14,1
2026-04-22,000858,11:02:39,100.6600,9,1
2026-04-22,000858,11:02:42,100.6600,3,1
2026-04-22,000858,11:02:45,100.6600,3,1
2026-04-22,000858,11:02:48,100.6600,2,1
2026-04-22,000858,11:02:51,100.6600,1,1
2026-04-22,000858,11:02:54,100.6600,12,1
2026-04-22,000858,11:02:57,100.6600,16,1
2026-04-22,000858,11:03:00,100.6600,12,1
2026-04-22,000858,11:03:03,100.6600,5,1
2026-04-22,000858,11:03:06,100.6600,33,1
2026-04-22,000858,11:03:09,100.6600,36,1
2026-04-22,000858,11:03:12,100.6600,3,1
2026-04-22,000858,11:03:15,100.6600,6,1
2026-04-22,000858,11:03:18,100.6500,6,2
2026-04-22,000858,11:03:21,100.6600,5,1
2026-04-22,000858,11:03:24,100.6600,10,2
2026-04-22,000858,11:03:27,100.6600,15,2
2026-04-22,000858,11:03:30,100.6600,5,1
2026-04-22,000858,11:03:36,100.6600,24,1
2026-04-22,000858,11:03:42,100.6600,55,4
2026-04-22,000858,11:03:45,100.6600,28,2
2026-04-22,000858,11:03:48,100.6600,15,1
2026-04-22,000858,11:03:51,100.6600,3,1
2026-04-22,000858,11:03:54,100.6600,14,4
2026-04-22,000858,11:03:57,100.6600,5,1
2026-04-22,000858,11:04:00,100.6500,10,2
2026-04-22,000858,11:04:06,100.6600,1,1
2026-04-22,000858,11:04:09,100.6600,40,1
2026-04-22,000858,11:04:12,100.6600,2,1
2026-04-22,000858,11:04:15,100.6600,22,1
2026-04-22,000858,11:04:18,100.6700,10,1
2026-04-22,000858,11:04:21,100.6600,61,2
2026-04-22,000858,11:04:24,100.6600,35,2
2026-04-22,000858,11:04:27,100.6500,2,2
2026-04-22,000858,11:04:36,100.6700,59,1
2026-04-22,000858,11:04:39,100.6700,5,1
2026-04-22,000858,11:04:42,100.6600,4,2
2026-04-22,000858,11:04:45,100.6600,25,2
2026-04-22,000858,11:04:48,100.6700,5,1
2026-04-22,000858,11:04:54,100.6600,6,2
2026-04-22,000858,11:04:57,100.6700,1,1
2026-04-22,000858,11:05:00,100.6600,21,2
2026-04-22,000858,11:05:03,100.6800,31,1
2026-04-22,000858,11:05:09,100.6800,5,1
2026-04-22,000858,11:05:12,100.6800,1,1
2026-04-22,000858,11:05:15,100.6800,2,1
2026-04-22,000858,11:05:18,100.6800,2,1
2026-04-22,000858,11:05:21,100.6800,1,1
2026-04-22,000858,11:05:24,100.6800,5,1
2026-04-22,000858,11:05:27,100.6700,37,2
2026-04-22,000858,11:05:30,100.6800,3,1
2026-04-22,000858,11:05:36,100.6800,16,1
2026-04-22,000858,11:05:39,100.6800,24,1
2026-04-22,000858,11:05:42,100.6800,2,1
2026-04-22,000858,11:05:45,100.6700,6,2
2026-04-22,000858,11:05:48,100.6700,7,2
2026-04-22,000858,11:05:51,100.6800,9,1
2026-04-22,000858,11:05:54,100.6800,11,1
2026-04-22,000858,11:05:57,100.6800,1,1
2026-04-22,000858,11:06:03,100.6800,2,1
2026-04-22,000858,11:06:06,100.6800,1,1
2026-04-22,000858,11:06:09,100.6800,2,1
2026-04-22,000858,11:06:12,100.6800,11,1
2026-04-22,000858,11:06:15,100.6700,19,2
2026-04-22,000858,11:06:18,100.6800,11,1
2026-04-22,000858,11:06:21,100.6800,7,1
2026-04-22,000858,11:06:24,100.6800,5,1
2026-04-22,000858,11:06:27,100.6800,5,1
2026-04-22,000858,11:06:30,100.6800,3,1
2026-04-22,000858,11:06:33,100.6800,5,1
2026-04-22,000858,11:06:36,100.6800,4,1
2026-04-22,000858,11:06:39,100.6700,99,2
2026-04-22,000858,11:06:42,100.6700,2,1
2026-04-22,000858,11:06:45,100.6700,6,1
2026-04-22,000858,11:06:48,100.6700,17,1
2026-04-22,000858,11:06:51,100.6700,16,2
2026-04-22,000858,11:06:57,100.6700,15,2
2026-04-22,000858,11:07:00,100.6700,13,2
2026-04-22,000858,11:07:03,100.6800,39,1
2026-04-22,000858,11:07:06,100.6800,4,1
2026-04-22,000858,11:07:09,100.6800,3,1
2026-04-22,000858,11:07:12,100.6700,6,2
2026-04-22,000858,11:07:15,100.6800,5,1
2026-04-22,000858,11:07:18,100.6700,7,2
2026-04-22,000858,11:07:21,100.6700,19,2
2026-04-22,000858,11:07:24,100.6700,11,2
2026-04-22,000858,11:07:27,100.6700,4,2
2026-04-22,000858,11:07:30,100.6500,359,2
2026-04-22,000858,11:07:33,100.6500,33,2
2026-04-22,000858,11:07:36,100.6500,6,1
2026-04-22,000858,11:07:39,100.6400,12,2
2026-04-22,000858,11:07:42,100.6500,4,1
2026-04-22,000858,11:07:45,100.6400,7,2
2026-04-22,000858,11:07:48,100.6400,27,2
2026-04-22,000858,11:07:51,100.6400,25,2
2026-04-22,000858,11:07:54,100.6500,3,1
2026-04-22,000858,11:07:57,100.6500,2,1
2026-04-22,000858,11:08:00,100.6400,5,2
2026-04-22,000858,11:08:03,100.6400,1,2
2026-04-22,000858,11:08:06,100.6500,11,1
2026-04-22,000858,11:08:09,100.6400,5,2
2026-04-22,000858,11:08:12,100.6500,12,1
2026-04-22,000858,11:08:15,100.6400,31,2
2026-04-22,000858,11:08:18,100.6500,1,1
2026-04-22,000858,11:08:21,100.6500,2,1
2026-04-22,000858,11:08:24,100.6400,191,2
2026-04-22,000858,11:08:27,100.6400,7,4
2026-04-22,000858,11:08:30,100.6400,11,4
2026-04-22,000858,11:08:33,100.6400,5,1
2026-04-22,000858,11:08:36,100.6300,2,2
2026-04-22,000858,11:08:39,100.6400,11,1
2026-04-22,000858,11:08:42,100.6400,2,1
2026-04-22,000858,11:08:45,100.6300,40,2
2026-04-22,000858,11:08:48,100.6400,1,1
2026-04-22,000858,11:08:51,100.6400,8,1
2026-04-22,000858,11:08:54,100.6300,4,2
2026-04-22,000858,11:08:57,100.6400,20,1
2026-04-22,000858,11:09:00,100.6300,64,2
2026-04-22,000858,11:09:03,100.6400,7,1
2026-04-22,000858,11:09:06,100.6300,33,2
2026-04-22,000858,11:09:09,100.6400,4,1
2026-04-22,000858,11:09:12,100.6400,5,1
2026-04-22,000858,11:09:15,100.6300,4,2
2026-04-22,000858,11:09:18,100.6400,12,1
2026-04-22,000858,11:09:24,100.6400,1,4
2026-04-22,000858,11:09:27,100.6400,7,2
2026-04-22,000858,11:09:30,100.6400,10,2
2026-04-22,000858,11:09:33,100.6300,22,2
2026-04-22,000858,11:09:36,100.6400,13,1
2026-04-22,000858,11:09:39,100.6400,18,1
2026-04-22,000858,11:09:42,100.6300,53,2
2026-04-22,000858,11:09:45,100.6300,8,2
2026-04-22,000858,11:09:48,100.6400,4,1
2026-04-22,000858,11:09:51,100.6300,4,2
2026-04-22,000858,11:09:54,100.6400,1,1
2026-04-22,000858,11:09:57,100.6300,21,2
2026-04-22,000858,11:10:00,100.6400,7,1
2026-04-22,000858,11:10:03,100.6400,2,1
2026-04-22,000858,11:10:06,100.6400,12,1
2026-04-22,000858,11:10:09,100.6300,6,2
2026-04-22,000858,11:10:12,100.6300,11,2
2026-04-22,000858,11:10:15,100.6400,6,1
2026-04-22,000858,11:10:18,100.6400,15,1
2026-04-22,000858,11:10:21,100.6500,3,1
2026-04-22,000858,11:10:24,100.6500,7,1
2026-04-22,000858,11:10:27,100.6400,16,2
2026-04-22,000858,11:10:30,100.6500,5,1
2026-04-22,000858,11:10:33,100.6400,4,2
2026-04-22,000858,11:10:36,100.6400,6,2
2026-04-22,000858,11:10:39,100.6400,3,1
2026-04-22,000858,11:10:42,100.6500,15,1
2026-04-22,000858,11:10:45,100.6400,1,2
2026-04-22,000858,11:10:48,100.6400,19,2
2026-04-22,000858,11:10:51,100.6400,7,2
2026-04-22,000858,11:10:54,100.6400,3,1
2026-04-22,000858,11:10:57,100.6400,2,1
2026-04-22,000858,11:11:00,100.6400,11,1
2026-04-22,000858,11:11:03,100.6400,3,1
2026-04-22,000858,11:11:06,100.6400,19,1
2026-04-22,000858,11:11:09,100.6400,2,1
2026-04-22,000858,11:11:12,100.6300,20,2
2026-04-22,000858,11:11:15,100.6300,46,2
2026-04-22,000858,11:11:18,100.6300,4,2
2026-04-22,000858,11:11:21,100.6400,2,1
2026-04-22,000858,11:11:24,100.6400,32,1
2026-04-22,000858,11:11:27,100.6400,5,1
2026-04-22,000858,11:11:30,100.6300,1,2
2026-04-22,000858,11:11:33,100.6400,12,1
2026-04-22,000858,11:11:36,100.6400,4,1
2026-04-22,000858,11:11:39,100.6400,1,1
2026-04-22,000858,11:11:42,100.6400,2,1
2026-04-22,000858,11:11:45,100.6400,12,1
2026-04-22,000858,11:11:48,100.6400,6,1
2026-04-22,000858,11:11:51,100.6400,19,2
2026-04-22,000858,11:11:54,100.6500,43,1
2026-04-22,000858,11:11:57,100.6400,6,4
2026-04-22,000858,11:12:00,100.6400,37,2
2026-04-22,000858,11:12:03,100.6400,18,2
2026-04-22,000858,11:12:06,100.6500,55,1
2026-04-22,000858,11:12:09,100.6400,8,4
2026-04-22,000858,11:12:12,100.6300,14,2
2026-04-22,000858,11:12:15,100.6300,7,2
2026-04-22,000858,11:12:18,100.6400,5,1
2026-04-22,000858,11:12:21,100.6400,3,1
2026-04-22,000858,11:12:27,100.6300,2,2
2026-04-22,000858,11:12:30,100.6400,1,1
2026-04-22,000858,11:12:33,100.6400,3,1
2026-04-22,000858,11:12:36,100.6400,50,1
2026-04-22,000858,11:12:39,100.6400,6,1
2026-04-22,000858,11:12:42,100.6400,32,1
2026-04-22,000858,11:12:45,100.6400,5,1
2026-04-22,000858,11:12:48,100.6400,1,1
2026-04-22,000858,11:12:51,100.6300,12,2
2026-04-22,000858,11:12:54,100.6400,1,1
2026-04-22,000858,11:12:57,100.6400,20,1
2026-04-22,000858,11:13:00,100.6400,3,2
2026-04-22,000858,11:13:06,100.6400,19,2
2026-04-22,000858,11:13:09,100.6400,5,2
2026-04-22,000858,11:13:12,100.6500,42,1
2026-04-22,000858,11:13:15,100.6400,27,2
2026-04-22,000858,11:13:18,100.6400,3,1
2026-04-22,000858,11:13:21,100.6400,6,1
2026-04-22,000858,11:13:24,100.6300,34,2
2026-04-22,000858,11:13:27,100.6400,1,1
2026-04-22,000858,11:13:30,100.6400,2,1
2026-04-22,000858,11:13:33,100.6400,5,1
2026-04-22,000858,11:13:36,100.6400,4,1
2026-04-22,000858,11:13:39,100.6300,11,2
2026-04-22,000858,11:13:42,100.6400,2,1
2026-04-22,000858,11:13:45,100.6400,2,1
2026-04-22,000858,11:13:48,100.6400,5,1
2026-04-22,000858,11:13:51,100.6400,8,1
2026-04-22,000858,11:13:54,100.6400,43,1
2026-04-22,000858,11:13:57,100.6400,3,1
2026-04-22,000858,11:14:00,100.6400,31,1
2026-04-22,000858,11:14:03,100.6400,1,1
2026-04-22,000858,11:14:06,100.6300,3,2
2026-04-22,000858,11:14:09,100.6300,8,2
2026-04-22,000858,11:14:12,100.6300,20,2
2026-04-22,000858,11:14:15,100.6300,18,2
2026-04-22,000858,11:14:18,100.6400,1,1
2026-04-22,000858,11:14:21,100.6400,10,1
2026-04-22,000858,11:14:24,100.6300,6,2
2026-04-22,000858,11:14:27,100.6400,28,1
2026-04-22,000858,11:14:30,100.6400,42,1
2026-04-22,000858,11:14:33,100.6400,3,1
2026-04-22,000858,11:14:36,100.6400,4,1
2026-04-22,000858,11:14:39,100.6400,13,1
2026-04-22,000858,11:14:42,100.6300,8,2
2026-04-22,000858,11:14:45,100.6300,25,2
2026-04-22,000858,11:14:48,100.6400,1,1
2026-04-22,000858,11:14:51,100.6300,3,2
2026-04-22,000858,11:14:54,100.6300,8,2
2026-04-22,000858,11:14:57,100.6400,8,1
2026-04-22,000858,11:15:00,100.6400,3,1
2026-04-22,000858,11:15:03,100.6400,5,1
2026-04-22,000858,11:15:09,100.6300,16,2
2026-04-22,000858,11:15:12,100.6400,19,1
2026-04-22,000858,11:15:18,100.6300,59,2
2026-04-22,000858,11:15:24,100.6400,148,1
2026-04-22,000858,11:15:27,100.6300,31,2
2026-04-22,000858,11:15:30,100.6200,7,2
2026-04-22,000858,11:15:33,100.6300,51,1
2026-04-22,000858,11:15:36,100.6300,15,1
2026-04-22,000858,11:15:39,100.6400,5,1
2026-04-22,000858,11:15:42,100.6300,4,2
2026-04-22,000858,11:15:45,100.6300,3,1
2026-04-22,000858,11:15:48,100.6400,7,1
2026-04-22,000858,11:15:51,100.6300,3,2
2026-04-22,000858,11:15:54,100.6400,4,1
2026-04-22,000858,11:15:57,100.6300,11,2
2026-04-22,000858,11:16:00,100.6300,1,1
2026-04-22,000858,11:16:03,100.6300,1,1
2026-04-22,000858,11:16:06,100.6300,11,1
2026-04-22,000858,11:16:09,100.6300,13,1
2026-04-22,000858,11:16:12,100.6300,5,1
2026-04-22,000858,11:16:15,100.6200,21,2
2026-04-22,000858,11:16:18,100.6300,4,1
2026-04-22,000858,11:16:21,100.6300,95,1
2026-04-22,000858,11:16:24,100.6300,2,1
2026-04-22,000858,11:16:27,100.6300,1,1
2026-04-22,000858,11:16:30,100.6200,13,2
2026-04-22,000858,11:16:33,100.6200,4,2
2026-04-22,000858,11:16:36,100.6300,2,1
2026-04-22,000858,11:16:39,100.6200,4,2
