date,code,time,price,volume,bs
2026-05-21,601012,14:07:08,15.1000,149,1
2026-05-21,601012,14:07:11,15.0900,61,2
2026-05-21,601012,14:07:14,15.0800,103,2
2026-05-21,601012,14:07:17,15.0800,4230,2
2026-05-21,601012,14:07:20,15.0900,180,1
2026-05-21,601012,14:07:23,15.0900,19,1
2026-05-21,601012,14:07:26,15.0900,108,1
2026-05-21,601012,14:07:29,15.0900,384,1
2026-05-21,601012,14:07:32,15.0900,115,1
2026-05-21,601012,14:07:35,15.0800,110,2
2026-05-21,601012,14:07:38,15.0800,106,2
2026-05-21,601012,14:07:41,15.0900,101,1
2026-05-21,601012,14:07:44,15.0800,120,2
2026-05-21,601012,14:07:47,15.0800,45,2
2026-05-21,601012,14:07:50,15.0800,387,2
2026-05-21,601012,14:07:53,15.0800,125,1
2026-05-21,601012,14:07:56,15.0700,93,2
2026-05-21,601012,14:07:59,15.0800,266,1
2026-05-21,601012,14:08:02,15.0700,136,2
2026-05-21,601012,14:08:05,15.0800,292,1
2026-05-21,601012,14:08:08,15.0800,476,1
2026-05-21,601012,14:08:11,15.0800,163,2
2026-05-21,601012,14:08:14,15.0800,198,1
2026-05-21,601012,14:08:17,15.0800,91,1
2026-05-21,601012,14:08:20,15.0800,94,2
2026-05-21,601012,14:08:23,15.0800,38,2
2026-05-21,601012,14:08:26,15.0800,296,2
2026-05-21,601012,14:08:29,15.0800,76,1
2026-05-21,601012,14:08:32,15.0800,269,2
2026-05-21,601012,14:08:35,15.0800,668,2
2026-05-21,601012,14:08:38,15.0900,57,1
2026-05-21,601012,14:08:41,15.0900,74,1
2026-05-21,601012,14:08:44,15.0900,53,1
2026-05-21,601012,14:08:47,15.0900,271,1
2026-05-21,601012,14:08:50,15.0900,49,1
2026-05-21,601012,14:08:53,15.0900,37,1
2026-05-21,601012,14:08:56,15.0800,89,2
2026-05-21,601012,14:08:59,15.0900,94,1
2026-05-21,601012,14:09:02,15.0900,34,1
2026-05-21,601012,14:09:05,15.0800,72,2
2026-05-21,601012,14:09:08,15.0800,37,2
2026-05-21,601012,14:09:11,15.0800,282,2
2026-05-21,601012,14:09:14,15.0800,159,2
2026-05-21,601012,14:09:17,15.0900,70,1
2026-05-21,601012,14:09:20,15.0900,73,1
2026-05-21,601012,14:09:23,15.0800,42,2
2026-05-21,601012,14:09:26,15.0900,90,1
2026-05-21,601012,14:09:29,15.0900,109,1
2026-05-21,601012,14:09:32,15.0900,105,1
2026-05-21,601012,14:09:35,15.0800,712,2
2026-05-21,601012,14:09:38,15.0800,84,1
2026-05-21,601012,14:09:41,15.0800,166,2
2026-05-21,601012,14:09:44,15.0800,78,1
2026-05-21,601012,14:09:47,15.0800,54,1
2026-05-21,601012,14:09:50,15.0800,142,1
2026-05-21,601012,14:09:53,15.0800,217,1
2026-05-21,601012,14:09:56,15.0700,1026,2
2026-05-21,601012,14:09:59,15.0700,64,2
2026-05-21,601012,14:10:02,15.0700,318,2
2026-05-21,601012,14:10:05,15.0700,398,2
2026-05-21,601012,14:10:08,15.0700,109,1
2026-05-21,601012,14:10:11,15.0600,77,2
2026-05-21,601012,14:10:14,15.0600,229,2
2026-05-21,601012,14:10:17,15.0700,66,1
2026-05-21,601012,14:10:20,15.0700,38,1
2026-05-21,601012,14:10:23,15.0600,143,2
2026-05-21,601012,14:10:26,15.0700,531,1
2026-05-21,601012,14:10:29,15.0600,427,2
2026-05-21,601012,14:10:32,15.0700,198,1
2026-05-21,601012,14:10:35,15.0700,100,1
2026-05-21,601012,14:10:38,15.0600,672,2
2026-05-21,601012,14:10:41,15.0600,1301,2
2026-05-21,601012,14:10:44,15.0600,228,2
2026-05-21,601012,14:10:47,15.0700,466,1
2026-05-21,601012,14:10:50,15.0600,736,2
2026-05-21,601012,14:10:53,15.0700,58,1
2026-05-21,601012,14:10:56,15.0600,175,2
2026-05-21,601012,14:10:59,15.0600,182,2
2026-05-21,601012,14:11:02,15.0600,249,2
2026-05-21,601012,14:11:05,15.0600,120,2
2026-05-21,601012,14:11:08,15.0700,47,1
2026-05-21,601012,14:11:11,15.0600,337,2
2026-05-21,601012,14:11:14,15.0600,374,2
2026-05-21,601012,14:11:17,15.0600,148,2
2026-05-21,601012,14:11:20,15.0600,307,2
2026-05-21,601012,14:11:23,15.0600,212,2
2026-05-21,601012,14:11:26,15.0700,482,1
2026-05-21,601012,14:11:29,15.0600,221,2
2026-05-21,601012,14:11:32,15.0600,231,2
2026-05-21,601012,14:11:35,15.0700,571,1
2026-05-21,601012,14:11:38,15.0800,993,1
2026-05-21,601012,14:11:41,15.0700,571,2
2026-05-21,601012,14:11:44,15.0700,223,1
2026-05-21,601012,14:11:47,15.0700,180,1
2026-05-21,601012,14:11:50,15.0700,110,1
2026-05-21,601012,14:11:53,15.0700,21,4
2026-05-21,601012,14:11:56,15.0600,134,2
2026-05-21,601012,14:11:59,15.0600,89,2
2026-05-21,601012,14:12:02,15.0600,51,2
2026-05-21,601012,14:12:05,15.0700,1218,1
2026-05-21,601012,14:12:08,15.0700,81,1
2026-05-21,601012,14:12:11,15.0600,386,2
2026-05-21,601012,14:12:14,15.0700,282,1
2026-05-21,601012,14:12:17,15.0700,395,1
2026-05-21,601012,14:12:20,15.0600,28,2
2026-05-21,601012,14:12:23,15.0700,32,1
2026-05-21,601012,14:12:26,15.0600,1123,2
2026-05-21,601012,14:12:29,15.0600,78,1
2026-05-21,601012,14:12:32,15.0600,81,1
2026-05-21,601012,14:12:35,15.0600,61,1
2026-05-21,601012,14:12:38,15.0600,178,1
2026-05-21,601012,14:12:41,15.0500,48,2
2026-05-21,601012,14:12:44,15.0600,723,1
2026-05-21,601012,14:12:47,15.0600,83,1
2026-05-21,601012,14:12:50,15.0500,319,2
2026-05-21,601012,14:12:53,15.0600,30,1
2026-05-21,601012,14:12:56,15.0500,199,2
2026-05-21,601012,14:12:59,15.0500,114,2
2026-05-21,601012,14:13:02,15.0600,310,1
2026-05-21,601012,14:13:05,15.0500,125,2
2026-05-21,601012,14:13:08,15.0500,2102,2
2026-05-21,601012,14:13:11,15.0600,5388,1
2026-05-21,601012,14:13:14,15.0500,445,2
2026-05-21,601012,14:13:17,15.0500,75,1
2026-05-21,601012,14:13:20,15.0500,139,1
2026-05-21,601012,14:13:23,15.0400,164,2
2026-05-21,601012,14:13:26,15.0500,202,1
2026-05-21,601012,14:13:29,15.0500,203,1
2026-05-21,601012,14:13:32,15.0500,169,1
2026-05-21,601012,14:13:35,15.0400,205,2
2026-05-21,601012,14:13:38,15.0500,200,1
2026-05-21,601012,14:13:41,15.0500,431,1
2026-05-21,601012,14:13:44,15.0400,618,2
2026-05-21,601012,14:13:47,15.0400,458,1
2026-05-21,601012,14:13:50,15.0400,347,1
2026-05-21,601012,14:13:53,15.0400,688,1
2026-05-21,601012,14:13:56,15.0400,211,2
2026-05-21,601012,14:13:59,15.0400,425,1
2026-05-21,601012,14:14:02,15.0500,273,1
2026-05-21,601012,14:14:05,15.0400,289,2
2026-05-21,601012,14:14:08,15.0500,130,1
2026-05-21,601012,14:14:11,15.0500,285,1
2026-05-21,601012,14:14:14,15.0400,222,2
2026-05-21,601012,14:14:17,15.0500,1176,1
2026-05-21,601012,14:14:20,15.0600,280,1
2026-05-21,601012,14:14:23,15.0500,256,2
2026-05-21,601012,14:14:26,15.0600,149,1
2026-05-21,601012,14:14:29,15.0600,128,1
2026-05-21,601012,14:14:32,15.0600,669,1
2026-05-21,601012,14:14:35,15.0600,268,1
2026-05-21,601012,14:14:38,15.0600,383,1
2026-05-21,601012,14:14:41,15.0600,204,2
2026-05-21,601012,14:14:44,15.0600,177,1
2026-05-21,601012,14:14:47,15.0600,256,1
2026-05-21,601012,14:14:50,15.0600,159,1
2026-05-21,601012,14:14:53,15.0600,99,1
2026-05-21,601012,14:14:56,15.0600,505,1
2026-05-21,601012,14:14:59,15.0600,244,4
2026-05-21,601012,14:15:02,15.0700,282,1
2026-05-21,601012,14:15:05,15.0700,280,1
2026-05-21,601012,14:15:08,15.0700,47,1
2026-05-21,601012,14:15:11,15.0700,108,1
2026-05-21,601012,14:15:14,15.0600,315,2
2026-05-21,601012,14:15:17,15.0700,52,1
2026-05-21,601012,14:15:20,15.0700,137,1
2026-05-21,601012,14:15:23,15.0600,224,2
2026-05-21,601012,14:15:26,15.0600,350,2
2026-05-21,601012,14:15:29,15.0700,87,1
2026-05-21,601012,14:15:32,15.0700,168,1
2026-05-21,601012,14:15:35,15.0700,273,1
2026-05-21,601012,14:15:38,15.0700,156,1
2026-05-21,601012,14:15:41,15.0700,113,1
2026-05-21,601012,14:15:44,15.0700,226,2
2026-05-21,601012,14:15:47,15.0800,100,1
2026-05-21,601012,14:15:50,15.0800,103,1
2026-05-21,601012,14:15:53,15.0800,78,1
2026-05-21,601012,14:15:56,15.0800,170,1
2026-05-21,601012,14:15:59,15.0800,46,2
2026-05-21,601012,14:16:02,15.0800,37,2
2026-05-21,601012,14:16:05,15.0900,163,1
2026-05-21,601012,14:16:08,15.0800,600,2
2026-05-21,601012,14:16:11,15.0800,106,1
2026-05-21,601012,14:16:14,15.0800,207,1
2026-05-21,601012,14:16:17,15.0800,287,1
2026-05-21,601012,14:16:20,15.0700,1084,2
2026-05-21,601012,14:16:23,15.0700,160,1
2026-05-21,601012,14:16:26,15.0700,75,1
2026-05-21,601012,14:16:29,15.0700,69,1
2026-05-21,601012,14:16:32,15.0700,152,1
2026-05-21,601012,14:16:35,15.0700,156,1
2026-05-21,601012,14:16:38,15.0600,734,2
2026-05-21,601012,14:16:41,15.0600,99,2
2026-05-21,601012,14:16:44,15.0700,222,1
2026-05-21,601012,14:16:47,15.0600,164,2
2026-05-21,601012,14:16:50,15.0700,105,1
2026-05-21,601012,14:16:53,15.0700,143,1
2026-05-21,601012,14:16:56,15.0700,404,1
2026-05-21,601012,14:16:59,15.0700,428,1
2026-05-21,601012,14:17:02,15.0700,202,1
2026-05-21,601012,14:17:05,15.0600,136,2
2026-05-21,601012,14:17:08,15.0600,103,2
2026-05-21,601012,14:17:11,15.0600,35,2
2026-05-21,601012,14:17:14,15.0700,131,1
2026-05-21,601012,14:17:17,15.0600,533,2
2026-05-21,601012,14:17:20,15.0600,196,2
2026-05-21,601012,14:17:23,15.0700,65,1
2026-05-21,601012,14:17:26,15.0700,39,1
2026-05-21,601012,14:17:29,15.0700,55,1
2026-05-21,601012,14:17:32,15.0700,1123,1
2026-05-21,601012,14:17:35,15.0700,273,1
2026-05-21,601012,14:17:38,15.0700,30,1
2026-05-21,601012,14:17:41,15.0600,10,2
2026-05-21,601012,14:17:44,15.0700,96,1
2026-05-21,601012,14:17:47,15.0700,73,1
2026-05-21,601012,14:17:50,15.0700,179,1
2026-05-21,601012,14:17:53,15.0600,128,2
2026-05-21,601012,14:17:56,15.0700,29,1
2026-05-21,601012,14:17:59,15.0700,157,1
2026-05-21,601012,14:18:02,15.0600,1186,2
2026-05-21,601012,14:18:05,15.0600,45,1
2026-05-21,601012,14:18:08,15.0500,834,2
2026-05-21,601012,14:18:11,15.0500,62,2
2026-05-21,601012,14:18:14,15.0600,98,1
2026-05-21,601012,14:18:17,15.0600,716,2
2026-05-21,601012,14:18:20,15.0500,2532,2
2026-05-21,601012,14:18:23,15.0500,49,1
2026-05-21,601012,14:18:26,15.0500,157,1
2026-05-21,601012,14:18:29,15.0500,266,1
2026-05-21,601012,14:18:32,15.0500,104,1
2026-05-21,601012,14:18:35,15.0500,18,1
2026-05-21,601012,14:18:38,15.0500,440,1
2026-05-21,601012,14:18:41,15.0500,87,1
2026-05-21,601012,14:18:44,15.0400,158,2
2026-05-21,601012,14:18:47,15.0400,169,2
2026-05-21,601012,14:18:50,15.0500,280,1
2026-05-21,601012,14:18:53,15.0500,826,1
2026-05-21,601012,14:18:56,15.0400,118,2
2026-05-21,601012,14:18:59,15.0500,237,1
2026-05-21,601012,14:19:02,15.0500,670,1
2026-05-21,601012,14:19:05,15.0400,1029,2
2026-05-21,601012,14:19:08,15.0400,229,1
2026-05-21,601012,14:19:11,15.0300,61,2
2026-05-21,601012,14:19:14,15.0400,1298,1
2026-05-21,601012,14:19:17,15.0400,493,1
2026-05-21,601012,14:19:20,15.0300,1267,2
2026-05-21,601012,14:19:23,15.0300,1119,2
2026-05-21,601012,14:19:26,15.0400,974,1
2026-05-21,601012,14:19:29,15.0400,140,1
2026-05-21,601012,14:19:32,15.0300,301,2
2026-05-21,601012,14:19:35,15.0400,171,1
2026-05-21,601012,14:19:38,15.0400,375,1
2026-05-21,601012,14:19:41,15.0300,744,2
2026-05-21,601012,14:19:44,15.0400,184,1
2026-05-21,601012,14:19:47,15.0300,107,2
2026-05-21,601012,14:19:50,15.0300,293,2
2026-05-21,601012,14:19:53,15.0400,96,1
2026-05-21,601012,14:19:56,15.0400,577,1
2026-05-21,601012,14:19:59,15.0400,71,1
2026-05-21,601012,14:20:02,15.0400,97,1
2026-05-21,601012,14:20:05,15.0400,240,1
2026-05-21,601012,14:20:08,15.0400,191,1
2026-05-21,601012,14:20:11,15.0400,70,1
2026-05-21,601012,14:20:14,15.0400,32,1
2026-05-21,601012,14:20:17,15.0300,208,2
2026-05-21,601012,14:20:20,15.0400,366,1
2026-05-21,601012,14:20:23,15.0400,49,1
2026-05-21,601012,14:20:26,15.0300,110,2
2026-05-21,601012,14:20:29,15.0400,459,1
2026-05-21,601012,14:20:32,15.0300,1188,2
2026-05-21,601012,14:20:35,15.0300,68,1
2026-05-21,601012,14:20:38,15.0300,702,1
2026-05-21,601012,14:20:41,15.0300,102,1
2026-05-21,601012,14:20:44,15.0300,200,1
2026-05-21,601012,14:20:47,15.0300,380,1
2026-05-21,601012,14:20:50,15.0400,824,1
2026-05-21,601012,14:20:53,15.0300,176,2
2026-05-21,601012,14:20:56,15.0300,79,2
2026-05-21,601012,14:20:59,15.0400,100,1
2026-05-21,601012,14:21:02,15.0300,96,2
2026-05-21,601012,14:21:05,15.0300,169,2
2026-05-21,601012,14:21:08,15.0300,283,2
2026-05-21,601012,14:21:11,15.0300,291,2
2026-05-21,601012,14:21:14,15.0300,80,2
2026-05-21,601012,14:21:17,15.0400,90,1
2026-05-21,601012,14:21:20,15.0400,277,1
2026-05-21,601012,14:21:23,15.0300,1647,2
2026-05-21,601012,14:21:26,15.0300,464,1
2026-05-21,601012,14:21:29,15.0400,149,1
2026-05-21,601012,14:21:32,15.0300,145,2
2026-05-21,601012,14:21:35,15.0300,114,2
2026-05-21,601012,14:21:38,15.0400,487,1
2026-05-21,601012,14:21:41,15.0300,43,2
2026-05-21,601012,14:21:44,15.0300,548,2
2026-05-21,601012,14:21:47,15.0300,516,2
2026-05-21,601012,14:21:50,15.0300,50,1
2026-05-21,601012,14:21:53,15.0300,330,1
2026-05-21,601012,14:21:56,15.0300,199,1
2026-05-21,601012,14:21:59,15.0300,263,1
2026-05-21,601012,14:22:02,15.0300,373,1
2026-05-21,601012,14:22:05,15.0200,628,2
2026-05-21,601012,14:22:08,15.0300,285,1
2026-05-21,601012,14:22:11,15.0300,76,1
2026-05-21,601012,14:22:14,15.0300,249,1
2026-05-21,601012,14:22:17,15.0300,176,1
2026-05-21,601012,14:22:20,15.0300,707,1
2026-05-21,601012,14:22:23,15.0300,143,2
2026-05-21,601012,14:22:26,15.0400,502,1
2026-05-21,601012,14:22:29,15.0400,158,1
2026-05-21,601012,14:22:32,15.0300,114,2
2026-05-21,601012,14:22:35,15.0400,293,1
2026-05-21,601012,14:22:38,15.0300,77,2
2026-05-21,601012,14:22:41,15.0400,156,1
2026-05-21,601012,14:22:44,15.0400,72,1
2026-05-21,601012,14:22:47,15.0400,16,1
2026-05-21,601012,14:22:50,15.0400,51,1
2026-05-21,601012,14:22:53,15.0400,64,1
2026-05-21,601012,14:22:56,15.0300,122,2
2026-05-21,601012,14:22:59,15.0400,37,1
2026-05-21,601012,14:23:02,15.0300,133,2
2026-05-21,601012,14:23:05,15.0300,212,2
2026-05-21,601012,14:23:08,15.0300,241,2
2026-05-21,601012,14:23:11,15.0400,234,1
2026-05-21,601012,14:23:14,15.0300,210,2
2026-05-21,601012,14:23:17,15.0300,242,2
2026-05-21,601012,14:23:20,15.0400,104,1
2026-05-21,601012,14:23:23,15.0300,127,2
2026-05-21,601012,14:23:26,15.0300,22,2
2026-05-21,601012,14:23:29,15.0400,357,1
2026-05-21,601012,14:23:32,15.0300,91,2
2026-05-21,601012,14:23:35,15.0300,119,2
2026-05-21,601012,14:23:38,15.0400,45,1
2026-05-21,601012,14:23:41,15.0400,77,1
2026-05-21,601012,14:23:44,15.0400,47,1
2026-05-21,601012,14:23:47,15.0300,99,2
2026-05-21,601012,14:23:50,15.0300,31,2
2026-05-21,601012,14:23:53,15.0300,2265,2
2026-05-21,601012,14:23:56,15.0300,237,1
2026-05-21,601012,14:23:59,15.0300,522,1
2026-05-21,601012,14:24:02,15.0300,209,1
2026-05-21,601012,14:24:05,15.0300,226,1
2026-05-21,601012,14:24:08,15.0300,285,1
2026-05-21,601012,14:24:11,15.0300,474,1
2026-05-21,601012,14:24:14,15.0200,121,2
2026-05-21,601012,14:24:17,15.0200,553,2
2026-05-21,601012,14:24:20,15.0200,3370,2
2026-05-21,601012,14:24:23,15.0300,323,1
2026-05-21,601012,14:24:26,15.0200,518,2
2026-05-21,601012,14:24:29,15.0200,901,2
2026-05-21,601012,14:24:32,15.0300,387,1
2026-05-21,601012,14:24:35,15.0300,600,1
2026-05-21,601012,14:24:38,15.0200,440,2
2026-05-21,601012,14:24:41,15.0200,624,2
2026-05-21,601012,14:24:44,15.0200,1000,2
2026-05-21,601012,14:24:47,15.0100,932,2
2026-05-21,601012,14:24:50,15.0100,517,2
2026-05-21,601012,14:24:53,15.0200,381,1
2026-05-21,601012,14:24:56,15.0200,809,1
2026-05-21,601012,14:24:59,15.0200,271,1
2026-05-21,601012,14:25:02,15.0100,662,2
2026-05-21,601012,14:25:05,15.0100,1965,2
2026-05-21,601012,14:25:08,15.0100,1138,2
2026-05-21,601012,14:25:11,15.0200,285,1
2026-05-21,601012,14:25:14,15.0100,79,2
2026-05-21,601012,14:25:17,15.0100,4812,2
2026-05-21,601012,14:25:20,15.0100,198,1
2026-05-21,601012,14:25:23,15.0100,1755,1
2026-05-21,601012,14:25:26,15.0100,473,1
2026-05-21,601012,14:25:29,15.0000,242,2
2026-05-21,601012,14:25:32,15.0000,2714,2
2026-05-21,601012,14:25:35,15.0100,435,1
2026-05-21,601012,14:25:38,15.0000,604,2
2026-05-21,601012,14:25:41,15.0000,138,2
2026-05-21,601012,14:25:44,15.0100,460,1
2026-05-21,601012,14:25:47,15.0000,419,2
2026-05-21,601012,14:25:50,15.0000,263,2
2026-05-21,601012,14:25:53,15.0000,1590,2
2026-05-21,601012,14:25:56,15.0100,286,1
2026-05-21,601012,14:25:59,15.0000,733,2
2026-05-21,601012,14:26:02,15.0000,288,2
2026-05-21,601012,14:26:05,15.0000,623,2
2026-05-21,601012,14:26:08,15.0000,467,2
2026-05-21,601012,14:26:11,15.0000,900,2
2026-05-21,601012,14:26:14,15.0100,739,1
2026-05-21,601012,14:26:17,15.0100,265,1
2026-05-21,601012,14:26:20,15.0100,1119,1
2026-05-21,601012,14:26:23,15.0100,1386,1
2026-05-21,601012,14:26:26,15.0100,3125,1
2026-05-21,601012,14:26:29,15.0100,219,1
2026-05-21,601012,14:26:32,15.0100,878,1
2026-05-21,601012,14:26:35,15.0100,95,2
2026-05-21,601012,14:26:38,15.0100,113,2
2026-05-21,601012,14:26:41,15.0100,387,2
2026-05-21,601012,14:26:44,15.0200,40,1
2026-05-21,601012,14:26:47,15.0200,173,1
2026-05-21,601012,14:26:50,15.0100,547,2
2026-05-21,601012,14:26:53,15.0200,131,1
2026-05-21,601012,14:26:56,15.0200,262,1
2026-05-21,601012,14:26:59,15.0200,30,1
2026-05-21,601012,14:27:02,15.0200,505,1
2026-05-21,601012,14:27:05,15.0100,2119,2
2026-05-21,601012,14:27:08,14.9800,21816,2
2026-05-21,601012,14:27:11,14.9700,2069,2
2026-05-21,601012,14:27:14,14.9700,726,1
2026-05-21,601012,14:27:17,14.9600,513,2
2026-05-21,601012,14:27:20,14.9600,588,2
2026-05-21,601012,14:27:23,14.9600,262,1
2026-05-21,601012,14:27:26,14.9600,623,1
2026-05-21,601012,14:27:29,14.9600,678,1
2026-05-21,601012,14:27:32,14.9500,878,2
2026-05-21,601012,14:27:35,14.9600,775,1
2026-05-21,601012,14:27:38,14.9500,884,2
2026-05-21,601012,14:27:41,14.9500,158,1
2026-05-21,601012,14:27:44,14.9400,1125,2
2026-05-21,601012,14:27:47,14.9400,1899,2
2026-05-21,601012,14:27:50,14.9500,1132,1
2026-05-21,601012,14:27:53,14.9500,862,1
2026-05-21,601012,14:27:56,14.9400,431,2
2026-05-21,601012,14:27:59,14.9500,1761,1
2026-05-21,601012,14:28:02,14.9400,1164,2
2026-05-21,601012,14:28:05,14.9400,478,2
2026-05-21,601012,14:28:08,14.9400,349,1
2026-05-21,601012,14:28:11,14.9300,507,2
2026-05-21,601012,14:28:14,14.9300,972,1
2026-05-21,601012,14:28:17,14.9300,182,1
2026-05-21,601012,14:28:20,14.9300,594,1
2026-05-21,601012,14:28:23,14.9200,493,2
2026-05-21,601012,14:28:26,14.9300,1213,4
2026-05-21,601012,14:28:29,14.9300,314,4
2026-05-21,601012,14:28:32,14.9300,415,1
2026-05-21,601012,14:28:35,14.9300,792,1
2026-05-21,601012,14:28:38,14.9300,1041,1
2026-05-21,601012,14:28:41,14.9200,558,2
2026-05-21,601012,14:28:44,14.9200,440,2
2026-05-21,601012,14:28:47,14.9300,408,1
2026-05-21,601012,14:28:50,14.9200,548,2
2026-05-21,601012,14:28:53,14.9300,371,1
2026-05-21,601012,14:28:56,14.9200,262,2
2026-05-21,601012,14:28:59,14.9300,723,1
2026-05-21,601012,14:29:02,14.9300,432,1
2026-05-21,601012,14:29:05,14.9300,647,1
2026-05-21,601012,14:29:08,14.9200,901,2
2026-05-21,601012,14:29:11,14.9300,1150,1
2026-05-21,601012,14:29:14,14.9400,262,1
2026-05-21,601012,14:29:17,14.9300,644,2
2026-05-21,601012,14:29:20,14.9300,423,2
2026-05-21,601012,14:29:23,14.9300,220,1
2026-05-21,601012,14:29:26,14.9200,129,2
2026-05-21,601012,14:29:29,14.9200,1263,2
2026-05-21,601012,14:29:32,14.9200,396,1
2026-05-21,601012,14:29:35,14.9200,561,1
2026-05-21,601012,14:29:38,14.9200,1025,2
2026-05-21,601012,14:29:41,14.9200,323,1
2026-05-21,601012,14:29:44,14.9100,386,2
2026-05-21,601012,14:29:47,14.9200,394,1
2026-05-21,601012,14:29:50,14.9200,613,1
2026-05-21,601012,14:29:53,14.9200,169,1
2026-05-21,601012,14:29:56,14.9100,504,2
2026-05-21,601012,14:29:59,14.9200,746,1
2026-05-21,601012,14:30:02,14.9100,281,2
2026-05-21,601012,14:30:05,14.9300,241,1
2026-05-21,601012,14:30:08,14.9200,1009,2
2026-05-21,601012,14:30:11,14.9200,108,2
2026-05-21,601012,14:30:14,14.9200,1351,2
2026-05-21,601012,14:30:17,14.9200,1587,2
2026-05-21,601012,14:30:20,14.9200,1552,1
2026-05-21,601012,14:30:23,14.9200,174,1
2026-05-21,601012,14:30:26,14.9200,728,2
2026-05-21,601012,14:30:29,14.9300,1145,1
2026-05-21,601012,14:30:32,14.9200,276,2
2026-05-21,601012,14:30:35,14.9300,476,1
2026-05-21,601012,14:30:38,14.9300,211,1
2026-05-21,601012,14:30:41,14.9300,739,1
2026-05-21,601012,14:30:44,14.9300,266,1
2026-05-21,601012,14:30:47,14.9300,1166,1
2026-05-21,601012,14:30:50,14.9200,509,2
2026-05-21,601012,14:30:53,14.9300,316,1
2026-05-21,601012,14:30:56,14.9300,385,1
2026-05-21,601012,14:30:59,14.9300,192,1
2026-05-21,601012,14:31:02,14.9200,2489,2
2026-05-21,601012,14:31:05,14.9200,477,1
2026-05-21,601012,14:31:08,14.9200,238,1
2026-05-21,601012,14:31:11,14.9200,695,1
2026-05-21,601012,14:31:14,14.9200,482,1
2026-05-21,601012,14:31:17,14.9100,3991,2
2026-05-21,601012,14:31:20,14.9100,275,1
2026-05-21,601012,14:31:23,14.9000,1326,2
2026-05-21,601012,14:31:26,14.9100,3130,1
2026-05-21,601012,14:31:29,14.9000,501,2
2026-05-21,601012,14:31:32,14.9100,962,1
2026-05-21,601012,14:31:35,14.9000,1270,2
2026-05-21,601012,14:31:38,14.8900,2357,2
2026-05-21,601012,14:31:41,14.9000,311,1
2026-05-21,601012,14:31:44,14.8900,1578,2
2026-05-21,601012,14:31:47,14.8800,176,2
2026-05-21,601012,14:31:50,14.8800,616,2
2026-05-21,601012,14:31:53,14.8800,923,2
2026-05-21,601012,14:31:56,14.8800,1454,2
2026-05-21,601012,14:31:59,14.8800,1066,2
2026-05-21,601012,14:32:02,14.8800,863,2
2026-05-21,601012,14:32:05,14.8800,394,1
2026-05-21,601012,14:32:08,14.8800,698,1
2026-05-21,601012,14:32:11,14.8800,639,1
2026-05-21,601012,14:32:14,14.8700,571,2
2026-05-21,601012,14:32:17,14.8700,786,1
2026-05-21,601012,14:32:20,14.8700,811,1
2026-05-21,601012,14:32:23,14.8400,2947,2
2026-05-21,601012,14:32:26,14.8600,303,1
2026-05-21,601012,14:32:29,14.8500,350,2
2026-05-21,601012,14:32:32,14.8600,1212,1
2026-05-21,601012,14:32:35,14.8500,775,2
2026-05-21,601012,14:32:38,14.8600,1638,1
2026-05-21,601012,14:32:41,14.8600,578,2
2026-05-21,601012,14:32:44,14.8600,457,2
2026-05-21,601012,14:32:47,14.8800,679,1
2026-05-21,601012,14:32:50,14.8600,421,2
2026-05-21,601012,14:32:53,14.8800,322,1
2026-05-21,601012,14:32:56,14.8800,437,1
2026-05-21,601012,14:32:59,14.8800,401,1
2026-05-21,601012,14:33:02,14.8800,333,1
2026-05-21,601012,14:33:05,14.8700,411,2
2026-05-21,601012,14:33:08,14.8800,362,1
2026-05-21,601012,14:33:11,14.8800,185,1
2026-05-21,601012,14:33:14,14.8800,343,1
2026-05-21,601012,14:33:17,14.8800,1169,1
2026-05-21,601012,14:33:20,14.8800,576,2
2026-05-21,601012,14:33:23,14.8900,824,1
2026-05-21,601012,14:33:26,14.8800,290,2
2026-05-21,601012,14:33:29,14.8700,990,2
2026-05-21,601012,14:33:32,14.8800,201,1
2026-05-21,601012,14:33:35,14.8700,86,2
2026-05-21,601012,14:33:38,14.8800,496,1
2026-05-21,601012,14:33:41,14.8800,1104,1
2026-05-21,601012,14:33:44,14.8700,1076,2
2026-05-21,601012,14:33:47,14.8700,354,1
2026-05-21,601012,14:33:50,14.8600,341,2
2026-05-21,601012,14:33:53,14.8700,509,1
2026-05-21,601012,14:33:56,14.8700,1047,1
2026-05-21,601012,14:33:59,14.8700,319,2
2026-05-21,601012,14:34:02,14.8800,1239,1
2026-05-21,601012,14:34:05,14.8800,387,1
2026-05-21,601012,14:34:08,14.8700,1437,2
2026-05-21,601012,14:34:11,14.8800,193,4
2026-05-21,601012,14:34:14,14.8800,288,1
2026-05-21,601012,14:34:17,14.8700,591,2
2026-05-21,601012,14:34:20,14.8700,274,1
2026-05-21,601012,14:34:23,14.8800,203,1
2026-05-21,601012,14:34:26,14.8800,295,1
2026-05-21,601012,14:34:29,14.8800,734,2
2026-05-21,601012,14:34:32,14.8800,145,1
2026-05-21,601012,14:34:35,14.8800,200,1
2026-05-21,601012,14:34:38,14.8800,227,1
2026-05-21,601012,14:34:41,14.8800,443,1
2026-05-21,601012,14:34:44,14.8800,446,2
2026-05-21,601012,14:34:47,14.8900,281,1
2026-05-21,601012,14:34:50,14.8800,415,2
2026-05-21,601012,14:34:53,14.8800,539,1
2026-05-21,601012,14:34:56,14.8700,1526,2
2026-05-21,601012,14:34:59,14.8700,1183,2
2026-05-21,601012,14:35:02,14.8700,389,1
2026-05-21,601012,14:35:05,14.8600,453,2
2026-05-21,601012,14:35:08,14.8700,1135,1
2026-05-21,601012,14:35:11,14.8600,751,2
2026-05-21,601012,14:35:14,14.8700,734,1
2026-05-21,601012,14:35:17,14.8600,1742,2
2026-05-21,601012,14:35:20,14.8600,335,2
2026-05-21,601012,14:35:23,14.8600,414,2
2026-05-21,601012,14:35:26,14.8600,815,2
2026-05-21,601012,14:35:29,14.8700,448,1
2026-05-21,601012,14:35:32,14.8600,1327,2
2026-05-21,601012,14:35:35,14.8700,441,1
2026-05-21,601012,14:35:38,14.8700,372,1
2026-05-21,601012,14:35:41,14.8700,463,1
2026-05-21,601012,14:35:44,14.8600,261,2
2026-05-21,601012,14:35:47,14.8600,409,2
2026-05-21,601012,14:35:50,14.8600,561,2
2026-05-21,601012,14:35:53,14.8700,430,1
2026-05-21,601012,14:35:56,14.8600,765,2
2026-05-21,601012,14:35:59,14.8700,686,1
2026-05-21,601012,14:36:02,14.8700,135,1
2026-05-21,601012,14:36:05,14.8700,885,1
2026-05-21,601012,14:36:08,14.8600,681,2
2026-05-21,601012,14:36:11,14.8700,1258,1
2026-05-21,601012,14:36:14,14.8600,286,2
2026-05-21,601012,14:36:17,14.8600,199,2
2026-05-21,601012,14:36:20,14.8700,419,1
2026-05-21,601012,14:36:23,14.8600,177,2
2026-05-21,601012,14:36:26,14.8600,193,2
2026-05-21,601012,14:36:29,14.8600,378,2
2026-05-21,601012,14:36:32,14.8600,232,2
2026-05-21,601012,14:36:35,14.8700,430,1
2026-05-21,601012,14:36:38,14.8600,639,2
2026-05-21,601012,14:36:41,14.8700,362,1
2026-05-21,601012,14:36:44,14.8700,634,1
2026-05-21,601012,14:36:47,14.8600,1180,2
2026-05-21,601012,14:36:50,14.8600,1465,2
2026-05-21,601012,14:36:53,14.8800,154,1
2026-05-21,601012,14:36:56,14.8700,484,2
2026-05-21,601012,14:36:59,14.8700,251,4
2026-05-21,601012,14:37:02,14.8800,1069,1
2026-05-21,601012,14:37:05,14.8800,314,1
2026-05-21,601012,14:37:08,14.8800,1369,1
2026-05-21,601012,14:37:11,14.8800,427,2
2026-05-21,601012,14:37:14,14.8900,679,1
2026-05-21,601012,14:37:17,14.8900,419,1
2026-05-21,601012,14:37:20,14.8900,148,2
2026-05-21,601012,14:37:23,14.9000,915,1
2026-05-21,601012,14:37:26,14.9000,1101,1
2026-05-21,601012,14:37:29,14.9000,259,2
2026-05-21,601012,14:37:32,14.9200,283,1
2026-05-21,601012,14:37:35,14.9200,337,1
2026-05-21,601012,14:37:38,14.9200,181,1
2026-05-21,601012,14:37:41,14.9200,682,1
2026-05-21,601012,14:37:44,14.9200,765,1
2026-05-21,601012,14:37:47,14.9300,443,1
2026-05-21,601012,14:37:50,14.9300,1021,1
2026-05-21,601012,14:37:53,14.9400,171,1
2026-05-21,601012,14:37:56,14.9500,260,1
2026-05-21,601012,14:37:59,14.9500,939,1
2026-05-21,601012,14:38:02,14.9500,625,2
2026-05-21,601012,14:38:05,14.9500,305,2
2026-05-21,601012,14:38:08,14.9400,1336,2
2026-05-21,601012,14:38:11,14.9500,722,1
2026-05-21,601012,14:38:14,14.9400,822,2
2026-05-21,601012,14:38:17,14.9600,451,1
2026-05-21,601012,14:38:20,14.9600,157,2
2026-05-21,601012,14:38:23,14.9700,969,1
2026-05-21,601012,14:38:26,14.9800,75,1
2026-05-21,601012,14:38:29,14.9700,175,2
2026-05-21,601012,14:38:32,14.9800,325,1
2026-05-21,601012,14:38:35,14.9800,351,1
2026-05-21,601012,14:38:38,14.9800,192,2
2026-05-21,601012,14:38:41,14.9900,2403,1
2026-05-21,601012,14:38:44,14.9900,891,1
2026-05-21,601012,14:38:47,14.9900,546,1
2026-05-21,601012,14:38:50,14.9700,743,2
2026-05-21,601012,14:38:53,14.9600,519,2
2026-05-21,601012,14:38:56,14.9600,342,2
2026-05-21,601012,14:38:59,14.9800,184,1
2026-05-21,601012,14:39:02,14.9700,331,2
2026-05-21,601012,14:39:05,14.9800,492,1
2026-05-21,601012,14:39:08,14.9700,601,4
2026-05-21,601012,14:39:11,14.9500,1424,2
2026-05-21,601012,14:39:14,14.9500,716,1
2026-05-21,601012,14:39:17,14.9500,776,1
2026-05-21,601012,14:39:20,14.9500,243,1
2026-05-21,601012,14:39:23,14.9400,282,2
2026-05-21,601012,14:39:26,14.9300,245,4
2026-05-21,601012,14:39:29,14.9200,863,2
2026-05-21,601012,14:39:32,14.9200,147,1
2026-05-21,601012,14:39:35,14.9100,893,2
2026-05-21,601012,14:39:38,14.9200,1560,1
2026-05-21,601012,14:39:41,14.9000,588,2
2026-05-21,601012,14:39:44,14.8900,123,2
2026-05-21,601012,14:39:47,14.8900,605,2
2026-05-21,601012,14:39:50,14.9000,185,1
2026-05-21,601012,14:39:53,14.9000,282,1
2026-05-21,601012,14:39:56,14.9000,259,2
2026-05-21,601012,14:39:59,14.9100,340,4
2026-05-21,601012,14:40:02,14.9200,245,1
2026-05-21,601012,14:40:05,14.9400,37,1
2026-05-21,601012,14:40:08,14.9300,77,4
2026-05-21,601012,14:40:11,14.9300,125,1
2026-05-21,601012,14:40:14,14.9300,90,2
2026-05-21,601012,14:40:17,14.9400,115,1
2026-05-21,601012,14:40:20,14.9400,136,1
2026-05-21,601012,14:40:23,14.9400,727,1
2026-05-21,601012,14:40:26,14.9300,251,2
2026-05-21,601012,14:40:29,14.9300,90,1
2026-05-21,601012,14:40:32,14.9400,326,1
2026-05-21,601012,14:40:35,14.9400,198,4
2026-05-21,601012,14:40:38,14.9400,76,1
2026-05-21,601012,14:40:41,14.9400,253,1
2026-05-21,601012,14:40:44,14.9400,143,1
2026-05-21,601012,14:40:47,14.9400,516,2
2026-05-21,601012,14:40:50,14.9400,254,2
2026-05-21,601012,14:40:53,14.9400,446,1
2026-05-21,601012,14:40:56,14.9400,235,2
2026-05-21,601012,14:40:59,14.9500,358,1
2026-05-21,601012,14:41:02,14.9300,696,2
2026-05-21,601012,14:41:05,14.9400,545,1
2026-05-21,601012,14:41:08,14.9400,315,4
2026-05-21,601012,14:41:11,14.9300,165,2
2026-05-21,601012,14:41:14,14.9400,262,1
2026-05-21,601012,14:41:17,14.9300,568,2
2026-05-21,601012,14:41:20,14.9300,329,1
2026-05-21,601012,14:41:23,14.9200,1067,2
2026-05-21,601012,14:41:26,14.9000,756,2
2026-05-21,601012,14:41:29,14.9000,1135,2
2026-05-21,601012,14:41:32,14.9000,1002,2
2026-05-21,601012,14:41:35,14.9000,688,2
2026-05-21,601012,14:41:38,14.9000,373,1
2026-05-21,601012,14:41:41,14.9000,351,1
2026-05-21,601012,14:41:44,14.9000,332,1
2026-05-21,601012,14:41:47,14.8900,493,2
2026-05-21,601012,14:41:50,14.8900,299,2
2026-05-21,601012,14:41:53,14.9000,91,1
2026-05-21,601012,14:41:56,14.8900,378,2
2026-05-21,601012,14:41:59,14.9000,260,1
2026-05-21,601012,14:42:02,14.8900,732,2
2026-05-21,601012,14:42:05,14.9000,255,1
2026-05-21,601012,14:42:08,14.9000,381,2
2026-05-21,601012,14:42:11,14.8900,245,4
2026-05-21,601012,14:42:14,14.8900,379,1
2026-05-21,601012,14:42:17,14.8900,636,1
2026-05-21,601012,14:42:20,14.8900,501,1
2026-05-21,601012,14:42:23,14.8900,294,1
2026-05-21,601012,14:42:26,14.8900,299,1
2026-05-21,601012,14:42:29,14.8900,267,1
2026-05-21,601012,14:42:32,14.8800,164,2
2026-05-21,601012,14:42:35,14.8900,199,1
2026-05-21,601012,14:42:38,14.8900,435,1
2026-05-21,601012,14:42:41,14.8900,190,1
2026-05-21,601012,14:42:44,14.8900,480,1
2026-05-21,601012,14:42:47,14.8800,277,2
2026-05-21,601012,14:42:50,14.8900,478,1
2026-05-21,601012,14:42:53,14.8900,147,2
2026-05-21,601012,14:42:56,14.8900,256,1
2026-05-21,601012,14:42:59,14.8900,422,1
2026-05-21,601012,14:43:02,14.8800,590,2
2026-05-21,601012,14:43:05,14.8800,1514,2
2026-05-21,601012,14:43:08,14.8800,294,2
2026-05-21,601012,14:43:11,14.8800,454,2
2026-05-21,601012,14:43:14,14.8900,950,1
2026-05-21,601012,14:43:17,14.8900,211,2
2026-05-21,601012,14:43:20,14.8900,382,1
2026-05-21,601012,14:43:23,14.8900,213,1
2026-05-21,601012,14:43:26,14.8800,295,2
2026-05-21,601012,14:43:29,14.8900,362,1
2026-05-21,601012,14:43:32,14.8800,174,2
2026-05-21,601012,14:43:35,14.8800,326,2
2026-05-21,601012,14:43:38,14.8900,335,1
2026-05-21,601012,14:43:41,14.8800,868,2
2026-05-21,601012,14:43:44,14.8800,231,1
2026-05-21,601012,14:43:47,14.8700,607,2
2026-05-21,601012,14:43:50,14.8800,207,1
2026-05-21,601012,14:43:53,14.8800,769,2
2026-05-21,601012,14:43:56,14.8800,430,1
2026-05-21,601012,14:43:59,14.8700,222,2
2026-05-21,601012,14:44:02,14.8800,563,4
2026-05-21,601012,14:44:05,14.8700,326,2
2026-05-21,601012,14:44:08,14.8600,326,2
2026-05-21,601012,14:44:11,14.8700,1045,1
2026-05-21,601012,14:44:14,14.8700,514,1
2026-05-21,601012,14:44:17,14.8600,110,2
2026-05-21,601012,14:44:20,14.8700,519,1
2026-05-21,601012,14:44:23,14.8600,405,2
2026-05-21,601012,14:44:26,14.8700,179,1
2026-05-21,601012,14:44:29,14.8700,128,2
2026-05-21,601012,14:44:32,14.8700,221,2
2026-05-21,601012,14:44:35,14.8700,442,2
2026-05-21,601012,14:44:38,14.8800,153,1
2026-05-21,601012,14:44:41,14.8700,230,2
2026-05-21,601012,14:44:44,14.8700,307,1
2026-05-21,601012,14:44:47,14.8700,324,1
2026-05-21,601012,14:44:50,14.8700,522,1
2026-05-21,601012,14:44:53,14.8700,237,1
2026-05-21,601012,14:44:56,14.8700,272,1
2026-05-21,601012,14:44:59,14.8700,322,2
2026-05-21,601012,14:45:02,14.8700,544,2
2026-05-21,601012,14:45:05,14.8800,210,4
2026-05-21,601012,14:45:08,14.8700,795,2
2026-05-21,601012,14:45:11,14.9000,172,1
2026-05-21,601012,14:45:14,14.8900,261,2
2026-05-21,601012,14:45:17,14.8900,453,1
2026-05-21,601012,14:45:20,14.8900,133,1
2026-05-21,601012,14:45:23,14.8900,119,1
2026-05-21,601012,14:45:26,14.8900,237,1
2026-05-21,601012,14:45:29,14.8900,102,2
2026-05-21,601012,14:45:32,14.9000,74,1
2026-05-21,601012,14:45:35,14.9000,380,1
2026-05-21,601012,14:45:38,14.9000,193,1
2026-05-21,601012,14:45:41,14.8900,291,2
2026-05-21,601012,14:45:44,14.8900,221,2
2026-05-21,601012,14:45:47,14.9000,222,1
2026-05-21,601012,14:45:50,14.8900,62,2
2026-05-21,601012,14:45:53,14.8900,598,2
2026-05-21,601012,14:45:56,14.8900,1074,2
2026-05-21,601012,14:45:59,14.8900,142,4
2026-05-21,601012,14:46:02,14.8800,270,2
2026-05-21,601012,14:46:05,14.9000,208,1
2026-05-21,601012,14:46:08,14.8900,364,2
2026-05-21,601012,14:46:11,14.9000,236,1
2026-05-21,601012,14:46:14,14.8900,241,2
2026-05-21,601012,14:46:17,14.8900,334,1
2026-05-21,601012,14:46:20,14.8900,309,2
2026-05-21,601012,14:46:23,14.8800,630,2
2026-05-21,601012,14:46:26,14.8900,722,1
2026-05-21,601012,14:46:29,14.8800,307,2
2026-05-21,601012,14:46:32,14.8900,851,1
2026-05-21,601012,14:46:35,14.8900,360,1
2026-05-21,601012,14:46:38,14.8900,207,1
2026-05-21,601012,14:46:41,14.8900,239,1
2026-05-21,601012,14:46:44,14.8900,359,1
2026-05-21,601012,14:46:47,14.8800,1208,2
2026-05-21,601012,14:46:50,14.8900,549,1
2026-05-21,601012,14:46:53,14.8800,600,2
2026-05-21,601012,14:46:56,14.8800,210,2
2026-05-21,601012,14:46:59,14.8900,709,1
2026-05-21,601012,14:47:02,14.8900,202,1
2026-05-21,601012,14:47:05,14.8900,525,1
2026-05-21,601012,14:47:08,14.8900,343,2
2026-05-21,601012,14:47:11,14.8800,1664,2
2026-05-21,601012,14:47:14,14.8800,1141,1
2026-05-21,601012,14:47:17,14.8800,273,1
2026-05-21,601012,14:47:20,14.8800,287,1
2026-05-21,601012,14:47:23,14.8800,805,1
2026-05-21,601012,14:47:26,14.8800,830,2
2026-05-21,601012,14:47:29,14.8800,484,2
2026-05-21,601012,14:47:32,14.8800,2158,1
2026-05-21,601012,14:47:35,14.8800,155,2
2026-05-21,601012,14:47:38,14.8900,273,1
2026-05-21,601012,14:47:41,14.9000,174,1
2026-05-21,601012,14:47:44,14.8700,3070,2
2026-05-21,601012,14:47:47,14.8900,316,1
2026-05-21,601012,14:47:50,14.8800,211,2
2026-05-21,601012,14:47:53,14.8900,479,1
2026-05-21,601012,14:47:56,14.8800,383,2
2026-05-21,601012,14:47:59,14.8900,126,1
2026-05-21,601012,14:48:02,14.8900,193,2
2026-05-21,601012,14:48:05,14.9000,147,1
2026-05-21,601012,14:48:08,14.9000,184,1
2026-05-21,601012,14:48:11,14.8900,378,2
2026-05-21,601012,14:48:14,14.9000,210,1
2026-05-21,601012,14:48:17,14.9000,319,1
2026-05-21,601012,14:48:20,14.8900,102,2
2026-05-21,601012,14:48:23,14.8900,101,1
2026-05-21,601012,14:48:26,14.8900,125,1
2026-05-21,601012,14:48:29,14.8900,293,1
2026-05-21,601012,14:48:32,14.8900,161,1
2026-05-21,601012,14:48:35,14.8800,283,2
2026-05-21,601012,14:48:38,14.8900,272,1
2026-05-21,601012,14:48:41,14.8900,252,1
2026-05-21,601012,14:48:44,14.8800,761,2
2026-05-21,601012,14:48:47,14.8800,301,2
2026-05-21,601012,14:48:50,14.8800,264,2
2026-05-21,601012,14:48:53,14.8900,233,1
2026-05-21,601012,14:48:56,14.8900,122,1
2026-05-21,601012,14:48:59,14.8800,1865,2
2026-05-21,601012,14:49:02,14.8800,453,1
2026-05-21,601012,14:49:05,14.8800,666,1
2026-05-21,601012,14:49:08,14.8800,691,1
2026-05-21,601012,14:49:11,14.8800,428,2
2026-05-21,601012,14:49:14,14.8800,619,2
2026-05-21,601012,14:49:17,14.8900,264,1
2026-05-21,601012,14:49:20,14.8800,403,2
2026-05-21,601012,14:49:23,14.8900,529,1
2026-05-21,601012,14:49:26,14.8900,791,1
2026-05-21,601012,14:49:29,14.8900,1188,1
2026-05-21,601012,14:49:32,14.8900,363,1
2026-05-21,601012,14:49:35,14.8900,129,1
2026-05-21,601012,14:49:38,14.8800,246,2
2026-05-21,601012,14:49:41,14.8800,66,2
2026-05-21,601012,14:49:44,14.8800,60,2
2026-05-21,601012,14:49:47,14.8900,394,1
2026-05-21,601012,14:49:50,14.8800,280,2
2026-05-21,601012,14:49:53,14.8900,543,1
2026-05-21,601012,14:49:56,14.8800,1990,2
2026-05-21,601012,14:49:59,14.8800,530,1
2026-05-21,601012,14:50:02,14.8800,2627,1
2026-05-21,601012,14:50:05,14.8800,310,1
2026-05-21,601012,14:50:08,14.8700,288,2
2026-05-21,601012,14:50:11,14.8800,665,1
2026-05-21,601012,14:50:14,14.8700,652,2
2026-05-21,601012,14:50:17,14.8600,2351,2
2026-05-21,601012,14:50:20,14.8600,2336,2
2026-05-21,601012,14:50:23,14.8700,1523,1
2026-05-21,601012,14:50:26,14.8500,1421,2
2026-05-21,601012,14:50:29,14.8600,3115,1
2026-05-21,601012,14:50:32,14.8600,3331,1
2026-05-21,601012,14:50:35,14.8500,1349,2
2026-05-21,601012,14:50:38,14.8500,819,2
2026-05-21,601012,14:50:41,14.8500,468,1
2026-05-21,601012,14:50:44,14.8500,1076,1
2026-05-21,601012,14:50:47,14.8500,779,2
2026-05-21,601012,14:50:50,14.8400,2906,2
2026-05-21,601012,14:50:53,14.8400,3289,2
2026-05-21,601012,14:50:56,14.8400,109,1
2026-05-21,601012,14:50:59,14.8300,556,2
2026-05-21,601012,14:51:02,14.8400,614,1
2026-05-21,601012,14:51:05,14.8300,617,2
2026-05-21,601012,14:51:08,14.8300,578,1
2026-05-21,601012,14:51:11,14.8300,331,1
2026-05-21,601012,14:51:14,14.8300,410,2
2026-05-21,601012,14:51:17,14.8300,487,1
2026-05-21,601012,14:51:20,14.8400,728,1
2026-05-21,601012,14:51:23,14.8300,261,2
2026-05-21,601012,14:51:26,14.8300,310,2
2026-05-21,601012,14:51:29,14.8300,1506,2
2026-05-21,601012,14:51:32,14.8400,413,1
2026-05-21,601012,14:51:35,14.8400,424,1
2026-05-21,601012,14:51:38,14.8300,341,2
2026-05-21,601012,14:51:41,14.8400,415,1
2026-05-21,601012,14:51:44,14.8300,461,2
2026-05-21,601012,14:51:47,14.8300,451,1
2026-05-21,601012,14:51:50,14.8300,519,1
2026-05-21,601012,14:51:53,14.8300,372,2
2026-05-21,601012,14:51:56,14.8400,641,1
2026-05-21,601012,14:51:59,14.8300,305,2
2026-05-21,601012,14:52:02,14.8400,1206,1
2026-05-21,601012,14:52:05,14.8400,806,1
2026-05-21,601012,14:52:08,14.8400,290,1
2026-05-21,601012,14:52:11,14.8400,676,2
2026-05-21,601012,14:52:14,14.8500,664,1
2026-05-21,601012,14:52:17,14.8400,260,2
2026-05-21,601012,14:52:20,14.8400,350,1
2026-05-21,601012,14:52:23,14.8400,215,1
2026-05-21,601012,14:52:26,14.8300,429,2
2026-05-21,601012,14:52:29,14.8300,576,2
2026-05-21,601012,14:52:32,14.8400,944,1
2026-05-21,601012,14:52:35,14.8300,1432,2
2026-05-21,601012,14:52:38,14.8300,1388,2
2026-05-21,601012,14:52:41,14.8300,362,1
2026-05-21,601012,14:52:44,14.8100,5990,2
2026-05-21,601012,14:52:47,14.8200,2505,1
2026-05-21,601012,14:52:50,14.8100,6428,1
2026-05-21,601012,14:52:53,14.8100,286,1
2026-05-21,601012,14:52:56,14.8100,977,1
2026-05-21,601012,14:52:59,14.8100,212,1
2026-05-21,601012,14:53:02,14.8100,450,1
2026-05-21,601012,14:53:05,14.8100,820,1
2026-05-21,601012,14:53:08,14.8100,327,1
2026-05-21,601012,14:53:11,14.8100,636,1
2026-05-21,601012,14:53:14,14.8100,375,1
2026-05-21,601012,14:53:17,14.8100,1090,1
2026-05-21,601012,14:53:20,14.8100,1013,1
2026-05-21,601012,14:53:23,14.8100,587,1
2026-05-21,601012,14:53:26,14.8000,582,2
2026-05-21,601012,14:53:29,14.8100,995,1
2026-05-21,601012,14:53:32,14.8100,762,1
2026-05-21,601012,14:53:35,14.8100,608,1
2026-05-21,601012,14:53:38,14.8100,935,1
2026-05-21,601012,14:53:41,14.8100,1052,2
2026-05-21,601012,14:53:44,14.8100,260,1
2026-05-21,601012,14:53:47,14.8100,158,2
2026-05-21,601012,14:53:50,14.8100,351,2
2026-05-21,601012,14:53:53,14.8100,305,2
2026-05-21,601012,14:53:56,14.8100,375,2
2026-05-21,601012,14:53:59,14.8100,417,2
2026-05-21,601012,14:54:02,14.8100,1037,2
2026-05-21,601012,14:54:05,14.8100,524,2
2026-05-21,601012,14:54:08,14.8100,375,2
2026-05-21,601012,14:54:11,14.8100,776,2
2026-05-21,601012,14:54:14,14.8100,713,1
2026-05-21,601012,14:54:17,14.8100,855,1
2026-05-21,601012,14:54:20,14.8000,308,2
2026-05-21,601012,14:54:23,14.8100,604,1
2026-05-21,601012,14:54:26,14.8100,437,1
2026-05-21,601012,14:54:29,14.8100,454,1
2026-05-21,601012,14:54:32,14.8100,1766,1
2026-05-21,601012,14:54:35,14.8100,583,1
2026-05-21,601012,14:54:38,14.8100,731,1
2026-05-21,601012,14:54:41,14.8100,506,1
2026-05-21,601012,14:54:44,14.8100,1242,1
2026-05-21,601012,14:54:47,14.8100,550,1
2026-05-21,601012,14:54:50,14.8100,477,1
2026-05-21,601012,14:54:53,14.8100,455,1
2026-05-21,601012,14:54:56,14.8100,699,1
2026-05-21,601012,14:54:59,14.8100,722,1
2026-05-21,601012,14:55:02,14.8100,672,1
2026-05-21,601012,14:55:05,14.8100,743,1
2026-05-21,601012,14:55:08,14.8200,1011,1
2026-05-21,601012,14:55:11,14.8200,266,1
2026-05-21,601012,14:55:14,14.8200,518,1
2026-05-21,601012,14:55:17,14.8100,466,2
2026-05-21,601012,14:55:20,14.8200,607,1
2026-05-21,601012,14:55:23,14.8100,472,2
2026-05-21,601012,14:55:26,14.8200,619,1
2026-05-21,601012,14:55:29,14.8200,592,1
2026-05-21,601012,14:55:32,14.8200,744,1
2026-05-21,601012,14:55:35,14.8100,654,2
2026-05-21,601012,14:55:38,14.8200,318,1
2026-05-21,601012,14:55:41,14.8100,419,2
2026-05-21,601012,14:55:44,14.8200,420,1
2026-05-21,601012,14:55:47,14.8100,4160,2
2026-05-21,601012,14:55:50,14.8100,434,1
2026-05-21,601012,14:55:53,14.8100,956,1
2026-05-21,601012,14:55:56,14.8100,1261,1
2026-05-21,601012,14:55:59,14.8100,837,1
2026-05-21,601012,14:56:02,14.8100,1288,1
2026-05-21,601012,14:56:05,14.8000,1415,2
2026-05-21,601012,14:56:08,14.8000,699,2
2026-05-21,601012,14:56:11,14.8100,750,1
2026-05-21,601012,14:56:14,14.8100,803,1
2026-05-21,601012,14:56:17,14.8000,5333,2
2026-05-21,601012,14:56:20,14.7700,1938,2
2026-05-21,601012,14:56:23,14.7600,2306,2
2026-05-21,601012,14:56:26,14.7900,1410,1
2026-05-21,601012,14:56:29,14.8000,203,1
2026-05-21,601012,14:56:32,14.7800,533,4
2026-05-21,601012,14:56:35,14.7800,485,2
2026-05-21,601012,14:56:38,14.7700,758,2
2026-05-21,601012,14:56:41,14.7900,1130,1
2026-05-21,601012,14:56:44,14.7900,314,1
2026-05-21,601012,14:56:47,14.7800,336,2
2026-05-21,601012,14:56:50,14.7900,542,1
2026-05-21,601012,14:56:53,14.7900,435,2
2026-05-21,601012,14:56:56,14.7900,546,2
2026-05-21,601012,14:56:59,14.8000,1093,1
2026-05-21,601012,14:57:02,14.7900,48,2
2026-05-21,601012,15:00:02,14.7900,18248,4
2026-05-21,601012,13:16:50,15.2200,570,1
2026-05-21,601012,13:16:53,15.2200,24,2
2026-05-21,601012,13:16:56,15.2200,27,2
2026-05-21,601012,13:16:59,15.2200,184,2
2026-05-21,601012,13:17:02,15.2200,159,1
2026-05-21,601012,13:17:05,15.2100,39,2
2026-05-21,601012,13:17:08,15.2200,26,1
2026-05-21,601012,13:17:11,15.2200,187,1
2026-05-21,601012,13:17:14,15.2200,13,2
2026-05-21,601012,13:17:17,15.2200,21,2
2026-05-21,601012,13:17:20,15.2200,25,2
2026-05-21,601012,13:17:23,15.2300,119,1
2026-05-21,601012,13:17:26,15.2200,287,2
2026-05-21,601012,13:17:29,15.2200,239,2
2026-05-21,601012,13:17:32,15.2300,53,1
2026-05-21,601012,13:17:35,15.2200,34,2
2026-05-21,601012,13:17:38,15.2300,42,1
2026-05-21,601012,13:17:41,15.2200,54,2
2026-05-21,601012,13:17:44,15.2200,27,2
2026-05-21,601012,13:17:47,15.2300,97,1
2026-05-21,601012,13:17:50,15.2300,148,1
2026-05-21,601012,13:17:53,15.2200,226,2
2026-05-21,601012,13:17:56,15.2300,389,1
2026-05-21,601012,13:17:59,15.2300,39,4
2026-05-21,601012,13:18:02,15.2300,246,2
2026-05-21,601012,13:18:05,15.2200,180,2
2026-05-21,601012,13:18:08,15.2400,105,1
2026-05-21,601012,13:18:11,15.2200,251,2
2026-05-21,601012,13:18:14,15.2400,19,1
2026-05-21,601012,13:18:17,15.2300,86,2
2026-05-21,601012,13:18:20,15.2300,4,2
2026-05-21,601012,13:18:23,15.2300,15,2
2026-05-21,601012,13:18:26,15.2300,139,2
2026-05-21,601012,13:18:29,15.2400,207,1
2026-05-21,601012,13:18:32,15.2400,67,1
2026-05-21,601012,13:18:35,15.2300,202,2
2026-05-21,601012,13:18:38,15.2300,11,2
2026-05-21,601012,13:18:41,15.2300,117,2
2026-05-21,601012,13:18:44,15.2400,5,1
2026-05-21,601012,13:18:47,15.2400,153,1
2026-05-21,601012,13:18:50,15.2400,74,1
2026-05-21,601012,13:18:53,15.2300,58,2
2026-05-21,601012,13:18:56,15.2400,52,1
2026-05-21,601012,13:18:59,15.2300,67,2
2026-05-21,601012,13:19:02,15.2300,110,2
2026-05-21,601012,13:19:05,15.2400,115,1
2026-05-21,601012,13:19:08,15.2300,7,2
2026-05-21,601012,13:19:11,15.2300,23,2
2026-05-21,601012,13:19:14,15.2400,20,1
2026-05-21,601012,13:19:17,15.2400,23,1
2026-05-21,601012,13:19:20,15.2300,94,2
2026-05-21,601012,13:19:26,15.2300,20,2
2026-05-21,601012,13:19:29,15.2400,101,1
2026-05-21,601012,13:19:32,15.2300,41,2
2026-05-21,601012,13:19:35,15.2300,22,2
2026-05-21,601012,13:19:38,15.2400,5,1
2026-05-21,601012,13:19:41,15.2400,22,1
2026-05-21,601012,13:19:44,15.2400,74,1
2026-05-21,601012,13:19:47,15.2400,63,1
2026-05-21,601012,13:19:50,15.2400,44,1
2026-05-21,601012,13:19:53,15.2400,650,1
2026-05-21,601012,13:19:56,15.2400,95,1
2026-05-21,601012,13:19:59,15.2400,33,1
2026-05-21,601012,13:20:02,15.2400,113,1
2026-05-21,601012,13:20:05,15.2400,222,2
2026-05-21,601012,13:20:08,15.2400,55,1
2026-05-21,601012,13:20:11,15.2400,148,1
2026-05-21,601012,13:20:14,15.2400,35,1
2026-05-21,601012,13:20:17,15.2300,44,2
2026-05-21,601012,13:20:20,15.2400,17,1
2026-05-21,601012,13:20:23,15.2300,1761,2
2026-05-21,601012,13:20:26,15.2300,56,1
2026-05-21,601012,13:20:29,15.2300,38,1
2026-05-21,601012,13:20:32,15.2300,21,1
2026-05-21,601012,13:20:35,15.2300,8,1
2026-05-21,601012,13:20:38,15.2300,40,1
2026-05-21,601012,13:20:41,15.2200,120,2
2026-05-21,601012,13:20:44,15.2200,5,2
2026-05-21,601012,13:20:47,15.2300,6,1
2026-05-21,601012,13:20:50,15.2200,257,2
2026-05-21,601012,13:20:53,15.2200,26,2
2026-05-21,601012,13:20:56,15.2300,39,1
2026-05-21,601012,13:20:59,15.2300,150,1
2026-05-21,601012,13:21:02,15.2200,169,2
2026-05-21,601012,13:21:05,15.2200,682,2
2026-05-21,601012,13:21:08,15.2100,178,2
2026-05-21,601012,13:21:11,15.2100,186,2
2026-05-21,601012,13:21:14,15.2100,53,2
2026-05-21,601012,13:21:17,15.2200,47,1
2026-05-21,601012,13:21:20,15.2100,8,2
2026-05-21,601012,13:21:23,15.2100,8,2
2026-05-21,601012,13:21:26,15.2200,67,1
2026-05-21,601012,13:21:29,15.2100,87,2
2026-05-21,601012,13:21:32,15.2200,21,1
2026-05-21,601012,13:21:35,15.2200,71,1
2026-05-21,601012,13:21:38,15.2100,32,2
2026-05-21,601012,13:21:41,15.2100,268,2
2026-05-21,601012,13:21:44,15.2200,103,1
2026-05-21,601012,13:21:47,15.2100,96,2
2026-05-21,601012,13:21:50,15.2100,200,2
2026-05-21,601012,13:21:53,15.2200,17,1
2026-05-21,601012,13:21:56,15.2200,67,1
2026-05-21,601012,13:21:59,15.2100,3,2
2026-05-21,601012,13:22:02,15.2200,359,1
2026-05-21,601012,13:22:05,15.2100,52,2
2026-05-21,601012,13:22:08,15.2100,1120,2
2026-05-21,601012,13:22:11,15.2100,57,2
2026-05-21,601012,13:22:14,15.2100,120,2
2026-05-21,601012,13:22:17,15.2100,62,2
2026-05-21,601012,13:22:20,15.2100,125,2
2026-05-21,601012,13:22:23,15.2100,51,2
2026-05-21,601012,13:22:26,15.2100,184,2
2026-05-21,601012,13:22:29,15.2100,232,2
2026-05-21,601012,13:22:32,15.2100,106,2
2026-05-21,601012,13:22:35,15.2100,7,2
2026-05-21,601012,13:22:38,15.2100,25,2
2026-05-21,601012,13:22:41,15.2200,73,1
2026-05-21,601012,13:22:44,15.2200,18,1
2026-05-21,601012,13:22:47,15.2100,672,2
2026-05-21,601012,13:22:50,15.2200,64,1
2026-05-21,601012,13:22:53,15.2100,385,2
2026-05-21,601012,13:22:56,15.2000,155,2
2026-05-21,601012,13:22:59,15.2100,94,1
2026-05-21,601012,13:23:02,15.2100,56,1
2026-05-21,601012,13:23:05,15.2100,67,1
2026-05-21,601012,13:23:08,15.2100,20,1
2026-05-21,601012,13:23:11,15.2100,147,1
2026-05-21,601012,13:23:14,15.2000,28,2
2026-05-21,601012,13:23:17,15.2100,179,1
2026-05-21,601012,13:23:20,15.2000,130,2
2026-05-21,601012,13:23:23,15.2000,44,2
2026-05-21,601012,13:23:26,15.2000,31,2
2026-05-21,601012,13:23:29,15.2000,14,2
2026-05-21,601012,13:23:32,15.2000,31,2
2026-05-21,601012,13:23:35,15.2100,95,1
2026-05-21,601012,13:23:38,15.2100,873,1
2026-05-21,601012,13:23:41,15.2100,66,1
2026-05-21,601012,13:23:44,15.2100,7,1
2026-05-21,601012,13:23:47,15.2000,73,2
2026-05-21,601012,13:23:50,15.2000,98,2
2026-05-21,601012,13:23:53,15.2000,125,2
2026-05-21,601012,13:23:56,15.2000,138,2
2026-05-21,601012,13:23:59,15.2100,51,1
2026-05-21,601012,13:24:02,15.2100,51,1
2026-05-21,601012,13:24:05,15.2100,128,1
2026-05-21,601012,13:24:08,15.2100,24,1
2026-05-21,601012,13:24:11,15.2100,43,1
2026-05-21,601012,13:24:14,15.2100,681,1
2026-05-21,601012,13:24:17,15.2100,495,2
2026-05-21,601012,13:24:20,15.2200,33,1
2026-05-21,601012,13:24:23,15.2200,378,1
2026-05-21,601012,13:24:26,15.2100,237,2
2026-05-21,601012,13:24:29,15.2200,39,1
2026-05-21,601012,13:24:32,15.2200,11,1
2026-05-21,601012,13:24:35,15.2200,113,1
2026-05-21,601012,13:24:38,15.2200,44,1
2026-05-21,601012,13:24:41,15.2100,30,2
2026-05-21,601012,13:24:44,15.2100,42,2
2026-05-21,601012,13:24:47,15.2100,11,2
2026-05-21,601012,13:24:50,15.2100,23,2
2026-05-21,601012,13:24:53,15.2100,128,2
2026-05-21,601012,13:24:56,15.2100,50,2
2026-05-21,601012,13:24:59,15.2100,156,2
2026-05-21,601012,13:25:02,15.2200,17,1
2026-05-21,601012,13:25:05,15.2200,355,1
2026-05-21,601012,13:25:08,15.2200,107,1
2026-05-21,601012,13:25:11,15.2100,228,2
2026-05-21,601012,13:25:14,15.2200,15,1
2026-05-21,601012,13:25:17,15.2100,16,2
2026-05-21,601012,13:25:20,15.2100,82,2
2026-05-21,601012,13:25:23,15.2100,1444,2
2026-05-21,601012,13:25:26,15.2100,74,2
2026-05-21,601012,13:25:29,15.2200,231,1
2026-05-21,601012,13:25:32,15.2100,315,2
2026-05-21,601012,13:25:35,15.2000,87,2
2026-05-21,601012,13:25:38,15.2100,488,1
2026-05-21,601012,13:25:41,15.2100,58,1
2026-05-21,601012,13:25:44,15.2100,36,1
2026-05-21,601012,13:25:47,15.2100,94,1
2026-05-21,601012,13:25:50,15.2100,87,1
2026-05-21,601012,13:25:53,15.2000,232,2
2026-05-21,601012,13:25:56,15.2000,209,2
2026-05-21,601012,13:25:59,15.2100,39,1
2026-05-21,601012,13:26:02,15.2100,2,1
2026-05-21,601012,13:26:05,15.2000,16,2
2026-05-21,601012,13:26:08,15.2000,61,2
2026-05-21,601012,13:26:11,15.2000,65,2
2026-05-21,601012,13:26:14,15.2000,56,2
2026-05-21,601012,13:26:17,15.2100,53,1
2026-05-21,601012,13:26:20,15.2000,627,2
2026-05-21,601012,13:26:23,15.2000,9,2
2026-05-21,601012,13:26:26,15.2100,341,1
2026-05-21,601012,13:26:29,15.2000,4,2
2026-05-21,601012,13:26:32,15.2100,16,1
2026-05-21,601012,13:26:35,15.2000,27,2
2026-05-21,601012,13:26:38,15.2100,57,1
2026-05-21,601012,13:26:41,15.2000,13,2
2026-05-21,601012,13:26:44,15.2000,113,2
2026-05-21,601012,13:26:47,15.2100,87,1
2026-05-21,601012,13:26:50,15.2100,34,1
2026-05-21,601012,13:26:53,15.2000,114,2
2026-05-21,601012,13:26:56,15.2000,27,2
2026-05-21,601012,13:26:59,15.2000,50,2
2026-05-21,601012,13:27:02,15.2000,42,2
2026-05-21,601012,13:27:05,15.2000,126,2
2026-05-21,601012,13:27:08,15.2000,66,2
2026-05-21,601012,13:27:11,15.2100,93,1
2026-05-21,601012,13:27:14,15.2100,115,1
2026-05-21,601012,13:27:17,15.2000,22,2
2026-05-21,601012,13:27:20,15.2100,27,1
2026-05-21,601012,13:27:23,15.2000,178,2
2026-05-21,601012,13:27:26,15.2100,165,1
2026-05-21,601012,13:27:29,15.2000,25,2
2026-05-21,601012,13:27:32,15.2100,9,1
2026-05-21,601012,13:27:35,15.2000,33,2
2026-05-21,601012,13:27:38,15.2100,112,1
2026-05-21,601012,13:27:41,15.2100,63,1
2026-05-21,601012,13:27:44,15.2100,24,1
2026-05-21,601012,13:27:47,15.2100,82,1
2026-05-21,601012,13:27:50,15.2000,93,2
2026-05-21,601012,13:27:53,15.2000,153,2
2026-05-21,601012,13:27:56,15.2100,112,1
2026-05-21,601012,13:27:59,15.2100,6,1
2026-05-21,601012,13:28:02,15.2100,22,1
2026-05-21,601012,13:28:05,15.2000,382,2
2026-05-21,601012,13:28:08,15.2100,110,1
2026-05-21,601012,13:28:11,15.2000,31,2
2026-05-21,601012,13:28:14,15.2100,358,1
2026-05-21,601012,13:28:17,15.2000,8,2
2026-05-21,601012,13:28:20,15.2100,136,1
2026-05-21,601012,13:28:23,15.2100,86,1
2026-05-21,601012,13:28:26,15.2100,98,1
2026-05-21,601012,13:28:29,15.2100,86,1
2026-05-21,601012,13:28:32,15.2000,143,2
2026-05-21,601012,13:28:35,15.2000,49,2
2026-05-21,601012,13:28:38,15.2000,58,2
2026-05-21,601012,13:28:41,15.2000,589,2
2026-05-21,601012,13:28:44,15.2100,307,1
2026-05-21,601012,13:28:47,15.2100,118,1
2026-05-21,601012,13:28:50,15.2000,57,2
2026-05-21,601012,13:28:53,15.2100,17,1
2026-05-21,601012,13:28:56,15.2100,68,1
2026-05-21,601012,13:28:59,15.2000,21,2
2026-05-21,601012,13:29:02,15.2100,133,1
2026-05-21,601012,13:29:05,15.2100,84,1
2026-05-21,601012,13:29:08,15.2100,19,1
2026-05-21,601012,13:29:11,15.2100,253,1
2026-05-21,601012,13:29:14,15.2000,64,2
2026-05-21,601012,13:29:17,15.2000,70,2
2026-05-21,601012,13:29:20,15.2000,28,2
2026-05-21,601012,13:29:23,15.2000,83,2
2026-05-21,601012,13:29:26,15.2000,106,2
2026-05-21,601012,13:29:29,15.2000,36,2
2026-05-21,601012,13:29:32,15.2100,90,1
2026-05-21,601012,13:29:35,15.2000,166,2
2026-05-21,601012,13:29:38,15.2100,57,1
2026-05-21,601012,13:29:41,15.2000,2987,2
2026-05-21,601012,13:29:44,15.2000,530,2
2026-05-21,601012,13:29:47,15.2000,107,1
2026-05-21,601012,13:29:50,15.2000,22,1
2026-05-21,601012,13:29:53,15.2000,79,1
2026-05-21,601012,13:29:56,15.1900,173,2
2026-05-21,601012,13:29:59,15.2000,210,1
2026-05-21,601012,13:30:02,15.1900,63,2
2026-05-21,601012,13:30:05,15.1900,94,2
2026-05-21,601012,13:30:08,15.2000,1238,1
2026-05-21,601012,13:30:11,15.1900,612,2
2026-05-21,601012,13:30:14,15.1800,44,2
2026-05-21,601012,13:30:17,15.1800,44,2
2026-05-21,601012,13:30:20,15.1800,814,2
2026-05-21,601012,13:30:23,15.1800,615,2
2026-05-21,601012,13:30:26,15.1800,112,2
2026-05-21,601012,13:30:29,15.1800,716,2
2026-05-21,601012,13:30:32,15.1800,628,2
2026-05-21,601012,13:30:35,15.1700,509,2
2026-05-21,601012,13:30:38,15.1700,319,2
2026-05-21,601012,13:30:41,15.1700,72,2
2026-05-21,601012,13:30:44,15.1800,395,1
2026-05-21,601012,13:30:47,15.1800,926,1
2026-05-21,601012,13:30:50,15.1700,127,2
2026-05-21,601012,13:30:53,15.1700,191,2
2026-05-21,601012,13:30:56,15.1700,89,1
2026-05-21,601012,13:30:59,15.1700,79,1
2026-05-21,601012,13:31:02,15.1700,29,1
2026-05-21,601012,13:31:05,15.1600,353,2
2026-05-21,601012,13:31:08,15.1700,150,1
2026-05-21,601012,13:31:11,15.1700,183,1
2026-05-21,601012,13:31:14,15.1600,494,2
2026-05-21,601012,13:31:17,15.1700,482,1
2026-05-21,601012,13:31:20,15.1700,152,2
2026-05-21,601012,13:31:23,15.1700,270,2
2026-05-21,601012,13:31:26,15.1700,178,2
2026-05-21,601012,13:31:29,15.1800,165,1
2026-05-21,601012,13:31:32,15.1700,57,2
2026-05-21,601012,13:31:35,15.1700,88,2
2026-05-21,601012,13:31:38,15.1700,56,2
2026-05-21,601012,13:31:41,15.1800,103,1
2026-05-21,601012,13:31:44,15.1700,60,2
2026-05-21,601012,13:31:47,15.1800,437,1
2026-05-21,601012,13:31:50,15.1800,66,2
2026-05-21,601012,13:31:53,15.1800,115,2
2026-05-21,601012,13:31:56,15.1800,105,1
2026-05-21,601012,13:31:59,15.1800,91,1
2026-05-21,601012,13:32:02,15.1700,67,2
2026-05-21,601012,13:32:05,15.1800,59,4
2026-05-21,601012,13:32:08,15.1700,1040,2
2026-05-21,601012,13:32:11,15.1800,61,1
2026-05-21,601012,13:32:14,15.1700,127,2
2026-05-21,601012,13:32:17,15.1700,26,2
2026-05-21,601012,13:32:20,15.1700,19,2
2026-05-21,601012,13:32:23,15.1800,136,1
2026-05-21,601012,13:32:26,15.1700,626,2
2026-05-21,601012,13:32:29,15.1800,143,1
2026-05-21,601012,13:32:35,15.1800,126,1
2026-05-21,601012,13:32:38,15.1800,53,1
2026-05-21,601012,13:32:41,15.1700,28,2
2026-05-21,601012,13:32:44,15.1800,210,1
2026-05-21,601012,13:32:47,15.1800,83,1
2026-05-21,601012,13:32:50,15.1700,46,2
2026-05-21,601012,13:32:53,15.1700,27,2
2026-05-21,601012,13:32:56,15.1800,288,1
2026-05-21,601012,13:32:59,15.1700,47,2
2026-05-21,601012,13:33:02,15.1800,132,1
2026-05-21,601012,13:33:05,15.1800,13,1
2026-05-21,601012,13:33:08,15.1700,32,2
2026-05-21,601012,13:33:11,15.1700,341,2
2026-05-21,601012,13:33:14,15.1800,12,1
2026-05-21,601012,13:33:17,15.1700,118,2
2026-05-21,601012,13:33:20,15.1700,755,2
2026-05-21,601012,13:33:23,15.1800,99,1
2026-05-21,601012,13:33:26,15.1800,31,1
2026-05-21,601012,13:33:29,15.1700,76,2
2026-05-21,601012,13:33:32,15.1800,16,1
2026-05-21,601012,13:33:35,15.1700,76,2
2026-05-21,601012,13:33:38,15.1800,70,1
2026-05-21,601012,13:33:41,15.1700,22,2
2026-05-21,601012,13:33:44,15.1700,435,2
2026-05-21,601012,13:33:47,15.1700,44,1
2026-05-21,601012,13:33:50,15.1700,72,1
2026-05-21,601012,13:33:53,15.1600,55,2
2026-05-21,601012,13:33:56,15.1700,142,1
2026-05-21,601012,13:33:59,15.1700,49,2
2026-05-21,601012,13:34:02,15.1700,35,1
2026-05-21,601012,13:34:05,15.1700,63,1
2026-05-21,601012,13:34:08,15.1700,24,1
2026-05-21,601012,13:34:11,15.1600,86,2
2026-05-21,601012,13:34:14,15.1700,54,1
2026-05-21,601012,13:34:17,15.1600,177,2
2026-05-21,601012,13:34:20,15.1600,1747,2
2026-05-21,601012,13:34:23,15.1600,97,2
2026-05-21,601012,13:34:26,15.1600,158,2
2026-05-21,601012,13:34:29,15.1600,293,2
2026-05-21,601012,13:34:32,15.1700,159,1
2026-05-21,601012,13:34:35,15.1600,246,2
2026-05-21,601012,13:34:38,15.1600,124,2
2026-05-21,601012,13:34:41,15.1600,256,2
2026-05-21,601012,13:34:44,15.1600,35,2
2026-05-21,601012,13:34:47,15.1700,237,1
2026-05-21,601012,13:34:50,15.1600,51,2
2026-05-21,601012,13:34:53,15.1600,111,2
2026-05-21,601012,13:34:56,15.1600,54,2
2026-05-21,601012,13:34:59,15.1600,109,2
2026-05-21,601012,13:35:02,15.1700,285,1
2026-05-21,601012,13:35:05,15.1600,104,2
2026-05-21,601012,13:35:08,15.1600,89,2
2026-05-21,601012,13:35:11,15.1600,13,2
2026-05-21,601012,13:35:14,15.1600,61,2
2026-05-21,601012,13:35:17,15.1600,114,2
2026-05-21,601012,13:35:20,15.1600,173,2
2026-05-21,601012,13:35:23,15.1600,30,2
2026-05-21,601012,13:35:26,15.1700,173,1
2026-05-21,601012,13:35:29,15.1600,121,2
2026-05-21,601012,13:35:32,15.1700,23,1
2026-05-21,601012,13:35:35,15.1600,22,2
2026-05-21,601012,13:35:38,15.1700,1771,1
2026-05-21,601012,13:35:41,15.1700,127,1
2026-05-21,601012,13:35:44,15.1700,75,1
2026-05-21,601012,13:35:47,15.1600,22,2
2026-05-21,601012,13:35:50,15.1800,389,1
2026-05-21,601012,13:35:53,15.1700,1041,2
2026-05-21,601012,13:35:56,15.1700,190,2
2026-05-21,601012,13:35:59,15.1700,241,2
2026-05-21,601012,13:36:02,15.1700,36,1
2026-05-21,601012,13:36:05,15.1700,134,1
2026-05-21,601012,13:36:08,15.1700,48,1
2026-05-21,601012,13:36:11,15.1600,233,2
2026-05-21,601012,13:36:14,15.1600,120,2
2026-05-21,601012,13:36:17,15.1700,30,1
2026-05-21,601012,13:36:20,15.1700,197,1
2026-05-21,601012,13:36:23,15.1600,35,2
2026-05-21,601012,13:36:26,15.1600,166,2
2026-05-21,601012,13:36:29,15.1700,55,1
2026-05-21,601012,13:36:32,15.1600,99,2
2026-05-21,601012,13:36:35,15.1700,92,1
2026-05-21,601012,13:36:38,15.1600,101,2
2026-05-21,601012,13:36:41,15.1600,121,2
2026-05-21,601012,13:36:44,15.1600,45,2
2026-05-21,601012,13:36:47,15.1600,124,2
2026-05-21,601012,13:36:50,15.1600,71,2
2026-05-21,601012,13:36:53,15.1600,183,2
2026-05-21,601012,13:36:56,15.1600,205,2
2026-05-21,601012,13:36:59,15.1700,62,1
2026-05-21,601012,13:37:02,15.1600,108,2
2026-05-21,601012,13:37:05,15.1600,139,2
2026-05-21,601012,13:37:08,15.1600,167,2
2026-05-21,601012,13:37:11,15.1700,142,1
2026-05-21,601012,13:37:14,15.1600,78,2
2026-05-21,601012,13:37:17,15.1700,269,1
2026-05-21,601012,13:37:20,15.1700,10,1
2026-05-21,601012,13:37:23,15.1600,236,2
2026-05-21,601012,13:37:26,15.1700,105,1
2026-05-21,601012,13:37:29,15.1700,174,1
2026-05-21,601012,13:37:32,15.1700,8,1
2026-05-21,601012,13:37:35,15.1600,25,2
2026-05-21,601012,13:37:38,15.1700,41,1
2026-05-21,601012,13:37:41,15.1700,15,1
2026-05-21,601012,13:37:44,15.1600,43,2
2026-05-21,601012,13:37:47,15.1700,104,1
2026-05-21,601012,13:37:50,15.1700,26,1
2026-05-21,601012,13:37:53,15.1700,63,1
2026-05-21,601012,13:37:56,15.1600,25,2
2026-05-21,601012,13:37:59,15.1700,30,1
2026-05-21,601012,13:38:02,15.1700,323,1
2026-05-21,601012,13:38:05,15.1700,84,1
2026-05-21,601012,13:38:08,15.1700,414,1
2026-05-21,601012,13:38:11,15.1700,164,1
2026-05-21,601012,13:38:14,15.1600,182,2
2026-05-21,601012,13:38:17,15.1700,20,1
2026-05-21,601012,13:38:20,15.1600,127,2
2026-05-21,601012,13:38:23,15.1600,32,2
2026-05-21,601012,13:38:26,15.1600,77,2
2026-05-21,601012,13:38:32,15.1700,39,1
2026-05-21,601012,13:38:35,15.1700,36,1
2026-05-21,601012,13:38:38,15.1700,161,1
2026-05-21,601012,13:38:41,15.1700,356,1
2026-05-21,601012,13:38:44,15.1700,182,1
2026-05-21,601012,13:38:47,15.1700,486,1
2026-05-21,601012,13:38:50,15.1700,164,1
2026-05-21,601012,13:38:53,15.1700,193,1
2026-05-21,601012,13:38:56,15.1700,117,1
2026-05-21,601012,13:38:59,15.1600,70,2
2026-05-21,601012,13:39:02,15.1700,59,1
2026-05-21,601012,13:39:05,15.1600,93,2
2026-05-21,601012,13:39:08,15.1700,120,1
2026-05-21,601012,13:39:11,15.1600,191,2
2026-05-21,601012,13:39:14,15.1600,212,2
2026-05-21,601012,13:39:17,15.1600,71,2
2026-05-21,601012,13:39:20,15.1700,223,1
2026-05-21,601012,13:39:23,15.1600,248,2
2026-05-21,601012,13:39:26,15.1700,35,1
2026-05-21,601012,13:39:29,15.1700,131,1
2026-05-21,601012,13:39:32,15.1600,21,2
2026-05-21,601012,13:39:35,15.1600,94,2
2026-05-21,601012,13:39:38,15.1600,118,2
2026-05-21,601012,13:39:41,15.1600,983,2
2026-05-21,601012,13:39:44,15.1700,1186,1
2026-05-21,601012,13:39:47,15.1700,3,2
2026-05-21,601012,13:39:50,15.1700,54,2
2026-05-21,601012,13:39:53,15.1800,34,1
2026-05-21,601012,13:39:56,15.1700,66,2
2026-05-21,601012,13:39:59,15.1800,65,1
2026-05-21,601012,13:40:02,15.1700,1704,2
2026-05-21,601012,13:40:05,15.1700,28,1
2026-05-21,601012,13:40:08,15.1700,263,1
2026-05-21,601012,13:40:11,15.1700,103,1
2026-05-21,601012,13:40:14,15.1700,139,1
2026-05-21,601012,13:40:17,15.1700,172,1
2026-05-21,601012,13:40:20,15.1600,98,2
2026-05-21,601012,13:40:23,15.1600,56,2
2026-05-21,601012,13:40:26,15.1700,168,1
2026-05-21,601012,13:40:29,15.1700,49,1
2026-05-21,601012,13:40:32,15.1600,373,2
2026-05-21,601012,13:40:35,15.1700,128,1
2026-05-21,601012,13:40:38,15.1700,127,1
2026-05-21,601012,13:40:41,15.1600,69,2
2026-05-21,601012,13:40:44,15.1700,216,1
2026-05-21,601012,13:40:47,15.1600,73,2
2026-05-21,601012,13:40:50,15.1600,81,2
2026-05-21,601012,13:40:53,15.1600,82,2
2026-05-21,601012,13:40:56,15.1600,80,2
2026-05-21,601012,13:40:59,15.1600,60,2
2026-05-21,601012,13:41:02,15.1700,20,1
2026-05-21,601012,13:41:05,15.1600,329,2
2026-05-21,601012,13:41:08,15.1700,23,1
2026-05-21,601012,13:41:11,15.1600,93,2
2026-05-21,601012,13:41:14,15.1600,76,2
2026-05-21,601012,13:41:17,15.1700,2,1
2026-05-21,601012,13:41:20,15.1600,28,2
2026-05-21,601012,13:41:23,15.1600,196,2
2026-05-21,601012,13:41:26,15.1600,16,2
2026-05-21,601012,13:41:29,15.1700,30,1
2026-05-21,601012,13:41:32,15.1700,58,1
2026-05-21,601012,13:41:35,15.1700,225,1
2026-05-21,601012,13:41:38,15.1800,1087,1
2026-05-21,601012,13:41:41,15.1700,2,2
2026-05-21,601012,13:41:44,15.1700,125,2
2026-05-21,601012,13:41:47,15.1700,224,1
2026-05-21,601012,13:41:50,15.1700,502,2
2026-05-21,601012,13:41:53,15.1800,10,1
2026-05-21,601012,13:41:56,15.1800,26,1
2026-05-21,601012,13:41:59,15.1800,38,1
2026-05-21,601012,13:42:02,15.1700,1262,2
2026-05-21,601012,13:42:05,15.1700,109,2
2026-05-21,601012,13:42:08,15.1800,992,1
2026-05-21,601012,13:42:11,15.1700,98,2
2026-05-21,601012,13:42:14,15.1800,36,1
2026-05-21,601012,13:42:17,15.1800,134,1
2026-05-21,601012,13:42:20,15.1800,191,1
2026-05-21,601012,13:42:23,15.1800,30,1
2026-05-21,601012,13:42:26,15.1800,42,1
2026-05-21,601012,13:42:32,15.1800,9,2
2026-05-21,601012,13:42:35,15.1900,31,1
2026-05-21,601012,13:42:38,15.1900,76,1
2026-05-21,601012,13:42:41,15.1900,20,1
2026-05-21,601012,13:42:44,15.1900,108,1
2026-05-21,601012,13:42:47,15.1900,348,1
2026-05-21,601012,13:42:50,15.1900,28,1
2026-05-21,601012,13:42:53,15.1900,74,1
2026-05-21,601012,13:42:56,15.1800,155,2
2026-05-21,601012,13:42:59,15.1800,201,2
2026-05-21,601012,13:43:02,15.1900,35,1
2026-05-21,601012,13:43:05,15.1900,60,1
2026-05-21,601012,13:43:08,15.1900,19,1
2026-05-21,601012,13:43:11,15.1800,27,2
2026-05-21,601012,13:43:14,15.1800,19,2
2026-05-21,601012,13:43:17,15.1900,71,1
2026-05-21,601012,13:43:20,15.1900,97,1
2026-05-21,601012,13:43:23,15.1900,68,1
2026-05-21,601012,13:43:26,15.1900,88,1
2026-05-21,601012,13:43:29,15.1900,116,1
2026-05-21,601012,13:43:32,15.2000,19,1
2026-05-21,601012,13:43:35,15.1900,13,2
2026-05-21,601012,13:43:38,15.2000,22,1
2026-05-21,601012,13:43:41,15.2000,73,1
2026-05-21,601012,13:43:44,15.2000,128,1
2026-05-21,601012,13:43:47,15.2000,63,1
2026-05-21,601012,13:43:50,15.1900,91,2
2026-05-21,601012,13:43:53,15.1900,59,2
2026-05-21,601012,13:43:56,15.1900,122,2
2026-05-21,601012,13:43:59,15.2000,22,1
2026-05-21,601012,13:44:02,15.1900,11,2
2026-05-21,601012,13:44:05,15.2000,48,1
2026-05-21,601012,13:44:08,15.1900,62,2
2026-05-21,601012,13:44:11,15.1900,108,2
2026-05-21,601012,13:44:14,15.2000,56,1
2026-05-21,601012,13:44:17,15.2000,84,1
2026-05-21,601012,13:44:20,15.2000,179,1
2026-05-21,601012,13:44:23,15.2000,24,1
2026-05-21,601012,13:44:26,15.2000,15,1
2026-05-21,601012,13:44:29,15.1800,905,2
2026-05-21,601012,13:44:32,15.1900,64,1
2026-05-21,601012,13:44:35,15.1900,182,1
2026-05-21,601012,13:44:38,15.1900,108,1
2026-05-21,601012,13:44:41,15.1900,46,2
2026-05-21,601012,13:44:44,15.1900,25,2
2026-05-21,601012,13:44:47,15.1900,66,1
2026-05-21,601012,13:44:50,15.1900,87,1
2026-05-21,601012,13:44:53,15.1800,68,2
2026-05-21,601012,13:44:56,15.1900,67,1
2026-05-21,601012,13:44:59,15.1900,47,1
2026-05-21,601012,13:45:02,15.1900,152,1
2026-05-21,601012,13:45:05,15.1900,32,1
2026-05-21,601012,13:45:08,15.1800,19,2
2026-05-21,601012,13:45:11,15.1800,38,2
2026-05-21,601012,13:45:14,15.1900,65,1
2026-05-21,601012,13:45:17,15.1900,48,1
2026-05-21,601012,13:45:20,15.1800,16,2
2026-05-21,601012,13:45:23,15.1900,3,1
2026-05-21,601012,13:45:26,15.1900,77,1
2026-05-21,601012,13:45:29,15.1900,4,1
2026-05-21,601012,13:45:32,15.1900,27,1
2026-05-21,601012,13:45:35,15.1800,67,2
2026-05-21,601012,13:45:38,15.1900,80,1
2026-05-21,601012,13:45:41,15.1900,71,1
2026-05-21,601012,13:45:44,15.1900,39,1
2026-05-21,601012,13:45:47,15.1900,35,1
2026-05-21,601012,13:45:50,15.1800,66,2
2026-05-21,601012,13:45:53,15.1800,168,2
2026-05-21,601012,13:45:56,15.1800,64,2
2026-05-21,601012,13:45:59,15.1900,83,1
2026-05-21,601012,13:46:02,15.1900,100,1
2026-05-21,601012,13:46:05,15.1800,380,2
2026-05-21,601012,13:46:08,15.1800,83,2
2026-05-21,601012,13:46:11,15.1900,51,1
2026-05-21,601012,13:46:14,15.1800,25,2
2026-05-21,601012,13:46:17,15.1800,37,2
2026-05-21,601012,13:46:20,15.1900,153,1
2026-05-21,601012,13:46:23,15.1900,110,1
2026-05-21,601012,13:46:26,15.1900,59,1
2026-05-21,601012,13:46:32,15.1800,157,2
2026-05-21,601012,13:46:35,15.1800,30,2
2026-05-21,601012,13:46:38,15.1800,297,2
2026-05-21,601012,13:46:41,15.1800,72,2
2026-05-21,601012,13:46:44,15.1800,25,2
2026-05-21,601012,13:46:47,15.1800,193,2
2026-05-21,601012,13:46:50,15.1900,30,1
2026-05-21,601012,13:46:53,15.1800,13,2
2026-05-21,601012,13:46:56,15.1800,21,2
2026-05-21,601012,13:46:59,15.1900,12,1
2026-05-21,601012,13:47:02,15.1900,8,1
2026-05-21,601012,13:47:05,15.1800,90,2
2026-05-21,601012,13:47:08,15.1800,36,2
2026-05-21,601012,13:47:11,15.1800,214,2
2026-05-21,601012,13:47:14,15.1800,6,2
2026-05-21,601012,13:47:17,15.1900,12,1
2026-05-21,601012,13:47:20,15.1800,3,2
2026-05-21,601012,13:47:23,15.1900,63,1
2026-05-21,601012,13:47:26,15.1800,202,2
2026-05-21,601012,13:47:29,15.1900,18,1
2026-05-21,601012,13:47:32,15.1900,81,1
2026-05-21,601012,13:47:35,15.1900,70,1
2026-05-21,601012,13:47:38,15.1900,23,1
2026-05-21,601012,13:47:41,15.1800,27,2
2026-05-21,601012,13:47:44,15.1800,20,2
2026-05-21,601012,13:47:47,15.1800,678,2
2026-05-21,601012,13:47:50,15.1800,65,2
2026-05-21,601012,13:47:53,15.1800,78,2
2026-05-21,601012,13:47:56,15.1800,28,2
2026-05-21,601012,13:47:59,15.1800,6,2
2026-05-21,601012,13:48:02,15.1800,1134,2
2026-05-21,601012,13:48:05,15.1800,26,1
2026-05-21,601012,13:48:08,15.1800,45,1
2026-05-21,601012,13:48:11,15.1700,53,2
2026-05-21,601012,13:48:14,15.1800,48,1
2026-05-21,601012,13:48:17,15.1800,190,1
2026-05-21,601012,13:48:20,15.1700,38,2
2026-05-21,601012,13:48:23,15.1800,40,1
2026-05-21,601012,13:48:26,15.1800,38,1
2026-05-21,601012,13:48:29,15.1700,178,2
2026-05-21,601012,13:48:32,15.1700,16,2
2026-05-21,601012,13:48:35,15.1700,173,2
2026-05-21,601012,13:48:38,15.1700,504,2
2026-05-21,601012,13:48:41,15.1700,572,2
2026-05-21,601012,13:48:44,15.1700,327,2
2026-05-21,601012,13:48:47,15.1700,171,2
2026-05-21,601012,13:48:50,15.1700,413,2
2026-05-21,601012,13:48:53,15.1700,88,2
2026-05-21,601012,13:48:56,15.1700,378,2
2026-05-21,601012,13:48:59,15.1700,44,1
2026-05-21,601012,13:49:02,15.1600,231,2
2026-05-21,601012,13:49:05,15.1700,23,1
2026-05-21,601012,13:49:08,15.1700,68,1
2026-05-21,601012,13:49:11,15.1700,40,1
2026-05-21,601012,13:49:14,15.1700,20,1
2026-05-21,601012,13:49:17,15.1600,30,2
2026-05-21,601012,13:49:20,15.1600,33,2
2026-05-21,601012,13:49:23,15.1600,39,2
2026-05-21,601012,13:49:26,15.1600,41,2
2026-05-21,601012,13:49:29,15.1600,77,2
2026-05-21,601012,13:49:32,15.1700,5,1
2026-05-21,601012,13:49:35,15.1700,1211,1
2026-05-21,601012,13:49:38,15.1600,1866,2
2026-05-21,601012,13:49:41,15.1500,631,2
2026-05-21,601012,13:49:44,15.1600,271,1
2026-05-21,601012,13:49:47,15.1500,96,2
2026-05-21,601012,13:49:50,15.1500,33,2
2026-05-21,601012,13:49:53,15.1500,195,2
2026-05-21,601012,13:49:56,15.1600,172,1
2026-05-21,601012,13:49:59,15.1500,144,2
2026-05-21,601012,13:50:02,15.1500,74,2
2026-05-21,601012,13:50:05,15.1500,100,2
2026-05-21,601012,13:50:08,15.1600,82,1
2026-05-21,601012,13:50:11,15.1600,207,1
2026-05-21,601012,13:50:14,15.1600,102,1
2026-05-21,601012,13:50:17,15.1500,99,2
2026-05-21,601012,13:50:20,15.1500,29,2
2026-05-21,601012,13:50:23,15.1600,217,1
2026-05-21,601012,13:50:26,15.1600,147,1
2026-05-21,601012,13:50:29,15.1500,135,2
2026-05-21,601012,13:50:32,15.1500,372,2
2026-05-21,601012,13:50:35,15.1500,85,2
2026-05-21,601012,13:50:38,15.1600,121,1
2026-05-21,601012,13:50:41,15.1600,51,1
2026-05-21,601012,13:50:44,15.1600,54,1
2026-05-21,601012,13:50:47,15.1600,36,1
2026-05-21,601012,13:50:50,15.1500,39,2
2026-05-21,601012,13:50:53,15.1500,41,2
2026-05-21,601012,13:50:56,15.1600,115,1
2026-05-21,601012,13:50:59,15.1600,108,1
2026-05-21,601012,13:51:02,15.1500,150,2
2026-05-21,601012,13:51:05,15.1500,374,2
2026-05-21,601012,13:51:08,15.1500,247,2
2026-05-21,601012,13:51:11,15.1500,146,2
2026-05-21,601012,13:51:14,15.1500,1705,2
2026-05-21,601012,13:51:17,15.1500,2804,2
2026-05-21,601012,13:51:20,15.1500,459,2
2026-05-21,601012,13:51:23,15.1500,1314,2
2026-05-21,601012,13:51:26,15.1400,90,2
2026-05-21,601012,13:51:29,15.1500,22,1
2026-05-21,601012,13:51:32,15.1400,224,2
2026-05-21,601012,13:51:35,15.1400,31,2
2026-05-21,601012,13:51:38,15.1400,103,2
2026-05-21,601012,13:51:41,15.1400,95,2
2026-05-21,601012,13:51:44,15.1400,338,2
2026-05-21,601012,13:51:47,15.1400,178,2
2026-05-21,601012,13:51:50,15.1400,342,2
2026-05-21,601012,13:51:53,15.1400,298,2
2026-05-21,601012,13:51:56,15.1400,234,2
2026-05-21,601012,13:51:59,15.1400,115,1
2026-05-21,601012,13:52:02,15.1300,168,2
2026-05-21,601012,13:52:05,15.1400,208,1
2026-05-21,601012,13:52:08,15.1400,369,1
2026-05-21,601012,13:52:11,15.1300,73,2
2026-05-21,601012,13:52:14,15.1300,272,2
2026-05-21,601012,13:52:17,15.1400,34,1
2026-05-21,601012,13:52:20,15.1400,143,1
2026-05-21,601012,13:52:23,15.1300,18,2
2026-05-21,601012,13:52:26,15.1300,111,2
2026-05-21,601012,13:52:29,15.1300,157,2
2026-05-21,601012,13:52:32,15.1400,311,1
2026-05-21,601012,13:52:35,15.1400,106,1
2026-05-21,601012,13:52:38,15.1400,25,1
2026-05-21,601012,13:52:41,15.1400,190,1
2026-05-21,601012,13:52:44,15.1400,57,1
2026-05-21,601012,13:52:47,15.1300,119,2
2026-05-21,601012,13:52:50,15.1300,124,2
2026-05-21,601012,13:52:53,15.1300,47,2
2026-05-21,601012,13:52:56,15.1300,107,2
2026-05-21,601012,13:52:59,15.1300,699,2
2026-05-21,601012,13:53:02,15.1300,248,2
2026-05-21,601012,13:53:05,15.1300,246,2
2026-05-21,601012,13:53:08,15.1300,56,1
2026-05-21,601012,13:53:11,15.1300,115,1
2026-05-21,601012,13:53:14,15.1200,43,2
2026-05-21,601012,13:53:17,15.1200,267,2
2026-05-21,601012,13:53:20,15.1200,135,2
2026-05-21,601012,13:53:23,15.1300,105,1
2026-05-21,601012,13:53:26,15.1200,530,2
2026-05-21,601012,13:53:29,15.1200,274,2
2026-05-21,601012,13:53:32,15.1200,85,2
2026-05-21,601012,13:53:35,15.1200,90,2
2026-05-21,601012,13:53:38,15.1200,131,2
2026-05-21,601012,13:53:41,15.1200,77,2
2026-05-21,601012,13:53:44,15.1200,290,2
2026-05-21,601012,13:53:47,15.1200,72,2
2026-05-21,601012,13:53:50,15.1200,56,2
2026-05-21,601012,13:53:53,15.1300,1313,1
2026-05-21,601012,13:53:56,15.1300,174,2
2026-05-21,601012,13:53:59,15.1300,134,2
2026-05-21,601012,13:54:02,15.1400,143,1
2026-05-21,601012,13:54:05,15.1300,110,2
2026-05-21,601012,13:54:08,15.1300,65,1
2026-05-21,601012,13:54:11,15.1300,116,1
2026-05-21,601012,13:54:14,15.1300,104,1
2026-05-21,601012,13:54:17,15.1300,34,2
2026-05-21,601012,13:54:20,15.1400,205,1
2026-05-21,601012,13:54:23,15.1400,127,1
2026-05-21,601012,13:54:26,15.1400,240,1
2026-05-21,601012,13:54:29,15.1400,106,1
2026-05-21,601012,13:54:32,15.1300,105,2
2026-05-21,601012,13:54:35,15.1300,42,2
2026-05-21,601012,13:54:38,15.1300,84,2
2026-05-21,601012,13:54:41,15.1400,23,1
2026-05-21,601012,13:54:44,15.1300,192,2
2026-05-21,601012,13:54:47,15.1400,16,1
2026-05-21,601012,13:54:50,15.1400,147,1
2026-05-21,601012,13:54:53,15.1400,285,1
2026-05-21,601012,13:54:56,15.1400,224,1
2026-05-21,601012,13:54:59,15.1300,11,2
2026-05-21,601012,13:55:02,15.1400,24,1
2026-05-21,601012,13:55:05,15.1400,1143,1
2026-05-21,601012,13:55:08,15.1300,11,2
2026-05-21,601012,13:55:11,15.1400,195,1
2026-05-21,601012,13:55:14,15.1400,161,1
2026-05-21,601012,13:55:17,15.1400,142,1
2026-05-21,601012,13:55:20,15.1400,11,1
2026-05-21,601012,13:55:23,15.1300,81,2
2026-05-21,601012,13:55:26,15.1300,24,2
2026-05-21,601012,13:55:29,15.1400,94,1
2026-05-21,601012,13:55:32,15.1400,199,1
2026-05-21,601012,13:55:35,15.1300,64,2
2026-05-21,601012,13:55:38,15.1400,114,1
2026-05-21,601012,13:55:41,15.1300,45,2
2026-05-21,601012,13:55:44,15.1300,195,2
2026-05-21,601012,13:55:47,15.1400,77,1
2026-05-21,601012,13:55:50,15.1400,21,1
2026-05-21,601012,13:55:53,15.1300,29,2
2026-05-21,601012,13:55:56,15.1400,16,1
2026-05-21,601012,13:55:59,15.1300,97,2
2026-05-21,601012,13:56:05,15.1300,136,2
2026-05-21,601012,13:56:08,15.1300,245,2
2026-05-21,601012,13:56:11,15.1300,37,2
2026-05-21,601012,13:56:14,15.1300,131,2
2026-05-21,601012,13:56:17,15.1300,32,2
2026-05-21,601012,13:56:20,15.1300,348,2
2026-05-21,601012,13:56:23,15.1400,736,1
2026-05-21,601012,13:56:26,15.1400,80,1
2026-05-21,601012,13:56:29,15.1300,43,2
2026-05-21,601012,13:56:32,15.1300,27,2
2026-05-21,601012,13:56:35,15.1400,132,1
2026-05-21,601012,13:56:38,15.1300,1330,2
2026-05-21,601012,13:56:41,15.1400,166,1
2026-05-21,601012,13:56:44,15.1300,139,2
2026-05-21,601012,13:56:47,15.1300,248,2
2026-05-21,601012,13:56:50,15.1200,40,2
2026-05-21,601012,13:56:53,15.1300,28,1
2026-05-21,601012,13:56:56,15.1300,102,1
2026-05-21,601012,13:56:59,15.1300,53,1
2026-05-21,601012,13:57:02,15.1300,101,1
2026-05-21,601012,13:57:05,15.1200,67,2
2026-05-21,601012,13:57:08,15.1300,103,1
2026-05-21,601012,13:57:11,15.1300,21,1
2026-05-21,601012,13:57:14,15.1200,26,2
2026-05-21,601012,13:57:17,15.1200,207,2
2026-05-21,601012,13:57:20,15.1300,135,1
2026-05-21,601012,13:57:23,15.1200,718,2
2026-05-21,601012,13:57:26,15.1300,205,1
2026-05-21,601012,13:57:29,15.1200,63,2
2026-05-21,601012,13:57:32,15.1200,105,2
2026-05-21,601012,13:57:35,15.1200,145,2
2026-05-21,601012,13:57:38,15.1300,37,1
2026-05-21,601012,13:57:41,15.1300,265,1
2026-05-21,601012,13:57:44,15.1200,73,2
2026-05-21,601012,13:57:47,15.1300,117,1
2026-05-21,601012,13:57:50,15.1200,236,2
2026-05-21,601012,13:57:53,15.1200,90,2
2026-05-21,601012,13:57:56,15.1200,240,2
2026-05-21,601012,13:57:59,15.1200,1015,2
2026-05-21,601012,13:58:02,15.1200,85,1
2026-05-21,601012,13:58:05,15.1200,55,1
2026-05-21,601012,13:58:08,15.1200,78,1
2026-05-21,601012,13:58:11,15.1100,102,2
2026-05-21,601012,13:58:14,15.1200,213,1
2026-05-21,601012,13:58:17,15.1200,165,1
2026-05-21,601012,13:58:20,15.1200,118,1
2026-05-21,601012,13:58:23,15.1200,65,1
2026-05-21,601012,13:58:26,15.1100,152,2
2026-05-21,601012,13:58:29,15.1200,210,1
2026-05-21,601012,13:58:32,15.1200,470,1
2026-05-21,601012,13:58:35,15.1100,90,2
2026-05-21,601012,13:58:38,15.1100,240,2
2026-05-21,601012,13:58:41,15.1100,86,2
2026-05-21,601012,13:58:44,15.1200,203,1
2026-05-21,601012,13:58:47,15.1100,88,2
2026-05-21,601012,13:58:50,15.1200,31,1
2026-05-21,601012,13:58:53,15.1100,71,2
2026-05-21,601012,13:58:56,15.1200,134,1
2026-05-21,601012,13:58:59,15.1200,892,1
2026-05-21,601012,13:59:02,15.1200,80,1
2026-05-21,601012,13:59:05,15.1200,146,1
2026-05-21,601012,13:59:08,15.1100,128,2
2026-05-21,601012,13:59:11,15.1100,173,2
2026-05-21,601012,13:59:14,15.1100,69,2
2026-05-21,601012,13:59:17,15.1200,1634,1
2026-05-21,601012,13:59:20,15.1100,166,2
2026-05-21,601012,13:59:23,15.1100,1209,2
2026-05-21,601012,13:59:26,15.1200,1021,1
2026-05-21,601012,13:59:29,15.1100,392,2
2026-05-21,601012,13:59:32,15.1100,37,2
2026-05-21,601012,13:59:35,15.1100,58,2
2026-05-21,601012,13:59:38,15.1200,236,1
2026-05-21,601012,13:59:41,15.1100,132,2
2026-05-21,601012,13:59:44,15.1100,168,2
2026-05-21,601012,13:59:47,15.1100,181,2
2026-05-21,601012,13:59:50,15.1200,87,1
2026-05-21,601012,13:59:53,15.1100,42,2
2026-05-21,601012,13:59:56,15.1100,354,2
2026-05-21,601012,13:59:59,15.1100,388,2
2026-05-21,601012,14:00:02,15.1100,32,1
2026-05-21,601012,14:00:05,15.1100,76,1
2026-05-21,601012,14:00:08,15.1000,159,2
2026-05-21,601012,14:00:11,15.1000,284,2
2026-05-21,601012,14:00:14,15.1100,735,1
2026-05-21,601012,14:00:17,15.1100,933,2
2026-05-21,601012,14:00:20,15.1100,180,2
2026-05-21,601012,14:00:23,15.1100,68,1
2026-05-21,601012,14:00:26,15.1100,330,1
2026-05-21,601012,14:00:29,15.1100,366,2
2026-05-21,601012,14:00:32,15.1100,214,2
2026-05-21,601012,14:00:35,15.1100,340,2
2026-05-21,601012,14:00:38,15.1100,93,1
2026-05-21,601012,14:00:41,15.1100,183,1
2026-05-21,601012,14:00:44,15.1000,123,2
2026-05-21,601012,14:00:47,15.1100,178,1
2026-05-21,601012,14:00:50,15.1100,108,1
2026-05-21,601012,14:00:53,15.1100,408,1
2026-05-21,601012,14:00:56,15.1000,210,2
2026-05-21,601012,14:00:59,15.1100,139,1
2026-05-21,601012,14:01:02,15.1000,337,2
2026-05-21,601012,14:01:05,15.1000,68,2
2026-05-21,601012,14:01:08,15.1100,103,1
2026-05-21,601012,14:01:11,15.1000,72,2
2026-05-21,601012,14:01:14,15.1100,117,1
2026-05-21,601012,14:01:17,15.1000,80,2
2026-05-21,601012,14:01:20,15.1100,105,1
2026-05-21,601012,14:01:23,15.1100,28,1
2026-05-21,601012,14:01:26,15.1100,60,1
2026-05-21,601012,14:01:29,15.1000,69,2
2026-05-21,601012,14:01:32,15.1100,79,1
2026-05-21,601012,14:01:35,15.1000,60,2
2026-05-21,601012,14:01:38,15.1100,15,1
2026-05-21,601012,14:01:41,15.1000,73,2
2026-05-21,601012,14:01:44,15.1000,58,2
2026-05-21,601012,14:01:47,15.1000,338,2
2026-05-21,601012,14:01:50,15.1000,38,2
2026-05-21,601012,14:01:53,15.1000,194,2
2026-05-21,601012,14:01:56,15.1100,201,1
2026-05-21,601012,14:01:59,15.1000,430,2
2026-05-21,601012,14:02:02,15.1100,102,1
2026-05-21,601012,14:02:05,15.1100,84,1
2026-05-21,601012,14:02:08,15.1000,96,2
2026-05-21,601012,14:02:11,15.1100,258,1
2026-05-21,601012,14:02:14,15.1100,426,1
2026-05-21,601012,14:02:17,15.1100,3,1
2026-05-21,601012,14:02:20,15.1000,113,2
2026-05-21,601012,14:02:23,15.1100,122,1
2026-05-21,601012,14:02:26,15.1000,339,2
2026-05-21,601012,14:02:29,15.1000,9840,2
2026-05-21,601012,14:02:32,15.1000,249,1
2026-05-21,601012,14:02:35,15.1000,141,1
2026-05-21,601012,14:02:38,15.1000,1046,1
2026-05-21,601012,14:02:41,15.0900,219,2
2026-05-21,601012,14:02:44,15.0900,243,2
2026-05-21,601012,14:02:47,15.0900,340,2
2026-05-21,601012,14:02:50,15.0900,95,2
2026-05-21,601012,14:02:53,15.0900,343,2
2026-05-21,601012,14:02:56,15.0900,214,2
2026-05-21,601012,14:02:59,15.0900,360,1
2026-05-21,601012,14:03:02,15.0900,92,1
2026-05-21,601012,14:03:05,15.0900,98,1
2026-05-21,601012,14:03:08,15.0800,481,2
2026-05-21,601012,14:03:11,15.0900,679,1
2026-05-21,601012,14:03:14,15.0900,230,2
2026-05-21,601012,14:03:17,15.0900,261,2
2026-05-21,601012,14:03:20,15.1000,203,1
2026-05-21,601012,14:03:23,15.1000,301,1
2026-05-21,601012,14:03:26,15.0900,93,2
2026-05-21,601012,14:03:29,15.0900,234,2
2026-05-21,601012,14:03:32,15.0900,130,2
2026-05-21,601012,14:03:35,15.1000,147,1
2026-05-21,601012,14:03:38,15.0900,119,2
2026-05-21,601012,14:03:41,15.0900,207,1
2026-05-21,601012,14:03:44,15.0900,85,2
2026-05-21,601012,14:03:47,15.0900,189,2
2026-05-21,601012,14:03:50,15.0900,151,1
2026-05-21,601012,14:03:53,15.0900,1,2
2026-05-21,601012,14:03:56,15.0900,131,2
2026-05-21,601012,14:03:59,15.1000,98,1
2026-05-21,601012,14:04:02,15.1000,364,1
2026-05-21,601012,14:04:05,15.1000,209,1
2026-05-21,601012,14:04:08,15.1000,60,1
2026-05-21,601012,14:04:11,15.1000,23,1
2026-05-21,601012,14:04:14,15.0900,248,2
2026-05-21,601012,14:04:17,15.0900,56,2
2026-05-21,601012,14:04:20,15.1000,1214,1
2026-05-21,601012,14:04:23,15.0900,234,2
2026-05-21,601012,14:04:26,15.0900,268,2
2026-05-21,601012,14:04:29,15.0900,121,2
2026-05-21,601012,14:04:32,15.0900,20,2
2026-05-21,601012,14:04:35,15.0900,184,2
2026-05-21,601012,14:04:38,15.1000,191,1
2026-05-21,601012,14:04:41,15.1000,22,1
2026-05-21,601012,14:04:44,15.1000,104,1
2026-05-21,601012,14:04:47,15.0900,102,2
2026-05-21,601012,14:04:50,15.0900,688,2
2026-05-21,601012,14:04:53,15.0900,1016,1
2026-05-21,601012,14:04:56,15.0800,139,2
2026-05-21,601012,14:04:59,15.0900,28,1
2026-05-21,601012,14:05:02,15.0900,32,1
2026-05-21,601012,14:05:05,15.0900,74,1
2026-05-21,601012,14:05:08,15.0900,847,1
2026-05-21,601012,14:05:11,15.1100,1967,1
2026-05-21,601012,14:05:14,15.1000,62,2
2026-05-21,601012,14:05:17,15.1000,23,2
2026-05-21,601012,14:05:20,15.1000,216,2
2026-05-21,601012,14:05:23,15.1000,34,1
2026-05-21,601012,14:05:26,15.0900,24,2
2026-05-21,601012,14:05:29,15.1000,44,1
2026-05-21,601012,14:05:32,15.1000,153,2
2026-05-21,601012,14:05:35,15.0900,466,2
2026-05-21,601012,14:05:38,15.1000,133,1
2026-05-21,601012,14:05:41,15.1000,19,2
2026-05-21,601012,14:05:44,15.1000,133,2
2026-05-21,601012,14:05:47,15.1100,10,1
2026-05-21,601012,14:05:50,15.1000,947,2
2026-05-21,601012,14:05:53,15.1000,66,1
2026-05-21,601012,14:05:56,15.1000,117,1
2026-05-21,601012,14:05:59,15.1000,59,1
2026-05-21,601012,14:06:02,15.0900,570,2
2026-05-21,601012,14:06:05,15.1000,248,1
2026-05-21,601012,14:06:08,15.1000,128,1
2026-05-21,601012,14:06:11,15.1100,11,1
2026-05-21,601012,14:06:14,15.1000,108,2
2026-05-21,601012,14:06:17,15.1000,427,2
2026-05-21,601012,14:06:20,15.1100,300,1
2026-05-21,601012,14:06:23,15.1100,145,1
2026-05-21,601012,14:06:26,15.1100,29,1
2026-05-21,601012,14:06:29,15.1100,134,1
2026-05-21,601012,14:06:32,15.1000,954,2
2026-05-21,601012,14:06:35,15.1000,50,1
2026-05-21,601012,14:06:38,15.1000,40,2
2026-05-21,601012,14:06:41,15.1100,3,1
2026-05-21,601012,14:06:44,15.1000,967,2
2026-05-21,601012,14:06:47,15.1000,155,1
2026-05-21,601012,14:06:50,15.1000,265,1
2026-05-21,601012,14:06:53,15.1000,155,1
2026-05-21,601012,14:06:56,15.1000,222,1
2026-05-21,601012,14:06:59,15.0900,3986,2
2026-05-21,601012,14:07:02,15.0900,81,1
2026-05-21,601012,14:07:05,15.0800,343,2
2026-05-21,601012,10:55:47,15.2900,93,2
2026-05-21,601012,10:55:50,15.2900,110,2
2026-05-21,601012,10:55:53,15.2900,39,2
2026-05-21,601012,10:55:56,15.2900,65,2
2026-05-21,601012,10:55:59,15.3000,50,1
2026-05-21,601012,10:56:02,15.2900,81,2
2026-05-21,601012,10:56:05,15.3000,5,1
2026-05-21,601012,10:56:08,15.3100,1500,1
2026-05-21,601012,10:56:11,15.3100,175,1
2026-05-21,601012,10:56:14,15.3100,232,1
2026-05-21,601012,10:56:17,15.3100,26,2
2026-05-21,601012,10:56:20,15.3200,44,1
2026-05-21,601012,10:56:23,15.3200,54,1
2026-05-21,601012,10:56:26,15.3100,90,2
2026-05-21,601012,10:56:29,15.3200,14,1
2026-05-21,601012,10:56:32,15.3200,26,1
2026-05-21,601012,10:56:35,15.3300,584,1
2026-05-21,601012,10:56:38,15.3200,73,2
2026-05-21,601012,10:56:41,15.3200,36,2
2026-05-21,601012,10:56:44,15.3300,16,1
2026-05-21,601012,10:56:47,15.3200,358,2
2026-05-21,601012,10:56:50,15.3200,21,1
2026-05-21,601012,10:56:53,15.3200,52,1
2026-05-21,601012,10:56:56,15.3200,7,2
2026-05-21,601012,10:56:59,15.3300,93,1
2026-05-21,601012,10:57:02,15.3200,20,2
2026-05-21,601012,10:57:05,15.3200,36,2
2026-05-21,601012,10:57:08,15.3200,27,2
2026-05-21,601012,10:57:11,15.3200,59,2
2026-05-21,601012,10:57:14,15.3200,27,2
2026-05-21,601012,10:57:17,15.3300,7,1
2026-05-21,601012,10:57:20,15.3200,30,2
2026-05-21,601012,10:57:23,15.3300,6,1
2026-05-21,601012,10:57:26,15.3200,77,2
2026-05-21,601012,10:57:29,15.3200,103,2
2026-05-21,601012,10:57:32,15.3200,106,2
2026-05-21,601012,10:57:35,15.3300,136,1
2026-05-21,601012,10:57:38,15.3200,133,4
2026-05-21,601012,10:57:41,15.3200,24,1
2026-05-21,601012,10:57:44,15.3100,24,2
2026-05-21,601012,10:57:47,15.3100,34,2
2026-05-21,601012,10:57:50,15.3100,67,2
2026-05-21,601012,10:57:53,15.3100,16,2
2026-05-21,601012,10:57:56,15.3100,206,2
2026-05-21,601012,10:57:59,15.3100,61,2
2026-05-21,601012,10:58:02,15.3200,106,1
2026-05-21,601012,10:58:05,15.3200,117,1
2026-05-21,601012,10:58:08,15.3200,38,1
2026-05-21,601012,10:58:11,15.3200,31,1
2026-05-21,601012,10:58:14,15.3200,11,1
2026-05-21,601012,10:58:17,15.3200,34,1
2026-05-21,601012,10:58:20,15.3100,19,2
2026-05-21,601012,10:58:23,15.3100,41,2
2026-05-21,601012,10:58:26,15.3100,123,2
2026-05-21,601012,10:58:29,15.3200,26,1
2026-05-21,601012,10:58:32,15.3100,62,2
2026-05-21,601012,10:58:35,15.3100,42,2
2026-05-21,601012,10:58:38,15.3100,151,2
2026-05-21,601012,10:58:41,15.3100,71,2
2026-05-21,601012,10:58:44,15.3100,207,2
2026-05-21,601012,10:58:47,15.3000,62,2
2026-05-21,601012,10:58:50,15.3000,64,2
2026-05-21,601012,10:58:53,15.3100,1,1
2026-05-21,601012,10:58:56,15.3000,65,2
2026-05-21,601012,10:58:59,15.3000,78,2
2026-05-21,601012,10:59:02,15.3100,30,1
2026-05-21,601012,10:59:05,15.3000,339,2
2026-05-21,601012,10:59:08,15.3000,50,2
2026-05-21,601012,10:59:11,15.3100,247,1
2026-05-21,601012,10:59:14,15.3100,21,1
2026-05-21,601012,10:59:17,15.3100,208,2
2026-05-21,601012,10:59:20,15.3100,43,2
2026-05-21,601012,10:59:23,15.3100,112,2
2026-05-21,601012,10:59:26,15.3100,107,2
2026-05-21,601012,10:59:29,15.3100,171,2
2026-05-21,601012,10:59:32,15.3200,83,1
2026-05-21,601012,10:59:35,15.3100,153,2
2026-05-21,601012,10:59:38,15.3100,142,2
2026-05-21,601012,10:59:41,15.3100,37,1
2026-05-21,601012,10:59:44,15.3100,22,1
2026-05-21,601012,10:59:47,15.3000,184,2
2026-05-21,601012,10:59:50,15.3100,47,1
2026-05-21,601012,10:59:53,15.3000,228,2
2026-05-21,601012,10:59:56,15.3100,116,4
2026-05-21,601012,10:59:59,15.3000,55,2
2026-05-21,601012,11:00:02,15.3000,205,2
2026-05-21,601012,11:00:05,15.3000,82,2
2026-05-21,601012,11:00:08,15.3000,261,2
2026-05-21,601012,11:00:11,15.3100,14,1
2026-05-21,601012,11:00:14,15.3000,1226,2
2026-05-21,601012,11:00:17,15.3000,4,1
2026-05-21,601012,11:00:20,15.3000,66,1
2026-05-21,601012,11:00:23,15.3000,50,1
2026-05-21,601012,11:00:26,15.3000,16,1
2026-05-21,601012,11:00:29,15.2900,80,2
2026-05-21,601012,11:00:32,15.3000,22,1
2026-05-21,601012,11:00:35,15.2900,400,2
2026-05-21,601012,11:00:38,15.3000,49,1
2026-05-21,601012,11:00:41,15.2900,137,2
2026-05-21,601012,11:00:44,15.3000,16,1
2026-05-21,601012,11:00:47,15.3000,338,1
2026-05-21,601012,11:00:50,15.3000,663,2
2026-05-21,601012,11:00:53,15.3100,372,1
2026-05-21,601012,11:00:56,15.3100,27,2
2026-05-21,601012,11:00:59,15.3100,27,2
2026-05-21,601012,11:01:02,15.3100,245,2
2026-05-21,601012,11:01:05,15.3200,85,1
2026-05-21,601012,11:01:08,15.3100,187,2
2026-05-21,601012,11:01:11,15.3100,19,1
2026-05-21,601012,11:01:14,15.3200,769,1
2026-05-21,601012,11:01:17,15.3200,40,2
2026-05-21,601012,11:01:20,15.3200,155,2
2026-05-21,601012,11:01:23,15.3200,18,1
2026-05-21,601012,11:01:26,15.3200,15,1
2026-05-21,601012,11:01:29,15.3200,33,2
2026-05-21,601012,11:01:32,15.3200,28,2
2026-05-21,601012,11:01:35,15.3200,70,2
2026-05-21,601012,11:01:38,15.3200,48,2
2026-05-21,601012,11:01:41,15.3300,127,1
2026-05-21,601012,11:01:44,15.3200,58,1
2026-05-21,601012,11:01:47,15.3200,9,2
2026-05-21,601012,11:01:50,15.3100,345,2
2026-05-21,601012,11:01:53,15.3200,51,2
2026-05-21,601012,11:01:56,15.3200,124,1
2026-05-21,601012,11:01:59,15.3200,52,1
2026-05-21,601012,11:02:02,15.3200,34,2
2026-05-21,601012,11:02:05,15.3000,409,2
2026-05-21,601012,11:02:08,15.3200,117,1
2026-05-21,601012,11:02:11,15.3100,132,4
2026-05-21,601012,11:02:14,15.3000,86,2
2026-05-21,601012,11:02:20,15.3000,121,2
2026-05-21,601012,11:02:23,15.3000,35,2
2026-05-21,601012,11:02:26,15.3100,250,1
2026-05-21,601012,11:02:29,15.3100,61,1
2026-05-21,601012,11:02:32,15.3100,1,1
2026-05-21,601012,11:02:35,15.3100,46,2
2026-05-21,601012,11:02:38,15.3000,30,2
2026-05-21,601012,11:02:41,15.3100,215,1
2026-05-21,601012,11:02:44,15.3100,12,1
2026-05-21,601012,11:02:47,15.3100,161,1
2026-05-21,601012,11:02:50,15.3100,106,1
2026-05-21,601012,11:02:53,15.3000,8,2
2026-05-21,601012,11:02:56,15.3000,352,2
2026-05-21,601012,11:02:59,15.3000,30,2
2026-05-21,601012,11:03:02,15.3000,98,2
2026-05-21,601012,11:03:05,15.3100,1,1
2026-05-21,601012,11:03:08,15.3000,49,2
2026-05-21,601012,11:03:14,15.3000,26,2
2026-05-21,601012,11:03:20,15.3000,58,2
2026-05-21,601012,11:03:23,15.3100,81,1
2026-05-21,601012,11:03:26,15.3100,129,1
2026-05-21,601012,11:03:29,15.3100,2,1
2026-05-21,601012,11:03:32,15.3100,25,1
2026-05-21,601012,11:03:35,15.3000,30,2
2026-05-21,601012,11:03:38,15.3100,1,1
2026-05-21,601012,11:03:41,15.3000,86,2
2026-05-21,601012,11:03:44,15.3000,87,2
2026-05-21,601012,11:03:47,15.3100,233,1
2026-05-21,601012,11:03:50,15.3000,220,2
2026-05-21,601012,11:03:53,15.3000,27,2
2026-05-21,601012,11:03:56,15.3000,92,2
2026-05-21,601012,11:03:59,15.3100,61,1
2026-05-21,601012,11:04:02,15.3000,614,2
2026-05-21,601012,11:04:05,15.3000,125,1
2026-05-21,601012,11:04:08,15.3000,14,2
2026-05-21,601012,11:04:11,15.3000,31,2
2026-05-21,601012,11:04:14,15.3100,104,1
2026-05-21,601012,11:04:17,15.3000,2,2
2026-05-21,601012,11:04:20,15.3000,43,2
2026-05-21,601012,11:04:23,15.3000,10,2
2026-05-21,601012,11:04:26,15.3000,69,2
2026-05-21,601012,11:04:29,15.3000,18,2
2026-05-21,601012,11:04:32,15.3000,40,2
2026-05-21,601012,11:04:35,15.3000,78,2
2026-05-21,601012,11:04:38,15.3000,17,2
2026-05-21,601012,11:04:41,15.3000,111,2
2026-05-21,601012,11:04:44,15.3100,45,1
2026-05-21,601012,11:04:47,15.3100,65,1
2026-05-21,601012,11:04:50,15.3000,33,2
2026-05-21,601012,11:04:53,15.3000,9,2
2026-05-21,601012,11:04:56,15.3000,12,2
2026-05-21,601012,11:04:59,15.3100,2,1
2026-05-21,601012,11:05:02,15.3000,22,2
2026-05-21,601012,11:05:05,15.3000,148,2
2026-05-21,601012,11:05:08,15.3000,381,2
2026-05-21,601012,11:05:11,15.3100,424,1
2026-05-21,601012,11:05:14,15.3000,244,2
2026-05-21,601012,11:05:17,15.3000,211,1
2026-05-21,601012,11:05:20,15.3000,6,1
2026-05-21,601012,11:05:23,15.2900,32,2
2026-05-21,601012,11:05:26,15.3000,2,1
2026-05-21,601012,11:05:29,15.2900,20,2
2026-05-21,601012,11:05:32,15.2900,41,2
2026-05-21,601012,11:05:35,15.2900,13,2
2026-05-21,601012,11:05:38,15.2900,50,2
2026-05-21,601012,11:05:41,15.3000,36,1
2026-05-21,601012,11:05:44,15.3000,42,1
2026-05-21,601012,11:05:47,15.3000,47,1
2026-05-21,601012,11:05:50,15.2900,102,2
2026-05-21,601012,11:05:53,15.2900,20,2
2026-05-21,601012,11:05:56,15.3000,49,1
2026-05-21,601012,11:05:59,15.3000,39,1
2026-05-21,601012,11:06:02,15.2900,129,2
2026-05-21,601012,11:06:05,15.2900,22,2
2026-05-21,601012,11:06:08,15.2900,86,2
2026-05-21,601012,11:06:11,15.2900,15,2
2026-05-21,601012,11:06:14,15.2900,1389,2
2026-05-21,601012,11:06:17,15.2900,11,1
2026-05-21,601012,11:06:20,15.2800,63,2
2026-05-21,601012,11:06:23,15.2800,49,2
2026-05-21,601012,11:06:26,15.2800,217,2
2026-05-21,601012,11:06:29,15.2800,194,2
2026-05-21,601012,11:06:32,15.2800,126,2
2026-05-21,601012,11:06:35,15.2900,81,1
2026-05-21,601012,11:06:38,15.2900,291,1
2026-05-21,601012,11:06:41,15.2900,144,1
2026-05-21,601012,11:06:44,15.2800,116,2
2026-05-21,601012,11:06:47,15.2900,56,1
2026-05-21,601012,11:06:50,15.2800,118,2
2026-05-21,601012,11:06:53,15.2800,11,2
2026-05-21,601012,11:06:56,15.2900,64,1
2026-05-21,601012,11:06:59,15.2800,113,2
2026-05-21,601012,11:07:02,15.2900,2,1
2026-05-21,601012,11:07:05,15.2900,372,1
2026-05-21,601012,11:07:08,15.2900,9,1
2026-05-21,601012,11:07:11,15.2900,51,1
2026-05-21,601012,11:07:14,15.2900,5,1
2026-05-21,601012,11:07:17,15.2800,32,2
2026-05-21,601012,11:07:20,15.2800,91,2
2026-05-21,601012,11:07:23,15.2800,54,2
2026-05-21,601012,11:07:26,15.2800,250,2
2026-05-21,601012,11:07:29,15.2800,11,2
2026-05-21,601012,11:07:32,15.2800,104,2
2026-05-21,601012,11:07:35,15.2800,130,2
2026-05-21,601012,11:07:38,15.2800,68,2
2026-05-21,601012,11:07:41,15.2900,118,1
2026-05-21,601012,11:07:44,15.2900,21,1
2026-05-21,601012,11:07:47,15.2800,56,2
2026-05-21,601012,11:07:50,15.2900,205,1
2026-05-21,601012,11:07:53,15.2900,120,1
2026-05-21,601012,11:07:56,15.2800,80,2
2026-05-21,601012,11:07:59,15.2900,30,1
2026-05-21,601012,11:08:02,15.2900,112,1
2026-05-21,601012,11:08:05,15.2900,44,2
2026-05-21,601012,11:08:08,15.3000,61,1
2026-05-21,601012,11:08:11,15.3000,43,1
2026-05-21,601012,11:08:14,15.2900,22,2
2026-05-21,601012,11:08:17,15.2900,52,2
2026-05-21,601012,11:08:20,15.2900,35,2
2026-05-21,601012,11:08:23,15.2900,5,2
2026-05-21,601012,11:08:26,15.2900,62,2
2026-05-21,601012,11:08:29,15.2900,110,2
2026-05-21,601012,11:08:32,15.3000,36,1
2026-05-21,601012,11:08:35,15.2900,48,4
2026-05-21,601012,11:08:38,15.2900,14,1
2026-05-21,601012,11:08:41,15.2900,87,2
2026-05-21,601012,11:08:44,15.2900,210,1
2026-05-21,601012,11:08:47,15.2900,12,2
2026-05-21,601012,11:08:50,15.2900,64,2
2026-05-21,601012,11:08:53,15.2900,44,2
2026-05-21,601012,11:08:56,15.2900,17,2
2026-05-21,601012,11:08:59,15.2900,25,2
2026-05-21,601012,11:09:02,15.2900,7,2
2026-05-21,601012,11:09:05,15.2900,7,2
2026-05-21,601012,11:09:08,15.2900,100,2
2026-05-21,601012,11:09:11,15.2900,24,2
2026-05-21,601012,11:09:14,15.2900,337,2
2026-05-21,601012,11:09:17,15.3000,24,1
2026-05-21,601012,11:09:20,15.2900,60,2
2026-05-21,601012,11:09:23,15.2900,60,2
2026-05-21,601012,11:09:26,15.3000,43,1
2026-05-21,601012,11:09:29,15.2900,52,2
2026-05-21,601012,11:09:32,15.3000,9,1
2026-05-21,601012,11:09:35,15.2900,62,2
2026-05-21,601012,11:09:38,15.3000,62,1
2026-05-21,601012,11:09:41,15.3000,67,1
2026-05-21,601012,11:09:44,15.3000,12,1
2026-05-21,601012,11:09:47,15.3000,112,1
2026-05-21,601012,11:09:50,15.3000,55,1
2026-05-21,601012,11:09:53,15.3000,44,1
2026-05-21,601012,11:09:56,15.2900,107,2
2026-05-21,601012,11:09:59,15.3000,122,1
2026-05-21,601012,11:10:02,15.2900,35,2
2026-05-21,601012,11:10:05,15.3000,33,1
2026-05-21,601012,11:10:08,15.2900,11,2
2026-05-21,601012,11:10:11,15.3000,57,1
2026-05-21,601012,11:10:14,15.2900,146,2
2026-05-21,601012,11:10:17,15.3000,92,1
2026-05-21,601012,11:10:20,15.2900,4,2
2026-05-21,601012,11:10:23,15.3000,2,1
2026-05-21,601012,11:10:26,15.3000,110,1
2026-05-21,601012,11:10:29,15.3000,3,1
2026-05-21,601012,11:10:32,15.2900,22,2
2026-05-21,601012,11:10:35,15.3000,50,1
2026-05-21,601012,11:10:38,15.2900,839,2
2026-05-21,601012,11:10:41,15.2900,68,1
2026-05-21,601012,11:10:44,15.2900,17,1
2026-05-21,601012,11:10:47,15.2900,131,1
2026-05-21,601012,11:10:50,15.2800,56,2
2026-05-21,601012,11:10:53,15.2900,30,1
2026-05-21,601012,11:10:56,15.2800,64,2
2026-05-21,601012,11:10:59,15.2800,15,2
2026-05-21,601012,11:11:02,15.2900,11,1
2026-05-21,601012,11:11:05,15.2800,88,2
2026-05-21,601012,11:11:08,15.2900,26,1
2026-05-21,601012,11:11:11,15.2800,23,2
2026-05-21,601012,11:11:14,15.2900,27,1
2026-05-21,601012,11:11:17,15.2800,65,2
2026-05-21,601012,11:11:20,15.2900,32,1
2026-05-21,601012,11:11:23,15.2900,45,1
2026-05-21,601012,11:11:26,15.2800,168,2
2026-05-21,601012,11:11:29,15.2800,287,2
2026-05-21,601012,11:11:32,15.2800,93,2
2026-05-21,601012,11:11:35,15.2900,25,1
2026-05-21,601012,11:11:38,15.2900,31,1
2026-05-21,601012,11:11:41,15.2800,5,2
2026-05-21,601012,11:11:44,15.2800,14,2
2026-05-21,601012,11:11:47,15.2800,18,2
2026-05-21,601012,11:11:50,15.2800,3,2
2026-05-21,601012,11:11:53,15.2900,69,1
2026-05-21,601012,11:11:56,15.2800,4,2
2026-05-21,601012,11:11:59,15.2800,84,2
2026-05-21,601012,11:12:02,15.2800,84,2
2026-05-21,601012,11:12:05,15.2800,52,2
2026-05-21,601012,11:12:08,15.2800,8,2
2026-05-21,601012,11:12:11,15.2800,112,2
2026-05-21,601012,11:12:14,15.2800,105,2
2026-05-21,601012,11:12:17,15.2900,43,1
2026-05-21,601012,11:12:20,15.2900,47,1
2026-05-21,601012,11:12:23,15.2900,42,1
2026-05-21,601012,11:12:26,15.2900,22,1
2026-05-21,601012,11:12:29,15.2900,69,1
2026-05-21,601012,11:12:32,15.2900,69,1
2026-05-21,601012,11:12:35,15.2900,197,1
2026-05-21,601012,11:12:38,15.2900,15,1
2026-05-21,601012,11:12:41,15.2900,60,1
2026-05-21,601012,11:12:44,15.2900,65,1
2026-05-21,601012,11:12:47,15.2800,8,2
2026-05-21,601012,11:12:50,15.2800,2,2
2026-05-21,601012,11:12:53,15.2800,13,2
2026-05-21,601012,11:12:56,15.2800,204,2
2026-05-21,601012,11:12:59,15.2800,37,2
2026-05-21,601012,11:13:02,15.2800,579,2
2026-05-21,601012,11:13:05,15.2800,25,2
2026-05-21,601012,11:13:08,15.2900,92,1
2026-05-21,601012,11:13:11,15.2900,95,1
2026-05-21,601012,11:13:14,15.2800,540,2
2026-05-21,601012,11:13:17,15.2800,3144,2
2026-05-21,601012,11:13:20,15.2800,178,2
2026-05-21,601012,11:13:23,15.2700,14,2
2026-05-21,601012,11:13:26,15.2800,187,1
2026-05-21,601012,11:13:29,15.2800,49,2
2026-05-21,601012,11:13:32,15.2800,43,2
2026-05-21,601012,11:13:35,15.2800,68,2
2026-05-21,601012,11:13:38,15.2800,58,2
2026-05-21,601012,11:13:41,15.2800,110,2
2026-05-21,601012,11:13:44,15.2800,11,2
2026-05-21,601012,11:13:47,15.2800,166,2
2026-05-21,601012,11:13:50,15.2800,137,1
2026-05-21,601012,11:13:53,15.2700,70,2
2026-05-21,601012,11:13:56,15.2700,39,2
2026-05-21,601012,11:13:59,15.2700,116,2
2026-05-21,601012,11:14:02,15.2700,45,2
2026-05-21,601012,11:14:05,15.2800,106,1
2026-05-21,601012,11:14:08,15.2800,10,1
2026-05-21,601012,11:14:11,15.2800,104,1
2026-05-21,601012,11:14:14,15.2800,68,1
2026-05-21,601012,11:14:17,15.2700,279,2
2026-05-21,601012,11:14:20,15.2800,9,1
2026-05-21,601012,11:14:23,15.2700,34,2
2026-05-21,601012,11:14:26,15.2800,86,1
2026-05-21,601012,11:14:29,15.2800,6,2
2026-05-21,601012,11:14:32,15.2800,653,2
2026-05-21,601012,11:14:35,15.2800,447,2
2026-05-21,601012,11:14:38,15.2800,6,1
2026-05-21,601012,11:14:41,15.2800,55,1
2026-05-21,601012,11:14:44,15.2700,1,2
2026-05-21,601012,11:14:47,15.2800,86,1
2026-05-21,601012,11:14:50,15.2800,53,1
2026-05-21,601012,11:14:53,15.2800,44,1
2026-05-21,601012,11:14:56,15.2800,40,1
2026-05-21,601012,11:15:02,15.2800,87,1
2026-05-21,601012,11:15:05,15.2700,15,2
2026-05-21,601012,11:15:08,15.2800,56,1
2026-05-21,601012,11:15:11,15.2700,46,2
2026-05-21,601012,11:15:14,15.2800,253,1
2026-05-21,601012,11:15:17,15.2700,231,2
2026-05-21,601012,11:15:20,15.2800,11,1
2026-05-21,601012,11:15:23,15.2700,234,2
2026-05-21,601012,11:15:26,15.2800,72,1
2026-05-21,601012,11:15:29,15.2700,61,2
2026-05-21,601012,11:15:32,15.2700,68,2
2026-05-21,601012,11:15:35,15.2700,63,2
2026-05-21,601012,11:15:38,15.2700,107,2
2026-05-21,601012,11:15:41,15.2800,70,1
2026-05-21,601012,11:15:44,15.2800,102,1
2026-05-21,601012,11:15:47,15.2800,50,1
2026-05-21,601012,11:15:50,15.2700,80,2
2026-05-21,601012,11:15:53,15.2800,27,1
2026-05-21,601012,11:15:56,15.2800,75,1
2026-05-21,601012,11:15:59,15.2700,133,2
2026-05-21,601012,11:16:02,15.2800,35,1
2026-05-21,601012,11:16:05,15.2700,125,2
2026-05-21,601012,11:16:08,15.2800,12,1
2026-05-21,601012,11:16:11,15.2800,22,1
2026-05-21,601012,11:16:14,15.2700,38,2
2026-05-21,601012,11:16:17,15.2700,100,2
2026-05-21,601012,11:16:20,15.2800,132,1
2026-05-21,601012,11:16:23,15.2700,10,2
2026-05-21,601012,11:16:26,15.2700,97,2
2026-05-21,601012,11:16:29,15.2700,78,2
2026-05-21,601012,11:16:32,15.2800,173,1
2026-05-21,601012,11:16:35,15.2800,25,1
2026-05-21,601012,11:16:41,15.2800,20,1
2026-05-21,601012,11:16:44,15.2800,174,1
2026-05-21,601012,11:16:47,15.2800,21,1
2026-05-21,601012,11:16:50,15.2700,39,2
2026-05-21,601012,11:16:53,15.2800,2,1
2026-05-21,601012,11:16:56,15.2700,133,2
2026-05-21,601012,11:16:59,15.2700,60,2
2026-05-21,601012,11:17:02,15.2700,238,2
2026-05-21,601012,11:17:05,15.2800,149,1
2026-05-21,601012,11:17:08,15.2700,418,2
2026-05-21,601012,11:17:11,15.2700,967,2
2026-05-21,601012,11:17:14,15.2700,30,2
2026-05-21,601012,11:17:17,15.2700,1017,2
2026-05-21,601012,11:17:20,15.2700,1355,2
2026-05-21,601012,11:17:23,15.2700,416,2
2026-05-21,601012,11:17:26,15.2700,551,2
2026-05-21,601012,11:17:29,15.2600,368,2
2026-05-21,601012,11:17:32,15.2600,38,2
2026-05-21,601012,11:17:35,15.2600,106,2
2026-05-21,601012,11:17:38,15.2600,901,2
2026-05-21,601012,11:17:41,15.2600,726,2
2026-05-21,601012,11:17:44,15.2700,862,1
2026-05-21,601012,11:17:47,15.2600,986,2
2026-05-21,601012,11:17:50,15.2700,744,1
2026-05-21,601012,11:17:53,15.2600,772,2
2026-05-21,601012,11:17:56,15.2600,1629,2
2026-05-21,601012,11:17:59,15.2600,108,1
2026-05-21,601012,11:18:02,15.2600,79,1
2026-05-21,601012,11:18:05,15.2600,164,1
2026-05-21,601012,11:18:08,15.2500,78,2
2026-05-21,601012,11:18:11,15.2500,5673,2
2026-05-21,601012,11:18:14,15.2500,60,1
2026-05-21,601012,11:18:17,15.2400,116,2
2026-05-21,601012,11:18:20,15.2400,186,2
2026-05-21,601012,11:18:23,15.2500,87,1
2026-05-21,601012,11:18:26,15.2500,83,1
2026-05-21,601012,11:18:29,15.2500,27,1
2026-05-21,601012,11:18:32,15.2400,59,2
2026-05-21,601012,11:18:35,15.2500,62,1
2026-05-21,601012,11:18:38,15.2400,180,2
2026-05-21,601012,11:18:41,15.2400,507,2
2026-05-21,601012,11:18:44,15.2400,1420,2
2026-05-21,601012,11:18:47,15.2400,49,2
2026-05-21,601012,11:18:50,15.2400,315,2
2026-05-21,601012,11:18:53,15.2500,304,1
