date,code,time,price,volume,bs
2026-04-01,000858,14:03:57,104.3400,2,1
2026-04-01,000858,14:04:00,104.3300,3,2
2026-04-01,000858,14:04:03,104.3400,11,1
2026-04-01,000858,14:04:06,104.3400,35,1
2026-04-01,000858,14:04:09,104.3400,8,1
2026-04-01,000858,14:04:12,104.3400,5,2
2026-04-01,000858,14:04:18,104.3400,9,2
2026-04-01,000858,14:04:21,104.3500,22,1
2026-04-01,000858,14:04:24,104.3500,4,1
2026-04-01,000858,14:04:27,104.3500,10,1
2026-04-01,000858,14:04:30,104.3300,14,2
2026-04-01,000858,14:04:33,104.3500,3,1
2026-04-01,000858,14:04:36,104.3500,6,1
2026-04-01,000858,14:04:42,104.3500,13,1
2026-04-01,000858,14:04:45,104.3400,21,2
2026-04-01,000858,14:04:48,104.3500,12,1
2026-04-01,000858,14:04:51,104.3500,2,1
2026-04-01,000858,14:04:54,104.3400,3,2
2026-04-01,000858,14:04:57,104.3500,6,1
2026-04-01,000858,14:05:03,104.3400,7,2
2026-04-01,000858,14:05:06,104.3500,9,1
2026-04-01,000858,14:05:09,104.3400,11,2
2026-04-01,000858,14:05:12,104.3500,5,1
2026-04-01,000858,14:05:15,104.3300,6,2
2026-04-01,000858,14:05:18,104.3400,12,1
2026-04-01,000858,14:05:21,104.3300,16,2
2026-04-01,000858,14:05:24,104.3500,1,1
2026-04-01,000858,14:05:27,104.3300,5,2
2026-04-01,000858,14:05:42,104.3400,5,1
2026-04-01,000858,14:05:45,104.3400,2,1
2026-04-01,000858,14:05:48,104.3400,2,1
2026-04-01,000858,14:05:51,104.3500,10,1
2026-04-01,000858,14:05:54,104.3500,5,1
2026-04-01,000858,14:06:00,104.3400,13,2
2026-04-01,000858,14:06:03,104.3500,29,1
2026-04-01,000858,14:06:06,104.3500,15,1
2026-04-01,000858,14:06:09,104.3400,16,2
2026-04-01,000858,14:06:12,104.3600,17,1
2026-04-01,000858,14:06:18,104.3500,23,2
2026-04-01,000858,14:06:21,104.3600,2,1
2026-04-01,000858,14:06:24,104.3500,15,2
2026-04-01,000858,14:06:27,104.3600,7,1
2026-04-01,000858,14:06:30,104.3500,3,2
2026-04-01,000858,14:06:33,104.3600,32,1
2026-04-01,000858,14:06:36,104.3500,2,1
2026-04-01,000858,14:06:42,104.3500,6,1
2026-04-01,000858,14:06:45,104.3500,18,2
2026-04-01,000858,14:06:48,104.3700,10,1
2026-04-01,000858,14:06:51,104.3600,4,2
2026-04-01,000858,14:06:54,104.3500,2,2
2026-04-01,000858,14:06:57,104.3500,1,2
2026-04-01,000858,14:07:00,104.3500,11,2
2026-04-01,000858,14:07:03,104.3500,16,2
2026-04-01,000858,14:07:06,104.3500,12,2
2026-04-01,000858,14:07:09,104.3500,4,2
2026-04-01,000858,14:07:12,104.3400,27,2
2026-04-01,000858,14:07:15,104.3400,3,2
2026-04-01,000858,14:07:21,104.3400,23,1
2026-04-01,000858,14:07:24,104.3400,16,1
2026-04-01,000858,14:07:30,104.3400,1,1
2026-04-01,000858,14:07:33,104.3300,63,2
2026-04-01,000858,14:07:36,104.3200,18,2
2026-04-01,000858,14:07:39,104.3400,15,1
2026-04-01,000858,14:07:42,104.3200,5,2
2026-04-01,000858,14:07:45,104.3200,9,2
2026-04-01,000858,14:07:48,104.3200,13,2
2026-04-01,000858,14:07:51,104.3200,1,2
2026-04-01,000858,14:07:54,104.3300,6,4
2026-04-01,000858,14:07:57,104.3300,6,1
2026-04-01,000858,14:08:00,104.3300,10,2
2026-04-01,000858,14:08:03,104.3300,6,2
2026-04-01,000858,14:08:06,104.3300,19,2
2026-04-01,000858,14:08:09,104.3300,15,2
2026-04-01,000858,14:08:12,104.3200,13,2
2026-04-01,000858,14:08:15,104.3400,9,1
2026-04-01,000858,14:08:21,104.3200,4,2
2026-04-01,000858,14:08:24,104.3300,3,1
2026-04-01,000858,14:08:27,104.3400,10,1
2026-04-01,000858,14:08:30,104.3300,1,2
2026-04-01,000858,14:08:33,104.3200,35,2
2026-04-01,000858,14:08:36,104.3300,3,4
2026-04-01,000858,14:08:39,104.3200,21,2
2026-04-01,000858,14:08:42,104.3300,4,1
2026-04-01,000858,14:08:45,104.3300,2,4
2026-04-01,000858,14:08:48,104.3200,2,2
2026-04-01,000858,14:08:51,104.3200,23,1
2026-04-01,000858,14:08:54,104.3300,13,4
2026-04-01,000858,14:08:57,104.3300,5,1
2026-04-01,000858,14:09:00,104.3400,135,1
2026-04-01,000858,14:09:03,104.3100,1,2
2026-04-01,000858,14:09:06,104.3200,11,1
2026-04-01,000858,14:09:09,104.3400,31,1
2026-04-01,000858,14:09:12,104.3300,7,1
2026-04-01,000858,14:09:15,104.3400,10,1
2026-04-01,000858,14:09:18,104.3400,12,1
2026-04-01,000858,14:09:24,104.3500,4,1
2026-04-01,000858,14:09:27,104.3500,12,1
2026-04-01,000858,14:09:30,104.3400,40,2
2026-04-01,000858,14:09:33,104.3300,20,2
2026-04-01,000858,14:09:36,104.3400,11,1
2026-04-01,000858,14:09:39,104.3400,3,1
2026-04-01,000858,14:09:42,104.3400,6,1
2026-04-01,000858,14:09:45,104.3400,34,2
2026-04-01,000858,14:09:48,104.3400,1,2
2026-04-01,000858,14:09:51,104.3400,1,2
2026-04-01,000858,14:09:54,104.3400,12,2
2026-04-01,000858,14:09:57,104.3400,20,1
2026-04-01,000858,14:10:00,104.3300,12,2
2026-04-01,000858,14:10:03,104.3400,12,1
2026-04-01,000858,14:10:06,104.3400,11,1
2026-04-01,000858,14:10:09,104.3300,8,2
2026-04-01,000858,14:10:12,104.3500,10,1
2026-04-01,000858,14:10:15,104.3400,3,2
2026-04-01,000858,14:10:18,104.3500,13,1
2026-04-01,000858,14:10:21,104.3400,146,2
2026-04-01,000858,14:10:24,104.3500,4,2
2026-04-01,000858,14:10:27,104.3500,3,1
2026-04-01,000858,14:10:30,104.3500,8,2
2026-04-01,000858,14:10:33,104.3700,5,1
2026-04-01,000858,14:10:36,104.3500,9,2
2026-04-01,000858,14:10:42,104.3600,2,4
2026-04-01,000858,14:10:48,104.3700,5,1
2026-04-01,000858,14:10:51,104.3600,1,2
2026-04-01,000858,14:10:54,104.3600,4,2
2026-04-01,000858,14:10:57,104.3700,9,1
2026-04-01,000858,14:11:00,104.3700,11,1
2026-04-01,000858,14:11:06,104.3600,25,2
2026-04-01,000858,14:11:09,104.3600,15,2
2026-04-01,000858,14:11:12,104.3700,5,1
2026-04-01,000858,14:11:15,104.3600,1,2
2026-04-01,000858,14:11:18,104.3600,23,2
2026-04-01,000858,14:11:21,104.3600,44,1
2026-04-01,000858,14:11:24,104.3600,3,2
2026-04-01,000858,14:11:27,104.3700,1,1
2026-04-01,000858,14:11:30,104.3700,6,1
2026-04-01,000858,14:11:36,104.3600,4,2
2026-04-01,000858,14:11:42,104.3700,22,1
2026-04-01,000858,14:11:45,104.3700,16,1
2026-04-01,000858,14:11:48,104.3700,3,1
2026-04-01,000858,14:11:51,104.3600,12,2
2026-04-01,000858,14:11:54,104.3700,8,1
2026-04-01,000858,14:11:57,104.3700,10,1
2026-04-01,000858,14:12:03,104.3700,14,1
2026-04-01,000858,14:12:06,104.3700,8,1
2026-04-01,000858,14:12:09,104.3600,6,2
2026-04-01,000858,14:12:12,104.3700,4,1
2026-04-01,000858,14:12:15,104.3700,41,1
2026-04-01,000858,14:12:18,104.3700,20,1
2026-04-01,000858,14:12:21,104.3800,23,1
2026-04-01,000858,14:12:24,104.3800,161,1
2026-04-01,000858,14:12:27,104.3800,4,2
2026-04-01,000858,14:12:30,104.3800,20,2
2026-04-01,000858,14:12:33,104.3800,9,2
2026-04-01,000858,14:12:36,104.3800,5,2
2026-04-01,000858,14:12:39,104.3900,14,1
2026-04-01,000858,14:12:42,104.3900,11,1
2026-04-01,000858,14:12:45,104.3900,13,1
2026-04-01,000858,14:12:48,104.3800,17,2
2026-04-01,000858,14:12:54,104.3900,4,1
2026-04-01,000858,14:12:57,104.4000,6,1
2026-04-01,000858,14:13:00,104.3800,96,2
2026-04-01,000858,14:13:03,104.3800,5,2
2026-04-01,000858,14:13:06,104.3800,10,2
2026-04-01,000858,14:13:09,104.3800,28,2
2026-04-01,000858,14:13:12,104.3900,3,1
2026-04-01,000858,14:13:15,104.3900,75,1
2026-04-01,000858,14:13:18,104.3800,25,1
2026-04-01,000858,14:13:21,104.3800,3,2
2026-04-01,000858,14:13:24,104.3800,11,2
2026-04-01,000858,14:13:27,104.3900,3,1
2026-04-01,000858,14:13:30,104.3800,1,2
2026-04-01,000858,14:13:33,104.3900,25,1
2026-04-01,000858,14:13:36,104.3900,15,1
2026-04-01,000858,14:13:39,104.3900,21,2
2026-04-01,000858,14:13:42,104.3800,7,2
2026-04-01,000858,14:13:45,104.3900,13,2
2026-04-01,000858,14:13:51,104.3800,5,2
2026-04-01,000858,14:13:54,104.3900,8,1
2026-04-01,000858,14:13:57,104.3800,1,2
2026-04-01,000858,14:14:00,104.3900,3,1
2026-04-01,000858,14:14:03,104.3900,11,1
2026-04-01,000858,14:14:06,104.3800,9,2
2026-04-01,000858,14:14:09,104.3800,45,2
2026-04-01,000858,14:14:12,104.3900,1,1
2026-04-01,000858,14:14:15,104.3800,12,2
2026-04-01,000858,14:14:18,104.3800,8,2
2026-04-01,000858,14:14:27,104.3900,2,1
2026-04-01,000858,14:14:30,104.3900,10,1
2026-04-01,000858,14:14:33,104.3800,2,2
2026-04-01,000858,14:14:36,104.3900,25,1
2026-04-01,000858,14:14:39,104.3800,5,2
2026-04-01,000858,14:14:42,104.3900,10,1
2026-04-01,000858,14:14:45,104.3800,4,2
2026-04-01,000858,14:14:48,104.3900,1,1
2026-04-01,000858,14:14:51,104.3800,24,2
2026-04-01,000858,14:14:54,104.3900,6,1
2026-04-01,000858,14:14:57,104.3900,4,1
2026-04-01,000858,14:15:00,104.3900,2,1
2026-04-01,000858,14:15:03,104.3900,67,1
2026-04-01,000858,14:15:06,104.3900,8,1
2026-04-01,000858,14:15:09,104.3900,11,2
2026-04-01,000858,14:15:12,104.3900,12,2
2026-04-01,000858,14:15:15,104.3900,11,2
2026-04-01,000858,14:15:18,104.3800,2,2
2026-04-01,000858,14:15:21,104.4000,13,1
2026-04-01,000858,14:15:24,104.4000,15,1
2026-04-01,000858,14:15:27,104.4000,242,1
2026-04-01,000858,14:15:30,104.4200,162,1
2026-04-01,000858,14:15:33,104.4300,69,1
2026-04-01,000858,14:15:36,104.4400,3,1
2026-04-01,000858,14:15:39,104.4300,49,2
2026-04-01,000858,14:15:42,104.4400,19,4
2026-04-01,000858,14:15:45,104.4400,2,2
2026-04-01,000858,14:15:48,104.4400,9,1
2026-04-01,000858,14:15:51,104.4400,8,1
2026-04-01,000858,14:15:54,104.4400,4,2
2026-04-01,000858,14:15:57,104.4500,6,1
2026-04-01,000858,14:16:00,104.4400,14,2
2026-04-01,000858,14:16:03,104.4400,38,2
2026-04-01,000858,14:16:06,104.4400,11,2
2026-04-01,000858,14:16:09,104.4400,10,2
2026-04-01,000858,14:16:12,104.4400,26,2
2026-04-01,000858,14:16:15,104.4400,2,2
2026-04-01,000858,14:16:18,104.4400,4,2
2026-04-01,000858,14:16:21,104.4400,56,2
2026-04-01,000858,14:16:24,104.4400,14,1
2026-04-01,000858,14:16:27,104.4600,5,1
2026-04-01,000858,14:16:30,104.4400,9,2
2026-04-01,000858,14:16:33,104.4600,42,1
2026-04-01,000858,14:16:36,104.4600,52,1
2026-04-01,000858,14:16:39,104.4400,16,2
2026-04-01,000858,14:16:42,104.4600,8,1
2026-04-01,000858,14:16:45,104.4400,23,2
2026-04-01,000858,14:16:48,104.4300,5,2
2026-04-01,000858,14:16:51,104.4300,31,2
2026-04-01,000858,14:16:54,104.4200,28,2
2026-04-01,000858,14:16:57,104.3900,30,2
2026-04-01,000858,14:17:00,104.4100,6,1
2026-04-01,000858,14:17:03,104.4100,1,2
2026-04-01,000858,14:17:06,104.3900,18,2
2026-04-01,000858,14:17:09,104.3900,58,2
2026-04-01,000858,14:17:12,104.3800,12,2
2026-04-01,000858,14:17:15,104.3900,7,1
2026-04-01,000858,14:17:18,104.3800,12,2
2026-04-01,000858,14:17:21,104.4100,8,1
2026-04-01,000858,14:17:24,104.3800,30,2
2026-04-01,000858,14:17:27,104.3800,3,2
2026-04-01,000858,14:17:30,104.3800,36,2
2026-04-01,000858,14:17:33,104.3800,8,2
2026-04-01,000858,14:17:36,104.3900,8,1
2026-04-01,000858,14:17:39,104.3700,4,2
2026-04-01,000858,14:17:42,104.3800,9,1
2026-04-01,000858,14:17:45,104.3800,20,1
2026-04-01,000858,14:17:48,104.3700,8,2
2026-04-01,000858,14:17:51,104.3900,6,1
2026-04-01,000858,14:17:54,104.3700,3,2
2026-04-01,000858,14:17:57,104.3700,8,2
2026-04-01,000858,14:18:00,104.3800,5,1
2026-04-01,000858,14:18:03,104.3700,10,2
2026-04-01,000858,14:18:06,104.3600,28,2
2026-04-01,000858,14:18:09,104.3700,18,1
2026-04-01,000858,14:18:12,104.3700,77,1
2026-04-01,000858,14:18:15,104.3500,27,2
2026-04-01,000858,14:18:18,104.3500,14,2
2026-04-01,000858,14:18:27,104.3500,2,2
2026-04-01,000858,14:18:30,104.3500,19,1
2026-04-01,000858,14:18:33,104.3400,9,2
2026-04-01,000858,14:18:39,104.3400,3,2
2026-04-01,000858,14:18:42,104.3400,7,2
2026-04-01,000858,14:18:45,104.3400,12,4
2026-04-01,000858,14:18:48,104.3300,1,2
2026-04-01,000858,14:18:51,104.3300,15,2
2026-04-01,000858,14:18:54,104.3300,67,2
2026-04-01,000858,14:18:57,104.3200,3,2
2026-04-01,000858,14:19:00,104.3200,6,2
2026-04-01,000858,14:19:03,104.3200,1,1
2026-04-01,000858,14:19:06,104.3100,25,2
2026-04-01,000858,14:19:09,104.3000,20,2
2026-04-01,000858,14:19:12,104.3200,12,1
2026-04-01,000858,14:19:18,104.3000,116,2
2026-04-01,000858,14:19:21,104.3000,2,2
2026-04-01,000858,14:19:24,104.3000,5,2
2026-04-01,000858,14:19:27,104.3000,17,2
2026-04-01,000858,14:19:30,104.3000,11,1
2026-04-01,000858,14:19:33,104.2900,11,2
2026-04-01,000858,14:19:36,104.2900,6,2
2026-04-01,000858,14:19:42,104.2900,13,2
2026-04-01,000858,14:19:45,104.2900,7,2
2026-04-01,000858,14:19:51,104.3000,6,1
2026-04-01,000858,14:19:54,104.2900,23,2
2026-04-01,000858,14:19:57,104.2900,4,1
2026-04-01,000858,14:20:00,104.2800,63,2
2026-04-01,000858,14:20:03,104.2600,7,2
2026-04-01,000858,14:20:06,104.2700,7,2
2026-04-01,000858,14:20:09,104.2600,3,2
2026-04-01,000858,14:20:12,104.2600,15,2
2026-04-01,000858,14:20:15,104.2600,36,2
2026-04-01,000858,14:20:21,104.2400,60,2
2026-04-01,000858,14:20:24,104.2500,18,1
2026-04-01,000858,14:20:27,104.2400,24,1
2026-04-01,000858,14:20:30,104.2100,11,2
2026-04-01,000858,14:20:33,104.2200,212,2
2026-04-01,000858,14:20:36,104.2200,2,2
2026-04-01,000858,14:20:39,104.2200,8,2
2026-04-01,000858,14:20:42,104.2200,7,4
2026-04-01,000858,14:20:45,104.2200,1,1
2026-04-01,000858,14:20:48,104.2200,6,1
2026-04-01,000858,14:20:51,104.2200,8,1
2026-04-01,000858,14:20:54,104.2200,34,1
2026-04-01,000858,14:20:57,104.2300,35,1
2026-04-01,000858,14:21:00,104.2600,127,1
2026-04-01,000858,14:21:03,104.2700,25,1
2026-04-01,000858,14:21:06,104.2500,12,2
2026-04-01,000858,14:21:09,104.3000,73,1
2026-04-01,000858,14:21:12,104.3000,13,1
2026-04-01,000858,14:21:15,104.2700,2,2
2026-04-01,000858,14:21:18,104.2600,6,2
2026-04-01,000858,14:21:30,104.2600,47,2
2026-04-01,000858,14:21:33,104.2600,4,2
2026-04-01,000858,14:21:36,104.2800,11,4
2026-04-01,000858,14:21:39,104.2600,11,2
2026-04-01,000858,14:21:45,104.2700,1,2
2026-04-01,000858,14:21:48,104.3000,2,1
2026-04-01,000858,14:21:51,104.2600,11,2
2026-04-01,000858,14:21:54,104.2700,64,2
2026-04-01,000858,14:21:57,104.2700,14,2
2026-04-01,000858,14:22:00,104.2800,5,1
2026-04-01,000858,14:22:03,104.2800,21,1
2026-04-01,000858,14:22:06,104.2500,128,2
2026-04-01,000858,14:22:09,104.2300,18,2
2026-04-01,000858,14:22:15,104.2700,1,1
2026-04-01,000858,14:22:18,104.2800,8,1
2026-04-01,000858,14:22:21,104.2500,2,2
2026-04-01,000858,14:22:24,104.2500,1,2
2026-04-01,000858,14:22:30,104.2500,2,2
2026-04-01,000858,14:22:36,104.2700,5,1
2026-04-01,000858,14:22:39,104.2500,8,2
2026-04-01,000858,14:22:42,104.2700,13,1
2026-04-01,000858,14:22:45,104.2500,11,2
2026-04-01,000858,14:22:48,104.2600,1,1
2026-04-01,000858,14:22:51,104.2500,42,2
2026-04-01,000858,14:22:54,104.2500,2,2
2026-04-01,000858,14:22:57,104.2500,12,2
2026-04-01,000858,14:23:00,104.2400,7,2
2026-04-01,000858,14:23:03,104.2500,11,1
2026-04-01,000858,14:23:06,104.2500,8,1
2026-04-01,000858,14:23:09,104.2500,10,1
2026-04-01,000858,14:23:12,104.2500,6,2
2026-04-01,000858,14:23:15,104.2500,4,2
2026-04-01,000858,14:23:18,104.2000,211,2
2026-04-01,000858,14:23:21,104.2400,2,1
2026-04-01,000858,14:23:30,104.2100,2,2
2026-04-01,000858,14:23:33,104.2100,8,2
2026-04-01,000858,14:23:36,104.2200,5,1
2026-04-01,000858,14:23:39,104.2200,2,1
2026-04-01,000858,14:23:42,104.2400,10,1
2026-04-01,000858,14:23:45,104.2200,1,2
2026-04-01,000858,14:23:51,104.2200,9,2
2026-04-01,000858,14:23:54,104.2200,6,2
2026-04-01,000858,14:23:57,104.2300,21,4
2026-04-01,000858,14:24:00,104.2300,2,4
2026-04-01,000858,14:24:03,104.2300,14,2
2026-04-01,000858,14:24:06,104.2200,5,2
2026-04-01,000858,14:24:09,104.2200,22,2
2026-04-01,000858,14:24:12,104.2400,22,1
2026-04-01,000858,14:24:18,104.2200,15,2
2026-04-01,000858,14:24:21,104.2100,212,2
2026-04-01,000858,14:24:24,104.2200,21,1
2026-04-01,000858,14:24:30,104.2100,6,1
2026-04-01,000858,14:24:33,104.2000,1,2
2026-04-01,000858,14:24:36,104.2200,16,1
2026-04-01,000858,14:24:39,104.2200,5,1
2026-04-01,000858,14:24:42,104.2100,33,2
2026-04-01,000858,14:24:45,104.2200,1,1
2026-04-01,000858,14:24:48,104.2100,17,1
2026-04-01,000858,14:24:51,104.2300,8,2
2026-04-01,000858,14:24:54,104.2300,10,2
2026-04-01,000858,14:25:00,104.2400,6,1
2026-04-01,000858,14:25:03,104.2500,32,1
2026-04-01,000858,14:25:06,104.2500,4,1
2026-04-01,000858,14:25:09,104.2700,21,1
2026-04-01,000858,14:25:12,104.2700,19,1
2026-04-01,000858,14:25:15,104.2700,4,1
2026-04-01,000858,14:25:18,104.2800,20,1
2026-04-01,000858,14:25:21,104.2500,14,2
2026-04-01,000858,14:25:24,104.2500,53,2
2026-04-01,000858,14:25:27,104.2500,21,2
2026-04-01,000858,14:25:30,104.2500,27,2
2026-04-01,000858,14:25:33,104.2500,11,1
2026-04-01,000858,14:25:36,104.2500,1,1
2026-04-01,000858,14:25:39,104.2300,10,2
2026-04-01,000858,14:25:42,104.2400,2,2
2026-04-01,000858,14:25:45,104.2800,14,1
2026-04-01,000858,14:25:48,104.2800,3,1
2026-04-01,000858,14:25:54,104.2600,2,2
2026-04-01,000858,14:25:57,104.2800,1,1
2026-04-01,000858,14:26:00,104.2800,22,2
2026-04-01,000858,14:26:03,104.2800,9,2
2026-04-01,000858,14:26:06,104.2900,9,1
2026-04-01,000858,14:26:09,104.2800,5,1
2026-04-01,000858,14:26:12,104.2500,69,2
2026-04-01,000858,14:26:15,104.2500,1,2
2026-04-01,000858,14:26:18,104.2500,5,2
2026-04-01,000858,14:26:24,104.2800,8,1
2026-04-01,000858,14:26:27,104.2600,4,2
2026-04-01,000858,14:26:33,104.2800,11,1
2026-04-01,000858,14:26:36,104.2500,3,2
2026-04-01,000858,14:26:39,104.2500,2,2
2026-04-01,000858,14:26:42,104.2500,72,2
2026-04-01,000858,14:26:45,104.2500,50,2
2026-04-01,000858,14:26:48,104.2700,11,1
2026-04-01,000858,14:26:51,104.2800,81,1
2026-04-01,000858,14:26:54,104.2900,37,1
2026-04-01,000858,14:26:57,104.3100,223,1
2026-04-01,000858,14:27:00,104.3100,15,2
2026-04-01,000858,14:27:03,104.3100,5,2
2026-04-01,000858,14:27:06,104.3100,10,4
2026-04-01,000858,14:27:09,104.3200,4,1
2026-04-01,000858,14:27:12,104.3300,14,1
2026-04-01,000858,14:27:15,104.3200,1,2
2026-04-01,000858,14:27:18,104.3200,8,2
2026-04-01,000858,14:27:21,104.3200,5,2
2026-04-01,000858,14:27:24,104.3100,78,2
2026-04-01,000858,14:27:30,104.3000,15,2
2026-04-01,000858,14:27:33,104.3100,20,1
2026-04-01,000858,14:27:39,104.3100,29,1
2026-04-01,000858,14:27:42,104.3300,4,1
2026-04-01,000858,14:27:45,104.3200,4,4
2026-04-01,000858,14:27:48,104.3100,3,2
2026-04-01,000858,14:27:51,104.3200,7,2
2026-04-01,000858,14:27:54,104.3200,30,2
2026-04-01,000858,14:27:57,104.3200,22,2
2026-04-01,000858,14:28:00,104.3000,5,2
2026-04-01,000858,14:28:03,104.3200,8,1
2026-04-01,000858,14:28:06,104.2900,3,2
2026-04-01,000858,14:28:09,104.3200,1,1
2026-04-01,000858,14:28:12,104.3000,7,2
2026-04-01,000858,14:28:15,104.3200,6,1
2026-04-01,000858,14:28:18,104.3100,3,2
2026-04-01,000858,14:28:21,104.3200,3,1
2026-04-01,000858,14:28:24,104.3100,8,2
2026-04-01,000858,14:28:27,104.3100,37,2
2026-04-01,000858,14:28:30,104.3000,21,2
2026-04-01,000858,14:28:33,104.2900,21,2
2026-04-01,000858,14:28:36,104.3100,2,1
2026-04-01,000858,14:28:39,104.3100,7,2
2026-04-01,000858,14:28:42,104.3000,11,2
2026-04-01,000858,14:28:45,104.3100,12,1
2026-04-01,000858,14:28:48,104.3100,10,1
2026-04-01,000858,14:28:51,104.2900,18,2
2026-04-01,000858,14:28:54,104.2800,6,2
2026-04-01,000858,14:28:57,104.2900,16,2
2026-04-01,000858,14:29:00,104.3000,12,1
2026-04-01,000858,14:29:03,104.3000,10,1
2026-04-01,000858,14:29:06,104.3000,26,1
2026-04-01,000858,14:29:09,104.3300,73,1
2026-04-01,000858,14:29:12,104.3100,8,2
2026-04-01,000858,14:29:15,104.3100,11,2
2026-04-01,000858,14:29:18,104.3300,5,1
2026-04-01,000858,14:29:21,104.3100,19,2
2026-04-01,000858,14:29:24,104.3400,27,1
2026-04-01,000858,14:29:27,104.3300,2,2
2026-04-01,000858,14:29:30,104.3300,1,2
2026-04-01,000858,14:29:33,104.3500,19,1
2026-04-01,000858,14:29:36,104.3300,66,2
2026-04-01,000858,14:29:39,104.3500,18,1
2026-04-01,000858,14:29:42,104.3300,18,2
2026-04-01,000858,14:29:45,104.3400,32,1
2026-04-01,000858,14:29:48,104.3400,8,2
2026-04-01,000858,14:29:51,104.3400,11,2
2026-04-01,000858,14:29:54,104.3500,9,1
2026-04-01,000858,14:29:57,104.3200,11,2
2026-04-01,000858,14:30:00,104.3400,4,1
2026-04-01,000858,14:30:03,104.3200,14,2
2026-04-01,000858,14:30:06,104.3100,3,2
2026-04-01,000858,14:30:12,104.3200,5,2
2026-04-01,000858,14:30:15,104.3400,9,1
2026-04-01,000858,14:30:18,104.3200,18,2
2026-04-01,000858,14:30:21,104.3200,8,1
2026-04-01,000858,14:30:24,104.3200,4,1
2026-04-01,000858,14:30:27,104.3400,6,1
2026-04-01,000858,14:30:30,104.3100,2,2
2026-04-01,000858,14:30:33,104.3100,1,2
2026-04-01,000858,14:30:36,104.3200,2,1
2026-04-01,000858,14:30:39,104.3200,21,1
2026-04-01,000858,14:30:42,104.3100,5,2
2026-04-01,000858,14:30:45,104.3100,6,1
2026-04-01,000858,14:30:48,104.3000,66,2
2026-04-01,000858,14:30:51,104.2900,1,2
2026-04-01,000858,14:30:54,104.3000,16,1
2026-04-01,000858,14:30:57,104.3000,22,1
2026-04-01,000858,14:31:00,104.3200,383,1
2026-04-01,000858,14:31:03,104.3200,10,1
2026-04-01,000858,14:31:06,104.3200,6,4
2026-04-01,000858,14:31:12,104.3100,34,2
2026-04-01,000858,14:31:15,104.3000,3,2
2026-04-01,000858,14:31:18,104.3000,7,2
2026-04-01,000858,14:31:21,104.2900,12,2
2026-04-01,000858,14:31:24,104.3000,12,1
2026-04-01,000858,14:31:27,104.3000,3,2
2026-04-01,000858,14:31:30,104.3000,24,4
2026-04-01,000858,14:31:33,104.3200,32,1
2026-04-01,000858,14:31:39,104.3300,22,1
2026-04-01,000858,14:31:42,104.3400,22,1
2026-04-01,000858,14:31:45,104.3400,9,1
2026-04-01,000858,14:31:48,104.3400,3,1
2026-04-01,000858,14:31:51,104.3400,3,1
2026-04-01,000858,14:31:54,104.3300,7,2
2026-04-01,000858,14:31:57,104.3500,9,1
2026-04-01,000858,14:32:00,104.3400,2,4
2026-04-01,000858,14:32:03,104.3500,12,1
2026-04-01,000858,14:32:06,104.3500,10,1
2026-04-01,000858,14:32:09,104.3500,5,1
2026-04-01,000858,14:32:12,104.3500,3,1
2026-04-01,000858,14:32:15,104.3300,50,2
2026-04-01,000858,14:32:18,104.3300,1,2
2026-04-01,000858,14:32:21,104.3300,13,2
2026-04-01,000858,14:32:24,104.3400,5,1
2026-04-01,000858,14:32:27,104.3400,7,1
2026-04-01,000858,14:32:30,104.3500,12,1
2026-04-01,000858,14:32:33,104.3400,8,2
2026-04-01,000858,14:32:36,104.3400,6,2
2026-04-01,000858,14:32:39,104.3400,5,2
2026-04-01,000858,14:32:42,104.3600,191,1
2026-04-01,000858,14:32:45,104.3800,106,1
2026-04-01,000858,14:32:48,104.3600,2,2
2026-04-01,000858,14:32:51,104.3800,1,1
2026-04-01,000858,14:32:54,104.3800,7,1
2026-04-01,000858,14:32:57,104.3700,23,1
2026-04-01,000858,14:33:00,104.3800,56,1
2026-04-01,000858,14:33:03,104.3700,33,2
2026-04-01,000858,14:33:06,104.3800,8,1
2026-04-01,000858,14:33:09,104.3900,10,1
2026-04-01,000858,14:33:12,104.3800,17,2
2026-04-01,000858,14:33:15,104.3800,7,1
2026-04-01,000858,14:33:18,104.3800,36,1
2026-04-01,000858,14:33:21,104.3800,7,1
2026-04-01,000858,14:33:24,104.3800,25,2
2026-04-01,000858,14:33:27,104.3900,5,1
2026-04-01,000858,14:33:30,104.3900,6,1
2026-04-01,000858,14:33:33,104.3800,10,2
2026-04-01,000858,14:33:36,104.3900,4,1
2026-04-01,000858,14:33:39,104.3800,13,2
2026-04-01,000858,14:33:42,104.3900,1,1
2026-04-01,000858,14:33:45,104.3900,13,1
2026-04-01,000858,14:33:48,104.3800,1,2
2026-04-01,000858,14:33:51,104.3900,10,1
2026-04-01,000858,14:33:54,104.3900,6,1
2026-04-01,000858,14:33:57,104.3800,7,2
2026-04-01,000858,14:34:00,104.3900,4,1
2026-04-01,000858,14:34:03,104.3900,26,1
2026-04-01,000858,14:34:06,104.3800,3,2
2026-04-01,000858,14:34:09,104.3900,5,1
2026-04-01,000858,14:34:12,104.3800,16,2
2026-04-01,000858,14:34:15,104.3800,15,2
2026-04-01,000858,14:34:21,104.3800,11,1
2026-04-01,000858,14:34:24,104.3800,7,1
2026-04-01,000858,14:34:27,104.3800,50,1
2026-04-01,000858,14:34:30,104.3700,3,2
2026-04-01,000858,14:34:33,104.3800,10,1
2026-04-01,000858,14:34:36,104.3800,24,1
2026-04-01,000858,14:34:39,104.3700,7,2
2026-04-01,000858,14:34:42,104.3900,47,1
2026-04-01,000858,14:34:45,104.3800,20,2
2026-04-01,000858,14:34:48,104.3800,12,2
2026-04-01,000858,14:34:51,104.3800,6,2
2026-04-01,000858,14:34:54,104.3900,12,1
2026-04-01,000858,14:34:57,104.3900,25,1
2026-04-01,000858,14:35:00,104.3900,8,1
2026-04-01,000858,14:35:03,104.3900,21,1
2026-04-01,000858,14:35:06,104.3900,10,1
2026-04-01,000858,14:35:09,104.3900,11,2
2026-04-01,000858,14:35:12,104.4000,4,1
2026-04-01,000858,14:35:15,104.3900,6,2
2026-04-01,000858,14:35:18,104.3900,3,1
2026-04-01,000858,14:35:21,104.3900,7,1
2026-04-01,000858,14:35:24,104.3900,26,1
2026-04-01,000858,14:35:27,104.3900,12,1
2026-04-01,000858,14:35:30,104.3900,12,1
2026-04-01,000858,14:35:33,104.3900,12,1
2026-04-01,000858,14:35:39,104.3800,24,2
2026-04-01,000858,14:35:42,104.3700,8,2
2026-04-01,000858,14:35:48,104.3800,6,1
2026-04-01,000858,14:35:51,104.3800,19,1
2026-04-01,000858,14:35:54,104.3700,17,2
2026-04-01,000858,14:35:57,104.3700,20,2
2026-04-01,000858,14:36:00,104.3700,21,2
2026-04-01,000858,14:36:03,104.3600,32,2
2026-04-01,000858,14:36:06,104.3600,20,2
2026-04-01,000858,14:36:09,104.3500,75,2
2026-04-01,000858,14:36:12,104.3500,20,2
2026-04-01,000858,14:36:15,104.3600,1,1
2026-04-01,000858,14:36:18,104.3500,2,2
2026-04-01,000858,14:36:21,104.3500,23,2
2026-04-01,000858,14:36:24,104.3500,6,2
2026-04-01,000858,14:36:27,104.3600,1,1
2026-04-01,000858,14:36:30,104.3600,26,1
2026-04-01,000858,14:36:33,104.3500,19,2
2026-04-01,000858,14:36:36,104.3500,8,1
2026-04-01,000858,14:36:39,104.3400,18,2
2026-04-01,000858,14:36:42,104.3500,25,1
2026-04-01,000858,14:36:45,104.3500,27,1
2026-04-01,000858,14:36:48,104.3500,10,1
2026-04-01,000858,14:36:51,104.3500,16,1
2026-04-01,000858,14:36:54,104.3400,9,2
2026-04-01,000858,14:36:57,104.3500,20,1
2026-04-01,000858,14:37:00,104.3500,10,1
2026-04-01,000858,14:37:03,104.3600,5,1
2026-04-01,000858,14:37:06,104.3600,18,1
2026-04-01,000858,14:37:09,104.3400,11,2
2026-04-01,000858,14:37:12,104.3400,11,2
2026-04-01,000858,14:37:18,104.3500,5,1
2026-04-01,000858,14:37:21,104.3500,7,1
2026-04-01,000858,14:37:24,104.3500,16,1
2026-04-01,000858,14:37:27,104.3400,19,2
2026-04-01,000858,14:37:30,104.3400,2,1
2026-04-01,000858,14:37:33,104.3400,5,1
2026-04-01,000858,14:37:36,104.3400,7,1
2026-04-01,000858,14:37:39,104.3400,5,1
2026-04-01,000858,14:37:42,104.3400,75,1
2026-04-01,000858,14:37:45,104.3500,4,1
2026-04-01,000858,14:37:51,104.3600,173,1
2026-04-01,000858,14:37:54,104.3700,30,1
2026-04-01,000858,14:37:57,104.3800,96,1
2026-04-01,000858,14:38:00,104.3800,69,2
2026-04-01,000858,14:38:03,104.3900,26,1
2026-04-01,000858,14:38:06,104.3800,37,2
2026-04-01,000858,14:38:09,104.3500,4,2
2026-04-01,000858,14:38:12,104.3800,3,1
2026-04-01,000858,14:38:15,104.3600,12,1
2026-04-01,000858,14:38:18,104.3500,9,2
2026-04-01,000858,14:38:21,104.3600,23,2
2026-04-01,000858,14:38:24,104.3800,8,1
2026-04-01,000858,14:38:27,104.3800,23,1
2026-04-01,000858,14:38:30,104.3700,50,2
2026-04-01,000858,14:38:33,104.3800,3,4
2026-04-01,000858,14:38:36,104.3800,9,2
2026-04-01,000858,14:38:39,104.3700,1,2
2026-04-01,000858,14:38:42,104.3800,2,1
2026-04-01,000858,14:38:45,104.3800,22,1
2026-04-01,000858,14:38:48,104.3800,23,1
2026-04-01,000858,14:38:51,104.3800,23,1
2026-04-01,000858,14:38:54,104.3600,1,2
2026-04-01,000858,14:38:57,104.3800,23,1
2026-04-01,000858,14:39:00,104.3800,14,1
2026-04-01,000858,14:39:03,104.3800,30,1
2026-04-01,000858,14:39:06,104.3800,9,1
2026-04-01,000858,14:39:09,104.3800,3,1
2026-04-01,000858,14:39:12,104.3800,10,1
2026-04-01,000858,14:39:15,104.3800,28,1
2026-04-01,000858,14:39:18,104.3900,8,1
2026-04-01,000858,14:39:21,104.3700,17,2
2026-04-01,000858,14:39:24,104.3700,7,1
2026-04-01,000858,14:39:27,104.3700,21,1
2026-04-01,000858,14:39:30,104.3700,8,2
2026-04-01,000858,14:39:33,104.3600,5,2
2026-04-01,000858,14:39:36,104.3700,111,1
2026-04-01,000858,14:39:42,104.3600,4,2
2026-04-01,000858,14:39:45,104.3700,28,1
2026-04-01,000858,14:39:48,104.3700,3,1
2026-04-01,000858,14:39:51,104.3700,6,1
2026-04-01,000858,14:39:54,104.3700,4,1
2026-04-01,000858,14:39:57,104.3700,7,1
2026-04-01,000858,14:40:00,104.3900,19,1
2026-04-01,000858,14:40:03,104.3600,29,2
2026-04-01,000858,14:40:06,104.3700,8,1
2026-04-01,000858,14:40:09,104.3700,7,1
2026-04-01,000858,14:40:12,104.3700,3,1
2026-04-01,000858,14:40:15,104.3600,132,2
2026-04-01,000858,14:40:18,104.3500,2,2
2026-04-01,000858,14:40:21,104.3600,5,1
2026-04-01,000858,14:40:24,104.3600,1,1
2026-04-01,000858,14:40:27,104.3500,15,2
2026-04-01,000858,14:40:30,104.3500,38,2
2026-04-01,000858,14:40:33,104.3600,24,1
2026-04-01,000858,14:40:36,104.3500,14,2
2026-04-01,000858,14:40:39,104.3500,30,2
2026-04-01,000858,14:40:42,104.3600,10,1
2026-04-01,000858,14:40:45,104.3500,19,2
2026-04-01,000858,14:40:48,104.3500,14,1
2026-04-01,000858,14:40:51,104.3600,6,4
2026-04-01,000858,14:40:54,104.3500,15,2
2026-04-01,000858,14:40:57,104.3700,3,1
2026-04-01,000858,14:41:00,104.3600,28,2
2026-04-01,000858,14:41:03,104.3600,5,2
2026-04-01,000858,14:41:06,104.3600,4,4
2026-04-01,000858,14:41:09,104.3700,1,1
2026-04-01,000858,14:41:12,104.3700,3,1
2026-04-01,000858,14:41:15,104.3600,11,2
2026-04-01,000858,14:41:18,104.3600,5,1
2026-04-01,000858,14:41:21,104.3600,16,2
2026-04-01,000858,14:41:24,104.3600,7,1
2026-04-01,000858,14:41:27,104.3500,17,2
2026-04-01,000858,14:41:30,104.3400,16,2
2026-04-01,000858,14:41:33,104.3600,8,1
2026-04-01,000858,14:41:36,104.3400,9,2
2026-04-01,000858,14:41:39,104.3500,9,2
2026-04-01,000858,14:41:42,104.3600,11,1
2026-04-01,000858,14:41:45,104.3500,13,2
2026-04-01,000858,14:41:48,104.3500,5,1
2026-04-01,000858,14:41:54,104.3500,10,2
2026-04-01,000858,14:41:57,104.3500,34,2
2026-04-01,000858,14:42:00,104.3600,2,4
2026-04-01,000858,14:42:03,104.3500,18,2
2026-04-01,000858,14:42:06,104.3500,3,2
2026-04-01,000858,14:42:09,104.3600,3,4
2026-04-01,000858,14:42:12,104.3500,3,2
2026-04-01,000858,14:42:15,104.3400,59,2
2026-04-01,000858,14:42:18,104.3300,32,2
2026-04-01,000858,14:42:21,104.3300,1,2
2026-04-01,000858,14:42:24,104.3000,112,2
2026-04-01,000858,14:42:27,104.3000,5,2
2026-04-01,000858,14:42:30,104.3100,1,1
2026-04-01,000858,14:42:33,104.3300,4,1
2026-04-01,000858,14:42:36,104.3100,36,4
2026-04-01,000858,14:42:42,104.3100,11,2
2026-04-01,000858,14:42:45,104.3100,4,2
2026-04-01,000858,14:42:48,104.3200,1,1
2026-04-01,000858,14:42:51,104.3100,17,2
2026-04-01,000858,14:42:54,104.3100,42,2
2026-04-01,000858,14:42:57,104.3100,13,2
2026-04-01,000858,14:43:00,104.3100,4,2
2026-04-01,000858,14:43:03,104.3100,30,1
2026-04-01,000858,14:43:06,104.3000,5,2
2026-04-01,000858,14:43:09,104.3000,36,2
2026-04-01,000858,14:43:12,104.3000,3,2
2026-04-01,000858,14:43:15,104.3000,1,1
2026-04-01,000858,14:43:18,104.3100,11,1
2026-04-01,000858,14:43:21,104.3000,15,2
2026-04-01,000858,14:43:24,104.3000,39,2
2026-04-01,000858,14:43:27,104.3000,1,2
2026-04-01,000858,14:43:30,104.3100,24,1
2026-04-01,000858,14:43:33,104.3100,17,2
2026-04-01,000858,14:43:36,104.3200,19,1
2026-04-01,000858,14:43:39,104.3000,20,2
2026-04-01,000858,14:43:42,104.3100,5,1
2026-04-01,000858,14:43:45,104.3100,2,1
2026-04-01,000858,14:43:48,104.3100,18,2
2026-04-01,000858,14:43:51,104.3100,10,2
2026-04-01,000858,14:43:54,104.3000,53,2
2026-04-01,000858,14:43:57,104.3000,26,2
2026-04-01,000858,14:44:00,104.3000,1,1
2026-04-01,000858,14:44:03,104.3000,15,1
2026-04-01,000858,14:44:06,104.2900,5,2
2026-04-01,000858,14:44:09,104.2900,7,2
2026-04-01,000858,14:44:12,104.2800,15,2
2026-04-01,000858,14:44:15,104.2800,7,2
2026-04-01,000858,14:44:18,104.2800,3,2
2026-04-01,000858,14:44:21,104.3200,154,1
2026-04-01,000858,14:44:24,104.2900,4,1
2026-04-01,000858,14:44:27,104.2900,18,1
2026-04-01,000858,14:44:30,104.2900,39,2
2026-04-01,000858,14:44:33,104.2900,11,1
2026-04-01,000858,14:44:36,104.3100,24,1
2026-04-01,000858,14:44:39,104.3000,22,2
2026-04-01,000858,14:44:42,104.3100,2,1
2026-04-01,000858,14:44:45,104.3000,192,2
2026-04-01,000858,14:44:48,104.2700,45,2
2026-04-01,000858,14:44:51,104.2600,4,2
2026-04-01,000858,14:44:54,104.2700,3,2
2026-04-01,000858,14:45:00,104.2900,15,1
2026-04-01,000858,14:45:03,104.3000,25,1
2026-04-01,000858,14:45:06,104.3000,85,1
2026-04-01,000858,14:45:09,104.3100,56,1
2026-04-01,000858,14:45:12,104.3200,105,1
2026-04-01,000858,14:45:15,104.3300,16,1
2026-04-01,000858,14:45:18,104.3200,7,2
2026-04-01,000858,14:45:21,104.3200,44,2
2026-04-01,000858,14:45:24,104.3200,51,2
2026-04-01,000858,14:45:27,104.3200,45,2
2026-04-01,000858,14:45:30,104.3200,11,1
2026-04-01,000858,14:45:33,104.3200,25,2
2026-04-01,000858,14:45:36,104.3200,5,2
2026-04-01,000858,14:45:39,104.3300,8,1
2026-04-01,000858,14:45:42,104.3000,70,2
2026-04-01,000858,14:45:45,104.3200,9,1
2026-04-01,000858,14:45:48,104.3100,9,2
2026-04-01,000858,14:45:51,104.3100,6,2
2026-04-01,000858,14:45:54,104.3000,14,2
2026-04-01,000858,14:45:57,104.3100,7,1
2026-04-01,000858,14:46:00,104.3000,30,2
2026-04-01,000858,14:46:03,104.3000,41,2
2026-04-01,000858,14:46:06,104.2900,4,2
2026-04-01,000858,14:46:09,104.3000,6,1
2026-04-01,000858,14:46:12,104.2900,1,2
2026-04-01,000858,14:46:15,104.3000,3,1
2026-04-01,000858,14:46:18,104.2900,3,2
2026-04-01,000858,14:46:21,104.2900,12,2
2026-04-01,000858,14:46:24,104.2900,27,2
2026-04-01,000858,14:46:27,104.2800,11,2
2026-04-01,000858,14:46:30,104.2800,12,2
2026-04-01,000858,14:46:33,104.2800,5,2
2026-04-01,000858,14:46:36,104.2800,4,1
2026-04-01,000858,14:46:39,104.2900,7,1
2026-04-01,000858,14:46:42,104.2800,7,2
2026-04-01,000858,14:46:45,104.2800,14,2
2026-04-01,000858,14:46:48,104.2700,29,2
2026-04-01,000858,14:46:51,104.2800,2,1
2026-04-01,000858,14:46:54,104.2800,3,1
2026-04-01,000858,14:46:57,104.2800,60,2
2026-04-01,000858,14:47:00,104.2800,107,2
2026-04-01,000858,14:47:03,104.2800,15,2
2026-04-01,000858,14:47:06,104.2800,12,1
2026-04-01,000858,14:47:09,104.2800,5,1
2026-04-01,000858,14:47:12,104.2800,4,1
2026-04-01,000858,14:47:15,104.2600,28,2
2026-04-01,000858,14:47:18,104.2800,15,1
2026-04-01,000858,14:47:21,104.2800,4,1
2026-04-01,000858,14:47:24,104.2800,3,1
2026-04-01,000858,14:47:27,104.2700,4,2
2026-04-01,000858,14:47:30,104.2700,19,2
2026-04-01,000858,14:47:33,104.2500,220,2
2026-04-01,000858,14:47:36,104.2700,2,1
2026-04-01,000858,14:47:42,104.2500,4,2
2026-04-01,000858,14:47:45,104.2700,24,1
2026-04-01,000858,14:47:48,104.2500,62,2
2026-04-01,000858,14:47:51,104.2500,11,2
2026-04-01,000858,14:47:54,104.2600,7,1
2026-04-01,000858,14:47:57,104.2600,41,2
2026-04-01,000858,14:48:00,104.2600,12,2
2026-04-01,000858,14:48:03,104.2800,28,1
2026-04-01,000858,14:48:06,104.2700,14,4
2026-04-01,000858,14:48:09,104.2700,21,2
2026-04-01,000858,14:48:12,104.2700,72,2
2026-04-01,000858,14:48:15,104.2600,49,2
2026-04-01,000858,14:48:18,104.2700,15,1
2026-04-01,000858,14:48:21,104.2600,34,2
2026-04-01,000858,14:48:24,104.2700,6,1
2026-04-01,000858,14:48:27,104.2700,25,2
2026-04-01,000858,14:48:30,104.2800,11,1
2026-04-01,000858,14:48:33,104.2800,39,1
2026-04-01,000858,14:48:36,104.2800,19,1
2026-04-01,000858,14:48:39,104.2800,9,1
2026-04-01,000858,14:48:42,104.2600,118,2
2026-04-01,000858,14:48:45,104.2500,2,2
2026-04-01,000858,14:48:48,104.2800,7,1
2026-04-01,000858,14:48:51,104.2800,38,1
2026-04-01,000858,14:48:54,104.2800,11,1
2026-04-01,000858,14:48:57,104.2700,9,2
2026-04-01,000858,14:49:00,104.2800,1,1
2026-04-01,000858,14:49:03,104.2800,12,1
2026-04-01,000858,14:49:06,104.2800,59,1
2026-04-01,000858,14:49:09,104.2800,185,1
2026-04-01,000858,14:49:12,104.2800,19,1
2026-04-01,000858,14:49:15,104.2800,8,2
2026-04-01,000858,14:49:18,104.2900,8,1
2026-04-01,000858,14:49:21,104.2800,2,2
2026-04-01,000858,14:49:24,104.2800,18,2
2026-04-01,000858,14:49:27,104.2900,3,1
2026-04-01,000858,14:49:30,104.2800,56,2
2026-04-01,000858,14:49:33,104.2700,2,2
2026-04-01,000858,14:49:36,104.2800,6,1
2026-04-01,000858,14:49:39,104.2700,5,2
2026-04-01,000858,14:49:42,104.2800,169,1
2026-04-01,000858,14:49:45,104.2700,5,2
2026-04-01,000858,14:49:48,104.2700,17,1
2026-04-01,000858,14:49:51,104.2600,11,2
2026-04-01,000858,14:49:54,104.2700,4,1
2026-04-01,000858,14:49:57,104.2800,5,1
2026-04-01,000858,14:50:00,104.2800,5,1
2026-04-01,000858,14:50:03,104.2800,15,1
2026-04-01,000858,14:50:06,104.2700,20,2
2026-04-01,000858,14:50:09,104.2800,8,1
2026-04-01,000858,14:50:12,104.2800,33,1
2026-04-01,000858,14:50:15,104.2700,12,2
2026-04-01,000858,14:50:18,104.2800,18,1
2026-04-01,000858,14:50:21,104.2800,3,1
2026-04-01,000858,14:50:24,104.2800,23,1
2026-04-01,000858,14:50:27,104.2700,26,2
2026-04-01,000858,14:50:30,104.2800,7,1
2026-04-01,000858,14:50:33,104.2800,4,1
2026-04-01,000858,14:50:36,104.2700,6,2
2026-04-01,000858,14:50:39,104.2700,8,2
2026-04-01,000858,14:50:42,104.2700,107,2
2026-04-01,000858,14:50:45,104.2600,12,2
2026-04-01,000858,14:50:48,104.2700,14,1
2026-04-01,000858,14:50:51,104.2700,8,1
2026-04-01,000858,14:50:54,104.2700,7,2
2026-04-01,000858,14:50:57,104.2700,54,2
2026-04-01,000858,14:51:00,104.2700,16,2
2026-04-01,000858,14:51:03,104.2700,7,2
2026-04-01,000858,14:51:06,104.2600,19,2
2026-04-01,000858,14:51:09,104.2700,37,1
2026-04-01,000858,14:51:12,104.2700,29,1
2026-04-01,000858,14:51:15,104.2600,54,2
2026-04-01,000858,14:51:18,104.2700,26,1
2026-04-01,000858,14:51:21,104.2700,18,1
2026-04-01,000858,14:51:24,104.2600,115,2
2026-04-01,000858,14:51:27,104.2700,10,1
2026-04-01,000858,14:51:30,104.2800,87,1
2026-04-01,000858,14:51:33,104.2800,11,2
2026-04-01,000858,14:51:36,104.2900,7,1
2026-04-01,000858,14:51:39,104.2800,83,2
2026-04-01,000858,14:51:42,104.2900,18,1
2026-04-01,000858,14:51:45,104.2800,6,2
2026-04-01,000858,14:51:48,104.2900,1,2
2026-04-01,000858,14:51:51,104.2900,13,1
2026-04-01,000858,14:51:54,104.2900,192,2
2026-04-01,000858,14:51:57,104.2900,23,1
2026-04-01,000858,14:52:00,104.2900,26,1
2026-04-01,000858,14:52:03,104.3100,47,1
2026-04-01,000858,14:52:06,104.2900,49,2
2026-04-01,000858,14:52:09,104.3000,9,1
2026-04-01,000858,14:52:12,104.3000,8,2
2026-04-01,000858,14:52:15,104.3000,6,2
2026-04-01,000858,14:52:18,104.3100,7,1
2026-04-01,000858,14:52:21,104.3100,10,1
2026-04-01,000858,14:52:24,104.3000,11,2
2026-04-01,000858,14:52:27,104.3100,1,1
2026-04-01,000858,14:52:30,104.3000,12,2
2026-04-01,000858,14:52:33,104.3100,13,1
2026-04-01,000858,14:52:36,104.3000,6,2
2026-04-01,000858,14:52:39,104.3100,1,1
2026-04-01,000858,14:52:42,104.3000,12,2
2026-04-01,000858,14:52:45,104.3000,5,1
2026-04-01,000858,14:52:48,104.3000,17,1
2026-04-01,000858,14:52:51,104.3100,5,1
2026-04-01,000858,14:52:54,104.3000,8,2
2026-04-01,000858,14:52:57,104.3000,16,2
2026-04-01,000858,14:53:00,104.3000,18,2
2026-04-01,000858,14:53:03,104.3100,23,1
2026-04-01,000858,14:53:06,104.3000,9,4
2026-04-01,000858,14:53:09,104.3000,9,1
2026-04-01,000858,14:53:12,104.3100,24,1
2026-04-01,000858,14:53:15,104.3000,2,2
2026-04-01,000858,14:53:18,104.3000,5,2
2026-04-01,000858,14:53:21,104.3000,6,2
2026-04-01,000858,14:53:24,104.3000,7,2
2026-04-01,000858,14:53:27,104.3100,7,1
2026-04-01,000858,14:53:30,104.3000,75,2
2026-04-01,000858,14:53:33,104.3100,19,4
2026-04-01,000858,14:53:36,104.3100,2,1
2026-04-01,000858,14:53:39,104.3000,58,2
2026-04-01,000858,14:53:42,104.3100,3,4
2026-04-01,000858,14:53:45,104.3100,21,2
2026-04-01,000858,14:53:48,104.3000,28,2
2026-04-01,000858,14:53:51,104.3000,13,1
2026-04-01,000858,14:53:54,104.3000,7,1
2026-04-01,000858,14:53:57,104.3100,3,1
2026-04-01,000858,14:54:00,104.3000,2,2
2026-04-01,000858,14:54:03,104.3000,56,2
2026-04-01,000858,14:54:06,104.3000,35,2
2026-04-01,000858,14:54:09,104.3000,6,1
2026-04-01,000858,14:54:12,104.3000,13,1
2026-04-01,000858,14:54:15,104.2900,34,2
2026-04-01,000858,14:54:18,104.2800,13,2
2026-04-01,000858,14:54:21,104.2900,11,4
2026-04-01,000858,14:54:24,104.2900,27,2
2026-04-01,000858,14:54:27,104.2900,57,1
2026-04-01,000858,14:54:30,104.2900,4,2
2026-04-01,000858,14:54:33,104.3000,5,1
2026-04-01,000858,14:54:36,104.2900,32,2
2026-04-01,000858,14:54:39,104.3000,7,1
2026-04-01,000858,14:54:42,104.3000,5,1
2026-04-01,000858,14:54:45,104.3000,39,1
2026-04-01,000858,14:54:48,104.2900,15,2
2026-04-01,000858,14:54:51,104.2900,21,2
2026-04-01,000858,14:54:54,104.2900,111,1
2026-04-01,000858,14:54:57,104.3100,284,1
2026-04-01,000858,14:55:00,104.3000,13,2
2026-04-01,000858,14:55:03,104.3300,156,1
2026-04-01,000858,14:55:06,104.3300,50,2
2026-04-01,000858,14:55:09,104.3400,57,4
2026-04-01,000858,14:55:12,104.3400,16,2
2026-04-01,000858,14:55:15,104.3700,23,1
2026-04-01,000858,14:55:18,104.3300,58,2
2026-04-01,000858,14:55:24,104.3600,3,1
2026-04-01,000858,14:55:27,104.3600,6,1
2026-04-01,000858,14:55:30,104.3600,26,1
2026-04-01,000858,14:55:33,104.3600,75,4
2026-04-01,000858,14:55:36,104.3700,30,1
2026-04-01,000858,14:55:39,104.3600,13,2
2026-04-01,000858,14:55:42,104.3700,13,1
2026-04-01,000858,14:55:45,104.3900,53,1
2026-04-01,000858,14:55:48,104.3900,57,1
2026-04-01,000858,14:55:51,104.3700,19,2
2026-04-01,000858,14:55:54,104.3900,3,1
2026-04-01,000858,14:55:57,104.3800,82,2
2026-04-01,000858,14:56:00,104.3900,17,1
2026-04-01,000858,14:56:03,104.4000,31,1
2026-04-01,000858,14:56:06,104.3900,10,4
2026-04-01,000858,14:56:09,104.3900,23,1
2026-04-01,000858,14:56:12,104.3900,7,4
2026-04-01,000858,14:56:15,104.4000,39,1
2026-04-01,000858,14:56:18,104.3900,23,1
2026-04-01,000858,14:56:21,104.3900,67,1
2026-04-01,000858,14:56:24,104.4100,131,1
2026-04-01,000858,14:56:27,104.4000,18,2
2026-04-01,000858,14:56:30,104.3900,85,2
2026-04-01,000858,14:56:33,104.4000,18,1
2026-04-01,000858,14:56:36,104.4100,19,1
2026-04-01,000858,14:56:39,104.3800,34,2
2026-04-01,000858,14:56:42,104.4000,24,1
2026-04-01,000858,14:56:45,104.4000,16,2
2026-04-01,000858,14:56:48,104.4000,8,1
2026-04-01,000858,14:56:51,104.4000,17,1
2026-04-01,000858,14:56:54,104.4000,37,1
2026-04-01,000858,14:56:57,104.3900,43,2
2026-04-01,000858,14:57:00,104.3900,38,1
2026-04-01,000858,15:00:00,104.3900,1227,4
2026-04-01,000858,13:09:00,104.6700,5,2
2026-04-01,000858,13:09:03,104.6800,7,1
2026-04-01,000858,13:09:06,104.6700,20,2
2026-04-01,000858,13:09:09,104.6800,13,1
2026-04-01,000858,13:09:12,104.6700,8,2
2026-04-01,000858,13:09:18,104.6700,7,2
2026-04-01,000858,13:09:21,104.6700,13,2
2026-04-01,000858,13:09:27,104.6600,4,2
2026-04-01,000858,13:09:30,104.6600,4,2
2026-04-01,000858,13:09:33,104.6600,5,2
2026-04-01,000858,13:09:36,104.6700,8,1
2026-04-01,000858,13:09:39,104.6600,2,2
2026-04-01,000858,13:09:42,104.6600,1,2
2026-04-01,000858,13:09:45,104.6600,16,2
2026-04-01,000858,13:09:48,104.6600,2,1
2026-04-01,000858,13:09:51,104.6600,14,1
2026-04-01,000858,13:09:57,104.6600,1,1
2026-04-01,000858,13:10:00,104.6600,17,1
2026-04-01,000858,13:10:03,104.6400,66,2
2026-04-01,000858,13:10:06,104.6600,2,1
2026-04-01,000858,13:10:09,104.6400,9,2
2026-04-01,000858,13:10:12,104.6400,5,2
2026-04-01,000858,13:10:15,104.6500,5,1
2026-04-01,000858,13:10:18,104.6400,10,2
2026-04-01,000858,13:10:21,104.6400,4,2
2026-04-01,000858,13:10:24,104.6400,4,2
2026-04-01,000858,13:10:27,104.6400,43,1
2026-04-01,000858,13:10:33,104.6400,8,2
2026-04-01,000858,13:10:36,104.6300,7,2
2026-04-01,000858,13:10:39,104.6300,1,2
2026-04-01,000858,13:10:42,104.6300,3,2
2026-04-01,000858,13:10:45,104.6400,9,1
2026-04-01,000858,13:10:48,104.6300,18,2
2026-04-01,000858,13:10:51,104.6300,10,2
2026-04-01,000858,13:10:54,104.6300,7,4
2026-04-01,000858,13:10:57,104.6300,143,1
2026-04-01,000858,13:11:00,104.6200,107,2
2026-04-01,000858,13:11:03,104.6200,6,1
2026-04-01,000858,13:11:06,104.6200,9,2
2026-04-01,000858,13:11:12,104.6100,8,2
2026-04-01,000858,13:11:15,104.6200,6,1
2026-04-01,000858,13:11:18,104.6200,8,1
2026-04-01,000858,13:11:21,104.6100,9,2
2026-04-01,000858,13:11:24,104.6100,2,2
2026-04-01,000858,13:11:27,104.6200,5,1
2026-04-01,000858,13:11:30,104.6100,13,2
2026-04-01,000858,13:11:33,104.6100,12,1
2026-04-01,000858,13:11:36,104.6100,18,2
2026-04-01,000858,13:11:39,104.6100,12,2
2026-04-01,000858,13:11:42,104.6100,1,1
2026-04-01,000858,13:11:45,104.6100,60,1
2026-04-01,000858,13:11:48,104.6100,12,1
2026-04-01,000858,13:11:51,104.6100,8,1
2026-04-01,000858,13:11:54,104.6000,20,2
2026-04-01,000858,13:11:57,104.6000,2,2
2026-04-01,000858,13:12:00,104.6100,7,1
2026-04-01,000858,13:12:03,104.6000,11,2
2026-04-01,000858,13:12:06,104.6000,35,2
2026-04-01,000858,13:12:09,104.6100,24,1
2026-04-01,000858,13:12:12,104.6100,4,1
2026-04-01,000858,13:12:15,104.6000,17,2
2026-04-01,000858,13:12:18,104.6100,4,4
2026-04-01,000858,13:12:21,104.6100,8,2
2026-04-01,000858,13:12:24,104.6000,8,2
2026-04-01,000858,13:12:30,104.6100,10,1
2026-04-01,000858,13:12:33,104.6200,7,1
2026-04-01,000858,13:12:36,104.6100,15,2
2026-04-01,000858,13:12:39,104.6100,7,2
2026-04-01,000858,13:12:42,104.6100,5,2
2026-04-01,000858,13:12:48,104.6200,22,1
2026-04-01,000858,13:12:51,104.6200,10,2
2026-04-01,000858,13:12:54,104.6300,29,1
2026-04-01,000858,13:12:57,104.6200,9,2
2026-04-01,000858,13:13:03,104.6400,84,1
2026-04-01,000858,13:13:06,104.6400,34,4
2026-04-01,000858,13:13:09,104.6500,35,2
2026-04-01,000858,13:13:12,104.6600,2,4
2026-04-01,000858,13:13:15,104.6500,1,2
2026-04-01,000858,13:13:18,104.6700,8,1
2026-04-01,000858,13:13:21,104.6700,14,1
2026-04-01,000858,13:13:24,104.6700,5,1
2026-04-01,000858,13:13:27,104.6700,16,2
2026-04-01,000858,13:13:30,104.6600,10,2
2026-04-01,000858,13:13:33,104.6600,1,2
2026-04-01,000858,13:13:36,104.6600,3,2
2026-04-01,000858,13:13:39,104.6700,13,1
2026-04-01,000858,13:13:42,104.6600,3,2
2026-04-01,000858,13:13:45,104.6600,1,2
2026-04-01,000858,13:13:48,104.6600,5,2
2026-04-01,000858,13:13:51,104.6600,6,2
2026-04-01,000858,13:13:57,104.6700,7,1
2026-04-01,000858,13:14:00,104.6800,22,1
2026-04-01,000858,13:14:06,104.6700,1,2
2026-04-01,000858,13:14:09,104.6700,36,2
2026-04-01,000858,13:14:12,104.6800,31,1
2026-04-01,000858,13:14:15,104.6900,16,1
2026-04-01,000858,13:14:18,104.6800,18,2
2026-04-01,000858,13:14:21,104.6800,1,2
2026-04-01,000858,13:14:24,104.6900,6,1
2026-04-01,000858,13:14:27,104.6900,14,1
2026-04-01,000858,13:14:30,104.6900,23,1
2026-04-01,000858,13:14:33,104.6900,10,1
2026-04-01,000858,13:14:36,104.6900,26,1
2026-04-01,000858,13:14:39,104.7000,10,1
2026-04-01,000858,13:14:42,104.6900,1,2
2026-04-01,000858,13:14:45,104.6900,64,2
2026-04-01,000858,13:14:48,104.6900,11,2
2026-04-01,000858,13:14:51,104.7000,1,1
2026-04-01,000858,13:14:54,104.6900,6,2
2026-04-01,000858,13:15:00,104.6900,11,2
2026-04-01,000858,13:15:03,104.6900,98,2
2026-04-01,000858,13:15:06,104.6900,9,2
2026-04-01,000858,13:15:09,104.7000,7,1
2026-04-01,000858,13:15:12,104.6900,36,2
2026-04-01,000858,13:15:15,104.7000,20,1
2026-04-01,000858,13:15:18,104.7000,16,1
2026-04-01,000858,13:15:21,104.7000,8,4
2026-04-01,000858,13:15:24,104.6900,4,2
2026-04-01,000858,13:15:27,104.7000,6,1
2026-04-01,000858,13:15:30,104.6900,2,2
2026-04-01,000858,13:15:33,104.6800,10,2
2026-04-01,000858,13:15:42,104.6800,12,2
2026-04-01,000858,13:15:45,104.6800,4,2
2026-04-01,000858,13:15:48,104.6900,135,1
2026-04-01,000858,13:15:51,104.6800,4,1
2026-04-01,000858,13:15:54,104.6500,1,2
2026-04-01,000858,13:16:00,104.6500,8,2
2026-04-01,000858,13:16:03,104.6800,6,1
2026-04-01,000858,13:16:06,104.6500,2,2
2026-04-01,000858,13:16:09,104.6700,3,1
2026-04-01,000858,13:16:12,104.6500,1,2
2026-04-01,000858,13:16:15,104.6700,5,1
2026-04-01,000858,13:16:18,104.6500,11,2
2026-04-01,000858,13:16:21,104.6500,13,1
2026-04-01,000858,13:16:24,104.6500,1,2
2026-04-01,000858,13:16:27,104.6500,10,2
2026-04-01,000858,13:16:30,104.6400,7,2
2026-04-01,000858,13:16:33,104.6400,10,2
2026-04-01,000858,13:16:36,104.6400,47,2
2026-04-01,000858,13:16:42,104.6300,8,2
2026-04-01,000858,13:16:45,104.6300,6,2
2026-04-01,000858,13:16:48,104.6300,10,2
2026-04-01,000858,13:16:54,104.6300,1,1
2026-04-01,000858,13:16:57,104.6400,21,1
2026-04-01,000858,13:17:00,104.6300,15,4
2026-04-01,000858,13:17:03,104.6200,14,2
2026-04-01,000858,13:17:06,104.6300,4,2
2026-04-01,000858,13:17:09,104.6200,20,2
2026-04-01,000858,13:17:12,104.6400,4,1
2026-04-01,000858,13:17:15,104.6400,3,1
2026-04-01,000858,13:17:18,104.6300,11,1
2026-04-01,000858,13:17:21,104.6200,45,2
2026-04-01,000858,13:17:30,104.6200,12,2
2026-04-01,000858,13:17:33,104.6200,2,2
2026-04-01,000858,13:17:36,104.6200,34,2
2026-04-01,000858,13:17:39,104.6300,13,1
2026-04-01,000858,13:17:42,104.6200,5,2
2026-04-01,000858,13:17:45,104.6200,3,2
2026-04-01,000858,13:17:48,104.6200,13,2
2026-04-01,000858,13:17:51,104.6200,51,2
2026-04-01,000858,13:17:54,104.6200,6,2
2026-04-01,000858,13:17:57,104.6200,3,2
2026-04-01,000858,13:18:00,104.6200,9,2
2026-04-01,000858,13:18:03,104.6300,2,1
2026-04-01,000858,13:18:06,104.6300,10,1
2026-04-01,000858,13:18:09,104.6200,10,1
2026-04-01,000858,13:18:12,104.6100,15,2
2026-04-01,000858,13:18:15,104.6100,2,2
2026-04-01,000858,13:18:18,104.6200,1,1
2026-04-01,000858,13:18:21,104.6100,27,2
2026-04-01,000858,13:18:24,104.6000,5,2
2026-04-01,000858,13:18:27,104.6100,1,1
2026-04-01,000858,13:18:30,104.6000,15,2
2026-04-01,000858,13:18:33,104.6000,3,2
2026-04-01,000858,13:18:36,104.6000,12,2
2026-04-01,000858,13:18:39,104.6100,11,1
2026-04-01,000858,13:18:45,104.6100,5,1
2026-04-01,000858,13:18:48,104.6000,9,2
2026-04-01,000858,13:18:51,104.6000,6,2
2026-04-01,000858,13:18:54,104.6000,18,2
2026-04-01,000858,13:18:57,104.6000,21,2
2026-04-01,000858,13:19:00,104.6000,49,2
2026-04-01,000858,13:19:03,104.5900,2,2
2026-04-01,000858,13:19:06,104.5900,8,2
2026-04-01,000858,13:19:09,104.5900,6,2
2026-04-01,000858,13:19:12,104.5900,1,2
2026-04-01,000858,13:19:15,104.5900,3,2
2026-04-01,000858,13:19:18,104.6000,11,1
2026-04-01,000858,13:19:27,104.5900,5,2
2026-04-01,000858,13:19:30,104.5900,20,2
2026-04-01,000858,13:19:33,104.5900,11,2
2026-04-01,000858,13:19:36,104.5900,10,2
2026-04-01,000858,13:19:39,104.5900,2,1
2026-04-01,000858,13:19:42,104.5900,5,4
2026-04-01,000858,13:19:48,104.5900,2,2
2026-04-01,000858,13:19:51,104.5900,12,2
2026-04-01,000858,13:19:57,104.5900,6,2
2026-04-01,000858,13:20:00,104.5900,6,2
2026-04-01,000858,13:20:03,104.5900,5,4
2026-04-01,000858,13:20:06,104.5900,9,1
2026-04-01,000858,13:20:09,104.5900,3,1
2026-04-01,000858,13:20:12,104.5900,6,1
2026-04-01,000858,13:20:15,104.5800,4,2
2026-04-01,000858,13:20:18,104.5800,5,2
2026-04-01,000858,13:20:24,104.5900,4,1
2026-04-01,000858,13:20:27,104.5900,34,1
2026-04-01,000858,13:20:30,104.5900,2,2
2026-04-01,000858,13:20:33,104.5800,45,2
2026-04-01,000858,13:20:36,104.5800,29,1
2026-04-01,000858,13:20:39,104.5800,10,1
2026-04-01,000858,13:20:42,104.5800,7,2
2026-04-01,000858,13:20:45,104.5800,5,1
2026-04-01,000858,13:20:48,104.5800,6,2
2026-04-01,000858,13:20:54,104.5800,5,2
2026-04-01,000858,13:21:00,104.5900,7,1
2026-04-01,000858,13:21:03,104.5900,39,1
2026-04-01,000858,13:21:06,104.6000,4,1
2026-04-01,000858,13:21:09,104.6000,16,1
2026-04-01,000858,13:21:12,104.5900,17,2
2026-04-01,000858,13:21:15,104.5900,6,2
2026-04-01,000858,13:21:18,104.6000,1,1
2026-04-01,000858,13:21:21,104.6000,6,1
2026-04-01,000858,13:21:24,104.6000,10,1
2026-04-01,000858,13:21:27,104.6000,7,1
2026-04-01,000858,13:21:30,104.5900,3,2
2026-04-01,000858,13:21:33,104.6000,9,1
2026-04-01,000858,13:21:39,104.6000,5,1
2026-04-01,000858,13:21:42,104.6000,8,1
2026-04-01,000858,13:21:45,104.6000,6,1
2026-04-01,000858,13:21:48,104.5900,28,2
2026-04-01,000858,13:21:51,104.5800,3,2
2026-04-01,000858,13:21:54,104.5900,6,1
2026-04-01,000858,13:21:57,104.5900,7,2
2026-04-01,000858,13:22:00,104.5900,4,2
2026-04-01,000858,13:22:03,104.5800,1,2
2026-04-01,000858,13:22:06,104.5900,32,1
2026-04-01,000858,13:22:09,104.5900,18,1
2026-04-01,000858,13:22:12,104.5900,3,1
2026-04-01,000858,13:22:15,104.5900,4,2
2026-04-01,000858,13:22:18,104.5900,5,2
2026-04-01,000858,13:22:21,104.5900,3,2
2026-04-01,000858,13:22:24,104.5900,2,2
2026-04-01,000858,13:22:27,104.5900,5,2
2026-04-01,000858,13:22:30,104.5900,7,2
2026-04-01,000858,13:22:33,104.5900,37,2
2026-04-01,000858,13:22:36,104.6000,8,1
2026-04-01,000858,13:22:39,104.6000,9,1
2026-04-01,000858,13:22:42,104.6000,1,1
2026-04-01,000858,13:22:45,104.6000,7,1
2026-04-01,000858,13:22:48,104.5900,11,2
2026-04-01,000858,13:22:51,104.5900,5,1
2026-04-01,000858,13:22:54,104.5800,7,2
2026-04-01,000858,13:22:57,104.5800,33,2
2026-04-01,000858,13:23:00,104.5900,3,1
2026-04-01,000858,13:23:03,104.5900,4,1
2026-04-01,000858,13:23:09,104.5800,22,2
2026-04-01,000858,13:23:12,104.5800,12,2
2026-04-01,000858,13:23:15,104.5900,3,1
2026-04-01,000858,13:23:18,104.5900,3,1
2026-04-01,000858,13:23:21,104.5800,3,2
2026-04-01,000858,13:23:24,104.5800,2,2
2026-04-01,000858,13:23:27,104.5900,3,1
2026-04-01,000858,13:23:30,104.5800,1,2
2026-04-01,000858,13:23:33,104.5800,1,2
2026-04-01,000858,13:23:36,104.5800,39,2
2026-04-01,000858,13:23:39,104.5800,1,2
2026-04-01,000858,13:23:42,104.5800,5,2
2026-04-01,000858,13:23:45,104.5800,9,1
2026-04-01,000858,13:23:48,104.5700,5,2
2026-04-01,000858,13:23:51,104.5700,9,2
2026-04-01,000858,13:23:54,104.6000,91,1
2026-04-01,000858,13:23:57,104.5800,7,2
2026-04-01,000858,13:24:00,104.6000,31,1
2026-04-01,000858,13:24:03,104.6000,7,1
2026-04-01,000858,13:24:06,104.5900,13,2
2026-04-01,000858,13:24:09,104.5900,5,2
2026-04-01,000858,13:24:12,104.5900,6,2
2026-04-01,000858,13:24:15,104.5900,10,2
2026-04-01,000858,13:24:18,104.5900,10,2
2026-04-01,000858,13:24:21,104.6000,10,1
2026-04-01,000858,13:24:27,104.5800,4,2
2026-04-01,000858,13:24:30,104.5900,8,1
2026-04-01,000858,13:24:33,104.5900,5,2
2026-04-01,000858,13:24:36,104.5900,5,2
2026-04-01,000858,13:24:39,104.6000,3,1
2026-04-01,000858,13:24:42,104.5900,8,2
2026-04-01,000858,13:24:48,104.5900,21,1
2026-04-01,000858,13:24:51,104.5800,25,2
2026-04-01,000858,13:24:54,104.5800,6,2
2026-04-01,000858,13:24:57,104.5800,9,1
2026-04-01,000858,13:25:00,104.5800,2,2
2026-04-01,000858,13:25:03,104.5900,3,1
2026-04-01,000858,13:25:06,104.5900,17,1
2026-04-01,000858,13:25:09,104.5800,5,2
2026-04-01,000858,13:25:12,104.5900,10,1
2026-04-01,000858,13:25:15,104.5700,4,2
2026-04-01,000858,13:25:18,104.5800,8,1
2026-04-01,000858,13:25:21,104.5800,7,2
2026-04-01,000858,13:25:24,104.5800,3,2
2026-04-01,000858,13:25:27,104.5800,10,2
2026-04-01,000858,13:25:30,104.5800,6,1
2026-04-01,000858,13:25:33,104.5900,20,1
2026-04-01,000858,13:25:39,104.5800,4,2
2026-04-01,000858,13:25:42,104.5800,10,1
2026-04-01,000858,13:25:45,104.5800,7,4
2026-04-01,000858,13:25:48,104.5900,20,1
2026-04-01,000858,13:25:51,104.5900,5,1
2026-04-01,000858,13:25:54,104.5700,2,2
2026-04-01,000858,13:25:57,104.5700,20,2
2026-04-01,000858,13:26:00,104.5800,2,4
2026-04-01,000858,13:26:03,104.5700,10,2
2026-04-01,000858,13:26:06,104.5700,18,2
2026-04-01,000858,13:26:09,104.5700,27,2
2026-04-01,000858,13:26:12,104.5800,21,1
2026-04-01,000858,13:26:15,104.5800,17,2
2026-04-01,000858,13:26:18,104.5800,1,2
2026-04-01,000858,13:26:21,104.5800,3,2
2026-04-01,000858,13:26:24,104.5800,56,2
2026-04-01,000858,13:26:27,104.5800,39,2
2026-04-01,000858,13:26:30,104.5900,18,1
2026-04-01,000858,13:26:33,104.5800,20,2
2026-04-01,000858,13:26:36,104.5900,20,1
2026-04-01,000858,13:26:39,104.5800,4,4
2026-04-01,000858,13:26:42,104.5900,5,1
2026-04-01,000858,13:26:45,104.5800,5,2
2026-04-01,000858,13:26:48,104.5800,4,1
2026-04-01,000858,13:26:51,104.5900,3,1
2026-04-01,000858,13:26:54,104.5800,8,2
2026-04-01,000858,13:26:57,104.5800,10,1
2026-04-01,000858,13:27:00,104.5900,5,1
2026-04-01,000858,13:27:03,104.5800,4,2
2026-04-01,000858,13:27:06,104.5800,9,1
2026-04-01,000858,13:27:09,104.5800,3,1
2026-04-01,000858,13:27:12,104.5900,5,1
2026-04-01,000858,13:27:15,104.5800,2,2
2026-04-01,000858,13:27:18,104.5800,14,1
2026-04-01,000858,13:27:21,104.5800,7,1
2026-04-01,000858,13:27:24,104.5800,4,1
2026-04-01,000858,13:27:27,104.5800,4,1
2026-04-01,000858,13:27:30,104.5700,1,2
2026-04-01,000858,13:27:33,104.5800,26,1
2026-04-01,000858,13:27:36,104.5800,5,1
2026-04-01,000858,13:27:45,104.5800,11,1
2026-04-01,000858,13:27:48,104.5700,2,2
2026-04-01,000858,13:27:54,104.5700,8,2
2026-04-01,000858,13:27:57,104.5800,8,1
2026-04-01,000858,13:28:00,104.5800,6,1
2026-04-01,000858,13:28:03,104.5800,5,1
2026-04-01,000858,13:28:06,104.5600,2,2
2026-04-01,000858,13:28:09,104.5800,11,1
2026-04-01,000858,13:28:12,104.5600,18,2
2026-04-01,000858,13:28:15,104.5700,3,4
2026-04-01,000858,13:28:18,104.5800,19,1
2026-04-01,000858,13:28:24,104.5700,8,2
2026-04-01,000858,13:28:30,104.5700,22,2
2026-04-01,000858,13:28:33,104.5700,3,2
2026-04-01,000858,13:28:36,104.5700,4,2
2026-04-01,000858,13:28:39,104.5700,25,2
2026-04-01,000858,13:28:42,104.5700,1,2
2026-04-01,000858,13:28:48,104.5700,4,1
2026-04-01,000858,13:28:51,104.5600,2,2
2026-04-01,000858,13:28:54,104.5800,63,1
2026-04-01,000858,13:28:57,104.5900,2,1
2026-04-01,000858,13:29:03,104.5800,16,2
2026-04-01,000858,13:29:06,104.5900,302,1
2026-04-01,000858,13:29:09,104.6100,271,1
2026-04-01,000858,13:29:12,104.6100,14,1
2026-04-01,000858,13:29:15,104.6200,39,1
2026-04-01,000858,13:29:18,104.6300,51,1
2026-04-01,000858,13:29:21,104.6200,10,2
2026-04-01,000858,13:29:24,104.6300,10,4
2026-04-01,000858,13:29:27,104.6300,15,1
2026-04-01,000858,13:29:30,104.6400,3,1
2026-04-01,000858,13:29:33,104.6400,1,1
2026-04-01,000858,13:29:36,104.6400,1,1
2026-04-01,000858,13:29:39,104.6100,246,2
2026-04-01,000858,13:29:42,104.6000,82,2
2026-04-01,000858,13:29:45,104.6000,2,2
2026-04-01,000858,13:29:48,104.6000,1,2
2026-04-01,000858,13:29:51,104.5900,10,2
2026-04-01,000858,13:29:54,104.5800,23,2
2026-04-01,000858,13:29:57,104.5800,7,2
2026-04-01,000858,13:30:00,104.5600,22,2
2026-04-01,000858,13:30:03,104.5500,119,2
2026-04-01,000858,13:30:06,104.5300,32,2
2026-04-01,000858,13:30:09,104.5200,131,2
2026-04-01,000858,13:30:12,104.4700,7,2
2026-04-01,000858,13:30:15,104.4800,4,1
2026-04-01,000858,13:30:18,104.4600,2,2
2026-04-01,000858,13:30:21,104.4800,11,1
2026-04-01,000858,13:30:24,104.4900,5,4
2026-04-01,000858,13:30:27,104.5000,6,1
2026-04-01,000858,13:30:30,104.5000,13,2
2026-04-01,000858,13:30:33,104.5000,25,2
2026-04-01,000858,13:30:36,104.5000,16,2
2026-04-01,000858,13:30:39,104.5300,1,2
2026-04-01,000858,13:30:42,104.5800,15,1
2026-04-01,000858,13:30:45,104.5100,1,2
2026-04-01,000858,13:30:48,104.5800,4,1
2026-04-01,000858,13:30:51,104.5800,5,1
2026-04-01,000858,13:30:57,104.5200,3,2
2026-04-01,000858,13:31:00,104.5800,8,1
2026-04-01,000858,13:31:03,104.5800,8,1
2026-04-01,000858,13:31:06,104.5900,44,1
2026-04-01,000858,13:31:09,104.6000,7,1
2026-04-01,000858,13:31:12,104.5700,37,2
2026-04-01,000858,13:31:15,104.5700,5,2
2026-04-01,000858,13:31:21,104.5700,9,1
2026-04-01,000858,13:31:24,104.5700,7,4
2026-04-01,000858,13:31:30,104.5700,1,2
2026-04-01,000858,13:31:33,104.5500,68,2
2026-04-01,000858,13:31:36,104.5600,1,1
2026-04-01,000858,13:31:39,104.5600,2,1
2026-04-01,000858,13:31:42,104.5600,1,1
2026-04-01,000858,13:31:45,104.5800,10,1
2026-04-01,000858,13:31:48,104.5600,5,2
2026-04-01,000858,13:31:51,104.5600,6,2
2026-04-01,000858,13:31:54,104.5700,14,1
2026-04-01,000858,13:31:57,104.5600,1,1
2026-04-01,000858,13:32:00,104.5700,2,1
2026-04-01,000858,13:32:03,104.5700,8,1
2026-04-01,000858,13:32:06,104.5700,25,1
2026-04-01,000858,13:32:09,104.5700,16,1
2026-04-01,000858,13:32:12,104.5700,13,1
2026-04-01,000858,13:32:15,104.5600,7,2
2026-04-01,000858,13:32:18,104.5700,1,1
2026-04-01,000858,13:32:24,104.5700,2,1
2026-04-01,000858,13:32:27,104.5600,62,2
2026-04-01,000858,13:32:33,104.5600,3,1
2026-04-01,000858,13:32:36,104.5600,86,2
2026-04-01,000858,13:32:39,104.5600,6,1
2026-04-01,000858,13:32:42,104.5600,3,1
2026-04-01,000858,13:32:45,104.5700,5,1
2026-04-01,000858,13:32:48,104.5600,8,4
2026-04-01,000858,13:32:51,104.5600,11,2
2026-04-01,000858,13:32:54,104.5400,7,2
2026-04-01,000858,13:32:57,104.5400,4,2
2026-04-01,000858,13:33:00,104.5400,14,2
2026-04-01,000858,13:33:03,104.5400,5,1
2026-04-01,000858,13:33:06,104.5400,1,2
2026-04-01,000858,13:33:09,104.5500,5,1
2026-04-01,000858,13:33:12,104.5500,3,1
2026-04-01,000858,13:33:21,104.5400,36,2
2026-04-01,000858,13:33:24,104.5500,12,1
2026-04-01,000858,13:33:30,104.5400,6,2
2026-04-01,000858,13:33:33,104.5400,4,2
2026-04-01,000858,13:33:36,104.5400,6,2
2026-04-01,000858,13:33:39,104.5200,20,2
2026-04-01,000858,13:33:42,104.5300,6,4
2026-04-01,000858,13:33:45,104.5100,19,2
2026-04-01,000858,13:33:48,104.4900,60,2
2026-04-01,000858,13:33:54,104.4900,3,2
2026-04-01,000858,13:33:57,104.4900,8,2
2026-04-01,000858,13:34:00,104.5000,12,1
2026-04-01,000858,13:34:03,104.4900,27,2
2026-04-01,000858,13:34:06,104.4900,4,2
2026-04-01,000858,13:34:09,104.4900,14,2
2026-04-01,000858,13:34:12,104.5000,7,1
2026-04-01,000858,13:34:15,104.4900,1,2
2026-04-01,000858,13:34:21,104.4900,9,2
2026-04-01,000858,13:34:24,104.4800,82,2
2026-04-01,000858,13:34:27,104.5000,19,1
2026-04-01,000858,13:34:30,104.4900,1,4
2026-04-01,000858,13:34:33,104.4900,4,1
2026-04-01,000858,13:34:36,104.4800,4,2
2026-04-01,000858,13:34:39,104.4800,10,2
2026-04-01,000858,13:34:42,104.4800,6,2
2026-04-01,000858,13:34:45,104.4700,144,2
2026-04-01,000858,13:34:48,104.4700,7,1
2026-04-01,000858,13:34:51,104.4500,58,2
2026-04-01,000858,13:34:54,104.4700,16,1
2026-04-01,000858,13:35:00,104.4600,12,1
2026-04-01,000858,13:35:03,104.4400,6,2
2026-04-01,000858,13:35:06,104.4500,2,1
2026-04-01,000858,13:35:09,104.4400,15,2
2026-04-01,000858,13:35:12,104.4400,1,2
2026-04-01,000858,13:35:15,104.4400,1,4
2026-04-01,000858,13:35:18,104.4400,1,4
2026-04-01,000858,13:35:21,104.4400,21,1
2026-04-01,000858,13:35:24,104.4400,8,2
2026-04-01,000858,13:35:27,104.4300,13,2
2026-04-01,000858,13:35:30,104.4400,5,1
2026-04-01,000858,13:35:33,104.4300,8,2
2026-04-01,000858,13:35:36,104.4400,5,4
2026-04-01,000858,13:35:39,104.4400,5,1
2026-04-01,000858,13:35:42,104.4300,11,2
2026-04-01,000858,13:35:45,104.4300,1,2
2026-04-01,000858,13:35:48,104.4300,5,2
2026-04-01,000858,13:35:51,104.4300,13,2
2026-04-01,000858,13:35:54,104.4300,9,2
2026-04-01,000858,13:35:57,104.4300,5,2
2026-04-01,000858,13:36:00,104.4300,3,2
2026-04-01,000858,13:36:03,104.3900,202,2
2026-04-01,000858,13:36:06,104.3900,1,2
2026-04-01,000858,13:36:09,104.4100,1,1
2026-04-01,000858,13:36:12,104.3900,16,2
2026-04-01,000858,13:36:15,104.4000,7,1
2026-04-01,000858,13:36:18,104.3900,61,2
2026-04-01,000858,13:36:21,104.3900,3,1
2026-04-01,000858,13:36:24,104.3800,5,2
2026-04-01,000858,13:36:27,104.3900,3,1
2026-04-01,000858,13:36:30,104.3900,8,1
2026-04-01,000858,13:36:33,104.3900,84,1
2026-04-01,000858,13:36:36,104.3900,8,1
2026-04-01,000858,13:36:39,104.3900,19,1
2026-04-01,000858,13:36:42,104.3900,43,1
2026-04-01,000858,13:36:45,104.3900,9,2
2026-04-01,000858,13:36:48,104.3900,14,2
2026-04-01,000858,13:36:51,104.3900,23,2
2026-04-01,000858,13:36:54,104.4000,15,1
2026-04-01,000858,13:36:57,104.3900,8,2
2026-04-01,000858,13:37:00,104.3900,9,2
2026-04-01,000858,13:37:03,104.3900,19,2
2026-04-01,000858,13:37:06,104.3900,13,2
2026-04-01,000858,13:37:09,104.3900,23,2
2026-04-01,000858,13:37:12,104.3900,13,1
2026-04-01,000858,13:37:15,104.3800,11,2
2026-04-01,000858,13:37:21,104.3900,4,2
2026-04-01,000858,13:37:24,104.3800,6,2
2026-04-01,000858,13:37:27,104.4000,2,1
2026-04-01,000858,13:37:30,104.3900,5,1
2026-04-01,000858,13:37:33,104.3800,16,2
2026-04-01,000858,13:37:36,104.3800,1,2
2026-04-01,000858,13:37:39,104.3800,17,2
2026-04-01,000858,13:37:42,104.3900,35,1
2026-04-01,000858,13:37:45,104.3800,25,4
2026-04-01,000858,13:37:48,104.3900,2,1
2026-04-01,000858,13:37:51,104.3700,2,2
2026-04-01,000858,13:37:54,104.3900,7,1
2026-04-01,000858,13:37:57,104.3700,12,2
2026-04-01,000858,13:38:00,104.4000,32,1
2026-04-01,000858,13:38:03,104.4000,18,1
2026-04-01,000858,13:38:06,104.3900,9,2
2026-04-01,000858,13:38:09,104.3900,36,2
2026-04-01,000858,13:38:12,104.4100,24,1
2026-04-01,000858,13:38:15,104.4000,7,4
2026-04-01,000858,13:38:18,104.4000,3,2
2026-04-01,000858,13:38:21,104.4000,4,2
2026-04-01,000858,13:38:24,104.4100,23,1
2026-04-01,000858,13:38:27,104.4100,2,1
2026-04-01,000858,13:38:30,104.4000,9,2
2026-04-01,000858,13:38:36,104.4200,5,1
2026-04-01,000858,13:38:39,104.4100,9,2
2026-04-01,000858,13:38:45,104.4100,21,2
2026-04-01,000858,13:38:48,104.4100,18,2
2026-04-01,000858,13:38:51,104.4200,2,1
2026-04-01,000858,13:38:54,104.4200,1,2
2026-04-01,000858,13:38:57,104.4200,10,4
2026-04-01,000858,13:39:00,104.4200,2,1
2026-04-01,000858,13:39:03,104.4100,28,2
2026-04-01,000858,13:39:06,104.4100,33,1
2026-04-01,000858,13:39:09,104.4100,45,2
2026-04-01,000858,13:39:12,104.4100,2,2
2026-04-01,000858,13:39:15,104.4200,2,1
2026-04-01,000858,13:39:18,104.4200,1,1
2026-04-01,000858,13:39:21,104.4000,1,2
2026-04-01,000858,13:39:27,104.4200,14,1
2026-04-01,000858,13:39:30,104.4100,1,4
2026-04-01,000858,13:39:33,104.4000,14,2
2026-04-01,000858,13:39:36,104.4200,9,1
2026-04-01,000858,13:39:45,104.4100,6,2
2026-04-01,000858,13:39:48,104.4200,85,1
2026-04-01,000858,13:39:51,104.4200,22,2
2026-04-01,000858,13:39:54,104.4300,8,1
2026-04-01,000858,13:40:00,104.4200,1,2
2026-04-01,000858,13:40:03,104.4200,53,2
2026-04-01,000858,13:40:06,104.4200,7,2
2026-04-01,000858,13:40:12,104.4300,3,1
2026-04-01,000858,13:40:15,104.4200,2,2
2026-04-01,000858,13:40:18,104.4300,2,1
2026-04-01,000858,13:40:21,104.4300,4,1
2026-04-01,000858,13:40:24,104.4300,2,1
2026-04-01,000858,13:40:27,104.4300,7,1
2026-04-01,000858,13:40:30,104.4300,6,1
2026-04-01,000858,13:40:33,104.4100,22,2
2026-04-01,000858,13:40:36,104.4100,12,2
2026-04-01,000858,13:40:45,104.4100,11,2
2026-04-01,000858,13:40:48,104.4100,2,2
2026-04-01,000858,13:40:51,104.4100,5,2
2026-04-01,000858,13:40:54,104.4100,18,2
2026-04-01,000858,13:40:57,104.4000,28,2
2026-04-01,000858,13:41:00,104.4000,1,2
2026-04-01,000858,13:41:03,104.4000,13,2
2026-04-01,000858,13:41:06,104.4000,157,2
2026-04-01,000858,13:41:09,104.3800,24,2
2026-04-01,000858,13:41:12,104.3800,3,2
2026-04-01,000858,13:41:15,104.3800,5,2
2026-04-01,000858,13:41:18,104.3700,25,2
2026-04-01,000858,13:41:21,104.3800,10,1
2026-04-01,000858,13:41:24,104.3500,61,2
2026-04-01,000858,13:41:27,104.3800,74,1
2026-04-01,000858,13:41:30,104.3800,18,2
2026-04-01,000858,13:41:33,104.4000,9,1
2026-04-01,000858,13:41:36,104.4100,20,1
2026-04-01,000858,13:41:39,104.3700,2,2
2026-04-01,000858,13:41:42,104.3800,4,2
2026-04-01,000858,13:41:45,104.4000,4,1
2026-04-01,000858,13:41:48,104.3800,16,2
2026-04-01,000858,13:41:51,104.4100,20,1
2026-04-01,000858,13:41:54,104.4100,5,1
2026-04-01,000858,13:41:57,104.4100,3,1
2026-04-01,000858,13:42:00,104.4000,21,2
2026-04-01,000858,13:42:03,104.3800,7,2
2026-04-01,000858,13:42:06,104.4100,6,1
2026-04-01,000858,13:42:12,104.4100,6,4
2026-04-01,000858,13:42:15,104.4200,5,1
2026-04-01,000858,13:42:18,104.4200,7,1
2026-04-01,000858,13:42:21,104.4300,9,1
2026-04-01,000858,13:42:24,104.4300,1,1
2026-04-01,000858,13:42:27,104.4300,35,1
2026-04-01,000858,13:42:30,104.4300,3,1
2026-04-01,000858,13:42:33,104.4300,38,2
2026-04-01,000858,13:42:36,104.4200,30,2
2026-04-01,000858,13:42:39,104.4300,1,1
2026-04-01,000858,13:42:45,104.4300,23,1
2026-04-01,000858,13:42:48,104.4200,4,1
2026-04-01,000858,13:42:51,104.4200,1,2
2026-04-01,000858,13:42:57,104.4300,5,1
2026-04-01,000858,13:43:00,104.4300,10,1
2026-04-01,000858,13:43:03,104.4300,3,2
2026-04-01,000858,13:43:06,104.4200,31,2
2026-04-01,000858,13:43:09,104.4400,11,1
2026-04-01,000858,13:43:12,104.4300,8,4
2026-04-01,000858,13:43:15,104.4200,2,2
2026-04-01,000858,13:43:18,104.4400,2,1
2026-04-01,000858,13:43:21,104.4300,4,4
2026-04-01,000858,13:43:24,104.4400,5,1
2026-04-01,000858,13:43:30,104.4400,11,1
2026-04-01,000858,13:43:33,104.4400,2,1
2026-04-01,000858,13:43:36,104.4300,3,2
2026-04-01,000858,13:43:39,104.4300,10,2
2026-04-01,000858,13:43:45,104.4300,18,2
2026-04-01,000858,13:43:48,104.4300,16,2
2026-04-01,000858,13:43:51,104.4400,6,1
2026-04-01,000858,13:43:54,104.4400,19,1
2026-04-01,000858,13:44:03,104.4300,21,2
2026-04-01,000858,13:44:06,104.4200,18,2
2026-04-01,000858,13:44:09,104.4100,14,2
2026-04-01,000858,13:44:12,104.4300,3,1
2026-04-01,000858,13:44:18,104.4200,5,2
2026-04-01,000858,13:44:24,104.4300,4,1
2026-04-01,000858,13:44:27,104.4200,12,2
2026-04-01,000858,13:44:30,104.4200,3,2
2026-04-01,000858,13:44:33,104.4300,5,1
2026-04-01,000858,13:44:36,104.4200,3,2
2026-04-01,000858,13:44:39,104.4200,5,2
2026-04-01,000858,13:44:42,104.4200,13,2
2026-04-01,000858,13:44:45,104.4200,15,2
2026-04-01,000858,13:44:48,104.4200,31,2
2026-04-01,000858,13:44:51,104.4200,3,2
2026-04-01,000858,13:44:54,104.4300,9,1
2026-04-01,000858,13:44:57,104.4300,47,1
2026-04-01,000858,13:45:00,104.4200,22,2
2026-04-01,000858,13:45:03,104.4100,76,2
2026-04-01,000858,13:45:06,104.4200,48,1
2026-04-01,000858,13:45:09,104.4300,4,1
2026-04-01,000858,13:45:12,104.4300,6,1
2026-04-01,000858,13:45:15,104.4200,2,2
2026-04-01,000858,13:45:18,104.4200,6,2
2026-04-01,000858,13:45:21,104.4000,152,2
2026-04-01,000858,13:45:24,104.4000,2,2
2026-04-01,000858,13:45:27,104.4000,1,2
2026-04-01,000858,13:45:33,104.4100,2,2
2026-04-01,000858,13:45:36,104.4200,44,1
2026-04-01,000858,13:45:39,104.4200,5,1
2026-04-01,000858,13:45:42,104.4000,14,2
2026-04-01,000858,13:45:45,104.4000,25,1
2026-04-01,000858,13:45:48,104.4300,3,1
2026-04-01,000858,13:45:51,104.4200,2,2
2026-04-01,000858,13:45:54,104.4200,1,2
2026-04-01,000858,13:45:57,104.4200,3,2
2026-04-01,000858,13:46:00,104.4300,12,1
2026-04-01,000858,13:46:03,104.4200,14,2
2026-04-01,000858,13:46:06,104.4200,25,1
2026-04-01,000858,13:46:09,104.4000,2,2
2026-04-01,000858,13:46:15,104.4100,3,1
2026-04-01,000858,13:46:18,104.4000,6,1
2026-04-01,000858,13:46:21,104.4200,10,1
2026-04-01,000858,13:46:27,104.4000,4,2
2026-04-01,000858,13:46:30,104.4200,3,1
2026-04-01,000858,13:46:33,104.4000,4,2
2026-04-01,000858,13:46:36,104.4100,1,1
2026-04-01,000858,13:46:39,104.4200,3,1
2026-04-01,000858,13:46:42,104.4000,16,2
2026-04-01,000858,13:46:45,104.4100,11,1
2026-04-01,000858,13:46:48,104.4100,11,1
2026-04-01,000858,13:46:51,104.4100,2,1
2026-04-01,000858,13:46:54,104.4100,4,2
2026-04-01,000858,13:46:57,104.4000,5,2
2026-04-01,000858,13:47:03,104.4000,10,2
2026-04-01,000858,13:47:06,104.4000,4,2
2026-04-01,000858,13:47:09,104.4000,38,2
2026-04-01,000858,13:47:12,104.3900,8,2
2026-04-01,000858,13:47:18,104.4000,4,1
2026-04-01,000858,13:47:21,104.4000,3,1
2026-04-01,000858,13:47:24,104.3900,7,2
2026-04-01,000858,13:47:27,104.3900,4,2
2026-04-01,000858,13:47:30,104.3900,2,2
2026-04-01,000858,13:47:33,104.3900,13,2
2026-04-01,000858,13:47:36,104.3900,11,2
2026-04-01,000858,13:47:39,104.3900,2,2
2026-04-01,000858,13:47:42,104.3900,4,2
2026-04-01,000858,13:47:45,104.3900,11,2
2026-04-01,000858,13:47:48,104.4000,8,1
2026-04-01,000858,13:47:51,104.3900,2,2
2026-04-01,000858,13:47:54,104.4000,8,1
2026-04-01,000858,13:47:57,104.4000,9,1
2026-04-01,000858,13:48:00,104.3900,24,2
2026-04-01,000858,13:48:03,104.3900,11,2
2026-04-01,000858,13:48:06,104.3900,20,2
2026-04-01,000858,13:48:09,104.3900,1,2
2026-04-01,000858,13:48:12,104.4000,7,1
2026-04-01,000858,13:48:15,104.3900,17,2
2026-04-01,000858,13:48:18,104.3800,19,2
2026-04-01,000858,13:48:21,104.3800,9,2
2026-04-01,000858,13:48:24,104.3800,56,2
2026-04-01,000858,13:48:30,104.3800,3,1
2026-04-01,000858,13:48:33,104.3800,13,1
2026-04-01,000858,13:48:36,104.3800,4,2
2026-04-01,000858,13:48:39,104.3900,4,1
2026-04-01,000858,13:48:42,104.3800,7,2
2026-04-01,000858,13:48:45,104.3800,10,1
2026-04-01,000858,13:48:48,104.3800,5,1
2026-04-01,000858,13:48:51,104.3600,27,2
2026-04-01,000858,13:48:57,104.3700,1,1
2026-04-01,000858,13:49:00,104.3600,2,2
2026-04-01,000858,13:49:03,104.3700,33,1
2026-04-01,000858,13:49:06,104.3800,10,1
2026-04-01,000858,13:49:09,104.3800,14,1
2026-04-01,000858,13:49:12,104.3800,4,1
2026-04-01,000858,13:49:15,104.3800,4,1
2026-04-01,000858,13:49:21,104.3700,1,2
2026-04-01,000858,13:49:24,104.3800,3,1
2026-04-01,000858,13:49:27,104.3800,61,1
2026-04-01,000858,13:49:30,104.3700,25,2
2026-04-01,000858,13:49:33,104.3700,8,1
2026-04-01,000858,13:49:36,104.3700,7,1
2026-04-01,000858,13:49:39,104.3700,2,1
2026-04-01,000858,13:49:42,104.3600,3,2
2026-04-01,000858,13:49:45,104.3600,11,2
2026-04-01,000858,13:49:48,104.3600,2,2
2026-04-01,000858,13:49:51,104.3600,4,2
2026-04-01,000858,13:49:54,104.3600,37,2
2026-04-01,000858,13:49:57,104.3500,3,2
2026-04-01,000858,13:50:00,104.3300,98,2
2026-04-01,000858,13:50:03,104.3300,8,2
2026-04-01,000858,13:50:06,104.3500,10,2
2026-04-01,000858,13:50:09,104.3400,5,2
2026-04-01,000858,13:50:12,104.3500,9,1
2026-04-01,000858,13:50:21,104.3500,85,1
2026-04-01,000858,13:50:24,104.3500,134,1
2026-04-01,000858,13:50:27,104.3400,13,2
2026-04-01,000858,13:50:30,104.3400,5,1
2026-04-01,000858,13:50:33,104.3600,125,1
2026-04-01,000858,13:50:36,104.3600,5,1
2026-04-01,000858,13:50:42,104.3600,4,1
2026-04-01,000858,13:50:45,104.3600,5,1
2026-04-01,000858,13:50:48,104.3500,5,2
2026-04-01,000858,13:50:51,104.3600,7,1
2026-04-01,000858,13:50:54,104.3600,49,1
2026-04-01,000858,13:50:57,104.3600,20,1
2026-04-01,000858,13:51:00,104.3600,13,2
2026-04-01,000858,13:51:03,104.3600,6,1
2026-04-01,000858,13:51:06,104.3500,8,2
2026-04-01,000858,13:51:09,104.3600,3,1
2026-04-01,000858,13:51:12,104.3600,2,1
2026-04-01,000858,13:51:15,104.3500,20,2
2026-04-01,000858,13:51:18,104.3600,2,1
2026-04-01,000858,13:51:21,104.3600,5,1
2026-04-01,000858,13:51:24,104.3600,35,1
2026-04-01,000858,13:51:27,104.3500,25,2
2026-04-01,000858,13:51:30,104.3600,16,4
2026-04-01,000858,13:51:36,104.3700,13,1
2026-04-01,000858,13:51:39,104.3800,35,1
2026-04-01,000858,13:51:42,104.3900,5,1
2026-04-01,000858,13:51:45,104.3900,3,1
2026-04-01,000858,13:51:48,104.3900,18,1
2026-04-01,000858,13:51:51,104.3900,40,1
2026-04-01,000858,13:51:54,104.4000,8,1
2026-04-01,000858,13:51:57,104.3900,5,2
2026-04-01,000858,13:52:00,104.4000,13,1
2026-04-01,000858,13:52:03,104.4000,23,1
2026-04-01,000858,13:52:06,104.4000,26,1
2026-04-01,000858,13:52:09,104.4000,1,2
2026-04-01,000858,13:52:12,104.4100,7,1
2026-04-01,000858,13:52:15,104.4000,5,2
2026-04-01,000858,13:52:18,104.4000,25,2
2026-04-01,000858,13:52:21,104.4000,2,1
2026-04-01,000858,13:52:24,104.4000,2,2
2026-04-01,000858,13:52:27,104.4100,2,1
2026-04-01,000858,13:52:30,104.4100,4,1
2026-04-01,000858,13:52:33,104.4100,3,1
2026-04-01,000858,13:52:36,104.4100,1,1
2026-04-01,000858,13:52:42,104.4100,5,1
2026-04-01,000858,13:52:45,104.4000,1,2
2026-04-01,000858,13:52:48,104.4100,3,1
2026-04-01,000858,13:52:54,104.4100,5,1
2026-04-01,000858,13:52:57,104.4100,19,1
2026-04-01,000858,13:53:00,104.4100,10,1
2026-04-01,000858,13:53:03,104.4100,7,1
2026-04-01,000858,13:53:06,104.4000,17,2
2026-04-01,000858,13:53:09,104.4100,4,1
2026-04-01,000858,13:53:12,104.4000,1,2
2026-04-01,000858,13:53:15,104.4100,34,1
2026-04-01,000858,13:53:18,104.4100,1,1
2026-04-01,000858,13:53:21,104.4000,4,2
2026-04-01,000858,13:53:24,104.4000,3,2
2026-04-01,000858,13:53:27,104.4000,7,2
2026-04-01,000858,13:53:30,104.4100,4,1
2026-04-01,000858,13:53:33,104.4100,3,1
2026-04-01,000858,13:53:36,104.3900,25,2
2026-04-01,000858,13:53:39,104.4100,1,1
2026-04-01,000858,13:53:42,104.3900,13,2
2026-04-01,000858,13:53:45,104.3800,5,2
2026-04-01,000858,13:53:48,104.3900,3,1
2026-04-01,000858,13:53:51,104.3800,9,2
2026-04-01,000858,13:53:57,104.3700,8,2
2026-04-01,000858,13:54:00,104.3800,1,4
2026-04-01,000858,13:54:03,104.3900,12,1
2026-04-01,000858,13:54:06,104.3800,3,2
2026-04-01,000858,13:54:09,104.3900,6,1
2026-04-01,000858,13:54:15,104.3800,2,2
2026-04-01,000858,13:54:18,104.3900,8,1
2026-04-01,000858,13:54:21,104.3800,1,2
2026-04-01,000858,13:54:24,104.3800,2,2
2026-04-01,000858,13:54:27,104.3900,4,1
2026-04-01,000858,13:54:30,104.3900,22,1
2026-04-01,000858,13:54:33,104.3800,27,2
2026-04-01,000858,13:54:36,104.3900,3,2
2026-04-01,000858,13:54:39,104.3900,1,2
2026-04-01,000858,13:54:45,104.3900,11,1
2026-04-01,000858,13:54:48,104.3800,4,2
2026-04-01,000858,13:54:51,104.3900,11,1
2026-04-01,000858,13:54:54,104.3700,13,2
2026-04-01,000858,13:54:57,104.3700,18,2
2026-04-01,000858,13:55:00,104.3800,6,1
2026-04-01,000858,13:55:03,104.3700,1,2
2026-04-01,000858,13:55:06,104.3800,9,4
2026-04-01,000858,13:55:09,104.3800,7,2
2026-04-01,000858,13:55:12,104.3900,11,1
2026-04-01,000858,13:55:18,104.3800,1,2
2026-04-01,000858,13:55:21,104.3900,5,1
2026-04-01,000858,13:55:24,104.3900,6,1
2026-04-01,000858,13:55:27,104.4000,2,1
2026-04-01,000858,13:55:30,104.3800,12,2
2026-04-01,000858,13:55:33,104.3900,1,1
2026-04-01,000858,13:55:36,104.3900,4,1
2026-04-01,000858,13:55:39,104.3900,4,1
2026-04-01,000858,13:55:42,104.3800,7,2
2026-04-01,000858,13:55:45,104.3800,11,2
2026-04-01,000858,13:55:48,104.3800,20,2
2026-04-01,000858,13:55:51,104.4000,9,1
2026-04-01,000858,13:55:57,104.3900,9,2
2026-04-01,000858,13:56:00,104.4000,20,1
2026-04-01,000858,13:56:03,104.3900,9,2
2026-04-01,000858,13:56:06,104.3800,9,2
2026-04-01,000858,13:56:09,104.3900,3,1
2026-04-01,000858,13:56:12,104.4000,1,1
2026-04-01,000858,13:56:15,104.3900,24,2
2026-04-01,000858,13:56:18,104.3900,1,2
2026-04-01,000858,13:56:21,104.4000,1,1
2026-04-01,000858,13:56:24,104.3900,7,2
2026-04-01,000858,13:56:27,104.4000,12,1
2026-04-01,000858,13:56:30,104.4000,2,1
2026-04-01,000858,13:56:33,104.3900,6,2
2026-04-01,000858,13:56:36,104.4000,8,1
2026-04-01,000858,13:56:39,104.4000,1,1
2026-04-01,000858,13:56:45,104.3900,10,2
2026-04-01,000858,13:56:48,104.3900,10,2
2026-04-01,000858,13:56:51,104.3900,22,2
2026-04-01,000858,13:56:54,104.3900,14,2
2026-04-01,000858,13:56:57,104.3900,1,2
2026-04-01,000858,13:57:00,104.3900,12,2
2026-04-01,000858,13:57:03,104.3800,1,2
2026-04-01,000858,13:57:06,104.3500,374,2
2026-04-01,000858,13:57:09,104.3500,70,2
2026-04-01,000858,13:57:12,104.3600,10,1
2026-04-01,000858,13:57:15,104.3600,17,1
2026-04-01,000858,13:57:18,104.3600,1,2
2026-04-01,000858,13:57:21,104.3700,3,1
2026-04-01,000858,13:57:24,104.3700,40,1
2026-04-01,000858,13:57:27,104.3700,41,2
2026-04-01,000858,13:57:30,104.3600,2,2
2026-04-01,000858,13:57:33,104.3600,1,2
2026-04-01,000858,13:57:36,104.3600,2,2
2026-04-01,000858,13:57:39,104.3700,42,1
2026-04-01,000858,13:57:42,104.3700,1,1
2026-04-01,000858,13:57:45,104.3600,8,2
2026-04-01,000858,13:57:48,104.3600,22,2
2026-04-01,000858,13:57:51,104.3600,8,2
2026-04-01,000858,13:57:54,104.3500,20,2
2026-04-01,000858,13:57:57,104.3600,25,1
2026-04-01,000858,13:58:00,104.3500,13,2
2026-04-01,000858,13:58:03,104.3400,8,2
2026-04-01,000858,13:58:06,104.3400,5,2
2026-04-01,000858,13:58:09,104.3400,9,2
2026-04-01,000858,13:58:12,104.3500,5,1
2026-04-01,000858,13:58:15,104.3400,25,2
2026-04-01,000858,13:58:18,104.3400,66,2
2026-04-01,000858,13:58:21,104.3400,10,2
2026-04-01,000858,13:58:24,104.3400,13,2
2026-04-01,000858,13:58:27,104.3400,23,2
2026-04-01,000858,13:58:30,104.3400,10,2
2026-04-01,000858,13:58:33,104.3400,45,2
2026-04-01,000858,13:58:36,104.3400,8,2
2026-04-01,000858,13:58:45,104.3400,10,1
2026-04-01,000858,13:58:48,104.3000,147,2
2026-04-01,000858,13:58:51,104.3400,9,1
2026-04-01,000858,13:58:54,104.3000,1,2
2026-04-01,000858,13:58:57,104.3000,7,2
2026-04-01,000858,13:59:00,104.3000,11,2
2026-04-01,000858,13:59:03,104.3000,18,2
2026-04-01,000858,13:59:06,104.3300,323,1
2026-04-01,000858,13:59:15,104.3000,5,1
2026-04-01,000858,13:59:18,104.2500,6,2
2026-04-01,000858,13:59:21,104.2900,61,1
2026-04-01,000858,13:59:24,104.2700,36,1
2026-04-01,000858,13:59:27,104.2600,4,2
2026-04-01,000858,13:59:33,104.2700,5,1
2026-04-01,000858,13:59:36,104.2700,10,1
2026-04-01,000858,13:59:39,104.2700,10,2
2026-04-01,000858,13:59:42,104.2900,27,1
2026-04-01,000858,13:59:45,104.2700,11,2
2026-04-01,000858,13:59:48,104.2800,15,4
2026-04-01,000858,13:59:51,104.2700,16,2
2026-04-01,000858,13:59:54,104.2700,24,2
2026-04-01,000858,13:59:57,104.2800,6,2
2026-04-01,000858,14:00:00,104.2900,4,1
2026-04-01,000858,14:00:03,104.2800,27,2
2026-04-01,000858,14:00:06,104.2800,73,2
2026-04-01,000858,14:00:12,104.2700,7,2
2026-04-01,000858,14:00:15,104.2700,1,2
2026-04-01,000858,14:00:18,104.2700,11,2
2026-04-01,000858,14:00:21,104.2700,11,2
2026-04-01,000858,14:00:24,104.2700,19,1
2026-04-01,000858,14:00:27,104.2600,10,2
2026-04-01,000858,14:00:30,104.2600,21,2
2026-04-01,000858,14:00:33,104.2600,17,2
2026-04-01,000858,14:00:36,104.2600,9,2
2026-04-01,000858,14:00:39,104.2600,35,2
2026-04-01,000858,14:00:42,104.2600,6,2
2026-04-01,000858,14:00:45,104.2600,12,2
2026-04-01,000858,14:00:48,104.2600,15,2
2026-04-01,000858,14:00:51,104.2700,4,1
2026-04-01,000858,14:00:54,104.2600,23,2
2026-04-01,000858,14:00:57,104.2600,13,2
2026-04-01,000858,14:01:00,104.2600,26,1
2026-04-01,000858,14:01:03,104.2700,15,1
2026-04-01,000858,14:01:06,104.2700,72,1
2026-04-01,000858,14:01:09,104.2700,5,2
2026-04-01,000858,14:01:12,104.2800,33,1
2026-04-01,000858,14:01:15,104.2900,27,1
2026-04-01,000858,14:01:18,104.3600,305,1
2026-04-01,000858,14:01:21,104.3600,4,1
2026-04-01,000858,14:01:24,104.3600,5,1
2026-04-01,000858,14:01:30,104.3600,8,2
2026-04-01,000858,14:01:33,104.3600,4,2
2026-04-01,000858,14:01:36,104.3400,32,2
2026-04-01,000858,14:01:39,104.3600,7,1
2026-04-01,000858,14:01:42,104.3500,28,2
2026-04-01,000858,14:01:45,104.3500,8,2
2026-04-01,000858,14:01:48,104.3400,13,2
2026-04-01,000858,14:01:51,104.3400,4,2
2026-04-01,000858,14:01:54,104.3400,39,2
2026-04-01,000858,14:01:57,104.3500,25,1
2026-04-01,000858,14:02:00,104.3400,8,2
2026-04-01,000858,14:02:03,104.3400,16,2
2026-04-01,000858,14:02:06,104.3000,10,2
2026-04-01,000858,14:02:09,104.3400,1,1
2026-04-01,000858,14:02:12,104.3000,5,2
2026-04-01,000858,14:02:15,104.3200,13,4
2026-04-01,000858,14:02:18,104.3200,6,1
2026-04-01,000858,14:02:21,104.3200,1,2
2026-04-01,000858,14:02:24,104.3300,5,1
2026-04-01,000858,14:02:30,104.3200,1,1
2026-04-01,000858,14:02:33,104.3200,22,1
2026-04-01,000858,14:02:36,104.3300,2,1
2026-04-01,000858,14:02:39,104.3200,2,2
2026-04-01,000858,14:02:45,104.3200,3,2
2026-04-01,000858,14:02:48,104.3200,13,2
2026-04-01,000858,14:02:51,104.3200,3,2
2026-04-01,000858,14:02:54,104.3200,1,1
2026-04-01,000858,14:03:00,104.3200,5,1
2026-04-01,000858,14:03:03,104.3400,38,1
2026-04-01,000858,14:03:06,104.3100,64,2
2026-04-01,000858,14:03:09,104.3500,33,1
2026-04-01,000858,14:03:12,104.3200,8,2
2026-04-01,000858,14:03:15,104.3200,8,1
2026-04-01,000858,14:03:18,104.3200,16,1
2026-04-01,000858,14:03:21,104.3200,6,1
2026-04-01,000858,14:03:24,104.3200,9,1
2026-04-01,000858,14:03:27,104.3200,39,1
2026-04-01,000858,14:03:30,104.3200,61,1
2026-04-01,000858,14:03:33,104.3200,5,2
2026-04-01,000858,14:03:36,104.3100,8,2
2026-04-01,000858,14:03:39,104.3100,4,2
2026-04-01,000858,14:03:42,104.3200,3,2
2026-04-01,000858,14:03:45,104.3400,3,1
2026-04-01,000858,14:03:48,104.3300,3,2
2026-04-01,000858,14:03:54,104.3300,2,2
2026-04-01,000858,10:42:36,104.5000,201,2
2026-04-01,000858,10:42:39,104.5200,2,4
2026-04-01,000858,10:42:42,104.5000,6,2
2026-04-01,000858,10:42:45,104.5100,25,4
2026-04-01,000858,10:42:48,104.5200,38,1
2026-04-01,000858,10:42:51,104.5200,16,2
2026-04-01,000858,10:42:54,104.5200,2,2
2026-04-01,000858,10:42:57,104.5200,1,1
2026-04-01,000858,10:43:00,104.5100,8,2
2026-04-01,000858,10:43:03,104.5100,6,2
2026-04-01,000858,10:43:09,104.5000,126,2
2026-04-01,000858,10:43:12,104.5100,4,2
2026-04-01,000858,10:43:15,104.5100,7,2
2026-04-01,000858,10:43:18,104.5100,7,2
2026-04-01,000858,10:43:21,104.5000,9,2
2026-04-01,000858,10:43:24,104.5400,29,1
2026-04-01,000858,10:43:27,104.5400,35,1
2026-04-01,000858,10:43:30,104.5600,109,1
2026-04-01,000858,10:43:33,104.5700,2,1
2026-04-01,000858,10:43:36,104.5800,10,1
2026-04-01,000858,10:43:39,104.6000,62,1
2026-04-01,000858,10:43:42,104.6000,5,1
2026-04-01,000858,10:43:45,104.6000,12,1
2026-04-01,000858,10:43:48,104.6200,118,1
2026-04-01,000858,10:43:51,104.6100,14,2
2026-04-01,000858,10:43:54,104.6200,106,1
2026-04-01,000858,10:43:57,104.6100,3,1
2026-04-01,000858,10:44:00,104.6200,9,1
2026-04-01,000858,10:44:03,104.6300,7,1
2026-04-01,000858,10:44:06,104.6600,64,1
2026-04-01,000858,10:44:09,104.6500,1,1
2026-04-01,000858,10:44:12,104.6500,3,1
2026-04-01,000858,10:44:15,104.6300,1,2
2026-04-01,000858,10:44:18,104.6400,2,2
2026-04-01,000858,10:44:21,104.6500,18,1
2026-04-01,000858,10:44:24,104.6400,4,2
2026-04-01,000858,10:44:27,104.6400,3,2
2026-04-01,000858,10:44:30,104.6300,1,2
2026-04-01,000858,10:44:33,104.6500,10,1
2026-04-01,000858,10:44:36,104.6500,6,1
2026-04-01,000858,10:44:39,104.6500,13,2
2026-04-01,000858,10:44:42,104.6600,12,1
2026-04-01,000858,10:44:45,104.6500,17,2
2026-04-01,000858,10:44:48,104.6500,11,1
2026-04-01,000858,10:44:51,104.6500,45,1
2026-04-01,000858,10:44:54,104.6500,5,1
2026-04-01,000858,10:44:57,104.6400,3,2
2026-04-01,000858,10:45:00,104.6500,1,1
2026-04-01,000858,10:45:03,104.6400,26,2
2026-04-01,000858,10:45:06,104.6400,7,1
2026-04-01,000858,10:45:09,104.6500,2,1
2026-04-01,000858,10:45:12,104.6500,4,1
2026-04-01,000858,10:45:15,104.6600,53,1
2026-04-01,000858,10:45:18,104.6600,123,1
2026-04-01,000858,10:45:21,104.6600,4,2
2026-04-01,000858,10:45:24,104.6500,7,2
2026-04-01,000858,10:45:27,104.6600,1,1
2026-04-01,000858,10:45:30,104.6600,13,1
2026-04-01,000858,10:45:33,104.6600,3,1
2026-04-01,000858,10:45:36,104.6500,5,2
2026-04-01,000858,10:45:39,104.6500,6,2
2026-04-01,000858,10:45:42,104.6600,2,1
2026-04-01,000858,10:45:45,104.6600,1,1
2026-04-01,000858,10:45:48,104.6600,39,1
2026-04-01,000858,10:45:51,104.6500,115,2
2026-04-01,000858,10:45:54,104.6500,2,1
2026-04-01,000858,10:46:00,104.6500,22,1
2026-04-01,000858,10:46:03,104.6400,4,1
2026-04-01,000858,10:46:06,104.6500,11,1
2026-04-01,000858,10:46:09,104.6500,2,1
2026-04-01,000858,10:46:12,104.6400,2,2
2026-04-01,000858,10:46:15,104.6500,2,1
2026-04-01,000858,10:46:21,104.6400,8,2
2026-04-01,000858,10:46:24,104.6100,157,2
2026-04-01,000858,10:46:27,104.6100,3,2
2026-04-01,000858,10:46:30,104.6200,15,1
2026-04-01,000858,10:46:36,104.6000,8,2
2026-04-01,000858,10:46:39,104.6000,5,2
2026-04-01,000858,10:46:42,104.6000,7,2
2026-04-01,000858,10:46:45,104.5300,50,2
2026-04-01,000858,10:46:48,104.6000,3,1
2026-04-01,000858,10:46:51,104.5700,1,2
2026-04-01,000858,10:46:54,104.6000,3,1
2026-04-01,000858,10:47:03,104.5700,27,2
2026-04-01,000858,10:47:06,104.5700,2,1
2026-04-01,000858,10:47:09,104.5700,5,1
2026-04-01,000858,10:47:12,104.6000,4,1
2026-04-01,000858,10:47:15,104.5800,2,2
2026-04-01,000858,10:47:18,104.5800,6,2
2026-04-01,000858,10:47:21,104.5800,4,2
2026-04-01,000858,10:47:24,104.5800,10,2
2026-04-01,000858,10:47:27,104.5900,2,1
2026-04-01,000858,10:47:30,104.5900,17,4
2026-04-01,000858,10:47:33,104.6000,30,1
2026-04-01,000858,10:47:36,104.6200,3,1
2026-04-01,000858,10:47:39,104.6200,17,2
2026-04-01,000858,10:47:42,104.6500,26,1
2026-04-01,000858,10:47:45,104.6500,5,1
2026-04-01,000858,10:47:48,104.6500,1,1
2026-04-01,000858,10:47:51,104.6400,1,2
2026-04-01,000858,10:47:57,104.6500,13,1
2026-04-01,000858,10:48:00,104.6500,4,1
2026-04-01,000858,10:48:03,104.6400,19,2
2026-04-01,000858,10:48:09,104.6400,14,1
2026-04-01,000858,10:48:12,104.6400,16,1
2026-04-01,000858,10:48:15,104.6300,1,2
2026-04-01,000858,10:48:21,104.6300,43,2
2026-04-01,000858,10:48:24,104.6300,1,1
2026-04-01,000858,10:48:30,104.6300,8,1
2026-04-01,000858,10:48:33,104.6200,14,2
2026-04-01,000858,10:48:36,104.6200,7,2
2026-04-01,000858,10:48:39,104.6200,2,2
2026-04-01,000858,10:48:42,104.6200,28,2
2026-04-01,000858,10:48:48,104.6300,25,1
2026-04-01,000858,10:48:51,104.6200,1,4
2026-04-01,000858,10:48:54,104.6200,1,1
2026-04-01,000858,10:48:57,104.6100,1,2
2026-04-01,000858,10:49:00,104.6200,4,1
2026-04-01,000858,10:49:03,104.6100,24,2
2026-04-01,000858,10:49:06,104.6200,3,2
2026-04-01,000858,10:49:09,104.6200,13,2
2026-04-01,000858,10:49:12,104.6200,2,2
2026-04-01,000858,10:49:15,104.6300,24,1
2026-04-01,000858,10:49:18,104.6300,56,1
2026-04-01,000858,10:49:21,104.6700,68,1
2026-04-01,000858,10:49:24,104.6700,26,2
2026-04-01,000858,10:49:27,104.6900,9,1
2026-04-01,000858,10:49:30,104.7000,28,1
2026-04-01,000858,10:49:33,104.6900,13,2
2026-04-01,000858,10:49:36,104.7000,66,1
2026-04-01,000858,10:49:39,104.7000,14,1
2026-04-01,000858,10:49:42,104.6900,14,2
2026-04-01,000858,10:49:45,104.6900,4,1
2026-04-01,000858,10:49:48,104.6900,3,2
2026-04-01,000858,10:49:51,104.7200,12,1
2026-04-01,000858,10:49:54,104.6900,18,2
2026-04-01,000858,10:49:57,104.7000,5,1
2026-04-01,000858,10:50:00,104.6900,13,2
2026-04-01,000858,10:50:03,104.6900,24,2
2026-04-01,000858,10:50:06,104.7000,5,2
2026-04-01,000858,10:50:09,104.7000,6,1
2026-04-01,000858,10:50:12,104.7000,12,1
2026-04-01,000858,10:50:15,104.7300,11,1
2026-04-01,000858,10:50:18,104.7400,32,2
2026-04-01,000858,10:50:21,104.7500,27,1
2026-04-01,000858,10:50:24,104.7700,37,1
2026-04-01,000858,10:50:27,104.7700,34,2
2026-04-01,000858,10:50:33,104.8000,147,1
2026-04-01,000858,10:50:36,104.7800,44,2
2026-04-01,000858,10:50:39,104.8000,5,2
2026-04-01,000858,10:50:42,104.8000,2,4
2026-04-01,000858,10:50:45,104.7900,1,4
2026-04-01,000858,10:50:48,104.8000,8,1
2026-04-01,000858,10:50:51,104.7800,26,2
2026-04-01,000858,10:50:54,104.7800,11,1
2026-04-01,000858,10:50:57,104.7600,1,2
2026-04-01,000858,10:51:00,104.7800,20,1
2026-04-01,000858,10:51:03,104.7600,2,2
2026-04-01,000858,10:51:06,104.7600,10,1
2026-04-01,000858,10:51:09,104.7300,23,2
2026-04-01,000858,10:51:12,104.7400,10,1
2026-04-01,000858,10:51:15,104.7400,25,1
2026-04-01,000858,10:51:18,104.7400,4,1
2026-04-01,000858,10:51:21,104.7000,414,2
2026-04-01,000858,10:51:24,104.7200,9,1
2026-04-01,000858,10:51:27,104.6800,10,2
2026-04-01,000858,10:51:30,104.6800,4,2
2026-04-01,000858,10:51:33,104.6800,1,2
2026-04-01,000858,10:51:36,104.6800,3,2
2026-04-01,000858,10:51:39,104.6800,3,2
2026-04-01,000858,10:51:42,104.6800,6,2
2026-04-01,000858,10:51:45,104.6800,9,1
2026-04-01,000858,10:51:48,104.6600,14,2
2026-04-01,000858,10:51:51,104.6600,10,1
2026-04-01,000858,10:51:54,104.6500,4,2
2026-04-01,000858,10:51:57,104.6500,2,2
2026-04-01,000858,10:52:00,104.6500,3,1
2026-04-01,000858,10:52:03,104.6500,2,1
2026-04-01,000858,10:52:09,104.6500,8,1
2026-04-01,000858,10:52:12,104.6400,13,2
2026-04-01,000858,10:52:15,104.6500,6,1
2026-04-01,000858,10:52:18,104.6400,4,2
2026-04-01,000858,10:52:21,104.6400,3,2
2026-04-01,000858,10:52:24,104.6400,18,2
2026-04-01,000858,10:52:27,104.6400,52,2
2026-04-01,000858,10:52:30,104.6500,17,1
2026-04-01,000858,10:52:33,104.6300,3,2
2026-04-01,000858,10:52:39,104.6300,9,2
2026-04-01,000858,10:52:42,104.6300,3,1
2026-04-01,000858,10:52:45,104.6300,1,1
2026-04-01,000858,10:52:48,104.6200,19,2
2026-04-01,000858,10:52:51,104.6300,7,1
2026-04-01,000858,10:52:54,104.6200,2,2
2026-04-01,000858,10:52:57,104.6200,2,4
2026-04-01,000858,10:53:00,104.6100,18,2
2026-04-01,000858,10:53:03,104.6200,6,1
2026-04-01,000858,10:53:06,104.6100,5,2
2026-04-01,000858,10:53:09,104.6200,2,1
2026-04-01,000858,10:53:12,104.6200,4,1
2026-04-01,000858,10:53:15,104.6200,11,1
2026-04-01,000858,10:53:18,104.6300,16,1
2026-04-01,000858,10:53:24,104.6100,4,2
2026-04-01,000858,10:53:30,104.6200,2,1
2026-04-01,000858,10:53:36,104.6100,7,2
2026-04-01,000858,10:53:39,104.6100,24,2
2026-04-01,000858,10:53:42,104.6100,13,2
2026-04-01,000858,10:53:45,104.6200,12,1
2026-04-01,000858,10:53:48,104.6100,83,2
2026-04-01,000858,10:53:51,104.6100,4,2
2026-04-01,000858,10:53:54,104.6100,3,2
2026-04-01,000858,10:53:57,104.6300,20,1
2026-04-01,000858,10:54:03,104.6200,9,1
2026-04-01,000858,10:54:06,104.6200,6,1
2026-04-01,000858,10:54:09,104.6100,15,2
2026-04-01,000858,10:54:12,104.7000,206,1
2026-04-01,000858,10:54:15,104.7300,8,1
2026-04-01,000858,10:54:18,104.7400,3,1
2026-04-01,000858,10:54:21,104.7000,6,2
2026-04-01,000858,10:54:24,104.7300,38,1
2026-04-01,000858,10:54:27,104.7100,4,2
2026-04-01,000858,10:54:30,104.7100,1,1
2026-04-01,000858,10:54:33,104.7000,53,2
2026-04-01,000858,10:54:36,104.7100,14,1
2026-04-01,000858,10:54:39,104.6600,11,2
2026-04-01,000858,10:54:42,104.6300,20,2
2026-04-01,000858,10:54:48,104.6300,23,2
2026-04-01,000858,10:54:57,104.6400,4,1
2026-04-01,000858,10:55:00,104.6300,2,2
2026-04-01,000858,10:55:03,104.6400,2,1
2026-04-01,000858,10:55:06,104.6300,1,2
2026-04-01,000858,10:55:09,104.6300,6,2
2026-04-01,000858,10:55:12,104.6300,1,1
2026-04-01,000858,10:55:15,104.6200,1,2
2026-04-01,000858,10:55:18,104.6200,137,2
2026-04-01,000858,10:55:21,104.6200,2,1
2026-04-01,000858,10:55:27,104.6200,2,1
2026-04-01,000858,10:55:30,104.6100,243,2
2026-04-01,000858,10:55:33,104.5600,25,2
2026-04-01,000858,10:55:36,104.5600,8,2
2026-04-01,000858,10:55:42,104.5800,2,1
2026-04-01,000858,10:55:45,104.5600,1,2
2026-04-01,000858,10:55:48,104.5600,7,1
2026-04-01,000858,10:55:51,104.5800,2,1
2026-04-01,000858,10:55:54,104.5500,1,2
2026-04-01,000858,10:56:00,104.6000,4,1
2026-04-01,000858,10:56:03,104.6200,7,1
2026-04-01,000858,10:56:06,104.6200,48,1
2026-04-01,000858,10:56:09,104.6200,13,1
2026-04-01,000858,10:56:15,104.6200,1,2
2026-04-01,000858,10:56:18,104.6200,18,2
2026-04-01,000858,10:56:21,104.6500,5,1
2026-04-01,000858,10:56:24,104.6600,2,1
2026-04-01,000858,10:56:27,104.6400,3,2
2026-04-01,000858,10:56:30,104.6600,3,1
2026-04-01,000858,10:56:36,104.6400,7,2
2026-04-01,000858,10:56:39,104.6400,7,2
2026-04-01,000858,10:56:42,104.6300,13,2
2026-04-01,000858,10:56:45,104.6200,160,2
2026-04-01,000858,10:56:51,104.6200,23,2
2026-04-01,000858,10:56:54,104.6400,2,1
2026-04-01,000858,10:56:57,104.6200,4,2
2026-04-01,000858,10:57:00,104.6200,6,2
2026-04-01,000858,10:57:03,104.7000,165,1
2026-04-01,000858,10:57:06,104.6400,2,2
2026-04-01,000858,10:57:12,104.6400,9,2
2026-04-01,000858,10:57:18,104.6400,4,1
2026-04-01,000858,10:57:21,104.6200,14,2
2026-04-01,000858,10:57:24,104.6200,1,2
2026-04-01,000858,10:57:27,104.6400,17,1
2026-04-01,000858,10:57:36,104.6600,9,1
2026-04-01,000858,10:57:39,104.6200,81,2
2026-04-01,000858,10:57:51,104.6000,5,2
2026-04-01,000858,10:57:54,104.6000,51,1
2026-04-01,000858,10:57:57,104.5900,1,2
2026-04-01,000858,10:58:00,104.6000,2,1
2026-04-01,000858,10:58:03,104.5900,5,2
2026-04-01,000858,10:58:06,104.5900,9,2
2026-04-01,000858,10:58:09,104.6200,15,1
2026-04-01,000858,10:58:12,104.6200,19,1
2026-04-01,000858,10:58:15,104.6100,4,4
2026-04-01,000858,10:58:18,104.6000,2,2
2026-04-01,000858,10:58:21,104.6000,1,2
2026-04-01,000858,10:58:24,104.6200,14,1
2026-04-01,000858,10:58:27,104.6200,1,1
2026-04-01,000858,10:58:30,104.6100,1,2
2026-04-01,000858,10:58:33,104.6100,1,2
2026-04-01,000858,10:58:36,104.6100,2,2
2026-04-01,000858,10:58:39,104.6100,3,4
2026-04-01,000858,10:58:42,104.6000,13,2
2026-04-01,000858,10:58:45,104.6000,2,2
2026-04-01,000858,10:58:48,104.6000,16,2
2026-04-01,000858,10:58:54,104.6000,21,1
2026-04-01,000858,10:58:57,104.6000,2,2
2026-04-01,000858,10:59:00,104.6000,4,1
2026-04-01,000858,10:59:06,104.5900,5,2
2026-04-01,000858,10:59:09,104.5800,163,2
2026-04-01,000858,10:59:12,104.6000,21,1
2026-04-01,000858,10:59:15,104.6000,10,1
2026-04-01,000858,10:59:18,104.5800,8,2
2026-04-01,000858,10:59:24,104.5800,2,1
2026-04-01,000858,10:59:27,104.5800,5,1
2026-04-01,000858,10:59:30,104.5700,5,2
2026-04-01,000858,10:59:33,104.5800,17,1
2026-04-01,000858,10:59:36,104.5700,40,2
2026-04-01,000858,10:59:39,104.5800,2,1
2026-04-01,000858,10:59:42,104.5700,1,2
2026-04-01,000858,10:59:45,104.5700,4,2
2026-04-01,000858,10:59:48,104.5700,3,2
2026-04-01,000858,10:59:51,104.5700,1,2
2026-04-01,000858,10:59:54,104.5700,4,2
2026-04-01,000858,10:59:57,104.5700,1,2
2026-04-01,000858,11:00:03,104.5700,9,2
2026-04-01,000858,11:00:06,104.5700,109,2
2026-04-01,000858,11:00:09,104.5600,10,4
2026-04-01,000858,11:00:12,104.5600,84,2
2026-04-01,000858,11:00:15,104.5800,25,1
2026-04-01,000858,11:00:18,104.5600,5,2
2026-04-01,000858,11:00:21,104.5600,1,2
2026-04-01,000858,11:00:24,104.5700,6,2
2026-04-01,000858,11:00:27,104.5700,2,4
2026-04-01,000858,11:00:39,104.5700,8,1
2026-04-01,000858,11:00:42,104.5600,10,2
2026-04-01,000858,11:00:45,104.5700,5,1
2026-04-01,000858,11:00:48,104.5500,4,2
2026-04-01,000858,11:00:54,104.5900,36,1
2026-04-01,000858,11:00:57,104.6000,42,1
2026-04-01,000858,11:01:00,104.6100,1,1
2026-04-01,000858,11:01:06,104.6000,9,2
2026-04-01,000858,11:01:09,104.6200,2,1
2026-04-01,000858,11:01:12,104.6000,2,2
2026-04-01,000858,11:01:15,104.6200,9,1
2026-04-01,000858,11:01:18,104.6200,10,1
2026-04-01,000858,11:01:21,104.6400,4,1
2026-04-01,000858,11:01:24,104.6400,1,1
2026-04-01,000858,11:01:27,104.6200,1,2
2026-04-01,000858,11:01:30,104.6200,1,1
2026-04-01,000858,11:01:33,104.6200,1,1
2026-04-01,000858,11:01:36,104.6100,4,2
2026-04-01,000858,11:01:39,104.6100,4,2
2026-04-01,000858,11:01:42,104.6200,4,1
2026-04-01,000858,11:01:45,104.6400,18,1
2026-04-01,000858,11:01:48,104.6300,3,4
2026-04-01,000858,11:01:51,104.6500,19,1
2026-04-01,000858,11:01:54,104.6400,10,2
2026-04-01,000858,11:01:57,104.6500,8,1
2026-04-01,000858,11:02:00,104.6400,1,2
2026-04-01,000858,11:02:03,104.6500,14,1
2026-04-01,000858,11:02:06,104.6500,2,2
2026-04-01,000858,11:02:09,104.6500,2,2
2026-04-01,000858,11:02:12,104.6400,5,2
2026-04-01,000858,11:02:15,104.6400,9,2
2026-04-01,000858,11:02:18,104.6200,32,2
2026-04-01,000858,11:02:21,104.6400,30,1
2026-04-01,000858,11:02:24,104.6200,1,2
2026-04-01,000858,11:02:27,104.6200,6,1
2026-04-01,000858,11:02:30,104.6100,11,2
2026-04-01,000858,11:02:33,104.6100,3,1
2026-04-01,000858,11:02:39,104.6000,13,2
2026-04-01,000858,11:02:42,104.6100,17,1
2026-04-01,000858,11:02:48,104.5900,2,2
2026-04-01,000858,11:02:51,104.5800,5,2
2026-04-01,000858,11:02:54,104.5800,3,2
2026-04-01,000858,11:02:57,104.5800,4,4
2026-04-01,000858,11:03:06,104.5600,9,2
2026-04-01,000858,11:03:09,104.5600,5,2
2026-04-01,000858,11:03:12,104.5600,1,2
2026-04-01,000858,11:03:15,104.5600,12,2
2026-04-01,000858,11:03:18,104.5700,5,1
2026-04-01,000858,11:03:24,104.5600,3,2
2026-04-01,000858,11:03:27,104.5600,13,2
2026-04-01,000858,11:03:30,104.5100,606,2
2026-04-01,000858,11:03:33,104.5000,4,2
2026-04-01,000858,11:03:36,104.5000,1,2
2026-04-01,000858,11:03:39,104.5000,16,2
2026-04-01,000858,11:03:42,104.5000,19,2
2026-04-01,000858,11:03:45,104.5000,31,2
2026-04-01,000858,11:03:48,104.4900,4,2
2026-04-01,000858,11:03:51,104.4900,1,1
2026-04-01,000858,11:03:54,104.4800,17,2
2026-04-01,000858,11:04:00,104.4800,4,1
2026-04-01,000858,11:04:09,104.4500,55,2
2026-04-01,000858,11:04:12,104.4200,5,2
2026-04-01,000858,11:04:18,104.4500,73,1
2026-04-01,000858,11:04:21,104.4400,22,2
2026-04-01,000858,11:04:24,104.4500,10,1
2026-04-01,000858,11:04:27,104.4500,20,1
2026-04-01,000858,11:04:30,104.4400,8,2
2026-04-01,000858,11:04:33,104.4400,2,1
2026-04-01,000858,11:04:36,104.4300,1,2
2026-04-01,000858,11:04:39,104.4300,21,2
2026-04-01,000858,11:04:45,104.4300,13,1
2026-04-01,000858,11:04:48,104.4300,20,4
2026-04-01,000858,11:04:51,104.4300,1,4
2026-04-01,000858,11:04:54,104.4300,15,2
2026-04-01,000858,11:04:57,104.4300,7,4
2026-04-01,000858,11:05:00,104.4300,1,1
2026-04-01,000858,11:05:03,104.4200,7,2
2026-04-01,000858,11:05:06,104.4200,1,2
2026-04-01,000858,11:05:09,104.4200,45,2
2026-04-01,000858,11:05:12,104.4300,2,2
2026-04-01,000858,11:05:15,104.4200,8,2
2026-04-01,000858,11:05:21,104.4100,3,2
2026-04-01,000858,11:05:24,104.4200,1,1
2026-04-01,000858,11:05:27,104.4200,10,1
2026-04-01,000858,11:05:30,104.4100,2,2
2026-04-01,000858,11:05:33,104.4200,57,1
2026-04-01,000858,11:05:36,104.4200,8,2
2026-04-01,000858,11:05:39,104.4300,2,1
2026-04-01,000858,11:05:42,104.4200,4,2
2026-04-01,000858,11:05:45,104.4300,4,1
2026-04-01,000858,11:05:51,104.4300,50,1
2026-04-01,000858,11:05:54,104.4500,23,1
2026-04-01,000858,11:05:57,104.4700,13,1
2026-04-01,000858,11:06:00,104.4700,4,1
2026-04-01,000858,11:06:06,104.4600,8,2
2026-04-01,000858,11:06:09,104.4700,4,4
2026-04-01,000858,11:06:12,104.4600,1,2
2026-04-01,000858,11:06:15,104.4600,1,2
2026-04-01,000858,11:06:18,104.4500,8,2
2026-04-01,000858,11:06:24,104.4500,2,2
2026-04-01,000858,11:06:27,104.4500,2,2
2026-04-01,000858,11:06:30,104.4600,1,1
2026-04-01,000858,11:06:33,104.4500,6,2
2026-04-01,000858,11:06:39,104.4500,1,2
2026-04-01,000858,11:06:42,104.4500,3,2
2026-04-01,000858,11:06:45,104.4500,5,2
2026-04-01,000858,11:06:48,104.4500,3,2
2026-04-01,000858,11:06:51,104.4500,1,2
2026-04-01,000858,11:06:54,104.4600,2,1
2026-04-01,000858,11:06:57,104.4500,5,2
2026-04-01,000858,11:07:00,104.4500,7,2
2026-04-01,000858,11:07:03,104.4600,2,1
2026-04-01,000858,11:07:06,104.4500,9,2
2026-04-01,000858,11:07:09,104.4600,1,1
2026-04-01,000858,11:07:12,104.4400,25,2
2026-04-01,000858,11:07:15,104.4500,2,1
2026-04-01,000858,11:07:18,104.4500,1,1
2026-04-01,000858,11:07:21,104.4500,5,1
2026-04-01,000858,11:07:24,104.4500,3,1
2026-04-01,000858,11:07:27,104.4400,15,2
2026-04-01,000858,11:07:30,104.4400,10,4
2026-04-01,000858,11:07:33,104.4400,7,1
2026-04-01,000858,11:07:36,104.4300,2,2
2026-04-01,000858,11:07:42,104.4400,17,1
2026-04-01,000858,11:07:45,104.4300,2,2
2026-04-01,000858,11:07:48,104.4400,15,1
2026-04-01,000858,11:07:51,104.4300,7,2
2026-04-01,000858,11:07:54,104.4300,3,1
2026-04-01,000858,11:07:57,104.4300,2,1
2026-04-01,000858,11:08:00,104.4300,1,2
2026-04-01,000858,11:08:03,104.4300,2,2
2026-04-01,000858,11:08:09,104.4300,2,2
2026-04-01,000858,11:08:12,104.4400,13,1
2026-04-01,000858,11:08:15,104.4300,9,2
2026-04-01,000858,11:08:18,104.4400,1,1
2026-04-01,000858,11:08:24,104.4400,5,1
2026-04-01,000858,11:08:27,104.4300,14,2
2026-04-01,000858,11:08:30,104.4300,9,2
2026-04-01,000858,11:08:33,104.4300,1,2
2026-04-01,000858,11:08:36,104.4300,1,2
2026-04-01,000858,11:08:39,104.4300,19,2
2026-04-01,000858,11:08:42,104.4600,51,1
2026-04-01,000858,11:08:45,104.4700,28,1
2026-04-01,000858,11:08:48,104.4500,9,2
2026-04-01,000858,11:08:51,104.5000,24,1
2026-04-01,000858,11:08:54,104.4500,6,2
2026-04-01,000858,11:08:57,104.5000,2,1
2026-04-01,000858,11:09:00,104.5200,2,1
2026-04-01,000858,11:09:03,104.5200,3,2
