date,code,time,price,volume,bs
2026-02-03,000858,14:07:06,106.8800,20,2
2026-02-03,000858,14:07:09,106.8900,57,1
2026-02-03,000858,14:07:12,106.8800,17,2
2026-02-03,000858,14:07:15,106.8800,39,2
2026-02-03,000858,14:07:18,106.8800,68,2
2026-02-03,000858,14:07:21,106.8800,42,2
2026-02-03,000858,14:07:24,106.8900,13,1
2026-02-03,000858,14:07:27,106.8800,25,2
2026-02-03,000858,14:07:30,106.8800,28,2
2026-02-03,000858,14:07:33,106.8900,53,1
2026-02-03,000858,14:07:36,106.8800,88,2
2026-02-03,000858,14:07:39,106.8800,57,1
2026-02-03,000858,14:07:42,106.8600,29,2
2026-02-03,000858,14:07:45,106.8600,41,2
2026-02-03,000858,14:07:48,106.8600,89,2
2026-02-03,000858,14:07:51,106.8700,32,1
2026-02-03,000858,14:07:54,106.8600,22,2
2026-02-03,000858,14:07:57,106.8500,31,2
2026-02-03,000858,14:08:00,106.8600,18,4
2026-02-03,000858,14:08:03,106.8500,30,2
2026-02-03,000858,14:08:06,106.8500,10,2
2026-02-03,000858,14:08:09,106.8600,59,1
2026-02-03,000858,14:08:12,106.8600,34,1
2026-02-03,000858,14:08:15,106.8600,66,2
2026-02-03,000858,14:08:18,106.8700,44,1
2026-02-03,000858,14:08:21,106.8700,55,2
2026-02-03,000858,14:08:24,106.8700,9,2
2026-02-03,000858,14:08:27,106.8700,6,2
2026-02-03,000858,14:08:30,106.8700,40,2
2026-02-03,000858,14:08:33,106.8700,28,2
2026-02-03,000858,14:08:36,106.8700,10,4
2026-02-03,000858,14:08:39,106.8700,20,1
2026-02-03,000858,14:08:42,106.8700,10,1
2026-02-03,000858,14:08:45,106.8600,41,2
2026-02-03,000858,14:08:48,106.8600,21,2
2026-02-03,000858,14:08:51,106.8700,27,1
2026-02-03,000858,14:08:54,106.8500,70,2
2026-02-03,000858,14:08:57,106.8200,1122,2
2026-02-03,000858,14:09:00,106.8200,4,1
2026-02-03,000858,14:09:03,106.8000,124,2
2026-02-03,000858,14:09:06,106.8000,79,2
2026-02-03,000858,14:09:09,106.8200,74,1
2026-02-03,000858,14:09:12,106.8300,35,1
2026-02-03,000858,14:09:15,106.8000,44,2
2026-02-03,000858,14:09:18,106.8000,736,2
2026-02-03,000858,14:09:21,106.7800,131,2
2026-02-03,000858,14:09:24,106.8000,92,1
2026-02-03,000858,14:09:27,106.7800,61,2
2026-02-03,000858,14:09:30,106.7800,52,2
2026-02-03,000858,14:09:33,106.7800,101,2
2026-02-03,000858,14:09:36,106.7800,28,1
2026-02-03,000858,14:09:39,106.8000,73,1
2026-02-03,000858,14:09:42,106.7800,49,2
2026-02-03,000858,14:09:45,106.8000,35,2
2026-02-03,000858,14:09:48,106.7800,5,2
2026-02-03,000858,14:09:51,106.7800,23,2
2026-02-03,000858,14:09:54,106.8000,28,1
2026-02-03,000858,14:09:57,106.7800,15,2
2026-02-03,000858,14:10:00,106.7800,23,2
2026-02-03,000858,14:10:03,106.7900,34,4
2026-02-03,000858,14:10:06,106.7900,46,4
2026-02-03,000858,14:10:09,106.7800,22,2
2026-02-03,000858,14:10:12,106.8000,36,2
2026-02-03,000858,14:10:15,106.7900,13,2
2026-02-03,000858,14:10:18,106.7900,5,1
2026-02-03,000858,14:10:21,106.7900,77,1
2026-02-03,000858,14:10:24,106.7900,26,2
2026-02-03,000858,14:10:27,106.7800,51,2
2026-02-03,000858,14:10:30,106.7900,20,2
2026-02-03,000858,14:10:33,106.7900,80,1
2026-02-03,000858,14:10:36,106.7900,10,2
2026-02-03,000858,14:10:39,106.7900,15,2
2026-02-03,000858,14:10:42,106.7900,36,2
2026-02-03,000858,14:10:45,106.7900,72,2
2026-02-03,000858,14:10:48,106.7900,27,2
2026-02-03,000858,14:10:51,106.7900,145,1
2026-02-03,000858,14:10:54,106.7800,76,2
2026-02-03,000858,14:10:57,106.7900,28,1
2026-02-03,000858,14:11:00,106.7800,127,2
2026-02-03,000858,14:11:03,106.7800,123,2
2026-02-03,000858,14:11:06,106.7800,51,2
2026-02-03,000858,14:11:09,106.7800,61,2
2026-02-03,000858,14:11:12,106.7700,152,2
2026-02-03,000858,14:11:15,106.7700,69,1
2026-02-03,000858,14:11:18,106.7700,118,1
2026-02-03,000858,14:11:21,106.7700,135,1
2026-02-03,000858,14:11:24,106.7700,12,1
2026-02-03,000858,14:11:27,106.7600,131,2
2026-02-03,000858,14:11:30,106.7600,4,1
2026-02-03,000858,14:11:33,106.7700,27,1
2026-02-03,000858,14:11:36,106.7700,31,2
2026-02-03,000858,14:11:39,106.7700,37,1
2026-02-03,000858,14:11:42,106.7700,84,1
2026-02-03,000858,14:11:45,106.7600,45,2
2026-02-03,000858,14:11:48,106.7600,18,2
2026-02-03,000858,14:11:51,106.7600,67,1
2026-02-03,000858,14:11:54,106.7500,60,2
2026-02-03,000858,14:11:57,106.7600,123,1
2026-02-03,000858,14:12:00,106.7600,74,1
2026-02-03,000858,14:12:03,106.7500,64,2
2026-02-03,000858,14:12:06,106.7500,15,1
2026-02-03,000858,14:12:09,106.7400,227,2
2026-02-03,000858,14:12:12,106.7400,43,1
2026-02-03,000858,14:12:15,106.7400,113,1
2026-02-03,000858,14:12:18,106.7200,9,2
2026-02-03,000858,14:12:21,106.7200,124,2
2026-02-03,000858,14:12:24,106.7200,178,2
2026-02-03,000858,14:12:27,106.7200,202,1
2026-02-03,000858,14:12:30,106.7200,58,1
2026-02-03,000858,14:12:33,106.7200,280,2
2026-02-03,000858,14:12:36,106.7000,46,2
2026-02-03,000858,14:12:39,106.7100,39,1
2026-02-03,000858,14:12:42,106.7100,68,2
2026-02-03,000858,14:12:45,106.7100,66,2
2026-02-03,000858,14:12:48,106.7400,117,1
2026-02-03,000858,14:12:51,106.7200,23,2
2026-02-03,000858,14:12:54,106.7200,13,2
2026-02-03,000858,14:12:57,106.7400,139,2
2026-02-03,000858,14:13:00,106.7500,15,1
2026-02-03,000858,14:13:03,106.7400,46,2
2026-02-03,000858,14:13:06,106.7400,13,2
2026-02-03,000858,14:13:09,106.7400,26,2
2026-02-03,000858,14:13:12,106.7400,89,2
2026-02-03,000858,14:13:15,106.7400,19,1
2026-02-03,000858,14:13:18,106.7300,87,1
2026-02-03,000858,14:13:21,106.7200,31,4
2026-02-03,000858,14:13:24,106.7100,23,2
2026-02-03,000858,14:13:27,106.7100,17,2
2026-02-03,000858,14:13:30,106.7300,13,1
2026-02-03,000858,14:13:33,106.7200,31,2
2026-02-03,000858,14:13:36,106.7200,67,1
2026-02-03,000858,14:13:39,106.7200,50,2
2026-02-03,000858,14:13:42,106.7200,18,2
2026-02-03,000858,14:13:45,106.7200,11,2
2026-02-03,000858,14:13:48,106.7300,66,1
2026-02-03,000858,14:13:51,106.7300,12,2
2026-02-03,000858,14:13:54,106.7400,11,1
2026-02-03,000858,14:13:57,106.7400,19,1
2026-02-03,000858,14:14:00,106.7300,17,2
2026-02-03,000858,14:14:03,106.7400,42,1
2026-02-03,000858,14:14:06,106.7400,57,4
2026-02-03,000858,14:14:09,106.7300,90,2
2026-02-03,000858,14:14:12,106.7500,90,1
2026-02-03,000858,14:14:15,106.7200,29,2
2026-02-03,000858,14:14:18,106.7300,43,1
2026-02-03,000858,14:14:21,106.7300,118,2
2026-02-03,000858,14:14:24,106.7400,54,1
2026-02-03,000858,14:14:27,106.7400,15,2
2026-02-03,000858,14:14:30,106.7500,60,1
2026-02-03,000858,14:14:33,106.7700,97,1
2026-02-03,000858,14:14:36,106.7500,17,2
2026-02-03,000858,14:14:39,106.7700,16,1
2026-02-03,000858,14:14:42,106.7900,27,1
2026-02-03,000858,14:14:45,106.7800,5,2
2026-02-03,000858,14:14:48,106.7800,55,2
2026-02-03,000858,14:14:51,106.7900,10,2
2026-02-03,000858,14:14:54,106.8000,16,1
2026-02-03,000858,14:14:57,106.7900,21,2
2026-02-03,000858,14:15:00,106.8000,119,1
2026-02-03,000858,14:15:03,106.8000,24,2
2026-02-03,000858,14:15:06,106.8100,16,1
2026-02-03,000858,14:15:09,106.8100,29,1
2026-02-03,000858,14:15:12,106.8100,118,2
2026-02-03,000858,14:15:15,106.8000,59,2
2026-02-03,000858,14:15:18,106.8000,36,2
2026-02-03,000858,14:15:21,106.8200,71,1
2026-02-03,000858,14:15:24,106.8000,25,2
2026-02-03,000858,14:15:27,106.8000,25,2
2026-02-03,000858,14:15:30,106.8000,7,2
2026-02-03,000858,14:15:33,106.8000,47,2
2026-02-03,000858,14:15:36,106.8100,15,4
2026-02-03,000858,14:15:39,106.8200,83,1
2026-02-03,000858,14:15:42,106.8200,7,2
2026-02-03,000858,14:15:45,106.8000,86,2
2026-02-03,000858,14:15:48,106.8000,42,2
2026-02-03,000858,14:15:51,106.8000,49,1
2026-02-03,000858,14:15:54,106.8000,29,2
2026-02-03,000858,14:15:57,106.8000,278,2
2026-02-03,000858,14:16:00,106.8000,48,1
2026-02-03,000858,14:16:03,106.8000,15,2
2026-02-03,000858,14:16:06,106.8000,19,1
2026-02-03,000858,14:16:09,106.7800,13,2
2026-02-03,000858,14:16:12,106.8000,36,1
2026-02-03,000858,14:16:15,106.8000,57,1
2026-02-03,000858,14:16:18,106.8000,52,2
2026-02-03,000858,14:16:21,106.7800,11,2
2026-02-03,000858,14:16:24,106.7800,25,2
2026-02-03,000858,14:16:27,106.7800,118,2
2026-02-03,000858,14:16:30,106.7800,20,1
2026-02-03,000858,14:16:33,106.7500,506,2
2026-02-03,000858,14:16:36,106.7600,8,1
2026-02-03,000858,14:16:39,106.7400,26,2
2026-02-03,000858,14:16:42,106.7600,31,1
2026-02-03,000858,14:16:45,106.7500,33,2
2026-02-03,000858,14:16:48,106.7200,117,2
2026-02-03,000858,14:16:51,106.7300,29,2
2026-02-03,000858,14:16:54,106.7200,16,2
2026-02-03,000858,14:16:57,106.7200,26,2
2026-02-03,000858,14:17:00,106.7300,24,1
2026-02-03,000858,14:17:03,106.7200,33,2
2026-02-03,000858,14:17:06,106.7200,34,2
2026-02-03,000858,14:17:09,106.7200,228,2
2026-02-03,000858,14:17:12,106.7200,53,1
2026-02-03,000858,14:17:15,106.7200,40,1
2026-02-03,000858,14:17:18,106.7100,51,2
2026-02-03,000858,14:17:21,106.7000,16,2
2026-02-03,000858,14:17:24,106.7000,280,2
2026-02-03,000858,14:17:27,106.7000,86,2
2026-02-03,000858,14:17:30,106.7100,68,1
2026-02-03,000858,14:17:33,106.7000,44,2
2026-02-03,000858,14:17:36,106.7000,86,2
2026-02-03,000858,14:17:39,106.7100,64,1
2026-02-03,000858,14:17:42,106.7000,92,2
2026-02-03,000858,14:17:45,106.7000,56,2
2026-02-03,000858,14:17:48,106.7000,65,2
2026-02-03,000858,14:17:51,106.7000,46,2
2026-02-03,000858,14:17:54,106.6900,46,2
2026-02-03,000858,14:17:57,106.7000,15,1
2026-02-03,000858,14:18:00,106.6900,45,2
2026-02-03,000858,14:18:03,106.7000,81,1
2026-02-03,000858,14:18:06,106.7000,169,1
2026-02-03,000858,14:18:09,106.7000,7,1
2026-02-03,000858,14:18:12,106.6900,39,2
2026-02-03,000858,14:18:15,106.7100,59,1
2026-02-03,000858,14:18:18,106.7000,62,2
2026-02-03,000858,14:18:21,106.7000,27,2
2026-02-03,000858,14:18:24,106.7100,108,1
2026-02-03,000858,14:18:27,106.7000,29,2
2026-02-03,000858,14:18:30,106.7000,21,2
2026-02-03,000858,14:18:33,106.7000,86,1
2026-02-03,000858,14:18:36,106.7000,29,1
2026-02-03,000858,14:18:39,106.7100,76,1
2026-02-03,000858,14:18:42,106.7000,61,2
2026-02-03,000858,14:18:45,106.7000,18,2
2026-02-03,000858,14:18:48,106.7000,200,2
2026-02-03,000858,14:18:51,106.7000,19,2
2026-02-03,000858,14:18:54,106.7100,231,1
2026-02-03,000858,14:18:57,106.7200,513,1
2026-02-03,000858,14:19:00,106.7300,29,4
2026-02-03,000858,14:19:03,106.7600,124,1
2026-02-03,000858,14:19:06,106.7700,34,1
2026-02-03,000858,14:19:09,106.7700,28,1
2026-02-03,000858,14:19:12,106.7700,14,2
2026-02-03,000858,14:19:15,106.7700,17,2
2026-02-03,000858,14:19:18,106.7700,54,2
2026-02-03,000858,14:19:21,106.7700,21,1
2026-02-03,000858,14:19:24,106.7700,63,1
2026-02-03,000858,14:19:27,106.7700,140,1
2026-02-03,000858,14:19:30,106.7700,26,2
2026-02-03,000858,14:19:33,106.7900,5,1
2026-02-03,000858,14:19:36,106.8000,28,1
2026-02-03,000858,14:19:39,106.8000,29,1
2026-02-03,000858,14:19:42,106.7900,37,2
2026-02-03,000858,14:19:45,106.8000,20,1
2026-02-03,000858,14:19:48,106.7800,32,2
2026-02-03,000858,14:19:51,106.7900,21,2
2026-02-03,000858,14:19:54,106.8100,25,1
2026-02-03,000858,14:19:57,106.8000,22,2
2026-02-03,000858,14:20:00,106.8100,15,1
2026-02-03,000858,14:20:03,106.8100,10,2
2026-02-03,000858,14:20:06,106.8100,22,2
2026-02-03,000858,14:20:09,106.8100,27,1
2026-02-03,000858,14:20:12,106.8100,30,1
2026-02-03,000858,14:20:15,106.8000,29,2
2026-02-03,000858,14:20:18,106.8200,14,4
2026-02-03,000858,14:20:21,106.8100,22,2
2026-02-03,000858,14:20:24,106.8300,38,1
2026-02-03,000858,14:20:27,106.8100,13,2
2026-02-03,000858,14:20:30,106.8100,33,2
2026-02-03,000858,14:20:33,106.8200,9,2
2026-02-03,000858,14:20:36,106.8200,37,2
2026-02-03,000858,14:20:39,106.8200,7,1
2026-02-03,000858,14:20:42,106.8200,43,1
2026-02-03,000858,14:20:45,106.8100,14,2
2026-02-03,000858,14:20:48,106.8200,35,1
2026-02-03,000858,14:20:51,106.8200,51,1
2026-02-03,000858,14:20:54,106.8100,33,4
2026-02-03,000858,14:20:57,106.8200,48,2
2026-02-03,000858,14:21:00,106.8300,22,1
2026-02-03,000858,14:21:03,106.8200,23,2
2026-02-03,000858,14:21:06,106.8200,26,1
2026-02-03,000858,14:21:09,106.8200,9,1
2026-02-03,000858,14:21:12,106.8200,28,2
2026-02-03,000858,14:21:15,106.8200,14,2
2026-02-03,000858,14:21:18,106.8200,24,2
2026-02-03,000858,14:21:21,106.8300,11,1
2026-02-03,000858,14:21:24,106.8200,34,2
2026-02-03,000858,14:21:27,106.8300,20,1
2026-02-03,000858,14:21:30,106.8300,29,1
2026-02-03,000858,14:21:33,106.8200,11,2
2026-02-03,000858,14:21:36,106.8300,36,1
2026-02-03,000858,14:21:39,106.8200,29,2
2026-02-03,000858,14:21:42,106.8300,24,1
2026-02-03,000858,14:21:45,106.8200,27,1
2026-02-03,000858,14:21:48,106.8200,16,1
2026-02-03,000858,14:21:51,106.8200,37,2
2026-02-03,000858,14:21:54,106.8200,11,1
2026-02-03,000858,14:21:57,106.8200,29,1
2026-02-03,000858,14:22:00,106.8200,15,2
2026-02-03,000858,14:22:03,106.8200,37,2
2026-02-03,000858,14:22:06,106.8200,37,2
2026-02-03,000858,14:22:09,106.8200,23,2
2026-02-03,000858,14:22:12,106.8200,81,2
2026-02-03,000858,14:22:15,106.8100,47,2
2026-02-03,000858,14:22:18,106.8100,19,2
2026-02-03,000858,14:22:21,106.8000,47,2
2026-02-03,000858,14:22:24,106.8100,18,1
2026-02-03,000858,14:22:27,106.8100,21,1
2026-02-03,000858,14:22:30,106.8000,34,2
2026-02-03,000858,14:22:33,106.8000,8,2
2026-02-03,000858,14:22:36,106.8100,92,1
2026-02-03,000858,14:22:39,106.8000,10,2
2026-02-03,000858,14:22:42,106.8000,41,2
2026-02-03,000858,14:22:45,106.8200,107,1
2026-02-03,000858,14:22:48,106.8100,47,4
2026-02-03,000858,14:22:51,106.8100,15,2
2026-02-03,000858,14:22:54,106.8000,53,2
2026-02-03,000858,14:22:57,106.8100,17,1
2026-02-03,000858,14:23:00,106.8200,23,1
2026-02-03,000858,14:23:03,106.8100,20,2
2026-02-03,000858,14:23:06,106.8000,37,2
2026-02-03,000858,14:23:09,106.8100,33,1
2026-02-03,000858,14:23:12,106.8200,52,1
2026-02-03,000858,14:23:15,106.8100,14,2
2026-02-03,000858,14:23:18,106.8200,7,1
2026-02-03,000858,14:23:21,106.8200,46,1
2026-02-03,000858,14:23:24,106.8100,53,2
2026-02-03,000858,14:23:27,106.8200,11,1
2026-02-03,000858,14:23:30,106.8100,50,2
2026-02-03,000858,14:23:33,106.8200,45,1
2026-02-03,000858,14:23:36,106.8000,134,2
2026-02-03,000858,14:23:39,106.8100,47,1
2026-02-03,000858,14:23:42,106.8100,17,4
2026-02-03,000858,14:23:45,106.8000,38,2
2026-02-03,000858,14:23:48,106.8200,7,2
2026-02-03,000858,14:23:51,106.8200,16,2
2026-02-03,000858,14:23:54,106.8100,92,2
2026-02-03,000858,14:23:57,106.8100,157,1
2026-02-03,000858,14:24:00,106.8100,56,2
2026-02-03,000858,14:24:03,106.8200,46,1
2026-02-03,000858,14:24:06,106.8100,31,1
2026-02-03,000858,14:24:09,106.8100,35,2
2026-02-03,000858,14:24:12,106.8100,19,2
2026-02-03,000858,14:24:15,106.8100,4,2
2026-02-03,000858,14:24:18,106.8100,18,2
2026-02-03,000858,14:24:21,106.8100,32,2
2026-02-03,000858,14:24:24,106.8100,20,1
2026-02-03,000858,14:24:27,106.8100,24,2
2026-02-03,000858,14:24:30,106.8100,0,2
2026-02-03,000858,14:24:33,106.8100,21,2
2026-02-03,000858,14:24:36,106.8100,20,2
2026-02-03,000858,14:24:39,106.8300,12,1
2026-02-03,000858,14:24:42,106.8100,28,2
2026-02-03,000858,14:24:45,106.8100,5,2
2026-02-03,000858,14:24:48,106.8100,17,2
2026-02-03,000858,14:24:51,106.8200,44,1
2026-02-03,000858,14:24:54,106.8100,115,2
2026-02-03,000858,14:24:57,106.8200,7,4
2026-02-03,000858,14:25:00,106.8200,33,1
2026-02-03,000858,14:25:03,106.8200,36,1
2026-02-03,000858,14:25:06,106.8200,49,2
2026-02-03,000858,14:25:09,106.8200,15,2
2026-02-03,000858,14:25:12,106.8200,30,2
2026-02-03,000858,14:25:15,106.8200,7,1
2026-02-03,000858,14:25:18,106.8200,25,2
2026-02-03,000858,14:25:21,106.8200,56,1
2026-02-03,000858,14:25:24,106.8100,4,2
2026-02-03,000858,14:25:27,106.8100,6,2
2026-02-03,000858,14:25:30,106.8200,17,1
2026-02-03,000858,14:25:33,106.8100,28,2
2026-02-03,000858,14:25:36,106.8100,8,2
2026-02-03,000858,14:25:39,106.8200,18,1
2026-02-03,000858,14:25:42,106.8100,32,2
2026-02-03,000858,14:25:45,106.8100,12,2
2026-02-03,000858,14:25:48,106.8200,195,1
2026-02-03,000858,14:25:51,106.8100,534,2
2026-02-03,000858,14:25:54,106.8100,11,1
2026-02-03,000858,14:25:57,106.8100,9,2
2026-02-03,000858,14:26:00,106.8300,335,1
2026-02-03,000858,14:26:03,106.8400,364,1
2026-02-03,000858,14:26:06,106.8300,57,2
2026-02-03,000858,14:26:09,106.8400,195,1
2026-02-03,000858,14:26:12,106.8400,18,1
2026-02-03,000858,14:26:15,106.8900,804,1
2026-02-03,000858,14:26:18,106.8900,10,1
2026-02-03,000858,14:26:21,106.8900,27,4
2026-02-03,000858,14:26:24,106.9300,100,1
2026-02-03,000858,14:26:27,106.9500,9,1
2026-02-03,000858,14:26:30,106.9500,12,1
2026-02-03,000858,14:26:33,106.9300,69,2
2026-02-03,000858,14:26:36,106.8500,189,2
2026-02-03,000858,14:26:39,106.8800,27,2
2026-02-03,000858,14:26:42,106.9400,66,1
2026-02-03,000858,14:26:45,106.9500,45,1
2026-02-03,000858,14:26:48,106.9000,3,4
2026-02-03,000858,14:26:51,106.8800,8,1
2026-02-03,000858,14:26:54,106.8800,96,1
2026-02-03,000858,14:26:57,106.8800,460,2
2026-02-03,000858,14:27:00,106.8800,13,2
2026-02-03,000858,14:27:03,106.8800,5,2
2026-02-03,000858,14:27:06,106.8900,15,2
2026-02-03,000858,14:27:09,106.8800,31,2
2026-02-03,000858,14:27:12,106.8900,24,1
2026-02-03,000858,14:27:15,106.9000,11,1
2026-02-03,000858,14:27:18,106.9000,14,1
2026-02-03,000858,14:27:21,106.8900,43,2
2026-02-03,000858,14:27:24,106.8900,13,1
2026-02-03,000858,14:27:27,106.9000,37,1
2026-02-03,000858,14:27:30,106.9000,37,1
2026-02-03,000858,14:27:33,106.8900,15,4
2026-02-03,000858,14:27:36,106.8900,21,1
2026-02-03,000858,14:27:39,106.8900,16,1
2026-02-03,000858,14:27:42,106.8800,107,2
2026-02-03,000858,14:27:45,106.8800,29,1
2026-02-03,000858,14:27:48,106.8700,16,2
2026-02-03,000858,14:27:51,106.8700,19,1
2026-02-03,000858,14:27:54,106.8700,85,1
2026-02-03,000858,14:27:57,106.8400,67,2
2026-02-03,000858,14:28:00,106.8600,8,1
2026-02-03,000858,14:28:03,106.8600,105,1
2026-02-03,000858,14:28:06,106.8500,15,2
2026-02-03,000858,14:28:09,106.8400,59,2
2026-02-03,000858,14:28:12,106.8700,25,1
2026-02-03,000858,14:28:15,106.8500,24,2
2026-02-03,000858,14:28:18,106.8700,36,1
2026-02-03,000858,14:28:21,106.8700,15,1
2026-02-03,000858,14:28:24,106.8500,12,2
2026-02-03,000858,14:28:27,106.8500,6,2
2026-02-03,000858,14:28:30,106.8500,20,2
2026-02-03,000858,14:28:33,106.8600,26,1
2026-02-03,000858,14:28:36,106.8500,17,1
2026-02-03,000858,14:28:39,106.8500,16,2
2026-02-03,000858,14:28:42,106.8500,31,2
2026-02-03,000858,14:28:45,106.8500,21,2
2026-02-03,000858,14:28:48,106.8600,148,1
2026-02-03,000858,14:28:51,106.8500,93,2
2026-02-03,000858,14:28:54,106.8700,20,1
2026-02-03,000858,14:28:57,106.8600,16,2
2026-02-03,000858,14:29:00,106.8500,32,2
2026-02-03,000858,14:29:03,106.8500,6,1
2026-02-03,000858,14:29:06,106.8500,23,1
2026-02-03,000858,14:29:09,106.8500,64,1
2026-02-03,000858,14:29:12,106.8500,11,2
2026-02-03,000858,14:29:15,106.8600,4,1
2026-02-03,000858,14:29:18,106.8600,11,1
2026-02-03,000858,14:29:21,106.8600,73,1
2026-02-03,000858,14:29:24,106.8100,414,2
2026-02-03,000858,14:29:27,106.8000,33,2
2026-02-03,000858,14:29:30,106.8100,8,2
2026-02-03,000858,14:29:33,106.8100,6,2
2026-02-03,000858,14:29:36,106.8100,17,2
2026-02-03,000858,14:29:39,106.8400,16,2
2026-02-03,000858,14:29:42,106.8100,23,2
2026-02-03,000858,14:29:45,106.8400,3,1
2026-02-03,000858,14:29:48,106.8100,22,2
2026-02-03,000858,14:29:51,106.8500,6,1
2026-02-03,000858,14:29:54,106.8300,15,1
2026-02-03,000858,14:29:57,106.8200,10,2
2026-02-03,000858,14:30:00,106.8200,4,2
2026-02-03,000858,14:30:03,106.8200,14,1
2026-02-03,000858,14:30:06,106.8200,39,1
2026-02-03,000858,14:30:09,106.8100,25,2
2026-02-03,000858,14:30:12,106.8100,15,2
2026-02-03,000858,14:30:15,106.8100,24,2
2026-02-03,000858,14:30:18,106.8100,24,2
2026-02-03,000858,14:30:21,106.8300,27,1
2026-02-03,000858,14:30:24,106.8300,15,1
2026-02-03,000858,14:30:27,106.8300,18,1
2026-02-03,000858,14:30:30,106.8200,29,2
2026-02-03,000858,14:30:33,106.8400,10,1
2026-02-03,000858,14:30:36,106.8600,460,1
2026-02-03,000858,14:30:39,106.8800,68,1
2026-02-03,000858,14:30:42,106.9000,101,1
2026-02-03,000858,14:30:45,106.9000,4,1
2026-02-03,000858,14:30:48,106.9000,45,1
2026-02-03,000858,14:30:51,106.9000,12,1
2026-02-03,000858,14:30:54,106.9200,8,1
2026-02-03,000858,14:30:57,106.9200,28,1
2026-02-03,000858,14:31:00,106.9300,133,1
2026-02-03,000858,14:31:03,106.9300,37,2
2026-02-03,000858,14:31:06,106.9400,46,1
2026-02-03,000858,14:31:09,106.9500,63,1
2026-02-03,000858,14:31:12,106.9400,21,2
2026-02-03,000858,14:31:15,106.9500,44,1
2026-02-03,000858,14:31:18,106.9500,11,2
2026-02-03,000858,14:31:21,106.9500,20,2
2026-02-03,000858,14:31:24,106.9500,118,2
2026-02-03,000858,14:31:27,106.9600,38,2
2026-02-03,000858,14:31:30,106.9500,61,2
2026-02-03,000858,14:31:33,106.9500,72,2
2026-02-03,000858,14:31:36,106.9600,25,1
2026-02-03,000858,14:31:39,106.9700,27,1
2026-02-03,000858,14:31:42,106.9600,21,2
2026-02-03,000858,14:31:45,106.9600,15,2
2026-02-03,000858,14:31:48,106.9600,16,2
2026-02-03,000858,14:31:51,106.9600,37,1
2026-02-03,000858,14:31:54,106.9600,53,2
2026-02-03,000858,14:31:57,106.9700,28,1
2026-02-03,000858,14:32:00,106.9600,48,2
2026-02-03,000858,14:32:03,106.9700,21,1
2026-02-03,000858,14:32:06,106.9700,26,1
2026-02-03,000858,14:32:09,106.9600,10,2
2026-02-03,000858,14:32:12,106.9600,22,2
2026-02-03,000858,14:32:15,106.9600,132,2
2026-02-03,000858,14:32:18,106.9700,169,1
2026-02-03,000858,14:32:21,106.9600,44,2
2026-02-03,000858,14:32:24,106.9600,57,1
2026-02-03,000858,14:32:27,106.9200,88,2
2026-02-03,000858,14:32:30,106.9100,15,2
2026-02-03,000858,14:32:33,106.9200,12,1
2026-02-03,000858,14:32:36,106.9200,20,1
2026-02-03,000858,14:32:39,106.9100,12,2
2026-02-03,000858,14:32:42,106.9200,67,1
2026-02-03,000858,14:32:45,106.9200,10,2
2026-02-03,000858,14:32:48,106.9400,2,1
2026-02-03,000858,14:32:51,106.9500,49,1
2026-02-03,000858,14:32:54,106.9400,27,2
2026-02-03,000858,14:32:57,106.9300,23,2
2026-02-03,000858,14:33:00,106.9300,11,2
2026-02-03,000858,14:33:03,106.9800,729,1
2026-02-03,000858,14:33:06,106.9900,215,1
2026-02-03,000858,14:33:09,106.9800,66,2
2026-02-03,000858,14:33:12,106.9800,3,2
2026-02-03,000858,14:33:15,106.9900,10,1
2026-02-03,000858,14:33:18,107.0200,390,1
2026-02-03,000858,14:33:21,107.0300,9,1
2026-02-03,000858,14:33:24,106.9900,9,2
2026-02-03,000858,14:33:27,107.0300,15,1
2026-02-03,000858,14:33:30,107.0300,6,2
2026-02-03,000858,14:33:33,107.0400,16,1
2026-02-03,000858,14:33:36,107.0800,63,1
2026-02-03,000858,14:33:39,107.0900,18,1
2026-02-03,000858,14:33:42,107.0900,5,1
2026-02-03,000858,14:33:45,107.1000,20,1
2026-02-03,000858,14:33:48,107.1000,248,1
2026-02-03,000858,14:33:51,107.0900,116,1
2026-02-03,000858,14:33:54,107.0900,81,1
2026-02-03,000858,14:33:57,107.0800,25,2
2026-02-03,000858,14:34:00,107.0400,66,2
2026-02-03,000858,14:34:03,107.0500,20,1
2026-02-03,000858,14:34:06,107.0400,20,2
2026-02-03,000858,14:34:09,107.0500,33,1
2026-02-03,000858,14:34:12,107.0300,48,2
2026-02-03,000858,14:34:15,107.0300,43,1
2026-02-03,000858,14:34:18,107.0400,11,1
2026-02-03,000858,14:34:21,107.0400,8,1
2026-02-03,000858,14:34:24,107.0500,29,1
2026-02-03,000858,14:34:27,107.0400,54,4
2026-02-03,000858,14:34:30,107.0400,17,1
2026-02-03,000858,14:34:33,107.0400,20,1
2026-02-03,000858,14:34:36,107.0400,54,1
2026-02-03,000858,14:34:39,107.0300,12,4
2026-02-03,000858,14:34:42,107.0400,26,1
2026-02-03,000858,14:34:45,107.0000,78,2
2026-02-03,000858,14:34:48,107.0500,43,1
2026-02-03,000858,14:34:51,107.0400,21,4
2026-02-03,000858,14:34:54,107.0300,67,2
2026-02-03,000858,14:34:57,107.0400,7,1
2026-02-03,000858,14:35:00,107.0200,26,2
2026-02-03,000858,14:35:03,107.0200,91,2
2026-02-03,000858,14:35:06,107.0400,24,1
2026-02-03,000858,14:35:09,107.0000,50,2
2026-02-03,000858,14:35:12,106.9900,25,2
2026-02-03,000858,14:35:15,106.9900,17,2
2026-02-03,000858,14:35:18,107.0000,59,1
2026-02-03,000858,14:35:21,106.9900,80,2
2026-02-03,000858,14:35:24,106.9900,13,1
2026-02-03,000858,14:35:27,107.0000,61,1
2026-02-03,000858,14:35:30,107.0100,49,1
2026-02-03,000858,14:35:33,107.0100,25,1
2026-02-03,000858,14:35:36,107.0100,30,1
2026-02-03,000858,14:35:39,106.9900,41,2
2026-02-03,000858,14:35:42,106.9900,96,1
2026-02-03,000858,14:35:45,106.9900,34,1
2026-02-03,000858,14:35:48,106.9900,25,1
2026-02-03,000858,14:35:51,106.9800,138,2
2026-02-03,000858,14:35:54,106.9900,49,1
2026-02-03,000858,14:35:57,106.9800,9,2
2026-02-03,000858,14:36:00,106.9900,37,1
2026-02-03,000858,14:36:03,106.9800,20,2
2026-02-03,000858,14:36:06,106.9800,46,1
2026-02-03,000858,14:36:09,106.9700,15,2
2026-02-03,000858,14:36:12,106.9700,71,2
2026-02-03,000858,14:36:15,106.9700,25,1
2026-02-03,000858,14:36:18,106.9600,46,2
2026-02-03,000858,14:36:21,106.9500,18,2
2026-02-03,000858,14:36:24,106.9500,16,2
2026-02-03,000858,14:36:27,106.9500,25,1
2026-02-03,000858,14:36:30,106.9400,68,2
2026-02-03,000858,14:36:33,106.9600,207,1
2026-02-03,000858,14:36:36,106.9600,37,1
2026-02-03,000858,14:36:39,106.9600,173,1
2026-02-03,000858,14:36:42,106.9600,16,1
2026-02-03,000858,14:36:45,106.9600,20,1
2026-02-03,000858,14:36:48,106.9400,47,2
2026-02-03,000858,14:36:51,106.9400,22,2
2026-02-03,000858,14:36:54,106.9500,21,2
2026-02-03,000858,14:36:57,106.9500,13,2
2026-02-03,000858,14:37:00,106.9500,9,2
2026-02-03,000858,14:37:03,106.9600,19,1
2026-02-03,000858,14:37:06,106.9400,41,2
2026-02-03,000858,14:37:09,106.9400,32,2
2026-02-03,000858,14:37:12,106.9400,18,1
2026-02-03,000858,14:37:15,106.9300,21,2
2026-02-03,000858,14:37:18,106.9400,141,1
2026-02-03,000858,14:37:21,106.9300,24,1
2026-02-03,000858,14:37:24,106.9300,42,2
2026-02-03,000858,14:37:27,106.9200,12,4
2026-02-03,000858,14:37:30,106.9300,17,1
2026-02-03,000858,14:37:33,106.9300,5,1
2026-02-03,000858,14:37:36,106.9300,37,1
2026-02-03,000858,14:37:39,106.9300,13,2
2026-02-03,000858,14:37:42,106.9300,23,2
2026-02-03,000858,14:37:45,106.9100,47,2
2026-02-03,000858,14:37:48,106.9100,26,2
2026-02-03,000858,14:37:51,106.9200,11,2
2026-02-03,000858,14:37:54,106.9200,39,2
2026-02-03,000858,14:37:57,106.9200,33,1
2026-02-03,000858,14:38:00,106.9100,85,2
2026-02-03,000858,14:38:03,106.9200,27,1
2026-02-03,000858,14:38:06,106.9000,36,2
2026-02-03,000858,14:38:09,106.9200,33,1
2026-02-03,000858,14:38:12,106.9200,54,1
2026-02-03,000858,14:38:15,106.9000,12,2
2026-02-03,000858,14:38:18,106.9000,48,2
2026-02-03,000858,14:38:21,106.8900,61,2
2026-02-03,000858,14:38:24,106.8900,19,2
2026-02-03,000858,14:38:27,106.8900,35,2
2026-02-03,000858,14:38:30,106.8800,20,2
2026-02-03,000858,14:38:33,106.8800,31,2
2026-02-03,000858,14:38:36,106.8900,102,1
2026-02-03,000858,14:38:39,106.8900,9,1
2026-02-03,000858,14:38:42,106.8900,48,1
2026-02-03,000858,14:38:45,106.8800,63,2
2026-02-03,000858,14:38:48,106.8800,40,1
2026-02-03,000858,14:38:51,106.8900,35,1
2026-02-03,000858,14:38:54,106.8900,24,2
2026-02-03,000858,14:38:57,106.8900,80,2
2026-02-03,000858,14:39:00,106.8900,9,1
2026-02-03,000858,14:39:03,106.8900,84,2
2026-02-03,000858,14:39:06,106.8800,45,2
2026-02-03,000858,14:39:09,106.9000,84,1
2026-02-03,000858,14:39:12,106.8900,22,1
2026-02-03,000858,14:39:15,106.8900,38,1
2026-02-03,000858,14:39:18,106.9000,49,1
2026-02-03,000858,14:39:21,106.8900,41,2
2026-02-03,000858,14:39:24,106.9000,84,1
2026-02-03,000858,14:39:27,106.9000,42,2
2026-02-03,000858,14:39:30,106.9000,130,1
2026-02-03,000858,14:39:33,106.8900,17,2
2026-02-03,000858,14:39:36,106.9200,218,1
2026-02-03,000858,14:39:39,106.9200,11,2
2026-02-03,000858,14:39:42,106.9100,15,2
2026-02-03,000858,14:39:45,106.9200,9,1
2026-02-03,000858,14:39:48,106.9200,81,1
2026-02-03,000858,14:39:51,106.9100,48,4
2026-02-03,000858,14:39:54,106.9100,16,4
2026-02-03,000858,14:39:57,106.9400,156,1
2026-02-03,000858,14:40:00,106.9300,26,2
2026-02-03,000858,14:40:03,106.9400,16,1
2026-02-03,000858,14:40:06,106.9400,44,1
2026-02-03,000858,14:40:09,106.9400,42,1
2026-02-03,000858,14:40:12,106.9500,6,1
2026-02-03,000858,14:40:15,106.9500,44,1
2026-02-03,000858,14:40:18,106.9400,2,2
2026-02-03,000858,14:40:21,106.9500,9,1
2026-02-03,000858,14:40:24,106.9500,42,1
2026-02-03,000858,14:40:27,106.9500,23,1
2026-02-03,000858,14:40:30,106.9500,65,1
2026-02-03,000858,14:40:33,106.9400,72,2
2026-02-03,000858,14:40:36,106.9500,55,1
2026-02-03,000858,14:40:39,106.9400,23,1
2026-02-03,000858,14:40:42,106.9400,104,1
2026-02-03,000858,14:40:45,106.9100,105,2
2026-02-03,000858,14:40:48,106.9400,81,1
2026-02-03,000858,14:40:51,106.9300,9,2
2026-02-03,000858,14:40:54,106.9300,38,2
2026-02-03,000858,14:40:57,106.9400,13,1
2026-02-03,000858,14:41:00,106.9300,45,2
2026-02-03,000858,14:41:03,106.9400,57,1
2026-02-03,000858,14:41:06,106.9400,329,1
2026-02-03,000858,14:41:09,107.0000,505,1
2026-02-03,000858,14:41:12,106.9600,20,2
2026-02-03,000858,14:41:15,107.0200,3,1
2026-02-03,000858,14:41:18,107.0200,13,1
2026-02-03,000858,14:41:21,107.0200,18,2
2026-02-03,000858,14:41:24,107.0300,15,1
2026-02-03,000858,14:41:27,107.0300,37,1
2026-02-03,000858,14:41:30,107.0300,107,1
2026-02-03,000858,14:41:33,107.0500,19,1
2026-02-03,000858,14:41:36,107.0400,139,2
2026-02-03,000858,14:41:39,107.0400,27,2
2026-02-03,000858,14:41:42,107.0500,40,1
2026-02-03,000858,14:41:45,107.0200,78,2
2026-02-03,000858,14:41:48,107.0200,34,2
2026-02-03,000858,14:41:51,107.0000,19,2
2026-02-03,000858,14:41:54,107.0200,31,1
2026-02-03,000858,14:41:57,107.0000,35,2
2026-02-03,000858,14:42:00,107.0200,75,1
2026-02-03,000858,14:42:03,107.0000,44,2
2026-02-03,000858,14:42:06,107.0000,63,1
2026-02-03,000858,14:42:09,106.9900,30,2
2026-02-03,000858,14:42:12,106.9900,31,2
2026-02-03,000858,14:42:15,107.0000,29,1
2026-02-03,000858,14:42:18,107.0000,28,1
2026-02-03,000858,14:42:21,107.0000,40,1
2026-02-03,000858,14:42:24,106.9700,122,2
2026-02-03,000858,14:42:27,106.9800,28,2
2026-02-03,000858,14:42:30,106.9700,18,2
2026-02-03,000858,14:42:33,106.9900,10,1
2026-02-03,000858,14:42:36,106.9900,19,1
2026-02-03,000858,14:42:39,106.9900,13,1
2026-02-03,000858,14:42:42,106.9900,7,2
2026-02-03,000858,14:42:45,106.9900,23,2
2026-02-03,000858,14:42:48,106.9900,33,2
2026-02-03,000858,14:42:51,106.9900,93,4
2026-02-03,000858,14:42:54,107.0000,9,2
2026-02-03,000858,14:42:57,107.0100,103,1
2026-02-03,000858,14:43:00,107.0000,33,2
2026-02-03,000858,14:43:03,107.0100,43,1
2026-02-03,000858,14:43:06,107.0000,85,2
2026-02-03,000858,14:43:09,106.9700,103,2
2026-02-03,000858,14:43:12,107.0000,5,1
2026-02-03,000858,14:43:15,107.0000,43,1
2026-02-03,000858,14:43:18,106.9900,53,1
2026-02-03,000858,14:43:21,106.9900,53,1
2026-02-03,000858,14:43:24,106.9900,36,1
2026-02-03,000858,14:43:27,106.9900,82,1
2026-02-03,000858,14:43:30,106.9900,46,1
2026-02-03,000858,14:43:33,106.9900,137,1
2026-02-03,000858,14:43:36,106.9700,24,2
2026-02-03,000858,14:43:39,106.9700,32,1
2026-02-03,000858,14:43:42,106.9700,39,2
2026-02-03,000858,14:43:45,106.9800,57,1
2026-02-03,000858,14:43:48,106.9800,57,1
2026-02-03,000858,14:43:51,106.9800,18,1
2026-02-03,000858,14:43:54,106.9700,43,2
2026-02-03,000858,14:43:57,106.9700,33,2
2026-02-03,000858,14:44:00,106.9700,23,2
2026-02-03,000858,14:44:03,106.9800,141,1
2026-02-03,000858,14:44:06,106.9800,54,1
2026-02-03,000858,14:44:09,106.9800,50,1
2026-02-03,000858,14:44:12,106.9800,18,1
2026-02-03,000858,14:44:15,106.9800,17,2
2026-02-03,000858,14:44:18,106.9800,47,2
2026-02-03,000858,14:44:21,106.9900,14,4
2026-02-03,000858,14:44:24,106.9900,26,1
2026-02-03,000858,14:44:27,106.9900,17,1
2026-02-03,000858,14:44:30,106.9800,68,2
2026-02-03,000858,14:44:33,106.9800,31,1
2026-02-03,000858,14:44:36,106.9900,41,1
2026-02-03,000858,14:44:39,107.0000,197,1
2026-02-03,000858,14:44:42,107.0100,103,1
2026-02-03,000858,14:44:45,107.0100,72,1
2026-02-03,000858,14:44:48,107.0100,11,1
2026-02-03,000858,14:44:51,107.0200,7,1
2026-02-03,000858,14:44:54,107.0000,21,2
2026-02-03,000858,14:44:57,107.0200,36,1
2026-02-03,000858,14:45:00,107.0100,16,2
2026-02-03,000858,14:45:03,107.0200,25,1
2026-02-03,000858,14:45:06,107.0000,60,2
2026-02-03,000858,14:45:09,107.0000,21,2
2026-02-03,000858,14:45:12,106.9900,33,2
2026-02-03,000858,14:45:15,107.0100,16,1
2026-02-03,000858,14:45:18,106.9900,42,2
2026-02-03,000858,14:45:21,107.0000,75,2
2026-02-03,000858,14:45:24,107.0100,39,1
2026-02-03,000858,14:45:27,107.0100,55,1
2026-02-03,000858,14:45:30,107.0300,36,1
2026-02-03,000858,14:45:33,107.0200,26,1
2026-02-03,000858,14:45:36,107.0300,16,1
2026-02-03,000858,14:45:39,107.0300,30,1
2026-02-03,000858,14:45:42,107.0300,77,1
2026-02-03,000858,14:45:45,107.0100,31,2
2026-02-03,000858,14:45:48,107.0100,22,1
2026-02-03,000858,14:45:51,107.0000,80,2
2026-02-03,000858,14:45:54,107.0200,15,4
2026-02-03,000858,14:45:57,107.0300,11,1
2026-02-03,000858,14:46:00,107.0200,19,4
2026-02-03,000858,14:46:03,107.0200,36,1
2026-02-03,000858,14:46:06,107.0300,28,1
2026-02-03,000858,14:46:09,107.0300,29,2
2026-02-03,000858,14:46:12,107.0300,63,2
2026-02-03,000858,14:46:15,107.0200,7,2
2026-02-03,000858,14:46:18,107.0200,54,2
2026-02-03,000858,14:46:21,107.0200,54,1
2026-02-03,000858,14:46:24,107.0300,41,1
2026-02-03,000858,14:46:27,107.0200,20,2
2026-02-03,000858,14:46:30,107.0200,19,1
2026-02-03,000858,14:46:33,107.0200,35,1
2026-02-03,000858,14:46:36,107.0200,76,1
2026-02-03,000858,14:46:39,107.0200,28,1
2026-02-03,000858,14:46:42,107.0200,36,1
2026-02-03,000858,14:46:45,107.0200,20,1
2026-02-03,000858,14:46:48,107.0200,25,1
2026-02-03,000858,14:46:51,107.0200,21,2
2026-02-03,000858,14:46:54,107.0200,21,2
2026-02-03,000858,14:46:57,107.0300,32,1
2026-02-03,000858,14:47:00,107.0100,22,2
2026-02-03,000858,14:47:03,107.0200,50,1
2026-02-03,000858,14:47:06,107.0200,30,2
2026-02-03,000858,14:47:09,107.0200,27,2
2026-02-03,000858,14:47:12,107.0300,25,1
2026-02-03,000858,14:47:15,107.0300,47,1
2026-02-03,000858,14:47:18,107.0200,64,2
2026-02-03,000858,14:47:21,107.0300,53,1
2026-02-03,000858,14:47:24,107.0300,23,1
2026-02-03,000858,14:47:27,107.0300,17,1
2026-02-03,000858,14:47:30,107.0300,148,1
2026-02-03,000858,14:47:33,107.0200,119,2
2026-02-03,000858,14:47:36,107.0100,119,2
2026-02-03,000858,14:47:39,107.0100,31,2
2026-02-03,000858,14:47:42,107.0200,18,4
2026-02-03,000858,14:47:45,107.0100,58,2
2026-02-03,000858,14:47:48,107.0100,57,1
2026-02-03,000858,14:47:51,107.0200,15,1
2026-02-03,000858,14:47:54,107.0200,52,1
2026-02-03,000858,14:47:57,107.0200,9,2
2026-02-03,000858,14:48:00,107.0200,16,2
2026-02-03,000858,14:48:03,107.0300,70,1
2026-02-03,000858,14:48:06,107.0400,22,1
2026-02-03,000858,14:48:09,107.0400,10,1
2026-02-03,000858,14:48:12,107.0400,51,1
2026-02-03,000858,14:48:15,107.0400,29,1
2026-02-03,000858,14:48:18,107.0500,4,1
2026-02-03,000858,14:48:21,107.0500,16,1
2026-02-03,000858,14:48:24,107.0300,191,2
2026-02-03,000858,14:48:27,107.0300,13,1
2026-02-03,000858,14:48:30,107.0300,50,1
2026-02-03,000858,14:48:33,107.0300,28,1
2026-02-03,000858,14:48:36,107.0500,296,1
2026-02-03,000858,14:48:39,107.0500,67,2
2026-02-03,000858,14:48:42,107.0700,98,1
2026-02-03,000858,14:48:45,107.0600,36,2
2026-02-03,000858,14:48:48,107.0800,24,1
2026-02-03,000858,14:48:51,107.0700,30,2
2026-02-03,000858,14:48:54,107.0900,26,1
2026-02-03,000858,14:48:57,107.0900,13,1
2026-02-03,000858,14:49:00,107.1000,29,1
2026-02-03,000858,14:49:03,107.0900,64,2
2026-02-03,000858,14:49:06,107.1000,163,1
2026-02-03,000858,14:49:09,107.1000,20,2
2026-02-03,000858,14:49:12,107.0800,160,2
2026-02-03,000858,14:49:15,107.0900,27,1
2026-02-03,000858,14:49:18,107.0900,42,1
2026-02-03,000858,14:49:21,107.1000,28,1
2026-02-03,000858,14:49:24,107.0900,26,2
2026-02-03,000858,14:49:27,107.0900,61,1
2026-02-03,000858,14:49:30,107.1000,11,1
2026-02-03,000858,14:49:33,107.1000,25,1
2026-02-03,000858,14:49:36,107.1000,22,1
2026-02-03,000858,14:49:39,107.1000,25,1
2026-02-03,000858,14:49:42,107.1000,82,2
2026-02-03,000858,14:49:45,107.1000,73,2
2026-02-03,000858,14:49:48,107.1100,53,2
2026-02-03,000858,14:49:51,107.1300,15,1
2026-02-03,000858,14:49:54,107.1500,23,1
2026-02-03,000858,14:49:57,107.1500,8,1
2026-02-03,000858,14:50:00,107.1100,24,2
2026-02-03,000858,14:50:03,107.1300,39,4
2026-02-03,000858,14:50:06,107.1300,86,1
2026-02-03,000858,14:50:09,107.1200,48,4
2026-02-03,000858,14:50:12,107.1100,90,2
2026-02-03,000858,14:50:15,107.1300,26,1
2026-02-03,000858,14:50:18,107.1300,11,2
2026-02-03,000858,14:50:21,107.1300,16,2
2026-02-03,000858,14:50:24,107.1400,36,1
2026-02-03,000858,14:50:27,107.1400,51,1
2026-02-03,000858,14:50:30,107.1400,21,2
2026-02-03,000858,14:50:33,107.1400,16,2
2026-02-03,000858,14:50:36,107.1400,38,2
2026-02-03,000858,14:50:39,107.1500,148,1
2026-02-03,000858,14:50:42,107.1600,76,1
2026-02-03,000858,14:50:45,107.1600,87,1
2026-02-03,000858,14:50:48,107.1500,44,2
2026-02-03,000858,14:50:51,107.1600,51,1
2026-02-03,000858,14:50:54,107.1600,76,2
2026-02-03,000858,14:50:57,107.1700,16,1
2026-02-03,000858,14:51:00,107.1600,25,2
2026-02-03,000858,14:51:03,107.1700,93,4
2026-02-03,000858,14:51:06,107.2000,200,1
2026-02-03,000858,14:51:09,107.1900,34,1
2026-02-03,000858,14:51:12,107.2000,28,4
2026-02-03,000858,14:51:15,107.2000,61,2
2026-02-03,000858,14:51:18,107.2100,46,2
2026-02-03,000858,14:51:21,107.2100,122,2
2026-02-03,000858,14:51:24,107.2300,35,1
2026-02-03,000858,14:51:27,107.2300,32,2
2026-02-03,000858,14:51:30,107.2300,18,1
2026-02-03,000858,14:51:33,107.2300,98,2
2026-02-03,000858,14:51:36,107.2300,278,4
2026-02-03,000858,14:51:39,107.2300,105,2
2026-02-03,000858,14:51:42,107.2200,106,1
2026-02-03,000858,14:51:45,107.2200,103,2
2026-02-03,000858,14:51:48,107.2300,59,1
2026-02-03,000858,14:51:51,107.2200,238,2
2026-02-03,000858,14:51:54,107.2200,215,2
2026-02-03,000858,14:51:57,107.2200,46,2
2026-02-03,000858,14:52:00,107.1900,203,2
2026-02-03,000858,14:52:03,107.2100,222,1
2026-02-03,000858,14:52:06,107.2200,107,1
2026-02-03,000858,14:52:09,107.2000,50,2
2026-02-03,000858,14:52:12,107.2100,52,1
2026-02-03,000858,14:52:15,107.2100,12,1
2026-02-03,000858,14:52:18,107.2100,41,1
2026-02-03,000858,14:52:21,107.2200,68,1
2026-02-03,000858,14:52:24,107.2100,44,2
2026-02-03,000858,14:52:27,107.2200,41,1
2026-02-03,000858,14:52:30,107.2300,97,1
2026-02-03,000858,14:52:33,107.2100,28,2
2026-02-03,000858,14:52:36,107.2100,49,2
2026-02-03,000858,14:52:39,107.2300,66,1
2026-02-03,000858,14:52:42,107.2300,80,1
2026-02-03,000858,14:52:45,107.2300,67,1
2026-02-03,000858,14:52:48,107.2400,27,1
2026-02-03,000858,14:52:51,107.2400,63,1
2026-02-03,000858,14:52:54,107.2400,74,1
2026-02-03,000858,14:52:57,107.2400,94,1
2026-02-03,000858,14:53:00,107.2500,65,1
2026-02-03,000858,14:53:03,107.2400,31,2
2026-02-03,000858,14:53:06,107.2400,27,2
2026-02-03,000858,14:53:09,107.2500,33,1
2026-02-03,000858,14:53:12,107.2500,45,1
2026-02-03,000858,14:53:15,107.2500,59,1
2026-02-03,000858,14:53:18,107.2500,73,1
2026-02-03,000858,14:53:21,107.2500,34,2
2026-02-03,000858,14:53:24,107.2600,26,1
2026-02-03,000858,14:53:27,107.2600,136,1
2026-02-03,000858,14:53:30,107.2600,168,1
2026-02-03,000858,14:53:33,107.2500,198,2
2026-02-03,000858,14:53:36,107.2500,58,2
2026-02-03,000858,14:53:39,107.2500,19,1
2026-02-03,000858,14:53:42,107.2500,77,1
2026-02-03,000858,14:53:45,107.2500,42,2
2026-02-03,000858,14:53:48,107.2600,44,1
2026-02-03,000858,14:53:51,107.2600,31,2
2026-02-03,000858,14:53:54,107.2700,203,1
2026-02-03,000858,14:53:57,107.2700,39,2
2026-02-03,000858,14:54:00,107.2800,124,1
2026-02-03,000858,14:54:03,107.2800,113,1
2026-02-03,000858,14:54:06,107.2800,34,2
2026-02-03,000858,14:54:09,107.2800,22,2
2026-02-03,000858,14:54:12,107.2900,157,1
2026-02-03,000858,14:54:15,107.2700,71,2
2026-02-03,000858,14:54:18,107.2800,56,1
2026-02-03,000858,14:54:21,107.2700,189,2
2026-02-03,000858,14:54:24,107.2700,105,1
2026-02-03,000858,14:54:27,107.2400,601,2
2026-02-03,000858,14:54:30,107.2200,217,2
2026-02-03,000858,14:54:33,107.1800,33,2
2026-02-03,000858,14:54:36,107.2200,99,1
2026-02-03,000858,14:54:39,107.2000,328,4
2026-02-03,000858,14:54:42,107.2200,287,1
2026-02-03,000858,14:54:45,107.2200,23,2
2026-02-03,000858,14:54:48,107.2000,52,2
2026-02-03,000858,14:54:51,107.2200,106,1
2026-02-03,000858,14:54:54,107.2200,70,2
2026-02-03,000858,14:54:57,107.2200,84,1
2026-02-03,000858,14:55:00,107.2200,97,2
2026-02-03,000858,14:55:03,107.2200,114,2
2026-02-03,000858,14:55:06,107.2200,134,2
2026-02-03,000858,14:55:09,107.2300,81,1
2026-02-03,000858,14:55:12,107.2400,71,2
2026-02-03,000858,14:55:15,107.2500,129,1
2026-02-03,000858,14:55:18,107.2400,88,2
2026-02-03,000858,14:55:21,107.2400,99,1
2026-02-03,000858,14:55:24,107.2500,82,1
2026-02-03,000858,14:55:27,107.2600,84,1
2026-02-03,000858,14:55:30,107.2600,115,2
2026-02-03,000858,14:55:33,107.2800,124,1
2026-02-03,000858,14:55:36,107.2700,177,4
2026-02-03,000858,14:55:39,107.2800,83,2
2026-02-03,000858,14:55:42,107.2800,207,2
2026-02-03,000858,14:55:45,107.2800,79,1
2026-02-03,000858,14:55:48,107.2600,112,2
2026-02-03,000858,14:55:51,107.2800,155,1
2026-02-03,000858,14:55:54,107.2700,215,4
2026-02-03,000858,14:55:57,107.2800,87,1
2026-02-03,000858,14:56:00,107.2800,72,1
2026-02-03,000858,14:56:03,107.2800,102,1
2026-02-03,000858,14:56:06,107.2600,138,4
2026-02-03,000858,14:56:09,107.2500,328,2
2026-02-03,000858,14:56:12,107.2400,96,1
2026-02-03,000858,14:56:15,107.2500,92,1
2026-02-03,000858,14:56:18,107.2500,116,2
2026-02-03,000858,14:56:21,107.2200,201,2
2026-02-03,000858,14:56:24,107.2500,55,1
2026-02-03,000858,14:56:27,107.2200,252,2
2026-02-03,000858,14:56:30,107.2200,157,1
2026-02-03,000858,14:56:33,107.2200,429,1
2026-02-03,000858,14:56:36,107.2300,38,2
2026-02-03,000858,14:56:39,107.2500,27,1
2026-02-03,000858,14:56:42,107.2500,58,1
2026-02-03,000858,14:56:45,107.2700,105,1
2026-02-03,000858,14:56:48,107.2700,70,1
2026-02-03,000858,14:56:51,107.2700,395,1
2026-02-03,000858,14:56:54,107.2700,94,1
2026-02-03,000858,14:56:57,107.2800,28,1
2026-02-03,000858,14:57:00,107.2800,26,1
2026-02-03,000858,15:00:02,107.2800,4963,4
2026-02-03,000858,13:16:51,106.8600,69,1
2026-02-03,000858,13:16:54,106.8800,30,1
2026-02-03,000858,13:16:57,106.8700,10,2
2026-02-03,000858,13:17:00,106.8700,22,2
2026-02-03,000858,13:17:03,106.8700,44,2
2026-02-03,000858,13:17:06,106.8800,47,1
2026-02-03,000858,13:17:09,106.8800,4,2
2026-02-03,000858,13:17:12,106.8900,20,1
2026-02-03,000858,13:17:15,106.8800,19,4
2026-02-03,000858,13:17:18,106.8800,16,1
2026-02-03,000858,13:17:21,106.8800,15,1
2026-02-03,000858,13:17:24,106.8800,10,1
2026-02-03,000858,13:17:27,106.8900,19,1
2026-02-03,000858,13:17:30,106.8800,25,2
2026-02-03,000858,13:17:33,106.8900,14,4
2026-02-03,000858,13:17:36,106.9000,20,1
2026-02-03,000858,13:17:39,106.9000,3,1
2026-02-03,000858,13:17:42,106.8900,191,2
2026-02-03,000858,13:17:45,106.8900,119,1
2026-02-03,000858,13:17:48,106.8900,26,1
2026-02-03,000858,13:17:51,106.8900,27,1
2026-02-03,000858,13:17:54,106.8900,208,1
2026-02-03,000858,13:17:57,106.8900,15,2
2026-02-03,000858,13:18:00,106.8900,14,2
2026-02-03,000858,13:18:03,106.9000,30,1
2026-02-03,000858,13:18:06,106.9000,19,1
2026-02-03,000858,13:18:09,106.9000,39,1
2026-02-03,000858,13:18:12,106.9000,139,1
2026-02-03,000858,13:18:15,106.9100,12,1
2026-02-03,000858,13:18:18,106.9100,16,2
2026-02-03,000858,13:18:21,106.9100,63,2
2026-02-03,000858,13:18:24,106.9200,22,2
2026-02-03,000858,13:18:27,106.9100,12,2
2026-02-03,000858,13:18:30,106.9200,29,1
2026-02-03,000858,13:18:33,106.9200,6,2
2026-02-03,000858,13:18:36,106.9200,5,2
2026-02-03,000858,13:18:39,106.9500,15,1
2026-02-03,000858,13:18:42,106.9200,14,2
2026-02-03,000858,13:18:45,106.9000,81,2
2026-02-03,000858,13:18:48,106.8800,310,2
2026-02-03,000858,13:18:51,106.8900,27,1
2026-02-03,000858,13:18:54,106.8700,1,2
2026-02-03,000858,13:18:57,106.8600,12,2
2026-02-03,000858,13:19:00,106.8600,9,2
2026-02-03,000858,13:19:03,106.8600,5,2
2026-02-03,000858,13:19:06,106.8600,15,2
2026-02-03,000858,13:19:09,106.8700,11,1
2026-02-03,000858,13:19:12,106.8700,17,1
2026-02-03,000858,13:19:15,106.8700,68,1
2026-02-03,000858,13:19:18,106.8600,40,4
2026-02-03,000858,13:19:21,106.8600,43,1
2026-02-03,000858,13:19:24,106.8700,18,1
2026-02-03,000858,13:19:27,106.8600,20,2
2026-02-03,000858,13:19:30,106.8500,19,2
2026-02-03,000858,13:19:33,106.8500,30,2
2026-02-03,000858,13:19:36,106.8700,14,1
2026-02-03,000858,13:19:39,106.8600,7,2
2026-02-03,000858,13:19:42,106.8700,5,1
2026-02-03,000858,13:19:45,106.8700,47,1
2026-02-03,000858,13:19:48,106.8600,15,2
2026-02-03,000858,13:19:51,106.8600,26,1
2026-02-03,000858,13:19:54,106.8600,67,1
2026-02-03,000858,13:19:57,106.8500,27,2
2026-02-03,000858,13:20:00,106.8600,14,2
2026-02-03,000858,13:20:03,106.8000,439,2
2026-02-03,000858,13:20:06,106.7900,16,2
2026-02-03,000858,13:20:09,106.7900,30,2
2026-02-03,000858,13:20:12,106.7900,154,2
2026-02-03,000858,13:20:15,106.7900,18,1
2026-02-03,000858,13:20:18,106.7600,18,2
2026-02-03,000858,13:20:21,106.7900,95,1
2026-02-03,000858,13:20:24,106.7900,12,1
2026-02-03,000858,13:20:27,106.7900,13,2
2026-02-03,000858,13:20:30,106.7900,31,2
2026-02-03,000858,13:20:33,106.7900,80,2
2026-02-03,000858,13:20:36,106.8000,32,1
2026-02-03,000858,13:20:39,106.7900,63,2
2026-02-03,000858,13:20:42,106.8000,10,1
2026-02-03,000858,13:20:45,106.8000,26,1
2026-02-03,000858,13:20:48,106.8000,46,1
2026-02-03,000858,13:20:51,106.8000,6,1
2026-02-03,000858,13:20:54,106.8000,17,1
2026-02-03,000858,13:20:57,106.8000,46,1
2026-02-03,000858,13:21:00,106.7900,13,2
2026-02-03,000858,13:21:03,106.7900,22,2
2026-02-03,000858,13:21:06,106.7900,36,2
2026-02-03,000858,13:21:09,106.7800,35,2
2026-02-03,000858,13:21:12,106.7900,14,1
2026-02-03,000858,13:21:15,106.7900,24,1
2026-02-03,000858,13:21:18,106.7900,40,1
2026-02-03,000858,13:21:21,106.7900,64,1
2026-02-03,000858,13:21:24,106.8000,95,1
2026-02-03,000858,13:21:27,106.8200,2,1
2026-02-03,000858,13:21:30,106.8300,25,1
2026-02-03,000858,13:21:33,106.8300,4,2
2026-02-03,000858,13:21:36,106.8800,117,1
2026-02-03,000858,13:21:39,106.9000,7,1
2026-02-03,000858,13:21:42,106.9000,4,1
2026-02-03,000858,13:21:45,106.9500,22,1
2026-02-03,000858,13:21:48,106.9600,24,1
2026-02-03,000858,13:21:51,106.9600,18,2
2026-02-03,000858,13:21:54,106.9600,2,2
2026-02-03,000858,13:21:57,106.9700,22,1
2026-02-03,000858,13:22:00,106.9800,56,1
2026-02-03,000858,13:22:03,106.9800,26,1
2026-02-03,000858,13:22:06,106.9900,1,1
2026-02-03,000858,13:22:09,107.0000,5,1
2026-02-03,000858,13:22:12,107.0000,83,1
2026-02-03,000858,13:22:15,107.0000,16,1
2026-02-03,000858,13:22:18,107.0100,13,1
2026-02-03,000858,13:22:21,107.0000,39,2
2026-02-03,000858,13:22:24,106.9800,46,2
2026-02-03,000858,13:22:27,106.9400,111,2
2026-02-03,000858,13:22:30,106.9400,10,1
2026-02-03,000858,13:22:33,106.9300,13,2
2026-02-03,000858,13:22:36,106.9400,37,1
2026-02-03,000858,13:22:39,106.9300,21,2
2026-02-03,000858,13:22:42,106.9300,5,1
2026-02-03,000858,13:22:45,106.9400,14,1
2026-02-03,000858,13:22:48,106.9700,8,1
2026-02-03,000858,13:22:51,106.9400,13,2
2026-02-03,000858,13:22:54,106.9400,9,1
2026-02-03,000858,13:22:57,106.9400,13,1
2026-02-03,000858,13:23:00,106.9400,14,1
2026-02-03,000858,13:23:03,106.9400,2,2
2026-02-03,000858,13:23:06,106.9500,1,2
2026-02-03,000858,13:23:09,106.9400,26,2
2026-02-03,000858,13:23:12,106.9500,8,2
2026-02-03,000858,13:23:15,106.9500,36,2
2026-02-03,000858,13:23:18,106.9800,7,1
2026-02-03,000858,13:23:21,106.9600,9,2
2026-02-03,000858,13:23:24,106.9500,7,2
2026-02-03,000858,13:23:27,106.9700,24,1
2026-02-03,000858,13:23:30,106.9800,8,1
2026-02-03,000858,13:23:33,106.9400,57,2
2026-02-03,000858,13:23:36,106.9300,16,2
2026-02-03,000858,13:23:39,106.9500,16,1
2026-02-03,000858,13:23:42,106.9600,18,1
2026-02-03,000858,13:23:45,106.9400,24,2
2026-02-03,000858,13:23:48,106.9800,38,1
2026-02-03,000858,13:23:51,106.9800,1,2
2026-02-03,000858,13:23:54,106.9800,2,2
2026-02-03,000858,13:23:57,106.9800,55,2
2026-02-03,000858,13:24:00,106.9900,36,1
2026-02-03,000858,13:24:03,106.9900,20,2
2026-02-03,000858,13:24:06,106.9900,13,2
2026-02-03,000858,13:24:09,106.9900,16,2
2026-02-03,000858,13:24:12,107.0000,50,1
2026-02-03,000858,13:24:15,107.0000,11,2
2026-02-03,000858,13:24:18,107.0000,15,2
2026-02-03,000858,13:24:21,107.0000,13,2
2026-02-03,000858,13:24:24,107.0100,61,1
2026-02-03,000858,13:24:27,107.0100,9,2
2026-02-03,000858,13:24:30,107.0200,20,1
2026-02-03,000858,13:24:33,107.0300,6,1
2026-02-03,000858,13:24:36,107.0400,1,1
2026-02-03,000858,13:24:39,107.0300,4,2
2026-02-03,000858,13:24:42,107.0400,2,1
2026-02-03,000858,13:24:45,107.0300,38,2
2026-02-03,000858,13:24:48,107.0300,47,2
2026-02-03,000858,13:24:51,107.0400,29,1
2026-02-03,000858,13:24:54,107.0400,39,2
2026-02-03,000858,13:24:57,107.0300,9,2
2026-02-03,000858,13:25:00,107.0400,32,4
2026-02-03,000858,13:25:03,107.0300,70,2
2026-02-03,000858,13:25:06,107.0300,70,1
2026-02-03,000858,13:25:09,107.0300,22,1
2026-02-03,000858,13:25:12,107.0300,13,1
2026-02-03,000858,13:25:15,107.0200,63,2
2026-02-03,000858,13:25:18,107.0300,16,1
2026-02-03,000858,13:25:21,107.0300,23,1
2026-02-03,000858,13:25:24,107.0300,3,1
2026-02-03,000858,13:25:27,107.0300,14,1
2026-02-03,000858,13:25:30,107.0300,21,1
2026-02-03,000858,13:25:33,107.0300,5,1
2026-02-03,000858,13:25:36,107.0200,12,2
2026-02-03,000858,13:25:39,107.0200,81,2
2026-02-03,000858,13:25:42,107.0200,27,2
2026-02-03,000858,13:25:45,107.0200,14,2
2026-02-03,000858,13:25:48,107.0200,10,1
2026-02-03,000858,13:25:51,107.0300,59,1
2026-02-03,000858,13:25:54,107.0300,7,1
2026-02-03,000858,13:25:57,107.0300,46,2
2026-02-03,000858,13:26:03,107.0500,25,1
2026-02-03,000858,13:26:06,107.0500,11,1
2026-02-03,000858,13:26:09,107.0500,15,1
2026-02-03,000858,13:26:12,107.0500,1,2
2026-02-03,000858,13:26:15,107.0600,60,1
2026-02-03,000858,13:26:18,107.0600,92,1
2026-02-03,000858,13:26:21,107.0600,15,1
2026-02-03,000858,13:26:24,107.0600,6,1
2026-02-03,000858,13:26:27,107.0700,27,1
2026-02-03,000858,13:26:30,107.0700,16,1
2026-02-03,000858,13:26:33,107.0500,49,2
2026-02-03,000858,13:26:36,107.0700,11,1
2026-02-03,000858,13:26:39,107.0700,6,1
2026-02-03,000858,13:26:42,107.0600,8,2
2026-02-03,000858,13:26:45,107.0700,12,1
2026-02-03,000858,13:26:48,107.0600,44,2
2026-02-03,000858,13:26:51,107.0500,10,2
2026-02-03,000858,13:26:54,107.0500,84,2
2026-02-03,000858,13:26:57,107.0500,59,2
2026-02-03,000858,13:27:00,107.0500,20,1
2026-02-03,000858,13:27:03,107.0400,3,4
2026-02-03,000858,13:27:06,107.0400,3,2
2026-02-03,000858,13:27:09,107.0300,24,2
2026-02-03,000858,13:27:12,107.0300,3,2
2026-02-03,000858,13:27:15,107.0400,24,1
2026-02-03,000858,13:27:18,107.0300,3,4
2026-02-03,000858,13:27:21,107.0300,16,4
2026-02-03,000858,13:27:24,107.0200,18,2
2026-02-03,000858,13:27:27,107.0300,4,1
2026-02-03,000858,13:27:30,107.0300,29,1
2026-02-03,000858,13:27:33,107.0300,50,1
2026-02-03,000858,13:27:36,107.0200,26,2
2026-02-03,000858,13:27:39,107.0200,16,2
2026-02-03,000858,13:27:42,107.0200,2,2
2026-02-03,000858,13:27:45,107.0200,17,1
2026-02-03,000858,13:27:48,107.0300,27,1
2026-02-03,000858,13:27:51,107.0200,6,2
2026-02-03,000858,13:27:54,107.0300,6,4
2026-02-03,000858,13:27:57,107.0200,2,2
2026-02-03,000858,13:28:00,107.0300,1,1
2026-02-03,000858,13:28:03,107.0200,20,2
2026-02-03,000858,13:28:06,107.0300,23,1
2026-02-03,000858,13:28:09,107.0200,5,2
2026-02-03,000858,13:28:12,107.0300,12,1
2026-02-03,000858,13:28:15,107.0300,4,1
2026-02-03,000858,13:28:18,107.0200,15,2
2026-02-03,000858,13:28:21,107.0200,27,2
2026-02-03,000858,13:28:24,107.0200,14,1
2026-02-03,000858,13:28:27,107.0100,8,2
2026-02-03,000858,13:28:30,107.0100,24,2
2026-02-03,000858,13:28:33,107.0200,23,1
2026-02-03,000858,13:28:36,107.0200,11,1
2026-02-03,000858,13:28:39,107.0100,39,2
2026-02-03,000858,13:28:42,107.0200,12,1
2026-02-03,000858,13:28:45,107.0100,310,2
2026-02-03,000858,13:28:48,107.0200,21,1
2026-02-03,000858,13:28:51,107.0100,6,1
2026-02-03,000858,13:28:54,107.0100,11,1
2026-02-03,000858,13:28:57,107.0000,26,2
2026-02-03,000858,13:29:00,107.0000,60,2
2026-02-03,000858,13:29:03,107.0100,53,1
2026-02-03,000858,13:29:06,107.0000,65,2
2026-02-03,000858,13:29:09,107.0100,13,2
2026-02-03,000858,13:29:12,107.0100,23,1
2026-02-03,000858,13:29:15,107.0200,11,1
2026-02-03,000858,13:29:18,107.0100,34,2
2026-02-03,000858,13:29:21,107.0000,10,2
2026-02-03,000858,13:29:24,107.0000,7,2
2026-02-03,000858,13:29:27,107.0100,8,1
2026-02-03,000858,13:29:30,107.0100,50,2
2026-02-03,000858,13:29:33,107.0100,19,1
2026-02-03,000858,13:29:36,107.0100,23,1
2026-02-03,000858,13:29:39,107.0100,27,1
2026-02-03,000858,13:29:42,107.0100,15,4
2026-02-03,000858,13:29:45,107.0000,21,2
2026-02-03,000858,13:29:48,107.0000,34,2
2026-02-03,000858,13:29:51,107.0000,17,1
2026-02-03,000858,13:29:54,107.0000,8,1
2026-02-03,000858,13:29:57,107.0000,32,1
2026-02-03,000858,13:30:00,107.0000,69,1
2026-02-03,000858,13:30:03,106.9900,16,2
2026-02-03,000858,13:30:06,107.0000,54,1
2026-02-03,000858,13:30:09,107.0100,60,1
2026-02-03,000858,13:30:12,107.0000,23,2
2026-02-03,000858,13:30:15,107.0000,43,2
2026-02-03,000858,13:30:18,107.0000,11,1
2026-02-03,000858,13:30:21,107.0000,4,1
2026-02-03,000858,13:30:24,107.0000,5,1
2026-02-03,000858,13:30:27,106.9900,16,2
2026-02-03,000858,13:30:30,106.9900,56,2
2026-02-03,000858,13:30:33,106.9900,63,2
2026-02-03,000858,13:30:36,106.9900,29,1
2026-02-03,000858,13:30:39,106.9900,23,1
2026-02-03,000858,13:30:42,106.9900,41,1
2026-02-03,000858,13:30:45,106.9900,70,1
2026-02-03,000858,13:30:48,107.0000,15,1
2026-02-03,000858,13:30:51,106.9900,31,2
2026-02-03,000858,13:30:54,107.0000,2,1
2026-02-03,000858,13:30:57,107.0000,48,1
2026-02-03,000858,13:31:00,106.9800,58,2
2026-02-03,000858,13:31:03,106.9800,39,2
2026-02-03,000858,13:31:06,106.9900,15,1
2026-02-03,000858,13:31:09,106.9800,26,2
2026-02-03,000858,13:31:12,106.9800,16,2
2026-02-03,000858,13:31:15,106.9800,26,2
2026-02-03,000858,13:31:18,106.9900,15,4
2026-02-03,000858,13:31:21,107.0000,8,1
2026-02-03,000858,13:31:24,106.9900,26,2
2026-02-03,000858,13:31:27,107.0000,13,1
2026-02-03,000858,13:31:30,106.9900,123,2
2026-02-03,000858,13:31:33,106.9900,47,1
2026-02-03,000858,13:31:36,106.9800,31,2
2026-02-03,000858,13:31:39,106.9900,24,1
2026-02-03,000858,13:31:42,106.9800,32,2
2026-02-03,000858,13:31:45,106.9900,10,1
2026-02-03,000858,13:31:48,106.9900,17,1
2026-02-03,000858,13:31:51,106.9800,39,2
2026-02-03,000858,13:31:54,106.9900,41,1
2026-02-03,000858,13:31:57,106.9800,12,2
2026-02-03,000858,13:32:00,106.9800,32,2
2026-02-03,000858,13:32:03,106.9900,76,1
2026-02-03,000858,13:32:06,106.9900,172,1
2026-02-03,000858,13:32:09,106.9800,67,2
2026-02-03,000858,13:32:12,106.9900,23,1
2026-02-03,000858,13:32:15,106.9800,37,2
2026-02-03,000858,13:32:18,106.9800,14,1
2026-02-03,000858,13:32:21,106.9800,55,4
2026-02-03,000858,13:32:24,106.9800,11,2
2026-02-03,000858,13:32:27,106.9800,15,1
2026-02-03,000858,13:32:30,106.9900,35,1
2026-02-03,000858,13:32:33,106.9800,32,2
2026-02-03,000858,13:32:36,106.9800,6,1
2026-02-03,000858,13:32:39,106.9700,15,2
2026-02-03,000858,13:32:42,106.9700,24,2
2026-02-03,000858,13:32:45,106.9700,7,2
2026-02-03,000858,13:32:51,106.9800,54,1
2026-02-03,000858,13:32:54,106.9800,80,1
2026-02-03,000858,13:32:57,106.9800,28,1
2026-02-03,000858,13:33:00,106.9800,19,1
2026-02-03,000858,13:33:03,106.9800,40,2
2026-02-03,000858,13:33:06,106.9700,28,2
2026-02-03,000858,13:33:09,106.9700,35,1
2026-02-03,000858,13:33:12,106.9600,42,2
2026-02-03,000858,13:33:15,106.9700,21,1
2026-02-03,000858,13:33:18,106.9600,62,2
2026-02-03,000858,13:33:21,106.9500,21,2
2026-02-03,000858,13:33:24,106.9500,69,2
2026-02-03,000858,13:33:27,106.9500,7,1
2026-02-03,000858,13:33:30,106.9500,32,1
2026-02-03,000858,13:33:33,106.9500,46,1
2026-02-03,000858,13:33:36,106.9400,31,2
2026-02-03,000858,13:33:39,106.9400,20,1
2026-02-03,000858,13:33:42,106.9300,68,2
2026-02-03,000858,13:33:45,106.9300,28,1
2026-02-03,000858,13:33:48,106.9300,46,1
2026-02-03,000858,13:33:51,106.9200,19,2
2026-02-03,000858,13:33:54,106.9200,32,1
2026-02-03,000858,13:33:57,106.9200,131,2
2026-02-03,000858,13:34:00,106.9200,12,1
2026-02-03,000858,13:34:03,106.9000,55,2
2026-02-03,000858,13:34:06,106.9200,22,1
2026-02-03,000858,13:34:09,106.9000,59,2
2026-02-03,000858,13:34:12,106.8900,55,2
2026-02-03,000858,13:34:15,106.8900,60,2
2026-02-03,000858,13:34:18,106.8900,47,1
2026-02-03,000858,13:34:21,106.8900,28,1
2026-02-03,000858,13:34:24,106.8800,52,2
2026-02-03,000858,13:34:27,106.9000,46,1
2026-02-03,000858,13:34:30,106.8800,25,2
2026-02-03,000858,13:34:33,106.8900,29,2
2026-02-03,000858,13:34:36,106.8900,12,1
2026-02-03,000858,13:34:39,106.8800,10,2
2026-02-03,000858,13:34:42,106.9000,26,1
2026-02-03,000858,13:34:45,106.9000,28,1
2026-02-03,000858,13:34:48,106.8800,210,2
2026-02-03,000858,13:34:51,106.8900,12,2
2026-02-03,000858,13:34:54,106.8800,107,2
2026-02-03,000858,13:34:57,106.8800,27,2
2026-02-03,000858,13:35:00,106.8600,19,2
2026-02-03,000858,13:35:03,106.9000,52,1
2026-02-03,000858,13:35:06,106.9000,31,1
2026-02-03,000858,13:35:09,106.9000,14,4
2026-02-03,000858,13:35:12,106.9000,12,1
2026-02-03,000858,13:35:15,106.9000,25,1
2026-02-03,000858,13:35:18,106.9000,23,1
2026-02-03,000858,13:35:21,106.8900,15,2
2026-02-03,000858,13:35:24,106.8900,12,1
2026-02-03,000858,13:35:27,106.8900,22,1
2026-02-03,000858,13:35:30,106.9000,51,1
2026-02-03,000858,13:35:33,106.8900,31,2
2026-02-03,000858,13:35:36,106.8900,52,1
2026-02-03,000858,13:35:39,106.8900,22,1
2026-02-03,000858,13:35:42,106.8900,29,2
2026-02-03,000858,13:35:45,106.9000,58,1
2026-02-03,000858,13:35:48,106.9100,76,1
2026-02-03,000858,13:35:51,106.9000,9,1
2026-02-03,000858,13:35:54,106.9100,14,1
2026-02-03,000858,13:35:57,106.9000,32,2
2026-02-03,000858,13:36:00,106.9000,31,1
2026-02-03,000858,13:36:03,106.8900,105,2
2026-02-03,000858,13:36:06,106.8900,28,2
2026-02-03,000858,13:36:09,106.8900,10,1
2026-02-03,000858,13:36:12,106.8900,22,1
2026-02-03,000858,13:36:15,106.8900,51,1
2026-02-03,000858,13:36:18,106.8900,32,1
2026-02-03,000858,13:36:21,106.8900,8,1
2026-02-03,000858,13:36:24,106.8800,33,2
2026-02-03,000858,13:36:27,106.8900,32,1
2026-02-03,000858,13:36:30,106.9000,11,1
2026-02-03,000858,13:36:33,106.9000,20,1
2026-02-03,000858,13:36:36,106.9000,47,1
2026-02-03,000858,13:36:39,106.9000,7,2
2026-02-03,000858,13:36:42,106.9000,16,2
2026-02-03,000858,13:36:45,106.9000,5,2
2026-02-03,000858,13:36:48,106.9000,86,2
2026-02-03,000858,13:36:51,106.9200,107,1
2026-02-03,000858,13:36:54,106.9100,29,2
2026-02-03,000858,13:36:57,106.9100,22,1
2026-02-03,000858,13:37:00,106.9200,30,1
2026-02-03,000858,13:37:03,106.9200,3,4
2026-02-03,000858,13:37:06,106.9300,49,1
2026-02-03,000858,13:37:09,106.9100,31,2
2026-02-03,000858,13:37:12,106.9500,18,1
2026-02-03,000858,13:37:15,106.9400,27,2
2026-02-03,000858,13:37:18,106.9500,12,1
2026-02-03,000858,13:37:21,106.9500,18,1
2026-02-03,000858,13:37:24,106.9900,36,1
2026-02-03,000858,13:37:30,107.0000,20,1
2026-02-03,000858,13:37:33,106.9400,404,2
2026-02-03,000858,13:37:36,106.9600,29,1
2026-02-03,000858,13:37:39,106.9000,31,2
2026-02-03,000858,13:37:42,106.9000,122,2
2026-02-03,000858,13:37:45,106.9600,16,1
2026-02-03,000858,13:37:48,106.9100,7,2
2026-02-03,000858,13:37:51,106.9100,10,2
2026-02-03,000858,13:37:54,106.9200,20,2
2026-02-03,000858,13:37:57,106.9500,21,1
2026-02-03,000858,13:38:00,106.9500,4,1
2026-02-03,000858,13:38:03,106.9800,34,1
2026-02-03,000858,13:38:06,106.9100,134,2
2026-02-03,000858,13:38:09,106.9100,27,1
2026-02-03,000858,13:38:12,106.9100,40,1
2026-02-03,000858,13:38:15,106.9100,24,1
2026-02-03,000858,13:38:18,106.9000,35,2
2026-02-03,000858,13:38:21,106.9100,21,1
2026-02-03,000858,13:38:24,106.9000,78,2
2026-02-03,000858,13:38:27,106.9100,37,1
2026-02-03,000858,13:38:30,106.9000,76,2
2026-02-03,000858,13:38:33,106.9100,34,1
2026-02-03,000858,13:38:36,106.9000,31,2
2026-02-03,000858,13:38:39,106.9100,193,1
2026-02-03,000858,13:38:42,106.9100,58,2
2026-02-03,000858,13:38:45,106.9000,138,2
2026-02-03,000858,13:38:48,106.9100,2,1
2026-02-03,000858,13:38:51,106.9600,35,1
2026-02-03,000858,13:38:54,106.9000,12,2
2026-02-03,000858,13:38:57,106.9100,23,1
2026-02-03,000858,13:39:00,106.9100,16,1
2026-02-03,000858,13:39:03,106.9400,42,1
2026-02-03,000858,13:39:06,106.9100,71,2
2026-02-03,000858,13:39:09,106.9100,243,2
2026-02-03,000858,13:39:12,106.8500,387,2
2026-02-03,000858,13:39:15,106.9000,20,1
2026-02-03,000858,13:39:18,106.8500,10,2
2026-02-03,000858,13:39:21,106.9000,2,1
2026-02-03,000858,13:39:24,106.8800,21,2
2026-02-03,000858,13:39:27,106.8800,120,2
2026-02-03,000858,13:39:30,106.8800,25,4
2026-02-03,000858,13:39:33,106.8600,25,2
2026-02-03,000858,13:39:36,106.8600,20,2
2026-02-03,000858,13:39:39,106.8600,15,1
2026-02-03,000858,13:39:42,106.8500,111,2
2026-02-03,000858,13:39:45,106.8500,49,2
2026-02-03,000858,13:39:48,106.8500,31,1
2026-02-03,000858,13:39:51,106.8400,61,2
2026-02-03,000858,13:39:54,106.8500,69,1
2026-02-03,000858,13:39:57,106.8400,81,4
2026-02-03,000858,13:40:00,106.8500,25,1
2026-02-03,000858,13:40:03,106.8400,37,2
2026-02-03,000858,13:40:06,106.8400,63,2
2026-02-03,000858,13:40:09,106.8500,23,1
2026-02-03,000858,13:40:12,106.8400,414,1
2026-02-03,000858,13:40:15,106.8300,34,2
2026-02-03,000858,13:40:18,106.8400,12,1
2026-02-03,000858,13:40:21,106.8300,52,2
2026-02-03,000858,13:40:24,106.8300,30,1
2026-02-03,000858,13:40:27,106.8200,18,2
2026-02-03,000858,13:40:30,106.8300,30,1
2026-02-03,000858,13:40:33,106.8300,159,1
2026-02-03,000858,13:40:36,106.8300,33,2
2026-02-03,000858,13:40:39,106.8600,19,1
2026-02-03,000858,13:40:42,106.8400,53,2
2026-02-03,000858,13:40:45,106.8600,39,4
2026-02-03,000858,13:40:48,106.8600,6,2
2026-02-03,000858,13:40:51,106.8800,25,1
2026-02-03,000858,13:40:54,106.8600,18,2
2026-02-03,000858,13:40:57,106.8900,24,1
2026-02-03,000858,13:41:00,106.8800,28,1
2026-02-03,000858,13:41:03,106.8500,84,2
2026-02-03,000858,13:41:06,106.8600,40,2
2026-02-03,000858,13:41:09,106.8600,11,1
2026-02-03,000858,13:41:12,106.8500,28,2
2026-02-03,000858,13:41:15,106.8600,28,1
2026-02-03,000858,13:41:18,106.8900,52,1
2026-02-03,000858,13:41:21,106.8800,11,1
2026-02-03,000858,13:41:24,106.8600,46,2
2026-02-03,000858,13:41:27,106.8800,4,1
2026-02-03,000858,13:41:30,106.8600,55,2
2026-02-03,000858,13:41:33,106.8800,2,1
2026-02-03,000858,13:41:36,106.8900,182,1
2026-02-03,000858,13:41:39,106.8800,54,1
2026-02-03,000858,13:41:42,106.8600,5,2
2026-02-03,000858,13:41:45,106.8600,34,2
2026-02-03,000858,13:41:48,106.8500,62,2
2026-02-03,000858,13:41:51,106.8700,10,1
2026-02-03,000858,13:41:54,106.8600,98,2
2026-02-03,000858,13:41:57,106.8600,18,1
2026-02-03,000858,13:42:00,106.8700,3,1
2026-02-03,000858,13:42:03,106.8600,23,2
2026-02-03,000858,13:42:06,106.8600,7,2
2026-02-03,000858,13:42:09,106.8600,41,1
2026-02-03,000858,13:42:12,106.8600,23,1
2026-02-03,000858,13:42:15,106.8600,75,1
2026-02-03,000858,13:42:18,106.8600,20,2
2026-02-03,000858,13:42:21,106.8700,10,1
2026-02-03,000858,13:42:24,106.8600,14,2
2026-02-03,000858,13:42:27,106.8700,23,1
2026-02-03,000858,13:42:30,106.8600,85,2
2026-02-03,000858,13:42:33,106.8600,14,4
2026-02-03,000858,13:42:36,106.8500,107,2
2026-02-03,000858,13:42:39,106.8500,52,1
2026-02-03,000858,13:42:42,106.8500,115,1
2026-02-03,000858,13:42:45,106.8500,23,2
2026-02-03,000858,13:42:48,106.8600,15,1
2026-02-03,000858,13:42:51,106.8700,9,1
2026-02-03,000858,13:42:54,106.8700,4,1
2026-02-03,000858,13:42:57,106.8700,65,1
2026-02-03,000858,13:43:00,106.8700,14,2
2026-02-03,000858,13:43:03,106.8500,19,2
2026-02-03,000858,13:43:06,106.8500,45,2
2026-02-03,000858,13:43:09,106.8700,22,1
2026-02-03,000858,13:43:12,106.8800,10,1
2026-02-03,000858,13:43:15,106.8800,21,1
2026-02-03,000858,13:43:18,106.8700,21,2
2026-02-03,000858,13:43:21,106.8800,14,1
2026-02-03,000858,13:43:24,106.8800,7,1
2026-02-03,000858,13:43:27,106.9000,158,1
2026-02-03,000858,13:43:30,106.9100,6,1
2026-02-03,000858,13:43:33,106.9000,16,2
2026-02-03,000858,13:43:36,106.9000,39,2
2026-02-03,000858,13:43:39,106.9100,76,1
2026-02-03,000858,13:43:42,106.9000,43,2
2026-02-03,000858,13:43:45,106.8800,11,2
2026-02-03,000858,13:43:48,106.8800,115,2
2026-02-03,000858,13:43:51,106.8800,186,2
2026-02-03,000858,13:43:54,106.9100,50,1
2026-02-03,000858,13:43:57,106.8800,14,1
2026-02-03,000858,13:44:00,106.8800,6,2
2026-02-03,000858,13:44:03,106.8800,12,2
2026-02-03,000858,13:44:06,106.8800,14,2
2026-02-03,000858,13:44:09,106.8800,57,2
2026-02-03,000858,13:44:12,106.8900,13,1
2026-02-03,000858,13:44:15,106.8900,18,1
2026-02-03,000858,13:44:18,106.8900,32,1
2026-02-03,000858,13:44:21,106.8900,59,1
2026-02-03,000858,13:44:24,106.8900,44,1
2026-02-03,000858,13:44:27,106.8800,30,2
2026-02-03,000858,13:44:30,106.8800,17,2
2026-02-03,000858,13:44:33,106.8900,25,1
2026-02-03,000858,13:44:36,106.8800,29,2
2026-02-03,000858,13:44:39,106.8900,39,1
2026-02-03,000858,13:44:42,106.8900,37,1
2026-02-03,000858,13:44:45,106.8900,29,1
2026-02-03,000858,13:44:48,106.8900,27,2
2026-02-03,000858,13:44:51,106.9000,47,1
2026-02-03,000858,13:44:54,106.8800,52,2
2026-02-03,000858,13:44:57,106.8900,90,1
2026-02-03,000858,13:45:00,106.9000,77,4
2026-02-03,000858,13:45:03,106.9100,52,1
2026-02-03,000858,13:45:06,106.9100,38,1
2026-02-03,000858,13:45:09,106.9100,16,1
2026-02-03,000858,13:45:12,106.9100,42,1
2026-02-03,000858,13:45:15,106.9100,1,2
2026-02-03,000858,13:45:18,106.9100,6,2
2026-02-03,000858,13:45:21,106.9100,74,2
2026-02-03,000858,13:45:24,106.9100,70,2
2026-02-03,000858,13:45:27,106.9100,16,1
2026-02-03,000858,13:45:30,106.9100,49,1
2026-02-03,000858,13:45:33,106.9100,39,2
2026-02-03,000858,13:45:36,106.9100,13,2
2026-02-03,000858,13:45:39,106.9000,629,2
2026-02-03,000858,13:45:42,106.8900,9,1
2026-02-03,000858,13:45:45,106.8800,10,2
2026-02-03,000858,13:45:48,106.8400,19,2
2026-02-03,000858,13:45:51,106.8800,12,1
2026-02-03,000858,13:45:54,106.8800,7,1
2026-02-03,000858,13:45:57,106.8600,23,2
2026-02-03,000858,13:46:00,106.8800,22,1
2026-02-03,000858,13:46:06,106.8800,19,2
2026-02-03,000858,13:46:09,106.8900,61,1
2026-02-03,000858,13:46:12,106.8800,26,2
2026-02-03,000858,13:46:15,106.8900,35,2
2026-02-03,000858,13:46:18,106.8800,4,2
2026-02-03,000858,13:46:21,106.8800,11,2
2026-02-03,000858,13:46:24,106.8900,81,1
2026-02-03,000858,13:46:27,106.8800,58,2
2026-02-03,000858,13:46:30,106.8700,8,1
2026-02-03,000858,13:46:33,106.8700,18,1
2026-02-03,000858,13:46:36,106.8700,23,1
2026-02-03,000858,13:46:39,106.8600,31,2
2026-02-03,000858,13:46:42,106.8600,3,1
2026-02-03,000858,13:46:45,106.8600,42,2
2026-02-03,000858,13:46:48,106.8600,7,2
2026-02-03,000858,13:46:51,106.8800,4,1
2026-02-03,000858,13:46:54,106.8700,58,2
2026-02-03,000858,13:46:57,106.8800,20,1
2026-02-03,000858,13:47:00,106.8900,17,1
2026-02-03,000858,13:47:03,106.8900,16,1
2026-02-03,000858,13:47:06,106.8800,25,2
2026-02-03,000858,13:47:09,106.8900,9,4
2026-02-03,000858,13:47:12,106.8900,9,2
2026-02-03,000858,13:47:15,106.9000,33,1
2026-02-03,000858,13:47:18,106.9000,28,1
2026-02-03,000858,13:47:21,106.9000,17,2
2026-02-03,000858,13:47:24,106.9000,9,2
2026-02-03,000858,13:47:27,106.9100,99,1
2026-02-03,000858,13:47:30,106.9200,34,1
2026-02-03,000858,13:47:33,106.9200,31,2
2026-02-03,000858,13:47:36,106.9300,13,1
2026-02-03,000858,13:47:39,106.9300,39,1
2026-02-03,000858,13:47:42,106.9200,29,2
2026-02-03,000858,13:47:45,106.9300,39,1
2026-02-03,000858,13:47:48,106.9200,13,2
2026-02-03,000858,13:47:51,106.9400,8,1
2026-02-03,000858,13:47:54,106.9200,75,2
2026-02-03,000858,13:47:57,106.9500,112,1
2026-02-03,000858,13:48:03,106.9700,13,1
2026-02-03,000858,13:48:06,106.9800,37,1
2026-02-03,000858,13:48:09,106.9700,20,2
2026-02-03,000858,13:48:12,106.9700,17,1
2026-02-03,000858,13:48:15,106.9800,3,1
2026-02-03,000858,13:48:18,106.9700,14,2
2026-02-03,000858,13:48:21,106.9900,14,1
2026-02-03,000858,13:48:24,107.0000,120,1
2026-02-03,000858,13:48:27,107.0000,13,1
2026-02-03,000858,13:48:30,107.0000,15,1
2026-02-03,000858,13:48:33,107.0100,14,1
2026-02-03,000858,13:48:36,107.0100,25,1
2026-02-03,000858,13:48:39,107.0100,32,4
2026-02-03,000858,13:48:42,107.0200,17,1
2026-02-03,000858,13:48:45,107.0100,26,2
2026-02-03,000858,13:48:48,107.0300,16,1
2026-02-03,000858,13:48:51,107.0300,35,1
2026-02-03,000858,13:48:54,107.0200,28,2
2026-02-03,000858,13:48:57,107.0000,315,2
2026-02-03,000858,13:49:00,107.0000,298,2
2026-02-03,000858,13:49:03,107.0100,7,1
2026-02-03,000858,13:49:06,107.0000,8,1
2026-02-03,000858,13:49:09,107.0000,38,2
2026-02-03,000858,13:49:12,106.9900,2,1
2026-02-03,000858,13:49:15,106.9700,17,2
2026-02-03,000858,13:49:18,107.0000,15,1
2026-02-03,000858,13:49:21,107.0000,11,1
2026-02-03,000858,13:49:24,106.9900,14,2
2026-02-03,000858,13:49:27,107.0000,33,1
2026-02-03,000858,13:49:30,107.0000,11,1
2026-02-03,000858,13:49:33,107.0000,28,1
2026-02-03,000858,13:49:36,107.0000,7,1
2026-02-03,000858,13:49:39,106.9900,48,2
2026-02-03,000858,13:49:42,106.9900,9,1
2026-02-03,000858,13:49:45,107.0000,6,1
2026-02-03,000858,13:49:48,106.9900,9,2
2026-02-03,000858,13:49:51,106.9800,75,2
2026-02-03,000858,13:49:54,107.0000,6,1
2026-02-03,000858,13:49:57,106.9900,20,2
2026-02-03,000858,13:50:00,106.9900,8,1
2026-02-03,000858,13:50:03,106.9900,4,1
2026-02-03,000858,13:50:06,107.0000,132,1
2026-02-03,000858,13:50:09,106.9900,32,2
2026-02-03,000858,13:50:12,107.0000,16,1
2026-02-03,000858,13:50:15,107.0200,42,1
2026-02-03,000858,13:50:18,107.0200,41,1
2026-02-03,000858,13:50:21,107.0300,13,1
2026-02-03,000858,13:50:24,107.0300,2,1
2026-02-03,000858,13:50:27,107.0300,23,1
2026-02-03,000858,13:50:30,107.0600,93,1
2026-02-03,000858,13:50:33,107.0700,18,1
2026-02-03,000858,13:50:36,107.0300,7,2
2026-02-03,000858,13:50:39,106.9900,285,2
2026-02-03,000858,13:50:42,107.0200,90,1
2026-02-03,000858,13:50:45,107.0000,5,2
2026-02-03,000858,13:50:48,107.0200,21,1
2026-02-03,000858,13:50:51,107.0200,10,2
2026-02-03,000858,13:50:54,107.0100,11,4
2026-02-03,000858,13:50:57,107.0000,41,2
2026-02-03,000858,13:51:00,107.0100,5,1
2026-02-03,000858,13:51:03,107.0100,12,1
2026-02-03,000858,13:51:06,107.0100,6,2
2026-02-03,000858,13:51:09,107.0100,78,2
2026-02-03,000858,13:51:12,107.0100,32,2
2026-02-03,000858,13:51:15,107.0300,15,1
2026-02-03,000858,13:51:18,107.0400,34,1
2026-02-03,000858,13:51:21,107.0400,10,4
2026-02-03,000858,13:51:24,107.0400,15,1
2026-02-03,000858,13:51:27,107.0100,25,2
2026-02-03,000858,13:51:30,107.0300,34,1
2026-02-03,000858,13:51:33,107.0300,14,1
2026-02-03,000858,13:51:36,107.0200,16,4
2026-02-03,000858,13:51:39,107.0100,24,2
2026-02-03,000858,13:51:42,106.9900,485,2
2026-02-03,000858,13:51:45,106.9800,12,1
2026-02-03,000858,13:51:48,107.0100,17,1
2026-02-03,000858,13:51:51,106.9900,12,1
2026-02-03,000858,13:51:54,107.0000,14,1
2026-02-03,000858,13:51:57,107.0000,23,4
2026-02-03,000858,13:52:00,107.0000,21,2
2026-02-03,000858,13:52:03,106.9900,51,2
2026-02-03,000858,13:52:06,107.0000,53,1
2026-02-03,000858,13:52:09,106.9900,14,1
2026-02-03,000858,13:52:12,106.9900,64,1
2026-02-03,000858,13:52:15,106.9200,102,2
2026-02-03,000858,13:52:18,106.9200,17,4
2026-02-03,000858,13:52:21,106.9500,6,2
2026-02-03,000858,13:52:24,106.9900,15,1
2026-02-03,000858,13:52:27,106.9400,21,2
2026-02-03,000858,13:52:30,106.9400,14,2
2026-02-03,000858,13:52:33,106.9200,28,2
2026-02-03,000858,13:52:36,106.9300,1,4
2026-02-03,000858,13:52:39,106.9500,21,1
2026-02-03,000858,13:52:42,106.9400,31,1
2026-02-03,000858,13:52:45,106.9300,1,2
2026-02-03,000858,13:52:48,106.9200,27,2
2026-02-03,000858,13:52:51,106.9400,16,1
2026-02-03,000858,13:52:54,106.9300,2,1
2026-02-03,000858,13:52:57,106.9400,17,1
2026-02-03,000858,13:53:00,106.9300,69,2
2026-02-03,000858,13:53:03,106.9200,22,2
2026-02-03,000858,13:53:06,106.9200,35,1
2026-02-03,000858,13:53:09,106.9300,102,2
2026-02-03,000858,13:53:12,106.9200,41,2
2026-02-03,000858,13:53:15,106.9200,16,4
2026-02-03,000858,13:53:18,106.9100,40,2
2026-02-03,000858,13:53:21,106.9000,200,2
2026-02-03,000858,13:53:24,106.9000,18,1
2026-02-03,000858,13:53:27,106.9500,175,1
2026-02-03,000858,13:53:30,106.9000,9,2
2026-02-03,000858,13:53:33,106.9000,43,1
2026-02-03,000858,13:53:36,106.9000,44,2
2026-02-03,000858,13:53:39,106.9000,31,2
2026-02-03,000858,13:53:42,106.9000,11,2
2026-02-03,000858,13:53:45,106.9500,38,1
2026-02-03,000858,13:53:48,106.9100,6,2
2026-02-03,000858,13:53:51,106.9500,19,2
2026-02-03,000858,13:53:54,106.9600,2,1
2026-02-03,000858,13:53:57,106.9700,3,1
2026-02-03,000858,13:54:00,106.9800,6,1
2026-02-03,000858,13:54:03,106.9700,7,4
2026-02-03,000858,13:54:06,106.9800,15,1
2026-02-03,000858,13:54:09,106.9800,31,2
2026-02-03,000858,13:54:12,106.9800,6,2
2026-02-03,000858,13:54:15,106.9800,10,1
2026-02-03,000858,13:54:18,106.9900,32,1
2026-02-03,000858,13:54:21,106.9800,28,2
2026-02-03,000858,13:54:24,107.0000,8,1
2026-02-03,000858,13:54:27,106.9900,7,2
2026-02-03,000858,13:54:30,106.9900,6,2
2026-02-03,000858,13:54:33,106.9900,12,2
2026-02-03,000858,13:54:36,107.0000,10,1
2026-02-03,000858,13:54:39,106.9900,67,2
2026-02-03,000858,13:54:42,106.9900,33,1
2026-02-03,000858,13:54:45,106.9900,38,1
2026-02-03,000858,13:54:48,106.9800,15,2
2026-02-03,000858,13:54:51,106.9900,74,1
2026-02-03,000858,13:54:54,106.9900,9,1
2026-02-03,000858,13:54:57,106.9900,63,1
2026-02-03,000858,13:55:00,106.9800,36,2
2026-02-03,000858,13:55:03,106.9900,23,1
2026-02-03,000858,13:55:06,106.9800,85,2
2026-02-03,000858,13:55:09,107.0200,173,1
2026-02-03,000858,13:55:12,107.0200,24,1
2026-02-03,000858,13:55:15,107.0500,93,1
2026-02-03,000858,13:55:18,107.0300,7,2
2026-02-03,000858,13:55:21,107.0600,27,1
2026-02-03,000858,13:55:24,107.0800,34,1
2026-02-03,000858,13:55:27,107.0800,31,1
2026-02-03,000858,13:55:30,107.0800,18,1
2026-02-03,000858,13:55:33,107.0900,24,1
2026-02-03,000858,13:55:36,107.1000,20,1
2026-02-03,000858,13:55:39,107.1000,59,1
2026-02-03,000858,13:55:42,107.1000,11,2
2026-02-03,000858,13:55:45,107.1200,45,1
2026-02-03,000858,13:55:48,107.1100,24,2
2026-02-03,000858,13:55:51,107.1300,70,1
2026-02-03,000858,13:55:54,107.0700,287,2
2026-02-03,000858,13:55:57,107.0500,26,2
2026-02-03,000858,13:56:00,107.0400,47,2
2026-02-03,000858,13:56:03,107.0000,129,2
2026-02-03,000858,13:56:06,107.0800,7,1
2026-02-03,000858,13:56:09,107.0700,63,2
2026-02-03,000858,13:56:12,107.0700,1,1
2026-02-03,000858,13:56:15,107.0600,31,1
2026-02-03,000858,13:56:18,107.0700,4,1
2026-02-03,000858,13:56:21,107.0800,28,1
2026-02-03,000858,13:56:24,107.0800,83,2
2026-02-03,000858,13:56:27,107.0900,69,2
2026-02-03,000858,13:56:30,107.1900,9,1
2026-02-03,000858,13:56:33,107.1500,27,2
2026-02-03,000858,13:56:36,107.1300,43,2
2026-02-03,000858,13:56:39,107.1000,26,2
2026-02-03,000858,13:56:42,107.1900,175,1
2026-02-03,000858,13:56:45,107.1000,177,2
2026-02-03,000858,13:56:48,107.1000,51,2
2026-02-03,000858,13:56:51,107.1000,93,2
2026-02-03,000858,13:56:54,107.1200,35,1
2026-02-03,000858,13:56:57,107.1000,108,2
2026-02-03,000858,13:57:00,107.1400,6,1
2026-02-03,000858,13:57:03,107.1400,10,2
2026-02-03,000858,13:57:06,107.1400,245,1
2026-02-03,000858,13:57:09,107.1100,27,2
2026-02-03,000858,13:57:12,107.1100,18,1
2026-02-03,000858,13:57:15,107.1000,309,2
2026-02-03,000858,13:57:18,107.1400,23,1
2026-02-03,000858,13:57:21,107.1100,35,4
2026-02-03,000858,13:57:24,107.1000,80,2
2026-02-03,000858,13:57:27,107.1000,33,1
2026-02-03,000858,13:57:30,107.1000,56,1
2026-02-03,000858,13:57:33,107.0900,15,2
2026-02-03,000858,13:57:36,107.0800,26,2
2026-02-03,000858,13:57:39,107.0900,40,4
2026-02-03,000858,13:57:42,107.0800,25,2
2026-02-03,000858,13:57:45,107.1000,35,1
2026-02-03,000858,13:57:48,107.1000,11,1
2026-02-03,000858,13:57:51,107.0800,15,2
2026-02-03,000858,13:57:54,107.0900,11,4
2026-02-03,000858,13:57:57,107.0900,16,2
2026-02-03,000858,13:58:00,107.0800,82,2
2026-02-03,000858,13:58:03,107.0800,12,2
2026-02-03,000858,13:58:06,107.0800,125,2
2026-02-03,000858,13:58:09,107.0800,43,2
2026-02-03,000858,13:58:12,107.0900,36,4
2026-02-03,000858,13:58:15,107.1000,28,1
2026-02-03,000858,13:58:18,107.1000,25,1
2026-02-03,000858,13:58:21,107.1000,125,1
2026-02-03,000858,13:58:24,107.1000,96,1
2026-02-03,000858,13:58:27,107.1000,34,1
2026-02-03,000858,13:58:30,107.1200,12,1
2026-02-03,000858,13:58:33,107.1000,69,2
2026-02-03,000858,13:58:36,107.1000,231,1
2026-02-03,000858,13:58:39,107.0900,119,2
2026-02-03,000858,13:58:42,107.1000,155,1
2026-02-03,000858,13:58:45,107.0300,9,2
2026-02-03,000858,13:58:48,107.1000,19,1
2026-02-03,000858,13:58:51,107.0900,51,2
2026-02-03,000858,13:58:54,107.0900,12,1
2026-02-03,000858,13:58:57,106.9800,201,2
2026-02-03,000858,13:59:00,107.0100,13,1
2026-02-03,000858,13:59:03,106.9900,20,2
2026-02-03,000858,13:59:06,107.0000,6,1
2026-02-03,000858,13:59:09,107.0000,10,2
2026-02-03,000858,13:59:12,107.0000,33,2
2026-02-03,000858,13:59:15,107.0000,69,2
2026-02-03,000858,13:59:18,107.0100,20,1
2026-02-03,000858,13:59:21,107.0100,35,1
2026-02-03,000858,13:59:24,107.0000,94,2
2026-02-03,000858,13:59:27,106.9900,22,2
2026-02-03,000858,13:59:30,106.9900,37,1
2026-02-03,000858,13:59:33,106.9900,7,1
2026-02-03,000858,13:59:36,106.9800,40,2
2026-02-03,000858,13:59:39,106.9800,28,2
2026-02-03,000858,13:59:42,106.9900,42,1
2026-02-03,000858,13:59:45,106.9800,5,4
2026-02-03,000858,13:59:48,106.9800,26,2
2026-02-03,000858,13:59:51,106.9700,40,2
2026-02-03,000858,13:59:54,106.9700,15,1
2026-02-03,000858,13:59:57,106.9500,40,2
2026-02-03,000858,14:00:00,106.9500,13,1
2026-02-03,000858,14:00:03,106.9500,29,1
2026-02-03,000858,14:00:06,106.9100,58,2
2026-02-03,000858,14:00:09,106.9100,15,2
2026-02-03,000858,14:00:12,106.9800,48,1
2026-02-03,000858,14:00:15,106.9700,15,2
2026-02-03,000858,14:00:18,106.9700,89,2
2026-02-03,000858,14:00:21,106.9600,11,4
2026-02-03,000858,14:00:24,106.9500,10,2
2026-02-03,000858,14:00:27,106.9300,25,2
2026-02-03,000858,14:00:30,106.9300,23,1
2026-02-03,000858,14:00:33,106.9500,4,1
2026-02-03,000858,14:00:36,106.9400,14,1
2026-02-03,000858,14:00:39,106.9500,24,1
2026-02-03,000858,14:00:42,106.9400,119,1
2026-02-03,000858,14:00:45,106.9100,10,2
2026-02-03,000858,14:00:48,106.9500,14,1
2026-02-03,000858,14:00:51,106.9300,36,2
2026-02-03,000858,14:00:54,106.9500,15,1
2026-02-03,000858,14:00:57,106.9300,246,2
2026-02-03,000858,14:01:00,106.9000,33,2
2026-02-03,000858,14:01:03,106.9000,17,2
2026-02-03,000858,14:01:06,106.9100,30,1
2026-02-03,000858,14:01:09,106.9100,22,1
2026-02-03,000858,14:01:12,106.9000,30,2
2026-02-03,000858,14:01:15,106.9200,76,1
2026-02-03,000858,14:01:18,106.9000,34,1
2026-02-03,000858,14:01:21,106.9000,5,2
2026-02-03,000858,14:01:24,106.9100,19,4
2026-02-03,000858,14:01:27,106.9100,54,2
2026-02-03,000858,14:01:30,106.9000,27,2
2026-02-03,000858,14:01:33,106.9100,24,2
2026-02-03,000858,14:01:36,106.9100,11,1
2026-02-03,000858,14:01:39,106.9300,45,2
2026-02-03,000858,14:01:42,106.9000,39,2
2026-02-03,000858,14:01:45,106.9100,17,4
2026-02-03,000858,14:01:48,106.9200,3,1
2026-02-03,000858,14:01:51,106.9100,21,2
2026-02-03,000858,14:01:54,106.9200,17,2
2026-02-03,000858,14:01:57,106.9200,8,1
2026-02-03,000858,14:02:00,106.9200,15,4
2026-02-03,000858,14:02:03,106.9200,4,1
2026-02-03,000858,14:02:06,106.9100,33,2
2026-02-03,000858,14:02:09,106.8500,803,2
2026-02-03,000858,14:02:12,106.8500,26,2
2026-02-03,000858,14:02:15,106.8300,24,2
2026-02-03,000858,14:02:18,106.8500,101,1
2026-02-03,000858,14:02:21,106.9200,27,1
2026-02-03,000858,14:02:24,106.8500,15,2
2026-02-03,000858,14:02:27,106.9200,7,1
2026-02-03,000858,14:02:30,106.9100,33,1
2026-02-03,000858,14:02:33,106.9100,9,1
2026-02-03,000858,14:02:36,106.9100,15,1
2026-02-03,000858,14:02:39,106.9000,11,1
2026-02-03,000858,14:02:42,106.9000,51,1
2026-02-03,000858,14:02:45,106.9000,2,1
2026-02-03,000858,14:02:48,106.9000,9,1
2026-02-03,000858,14:02:51,106.8700,9,2
2026-02-03,000858,14:02:54,106.8700,25,2
2026-02-03,000858,14:02:57,106.8700,9,1
2026-02-03,000858,14:03:00,106.8900,25,1
2026-02-03,000858,14:03:03,106.8700,26,1
2026-02-03,000858,14:03:06,106.8700,57,2
2026-02-03,000858,14:03:09,106.8600,30,2
2026-02-03,000858,14:03:12,106.8600,41,1
2026-02-03,000858,14:03:15,106.8500,12,2
2026-02-03,000858,14:03:18,106.8600,18,1
2026-02-03,000858,14:03:21,106.8600,23,1
2026-02-03,000858,14:03:24,106.8600,12,2
2026-02-03,000858,14:03:27,106.8700,29,1
2026-02-03,000858,14:03:30,106.8600,11,2
2026-02-03,000858,14:03:33,106.8700,13,1
2026-02-03,000858,14:03:36,106.8700,13,2
2026-02-03,000858,14:03:39,106.8700,18,2
2026-02-03,000858,14:03:42,106.8700,50,2
2026-02-03,000858,14:03:45,106.8700,2,2
2026-02-03,000858,14:03:48,106.8700,9,2
2026-02-03,000858,14:03:51,106.8800,20,2
2026-02-03,000858,14:03:54,106.8900,24,1
2026-02-03,000858,14:03:57,106.8700,36,2
2026-02-03,000858,14:04:00,106.8500,177,2
2026-02-03,000858,14:04:03,106.8700,239,1
2026-02-03,000858,14:04:06,106.8700,159,1
2026-02-03,000858,14:04:09,106.8500,74,2
2026-02-03,000858,14:04:12,106.8700,41,1
2026-02-03,000858,14:04:15,106.8300,4,2
2026-02-03,000858,14:04:18,106.8300,30,2
2026-02-03,000858,14:04:21,106.8200,83,2
2026-02-03,000858,14:04:24,106.8200,8,1
2026-02-03,000858,14:04:27,106.8200,75,1
2026-02-03,000858,14:04:30,106.8100,33,2
2026-02-03,000858,14:04:33,106.8200,12,1
2026-02-03,000858,14:04:36,106.8200,13,1
2026-02-03,000858,14:04:39,106.8200,73,2
2026-02-03,000858,14:04:42,106.8100,73,2
2026-02-03,000858,14:04:45,106.8200,1,2
2026-02-03,000858,14:04:48,106.8100,15,2
2026-02-03,000858,14:04:51,106.8300,2,1
2026-02-03,000858,14:04:54,106.8200,15,2
2026-02-03,000858,14:04:57,106.8200,12,2
2026-02-03,000858,14:05:00,106.8200,49,2
2026-02-03,000858,14:05:03,106.8200,20,2
2026-02-03,000858,14:05:06,106.8200,41,1
2026-02-03,000858,14:05:09,106.8200,5,1
2026-02-03,000858,14:05:12,106.8200,73,2
2026-02-03,000858,14:05:15,106.8500,9,1
2026-02-03,000858,14:05:18,106.8200,35,2
2026-02-03,000858,14:05:21,106.8200,9,2
2026-02-03,000858,14:05:24,106.8200,24,2
2026-02-03,000858,14:05:27,106.8300,32,2
2026-02-03,000858,14:05:30,106.8500,20,1
2026-02-03,000858,14:05:33,106.8500,30,1
2026-02-03,000858,14:05:36,106.8600,15,1
2026-02-03,000858,14:05:39,106.8900,27,1
2026-02-03,000858,14:05:42,106.8800,9,2
2026-02-03,000858,14:05:45,106.8800,26,1
2026-02-03,000858,14:05:48,106.8600,13,2
2026-02-03,000858,14:05:51,106.8900,13,1
2026-02-03,000858,14:05:54,106.8600,12,2
2026-02-03,000858,14:05:57,106.8900,75,1
2026-02-03,000858,14:06:00,106.8900,43,2
2026-02-03,000858,14:06:03,106.9000,12,1
2026-02-03,000858,14:06:06,106.8900,29,2
2026-02-03,000858,14:06:09,106.9000,28,1
2026-02-03,000858,14:06:12,106.9000,59,2
2026-02-03,000858,14:06:15,106.9000,28,1
2026-02-03,000858,14:06:18,106.8900,39,2
2026-02-03,000858,14:06:21,106.9000,8,2
2026-02-03,000858,14:06:24,106.9000,33,2
2026-02-03,000858,14:06:27,106.9000,15,1
2026-02-03,000858,14:06:30,106.8900,54,2
2026-02-03,000858,14:06:33,106.8800,387,2
2026-02-03,000858,14:06:36,106.8900,68,1
2026-02-03,000858,14:06:39,106.8900,72,1
2026-02-03,000858,14:06:42,106.8800,9,2
2026-02-03,000858,14:06:45,106.8800,43,2
2026-02-03,000858,14:06:48,106.8800,18,1
2026-02-03,000858,14:06:51,106.8600,49,2
2026-02-03,000858,14:06:54,106.8800,10,1
2026-02-03,000858,14:06:57,106.8800,30,1
2026-02-03,000858,14:07:00,106.8700,21,2
2026-02-03,000858,14:07:03,106.8800,81,1
2026-02-03,000858,10:55:51,106.8500,25,2
2026-02-03,000858,10:55:54,106.8300,30,2
2026-02-03,000858,10:55:57,106.8100,27,2
2026-02-03,000858,10:56:00,106.8100,37,1
2026-02-03,000858,10:56:03,106.8000,172,2
2026-02-03,000858,10:56:06,106.8000,32,1
2026-02-03,000858,10:56:09,106.7800,45,2
2026-02-03,000858,10:56:12,106.7800,25,1
2026-02-03,000858,10:56:15,106.7700,31,2
2026-02-03,000858,10:56:18,106.7800,39,1
2026-02-03,000858,10:56:21,106.7700,38,2
2026-02-03,000858,10:56:24,106.7700,13,1
2026-02-03,000858,10:56:27,106.7700,75,1
2026-02-03,000858,10:56:30,106.7600,4,1
2026-02-03,000858,10:56:33,106.7600,9,1
2026-02-03,000858,10:56:36,106.8000,54,1
2026-02-03,000858,10:56:39,106.7600,22,2
2026-02-03,000858,10:56:42,106.8000,5,1
2026-02-03,000858,10:56:45,106.8000,38,1
2026-02-03,000858,10:56:48,106.8000,14,1
2026-02-03,000858,10:56:51,106.8000,41,1
2026-02-03,000858,10:56:54,106.8000,31,1
2026-02-03,000858,10:56:57,106.8000,28,1
2026-02-03,000858,10:57:00,106.7900,9,4
2026-02-03,000858,10:57:03,106.7900,99,2
2026-02-03,000858,10:57:06,106.8000,9,2
2026-02-03,000858,10:57:09,106.8600,12,1
2026-02-03,000858,10:57:12,106.8000,7,2
2026-02-03,000858,10:57:15,106.8000,22,2
2026-02-03,000858,10:57:18,106.9000,22,1
2026-02-03,000858,10:57:21,106.8000,13,2
2026-02-03,000858,10:57:24,106.9000,1,1
2026-02-03,000858,10:57:27,106.9000,17,1
2026-02-03,000858,10:57:30,106.8000,18,2
2026-02-03,000858,10:57:33,106.8900,17,1
2026-02-03,000858,10:57:36,106.8800,10,2
2026-02-03,000858,10:57:39,106.8100,3,2
2026-02-03,000858,10:57:42,106.8800,26,1
2026-02-03,000858,10:57:45,106.8800,17,1
2026-02-03,000858,10:57:48,106.8800,4,1
2026-02-03,000858,10:57:54,106.8700,19,1
2026-02-03,000858,10:57:57,106.8600,3,1
2026-02-03,000858,10:58:00,106.8700,3,1
2026-02-03,000858,10:58:03,106.8700,11,2
2026-02-03,000858,10:58:06,106.8700,6,2
2026-02-03,000858,10:58:09,106.8800,41,1
2026-02-03,000858,10:58:12,106.8700,11,2
2026-02-03,000858,10:58:15,106.8700,21,1
2026-02-03,000858,10:58:18,106.8600,33,2
2026-02-03,000858,10:58:21,106.8700,22,1
2026-02-03,000858,10:58:24,106.8600,26,2
2026-02-03,000858,10:58:27,106.8600,21,1
2026-02-03,000858,10:58:30,106.8600,9,1
2026-02-03,000858,10:58:33,106.8500,11,2
2026-02-03,000858,10:58:36,106.8500,27,2
2026-02-03,000858,10:58:39,106.8500,13,1
2026-02-03,000858,10:58:42,106.8500,17,1
2026-02-03,000858,10:58:45,106.8500,19,1
2026-02-03,000858,10:58:48,106.8400,32,1
2026-02-03,000858,10:58:51,106.8400,7,1
2026-02-03,000858,10:58:54,106.9100,188,1
2026-02-03,000858,10:58:57,106.9600,24,1
2026-02-03,000858,10:59:00,107.0100,148,1
2026-02-03,000858,10:59:03,107.0600,23,1
2026-02-03,000858,10:59:06,107.0200,4,2
2026-02-03,000858,10:59:09,107.0200,27,2
2026-02-03,000858,10:59:12,107.0800,6,1
2026-02-03,000858,10:59:15,107.0800,16,1
2026-02-03,000858,10:59:18,107.0800,1,1
2026-02-03,000858,10:59:21,107.0600,15,2
2026-02-03,000858,10:59:24,107.1900,203,1
2026-02-03,000858,10:59:27,107.0900,26,2
2026-02-03,000858,10:59:30,107.0900,5,2
2026-02-03,000858,10:59:33,107.1000,14,1
2026-02-03,000858,10:59:36,107.1000,213,2
2026-02-03,000858,10:59:39,107.1300,6,1
2026-02-03,000858,10:59:42,107.1400,5,1
2026-02-03,000858,10:59:45,107.1300,179,2
2026-02-03,000858,10:59:48,107.1300,7,1
2026-02-03,000858,10:59:51,107.1300,26,1
2026-02-03,000858,10:59:54,107.1300,7,1
2026-02-03,000858,10:59:57,107.1200,23,1
2026-02-03,000858,11:00:00,107.1200,11,1
2026-02-03,000858,11:00:03,107.1200,120,1
2026-02-03,000858,11:00:06,107.2000,234,1
2026-02-03,000858,11:00:09,107.1000,5,1
2026-02-03,000858,11:00:12,107.0900,11,2
2026-02-03,000858,11:00:15,107.0100,31,2
2026-02-03,000858,11:00:18,107.1000,11,1
2026-02-03,000858,11:00:21,107.0200,7,2
2026-02-03,000858,11:00:24,107.0900,15,1
2026-02-03,000858,11:00:27,107.1000,20,1
2026-02-03,000858,11:00:30,107.0800,202,1
2026-02-03,000858,11:00:33,107.1000,85,2
2026-02-03,000858,11:00:36,107.0800,1,1
2026-02-03,000858,11:00:39,107.0800,5,1
2026-02-03,000858,11:00:42,107.0800,109,1
2026-02-03,000858,11:00:45,107.1600,12,1
2026-02-03,000858,11:00:48,107.0000,125,2
2026-02-03,000858,11:00:51,107.0000,5,1
2026-02-03,000858,11:00:54,107.1000,40,1
2026-02-03,000858,11:00:57,107.0900,1,2
2026-02-03,000858,11:01:00,107.0000,17,2
2026-02-03,000858,11:01:03,107.1000,7,1
2026-02-03,000858,11:01:06,107.1100,14,2
2026-02-03,000858,11:01:09,107.1100,6,2
2026-02-03,000858,11:01:12,107.2000,146,1
2026-02-03,000858,11:01:15,107.2200,27,1
2026-02-03,000858,11:01:18,107.2100,18,4
2026-02-03,000858,11:01:21,107.2200,9,2
2026-02-03,000858,11:01:24,107.2200,12,2
2026-02-03,000858,11:01:27,107.2400,8,1
2026-02-03,000858,11:01:30,107.2500,25,1
2026-02-03,000858,11:01:33,107.3000,147,1
2026-02-03,000858,11:01:36,107.3000,3,2
2026-02-03,000858,11:01:39,107.3200,10,1
2026-02-03,000858,11:01:42,107.3400,29,1
2026-02-03,000858,11:01:45,107.3600,75,1
2026-02-03,000858,11:01:48,107.3500,187,1
2026-02-03,000858,11:01:51,107.3200,30,1
2026-02-03,000858,11:01:54,107.3500,48,1
2026-02-03,000858,11:01:57,107.3400,214,1
2026-02-03,000858,11:02:00,107.2300,115,2
2026-02-03,000858,11:02:03,107.2500,103,1
2026-02-03,000858,11:02:06,107.3000,66,1
2026-02-03,000858,11:02:09,107.2500,162,2
2026-02-03,000858,11:02:12,107.3200,33,1
2026-02-03,000858,11:02:15,107.3100,2,1
2026-02-03,000858,11:02:18,107.2500,4,2
2026-02-03,000858,11:02:21,107.2800,62,2
2026-02-03,000858,11:02:24,107.2700,46,2
2026-02-03,000858,11:02:27,107.2600,23,2
2026-02-03,000858,11:02:30,107.2500,68,2
2026-02-03,000858,11:02:33,107.3000,20,1
2026-02-03,000858,11:02:36,107.2700,44,2
2026-02-03,000858,11:02:39,107.2600,10,2
2026-02-03,000858,11:02:42,107.2700,49,1
2026-02-03,000858,11:02:45,107.2500,28,2
2026-02-03,000858,11:02:48,107.2600,12,1
2026-02-03,000858,11:02:51,107.2600,15,1
2026-02-03,000858,11:02:54,107.2500,37,2
2026-02-03,000858,11:02:57,107.2600,9,1
2026-02-03,000858,11:03:00,107.2500,26,1
2026-02-03,000858,11:03:03,107.2200,26,2
2026-02-03,000858,11:03:06,107.2500,8,1
2026-02-03,000858,11:03:09,107.2600,29,1
2026-02-03,000858,11:03:12,107.2600,2,2
2026-02-03,000858,11:03:15,107.2700,39,1
2026-02-03,000858,11:03:18,107.2700,19,1
2026-02-03,000858,11:03:21,107.2700,25,1
2026-02-03,000858,11:03:24,107.2800,7,1
2026-02-03,000858,11:03:27,107.2800,2,4
2026-02-03,000858,11:03:30,107.2900,7,1
2026-02-03,000858,11:03:33,107.2900,26,1
2026-02-03,000858,11:03:36,107.3100,66,1
2026-02-03,000858,11:03:39,107.3100,1,1
2026-02-03,000858,11:03:42,107.3000,11,2
2026-02-03,000858,11:03:45,107.3500,109,1
2026-02-03,000858,11:03:48,107.3800,183,1
2026-02-03,000858,11:03:51,107.3500,28,2
2026-02-03,000858,11:03:54,107.4000,73,1
2026-02-03,000858,11:03:57,107.3500,48,2
2026-02-03,000858,11:04:00,107.4000,32,1
2026-02-03,000858,11:04:03,107.3300,39,2
2026-02-03,000858,11:04:06,107.3300,43,2
2026-02-03,000858,11:04:09,107.3200,89,2
2026-02-03,000858,11:04:12,107.3300,33,1
2026-02-03,000858,11:04:15,107.3200,134,1
2026-02-03,000858,11:04:18,107.2600,24,2
2026-02-03,000858,11:04:21,107.2600,68,2
2026-02-03,000858,11:04:24,107.2600,29,2
2026-02-03,000858,11:04:27,107.2700,3,2
2026-02-03,000858,11:04:30,107.2700,40,2
2026-02-03,000858,11:04:33,107.2700,43,2
2026-02-03,000858,11:04:36,107.2700,20,2
2026-02-03,000858,11:04:39,107.2700,29,2
2026-02-03,000858,11:04:42,107.2700,87,2
2026-02-03,000858,11:04:45,107.2700,48,2
2026-02-03,000858,11:04:48,107.2600,35,1
2026-02-03,000858,11:04:51,107.2200,14,2
2026-02-03,000858,11:04:54,107.2100,3,2
2026-02-03,000858,11:04:57,107.2100,8,2
2026-02-03,000858,11:05:00,107.2100,6,2
2026-02-03,000858,11:05:03,107.2100,25,1
2026-02-03,000858,11:05:06,107.2000,17,2
2026-02-03,000858,11:05:09,107.2000,16,2
2026-02-03,000858,11:05:12,107.1900,14,2
2026-02-03,000858,11:05:15,107.1600,1,2
2026-02-03,000858,11:05:18,107.1100,46,2
2026-02-03,000858,11:05:21,107.1100,10,2
2026-02-03,000858,11:05:24,107.1000,8,2
2026-02-03,000858,11:05:27,107.1000,29,2
2026-02-03,000858,11:05:30,107.1200,25,1
2026-02-03,000858,11:05:33,107.1200,4,2
2026-02-03,000858,11:05:36,107.1200,38,2
2026-02-03,000858,11:05:39,107.1200,18,2
2026-02-03,000858,11:05:42,107.1200,4,2
2026-02-03,000858,11:05:45,107.1400,8,1
2026-02-03,000858,11:05:48,107.1400,19,2
2026-02-03,000858,11:05:51,107.1400,14,4
2026-02-03,000858,11:05:54,107.1300,18,2
2026-02-03,000858,11:05:57,107.1300,29,2
2026-02-03,000858,11:06:00,107.1200,14,2
2026-02-03,000858,11:06:03,107.1300,24,1
2026-02-03,000858,11:06:06,107.1300,13,2
2026-02-03,000858,11:06:09,107.1300,10,2
2026-02-03,000858,11:06:12,107.1300,6,2
2026-02-03,000858,11:06:15,107.1400,13,1
2026-02-03,000858,11:06:18,107.1400,15,2
2026-02-03,000858,11:06:21,107.1400,73,2
2026-02-03,000858,11:06:24,107.1300,28,2
2026-02-03,000858,11:06:27,107.1400,27,1
2026-02-03,000858,11:06:30,107.1200,35,2
2026-02-03,000858,11:06:33,107.1400,18,1
2026-02-03,000858,11:06:36,107.1300,14,2
2026-02-03,000858,11:06:39,107.1300,19,2
2026-02-03,000858,11:06:42,107.1200,21,2
2026-02-03,000858,11:06:45,107.1200,16,1
2026-02-03,000858,11:06:48,107.1300,6,1
2026-02-03,000858,11:06:51,107.1200,1,2
2026-02-03,000858,11:06:54,107.1200,105,2
2026-02-03,000858,11:06:57,107.1300,2,1
2026-02-03,000858,11:07:00,107.1300,11,2
2026-02-03,000858,11:07:03,107.1300,14,2
2026-02-03,000858,11:07:06,107.1300,66,2
2026-02-03,000858,11:07:09,107.1300,12,2
2026-02-03,000858,11:07:12,107.1300,6,2
2026-02-03,000858,11:07:15,107.1300,5,1
2026-02-03,000858,11:07:18,107.1300,21,1
2026-02-03,000858,11:07:21,107.1300,18,2
2026-02-03,000858,11:07:24,107.1300,12,2
2026-02-03,000858,11:07:27,107.1300,2,1
2026-02-03,000858,11:07:30,107.1200,17,2
2026-02-03,000858,11:07:33,107.1300,17,1
2026-02-03,000858,11:07:36,107.1400,11,1
2026-02-03,000858,11:07:39,107.1300,10,2
2026-02-03,000858,11:07:42,107.1300,2,2
2026-02-03,000858,11:07:45,107.1400,10,1
2026-02-03,000858,11:07:48,107.1300,2,2
2026-02-03,000858,11:07:51,107.1300,14,2
2026-02-03,000858,11:07:57,107.1300,37,2
2026-02-03,000858,11:08:00,107.1400,11,1
2026-02-03,000858,11:08:03,107.1300,33,2
2026-02-03,000858,11:08:06,107.1300,15,1
2026-02-03,000858,11:08:09,107.1200,5,2
2026-02-03,000858,11:08:12,107.1300,9,1
2026-02-03,000858,11:08:15,107.1200,28,2
2026-02-03,000858,11:08:18,107.1400,53,1
2026-02-03,000858,11:08:21,107.1300,30,2
2026-02-03,000858,11:08:24,107.1300,8,1
2026-02-03,000858,11:08:27,107.1300,23,1
2026-02-03,000858,11:08:30,107.1300,7,2
2026-02-03,000858,11:08:33,107.1300,17,2
2026-02-03,000858,11:08:36,107.1300,24,2
2026-02-03,000858,11:08:39,107.1300,18,2
2026-02-03,000858,11:08:42,107.1300,2,2
2026-02-03,000858,11:08:45,107.1500,16,1
2026-02-03,000858,11:08:48,107.1500,5,1
2026-02-03,000858,11:08:51,107.1400,19,2
2026-02-03,000858,11:08:54,107.1400,7,2
2026-02-03,000858,11:08:57,107.1200,77,2
2026-02-03,000858,11:09:00,107.1300,4,1
2026-02-03,000858,11:09:03,107.1200,19,4
2026-02-03,000858,11:09:06,107.1300,10,1
2026-02-03,000858,11:09:09,107.1200,5,4
2026-02-03,000858,11:09:12,107.1100,5,2
2026-02-03,000858,11:09:15,107.1200,12,1
2026-02-03,000858,11:09:18,107.1100,20,2
2026-02-03,000858,11:09:21,107.1100,10,1
2026-02-03,000858,11:09:24,107.1000,4,2
2026-02-03,000858,11:09:27,107.1000,44,2
2026-02-03,000858,11:09:30,107.1000,15,2
2026-02-03,000858,11:09:33,107.1000,44,2
2026-02-03,000858,11:09:36,107.1000,24,2
2026-02-03,000858,11:09:39,107.1000,75,4
2026-02-03,000858,11:09:42,107.0800,18,2
2026-02-03,000858,11:09:45,107.0900,23,1
2026-02-03,000858,11:09:48,107.0800,6,4
2026-02-03,000858,11:09:51,107.0800,2,1
2026-02-03,000858,11:09:54,107.0700,5,2
2026-02-03,000858,11:09:57,107.0700,39,2
2026-02-03,000858,11:10:00,107.0700,1,1
2026-02-03,000858,11:10:03,107.0600,11,2
2026-02-03,000858,11:10:06,107.0600,5,2
2026-02-03,000858,11:10:09,107.0700,10,1
2026-02-03,000858,11:10:12,107.0600,12,2
2026-02-03,000858,11:10:15,107.0600,29,2
2026-02-03,000858,11:10:18,107.0700,8,1
2026-02-03,000858,11:10:21,107.0600,27,2
2026-02-03,000858,11:10:24,107.0600,1,1
2026-02-03,000858,11:10:27,107.0500,4,2
2026-02-03,000858,11:10:33,107.0400,18,1
2026-02-03,000858,11:10:36,107.0400,4,2
2026-02-03,000858,11:10:39,107.0000,185,2
2026-02-03,000858,11:10:45,107.0000,4,1
2026-02-03,000858,11:10:48,106.9900,38,2
2026-02-03,000858,11:10:51,107.0200,42,1
2026-02-03,000858,11:10:54,107.0000,5,2
2026-02-03,000858,11:10:57,107.0000,14,2
2026-02-03,000858,11:11:00,107.0000,24,2
2026-02-03,000858,11:11:03,106.9900,17,2
2026-02-03,000858,11:11:06,106.9900,12,2
2026-02-03,000858,11:11:09,106.9900,40,2
2026-02-03,000858,11:11:12,106.9900,12,2
2026-02-03,000858,11:11:15,106.8600,92,2
2026-02-03,000858,11:11:18,106.9800,14,1
2026-02-03,000858,11:11:21,106.9800,4,1
2026-02-03,000858,11:11:24,106.9700,3,1
2026-02-03,000858,11:11:27,106.9700,2,2
2026-02-03,000858,11:11:30,106.9700,17,2
2026-02-03,000858,11:11:33,106.9700,15,1
2026-02-03,000858,11:11:36,106.9400,23,2
2026-02-03,000858,11:11:39,106.9400,4,2
2026-02-03,000858,11:11:42,106.9300,23,2
2026-02-03,000858,11:11:45,106.9400,53,1
2026-02-03,000858,11:11:48,106.9500,15,2
2026-02-03,000858,11:11:51,106.9500,8,2
2026-02-03,000858,11:11:54,106.9800,6,1
2026-02-03,000858,11:12:00,106.9900,6,1
2026-02-03,000858,11:12:03,106.9800,12,2
2026-02-03,000858,11:12:06,106.9800,11,2
2026-02-03,000858,11:12:09,106.9800,13,2
2026-02-03,000858,11:12:12,106.9900,16,1
2026-02-03,000858,11:12:15,107.0000,9,1
2026-02-03,000858,11:12:18,106.9900,9,1
2026-02-03,000858,11:12:21,106.9900,4,1
2026-02-03,000858,11:12:24,106.9900,11,2
2026-02-03,000858,11:12:30,106.9900,12,2
2026-02-03,000858,11:12:33,106.9900,2,2
2026-02-03,000858,11:12:36,107.0000,16,1
2026-02-03,000858,11:12:39,106.9900,13,2
2026-02-03,000858,11:12:42,107.0000,75,1
2026-02-03,000858,11:12:45,107.0000,42,1
2026-02-03,000858,11:12:48,107.0200,55,1
2026-02-03,000858,11:12:51,107.0200,13,2
2026-02-03,000858,11:12:54,107.0200,6,2
2026-02-03,000858,11:13:00,107.0200,2,1
2026-02-03,000858,11:13:03,107.0200,147,1
2026-02-03,000858,11:13:06,107.0300,25,1
2026-02-03,000858,11:13:09,107.0200,6,1
2026-02-03,000858,11:13:12,107.0200,9,1
2026-02-03,000858,11:13:15,107.0200,43,1
2026-02-03,000858,11:13:18,107.0000,93,2
2026-02-03,000858,11:13:21,107.0200,36,1
2026-02-03,000858,11:13:27,107.0200,39,2
2026-02-03,000858,11:13:30,107.0200,2,2
2026-02-03,000858,11:13:33,107.0200,18,2
2026-02-03,000858,11:13:36,107.0300,1,1
2026-02-03,000858,11:13:39,107.0200,15,2
2026-02-03,000858,11:13:42,107.0200,46,2
2026-02-03,000858,11:13:45,107.0200,18,1
2026-02-03,000858,11:13:48,107.0100,5,4
2026-02-03,000858,11:13:51,107.0000,10,2
2026-02-03,000858,11:13:54,107.0000,12,2
2026-02-03,000858,11:13:57,107.0000,61,2
2026-02-03,000858,11:14:00,107.0000,1,1
2026-02-03,000858,11:14:03,107.0000,23,1
2026-02-03,000858,11:14:06,106.9900,24,2
2026-02-03,000858,11:14:09,106.9800,34,2
2026-02-03,000858,11:14:12,106.9800,2,1
2026-02-03,000858,11:14:15,106.9600,3,2
2026-02-03,000858,11:14:18,106.9600,19,2
2026-02-03,000858,11:14:21,106.9800,6,1
2026-02-03,000858,11:14:24,106.9800,9,1
2026-02-03,000858,11:14:27,106.9800,13,2
2026-02-03,000858,11:14:30,106.9900,9,1
2026-02-03,000858,11:14:33,107.0000,16,1
2026-02-03,000858,11:14:36,107.0000,1,1
2026-02-03,000858,11:14:39,106.9900,9,2
2026-02-03,000858,11:14:42,106.9900,14,2
2026-02-03,000858,11:14:45,106.9900,29,2
2026-02-03,000858,11:14:48,106.9900,15,1
2026-02-03,000858,11:14:51,106.9800,3,2
2026-02-03,000858,11:14:54,107.0000,16,1
2026-02-03,000858,11:14:57,106.9900,38,2
2026-02-03,000858,11:15:00,106.9500,123,2
2026-02-03,000858,11:15:03,106.9900,3,1
2026-02-03,000858,11:15:06,107.0000,50,1
2026-02-03,000858,11:15:09,107.0000,1,1
2026-02-03,000858,11:15:12,106.9700,28,2
2026-02-03,000858,11:15:15,106.9800,9,4
2026-02-03,000858,11:15:18,106.9800,8,2
2026-02-03,000858,11:15:21,106.9800,7,2
2026-02-03,000858,11:15:24,106.9900,23,1
2026-02-03,000858,11:15:27,106.9800,19,2
2026-02-03,000858,11:15:30,106.9800,27,2
2026-02-03,000858,11:15:33,106.9700,17,4
2026-02-03,000858,11:15:36,106.9600,18,2
2026-02-03,000858,11:15:39,106.9500,37,2
2026-02-03,000858,11:15:42,106.9500,25,1
2026-02-03,000858,11:15:45,106.9400,28,2
2026-02-03,000858,11:15:48,106.9100,1,2
2026-02-03,000858,11:15:51,106.9100,12,2
2026-02-03,000858,11:15:54,106.9100,21,2
2026-02-03,000858,11:15:57,106.8800,45,2
2026-02-03,000858,11:16:00,106.8900,4,2
2026-02-03,000858,11:16:03,106.9000,23,1
2026-02-03,000858,11:16:06,106.8900,2,2
2026-02-03,000858,11:16:09,106.8900,23,2
2026-02-03,000858,11:16:12,106.9000,12,1
2026-02-03,000858,11:16:15,106.8900,5,1
2026-02-03,000858,11:16:18,106.8800,58,2
2026-02-03,000858,11:16:21,106.8900,30,1
2026-02-03,000858,11:16:24,106.8700,3,2
2026-02-03,000858,11:16:27,106.8800,24,1
2026-02-03,000858,11:16:30,106.8800,10,2
2026-02-03,000858,11:16:33,106.8700,3,2
2026-02-03,000858,11:16:36,106.8700,116,2
2026-02-03,000858,11:16:39,106.8600,8,2
2026-02-03,000858,11:16:42,106.8700,14,1
2026-02-03,000858,11:16:45,106.8600,30,2
2026-02-03,000858,11:16:48,106.8600,15,2
2026-02-03,000858,11:16:51,106.8600,33,2
2026-02-03,000858,11:16:54,106.8700,35,1
2026-02-03,000858,11:16:57,106.8700,6,2
2026-02-03,000858,11:17:00,106.8700,31,2
2026-02-03,000858,11:17:03,106.8700,16,2
2026-02-03,000858,11:17:06,106.8700,39,2
2026-02-03,000858,11:17:09,106.8700,6,1
2026-02-03,000858,11:17:12,106.8700,14,1
2026-02-03,000858,11:17:15,106.8700,16,1
2026-02-03,000858,11:17:18,106.8700,26,1
2026-02-03,000858,11:17:21,106.8600,67,2
2026-02-03,000858,11:17:24,106.8700,22,4
2026-02-03,000858,11:17:27,106.8900,17,1
2026-02-03,000858,11:17:30,106.8900,37,1
2026-02-03,000858,11:17:33,106.8900,7,1
2026-02-03,000858,11:17:36,106.9100,53,1
2026-02-03,000858,11:17:39,106.9400,33,1
2026-02-03,000858,11:17:42,106.9300,27,2
2026-02-03,000858,11:17:45,106.9400,52,4
2026-02-03,000858,11:17:48,107.0000,55,1
2026-02-03,000858,11:17:51,107.0000,36,1
2026-02-03,000858,11:17:54,107.0000,32,2
2026-02-03,000858,11:17:57,107.0400,38,1
2026-02-03,000858,11:18:00,107.0500,5,1
2026-02-03,000858,11:18:03,107.0400,1,1
2026-02-03,000858,11:18:06,106.9900,18,2
2026-02-03,000858,11:18:09,107.0500,28,1
2026-02-03,000858,11:18:12,107.0400,36,2
2026-02-03,000858,11:18:15,107.0300,17,4
