date,code,time,price,volume,bs
2026-03-17,000858,14:06:36,105.0000,4,2
2026-03-17,000858,14:06:39,105.0000,141,2
2026-03-17,000858,14:06:42,104.9900,12,2
2026-03-17,000858,14:06:45,105.0000,14,1
2026-03-17,000858,14:06:48,104.9600,270,2
2026-03-17,000858,14:06:51,104.9900,7,1
2026-03-17,000858,14:06:54,104.9900,5,1
2026-03-17,000858,14:06:57,104.9900,7,1
2026-03-17,000858,14:07:00,104.9900,11,1
2026-03-17,000858,14:07:06,104.9500,5,2
2026-03-17,000858,14:07:09,104.9500,14,2
2026-03-17,000858,14:07:12,104.9600,16,1
2026-03-17,000858,14:07:15,104.9200,109,2
2026-03-17,000858,14:07:18,104.9500,21,1
2026-03-17,000858,14:07:21,104.9200,4,2
2026-03-17,000858,14:07:24,104.9200,8,1
2026-03-17,000858,14:07:27,104.9200,29,1
2026-03-17,000858,14:07:30,104.9300,80,1
2026-03-17,000858,14:07:33,104.9700,56,1
2026-03-17,000858,14:07:36,104.9900,49,1
2026-03-17,000858,14:07:39,105.0000,50,1
2026-03-17,000858,14:07:42,105.0100,116,1
2026-03-17,000858,14:07:45,105.0100,4,1
2026-03-17,000858,14:07:48,105.0100,17,1
2026-03-17,000858,14:07:51,105.0000,15,2
2026-03-17,000858,14:07:54,104.9900,2,1
2026-03-17,000858,14:07:57,104.9800,1,2
2026-03-17,000858,14:08:00,104.9800,1,2
2026-03-17,000858,14:08:03,104.9900,15,1
2026-03-17,000858,14:08:06,104.9800,19,4
2026-03-17,000858,14:08:09,105.0000,11,1
2026-03-17,000858,14:08:12,104.9800,7,2
2026-03-17,000858,14:08:15,104.9800,9,1
2026-03-17,000858,14:08:18,104.9800,9,1
2026-03-17,000858,14:08:21,104.9800,1,1
2026-03-17,000858,14:08:24,104.9700,8,2
2026-03-17,000858,14:08:27,104.9700,6,2
2026-03-17,000858,14:08:30,104.9700,7,1
2026-03-17,000858,14:08:33,104.9800,5,1
2026-03-17,000858,14:08:36,104.9700,17,2
2026-03-17,000858,14:08:39,104.9800,54,1
2026-03-17,000858,14:08:42,104.9700,17,4
2026-03-17,000858,14:08:45,104.9700,17,2
2026-03-17,000858,14:08:48,104.9700,11,1
2026-03-17,000858,14:08:51,104.9800,5,4
2026-03-17,000858,14:08:54,104.9900,5,4
2026-03-17,000858,14:08:57,105.0000,11,1
2026-03-17,000858,14:09:00,105.0000,20,1
2026-03-17,000858,14:09:03,105.0000,74,1
2026-03-17,000858,14:09:06,105.0000,18,2
2026-03-17,000858,14:09:09,105.0000,12,1
2026-03-17,000858,14:09:12,105.0000,4,2
2026-03-17,000858,14:09:15,105.0000,7,1
2026-03-17,000858,14:09:18,104.9900,3,2
2026-03-17,000858,14:09:21,105.0000,6,1
2026-03-17,000858,14:09:24,104.9800,25,2
2026-03-17,000858,14:09:27,104.9800,5,1
2026-03-17,000858,14:09:30,104.9800,14,1
2026-03-17,000858,14:09:33,104.9800,35,1
2026-03-17,000858,14:09:36,104.9800,13,1
2026-03-17,000858,14:09:39,104.9800,5,1
2026-03-17,000858,14:09:42,104.9800,9,1
2026-03-17,000858,14:09:45,104.9900,70,1
2026-03-17,000858,14:09:48,104.9700,64,2
2026-03-17,000858,14:09:51,104.9800,6,4
2026-03-17,000858,14:09:54,104.9900,33,1
2026-03-17,000858,14:09:57,105.0000,34,1
2026-03-17,000858,14:10:00,104.9900,20,2
2026-03-17,000858,14:10:03,105.0200,163,1
2026-03-17,000858,14:10:06,105.0100,64,2
2026-03-17,000858,14:10:09,105.0300,17,1
2026-03-17,000858,14:10:12,105.0200,20,2
2026-03-17,000858,14:10:15,105.0300,17,1
2026-03-17,000858,14:10:18,105.0300,18,1
2026-03-17,000858,14:10:21,105.0200,20,2
2026-03-17,000858,14:10:24,105.0200,4,2
2026-03-17,000858,14:10:27,105.0100,19,2
2026-03-17,000858,14:10:30,105.0200,8,1
2026-03-17,000858,14:10:33,105.0300,8,1
2026-03-17,000858,14:10:36,105.0300,15,1
2026-03-17,000858,14:10:39,105.0200,7,4
2026-03-17,000858,14:10:42,105.0100,2,2
2026-03-17,000858,14:10:45,105.0100,11,2
2026-03-17,000858,14:10:48,105.0100,5,2
2026-03-17,000858,14:10:51,105.0200,11,1
2026-03-17,000858,14:10:54,105.0200,29,1
2026-03-17,000858,14:10:57,105.0200,6,2
2026-03-17,000858,14:11:03,105.0100,6,2
2026-03-17,000858,14:11:06,105.0100,9,2
2026-03-17,000858,14:11:09,105.0100,5,2
2026-03-17,000858,14:11:12,105.0100,10,2
2026-03-17,000858,14:11:15,105.0200,7,1
2026-03-17,000858,14:11:18,105.0100,3,4
2026-03-17,000858,14:11:21,105.0000,6,2
2026-03-17,000858,14:11:24,105.0100,19,1
2026-03-17,000858,14:11:27,104.9900,12,2
2026-03-17,000858,14:11:30,105.0000,3,1
2026-03-17,000858,14:11:33,104.9900,5,2
2026-03-17,000858,14:11:36,104.9800,8,2
2026-03-17,000858,14:11:39,104.9800,8,2
2026-03-17,000858,14:11:45,104.9900,24,1
2026-03-17,000858,14:11:48,104.9800,56,2
2026-03-17,000858,14:11:51,104.9700,67,2
2026-03-17,000858,14:11:54,104.9800,4,1
2026-03-17,000858,14:11:57,104.9800,4,1
2026-03-17,000858,14:12:00,104.9800,42,1
2026-03-17,000858,14:12:03,104.9800,12,1
2026-03-17,000858,14:12:06,105.0400,368,1
2026-03-17,000858,14:12:09,105.0200,75,2
2026-03-17,000858,14:12:12,105.0700,94,1
2026-03-17,000858,14:12:15,105.0700,5,1
2026-03-17,000858,14:12:18,105.0400,11,2
2026-03-17,000858,14:12:21,105.0700,7,1
2026-03-17,000858,14:12:24,105.0800,6,1
2026-03-17,000858,14:12:27,105.0800,4,1
2026-03-17,000858,14:12:30,105.0900,11,1
2026-03-17,000858,14:12:33,105.0900,10,1
2026-03-17,000858,14:12:36,105.0800,4,2
2026-03-17,000858,14:12:39,105.1000,8,1
2026-03-17,000858,14:12:42,105.1000,15,1
2026-03-17,000858,14:12:45,105.0900,3,4
2026-03-17,000858,14:12:48,105.1100,18,1
2026-03-17,000858,14:12:51,105.1000,53,1
2026-03-17,000858,14:12:54,105.1000,1,2
2026-03-17,000858,14:12:57,105.1000,11,2
2026-03-17,000858,14:13:00,105.1000,13,2
2026-03-17,000858,14:13:03,105.1000,6,2
2026-03-17,000858,14:13:06,105.1100,14,1
2026-03-17,000858,14:13:09,105.1100,78,1
2026-03-17,000858,14:13:12,105.1100,47,2
2026-03-17,000858,14:13:15,105.1000,15,2
2026-03-17,000858,14:13:21,105.1100,17,1
2026-03-17,000858,14:13:24,105.1100,4,1
2026-03-17,000858,14:13:27,105.1100,1,1
2026-03-17,000858,14:13:30,105.1000,10,2
2026-03-17,000858,14:13:33,105.1000,24,2
2026-03-17,000858,14:13:36,105.1000,6,2
2026-03-17,000858,14:13:39,105.1100,6,1
2026-03-17,000858,14:13:42,105.1100,24,1
2026-03-17,000858,14:13:45,105.1100,3,1
2026-03-17,000858,14:13:48,105.1100,8,1
2026-03-17,000858,14:13:51,105.1100,15,1
2026-03-17,000858,14:13:54,105.1100,1,1
2026-03-17,000858,14:13:57,105.1000,5,2
2026-03-17,000858,14:14:00,105.1100,8,1
2026-03-17,000858,14:14:03,105.1000,76,2
2026-03-17,000858,14:14:06,105.1000,4,1
2026-03-17,000858,14:14:09,105.1000,7,2
2026-03-17,000858,14:14:12,105.1100,46,1
2026-03-17,000858,14:14:15,105.1000,9,2
2026-03-17,000858,14:14:18,105.1100,12,1
2026-03-17,000858,14:14:21,105.1000,11,2
2026-03-17,000858,14:14:27,105.1100,47,1
2026-03-17,000858,14:14:30,105.1100,2,2
2026-03-17,000858,14:14:33,105.1100,3,2
2026-03-17,000858,14:14:36,105.1100,4,1
2026-03-17,000858,14:14:39,105.1000,2,2
2026-03-17,000858,14:14:42,105.1000,12,2
2026-03-17,000858,14:14:45,105.1000,26,2
2026-03-17,000858,14:14:48,105.1100,14,1
2026-03-17,000858,14:14:51,105.1000,39,2
2026-03-17,000858,14:14:54,105.1000,16,2
2026-03-17,000858,14:14:57,105.1000,8,2
2026-03-17,000858,14:15:00,105.1000,15,2
2026-03-17,000858,14:15:03,105.1100,5,1
2026-03-17,000858,14:15:06,105.1000,13,2
2026-03-17,000858,14:15:09,105.1000,13,2
2026-03-17,000858,14:15:12,105.1000,22,2
2026-03-17,000858,14:15:15,105.1000,4,1
2026-03-17,000858,14:15:18,105.1000,4,1
2026-03-17,000858,14:15:21,105.0900,4,2
2026-03-17,000858,14:15:24,105.1000,7,1
2026-03-17,000858,14:15:27,105.0900,24,2
2026-03-17,000858,14:15:30,105.0900,7,2
2026-03-17,000858,14:15:33,105.1000,18,1
2026-03-17,000858,14:15:36,105.0900,43,2
2026-03-17,000858,14:15:39,105.1000,2,1
2026-03-17,000858,14:15:42,105.0900,7,2
2026-03-17,000858,14:15:45,105.0900,3,1
2026-03-17,000858,14:15:48,105.0800,3,2
2026-03-17,000858,14:15:51,105.0800,21,2
2026-03-17,000858,14:15:54,105.0800,9,2
2026-03-17,000858,14:15:57,105.0800,1,1
2026-03-17,000858,14:16:00,105.0700,34,2
2026-03-17,000858,14:16:03,105.0900,22,1
2026-03-17,000858,14:16:06,105.1100,207,1
2026-03-17,000858,14:16:09,105.1100,74,1
2026-03-17,000858,14:16:12,105.1100,16,1
2026-03-17,000858,14:16:15,105.1100,7,1
2026-03-17,000858,14:16:18,105.1000,1,2
2026-03-17,000858,14:16:21,105.1200,47,1
2026-03-17,000858,14:16:24,105.1500,94,1
2026-03-17,000858,14:16:27,105.1500,7,1
2026-03-17,000858,14:16:30,105.1300,8,2
2026-03-17,000858,14:16:33,105.1500,4,1
2026-03-17,000858,14:16:36,105.1500,41,1
2026-03-17,000858,14:16:39,105.1500,6,2
2026-03-17,000858,14:16:45,105.1600,6,1
2026-03-17,000858,14:16:48,105.1700,2,2
2026-03-17,000858,14:16:51,105.1700,14,2
2026-03-17,000858,14:16:54,105.1800,5,1
2026-03-17,000858,14:16:57,105.1700,6,2
2026-03-17,000858,14:17:03,105.1700,18,2
2026-03-17,000858,14:17:06,105.1700,2,2
2026-03-17,000858,14:17:09,105.1700,58,2
2026-03-17,000858,14:17:12,105.1600,45,2
2026-03-17,000858,14:17:15,105.1500,29,2
2026-03-17,000858,14:17:18,105.1400,32,2
2026-03-17,000858,14:17:21,105.1500,3,1
2026-03-17,000858,14:17:24,105.1300,18,2
2026-03-17,000858,14:17:27,105.1200,7,2
2026-03-17,000858,14:17:30,105.1200,14,1
2026-03-17,000858,14:17:33,105.1100,1,2
2026-03-17,000858,14:17:36,105.1200,7,1
2026-03-17,000858,14:17:39,105.1200,2,1
2026-03-17,000858,14:17:42,105.1200,10,2
2026-03-17,000858,14:17:45,105.1200,3,2
2026-03-17,000858,14:17:48,105.1300,6,1
2026-03-17,000858,14:17:51,105.1200,2,1
2026-03-17,000858,14:17:54,105.1200,7,1
2026-03-17,000858,14:17:57,105.1100,30,2
2026-03-17,000858,14:18:00,105.1100,1,1
2026-03-17,000858,14:18:03,105.1100,4,1
2026-03-17,000858,14:18:06,105.1000,27,2
2026-03-17,000858,14:18:09,105.1000,3,2
2026-03-17,000858,14:18:12,105.1100,5,1
2026-03-17,000858,14:18:15,105.1100,20,1
2026-03-17,000858,14:18:18,105.1000,2,2
2026-03-17,000858,14:18:21,105.1000,5,2
2026-03-17,000858,14:18:24,105.1000,2,1
2026-03-17,000858,14:18:27,105.1000,5,1
2026-03-17,000858,14:18:30,105.0900,5,2
2026-03-17,000858,14:18:33,105.0900,9,2
2026-03-17,000858,14:18:36,105.0900,12,2
2026-03-17,000858,14:18:39,105.0900,1,4
2026-03-17,000858,14:18:42,105.0900,5,2
2026-03-17,000858,14:18:45,105.1000,6,1
2026-03-17,000858,14:18:48,105.0900,1,2
2026-03-17,000858,14:18:51,105.0900,7,1
2026-03-17,000858,14:18:54,105.0900,41,1
2026-03-17,000858,14:18:57,105.0900,3,2
2026-03-17,000858,14:19:00,105.0900,7,4
2026-03-17,000858,14:19:03,105.0900,6,2
2026-03-17,000858,14:19:06,105.0900,107,1
2026-03-17,000858,14:19:09,105.0900,3,1
2026-03-17,000858,14:19:12,105.0900,7,1
2026-03-17,000858,14:19:15,105.0900,7,1
2026-03-17,000858,14:19:18,105.0900,13,1
2026-03-17,000858,14:19:21,105.0800,12,1
2026-03-17,000858,14:19:24,105.0800,1,1
2026-03-17,000858,14:19:27,105.0600,10,2
2026-03-17,000858,14:19:30,105.0600,9,2
2026-03-17,000858,14:19:33,105.0600,4,2
2026-03-17,000858,14:19:36,105.0600,17,1
2026-03-17,000858,14:19:39,105.0800,35,1
2026-03-17,000858,14:19:42,105.0600,6,2
2026-03-17,000858,14:19:45,105.0600,9,2
2026-03-17,000858,14:19:48,105.0500,13,2
2026-03-17,000858,14:19:51,105.0500,11,1
2026-03-17,000858,14:19:54,105.0500,21,1
2026-03-17,000858,14:19:57,105.0500,22,4
2026-03-17,000858,14:20:00,105.0400,42,2
2026-03-17,000858,14:20:03,105.0600,5,1
2026-03-17,000858,14:20:06,105.0400,12,2
2026-03-17,000858,14:20:09,105.0400,27,2
2026-03-17,000858,14:20:12,105.0600,45,1
2026-03-17,000858,14:20:15,105.0600,37,2
2026-03-17,000858,14:20:18,105.0900,12,1
2026-03-17,000858,14:20:21,105.0800,21,2
2026-03-17,000858,14:20:24,105.0800,9,2
2026-03-17,000858,14:20:27,105.0700,25,4
2026-03-17,000858,14:20:33,105.0600,7,2
2026-03-17,000858,14:20:36,105.0700,26,1
2026-03-17,000858,14:20:39,105.0800,24,1
2026-03-17,000858,14:20:42,105.0600,10,2
2026-03-17,000858,14:20:45,105.0600,9,1
2026-03-17,000858,14:20:48,105.0800,21,1
2026-03-17,000858,14:20:51,105.0500,7,2
2026-03-17,000858,14:20:54,105.0700,4,2
2026-03-17,000858,14:20:57,105.0700,18,1
2026-03-17,000858,14:21:00,105.0600,3,2
2026-03-17,000858,14:21:03,105.0800,5,1
2026-03-17,000858,14:21:06,105.0800,7,1
2026-03-17,000858,14:21:09,105.0700,10,2
2026-03-17,000858,14:21:12,105.0500,7,2
2026-03-17,000858,14:21:15,105.0600,3,1
2026-03-17,000858,14:21:18,105.0500,42,2
2026-03-17,000858,14:21:21,105.0800,87,1
2026-03-17,000858,14:21:24,105.0900,24,1
2026-03-17,000858,14:21:27,105.0500,5,4
2026-03-17,000858,14:21:30,105.0600,5,1
2026-03-17,000858,14:21:33,105.0600,11,1
2026-03-17,000858,14:21:36,105.0600,3,4
2026-03-17,000858,14:21:39,105.0700,3,1
2026-03-17,000858,14:21:42,105.0600,10,2
2026-03-17,000858,14:21:45,105.0500,2,2
2026-03-17,000858,14:21:48,105.0700,21,1
2026-03-17,000858,14:21:51,105.0800,6,1
2026-03-17,000858,14:21:54,105.1000,53,1
2026-03-17,000858,14:21:57,105.0600,9,2
2026-03-17,000858,14:22:00,105.0900,12,1
2026-03-17,000858,14:22:03,105.0900,9,1
2026-03-17,000858,14:22:06,105.1000,147,1
2026-03-17,000858,14:22:09,105.0900,8,4
2026-03-17,000858,14:22:12,105.1000,6,1
2026-03-17,000858,14:22:15,105.0900,13,2
2026-03-17,000858,14:22:18,105.0900,15,2
2026-03-17,000858,14:22:21,105.1100,23,1
2026-03-17,000858,14:22:24,105.1100,21,1
2026-03-17,000858,14:22:27,105.1200,22,1
2026-03-17,000858,14:22:30,105.0900,40,2
2026-03-17,000858,14:22:33,105.1000,2,2
2026-03-17,000858,14:22:36,105.1500,19,1
2026-03-17,000858,14:22:39,105.1400,7,1
2026-03-17,000858,14:22:42,105.1400,5,2
2026-03-17,000858,14:22:45,105.1400,2,2
2026-03-17,000858,14:22:48,105.1400,47,2
2026-03-17,000858,14:22:51,105.1400,3,4
2026-03-17,000858,14:22:54,105.1700,79,1
2026-03-17,000858,14:22:57,105.1300,7,2
2026-03-17,000858,14:23:00,105.1300,13,1
2026-03-17,000858,14:23:03,105.1200,3,1
2026-03-17,000858,14:23:06,105.1300,18,1
2026-03-17,000858,14:23:09,105.1200,5,4
2026-03-17,000858,14:23:12,105.1200,22,2
2026-03-17,000858,14:23:15,105.1300,4,1
2026-03-17,000858,14:23:18,105.1300,36,1
2026-03-17,000858,14:23:21,105.1200,16,1
2026-03-17,000858,14:23:24,105.1200,33,1
2026-03-17,000858,14:23:27,105.1200,25,1
2026-03-17,000858,14:23:30,105.1100,13,2
2026-03-17,000858,14:23:33,105.1200,11,2
2026-03-17,000858,14:23:36,105.1300,5,1
2026-03-17,000858,14:23:39,105.1200,9,2
2026-03-17,000858,14:23:42,105.1300,6,1
2026-03-17,000858,14:23:45,105.1200,45,2
2026-03-17,000858,14:23:48,105.1100,7,2
2026-03-17,000858,14:23:51,105.1200,54,1
2026-03-17,000858,14:23:54,105.1100,11,2
2026-03-17,000858,14:23:57,105.1100,71,2
2026-03-17,000858,14:24:00,105.1100,33,2
2026-03-17,000858,14:24:03,105.1100,15,1
2026-03-17,000858,14:24:06,105.1200,120,1
2026-03-17,000858,14:24:09,105.1100,19,4
2026-03-17,000858,14:24:12,105.1000,22,2
2026-03-17,000858,14:24:15,105.1200,3,1
2026-03-17,000858,14:24:18,105.1200,37,1
2026-03-17,000858,14:24:21,105.1100,13,4
2026-03-17,000858,14:24:24,105.1100,22,1
2026-03-17,000858,14:24:27,105.1200,41,1
2026-03-17,000858,14:24:30,105.1000,2,2
2026-03-17,000858,14:24:33,105.1100,6,1
2026-03-17,000858,14:24:36,105.1200,7,1
2026-03-17,000858,14:24:39,105.1100,9,4
2026-03-17,000858,14:24:42,105.1200,10,1
2026-03-17,000858,14:24:45,105.1200,47,1
2026-03-17,000858,14:24:48,105.1200,45,1
2026-03-17,000858,14:24:51,105.1200,17,1
2026-03-17,000858,14:24:54,105.1200,7,1
2026-03-17,000858,14:24:57,105.1100,60,2
2026-03-17,000858,14:25:00,105.1200,102,1
2026-03-17,000858,14:25:03,105.1500,223,1
2026-03-17,000858,14:25:06,105.1600,97,1
2026-03-17,000858,14:25:09,105.1600,82,1
2026-03-17,000858,14:25:12,105.1700,22,1
2026-03-17,000858,14:25:15,105.1600,4,2
2026-03-17,000858,14:25:18,105.1700,18,1
2026-03-17,000858,14:25:21,105.1600,19,2
2026-03-17,000858,14:25:24,105.1600,6,1
2026-03-17,000858,14:25:27,105.1600,91,1
2026-03-17,000858,14:25:30,105.1600,67,1
2026-03-17,000858,14:25:33,105.1600,12,2
2026-03-17,000858,14:25:36,105.1600,132,2
2026-03-17,000858,14:25:39,105.1700,7,1
2026-03-17,000858,14:25:42,105.1600,3,2
2026-03-17,000858,14:25:45,105.1300,29,2
2026-03-17,000858,14:25:48,105.1500,1,1
2026-03-17,000858,14:25:51,105.1300,5,2
2026-03-17,000858,14:25:54,105.1400,9,1
2026-03-17,000858,14:25:57,105.1200,19,1
2026-03-17,000858,14:26:00,105.1100,4,2
2026-03-17,000858,14:26:03,105.1200,100,1
2026-03-17,000858,14:26:06,105.1100,5,1
2026-03-17,000858,14:26:09,105.1100,7,1
2026-03-17,000858,14:26:12,105.1100,25,1
2026-03-17,000858,14:26:15,105.0900,9,2
2026-03-17,000858,14:26:18,105.0900,4,2
2026-03-17,000858,14:26:21,105.0900,5,2
2026-03-17,000858,14:26:24,105.1000,3,1
2026-03-17,000858,14:26:27,105.0900,13,2
2026-03-17,000858,14:26:30,105.0900,6,2
2026-03-17,000858,14:26:33,105.0900,12,1
2026-03-17,000858,14:26:36,105.0900,3,1
2026-03-17,000858,14:26:39,105.0800,21,2
2026-03-17,000858,14:26:42,105.0900,13,1
2026-03-17,000858,14:26:45,105.0700,59,2
2026-03-17,000858,14:26:48,105.0700,3,4
2026-03-17,000858,14:26:51,105.0700,11,1
2026-03-17,000858,14:26:54,105.0700,11,1
2026-03-17,000858,14:26:57,105.0600,16,2
2026-03-17,000858,14:27:00,105.0600,2,1
2026-03-17,000858,14:27:03,105.0400,46,2
2026-03-17,000858,14:27:06,105.0500,13,1
2026-03-17,000858,14:27:09,105.0200,16,2
2026-03-17,000858,14:27:12,105.0200,37,1
2026-03-17,000858,14:27:15,105.0100,44,2
2026-03-17,000858,14:27:18,105.0000,44,2
2026-03-17,000858,14:27:21,105.0000,11,2
2026-03-17,000858,14:27:24,105.0000,30,2
2026-03-17,000858,14:27:27,105.0100,44,1
2026-03-17,000858,14:27:30,105.0100,2,2
2026-03-17,000858,14:27:33,105.0100,21,2
2026-03-17,000858,14:27:36,105.0200,4,1
2026-03-17,000858,14:27:39,105.0100,11,2
2026-03-17,000858,14:27:42,105.0100,3,1
2026-03-17,000858,14:27:45,105.0000,14,2
2026-03-17,000858,14:27:48,105.0000,4,2
2026-03-17,000858,14:27:51,105.0000,15,2
2026-03-17,000858,14:27:54,105.0100,6,4
2026-03-17,000858,14:27:57,105.0100,20,1
2026-03-17,000858,14:28:00,105.0100,24,2
2026-03-17,000858,14:28:03,105.0200,14,1
2026-03-17,000858,14:28:06,105.0000,23,2
2026-03-17,000858,14:28:09,105.0100,16,1
2026-03-17,000858,14:28:12,105.0100,4,1
2026-03-17,000858,14:28:15,105.0100,4,1
2026-03-17,000858,14:28:18,105.0000,6,2
2026-03-17,000858,14:28:21,105.0000,86,2
2026-03-17,000858,14:28:24,105.0000,8,1
2026-03-17,000858,14:28:27,104.9900,7,2
2026-03-17,000858,14:28:30,105.0000,7,1
2026-03-17,000858,14:28:33,105.0000,35,1
2026-03-17,000858,14:28:36,105.0000,53,1
2026-03-17,000858,14:28:39,105.0000,13,1
2026-03-17,000858,14:28:42,105.0000,26,1
2026-03-17,000858,14:28:45,104.9900,15,2
2026-03-17,000858,14:28:48,105.0000,24,1
2026-03-17,000858,14:28:51,105.0000,5,1
2026-03-17,000858,14:28:54,105.0000,18,1
2026-03-17,000858,14:28:57,105.0000,8,1
2026-03-17,000858,14:29:00,105.0000,12,1
2026-03-17,000858,14:29:03,105.0000,10,1
2026-03-17,000858,14:29:06,105.0000,11,1
2026-03-17,000858,14:29:09,105.0000,7,1
2026-03-17,000858,14:29:12,104.9900,41,2
2026-03-17,000858,14:29:15,105.0000,4,1
2026-03-17,000858,14:29:18,104.9900,20,2
2026-03-17,000858,14:29:21,104.9900,44,2
2026-03-17,000858,14:29:24,105.0000,18,1
2026-03-17,000858,14:29:27,104.9900,211,2
2026-03-17,000858,14:29:30,105.0000,107,1
2026-03-17,000858,14:29:33,105.0000,20,2
2026-03-17,000858,14:29:36,105.0100,107,1
2026-03-17,000858,14:29:39,105.0200,19,1
2026-03-17,000858,14:29:42,105.0100,6,2
2026-03-17,000858,14:29:45,105.0200,5,2
2026-03-17,000858,14:29:48,105.0400,8,1
2026-03-17,000858,14:29:51,105.0400,19,2
2026-03-17,000858,14:29:54,105.0500,26,1
2026-03-17,000858,14:29:57,105.0500,35,1
2026-03-17,000858,14:30:00,105.0400,4,1
2026-03-17,000858,14:30:03,105.0500,14,1
2026-03-17,000858,14:30:06,105.0500,19,2
2026-03-17,000858,14:30:09,105.0400,35,2
2026-03-17,000858,14:30:12,105.0600,7,1
2026-03-17,000858,14:30:15,105.0400,15,2
2026-03-17,000858,14:30:18,105.0600,18,1
2026-03-17,000858,14:30:21,105.0700,20,1
2026-03-17,000858,14:30:24,105.0600,3,4
2026-03-17,000858,14:30:27,105.0500,34,2
2026-03-17,000858,14:30:30,105.0500,30,2
2026-03-17,000858,14:30:33,105.0600,1,1
2026-03-17,000858,14:30:36,105.0500,31,2
2026-03-17,000858,14:30:39,105.0800,95,1
2026-03-17,000858,14:30:42,105.0500,23,2
2026-03-17,000858,14:30:45,105.0500,7,2
2026-03-17,000858,14:30:48,105.0600,3,1
2026-03-17,000858,14:30:51,105.0600,33,1
2026-03-17,000858,14:30:54,105.0600,65,2
2026-03-17,000858,14:30:57,105.0600,5,2
2026-03-17,000858,14:31:00,105.0600,84,2
2026-03-17,000858,14:31:03,105.0500,26,2
2026-03-17,000858,14:31:06,105.0600,3,4
2026-03-17,000858,14:31:09,105.0600,87,2
2026-03-17,000858,14:31:12,105.0600,12,2
2026-03-17,000858,14:31:15,105.0600,16,2
2026-03-17,000858,14:31:18,105.0600,18,4
2026-03-17,000858,14:31:21,105.0600,64,1
2026-03-17,000858,14:31:24,105.0400,104,2
2026-03-17,000858,14:31:27,105.0500,7,4
2026-03-17,000858,14:31:30,105.0500,20,1
2026-03-17,000858,14:31:33,105.0400,12,2
2026-03-17,000858,14:31:36,105.0400,6,2
2026-03-17,000858,14:31:39,105.0700,51,1
2026-03-17,000858,14:31:42,105.0900,78,1
2026-03-17,000858,14:31:45,105.0600,54,2
2026-03-17,000858,14:31:48,105.0700,18,2
2026-03-17,000858,14:31:51,105.0900,104,1
2026-03-17,000858,14:31:54,105.0900,3,1
2026-03-17,000858,14:31:57,105.1100,54,1
2026-03-17,000858,14:32:00,105.0800,10,2
2026-03-17,000858,14:32:03,105.0800,1,1
2026-03-17,000858,14:32:06,105.1300,56,1
2026-03-17,000858,14:32:09,105.1100,22,1
2026-03-17,000858,14:32:12,105.1400,15,1
2026-03-17,000858,14:32:15,105.1000,1,2
2026-03-17,000858,14:32:18,105.1000,8,4
2026-03-17,000858,14:32:21,105.1000,32,2
2026-03-17,000858,14:32:24,105.1100,111,1
2026-03-17,000858,14:32:27,105.1000,27,1
2026-03-17,000858,14:32:30,105.1000,12,1
2026-03-17,000858,14:32:33,105.0900,34,2
2026-03-17,000858,14:32:36,105.0700,38,2
2026-03-17,000858,14:32:39,105.0600,13,2
2026-03-17,000858,14:32:42,105.0600,3,2
2026-03-17,000858,14:32:45,105.0600,4,2
2026-03-17,000858,14:32:48,105.0600,1,1
2026-03-17,000858,14:32:51,105.0600,9,2
2026-03-17,000858,14:32:54,105.0300,121,2
2026-03-17,000858,14:32:57,105.0300,1,2
2026-03-17,000858,14:33:00,105.0500,7,1
2026-03-17,000858,14:33:03,105.0300,5,4
2026-03-17,000858,14:33:06,105.0300,6,2
2026-03-17,000858,14:33:09,105.0300,15,1
2026-03-17,000858,14:33:12,105.0400,28,1
2026-03-17,000858,14:33:15,105.0500,26,1
2026-03-17,000858,14:33:18,105.0600,97,1
2026-03-17,000858,14:33:21,105.0800,16,1
2026-03-17,000858,14:33:24,105.0400,77,2
2026-03-17,000858,14:33:27,105.0500,14,1
2026-03-17,000858,14:33:30,105.0500,4,1
2026-03-17,000858,14:33:33,105.0400,21,2
2026-03-17,000858,14:33:36,105.0400,36,2
2026-03-17,000858,14:33:39,105.0600,195,1
2026-03-17,000858,14:33:42,105.0600,38,1
2026-03-17,000858,14:33:45,105.0400,32,2
2026-03-17,000858,14:33:48,105.0400,11,2
2026-03-17,000858,14:33:51,105.0400,20,2
2026-03-17,000858,14:33:54,105.0500,32,1
2026-03-17,000858,14:33:57,105.0500,7,1
2026-03-17,000858,14:34:00,105.0600,24,1
2026-03-17,000858,14:34:03,105.0600,20,1
2026-03-17,000858,14:34:06,105.0600,123,1
2026-03-17,000858,14:34:09,105.0600,37,1
2026-03-17,000858,14:34:12,105.0500,40,2
2026-03-17,000858,14:34:15,105.0700,9,1
2026-03-17,000858,14:34:18,105.0700,10,2
2026-03-17,000858,14:34:21,105.0700,24,2
2026-03-17,000858,14:34:24,105.0700,40,1
2026-03-17,000858,14:34:27,105.0700,6,2
2026-03-17,000858,14:34:30,105.0700,12,1
2026-03-17,000858,14:34:33,105.0700,22,1
2026-03-17,000858,14:34:36,105.0700,51,4
2026-03-17,000858,14:34:39,105.0700,8,2
2026-03-17,000858,14:34:42,105.0600,9,2
2026-03-17,000858,14:34:45,105.0600,1,1
2026-03-17,000858,14:34:48,105.0600,18,1
2026-03-17,000858,14:34:51,105.0500,22,2
2026-03-17,000858,14:34:54,105.0500,38,2
2026-03-17,000858,14:34:57,105.0500,17,2
2026-03-17,000858,14:35:00,105.0500,20,2
2026-03-17,000858,14:35:03,105.0500,3,2
2026-03-17,000858,14:35:06,105.0500,6,2
2026-03-17,000858,14:35:09,105.0500,21,2
2026-03-17,000858,14:35:12,105.0500,22,2
2026-03-17,000858,14:35:15,105.0500,22,2
2026-03-17,000858,14:35:18,105.0500,33,2
2026-03-17,000858,14:35:21,105.0500,14,2
2026-03-17,000858,14:35:24,105.0500,17,2
2026-03-17,000858,14:35:27,105.0500,5,1
2026-03-17,000858,14:35:30,105.0500,19,1
2026-03-17,000858,14:35:33,105.0500,7,1
2026-03-17,000858,14:35:36,105.0400,30,2
2026-03-17,000858,14:35:39,105.0400,14,2
2026-03-17,000858,14:35:42,105.0400,31,2
2026-03-17,000858,14:35:45,105.0400,48,2
2026-03-17,000858,14:35:48,105.0400,16,2
2026-03-17,000858,14:35:51,105.0400,13,2
2026-03-17,000858,14:35:54,105.0400,42,2
2026-03-17,000858,14:35:57,105.0400,50,2
2026-03-17,000858,14:36:00,105.0400,20,1
2026-03-17,000858,14:36:03,105.0400,12,1
2026-03-17,000858,14:36:06,105.0300,15,2
2026-03-17,000858,14:36:09,105.0300,6,2
2026-03-17,000858,14:36:12,105.0300,27,2
2026-03-17,000858,14:36:15,105.0300,17,1
2026-03-17,000858,14:36:18,105.0300,3,2
2026-03-17,000858,14:36:21,105.0200,4,2
2026-03-17,000858,14:36:24,105.0300,8,1
2026-03-17,000858,14:36:27,105.0200,20,2
2026-03-17,000858,14:36:30,105.0200,12,2
2026-03-17,000858,14:36:33,105.0200,18,2
2026-03-17,000858,14:36:36,105.0200,22,2
2026-03-17,000858,14:36:39,105.0200,16,2
2026-03-17,000858,14:36:42,105.0200,31,2
2026-03-17,000858,14:36:45,105.0200,20,1
2026-03-17,000858,14:36:48,105.0200,8,1
2026-03-17,000858,14:36:51,105.0100,7,2
2026-03-17,000858,14:36:54,105.0100,27,2
2026-03-17,000858,14:36:57,105.0100,33,2
2026-03-17,000858,14:37:00,105.0100,16,2
2026-03-17,000858,14:37:03,105.0100,36,2
2026-03-17,000858,14:37:06,105.0000,8,2
2026-03-17,000858,14:37:09,105.0000,58,2
2026-03-17,000858,14:37:12,105.0100,19,1
2026-03-17,000858,14:37:15,105.0000,24,2
2026-03-17,000858,14:37:18,105.0000,17,2
2026-03-17,000858,14:37:21,105.0000,103,2
2026-03-17,000858,14:37:24,104.9900,257,2
2026-03-17,000858,14:37:27,104.9800,46,2
2026-03-17,000858,14:37:30,104.9800,38,2
2026-03-17,000858,14:37:33,104.9800,12,2
2026-03-17,000858,14:37:36,104.9800,2,2
2026-03-17,000858,14:37:39,104.9800,38,2
2026-03-17,000858,14:37:42,104.9800,9,2
2026-03-17,000858,14:37:45,104.9800,35,2
2026-03-17,000858,14:37:48,104.9900,30,1
2026-03-17,000858,14:37:51,104.9900,64,2
2026-03-17,000858,14:37:54,105.0000,15,1
2026-03-17,000858,14:37:57,104.9900,6,2
2026-03-17,000858,14:38:00,104.9900,11,2
2026-03-17,000858,14:38:03,104.9900,13,2
2026-03-17,000858,14:38:06,104.9900,30,2
2026-03-17,000858,14:38:09,104.9900,7,1
2026-03-17,000858,14:38:15,104.9800,10,2
2026-03-17,000858,14:38:18,104.9800,101,2
2026-03-17,000858,14:38:21,104.9900,207,1
2026-03-17,000858,14:38:24,104.9800,43,1
2026-03-17,000858,14:38:27,104.9800,10,1
2026-03-17,000858,14:38:30,104.9800,20,1
2026-03-17,000858,14:38:33,104.9800,9,1
2026-03-17,000858,14:38:36,104.9800,46,2
2026-03-17,000858,14:38:39,104.9700,34,2
2026-03-17,000858,14:38:42,104.9800,13,1
2026-03-17,000858,14:38:45,104.9700,3,2
2026-03-17,000858,14:38:48,104.9700,20,2
2026-03-17,000858,14:38:51,104.9700,3,1
2026-03-17,000858,14:38:54,104.9600,107,2
2026-03-17,000858,14:38:57,104.9700,24,1
2026-03-17,000858,14:39:00,104.9700,11,2
2026-03-17,000858,14:39:03,104.9600,47,2
2026-03-17,000858,14:39:06,104.9600,25,1
2026-03-17,000858,14:39:12,104.9600,31,1
2026-03-17,000858,14:39:15,104.9600,94,1
2026-03-17,000858,14:39:18,104.9600,27,2
2026-03-17,000858,14:39:21,104.9600,6,2
2026-03-17,000858,14:39:24,104.9400,102,2
2026-03-17,000858,14:39:27,104.9300,2,2
2026-03-17,000858,14:39:30,104.9400,23,1
2026-03-17,000858,14:39:33,104.9400,14,4
2026-03-17,000858,14:39:36,104.9400,1,4
2026-03-17,000858,14:39:39,104.9300,34,2
2026-03-17,000858,14:39:42,104.9300,31,2
2026-03-17,000858,14:39:45,104.9300,53,1
2026-03-17,000858,14:39:48,104.9200,47,2
2026-03-17,000858,14:39:51,104.9200,36,1
2026-03-17,000858,14:39:54,104.9100,17,2
2026-03-17,000858,14:39:57,104.9100,45,2
2026-03-17,000858,14:40:00,104.9100,32,1
2026-03-17,000858,14:40:03,104.8800,247,2
2026-03-17,000858,14:40:06,104.9000,14,1
2026-03-17,000858,14:40:09,104.8800,28,2
2026-03-17,000858,14:40:12,104.9400,218,1
2026-03-17,000858,14:40:15,104.9000,144,2
2026-03-17,000858,14:40:18,104.9000,107,2
2026-03-17,000858,14:40:21,104.9000,61,2
2026-03-17,000858,14:40:24,104.9300,8,1
2026-03-17,000858,14:40:27,104.9400,44,1
2026-03-17,000858,14:40:30,104.9000,28,2
2026-03-17,000858,14:40:33,104.9300,24,1
2026-03-17,000858,14:40:36,104.9100,63,2
2026-03-17,000858,14:40:39,104.9000,27,4
2026-03-17,000858,14:40:42,104.9100,4,1
2026-03-17,000858,14:40:45,104.9000,134,2
2026-03-17,000858,14:40:48,104.9000,9,1
2026-03-17,000858,14:40:51,104.9000,16,2
2026-03-17,000858,14:40:54,104.9000,27,2
2026-03-17,000858,14:40:57,104.9000,14,2
2026-03-17,000858,14:41:00,104.9000,9,1
2026-03-17,000858,14:41:03,104.9000,19,1
2026-03-17,000858,14:41:06,104.9000,57,1
2026-03-17,000858,14:41:09,104.9100,62,1
2026-03-17,000858,14:41:12,104.9100,103,1
2026-03-17,000858,14:41:15,104.9200,26,1
2026-03-17,000858,14:41:18,104.9100,7,2
2026-03-17,000858,14:41:21,104.9100,167,2
2026-03-17,000858,14:41:24,104.9100,7,2
2026-03-17,000858,14:41:27,104.9100,9,2
2026-03-17,000858,14:41:30,104.9200,42,1
2026-03-17,000858,14:41:33,104.9200,9,2
2026-03-17,000858,14:41:36,104.9100,89,2
2026-03-17,000858,14:41:39,104.9100,13,2
2026-03-17,000858,14:41:42,104.9100,21,2
2026-03-17,000858,14:41:45,104.9200,125,1
2026-03-17,000858,14:41:48,104.9100,57,2
2026-03-17,000858,14:41:51,104.9200,78,1
2026-03-17,000858,14:41:54,104.9200,17,2
2026-03-17,000858,14:41:57,104.9300,2,1
2026-03-17,000858,14:42:00,104.9200,31,2
2026-03-17,000858,14:42:03,104.9200,3,1
2026-03-17,000858,14:42:06,104.9200,66,1
2026-03-17,000858,14:42:09,104.9100,52,2
2026-03-17,000858,14:42:12,104.9100,38,1
2026-03-17,000858,14:42:15,104.9100,44,1
2026-03-17,000858,14:42:18,104.9100,36,1
2026-03-17,000858,14:42:21,104.9000,15,2
2026-03-17,000858,14:42:24,104.9000,32,2
2026-03-17,000858,14:42:27,104.9100,63,1
2026-03-17,000858,14:42:30,104.9100,14,1
2026-03-17,000858,14:42:33,104.9000,69,2
2026-03-17,000858,14:42:36,104.9100,161,1
2026-03-17,000858,14:42:39,104.9200,47,1
2026-03-17,000858,14:42:42,104.9000,12,2
2026-03-17,000858,14:42:45,104.9200,24,1
2026-03-17,000858,14:42:48,104.9100,7,4
2026-03-17,000858,14:42:51,104.9200,11,1
2026-03-17,000858,14:42:54,104.9100,20,2
2026-03-17,000858,14:42:57,104.9200,40,1
2026-03-17,000858,14:43:00,104.9000,31,2
2026-03-17,000858,14:43:03,104.9000,89,2
2026-03-17,000858,14:43:06,104.9000,10,1
2026-03-17,000858,14:43:09,104.9100,5,1
2026-03-17,000858,14:43:12,104.8900,21,2
2026-03-17,000858,14:43:15,104.9200,26,1
2026-03-17,000858,14:43:18,104.9000,7,2
2026-03-17,000858,14:43:21,104.9200,9,1
2026-03-17,000858,14:43:24,104.8900,13,2
2026-03-17,000858,14:43:27,104.9000,6,1
2026-03-17,000858,14:43:30,104.9000,13,1
2026-03-17,000858,14:43:33,104.9100,31,1
2026-03-17,000858,14:43:36,104.8900,37,2
2026-03-17,000858,14:43:39,104.9000,41,1
2026-03-17,000858,14:43:42,104.8900,21,2
2026-03-17,000858,14:43:45,104.9000,15,1
2026-03-17,000858,14:43:48,104.8900,81,2
2026-03-17,000858,14:43:51,104.9000,52,1
2026-03-17,000858,14:43:54,104.8900,26,2
2026-03-17,000858,14:43:57,104.9000,36,1
2026-03-17,000858,14:44:00,104.8900,7,2
2026-03-17,000858,14:44:03,104.8900,7,2
2026-03-17,000858,14:44:06,104.8900,26,1
2026-03-17,000858,14:44:09,104.8900,52,1
2026-03-17,000858,14:44:12,104.8900,45,1
2026-03-17,000858,14:44:15,104.8900,7,1
2026-03-17,000858,14:44:18,104.8900,19,1
2026-03-17,000858,14:44:21,104.8800,28,2
2026-03-17,000858,14:44:24,104.8800,14,2
2026-03-17,000858,14:44:27,104.8800,80,2
2026-03-17,000858,14:44:30,104.8800,59,2
2026-03-17,000858,14:44:33,104.8800,16,1
2026-03-17,000858,14:44:36,104.8700,9,2
2026-03-17,000858,14:44:39,104.8800,41,1
2026-03-17,000858,14:44:42,104.8700,53,2
2026-03-17,000858,14:44:45,104.8600,22,2
2026-03-17,000858,14:44:48,104.8600,10,2
2026-03-17,000858,14:44:51,104.8700,7,1
2026-03-17,000858,14:44:54,104.8600,24,2
2026-03-17,000858,14:44:57,104.8700,72,1
2026-03-17,000858,14:45:00,104.8800,23,1
2026-03-17,000858,14:45:03,104.8700,54,2
2026-03-17,000858,14:45:06,104.8700,122,1
2026-03-17,000858,14:45:09,104.8700,16,1
2026-03-17,000858,14:45:12,104.8700,58,1
2026-03-17,000858,14:45:15,104.8600,57,2
2026-03-17,000858,14:45:18,104.8600,255,2
2026-03-17,000858,14:45:21,104.8700,25,1
2026-03-17,000858,14:45:24,104.8600,13,2
2026-03-17,000858,14:45:27,104.8600,22,2
2026-03-17,000858,14:45:30,104.8600,10,2
2026-03-17,000858,14:45:33,104.8900,20,1
2026-03-17,000858,14:45:36,104.8600,23,2
2026-03-17,000858,14:45:39,104.8700,15,2
2026-03-17,000858,14:45:42,104.8600,239,2
2026-03-17,000858,14:45:45,104.8600,22,2
2026-03-17,000858,14:45:48,104.8700,62,1
2026-03-17,000858,14:45:51,104.8600,20,2
2026-03-17,000858,14:45:54,104.8700,16,1
2026-03-17,000858,14:45:57,104.8700,21,1
2026-03-17,000858,14:46:00,104.8800,25,1
2026-03-17,000858,14:46:03,104.8600,19,2
2026-03-17,000858,14:46:06,104.8700,39,1
2026-03-17,000858,14:46:09,104.8700,69,1
2026-03-17,000858,14:46:12,104.8500,23,2
2026-03-17,000858,14:46:15,104.8700,21,1
2026-03-17,000858,14:46:18,104.8700,85,2
2026-03-17,000858,14:46:21,104.8700,62,1
2026-03-17,000858,14:46:24,104.8700,9,2
2026-03-17,000858,14:46:27,104.8700,18,1
2026-03-17,000858,14:46:30,104.8600,2,2
2026-03-17,000858,14:46:33,104.8600,12,2
2026-03-17,000858,14:46:36,104.8800,126,1
2026-03-17,000858,14:46:39,104.8500,138,2
2026-03-17,000858,14:46:42,104.8500,15,1
2026-03-17,000858,14:46:45,104.8500,33,1
2026-03-17,000858,14:46:48,104.8300,62,2
2026-03-17,000858,14:46:51,104.8300,6,2
2026-03-17,000858,14:46:54,104.8300,16,2
2026-03-17,000858,14:46:57,104.8400,23,1
2026-03-17,000858,14:47:00,104.8300,26,2
2026-03-17,000858,14:47:03,104.8300,11,2
2026-03-17,000858,14:47:06,104.8300,66,1
2026-03-17,000858,14:47:09,104.8200,30,2
2026-03-17,000858,14:47:12,104.8300,18,1
2026-03-17,000858,14:47:15,104.8000,161,2
2026-03-17,000858,14:47:18,104.8300,54,1
2026-03-17,000858,14:47:21,104.8100,1,2
2026-03-17,000858,14:47:24,104.8000,39,2
2026-03-17,000858,14:47:27,104.8000,6,2
2026-03-17,000858,14:47:30,104.8000,32,2
2026-03-17,000858,14:47:33,104.8100,37,1
2026-03-17,000858,14:47:36,104.8000,52,2
2026-03-17,000858,14:47:39,104.8000,24,2
2026-03-17,000858,14:47:42,104.8000,16,2
2026-03-17,000858,14:47:45,104.8000,18,2
2026-03-17,000858,14:47:48,104.8000,20,2
2026-03-17,000858,14:47:51,104.8000,67,2
2026-03-17,000858,14:47:54,104.8000,18,2
2026-03-17,000858,14:47:57,104.8200,92,1
2026-03-17,000858,14:48:00,104.8100,39,2
2026-03-17,000858,14:48:03,104.8100,27,1
2026-03-17,000858,14:48:06,104.8000,39,2
2026-03-17,000858,14:48:09,104.8000,20,2
2026-03-17,000858,14:48:12,104.8000,22,2
2026-03-17,000858,14:48:15,104.8000,155,2
2026-03-17,000858,14:48:18,104.8000,14,1
2026-03-17,000858,14:48:21,104.8000,17,2
2026-03-17,000858,14:48:24,104.8000,44,2
2026-03-17,000858,14:48:27,104.8000,26,1
2026-03-17,000858,14:48:30,104.7800,34,2
2026-03-17,000858,14:48:33,104.7900,8,4
2026-03-17,000858,14:48:36,104.7800,17,2
2026-03-17,000858,14:48:39,104.7900,16,1
2026-03-17,000858,14:48:42,104.7800,4,2
2026-03-17,000858,14:48:45,104.7900,30,1
2026-03-17,000858,14:48:48,104.7800,25,2
2026-03-17,000858,14:48:51,104.7700,4,2
2026-03-17,000858,14:48:54,104.7700,12,2
2026-03-17,000858,14:48:57,104.7700,29,2
2026-03-17,000858,14:49:00,104.7700,9,1
2026-03-17,000858,14:49:03,104.7800,50,1
2026-03-17,000858,14:49:06,104.7700,29,2
2026-03-17,000858,14:49:09,104.7800,112,1
2026-03-17,000858,14:49:12,104.7900,103,1
2026-03-17,000858,14:49:15,104.7900,110,1
2026-03-17,000858,14:49:18,104.8000,38,1
2026-03-17,000858,14:49:21,104.7900,16,2
2026-03-17,000858,14:49:24,104.7900,50,2
2026-03-17,000858,14:49:27,104.8000,17,1
2026-03-17,000858,14:49:30,104.8000,13,1
2026-03-17,000858,14:49:33,104.7800,27,2
2026-03-17,000858,14:49:36,104.7900,13,1
2026-03-17,000858,14:49:39,104.7900,62,1
2026-03-17,000858,14:49:42,104.7900,4,2
2026-03-17,000858,14:49:45,104.7900,9,2
2026-03-17,000858,14:49:48,104.7900,9,2
2026-03-17,000858,14:49:51,104.8000,48,1
2026-03-17,000858,14:49:54,104.7800,39,2
2026-03-17,000858,14:49:57,104.7800,25,2
2026-03-17,000858,14:50:00,104.7900,30,1
2026-03-17,000858,14:50:03,104.7800,74,2
2026-03-17,000858,14:50:06,104.7900,21,1
2026-03-17,000858,14:50:09,104.7900,10,2
2026-03-17,000858,14:50:12,104.7900,41,1
2026-03-17,000858,14:50:15,104.8000,37,1
2026-03-17,000858,14:50:18,104.7900,63,4
2026-03-17,000858,14:50:21,104.7900,46,2
2026-03-17,000858,14:50:24,104.7900,15,2
2026-03-17,000858,14:50:27,104.7900,214,2
2026-03-17,000858,14:50:30,104.8100,84,1
2026-03-17,000858,14:50:33,104.8200,31,2
2026-03-17,000858,14:50:36,104.8100,6,4
2026-03-17,000858,14:50:39,104.8000,12,2
2026-03-17,000858,14:50:42,104.8000,20,2
2026-03-17,000858,14:50:45,104.8200,19,1
2026-03-17,000858,14:50:48,104.8000,42,2
2026-03-17,000858,14:50:51,104.8200,48,1
2026-03-17,000858,14:50:54,104.8000,17,2
2026-03-17,000858,14:50:57,104.8300,65,1
2026-03-17,000858,14:51:00,104.8100,14,2
2026-03-17,000858,14:51:03,104.8000,25,2
2026-03-17,000858,14:51:06,104.8000,46,2
2026-03-17,000858,14:51:09,104.8100,9,4
2026-03-17,000858,14:51:12,104.8300,18,1
2026-03-17,000858,14:51:15,104.8100,27,2
2026-03-17,000858,14:51:18,104.8100,20,2
2026-03-17,000858,14:51:21,104.8200,35,1
2026-03-17,000858,14:51:24,104.8000,15,2
2026-03-17,000858,14:51:27,104.8200,11,1
2026-03-17,000858,14:51:30,104.8100,8,2
2026-03-17,000858,14:51:33,104.8100,8,1
2026-03-17,000858,14:51:36,104.8100,7,2
2026-03-17,000858,14:51:39,104.8000,8,2
2026-03-17,000858,14:51:42,104.8000,52,2
2026-03-17,000858,14:51:45,104.8000,15,2
2026-03-17,000858,14:51:48,104.8000,28,2
2026-03-17,000858,14:51:51,104.8000,138,2
2026-03-17,000858,14:51:54,104.8000,13,1
2026-03-17,000858,14:51:57,104.7900,27,2
2026-03-17,000858,14:52:00,104.7900,107,2
2026-03-17,000858,14:52:03,104.7900,30,2
2026-03-17,000858,14:52:06,104.7900,8,1
2026-03-17,000858,14:52:09,104.7900,47,1
2026-03-17,000858,14:52:12,104.7800,86,2
2026-03-17,000858,14:52:15,104.7800,40,2
2026-03-17,000858,14:52:18,104.7800,10,1
2026-03-17,000858,14:52:21,104.7800,283,1
2026-03-17,000858,14:52:24,104.7700,4,2
2026-03-17,000858,14:52:27,104.7600,36,2
2026-03-17,000858,14:52:30,104.7600,42,2
2026-03-17,000858,14:52:33,104.7600,9,2
2026-03-17,000858,14:52:36,104.7700,44,1
2026-03-17,000858,14:52:39,104.7600,25,2
2026-03-17,000858,14:52:42,104.7600,8,2
2026-03-17,000858,14:52:45,104.7700,32,1
2026-03-17,000858,14:52:48,104.7700,36,4
2026-03-17,000858,14:52:51,104.7700,38,2
2026-03-17,000858,14:52:54,104.7800,9,2
2026-03-17,000858,14:52:57,104.7800,27,1
2026-03-17,000858,14:53:00,104.7600,26,2
2026-03-17,000858,14:53:03,104.7600,7,2
2026-03-17,000858,14:53:06,104.7800,33,1
2026-03-17,000858,14:53:09,104.7600,108,2
2026-03-17,000858,14:53:12,104.7600,78,1
2026-03-17,000858,14:53:15,104.7600,16,1
2026-03-17,000858,14:53:18,104.7500,99,2
2026-03-17,000858,14:53:21,104.7600,78,1
2026-03-17,000858,14:53:24,104.7800,31,1
2026-03-17,000858,14:53:27,104.7600,25,2
2026-03-17,000858,14:53:30,104.7700,5,4
2026-03-17,000858,14:53:33,104.7800,46,1
2026-03-17,000858,14:53:36,104.7800,4,2
2026-03-17,000858,14:53:39,104.7800,9,2
2026-03-17,000858,14:53:42,104.7900,37,1
2026-03-17,000858,14:53:45,104.7800,16,2
2026-03-17,000858,14:53:48,104.7800,26,2
2026-03-17,000858,14:53:51,104.7900,126,1
2026-03-17,000858,14:53:54,104.7800,4,2
2026-03-17,000858,14:53:57,104.7800,6,2
2026-03-17,000858,14:54:00,104.7800,22,2
2026-03-17,000858,14:54:03,104.7900,8,1
2026-03-17,000858,14:54:06,104.7800,31,2
2026-03-17,000858,14:54:09,104.7700,2,2
2026-03-17,000858,14:54:12,104.7700,19,2
2026-03-17,000858,14:54:15,104.7800,23,1
2026-03-17,000858,14:54:18,104.7700,55,2
2026-03-17,000858,14:54:21,104.7700,24,1
2026-03-17,000858,14:54:24,104.7700,28,2
2026-03-17,000858,14:54:27,104.7900,23,1
2026-03-17,000858,14:54:30,104.7800,26,2
2026-03-17,000858,14:54:33,104.7700,9,2
2026-03-17,000858,14:54:36,104.7700,150,2
2026-03-17,000858,14:54:39,104.7800,6,4
2026-03-17,000858,14:54:42,104.7800,16,2
2026-03-17,000858,14:54:45,104.7800,22,2
2026-03-17,000858,14:54:48,104.7700,40,2
2026-03-17,000858,14:54:51,104.7800,18,1
2026-03-17,000858,14:54:54,104.7900,15,1
2026-03-17,000858,14:54:57,104.7800,21,2
2026-03-17,000858,14:55:00,104.7800,48,2
2026-03-17,000858,14:55:03,104.7800,28,1
2026-03-17,000858,14:55:06,104.7800,30,2
2026-03-17,000858,14:55:09,104.7900,16,1
2026-03-17,000858,14:55:12,104.7800,50,2
2026-03-17,000858,14:55:15,104.7900,50,1
2026-03-17,000858,14:55:18,104.7900,16,1
2026-03-17,000858,14:55:21,104.7800,4,2
2026-03-17,000858,14:55:24,104.7900,10,1
2026-03-17,000858,14:55:27,104.7900,60,1
2026-03-17,000858,14:55:30,104.7900,36,2
2026-03-17,000858,14:55:33,104.8000,35,1
2026-03-17,000858,14:55:36,104.7900,29,2
2026-03-17,000858,14:55:39,104.7800,19,2
2026-03-17,000858,14:55:42,104.7900,10,1
2026-03-17,000858,14:55:45,104.8000,5,1
2026-03-17,000858,14:55:48,104.7900,27,2
2026-03-17,000858,14:55:51,104.8000,15,1
2026-03-17,000858,14:55:54,104.7900,33,2
2026-03-17,000858,14:55:57,104.8000,36,1
2026-03-17,000858,14:56:00,104.7900,54,2
2026-03-17,000858,14:56:03,104.8000,43,1
2026-03-17,000858,14:56:06,104.7900,53,2
2026-03-17,000858,14:56:09,104.8000,41,1
2026-03-17,000858,14:56:12,104.8000,41,1
2026-03-17,000858,14:56:15,104.8000,60,1
2026-03-17,000858,14:56:18,104.8000,21,1
2026-03-17,000858,14:56:21,104.7900,17,2
2026-03-17,000858,14:56:24,104.8000,48,1
2026-03-17,000858,14:56:27,104.8000,39,1
2026-03-17,000858,14:56:30,104.8000,58,2
2026-03-17,000858,14:56:33,104.8100,73,1
2026-03-17,000858,14:56:36,104.8200,31,1
2026-03-17,000858,14:56:39,104.8000,5,1
2026-03-17,000858,14:56:42,104.8100,11,1
2026-03-17,000858,14:56:45,104.8000,7,2
2026-03-17,000858,14:56:48,104.8200,90,1
2026-03-17,000858,14:56:51,104.8100,68,4
2026-03-17,000858,14:56:54,104.8100,29,1
2026-03-17,000858,14:56:57,104.8000,43,2
2026-03-17,000858,14:57:00,104.8100,6,2
2026-03-17,000858,15:00:01,104.7900,1121,4
2026-03-17,000858,13:15:24,105.3200,20,2
2026-03-17,000858,13:15:27,105.3100,6,2
2026-03-17,000858,13:15:30,105.3200,13,1
2026-03-17,000858,13:15:33,105.3100,20,2
2026-03-17,000858,13:15:36,105.3100,7,2
2026-03-17,000858,13:15:39,105.3200,51,1
2026-03-17,000858,13:15:42,105.3200,6,2
2026-03-17,000858,13:15:45,105.3300,10,1
2026-03-17,000858,13:15:48,105.3200,18,2
2026-03-17,000858,13:15:51,105.3300,68,4
2026-03-17,000858,13:15:54,105.3000,61,2
2026-03-17,000858,13:15:57,105.3300,11,1
2026-03-17,000858,13:16:00,105.3000,26,2
2026-03-17,000858,13:16:03,105.3200,39,1
2026-03-17,000858,13:16:06,105.3200,1,2
2026-03-17,000858,13:16:09,105.3200,20,2
2026-03-17,000858,13:16:12,105.3000,16,1
2026-03-17,000858,13:16:15,105.3300,39,1
2026-03-17,000858,13:16:18,105.2600,27,2
2026-03-17,000858,13:16:21,105.3200,5,1
2026-03-17,000858,13:16:24,105.2800,1,2
2026-03-17,000858,13:16:27,105.2600,9,2
2026-03-17,000858,13:16:30,105.2800,6,1
2026-03-17,000858,13:16:33,105.2700,13,2
2026-03-17,000858,13:16:36,105.2700,3,1
2026-03-17,000858,13:16:39,105.2600,13,2
2026-03-17,000858,13:16:42,105.2700,35,1
2026-03-17,000858,13:16:45,105.2700,3,1
2026-03-17,000858,13:16:51,105.2700,19,1
2026-03-17,000858,13:16:54,105.2600,1,2
2026-03-17,000858,13:16:57,105.2500,4,2
2026-03-17,000858,13:17:00,105.2500,8,1
2026-03-17,000858,13:17:03,105.2400,1,2
2026-03-17,000858,13:17:06,105.2500,18,1
2026-03-17,000858,13:17:09,105.2500,20,1
2026-03-17,000858,13:17:12,105.2500,5,2
2026-03-17,000858,13:17:15,105.2500,15,2
2026-03-17,000858,13:17:21,105.2500,8,1
2026-03-17,000858,13:17:24,105.2400,1,4
2026-03-17,000858,13:17:27,105.2500,16,1
2026-03-17,000858,13:17:30,105.2500,27,2
2026-03-17,000858,13:17:33,105.2500,5,1
2026-03-17,000858,13:17:36,105.2500,8,1
2026-03-17,000858,13:17:39,105.2500,7,2
2026-03-17,000858,13:17:42,105.2500,3,1
2026-03-17,000858,13:17:45,105.2500,1,1
2026-03-17,000858,13:17:48,105.2500,16,2
2026-03-17,000858,13:17:51,105.2400,6,2
2026-03-17,000858,13:17:54,105.2700,86,1
2026-03-17,000858,13:17:57,105.2700,7,1
2026-03-17,000858,13:18:00,105.2500,4,2
2026-03-17,000858,13:18:03,105.2500,13,1
2026-03-17,000858,13:18:06,105.2400,2,2
2026-03-17,000858,13:18:09,105.2400,2,2
2026-03-17,000858,13:18:12,105.2400,1,2
2026-03-17,000858,13:18:15,105.2500,10,1
2026-03-17,000858,13:18:21,105.2400,14,2
2026-03-17,000858,13:18:24,105.2400,7,2
2026-03-17,000858,13:18:27,105.2500,3,1
2026-03-17,000858,13:18:30,105.2500,6,1
2026-03-17,000858,13:18:33,105.2500,5,2
2026-03-17,000858,13:18:39,105.2500,13,2
2026-03-17,000858,13:18:42,105.2500,17,2
2026-03-17,000858,13:18:45,105.2500,13,1
2026-03-17,000858,13:18:48,105.2400,1,2
2026-03-17,000858,13:18:51,105.2500,7,1
2026-03-17,000858,13:18:54,105.2400,2,2
2026-03-17,000858,13:18:57,105.2500,42,1
2026-03-17,000858,13:19:00,105.2500,2,1
2026-03-17,000858,13:19:03,105.2500,2,1
2026-03-17,000858,13:19:06,105.2400,11,2
2026-03-17,000858,13:19:09,105.2500,7,1
2026-03-17,000858,13:19:12,105.2300,1,2
2026-03-17,000858,13:19:15,105.2500,9,1
2026-03-17,000858,13:19:18,105.2500,3,4
2026-03-17,000858,13:19:21,105.2500,5,2
2026-03-17,000858,13:19:24,105.2500,8,2
2026-03-17,000858,13:19:27,105.2600,10,1
2026-03-17,000858,13:19:30,105.2600,5,1
2026-03-17,000858,13:19:33,105.2600,4,1
2026-03-17,000858,13:19:36,105.2700,29,1
2026-03-17,000858,13:19:39,105.2700,3,1
2026-03-17,000858,13:19:42,105.2500,60,2
2026-03-17,000858,13:19:45,105.2500,4,1
2026-03-17,000858,13:19:51,105.2600,41,1
2026-03-17,000858,13:19:54,105.2500,5,2
2026-03-17,000858,13:19:57,105.2500,12,2
2026-03-17,000858,13:20:00,105.2700,3,1
2026-03-17,000858,13:20:03,105.2600,8,2
2026-03-17,000858,13:20:06,105.2700,13,1
2026-03-17,000858,13:20:09,105.2900,96,1
2026-03-17,000858,13:20:12,105.3000,90,1
2026-03-17,000858,13:20:15,105.3400,39,1
2026-03-17,000858,13:20:18,105.3500,6,1
2026-03-17,000858,13:20:21,105.3500,19,1
2026-03-17,000858,13:20:24,105.3500,30,1
2026-03-17,000858,13:20:27,105.3400,3,1
2026-03-17,000858,13:20:33,105.3400,4,1
2026-03-17,000858,13:20:36,105.3400,2,1
2026-03-17,000858,13:20:39,105.3200,13,2
2026-03-17,000858,13:20:45,105.3300,21,1
2026-03-17,000858,13:20:48,105.3100,9,2
2026-03-17,000858,13:20:51,105.3300,3,1
2026-03-17,000858,13:20:54,105.3900,231,1
2026-03-17,000858,13:20:57,105.4000,21,1
2026-03-17,000858,13:21:00,105.3900,4,4
2026-03-17,000858,13:21:03,105.4000,13,1
2026-03-17,000858,13:21:06,105.4000,3,2
2026-03-17,000858,13:21:09,105.4000,2,2
2026-03-17,000858,13:21:12,105.4000,55,2
2026-03-17,000858,13:21:15,105.4000,10,1
2026-03-17,000858,13:21:18,105.3900,36,4
2026-03-17,000858,13:21:21,105.3900,1,1
2026-03-17,000858,13:21:24,105.3900,5,1
2026-03-17,000858,13:21:27,105.3900,4,1
2026-03-17,000858,13:21:30,105.3900,9,1
2026-03-17,000858,13:21:33,105.3900,7,1
2026-03-17,000858,13:21:36,105.3900,42,1
2026-03-17,000858,13:21:39,105.3900,1,1
2026-03-17,000858,13:21:42,105.3900,18,2
2026-03-17,000858,13:21:45,105.3800,4,2
2026-03-17,000858,13:21:48,105.3700,2,2
2026-03-17,000858,13:21:51,105.3700,4,1
2026-03-17,000858,13:21:54,105.3700,9,1
2026-03-17,000858,13:21:57,105.3600,3,4
2026-03-17,000858,13:22:00,105.3700,4,4
2026-03-17,000858,13:22:03,105.3700,1,1
2026-03-17,000858,13:22:06,105.3700,22,1
2026-03-17,000858,13:22:09,105.3700,11,2
2026-03-17,000858,13:22:12,105.3600,1,2
2026-03-17,000858,13:22:15,105.3600,16,2
2026-03-17,000858,13:22:18,105.3700,17,1
2026-03-17,000858,13:22:21,105.3600,4,1
2026-03-17,000858,13:22:24,105.3500,3,2
2026-03-17,000858,13:22:27,105.3500,4,1
2026-03-17,000858,13:22:30,105.3500,4,1
2026-03-17,000858,13:22:33,105.3400,14,2
2026-03-17,000858,13:22:36,105.3400,13,2
2026-03-17,000858,13:22:39,105.3600,17,1
2026-03-17,000858,13:22:42,105.3200,13,2
2026-03-17,000858,13:22:45,105.3200,1,4
2026-03-17,000858,13:22:48,105.3200,2,2
2026-03-17,000858,13:22:51,105.3300,3,1
2026-03-17,000858,13:22:54,105.3300,13,1
2026-03-17,000858,13:22:57,105.3400,6,1
2026-03-17,000858,13:23:00,105.3500,2,1
2026-03-17,000858,13:23:03,105.3400,23,2
2026-03-17,000858,13:23:06,105.3400,11,2
2026-03-17,000858,13:23:09,105.3300,11,2
2026-03-17,000858,13:23:12,105.3400,4,1
2026-03-17,000858,13:23:15,105.3400,4,1
2026-03-17,000858,13:23:18,105.3400,21,1
2026-03-17,000858,13:23:21,105.3400,4,2
2026-03-17,000858,13:23:24,105.3300,4,2
2026-03-17,000858,13:23:27,105.3500,12,1
2026-03-17,000858,13:23:30,105.3400,11,2
2026-03-17,000858,13:23:33,105.3500,15,1
2026-03-17,000858,13:23:36,105.3500,17,2
2026-03-17,000858,13:23:39,105.3500,11,2
2026-03-17,000858,13:23:42,105.3500,1,1
2026-03-17,000858,13:23:45,105.3400,1,2
2026-03-17,000858,13:23:48,105.3500,38,1
2026-03-17,000858,13:23:51,105.3400,5,2
2026-03-17,000858,13:23:54,105.3400,9,2
2026-03-17,000858,13:23:57,105.3400,59,2
2026-03-17,000858,13:24:00,105.3500,9,1
2026-03-17,000858,13:24:03,105.3600,14,1
2026-03-17,000858,13:24:06,105.3500,10,2
2026-03-17,000858,13:24:09,105.3600,6,1
2026-03-17,000858,13:24:12,105.3500,39,2
2026-03-17,000858,13:24:15,105.3600,4,1
2026-03-17,000858,13:24:18,105.3600,3,1
2026-03-17,000858,13:24:21,105.3600,16,1
2026-03-17,000858,13:24:24,105.3600,8,1
2026-03-17,000858,13:24:27,105.3500,3,2
2026-03-17,000858,13:24:30,105.3600,16,1
2026-03-17,000858,13:24:33,105.3600,7,1
2026-03-17,000858,13:24:36,105.3500,17,2
2026-03-17,000858,13:24:39,105.3600,8,1
2026-03-17,000858,13:24:42,105.3500,2,1
2026-03-17,000858,13:24:45,105.3400,4,2
2026-03-17,000858,13:24:48,105.3400,11,2
2026-03-17,000858,13:24:51,105.3500,26,4
2026-03-17,000858,13:24:54,105.3600,22,1
2026-03-17,000858,13:24:57,105.3600,7,1
2026-03-17,000858,13:25:00,105.3600,16,1
2026-03-17,000858,13:25:03,105.3600,11,1
2026-03-17,000858,13:25:06,105.3500,2,2
2026-03-17,000858,13:25:09,105.3500,17,2
2026-03-17,000858,13:25:12,105.3600,9,2
2026-03-17,000858,13:25:15,105.3600,9,2
2026-03-17,000858,13:25:18,105.3600,13,2
2026-03-17,000858,13:25:21,105.3600,4,2
2026-03-17,000858,13:25:24,105.3400,79,2
2026-03-17,000858,13:25:27,105.3300,67,2
2026-03-17,000858,13:25:30,105.3300,62,1
2026-03-17,000858,13:25:33,105.3400,39,1
2026-03-17,000858,13:25:36,105.3300,11,1
2026-03-17,000858,13:25:39,105.3100,4,1
2026-03-17,000858,13:25:42,105.3000,13,2
2026-03-17,000858,13:25:45,105.3000,4,1
2026-03-17,000858,13:25:48,105.2900,29,2
2026-03-17,000858,13:25:51,105.3000,14,4
2026-03-17,000858,13:25:54,105.3100,12,1
2026-03-17,000858,13:25:57,105.3000,20,2
2026-03-17,000858,13:26:00,105.3000,15,2
2026-03-17,000858,13:26:03,105.3000,7,2
2026-03-17,000858,13:26:06,105.3000,35,2
2026-03-17,000858,13:26:09,105.3000,7,2
2026-03-17,000858,13:26:12,105.3100,5,1
2026-03-17,000858,13:26:15,105.3200,10,1
2026-03-17,000858,13:26:18,105.3100,3,2
2026-03-17,000858,13:26:21,105.3100,14,2
2026-03-17,000858,13:26:24,105.3200,55,1
2026-03-17,000858,13:26:27,105.3200,19,2
2026-03-17,000858,13:26:30,105.3200,23,2
2026-03-17,000858,13:26:33,105.3200,30,2
2026-03-17,000858,13:26:36,105.3200,56,2
2026-03-17,000858,13:26:39,105.3500,51,1
2026-03-17,000858,13:26:42,105.3200,9,2
2026-03-17,000858,13:26:45,105.3500,4,1
2026-03-17,000858,13:26:48,105.3500,10,1
2026-03-17,000858,13:26:51,105.3500,11,1
2026-03-17,000858,13:26:54,105.3100,4,2
2026-03-17,000858,13:26:57,105.3200,4,2
2026-03-17,000858,13:27:00,105.3200,8,2
2026-03-17,000858,13:27:03,105.3200,17,2
2026-03-17,000858,13:27:06,105.3200,7,2
2026-03-17,000858,13:27:09,105.3300,117,4
2026-03-17,000858,13:27:12,105.3500,106,1
2026-03-17,000858,13:27:15,105.3400,28,2
2026-03-17,000858,13:27:18,105.3500,12,2
2026-03-17,000858,13:27:21,105.3600,52,1
2026-03-17,000858,13:27:24,105.3800,32,1
2026-03-17,000858,13:27:27,105.4000,143,1
2026-03-17,000858,13:27:30,105.4000,60,2
2026-03-17,000858,13:27:33,105.3900,15,1
2026-03-17,000858,13:27:36,105.3900,10,1
2026-03-17,000858,13:27:39,105.4000,25,1
2026-03-17,000858,13:27:42,105.4000,19,1
2026-03-17,000858,13:27:45,105.4000,10,2
2026-03-17,000858,13:27:48,105.3900,25,2
2026-03-17,000858,13:27:51,105.3700,175,2
2026-03-17,000858,13:27:54,105.4100,84,1
2026-03-17,000858,13:27:57,105.3900,14,1
2026-03-17,000858,13:28:00,105.4000,32,1
2026-03-17,000858,13:28:03,105.4000,20,2
2026-03-17,000858,13:28:06,105.3900,40,4
2026-03-17,000858,13:28:09,105.3600,14,2
2026-03-17,000858,13:28:12,105.4000,1,1
2026-03-17,000858,13:28:15,105.3900,2,1
2026-03-17,000858,13:28:18,105.3900,2,1
2026-03-17,000858,13:28:21,105.3900,14,1
2026-03-17,000858,13:28:24,105.3900,27,1
2026-03-17,000858,13:28:27,105.3900,8,1
2026-03-17,000858,13:28:30,105.3900,1,1
2026-03-17,000858,13:28:33,105.3200,1,2
2026-03-17,000858,13:28:36,105.3600,1,1
2026-03-17,000858,13:28:39,105.3200,4,2
2026-03-17,000858,13:28:42,105.3600,5,1
2026-03-17,000858,13:28:45,105.3600,8,1
2026-03-17,000858,13:28:48,105.3200,15,2
2026-03-17,000858,13:28:51,105.3200,17,1
2026-03-17,000858,13:28:54,105.3100,23,2
2026-03-17,000858,13:28:57,105.3000,5,2
2026-03-17,000858,13:29:00,105.3200,1,1
2026-03-17,000858,13:29:03,105.3100,25,2
2026-03-17,000858,13:29:06,105.3000,9,2
2026-03-17,000858,13:29:09,105.3000,2,2
2026-03-17,000858,13:29:12,105.3000,17,2
2026-03-17,000858,13:29:15,105.3000,14,2
2026-03-17,000858,13:29:18,105.3200,7,1
2026-03-17,000858,13:29:21,105.3300,10,1
2026-03-17,000858,13:29:24,105.3000,3,2
2026-03-17,000858,13:29:27,105.3200,17,1
2026-03-17,000858,13:29:30,105.3200,13,1
2026-03-17,000858,13:29:33,105.3100,5,2
2026-03-17,000858,13:29:36,105.3300,22,1
2026-03-17,000858,13:29:39,105.3600,16,1
2026-03-17,000858,13:29:42,105.3500,2,2
2026-03-17,000858,13:29:45,105.3500,2,2
2026-03-17,000858,13:29:48,105.3500,6,1
2026-03-17,000858,13:29:51,105.3400,2,4
2026-03-17,000858,13:29:54,105.3500,3,1
2026-03-17,000858,13:29:57,105.3300,89,2
2026-03-17,000858,13:30:00,105.3000,64,2
2026-03-17,000858,13:30:03,105.2900,8,2
2026-03-17,000858,13:30:06,105.2700,55,2
2026-03-17,000858,13:30:09,105.2800,11,1
2026-03-17,000858,13:30:12,105.2700,3,1
2026-03-17,000858,13:30:15,105.2600,8,4
2026-03-17,000858,13:30:21,105.2600,27,2
2026-03-17,000858,13:30:24,105.2800,20,1
2026-03-17,000858,13:30:27,105.2900,5,1
2026-03-17,000858,13:30:30,105.2800,6,2
2026-03-17,000858,13:30:33,105.2700,5,2
2026-03-17,000858,13:30:36,105.2800,8,1
2026-03-17,000858,13:30:39,105.2800,7,1
2026-03-17,000858,13:30:42,105.2800,3,1
2026-03-17,000858,13:30:45,105.2700,13,2
2026-03-17,000858,13:30:48,105.2800,7,1
2026-03-17,000858,13:30:51,105.2700,5,2
2026-03-17,000858,13:30:54,105.2700,17,1
2026-03-17,000858,13:30:57,105.2600,2,2
2026-03-17,000858,13:31:00,105.2600,2,2
2026-03-17,000858,13:31:03,105.2500,32,2
2026-03-17,000858,13:31:06,105.2400,4,2
2026-03-17,000858,13:31:09,105.2500,4,1
2026-03-17,000858,13:31:12,105.2400,21,2
2026-03-17,000858,13:31:15,105.2300,6,2
2026-03-17,000858,13:31:18,105.2400,13,1
2026-03-17,000858,13:31:21,105.2400,3,4
2026-03-17,000858,13:31:24,105.2300,9,2
2026-03-17,000858,13:31:27,105.2500,7,1
2026-03-17,000858,13:31:30,105.2300,10,2
2026-03-17,000858,13:31:33,105.2500,34,1
2026-03-17,000858,13:31:36,105.2400,25,1
2026-03-17,000858,13:31:39,105.2500,9,1
2026-03-17,000858,13:31:42,105.2300,1,4
2026-03-17,000858,13:31:45,105.2300,7,2
2026-03-17,000858,13:31:48,105.2300,19,1
2026-03-17,000858,13:31:51,105.2300,20,2
2026-03-17,000858,13:31:54,105.2200,4,2
2026-03-17,000858,13:31:57,105.2400,12,1
2026-03-17,000858,13:32:00,105.2300,24,2
2026-03-17,000858,13:32:03,105.2300,6,1
2026-03-17,000858,13:32:06,105.2300,9,1
2026-03-17,000858,13:32:09,105.2300,31,1
2026-03-17,000858,13:32:12,105.2100,7,2
2026-03-17,000858,13:32:15,105.2200,2,1
2026-03-17,000858,13:32:18,105.2200,1,1
2026-03-17,000858,13:32:21,105.2100,1,2
2026-03-17,000858,13:32:24,105.2100,9,2
2026-03-17,000858,13:32:27,105.2200,5,1
2026-03-17,000858,13:32:30,105.2100,83,2
2026-03-17,000858,13:32:33,105.2200,33,1
2026-03-17,000858,13:32:36,105.2000,20,2
2026-03-17,000858,13:32:39,105.2000,18,2
2026-03-17,000858,13:32:42,105.2000,5,2
2026-03-17,000858,13:32:45,105.2000,7,2
2026-03-17,000858,13:32:48,105.2000,4,2
2026-03-17,000858,13:32:51,105.2000,7,2
2026-03-17,000858,13:32:54,105.2200,129,1
2026-03-17,000858,13:32:57,105.2200,256,1
2026-03-17,000858,13:33:00,105.2300,72,2
2026-03-17,000858,13:33:03,105.2500,11,1
2026-03-17,000858,13:33:09,105.2500,6,2
2026-03-17,000858,13:33:12,105.2600,10,1
2026-03-17,000858,13:33:15,105.2600,8,1
2026-03-17,000858,13:33:18,105.2600,3,1
2026-03-17,000858,13:33:24,105.2700,15,1
2026-03-17,000858,13:33:27,105.2200,28,2
2026-03-17,000858,13:33:30,105.2200,5,1
2026-03-17,000858,13:33:33,105.2200,3,1
2026-03-17,000858,13:33:36,105.1900,23,2
2026-03-17,000858,13:33:39,105.1800,11,2
2026-03-17,000858,13:33:42,105.2000,4,1
2026-03-17,000858,13:33:45,105.1900,3,4
2026-03-17,000858,13:33:48,105.1900,1,2
2026-03-17,000858,13:33:51,105.1800,2,4
2026-03-17,000858,13:33:54,105.1600,16,2
2026-03-17,000858,13:33:57,105.1700,4,4
2026-03-17,000858,13:34:00,105.1600,21,2
2026-03-17,000858,13:34:03,105.1700,15,1
2026-03-17,000858,13:34:06,105.1700,11,2
2026-03-17,000858,13:34:09,105.1600,17,2
2026-03-17,000858,13:34:12,105.1600,10,2
2026-03-17,000858,13:34:15,105.1600,3,2
2026-03-17,000858,13:34:18,105.1600,12,2
2026-03-17,000858,13:34:21,105.1600,13,2
2026-03-17,000858,13:34:24,105.1700,7,1
2026-03-17,000858,13:34:27,105.1700,4,1
2026-03-17,000858,13:34:30,105.1600,2,4
2026-03-17,000858,13:34:33,105.1600,5,4
2026-03-17,000858,13:34:36,105.1600,3,2
2026-03-17,000858,13:34:39,105.1600,7,2
2026-03-17,000858,13:34:42,105.1600,5,2
2026-03-17,000858,13:34:45,105.1600,3,2
2026-03-17,000858,13:34:48,105.1700,12,1
2026-03-17,000858,13:34:51,105.1600,9,2
2026-03-17,000858,13:34:54,105.1600,4,1
2026-03-17,000858,13:34:57,105.1600,7,1
2026-03-17,000858,13:35:00,105.1500,3,2
2026-03-17,000858,13:35:03,105.1600,6,1
2026-03-17,000858,13:35:06,105.1500,19,2
2026-03-17,000858,13:35:09,105.1500,4,2
2026-03-17,000858,13:35:12,105.1500,13,2
2026-03-17,000858,13:35:15,105.1500,13,2
2026-03-17,000858,13:35:18,105.1600,9,1
2026-03-17,000858,13:35:21,105.1300,7,2
2026-03-17,000858,13:35:24,105.1500,1,1
2026-03-17,000858,13:35:27,105.1300,9,2
2026-03-17,000858,13:35:30,105.1300,5,2
2026-03-17,000858,13:35:33,105.1300,15,2
2026-03-17,000858,13:35:36,105.1400,5,1
2026-03-17,000858,13:35:39,105.1300,1,4
2026-03-17,000858,13:35:42,105.1400,4,1
2026-03-17,000858,13:35:45,105.1000,44,2
2026-03-17,000858,13:35:48,105.1000,11,2
2026-03-17,000858,13:35:51,105.1000,25,2
2026-03-17,000858,13:35:54,105.1300,17,1
2026-03-17,000858,13:36:00,105.1300,1,2
2026-03-17,000858,13:36:03,105.1300,18,1
2026-03-17,000858,13:36:06,105.1300,6,1
2026-03-17,000858,13:36:09,105.1100,2,2
2026-03-17,000858,13:36:12,105.1300,12,1
2026-03-17,000858,13:36:15,105.1100,8,2
2026-03-17,000858,13:36:18,105.1500,50,1
2026-03-17,000858,13:36:21,105.1500,16,1
2026-03-17,000858,13:36:24,105.1500,11,1
2026-03-17,000858,13:36:27,105.1100,11,2
2026-03-17,000858,13:36:30,105.1400,180,1
2026-03-17,000858,13:36:33,105.1400,35,1
2026-03-17,000858,13:36:36,105.1100,17,2
2026-03-17,000858,13:36:39,105.1500,7,1
2026-03-17,000858,13:36:42,105.1600,37,1
2026-03-17,000858,13:36:45,105.1500,15,2
2026-03-17,000858,13:36:48,105.1700,3,1
2026-03-17,000858,13:36:51,105.1700,16,1
2026-03-17,000858,13:36:54,105.1500,3,2
2026-03-17,000858,13:36:57,105.1600,1,2
2026-03-17,000858,13:37:00,105.1800,4,1
2026-03-17,000858,13:37:03,105.1800,12,1
2026-03-17,000858,13:37:06,105.2000,27,1
2026-03-17,000858,13:37:09,105.2000,58,1
2026-03-17,000858,13:37:12,105.2000,20,1
2026-03-17,000858,13:37:15,105.2200,88,1
2026-03-17,000858,13:37:18,105.2500,19,1
2026-03-17,000858,13:37:21,105.2100,4,2
2026-03-17,000858,13:37:24,105.2500,20,1
2026-03-17,000858,13:37:27,105.2500,12,2
2026-03-17,000858,13:37:30,105.2800,15,1
2026-03-17,000858,13:37:33,105.2900,31,1
2026-03-17,000858,13:37:36,105.3000,12,1
2026-03-17,000858,13:37:39,105.3000,29,1
2026-03-17,000858,13:37:42,105.3000,12,1
2026-03-17,000858,13:37:45,105.2900,43,2
2026-03-17,000858,13:37:48,105.3000,13,1
2026-03-17,000858,13:37:51,105.3000,10,2
2026-03-17,000858,13:37:54,105.3500,22,1
2026-03-17,000858,13:37:57,105.3000,25,2
2026-03-17,000858,13:38:00,105.3400,5,1
2026-03-17,000858,13:38:03,105.3500,52,1
2026-03-17,000858,13:38:06,105.3200,20,4
2026-03-17,000858,13:38:09,105.3300,10,1
2026-03-17,000858,13:38:12,105.2900,5,2
2026-03-17,000858,13:38:15,105.3000,6,4
2026-03-17,000858,13:38:18,105.3000,7,2
2026-03-17,000858,13:38:21,105.3000,13,2
2026-03-17,000858,13:38:24,105.3500,31,1
2026-03-17,000858,13:38:27,105.3000,22,2
2026-03-17,000858,13:38:30,105.3100,5,2
2026-03-17,000858,13:38:33,105.3700,40,1
2026-03-17,000858,13:38:36,105.3400,18,2
2026-03-17,000858,13:38:42,105.3500,10,1
2026-03-17,000858,13:38:45,105.3500,16,1
2026-03-17,000858,13:38:48,105.3500,9,2
2026-03-17,000858,13:38:51,105.3600,11,1
2026-03-17,000858,13:38:54,105.3700,22,1
2026-03-17,000858,13:38:57,105.3600,21,2
2026-03-17,000858,13:39:00,105.3700,8,1
2026-03-17,000858,13:39:03,105.3700,33,1
2026-03-17,000858,13:39:06,105.3400,65,2
2026-03-17,000858,13:39:09,105.3400,12,2
2026-03-17,000858,13:39:12,105.3500,1,1
2026-03-17,000858,13:39:15,105.3400,5,1
2026-03-17,000858,13:39:18,105.3100,5,2
2026-03-17,000858,13:39:21,105.3400,3,1
2026-03-17,000858,13:39:24,105.3500,16,1
2026-03-17,000858,13:39:27,105.3400,6,1
2026-03-17,000858,13:39:30,105.3400,20,2
2026-03-17,000858,13:39:33,105.3500,39,4
2026-03-17,000858,13:39:36,105.3700,71,1
2026-03-17,000858,13:39:39,105.3800,17,1
2026-03-17,000858,13:39:42,105.3800,7,1
2026-03-17,000858,13:39:45,105.3700,21,2
2026-03-17,000858,13:39:48,105.3700,314,2
2026-03-17,000858,13:39:51,105.3200,87,2
2026-03-17,000858,13:39:54,105.3200,20,1
2026-03-17,000858,13:39:57,105.3000,29,2
2026-03-17,000858,13:40:00,105.3400,95,1
2026-03-17,000858,13:40:03,105.3500,57,1
2026-03-17,000858,13:40:06,105.3700,36,1
2026-03-17,000858,13:40:09,105.3400,21,2
2026-03-17,000858,13:40:12,105.3700,33,1
2026-03-17,000858,13:40:15,105.3500,70,2
2026-03-17,000858,13:40:18,105.3700,15,1
2026-03-17,000858,13:40:21,105.3700,6,4
2026-03-17,000858,13:40:24,105.3700,97,2
2026-03-17,000858,13:40:27,105.3800,42,1
2026-03-17,000858,13:40:30,105.3600,20,2
2026-03-17,000858,13:40:33,105.4000,143,1
2026-03-17,000858,13:40:36,105.3700,111,2
2026-03-17,000858,13:40:39,105.3800,28,2
2026-03-17,000858,13:40:42,105.3900,100,1
2026-03-17,000858,13:40:45,105.3800,95,2
2026-03-17,000858,13:40:48,105.3900,24,1
2026-03-17,000858,13:40:51,105.3900,3,1
2026-03-17,000858,13:40:54,105.3800,62,2
2026-03-17,000858,13:40:57,105.3500,10,2
2026-03-17,000858,13:41:00,105.3800,5,1
2026-03-17,000858,13:41:03,105.3600,3,1
2026-03-17,000858,13:41:06,105.3800,97,1
2026-03-17,000858,13:41:09,105.3800,29,1
2026-03-17,000858,13:41:12,105.3400,3,2
2026-03-17,000858,13:41:15,105.3800,23,1
2026-03-17,000858,13:41:18,105.3500,4,2
2026-03-17,000858,13:41:21,105.3600,11,1
2026-03-17,000858,13:41:24,105.3500,2,4
2026-03-17,000858,13:41:27,105.3400,7,2
2026-03-17,000858,13:41:30,105.3500,15,1
2026-03-17,000858,13:41:33,105.3500,15,2
2026-03-17,000858,13:41:36,105.3500,15,2
2026-03-17,000858,13:41:39,105.3500,9,1
2026-03-17,000858,13:41:42,105.3500,13,1
2026-03-17,000858,13:41:45,105.3500,6,1
2026-03-17,000858,13:41:48,105.3400,8,1
2026-03-17,000858,13:41:51,105.3400,2,1
2026-03-17,000858,13:41:54,105.3100,6,2
2026-03-17,000858,13:41:57,105.3100,8,2
2026-03-17,000858,13:42:00,105.3200,6,1
2026-03-17,000858,13:42:03,105.3300,4,1
2026-03-17,000858,13:42:06,105.3400,11,1
2026-03-17,000858,13:42:09,105.3400,13,1
2026-03-17,000858,13:42:12,105.3100,4,2
2026-03-17,000858,13:42:15,105.3100,4,4
2026-03-17,000858,13:42:18,105.3000,10,2
2026-03-17,000858,13:42:21,105.2900,13,2
2026-03-17,000858,13:42:24,105.3100,7,1
2026-03-17,000858,13:42:27,105.2900,7,2
2026-03-17,000858,13:42:30,105.3000,33,1
2026-03-17,000858,13:42:33,105.3000,8,1
2026-03-17,000858,13:42:36,105.2900,13,2
2026-03-17,000858,13:42:39,105.2900,7,2
2026-03-17,000858,13:42:42,105.2900,7,2
2026-03-17,000858,13:42:45,105.2800,2,2
2026-03-17,000858,13:42:48,105.2900,7,1
2026-03-17,000858,13:42:51,105.2800,5,2
2026-03-17,000858,13:42:54,105.2800,8,1
2026-03-17,000858,13:42:57,105.2700,34,2
2026-03-17,000858,13:43:00,105.2800,26,1
2026-03-17,000858,13:43:03,105.2800,36,1
2026-03-17,000858,13:43:06,105.3000,39,1
2026-03-17,000858,13:43:09,105.3000,23,1
2026-03-17,000858,13:43:12,105.2400,12,2
2026-03-17,000858,13:43:15,105.3000,14,1
2026-03-17,000858,13:43:18,105.2900,7,1
2026-03-17,000858,13:43:21,105.3100,133,1
2026-03-17,000858,13:43:24,105.3100,38,2
2026-03-17,000858,13:43:27,105.3200,29,4
2026-03-17,000858,13:43:30,105.3200,16,2
2026-03-17,000858,13:43:33,105.3400,25,1
2026-03-17,000858,13:43:36,105.3400,20,1
2026-03-17,000858,13:43:39,105.2900,6,2
2026-03-17,000858,13:43:42,105.3200,3,1
2026-03-17,000858,13:43:45,105.3300,4,1
2026-03-17,000858,13:43:51,105.3300,3,1
2026-03-17,000858,13:43:54,105.3300,78,1
2026-03-17,000858,13:43:57,105.2800,25,2
2026-03-17,000858,13:44:00,105.3300,47,1
2026-03-17,000858,13:44:03,105.3300,17,2
2026-03-17,000858,13:44:06,105.3100,3,1
2026-03-17,000858,13:44:09,105.3000,1,2
2026-03-17,000858,13:44:12,105.3200,4,1
2026-03-17,000858,13:44:15,105.3200,4,1
2026-03-17,000858,13:44:18,105.3000,4,1
2026-03-17,000858,13:44:21,105.2700,14,2
2026-03-17,000858,13:44:24,105.3200,4,1
2026-03-17,000858,13:44:27,105.3200,9,1
2026-03-17,000858,13:44:30,105.2700,20,2
2026-03-17,000858,13:44:33,105.3000,7,1
2026-03-17,000858,13:44:36,105.2900,4,4
2026-03-17,000858,13:44:39,105.2800,3,1
2026-03-17,000858,13:44:42,105.2800,7,1
2026-03-17,000858,13:44:45,105.3000,13,1
2026-03-17,000858,13:44:48,105.3000,1,1
2026-03-17,000858,13:44:51,105.3000,36,1
2026-03-17,000858,13:44:54,105.2800,10,4
2026-03-17,000858,13:44:57,105.3000,23,1
2026-03-17,000858,13:45:00,105.3100,7,1
2026-03-17,000858,13:45:03,105.3000,22,2
2026-03-17,000858,13:45:06,105.3000,8,2
2026-03-17,000858,13:45:09,105.3100,2,2
2026-03-17,000858,13:45:12,105.3000,5,2
2026-03-17,000858,13:45:15,105.3000,2,1
2026-03-17,000858,13:45:18,105.3100,1,1
2026-03-17,000858,13:45:21,105.3000,2,2
2026-03-17,000858,13:45:24,105.3100,13,1
2026-03-17,000858,13:45:27,105.3000,30,2
2026-03-17,000858,13:45:30,105.3200,44,1
2026-03-17,000858,13:45:33,105.3300,12,1
2026-03-17,000858,13:45:36,105.3300,65,1
2026-03-17,000858,13:45:39,105.3600,151,1
2026-03-17,000858,13:45:42,105.3400,18,2
2026-03-17,000858,13:45:45,105.3700,11,1
2026-03-17,000858,13:45:48,105.3600,6,1
2026-03-17,000858,13:45:51,105.3600,8,1
2026-03-17,000858,13:45:54,105.3600,5,2
2026-03-17,000858,13:45:57,105.3600,10,1
2026-03-17,000858,13:46:00,105.3600,5,1
2026-03-17,000858,13:46:03,105.3700,36,1
2026-03-17,000858,13:46:06,105.3600,6,2
2026-03-17,000858,13:46:09,105.3700,18,1
2026-03-17,000858,13:46:12,105.3600,2,4
2026-03-17,000858,13:46:15,105.3600,8,2
2026-03-17,000858,13:46:18,105.3700,3,1
2026-03-17,000858,13:46:21,105.3600,4,2
2026-03-17,000858,13:46:24,105.3600,3,2
2026-03-17,000858,13:46:27,105.3700,4,1
2026-03-17,000858,13:46:30,105.3700,2,1
2026-03-17,000858,13:46:33,105.3700,23,1
2026-03-17,000858,13:46:36,105.3600,13,2
2026-03-17,000858,13:46:39,105.3600,8,2
2026-03-17,000858,13:46:42,105.3600,19,2
2026-03-17,000858,13:46:45,105.3600,6,2
2026-03-17,000858,13:46:48,105.3600,10,4
2026-03-17,000858,13:46:51,105.3600,2,4
2026-03-17,000858,13:46:54,105.3500,4,2
2026-03-17,000858,13:46:57,105.3500,4,1
2026-03-17,000858,13:47:00,105.3400,7,2
2026-03-17,000858,13:47:03,105.3600,3,1
2026-03-17,000858,13:47:06,105.3600,5,1
2026-03-17,000858,13:47:09,105.3300,5,2
2026-03-17,000858,13:47:12,105.3300,10,2
2026-03-17,000858,13:47:15,105.3300,4,1
2026-03-17,000858,13:47:18,105.3300,19,1
2026-03-17,000858,13:47:21,105.3300,5,1
2026-03-17,000858,13:47:24,105.3200,15,2
2026-03-17,000858,13:47:27,105.3300,3,1
2026-03-17,000858,13:47:30,105.3200,5,2
2026-03-17,000858,13:47:33,105.3200,1,2
2026-03-17,000858,13:47:36,105.3200,1,2
2026-03-17,000858,13:47:39,105.3200,18,1
2026-03-17,000858,13:47:42,105.3200,4,1
2026-03-17,000858,13:47:45,105.3200,6,1
2026-03-17,000858,13:47:48,105.3100,9,2
2026-03-17,000858,13:47:51,105.3100,12,2
2026-03-17,000858,13:47:54,105.3000,206,2
2026-03-17,000858,13:47:57,105.2800,27,2
2026-03-17,000858,13:48:00,105.2900,4,1
2026-03-17,000858,13:48:03,105.3000,9,1
2026-03-17,000858,13:48:06,105.2900,17,1
2026-03-17,000858,13:48:09,105.2900,22,2
2026-03-17,000858,13:48:12,105.2800,12,1
2026-03-17,000858,13:48:15,105.2700,6,2
2026-03-17,000858,13:48:18,105.2700,6,2
2026-03-17,000858,13:48:21,105.1900,168,2
2026-03-17,000858,13:48:24,105.1800,23,2
2026-03-17,000858,13:48:27,105.1800,15,2
2026-03-17,000858,13:48:30,105.1800,2,1
2026-03-17,000858,13:48:33,105.1700,5,2
2026-03-17,000858,13:48:36,105.1800,1,1
2026-03-17,000858,13:48:39,105.1100,102,2
2026-03-17,000858,13:48:42,105.1600,17,1
2026-03-17,000858,13:48:45,105.1100,2,2
2026-03-17,000858,13:48:48,105.1600,4,1
2026-03-17,000858,13:48:51,105.1500,2,1
2026-03-17,000858,13:48:54,105.1200,6,2
2026-03-17,000858,13:48:57,105.1300,14,2
2026-03-17,000858,13:49:00,105.1300,6,2
2026-03-17,000858,13:49:03,105.1300,1,2
2026-03-17,000858,13:49:06,105.1500,58,1
2026-03-17,000858,13:49:09,105.1800,25,1
2026-03-17,000858,13:49:12,105.1600,9,4
2026-03-17,000858,13:49:15,105.1600,11,1
2026-03-17,000858,13:49:18,105.1400,45,2
2026-03-17,000858,13:49:21,105.1600,1,2
2026-03-17,000858,13:49:24,105.1700,4,4
2026-03-17,000858,13:49:27,105.1600,2,2
2026-03-17,000858,13:49:30,105.1600,21,2
2026-03-17,000858,13:49:33,105.1700,3,4
2026-03-17,000858,13:49:36,105.1600,8,2
2026-03-17,000858,13:49:39,105.1600,5,2
2026-03-17,000858,13:49:42,105.1700,14,1
2026-03-17,000858,13:49:45,105.1600,9,2
2026-03-17,000858,13:49:48,105.1600,1,2
2026-03-17,000858,13:49:51,105.1700,11,1
2026-03-17,000858,13:49:54,105.1700,12,1
2026-03-17,000858,13:49:57,105.1700,192,4
2026-03-17,000858,13:50:00,105.1000,17,2
2026-03-17,000858,13:50:03,105.1100,1,2
2026-03-17,000858,13:50:06,105.1000,2,2
2026-03-17,000858,13:50:09,105.1000,7,2
2026-03-17,000858,13:50:12,105.1500,13,1
2026-03-17,000858,13:50:15,105.1100,11,2
2026-03-17,000858,13:50:18,105.1100,20,2
2026-03-17,000858,13:50:21,105.1100,6,4
2026-03-17,000858,13:50:24,105.1000,10,2
2026-03-17,000858,13:50:27,105.1100,15,2
2026-03-17,000858,13:50:30,105.1300,5,2
2026-03-17,000858,13:50:33,105.1100,1,1
2026-03-17,000858,13:50:36,105.1000,7,2
2026-03-17,000858,13:50:39,105.1000,30,2
2026-03-17,000858,13:50:42,105.1100,19,1
2026-03-17,000858,13:50:45,105.1000,8,2
2026-03-17,000858,13:50:48,105.1000,5,2
2026-03-17,000858,13:50:51,105.1000,14,2
2026-03-17,000858,13:50:54,105.1000,8,2
2026-03-17,000858,13:51:00,105.1000,7,1
2026-03-17,000858,13:51:03,105.0900,24,2
2026-03-17,000858,13:51:06,105.1300,84,1
2026-03-17,000858,13:51:09,105.1500,32,1
2026-03-17,000858,13:51:12,105.1500,37,1
2026-03-17,000858,13:51:15,105.1800,130,1
2026-03-17,000858,13:51:18,105.1800,6,1
2026-03-17,000858,13:51:21,105.1800,4,1
2026-03-17,000858,13:51:24,105.1900,7,1
2026-03-17,000858,13:51:27,105.1700,2,2
2026-03-17,000858,13:51:30,105.1800,4,2
2026-03-17,000858,13:51:33,105.1900,10,1
2026-03-17,000858,13:51:36,105.1900,15,1
2026-03-17,000858,13:51:39,105.1800,9,2
2026-03-17,000858,13:51:42,105.1800,4,1
2026-03-17,000858,13:51:45,105.1800,4,1
2026-03-17,000858,13:51:48,105.1700,1,2
2026-03-17,000858,13:51:51,105.1700,11,2
2026-03-17,000858,13:51:54,105.1700,17,1
2026-03-17,000858,13:51:57,105.1800,9,2
2026-03-17,000858,13:52:00,105.1800,13,2
2026-03-17,000858,13:52:03,105.1800,9,2
2026-03-17,000858,13:52:06,105.1800,2,2
2026-03-17,000858,13:52:09,105.1800,6,2
2026-03-17,000858,13:52:12,105.1800,36,2
2026-03-17,000858,13:52:15,105.1200,13,2
2026-03-17,000858,13:52:18,105.1200,2,1
2026-03-17,000858,13:52:21,105.1100,4,2
2026-03-17,000858,13:52:24,105.1100,2,2
2026-03-17,000858,13:52:27,105.1200,15,1
2026-03-17,000858,13:52:30,105.1400,70,1
2026-03-17,000858,13:52:33,105.1200,21,2
2026-03-17,000858,13:52:36,105.1300,3,2
2026-03-17,000858,13:52:39,105.1200,8,2
2026-03-17,000858,13:52:42,105.1200,3,2
2026-03-17,000858,13:52:45,105.1400,13,1
2026-03-17,000858,13:52:48,105.1200,4,2
2026-03-17,000858,13:52:51,105.1200,3,1
2026-03-17,000858,13:52:54,105.1100,3,2
2026-03-17,000858,13:52:57,105.1200,5,1
2026-03-17,000858,13:53:00,105.1200,1,2
2026-03-17,000858,13:53:03,105.1300,1,4
2026-03-17,000858,13:53:06,105.1400,37,1
2026-03-17,000858,13:53:09,105.1300,3,4
2026-03-17,000858,13:53:12,105.1300,1,2
2026-03-17,000858,13:53:15,105.1500,7,1
2026-03-17,000858,13:53:18,105.1300,5,4
2026-03-17,000858,13:53:21,105.1500,20,1
2026-03-17,000858,13:53:24,105.1400,1,1
2026-03-17,000858,13:53:27,105.1200,26,2
2026-03-17,000858,13:53:30,105.1000,32,2
2026-03-17,000858,13:53:33,105.1200,3,1
2026-03-17,000858,13:53:36,105.1200,2,1
2026-03-17,000858,13:53:39,105.1300,25,1
2026-03-17,000858,13:53:42,105.1000,28,2
2026-03-17,000858,13:53:45,105.1500,6,1
2026-03-17,000858,13:53:48,105.1100,2,2
2026-03-17,000858,13:53:51,105.1300,13,4
2026-03-17,000858,13:53:54,105.1500,14,1
2026-03-17,000858,13:53:57,105.1500,15,1
2026-03-17,000858,13:54:00,105.1500,3,1
2026-03-17,000858,13:54:03,105.1500,112,1
2026-03-17,000858,13:54:06,105.1300,32,2
2026-03-17,000858,13:54:09,105.1300,6,1
2026-03-17,000858,13:54:12,105.1300,1,1
2026-03-17,000858,13:54:15,105.1300,42,1
2026-03-17,000858,13:54:18,105.1300,24,1
2026-03-17,000858,13:54:21,105.1400,31,1
2026-03-17,000858,13:54:24,105.1500,12,1
2026-03-17,000858,13:54:27,105.1300,3,2
2026-03-17,000858,13:54:30,105.1400,13,1
2026-03-17,000858,13:54:33,105.1500,4,1
2026-03-17,000858,13:54:36,105.1300,5,2
2026-03-17,000858,13:54:39,105.1500,7,1
2026-03-17,000858,13:54:42,105.1500,19,1
2026-03-17,000858,13:54:45,105.1600,102,1
2026-03-17,000858,13:54:48,105.1200,6,2
2026-03-17,000858,13:54:51,105.1200,12,4
2026-03-17,000858,13:54:54,105.1200,4,2
2026-03-17,000858,13:54:57,105.1500,1,1
2026-03-17,000858,13:55:00,105.1200,6,2
2026-03-17,000858,13:55:03,105.1300,5,1
2026-03-17,000858,13:55:06,105.1500,8,1
2026-03-17,000858,13:55:09,105.1100,11,2
2026-03-17,000858,13:55:15,105.1500,15,1
2026-03-17,000858,13:55:21,105.1400,19,4
2026-03-17,000858,13:55:24,105.1500,95,1
2026-03-17,000858,13:55:27,105.1200,12,2
2026-03-17,000858,13:55:30,105.1300,2,1
2026-03-17,000858,13:55:33,105.1500,9,1
2026-03-17,000858,13:55:36,105.1300,3,2
2026-03-17,000858,13:55:39,105.1500,20,1
2026-03-17,000858,13:55:42,105.1500,41,1
2026-03-17,000858,13:55:45,105.1200,3,2
2026-03-17,000858,13:55:48,105.1100,3,2
2026-03-17,000858,13:55:54,105.1100,4,2
2026-03-17,000858,13:55:57,105.1300,4,4
2026-03-17,000858,13:56:00,105.1200,1,2
2026-03-17,000858,13:56:03,105.1200,3,2
2026-03-17,000858,13:56:06,105.1400,3,1
2026-03-17,000858,13:56:12,105.1400,1,4
2026-03-17,000858,13:56:15,105.1300,28,2
2026-03-17,000858,13:56:18,105.1300,5,4
2026-03-17,000858,13:56:21,105.1300,6,1
2026-03-17,000858,13:56:24,105.1200,28,2
2026-03-17,000858,13:56:27,105.1200,8,2
2026-03-17,000858,13:56:30,105.1300,2,4
2026-03-17,000858,13:56:33,105.1300,5,2
2026-03-17,000858,13:56:36,105.1400,5,1
2026-03-17,000858,13:56:39,105.1300,3,2
2026-03-17,000858,13:56:42,105.1400,3,1
2026-03-17,000858,13:56:45,105.1400,8,1
2026-03-17,000858,13:56:51,105.1400,2,2
2026-03-17,000858,13:56:54,105.1500,94,1
2026-03-17,000858,13:56:57,105.1500,7,2
2026-03-17,000858,13:57:00,105.1500,6,2
2026-03-17,000858,13:57:03,105.1600,3,1
2026-03-17,000858,13:57:06,105.1500,4,2
2026-03-17,000858,13:57:12,105.1500,11,2
2026-03-17,000858,13:57:15,105.1600,19,1
2026-03-17,000858,13:57:18,105.1500,18,2
2026-03-17,000858,13:57:21,105.1500,7,2
2026-03-17,000858,13:57:24,105.1500,4,2
2026-03-17,000858,13:57:27,105.1700,4,1
2026-03-17,000858,13:57:30,105.1500,14,2
2026-03-17,000858,13:57:33,105.1600,5,2
2026-03-17,000858,13:57:36,105.1600,4,2
2026-03-17,000858,13:57:42,105.1800,5,1
2026-03-17,000858,13:57:45,105.1800,6,1
2026-03-17,000858,13:57:48,105.1800,11,1
2026-03-17,000858,13:57:51,105.1900,70,1
2026-03-17,000858,13:57:54,105.2000,24,1
2026-03-17,000858,13:57:57,105.1900,8,2
2026-03-17,000858,13:58:00,105.2000,2,1
2026-03-17,000858,13:58:03,105.1800,18,2
2026-03-17,000858,13:58:06,105.1900,9,1
2026-03-17,000858,13:58:09,105.1900,7,2
2026-03-17,000858,13:58:12,105.2000,7,1
2026-03-17,000858,13:58:15,105.2000,1,1
2026-03-17,000858,13:58:18,105.2000,3,1
2026-03-17,000858,13:58:21,105.2000,2,1
2026-03-17,000858,13:58:24,105.2000,21,1
2026-03-17,000858,13:58:27,105.2000,11,1
2026-03-17,000858,13:58:30,105.2000,5,2
2026-03-17,000858,13:58:33,105.2000,2,2
2026-03-17,000858,13:58:36,105.2000,3,2
2026-03-17,000858,13:58:39,105.2000,20,2
2026-03-17,000858,13:58:42,105.2000,54,2
2026-03-17,000858,13:58:45,105.2100,20,2
2026-03-17,000858,13:58:48,105.2100,16,2
2026-03-17,000858,13:58:51,105.2100,4,1
2026-03-17,000858,13:58:54,105.2000,3,2
2026-03-17,000858,13:58:57,105.2000,26,1
2026-03-17,000858,13:59:00,105.2000,11,1
2026-03-17,000858,13:59:03,105.2100,40,1
2026-03-17,000858,13:59:06,105.1900,63,2
2026-03-17,000858,13:59:09,105.1900,5,1
2026-03-17,000858,13:59:12,105.1900,8,1
2026-03-17,000858,13:59:15,105.1900,5,1
2026-03-17,000858,13:59:18,105.1900,5,1
2026-03-17,000858,13:59:21,105.1900,5,1
2026-03-17,000858,13:59:24,105.1900,11,1
2026-03-17,000858,13:59:27,105.1900,38,1
2026-03-17,000858,13:59:30,105.1900,15,1
2026-03-17,000858,13:59:33,105.2000,18,1
2026-03-17,000858,13:59:36,105.1500,160,2
2026-03-17,000858,13:59:39,105.1500,6,1
2026-03-17,000858,13:59:42,105.1400,4,2
2026-03-17,000858,13:59:45,105.1400,3,1
2026-03-17,000858,13:59:48,105.1300,6,2
2026-03-17,000858,13:59:51,105.1000,36,2
2026-03-17,000858,13:59:54,105.1200,22,1
2026-03-17,000858,13:59:57,105.1000,10,2
2026-03-17,000858,14:00:00,105.1000,14,2
2026-03-17,000858,14:00:03,105.1000,12,1
2026-03-17,000858,14:00:06,105.1300,12,1
2026-03-17,000858,14:00:09,105.0900,72,2
2026-03-17,000858,14:00:12,105.1000,5,1
2026-03-17,000858,14:00:15,105.1100,1,2
2026-03-17,000858,14:00:18,105.0300,199,2
2026-03-17,000858,14:00:21,105.0300,7,2
2026-03-17,000858,14:00:24,105.0900,1,1
2026-03-17,000858,14:00:27,105.1100,6,1
2026-03-17,000858,14:00:30,105.1000,24,1
2026-03-17,000858,14:00:33,105.0500,15,2
2026-03-17,000858,14:00:36,105.0300,6,1
2026-03-17,000858,14:00:39,105.0300,2,2
2026-03-17,000858,14:00:42,105.0300,30,2
2026-03-17,000858,14:00:45,105.0400,9,1
2026-03-17,000858,14:00:48,105.0500,13,1
2026-03-17,000858,14:00:51,105.0500,9,2
2026-03-17,000858,14:00:54,105.0500,26,2
2026-03-17,000858,14:00:57,105.0400,6,2
2026-03-17,000858,14:01:00,105.0500,3,1
2026-03-17,000858,14:01:03,105.0500,37,1
2026-03-17,000858,14:01:06,105.0400,16,4
2026-03-17,000858,14:01:09,105.0400,24,4
2026-03-17,000858,14:01:15,105.0400,79,1
2026-03-17,000858,14:01:18,105.0300,5,4
2026-03-17,000858,14:01:21,105.0300,24,1
2026-03-17,000858,14:01:24,105.0400,23,1
2026-03-17,000858,14:01:27,105.0200,10,2
2026-03-17,000858,14:01:30,105.0400,23,1
2026-03-17,000858,14:01:33,105.0300,37,1
2026-03-17,000858,14:01:36,105.0200,14,4
2026-03-17,000858,14:01:39,105.0200,13,4
2026-03-17,000858,14:01:42,105.0400,28,1
2026-03-17,000858,14:01:45,105.0200,45,2
2026-03-17,000858,14:01:48,105.0300,3,4
2026-03-17,000858,14:01:51,105.0200,2,2
2026-03-17,000858,14:01:54,105.0200,22,2
2026-03-17,000858,14:01:57,105.0300,1,1
2026-03-17,000858,14:02:00,105.0300,92,1
2026-03-17,000858,14:02:03,105.0500,62,1
2026-03-17,000858,14:02:06,105.0700,7,1
2026-03-17,000858,14:02:09,105.0700,40,1
2026-03-17,000858,14:02:12,105.0600,8,2
2026-03-17,000858,14:02:15,105.1000,6,1
2026-03-17,000858,14:02:24,105.1000,4,1
2026-03-17,000858,14:02:27,105.0600,8,2
2026-03-17,000858,14:02:30,105.0700,7,2
2026-03-17,000858,14:02:33,105.0600,6,2
2026-03-17,000858,14:02:36,105.0700,14,1
2026-03-17,000858,14:02:39,105.0600,13,2
2026-03-17,000858,14:02:42,105.0600,6,1
2026-03-17,000858,14:02:45,105.0600,4,1
2026-03-17,000858,14:02:48,105.0500,15,2
2026-03-17,000858,14:02:51,105.0600,15,1
2026-03-17,000858,14:02:54,105.0500,4,2
2026-03-17,000858,14:02:57,105.0500,25,2
2026-03-17,000858,14:03:00,105.0600,9,1
2026-03-17,000858,14:03:03,105.0500,13,2
2026-03-17,000858,14:03:06,105.0500,16,2
2026-03-17,000858,14:03:09,105.0500,18,2
2026-03-17,000858,14:03:12,105.0500,31,2
2026-03-17,000858,14:03:15,105.0500,8,1
2026-03-17,000858,14:03:18,105.0500,9,1
2026-03-17,000858,14:03:21,105.0500,8,1
2026-03-17,000858,14:03:24,105.0500,11,1
2026-03-17,000858,14:03:27,105.0400,10,2
2026-03-17,000858,14:03:30,105.0500,14,1
2026-03-17,000858,14:03:33,105.0500,17,1
2026-03-17,000858,14:03:36,105.0400,5,1
2026-03-17,000858,14:03:39,105.0400,4,1
2026-03-17,000858,14:03:42,105.0400,10,1
2026-03-17,000858,14:03:45,105.0300,9,2
2026-03-17,000858,14:03:48,105.0500,20,1
2026-03-17,000858,14:03:51,105.0300,9,2
2026-03-17,000858,14:03:54,105.0300,8,2
2026-03-17,000858,14:03:57,105.0500,13,1
2026-03-17,000858,14:04:00,105.0300,12,2
2026-03-17,000858,14:04:03,105.0400,5,1
2026-03-17,000858,14:04:06,105.0300,8,2
2026-03-17,000858,14:04:09,105.0400,6,1
2026-03-17,000858,14:04:12,105.0300,21,2
2026-03-17,000858,14:04:15,105.0300,2,1
2026-03-17,000858,14:04:18,105.0200,7,2
2026-03-17,000858,14:04:21,105.0200,3,2
2026-03-17,000858,14:04:24,105.0300,20,1
2026-03-17,000858,14:04:27,105.0200,80,2
2026-03-17,000858,14:04:30,105.0200,75,2
2026-03-17,000858,14:04:33,105.0200,128,2
2026-03-17,000858,14:04:36,105.0200,106,2
2026-03-17,000858,14:04:39,105.0200,28,1
2026-03-17,000858,14:04:42,105.0200,13,1
2026-03-17,000858,14:04:45,105.0200,9,2
2026-03-17,000858,14:04:48,105.0100,5,2
2026-03-17,000858,14:04:51,105.0100,6,2
2026-03-17,000858,14:04:54,105.0100,28,2
2026-03-17,000858,14:04:57,105.0100,89,2
2026-03-17,000858,14:05:00,105.0500,239,1
2026-03-17,000858,14:05:03,105.0100,32,2
2026-03-17,000858,14:05:06,105.0100,2,2
2026-03-17,000858,14:05:09,105.0200,7,2
2026-03-17,000858,14:05:12,105.0200,16,2
2026-03-17,000858,14:05:15,105.0100,43,2
2026-03-17,000858,14:05:18,105.0100,8,2
2026-03-17,000858,14:05:21,105.0100,89,2
2026-03-17,000858,14:05:24,105.0100,13,2
2026-03-17,000858,14:05:27,105.0100,13,2
2026-03-17,000858,14:05:30,105.0000,53,2
2026-03-17,000858,14:05:33,105.0100,33,1
2026-03-17,000858,14:05:36,105.0000,23,2
2026-03-17,000858,14:05:39,105.0000,99,2
2026-03-17,000858,14:05:42,105.0000,27,2
2026-03-17,000858,14:05:45,105.0000,111,2
2026-03-17,000858,14:05:48,105.0000,14,2
2026-03-17,000858,14:05:51,105.0100,23,1
2026-03-17,000858,14:05:54,105.0000,9,2
2026-03-17,000858,14:05:57,105.0000,4,2
2026-03-17,000858,14:06:00,105.0000,6,2
2026-03-17,000858,14:06:03,105.0000,28,2
2026-03-17,000858,14:06:06,105.0100,15,1
2026-03-17,000858,14:06:09,105.0000,67,2
2026-03-17,000858,14:06:12,105.0000,9,2
2026-03-17,000858,14:06:15,105.0100,37,1
2026-03-17,000858,14:06:18,105.0000,22,2
2026-03-17,000858,14:06:21,105.0100,59,4
2026-03-17,000858,14:06:24,105.0000,15,2
2026-03-17,000858,14:06:27,105.0000,39,2
2026-03-17,000858,14:06:30,105.0000,23,2
2026-03-17,000858,14:06:33,105.0000,5,2
2026-03-17,000858,10:52:18,105.1900,8,2
2026-03-17,000858,10:52:21,105.2000,9,1
2026-03-17,000858,10:52:24,105.2000,8,1
2026-03-17,000858,10:52:27,105.2000,13,1
2026-03-17,000858,10:52:30,105.2000,5,1
2026-03-17,000858,10:52:36,105.2100,10,1
2026-03-17,000858,10:52:39,105.2100,1,4
2026-03-17,000858,10:52:42,105.2100,5,2
2026-03-17,000858,10:52:45,105.2200,30,1
2026-03-17,000858,10:52:48,105.2100,25,2
2026-03-17,000858,10:52:51,105.2200,24,2
2026-03-17,000858,10:52:54,105.2300,6,1
2026-03-17,000858,10:52:57,105.2200,15,2
2026-03-17,000858,10:53:00,105.2300,6,2
2026-03-17,000858,10:53:03,105.2300,18,2
2026-03-17,000858,10:53:06,105.2400,9,1
2026-03-17,000858,10:53:09,105.2500,17,1
2026-03-17,000858,10:53:12,105.2200,56,2
2026-03-17,000858,10:53:15,105.2200,2,1
2026-03-17,000858,10:53:18,105.2200,22,1
2026-03-17,000858,10:53:21,105.2200,75,2
2026-03-17,000858,10:53:24,105.2100,8,2
2026-03-17,000858,10:53:27,105.2000,1,2
2026-03-17,000858,10:53:30,105.2000,16,2
2026-03-17,000858,10:53:33,105.2100,8,1
2026-03-17,000858,10:53:36,105.2300,3,1
2026-03-17,000858,10:53:39,105.2100,13,2
2026-03-17,000858,10:53:42,105.2100,8,2
2026-03-17,000858,10:53:45,105.2100,89,2
2026-03-17,000858,10:53:48,105.2100,9,2
2026-03-17,000858,10:53:51,105.2100,13,2
2026-03-17,000858,10:53:54,105.2200,24,1
2026-03-17,000858,10:53:57,105.2200,2,2
2026-03-17,000858,10:54:00,105.2300,6,1
2026-03-17,000858,10:54:03,105.2300,7,1
2026-03-17,000858,10:54:09,105.2200,1,2
2026-03-17,000858,10:54:12,105.2200,18,2
2026-03-17,000858,10:54:15,105.2100,14,2
2026-03-17,000858,10:54:18,105.1900,46,2
2026-03-17,000858,10:54:24,105.2000,29,1
2026-03-17,000858,10:54:30,105.1800,278,2
2026-03-17,000858,10:54:33,105.1900,9,1
2026-03-17,000858,10:54:36,105.1200,56,2
2026-03-17,000858,10:54:39,105.1200,49,1
2026-03-17,000858,10:54:42,105.1200,7,2
2026-03-17,000858,10:54:45,105.1100,8,2
2026-03-17,000858,10:54:48,105.1200,3,2
2026-03-17,000858,10:54:51,105.1200,3,1
2026-03-17,000858,10:54:54,105.1100,13,2
2026-03-17,000858,10:54:57,105.1200,15,1
2026-03-17,000858,10:55:00,105.1100,10,2
2026-03-17,000858,10:55:03,105.1200,10,1
2026-03-17,000858,10:55:06,105.1200,15,1
2026-03-17,000858,10:55:09,105.1100,9,2
2026-03-17,000858,10:55:12,105.1100,13,1
2026-03-17,000858,10:55:15,105.1100,56,1
2026-03-17,000858,10:55:18,105.1200,17,1
2026-03-17,000858,10:55:21,105.1100,4,2
2026-03-17,000858,10:55:24,105.1100,8,2
2026-03-17,000858,10:55:27,105.1100,8,4
2026-03-17,000858,10:55:30,105.1000,21,2
2026-03-17,000858,10:55:33,105.1200,10,1
2026-03-17,000858,10:55:36,105.1300,20,1
2026-03-17,000858,10:55:39,105.1100,7,1
2026-03-17,000858,10:55:42,105.1100,20,1
2026-03-17,000858,10:55:45,105.1100,27,1
2026-03-17,000858,10:55:48,105.1100,11,1
2026-03-17,000858,10:55:51,105.1100,9,1
2026-03-17,000858,10:55:54,105.1100,10,2
2026-03-17,000858,10:55:57,105.1100,11,2
2026-03-17,000858,10:56:00,105.1100,14,2
2026-03-17,000858,10:56:03,105.1100,15,2
2026-03-17,000858,10:56:06,105.1100,43,1
2026-03-17,000858,10:56:09,105.1100,15,4
2026-03-17,000858,10:56:12,105.1100,20,1
2026-03-17,000858,10:56:15,105.1000,14,2
2026-03-17,000858,10:56:21,105.1100,10,2
2026-03-17,000858,10:56:24,105.1300,4,1
2026-03-17,000858,10:56:27,105.1300,4,1
2026-03-17,000858,10:56:30,105.1200,1,2
2026-03-17,000858,10:56:33,105.1200,9,2
2026-03-17,000858,10:56:36,105.1300,7,1
2026-03-17,000858,10:56:42,105.1300,23,2
2026-03-17,000858,10:56:45,105.1500,1,1
2026-03-17,000858,10:56:48,105.1500,3,1
2026-03-17,000858,10:56:51,105.1600,17,1
2026-03-17,000858,10:56:54,105.1500,4,2
2026-03-17,000858,10:57:00,105.1800,2,1
2026-03-17,000858,10:57:03,105.1600,2,2
2026-03-17,000858,10:57:06,105.1800,6,1
2026-03-17,000858,10:57:09,105.1600,31,2
2026-03-17,000858,10:57:12,105.1900,9,1
2026-03-17,000858,10:57:15,105.1900,4,1
2026-03-17,000858,10:57:18,105.1900,3,1
2026-03-17,000858,10:57:21,105.1900,9,1
2026-03-17,000858,10:57:24,105.1900,1,1
2026-03-17,000858,10:57:27,105.1800,6,2
2026-03-17,000858,10:57:30,105.1700,3,2
2026-03-17,000858,10:57:33,105.1800,136,4
2026-03-17,000858,10:57:36,105.1700,3,2
2026-03-17,000858,10:57:39,105.1800,6,1
2026-03-17,000858,10:57:42,105.1800,1,1
2026-03-17,000858,10:57:48,105.1700,4,2
2026-03-17,000858,10:57:51,105.1800,8,1
2026-03-17,000858,10:57:54,105.1900,3,1
2026-03-17,000858,10:57:57,105.2000,4,1
2026-03-17,000858,10:58:00,105.1900,2,2
2026-03-17,000858,10:58:03,105.1900,1,2
2026-03-17,000858,10:58:06,105.1900,3,2
2026-03-17,000858,10:58:09,105.2000,4,1
2026-03-17,000858,10:58:12,105.2000,16,1
2026-03-17,000858,10:58:15,105.2000,23,1
2026-03-17,000858,10:58:18,105.2100,6,1
2026-03-17,000858,10:58:21,105.2100,2,1
2026-03-17,000858,10:58:24,105.2100,4,1
2026-03-17,000858,10:58:30,105.2300,11,1
2026-03-17,000858,10:58:33,105.2200,19,2
2026-03-17,000858,10:58:36,105.2200,9,2
2026-03-17,000858,10:58:39,105.2100,32,2
2026-03-17,000858,10:58:42,105.2500,1,1
2026-03-17,000858,10:58:45,105.1900,69,2
2026-03-17,000858,10:58:48,105.2200,76,1
2026-03-17,000858,10:58:51,105.2000,4,2
2026-03-17,000858,10:58:54,105.2000,4,2
2026-03-17,000858,10:58:57,105.2000,2,2
2026-03-17,000858,10:59:00,105.2000,2,2
2026-03-17,000858,10:59:03,105.2100,1,4
2026-03-17,000858,10:59:06,105.2000,17,2
2026-03-17,000858,10:59:09,105.2000,23,2
2026-03-17,000858,10:59:12,105.2000,67,1
2026-03-17,000858,10:59:15,105.1700,29,2
2026-03-17,000858,10:59:18,105.1600,12,2
2026-03-17,000858,10:59:21,105.2000,1,1
2026-03-17,000858,10:59:24,105.1800,1,4
2026-03-17,000858,10:59:27,105.1900,24,1
2026-03-17,000858,10:59:30,105.1700,1,2
2026-03-17,000858,10:59:36,105.1800,11,2
2026-03-17,000858,10:59:39,105.1800,1,1
2026-03-17,000858,10:59:42,105.1900,4,1
2026-03-17,000858,10:59:45,105.1800,10,2
2026-03-17,000858,10:59:48,105.1700,13,2
2026-03-17,000858,10:59:51,105.1800,2,1
2026-03-17,000858,10:59:54,105.1800,4,4
2026-03-17,000858,10:59:57,105.1800,2,1
2026-03-17,000858,11:00:00,105.1900,3,1
2026-03-17,000858,11:00:03,105.1700,10,2
2026-03-17,000858,11:00:06,105.1700,15,1
2026-03-17,000858,11:00:09,105.1100,115,2
2026-03-17,000858,11:00:12,105.1400,7,1
2026-03-17,000858,11:00:18,105.1200,5,2
2026-03-17,000858,11:00:21,105.1200,3,1
2026-03-17,000858,11:00:24,105.1100,49,2
2026-03-17,000858,11:00:27,105.1100,16,2
2026-03-17,000858,11:00:30,105.1200,35,1
2026-03-17,000858,11:00:33,105.1300,7,1
2026-03-17,000858,11:00:36,105.1100,27,2
2026-03-17,000858,11:00:39,105.1000,7,2
2026-03-17,000858,11:00:42,105.1200,1,1
2026-03-17,000858,11:00:45,105.1100,43,2
2026-03-17,000858,11:00:48,105.1100,9,2
2026-03-17,000858,11:00:51,105.1000,5,2
2026-03-17,000858,11:00:54,105.1100,3,4
2026-03-17,000858,11:00:57,105.1000,5,2
2026-03-17,000858,11:01:00,105.1100,18,1
2026-03-17,000858,11:01:03,105.1000,24,2
2026-03-17,000858,11:01:06,105.1000,14,2
2026-03-17,000858,11:01:09,105.1000,7,2
2026-03-17,000858,11:01:12,105.1000,37,2
2026-03-17,000858,11:01:15,105.1000,6,1
2026-03-17,000858,11:01:18,105.1000,75,1
2026-03-17,000858,11:01:21,105.1000,18,1
2026-03-17,000858,11:01:24,105.1000,11,1
2026-03-17,000858,11:01:27,105.0900,17,2
2026-03-17,000858,11:01:30,105.0900,4,1
2026-03-17,000858,11:01:33,105.0800,55,2
2026-03-17,000858,11:01:36,105.1100,174,1
2026-03-17,000858,11:01:39,105.1100,10,2
2026-03-17,000858,11:01:42,105.1100,6,2
2026-03-17,000858,11:01:45,105.1200,4,1
2026-03-17,000858,11:01:48,105.1100,1,2
2026-03-17,000858,11:01:51,105.1200,6,1
2026-03-17,000858,11:01:54,105.1100,3,2
2026-03-17,000858,11:01:57,105.1200,26,1
2026-03-17,000858,11:02:00,105.1100,1,4
2026-03-17,000858,11:02:03,105.1000,26,2
2026-03-17,000858,11:02:06,105.1100,29,2
2026-03-17,000858,11:02:09,105.1200,15,1
2026-03-17,000858,11:02:12,105.1200,9,1
2026-03-17,000858,11:02:15,105.1200,4,1
2026-03-17,000858,11:02:18,105.1200,21,1
2026-03-17,000858,11:02:21,105.1200,4,2
2026-03-17,000858,11:02:24,105.1000,21,2
2026-03-17,000858,11:02:27,105.1200,7,1
2026-03-17,000858,11:02:30,105.1200,8,1
2026-03-17,000858,11:02:33,105.1100,2,2
2026-03-17,000858,11:02:36,105.1100,4,2
2026-03-17,000858,11:02:39,105.1300,8,1
2026-03-17,000858,11:02:42,105.1100,7,2
2026-03-17,000858,11:02:45,105.1100,8,2
2026-03-17,000858,11:02:51,105.1200,9,1
2026-03-17,000858,11:02:54,105.1100,3,2
2026-03-17,000858,11:02:57,105.1100,2,2
2026-03-17,000858,11:03:00,105.1100,11,2
2026-03-17,000858,11:03:03,105.1100,19,2
2026-03-17,000858,11:03:06,105.1100,33,2
2026-03-17,000858,11:03:12,105.1100,8,2
2026-03-17,000858,11:03:15,105.1200,7,1
2026-03-17,000858,11:03:18,105.1100,10,2
2026-03-17,000858,11:03:24,105.1100,13,2
2026-03-17,000858,11:03:27,105.1100,8,2
2026-03-17,000858,11:03:30,105.1100,10,2
2026-03-17,000858,11:03:33,105.1100,9,2
2026-03-17,000858,11:03:36,105.1100,13,2
2026-03-17,000858,11:03:39,105.1100,1,2
2026-03-17,000858,11:03:42,105.1100,27,2
2026-03-17,000858,11:03:45,105.1100,33,2
2026-03-17,000858,11:03:51,105.1100,14,2
2026-03-17,000858,11:03:54,105.1100,3,2
2026-03-17,000858,11:03:57,105.1000,16,2
2026-03-17,000858,11:04:00,105.1100,4,1
2026-03-17,000858,11:04:03,105.1100,5,1
2026-03-17,000858,11:04:06,105.1000,13,2
2026-03-17,000858,11:04:09,105.1100,11,1
2026-03-17,000858,11:04:12,105.1100,13,1
2026-03-17,000858,11:04:15,105.1000,20,2
2026-03-17,000858,11:04:21,105.1000,11,2
2026-03-17,000858,11:04:27,105.1000,31,2
2026-03-17,000858,11:04:30,105.1000,5,2
2026-03-17,000858,11:04:33,105.1000,10,2
2026-03-17,000858,11:04:36,105.1000,3,2
2026-03-17,000858,11:04:39,105.1000,8,2
2026-03-17,000858,11:04:42,105.1000,11,2
2026-03-17,000858,11:04:45,105.1000,19,2
2026-03-17,000858,11:04:48,105.1000,1,2
2026-03-17,000858,11:04:51,105.1100,1,1
2026-03-17,000858,11:04:54,105.1000,24,2
2026-03-17,000858,11:04:57,105.0900,11,2
2026-03-17,000858,11:05:00,105.0900,1,2
2026-03-17,000858,11:05:03,105.1000,2,1
2026-03-17,000858,11:05:06,105.0900,10,2
2026-03-17,000858,11:05:09,105.0900,15,2
2026-03-17,000858,11:05:12,105.1100,42,1
2026-03-17,000858,11:05:15,105.0900,43,2
2026-03-17,000858,11:05:18,105.1200,23,1
2026-03-17,000858,11:05:21,105.0900,7,2
2026-03-17,000858,11:05:24,105.1000,3,1
2026-03-17,000858,11:05:27,105.1000,16,1
2026-03-17,000858,11:05:30,105.1000,9,2
2026-03-17,000858,11:05:33,105.1100,12,1
2026-03-17,000858,11:05:36,105.1000,15,2
2026-03-17,000858,11:05:39,105.1000,27,1
2026-03-17,000858,11:05:42,105.1000,1,2
2026-03-17,000858,11:05:45,105.1100,14,1
2026-03-17,000858,11:05:48,105.1000,15,2
2026-03-17,000858,11:05:51,105.1100,9,1
2026-03-17,000858,11:05:54,105.1000,4,2
2026-03-17,000858,11:05:57,105.1000,1,2
2026-03-17,000858,11:06:00,105.1000,13,2
2026-03-17,000858,11:06:03,105.0900,9,2
2026-03-17,000858,11:06:06,105.0900,21,2
2026-03-17,000858,11:06:09,105.0900,7,2
2026-03-17,000858,11:06:12,105.1000,21,1
2026-03-17,000858,11:06:15,105.1000,39,1
2026-03-17,000858,11:06:18,105.1000,11,1
2026-03-17,000858,11:06:21,105.0900,17,2
2026-03-17,000858,11:06:24,105.1000,16,4
2026-03-17,000858,11:06:27,105.0900,9,2
2026-03-17,000858,11:06:30,105.1000,1,1
2026-03-17,000858,11:06:33,105.1000,14,1
2026-03-17,000858,11:06:36,105.1000,9,2
2026-03-17,000858,11:06:39,105.1000,18,1
2026-03-17,000858,11:06:42,105.1000,11,1
2026-03-17,000858,11:06:45,105.0900,16,2
2026-03-17,000858,11:06:48,105.0900,7,2
2026-03-17,000858,11:06:51,105.0900,8,2
2026-03-17,000858,11:06:54,105.0900,5,2
2026-03-17,000858,11:06:57,105.0900,13,2
2026-03-17,000858,11:07:00,105.0900,8,2
2026-03-17,000858,11:07:03,105.1000,15,4
2026-03-17,000858,11:07:09,105.1000,4,1
2026-03-17,000858,11:07:12,105.1000,1,1
2026-03-17,000858,11:07:15,105.1000,64,1
2026-03-17,000858,11:07:18,105.1100,3,1
2026-03-17,000858,11:07:21,105.1100,27,1
2026-03-17,000858,11:07:24,105.1000,11,2
2026-03-17,000858,11:07:27,105.1100,21,1
2026-03-17,000858,11:07:30,105.1100,32,1
2026-03-17,000858,11:07:36,105.1200,41,1
2026-03-17,000858,11:07:39,105.1100,9,2
2026-03-17,000858,11:07:42,105.1200,4,1
2026-03-17,000858,11:07:45,105.1200,1,1
2026-03-17,000858,11:07:48,105.1100,2,2
2026-03-17,000858,11:07:51,105.1100,10,2
2026-03-17,000858,11:07:54,105.1200,10,1
2026-03-17,000858,11:07:57,105.1200,2,1
2026-03-17,000858,11:08:00,105.1000,6,2
2026-03-17,000858,11:08:03,105.1100,8,4
2026-03-17,000858,11:08:06,105.1200,2,1
2026-03-17,000858,11:08:09,105.1100,2,2
2026-03-17,000858,11:08:15,105.1200,2,1
2026-03-17,000858,11:08:18,105.1200,5,1
2026-03-17,000858,11:08:21,105.1300,26,1
2026-03-17,000858,11:08:24,105.1300,10,2
2026-03-17,000858,11:08:27,105.1300,8,2
2026-03-17,000858,11:08:30,105.1400,7,1
2026-03-17,000858,11:08:33,105.1300,24,2
2026-03-17,000858,11:08:36,105.1400,4,1
2026-03-17,000858,11:08:39,105.1300,7,2
2026-03-17,000858,11:08:42,105.1300,20,2
2026-03-17,000858,11:08:45,105.1300,4,2
2026-03-17,000858,11:08:48,105.1400,5,1
2026-03-17,000858,11:08:51,105.1300,3,2
2026-03-17,000858,11:08:54,105.1400,14,1
2026-03-17,000858,11:08:57,105.1400,3,1
2026-03-17,000858,11:09:00,105.1400,1,1
2026-03-17,000858,11:09:03,105.1300,9,2
2026-03-17,000858,11:09:06,105.1300,55,2
2026-03-17,000858,11:09:09,105.1500,138,1
2026-03-17,000858,11:09:12,105.1800,4,1
2026-03-17,000858,11:09:15,105.1900,18,1
2026-03-17,000858,11:09:24,105.1900,9,2
2026-03-17,000858,11:09:27,105.1900,7,2
2026-03-17,000858,11:09:30,105.1900,10,2
2026-03-17,000858,11:09:33,105.2000,4,1
2026-03-17,000858,11:09:36,105.1200,93,2
2026-03-17,000858,11:09:39,105.1800,33,1
2026-03-17,000858,11:09:42,105.1800,2,1
2026-03-17,000858,11:09:45,105.1800,2,1
2026-03-17,000858,11:09:48,105.1800,5,1
2026-03-17,000858,11:09:51,105.1800,4,1
2026-03-17,000858,11:09:54,105.1800,12,1
2026-03-17,000858,11:09:57,105.1100,26,2
2026-03-17,000858,11:10:00,105.1600,2,1
2026-03-17,000858,11:10:03,105.1600,1,1
2026-03-17,000858,11:10:06,105.1600,20,1
2026-03-17,000858,11:10:09,105.1000,21,2
2026-03-17,000858,11:10:12,105.1100,4,2
2026-03-17,000858,11:10:15,105.1000,11,2
2026-03-17,000858,11:10:18,105.1100,6,2
2026-03-17,000858,11:10:21,105.1100,4,2
2026-03-17,000858,11:10:27,105.1500,1,1
2026-03-17,000858,11:10:36,105.1500,22,2
2026-03-17,000858,11:10:39,105.1500,7,2
2026-03-17,000858,11:10:42,105.1800,26,1
2026-03-17,000858,11:10:45,105.1600,1,2
2026-03-17,000858,11:10:48,105.1500,2,2
2026-03-17,000858,11:10:51,105.1700,7,1
2026-03-17,000858,11:10:54,105.1500,12,2
2026-03-17,000858,11:10:57,105.1700,1,1
2026-03-17,000858,11:11:00,105.1700,34,1
2026-03-17,000858,11:11:03,105.1700,4,1
2026-03-17,000858,11:11:06,105.1700,4,1
2026-03-17,000858,11:11:09,105.1600,18,2
2026-03-17,000858,11:11:12,105.1700,22,1
2026-03-17,000858,11:11:15,105.1700,4,1
2026-03-17,000858,11:11:18,105.1700,10,1
2026-03-17,000858,11:11:21,105.1800,6,1
2026-03-17,000858,11:11:24,105.1700,24,2
2026-03-17,000858,11:11:27,105.1800,9,1
2026-03-17,000858,11:11:30,105.1800,10,1
2026-03-17,000858,11:11:33,105.1800,5,2
2026-03-17,000858,11:11:36,105.1900,3,1
2026-03-17,000858,11:11:39,105.1800,17,2
2026-03-17,000858,11:11:42,105.1800,1,1
2026-03-17,000858,11:11:45,105.1700,3,2
2026-03-17,000858,11:11:48,105.1800,7,1
2026-03-17,000858,11:11:51,105.1700,10,2
2026-03-17,000858,11:11:54,105.1800,1,2
2026-03-17,000858,11:11:57,105.1800,2,2
2026-03-17,000858,11:12:00,105.1800,57,1
2026-03-17,000858,11:12:03,105.1800,2,2
2026-03-17,000858,11:12:06,105.1900,2,1
2026-03-17,000858,11:12:09,105.1900,4,1
2026-03-17,000858,11:12:12,105.2000,23,1
2026-03-17,000858,11:12:15,105.1900,2,2
2026-03-17,000858,11:12:21,105.1900,7,2
2026-03-17,000858,11:12:24,105.2000,11,1
2026-03-17,000858,11:12:27,105.2200,11,1
2026-03-17,000858,11:12:33,105.2200,1,1
2026-03-17,000858,11:12:36,105.2200,17,4
2026-03-17,000858,11:12:39,105.2400,11,1
2026-03-17,000858,11:12:42,105.1900,152,2
2026-03-17,000858,11:12:45,105.1900,21,2
2026-03-17,000858,11:12:48,105.2000,2,2
2026-03-17,000858,11:12:51,105.2200,2,4
2026-03-17,000858,11:12:54,105.2100,6,2
2026-03-17,000858,11:12:57,105.2200,4,1
2026-03-17,000858,11:13:00,105.2100,24,4
2026-03-17,000858,11:13:03,105.2200,2,1
2026-03-17,000858,11:13:09,105.2200,18,1
2026-03-17,000858,11:13:12,105.1700,101,2
2026-03-17,000858,11:13:15,105.1200,99,2
2026-03-17,000858,11:13:18,105.1300,4,1
2026-03-17,000858,11:13:24,105.1300,55,1
2026-03-17,000858,11:13:27,105.1300,6,1
2026-03-17,000858,11:13:30,105.1300,23,1
2026-03-17,000858,11:13:33,105.1200,2,2
2026-03-17,000858,11:13:36,105.1200,4,1
2026-03-17,000858,11:13:39,105.1100,29,4
2026-03-17,000858,11:13:42,105.1000,11,2
2026-03-17,000858,11:13:45,105.1000,12,2
2026-03-17,000858,11:13:48,105.1000,4,2
2026-03-17,000858,11:13:51,105.1100,12,1
2026-03-17,000858,11:13:54,105.1000,8,2
2026-03-17,000858,11:13:57,105.1000,5,2
2026-03-17,000858,11:14:00,105.1000,101,2
2026-03-17,000858,11:14:03,105.0800,4,2
2026-03-17,000858,11:14:06,105.0800,102,2
2026-03-17,000858,11:14:09,105.0600,144,2
2026-03-17,000858,11:14:12,105.0300,31,2
2026-03-17,000858,11:14:15,105.0600,3,1
2026-03-17,000858,11:14:18,105.0300,19,2
2026-03-17,000858,11:14:21,105.0300,4,2
2026-03-17,000858,11:14:24,105.0400,9,2
2026-03-17,000858,11:14:27,105.0600,6,1
2026-03-17,000858,11:14:30,105.0300,3,2
2026-03-17,000858,11:14:33,105.0300,28,2
2026-03-17,000858,11:14:36,105.0600,2,1
2026-03-17,000858,11:14:39,105.0300,3,2
2026-03-17,000858,11:14:42,105.0400,4,1
2026-03-17,000858,11:14:45,105.0300,15,2
2026-03-17,000858,11:14:48,105.0400,6,1
2026-03-17,000858,11:14:51,105.0300,47,2
2026-03-17,000858,11:14:54,105.0400,7,1
2026-03-17,000858,11:14:57,105.0500,5,1
2026-03-17,000858,11:15:00,105.0400,5,2
2026-03-17,000858,11:15:03,105.0500,1,2
2026-03-17,000858,11:15:06,105.0400,11,2
2026-03-17,000858,11:15:09,105.0500,40,1
2026-03-17,000858,11:15:12,105.0500,13,1
2026-03-17,000858,11:15:15,105.0400,10,2
2026-03-17,000858,11:15:18,105.0400,18,2
2026-03-17,000858,11:15:21,105.0400,2,1
2026-03-17,000858,11:15:24,105.0300,14,2
2026-03-17,000858,11:15:27,105.0400,10,1
2026-03-17,000858,11:15:30,105.0300,3,2
2026-03-17,000858,11:15:36,105.0400,3,2
2026-03-17,000858,11:15:39,105.0300,11,2
2026-03-17,000858,11:15:42,105.0500,7,1
2026-03-17,000858,11:15:45,105.0400,23,2
2026-03-17,000858,11:15:48,105.0400,7,4
2026-03-17,000858,11:15:51,105.0300,48,2
2026-03-17,000858,11:15:54,105.0400,4,1
2026-03-17,000858,11:15:57,105.0300,3,2
2026-03-17,000858,11:16:00,105.0300,12,2
2026-03-17,000858,11:16:03,105.0400,8,1
2026-03-17,000858,11:16:06,105.0300,24,2
2026-03-17,000858,11:16:09,105.0400,30,1
2026-03-17,000858,11:16:12,105.0400,9,1
2026-03-17,000858,11:16:15,105.0300,8,2
2026-03-17,000858,11:16:18,105.0400,5,1
2026-03-17,000858,11:16:21,105.0400,6,1
2026-03-17,000858,11:16:24,105.0400,16,1
2026-03-17,000858,11:16:27,105.0400,12,1
2026-03-17,000858,11:16:30,105.0400,30,1
2026-03-17,000858,11:16:33,105.0400,3,2
2026-03-17,000858,11:16:36,105.0400,1,2
2026-03-17,000858,11:16:39,105.0500,2,1
2026-03-17,000858,11:16:42,105.0500,2,1
2026-03-17,000858,11:16:45,105.0500,11,1
2026-03-17,000858,11:16:48,105.0600,6,1
