date,code,time,price,volume,bs
2026-06-08,000001,14:06:42,11.0200,87,1
2026-06-08,000001,14:06:45,11.0100,98,2
2026-06-08,000001,14:06:48,11.0200,9,1
2026-06-08,000001,14:06:51,11.0100,29,2
2026-06-08,000001,14:06:54,11.0200,460,1
2026-06-08,000001,14:06:57,11.0200,30,1
2026-06-08,000001,14:07:00,11.0200,33,1
2026-06-08,000001,14:07:03,11.0100,58,2
2026-06-08,000001,14:07:06,11.0100,54,2
2026-06-08,000001,14:07:09,11.0100,26,2
2026-06-08,000001,14:07:12,11.0100,98,2
2026-06-08,000001,14:07:15,11.0100,71,2
2026-06-08,000001,14:07:18,11.0200,114,1
2026-06-08,000001,14:07:21,11.0100,28,2
2026-06-08,000001,14:07:24,11.0100,156,2
2026-06-08,000001,14:07:27,11.0100,29,2
2026-06-08,000001,14:07:30,11.0200,177,1
2026-06-08,000001,14:07:33,11.0100,23,2
2026-06-08,000001,14:07:36,11.0200,39,1
2026-06-08,000001,14:07:39,11.0200,274,1
2026-06-08,000001,14:07:42,11.0100,28,2
2026-06-08,000001,14:07:45,11.0200,87,1
2026-06-08,000001,14:07:48,11.0100,98,2
2026-06-08,000001,14:07:51,11.0200,241,1
2026-06-08,000001,14:07:54,11.0200,2,1
2026-06-08,000001,14:07:57,11.0100,29,2
2026-06-08,000001,14:08:00,11.0100,152,2
2026-06-08,000001,14:08:03,11.0100,92,2
2026-06-08,000001,14:08:06,11.0100,61,2
2026-06-08,000001,14:08:09,11.0100,11,2
2026-06-08,000001,14:08:12,11.0100,37,2
2026-06-08,000001,14:08:15,11.0100,148,2
2026-06-08,000001,14:08:18,11.0100,100,2
2026-06-08,000001,14:08:21,11.0100,45,2
2026-06-08,000001,14:08:24,11.0200,28,1
2026-06-08,000001,14:08:27,11.0200,50,1
2026-06-08,000001,14:08:30,11.0100,44,2
2026-06-08,000001,14:08:33,11.0200,166,1
2026-06-08,000001,14:08:36,11.0100,82,2
2026-06-08,000001,14:08:39,11.0200,144,1
2026-06-08,000001,14:08:42,11.0100,45,2
2026-06-08,000001,14:08:45,11.0100,29,2
2026-06-08,000001,14:08:48,11.0100,10,2
2026-06-08,000001,14:08:51,11.0200,72,1
2026-06-08,000001,14:08:54,11.0200,5,1
2026-06-08,000001,14:08:57,11.0100,28,2
2026-06-08,000001,14:09:00,11.0200,251,1
2026-06-08,000001,14:09:03,11.0200,249,1
2026-06-08,000001,14:09:06,11.0200,126,1
2026-06-08,000001,14:09:09,11.0100,35,2
2026-06-08,000001,14:09:12,11.0200,64,1
2026-06-08,000001,14:09:15,11.0100,87,2
2026-06-08,000001,14:09:18,11.0200,10,1
2026-06-08,000001,14:09:21,11.0100,194,2
2026-06-08,000001,14:09:24,11.0200,101,1
2026-06-08,000001,14:09:27,11.0200,72,1
2026-06-08,000001,14:09:30,11.0200,95,1
2026-06-08,000001,14:09:33,11.0200,13,1
2026-06-08,000001,14:09:36,11.0100,73,2
2026-06-08,000001,14:09:39,11.0200,60,1
2026-06-08,000001,14:09:42,11.0200,37,1
2026-06-08,000001,14:09:45,11.0200,177,1
2026-06-08,000001,14:09:48,11.0200,54,1
2026-06-08,000001,14:09:51,11.0200,66,1
2026-06-08,000001,14:09:54,11.0200,74,1
2026-06-08,000001,14:09:57,11.0200,134,1
2026-06-08,000001,14:10:00,11.0200,61,1
2026-06-08,000001,14:10:03,11.0100,715,2
2026-06-08,000001,14:10:06,11.0100,76,2
2026-06-08,000001,14:10:09,11.0200,11,1
2026-06-08,000001,14:10:12,11.0200,107,1
2026-06-08,000001,14:10:15,11.0100,65,2
2026-06-08,000001,14:10:18,11.0200,69,1
2026-06-08,000001,14:10:21,11.0200,77,1
2026-06-08,000001,14:10:24,11.0200,15,1
2026-06-08,000001,14:10:27,11.0100,28,2
2026-06-08,000001,14:10:30,11.0100,33,2
2026-06-08,000001,14:10:33,11.0200,21,1
2026-06-08,000001,14:10:36,11.0100,48,2
2026-06-08,000001,14:10:39,11.0200,59,1
2026-06-08,000001,14:10:42,11.0200,76,1
2026-06-08,000001,14:10:45,11.0100,53,2
2026-06-08,000001,14:10:48,11.0200,73,1
2026-06-08,000001,14:10:51,11.0100,54,2
2026-06-08,000001,14:10:54,11.0200,11,1
2026-06-08,000001,14:10:57,11.0200,30,1
2026-06-08,000001,14:11:00,11.0100,37,2
2026-06-08,000001,14:11:03,11.0100,68,2
2026-06-08,000001,14:11:06,11.0200,40,1
2026-06-08,000001,14:11:09,11.0200,6,1
2026-06-08,000001,14:11:12,11.0200,30,1
2026-06-08,000001,14:11:15,11.0100,79,2
2026-06-08,000001,14:11:18,11.0100,9,2
2026-06-08,000001,14:11:21,11.0100,31,2
2026-06-08,000001,14:11:24,11.0100,50,2
2026-06-08,000001,14:11:27,11.0200,50,1
2026-06-08,000001,14:11:30,11.0100,95,2
2026-06-08,000001,14:11:33,11.0200,49,1
2026-06-08,000001,14:11:36,11.0200,66,1
2026-06-08,000001,14:11:39,11.0200,46,1
2026-06-08,000001,14:11:42,11.0200,70,1
2026-06-08,000001,14:11:45,11.0200,821,1
2026-06-08,000001,14:11:48,11.0100,53,2
2026-06-08,000001,14:11:51,11.0200,51,1
2026-06-08,000001,14:11:54,11.0200,24,1
2026-06-08,000001,14:11:57,11.0100,62,2
2026-06-08,000001,14:12:00,11.0100,188,2
2026-06-08,000001,14:12:03,11.0100,15,2
2026-06-08,000001,14:12:06,11.0100,285,2
2026-06-08,000001,14:12:12,11.0100,29,2
2026-06-08,000001,14:12:15,11.0100,187,2
2026-06-08,000001,14:12:18,11.0200,6,1
2026-06-08,000001,14:12:21,11.0100,51,2
2026-06-08,000001,14:12:24,11.0100,125,2
2026-06-08,000001,14:12:27,11.0100,88,2
2026-06-08,000001,14:12:30,11.0200,66,1
2026-06-08,000001,14:12:33,11.0200,88,1
2026-06-08,000001,14:12:36,11.0200,56,1
2026-06-08,000001,14:12:39,11.0100,1,2
2026-06-08,000001,14:12:42,11.0200,94,1
2026-06-08,000001,14:12:45,11.0100,518,2
2026-06-08,000001,14:12:48,11.0100,34,2
2026-06-08,000001,14:12:51,11.0100,331,2
2026-06-08,000001,14:12:54,11.0100,39,2
2026-06-08,000001,14:12:57,11.0100,157,2
2026-06-08,000001,14:13:00,11.0100,41,2
2026-06-08,000001,14:13:03,11.0100,97,2
2026-06-08,000001,14:13:06,11.0200,96,1
2026-06-08,000001,14:13:09,11.0200,64,1
2026-06-08,000001,14:13:12,11.0100,54,2
2026-06-08,000001,14:13:15,11.0100,70,2
2026-06-08,000001,14:13:18,11.0200,21,1
2026-06-08,000001,14:13:21,11.0100,75,2
2026-06-08,000001,14:13:24,11.0100,10,2
2026-06-08,000001,14:13:27,11.0200,44,1
2026-06-08,000001,14:13:30,11.0200,48,1
2026-06-08,000001,14:13:33,11.0100,48,2
2026-06-08,000001,14:13:36,11.0100,210,2
2026-06-08,000001,14:13:39,11.0200,72,1
2026-06-08,000001,14:13:42,11.0200,46,1
2026-06-08,000001,14:13:45,11.0100,35,2
2026-06-08,000001,14:13:48,11.0100,201,2
2026-06-08,000001,14:13:51,11.0100,62,2
2026-06-08,000001,14:13:54,11.0100,42,2
2026-06-08,000001,14:13:57,11.0200,383,1
2026-06-08,000001,14:14:00,11.0200,108,1
2026-06-08,000001,14:14:03,11.0100,20,2
2026-06-08,000001,14:14:06,11.0100,4474,2
2026-06-08,000001,14:14:09,11.0100,431,1
2026-06-08,000001,14:14:12,11.0100,836,1
2026-06-08,000001,14:14:15,11.0000,30,2
2026-06-08,000001,14:14:18,11.0100,16,1
2026-06-08,000001,14:14:21,11.0000,83,2
2026-06-08,000001,14:14:24,11.0100,38,1
2026-06-08,000001,14:14:27,11.0200,748,1
2026-06-08,000001,14:14:30,11.0200,93,1
2026-06-08,000001,14:14:33,11.0100,1106,2
2026-06-08,000001,14:14:36,11.0100,223,2
2026-06-08,000001,14:14:39,11.0100,33,1
2026-06-08,000001,14:14:42,11.0100,37,1
2026-06-08,000001,14:14:45,11.0100,56,1
2026-06-08,000001,14:14:48,11.0000,166,2
2026-06-08,000001,14:14:51,11.0000,42,2
2026-06-08,000001,14:14:54,11.0100,757,1
2026-06-08,000001,14:14:57,11.0100,765,1
2026-06-08,000001,14:15:00,11.0100,90,2
2026-06-08,000001,14:15:03,11.0100,28,1
2026-06-08,000001,14:15:06,11.0000,107,2
2026-06-08,000001,14:15:09,11.0000,23,2
2026-06-08,000001,14:15:12,11.0000,33,2
2026-06-08,000001,14:15:15,11.0000,303,2
2026-06-08,000001,14:15:18,11.0100,51,1
2026-06-08,000001,14:15:21,11.0000,33,2
2026-06-08,000001,14:15:24,11.0100,5,1
2026-06-08,000001,14:15:27,11.0000,45,2
2026-06-08,000001,14:15:30,11.0100,34,1
2026-06-08,000001,14:15:33,11.0000,27,2
2026-06-08,000001,14:15:36,11.0100,88,1
2026-06-08,000001,14:15:39,11.0100,35,1
2026-06-08,000001,14:15:42,11.0100,54,1
2026-06-08,000001,14:15:45,11.0100,42,1
2026-06-08,000001,14:15:48,11.0100,21,1
2026-06-08,000001,14:15:51,11.0000,79,2
2026-06-08,000001,14:15:54,11.0100,151,1
2026-06-08,000001,14:15:57,11.0100,131,1
2026-06-08,000001,14:16:00,11.0000,32,2
2026-06-08,000001,14:16:03,11.0100,16,1
2026-06-08,000001,14:16:06,11.0100,594,1
2026-06-08,000001,14:16:09,11.0100,125,1
2026-06-08,000001,14:16:12,11.0100,215,1
2026-06-08,000001,14:16:15,11.0000,71,2
2026-06-08,000001,14:16:18,11.0100,104,1
2026-06-08,000001,14:16:21,11.0100,159,1
2026-06-08,000001,14:16:27,11.0100,68,1
2026-06-08,000001,14:16:30,11.0100,107,1
2026-06-08,000001,14:16:33,11.0000,441,2
2026-06-08,000001,14:16:36,11.0100,825,1
2026-06-08,000001,14:16:39,11.0000,424,2
2026-06-08,000001,14:16:42,11.0100,345,1
2026-06-08,000001,14:16:45,11.0100,518,1
2026-06-08,000001,14:16:48,11.0100,70,1
2026-06-08,000001,14:16:51,11.0000,100,2
2026-06-08,000001,14:16:54,11.0100,454,1
2026-06-08,000001,14:16:57,11.0100,121,1
2026-06-08,000001,14:17:00,11.0100,173,1
2026-06-08,000001,14:17:03,11.0100,101,1
2026-06-08,000001,14:17:06,11.0100,101,2
2026-06-08,000001,14:17:09,11.0100,71,2
2026-06-08,000001,14:17:12,11.0200,347,1
2026-06-08,000001,14:17:15,11.0100,67,2
2026-06-08,000001,14:17:18,11.0200,16,1
2026-06-08,000001,14:17:21,11.0100,41,2
2026-06-08,000001,14:17:24,11.0100,9,2
2026-06-08,000001,14:17:27,11.0100,29,2
2026-06-08,000001,14:17:30,11.0100,162,2
2026-06-08,000001,14:17:33,11.0200,31,1
2026-06-08,000001,14:17:36,11.0100,72,2
2026-06-08,000001,14:17:39,11.0200,62,1
2026-06-08,000001,14:17:42,11.0100,81,2
2026-06-08,000001,14:17:45,11.0100,69,2
2026-06-08,000001,14:17:48,11.0200,12,1
2026-06-08,000001,14:17:51,11.0200,71,1
2026-06-08,000001,14:17:54,11.0100,18,2
2026-06-08,000001,14:17:57,11.0100,115,2
2026-06-08,000001,14:18:00,11.0200,61,1
2026-06-08,000001,14:18:03,11.0200,21,1
2026-06-08,000001,14:18:06,11.0100,35,2
2026-06-08,000001,14:18:09,11.0100,59,2
2026-06-08,000001,14:18:12,11.0100,288,2
2026-06-08,000001,14:18:15,11.0100,59,2
2026-06-08,000001,14:18:18,11.0200,56,1
2026-06-08,000001,14:18:21,11.0200,60,1
2026-06-08,000001,14:18:24,11.0100,108,2
2026-06-08,000001,14:18:27,11.0200,87,1
2026-06-08,000001,14:18:30,11.0200,69,1
2026-06-08,000001,14:18:33,11.0200,17,1
2026-06-08,000001,14:18:36,11.0200,76,1
2026-06-08,000001,14:18:39,11.0200,258,1
2026-06-08,000001,14:18:42,11.0100,70,2
2026-06-08,000001,14:18:45,11.0200,56,1
2026-06-08,000001,14:18:48,11.0200,12,1
2026-06-08,000001,14:18:51,11.0200,49,1
2026-06-08,000001,14:18:54,11.0100,15,2
2026-06-08,000001,14:18:57,11.0200,29,1
2026-06-08,000001,14:19:00,11.0200,36,1
2026-06-08,000001,14:19:03,11.0100,15,2
2026-06-08,000001,14:19:06,11.0200,31,1
2026-06-08,000001,14:19:09,11.0200,23,1
2026-06-08,000001,14:19:12,11.0200,57,1
2026-06-08,000001,14:19:15,11.0100,34,2
2026-06-08,000001,14:19:18,11.0200,83,1
2026-06-08,000001,14:19:21,11.0100,117,2
2026-06-08,000001,14:19:24,11.0200,63,1
2026-06-08,000001,14:19:27,11.0100,72,2
2026-06-08,000001,14:19:30,11.0200,52,1
2026-06-08,000001,14:19:33,11.0100,28,2
2026-06-08,000001,14:19:36,11.0100,33,2
2026-06-08,000001,14:19:39,11.0200,46,1
2026-06-08,000001,14:19:42,11.0100,58,2
2026-06-08,000001,14:19:45,11.0200,89,1
2026-06-08,000001,14:19:48,11.0100,51,2
2026-06-08,000001,14:19:51,11.0200,110,1
2026-06-08,000001,14:19:54,11.0200,52,1
2026-06-08,000001,14:19:57,11.0200,53,1
2026-06-08,000001,14:20:00,11.0200,134,1
2026-06-08,000001,14:20:03,11.0100,1029,2
2026-06-08,000001,14:20:06,11.0200,271,1
2026-06-08,000001,14:20:09,11.0200,92,1
2026-06-08,000001,14:20:12,11.0200,74,1
2026-06-08,000001,14:20:15,11.0200,66,1
2026-06-08,000001,14:20:18,11.0200,39,1
2026-06-08,000001,14:20:21,11.0200,904,1
2026-06-08,000001,14:20:24,11.0100,104,2
2026-06-08,000001,14:20:27,11.0200,148,1
2026-06-08,000001,14:20:30,11.0200,110,1
2026-06-08,000001,14:20:33,11.0200,13,1
2026-06-08,000001,14:20:36,11.0200,61,1
2026-06-08,000001,14:20:39,11.0100,76,2
2026-06-08,000001,14:20:42,11.0200,49,1
2026-06-08,000001,14:20:45,11.0100,30,2
2026-06-08,000001,14:20:48,11.0100,31,2
2026-06-08,000001,14:20:51,11.0200,299,1
2026-06-08,000001,14:20:54,11.0100,308,2
2026-06-08,000001,14:20:57,11.0200,119,1
2026-06-08,000001,14:21:00,11.0200,70,1
2026-06-08,000001,14:21:03,11.0200,52,1
2026-06-08,000001,14:21:06,11.0200,57,1
2026-06-08,000001,14:21:09,11.0200,118,1
2026-06-08,000001,14:21:12,11.0200,95,1
2026-06-08,000001,14:21:15,11.0200,71,1
2026-06-08,000001,14:21:18,11.0200,137,1
2026-06-08,000001,14:21:21,11.0200,136,1
2026-06-08,000001,14:21:24,11.0200,1449,1
2026-06-08,000001,14:21:27,11.0100,245,2
2026-06-08,000001,14:21:30,11.0200,160,1
2026-06-08,000001,14:21:33,11.0100,36,2
2026-06-08,000001,14:21:36,11.0100,58,2
2026-06-08,000001,14:21:39,11.0200,62,1
2026-06-08,000001,14:21:42,11.0200,58,1
2026-06-08,000001,14:21:45,11.0100,1355,2
2026-06-08,000001,14:21:48,11.0100,3330,2
2026-06-08,000001,14:21:51,11.0100,500,1
2026-06-08,000001,14:21:54,11.0000,163,2
2026-06-08,000001,14:21:57,11.0000,60,2
2026-06-08,000001,14:22:00,11.0100,60,1
2026-06-08,000001,14:22:03,11.0000,25,2
2026-06-08,000001,14:22:06,11.0000,95,2
2026-06-08,000001,14:22:09,11.0100,82,1
2026-06-08,000001,14:22:12,11.0000,60,2
2026-06-08,000001,14:22:15,11.0000,47,2
2026-06-08,000001,14:22:18,11.0000,72,2
2026-06-08,000001,14:22:21,11.0100,72,1
2026-06-08,000001,14:22:24,11.0000,65,2
2026-06-08,000001,14:22:27,11.0100,36,1
2026-06-08,000001,14:22:30,11.0000,52,2
2026-06-08,000001,14:22:33,11.0100,741,1
2026-06-08,000001,14:22:36,11.0100,205,1
2026-06-08,000001,14:22:39,11.0100,206,2
2026-06-08,000001,14:22:42,11.0000,587,2
2026-06-08,000001,14:22:45,11.0100,124,1
2026-06-08,000001,14:22:48,11.0100,14,1
2026-06-08,000001,14:22:51,11.0100,107,1
2026-06-08,000001,14:22:54,11.0100,41,1
2026-06-08,000001,14:22:57,11.0100,109,1
2026-06-08,000001,14:23:00,11.0100,102,1
2026-06-08,000001,14:23:03,11.0100,310,1
2026-06-08,000001,14:23:06,11.0100,212,1
2026-06-08,000001,14:23:09,11.0100,524,1
2026-06-08,000001,14:23:12,11.0100,254,1
2026-06-08,000001,14:23:15,11.0100,313,1
2026-06-08,000001,14:23:18,11.0100,35,1
2026-06-08,000001,14:23:21,11.0100,105,1
2026-06-08,000001,14:23:24,11.0100,21,1
2026-06-08,000001,14:23:27,11.0000,53,2
2026-06-08,000001,14:23:30,11.0100,252,1
2026-06-08,000001,14:23:33,11.0100,62,1
2026-06-08,000001,14:23:36,11.0100,100,1
2026-06-08,000001,14:23:39,11.0100,111,1
2026-06-08,000001,14:23:42,11.0000,146,2
2026-06-08,000001,14:23:45,11.0100,801,1
2026-06-08,000001,14:23:48,11.0100,103,1
2026-06-08,000001,14:23:51,11.0000,78,2
2026-06-08,000001,14:23:54,11.0100,206,1
2026-06-08,000001,14:23:57,11.0000,198,2
2026-06-08,000001,14:24:00,11.0100,155,1
2026-06-08,000001,14:24:03,11.0000,67,2
2026-06-08,000001,14:24:06,11.0000,37,2
2026-06-08,000001,14:24:09,11.0100,21,1
2026-06-08,000001,14:24:12,11.0000,146,2
2026-06-08,000001,14:24:15,11.0000,299,2
2026-06-08,000001,14:24:18,11.0000,36,2
2026-06-08,000001,14:24:21,11.0000,121,2
2026-06-08,000001,14:24:24,11.0100,243,1
2026-06-08,000001,14:24:27,11.0100,86,1
2026-06-08,000001,14:24:30,11.0100,167,1
2026-06-08,000001,14:24:33,11.0100,27,1
2026-06-08,000001,14:24:36,11.0100,36,1
2026-06-08,000001,14:24:39,11.0100,38,1
2026-06-08,000001,14:24:42,11.0100,49,1
2026-06-08,000001,14:24:45,11.0100,131,1
2026-06-08,000001,14:24:48,11.0100,47,1
2026-06-08,000001,14:24:51,11.0100,1778,1
2026-06-08,000001,14:24:54,11.0000,171,2
2026-06-08,000001,14:24:57,11.0000,58,2
2026-06-08,000001,14:25:00,11.0100,50,1
2026-06-08,000001,14:25:03,11.0100,56,1
2026-06-08,000001,14:25:06,11.0000,69,2
2026-06-08,000001,14:25:09,11.0100,68,1
2026-06-08,000001,14:25:12,11.0000,83,2
2026-06-08,000001,14:25:15,11.0000,550,2
2026-06-08,000001,14:25:18,11.0100,146,1
2026-06-08,000001,14:25:21,10.9900,3160,2
2026-06-08,000001,14:25:24,11.0000,352,1
2026-06-08,000001,14:25:27,11.0000,356,1
2026-06-08,000001,14:25:30,10.9900,643,2
2026-06-08,000001,14:25:33,11.0000,68,1
2026-06-08,000001,14:25:36,10.9900,29,2
2026-06-08,000001,14:25:39,11.0000,210,1
2026-06-08,000001,14:25:42,11.0000,218,1
2026-06-08,000001,14:25:45,11.0000,168,1
2026-06-08,000001,14:25:48,11.0000,173,2
2026-06-08,000001,14:25:51,11.0000,102,1
2026-06-08,000001,14:25:54,11.0000,658,1
2026-06-08,000001,14:25:57,10.9900,90,2
2026-06-08,000001,14:26:00,10.9900,46,2
2026-06-08,000001,14:26:03,11.0000,523,1
2026-06-08,000001,14:26:06,11.0000,1489,1
2026-06-08,000001,14:26:09,11.0100,351,1
2026-06-08,000001,14:26:12,11.0000,100,2
2026-06-08,000001,14:26:15,11.0000,537,2
2026-06-08,000001,14:26:18,11.0000,60,1
2026-06-08,000001,14:26:21,11.0000,62,1
2026-06-08,000001,14:26:24,10.9900,176,2
2026-06-08,000001,14:26:27,11.0100,95,1
2026-06-08,000001,14:26:30,11.0000,70,2
2026-06-08,000001,14:26:33,11.0000,37,2
2026-06-08,000001,14:26:36,11.0100,390,1
2026-06-08,000001,14:26:39,11.0000,123,2
2026-06-08,000001,14:26:42,11.0000,311,2
2026-06-08,000001,14:26:45,10.9900,60,2
2026-06-08,000001,14:26:48,10.9900,8,2
2026-06-08,000001,14:26:51,11.0000,46,1
2026-06-08,000001,14:26:54,10.9900,48,2
2026-06-08,000001,14:26:57,11.0000,134,1
2026-06-08,000001,14:27:00,11.0100,60,1
2026-06-08,000001,14:27:03,11.0100,35,1
2026-06-08,000001,14:27:06,11.0000,961,2
2026-06-08,000001,14:27:09,11.0000,135,1
2026-06-08,000001,14:27:12,10.9900,42,2
2026-06-08,000001,14:27:15,11.0000,312,1
2026-06-08,000001,14:27:18,11.0000,134,1
2026-06-08,000001,14:27:21,11.0000,73,1
2026-06-08,000001,14:27:24,10.9900,25,2
2026-06-08,000001,14:27:27,11.0000,253,1
2026-06-08,000001,14:27:30,11.0000,68,1
2026-06-08,000001,14:27:33,11.0000,147,1
2026-06-08,000001,14:27:36,11.0000,76,1
2026-06-08,000001,14:27:39,11.0000,24,1
2026-06-08,000001,14:27:42,11.0000,279,1
2026-06-08,000001,14:27:45,10.9900,88,2
2026-06-08,000001,14:27:48,11.0000,50,2
2026-06-08,000001,14:27:51,11.0000,42,1
2026-06-08,000001,14:27:54,11.0000,33,1
2026-06-08,000001,14:27:57,10.9900,38,2
2026-06-08,000001,14:28:00,11.0000,90,1
2026-06-08,000001,14:28:03,11.0000,220,2
2026-06-08,000001,14:28:06,11.0000,777,2
2026-06-08,000001,14:28:09,11.0100,191,1
2026-06-08,000001,14:28:12,11.0000,160,2
2026-06-08,000001,14:28:15,11.0000,733,2
2026-06-08,000001,14:28:18,11.0000,97,2
2026-06-08,000001,14:28:21,11.0000,54,2
2026-06-08,000001,14:28:24,11.0100,14,1
2026-06-08,000001,14:28:27,11.0000,175,2
2026-06-08,000001,14:28:30,11.0000,301,2
2026-06-08,000001,14:28:33,11.0100,77,1
2026-06-08,000001,14:28:36,11.0000,33,2
2026-06-08,000001,14:28:39,11.0000,33,2
2026-06-08,000001,14:28:42,11.0100,78,1
2026-06-08,000001,14:28:45,11.0000,67,2
2026-06-08,000001,14:28:48,11.0100,46,1
2026-06-08,000001,14:28:51,11.0000,239,2
2026-06-08,000001,14:28:54,11.0000,63,2
2026-06-08,000001,14:28:57,11.0100,264,1
2026-06-08,000001,14:29:00,11.0000,364,2
2026-06-08,000001,14:29:03,11.0000,131,2
2026-06-08,000001,14:29:06,11.0100,89,1
2026-06-08,000001,14:29:09,11.0000,8,2
2026-06-08,000001,14:29:12,11.0100,147,1
2026-06-08,000001,14:29:15,11.0100,1137,1
2026-06-08,000001,14:29:18,11.0100,2077,2
2026-06-08,000001,14:29:21,11.0100,308,2
2026-06-08,000001,14:29:24,11.0200,165,1
2026-06-08,000001,14:29:27,11.0100,61,2
2026-06-08,000001,14:29:30,11.0000,60,2
2026-06-08,000001,14:29:33,11.0100,174,1
2026-06-08,000001,14:29:36,11.0100,66,2
2026-06-08,000001,14:29:39,11.0100,97,1
2026-06-08,000001,14:29:42,11.0200,93,1
2026-06-08,000001,14:29:45,11.0000,89,2
2026-06-08,000001,14:29:48,11.0100,24,1
2026-06-08,000001,14:29:51,11.0000,33,2
2026-06-08,000001,14:29:54,11.0100,48,1
2026-06-08,000001,14:29:57,11.0000,28,2
2026-06-08,000001,14:30:00,11.0100,47,1
2026-06-08,000001,14:30:03,11.0100,207,1
2026-06-08,000001,14:30:06,11.0200,45,1
2026-06-08,000001,14:30:09,11.0100,1651,2
2026-06-08,000001,14:30:12,11.0100,1510,1
2026-06-08,000001,14:30:15,11.0000,328,2
2026-06-08,000001,14:30:18,11.0100,765,1
2026-06-08,000001,14:30:21,11.0200,235,1
2026-06-08,000001,14:30:24,11.0100,135,2
2026-06-08,000001,14:30:27,11.0100,57,2
2026-06-08,000001,14:30:30,11.0100,229,2
2026-06-08,000001,14:30:33,11.0100,97,1
2026-06-08,000001,14:30:36,11.0100,7,2
2026-06-08,000001,14:30:39,11.0100,175,2
2026-06-08,000001,14:30:42,11.0100,95,2
2026-06-08,000001,14:30:45,11.0200,59,1
2026-06-08,000001,14:30:48,11.0200,81,1
2026-06-08,000001,14:30:51,11.0200,57,1
2026-06-08,000001,14:30:54,11.0200,60,1
2026-06-08,000001,14:30:57,11.0200,7,1
2026-06-08,000001,14:31:00,11.0200,236,1
2026-06-08,000001,14:31:03,11.0200,209,1
2026-06-08,000001,14:31:06,11.0200,294,1
2026-06-08,000001,14:31:09,11.0200,108,1
2026-06-08,000001,14:31:12,11.0200,5,1
2026-06-08,000001,14:31:15,11.0100,239,2
2026-06-08,000001,14:31:18,11.0200,135,1
2026-06-08,000001,14:31:21,11.0100,229,2
2026-06-08,000001,14:31:24,11.0200,31,1
2026-06-08,000001,14:31:27,11.0100,309,2
2026-06-08,000001,14:31:30,11.0200,56,1
2026-06-08,000001,14:31:33,11.0100,35,2
2026-06-08,000001,14:31:36,11.0100,5,2
2026-06-08,000001,14:31:39,11.0200,366,1
2026-06-08,000001,14:31:42,11.0200,70,1
2026-06-08,000001,14:31:45,11.0200,14,1
2026-06-08,000001,14:31:48,11.0100,167,2
2026-06-08,000001,14:31:51,11.0200,109,1
2026-06-08,000001,14:31:54,11.0200,391,1
2026-06-08,000001,14:31:57,11.0100,193,2
2026-06-08,000001,14:32:00,11.0200,95,1
2026-06-08,000001,14:32:03,11.0200,18,1
2026-06-08,000001,14:32:06,11.0200,63,1
2026-06-08,000001,14:32:09,11.0200,218,1
2026-06-08,000001,14:32:12,11.0200,24,1
2026-06-08,000001,14:32:15,11.0200,1,1
2026-06-08,000001,14:32:18,11.0200,462,1
2026-06-08,000001,14:32:21,11.0100,30,2
2026-06-08,000001,14:32:24,11.0200,1,1
2026-06-08,000001,14:32:30,11.0100,5422,2
2026-06-08,000001,14:32:33,11.0100,660,2
2026-06-08,000001,14:32:36,11.0200,115,1
2026-06-08,000001,14:32:39,11.0100,68,2
2026-06-08,000001,14:32:42,11.0100,210,2
2026-06-08,000001,14:32:45,11.0100,32,2
2026-06-08,000001,14:32:51,11.0200,10,1
2026-06-08,000001,14:32:54,11.0200,49,1
2026-06-08,000001,14:33:00,11.0200,6,1
2026-06-08,000001,14:33:03,11.0200,233,1
2026-06-08,000001,14:33:06,11.0200,30,1
2026-06-08,000001,14:33:09,11.0200,86,1
2026-06-08,000001,14:33:12,11.0200,529,1
2026-06-08,000001,14:33:15,11.0100,37,2
2026-06-08,000001,14:33:18,11.0200,501,1
2026-06-08,000001,14:33:21,11.0100,15,2
2026-06-08,000001,14:33:24,11.0200,174,1
2026-06-08,000001,14:33:27,11.0200,4,1
2026-06-08,000001,14:33:30,11.0200,201,1
2026-06-08,000001,14:33:33,11.0200,102,1
2026-06-08,000001,14:33:36,11.0200,40,1
2026-06-08,000001,14:33:39,11.0200,80,1
2026-06-08,000001,14:33:42,11.0100,197,2
2026-06-08,000001,14:33:45,11.0200,238,1
2026-06-08,000001,14:33:48,11.0200,7,1
2026-06-08,000001,14:33:51,11.0200,28,1
2026-06-08,000001,14:33:54,11.0100,1,2
2026-06-08,000001,14:33:57,11.0200,12,1
2026-06-08,000001,14:34:00,11.0100,231,2
2026-06-08,000001,14:34:03,11.0100,168,2
2026-06-08,000001,14:34:06,11.0200,230,1
2026-06-08,000001,14:34:09,11.0200,25,1
2026-06-08,000001,14:34:12,11.0200,32,1
2026-06-08,000001,14:34:15,11.0200,241,1
2026-06-08,000001,14:34:18,11.0200,255,1
2026-06-08,000001,14:34:24,11.0200,37,1
2026-06-08,000001,14:34:27,11.0200,17,1
2026-06-08,000001,14:34:30,11.0100,2,2
2026-06-08,000001,14:34:33,11.0200,108,1
2026-06-08,000001,14:34:36,11.0200,354,1
2026-06-08,000001,14:34:39,11.0300,1523,1
2026-06-08,000001,14:34:42,11.0200,20,2
2026-06-08,000001,14:34:45,11.0300,246,1
2026-06-08,000001,14:34:48,11.0300,29,1
2026-06-08,000001,14:34:51,11.0300,119,1
2026-06-08,000001,14:34:54,11.0200,70,2
2026-06-08,000001,14:34:57,11.0300,239,1
2026-06-08,000001,14:35:00,11.0300,18,1
2026-06-08,000001,14:35:03,11.0300,29,1
2026-06-08,000001,14:35:06,11.0300,13,1
2026-06-08,000001,14:35:09,11.0300,295,1
2026-06-08,000001,14:35:12,11.0200,10,2
2026-06-08,000001,14:35:15,11.0300,99,1
2026-06-08,000001,14:35:18,11.0300,272,1
2026-06-08,000001,14:35:21,11.0300,322,1
2026-06-08,000001,14:35:24,11.0200,166,2
2026-06-08,000001,14:35:27,11.0300,216,1
2026-06-08,000001,14:35:30,11.0300,93,1
2026-06-08,000001,14:35:33,11.0300,82,1
2026-06-08,000001,14:35:36,11.0200,8,2
2026-06-08,000001,14:35:39,11.0300,62,1
2026-06-08,000001,14:35:42,11.0300,314,1
2026-06-08,000001,14:35:45,11.0300,252,1
2026-06-08,000001,14:35:48,11.0300,201,1
2026-06-08,000001,14:35:51,11.0200,28,2
2026-06-08,000001,14:35:54,11.0300,83,1
2026-06-08,000001,14:35:57,11.0300,38,1
2026-06-08,000001,14:36:00,11.0200,33,2
2026-06-08,000001,14:36:03,11.0300,232,1
2026-06-08,000001,14:36:06,11.0300,54,1
2026-06-08,000001,14:36:09,11.0200,282,2
2026-06-08,000001,14:36:12,11.0200,93,2
2026-06-08,000001,14:36:15,11.0200,3763,2
2026-06-08,000001,14:36:18,11.0200,662,1
2026-06-08,000001,14:36:21,11.0200,66,1
2026-06-08,000001,14:36:24,11.0200,446,1
2026-06-08,000001,14:36:27,11.0200,93,2
2026-06-08,000001,14:36:30,11.0200,319,2
2026-06-08,000001,14:36:33,11.0200,136,2
2026-06-08,000001,14:36:36,11.0300,86,1
2026-06-08,000001,14:36:39,11.0200,51,2
2026-06-08,000001,14:36:42,11.0200,1,2
2026-06-08,000001,14:36:45,11.0200,10,2
2026-06-08,000001,14:36:51,11.0200,18,2
2026-06-08,000001,14:36:54,11.0300,142,1
2026-06-08,000001,14:36:57,11.0200,26,2
2026-06-08,000001,14:37:00,11.0200,8,2
2026-06-08,000001,14:37:03,11.0300,216,1
2026-06-08,000001,14:37:06,11.0300,27,1
2026-06-08,000001,14:37:09,11.0200,18,2
2026-06-08,000001,14:37:12,11.0200,1,2
2026-06-08,000001,14:37:15,11.0300,240,1
2026-06-08,000001,14:37:18,11.0300,129,1
2026-06-08,000001,14:37:21,11.0200,126,2
2026-06-08,000001,14:37:27,11.0200,252,2
2026-06-08,000001,14:37:30,11.0200,108,2
2026-06-08,000001,14:37:33,11.0300,241,1
2026-06-08,000001,14:37:36,11.0300,4642,1
2026-06-08,000001,14:37:39,11.0300,122,1
2026-06-08,000001,14:37:42,11.0300,269,1
2026-06-08,000001,14:37:45,11.0300,242,1
2026-06-08,000001,14:37:48,11.0200,304,2
2026-06-08,000001,14:37:51,11.0200,5,2
2026-06-08,000001,14:37:54,11.0300,32,1
2026-06-08,000001,14:37:57,11.0200,38,2
2026-06-08,000001,14:38:00,11.0300,13,1
2026-06-08,000001,14:38:03,11.0300,313,1
2026-06-08,000001,14:38:06,11.0200,3,2
2026-06-08,000001,14:38:09,11.0300,35,1
2026-06-08,000001,14:38:12,11.0300,277,1
2026-06-08,000001,14:38:15,11.0300,118,1
2026-06-08,000001,14:38:18,11.0300,756,1
2026-06-08,000001,14:38:21,11.0300,39,1
2026-06-08,000001,14:38:24,11.0200,26,2
2026-06-08,000001,14:38:27,11.0300,27,1
2026-06-08,000001,14:38:30,11.0200,230,2
2026-06-08,000001,14:38:33,11.0300,65,1
2026-06-08,000001,14:38:36,11.0200,3512,2
2026-06-08,000001,14:38:39,11.0200,64,1
2026-06-08,000001,14:38:42,11.0100,250,2
2026-06-08,000001,14:38:45,11.0200,315,1
2026-06-08,000001,14:38:48,11.0100,42,2
2026-06-08,000001,14:38:51,11.0200,29,1
2026-06-08,000001,14:38:54,11.0100,284,2
2026-06-08,000001,14:38:57,11.0200,24,1
2026-06-08,000001,14:39:00,11.0200,39,1
2026-06-08,000001,14:39:03,11.0200,47,1
2026-06-08,000001,14:39:06,11.0200,43,1
2026-06-08,000001,14:39:09,11.0200,220,1
2026-06-08,000001,14:39:12,11.0200,34,1
2026-06-08,000001,14:39:15,11.0200,311,1
2026-06-08,000001,14:39:18,11.0200,1289,1
2026-06-08,000001,14:39:21,11.0200,52,1
2026-06-08,000001,14:39:24,11.0200,246,1
2026-06-08,000001,14:39:27,11.0200,272,1
2026-06-08,000001,14:39:30,11.0100,128,2
2026-06-08,000001,14:39:33,11.0200,146,1
2026-06-08,000001,14:39:36,11.0200,83,2
2026-06-08,000001,14:39:39,11.0200,374,2
2026-06-08,000001,14:39:42,11.0200,219,2
2026-06-08,000001,14:39:45,11.0200,313,2
2026-06-08,000001,14:39:48,11.0300,211,1
2026-06-08,000001,14:39:51,11.0200,69,2
2026-06-08,000001,14:39:54,11.0200,177,4
2026-06-08,000001,14:39:57,11.0200,47,2
2026-06-08,000001,14:40:00,11.0300,30,1
2026-06-08,000001,14:40:03,11.0200,31,2
2026-06-08,000001,14:40:06,11.0200,126,2
2026-06-08,000001,14:40:09,11.0200,16,2
2026-06-08,000001,14:40:12,11.0300,28,1
2026-06-08,000001,14:40:15,11.0200,20,2
2026-06-08,000001,14:40:18,11.0200,1025,2
2026-06-08,000001,14:40:21,11.0200,155,2
2026-06-08,000001,14:40:24,11.0200,90,2
2026-06-08,000001,14:40:27,11.0200,55,2
2026-06-08,000001,14:40:30,11.0200,83,2
2026-06-08,000001,14:40:33,11.0300,167,1
2026-06-08,000001,14:40:36,11.0200,470,2
2026-06-08,000001,14:40:39,11.0200,33,1
2026-06-08,000001,14:40:42,11.0100,15,2
2026-06-08,000001,14:40:45,11.0200,231,1
2026-06-08,000001,14:40:48,11.0100,50,2
2026-06-08,000001,14:40:51,11.0200,16,4
2026-06-08,000001,14:40:54,11.0200,53,2
2026-06-08,000001,14:40:57,11.0200,117,2
2026-06-08,000001,14:41:00,11.0200,6,2
2026-06-08,000001,14:41:03,11.0200,188,2
2026-06-08,000001,14:41:06,11.0200,36,2
2026-06-08,000001,14:41:09,11.0200,36,2
2026-06-08,000001,14:41:12,11.0200,121,2
2026-06-08,000001,14:41:15,11.0200,1070,2
2026-06-08,000001,14:41:18,11.0200,357,2
2026-06-08,000001,14:41:21,11.0200,235,1
2026-06-08,000001,14:41:24,11.0300,15,1
2026-06-08,000001,14:41:27,11.0200,50,2
2026-06-08,000001,14:41:30,11.0200,29,2
2026-06-08,000001,14:41:33,11.0300,535,1
2026-06-08,000001,14:41:36,11.0200,45,2
2026-06-08,000001,14:41:39,11.0300,25,1
2026-06-08,000001,14:41:42,11.0300,27,1
2026-06-08,000001,14:41:45,11.0300,21,1
2026-06-08,000001,14:41:48,11.0200,181,2
2026-06-08,000001,14:41:51,11.0200,19,2
2026-06-08,000001,14:41:54,11.0200,77,2
2026-06-08,000001,14:41:57,11.0300,215,1
2026-06-08,000001,14:42:00,11.0300,52,1
2026-06-08,000001,14:42:03,11.0300,2,1
2026-06-08,000001,14:42:06,11.0300,7,1
2026-06-08,000001,14:42:09,11.0300,230,1
2026-06-08,000001,14:42:12,11.0300,24,1
2026-06-08,000001,14:42:15,11.0300,535,1
2026-06-08,000001,14:42:18,11.0300,444,1
2026-06-08,000001,14:42:21,11.0300,3,1
2026-06-08,000001,14:42:24,11.0300,55,1
2026-06-08,000001,14:42:27,11.0300,10,1
2026-06-08,000001,14:42:30,11.0200,10,2
2026-06-08,000001,14:42:33,11.0300,271,1
2026-06-08,000001,14:42:36,11.0200,35,2
2026-06-08,000001,14:42:39,11.0300,214,1
2026-06-08,000001,14:42:42,11.0300,282,1
2026-06-08,000001,14:42:45,11.0300,29,1
2026-06-08,000001,14:42:48,11.0300,96,1
2026-06-08,000001,14:42:51,11.0200,6,2
2026-06-08,000001,14:42:54,11.0300,47,1
2026-06-08,000001,14:42:57,11.0300,23,1
2026-06-08,000001,14:43:00,11.0300,121,1
2026-06-08,000001,14:43:03,11.0300,1620,1
2026-06-08,000001,14:43:06,11.0400,638,1
2026-06-08,000001,14:43:09,11.0400,16,1
2026-06-08,000001,14:43:12,11.0400,236,1
2026-06-08,000001,14:43:15,11.0400,28,1
2026-06-08,000001,14:43:18,11.0400,66,1
2026-06-08,000001,14:43:21,11.0400,340,1
2026-06-08,000001,14:43:24,11.0400,13,1
2026-06-08,000001,14:43:27,11.0300,95,2
2026-06-08,000001,14:43:30,11.0400,667,1
2026-06-08,000001,14:43:33,11.0300,189,2
2026-06-08,000001,14:43:36,11.0400,37,1
2026-06-08,000001,14:43:39,11.0300,15,2
2026-06-08,000001,14:43:42,11.0400,237,1
2026-06-08,000001,14:43:45,11.0400,418,1
2026-06-08,000001,14:43:48,11.0400,39,1
2026-06-08,000001,14:43:51,11.0300,231,2
2026-06-08,000001,14:43:54,11.0400,36,1
2026-06-08,000001,14:43:57,11.0400,262,1
2026-06-08,000001,14:44:00,11.0300,184,2
2026-06-08,000001,14:44:03,11.0400,4,1
2026-06-08,000001,14:44:06,11.0300,25,2
2026-06-08,000001,14:44:09,11.0400,428,1
2026-06-08,000001,14:44:12,11.0400,302,1
2026-06-08,000001,14:44:15,11.0400,1067,1
2026-06-08,000001,14:44:18,11.0400,2030,1
2026-06-08,000001,14:44:21,11.0400,386,1
2026-06-08,000001,14:44:24,11.0500,260,1
2026-06-08,000001,14:44:27,11.0400,51,4
2026-06-08,000001,14:44:30,11.0400,54,1
2026-06-08,000001,14:44:33,11.0300,99,2
2026-06-08,000001,14:44:36,11.0300,217,2
2026-06-08,000001,14:44:39,11.0400,294,1
2026-06-08,000001,14:44:42,11.0400,243,1
2026-06-08,000001,14:44:45,11.0400,245,1
2026-06-08,000001,14:44:48,11.0400,51,1
2026-06-08,000001,14:44:51,11.0400,30,1
2026-06-08,000001,14:44:54,11.0300,1,2
2026-06-08,000001,14:44:57,11.0400,368,1
2026-06-08,000001,14:45:00,11.0400,41,1
2026-06-08,000001,14:45:03,11.0500,658,1
2026-06-08,000001,14:45:06,11.0400,478,2
2026-06-08,000001,14:45:09,11.0500,818,1
2026-06-08,000001,14:45:12,11.0400,77,2
2026-06-08,000001,14:45:15,11.0400,22,2
2026-06-08,000001,14:45:18,11.0400,276,2
2026-06-08,000001,14:45:21,11.0500,180,1
2026-06-08,000001,14:45:24,11.0500,151,1
2026-06-08,000001,14:45:27,11.0400,82,2
2026-06-08,000001,14:45:30,11.0500,182,1
2026-06-08,000001,14:45:33,11.0500,133,1
2026-06-08,000001,14:45:36,11.0500,114,1
2026-06-08,000001,14:45:39,11.0500,37,1
2026-06-08,000001,14:45:42,11.0500,317,1
2026-06-08,000001,14:45:45,11.0500,113,1
2026-06-08,000001,14:45:48,11.0500,245,1
2026-06-08,000001,14:45:51,11.0400,1838,2
2026-06-08,000001,14:45:54,11.0500,47,1
2026-06-08,000001,14:45:57,11.0500,101,1
2026-06-08,000001,14:46:00,11.0400,5,2
2026-06-08,000001,14:46:03,11.0400,3545,2
2026-06-08,000001,14:46:06,11.0400,678,4
2026-06-08,000001,14:46:09,11.0400,522,1
2026-06-08,000001,14:46:12,11.0400,305,1
2026-06-08,000001,14:46:15,11.0400,80,1
2026-06-08,000001,14:46:18,11.0400,166,2
2026-06-08,000001,14:46:21,11.0400,356,1
2026-06-08,000001,14:46:24,11.0400,75,1
2026-06-08,000001,14:46:27,11.0400,54,1
2026-06-08,000001,14:46:30,11.0400,332,1
2026-06-08,000001,14:46:33,11.0400,126,1
2026-06-08,000001,14:46:36,11.0400,98,1
2026-06-08,000001,14:46:39,11.0400,35,1
2026-06-08,000001,14:46:42,11.0400,1132,1
2026-06-08,000001,14:46:45,11.0400,82,1
2026-06-08,000001,14:46:48,11.0400,283,1
2026-06-08,000001,14:46:51,11.0400,305,1
2026-06-08,000001,14:46:54,11.0400,142,1
2026-06-08,000001,14:46:57,11.0400,110,2
2026-06-08,000001,14:47:00,11.0400,209,1
2026-06-08,000001,14:47:03,11.0400,221,2
2026-06-08,000001,14:47:06,11.0400,237,2
2026-06-08,000001,14:47:09,11.0400,11,1
2026-06-08,000001,14:47:12,11.0300,62,2
2026-06-08,000001,14:47:15,11.0400,5,1
2026-06-08,000001,14:47:18,11.0300,145,2
2026-06-08,000001,14:47:21,11.0400,275,1
2026-06-08,000001,14:47:24,11.0300,6,2
2026-06-08,000001,14:47:27,11.0400,20,1
2026-06-08,000001,14:47:30,11.0400,20,1
2026-06-08,000001,14:47:33,11.0300,127,2
2026-06-08,000001,14:47:36,11.0300,237,2
2026-06-08,000001,14:47:39,11.0300,36,2
2026-06-08,000001,14:47:42,11.0400,226,1
2026-06-08,000001,14:47:45,11.0300,11,2
2026-06-08,000001,14:47:48,11.0300,2,2
2026-06-08,000001,14:47:51,11.0400,10,1
2026-06-08,000001,14:47:54,11.0400,4,1
2026-06-08,000001,14:47:57,11.0400,295,1
2026-06-08,000001,14:48:00,11.0400,215,1
2026-06-08,000001,14:48:03,11.0300,358,2
2026-06-08,000001,14:48:06,11.0400,24,1
2026-06-08,000001,14:48:09,11.0400,102,1
2026-06-08,000001,14:48:12,11.0400,37,1
2026-06-08,000001,14:48:15,11.0300,233,2
2026-06-08,000001,14:48:18,11.0300,429,2
2026-06-08,000001,14:48:21,11.0300,163,2
2026-06-08,000001,14:48:24,11.0300,6333,2
2026-06-08,000001,14:48:27,11.0300,717,1
2026-06-08,000001,14:48:30,11.0300,65,1
2026-06-08,000001,14:48:33,11.0300,48,1
2026-06-08,000001,14:48:36,11.0300,64,1
2026-06-08,000001,14:48:39,11.0300,306,1
2026-06-08,000001,14:48:42,11.0300,68,1
2026-06-08,000001,14:48:45,11.0300,46,1
2026-06-08,000001,14:48:48,11.0300,63,1
2026-06-08,000001,14:48:51,11.0300,252,1
2026-06-08,000001,14:48:54,11.0300,14,1
2026-06-08,000001,14:48:57,11.0300,67,1
2026-06-08,000001,14:49:00,11.0300,121,1
2026-06-08,000001,14:49:03,11.0300,194,1
2026-06-08,000001,14:49:06,11.0200,4703,2
2026-06-08,000001,14:49:09,11.0300,653,1
2026-06-08,000001,14:49:12,11.0300,108,1
2026-06-08,000001,14:49:15,11.0300,307,1
2026-06-08,000001,14:49:18,11.0200,135,2
2026-06-08,000001,14:49:21,11.0300,16,1
2026-06-08,000001,14:49:24,11.0300,50,1
2026-06-08,000001,14:49:27,11.0200,353,2
2026-06-08,000001,14:49:30,11.0200,176,2
2026-06-08,000001,14:49:33,11.0300,1799,1
2026-06-08,000001,14:49:36,11.0200,218,2
2026-06-08,000001,14:49:39,11.0300,440,1
2026-06-08,000001,14:49:42,11.0300,71,1
2026-06-08,000001,14:49:45,11.0300,140,1
2026-06-08,000001,14:49:48,11.0300,6,1
2026-06-08,000001,14:49:51,11.0300,32,1
2026-06-08,000001,14:49:54,11.0300,14,1
2026-06-08,000001,14:49:57,11.0300,62,1
2026-06-08,000001,14:50:00,11.0200,29,2
2026-06-08,000001,14:50:03,11.0200,646,2
2026-06-08,000001,14:50:06,11.0300,117,1
2026-06-08,000001,14:50:09,11.0300,18,1
2026-06-08,000001,14:50:12,11.0300,104,1
2026-06-08,000001,14:50:15,11.0300,82,1
2026-06-08,000001,14:50:18,11.0300,729,1
2026-06-08,000001,14:50:21,11.0300,242,1
2026-06-08,000001,14:50:24,11.0300,46,1
2026-06-08,000001,14:50:27,11.0300,13,1
2026-06-08,000001,14:50:30,11.0200,168,2
2026-06-08,000001,14:50:33,11.0200,72,2
2026-06-08,000001,14:50:36,11.0300,121,1
2026-06-08,000001,14:50:39,11.0300,18,1
2026-06-08,000001,14:50:42,11.0300,10,1
2026-06-08,000001,14:50:45,11.0300,9,1
2026-06-08,000001,14:50:48,11.0200,98,2
2026-06-08,000001,14:50:51,11.0200,114,2
2026-06-08,000001,14:50:54,11.0300,12,1
2026-06-08,000001,14:50:57,11.0200,155,2
2026-06-08,000001,14:51:00,11.0200,62,2
2026-06-08,000001,14:51:03,11.0300,80,1
2026-06-08,000001,14:51:06,11.0300,5,1
2026-06-08,000001,14:51:09,11.0300,936,1
2026-06-08,000001,14:51:12,11.0200,93,2
2026-06-08,000001,14:51:15,11.0200,3189,2
2026-06-08,000001,14:51:18,11.0200,78,2
2026-06-08,000001,14:51:21,11.0300,231,1
2026-06-08,000001,14:51:24,11.0300,135,1
2026-06-08,000001,14:51:27,11.0300,101,1
2026-06-08,000001,14:51:30,11.0200,69,2
2026-06-08,000001,14:51:33,11.0200,25,2
2026-06-08,000001,14:51:36,11.0300,13,1
2026-06-08,000001,14:51:39,11.0300,29,1
2026-06-08,000001,14:51:42,11.0300,109,1
2026-06-08,000001,14:51:45,11.0300,44,1
2026-06-08,000001,14:51:48,11.0300,1485,1
2026-06-08,000001,14:51:51,11.0300,102,1
2026-06-08,000001,14:51:54,11.0300,117,1
2026-06-08,000001,14:51:57,11.0200,9,2
2026-06-08,000001,14:52:00,11.0300,245,1
2026-06-08,000001,14:52:03,11.0300,47,1
2026-06-08,000001,14:52:06,11.0300,34,1
2026-06-08,000001,14:52:09,11.0300,18,1
2026-06-08,000001,14:52:12,11.0300,71,1
2026-06-08,000001,14:52:15,11.0300,8,1
2026-06-08,000001,14:52:18,11.0300,43,1
2026-06-08,000001,14:52:21,11.0200,3392,2
2026-06-08,000001,14:52:24,11.0200,65,2
2026-06-08,000001,14:52:27,11.0300,17,1
2026-06-08,000001,14:52:30,11.0200,36,2
2026-06-08,000001,14:52:33,11.0200,103,2
2026-06-08,000001,14:52:36,11.0300,111,1
2026-06-08,000001,14:52:39,11.0300,3,1
2026-06-08,000001,14:52:42,11.0300,45,1
2026-06-08,000001,14:52:45,11.0200,30,2
2026-06-08,000001,14:52:48,11.0200,332,2
2026-06-08,000001,14:52:51,11.0200,57,2
2026-06-08,000001,14:52:54,11.0200,79,2
2026-06-08,000001,14:52:57,11.0200,391,2
2026-06-08,000001,14:53:00,11.0200,57,2
2026-06-08,000001,14:53:03,11.0200,89,2
2026-06-08,000001,14:53:06,11.0300,218,1
2026-06-08,000001,14:53:09,11.0300,26,1
2026-06-08,000001,14:53:12,11.0200,232,2
2026-06-08,000001,14:53:15,11.0200,62,2
2026-06-08,000001,14:53:18,11.0200,243,2
2026-06-08,000001,14:53:21,11.0300,160,1
2026-06-08,000001,14:53:24,11.0300,349,1
2026-06-08,000001,14:53:27,11.0300,58,1
2026-06-08,000001,14:53:30,11.0200,6,2
2026-06-08,000001,14:53:33,11.0300,60,1
2026-06-08,000001,14:53:36,11.0300,43,1
2026-06-08,000001,14:53:39,11.0300,117,1
2026-06-08,000001,14:53:42,11.0300,587,1
2026-06-08,000001,14:53:45,11.0300,430,1
2026-06-08,000001,14:53:48,11.0300,479,1
2026-06-08,000001,14:53:51,11.0300,137,1
2026-06-08,000001,14:53:54,11.0200,32,2
2026-06-08,000001,14:53:57,11.0300,104,1
2026-06-08,000001,14:54:00,11.0300,147,1
2026-06-08,000001,14:54:03,11.0300,655,1
2026-06-08,000001,14:54:06,11.0300,588,1
2026-06-08,000001,14:54:09,11.0300,260,1
2026-06-08,000001,14:54:12,11.0200,159,2
2026-06-08,000001,14:54:15,11.0300,97,1
2026-06-08,000001,14:54:18,11.0300,115,1
2026-06-08,000001,14:54:21,11.0200,19,2
2026-06-08,000001,14:54:24,11.0200,139,2
2026-06-08,000001,14:54:27,11.0200,265,2
2026-06-08,000001,14:54:30,11.0300,45,1
2026-06-08,000001,14:54:33,11.0200,110,2
2026-06-08,000001,14:54:36,11.0200,104,2
2026-06-08,000001,14:54:39,11.0300,47,1
2026-06-08,000001,14:54:42,11.0300,246,1
2026-06-08,000001,14:54:45,11.0300,84,1
2026-06-08,000001,14:54:48,11.0300,62,1
2026-06-08,000001,14:54:51,11.0300,251,1
2026-06-08,000001,14:54:54,11.0200,860,2
2026-06-08,000001,14:54:57,11.0200,81,2
2026-06-08,000001,14:55:00,11.0200,87,2
2026-06-08,000001,14:55:03,11.0200,89,2
2026-06-08,000001,14:55:06,11.0300,143,1
2026-06-08,000001,14:55:09,11.0200,116,2
2026-06-08,000001,14:55:12,11.0300,192,1
2026-06-08,000001,14:55:15,11.0300,202,1
2026-06-08,000001,14:55:18,11.0200,289,2
2026-06-08,000001,14:55:21,11.0300,135,1
2026-06-08,000001,14:55:24,11.0300,1399,1
2026-06-08,000001,14:55:27,11.0300,218,1
2026-06-08,000001,14:55:30,11.0300,95,1
2026-06-08,000001,14:55:33,11.0300,85,1
2026-06-08,000001,14:55:36,11.0300,230,1
2026-06-08,000001,14:55:39,11.0300,91,1
2026-06-08,000001,14:55:42,11.0300,40,1
2026-06-08,000001,14:55:45,11.0300,117,1
2026-06-08,000001,14:55:48,11.0300,32,1
2026-06-08,000001,14:55:51,11.0200,351,2
2026-06-08,000001,14:55:54,11.0300,141,1
2026-06-08,000001,14:55:57,11.0300,1929,1
2026-06-08,000001,14:56:00,11.0300,275,1
2026-06-08,000001,14:56:03,11.0300,367,1
2026-06-08,000001,14:56:06,11.0300,262,1
2026-06-08,000001,14:56:09,11.0400,401,1
2026-06-08,000001,14:56:12,11.0300,136,4
2026-06-08,000001,14:56:15,11.0300,397,1
2026-06-08,000001,14:56:18,11.0300,152,1
2026-06-08,000001,14:56:21,11.0200,89,2
2026-06-08,000001,14:56:24,11.0300,28,1
2026-06-08,000001,14:56:27,11.0300,36,1
2026-06-08,000001,14:56:30,11.0200,268,2
2026-06-08,000001,14:56:33,11.0300,269,1
2026-06-08,000001,14:56:36,11.0300,111,1
2026-06-08,000001,14:56:39,11.0300,80,1
2026-06-08,000001,14:56:42,11.0300,59,1
2026-06-08,000001,14:56:45,11.0200,632,2
2026-06-08,000001,14:56:48,11.0200,150,2
2026-06-08,000001,14:56:51,11.0200,7,2
2026-06-08,000001,14:56:54,11.0300,48,1
2026-06-08,000001,14:56:57,11.0300,8,1
2026-06-08,000001,14:57:00,11.0300,149,1
2026-06-08,000001,15:00:02,11.0300,11422,4
2026-06-08,000001,13:15:42,11.0600,920,1
2026-06-08,000001,13:15:45,11.0600,274,1
2026-06-08,000001,13:15:48,11.0500,112,2
2026-06-08,000001,13:15:51,11.0600,51,1
2026-06-08,000001,13:15:54,11.0600,15,1
2026-06-08,000001,13:15:57,11.0500,40,2
2026-06-08,000001,13:16:00,11.0600,21,1
2026-06-08,000001,13:16:03,11.0500,120,2
2026-06-08,000001,13:16:06,11.0500,45,2
2026-06-08,000001,13:16:09,11.0500,233,2
2026-06-08,000001,13:16:12,11.0500,146,2
2026-06-08,000001,13:16:18,11.0600,78,1
2026-06-08,000001,13:16:21,11.0500,11,2
2026-06-08,000001,13:16:24,11.0600,169,1
2026-06-08,000001,13:16:27,11.0600,36,1
2026-06-08,000001,13:16:30,11.0500,67,2
2026-06-08,000001,13:16:33,11.0500,5,2
2026-06-08,000001,13:16:36,11.0600,44,1
2026-06-08,000001,13:16:39,11.0600,24,1
2026-06-08,000001,13:16:42,11.0600,17,1
2026-06-08,000001,13:16:45,11.0600,79,1
2026-06-08,000001,13:16:48,11.0500,51,2
2026-06-08,000001,13:16:51,11.0600,19,1
2026-06-08,000001,13:16:54,11.0500,41,2
2026-06-08,000001,13:16:57,11.0600,73,1
2026-06-08,000001,13:17:00,11.0600,174,1
2026-06-08,000001,13:17:03,11.0600,88,1
2026-06-08,000001,13:17:06,11.0600,11,1
2026-06-08,000001,13:17:09,11.0600,60,1
2026-06-08,000001,13:17:12,11.0600,43,1
2026-06-08,000001,13:17:15,11.0500,219,2
2026-06-08,000001,13:17:18,11.0600,318,1
2026-06-08,000001,13:17:21,11.0500,7,2
2026-06-08,000001,13:17:24,11.0500,44,2
2026-06-08,000001,13:17:27,11.0600,1,1
2026-06-08,000001,13:17:30,11.0600,48,1
2026-06-08,000001,13:17:33,11.0600,111,1
2026-06-08,000001,13:17:36,11.0500,119,2
2026-06-08,000001,13:17:39,11.0500,5,2
2026-06-08,000001,13:17:45,11.0500,35,2
2026-06-08,000001,13:17:48,11.0600,22,1
2026-06-08,000001,13:17:51,11.0500,49,2
2026-06-08,000001,13:17:54,11.0500,42,2
2026-06-08,000001,13:17:57,11.0600,96,1
2026-06-08,000001,13:18:00,11.0500,38,2
2026-06-08,000001,13:18:03,11.0600,801,1
2026-06-08,000001,13:18:06,11.0600,317,1
2026-06-08,000001,13:18:09,11.0600,170,1
2026-06-08,000001,13:18:12,11.0600,58,1
2026-06-08,000001,13:18:15,11.0500,1,2
2026-06-08,000001,13:18:18,11.0500,3,2
2026-06-08,000001,13:18:21,11.0500,4523,2
2026-06-08,000001,13:18:24,11.0400,375,2
2026-06-08,000001,13:18:27,11.0500,568,1
2026-06-08,000001,13:18:30,11.0500,230,1
2026-06-08,000001,13:18:33,11.0400,107,2
2026-06-08,000001,13:18:36,11.0400,61,2
2026-06-08,000001,13:18:39,11.0400,5,2
2026-06-08,000001,13:18:45,11.0500,2,1
2026-06-08,000001,13:18:48,11.0500,1,1
2026-06-08,000001,13:18:51,11.0400,861,2
2026-06-08,000001,13:18:54,11.0400,53,2
2026-06-08,000001,13:19:00,11.0500,5,1
2026-06-08,000001,13:19:03,11.0400,186,2
2026-06-08,000001,13:19:09,11.0500,48,1
2026-06-08,000001,13:19:15,11.0400,58,2
2026-06-08,000001,13:19:18,11.0400,163,2
2026-06-08,000001,13:19:24,11.0400,70,2
2026-06-08,000001,13:19:30,11.0400,247,2
2026-06-08,000001,13:19:33,11.0400,122,2
2026-06-08,000001,13:19:36,11.0400,62,2
2026-06-08,000001,13:19:39,11.0400,79,2
2026-06-08,000001,13:19:42,11.0500,75,1
2026-06-08,000001,13:19:45,11.0400,572,2
2026-06-08,000001,13:19:48,11.0400,313,2
2026-06-08,000001,13:19:51,11.0400,392,2
2026-06-08,000001,13:19:54,11.0400,673,2
2026-06-08,000001,13:19:57,11.0300,1872,2
2026-06-08,000001,13:20:00,11.0400,80,1
2026-06-08,000001,13:20:03,11.0300,40,2
2026-06-08,000001,13:20:06,11.0300,12,2
2026-06-08,000001,13:20:09,11.0400,19,1
2026-06-08,000001,13:20:12,11.0400,65,1
2026-06-08,000001,13:20:15,11.0300,56,2
2026-06-08,000001,13:20:18,11.0300,1,2
2026-06-08,000001,13:20:21,11.0400,30,1
2026-06-08,000001,13:20:24,11.0400,26,1
2026-06-08,000001,13:20:27,11.0300,74,2
2026-06-08,000001,13:20:30,11.0300,108,2
2026-06-08,000001,13:20:33,11.0400,84,1
2026-06-08,000001,13:20:39,11.0400,639,1
2026-06-08,000001,13:20:42,11.0300,24,2
2026-06-08,000001,13:20:45,11.0300,6,2
2026-06-08,000001,13:20:48,11.0300,67,2
2026-06-08,000001,13:20:51,11.0300,35,2
2026-06-08,000001,13:20:54,11.0300,220,2
2026-06-08,000001,13:20:57,11.0300,29,2
2026-06-08,000001,13:21:00,11.0300,30,2
2026-06-08,000001,13:21:03,11.0400,52,1
2026-06-08,000001,13:21:06,11.0300,549,2
2026-06-08,000001,13:21:09,11.0300,33,2
2026-06-08,000001,13:21:12,11.0400,260,1
2026-06-08,000001,13:21:15,11.0300,175,2
2026-06-08,000001,13:21:18,11.0300,477,2
2026-06-08,000001,13:21:21,11.0300,3213,2
2026-06-08,000001,13:21:24,11.0300,39,1
2026-06-08,000001,13:21:27,11.0200,95,2
2026-06-08,000001,13:21:30,11.0300,339,1
2026-06-08,000001,13:21:33,11.0300,45,1
2026-06-08,000001,13:21:36,11.0300,19,1
2026-06-08,000001,13:21:39,11.0300,56,1
2026-06-08,000001,13:21:45,11.0200,1,2
2026-06-08,000001,13:21:48,11.0300,71,1
2026-06-08,000001,13:21:51,11.0200,258,2
2026-06-08,000001,13:21:54,11.0200,28,2
2026-06-08,000001,13:21:57,11.0200,77,2
2026-06-08,000001,13:22:00,11.0300,4,1
2026-06-08,000001,13:22:03,11.0300,127,1
2026-06-08,000001,13:22:06,11.0200,70,2
2026-06-08,000001,13:22:09,11.0300,712,1
2026-06-08,000001,13:22:12,11.0200,15,2
2026-06-08,000001,13:22:15,11.0300,63,1
2026-06-08,000001,13:22:18,11.0300,135,1
2026-06-08,000001,13:22:21,11.0300,314,1
2026-06-08,000001,13:22:24,11.0300,27,1
2026-06-08,000001,13:22:27,11.0200,536,2
2026-06-08,000001,13:22:30,11.0300,15,1
2026-06-08,000001,13:22:33,11.0200,12,2
2026-06-08,000001,13:22:36,11.0300,64,1
2026-06-08,000001,13:22:39,11.0200,113,2
2026-06-08,000001,13:22:42,11.0300,16,1
2026-06-08,000001,13:22:45,11.0200,61,2
2026-06-08,000001,13:22:48,11.0300,169,1
2026-06-08,000001,13:22:51,11.0300,46,1
2026-06-08,000001,13:22:57,11.0300,120,1
2026-06-08,000001,13:23:00,11.0300,20,1
2026-06-08,000001,13:23:03,11.0300,150,1
2026-06-08,000001,13:23:06,11.0200,154,2
2026-06-08,000001,13:23:09,11.0200,4,2
2026-06-08,000001,13:23:12,11.0200,38,2
2026-06-08,000001,13:23:15,11.0200,85,2
2026-06-08,000001,13:23:18,11.0200,142,2
2026-06-08,000001,13:23:21,11.0200,87,2
2026-06-08,000001,13:23:24,11.0300,34,1
2026-06-08,000001,13:23:27,11.0300,679,1
2026-06-08,000001,13:23:30,11.0300,14,1
2026-06-08,000001,13:23:36,11.0300,275,1
2026-06-08,000001,13:23:39,11.0300,24,1
2026-06-08,000001,13:23:42,11.0300,1495,1
2026-06-08,000001,13:23:45,11.0300,453,1
2026-06-08,000001,13:23:48,11.0400,702,1
2026-06-08,000001,13:23:51,11.0300,48,2
2026-06-08,000001,13:23:54,11.0300,473,2
2026-06-08,000001,13:23:57,11.0200,21,2
2026-06-08,000001,13:24:00,11.0300,123,1
2026-06-08,000001,13:24:03,11.0300,69,1
2026-06-08,000001,13:24:06,11.0300,46,1
2026-06-08,000001,13:24:09,11.0300,57,1
2026-06-08,000001,13:24:12,11.0300,76,1
2026-06-08,000001,13:24:15,11.0200,64,2
2026-06-08,000001,13:24:18,11.0200,111,2
2026-06-08,000001,13:24:21,11.0300,10,1
2026-06-08,000001,13:24:24,11.0300,24,1
2026-06-08,000001,13:24:27,11.0300,247,1
2026-06-08,000001,13:24:30,11.0200,713,2
2026-06-08,000001,13:24:33,11.0300,27,1
2026-06-08,000001,13:24:36,11.0300,8,1
2026-06-08,000001,13:24:39,11.0300,27,1
2026-06-08,000001,13:24:42,11.0300,639,1
2026-06-08,000001,13:24:45,11.0300,16,1
2026-06-08,000001,13:24:48,11.0300,116,1
2026-06-08,000001,13:24:51,11.0200,137,2
2026-06-08,000001,13:24:54,11.0300,49,1
2026-06-08,000001,13:24:57,11.0300,162,1
2026-06-08,000001,13:25:00,11.0300,57,1
2026-06-08,000001,13:25:03,11.0200,122,2
2026-06-08,000001,13:25:06,11.0300,2,1
2026-06-08,000001,13:25:09,11.0300,2,1
2026-06-08,000001,13:25:12,11.0300,4,1
2026-06-08,000001,13:25:15,11.0200,54,2
2026-06-08,000001,13:25:18,11.0300,108,1
2026-06-08,000001,13:25:21,11.0300,2,1
2026-06-08,000001,13:25:24,11.0300,4,1
2026-06-08,000001,13:25:27,11.0200,84,2
2026-06-08,000001,13:25:30,11.0200,82,2
2026-06-08,000001,13:25:33,11.0300,2,1
2026-06-08,000001,13:25:36,11.0300,68,1
2026-06-08,000001,13:25:39,11.0200,13,2
2026-06-08,000001,13:25:42,11.0200,28,2
2026-06-08,000001,13:25:45,11.0300,8,1
2026-06-08,000001,13:25:48,11.0300,128,1
2026-06-08,000001,13:25:51,11.0200,88,2
2026-06-08,000001,13:25:54,11.0200,2032,2
2026-06-08,000001,13:25:57,11.0300,624,1
2026-06-08,000001,13:26:00,11.0300,7,1
2026-06-08,000001,13:26:03,11.0200,465,2
2026-06-08,000001,13:26:06,11.0200,421,2
2026-06-08,000001,13:26:09,11.0400,2662,1
2026-06-08,000001,13:26:12,11.0400,298,1
2026-06-08,000001,13:26:15,11.0400,674,1
2026-06-08,000001,13:26:18,11.0300,36,2
2026-06-08,000001,13:26:21,11.0400,52,1
2026-06-08,000001,13:26:24,11.0300,12,2
2026-06-08,000001,13:26:27,11.0300,45,2
2026-06-08,000001,13:26:30,11.0400,23,1
2026-06-08,000001,13:26:33,11.0300,4,2
2026-06-08,000001,13:26:36,11.0400,37,1
2026-06-08,000001,13:26:39,11.0400,27,1
2026-06-08,000001,13:26:42,11.0400,66,1
2026-06-08,000001,13:26:48,11.0300,310,2
2026-06-08,000001,13:26:51,11.0400,21,1
2026-06-08,000001,13:26:54,11.0300,7,2
2026-06-08,000001,13:26:57,11.0400,32,1
2026-06-08,000001,13:27:00,11.0300,109,2
2026-06-08,000001,13:27:03,11.0300,283,2
2026-06-08,000001,13:27:06,11.0400,4,1
2026-06-08,000001,13:27:09,11.0400,56,1
2026-06-08,000001,13:27:12,11.0400,18,1
2026-06-08,000001,13:27:15,11.0300,780,2
2026-06-08,000001,13:27:18,11.0300,93,2
2026-06-08,000001,13:27:21,11.0300,35,2
2026-06-08,000001,13:27:24,11.0400,28,1
2026-06-08,000001,13:27:27,11.0400,27,1
2026-06-08,000001,13:27:30,11.0400,17,1
2026-06-08,000001,13:27:33,11.0400,13,1
2026-06-08,000001,13:27:36,11.0300,1,2
2026-06-08,000001,13:27:39,11.0300,44,2
2026-06-08,000001,13:27:42,11.0400,514,1
2026-06-08,000001,13:27:45,11.0300,30,2
2026-06-08,000001,13:27:48,11.0400,44,1
2026-06-08,000001,13:27:51,11.0300,61,2
2026-06-08,000001,13:27:54,11.0300,105,2
2026-06-08,000001,13:27:57,11.0300,12,2
2026-06-08,000001,13:28:00,11.0400,41,1
2026-06-08,000001,13:28:03,11.0300,70,2
2026-06-08,000001,13:28:06,11.0400,164,1
2026-06-08,000001,13:28:09,11.0300,20,2
2026-06-08,000001,13:28:12,11.0400,15,1
2026-06-08,000001,13:28:15,11.0400,6,1
2026-06-08,000001,13:28:18,11.0400,11,1
2026-06-08,000001,13:28:21,11.0400,98,1
2026-06-08,000001,13:28:24,11.0300,11,2
2026-06-08,000001,13:28:27,11.0400,1,1
2026-06-08,000001,13:28:30,11.0400,7,1
2026-06-08,000001,13:28:36,11.0400,149,1
2026-06-08,000001,13:28:39,11.0400,9,1
2026-06-08,000001,13:28:42,11.0400,294,1
2026-06-08,000001,13:28:45,11.0300,19,2
2026-06-08,000001,13:28:48,11.0300,52,2
2026-06-08,000001,13:28:51,11.0400,15,1
2026-06-08,000001,13:28:54,11.0300,87,2
2026-06-08,000001,13:28:57,11.0300,25,2
2026-06-08,000001,13:29:00,11.0400,40,1
2026-06-08,000001,13:29:03,11.0300,35,2
2026-06-08,000001,13:29:06,11.0300,20,2
2026-06-08,000001,13:29:09,11.0400,69,1
2026-06-08,000001,13:29:12,11.0400,52,1
2026-06-08,000001,13:29:15,11.0400,174,1
2026-06-08,000001,13:29:21,11.0300,31,2
2026-06-08,000001,13:29:24,11.0300,38,2
2026-06-08,000001,13:29:27,11.0300,58,2
2026-06-08,000001,13:29:30,11.0400,45,1
2026-06-08,000001,13:29:33,11.0300,55,2
2026-06-08,000001,13:29:36,11.0300,303,2
2026-06-08,000001,13:29:39,11.0300,115,2
2026-06-08,000001,13:29:42,11.0400,5,1
2026-06-08,000001,13:29:45,11.0400,3,1
2026-06-08,000001,13:29:48,11.0400,332,1
2026-06-08,000001,13:29:51,11.0300,304,2
2026-06-08,000001,13:29:54,11.0400,16,1
2026-06-08,000001,13:29:57,11.0400,44,1
2026-06-08,000001,13:30:00,11.0400,369,1
2026-06-08,000001,13:30:03,11.0300,67,2
2026-06-08,000001,13:30:06,11.0300,54,2
2026-06-08,000001,13:30:09,11.0400,52,1
2026-06-08,000001,13:30:12,11.0300,45,2
2026-06-08,000001,13:30:15,11.0400,57,1
2026-06-08,000001,13:30:18,11.0400,2038,1
2026-06-08,000001,13:30:21,11.0400,140,1
2026-06-08,000001,13:30:24,11.0300,160,2
2026-06-08,000001,13:30:27,11.0400,120,1
2026-06-08,000001,13:30:30,11.0400,203,1
2026-06-08,000001,13:30:33,11.0400,29,1
2026-06-08,000001,13:30:36,11.0300,28,2
2026-06-08,000001,13:30:39,11.0400,23,1
2026-06-08,000001,13:30:42,11.0300,40,2
2026-06-08,000001,13:30:45,11.0300,28,2
2026-06-08,000001,13:30:48,11.0300,66,2
2026-06-08,000001,13:30:51,11.0400,49,1
2026-06-08,000001,13:30:54,11.0300,1,2
2026-06-08,000001,13:30:57,11.0400,53,1
2026-06-08,000001,13:31:00,11.0400,34,1
2026-06-08,000001,13:31:03,11.0300,77,2
2026-06-08,000001,13:31:06,11.0300,32,2
2026-06-08,000001,13:31:09,11.0400,69,1
2026-06-08,000001,13:31:12,11.0300,30,2
2026-06-08,000001,13:31:15,11.0300,104,2
2026-06-08,000001,13:31:18,11.0400,17,1
2026-06-08,000001,13:31:21,11.0400,38,1
2026-06-08,000001,13:31:24,11.0400,675,1
2026-06-08,000001,13:31:27,11.0300,216,2
2026-06-08,000001,13:31:30,11.0400,70,1
2026-06-08,000001,13:31:33,11.0400,53,1
2026-06-08,000001,13:31:36,11.0300,69,2
2026-06-08,000001,13:31:39,11.0400,84,1
2026-06-08,000001,13:31:42,11.0400,121,1
2026-06-08,000001,13:31:45,11.0300,80,2
2026-06-08,000001,13:31:48,11.0400,302,1
2026-06-08,000001,13:31:51,11.0400,83,1
2026-06-08,000001,13:31:54,11.0400,119,1
2026-06-08,000001,13:31:57,11.0400,82,1
2026-06-08,000001,13:32:00,11.0400,100,1
2026-06-08,000001,13:32:03,11.0300,103,2
2026-06-08,000001,13:32:06,11.0400,82,1
2026-06-08,000001,13:32:09,11.0300,48,2
2026-06-08,000001,13:32:12,11.0300,279,2
2026-06-08,000001,13:32:15,11.0300,28,2
2026-06-08,000001,13:32:18,11.0300,338,2
2026-06-08,000001,13:32:21,11.0300,87,2
2026-06-08,000001,13:32:24,11.0300,4251,2
2026-06-08,000001,13:32:27,11.0300,153,1
2026-06-08,000001,13:32:30,11.0200,28,2
2026-06-08,000001,13:32:33,11.0300,183,1
2026-06-08,000001,13:32:36,11.0400,333,1
2026-06-08,000001,13:32:39,11.0400,372,1
2026-06-08,000001,13:32:42,11.0300,34,4
2026-06-08,000001,13:32:45,11.0300,484,1
2026-06-08,000001,13:32:48,11.0300,99,2
2026-06-08,000001,13:32:51,11.0300,73,1
2026-06-08,000001,13:32:54,11.0300,394,1
2026-06-08,000001,13:32:57,11.0300,307,1
2026-06-08,000001,13:33:00,11.0200,44,2
2026-06-08,000001,13:33:03,11.0300,1025,1
2026-06-08,000001,13:33:06,11.0300,326,1
2026-06-08,000001,13:33:09,11.0200,58,2
2026-06-08,000001,13:33:12,11.0200,52,2
2026-06-08,000001,13:33:15,11.0200,29,2
2026-06-08,000001,13:33:18,11.0200,6,2
2026-06-08,000001,13:33:21,11.0200,38,2
2026-06-08,000001,13:33:24,11.0300,301,1
2026-06-08,000001,13:33:27,11.0300,700,1
2026-06-08,000001,13:33:30,11.0300,175,4
2026-06-08,000001,13:33:36,11.0300,106,1
2026-06-08,000001,13:33:39,11.0300,1,1
2026-06-08,000001,13:33:42,11.0300,152,1
2026-06-08,000001,13:33:45,11.0400,191,1
2026-06-08,000001,13:33:48,11.0300,714,4
2026-06-08,000001,13:33:51,11.0300,41,4
2026-06-08,000001,13:33:54,11.0300,96,1
2026-06-08,000001,13:33:57,11.0300,625,1
2026-06-08,000001,13:34:00,11.0300,100,4
2026-06-08,000001,13:34:03,11.0200,77,2
2026-06-08,000001,13:34:06,11.0300,52,1
2026-06-08,000001,13:34:09,11.0300,710,1
2026-06-08,000001,13:34:12,11.0300,349,1
2026-06-08,000001,13:34:15,11.0300,134,1
2026-06-08,000001,13:34:18,11.0400,145,1
2026-06-08,000001,13:34:21,11.0200,28,2
2026-06-08,000001,13:34:24,11.0200,380,2
2026-06-08,000001,13:34:27,11.0300,97,4
2026-06-08,000001,13:34:30,11.0300,145,1
2026-06-08,000001,13:34:33,11.0300,26,1
2026-06-08,000001,13:34:36,11.0300,114,1
2026-06-08,000001,13:34:39,11.0300,198,1
2026-06-08,000001,13:34:42,11.0200,78,2
2026-06-08,000001,13:34:45,11.0200,208,2
2026-06-08,000001,13:34:48,11.0400,298,1
2026-06-08,000001,13:34:51,11.0300,56,4
2026-06-08,000001,13:34:54,11.0300,439,1
2026-06-08,000001,13:34:57,11.0300,67,1
2026-06-08,000001,13:35:00,11.0200,51,2
2026-06-08,000001,13:35:03,11.0200,17,2
2026-06-08,000001,13:35:06,11.0200,26,2
2026-06-08,000001,13:35:12,11.0300,755,1
2026-06-08,000001,13:35:15,11.0200,117,2
2026-06-08,000001,13:35:18,11.0200,177,2
2026-06-08,000001,13:35:21,11.0300,334,1
2026-06-08,000001,13:35:24,11.0300,356,1
2026-06-08,000001,13:35:27,11.0300,65,1
2026-06-08,000001,13:35:30,11.0200,291,2
2026-06-08,000001,13:35:33,11.0200,3,2
2026-06-08,000001,13:35:36,11.0200,123,2
2026-06-08,000001,13:35:42,11.0200,90,2
2026-06-08,000001,13:35:45,11.0200,115,2
2026-06-08,000001,13:35:48,11.0300,96,1
2026-06-08,000001,13:35:51,11.0200,212,2
2026-06-08,000001,13:35:54,11.0200,14,2
2026-06-08,000001,13:35:57,11.0300,72,1
2026-06-08,000001,13:36:00,11.0300,141,1
2026-06-08,000001,13:36:03,11.0200,9,2
2026-06-08,000001,13:36:06,11.0300,44,1
2026-06-08,000001,13:36:09,11.0300,150,1
2026-06-08,000001,13:36:12,11.0200,26,2
2026-06-08,000001,13:36:15,11.0200,975,2
2026-06-08,000001,13:36:18,11.0300,437,1
2026-06-08,000001,13:36:21,11.0200,558,2
2026-06-08,000001,13:36:24,11.0200,222,2
2026-06-08,000001,13:36:27,11.0100,723,2
2026-06-08,000001,13:36:30,11.0100,76,2
2026-06-08,000001,13:36:33,11.0200,264,1
2026-06-08,000001,13:36:36,11.0100,42,2
2026-06-08,000001,13:36:39,11.0200,90,1
2026-06-08,000001,13:36:42,11.0200,30,1
2026-06-08,000001,13:36:45,11.0200,202,1
2026-06-08,000001,13:36:48,11.0200,19,1
2026-06-08,000001,13:36:51,11.0200,166,1
2026-06-08,000001,13:36:54,11.0200,248,1
2026-06-08,000001,13:36:57,11.0100,54,2
2026-06-08,000001,13:37:00,11.0200,37,1
2026-06-08,000001,13:37:03,11.0100,190,2
2026-06-08,000001,13:37:06,11.0100,351,2
2026-06-08,000001,13:37:09,11.0100,30,2
2026-06-08,000001,13:37:12,11.0200,148,1
2026-06-08,000001,13:37:15,11.0100,198,2
2026-06-08,000001,13:37:18,11.0200,4,1
2026-06-08,000001,13:37:21,11.0100,51,2
2026-06-08,000001,13:37:24,11.0200,111,1
2026-06-08,000001,13:37:27,11.0100,32,2
2026-06-08,000001,13:37:30,11.0200,47,1
2026-06-08,000001,13:37:33,11.0100,875,2
2026-06-08,000001,13:37:36,11.0100,84,2
2026-06-08,000001,13:37:39,11.0100,290,2
2026-06-08,000001,13:37:42,11.0000,4813,2
2026-06-08,000001,13:37:45,11.0000,140,2
2026-06-08,000001,13:37:48,11.0100,45,1
2026-06-08,000001,13:37:51,11.0000,336,2
2026-06-08,000001,13:37:54,11.0000,73,2
2026-06-08,000001,13:37:57,11.0100,36,1
2026-06-08,000001,13:38:00,11.0100,139,1
2026-06-08,000001,13:38:03,11.0100,60,1
2026-06-08,000001,13:38:06,11.0100,89,1
2026-06-08,000001,13:38:09,11.0100,36,1
2026-06-08,000001,13:38:12,11.0100,36,1
2026-06-08,000001,13:38:15,11.0100,154,1
2026-06-08,000001,13:38:18,11.0100,21,1
2026-06-08,000001,13:38:21,11.0100,113,1
2026-06-08,000001,13:38:24,11.0100,86,1
2026-06-08,000001,13:38:27,11.0100,134,1
2026-06-08,000001,13:38:30,11.0100,55,1
2026-06-08,000001,13:38:33,11.0100,75,1
2026-06-08,000001,13:38:36,11.0000,34,2
2026-06-08,000001,13:38:39,11.0100,25,1
2026-06-08,000001,13:38:42,11.0000,720,2
2026-06-08,000001,13:38:45,11.0100,247,1
2026-06-08,000001,13:38:48,11.0000,37,2
2026-06-08,000001,13:38:51,11.0000,38,2
2026-06-08,000001,13:38:54,11.0100,46,1
2026-06-08,000001,13:38:57,11.0100,61,1
2026-06-08,000001,13:39:00,11.0100,197,1
2026-06-08,000001,13:39:03,11.0100,106,1
2026-06-08,000001,13:39:06,11.0000,155,2
2026-06-08,000001,13:39:09,11.0000,35,2
2026-06-08,000001,13:39:12,11.0000,95,2
2026-06-08,000001,13:39:15,11.0000,32,2
2026-06-08,000001,13:39:18,11.0000,8,2
2026-06-08,000001,13:39:21,11.0000,408,2
2026-06-08,000001,13:39:24,11.0000,118,2
2026-06-08,000001,13:39:27,11.0000,72,2
2026-06-08,000001,13:39:30,11.0100,58,1
2026-06-08,000001,13:39:33,11.0100,83,1
2026-06-08,000001,13:39:36,11.0100,130,1
2026-06-08,000001,13:39:39,11.0100,91,1
2026-06-08,000001,13:39:42,11.0000,69,2
2026-06-08,000001,13:39:45,11.0100,502,1
2026-06-08,000001,13:39:48,11.0000,280,2
2026-06-08,000001,13:39:51,11.0100,524,1
2026-06-08,000001,13:39:54,11.0100,1293,1
2026-06-08,000001,13:39:57,11.0000,129,2
2026-06-08,000001,13:40:00,11.0000,685,2
2026-06-08,000001,13:40:03,11.0100,165,1
2026-06-08,000001,13:40:06,11.0100,156,1
2026-06-08,000001,13:40:09,11.0100,109,1
2026-06-08,000001,13:40:12,11.0100,48,1
2026-06-08,000001,13:40:15,11.0000,231,2
2026-06-08,000001,13:40:18,11.0000,49,2
2026-06-08,000001,13:40:21,11.0000,38,2
2026-06-08,000001,13:40:24,11.0100,9,1
2026-06-08,000001,13:40:27,11.0000,421,2
2026-06-08,000001,13:40:30,11.0100,36,1
2026-06-08,000001,13:40:33,11.0100,128,1
2026-06-08,000001,13:40:36,11.0100,231,1
2026-06-08,000001,13:40:39,11.0200,22,1
2026-06-08,000001,13:40:42,11.0100,187,2
2026-06-08,000001,13:40:45,11.0100,105,2
2026-06-08,000001,13:40:48,11.0100,7,2
2026-06-08,000001,13:40:51,11.0100,268,2
2026-06-08,000001,13:40:54,11.0200,22,1
2026-06-08,000001,13:40:57,11.0100,60,2
2026-06-08,000001,13:41:00,11.0200,30,1
2026-06-08,000001,13:41:03,11.0100,235,2
2026-06-08,000001,13:41:06,11.0100,204,2
2026-06-08,000001,13:41:09,11.0200,17,1
2026-06-08,000001,13:41:12,11.0100,161,2
2026-06-08,000001,13:41:15,11.0100,54,2
2026-06-08,000001,13:41:18,11.0100,79,2
2026-06-08,000001,13:41:21,11.0100,97,2
2026-06-08,000001,13:41:24,11.0200,109,1
2026-06-08,000001,13:41:27,11.0100,196,2
2026-06-08,000001,13:41:30,11.0200,39,1
2026-06-08,000001,13:41:33,11.0100,6,2
2026-06-08,000001,13:41:36,11.0100,47,2
2026-06-08,000001,13:41:39,11.0200,25,1
2026-06-08,000001,13:41:42,11.0200,121,1
2026-06-08,000001,13:41:45,11.0100,68,2
2026-06-08,000001,13:41:48,11.0100,60,2
2026-06-08,000001,13:41:51,11.0200,78,1
2026-06-08,000001,13:41:54,11.0200,21,1
2026-06-08,000001,13:41:57,11.0200,32,1
2026-06-08,000001,13:42:00,11.0200,147,1
2026-06-08,000001,13:42:03,11.0100,47,2
2026-06-08,000001,13:42:06,11.0100,29,2
2026-06-08,000001,13:42:09,11.0200,41,1
2026-06-08,000001,13:42:12,11.0100,65,2
2026-06-08,000001,13:42:15,11.0100,548,2
2026-06-08,000001,13:42:18,11.0200,120,1
2026-06-08,000001,13:42:21,11.0200,78,1
2026-06-08,000001,13:42:24,11.0100,33,2
2026-06-08,000001,13:42:27,11.0200,92,1
2026-06-08,000001,13:42:30,11.0100,31,2
2026-06-08,000001,13:42:33,11.0200,3,1
2026-06-08,000001,13:42:36,11.0200,53,1
2026-06-08,000001,13:42:39,11.0100,72,2
2026-06-08,000001,13:42:42,11.0200,88,1
2026-06-08,000001,13:42:45,11.0100,90,2
2026-06-08,000001,13:42:48,11.0100,67,2
2026-06-08,000001,13:42:51,11.0200,59,1
2026-06-08,000001,13:42:54,11.0100,131,2
2026-06-08,000001,13:42:57,11.0100,115,2
2026-06-08,000001,13:43:00,11.0100,80,2
2026-06-08,000001,13:43:03,11.0100,39,2
2026-06-08,000001,13:43:06,11.0100,350,2
2026-06-08,000001,13:43:09,11.0100,219,2
2026-06-08,000001,13:43:12,11.0200,77,1
2026-06-08,000001,13:43:15,11.0200,141,1
2026-06-08,000001,13:43:18,11.0100,9,2
2026-06-08,000001,13:43:21,11.0100,75,2
2026-06-08,000001,13:43:24,11.0100,26,2
2026-06-08,000001,13:43:27,11.0100,28,2
2026-06-08,000001,13:43:30,11.0100,80,2
2026-06-08,000001,13:43:33,11.0100,32,2
2026-06-08,000001,13:43:36,11.0200,297,1
2026-06-08,000001,13:43:39,11.0200,92,1
2026-06-08,000001,13:43:42,11.0100,189,2
2026-06-08,000001,13:43:45,11.0100,29,2
2026-06-08,000001,13:43:48,11.0200,66,1
2026-06-08,000001,13:43:51,11.0100,2671,2
2026-06-08,000001,13:43:54,11.0100,96,1
2026-06-08,000001,13:43:57,11.0100,233,1
2026-06-08,000001,13:44:00,11.0100,147,1
2026-06-08,000001,13:44:03,11.0100,50,1
2026-06-08,000001,13:44:06,11.0000,298,2
2026-06-08,000001,13:44:09,11.0000,62,2
2026-06-08,000001,13:44:12,11.0000,83,2
2026-06-08,000001,13:44:15,11.0100,76,1
2026-06-08,000001,13:44:18,11.0100,84,1
2026-06-08,000001,13:44:21,11.0000,96,2
2026-06-08,000001,13:44:24,11.0000,113,2
2026-06-08,000001,13:44:27,11.0100,417,1
2026-06-08,000001,13:44:30,11.0000,62,2
2026-06-08,000001,13:44:33,11.0000,38,2
2026-06-08,000001,13:44:36,11.0100,35,1
2026-06-08,000001,13:44:39,11.0000,11,2
2026-06-08,000001,13:44:42,11.0100,129,1
2026-06-08,000001,13:44:45,11.0000,422,2
2026-06-08,000001,13:44:48,11.0100,1,1
2026-06-08,000001,13:44:51,11.0000,75,2
2026-06-08,000001,13:44:54,11.0100,618,1
2026-06-08,000001,13:44:57,11.0000,85,2
2026-06-08,000001,13:45:00,11.0000,45,2
2026-06-08,000001,13:45:03,11.0000,139,2
2026-06-08,000001,13:45:06,11.0100,120,1
2026-06-08,000001,13:45:09,11.0100,24,1
2026-06-08,000001,13:45:12,11.0100,40,1
2026-06-08,000001,13:45:15,11.0000,134,2
2026-06-08,000001,13:45:18,11.0100,17,1
2026-06-08,000001,13:45:21,11.0000,149,2
2026-06-08,000001,13:45:24,11.0100,108,1
2026-06-08,000001,13:45:27,11.0000,67,2
2026-06-08,000001,13:45:30,11.0000,8539,2
2026-06-08,000001,13:45:33,10.9900,196,2
2026-06-08,000001,13:45:36,11.0000,101,1
2026-06-08,000001,13:45:39,11.0000,83,1
2026-06-08,000001,13:45:42,10.9900,196,2
2026-06-08,000001,13:45:45,10.9900,674,2
2026-06-08,000001,13:45:48,11.0000,103,1
2026-06-08,000001,13:45:51,10.9900,63,2
2026-06-08,000001,13:45:54,11.0000,52,1
2026-06-08,000001,13:45:57,10.9900,39,2
2026-06-08,000001,13:46:00,10.9900,74,2
2026-06-08,000001,13:46:03,10.9900,86,2
2026-06-08,000001,13:46:06,10.9900,71,2
2026-06-08,000001,13:46:09,10.9900,24,2
2026-06-08,000001,13:46:12,10.9900,148,2
2026-06-08,000001,13:46:15,10.9900,109,2
2026-06-08,000001,13:46:18,10.9900,615,2
2026-06-08,000001,13:46:21,10.9900,75,2
2026-06-08,000001,13:46:24,10.9900,20,2
2026-06-08,000001,13:46:27,10.9900,44,2
2026-06-08,000001,13:46:30,10.9900,196,2
2026-06-08,000001,13:46:33,11.0000,276,1
2026-06-08,000001,13:46:36,11.0000,49,1
2026-06-08,000001,13:46:39,10.9900,102,2
2026-06-08,000001,13:46:42,10.9900,84,2
2026-06-08,000001,13:46:45,11.0000,75,1
2026-06-08,000001,13:46:48,10.9900,109,2
2026-06-08,000001,13:46:51,10.9900,298,2
2026-06-08,000001,13:46:54,10.9900,1328,2
2026-06-08,000001,13:46:57,11.0000,713,1
2026-06-08,000001,13:47:00,10.9900,176,2
2026-06-08,000001,13:47:03,10.9900,173,2
2026-06-08,000001,13:47:06,11.0000,105,1
2026-06-08,000001,13:47:09,10.9900,327,2
2026-06-08,000001,13:47:12,10.9900,52,2
2026-06-08,000001,13:47:15,10.9900,105,2
2026-06-08,000001,13:47:18,11.0000,9,1
2026-06-08,000001,13:47:21,11.0000,363,1
2026-06-08,000001,13:47:24,10.9900,402,2
2026-06-08,000001,13:47:27,11.0000,1796,1
2026-06-08,000001,13:47:30,11.0100,1235,1
2026-06-08,000001,13:47:33,11.0000,26,2
2026-06-08,000001,13:47:36,11.0000,208,2
2026-06-08,000001,13:47:39,11.0100,38,4
2026-06-08,000001,13:47:42,11.0100,1103,2
2026-06-08,000001,13:47:45,11.0100,92,1
2026-06-08,000001,13:47:48,11.0200,70,1
2026-06-08,000001,13:47:51,11.0100,216,2
2026-06-08,000001,13:47:54,11.0100,21,2
2026-06-08,000001,13:47:57,11.0100,138,2
2026-06-08,000001,13:48:00,11.0000,53,2
2026-06-08,000001,13:48:03,11.0000,53,2
2026-06-08,000001,13:48:06,11.0000,104,2
2026-06-08,000001,13:48:09,11.0000,70,2
2026-06-08,000001,13:48:12,11.0100,92,1
2026-06-08,000001,13:48:15,11.0000,149,2
2026-06-08,000001,13:48:18,11.0100,63,1
2026-06-08,000001,13:48:21,11.0000,71,2
2026-06-08,000001,13:48:24,11.0100,29,1
2026-06-08,000001,13:48:27,11.0100,574,1
2026-06-08,000001,13:48:30,11.0100,562,1
2026-06-08,000001,13:48:33,11.0000,219,2
2026-06-08,000001,13:48:36,11.0000,166,2
2026-06-08,000001,13:48:39,11.0100,175,1
2026-06-08,000001,13:48:42,11.0100,337,1
2026-06-08,000001,13:48:45,11.0100,68,1
2026-06-08,000001,13:48:48,11.0000,27,2
2026-06-08,000001,13:48:51,11.0100,563,1
2026-06-08,000001,13:48:54,11.0000,257,2
2026-06-08,000001,13:48:57,11.0100,253,1
2026-06-08,000001,13:49:00,11.0000,29,2
2026-06-08,000001,13:49:03,11.0000,132,2
2026-06-08,000001,13:49:06,11.0100,66,1
2026-06-08,000001,13:49:09,11.0000,144,2
2026-06-08,000001,13:49:12,11.0000,30,2
2026-06-08,000001,13:49:15,11.0000,62,2
2026-06-08,000001,13:49:18,11.0000,170,2
2026-06-08,000001,13:49:21,11.0000,41,2
2026-06-08,000001,13:49:24,11.0000,100,2
2026-06-08,000001,13:49:27,11.0100,115,1
2026-06-08,000001,13:49:30,11.0000,42,2
2026-06-08,000001,13:49:33,11.0100,20,1
2026-06-08,000001,13:49:36,11.0000,33,2
2026-06-08,000001,13:49:39,11.0100,57,1
2026-06-08,000001,13:49:42,11.0000,300,2
2026-06-08,000001,13:49:45,11.0000,53,2
2026-06-08,000001,13:49:48,11.0000,2,2
2026-06-08,000001,13:49:51,11.0100,66,1
2026-06-08,000001,13:49:57,11.0000,100,2
2026-06-08,000001,13:50:00,11.0000,87,2
2026-06-08,000001,13:50:03,11.0000,36,2
2026-06-08,000001,13:50:06,11.0000,368,2
2026-06-08,000001,13:50:09,11.0000,405,2
2026-06-08,000001,13:50:12,11.0000,903,2
2026-06-08,000001,13:50:15,10.9900,169,2
2026-06-08,000001,13:50:18,10.9900,74,2
2026-06-08,000001,13:50:21,11.0000,44,1
2026-06-08,000001,13:50:24,11.0000,3,1
2026-06-08,000001,13:50:27,11.0000,51,2
2026-06-08,000001,13:50:30,10.9900,52,2
2026-06-08,000001,13:50:33,11.0100,19,1
2026-06-08,000001,13:50:36,11.0100,135,1
2026-06-08,000001,13:50:39,11.0000,53,1
2026-06-08,000001,13:50:42,11.0000,74,1
2026-06-08,000001,13:50:45,11.0000,242,1
2026-06-08,000001,13:50:48,11.0100,595,1
2026-06-08,000001,13:50:51,11.0000,104,2
2026-06-08,000001,13:50:54,11.0000,23,2
2026-06-08,000001,13:50:57,11.0000,116,2
2026-06-08,000001,13:51:00,10.9900,77,2
2026-06-08,000001,13:51:03,11.0100,63,1
2026-06-08,000001,13:51:06,11.0000,115,2
2026-06-08,000001,13:51:09,10.9900,86,2
2026-06-08,000001,13:51:12,10.9900,95,2
2026-06-08,000001,13:51:15,11.0000,644,1
2026-06-08,000001,13:51:18,11.0000,163,4
2026-06-08,000001,13:51:21,10.9900,271,2
2026-06-08,000001,13:51:24,10.9900,126,2
2026-06-08,000001,13:51:27,11.0100,154,1
2026-06-08,000001,13:51:30,11.0100,62,1
2026-06-08,000001,13:51:33,11.0100,26,1
2026-06-08,000001,13:51:36,11.0000,46,2
2026-06-08,000001,13:51:39,11.0100,37,1
2026-06-08,000001,13:51:42,11.0000,31,2
2026-06-08,000001,13:51:45,11.0000,114,2
2026-06-08,000001,13:51:48,11.0000,19,2
2026-06-08,000001,13:51:51,11.0100,146,1
2026-06-08,000001,13:51:54,11.0100,20,1
2026-06-08,000001,13:51:57,11.0000,82,2
2026-06-08,000001,13:52:00,11.0000,63,2
2026-06-08,000001,13:52:03,11.0100,44,1
2026-06-08,000001,13:52:06,11.0100,94,1
2026-06-08,000001,13:52:09,11.0100,566,1
2026-06-08,000001,13:52:12,11.0100,117,1
2026-06-08,000001,13:52:15,11.0000,90,2
2026-06-08,000001,13:52:18,11.0200,4943,1
2026-06-08,000001,13:52:21,11.0100,1027,2
2026-06-08,000001,13:52:24,11.0200,2,1
2026-06-08,000001,13:52:27,11.0100,51,2
2026-06-08,000001,13:52:30,11.0100,33,2
2026-06-08,000001,13:52:33,11.0100,29,2
2026-06-08,000001,13:52:36,11.0200,121,1
2026-06-08,000001,13:52:39,11.0200,28,1
2026-06-08,000001,13:52:42,11.0200,303,1
2026-06-08,000001,13:52:45,11.0200,109,1
2026-06-08,000001,13:52:48,11.0100,143,2
2026-06-08,000001,13:52:51,11.0200,46,1
2026-06-08,000001,13:52:54,11.0200,177,1
2026-06-08,000001,13:52:57,11.0100,47,2
2026-06-08,000001,13:53:00,11.0200,32,1
2026-06-08,000001,13:53:03,11.0200,156,1
2026-06-08,000001,13:53:06,11.0200,35,1
2026-06-08,000001,13:53:09,11.0200,648,1
2026-06-08,000001,13:53:12,11.0200,175,1
2026-06-08,000001,13:53:15,11.0100,225,2
2026-06-08,000001,13:53:18,11.0200,104,1
2026-06-08,000001,13:53:21,11.0100,443,2
2026-06-08,000001,13:53:24,11.0200,48,1
2026-06-08,000001,13:53:27,11.0200,78,1
2026-06-08,000001,13:53:30,11.0100,51,2
2026-06-08,000001,13:53:33,11.0100,524,2
2026-06-08,000001,13:53:36,11.0200,564,1
2026-06-08,000001,13:53:39,11.0100,193,2
2026-06-08,000001,13:53:42,11.0100,198,2
2026-06-08,000001,13:53:45,11.0100,128,2
2026-06-08,000001,13:53:48,11.0200,49,1
2026-06-08,000001,13:53:51,11.0200,59,1
2026-06-08,000001,13:53:54,11.0100,58,2
2026-06-08,000001,13:53:57,11.0100,343,2
2026-06-08,000001,13:54:00,11.0000,85,2
2026-06-08,000001,13:54:03,11.0100,46,1
2026-06-08,000001,13:54:06,11.0000,107,2
2026-06-08,000001,13:54:09,11.0100,1,1
2026-06-08,000001,13:54:12,11.0100,31,1
2026-06-08,000001,13:54:15,11.0000,34,2
2026-06-08,000001,13:54:18,11.0100,7,1
2026-06-08,000001,13:54:21,11.0000,206,2
2026-06-08,000001,13:54:24,11.0100,4,1
2026-06-08,000001,13:54:27,11.0100,343,1
2026-06-08,000001,13:54:30,11.0100,312,1
2026-06-08,000001,13:54:33,11.0100,383,1
2026-06-08,000001,13:54:36,11.0100,182,1
2026-06-08,000001,13:54:39,11.0000,98,2
2026-06-08,000001,13:54:42,11.0100,233,1
2026-06-08,000001,13:54:45,11.0000,97,2
2026-06-08,000001,13:54:48,11.0100,16,1
2026-06-08,000001,13:54:51,11.0000,41,2
2026-06-08,000001,13:54:54,11.0100,99,1
2026-06-08,000001,13:54:57,11.0100,37,1
2026-06-08,000001,13:55:00,11.0100,75,1
2026-06-08,000001,13:55:03,11.0000,21,2
2026-06-08,000001,13:55:06,11.0000,91,2
2026-06-08,000001,13:55:09,11.0100,63,1
2026-06-08,000001,13:55:12,11.0000,314,2
2026-06-08,000001,13:55:15,11.0100,95,1
2026-06-08,000001,13:55:18,11.0000,8,2
2026-06-08,000001,13:55:21,11.0000,426,2
2026-06-08,000001,13:55:24,11.0000,298,2
2026-06-08,000001,13:55:27,11.0100,192,1
2026-06-08,000001,13:55:30,11.0000,72,2
2026-06-08,000001,13:55:33,11.0100,17,1
2026-06-08,000001,13:55:36,11.0100,109,1
2026-06-08,000001,13:55:39,11.0000,60,2
2026-06-08,000001,13:55:42,11.0000,29,2
2026-06-08,000001,13:55:45,11.0000,56,2
2026-06-08,000001,13:55:48,11.0100,12,1
2026-06-08,000001,13:55:51,11.0000,35,2
2026-06-08,000001,13:55:54,11.0100,5,1
2026-06-08,000001,13:55:57,11.0000,140,2
2026-06-08,000001,13:56:00,11.0100,87,1
2026-06-08,000001,13:56:03,11.0000,200,2
2026-06-08,000001,13:56:06,11.0000,200,2
2026-06-08,000001,13:56:09,11.0100,85,1
2026-06-08,000001,13:56:12,11.0000,135,2
2026-06-08,000001,13:56:15,11.0000,110,2
2026-06-08,000001,13:56:18,11.0000,72,2
2026-06-08,000001,13:56:21,11.0100,89,1
2026-06-08,000001,13:56:24,11.0100,153,1
2026-06-08,000001,13:56:27,11.0000,77,2
2026-06-08,000001,13:56:30,11.0100,63,1
2026-06-08,000001,13:56:33,11.0100,69,1
2026-06-08,000001,13:56:36,11.0000,1245,2
2026-06-08,000001,13:56:39,11.0000,440,2
2026-06-08,000001,13:56:42,11.0100,156,1
2026-06-08,000001,13:56:45,11.0000,150,2
2026-06-08,000001,13:56:48,11.0100,2,1
2026-06-08,000001,13:56:51,11.0000,33,2
2026-06-08,000001,13:56:54,11.0000,186,2
2026-06-08,000001,13:56:57,11.0100,63,1
2026-06-08,000001,13:57:00,11.0100,134,1
2026-06-08,000001,13:57:03,11.0100,744,1
2026-06-08,000001,13:57:06,11.0100,210,1
2026-06-08,000001,13:57:09,11.0000,55,2
2026-06-08,000001,13:57:12,11.0200,81,1
2026-06-08,000001,13:57:15,11.0000,69,2
2026-06-08,000001,13:57:18,11.0100,53,2
2026-06-08,000001,13:57:21,11.0100,85,2
2026-06-08,000001,13:57:24,11.0100,228,2
2026-06-08,000001,13:57:27,11.0100,59,1
2026-06-08,000001,13:57:30,11.0000,64,2
2026-06-08,000001,13:57:33,11.0000,75,2
2026-06-08,000001,13:57:36,11.0000,81,2
2026-06-08,000001,13:57:39,11.0100,959,1
2026-06-08,000001,13:57:42,11.0100,110,1
2026-06-08,000001,13:57:45,11.0100,46,1
2026-06-08,000001,13:57:48,11.0100,5,4
2026-06-08,000001,13:57:51,11.0000,101,2
2026-06-08,000001,13:57:54,11.0100,73,1
2026-06-08,000001,13:57:57,11.0100,507,1
2026-06-08,000001,13:58:00,11.0000,63,2
2026-06-08,000001,13:58:03,11.0100,74,1
2026-06-08,000001,13:58:06,11.0000,40,2
2026-06-08,000001,13:58:09,11.0100,5,1
2026-06-08,000001,13:58:12,11.0100,31,1
2026-06-08,000001,13:58:15,11.0100,57,1
2026-06-08,000001,13:58:18,11.0100,15,1
2026-06-08,000001,13:58:21,11.0100,180,1
2026-06-08,000001,13:58:24,11.0100,137,1
2026-06-08,000001,13:58:27,11.0100,46,1
2026-06-08,000001,13:58:30,11.0000,572,2
2026-06-08,000001,13:58:33,11.0000,204,2
2026-06-08,000001,13:58:36,11.0100,97,1
2026-06-08,000001,13:58:39,11.0000,142,2
2026-06-08,000001,13:58:42,11.0100,76,1
2026-06-08,000001,13:58:45,11.0100,374,1
2026-06-08,000001,13:58:48,11.0100,31,1
2026-06-08,000001,13:58:51,11.0100,65,1
2026-06-08,000001,13:58:54,11.0100,13,1
2026-06-08,000001,13:58:57,11.0100,67,1
2026-06-08,000001,13:59:00,11.0000,82,2
2026-06-08,000001,13:59:03,11.0100,46,1
2026-06-08,000001,13:59:06,11.0000,171,2
2026-06-08,000001,13:59:09,11.0100,33,1
2026-06-08,000001,13:59:12,11.0000,28,2
2026-06-08,000001,13:59:15,11.0000,96,2
2026-06-08,000001,13:59:18,11.0100,40,1
2026-06-08,000001,13:59:21,11.0100,87,1
2026-06-08,000001,13:59:24,11.0100,138,1
2026-06-08,000001,13:59:27,11.0000,39,2
2026-06-08,000001,13:59:30,11.0000,70,2
2026-06-08,000001,13:59:33,11.0100,10,1
2026-06-08,000001,13:59:36,11.0000,97,2
2026-06-08,000001,13:59:39,11.0000,27,2
2026-06-08,000001,13:59:42,11.0000,105,2
2026-06-08,000001,13:59:45,11.0000,69,2
2026-06-08,000001,13:59:48,11.0000,215,2
2026-06-08,000001,13:59:51,11.0100,100,1
2026-06-08,000001,13:59:54,11.0100,9,1
2026-06-08,000001,13:59:57,11.0000,39,2
2026-06-08,000001,14:00:00,11.0100,110,1
2026-06-08,000001,14:00:03,11.0000,23,2
2026-06-08,000001,14:00:06,11.0000,28,2
2026-06-08,000001,14:00:09,11.0000,91,2
2026-06-08,000001,14:00:12,11.0100,115,1
2026-06-08,000001,14:00:15,11.0000,224,2
2026-06-08,000001,14:00:18,11.0100,5,1
2026-06-08,000001,14:00:21,11.0000,68,2
2026-06-08,000001,14:00:24,11.0000,21,2
2026-06-08,000001,14:00:27,11.0000,59,2
2026-06-08,000001,14:00:30,11.0100,65,1
2026-06-08,000001,14:00:33,11.0100,29,1
2026-06-08,000001,14:00:36,11.0100,991,1
2026-06-08,000001,14:00:39,11.0100,936,1
2026-06-08,000001,14:00:42,11.0100,110,1
2026-06-08,000001,14:00:45,11.0100,77,1
2026-06-08,000001,14:00:48,11.0100,243,1
2026-06-08,000001,14:00:51,11.0100,160,1
2026-06-08,000001,14:00:54,11.0100,27,1
2026-06-08,000001,14:00:57,11.0100,120,1
2026-06-08,000001,14:01:00,11.0000,63,2
2026-06-08,000001,14:01:03,11.0100,2,1
2026-06-08,000001,14:01:06,11.0000,219,2
2026-06-08,000001,14:01:09,11.0200,1180,1
2026-06-08,000001,14:01:12,11.0200,124,1
2026-06-08,000001,14:01:15,11.0100,123,2
2026-06-08,000001,14:01:18,11.0200,375,1
2026-06-08,000001,14:01:21,11.0200,72,1
2026-06-08,000001,14:01:24,11.0200,55,1
2026-06-08,000001,14:01:27,11.0100,216,2
2026-06-08,000001,14:01:30,11.0200,184,1
2026-06-08,000001,14:01:33,11.0100,42,2
2026-06-08,000001,14:01:36,11.0100,101,2
2026-06-08,000001,14:01:39,11.0200,147,1
2026-06-08,000001,14:01:42,11.0200,88,1
2026-06-08,000001,14:01:45,11.0100,107,2
2026-06-08,000001,14:01:48,11.0200,78,1
2026-06-08,000001,14:01:51,11.0200,79,1
2026-06-08,000001,14:01:54,11.0200,35,1
2026-06-08,000001,14:01:57,11.0200,41,1
2026-06-08,000001,14:02:00,11.0200,81,1
2026-06-08,000001,14:02:03,11.0200,235,1
2026-06-08,000001,14:02:06,11.0200,49,1
2026-06-08,000001,14:02:09,11.0200,109,1
2026-06-08,000001,14:02:12,11.0200,164,1
2026-06-08,000001,14:02:15,11.0100,146,2
2026-06-08,000001,14:02:18,11.0100,153,2
2026-06-08,000001,14:02:21,11.0100,113,2
2026-06-08,000001,14:02:24,11.0200,142,1
2026-06-08,000001,14:02:27,11.0200,68,1
2026-06-08,000001,14:02:30,11.0100,137,2
2026-06-08,000001,14:02:33,11.0200,6,1
2026-06-08,000001,14:02:36,11.0200,484,1
2026-06-08,000001,14:02:39,11.0200,292,1
2026-06-08,000001,14:02:42,11.0200,29,1
2026-06-08,000001,14:02:45,11.0100,96,2
2026-06-08,000001,14:02:48,11.0200,22,1
2026-06-08,000001,14:02:51,11.0100,69,2
2026-06-08,000001,14:02:54,11.0200,46,1
2026-06-08,000001,14:02:57,11.0100,87,2
2026-06-08,000001,14:03:00,11.0100,174,2
2026-06-08,000001,14:03:03,11.0100,514,2
2026-06-08,000001,14:03:06,11.0200,788,1
2026-06-08,000001,14:03:09,11.0200,193,1
2026-06-08,000001,14:03:12,11.0200,193,1
2026-06-08,000001,14:03:15,11.0200,196,1
2026-06-08,000001,14:03:18,11.0200,123,1
2026-06-08,000001,14:03:21,11.0200,127,1
2026-06-08,000001,14:03:24,11.0100,390,2
2026-06-08,000001,14:03:27,11.0200,612,1
2026-06-08,000001,14:03:30,11.0200,196,1
2026-06-08,000001,14:03:33,11.0200,188,1
2026-06-08,000001,14:03:36,11.0200,94,1
2026-06-08,000001,14:03:39,11.0200,57,1
2026-06-08,000001,14:03:42,11.0200,131,1
2026-06-08,000001,14:03:45,11.0200,73,1
2026-06-08,000001,14:03:48,11.0200,153,1
2026-06-08,000001,14:03:51,11.0100,1258,2
2026-06-08,000001,14:03:54,11.0200,208,1
2026-06-08,000001,14:03:57,11.0100,149,2
2026-06-08,000001,14:04:00,11.0100,1193,2
2026-06-08,000001,14:04:03,11.0100,266,2
2026-06-08,000001,14:04:06,11.0200,378,1
2026-06-08,000001,14:04:09,11.0200,14,1
2026-06-08,000001,14:04:12,11.0100,302,2
2026-06-08,000001,14:04:15,11.0100,1909,2
2026-06-08,000001,14:04:18,11.0000,496,2
2026-06-08,000001,14:04:21,11.0100,185,1
2026-06-08,000001,14:04:24,11.0100,165,2
2026-06-08,000001,14:04:27,11.0100,28,2
2026-06-08,000001,14:04:30,11.0100,76,2
2026-06-08,000001,14:04:33,11.0200,92,1
2026-06-08,000001,14:04:36,11.0100,49,2
2026-06-08,000001,14:04:39,11.0100,31,2
2026-06-08,000001,14:04:42,11.0100,227,2
2026-06-08,000001,14:04:45,11.0200,44,1
2026-06-08,000001,14:04:48,11.0200,23,1
2026-06-08,000001,14:04:51,11.0100,38,2
2026-06-08,000001,14:04:54,11.0100,89,2
2026-06-08,000001,14:04:57,11.0100,128,2
2026-06-08,000001,14:05:00,11.0100,498,2
2026-06-08,000001,14:05:06,11.0100,129,2
2026-06-08,000001,14:05:09,11.0100,2,2
2026-06-08,000001,14:05:12,11.0100,266,2
2026-06-08,000001,14:05:15,11.0200,509,1
2026-06-08,000001,14:05:18,11.0100,69,2
2026-06-08,000001,14:05:21,11.0100,190,1
2026-06-08,000001,14:05:24,11.0100,49,1
2026-06-08,000001,14:05:27,11.0100,37,1
2026-06-08,000001,14:05:30,11.0100,475,1
2026-06-08,000001,14:05:33,11.0100,269,2
2026-06-08,000001,14:05:36,11.0100,130,1
2026-06-08,000001,14:05:39,11.0100,16,1
2026-06-08,000001,14:05:42,11.0100,92,1
2026-06-08,000001,14:05:45,11.0000,37,2
2026-06-08,000001,14:05:48,11.0100,240,1
2026-06-08,000001,14:05:51,11.0100,116,1
2026-06-08,000001,14:05:54,11.0100,19,2
2026-06-08,000001,14:05:57,11.0100,152,2
2026-06-08,000001,14:06:00,11.0100,38,2
2026-06-08,000001,14:06:03,11.0100,10,2
2026-06-08,000001,14:06:06,11.0200,457,1
2026-06-08,000001,14:06:09,11.0100,70,2
2026-06-08,000001,14:06:12,11.0200,66,1
2026-06-08,000001,14:06:15,11.0100,49,2
2026-06-08,000001,14:06:18,11.0100,60,2
2026-06-08,000001,14:06:21,11.0100,31,2
2026-06-08,000001,14:06:24,11.0200,8,1
2026-06-08,000001,14:06:27,11.0100,64,2
2026-06-08,000001,14:06:30,11.0100,118,2
2026-06-08,000001,14:06:33,11.0100,434,2
2026-06-08,000001,14:06:36,11.0100,215,1
2026-06-08,000001,14:06:39,11.0100,55,2
2026-06-08,000001,10:52:51,11.0800,205,2
2026-06-08,000001,10:52:54,11.0900,9,1
2026-06-08,000001,10:52:57,11.0900,4,1
2026-06-08,000001,10:53:00,11.0900,8,1
2026-06-08,000001,10:53:03,11.0900,3,1
2026-06-08,000001,10:53:06,11.0800,6,2
2026-06-08,000001,10:53:09,11.0900,3,1
2026-06-08,000001,10:53:12,11.0900,7,1
2026-06-08,000001,10:53:15,11.0900,31,1
2026-06-08,000001,10:53:18,11.0800,69,2
2026-06-08,000001,10:53:21,11.0900,79,1
2026-06-08,000001,10:53:24,11.0800,21,2
2026-06-08,000001,10:53:27,11.0800,18,2
2026-06-08,000001,10:53:30,11.0800,104,2
2026-06-08,000001,10:53:33,11.0900,341,1
2026-06-08,000001,10:53:36,11.0900,95,1
2026-06-08,000001,10:53:39,11.0800,7,2
2026-06-08,000001,10:53:42,11.0800,541,2
2026-06-08,000001,10:53:45,11.0900,18,1
2026-06-08,000001,10:53:48,11.0900,1,1
2026-06-08,000001,10:53:51,11.0800,72,2
2026-06-08,000001,10:53:54,11.0900,118,1
2026-06-08,000001,10:53:57,11.0800,22,2
2026-06-08,000001,10:54:00,11.0800,68,2
2026-06-08,000001,10:54:03,11.0900,8,1
2026-06-08,000001,10:54:06,11.0800,4532,2
2026-06-08,000001,10:54:09,11.0800,15,1
2026-06-08,000001,10:54:12,11.0700,123,2
2026-06-08,000001,10:54:15,11.0700,268,2
2026-06-08,000001,10:54:18,11.0700,10,2
2026-06-08,000001,10:54:21,11.0800,11,1
2026-06-08,000001,10:54:24,11.0800,2,1
2026-06-08,000001,10:54:27,11.0700,11,2
2026-06-08,000001,10:54:30,11.0800,3,1
2026-06-08,000001,10:54:33,11.0800,7,1
2026-06-08,000001,10:54:36,11.0800,25,1
2026-06-08,000001,10:54:39,11.0800,26,1
2026-06-08,000001,10:54:42,11.0800,35,1
2026-06-08,000001,10:54:45,11.0800,19,1
2026-06-08,000001,10:54:48,11.0700,20,2
2026-06-08,000001,10:54:51,11.0700,6,2
2026-06-08,000001,10:54:54,11.0800,3,1
2026-06-08,000001,10:54:57,11.0800,38,1
2026-06-08,000001,10:55:00,11.0700,515,2
2026-06-08,000001,10:55:03,11.0700,21,2
2026-06-08,000001,10:55:06,11.0800,1,1
2026-06-08,000001,10:55:09,11.0700,18,2
2026-06-08,000001,10:55:12,11.0700,10,2
2026-06-08,000001,10:55:15,11.0700,1,2
2026-06-08,000001,10:55:18,11.0700,22,2
2026-06-08,000001,10:55:21,11.0800,45,1
2026-06-08,000001,10:55:24,11.0800,4,1
2026-06-08,000001,10:55:27,11.0700,22,2
2026-06-08,000001,10:55:30,11.0800,6,1
2026-06-08,000001,10:55:33,11.0800,4,1
2026-06-08,000001,10:55:36,11.0800,334,1
2026-06-08,000001,10:55:39,11.0800,141,1
2026-06-08,000001,10:55:42,11.0800,10,1
2026-06-08,000001,10:55:45,11.0700,737,2
2026-06-08,000001,10:55:48,11.0700,11,2
2026-06-08,000001,10:55:51,11.0700,31,2
2026-06-08,000001,10:55:54,11.0800,55,1
2026-06-08,000001,10:55:57,11.0700,7,2
2026-06-08,000001,10:56:00,11.0700,32,2
2026-06-08,000001,10:56:03,11.0700,9,2
2026-06-08,000001,10:56:06,11.0800,6,1
2026-06-08,000001,10:56:09,11.0800,19,1
2026-06-08,000001,10:56:12,11.0700,238,2
2026-06-08,000001,10:56:15,11.0700,93,2
2026-06-08,000001,10:56:18,11.0700,595,2
2026-06-08,000001,10:56:21,11.0700,107,2
2026-06-08,000001,10:56:24,11.0800,11,1
2026-06-08,000001,10:56:27,11.0800,71,1
2026-06-08,000001,10:56:30,11.0800,2,1
2026-06-08,000001,10:56:33,11.0800,138,1
2026-06-08,000001,10:56:36,11.0800,25,1
2026-06-08,000001,10:56:39,11.0800,13,1
2026-06-08,000001,10:56:42,11.0700,12,2
2026-06-08,000001,10:56:45,11.0800,20,1
2026-06-08,000001,10:56:48,11.0800,46,1
2026-06-08,000001,10:56:51,11.0800,27,1
2026-06-08,000001,10:56:54,11.0800,128,1
2026-06-08,000001,10:56:57,11.0800,113,1
2026-06-08,000001,10:57:00,11.0800,1042,1
2026-06-08,000001,10:57:03,11.0800,266,1
2026-06-08,000001,10:57:06,11.0800,108,1
2026-06-08,000001,10:57:09,11.0800,238,1
2026-06-08,000001,10:57:12,11.0800,438,1
2026-06-08,000001,10:57:15,11.0800,47,1
2026-06-08,000001,10:57:18,11.0800,151,1
2026-06-08,000001,10:57:21,11.0800,512,1
2026-06-08,000001,10:57:24,11.0800,172,1
2026-06-08,000001,10:57:27,11.0800,72,1
2026-06-08,000001,10:57:30,11.0800,187,1
2026-06-08,000001,10:57:33,11.0800,68,1
2026-06-08,000001,10:57:36,11.0800,36,1
2026-06-08,000001,10:57:39,11.0700,19,2
2026-06-08,000001,10:57:42,11.0700,54,2
2026-06-08,000001,10:57:45,11.0800,14,1
2026-06-08,000001,10:57:48,11.0800,179,1
2026-06-08,000001,10:57:51,11.0800,1100,2
2026-06-08,000001,10:57:54,11.0800,12,2
2026-06-08,000001,10:57:57,11.0800,74,2
2026-06-08,000001,10:58:00,11.0800,89,2
2026-06-08,000001,10:58:03,11.0900,11,1
2026-06-08,000001,10:58:06,11.0900,92,1
2026-06-08,000001,10:58:09,11.0900,626,1
2026-06-08,000001,10:58:15,11.0800,162,2
2026-06-08,000001,10:58:18,11.0800,2,2
2026-06-08,000001,10:58:21,11.0800,42,2
2026-06-08,000001,10:58:24,11.0800,28,2
2026-06-08,000001,10:58:27,11.0900,35,1
2026-06-08,000001,10:58:30,11.0900,50,1
2026-06-08,000001,10:58:33,11.0800,26,2
2026-06-08,000001,10:58:36,11.0800,9,2
2026-06-08,000001,10:58:39,11.0800,31,2
2026-06-08,000001,10:58:42,11.0900,2,1
2026-06-08,000001,10:58:45,11.0800,21,2
2026-06-08,000001,10:58:48,11.0800,28,2
2026-06-08,000001,10:58:54,11.0900,93,1
2026-06-08,000001,10:58:57,11.0800,1,2
2026-06-08,000001,10:59:00,11.0900,27,1
2026-06-08,000001,10:59:03,11.0900,472,1
2026-06-08,000001,10:59:06,11.0800,1442,2
2026-06-08,000001,10:59:09,11.0800,73,2
2026-06-08,000001,10:59:12,11.0800,60,2
2026-06-08,000001,10:59:15,11.0800,137,2
2026-06-08,000001,10:59:18,11.0900,50,1
2026-06-08,000001,10:59:21,11.0900,4,1
2026-06-08,000001,10:59:24,11.0800,199,2
2026-06-08,000001,10:59:27,11.0800,959,2
2026-06-08,000001,10:59:30,11.0800,241,2
2026-06-08,000001,10:59:33,11.0800,263,1
2026-06-08,000001,10:59:36,11.0800,11,1
2026-06-08,000001,10:59:39,11.0800,1,1
2026-06-08,000001,10:59:42,11.0700,65,2
2026-06-08,000001,10:59:45,11.0700,156,2
2026-06-08,000001,10:59:48,11.0800,1686,1
2026-06-08,000001,10:59:51,11.0700,70,2
2026-06-08,000001,10:59:54,11.0700,19,2
2026-06-08,000001,10:59:57,11.0800,3,1
2026-06-08,000001,11:00:00,11.0800,13,1
2026-06-08,000001,11:00:03,11.0800,46,1
2026-06-08,000001,11:00:06,11.0800,26,1
2026-06-08,000001,11:00:09,11.0700,13,2
2026-06-08,000001,11:00:15,11.0800,277,1
2026-06-08,000001,11:00:18,11.0800,19,1
2026-06-08,000001,11:00:21,11.0800,54,1
2026-06-08,000001,11:00:24,11.0700,101,2
2026-06-08,000001,11:00:27,11.0800,1,1
2026-06-08,000001,11:00:30,11.0800,111,1
2026-06-08,000001,11:00:33,11.0800,655,1
2026-06-08,000001,11:00:36,11.0800,89,1
2026-06-08,000001,11:00:39,11.0800,79,1
2026-06-08,000001,11:00:42,11.0700,243,2
2026-06-08,000001,11:00:45,11.0800,153,1
2026-06-08,000001,11:00:48,11.0700,10,2
2026-06-08,000001,11:00:51,11.0800,196,1
2026-06-08,000001,11:00:54,11.0800,38,1
2026-06-08,000001,11:00:57,11.0900,110,1
2026-06-08,000001,11:01:00,11.0900,301,1
2026-06-08,000001,11:01:03,11.0900,353,1
2026-06-08,000001,11:01:06,11.0900,148,1
2026-06-08,000001,11:01:09,11.0800,14,2
2026-06-08,000001,11:01:12,11.0900,58,1
2026-06-08,000001,11:01:15,11.0900,133,1
2026-06-08,000001,11:01:18,11.0900,20,1
2026-06-08,000001,11:01:21,11.0800,1,2
2026-06-08,000001,11:01:24,11.0900,9,1
2026-06-08,000001,11:01:27,11.0900,114,1
2026-06-08,000001,11:01:30,11.0900,5,1
2026-06-08,000001,11:01:33,11.0800,7,2
2026-06-08,000001,11:01:36,11.0800,94,2
2026-06-08,000001,11:01:39,11.0800,29,2
2026-06-08,000001,11:01:42,11.0900,945,1
2026-06-08,000001,11:01:45,11.0800,13,2
2026-06-08,000001,11:01:48,11.0900,26,1
2026-06-08,000001,11:01:51,11.0900,8,1
2026-06-08,000001,11:01:54,11.0900,76,1
2026-06-08,000001,11:01:57,11.0800,80,2
2026-06-08,000001,11:02:00,11.0900,55,1
2026-06-08,000001,11:02:03,11.0900,160,1
2026-06-08,000001,11:02:06,11.0900,175,1
2026-06-08,000001,11:02:09,11.0900,101,1
2026-06-08,000001,11:02:12,11.0900,3,1
2026-06-08,000001,11:02:15,11.0900,242,1
2026-06-08,000001,11:02:18,11.0800,73,2
2026-06-08,000001,11:02:21,11.0900,41,1
2026-06-08,000001,11:02:27,11.0800,21,2
2026-06-08,000001,11:02:30,11.0900,36,1
2026-06-08,000001,11:02:33,11.0900,2,1
2026-06-08,000001,11:02:36,11.0900,10,1
2026-06-08,000001,11:02:39,11.0900,19,1
2026-06-08,000001,11:02:42,11.0800,25,2
2026-06-08,000001,11:02:45,11.0900,79,1
2026-06-08,000001,11:02:48,11.0800,25,2
2026-06-08,000001,11:02:51,11.0800,44,2
2026-06-08,000001,11:02:54,11.0800,691,2
2026-06-08,000001,11:02:57,11.0900,52,1
2026-06-08,000001,11:03:00,11.0900,33,1
2026-06-08,000001,11:03:03,11.0900,373,1
2026-06-08,000001,11:03:06,11.0900,14,1
2026-06-08,000001,11:03:09,11.0900,12,1
2026-06-08,000001,11:03:15,11.0900,70,1
2026-06-08,000001,11:03:18,11.0900,57,1
2026-06-08,000001,11:03:21,11.0900,2,1
2026-06-08,000001,11:03:24,11.0900,31,1
2026-06-08,000001,11:03:27,11.0900,53,1
2026-06-08,000001,11:03:30,11.0900,2,1
2026-06-08,000001,11:03:33,11.0800,24,2
2026-06-08,000001,11:03:36,11.0800,40,2
2026-06-08,000001,11:03:39,11.0800,7,2
2026-06-08,000001,11:03:42,11.0800,1,2
2026-06-08,000001,11:03:48,11.0800,4,2
2026-06-08,000001,11:03:51,11.0800,90,2
2026-06-08,000001,11:03:54,11.0800,24,2
2026-06-08,000001,11:03:57,11.0800,36,2
2026-06-08,000001,11:04:00,11.0800,173,2
2026-06-08,000001,11:04:03,11.0800,366,2
2026-06-08,000001,11:04:06,11.0800,1249,2
2026-06-08,000001,11:04:09,11.0700,691,2
2026-06-08,000001,11:04:12,11.0700,37,2
2026-06-08,000001,11:04:15,11.0700,33,2
2026-06-08,000001,11:04:18,11.0800,1,1
2026-06-08,000001,11:04:21,11.0700,940,2
2026-06-08,000001,11:04:24,11.0700,113,2
2026-06-08,000001,11:04:27,11.0700,91,2
2026-06-08,000001,11:04:30,11.0800,31,1
2026-06-08,000001,11:04:33,11.0700,69,2
2026-06-08,000001,11:04:36,11.0700,19,2
2026-06-08,000001,11:04:39,11.0800,222,1
2026-06-08,000001,11:04:45,11.0700,43,2
2026-06-08,000001,11:04:48,11.0700,11,2
2026-06-08,000001,11:04:51,11.0700,40,2
2026-06-08,000001,11:04:54,11.0800,37,1
2026-06-08,000001,11:04:57,11.0800,29,1
2026-06-08,000001,11:05:00,11.0700,46,2
2026-06-08,000001,11:05:03,11.0700,164,2
2026-06-08,000001,11:05:09,11.0700,897,2
2026-06-08,000001,11:05:12,11.0600,141,2
2026-06-08,000001,11:05:15,11.0600,23,2
2026-06-08,000001,11:05:18,11.0700,15,1
2026-06-08,000001,11:05:21,11.0600,50,2
2026-06-08,000001,11:05:24,11.0700,3485,1
2026-06-08,000001,11:05:27,11.0700,79,2
2026-06-08,000001,11:05:30,11.0800,4,1
2026-06-08,000001,11:05:33,11.0800,643,1
2026-06-08,000001,11:05:36,11.0700,7,2
2026-06-08,000001,11:05:39,11.0700,5,2
2026-06-08,000001,11:05:42,11.0700,318,2
2026-06-08,000001,11:05:45,11.0800,7,1
2026-06-08,000001,11:05:48,11.0800,92,1
2026-06-08,000001,11:05:51,11.0800,112,1
2026-06-08,000001,11:05:54,11.0800,1295,1
2026-06-08,000001,11:05:57,11.0800,129,2
2026-06-08,000001,11:06:00,11.0800,197,2
2026-06-08,000001,11:06:03,11.0800,392,1
2026-06-08,000001,11:06:06,11.0900,2,1
2026-06-08,000001,11:06:09,11.0800,76,2
2026-06-08,000001,11:06:12,11.0800,1,2
2026-06-08,000001,11:06:15,11.0800,23,2
2026-06-08,000001,11:06:18,11.0900,14,1
2026-06-08,000001,11:06:21,11.0800,128,2
2026-06-08,000001,11:06:24,11.0900,32,1
2026-06-08,000001,11:06:27,11.0800,28,2
2026-06-08,000001,11:06:30,11.0800,34,2
2026-06-08,000001,11:06:33,11.0900,44,1
2026-06-08,000001,11:06:36,11.0900,71,1
2026-06-08,000001,11:06:39,11.0800,101,2
2026-06-08,000001,11:06:42,11.0900,20,1
2026-06-08,000001,11:06:45,11.0900,87,1
2026-06-08,000001,11:06:48,11.0900,105,1
2026-06-08,000001,11:06:51,11.0900,13,1
2026-06-08,000001,11:06:54,11.0900,14,1
2026-06-08,000001,11:06:57,11.0800,936,2
2026-06-08,000001,11:07:00,11.0900,8,1
2026-06-08,000001,11:07:03,11.0900,11,1
2026-06-08,000001,11:07:06,11.0800,15,2
2026-06-08,000001,11:07:09,11.0900,188,1
2026-06-08,000001,11:07:12,11.0800,57,4
2026-06-08,000001,11:07:15,11.0800,8,1
2026-06-08,000001,11:07:18,11.0800,38,1
2026-06-08,000001,11:07:21,11.0800,44,4
2026-06-08,000001,11:07:24,11.0800,41,1
2026-06-08,000001,11:07:27,11.0800,28,1
2026-06-08,000001,11:07:30,11.0800,7,1
2026-06-08,000001,11:07:33,11.0700,73,2
2026-06-08,000001,11:07:36,11.0800,147,1
2026-06-08,000001,11:07:42,11.0800,56,1
2026-06-08,000001,11:07:45,11.0700,33,2
2026-06-08,000001,11:07:48,11.0800,241,1
2026-06-08,000001,11:07:51,11.0800,116,1
2026-06-08,000001,11:07:54,11.0800,37,1
2026-06-08,000001,11:07:57,11.0800,25,1
2026-06-08,000001,11:08:00,11.0800,2,1
2026-06-08,000001,11:08:03,11.0800,14,1
2026-06-08,000001,11:08:06,11.0800,7,1
2026-06-08,000001,11:08:09,11.0800,15,1
2026-06-08,000001,11:08:12,11.0800,30,1
2026-06-08,000001,11:08:15,11.0800,2,1
2026-06-08,000001,11:08:18,11.0800,7,1
2026-06-08,000001,11:08:21,11.0700,7,2
2026-06-08,000001,11:08:24,11.0800,1,1
2026-06-08,000001,11:08:27,11.0700,10,2
2026-06-08,000001,11:08:30,11.0800,3,1
2026-06-08,000001,11:08:33,11.0700,95,2
2026-06-08,000001,11:08:36,11.0800,6,1
2026-06-08,000001,11:08:39,11.0700,24,2
2026-06-08,000001,11:08:42,11.0800,17,1
2026-06-08,000001,11:08:45,11.0800,14,1
2026-06-08,000001,11:08:48,11.0800,20,1
2026-06-08,000001,11:08:51,11.0700,2,2
2026-06-08,000001,11:08:54,11.0700,2,2
2026-06-08,000001,11:09:00,11.0700,6,2
2026-06-08,000001,11:09:03,11.0800,11,1
2026-06-08,000001,11:09:06,11.0700,102,2
2026-06-08,000001,11:09:09,11.0800,17,1
2026-06-08,000001,11:09:12,11.0800,61,1
2026-06-08,000001,11:09:15,11.0700,28,2
2026-06-08,000001,11:09:18,11.0700,9,2
2026-06-08,000001,11:09:21,11.0800,13,1
2026-06-08,000001,11:09:24,11.0700,10,2
2026-06-08,000001,11:09:27,11.0700,36,2
2026-06-08,000001,11:09:30,11.0800,25,1
2026-06-08,000001,11:09:33,11.0800,2,1
2026-06-08,000001,11:09:36,11.0700,200,2
2026-06-08,000001,11:09:45,11.0800,9,1
2026-06-08,000001,11:09:48,11.0800,116,1
2026-06-08,000001,11:09:51,11.0700,9,2
2026-06-08,000001,11:09:54,11.0700,16,2
2026-06-08,000001,11:09:57,11.0700,44,2
2026-06-08,000001,11:10:00,11.0800,9,1
2026-06-08,000001,11:10:03,11.0800,57,1
2026-06-08,000001,11:10:06,11.0800,14,1
2026-06-08,000001,11:10:09,11.0700,16,2
2026-06-08,000001,11:10:12,11.0800,1,1
2026-06-08,000001,11:10:15,11.0800,4,1
2026-06-08,000001,11:10:18,11.0700,30,2
2026-06-08,000001,11:10:21,11.0800,27,1
2026-06-08,000001,11:10:24,11.0700,160,2
2026-06-08,000001,11:10:27,11.0800,3,1
2026-06-08,000001,11:10:30,11.0800,95,1
2026-06-08,000001,11:10:33,11.0800,35,1
2026-06-08,000001,11:10:36,11.0800,40,1
2026-06-08,000001,11:10:39,11.0800,13,1
2026-06-08,000001,11:10:42,11.0800,321,1
2026-06-08,000001,11:10:45,11.0800,316,1
2026-06-08,000001,11:10:48,11.0800,596,1
2026-06-08,000001,11:10:51,11.0800,258,1
2026-06-08,000001,11:10:54,11.0700,413,2
2026-06-08,000001,11:10:57,11.0800,112,1
2026-06-08,000001,11:11:00,11.0800,59,1
2026-06-08,000001,11:11:03,11.0700,916,2
2026-06-08,000001,11:11:06,11.0800,5,1
2026-06-08,000001,11:11:09,11.0800,80,1
2026-06-08,000001,11:11:12,11.0700,89,2
2026-06-08,000001,11:11:15,11.0700,35,2
2026-06-08,000001,11:11:18,11.0700,35,2
2026-06-08,000001,11:11:21,11.0800,2,1
2026-06-08,000001,11:11:24,11.0700,68,2
2026-06-08,000001,11:11:27,11.0800,29,1
2026-06-08,000001,11:11:30,11.0800,52,1
2026-06-08,000001,11:11:33,11.0800,8,1
2026-06-08,000001,11:11:36,11.0800,20,1
2026-06-08,000001,11:11:39,11.0800,5,1
2026-06-08,000001,11:11:42,11.0800,23,1
2026-06-08,000001,11:11:45,11.0700,154,2
2026-06-08,000001,11:11:48,11.0800,14,1
2026-06-08,000001,11:11:51,11.0800,48,1
2026-06-08,000001,11:11:54,11.0700,9,2
2026-06-08,000001,11:11:57,11.0800,134,1
2026-06-08,000001,11:12:00,11.0800,55,1
2026-06-08,000001,11:12:03,11.0800,3,1
2026-06-08,000001,11:12:06,11.0800,17,1
2026-06-08,000001,11:12:09,11.0800,59,1
2026-06-08,000001,11:12:12,11.0800,706,1
2026-06-08,000001,11:12:15,11.0800,33,1
2026-06-08,000001,11:12:18,11.0800,5,1
2026-06-08,000001,11:12:21,11.0800,15,1
2026-06-08,000001,11:12:24,11.0700,18,2
2026-06-08,000001,11:12:27,11.0700,130,2
2026-06-08,000001,11:12:30,11.0700,116,2
2026-06-08,000001,11:12:33,11.0800,20,1
2026-06-08,000001,11:12:36,11.0800,267,1
2026-06-08,000001,11:12:39,11.0800,87,1
2026-06-08,000001,11:12:42,11.0800,34,1
2026-06-08,000001,11:12:45,11.0800,51,1
2026-06-08,000001,11:12:48,11.0800,64,1
2026-06-08,000001,11:12:51,11.0700,21,2
2026-06-08,000001,11:12:54,11.0800,166,1
2026-06-08,000001,11:12:57,11.0700,78,2
2026-06-08,000001,11:13:00,11.0800,34,1
2026-06-08,000001,11:13:03,11.0800,172,1
2026-06-08,000001,11:13:06,11.0800,52,1
2026-06-08,000001,11:13:09,11.0800,287,1
2026-06-08,000001,11:13:12,11.0800,32,1
2026-06-08,000001,11:13:15,11.0700,255,2
2026-06-08,000001,11:13:18,11.0700,159,2
2026-06-08,000001,11:13:21,11.0700,10,2
2026-06-08,000001,11:13:24,11.0700,46,2
2026-06-08,000001,11:13:27,11.0700,46,2
2026-06-08,000001,11:13:30,11.0800,22,1
2026-06-08,000001,11:13:33,11.0800,42,1
2026-06-08,000001,11:13:36,11.0700,5,2
2026-06-08,000001,11:13:39,11.0800,22,1
2026-06-08,000001,11:13:42,11.0800,45,1
2026-06-08,000001,11:13:45,11.0700,4,2
2026-06-08,000001,11:13:48,11.0800,27,1
2026-06-08,000001,11:13:51,11.0800,31,1
2026-06-08,000001,11:13:57,11.0800,16,1
2026-06-08,000001,11:14:00,11.0800,16,1
2026-06-08,000001,11:14:03,11.0700,355,2
2026-06-08,000001,11:14:06,11.0700,140,2
2026-06-08,000001,11:14:09,11.0800,15,1
2026-06-08,000001,11:14:12,11.0700,66,2
2026-06-08,000001,11:14:15,11.0700,1,2
2026-06-08,000001,11:14:18,11.0800,22,1
2026-06-08,000001,11:14:21,11.0800,3,1
2026-06-08,000001,11:14:24,11.0800,65,1
2026-06-08,000001,11:14:27,11.0800,20,1
2026-06-08,000001,11:14:30,11.0800,12,1
2026-06-08,000001,11:14:33,11.0700,185,2
2026-06-08,000001,11:14:36,11.0800,4,1
2026-06-08,000001,11:14:39,11.0800,36,1
2026-06-08,000001,11:14:42,11.0800,119,1
2026-06-08,000001,11:14:45,11.0700,38,2
2026-06-08,000001,11:14:48,11.0800,151,1
2026-06-08,000001,11:14:51,11.0800,58,1
2026-06-08,000001,11:14:54,11.0800,32,1
2026-06-08,000001,11:14:57,11.0800,96,1
2026-06-08,000001,11:15:00,11.0800,45,1
2026-06-08,000001,11:15:03,11.0800,522,1
2026-06-08,000001,11:15:06,11.0800,66,1
2026-06-08,000001,11:15:09,11.0800,133,1
2026-06-08,000001,11:15:12,11.0800,97,1
2026-06-08,000001,11:15:15,11.0800,140,1
2026-06-08,000001,11:15:18,11.0800,195,1
2026-06-08,000001,11:15:21,11.0700,38,2
2026-06-08,000001,11:15:24,11.0800,1118,1
2026-06-08,000001,11:15:27,11.0800,95,1
2026-06-08,000001,11:15:30,11.0800,123,1
2026-06-08,000001,11:15:33,11.0700,2,2
2026-06-08,000001,11:15:39,11.0800,12,1
2026-06-08,000001,11:15:42,11.0700,79,2
2026-06-08,000001,11:15:45,11.0800,151,1
2026-06-08,000001,11:15:48,11.0800,37,1
2026-06-08,000001,11:15:51,11.0800,19,1
2026-06-08,000001,11:15:54,11.0800,27,1
2026-06-08,000001,11:15:57,11.0700,12,2
2026-06-08,000001,11:16:00,11.0700,50,2
2026-06-08,000001,11:16:03,11.0800,4,1
2026-06-08,000001,11:16:06,11.0700,7,2
2026-06-08,000001,11:16:09,11.0800,30,1
2026-06-08,000001,11:16:12,11.0800,15,1
2026-06-08,000001,11:16:15,11.0800,21,1
2026-06-08,000001,11:16:18,11.0700,38,2
2026-06-08,000001,11:16:21,11.0800,24,1
2026-06-08,000001,11:16:24,11.0800,90,1
2026-06-08,000001,11:16:27,11.0700,45,2
2026-06-08,000001,11:16:30,11.0700,11,2
2026-06-08,000001,11:16:33,11.0700,57,2
2026-06-08,000001,11:16:36,11.0800,793,1
2026-06-08,000001,11:16:39,11.0800,35,1
2026-06-08,000001,11:16:42,11.0800,89,1
2026-06-08,000001,11:16:45,11.0700,172,2
2026-06-08,000001,11:16:48,11.0800,15,1
2026-06-08,000001,11:16:51,11.0800,6,1
2026-06-08,000001,11:16:54,11.0800,16,1
2026-06-08,000001,11:16:57,11.0800,2,1
2026-06-08,000001,11:17:00,11.0800,18,1
2026-06-08,000001,11:17:03,11.0800,725,1
2026-06-08,000001,11:17:06,11.0700,68,2
2026-06-08,000001,11:17:09,11.0800,13,1
2026-06-08,000001,11:17:12,11.0700,55,2
2026-06-08,000001,11:17:15,11.0700,96,2
2026-06-08,000001,11:17:18,11.0800,39,1
2026-06-08,000001,11:17:21,11.0700,14,2
