date,code,time,price,volume,bs
2026-03-31,000001,14:03:24,11.1300,23,2
2026-03-31,000001,14:03:27,11.1300,61,2
2026-03-31,000001,14:03:30,11.1400,2,1
2026-03-31,000001,14:03:33,11.1300,248,2
2026-03-31,000001,14:03:36,11.1400,31,1
2026-03-31,000001,14:03:39,11.1400,163,1
2026-03-31,000001,14:03:42,11.1300,53,2
2026-03-31,000001,14:03:45,11.1400,21,1
2026-03-31,000001,14:03:48,11.1300,7,2
2026-03-31,000001,14:03:51,11.1400,23,1
2026-03-31,000001,14:03:54,11.1300,109,2
2026-03-31,000001,14:03:57,11.1400,36,1
2026-03-31,000001,14:04:00,11.1400,1,1
2026-03-31,000001,14:04:03,11.1400,133,1
2026-03-31,000001,14:04:06,11.1400,21,1
2026-03-31,000001,14:04:09,11.1400,27,1
2026-03-31,000001,14:04:12,11.1400,447,1
2026-03-31,000001,14:04:15,11.1300,401,2
2026-03-31,000001,14:04:18,11.1400,6,1
2026-03-31,000001,14:04:21,11.1400,22,1
2026-03-31,000001,14:04:24,11.1400,62,1
2026-03-31,000001,14:04:27,11.1300,57,2
2026-03-31,000001,14:04:30,11.1400,181,1
2026-03-31,000001,14:04:33,11.1300,534,2
2026-03-31,000001,14:04:36,11.1400,17,1
2026-03-31,000001,14:04:39,11.1400,41,1
2026-03-31,000001,14:04:42,11.1300,90,2
2026-03-31,000001,14:04:45,11.1400,29,1
2026-03-31,000001,14:04:48,11.1400,8,1
2026-03-31,000001,14:04:51,11.1400,6,1
2026-03-31,000001,14:04:54,11.1400,189,1
2026-03-31,000001,14:04:57,11.1300,57,2
2026-03-31,000001,14:05:00,11.1300,4,2
2026-03-31,000001,14:05:03,11.1300,96,2
2026-03-31,000001,14:05:06,11.1300,25,2
2026-03-31,000001,14:05:12,11.1400,3,1
2026-03-31,000001,14:05:15,11.1400,385,1
2026-03-31,000001,14:05:18,11.1300,146,2
2026-03-31,000001,14:05:21,11.1300,11,2
2026-03-31,000001,14:05:24,11.1300,28,2
2026-03-31,000001,14:05:27,11.1300,13,2
2026-03-31,000001,14:05:30,11.1300,23,2
2026-03-31,000001,14:05:33,11.1400,13,1
2026-03-31,000001,14:05:36,11.1300,30,2
2026-03-31,000001,14:05:39,11.1400,24,1
2026-03-31,000001,14:05:42,11.1300,48,2
2026-03-31,000001,14:05:48,11.1300,56,2
2026-03-31,000001,14:05:51,11.1400,42,1
2026-03-31,000001,14:05:54,11.1300,16,2
2026-03-31,000001,14:05:57,11.1300,12,2
2026-03-31,000001,14:06:00,11.1300,12,2
2026-03-31,000001,14:06:03,11.1400,90,1
2026-03-31,000001,14:06:06,11.1300,18,2
2026-03-31,000001,14:06:09,11.1300,163,2
2026-03-31,000001,14:06:12,11.1300,24,2
2026-03-31,000001,14:06:15,11.1400,10,1
2026-03-31,000001,14:06:18,11.1300,131,2
2026-03-31,000001,14:06:21,11.1400,25,1
2026-03-31,000001,14:06:24,11.1300,57,2
2026-03-31,000001,14:06:27,11.1300,32,2
2026-03-31,000001,14:06:30,11.1400,219,1
2026-03-31,000001,14:06:33,11.1300,493,2
2026-03-31,000001,14:06:36,11.1400,3,1
2026-03-31,000001,14:06:39,11.1400,103,1
2026-03-31,000001,14:06:42,11.1300,27,2
2026-03-31,000001,14:06:45,11.1400,40,1
2026-03-31,000001,14:06:48,11.1400,23,1
2026-03-31,000001,14:06:51,11.1400,312,1
2026-03-31,000001,14:06:54,11.1400,51,1
2026-03-31,000001,14:06:57,11.1400,94,1
2026-03-31,000001,14:07:00,11.1400,169,1
2026-03-31,000001,14:07:03,11.1400,25,1
2026-03-31,000001,14:07:06,11.1400,3,1
2026-03-31,000001,14:07:09,11.1400,143,1
2026-03-31,000001,14:07:15,11.1400,6,1
2026-03-31,000001,14:07:21,11.1400,6,1
2026-03-31,000001,14:07:24,11.1400,38,1
2026-03-31,000001,14:07:27,11.1400,497,1
2026-03-31,000001,14:07:30,11.1400,451,1
2026-03-31,000001,14:07:33,11.1400,10,1
2026-03-31,000001,14:07:39,11.1400,30,1
2026-03-31,000001,14:07:42,11.1300,18,2
2026-03-31,000001,14:07:45,11.1300,404,2
2026-03-31,000001,14:07:48,11.1300,1,2
2026-03-31,000001,14:07:51,11.1300,175,2
2026-03-31,000001,14:07:54,11.1400,66,1
2026-03-31,000001,14:07:57,11.1400,1,1
2026-03-31,000001,14:08:00,11.1400,3,1
2026-03-31,000001,14:08:03,11.1400,3,1
2026-03-31,000001,14:08:06,11.1300,50,2
2026-03-31,000001,14:08:09,11.1400,29,1
2026-03-31,000001,14:08:12,11.1300,12,2
2026-03-31,000001,14:08:15,11.1300,9,2
2026-03-31,000001,14:08:18,11.1300,51,2
2026-03-31,000001,14:08:21,11.1400,36,1
2026-03-31,000001,14:08:24,11.1400,476,1
2026-03-31,000001,14:08:27,11.1400,420,1
2026-03-31,000001,14:08:30,11.1400,29,1
2026-03-31,000001,14:08:33,11.1300,62,2
2026-03-31,000001,14:08:36,11.1400,13,1
2026-03-31,000001,14:08:39,11.1400,193,1
2026-03-31,000001,14:08:42,11.1400,429,1
2026-03-31,000001,14:08:48,11.1400,16,1
2026-03-31,000001,14:08:51,11.1400,4,1
2026-03-31,000001,14:08:54,11.1400,354,1
2026-03-31,000001,14:08:57,11.1400,175,1
2026-03-31,000001,14:09:00,11.1400,422,2
2026-03-31,000001,14:09:03,11.1400,1,1
2026-03-31,000001,14:09:06,11.1400,27,1
2026-03-31,000001,14:09:12,11.1400,6,1
2026-03-31,000001,14:09:18,11.1400,18,1
2026-03-31,000001,14:09:24,11.1400,5,1
2026-03-31,000001,14:09:27,11.1400,11,1
2026-03-31,000001,14:09:30,11.1400,144,1
2026-03-31,000001,14:09:33,11.1300,7,2
2026-03-31,000001,14:09:36,11.1400,42,1
2026-03-31,000001,14:09:39,11.1400,376,1
2026-03-31,000001,14:09:42,11.1400,37,1
2026-03-31,000001,14:09:45,11.1400,16,1
2026-03-31,000001,14:09:48,11.1400,9,1
2026-03-31,000001,14:09:51,11.1300,376,2
2026-03-31,000001,14:09:57,11.1300,8,2
2026-03-31,000001,14:10:00,11.1300,42,2
2026-03-31,000001,14:10:03,11.1400,199,1
2026-03-31,000001,14:10:06,11.1300,17,2
2026-03-31,000001,14:10:09,11.1300,41,2
2026-03-31,000001,14:10:12,11.1400,559,1
2026-03-31,000001,14:10:15,11.1400,5,1
2026-03-31,000001,14:10:18,11.1400,112,1
2026-03-31,000001,14:10:21,11.1400,179,1
2026-03-31,000001,14:10:24,11.1400,26,1
2026-03-31,000001,14:10:27,11.1300,44,2
2026-03-31,000001,14:10:30,11.1400,108,1
2026-03-31,000001,14:10:36,11.1300,4,2
2026-03-31,000001,14:10:39,11.1300,44,2
2026-03-31,000001,14:10:42,11.1300,40,2
2026-03-31,000001,14:10:45,11.1400,203,1
2026-03-31,000001,14:10:48,11.1400,34,1
2026-03-31,000001,14:10:51,11.1400,31,1
2026-03-31,000001,14:10:54,11.1400,1,1
2026-03-31,000001,14:10:57,11.1400,3,1
2026-03-31,000001,14:11:00,11.1400,746,1
2026-03-31,000001,14:11:03,11.1300,34,2
2026-03-31,000001,14:11:06,11.1300,38,2
2026-03-31,000001,14:11:09,11.1400,166,1
2026-03-31,000001,14:11:12,11.1400,14,1
2026-03-31,000001,14:11:15,11.1400,1,1
2026-03-31,000001,14:11:18,11.1300,25,2
2026-03-31,000001,14:11:24,11.1400,5,1
2026-03-31,000001,14:11:27,11.1400,29,1
2026-03-31,000001,14:11:30,11.1400,494,1
2026-03-31,000001,14:11:33,11.1400,2,1
2026-03-31,000001,14:11:36,11.1400,1,1
2026-03-31,000001,14:11:39,11.1300,355,2
2026-03-31,000001,14:11:42,11.1400,354,1
2026-03-31,000001,14:11:48,11.1400,17,1
2026-03-31,000001,14:11:51,11.1400,2,1
2026-03-31,000001,14:11:54,11.1300,2233,2
2026-03-31,000001,14:11:57,11.1300,74,2
2026-03-31,000001,14:12:00,11.1300,232,2
2026-03-31,000001,14:12:03,11.1300,207,2
2026-03-31,000001,14:12:06,11.1300,82,2
2026-03-31,000001,14:12:09,11.1300,2,2
2026-03-31,000001,14:12:12,11.1300,50,2
2026-03-31,000001,14:12:15,11.1300,12,2
2026-03-31,000001,14:12:18,11.1300,2,2
2026-03-31,000001,14:12:21,11.1300,169,2
2026-03-31,000001,14:12:24,11.1400,65,1
2026-03-31,000001,14:12:27,11.1300,7,2
2026-03-31,000001,14:12:30,11.1300,46,2
2026-03-31,000001,14:12:33,11.1400,28,1
2026-03-31,000001,14:12:36,11.1400,4,1
2026-03-31,000001,14:12:39,11.1300,31,2
2026-03-31,000001,14:12:42,11.1300,10,2
2026-03-31,000001,14:12:45,11.1300,1,2
2026-03-31,000001,14:12:48,11.1400,128,1
2026-03-31,000001,14:12:51,11.1400,348,1
2026-03-31,000001,14:12:54,11.1400,15,1
2026-03-31,000001,14:12:57,11.1400,2,1
2026-03-31,000001,14:13:00,11.1300,40,2
2026-03-31,000001,14:13:03,11.1300,6,2
2026-03-31,000001,14:13:06,11.1300,120,2
2026-03-31,000001,14:13:09,11.1300,13,2
2026-03-31,000001,14:13:12,11.1300,100,2
2026-03-31,000001,14:13:15,11.1300,14,2
2026-03-31,000001,14:13:18,11.1400,1,1
2026-03-31,000001,14:13:21,11.1300,399,2
2026-03-31,000001,14:13:24,11.1400,114,1
2026-03-31,000001,14:13:27,11.1300,23,2
2026-03-31,000001,14:13:30,11.1400,19,1
2026-03-31,000001,14:13:33,11.1400,52,1
2026-03-31,000001,14:13:36,11.1300,50,2
2026-03-31,000001,14:13:39,11.1400,144,1
2026-03-31,000001,14:13:42,11.1300,528,2
2026-03-31,000001,14:13:45,11.1300,560,2
2026-03-31,000001,14:13:48,11.1400,157,1
2026-03-31,000001,14:13:51,11.1400,236,1
2026-03-31,000001,14:13:54,11.1300,21,2
2026-03-31,000001,14:14:00,11.1400,1154,1
2026-03-31,000001,14:14:03,11.1300,70,2
2026-03-31,000001,14:14:06,11.1300,75,2
2026-03-31,000001,14:14:09,11.1300,32,2
2026-03-31,000001,14:14:18,11.1400,1,1
2026-03-31,000001,14:14:21,11.1400,7,1
2026-03-31,000001,14:14:24,11.1300,380,2
2026-03-31,000001,14:14:27,11.1300,3613,2
2026-03-31,000001,14:14:30,11.1200,560,2
2026-03-31,000001,14:14:33,11.1300,376,1
2026-03-31,000001,14:14:36,11.1300,35,1
2026-03-31,000001,14:14:39,11.1200,218,2
2026-03-31,000001,14:14:42,11.1300,65,1
2026-03-31,000001,14:14:45,11.1300,2671,1
2026-03-31,000001,14:14:51,11.1300,38,1
2026-03-31,000001,14:14:54,11.1300,1,1
2026-03-31,000001,14:14:57,11.1200,2,2
2026-03-31,000001,14:15:00,11.1200,12,2
2026-03-31,000001,14:15:09,11.1200,1,2
2026-03-31,000001,14:15:15,11.1300,7,1
2026-03-31,000001,14:15:18,11.1200,15,2
2026-03-31,000001,14:15:21,11.1300,144,1
2026-03-31,000001,14:15:24,11.1300,36,1
2026-03-31,000001,14:15:27,11.1200,322,2
2026-03-31,000001,14:15:30,11.1200,4,2
2026-03-31,000001,14:15:33,11.1300,2,1
2026-03-31,000001,14:15:39,11.1200,20,2
2026-03-31,000001,14:15:42,11.1300,7,1
2026-03-31,000001,14:15:48,11.1200,7,2
2026-03-31,000001,14:15:51,11.1300,481,1
2026-03-31,000001,14:15:54,11.1300,58,1
2026-03-31,000001,14:15:57,11.1300,67,1
2026-03-31,000001,14:16:00,11.1300,20,1
2026-03-31,000001,14:16:03,11.1300,53,1
2026-03-31,000001,14:16:06,11.1200,42,2
2026-03-31,000001,14:16:09,11.1300,145,1
2026-03-31,000001,14:16:12,11.1300,114,1
2026-03-31,000001,14:16:15,11.1300,7,1
2026-03-31,000001,14:16:21,11.1300,362,1
2026-03-31,000001,14:16:24,11.1200,10,2
2026-03-31,000001,14:16:27,11.1200,83,2
2026-03-31,000001,14:16:30,11.1300,9,1
2026-03-31,000001,14:16:33,11.1200,31,2
2026-03-31,000001,14:16:36,11.1200,40,2
2026-03-31,000001,14:16:39,11.1200,1,2
2026-03-31,000001,14:16:42,11.1200,28,2
2026-03-31,000001,14:16:45,11.1300,25,1
2026-03-31,000001,14:16:48,11.1200,31,2
2026-03-31,000001,14:16:51,11.1200,20,2
2026-03-31,000001,14:17:00,11.1200,198,2
2026-03-31,000001,14:17:03,11.1200,21,2
2026-03-31,000001,14:17:06,11.1200,22,2
2026-03-31,000001,14:17:09,11.1200,25,2
2026-03-31,000001,14:17:12,11.1200,21,2
2026-03-31,000001,14:17:15,11.1300,332,1
2026-03-31,000001,14:17:18,11.1300,345,1
2026-03-31,000001,14:17:21,11.1300,52,1
2026-03-31,000001,14:17:24,11.1200,21,2
2026-03-31,000001,14:17:27,11.1200,42,2
2026-03-31,000001,14:17:30,11.1200,93,2
2026-03-31,000001,14:17:33,11.1200,127,2
2026-03-31,000001,14:17:36,11.1200,28,2
2026-03-31,000001,14:17:39,11.1200,28,2
2026-03-31,000001,14:17:42,11.1200,78,2
2026-03-31,000001,14:17:45,11.1300,50,1
2026-03-31,000001,14:17:48,11.1200,486,2
2026-03-31,000001,14:17:51,11.1200,157,2
2026-03-31,000001,14:17:54,11.1200,25,2
2026-03-31,000001,14:18:00,11.1200,10,2
2026-03-31,000001,14:18:03,11.1300,11,1
2026-03-31,000001,14:18:06,11.1300,34,1
2026-03-31,000001,14:18:09,11.1200,33,2
2026-03-31,000001,14:18:12,11.1300,37,1
2026-03-31,000001,14:18:15,11.1200,4,2
2026-03-31,000001,14:18:18,11.1200,68,2
2026-03-31,000001,14:18:24,11.1200,16,2
2026-03-31,000001,14:18:27,11.1200,31,2
2026-03-31,000001,14:18:30,11.1200,9,2
2026-03-31,000001,14:18:33,11.1200,140,2
2026-03-31,000001,14:18:36,11.1200,559,2
2026-03-31,000001,14:18:39,11.1200,392,2
2026-03-31,000001,14:18:42,11.1200,26,2
2026-03-31,000001,14:18:45,11.1200,98,2
2026-03-31,000001,14:18:51,11.1200,29,2
2026-03-31,000001,14:18:54,11.1300,1,1
2026-03-31,000001,14:19:00,11.1200,26,2
2026-03-31,000001,14:19:03,11.1200,583,2
2026-03-31,000001,14:19:09,11.1200,68,2
2026-03-31,000001,14:19:18,11.1300,52,1
2026-03-31,000001,14:19:21,11.1200,5,2
2026-03-31,000001,14:19:27,11.1200,57,2
2026-03-31,000001,14:19:30,11.1300,144,1
2026-03-31,000001,14:19:33,11.1300,33,1
2026-03-31,000001,14:19:36,11.1300,12,1
2026-03-31,000001,14:19:39,11.1300,964,1
2026-03-31,000001,14:19:42,11.1200,64,2
2026-03-31,000001,14:19:45,11.1300,7,1
2026-03-31,000001,14:19:48,11.1300,33,1
2026-03-31,000001,14:19:51,11.1300,67,1
2026-03-31,000001,14:19:57,11.1300,24,1
2026-03-31,000001,14:20:00,11.1200,22,2
2026-03-31,000001,14:20:03,11.1200,87,2
2026-03-31,000001,14:20:06,11.1200,96,2
2026-03-31,000001,14:20:09,11.1200,39,2
2026-03-31,000001,14:20:12,11.1300,133,1
2026-03-31,000001,14:20:15,11.1200,100,2
2026-03-31,000001,14:20:18,11.1200,639,2
2026-03-31,000001,14:20:21,11.1200,234,2
2026-03-31,000001,14:20:24,11.1300,131,1
2026-03-31,000001,14:20:27,11.1200,1,2
2026-03-31,000001,14:20:30,11.1300,162,1
2026-03-31,000001,14:20:33,11.1200,52,2
2026-03-31,000001,14:20:36,11.1200,100,2
2026-03-31,000001,14:20:39,11.1200,24,2
2026-03-31,000001,14:20:42,11.1300,110,1
2026-03-31,000001,14:20:45,11.1200,11,2
2026-03-31,000001,14:20:48,11.1300,41,1
2026-03-31,000001,14:20:51,11.1200,37,2
2026-03-31,000001,14:20:54,11.1300,2,1
2026-03-31,000001,14:20:57,11.1200,7,2
2026-03-31,000001,14:21:00,11.1200,2,2
2026-03-31,000001,14:21:03,11.1200,39,2
2026-03-31,000001,14:21:06,11.1200,61,2
2026-03-31,000001,14:21:09,11.1300,12,1
2026-03-31,000001,14:21:12,11.1300,157,1
2026-03-31,000001,14:21:18,11.1300,437,1
2026-03-31,000001,14:21:21,11.1200,60,2
2026-03-31,000001,14:21:27,11.1200,27,2
2026-03-31,000001,14:21:30,11.1300,5,1
2026-03-31,000001,14:21:33,11.1200,323,2
2026-03-31,000001,14:21:36,11.1300,24,1
2026-03-31,000001,14:21:42,11.1200,151,2
2026-03-31,000001,14:21:45,11.1300,12,1
2026-03-31,000001,14:21:48,11.1300,2,1
2026-03-31,000001,14:21:51,11.1200,312,2
2026-03-31,000001,14:21:54,11.1200,50,2
2026-03-31,000001,14:21:57,11.1200,90,2
2026-03-31,000001,14:22:00,11.1300,151,1
2026-03-31,000001,14:22:03,11.1200,533,2
2026-03-31,000001,14:22:06,11.1200,35,2
2026-03-31,000001,14:22:12,11.1100,3810,2
2026-03-31,000001,14:22:15,11.1100,7,2
2026-03-31,000001,14:22:18,11.1100,31,2
2026-03-31,000001,14:22:21,11.1200,13,1
2026-03-31,000001,14:22:24,11.1100,28,2
2026-03-31,000001,14:22:27,11.1200,1,1
2026-03-31,000001,14:22:30,11.1100,32,2
2026-03-31,000001,14:22:33,11.1200,15,1
2026-03-31,000001,14:22:36,11.1100,40,2
2026-03-31,000001,14:22:39,11.1200,13,1
2026-03-31,000001,14:22:42,11.1100,14,2
2026-03-31,000001,14:22:45,11.1100,22,2
2026-03-31,000001,14:22:48,11.1200,415,1
2026-03-31,000001,14:22:51,11.1200,173,1
2026-03-31,000001,14:22:54,11.1200,76,1
2026-03-31,000001,14:23:00,11.1200,583,1
2026-03-31,000001,14:23:03,11.1200,76,1
2026-03-31,000001,14:23:06,11.1200,226,1
2026-03-31,000001,14:23:09,11.1200,53,2
2026-03-31,000001,14:23:12,11.1200,28,2
2026-03-31,000001,14:23:15,11.1200,47,2
2026-03-31,000001,14:23:18,11.1100,423,2
2026-03-31,000001,14:23:21,11.1200,54,1
2026-03-31,000001,14:23:24,11.1100,161,2
2026-03-31,000001,14:23:27,11.1200,4,1
2026-03-31,000001,14:23:30,11.1200,1,1
2026-03-31,000001,14:23:33,11.1200,187,1
2026-03-31,000001,14:23:36,11.1200,7,1
2026-03-31,000001,14:23:39,11.1100,347,2
2026-03-31,000001,14:23:42,11.1200,127,1
2026-03-31,000001,14:23:45,11.1200,68,2
2026-03-31,000001,14:23:48,11.1200,3,1
2026-03-31,000001,14:23:51,11.1200,14,1
2026-03-31,000001,14:23:57,11.1100,31,2
2026-03-31,000001,14:24:00,11.1100,70,2
2026-03-31,000001,14:24:06,11.1200,68,1
2026-03-31,000001,14:24:09,11.1100,124,2
2026-03-31,000001,14:24:12,11.1200,163,1
2026-03-31,000001,14:24:15,11.1200,89,1
2026-03-31,000001,14:24:18,11.1200,42,2
2026-03-31,000001,14:24:21,11.1200,87,2
2026-03-31,000001,14:24:24,11.1100,26,2
2026-03-31,000001,14:24:27,11.1200,124,1
2026-03-31,000001,14:24:30,11.1300,147,1
2026-03-31,000001,14:24:33,11.1200,60,2
2026-03-31,000001,14:24:36,11.1200,12,2
2026-03-31,000001,14:24:39,11.1200,190,2
2026-03-31,000001,14:24:42,11.1200,8,2
2026-03-31,000001,14:24:45,11.1300,98,1
2026-03-31,000001,14:24:48,11.1200,30,2
2026-03-31,000001,14:24:51,11.1200,38,2
2026-03-31,000001,14:24:54,11.1200,55,2
2026-03-31,000001,14:24:57,11.1200,20,2
2026-03-31,000001,14:25:00,11.1200,154,2
2026-03-31,000001,14:25:03,11.1300,5,1
2026-03-31,000001,14:25:06,11.1300,24,1
2026-03-31,000001,14:25:09,11.1200,83,2
2026-03-31,000001,14:25:12,11.1200,71,2
2026-03-31,000001,14:25:15,11.1300,13,1
2026-03-31,000001,14:25:18,11.1200,64,2
2026-03-31,000001,14:25:21,11.1300,184,1
2026-03-31,000001,14:25:24,11.1300,10,1
2026-03-31,000001,14:25:27,11.1300,13,1
2026-03-31,000001,14:25:33,11.1200,16,2
2026-03-31,000001,14:25:36,11.1300,14,1
2026-03-31,000001,14:25:39,11.1300,3,1
2026-03-31,000001,14:25:42,11.1200,27,2
2026-03-31,000001,14:25:45,11.1300,6,1
2026-03-31,000001,14:25:48,11.1200,1,2
2026-03-31,000001,14:25:51,11.1300,87,1
2026-03-31,000001,14:25:54,11.1200,2,2
2026-03-31,000001,14:25:57,11.1300,20,1
2026-03-31,000001,14:26:00,11.1300,30,1
2026-03-31,000001,14:26:03,11.1200,79,2
2026-03-31,000001,14:26:06,11.1200,80,2
2026-03-31,000001,14:26:09,11.1200,107,2
2026-03-31,000001,14:26:12,11.1200,586,2
2026-03-31,000001,14:26:15,11.1300,24,1
2026-03-31,000001,14:26:24,11.1200,107,2
2026-03-31,000001,14:26:27,11.1200,3,2
2026-03-31,000001,14:26:30,11.1200,116,2
2026-03-31,000001,14:26:36,11.1200,12,2
2026-03-31,000001,14:26:39,11.1200,67,2
2026-03-31,000001,14:26:42,11.1200,199,2
2026-03-31,000001,14:26:45,11.1200,69,2
2026-03-31,000001,14:26:48,11.1200,21,2
2026-03-31,000001,14:26:51,11.1200,506,2
2026-03-31,000001,14:26:54,11.1200,22,2
2026-03-31,000001,14:27:00,11.1300,179,1
2026-03-31,000001,14:27:03,11.1300,296,1
2026-03-31,000001,14:27:06,11.1200,27,2
2026-03-31,000001,14:27:09,11.1200,28,2
2026-03-31,000001,14:27:12,11.1200,117,2
2026-03-31,000001,14:27:15,11.1300,99,1
2026-03-31,000001,14:27:18,11.1200,23,2
2026-03-31,000001,14:27:24,11.1200,56,2
2026-03-31,000001,14:27:36,11.1200,14,2
2026-03-31,000001,14:27:39,11.1300,68,1
2026-03-31,000001,14:27:42,11.1200,736,2
2026-03-31,000001,14:27:45,11.1300,6,1
2026-03-31,000001,14:27:48,11.1200,11,2
2026-03-31,000001,14:27:51,11.1300,149,1
2026-03-31,000001,14:27:57,11.1300,14,1
2026-03-31,000001,14:28:00,11.1200,27,2
2026-03-31,000001,14:28:03,11.1300,39,1
2026-03-31,000001,14:28:06,11.1200,39,2
2026-03-31,000001,14:28:12,11.1200,25,2
2026-03-31,000001,14:28:15,11.1300,10,1
2026-03-31,000001,14:28:18,11.1200,4135,2
2026-03-31,000001,14:28:24,11.1100,40,2
2026-03-31,000001,14:28:27,11.1200,13,1
2026-03-31,000001,14:28:30,11.1100,356,2
2026-03-31,000001,14:28:36,11.1100,32,2
2026-03-31,000001,14:28:39,11.1100,22,2
2026-03-31,000001,14:28:42,11.1100,163,2
2026-03-31,000001,14:28:45,11.1100,42,2
2026-03-31,000001,14:28:48,11.1200,115,1
2026-03-31,000001,14:28:51,11.1200,32,1
2026-03-31,000001,14:28:54,11.1200,38,1
2026-03-31,000001,14:29:00,11.1100,19,2
2026-03-31,000001,14:29:03,11.1100,194,2
2026-03-31,000001,14:29:06,11.1100,55,2
2026-03-31,000001,14:29:09,11.1100,614,2
2026-03-31,000001,14:29:12,11.1200,31,1
2026-03-31,000001,14:29:15,11.1100,89,2
2026-03-31,000001,14:29:18,11.1200,14,1
2026-03-31,000001,14:29:21,11.1100,172,2
2026-03-31,000001,14:29:24,11.1100,434,2
2026-03-31,000001,14:29:27,11.1100,66,2
2026-03-31,000001,14:29:30,11.1100,3,2
2026-03-31,000001,14:29:33,11.1200,275,1
2026-03-31,000001,14:29:36,11.1100,350,2
2026-03-31,000001,14:29:39,11.1100,5,2
2026-03-31,000001,14:29:42,11.1200,21,1
2026-03-31,000001,14:29:45,11.1100,15,2
2026-03-31,000001,14:29:48,11.1200,31,1
2026-03-31,000001,14:29:51,11.1200,44,1
2026-03-31,000001,14:29:57,11.1200,17,1
2026-03-31,000001,14:30:00,11.1100,67,2
2026-03-31,000001,14:30:03,11.1100,304,2
2026-03-31,000001,14:30:06,11.1200,89,1
2026-03-31,000001,14:30:09,11.1200,325,1
2026-03-31,000001,14:30:12,11.1200,18,1
2026-03-31,000001,14:30:15,11.1100,51,2
2026-03-31,000001,14:30:18,11.1100,144,2
2026-03-31,000001,14:30:21,11.1200,145,1
2026-03-31,000001,14:30:24,11.1200,77,1
2026-03-31,000001,14:30:27,11.1100,56,2
2026-03-31,000001,14:30:30,11.1100,1,2
2026-03-31,000001,14:30:33,11.1200,64,1
2026-03-31,000001,14:30:36,11.1100,77,2
2026-03-31,000001,14:30:39,11.1100,4,2
2026-03-31,000001,14:30:42,11.1200,24,1
2026-03-31,000001,14:30:45,11.1100,20,2
2026-03-31,000001,14:30:48,11.1200,31,1
2026-03-31,000001,14:30:54,11.1100,365,2
2026-03-31,000001,14:30:57,11.1100,50,2
2026-03-31,000001,14:31:00,11.1100,24,2
2026-03-31,000001,14:31:06,11.1200,21,1
2026-03-31,000001,14:31:09,11.1200,10,1
2026-03-31,000001,14:31:12,11.1200,168,1
2026-03-31,000001,14:31:15,11.1100,16,2
2026-03-31,000001,14:31:18,11.1200,13,1
2026-03-31,000001,14:31:24,11.1100,292,2
2026-03-31,000001,14:31:27,11.1200,82,1
2026-03-31,000001,14:31:33,11.1100,5,2
2026-03-31,000001,14:31:36,11.1200,11,1
2026-03-31,000001,14:31:39,11.1200,7,1
2026-03-31,000001,14:31:42,11.1100,1,2
2026-03-31,000001,14:31:45,11.1200,30,1
2026-03-31,000001,14:31:54,11.1100,18,2
2026-03-31,000001,14:31:57,11.1200,12,1
2026-03-31,000001,14:32:00,11.1200,160,1
2026-03-31,000001,14:32:03,11.1100,15,2
2026-03-31,000001,14:32:06,11.1200,28,1
2026-03-31,000001,14:32:09,11.1100,19,2
2026-03-31,000001,14:32:12,11.1100,46,2
2026-03-31,000001,14:32:15,11.1100,20,2
2026-03-31,000001,14:32:18,11.1000,6357,2
2026-03-31,000001,14:32:21,11.1100,187,1
2026-03-31,000001,14:32:24,11.1100,46,1
2026-03-31,000001,14:32:27,11.1000,12,2
2026-03-31,000001,14:32:30,11.1000,4,2
2026-03-31,000001,14:32:33,11.1100,62,1
2026-03-31,000001,14:32:36,11.1000,10,2
2026-03-31,000001,14:32:39,11.1100,50,1
2026-03-31,000001,14:32:42,11.1100,105,1
2026-03-31,000001,14:32:45,11.1100,24,1
2026-03-31,000001,14:32:48,11.1100,89,1
2026-03-31,000001,14:32:51,11.1100,161,1
2026-03-31,000001,14:32:54,11.1100,47,1
2026-03-31,000001,14:32:57,11.1100,177,1
2026-03-31,000001,14:33:03,11.1100,488,1
2026-03-31,000001,14:33:06,11.1100,390,1
2026-03-31,000001,14:33:09,11.1100,26,1
2026-03-31,000001,14:33:12,11.1100,61,1
2026-03-31,000001,14:33:15,11.1000,153,2
2026-03-31,000001,14:33:18,11.1000,104,2
2026-03-31,000001,14:33:21,11.1000,49,2
2026-03-31,000001,14:33:24,11.1000,51,2
2026-03-31,000001,14:33:27,11.1100,10,1
2026-03-31,000001,14:33:33,11.1100,64,1
2026-03-31,000001,14:33:36,11.1100,11,1
2026-03-31,000001,14:33:39,11.1100,25,1
2026-03-31,000001,14:33:42,11.1000,149,2
2026-03-31,000001,14:33:45,11.1000,23,2
2026-03-31,000001,14:33:48,11.1100,389,1
2026-03-31,000001,14:33:51,11.1100,23,1
2026-03-31,000001,14:33:54,11.1000,70,2
2026-03-31,000001,14:33:57,11.1100,19,1
2026-03-31,000001,14:34:00,11.1000,57,2
2026-03-31,000001,14:34:03,11.1100,32,1
2026-03-31,000001,14:34:06,11.1000,24,2
2026-03-31,000001,14:34:09,11.1000,13,2
2026-03-31,000001,14:34:12,11.1000,349,2
2026-03-31,000001,14:34:15,11.1000,215,2
2026-03-31,000001,14:34:18,11.1000,15,2
2026-03-31,000001,14:34:21,11.1000,61,2
2026-03-31,000001,14:34:24,11.1000,253,2
2026-03-31,000001,14:34:27,11.1100,63,1
2026-03-31,000001,14:34:30,11.1000,137,2
2026-03-31,000001,14:34:33,11.1100,121,1
2026-03-31,000001,14:34:36,11.1100,692,2
2026-03-31,000001,14:34:39,11.1100,51,1
2026-03-31,000001,14:34:42,11.1100,275,1
2026-03-31,000001,14:34:45,11.1100,410,2
2026-03-31,000001,14:34:48,11.1100,32,2
2026-03-31,000001,14:34:51,11.1100,31,1
2026-03-31,000001,14:34:54,11.1100,77,1
2026-03-31,000001,14:34:57,11.1100,2,1
2026-03-31,000001,14:35:00,11.1100,24,1
2026-03-31,000001,14:35:03,11.1100,60,1
2026-03-31,000001,14:35:06,11.1100,12,1
2026-03-31,000001,14:35:09,11.1000,12,2
2026-03-31,000001,14:35:12,11.1100,442,1
2026-03-31,000001,14:35:15,11.1100,42,1
2026-03-31,000001,14:35:18,11.1100,388,2
2026-03-31,000001,14:35:21,11.1100,196,1
2026-03-31,000001,14:35:24,11.1000,75,2
2026-03-31,000001,14:35:27,11.1100,2,1
2026-03-31,000001,14:35:30,11.1100,610,1
2026-03-31,000001,14:35:33,11.1100,35,1
2026-03-31,000001,14:35:36,11.1000,813,2
2026-03-31,000001,14:35:39,11.1100,58,1
2026-03-31,000001,14:35:42,11.1100,34,1
2026-03-31,000001,14:35:45,11.1100,30,1
2026-03-31,000001,14:35:48,11.1100,7,1
2026-03-31,000001,14:35:51,11.1100,1054,1
2026-03-31,000001,14:35:54,11.1000,13,2
2026-03-31,000001,14:35:57,11.1000,1353,2
2026-03-31,000001,14:36:00,11.1100,30,1
2026-03-31,000001,14:36:03,11.1000,286,2
2026-03-31,000001,14:36:06,11.1100,641,1
2026-03-31,000001,14:36:09,11.1000,305,2
2026-03-31,000001,14:36:12,11.1100,307,4
2026-03-31,000001,14:36:15,11.1100,434,1
2026-03-31,000001,14:36:18,11.1100,20,1
2026-03-31,000001,14:36:21,11.1100,1181,1
2026-03-31,000001,14:36:24,11.1000,33,2
2026-03-31,000001,14:36:27,11.1100,32,1
2026-03-31,000001,14:36:30,11.1000,103,2
2026-03-31,000001,14:36:33,11.1100,12,1
2026-03-31,000001,14:36:36,11.1000,10,2
2026-03-31,000001,14:36:39,11.1100,2,1
2026-03-31,000001,14:36:42,11.1000,1115,2
2026-03-31,000001,14:36:45,11.1100,17,1
2026-03-31,000001,14:36:48,11.1100,8,1
2026-03-31,000001,14:36:54,11.1100,180,1
2026-03-31,000001,14:36:57,11.1100,19,1
2026-03-31,000001,14:37:00,11.1100,8,1
2026-03-31,000001,14:37:03,11.1000,4472,2
2026-03-31,000001,14:37:06,11.1100,275,1
2026-03-31,000001,14:37:09,11.1000,242,2
2026-03-31,000001,14:37:12,11.1000,102,2
2026-03-31,000001,14:37:15,11.1000,3658,2
2026-03-31,000001,14:37:18,11.1000,292,1
2026-03-31,000001,14:37:21,11.1100,6,1
2026-03-31,000001,14:37:24,11.1000,126,2
2026-03-31,000001,14:37:27,11.1100,307,1
2026-03-31,000001,14:37:30,11.1000,86,2
2026-03-31,000001,14:37:33,11.1100,13,1
2026-03-31,000001,14:37:36,11.1100,27,1
2026-03-31,000001,14:37:39,11.1000,10,2
2026-03-31,000001,14:37:42,11.1100,160,1
2026-03-31,000001,14:37:45,11.1100,131,1
2026-03-31,000001,14:37:48,11.1100,46,1
2026-03-31,000001,14:37:51,11.1100,1084,1
2026-03-31,000001,14:37:54,11.1100,811,1
2026-03-31,000001,14:37:57,11.1000,30,2
2026-03-31,000001,14:38:00,11.1000,2,2
2026-03-31,000001,14:38:03,11.1000,67,2
2026-03-31,000001,14:38:06,11.1000,562,2
2026-03-31,000001,14:38:09,11.1000,45,2
2026-03-31,000001,14:38:12,11.1000,52,2
2026-03-31,000001,14:38:15,11.1000,23,2
2026-03-31,000001,14:38:21,11.1000,29,2
2026-03-31,000001,14:38:24,11.1000,91,2
2026-03-31,000001,14:38:27,11.1000,23,2
2026-03-31,000001,14:38:33,11.1000,1,2
2026-03-31,000001,14:38:36,11.1100,41,1
2026-03-31,000001,14:38:39,11.1000,5,2
2026-03-31,000001,14:38:42,11.1100,157,1
2026-03-31,000001,14:38:45,11.1100,26,1
2026-03-31,000001,14:38:51,11.1000,2,2
2026-03-31,000001,14:38:54,11.1000,33,2
2026-03-31,000001,14:38:57,11.1100,35,1
2026-03-31,000001,14:39:00,11.1000,13,2
2026-03-31,000001,14:39:03,11.1000,8,2
2026-03-31,000001,14:39:06,11.1000,10,2
2026-03-31,000001,14:39:09,11.1000,1,2
2026-03-31,000001,14:39:12,11.1000,12,2
2026-03-31,000001,14:39:15,11.1000,22,2
2026-03-31,000001,14:39:18,11.1100,8,1
2026-03-31,000001,14:39:21,11.1100,17,1
2026-03-31,000001,14:39:24,11.1000,40,2
2026-03-31,000001,14:39:27,11.1100,131,1
2026-03-31,000001,14:39:33,11.1000,156,2
2026-03-31,000001,14:39:36,11.1000,28,2
2026-03-31,000001,14:39:39,11.1100,32,1
2026-03-31,000001,14:39:42,11.1000,67,2
2026-03-31,000001,14:39:45,11.1000,12,2
2026-03-31,000001,14:39:48,11.1100,35,1
2026-03-31,000001,14:39:51,11.1100,87,1
2026-03-31,000001,14:39:54,11.1000,2175,2
2026-03-31,000001,14:39:57,11.1100,277,1
2026-03-31,000001,14:40:03,11.1000,68,2
2026-03-31,000001,14:40:06,11.1100,66,1
2026-03-31,000001,14:40:09,11.1000,2,2
2026-03-31,000001,14:40:12,11.1000,41,2
2026-03-31,000001,14:40:15,11.1000,403,2
2026-03-31,000001,14:40:18,11.1000,4,2
2026-03-31,000001,14:40:21,11.1000,590,2
2026-03-31,000001,14:40:24,11.1000,30,2
2026-03-31,000001,14:40:27,11.1100,20,1
2026-03-31,000001,14:40:30,11.1100,2,1
2026-03-31,000001,14:40:33,11.1100,20,1
2026-03-31,000001,14:40:36,11.1100,353,1
2026-03-31,000001,14:40:39,11.1000,126,2
2026-03-31,000001,14:40:42,11.1100,1,1
2026-03-31,000001,14:40:45,11.1100,149,1
2026-03-31,000001,14:40:48,11.1100,320,1
2026-03-31,000001,14:40:51,11.1100,116,1
2026-03-31,000001,14:40:54,11.1100,24,1
2026-03-31,000001,14:40:57,11.1100,8,1
2026-03-31,000001,14:41:00,11.1100,10,1
2026-03-31,000001,14:41:03,11.1100,55,1
2026-03-31,000001,14:41:06,11.1100,20,1
2026-03-31,000001,14:41:12,11.1100,153,1
2026-03-31,000001,14:41:15,11.1100,134,1
2026-03-31,000001,14:41:18,11.1100,63,1
2026-03-31,000001,14:41:21,11.1100,254,1
2026-03-31,000001,14:41:24,11.1000,54,2
2026-03-31,000001,14:41:27,11.1000,13,2
2026-03-31,000001,14:41:30,11.1100,8,1
2026-03-31,000001,14:41:33,11.1100,22,1
2026-03-31,000001,14:41:36,11.1000,61,2
2026-03-31,000001,14:41:42,11.1100,16,1
2026-03-31,000001,14:41:45,11.1100,17,1
2026-03-31,000001,14:41:48,11.1000,72,2
2026-03-31,000001,14:41:51,11.1100,25,1
2026-03-31,000001,14:41:54,11.1000,45,2
2026-03-31,000001,14:41:57,11.1000,235,2
2026-03-31,000001,14:42:00,11.1000,27,2
2026-03-31,000001,14:42:03,11.1000,342,2
2026-03-31,000001,14:42:06,11.1000,35,2
2026-03-31,000001,14:42:09,11.1000,4,2
2026-03-31,000001,14:42:12,11.1000,54,2
2026-03-31,000001,14:42:15,11.1000,218,2
2026-03-31,000001,14:42:18,11.1000,77,2
2026-03-31,000001,14:42:21,11.1000,5391,2
2026-03-31,000001,14:42:24,11.1000,57,1
2026-03-31,000001,14:42:27,11.1000,80,1
2026-03-31,000001,14:42:30,11.1000,16,1
2026-03-31,000001,14:42:33,11.1000,1,1
2026-03-31,000001,14:42:36,11.0900,68,2
2026-03-31,000001,14:42:39,11.1000,332,1
2026-03-31,000001,14:42:42,11.1000,506,1
2026-03-31,000001,14:42:45,11.0900,20,2
2026-03-31,000001,14:42:48,11.0900,13,2
2026-03-31,000001,14:42:54,11.1000,194,1
2026-03-31,000001,14:42:57,11.1000,111,1
2026-03-31,000001,14:43:00,11.1000,159,1
2026-03-31,000001,14:43:03,11.0900,76,2
2026-03-31,000001,14:43:06,11.1000,63,1
2026-03-31,000001,14:43:09,11.1000,3,1
2026-03-31,000001,14:43:12,11.1000,14,1
2026-03-31,000001,14:43:15,11.1000,39,1
2026-03-31,000001,14:43:18,11.1000,290,1
2026-03-31,000001,14:43:21,11.1000,418,2
2026-03-31,000001,14:43:24,11.1000,118,2
2026-03-31,000001,14:43:27,11.1000,142,1
2026-03-31,000001,14:43:30,11.0900,80,2
2026-03-31,000001,14:43:33,11.1000,102,1
2026-03-31,000001,14:43:36,11.1000,250,2
2026-03-31,000001,14:43:39,11.1000,106,2
2026-03-31,000001,14:43:42,11.1000,286,2
2026-03-31,000001,14:43:45,11.1000,165,2
2026-03-31,000001,14:43:48,11.1000,144,1
2026-03-31,000001,14:43:51,11.0900,169,2
2026-03-31,000001,14:43:54,11.1000,230,1
2026-03-31,000001,14:43:57,11.1000,154,2
2026-03-31,000001,14:44:00,11.1000,2,1
2026-03-31,000001,14:44:03,11.1000,191,1
2026-03-31,000001,14:44:06,11.1000,26,1
2026-03-31,000001,14:44:09,11.1000,139,1
2026-03-31,000001,14:44:12,11.1000,92,1
2026-03-31,000001,14:44:15,11.1000,46,1
2026-03-31,000001,14:44:18,11.1000,11,1
2026-03-31,000001,14:44:24,11.0900,12,2
2026-03-31,000001,14:44:27,11.1000,277,1
2026-03-31,000001,14:44:30,11.1000,290,2
2026-03-31,000001,14:44:33,11.1000,191,2
2026-03-31,000001,14:44:36,11.1000,124,2
2026-03-31,000001,14:44:39,11.1000,74,2
2026-03-31,000001,14:44:42,11.1000,118,2
2026-03-31,000001,14:44:45,11.1000,324,2
2026-03-31,000001,14:44:48,11.1000,93,2
2026-03-31,000001,14:44:51,11.1000,75,2
2026-03-31,000001,14:44:54,11.1000,86,2
2026-03-31,000001,14:44:57,11.1000,30,1
2026-03-31,000001,14:45:00,11.1000,233,1
2026-03-31,000001,14:45:03,11.0900,98,2
2026-03-31,000001,14:45:06,11.1000,99,1
2026-03-31,000001,14:45:09,11.1000,25,1
2026-03-31,000001,14:45:12,11.1000,83,1
2026-03-31,000001,14:45:15,11.1000,72,1
2026-03-31,000001,14:45:18,11.1000,122,1
2026-03-31,000001,14:45:21,11.1000,150,1
2026-03-31,000001,14:45:24,11.1000,332,1
2026-03-31,000001,14:45:27,11.1000,29,1
2026-03-31,000001,14:45:30,11.1000,14,1
2026-03-31,000001,14:45:33,11.1000,21,1
2026-03-31,000001,14:45:36,11.1000,43,1
2026-03-31,000001,14:45:39,11.1000,18,1
2026-03-31,000001,14:45:42,11.0900,1005,2
2026-03-31,000001,14:45:45,11.0900,10,2
2026-03-31,000001,14:45:48,11.1000,13,1
2026-03-31,000001,14:45:51,11.1000,848,1
2026-03-31,000001,14:45:54,11.0900,41,2
2026-03-31,000001,14:45:57,11.1000,10,1
2026-03-31,000001,14:46:00,11.0900,6,2
2026-03-31,000001,14:46:03,11.0900,310,2
2026-03-31,000001,14:46:06,11.0900,192,2
2026-03-31,000001,14:46:09,11.0900,64,2
2026-03-31,000001,14:46:12,11.1000,281,1
2026-03-31,000001,14:46:15,11.0900,28,2
2026-03-31,000001,14:46:18,11.0900,16,2
2026-03-31,000001,14:46:21,11.0900,44,2
2026-03-31,000001,14:46:24,11.0900,350,2
2026-03-31,000001,14:46:27,11.1000,13,1
2026-03-31,000001,14:46:30,11.0900,15,2
2026-03-31,000001,14:46:33,11.1000,28,1
2026-03-31,000001,14:46:36,11.0900,144,2
2026-03-31,000001,14:46:39,11.0900,52,2
2026-03-31,000001,14:46:42,11.0900,8,2
2026-03-31,000001,14:46:45,11.0900,200,2
2026-03-31,000001,14:46:48,11.0900,41,2
2026-03-31,000001,14:46:51,11.0900,409,2
2026-03-31,000001,14:46:54,11.0900,163,2
2026-03-31,000001,14:46:57,11.0900,7,2
2026-03-31,000001,14:47:00,11.0900,43,2
2026-03-31,000001,14:47:03,11.0900,571,2
2026-03-31,000001,14:47:06,11.0900,565,2
2026-03-31,000001,14:47:09,11.1000,59,1
2026-03-31,000001,14:47:12,11.0900,184,2
2026-03-31,000001,14:47:15,11.1000,366,1
2026-03-31,000001,14:47:18,11.0900,62,2
2026-03-31,000001,14:47:21,11.1000,41,1
2026-03-31,000001,14:47:24,11.0900,60,2
2026-03-31,000001,14:47:27,11.1000,66,1
2026-03-31,000001,14:47:30,11.0900,446,2
2026-03-31,000001,14:47:33,11.1000,21,1
2026-03-31,000001,14:47:36,11.1000,40,1
2026-03-31,000001,14:47:39,11.0900,31,2
2026-03-31,000001,14:47:42,11.0900,40,2
2026-03-31,000001,14:47:45,11.0900,140,2
2026-03-31,000001,14:47:48,11.1000,99,1
2026-03-31,000001,14:47:51,11.1000,50,1
2026-03-31,000001,14:47:54,11.0900,52,2
2026-03-31,000001,14:47:57,11.0900,44,2
2026-03-31,000001,14:48:00,11.0900,32,2
2026-03-31,000001,14:48:03,11.1000,72,1
2026-03-31,000001,14:48:06,11.0900,393,2
2026-03-31,000001,14:48:09,11.0900,31,2
2026-03-31,000001,14:48:12,11.0900,423,2
2026-03-31,000001,14:48:15,11.1000,44,1
2026-03-31,000001,14:48:18,11.1000,123,1
2026-03-31,000001,14:48:21,11.1000,126,1
2026-03-31,000001,14:48:24,11.1000,63,1
2026-03-31,000001,14:48:27,11.1000,969,1
2026-03-31,000001,14:48:30,11.1000,251,1
2026-03-31,000001,14:48:33,11.1000,6,1
2026-03-31,000001,14:48:36,11.0900,176,2
2026-03-31,000001,14:48:39,11.0900,2,2
2026-03-31,000001,14:48:42,11.1000,22,1
2026-03-31,000001,14:48:45,11.1000,45,1
2026-03-31,000001,14:48:48,11.1000,33,1
2026-03-31,000001,14:48:51,11.1000,82,1
2026-03-31,000001,14:48:54,11.1000,129,1
2026-03-31,000001,14:48:57,11.1000,16,1
2026-03-31,000001,14:49:00,11.1000,120,1
2026-03-31,000001,14:49:03,11.0900,5498,2
2026-03-31,000001,14:49:06,11.0900,513,1
2026-03-31,000001,14:49:09,11.0900,126,1
2026-03-31,000001,14:49:12,11.0900,76,1
2026-03-31,000001,14:49:15,11.0900,127,1
2026-03-31,000001,14:49:18,11.0900,17,1
2026-03-31,000001,14:49:21,11.0900,50,1
2026-03-31,000001,14:49:24,11.0900,113,1
2026-03-31,000001,14:49:27,11.0900,90,1
2026-03-31,000001,14:49:30,11.0900,55,1
2026-03-31,000001,14:49:33,11.0900,94,1
2026-03-31,000001,14:49:36,11.0900,54,1
2026-03-31,000001,14:49:39,11.0900,41,1
2026-03-31,000001,14:49:42,11.0900,74,1
2026-03-31,000001,14:49:45,11.0900,78,1
2026-03-31,000001,14:49:48,11.0900,49,1
2026-03-31,000001,14:49:51,11.0900,38,1
2026-03-31,000001,14:49:54,11.0800,24,2
2026-03-31,000001,14:49:57,11.0900,163,1
2026-03-31,000001,14:50:00,11.0800,16,2
2026-03-31,000001,14:50:03,11.0900,1787,1
2026-03-31,000001,14:50:06,11.0900,147,1
2026-03-31,000001,14:50:09,11.0900,34,1
2026-03-31,000001,14:50:12,11.0800,8,2
2026-03-31,000001,14:50:15,11.0900,50,1
2026-03-31,000001,14:50:18,11.0900,45,1
2026-03-31,000001,14:50:21,11.0900,82,1
2026-03-31,000001,14:50:24,11.0900,50,1
2026-03-31,000001,14:50:27,11.0900,108,1
2026-03-31,000001,14:50:30,11.0900,1117,1
2026-03-31,000001,14:50:33,11.0900,243,1
2026-03-31,000001,14:50:36,11.0900,41,1
2026-03-31,000001,14:50:39,11.0900,24,1
2026-03-31,000001,14:50:42,11.0900,65,1
2026-03-31,000001,14:50:45,11.0800,28,2
2026-03-31,000001,14:50:48,11.0800,108,2
2026-03-31,000001,14:50:51,11.0800,81,2
2026-03-31,000001,14:50:54,11.0800,28,2
2026-03-31,000001,14:50:57,11.0800,19,2
2026-03-31,000001,14:51:00,11.0800,4300,2
2026-03-31,000001,14:51:03,11.0800,747,1
2026-03-31,000001,14:51:06,11.0800,173,1
2026-03-31,000001,14:51:09,11.0800,557,1
2026-03-31,000001,14:51:12,11.0800,41,1
2026-03-31,000001,14:51:15,11.0900,28,1
2026-03-31,000001,14:51:18,11.0700,37,2
2026-03-31,000001,14:51:21,11.0800,177,1
2026-03-31,000001,14:51:24,11.0800,92,2
2026-03-31,000001,14:51:27,11.0800,722,1
2026-03-31,000001,14:51:30,11.0800,133,1
2026-03-31,000001,14:51:33,11.0700,56,2
2026-03-31,000001,14:51:36,11.0800,12,1
2026-03-31,000001,14:51:39,11.0800,879,1
2026-03-31,000001,14:51:42,11.0800,51,1
2026-03-31,000001,14:51:45,11.0700,54,2
2026-03-31,000001,14:51:48,11.0800,125,1
2026-03-31,000001,14:51:51,11.0700,516,2
2026-03-31,000001,14:51:54,11.0800,60,1
2026-03-31,000001,14:51:57,11.0800,10,1
2026-03-31,000001,14:52:00,11.0800,216,1
2026-03-31,000001,14:52:03,11.0800,1074,1
2026-03-31,000001,14:52:06,11.0800,69,1
2026-03-31,000001,14:52:09,11.0800,173,1
2026-03-31,000001,14:52:12,11.0800,182,1
2026-03-31,000001,14:52:15,11.0800,47,1
2026-03-31,000001,14:52:18,11.0800,50,2
2026-03-31,000001,14:52:21,11.0900,56,1
2026-03-31,000001,14:52:24,11.0800,157,2
2026-03-31,000001,14:52:27,11.0900,217,1
2026-03-31,000001,14:52:30,11.0900,119,1
2026-03-31,000001,14:52:33,11.0900,14,1
2026-03-31,000001,14:52:36,11.0800,28,2
2026-03-31,000001,14:52:39,11.0800,21,2
2026-03-31,000001,14:52:42,11.0800,16,2
2026-03-31,000001,14:52:45,11.0800,77,2
2026-03-31,000001,14:52:48,11.0900,22,1
2026-03-31,000001,14:52:51,11.0900,104,1
2026-03-31,000001,14:52:54,11.0900,171,1
2026-03-31,000001,14:52:57,11.0900,171,1
2026-03-31,000001,14:53:00,11.0900,1847,1
2026-03-31,000001,14:53:03,11.0800,1266,1
2026-03-31,000001,14:53:06,11.0900,288,1
2026-03-31,000001,14:53:09,11.0700,18,2
2026-03-31,000001,14:53:12,11.0700,131,2
2026-03-31,000001,14:53:15,11.0800,108,4
2026-03-31,000001,14:53:18,11.0800,60,2
2026-03-31,000001,14:53:21,11.0700,276,2
2026-03-31,000001,14:53:24,11.0800,72,2
2026-03-31,000001,14:53:27,11.0800,124,2
2026-03-31,000001,14:53:30,11.0800,20,2
2026-03-31,000001,14:53:33,11.0800,40,2
2026-03-31,000001,14:53:36,11.0900,245,1
2026-03-31,000001,14:53:39,11.0800,2,2
2026-03-31,000001,14:53:42,11.0700,980,2
2026-03-31,000001,14:53:45,11.0800,18,4
2026-03-31,000001,14:53:48,11.0800,55,1
2026-03-31,000001,14:53:51,11.0800,97,1
2026-03-31,000001,14:53:54,11.0800,57,1
2026-03-31,000001,14:53:57,11.0700,20,2
2026-03-31,000001,14:54:00,11.0800,72,1
2026-03-31,000001,14:54:03,11.0900,802,1
2026-03-31,000001,14:54:06,11.0900,217,1
2026-03-31,000001,14:54:09,11.0900,59,1
2026-03-31,000001,14:54:12,11.0800,127,2
2026-03-31,000001,14:54:15,11.0800,81,2
2026-03-31,000001,14:54:18,11.0800,92,2
2026-03-31,000001,14:54:21,11.0800,409,2
2026-03-31,000001,14:54:24,11.0800,1,1
2026-03-31,000001,14:54:27,11.0700,421,2
2026-03-31,000001,14:54:30,11.0900,90,1
2026-03-31,000001,14:54:33,11.0900,3722,1
2026-03-31,000001,14:54:36,11.0800,65,4
2026-03-31,000001,14:54:39,11.0800,60,1
2026-03-31,000001,14:54:42,11.0800,888,1
2026-03-31,000001,14:54:45,11.0700,191,2
2026-03-31,000001,14:54:48,11.0700,137,2
2026-03-31,000001,14:54:51,11.0800,39,1
2026-03-31,000001,14:54:54,11.0800,99,1
2026-03-31,000001,14:54:57,11.0700,200,2
2026-03-31,000001,14:55:00,11.0700,52,2
2026-03-31,000001,14:55:03,11.0700,529,2
2026-03-31,000001,14:55:06,11.0800,98,1
2026-03-31,000001,14:55:09,11.0800,422,1
2026-03-31,000001,14:55:12,11.0700,148,2
2026-03-31,000001,14:55:15,11.0800,34,1
2026-03-31,000001,14:55:18,11.0800,113,1
2026-03-31,000001,14:55:21,11.0800,50,1
2026-03-31,000001,14:55:24,11.0800,179,1
2026-03-31,000001,14:55:27,11.0800,59,1
2026-03-31,000001,14:55:30,11.0800,110,1
2026-03-31,000001,14:55:33,11.0800,518,1
2026-03-31,000001,14:55:36,11.0800,890,1
2026-03-31,000001,14:55:39,11.0800,423,1
2026-03-31,000001,14:55:42,11.0700,231,2
2026-03-31,000001,14:55:45,11.0800,70,1
2026-03-31,000001,14:55:48,11.0800,210,1
2026-03-31,000001,14:55:51,11.0800,654,1
2026-03-31,000001,14:55:54,11.0800,67,2
2026-03-31,000001,14:55:57,11.0800,65,2
2026-03-31,000001,14:56:00,11.0900,2,1
2026-03-31,000001,14:56:03,11.0800,1784,2
2026-03-31,000001,14:56:06,11.0900,158,1
2026-03-31,000001,14:56:09,11.0900,47,1
2026-03-31,000001,14:56:12,11.0900,126,1
2026-03-31,000001,14:56:15,11.0800,599,2
2026-03-31,000001,14:56:18,11.0800,115,2
2026-03-31,000001,14:56:21,11.0900,50,1
2026-03-31,000001,14:56:24,11.0800,80,2
2026-03-31,000001,14:56:27,11.0800,187,2
2026-03-31,000001,14:56:30,11.0900,10155,1
2026-03-31,000001,14:56:33,11.0900,89,1
2026-03-31,000001,14:56:36,11.0900,119,1
2026-03-31,000001,14:56:39,11.0900,93,1
2026-03-31,000001,14:56:42,11.1000,500,1
2026-03-31,000001,14:56:45,11.0900,129,2
2026-03-31,000001,14:56:48,11.0900,33,2
2026-03-31,000001,14:56:51,11.1000,27,1
2026-03-31,000001,14:56:54,11.1000,60,1
2026-03-31,000001,14:56:57,11.1000,318,1
2026-03-31,000001,14:57:00,11.1000,195,1
2026-03-31,000001,15:00:00,11.0800,13747,4
2026-03-31,000001,13:07:24,11.1600,212,1
2026-03-31,000001,13:07:27,11.1500,29,2
2026-03-31,000001,13:07:30,11.1500,24,2
2026-03-31,000001,13:07:33,11.1500,3,2
2026-03-31,000001,13:07:36,11.1600,65,1
2026-03-31,000001,13:07:39,11.1600,67,1
2026-03-31,000001,13:07:42,11.1500,48,2
2026-03-31,000001,13:07:45,11.1500,268,2
2026-03-31,000001,13:07:48,11.1600,2,1
2026-03-31,000001,13:07:51,11.1600,29,1
2026-03-31,000001,13:07:54,11.1500,40,2
2026-03-31,000001,13:07:57,11.1600,5,1
2026-03-31,000001,13:08:00,11.1500,69,2
2026-03-31,000001,13:08:03,11.1500,1,2
2026-03-31,000001,13:08:06,11.1500,12,2
2026-03-31,000001,13:08:09,11.1600,4,1
2026-03-31,000001,13:08:12,11.1500,10,2
2026-03-31,000001,13:08:15,11.1500,19,2
2026-03-31,000001,13:08:18,11.1600,62,1
2026-03-31,000001,13:08:21,11.1500,91,2
2026-03-31,000001,13:08:24,11.1500,89,2
2026-03-31,000001,13:08:27,11.1500,335,2
2026-03-31,000001,13:08:30,11.1500,65,2
2026-03-31,000001,13:08:33,11.1500,46,2
2026-03-31,000001,13:08:36,11.1500,200,2
2026-03-31,000001,13:08:39,11.1500,6,2
2026-03-31,000001,13:08:42,11.1500,17,2
2026-03-31,000001,13:08:48,11.1500,20,2
2026-03-31,000001,13:08:51,11.1600,354,1
2026-03-31,000001,13:08:54,11.1600,12,1
2026-03-31,000001,13:08:57,11.1500,60,2
2026-03-31,000001,13:09:00,11.1500,66,2
2026-03-31,000001,13:09:03,11.1600,611,1
2026-03-31,000001,13:09:06,11.1500,35,2
2026-03-31,000001,13:09:09,11.1600,53,1
2026-03-31,000001,13:09:12,11.1500,88,2
2026-03-31,000001,13:09:15,11.1500,51,2
2026-03-31,000001,13:09:18,11.1600,4,1
2026-03-31,000001,13:09:21,11.1500,13,2
2026-03-31,000001,13:09:24,11.1500,93,2
2026-03-31,000001,13:09:27,11.1600,144,1
2026-03-31,000001,13:09:30,11.1500,10,2
2026-03-31,000001,13:09:33,11.1600,396,1
2026-03-31,000001,13:09:36,11.1600,19,1
2026-03-31,000001,13:09:39,11.1600,93,1
2026-03-31,000001,13:09:42,11.1500,47,2
2026-03-31,000001,13:09:48,11.1600,5,1
2026-03-31,000001,13:09:51,11.1500,31,2
2026-03-31,000001,13:09:54,11.1600,10,1
2026-03-31,000001,13:10:00,11.1500,98,2
2026-03-31,000001,13:10:03,11.1500,31,2
2026-03-31,000001,13:10:09,11.1600,693,1
2026-03-31,000001,13:10:12,11.1500,129,2
2026-03-31,000001,13:10:15,11.1600,155,1
2026-03-31,000001,13:10:18,11.1500,174,2
2026-03-31,000001,13:10:21,11.1500,18,2
2026-03-31,000001,13:10:24,11.1600,17,1
2026-03-31,000001,13:10:27,11.1500,4597,2
2026-03-31,000001,13:10:30,11.1500,394,2
2026-03-31,000001,13:10:33,11.1500,1,2
2026-03-31,000001,13:10:36,11.1500,944,2
2026-03-31,000001,13:10:39,11.1500,159,2
2026-03-31,000001,13:10:42,11.1400,20,2
2026-03-31,000001,13:10:45,11.1400,856,2
2026-03-31,000001,13:10:48,11.1400,1,2
2026-03-31,000001,13:10:51,11.1500,25,1
2026-03-31,000001,13:10:54,11.1400,2,2
2026-03-31,000001,13:11:00,11.1500,51,1
2026-03-31,000001,13:11:03,11.1500,404,1
2026-03-31,000001,13:11:06,11.1500,211,1
2026-03-31,000001,13:11:09,11.1500,173,1
2026-03-31,000001,13:11:12,11.1500,124,1
2026-03-31,000001,13:11:15,11.1500,5,1
2026-03-31,000001,13:11:18,11.1500,7,1
2026-03-31,000001,13:11:21,11.1400,37,2
2026-03-31,000001,13:11:24,11.1500,20,1
2026-03-31,000001,13:11:27,11.1400,341,2
2026-03-31,000001,13:11:30,11.1400,18,2
2026-03-31,000001,13:11:33,11.1500,7,1
2026-03-31,000001,13:11:36,11.1500,21,1
2026-03-31,000001,13:11:39,11.1500,46,1
2026-03-31,000001,13:11:42,11.1400,51,2
2026-03-31,000001,13:11:48,11.1400,12,2
2026-03-31,000001,13:11:51,11.1500,342,1
2026-03-31,000001,13:11:54,11.1500,33,1
2026-03-31,000001,13:11:57,11.1500,150,1
2026-03-31,000001,13:12:00,11.1500,5,1
2026-03-31,000001,13:12:03,11.1500,173,1
2026-03-31,000001,13:12:06,11.1400,31,2
2026-03-31,000001,13:12:09,11.1400,10,2
2026-03-31,000001,13:12:12,11.1400,6,2
2026-03-31,000001,13:12:18,11.1400,36,2
2026-03-31,000001,13:12:21,11.1400,28,2
2026-03-31,000001,13:12:24,11.1500,3,1
2026-03-31,000001,13:12:27,11.1500,19,1
2026-03-31,000001,13:12:30,11.1400,198,2
2026-03-31,000001,13:12:33,11.1500,3,1
2026-03-31,000001,13:12:36,11.1400,264,2
2026-03-31,000001,13:12:39,11.1400,5,2
2026-03-31,000001,13:12:42,11.1500,15,1
2026-03-31,000001,13:12:45,11.1500,164,1
2026-03-31,000001,13:12:48,11.1400,24,2
2026-03-31,000001,13:12:51,11.1400,100,2
2026-03-31,000001,13:12:54,11.1400,8,2
2026-03-31,000001,13:12:57,11.1500,18,1
2026-03-31,000001,13:13:00,11.1500,5,1
2026-03-31,000001,13:13:03,11.1500,226,1
2026-03-31,000001,13:13:09,11.1500,40,1
2026-03-31,000001,13:13:12,11.1400,55,2
2026-03-31,000001,13:13:15,11.1500,3,1
2026-03-31,000001,13:13:18,11.1400,128,2
2026-03-31,000001,13:13:21,11.1500,65,1
2026-03-31,000001,13:13:24,11.1400,2869,2
2026-03-31,000001,13:13:27,11.1400,360,1
2026-03-31,000001,13:13:30,11.1400,17,1
2026-03-31,000001,13:13:33,11.1300,586,2
2026-03-31,000001,13:13:36,11.1300,155,2
2026-03-31,000001,13:13:39,11.1400,44,1
2026-03-31,000001,13:13:42,11.1300,585,2
2026-03-31,000001,13:13:45,11.1400,47,1
2026-03-31,000001,13:13:51,11.1300,31,2
2026-03-31,000001,13:13:54,11.1300,193,2
2026-03-31,000001,13:13:57,11.1300,2,2
2026-03-31,000001,13:14:00,11.1300,7,2
2026-03-31,000001,13:14:03,11.1400,681,1
2026-03-31,000001,13:14:06,11.1400,14,1
2026-03-31,000001,13:14:09,11.1400,111,1
2026-03-31,000001,13:14:12,11.1300,94,2
2026-03-31,000001,13:14:15,11.1300,71,2
2026-03-31,000001,13:14:21,11.1300,82,2
2026-03-31,000001,13:14:24,11.1400,16,1
2026-03-31,000001,13:14:27,11.1300,260,2
2026-03-31,000001,13:14:30,11.1400,195,1
2026-03-31,000001,13:14:33,11.1300,66,2
2026-03-31,000001,13:14:36,11.1300,18,2
2026-03-31,000001,13:14:39,11.1400,117,1
2026-03-31,000001,13:14:42,11.1300,304,2
2026-03-31,000001,13:14:45,11.1400,44,1
2026-03-31,000001,13:14:54,11.1300,10,2
2026-03-31,000001,13:14:57,11.1400,25,1
2026-03-31,000001,13:15:00,11.1300,7,2
2026-03-31,000001,13:15:03,11.1400,173,1
2026-03-31,000001,13:15:06,11.1400,41,1
2026-03-31,000001,13:15:09,11.1400,120,1
2026-03-31,000001,13:15:15,11.1400,161,1
2026-03-31,000001,13:15:21,11.1400,39,1
2026-03-31,000001,13:15:24,11.1400,27,1
2026-03-31,000001,13:15:27,11.1400,12,1
2026-03-31,000001,13:15:30,11.1300,96,2
2026-03-31,000001,13:15:33,11.1400,17,1
2026-03-31,000001,13:15:36,11.1300,16,2
2026-03-31,000001,13:15:39,11.1300,46,2
2026-03-31,000001,13:15:42,11.1300,93,2
2026-03-31,000001,13:15:45,11.1300,7,2
2026-03-31,000001,13:15:48,11.1300,142,2
2026-03-31,000001,13:15:51,11.1400,65,1
2026-03-31,000001,13:15:54,11.1400,51,1
2026-03-31,000001,13:15:57,11.1300,57,2
2026-03-31,000001,13:16:00,11.1300,60,2
2026-03-31,000001,13:16:03,11.1300,542,2
2026-03-31,000001,13:16:06,11.1400,147,1
2026-03-31,000001,13:16:09,11.1300,60,2
2026-03-31,000001,13:16:12,11.1400,59,1
2026-03-31,000001,13:16:15,11.1300,6,2
2026-03-31,000001,13:16:18,11.1300,82,2
2026-03-31,000001,13:16:21,11.1300,363,2
2026-03-31,000001,13:16:24,11.1400,967,1
2026-03-31,000001,13:16:27,11.1400,617,1
2026-03-31,000001,13:16:30,11.1300,466,2
2026-03-31,000001,13:16:33,11.1300,451,2
2026-03-31,000001,13:16:36,11.1300,41,2
2026-03-31,000001,13:16:39,11.1200,851,2
2026-03-31,000001,13:16:42,11.1200,24,2
2026-03-31,000001,13:16:45,11.1300,40,1
2026-03-31,000001,13:16:48,11.1200,199,2
2026-03-31,000001,13:16:51,11.1200,119,2
2026-03-31,000001,13:16:54,11.1300,31,1
2026-03-31,000001,13:16:57,11.1300,155,1
2026-03-31,000001,13:17:00,11.1200,217,2
2026-03-31,000001,13:17:03,11.1200,169,2
2026-03-31,000001,13:17:06,11.1300,5,1
2026-03-31,000001,13:17:09,11.1200,70,2
2026-03-31,000001,13:17:12,11.1300,78,1
2026-03-31,000001,13:17:15,11.1300,26,1
2026-03-31,000001,13:17:18,11.1200,163,2
2026-03-31,000001,13:17:21,11.1200,262,2
2026-03-31,000001,13:17:24,11.1200,918,2
2026-03-31,000001,13:17:27,11.1300,133,1
2026-03-31,000001,13:17:30,11.1200,370,2
2026-03-31,000001,13:17:33,11.1200,50,2
2026-03-31,000001,13:17:36,11.1300,82,1
2026-03-31,000001,13:17:39,11.1200,40,2
2026-03-31,000001,13:17:42,11.1200,66,2
2026-03-31,000001,13:17:45,11.1300,168,1
2026-03-31,000001,13:17:48,11.1200,50,2
2026-03-31,000001,13:17:51,11.1200,77,2
2026-03-31,000001,13:17:54,11.1200,36,2
2026-03-31,000001,13:17:57,11.1300,18,1
2026-03-31,000001,13:18:00,11.1200,14,2
2026-03-31,000001,13:18:03,11.1200,3,2
2026-03-31,000001,13:18:06,11.1300,38,1
2026-03-31,000001,13:18:12,11.1300,8,1
2026-03-31,000001,13:18:21,11.1300,52,1
2026-03-31,000001,13:18:24,11.1300,106,1
2026-03-31,000001,13:18:30,11.1200,102,2
2026-03-31,000001,13:18:33,11.1200,2,2
2026-03-31,000001,13:18:36,11.1200,308,2
2026-03-31,000001,13:18:39,11.1300,10,1
2026-03-31,000001,13:18:42,11.1200,64,2
2026-03-31,000001,13:18:45,11.1200,233,2
2026-03-31,000001,13:18:48,11.1300,105,1
2026-03-31,000001,13:18:51,11.1300,5,1
2026-03-31,000001,13:18:54,11.1300,3,1
2026-03-31,000001,13:18:57,11.1200,25,2
2026-03-31,000001,13:19:00,11.1300,14,1
2026-03-31,000001,13:19:03,11.1300,506,1
2026-03-31,000001,13:19:06,11.1200,124,2
2026-03-31,000001,13:19:09,11.1300,521,1
2026-03-31,000001,13:19:12,11.1300,116,1
2026-03-31,000001,13:19:15,11.1200,104,2
2026-03-31,000001,13:19:18,11.1300,14,1
2026-03-31,000001,13:19:21,11.1300,15,1
2026-03-31,000001,13:19:27,11.1300,169,1
2026-03-31,000001,13:19:33,11.1300,75,1
2026-03-31,000001,13:19:36,11.1300,82,1
2026-03-31,000001,13:19:39,11.1300,16,1
2026-03-31,000001,13:19:42,11.1300,3,1
2026-03-31,000001,13:19:45,11.1300,3,1
2026-03-31,000001,13:19:48,11.1300,302,1
2026-03-31,000001,13:19:51,11.1300,36,1
2026-03-31,000001,13:19:54,11.1300,31,1
2026-03-31,000001,13:19:57,11.1300,437,1
2026-03-31,000001,13:20:00,11.1300,44,1
2026-03-31,000001,13:20:03,11.1300,40,1
2026-03-31,000001,13:20:06,11.1200,190,2
2026-03-31,000001,13:20:12,11.1300,32,1
2026-03-31,000001,13:20:15,11.1300,202,1
2026-03-31,000001,13:20:18,11.1300,10,1
2026-03-31,000001,13:20:21,11.1300,3,1
2026-03-31,000001,13:20:24,11.1300,26,1
2026-03-31,000001,13:20:27,11.1300,476,1
2026-03-31,000001,13:20:30,11.1300,26,1
2026-03-31,000001,13:20:33,11.1300,228,1
2026-03-31,000001,13:20:36,11.1300,77,1
2026-03-31,000001,13:20:39,11.1400,35,1
2026-03-31,000001,13:20:42,11.1300,12,2
2026-03-31,000001,13:20:45,11.1400,64,1
2026-03-31,000001,13:20:48,11.1300,394,2
2026-03-31,000001,13:20:51,11.1400,6,1
2026-03-31,000001,13:20:54,11.1400,2,1
2026-03-31,000001,13:20:57,11.1400,4,1
2026-03-31,000001,13:21:00,11.1400,29,1
2026-03-31,000001,13:21:03,11.1400,454,1
2026-03-31,000001,13:21:06,11.1400,233,1
2026-03-31,000001,13:21:09,11.1400,494,1
2026-03-31,000001,13:21:12,11.1400,17,1
2026-03-31,000001,13:21:15,11.1300,2,2
2026-03-31,000001,13:21:18,11.1400,3,1
2026-03-31,000001,13:21:21,11.1400,36,1
2026-03-31,000001,13:21:24,11.1300,12,2
2026-03-31,000001,13:21:27,11.1400,6,1
2026-03-31,000001,13:21:33,11.1400,2,1
2026-03-31,000001,13:21:36,11.1300,396,2
2026-03-31,000001,13:21:42,11.1300,41,2
2026-03-31,000001,13:21:45,11.1400,7,1
2026-03-31,000001,13:21:48,11.1400,1,1
2026-03-31,000001,13:21:51,11.1300,30,2
2026-03-31,000001,13:21:54,11.1400,9,1
2026-03-31,000001,13:21:57,11.1400,150,1
2026-03-31,000001,13:22:00,11.1400,446,1
2026-03-31,000001,13:22:03,11.1400,723,1
2026-03-31,000001,13:22:06,11.1400,109,1
2026-03-31,000001,13:22:09,11.1400,18,1
2026-03-31,000001,13:22:12,11.1400,21,1
2026-03-31,000001,13:22:15,11.1400,22,1
2026-03-31,000001,13:22:18,11.1400,9,1
2026-03-31,000001,13:22:21,11.1400,415,1
2026-03-31,000001,13:22:24,11.1400,76,1
2026-03-31,000001,13:22:27,11.1400,45,1
2026-03-31,000001,13:22:30,11.1300,43,2
2026-03-31,000001,13:22:33,11.1400,12,1
2026-03-31,000001,13:22:36,11.1400,326,1
2026-03-31,000001,13:22:39,11.1400,4,1
2026-03-31,000001,13:22:42,11.1300,106,2
2026-03-31,000001,13:22:48,11.1400,245,1
2026-03-31,000001,13:22:51,11.1400,85,1
2026-03-31,000001,13:22:54,11.1400,170,1
2026-03-31,000001,13:22:57,11.1400,48,2
2026-03-31,000001,13:23:00,11.1500,200,1
2026-03-31,000001,13:23:03,11.1500,257,1
2026-03-31,000001,13:23:06,11.1400,51,2
2026-03-31,000001,13:23:12,11.1500,17,1
2026-03-31,000001,13:23:15,11.1500,1,1
2026-03-31,000001,13:23:18,11.1500,14,1
2026-03-31,000001,13:23:24,11.1400,29,2
2026-03-31,000001,13:23:27,11.1400,29,2
2026-03-31,000001,13:23:30,11.1500,5,1
2026-03-31,000001,13:23:33,11.1400,12,2
2026-03-31,000001,13:23:36,11.1500,161,1
2026-03-31,000001,13:23:39,11.1400,112,2
2026-03-31,000001,13:23:42,11.1400,10,2
2026-03-31,000001,13:23:45,11.1500,110,1
2026-03-31,000001,13:23:48,11.1500,23,1
2026-03-31,000001,13:23:51,11.1500,382,1
2026-03-31,000001,13:23:54,11.1500,405,1
2026-03-31,000001,13:23:57,11.1400,20,2
2026-03-31,000001,13:24:03,11.1500,512,1
2026-03-31,000001,13:24:06,11.1500,6,1
2026-03-31,000001,13:24:09,11.1500,78,1
2026-03-31,000001,13:24:12,11.1500,91,1
2026-03-31,000001,13:24:15,11.1500,44,1
2026-03-31,000001,13:24:24,11.1500,9,1
2026-03-31,000001,13:24:27,11.1400,350,2
2026-03-31,000001,13:24:30,11.1500,2,1
2026-03-31,000001,13:24:33,11.1500,55,1
2026-03-31,000001,13:24:36,11.1500,31,1
2026-03-31,000001,13:24:39,11.1500,32,1
2026-03-31,000001,13:24:42,11.1400,24,2
2026-03-31,000001,13:24:45,11.1400,15,2
2026-03-31,000001,13:24:48,11.1500,475,1
2026-03-31,000001,13:24:51,11.1500,40,1
2026-03-31,000001,13:24:54,11.1400,64,2
2026-03-31,000001,13:24:57,11.1500,80,1
2026-03-31,000001,13:25:00,11.1500,1,1
2026-03-31,000001,13:25:03,11.1400,15,2
2026-03-31,000001,13:25:06,11.1400,10,2
2026-03-31,000001,13:25:09,11.1500,100,1
2026-03-31,000001,13:25:12,11.1400,94,2
2026-03-31,000001,13:25:15,11.1500,7,1
2026-03-31,000001,13:25:18,11.1500,706,1
2026-03-31,000001,13:25:21,11.1400,46,2
2026-03-31,000001,13:25:27,11.1500,4,1
2026-03-31,000001,13:25:30,11.1500,2,1
2026-03-31,000001,13:25:33,11.1500,7,1
2026-03-31,000001,13:25:36,11.1500,55,1
2026-03-31,000001,13:25:39,11.1400,32,2
2026-03-31,000001,13:25:42,11.1400,36,2
2026-03-31,000001,13:25:45,11.1400,3,2
2026-03-31,000001,13:25:48,11.1400,17,2
2026-03-31,000001,13:25:51,11.1500,30,1
2026-03-31,000001,13:25:54,11.1400,13,2
2026-03-31,000001,13:25:57,11.1400,7,2
2026-03-31,000001,13:26:00,11.1400,5,2
2026-03-31,000001,13:26:03,11.1400,940,2
2026-03-31,000001,13:26:06,11.1500,286,1
2026-03-31,000001,13:26:09,11.1500,9,1
2026-03-31,000001,13:26:15,11.1400,42,2
2026-03-31,000001,13:26:18,11.1400,10,2
2026-03-31,000001,13:26:24,11.1500,19,1
2026-03-31,000001,13:26:27,11.1500,5,1
2026-03-31,000001,13:26:33,11.1500,23,1
2026-03-31,000001,13:26:39,11.1500,2,1
2026-03-31,000001,13:26:42,11.1500,506,1
2026-03-31,000001,13:26:45,11.1400,156,2
2026-03-31,000001,13:26:48,11.1500,22,1
2026-03-31,000001,13:26:51,11.1400,9,2
2026-03-31,000001,13:26:57,11.1400,237,2
2026-03-31,000001,13:27:00,11.1500,39,1
2026-03-31,000001,13:27:03,11.1500,718,1
2026-03-31,000001,13:27:06,11.1500,49,1
2026-03-31,000001,13:27:09,11.1500,16,1
2026-03-31,000001,13:27:12,11.1400,6,2
2026-03-31,000001,13:27:15,11.1500,3,1
2026-03-31,000001,13:27:18,11.1500,2,1
2026-03-31,000001,13:27:21,11.1400,122,2
2026-03-31,000001,13:27:24,11.1400,20,2
2026-03-31,000001,13:27:27,11.1500,29,1
2026-03-31,000001,13:27:30,11.1500,129,1
2026-03-31,000001,13:27:33,11.1500,410,1
2026-03-31,000001,13:27:36,11.1500,572,1
2026-03-31,000001,13:27:39,11.1400,16,2
2026-03-31,000001,13:27:42,11.1500,121,1
2026-03-31,000001,13:27:45,11.1500,52,1
2026-03-31,000001,13:27:48,11.1500,192,1
2026-03-31,000001,13:27:51,11.1500,49,1
2026-03-31,000001,13:27:54,11.1500,186,1
2026-03-31,000001,13:27:57,11.1500,25,1
2026-03-31,000001,13:28:03,11.1500,299,1
2026-03-31,000001,13:28:06,11.1500,173,1
2026-03-31,000001,13:28:09,11.1500,17,1
2026-03-31,000001,13:28:12,11.1500,30,1
2026-03-31,000001,13:28:15,11.1400,43,2
2026-03-31,000001,13:28:18,11.1400,65,2
2026-03-31,000001,13:28:21,11.1400,17,2
2026-03-31,000001,13:28:24,11.1500,14,1
2026-03-31,000001,13:28:27,11.1500,146,1
2026-03-31,000001,13:28:30,11.1500,8,1
2026-03-31,000001,13:28:33,11.1500,364,1
2026-03-31,000001,13:28:36,11.1500,144,1
2026-03-31,000001,13:28:39,11.1400,107,2
2026-03-31,000001,13:28:42,11.1400,28,2
2026-03-31,000001,13:28:45,11.1400,11,2
2026-03-31,000001,13:28:48,11.1500,19,1
2026-03-31,000001,13:28:51,11.1400,336,2
2026-03-31,000001,13:28:54,11.1500,11,1
2026-03-31,000001,13:28:57,11.1500,6,1
2026-03-31,000001,13:29:00,11.1400,42,2
2026-03-31,000001,13:29:03,11.1500,1316,1
2026-03-31,000001,13:29:06,11.1500,10,1
2026-03-31,000001,13:29:09,11.1500,13,1
2026-03-31,000001,13:29:12,11.1500,933,1
2026-03-31,000001,13:29:15,11.1500,364,1
2026-03-31,000001,13:29:18,11.1500,131,1
2026-03-31,000001,13:29:21,11.1400,2,2
2026-03-31,000001,13:29:24,11.1400,25,2
2026-03-31,000001,13:29:27,11.1500,175,1
2026-03-31,000001,13:29:30,11.1400,144,2
2026-03-31,000001,13:29:33,11.1500,16,1
2026-03-31,000001,13:29:36,11.1400,269,2
2026-03-31,000001,13:29:39,11.1400,26,2
2026-03-31,000001,13:29:42,11.1400,29,2
2026-03-31,000001,13:29:45,11.1400,33,2
2026-03-31,000001,13:29:48,11.1400,10,2
2026-03-31,000001,13:29:51,11.1400,177,2
2026-03-31,000001,13:29:54,11.1400,14,2
2026-03-31,000001,13:29:57,11.1400,23,2
2026-03-31,000001,13:30:00,11.1400,310,2
2026-03-31,000001,13:30:03,11.1500,488,1
2026-03-31,000001,13:30:06,11.1400,32,2
2026-03-31,000001,13:30:09,11.1500,22,1
2026-03-31,000001,13:30:12,11.1400,8,2
2026-03-31,000001,13:30:15,11.1500,19,1
2026-03-31,000001,13:30:18,11.1400,175,2
2026-03-31,000001,13:30:21,11.1400,614,2
2026-03-31,000001,13:30:24,11.1400,4,2
2026-03-31,000001,13:30:27,11.1400,39,2
2026-03-31,000001,13:30:30,11.1500,4,1
2026-03-31,000001,13:30:36,11.1400,19,2
2026-03-31,000001,13:30:39,11.1500,344,1
2026-03-31,000001,13:30:42,11.1500,25,1
2026-03-31,000001,13:30:45,11.1400,37,2
2026-03-31,000001,13:30:48,11.1500,24,1
2026-03-31,000001,13:30:51,11.1500,605,1
2026-03-31,000001,13:30:57,11.1500,44,1
2026-03-31,000001,13:31:00,11.1400,1,2
2026-03-31,000001,13:31:03,11.1500,65,1
2026-03-31,000001,13:31:06,11.1500,160,1
2026-03-31,000001,13:31:09,11.1500,96,1
2026-03-31,000001,13:31:12,11.1400,31,2
2026-03-31,000001,13:31:15,11.1500,12,1
2026-03-31,000001,13:31:18,11.1400,12,2
2026-03-31,000001,13:31:21,11.1500,569,1
2026-03-31,000001,13:31:24,11.1400,2,2
2026-03-31,000001,13:31:27,11.1500,10,1
2026-03-31,000001,13:31:33,11.1500,25,1
2026-03-31,000001,13:31:36,11.1400,19,2
2026-03-31,000001,13:31:39,11.1400,16,2
2026-03-31,000001,13:31:42,11.1400,136,2
2026-03-31,000001,13:31:45,11.1500,63,1
2026-03-31,000001,13:31:48,11.1400,20,2
2026-03-31,000001,13:31:51,11.1500,3,1
2026-03-31,000001,13:31:54,11.1500,100,1
2026-03-31,000001,13:31:57,11.1400,169,2
2026-03-31,000001,13:32:00,11.1500,1,1
2026-03-31,000001,13:32:03,11.1500,464,1
2026-03-31,000001,13:32:06,11.1500,43,1
2026-03-31,000001,13:32:09,11.1500,518,1
2026-03-31,000001,13:32:12,11.1400,17,2
2026-03-31,000001,13:32:15,11.1500,367,1
2026-03-31,000001,13:32:18,11.1500,47,1
2026-03-31,000001,13:32:21,11.1500,43,1
2026-03-31,000001,13:32:24,11.1500,69,1
2026-03-31,000001,13:32:27,11.1500,41,1
2026-03-31,000001,13:32:30,11.1500,69,1
2026-03-31,000001,13:32:33,11.1500,361,1
2026-03-31,000001,13:32:36,11.1500,64,1
2026-03-31,000001,13:32:39,11.1500,48,1
2026-03-31,000001,13:32:42,11.1400,39,2
2026-03-31,000001,13:32:48,11.1500,164,1
2026-03-31,000001,13:32:51,11.1500,2,1
2026-03-31,000001,13:32:54,11.1500,39,1
2026-03-31,000001,13:32:57,11.1500,74,1
2026-03-31,000001,13:33:00,11.1500,408,1
2026-03-31,000001,13:33:03,11.1500,199,1
2026-03-31,000001,13:33:06,11.1500,17,1
2026-03-31,000001,13:33:09,11.1500,377,1
2026-03-31,000001,13:33:12,11.1400,11,2
2026-03-31,000001,13:33:15,11.1400,51,2
2026-03-31,000001,13:33:18,11.1500,96,1
2026-03-31,000001,13:33:24,11.1500,27,1
2026-03-31,000001,13:33:27,11.1500,2,1
2026-03-31,000001,13:33:30,11.1500,367,1
2026-03-31,000001,13:33:33,11.1500,728,1
2026-03-31,000001,13:33:36,11.1600,206,1
2026-03-31,000001,13:33:39,11.1600,107,1
2026-03-31,000001,13:33:42,11.1500,3,2
2026-03-31,000001,13:33:45,11.1600,6,1
2026-03-31,000001,13:33:51,11.1500,10,2
2026-03-31,000001,13:33:54,11.1500,48,2
2026-03-31,000001,13:33:57,11.1500,20,2
2026-03-31,000001,13:34:03,11.1500,547,2
2026-03-31,000001,13:34:06,11.1500,132,2
2026-03-31,000001,13:34:09,11.1600,20,1
2026-03-31,000001,13:34:12,11.1500,12,2
2026-03-31,000001,13:34:15,11.1500,16,2
2026-03-31,000001,13:34:18,11.1600,41,1
2026-03-31,000001,13:34:21,11.1500,52,2
2026-03-31,000001,13:34:24,11.1600,2453,1
2026-03-31,000001,13:34:27,11.1500,155,2
2026-03-31,000001,13:34:30,11.1500,27,2
2026-03-31,000001,13:34:33,11.1500,69,2
2026-03-31,000001,13:34:36,11.1500,23,2
2026-03-31,000001,13:34:39,11.1600,13,1
2026-03-31,000001,13:34:42,11.1500,30,2
2026-03-31,000001,13:34:45,11.1500,62,2
2026-03-31,000001,13:34:48,11.1500,47,2
2026-03-31,000001,13:34:51,11.1500,245,2
2026-03-31,000001,13:34:54,11.1500,64,2
2026-03-31,000001,13:34:57,11.1600,1,1
2026-03-31,000001,13:35:00,11.1600,40,1
2026-03-31,000001,13:35:03,11.1500,79,2
2026-03-31,000001,13:35:06,11.1500,7,2
2026-03-31,000001,13:35:09,11.1600,24,1
2026-03-31,000001,13:35:15,11.1500,30,2
2026-03-31,000001,13:35:18,11.1600,144,1
2026-03-31,000001,13:35:21,11.1600,13,1
2026-03-31,000001,13:35:24,11.1600,320,1
2026-03-31,000001,13:35:27,11.1600,9,1
2026-03-31,000001,13:35:33,11.1500,22,2
2026-03-31,000001,13:35:36,11.1600,270,1
2026-03-31,000001,13:35:39,11.1500,26,2
2026-03-31,000001,13:35:42,11.1500,21,2
2026-03-31,000001,13:35:45,11.1500,91,2
2026-03-31,000001,13:35:48,11.1600,15,1
2026-03-31,000001,13:35:51,11.1500,16,2
2026-03-31,000001,13:35:54,11.1500,10,2
2026-03-31,000001,13:36:00,11.1500,12,2
2026-03-31,000001,13:36:03,11.1500,758,2
2026-03-31,000001,13:36:06,11.1500,905,2
2026-03-31,000001,13:36:09,11.1600,1,1
2026-03-31,000001,13:36:12,11.1500,17,2
2026-03-31,000001,13:36:15,11.1500,17,2
2026-03-31,000001,13:36:18,11.1500,46,2
2026-03-31,000001,13:36:21,11.1500,5,2
2026-03-31,000001,13:36:24,11.1600,5,1
2026-03-31,000001,13:36:27,11.1600,5,1
2026-03-31,000001,13:36:30,11.1600,1,1
2026-03-31,000001,13:36:33,11.1600,124,1
2026-03-31,000001,13:36:36,11.1500,358,2
2026-03-31,000001,13:36:39,11.1500,148,2
2026-03-31,000001,13:36:42,11.1500,65,2
2026-03-31,000001,13:36:45,11.1500,51,2
2026-03-31,000001,13:36:48,11.1500,34,2
2026-03-31,000001,13:36:51,11.1500,43,2
2026-03-31,000001,13:36:54,11.1500,72,2
2026-03-31,000001,13:36:57,11.1600,144,1
2026-03-31,000001,13:37:00,11.1500,402,2
2026-03-31,000001,13:37:03,11.1500,413,2
2026-03-31,000001,13:37:06,11.1500,175,2
2026-03-31,000001,13:37:09,11.1500,39,2
2026-03-31,000001,13:37:12,11.1500,65,2
2026-03-31,000001,13:37:15,11.1500,147,2
2026-03-31,000001,13:37:18,11.1500,60,2
2026-03-31,000001,13:37:21,11.1500,54,2
2026-03-31,000001,13:37:24,11.1500,117,2
2026-03-31,000001,13:37:27,11.1500,25,2
2026-03-31,000001,13:37:30,11.1500,586,2
2026-03-31,000001,13:37:33,11.1500,59,2
2026-03-31,000001,13:37:36,11.1500,38,2
2026-03-31,000001,13:37:39,11.1500,99,2
2026-03-31,000001,13:37:42,11.1500,228,2
2026-03-31,000001,13:37:45,11.1500,629,2
2026-03-31,000001,13:37:48,11.1500,169,1
2026-03-31,000001,13:37:51,11.1500,46,1
2026-03-31,000001,13:37:54,11.1400,70,2
2026-03-31,000001,13:37:57,11.1400,70,2
2026-03-31,000001,13:38:00,11.1600,11,1
2026-03-31,000001,13:38:03,11.1400,58,2
2026-03-31,000001,13:38:06,11.1400,35,2
2026-03-31,000001,13:38:09,11.1500,3,1
2026-03-31,000001,13:38:12,11.1400,12,2
2026-03-31,000001,13:38:18,11.1400,14,2
2026-03-31,000001,13:38:24,11.1500,360,1
2026-03-31,000001,13:38:27,11.1400,110,2
2026-03-31,000001,13:38:30,11.1400,13,2
2026-03-31,000001,13:38:33,11.1500,86,1
2026-03-31,000001,13:38:36,11.1500,10,1
2026-03-31,000001,13:38:39,11.1400,184,2
2026-03-31,000001,13:38:42,11.1400,45,2
2026-03-31,000001,13:38:45,11.1500,3,1
2026-03-31,000001,13:38:51,11.1500,112,1
2026-03-31,000001,13:38:54,11.1500,364,1
2026-03-31,000001,13:39:00,11.1400,11,2
2026-03-31,000001,13:39:03,11.1500,296,1
2026-03-31,000001,13:39:06,11.1500,399,1
2026-03-31,000001,13:39:09,11.1500,25,1
2026-03-31,000001,13:39:12,11.1500,52,1
2026-03-31,000001,13:39:15,11.1500,68,1
2026-03-31,000001,13:39:18,11.1500,334,1
2026-03-31,000001,13:39:24,11.1400,10,2
2026-03-31,000001,13:39:27,11.1500,155,1
2026-03-31,000001,13:39:30,11.1400,19,2
2026-03-31,000001,13:39:33,11.1500,25,1
2026-03-31,000001,13:39:36,11.1500,23,1
2026-03-31,000001,13:39:39,11.1500,352,1
2026-03-31,000001,13:39:42,11.1500,5,1
2026-03-31,000001,13:39:45,11.1500,28,1
2026-03-31,000001,13:39:48,11.1500,36,1
2026-03-31,000001,13:39:51,11.1500,21,1
2026-03-31,000001,13:39:54,11.1500,8,1
2026-03-31,000001,13:39:57,11.1500,321,1
2026-03-31,000001,13:40:00,11.1500,20,1
2026-03-31,000001,13:40:03,11.1500,129,1
2026-03-31,000001,13:40:06,11.1400,33,2
2026-03-31,000001,13:40:12,11.1500,660,1
2026-03-31,000001,13:40:18,11.1500,144,1
2026-03-31,000001,13:40:21,11.1500,4,1
2026-03-31,000001,13:40:24,11.1500,52,1
2026-03-31,000001,13:40:33,11.1500,42,1
2026-03-31,000001,13:40:39,11.1500,135,1
2026-03-31,000001,13:40:45,11.1400,5,2
2026-03-31,000001,13:40:48,11.1500,12,1
2026-03-31,000001,13:40:51,11.1500,1,1
2026-03-31,000001,13:40:57,11.1400,7,2
2026-03-31,000001,13:41:00,11.1500,34,1
2026-03-31,000001,13:41:03,11.1400,997,2
2026-03-31,000001,13:41:06,11.1400,5,2
2026-03-31,000001,13:41:09,11.1500,144,1
2026-03-31,000001,13:41:12,11.1400,3,2
2026-03-31,000001,13:41:15,11.1500,11,1
2026-03-31,000001,13:41:18,11.1500,1,1
2026-03-31,000001,13:41:24,11.1500,2,1
2026-03-31,000001,13:41:27,11.1500,27,1
2026-03-31,000001,13:41:30,11.1500,1,1
2026-03-31,000001,13:41:36,11.1400,11,2
2026-03-31,000001,13:41:42,11.1500,291,1
2026-03-31,000001,13:41:45,11.1500,6,1
2026-03-31,000001,13:41:51,11.1500,2,1
2026-03-31,000001,13:41:57,11.1500,146,1
2026-03-31,000001,13:42:00,11.1400,4,2
2026-03-31,000001,13:42:03,11.1400,22,2
2026-03-31,000001,13:42:06,11.1400,42,2
2026-03-31,000001,13:42:09,11.1400,42,2
2026-03-31,000001,13:42:12,11.1500,5,1
2026-03-31,000001,13:42:21,11.1400,8,2
2026-03-31,000001,13:42:24,11.1400,3,2
2026-03-31,000001,13:42:27,11.1400,13,2
2026-03-31,000001,13:42:30,11.1400,3,2
2026-03-31,000001,13:42:36,11.1400,12,2
2026-03-31,000001,13:42:39,11.1500,45,1
2026-03-31,000001,13:42:42,11.1500,352,1
2026-03-31,000001,13:42:45,11.1400,50,2
2026-03-31,000001,13:42:48,11.1500,233,1
2026-03-31,000001,13:42:51,11.1500,47,1
2026-03-31,000001,13:42:54,11.1400,22,2
2026-03-31,000001,13:42:57,11.1400,155,2
2026-03-31,000001,13:43:00,11.1500,11,1
2026-03-31,000001,13:43:03,11.1500,142,1
2026-03-31,000001,13:43:06,11.1500,48,1
2026-03-31,000001,13:43:09,11.1500,64,1
2026-03-31,000001,13:43:15,11.1500,13,1
2026-03-31,000001,13:43:18,11.1500,20,1
2026-03-31,000001,13:43:24,11.1500,8,1
2026-03-31,000001,13:43:27,11.1500,53,1
2026-03-31,000001,13:43:30,11.1500,15,1
2026-03-31,000001,13:43:33,11.1500,14,1
2026-03-31,000001,13:43:36,11.1500,451,1
2026-03-31,000001,13:43:39,11.1500,163,1
2026-03-31,000001,13:43:42,11.1400,25,2
2026-03-31,000001,13:43:45,11.1400,69,2
2026-03-31,000001,13:43:48,11.1400,28,2
2026-03-31,000001,13:43:51,11.1400,3,2
2026-03-31,000001,13:43:54,11.1400,4,2
2026-03-31,000001,13:43:57,11.1500,49,1
2026-03-31,000001,13:44:00,11.1400,10,2
2026-03-31,000001,13:44:03,11.1400,2,2
2026-03-31,000001,13:44:06,11.1400,5,2
2026-03-31,000001,13:44:18,11.1400,100,2
2026-03-31,000001,13:44:24,11.1400,1,2
2026-03-31,000001,13:44:27,11.1500,146,1
2026-03-31,000001,13:44:30,11.1500,3,1
2026-03-31,000001,13:44:33,11.1500,104,1
2026-03-31,000001,13:44:36,11.1500,61,1
2026-03-31,000001,13:44:39,11.1500,82,1
2026-03-31,000001,13:44:42,11.1400,29,2
2026-03-31,000001,13:44:45,11.1500,337,1
2026-03-31,000001,13:44:48,11.1400,283,2
2026-03-31,000001,13:44:57,11.1400,261,2
2026-03-31,000001,13:45:00,11.1500,50,1
2026-03-31,000001,13:45:03,11.1500,31,1
2026-03-31,000001,13:45:06,11.1400,39,2
2026-03-31,000001,13:45:09,11.1500,67,1
2026-03-31,000001,13:45:12,11.1500,605,1
2026-03-31,000001,13:45:15,11.1500,125,1
2026-03-31,000001,13:45:18,11.1500,826,1
2026-03-31,000001,13:45:21,11.1500,27,1
2026-03-31,000001,13:45:24,11.1400,15,2
2026-03-31,000001,13:45:27,11.1400,46,2
2026-03-31,000001,13:45:30,11.1400,115,2
2026-03-31,000001,13:45:33,11.1400,51,2
2026-03-31,000001,13:45:36,11.1500,415,1
2026-03-31,000001,13:45:39,11.1400,2,2
2026-03-31,000001,13:45:45,11.1500,6,1
2026-03-31,000001,13:45:48,11.1400,5,2
2026-03-31,000001,13:45:51,11.1500,300,1
2026-03-31,000001,13:45:54,11.1500,343,1
2026-03-31,000001,13:45:57,11.1400,154,2
2026-03-31,000001,13:46:00,11.1500,45,1
2026-03-31,000001,13:46:03,11.1500,290,1
2026-03-31,000001,13:46:06,11.1500,470,1
2026-03-31,000001,13:46:09,11.1500,174,1
2026-03-31,000001,13:46:12,11.1500,7,1
2026-03-31,000001,13:46:15,11.1400,602,2
2026-03-31,000001,13:46:21,11.1400,12,2
2026-03-31,000001,13:46:24,11.1500,2064,1
2026-03-31,000001,13:46:27,11.1400,14,2
2026-03-31,000001,13:46:30,11.1500,12,1
2026-03-31,000001,13:46:33,11.1400,7,2
2026-03-31,000001,13:46:36,11.1400,199,2
2026-03-31,000001,13:46:39,11.1500,66,1
2026-03-31,000001,13:46:42,11.1500,12,1
2026-03-31,000001,13:46:45,11.1500,17,1
2026-03-31,000001,13:46:51,11.1500,3,1
2026-03-31,000001,13:46:54,11.1400,60,2
2026-03-31,000001,13:46:57,11.1500,174,1
2026-03-31,000001,13:47:00,11.1400,20,2
2026-03-31,000001,13:47:03,11.1500,6,1
2026-03-31,000001,13:47:06,11.1500,9,1
2026-03-31,000001,13:47:09,11.1500,2,1
2026-03-31,000001,13:47:12,11.1500,20,1
2026-03-31,000001,13:47:18,11.1500,20,1
2026-03-31,000001,13:47:24,11.1500,8,1
2026-03-31,000001,13:47:30,11.1500,59,1
2026-03-31,000001,13:47:36,11.1500,369,1
2026-03-31,000001,13:47:39,11.1500,182,1
2026-03-31,000001,13:47:42,11.1500,49,1
2026-03-31,000001,13:47:45,11.1400,45,2
2026-03-31,000001,13:47:48,11.1400,157,2
2026-03-31,000001,13:47:54,11.1500,16,1
2026-03-31,000001,13:48:00,11.1500,4,1
2026-03-31,000001,13:48:03,11.1500,248,1
2026-03-31,000001,13:48:06,11.1400,10,2
2026-03-31,000001,13:48:09,11.1400,12,2
2026-03-31,000001,13:48:12,11.1400,75,2
2026-03-31,000001,13:48:15,11.1400,13,2
2026-03-31,000001,13:48:18,11.1500,466,1
2026-03-31,000001,13:48:21,11.1500,9,1
2026-03-31,000001,13:48:24,11.1400,103,2
2026-03-31,000001,13:48:27,11.1400,2,2
2026-03-31,000001,13:48:30,11.1500,15,1
2026-03-31,000001,13:48:33,11.1500,415,1
2026-03-31,000001,13:48:36,11.1500,37,1
2026-03-31,000001,13:48:39,11.1500,151,1
2026-03-31,000001,13:48:42,11.1400,78,2
2026-03-31,000001,13:48:45,11.1400,66,2
2026-03-31,000001,13:48:48,11.1500,1,1
2026-03-31,000001,13:48:51,11.1400,10,2
2026-03-31,000001,13:49:00,11.1500,341,1
2026-03-31,000001,13:49:03,11.1500,17,1
2026-03-31,000001,13:49:06,11.1400,36,2
2026-03-31,000001,13:49:09,11.1400,10,2
2026-03-31,000001,13:49:15,11.1500,22,1
2026-03-31,000001,13:49:18,11.1400,29,2
2026-03-31,000001,13:49:21,11.1500,17,1
2026-03-31,000001,13:49:24,11.1500,37,1
2026-03-31,000001,13:49:27,11.1500,144,1
2026-03-31,000001,13:49:30,11.1500,11,1
2026-03-31,000001,13:49:33,11.1500,98,1
2026-03-31,000001,13:49:36,11.1500,21,1
2026-03-31,000001,13:49:39,11.1400,80,2
2026-03-31,000001,13:49:42,11.1400,16,2
2026-03-31,000001,13:49:45,11.1500,255,1
2026-03-31,000001,13:49:48,11.1500,26,1
2026-03-31,000001,13:49:51,11.1500,21,1
2026-03-31,000001,13:49:54,11.1500,48,1
2026-03-31,000001,13:49:57,11.1500,16,1
2026-03-31,000001,13:50:00,11.1500,420,1
2026-03-31,000001,13:50:03,11.1500,11,1
2026-03-31,000001,13:50:06,11.1500,1,1
2026-03-31,000001,13:50:09,11.1400,18,2
2026-03-31,000001,13:50:15,11.1500,18,1
2026-03-31,000001,13:50:18,11.1500,145,1
2026-03-31,000001,13:50:21,11.1400,5,2
2026-03-31,000001,13:50:24,11.1400,11,2
2026-03-31,000001,13:50:27,11.1500,8,1
2026-03-31,000001,13:50:30,11.1500,2,1
2026-03-31,000001,13:50:33,11.1500,9,1
2026-03-31,000001,13:50:36,11.1400,337,2
2026-03-31,000001,13:50:39,11.1400,6,2
2026-03-31,000001,13:50:42,11.1400,10,2
2026-03-31,000001,13:50:45,11.1500,465,1
2026-03-31,000001,13:50:51,11.1400,15,2
2026-03-31,000001,13:50:54,11.1500,44,1
2026-03-31,000001,13:51:00,11.1500,10,1
2026-03-31,000001,13:51:03,11.1400,223,2
2026-03-31,000001,13:51:06,11.1500,3,1
2026-03-31,000001,13:51:09,11.1500,160,1
2026-03-31,000001,13:51:12,11.1400,3,2
2026-03-31,000001,13:51:15,11.1500,9,1
2026-03-31,000001,13:51:21,11.1400,11,2
2026-03-31,000001,13:51:24,11.1500,33,1
2026-03-31,000001,13:51:30,11.1500,6,1
2026-03-31,000001,13:51:33,11.1400,122,2
2026-03-31,000001,13:51:39,11.1500,46,1
2026-03-31,000001,13:51:42,11.1400,43,2
2026-03-31,000001,13:51:45,11.1400,89,2
2026-03-31,000001,13:51:48,11.1500,180,1
2026-03-31,000001,13:51:51,11.1500,403,1
2026-03-31,000001,13:51:54,11.1500,5,1
2026-03-31,000001,13:51:57,11.1500,144,1
2026-03-31,000001,13:52:00,11.1500,20,1
2026-03-31,000001,13:52:03,11.1500,2,1
2026-03-31,000001,13:52:06,11.1500,98,1
2026-03-31,000001,13:52:09,11.1400,12,2
2026-03-31,000001,13:52:12,11.1400,4849,2
2026-03-31,000001,13:52:15,11.1400,23,1
2026-03-31,000001,13:52:21,11.1300,13,2
2026-03-31,000001,13:52:24,11.1400,16,1
2026-03-31,000001,13:52:27,11.1300,12,2
2026-03-31,000001,13:52:30,11.1400,47,1
2026-03-31,000001,13:52:33,11.1400,109,1
2026-03-31,000001,13:52:36,11.1300,58,2
2026-03-31,000001,13:52:39,11.1400,32,1
2026-03-31,000001,13:52:42,11.1300,39,2
2026-03-31,000001,13:52:45,11.1300,55,2
2026-03-31,000001,13:52:48,11.1400,196,1
2026-03-31,000001,13:52:51,11.1400,1,1
2026-03-31,000001,13:52:54,11.1300,10,2
2026-03-31,000001,13:52:57,11.1300,134,2
2026-03-31,000001,13:53:00,11.1400,40,1
2026-03-31,000001,13:53:03,11.1400,54,1
2026-03-31,000001,13:53:06,11.1300,9,2
2026-03-31,000001,13:53:09,11.1300,12,2
2026-03-31,000001,13:53:12,11.1300,35,2
2026-03-31,000001,13:53:15,11.1300,16,2
2026-03-31,000001,13:53:18,11.1300,51,2
2026-03-31,000001,13:53:21,11.1300,12,2
2026-03-31,000001,13:53:24,11.1300,40,2
2026-03-31,000001,13:53:27,11.1300,24,2
2026-03-31,000001,13:53:30,11.1300,1,2
2026-03-31,000001,13:53:33,11.1300,15,2
2026-03-31,000001,13:53:36,11.1400,3,1
2026-03-31,000001,13:53:39,11.1300,254,2
2026-03-31,000001,13:53:42,11.1300,18,2
2026-03-31,000001,13:53:45,11.1300,70,2
2026-03-31,000001,13:53:51,11.1300,90,2
2026-03-31,000001,13:53:54,11.1400,1,1
2026-03-31,000001,13:53:57,11.1300,9,2
2026-03-31,000001,13:54:00,11.1400,10,1
2026-03-31,000001,13:54:03,11.1400,174,1
2026-03-31,000001,13:54:06,11.1300,14,2
2026-03-31,000001,13:54:09,11.1400,3,1
2026-03-31,000001,13:54:18,11.1300,56,2
2026-03-31,000001,13:54:21,11.1300,50,2
2026-03-31,000001,13:54:24,11.1300,3,2
2026-03-31,000001,13:54:27,11.1400,10,1
2026-03-31,000001,13:54:30,11.1400,144,1
2026-03-31,000001,13:54:33,11.1400,48,1
2026-03-31,000001,13:54:36,11.1300,14,2
2026-03-31,000001,13:54:39,11.1400,50,1
2026-03-31,000001,13:54:42,11.1300,72,2
2026-03-31,000001,13:54:45,11.1400,4,1
2026-03-31,000001,13:54:48,11.1400,50,1
2026-03-31,000001,13:54:51,11.1300,16,2
2026-03-31,000001,13:54:54,11.1400,57,1
2026-03-31,000001,13:55:03,11.1300,6,2
2026-03-31,000001,13:55:06,11.1400,46,1
2026-03-31,000001,13:55:09,11.1300,29,2
2026-03-31,000001,13:55:12,11.1300,57,2
2026-03-31,000001,13:55:15,11.1400,11,1
2026-03-31,000001,13:55:18,11.1400,144,1
2026-03-31,000001,13:55:21,11.1300,4,2
2026-03-31,000001,13:55:24,11.1300,41,2
2026-03-31,000001,13:55:27,11.1300,6,2
2026-03-31,000001,13:55:30,11.1400,20,1
2026-03-31,000001,13:55:33,11.1400,94,1
2026-03-31,000001,13:55:36,11.1300,30,2
2026-03-31,000001,13:55:39,11.1400,3,1
2026-03-31,000001,13:55:42,11.1400,76,1
2026-03-31,000001,13:55:45,11.1400,35,1
2026-03-31,000001,13:55:51,11.1300,26,2
2026-03-31,000001,13:55:54,11.1400,10,1
2026-03-31,000001,13:56:00,11.1400,15,1
2026-03-31,000001,13:56:03,11.1400,47,1
2026-03-31,000001,13:56:09,11.1400,145,1
2026-03-31,000001,13:56:12,11.1400,9,1
2026-03-31,000001,13:56:15,11.1400,102,1
2026-03-31,000001,13:56:18,11.1300,119,2
2026-03-31,000001,13:56:21,11.1400,3,1
2026-03-31,000001,13:56:30,11.1400,7,1
2026-03-31,000001,13:56:33,11.1400,6,1
2026-03-31,000001,13:56:36,11.1300,10,2
2026-03-31,000001,13:56:39,11.1400,8,1
2026-03-31,000001,13:56:42,11.1300,154,2
2026-03-31,000001,13:56:45,11.1300,42,2
2026-03-31,000001,13:56:48,11.1300,282,2
2026-03-31,000001,13:56:51,11.1300,39,2
2026-03-31,000001,13:56:54,11.1400,1,1
2026-03-31,000001,13:57:00,11.1400,166,1
2026-03-31,000001,13:57:03,11.1400,502,1
2026-03-31,000001,13:57:06,11.1400,560,1
2026-03-31,000001,13:57:09,11.1300,983,2
2026-03-31,000001,13:57:12,11.1400,464,1
2026-03-31,000001,13:57:15,11.1300,16,2
2026-03-31,000001,13:57:18,11.1300,406,2
2026-03-31,000001,13:57:21,11.1400,68,1
2026-03-31,000001,13:57:24,11.1400,613,1
2026-03-31,000001,13:57:27,11.1400,32,1
2026-03-31,000001,13:57:30,11.1400,337,1
2026-03-31,000001,13:57:33,11.1300,117,2
2026-03-31,000001,13:57:36,11.1400,69,1
2026-03-31,000001,13:57:39,11.1400,359,1
2026-03-31,000001,13:57:42,11.1400,4,1
2026-03-31,000001,13:57:45,11.1400,30,1
2026-03-31,000001,13:57:48,11.1300,170,2
2026-03-31,000001,13:57:51,11.1400,42,1
2026-03-31,000001,13:57:54,11.1300,80,2
2026-03-31,000001,13:57:57,11.1400,104,1
2026-03-31,000001,13:58:00,11.1400,150,1
2026-03-31,000001,13:58:03,11.1400,35,1
2026-03-31,000001,13:58:06,11.1400,17,1
2026-03-31,000001,13:58:09,11.1300,264,2
2026-03-31,000001,13:58:12,11.1400,99,1
2026-03-31,000001,13:58:15,11.1400,30,1
2026-03-31,000001,13:58:18,11.1400,14,1
2026-03-31,000001,13:58:21,11.1400,5,1
2026-03-31,000001,13:58:27,11.1400,16,1
2026-03-31,000001,13:58:30,11.1300,195,2
2026-03-31,000001,13:58:33,11.1400,34,1
2026-03-31,000001,13:58:36,11.1400,9,1
2026-03-31,000001,13:58:39,11.1400,171,1
2026-03-31,000001,13:58:42,11.1400,4057,1
2026-03-31,000001,13:58:45,11.1400,28,1
2026-03-31,000001,13:58:48,11.1400,11,1
2026-03-31,000001,13:58:51,11.1300,446,2
2026-03-31,000001,13:58:54,11.1400,57,1
2026-03-31,000001,13:58:57,11.1400,14,1
2026-03-31,000001,13:59:03,11.1300,57,2
2026-03-31,000001,13:59:06,11.1400,1,1
2026-03-31,000001,13:59:09,11.1400,32,1
2026-03-31,000001,13:59:12,11.1300,18,2
2026-03-31,000001,13:59:15,11.1400,52,1
2026-03-31,000001,13:59:21,11.1300,5,2
2026-03-31,000001,13:59:30,11.1400,506,1
2026-03-31,000001,13:59:33,11.1400,212,1
2026-03-31,000001,13:59:36,11.1500,9,1
2026-03-31,000001,13:59:39,11.1400,53,1
2026-03-31,000001,13:59:42,11.1400,234,1
2026-03-31,000001,13:59:45,11.1400,563,2
2026-03-31,000001,13:59:48,11.1400,28,1
2026-03-31,000001,13:59:51,11.1400,84,2
2026-03-31,000001,13:59:54,11.1400,129,2
2026-03-31,000001,13:59:57,11.1400,20,2
2026-03-31,000001,14:00:00,11.1400,16,2
2026-03-31,000001,14:00:03,11.1400,41,2
2026-03-31,000001,14:00:06,11.1400,58,2
2026-03-31,000001,14:00:09,11.1400,3,2
2026-03-31,000001,14:00:15,11.1400,173,2
2026-03-31,000001,14:00:18,11.1400,153,1
2026-03-31,000001,14:00:21,11.1400,22,1
2026-03-31,000001,14:00:24,11.1400,28,1
2026-03-31,000001,14:00:27,11.1400,263,1
2026-03-31,000001,14:00:30,11.1300,30,2
2026-03-31,000001,14:00:33,11.1400,70,1
2026-03-31,000001,14:00:36,11.1400,14,1
2026-03-31,000001,14:00:39,11.1400,42,1
2026-03-31,000001,14:00:42,11.1300,19,2
2026-03-31,000001,14:00:45,11.1400,12,1
2026-03-31,000001,14:00:48,11.1300,13,2
2026-03-31,000001,14:00:54,11.1300,20,2
2026-03-31,000001,14:01:03,11.1400,31,1
2026-03-31,000001,14:01:06,11.1300,16,2
2026-03-31,000001,14:01:09,11.1400,158,1
2026-03-31,000001,14:01:12,11.1300,191,2
2026-03-31,000001,14:01:15,11.1400,1,1
2026-03-31,000001,14:01:18,11.1300,1,2
2026-03-31,000001,14:01:21,11.1400,29,1
2026-03-31,000001,14:01:30,11.1300,2,2
2026-03-31,000001,14:01:36,11.1400,43,1
2026-03-31,000001,14:01:39,11.1300,64,2
2026-03-31,000001,14:01:42,11.1300,23,2
2026-03-31,000001,14:01:45,11.1300,2,2
2026-03-31,000001,14:01:48,11.1300,5,2
2026-03-31,000001,14:01:51,11.1300,1,2
2026-03-31,000001,14:01:54,11.1300,2,2
2026-03-31,000001,14:01:57,11.1300,23,2
2026-03-31,000001,14:02:00,11.1400,155,1
2026-03-31,000001,14:02:03,11.1400,118,1
2026-03-31,000001,14:02:06,11.1400,211,1
2026-03-31,000001,14:02:09,11.1400,11,1
2026-03-31,000001,14:02:12,11.1300,45,2
2026-03-31,000001,14:02:15,11.1400,17,1
2026-03-31,000001,14:02:18,11.1400,3,1
2026-03-31,000001,14:02:21,11.1300,355,2
2026-03-31,000001,14:02:27,11.1300,2,2
2026-03-31,000001,14:02:30,11.1400,108,1
2026-03-31,000001,14:02:36,11.1400,2,1
2026-03-31,000001,14:02:42,11.1300,53,2
2026-03-31,000001,14:02:45,11.1300,10,2
2026-03-31,000001,14:02:48,11.1400,144,1
2026-03-31,000001,14:02:51,11.1400,1,1
2026-03-31,000001,14:02:54,11.1400,93,1
2026-03-31,000001,14:02:57,11.1400,7,1
2026-03-31,000001,14:03:00,11.1400,21,1
2026-03-31,000001,14:03:03,11.1400,10,1
2026-03-31,000001,14:03:06,11.1300,18,2
2026-03-31,000001,14:03:09,11.1400,16,1
2026-03-31,000001,14:03:12,11.1300,123,2
2026-03-31,000001,14:03:15,11.1300,372,2
2026-03-31,000001,14:03:21,11.1400,27,1
2026-03-31,000001,10:43:54,11.1700,315,1
2026-03-31,000001,10:43:57,11.1600,84,2
2026-03-31,000001,10:44:00,11.1700,6,1
2026-03-31,000001,10:44:03,11.1600,9,2
2026-03-31,000001,10:44:06,11.1700,367,1
2026-03-31,000001,10:44:09,11.1700,104,1
2026-03-31,000001,10:44:12,11.1700,36,1
2026-03-31,000001,10:44:15,11.1700,95,1
2026-03-31,000001,10:44:18,11.1600,146,2
2026-03-31,000001,10:44:21,11.1600,192,2
2026-03-31,000001,10:44:24,11.1600,132,2
2026-03-31,000001,10:44:27,11.1700,32,1
2026-03-31,000001,10:44:30,11.1600,243,2
2026-03-31,000001,10:44:33,11.1700,547,1
2026-03-31,000001,10:44:36,11.1700,297,1
2026-03-31,000001,10:44:39,11.1700,656,1
2026-03-31,000001,10:44:42,11.1700,171,1
2026-03-31,000001,10:44:45,11.1700,543,1
2026-03-31,000001,10:44:48,11.1600,34,2
2026-03-31,000001,10:44:51,11.1700,99,1
2026-03-31,000001,10:44:54,11.1600,63,2
2026-03-31,000001,10:44:57,11.1600,12,2
2026-03-31,000001,10:45:00,11.1600,73,2
2026-03-31,000001,10:45:03,11.1600,434,2
2026-03-31,000001,10:45:06,11.1600,12,2
2026-03-31,000001,10:45:09,11.1700,58,1
2026-03-31,000001,10:45:12,11.1600,303,2
2026-03-31,000001,10:45:15,11.1700,169,1
2026-03-31,000001,10:45:18,11.1600,678,2
2026-03-31,000001,10:45:21,11.1600,28,2
2026-03-31,000001,10:45:24,11.1600,17,2
2026-03-31,000001,10:45:27,11.1700,281,1
2026-03-31,000001,10:45:30,11.1700,67,1
2026-03-31,000001,10:45:33,11.1600,110,2
2026-03-31,000001,10:45:36,11.1700,78,1
2026-03-31,000001,10:45:39,11.1600,1901,2
2026-03-31,000001,10:45:42,11.1600,49,2
2026-03-31,000001,10:45:45,11.1700,460,1
2026-03-31,000001,10:45:48,11.1600,1065,2
2026-03-31,000001,10:45:51,11.1700,120,1
2026-03-31,000001,10:45:54,11.1700,169,1
2026-03-31,000001,10:45:57,11.1700,1106,1
2026-03-31,000001,10:46:00,11.1600,208,2
2026-03-31,000001,10:46:03,11.1700,1026,1
2026-03-31,000001,10:46:06,11.1700,3288,1
2026-03-31,000001,10:46:09,11.1700,338,1
2026-03-31,000001,10:46:12,11.1700,29,1
2026-03-31,000001,10:46:15,11.1700,334,1
2026-03-31,000001,10:46:18,11.1700,135,1
2026-03-31,000001,10:46:21,11.1700,42,1
2026-03-31,000001,10:46:24,11.1700,471,1
2026-03-31,000001,10:46:27,11.1700,165,1
2026-03-31,000001,10:46:33,11.1700,224,1
2026-03-31,000001,10:46:36,11.1600,152,2
2026-03-31,000001,10:46:39,11.1700,59,1
2026-03-31,000001,10:46:42,11.1600,128,2
2026-03-31,000001,10:46:45,11.1700,501,1
2026-03-31,000001,10:46:48,11.1700,252,1
2026-03-31,000001,10:46:51,11.1700,678,1
2026-03-31,000001,10:46:54,11.1600,104,2
2026-03-31,000001,10:46:57,11.1600,100,2
2026-03-31,000001,10:47:00,11.1700,135,1
2026-03-31,000001,10:47:03,11.1700,482,1
2026-03-31,000001,10:47:06,11.1700,57,1
2026-03-31,000001,10:47:09,11.1600,37,2
2026-03-31,000001,10:47:12,11.1700,354,1
2026-03-31,000001,10:47:15,11.1600,1,2
2026-03-31,000001,10:47:18,11.1600,115,2
2026-03-31,000001,10:47:21,11.1600,18,2
2026-03-31,000001,10:47:24,11.1600,96,2
2026-03-31,000001,10:47:27,11.1600,38,2
2026-03-31,000001,10:47:30,11.1600,25,2
2026-03-31,000001,10:47:33,11.1600,21,2
2026-03-31,000001,10:47:36,11.1700,342,1
2026-03-31,000001,10:47:39,11.1700,26,1
2026-03-31,000001,10:47:42,11.1600,211,2
2026-03-31,000001,10:47:45,11.1700,55,1
2026-03-31,000001,10:47:48,11.1700,137,1
2026-03-31,000001,10:47:51,11.1600,110,2
2026-03-31,000001,10:47:54,11.1700,298,1
2026-03-31,000001,10:47:57,11.1600,160,2
2026-03-31,000001,10:48:00,11.1700,666,1
2026-03-31,000001,10:48:03,11.1700,1446,1
2026-03-31,000001,10:48:06,11.1700,334,1
2026-03-31,000001,10:48:09,11.1700,3102,1
2026-03-31,000001,10:48:12,11.1700,797,1
2026-03-31,000001,10:48:15,11.1700,272,2
2026-03-31,000001,10:48:18,11.1700,2629,2
2026-03-31,000001,10:48:21,11.1700,999,1
2026-03-31,000001,10:48:24,11.1700,3,1
2026-03-31,000001,10:48:27,11.1700,11,1
2026-03-31,000001,10:48:30,11.1700,511,1
2026-03-31,000001,10:48:33,11.1700,81,1
2026-03-31,000001,10:48:36,11.1700,25,1
2026-03-31,000001,10:48:39,11.1600,18,2
2026-03-31,000001,10:48:42,11.1700,565,1
2026-03-31,000001,10:48:45,11.1700,82,1
2026-03-31,000001,10:48:48,11.1700,29,1
2026-03-31,000001,10:48:51,11.1600,674,2
2026-03-31,000001,10:48:54,11.1700,83,1
2026-03-31,000001,10:48:57,11.1600,184,2
2026-03-31,000001,10:49:00,11.1700,188,1
2026-03-31,000001,10:49:03,11.1700,490,1
2026-03-31,000001,10:49:06,11.1600,20,2
2026-03-31,000001,10:49:09,11.1600,66,2
2026-03-31,000001,10:49:12,11.1600,46,2
2026-03-31,000001,10:49:15,11.1600,90,2
2026-03-31,000001,10:49:18,11.1600,36,2
2026-03-31,000001,10:49:21,11.1600,233,2
2026-03-31,000001,10:49:24,11.1600,316,2
2026-03-31,000001,10:49:27,11.1600,198,2
2026-03-31,000001,10:49:30,11.1600,58,2
2026-03-31,000001,10:49:33,11.1600,400,2
2026-03-31,000001,10:49:36,11.1700,1,1
2026-03-31,000001,10:49:39,11.1600,121,2
2026-03-31,000001,10:49:42,11.1700,284,1
2026-03-31,000001,10:49:48,11.1600,5,2
2026-03-31,000001,10:49:51,11.1600,45,2
2026-03-31,000001,10:49:54,11.1600,71,2
2026-03-31,000001,10:49:57,11.1600,165,2
2026-03-31,000001,10:50:00,11.1600,260,2
2026-03-31,000001,10:50:03,11.1600,25,2
2026-03-31,000001,10:50:06,11.1600,23,2
2026-03-31,000001,10:50:09,11.1600,137,2
2026-03-31,000001,10:50:12,11.1600,190,2
2026-03-31,000001,10:50:15,11.1700,148,1
2026-03-31,000001,10:50:18,11.1600,234,2
2026-03-31,000001,10:50:21,11.1600,7,2
2026-03-31,000001,10:50:24,11.1600,73,2
2026-03-31,000001,10:50:27,11.1600,30,2
2026-03-31,000001,10:50:30,11.1600,72,2
2026-03-31,000001,10:50:33,11.1600,103,2
2026-03-31,000001,10:50:36,11.1600,129,2
2026-03-31,000001,10:50:39,11.1700,191,1
2026-03-31,000001,10:50:42,11.1600,94,2
2026-03-31,000001,10:50:45,11.1600,210,2
2026-03-31,000001,10:50:48,11.1600,239,2
2026-03-31,000001,10:50:51,11.1600,75,2
2026-03-31,000001,10:50:54,11.1600,677,2
2026-03-31,000001,10:50:57,11.1600,104,2
2026-03-31,000001,10:51:00,11.1600,904,2
2026-03-31,000001,10:51:03,11.1600,133,2
2026-03-31,000001,10:51:06,11.1600,451,2
2026-03-31,000001,10:51:09,11.1600,209,2
2026-03-31,000001,10:51:12,11.1600,42,2
2026-03-31,000001,10:51:15,11.1700,45,1
2026-03-31,000001,10:51:18,11.1600,25,2
2026-03-31,000001,10:51:21,11.1700,100,1
2026-03-31,000001,10:51:24,11.1700,53,1
2026-03-31,000001,10:51:27,11.1600,73,2
2026-03-31,000001,10:51:30,11.1600,5,2
2026-03-31,000001,10:51:33,11.1600,25,2
2026-03-31,000001,10:51:36,11.1600,174,2
2026-03-31,000001,10:51:39,11.1600,31,2
2026-03-31,000001,10:51:42,11.1600,390,2
2026-03-31,000001,10:51:45,11.1600,151,2
2026-03-31,000001,10:51:48,11.1600,140,2
2026-03-31,000001,10:51:51,11.1600,730,2
2026-03-31,000001,10:51:54,11.1600,190,2
2026-03-31,000001,10:51:57,11.1700,616,1
2026-03-31,000001,10:52:00,11.1700,180,1
2026-03-31,000001,10:52:03,11.1600,44,2
2026-03-31,000001,10:52:06,11.1600,31,2
2026-03-31,000001,10:52:09,11.1600,39,2
2026-03-31,000001,10:52:12,11.1700,223,1
2026-03-31,000001,10:52:15,11.1700,60,1
2026-03-31,000001,10:52:18,11.1600,201,2
2026-03-31,000001,10:52:21,11.1600,20,2
2026-03-31,000001,10:52:24,11.1600,76,2
2026-03-31,000001,10:52:27,11.1700,103,1
2026-03-31,000001,10:52:30,11.1600,75,2
2026-03-31,000001,10:52:33,11.1600,375,2
2026-03-31,000001,10:52:36,11.1600,26,2
2026-03-31,000001,10:52:39,11.1700,398,1
2026-03-31,000001,10:52:42,11.1600,167,2
2026-03-31,000001,10:52:45,11.1700,208,1
2026-03-31,000001,10:52:48,11.1600,139,2
2026-03-31,000001,10:52:51,11.1700,681,1
2026-03-31,000001,10:52:54,11.1700,200,1
2026-03-31,000001,10:52:57,11.1600,130,2
2026-03-31,000001,10:53:00,11.1700,208,1
2026-03-31,000001,10:53:03,11.1700,886,1
2026-03-31,000001,10:53:06,11.1700,66,1
2026-03-31,000001,10:53:09,11.1600,183,2
2026-03-31,000001,10:53:12,11.1700,306,1
2026-03-31,000001,10:53:15,11.1600,43,2
2026-03-31,000001,10:53:18,11.1700,20,1
2026-03-31,000001,10:53:21,11.1600,50,2
2026-03-31,000001,10:53:24,11.1600,74,2
2026-03-31,000001,10:53:27,11.1700,22,1
2026-03-31,000001,10:53:30,11.1700,173,1
2026-03-31,000001,10:53:33,11.1700,66,1
2026-03-31,000001,10:53:36,11.1600,77,2
2026-03-31,000001,10:53:39,11.1600,70,2
2026-03-31,000001,10:53:42,11.1600,64,2
2026-03-31,000001,10:53:45,11.1600,135,2
2026-03-31,000001,10:53:48,11.1600,2913,2
2026-03-31,000001,10:53:51,11.1600,97,2
2026-03-31,000001,10:53:54,11.1700,75,1
2026-03-31,000001,10:53:57,11.1700,54,1
2026-03-31,000001,10:54:00,11.1700,184,1
2026-03-31,000001,10:54:03,11.1700,19,1
2026-03-31,000001,10:54:06,11.1700,5524,1
2026-03-31,000001,10:54:09,11.1700,2145,1
2026-03-31,000001,10:54:12,11.1700,92,1
2026-03-31,000001,10:54:15,11.1600,12,2
2026-03-31,000001,10:54:18,11.1700,7,1
2026-03-31,000001,10:54:21,11.1600,178,2
2026-03-31,000001,10:54:24,11.1600,70,2
2026-03-31,000001,10:54:27,11.1600,139,2
2026-03-31,000001,10:54:30,11.1600,177,2
2026-03-31,000001,10:54:33,11.1700,382,1
2026-03-31,000001,10:54:36,11.1600,118,2
2026-03-31,000001,10:54:39,11.1700,84,1
2026-03-31,000001,10:54:42,11.1600,215,2
2026-03-31,000001,10:54:45,11.1700,15,1
2026-03-31,000001,10:54:48,11.1700,181,1
2026-03-31,000001,10:54:51,11.1600,56,2
2026-03-31,000001,10:54:54,11.1700,4,1
2026-03-31,000001,10:54:57,11.1600,57,2
2026-03-31,000001,10:55:00,11.1700,81,1
2026-03-31,000001,10:55:03,11.1700,205,1
2026-03-31,000001,10:55:06,11.1600,103,2
2026-03-31,000001,10:55:09,11.1700,170,1
2026-03-31,000001,10:55:12,11.1600,252,2
2026-03-31,000001,10:55:15,11.1600,3,2
2026-03-31,000001,10:55:18,11.1600,179,2
2026-03-31,000001,10:55:21,11.1700,198,1
2026-03-31,000001,10:55:24,11.1600,349,2
2026-03-31,000001,10:55:27,11.1600,34,2
2026-03-31,000001,10:55:30,11.1600,150,2
2026-03-31,000001,10:55:33,11.1700,121,1
2026-03-31,000001,10:55:36,11.1600,58,2
2026-03-31,000001,10:55:39,11.1600,97,2
2026-03-31,000001,10:55:42,11.1600,96,2
2026-03-31,000001,10:55:45,11.1600,87,2
2026-03-31,000001,10:55:48,11.1600,116,2
2026-03-31,000001,10:55:51,11.1700,10,1
2026-03-31,000001,10:55:54,11.1600,45,2
2026-03-31,000001,10:56:00,11.1700,172,1
2026-03-31,000001,10:56:03,11.1600,85,2
2026-03-31,000001,10:56:06,11.1700,11,1
2026-03-31,000001,10:56:09,11.1700,107,1
2026-03-31,000001,10:56:12,11.1700,22,1
2026-03-31,000001,10:56:15,11.1600,203,2
2026-03-31,000001,10:56:18,11.1600,252,2
2026-03-31,000001,10:56:21,11.1700,152,1
2026-03-31,000001,10:56:24,11.1700,2,1
2026-03-31,000001,10:56:27,11.1600,15,2
2026-03-31,000001,10:56:30,11.1600,101,2
2026-03-31,000001,10:56:33,11.1600,165,2
2026-03-31,000001,10:56:36,11.1600,75,2
2026-03-31,000001,10:56:39,11.1600,398,2
2026-03-31,000001,10:56:42,11.1600,40,2
2026-03-31,000001,10:56:45,11.1600,15,2
2026-03-31,000001,10:56:48,11.1700,444,1
2026-03-31,000001,10:56:51,11.1700,300,1
2026-03-31,000001,10:56:54,11.1700,116,1
2026-03-31,000001,10:56:57,11.1600,22,2
2026-03-31,000001,10:57:00,11.1600,64,2
2026-03-31,000001,10:57:03,11.1600,24,2
2026-03-31,000001,10:57:06,11.1700,50,1
2026-03-31,000001,10:57:09,11.1600,40,2
2026-03-31,000001,10:57:12,11.1600,115,2
2026-03-31,000001,10:57:15,11.1700,67,1
2026-03-31,000001,10:57:21,11.1600,3,2
2026-03-31,000001,10:57:24,11.1600,23,2
2026-03-31,000001,10:57:27,11.1600,51,2
2026-03-31,000001,10:57:30,11.1600,35,2
2026-03-31,000001,10:57:33,11.1600,20,2
2026-03-31,000001,10:57:36,11.1600,49,2
2026-03-31,000001,10:57:39,11.1600,169,2
2026-03-31,000001,10:57:42,11.1600,372,2
2026-03-31,000001,10:57:45,11.1600,53,2
2026-03-31,000001,10:57:48,11.1700,2,1
2026-03-31,000001,10:57:51,11.1600,375,2
2026-03-31,000001,10:57:54,11.1700,112,1
2026-03-31,000001,10:57:57,11.1600,122,2
2026-03-31,000001,10:58:00,11.1600,145,2
2026-03-31,000001,10:58:03,11.1600,74,2
2026-03-31,000001,10:58:06,11.1600,11,2
2026-03-31,000001,10:58:09,11.1600,38,2
2026-03-31,000001,10:58:15,11.1600,20,2
2026-03-31,000001,10:58:18,11.1600,101,2
2026-03-31,000001,10:58:21,11.1700,46,1
2026-03-31,000001,10:58:24,11.1600,112,2
2026-03-31,000001,10:58:27,11.1700,134,1
2026-03-31,000001,10:58:30,11.1600,22,2
2026-03-31,000001,10:58:33,11.1700,165,1
2026-03-31,000001,10:58:36,11.1600,22,2
2026-03-31,000001,10:58:39,11.1700,21,1
2026-03-31,000001,10:58:42,11.1600,124,2
2026-03-31,000001,10:58:45,11.1600,9,2
2026-03-31,000001,10:58:48,11.1600,129,2
2026-03-31,000001,10:58:51,11.1700,45,1
2026-03-31,000001,10:58:54,11.1600,235,2
2026-03-31,000001,10:58:57,11.1600,48,2
2026-03-31,000001,10:59:00,11.1600,77,2
2026-03-31,000001,10:59:03,11.1600,63,2
2026-03-31,000001,10:59:06,11.1700,13,1
2026-03-31,000001,10:59:09,11.1600,23,2
2026-03-31,000001,10:59:12,11.1600,113,2
2026-03-31,000001,10:59:15,11.1600,168,2
2026-03-31,000001,10:59:18,11.1700,235,1
2026-03-31,000001,10:59:21,11.1600,332,2
2026-03-31,000001,10:59:24,11.1600,462,2
2026-03-31,000001,10:59:27,11.1600,48,2
2026-03-31,000001,10:59:30,11.1600,27,2
2026-03-31,000001,10:59:33,11.1700,71,1
2026-03-31,000001,10:59:36,11.1600,116,2
2026-03-31,000001,10:59:39,11.1700,45,1
2026-03-31,000001,10:59:42,11.1600,83,2
2026-03-31,000001,10:59:45,11.1600,1,2
2026-03-31,000001,10:59:48,11.1600,50,2
2026-03-31,000001,10:59:51,11.1600,12,2
2026-03-31,000001,10:59:54,11.1600,631,2
2026-03-31,000001,10:59:57,11.1600,439,2
2026-03-31,000001,11:00:00,11.1600,72,2
2026-03-31,000001,11:00:03,11.1600,362,2
2026-03-31,000001,11:00:06,11.1700,42,1
2026-03-31,000001,11:00:09,11.1600,311,2
2026-03-31,000001,11:00:12,11.1600,277,2
2026-03-31,000001,11:00:15,11.1600,1,2
2026-03-31,000001,11:00:18,11.1600,70,2
2026-03-31,000001,11:00:21,11.1600,206,2
2026-03-31,000001,11:00:24,11.1600,381,2
2026-03-31,000001,11:00:27,11.1500,1984,2
2026-03-31,000001,11:00:30,11.1600,3912,1
2026-03-31,000001,11:00:33,11.1600,40,2
2026-03-31,000001,11:00:36,11.1600,202,2
2026-03-31,000001,11:00:39,11.1600,281,2
2026-03-31,000001,11:00:42,11.1700,151,1
2026-03-31,000001,11:00:45,11.1600,302,2
2026-03-31,000001,11:00:48,11.1600,853,2
2026-03-31,000001,11:00:51,11.1600,33,2
2026-03-31,000001,11:00:54,11.1700,133,1
2026-03-31,000001,11:00:57,11.1600,58,2
2026-03-31,000001,11:01:00,11.1600,198,1
2026-03-31,000001,11:01:03,11.1600,118,2
2026-03-31,000001,11:01:06,11.1500,638,2
2026-03-31,000001,11:01:09,11.1600,108,1
2026-03-31,000001,11:01:12,11.1600,63,1
2026-03-31,000001,11:01:15,11.1600,47,1
2026-03-31,000001,11:01:18,11.1600,13,1
2026-03-31,000001,11:01:21,11.1500,16,2
2026-03-31,000001,11:01:24,11.1600,98,1
2026-03-31,000001,11:01:27,11.1500,39,2
2026-03-31,000001,11:01:30,11.1500,16,2
2026-03-31,000001,11:01:33,11.1500,56,2
2026-03-31,000001,11:01:36,11.1500,63,2
2026-03-31,000001,11:01:39,11.1500,22,2
2026-03-31,000001,11:01:42,11.1500,18,2
2026-03-31,000001,11:01:45,11.1500,240,2
2026-03-31,000001,11:01:48,11.1600,97,1
2026-03-31,000001,11:01:51,11.1600,316,1
2026-03-31,000001,11:01:54,11.1500,131,2
2026-03-31,000001,11:01:57,11.1500,3,2
2026-03-31,000001,11:02:00,11.1600,99,1
2026-03-31,000001,11:02:03,11.1600,551,1
2026-03-31,000001,11:02:06,11.1600,15,1
2026-03-31,000001,11:02:09,11.1500,28,2
2026-03-31,000001,11:02:12,11.1500,12,2
2026-03-31,000001,11:02:15,11.1500,158,2
2026-03-31,000001,11:02:18,11.1500,10,2
2026-03-31,000001,11:02:21,11.1500,41,2
2026-03-31,000001,11:02:24,11.1500,13,2
2026-03-31,000001,11:02:27,11.1500,119,2
2026-03-31,000001,11:02:30,11.1500,49,2
2026-03-31,000001,11:02:33,11.1500,15,2
2026-03-31,000001,11:02:39,11.1500,46,2
2026-03-31,000001,11:02:42,11.1500,235,2
2026-03-31,000001,11:02:45,11.1500,35,2
2026-03-31,000001,11:02:48,11.1500,99,2
2026-03-31,000001,11:02:51,11.1500,170,2
2026-03-31,000001,11:02:54,11.1500,621,2
2026-03-31,000001,11:02:57,11.1500,221,2
2026-03-31,000001,11:03:00,11.1500,70,2
2026-03-31,000001,11:03:03,11.1500,104,2
2026-03-31,000001,11:03:06,11.1500,1669,2
2026-03-31,000001,11:03:09,11.1400,24,2
2026-03-31,000001,11:03:12,11.1400,13,2
2026-03-31,000001,11:03:15,11.1400,12,2
2026-03-31,000001,11:03:18,11.1400,217,2
2026-03-31,000001,11:03:21,11.1400,16,2
2026-03-31,000001,11:03:24,11.1400,77,2
2026-03-31,000001,11:03:27,11.1400,169,2
2026-03-31,000001,11:03:30,11.1400,78,2
2026-03-31,000001,11:03:33,11.1500,149,1
2026-03-31,000001,11:03:36,11.1400,61,2
2026-03-31,000001,11:03:39,11.1400,10,2
2026-03-31,000001,11:03:42,11.1400,209,2
2026-03-31,000001,11:03:45,11.1400,23,2
2026-03-31,000001,11:03:48,11.1400,129,2
2026-03-31,000001,11:03:51,11.1400,6,2
2026-03-31,000001,11:03:54,11.1400,52,2
2026-03-31,000001,11:04:00,11.1400,77,2
2026-03-31,000001,11:04:03,11.1400,4,2
2026-03-31,000001,11:04:06,11.1400,24,2
2026-03-31,000001,11:04:09,11.1400,151,2
2026-03-31,000001,11:04:12,11.1400,45,2
2026-03-31,000001,11:04:15,11.1400,125,2
2026-03-31,000001,11:04:18,11.1500,309,1
2026-03-31,000001,11:04:21,11.1500,245,1
2026-03-31,000001,11:04:24,11.1400,29,2
2026-03-31,000001,11:04:27,11.1400,105,2
2026-03-31,000001,11:04:30,11.1400,115,2
2026-03-31,000001,11:04:33,11.1500,120,1
2026-03-31,000001,11:04:36,11.1400,180,2
2026-03-31,000001,11:04:39,11.1500,4,1
2026-03-31,000001,11:04:42,11.1400,123,2
2026-03-31,000001,11:04:45,11.1400,29,2
2026-03-31,000001,11:04:48,11.1400,46,2
2026-03-31,000001,11:04:51,11.1400,17,2
2026-03-31,000001,11:04:54,11.1400,100,2
2026-03-31,000001,11:04:57,11.1500,26,1
2026-03-31,000001,11:05:00,11.1400,47,2
2026-03-31,000001,11:05:03,11.1400,28,2
2026-03-31,000001,11:05:06,11.1400,11,2
2026-03-31,000001,11:05:09,11.1400,236,2
2026-03-31,000001,11:05:12,11.1400,837,2
2026-03-31,000001,11:05:15,11.1500,240,1
2026-03-31,000001,11:05:18,11.1400,85,2
2026-03-31,000001,11:05:21,11.1400,139,2
2026-03-31,000001,11:05:24,11.1400,189,2
2026-03-31,000001,11:05:27,11.1500,54,1
2026-03-31,000001,11:05:30,11.1500,30,1
2026-03-31,000001,11:05:33,11.1500,59,1
2026-03-31,000001,11:05:36,11.1400,54,2
2026-03-31,000001,11:05:39,11.1400,17,2
2026-03-31,000001,11:05:42,11.1400,10,2
2026-03-31,000001,11:05:45,11.1400,20,2
2026-03-31,000001,11:05:48,11.1400,99,2
2026-03-31,000001,11:05:51,11.1500,8,1
2026-03-31,000001,11:05:54,11.1400,100,2
2026-03-31,000001,11:05:57,11.1400,388,2
2026-03-31,000001,11:06:00,11.1500,410,1
2026-03-31,000001,11:06:03,11.1400,677,2
2026-03-31,000001,11:06:06,11.1400,72,2
2026-03-31,000001,11:06:09,11.1400,144,2
2026-03-31,000001,11:06:12,11.1500,13,1
2026-03-31,000001,11:06:15,11.1400,244,2
2026-03-31,000001,11:06:18,11.1500,9,1
2026-03-31,000001,11:06:21,11.1400,55,2
2026-03-31,000001,11:06:24,11.1400,51,2
2026-03-31,000001,11:06:27,11.1400,132,2
2026-03-31,000001,11:06:30,11.1400,49,2
2026-03-31,000001,11:06:33,11.1400,100,2
2026-03-31,000001,11:06:36,11.1400,1005,2
2026-03-31,000001,11:06:39,11.1300,495,2
2026-03-31,000001,11:06:42,11.1300,64,2
2026-03-31,000001,11:06:45,11.1400,63,1
2026-03-31,000001,11:06:48,11.1400,68,4
2026-03-31,000001,11:06:51,11.1500,144,1
2026-03-31,000001,11:06:54,11.1400,100,2
2026-03-31,000001,11:06:57,11.1400,104,2
2026-03-31,000001,11:07:00,11.1400,244,1
2026-03-31,000001,11:07:03,11.1400,60,2
2026-03-31,000001,11:07:06,11.1400,20,2
2026-03-31,000001,11:07:09,11.1500,57,1
2026-03-31,000001,11:07:12,11.1400,8,2
2026-03-31,000001,11:07:15,11.1400,27,2
2026-03-31,000001,11:07:18,11.1500,47,1
2026-03-31,000001,11:07:21,11.1400,27,2
2026-03-31,000001,11:07:24,11.1400,141,2
2026-03-31,000001,11:07:27,11.1500,14,1
2026-03-31,000001,11:07:30,11.1500,5,1
2026-03-31,000001,11:07:33,11.1400,38,2
2026-03-31,000001,11:07:36,11.1500,34,1
2026-03-31,000001,11:07:39,11.1400,78,2
2026-03-31,000001,11:07:42,11.1400,280,2
2026-03-31,000001,11:07:45,11.1400,31,2
2026-03-31,000001,11:07:48,11.1400,206,2
2026-03-31,000001,11:07:51,11.1400,20,2
2026-03-31,000001,11:07:54,11.1400,5,2
2026-03-31,000001,11:07:57,11.1400,30,2
2026-03-31,000001,11:08:00,11.1400,222,2
2026-03-31,000001,11:08:03,11.1400,573,2
2026-03-31,000001,11:08:06,11.1400,39,2
2026-03-31,000001,11:08:09,11.1400,131,2
2026-03-31,000001,11:08:12,11.1400,110,2
2026-03-31,000001,11:08:18,11.1500,18,1
2026-03-31,000001,11:08:21,11.1500,125,1
2026-03-31,000001,11:08:24,11.1400,441,2
2026-03-31,000001,11:08:27,11.1500,80,1
