date,code,time,price,volume,bs
2026-06-24,000001,14:06:39,10.5700,240,2
2026-06-24,000001,14:06:42,10.5800,50,4
2026-06-24,000001,14:06:45,10.5800,51,2
2026-06-24,000001,14:06:48,10.5800,70,4
2026-06-24,000001,14:06:51,10.5800,187,2
2026-06-24,000001,14:06:54,10.5900,143,1
2026-06-24,000001,14:06:57,10.5700,207,2
2026-06-24,000001,14:07:00,10.5800,176,4
2026-06-24,000001,14:07:03,10.5700,279,2
2026-06-24,000001,14:07:06,10.5800,65,4
2026-06-24,000001,14:07:09,10.5800,198,2
2026-06-24,000001,14:07:12,10.5700,32,2
2026-06-24,000001,14:07:15,10.5800,30,1
2026-06-24,000001,14:07:18,10.5800,25,1
2026-06-24,000001,14:07:21,10.5700,39,2
2026-06-24,000001,14:07:24,10.5700,16,2
2026-06-24,000001,14:07:27,10.5700,1362,2
2026-06-24,000001,14:07:30,10.5700,103,2
2026-06-24,000001,14:07:33,10.5700,75,2
2026-06-24,000001,14:07:36,10.5700,110,2
2026-06-24,000001,14:07:39,10.5800,380,1
2026-06-24,000001,14:07:42,10.5800,210,1
2026-06-24,000001,14:07:45,10.5700,82,4
2026-06-24,000001,14:07:48,10.5800,4,1
2026-06-24,000001,14:07:51,10.5800,40,1
2026-06-24,000001,14:07:54,10.5800,72,1
2026-06-24,000001,14:07:57,10.5700,32,2
2026-06-24,000001,14:08:00,10.5700,46,2
2026-06-24,000001,14:08:03,10.5700,16,2
2026-06-24,000001,14:08:06,10.5700,19,2
2026-06-24,000001,14:08:09,10.5800,42,1
2026-06-24,000001,14:08:12,10.5700,33,2
2026-06-24,000001,14:08:15,10.5800,27,1
2026-06-24,000001,14:08:18,10.5700,89,2
2026-06-24,000001,14:08:21,10.5800,70,1
2026-06-24,000001,14:08:24,10.5700,27,2
2026-06-24,000001,14:08:27,10.5700,67,2
2026-06-24,000001,14:08:30,10.5700,62,2
2026-06-24,000001,14:08:36,10.5700,50,2
2026-06-24,000001,14:08:39,10.5800,73,1
2026-06-24,000001,14:08:42,10.5700,42,2
2026-06-24,000001,14:08:45,10.5700,88,2
2026-06-24,000001,14:08:48,10.5800,60,1
2026-06-24,000001,14:08:51,10.5800,54,1
2026-06-24,000001,14:08:54,10.5800,138,1
2026-06-24,000001,14:08:57,10.5700,36,2
2026-06-24,000001,14:09:00,10.5700,55,2
2026-06-24,000001,14:09:03,10.5800,12,1
2026-06-24,000001,14:09:06,10.5800,84,1
2026-06-24,000001,14:09:09,10.5700,223,2
2026-06-24,000001,14:09:12,10.5700,93,2
2026-06-24,000001,14:09:15,10.5700,1264,2
2026-06-24,000001,14:09:18,10.5700,154,1
2026-06-24,000001,14:09:21,10.5600,16,2
2026-06-24,000001,14:09:24,10.5600,81,2
2026-06-24,000001,14:09:27,10.5600,127,2
2026-06-24,000001,14:09:30,10.5600,18,2
2026-06-24,000001,14:09:33,10.5700,170,1
2026-06-24,000001,14:09:36,10.5700,297,1
2026-06-24,000001,14:09:39,10.5700,241,1
2026-06-24,000001,14:09:42,10.5700,82,1
2026-06-24,000001,14:09:45,10.5700,17,1
2026-06-24,000001,14:09:48,10.5600,206,2
2026-06-24,000001,14:09:51,10.5600,257,2
2026-06-24,000001,14:09:54,10.5700,104,1
2026-06-24,000001,14:09:57,10.5600,35,2
2026-06-24,000001,14:10:00,10.5700,139,1
2026-06-24,000001,14:10:03,10.5700,9,1
2026-06-24,000001,14:10:06,10.5600,91,2
2026-06-24,000001,14:10:09,10.5700,129,1
2026-06-24,000001,14:10:12,10.5700,100,1
2026-06-24,000001,14:10:15,10.5600,32,2
2026-06-24,000001,14:10:18,10.5700,58,1
2026-06-24,000001,14:10:21,10.5700,32,1
2026-06-24,000001,14:10:24,10.5600,69,2
2026-06-24,000001,14:10:27,10.5700,114,1
2026-06-24,000001,14:10:30,10.5700,46,1
2026-06-24,000001,14:10:33,10.5700,201,1
2026-06-24,000001,14:10:36,10.5600,40,2
2026-06-24,000001,14:10:39,10.5700,57,1
2026-06-24,000001,14:10:42,10.5700,60,1
2026-06-24,000001,14:10:45,10.5700,56,1
2026-06-24,000001,14:10:48,10.5700,79,1
2026-06-24,000001,14:10:51,10.5600,65,2
2026-06-24,000001,14:10:54,10.5700,76,1
2026-06-24,000001,14:10:57,10.5600,95,2
2026-06-24,000001,14:11:00,10.5700,164,1
2026-06-24,000001,14:11:03,10.5700,126,1
2026-06-24,000001,14:11:06,10.5700,74,1
2026-06-24,000001,14:11:09,10.5700,282,1
2026-06-24,000001,14:11:12,10.5600,16,2
2026-06-24,000001,14:11:15,10.5600,617,2
2026-06-24,000001,14:11:18,10.5600,112,2
2026-06-24,000001,14:11:21,10.5600,32,2
2026-06-24,000001,14:11:24,10.5600,23,2
2026-06-24,000001,14:11:27,10.5600,67,2
2026-06-24,000001,14:11:30,10.5600,111,2
2026-06-24,000001,14:11:33,10.5500,1077,2
2026-06-24,000001,14:11:36,10.5500,100,2
2026-06-24,000001,14:11:39,10.5500,82,2
2026-06-24,000001,14:11:42,10.5600,46,4
2026-06-24,000001,14:11:45,10.5600,4,2
2026-06-24,000001,14:11:51,10.5700,17,1
2026-06-24,000001,14:11:54,10.5600,1,2
2026-06-24,000001,14:11:57,10.5700,106,1
2026-06-24,000001,14:12:00,10.5600,102,2
2026-06-24,000001,14:12:03,10.5700,741,1
2026-06-24,000001,14:12:06,10.5600,65,2
2026-06-24,000001,14:12:09,10.5600,59,2
2026-06-24,000001,14:12:12,10.5600,10,2
2026-06-24,000001,14:12:15,10.5600,20,2
2026-06-24,000001,14:12:18,10.5700,57,1
2026-06-24,000001,14:12:21,10.5700,59,1
2026-06-24,000001,14:12:24,10.5600,41,2
2026-06-24,000001,14:12:27,10.5600,47,2
2026-06-24,000001,14:12:36,10.5700,2,1
2026-06-24,000001,14:12:39,10.5600,196,2
2026-06-24,000001,14:12:42,10.5600,90,2
2026-06-24,000001,14:12:45,10.5700,25,1
2026-06-24,000001,14:12:48,10.5600,2,2
2026-06-24,000001,14:12:51,10.5600,35,2
2026-06-24,000001,14:12:54,10.5500,1076,2
2026-06-24,000001,14:12:57,10.5500,7886,2
2026-06-24,000001,14:13:00,10.5500,905,2
2026-06-24,000001,14:13:03,10.5500,321,2
2026-06-24,000001,14:13:06,10.5600,309,1
2026-06-24,000001,14:13:09,10.5500,498,2
2026-06-24,000001,14:13:12,10.5600,149,1
2026-06-24,000001,14:13:15,10.5500,115,2
2026-06-24,000001,14:13:18,10.5500,11,2
2026-06-24,000001,14:13:21,10.5500,116,2
2026-06-24,000001,14:13:24,10.5600,15,1
2026-06-24,000001,14:13:27,10.5500,141,2
2026-06-24,000001,14:13:30,10.5600,85,1
2026-06-24,000001,14:13:33,10.5500,7,2
2026-06-24,000001,14:13:36,10.5600,87,1
2026-06-24,000001,14:13:39,10.5500,25,2
2026-06-24,000001,14:13:42,10.5500,591,2
2026-06-24,000001,14:13:45,10.5500,55,2
2026-06-24,000001,14:13:48,10.5500,334,2
2026-06-24,000001,14:13:51,10.5600,160,1
2026-06-24,000001,14:13:54,10.5500,32,2
2026-06-24,000001,14:13:57,10.5600,155,1
2026-06-24,000001,14:14:00,10.5600,90,1
2026-06-24,000001,14:14:03,10.5500,102,2
2026-06-24,000001,14:14:06,10.5600,78,1
2026-06-24,000001,14:14:09,10.5500,595,2
2026-06-24,000001,14:14:12,10.5600,114,1
2026-06-24,000001,14:14:15,10.5600,170,1
2026-06-24,000001,14:14:18,10.5500,137,2
2026-06-24,000001,14:14:21,10.5500,71,2
2026-06-24,000001,14:14:24,10.5500,119,2
2026-06-24,000001,14:14:27,10.5500,109,2
2026-06-24,000001,14:14:30,10.5500,169,2
2026-06-24,000001,14:14:33,10.5500,96,2
2026-06-24,000001,14:14:36,10.5500,356,2
2026-06-24,000001,14:14:39,10.5500,71,2
2026-06-24,000001,14:14:42,10.5500,145,2
2026-06-24,000001,14:14:45,10.5500,31,2
2026-06-24,000001,14:14:48,10.5500,91,2
2026-06-24,000001,14:14:51,10.5500,68,2
2026-06-24,000001,14:14:54,10.5600,91,1
2026-06-24,000001,14:14:57,10.5500,17,2
2026-06-24,000001,14:15:00,10.5500,92,2
2026-06-24,000001,14:15:03,10.5600,154,1
2026-06-24,000001,14:15:06,10.5500,50,2
2026-06-24,000001,14:15:09,10.5500,169,2
2026-06-24,000001,14:15:12,10.5500,262,2
2026-06-24,000001,14:15:15,10.5500,788,2
2026-06-24,000001,14:15:18,10.5500,607,4
2026-06-24,000001,14:15:21,10.5600,109,1
2026-06-24,000001,14:15:24,10.5600,42,1
2026-06-24,000001,14:15:27,10.5500,107,2
2026-06-24,000001,14:15:30,10.5600,15,1
2026-06-24,000001,14:15:33,10.5500,46,2
2026-06-24,000001,14:15:36,10.5500,54,2
2026-06-24,000001,14:15:39,10.5400,420,2
2026-06-24,000001,14:15:42,10.5500,178,1
2026-06-24,000001,14:15:45,10.5500,663,1
2026-06-24,000001,14:15:48,10.5500,68,1
2026-06-24,000001,14:15:51,10.5400,157,2
2026-06-24,000001,14:15:54,10.5500,166,1
2026-06-24,000001,14:15:57,10.5500,96,1
2026-06-24,000001,14:16:00,10.5500,121,1
2026-06-24,000001,14:16:03,10.5500,1615,1
2026-06-24,000001,14:16:06,10.5500,1289,1
2026-06-24,000001,14:16:09,10.5500,472,2
2026-06-24,000001,14:16:12,10.5600,372,1
2026-06-24,000001,14:16:15,10.5600,115,1
2026-06-24,000001,14:16:18,10.5500,35,2
2026-06-24,000001,14:16:21,10.5600,124,1
2026-06-24,000001,14:16:24,10.5500,540,2
2026-06-24,000001,14:16:27,10.5500,133,1
2026-06-24,000001,14:16:30,10.5400,176,2
2026-06-24,000001,14:16:33,10.5500,151,1
2026-06-24,000001,14:16:36,10.5400,262,2
2026-06-24,000001,14:16:39,10.5600,95,1
2026-06-24,000001,14:16:42,10.5500,9,2
2026-06-24,000001,14:16:45,10.5500,138,2
2026-06-24,000001,14:16:48,10.5500,86,2
2026-06-24,000001,14:16:51,10.5500,45,2
2026-06-24,000001,14:16:54,10.5500,191,2
2026-06-24,000001,14:16:57,10.5500,308,2
2026-06-24,000001,14:17:00,10.5500,616,1
2026-06-24,000001,14:17:03,10.5500,9257,1
2026-06-24,000001,14:17:06,10.5500,2300,1
2026-06-24,000001,14:17:09,10.5300,258,2
2026-06-24,000001,14:17:12,10.5300,343,2
2026-06-24,000001,14:17:15,10.5500,134,1
2026-06-24,000001,14:17:18,10.5300,2853,2
2026-06-24,000001,14:17:21,10.5400,337,4
2026-06-24,000001,14:17:24,10.5400,190,4
2026-06-24,000001,14:17:27,10.5300,212,2
2026-06-24,000001,14:17:30,10.5300,96,2
2026-06-24,000001,14:17:33,10.5400,37,1
2026-06-24,000001,14:17:36,10.5400,14,1
2026-06-24,000001,14:17:39,10.5300,1021,2
2026-06-24,000001,14:17:42,10.5400,341,1
2026-06-24,000001,14:17:45,10.5400,145,1
2026-06-24,000001,14:17:48,10.5400,95,1
2026-06-24,000001,14:17:51,10.5400,221,1
2026-06-24,000001,14:17:54,10.5400,198,1
2026-06-24,000001,14:17:57,10.5400,69,1
2026-06-24,000001,14:18:00,10.5300,209,2
2026-06-24,000001,14:18:03,10.5400,235,2
2026-06-24,000001,14:18:06,10.5300,308,2
2026-06-24,000001,14:18:09,10.5300,156,2
2026-06-24,000001,14:18:12,10.5400,24,4
2026-06-24,000001,14:18:18,10.5400,14,1
2026-06-24,000001,14:18:21,10.5300,120,2
2026-06-24,000001,14:18:24,10.5400,91,1
2026-06-24,000001,14:18:27,10.5400,120,1
2026-06-24,000001,14:18:30,10.5300,74,2
2026-06-24,000001,14:18:33,10.5400,53,1
2026-06-24,000001,14:18:36,10.5300,1141,2
2026-06-24,000001,14:18:39,10.5300,133,2
2026-06-24,000001,14:18:42,10.5400,254,1
2026-06-24,000001,14:18:45,10.5400,173,1
2026-06-24,000001,14:18:48,10.5300,163,2
2026-06-24,000001,14:18:51,10.5400,106,1
2026-06-24,000001,14:18:54,10.5400,26,1
2026-06-24,000001,14:18:57,10.5300,74,2
2026-06-24,000001,14:19:00,10.5300,197,2
2026-06-24,000001,14:19:03,10.5300,61,2
2026-06-24,000001,14:19:06,10.5400,73,1
2026-06-24,000001,14:19:09,10.5300,24,2
2026-06-24,000001,14:19:12,10.5300,144,2
2026-06-24,000001,14:19:15,10.5400,62,1
2026-06-24,000001,14:19:18,10.5400,110,1
2026-06-24,000001,14:19:21,10.5400,84,1
2026-06-24,000001,14:19:24,10.5400,100,1
2026-06-24,000001,14:19:27,10.5300,56,2
2026-06-24,000001,14:19:30,10.5400,83,1
2026-06-24,000001,14:19:33,10.5400,62,1
2026-06-24,000001,14:19:36,10.5400,142,1
2026-06-24,000001,14:19:39,10.5300,88,2
2026-06-24,000001,14:19:42,10.5300,215,2
2026-06-24,000001,14:19:45,10.5400,153,1
2026-06-24,000001,14:19:48,10.5400,112,1
2026-06-24,000001,14:19:51,10.5400,109,1
2026-06-24,000001,14:19:54,10.5300,730,2
2026-06-24,000001,14:19:57,10.5300,194,2
2026-06-24,000001,14:20:00,10.5300,135,2
2026-06-24,000001,14:20:03,10.5400,134,1
2026-06-24,000001,14:20:06,10.5300,417,2
2026-06-24,000001,14:20:09,10.5300,430,2
2026-06-24,000001,14:20:12,10.5300,70,2
2026-06-24,000001,14:20:15,10.5400,83,1
2026-06-24,000001,14:20:18,10.5300,103,2
2026-06-24,000001,14:20:21,10.5400,442,1
2026-06-24,000001,14:20:24,10.5400,194,1
2026-06-24,000001,14:20:27,10.5300,445,2
2026-06-24,000001,14:20:30,10.5400,312,1
2026-06-24,000001,14:20:33,10.5300,96,2
2026-06-24,000001,14:20:36,10.5300,39,2
2026-06-24,000001,14:20:39,10.5300,115,2
2026-06-24,000001,14:20:42,10.5300,143,2
2026-06-24,000001,14:20:45,10.5300,103,2
2026-06-24,000001,14:20:48,10.5300,71,2
2026-06-24,000001,14:20:51,10.5400,67,1
2026-06-24,000001,14:20:54,10.5300,753,2
2026-06-24,000001,14:20:57,10.5400,182,1
2026-06-24,000001,14:21:00,10.5400,178,1
2026-06-24,000001,14:21:03,10.5300,94,2
2026-06-24,000001,14:21:06,10.5300,57,2
2026-06-24,000001,14:21:09,10.5300,17,2
2026-06-24,000001,14:21:12,10.5400,113,1
2026-06-24,000001,14:21:15,10.5400,81,1
2026-06-24,000001,14:21:18,10.5400,82,1
2026-06-24,000001,14:21:21,10.5400,123,1
2026-06-24,000001,14:21:24,10.5400,72,1
2026-06-24,000001,14:21:27,10.5300,192,2
2026-06-24,000001,14:21:30,10.5400,88,1
2026-06-24,000001,14:21:33,10.5400,120,1
2026-06-24,000001,14:21:36,10.5400,88,1
2026-06-24,000001,14:21:39,10.5300,682,2
2026-06-24,000001,14:21:42,10.5300,92,2
2026-06-24,000001,14:21:45,10.5300,148,2
2026-06-24,000001,14:21:48,10.5400,83,1
2026-06-24,000001,14:21:51,10.5400,82,1
2026-06-24,000001,14:21:54,10.5300,211,2
2026-06-24,000001,14:21:57,10.5400,179,1
2026-06-24,000001,14:22:00,10.5400,96,1
2026-06-24,000001,14:22:03,10.5400,29,1
2026-06-24,000001,14:22:06,10.5400,24,1
2026-06-24,000001,14:22:09,10.5400,146,1
2026-06-24,000001,14:22:12,10.5400,125,1
2026-06-24,000001,14:22:15,10.5400,92,1
2026-06-24,000001,14:22:18,10.5400,138,1
2026-06-24,000001,14:22:21,10.5300,129,2
2026-06-24,000001,14:22:24,10.5400,107,1
2026-06-24,000001,14:22:27,10.5400,112,1
2026-06-24,000001,14:22:30,10.5400,68,1
2026-06-24,000001,14:22:33,10.5400,93,1
2026-06-24,000001,14:22:36,10.5400,22,1
2026-06-24,000001,14:22:39,10.5400,8,1
2026-06-24,000001,14:22:42,10.5400,216,1
2026-06-24,000001,14:22:45,10.5400,214,1
2026-06-24,000001,14:22:48,10.5400,81,1
2026-06-24,000001,14:22:51,10.5400,235,1
2026-06-24,000001,14:22:54,10.5300,282,2
2026-06-24,000001,14:22:57,10.5400,5918,1
2026-06-24,000001,14:23:00,10.5400,515,1
2026-06-24,000001,14:23:03,10.5300,402,2
2026-06-24,000001,14:23:06,10.5300,85,2
2026-06-24,000001,14:23:09,10.5300,414,2
2026-06-24,000001,14:23:12,10.5300,198,2
2026-06-24,000001,14:23:15,10.5300,342,2
2026-06-24,000001,14:23:18,10.5200,1164,2
2026-06-24,000001,14:23:21,10.5300,240,4
2026-06-24,000001,14:23:24,10.5400,199,1
2026-06-24,000001,14:23:27,10.5300,44,2
2026-06-24,000001,14:23:30,10.5300,70,2
2026-06-24,000001,14:23:33,10.5300,164,2
2026-06-24,000001,14:23:36,10.5300,296,2
2026-06-24,000001,14:23:39,10.5300,127,2
2026-06-24,000001,14:23:42,10.5300,65,2
2026-06-24,000001,14:23:45,10.5300,46,2
2026-06-24,000001,14:23:48,10.5400,76,1
2026-06-24,000001,14:23:51,10.5300,87,2
2026-06-24,000001,14:23:54,10.5400,28,1
2026-06-24,000001,14:23:57,10.5300,131,2
2026-06-24,000001,14:24:00,10.5300,205,2
2026-06-24,000001,14:24:03,10.5300,386,2
2026-06-24,000001,14:24:06,10.5300,207,2
2026-06-24,000001,14:24:09,10.5400,156,1
2026-06-24,000001,14:24:12,10.5300,16,2
2026-06-24,000001,14:24:15,10.5400,59,1
2026-06-24,000001,14:24:18,10.5400,117,1
2026-06-24,000001,14:24:21,10.5300,86,2
2026-06-24,000001,14:24:24,10.5400,175,1
2026-06-24,000001,14:24:27,10.5300,77,2
2026-06-24,000001,14:24:30,10.5400,90,1
2026-06-24,000001,14:24:33,10.5400,102,1
2026-06-24,000001,14:24:36,10.5400,117,1
2026-06-24,000001,14:24:39,10.5400,50,1
2026-06-24,000001,14:24:42,10.5400,88,1
2026-06-24,000001,14:24:48,10.5400,24,1
2026-06-24,000001,14:24:51,10.5400,46,1
2026-06-24,000001,14:24:54,10.5400,82,1
2026-06-24,000001,14:24:57,10.5300,17,2
2026-06-24,000001,14:25:00,10.5300,75,2
2026-06-24,000001,14:25:03,10.5400,229,1
2026-06-24,000001,14:25:06,10.5400,20,1
2026-06-24,000001,14:25:09,10.5300,94,2
2026-06-24,000001,14:25:12,10.5400,55,1
2026-06-24,000001,14:25:15,10.5300,22,2
2026-06-24,000001,14:25:21,10.5400,78,1
2026-06-24,000001,14:25:24,10.5400,98,1
2026-06-24,000001,14:25:27,10.5400,177,1
2026-06-24,000001,14:25:30,10.5400,56,1
2026-06-24,000001,14:25:33,10.5300,71,2
2026-06-24,000001,14:25:36,10.5300,93,2
2026-06-24,000001,14:25:39,10.5300,74,2
2026-06-24,000001,14:25:42,10.5400,38,1
2026-06-24,000001,14:25:45,10.5300,102,2
2026-06-24,000001,14:25:48,10.5300,149,2
2026-06-24,000001,14:25:51,10.5400,40,1
2026-06-24,000001,14:25:54,10.5400,64,1
2026-06-24,000001,14:25:57,10.5400,135,1
2026-06-24,000001,14:26:00,10.5400,96,1
2026-06-24,000001,14:26:03,10.5300,17,2
2026-06-24,000001,14:26:06,10.5400,19,1
2026-06-24,000001,14:26:09,10.5300,114,2
2026-06-24,000001,14:26:15,10.5300,78,2
2026-06-24,000001,14:26:18,10.5300,120,2
2026-06-24,000001,14:26:21,10.5400,58,1
2026-06-24,000001,14:26:24,10.5300,40,2
2026-06-24,000001,14:26:27,10.5400,56,1
2026-06-24,000001,14:26:30,10.5400,41,1
2026-06-24,000001,14:26:33,10.5300,21,2
2026-06-24,000001,14:26:36,10.5400,66,1
2026-06-24,000001,14:26:39,10.5300,178,2
2026-06-24,000001,14:26:42,10.5300,86,2
2026-06-24,000001,14:26:45,10.5400,153,1
2026-06-24,000001,14:26:48,10.5400,192,1
2026-06-24,000001,14:26:51,10.5400,369,1
2026-06-24,000001,14:26:54,10.5400,474,1
2026-06-24,000001,14:26:57,10.5400,614,2
2026-06-24,000001,14:27:00,10.5400,391,1
2026-06-24,000001,14:27:03,10.5400,131,1
2026-06-24,000001,14:27:06,10.5300,239,2
2026-06-24,000001,14:27:09,10.5400,58,1
2026-06-24,000001,14:27:12,10.5400,49,1
2026-06-24,000001,14:27:15,10.5300,111,2
2026-06-24,000001,14:27:18,10.5300,785,2
2026-06-24,000001,14:27:21,10.5400,355,1
2026-06-24,000001,14:27:24,10.5300,119,2
2026-06-24,000001,14:27:27,10.5300,85,2
2026-06-24,000001,14:27:30,10.5400,51,1
2026-06-24,000001,14:27:33,10.5400,14,1
2026-06-24,000001,14:27:36,10.5300,91,2
2026-06-24,000001,14:27:39,10.5300,95,2
2026-06-24,000001,14:27:42,10.5400,17,1
2026-06-24,000001,14:27:45,10.5300,99,2
2026-06-24,000001,14:27:48,10.5400,55,1
2026-06-24,000001,14:27:51,10.5400,60,1
2026-06-24,000001,14:27:54,10.5300,94,2
2026-06-24,000001,14:27:57,10.5400,153,1
2026-06-24,000001,14:28:00,10.5300,55,2
2026-06-24,000001,14:28:03,10.5300,145,2
2026-06-24,000001,14:28:06,10.5300,122,2
2026-06-24,000001,14:28:09,10.5300,135,2
2026-06-24,000001,14:28:12,10.5400,122,1
2026-06-24,000001,14:28:15,10.5400,80,1
2026-06-24,000001,14:28:18,10.5400,7,1
2026-06-24,000001,14:28:21,10.5400,75,1
2026-06-24,000001,14:28:24,10.5400,67,1
2026-06-24,000001,14:28:27,10.5300,150,2
2026-06-24,000001,14:28:30,10.5400,216,1
2026-06-24,000001,14:28:33,10.5300,294,2
2026-06-24,000001,14:28:36,10.5300,116,2
2026-06-24,000001,14:28:39,10.5300,67,2
2026-06-24,000001,14:28:42,10.5400,228,1
2026-06-24,000001,14:28:45,10.5300,145,2
2026-06-24,000001,14:28:48,10.5400,75,1
2026-06-24,000001,14:28:51,10.5400,181,1
2026-06-24,000001,14:28:54,10.5400,113,1
2026-06-24,000001,14:28:57,10.5300,191,2
2026-06-24,000001,14:29:00,10.5400,92,1
2026-06-24,000001,14:29:03,10.5300,1587,2
2026-06-24,000001,14:29:06,10.5300,87,2
2026-06-24,000001,14:29:09,10.5400,30,1
2026-06-24,000001,14:29:12,10.5300,129,2
2026-06-24,000001,14:29:15,10.5400,80,1
2026-06-24,000001,14:29:18,10.5300,528,2
2026-06-24,000001,14:29:21,10.5400,73,1
2026-06-24,000001,14:29:24,10.5300,25,2
2026-06-24,000001,14:29:27,10.5300,342,2
2026-06-24,000001,14:29:30,10.5400,141,1
2026-06-24,000001,14:29:33,10.5400,565,2
2026-06-24,000001,14:29:36,10.5400,520,2
2026-06-24,000001,14:29:39,10.5300,364,2
2026-06-24,000001,14:29:42,10.5400,43,4
2026-06-24,000001,14:29:45,10.5500,80,1
2026-06-24,000001,14:29:48,10.5500,61,1
2026-06-24,000001,14:29:51,10.5400,22,2
2026-06-24,000001,14:29:54,10.5400,76,2
2026-06-24,000001,14:29:57,10.5300,493,2
2026-06-24,000001,14:30:00,10.5300,241,2
2026-06-24,000001,14:30:03,10.5400,54,4
2026-06-24,000001,14:30:06,10.5400,64,2
2026-06-24,000001,14:30:09,10.5400,332,2
2026-06-24,000001,14:30:12,10.5400,77,1
2026-06-24,000001,14:30:15,10.5400,262,1
2026-06-24,000001,14:30:18,10.5400,823,1
2026-06-24,000001,14:30:21,10.5400,230,2
2026-06-24,000001,14:30:24,10.5400,67,2
2026-06-24,000001,14:30:27,10.5500,85,1
2026-06-24,000001,14:30:30,10.5400,170,2
2026-06-24,000001,14:30:33,10.5300,150,2
2026-06-24,000001,14:30:36,10.5500,91,1
2026-06-24,000001,14:30:39,10.5400,80,2
2026-06-24,000001,14:30:42,10.5500,5,1
2026-06-24,000001,14:30:45,10.5400,241,2
2026-06-24,000001,14:30:48,10.5400,251,1
2026-06-24,000001,14:30:51,10.5400,97,2
2026-06-24,000001,14:30:54,10.5400,193,2
2026-06-24,000001,14:30:57,10.5500,21,1
2026-06-24,000001,14:31:00,10.5500,14,1
2026-06-24,000001,14:31:03,10.5400,29,2
2026-06-24,000001,14:31:06,10.5400,287,2
2026-06-24,000001,14:31:09,10.5400,94,2
2026-06-24,000001,14:31:12,10.5400,60,2
2026-06-24,000001,14:31:15,10.5400,401,2
2026-06-24,000001,14:31:18,10.5400,148,1
2026-06-24,000001,14:31:21,10.5400,51,1
2026-06-24,000001,14:31:24,10.5400,59,2
2026-06-24,000001,14:31:27,10.5400,63,2
2026-06-24,000001,14:31:30,10.5400,190,2
2026-06-24,000001,14:31:33,10.5300,175,2
2026-06-24,000001,14:31:36,10.5400,205,4
2026-06-24,000001,14:31:39,10.5400,58,1
2026-06-24,000001,14:31:42,10.5400,69,1
2026-06-24,000001,14:31:45,10.5300,31,2
2026-06-24,000001,14:31:48,10.5400,74,1
2026-06-24,000001,14:31:51,10.5400,34,1
2026-06-24,000001,14:31:54,10.5400,134,1
2026-06-24,000001,14:31:57,10.5400,65,1
2026-06-24,000001,14:32:00,10.5400,69,1
2026-06-24,000001,14:32:03,10.5400,120,1
2026-06-24,000001,14:32:06,10.5300,198,2
2026-06-24,000001,14:32:09,10.5400,109,1
2026-06-24,000001,14:32:12,10.5400,122,1
2026-06-24,000001,14:32:15,10.5400,144,1
2026-06-24,000001,14:32:18,10.5300,219,2
2026-06-24,000001,14:32:21,10.5400,991,2
2026-06-24,000001,14:32:24,10.5400,102,2
2026-06-24,000001,14:32:27,10.5400,19,1
2026-06-24,000001,14:32:30,10.5400,23,1
2026-06-24,000001,14:32:33,10.5300,20,2
2026-06-24,000001,14:32:36,10.5400,336,1
2026-06-24,000001,14:32:39,10.5400,155,1
2026-06-24,000001,14:32:42,10.5400,127,2
2026-06-24,000001,14:32:45,10.5500,89,1
2026-06-24,000001,14:32:48,10.5400,5,2
2026-06-24,000001,14:32:51,10.5400,57,2
2026-06-24,000001,14:32:54,10.5400,44,2
2026-06-24,000001,14:32:57,10.5400,96,2
2026-06-24,000001,14:33:00,10.5500,130,1
2026-06-24,000001,14:33:03,10.5400,43,2
2026-06-24,000001,14:33:06,10.5400,5,2
2026-06-24,000001,14:33:09,10.5400,12,2
2026-06-24,000001,14:33:12,10.5500,40,1
2026-06-24,000001,14:33:15,10.5400,118,2
2026-06-24,000001,14:33:18,10.5400,72,2
2026-06-24,000001,14:33:21,10.5400,335,2
2026-06-24,000001,14:33:24,10.5400,411,2
2026-06-24,000001,14:33:27,10.5300,241,2
2026-06-24,000001,14:33:30,10.5300,13,2
2026-06-24,000001,14:33:33,10.5400,38,2
2026-06-24,000001,14:33:36,10.5400,152,2
2026-06-24,000001,14:33:39,10.5400,169,2
2026-06-24,000001,14:33:42,10.5400,824,2
2026-06-24,000001,14:33:45,10.5400,96,4
2026-06-24,000001,14:33:48,10.5500,190,1
2026-06-24,000001,14:33:51,10.5400,468,4
2026-06-24,000001,14:33:54,10.5500,122,1
2026-06-24,000001,14:33:57,10.5400,72,4
2026-06-24,000001,14:34:00,10.5400,47,1
2026-06-24,000001,14:34:03,10.5300,51,2
2026-06-24,000001,14:34:06,10.5300,105,2
2026-06-24,000001,14:34:09,10.5400,82,1
2026-06-24,000001,14:34:12,10.5400,31,1
2026-06-24,000001,14:34:15,10.5300,103,2
2026-06-24,000001,14:34:18,10.5400,98,1
2026-06-24,000001,14:34:21,10.5400,271,1
2026-06-24,000001,14:34:24,10.5400,105,1
2026-06-24,000001,14:34:27,10.5400,210,1
2026-06-24,000001,14:34:30,10.5400,108,1
2026-06-24,000001,14:34:33,10.5400,206,1
2026-06-24,000001,14:34:36,10.5400,94,1
2026-06-24,000001,14:34:39,10.5400,122,1
2026-06-24,000001,14:34:42,10.5300,143,2
2026-06-24,000001,14:34:45,10.5400,85,1
2026-06-24,000001,14:34:48,10.5300,65,2
2026-06-24,000001,14:34:51,10.5400,161,1
2026-06-24,000001,14:34:54,10.5400,107,1
2026-06-24,000001,14:34:57,10.5300,143,2
2026-06-24,000001,14:35:00,10.5400,85,1
2026-06-24,000001,14:35:03,10.5300,36,2
2026-06-24,000001,14:35:06,10.5400,122,1
2026-06-24,000001,14:35:09,10.5300,7,2
2026-06-24,000001,14:35:12,10.5400,208,1
2026-06-24,000001,14:35:15,10.5400,91,1
2026-06-24,000001,14:35:18,10.5400,393,2
2026-06-24,000001,14:35:21,10.5500,143,1
2026-06-24,000001,14:35:24,10.5400,19,2
2026-06-24,000001,14:35:27,10.5400,264,2
2026-06-24,000001,14:35:30,10.5400,110,2
2026-06-24,000001,14:35:33,10.5400,106,2
2026-06-24,000001,14:35:36,10.5400,30,2
2026-06-24,000001,14:35:39,10.5400,56,2
2026-06-24,000001,14:35:42,10.5500,10,1
2026-06-24,000001,14:35:45,10.5400,79,2
2026-06-24,000001,14:35:48,10.5400,4,2
2026-06-24,000001,14:35:51,10.5500,62,1
2026-06-24,000001,14:35:54,10.5500,36,1
2026-06-24,000001,14:35:57,10.5500,25,1
2026-06-24,000001,14:36:00,10.5500,140,1
2026-06-24,000001,14:36:03,10.5400,7,2
2026-06-24,000001,14:36:06,10.5500,16,1
2026-06-24,000001,14:36:09,10.5500,3,1
2026-06-24,000001,14:36:12,10.5500,72,1
2026-06-24,000001,14:36:15,10.5500,59,1
2026-06-24,000001,14:36:18,10.5400,72,2
2026-06-24,000001,14:36:21,10.5500,205,1
2026-06-24,000001,14:36:24,10.5500,131,1
2026-06-24,000001,14:36:27,10.5500,125,1
2026-06-24,000001,14:36:30,10.5500,795,1
2026-06-24,000001,14:36:33,10.5500,1502,1
2026-06-24,000001,14:36:36,10.5400,107,4
2026-06-24,000001,14:36:39,10.5400,38,2
2026-06-24,000001,14:36:42,10.5500,38,1
2026-06-24,000001,14:36:45,10.5500,112,1
2026-06-24,000001,14:36:48,10.5400,321,2
2026-06-24,000001,14:36:51,10.5300,46,2
2026-06-24,000001,14:36:54,10.5400,380,2
2026-06-24,000001,14:36:57,10.5400,152,2
2026-06-24,000001,14:37:00,10.5300,393,2
2026-06-24,000001,14:37:03,10.5400,130,2
2026-06-24,000001,14:37:06,10.5400,253,1
2026-06-24,000001,14:37:09,10.5400,213,1
2026-06-24,000001,14:37:12,10.5400,220,2
2026-06-24,000001,14:37:15,10.5400,48,2
2026-06-24,000001,14:37:18,10.5400,26,2
2026-06-24,000001,14:37:21,10.5500,45,1
2026-06-24,000001,14:37:24,10.5400,5,2
2026-06-24,000001,14:37:27,10.5500,241,1
2026-06-24,000001,14:37:30,10.5400,289,2
2026-06-24,000001,14:37:33,10.5400,54,2
2026-06-24,000001,14:37:36,10.5500,61,1
2026-06-24,000001,14:37:39,10.5400,162,2
2026-06-24,000001,14:37:42,10.5300,132,2
2026-06-24,000001,14:37:45,10.5300,56,2
2026-06-24,000001,14:37:48,10.5300,85,2
2026-06-24,000001,14:37:51,10.5300,88,2
2026-06-24,000001,14:37:54,10.5400,417,1
2026-06-24,000001,14:37:57,10.5300,95,2
2026-06-24,000001,14:38:00,10.5400,46,1
2026-06-24,000001,14:38:03,10.5400,119,1
2026-06-24,000001,14:38:06,10.5300,85,2
2026-06-24,000001,14:38:09,10.5300,56,2
2026-06-24,000001,14:38:12,10.5300,144,2
2026-06-24,000001,14:38:15,10.5400,173,1
2026-06-24,000001,14:38:18,10.5300,19,2
2026-06-24,000001,14:38:21,10.5400,648,1
2026-06-24,000001,14:38:24,10.5300,128,2
2026-06-24,000001,14:38:27,10.5300,2444,2
2026-06-24,000001,14:38:30,10.5300,434,2
2026-06-24,000001,14:38:33,10.5300,110,2
2026-06-24,000001,14:38:36,10.5300,4,2
2026-06-24,000001,14:38:39,10.5300,62,2
2026-06-24,000001,14:38:42,10.5300,195,2
2026-06-24,000001,14:38:45,10.5300,81,2
2026-06-24,000001,14:38:48,10.5300,65,2
2026-06-24,000001,14:38:51,10.5300,585,2
2026-06-24,000001,14:38:54,10.5300,49,2
2026-06-24,000001,14:38:57,10.5400,107,1
2026-06-24,000001,14:39:00,10.5300,48,2
2026-06-24,000001,14:39:03,10.5300,46,2
2026-06-24,000001,14:39:06,10.5300,221,2
2026-06-24,000001,14:39:09,10.5400,103,1
2026-06-24,000001,14:39:12,10.5300,31,2
2026-06-24,000001,14:39:15,10.5300,50,2
2026-06-24,000001,14:39:18,10.5400,164,1
2026-06-24,000001,14:39:21,10.5300,97,2
2026-06-24,000001,14:39:24,10.5300,62,2
2026-06-24,000001,14:39:27,10.5300,128,2
2026-06-24,000001,14:39:30,10.5300,847,2
2026-06-24,000001,14:39:33,10.5200,75,2
2026-06-24,000001,14:39:36,10.5300,111,2
2026-06-24,000001,14:39:39,10.5300,3808,2
2026-06-24,000001,14:39:42,10.5300,992,1
2026-06-24,000001,14:39:45,10.5200,216,2
2026-06-24,000001,14:39:48,10.5300,64,2
2026-06-24,000001,14:39:51,10.5300,232,4
2026-06-24,000001,14:39:54,10.5300,46,2
2026-06-24,000001,14:39:57,10.5300,83,2
2026-06-24,000001,14:40:00,10.5300,119,2
2026-06-24,000001,14:40:03,10.5300,38,2
2026-06-24,000001,14:40:06,10.5300,1156,2
2026-06-24,000001,14:40:09,10.5300,264,1
2026-06-24,000001,14:40:12,10.5300,103,1
2026-06-24,000001,14:40:15,10.5300,113,1
2026-06-24,000001,14:40:18,10.5300,192,1
2026-06-24,000001,14:40:21,10.5300,256,1
2026-06-24,000001,14:40:24,10.5200,571,2
2026-06-24,000001,14:40:27,10.5200,136,2
2026-06-24,000001,14:40:30,10.5300,289,1
2026-06-24,000001,14:40:33,10.5300,33,1
2026-06-24,000001,14:40:36,10.5300,227,1
2026-06-24,000001,14:40:39,10.5200,489,2
2026-06-24,000001,14:40:42,10.5200,178,2
2026-06-24,000001,14:40:45,10.5300,13,1
2026-06-24,000001,14:40:48,10.5200,157,2
2026-06-24,000001,14:40:51,10.5200,35,2
2026-06-24,000001,14:40:54,10.5200,131,2
2026-06-24,000001,14:40:57,10.5200,359,2
2026-06-24,000001,14:41:00,10.5300,103,1
2026-06-24,000001,14:41:03,10.5300,25,1
2026-06-24,000001,14:41:06,10.5200,109,2
2026-06-24,000001,14:41:09,10.5200,3,2
2026-06-24,000001,14:41:12,10.5300,130,1
2026-06-24,000001,14:41:15,10.5200,21,2
2026-06-24,000001,14:41:18,10.5300,126,1
2026-06-24,000001,14:41:21,10.5300,28,1
2026-06-24,000001,14:41:24,10.5300,237,1
2026-06-24,000001,14:41:27,10.5300,27,1
2026-06-24,000001,14:41:30,10.5200,122,2
2026-06-24,000001,14:41:33,10.5300,84,1
2026-06-24,000001,14:41:36,10.5300,113,1
2026-06-24,000001,14:41:39,10.5300,80,1
2026-06-24,000001,14:41:42,10.5300,83,1
2026-06-24,000001,14:41:45,10.5200,34,2
2026-06-24,000001,14:41:48,10.5300,116,1
2026-06-24,000001,14:41:51,10.5200,78,2
2026-06-24,000001,14:41:54,10.5200,130,2
2026-06-24,000001,14:41:57,10.5300,64,1
2026-06-24,000001,14:42:00,10.5300,132,1
2026-06-24,000001,14:42:03,10.5200,147,2
2026-06-24,000001,14:42:06,10.5200,178,2
2026-06-24,000001,14:42:09,10.5200,15,2
2026-06-24,000001,14:42:12,10.5200,102,2
2026-06-24,000001,14:42:15,10.5300,151,1
2026-06-24,000001,14:42:18,10.5200,550,2
2026-06-24,000001,14:42:21,10.5200,136,2
2026-06-24,000001,14:42:24,10.5300,127,1
2026-06-24,000001,14:42:27,10.5200,88,2
2026-06-24,000001,14:42:30,10.5200,68,2
2026-06-24,000001,14:42:33,10.5300,132,1
2026-06-24,000001,14:42:36,10.5300,46,1
2026-06-24,000001,14:42:39,10.5300,144,1
2026-06-24,000001,14:42:42,10.5300,322,1
2026-06-24,000001,14:42:45,10.5300,281,1
2026-06-24,000001,14:42:48,10.5300,251,1
2026-06-24,000001,14:42:51,10.5300,3614,2
2026-06-24,000001,14:42:54,10.5300,397,1
2026-06-24,000001,14:42:57,10.5300,17,1
2026-06-24,000001,14:43:00,10.5300,116,1
2026-06-24,000001,14:43:03,10.5200,169,2
2026-06-24,000001,14:43:06,10.5300,229,1
2026-06-24,000001,14:43:09,10.5300,173,1
2026-06-24,000001,14:43:12,10.5300,65,1
2026-06-24,000001,14:43:15,10.5300,50,1
2026-06-24,000001,14:43:18,10.5300,110,1
2026-06-24,000001,14:43:21,10.5300,92,1
2026-06-24,000001,14:43:24,10.5300,107,1
2026-06-24,000001,14:43:27,10.5300,18,1
2026-06-24,000001,14:43:30,10.5300,837,1
2026-06-24,000001,14:43:33,10.5300,129,1
2026-06-24,000001,14:43:36,10.5300,210,1
2026-06-24,000001,14:43:39,10.5300,273,1
2026-06-24,000001,14:43:42,10.5300,17,1
2026-06-24,000001,14:43:45,10.5300,349,2
2026-06-24,000001,14:43:48,10.5300,314,2
2026-06-24,000001,14:43:51,10.5300,133,2
2026-06-24,000001,14:43:54,10.5300,177,2
2026-06-24,000001,14:43:57,10.5200,54,2
2026-06-24,000001,14:44:00,10.5200,44,2
2026-06-24,000001,14:44:03,10.5300,172,1
2026-06-24,000001,14:44:06,10.5200,176,2
2026-06-24,000001,14:44:09,10.5200,70,2
2026-06-24,000001,14:44:12,10.5200,154,2
2026-06-24,000001,14:44:15,10.5200,77,2
2026-06-24,000001,14:44:18,10.5300,134,1
2026-06-24,000001,14:44:21,10.5300,112,1
2026-06-24,000001,14:44:24,10.5300,152,1
2026-06-24,000001,14:44:27,10.5200,125,2
2026-06-24,000001,14:44:30,10.5300,208,1
2026-06-24,000001,14:44:33,10.5300,244,1
2026-06-24,000001,14:44:36,10.5300,234,1
2026-06-24,000001,14:44:39,10.5300,96,1
2026-06-24,000001,14:44:42,10.5200,162,2
2026-06-24,000001,14:44:45,10.5300,305,1
2026-06-24,000001,14:44:51,10.5300,183,1
2026-06-24,000001,14:44:54,10.5300,48,1
2026-06-24,000001,14:44:57,10.5300,184,1
2026-06-24,000001,14:45:00,10.5300,990,2
2026-06-24,000001,14:45:03,10.5300,201,2
2026-06-24,000001,14:45:06,10.5300,336,2
2026-06-24,000001,14:45:09,10.5300,112,1
2026-06-24,000001,14:45:12,10.5300,68,1
2026-06-24,000001,14:45:15,10.5200,97,2
2026-06-24,000001,14:45:18,10.5300,202,1
2026-06-24,000001,14:45:21,10.5200,388,2
2026-06-24,000001,14:45:24,10.5300,205,1
2026-06-24,000001,14:45:27,10.5300,309,1
2026-06-24,000001,14:45:30,10.5300,106,1
2026-06-24,000001,14:45:33,10.5200,1391,2
2026-06-24,000001,14:45:36,10.5300,128,1
2026-06-24,000001,14:45:39,10.5300,70,1
2026-06-24,000001,14:45:42,10.5300,197,1
2026-06-24,000001,14:45:45,10.5300,96,1
2026-06-24,000001,14:45:48,10.5300,483,2
2026-06-24,000001,14:45:51,10.5300,140,2
2026-06-24,000001,14:45:54,10.5300,482,2
2026-06-24,000001,14:45:57,10.5300,165,1
2026-06-24,000001,14:46:00,10.5300,7455,2
2026-06-24,000001,14:46:03,10.5200,125,2
2026-06-24,000001,14:46:06,10.5200,7,2
2026-06-24,000001,14:46:09,10.5200,19,2
2026-06-24,000001,14:46:12,10.5200,62,2
2026-06-24,000001,14:46:15,10.5300,212,1
2026-06-24,000001,14:46:18,10.5300,124,1
2026-06-24,000001,14:46:21,10.5200,129,2
2026-06-24,000001,14:46:24,10.5200,24,2
2026-06-24,000001,14:46:27,10.5200,172,2
2026-06-24,000001,14:46:30,10.5300,346,1
2026-06-24,000001,14:46:33,10.5200,55,2
2026-06-24,000001,14:46:36,10.5300,80,1
2026-06-24,000001,14:46:39,10.5200,69,2
2026-06-24,000001,14:46:42,10.5200,46,2
2026-06-24,000001,14:46:45,10.5300,93,1
2026-06-24,000001,14:46:48,10.5300,184,1
2026-06-24,000001,14:46:51,10.5300,119,1
2026-06-24,000001,14:46:54,10.5200,50,2
2026-06-24,000001,14:46:57,10.5300,166,1
2026-06-24,000001,14:47:00,10.5300,91,1
2026-06-24,000001,14:47:03,10.5200,136,2
2026-06-24,000001,14:47:06,10.5300,77,1
2026-06-24,000001,14:47:09,10.5300,20,1
2026-06-24,000001,14:47:12,10.5200,183,2
2026-06-24,000001,14:47:15,10.5300,159,1
2026-06-24,000001,14:47:18,10.5300,99,1
2026-06-24,000001,14:47:21,10.5300,314,1
2026-06-24,000001,14:47:24,10.5300,100,1
2026-06-24,000001,14:47:27,10.5200,174,2
2026-06-24,000001,14:47:30,10.5300,254,1
2026-06-24,000001,14:47:33,10.5200,163,2
2026-06-24,000001,14:47:36,10.5200,197,2
2026-06-24,000001,14:47:39,10.5200,73,2
2026-06-24,000001,14:47:42,10.5200,171,2
2026-06-24,000001,14:47:45,10.5300,252,1
2026-06-24,000001,14:47:48,10.5200,234,2
2026-06-24,000001,14:47:51,10.5300,149,1
2026-06-24,000001,14:47:54,10.5200,70,2
2026-06-24,000001,14:47:57,10.5200,179,2
2026-06-24,000001,14:48:00,10.5300,148,1
2026-06-24,000001,14:48:03,10.5200,146,2
2026-06-24,000001,14:48:06,10.5200,80,2
2026-06-24,000001,14:48:09,10.5300,259,1
2026-06-24,000001,14:48:12,10.5300,98,1
2026-06-24,000001,14:48:15,10.5200,174,2
2026-06-24,000001,14:48:18,10.5200,37,2
2026-06-24,000001,14:48:21,10.5300,1654,1
2026-06-24,000001,14:48:24,10.5300,279,1
2026-06-24,000001,14:48:27,10.5300,424,1
2026-06-24,000001,14:48:30,10.5200,184,2
2026-06-24,000001,14:48:33,10.5300,42,1
2026-06-24,000001,14:48:36,10.5300,216,1
2026-06-24,000001,14:48:39,10.5200,129,2
2026-06-24,000001,14:48:42,10.5200,429,2
2026-06-24,000001,14:48:45,10.5200,160,2
2026-06-24,000001,14:48:48,10.5300,76,1
2026-06-24,000001,14:48:51,10.5300,547,1
2026-06-24,000001,14:48:54,10.5200,206,2
2026-06-24,000001,14:48:57,10.5200,242,2
2026-06-24,000001,14:49:00,10.5300,234,1
2026-06-24,000001,14:49:03,10.5300,202,1
2026-06-24,000001,14:49:06,10.5300,613,1
2026-06-24,000001,14:49:09,10.5300,150,1
2026-06-24,000001,14:49:12,10.5200,210,2
2026-06-24,000001,14:49:15,10.5300,434,1
2026-06-24,000001,14:49:18,10.5300,539,1
2026-06-24,000001,14:49:21,10.5300,328,1
2026-06-24,000001,14:49:24,10.5200,81,2
2026-06-24,000001,14:49:27,10.5300,136,1
2026-06-24,000001,14:49:30,10.5300,189,1
2026-06-24,000001,14:49:33,10.5300,432,1
2026-06-24,000001,14:49:36,10.5300,235,1
2026-06-24,000001,14:49:39,10.5300,45,1
2026-06-24,000001,14:49:42,10.5300,138,1
2026-06-24,000001,14:49:45,10.5300,183,1
2026-06-24,000001,14:49:48,10.5300,438,1
2026-06-24,000001,14:49:51,10.5300,223,1
2026-06-24,000001,14:49:54,10.5300,287,1
2026-06-24,000001,14:49:57,10.5200,203,2
2026-06-24,000001,14:50:00,10.5200,127,2
2026-06-24,000001,14:50:03,10.5300,102,1
2026-06-24,000001,14:50:06,10.5300,45,1
2026-06-24,000001,14:50:09,10.5300,133,1
2026-06-24,000001,14:50:12,10.5300,93,1
2026-06-24,000001,14:50:15,10.5200,359,2
2026-06-24,000001,14:50:18,10.5300,43,1
2026-06-24,000001,14:50:21,10.5200,280,2
2026-06-24,000001,14:50:24,10.5200,176,2
2026-06-24,000001,14:50:27,10.5300,126,1
2026-06-24,000001,14:50:30,10.5200,496,2
2026-06-24,000001,14:50:33,10.5300,45,1
2026-06-24,000001,14:50:36,10.5300,220,1
2026-06-24,000001,14:50:39,10.5200,258,2
2026-06-24,000001,14:50:42,10.5300,283,1
2026-06-24,000001,14:50:45,10.5300,221,1
2026-06-24,000001,14:50:48,10.5300,29,1
2026-06-24,000001,14:50:51,10.5300,179,1
2026-06-24,000001,14:50:54,10.5200,464,2
2026-06-24,000001,14:50:57,10.5200,321,2
2026-06-24,000001,14:51:00,10.5300,373,1
2026-06-24,000001,14:51:03,10.5300,1038,1
2026-06-24,000001,14:51:06,10.5300,155,1
2026-06-24,000001,14:51:09,10.5200,130,2
2026-06-24,000001,14:51:12,10.5200,295,2
2026-06-24,000001,14:51:15,10.5200,1860,2
2026-06-24,000001,14:51:18,10.5200,232,2
2026-06-24,000001,14:51:21,10.5300,191,1
2026-06-24,000001,14:51:24,10.5200,19,2
2026-06-24,000001,14:51:27,10.5300,124,1
2026-06-24,000001,14:51:30,10.5300,328,1
2026-06-24,000001,14:51:33,10.5200,289,2
2026-06-24,000001,14:51:36,10.5300,253,1
2026-06-24,000001,14:51:39,10.5300,56,1
2026-06-24,000001,14:51:42,10.5200,148,2
2026-06-24,000001,14:51:45,10.5300,140,1
2026-06-24,000001,14:51:48,10.5300,41,1
2026-06-24,000001,14:51:51,10.5300,333,1
2026-06-24,000001,14:51:54,10.5200,97,2
2026-06-24,000001,14:51:57,10.5300,307,1
2026-06-24,000001,14:52:00,10.5300,254,1
2026-06-24,000001,14:52:03,10.5200,49,2
2026-06-24,000001,14:52:06,10.5300,400,1
2026-06-24,000001,14:52:09,10.5300,80,1
2026-06-24,000001,14:52:12,10.5200,436,2
2026-06-24,000001,14:52:15,10.5300,407,1
2026-06-24,000001,14:52:18,10.5200,1882,2
2026-06-24,000001,14:52:21,10.5300,721,2
2026-06-24,000001,14:52:24,10.5300,842,1
2026-06-24,000001,14:52:27,10.5300,1131,2
2026-06-24,000001,14:52:30,10.5300,79,4
2026-06-24,000001,14:52:33,10.5400,226,1
2026-06-24,000001,14:52:36,10.5400,816,1
2026-06-24,000001,14:52:39,10.5300,59,2
2026-06-24,000001,14:52:42,10.5400,134,1
2026-06-24,000001,14:52:45,10.5300,189,2
2026-06-24,000001,14:52:48,10.5400,57,1
2026-06-24,000001,14:52:51,10.5400,112,1
2026-06-24,000001,14:52:54,10.5400,272,1
2026-06-24,000001,14:52:57,10.5300,164,2
2026-06-24,000001,14:53:00,10.5300,2468,2
2026-06-24,000001,14:53:03,10.5300,23,2
2026-06-24,000001,14:53:06,10.5300,277,2
2026-06-24,000001,14:53:09,10.5300,324,2
2026-06-24,000001,14:53:12,10.5300,112,4
2026-06-24,000001,14:53:15,10.5400,533,1
2026-06-24,000001,14:53:18,10.5400,270,1
2026-06-24,000001,14:53:21,10.5300,45,2
2026-06-24,000001,14:53:24,10.5400,21,1
2026-06-24,000001,14:53:27,10.5300,93,2
2026-06-24,000001,14:53:30,10.5300,114,2
2026-06-24,000001,14:53:33,10.5400,80,1
2026-06-24,000001,14:53:36,10.5300,39,2
2026-06-24,000001,14:53:39,10.5300,45,2
2026-06-24,000001,14:53:42,10.5300,219,2
2026-06-24,000001,14:53:45,10.5300,249,2
2026-06-24,000001,14:53:48,10.5400,215,1
2026-06-24,000001,14:53:51,10.5300,107,2
2026-06-24,000001,14:53:54,10.5300,269,2
2026-06-24,000001,14:53:57,10.5300,311,2
2026-06-24,000001,14:54:00,10.5300,944,2
2026-06-24,000001,14:54:03,10.5300,4721,1
2026-06-24,000001,14:54:06,10.5300,224,2
2026-06-24,000001,14:54:09,10.5200,200,2
2026-06-24,000001,14:54:12,10.5400,44,1
2026-06-24,000001,14:54:15,10.5300,84,2
2026-06-24,000001,14:54:18,10.5300,148,2
2026-06-24,000001,14:54:21,10.5300,156,2
2026-06-24,000001,14:54:24,10.5300,115,2
2026-06-24,000001,14:54:27,10.5300,60,2
2026-06-24,000001,14:54:30,10.5300,291,2
2026-06-24,000001,14:54:33,10.5300,333,2
2026-06-24,000001,14:54:36,10.5300,235,1
2026-06-24,000001,14:54:39,10.5300,185,1
2026-06-24,000001,14:54:42,10.5300,89,1
2026-06-24,000001,14:54:45,10.5200,259,2
2026-06-24,000001,14:54:48,10.5300,101,1
2026-06-24,000001,14:54:51,10.5300,262,1
2026-06-24,000001,14:54:54,10.5200,238,2
2026-06-24,000001,14:54:57,10.5200,270,2
2026-06-24,000001,14:55:00,10.5300,605,1
2026-06-24,000001,14:55:03,10.5200,640,2
2026-06-24,000001,14:55:06,10.5200,178,2
2026-06-24,000001,14:55:09,10.5200,361,2
2026-06-24,000001,14:55:12,10.5300,260,1
2026-06-24,000001,14:55:15,10.5300,289,1
2026-06-24,000001,14:55:18,10.5300,499,1
2026-06-24,000001,14:55:21,10.5300,1438,1
2026-06-24,000001,14:55:24,10.5300,166,1
2026-06-24,000001,14:55:27,10.5300,68,1
2026-06-24,000001,14:55:30,10.5300,100,1
2026-06-24,000001,14:55:33,10.5200,180,2
2026-06-24,000001,14:55:36,10.5300,119,1
2026-06-24,000001,14:55:39,10.5300,140,1
2026-06-24,000001,14:55:42,10.5200,252,2
2026-06-24,000001,14:55:45,10.5300,142,1
2026-06-24,000001,14:55:48,10.5300,330,1
2026-06-24,000001,14:55:51,10.5400,2200,1
2026-06-24,000001,14:55:54,10.5200,967,2
2026-06-24,000001,14:55:57,10.5300,231,1
2026-06-24,000001,14:56:00,10.5300,86,1
2026-06-24,000001,14:56:03,10.5300,2421,1
2026-06-24,000001,14:56:06,10.5300,161,1
2026-06-24,000001,14:56:09,10.5300,145,1
2026-06-24,000001,14:56:12,10.5300,135,1
2026-06-24,000001,14:56:15,10.5300,101,1
2026-06-24,000001,14:56:18,10.5200,81,2
2026-06-24,000001,14:56:21,10.5300,100,1
2026-06-24,000001,14:56:24,10.5300,30,1
2026-06-24,000001,14:56:27,10.5300,155,1
2026-06-24,000001,14:56:30,10.5300,535,1
2026-06-24,000001,14:56:33,10.5300,267,2
2026-06-24,000001,14:56:36,10.5200,216,2
2026-06-24,000001,14:56:39,10.5200,179,2
2026-06-24,000001,14:56:42,10.5200,166,2
2026-06-24,000001,14:56:45,10.5200,84,2
2026-06-24,000001,14:56:48,10.5200,4,2
2026-06-24,000001,14:56:51,10.5200,47,2
2026-06-24,000001,14:56:54,10.5200,85,2
2026-06-24,000001,14:56:57,10.5400,25,1
2026-06-24,000001,14:57:00,10.5400,154,1
2026-06-24,000001,15:00:03,10.5100,9642,4
2026-06-24,000001,13:15:27,10.5700,396,1
2026-06-24,000001,13:15:30,10.5700,36,1
2026-06-24,000001,13:15:33,10.5600,212,2
2026-06-24,000001,13:15:36,10.5600,204,2
2026-06-24,000001,13:15:39,10.5600,87,2
2026-06-24,000001,13:15:42,10.5600,141,2
2026-06-24,000001,13:15:45,10.5600,439,2
2026-06-24,000001,13:15:48,10.5600,422,2
2026-06-24,000001,13:15:51,10.5600,1759,2
2026-06-24,000001,13:15:54,10.5600,703,2
2026-06-24,000001,13:15:57,10.5500,1016,2
2026-06-24,000001,13:16:00,10.5600,148,1
2026-06-24,000001,13:16:03,10.5600,470,2
2026-06-24,000001,13:16:06,10.5600,248,4
2026-06-24,000001,13:16:09,10.5600,58,1
2026-06-24,000001,13:16:12,10.5600,356,1
2026-06-24,000001,13:16:15,10.5500,162,2
2026-06-24,000001,13:16:18,10.5600,48,1
2026-06-24,000001,13:16:21,10.5600,114,1
2026-06-24,000001,13:16:24,10.5600,110,1
2026-06-24,000001,13:16:27,10.5500,270,2
2026-06-24,000001,13:16:30,10.5600,520,1
2026-06-24,000001,13:16:33,10.5600,29,1
2026-06-24,000001,13:16:36,10.5600,1431,1
2026-06-24,000001,13:16:39,10.5500,717,2
2026-06-24,000001,13:16:42,10.5600,1144,1
2026-06-24,000001,13:16:45,10.5500,756,2
2026-06-24,000001,13:16:48,10.5500,14860,2
2026-06-24,000001,13:16:51,10.5400,2366,2
2026-06-24,000001,13:16:54,10.5500,237,1
2026-06-24,000001,13:16:57,10.5400,244,2
2026-06-24,000001,13:17:00,10.5500,85,1
2026-06-24,000001,13:17:03,10.5500,196,1
2026-06-24,000001,13:17:06,10.5500,201,1
2026-06-24,000001,13:17:09,10.5400,25,2
2026-06-24,000001,13:17:12,10.5500,112,1
2026-06-24,000001,13:17:15,10.5400,203,2
2026-06-24,000001,13:17:18,10.5500,67,1
2026-06-24,000001,13:17:21,10.5400,23,2
2026-06-24,000001,13:17:24,10.5400,256,2
2026-06-24,000001,13:17:27,10.5400,259,2
2026-06-24,000001,13:17:30,10.5500,119,1
2026-06-24,000001,13:17:33,10.5400,232,2
2026-06-24,000001,13:17:36,10.5400,172,2
2026-06-24,000001,13:17:39,10.5400,135,2
2026-06-24,000001,13:17:42,10.5400,109,2
2026-06-24,000001,13:17:45,10.5400,548,2
2026-06-24,000001,13:17:48,10.5400,268,2
2026-06-24,000001,13:17:51,10.5400,533,2
2026-06-24,000001,13:17:54,10.5500,234,1
2026-06-24,000001,13:17:57,10.5500,1239,1
2026-06-24,000001,13:18:00,10.5400,455,2
2026-06-24,000001,13:18:03,10.5400,260,2
2026-06-24,000001,13:18:06,10.5400,170,2
2026-06-24,000001,13:18:09,10.5400,76,2
2026-06-24,000001,13:18:12,10.5400,256,2
2026-06-24,000001,13:18:15,10.5400,296,2
2026-06-24,000001,13:18:18,10.5400,122,2
2026-06-24,000001,13:18:21,10.5400,37,2
2026-06-24,000001,13:18:24,10.5400,97,2
2026-06-24,000001,13:18:27,10.5400,336,2
2026-06-24,000001,13:18:30,10.5400,77,2
2026-06-24,000001,13:18:33,10.5400,191,2
2026-06-24,000001,13:18:36,10.5400,144,2
2026-06-24,000001,13:18:39,10.5400,324,2
2026-06-24,000001,13:18:42,10.5500,268,1
2026-06-24,000001,13:18:45,10.5500,77,1
2026-06-24,000001,13:18:48,10.5400,240,2
2026-06-24,000001,13:18:51,10.5500,497,1
2026-06-24,000001,13:18:54,10.5400,239,2
2026-06-24,000001,13:18:57,10.5400,166,2
2026-06-24,000001,13:19:00,10.5500,99,1
2026-06-24,000001,13:19:03,10.5400,140,2
2026-06-24,000001,13:19:06,10.5400,336,2
2026-06-24,000001,13:19:09,10.5500,135,1
2026-06-24,000001,13:19:12,10.5500,79,1
2026-06-24,000001,13:19:15,10.5500,101,1
2026-06-24,000001,13:19:18,10.5500,121,1
2026-06-24,000001,13:19:21,10.5500,121,1
2026-06-24,000001,13:19:24,10.5500,61,1
2026-06-24,000001,13:19:27,10.5400,1344,2
2026-06-24,000001,13:19:30,10.5400,700,2
2026-06-24,000001,13:19:33,10.5400,39,2
2026-06-24,000001,13:19:36,10.5400,31,2
2026-06-24,000001,13:19:39,10.5400,102,2
2026-06-24,000001,13:19:42,10.5500,39,1
2026-06-24,000001,13:19:45,10.5500,897,1
2026-06-24,000001,13:19:48,10.5500,431,2
2026-06-24,000001,13:19:51,10.5600,106,1
2026-06-24,000001,13:19:54,10.5500,57,2
2026-06-24,000001,13:19:57,10.5500,1414,2
2026-06-24,000001,13:20:00,10.5400,281,2
2026-06-24,000001,13:20:03,10.5400,234,2
2026-06-24,000001,13:20:06,10.5400,119,2
2026-06-24,000001,13:20:09,10.5400,42,2
2026-06-24,000001,13:20:12,10.5500,643,1
2026-06-24,000001,13:20:15,10.5500,1087,1
2026-06-24,000001,13:20:18,10.5600,81,1
2026-06-24,000001,13:20:21,10.5500,24,2
2026-06-24,000001,13:20:24,10.5500,54,2
2026-06-24,000001,13:20:27,10.5400,230,2
2026-06-24,000001,13:20:30,10.5400,114,2
2026-06-24,000001,13:20:33,10.5500,256,2
2026-06-24,000001,13:20:36,10.5500,191,4
2026-06-24,000001,13:20:39,10.5500,118,4
2026-06-24,000001,13:20:42,10.5500,1180,4
2026-06-24,000001,13:20:45,10.5500,77,2
2026-06-24,000001,13:20:48,10.5600,19,1
2026-06-24,000001,13:20:51,10.5500,32,2
2026-06-24,000001,13:20:54,10.5600,46,1
2026-06-24,000001,13:20:57,10.5600,197,1
2026-06-24,000001,13:21:00,10.5600,134,1
2026-06-24,000001,13:21:03,10.5500,160,2
2026-06-24,000001,13:21:06,10.5500,32,2
2026-06-24,000001,13:21:09,10.5600,54,1
2026-06-24,000001,13:21:12,10.5400,721,2
2026-06-24,000001,13:21:15,10.5500,611,2
2026-06-24,000001,13:21:18,10.5700,2139,1
2026-06-24,000001,13:21:21,10.5500,135,2
2026-06-24,000001,13:21:24,10.5600,4292,4
2026-06-24,000001,13:21:27,10.5500,257,2
2026-06-24,000001,13:21:30,10.5600,85,1
2026-06-24,000001,13:21:33,10.5500,49,2
2026-06-24,000001,13:21:36,10.5600,125,1
2026-06-24,000001,13:21:39,10.5600,135,4
2026-06-24,000001,13:21:42,10.5600,47,1
2026-06-24,000001,13:21:45,10.5500,65,2
2026-06-24,000001,13:21:48,10.5600,62,1
2026-06-24,000001,13:21:51,10.5500,42,2
2026-06-24,000001,13:21:54,10.5500,102,2
2026-06-24,000001,13:21:57,10.5500,545,2
2026-06-24,000001,13:22:00,10.5500,405,2
2026-06-24,000001,13:22:03,10.5600,115,1
2026-06-24,000001,13:22:06,10.5500,151,2
2026-06-24,000001,13:22:09,10.5500,51,2
2026-06-24,000001,13:22:12,10.5500,95,2
2026-06-24,000001,13:22:15,10.5500,425,2
2026-06-24,000001,13:22:18,10.5600,63,1
2026-06-24,000001,13:22:21,10.5500,52,2
2026-06-24,000001,13:22:24,10.5500,53,2
2026-06-24,000001,13:22:27,10.5500,77,2
2026-06-24,000001,13:22:30,10.5500,40,2
2026-06-24,000001,13:22:33,10.5600,296,1
2026-06-24,000001,13:22:36,10.5500,234,2
2026-06-24,000001,13:22:39,10.5500,195,2
2026-06-24,000001,13:22:42,10.5500,89,2
2026-06-24,000001,13:22:45,10.5500,17,2
2026-06-24,000001,13:22:48,10.5500,53,2
2026-06-24,000001,13:22:51,10.5500,16,2
2026-06-24,000001,13:22:54,10.5500,73,2
2026-06-24,000001,13:22:57,10.5500,117,2
2026-06-24,000001,13:23:00,10.5600,51,1
2026-06-24,000001,13:23:03,10.5600,122,1
2026-06-24,000001,13:23:06,10.5600,98,1
2026-06-24,000001,13:23:09,10.5600,69,1
2026-06-24,000001,13:23:12,10.5500,150,2
2026-06-24,000001,13:23:15,10.5500,72,2
2026-06-24,000001,13:23:18,10.5500,202,2
2026-06-24,000001,13:23:21,10.5600,56,1
2026-06-24,000001,13:23:24,10.5500,116,2
2026-06-24,000001,13:23:27,10.5500,100,2
2026-06-24,000001,13:23:30,10.5500,117,2
2026-06-24,000001,13:23:33,10.5500,626,2
2026-06-24,000001,13:23:36,10.5500,15,2
2026-06-24,000001,13:23:39,10.5500,111,2
2026-06-24,000001,13:23:42,10.5500,178,2
2026-06-24,000001,13:23:45,10.5500,1008,2
2026-06-24,000001,13:23:48,10.5500,4042,2
2026-06-24,000001,13:23:51,10.5600,80,1
2026-06-24,000001,13:23:54,10.5600,119,2
2026-06-24,000001,13:23:57,10.5500,127,2
2026-06-24,000001,13:24:00,10.5500,82,2
2026-06-24,000001,13:24:03,10.5600,65,1
2026-06-24,000001,13:24:06,10.5500,43,2
2026-06-24,000001,13:24:09,10.5500,287,2
2026-06-24,000001,13:24:12,10.5500,6,2
2026-06-24,000001,13:24:15,10.5500,148,2
2026-06-24,000001,13:24:18,10.5500,347,2
2026-06-24,000001,13:24:21,10.5500,7,2
2026-06-24,000001,13:24:24,10.5500,98,2
2026-06-24,000001,13:24:27,10.5600,6,1
2026-06-24,000001,13:24:30,10.5500,33,2
2026-06-24,000001,13:24:33,10.5600,110,1
2026-06-24,000001,13:24:36,10.5500,120,2
2026-06-24,000001,13:24:39,10.5500,20,2
2026-06-24,000001,13:24:45,10.5600,116,1
2026-06-24,000001,13:24:48,10.5500,20,2
2026-06-24,000001,13:24:51,10.5500,129,2
2026-06-24,000001,13:24:54,10.5600,14,1
2026-06-24,000001,13:24:57,10.5600,130,1
2026-06-24,000001,13:25:00,10.5500,23,2
2026-06-24,000001,13:25:03,10.5600,68,1
2026-06-24,000001,13:25:06,10.5500,15,2
2026-06-24,000001,13:25:09,10.5500,87,2
2026-06-24,000001,13:25:12,10.5500,33,2
2026-06-24,000001,13:25:15,10.5500,89,2
2026-06-24,000001,13:25:18,10.5500,104,2
2026-06-24,000001,13:25:21,10.5600,5179,1
2026-06-24,000001,13:25:24,10.5600,275,1
2026-06-24,000001,13:25:27,10.5500,381,2
2026-06-24,000001,13:25:30,10.5600,45,1
2026-06-24,000001,13:25:33,10.5600,94,1
2026-06-24,000001,13:25:36,10.5600,100,1
2026-06-24,000001,13:25:39,10.5500,198,2
2026-06-24,000001,13:25:42,10.5600,100,1
2026-06-24,000001,13:25:45,10.5500,49,2
2026-06-24,000001,13:25:48,10.5500,47,2
2026-06-24,000001,13:25:51,10.5500,68,2
2026-06-24,000001,13:25:54,10.5500,179,2
2026-06-24,000001,13:25:57,10.5500,91,2
2026-06-24,000001,13:26:00,10.5600,36,1
2026-06-24,000001,13:26:03,10.5500,204,2
2026-06-24,000001,13:26:06,10.5500,210,2
2026-06-24,000001,13:26:09,10.5400,279,2
2026-06-24,000001,13:26:12,10.5400,102,2
2026-06-24,000001,13:26:15,10.5400,184,2
2026-06-24,000001,13:26:18,10.5500,16,1
2026-06-24,000001,13:26:21,10.5400,104,2
2026-06-24,000001,13:26:24,10.5400,113,2
2026-06-24,000001,13:26:27,10.5400,75,2
2026-06-24,000001,13:26:30,10.5400,76,2
2026-06-24,000001,13:26:33,10.5400,108,2
2026-06-24,000001,13:26:36,10.5400,31,2
2026-06-24,000001,13:26:39,10.5400,143,2
2026-06-24,000001,13:26:42,10.5400,58,2
2026-06-24,000001,13:26:45,10.5400,45,2
2026-06-24,000001,13:26:48,10.5400,132,2
2026-06-24,000001,13:26:51,10.5400,16,2
2026-06-24,000001,13:26:54,10.5400,978,2
2026-06-24,000001,13:26:57,10.5400,68,2
2026-06-24,000001,13:27:00,10.5500,15,1
2026-06-24,000001,13:27:03,10.5500,148,1
2026-06-24,000001,13:27:06,10.5400,43,2
2026-06-24,000001,13:27:09,10.5400,393,2
2026-06-24,000001,13:27:12,10.5400,72,2
2026-06-24,000001,13:27:18,10.5400,6,2
2026-06-24,000001,13:27:21,10.5400,162,2
2026-06-24,000001,13:27:24,10.5400,49,2
2026-06-24,000001,13:27:27,10.5400,38,2
2026-06-24,000001,13:27:30,10.5400,77,2
2026-06-24,000001,13:27:33,10.5400,33,2
2026-06-24,000001,13:27:36,10.5400,115,2
2026-06-24,000001,13:27:39,10.5500,66,1
2026-06-24,000001,13:27:42,10.5400,16,2
2026-06-24,000001,13:27:45,10.5400,101,2
2026-06-24,000001,13:27:48,10.5500,445,1
2026-06-24,000001,13:27:51,10.5400,11,2
2026-06-24,000001,13:27:54,10.5400,34,2
2026-06-24,000001,13:27:57,10.5400,150,2
2026-06-24,000001,13:28:00,10.5500,140,1
2026-06-24,000001,13:28:03,10.5400,126,2
2026-06-24,000001,13:28:06,10.5500,161,1
2026-06-24,000001,13:28:09,10.5500,263,1
2026-06-24,000001,13:28:12,10.5500,210,1
2026-06-24,000001,13:28:15,10.5500,53,1
2026-06-24,000001,13:28:18,10.5500,92,1
2026-06-24,000001,13:28:21,10.5400,188,2
2026-06-24,000001,13:28:24,10.5400,89,2
2026-06-24,000001,13:28:27,10.5400,156,2
2026-06-24,000001,13:28:30,10.5500,104,1
2026-06-24,000001,13:28:33,10.5500,227,1
2026-06-24,000001,13:28:36,10.5400,43,2
2026-06-24,000001,13:28:39,10.5400,72,2
2026-06-24,000001,13:28:42,10.5500,159,1
2026-06-24,000001,13:28:45,10.5500,14,1
2026-06-24,000001,13:28:48,10.5500,145,1
2026-06-24,000001,13:28:51,10.5400,124,2
2026-06-24,000001,13:28:54,10.5500,154,1
2026-06-24,000001,13:28:57,10.5400,33,2
2026-06-24,000001,13:29:00,10.5500,209,1
2026-06-24,000001,13:29:03,10.5500,213,1
2026-06-24,000001,13:29:06,10.5500,87,1
2026-06-24,000001,13:29:09,10.5400,174,2
2026-06-24,000001,13:29:12,10.5500,169,1
2026-06-24,000001,13:29:15,10.5500,125,1
2026-06-24,000001,13:29:18,10.5500,89,1
2026-06-24,000001,13:29:21,10.5400,36,2
2026-06-24,000001,13:29:24,10.5400,103,2
2026-06-24,000001,13:29:27,10.5400,17,2
2026-06-24,000001,13:29:30,10.5500,164,1
2026-06-24,000001,13:29:33,10.5400,204,2
2026-06-24,000001,13:29:36,10.5400,386,2
2026-06-24,000001,13:29:39,10.5500,52,1
2026-06-24,000001,13:29:42,10.5400,39,2
2026-06-24,000001,13:29:45,10.5500,113,1
2026-06-24,000001,13:29:48,10.5500,68,1
2026-06-24,000001,13:29:51,10.5400,96,2
2026-06-24,000001,13:29:54,10.5400,134,2
2026-06-24,000001,13:29:57,10.5500,176,1
2026-06-24,000001,13:30:00,10.5400,207,2
2026-06-24,000001,13:30:03,10.5400,134,2
2026-06-24,000001,13:30:06,10.5500,131,1
2026-06-24,000001,13:30:09,10.5400,33,2
2026-06-24,000001,13:30:12,10.5500,148,1
2026-06-24,000001,13:30:15,10.5400,45,2
2026-06-24,000001,13:30:18,10.5500,62,1
2026-06-24,000001,13:30:21,10.5500,87,1
2026-06-24,000001,13:30:24,10.5400,87,2
2026-06-24,000001,13:30:27,10.5500,23,1
2026-06-24,000001,13:30:30,10.5500,107,1
2026-06-24,000001,13:30:33,10.5400,273,2
2026-06-24,000001,13:30:36,10.5500,59,1
2026-06-24,000001,13:30:39,10.5500,283,1
2026-06-24,000001,13:30:42,10.5600,329,1
2026-06-24,000001,13:30:45,10.5600,46,1
2026-06-24,000001,13:30:48,10.5500,43,2
2026-06-24,000001,13:30:51,10.5600,11,1
2026-06-24,000001,13:30:54,10.5500,99,2
2026-06-24,000001,13:30:57,10.5500,85,2
2026-06-24,000001,13:31:00,10.5500,61,2
2026-06-24,000001,13:31:03,10.5500,147,2
2026-06-24,000001,13:31:06,10.5500,163,2
2026-06-24,000001,13:31:09,10.5500,16,2
2026-06-24,000001,13:31:12,10.5500,127,2
2026-06-24,000001,13:31:15,10.5600,113,1
2026-06-24,000001,13:31:18,10.5500,393,2
2026-06-24,000001,13:31:21,10.5500,258,2
2026-06-24,000001,13:31:24,10.5600,135,1
2026-06-24,000001,13:31:27,10.5500,221,4
2026-06-24,000001,13:31:30,10.5500,816,2
2026-06-24,000001,13:31:33,10.5500,56,2
2026-06-24,000001,13:31:36,10.5600,111,1
2026-06-24,000001,13:31:39,10.5500,192,2
2026-06-24,000001,13:31:42,10.5500,178,4
2026-06-24,000001,13:31:45,10.5500,123,2
2026-06-24,000001,13:31:48,10.5500,32,2
2026-06-24,000001,13:31:51,10.5500,24,2
2026-06-24,000001,13:31:54,10.5500,56,2
2026-06-24,000001,13:31:57,10.5500,98,2
2026-06-24,000001,13:32:00,10.5600,22,1
2026-06-24,000001,13:32:03,10.5500,120,2
2026-06-24,000001,13:32:06,10.5600,81,1
2026-06-24,000001,13:32:09,10.5500,124,2
2026-06-24,000001,13:32:12,10.5600,64,1
2026-06-24,000001,13:32:15,10.5600,74,1
2026-06-24,000001,13:32:18,10.5500,57,2
2026-06-24,000001,13:32:21,10.5500,179,2
2026-06-24,000001,13:32:24,10.5500,126,2
2026-06-24,000001,13:32:27,10.5600,172,1
2026-06-24,000001,13:32:30,10.5600,153,1
2026-06-24,000001,13:32:33,10.5500,174,2
2026-06-24,000001,13:32:36,10.5500,154,2
2026-06-24,000001,13:32:39,10.5600,1075,1
2026-06-24,000001,13:32:42,10.5700,262,1
2026-06-24,000001,13:32:45,10.5700,105,1
2026-06-24,000001,13:32:48,10.5600,13,2
2026-06-24,000001,13:32:51,10.5700,419,1
2026-06-24,000001,13:32:54,10.5700,58,1
2026-06-24,000001,13:32:57,10.5600,452,2
2026-06-24,000001,13:33:00,10.5700,144,1
2026-06-24,000001,13:33:03,10.5600,51,2
2026-06-24,000001,13:33:06,10.5600,80,2
2026-06-24,000001,13:33:09,10.5700,114,1
2026-06-24,000001,13:33:12,10.5600,32,2
2026-06-24,000001,13:33:15,10.5700,70,1
2026-06-24,000001,13:33:18,10.5600,19,2
2026-06-24,000001,13:33:21,10.5700,131,1
2026-06-24,000001,13:33:24,10.5700,116,1
2026-06-24,000001,13:33:27,10.5700,90,1
2026-06-24,000001,13:33:30,10.5600,537,2
2026-06-24,000001,13:33:33,10.5600,333,1
2026-06-24,000001,13:33:36,10.5600,79,1
2026-06-24,000001,13:33:39,10.5600,187,1
2026-06-24,000001,13:33:42,10.5600,60,1
2026-06-24,000001,13:33:45,10.5600,86,1
2026-06-24,000001,13:33:48,10.5500,105,2
2026-06-24,000001,13:33:51,10.5500,205,2
2026-06-24,000001,13:33:54,10.5500,18,2
2026-06-24,000001,13:33:57,10.5500,145,2
2026-06-24,000001,13:34:00,10.5600,144,1
2026-06-24,000001,13:34:03,10.5500,58,2
2026-06-24,000001,13:34:06,10.5500,129,2
2026-06-24,000001,13:34:12,10.5500,113,2
2026-06-24,000001,13:34:15,10.5600,76,1
2026-06-24,000001,13:34:18,10.5600,27,1
2026-06-24,000001,13:34:21,10.5600,105,1
2026-06-24,000001,13:34:24,10.5600,33,1
2026-06-24,000001,13:34:27,10.5600,269,1
2026-06-24,000001,13:34:30,10.5600,165,1
2026-06-24,000001,13:34:33,10.5500,156,2
2026-06-24,000001,13:34:36,10.5600,199,1
2026-06-24,000001,13:34:39,10.5600,24,1
2026-06-24,000001,13:34:42,10.5600,86,1
2026-06-24,000001,13:34:45,10.5600,139,1
2026-06-24,000001,13:34:48,10.5600,53,1
2026-06-24,000001,13:34:51,10.5600,88,1
2026-06-24,000001,13:34:54,10.5500,41,2
2026-06-24,000001,13:34:57,10.5500,1063,2
2026-06-24,000001,13:35:00,10.5600,232,1
2026-06-24,000001,13:35:03,10.5500,20,2
2026-06-24,000001,13:35:06,10.5600,158,1
2026-06-24,000001,13:35:09,10.5600,27,1
2026-06-24,000001,13:35:12,10.5600,115,1
2026-06-24,000001,13:35:15,10.5600,95,1
2026-06-24,000001,13:35:18,10.5500,73,2
2026-06-24,000001,13:35:21,10.5500,30,2
2026-06-24,000001,13:35:24,10.5500,83,2
2026-06-24,000001,13:35:27,10.5500,107,2
2026-06-24,000001,13:35:30,10.5600,89,1
2026-06-24,000001,13:35:33,10.5600,219,1
2026-06-24,000001,13:35:36,10.5600,52,1
2026-06-24,000001,13:35:39,10.5600,89,1
2026-06-24,000001,13:35:42,10.5600,24,1
2026-06-24,000001,13:35:45,10.5600,173,1
2026-06-24,000001,13:35:48,10.5600,125,1
2026-06-24,000001,13:35:51,10.5600,49,1
2026-06-24,000001,13:35:54,10.5600,97,1
2026-06-24,000001,13:35:57,10.5500,77,2
2026-06-24,000001,13:36:00,10.5600,240,1
2026-06-24,000001,13:36:03,10.5600,829,2
2026-06-24,000001,13:36:06,10.5600,421,1
2026-06-24,000001,13:36:09,10.5600,87,2
2026-06-24,000001,13:36:12,10.5600,89,2
2026-06-24,000001,13:36:15,10.5600,217,2
2026-06-24,000001,13:36:18,10.5600,22,2
2026-06-24,000001,13:36:21,10.5600,35,2
2026-06-24,000001,13:36:24,10.5600,64,2
2026-06-24,000001,13:36:27,10.5700,56,1
2026-06-24,000001,13:36:30,10.5700,32,1
2026-06-24,000001,13:36:33,10.5700,140,1
2026-06-24,000001,13:36:36,10.5600,199,2
2026-06-24,000001,13:36:39,10.5600,56,2
2026-06-24,000001,13:36:42,10.5600,18,2
2026-06-24,000001,13:36:45,10.5700,59,1
2026-06-24,000001,13:36:51,10.5600,146,2
2026-06-24,000001,13:36:54,10.5600,88,2
2026-06-24,000001,13:36:57,10.5700,259,1
2026-06-24,000001,13:37:00,10.5700,345,1
2026-06-24,000001,13:37:03,10.5700,266,1
2026-06-24,000001,13:37:06,10.5800,321,1
2026-06-24,000001,13:37:09,10.5800,283,1
2026-06-24,000001,13:37:12,10.5700,124,2
2026-06-24,000001,13:37:15,10.5700,10,2
2026-06-24,000001,13:37:18,10.5700,260,2
2026-06-24,000001,13:37:21,10.5700,38,2
2026-06-24,000001,13:37:24,10.5800,50,1
2026-06-24,000001,13:37:27,10.5700,47,2
2026-06-24,000001,13:37:30,10.5700,164,2
2026-06-24,000001,13:37:33,10.5600,183,2
2026-06-24,000001,13:37:39,10.5700,77,1
2026-06-24,000001,13:37:42,10.5700,84,1
2026-06-24,000001,13:37:45,10.5700,87,1
2026-06-24,000001,13:37:48,10.5700,63,1
2026-06-24,000001,13:37:51,10.5600,31,2
2026-06-24,000001,13:37:54,10.5700,110,1
2026-06-24,000001,13:37:57,10.5700,116,1
2026-06-24,000001,13:38:00,10.5600,362,2
2026-06-24,000001,13:38:03,10.5600,112,2
2026-06-24,000001,13:38:06,10.5700,108,1
2026-06-24,000001,13:38:09,10.5600,24,2
2026-06-24,000001,13:38:12,10.5600,100,2
2026-06-24,000001,13:38:15,10.5600,87,2
2026-06-24,000001,13:38:18,10.5700,95,1
2026-06-24,000001,13:38:21,10.5600,103,2
2026-06-24,000001,13:38:24,10.5600,1351,2
2026-06-24,000001,13:38:27,10.5600,265,2
2026-06-24,000001,13:38:30,10.5600,37,2
2026-06-24,000001,13:38:33,10.5600,53,2
2026-06-24,000001,13:38:36,10.5700,92,1
2026-06-24,000001,13:38:39,10.5600,38,2
2026-06-24,000001,13:38:42,10.5700,44,1
2026-06-24,000001,13:38:45,10.5700,69,1
2026-06-24,000001,13:38:48,10.5600,24,2
2026-06-24,000001,13:38:51,10.5600,18,2
2026-06-24,000001,13:38:54,10.5700,72,1
2026-06-24,000001,13:38:57,10.5600,318,2
2026-06-24,000001,13:39:00,10.5700,203,1
2026-06-24,000001,13:39:03,10.5700,240,4
2026-06-24,000001,13:39:06,10.5700,203,1
2026-06-24,000001,13:39:09,10.5700,256,1
2026-06-24,000001,13:39:12,10.5700,254,1
2026-06-24,000001,13:39:15,10.5600,198,2
2026-06-24,000001,13:39:18,10.5700,712,1
2026-06-24,000001,13:39:21,10.5600,499,2
2026-06-24,000001,13:39:24,10.5600,434,2
2026-06-24,000001,13:39:27,10.5700,180,4
2026-06-24,000001,13:39:30,10.5700,141,2
2026-06-24,000001,13:39:33,10.5800,32,1
2026-06-24,000001,13:39:36,10.5700,22,2
2026-06-24,000001,13:39:39,10.5700,58,2
2026-06-24,000001,13:39:42,10.5800,64,1
2026-06-24,000001,13:39:48,10.5700,24,2
2026-06-24,000001,13:39:51,10.5700,32,2
2026-06-24,000001,13:39:54,10.5700,63,2
2026-06-24,000001,13:39:57,10.5700,136,2
2026-06-24,000001,13:40:00,10.5700,181,2
2026-06-24,000001,13:40:03,10.5600,59,2
2026-06-24,000001,13:40:06,10.5600,33,2
2026-06-24,000001,13:40:09,10.5700,5,1
2026-06-24,000001,13:40:12,10.5700,8,1
2026-06-24,000001,13:40:15,10.5700,135,1
2026-06-24,000001,13:40:18,10.5700,77,1
2026-06-24,000001,13:40:21,10.5700,2,1
2026-06-24,000001,13:40:24,10.5700,9,1
2026-06-24,000001,13:40:27,10.5700,93,1
2026-06-24,000001,13:40:30,10.5600,45,2
2026-06-24,000001,13:40:33,10.5700,91,1
2026-06-24,000001,13:40:36,10.5700,4,1
2026-06-24,000001,13:40:39,10.5700,17,1
2026-06-24,000001,13:40:42,10.5700,219,1
2026-06-24,000001,13:40:45,10.5700,165,2
2026-06-24,000001,13:40:48,10.5700,104,2
2026-06-24,000001,13:40:51,10.5700,73,2
2026-06-24,000001,13:40:54,10.5700,46,2
2026-06-24,000001,13:40:57,10.5700,279,2
2026-06-24,000001,13:41:00,10.5700,19,1
2026-06-24,000001,13:41:03,10.5600,89,2
2026-06-24,000001,13:41:06,10.5700,121,1
2026-06-24,000001,13:41:09,10.5600,63,2
2026-06-24,000001,13:41:12,10.5700,72,1
2026-06-24,000001,13:41:15,10.5700,1,1
2026-06-24,000001,13:41:18,10.5700,109,1
2026-06-24,000001,13:41:21,10.5700,29,1
2026-06-24,000001,13:41:24,10.5700,73,1
2026-06-24,000001,13:41:27,10.5700,15,1
2026-06-24,000001,13:41:30,10.5700,103,1
2026-06-24,000001,13:41:33,10.5700,12,1
2026-06-24,000001,13:41:36,10.5700,75,1
2026-06-24,000001,13:41:39,10.5600,32,2
2026-06-24,000001,13:41:42,10.5700,83,1
2026-06-24,000001,13:41:45,10.5600,57,2
2026-06-24,000001,13:41:48,10.5700,167,1
2026-06-24,000001,13:41:51,10.5600,32,2
2026-06-24,000001,13:41:54,10.5700,71,1
2026-06-24,000001,13:41:57,10.5600,55,2
2026-06-24,000001,13:42:00,10.5700,124,1
2026-06-24,000001,13:42:03,10.5600,138,2
2026-06-24,000001,13:42:06,10.5700,70,1
2026-06-24,000001,13:42:09,10.5600,70,2
2026-06-24,000001,13:42:12,10.5600,34,2
2026-06-24,000001,13:42:15,10.5700,55,1
2026-06-24,000001,13:42:18,10.5700,40,1
2026-06-24,000001,13:42:21,10.5600,91,2
2026-06-24,000001,13:42:24,10.5600,170,2
2026-06-24,000001,13:42:27,10.5600,35,2
2026-06-24,000001,13:42:30,10.5600,90,2
2026-06-24,000001,13:42:33,10.5700,22,1
2026-06-24,000001,13:42:36,10.5700,5,1
2026-06-24,000001,13:42:39,10.5600,157,2
2026-06-24,000001,13:42:42,10.5600,20,2
2026-06-24,000001,13:42:48,10.5700,72,1
2026-06-24,000001,13:42:51,10.5600,71,2
2026-06-24,000001,13:42:54,10.5600,155,2
2026-06-24,000001,13:42:57,10.5700,141,1
2026-06-24,000001,13:43:00,10.5600,43,2
2026-06-24,000001,13:43:03,10.5700,207,1
2026-06-24,000001,13:43:06,10.5700,137,2
2026-06-24,000001,13:43:09,10.5700,291,2
2026-06-24,000001,13:43:12,10.5700,35,2
2026-06-24,000001,13:43:15,10.5700,57,2
2026-06-24,000001,13:43:18,10.5700,24,2
2026-06-24,000001,13:43:21,10.5700,164,2
2026-06-24,000001,13:43:24,10.5700,240,2
2026-06-24,000001,13:43:27,10.5600,93,2
2026-06-24,000001,13:43:30,10.5800,8,1
2026-06-24,000001,13:43:33,10.5600,42,2
2026-06-24,000001,13:43:36,10.5800,307,1
2026-06-24,000001,13:43:39,10.5600,86,2
2026-06-24,000001,13:43:42,10.5800,33,1
2026-06-24,000001,13:43:45,10.5700,60,4
2026-06-24,000001,13:43:48,10.5800,99,1
2026-06-24,000001,13:43:51,10.5700,192,4
2026-06-24,000001,13:43:54,10.5600,25,2
2026-06-24,000001,13:43:57,10.5700,15,4
2026-06-24,000001,13:44:00,10.5700,28,2
2026-06-24,000001,13:44:03,10.5700,40,2
2026-06-24,000001,13:44:06,10.5800,5,1
2026-06-24,000001,13:44:09,10.5700,55,2
2026-06-24,000001,13:44:12,10.5700,78,2
2026-06-24,000001,13:44:15,10.5700,31,2
2026-06-24,000001,13:44:18,10.5700,321,2
2026-06-24,000001,13:44:21,10.5600,160,2
2026-06-24,000001,13:44:24,10.5600,208,2
2026-06-24,000001,13:44:27,10.5700,36,1
2026-06-24,000001,13:44:30,10.5700,75,1
2026-06-24,000001,13:44:33,10.5600,37,2
2026-06-24,000001,13:44:36,10.5700,144,1
2026-06-24,000001,13:44:39,10.5700,95,1
2026-06-24,000001,13:44:42,10.5700,111,1
2026-06-24,000001,13:44:45,10.5600,17,2
2026-06-24,000001,13:44:48,10.5600,4,2
2026-06-24,000001,13:44:51,10.5600,16,2
2026-06-24,000001,13:44:54,10.5700,91,1
2026-06-24,000001,13:44:57,10.5700,118,1
2026-06-24,000001,13:45:00,10.5700,71,1
2026-06-24,000001,13:45:03,10.5700,116,1
2026-06-24,000001,13:45:06,10.5700,282,1
2026-06-24,000001,13:45:09,10.5600,70,2
2026-06-24,000001,13:45:12,10.5700,53,1
2026-06-24,000001,13:45:15,10.5700,74,1
2026-06-24,000001,13:45:18,10.5700,34,1
2026-06-24,000001,13:45:21,10.5600,84,2
2026-06-24,000001,13:45:24,10.5600,73,2
2026-06-24,000001,13:45:27,10.5700,84,1
2026-06-24,000001,13:45:30,10.5700,64,1
2026-06-24,000001,13:45:33,10.5600,62,2
2026-06-24,000001,13:45:36,10.5700,83,1
2026-06-24,000001,13:45:39,10.5600,111,2
2026-06-24,000001,13:45:42,10.5600,70,2
2026-06-24,000001,13:45:45,10.5700,66,1
2026-06-24,000001,13:45:48,10.5700,636,1
2026-06-24,000001,13:45:51,10.5700,311,1
2026-06-24,000001,13:45:54,10.5600,220,2
2026-06-24,000001,13:45:57,10.5700,301,1
2026-06-24,000001,13:46:00,10.5700,258,1
2026-06-24,000001,13:46:03,10.5700,512,1
2026-06-24,000001,13:46:06,10.5700,89,2
2026-06-24,000001,13:46:09,10.5700,62,2
2026-06-24,000001,13:46:15,10.5700,25,2
2026-06-24,000001,13:46:21,10.5800,55,1
2026-06-24,000001,13:46:24,10.5700,100,2
2026-06-24,000001,13:46:27,10.5700,521,2
2026-06-24,000001,13:46:30,10.5700,225,2
2026-06-24,000001,13:46:33,10.5800,75,1
2026-06-24,000001,13:46:36,10.5800,87,1
2026-06-24,000001,13:46:45,10.5800,167,1
2026-06-24,000001,13:46:48,10.5800,3,1
2026-06-24,000001,13:46:51,10.5700,49,2
2026-06-24,000001,13:46:54,10.5800,57,1
2026-06-24,000001,13:46:57,10.5700,53,2
2026-06-24,000001,13:47:00,10.5800,11,1
2026-06-24,000001,13:47:03,10.5700,15,2
2026-06-24,000001,13:47:06,10.5800,55,1
2026-06-24,000001,13:47:09,10.5800,22,1
2026-06-24,000001,13:47:12,10.5600,307,2
2026-06-24,000001,13:47:15,10.5700,18,1
2026-06-24,000001,13:47:18,10.5700,13,1
2026-06-24,000001,13:47:21,10.5600,701,2
2026-06-24,000001,13:47:24,10.5700,219,1
2026-06-24,000001,13:47:27,10.5700,85,1
2026-06-24,000001,13:47:30,10.5600,41,2
2026-06-24,000001,13:47:33,10.5700,12,1
2026-06-24,000001,13:47:36,10.5700,89,1
2026-06-24,000001,13:47:39,10.5700,50,1
2026-06-24,000001,13:47:42,10.5700,57,1
2026-06-24,000001,13:47:45,10.5700,75,1
2026-06-24,000001,13:47:48,10.5700,179,1
2026-06-24,000001,13:47:51,10.5700,18,1
2026-06-24,000001,13:47:54,10.5600,116,2
2026-06-24,000001,13:47:57,10.5600,45,2
2026-06-24,000001,13:48:00,10.5700,183,1
2026-06-24,000001,13:48:03,10.5700,172,1
2026-06-24,000001,13:48:06,10.5700,173,1
2026-06-24,000001,13:48:09,10.5600,736,2
2026-06-24,000001,13:48:12,10.5500,293,2
2026-06-24,000001,13:48:15,10.5700,72,1
2026-06-24,000001,13:48:18,10.5600,16,2
2026-06-24,000001,13:48:21,10.5600,32,2
2026-06-24,000001,13:48:24,10.5700,104,1
2026-06-24,000001,13:48:27,10.5600,56,2
2026-06-24,000001,13:48:30,10.5700,73,1
2026-06-24,000001,13:48:33,10.5600,19,2
2026-06-24,000001,13:48:36,10.5600,308,2
2026-06-24,000001,13:48:39,10.5600,463,2
2026-06-24,000001,13:48:42,10.5600,23,2
2026-06-24,000001,13:48:45,10.5600,49,2
2026-06-24,000001,13:48:48,10.5600,601,2
2026-06-24,000001,13:48:51,10.5600,22,2
2026-06-24,000001,13:48:54,10.5700,69,1
2026-06-24,000001,13:48:57,10.5600,63,2
2026-06-24,000001,13:49:00,10.5700,116,1
2026-06-24,000001,13:49:03,10.5700,145,1
2026-06-24,000001,13:49:06,10.5600,105,2
2026-06-24,000001,13:49:09,10.5700,13,1
2026-06-24,000001,13:49:12,10.5600,50,2
2026-06-24,000001,13:49:15,10.5600,64,2
2026-06-24,000001,13:49:18,10.5700,23,1
2026-06-24,000001,13:49:21,10.5600,110,2
2026-06-24,000001,13:49:24,10.5600,37,2
2026-06-24,000001,13:49:27,10.5600,134,2
2026-06-24,000001,13:49:30,10.5600,31,2
2026-06-24,000001,13:49:33,10.5700,45,1
2026-06-24,000001,13:49:36,10.5700,155,1
2026-06-24,000001,13:49:39,10.5600,5,2
2026-06-24,000001,13:49:42,10.5600,103,2
2026-06-24,000001,13:49:45,10.5700,107,1
2026-06-24,000001,13:49:48,10.5600,38,2
2026-06-24,000001,13:49:51,10.5700,19,1
2026-06-24,000001,13:49:54,10.5700,128,1
2026-06-24,000001,13:49:57,10.5600,45,2
2026-06-24,000001,13:50:00,10.5700,78,1
2026-06-24,000001,13:50:03,10.5600,165,2
2026-06-24,000001,13:50:06,10.5700,44,1
2026-06-24,000001,13:50:09,10.5600,152,2
2026-06-24,000001,13:50:12,10.5700,2,1
2026-06-24,000001,13:50:15,10.5600,54,2
2026-06-24,000001,13:50:18,10.5700,39,1
2026-06-24,000001,13:50:21,10.5600,111,2
2026-06-24,000001,13:50:24,10.5600,75,2
2026-06-24,000001,13:50:27,10.5700,158,1
2026-06-24,000001,13:50:30,10.5600,3,2
2026-06-24,000001,13:50:33,10.5600,2,2
2026-06-24,000001,13:50:36,10.5700,87,1
2026-06-24,000001,13:50:39,10.5700,10,1
2026-06-24,000001,13:50:42,10.5600,79,2
2026-06-24,000001,13:50:45,10.5700,166,1
2026-06-24,000001,13:50:48,10.5700,15,1
2026-06-24,000001,13:50:51,10.5700,103,1
2026-06-24,000001,13:50:54,10.5600,86,2
2026-06-24,000001,13:50:57,10.5700,6,1
2026-06-24,000001,13:51:00,10.5700,69,1
2026-06-24,000001,13:51:03,10.5700,94,1
2026-06-24,000001,13:51:06,10.5700,95,1
2026-06-24,000001,13:51:09,10.5600,72,2
2026-06-24,000001,13:51:12,10.5700,26,1
2026-06-24,000001,13:51:15,10.5700,21,1
2026-06-24,000001,13:51:18,10.5700,12,1
2026-06-24,000001,13:51:21,10.5700,64,1
2026-06-24,000001,13:51:24,10.5700,276,1
2026-06-24,000001,13:51:27,10.5700,239,1
2026-06-24,000001,13:51:30,10.5700,373,2
2026-06-24,000001,13:51:33,10.5700,163,1
2026-06-24,000001,13:51:36,10.5700,261,1
2026-06-24,000001,13:51:39,10.5700,238,2
2026-06-24,000001,13:51:42,10.5800,17,1
2026-06-24,000001,13:51:45,10.5700,32,2
2026-06-24,000001,13:51:48,10.5700,5,2
2026-06-24,000001,13:51:51,10.5700,38,2
2026-06-24,000001,13:51:54,10.5800,4,1
2026-06-24,000001,13:51:57,10.5700,331,2
2026-06-24,000001,13:52:00,10.5800,27,1
2026-06-24,000001,13:52:03,10.5800,17,1
2026-06-24,000001,13:52:06,10.5800,106,1
2026-06-24,000001,13:52:09,10.5800,10,1
2026-06-24,000001,13:52:12,10.5800,79,1
2026-06-24,000001,13:52:15,10.5700,49,2
2026-06-24,000001,13:52:18,10.5800,74,1
2026-06-24,000001,13:52:21,10.5800,46,1
2026-06-24,000001,13:52:24,10.5800,78,1
2026-06-24,000001,13:52:30,10.5800,73,1
2026-06-24,000001,13:52:36,10.5800,58,1
2026-06-24,000001,13:52:39,10.5800,26,1
2026-06-24,000001,13:52:42,10.5700,168,2
2026-06-24,000001,13:52:45,10.5700,68,2
2026-06-24,000001,13:52:48,10.5700,150,2
2026-06-24,000001,13:52:51,10.5800,114,1
2026-06-24,000001,13:52:54,10.5800,54,1
2026-06-24,000001,13:52:57,10.5700,50,2
2026-06-24,000001,13:53:00,10.5800,113,1
2026-06-24,000001,13:53:03,10.5800,68,1
2026-06-24,000001,13:53:06,10.5800,91,1
2026-06-24,000001,13:53:09,10.5700,26,2
2026-06-24,000001,13:53:12,10.5700,87,2
2026-06-24,000001,13:53:18,10.5700,505,2
2026-06-24,000001,13:53:21,10.5800,265,1
2026-06-24,000001,13:53:24,10.5800,11,1
2026-06-24,000001,13:53:27,10.5700,538,2
2026-06-24,000001,13:53:30,10.5700,132,2
2026-06-24,000001,13:53:33,10.5700,37,2
2026-06-24,000001,13:53:36,10.5700,90,2
2026-06-24,000001,13:53:39,10.5800,125,1
2026-06-24,000001,13:53:42,10.5700,84,2
2026-06-24,000001,13:53:48,10.5700,609,2
2026-06-24,000001,13:53:51,10.5600,186,2
2026-06-24,000001,13:53:54,10.5700,12,2
2026-06-24,000001,13:53:57,10.5700,52,2
2026-06-24,000001,13:54:03,10.5700,36,2
2026-06-24,000001,13:54:06,10.5700,148,2
2026-06-24,000001,13:54:09,10.5800,57,1
2026-06-24,000001,13:54:12,10.5800,34,1
2026-06-24,000001,13:54:15,10.5800,53,1
2026-06-24,000001,13:54:18,10.5700,49,2
2026-06-24,000001,13:54:21,10.5700,137,2
2026-06-24,000001,13:54:24,10.5800,29,1
2026-06-24,000001,13:54:27,10.5700,109,2
2026-06-24,000001,13:54:30,10.5800,196,1
2026-06-24,000001,13:54:33,10.5800,200,1
2026-06-24,000001,13:54:36,10.5700,160,2
2026-06-24,000001,13:54:39,10.5700,48,2
2026-06-24,000001,13:54:42,10.5800,334,1
2026-06-24,000001,13:54:45,10.5700,112,2
2026-06-24,000001,13:54:48,10.5700,27,2
2026-06-24,000001,13:54:51,10.5700,65,2
2026-06-24,000001,13:54:54,10.5800,80,1
2026-06-24,000001,13:54:57,10.5700,76,2
2026-06-24,000001,13:55:00,10.5700,61,2
2026-06-24,000001,13:55:03,10.5700,127,2
2026-06-24,000001,13:55:06,10.5700,64,2
2026-06-24,000001,13:55:09,10.5700,26,2
2026-06-24,000001,13:55:12,10.5800,117,1
2026-06-24,000001,13:55:15,10.5800,67,1
2026-06-24,000001,13:55:18,10.5700,34,2
2026-06-24,000001,13:55:21,10.5700,16,2
2026-06-24,000001,13:55:24,10.5700,110,2
2026-06-24,000001,13:55:27,10.5700,30,2
2026-06-24,000001,13:55:30,10.5800,105,1
2026-06-24,000001,13:55:33,10.5700,15,2
2026-06-24,000001,13:55:36,10.5800,33,1
2026-06-24,000001,13:55:39,10.5700,117,2
2026-06-24,000001,13:55:42,10.5700,62,2
2026-06-24,000001,13:55:48,10.5800,83,1
2026-06-24,000001,13:55:51,10.5700,37,2
2026-06-24,000001,13:55:54,10.5800,95,1
2026-06-24,000001,13:55:57,10.5700,43,2
2026-06-24,000001,13:56:00,10.5800,332,1
2026-06-24,000001,13:56:03,10.5700,13,2
2026-06-24,000001,13:56:06,10.5800,12,1
2026-06-24,000001,13:56:09,10.5800,127,1
2026-06-24,000001,13:56:12,10.5800,35,1
2026-06-24,000001,13:56:15,10.5700,40,2
2026-06-24,000001,13:56:18,10.5800,84,1
2026-06-24,000001,13:56:24,10.5800,46,1
2026-06-24,000001,13:56:27,10.5700,1089,2
2026-06-24,000001,13:56:30,10.5800,381,1
2026-06-24,000001,13:56:33,10.5700,16,2
2026-06-24,000001,13:56:36,10.5800,41,1
2026-06-24,000001,13:56:39,10.5700,39,2
2026-06-24,000001,13:56:42,10.5700,33,2
2026-06-24,000001,13:56:45,10.5700,52,2
2026-06-24,000001,13:56:48,10.5700,36,2
2026-06-24,000001,13:56:51,10.5800,99,1
2026-06-24,000001,13:56:54,10.5700,199,2
2026-06-24,000001,13:56:57,10.5700,49,2
2026-06-24,000001,13:57:00,10.5700,96,2
2026-06-24,000001,13:57:06,10.5700,82,2
2026-06-24,000001,13:57:09,10.5700,50,2
2026-06-24,000001,13:57:12,10.5700,112,2
2026-06-24,000001,13:57:15,10.5800,62,1
2026-06-24,000001,13:57:18,10.5800,52,1
2026-06-24,000001,13:57:21,10.5800,81,1
2026-06-24,000001,13:57:24,10.5800,3,1
2026-06-24,000001,13:57:27,10.5800,72,1
2026-06-24,000001,13:57:30,10.5700,59,2
2026-06-24,000001,13:57:33,10.5800,77,1
2026-06-24,000001,13:57:36,10.5800,34,1
2026-06-24,000001,13:57:42,10.5800,103,1
2026-06-24,000001,13:57:45,10.5700,97,2
2026-06-24,000001,13:57:48,10.5700,18,2
2026-06-24,000001,13:57:51,10.5800,17,1
2026-06-24,000001,13:57:54,10.5800,25,1
2026-06-24,000001,13:57:57,10.5700,150,2
2026-06-24,000001,13:58:00,10.5800,75,1
2026-06-24,000001,13:58:03,10.5700,100,2
2026-06-24,000001,13:58:06,10.5800,59,1
2026-06-24,000001,13:58:09,10.5800,23,1
2026-06-24,000001,13:58:12,10.5800,168,1
2026-06-24,000001,13:58:15,10.5700,36,2
2026-06-24,000001,13:58:18,10.5800,147,1
2026-06-24,000001,13:58:21,10.5700,17,2
2026-06-24,000001,13:58:24,10.5800,214,1
2026-06-24,000001,13:58:27,10.5700,22,2
2026-06-24,000001,13:58:30,10.5700,112,2
2026-06-24,000001,13:58:33,10.5700,7,2
2026-06-24,000001,13:58:36,10.5700,73,2
2026-06-24,000001,13:58:39,10.5800,76,1
2026-06-24,000001,13:58:42,10.5800,76,1
2026-06-24,000001,13:58:45,10.5800,1,1
2026-06-24,000001,13:58:48,10.5700,95,2
2026-06-24,000001,13:58:51,10.5800,49,1
2026-06-24,000001,13:58:54,10.5800,119,1
2026-06-24,000001,13:58:57,10.5700,66,2
2026-06-24,000001,13:59:00,10.5800,140,1
2026-06-24,000001,13:59:03,10.5700,31,2
2026-06-24,000001,13:59:06,10.5800,91,1
2026-06-24,000001,13:59:09,10.5700,90,2
2026-06-24,000001,13:59:12,10.5700,28,2
2026-06-24,000001,13:59:15,10.5700,371,2
2026-06-24,000001,13:59:18,10.5700,383,2
2026-06-24,000001,13:59:21,10.5700,524,2
2026-06-24,000001,13:59:24,10.5800,8,1
2026-06-24,000001,13:59:27,10.5700,88,2
2026-06-24,000001,13:59:30,10.5800,79,1
2026-06-24,000001,13:59:33,10.5700,128,2
2026-06-24,000001,13:59:36,10.5800,51,1
2026-06-24,000001,13:59:39,10.5700,97,2
2026-06-24,000001,13:59:42,10.5700,39,2
2026-06-24,000001,13:59:45,10.5800,35,1
2026-06-24,000001,13:59:48,10.5700,39,2
2026-06-24,000001,13:59:51,10.5700,53,2
2026-06-24,000001,13:59:54,10.5700,87,2
2026-06-24,000001,13:59:57,10.5700,46,2
2026-06-24,000001,14:00:00,10.5700,72,2
2026-06-24,000001,14:00:03,10.5700,70,2
2026-06-24,000001,14:00:06,10.5800,99,1
2026-06-24,000001,14:00:09,10.5700,69,2
2026-06-24,000001,14:00:12,10.5700,64,2
2026-06-24,000001,14:00:15,10.5700,117,2
2026-06-24,000001,14:00:18,10.5700,20,2
2026-06-24,000001,14:00:21,10.5700,66,2
2026-06-24,000001,14:00:24,10.5700,1,2
2026-06-24,000001,14:00:27,10.5800,31,1
2026-06-24,000001,14:00:30,10.5800,107,1
2026-06-24,000001,14:00:33,10.5800,9,1
2026-06-24,000001,14:00:36,10.5800,86,1
2026-06-24,000001,14:00:39,10.5800,28,1
2026-06-24,000001,14:00:42,10.5800,2132,1
2026-06-24,000001,14:00:45,10.5800,119,1
2026-06-24,000001,14:00:48,10.5800,15,1
2026-06-24,000001,14:00:51,10.5800,96,1
2026-06-24,000001,14:00:54,10.5800,194,1
2026-06-24,000001,14:00:57,10.5800,247,1
2026-06-24,000001,14:01:00,10.5700,97,2
2026-06-24,000001,14:01:03,10.5700,294,2
2026-06-24,000001,14:01:06,10.5700,721,2
2026-06-24,000001,14:01:09,10.5600,552,2
2026-06-24,000001,14:01:12,10.5700,91,4
2026-06-24,000001,14:01:15,10.5800,170,1
2026-06-24,000001,14:01:18,10.5700,49,2
2026-06-24,000001,14:01:21,10.5800,38,1
2026-06-24,000001,14:01:24,10.5700,151,2
2026-06-24,000001,14:01:27,10.5700,4,2
2026-06-24,000001,14:01:30,10.5800,186,1
2026-06-24,000001,14:01:33,10.5700,294,2
2026-06-24,000001,14:01:36,10.5700,335,2
2026-06-24,000001,14:01:39,10.5700,72,2
2026-06-24,000001,14:01:42,10.5800,227,1
2026-06-24,000001,14:01:45,10.5700,396,2
2026-06-24,000001,14:01:48,10.5700,73,2
2026-06-24,000001,14:01:51,10.5700,46,2
2026-06-24,000001,14:01:54,10.5700,32,2
2026-06-24,000001,14:01:57,10.5700,37,2
2026-06-24,000001,14:02:00,10.5800,105,1
2026-06-24,000001,14:02:03,10.5800,66,1
2026-06-24,000001,14:02:06,10.5700,73,2
2026-06-24,000001,14:02:09,10.5800,185,1
2026-06-24,000001,14:02:12,10.5800,88,1
2026-06-24,000001,14:02:15,10.5700,16,2
2026-06-24,000001,14:02:18,10.5800,131,1
2026-06-24,000001,14:02:21,10.5800,31,1
2026-06-24,000001,14:02:24,10.5800,140,1
2026-06-24,000001,14:02:27,10.5800,9,1
2026-06-24,000001,14:02:30,10.5800,73,1
2026-06-24,000001,14:02:33,10.5800,1,1
2026-06-24,000001,14:02:36,10.5800,103,1
2026-06-24,000001,14:02:39,10.5800,2,1
2026-06-24,000001,14:02:42,10.5800,124,1
2026-06-24,000001,14:02:48,10.5700,89,2
2026-06-24,000001,14:02:51,10.5700,43,2
2026-06-24,000001,14:02:54,10.5800,116,1
2026-06-24,000001,14:02:57,10.5800,21,1
2026-06-24,000001,14:03:00,10.5800,66,1
2026-06-24,000001,14:03:03,10.5800,155,1
2026-06-24,000001,14:03:06,10.5700,159,2
2026-06-24,000001,14:03:09,10.5700,173,2
2026-06-24,000001,14:03:12,10.5700,111,2
2026-06-24,000001,14:03:15,10.5700,72,2
2026-06-24,000001,14:03:18,10.5700,11,2
2026-06-24,000001,14:03:21,10.5700,3,2
2026-06-24,000001,14:03:24,10.5700,67,2
2026-06-24,000001,14:03:27,10.5800,71,1
2026-06-24,000001,14:03:30,10.5700,107,2
2026-06-24,000001,14:03:33,10.5800,1,1
2026-06-24,000001,14:03:36,10.5700,60,2
2026-06-24,000001,14:03:42,10.5800,77,1
2026-06-24,000001,14:03:45,10.5800,72,1
2026-06-24,000001,14:03:48,10.5800,143,1
2026-06-24,000001,14:03:51,10.5700,189,2
2026-06-24,000001,14:03:54,10.5700,67,2
2026-06-24,000001,14:04:00,10.5800,79,1
2026-06-24,000001,14:04:03,10.5700,20,2
2026-06-24,000001,14:04:06,10.5700,234,2
2026-06-24,000001,14:04:09,10.5700,72,2
2026-06-24,000001,14:04:12,10.5800,67,1
2026-06-24,000001,14:04:15,10.5800,111,1
2026-06-24,000001,14:04:18,10.5700,22,2
2026-06-24,000001,14:04:21,10.5800,113,1
2026-06-24,000001,14:04:24,10.5700,42,2
2026-06-24,000001,14:04:27,10.5800,62,1
2026-06-24,000001,14:04:30,10.5700,29,2
2026-06-24,000001,14:04:33,10.5800,46,1
2026-06-24,000001,14:04:36,10.5700,128,2
2026-06-24,000001,14:04:39,10.5700,162,2
2026-06-24,000001,14:04:42,10.5700,185,2
2026-06-24,000001,14:04:45,10.5700,17,2
2026-06-24,000001,14:04:48,10.5700,47,2
2026-06-24,000001,14:04:51,10.5700,85,2
2026-06-24,000001,14:04:54,10.5700,32,2
2026-06-24,000001,14:04:57,10.5800,254,1
2026-06-24,000001,14:05:00,10.5800,91,1
2026-06-24,000001,14:05:03,10.5700,68,2
2026-06-24,000001,14:05:06,10.5800,316,1
2026-06-24,000001,14:05:09,10.5700,15,2
2026-06-24,000001,14:05:12,10.5800,96,1
2026-06-24,000001,14:05:18,10.5800,62,1
2026-06-24,000001,14:05:21,10.5800,62,1
2026-06-24,000001,14:05:24,10.5700,124,2
2026-06-24,000001,14:05:27,10.5700,57,2
2026-06-24,000001,14:05:30,10.5800,54,1
2026-06-24,000001,14:05:33,10.5800,61,1
2026-06-24,000001,14:05:36,10.5800,157,1
2026-06-24,000001,14:05:39,10.5700,37,2
2026-06-24,000001,14:05:42,10.5800,1079,1
2026-06-24,000001,14:05:45,10.5800,110,1
2026-06-24,000001,14:05:48,10.5800,513,1
2026-06-24,000001,14:05:51,10.5800,349,1
2026-06-24,000001,14:05:54,10.5800,332,2
2026-06-24,000001,14:05:57,10.5800,723,2
2026-06-24,000001,14:06:00,10.5800,92,4
2026-06-24,000001,14:06:03,10.5800,685,2
2026-06-24,000001,14:06:06,10.5800,15,4
2026-06-24,000001,14:06:09,10.5700,299,2
2026-06-24,000001,14:06:12,10.5800,22,4
2026-06-24,000001,14:06:15,10.5800,127,2
2026-06-24,000001,14:06:18,10.5800,117,2
2026-06-24,000001,14:06:21,10.5700,80,2
2026-06-24,000001,14:06:24,10.5800,338,4
2026-06-24,000001,14:06:27,10.5800,93,4
2026-06-24,000001,14:06:30,10.5800,45,2
2026-06-24,000001,14:06:33,10.5900,44,1
2026-06-24,000001,14:06:36,10.5700,145,2
2026-06-24,000001,10:52:39,10.6000,119,2
2026-06-24,000001,10:52:42,10.6100,46,1
2026-06-24,000001,10:52:45,10.6000,128,2
2026-06-24,000001,10:52:48,10.6100,53,1
2026-06-24,000001,10:52:51,10.6100,163,1
2026-06-24,000001,10:52:54,10.6100,170,1
2026-06-24,000001,10:52:57,10.6100,40,1
2026-06-24,000001,10:53:00,10.6000,176,2
2026-06-24,000001,10:53:03,10.6100,40,1
2026-06-24,000001,10:53:06,10.6100,54,1
2026-06-24,000001,10:53:09,10.6000,166,2
2026-06-24,000001,10:53:12,10.6100,87,1
2026-06-24,000001,10:53:15,10.6000,88,2
2026-06-24,000001,10:53:18,10.6000,57,2
2026-06-24,000001,10:53:21,10.6100,186,1
2026-06-24,000001,10:53:24,10.6000,60,2
2026-06-24,000001,10:53:27,10.6100,1,1
2026-06-24,000001,10:53:30,10.6100,174,1
2026-06-24,000001,10:53:33,10.6100,82,1
2026-06-24,000001,10:53:36,10.6000,26,2
2026-06-24,000001,10:53:39,10.6000,244,2
2026-06-24,000001,10:53:42,10.6000,66,2
2026-06-24,000001,10:53:45,10.6100,147,1
2026-06-24,000001,10:53:48,10.6100,52,1
2026-06-24,000001,10:53:51,10.6000,175,2
2026-06-24,000001,10:53:54,10.6100,121,1
2026-06-24,000001,10:53:57,10.6000,65,2
2026-06-24,000001,10:54:00,10.6000,220,2
2026-06-24,000001,10:54:03,10.6000,60,2
2026-06-24,000001,10:54:06,10.6000,50,2
2026-06-24,000001,10:54:09,10.6000,189,2
2026-06-24,000001,10:54:15,10.6100,1,1
2026-06-24,000001,10:54:18,10.6100,55,1
2026-06-24,000001,10:54:21,10.6000,114,2
2026-06-24,000001,10:54:24,10.6000,21,2
2026-06-24,000001,10:54:27,10.6000,16,2
2026-06-24,000001,10:54:30,10.6000,114,2
2026-06-24,000001,10:54:33,10.6100,81,1
2026-06-24,000001,10:54:36,10.6000,21,2
2026-06-24,000001,10:54:39,10.6000,115,2
2026-06-24,000001,10:54:42,10.6000,88,2
2026-06-24,000001,10:54:45,10.6000,1,2
2026-06-24,000001,10:54:48,10.6100,111,1
2026-06-24,000001,10:54:51,10.6100,125,1
2026-06-24,000001,10:54:54,10.6000,26,2
2026-06-24,000001,10:54:57,10.6000,48,2
2026-06-24,000001,10:55:00,10.6100,121,1
2026-06-24,000001,10:55:03,10.6000,49,2
2026-06-24,000001,10:55:06,10.6000,52,2
2026-06-24,000001,10:55:09,10.6000,223,2
2026-06-24,000001,10:55:12,10.6100,21,1
2026-06-24,000001,10:55:15,10.6000,73,2
2026-06-24,000001,10:55:18,10.6100,2,1
2026-06-24,000001,10:55:21,10.6000,176,2
2026-06-24,000001,10:55:24,10.6000,40,2
2026-06-24,000001,10:55:27,10.6100,89,1
2026-06-24,000001,10:55:30,10.6000,178,2
2026-06-24,000001,10:55:36,10.6100,11,1
2026-06-24,000001,10:55:39,10.6100,156,1
2026-06-24,000001,10:55:42,10.6000,124,2
2026-06-24,000001,10:55:45,10.6000,99,2
2026-06-24,000001,10:55:48,10.6000,55,2
2026-06-24,000001,10:55:51,10.6000,206,2
2026-06-24,000001,10:55:54,10.6000,1407,2
2026-06-24,000001,10:55:57,10.6000,175,2
2026-06-24,000001,10:56:00,10.6000,787,2
2026-06-24,000001,10:56:03,10.6000,290,1
2026-06-24,000001,10:56:06,10.6000,23,4
2026-06-24,000001,10:56:09,10.5900,353,2
2026-06-24,000001,10:56:12,10.6000,187,1
2026-06-24,000001,10:56:18,10.6000,2,2
2026-06-24,000001,10:56:21,10.6100,146,1
2026-06-24,000001,10:56:24,10.6000,129,2
2026-06-24,000001,10:56:27,10.6100,2,1
2026-06-24,000001,10:56:30,10.6000,219,2
2026-06-24,000001,10:56:33,10.6000,57,2
2026-06-24,000001,10:56:36,10.6000,116,2
2026-06-24,000001,10:56:39,10.6000,33,2
2026-06-24,000001,10:56:42,10.6000,123,2
2026-06-24,000001,10:56:45,10.6000,99,2
2026-06-24,000001,10:56:48,10.6000,77,2
2026-06-24,000001,10:56:51,10.6000,285,2
2026-06-24,000001,10:56:57,10.6100,129,1
2026-06-24,000001,10:57:00,10.6000,161,2
2026-06-24,000001,10:57:03,10.6100,132,1
2026-06-24,000001,10:57:06,10.6100,79,1
2026-06-24,000001,10:57:09,10.6000,143,2
2026-06-24,000001,10:57:12,10.6100,1332,1
2026-06-24,000001,10:57:15,10.6200,91,1
2026-06-24,000001,10:57:18,10.6200,72,1
2026-06-24,000001,10:57:21,10.6200,118,1
2026-06-24,000001,10:57:24,10.6100,78,2
2026-06-24,000001,10:57:27,10.6100,1,2
2026-06-24,000001,10:57:30,10.6100,168,2
2026-06-24,000001,10:57:33,10.6200,12,1
2026-06-24,000001,10:57:39,10.6100,65,2
2026-06-24,000001,10:57:42,10.6100,113,2
2026-06-24,000001,10:57:45,10.6200,94,1
2026-06-24,000001,10:57:48,10.6200,11,1
2026-06-24,000001,10:57:51,10.6100,134,2
2026-06-24,000001,10:57:54,10.6100,64,2
2026-06-24,000001,10:57:57,10.6200,110,1
2026-06-24,000001,10:58:00,10.6100,188,2
2026-06-24,000001,10:58:03,10.6100,287,2
2026-06-24,000001,10:58:06,10.6100,3,2
2026-06-24,000001,10:58:09,10.6100,32,2
2026-06-24,000001,10:58:12,10.6100,129,2
2026-06-24,000001,10:58:15,10.6100,12,2
2026-06-24,000001,10:58:18,10.6200,3,1
2026-06-24,000001,10:58:21,10.6100,121,2
2026-06-24,000001,10:58:24,10.6200,10,1
2026-06-24,000001,10:58:27,10.6100,18,2
2026-06-24,000001,10:58:30,10.6100,115,2
2026-06-24,000001,10:58:33,10.6100,6,2
2026-06-24,000001,10:58:36,10.6100,185,2
2026-06-24,000001,10:58:39,10.6200,4,1
2026-06-24,000001,10:58:42,10.6200,1537,1
2026-06-24,000001,10:58:45,10.6200,6,2
2026-06-24,000001,10:58:48,10.6200,19,2
2026-06-24,000001,10:58:51,10.6200,195,2
2026-06-24,000001,10:58:54,10.6200,37,2
2026-06-24,000001,10:59:00,10.6200,158,2
2026-06-24,000001,10:59:03,10.6300,1,1
2026-06-24,000001,10:59:06,10.6200,29,2
2026-06-24,000001,10:59:09,10.6200,5,2
2026-06-24,000001,10:59:12,10.6200,113,2
2026-06-24,000001,10:59:15,10.6200,177,2
2026-06-24,000001,10:59:18,10.6300,3,1
2026-06-24,000001,10:59:21,10.6200,143,2
2026-06-24,000001,10:59:24,10.6200,34,1
2026-06-24,000001,10:59:27,10.6100,107,2
2026-06-24,000001,10:59:30,10.6200,232,1
2026-06-24,000001,10:59:33,10.6200,8,1
2026-06-24,000001,10:59:36,10.6200,11,1
2026-06-24,000001,10:59:39,10.6200,79,1
2026-06-24,000001,10:59:42,10.6200,145,1
2026-06-24,000001,10:59:45,10.6100,70,2
2026-06-24,000001,10:59:48,10.6100,58,2
2026-06-24,000001,10:59:51,10.6100,186,2
2026-06-24,000001,10:59:54,10.6100,44,2
2026-06-24,000001,10:59:57,10.6100,84,2
2026-06-24,000001,11:00:00,10.6200,319,1
2026-06-24,000001,11:00:03,10.6100,947,2
2026-06-24,000001,11:00:06,10.6100,47,2
2026-06-24,000001,11:00:09,10.6200,87,1
2026-06-24,000001,11:00:12,10.6100,132,2
2026-06-24,000001,11:00:15,10.6200,54,1
2026-06-24,000001,11:00:18,10.6200,9,1
2026-06-24,000001,11:00:21,10.6200,182,1
2026-06-24,000001,11:00:24,10.6200,21,1
2026-06-24,000001,11:00:27,10.6200,4,1
2026-06-24,000001,11:00:30,10.6100,256,2
2026-06-24,000001,11:00:33,10.6100,96,2
2026-06-24,000001,11:00:36,10.6200,152,1
2026-06-24,000001,11:00:39,10.6100,56,2
2026-06-24,000001,11:00:42,10.6100,215,2
2026-06-24,000001,11:00:45,10.6100,21,2
2026-06-24,000001,11:00:48,10.6200,100,1
2026-06-24,000001,11:00:51,10.6100,193,2
2026-06-24,000001,11:00:54,10.6200,104,1
2026-06-24,000001,11:00:57,10.6100,88,2
2026-06-24,000001,11:01:00,10.6100,121,2
2026-06-24,000001,11:01:03,10.6100,27,2
2026-06-24,000001,11:01:06,10.6100,353,2
2026-06-24,000001,11:01:09,10.6200,42,1
2026-06-24,000001,11:01:12,10.6200,117,1
2026-06-24,000001,11:01:15,10.6200,38,1
2026-06-24,000001,11:01:18,10.6200,16,1
2026-06-24,000001,11:01:21,10.6200,285,1
2026-06-24,000001,11:01:24,10.6200,83,1
2026-06-24,000001,11:01:27,10.6100,77,2
2026-06-24,000001,11:01:30,10.6200,208,1
2026-06-24,000001,11:01:33,10.6100,22,2
2026-06-24,000001,11:01:36,10.6100,5,2
2026-06-24,000001,11:01:39,10.6100,81,2
2026-06-24,000001,11:01:42,10.6200,162,1
2026-06-24,000001,11:01:45,10.6100,96,2
2026-06-24,000001,11:01:48,10.6200,52,1
2026-06-24,000001,11:01:51,10.6100,245,2
2026-06-24,000001,11:01:54,10.6100,111,2
2026-06-24,000001,11:01:57,10.6100,70,2
2026-06-24,000001,11:02:00,10.6200,192,1
2026-06-24,000001,11:02:03,10.6100,15,2
2026-06-24,000001,11:02:06,10.6100,2,2
2026-06-24,000001,11:02:09,10.6100,133,2
2026-06-24,000001,11:02:12,10.6100,1616,2
2026-06-24,000001,11:02:15,10.6100,11,1
2026-06-24,000001,11:02:18,10.6000,178,2
2026-06-24,000001,11:02:21,10.6100,5331,1
2026-06-24,000001,11:02:24,10.6100,2,1
2026-06-24,000001,11:02:27,10.6000,9,2
2026-06-24,000001,11:02:30,10.6000,146,2
2026-06-24,000001,11:02:33,10.6000,58,2
2026-06-24,000001,11:02:36,10.6000,140,2
2026-06-24,000001,11:02:39,10.6000,88,2
2026-06-24,000001,11:02:42,10.6000,246,2
2026-06-24,000001,11:02:45,10.6000,101,4
2026-06-24,000001,11:02:48,10.6100,39,1
2026-06-24,000001,11:02:51,10.5900,117,2
2026-06-24,000001,11:02:54,10.6000,1,4
2026-06-24,000001,11:02:57,10.6000,55,2
2026-06-24,000001,11:03:00,10.5900,114,2
2026-06-24,000001,11:03:03,10.6100,31,1
2026-06-24,000001,11:03:06,10.6100,7,1
2026-06-24,000001,11:03:09,10.6000,139,2
2026-06-24,000001,11:03:12,10.6100,2282,1
2026-06-24,000001,11:03:15,10.6100,165,4
2026-06-24,000001,11:03:18,10.6100,14,4
2026-06-24,000001,11:03:21,10.6000,162,2
2026-06-24,000001,11:03:24,10.6100,18,2
2026-06-24,000001,11:03:27,10.6200,80,1
2026-06-24,000001,11:03:30,10.6000,139,2
2026-06-24,000001,11:03:36,10.6200,36,1
2026-06-24,000001,11:03:39,10.6100,30,2
2026-06-24,000001,11:03:42,10.6100,147,2
2026-06-24,000001,11:03:48,10.6100,68,2
2026-06-24,000001,11:03:51,10.6100,115,2
2026-06-24,000001,11:03:54,10.6200,67,1
2026-06-24,000001,11:03:57,10.6100,11,2
2026-06-24,000001,11:04:00,10.6000,134,2
2026-06-24,000001,11:04:03,10.6100,31,4
2026-06-24,000001,11:04:06,10.6100,88,2
2026-06-24,000001,11:04:12,10.6100,150,2
2026-06-24,000001,11:04:15,10.6100,46,2
2026-06-24,000001,11:04:18,10.6100,41,2
2026-06-24,000001,11:04:21,10.6100,182,2
2026-06-24,000001,11:04:24,10.6200,28,1
2026-06-24,000001,11:04:27,10.6100,37,2
2026-06-24,000001,11:04:30,10.6100,123,2
2026-06-24,000001,11:04:33,10.6100,15,2
2026-06-24,000001,11:04:39,10.6200,46,1
2026-06-24,000001,11:04:42,10.6200,114,1
2026-06-24,000001,11:04:48,10.6200,109,1
2026-06-24,000001,11:04:51,10.6100,129,2
2026-06-24,000001,11:04:54,10.6200,9,1
2026-06-24,000001,11:04:57,10.6200,22,1
2026-06-24,000001,11:05:00,10.6100,117,2
2026-06-24,000001,11:05:03,10.6200,62,1
2026-06-24,000001,11:05:06,10.6100,1,2
2026-06-24,000001,11:05:09,10.6100,85,2
2026-06-24,000001,11:05:12,10.6000,260,2
2026-06-24,000001,11:05:15,10.6100,21,4
2026-06-24,000001,11:05:18,10.6100,16,2
2026-06-24,000001,11:05:21,10.6100,115,2
2026-06-24,000001,11:05:24,10.6300,2514,1
2026-06-24,000001,11:05:27,10.6300,22,1
2026-06-24,000001,11:05:30,10.6200,135,2
2026-06-24,000001,11:05:33,10.6300,75,1
2026-06-24,000001,11:05:39,10.6300,114,1
2026-06-24,000001,11:05:42,10.6200,233,2
2026-06-24,000001,11:05:45,10.6200,51,1
2026-06-24,000001,11:05:48,10.6100,68,2
2026-06-24,000001,11:05:51,10.6200,202,1
2026-06-24,000001,11:05:54,10.6200,217,2
2026-06-24,000001,11:05:57,10.6000,17,2
2026-06-24,000001,11:06:00,10.6100,139,4
2026-06-24,000001,11:06:03,10.6200,22,1
2026-06-24,000001,11:06:06,10.6200,8,1
2026-06-24,000001,11:06:09,10.6100,11,2
2026-06-24,000001,11:06:12,10.6100,134,2
2026-06-24,000001,11:06:15,10.6200,24,1
2026-06-24,000001,11:06:18,10.6100,31,2
2026-06-24,000001,11:06:21,10.6100,133,2
2026-06-24,000001,11:06:24,10.6100,10,1
2026-06-24,000001,11:06:27,10.6100,5,1
2026-06-24,000001,11:06:30,10.6100,111,1
2026-06-24,000001,11:06:33,10.6100,209,2
2026-06-24,000001,11:06:36,10.6200,19,1
2026-06-24,000001,11:06:39,10.6100,17,2
2026-06-24,000001,11:06:42,10.6100,265,2
2026-06-24,000001,11:06:45,10.6100,12,2
2026-06-24,000001,11:06:48,10.6100,137,2
2026-06-24,000001,11:06:51,10.6100,283,2
2026-06-24,000001,11:06:54,10.6100,147,2
2026-06-24,000001,11:06:57,10.6100,72,2
2026-06-24,000001,11:07:00,10.6100,131,1
2026-06-24,000001,11:07:03,10.6100,55,2
2026-06-24,000001,11:07:09,10.6200,18,1
2026-06-24,000001,11:07:12,10.6100,129,2
2026-06-24,000001,11:07:15,10.6100,23,2
2026-06-24,000001,11:07:18,10.6200,64,1
2026-06-24,000001,11:07:21,10.6100,113,2
2026-06-24,000001,11:07:24,10.6200,47,1
2026-06-24,000001,11:07:27,10.6200,95,1
2026-06-24,000001,11:07:30,10.6100,150,2
2026-06-24,000001,11:07:33,10.6200,63,1
2026-06-24,000001,11:07:36,10.6200,23,1
2026-06-24,000001,11:07:39,10.6200,25,1
2026-06-24,000001,11:07:42,10.6200,222,1
2026-06-24,000001,11:07:48,10.6100,108,2
2026-06-24,000001,11:07:51,10.6200,123,1
2026-06-24,000001,11:07:54,10.6100,43,2
2026-06-24,000001,11:07:57,10.6100,85,2
2026-06-24,000001,11:08:00,10.6100,188,2
2026-06-24,000001,11:08:03,10.6200,10,1
2026-06-24,000001,11:08:06,10.6100,124,2
2026-06-24,000001,11:08:12,10.6200,181,1
2026-06-24,000001,11:08:15,10.6200,116,1
2026-06-24,000001,11:08:18,10.6200,394,1
2026-06-24,000001,11:08:21,10.6200,230,2
2026-06-24,000001,11:08:24,10.6100,245,2
2026-06-24,000001,11:08:27,10.6100,35,2
2026-06-24,000001,11:08:30,10.6200,138,1
2026-06-24,000001,11:08:33,10.6100,138,2
2026-06-24,000001,11:08:36,10.6100,18,2
2026-06-24,000001,11:08:39,10.6100,90,2
2026-06-24,000001,11:08:42,10.6100,245,2
2026-06-24,000001,11:08:45,10.6200,82,1
2026-06-24,000001,11:08:48,10.6200,34,1
2026-06-24,000001,11:08:51,10.6100,207,2
2026-06-24,000001,11:08:54,10.6100,61,2
2026-06-24,000001,11:08:57,10.6100,82,2
2026-06-24,000001,11:09:00,10.6100,173,2
2026-06-24,000001,11:09:03,10.6100,579,2
2026-06-24,000001,11:09:06,10.6000,174,2
2026-06-24,000001,11:09:09,10.6100,28,1
2026-06-24,000001,11:09:12,10.6000,116,2
2026-06-24,000001,11:09:15,10.6000,53,2
2026-06-24,000001,11:09:18,10.6000,29,2
2026-06-24,000001,11:09:21,10.6000,1012,2
2026-06-24,000001,11:09:24,10.6000,581,2
2026-06-24,000001,11:09:27,10.5900,113,2
2026-06-24,000001,11:09:30,10.5900,30,2
2026-06-24,000001,11:09:33,10.6000,575,1
2026-06-24,000001,11:09:36,10.5900,49,2
2026-06-24,000001,11:09:39,10.5900,73,2
2026-06-24,000001,11:09:42,10.5900,144,2
2026-06-24,000001,11:09:45,10.5900,1667,2
2026-06-24,000001,11:09:48,10.5900,34,2
2026-06-24,000001,11:09:51,10.5800,458,2
2026-06-24,000001,11:09:54,10.6000,50,1
2026-06-24,000001,11:09:57,10.5900,30,4
2026-06-24,000001,11:10:00,10.5900,23,2
2026-06-24,000001,11:10:03,10.5800,114,2
2026-06-24,000001,11:10:06,10.5900,102,2
2026-06-24,000001,11:10:09,10.5900,146,4
2026-06-24,000001,11:10:12,10.5900,234,2
2026-06-24,000001,11:10:18,10.5900,47,2
2026-06-24,000001,11:10:21,10.5900,114,2
2026-06-24,000001,11:10:24,10.5900,243,2
2026-06-24,000001,11:10:27,10.5900,14,2
2026-06-24,000001,11:10:33,10.5900,132,2
2026-06-24,000001,11:10:36,10.5900,41,2
2026-06-24,000001,11:10:42,10.6000,189,1
2026-06-24,000001,11:10:45,10.6000,15,1
2026-06-24,000001,11:10:48,10.6000,57,1
2026-06-24,000001,11:10:51,10.5900,198,2
2026-06-24,000001,11:10:54,10.5900,74,2
2026-06-24,000001,11:10:57,10.5900,139,2
2026-06-24,000001,11:11:03,10.5900,173,2
2026-06-24,000001,11:11:09,10.5900,55,2
2026-06-24,000001,11:11:12,10.5900,334,2
2026-06-24,000001,11:11:15,10.5900,23,1
2026-06-24,000001,11:11:18,10.5900,54,1
2026-06-24,000001,11:11:21,10.5800,163,2
2026-06-24,000001,11:11:24,10.5800,76,2
2026-06-24,000001,11:11:27,10.5800,49,2
2026-06-24,000001,11:11:30,10.5900,5,1
2026-06-24,000001,11:11:33,10.5900,117,1
2026-06-24,000001,11:11:36,10.5900,18,1
2026-06-24,000001,11:11:39,10.6000,66,1
2026-06-24,000001,11:11:42,10.6000,151,1
2026-06-24,000001,11:11:45,10.6000,59,1
2026-06-24,000001,11:11:48,10.5900,76,2
2026-06-24,000001,11:11:51,10.5900,160,2
2026-06-24,000001,11:11:54,10.5900,7,2
2026-06-24,000001,11:11:57,10.6000,5,1
2026-06-24,000001,11:12:00,10.5900,101,2
2026-06-24,000001,11:12:03,10.5900,172,2
2026-06-24,000001,11:12:06,10.5900,24,2
2026-06-24,000001,11:12:09,10.5900,107,2
2026-06-24,000001,11:12:12,10.5900,125,2
2026-06-24,000001,11:12:15,10.6000,32,1
2026-06-24,000001,11:12:18,10.5900,1077,2
2026-06-24,000001,11:12:21,10.5900,133,2
2026-06-24,000001,11:12:24,10.5900,49,2
2026-06-24,000001,11:12:27,10.6000,68,1
2026-06-24,000001,11:12:30,10.6000,69,1
2026-06-24,000001,11:12:33,10.5900,155,2
2026-06-24,000001,11:12:36,10.6000,114,1
2026-06-24,000001,11:12:39,10.5900,88,2
2026-06-24,000001,11:12:42,10.6000,141,1
2026-06-24,000001,11:12:45,10.5900,71,2
2026-06-24,000001,11:12:51,10.5900,183,2
2026-06-24,000001,11:12:54,10.6000,107,1
2026-06-24,000001,11:12:57,10.5900,79,2
2026-06-24,000001,11:13:00,10.6000,13,1
2026-06-24,000001,11:13:03,10.5900,207,2
2026-06-24,000001,11:13:06,10.6000,38,1
2026-06-24,000001,11:13:09,10.5900,36,2
2026-06-24,000001,11:13:12,10.5900,135,2
2026-06-24,000001,11:13:15,10.5900,55,2
2026-06-24,000001,11:13:18,10.5900,4,2
2026-06-24,000001,11:13:21,10.5900,150,2
2026-06-24,000001,11:13:24,10.5900,15,2
2026-06-24,000001,11:13:27,10.6000,82,1
2026-06-24,000001,11:13:30,10.5900,22,2
2026-06-24,000001,11:13:33,10.5900,328,2
2026-06-24,000001,11:13:36,10.5900,25,2
2026-06-24,000001,11:13:42,10.5900,161,2
2026-06-24,000001,11:13:45,10.6000,21,1
2026-06-24,000001,11:13:51,10.5900,114,2
2026-06-24,000001,11:13:57,10.6000,26,1
2026-06-24,000001,11:14:00,10.5900,16,2
2026-06-24,000001,11:14:03,10.5900,132,2
2026-06-24,000001,11:14:06,10.6000,9,1
2026-06-24,000001,11:14:09,10.5900,65,2
2026-06-24,000001,11:14:12,10.5900,125,2
2026-06-24,000001,11:14:15,10.5900,1,2
