date,code,time,price,volume,bs
2026-02-05,600036,14:07:03,39.7100,207,2
2026-02-05,600036,14:07:06,39.7100,41,2
2026-02-05,600036,14:07:09,39.7100,124,2
2026-02-05,600036,14:07:12,39.7100,86,2
2026-02-05,600036,14:07:15,39.7100,34,1
2026-02-05,600036,14:07:18,39.7000,1043,2
2026-02-05,600036,14:07:21,39.7000,200,1
2026-02-05,600036,14:07:24,39.7000,61,1
2026-02-05,600036,14:07:27,39.6900,54,2
2026-02-05,600036,14:07:30,39.7000,29,1
2026-02-05,600036,14:07:33,39.7000,468,1
2026-02-05,600036,14:07:36,39.7000,426,1
2026-02-05,600036,14:07:39,39.7000,186,1
2026-02-05,600036,14:07:42,39.6900,311,2
2026-02-05,600036,14:07:45,39.6900,294,1
2026-02-05,600036,14:07:48,39.6800,56,2
2026-02-05,600036,14:07:51,39.6900,26,1
2026-02-05,600036,14:07:54,39.6800,44,2
2026-02-05,600036,14:07:57,39.6800,60,2
2026-02-05,600036,14:08:00,39.6800,479,2
2026-02-05,600036,14:08:03,39.6800,223,2
2026-02-05,600036,14:08:06,39.6800,170,2
2026-02-05,600036,14:08:09,39.6900,57,1
2026-02-05,600036,14:08:12,39.6900,69,2
2026-02-05,600036,14:08:15,39.6900,393,2
2026-02-05,600036,14:08:18,39.6900,99,1
2026-02-05,600036,14:08:21,39.6900,87,1
2026-02-05,600036,14:08:24,39.6900,259,2
2026-02-05,600036,14:08:27,39.6900,69,1
2026-02-05,600036,14:08:30,39.6900,66,1
2026-02-05,600036,14:08:33,39.7000,67,1
2026-02-05,600036,14:08:36,39.7000,117,1
2026-02-05,600036,14:08:39,39.7000,95,1
2026-02-05,600036,14:08:42,39.7000,494,1
2026-02-05,600036,14:08:45,39.7000,139,1
2026-02-05,600036,14:08:48,39.7000,100,1
2026-02-05,600036,14:08:51,39.7000,230,2
2026-02-05,600036,14:08:54,39.7200,195,1
2026-02-05,600036,14:08:57,39.7200,157,1
2026-02-05,600036,14:09:00,39.7200,31,2
2026-02-05,600036,14:09:03,39.7200,134,2
2026-02-05,600036,14:09:06,39.7200,210,2
2026-02-05,600036,14:09:09,39.7100,463,2
2026-02-05,600036,14:09:12,39.7100,591,2
2026-02-05,600036,14:09:15,39.7200,306,1
2026-02-05,600036,14:09:18,39.7100,379,2
2026-02-05,600036,14:09:21,39.7100,994,2
2026-02-05,600036,14:09:24,39.7000,288,1
2026-02-05,600036,14:09:27,39.7100,25,1
2026-02-05,600036,14:09:30,39.7100,27,1
2026-02-05,600036,14:09:33,39.7100,51,1
2026-02-05,600036,14:09:36,39.7100,76,1
2026-02-05,600036,14:09:39,39.7100,32,1
2026-02-05,600036,14:09:42,39.7000,18,2
2026-02-05,600036,14:09:45,39.7100,334,1
2026-02-05,600036,14:09:48,39.7100,339,1
2026-02-05,600036,14:09:51,39.7000,567,2
2026-02-05,600036,14:09:54,39.7000,159,1
2026-02-05,600036,14:09:57,39.7000,28,1
2026-02-05,600036,14:10:00,39.7000,70,2
2026-02-05,600036,14:10:03,39.7100,105,1
2026-02-05,600036,14:10:06,39.7000,164,2
2026-02-05,600036,14:10:09,39.7100,46,1
2026-02-05,600036,14:10:12,39.7000,9,2
2026-02-05,600036,14:10:15,39.7000,113,2
2026-02-05,600036,14:10:18,39.7000,41,2
2026-02-05,600036,14:10:21,39.7100,34,1
2026-02-05,600036,14:10:24,39.7000,407,2
2026-02-05,600036,14:10:27,39.7100,106,1
2026-02-05,600036,14:10:30,39.7000,204,2
2026-02-05,600036,14:10:33,39.7200,132,1
2026-02-05,600036,14:10:36,39.7100,68,4
2026-02-05,600036,14:10:39,39.7100,376,2
2026-02-05,600036,14:10:42,39.7100,116,1
2026-02-05,600036,14:10:45,39.7000,61,2
2026-02-05,600036,14:10:48,39.7000,76,2
2026-02-05,600036,14:10:51,39.7100,69,1
2026-02-05,600036,14:10:54,39.7000,1020,2
2026-02-05,600036,14:10:57,39.7100,214,1
2026-02-05,600036,14:11:00,39.7100,177,4
2026-02-05,600036,14:11:03,39.7100,108,1
2026-02-05,600036,14:11:06,39.7100,64,2
2026-02-05,600036,14:11:09,39.7100,94,1
2026-02-05,600036,14:11:12,39.7000,73,2
2026-02-05,600036,14:11:15,39.7000,23,2
2026-02-05,600036,14:11:18,39.7100,139,1
2026-02-05,600036,14:11:21,39.7000,57,2
2026-02-05,600036,14:11:24,39.7000,77,2
2026-02-05,600036,14:11:27,39.7000,706,2
2026-02-05,600036,14:11:30,39.7000,452,2
2026-02-05,600036,14:11:33,39.7000,140,1
2026-02-05,600036,14:11:36,39.7000,232,2
2026-02-05,600036,14:11:39,39.7000,327,2
2026-02-05,600036,14:11:42,39.7000,30,2
2026-02-05,600036,14:11:45,39.7000,3,2
2026-02-05,600036,14:11:51,39.7100,57,1
2026-02-05,600036,14:11:54,39.7000,57,2
2026-02-05,600036,14:11:57,39.7000,204,2
2026-02-05,600036,14:12:00,39.7100,562,1
2026-02-05,600036,14:12:03,39.7100,105,1
2026-02-05,600036,14:12:06,39.7200,337,1
2026-02-05,600036,14:12:09,39.7100,55,2
2026-02-05,600036,14:12:12,39.7100,28,2
2026-02-05,600036,14:12:15,39.7200,20,1
2026-02-05,600036,14:12:18,39.7100,263,2
2026-02-05,600036,14:12:21,39.7200,24,1
2026-02-05,600036,14:12:24,39.7100,95,2
2026-02-05,600036,14:12:27,39.7200,14,1
2026-02-05,600036,14:12:30,39.7300,208,1
2026-02-05,600036,14:12:33,39.7000,1164,2
2026-02-05,600036,14:12:36,39.7100,184,1
2026-02-05,600036,14:12:39,39.7000,3,2
2026-02-05,600036,14:12:42,39.7100,44,1
2026-02-05,600036,14:12:45,39.6900,822,2
2026-02-05,600036,14:12:48,39.6800,36,2
2026-02-05,600036,14:12:51,39.6800,9,2
2026-02-05,600036,14:12:54,39.6800,7,2
2026-02-05,600036,14:12:57,39.6800,11,2
2026-02-05,600036,14:13:00,39.6900,88,1
2026-02-05,600036,14:13:03,39.6900,52,1
2026-02-05,600036,14:13:06,39.7000,135,1
2026-02-05,600036,14:13:09,39.6900,85,2
2026-02-05,600036,14:13:12,39.7000,9,1
2026-02-05,600036,14:13:15,39.7000,96,1
2026-02-05,600036,14:13:18,39.7000,7,1
2026-02-05,600036,14:13:21,39.7000,33,1
2026-02-05,600036,14:13:24,39.6900,22,2
2026-02-05,600036,14:13:27,39.7000,415,1
2026-02-05,600036,14:13:30,39.7100,209,1
2026-02-05,600036,14:13:33,39.7000,65,2
2026-02-05,600036,14:13:36,39.7100,93,4
2026-02-05,600036,14:13:39,39.7100,101,2
2026-02-05,600036,14:13:42,39.7000,118,2
2026-02-05,600036,14:13:45,39.7100,67,1
2026-02-05,600036,14:13:48,39.7000,144,2
2026-02-05,600036,14:13:51,39.7100,87,1
2026-02-05,600036,14:13:54,39.7000,36,2
2026-02-05,600036,14:13:57,39.7000,97,2
2026-02-05,600036,14:14:00,39.7100,119,1
2026-02-05,600036,14:14:03,39.7000,146,2
2026-02-05,600036,14:14:06,39.7000,715,2
2026-02-05,600036,14:14:09,39.7000,846,2
2026-02-05,600036,14:14:12,39.7000,168,1
2026-02-05,600036,14:14:15,39.7000,47,1
2026-02-05,600036,14:14:18,39.7000,28,1
2026-02-05,600036,14:14:21,39.7100,23,1
2026-02-05,600036,14:14:24,39.6900,791,2
2026-02-05,600036,14:14:27,39.6800,188,2
2026-02-05,600036,14:14:30,39.6800,78,2
2026-02-05,600036,14:14:33,39.6900,65,1
2026-02-05,600036,14:14:36,39.6900,102,1
2026-02-05,600036,14:14:39,39.6800,441,2
2026-02-05,600036,14:14:42,39.6900,150,1
2026-02-05,600036,14:14:45,39.6900,88,1
2026-02-05,600036,14:14:48,39.6900,54,1
2026-02-05,600036,14:14:51,39.6800,144,2
2026-02-05,600036,14:14:54,39.6900,137,1
2026-02-05,600036,14:14:57,39.6900,110,1
2026-02-05,600036,14:15:00,39.6900,100,1
2026-02-05,600036,14:15:03,39.7000,55,1
2026-02-05,600036,14:15:06,39.7000,40,1
2026-02-05,600036,14:15:09,39.7000,136,2
2026-02-05,600036,14:15:12,39.7000,151,2
2026-02-05,600036,14:15:15,39.7100,189,1
2026-02-05,600036,14:15:18,39.7000,122,2
2026-02-05,600036,14:15:21,39.7100,124,1
2026-02-05,600036,14:15:24,39.7000,330,2
2026-02-05,600036,14:15:27,39.6900,142,2
2026-02-05,600036,14:15:30,39.7000,100,1
2026-02-05,600036,14:15:33,39.7000,35,2
2026-02-05,600036,14:15:36,39.7100,136,1
2026-02-05,600036,14:15:39,39.7100,99,2
2026-02-05,600036,14:15:42,39.7100,73,2
2026-02-05,600036,14:15:45,39.7100,50,1
2026-02-05,600036,14:15:48,39.7000,11,2
2026-02-05,600036,14:15:51,39.7000,272,2
2026-02-05,600036,14:15:54,39.7100,148,1
2026-02-05,600036,14:15:57,39.7100,131,1
2026-02-05,600036,14:16:00,39.7100,35,2
2026-02-05,600036,14:16:03,39.7200,555,1
2026-02-05,600036,14:16:06,39.7200,270,1
2026-02-05,600036,14:16:09,39.7200,83,4
2026-02-05,600036,14:16:12,39.7200,28,1
2026-02-05,600036,14:16:15,39.7200,232,1
2026-02-05,600036,14:16:18,39.7100,175,2
2026-02-05,600036,14:16:21,39.7100,186,2
2026-02-05,600036,14:16:24,39.7200,53,1
2026-02-05,600036,14:16:27,39.7100,83,2
2026-02-05,600036,14:16:30,39.7100,68,2
2026-02-05,600036,14:16:33,39.7200,122,1
2026-02-05,600036,14:16:36,39.7200,112,2
2026-02-05,600036,14:16:39,39.7200,106,2
2026-02-05,600036,14:16:42,39.7200,95,2
2026-02-05,600036,14:16:45,39.7200,118,1
2026-02-05,600036,14:16:48,39.7200,35,4
2026-02-05,600036,14:16:51,39.7200,52,2
2026-02-05,600036,14:16:54,39.7200,96,2
2026-02-05,600036,14:16:57,39.7300,68,1
2026-02-05,600036,14:17:00,39.7200,19,2
2026-02-05,600036,14:17:03,39.7300,6,1
2026-02-05,600036,14:17:06,39.7200,116,2
2026-02-05,600036,14:17:09,39.7200,63,1
2026-02-05,600036,14:17:12,39.7100,239,2
2026-02-05,600036,14:17:15,39.7100,186,2
2026-02-05,600036,14:17:18,39.7100,95,1
2026-02-05,600036,14:17:21,39.7100,120,1
2026-02-05,600036,14:17:24,39.7100,94,1
2026-02-05,600036,14:17:27,39.7100,134,1
2026-02-05,600036,14:17:30,39.7100,57,1
2026-02-05,600036,14:17:33,39.7200,729,1
2026-02-05,600036,14:17:36,39.7200,178,2
2026-02-05,600036,14:17:39,39.7200,855,2
2026-02-05,600036,14:17:42,39.7400,212,1
2026-02-05,600036,14:17:45,39.7400,312,1
2026-02-05,600036,14:17:48,39.7400,110,1
2026-02-05,600036,14:17:51,39.7400,49,2
2026-02-05,600036,14:17:54,39.7400,61,1
2026-02-05,600036,14:17:57,39.7400,47,1
2026-02-05,600036,14:18:00,39.7300,127,2
2026-02-05,600036,14:18:03,39.7400,42,1
2026-02-05,600036,14:18:06,39.7400,56,2
2026-02-05,600036,14:18:09,39.7300,414,2
2026-02-05,600036,14:18:12,39.7200,162,2
2026-02-05,600036,14:18:15,39.7400,47,1
2026-02-05,600036,14:18:18,39.7400,259,1
2026-02-05,600036,14:18:21,39.7400,162,4
2026-02-05,600036,14:18:24,39.7400,75,1
2026-02-05,600036,14:18:27,39.7300,52,2
2026-02-05,600036,14:18:30,39.7300,48,1
2026-02-05,600036,14:18:33,39.7300,120,1
2026-02-05,600036,14:18:36,39.7300,84,1
2026-02-05,600036,14:18:39,39.7300,59,2
2026-02-05,600036,14:18:42,39.7200,108,2
2026-02-05,600036,14:18:45,39.7300,94,1
2026-02-05,600036,14:18:48,39.7300,64,2
2026-02-05,600036,14:18:51,39.7400,69,1
2026-02-05,600036,14:18:54,39.7200,13,2
2026-02-05,600036,14:18:57,39.7300,38,1
2026-02-05,600036,14:19:00,39.7200,24,2
2026-02-05,600036,14:19:03,39.7300,64,4
2026-02-05,600036,14:19:06,39.7300,29,1
2026-02-05,600036,14:19:09,39.7300,942,1
2026-02-05,600036,14:19:12,39.7300,99,2
2026-02-05,600036,14:19:15,39.7300,148,2
2026-02-05,600036,14:19:18,39.7300,586,2
2026-02-05,600036,14:19:21,39.7300,52,2
2026-02-05,600036,14:19:24,39.7400,9,1
2026-02-05,600036,14:19:27,39.7300,40,2
2026-02-05,600036,14:19:30,39.7300,53,1
2026-02-05,600036,14:19:33,39.7400,245,1
2026-02-05,600036,14:19:36,39.7300,15,2
2026-02-05,600036,14:19:39,39.7300,54,2
2026-02-05,600036,14:19:42,39.7300,44,2
2026-02-05,600036,14:19:45,39.7300,13,1
2026-02-05,600036,14:19:48,39.7300,91,1
2026-02-05,600036,14:19:51,39.7300,70,2
2026-02-05,600036,14:19:54,39.7300,9,2
2026-02-05,600036,14:19:57,39.7300,152,2
2026-02-05,600036,14:20:00,39.7400,383,1
2026-02-05,600036,14:20:03,39.7400,70,1
2026-02-05,600036,14:20:06,39.7300,74,2
2026-02-05,600036,14:20:09,39.7300,23,1
2026-02-05,600036,14:20:12,39.7300,20,1
2026-02-05,600036,14:20:15,39.7200,24,2
2026-02-05,600036,14:20:18,39.7300,8,1
2026-02-05,600036,14:20:21,39.7200,2,2
2026-02-05,600036,14:20:24,39.7300,105,1
2026-02-05,600036,14:20:27,39.7300,60,1
2026-02-05,600036,14:20:30,39.7300,24,1
2026-02-05,600036,14:20:33,39.7300,95,1
2026-02-05,600036,14:20:36,39.7200,24,2
2026-02-05,600036,14:20:39,39.7200,41,2
2026-02-05,600036,14:20:42,39.7200,41,2
2026-02-05,600036,14:20:45,39.7300,76,1
2026-02-05,600036,14:20:48,39.7300,7,1
2026-02-05,600036,14:20:51,39.7200,373,2
2026-02-05,600036,14:20:54,39.7200,18,2
2026-02-05,600036,14:20:57,39.7300,50,1
2026-02-05,600036,14:21:00,39.7300,38,1
2026-02-05,600036,14:21:03,39.7300,25,1
2026-02-05,600036,14:21:06,39.7200,202,2
2026-02-05,600036,14:21:09,39.7300,76,1
2026-02-05,600036,14:21:12,39.7200,25,2
2026-02-05,600036,14:21:15,39.7300,63,1
2026-02-05,600036,14:21:18,39.7200,134,2
2026-02-05,600036,14:21:21,39.7200,110,2
2026-02-05,600036,14:21:24,39.7200,192,2
2026-02-05,600036,14:21:27,39.7200,71,2
2026-02-05,600036,14:21:30,39.7100,105,2
2026-02-05,600036,14:21:33,39.7100,47,2
2026-02-05,600036,14:21:36,39.7100,133,2
2026-02-05,600036,14:21:39,39.7100,49,2
2026-02-05,600036,14:21:42,39.7100,154,2
2026-02-05,600036,14:21:45,39.7100,49,2
2026-02-05,600036,14:21:48,39.7100,38,2
2026-02-05,600036,14:21:51,39.7100,99,2
2026-02-05,600036,14:21:54,39.7200,106,1
2026-02-05,600036,14:21:57,39.7200,11,1
2026-02-05,600036,14:22:00,39.7100,10,2
2026-02-05,600036,14:22:03,39.7100,65,2
2026-02-05,600036,14:22:06,39.7100,15,2
2026-02-05,600036,14:22:09,39.7200,82,1
2026-02-05,600036,14:22:12,39.7100,134,2
2026-02-05,600036,14:22:15,39.7200,8,1
2026-02-05,600036,14:22:18,39.7200,587,1
2026-02-05,600036,14:22:21,39.7200,224,2
2026-02-05,600036,14:22:24,39.7200,122,2
2026-02-05,600036,14:22:27,39.7200,101,2
2026-02-05,600036,14:22:30,39.7200,183,2
2026-02-05,600036,14:22:33,39.7200,61,2
2026-02-05,600036,14:22:36,39.7200,37,2
2026-02-05,600036,14:22:39,39.7200,10,2
2026-02-05,600036,14:22:42,39.7300,37,1
2026-02-05,600036,14:22:45,39.7300,79,1
2026-02-05,600036,14:22:48,39.7200,3,2
2026-02-05,600036,14:22:51,39.7300,10,1
2026-02-05,600036,14:22:54,39.7200,49,2
2026-02-05,600036,14:22:57,39.7200,5,2
2026-02-05,600036,14:23:00,39.7300,226,1
2026-02-05,600036,14:23:03,39.7200,67,2
2026-02-05,600036,14:23:06,39.7300,675,1
2026-02-05,600036,14:23:09,39.7400,316,1
2026-02-05,600036,14:23:12,39.7400,48,1
2026-02-05,600036,14:23:15,39.7300,206,2
2026-02-05,600036,14:23:18,39.7300,152,2
2026-02-05,600036,14:23:21,39.7400,10,4
2026-02-05,600036,14:23:24,39.7400,13,2
2026-02-05,600036,14:23:27,39.7500,9,1
2026-02-05,600036,14:23:30,39.7400,37,2
2026-02-05,600036,14:23:33,39.7400,12,2
2026-02-05,600036,14:23:36,39.7400,19,2
2026-02-05,600036,14:23:39,39.7400,226,2
2026-02-05,600036,14:23:42,39.7400,49,1
2026-02-05,600036,14:23:45,39.7500,121,1
2026-02-05,600036,14:23:48,39.7400,58,1
2026-02-05,600036,14:23:51,39.7400,97,1
2026-02-05,600036,14:23:54,39.7400,130,1
2026-02-05,600036,14:23:57,39.7400,103,2
2026-02-05,600036,14:24:00,39.7500,62,1
2026-02-05,600036,14:24:03,39.7400,56,2
2026-02-05,600036,14:24:06,39.7500,66,1
2026-02-05,600036,14:24:09,39.7400,67,2
2026-02-05,600036,14:24:12,39.7400,57,2
2026-02-05,600036,14:24:15,39.7300,34,2
2026-02-05,600036,14:24:18,39.7400,191,1
2026-02-05,600036,14:24:21,39.7400,35,1
2026-02-05,600036,14:24:24,39.7300,2,2
2026-02-05,600036,14:24:27,39.7300,3,2
2026-02-05,600036,14:24:30,39.7400,92,1
2026-02-05,600036,14:24:33,39.7300,25,2
2026-02-05,600036,14:24:36,39.7400,155,1
2026-02-05,600036,14:24:39,39.7400,54,1
2026-02-05,600036,14:24:42,39.7400,13,1
2026-02-05,600036,14:24:45,39.7300,64,2
2026-02-05,600036,14:24:48,39.7300,50,2
2026-02-05,600036,14:24:51,39.7400,103,1
2026-02-05,600036,14:24:54,39.7400,23,1
2026-02-05,600036,14:24:57,39.7400,22,1
2026-02-05,600036,14:25:00,39.7300,78,2
2026-02-05,600036,14:25:03,39.7400,17,1
2026-02-05,600036,14:25:06,39.7400,33,1
2026-02-05,600036,14:25:09,39.7400,56,1
2026-02-05,600036,14:25:12,39.7500,62,1
2026-02-05,600036,14:25:15,39.7400,43,2
2026-02-05,600036,14:25:18,39.7400,8,2
2026-02-05,600036,14:25:21,39.7500,178,1
2026-02-05,600036,14:25:24,39.7400,48,2
2026-02-05,600036,14:25:27,39.7500,140,1
2026-02-05,600036,14:25:30,39.7300,79,2
2026-02-05,600036,14:25:33,39.7500,103,1
2026-02-05,600036,14:25:36,39.7400,14,2
2026-02-05,600036,14:25:39,39.7400,46,2
2026-02-05,600036,14:25:42,39.7300,16,2
2026-02-05,600036,14:25:45,39.7400,14,1
2026-02-05,600036,14:25:48,39.7300,60,2
2026-02-05,600036,14:25:51,39.7400,40,1
2026-02-05,600036,14:25:54,39.7400,11,1
2026-02-05,600036,14:25:57,39.7300,15,2
2026-02-05,600036,14:26:00,39.7300,75,2
2026-02-05,600036,14:26:03,39.7400,42,1
2026-02-05,600036,14:26:06,39.7400,229,1
2026-02-05,600036,14:26:09,39.7400,840,2
2026-02-05,600036,14:26:12,39.7400,140,2
2026-02-05,600036,14:26:15,39.7400,92,4
2026-02-05,600036,14:26:18,39.7500,30,1
2026-02-05,600036,14:26:21,39.7400,75,2
2026-02-05,600036,14:26:24,39.7400,10,2
2026-02-05,600036,14:26:27,39.7300,224,2
2026-02-05,600036,14:26:30,39.7400,21,2
2026-02-05,600036,14:26:33,39.7400,27,2
2026-02-05,600036,14:26:36,39.7400,29,2
2026-02-05,600036,14:26:39,39.7400,96,2
2026-02-05,600036,14:26:42,39.7400,40,2
2026-02-05,600036,14:26:45,39.7400,90,2
2026-02-05,600036,14:26:48,39.7400,58,2
2026-02-05,600036,14:26:51,39.7400,27,2
2026-02-05,600036,14:26:54,39.7400,33,2
2026-02-05,600036,14:26:57,39.7500,95,1
2026-02-05,600036,14:27:00,39.7400,89,4
2026-02-05,600036,14:27:03,39.7400,39,2
2026-02-05,600036,14:27:06,39.7300,34,2
2026-02-05,600036,14:27:09,39.7300,16,2
2026-02-05,600036,14:27:12,39.7300,20,2
2026-02-05,600036,14:27:15,39.7300,40,2
2026-02-05,600036,14:27:18,39.7400,24,1
2026-02-05,600036,14:27:21,39.7400,417,1
2026-02-05,600036,14:27:24,39.7400,85,1
2026-02-05,600036,14:27:27,39.7400,39,1
2026-02-05,600036,14:27:30,39.7400,80,1
2026-02-05,600036,14:27:33,39.7400,50,1
2026-02-05,600036,14:27:36,39.7300,42,2
2026-02-05,600036,14:27:39,39.7300,35,2
2026-02-05,600036,14:27:42,39.7300,49,2
2026-02-05,600036,14:27:45,39.7300,47,2
2026-02-05,600036,14:27:48,39.7300,31,1
2026-02-05,600036,14:27:51,39.7300,26,1
2026-02-05,600036,14:27:54,39.7300,40,1
2026-02-05,600036,14:27:57,39.7300,74,1
2026-02-05,600036,14:28:00,39.7300,25,1
2026-02-05,600036,14:28:03,39.7300,36,1
2026-02-05,600036,14:28:06,39.7300,40,1
2026-02-05,600036,14:28:09,39.7300,83,1
2026-02-05,600036,14:28:12,39.7400,467,1
2026-02-05,600036,14:28:15,39.7400,57,1
2026-02-05,600036,14:28:18,39.7300,90,2
2026-02-05,600036,14:28:21,39.7300,32,2
2026-02-05,600036,14:28:24,39.7400,16,1
2026-02-05,600036,14:28:27,39.7400,35,1
2026-02-05,600036,14:28:30,39.7300,52,2
2026-02-05,600036,14:28:33,39.7300,98,2
2026-02-05,600036,14:28:36,39.7300,18,2
2026-02-05,600036,14:28:39,39.7300,525,2
2026-02-05,600036,14:28:42,39.7300,3,1
2026-02-05,600036,14:28:45,39.7400,452,1
2026-02-05,600036,14:28:48,39.7300,233,1
2026-02-05,600036,14:28:51,39.7400,23,1
2026-02-05,600036,14:28:54,39.7200,53,2
2026-02-05,600036,14:28:57,39.7200,192,2
2026-02-05,600036,14:29:00,39.7200,220,2
2026-02-05,600036,14:29:03,39.7200,17,1
2026-02-05,600036,14:29:06,39.7200,25,1
2026-02-05,600036,14:29:09,39.7200,130,1
2026-02-05,600036,14:29:12,39.7300,16,1
2026-02-05,600036,14:29:15,39.7200,26,2
2026-02-05,600036,14:29:18,39.7300,32,1
2026-02-05,600036,14:29:21,39.7300,48,1
2026-02-05,600036,14:29:24,39.7300,219,1
2026-02-05,600036,14:29:27,39.7300,11,2
2026-02-05,600036,14:29:30,39.7300,40,2
2026-02-05,600036,14:29:33,39.7300,151,2
2026-02-05,600036,14:29:36,39.7400,52,1
2026-02-05,600036,14:29:39,39.7400,127,1
2026-02-05,600036,14:29:42,39.7300,1054,2
2026-02-05,600036,14:29:45,39.7300,320,1
2026-02-05,600036,14:29:48,39.7400,111,1
2026-02-05,600036,14:29:51,39.7400,1,1
2026-02-05,600036,14:29:54,39.7400,221,1
2026-02-05,600036,14:29:57,39.7300,229,2
2026-02-05,600036,14:30:00,39.7300,125,1
2026-02-05,600036,14:30:03,39.7300,12,2
2026-02-05,600036,14:30:06,39.7400,218,1
2026-02-05,600036,14:30:09,39.7300,75,2
2026-02-05,600036,14:30:12,39.7300,197,2
2026-02-05,600036,14:30:15,39.7300,208,2
2026-02-05,600036,14:30:18,39.7300,180,2
2026-02-05,600036,14:30:21,39.7300,191,2
2026-02-05,600036,14:30:24,39.7200,273,2
2026-02-05,600036,14:30:27,39.7300,175,1
2026-02-05,600036,14:30:30,39.7200,46,2
2026-02-05,600036,14:30:33,39.7200,111,2
2026-02-05,600036,14:30:36,39.7400,81,1
2026-02-05,600036,14:30:39,39.7200,186,2
2026-02-05,600036,14:30:42,39.7300,96,1
2026-02-05,600036,14:30:45,39.7200,20,2
2026-02-05,600036,14:30:48,39.7300,56,1
2026-02-05,600036,14:30:51,39.7200,311,2
2026-02-05,600036,14:30:54,39.7300,314,1
2026-02-05,600036,14:30:57,39.7200,283,4
2026-02-05,600036,14:31:00,39.7200,6,1
2026-02-05,600036,14:31:03,39.7200,70,1
2026-02-05,600036,14:31:06,39.7200,49,1
2026-02-05,600036,14:31:09,39.7200,79,1
2026-02-05,600036,14:31:12,39.7100,6,2
2026-02-05,600036,14:31:15,39.7200,33,1
2026-02-05,600036,14:31:18,39.7200,163,1
2026-02-05,600036,14:31:21,39.7100,123,2
2026-02-05,600036,14:31:24,39.7200,80,4
2026-02-05,600036,14:31:27,39.7200,203,1
2026-02-05,600036,14:31:30,39.7100,117,2
2026-02-05,600036,14:31:33,39.7100,641,2
2026-02-05,600036,14:31:36,39.7000,540,2
2026-02-05,600036,14:31:39,39.7100,74,2
2026-02-05,600036,14:31:42,39.7200,114,1
2026-02-05,600036,14:31:45,39.7200,9,2
2026-02-05,600036,14:31:48,39.7200,266,2
2026-02-05,600036,14:31:51,39.7200,14,2
2026-02-05,600036,14:31:54,39.7300,320,1
2026-02-05,600036,14:31:57,39.7300,46,2
2026-02-05,600036,14:32:00,39.7200,38,2
2026-02-05,600036,14:32:03,39.7300,59,1
2026-02-05,600036,14:32:06,39.7200,74,2
2026-02-05,600036,14:32:09,39.7300,108,1
2026-02-05,600036,14:32:12,39.7300,87,1
2026-02-05,600036,14:32:15,39.7200,70,2
2026-02-05,600036,14:32:18,39.7200,100,1
2026-02-05,600036,14:32:21,39.7100,140,2
2026-02-05,600036,14:32:24,39.7100,85,1
2026-02-05,600036,14:32:27,39.7000,87,2
2026-02-05,600036,14:32:30,39.7000,88,2
2026-02-05,600036,14:32:33,39.7000,244,2
2026-02-05,600036,14:32:36,39.7000,106,2
2026-02-05,600036,14:32:39,39.7300,445,1
2026-02-05,600036,14:32:42,39.7000,462,2
2026-02-05,600036,14:32:45,39.7000,131,2
2026-02-05,600036,14:32:48,39.7100,74,1
2026-02-05,600036,14:32:51,39.7100,189,2
2026-02-05,600036,14:32:54,39.7100,28,2
2026-02-05,600036,14:32:57,39.7300,405,1
2026-02-05,600036,14:33:00,39.7300,465,2
2026-02-05,600036,14:33:03,39.7300,67,1
2026-02-05,600036,14:33:06,39.7300,56,1
2026-02-05,600036,14:33:09,39.7200,49,4
2026-02-05,600036,14:33:12,39.7400,636,1
2026-02-05,600036,14:33:15,39.7300,594,1
2026-02-05,600036,14:33:18,39.7300,853,1
2026-02-05,600036,14:33:21,39.7300,97,2
2026-02-05,600036,14:33:24,39.7200,2,2
2026-02-05,600036,14:33:27,39.7200,57,2
2026-02-05,600036,14:33:30,39.7300,892,1
2026-02-05,600036,14:33:33,39.7300,257,2
2026-02-05,600036,14:33:36,39.7200,42,2
2026-02-05,600036,14:33:39,39.7200,115,2
2026-02-05,600036,14:33:42,39.7300,104,1
2026-02-05,600036,14:33:45,39.7200,44,2
2026-02-05,600036,14:33:48,39.7300,235,1
2026-02-05,600036,14:33:51,39.7200,56,2
2026-02-05,600036,14:33:54,39.7200,104,2
2026-02-05,600036,14:33:57,39.7200,45,4
2026-02-05,600036,14:34:00,39.7200,2961,1
2026-02-05,600036,14:34:03,39.7500,73,1
2026-02-05,600036,14:34:06,39.7400,37,4
2026-02-05,600036,14:34:09,39.7300,63,4
2026-02-05,600036,14:34:12,39.7300,23,4
2026-02-05,600036,14:34:15,39.7300,166,2
2026-02-05,600036,14:34:18,39.7400,49,4
2026-02-05,600036,14:34:21,39.7400,47,2
2026-02-05,600036,14:34:24,39.7500,485,1
2026-02-05,600036,14:34:27,39.7400,18,2
2026-02-05,600036,14:34:30,39.7400,106,2
2026-02-05,600036,14:34:33,39.7400,15,2
2026-02-05,600036,14:34:36,39.7400,16,2
2026-02-05,600036,14:34:39,39.7400,48,2
2026-02-05,600036,14:34:42,39.7400,78,2
2026-02-05,600036,14:34:45,39.7400,114,1
2026-02-05,600036,14:34:48,39.7400,22,1
2026-02-05,600036,14:34:51,39.7400,87,1
2026-02-05,600036,14:34:54,39.7400,8,1
2026-02-05,600036,14:34:57,39.7300,49,2
2026-02-05,600036,14:35:00,39.7300,82,2
2026-02-05,600036,14:35:03,39.7500,163,1
2026-02-05,600036,14:35:06,39.7300,31,1
2026-02-05,600036,14:35:09,39.7400,9,1
2026-02-05,600036,14:35:12,39.7300,116,2
2026-02-05,600036,14:35:15,39.7300,120,1
2026-02-05,600036,14:35:18,39.7400,58,1
2026-02-05,600036,14:35:21,39.7300,794,2
2026-02-05,600036,14:35:24,39.7400,113,4
2026-02-05,600036,14:35:27,39.7300,22,2
2026-02-05,600036,14:35:30,39.7400,114,1
2026-02-05,600036,14:35:33,39.7400,53,1
2026-02-05,600036,14:35:36,39.7400,51,2
2026-02-05,600036,14:35:39,39.7400,126,2
2026-02-05,600036,14:35:42,39.7500,44,4
2026-02-05,600036,14:35:45,39.7400,86,2
2026-02-05,600036,14:35:48,39.7500,115,1
2026-02-05,600036,14:35:51,39.7500,36,2
2026-02-05,600036,14:35:54,39.7500,17,4
2026-02-05,600036,14:35:57,39.7500,28,1
2026-02-05,600036,14:36:00,39.7500,382,1
2026-02-05,600036,14:36:03,39.7400,49,2
2026-02-05,600036,14:36:06,39.7500,55,1
2026-02-05,600036,14:36:09,39.7500,6,1
2026-02-05,600036,14:36:12,39.7500,1102,1
2026-02-05,600036,14:36:15,39.7500,132,2
2026-02-05,600036,14:36:18,39.7600,117,1
2026-02-05,600036,14:36:21,39.7500,24,2
2026-02-05,600036,14:36:24,39.7600,472,1
2026-02-05,600036,14:36:27,39.7500,256,4
2026-02-05,600036,14:36:30,39.7500,70,1
2026-02-05,600036,14:36:33,39.7500,111,2
2026-02-05,600036,14:36:36,39.7600,45,1
2026-02-05,600036,14:36:39,39.7500,34,2
2026-02-05,600036,14:36:42,39.7700,1033,1
2026-02-05,600036,14:36:45,39.7600,143,1
2026-02-05,600036,14:36:48,39.7500,27,2
2026-02-05,600036,14:36:51,39.7600,205,1
2026-02-05,600036,14:36:54,39.7500,70,4
2026-02-05,600036,14:36:57,39.7500,66,2
2026-02-05,600036,14:37:00,39.7400,533,2
2026-02-05,600036,14:37:03,39.7400,79,2
2026-02-05,600036,14:37:06,39.7500,351,4
2026-02-05,600036,14:37:09,39.7400,47,2
2026-02-05,600036,14:37:12,39.7400,84,2
2026-02-05,600036,14:37:15,39.7400,117,2
2026-02-05,600036,14:37:18,39.7400,25,2
2026-02-05,600036,14:37:21,39.7400,79,2
2026-02-05,600036,14:37:24,39.7200,592,2
2026-02-05,600036,14:37:27,39.7300,24,4
2026-02-05,600036,14:37:30,39.7300,27,1
2026-02-05,600036,14:37:33,39.7200,508,2
2026-02-05,600036,14:37:36,39.7200,172,2
2026-02-05,600036,14:37:39,39.7100,587,2
2026-02-05,600036,14:37:42,39.7100,54,2
2026-02-05,600036,14:37:45,39.7100,26,4
2026-02-05,600036,14:37:48,39.7200,372,1
2026-02-05,600036,14:37:51,39.7200,127,2
2026-02-05,600036,14:37:54,39.7200,22,2
2026-02-05,600036,14:37:57,39.7300,47,1
2026-02-05,600036,14:38:00,39.7200,823,2
2026-02-05,600036,14:38:03,39.7200,40,1
2026-02-05,600036,14:38:06,39.7200,61,2
2026-02-05,600036,14:38:09,39.7200,88,2
2026-02-05,600036,14:38:12,39.7200,25,2
2026-02-05,600036,14:38:15,39.7200,91,2
2026-02-05,600036,14:38:18,39.7200,53,2
2026-02-05,600036,14:38:21,39.7200,6,1
2026-02-05,600036,14:38:24,39.7100,21,2
2026-02-05,600036,14:38:27,39.7200,339,1
2026-02-05,600036,14:38:30,39.7000,87,2
2026-02-05,600036,14:38:33,39.7000,256,2
2026-02-05,600036,14:38:36,39.7100,62,1
2026-02-05,600036,14:38:39,39.7000,44,2
2026-02-05,600036,14:38:42,39.7000,106,2
2026-02-05,600036,14:38:45,39.7100,66,4
2026-02-05,600036,14:38:48,39.7100,109,2
2026-02-05,600036,14:38:51,39.7000,120,2
2026-02-05,600036,14:38:54,39.7100,45,4
2026-02-05,600036,14:38:57,39.7000,35,2
2026-02-05,600036,14:39:00,39.7000,24,2
2026-02-05,600036,14:39:03,39.7000,148,2
2026-02-05,600036,14:39:06,39.7000,40,2
2026-02-05,600036,14:39:09,39.7100,206,1
2026-02-05,600036,14:39:12,39.7000,360,2
2026-02-05,600036,14:39:15,39.7000,96,2
2026-02-05,600036,14:39:18,39.6900,50,2
2026-02-05,600036,14:39:21,39.7000,44,1
2026-02-05,600036,14:39:24,39.7000,81,1
2026-02-05,600036,14:39:27,39.7000,19,1
2026-02-05,600036,14:39:30,39.6900,126,2
2026-02-05,600036,14:39:33,39.6900,43,2
2026-02-05,600036,14:39:36,39.6900,43,2
2026-02-05,600036,14:39:39,39.7100,192,1
2026-02-05,600036,14:39:42,39.7000,95,4
2026-02-05,600036,14:39:45,39.6900,132,2
2026-02-05,600036,14:39:48,39.7000,37,1
2026-02-05,600036,14:39:51,39.7000,32,2
2026-02-05,600036,14:39:54,39.7000,149,2
2026-02-05,600036,14:39:57,39.7000,69,2
2026-02-05,600036,14:40:00,39.7000,196,2
2026-02-05,600036,14:40:03,39.6900,395,2
2026-02-05,600036,14:40:06,39.6900,84,2
2026-02-05,600036,14:40:09,39.7000,70,1
2026-02-05,600036,14:40:12,39.7000,22,1
2026-02-05,600036,14:40:15,39.6900,63,2
2026-02-05,600036,14:40:18,39.6900,103,2
2026-02-05,600036,14:40:21,39.6900,81,2
2026-02-05,600036,14:40:24,39.7000,1146,1
2026-02-05,600036,14:40:27,39.7000,131,1
2026-02-05,600036,14:40:30,39.7100,44,4
2026-02-05,600036,14:40:33,39.7000,66,2
2026-02-05,600036,14:40:36,39.7000,62,2
2026-02-05,600036,14:40:39,39.7100,67,1
2026-02-05,600036,14:40:42,39.7100,261,1
2026-02-05,600036,14:40:45,39.7000,152,2
2026-02-05,600036,14:40:48,39.7100,45,1
2026-02-05,600036,14:40:51,39.7100,209,1
2026-02-05,600036,14:40:54,39.7000,132,2
2026-02-05,600036,14:40:57,39.7000,42,2
2026-02-05,600036,14:41:00,39.7100,43,1
2026-02-05,600036,14:41:03,39.7000,155,2
2026-02-05,600036,14:41:06,39.7000,218,2
2026-02-05,600036,14:41:09,39.6900,188,2
2026-02-05,600036,14:41:12,39.7100,90,1
2026-02-05,600036,14:41:15,39.7000,185,2
2026-02-05,600036,14:41:18,39.7200,61,1
2026-02-05,600036,14:41:21,39.7000,85,2
2026-02-05,600036,14:41:24,39.7100,209,1
2026-02-05,600036,14:41:27,39.7100,74,2
2026-02-05,600036,14:41:30,39.7000,111,2
2026-02-05,600036,14:41:33,39.7000,47,2
2026-02-05,600036,14:41:36,39.7100,44,1
2026-02-05,600036,14:41:39,39.7000,65,2
2026-02-05,600036,14:41:42,39.7000,98,2
2026-02-05,600036,14:41:45,39.7100,151,1
2026-02-05,600036,14:41:48,39.7000,29,2
2026-02-05,600036,14:41:51,39.7100,42,1
2026-02-05,600036,14:41:54,39.7000,41,2
2026-02-05,600036,14:41:57,39.7000,29,2
2026-02-05,600036,14:42:00,39.7000,89,2
2026-02-05,600036,14:42:03,39.7100,42,1
2026-02-05,600036,14:42:06,39.7000,80,2
2026-02-05,600036,14:42:09,39.7000,115,2
2026-02-05,600036,14:42:12,39.7100,47,1
2026-02-05,600036,14:42:15,39.7000,85,2
2026-02-05,600036,14:42:18,39.7100,25,1
2026-02-05,600036,14:42:21,39.7100,351,1
2026-02-05,600036,14:42:24,39.7100,39,1
2026-02-05,600036,14:42:27,39.7100,25,1
2026-02-05,600036,14:42:30,39.7000,272,2
2026-02-05,600036,14:42:33,39.7000,12,2
2026-02-05,600036,14:42:36,39.7000,65,2
2026-02-05,600036,14:42:39,39.7100,134,1
2026-02-05,600036,14:42:42,39.7100,673,1
2026-02-05,600036,14:42:45,39.7300,342,1
2026-02-05,600036,14:42:48,39.7200,90,2
2026-02-05,600036,14:42:51,39.7200,301,2
2026-02-05,600036,14:42:54,39.7300,194,1
2026-02-05,600036,14:42:57,39.7400,335,1
2026-02-05,600036,14:43:00,39.7300,176,2
2026-02-05,600036,14:43:03,39.7400,228,1
2026-02-05,600036,14:43:06,39.7400,147,2
2026-02-05,600036,14:43:09,39.7400,795,1
2026-02-05,600036,14:43:12,39.7300,99,2
2026-02-05,600036,14:43:15,39.7300,17,2
2026-02-05,600036,14:43:18,39.7300,376,2
2026-02-05,600036,14:43:21,39.7300,18,2
2026-02-05,600036,14:43:24,39.7300,96,2
2026-02-05,600036,14:43:27,39.7400,157,1
2026-02-05,600036,14:43:30,39.7400,529,1
2026-02-05,600036,14:43:33,39.7200,25,2
2026-02-05,600036,14:43:36,39.7300,65,1
2026-02-05,600036,14:43:39,39.7200,183,2
2026-02-05,600036,14:43:42,39.7300,110,1
2026-02-05,600036,14:43:45,39.7300,280,2
2026-02-05,600036,14:43:48,39.7300,76,1
2026-02-05,600036,14:43:51,39.7300,19,4
2026-02-05,600036,14:43:54,39.7200,757,2
2026-02-05,600036,14:43:57,39.7300,43,1
2026-02-05,600036,14:44:00,39.7200,339,2
2026-02-05,600036,14:44:03,39.7200,115,1
2026-02-05,600036,14:44:06,39.7200,58,2
2026-02-05,600036,14:44:09,39.7200,142,2
2026-02-05,600036,14:44:12,39.7200,108,2
2026-02-05,600036,14:44:15,39.7200,179,2
2026-02-05,600036,14:44:18,39.7200,200,2
2026-02-05,600036,14:44:21,39.7200,582,2
2026-02-05,600036,14:44:24,39.7200,174,4
2026-02-05,600036,14:44:27,39.7300,146,1
2026-02-05,600036,14:44:30,39.7200,33,2
2026-02-05,600036,14:44:33,39.7400,238,1
2026-02-05,600036,14:44:36,39.7300,298,2
2026-02-05,600036,14:44:39,39.7400,268,1
2026-02-05,600036,14:44:42,39.7400,305,1
2026-02-05,600036,14:44:45,39.7400,118,2
2026-02-05,600036,14:44:48,39.7400,188,1
2026-02-05,600036,14:44:51,39.7500,171,1
2026-02-05,600036,14:44:54,39.7400,165,1
2026-02-05,600036,14:44:57,39.7300,121,2
2026-02-05,600036,14:45:00,39.7300,146,1
2026-02-05,600036,14:45:03,39.7200,54,2
2026-02-05,600036,14:45:06,39.7300,847,1
2026-02-05,600036,14:45:09,39.7400,594,1
2026-02-05,600036,14:45:12,39.7300,325,4
2026-02-05,600036,14:45:15,39.7400,336,1
2026-02-05,600036,14:45:18,39.7400,170,1
2026-02-05,600036,14:45:21,39.7300,70,2
2026-02-05,600036,14:45:24,39.7400,72,1
2026-02-05,600036,14:45:27,39.7300,80,2
2026-02-05,600036,14:45:30,39.7300,28,1
2026-02-05,600036,14:45:33,39.7300,31,1
2026-02-05,600036,14:45:36,39.7200,427,2
2026-02-05,600036,14:45:39,39.7100,131,2
2026-02-05,600036,14:45:42,39.7200,54,1
2026-02-05,600036,14:45:45,39.7100,62,2
2026-02-05,600036,14:45:48,39.7100,327,2
2026-02-05,600036,14:45:51,39.7200,153,1
2026-02-05,600036,14:45:54,39.7300,30,1
2026-02-05,600036,14:45:57,39.7300,31,1
2026-02-05,600036,14:46:00,39.7200,1120,2
2026-02-05,600036,14:46:03,39.7300,204,1
2026-02-05,600036,14:46:06,39.7200,156,2
2026-02-05,600036,14:46:09,39.7300,60,1
2026-02-05,600036,14:46:12,39.7300,128,1
2026-02-05,600036,14:46:15,39.7200,96,2
2026-02-05,600036,14:46:18,39.7200,51,2
2026-02-05,600036,14:46:21,39.7300,221,1
2026-02-05,600036,14:46:24,39.7200,81,2
2026-02-05,600036,14:46:27,39.7300,174,1
2026-02-05,600036,14:46:30,39.7300,129,1
2026-02-05,600036,14:46:33,39.7200,391,1
2026-02-05,600036,14:46:36,39.7200,92,2
2026-02-05,600036,14:46:39,39.7200,119,2
2026-02-05,600036,14:46:42,39.7200,54,2
2026-02-05,600036,14:46:45,39.7200,18,2
2026-02-05,600036,14:46:48,39.7200,144,2
2026-02-05,600036,14:46:51,39.7300,40,1
2026-02-05,600036,14:46:54,39.7300,141,1
2026-02-05,600036,14:46:57,39.7200,244,2
2026-02-05,600036,14:47:00,39.7100,363,2
2026-02-05,600036,14:47:03,39.7300,127,1
2026-02-05,600036,14:47:06,39.7300,115,2
2026-02-05,600036,14:47:09,39.7400,106,1
2026-02-05,600036,14:47:12,39.7200,57,4
2026-02-05,600036,14:47:15,39.7300,403,4
2026-02-05,600036,14:47:18,39.7300,113,1
2026-02-05,600036,14:47:21,39.7100,620,2
2026-02-05,600036,14:47:24,39.7200,75,1
2026-02-05,600036,14:47:27,39.7200,68,1
2026-02-05,600036,14:47:30,39.7100,148,2
2026-02-05,600036,14:47:33,39.7200,89,1
2026-02-05,600036,14:47:36,39.7200,110,1
2026-02-05,600036,14:47:39,39.7100,141,2
2026-02-05,600036,14:47:42,39.7200,585,1
2026-02-05,600036,14:47:45,39.7300,348,1
2026-02-05,600036,14:47:48,39.7200,878,2
2026-02-05,600036,14:47:51,39.7200,200,2
2026-02-05,600036,14:47:54,39.7300,72,1
2026-02-05,600036,14:47:57,39.7200,689,2
2026-02-05,600036,14:48:00,39.7100,135,2
2026-02-05,600036,14:48:03,39.7300,1095,1
2026-02-05,600036,14:48:06,39.7200,303,2
2026-02-05,600036,14:48:09,39.7100,155,2
2026-02-05,600036,14:48:12,39.7200,18,1
2026-02-05,600036,14:48:15,39.7100,402,2
2026-02-05,600036,14:48:18,39.7100,115,2
2026-02-05,600036,14:48:21,39.7100,147,2
2026-02-05,600036,14:48:24,39.7200,171,1
2026-02-05,600036,14:48:27,39.7100,31,2
2026-02-05,600036,14:48:30,39.7100,150,2
2026-02-05,600036,14:48:33,39.7200,280,1
2026-02-05,600036,14:48:36,39.7200,593,2
2026-02-05,600036,14:48:39,39.7200,444,2
2026-02-05,600036,14:48:42,39.7200,322,2
2026-02-05,600036,14:48:45,39.7300,133,1
2026-02-05,600036,14:48:48,39.7200,558,2
2026-02-05,600036,14:48:51,39.7300,164,1
2026-02-05,600036,14:48:54,39.7300,56,1
2026-02-05,600036,14:48:57,39.7300,86,1
2026-02-05,600036,14:49:00,39.7100,273,2
2026-02-05,600036,14:49:03,39.7200,223,1
2026-02-05,600036,14:49:06,39.7200,214,1
2026-02-05,600036,14:49:09,39.7100,245,2
2026-02-05,600036,14:49:12,39.7300,271,1
2026-02-05,600036,14:49:15,39.7200,178,4
2026-02-05,600036,14:49:18,39.7200,248,2
2026-02-05,600036,14:49:21,39.7200,137,2
2026-02-05,600036,14:49:24,39.7100,132,2
2026-02-05,600036,14:49:27,39.7200,97,4
2026-02-05,600036,14:49:30,39.7200,157,2
2026-02-05,600036,14:49:33,39.7200,146,2
2026-02-05,600036,14:49:36,39.7200,92,2
2026-02-05,600036,14:49:39,39.7300,91,1
2026-02-05,600036,14:49:42,39.7200,81,2
2026-02-05,600036,14:49:45,39.7300,49,1
2026-02-05,600036,14:49:48,39.7100,384,2
2026-02-05,600036,14:49:51,39.7200,94,1
2026-02-05,600036,14:49:54,39.7200,357,2
2026-02-05,600036,14:49:57,39.7200,82,4
2026-02-05,600036,14:50:00,39.7100,280,2
2026-02-05,600036,14:50:03,39.7100,259,2
2026-02-05,600036,14:50:06,39.7200,639,1
2026-02-05,600036,14:50:09,39.7200,102,1
2026-02-05,600036,14:50:12,39.7100,271,2
2026-02-05,600036,14:50:15,39.7100,197,2
2026-02-05,600036,14:50:18,39.7200,180,1
2026-02-05,600036,14:50:21,39.7100,95,2
2026-02-05,600036,14:50:24,39.7300,197,1
2026-02-05,600036,14:50:27,39.7200,245,2
2026-02-05,600036,14:50:30,39.7300,310,1
2026-02-05,600036,14:50:33,39.7300,588,1
2026-02-05,600036,14:50:36,39.7200,840,2
2026-02-05,600036,14:50:39,39.7300,1078,1
2026-02-05,600036,14:50:42,39.7300,71,1
2026-02-05,600036,14:50:45,39.7300,64,1
2026-02-05,600036,14:50:48,39.7200,185,2
2026-02-05,600036,14:50:51,39.7300,406,1
2026-02-05,600036,14:50:54,39.7200,79,2
2026-02-05,600036,14:50:57,39.7300,116,1
2026-02-05,600036,14:51:00,39.7100,873,2
2026-02-05,600036,14:51:03,39.7200,1051,1
2026-02-05,600036,14:51:06,39.7000,1811,2
2026-02-05,600036,14:51:09,39.7200,891,1
2026-02-05,600036,14:51:12,39.7200,185,1
2026-02-05,600036,14:51:15,39.7200,181,2
2026-02-05,600036,14:51:18,39.7200,128,2
2026-02-05,600036,14:51:21,39.7100,157,2
2026-02-05,600036,14:51:24,39.7100,317,2
2026-02-05,600036,14:51:27,39.7300,216,1
2026-02-05,600036,14:51:30,39.7200,96,2
2026-02-05,600036,14:51:33,39.7200,142,2
2026-02-05,600036,14:51:36,39.7200,130,4
2026-02-05,600036,14:51:39,39.7200,95,2
2026-02-05,600036,14:51:42,39.7200,70,2
2026-02-05,600036,14:51:45,39.7200,89,2
2026-02-05,600036,14:51:48,39.7200,107,2
2026-02-05,600036,14:51:51,39.7200,162,2
2026-02-05,600036,14:51:54,39.7200,430,2
2026-02-05,600036,14:51:57,39.7100,41,2
2026-02-05,600036,14:52:00,39.7100,374,2
2026-02-05,600036,14:52:03,39.7200,232,1
2026-02-05,600036,14:52:06,39.7100,211,2
2026-02-05,600036,14:52:09,39.7200,61,1
2026-02-05,600036,14:52:12,39.7200,44,1
2026-02-05,600036,14:52:15,39.7300,283,1
2026-02-05,600036,14:52:18,39.7300,100,1
2026-02-05,600036,14:52:21,39.7200,42,2
2026-02-05,600036,14:52:24,39.7200,167,2
2026-02-05,600036,14:52:27,39.7200,296,2
2026-02-05,600036,14:52:30,39.7200,230,2
2026-02-05,600036,14:52:33,39.7200,171,2
2026-02-05,600036,14:52:36,39.7200,207,2
2026-02-05,600036,14:52:39,39.7200,204,2
2026-02-05,600036,14:52:42,39.7200,76,2
2026-02-05,600036,14:52:45,39.7300,416,1
2026-02-05,600036,14:52:48,39.7200,78,2
2026-02-05,600036,14:52:51,39.7200,119,2
2026-02-05,600036,14:52:54,39.7300,152,1
2026-02-05,600036,14:52:57,39.7200,170,2
2026-02-05,600036,14:53:00,39.7100,1078,2
2026-02-05,600036,14:53:03,39.7200,352,1
2026-02-05,600036,14:53:06,39.7100,88,2
2026-02-05,600036,14:53:09,39.7200,65,1
2026-02-05,600036,14:53:12,39.7200,228,1
2026-02-05,600036,14:53:15,39.7200,136,2
2026-02-05,600036,14:53:18,39.7300,462,1
2026-02-05,600036,14:53:21,39.7300,144,1
2026-02-05,600036,14:53:24,39.7400,225,1
2026-02-05,600036,14:53:27,39.7300,230,2
2026-02-05,600036,14:53:30,39.7400,173,1
2026-02-05,600036,14:53:33,39.7300,312,2
2026-02-05,600036,14:53:36,39.7400,135,1
2026-02-05,600036,14:53:39,39.7400,364,1
2026-02-05,600036,14:53:42,39.7300,588,1
2026-02-05,600036,14:53:45,39.7400,335,1
2026-02-05,600036,14:53:48,39.7400,70,1
2026-02-05,600036,14:53:51,39.7400,189,1
2026-02-05,600036,14:53:54,39.7300,228,2
2026-02-05,600036,14:53:57,39.7300,45,4
2026-02-05,600036,14:54:00,39.7100,816,2
2026-02-05,600036,14:54:03,39.7200,587,4
2026-02-05,600036,14:54:06,39.7100,352,2
2026-02-05,600036,14:54:09,39.7100,127,2
2026-02-05,600036,14:54:12,39.7100,106,2
2026-02-05,600036,14:54:15,39.7200,607,1
2026-02-05,600036,14:54:18,39.7100,118,2
2026-02-05,600036,14:54:21,39.7200,174,1
2026-02-05,600036,14:54:24,39.7200,31,2
2026-02-05,600036,14:54:27,39.7300,165,1
2026-02-05,600036,14:54:30,39.7200,48,4
2026-02-05,600036,14:54:33,39.7100,122,2
2026-02-05,600036,14:54:36,39.7200,197,1
2026-02-05,600036,14:54:39,39.7100,212,2
2026-02-05,600036,14:54:42,39.7100,97,2
2026-02-05,600036,14:54:45,39.7200,334,1
2026-02-05,600036,14:54:48,39.7200,94,1
2026-02-05,600036,14:54:51,39.7200,104,1
2026-02-05,600036,14:54:54,39.7200,46,1
2026-02-05,600036,14:54:57,39.7100,393,2
2026-02-05,600036,14:55:00,39.7100,567,2
2026-02-05,600036,14:55:03,39.7200,311,1
2026-02-05,600036,14:55:06,39.7200,790,2
2026-02-05,600036,14:55:09,39.7200,101,2
2026-02-05,600036,14:55:12,39.7200,134,2
2026-02-05,600036,14:55:15,39.7200,45,2
2026-02-05,600036,14:55:18,39.7300,259,1
2026-02-05,600036,14:55:21,39.7200,404,2
2026-02-05,600036,14:55:24,39.7200,398,2
2026-02-05,600036,14:55:27,39.7100,177,2
2026-02-05,600036,14:55:30,39.7100,191,2
2026-02-05,600036,14:55:33,39.7100,215,2
2026-02-05,600036,14:55:36,39.7200,232,1
2026-02-05,600036,14:55:39,39.7200,304,1
2026-02-05,600036,14:55:42,39.7100,73,2
2026-02-05,600036,14:55:45,39.7200,257,1
2026-02-05,600036,14:55:48,39.7200,167,1
2026-02-05,600036,14:55:51,39.7100,476,2
2026-02-05,600036,14:55:54,39.7200,137,1
2026-02-05,600036,14:55:57,39.7200,360,1
2026-02-05,600036,14:56:00,39.7000,1243,2
2026-02-05,600036,14:56:03,39.7100,385,2
2026-02-05,600036,14:56:06,39.7100,201,1
2026-02-05,600036,14:56:09,39.7100,151,1
2026-02-05,600036,14:56:12,39.7100,166,1
2026-02-05,600036,14:56:15,39.7200,85,1
2026-02-05,600036,14:56:18,39.7000,461,2
2026-02-05,600036,14:56:21,39.7200,1060,1
2026-02-05,600036,14:56:24,39.7000,347,2
2026-02-05,600036,14:56:27,39.7100,219,1
2026-02-05,600036,14:56:30,39.7000,151,2
2026-02-05,600036,14:56:33,39.7100,23,4
2026-02-05,600036,14:56:36,39.7100,142,2
2026-02-05,600036,14:56:39,39.7100,571,2
2026-02-05,600036,14:56:42,39.7100,121,1
2026-02-05,600036,14:56:45,39.7100,225,1
2026-02-05,600036,14:56:48,39.7200,181,1
2026-02-05,600036,14:56:51,39.7200,56,1
2026-02-05,600036,14:56:54,39.7200,149,1
2026-02-05,600036,14:56:57,39.7200,103,1
2026-02-05,600036,14:57:00,39.7100,144,2
2026-02-05,600036,15:00:04,39.7100,9860,4
2026-02-05,600036,13:17:03,39.5100,137,2
2026-02-05,600036,13:17:06,39.5200,150,1
2026-02-05,600036,13:17:09,39.5200,380,1
2026-02-05,600036,13:17:12,39.5200,147,1
2026-02-05,600036,13:17:15,39.5200,84,1
2026-02-05,600036,13:17:18,39.5300,135,1
2026-02-05,600036,13:17:21,39.5300,33,1
2026-02-05,600036,13:17:24,39.5200,41,2
2026-02-05,600036,13:17:27,39.5300,70,1
2026-02-05,600036,13:17:30,39.5200,35,2
2026-02-05,600036,13:17:33,39.5100,1041,2
2026-02-05,600036,13:17:36,39.5100,670,2
2026-02-05,600036,13:17:39,39.5100,28,1
2026-02-05,600036,13:17:42,39.5100,191,1
2026-02-05,600036,13:17:45,39.5100,5,1
2026-02-05,600036,13:17:48,39.5000,22,2
2026-02-05,600036,13:17:51,39.5000,57,2
2026-02-05,600036,13:17:54,39.5000,77,2
2026-02-05,600036,13:17:57,39.5100,243,1
2026-02-05,600036,13:18:00,39.5000,66,2
2026-02-05,600036,13:18:03,39.5100,63,1
2026-02-05,600036,13:18:06,39.5100,61,1
2026-02-05,600036,13:18:09,39.5000,856,2
2026-02-05,600036,13:18:12,39.5000,126,1
2026-02-05,600036,13:18:15,39.5000,86,4
2026-02-05,600036,13:18:18,39.5000,64,2
2026-02-05,600036,13:18:21,39.5000,108,2
2026-02-05,600036,13:18:24,39.5000,45,2
2026-02-05,600036,13:18:27,39.5000,73,2
2026-02-05,600036,13:18:30,39.5000,115,2
2026-02-05,600036,13:18:33,39.5000,14,2
2026-02-05,600036,13:18:36,39.5000,403,2
2026-02-05,600036,13:18:39,39.5100,89,1
2026-02-05,600036,13:18:42,39.5100,68,2
2026-02-05,600036,13:18:45,39.5000,586,2
2026-02-05,600036,13:18:48,39.5200,65,1
2026-02-05,600036,13:18:51,39.5200,48,2
2026-02-05,600036,13:18:54,39.5300,924,1
2026-02-05,600036,13:18:57,39.5200,57,2
2026-02-05,600036,13:19:00,39.5200,21,2
2026-02-05,600036,13:19:03,39.5300,641,1
2026-02-05,600036,13:19:06,39.5300,516,2
2026-02-05,600036,13:19:09,39.5200,14,2
2026-02-05,600036,13:19:12,39.5200,307,2
2026-02-05,600036,13:19:15,39.5200,40,2
2026-02-05,600036,13:19:18,39.5300,128,1
2026-02-05,600036,13:19:21,39.5300,85,1
2026-02-05,600036,13:19:24,39.5300,35,1
2026-02-05,600036,13:19:27,39.5200,28,2
2026-02-05,600036,13:19:30,39.5300,36,1
2026-02-05,600036,13:19:33,39.5100,424,2
2026-02-05,600036,13:19:36,39.5100,19,2
2026-02-05,600036,13:19:39,39.5100,49,2
2026-02-05,600036,13:19:42,39.5100,18,2
2026-02-05,600036,13:19:45,39.5200,199,1
2026-02-05,600036,13:19:48,39.5200,9,2
2026-02-05,600036,13:19:51,39.5200,684,2
2026-02-05,600036,13:19:54,39.5200,56,2
2026-02-05,600036,13:19:57,39.5200,411,2
2026-02-05,600036,13:20:00,39.5300,20,4
2026-02-05,600036,13:20:03,39.5400,1150,1
2026-02-05,600036,13:20:06,39.5300,225,2
2026-02-05,600036,13:20:09,39.5500,51,1
2026-02-05,600036,13:20:12,39.5400,93,2
2026-02-05,600036,13:20:15,39.5400,143,2
2026-02-05,600036,13:20:18,39.5500,112,1
2026-02-05,600036,13:20:21,39.5500,72,1
2026-02-05,600036,13:20:24,39.5500,253,1
2026-02-05,600036,13:20:27,39.5500,1425,1
2026-02-05,600036,13:20:30,39.5600,897,1
2026-02-05,600036,13:20:33,39.5500,32,2
2026-02-05,600036,13:20:36,39.5600,47,1
2026-02-05,600036,13:20:39,39.5600,276,1
2026-02-05,600036,13:20:42,39.5600,145,1
2026-02-05,600036,13:20:45,39.5600,201,1
2026-02-05,600036,13:20:48,39.5500,138,2
2026-02-05,600036,13:20:51,39.5600,249,1
2026-02-05,600036,13:20:54,39.5600,57,2
2026-02-05,600036,13:20:57,39.5700,75,1
2026-02-05,600036,13:21:00,39.5700,56,1
2026-02-05,600036,13:21:03,39.5700,16,1
2026-02-05,600036,13:21:06,39.5700,151,1
2026-02-05,600036,13:21:09,39.5600,474,2
2026-02-05,600036,13:21:12,39.5700,155,1
2026-02-05,600036,13:21:15,39.5700,69,1
2026-02-05,600036,13:21:18,39.5600,63,2
2026-02-05,600036,13:21:21,39.5600,60,2
2026-02-05,600036,13:21:24,39.5600,209,2
2026-02-05,600036,13:21:27,39.5500,286,2
2026-02-05,600036,13:21:30,39.5700,158,1
2026-02-05,600036,13:21:33,39.5500,98,2
2026-02-05,600036,13:21:36,39.5600,169,1
2026-02-05,600036,13:21:39,39.5600,661,1
2026-02-05,600036,13:21:42,39.5600,119,2
2026-02-05,600036,13:21:45,39.5600,197,4
2026-02-05,600036,13:21:48,39.5600,187,2
2026-02-05,600036,13:21:51,39.5600,88,1
2026-02-05,600036,13:21:54,39.5500,68,2
2026-02-05,600036,13:21:57,39.5600,482,1
2026-02-05,600036,13:22:00,39.5600,40,1
2026-02-05,600036,13:22:03,39.5600,32,1
2026-02-05,600036,13:22:06,39.5600,1336,1
2026-02-05,600036,13:22:09,39.5600,415,1
2026-02-05,600036,13:22:12,39.5500,79,2
2026-02-05,600036,13:22:15,39.5500,231,4
2026-02-05,600036,13:22:18,39.5400,120,2
2026-02-05,600036,13:22:21,39.5400,315,2
2026-02-05,600036,13:22:24,39.5400,74,2
2026-02-05,600036,13:22:27,39.5500,42,1
2026-02-05,600036,13:22:30,39.5400,90,2
2026-02-05,600036,13:22:33,39.5300,17,2
2026-02-05,600036,13:22:36,39.5400,99,1
2026-02-05,600036,13:22:39,39.5300,138,2
2026-02-05,600036,13:22:42,39.5300,49,2
2026-02-05,600036,13:22:45,39.5400,35,1
2026-02-05,600036,13:22:48,39.5500,902,1
2026-02-05,600036,13:22:51,39.5500,88,2
2026-02-05,600036,13:22:54,39.5500,229,2
2026-02-05,600036,13:22:57,39.5500,72,1
2026-02-05,600036,13:23:00,39.5600,558,1
2026-02-05,600036,13:23:03,39.5500,49,2
2026-02-05,600036,13:23:06,39.5700,1028,1
2026-02-05,600036,13:23:09,39.5600,90,2
2026-02-05,600036,13:23:12,39.5600,48,2
2026-02-05,600036,13:23:15,39.5600,129,2
2026-02-05,600036,13:23:18,39.5600,43,2
2026-02-05,600036,13:23:21,39.5600,30,2
2026-02-05,600036,13:23:24,39.5700,137,1
2026-02-05,600036,13:23:27,39.5700,34,1
2026-02-05,600036,13:23:30,39.5700,33,1
2026-02-05,600036,13:23:33,39.5600,173,2
2026-02-05,600036,13:23:36,39.5600,52,2
2026-02-05,600036,13:23:39,39.5600,600,2
2026-02-05,600036,13:23:42,39.5600,1136,2
2026-02-05,600036,13:23:45,39.5600,195,1
2026-02-05,600036,13:23:48,39.5600,127,1
2026-02-05,600036,13:23:51,39.5600,420,2
2026-02-05,600036,13:23:54,39.5600,63,2
2026-02-05,600036,13:23:57,39.5700,766,1
2026-02-05,600036,13:24:00,39.5600,142,2
2026-02-05,600036,13:24:03,39.5700,52,1
2026-02-05,600036,13:24:06,39.5700,571,2
2026-02-05,600036,13:24:09,39.5700,50,1
2026-02-05,600036,13:24:12,39.5600,95,2
2026-02-05,600036,13:24:15,39.5700,7,1
2026-02-05,600036,13:24:18,39.5600,9,2
2026-02-05,600036,13:24:21,39.5600,35,1
2026-02-05,600036,13:24:24,39.5600,69,1
2026-02-05,600036,13:24:27,39.5500,342,2
2026-02-05,600036,13:24:30,39.5500,99,2
2026-02-05,600036,13:24:33,39.5600,506,1
2026-02-05,600036,13:24:36,39.5600,52,2
2026-02-05,600036,13:24:39,39.5600,179,2
2026-02-05,600036,13:24:42,39.5700,1616,1
2026-02-05,600036,13:24:45,39.5700,513,2
2026-02-05,600036,13:24:48,39.5800,2152,1
2026-02-05,600036,13:24:51,39.5700,75,2
2026-02-05,600036,13:24:54,39.5900,223,1
2026-02-05,600036,13:24:57,39.5800,1316,2
2026-02-05,600036,13:25:00,39.5900,269,1
2026-02-05,600036,13:25:03,39.5800,519,2
2026-02-05,600036,13:25:06,39.5600,235,2
2026-02-05,600036,13:25:09,39.5800,72,1
2026-02-05,600036,13:25:12,39.5700,88,2
2026-02-05,600036,13:25:15,39.5700,28,4
2026-02-05,600036,13:25:18,39.5700,38,2
2026-02-05,600036,13:25:21,39.5700,493,2
2026-02-05,600036,13:25:24,39.5800,35,1
2026-02-05,600036,13:25:27,39.5800,446,1
2026-02-05,600036,13:25:30,39.5800,1024,2
2026-02-05,600036,13:25:33,39.5900,99,1
2026-02-05,600036,13:25:36,39.5800,47,2
2026-02-05,600036,13:25:39,39.5800,324,2
2026-02-05,600036,13:25:42,39.5900,161,1
2026-02-05,600036,13:25:45,39.5900,239,1
2026-02-05,600036,13:25:48,39.5800,225,2
2026-02-05,600036,13:25:51,39.5800,947,2
2026-02-05,600036,13:25:54,39.6000,131,1
2026-02-05,600036,13:25:57,39.5800,198,2
2026-02-05,600036,13:26:00,39.5900,99,1
2026-02-05,600036,13:26:03,39.5900,119,1
2026-02-05,600036,13:26:06,39.5900,1340,2
2026-02-05,600036,13:26:09,39.6000,1991,1
2026-02-05,600036,13:26:12,39.5900,148,2
2026-02-05,600036,13:26:15,39.5900,69,2
2026-02-05,600036,13:26:18,39.6000,29,1
2026-02-05,600036,13:26:21,39.5900,353,2
2026-02-05,600036,13:26:24,39.5900,67,2
2026-02-05,600036,13:26:27,39.5900,56,2
2026-02-05,600036,13:26:30,39.6000,114,1
2026-02-05,600036,13:26:33,39.5900,373,2
2026-02-05,600036,13:26:36,39.6000,160,1
2026-02-05,600036,13:26:39,39.6000,139,1
2026-02-05,600036,13:26:42,39.6000,149,1
2026-02-05,600036,13:26:45,39.6000,523,1
2026-02-05,600036,13:26:48,39.5900,42,2
2026-02-05,600036,13:26:51,39.6000,296,1
2026-02-05,600036,13:26:54,39.5900,307,2
2026-02-05,600036,13:26:57,39.5900,541,2
2026-02-05,600036,13:27:00,39.5900,158,2
2026-02-05,600036,13:27:03,39.6000,509,1
2026-02-05,600036,13:27:06,39.5900,229,2
2026-02-05,600036,13:27:09,39.5900,85,2
2026-02-05,600036,13:27:12,39.6000,640,1
2026-02-05,600036,13:27:15,39.6000,72,1
2026-02-05,600036,13:27:18,39.5900,621,2
2026-02-05,600036,13:27:21,39.5900,159,2
2026-02-05,600036,13:27:24,39.6000,141,1
2026-02-05,600036,13:27:27,39.6000,224,1
2026-02-05,600036,13:27:30,39.5900,120,2
2026-02-05,600036,13:27:33,39.6000,55,1
2026-02-05,600036,13:27:36,39.6000,25,1
2026-02-05,600036,13:27:39,39.5900,74,2
2026-02-05,600036,13:27:42,39.6000,27,1
2026-02-05,600036,13:27:45,39.6000,26,1
2026-02-05,600036,13:27:48,39.6000,95,1
2026-02-05,600036,13:27:51,39.5900,77,2
2026-02-05,600036,13:27:54,39.6000,47,1
2026-02-05,600036,13:27:57,39.5900,75,2
2026-02-05,600036,13:28:00,39.5900,103,2
2026-02-05,600036,13:28:03,39.5900,131,2
2026-02-05,600036,13:28:06,39.5900,280,2
2026-02-05,600036,13:28:09,39.5900,172,1
2026-02-05,600036,13:28:12,39.5800,227,2
2026-02-05,600036,13:28:15,39.5900,356,1
2026-02-05,600036,13:28:18,39.6000,2127,1
2026-02-05,600036,13:28:21,39.6100,1035,1
2026-02-05,600036,13:28:24,39.6000,99,2
2026-02-05,600036,13:28:27,39.6100,25,1
2026-02-05,600036,13:28:30,39.6000,207,2
2026-02-05,600036,13:28:33,39.6000,165,2
2026-02-05,600036,13:28:36,39.6000,40,2
2026-02-05,600036,13:28:39,39.6000,74,2
2026-02-05,600036,13:28:42,39.6100,91,1
2026-02-05,600036,13:28:45,39.6000,39,2
2026-02-05,600036,13:28:48,39.6000,759,2
2026-02-05,600036,13:28:51,39.6100,183,1
2026-02-05,600036,13:28:54,39.6000,56,2
2026-02-05,600036,13:28:57,39.6000,135,2
2026-02-05,600036,13:29:00,39.6100,260,1
2026-02-05,600036,13:29:03,39.6100,858,1
2026-02-05,600036,13:29:06,39.6200,1654,1
2026-02-05,600036,13:29:09,39.6200,112,1
2026-02-05,600036,13:29:12,39.6300,920,1
2026-02-05,600036,13:29:15,39.6300,669,1
2026-02-05,600036,13:29:18,39.6300,119,2
2026-02-05,600036,13:29:21,39.6300,245,2
2026-02-05,600036,13:29:24,39.6400,147,1
2026-02-05,600036,13:29:27,39.6400,56,1
2026-02-05,600036,13:29:30,39.6300,446,2
2026-02-05,600036,13:29:33,39.6200,76,2
2026-02-05,600036,13:29:36,39.6300,144,1
2026-02-05,600036,13:29:39,39.6300,212,1
2026-02-05,600036,13:29:42,39.6300,524,2
2026-02-05,600036,13:29:45,39.6400,545,1
2026-02-05,600036,13:29:48,39.6400,279,1
2026-02-05,600036,13:29:51,39.6300,334,2
2026-02-05,600036,13:29:54,39.6300,135,2
2026-02-05,600036,13:29:57,39.6400,256,1
2026-02-05,600036,13:30:00,39.6300,783,2
2026-02-05,600036,13:30:03,39.6300,365,2
2026-02-05,600036,13:30:06,39.6300,226,2
2026-02-05,600036,13:30:09,39.6300,458,2
2026-02-05,600036,13:30:12,39.6400,590,1
2026-02-05,600036,13:30:15,39.6400,46,1
2026-02-05,600036,13:30:18,39.6400,544,1
2026-02-05,600036,13:30:21,39.6300,70,2
2026-02-05,600036,13:30:24,39.6400,456,1
2026-02-05,600036,13:30:27,39.6400,321,2
2026-02-05,600036,13:30:30,39.6400,1446,1
2026-02-05,600036,13:30:33,39.6400,1187,2
2026-02-05,600036,13:30:36,39.6500,823,1
2026-02-05,600036,13:30:39,39.6500,229,2
2026-02-05,600036,13:30:42,39.6600,127,1
2026-02-05,600036,13:30:45,39.6600,1797,1
2026-02-05,600036,13:30:48,39.6600,471,1
2026-02-05,600036,13:30:51,39.6700,218,1
2026-02-05,600036,13:30:54,39.6600,570,2
2026-02-05,600036,13:30:57,39.6600,259,1
2026-02-05,600036,13:31:00,39.6600,583,1
2026-02-05,600036,13:31:03,39.6600,704,1
2026-02-05,600036,13:31:06,39.6600,1178,1
2026-02-05,600036,13:31:09,39.6400,311,2
2026-02-05,600036,13:31:12,39.6600,272,1
2026-02-05,600036,13:31:15,39.6600,426,2
2026-02-05,600036,13:31:18,39.6500,73,2
2026-02-05,600036,13:31:21,39.6700,397,1
2026-02-05,600036,13:31:24,39.6700,285,1
2026-02-05,600036,13:31:27,39.6500,63,2
2026-02-05,600036,13:31:30,39.6600,329,1
2026-02-05,600036,13:31:33,39.6600,1031,2
2026-02-05,600036,13:31:36,39.6700,783,1
2026-02-05,600036,13:31:39,39.6700,351,2
2026-02-05,600036,13:31:42,39.6700,519,2
2026-02-05,600036,13:31:45,39.6800,62,1
2026-02-05,600036,13:31:48,39.6700,159,2
2026-02-05,600036,13:31:51,39.6700,361,1
2026-02-05,600036,13:31:54,39.6600,284,2
2026-02-05,600036,13:31:57,39.6600,310,2
2026-02-05,600036,13:32:00,39.6600,103,2
2026-02-05,600036,13:32:03,39.6300,777,2
2026-02-05,600036,13:32:06,39.6400,964,1
2026-02-05,600036,13:32:09,39.6400,228,2
2026-02-05,600036,13:32:12,39.6500,399,1
2026-02-05,600036,13:32:15,39.6400,370,2
2026-02-05,600036,13:32:18,39.6600,492,1
2026-02-05,600036,13:32:21,39.6500,113,2
2026-02-05,600036,13:32:24,39.6500,329,1
2026-02-05,600036,13:32:27,39.6500,401,2
2026-02-05,600036,13:32:30,39.6500,230,2
2026-02-05,600036,13:32:33,39.6600,224,1
2026-02-05,600036,13:32:36,39.6600,617,2
2026-02-05,600036,13:32:39,39.6500,466,2
2026-02-05,600036,13:32:42,39.6600,329,4
2026-02-05,600036,13:32:45,39.6600,741,1
2026-02-05,600036,13:32:48,39.6600,147,2
2026-02-05,600036,13:32:51,39.6600,179,1
2026-02-05,600036,13:32:54,39.6600,224,1
2026-02-05,600036,13:32:57,39.6600,164,2
2026-02-05,600036,13:33:00,39.6600,809,2
2026-02-05,600036,13:33:03,39.6600,220,1
2026-02-05,600036,13:33:06,39.6600,2883,1
2026-02-05,600036,13:33:09,39.6700,535,1
2026-02-05,600036,13:33:12,39.6800,105,1
2026-02-05,600036,13:33:15,39.6800,209,1
2026-02-05,600036,13:33:18,39.6800,826,1
2026-02-05,600036,13:33:21,39.6800,200,1
2026-02-05,600036,13:33:24,39.6800,43,1
2026-02-05,600036,13:33:27,39.6800,565,1
2026-02-05,600036,13:33:30,39.6800,2111,1
2026-02-05,600036,13:33:33,39.6800,460,1
2026-02-05,600036,13:33:36,39.6800,538,1
2026-02-05,600036,13:33:39,39.7000,2625,1
2026-02-05,600036,13:33:42,39.7000,520,1
2026-02-05,600036,13:33:45,39.7000,720,1
2026-02-05,600036,13:33:48,39.6900,620,2
2026-02-05,600036,13:33:51,39.7000,396,1
2026-02-05,600036,13:33:54,39.6900,43,2
2026-02-05,600036,13:33:57,39.7000,2010,1
2026-02-05,600036,13:34:00,39.7000,280,1
2026-02-05,600036,13:34:03,39.7000,275,1
2026-02-05,600036,13:34:06,39.7000,815,1
2026-02-05,600036,13:34:09,39.7200,730,1
2026-02-05,600036,13:34:12,39.7100,385,2
2026-02-05,600036,13:34:15,39.7000,204,2
2026-02-05,600036,13:34:18,39.7100,240,4
2026-02-05,600036,13:34:21,39.7100,129,1
2026-02-05,600036,13:34:24,39.7100,102,1
2026-02-05,600036,13:34:27,39.7100,82,1
2026-02-05,600036,13:34:30,39.7100,308,1
2026-02-05,600036,13:34:33,39.7200,757,1
2026-02-05,600036,13:34:36,39.7200,248,2
2026-02-05,600036,13:34:39,39.7300,364,1
2026-02-05,600036,13:34:42,39.7300,256,2
2026-02-05,600036,13:34:45,39.7300,333,1
2026-02-05,600036,13:34:48,39.7300,424,1
2026-02-05,600036,13:34:51,39.7300,515,1
2026-02-05,600036,13:34:54,39.7300,87,1
2026-02-05,600036,13:34:57,39.7300,215,2
2026-02-05,600036,13:35:00,39.7300,323,2
2026-02-05,600036,13:35:03,39.7400,436,1
2026-02-05,600036,13:35:06,39.7300,159,2
2026-02-05,600036,13:35:09,39.7400,315,1
2026-02-05,600036,13:35:12,39.7400,336,1
2026-02-05,600036,13:35:15,39.7400,318,1
2026-02-05,600036,13:35:18,39.7400,2301,2
2026-02-05,600036,13:35:21,39.7500,632,1
2026-02-05,600036,13:35:24,39.7700,649,1
2026-02-05,600036,13:35:27,39.7500,944,2
2026-02-05,600036,13:35:30,39.7500,350,1
2026-02-05,600036,13:35:33,39.7500,413,1
2026-02-05,600036,13:35:36,39.7500,366,1
2026-02-05,600036,13:35:39,39.7600,520,1
2026-02-05,600036,13:35:42,39.7600,354,2
2026-02-05,600036,13:35:45,39.7500,264,2
2026-02-05,600036,13:35:48,39.7500,677,2
2026-02-05,600036,13:35:51,39.7500,583,2
2026-02-05,600036,13:35:54,39.7600,449,1
2026-02-05,600036,13:35:57,39.7600,271,2
2026-02-05,600036,13:36:00,39.7600,233,2
2026-02-05,600036,13:36:03,39.7500,122,2
2026-02-05,600036,13:36:06,39.7600,339,1
2026-02-05,600036,13:36:09,39.7700,49,1
2026-02-05,600036,13:36:12,39.7700,437,1
2026-02-05,600036,13:36:15,39.7600,462,2
2026-02-05,600036,13:36:18,39.7600,638,2
2026-02-05,600036,13:36:21,39.7700,385,1
2026-02-05,600036,13:36:24,39.7600,141,2
2026-02-05,600036,13:36:27,39.7600,956,1
2026-02-05,600036,13:36:30,39.7700,610,1
2026-02-05,600036,13:36:33,39.7700,160,1
2026-02-05,600036,13:36:36,39.7600,206,2
2026-02-05,600036,13:36:39,39.7600,89,2
2026-02-05,600036,13:36:42,39.7700,1127,1
2026-02-05,600036,13:36:45,39.7700,1211,1
2026-02-05,600036,13:36:48,39.7900,803,1
2026-02-05,600036,13:36:51,39.7900,571,1
2026-02-05,600036,13:36:54,39.7800,154,2
2026-02-05,600036,13:36:57,39.7800,306,2
2026-02-05,600036,13:37:00,39.7900,1381,1
2026-02-05,600036,13:37:03,39.8000,2877,1
2026-02-05,600036,13:37:06,39.8000,1423,1
2026-02-05,600036,13:37:09,39.8100,4735,1
2026-02-05,600036,13:37:12,39.8100,1663,1
2026-02-05,600036,13:37:15,39.8200,563,1
2026-02-05,600036,13:37:18,39.8300,368,4
2026-02-05,600036,13:37:21,39.8300,229,2
2026-02-05,600036,13:37:24,39.8300,557,2
2026-02-05,600036,13:37:27,39.8400,1693,1
2026-02-05,600036,13:37:30,39.8500,630,1
2026-02-05,600036,13:37:33,39.8300,853,2
2026-02-05,600036,13:37:36,39.8500,1334,1
2026-02-05,600036,13:37:39,39.8500,376,1
2026-02-05,600036,13:37:42,39.8500,152,1
2026-02-05,600036,13:37:45,39.8500,628,1
2026-02-05,600036,13:37:48,39.8400,330,4
2026-02-05,600036,13:37:51,39.8500,413,1
2026-02-05,600036,13:37:54,39.8400,176,2
2026-02-05,600036,13:37:57,39.8500,282,1
2026-02-05,600036,13:38:00,39.8500,427,1
2026-02-05,600036,13:38:03,39.8500,575,1
2026-02-05,600036,13:38:06,39.8200,676,2
2026-02-05,600036,13:38:09,39.8300,690,1
2026-02-05,600036,13:38:12,39.8200,261,2
2026-02-05,600036,13:38:15,39.8200,128,2
2026-02-05,600036,13:38:18,39.8200,1457,2
2026-02-05,600036,13:38:21,39.8100,510,2
2026-02-05,600036,13:38:24,39.8100,583,1
2026-02-05,600036,13:38:27,39.8100,1292,2
2026-02-05,600036,13:38:30,39.8000,434,2
2026-02-05,600036,13:38:33,39.8000,344,2
2026-02-05,600036,13:38:36,39.7900,1849,2
2026-02-05,600036,13:38:39,39.8000,404,1
2026-02-05,600036,13:38:42,39.8000,398,1
2026-02-05,600036,13:38:45,39.7900,231,2
2026-02-05,600036,13:38:48,39.7900,778,2
2026-02-05,600036,13:38:51,39.7800,1252,2
2026-02-05,600036,13:38:54,39.7900,356,1
2026-02-05,600036,13:38:57,39.8100,1315,1
2026-02-05,600036,13:39:00,39.8100,667,1
2026-02-05,600036,13:39:03,39.8100,373,2
2026-02-05,600036,13:39:06,39.8000,605,2
2026-02-05,600036,13:39:09,39.8000,699,1
2026-02-05,600036,13:39:12,39.8000,464,2
2026-02-05,600036,13:39:15,39.8000,454,2
2026-02-05,600036,13:39:18,39.8000,394,2
2026-02-05,600036,13:39:21,39.7900,378,2
2026-02-05,600036,13:39:24,39.7900,113,2
2026-02-05,600036,13:39:27,39.7900,260,2
2026-02-05,600036,13:39:30,39.7900,402,2
2026-02-05,600036,13:39:33,39.7800,1015,2
2026-02-05,600036,13:39:36,39.7900,324,1
2026-02-05,600036,13:39:39,39.7900,251,1
2026-02-05,600036,13:39:42,39.8000,390,1
2026-02-05,600036,13:39:45,39.7900,272,2
2026-02-05,600036,13:39:48,39.8000,339,4
2026-02-05,600036,13:39:51,39.8000,352,2
2026-02-05,600036,13:39:54,39.8000,1352,2
2026-02-05,600036,13:39:57,39.8000,320,1
2026-02-05,600036,13:40:00,39.8200,320,1
2026-02-05,600036,13:40:03,39.8300,304,1
2026-02-05,600036,13:40:06,39.8300,172,1
2026-02-05,600036,13:40:09,39.8200,431,2
2026-02-05,600036,13:40:12,39.8300,146,1
2026-02-05,600036,13:40:15,39.8300,639,2
2026-02-05,600036,13:40:18,39.8300,219,2
2026-02-05,600036,13:40:21,39.8300,153,1
2026-02-05,600036,13:40:24,39.8300,496,2
2026-02-05,600036,13:40:27,39.8400,409,1
2026-02-05,600036,13:40:30,39.8300,371,2
2026-02-05,600036,13:40:33,39.8400,531,1
2026-02-05,600036,13:40:36,39.8400,689,1
2026-02-05,600036,13:40:39,39.8400,613,2
2026-02-05,600036,13:40:42,39.8500,1590,1
2026-02-05,600036,13:40:45,39.8500,573,2
2026-02-05,600036,13:40:48,39.8600,252,1
2026-02-05,600036,13:40:51,39.8600,1604,1
2026-02-05,600036,13:40:54,39.8700,1223,1
2026-02-05,600036,13:40:57,39.8600,345,2
2026-02-05,600036,13:41:00,39.8700,3024,1
2026-02-05,600036,13:41:03,39.8700,725,2
2026-02-05,600036,13:41:06,39.8700,528,2
2026-02-05,600036,13:41:09,39.8700,152,1
2026-02-05,600036,13:41:12,39.8700,382,1
2026-02-05,600036,13:41:15,39.8700,401,2
2026-02-05,600036,13:41:18,39.8800,1215,1
2026-02-05,600036,13:41:21,39.8700,2190,2
2026-02-05,600036,13:41:24,39.8800,699,1
2026-02-05,600036,13:41:27,39.8800,792,4
2026-02-05,600036,13:41:30,39.8800,698,4
2026-02-05,600036,13:41:33,39.8700,325,2
2026-02-05,600036,13:41:36,39.8800,602,1
2026-02-05,600036,13:41:39,39.8800,288,1
2026-02-05,600036,13:41:42,39.8700,259,2
2026-02-05,600036,13:41:45,39.8800,298,1
2026-02-05,600036,13:41:48,39.8800,264,2
2026-02-05,600036,13:41:51,39.8800,489,1
2026-02-05,600036,13:41:54,39.8700,287,2
2026-02-05,600036,13:41:57,39.8800,1147,1
2026-02-05,600036,13:42:00,39.8800,636,1
2026-02-05,600036,13:42:03,39.8900,1687,1
2026-02-05,600036,13:42:06,39.8900,1110,1
2026-02-05,600036,13:42:09,39.8900,832,1
2026-02-05,600036,13:42:12,39.9000,275,1
2026-02-05,600036,13:42:15,39.8900,707,2
2026-02-05,600036,13:42:18,39.8900,253,2
2026-02-05,600036,13:42:21,39.8900,1280,2
2026-02-05,600036,13:42:24,39.8900,356,2
2026-02-05,600036,13:42:27,39.9000,1165,1
2026-02-05,600036,13:42:30,39.8900,1284,2
2026-02-05,600036,13:42:33,39.9000,290,1
2026-02-05,600036,13:42:36,39.9000,220,1
2026-02-05,600036,13:42:39,39.9000,1050,2
2026-02-05,600036,13:42:42,39.9100,329,1
2026-02-05,600036,13:42:45,39.9000,367,2
2026-02-05,600036,13:42:48,39.9100,244,1
2026-02-05,600036,13:42:51,39.9000,2792,2
2026-02-05,600036,13:42:54,39.8800,428,2
2026-02-05,600036,13:42:57,39.8800,732,1
2026-02-05,600036,13:43:00,39.8700,145,4
2026-02-05,600036,13:43:03,39.8900,801,1
2026-02-05,600036,13:43:06,39.8900,174,1
2026-02-05,600036,13:43:09,39.8700,234,2
2026-02-05,600036,13:43:12,39.8700,245,2
2026-02-05,600036,13:43:15,39.8500,711,2
2026-02-05,600036,13:43:18,39.8600,433,1
2026-02-05,600036,13:43:21,39.8500,64,2
2026-02-05,600036,13:43:24,39.8500,186,2
2026-02-05,600036,13:43:27,39.8300,456,2
2026-02-05,600036,13:43:30,39.8300,950,2
2026-02-05,600036,13:43:33,39.8400,602,1
2026-02-05,600036,13:43:36,39.8400,212,1
2026-02-05,600036,13:43:39,39.8500,631,1
2026-02-05,600036,13:43:42,39.8500,177,2
2026-02-05,600036,13:43:45,39.8500,247,2
2026-02-05,600036,13:43:48,39.8500,194,2
2026-02-05,600036,13:43:51,39.8500,278,2
2026-02-05,600036,13:43:54,39.8600,1387,1
2026-02-05,600036,13:43:57,39.8600,273,2
2026-02-05,600036,13:44:00,39.8600,802,2
2026-02-05,600036,13:44:03,39.8600,347,2
2026-02-05,600036,13:44:06,39.8600,281,2
2026-02-05,600036,13:44:09,39.8700,130,1
2026-02-05,600036,13:44:12,39.8600,173,2
2026-02-05,600036,13:44:15,39.8600,83,1
2026-02-05,600036,13:44:18,39.8600,86,1
2026-02-05,600036,13:44:21,39.8600,68,1
2026-02-05,600036,13:44:24,39.8700,3951,1
2026-02-05,600036,13:44:27,39.8900,124,1
2026-02-05,600036,13:44:30,39.8700,1103,2
2026-02-05,600036,13:44:33,39.8900,43,1
2026-02-05,600036,13:44:36,39.8800,45,4
2026-02-05,600036,13:44:39,39.8800,38,1
2026-02-05,600036,13:44:42,39.8900,288,1
2026-02-05,600036,13:44:45,39.8800,68,1
2026-02-05,600036,13:44:48,39.8800,402,2
2026-02-05,600036,13:44:51,39.8800,133,1
2026-02-05,600036,13:44:54,39.8700,262,2
2026-02-05,600036,13:44:57,39.8700,69,2
2026-02-05,600036,13:45:00,39.8700,142,2
2026-02-05,600036,13:45:03,39.8700,145,2
2026-02-05,600036,13:45:06,39.8700,94,2
2026-02-05,600036,13:45:09,39.8800,191,1
2026-02-05,600036,13:45:12,39.8700,298,2
2026-02-05,600036,13:45:15,39.8800,332,1
2026-02-05,600036,13:45:18,39.8700,124,4
2026-02-05,600036,13:45:21,39.8600,121,2
2026-02-05,600036,13:45:24,39.8600,325,2
2026-02-05,600036,13:45:27,39.8600,286,2
2026-02-05,600036,13:45:30,39.8600,33,1
2026-02-05,600036,13:45:33,39.8400,777,2
2026-02-05,600036,13:45:36,39.8400,234,2
2026-02-05,600036,13:45:39,39.8400,234,2
2026-02-05,600036,13:45:42,39.8400,186,2
2026-02-05,600036,13:45:45,39.8500,977,1
2026-02-05,600036,13:45:48,39.8500,204,2
2026-02-05,600036,13:45:51,39.8500,563,2
2026-02-05,600036,13:45:54,39.8300,149,2
2026-02-05,600036,13:45:57,39.8400,450,1
2026-02-05,600036,13:46:00,39.8300,52,1
2026-02-05,600036,13:46:03,39.8300,185,2
2026-02-05,600036,13:46:06,39.8400,781,1
2026-02-05,600036,13:46:09,39.8500,114,1
2026-02-05,600036,13:46:12,39.8500,242,1
2026-02-05,600036,13:46:15,39.8500,677,2
2026-02-05,600036,13:46:18,39.8500,549,2
2026-02-05,600036,13:46:21,39.8400,39,2
2026-02-05,600036,13:46:24,39.8400,72,2
2026-02-05,600036,13:46:27,39.8400,195,2
2026-02-05,600036,13:46:30,39.8500,819,1
2026-02-05,600036,13:46:33,39.8400,234,1
2026-02-05,600036,13:46:36,39.8400,170,1
2026-02-05,600036,13:46:39,39.8500,116,1
2026-02-05,600036,13:46:42,39.8400,481,2
2026-02-05,600036,13:46:45,39.8400,115,1
2026-02-05,600036,13:46:48,39.8400,277,1
2026-02-05,600036,13:46:51,39.8400,241,1
2026-02-05,600036,13:46:54,39.8400,79,1
2026-02-05,600036,13:46:57,39.8500,801,1
2026-02-05,600036,13:47:00,39.8700,1692,1
2026-02-05,600036,13:47:03,39.8800,1493,1
2026-02-05,600036,13:47:06,39.8900,2637,1
2026-02-05,600036,13:47:09,39.9000,647,1
2026-02-05,600036,13:47:12,39.9000,1050,1
2026-02-05,600036,13:47:15,39.8900,588,2
2026-02-05,600036,13:47:18,39.8800,167,2
2026-02-05,600036,13:47:21,39.8700,60,2
2026-02-05,600036,13:47:24,39.8700,45,2
2026-02-05,600036,13:47:27,39.8800,681,1
2026-02-05,600036,13:47:30,39.8700,36,4
2026-02-05,600036,13:47:33,39.8600,239,2
2026-02-05,600036,13:47:36,39.8600,229,1
2026-02-05,600036,13:47:39,39.8500,86,2
2026-02-05,600036,13:47:42,39.8700,121,1
2026-02-05,600036,13:47:45,39.8600,111,4
2026-02-05,600036,13:47:48,39.8600,388,1
2026-02-05,600036,13:47:51,39.8600,175,2
2026-02-05,600036,13:47:54,39.8600,57,2
2026-02-05,600036,13:47:57,39.8600,349,2
2026-02-05,600036,13:48:00,39.8600,107,4
2026-02-05,600036,13:48:03,39.8600,129,1
2026-02-05,600036,13:48:06,39.8500,102,4
2026-02-05,600036,13:48:09,39.8400,48,2
2026-02-05,600036,13:48:12,39.8500,19,1
2026-02-05,600036,13:48:15,39.8400,345,2
2026-02-05,600036,13:48:18,39.8400,57,2
2026-02-05,600036,13:48:21,39.8400,42,2
2026-02-05,600036,13:48:24,39.8400,112,2
2026-02-05,600036,13:48:27,39.8400,148,2
2026-02-05,600036,13:48:30,39.8500,2158,1
2026-02-05,600036,13:48:33,39.8500,105,2
2026-02-05,600036,13:48:36,39.8500,29,2
2026-02-05,600036,13:48:39,39.8500,123,2
2026-02-05,600036,13:48:42,39.8500,73,2
2026-02-05,600036,13:48:45,39.8600,235,1
2026-02-05,600036,13:48:48,39.8500,113,2
2026-02-05,600036,13:48:51,39.8500,39,2
2026-02-05,600036,13:48:54,39.8500,1251,2
2026-02-05,600036,13:48:57,39.8400,15,2
2026-02-05,600036,13:49:00,39.8500,18,1
2026-02-05,600036,13:49:03,39.8500,338,1
2026-02-05,600036,13:49:06,39.8500,590,2
2026-02-05,600036,13:49:09,39.8500,74,2
2026-02-05,600036,13:49:12,39.8500,133,2
2026-02-05,600036,13:49:15,39.8500,124,2
2026-02-05,600036,13:49:18,39.8600,354,1
2026-02-05,600036,13:49:21,39.8400,74,2
2026-02-05,600036,13:49:24,39.8400,309,2
2026-02-05,600036,13:49:27,39.8400,51,2
2026-02-05,600036,13:49:30,39.8500,83,1
2026-02-05,600036,13:49:33,39.8500,60,2
2026-02-05,600036,13:49:36,39.8300,1257,2
2026-02-05,600036,13:49:39,39.8300,364,2
2026-02-05,600036,13:49:42,39.8100,177,2
2026-02-05,600036,13:49:45,39.8100,150,2
2026-02-05,600036,13:49:48,39.8100,119,2
2026-02-05,600036,13:49:51,39.8100,92,2
2026-02-05,600036,13:49:54,39.8100,257,2
2026-02-05,600036,13:49:57,39.8100,117,2
2026-02-05,600036,13:50:00,39.8100,254,2
2026-02-05,600036,13:50:03,39.8000,573,2
2026-02-05,600036,13:50:06,39.7900,85,2
2026-02-05,600036,13:50:09,39.7900,199,2
2026-02-05,600036,13:50:12,39.7900,61,1
2026-02-05,600036,13:50:15,39.7800,247,2
2026-02-05,600036,13:50:18,39.7700,31,2
2026-02-05,600036,13:50:21,39.7700,122,2
2026-02-05,600036,13:50:24,39.7600,125,2
2026-02-05,600036,13:50:27,39.7600,278,2
2026-02-05,600036,13:50:30,39.7600,67,1
2026-02-05,600036,13:50:33,39.7500,131,2
2026-02-05,600036,13:50:36,39.7600,248,1
2026-02-05,600036,13:50:39,39.7500,593,2
2026-02-05,600036,13:50:42,39.7500,37,1
2026-02-05,600036,13:50:45,39.7500,441,1
2026-02-05,600036,13:50:48,39.7500,2691,1
2026-02-05,600036,13:50:51,39.7500,172,2
2026-02-05,600036,13:50:54,39.7500,134,2
2026-02-05,600036,13:50:57,39.7600,154,1
2026-02-05,600036,13:51:00,39.7700,121,1
2026-02-05,600036,13:51:03,39.7600,114,2
2026-02-05,600036,13:51:06,39.7600,253,1
2026-02-05,600036,13:51:09,39.7500,252,2
2026-02-05,600036,13:51:12,39.7600,797,1
2026-02-05,600036,13:51:15,39.7600,77,2
2026-02-05,600036,13:51:18,39.7600,115,2
2026-02-05,600036,13:51:21,39.7600,163,2
2026-02-05,600036,13:51:24,39.7600,220,2
2026-02-05,600036,13:51:27,39.7700,26,1
2026-02-05,600036,13:51:30,39.7600,158,2
2026-02-05,600036,13:51:33,39.7600,86,2
2026-02-05,600036,13:51:36,39.7600,321,2
2026-02-05,600036,13:51:39,39.7600,455,2
2026-02-05,600036,13:51:42,39.7600,43,1
2026-02-05,600036,13:51:45,39.7500,92,2
2026-02-05,600036,13:51:48,39.7600,113,1
2026-02-05,600036,13:51:51,39.7500,58,2
2026-02-05,600036,13:51:54,39.7400,171,2
2026-02-05,600036,13:51:57,39.7400,330,2
2026-02-05,600036,13:52:00,39.7400,64,1
2026-02-05,600036,13:52:03,39.7400,88,2
2026-02-05,600036,13:52:06,39.7500,122,1
2026-02-05,600036,13:52:09,39.7500,514,1
2026-02-05,600036,13:52:12,39.7500,210,2
2026-02-05,600036,13:52:15,39.7600,298,1
2026-02-05,600036,13:52:18,39.7500,99,2
2026-02-05,600036,13:52:21,39.7500,68,2
2026-02-05,600036,13:52:24,39.7500,260,2
2026-02-05,600036,13:52:27,39.7600,156,1
2026-02-05,600036,13:52:30,39.7600,256,1
2026-02-05,600036,13:52:33,39.7600,102,1
2026-02-05,600036,13:52:36,39.7700,247,1
2026-02-05,600036,13:52:39,39.7600,10,2
2026-02-05,600036,13:52:42,39.7800,1497,1
2026-02-05,600036,13:52:45,39.7700,100,2
2026-02-05,600036,13:52:48,39.7700,51,2
2026-02-05,600036,13:52:51,39.7800,460,1
2026-02-05,600036,13:52:54,39.7700,128,2
2026-02-05,600036,13:52:57,39.7700,174,2
2026-02-05,600036,13:53:00,39.7800,403,2
2026-02-05,600036,13:53:03,39.8000,759,1
2026-02-05,600036,13:53:06,39.8100,297,1
2026-02-05,600036,13:53:09,39.8100,641,1
2026-02-05,600036,13:53:12,39.8100,234,2
2026-02-05,600036,13:53:15,39.8100,81,2
2026-02-05,600036,13:53:18,39.8100,550,1
2026-02-05,600036,13:53:21,39.8100,202,1
2026-02-05,600036,13:53:24,39.8100,117,1
2026-02-05,600036,13:53:27,39.8100,65,2
2026-02-05,600036,13:53:30,39.8100,96,2
2026-02-05,600036,13:53:33,39.8200,126,1
2026-02-05,600036,13:53:36,39.8100,246,2
2026-02-05,600036,13:53:39,39.8100,265,2
2026-02-05,600036,13:53:42,39.8100,45,2
2026-02-05,600036,13:53:45,39.8100,58,1
2026-02-05,600036,13:53:48,39.8100,94,1
2026-02-05,600036,13:53:51,39.8200,241,1
2026-02-05,600036,13:53:54,39.8100,31,4
2026-02-05,600036,13:53:57,39.8100,59,2
2026-02-05,600036,13:54:00,39.8100,241,2
2026-02-05,600036,13:54:03,39.8100,34,1
2026-02-05,600036,13:54:06,39.8000,200,2
2026-02-05,600036,13:54:09,39.8100,17,1
2026-02-05,600036,13:54:12,39.8000,67,2
2026-02-05,600036,13:54:15,39.8000,43,2
2026-02-05,600036,13:54:18,39.8000,132,2
2026-02-05,600036,13:54:21,39.8100,245,1
2026-02-05,600036,13:54:24,39.8200,603,1
2026-02-05,600036,13:54:27,39.8100,242,2
2026-02-05,600036,13:54:30,39.8200,191,1
2026-02-05,600036,13:54:33,39.8100,158,2
2026-02-05,600036,13:54:36,39.8100,76,2
2026-02-05,600036,13:54:39,39.8100,377,2
2026-02-05,600036,13:54:42,39.8100,184,2
2026-02-05,600036,13:54:45,39.8100,157,2
2026-02-05,600036,13:54:48,39.8000,468,2
2026-02-05,600036,13:54:51,39.7800,124,2
2026-02-05,600036,13:54:54,39.7800,48,2
2026-02-05,600036,13:54:57,39.7800,15,2
2026-02-05,600036,13:55:00,39.7700,27,2
2026-02-05,600036,13:55:03,39.7700,121,2
2026-02-05,600036,13:55:06,39.7700,14,2
2026-02-05,600036,13:55:09,39.7700,62,2
2026-02-05,600036,13:55:12,39.7700,99,2
2026-02-05,600036,13:55:15,39.7700,9,1
2026-02-05,600036,13:55:18,39.7600,28,2
2026-02-05,600036,13:55:21,39.7600,68,2
2026-02-05,600036,13:55:24,39.7500,22,2
2026-02-05,600036,13:55:27,39.7600,136,1
2026-02-05,600036,13:55:30,39.7700,1209,1
2026-02-05,600036,13:55:33,39.7700,310,1
2026-02-05,600036,13:55:36,39.7700,180,2
2026-02-05,600036,13:55:39,39.7700,179,2
2026-02-05,600036,13:55:42,39.7700,123,2
2026-02-05,600036,13:55:45,39.7800,37,4
2026-02-05,600036,13:55:48,39.7700,52,2
2026-02-05,600036,13:55:51,39.7700,152,2
2026-02-05,600036,13:55:54,39.7700,57,2
2026-02-05,600036,13:55:57,39.7700,114,2
2026-02-05,600036,13:56:00,39.7700,91,2
2026-02-05,600036,13:56:03,39.7700,52,2
2026-02-05,600036,13:56:06,39.7700,103,2
2026-02-05,600036,13:56:09,39.7700,19,2
2026-02-05,600036,13:56:12,39.7800,36,1
2026-02-05,600036,13:56:15,39.7700,299,2
2026-02-05,600036,13:56:18,39.7800,182,1
2026-02-05,600036,13:56:21,39.7800,68,2
2026-02-05,600036,13:56:24,39.7800,26,4
2026-02-05,600036,13:56:27,39.7800,76,1
2026-02-05,600036,13:56:30,39.7800,95,2
2026-02-05,600036,13:56:33,39.7900,79,1
2026-02-05,600036,13:56:36,39.7900,59,1
2026-02-05,600036,13:56:39,39.7800,89,2
2026-02-05,600036,13:56:42,39.7800,27,2
2026-02-05,600036,13:56:45,39.7800,4,2
2026-02-05,600036,13:56:48,39.7800,56,2
2026-02-05,600036,13:56:51,39.7800,111,2
2026-02-05,600036,13:56:54,39.7900,76,1
2026-02-05,600036,13:56:57,39.7900,147,1
2026-02-05,600036,13:57:00,39.7900,42,1
2026-02-05,600036,13:57:03,39.7900,41,1
2026-02-05,600036,13:57:06,39.7800,28,2
2026-02-05,600036,13:57:09,39.7900,31,1
2026-02-05,600036,13:57:12,39.7800,167,2
2026-02-05,600036,13:57:15,39.7800,94,2
2026-02-05,600036,13:57:18,39.7800,52,2
2026-02-05,600036,13:57:21,39.7800,86,2
2026-02-05,600036,13:57:24,39.7800,29,2
2026-02-05,600036,13:57:27,39.7800,154,2
2026-02-05,600036,13:57:30,39.7800,46,2
2026-02-05,600036,13:57:33,39.7800,89,1
2026-02-05,600036,13:57:36,39.7800,15,1
2026-02-05,600036,13:57:39,39.7700,170,2
2026-02-05,600036,13:57:42,39.7800,59,2
2026-02-05,600036,13:57:45,39.7800,51,2
2026-02-05,600036,13:57:48,39.7800,37,2
2026-02-05,600036,13:57:51,39.7700,122,2
2026-02-05,600036,13:57:54,39.7800,60,1
2026-02-05,600036,13:57:57,39.7700,48,2
2026-02-05,600036,13:58:00,39.7800,44,1
2026-02-05,600036,13:58:03,39.7800,38,1
2026-02-05,600036,13:58:06,39.7800,52,1
2026-02-05,600036,13:58:09,39.7700,193,2
2026-02-05,600036,13:58:12,39.7700,71,2
2026-02-05,600036,13:58:15,39.7800,42,1
2026-02-05,600036,13:58:18,39.7700,21,2
2026-02-05,600036,13:58:21,39.7800,52,1
2026-02-05,600036,13:58:24,39.7800,137,1
2026-02-05,600036,13:58:27,39.7700,227,2
2026-02-05,600036,13:58:30,39.7800,264,1
2026-02-05,600036,13:58:33,39.7700,87,2
2026-02-05,600036,13:58:36,39.7700,37,2
2026-02-05,600036,13:58:39,39.7700,96,2
2026-02-05,600036,13:58:42,39.7700,253,2
2026-02-05,600036,13:58:45,39.7600,43,2
2026-02-05,600036,13:58:48,39.7700,53,1
2026-02-05,600036,13:58:51,39.7600,147,2
2026-02-05,600036,13:58:54,39.7600,96,2
2026-02-05,600036,13:58:57,39.7600,45,2
2026-02-05,600036,13:59:00,39.7700,2969,1
2026-02-05,600036,13:59:03,39.7700,359,1
2026-02-05,600036,13:59:06,39.7800,579,4
2026-02-05,600036,13:59:09,39.7900,60,1
2026-02-05,600036,13:59:12,39.7800,114,2
2026-02-05,600036,13:59:15,39.7900,411,1
2026-02-05,600036,13:59:18,39.8000,127,1
2026-02-05,600036,13:59:21,39.7900,470,2
2026-02-05,600036,13:59:24,39.8000,32,1
2026-02-05,600036,13:59:27,39.7900,170,2
2026-02-05,600036,13:59:30,39.7900,79,2
2026-02-05,600036,13:59:33,39.8000,215,1
2026-02-05,600036,13:59:36,39.7900,34,2
2026-02-05,600036,13:59:39,39.8000,57,1
2026-02-05,600036,13:59:42,39.8000,60,1
2026-02-05,600036,13:59:45,39.8000,481,1
2026-02-05,600036,13:59:48,39.8000,118,2
2026-02-05,600036,13:59:51,39.8100,195,1
2026-02-05,600036,13:59:54,39.8100,37,1
2026-02-05,600036,13:59:57,39.8000,26,2
2026-02-05,600036,14:00:00,39.8000,119,2
2026-02-05,600036,14:00:03,39.8100,394,1
2026-02-05,600036,14:00:06,39.8000,161,2
2026-02-05,600036,14:00:09,39.8000,227,2
2026-02-05,600036,14:00:12,39.8000,71,2
2026-02-05,600036,14:00:15,39.8000,463,2
2026-02-05,600036,14:00:18,39.8000,256,2
2026-02-05,600036,14:00:21,39.8000,150,2
2026-02-05,600036,14:00:24,39.8000,341,2
2026-02-05,600036,14:00:27,39.8000,41,1
2026-02-05,600036,14:00:30,39.7900,24,2
2026-02-05,600036,14:00:33,39.7900,225,2
2026-02-05,600036,14:00:36,39.8000,85,1
2026-02-05,600036,14:00:39,39.7800,150,2
2026-02-05,600036,14:00:42,39.7800,146,2
2026-02-05,600036,14:00:45,39.7900,10,1
2026-02-05,600036,14:00:48,39.7800,173,2
2026-02-05,600036,14:00:51,39.7800,57,2
2026-02-05,600036,14:00:54,39.7800,635,1
2026-02-05,600036,14:00:57,39.7700,111,2
2026-02-05,600036,14:01:00,39.7700,219,2
2026-02-05,600036,14:01:03,39.7700,80,2
2026-02-05,600036,14:01:06,39.7800,140,1
2026-02-05,600036,14:01:09,39.7800,33,1
2026-02-05,600036,14:01:12,39.7800,16,1
2026-02-05,600036,14:01:15,39.7700,9,2
2026-02-05,600036,14:01:18,39.7600,304,2
2026-02-05,600036,14:01:21,39.7700,141,1
2026-02-05,600036,14:01:24,39.7600,36,2
2026-02-05,600036,14:01:27,39.7700,146,1
2026-02-05,600036,14:01:30,39.7600,137,2
2026-02-05,600036,14:01:33,39.7600,124,2
2026-02-05,600036,14:01:36,39.7600,116,2
2026-02-05,600036,14:01:39,39.7600,35,1
2026-02-05,600036,14:01:42,39.7600,66,1
2026-02-05,600036,14:01:45,39.7500,36,2
2026-02-05,600036,14:01:48,39.7500,44,2
2026-02-05,600036,14:01:51,39.7500,316,2
2026-02-05,600036,14:01:54,39.7400,687,2
2026-02-05,600036,14:01:57,39.7300,252,2
2026-02-05,600036,14:02:00,39.7300,227,2
2026-02-05,600036,14:02:03,39.7300,167,1
2026-02-05,600036,14:02:06,39.7200,155,2
2026-02-05,600036,14:02:09,39.7200,85,2
2026-02-05,600036,14:02:12,39.7200,528,2
2026-02-05,600036,14:02:15,39.7100,144,2
2026-02-05,600036,14:02:18,39.7100,69,2
2026-02-05,600036,14:02:21,39.7000,706,2
2026-02-05,600036,14:02:24,39.7000,110,2
2026-02-05,600036,14:02:27,39.7300,1073,1
2026-02-05,600036,14:02:30,39.7100,666,2
2026-02-05,600036,14:02:33,39.7100,331,2
2026-02-05,600036,14:02:36,39.7100,120,2
2026-02-05,600036,14:02:39,39.7200,86,4
2026-02-05,600036,14:02:42,39.7200,315,2
2026-02-05,600036,14:02:45,39.7200,48,2
2026-02-05,600036,14:02:48,39.7200,130,2
2026-02-05,600036,14:02:51,39.7200,128,2
2026-02-05,600036,14:02:54,39.7200,35,2
2026-02-05,600036,14:02:57,39.7200,291,2
2026-02-05,600036,14:03:00,39.7200,64,2
2026-02-05,600036,14:03:03,39.7200,117,2
2026-02-05,600036,14:03:06,39.7200,83,2
2026-02-05,600036,14:03:09,39.7200,32,2
2026-02-05,600036,14:03:12,39.7200,41,2
2026-02-05,600036,14:03:15,39.7300,224,1
2026-02-05,600036,14:03:18,39.7200,342,2
2026-02-05,600036,14:03:21,39.7200,161,2
2026-02-05,600036,14:03:24,39.7300,262,4
2026-02-05,600036,14:03:27,39.7400,66,1
2026-02-05,600036,14:03:30,39.7400,70,2
2026-02-05,600036,14:03:33,39.7400,163,2
2026-02-05,600036,14:03:36,39.7400,82,2
2026-02-05,600036,14:03:39,39.7400,211,2
2026-02-05,600036,14:03:42,39.7400,61,2
2026-02-05,600036,14:03:45,39.7300,118,2
2026-02-05,600036,14:03:48,39.7300,16,2
2026-02-05,600036,14:03:51,39.7400,47,1
2026-02-05,600036,14:03:54,39.7300,123,2
2026-02-05,600036,14:03:57,39.7400,36,1
2026-02-05,600036,14:04:00,39.7300,51,2
2026-02-05,600036,14:04:03,39.7300,333,2
2026-02-05,600036,14:04:06,39.7300,59,2
2026-02-05,600036,14:04:09,39.7300,107,2
2026-02-05,600036,14:04:12,39.7400,41,1
2026-02-05,600036,14:04:15,39.7300,16,2
2026-02-05,600036,14:04:18,39.7300,17,2
2026-02-05,600036,14:04:21,39.7400,70,1
2026-02-05,600036,14:04:24,39.7300,62,2
2026-02-05,600036,14:04:27,39.7300,113,2
2026-02-05,600036,14:04:30,39.7300,176,2
2026-02-05,600036,14:04:33,39.7200,62,2
2026-02-05,600036,14:04:36,39.7300,11,1
2026-02-05,600036,14:04:39,39.7200,19,2
2026-02-05,600036,14:04:42,39.7300,106,1
2026-02-05,600036,14:04:45,39.7300,25,1
2026-02-05,600036,14:04:48,39.7300,301,1
2026-02-05,600036,14:04:51,39.7200,6,4
2026-02-05,600036,14:04:54,39.7200,50,1
2026-02-05,600036,14:04:57,39.7100,3,2
2026-02-05,600036,14:05:00,39.7200,103,1
2026-02-05,600036,14:05:03,39.7200,483,2
2026-02-05,600036,14:05:06,39.7200,66,1
2026-02-05,600036,14:05:09,39.7200,42,1
2026-02-05,600036,14:05:12,39.7100,294,2
2026-02-05,600036,14:05:15,39.7100,106,2
2026-02-05,600036,14:05:18,39.7200,20,1
2026-02-05,600036,14:05:21,39.7200,104,1
2026-02-05,600036,14:05:24,39.7100,92,2
2026-02-05,600036,14:05:27,39.7000,250,2
2026-02-05,600036,14:05:30,39.7000,54,2
2026-02-05,600036,14:05:33,39.6900,743,2
2026-02-05,600036,14:05:36,39.7000,102,1
2026-02-05,600036,14:05:39,39.7000,309,2
2026-02-05,600036,14:05:42,39.7000,227,2
2026-02-05,600036,14:05:45,39.7000,447,2
2026-02-05,600036,14:05:48,39.7100,100,1
2026-02-05,600036,14:05:51,39.7000,136,2
2026-02-05,600036,14:05:54,39.7100,190,1
2026-02-05,600036,14:05:57,39.7100,253,1
2026-02-05,600036,14:06:00,39.7000,113,2
2026-02-05,600036,14:06:03,39.7000,36,2
2026-02-05,600036,14:06:06,39.7000,166,2
2026-02-05,600036,14:06:09,39.7000,221,2
2026-02-05,600036,14:06:12,39.7000,62,4
2026-02-05,600036,14:06:15,39.7000,50,1
2026-02-05,600036,14:06:18,39.6900,95,2
2026-02-05,600036,14:06:21,39.7000,83,1
2026-02-05,600036,14:06:24,39.7100,817,1
2026-02-05,600036,14:06:27,39.7000,116,2
2026-02-05,600036,14:06:30,39.7000,208,2
2026-02-05,600036,14:06:33,39.7000,84,2
2026-02-05,600036,14:06:36,39.7100,45,1
2026-02-05,600036,14:06:39,39.7100,310,1
2026-02-05,600036,14:06:42,39.7100,260,2
2026-02-05,600036,14:06:45,39.7100,136,2
2026-02-05,600036,14:06:48,39.7100,50,2
2026-02-05,600036,14:06:51,39.7100,36,2
2026-02-05,600036,14:06:54,39.7200,21,1
2026-02-05,600036,14:06:57,39.7100,167,2
2026-02-05,600036,14:07:00,39.7100,42,2
2026-02-05,600036,10:57:03,39.2500,121,2
2026-02-05,600036,10:57:06,39.2600,91,1
2026-02-05,600036,10:57:09,39.2600,187,1
2026-02-05,600036,10:57:12,39.2500,253,2
2026-02-05,600036,10:57:15,39.2600,330,1
2026-02-05,600036,10:57:18,39.2600,121,2
2026-02-05,600036,10:57:21,39.2600,179,2
2026-02-05,600036,10:57:24,39.2700,329,1
2026-02-05,600036,10:57:27,39.2600,22,2
2026-02-05,600036,10:57:30,39.2600,182,2
2026-02-05,600036,10:57:33,39.2600,111,1
2026-02-05,600036,10:57:36,39.2700,538,1
2026-02-05,600036,10:57:39,39.2700,48,2
2026-02-05,600036,10:57:42,39.2700,332,2
2026-02-05,600036,10:57:45,39.2800,92,1
2026-02-05,600036,10:57:48,39.2700,129,2
2026-02-05,600036,10:57:51,39.2700,32,2
2026-02-05,600036,10:57:54,39.2700,193,2
2026-02-05,600036,10:57:57,39.2700,145,1
2026-02-05,600036,10:58:00,39.2700,308,1
2026-02-05,600036,10:58:03,39.2700,95,1
2026-02-05,600036,10:58:06,39.2700,51,2
2026-02-05,600036,10:58:09,39.2900,407,1
2026-02-05,600036,10:58:12,39.2800,12,2
2026-02-05,600036,10:58:15,39.2800,573,2
2026-02-05,600036,10:58:18,39.2900,1026,1
2026-02-05,600036,10:58:21,39.2700,451,2
2026-02-05,600036,10:58:24,39.2900,206,1
2026-02-05,600036,10:58:27,39.2800,241,2
2026-02-05,600036,10:58:30,39.2900,22,1
2026-02-05,600036,10:58:33,39.2700,879,2
2026-02-05,600036,10:58:36,39.2900,129,1
2026-02-05,600036,10:58:39,39.2800,217,2
2026-02-05,600036,10:58:42,39.2800,59,2
2026-02-05,600036,10:58:45,39.2900,138,2
2026-02-05,600036,10:58:48,39.2900,57,2
2026-02-05,600036,10:58:51,39.2900,115,2
2026-02-05,600036,10:58:54,39.3000,43,1
2026-02-05,600036,10:58:57,39.3000,112,1
2026-02-05,600036,10:59:00,39.2900,76,2
2026-02-05,600036,10:59:03,39.3000,26,1
2026-02-05,600036,10:59:06,39.2900,49,2
2026-02-05,600036,10:59:09,39.2900,181,2
2026-02-05,600036,10:59:12,39.2900,188,2
2026-02-05,600036,10:59:15,39.2900,176,2
2026-02-05,600036,10:59:18,39.2500,1144,2
2026-02-05,600036,10:59:21,39.2600,205,1
2026-02-05,600036,10:59:24,39.2700,143,1
2026-02-05,600036,10:59:27,39.2700,155,1
2026-02-05,600036,10:59:30,39.2700,49,1
2026-02-05,600036,10:59:33,39.2700,150,1
2026-02-05,600036,10:59:36,39.2700,101,2
2026-02-05,600036,10:59:39,39.2700,88,1
2026-02-05,600036,10:59:42,39.2700,44,1
2026-02-05,600036,10:59:45,39.2600,95,2
2026-02-05,600036,10:59:48,39.2600,32,2
2026-02-05,600036,10:59:51,39.2600,48,2
2026-02-05,600036,10:59:54,39.2600,214,2
2026-02-05,600036,10:59:57,39.2600,57,2
2026-02-05,600036,11:00:00,39.2600,225,2
2026-02-05,600036,11:00:03,39.2600,170,2
2026-02-05,600036,11:00:06,39.2600,309,2
2026-02-05,600036,11:00:09,39.2700,180,1
2026-02-05,600036,11:00:12,39.2600,64,2
2026-02-05,600036,11:00:15,39.2600,258,2
2026-02-05,600036,11:00:18,39.2500,1146,2
2026-02-05,600036,11:00:21,39.2400,401,2
2026-02-05,600036,11:00:24,39.2400,204,2
2026-02-05,600036,11:00:27,39.2400,305,2
2026-02-05,600036,11:00:30,39.2400,525,2
2026-02-05,600036,11:00:33,39.2400,140,2
2026-02-05,600036,11:00:36,39.2400,191,2
2026-02-05,600036,11:00:39,39.2400,205,1
2026-02-05,600036,11:00:42,39.2400,90,2
2026-02-05,600036,11:00:45,39.2400,99,2
2026-02-05,600036,11:00:48,39.2400,108,1
2026-02-05,600036,11:00:51,39.2400,164,2
2026-02-05,600036,11:00:54,39.2400,54,1
2026-02-05,600036,11:00:57,39.2300,8,2
2026-02-05,600036,11:01:00,39.2400,211,1
2026-02-05,600036,11:01:03,39.2300,167,2
2026-02-05,600036,11:01:06,39.2200,568,2
2026-02-05,600036,11:01:09,39.2200,332,1
2026-02-05,600036,11:01:12,39.2100,224,2
2026-02-05,600036,11:01:15,39.2100,149,2
2026-02-05,600036,11:01:18,39.2100,272,2
2026-02-05,600036,11:01:21,39.2100,355,1
2026-02-05,600036,11:01:24,39.2000,185,2
2026-02-05,600036,11:01:27,39.1900,29,2
2026-02-05,600036,11:01:30,39.1900,1317,2
2026-02-05,600036,11:01:33,39.1900,336,2
2026-02-05,600036,11:01:36,39.1900,245,2
2026-02-05,600036,11:01:39,39.2000,92,1
2026-02-05,600036,11:01:42,39.2000,88,1
2026-02-05,600036,11:01:45,39.2000,147,2
2026-02-05,600036,11:01:48,39.1900,208,2
2026-02-05,600036,11:01:51,39.2000,23,1
2026-02-05,600036,11:01:54,39.2000,48,2
2026-02-05,600036,11:01:57,39.2000,142,2
2026-02-05,600036,11:02:00,39.2100,1,1
2026-02-05,600036,11:02:03,39.2000,128,2
2026-02-05,600036,11:02:06,39.2000,39,1
2026-02-05,600036,11:02:09,39.2000,211,1
2026-02-05,600036,11:02:12,39.2000,34,1
2026-02-05,600036,11:02:15,39.2000,33,2
2026-02-05,600036,11:02:18,39.2000,21,2
2026-02-05,600036,11:02:21,39.2000,24,2
2026-02-05,600036,11:02:24,39.2000,16,2
2026-02-05,600036,11:02:27,39.2000,65,2
2026-02-05,600036,11:02:30,39.2000,82,2
2026-02-05,600036,11:02:33,39.2000,41,2
2026-02-05,600036,11:02:36,39.2100,397,1
2026-02-05,600036,11:02:39,39.2100,501,1
2026-02-05,600036,11:02:42,39.2100,32,2
2026-02-05,600036,11:02:45,39.2100,148,2
2026-02-05,600036,11:02:48,39.2100,30,2
2026-02-05,600036,11:02:51,39.2200,459,1
2026-02-05,600036,11:02:54,39.2200,136,1
2026-02-05,600036,11:02:57,39.2300,106,1
2026-02-05,600036,11:03:00,39.2400,66,1
2026-02-05,600036,11:03:03,39.2400,109,1
2026-02-05,600036,11:03:06,39.2300,163,2
2026-02-05,600036,11:03:09,39.2500,28,1
2026-02-05,600036,11:03:12,39.2400,20,2
2026-02-05,600036,11:03:15,39.2500,28,1
2026-02-05,600036,11:03:18,39.2500,50,1
2026-02-05,600036,11:03:21,39.2400,80,2
2026-02-05,600036,11:03:24,39.2600,173,1
2026-02-05,600036,11:03:27,39.2500,32,2
2026-02-05,600036,11:03:30,39.2600,98,1
2026-02-05,600036,11:03:33,39.2600,60,1
2026-02-05,600036,11:03:36,39.2700,392,1
2026-02-05,600036,11:03:39,39.2700,164,2
2026-02-05,600036,11:03:42,39.2800,89,1
2026-02-05,600036,11:03:45,39.2800,103,1
2026-02-05,600036,11:03:48,39.2800,23,2
2026-02-05,600036,11:03:51,39.2800,406,2
2026-02-05,600036,11:03:54,39.2900,10,1
2026-02-05,600036,11:03:57,39.2900,766,1
2026-02-05,600036,11:04:00,39.2900,237,1
2026-02-05,600036,11:04:03,39.2900,136,1
2026-02-05,600036,11:04:06,39.2900,90,2
2026-02-05,600036,11:04:09,39.3000,187,1
2026-02-05,600036,11:04:12,39.3000,75,1
2026-02-05,600036,11:04:15,39.2900,34,2
2026-02-05,600036,11:04:18,39.2900,15,2
2026-02-05,600036,11:04:21,39.2900,21,2
2026-02-05,600036,11:04:24,39.2900,421,2
2026-02-05,600036,11:04:27,39.3000,114,1
2026-02-05,600036,11:04:30,39.3000,290,1
2026-02-05,600036,11:04:33,39.3000,93,1
2026-02-05,600036,11:04:36,39.3000,51,1
2026-02-05,600036,11:04:39,39.2900,317,2
2026-02-05,600036,11:04:42,39.3000,35,1
2026-02-05,600036,11:04:45,39.3000,29,1
2026-02-05,600036,11:04:48,39.3000,228,1
2026-02-05,600036,11:04:51,39.3000,37,1
2026-02-05,600036,11:04:54,39.3000,70,1
2026-02-05,600036,11:04:57,39.3000,22,1
2026-02-05,600036,11:05:00,39.3000,302,1
2026-02-05,600036,11:05:03,39.3000,110,1
2026-02-05,600036,11:05:06,39.3000,137,1
2026-02-05,600036,11:05:09,39.2900,310,2
2026-02-05,600036,11:05:12,39.3000,174,1
2026-02-05,600036,11:05:15,39.3000,144,1
2026-02-05,600036,11:05:18,39.3000,102,2
2026-02-05,600036,11:05:21,39.3000,126,2
2026-02-05,600036,11:05:24,39.3000,72,2
2026-02-05,600036,11:05:27,39.3000,59,2
2026-02-05,600036,11:05:30,39.3000,43,2
2026-02-05,600036,11:05:33,39.3100,175,1
2026-02-05,600036,11:05:36,39.3000,201,2
2026-02-05,600036,11:05:39,39.3100,66,1
2026-02-05,600036,11:05:42,39.3000,433,2
2026-02-05,600036,11:05:45,39.3000,94,1
2026-02-05,600036,11:05:48,39.3000,68,1
2026-02-05,600036,11:05:51,39.3000,42,1
2026-02-05,600036,11:05:54,39.3000,200,1
2026-02-05,600036,11:05:57,39.3000,43,2
2026-02-05,600036,11:06:00,39.3000,131,1
2026-02-05,600036,11:06:03,39.3000,544,2
2026-02-05,600036,11:06:06,39.3000,613,1
2026-02-05,600036,11:06:09,39.2900,67,2
2026-02-05,600036,11:06:12,39.3000,775,1
2026-02-05,600036,11:06:15,39.3100,540,1
2026-02-05,600036,11:06:18,39.3100,88,1
2026-02-05,600036,11:06:21,39.3100,208,1
2026-02-05,600036,11:06:24,39.3000,59,2
2026-02-05,600036,11:06:27,39.3000,69,1
2026-02-05,600036,11:06:30,39.3000,49,2
2026-02-05,600036,11:06:33,39.3000,22,2
2026-02-05,600036,11:06:36,39.3000,52,2
2026-02-05,600036,11:06:39,39.3000,95,2
2026-02-05,600036,11:06:42,39.3000,165,2
2026-02-05,600036,11:06:45,39.3000,50,1
2026-02-05,600036,11:06:48,39.3000,150,1
2026-02-05,600036,11:06:51,39.3000,24,2
2026-02-05,600036,11:06:54,39.3100,22,1
2026-02-05,600036,11:06:57,39.3000,586,2
2026-02-05,600036,11:07:00,39.3000,273,1
2026-02-05,600036,11:07:03,39.3000,39,1
2026-02-05,600036,11:07:06,39.3000,482,1
2026-02-05,600036,11:07:09,39.3100,15,1
2026-02-05,600036,11:07:12,39.3000,343,2
2026-02-05,600036,11:07:15,39.3000,186,1
2026-02-05,600036,11:07:18,39.3100,931,1
2026-02-05,600036,11:07:21,39.3100,1442,1
2026-02-05,600036,11:07:24,39.3100,399,2
2026-02-05,600036,11:07:27,39.3100,302,2
2026-02-05,600036,11:07:30,39.3200,205,1
2026-02-05,600036,11:07:33,39.3300,231,1
2026-02-05,600036,11:07:36,39.3300,56,1
2026-02-05,600036,11:07:39,39.3300,68,1
2026-02-05,600036,11:07:42,39.3300,43,1
2026-02-05,600036,11:07:45,39.3200,26,2
2026-02-05,600036,11:07:48,39.3300,47,1
2026-02-05,600036,11:07:51,39.3300,90,1
2026-02-05,600036,11:07:54,39.3200,473,2
2026-02-05,600036,11:07:57,39.3100,682,2
2026-02-05,600036,11:08:00,39.3000,234,2
2026-02-05,600036,11:08:03,39.3100,180,1
2026-02-05,600036,11:08:06,39.3000,172,2
2026-02-05,600036,11:08:09,39.3100,163,4
2026-02-05,600036,11:08:12,39.3000,1487,2
2026-02-05,600036,11:08:15,39.2900,790,2
2026-02-05,600036,11:08:18,39.3000,71,1
2026-02-05,600036,11:08:21,39.2800,17,2
2026-02-05,600036,11:08:24,39.2800,20,2
2026-02-05,600036,11:08:27,39.2800,19,2
2026-02-05,600036,11:08:30,39.2800,16,2
2026-02-05,600036,11:08:33,39.2800,386,2
2026-02-05,600036,11:08:36,39.2800,83,1
2026-02-05,600036,11:08:39,39.2800,846,1
2026-02-05,600036,11:08:42,39.2800,130,1
2026-02-05,600036,11:08:45,39.2700,142,2
2026-02-05,600036,11:08:48,39.2700,115,2
2026-02-05,600036,11:08:51,39.2700,41,1
2026-02-05,600036,11:08:54,39.2700,62,1
2026-02-05,600036,11:08:57,39.2700,52,1
2026-02-05,600036,11:09:00,39.2600,364,2
2026-02-05,600036,11:09:03,39.2600,93,2
2026-02-05,600036,11:09:06,39.2700,129,1
2026-02-05,600036,11:09:09,39.2700,63,2
2026-02-05,600036,11:09:12,39.2700,75,2
2026-02-05,600036,11:09:15,39.2800,38,1
2026-02-05,600036,11:09:18,39.2800,9,1
2026-02-05,600036,11:09:21,39.2700,187,2
2026-02-05,600036,11:09:24,39.2800,90,1
2026-02-05,600036,11:09:27,39.2800,23,1
2026-02-05,600036,11:09:30,39.2800,62,1
2026-02-05,600036,11:09:33,39.2800,44,1
2026-02-05,600036,11:09:36,39.2800,39,2
2026-02-05,600036,11:09:39,39.2800,33,2
2026-02-05,600036,11:09:42,39.2900,18,1
2026-02-05,600036,11:09:45,39.2900,4,1
2026-02-05,600036,11:09:48,39.2900,41,1
2026-02-05,600036,11:09:51,39.2800,38,2
2026-02-05,600036,11:09:54,39.2900,285,1
2026-02-05,600036,11:09:57,39.2800,22,2
2026-02-05,600036,11:10:00,39.2900,25,1
2026-02-05,600036,11:10:03,39.3000,300,1
2026-02-05,600036,11:10:06,39.2900,10,2
2026-02-05,600036,11:10:09,39.3000,56,1
2026-02-05,600036,11:10:12,39.2900,68,2
2026-02-05,600036,11:10:15,39.2900,264,2
2026-02-05,600036,11:10:18,39.3000,114,1
2026-02-05,600036,11:10:21,39.3000,130,1
2026-02-05,600036,11:10:24,39.3100,313,1
2026-02-05,600036,11:10:27,39.3100,21,2
2026-02-05,600036,11:10:30,39.3200,83,1
2026-02-05,600036,11:10:33,39.3100,31,2
2026-02-05,600036,11:10:36,39.3100,3,2
2026-02-05,600036,11:10:39,39.3100,87,2
2026-02-05,600036,11:10:42,39.3100,12,2
2026-02-05,600036,11:10:45,39.3100,132,2
2026-02-05,600036,11:10:48,39.3100,165,2
2026-02-05,600036,11:10:51,39.3100,48,2
2026-02-05,600036,11:10:54,39.3100,52,2
2026-02-05,600036,11:10:57,39.3100,116,2
2026-02-05,600036,11:11:00,39.3200,93,1
2026-02-05,600036,11:11:03,39.3100,39,2
2026-02-05,600036,11:11:06,39.3200,11,1
2026-02-05,600036,11:11:09,39.3100,28,2
2026-02-05,600036,11:11:12,39.3200,12,1
2026-02-05,600036,11:11:15,39.3200,37,1
2026-02-05,600036,11:11:18,39.3200,13,1
2026-02-05,600036,11:11:21,39.3100,69,2
2026-02-05,600036,11:11:24,39.3200,23,1
2026-02-05,600036,11:11:27,39.3200,8,1
2026-02-05,600036,11:11:30,39.3100,27,2
2026-02-05,600036,11:11:33,39.3200,4,1
2026-02-05,600036,11:11:36,39.3100,72,2
2026-02-05,600036,11:11:39,39.3200,23,1
2026-02-05,600036,11:11:42,39.3100,29,2
2026-02-05,600036,11:11:45,39.3200,6,1
2026-02-05,600036,11:11:48,39.3100,23,2
2026-02-05,600036,11:11:51,39.3200,14,1
2026-02-05,600036,11:11:54,39.3100,8,2
2026-02-05,600036,11:11:57,39.3100,4,2
2026-02-05,600036,11:12:00,39.3200,50,1
2026-02-05,600036,11:12:03,39.3100,51,2
2026-02-05,600036,11:12:06,39.3100,29,2
2026-02-05,600036,11:12:09,39.3200,918,1
2026-02-05,600036,11:12:12,39.3300,16,1
2026-02-05,600036,11:12:15,39.3300,99,1
2026-02-05,600036,11:12:18,39.3200,72,2
2026-02-05,600036,11:12:21,39.3300,49,1
2026-02-05,600036,11:12:24,39.3300,1841,1
2026-02-05,600036,11:12:27,39.3300,75,2
2026-02-05,600036,11:12:30,39.3400,564,1
2026-02-05,600036,11:12:33,39.3400,673,1
2026-02-05,600036,11:12:36,39.3400,188,1
2026-02-05,600036,11:12:39,39.3400,159,2
2026-02-05,600036,11:12:42,39.3500,2126,1
2026-02-05,600036,11:12:45,39.3500,356,1
2026-02-05,600036,11:12:48,39.3500,225,1
2026-02-05,600036,11:12:51,39.3500,154,1
2026-02-05,600036,11:12:54,39.3500,532,1
2026-02-05,600036,11:12:57,39.3500,673,1
2026-02-05,600036,11:13:00,39.3800,4768,1
2026-02-05,600036,11:13:03,39.3800,2394,1
2026-02-05,600036,11:13:06,39.3800,307,2
2026-02-05,600036,11:13:09,39.3900,215,1
2026-02-05,600036,11:13:12,39.3800,348,2
2026-02-05,600036,11:13:15,39.3900,307,1
2026-02-05,600036,11:13:18,39.3800,429,2
2026-02-05,600036,11:13:21,39.3900,83,1
2026-02-05,600036,11:13:24,39.3800,524,2
2026-02-05,600036,11:13:27,39.3900,567,1
2026-02-05,600036,11:13:30,39.3900,169,1
2026-02-05,600036,11:13:33,39.3900,575,1
2026-02-05,600036,11:13:36,39.3800,194,2
2026-02-05,600036,11:13:39,39.3900,108,1
2026-02-05,600036,11:13:42,39.3900,2335,1
2026-02-05,600036,11:13:45,39.4000,397,1
2026-02-05,600036,11:13:48,39.3900,446,2
2026-02-05,600036,11:13:51,39.4000,202,1
2026-02-05,600036,11:13:54,39.4000,85,1
2026-02-05,600036,11:13:57,39.4000,95,1
2026-02-05,600036,11:14:00,39.4000,163,1
2026-02-05,600036,11:14:03,39.4000,195,1
2026-02-05,600036,11:14:06,39.3900,624,2
2026-02-05,600036,11:14:09,39.4000,193,1
2026-02-05,600036,11:14:12,39.4000,124,1
2026-02-05,600036,11:14:15,39.3900,72,2
2026-02-05,600036,11:14:18,39.4000,93,1
2026-02-05,600036,11:14:21,39.4000,404,1
2026-02-05,600036,11:14:24,39.4000,231,1
2026-02-05,600036,11:14:27,39.3900,182,2
2026-02-05,600036,11:14:30,39.4000,67,1
2026-02-05,600036,11:14:33,39.3900,933,2
2026-02-05,600036,11:14:36,39.4000,317,1
2026-02-05,600036,11:14:39,39.4000,294,1
2026-02-05,600036,11:14:42,39.4000,102,1
2026-02-05,600036,11:14:45,39.4000,76,1
2026-02-05,600036,11:14:48,39.3900,328,2
2026-02-05,600036,11:14:51,39.3900,190,2
2026-02-05,600036,11:14:54,39.4000,2980,1
2026-02-05,600036,11:14:57,39.4000,1841,1
2026-02-05,600036,11:15:00,39.4100,442,1
2026-02-05,600036,11:15:03,39.4100,350,1
2026-02-05,600036,11:15:06,39.4200,420,1
2026-02-05,600036,11:15:09,39.4100,813,2
2026-02-05,600036,11:15:12,39.4200,233,1
2026-02-05,600036,11:15:15,39.4200,146,2
2026-02-05,600036,11:15:18,39.4200,276,2
2026-02-05,600036,11:15:21,39.4200,352,2
2026-02-05,600036,11:15:24,39.4300,236,1
2026-02-05,600036,11:15:27,39.4300,352,1
2026-02-05,600036,11:15:30,39.4300,507,1
2026-02-05,600036,11:15:33,39.4300,442,2
2026-02-05,600036,11:15:36,39.4400,387,1
2026-02-05,600036,11:15:39,39.4300,591,2
2026-02-05,600036,11:15:42,39.4300,1981,2
2026-02-05,600036,11:15:45,39.4300,179,2
2026-02-05,600036,11:15:48,39.4300,239,2
2026-02-05,600036,11:15:51,39.4300,236,2
2026-02-05,600036,11:15:54,39.4300,97,2
2026-02-05,600036,11:15:57,39.4400,130,1
2026-02-05,600036,11:16:00,39.4400,636,1
2026-02-05,600036,11:16:03,39.4400,516,1
2026-02-05,600036,11:16:06,39.4400,362,2
2026-02-05,600036,11:16:09,39.4400,555,2
2026-02-05,600036,11:16:12,39.4400,675,1
2026-02-05,600036,11:16:15,39.4400,226,1
2026-02-05,600036,11:16:18,39.4100,1945,2
2026-02-05,600036,11:16:21,39.4100,35,1
2026-02-05,600036,11:16:24,39.4100,181,1
2026-02-05,600036,11:16:27,39.4100,92,2
2026-02-05,600036,11:16:30,39.4100,17,2
2026-02-05,600036,11:16:33,39.4000,921,2
2026-02-05,600036,11:16:36,39.4000,66,1
2026-02-05,600036,11:16:39,39.3900,58,2
2026-02-05,600036,11:16:42,39.3900,199,2
2026-02-05,600036,11:16:45,39.3900,80,2
2026-02-05,600036,11:16:48,39.3900,3,1
2026-02-05,600036,11:16:51,39.3900,724,1
2026-02-05,600036,11:16:54,39.3900,294,1
2026-02-05,600036,11:16:57,39.3900,169,1
2026-02-05,600036,11:17:00,39.3900,46,1
2026-02-05,600036,11:17:03,39.3900,1196,2
2026-02-05,600036,11:17:06,39.4000,30,4
2026-02-05,600036,11:17:09,39.4000,67,2
2026-02-05,600036,11:17:12,39.4100,75,1
2026-02-05,600036,11:17:15,39.4100,265,1
2026-02-05,600036,11:17:18,39.4100,197,2
2026-02-05,600036,11:17:21,39.4100,182,2
2026-02-05,600036,11:17:24,39.4200,115,1
2026-02-05,600036,11:17:27,39.4200,203,1
2026-02-05,600036,11:17:30,39.4200,100,2
2026-02-05,600036,11:17:33,39.4200,57,2
2026-02-05,600036,11:17:36,39.4300,78,1
2026-02-05,600036,11:17:39,39.4200,226,2
2026-02-05,600036,11:17:42,39.4200,16,2
2026-02-05,600036,11:17:45,39.4200,75,2
2026-02-05,600036,11:17:48,39.4300,67,1
2026-02-05,600036,11:17:51,39.4200,186,2
2026-02-05,600036,11:17:54,39.4300,57,1
2026-02-05,600036,11:17:57,39.4300,18,1
2026-02-05,600036,11:18:00,39.4200,423,2
2026-02-05,600036,11:18:03,39.4100,52,2
2026-02-05,600036,11:18:06,39.4100,945,2
2026-02-05,600036,11:18:09,39.4200,20,1
2026-02-05,600036,11:18:12,39.4100,138,2
2026-02-05,600036,11:18:15,39.4100,100,2
2026-02-05,600036,11:18:18,39.4100,48,2
2026-02-05,600036,11:18:21,39.4100,114,2
2026-02-05,600036,11:18:24,39.4100,69,2
2026-02-05,600036,11:18:27,39.4100,415,2
2026-02-05,600036,11:18:30,39.4100,187,1
2026-02-05,600036,11:18:33,39.4100,248,1
2026-02-05,600036,11:18:36,39.4000,32,2
2026-02-05,600036,11:18:39,39.4000,76,2
2026-02-05,600036,11:18:42,39.4000,113,2
2026-02-05,600036,11:18:45,39.4000,434,2
2026-02-05,600036,11:18:48,39.4000,314,2
2026-02-05,600036,11:18:51,39.4000,59,2
2026-02-05,600036,11:18:54,39.4000,37,2
2026-02-05,600036,11:18:57,39.4000,32,2
2026-02-05,600036,11:19:00,39.4100,522,1
2026-02-05,600036,11:19:03,39.4000,107,2
2026-02-05,600036,11:19:06,39.4000,277,1
2026-02-05,600036,11:19:09,39.4000,40,2
2026-02-05,600036,11:19:12,39.4100,6,1
2026-02-05,600036,11:19:15,39.4100,234,1
2026-02-05,600036,11:19:18,39.4000,80,2
2026-02-05,600036,11:19:21,39.4000,65,2
2026-02-05,600036,11:19:24,39.4000,858,2
2026-02-05,600036,11:19:27,39.4100,68,1
2026-02-05,600036,11:19:30,39.4100,54,1
2026-02-05,600036,11:19:33,39.4100,319,1
2026-02-05,600036,11:19:36,39.4100,107,2
2026-02-05,600036,11:19:39,39.4100,27,2
2026-02-05,600036,11:19:42,39.4100,575,2
2026-02-05,600036,11:19:45,39.4200,395,1
2026-02-05,600036,11:19:48,39.4200,135,2
2026-02-05,600036,11:19:51,39.4300,1140,1
2026-02-05,600036,11:19:54,39.4500,3381,1
2026-02-05,600036,11:19:57,39.4500,613,1
2026-02-05,600036,11:20:00,39.4400,103,4
2026-02-05,600036,11:20:03,39.4500,250,1
