date,code,time,price,volume,bs
2026-02-24,000858,14:06:00,105.3400,5,2
2026-02-24,000858,14:06:03,105.3400,2,2
2026-02-24,000858,14:06:06,105.3400,2,2
2026-02-24,000858,14:06:09,105.3500,1,1
2026-02-24,000858,14:06:15,105.3400,27,2
2026-02-24,000858,14:06:18,105.3500,29,1
2026-02-24,000858,14:06:21,105.3500,13,1
2026-02-24,000858,14:06:24,105.3500,7,1
2026-02-24,000858,14:06:27,105.3400,14,2
2026-02-24,000858,14:06:30,105.3400,15,2
2026-02-24,000858,14:06:33,105.3400,11,2
2026-02-24,000858,14:06:36,105.3500,9,1
2026-02-24,000858,14:06:39,105.3400,1,2
2026-02-24,000858,14:06:48,105.3400,38,2
2026-02-24,000858,14:06:51,105.3400,9,2
2026-02-24,000858,14:06:54,105.3500,6,1
2026-02-24,000858,14:06:57,105.3500,2,1
2026-02-24,000858,14:07:00,105.3400,30,2
2026-02-24,000858,14:07:03,105.3400,15,1
2026-02-24,000858,14:07:06,105.3500,5,1
2026-02-24,000858,14:07:09,105.3400,3,2
2026-02-24,000858,14:07:12,105.3500,35,1
2026-02-24,000858,14:07:15,105.3500,1,1
2026-02-24,000858,14:07:18,105.3400,2,2
2026-02-24,000858,14:07:21,105.3400,6,2
2026-02-24,000858,14:07:24,105.3500,13,1
2026-02-24,000858,14:07:27,105.3300,90,2
2026-02-24,000858,14:07:30,105.3400,18,2
2026-02-24,000858,14:07:33,105.3400,1,1
2026-02-24,000858,14:07:36,105.3400,2,1
2026-02-24,000858,14:07:39,105.3300,7,2
2026-02-24,000858,14:07:42,105.3300,16,2
2026-02-24,000858,14:07:45,105.3400,2,1
2026-02-24,000858,14:07:48,105.3300,95,2
2026-02-24,000858,14:07:51,105.3200,107,2
2026-02-24,000858,14:07:54,105.3100,42,2
2026-02-24,000858,14:07:57,105.3000,121,2
2026-02-24,000858,14:08:00,105.3000,48,2
2026-02-24,000858,14:08:03,105.3000,384,2
2026-02-24,000858,14:08:06,105.2700,116,2
2026-02-24,000858,14:08:09,105.2700,13,2
2026-02-24,000858,14:08:12,105.3000,39,1
2026-02-24,000858,14:08:15,105.2700,2,2
2026-02-24,000858,14:08:18,105.2900,1,1
2026-02-24,000858,14:08:21,105.2800,16,2
2026-02-24,000858,14:08:24,105.2800,16,2
2026-02-24,000858,14:08:27,105.2500,157,2
2026-02-24,000858,14:08:30,105.3000,37,1
2026-02-24,000858,14:08:33,105.2800,6,1
2026-02-24,000858,14:08:36,105.2600,5,2
2026-02-24,000858,14:08:39,105.2700,4,1
2026-02-24,000858,14:08:42,105.2700,21,1
2026-02-24,000858,14:08:45,105.2800,21,1
2026-02-24,000858,14:08:48,105.2800,1,1
2026-02-24,000858,14:08:51,105.2600,2,2
2026-02-24,000858,14:08:54,105.2700,7,1
2026-02-24,000858,14:08:57,105.2700,11,1
2026-02-24,000858,14:09:00,105.2600,17,2
2026-02-24,000858,14:09:03,105.2700,7,1
2026-02-24,000858,14:09:09,105.2700,3,1
2026-02-24,000858,14:09:12,105.2700,2,1
2026-02-24,000858,14:09:15,105.2600,8,2
2026-02-24,000858,14:09:18,105.2700,266,1
2026-02-24,000858,14:09:21,105.2700,95,1
2026-02-24,000858,14:09:24,105.2600,30,1
2026-02-24,000858,14:09:27,105.2500,18,2
2026-02-24,000858,14:09:30,105.2600,7,2
2026-02-24,000858,14:09:33,105.2600,9,1
2026-02-24,000858,14:09:36,105.2500,19,2
2026-02-24,000858,14:09:39,105.2500,20,2
2026-02-24,000858,14:09:42,105.2600,14,1
2026-02-24,000858,14:09:45,105.2600,21,1
2026-02-24,000858,14:09:48,105.2600,11,1
2026-02-24,000858,14:09:51,105.2500,4,2
2026-02-24,000858,14:09:54,105.2600,3,2
2026-02-24,000858,14:09:57,105.2500,57,2
2026-02-24,000858,14:10:00,105.2500,25,1
2026-02-24,000858,14:10:03,105.2300,7,2
2026-02-24,000858,14:10:06,105.2500,1,1
2026-02-24,000858,14:10:09,105.2400,5,4
2026-02-24,000858,14:10:12,105.2200,49,2
2026-02-24,000858,14:10:15,105.2200,33,1
2026-02-24,000858,14:10:18,105.2100,12,2
2026-02-24,000858,14:10:21,105.2100,107,2
2026-02-24,000858,14:10:24,105.2100,4,1
2026-02-24,000858,14:10:27,105.2100,16,1
2026-02-24,000858,14:10:33,105.2100,22,1
2026-02-24,000858,14:10:36,105.2100,12,1
2026-02-24,000858,14:10:39,105.2100,105,1
2026-02-24,000858,14:10:42,105.2000,186,2
2026-02-24,000858,14:10:45,105.2100,10,1
2026-02-24,000858,14:10:48,105.2100,3,1
2026-02-24,000858,14:10:51,105.2000,139,2
2026-02-24,000858,14:10:54,105.2000,1,1
2026-02-24,000858,14:10:57,105.1900,25,2
2026-02-24,000858,14:11:00,105.1900,4,2
2026-02-24,000858,14:11:03,105.1900,19,2
2026-02-24,000858,14:11:06,105.1900,76,2
2026-02-24,000858,14:11:09,105.1900,15,1
2026-02-24,000858,14:11:12,105.1900,9,1
2026-02-24,000858,14:11:15,105.1900,136,1
2026-02-24,000858,14:11:18,105.1800,104,2
2026-02-24,000858,14:11:21,105.1800,14,2
2026-02-24,000858,14:11:24,105.1800,20,2
2026-02-24,000858,14:11:27,105.1800,24,1
2026-02-24,000858,14:11:30,105.1800,1,2
2026-02-24,000858,14:11:33,105.1800,10,2
2026-02-24,000858,14:11:36,105.1800,10,2
2026-02-24,000858,14:11:39,105.1800,26,1
2026-02-24,000858,14:11:42,105.1800,16,1
2026-02-24,000858,14:11:45,105.1800,20,1
2026-02-24,000858,14:11:48,105.1800,12,1
2026-02-24,000858,14:11:51,105.1600,183,2
2026-02-24,000858,14:11:54,105.1700,17,4
2026-02-24,000858,14:11:57,105.1600,57,2
2026-02-24,000858,14:12:00,105.1600,4,2
2026-02-24,000858,14:12:03,105.1600,1,2
2026-02-24,000858,14:12:06,105.1600,18,2
2026-02-24,000858,14:12:09,105.1500,16,2
2026-02-24,000858,14:12:12,105.1600,12,1
2026-02-24,000858,14:12:15,105.1600,12,1
2026-02-24,000858,14:12:18,105.1600,12,1
2026-02-24,000858,14:12:21,105.1600,13,1
2026-02-24,000858,14:12:24,105.1600,34,1
2026-02-24,000858,14:12:27,105.1600,3,1
2026-02-24,000858,14:12:30,105.1600,19,1
2026-02-24,000858,14:12:33,105.1500,28,2
2026-02-24,000858,14:12:36,105.1600,20,1
2026-02-24,000858,14:12:39,105.1500,13,2
2026-02-24,000858,14:12:45,105.1600,2,2
2026-02-24,000858,14:12:48,105.1700,12,1
2026-02-24,000858,14:12:51,105.1700,6,1
2026-02-24,000858,14:12:54,105.1700,7,1
2026-02-24,000858,14:12:57,105.1700,1,1
2026-02-24,000858,14:13:00,105.1800,11,1
2026-02-24,000858,14:13:03,105.1800,24,1
2026-02-24,000858,14:13:06,105.1800,14,1
2026-02-24,000858,14:13:09,105.1700,19,2
2026-02-24,000858,14:13:12,105.1800,9,1
2026-02-24,000858,14:13:15,105.1700,36,2
2026-02-24,000858,14:13:18,105.1800,12,1
2026-02-24,000858,14:13:24,105.1800,2,2
2026-02-24,000858,14:13:27,105.1800,15,2
2026-02-24,000858,14:13:30,105.1900,21,1
2026-02-24,000858,14:13:33,105.1800,6,2
2026-02-24,000858,14:13:36,105.1900,4,1
2026-02-24,000858,14:13:39,105.2000,7,1
2026-02-24,000858,14:13:42,105.1900,11,2
2026-02-24,000858,14:13:45,105.1900,6,2
2026-02-24,000858,14:13:48,105.1900,9,1
2026-02-24,000858,14:13:51,105.1900,4,1
2026-02-24,000858,14:13:54,105.1900,3,1
2026-02-24,000858,14:13:57,105.1900,6,1
2026-02-24,000858,14:14:00,105.1900,13,1
2026-02-24,000858,14:14:03,105.1900,2,1
2026-02-24,000858,14:14:06,105.1900,2,1
2026-02-24,000858,14:14:09,105.1800,14,2
2026-02-24,000858,14:14:12,105.1800,2,2
2026-02-24,000858,14:14:15,105.1800,13,2
2026-02-24,000858,14:14:18,105.1800,7,2
2026-02-24,000858,14:14:21,105.1800,11,2
2026-02-24,000858,14:14:24,105.1900,10,1
2026-02-24,000858,14:14:27,105.1900,6,1
2026-02-24,000858,14:14:30,105.1900,1,1
2026-02-24,000858,14:14:33,105.1900,15,1
2026-02-24,000858,14:14:36,105.1800,12,2
2026-02-24,000858,14:14:39,105.1800,3,2
2026-02-24,000858,14:14:42,105.1900,5,1
2026-02-24,000858,14:14:45,105.1900,6,1
2026-02-24,000858,14:14:48,105.1900,1,1
2026-02-24,000858,14:14:51,105.1900,13,1
2026-02-24,000858,14:14:54,105.1900,14,1
2026-02-24,000858,14:14:57,105.1900,12,1
2026-02-24,000858,14:15:00,105.1900,13,1
2026-02-24,000858,14:15:03,105.1900,8,1
2026-02-24,000858,14:15:06,105.1900,6,1
2026-02-24,000858,14:15:09,105.1900,7,1
2026-02-24,000858,14:15:12,105.1900,5,1
2026-02-24,000858,14:15:15,105.1900,71,1
2026-02-24,000858,14:15:18,105.1900,13,2
2026-02-24,000858,14:15:21,105.1800,169,2
2026-02-24,000858,14:15:24,105.1800,9,1
2026-02-24,000858,14:15:27,105.1800,59,1
2026-02-24,000858,14:15:30,105.1800,12,2
2026-02-24,000858,14:15:33,105.1800,13,2
2026-02-24,000858,14:15:36,105.1900,15,1
2026-02-24,000858,14:15:39,105.1800,9,2
2026-02-24,000858,14:15:42,105.1900,6,1
2026-02-24,000858,14:15:45,105.1800,16,2
2026-02-24,000858,14:15:48,105.1800,16,1
2026-02-24,000858,14:15:51,105.1700,6,2
2026-02-24,000858,14:15:54,105.1800,6,1
2026-02-24,000858,14:15:57,105.1800,35,1
2026-02-24,000858,14:16:00,105.1700,5,2
2026-02-24,000858,14:16:03,105.1800,11,1
2026-02-24,000858,14:16:06,105.1700,14,2
2026-02-24,000858,14:16:09,105.1800,5,1
2026-02-24,000858,14:16:15,105.1800,11,1
2026-02-24,000858,14:16:18,105.1700,14,2
2026-02-24,000858,14:16:21,105.1700,26,2
2026-02-24,000858,14:16:24,105.1800,5,1
2026-02-24,000858,14:16:27,105.1800,24,1
2026-02-24,000858,14:16:30,105.1800,4,1
2026-02-24,000858,14:16:33,105.1700,39,2
2026-02-24,000858,14:16:39,105.1800,10,1
2026-02-24,000858,14:16:42,105.1800,13,1
2026-02-24,000858,14:16:45,105.1700,4,2
2026-02-24,000858,14:16:48,105.1800,7,1
2026-02-24,000858,14:16:51,105.1800,14,1
2026-02-24,000858,14:16:54,105.1800,9,1
2026-02-24,000858,14:16:57,105.1700,90,2
2026-02-24,000858,14:17:00,105.1700,12,1
2026-02-24,000858,14:17:03,105.1600,3,2
2026-02-24,000858,14:17:06,105.1600,9,2
2026-02-24,000858,14:17:09,105.1700,4,1
2026-02-24,000858,14:17:12,105.1700,10,1
2026-02-24,000858,14:17:15,105.1700,11,1
2026-02-24,000858,14:17:18,105.1700,5,1
2026-02-24,000858,14:17:21,105.1600,1,2
2026-02-24,000858,14:17:24,105.1700,1,1
2026-02-24,000858,14:17:27,105.1700,124,1
2026-02-24,000858,14:17:30,105.1700,12,1
2026-02-24,000858,14:17:33,105.1700,29,1
2026-02-24,000858,14:17:36,105.1500,24,2
2026-02-24,000858,14:17:39,105.1600,12,1
2026-02-24,000858,14:17:42,105.1600,11,1
2026-02-24,000858,14:17:45,105.1500,62,2
2026-02-24,000858,14:17:48,105.1500,23,2
2026-02-24,000858,14:17:51,105.1500,2,2
2026-02-24,000858,14:17:54,105.1600,4,2
2026-02-24,000858,14:17:57,105.1600,1,2
2026-02-24,000858,14:18:00,105.1600,21,2
2026-02-24,000858,14:18:03,105.1600,19,1
2026-02-24,000858,14:18:06,105.1600,7,1
2026-02-24,000858,14:18:09,105.1500,2,2
2026-02-24,000858,14:18:12,105.1600,5,1
2026-02-24,000858,14:18:15,105.1500,5,2
2026-02-24,000858,14:18:18,105.1600,7,1
2026-02-24,000858,14:18:21,105.1600,25,1
2026-02-24,000858,14:18:27,105.1500,25,2
2026-02-24,000858,14:18:30,105.1600,11,1
2026-02-24,000858,14:18:33,105.1600,16,1
2026-02-24,000858,14:18:36,105.1500,1,2
2026-02-24,000858,14:18:39,105.1600,60,1
2026-02-24,000858,14:18:42,105.1500,8,2
2026-02-24,000858,14:18:45,105.1600,19,1
2026-02-24,000858,14:18:48,105.1600,6,1
2026-02-24,000858,14:18:51,105.1700,7,1
2026-02-24,000858,14:18:54,105.1600,2,2
2026-02-24,000858,14:19:00,105.1700,21,1
2026-02-24,000858,14:19:03,105.1600,55,2
2026-02-24,000858,14:19:06,105.1600,13,1
2026-02-24,000858,14:19:09,105.1600,6,1
2026-02-24,000858,14:19:12,105.1600,10,1
2026-02-24,000858,14:19:15,105.1600,25,1
2026-02-24,000858,14:19:18,105.1600,6,1
2026-02-24,000858,14:19:21,105.1500,27,2
2026-02-24,000858,14:19:24,105.1600,19,1
2026-02-24,000858,14:19:27,105.1600,52,1
2026-02-24,000858,14:19:30,105.1500,46,2
2026-02-24,000858,14:19:33,105.1600,5,1
2026-02-24,000858,14:19:36,105.1600,3,2
2026-02-24,000858,14:19:39,105.1600,8,1
2026-02-24,000858,14:19:42,105.1700,5,1
2026-02-24,000858,14:19:45,105.1700,7,4
2026-02-24,000858,14:19:48,105.1600,9,2
2026-02-24,000858,14:19:51,105.1600,3,2
2026-02-24,000858,14:19:57,105.1600,6,2
2026-02-24,000858,14:20:00,105.1600,57,2
2026-02-24,000858,14:20:03,105.1600,8,2
2026-02-24,000858,14:20:06,105.1600,3,2
2026-02-24,000858,14:20:09,105.1700,2,1
2026-02-24,000858,14:20:12,105.1600,25,2
2026-02-24,000858,14:20:15,105.1600,283,2
2026-02-24,000858,14:20:18,105.1400,245,2
2026-02-24,000858,14:20:21,105.1600,14,1
2026-02-24,000858,14:20:24,105.1400,4,2
2026-02-24,000858,14:20:27,105.1600,7,1
2026-02-24,000858,14:20:30,105.1500,1,2
2026-02-24,000858,14:20:33,105.1500,10,2
2026-02-24,000858,14:20:36,105.1500,25,2
2026-02-24,000858,14:20:39,105.1500,5,2
2026-02-24,000858,14:20:42,105.1600,18,1
2026-02-24,000858,14:20:45,105.1500,8,2
2026-02-24,000858,14:20:48,105.1500,8,2
2026-02-24,000858,14:20:51,105.1600,7,2
2026-02-24,000858,14:20:54,105.1500,22,2
2026-02-24,000858,14:21:00,105.1500,4,2
2026-02-24,000858,14:21:03,105.1500,1,2
2026-02-24,000858,14:21:06,105.1500,9,2
2026-02-24,000858,14:21:09,105.1500,24,2
2026-02-24,000858,14:21:12,105.1600,7,1
2026-02-24,000858,14:21:15,105.1500,4,2
2026-02-24,000858,14:21:18,105.1500,4,2
2026-02-24,000858,14:21:21,105.1600,13,1
2026-02-24,000858,14:21:24,105.1500,2,2
2026-02-24,000858,14:21:27,105.1500,12,2
2026-02-24,000858,14:21:30,105.1500,9,2
2026-02-24,000858,14:21:33,105.1600,30,1
2026-02-24,000858,14:21:36,105.1400,47,2
2026-02-24,000858,14:21:39,105.1600,10,1
2026-02-24,000858,14:21:42,105.1400,61,2
2026-02-24,000858,14:21:45,105.1400,12,2
2026-02-24,000858,14:21:48,105.1600,7,1
2026-02-24,000858,14:21:51,105.1500,4,2
2026-02-24,000858,14:21:54,105.1400,26,2
2026-02-24,000858,14:21:57,105.1600,8,1
2026-02-24,000858,14:22:03,105.1600,7,1
2026-02-24,000858,14:22:06,105.1500,23,2
2026-02-24,000858,14:22:12,105.1600,16,1
2026-02-24,000858,14:22:15,105.1600,4,1
2026-02-24,000858,14:22:18,105.1400,17,2
2026-02-24,000858,14:22:21,105.1400,15,2
2026-02-24,000858,14:22:27,105.1500,15,2
2026-02-24,000858,14:22:30,105.1500,2,1
2026-02-24,000858,14:22:33,105.1500,11,1
2026-02-24,000858,14:22:36,105.1500,5,2
2026-02-24,000858,14:22:39,105.1500,1,2
2026-02-24,000858,14:22:42,105.1500,4,2
2026-02-24,000858,14:22:48,105.1500,15,2
2026-02-24,000858,14:22:51,105.1400,10,2
2026-02-24,000858,14:22:54,105.1500,12,1
2026-02-24,000858,14:22:57,105.1500,9,1
2026-02-24,000858,14:23:00,105.1600,15,1
2026-02-24,000858,14:23:03,105.1400,15,2
2026-02-24,000858,14:23:06,105.1400,16,2
2026-02-24,000858,14:23:09,105.1600,3,1
2026-02-24,000858,14:23:12,105.1500,8,2
2026-02-24,000858,14:23:15,105.1500,7,4
2026-02-24,000858,14:23:18,105.1600,7,1
2026-02-24,000858,14:23:21,105.1500,5,2
2026-02-24,000858,14:23:24,105.1500,11,2
2026-02-24,000858,14:23:27,105.1400,147,2
2026-02-24,000858,14:23:30,105.1500,1,4
2026-02-24,000858,14:23:33,105.1400,59,2
2026-02-24,000858,14:23:36,105.1500,2,1
2026-02-24,000858,14:23:39,105.1500,4,1
2026-02-24,000858,14:23:42,105.1600,3,1
2026-02-24,000858,14:23:45,105.1500,7,2
2026-02-24,000858,14:23:48,105.1600,7,1
2026-02-24,000858,14:23:51,105.1600,9,1
2026-02-24,000858,14:23:57,105.1600,35,1
2026-02-24,000858,14:24:00,105.1600,17,1
2026-02-24,000858,14:24:03,105.1600,2,1
2026-02-24,000858,14:24:06,105.1500,21,2
2026-02-24,000858,14:24:09,105.1600,7,1
2026-02-24,000858,14:24:12,105.1600,21,1
2026-02-24,000858,14:24:15,105.1600,1,1
2026-02-24,000858,14:24:18,105.1600,6,1
2026-02-24,000858,14:24:21,105.1500,6,2
2026-02-24,000858,14:24:24,105.1600,22,1
2026-02-24,000858,14:24:27,105.1600,35,1
2026-02-24,000858,14:24:30,105.1600,24,1
2026-02-24,000858,14:24:33,105.1600,26,1
2026-02-24,000858,14:24:36,105.1500,18,2
2026-02-24,000858,14:24:39,105.1600,17,1
2026-02-24,000858,14:24:42,105.1600,5,4
2026-02-24,000858,14:24:45,105.1700,7,1
2026-02-24,000858,14:24:48,105.1500,9,2
2026-02-24,000858,14:24:51,105.1700,4,1
2026-02-24,000858,14:24:54,105.1500,42,2
2026-02-24,000858,14:24:57,105.1600,17,1
2026-02-24,000858,14:25:00,105.1500,7,2
2026-02-24,000858,14:25:03,105.1600,125,1
2026-02-24,000858,14:25:06,105.1400,17,2
2026-02-24,000858,14:25:09,105.1500,16,1
2026-02-24,000858,14:25:12,105.1600,106,1
2026-02-24,000858,14:25:15,105.1500,16,2
2026-02-24,000858,14:25:18,105.1600,3,1
2026-02-24,000858,14:25:21,105.1600,32,1
2026-02-24,000858,14:25:24,105.1500,11,2
2026-02-24,000858,14:25:27,105.1500,3,2
2026-02-24,000858,14:25:30,105.1600,1,1
2026-02-24,000858,14:25:33,105.1500,15,2
2026-02-24,000858,14:25:36,105.1600,2,1
2026-02-24,000858,14:25:39,105.1600,5,1
2026-02-24,000858,14:25:42,105.1600,3,1
2026-02-24,000858,14:25:45,105.1500,17,2
2026-02-24,000858,14:25:48,105.1600,6,1
2026-02-24,000858,14:25:51,105.1500,2,2
2026-02-24,000858,14:25:54,105.1500,53,2
2026-02-24,000858,14:25:57,105.1600,41,4
2026-02-24,000858,14:26:00,105.1500,21,2
2026-02-24,000858,14:26:03,105.1500,15,2
2026-02-24,000858,14:26:06,105.1500,10,2
2026-02-24,000858,14:26:09,105.1500,9,2
2026-02-24,000858,14:26:12,105.1700,6,1
2026-02-24,000858,14:26:15,105.1500,24,2
2026-02-24,000858,14:26:18,105.1600,19,1
2026-02-24,000858,14:26:21,105.1600,15,1
2026-02-24,000858,14:26:24,105.1500,11,2
2026-02-24,000858,14:26:27,105.1600,4,1
2026-02-24,000858,14:26:30,105.1600,1,1
2026-02-24,000858,14:26:33,105.1600,4,1
2026-02-24,000858,14:26:36,105.1500,2,2
2026-02-24,000858,14:26:39,105.1500,4,2
2026-02-24,000858,14:26:42,105.1500,23,2
2026-02-24,000858,14:26:45,105.1500,25,2
2026-02-24,000858,14:26:48,105.1600,32,1
2026-02-24,000858,14:26:51,105.1600,11,1
2026-02-24,000858,14:26:54,105.1600,7,1
2026-02-24,000858,14:26:57,105.1600,1,1
2026-02-24,000858,14:27:00,105.1600,13,1
2026-02-24,000858,14:27:03,105.1500,17,2
2026-02-24,000858,14:27:06,105.1600,8,1
2026-02-24,000858,14:27:09,105.1600,28,1
2026-02-24,000858,14:27:12,105.1600,15,1
2026-02-24,000858,14:27:15,105.1600,20,1
2026-02-24,000858,14:27:18,105.1600,9,1
2026-02-24,000858,14:27:21,105.1500,3,2
2026-02-24,000858,14:27:27,105.1500,59,2
2026-02-24,000858,14:27:30,105.1600,34,1
2026-02-24,000858,14:27:33,105.1600,45,1
2026-02-24,000858,14:27:36,105.1600,9,1
2026-02-24,000858,14:27:39,105.1500,6,2
2026-02-24,000858,14:27:42,105.1600,47,1
2026-02-24,000858,14:27:45,105.1600,9,2
2026-02-24,000858,14:27:48,105.1500,9,2
2026-02-24,000858,14:27:51,105.1500,24,2
2026-02-24,000858,14:27:54,105.1500,24,2
2026-02-24,000858,14:27:57,105.1700,35,1
2026-02-24,000858,14:28:00,105.1600,2,4
2026-02-24,000858,14:28:03,105.1500,11,2
2026-02-24,000858,14:28:06,105.1600,5,1
2026-02-24,000858,14:28:09,105.1600,17,1
2026-02-24,000858,14:28:12,105.1500,25,2
2026-02-24,000858,14:28:15,105.1500,46,2
2026-02-24,000858,14:28:18,105.1500,2,2
2026-02-24,000858,14:28:21,105.1600,11,4
2026-02-24,000858,14:28:24,105.1600,10,2
2026-02-24,000858,14:28:27,105.1600,4,2
2026-02-24,000858,14:28:30,105.1500,9,2
2026-02-24,000858,14:28:33,105.1700,13,1
2026-02-24,000858,14:28:36,105.1600,1,1
2026-02-24,000858,14:28:39,105.1500,16,2
2026-02-24,000858,14:28:42,105.1600,3,2
2026-02-24,000858,14:28:45,105.1600,5,2
2026-02-24,000858,14:28:48,105.1600,3,2
2026-02-24,000858,14:28:51,105.1600,2,2
2026-02-24,000858,14:28:54,105.1700,6,1
2026-02-24,000858,14:28:57,105.1700,14,1
2026-02-24,000858,14:29:00,105.1600,18,2
2026-02-24,000858,14:29:03,105.1600,8,1
2026-02-24,000858,14:29:06,105.1500,8,2
2026-02-24,000858,14:29:09,105.1600,23,4
2026-02-24,000858,14:29:12,105.1700,7,1
2026-02-24,000858,14:29:15,105.1700,9,1
2026-02-24,000858,14:29:18,105.1700,5,1
2026-02-24,000858,14:29:21,105.1700,8,1
2026-02-24,000858,14:29:24,105.1700,8,1
2026-02-24,000858,14:29:27,105.1600,2,2
2026-02-24,000858,14:29:30,105.1600,32,2
2026-02-24,000858,14:29:33,105.1600,20,2
2026-02-24,000858,14:29:36,105.1600,38,2
2026-02-24,000858,14:29:39,105.1600,9,1
2026-02-24,000858,14:29:42,105.1600,1,1
2026-02-24,000858,14:29:45,105.1600,1,2
2026-02-24,000858,14:29:48,105.1600,8,2
2026-02-24,000858,14:29:51,105.1700,15,1
2026-02-24,000858,14:29:57,105.1700,2,1
2026-02-24,000858,14:30:00,105.1600,6,2
2026-02-24,000858,14:30:03,105.1600,17,2
2026-02-24,000858,14:30:06,105.1600,8,1
2026-02-24,000858,14:30:09,105.1600,13,1
2026-02-24,000858,14:30:12,105.1600,10,1
2026-02-24,000858,14:30:15,105.1500,9,2
2026-02-24,000858,14:30:18,105.1600,2,1
2026-02-24,000858,14:30:21,105.1600,21,1
2026-02-24,000858,14:30:24,105.1600,5,1
2026-02-24,000858,14:30:27,105.1500,248,2
2026-02-24,000858,14:30:30,105.1600,68,1
2026-02-24,000858,14:30:33,105.1500,5,2
2026-02-24,000858,14:30:36,105.1400,6,2
2026-02-24,000858,14:30:39,105.1400,12,2
2026-02-24,000858,14:30:42,105.1500,15,1
2026-02-24,000858,14:30:45,105.1500,55,2
2026-02-24,000858,14:30:48,105.1400,9,2
2026-02-24,000858,14:30:51,105.1500,8,1
2026-02-24,000858,14:30:54,105.1500,7,1
2026-02-24,000858,14:30:57,105.1400,21,2
2026-02-24,000858,14:31:00,105.1400,76,2
2026-02-24,000858,14:31:03,105.1500,31,1
2026-02-24,000858,14:31:06,105.1500,34,1
2026-02-24,000858,14:31:09,105.1500,7,1
2026-02-24,000858,14:31:12,105.1500,31,1
2026-02-24,000858,14:31:15,105.1500,47,1
2026-02-24,000858,14:31:18,105.1500,30,1
2026-02-24,000858,14:31:21,105.1500,11,1
2026-02-24,000858,14:31:24,105.1500,14,1
2026-02-24,000858,14:31:27,105.1500,14,1
2026-02-24,000858,14:31:30,105.1500,24,1
2026-02-24,000858,14:31:33,105.1500,56,1
2026-02-24,000858,14:31:36,105.1500,7,1
2026-02-24,000858,14:31:39,105.1400,8,2
2026-02-24,000858,14:31:42,105.1500,35,1
2026-02-24,000858,14:31:45,105.1400,23,2
2026-02-24,000858,14:31:48,105.1500,34,2
2026-02-24,000858,14:31:51,105.1400,12,2
2026-02-24,000858,14:31:54,105.1500,3,1
2026-02-24,000858,14:31:57,105.1500,2,2
2026-02-24,000858,14:32:00,105.1600,6,1
2026-02-24,000858,14:32:03,105.1600,5,1
2026-02-24,000858,14:32:06,105.1500,57,2
2026-02-24,000858,14:32:09,105.1600,11,1
2026-02-24,000858,14:32:12,105.1500,6,2
2026-02-24,000858,14:32:15,105.1600,5,1
2026-02-24,000858,14:32:18,105.1600,15,1
2026-02-24,000858,14:32:21,105.1600,1,1
2026-02-24,000858,14:32:24,105.1600,7,1
2026-02-24,000858,14:32:27,105.1600,10,1
2026-02-24,000858,14:32:30,105.1600,6,1
2026-02-24,000858,14:32:33,105.1600,20,1
2026-02-24,000858,14:32:36,105.1500,8,2
2026-02-24,000858,14:32:39,105.1600,38,1
2026-02-24,000858,14:32:42,105.1500,5,2
2026-02-24,000858,14:32:45,105.1600,8,1
2026-02-24,000858,14:32:48,105.1600,25,1
2026-02-24,000858,14:32:54,105.1600,23,2
2026-02-24,000858,14:33:00,105.1600,1,2
2026-02-24,000858,14:33:03,105.1600,15,2
2026-02-24,000858,14:33:06,105.1700,13,1
2026-02-24,000858,14:33:09,105.1600,38,2
2026-02-24,000858,14:33:12,105.1700,11,1
2026-02-24,000858,14:33:15,105.1600,4,2
2026-02-24,000858,14:33:18,105.1700,50,1
2026-02-24,000858,14:33:21,105.1600,11,2
2026-02-24,000858,14:33:24,105.1600,14,2
2026-02-24,000858,14:33:27,105.1700,6,1
2026-02-24,000858,14:33:30,105.1600,19,2
2026-02-24,000858,14:33:33,105.1600,14,2
2026-02-24,000858,14:33:36,105.1700,26,1
2026-02-24,000858,14:33:39,105.1700,3,1
2026-02-24,000858,14:33:42,105.1600,5,2
2026-02-24,000858,14:33:45,105.1600,16,2
2026-02-24,000858,14:33:48,105.1700,17,1
2026-02-24,000858,14:33:51,105.1700,97,1
2026-02-24,000858,14:33:54,105.1700,16,1
2026-02-24,000858,14:33:57,105.1700,5,1
2026-02-24,000858,14:34:00,105.1700,13,1
2026-02-24,000858,14:34:03,105.1700,7,1
2026-02-24,000858,14:34:06,105.1700,4,1
2026-02-24,000858,14:34:09,105.1600,27,2
2026-02-24,000858,14:34:12,105.1600,21,2
2026-02-24,000858,14:34:15,105.1700,9,1
2026-02-24,000858,14:34:18,105.1600,9,2
2026-02-24,000858,14:34:21,105.1700,12,1
2026-02-24,000858,14:34:24,105.1600,22,2
2026-02-24,000858,14:34:27,105.1700,14,1
2026-02-24,000858,14:34:30,105.1600,3,2
2026-02-24,000858,14:34:33,105.1700,4,1
2026-02-24,000858,14:34:36,105.1600,10,2
2026-02-24,000858,14:34:39,105.1600,14,2
2026-02-24,000858,14:34:42,105.1700,15,1
2026-02-24,000858,14:34:45,105.1700,13,1
2026-02-24,000858,14:34:48,105.1700,28,1
2026-02-24,000858,14:34:51,105.1600,10,2
2026-02-24,000858,14:34:54,105.1700,8,1
2026-02-24,000858,14:34:57,105.1700,4,1
2026-02-24,000858,14:35:00,105.1700,2,2
2026-02-24,000858,14:35:03,105.1700,52,2
2026-02-24,000858,14:35:06,105.1800,4,1
2026-02-24,000858,14:35:09,105.1700,17,2
2026-02-24,000858,14:35:12,105.1800,13,1
2026-02-24,000858,14:35:15,105.1700,4,2
2026-02-24,000858,14:35:18,105.1800,13,1
2026-02-24,000858,14:35:21,105.1700,7,2
2026-02-24,000858,14:35:24,105.1700,6,2
2026-02-24,000858,14:35:27,105.1700,18,2
2026-02-24,000858,14:35:30,105.1800,43,1
2026-02-24,000858,14:35:33,105.1700,15,1
2026-02-24,000858,14:35:36,105.1800,23,1
2026-02-24,000858,14:35:39,105.1800,2,1
2026-02-24,000858,14:35:42,105.1700,13,2
2026-02-24,000858,14:35:45,105.1700,10,2
2026-02-24,000858,14:35:48,105.1800,9,1
2026-02-24,000858,14:35:51,105.1700,37,2
2026-02-24,000858,14:35:54,105.1700,16,2
2026-02-24,000858,14:35:57,105.1600,8,2
2026-02-24,000858,14:36:00,105.1600,7,2
2026-02-24,000858,14:36:03,105.1700,6,1
2026-02-24,000858,14:36:06,105.1700,8,1
2026-02-24,000858,14:36:09,105.1700,6,1
2026-02-24,000858,14:36:12,105.1600,9,2
2026-02-24,000858,14:36:15,105.1700,18,1
2026-02-24,000858,14:36:18,105.1700,25,1
2026-02-24,000858,14:36:21,105.1600,12,2
2026-02-24,000858,14:36:24,105.1800,20,1
2026-02-24,000858,14:36:27,105.1600,18,2
2026-02-24,000858,14:36:30,105.1700,4,1
2026-02-24,000858,14:36:33,105.1700,17,2
2026-02-24,000858,14:36:36,105.1700,37,2
2026-02-24,000858,14:36:39,105.1700,19,1
2026-02-24,000858,14:36:42,105.1300,923,2
2026-02-24,000858,14:36:45,105.1400,16,4
2026-02-24,000858,14:36:48,105.1200,16,2
2026-02-24,000858,14:36:51,105.1100,179,2
2026-02-24,000858,14:36:54,105.1100,30,2
2026-02-24,000858,14:36:57,105.1100,11,2
2026-02-24,000858,14:37:00,105.1100,11,2
2026-02-24,000858,14:37:03,105.1200,274,1
2026-02-24,000858,14:37:06,105.1100,16,4
2026-02-24,000858,14:37:09,105.1100,284,1
2026-02-24,000858,14:37:12,105.1100,128,1
2026-02-24,000858,14:37:15,105.1100,10,1
2026-02-24,000858,14:37:18,105.1100,28,4
2026-02-24,000858,14:37:21,105.1100,7,2
2026-02-24,000858,14:37:24,105.1200,26,1
2026-02-24,000858,14:37:27,105.1300,38,1
2026-02-24,000858,14:37:30,105.1100,9,2
2026-02-24,000858,14:37:33,105.1100,20,2
2026-02-24,000858,14:37:36,105.1100,41,2
2026-02-24,000858,14:37:39,105.1100,21,1
2026-02-24,000858,14:37:42,105.1200,14,1
2026-02-24,000858,14:37:45,105.1100,25,2
2026-02-24,000858,14:37:48,105.1100,11,2
2026-02-24,000858,14:37:51,105.1200,13,1
2026-02-24,000858,14:37:54,105.1300,13,1
2026-02-24,000858,14:37:57,105.1200,20,2
2026-02-24,000858,14:38:00,105.1200,9,1
2026-02-24,000858,14:38:03,105.1100,15,2
2026-02-24,000858,14:38:06,105.1200,8,1
2026-02-24,000858,14:38:09,105.1100,9,2
2026-02-24,000858,14:38:12,105.1200,9,1
2026-02-24,000858,14:38:15,105.1200,15,1
2026-02-24,000858,14:38:18,105.1100,48,2
2026-02-24,000858,14:38:21,105.1100,66,1
2026-02-24,000858,14:38:24,105.1100,6,2
2026-02-24,000858,14:38:27,105.1100,6,2
2026-02-24,000858,14:38:30,105.1000,11,2
2026-02-24,000858,14:38:33,105.1100,14,1
2026-02-24,000858,14:38:36,105.1100,35,1
2026-02-24,000858,14:38:39,105.1200,8,1
2026-02-24,000858,14:38:42,105.1200,8,1
2026-02-24,000858,14:38:45,105.1100,14,2
2026-02-24,000858,14:38:48,105.1000,13,2
2026-02-24,000858,14:38:51,105.1200,3,1
2026-02-24,000858,14:38:54,105.1100,16,2
2026-02-24,000858,14:38:57,105.1100,14,2
2026-02-24,000858,14:39:00,105.1100,30,2
2026-02-24,000858,14:39:03,105.1100,12,4
2026-02-24,000858,14:39:06,105.1200,8,1
2026-02-24,000858,14:39:09,105.1200,4,1
2026-02-24,000858,14:39:12,105.1100,9,2
2026-02-24,000858,14:39:15,105.1100,11,2
2026-02-24,000858,14:39:18,105.1100,15,2
2026-02-24,000858,14:39:21,105.1000,20,2
2026-02-24,000858,14:39:24,105.1100,7,4
2026-02-24,000858,14:39:27,105.1100,24,1
2026-02-24,000858,14:39:30,105.1100,6,1
2026-02-24,000858,14:39:33,105.1100,13,1
2026-02-24,000858,14:39:36,105.1100,26,1
2026-02-24,000858,14:39:39,105.1100,12,1
2026-02-24,000858,14:39:42,105.1100,8,1
2026-02-24,000858,14:39:45,105.1100,33,1
2026-02-24,000858,14:39:48,105.1100,26,1
2026-02-24,000858,14:39:51,105.1100,6,1
2026-02-24,000858,14:39:54,105.1000,31,2
2026-02-24,000858,14:39:57,105.1200,27,1
2026-02-24,000858,14:40:00,105.1000,26,2
2026-02-24,000858,14:40:03,105.1000,24,2
2026-02-24,000858,14:40:06,105.1100,194,2
2026-02-24,000858,14:40:09,105.1100,11,2
2026-02-24,000858,14:40:12,105.1100,13,1
2026-02-24,000858,14:40:15,105.1000,109,2
2026-02-24,000858,14:40:18,105.1000,47,2
2026-02-24,000858,14:40:21,105.1100,30,1
2026-02-24,000858,14:40:24,105.1000,11,2
2026-02-24,000858,14:40:27,105.1000,22,2
2026-02-24,000858,14:40:30,105.1100,38,1
2026-02-24,000858,14:40:33,105.1100,11,1
2026-02-24,000858,14:40:36,105.1100,42,1
2026-02-24,000858,14:40:39,105.1100,15,1
2026-02-24,000858,14:40:42,105.1100,6,1
2026-02-24,000858,14:40:45,105.1100,3,1
2026-02-24,000858,14:40:48,105.1000,24,2
2026-02-24,000858,14:40:51,105.1000,30,2
2026-02-24,000858,14:40:54,105.1100,13,1
2026-02-24,000858,14:40:57,105.1100,36,1
2026-02-24,000858,14:41:00,105.1000,5,2
2026-02-24,000858,14:41:03,105.1100,13,1
2026-02-24,000858,14:41:06,105.1100,34,1
2026-02-24,000858,14:41:09,105.1200,3,1
2026-02-24,000858,14:41:12,105.1100,1,2
2026-02-24,000858,14:41:15,105.1200,8,1
2026-02-24,000858,14:41:18,105.1200,163,1
2026-02-24,000858,14:41:21,105.1100,1,2
2026-02-24,000858,14:41:24,105.1100,15,2
2026-02-24,000858,14:41:27,105.1100,16,2
2026-02-24,000858,14:41:30,105.1000,38,2
2026-02-24,000858,14:41:33,105.1100,44,1
2026-02-24,000858,14:41:36,105.1000,19,2
2026-02-24,000858,14:41:39,105.1100,8,4
2026-02-24,000858,14:41:42,105.1100,24,2
2026-02-24,000858,14:41:45,105.1100,12,2
2026-02-24,000858,14:41:48,105.1100,21,1
2026-02-24,000858,14:41:51,105.1200,4,1
2026-02-24,000858,14:41:54,105.1200,13,1
2026-02-24,000858,14:41:57,105.1000,11,2
2026-02-24,000858,14:42:00,105.1000,28,2
2026-02-24,000858,14:42:03,105.1100,1,4
2026-02-24,000858,14:42:06,105.1100,9,2
2026-02-24,000858,14:42:09,105.1100,3,2
2026-02-24,000858,14:42:12,105.1100,15,2
2026-02-24,000858,14:42:15,105.1100,26,2
2026-02-24,000858,14:42:18,105.1100,3,2
2026-02-24,000858,14:42:21,105.1200,61,1
2026-02-24,000858,14:42:24,105.1100,17,2
2026-02-24,000858,14:42:27,105.1200,24,1
2026-02-24,000858,14:42:30,105.1200,14,1
2026-02-24,000858,14:42:33,105.1200,4,1
2026-02-24,000858,14:42:36,105.1200,27,1
2026-02-24,000858,14:42:39,105.1100,21,2
2026-02-24,000858,14:42:42,105.1200,29,1
2026-02-24,000858,14:42:45,105.1200,13,1
2026-02-24,000858,14:42:48,105.1200,7,1
2026-02-24,000858,14:42:51,105.1100,24,2
2026-02-24,000858,14:42:54,105.1200,19,1
2026-02-24,000858,14:42:57,105.1200,15,1
2026-02-24,000858,14:43:00,105.1200,9,2
2026-02-24,000858,14:43:03,105.1300,300,1
2026-02-24,000858,14:43:06,105.1200,7,4
2026-02-24,000858,14:43:09,105.1200,6,2
2026-02-24,000858,14:43:12,105.1300,20,1
2026-02-24,000858,14:43:15,105.1300,44,1
2026-02-24,000858,14:43:18,105.1100,29,2
2026-02-24,000858,14:43:21,105.1300,9,1
2026-02-24,000858,14:43:24,105.1300,3,1
2026-02-24,000858,14:43:27,105.1300,3,1
2026-02-24,000858,14:43:30,105.1300,12,1
2026-02-24,000858,14:43:33,105.1300,39,1
2026-02-24,000858,14:43:36,105.1200,18,2
2026-02-24,000858,14:43:39,105.1100,39,2
2026-02-24,000858,14:43:42,105.1200,37,1
2026-02-24,000858,14:43:45,105.1200,14,1
2026-02-24,000858,14:43:48,105.1200,10,1
2026-02-24,000858,14:43:51,105.1200,18,1
2026-02-24,000858,14:43:54,105.1200,24,1
2026-02-24,000858,14:43:57,105.1100,4,2
2026-02-24,000858,14:44:00,105.1200,30,1
2026-02-24,000858,14:44:03,105.1100,44,2
2026-02-24,000858,14:44:06,105.1100,20,2
2026-02-24,000858,14:44:09,105.1100,10,2
2026-02-24,000858,14:44:12,105.1100,40,2
2026-02-24,000858,14:44:15,105.1200,15,1
2026-02-24,000858,14:44:18,105.1200,25,1
2026-02-24,000858,14:44:21,105.1100,36,2
2026-02-24,000858,14:44:24,105.1300,68,1
2026-02-24,000858,14:44:27,105.1300,4,1
2026-02-24,000858,14:44:30,105.1300,17,1
2026-02-24,000858,14:44:33,105.1200,9,1
2026-02-24,000858,14:44:36,105.1300,7,1
2026-02-24,000858,14:44:39,105.1200,17,2
2026-02-24,000858,14:44:42,105.1200,15,2
2026-02-24,000858,14:44:45,105.1300,19,1
2026-02-24,000858,14:44:48,105.1200,7,2
2026-02-24,000858,14:44:51,105.1300,14,1
2026-02-24,000858,14:44:54,105.1300,4,1
2026-02-24,000858,14:44:57,105.1200,19,2
2026-02-24,000858,14:45:00,105.1200,7,2
2026-02-24,000858,14:45:03,105.1300,4,1
2026-02-24,000858,14:45:06,105.1200,4,2
2026-02-24,000858,14:45:09,105.1300,5,1
2026-02-24,000858,14:45:12,105.1300,95,1
2026-02-24,000858,14:45:15,105.1200,15,2
2026-02-24,000858,14:45:18,105.1300,28,1
2026-02-24,000858,14:45:21,105.1300,72,1
2026-02-24,000858,14:45:24,105.1100,15,2
2026-02-24,000858,14:45:27,105.1200,3,4
2026-02-24,000858,14:45:30,105.1200,7,2
2026-02-24,000858,14:45:33,105.1100,39,2
2026-02-24,000858,14:45:36,105.1100,24,2
2026-02-24,000858,14:45:39,105.1300,98,1
2026-02-24,000858,14:45:42,105.1100,4,2
2026-02-24,000858,14:45:45,105.1200,40,1
2026-02-24,000858,14:45:48,105.1200,50,2
2026-02-24,000858,14:45:51,105.1200,35,2
2026-02-24,000858,14:45:54,105.1300,48,1
2026-02-24,000858,14:45:57,105.1300,9,1
2026-02-24,000858,14:46:00,105.1300,60,1
2026-02-24,000858,14:46:03,105.1300,16,1
2026-02-24,000858,14:46:06,105.1200,34,2
2026-02-24,000858,14:46:09,105.1200,16,2
2026-02-24,000858,14:46:12,105.1300,3,2
2026-02-24,000858,14:46:15,105.1300,13,2
2026-02-24,000858,14:46:18,105.1400,12,1
2026-02-24,000858,14:46:21,105.1300,28,2
2026-02-24,000858,14:46:24,105.1300,20,2
2026-02-24,000858,14:46:27,105.1300,22,2
2026-02-24,000858,14:46:30,105.1300,5,1
2026-02-24,000858,14:46:33,105.1300,18,1
2026-02-24,000858,14:46:36,105.1300,37,1
2026-02-24,000858,14:46:39,105.1200,29,2
2026-02-24,000858,14:46:42,105.1300,26,1
2026-02-24,000858,14:46:45,105.1300,3,1
2026-02-24,000858,14:46:48,105.1200,51,2
2026-02-24,000858,14:46:51,105.1100,237,2
2026-02-24,000858,14:46:54,105.1200,2,1
2026-02-24,000858,14:46:57,105.1100,287,2
2026-02-24,000858,14:47:00,105.1200,252,2
2026-02-24,000858,14:47:03,105.1200,12,1
2026-02-24,000858,14:47:06,105.1100,5,2
2026-02-24,000858,14:47:09,105.1200,4,1
2026-02-24,000858,14:47:12,105.1200,51,1
2026-02-24,000858,14:47:15,105.1000,14,2
2026-02-24,000858,14:47:18,105.1100,11,1
2026-02-24,000858,14:47:21,105.1200,26,1
2026-02-24,000858,14:47:24,105.1200,88,1
2026-02-24,000858,14:47:27,105.1100,46,2
2026-02-24,000858,14:47:30,105.1100,43,2
2026-02-24,000858,14:47:33,105.1100,31,2
2026-02-24,000858,14:47:36,105.1200,8,1
2026-02-24,000858,14:47:39,105.1200,11,1
2026-02-24,000858,14:47:42,105.1200,45,1
2026-02-24,000858,14:47:45,105.1100,3,4
2026-02-24,000858,14:47:48,105.1000,26,2
2026-02-24,000858,14:47:51,105.1000,24,2
2026-02-24,000858,14:47:54,105.1100,13,1
2026-02-24,000858,14:47:57,105.1100,9,1
2026-02-24,000858,14:48:00,105.1100,39,1
2026-02-24,000858,14:48:03,105.1100,32,4
2026-02-24,000858,14:48:06,105.1000,162,2
2026-02-24,000858,14:48:09,105.1000,43,2
2026-02-24,000858,14:48:12,105.1000,120,2
2026-02-24,000858,14:48:15,105.1000,24,1
2026-02-24,000858,14:48:18,105.1000,8,1
2026-02-24,000858,14:48:21,105.1000,10,2
2026-02-24,000858,14:48:24,105.1100,5,1
2026-02-24,000858,14:48:27,105.1000,25,2
2026-02-24,000858,14:48:30,105.1200,36,1
2026-02-24,000858,14:48:33,105.1000,26,2
2026-02-24,000858,14:48:36,105.1000,13,2
2026-02-24,000858,14:48:39,105.1200,102,1
2026-02-24,000858,14:48:42,105.1100,15,4
2026-02-24,000858,14:48:45,105.1100,10,2
2026-02-24,000858,14:48:48,105.1200,50,1
2026-02-24,000858,14:48:51,105.1200,31,1
2026-02-24,000858,14:48:54,105.1200,17,1
2026-02-24,000858,14:48:57,105.1000,19,2
2026-02-24,000858,14:49:00,105.1200,39,1
2026-02-24,000858,14:49:03,105.1000,194,2
2026-02-24,000858,14:49:06,105.1000,11,2
2026-02-24,000858,14:49:09,105.1000,102,2
2026-02-24,000858,14:49:12,105.1000,21,2
2026-02-24,000858,14:49:15,105.1100,8,1
2026-02-24,000858,14:49:18,105.1100,7,1
2026-02-24,000858,14:49:21,105.1100,27,1
2026-02-24,000858,14:49:24,105.1000,11,2
2026-02-24,000858,14:49:27,105.1000,5,2
2026-02-24,000858,14:49:30,105.1000,53,2
2026-02-24,000858,14:49:33,105.1000,17,2
2026-02-24,000858,14:49:36,105.1000,67,2
2026-02-24,000858,14:49:39,105.1000,16,4
2026-02-24,000858,14:49:42,105.1000,17,1
2026-02-24,000858,14:49:45,105.0900,60,2
2026-02-24,000858,14:49:48,105.1000,45,1
2026-02-24,000858,14:49:51,105.1000,19,2
2026-02-24,000858,14:49:54,105.1000,29,2
2026-02-24,000858,14:49:57,105.1000,21,2
2026-02-24,000858,14:50:00,105.1000,21,2
2026-02-24,000858,14:50:03,105.1000,65,2
2026-02-24,000858,14:50:06,105.0900,12,2
2026-02-24,000858,14:50:09,105.1000,22,1
2026-02-24,000858,14:50:12,105.1000,25,2
2026-02-24,000858,14:50:15,105.1100,6,4
2026-02-24,000858,14:50:18,105.1300,46,1
2026-02-24,000858,14:50:21,105.1200,1,2
2026-02-24,000858,14:50:24,105.0800,745,2
2026-02-24,000858,14:50:27,105.0800,30,1
2026-02-24,000858,14:50:30,105.1100,65,1
2026-02-24,000858,14:50:33,105.0800,38,2
2026-02-24,000858,14:50:36,105.0800,27,1
2026-02-24,000858,14:50:39,105.0800,27,2
2026-02-24,000858,14:50:42,105.0800,60,2
2026-02-24,000858,14:50:45,105.1000,9,1
2026-02-24,000858,14:50:48,105.0900,16,2
2026-02-24,000858,14:50:51,105.1200,3,1
2026-02-24,000858,14:50:54,105.1200,6,1
2026-02-24,000858,14:50:57,105.1100,3,2
2026-02-24,000858,14:51:00,105.1200,16,1
2026-02-24,000858,14:51:03,105.1000,46,2
2026-02-24,000858,14:51:06,105.1100,5,1
2026-02-24,000858,14:51:09,105.1000,5,2
2026-02-24,000858,14:51:12,105.1100,38,1
2026-02-24,000858,14:51:15,105.1100,14,1
2026-02-24,000858,14:51:18,105.0800,570,2
2026-02-24,000858,14:51:21,105.0800,42,1
2026-02-24,000858,14:51:24,105.1000,26,1
2026-02-24,000858,14:51:27,105.1000,2,1
2026-02-24,000858,14:51:30,105.0900,6,2
2026-02-24,000858,14:51:33,105.0900,2,2
2026-02-24,000858,14:51:36,105.1000,4,1
2026-02-24,000858,14:51:39,105.0900,14,2
2026-02-24,000858,14:51:42,105.0900,38,2
2026-02-24,000858,14:51:45,105.0800,34,2
2026-02-24,000858,14:51:48,105.0900,10,4
2026-02-24,000858,14:51:51,105.0900,8,1
2026-02-24,000858,14:51:54,105.0900,10,1
2026-02-24,000858,14:51:57,105.0900,17,1
2026-02-24,000858,14:52:00,105.0900,40,2
2026-02-24,000858,14:52:03,105.0900,64,2
2026-02-24,000858,14:52:06,105.0800,20,2
2026-02-24,000858,14:52:09,105.1000,16,1
2026-02-24,000858,14:52:12,105.1000,21,1
2026-02-24,000858,14:52:15,105.0900,78,4
2026-02-24,000858,14:52:18,105.1000,37,1
2026-02-24,000858,14:52:21,105.1000,24,1
2026-02-24,000858,14:52:24,105.0900,21,2
2026-02-24,000858,14:52:27,105.0900,26,1
2026-02-24,000858,14:52:30,105.1000,19,1
2026-02-24,000858,14:52:33,105.0900,14,2
2026-02-24,000858,14:52:36,105.1000,20,1
2026-02-24,000858,14:52:39,105.1000,44,1
2026-02-24,000858,14:52:42,105.1100,85,1
2026-02-24,000858,14:52:45,105.1000,14,2
2026-02-24,000858,14:52:48,105.1000,27,1
2026-02-24,000858,14:52:51,105.1000,20,4
2026-02-24,000858,14:52:54,105.1000,12,1
2026-02-24,000858,14:52:57,105.1000,35,1
2026-02-24,000858,14:53:00,105.1000,27,1
2026-02-24,000858,14:53:03,105.1000,19,2
2026-02-24,000858,14:53:06,105.1100,11,1
2026-02-24,000858,14:53:09,105.1100,10,1
2026-02-24,000858,14:53:12,105.1000,11,2
2026-02-24,000858,14:53:15,105.1000,80,2
2026-02-24,000858,14:53:18,105.1000,28,1
2026-02-24,000858,14:53:21,105.1000,32,2
2026-02-24,000858,14:53:24,105.1000,14,2
2026-02-24,000858,14:53:27,105.1100,10,1
2026-02-24,000858,14:53:30,105.1000,67,2
2026-02-24,000858,14:53:33,105.1100,28,1
2026-02-24,000858,14:53:36,105.1100,14,1
2026-02-24,000858,14:53:39,105.1000,34,2
2026-02-24,000858,14:53:42,105.1000,46,2
2026-02-24,000858,14:53:45,105.1200,38,1
2026-02-24,000858,14:53:48,105.1200,24,1
2026-02-24,000858,14:53:51,105.1100,30,2
2026-02-24,000858,14:53:54,105.1100,21,1
2026-02-24,000858,14:53:57,105.1100,14,1
2026-02-24,000858,14:54:00,105.1200,41,1
2026-02-24,000858,14:54:03,105.1100,22,2
2026-02-24,000858,14:54:06,105.1200,31,1
2026-02-24,000858,14:54:09,105.1200,8,1
2026-02-24,000858,14:54:12,105.1100,38,2
2026-02-24,000858,14:54:15,105.1200,16,1
2026-02-24,000858,14:54:18,105.1100,38,2
2026-02-24,000858,14:54:21,105.1200,29,1
2026-02-24,000858,14:54:24,105.1100,38,2
2026-02-24,000858,14:54:27,105.1200,34,1
2026-02-24,000858,14:54:30,105.1100,17,2
2026-02-24,000858,14:54:33,105.1200,73,1
2026-02-24,000858,14:54:36,105.1300,104,1
2026-02-24,000858,14:54:39,105.1100,15,2
2026-02-24,000858,14:54:42,105.1200,7,1
2026-02-24,000858,14:54:45,105.1200,38,1
2026-02-24,000858,14:54:48,105.1300,37,1
2026-02-24,000858,14:54:51,105.1300,78,1
2026-02-24,000858,14:54:54,105.1200,22,2
2026-02-24,000858,14:54:57,105.1200,19,4
2026-02-24,000858,14:55:00,105.1200,23,1
2026-02-24,000858,14:55:03,105.1200,47,1
2026-02-24,000858,14:55:06,105.1100,384,2
2026-02-24,000858,14:55:09,105.1100,59,2
2026-02-24,000858,14:55:12,105.1200,63,1
2026-02-24,000858,14:55:15,105.1200,40,1
2026-02-24,000858,14:55:18,105.1200,53,4
2026-02-24,000858,14:55:21,105.1100,68,2
2026-02-24,000858,14:55:24,105.1200,47,4
2026-02-24,000858,14:55:27,105.1300,28,1
2026-02-24,000858,14:55:30,105.1000,40,2
2026-02-24,000858,14:55:33,105.1200,132,1
2026-02-24,000858,14:55:36,105.1100,55,2
2026-02-24,000858,14:55:39,105.1000,12,2
2026-02-24,000858,14:55:42,105.1100,21,1
2026-02-24,000858,14:55:45,105.1000,69,2
2026-02-24,000858,14:55:48,105.1100,6,2
2026-02-24,000858,14:55:51,105.1100,22,2
2026-02-24,000858,14:55:54,105.1200,21,1
2026-02-24,000858,14:55:57,105.1100,108,2
2026-02-24,000858,14:56:00,105.1100,23,1
2026-02-24,000858,14:56:03,105.1000,38,2
2026-02-24,000858,14:56:06,105.1100,42,4
2026-02-24,000858,14:56:09,105.1100,20,1
2026-02-24,000858,14:56:12,105.1000,66,2
2026-02-24,000858,14:56:15,105.1000,33,2
2026-02-24,000858,14:56:18,105.1200,58,1
2026-02-24,000858,14:56:21,105.1300,73,1
2026-02-24,000858,14:56:24,105.1000,35,2
2026-02-24,000858,14:56:27,105.1200,62,1
2026-02-24,000858,14:56:30,105.1100,25,2
2026-02-24,000858,14:56:33,105.1000,27,2
2026-02-24,000858,14:56:36,105.1100,17,2
2026-02-24,000858,14:56:39,105.1100,61,2
2026-02-24,000858,14:56:42,105.1300,38,1
2026-02-24,000858,14:56:45,105.1500,47,1
2026-02-24,000858,14:56:48,105.1100,97,2
2026-02-24,000858,14:56:51,105.1300,5,1
2026-02-24,000858,14:56:54,105.1200,15,2
2026-02-24,000858,14:56:57,105.1200,25,2
2026-02-24,000858,14:57:00,105.1400,16,1
2026-02-24,000858,15:00:00,105.1600,1637,4
2026-02-24,000858,13:10:54,105.4300,20,1
2026-02-24,000858,13:10:57,105.4200,12,2
2026-02-24,000858,13:11:00,105.4200,8,2
2026-02-24,000858,13:11:03,105.4300,71,1
2026-02-24,000858,13:11:06,105.4200,292,2
2026-02-24,000858,13:11:09,105.4200,9,2
2026-02-24,000858,13:11:12,105.4000,24,2
2026-02-24,000858,13:11:15,105.4000,24,1
2026-02-24,000858,13:11:18,105.4000,2,1
2026-02-24,000858,13:11:21,105.3900,13,2
2026-02-24,000858,13:11:27,105.3900,11,2
2026-02-24,000858,13:11:30,105.4000,5,1
2026-02-24,000858,13:11:33,105.3900,11,2
2026-02-24,000858,13:11:36,105.3900,148,2
2026-02-24,000858,13:11:39,105.3900,14,1
2026-02-24,000858,13:11:42,105.3800,3,2
2026-02-24,000858,13:11:45,105.3800,9,2
2026-02-24,000858,13:11:48,105.3900,46,1
2026-02-24,000858,13:11:51,105.3900,2,2
2026-02-24,000858,13:11:54,105.3900,2,2
2026-02-24,000858,13:12:00,105.3900,11,2
2026-02-24,000858,13:12:03,105.4000,8,1
2026-02-24,000858,13:12:06,105.3900,3,2
2026-02-24,000858,13:12:09,105.3900,9,2
2026-02-24,000858,13:12:12,105.3900,1,2
2026-02-24,000858,13:12:15,105.4000,2,1
2026-02-24,000858,13:12:18,105.4000,7,1
2026-02-24,000858,13:12:24,105.3900,18,2
2026-02-24,000858,13:12:27,105.4000,16,1
2026-02-24,000858,13:12:30,105.3900,5,2
2026-02-24,000858,13:12:33,105.4000,1,1
2026-02-24,000858,13:12:36,105.4000,35,1
2026-02-24,000858,13:12:39,105.4300,12,1
2026-02-24,000858,13:12:42,105.4400,1,1
2026-02-24,000858,13:12:51,105.4400,9,1
2026-02-24,000858,13:12:54,105.4700,169,1
2026-02-24,000858,13:12:57,105.4700,3,1
2026-02-24,000858,13:13:00,105.4700,3,1
2026-02-24,000858,13:13:03,105.4600,1,2
2026-02-24,000858,13:13:06,105.4600,17,2
2026-02-24,000858,13:13:09,105.4600,4,1
2026-02-24,000858,13:13:12,105.4800,4,1
2026-02-24,000858,13:13:15,105.4600,8,2
2026-02-24,000858,13:13:18,105.4700,2,4
2026-02-24,000858,13:13:21,105.4800,4,1
2026-02-24,000858,13:13:24,105.4700,2,2
2026-02-24,000858,13:13:27,105.4700,13,2
2026-02-24,000858,13:13:30,105.4700,17,4
2026-02-24,000858,13:13:33,105.4900,3,1
2026-02-24,000858,13:13:36,105.4800,2,2
2026-02-24,000858,13:13:39,105.4900,4,1
2026-02-24,000858,13:13:42,105.4900,1,2
2026-02-24,000858,13:13:45,105.5000,14,1
2026-02-24,000858,13:13:48,105.5000,1,4
2026-02-24,000858,13:13:51,105.4900,14,2
2026-02-24,000858,13:13:54,105.5000,10,1
2026-02-24,000858,13:13:57,105.5000,7,2
2026-02-24,000858,13:14:00,105.5000,16,2
2026-02-24,000858,13:14:03,105.5000,5,1
2026-02-24,000858,13:14:12,105.5000,2,1
2026-02-24,000858,13:14:15,105.5000,11,1
2026-02-24,000858,13:14:18,105.5000,3,1
2026-02-24,000858,13:14:21,105.5200,11,1
2026-02-24,000858,13:14:24,105.5200,2,2
2026-02-24,000858,13:14:27,105.5200,3,2
2026-02-24,000858,13:14:30,105.5400,76,1
2026-02-24,000858,13:14:33,105.5100,8,2
2026-02-24,000858,13:14:36,105.5100,17,2
2026-02-24,000858,13:14:39,105.5200,3,1
2026-02-24,000858,13:14:42,105.5200,29,1
2026-02-24,000858,13:14:45,105.5200,5,1
2026-02-24,000858,13:14:48,105.5100,7,2
2026-02-24,000858,13:14:51,105.5100,46,2
2026-02-24,000858,13:14:54,105.5100,5,1
2026-02-24,000858,13:14:57,105.5000,2,2
2026-02-24,000858,13:15:00,105.5100,27,1
2026-02-24,000858,13:15:03,105.5000,44,2
2026-02-24,000858,13:15:06,105.5000,10,1
2026-02-24,000858,13:15:09,105.5000,6,1
2026-02-24,000858,13:15:12,105.5100,35,1
2026-02-24,000858,13:15:18,105.5000,6,2
2026-02-24,000858,13:15:21,105.5000,44,2
2026-02-24,000858,13:15:24,105.5000,8,1
2026-02-24,000858,13:15:27,105.5000,105,2
2026-02-24,000858,13:15:30,105.5100,7,1
2026-02-24,000858,13:15:33,105.5200,26,1
2026-02-24,000858,13:15:36,105.5100,3,1
2026-02-24,000858,13:15:39,105.5000,7,2
2026-02-24,000858,13:15:42,105.5000,32,2
2026-02-24,000858,13:15:45,105.5000,6,1
2026-02-24,000858,13:15:48,105.5000,9,2
2026-02-24,000858,13:15:51,105.5300,4,1
2026-02-24,000858,13:15:54,105.5300,10,2
2026-02-24,000858,13:15:57,105.5300,25,2
2026-02-24,000858,13:16:00,105.5400,10,1
2026-02-24,000858,13:16:03,105.5000,11,2
2026-02-24,000858,13:16:06,105.5300,1,1
2026-02-24,000858,13:16:09,105.5300,5,1
2026-02-24,000858,13:16:12,105.5100,5,2
2026-02-24,000858,13:16:15,105.5000,1,2
2026-02-24,000858,13:16:18,105.5300,5,1
2026-02-24,000858,13:16:21,105.5300,3,1
2026-02-24,000858,13:16:24,105.5400,20,1
2026-02-24,000858,13:16:27,105.5400,3,1
2026-02-24,000858,13:16:30,105.5300,2,2
2026-02-24,000858,13:16:33,105.5300,3,2
2026-02-24,000858,13:16:36,105.5400,6,1
2026-02-24,000858,13:16:39,105.5400,7,1
2026-02-24,000858,13:16:42,105.5300,2,2
2026-02-24,000858,13:16:45,105.5400,7,1
2026-02-24,000858,13:16:48,105.5300,13,2
2026-02-24,000858,13:16:51,105.5400,2,1
2026-02-24,000858,13:16:54,105.5200,5,2
2026-02-24,000858,13:16:57,105.5400,5,1
2026-02-24,000858,13:17:00,105.5200,4,2
2026-02-24,000858,13:17:03,105.5200,25,4
2026-02-24,000858,13:17:06,105.5200,13,1
2026-02-24,000858,13:17:09,105.5000,2,2
2026-02-24,000858,13:17:12,105.5100,3,2
2026-02-24,000858,13:17:15,105.5000,80,2
2026-02-24,000858,13:17:18,105.5000,32,1
2026-02-24,000858,13:17:21,105.5000,2,1
2026-02-24,000858,13:17:27,105.5000,5,1
2026-02-24,000858,13:17:33,105.4900,8,1
2026-02-24,000858,13:17:36,105.4900,7,1
2026-02-24,000858,13:17:39,105.4900,1,2
2026-02-24,000858,13:17:42,105.4900,4,2
2026-02-24,000858,13:17:48,105.4900,7,2
2026-02-24,000858,13:17:51,105.4900,3,2
2026-02-24,000858,13:17:54,105.5000,15,1
2026-02-24,000858,13:17:57,105.4900,7,2
2026-02-24,000858,13:18:00,105.4900,2,2
2026-02-24,000858,13:18:03,105.4900,2,2
2026-02-24,000858,13:18:06,105.5000,2,1
2026-02-24,000858,13:18:09,105.5000,4,1
2026-02-24,000858,13:18:12,105.5000,1,1
2026-02-24,000858,13:18:15,105.4900,1,2
2026-02-24,000858,13:18:18,105.5000,5,1
2026-02-24,000858,13:18:21,105.5000,8,4
2026-02-24,000858,13:18:24,105.5000,15,2
2026-02-24,000858,13:18:27,105.5100,4,1
2026-02-24,000858,13:18:30,105.5000,4,2
2026-02-24,000858,13:18:33,105.5100,7,1
2026-02-24,000858,13:18:39,105.5000,3,2
2026-02-24,000858,13:18:42,105.5100,17,1
2026-02-24,000858,13:18:45,105.5000,9,4
2026-02-24,000858,13:18:48,105.5100,1,1
2026-02-24,000858,13:18:51,105.5100,2,1
2026-02-24,000858,13:18:57,105.5000,14,2
2026-02-24,000858,13:19:00,105.5000,10,1
2026-02-24,000858,13:19:03,105.5000,2,1
2026-02-24,000858,13:19:06,105.5000,10,1
2026-02-24,000858,13:19:09,105.4900,14,2
2026-02-24,000858,13:19:12,105.4900,7,1
2026-02-24,000858,13:19:15,105.4900,3,1
2026-02-24,000858,13:19:18,105.4900,2,1
2026-02-24,000858,13:19:21,105.5000,10,1
2026-02-24,000858,13:19:24,105.4900,9,2
2026-02-24,000858,13:19:27,105.4900,3,1
2026-02-24,000858,13:19:30,105.4900,6,1
2026-02-24,000858,13:19:33,105.4900,5,1
2026-02-24,000858,13:19:36,105.4700,60,2
2026-02-24,000858,13:19:39,105.4700,8,2
2026-02-24,000858,13:19:42,105.4700,7,1
2026-02-24,000858,13:19:48,105.4600,30,2
2026-02-24,000858,13:19:51,105.4700,8,1
2026-02-24,000858,13:19:54,105.4700,1,1
2026-02-24,000858,13:19:57,105.4700,6,1
2026-02-24,000858,13:20:00,105.4600,4,2
2026-02-24,000858,13:20:03,105.4700,4,1
2026-02-24,000858,13:20:06,105.4600,22,2
2026-02-24,000858,13:20:09,105.4500,13,2
2026-02-24,000858,13:20:15,105.4600,11,1
2026-02-24,000858,13:20:18,105.4600,3,1
2026-02-24,000858,13:20:24,105.4600,9,1
2026-02-24,000858,13:20:27,105.4500,4,2
2026-02-24,000858,13:20:30,105.4600,1,1
2026-02-24,000858,13:20:33,105.4600,8,1
2026-02-24,000858,13:20:36,105.4500,8,2
2026-02-24,000858,13:20:42,105.4600,3,1
2026-02-24,000858,13:20:45,105.4600,9,1
2026-02-24,000858,13:20:48,105.4500,11,2
2026-02-24,000858,13:20:51,105.4700,4,1
2026-02-24,000858,13:20:54,105.4500,18,2
2026-02-24,000858,13:21:06,105.4600,17,1
2026-02-24,000858,13:21:09,105.4600,31,1
2026-02-24,000858,13:21:12,105.4500,1,2
2026-02-24,000858,13:21:15,105.4600,11,1
2026-02-24,000858,13:21:21,105.4500,18,2
2026-02-24,000858,13:21:24,105.4600,70,1
2026-02-24,000858,13:21:27,105.4600,4,1
2026-02-24,000858,13:21:30,105.4500,1,2
2026-02-24,000858,13:21:36,105.4600,7,1
2026-02-24,000858,13:21:42,105.4600,4,2
2026-02-24,000858,13:21:45,105.4700,4,4
2026-02-24,000858,13:21:48,105.4600,5,2
2026-02-24,000858,13:21:51,105.4700,9,1
2026-02-24,000858,13:21:57,105.4700,24,1
2026-02-24,000858,13:22:00,105.4700,2,1
2026-02-24,000858,13:22:03,105.4700,2,1
2026-02-24,000858,13:22:06,105.4700,1,1
2026-02-24,000858,13:22:09,105.4500,9,2
2026-02-24,000858,13:22:12,105.4600,2,2
2026-02-24,000858,13:22:15,105.4500,2,2
2026-02-24,000858,13:22:18,105.4600,8,2
2026-02-24,000858,13:22:24,105.4600,5,1
2026-02-24,000858,13:22:27,105.4700,3,1
2026-02-24,000858,13:22:30,105.4700,13,1
2026-02-24,000858,13:22:33,105.4500,2,2
2026-02-24,000858,13:22:36,105.4600,10,1
2026-02-24,000858,13:22:39,105.4600,1,1
2026-02-24,000858,13:22:42,105.4500,6,2
2026-02-24,000858,13:22:45,105.4600,33,1
2026-02-24,000858,13:22:48,105.4500,10,2
2026-02-24,000858,13:22:54,105.4600,3,2
2026-02-24,000858,13:22:57,105.4700,17,1
2026-02-24,000858,13:23:00,105.4500,1,2
2026-02-24,000858,13:23:03,105.4500,1,2
2026-02-24,000858,13:23:06,105.4500,5,2
2026-02-24,000858,13:23:09,105.4500,1,2
2026-02-24,000858,13:23:12,105.4500,20,2
2026-02-24,000858,13:23:15,105.4600,3,1
2026-02-24,000858,13:23:18,105.4600,4,2
2026-02-24,000858,13:23:21,105.4600,10,2
2026-02-24,000858,13:23:24,105.4600,18,2
2026-02-24,000858,13:23:30,105.4600,4,1
2026-02-24,000858,13:23:33,105.4500,1,2
2026-02-24,000858,13:23:39,105.4700,3,1
2026-02-24,000858,13:23:42,105.4600,21,2
2026-02-24,000858,13:23:45,105.4800,3,1
2026-02-24,000858,13:23:48,105.4600,2,1
2026-02-24,000858,13:23:51,105.4600,4,1
2026-02-24,000858,13:23:54,105.4500,37,2
2026-02-24,000858,13:23:57,105.4700,2,1
2026-02-24,000858,13:24:03,105.4600,3,2
2026-02-24,000858,13:24:06,105.4700,5,1
2026-02-24,000858,13:24:09,105.4600,14,2
2026-02-24,000858,13:24:12,105.4700,8,4
2026-02-24,000858,13:24:15,105.4700,3,4
2026-02-24,000858,13:24:18,105.4600,17,1
2026-02-24,000858,13:24:21,105.4700,3,1
2026-02-24,000858,13:24:24,105.4600,17,2
2026-02-24,000858,13:24:27,105.4700,11,1
2026-02-24,000858,13:24:30,105.4600,18,2
2026-02-24,000858,13:24:33,105.4600,3,1
2026-02-24,000858,13:24:39,105.4700,2,1
2026-02-24,000858,13:24:42,105.4700,13,1
2026-02-24,000858,13:24:45,105.4700,2,1
2026-02-24,000858,13:24:48,105.4700,3,1
2026-02-24,000858,13:24:51,105.4700,2,2
2026-02-24,000858,13:24:54,105.4700,1,1
2026-02-24,000858,13:24:57,105.4700,2,2
2026-02-24,000858,13:25:00,105.4600,4,2
2026-02-24,000858,13:25:03,105.4600,2,2
2026-02-24,000858,13:25:06,105.4600,7,2
2026-02-24,000858,13:25:12,105.4600,33,2
2026-02-24,000858,13:25:15,105.4500,11,2
2026-02-24,000858,13:25:18,105.4500,12,2
2026-02-24,000858,13:25:21,105.4500,2,2
2026-02-24,000858,13:25:24,105.4600,13,1
2026-02-24,000858,13:25:27,105.4600,3,1
2026-02-24,000858,13:25:33,105.4800,25,1
2026-02-24,000858,13:25:36,105.4500,23,2
2026-02-24,000858,13:25:39,105.4600,6,2
2026-02-24,000858,13:25:45,105.4700,6,1
2026-02-24,000858,13:25:48,105.4700,6,1
2026-02-24,000858,13:25:51,105.4600,3,2
2026-02-24,000858,13:25:54,105.4700,2,1
2026-02-24,000858,13:25:57,105.4700,18,2
2026-02-24,000858,13:26:00,105.4600,4,2
2026-02-24,000858,13:26:03,105.4600,1,2
2026-02-24,000858,13:26:06,105.4800,40,1
2026-02-24,000858,13:26:09,105.4700,15,1
2026-02-24,000858,13:26:12,105.4800,35,1
2026-02-24,000858,13:26:15,105.4800,3,1
2026-02-24,000858,13:26:18,105.4700,2,2
2026-02-24,000858,13:26:21,105.4800,2,1
2026-02-24,000858,13:26:24,105.4800,20,1
2026-02-24,000858,13:26:27,105.4800,6,1
2026-02-24,000858,13:26:30,105.4800,8,1
2026-02-24,000858,13:26:33,105.4800,19,1
2026-02-24,000858,13:26:36,105.4800,12,1
2026-02-24,000858,13:26:39,105.4800,4,1
2026-02-24,000858,13:26:42,105.4700,22,2
2026-02-24,000858,13:26:45,105.4800,12,1
2026-02-24,000858,13:26:48,105.4700,6,2
2026-02-24,000858,13:26:51,105.4700,1,1
2026-02-24,000858,13:26:57,105.4700,2,1
2026-02-24,000858,13:27:00,105.4700,12,1
2026-02-24,000858,13:27:03,105.4700,3,1
2026-02-24,000858,13:27:06,105.4700,6,1
2026-02-24,000858,13:27:09,105.4600,41,2
2026-02-24,000858,13:27:12,105.4500,7,2
2026-02-24,000858,13:27:15,105.4600,3,1
2026-02-24,000858,13:27:18,105.4600,43,1
2026-02-24,000858,13:27:21,105.4500,9,2
2026-02-24,000858,13:27:24,105.4500,35,2
2026-02-24,000858,13:27:27,105.4500,101,2
2026-02-24,000858,13:27:30,105.4500,4,1
2026-02-24,000858,13:27:36,105.4400,3,2
2026-02-24,000858,13:27:39,105.4400,2,2
2026-02-24,000858,13:27:42,105.4500,12,1
2026-02-24,000858,13:27:45,105.4500,5,1
2026-02-24,000858,13:27:48,105.4600,12,1
2026-02-24,000858,13:27:51,105.4500,2,2
2026-02-24,000858,13:27:54,105.4600,2,1
2026-02-24,000858,13:28:00,105.4500,2,2
2026-02-24,000858,13:28:06,105.4500,5,2
2026-02-24,000858,13:28:09,105.4500,12,2
2026-02-24,000858,13:28:12,105.4600,2,1
2026-02-24,000858,13:28:15,105.4600,2,1
2026-02-24,000858,13:28:18,105.4500,7,2
2026-02-24,000858,13:28:21,105.4500,30,2
2026-02-24,000858,13:28:24,105.4600,17,1
2026-02-24,000858,13:28:27,105.4500,17,2
2026-02-24,000858,13:28:30,105.4500,2,1
2026-02-24,000858,13:28:33,105.4400,2,2
2026-02-24,000858,13:28:36,105.4500,2,1
2026-02-24,000858,13:28:39,105.4500,3,1
2026-02-24,000858,13:28:42,105.4400,9,2
2026-02-24,000858,13:28:45,105.4400,12,2
2026-02-24,000858,13:28:48,105.4400,2,2
2026-02-24,000858,13:28:51,105.4500,15,1
2026-02-24,000858,13:28:54,105.4400,3,2
2026-02-24,000858,13:28:57,105.4500,3,1
2026-02-24,000858,13:29:00,105.4400,6,2
2026-02-24,000858,13:29:06,105.4500,14,1
2026-02-24,000858,13:29:09,105.4400,84,2
2026-02-24,000858,13:29:12,105.4500,5,1
2026-02-24,000858,13:29:15,105.4300,5,2
2026-02-24,000858,13:29:18,105.4500,4,1
2026-02-24,000858,13:29:21,105.4400,8,2
2026-02-24,000858,13:29:24,105.4300,4,2
2026-02-24,000858,13:29:30,105.4300,5,2
2026-02-24,000858,13:29:33,105.4500,1,1
2026-02-24,000858,13:29:36,105.4500,6,1
2026-02-24,000858,13:29:39,105.4600,2,1
2026-02-24,000858,13:29:42,105.4500,4,2
2026-02-24,000858,13:29:45,105.4500,8,2
2026-02-24,000858,13:29:48,105.4600,9,1
2026-02-24,000858,13:29:51,105.4600,3,1
2026-02-24,000858,13:29:54,105.4600,3,1
2026-02-24,000858,13:29:57,105.4600,28,1
2026-02-24,000858,13:30:00,105.4600,8,1
2026-02-24,000858,13:30:03,105.4600,1,1
2026-02-24,000858,13:30:06,105.4600,13,1
2026-02-24,000858,13:30:09,105.4600,2,1
2026-02-24,000858,13:30:12,105.4600,3,1
2026-02-24,000858,13:30:15,105.4600,17,1
2026-02-24,000858,13:30:18,105.4600,19,1
2026-02-24,000858,13:30:21,105.4500,26,2
2026-02-24,000858,13:30:24,105.4700,10,1
2026-02-24,000858,13:30:27,105.4500,7,2
2026-02-24,000858,13:30:30,105.4600,5,1
2026-02-24,000858,13:30:33,105.4600,5,1
2026-02-24,000858,13:30:39,105.4600,21,2
2026-02-24,000858,13:30:42,105.4700,21,1
2026-02-24,000858,13:30:45,105.4700,23,1
2026-02-24,000858,13:30:48,105.4600,7,2
2026-02-24,000858,13:30:51,105.4600,1,2
2026-02-24,000858,13:30:54,105.4700,4,1
2026-02-24,000858,13:30:57,105.4700,4,1
2026-02-24,000858,13:31:00,105.4700,5,1
2026-02-24,000858,13:31:03,105.4600,35,2
2026-02-24,000858,13:31:06,105.4700,21,1
2026-02-24,000858,13:31:09,105.4600,11,2
2026-02-24,000858,13:31:12,105.4700,12,1
2026-02-24,000858,13:31:15,105.4700,10,1
2026-02-24,000858,13:31:18,105.4600,3,2
2026-02-24,000858,13:31:21,105.4700,5,1
2026-02-24,000858,13:31:24,105.4700,10,1
2026-02-24,000858,13:31:27,105.4700,18,1
2026-02-24,000858,13:31:30,105.4600,7,2
2026-02-24,000858,13:31:33,105.4600,5,4
2026-02-24,000858,13:31:36,105.4600,6,2
2026-02-24,000858,13:31:39,105.4600,3,2
2026-02-24,000858,13:31:42,105.4600,2,2
2026-02-24,000858,13:31:45,105.4600,1,1
2026-02-24,000858,13:31:48,105.4600,44,1
2026-02-24,000858,13:31:51,105.4500,6,2
2026-02-24,000858,13:31:54,105.4600,7,1
2026-02-24,000858,13:31:57,105.4600,25,2
2026-02-24,000858,13:32:00,105.4600,17,1
2026-02-24,000858,13:32:06,105.4600,7,2
2026-02-24,000858,13:32:09,105.4600,6,2
2026-02-24,000858,13:32:12,105.4600,22,2
2026-02-24,000858,13:32:18,105.4500,55,2
2026-02-24,000858,13:32:21,105.4600,16,1
2026-02-24,000858,13:32:24,105.4500,1,1
2026-02-24,000858,13:32:27,105.4500,21,1
2026-02-24,000858,13:32:30,105.4500,83,2
2026-02-24,000858,13:32:33,105.4600,4,2
2026-02-24,000858,13:32:39,105.4600,1,1
2026-02-24,000858,13:32:45,105.4600,17,1
2026-02-24,000858,13:32:51,105.4700,2,1
2026-02-24,000858,13:32:54,105.4800,5,1
2026-02-24,000858,13:33:00,105.4700,9,2
2026-02-24,000858,13:33:03,105.4800,3,1
2026-02-24,000858,13:33:06,105.4700,5,2
2026-02-24,000858,13:33:09,105.4900,12,1
2026-02-24,000858,13:33:12,105.4800,2,2
2026-02-24,000858,13:33:15,105.4700,5,2
2026-02-24,000858,13:33:18,105.4700,4,1
2026-02-24,000858,13:33:21,105.4700,3,1
2026-02-24,000858,13:33:24,105.4600,13,2
2026-02-24,000858,13:33:27,105.4800,8,1
2026-02-24,000858,13:33:30,105.4700,3,2
2026-02-24,000858,13:33:33,105.4800,18,1
2026-02-24,000858,13:33:36,105.4800,13,1
2026-02-24,000858,13:33:39,105.4700,5,2
2026-02-24,000858,13:33:45,105.4800,2,1
2026-02-24,000858,13:33:48,105.4800,12,1
2026-02-24,000858,13:33:54,105.4700,5,2
2026-02-24,000858,13:33:57,105.4800,13,1
2026-02-24,000858,13:34:00,105.4800,39,1
2026-02-24,000858,13:34:03,105.4800,1,1
2026-02-24,000858,13:34:06,105.4800,21,1
2026-02-24,000858,13:34:12,105.4800,12,1
2026-02-24,000858,13:34:15,105.4800,6,1
2026-02-24,000858,13:34:18,105.4700,7,2
2026-02-24,000858,13:34:21,105.4800,2,1
2026-02-24,000858,13:34:24,105.4800,11,1
2026-02-24,000858,13:34:27,105.4700,34,2
2026-02-24,000858,13:34:30,105.4800,4,1
2026-02-24,000858,13:34:33,105.4800,3,1
2026-02-24,000858,13:34:36,105.4700,8,2
2026-02-24,000858,13:34:39,105.4700,24,2
2026-02-24,000858,13:34:42,105.4800,12,1
2026-02-24,000858,13:34:45,105.4800,9,2
2026-02-24,000858,13:34:48,105.4800,15,4
2026-02-24,000858,13:34:54,105.4900,6,1
2026-02-24,000858,13:34:57,105.4800,3,1
2026-02-24,000858,13:35:00,105.4900,51,1
2026-02-24,000858,13:35:03,105.4700,5,2
2026-02-24,000858,13:35:06,105.4800,15,2
2026-02-24,000858,13:35:09,105.5000,1,1
2026-02-24,000858,13:35:12,105.4900,1,2
2026-02-24,000858,13:35:18,105.5000,2,1
2026-02-24,000858,13:35:21,105.5000,12,1
2026-02-24,000858,13:35:24,105.5000,3,1
2026-02-24,000858,13:35:30,105.4900,4,2
2026-02-24,000858,13:35:33,105.4900,1,2
2026-02-24,000858,13:35:36,105.5000,9,1
2026-02-24,000858,13:35:39,105.4900,4,2
2026-02-24,000858,13:35:42,105.4900,7,2
2026-02-24,000858,13:35:45,105.5000,3,1
2026-02-24,000858,13:35:48,105.5000,17,1
2026-02-24,000858,13:35:54,105.4900,3,2
2026-02-24,000858,13:35:57,105.5000,3,1
2026-02-24,000858,13:36:00,105.4900,3,2
2026-02-24,000858,13:36:03,105.4900,42,2
2026-02-24,000858,13:36:06,105.4900,37,2
2026-02-24,000858,13:36:09,105.4900,10,1
2026-02-24,000858,13:36:12,105.4800,2,2
2026-02-24,000858,13:36:15,105.4800,15,2
2026-02-24,000858,13:36:18,105.4900,3,1
2026-02-24,000858,13:36:21,105.4900,6,1
2026-02-24,000858,13:36:30,105.4900,3,1
2026-02-24,000858,13:36:33,105.4900,6,1
2026-02-24,000858,13:36:36,105.4800,10,2
2026-02-24,000858,13:36:39,105.4900,11,1
2026-02-24,000858,13:36:42,105.4900,3,1
2026-02-24,000858,13:36:45,105.4800,6,2
2026-02-24,000858,13:36:48,105.4900,1,4
2026-02-24,000858,13:36:51,105.5000,4,1
2026-02-24,000858,13:36:54,105.4800,22,2
2026-02-24,000858,13:36:57,105.5000,3,1
2026-02-24,000858,13:37:00,105.4800,2,2
2026-02-24,000858,13:37:03,105.4900,3,1
2026-02-24,000858,13:37:06,105.4900,17,1
2026-02-24,000858,13:37:09,105.4800,9,2
2026-02-24,000858,13:37:12,105.4700,204,2
2026-02-24,000858,13:37:15,105.4600,11,2
2026-02-24,000858,13:37:18,105.4600,14,2
2026-02-24,000858,13:37:21,105.4700,3,4
2026-02-24,000858,13:37:24,105.4700,12,1
2026-02-24,000858,13:37:27,105.4700,5,1
2026-02-24,000858,13:37:30,105.4700,7,2
2026-02-24,000858,13:37:33,105.4600,8,2
2026-02-24,000858,13:37:36,105.4700,6,1
2026-02-24,000858,13:37:42,105.4700,2,1
2026-02-24,000858,13:37:45,105.4600,21,2
2026-02-24,000858,13:37:48,105.4600,12,2
2026-02-24,000858,13:37:51,105.4600,2,2
2026-02-24,000858,13:37:54,105.4600,2,2
2026-02-24,000858,13:38:00,105.4600,17,2
2026-02-24,000858,13:38:03,105.4600,19,2
2026-02-24,000858,13:38:06,105.4500,1,2
2026-02-24,000858,13:38:09,105.4500,7,2
2026-02-24,000858,13:38:12,105.4600,15,1
2026-02-24,000858,13:38:15,105.4600,11,1
2026-02-24,000858,13:38:18,105.4600,11,1
2026-02-24,000858,13:38:21,105.4500,6,2
2026-02-24,000858,13:38:24,105.4500,3,2
2026-02-24,000858,13:38:27,105.4500,22,2
2026-02-24,000858,13:38:30,105.4500,76,2
2026-02-24,000858,13:38:33,105.4400,127,2
2026-02-24,000858,13:38:36,105.4400,17,2
2026-02-24,000858,13:38:39,105.4400,22,1
2026-02-24,000858,13:38:42,105.4400,20,1
2026-02-24,000858,13:38:45,105.4400,4,1
2026-02-24,000858,13:38:48,105.4400,19,1
2026-02-24,000858,13:38:51,105.4400,1,2
2026-02-24,000858,13:38:54,105.4400,3,2
2026-02-24,000858,13:39:00,105.4400,7,2
2026-02-24,000858,13:39:03,105.4300,38,2
2026-02-24,000858,13:39:06,105.4300,2,2
2026-02-24,000858,13:39:09,105.4400,1,1
2026-02-24,000858,13:39:12,105.4300,3,2
2026-02-24,000858,13:39:15,105.4300,2,2
2026-02-24,000858,13:39:21,105.4400,3,1
2026-02-24,000858,13:39:24,105.4400,5,1
2026-02-24,000858,13:39:30,105.4300,4,2
2026-02-24,000858,13:39:33,105.4400,2,1
2026-02-24,000858,13:39:36,105.4400,4,1
2026-02-24,000858,13:39:42,105.4400,6,2
2026-02-24,000858,13:39:45,105.4500,2,1
2026-02-24,000858,13:39:48,105.4400,16,2
2026-02-24,000858,13:39:51,105.4500,32,1
2026-02-24,000858,13:39:54,105.4400,2,2
2026-02-24,000858,13:39:57,105.4400,17,2
2026-02-24,000858,13:40:00,105.4400,2,2
2026-02-24,000858,13:40:03,105.4500,6,1
2026-02-24,000858,13:40:06,105.4400,3,2
2026-02-24,000858,13:40:09,105.4500,14,1
2026-02-24,000858,13:40:15,105.4500,3,2
2026-02-24,000858,13:40:18,105.4600,11,1
2026-02-24,000858,13:40:21,105.4600,22,1
2026-02-24,000858,13:40:24,105.4600,4,2
2026-02-24,000858,13:40:27,105.4700,2,1
2026-02-24,000858,13:40:30,105.4800,15,1
2026-02-24,000858,13:40:33,105.4600,5,2
2026-02-24,000858,13:40:36,105.4700,1,2
2026-02-24,000858,13:40:39,105.4800,5,1
2026-02-24,000858,13:40:42,105.4800,6,1
2026-02-24,000858,13:40:45,105.4800,5,1
2026-02-24,000858,13:40:48,105.4800,3,1
2026-02-24,000858,13:40:51,105.4800,2,1
2026-02-24,000858,13:40:54,105.4800,17,1
2026-02-24,000858,13:40:57,105.4800,19,1
2026-02-24,000858,13:41:00,105.4600,11,2
2026-02-24,000858,13:41:03,105.4700,5,1
2026-02-24,000858,13:41:06,105.4700,3,1
2026-02-24,000858,13:41:09,105.4700,3,1
2026-02-24,000858,13:41:12,105.4700,3,1
2026-02-24,000858,13:41:15,105.4600,9,2
2026-02-24,000858,13:41:18,105.4600,1,1
2026-02-24,000858,13:41:21,105.4700,6,1
2026-02-24,000858,13:41:24,105.4500,1,2
2026-02-24,000858,13:41:27,105.4500,3,2
2026-02-24,000858,13:41:30,105.4600,2,1
2026-02-24,000858,13:41:33,105.4400,138,2
2026-02-24,000858,13:41:36,105.4400,4,1
2026-02-24,000858,13:41:39,105.4300,3,2
2026-02-24,000858,13:41:42,105.4500,1,1
2026-02-24,000858,13:41:51,105.4300,11,2
2026-02-24,000858,13:41:54,105.4400,1,1
2026-02-24,000858,13:41:57,105.4400,11,4
2026-02-24,000858,13:42:00,105.4300,5,2
2026-02-24,000858,13:42:06,105.4400,2,2
2026-02-24,000858,13:42:09,105.4300,17,2
2026-02-24,000858,13:42:12,105.4700,1,1
2026-02-24,000858,13:42:15,105.4500,2,2
2026-02-24,000858,13:42:18,105.4400,1,2
2026-02-24,000858,13:42:21,105.4500,2,4
2026-02-24,000858,13:42:24,105.4400,3,2
2026-02-24,000858,13:42:27,105.4600,1,1
2026-02-24,000858,13:42:30,105.4500,3,1
2026-02-24,000858,13:42:33,105.4600,8,1
2026-02-24,000858,13:42:36,105.4600,5,1
2026-02-24,000858,13:42:39,105.4600,2,1
2026-02-24,000858,13:42:42,105.4500,1,1
2026-02-24,000858,13:42:45,105.4500,6,2
2026-02-24,000858,13:42:48,105.4600,5,1
2026-02-24,000858,13:42:51,105.4600,3,4
2026-02-24,000858,13:42:54,105.4500,4,2
2026-02-24,000858,13:42:57,105.4600,7,4
2026-02-24,000858,13:43:00,105.4500,3,2
2026-02-24,000858,13:43:03,105.4600,6,1
2026-02-24,000858,13:43:06,105.4600,5,1
2026-02-24,000858,13:43:09,105.4700,15,1
2026-02-24,000858,13:43:12,105.4600,9,4
2026-02-24,000858,13:43:15,105.4500,2,2
2026-02-24,000858,13:43:18,105.4500,1,2
2026-02-24,000858,13:43:24,105.4500,2,2
2026-02-24,000858,13:43:27,105.4500,2,2
2026-02-24,000858,13:43:30,105.4500,3,2
2026-02-24,000858,13:43:33,105.4500,8,2
2026-02-24,000858,13:43:36,105.4400,35,2
2026-02-24,000858,13:43:42,105.4400,17,2
2026-02-24,000858,13:43:45,105.4400,9,2
2026-02-24,000858,13:43:51,105.4500,10,1
2026-02-24,000858,13:43:54,105.4500,12,1
2026-02-24,000858,13:43:57,105.4500,9,1
2026-02-24,000858,13:44:00,105.4500,1,1
2026-02-24,000858,13:44:03,105.4400,12,2
2026-02-24,000858,13:44:06,105.4500,11,1
2026-02-24,000858,13:44:09,105.4400,15,2
2026-02-24,000858,13:44:12,105.4500,3,1
2026-02-24,000858,13:44:15,105.4500,4,1
2026-02-24,000858,13:44:18,105.4500,6,1
2026-02-24,000858,13:44:21,105.4500,4,4
2026-02-24,000858,13:44:24,105.4500,2,2
2026-02-24,000858,13:44:27,105.4500,9,2
2026-02-24,000858,13:44:30,105.4500,6,1
2026-02-24,000858,13:44:33,105.4400,8,2
2026-02-24,000858,13:44:36,105.4500,15,1
2026-02-24,000858,13:44:39,105.4500,1,1
2026-02-24,000858,13:44:42,105.4500,1,1
2026-02-24,000858,13:44:45,105.4500,6,1
2026-02-24,000858,13:44:48,105.4400,8,2
2026-02-24,000858,13:44:51,105.4400,2,2
2026-02-24,000858,13:44:54,105.4500,16,1
2026-02-24,000858,13:44:57,105.4500,3,2
2026-02-24,000858,13:45:00,105.4500,4,2
2026-02-24,000858,13:45:03,105.4600,2,1
2026-02-24,000858,13:45:06,105.4600,48,1
2026-02-24,000858,13:45:09,105.4500,7,2
2026-02-24,000858,13:45:12,105.4500,4,1
2026-02-24,000858,13:45:15,105.4500,2,1
2026-02-24,000858,13:45:18,105.4500,7,1
2026-02-24,000858,13:45:21,105.4400,5,1
2026-02-24,000858,13:45:24,105.4300,3,2
2026-02-24,000858,13:45:27,105.4400,2,1
2026-02-24,000858,13:45:30,105.4300,1,2
2026-02-24,000858,13:45:33,105.4300,5,2
2026-02-24,000858,13:45:36,105.4400,8,1
2026-02-24,000858,13:45:39,105.4300,14,2
2026-02-24,000858,13:45:42,105.4400,4,1
2026-02-24,000858,13:45:48,105.4400,4,1
2026-02-24,000858,13:45:51,105.4300,4,2
2026-02-24,000858,13:45:57,105.4400,7,1
2026-02-24,000858,13:46:00,105.4400,1,1
2026-02-24,000858,13:46:03,105.4400,4,1
2026-02-24,000858,13:46:06,105.4300,2,2
2026-02-24,000858,13:46:09,105.4400,28,1
2026-02-24,000858,13:46:12,105.4400,4,1
2026-02-24,000858,13:46:15,105.4300,7,2
2026-02-24,000858,13:46:18,105.4400,3,1
2026-02-24,000858,13:46:21,105.4300,8,2
2026-02-24,000858,13:46:27,105.4400,16,2
2026-02-24,000858,13:46:33,105.4300,5,2
2026-02-24,000858,13:46:36,105.4400,4,1
2026-02-24,000858,13:46:39,105.4400,18,1
2026-02-24,000858,13:46:42,105.4400,1,1
2026-02-24,000858,13:46:45,105.4400,5,1
2026-02-24,000858,13:46:48,105.4400,13,1
2026-02-24,000858,13:46:51,105.4400,10,1
2026-02-24,000858,13:46:54,105.4400,3,1
2026-02-24,000858,13:46:57,105.4300,9,2
2026-02-24,000858,13:47:00,105.4300,3,2
2026-02-24,000858,13:47:03,105.4400,13,1
2026-02-24,000858,13:47:06,105.4400,13,1
2026-02-24,000858,13:47:09,105.4400,4,1
2026-02-24,000858,13:47:12,105.4300,35,2
2026-02-24,000858,13:47:15,105.4400,23,1
2026-02-24,000858,13:47:18,105.4400,24,2
2026-02-24,000858,13:47:21,105.4300,10,2
2026-02-24,000858,13:47:27,105.4300,13,2
2026-02-24,000858,13:47:30,105.4300,7,2
2026-02-24,000858,13:47:33,105.4400,3,1
2026-02-24,000858,13:47:36,105.4300,59,2
2026-02-24,000858,13:47:39,105.4300,165,2
2026-02-24,000858,13:47:42,105.4200,68,2
2026-02-24,000858,13:47:45,105.4200,22,2
2026-02-24,000858,13:47:48,105.4100,29,2
2026-02-24,000858,13:47:51,105.4100,39,2
2026-02-24,000858,13:47:54,105.4100,29,2
2026-02-24,000858,13:48:00,105.4200,12,1
2026-02-24,000858,13:48:03,105.4100,29,2
2026-02-24,000858,13:48:06,105.4100,7,2
2026-02-24,000858,13:48:09,105.4100,5,2
2026-02-24,000858,13:48:12,105.4200,9,1
2026-02-24,000858,13:48:15,105.4100,22,2
2026-02-24,000858,13:48:18,105.4000,25,2
2026-02-24,000858,13:48:21,105.4000,8,2
2026-02-24,000858,13:48:24,105.4000,10,2
2026-02-24,000858,13:48:27,105.4000,9,2
2026-02-24,000858,13:48:30,105.4000,9,2
2026-02-24,000858,13:48:33,105.4100,8,1
2026-02-24,000858,13:48:36,105.4000,16,2
2026-02-24,000858,13:48:39,105.4100,5,4
2026-02-24,000858,13:48:42,105.4100,4,1
2026-02-24,000858,13:48:45,105.4100,9,1
2026-02-24,000858,13:48:48,105.4100,1,1
2026-02-24,000858,13:48:51,105.4100,3,1
2026-02-24,000858,13:48:54,105.4100,2,1
2026-02-24,000858,13:48:57,105.4000,5,2
2026-02-24,000858,13:49:00,105.4100,8,1
2026-02-24,000858,13:49:03,105.4100,11,2
2026-02-24,000858,13:49:06,105.4200,36,1
2026-02-24,000858,13:49:09,105.4100,4,2
2026-02-24,000858,13:49:12,105.4100,6,2
2026-02-24,000858,13:49:15,105.4200,19,1
2026-02-24,000858,13:49:21,105.4200,4,1
2026-02-24,000858,13:49:24,105.4100,2,2
2026-02-24,000858,13:49:27,105.4100,5,2
2026-02-24,000858,13:49:30,105.4200,20,1
2026-02-24,000858,13:49:33,105.4200,6,2
2026-02-24,000858,13:49:39,105.4200,5,2
2026-02-24,000858,13:49:42,105.4300,9,1
2026-02-24,000858,13:49:45,105.4300,2,1
2026-02-24,000858,13:49:51,105.4200,21,2
2026-02-24,000858,13:49:54,105.4200,78,2
2026-02-24,000858,13:49:57,105.4200,39,1
2026-02-24,000858,13:50:03,105.4200,35,1
2026-02-24,000858,13:50:06,105.4200,6,1
2026-02-24,000858,13:50:09,105.4200,8,1
2026-02-24,000858,13:50:12,105.4100,5,2
2026-02-24,000858,13:50:15,105.4100,6,2
2026-02-24,000858,13:50:18,105.4100,6,2
2026-02-24,000858,13:50:21,105.4200,2,1
2026-02-24,000858,13:50:24,105.4200,4,1
2026-02-24,000858,13:50:27,105.4200,1,1
2026-02-24,000858,13:50:30,105.4000,363,2
2026-02-24,000858,13:50:33,105.4100,93,1
2026-02-24,000858,13:50:36,105.3900,3,2
2026-02-24,000858,13:50:39,105.4000,44,1
2026-02-24,000858,13:50:42,105.4100,3,1
2026-02-24,000858,13:50:45,105.3900,23,2
2026-02-24,000858,13:50:48,105.4000,1,1
2026-02-24,000858,13:50:51,105.4000,1,1
2026-02-24,000858,13:50:54,105.3900,1,2
2026-02-24,000858,13:50:57,105.3900,10,2
2026-02-24,000858,13:51:00,105.4000,1,1
2026-02-24,000858,13:51:06,105.4000,13,2
2026-02-24,000858,13:51:09,105.4000,6,1
2026-02-24,000858,13:51:12,105.4000,2,1
2026-02-24,000858,13:51:15,105.4000,9,1
2026-02-24,000858,13:51:21,105.4000,17,2
2026-02-24,000858,13:51:24,105.4100,1,1
2026-02-24,000858,13:51:27,105.4000,5,2
2026-02-24,000858,13:51:30,105.4000,10,2
2026-02-24,000858,13:51:33,105.4100,21,1
2026-02-24,000858,13:51:36,105.4100,24,2
2026-02-24,000858,13:51:39,105.4000,22,2
2026-02-24,000858,13:51:42,105.4100,3,4
2026-02-24,000858,13:51:45,105.4200,20,1
2026-02-24,000858,13:51:48,105.4200,4,1
2026-02-24,000858,13:51:51,105.4200,2,1
2026-02-24,000858,13:51:54,105.4100,18,2
2026-02-24,000858,13:51:57,105.4200,11,1
2026-02-24,000858,13:52:00,105.4100,3,2
2026-02-24,000858,13:52:03,105.4200,9,1
2026-02-24,000858,13:52:06,105.4200,11,1
2026-02-24,000858,13:52:09,105.4200,5,1
2026-02-24,000858,13:52:12,105.4100,1,2
2026-02-24,000858,13:52:15,105.4200,4,1
2026-02-24,000858,13:52:18,105.4200,8,1
2026-02-24,000858,13:52:24,105.4200,32,1
2026-02-24,000858,13:52:27,105.4100,6,2
2026-02-24,000858,13:52:30,105.4200,13,1
2026-02-24,000858,13:52:33,105.4100,5,2
2026-02-24,000858,13:52:39,105.4100,3,1
2026-02-24,000858,13:52:42,105.4100,3,1
2026-02-24,000858,13:52:45,105.4100,2,1
2026-02-24,000858,13:52:48,105.4100,9,2
2026-02-24,000858,13:52:51,105.4100,3,1
2026-02-24,000858,13:52:54,105.4100,2,1
2026-02-24,000858,13:52:57,105.4100,1,2
2026-02-24,000858,13:53:00,105.3900,260,2
2026-02-24,000858,13:53:03,105.3900,21,2
2026-02-24,000858,13:53:06,105.4000,7,1
2026-02-24,000858,13:53:09,105.4100,24,1
2026-02-24,000858,13:53:12,105.4000,2,1
2026-02-24,000858,13:53:15,105.3900,11,2
2026-02-24,000858,13:53:18,105.3800,748,2
2026-02-24,000858,13:53:21,105.3200,84,2
2026-02-24,000858,13:53:24,105.3100,68,2
2026-02-24,000858,13:53:27,105.3000,8,2
2026-02-24,000858,13:53:30,105.3100,10,1
2026-02-24,000858,13:53:33,105.3200,1,1
2026-02-24,000858,13:53:36,105.3100,12,2
2026-02-24,000858,13:53:39,105.3100,6,2
2026-02-24,000858,13:53:42,105.3200,19,1
2026-02-24,000858,13:53:45,105.3200,5,2
2026-02-24,000858,13:53:48,105.3200,1,2
2026-02-24,000858,13:53:51,105.3200,6,2
2026-02-24,000858,13:53:54,105.3200,6,2
2026-02-24,000858,13:53:57,105.3200,1,2
2026-02-24,000858,13:54:00,105.3300,3,1
2026-02-24,000858,13:54:03,105.3300,7,1
2026-02-24,000858,13:54:06,105.3200,9,2
2026-02-24,000858,13:54:09,105.3200,13,2
2026-02-24,000858,13:54:12,105.3200,5,1
2026-02-24,000858,13:54:15,105.3200,23,1
2026-02-24,000858,13:54:18,105.3200,9,2
2026-02-24,000858,13:54:21,105.3200,6,1
2026-02-24,000858,13:54:24,105.3300,5,1
2026-02-24,000858,13:54:27,105.3300,9,1
2026-02-24,000858,13:54:30,105.3200,26,2
2026-02-24,000858,13:54:33,105.3200,7,2
2026-02-24,000858,13:54:36,105.3200,7,2
2026-02-24,000858,13:54:39,105.3200,11,2
2026-02-24,000858,13:54:42,105.3200,3,2
2026-02-24,000858,13:54:45,105.3300,2,1
2026-02-24,000858,13:54:48,105.3200,7,2
2026-02-24,000858,13:54:51,105.3300,1,1
2026-02-24,000858,13:54:54,105.3300,6,1
2026-02-24,000858,13:54:57,105.3200,3,2
2026-02-24,000858,13:55:00,105.3300,3,1
2026-02-24,000858,13:55:03,105.3200,15,2
2026-02-24,000858,13:55:06,105.3300,16,1
2026-02-24,000858,13:55:09,105.3200,14,2
2026-02-24,000858,13:55:12,105.3300,4,1
2026-02-24,000858,13:55:15,105.3300,3,1
2026-02-24,000858,13:55:18,105.3300,69,1
2026-02-24,000858,13:55:21,105.3200,18,2
2026-02-24,000858,13:55:24,105.3100,17,2
2026-02-24,000858,13:55:27,105.3200,21,1
2026-02-24,000858,13:55:30,105.3100,1,2
2026-02-24,000858,13:55:33,105.3200,4,1
2026-02-24,000858,13:55:36,105.3300,13,1
2026-02-24,000858,13:55:39,105.3200,4,2
2026-02-24,000858,13:55:42,105.3200,6,2
2026-02-24,000858,13:55:45,105.3300,3,1
2026-02-24,000858,13:55:48,105.3300,35,1
2026-02-24,000858,13:55:51,105.3300,15,1
2026-02-24,000858,13:55:54,105.3400,14,1
2026-02-24,000858,13:55:57,105.3400,51,1
2026-02-24,000858,13:56:00,105.3400,13,1
2026-02-24,000858,13:56:03,105.3200,16,2
2026-02-24,000858,13:56:09,105.3300,7,2
2026-02-24,000858,13:56:12,105.3300,10,4
2026-02-24,000858,13:56:15,105.3300,4,1
2026-02-24,000858,13:56:21,105.3400,3,1
2026-02-24,000858,13:56:24,105.3300,10,2
2026-02-24,000858,13:56:27,105.3400,3,1
2026-02-24,000858,13:56:30,105.3300,4,2
2026-02-24,000858,13:56:33,105.3400,2,1
2026-02-24,000858,13:56:36,105.3300,5,2
2026-02-24,000858,13:56:39,105.3400,3,1
2026-02-24,000858,13:56:42,105.3300,4,2
2026-02-24,000858,13:56:45,105.3400,2,1
2026-02-24,000858,13:56:48,105.3400,13,1
2026-02-24,000858,13:56:51,105.3400,1,1
2026-02-24,000858,13:56:54,105.3300,19,2
2026-02-24,000858,13:56:57,105.3300,2,1
2026-02-24,000858,13:57:00,105.3200,3,2
2026-02-24,000858,13:57:03,105.3400,27,1
2026-02-24,000858,13:57:09,105.3400,4,2
2026-02-24,000858,13:57:12,105.3500,8,1
2026-02-24,000858,13:57:18,105.3400,6,2
2026-02-24,000858,13:57:21,105.3500,12,1
2026-02-24,000858,13:57:24,105.3500,5,1
2026-02-24,000858,13:57:27,105.3500,11,1
2026-02-24,000858,13:57:30,105.3500,3,1
2026-02-24,000858,13:57:33,105.3500,8,1
2026-02-24,000858,13:57:36,105.3500,6,1
2026-02-24,000858,13:57:39,105.3500,5,1
2026-02-24,000858,13:57:42,105.3400,1,2
2026-02-24,000858,13:57:45,105.3500,33,1
2026-02-24,000858,13:57:48,105.3500,6,1
2026-02-24,000858,13:57:51,105.3400,12,2
2026-02-24,000858,13:57:54,105.3500,2,1
2026-02-24,000858,13:57:57,105.3500,13,4
2026-02-24,000858,13:58:00,105.3500,1,2
2026-02-24,000858,13:58:03,105.3600,6,1
2026-02-24,000858,13:58:06,105.3600,2,1
2026-02-24,000858,13:58:09,105.3600,17,1
2026-02-24,000858,13:58:12,105.3600,2,1
2026-02-24,000858,13:58:15,105.3500,15,2
2026-02-24,000858,13:58:18,105.3500,1,2
2026-02-24,000858,13:58:21,105.3600,2,1
2026-02-24,000858,13:58:24,105.3600,43,1
2026-02-24,000858,13:58:27,105.3600,1,1
2026-02-24,000858,13:58:30,105.3700,2,1
2026-02-24,000858,13:58:36,105.3600,26,2
2026-02-24,000858,13:58:39,105.3600,35,2
2026-02-24,000858,13:58:48,105.3600,14,2
2026-02-24,000858,13:58:51,105.3600,116,2
2026-02-24,000858,13:58:54,105.3500,37,4
2026-02-24,000858,13:58:57,105.3600,19,1
2026-02-24,000858,13:59:00,105.3600,7,1
2026-02-24,000858,13:59:03,105.3600,11,1
2026-02-24,000858,13:59:06,105.3600,8,1
2026-02-24,000858,13:59:09,105.3600,2,1
2026-02-24,000858,13:59:12,105.3500,2,2
2026-02-24,000858,13:59:15,105.3600,3,1
2026-02-24,000858,13:59:18,105.3600,30,1
2026-02-24,000858,13:59:21,105.3500,10,2
2026-02-24,000858,13:59:24,105.3500,12,2
2026-02-24,000858,13:59:27,105.3700,14,1
2026-02-24,000858,13:59:33,105.3500,3,2
2026-02-24,000858,13:59:36,105.3600,5,1
2026-02-24,000858,13:59:39,105.3400,119,2
2026-02-24,000858,13:59:42,105.3200,2,2
2026-02-24,000858,13:59:45,105.3300,11,4
2026-02-24,000858,13:59:51,105.3400,23,1
2026-02-24,000858,13:59:54,105.3200,16,2
2026-02-24,000858,13:59:57,105.3200,11,2
2026-02-24,000858,14:00:00,105.3400,27,1
2026-02-24,000858,14:00:03,105.3300,20,4
2026-02-24,000858,14:00:06,105.3300,8,1
2026-02-24,000858,14:00:09,105.3300,4,1
2026-02-24,000858,14:00:12,105.3300,4,1
2026-02-24,000858,14:00:15,105.3200,2,2
2026-02-24,000858,14:00:18,105.3300,6,1
2026-02-24,000858,14:00:21,105.3300,8,1
2026-02-24,000858,14:00:24,105.3300,3,1
2026-02-24,000858,14:00:27,105.3300,3,1
2026-02-24,000858,14:00:30,105.3300,13,1
2026-02-24,000858,14:00:33,105.3200,2,2
2026-02-24,000858,14:00:36,105.3300,3,1
2026-02-24,000858,14:00:39,105.3200,6,2
2026-02-24,000858,14:00:42,105.3300,25,1
2026-02-24,000858,14:00:45,105.3300,21,1
2026-02-24,000858,14:00:48,105.3200,7,2
2026-02-24,000858,14:00:51,105.3400,283,1
2026-02-24,000858,14:00:54,105.3400,1,1
2026-02-24,000858,14:00:57,105.3300,27,2
2026-02-24,000858,14:01:03,105.3300,10,2
2026-02-24,000858,14:01:06,105.3300,43,2
2026-02-24,000858,14:01:09,105.3400,1,1
2026-02-24,000858,14:01:12,105.3400,5,1
2026-02-24,000858,14:01:15,105.3300,5,2
2026-02-24,000858,14:01:21,105.3400,1,1
2026-02-24,000858,14:01:27,105.3300,21,2
2026-02-24,000858,14:01:30,105.3400,100,1
2026-02-24,000858,14:01:33,105.3400,5,2
2026-02-24,000858,14:01:36,105.3400,11,1
2026-02-24,000858,14:01:39,105.3300,11,2
2026-02-24,000858,14:01:42,105.3400,16,1
2026-02-24,000858,14:01:45,105.3400,19,1
2026-02-24,000858,14:01:48,105.3400,5,1
2026-02-24,000858,14:01:51,105.3300,13,2
2026-02-24,000858,14:01:54,105.3300,4,1
2026-02-24,000858,14:01:57,105.3300,16,1
2026-02-24,000858,14:02:00,105.3400,28,1
2026-02-24,000858,14:02:06,105.3200,14,2
2026-02-24,000858,14:02:09,105.3400,2,1
2026-02-24,000858,14:02:12,105.3300,4,2
2026-02-24,000858,14:02:15,105.3300,2,1
2026-02-24,000858,14:02:18,105.3300,8,1
2026-02-24,000858,14:02:21,105.3300,20,1
2026-02-24,000858,14:02:24,105.3300,20,1
2026-02-24,000858,14:02:27,105.3200,4,2
2026-02-24,000858,14:02:30,105.3200,9,2
2026-02-24,000858,14:02:33,105.3200,9,2
2026-02-24,000858,14:02:42,105.3300,2,1
2026-02-24,000858,14:02:45,105.3200,10,2
2026-02-24,000858,14:02:48,105.3300,19,1
2026-02-24,000858,14:02:51,105.3300,3,2
2026-02-24,000858,14:02:54,105.3300,6,2
2026-02-24,000858,14:02:57,105.3300,31,2
2026-02-24,000858,14:03:00,105.3300,2,2
2026-02-24,000858,14:03:03,105.3400,4,1
2026-02-24,000858,14:03:06,105.3400,20,1
2026-02-24,000858,14:03:09,105.3300,8,2
2026-02-24,000858,14:03:12,105.3400,9,1
2026-02-24,000858,14:03:15,105.3300,1,2
2026-02-24,000858,14:03:21,105.3400,1,1
2026-02-24,000858,14:03:24,105.3300,7,2
2026-02-24,000858,14:03:27,105.3400,3,1
2026-02-24,000858,14:03:30,105.3400,9,1
2026-02-24,000858,14:03:33,105.3400,2,1
2026-02-24,000858,14:03:36,105.3400,9,1
2026-02-24,000858,14:03:39,105.3300,3,2
2026-02-24,000858,14:03:45,105.3400,6,1
2026-02-24,000858,14:03:48,105.3400,17,1
2026-02-24,000858,14:03:51,105.3400,11,1
2026-02-24,000858,14:03:54,105.3400,7,1
2026-02-24,000858,14:03:57,105.3400,5,1
2026-02-24,000858,14:04:00,105.3400,13,1
2026-02-24,000858,14:04:03,105.3400,26,1
2026-02-24,000858,14:04:06,105.3300,13,2
2026-02-24,000858,14:04:09,105.3300,12,2
2026-02-24,000858,14:04:12,105.3400,3,1
2026-02-24,000858,14:04:15,105.3400,12,1
2026-02-24,000858,14:04:18,105.3400,5,1
2026-02-24,000858,14:04:21,105.3300,24,2
2026-02-24,000858,14:04:24,105.3300,8,2
2026-02-24,000858,14:04:27,105.3400,20,1
2026-02-24,000858,14:04:30,105.3400,31,1
2026-02-24,000858,14:04:33,105.3400,6,1
2026-02-24,000858,14:04:36,105.3400,6,1
2026-02-24,000858,14:04:39,105.3400,15,1
2026-02-24,000858,14:04:42,105.3300,32,2
2026-02-24,000858,14:04:45,105.3400,4,1
2026-02-24,000858,14:04:48,105.3400,27,1
2026-02-24,000858,14:04:51,105.3300,6,2
2026-02-24,000858,14:04:54,105.3400,1,1
2026-02-24,000858,14:04:57,105.3400,8,1
2026-02-24,000858,14:05:00,105.3300,11,2
2026-02-24,000858,14:05:03,105.3400,19,1
2026-02-24,000858,14:05:06,105.3300,13,2
2026-02-24,000858,14:05:09,105.3400,5,1
2026-02-24,000858,14:05:12,105.3400,11,1
2026-02-24,000858,14:05:15,105.3300,14,2
2026-02-24,000858,14:05:21,105.3400,7,1
2026-02-24,000858,14:05:24,105.3400,2,4
2026-02-24,000858,14:05:27,105.3400,37,2
2026-02-24,000858,14:05:30,105.3400,21,2
2026-02-24,000858,14:05:33,105.3400,3,2
2026-02-24,000858,14:05:36,105.3500,9,1
2026-02-24,000858,14:05:39,105.3500,3,1
2026-02-24,000858,14:05:42,105.3400,7,2
2026-02-24,000858,14:05:51,105.3400,20,2
2026-02-24,000858,14:05:54,105.3400,6,2
2026-02-24,000858,14:05:57,105.3500,8,1
2026-02-24,000858,10:48:48,105.6500,8,1
2026-02-24,000858,10:48:51,105.6600,3,1
2026-02-24,000858,10:48:54,105.6600,83,1
2026-02-24,000858,10:48:57,105.6400,11,2
2026-02-24,000858,10:49:00,105.6800,53,1
2026-02-24,000858,10:49:03,105.6500,6,1
2026-02-24,000858,10:49:06,105.6500,5,2
2026-02-24,000858,10:49:12,105.6500,5,2
2026-02-24,000858,10:49:15,105.6500,25,2
2026-02-24,000858,10:49:18,105.6500,7,4
2026-02-24,000858,10:49:21,105.6500,12,2
2026-02-24,000858,10:49:24,105.6500,1,1
2026-02-24,000858,10:49:27,105.6500,3,1
2026-02-24,000858,10:49:30,105.6500,1,1
2026-02-24,000858,10:49:33,105.6300,97,2
2026-02-24,000858,10:49:36,105.6400,17,1
2026-02-24,000858,10:49:39,105.6400,12,1
2026-02-24,000858,10:49:42,105.6300,32,2
2026-02-24,000858,10:49:45,105.6400,31,1
2026-02-24,000858,10:49:48,105.6300,5,2
2026-02-24,000858,10:49:51,105.6500,5,1
2026-02-24,000858,10:49:54,105.6400,3,1
2026-02-24,000858,10:49:57,105.6300,7,2
2026-02-24,000858,10:50:00,105.6200,79,2
2026-02-24,000858,10:50:03,105.6000,18,2
2026-02-24,000858,10:50:06,105.6000,145,2
2026-02-24,000858,10:50:09,105.5900,4,2
2026-02-24,000858,10:50:12,105.5800,12,2
2026-02-24,000858,10:50:15,105.5800,4,2
2026-02-24,000858,10:50:18,105.5900,11,1
2026-02-24,000858,10:50:21,105.5900,11,1
2026-02-24,000858,10:50:24,105.5900,32,1
2026-02-24,000858,10:50:27,105.5900,31,2
2026-02-24,000858,10:50:30,105.5900,8,2
2026-02-24,000858,10:50:33,105.6000,11,1
2026-02-24,000858,10:50:36,105.6000,4,1
2026-02-24,000858,10:50:39,105.5900,4,2
2026-02-24,000858,10:50:42,105.6000,9,1
2026-02-24,000858,10:50:45,105.6000,6,1
2026-02-24,000858,10:50:48,105.6000,10,1
2026-02-24,000858,10:50:51,105.6000,16,1
2026-02-24,000858,10:50:54,105.5900,13,1
2026-02-24,000858,10:50:57,105.6100,10,1
2026-02-24,000858,10:51:00,105.6000,5,2
2026-02-24,000858,10:51:03,105.6100,8,1
2026-02-24,000858,10:51:09,105.6000,29,2
2026-02-24,000858,10:51:12,105.6200,11,1
2026-02-24,000858,10:51:15,105.6200,9,1
2026-02-24,000858,10:51:18,105.6400,24,1
2026-02-24,000858,10:51:21,105.6200,15,2
2026-02-24,000858,10:51:24,105.6200,6,2
2026-02-24,000858,10:51:27,105.6200,18,2
2026-02-24,000858,10:51:30,105.6200,1,1
2026-02-24,000858,10:51:33,105.6100,14,2
2026-02-24,000858,10:51:36,105.6000,23,2
2026-02-24,000858,10:51:39,105.6000,2,2
2026-02-24,000858,10:51:42,105.6100,9,1
2026-02-24,000858,10:51:45,105.6100,39,1
2026-02-24,000858,10:51:48,105.6000,15,2
2026-02-24,000858,10:51:51,105.6100,9,1
2026-02-24,000858,10:51:54,105.6100,1,1
2026-02-24,000858,10:51:57,105.6000,5,2
2026-02-24,000858,10:52:00,105.6000,29,2
2026-02-24,000858,10:52:03,105.6100,25,1
2026-02-24,000858,10:52:06,105.6100,5,1
2026-02-24,000858,10:52:09,105.6000,6,2
2026-02-24,000858,10:52:12,105.6000,2,2
2026-02-24,000858,10:52:15,105.6000,8,2
2026-02-24,000858,10:52:18,105.6100,4,1
2026-02-24,000858,10:52:21,105.6000,5,2
2026-02-24,000858,10:52:24,105.6000,25,2
2026-02-24,000858,10:52:27,105.6000,4,2
2026-02-24,000858,10:52:30,105.5900,17,2
2026-02-24,000858,10:52:33,105.6000,3,1
2026-02-24,000858,10:52:36,105.6000,2,1
2026-02-24,000858,10:52:39,105.6000,15,1
2026-02-24,000858,10:52:42,105.6000,28,1
2026-02-24,000858,10:52:45,105.5800,20,2
2026-02-24,000858,10:52:48,105.6000,29,1
2026-02-24,000858,10:52:51,105.5900,15,1
2026-02-24,000858,10:52:54,105.5800,9,2
2026-02-24,000858,10:52:57,105.5800,12,2
2026-02-24,000858,10:53:00,105.5900,3,1
2026-02-24,000858,10:53:03,105.5800,7,2
2026-02-24,000858,10:53:06,105.5900,1,1
2026-02-24,000858,10:53:09,105.5900,1,1
2026-02-24,000858,10:53:12,105.5900,17,1
2026-02-24,000858,10:53:15,105.5900,2,4
2026-02-24,000858,10:53:18,105.5900,24,2
2026-02-24,000858,10:53:21,105.5900,2,1
2026-02-24,000858,10:53:27,105.5900,6,1
2026-02-24,000858,10:53:30,105.5900,7,1
2026-02-24,000858,10:53:33,105.5800,20,2
2026-02-24,000858,10:53:36,105.5900,5,1
2026-02-24,000858,10:53:39,105.5900,22,1
2026-02-24,000858,10:53:42,105.5900,34,1
2026-02-24,000858,10:53:45,105.5900,35,1
2026-02-24,000858,10:53:48,105.5900,9,1
2026-02-24,000858,10:53:51,105.5800,1,2
2026-02-24,000858,10:53:54,105.5900,12,1
2026-02-24,000858,10:53:57,105.5900,10,2
2026-02-24,000858,10:54:00,105.5900,16,2
2026-02-24,000858,10:54:03,105.5800,11,2
2026-02-24,000858,10:54:06,105.5900,18,1
2026-02-24,000858,10:54:09,105.5900,16,1
2026-02-24,000858,10:54:12,105.5900,5,1
2026-02-24,000858,10:54:15,105.5900,4,2
2026-02-24,000858,10:54:18,105.5900,1,2
2026-02-24,000858,10:54:21,105.6000,7,1
2026-02-24,000858,10:54:24,105.6000,27,1
2026-02-24,000858,10:54:27,105.5900,1,2
2026-02-24,000858,10:54:30,105.6000,5,1
2026-02-24,000858,10:54:33,105.5900,4,2
2026-02-24,000858,10:54:36,105.5900,15,2
2026-02-24,000858,10:54:39,105.5900,10,2
2026-02-24,000858,10:54:42,105.6000,12,1
2026-02-24,000858,10:54:45,105.5900,3,4
2026-02-24,000858,10:54:48,105.5800,1,2
2026-02-24,000858,10:54:51,105.5900,1,1
2026-02-24,000858,10:54:54,105.5900,2,1
2026-02-24,000858,10:54:57,105.5900,18,1
2026-02-24,000858,10:55:00,105.5900,6,2
2026-02-24,000858,10:55:03,105.5900,14,2
2026-02-24,000858,10:55:06,105.5900,4,1
2026-02-24,000858,10:55:09,105.5900,2,1
2026-02-24,000858,10:55:12,105.5800,7,2
2026-02-24,000858,10:55:15,105.5900,9,1
2026-02-24,000858,10:55:18,105.5800,3,2
2026-02-24,000858,10:55:21,105.5900,2,1
2026-02-24,000858,10:55:24,105.5800,38,2
2026-02-24,000858,10:55:27,105.5800,2,2
2026-02-24,000858,10:55:30,105.5900,66,1
2026-02-24,000858,10:55:33,105.5900,2,2
2026-02-24,000858,10:55:36,105.5900,6,2
2026-02-24,000858,10:55:39,105.5700,80,2
2026-02-24,000858,10:55:42,105.5700,36,2
2026-02-24,000858,10:55:45,105.5500,86,2
2026-02-24,000858,10:55:48,105.5200,53,2
2026-02-24,000858,10:55:51,105.5300,7,1
2026-02-24,000858,10:55:54,105.5300,8,1
2026-02-24,000858,10:55:57,105.5300,6,1
2026-02-24,000858,10:56:00,105.5300,9,1
2026-02-24,000858,10:56:03,105.5400,21,1
2026-02-24,000858,10:56:06,105.5400,2,2
2026-02-24,000858,10:56:09,105.5300,1,2
2026-02-24,000858,10:56:12,105.5500,193,1
2026-02-24,000858,10:56:15,105.5400,6,2
2026-02-24,000858,10:56:18,105.5400,4,1
2026-02-24,000858,10:56:21,105.5300,12,2
2026-02-24,000858,10:56:24,105.5400,8,1
2026-02-24,000858,10:56:27,105.5200,2,2
2026-02-24,000858,10:56:30,105.5500,20,1
2026-02-24,000858,10:56:33,105.5500,5,2
2026-02-24,000858,10:56:36,105.5700,47,1
2026-02-24,000858,10:56:39,105.5600,1,1
2026-02-24,000858,10:56:42,105.5500,21,2
2026-02-24,000858,10:56:45,105.5700,9,1
2026-02-24,000858,10:56:48,105.5500,2,2
2026-02-24,000858,10:56:51,105.5500,63,1
2026-02-24,000858,10:56:54,105.5500,13,2
2026-02-24,000858,10:56:57,105.5900,56,1
2026-02-24,000858,10:57:03,105.5800,4,1
2026-02-24,000858,10:57:06,105.5700,1,2
2026-02-24,000858,10:57:09,105.5800,3,1
2026-02-24,000858,10:57:12,105.5600,1,2
2026-02-24,000858,10:57:15,105.5700,2,1
2026-02-24,000858,10:57:18,105.5700,17,1
2026-02-24,000858,10:57:21,105.5600,7,4
2026-02-24,000858,10:57:24,105.5500,11,2
2026-02-24,000858,10:57:27,105.5500,5,2
2026-02-24,000858,10:57:30,105.5700,38,1
2026-02-24,000858,10:57:33,105.5600,10,1
2026-02-24,000858,10:57:36,105.5500,7,2
2026-02-24,000858,10:57:39,105.5500,7,2
2026-02-24,000858,10:57:42,105.5600,3,1
2026-02-24,000858,10:57:45,105.5500,1,4
2026-02-24,000858,10:57:48,105.5500,15,1
2026-02-24,000858,10:57:51,105.5300,16,2
2026-02-24,000858,10:57:54,105.5500,2,1
2026-02-24,000858,10:57:57,105.5500,3,1
2026-02-24,000858,10:58:00,105.5600,16,1
2026-02-24,000858,10:58:03,105.5700,8,1
2026-02-24,000858,10:58:06,105.5500,11,2
2026-02-24,000858,10:58:09,105.5600,28,1
2026-02-24,000858,10:58:12,105.5600,3,1
2026-02-24,000858,10:58:15,105.5600,2,1
2026-02-24,000858,10:58:21,105.5500,2,2
2026-02-24,000858,10:58:24,105.5600,18,1
2026-02-24,000858,10:58:27,105.5600,3,1
2026-02-24,000858,10:58:30,105.5500,3,2
2026-02-24,000858,10:58:36,105.5500,5,1
2026-02-24,000858,10:58:39,105.5400,9,2
2026-02-24,000858,10:58:42,105.5500,4,1
2026-02-24,000858,10:58:45,105.5400,7,2
2026-02-24,000858,10:58:48,105.5500,1,1
2026-02-24,000858,10:58:51,105.5400,6,2
2026-02-24,000858,10:58:54,105.5400,6,2
2026-02-24,000858,10:58:57,105.5400,19,1
2026-02-24,000858,10:59:00,105.5200,25,2
2026-02-24,000858,10:59:03,105.5300,13,1
2026-02-24,000858,10:59:06,105.5300,7,1
2026-02-24,000858,10:59:09,105.5200,9,2
2026-02-24,000858,10:59:12,105.5200,7,2
2026-02-24,000858,10:59:15,105.5100,61,2
2026-02-24,000858,10:59:18,105.5100,35,2
2026-02-24,000858,10:59:21,105.5100,18,1
2026-02-24,000858,10:59:24,105.5200,3,1
2026-02-24,000858,10:59:27,105.5100,3,2
2026-02-24,000858,10:59:30,105.5000,31,2
2026-02-24,000858,10:59:33,105.5000,10,2
2026-02-24,000858,10:59:36,105.5000,3,2
2026-02-24,000858,10:59:39,105.5000,23,2
2026-02-24,000858,10:59:42,105.5000,2,2
2026-02-24,000858,10:59:45,105.5000,46,2
2026-02-24,000858,10:59:48,105.5100,11,1
2026-02-24,000858,10:59:51,105.5000,96,2
2026-02-24,000858,10:59:54,105.4900,35,2
2026-02-24,000858,10:59:57,105.5000,4,1
2026-02-24,000858,11:00:00,105.5000,9,1
2026-02-24,000858,11:00:03,105.4900,22,2
2026-02-24,000858,11:00:06,105.5000,68,1
2026-02-24,000858,11:00:09,105.5000,13,1
2026-02-24,000858,11:00:12,105.5000,50,1
2026-02-24,000858,11:00:15,105.5000,10,1
2026-02-24,000858,11:00:18,105.5000,4,2
2026-02-24,000858,11:00:21,105.5000,19,2
2026-02-24,000858,11:00:24,105.5100,16,1
2026-02-24,000858,11:00:27,105.5100,8,1
2026-02-24,000858,11:00:30,105.5100,7,1
2026-02-24,000858,11:00:33,105.5000,5,2
2026-02-24,000858,11:00:36,105.5000,2,2
2026-02-24,000858,11:00:39,105.5000,7,2
2026-02-24,000858,11:00:42,105.5000,14,2
2026-02-24,000858,11:00:45,105.5100,4,1
2026-02-24,000858,11:00:51,105.5100,17,1
2026-02-24,000858,11:00:54,105.5000,10,2
2026-02-24,000858,11:00:57,105.4900,2,2
2026-02-24,000858,11:01:00,105.5000,1,1
2026-02-24,000858,11:01:03,105.5700,74,1
2026-02-24,000858,11:01:06,105.5800,32,1
2026-02-24,000858,11:01:09,105.5000,10,2
2026-02-24,000858,11:01:15,105.5600,1,1
2026-02-24,000858,11:01:18,105.5500,17,1
2026-02-24,000858,11:01:21,105.5600,3,1
2026-02-24,000858,11:01:24,105.5500,13,1
2026-02-24,000858,11:01:27,105.5100,17,2
2026-02-24,000858,11:01:30,105.5400,1,1
2026-02-24,000858,11:01:33,105.5200,8,2
2026-02-24,000858,11:01:36,105.5400,3,1
2026-02-24,000858,11:01:39,105.5400,14,1
2026-02-24,000858,11:01:42,105.5500,1,1
2026-02-24,000858,11:01:45,105.5400,4,2
2026-02-24,000858,11:01:48,105.5300,3,1
2026-02-24,000858,11:01:51,105.5300,5,2
2026-02-24,000858,11:01:54,105.5300,16,1
2026-02-24,000858,11:01:57,105.5300,4,1
2026-02-24,000858,11:02:00,105.5300,3,1
2026-02-24,000858,11:02:03,105.5200,9,2
2026-02-24,000858,11:02:06,105.5200,1,1
2026-02-24,000858,11:02:09,105.5200,13,1
2026-02-24,000858,11:02:12,105.5500,13,1
2026-02-24,000858,11:02:18,105.5500,13,1
2026-02-24,000858,11:02:21,105.5500,6,1
2026-02-24,000858,11:02:24,105.5200,11,2
2026-02-24,000858,11:02:27,105.5500,1,1
2026-02-24,000858,11:02:30,105.5300,1,2
2026-02-24,000858,11:02:33,105.5500,5,1
2026-02-24,000858,11:02:39,105.5500,6,1
2026-02-24,000858,11:02:42,105.5500,19,1
2026-02-24,000858,11:02:45,105.5500,9,1
2026-02-24,000858,11:02:48,105.5300,7,2
2026-02-24,000858,11:02:51,105.5500,7,1
2026-02-24,000858,11:02:54,105.5300,1,2
2026-02-24,000858,11:02:57,105.5300,1,2
2026-02-24,000858,11:03:00,105.5400,1,1
2026-02-24,000858,11:03:03,105.5300,1,2
2026-02-24,000858,11:03:06,105.5300,10,2
2026-02-24,000858,11:03:09,105.5400,31,1
2026-02-24,000858,11:03:12,105.5300,5,2
2026-02-24,000858,11:03:15,105.5300,16,2
2026-02-24,000858,11:03:18,105.5300,10,1
2026-02-24,000858,11:03:21,105.5200,8,2
2026-02-24,000858,11:03:24,105.5400,15,1
2026-02-24,000858,11:03:27,105.5300,15,1
2026-02-24,000858,11:03:30,105.5300,46,1
2026-02-24,000858,11:03:33,105.5100,20,2
2026-02-24,000858,11:03:36,105.5100,3,2
2026-02-24,000858,11:03:39,105.5100,13,2
2026-02-24,000858,11:03:42,105.5300,14,1
2026-02-24,000858,11:03:45,105.5400,15,1
2026-02-24,000858,11:03:48,105.6000,189,1
2026-02-24,000858,11:03:51,105.6000,30,2
2026-02-24,000858,11:03:54,105.6400,2,1
2026-02-24,000858,11:03:57,105.6000,6,2
2026-02-24,000858,11:04:00,105.6400,186,1
2026-02-24,000858,11:04:03,105.6400,1,2
2026-02-24,000858,11:04:06,105.6400,1,2
2026-02-24,000858,11:04:12,105.6700,3,1
2026-02-24,000858,11:04:15,105.6800,36,1
2026-02-24,000858,11:04:18,105.6800,12,1
2026-02-24,000858,11:04:24,105.6900,3,1
2026-02-24,000858,11:04:27,105.6900,4,1
2026-02-24,000858,11:04:30,105.6900,3,1
2026-02-24,000858,11:04:33,105.6700,27,2
2026-02-24,000858,11:04:36,105.6800,8,4
2026-02-24,000858,11:04:39,105.6600,4,2
2026-02-24,000858,11:04:42,105.6600,5,1
2026-02-24,000858,11:04:45,105.6600,3,1
2026-02-24,000858,11:04:48,105.6800,28,1
2026-02-24,000858,11:04:51,105.6400,4,2
2026-02-24,000858,11:04:54,105.6200,1,2
2026-02-24,000858,11:04:57,105.6200,15,1
2026-02-24,000858,11:05:00,105.6200,16,1
2026-02-24,000858,11:05:03,105.6400,3,1
2026-02-24,000858,11:05:06,105.6200,59,2
2026-02-24,000858,11:05:09,105.6400,5,1
2026-02-24,000858,11:05:12,105.6300,11,1
2026-02-24,000858,11:05:15,105.6300,23,1
2026-02-24,000858,11:05:18,105.6300,16,1
2026-02-24,000858,11:05:21,105.6300,23,1
2026-02-24,000858,11:05:24,105.6300,2,2
2026-02-24,000858,11:05:27,105.6200,18,2
2026-02-24,000858,11:05:30,105.6400,34,1
2026-02-24,000858,11:05:33,105.6300,8,2
2026-02-24,000858,11:05:36,105.6200,198,2
2026-02-24,000858,11:05:39,105.6200,18,1
2026-02-24,000858,11:05:42,105.6200,6,1
2026-02-24,000858,11:05:45,105.6100,43,2
2026-02-24,000858,11:05:48,105.6000,24,2
2026-02-24,000858,11:05:51,105.6000,28,2
2026-02-24,000858,11:05:54,105.5900,2,2
2026-02-24,000858,11:05:57,105.6000,1,1
2026-02-24,000858,11:06:00,105.5900,11,2
2026-02-24,000858,11:06:03,105.6000,42,1
2026-02-24,000858,11:06:06,105.5800,3,2
2026-02-24,000858,11:06:09,105.5700,7,2
2026-02-24,000858,11:06:12,105.5700,5,1
2026-02-24,000858,11:06:18,105.5700,3,1
2026-02-24,000858,11:06:21,105.5500,18,2
2026-02-24,000858,11:06:24,105.5700,6,1
2026-02-24,000858,11:06:27,105.5500,16,1
2026-02-24,000858,11:06:30,105.5500,9,4
2026-02-24,000858,11:06:33,105.5500,2,2
2026-02-24,000858,11:06:36,105.5500,6,2
2026-02-24,000858,11:06:39,105.5300,81,2
2026-02-24,000858,11:06:42,105.5500,10,4
2026-02-24,000858,11:06:45,105.5400,2,4
2026-02-24,000858,11:06:48,105.5300,2,2
2026-02-24,000858,11:06:51,105.5300,1,2
2026-02-24,000858,11:06:54,105.5100,54,2
2026-02-24,000858,11:06:57,105.5100,14,2
2026-02-24,000858,11:07:00,105.5100,8,2
2026-02-24,000858,11:07:03,105.5100,57,2
2026-02-24,000858,11:07:06,105.5100,36,2
2026-02-24,000858,11:07:09,105.5100,3,2
2026-02-24,000858,11:07:12,105.5100,14,2
2026-02-24,000858,11:07:15,105.5200,22,1
2026-02-24,000858,11:07:18,105.5100,25,2
2026-02-24,000858,11:07:21,105.5000,7,2
2026-02-24,000858,11:07:24,105.5200,5,1
2026-02-24,000858,11:07:27,105.5000,23,2
2026-02-24,000858,11:07:30,105.5200,6,1
2026-02-24,000858,11:07:33,105.5300,5,1
2026-02-24,000858,11:07:36,105.5100,21,2
2026-02-24,000858,11:07:39,105.5000,235,2
2026-02-24,000858,11:07:42,105.4800,34,2
2026-02-24,000858,11:07:45,105.5000,8,1
2026-02-24,000858,11:07:48,105.5000,7,1
2026-02-24,000858,11:07:51,105.4900,53,4
2026-02-24,000858,11:07:54,105.4700,4,2
2026-02-24,000858,11:07:57,105.4800,5,4
2026-02-24,000858,11:08:00,105.4700,18,2
2026-02-24,000858,11:08:03,105.4800,36,1
2026-02-24,000858,11:08:06,105.4800,4,1
2026-02-24,000858,11:08:09,105.4700,3,1
2026-02-24,000858,11:08:12,105.4700,1,1
2026-02-24,000858,11:08:15,105.4600,9,2
2026-02-24,000858,11:08:18,105.4700,26,1
2026-02-24,000858,11:08:21,105.4800,6,1
2026-02-24,000858,11:08:24,105.4800,2,1
2026-02-24,000858,11:08:27,105.4800,10,1
2026-02-24,000858,11:08:30,105.4700,8,2
2026-02-24,000858,11:08:33,105.4700,19,1
2026-02-24,000858,11:08:36,105.4500,1,2
2026-02-24,000858,11:08:39,105.4600,3,1
2026-02-24,000858,11:08:42,105.4500,10,2
2026-02-24,000858,11:08:45,105.4600,10,2
2026-02-24,000858,11:08:48,105.4600,2,2
2026-02-24,000858,11:08:51,105.4600,1,2
2026-02-24,000858,11:08:54,105.4700,12,1
2026-02-24,000858,11:08:57,105.4600,20,2
2026-02-24,000858,11:09:00,105.4500,101,2
2026-02-24,000858,11:09:03,105.4700,4,1
2026-02-24,000858,11:09:09,105.4500,4,2
2026-02-24,000858,11:09:12,105.4500,41,2
2026-02-24,000858,11:09:15,105.4500,3,2
2026-02-24,000858,11:09:18,105.4700,25,1
2026-02-24,000858,11:09:21,105.4600,4,4
2026-02-24,000858,11:09:24,105.4700,5,1
2026-02-24,000858,11:09:27,105.4600,5,4
2026-02-24,000858,11:09:30,105.4600,4,1
2026-02-24,000858,11:09:33,105.4600,6,1
2026-02-24,000858,11:09:36,105.4700,7,1
2026-02-24,000858,11:09:42,105.4600,7,2
2026-02-24,000858,11:09:45,105.4600,5,1
2026-02-24,000858,11:09:48,105.4600,2,1
2026-02-24,000858,11:09:51,105.4600,26,1
2026-02-24,000858,11:09:54,105.4600,9,1
2026-02-24,000858,11:09:57,105.4600,9,1
2026-02-24,000858,11:10:00,105.4600,1,1
2026-02-24,000858,11:10:03,105.4500,4,2
2026-02-24,000858,11:10:06,105.4500,8,2
2026-02-24,000858,11:10:09,105.4500,15,1
2026-02-24,000858,11:10:12,105.4500,33,1
2026-02-24,000858,11:10:15,105.4500,19,2
2026-02-24,000858,11:10:18,105.4500,3,2
2026-02-24,000858,11:10:21,105.4500,23,2
2026-02-24,000858,11:10:24,105.4300,113,2
2026-02-24,000858,11:10:27,105.4500,45,1
2026-02-24,000858,11:10:30,105.4300,5,2
2026-02-24,000858,11:10:33,105.4100,19,2
2026-02-24,000858,11:10:36,105.4400,4,1
2026-02-24,000858,11:10:39,105.4400,21,1
2026-02-24,000858,11:10:42,105.4300,43,2
2026-02-24,000858,11:10:45,105.4300,11,2
2026-02-24,000858,11:10:48,105.4400,38,1
2026-02-24,000858,11:10:51,105.4400,3,1
2026-02-24,000858,11:10:54,105.4300,12,2
2026-02-24,000858,11:10:57,105.4300,8,2
2026-02-24,000858,11:11:00,105.4300,9,2
2026-02-24,000858,11:11:03,105.4300,12,2
2026-02-24,000858,11:11:06,105.4300,9,1
2026-02-24,000858,11:11:09,105.4300,3,1
2026-02-24,000858,11:11:12,105.4300,16,1
2026-02-24,000858,11:11:15,105.4200,9,2
2026-02-24,000858,11:11:18,105.4300,4,4
2026-02-24,000858,11:11:21,105.4400,8,1
2026-02-24,000858,11:11:24,105.4200,2,2
2026-02-24,000858,11:11:27,105.4200,8,2
2026-02-24,000858,11:11:30,105.4200,3,2
2026-02-24,000858,11:11:33,105.4300,3,1
2026-02-24,000858,11:11:39,105.4300,27,1
2026-02-24,000858,11:11:42,105.4300,47,1
2026-02-24,000858,11:11:45,105.4200,3,4
2026-02-24,000858,11:11:48,105.4300,4,1
2026-02-24,000858,11:11:51,105.4200,2,2
2026-02-24,000858,11:11:57,105.4200,7,2
2026-02-24,000858,11:12:00,105.4200,5,2
2026-02-24,000858,11:12:03,105.4100,15,2
2026-02-24,000858,11:12:06,105.4200,19,1
2026-02-24,000858,11:12:09,105.4200,4,1
2026-02-24,000858,11:12:12,105.4200,42,1
2026-02-24,000858,11:12:15,105.4100,20,2
2026-02-24,000858,11:12:18,105.4100,37,2
2026-02-24,000858,11:12:21,105.4100,15,2
2026-02-24,000858,11:12:24,105.4200,1,1
2026-02-24,000858,11:12:27,105.4100,3,2
2026-02-24,000858,11:12:30,105.4100,7,2
2026-02-24,000858,11:12:33,105.4100,5,2
2026-02-24,000858,11:12:36,105.4100,3,1
2026-02-24,000858,11:12:39,105.4200,13,1
2026-02-24,000858,11:12:42,105.4000,15,2
2026-02-24,000858,11:12:45,105.4100,9,2
2026-02-24,000858,11:12:48,105.4000,60,2
2026-02-24,000858,11:12:51,105.4100,5,1
2026-02-24,000858,11:12:54,105.4100,4,1
