date,code,time,price,volume,bs
2026-05-12,601318,14:07:05,59.4100,21,2
2026-05-12,601318,14:07:08,59.4000,49,2
2026-05-12,601318,14:07:11,59.4100,10,1
2026-05-12,601318,14:07:14,59.4100,173,1
2026-05-12,601318,14:07:17,59.4100,40,1
2026-05-12,601318,14:07:20,59.4100,111,1
2026-05-12,601318,14:07:23,59.4100,270,1
2026-05-12,601318,14:07:26,59.4000,29,2
2026-05-12,601318,14:07:29,59.4100,16,1
2026-05-12,601318,14:07:32,59.4000,52,2
2026-05-12,601318,14:07:35,59.4000,93,2
2026-05-12,601318,14:07:38,59.4000,75,2
2026-05-12,601318,14:07:41,59.4000,38,2
2026-05-12,601318,14:07:44,59.4000,117,2
2026-05-12,601318,14:07:47,59.4000,240,2
2026-05-12,601318,14:07:50,59.4100,186,1
2026-05-12,601318,14:07:53,59.3900,87,2
2026-05-12,601318,14:07:56,59.4000,104,2
2026-05-12,601318,14:07:59,59.4000,58,2
2026-05-12,601318,14:08:02,59.4000,44,2
2026-05-12,601318,14:08:05,59.4000,47,2
2026-05-12,601318,14:08:08,59.3900,119,2
2026-05-12,601318,14:08:11,59.3900,186,2
2026-05-12,601318,14:08:14,59.3900,90,2
2026-05-12,601318,14:08:17,59.3600,2944,2
2026-05-12,601318,14:08:20,59.3600,165,2
2026-05-12,601318,14:08:23,59.3600,70,2
2026-05-12,601318,14:08:26,59.3700,314,1
2026-05-12,601318,14:08:29,59.3600,169,2
2026-05-12,601318,14:08:32,59.3700,40,1
2026-05-12,601318,14:08:35,59.3700,18,1
2026-05-12,601318,14:08:38,59.3600,127,2
2026-05-12,601318,14:08:41,59.3700,97,1
2026-05-12,601318,14:08:44,59.3700,61,1
2026-05-12,601318,14:08:47,59.3600,218,2
2026-05-12,601318,14:08:50,59.3700,62,1
2026-05-12,601318,14:08:53,59.3600,100,2
2026-05-12,601318,14:08:56,59.3600,39,2
2026-05-12,601318,14:08:59,59.3700,367,1
2026-05-12,601318,14:09:02,59.3700,8,2
2026-05-12,601318,14:09:05,59.3800,77,1
2026-05-12,601318,14:09:08,59.3700,41,2
2026-05-12,601318,14:09:11,59.3800,42,1
2026-05-12,601318,14:09:14,59.3700,29,2
2026-05-12,601318,14:09:17,59.3700,52,2
2026-05-12,601318,14:09:20,59.3700,45,2
2026-05-12,601318,14:09:23,59.3700,14,2
2026-05-12,601318,14:09:26,59.3700,104,2
2026-05-12,601318,14:09:29,59.3800,37,1
2026-05-12,601318,14:09:32,59.3700,37,2
2026-05-12,601318,14:09:35,59.3800,614,1
2026-05-12,601318,14:09:38,59.3800,30,1
2026-05-12,601318,14:09:41,59.3700,148,2
2026-05-12,601318,14:09:44,59.3800,53,1
2026-05-12,601318,14:09:47,59.3700,22,1
2026-05-12,601318,14:09:50,59.3700,55,1
2026-05-12,601318,14:09:53,59.3600,187,2
2026-05-12,601318,14:09:56,59.3800,79,1
2026-05-12,601318,14:09:59,59.3700,50,2
2026-05-12,601318,14:10:02,59.3700,7,2
2026-05-12,601318,14:10:05,59.3700,53,2
2026-05-12,601318,14:10:08,59.3700,78,2
2026-05-12,601318,14:10:11,59.3800,29,1
2026-05-12,601318,14:10:14,59.3700,34,2
2026-05-12,601318,14:10:17,59.3700,35,2
2026-05-12,601318,14:10:20,59.3800,86,1
2026-05-12,601318,14:10:23,59.3800,73,1
2026-05-12,601318,14:10:26,59.3700,455,2
2026-05-12,601318,14:10:29,59.3600,173,2
2026-05-12,601318,14:10:32,59.3800,204,1
2026-05-12,601318,14:10:35,59.3700,99,2
2026-05-12,601318,14:10:38,59.3800,104,1
2026-05-12,601318,14:10:41,59.3800,123,1
2026-05-12,601318,14:10:44,59.3800,113,1
2026-05-12,601318,14:10:47,59.3800,38,1
2026-05-12,601318,14:10:50,59.3700,74,2
2026-05-12,601318,14:10:53,59.3800,16,1
2026-05-12,601318,14:10:56,59.3800,85,1
2026-05-12,601318,14:10:59,59.3800,27,1
2026-05-12,601318,14:11:02,59.4000,304,1
2026-05-12,601318,14:11:05,59.4100,84,1
2026-05-12,601318,14:11:08,59.4000,120,2
2026-05-12,601318,14:11:11,59.4100,49,4
2026-05-12,601318,14:11:14,59.4100,33,2
2026-05-12,601318,14:11:17,59.4200,39,1
2026-05-12,601318,14:11:20,59.4100,47,2
2026-05-12,601318,14:11:23,59.4000,73,2
2026-05-12,601318,14:11:26,59.4000,79,2
2026-05-12,601318,14:11:29,59.4000,87,2
2026-05-12,601318,14:11:32,59.4000,43,2
2026-05-12,601318,14:11:35,59.3900,55,2
2026-05-12,601318,14:11:38,59.4000,6,1
2026-05-12,601318,14:11:41,59.4000,39,1
2026-05-12,601318,14:11:44,59.3800,225,2
2026-05-12,601318,14:11:47,59.3900,20,2
2026-05-12,601318,14:11:50,59.3900,80,4
2026-05-12,601318,14:11:53,59.3800,27,2
2026-05-12,601318,14:11:56,59.3900,63,2
2026-05-12,601318,14:11:59,59.3900,48,1
2026-05-12,601318,14:12:02,59.3900,20,1
2026-05-12,601318,14:12:05,59.3900,104,1
2026-05-12,601318,14:12:08,59.3900,102,1
2026-05-12,601318,14:12:11,59.3900,75,1
2026-05-12,601318,14:12:14,59.3900,88,1
2026-05-12,601318,14:12:17,59.4000,69,1
2026-05-12,601318,14:12:20,59.4000,5,1
2026-05-12,601318,14:12:23,59.3900,76,2
2026-05-12,601318,14:12:26,59.3900,43,2
2026-05-12,601318,14:12:29,59.4000,66,1
2026-05-12,601318,14:12:32,59.4000,3,1
2026-05-12,601318,14:12:35,59.3900,61,2
2026-05-12,601318,14:12:38,59.3900,128,2
2026-05-12,601318,14:12:41,59.3900,33,2
2026-05-12,601318,14:12:44,59.4000,84,1
2026-05-12,601318,14:12:47,59.3900,62,2
2026-05-12,601318,14:12:50,59.3900,28,2
2026-05-12,601318,14:12:53,59.3900,72,2
2026-05-12,601318,14:12:56,59.3900,110,1
2026-05-12,601318,14:12:59,59.3900,13,1
2026-05-12,601318,14:13:02,59.3900,28,1
2026-05-12,601318,14:13:05,59.3800,235,2
2026-05-12,601318,14:13:08,59.3800,57,1
2026-05-12,601318,14:13:11,59.3700,70,2
2026-05-12,601318,14:13:14,59.3700,49,2
2026-05-12,601318,14:13:17,59.3700,65,2
2026-05-12,601318,14:13:20,59.3700,198,2
2026-05-12,601318,14:13:23,59.3600,103,2
2026-05-12,601318,14:13:26,59.3600,158,2
2026-05-12,601318,14:13:29,59.3700,14,1
2026-05-12,601318,14:13:32,59.3600,130,2
2026-05-12,601318,14:13:35,59.3700,136,1
2026-05-12,601318,14:13:38,59.3600,71,2
2026-05-12,601318,14:13:41,59.3800,278,1
2026-05-12,601318,14:13:44,59.3700,111,2
2026-05-12,601318,14:13:47,59.3700,145,2
2026-05-12,601318,14:13:50,59.3700,151,1
2026-05-12,601318,14:13:53,59.3700,100,1
2026-05-12,601318,14:13:56,59.3700,206,1
2026-05-12,601318,14:13:59,59.3700,26,1
2026-05-12,601318,14:14:02,59.3700,68,1
2026-05-12,601318,14:14:05,59.3700,10,1
2026-05-12,601318,14:14:08,59.3600,129,2
2026-05-12,601318,14:14:11,59.3600,86,1
2026-05-12,601318,14:14:14,59.3500,73,2
2026-05-12,601318,14:14:17,59.3500,204,2
2026-05-12,601318,14:14:20,59.3600,126,1
2026-05-12,601318,14:14:23,59.3600,96,1
2026-05-12,601318,14:14:26,59.3500,284,2
2026-05-12,601318,14:14:29,59.3600,152,1
2026-05-12,601318,14:14:32,59.3500,175,2
2026-05-12,601318,14:14:35,59.3600,41,1
2026-05-12,601318,14:14:38,59.3700,90,1
2026-05-12,601318,14:14:41,59.3700,43,1
2026-05-12,601318,14:14:44,59.3700,493,1
2026-05-12,601318,14:14:47,59.3900,628,1
2026-05-12,601318,14:14:50,59.3800,145,4
2026-05-12,601318,14:14:53,59.3800,194,1
2026-05-12,601318,14:14:56,59.3800,104,2
2026-05-12,601318,14:14:59,59.3800,24,2
2026-05-12,601318,14:15:02,59.3800,570,2
2026-05-12,601318,14:15:05,59.3800,49,2
2026-05-12,601318,14:15:08,59.3800,112,1
2026-05-12,601318,14:15:11,59.3600,107,2
2026-05-12,601318,14:15:14,59.3800,108,1
2026-05-12,601318,14:15:17,59.3700,43,4
2026-05-12,601318,14:15:20,59.3700,19,4
2026-05-12,601318,14:15:23,59.3800,220,1
2026-05-12,601318,14:15:26,59.3800,166,1
2026-05-12,601318,14:15:29,59.3800,71,1
2026-05-12,601318,14:15:32,59.3800,92,2
2026-05-12,601318,14:15:35,59.3900,35,1
2026-05-12,601318,14:15:38,59.3800,55,2
2026-05-12,601318,14:15:41,59.3900,85,1
2026-05-12,601318,14:15:44,59.3900,13,1
2026-05-12,601318,14:15:47,59.3800,36,2
2026-05-12,601318,14:15:50,59.3700,42,2
2026-05-12,601318,14:15:53,59.3800,532,1
2026-05-12,601318,14:15:56,59.3700,306,4
2026-05-12,601318,14:15:59,59.3700,15,2
2026-05-12,601318,14:16:02,59.3600,62,2
2026-05-12,601318,14:16:05,59.3700,32,2
2026-05-12,601318,14:16:08,59.3700,77,1
2026-05-12,601318,14:16:11,59.3800,188,1
2026-05-12,601318,14:16:14,59.3800,77,1
2026-05-12,601318,14:16:17,59.3700,57,2
2026-05-12,601318,14:16:20,59.3700,159,1
2026-05-12,601318,14:16:23,59.3800,108,1
2026-05-12,601318,14:16:26,59.3800,40,1
2026-05-12,601318,14:16:29,59.3700,53,2
2026-05-12,601318,14:16:32,59.3700,27,2
2026-05-12,601318,14:16:35,59.3800,25,1
2026-05-12,601318,14:16:38,59.3800,24,1
2026-05-12,601318,14:16:41,59.3700,105,2
2026-05-12,601318,14:16:44,59.3800,64,1
2026-05-12,601318,14:16:47,59.3700,37,2
2026-05-12,601318,14:16:50,59.3600,95,2
2026-05-12,601318,14:16:53,59.3700,8,4
2026-05-12,601318,14:16:56,59.3700,18,1
2026-05-12,601318,14:16:59,59.3700,155,1
2026-05-12,601318,14:17:02,59.3700,10,1
2026-05-12,601318,14:17:05,59.3900,134,1
2026-05-12,601318,14:17:08,59.3800,98,2
2026-05-12,601318,14:17:11,59.3900,20,1
2026-05-12,601318,14:17:14,59.3800,71,2
2026-05-12,601318,14:17:17,59.3900,4,1
2026-05-12,601318,14:17:20,59.3800,54,2
2026-05-12,601318,14:17:23,59.3800,42,1
2026-05-12,601318,14:17:26,59.3800,38,2
2026-05-12,601318,14:17:29,59.3800,50,1
2026-05-12,601318,14:17:32,59.3800,534,1
2026-05-12,601318,14:17:35,59.3600,7,2
2026-05-12,601318,14:17:38,59.3700,44,1
2026-05-12,601318,14:17:41,59.3600,92,2
2026-05-12,601318,14:17:44,59.3600,55,2
2026-05-12,601318,14:17:47,59.3700,97,1
2026-05-12,601318,14:17:50,59.3600,55,2
2026-05-12,601318,14:17:53,59.3700,352,1
2026-05-12,601318,14:17:56,59.3700,2,2
2026-05-12,601318,14:17:59,59.3800,26,2
2026-05-12,601318,14:18:02,59.3800,6,2
2026-05-12,601318,14:18:05,59.4000,68,1
2026-05-12,601318,14:18:08,59.3900,119,2
2026-05-12,601318,14:18:11,59.4000,10,1
2026-05-12,601318,14:18:14,59.4000,138,1
2026-05-12,601318,14:18:17,59.4000,17,2
2026-05-12,601318,14:18:20,59.4000,42,2
2026-05-12,601318,14:18:23,59.4000,46,2
2026-05-12,601318,14:18:26,59.4100,70,1
2026-05-12,601318,14:18:29,59.4100,12,1
2026-05-12,601318,14:18:32,59.4100,10,1
2026-05-12,601318,14:18:35,59.4100,9,1
2026-05-12,601318,14:18:38,59.4000,97,2
2026-05-12,601318,14:18:41,59.4000,18,1
2026-05-12,601318,14:18:44,59.4000,35,1
2026-05-12,601318,14:18:47,59.3900,8,2
2026-05-12,601318,14:18:50,59.3900,19,2
2026-05-12,601318,14:18:53,59.4000,10,1
2026-05-12,601318,14:18:56,59.3900,78,2
2026-05-12,601318,14:18:59,59.3900,37,2
2026-05-12,601318,14:19:02,59.3900,25,1
2026-05-12,601318,14:19:05,59.4000,123,1
2026-05-12,601318,14:19:08,59.3700,732,2
2026-05-12,601318,14:19:11,59.4000,74,1
2026-05-12,601318,14:19:14,59.4000,35,1
2026-05-12,601318,14:19:17,59.4000,69,1
2026-05-12,601318,14:19:20,59.4000,37,2
2026-05-12,601318,14:19:23,59.4000,35,2
2026-05-12,601318,14:19:26,59.4000,43,2
2026-05-12,601318,14:19:29,59.4100,11,1
2026-05-12,601318,14:19:32,59.4100,42,1
2026-05-12,601318,14:19:35,59.4100,48,1
2026-05-12,601318,14:19:38,59.4100,27,1
2026-05-12,601318,14:19:41,59.4100,6,1
2026-05-12,601318,14:19:44,59.4200,182,1
2026-05-12,601318,14:19:47,59.4200,27,1
2026-05-12,601318,14:19:50,59.4200,23,1
2026-05-12,601318,14:19:53,59.4200,2,1
2026-05-12,601318,14:19:56,59.4200,6,1
2026-05-12,601318,14:19:59,59.4100,16,2
2026-05-12,601318,14:20:02,59.4200,5,1
2026-05-12,601318,14:20:05,59.4100,9,2
2026-05-12,601318,14:20:08,59.4200,4,1
2026-05-12,601318,14:20:11,59.4100,48,2
2026-05-12,601318,14:20:14,59.4100,39,2
2026-05-12,601318,14:20:17,59.4100,35,2
2026-05-12,601318,14:20:20,59.4100,53,2
2026-05-12,601318,14:20:23,59.4000,231,2
2026-05-12,601318,14:20:26,59.4000,61,2
2026-05-12,601318,14:20:29,59.4000,39,2
2026-05-12,601318,14:20:32,59.4000,56,2
2026-05-12,601318,14:20:35,59.4100,29,1
2026-05-12,601318,14:20:38,59.4000,73,2
2026-05-12,601318,14:20:41,59.4000,75,2
2026-05-12,601318,14:20:44,59.4000,46,1
2026-05-12,601318,14:20:47,59.4100,21,1
2026-05-12,601318,14:20:50,59.4000,12,2
2026-05-12,601318,14:20:53,59.3800,90,2
2026-05-12,601318,14:20:56,59.4000,135,1
2026-05-12,601318,14:20:59,59.3800,35,2
2026-05-12,601318,14:21:02,59.3900,26,4
2026-05-12,601318,14:21:05,59.4000,11,1
2026-05-12,601318,14:21:08,59.3900,59,2
2026-05-12,601318,14:21:11,59.3900,21,4
2026-05-12,601318,14:21:14,59.3900,49,1
2026-05-12,601318,14:21:17,59.3800,23,2
2026-05-12,601318,14:21:20,59.3800,189,2
2026-05-12,601318,14:21:23,59.3800,39,1
2026-05-12,601318,14:21:26,59.3800,50,2
2026-05-12,601318,14:21:29,59.3900,52,1
2026-05-12,601318,14:21:32,59.3800,34,2
2026-05-12,601318,14:21:35,59.3800,13,2
2026-05-12,601318,14:21:38,59.3800,15,2
2026-05-12,601318,14:21:41,59.3700,204,2
2026-05-12,601318,14:21:44,59.3700,51,2
2026-05-12,601318,14:21:47,59.3700,77,2
2026-05-12,601318,14:21:50,59.3800,58,1
2026-05-12,601318,14:21:53,59.3700,42,2
2026-05-12,601318,14:21:56,59.3800,8,1
2026-05-12,601318,14:21:59,59.3800,7,1
2026-05-12,601318,14:22:02,59.3800,40,1
2026-05-12,601318,14:22:05,59.3800,40,1
2026-05-12,601318,14:22:08,59.3700,96,2
2026-05-12,601318,14:22:11,59.3700,50,2
2026-05-12,601318,14:22:14,59.3800,287,1
2026-05-12,601318,14:22:17,59.3500,190,2
2026-05-12,601318,14:22:20,59.3500,472,2
2026-05-12,601318,14:22:23,59.3600,95,1
2026-05-12,601318,14:22:26,59.3600,106,1
2026-05-12,601318,14:22:29,59.3500,72,2
2026-05-12,601318,14:22:32,59.3500,15,2
2026-05-12,601318,14:22:35,59.3600,75,1
2026-05-12,601318,14:22:38,59.3500,74,2
2026-05-12,601318,14:22:41,59.3500,19,2
2026-05-12,601318,14:22:44,59.3500,139,2
2026-05-12,601318,14:22:47,59.3500,41,2
2026-05-12,601318,14:22:50,59.3500,29,2
2026-05-12,601318,14:22:53,59.3600,42,1
2026-05-12,601318,14:22:56,59.3500,58,2
2026-05-12,601318,14:22:59,59.3500,33,2
2026-05-12,601318,14:23:02,59.3500,17,2
2026-05-12,601318,14:23:05,59.3500,45,2
2026-05-12,601318,14:23:08,59.3500,36,2
2026-05-12,601318,14:23:11,59.3500,138,2
2026-05-12,601318,14:23:14,59.3600,23,1
2026-05-12,601318,14:23:17,59.3600,109,1
2026-05-12,601318,14:23:20,59.3500,60,2
2026-05-12,601318,14:23:23,59.3500,74,2
2026-05-12,601318,14:23:26,59.3600,72,1
2026-05-12,601318,14:23:29,59.3600,107,1
2026-05-12,601318,14:23:32,59.3600,259,1
2026-05-12,601318,14:23:35,59.3600,27,1
2026-05-12,601318,14:23:38,59.3600,113,1
2026-05-12,601318,14:23:41,59.3600,64,1
2026-05-12,601318,14:23:44,59.3600,58,1
2026-05-12,601318,14:23:47,59.3600,41,2
2026-05-12,601318,14:23:50,59.3600,57,2
2026-05-12,601318,14:23:53,59.3700,76,1
2026-05-12,601318,14:23:56,59.3600,52,2
2026-05-12,601318,14:23:59,59.3600,31,2
2026-05-12,601318,14:24:02,59.3600,50,1
2026-05-12,601318,14:24:05,59.3600,26,1
2026-05-12,601318,14:24:08,59.3600,15,1
2026-05-12,601318,14:24:11,59.3600,24,1
2026-05-12,601318,14:24:14,59.3600,66,1
2026-05-12,601318,14:24:17,59.3600,64,1
2026-05-12,601318,14:24:20,59.3600,53,1
2026-05-12,601318,14:24:23,59.3500,100,2
2026-05-12,601318,14:24:26,59.3500,81,2
2026-05-12,601318,14:24:29,59.3600,109,1
2026-05-12,601318,14:24:32,59.3600,5,2
2026-05-12,601318,14:24:35,59.3600,94,2
2026-05-12,601318,14:24:38,59.3600,86,2
2026-05-12,601318,14:24:41,59.3700,124,1
2026-05-12,601318,14:24:44,59.3600,3,2
2026-05-12,601318,14:24:47,59.3600,87,2
2026-05-12,601318,14:24:50,59.3500,58,2
2026-05-12,601318,14:24:53,59.3600,8,1
2026-05-12,601318,14:24:56,59.3600,80,1
2026-05-12,601318,14:24:59,59.3600,23,1
2026-05-12,601318,14:25:02,59.3600,52,1
2026-05-12,601318,14:25:05,59.3600,16,1
2026-05-12,601318,14:25:08,59.3600,29,1
2026-05-12,601318,14:25:11,59.3600,175,1
2026-05-12,601318,14:25:14,59.3600,213,2
2026-05-12,601318,14:25:17,59.3500,171,2
2026-05-12,601318,14:25:20,59.3500,59,2
2026-05-12,601318,14:25:23,59.3600,153,1
2026-05-12,601318,14:25:26,59.3600,85,1
2026-05-12,601318,14:25:29,59.3500,267,2
2026-05-12,601318,14:25:32,59.3500,24,1
2026-05-12,601318,14:25:35,59.3400,212,2
2026-05-12,601318,14:25:38,59.3400,77,2
2026-05-12,601318,14:25:41,59.3400,1,2
2026-05-12,601318,14:25:44,59.3400,64,2
2026-05-12,601318,14:25:47,59.3500,130,1
2026-05-12,601318,14:25:50,59.3600,71,1
2026-05-12,601318,14:25:53,59.3500,19,2
2026-05-12,601318,14:25:56,59.3500,7,2
2026-05-12,601318,14:25:59,59.3600,39,1
2026-05-12,601318,14:26:02,59.3500,64,2
2026-05-12,601318,14:26:05,59.3500,67,2
2026-05-12,601318,14:26:08,59.3500,90,2
2026-05-12,601318,14:26:11,59.3500,134,1
2026-05-12,601318,14:26:14,59.3600,123,1
2026-05-12,601318,14:26:17,59.3500,56,2
2026-05-12,601318,14:26:20,59.3400,29,2
2026-05-12,601318,14:26:23,59.3500,107,1
2026-05-12,601318,14:26:26,59.3500,64,1
2026-05-12,601318,14:26:29,59.3500,27,1
2026-05-12,601318,14:26:32,59.3500,36,1
2026-05-12,601318,14:26:35,59.3500,38,1
2026-05-12,601318,14:26:38,59.3500,14,1
2026-05-12,601318,14:26:41,59.3400,11,2
2026-05-12,601318,14:26:44,59.3400,28,2
2026-05-12,601318,14:26:47,59.3500,38,1
2026-05-12,601318,14:26:50,59.3400,47,2
2026-05-12,601318,14:26:53,59.3500,96,1
2026-05-12,601318,14:26:56,59.3400,72,2
2026-05-12,601318,14:26:59,59.3500,61,1
2026-05-12,601318,14:27:02,59.3400,313,2
2026-05-12,601318,14:27:05,59.2900,5886,2
2026-05-12,601318,14:27:08,59.2900,341,1
2026-05-12,601318,14:27:11,59.2700,48,2
2026-05-12,601318,14:27:14,59.2700,66,2
2026-05-12,601318,14:27:17,59.2800,135,1
2026-05-12,601318,14:27:20,59.2700,95,2
2026-05-12,601318,14:27:23,59.2700,40,2
2026-05-12,601318,14:27:26,59.2700,1008,2
2026-05-12,601318,14:27:29,59.2700,152,2
2026-05-12,601318,14:27:32,59.2800,30,1
2026-05-12,601318,14:27:35,59.2700,62,2
2026-05-12,601318,14:27:38,59.2800,38,1
2026-05-12,601318,14:27:41,59.2800,63,1
2026-05-12,601318,14:27:44,59.2700,60,2
2026-05-12,601318,14:27:47,59.2700,40,2
2026-05-12,601318,14:27:50,59.2700,62,2
2026-05-12,601318,14:27:53,59.2700,118,2
2026-05-12,601318,14:27:56,59.2800,391,1
2026-05-12,601318,14:27:59,59.2700,104,2
2026-05-12,601318,14:28:02,59.2700,55,2
2026-05-12,601318,14:28:05,59.2700,94,2
2026-05-12,601318,14:28:08,59.2600,97,2
2026-05-12,601318,14:28:11,59.2600,28,2
2026-05-12,601318,14:28:14,59.2600,90,2
2026-05-12,601318,14:28:17,59.2600,78,2
2026-05-12,601318,14:28:20,59.2700,126,1
2026-05-12,601318,14:28:23,59.2700,584,2
2026-05-12,601318,14:28:26,59.2700,79,2
2026-05-12,601318,14:28:29,59.2800,69,1
2026-05-12,601318,14:28:32,59.2800,45,1
2026-05-12,601318,14:28:35,59.2800,131,1
2026-05-12,601318,14:28:38,59.2900,22,1
2026-05-12,601318,14:28:41,59.2800,64,2
2026-05-12,601318,14:28:44,59.2800,79,2
2026-05-12,601318,14:28:47,59.2800,1,2
2026-05-12,601318,14:28:50,59.2900,22,1
2026-05-12,601318,14:28:53,59.2900,61,1
2026-05-12,601318,14:28:56,59.2900,11,1
2026-05-12,601318,14:28:59,59.2800,63,2
2026-05-12,601318,14:29:02,59.2900,278,1
2026-05-12,601318,14:29:05,59.2800,67,2
2026-05-12,601318,14:29:08,59.2800,18,2
2026-05-12,601318,14:29:11,59.2900,104,1
2026-05-12,601318,14:29:14,59.2900,2,2
2026-05-12,601318,14:29:20,59.2900,6,2
2026-05-12,601318,14:29:23,59.2900,498,2
2026-05-12,601318,14:29:26,59.3000,53,1
2026-05-12,601318,14:29:29,59.2900,62,4
2026-05-12,601318,14:29:32,59.2900,35,1
2026-05-12,601318,14:29:35,59.2900,56,1
2026-05-12,601318,14:29:38,59.2900,122,2
2026-05-12,601318,14:29:41,59.2900,193,1
2026-05-12,601318,14:29:44,59.2900,154,1
2026-05-12,601318,14:29:47,59.2900,85,1
2026-05-12,601318,14:29:50,59.2900,49,1
2026-05-12,601318,14:29:53,59.2700,132,2
2026-05-12,601318,14:29:56,59.2800,39,1
2026-05-12,601318,14:29:59,59.2800,123,1
2026-05-12,601318,14:30:02,59.2700,149,2
2026-05-12,601318,14:30:05,59.2900,67,1
2026-05-12,601318,14:30:08,59.2900,78,2
2026-05-12,601318,14:30:11,59.2900,16,2
2026-05-12,601318,14:30:14,59.3000,12,1
2026-05-12,601318,14:30:17,59.3000,21,1
2026-05-12,601318,14:30:20,59.3000,11,1
2026-05-12,601318,14:30:23,59.3000,86,1
2026-05-12,601318,14:30:26,59.3000,51,1
2026-05-12,601318,14:30:29,59.2900,255,2
2026-05-12,601318,14:30:32,59.2900,43,2
2026-05-12,601318,14:30:35,59.3100,144,1
2026-05-12,601318,14:30:38,59.3000,27,1
2026-05-12,601318,14:30:41,59.2900,28,2
2026-05-12,601318,14:30:44,59.2900,38,2
2026-05-12,601318,14:30:47,59.3000,50,1
2026-05-12,601318,14:30:50,59.3000,65,1
2026-05-12,601318,14:30:53,59.2900,36,2
2026-05-12,601318,14:30:56,59.3000,22,1
2026-05-12,601318,14:30:59,59.2900,75,2
2026-05-12,601318,14:31:02,59.3000,151,1
2026-05-12,601318,14:31:05,59.2900,25,2
2026-05-12,601318,14:31:08,59.3000,43,1
2026-05-12,601318,14:31:11,59.3000,3,1
2026-05-12,601318,14:31:14,59.3000,15,1
2026-05-12,601318,14:31:17,59.3100,195,1
2026-05-12,601318,14:31:20,59.3000,5,2
2026-05-12,601318,14:31:23,59.3100,25,1
2026-05-12,601318,14:31:26,59.3100,246,1
2026-05-12,601318,14:31:29,59.3100,54,1
2026-05-12,601318,14:31:32,59.3000,44,2
2026-05-12,601318,14:31:35,59.3100,9,1
2026-05-12,601318,14:31:38,59.3000,5,2
2026-05-12,601318,14:31:41,59.3100,88,1
2026-05-12,601318,14:31:44,59.3000,4,2
2026-05-12,601318,14:31:47,59.3100,2,1
2026-05-12,601318,14:31:50,59.3100,28,1
2026-05-12,601318,14:31:53,59.3100,20,1
2026-05-12,601318,14:31:56,59.3100,2,1
2026-05-12,601318,14:31:59,59.3100,20,1
2026-05-12,601318,14:32:02,59.3000,59,2
2026-05-12,601318,14:32:05,59.3100,128,1
2026-05-12,601318,14:32:08,59.3100,41,2
2026-05-12,601318,14:32:11,59.3100,46,2
2026-05-12,601318,14:32:14,59.3100,13,2
2026-05-12,601318,14:32:17,59.3100,52,2
2026-05-12,601318,14:32:20,59.3100,13,1
2026-05-12,601318,14:32:23,59.3100,89,1
2026-05-12,601318,14:32:26,59.3000,65,2
2026-05-12,601318,14:32:29,59.3100,64,1
2026-05-12,601318,14:32:32,59.3100,36,1
2026-05-12,601318,14:32:35,59.3100,114,1
2026-05-12,601318,14:32:38,59.3100,32,2
2026-05-12,601318,14:32:41,59.3200,102,1
2026-05-12,601318,14:32:44,59.3100,55,2
2026-05-12,601318,14:32:47,59.3200,13,1
2026-05-12,601318,14:32:50,59.3100,43,2
2026-05-12,601318,14:32:53,59.3200,228,1
2026-05-12,601318,14:32:56,59.3100,56,2
2026-05-12,601318,14:32:59,59.3100,12,2
2026-05-12,601318,14:33:02,59.3100,34,2
2026-05-12,601318,14:33:05,59.3100,64,2
2026-05-12,601318,14:33:08,59.3100,39,2
2026-05-12,601318,14:33:11,59.3200,61,1
2026-05-12,601318,14:33:14,59.3100,33,2
2026-05-12,601318,14:33:17,59.3300,1036,1
2026-05-12,601318,14:33:20,59.3300,1274,1
2026-05-12,601318,14:33:23,59.3300,267,1
2026-05-12,601318,14:33:26,59.3300,30,1
2026-05-12,601318,14:33:29,59.3300,22,1
2026-05-12,601318,14:33:32,59.3300,55,1
2026-05-12,601318,14:33:35,59.3400,109,1
2026-05-12,601318,14:33:38,59.3400,55,1
2026-05-12,601318,14:33:41,59.3400,205,1
2026-05-12,601318,14:33:44,59.3400,23,1
2026-05-12,601318,14:33:47,59.3400,82,1
2026-05-12,601318,14:33:50,59.3400,92,1
2026-05-12,601318,14:33:53,59.3400,41,1
2026-05-12,601318,14:33:56,59.3400,47,1
2026-05-12,601318,14:33:59,59.3300,35,2
2026-05-12,601318,14:34:02,59.3300,22,2
2026-05-12,601318,14:34:05,59.3400,166,1
2026-05-12,601318,14:34:08,59.3400,65,2
2026-05-12,601318,14:34:11,59.3400,26,2
2026-05-12,601318,14:34:14,59.3500,71,1
2026-05-12,601318,14:34:17,59.3500,12,1
2026-05-12,601318,14:34:20,59.3400,52,2
2026-05-12,601318,14:34:23,59.3500,40,1
2026-05-12,601318,14:34:26,59.3500,279,1
2026-05-12,601318,14:34:29,59.3500,210,1
2026-05-12,601318,14:34:32,59.3500,37,1
2026-05-12,601318,14:34:35,59.3500,276,1
2026-05-12,601318,14:34:38,59.3500,66,1
2026-05-12,601318,14:34:41,59.3400,136,2
2026-05-12,601318,14:34:44,59.3500,33,1
2026-05-12,601318,14:34:47,59.3500,200,1
2026-05-12,601318,14:34:50,59.3500,80,1
2026-05-12,601318,14:34:53,59.3500,48,1
2026-05-12,601318,14:34:56,59.3500,246,1
2026-05-12,601318,14:34:59,59.3600,66,1
2026-05-12,601318,14:35:02,59.3600,72,1
2026-05-12,601318,14:35:05,59.3600,590,1
2026-05-12,601318,14:35:08,59.3700,14,4
2026-05-12,601318,14:35:11,59.3600,50,2
2026-05-12,601318,14:35:14,59.3600,108,2
2026-05-12,601318,14:35:17,59.3700,233,1
2026-05-12,601318,14:35:20,59.3700,5,1
2026-05-12,601318,14:35:23,59.3700,83,1
2026-05-12,601318,14:35:26,59.3700,27,1
2026-05-12,601318,14:35:29,59.3700,35,1
2026-05-12,601318,14:35:32,59.3700,20,1
2026-05-12,601318,14:35:35,59.3600,87,2
2026-05-12,601318,14:35:38,59.3600,38,2
2026-05-12,601318,14:35:41,59.3700,34,1
2026-05-12,601318,14:35:44,59.3600,32,2
2026-05-12,601318,14:35:47,59.3700,20,1
2026-05-12,601318,14:35:50,59.3600,42,2
2026-05-12,601318,14:35:53,59.3700,124,1
2026-05-12,601318,14:35:56,59.3700,30,1
2026-05-12,601318,14:35:59,59.3700,52,1
2026-05-12,601318,14:36:02,59.3600,54,2
2026-05-12,601318,14:36:05,59.3800,250,1
2026-05-12,601318,14:36:08,59.3800,82,2
2026-05-12,601318,14:36:11,59.3800,146,2
2026-05-12,601318,14:36:14,59.3900,24,1
2026-05-12,601318,14:36:17,59.3800,108,2
2026-05-12,601318,14:36:20,59.3900,32,1
2026-05-12,601318,14:36:23,59.3900,110,1
2026-05-12,601318,14:36:26,59.3900,23,2
2026-05-12,601318,14:36:29,59.3900,47,2
2026-05-12,601318,14:36:32,59.3900,85,2
2026-05-12,601318,14:36:35,59.3900,34,2
2026-05-12,601318,14:36:38,59.3900,55,1
2026-05-12,601318,14:36:41,59.3900,101,1
2026-05-12,601318,14:36:44,59.3900,15,2
2026-05-12,601318,14:36:47,59.3900,16,2
2026-05-12,601318,14:36:50,59.4000,19,1
2026-05-12,601318,14:36:53,59.3900,226,2
2026-05-12,601318,14:36:56,59.3900,117,2
2026-05-12,601318,14:36:59,59.4000,59,1
2026-05-12,601318,14:37:02,59.4100,238,1
2026-05-12,601318,14:37:05,59.4100,134,1
2026-05-12,601318,14:37:08,59.4100,125,1
2026-05-12,601318,14:37:11,59.4100,54,2
2026-05-12,601318,14:37:14,59.4300,110,1
2026-05-12,601318,14:37:17,59.4300,107,1
2026-05-12,601318,14:37:20,59.4000,306,2
2026-05-12,601318,14:37:23,59.4000,127,1
2026-05-12,601318,14:37:26,59.4200,69,1
2026-05-12,601318,14:37:29,59.4100,89,2
2026-05-12,601318,14:37:32,59.4300,36,1
2026-05-12,601318,14:37:35,59.4100,60,2
2026-05-12,601318,14:37:38,59.4200,18,1
2026-05-12,601318,14:37:41,59.4200,129,1
2026-05-12,601318,14:37:44,59.4200,52,2
2026-05-12,601318,14:37:47,59.4300,5,1
2026-05-12,601318,14:37:50,59.4200,40,2
2026-05-12,601318,14:37:53,59.4200,143,2
2026-05-12,601318,14:37:56,59.4300,224,1
2026-05-12,601318,14:37:59,59.4100,52,2
2026-05-12,601318,14:38:02,59.4000,121,2
2026-05-12,601318,14:38:05,59.3900,436,2
2026-05-12,601318,14:38:08,59.3700,262,2
2026-05-12,601318,14:38:11,59.3800,225,1
2026-05-12,601318,14:38:14,59.3800,261,1
2026-05-12,601318,14:38:17,59.3800,104,1
2026-05-12,601318,14:38:20,59.3800,99,1
2026-05-12,601318,14:38:23,59.3800,96,1
2026-05-12,601318,14:38:26,59.3800,86,1
2026-05-12,601318,14:38:29,59.3800,172,1
2026-05-12,601318,14:38:32,59.3900,135,4
2026-05-12,601318,14:38:35,59.3900,59,2
2026-05-12,601318,14:38:38,59.4000,48,1
2026-05-12,601318,14:38:41,59.3900,58,4
2026-05-12,601318,14:38:44,59.3900,35,1
2026-05-12,601318,14:38:47,59.3900,52,1
2026-05-12,601318,14:38:50,59.3800,44,2
2026-05-12,601318,14:38:53,59.3900,19,1
2026-05-12,601318,14:38:56,59.3800,38,2
2026-05-12,601318,14:38:59,59.3900,43,1
2026-05-12,601318,14:39:02,59.3900,117,1
2026-05-12,601318,14:39:05,59.3900,145,1
2026-05-12,601318,14:39:08,59.3900,72,2
2026-05-12,601318,14:39:11,59.3900,181,2
2026-05-12,601318,14:39:14,59.3900,167,1
2026-05-12,601318,14:39:17,59.3800,300,2
2026-05-12,601318,14:39:20,59.3800,65,2
2026-05-12,601318,14:39:23,59.3900,39,1
2026-05-12,601318,14:39:26,59.3900,91,1
2026-05-12,601318,14:39:29,59.3900,185,2
2026-05-12,601318,14:39:32,59.3900,68,2
2026-05-12,601318,14:39:35,59.3900,7,2
2026-05-12,601318,14:39:38,59.3900,90,2
2026-05-12,601318,14:39:41,59.4000,20,1
2026-05-12,601318,14:39:44,59.3900,18,2
2026-05-12,601318,14:39:47,59.4000,33,1
2026-05-12,601318,14:39:50,59.4000,20,1
2026-05-12,601318,14:39:53,59.4000,54,1
2026-05-12,601318,14:39:56,59.4000,189,1
2026-05-12,601318,14:39:59,59.4000,33,2
2026-05-12,601318,14:40:02,59.4000,88,2
2026-05-12,601318,14:40:05,59.4100,208,1
2026-05-12,601318,14:40:08,59.4100,121,1
2026-05-12,601318,14:40:11,59.4100,2,1
2026-05-12,601318,14:40:14,59.4100,25,1
2026-05-12,601318,14:40:17,59.4000,28,2
2026-05-12,601318,14:40:20,59.4000,111,2
2026-05-12,601318,14:40:23,59.4000,45,1
2026-05-12,601318,14:40:26,59.4000,17,1
2026-05-12,601318,14:40:29,59.3800,168,2
2026-05-12,601318,14:40:32,59.4000,222,1
2026-05-12,601318,14:40:35,59.3900,14,1
2026-05-12,601318,14:40:38,59.3900,57,1
2026-05-12,601318,14:40:41,59.3900,14,1
2026-05-12,601318,14:40:44,59.3900,30,1
2026-05-12,601318,14:40:47,59.3900,15,1
2026-05-12,601318,14:40:50,59.3900,19,1
2026-05-12,601318,14:40:53,59.3900,71,1
2026-05-12,601318,14:40:56,59.3900,21,2
2026-05-12,601318,14:40:59,59.4000,5,1
2026-05-12,601318,14:41:02,59.3900,12,2
2026-05-12,601318,14:41:05,59.4000,93,1
2026-05-12,601318,14:41:08,59.4000,41,1
2026-05-12,601318,14:41:11,59.4000,39,1
2026-05-12,601318,14:41:14,59.4000,23,1
2026-05-12,601318,14:41:17,59.4000,43,1
2026-05-12,601318,14:41:20,59.4000,39,1
2026-05-12,601318,14:41:23,59.4000,223,1
2026-05-12,601318,14:41:26,59.4000,170,2
2026-05-12,601318,14:41:29,59.4000,34,2
2026-05-12,601318,14:41:32,59.4000,27,2
2026-05-12,601318,14:41:35,59.4100,221,1
2026-05-12,601318,14:41:38,59.4100,48,2
2026-05-12,601318,14:41:41,59.4200,208,1
2026-05-12,601318,14:41:44,59.4200,44,2
2026-05-12,601318,14:41:47,59.4200,10,2
2026-05-12,601318,14:41:50,59.4100,110,2
2026-05-12,601318,14:41:53,59.4100,124,1
2026-05-12,601318,14:41:56,59.4200,86,1
2026-05-12,601318,14:41:59,59.4200,42,1
2026-05-12,601318,14:42:02,59.4100,30,2
2026-05-12,601318,14:42:05,59.4200,67,1
2026-05-12,601318,14:42:08,59.4100,53,2
2026-05-12,601318,14:42:11,59.4100,18,2
2026-05-12,601318,14:42:14,59.4100,35,1
2026-05-12,601318,14:42:17,59.4000,28,2
2026-05-12,601318,14:42:20,59.4100,4,1
2026-05-12,601318,14:42:23,59.4100,26,1
2026-05-12,601318,14:42:26,59.4100,236,1
2026-05-12,601318,14:42:29,59.4000,224,2
2026-05-12,601318,14:42:32,59.4000,31,2
2026-05-12,601318,14:42:35,59.4100,18,1
2026-05-12,601318,14:42:38,59.4000,16,2
2026-05-12,601318,14:42:41,59.4000,7,2
2026-05-12,601318,14:42:44,59.4000,14,2
2026-05-12,601318,14:42:47,59.4000,186,2
2026-05-12,601318,14:42:50,59.4000,357,2
2026-05-12,601318,14:42:53,59.3900,104,2
2026-05-12,601318,14:42:56,59.3900,43,2
2026-05-12,601318,14:42:59,59.3900,18,2
2026-05-12,601318,14:43:02,59.3900,143,2
2026-05-12,601318,14:43:05,59.3900,130,2
2026-05-12,601318,14:43:08,59.3900,351,2
2026-05-12,601318,14:43:11,59.4000,267,1
2026-05-12,601318,14:43:14,59.4000,174,1
2026-05-12,601318,14:43:17,59.4100,1588,1
2026-05-12,601318,14:43:20,59.4000,117,2
2026-05-12,601318,14:43:23,59.4200,16,1
2026-05-12,601318,14:43:26,59.4000,67,2
2026-05-12,601318,14:43:29,59.4200,65,1
2026-05-12,601318,14:43:32,59.4000,100,2
2026-05-12,601318,14:43:35,59.4000,26,2
2026-05-12,601318,14:43:38,59.4100,40,1
2026-05-12,601318,14:43:41,59.4100,27,1
2026-05-12,601318,14:43:44,59.4100,75,2
2026-05-12,601318,14:43:47,59.4100,36,2
2026-05-12,601318,14:43:50,59.4200,51,1
2026-05-12,601318,14:43:53,59.4200,90,1
2026-05-12,601318,14:43:56,59.4200,49,2
2026-05-12,601318,14:43:59,59.4200,29,2
2026-05-12,601318,14:44:02,59.4200,84,2
2026-05-12,601318,14:44:05,59.4300,170,1
2026-05-12,601318,14:44:08,59.4300,73,2
2026-05-12,601318,14:44:11,59.4300,17,2
2026-05-12,601318,14:44:14,59.4300,240,2
2026-05-12,601318,14:44:17,59.4300,60,2
2026-05-12,601318,14:44:20,59.4300,25,2
2026-05-12,601318,14:44:23,59.4300,58,2
2026-05-12,601318,14:44:26,59.4200,61,2
2026-05-12,601318,14:44:29,59.4200,32,2
2026-05-12,601318,14:44:32,59.4200,368,2
2026-05-12,601318,14:44:35,59.4300,85,4
2026-05-12,601318,14:44:38,59.4300,99,2
2026-05-12,601318,14:44:41,59.4300,18,2
2026-05-12,601318,14:44:44,59.4300,23,2
2026-05-12,601318,14:44:47,59.4300,39,2
2026-05-12,601318,14:44:50,59.4400,11,1
2026-05-12,601318,14:44:53,59.4500,313,1
2026-05-12,601318,14:44:56,59.4400,18,1
2026-05-12,601318,14:44:59,59.4200,642,2
2026-05-12,601318,14:45:02,59.4400,123,1
2026-05-12,601318,14:45:05,59.4500,41,1
2026-05-12,601318,14:45:08,59.4500,29,1
2026-05-12,601318,14:45:11,59.4300,409,2
2026-05-12,601318,14:45:14,59.4300,86,1
2026-05-12,601318,14:45:17,59.4300,16,1
2026-05-12,601318,14:45:20,59.4500,267,1
2026-05-12,601318,14:45:23,59.4500,21,1
2026-05-12,601318,14:45:26,59.4500,35,1
2026-05-12,601318,14:45:29,59.4500,2,1
2026-05-12,601318,14:45:32,59.4400,22,2
2026-05-12,601318,14:45:35,59.4500,25,1
2026-05-12,601318,14:45:38,59.4400,228,2
2026-05-12,601318,14:45:41,59.4400,173,1
2026-05-12,601318,14:45:44,59.4400,46,1
2026-05-12,601318,14:45:47,59.4300,69,2
2026-05-12,601318,14:45:50,59.4300,34,2
2026-05-12,601318,14:45:53,59.4400,201,1
2026-05-12,601318,14:45:56,59.4400,54,1
2026-05-12,601318,14:45:59,59.4400,99,1
2026-05-12,601318,14:46:02,59.4400,18,1
2026-05-12,601318,14:46:05,59.4400,32,1
2026-05-12,601318,14:46:08,59.4500,22,1
2026-05-12,601318,14:46:11,59.4400,46,2
2026-05-12,601318,14:46:14,59.4400,45,2
2026-05-12,601318,14:46:17,59.4400,160,2
2026-05-12,601318,14:46:20,59.4300,81,2
2026-05-12,601318,14:46:23,59.4300,241,2
2026-05-12,601318,14:46:26,59.4200,119,2
2026-05-12,601318,14:46:29,59.4200,202,2
2026-05-12,601318,14:46:32,59.4300,112,1
2026-05-12,601318,14:46:35,59.4300,23,1
2026-05-12,601318,14:46:38,59.4300,71,1
2026-05-12,601318,14:46:41,59.4300,83,1
2026-05-12,601318,14:46:44,59.4200,77,2
2026-05-12,601318,14:46:47,59.4300,82,1
2026-05-12,601318,14:46:50,59.4200,141,2
2026-05-12,601318,14:46:53,59.4300,155,1
2026-05-12,601318,14:46:56,59.4200,39,2
2026-05-12,601318,14:46:59,59.4200,31,2
2026-05-12,601318,14:47:02,59.4200,57,2
2026-05-12,601318,14:47:05,59.4300,1402,1
2026-05-12,601318,14:47:08,59.4400,94,1
2026-05-12,601318,14:47:11,59.4400,36,2
2026-05-12,601318,14:47:14,59.4400,27,2
2026-05-12,601318,14:47:17,59.4500,164,1
2026-05-12,601318,14:47:20,59.4500,227,2
2026-05-12,601318,14:47:23,59.4400,104,1
2026-05-12,601318,14:47:26,59.4400,36,2
2026-05-12,601318,14:47:29,59.4500,67,1
2026-05-12,601318,14:47:32,59.4500,35,1
2026-05-12,601318,14:47:35,59.4500,57,1
2026-05-12,601318,14:47:38,59.4500,86,1
2026-05-12,601318,14:47:41,59.4400,35,2
2026-05-12,601318,14:47:44,59.4400,24,2
2026-05-12,601318,14:47:47,59.4600,118,1
2026-05-12,601318,14:47:50,59.4400,50,2
2026-05-12,601318,14:47:53,59.4500,28,1
2026-05-12,601318,14:47:56,59.4500,14,2
2026-05-12,601318,14:47:59,59.4600,23,1
2026-05-12,601318,14:48:02,59.4600,277,1
2026-05-12,601318,14:48:05,59.4600,79,1
2026-05-12,601318,14:48:08,59.4700,111,1
2026-05-12,601318,14:48:11,59.4600,90,2
2026-05-12,601318,14:48:14,59.4600,58,2
2026-05-12,601318,14:48:17,59.4600,96,2
2026-05-12,601318,14:48:20,59.4600,44,2
2026-05-12,601318,14:48:23,59.4600,204,2
2026-05-12,601318,14:48:26,59.4600,73,2
2026-05-12,601318,14:48:29,59.4600,22,2
2026-05-12,601318,14:48:32,59.4600,14,2
2026-05-12,601318,14:48:35,59.4600,40,2
2026-05-12,601318,14:48:38,59.4600,35,2
2026-05-12,601318,14:48:41,59.4600,53,2
2026-05-12,601318,14:48:44,59.4600,92,2
2026-05-12,601318,14:48:47,59.4600,26,2
2026-05-12,601318,14:48:50,59.4600,68,2
2026-05-12,601318,14:48:53,59.4700,154,1
2026-05-12,601318,14:48:56,59.4600,150,2
2026-05-12,601318,14:48:59,59.4800,252,1
2026-05-12,601318,14:49:02,59.4700,80,2
2026-05-12,601318,14:49:05,59.4700,36,2
2026-05-12,601318,14:49:08,59.4700,28,2
2026-05-12,601318,14:49:11,59.4700,42,2
2026-05-12,601318,14:49:14,59.4700,31,2
2026-05-12,601318,14:49:17,59.4700,11,2
2026-05-12,601318,14:49:20,59.4800,25,1
2026-05-12,601318,14:49:23,59.4700,53,2
2026-05-12,601318,14:49:26,59.4700,161,2
2026-05-12,601318,14:49:29,59.4700,20,2
2026-05-12,601318,14:49:32,59.4800,63,1
2026-05-12,601318,14:49:35,59.4700,64,2
2026-05-12,601318,14:49:38,59.4900,57,1
2026-05-12,601318,14:49:41,59.4700,52,2
2026-05-12,601318,14:49:44,59.4700,121,2
2026-05-12,601318,14:49:47,59.4900,30,1
2026-05-12,601318,14:49:50,59.4700,4,2
2026-05-12,601318,14:49:53,59.4800,23,1
2026-05-12,601318,14:49:56,59.4800,94,1
2026-05-12,601318,14:49:59,59.4800,6,2
2026-05-12,601318,14:50:02,59.4800,92,2
2026-05-12,601318,14:50:05,59.5000,832,1
2026-05-12,601318,14:50:08,59.5200,67,1
2026-05-12,601318,14:50:11,59.5400,214,1
2026-05-12,601318,14:50:14,59.5100,289,2
2026-05-12,601318,14:50:17,59.5000,205,2
2026-05-12,601318,14:50:20,59.5100,129,4
2026-05-12,601318,14:50:23,59.5000,26,1
2026-05-12,601318,14:50:26,59.5000,49,2
2026-05-12,601318,14:50:29,59.4800,129,2
2026-05-12,601318,14:50:32,59.4900,127,4
2026-05-12,601318,14:50:35,59.4900,18,1
2026-05-12,601318,14:50:38,59.5000,359,1
2026-05-12,601318,14:50:41,59.5000,21,2
2026-05-12,601318,14:50:44,59.5000,18,2
2026-05-12,601318,14:50:47,59.5100,89,1
2026-05-12,601318,14:50:50,59.4900,590,2
2026-05-12,601318,14:50:53,59.5000,13,1
2026-05-12,601318,14:50:56,59.4900,92,2
2026-05-12,601318,14:50:59,59.5000,63,1
2026-05-12,601318,14:51:02,59.5000,72,1
2026-05-12,601318,14:51:05,59.5000,99,1
2026-05-12,601318,14:51:08,59.4900,260,2
2026-05-12,601318,14:51:11,59.4800,150,2
2026-05-12,601318,14:51:14,59.4800,120,2
2026-05-12,601318,14:51:17,59.4900,125,1
2026-05-12,601318,14:51:20,59.4700,7,2
2026-05-12,601318,14:51:23,59.4900,48,1
2026-05-12,601318,14:51:26,59.4800,35,4
2026-05-12,601318,14:51:29,59.4700,13,2
2026-05-12,601318,14:51:32,59.4800,31,1
2026-05-12,601318,14:51:35,59.4700,53,2
2026-05-12,601318,14:51:38,59.4800,31,1
2026-05-12,601318,14:51:41,59.4700,68,2
2026-05-12,601318,14:51:44,59.4700,85,2
2026-05-12,601318,14:51:47,59.4700,55,2
2026-05-12,601318,14:51:50,59.4700,60,2
2026-05-12,601318,14:51:53,59.4700,29,2
2026-05-12,601318,14:51:56,59.4700,49,2
2026-05-12,601318,14:51:59,59.4700,137,2
2026-05-12,601318,14:52:02,59.4700,207,2
2026-05-12,601318,14:52:05,59.4700,125,2
2026-05-12,601318,14:52:08,59.4800,103,1
2026-05-12,601318,14:52:11,59.4700,221,2
2026-05-12,601318,14:52:14,59.4700,94,2
2026-05-12,601318,14:52:17,59.4700,12,2
2026-05-12,601318,14:52:20,59.4800,161,1
2026-05-12,601318,14:52:23,59.4800,204,2
2026-05-12,601318,14:52:26,59.4700,105,2
2026-05-12,601318,14:52:29,59.4800,50,2
2026-05-12,601318,14:52:32,59.4800,43,2
2026-05-12,601318,14:52:35,59.4800,29,2
2026-05-12,601318,14:52:38,59.4800,541,2
2026-05-12,601318,14:52:41,59.4700,32,2
2026-05-12,601318,14:52:44,59.4700,103,2
2026-05-12,601318,14:52:47,59.4700,19,2
2026-05-12,601318,14:52:50,59.4700,26,2
2026-05-12,601318,14:52:53,59.4700,22,2
2026-05-12,601318,14:52:56,59.4700,88,2
2026-05-12,601318,14:52:59,59.4700,49,2
2026-05-12,601318,14:53:02,59.4700,32,1
2026-05-12,601318,14:53:05,59.4600,45,2
2026-05-12,601318,14:53:08,59.4600,28,2
2026-05-12,601318,14:53:11,59.4700,131,1
2026-05-12,601318,14:53:14,59.4800,238,1
2026-05-12,601318,14:53:17,59.4800,35,1
2026-05-12,601318,14:53:20,59.4800,92,1
2026-05-12,601318,14:53:23,59.4800,14,1
2026-05-12,601318,14:53:26,59.4700,89,2
2026-05-12,601318,14:53:29,59.4800,99,1
2026-05-12,601318,14:53:32,59.4800,29,1
2026-05-12,601318,14:53:35,59.4800,3171,1
2026-05-12,601318,14:53:38,59.4900,240,1
2026-05-12,601318,14:53:41,59.4900,70,2
2026-05-12,601318,14:53:44,59.4900,68,2
2026-05-12,601318,14:53:47,59.4900,73,2
2026-05-12,601318,14:53:50,59.5000,29,1
2026-05-12,601318,14:53:53,59.4900,9,2
2026-05-12,601318,14:53:56,59.4900,146,2
2026-05-12,601318,14:53:59,59.4900,18,2
2026-05-12,601318,14:54:02,59.4900,216,2
2026-05-12,601318,14:54:05,59.4900,68,1
2026-05-12,601318,14:54:08,59.4900,21,1
2026-05-12,601318,14:54:11,59.4900,101,1
2026-05-12,601318,14:54:14,59.4900,151,2
2026-05-12,601318,14:54:17,59.4900,96,2
2026-05-12,601318,14:54:20,59.4900,4,1
2026-05-12,601318,14:54:23,59.4900,59,1
2026-05-12,601318,14:54:26,59.4900,216,1
2026-05-12,601318,14:54:29,59.4900,112,1
2026-05-12,601318,14:54:32,59.4900,92,1
2026-05-12,601318,14:54:35,59.4900,22,1
2026-05-12,601318,14:54:38,59.4900,50,1
2026-05-12,601318,14:54:41,59.4900,101,1
2026-05-12,601318,14:54:44,59.4900,46,1
2026-05-12,601318,14:54:47,59.4800,32,2
2026-05-12,601318,14:54:50,59.4900,29,1
2026-05-12,601318,14:54:53,59.4800,117,2
2026-05-12,601318,14:54:56,59.4800,75,2
2026-05-12,601318,14:54:59,59.4800,53,2
2026-05-12,601318,14:55:02,59.4900,271,1
2026-05-12,601318,14:55:05,59.5000,194,1
2026-05-12,601318,14:55:08,59.4900,178,2
2026-05-12,601318,14:55:11,59.4900,111,2
2026-05-12,601318,14:55:14,59.4900,196,2
2026-05-12,601318,14:55:17,59.4900,128,2
2026-05-12,601318,14:55:20,59.4800,184,2
2026-05-12,601318,14:55:23,59.4900,454,1
2026-05-12,601318,14:55:26,59.4800,67,2
2026-05-12,601318,14:55:29,59.4800,35,1
2026-05-12,601318,14:55:32,59.4900,69,1
2026-05-12,601318,14:55:35,59.4800,176,2
2026-05-12,601318,14:55:38,59.4700,54,2
2026-05-12,601318,14:55:41,59.4800,71,2
2026-05-12,601318,14:55:44,59.4700,28,2
2026-05-12,601318,14:55:47,59.4800,28,1
2026-05-12,601318,14:55:50,59.4700,87,2
2026-05-12,601318,14:55:53,59.4800,51,1
2026-05-12,601318,14:55:56,59.4800,123,1
2026-05-12,601318,14:55:59,59.4800,322,2
2026-05-12,601318,14:56:02,59.4700,300,2
2026-05-12,601318,14:56:05,59.4800,114,4
2026-05-12,601318,14:56:08,59.4800,100,4
2026-05-12,601318,14:56:11,59.4900,62,1
2026-05-12,601318,14:56:14,59.4600,232,2
2026-05-12,601318,14:56:17,59.4700,37,4
2026-05-12,601318,14:56:20,59.4800,197,4
2026-05-12,601318,14:56:23,59.4700,73,2
2026-05-12,601318,14:56:26,59.4700,10,2
2026-05-12,601318,14:56:29,59.4700,57,2
2026-05-12,601318,14:56:32,59.4900,555,1
2026-05-12,601318,14:56:35,59.4800,301,4
2026-05-12,601318,14:56:38,59.4600,826,2
2026-05-12,601318,14:56:41,59.4800,60,1
2026-05-12,601318,14:56:44,59.4800,309,1
2026-05-12,601318,14:56:47,59.4900,95,1
2026-05-12,601318,14:56:50,59.4900,81,1
2026-05-12,601318,14:56:53,59.4800,43,2
2026-05-12,601318,14:56:56,59.4800,37,1
2026-05-12,601318,14:56:59,59.4500,165,2
2026-05-12,601318,14:57:02,59.4800,96,1
2026-05-12,601318,15:00:02,59.4000,7207,4
2026-05-12,601318,13:16:53,59.4300,610,1
2026-05-12,601318,13:16:56,59.4300,42,1
2026-05-12,601318,13:16:59,59.4300,124,2
2026-05-12,601318,13:17:02,59.4300,49,2
2026-05-12,601318,13:17:05,59.4300,72,2
2026-05-12,601318,13:17:08,59.4300,74,2
2026-05-12,601318,13:17:11,59.4300,512,2
2026-05-12,601318,13:17:14,59.4400,31,1
2026-05-12,601318,13:17:17,59.4400,41,1
2026-05-12,601318,13:17:20,59.4300,95,2
2026-05-12,601318,13:17:23,59.4300,15,2
2026-05-12,601318,13:17:26,59.4400,24,1
2026-05-12,601318,13:17:29,59.4400,70,1
2026-05-12,601318,13:17:32,59.4400,153,1
2026-05-12,601318,13:17:35,59.4200,1373,2
2026-05-12,601318,13:17:38,59.4200,180,1
2026-05-12,601318,13:17:41,59.4200,84,1
2026-05-12,601318,13:17:44,59.4200,16,2
2026-05-12,601318,13:17:47,59.4200,244,2
2026-05-12,601318,13:17:50,59.4200,179,2
2026-05-12,601318,13:17:53,59.4200,29,1
2026-05-12,601318,13:17:56,59.4100,36,2
2026-05-12,601318,13:17:59,59.4100,95,2
2026-05-12,601318,13:18:02,59.4100,134,2
2026-05-12,601318,13:18:05,59.4200,206,1
2026-05-12,601318,13:18:08,59.4200,163,1
2026-05-12,601318,13:18:11,59.4100,296,2
2026-05-12,601318,13:18:14,59.4200,317,1
2026-05-12,601318,13:18:17,59.4200,124,2
2026-05-12,601318,13:18:20,59.4100,73,2
2026-05-12,601318,13:18:23,59.4200,123,1
2026-05-12,601318,13:18:26,59.4200,173,1
2026-05-12,601318,13:18:29,59.4200,28,1
2026-05-12,601318,13:18:32,59.4100,61,2
2026-05-12,601318,13:18:35,59.4200,322,1
2026-05-12,601318,13:18:38,59.4200,233,2
2026-05-12,601318,13:18:41,59.4200,22,1
2026-05-12,601318,13:18:44,59.4200,63,1
2026-05-12,601318,13:18:47,59.4200,74,2
2026-05-12,601318,13:18:50,59.4200,77,2
2026-05-12,601318,13:18:53,59.4200,48,1
2026-05-12,601318,13:18:56,59.4200,116,1
2026-05-12,601318,13:18:59,59.4200,64,1
2026-05-12,601318,13:19:02,59.4100,113,2
2026-05-12,601318,13:19:05,59.4100,434,2
2026-05-12,601318,13:19:08,59.4100,563,1
2026-05-12,601318,13:19:11,59.4300,79,1
2026-05-12,601318,13:19:14,59.4100,53,2
2026-05-12,601318,13:19:17,59.4100,68,2
2026-05-12,601318,13:19:20,59.4100,116,2
2026-05-12,601318,13:19:23,59.4200,50,2
2026-05-12,601318,13:19:26,59.4200,26,1
2026-05-12,601318,13:19:29,59.4100,25,2
2026-05-12,601318,13:19:32,59.4200,11,1
2026-05-12,601318,13:19:35,59.4100,91,2
2026-05-12,601318,13:19:38,59.4200,166,1
2026-05-12,601318,13:19:41,59.4200,27,1
2026-05-12,601318,13:19:44,59.4200,216,1
2026-05-12,601318,13:19:47,59.4200,1646,2
2026-05-12,601318,13:19:50,59.3900,89,2
2026-05-12,601318,13:19:53,59.4000,134,2
2026-05-12,601318,13:19:56,59.4200,90,1
2026-05-12,601318,13:19:59,59.4100,17,4
2026-05-12,601318,13:20:02,59.4200,271,1
2026-05-12,601318,13:20:05,59.4000,182,2
2026-05-12,601318,13:20:08,59.4100,25,4
2026-05-12,601318,13:20:11,59.4000,549,2
2026-05-12,601318,13:20:14,59.4000,128,1
2026-05-12,601318,13:20:17,59.3900,65,2
2026-05-12,601318,13:20:20,59.4000,71,4
2026-05-12,601318,13:20:23,59.4100,194,1
2026-05-12,601318,13:20:26,59.4100,68,1
2026-05-12,601318,13:20:29,59.4100,44,2
2026-05-12,601318,13:20:32,59.4200,133,1
2026-05-12,601318,13:20:35,59.4300,137,1
2026-05-12,601318,13:20:38,59.4400,62,1
2026-05-12,601318,13:20:41,59.4400,134,1
2026-05-12,601318,13:20:44,59.4500,185,1
2026-05-12,601318,13:20:47,59.4400,22,1
2026-05-12,601318,13:20:50,59.4400,701,2
2026-05-12,601318,13:20:53,59.4400,9,4
2026-05-12,601318,13:20:56,59.4500,199,1
2026-05-12,601318,13:20:59,59.4500,220,1
2026-05-12,601318,13:21:02,59.4500,42,2
2026-05-12,601318,13:21:05,59.4500,67,1
2026-05-12,601318,13:21:08,59.4600,378,1
2026-05-12,601318,13:21:11,59.4600,160,2
2026-05-12,601318,13:21:14,59.4500,54,2
2026-05-12,601318,13:21:17,59.4700,25,1
2026-05-12,601318,13:21:20,59.4600,53,2
2026-05-12,601318,13:21:23,59.4500,1170,2
2026-05-12,601318,13:21:26,59.4600,33,1
2026-05-12,601318,13:21:29,59.4500,48,2
2026-05-12,601318,13:21:32,59.4600,94,1
2026-05-12,601318,13:21:35,59.4600,169,1
2026-05-12,601318,13:21:38,59.4500,151,2
2026-05-12,601318,13:21:41,59.4500,208,2
2026-05-12,601318,13:21:44,59.4500,260,1
2026-05-12,601318,13:21:47,59.4500,28,1
2026-05-12,601318,13:21:50,59.4500,115,1
2026-05-12,601318,13:21:53,59.4600,39,1
2026-05-12,601318,13:21:56,59.4600,57,1
2026-05-12,601318,13:21:59,59.4600,27,1
2026-05-12,601318,13:22:02,59.4500,90,2
2026-05-12,601318,13:22:05,59.4500,120,1
2026-05-12,601318,13:22:08,59.4500,116,2
2026-05-12,601318,13:22:11,59.4500,35,2
2026-05-12,601318,13:22:14,59.4600,235,1
2026-05-12,601318,13:22:17,59.4500,107,2
2026-05-12,601318,13:22:20,59.4400,443,2
2026-05-12,601318,13:22:23,59.4400,115,2
2026-05-12,601318,13:22:26,59.4400,346,1
2026-05-12,601318,13:22:29,59.4200,334,2
2026-05-12,601318,13:22:32,59.4400,288,4
2026-05-12,601318,13:22:35,59.4500,209,1
2026-05-12,601318,13:22:38,59.4500,49,2
2026-05-12,601318,13:22:41,59.4600,45,1
2026-05-12,601318,13:22:44,59.4500,13,2
2026-05-12,601318,13:22:47,59.4500,3,2
2026-05-12,601318,13:22:50,59.4500,107,2
2026-05-12,601318,13:22:53,59.4600,91,1
2026-05-12,601318,13:22:56,59.4600,51,1
2026-05-12,601318,13:22:59,59.4500,95,2
2026-05-12,601318,13:23:02,59.4500,30,2
2026-05-12,601318,13:23:05,59.4500,80,1
2026-05-12,601318,13:23:08,59.4500,32,1
2026-05-12,601318,13:23:11,59.4500,124,1
2026-05-12,601318,13:23:14,59.4500,70,1
2026-05-12,601318,13:23:17,59.4500,182,2
2026-05-12,601318,13:23:20,59.4500,65,1
2026-05-12,601318,13:23:23,59.4500,24,1
2026-05-12,601318,13:23:26,59.4600,59,1
2026-05-12,601318,13:23:29,59.4500,51,2
2026-05-12,601318,13:23:32,59.4600,281,1
2026-05-12,601318,13:23:35,59.4600,72,2
2026-05-12,601318,13:23:38,59.4600,16,2
2026-05-12,601318,13:23:41,59.4500,759,2
2026-05-12,601318,13:23:44,59.4400,470,2
2026-05-12,601318,13:23:47,59.4200,61,2
2026-05-12,601318,13:23:50,59.4500,313,1
2026-05-12,601318,13:23:53,59.4500,51,2
2026-05-12,601318,13:23:56,59.4500,39,2
2026-05-12,601318,13:23:59,59.4500,49,2
2026-05-12,601318,13:24:02,59.4500,103,2
2026-05-12,601318,13:24:05,59.4500,131,2
2026-05-12,601318,13:24:08,59.4500,36,2
2026-05-12,601318,13:24:11,59.4600,53,1
2026-05-12,601318,13:24:14,59.4500,153,2
2026-05-12,601318,13:24:17,59.4600,42,1
2026-05-12,601318,13:24:20,59.4700,1294,1
2026-05-12,601318,13:24:23,59.5000,139,1
2026-05-12,601318,13:24:26,59.5000,147,2
2026-05-12,601318,13:24:29,59.5000,17,2
2026-05-12,601318,13:24:32,59.5200,70,1
2026-05-12,601318,13:24:35,59.5000,130,2
2026-05-12,601318,13:24:38,59.5000,132,1
2026-05-12,601318,13:24:41,59.5000,96,4
2026-05-12,601318,13:24:44,59.5200,167,1
2026-05-12,601318,13:24:47,59.5200,71,4
2026-05-12,601318,13:24:50,59.5200,59,1
2026-05-12,601318,13:24:53,59.5500,216,1
2026-05-12,601318,13:24:56,59.5500,141,1
2026-05-12,601318,13:24:59,59.5300,398,2
2026-05-12,601318,13:25:02,59.5300,243,1
2026-05-12,601318,13:25:05,59.5300,194,2
2026-05-12,601318,13:25:08,59.5200,163,1
2026-05-12,601318,13:25:11,59.5100,182,2
2026-05-12,601318,13:25:14,59.5200,115,1
2026-05-12,601318,13:25:17,59.5200,186,1
2026-05-12,601318,13:25:20,59.5100,108,2
2026-05-12,601318,13:25:23,59.5200,26,1
2026-05-12,601318,13:25:26,59.5200,153,1
2026-05-12,601318,13:25:29,59.5200,62,1
2026-05-12,601318,13:25:32,59.5400,39,1
2026-05-12,601318,13:25:35,59.5300,59,1
2026-05-12,601318,13:25:38,59.5300,37,2
2026-05-12,601318,13:25:41,59.5400,413,1
2026-05-12,601318,13:25:44,59.5500,149,1
2026-05-12,601318,13:25:47,59.5500,105,1
2026-05-12,601318,13:25:50,59.5500,62,1
2026-05-12,601318,13:25:53,59.5500,246,1
2026-05-12,601318,13:25:56,59.5400,84,2
2026-05-12,601318,13:25:59,59.5500,12,1
2026-05-12,601318,13:26:02,59.5700,271,1
2026-05-12,601318,13:26:05,59.5700,103,1
2026-05-12,601318,13:26:08,59.5500,241,2
2026-05-12,601318,13:26:11,59.5500,70,1
2026-05-12,601318,13:26:14,59.5500,128,1
2026-05-12,601318,13:26:17,59.5400,84,2
2026-05-12,601318,13:26:20,59.5300,39,2
2026-05-12,601318,13:26:23,59.5300,15,1
2026-05-12,601318,13:26:26,59.5200,49,2
2026-05-12,601318,13:26:29,59.5300,8,1
2026-05-12,601318,13:26:32,59.5300,96,1
2026-05-12,601318,13:26:35,59.5300,69,1
2026-05-12,601318,13:26:38,59.5300,72,2
2026-05-12,601318,13:26:41,59.5300,41,1
2026-05-12,601318,13:26:44,59.5200,2,2
2026-05-12,601318,13:26:47,59.5300,44,1
2026-05-12,601318,13:26:50,59.5300,42,1
2026-05-12,601318,13:26:53,59.5200,39,2
2026-05-12,601318,13:26:56,59.5300,51,1
2026-05-12,601318,13:26:59,59.5300,4,1
2026-05-12,601318,13:27:02,59.5400,101,1
2026-05-12,601318,13:27:05,59.5300,29,4
2026-05-12,601318,13:27:08,59.5300,170,2
2026-05-12,601318,13:27:11,59.5300,79,1
2026-05-12,601318,13:27:14,59.5300,4,1
2026-05-12,601318,13:27:17,59.5200,224,2
2026-05-12,601318,13:27:20,59.5000,57,2
2026-05-12,601318,13:27:23,59.5300,87,1
2026-05-12,601318,13:27:26,59.5300,229,1
2026-05-12,601318,13:27:29,59.5300,103,2
2026-05-12,601318,13:27:32,59.5300,188,2
2026-05-12,601318,13:27:35,59.5300,93,2
2026-05-12,601318,13:27:38,59.5300,100,2
2026-05-12,601318,13:27:41,59.5300,37,2
2026-05-12,601318,13:27:44,59.5300,248,2
2026-05-12,601318,13:27:47,59.5400,203,1
2026-05-12,601318,13:27:50,59.5500,180,1
2026-05-12,601318,13:27:53,59.5500,22,1
2026-05-12,601318,13:27:56,59.5500,96,2
2026-05-12,601318,13:27:59,59.5500,2,1
2026-05-12,601318,13:28:02,59.5600,373,1
2026-05-12,601318,13:28:05,59.5600,160,2
2026-05-12,601318,13:28:08,59.5400,168,2
2026-05-12,601318,13:28:11,59.5300,207,2
2026-05-12,601318,13:28:14,59.5200,132,2
2026-05-12,601318,13:28:17,59.5300,29,1
2026-05-12,601318,13:28:20,59.5200,113,2
2026-05-12,601318,13:28:23,59.5300,17,1
2026-05-12,601318,13:28:26,59.5300,8,2
2026-05-12,601318,13:28:29,59.5400,77,1
2026-05-12,601318,13:28:32,59.5300,7,1
2026-05-12,601318,13:28:35,59.5300,43,2
2026-05-12,601318,13:28:38,59.5200,49,2
2026-05-12,601318,13:28:41,59.5200,28,2
2026-05-12,601318,13:28:44,59.5200,11,2
2026-05-12,601318,13:28:47,59.5300,641,1
2026-05-12,601318,13:28:50,59.5300,97,2
2026-05-12,601318,13:28:53,59.5400,81,1
2026-05-12,601318,13:28:56,59.5300,113,4
2026-05-12,601318,13:28:59,59.5300,10,1
2026-05-12,601318,13:29:02,59.5300,42,1
2026-05-12,601318,13:29:05,59.5300,104,1
2026-05-12,601318,13:29:08,59.5300,34,1
2026-05-12,601318,13:29:11,59.5300,63,1
2026-05-12,601318,13:29:14,59.5300,73,1
2026-05-12,601318,13:29:17,59.5200,16,2
2026-05-12,601318,13:29:20,59.5300,70,1
2026-05-12,601318,13:29:23,59.5300,62,1
2026-05-12,601318,13:29:26,59.5300,124,1
2026-05-12,601318,13:29:29,59.5300,42,1
2026-05-12,601318,13:29:32,59.5300,26,1
2026-05-12,601318,13:29:35,59.5400,48,1
2026-05-12,601318,13:29:38,59.5300,5,2
2026-05-12,601318,13:29:41,59.5100,260,2
2026-05-12,601318,13:29:44,59.5100,39,2
2026-05-12,601318,13:29:47,59.5300,31,1
2026-05-12,601318,13:29:50,59.5100,222,2
2026-05-12,601318,13:29:53,59.5100,19,2
2026-05-12,601318,13:29:56,59.5200,46,1
2026-05-12,601318,13:29:59,59.5100,17,4
2026-05-12,601318,13:30:02,59.5200,20,1
2026-05-12,601318,13:30:05,59.5200,39,1
2026-05-12,601318,13:30:08,59.5000,49,2
2026-05-12,601318,13:30:11,59.5200,45,1
2026-05-12,601318,13:30:14,59.5200,7,1
2026-05-12,601318,13:30:17,59.5100,112,2
2026-05-12,601318,13:30:20,59.5100,158,2
2026-05-12,601318,13:30:23,59.5000,142,2
2026-05-12,601318,13:30:26,59.5000,1227,2
2026-05-12,601318,13:30:29,59.4700,82,2
2026-05-12,601318,13:30:32,59.5000,67,1
2026-05-12,601318,13:30:35,59.5000,150,1
2026-05-12,601318,13:30:38,59.5000,12,1
2026-05-12,601318,13:30:41,59.4800,26,2
2026-05-12,601318,13:30:44,59.5000,60,1
2026-05-12,601318,13:30:47,59.5000,38,1
2026-05-12,601318,13:30:50,59.4900,113,4
2026-05-12,601318,13:30:53,59.5000,242,1
2026-05-12,601318,13:30:56,59.5000,78,1
2026-05-12,601318,13:30:59,59.4900,26,2
2026-05-12,601318,13:31:02,59.5100,9,1
2026-05-12,601318,13:31:05,59.5100,237,1
2026-05-12,601318,13:31:08,59.5000,135,4
2026-05-12,601318,13:31:11,59.5000,38,4
2026-05-12,601318,13:31:14,59.5100,52,1
2026-05-12,601318,13:31:17,59.4900,15,2
2026-05-12,601318,13:31:20,59.5000,54,1
2026-05-12,601318,13:31:23,59.4900,55,2
2026-05-12,601318,13:31:26,59.4700,24,2
2026-05-12,601318,13:31:29,59.4700,57,2
2026-05-12,601318,13:31:32,59.4900,98,4
2026-05-12,601318,13:31:35,59.4900,97,2
2026-05-12,601318,13:31:38,59.4900,37,2
2026-05-12,601318,13:31:41,59.5000,64,1
2026-05-12,601318,13:31:44,59.4900,11,2
2026-05-12,601318,13:31:47,59.5000,41,1
2026-05-12,601318,13:31:50,59.5000,89,1
2026-05-12,601318,13:31:53,59.5000,26,1
2026-05-12,601318,13:31:56,59.4900,66,2
2026-05-12,601318,13:31:59,59.5000,77,1
2026-05-12,601318,13:32:02,59.5000,9,1
2026-05-12,601318,13:32:05,59.5000,52,1
2026-05-12,601318,13:32:08,59.4900,69,2
2026-05-12,601318,13:32:11,59.4700,113,2
2026-05-12,601318,13:32:14,59.4700,128,2
2026-05-12,601318,13:32:17,59.4800,98,1
2026-05-12,601318,13:32:20,59.4800,150,1
2026-05-12,601318,13:32:23,59.4900,214,1
2026-05-12,601318,13:32:26,59.5000,67,1
2026-05-12,601318,13:32:29,59.5000,459,1
2026-05-12,601318,13:32:32,59.5000,182,2
2026-05-12,601318,13:32:35,59.5000,67,1
2026-05-12,601318,13:32:38,59.5000,102,1
2026-05-12,601318,13:32:41,59.4700,60,2
2026-05-12,601318,13:32:44,59.4800,20,1
2026-05-12,601318,13:32:47,59.4700,5,2
2026-05-12,601318,13:32:50,59.4800,34,1
2026-05-12,601318,13:32:53,59.4800,5,1
2026-05-12,601318,13:32:56,59.4800,15,1
2026-05-12,601318,13:32:59,59.4800,22,1
2026-05-12,601318,13:33:02,59.4700,45,2
2026-05-12,601318,13:33:05,59.4700,106,2
2026-05-12,601318,13:33:08,59.4800,63,1
2026-05-12,601318,13:33:11,59.4800,67,1
2026-05-12,601318,13:33:14,59.4800,59,1
2026-05-12,601318,13:33:17,59.4800,82,1
2026-05-12,601318,13:33:20,59.4900,50,1
2026-05-12,601318,13:33:23,59.4800,17,2
2026-05-12,601318,13:33:26,59.4900,19,1
2026-05-12,601318,13:33:29,59.4800,279,2
2026-05-12,601318,13:33:32,59.4800,116,1
2026-05-12,601318,13:33:35,59.4800,33,2
2026-05-12,601318,13:33:38,59.4800,11,1
2026-05-12,601318,13:33:41,59.4800,79,1
2026-05-12,601318,13:33:44,59.4800,24,1
2026-05-12,601318,13:33:47,59.4800,138,1
2026-05-12,601318,13:33:50,59.4800,174,2
2026-05-12,601318,13:33:53,59.4700,125,2
2026-05-12,601318,13:33:56,59.4700,25,2
2026-05-12,601318,13:33:59,59.4800,85,1
2026-05-12,601318,13:34:02,59.4700,47,2
2026-05-12,601318,13:34:05,59.4700,38,2
2026-05-12,601318,13:34:08,59.4800,32,1
2026-05-12,601318,13:34:11,59.4700,12,2
2026-05-12,601318,13:34:14,59.4700,96,2
2026-05-12,601318,13:34:17,59.4700,45,2
2026-05-12,601318,13:34:20,59.4800,54,1
2026-05-12,601318,13:34:23,59.4700,41,2
2026-05-12,601318,13:34:26,59.4700,83,2
2026-05-12,601318,13:34:29,59.4800,37,1
2026-05-12,601318,13:34:32,59.4700,305,2
2026-05-12,601318,13:34:35,59.4900,36,1
2026-05-12,601318,13:34:38,59.4800,18,2
2026-05-12,601318,13:34:41,59.4700,23,2
2026-05-12,601318,13:34:44,59.4700,29,2
2026-05-12,601318,13:34:47,59.4700,8,1
2026-05-12,601318,13:34:50,59.4700,54,1
2026-05-12,601318,13:34:53,59.4600,23,2
2026-05-12,601318,13:34:56,59.4700,8,1
2026-05-12,601318,13:34:59,59.4700,16,1
2026-05-12,601318,13:35:02,59.4700,37,1
2026-05-12,601318,13:35:05,59.4700,290,1
2026-05-12,601318,13:35:08,59.4700,18,2
2026-05-12,601318,13:35:11,59.4800,69,1
2026-05-12,601318,13:35:14,59.4700,7,2
2026-05-12,601318,13:35:17,59.4800,27,1
2026-05-12,601318,13:35:20,59.4600,58,2
2026-05-12,601318,13:35:23,59.4700,7,4
2026-05-12,601318,13:35:26,59.4700,49,1
2026-05-12,601318,13:35:32,59.4700,47,1
2026-05-12,601318,13:35:35,59.4600,33,2
2026-05-12,601318,13:35:38,59.4600,53,2
2026-05-12,601318,13:35:41,59.4700,45,1
2026-05-12,601318,13:35:44,59.4600,12,2
2026-05-12,601318,13:35:47,59.4700,584,1
2026-05-12,601318,13:35:50,59.4600,92,2
2026-05-12,601318,13:35:53,59.4700,31,2
2026-05-12,601318,13:35:56,59.4800,16,1
2026-05-12,601318,13:35:59,59.4800,27,1
2026-05-12,601318,13:36:02,59.4800,25,1
2026-05-12,601318,13:36:05,59.4900,66,1
2026-05-12,601318,13:36:08,59.4800,22,2
2026-05-12,601318,13:36:11,59.4900,39,1
2026-05-12,601318,13:36:14,59.4900,75,1
2026-05-12,601318,13:36:17,59.4800,107,2
2026-05-12,601318,13:36:20,59.4800,72,1
2026-05-12,601318,13:36:23,59.4800,213,1
2026-05-12,601318,13:36:26,59.4900,11,1
2026-05-12,601318,13:36:29,59.4900,12,1
2026-05-12,601318,13:36:32,59.4900,31,1
2026-05-12,601318,13:36:35,59.4900,82,1
2026-05-12,601318,13:36:38,59.4900,2,1
2026-05-12,601318,13:36:41,59.4900,22,1
2026-05-12,601318,13:36:44,59.4900,2,1
2026-05-12,601318,13:36:47,59.4900,232,1
2026-05-12,601318,13:36:50,59.4800,39,2
2026-05-12,601318,13:36:53,59.4900,253,1
2026-05-12,601318,13:36:56,59.4900,44,1
2026-05-12,601318,13:36:59,59.4700,36,2
2026-05-12,601318,13:37:02,59.4900,15,1
2026-05-12,601318,13:37:05,59.4800,104,2
2026-05-12,601318,13:37:08,59.4800,7,1
2026-05-12,601318,13:37:11,59.4800,24,1
2026-05-12,601318,13:37:14,59.4800,101,1
2026-05-12,601318,13:37:17,59.4700,31,2
2026-05-12,601318,13:37:20,59.4700,32,2
2026-05-12,601318,13:37:23,59.4800,123,1
2026-05-12,601318,13:37:26,59.4700,26,2
2026-05-12,601318,13:37:29,59.4800,13,1
2026-05-12,601318,13:37:32,59.4800,12,1
2026-05-12,601318,13:37:35,59.4800,158,1
2026-05-12,601318,13:37:38,59.4800,13,1
2026-05-12,601318,13:37:41,59.4800,156,1
2026-05-12,601318,13:37:44,59.4800,47,2
2026-05-12,601318,13:37:47,59.4800,42,2
2026-05-12,601318,13:37:50,59.4900,38,1
2026-05-12,601318,13:37:53,59.4800,102,2
2026-05-12,601318,13:37:56,59.4700,66,2
2026-05-12,601318,13:37:59,59.4700,101,2
2026-05-12,601318,13:38:02,59.4700,38,2
2026-05-12,601318,13:38:05,59.4800,48,1
2026-05-12,601318,13:38:08,59.4700,46,2
2026-05-12,601318,13:38:11,59.4700,67,1
2026-05-12,601318,13:38:14,59.4600,99,2
2026-05-12,601318,13:38:17,59.4700,63,4
2026-05-12,601318,13:38:20,59.4600,84,2
2026-05-12,601318,13:38:23,59.4600,13,2
2026-05-12,601318,13:38:26,59.4600,55,2
2026-05-12,601318,13:38:29,59.4700,48,1
2026-05-12,601318,13:38:32,59.4600,34,2
2026-05-12,601318,13:38:35,59.4700,106,1
2026-05-12,601318,13:38:38,59.4700,2,1
2026-05-12,601318,13:38:41,59.4600,104,2
2026-05-12,601318,13:38:44,59.4600,45,2
2026-05-12,601318,13:38:47,59.4700,39,1
2026-05-12,601318,13:38:50,59.4600,40,2
2026-05-12,601318,13:38:53,59.4600,11,2
2026-05-12,601318,13:38:56,59.4600,85,2
2026-05-12,601318,13:38:59,59.4600,202,2
2026-05-12,601318,13:39:02,59.4500,55,2
2026-05-12,601318,13:39:05,59.4500,87,2
2026-05-12,601318,13:39:08,59.4500,33,2
2026-05-12,601318,13:39:11,59.4500,134,2
2026-05-12,601318,13:39:14,59.4500,764,2
2026-05-12,601318,13:39:17,59.4500,191,1
2026-05-12,601318,13:39:20,59.4500,217,1
2026-05-12,601318,13:39:23,59.4400,80,2
2026-05-12,601318,13:39:26,59.4400,328,2
2026-05-12,601318,13:39:29,59.4400,166,2
2026-05-12,601318,13:39:32,59.4400,108,1
2026-05-12,601318,13:39:35,59.4300,47,2
2026-05-12,601318,13:39:38,59.4300,97,2
2026-05-12,601318,13:39:41,59.4300,50,2
2026-05-12,601318,13:39:44,59.4400,197,1
2026-05-12,601318,13:39:47,59.4300,143,4
2026-05-12,601318,13:39:50,59.4200,175,2
2026-05-12,601318,13:39:53,59.4300,62,4
2026-05-12,601318,13:39:56,59.4300,196,1
2026-05-12,601318,13:39:59,59.4200,55,2
2026-05-12,601318,13:40:02,59.4300,168,1
2026-05-12,601318,13:40:05,59.4400,710,1
2026-05-12,601318,13:40:08,59.4300,114,2
2026-05-12,601318,13:40:11,59.4400,266,1
2026-05-12,601318,13:40:14,59.4500,133,1
2026-05-12,601318,13:40:17,59.4400,1,2
2026-05-12,601318,13:40:20,59.4500,184,1
2026-05-12,601318,13:40:23,59.4500,59,1
2026-05-12,601318,13:40:26,59.4400,273,2
2026-05-12,601318,13:40:29,59.4500,72,2
2026-05-12,601318,13:40:32,59.4600,71,1
2026-05-12,601318,13:40:35,59.4400,87,2
2026-05-12,601318,13:40:38,59.4500,82,1
2026-05-12,601318,13:40:41,59.4600,41,1
2026-05-12,601318,13:40:44,59.4600,30,1
2026-05-12,601318,13:40:47,59.4600,71,1
2026-05-12,601318,13:40:50,59.4600,151,1
2026-05-12,601318,13:40:53,59.4600,66,4
2026-05-12,601318,13:40:56,59.4600,4,1
2026-05-12,601318,13:40:59,59.4600,33,1
2026-05-12,601318,13:41:02,59.4500,32,2
2026-05-12,601318,13:41:05,59.4500,31,2
2026-05-12,601318,13:41:08,59.4500,42,2
2026-05-12,601318,13:41:11,59.4500,31,2
2026-05-12,601318,13:41:14,59.4500,65,2
2026-05-12,601318,13:41:17,59.4500,46,1
2026-05-12,601318,13:41:20,59.4500,45,1
2026-05-12,601318,13:41:23,59.4400,20,2
2026-05-12,601318,13:41:26,59.4500,75,1
2026-05-12,601318,13:41:29,59.4500,34,1
2026-05-12,601318,13:41:32,59.4500,174,1
2026-05-12,601318,13:41:35,59.4500,108,2
2026-05-12,601318,13:41:38,59.4500,12,2
2026-05-12,601318,13:41:41,59.4500,8,2
2026-05-12,601318,13:41:44,59.4500,42,2
2026-05-12,601318,13:41:47,59.4500,57,2
2026-05-12,601318,13:41:50,59.4500,93,2
2026-05-12,601318,13:41:53,59.4600,112,1
2026-05-12,601318,13:41:56,59.4500,54,2
2026-05-12,601318,13:41:59,59.4500,208,2
2026-05-12,601318,13:42:02,59.4500,84,2
2026-05-12,601318,13:42:05,59.4300,147,2
2026-05-12,601318,13:42:08,59.4500,275,1
2026-05-12,601318,13:42:11,59.4300,40,2
2026-05-12,601318,13:42:14,59.4400,44,1
2026-05-12,601318,13:42:17,59.4300,229,2
2026-05-12,601318,13:42:20,59.4300,27,2
2026-05-12,601318,13:42:23,59.4400,71,1
2026-05-12,601318,13:42:26,59.4400,77,1
2026-05-12,601318,13:42:29,59.4400,129,2
2026-05-12,601318,13:42:32,59.4400,12,2
2026-05-12,601318,13:42:35,59.4400,42,2
2026-05-12,601318,13:42:38,59.4400,30,2
2026-05-12,601318,13:42:41,59.4400,5,2
2026-05-12,601318,13:42:44,59.4500,29,1
2026-05-12,601318,13:42:47,59.4500,122,1
2026-05-12,601318,13:42:50,59.4500,54,1
2026-05-12,601318,13:42:53,59.4500,78,1
2026-05-12,601318,13:42:56,59.4500,48,1
2026-05-12,601318,13:42:59,59.4500,39,1
2026-05-12,601318,13:43:02,59.4500,373,1
2026-05-12,601318,13:43:05,59.4500,119,1
2026-05-12,601318,13:43:08,59.4500,31,1
2026-05-12,601318,13:43:11,59.4500,39,1
2026-05-12,601318,13:43:14,59.4500,50,1
2026-05-12,601318,13:43:17,59.4500,93,2
2026-05-12,601318,13:43:20,59.4600,40,1
2026-05-12,601318,13:43:23,59.4500,1,4
2026-05-12,601318,13:43:26,59.4400,273,2
2026-05-12,601318,13:43:29,59.4500,11,1
2026-05-12,601318,13:43:32,59.4500,46,1
2026-05-12,601318,13:43:35,59.4500,103,2
2026-05-12,601318,13:43:38,59.4400,112,2
2026-05-12,601318,13:43:41,59.4400,22,4
2026-05-12,601318,13:43:44,59.4300,76,2
2026-05-12,601318,13:43:47,59.4300,38,1
2026-05-12,601318,13:43:50,59.4300,48,2
2026-05-12,601318,13:43:53,59.4400,1,4
2026-05-12,601318,13:43:56,59.4400,18,2
2026-05-12,601318,13:43:59,59.4400,5,2
2026-05-12,601318,13:44:02,59.4500,116,1
2026-05-12,601318,13:44:05,59.4600,94,1
2026-05-12,601318,13:44:08,59.4500,70,1
2026-05-12,601318,13:44:11,59.4600,8,1
2026-05-12,601318,13:44:14,59.4500,2,2
2026-05-12,601318,13:44:17,59.4500,13,2
2026-05-12,601318,13:44:20,59.4500,56,2
2026-05-12,601318,13:44:23,59.4500,64,2
2026-05-12,601318,13:44:26,59.4500,14,4
2026-05-12,601318,13:44:29,59.4400,77,2
2026-05-12,601318,13:44:32,59.4400,23,1
2026-05-12,601318,13:44:35,59.4400,33,1
2026-05-12,601318,13:44:38,59.4400,119,1
2026-05-12,601318,13:44:41,59.4500,191,1
2026-05-12,601318,13:44:44,59.4600,26,1
2026-05-12,601318,13:44:47,59.4600,41,1
2026-05-12,601318,13:44:50,59.4500,33,2
2026-05-12,601318,13:44:53,59.4600,258,1
2026-05-12,601318,13:44:56,59.4600,10,4
2026-05-12,601318,13:44:59,59.4600,12,2
2026-05-12,601318,13:45:02,59.4700,3,1
2026-05-12,601318,13:45:05,59.4500,600,2
2026-05-12,601318,13:45:08,59.4500,22,2
2026-05-12,601318,13:45:11,59.4600,84,4
2026-05-12,601318,13:45:14,59.4500,59,2
2026-05-12,601318,13:45:17,59.4600,11,4
2026-05-12,601318,13:45:20,59.4400,36,2
2026-05-12,601318,13:45:23,59.4500,16,4
2026-05-12,601318,13:45:26,59.4500,25,1
2026-05-12,601318,13:45:29,59.4500,5,1
2026-05-12,601318,13:45:32,59.4500,121,1
2026-05-12,601318,13:45:35,59.4500,41,2
2026-05-12,601318,13:45:38,59.4500,25,2
2026-05-12,601318,13:45:41,59.4600,30,1
2026-05-12,601318,13:45:44,59.4600,71,1
2026-05-12,601318,13:45:47,59.4600,7,1
2026-05-12,601318,13:45:50,59.4500,34,2
2026-05-12,601318,13:45:53,59.4600,32,1
2026-05-12,601318,13:45:56,59.4600,37,1
2026-05-12,601318,13:45:59,59.4500,64,2
2026-05-12,601318,13:46:02,59.4600,21,1
2026-05-12,601318,13:46:05,59.4500,80,2
2026-05-12,601318,13:46:08,59.4500,20,2
2026-05-12,601318,13:46:11,59.4500,2,2
2026-05-12,601318,13:46:14,59.4600,129,1
2026-05-12,601318,13:46:17,59.4700,68,1
2026-05-12,601318,13:46:20,59.4600,39,1
2026-05-12,601318,13:46:23,59.4500,147,2
2026-05-12,601318,13:46:26,59.5000,619,1
2026-05-12,601318,13:46:29,59.5000,101,1
2026-05-12,601318,13:46:32,59.4900,239,2
2026-05-12,601318,13:46:35,59.4900,52,2
2026-05-12,601318,13:46:38,59.4900,61,2
2026-05-12,601318,13:46:41,59.4900,2,2
2026-05-12,601318,13:46:44,59.4900,44,2
2026-05-12,601318,13:46:47,59.4900,94,2
2026-05-12,601318,13:46:50,59.5000,125,1
2026-05-12,601318,13:46:53,59.4800,75,2
2026-05-12,601318,13:46:56,59.5000,77,1
2026-05-12,601318,13:46:59,59.4900,13,1
2026-05-12,601318,13:47:02,59.4800,14,2
2026-05-12,601318,13:47:05,59.4800,104,2
2026-05-12,601318,13:47:08,59.4900,52,1
2026-05-12,601318,13:47:11,59.4900,49,1
2026-05-12,601318,13:47:14,59.4800,31,2
2026-05-12,601318,13:47:17,59.4800,167,2
2026-05-12,601318,13:47:20,59.4800,140,1
2026-05-12,601318,13:47:23,59.4700,28,4
2026-05-12,601318,13:47:26,59.4800,55,1
2026-05-12,601318,13:47:29,59.4800,45,2
2026-05-12,601318,13:47:32,59.4900,56,1
2026-05-12,601318,13:47:35,59.4900,137,1
2026-05-12,601318,13:47:38,59.4900,43,2
2026-05-12,601318,13:47:41,59.5000,37,1
2026-05-12,601318,13:47:47,59.4900,14,2
2026-05-12,601318,13:47:50,59.5000,83,1
2026-05-12,601318,13:47:53,59.4900,86,2
2026-05-12,601318,13:47:56,59.4900,225,2
2026-05-12,601318,13:47:59,59.5000,30,1
2026-05-12,601318,13:48:02,59.5000,3,1
2026-05-12,601318,13:48:05,59.4900,43,2
2026-05-12,601318,13:48:08,59.4900,181,2
2026-05-12,601318,13:48:11,59.4900,23,1
2026-05-12,601318,13:48:14,59.5000,92,1
2026-05-12,601318,13:48:17,59.4900,22,2
2026-05-12,601318,13:48:20,59.5000,43,1
2026-05-12,601318,13:48:23,59.5100,188,1
2026-05-12,601318,13:48:26,59.5400,407,1
2026-05-12,601318,13:48:29,59.5300,67,2
2026-05-12,601318,13:48:32,59.5500,103,1
2026-05-12,601318,13:48:35,59.5300,40,2
2026-05-12,601318,13:48:38,59.5300,106,2
2026-05-12,601318,13:48:41,59.5200,27,4
2026-05-12,601318,13:48:44,59.5200,15,2
2026-05-12,601318,13:48:47,59.5200,45,2
2026-05-12,601318,13:48:50,59.5300,83,1
2026-05-12,601318,13:48:53,59.5200,33,2
2026-05-12,601318,13:48:56,59.5200,41,2
2026-05-12,601318,13:48:59,59.5300,73,1
2026-05-12,601318,13:49:02,59.5200,10,2
2026-05-12,601318,13:49:05,59.5200,75,2
2026-05-12,601318,13:49:08,59.5300,240,1
2026-05-12,601318,13:49:11,59.5300,51,2
2026-05-12,601318,13:49:14,59.5400,27,1
2026-05-12,601318,13:49:17,59.5500,66,1
2026-05-12,601318,13:49:20,59.5300,103,2
2026-05-12,601318,13:49:23,59.5500,25,1
2026-05-12,601318,13:49:26,59.5400,17,2
2026-05-12,601318,13:49:29,59.5500,19,1
2026-05-12,601318,13:49:32,59.5500,92,1
2026-05-12,601318,13:49:35,59.5400,143,2
2026-05-12,601318,13:49:38,59.5400,34,2
2026-05-12,601318,13:49:41,59.5500,9,1
2026-05-12,601318,13:49:44,59.5500,37,1
2026-05-12,601318,13:49:47,59.5500,77,1
2026-05-12,601318,13:49:50,59.5600,52,1
2026-05-12,601318,13:49:53,59.5700,317,1
2026-05-12,601318,13:49:56,59.5700,32,1
2026-05-12,601318,13:49:59,59.5800,29,1
2026-05-12,601318,13:50:02,59.5800,212,1
2026-05-12,601318,13:50:05,59.6000,167,1
2026-05-12,601318,13:50:08,59.5900,162,2
2026-05-12,601318,13:50:11,59.5800,68,2
2026-05-12,601318,13:50:14,59.6000,200,1
2026-05-12,601318,13:50:17,59.5900,72,2
2026-05-12,601318,13:50:20,59.6100,72,1
2026-05-12,601318,13:50:23,59.5900,202,2
2026-05-12,601318,13:50:26,59.5800,95,2
2026-05-12,601318,13:50:29,59.5900,43,1
2026-05-12,601318,13:50:32,59.5800,65,1
2026-05-12,601318,13:50:35,59.5800,10,1
2026-05-12,601318,13:50:38,59.5800,45,1
2026-05-12,601318,13:50:41,59.5700,43,2
2026-05-12,601318,13:50:44,59.5800,43,1
2026-05-12,601318,13:50:47,59.5700,71,2
2026-05-12,601318,13:50:50,59.5700,12,1
2026-05-12,601318,13:50:53,59.5600,179,2
2026-05-12,601318,13:50:56,59.5300,220,2
2026-05-12,601318,13:50:59,59.5300,10,2
2026-05-12,601318,13:51:02,59.5400,13,4
2026-05-12,601318,13:51:05,59.5400,3,2
2026-05-12,601318,13:51:08,59.5400,39,1
2026-05-12,601318,13:51:11,59.5200,55,2
2026-05-12,601318,13:51:14,59.5200,53,4
2026-05-12,601318,13:51:17,59.5200,56,1
2026-05-12,601318,13:51:20,59.5200,251,1
2026-05-12,601318,13:51:23,59.5200,76,2
2026-05-12,601318,13:51:26,59.5200,29,2
2026-05-12,601318,13:51:29,59.5300,208,1
2026-05-12,601318,13:51:32,59.5300,34,2
2026-05-12,601318,13:51:35,59.5400,4,1
2026-05-12,601318,13:51:38,59.5400,291,1
2026-05-12,601318,13:51:41,59.5400,39,2
2026-05-12,601318,13:51:44,59.5500,36,1
2026-05-12,601318,13:51:47,59.5400,42,2
2026-05-12,601318,13:51:50,59.5500,67,1
2026-05-12,601318,13:51:53,59.5500,41,2
2026-05-12,601318,13:51:56,59.5500,102,2
2026-05-12,601318,13:51:59,59.5600,20,1
2026-05-12,601318,13:52:02,59.5500,35,2
2026-05-12,601318,13:52:05,59.5600,57,2
2026-05-12,601318,13:52:08,59.5500,36,2
2026-05-12,601318,13:52:11,59.5600,6,1
2026-05-12,601318,13:52:14,59.5600,41,1
2026-05-12,601318,13:52:17,59.5600,34,2
2026-05-12,601318,13:52:20,59.5600,28,2
2026-05-12,601318,13:52:23,59.5700,38,1
2026-05-12,601318,13:52:26,59.5600,28,2
2026-05-12,601318,13:52:29,59.5600,10,1
2026-05-12,601318,13:52:32,59.5600,17,1
2026-05-12,601318,13:52:35,59.5500,20,2
2026-05-12,601318,13:52:38,59.5600,28,1
2026-05-12,601318,13:52:41,59.5600,90,1
2026-05-12,601318,13:52:47,59.5600,41,1
2026-05-12,601318,13:52:50,59.5600,29,1
2026-05-12,601318,13:52:53,59.5500,86,2
2026-05-12,601318,13:52:56,59.5400,20,2
2026-05-12,601318,13:52:59,59.5400,2,2
2026-05-12,601318,13:53:02,59.5500,15,1
2026-05-12,601318,13:53:05,59.5400,43,2
2026-05-12,601318,13:53:08,59.5400,40,2
2026-05-12,601318,13:53:11,59.5500,65,1
2026-05-12,601318,13:53:14,59.5500,73,1
2026-05-12,601318,13:53:17,59.5400,1,4
2026-05-12,601318,13:53:20,59.5500,93,1
2026-05-12,601318,13:53:23,59.5400,35,1
2026-05-12,601318,13:53:26,59.5300,21,2
2026-05-12,601318,13:53:29,59.5300,19,2
2026-05-12,601318,13:53:32,59.5300,40,2
2026-05-12,601318,13:53:35,59.5300,31,2
2026-05-12,601318,13:53:38,59.5300,241,2
2026-05-12,601318,13:53:41,59.5400,137,1
2026-05-12,601318,13:53:44,59.5500,97,1
2026-05-12,601318,13:53:47,59.5400,299,2
2026-05-12,601318,13:53:50,59.5500,78,4
2026-05-12,601318,13:53:53,59.5500,195,2
2026-05-12,601318,13:53:56,59.5600,40,4
2026-05-12,601318,13:53:59,59.5500,36,2
2026-05-12,601318,13:54:02,59.5600,4,4
2026-05-12,601318,13:54:05,59.5600,15,1
2026-05-12,601318,13:54:08,59.5500,67,2
2026-05-12,601318,13:54:11,59.5500,23,1
2026-05-12,601318,13:54:14,59.5600,86,1
2026-05-12,601318,13:54:17,59.5500,52,1
2026-05-12,601318,13:54:20,59.5500,70,2
2026-05-12,601318,13:54:23,59.5400,150,2
2026-05-12,601318,13:54:26,59.5500,162,1
2026-05-12,601318,13:54:29,59.5600,69,1
2026-05-12,601318,13:54:32,59.5500,70,2
2026-05-12,601318,13:54:35,59.5500,42,2
2026-05-12,601318,13:54:38,59.5500,40,2
2026-05-12,601318,13:54:41,59.5400,45,2
2026-05-12,601318,13:54:44,59.5500,26,1
2026-05-12,601318,13:54:47,59.5300,12,2
2026-05-12,601318,13:54:50,59.5400,7,1
2026-05-12,601318,13:54:53,59.5300,41,2
2026-05-12,601318,13:54:56,59.5300,17,2
2026-05-12,601318,13:54:59,59.5300,53,2
2026-05-12,601318,13:55:02,59.5300,25,2
2026-05-12,601318,13:55:05,59.5300,48,2
2026-05-12,601318,13:55:08,59.5300,62,2
2026-05-12,601318,13:55:11,59.5400,31,1
2026-05-12,601318,13:55:14,59.5400,37,1
2026-05-12,601318,13:55:17,59.5300,98,2
2026-05-12,601318,13:55:20,59.5300,75,1
2026-05-12,601318,13:55:23,59.5200,85,2
2026-05-12,601318,13:55:26,59.5300,61,1
2026-05-12,601318,13:55:29,59.5200,23,2
2026-05-12,601318,13:55:32,59.5300,93,1
2026-05-12,601318,13:55:35,59.5300,20,1
2026-05-12,601318,13:55:38,59.5200,107,2
2026-05-12,601318,13:55:41,59.5200,3,4
2026-05-12,601318,13:55:44,59.5200,42,1
2026-05-12,601318,13:55:47,59.5200,21,1
2026-05-12,601318,13:55:50,59.5100,31,2
2026-05-12,601318,13:55:53,59.5200,89,1
2026-05-12,601318,13:55:56,59.5200,70,1
2026-05-12,601318,13:56:02,59.5100,52,2
2026-05-12,601318,13:56:05,59.5100,42,2
2026-05-12,601318,13:56:08,59.5100,78,2
2026-05-12,601318,13:56:11,59.5100,20,2
2026-05-12,601318,13:56:14,59.5100,20,2
2026-05-12,601318,13:56:17,59.5200,44,1
2026-05-12,601318,13:56:20,59.5200,33,1
2026-05-12,601318,13:56:23,59.5000,61,2
2026-05-12,601318,13:56:26,59.5100,84,1
2026-05-12,601318,13:56:29,59.5000,55,2
2026-05-12,601318,13:56:32,59.5100,69,1
2026-05-12,601318,13:56:35,59.5000,54,2
2026-05-12,601318,13:56:38,59.5000,110,2
2026-05-12,601318,13:56:41,59.5000,80,2
2026-05-12,601318,13:56:44,59.5000,30,2
2026-05-12,601318,13:56:47,59.5000,127,2
2026-05-12,601318,13:56:50,59.5000,15,2
2026-05-12,601318,13:56:53,59.5000,127,2
2026-05-12,601318,13:56:56,59.5000,297,2
2026-05-12,601318,13:56:59,59.5100,260,1
2026-05-12,601318,13:57:02,59.5100,29,1
2026-05-12,601318,13:57:05,59.5100,243,1
2026-05-12,601318,13:57:08,59.4800,114,2
2026-05-12,601318,13:57:11,59.4800,73,2
2026-05-12,601318,13:57:14,59.4800,154,1
2026-05-12,601318,13:57:17,59.4900,91,1
2026-05-12,601318,13:57:20,59.5000,132,1
2026-05-12,601318,13:57:23,59.4800,58,2
2026-05-12,601318,13:57:26,59.4800,77,2
2026-05-12,601318,13:57:29,59.4800,45,2
2026-05-12,601318,13:57:32,59.5000,55,1
2026-05-12,601318,13:57:35,59.4800,198,2
2026-05-12,601318,13:57:38,59.4800,109,2
2026-05-12,601318,13:57:41,59.4900,178,2
2026-05-12,601318,13:57:44,59.4900,78,1
2026-05-12,601318,13:57:47,59.4800,140,2
2026-05-12,601318,13:57:50,59.4900,146,1
2026-05-12,601318,13:57:53,59.4900,175,1
2026-05-12,601318,13:57:56,59.4900,105,1
2026-05-12,601318,13:57:59,59.4800,109,1
2026-05-12,601318,13:58:02,59.4700,80,2
2026-05-12,601318,13:58:05,59.4600,99,2
2026-05-12,601318,13:58:08,59.4500,99,2
2026-05-12,601318,13:58:11,59.4500,66,2
2026-05-12,601318,13:58:14,59.4500,20,2
2026-05-12,601318,13:58:17,59.4500,33,2
2026-05-12,601318,13:58:20,59.4600,14,1
2026-05-12,601318,13:58:23,59.4500,99,2
2026-05-12,601318,13:58:26,59.4500,34,2
2026-05-12,601318,13:58:29,59.4600,18,1
2026-05-12,601318,13:58:32,59.4500,10,2
2026-05-12,601318,13:58:35,59.4500,315,2
2026-05-12,601318,13:58:38,59.4300,955,2
2026-05-12,601318,13:58:41,59.4500,13,1
2026-05-12,601318,13:58:44,59.4500,50,2
2026-05-12,601318,13:58:47,59.4500,44,2
2026-05-12,601318,13:58:50,59.4600,124,1
2026-05-12,601318,13:58:53,59.4600,63,2
2026-05-12,601318,13:58:56,59.4700,15,1
2026-05-12,601318,13:58:59,59.4400,129,2
2026-05-12,601318,13:59:02,59.4500,62,1
2026-05-12,601318,13:59:05,59.4500,116,1
2026-05-12,601318,13:59:08,59.4600,81,1
2026-05-12,601318,13:59:11,59.4400,101,2
2026-05-12,601318,13:59:14,59.4500,49,1
2026-05-12,601318,13:59:17,59.4600,93,1
2026-05-12,601318,13:59:20,59.4600,6,1
2026-05-12,601318,13:59:23,59.4500,39,2
2026-05-12,601318,13:59:26,59.4600,47,1
2026-05-12,601318,13:59:29,59.4600,16,1
2026-05-12,601318,13:59:32,59.4500,50,2
2026-05-12,601318,13:59:35,59.4600,17,1
2026-05-12,601318,13:59:38,59.4500,44,2
2026-05-12,601318,13:59:41,59.4400,356,2
2026-05-12,601318,13:59:44,59.4400,52,1
2026-05-12,601318,13:59:47,59.4400,132,1
2026-05-12,601318,13:59:50,59.4300,65,2
2026-05-12,601318,13:59:53,59.4300,50,2
2026-05-12,601318,13:59:56,59.4400,29,1
2026-05-12,601318,13:59:59,59.4300,37,2
2026-05-12,601318,14:00:02,59.4400,28,1
2026-05-12,601318,14:00:05,59.4300,83,2
2026-05-12,601318,14:00:08,59.4300,91,2
2026-05-12,601318,14:00:11,59.4300,64,2
2026-05-12,601318,14:00:14,59.4300,7,2
2026-05-12,601318,14:00:17,59.4300,81,2
2026-05-12,601318,14:00:20,59.4300,19,2
2026-05-12,601318,14:00:23,59.4300,168,2
2026-05-12,601318,14:00:26,59.4300,60,2
2026-05-12,601318,14:00:29,59.4200,119,2
2026-05-12,601318,14:00:32,59.4400,31,1
2026-05-12,601318,14:00:35,59.4300,15,2
2026-05-12,601318,14:00:38,59.4400,236,1
2026-05-12,601318,14:00:41,59.4400,10,1
2026-05-12,601318,14:00:44,59.4400,24,1
2026-05-12,601318,14:00:47,59.4400,8,1
2026-05-12,601318,14:00:50,59.4300,76,2
2026-05-12,601318,14:00:53,59.4400,79,1
2026-05-12,601318,14:00:56,59.4300,4,2
2026-05-12,601318,14:00:59,59.4400,22,1
2026-05-12,601318,14:01:02,59.4300,25,2
2026-05-12,601318,14:01:05,59.4300,29,2
2026-05-12,601318,14:01:08,59.4300,55,2
2026-05-12,601318,14:01:11,59.4400,7,1
2026-05-12,601318,14:01:14,59.4400,2,1
2026-05-12,601318,14:01:17,59.4300,33,2
2026-05-12,601318,14:01:20,59.4300,18,2
2026-05-12,601318,14:01:23,59.4400,37,1
2026-05-12,601318,14:01:26,59.4300,31,2
2026-05-12,601318,14:01:29,59.4300,34,2
2026-05-12,601318,14:01:32,59.4400,14,1
2026-05-12,601318,14:01:35,59.4400,71,1
2026-05-12,601318,14:01:38,59.4500,995,1
2026-05-12,601318,14:01:41,59.4500,189,1
2026-05-12,601318,14:01:44,59.4500,42,1
2026-05-12,601318,14:01:47,59.4500,76,1
2026-05-12,601318,14:01:50,59.4400,51,2
2026-05-12,601318,14:01:53,59.4300,79,2
2026-05-12,601318,14:01:56,59.4500,42,1
2026-05-12,601318,14:01:59,59.4500,16,1
2026-05-12,601318,14:02:02,59.4300,27,2
2026-05-12,601318,14:02:05,59.4400,9,1
2026-05-12,601318,14:02:08,59.4300,167,2
2026-05-12,601318,14:02:11,59.4300,41,2
2026-05-12,601318,14:02:14,59.4300,204,2
2026-05-12,601318,14:02:17,59.4300,21,2
2026-05-12,601318,14:02:20,59.4400,1,1
2026-05-12,601318,14:02:23,59.4300,51,2
2026-05-12,601318,14:02:26,59.4400,14,1
2026-05-12,601318,14:02:29,59.4300,40,2
2026-05-12,601318,14:02:32,59.4400,11,1
2026-05-12,601318,14:02:35,59.4400,48,1
2026-05-12,601318,14:02:38,59.4300,108,2
2026-05-12,601318,14:02:41,59.4500,142,1
2026-05-12,601318,14:02:44,59.4300,36,2
2026-05-12,601318,14:02:47,59.4300,13,2
2026-05-12,601318,14:02:50,59.4300,260,2
2026-05-12,601318,14:02:53,59.4200,128,2
2026-05-12,601318,14:02:56,59.4200,122,2
2026-05-12,601318,14:02:59,59.4300,28,1
2026-05-12,601318,14:03:02,59.4200,26,2
2026-05-12,601318,14:03:05,59.4300,84,1
2026-05-12,601318,14:03:08,59.4200,111,2
2026-05-12,601318,14:03:11,59.4200,70,2
2026-05-12,601318,14:03:14,59.4300,103,1
2026-05-12,601318,14:03:17,59.4300,55,1
2026-05-12,601318,14:03:20,59.4300,6,1
2026-05-12,601318,14:03:23,59.4200,45,2
2026-05-12,601318,14:03:26,59.4200,7,2
2026-05-12,601318,14:03:29,59.4000,5783,2
2026-05-12,601318,14:03:32,59.4000,251,2
2026-05-12,601318,14:03:35,59.4000,135,2
2026-05-12,601318,14:03:38,59.4000,84,2
2026-05-12,601318,14:03:41,59.4100,282,1
2026-05-12,601318,14:03:44,59.4100,98,1
2026-05-12,601318,14:03:47,59.4000,517,2
2026-05-12,601318,14:03:50,59.4000,722,2
2026-05-12,601318,14:03:53,59.4000,94,2
2026-05-12,601318,14:03:56,59.4000,72,2
2026-05-12,601318,14:03:59,59.4000,72,2
2026-05-12,601318,14:04:02,59.4000,116,2
2026-05-12,601318,14:04:05,59.4000,82,1
2026-05-12,601318,14:04:08,59.4000,161,2
2026-05-12,601318,14:04:11,59.4000,86,2
2026-05-12,601318,14:04:14,59.4000,66,2
2026-05-12,601318,14:04:17,59.4100,18,1
2026-05-12,601318,14:04:20,59.4000,23,2
2026-05-12,601318,14:04:23,59.4100,37,1
2026-05-12,601318,14:04:26,59.4100,10,1
2026-05-12,601318,14:04:29,59.4000,13,2
2026-05-12,601318,14:04:32,59.4000,18,2
2026-05-12,601318,14:04:35,59.4000,21,2
2026-05-12,601318,14:04:38,59.4100,46,1
2026-05-12,601318,14:04:41,59.4000,74,2
2026-05-12,601318,14:04:44,59.4100,35,1
2026-05-12,601318,14:04:47,59.4100,70,1
2026-05-12,601318,14:04:50,59.4100,22,1
2026-05-12,601318,14:04:53,59.4000,115,2
2026-05-12,601318,14:04:56,59.4100,28,1
2026-05-12,601318,14:04:59,59.4100,236,1
2026-05-12,601318,14:05:02,59.4100,87,1
2026-05-12,601318,14:05:05,59.4100,30,2
2026-05-12,601318,14:05:08,59.4100,46,2
2026-05-12,601318,14:05:11,59.4100,21,2
2026-05-12,601318,14:05:14,59.4100,86,2
2026-05-12,601318,14:05:17,59.4100,43,1
2026-05-12,601318,14:05:20,59.4100,83,1
2026-05-12,601318,14:05:23,59.4000,52,2
2026-05-12,601318,14:05:26,59.4100,4,1
2026-05-12,601318,14:05:29,59.4100,139,1
2026-05-12,601318,14:05:32,59.4100,19,1
2026-05-12,601318,14:05:35,59.4100,32,1
2026-05-12,601318,14:05:38,59.4100,175,1
2026-05-12,601318,14:05:41,59.4200,11,1
2026-05-12,601318,14:05:44,59.4200,13,1
2026-05-12,601318,14:05:47,59.4100,46,2
2026-05-12,601318,14:05:50,59.4200,18,1
2026-05-12,601318,14:05:53,59.4200,104,1
2026-05-12,601318,14:05:56,59.4200,27,1
2026-05-12,601318,14:05:59,59.4100,52,2
2026-05-12,601318,14:06:02,59.4100,60,2
2026-05-12,601318,14:06:05,59.4100,89,2
2026-05-12,601318,14:06:08,59.4100,191,2
2026-05-12,601318,14:06:11,59.4000,82,2
2026-05-12,601318,14:06:14,59.4000,45,2
2026-05-12,601318,14:06:17,59.4000,52,2
2026-05-12,601318,14:06:20,59.4100,25,1
2026-05-12,601318,14:06:23,59.4100,76,1
2026-05-12,601318,14:06:26,59.4100,127,1
2026-05-12,601318,14:06:29,59.4100,16,1
2026-05-12,601318,14:06:32,59.4100,37,1
2026-05-12,601318,14:06:35,59.4100,469,1
2026-05-12,601318,14:06:38,59.4000,68,2
2026-05-12,601318,14:06:41,59.4100,37,1
2026-05-12,601318,14:06:44,59.4100,72,1
2026-05-12,601318,14:06:47,59.4200,11,1
2026-05-12,601318,14:06:50,59.4100,8,2
2026-05-12,601318,14:06:53,59.4100,50,2
2026-05-12,601318,14:06:56,59.4200,67,1
2026-05-12,601318,14:06:59,59.4200,28,1
2026-05-12,601318,14:07:02,59.4100,72,2
2026-05-12,601318,10:56:50,59.8700,27,2
2026-05-12,601318,10:56:53,59.8700,49,1
2026-05-12,601318,10:56:56,59.8800,60,1
2026-05-12,601318,10:56:59,59.8800,110,2
2026-05-12,601318,10:57:02,59.8600,138,2
2026-05-12,601318,10:57:05,59.8600,80,1
2026-05-12,601318,10:57:08,59.8600,77,1
2026-05-12,601318,10:57:11,59.8800,79,1
2026-05-12,601318,10:57:14,59.8700,172,1
2026-05-12,601318,10:57:17,59.8500,67,2
2026-05-12,601318,10:57:20,59.8700,134,1
2026-05-12,601318,10:57:23,59.8500,73,2
2026-05-12,601318,10:57:26,59.8600,64,1
2026-05-12,601318,10:57:29,59.8600,26,1
2026-05-12,601318,10:57:32,59.8500,117,2
2026-05-12,601318,10:57:35,59.8500,54,2
2026-05-12,601318,10:57:38,59.8500,70,2
2026-05-12,601318,10:57:41,59.8400,33,2
2026-05-12,601318,10:57:44,59.8400,68,2
2026-05-12,601318,10:57:47,59.8400,51,2
2026-05-12,601318,10:57:50,59.8400,28,2
2026-05-12,601318,10:57:53,59.8400,49,2
2026-05-12,601318,10:57:56,59.8300,130,2
2026-05-12,601318,10:57:59,59.8300,52,2
2026-05-12,601318,10:58:02,59.8300,132,1
2026-05-12,601318,10:58:05,59.8300,119,2
2026-05-12,601318,10:58:08,59.8400,18,1
2026-05-12,601318,10:58:11,59.8300,109,2
2026-05-12,601318,10:58:14,59.8300,14,2
2026-05-12,601318,10:58:17,59.8300,88,2
2026-05-12,601318,10:58:20,59.8300,38,2
2026-05-12,601318,10:58:23,59.8300,94,2
2026-05-12,601318,10:58:26,59.8400,79,1
2026-05-12,601318,10:58:29,59.8300,27,2
2026-05-12,601318,10:58:32,59.8400,598,1
2026-05-12,601318,10:58:35,59.8700,65,1
2026-05-12,601318,10:58:38,59.8400,39,2
2026-05-12,601318,10:58:41,59.8500,102,2
2026-05-12,601318,10:58:44,59.8500,1,2
2026-05-12,601318,10:58:47,59.8400,67,2
2026-05-12,601318,10:58:50,59.8300,212,2
2026-05-12,601318,10:58:53,59.8300,72,2
2026-05-12,601318,10:58:56,59.8400,55,1
2026-05-12,601318,10:58:59,59.8400,68,2
2026-05-12,601318,10:59:02,59.8300,14,2
2026-05-12,601318,10:59:05,59.8400,63,1
2026-05-12,601318,10:59:08,59.8300,56,2
2026-05-12,601318,10:59:11,59.8400,30,1
2026-05-12,601318,10:59:14,59.8300,6,2
2026-05-12,601318,10:59:17,59.8300,117,2
2026-05-12,601318,10:59:20,59.8300,84,2
2026-05-12,601318,10:59:23,59.8300,112,2
2026-05-12,601318,10:59:26,59.8300,101,2
2026-05-12,601318,10:59:29,59.8300,18,2
2026-05-12,601318,10:59:32,59.8400,75,1
2026-05-12,601318,10:59:35,59.8300,115,2
2026-05-12,601318,10:59:38,59.8300,60,2
2026-05-12,601318,10:59:41,59.8300,45,2
2026-05-12,601318,10:59:44,59.8400,68,1
2026-05-12,601318,10:59:47,59.8300,59,2
2026-05-12,601318,10:59:50,59.8300,47,2
2026-05-12,601318,10:59:53,59.8400,49,1
2026-05-12,601318,10:59:56,59.8300,250,2
2026-05-12,601318,10:59:59,59.8300,27,2
2026-05-12,601318,11:00:02,59.8300,62,1
2026-05-12,601318,11:00:05,59.8300,20,1
2026-05-12,601318,11:00:08,59.8300,18,1
2026-05-12,601318,11:00:11,59.8300,108,1
2026-05-12,601318,11:00:14,59.8300,10,2
2026-05-12,601318,11:00:17,59.8400,8,1
2026-05-12,601318,11:00:20,59.8600,388,1
2026-05-12,601318,11:00:23,59.8400,253,2
2026-05-12,601318,11:00:26,59.8600,4,1
2026-05-12,601318,11:00:29,59.8600,63,1
2026-05-12,601318,11:00:32,59.8600,70,1
2026-05-12,601318,11:00:35,59.8600,109,1
2026-05-12,601318,11:00:38,59.8700,78,1
2026-05-12,601318,11:00:41,59.8800,231,1
2026-05-12,601318,11:00:44,59.8800,35,1
2026-05-12,601318,11:00:47,59.8800,19,2
2026-05-12,601318,11:00:50,59.8700,20,2
2026-05-12,601318,11:00:53,59.8800,130,2
2026-05-12,601318,11:00:56,59.8800,126,1
2026-05-12,601318,11:00:59,59.8800,73,1
2026-05-12,601318,11:01:02,59.8700,223,2
2026-05-12,601318,11:01:05,59.8800,277,1
2026-05-12,601318,11:01:08,59.9100,295,1
2026-05-12,601318,11:01:11,59.9100,16,1
2026-05-12,601318,11:01:14,59.8900,381,2
2026-05-12,601318,11:01:17,59.9000,190,1
2026-05-12,601318,11:01:20,59.9100,19,1
2026-05-12,601318,11:01:23,59.8800,29,2
2026-05-12,601318,11:01:26,59.8900,30,4
2026-05-12,601318,11:01:29,59.8800,53,2
2026-05-12,601318,11:01:32,59.8900,514,1
2026-05-12,601318,11:01:35,59.9000,224,1
2026-05-12,601318,11:01:38,59.8900,30,2
2026-05-12,601318,11:01:41,59.8900,103,1
2026-05-12,601318,11:01:44,59.8800,55,2
2026-05-12,601318,11:01:47,59.8900,100,1
2026-05-12,601318,11:01:50,59.8800,24,2
2026-05-12,601318,11:01:53,59.8700,46,2
2026-05-12,601318,11:01:56,59.8700,86,2
2026-05-12,601318,11:01:59,59.8700,81,2
2026-05-12,601318,11:02:02,59.8700,50,2
2026-05-12,601318,11:02:05,59.8600,118,2
2026-05-12,601318,11:02:08,59.8600,39,2
2026-05-12,601318,11:02:11,59.8700,24,1
2026-05-12,601318,11:02:14,59.8700,19,1
2026-05-12,601318,11:02:17,59.8600,28,2
2026-05-12,601318,11:02:20,59.8800,164,1
2026-05-12,601318,11:02:23,59.8600,18,2
2026-05-12,601318,11:02:26,59.8700,19,1
2026-05-12,601318,11:02:29,59.8700,52,1
2026-05-12,601318,11:02:32,59.8600,14,2
2026-05-12,601318,11:02:35,59.8700,39,1
2026-05-12,601318,11:02:38,59.8600,38,2
2026-05-12,601318,11:02:41,59.8600,152,2
2026-05-12,601318,11:02:44,59.8600,28,1
2026-05-12,601318,11:02:47,59.8600,70,1
2026-05-12,601318,11:02:50,59.8700,43,1
2026-05-12,601318,11:02:53,59.8600,531,2
2026-05-12,601318,11:02:56,59.8700,33,1
2026-05-12,601318,11:02:59,59.8600,33,2
2026-05-12,601318,11:03:02,59.8600,232,2
2026-05-12,601318,11:03:05,59.8600,143,1
2026-05-12,601318,11:03:08,59.8500,165,2
2026-05-12,601318,11:03:11,59.8500,171,1
2026-05-12,601318,11:03:14,59.8500,119,1
2026-05-12,601318,11:03:17,59.8400,143,1
2026-05-12,601318,11:03:20,59.8400,25,2
2026-05-12,601318,11:03:23,59.8600,120,1
2026-05-12,601318,11:03:26,59.8400,558,2
2026-05-12,601318,11:03:29,59.8400,13,1
2026-05-12,601318,11:03:32,59.8400,11,1
2026-05-12,601318,11:03:35,59.8400,100,1
2026-05-12,601318,11:03:38,59.8400,4,2
2026-05-12,601318,11:03:41,59.8500,70,1
2026-05-12,601318,11:03:44,59.8500,48,2
2026-05-12,601318,11:03:47,59.8600,57,1
2026-05-12,601318,11:03:50,59.8700,2,1
2026-05-12,601318,11:03:53,59.8700,76,1
2026-05-12,601318,11:03:56,59.8700,57,2
2026-05-12,601318,11:03:59,59.8700,50,2
2026-05-12,601318,11:04:02,59.8800,58,1
2026-05-12,601318,11:04:05,59.8800,73,2
2026-05-12,601318,11:04:08,59.8800,192,1
2026-05-12,601318,11:04:11,59.8700,163,2
2026-05-12,601318,11:04:14,59.8800,96,2
2026-05-12,601318,11:04:17,59.8700,27,2
2026-05-12,601318,11:04:20,59.8700,37,2
2026-05-12,601318,11:04:23,59.8600,49,2
2026-05-12,601318,11:04:26,59.8600,19,2
2026-05-12,601318,11:04:29,59.8700,58,1
2026-05-12,601318,11:04:32,59.9000,1255,1
2026-05-12,601318,11:04:35,59.9000,174,2
2026-05-12,601318,11:04:38,59.9000,45,1
2026-05-12,601318,11:04:41,59.8900,4,2
2026-05-12,601318,11:04:44,59.8900,6,2
2026-05-12,601318,11:04:47,59.8700,134,2
2026-05-12,601318,11:04:50,59.8600,59,2
2026-05-12,601318,11:04:53,59.8600,54,2
2026-05-12,601318,11:04:56,59.8600,132,2
2026-05-12,601318,11:04:59,59.8500,157,2
2026-05-12,601318,11:05:02,59.8400,76,2
2026-05-12,601318,11:05:05,59.8500,25,1
2026-05-12,601318,11:05:08,59.8400,425,2
2026-05-12,601318,11:05:11,59.8400,154,1
2026-05-12,601318,11:05:14,59.8300,47,2
2026-05-12,601318,11:05:17,59.8300,38,2
2026-05-12,601318,11:05:20,59.8200,182,2
2026-05-12,601318,11:05:23,59.8300,16,4
2026-05-12,601318,11:05:26,59.8400,18,1
2026-05-12,601318,11:05:29,59.8200,27,2
2026-05-12,601318,11:05:32,59.8300,20,2
2026-05-12,601318,11:05:35,59.8300,20,1
2026-05-12,601318,11:05:38,59.8300,53,1
2026-05-12,601318,11:05:41,59.8300,509,2
2026-05-12,601318,11:05:44,59.8300,34,2
2026-05-12,601318,11:05:47,59.8300,14,2
2026-05-12,601318,11:05:50,59.8300,81,2
2026-05-12,601318,11:05:53,59.8200,38,2
2026-05-12,601318,11:05:56,59.8100,511,2
2026-05-12,601318,11:05:59,59.8200,72,1
2026-05-12,601318,11:06:02,59.8100,646,2
2026-05-12,601318,11:06:05,59.8100,280,2
2026-05-12,601318,11:06:08,59.8000,919,2
2026-05-12,601318,11:06:11,59.8000,787,2
2026-05-12,601318,11:06:14,59.7900,1417,2
2026-05-12,601318,11:06:17,59.7900,126,2
2026-05-12,601318,11:06:20,59.7900,49,2
2026-05-12,601318,11:06:23,59.7900,59,2
2026-05-12,601318,11:06:26,59.7800,44,2
2026-05-12,601318,11:06:29,59.7800,31,2
2026-05-12,601318,11:06:32,59.7900,86,1
2026-05-12,601318,11:06:35,59.7700,644,2
2026-05-12,601318,11:06:38,59.7700,33,2
2026-05-12,601318,11:06:41,59.7700,25,2
2026-05-12,601318,11:06:44,59.7800,89,1
2026-05-12,601318,11:06:47,59.7700,20,2
2026-05-12,601318,11:06:50,59.7700,17,2
2026-05-12,601318,11:06:53,59.7600,107,2
2026-05-12,601318,11:06:56,59.7600,202,2
2026-05-12,601318,11:06:59,59.7500,832,2
2026-05-12,601318,11:07:02,59.7500,89,2
2026-05-12,601318,11:07:05,59.7500,63,2
2026-05-12,601318,11:07:08,59.7500,133,2
2026-05-12,601318,11:07:11,59.7600,223,1
2026-05-12,601318,11:07:14,59.7600,68,2
2026-05-12,601318,11:07:17,59.7700,50,1
2026-05-12,601318,11:07:20,59.7600,76,2
2026-05-12,601318,11:07:23,59.7500,156,2
2026-05-12,601318,11:07:26,59.7600,119,1
2026-05-12,601318,11:07:29,59.7600,77,1
2026-05-12,601318,11:07:32,59.7600,216,1
2026-05-12,601318,11:07:35,59.7700,102,1
2026-05-12,601318,11:07:38,59.7700,28,1
2026-05-12,601318,11:07:41,59.7600,125,2
2026-05-12,601318,11:07:44,59.7600,109,2
2026-05-12,601318,11:07:47,59.7700,72,1
2026-05-12,601318,11:07:50,59.7700,25,2
2026-05-12,601318,11:07:53,59.7700,38,2
2026-05-12,601318,11:07:56,59.7700,18,2
2026-05-12,601318,11:07:59,59.7700,59,2
2026-05-12,601318,11:08:02,59.7900,483,1
2026-05-12,601318,11:08:05,59.7900,5,4
2026-05-12,601318,11:08:08,59.7800,33,2
2026-05-12,601318,11:08:11,59.7700,252,2
2026-05-12,601318,11:08:14,59.7700,158,2
2026-05-12,601318,11:08:17,59.7600,287,2
2026-05-12,601318,11:08:20,59.7700,19,1
2026-05-12,601318,11:08:23,59.7700,29,1
2026-05-12,601318,11:08:26,59.7600,54,2
2026-05-12,601318,11:08:29,59.7600,32,2
2026-05-12,601318,11:08:32,59.7600,99,2
2026-05-12,601318,11:08:35,59.7700,98,1
2026-05-12,601318,11:08:38,59.7700,131,2
2026-05-12,601318,11:08:41,59.7600,61,2
2026-05-12,601318,11:08:44,59.7600,9,2
2026-05-12,601318,11:08:47,59.7600,34,2
2026-05-12,601318,11:08:50,59.7600,77,2
2026-05-12,601318,11:08:53,59.7700,2,1
2026-05-12,601318,11:08:56,59.7700,9,1
2026-05-12,601318,11:08:59,59.7700,25,1
2026-05-12,601318,11:09:02,59.7700,27,1
2026-05-12,601318,11:09:05,59.7700,23,1
2026-05-12,601318,11:09:08,59.7600,43,2
2026-05-12,601318,11:09:11,59.7700,55,1
2026-05-12,601318,11:09:14,59.7700,20,1
2026-05-12,601318,11:09:17,59.7600,21,2
2026-05-12,601318,11:09:20,59.7700,37,1
2026-05-12,601318,11:09:23,59.7800,7,1
2026-05-12,601318,11:09:26,59.7800,4,1
2026-05-12,601318,11:09:29,59.7700,211,2
2026-05-12,601318,11:09:32,59.7700,188,2
2026-05-12,601318,11:09:35,59.7700,90,2
2026-05-12,601318,11:09:38,59.7700,8,2
2026-05-12,601318,11:09:41,59.7700,54,2
2026-05-12,601318,11:09:44,59.7700,308,2
2026-05-12,601318,11:09:47,59.7600,65,2
2026-05-12,601318,11:09:50,59.7700,133,1
2026-05-12,601318,11:09:53,59.7700,59,4
2026-05-12,601318,11:09:56,59.7700,8,2
2026-05-12,601318,11:09:59,59.7500,90,2
2026-05-12,601318,11:10:02,59.7400,1293,2
2026-05-12,601318,11:10:05,59.7200,152,2
2026-05-12,601318,11:10:08,59.7300,162,1
2026-05-12,601318,11:10:11,59.7200,15,2
2026-05-12,601318,11:10:14,59.7200,247,2
2026-05-12,601318,11:10:17,59.7100,78,2
2026-05-12,601318,11:10:20,59.7100,24,2
2026-05-12,601318,11:10:23,59.7200,25,1
2026-05-12,601318,11:10:26,59.7200,42,4
2026-05-12,601318,11:10:29,59.7200,90,2
2026-05-12,601318,11:10:32,59.7200,172,2
2026-05-12,601318,11:10:35,59.7200,143,1
2026-05-12,601318,11:10:38,59.7100,65,2
2026-05-12,601318,11:10:41,59.7100,83,2
2026-05-12,601318,11:10:44,59.7200,13,4
2026-05-12,601318,11:10:47,59.7100,107,2
2026-05-12,601318,11:10:50,59.7100,75,2
2026-05-12,601318,11:10:53,59.7100,247,2
2026-05-12,601318,11:10:56,59.7100,107,2
2026-05-12,601318,11:10:59,59.7200,105,1
2026-05-12,601318,11:11:02,59.7100,230,2
2026-05-12,601318,11:11:05,59.7100,54,2
2026-05-12,601318,11:11:08,59.7100,111,1
2026-05-12,601318,11:11:11,59.7200,55,1
2026-05-12,601318,11:11:14,59.7100,40,2
2026-05-12,601318,11:11:17,59.7100,56,2
2026-05-12,601318,11:11:20,59.7100,95,2
2026-05-12,601318,11:11:23,59.7100,42,2
2026-05-12,601318,11:11:26,59.7100,33,2
2026-05-12,601318,11:11:29,59.7100,76,2
2026-05-12,601318,11:11:32,59.7100,45,2
2026-05-12,601318,11:11:35,59.7100,24,2
2026-05-12,601318,11:11:38,59.7100,40,2
2026-05-12,601318,11:11:41,59.7100,35,2
2026-05-12,601318,11:11:44,59.7100,29,2
2026-05-12,601318,11:11:47,59.7100,27,2
2026-05-12,601318,11:11:50,59.7100,31,2
2026-05-12,601318,11:11:53,59.7100,127,2
2026-05-12,601318,11:11:56,59.7100,145,2
2026-05-12,601318,11:11:59,59.7100,188,2
2026-05-12,601318,11:12:02,59.7100,76,2
2026-05-12,601318,11:12:05,59.7200,11,1
2026-05-12,601318,11:12:08,59.7100,20,2
2026-05-12,601318,11:12:11,59.7100,54,2
2026-05-12,601318,11:12:14,59.7100,38,2
2026-05-12,601318,11:12:17,59.7100,84,2
2026-05-12,601318,11:12:20,59.7200,115,1
2026-05-12,601318,11:12:23,59.7100,104,2
2026-05-12,601318,11:12:26,59.7100,69,2
2026-05-12,601318,11:12:29,59.7100,85,2
2026-05-12,601318,11:12:32,59.7100,77,2
2026-05-12,601318,11:12:35,59.7100,160,2
2026-05-12,601318,11:12:38,59.7200,46,1
2026-05-12,601318,11:12:41,59.7100,379,2
2026-05-12,601318,11:12:44,59.7100,247,2
2026-05-12,601318,11:12:47,59.7100,44,2
2026-05-12,601318,11:12:50,59.7100,32,2
2026-05-12,601318,11:12:53,59.7100,32,1
2026-05-12,601318,11:12:56,59.7200,2,1
2026-05-12,601318,11:12:59,59.7100,60,2
2026-05-12,601318,11:13:02,59.7100,40,2
2026-05-12,601318,11:13:05,59.7100,7,2
2026-05-12,601318,11:13:08,59.7100,28,2
2026-05-12,601318,11:13:11,59.7100,8,2
2026-05-12,601318,11:13:14,59.7200,73,1
2026-05-12,601318,11:13:17,59.7200,45,1
2026-05-12,601318,11:13:20,59.7100,27,2
2026-05-12,601318,11:13:23,59.7100,35,2
2026-05-12,601318,11:13:26,59.7200,162,1
2026-05-12,601318,11:13:29,59.7200,51,1
2026-05-12,601318,11:13:32,59.7300,298,1
2026-05-12,601318,11:13:35,59.7400,277,1
2026-05-12,601318,11:13:38,59.7400,92,1
2026-05-12,601318,11:13:41,59.7500,7,2
2026-05-12,601318,11:13:44,59.7500,11,2
2026-05-12,601318,11:13:47,59.7600,52,1
2026-05-12,601318,11:13:50,59.7400,218,2
2026-05-12,601318,11:13:53,59.7300,337,2
2026-05-12,601318,11:13:56,59.7300,21,1
2026-05-12,601318,11:13:59,59.7200,165,2
2026-05-12,601318,11:14:02,59.7100,19,2
2026-05-12,601318,11:14:05,59.7100,44,2
2026-05-12,601318,11:14:08,59.7200,15,2
2026-05-12,601318,11:14:11,59.7200,63,2
2026-05-12,601318,11:14:14,59.7200,54,1
2026-05-12,601318,11:14:17,59.7300,22,1
2026-05-12,601318,11:14:20,59.7300,15,1
2026-05-12,601318,11:14:23,59.7200,29,2
2026-05-12,601318,11:14:26,59.7300,59,1
2026-05-12,601318,11:14:29,59.7200,66,2
2026-05-12,601318,11:14:32,59.7200,72,2
2026-05-12,601318,11:14:35,59.7200,184,1
2026-05-12,601318,11:14:38,59.7100,41,2
2026-05-12,601318,11:14:41,59.7300,67,1
2026-05-12,601318,11:14:44,59.7200,32,2
2026-05-12,601318,11:14:47,59.7200,129,2
2026-05-12,601318,11:14:50,59.7100,96,2
2026-05-12,601318,11:14:53,59.7200,624,1
2026-05-12,601318,11:14:56,59.7100,17,2
2026-05-12,601318,11:14:59,59.7200,25,1
2026-05-12,601318,11:15:02,59.7100,49,2
2026-05-12,601318,11:15:05,59.7200,37,1
2026-05-12,601318,11:15:08,59.7200,9,1
2026-05-12,601318,11:15:11,59.7300,342,1
2026-05-12,601318,11:15:14,59.7400,58,1
2026-05-12,601318,11:15:17,59.7400,2,1
2026-05-12,601318,11:15:20,59.7400,11,1
2026-05-12,601318,11:15:23,59.7300,47,2
2026-05-12,601318,11:15:26,59.7400,86,1
2026-05-12,601318,11:15:29,59.7400,112,1
2026-05-12,601318,11:15:32,59.7300,128,2
2026-05-12,601318,11:15:35,59.7400,83,1
2026-05-12,601318,11:15:38,59.7400,85,1
2026-05-12,601318,11:15:41,59.7300,152,2
2026-05-12,601318,11:15:44,59.7300,188,2
2026-05-12,601318,11:15:47,59.7300,113,2
2026-05-12,601318,11:15:50,59.7400,51,1
2026-05-12,601318,11:15:53,59.7300,62,2
2026-05-12,601318,11:15:56,59.7300,25,2
2026-05-12,601318,11:15:59,59.7300,63,2
2026-05-12,601318,11:16:02,59.7400,23,1
2026-05-12,601318,11:16:05,59.7300,24,2
2026-05-12,601318,11:16:08,59.7400,21,1
2026-05-12,601318,11:16:11,59.7300,83,2
2026-05-12,601318,11:16:14,59.7300,40,2
2026-05-12,601318,11:16:17,59.7300,31,2
2026-05-12,601318,11:16:20,59.7300,13,2
2026-05-12,601318,11:16:23,59.7300,27,2
2026-05-12,601318,11:16:26,59.7300,44,2
2026-05-12,601318,11:16:29,59.7400,11,1
2026-05-12,601318,11:16:32,59.7300,42,2
2026-05-12,601318,11:16:35,59.7300,26,2
2026-05-12,601318,11:16:38,59.7300,15,2
2026-05-12,601318,11:16:41,59.7400,25,1
2026-05-12,601318,11:16:44,59.7300,30,2
2026-05-12,601318,11:16:47,59.7400,80,1
2026-05-12,601318,11:16:50,59.7400,50,1
2026-05-12,601318,11:16:53,59.7300,5,2
2026-05-12,601318,11:16:56,59.7400,6,2
2026-05-12,601318,11:16:59,59.7500,101,1
2026-05-12,601318,11:17:02,59.7500,243,1
2026-05-12,601318,11:17:05,59.7500,77,4
2026-05-12,601318,11:17:08,59.7600,138,1
2026-05-12,601318,11:17:11,59.7600,7,2
2026-05-12,601318,11:17:14,59.7600,110,2
2026-05-12,601318,11:17:17,59.7700,25,1
2026-05-12,601318,11:17:20,59.7700,15,1
2026-05-12,601318,11:17:23,59.7700,47,1
2026-05-12,601318,11:17:26,59.7700,17,1
2026-05-12,601318,11:17:29,59.7700,65,1
2026-05-12,601318,11:17:32,59.7600,152,2
2026-05-12,601318,11:17:35,59.7800,19,1
2026-05-12,601318,11:17:38,59.7600,308,2
2026-05-12,601318,11:17:41,59.7500,36,2
2026-05-12,601318,11:17:44,59.7500,20,2
2026-05-12,601318,11:17:47,59.7600,44,1
2026-05-12,601318,11:17:50,59.7500,23,2
2026-05-12,601318,11:17:53,59.7500,50,2
2026-05-12,601318,11:17:56,59.7500,9,2
2026-05-12,601318,11:17:59,59.7500,15,2
2026-05-12,601318,11:18:02,59.7600,684,1
2026-05-12,601318,11:18:05,59.7600,75,1
2026-05-12,601318,11:18:08,59.7600,16,1
2026-05-12,601318,11:18:11,59.7600,65,1
2026-05-12,601318,11:18:14,59.7500,158,2
2026-05-12,601318,11:18:17,59.7500,78,2
2026-05-12,601318,11:18:20,59.7500,17,2
2026-05-12,601318,11:18:23,59.7500,10,2
2026-05-12,601318,11:18:26,59.7600,2,2
2026-05-12,601318,11:18:29,59.7600,19,2
2026-05-12,601318,11:18:32,59.7700,21,1
2026-05-12,601318,11:18:35,59.7700,42,1
2026-05-12,601318,11:18:38,59.7700,178,1
2026-05-12,601318,11:18:41,59.7600,26,2
2026-05-12,601318,11:18:44,59.7700,56,1
2026-05-12,601318,11:18:47,59.7600,24,2
2026-05-12,601318,11:18:50,59.7700,52,1
2026-05-12,601318,11:18:53,59.7600,184,2
2026-05-12,601318,11:18:56,59.7500,26,2
2026-05-12,601318,11:18:59,59.7600,19,1
2026-05-12,601318,11:19:02,59.7600,27,1
2026-05-12,601318,11:19:05,59.7600,29,1
2026-05-12,601318,11:19:08,59.7600,76,1
2026-05-12,601318,11:19:11,59.7600,157,1
2026-05-12,601318,11:19:14,59.7600,10,1
2026-05-12,601318,11:19:17,59.7500,164,2
2026-05-12,601318,11:19:20,59.7600,168,1
2026-05-12,601318,11:19:23,59.7600,54,2
2026-05-12,601318,11:19:26,59.7600,57,2
2026-05-12,601318,11:19:29,59.7600,145,1
2026-05-12,601318,11:19:32,59.7400,104,2
2026-05-12,601318,11:19:35,59.7500,76,1
2026-05-12,601318,11:19:38,59.7500,57,1
2026-05-12,601318,11:19:41,59.7400,56,4
2026-05-12,601318,11:19:44,59.7400,29,2
2026-05-12,601318,11:19:47,59.7400,57,2
2026-05-12,601318,11:19:50,59.7400,13,2
2026-05-12,601318,11:19:53,59.7400,26,2
2026-05-12,601318,11:19:56,59.7400,48,2
2026-05-12,601318,11:19:59,59.7400,11,2
2026-05-12,601318,11:20:02,59.7400,96,2
2026-05-12,601318,11:20:05,59.7400,44,2
2026-05-12,601318,11:20:08,59.7400,55,2
2026-05-12,601318,11:20:11,59.7400,56,2
2026-05-12,601318,11:20:14,59.7400,39,1
2026-05-12,601318,11:20:17,59.7400,91,1
2026-05-12,601318,11:20:20,59.7400,24,4
2026-05-12,601318,11:20:23,59.7400,17,2
2026-05-12,601318,11:20:26,59.7400,29,2
2026-05-12,601318,11:20:29,59.7300,26,2
2026-05-12,601318,11:20:32,59.7400,18,1
2026-05-12,601318,11:20:35,59.7300,14,2
2026-05-12,601318,11:20:38,59.7200,219,2
2026-05-12,601318,11:20:41,59.7200,116,2
2026-05-12,601318,11:20:44,59.7100,616,2
2026-05-12,601318,11:20:47,59.7200,25,1
2026-05-12,601318,11:20:50,59.7100,163,2
2026-05-12,601318,11:20:53,59.7100,294,2
2026-05-12,601318,11:20:56,59.7000,259,2
2026-05-12,601318,11:20:59,59.7000,958,2
