date,code,time,price,volume,bs
2026-03-30,601318,14:07:06,56.1600,201,2
2026-03-30,601318,14:07:09,56.1700,37,1
2026-03-30,601318,14:07:12,56.1400,188,2
2026-03-30,601318,14:07:15,56.1600,20,4
2026-03-30,601318,14:07:18,56.1600,59,2
2026-03-30,601318,14:07:21,56.1600,6,2
2026-03-30,601318,14:07:24,56.1700,59,1
2026-03-30,601318,14:07:27,56.1600,9,2
2026-03-30,601318,14:07:30,56.1600,57,2
2026-03-30,601318,14:07:33,56.1600,29,2
2026-03-30,601318,14:07:36,56.1600,44,2
2026-03-30,601318,14:07:39,56.1800,275,1
2026-03-30,601318,14:07:42,56.1900,120,1
2026-03-30,601318,14:07:45,56.1900,63,1
2026-03-30,601318,14:07:48,56.1800,37,2
2026-03-30,601318,14:07:51,56.1800,98,1
2026-03-30,601318,14:07:54,56.1900,476,1
2026-03-30,601318,14:07:57,56.1900,136,2
2026-03-30,601318,14:08:00,56.1900,42,1
2026-03-30,601318,14:08:03,56.1900,75,2
2026-03-30,601318,14:08:06,56.1900,55,2
2026-03-30,601318,14:08:09,56.2000,12,4
2026-03-30,601318,14:08:12,56.2100,41,1
2026-03-30,601318,14:08:15,56.2200,46,4
2026-03-30,601318,14:08:18,56.2000,8,2
2026-03-30,601318,14:08:21,56.2100,390,1
2026-03-30,601318,14:08:24,56.2000,13,1
2026-03-30,601318,14:08:27,56.2000,4,1
2026-03-30,601318,14:08:30,56.2000,35,1
2026-03-30,601318,14:08:33,56.2000,58,1
2026-03-30,601318,14:08:36,56.2000,125,1
2026-03-30,601318,14:08:39,56.2000,19,2
2026-03-30,601318,14:08:42,56.2100,33,1
2026-03-30,601318,14:08:45,56.2000,18,2
2026-03-30,601318,14:08:48,56.2000,21,2
2026-03-30,601318,14:08:51,56.2000,27,2
2026-03-30,601318,14:08:54,56.1900,50,2
2026-03-30,601318,14:08:57,56.2000,2,1
2026-03-30,601318,14:09:00,56.2000,20,1
2026-03-30,601318,14:09:03,56.1900,50,2
2026-03-30,601318,14:09:06,56.1900,11,2
2026-03-30,601318,14:09:09,56.2000,91,1
2026-03-30,601318,14:09:12,56.1900,21,2
2026-03-30,601318,14:09:15,56.1900,205,2
2026-03-30,601318,14:09:18,56.1900,46,2
2026-03-30,601318,14:09:21,56.2000,70,1
2026-03-30,601318,14:09:24,56.2000,89,1
2026-03-30,601318,14:09:27,56.2000,46,1
2026-03-30,601318,14:09:30,56.2000,6,1
2026-03-30,601318,14:09:33,56.1900,104,2
2026-03-30,601318,14:09:36,56.1900,41,4
2026-03-30,601318,14:09:39,56.2000,18,1
2026-03-30,601318,14:09:42,56.2000,25,1
2026-03-30,601318,14:09:45,56.1900,25,2
2026-03-30,601318,14:09:48,56.1800,21,2
2026-03-30,601318,14:09:51,56.1800,30,2
2026-03-30,601318,14:09:54,56.1800,87,2
2026-03-30,601318,14:09:57,56.1900,25,1
2026-03-30,601318,14:10:00,56.1900,18,1
2026-03-30,601318,14:10:03,56.1800,22,2
2026-03-30,601318,14:10:06,56.1800,23,2
2026-03-30,601318,14:10:09,56.1900,25,1
2026-03-30,601318,14:10:12,56.1800,28,2
2026-03-30,601318,14:10:15,56.1800,20,2
2026-03-30,601318,14:10:18,56.1700,70,2
2026-03-30,601318,14:10:21,56.1800,128,1
2026-03-30,601318,14:10:24,56.1700,88,4
2026-03-30,601318,14:10:27,56.1600,196,2
2026-03-30,601318,14:10:30,56.1400,191,2
2026-03-30,601318,14:10:33,56.1400,119,2
2026-03-30,601318,14:10:36,56.1400,29,4
2026-03-30,601318,14:10:39,56.1400,27,1
2026-03-30,601318,14:10:42,56.1500,60,1
2026-03-30,601318,14:10:45,56.1500,136,1
2026-03-30,601318,14:10:48,56.1500,127,1
2026-03-30,601318,14:10:51,56.1500,174,1
2026-03-30,601318,14:10:54,56.1400,97,2
2026-03-30,601318,14:10:57,56.1400,22,2
2026-03-30,601318,14:11:00,56.1600,211,1
2026-03-30,601318,14:11:03,56.1500,95,2
2026-03-30,601318,14:11:06,56.1500,13,2
2026-03-30,601318,14:11:09,56.1900,329,1
2026-03-30,601318,14:11:12,56.1700,77,2
2026-03-30,601318,14:11:15,56.1800,17,2
2026-03-30,601318,14:11:18,56.1800,163,1
2026-03-30,601318,14:11:21,56.1900,25,1
2026-03-30,601318,14:11:24,56.1900,5,2
2026-03-30,601318,14:11:27,56.1800,26,2
2026-03-30,601318,14:11:30,56.1900,64,1
2026-03-30,601318,14:11:33,56.1900,115,1
2026-03-30,601318,14:11:36,56.1800,8,2
2026-03-30,601318,14:11:39,56.1900,67,1
2026-03-30,601318,14:11:42,56.1900,149,1
2026-03-30,601318,14:11:45,56.1900,41,2
2026-03-30,601318,14:11:48,56.1900,40,1
2026-03-30,601318,14:11:51,56.1800,343,2
2026-03-30,601318,14:11:54,56.1700,65,2
2026-03-30,601318,14:11:57,56.1800,83,1
2026-03-30,601318,14:12:00,56.1700,78,2
2026-03-30,601318,14:12:03,56.1700,43,1
2026-03-30,601318,14:12:06,56.1600,16,2
2026-03-30,601318,14:12:09,56.1600,95,2
2026-03-30,601318,14:12:12,56.1600,45,1
2026-03-30,601318,14:12:15,56.1500,20,2
2026-03-30,601318,14:12:18,56.1600,32,1
2026-03-30,601318,14:12:21,56.1500,26,2
2026-03-30,601318,14:12:24,56.1500,15,2
2026-03-30,601318,14:12:27,56.1600,30,1
2026-03-30,601318,14:12:30,56.1800,424,1
2026-03-30,601318,14:12:33,56.1800,272,1
2026-03-30,601318,14:12:36,56.1700,12,2
2026-03-30,601318,14:12:39,56.1800,50,1
2026-03-30,601318,14:12:42,56.1700,10,2
2026-03-30,601318,14:12:45,56.1700,6,2
2026-03-30,601318,14:12:48,56.1800,39,1
2026-03-30,601318,14:12:51,56.1800,63,1
2026-03-30,601318,14:12:54,56.1800,85,1
2026-03-30,601318,14:12:57,56.1800,38,1
2026-03-30,601318,14:13:00,56.1800,4,1
2026-03-30,601318,14:13:03,56.1800,33,1
2026-03-30,601318,14:13:06,56.1800,94,1
2026-03-30,601318,14:13:09,56.1700,83,2
2026-03-30,601318,14:13:12,56.1700,84,1
2026-03-30,601318,14:13:15,56.1600,13,4
2026-03-30,601318,14:13:18,56.1600,515,2
2026-03-30,601318,14:13:21,56.1300,102,2
2026-03-30,601318,14:13:24,56.1600,48,1
2026-03-30,601318,14:13:27,56.1700,119,1
2026-03-30,601318,14:13:30,56.1700,16,1
2026-03-30,601318,14:13:33,56.1600,36,2
2026-03-30,601318,14:13:36,56.1600,85,2
2026-03-30,601318,14:13:39,56.1700,17,1
2026-03-30,601318,14:13:42,56.1600,9,2
2026-03-30,601318,14:13:45,56.1700,33,1
2026-03-30,601318,14:13:48,56.1600,36,2
2026-03-30,601318,14:13:51,56.1600,154,2
2026-03-30,601318,14:13:54,56.1500,50,2
2026-03-30,601318,14:13:57,56.1300,39,2
2026-03-30,601318,14:14:00,56.1400,17,4
2026-03-30,601318,14:14:03,56.1500,59,1
2026-03-30,601318,14:14:06,56.1400,34,2
2026-03-30,601318,14:14:09,56.1500,32,1
2026-03-30,601318,14:14:12,56.1500,42,1
2026-03-30,601318,14:14:15,56.1400,23,2
2026-03-30,601318,14:14:18,56.1600,468,1
2026-03-30,601318,14:14:21,56.1500,91,2
2026-03-30,601318,14:14:24,56.1600,47,1
2026-03-30,601318,14:14:27,56.1600,28,1
2026-03-30,601318,14:14:30,56.1700,58,1
2026-03-30,601318,14:14:33,56.1600,47,2
2026-03-30,601318,14:14:36,56.1700,30,1
2026-03-30,601318,14:14:39,56.1700,7,1
2026-03-30,601318,14:14:42,56.1600,18,2
2026-03-30,601318,14:14:45,56.1700,318,1
2026-03-30,601318,14:14:48,56.1700,190,1
2026-03-30,601318,14:14:51,56.1800,45,1
2026-03-30,601318,14:14:54,56.1700,19,2
2026-03-30,601318,14:14:57,56.1800,75,1
2026-03-30,601318,14:15:00,56.1800,182,1
2026-03-30,601318,14:15:03,56.1800,14,2
2026-03-30,601318,14:15:06,56.2000,145,1
2026-03-30,601318,14:15:09,56.2300,292,1
2026-03-30,601318,14:15:12,56.2300,123,1
2026-03-30,601318,14:15:15,56.2100,91,2
2026-03-30,601318,14:15:18,56.2000,170,2
2026-03-30,601318,14:15:21,56.2100,43,1
2026-03-30,601318,14:15:24,56.1900,74,2
2026-03-30,601318,14:15:27,56.2000,31,2
2026-03-30,601318,14:15:30,56.2100,148,1
2026-03-30,601318,14:15:33,56.2100,80,2
2026-03-30,601318,14:15:36,56.2100,59,2
2026-03-30,601318,14:15:39,56.2200,4,1
2026-03-30,601318,14:15:42,56.2200,27,1
2026-03-30,601318,14:15:45,56.2100,14,2
2026-03-30,601318,14:15:48,56.2100,188,2
2026-03-30,601318,14:15:51,56.2200,90,1
2026-03-30,601318,14:15:54,56.2100,40,2
2026-03-30,601318,14:15:57,56.1900,411,2
2026-03-30,601318,14:16:00,56.2000,30,2
2026-03-30,601318,14:16:03,56.2100,4,1
2026-03-30,601318,14:16:06,56.1800,101,2
2026-03-30,601318,14:16:09,56.1900,4,4
2026-03-30,601318,14:16:12,56.1800,65,2
2026-03-30,601318,14:16:15,56.1900,25,1
2026-03-30,601318,14:16:18,56.1900,81,1
2026-03-30,601318,14:16:21,56.1800,162,2
2026-03-30,601318,14:16:24,56.2000,200,1
2026-03-30,601318,14:16:27,56.2000,119,4
2026-03-30,601318,14:16:30,56.2000,14,1
2026-03-30,601318,14:16:33,56.2000,30,1
2026-03-30,601318,14:16:36,56.2000,54,1
2026-03-30,601318,14:16:39,56.1900,18,2
2026-03-30,601318,14:16:42,56.2000,266,1
2026-03-30,601318,14:16:45,56.2000,54,2
2026-03-30,601318,14:16:48,56.2000,21,2
2026-03-30,601318,14:16:51,56.2200,493,1
2026-03-30,601318,14:16:54,56.2200,244,1
2026-03-30,601318,14:16:57,56.2300,77,1
2026-03-30,601318,14:17:00,56.2200,34,2
2026-03-30,601318,14:17:03,56.2300,40,1
2026-03-30,601318,14:17:06,56.2200,59,2
2026-03-30,601318,14:17:09,56.2100,34,2
2026-03-30,601318,14:17:12,56.2000,97,2
2026-03-30,601318,14:17:15,56.1900,206,2
2026-03-30,601318,14:17:18,56.1900,85,1
2026-03-30,601318,14:17:21,56.1900,29,1
2026-03-30,601318,14:17:24,56.1900,18,1
2026-03-30,601318,14:17:27,56.1800,12,2
2026-03-30,601318,14:17:30,56.1900,174,1
2026-03-30,601318,14:17:33,56.1900,400,1
2026-03-30,601318,14:17:36,56.2000,44,1
2026-03-30,601318,14:17:39,56.1800,16,2
2026-03-30,601318,14:17:42,56.1800,66,2
2026-03-30,601318,14:17:45,56.1900,4,1
2026-03-30,601318,14:17:48,56.1800,79,2
2026-03-30,601318,14:17:51,56.1800,20,2
2026-03-30,601318,14:17:54,56.1800,21,2
2026-03-30,601318,14:17:57,56.1800,39,2
2026-03-30,601318,14:18:00,56.1800,22,2
2026-03-30,601318,14:18:03,56.1900,329,1
2026-03-30,601318,14:18:06,56.1800,75,2
2026-03-30,601318,14:18:09,56.2000,27,1
2026-03-30,601318,14:18:12,56.1800,32,2
2026-03-30,601318,14:18:15,56.1900,6,4
2026-03-30,601318,14:18:18,56.1900,20,1
2026-03-30,601318,14:18:21,56.2000,327,1
2026-03-30,601318,14:18:24,56.1900,33,4
2026-03-30,601318,14:18:27,56.1900,25,2
2026-03-30,601318,14:18:30,56.1900,52,1
2026-03-30,601318,14:18:33,56.2000,211,1
2026-03-30,601318,14:18:36,56.1900,51,2
2026-03-30,601318,14:18:39,56.2000,46,1
2026-03-30,601318,14:18:42,56.2000,33,1
2026-03-30,601318,14:18:45,56.2000,63,1
2026-03-30,601318,14:18:48,56.1900,25,1
2026-03-30,601318,14:18:51,56.1900,58,1
2026-03-30,601318,14:18:54,56.1800,68,2
2026-03-30,601318,14:18:57,56.1800,28,2
2026-03-30,601318,14:19:00,56.1900,124,1
2026-03-30,601318,14:19:03,56.1800,343,2
2026-03-30,601318,14:19:06,56.1800,28,2
2026-03-30,601318,14:19:09,56.1900,37,1
2026-03-30,601318,14:19:12,56.1800,249,2
2026-03-30,601318,14:19:15,56.1800,46,1
2026-03-30,601318,14:19:18,56.1800,70,1
2026-03-30,601318,14:19:21,56.1800,77,1
2026-03-30,601318,14:19:24,56.1800,23,1
2026-03-30,601318,14:19:27,56.1700,14,2
2026-03-30,601318,14:19:30,56.1800,132,1
2026-03-30,601318,14:19:33,56.1800,16,1
2026-03-30,601318,14:19:36,56.1800,23,1
2026-03-30,601318,14:19:39,56.1800,56,1
2026-03-30,601318,14:19:42,56.1700,25,2
2026-03-30,601318,14:19:45,56.1700,24,2
2026-03-30,601318,14:19:48,56.1700,19,2
2026-03-30,601318,14:19:51,56.1700,116,2
2026-03-30,601318,14:19:54,56.1700,30,2
2026-03-30,601318,14:19:57,56.1800,43,1
2026-03-30,601318,14:20:00,56.1800,33,1
2026-03-30,601318,14:20:03,56.1700,32,2
2026-03-30,601318,14:20:06,56.1700,57,2
2026-03-30,601318,14:20:09,56.1800,82,1
2026-03-30,601318,14:20:12,56.1800,2,1
2026-03-30,601318,14:20:15,56.1700,94,2
2026-03-30,601318,14:20:18,56.1700,20,2
2026-03-30,601318,14:20:21,56.1700,26,2
2026-03-30,601318,14:20:24,56.1800,10,1
2026-03-30,601318,14:20:27,56.1800,32,1
2026-03-30,601318,14:20:30,56.1700,128,2
2026-03-30,601318,14:20:33,56.1800,49,1
2026-03-30,601318,14:20:36,56.1800,57,1
2026-03-30,601318,14:20:39,56.2000,949,1
2026-03-30,601318,14:20:42,56.2000,242,1
2026-03-30,601318,14:20:45,56.1900,16,2
2026-03-30,601318,14:20:48,56.1900,14,1
2026-03-30,601318,14:20:51,56.1900,30,1
2026-03-30,601318,14:20:54,56.1900,28,2
2026-03-30,601318,14:20:57,56.1800,14,2
2026-03-30,601318,14:21:00,56.2000,17,1
2026-03-30,601318,14:21:03,56.2000,24,1
2026-03-30,601318,14:21:06,56.1900,22,2
2026-03-30,601318,14:21:09,56.2000,12,1
2026-03-30,601318,14:21:12,56.2000,26,1
2026-03-30,601318,14:21:15,56.1900,27,2
2026-03-30,601318,14:21:18,56.1900,17,2
2026-03-30,601318,14:21:21,56.1900,31,2
2026-03-30,601318,14:21:24,56.1900,52,2
2026-03-30,601318,14:21:27,56.1900,66,2
2026-03-30,601318,14:21:30,56.1900,44,1
2026-03-30,601318,14:21:33,56.1800,27,2
2026-03-30,601318,14:21:36,56.1800,70,2
2026-03-30,601318,14:21:39,56.1900,194,1
2026-03-30,601318,14:21:42,56.1700,102,2
2026-03-30,601318,14:21:45,56.1800,117,1
2026-03-30,601318,14:21:48,56.1700,134,2
2026-03-30,601318,14:21:51,56.1700,99,1
2026-03-30,601318,14:21:54,56.1700,36,1
2026-03-30,601318,14:21:57,56.1600,191,2
2026-03-30,601318,14:22:00,56.1700,75,1
2026-03-30,601318,14:22:03,56.1700,332,1
2026-03-30,601318,14:22:06,56.1800,134,1
2026-03-30,601318,14:22:09,56.1700,115,2
2026-03-30,601318,14:22:12,56.1600,56,2
2026-03-30,601318,14:22:15,56.1700,54,1
2026-03-30,601318,14:22:18,56.1700,73,1
2026-03-30,601318,14:22:21,56.1800,567,1
2026-03-30,601318,14:22:24,56.1800,66,2
2026-03-30,601318,14:22:27,56.1800,7,2
2026-03-30,601318,14:22:30,56.1900,59,1
2026-03-30,601318,14:22:33,56.1900,208,1
2026-03-30,601318,14:22:36,56.1900,87,1
2026-03-30,601318,14:22:39,56.1900,77,1
2026-03-30,601318,14:22:42,56.1800,87,2
2026-03-30,601318,14:22:45,56.1900,87,1
2026-03-30,601318,14:22:48,56.1900,26,1
2026-03-30,601318,14:22:51,56.1900,44,1
2026-03-30,601318,14:22:54,56.1900,23,1
2026-03-30,601318,14:22:57,56.1900,16,1
2026-03-30,601318,14:23:00,56.1800,98,2
2026-03-30,601318,14:23:03,56.1800,24,2
2026-03-30,601318,14:23:06,56.1800,13,2
2026-03-30,601318,14:23:09,56.1900,1,1
2026-03-30,601318,14:23:12,56.1900,37,1
2026-03-30,601318,14:23:15,56.1900,37,1
2026-03-30,601318,14:23:18,56.1800,15,2
2026-03-30,601318,14:23:21,56.1800,43,2
2026-03-30,601318,14:23:24,56.1900,21,1
2026-03-30,601318,14:23:27,56.1800,27,2
2026-03-30,601318,14:23:30,56.1900,13,1
2026-03-30,601318,14:23:33,56.1800,57,2
2026-03-30,601318,14:23:36,56.1800,18,2
2026-03-30,601318,14:23:39,56.1900,141,1
2026-03-30,601318,14:23:42,56.1800,36,2
2026-03-30,601318,14:23:45,56.1900,21,1
2026-03-30,601318,14:23:48,56.1900,42,1
2026-03-30,601318,14:23:51,56.1800,41,2
2026-03-30,601318,14:23:54,56.1800,23,2
2026-03-30,601318,14:23:57,56.1800,18,2
2026-03-30,601318,14:24:00,56.1900,28,1
2026-03-30,601318,14:24:03,56.1900,34,1
2026-03-30,601318,14:24:06,56.1900,103,1
2026-03-30,601318,14:24:09,56.1800,443,2
2026-03-30,601318,14:24:12,56.1800,68,2
2026-03-30,601318,14:24:15,56.1700,58,2
2026-03-30,601318,14:24:18,56.1700,157,2
2026-03-30,601318,14:24:21,56.1700,75,2
2026-03-30,601318,14:24:24,56.1800,187,1
2026-03-30,601318,14:24:27,56.1800,23,1
2026-03-30,601318,14:24:30,56.1800,179,1
2026-03-30,601318,14:24:33,56.1800,678,1
2026-03-30,601318,14:24:36,56.2000,146,1
2026-03-30,601318,14:24:39,56.1900,55,2
2026-03-30,601318,14:24:42,56.1900,36,2
2026-03-30,601318,14:24:45,56.1900,20,2
2026-03-30,601318,14:24:48,56.1900,8,2
2026-03-30,601318,14:24:51,56.2000,54,1
2026-03-30,601318,14:24:54,56.1900,43,2
2026-03-30,601318,14:24:57,56.1800,172,2
2026-03-30,601318,14:25:00,56.1900,24,2
2026-03-30,601318,14:25:03,56.1900,35,2
2026-03-30,601318,14:25:06,56.1900,103,2
2026-03-30,601318,14:25:09,56.2000,48,1
2026-03-30,601318,14:25:12,56.1900,20,4
2026-03-30,601318,14:25:15,56.1900,47,1
2026-03-30,601318,14:25:18,56.1900,17,1
2026-03-30,601318,14:25:21,56.1900,96,1
2026-03-30,601318,14:25:24,56.1900,55,2
2026-03-30,601318,14:25:27,56.2000,75,1
2026-03-30,601318,14:25:30,56.2000,28,1
2026-03-30,601318,14:25:33,56.1900,123,2
2026-03-30,601318,14:25:36,56.1900,40,1
2026-03-30,601318,14:25:39,56.1900,46,1
2026-03-30,601318,14:25:42,56.1900,8,1
2026-03-30,601318,14:25:45,56.1800,88,2
2026-03-30,601318,14:25:48,56.1900,193,1
2026-03-30,601318,14:25:51,56.1900,27,2
2026-03-30,601318,14:25:54,56.1900,4,2
2026-03-30,601318,14:25:57,56.2000,31,1
2026-03-30,601318,14:26:00,56.1900,13,2
2026-03-30,601318,14:26:03,56.1900,27,2
2026-03-30,601318,14:26:06,56.2100,801,1
2026-03-30,601318,14:26:09,56.2000,139,2
2026-03-30,601318,14:26:12,56.2100,107,1
2026-03-30,601318,14:26:15,56.2100,87,2
2026-03-30,601318,14:26:18,56.2200,45,1
2026-03-30,601318,14:26:21,56.2100,24,2
2026-03-30,601318,14:26:24,56.2000,12,2
2026-03-30,601318,14:26:27,56.2200,67,1
2026-03-30,601318,14:26:30,56.2200,200,1
2026-03-30,601318,14:26:33,56.2100,15,2
2026-03-30,601318,14:26:36,56.2100,131,2
2026-03-30,601318,14:26:39,56.2200,140,1
2026-03-30,601318,14:26:42,56.2200,49,1
2026-03-30,601318,14:26:45,56.2100,25,2
2026-03-30,601318,14:26:48,56.2200,18,1
2026-03-30,601318,14:26:51,56.2100,59,2
2026-03-30,601318,14:26:54,56.2200,14,1
2026-03-30,601318,14:26:57,56.2200,186,1
2026-03-30,601318,14:27:00,56.2100,428,2
2026-03-30,601318,14:27:03,56.2100,36,2
2026-03-30,601318,14:27:06,56.2100,119,2
2026-03-30,601318,14:27:09,56.2000,24,2
2026-03-30,601318,14:27:12,56.2000,42,2
2026-03-30,601318,14:27:15,56.2000,22,2
2026-03-30,601318,14:27:18,56.2100,203,1
2026-03-30,601318,14:27:21,56.2200,103,1
2026-03-30,601318,14:27:24,56.2000,56,2
2026-03-30,601318,14:27:27,56.2000,5,2
2026-03-30,601318,14:27:30,56.2100,15,1
2026-03-30,601318,14:27:33,56.2100,29,1
2026-03-30,601318,14:27:36,56.2000,30,2
2026-03-30,601318,14:27:39,56.2100,102,1
2026-03-30,601318,14:27:42,56.2100,58,1
2026-03-30,601318,14:27:45,56.2000,126,2
2026-03-30,601318,14:27:48,56.2000,66,2
2026-03-30,601318,14:27:51,56.2000,24,2
2026-03-30,601318,14:27:54,56.2000,8,2
2026-03-30,601318,14:27:57,56.2100,25,1
2026-03-30,601318,14:28:00,56.2100,89,1
2026-03-30,601318,14:28:03,56.2100,78,1
2026-03-30,601318,14:28:06,56.2000,44,2
2026-03-30,601318,14:28:09,56.2000,110,2
2026-03-30,601318,14:28:12,56.2100,122,1
2026-03-30,601318,14:28:15,56.2100,57,1
2026-03-30,601318,14:28:18,56.2100,251,1
2026-03-30,601318,14:28:21,56.2100,75,1
2026-03-30,601318,14:28:24,56.2000,228,2
2026-03-30,601318,14:28:27,56.2100,34,1
2026-03-30,601318,14:28:30,56.2100,155,1
2026-03-30,601318,14:28:33,56.2200,108,1
2026-03-30,601318,14:28:36,56.2100,53,2
2026-03-30,601318,14:28:39,56.2200,10,1
2026-03-30,601318,14:28:42,56.2100,10,2
2026-03-30,601318,14:28:45,56.2100,44,2
2026-03-30,601318,14:28:48,56.2200,30,1
2026-03-30,601318,14:28:51,56.2100,33,2
2026-03-30,601318,14:28:54,56.2100,74,2
2026-03-30,601318,14:28:57,56.2000,18,2
2026-03-30,601318,14:29:00,56.2100,69,1
2026-03-30,601318,14:29:03,56.2100,14,2
2026-03-30,601318,14:29:06,56.2200,26,1
2026-03-30,601318,14:29:09,56.2100,12,2
2026-03-30,601318,14:29:12,56.2200,40,1
2026-03-30,601318,14:29:15,56.2100,50,2
2026-03-30,601318,14:29:18,56.2000,433,2
2026-03-30,601318,14:29:21,56.2000,132,1
2026-03-30,601318,14:29:24,56.1900,60,2
2026-03-30,601318,14:29:27,56.2000,79,1
2026-03-30,601318,14:29:30,56.1900,47,2
2026-03-30,601318,14:29:33,56.2000,132,1
2026-03-30,601318,14:29:36,56.2000,1135,1
2026-03-30,601318,14:29:39,56.2200,33,1
2026-03-30,601318,14:29:42,56.2200,18,1
2026-03-30,601318,14:29:45,56.2200,68,1
2026-03-30,601318,14:29:48,56.2100,14,4
2026-03-30,601318,14:29:51,56.2100,75,1
2026-03-30,601318,14:29:54,56.2100,17,2
2026-03-30,601318,14:29:57,56.2100,19,2
2026-03-30,601318,14:30:00,56.2200,28,1
2026-03-30,601318,14:30:03,56.2000,243,2
2026-03-30,601318,14:30:06,56.2300,1002,1
2026-03-30,601318,14:30:09,56.2400,148,1
2026-03-30,601318,14:30:12,56.2400,71,2
2026-03-30,601318,14:30:15,56.2500,16,1
2026-03-30,601318,14:30:18,56.2500,21,1
2026-03-30,601318,14:30:21,56.2400,26,2
2026-03-30,601318,14:30:24,56.2500,40,1
2026-03-30,601318,14:30:27,56.2500,440,1
2026-03-30,601318,14:30:30,56.2500,43,1
2026-03-30,601318,14:30:33,56.2500,41,1
2026-03-30,601318,14:30:36,56.2500,84,1
2026-03-30,601318,14:30:39,56.2500,47,1
2026-03-30,601318,14:30:42,56.2500,44,1
2026-03-30,601318,14:30:45,56.2400,37,2
2026-03-30,601318,14:30:48,56.2500,25,1
2026-03-30,601318,14:30:51,56.2500,250,1
2026-03-30,601318,14:30:54,56.2500,64,1
2026-03-30,601318,14:30:57,56.2500,62,1
2026-03-30,601318,14:31:00,56.2500,36,1
2026-03-30,601318,14:31:03,56.2500,66,1
2026-03-30,601318,14:31:06,56.2400,44,2
2026-03-30,601318,14:31:09,56.2400,94,2
2026-03-30,601318,14:31:12,56.2400,30,1
2026-03-30,601318,14:31:15,56.2400,80,1
2026-03-30,601318,14:31:18,56.2400,132,1
2026-03-30,601318,14:31:21,56.2500,100,1
2026-03-30,601318,14:31:24,56.2400,303,2
2026-03-30,601318,14:31:27,56.2400,60,1
2026-03-30,601318,14:31:30,56.2500,27,1
2026-03-30,601318,14:31:33,56.2500,39,1
2026-03-30,601318,14:31:36,56.2400,3,2
2026-03-30,601318,14:31:39,56.2400,107,2
2026-03-30,601318,14:31:42,56.2500,15,1
2026-03-30,601318,14:31:45,56.2400,41,2
2026-03-30,601318,14:31:48,56.2400,29,2
2026-03-30,601318,14:31:51,56.2500,39,1
2026-03-30,601318,14:31:54,56.2400,22,2
2026-03-30,601318,14:31:57,56.2400,7,2
2026-03-30,601318,14:32:00,56.2400,25,2
2026-03-30,601318,14:32:03,56.2400,76,2
2026-03-30,601318,14:32:06,56.2400,107,2
2026-03-30,601318,14:32:09,56.2400,94,2
2026-03-30,601318,14:32:12,56.2400,62,2
2026-03-30,601318,14:32:15,56.2400,29,2
2026-03-30,601318,14:32:18,56.2400,4,2
2026-03-30,601318,14:32:21,56.2500,21,1
2026-03-30,601318,14:32:24,56.2400,59,2
2026-03-30,601318,14:32:27,56.2300,21,2
2026-03-30,601318,14:32:30,56.2400,27,1
2026-03-30,601318,14:32:33,56.2300,119,2
2026-03-30,601318,14:32:36,56.2300,45,2
2026-03-30,601318,14:32:39,56.2300,56,2
2026-03-30,601318,14:32:42,56.2300,71,1
2026-03-30,601318,14:32:45,56.2200,25,2
2026-03-30,601318,14:32:48,56.2200,48,2
2026-03-30,601318,14:32:51,56.2300,24,1
2026-03-30,601318,14:32:54,56.2300,152,1
2026-03-30,601318,14:32:57,56.2300,39,1
2026-03-30,601318,14:33:00,56.2300,40,2
2026-03-30,601318,14:33:03,56.2400,235,1
2026-03-30,601318,14:33:06,56.2300,9,2
2026-03-30,601318,14:33:09,56.2300,13,2
2026-03-30,601318,14:33:12,56.2400,37,1
2026-03-30,601318,14:33:15,56.2300,29,2
2026-03-30,601318,14:33:18,56.2400,9,1
2026-03-30,601318,14:33:21,56.2400,84,1
2026-03-30,601318,14:33:24,56.2300,38,2
2026-03-30,601318,14:33:27,56.2400,5,1
2026-03-30,601318,14:33:30,56.2400,31,1
2026-03-30,601318,14:33:33,56.2400,706,1
2026-03-30,601318,14:33:36,56.2400,255,2
2026-03-30,601318,14:33:39,56.2600,79,1
2026-03-30,601318,14:33:42,56.2400,36,2
2026-03-30,601318,14:33:45,56.2400,59,2
2026-03-30,601318,14:33:48,56.2500,42,1
2026-03-30,601318,14:33:51,56.2600,75,1
2026-03-30,601318,14:33:54,56.2500,31,1
2026-03-30,601318,14:33:57,56.2400,9,2
2026-03-30,601318,14:34:00,56.2500,39,1
2026-03-30,601318,14:34:03,56.2500,88,1
2026-03-30,601318,14:34:06,56.2500,73,1
2026-03-30,601318,14:34:09,56.2500,15,1
2026-03-30,601318,14:34:12,56.2400,2,2
2026-03-30,601318,14:34:15,56.2500,7,1
2026-03-30,601318,14:34:18,56.2500,2,1
2026-03-30,601318,14:34:21,56.2500,89,1
2026-03-30,601318,14:34:24,56.2500,31,1
2026-03-30,601318,14:34:27,56.2400,70,2
2026-03-30,601318,14:34:30,56.2600,315,1
2026-03-30,601318,14:34:33,56.2500,167,2
2026-03-30,601318,14:34:36,56.2600,163,1
2026-03-30,601318,14:34:39,56.2600,51,1
2026-03-30,601318,14:34:42,56.2600,68,1
2026-03-30,601318,14:34:45,56.2500,31,2
2026-03-30,601318,14:34:48,56.2600,69,1
2026-03-30,601318,14:34:51,56.2600,47,1
2026-03-30,601318,14:34:54,56.2500,25,2
2026-03-30,601318,14:34:57,56.2500,124,1
2026-03-30,601318,14:35:00,56.2600,60,1
2026-03-30,601318,14:35:03,56.2400,75,2
2026-03-30,601318,14:35:06,56.2500,48,1
2026-03-30,601318,14:35:09,56.2500,1,1
2026-03-30,601318,14:35:12,56.2500,59,1
2026-03-30,601318,14:35:15,56.2400,19,2
2026-03-30,601318,14:35:18,56.2500,35,1
2026-03-30,601318,14:35:21,56.2500,144,1
2026-03-30,601318,14:35:24,56.2500,40,1
2026-03-30,601318,14:35:27,56.2500,20,1
2026-03-30,601318,14:35:30,56.2500,70,1
2026-03-30,601318,14:35:33,56.2500,20,1
2026-03-30,601318,14:35:36,56.2400,55,2
2026-03-30,601318,14:35:39,56.2500,55,1
2026-03-30,601318,14:35:42,56.2400,20,2
2026-03-30,601318,14:35:45,56.2500,58,1
2026-03-30,601318,14:35:48,56.2400,109,2
2026-03-30,601318,14:35:51,56.2300,120,2
2026-03-30,601318,14:35:54,56.2300,72,2
2026-03-30,601318,14:35:57,56.2300,48,2
2026-03-30,601318,14:36:00,56.2300,31,2
2026-03-30,601318,14:36:03,56.2300,133,2
2026-03-30,601318,14:36:06,56.2200,61,2
2026-03-30,601318,14:36:09,56.2300,99,1
2026-03-30,601318,14:36:12,56.2300,57,1
2026-03-30,601318,14:36:15,56.2200,38,2
2026-03-30,601318,14:36:18,56.2200,109,2
2026-03-30,601318,14:36:21,56.2200,47,1
2026-03-30,601318,14:36:24,56.2100,53,2
2026-03-30,601318,14:36:27,56.2100,37,2
2026-03-30,601318,14:36:30,56.2100,58,2
2026-03-30,601318,14:36:33,56.2100,41,2
2026-03-30,601318,14:36:36,56.2100,104,2
2026-03-30,601318,14:36:39,56.2100,64,2
2026-03-30,601318,14:36:42,56.2100,76,2
2026-03-30,601318,14:36:45,56.2000,58,2
2026-03-30,601318,14:36:48,56.2100,74,1
2026-03-30,601318,14:36:51,56.2000,28,2
2026-03-30,601318,14:36:54,56.2000,147,2
2026-03-30,601318,14:36:57,56.2000,57,2
2026-03-30,601318,14:37:00,56.2000,133,2
2026-03-30,601318,14:37:03,56.2000,881,2
2026-03-30,601318,14:37:06,56.2100,938,1
2026-03-30,601318,14:37:09,56.2100,591,1
2026-03-30,601318,14:37:12,56.2000,74,2
2026-03-30,601318,14:37:15,56.2100,46,1
2026-03-30,601318,14:37:18,56.2000,58,2
2026-03-30,601318,14:37:21,56.2000,56,2
2026-03-30,601318,14:37:24,56.2000,85,2
2026-03-30,601318,14:37:27,56.2000,430,2
2026-03-30,601318,14:37:30,56.2000,236,2
2026-03-30,601318,14:37:33,56.1900,526,2
2026-03-30,601318,14:37:36,56.1800,187,2
2026-03-30,601318,14:37:39,56.1900,24,1
2026-03-30,601318,14:37:42,56.2200,1399,1
2026-03-30,601318,14:37:45,56.2300,342,1
2026-03-30,601318,14:37:48,56.2200,63,2
2026-03-30,601318,14:37:51,56.2200,10,1
2026-03-30,601318,14:37:54,56.2100,68,2
2026-03-30,601318,14:37:57,56.2200,54,1
2026-03-30,601318,14:38:00,56.2100,126,2
2026-03-30,601318,14:38:03,56.2200,205,1
2026-03-30,601318,14:38:06,56.2200,14,1
2026-03-30,601318,14:38:09,56.2200,35,1
2026-03-30,601318,14:38:12,56.2200,28,1
2026-03-30,601318,14:38:15,56.2100,27,2
2026-03-30,601318,14:38:18,56.2200,47,1
2026-03-30,601318,14:38:21,56.2200,27,1
2026-03-30,601318,14:38:24,56.2000,5,2
2026-03-30,601318,14:38:27,56.2000,56,2
2026-03-30,601318,14:38:30,56.2100,31,1
2026-03-30,601318,14:38:33,56.2100,66,1
2026-03-30,601318,14:38:36,56.2100,85,1
2026-03-30,601318,14:38:39,56.2100,28,1
2026-03-30,601318,14:38:42,56.2100,10,1
2026-03-30,601318,14:38:45,56.2100,3,1
2026-03-30,601318,14:38:48,56.2000,39,2
2026-03-30,601318,14:38:51,56.2100,52,1
2026-03-30,601318,14:38:54,56.2100,89,1
2026-03-30,601318,14:38:57,56.2100,51,1
2026-03-30,601318,14:39:00,56.2100,40,1
2026-03-30,601318,14:39:03,56.2100,423,1
2026-03-30,601318,14:39:06,56.2100,85,2
2026-03-30,601318,14:39:09,56.2100,26,2
2026-03-30,601318,14:39:12,56.2200,5,1
2026-03-30,601318,14:39:15,56.2200,89,1
2026-03-30,601318,14:39:18,56.2200,27,1
2026-03-30,601318,14:39:21,56.2200,23,1
2026-03-30,601318,14:39:24,56.2200,45,1
2026-03-30,601318,14:39:27,56.2200,1,1
2026-03-30,601318,14:39:30,56.2100,44,2
2026-03-30,601318,14:39:33,56.2200,16,1
2026-03-30,601318,14:39:36,56.2200,429,1
2026-03-30,601318,14:39:39,56.2200,47,1
2026-03-30,601318,14:39:42,56.2100,68,2
2026-03-30,601318,14:39:45,56.2100,315,2
2026-03-30,601318,14:39:48,56.2200,41,1
2026-03-30,601318,14:39:51,56.2200,79,1
2026-03-30,601318,14:39:54,56.2200,496,1
2026-03-30,601318,14:39:57,56.2100,63,4
2026-03-30,601318,14:40:00,56.2100,33,1
2026-03-30,601318,14:40:03,56.2200,90,1
2026-03-30,601318,14:40:06,56.2100,103,2
2026-03-30,601318,14:40:09,56.2200,32,1
2026-03-30,601318,14:40:12,56.2100,35,2
2026-03-30,601318,14:40:15,56.2100,31,1
2026-03-30,601318,14:40:18,56.2000,73,2
2026-03-30,601318,14:40:21,56.2000,296,2
2026-03-30,601318,14:40:24,56.2200,146,4
2026-03-30,601318,14:40:27,56.2200,41,1
2026-03-30,601318,14:40:30,56.2200,64,1
2026-03-30,601318,14:40:33,56.2200,16,1
2026-03-30,601318,14:40:36,56.2100,19,2
2026-03-30,601318,14:40:39,56.2200,8,1
2026-03-30,601318,14:40:42,56.2200,52,1
2026-03-30,601318,14:40:45,56.2100,26,2
2026-03-30,601318,14:40:48,56.2100,11,2
2026-03-30,601318,14:40:51,56.2100,33,2
2026-03-30,601318,14:40:54,56.2100,120,2
2026-03-30,601318,14:40:57,56.2100,58,1
2026-03-30,601318,14:41:00,56.2100,26,1
2026-03-30,601318,14:41:03,56.2000,60,2
2026-03-30,601318,14:41:06,56.2100,39,1
2026-03-30,601318,14:41:09,56.2100,373,1
2026-03-30,601318,14:41:12,56.2200,455,1
2026-03-30,601318,14:41:15,56.2200,29,1
2026-03-30,601318,14:41:18,56.2200,195,1
2026-03-30,601318,14:41:21,56.2200,84,1
2026-03-30,601318,14:41:24,56.2200,150,1
2026-03-30,601318,14:41:27,56.2200,118,1
2026-03-30,601318,14:41:30,56.2100,15,2
2026-03-30,601318,14:41:33,56.2200,41,1
2026-03-30,601318,14:41:36,56.2100,4,2
2026-03-30,601318,14:41:39,56.2100,27,2
2026-03-30,601318,14:41:42,56.2100,192,2
2026-03-30,601318,14:41:45,56.2200,118,1
2026-03-30,601318,14:41:48,56.2100,54,2
2026-03-30,601318,14:41:51,56.2100,52,2
2026-03-30,601318,14:41:54,56.2100,23,2
2026-03-30,601318,14:41:57,56.2200,245,1
2026-03-30,601318,14:42:00,56.2200,106,2
2026-03-30,601318,14:42:03,56.2200,185,2
2026-03-30,601318,14:42:06,56.2200,354,2
2026-03-30,601318,14:42:09,56.2200,53,2
2026-03-30,601318,14:42:12,56.2200,80,2
2026-03-30,601318,14:42:15,56.2200,57,2
2026-03-30,601318,14:42:18,56.2300,63,1
2026-03-30,601318,14:42:21,56.2100,70,2
2026-03-30,601318,14:42:24,56.2200,90,1
2026-03-30,601318,14:42:27,56.2100,70,2
2026-03-30,601318,14:42:30,56.2200,33,1
2026-03-30,601318,14:42:33,56.2200,49,1
2026-03-30,601318,14:42:36,56.2200,58,1
2026-03-30,601318,14:42:39,56.2200,33,1
2026-03-30,601318,14:42:42,56.2100,84,2
2026-03-30,601318,14:42:45,56.2200,117,1
2026-03-30,601318,14:42:48,56.2000,47,2
2026-03-30,601318,14:42:51,56.2300,750,1
2026-03-30,601318,14:42:54,56.2300,810,1
2026-03-30,601318,14:42:57,56.2300,20,1
2026-03-30,601318,14:43:00,56.2300,20,1
2026-03-30,601318,14:43:03,56.2300,24,1
2026-03-30,601318,14:43:06,56.2300,240,1
2026-03-30,601318,14:43:09,56.2400,18,1
2026-03-30,601318,14:43:12,56.2400,139,1
2026-03-30,601318,14:43:15,56.2400,147,1
2026-03-30,601318,14:43:18,56.2300,27,2
2026-03-30,601318,14:43:21,56.2300,6,2
2026-03-30,601318,14:43:24,56.2300,167,2
2026-03-30,601318,14:43:27,56.2400,37,1
2026-03-30,601318,14:43:30,56.2400,26,1
2026-03-30,601318,14:43:33,56.2300,37,2
2026-03-30,601318,14:43:36,56.2300,80,2
2026-03-30,601318,14:43:39,56.2300,8,1
2026-03-30,601318,14:43:42,56.2200,35,2
2026-03-30,601318,14:43:45,56.2200,47,2
2026-03-30,601318,14:43:48,56.2200,20,2
2026-03-30,601318,14:43:51,56.2200,9,2
2026-03-30,601318,14:43:54,56.2300,22,1
2026-03-30,601318,14:43:57,56.2300,108,1
2026-03-30,601318,14:44:00,56.2200,181,2
2026-03-30,601318,14:44:03,56.2200,234,2
2026-03-30,601318,14:44:06,56.2200,61,1
2026-03-30,601318,14:44:09,56.2200,74,2
2026-03-30,601318,14:44:12,56.2300,15,1
2026-03-30,601318,14:44:15,56.2200,13,2
2026-03-30,601318,14:44:18,56.2200,81,2
2026-03-30,601318,14:44:21,56.2300,464,1
2026-03-30,601318,14:44:24,56.2500,639,1
2026-03-30,601318,14:44:27,56.2600,31,1
2026-03-30,601318,14:44:30,56.2500,59,2
2026-03-30,601318,14:44:33,56.2200,203,2
2026-03-30,601318,14:44:36,56.2400,20,1
2026-03-30,601318,14:44:39,56.2300,46,2
2026-03-30,601318,14:44:42,56.2400,73,1
2026-03-30,601318,14:44:45,56.2300,70,2
2026-03-30,601318,14:44:48,56.2400,78,1
2026-03-30,601318,14:44:51,56.2400,39,1
2026-03-30,601318,14:44:54,56.2400,2,1
2026-03-30,601318,14:44:57,56.2400,32,1
2026-03-30,601318,14:45:00,56.2300,166,2
2026-03-30,601318,14:45:03,56.2400,233,1
2026-03-30,601318,14:45:06,56.2400,332,1
2026-03-30,601318,14:45:09,56.2500,159,1
2026-03-30,601318,14:45:12,56.2500,97,1
2026-03-30,601318,14:45:15,56.2400,44,2
2026-03-30,601318,14:45:18,56.2500,18,1
2026-03-30,601318,14:45:21,56.2500,50,1
2026-03-30,601318,14:45:24,56.2500,9,1
2026-03-30,601318,14:45:27,56.2400,93,2
2026-03-30,601318,14:45:30,56.2500,51,1
2026-03-30,601318,14:45:33,56.2500,12,1
2026-03-30,601318,14:45:36,56.2400,73,2
2026-03-30,601318,14:45:39,56.2500,28,1
2026-03-30,601318,14:45:42,56.2400,23,2
2026-03-30,601318,14:45:45,56.2500,51,1
2026-03-30,601318,14:45:48,56.2400,42,2
2026-03-30,601318,14:45:51,56.2400,27,2
2026-03-30,601318,14:45:54,56.2500,41,1
2026-03-30,601318,14:45:57,56.2400,43,2
2026-03-30,601318,14:46:00,56.2400,159,2
2026-03-30,601318,14:46:03,56.2400,244,2
2026-03-30,601318,14:46:06,56.2400,153,2
2026-03-30,601318,14:46:09,56.2300,122,2
2026-03-30,601318,14:46:12,56.2300,68,2
2026-03-30,601318,14:46:15,56.2400,84,1
2026-03-30,601318,14:46:18,56.2400,50,1
2026-03-30,601318,14:46:21,56.2400,164,1
2026-03-30,601318,14:46:24,56.2400,78,1
2026-03-30,601318,14:46:27,56.2300,21,2
2026-03-30,601318,14:46:30,56.2300,359,2
2026-03-30,601318,14:46:33,56.2400,23,1
2026-03-30,601318,14:46:36,56.2400,35,1
2026-03-30,601318,14:46:39,56.2300,183,2
2026-03-30,601318,14:46:42,56.2400,402,1
2026-03-30,601318,14:46:45,56.2400,17,1
2026-03-30,601318,14:46:48,56.2400,76,1
2026-03-30,601318,14:46:51,56.2300,9,2
2026-03-30,601318,14:46:54,56.2400,66,1
2026-03-30,601318,14:46:57,56.2300,50,2
2026-03-30,601318,14:47:00,56.2400,85,1
2026-03-30,601318,14:47:03,56.2400,162,1
2026-03-30,601318,14:47:06,56.2400,58,2
2026-03-30,601318,14:47:09,56.2400,154,2
2026-03-30,601318,14:47:12,56.2400,29,1
2026-03-30,601318,14:47:15,56.2400,63,1
2026-03-30,601318,14:47:18,56.2400,63,1
2026-03-30,601318,14:47:21,56.2300,40,2
2026-03-30,601318,14:47:24,56.2300,60,2
2026-03-30,601318,14:47:27,56.2300,27,2
2026-03-30,601318,14:47:30,56.2200,96,2
2026-03-30,601318,14:47:33,56.2300,82,1
2026-03-30,601318,14:47:36,56.2200,39,2
2026-03-30,601318,14:47:39,56.2300,114,1
2026-03-30,601318,14:47:42,56.2200,243,2
2026-03-30,601318,14:47:45,56.2200,141,2
2026-03-30,601318,14:47:48,56.2200,67,2
2026-03-30,601318,14:47:51,56.2200,57,1
2026-03-30,601318,14:47:54,56.2200,92,1
2026-03-30,601318,14:47:57,56.2200,64,1
2026-03-30,601318,14:48:00,56.2100,58,2
2026-03-30,601318,14:48:03,56.2200,308,1
2026-03-30,601318,14:48:06,56.2200,31,2
2026-03-30,601318,14:48:09,56.2400,572,1
2026-03-30,601318,14:48:12,56.2400,57,1
2026-03-30,601318,14:48:15,56.2300,116,2
2026-03-30,601318,14:48:18,56.2400,101,1
2026-03-30,601318,14:48:21,56.2300,34,2
2026-03-30,601318,14:48:24,56.2400,40,1
2026-03-30,601318,14:48:27,56.2300,63,2
2026-03-30,601318,14:48:30,56.2300,49,2
2026-03-30,601318,14:48:33,56.2300,64,2
2026-03-30,601318,14:48:36,56.2400,146,1
2026-03-30,601318,14:48:39,56.2400,34,1
2026-03-30,601318,14:48:42,56.2400,34,1
2026-03-30,601318,14:48:45,56.2400,67,1
2026-03-30,601318,14:48:48,56.2300,22,2
2026-03-30,601318,14:48:51,56.2400,32,1
2026-03-30,601318,14:48:54,56.2300,163,2
2026-03-30,601318,14:48:57,56.2300,304,2
2026-03-30,601318,14:49:00,56.2300,78,2
2026-03-30,601318,14:49:03,56.2300,79,2
2026-03-30,601318,14:49:06,56.2400,35,1
2026-03-30,601318,14:49:09,56.2400,136,1
2026-03-30,601318,14:49:12,56.2600,869,1
2026-03-30,601318,14:49:15,56.2400,433,2
2026-03-30,601318,14:49:18,56.2500,28,1
2026-03-30,601318,14:49:21,56.2700,221,1
2026-03-30,601318,14:49:24,56.2500,29,2
2026-03-30,601318,14:49:27,56.2600,56,2
2026-03-30,601318,14:49:30,56.2700,73,1
2026-03-30,601318,14:49:33,56.2800,24,1
2026-03-30,601318,14:49:36,56.2700,30,2
2026-03-30,601318,14:49:39,56.2800,108,1
2026-03-30,601318,14:49:42,56.2700,51,2
2026-03-30,601318,14:49:45,56.2800,58,1
2026-03-30,601318,14:49:48,56.2800,68,1
2026-03-30,601318,14:49:52,56.2800,36,1
2026-03-30,601318,14:49:54,56.2800,258,1
2026-03-30,601318,14:49:57,56.2800,15,2
2026-03-30,601318,14:50:00,56.2600,309,2
2026-03-30,601318,14:50:03,56.2600,68,2
2026-03-30,601318,14:50:06,56.2800,111,1
2026-03-30,601318,14:50:09,56.2600,29,2
2026-03-30,601318,14:50:12,56.2800,175,1
2026-03-30,601318,14:50:15,56.2800,50,2
2026-03-30,601318,14:50:18,56.2800,55,2
2026-03-30,601318,14:50:21,56.2800,29,2
2026-03-30,601318,14:50:24,56.2700,273,2
2026-03-30,601318,14:50:27,56.2800,182,1
2026-03-30,601318,14:50:30,56.2800,32,1
2026-03-30,601318,14:50:33,56.2900,36,1
2026-03-30,601318,14:50:36,56.2800,162,2
2026-03-30,601318,14:50:39,56.2800,214,2
2026-03-30,601318,14:50:42,56.2800,101,1
2026-03-30,601318,14:50:45,56.2800,55,1
2026-03-30,601318,14:50:48,56.2800,39,2
2026-03-30,601318,14:50:51,56.2800,91,2
2026-03-30,601318,14:50:54,56.2900,53,1
2026-03-30,601318,14:50:57,56.2900,208,1
2026-03-30,601318,14:51:00,56.2700,466,2
2026-03-30,601318,14:51:03,56.2900,269,1
2026-03-30,601318,14:51:06,56.2800,40,2
2026-03-30,601318,14:51:09,56.2800,28,1
2026-03-30,601318,14:51:12,56.2700,27,2
2026-03-30,601318,14:51:15,56.2800,211,1
2026-03-30,601318,14:51:18,56.2900,94,1
2026-03-30,601318,14:51:21,56.2900,79,1
2026-03-30,601318,14:51:24,56.2800,46,2
2026-03-30,601318,14:51:27,56.2900,116,1
2026-03-30,601318,14:51:30,56.2900,84,2
2026-03-30,601318,14:51:33,56.2900,53,2
2026-03-30,601318,14:51:36,56.2900,95,2
2026-03-30,601318,14:51:39,56.2900,177,2
2026-03-30,601318,14:51:42,56.2900,82,2
2026-03-30,601318,14:51:45,56.3000,257,1
2026-03-30,601318,14:51:48,56.2900,26,4
2026-03-30,601318,14:51:51,56.2900,169,2
2026-03-30,601318,14:51:54,56.2900,450,2
2026-03-30,601318,14:51:57,56.2900,190,1
2026-03-30,601318,14:52:00,56.3000,333,1
2026-03-30,601318,14:52:03,56.3100,149,1
2026-03-30,601318,14:52:06,56.3000,159,2
2026-03-30,601318,14:52:09,56.3200,21,1
2026-03-30,601318,14:52:12,56.3100,51,2
2026-03-30,601318,14:52:15,56.3200,33,1
2026-03-30,601318,14:52:18,56.3200,147,1
2026-03-30,601318,14:52:21,56.3200,29,2
2026-03-30,601318,14:52:24,56.3300,43,1
2026-03-30,601318,14:52:27,56.3300,159,1
2026-03-30,601318,14:52:30,56.3300,96,1
2026-03-30,601318,14:52:33,56.3400,45,1
2026-03-30,601318,14:52:36,56.3300,429,2
2026-03-30,601318,14:52:39,56.3100,33,2
2026-03-30,601318,14:52:42,56.3100,34,2
2026-03-30,601318,14:52:45,56.3200,179,1
2026-03-30,601318,14:52:48,56.3100,27,2
2026-03-30,601318,14:52:51,56.3200,106,1
2026-03-30,601318,14:52:54,56.3100,410,2
2026-03-30,601318,14:52:57,56.3000,68,2
2026-03-30,601318,14:53:00,56.3100,52,1
2026-03-30,601318,14:53:03,56.3000,114,2
2026-03-30,601318,14:53:06,56.3100,193,1
2026-03-30,601318,14:53:09,56.3000,259,2
2026-03-30,601318,14:53:12,56.3100,92,1
2026-03-30,601318,14:53:15,56.3000,73,2
2026-03-30,601318,14:53:18,56.3000,23,2
2026-03-30,601318,14:53:21,56.3000,49,2
2026-03-30,601318,14:53:24,56.3100,355,1
2026-03-30,601318,14:53:27,56.3000,91,2
2026-03-30,601318,14:53:30,56.3100,60,1
2026-03-30,601318,14:53:33,56.3100,88,1
2026-03-30,601318,14:53:36,56.3000,57,2
2026-03-30,601318,14:53:39,56.3100,90,1
2026-03-30,601318,14:53:42,56.3000,98,2
2026-03-30,601318,14:53:45,56.3100,110,1
2026-03-30,601318,14:53:48,56.3100,46,2
2026-03-30,601318,14:53:51,56.3100,27,1
2026-03-30,601318,14:53:54,56.3000,42,2
2026-03-30,601318,14:53:57,56.3100,194,1
2026-03-30,601318,14:54:00,56.3100,81,2
2026-03-30,601318,14:54:03,56.3100,276,1
2026-03-30,601318,14:54:06,56.3100,131,1
2026-03-30,601318,14:54:09,56.3100,211,1
2026-03-30,601318,14:54:12,56.3100,120,2
2026-03-30,601318,14:54:15,56.3200,135,1
2026-03-30,601318,14:54:18,56.3100,145,2
2026-03-30,601318,14:54:21,56.3200,127,1
2026-03-30,601318,14:54:24,56.3100,96,2
2026-03-30,601318,14:54:27,56.3200,16,1
2026-03-30,601318,14:54:30,56.3100,150,2
2026-03-30,601318,14:54:33,56.3000,108,2
2026-03-30,601318,14:54:36,56.3100,123,1
2026-03-30,601318,14:54:39,56.3100,121,2
2026-03-30,601318,14:54:42,56.3100,23,2
2026-03-30,601318,14:54:45,56.3100,27,2
2026-03-30,601318,14:54:48,56.3200,127,1
2026-03-30,601318,14:54:51,56.3200,13,1
2026-03-30,601318,14:54:54,56.3200,74,1
2026-03-30,601318,14:54:57,56.3200,160,1
2026-03-30,601318,14:55:00,56.3300,120,1
2026-03-30,601318,14:55:03,56.3300,123,1
2026-03-30,601318,14:55:06,56.3200,26,2
2026-03-30,601318,14:55:09,56.3300,195,1
2026-03-30,601318,14:55:12,56.3200,18,2
2026-03-30,601318,14:55:15,56.3300,114,1
2026-03-30,601318,14:55:18,56.3300,468,1
2026-03-30,601318,14:55:21,56.3300,77,2
2026-03-30,601318,14:55:24,56.3300,132,1
2026-03-30,601318,14:55:27,56.3400,21,1
2026-03-30,601318,14:55:30,56.3400,105,1
2026-03-30,601318,14:55:33,56.3400,170,1
2026-03-30,601318,14:55:36,56.3300,68,2
2026-03-30,601318,14:55:39,56.3300,492,2
2026-03-30,601318,14:55:42,56.3100,768,2
2026-03-30,601318,14:55:45,56.3200,120,1
2026-03-30,601318,14:55:48,56.3100,91,4
2026-03-30,601318,14:55:51,56.3100,26,1
2026-03-30,601318,14:55:54,56.3300,86,1
2026-03-30,601318,14:55:57,56.3100,44,2
2026-03-30,601318,14:56:00,56.3100,491,2
2026-03-30,601318,14:56:03,56.3200,267,1
2026-03-30,601318,14:56:06,56.3200,50,1
2026-03-30,601318,14:56:09,56.3100,356,2
2026-03-30,601318,14:56:12,56.3000,61,2
2026-03-30,601318,14:56:15,56.2900,184,2
2026-03-30,601318,14:56:18,56.3000,56,4
2026-03-30,601318,14:56:21,56.3000,399,2
2026-03-30,601318,14:56:24,56.3000,138,1
2026-03-30,601318,14:56:27,56.3000,70,1
2026-03-30,601318,14:56:30,56.3000,125,1
2026-03-30,601318,14:56:33,56.3100,153,1
2026-03-30,601318,14:56:36,56.2900,297,2
2026-03-30,601318,14:56:39,56.2900,41,2
2026-03-30,601318,14:56:42,56.3100,34,1
2026-03-30,601318,14:56:45,56.3100,66,2
2026-03-30,601318,14:56:48,56.3200,113,1
2026-03-30,601318,14:56:51,56.3200,34,1
2026-03-30,601318,14:56:54,56.3100,125,2
2026-03-30,601318,14:56:57,56.3100,77,1
2026-03-30,601318,14:57:00,56.3100,9,1
2026-03-30,601318,15:00:04,56.3300,7540,4
2026-03-30,601318,13:16:51,56.1000,34,2
2026-03-30,601318,13:16:54,56.1000,32,2
2026-03-30,601318,13:16:57,56.1100,27,1
2026-03-30,601318,13:17:00,56.1100,38,1
2026-03-30,601318,13:17:03,56.1000,12,2
2026-03-30,601318,13:17:06,56.1000,46,2
2026-03-30,601318,13:17:09,56.1100,18,1
2026-03-30,601318,13:17:12,56.1100,57,1
2026-03-30,601318,13:17:15,56.1100,47,1
2026-03-30,601318,13:17:18,56.1100,29,1
2026-03-30,601318,13:17:21,56.1100,57,1
2026-03-30,601318,13:17:24,56.1100,58,1
2026-03-30,601318,13:17:27,56.1100,13,1
2026-03-30,601318,13:17:30,56.1000,50,2
2026-03-30,601318,13:17:33,56.1100,89,1
2026-03-30,601318,13:17:36,56.1100,411,1
2026-03-30,601318,13:17:39,56.1100,120,2
2026-03-30,601318,13:17:42,56.1100,23,2
2026-03-30,601318,13:17:45,56.1100,97,2
2026-03-30,601318,13:17:48,56.1100,1,1
2026-03-30,601318,13:17:51,56.1100,47,1
2026-03-30,601318,13:17:54,56.1000,22,2
2026-03-30,601318,13:17:57,56.1100,18,1
2026-03-30,601318,13:18:00,56.1100,32,1
2026-03-30,601318,13:18:03,56.1100,46,1
2026-03-30,601318,13:18:06,56.1100,16,1
2026-03-30,601318,13:18:09,56.1100,50,1
2026-03-30,601318,13:18:12,56.1100,195,1
2026-03-30,601318,13:18:15,56.1000,73,2
2026-03-30,601318,13:18:18,56.1100,35,1
2026-03-30,601318,13:18:21,56.1000,107,2
2026-03-30,601318,13:18:24,56.1100,46,1
2026-03-30,601318,13:18:27,56.1100,41,1
2026-03-30,601318,13:18:30,56.1100,24,1
2026-03-30,601318,13:18:33,56.1100,39,1
2026-03-30,601318,13:18:36,56.1100,109,1
2026-03-30,601318,13:18:39,56.1000,31,2
2026-03-30,601318,13:18:42,56.1100,553,1
2026-03-30,601318,13:18:45,56.1100,54,2
2026-03-30,601318,13:18:48,56.1100,214,2
2026-03-30,601318,13:18:51,56.1000,83,2
2026-03-30,601318,13:18:54,56.1100,98,1
2026-03-30,601318,13:18:57,56.1100,27,1
2026-03-30,601318,13:19:00,56.1000,57,2
2026-03-30,601318,13:19:03,56.1100,127,1
2026-03-30,601318,13:19:06,56.1100,22,2
2026-03-30,601318,13:19:09,56.1200,73,1
2026-03-30,601318,13:19:12,56.1100,83,2
2026-03-30,601318,13:19:15,56.1100,96,2
2026-03-30,601318,13:19:18,56.1100,138,1
2026-03-30,601318,13:19:21,56.1000,73,2
2026-03-30,601318,13:19:24,56.1100,104,2
2026-03-30,601318,13:19:27,56.1100,168,1
2026-03-30,601318,13:19:30,56.1000,213,2
2026-03-30,601318,13:19:33,56.1000,126,2
2026-03-30,601318,13:19:36,56.1100,185,1
2026-03-30,601318,13:19:39,56.1100,36,1
2026-03-30,601318,13:19:42,56.1000,37,2
2026-03-30,601318,13:19:45,56.1100,50,1
2026-03-30,601318,13:19:48,56.1000,39,2
2026-03-30,601318,13:19:51,56.1100,146,1
2026-03-30,601318,13:19:54,56.1200,313,1
2026-03-30,601318,13:19:57,56.1100,60,2
2026-03-30,601318,13:20:00,56.1300,46,1
2026-03-30,601318,13:20:03,56.1200,116,2
2026-03-30,601318,13:20:06,56.1300,23,1
2026-03-30,601318,13:20:09,56.1300,27,1
2026-03-30,601318,13:20:12,56.1200,20,2
2026-03-30,601318,13:20:15,56.1300,36,1
2026-03-30,601318,13:20:18,56.1200,95,2
2026-03-30,601318,13:20:21,56.1200,49,1
2026-03-30,601318,13:20:24,56.1200,43,1
2026-03-30,601318,13:20:27,56.1200,66,1
2026-03-30,601318,13:20:30,56.1300,207,1
2026-03-30,601318,13:20:33,56.1300,167,1
2026-03-30,601318,13:20:36,56.1300,85,2
2026-03-30,601318,13:20:39,56.1300,62,2
2026-03-30,601318,13:20:42,56.1400,60,1
2026-03-30,601318,13:20:45,56.1400,106,2
2026-03-30,601318,13:20:48,56.1500,45,1
2026-03-30,601318,13:20:51,56.1600,14,1
2026-03-30,601318,13:20:54,56.1600,25,1
2026-03-30,601318,13:20:57,56.1600,19,1
2026-03-30,601318,13:21:00,56.1600,43,1
2026-03-30,601318,13:21:03,56.1600,67,1
2026-03-30,601318,13:21:06,56.1600,79,1
2026-03-30,601318,13:21:09,56.1500,41,2
2026-03-30,601318,13:21:12,56.1400,44,2
2026-03-30,601318,13:21:15,56.1400,27,2
2026-03-30,601318,13:21:18,56.1500,146,1
2026-03-30,601318,13:21:21,56.1400,29,2
2026-03-30,601318,13:21:24,56.1500,3,1
2026-03-30,601318,13:21:27,56.1500,7,1
2026-03-30,601318,13:21:30,56.1400,73,2
2026-03-30,601318,13:21:33,56.1400,78,2
2026-03-30,601318,13:21:36,56.1500,73,1
2026-03-30,601318,13:21:39,56.1500,52,1
2026-03-30,601318,13:21:42,56.1500,12,1
2026-03-30,601318,13:21:45,56.1400,18,2
2026-03-30,601318,13:21:48,56.1500,66,1
2026-03-30,601318,13:21:51,56.1400,145,2
2026-03-30,601318,13:21:54,56.1500,62,1
2026-03-30,601318,13:21:57,56.1400,42,4
2026-03-30,601318,13:22:00,56.1200,116,2
2026-03-30,601318,13:22:03,56.1200,20,2
2026-03-30,601318,13:22:06,56.1300,20,2
2026-03-30,601318,13:22:09,56.1300,41,1
2026-03-30,601318,13:22:12,56.1300,17,2
2026-03-30,601318,13:22:15,56.1400,39,1
2026-03-30,601318,13:22:18,56.1200,21,2
2026-03-30,601318,13:22:21,56.1200,24,2
2026-03-30,601318,13:22:24,56.1200,30,2
2026-03-30,601318,13:22:27,56.1300,31,1
2026-03-30,601318,13:22:30,56.1300,40,1
2026-03-30,601318,13:22:33,56.1300,57,1
2026-03-30,601318,13:22:36,56.1200,58,2
2026-03-30,601318,13:22:39,56.1300,31,1
2026-03-30,601318,13:22:42,56.1200,25,2
2026-03-30,601318,13:22:45,56.1200,14,2
2026-03-30,601318,13:22:48,56.1300,44,1
2026-03-30,601318,13:22:51,56.1200,33,2
2026-03-30,601318,13:22:54,56.1200,28,2
2026-03-30,601318,13:22:57,56.1300,13,1
2026-03-30,601318,13:23:00,56.1300,97,1
2026-03-30,601318,13:23:03,56.1300,307,1
2026-03-30,601318,13:23:06,56.1300,107,1
2026-03-30,601318,13:23:09,56.1400,311,1
2026-03-30,601318,13:23:12,56.1600,728,1
2026-03-30,601318,13:23:15,56.1600,82,2
2026-03-30,601318,13:23:18,56.1700,19,1
2026-03-30,601318,13:23:21,56.1800,60,2
2026-03-30,601318,13:23:24,56.1800,129,1
2026-03-30,601318,13:23:27,56.1800,50,2
2026-03-30,601318,13:23:30,56.1800,44,1
2026-03-30,601318,13:23:33,56.1800,60,1
2026-03-30,601318,13:23:36,56.1700,79,4
2026-03-30,601318,13:23:39,56.1600,25,2
2026-03-30,601318,13:23:42,56.1700,18,4
2026-03-30,601318,13:23:45,56.1600,35,2
2026-03-30,601318,13:23:48,56.1600,22,2
2026-03-30,601318,13:23:51,56.1600,44,1
2026-03-30,601318,13:23:54,56.1700,218,1
2026-03-30,601318,13:23:57,56.1600,31,1
2026-03-30,601318,13:24:00,56.1600,22,1
2026-03-30,601318,13:24:03,56.1600,65,1
2026-03-30,601318,13:24:06,56.1600,28,1
2026-03-30,601318,13:24:09,56.1600,62,1
2026-03-30,601318,13:24:12,56.1600,45,1
2026-03-30,601318,13:24:15,56.1500,36,2
2026-03-30,601318,13:24:18,56.1400,37,2
2026-03-30,601318,13:24:21,56.1500,41,1
2026-03-30,601318,13:24:24,56.1500,47,2
2026-03-30,601318,13:24:30,56.1500,23,1
2026-03-30,601318,13:24:33,56.1500,35,1
2026-03-30,601318,13:24:36,56.1600,397,1
2026-03-30,601318,13:24:39,56.1700,76,1
2026-03-30,601318,13:24:42,56.1600,62,2
2026-03-30,601318,13:24:45,56.1700,112,1
2026-03-30,601318,13:24:48,56.1600,7,2
2026-03-30,601318,13:24:51,56.1600,19,2
2026-03-30,601318,13:24:54,56.1600,23,2
2026-03-30,601318,13:24:57,56.1600,20,2
2026-03-30,601318,13:25:00,56.1600,32,1
2026-03-30,601318,13:25:03,56.1700,109,1
2026-03-30,601318,13:25:06,56.1700,19,1
2026-03-30,601318,13:25:09,56.1600,7,2
2026-03-30,601318,13:25:12,56.1700,24,1
2026-03-30,601318,13:25:15,56.1600,26,2
2026-03-30,601318,13:25:18,56.1600,53,2
2026-03-30,601318,13:25:21,56.1600,35,2
2026-03-30,601318,13:25:24,56.1500,55,2
2026-03-30,601318,13:25:27,56.1600,29,1
2026-03-30,601318,13:25:30,56.1600,17,1
2026-03-30,601318,13:25:33,56.1500,33,2
2026-03-30,601318,13:25:36,56.1600,17,1
2026-03-30,601318,13:25:39,56.1600,22,1
2026-03-30,601318,13:25:42,56.1500,44,2
2026-03-30,601318,13:25:45,56.1500,166,2
2026-03-30,601318,13:25:48,56.1500,33,2
2026-03-30,601318,13:25:51,56.1600,304,1
2026-03-30,601318,13:25:54,56.1500,13,2
2026-03-30,601318,13:25:57,56.1600,5,1
2026-03-30,601318,13:26:00,56.1600,120,1
2026-03-30,601318,13:26:03,56.1600,26,1
2026-03-30,601318,13:26:06,56.1700,8,1
2026-03-30,601318,13:26:09,56.1600,25,2
2026-03-30,601318,13:26:12,56.1500,138,2
2026-03-30,601318,13:26:15,56.1500,54,1
2026-03-30,601318,13:26:18,56.1500,25,1
2026-03-30,601318,13:26:21,56.1500,22,1
2026-03-30,601318,13:26:24,56.1500,59,1
2026-03-30,601318,13:26:27,56.1500,29,1
2026-03-30,601318,13:26:30,56.1500,14,1
2026-03-30,601318,13:26:33,56.1400,55,2
2026-03-30,601318,13:26:36,56.1500,10,1
2026-03-30,601318,13:26:39,56.1400,26,2
2026-03-30,601318,13:26:42,56.1500,28,1
2026-03-30,601318,13:26:45,56.1400,235,2
2026-03-30,601318,13:26:48,56.1500,30,1
2026-03-30,601318,13:26:51,56.1500,28,1
2026-03-30,601318,13:26:54,56.1500,21,1
2026-03-30,601318,13:26:57,56.1400,29,2
2026-03-30,601318,13:27:00,56.1800,499,1
2026-03-30,601318,13:27:03,56.1600,129,2
2026-03-30,601318,13:27:06,56.1700,47,2
2026-03-30,601318,13:27:09,56.1800,12,1
2026-03-30,601318,13:27:12,56.1600,60,2
2026-03-30,601318,13:27:15,56.1500,38,2
2026-03-30,601318,13:27:18,56.1600,11,4
2026-03-30,601318,13:27:21,56.1700,52,1
2026-03-30,601318,13:27:24,56.1700,25,4
2026-03-30,601318,13:27:27,56.1800,35,1
2026-03-30,601318,13:27:30,56.1700,22,2
2026-03-30,601318,13:27:33,56.1700,33,2
2026-03-30,601318,13:27:36,56.1700,54,2
2026-03-30,601318,13:27:39,56.1800,57,1
2026-03-30,601318,13:27:42,56.1600,20,2
2026-03-30,601318,13:27:45,56.1700,13,1
2026-03-30,601318,13:27:48,56.1700,9,1
2026-03-30,601318,13:27:51,56.1700,130,1
2026-03-30,601318,13:27:54,56.1700,44,1
2026-03-30,601318,13:27:57,56.1600,30,2
2026-03-30,601318,13:28:00,56.1700,22,1
2026-03-30,601318,13:28:03,56.1700,89,1
2026-03-30,601318,13:28:06,56.1700,9,1
2026-03-30,601318,13:28:09,56.1700,79,1
2026-03-30,601318,13:28:12,56.2000,627,1
2026-03-30,601318,13:28:15,56.2000,61,1
2026-03-30,601318,13:28:18,56.2000,19,1
2026-03-30,601318,13:28:21,56.2100,16,1
2026-03-30,601318,13:28:24,56.2100,4,1
2026-03-30,601318,13:28:27,56.2000,41,2
2026-03-30,601318,13:28:30,56.2100,39,1
2026-03-30,601318,13:28:33,56.2100,52,1
2026-03-30,601318,13:28:36,56.2100,105,1
2026-03-30,601318,13:28:39,56.2000,31,2
2026-03-30,601318,13:28:42,56.2100,96,1
2026-03-30,601318,13:28:45,56.2200,68,1
2026-03-30,601318,13:28:48,56.2200,74,1
2026-03-30,601318,13:28:51,56.2200,132,1
2026-03-30,601318,13:28:54,56.2200,29,1
2026-03-30,601318,13:28:57,56.2200,164,1
2026-03-30,601318,13:29:00,56.2200,31,1
2026-03-30,601318,13:29:03,56.2200,21,2
2026-03-30,601318,13:29:06,56.2200,96,2
2026-03-30,601318,13:29:09,56.2200,29,2
2026-03-30,601318,13:29:12,56.2200,46,1
2026-03-30,601318,13:29:15,56.2300,68,1
2026-03-30,601318,13:29:18,56.2200,17,2
2026-03-30,601318,13:29:21,56.2300,55,1
2026-03-30,601318,13:29:27,56.2300,8,1
2026-03-30,601318,13:29:30,56.2300,87,1
2026-03-30,601318,13:29:33,56.2300,40,1
2026-03-30,601318,13:29:36,56.2300,36,1
2026-03-30,601318,13:29:39,56.2300,24,1
2026-03-30,601318,13:29:42,56.2300,25,1
2026-03-30,601318,13:29:45,56.2300,60,1
2026-03-30,601318,13:29:48,56.2200,24,2
2026-03-30,601318,13:29:51,56.2200,103,2
2026-03-30,601318,13:29:54,56.2200,69,2
2026-03-30,601318,13:29:57,56.2200,22,1
2026-03-30,601318,13:30:00,56.2200,25,1
2026-03-30,601318,13:30:03,56.2200,35,1
2026-03-30,601318,13:30:06,56.2100,36,2
2026-03-30,601318,13:30:09,56.2200,110,1
2026-03-30,601318,13:30:15,56.2200,17,1
2026-03-30,601318,13:30:18,56.2100,48,2
2026-03-30,601318,13:30:21,56.2100,93,1
2026-03-30,601318,13:30:24,56.2100,93,1
2026-03-30,601318,13:30:27,56.2200,145,1
2026-03-30,601318,13:30:30,56.2200,43,1
2026-03-30,601318,13:30:33,56.2000,111,2
2026-03-30,601318,13:30:36,56.2100,32,4
2026-03-30,601318,13:30:39,56.2100,7,1
2026-03-30,601318,13:30:42,56.2200,108,1
2026-03-30,601318,13:30:45,56.2200,46,1
2026-03-30,601318,13:30:48,56.2100,22,2
2026-03-30,601318,13:30:51,56.2300,154,1
2026-03-30,601318,13:30:54,56.2300,105,1
2026-03-30,601318,13:30:57,56.2200,9,2
2026-03-30,601318,13:31:00,56.2300,23,1
2026-03-30,601318,13:31:03,56.2200,57,2
2026-03-30,601318,13:31:06,56.2200,26,2
2026-03-30,601318,13:31:09,56.2200,44,2
2026-03-30,601318,13:31:12,56.2400,307,1
2026-03-30,601318,13:31:15,56.2300,108,2
2026-03-30,601318,13:31:18,56.2400,84,1
2026-03-30,601318,13:31:21,56.2600,146,1
2026-03-30,601318,13:31:24,56.2500,35,1
2026-03-30,601318,13:31:27,56.2500,41,1
2026-03-30,601318,13:31:30,56.2500,7,1
2026-03-30,601318,13:31:33,56.2500,25,1
2026-03-30,601318,13:31:36,56.2500,93,1
2026-03-30,601318,13:31:39,56.2600,69,1
2026-03-30,601318,13:31:42,56.2600,55,1
2026-03-30,601318,13:31:45,56.2600,25,1
2026-03-30,601318,13:31:48,56.2600,21,1
2026-03-30,601318,13:31:51,56.2600,47,1
2026-03-30,601318,13:31:54,56.2600,17,1
2026-03-30,601318,13:31:57,56.2500,48,2
2026-03-30,601318,13:32:00,56.2600,130,1
2026-03-30,601318,13:32:03,56.2600,71,2
2026-03-30,601318,13:32:06,56.2700,94,1
2026-03-30,601318,13:32:09,56.2700,1,1
2026-03-30,601318,13:32:12,56.2700,136,1
2026-03-30,601318,13:32:15,56.2700,57,2
2026-03-30,601318,13:32:18,56.2700,11,2
2026-03-30,601318,13:32:21,56.2800,4,1
2026-03-30,601318,13:32:24,56.2700,24,2
2026-03-30,601318,13:32:27,56.2800,12,1
2026-03-30,601318,13:32:30,56.2800,2,1
2026-03-30,601318,13:32:33,56.2800,329,1
2026-03-30,601318,13:32:36,56.2700,19,2
2026-03-30,601318,13:32:39,56.2800,10,1
2026-03-30,601318,13:32:42,56.2800,37,1
2026-03-30,601318,13:32:45,56.2800,181,1
2026-03-30,601318,13:32:48,56.2800,154,1
2026-03-30,601318,13:32:51,56.2900,318,1
2026-03-30,601318,13:32:54,56.2900,28,2
2026-03-30,601318,13:32:57,56.2900,403,1
2026-03-30,601318,13:33:00,56.3000,519,1
2026-03-30,601318,13:33:03,56.2900,185,2
2026-03-30,601318,13:33:06,56.2900,212,2
2026-03-30,601318,13:33:09,56.3200,23,1
2026-03-30,601318,13:33:12,56.3000,84,2
2026-03-30,601318,13:33:15,56.3100,72,4
2026-03-30,601318,13:33:18,56.2900,100,2
2026-03-30,601318,13:33:21,56.2900,28,1
2026-03-30,601318,13:33:27,56.2800,22,2
2026-03-30,601318,13:33:30,56.2900,20,1
2026-03-30,601318,13:33:33,56.2900,26,1
2026-03-30,601318,13:33:36,56.2800,157,2
2026-03-30,601318,13:33:39,56.2800,58,2
2026-03-30,601318,13:33:42,56.2800,8,1
2026-03-30,601318,13:33:45,56.2800,73,1
2026-03-30,601318,13:33:48,56.2800,44,1
2026-03-30,601318,13:33:51,56.2800,1,1
2026-03-30,601318,13:33:54,56.2800,30,1
2026-03-30,601318,13:33:57,56.2800,23,1
2026-03-30,601318,13:34:00,56.2700,27,2
2026-03-30,601318,13:34:03,56.2700,48,2
2026-03-30,601318,13:34:06,56.2800,304,1
2026-03-30,601318,13:34:09,56.2800,66,1
2026-03-30,601318,13:34:12,56.2700,73,2
2026-03-30,601318,13:34:15,56.2700,38,2
2026-03-30,601318,13:34:18,56.2800,13,1
2026-03-30,601318,13:34:21,56.2700,110,2
2026-03-30,601318,13:34:24,56.2700,18,1
2026-03-30,601318,13:34:27,56.2700,9,1
2026-03-30,601318,13:34:30,56.2700,40,1
2026-03-30,601318,13:34:33,56.2700,22,1
2026-03-30,601318,13:34:36,56.2600,47,2
2026-03-30,601318,13:34:39,56.2700,4,1
2026-03-30,601318,13:34:42,56.2600,36,2
2026-03-30,601318,13:34:45,56.2700,15,1
2026-03-30,601318,13:34:48,56.2700,89,1
2026-03-30,601318,13:34:51,56.2600,152,2
2026-03-30,601318,13:34:54,56.2600,88,2
2026-03-30,601318,13:34:57,56.2600,291,2
2026-03-30,601318,13:35:00,56.2700,48,1
2026-03-30,601318,13:35:03,56.2500,18,2
2026-03-30,601318,13:35:06,56.2600,42,1
2026-03-30,601318,13:35:09,56.2500,111,2
2026-03-30,601318,13:35:12,56.2500,178,2
2026-03-30,601318,13:35:15,56.2500,65,2
2026-03-30,601318,13:35:18,56.2500,27,1
2026-03-30,601318,13:35:21,56.2400,41,2
2026-03-30,601318,13:35:24,56.2500,25,1
2026-03-30,601318,13:35:27,56.2400,86,2
2026-03-30,601318,13:35:30,56.2500,31,1
2026-03-30,601318,13:35:33,56.2500,175,1
2026-03-30,601318,13:35:36,56.2500,126,1
2026-03-30,601318,13:35:39,56.2600,269,1
2026-03-30,601318,13:35:42,56.2600,39,1
2026-03-30,601318,13:35:45,56.2500,24,2
2026-03-30,601318,13:35:48,56.2600,92,1
2026-03-30,601318,13:35:51,56.2500,15,2
2026-03-30,601318,13:35:54,56.2500,53,2
2026-03-30,601318,13:35:57,56.2600,71,1
2026-03-30,601318,13:36:00,56.2500,38,2
2026-03-30,601318,13:36:03,56.2500,27,2
2026-03-30,601318,13:36:06,56.2600,41,1
2026-03-30,601318,13:36:09,56.2600,4,1
2026-03-30,601318,13:36:12,56.2600,26,1
2026-03-30,601318,13:36:15,56.2600,421,1
2026-03-30,601318,13:36:18,56.2700,125,1
2026-03-30,601318,13:36:21,56.2600,15,2
2026-03-30,601318,13:36:24,56.2600,79,2
2026-03-30,601318,13:36:27,56.2600,219,2
2026-03-30,601318,13:36:30,56.2600,57,1
2026-03-30,601318,13:36:33,56.2600,134,1
2026-03-30,601318,13:36:36,56.2600,10,1
2026-03-30,601318,13:36:39,56.2600,11,1
2026-03-30,601318,13:36:42,56.2600,20,1
2026-03-30,601318,13:36:45,56.2400,37,2
2026-03-30,601318,13:36:48,56.2500,28,1
2026-03-30,601318,13:36:51,56.2400,35,2
2026-03-30,601318,13:36:54,56.2400,36,2
2026-03-30,601318,13:36:57,56.2400,21,2
2026-03-30,601318,13:37:00,56.2400,19,2
2026-03-30,601318,13:37:03,56.2400,85,2
2026-03-30,601318,13:37:06,56.2400,159,2
2026-03-30,601318,13:37:09,56.2300,42,2
2026-03-30,601318,13:37:12,56.2400,28,1
2026-03-30,601318,13:37:15,56.2200,95,2
2026-03-30,601318,13:37:18,56.2300,49,4
2026-03-30,601318,13:37:21,56.2200,16,2
2026-03-30,601318,13:37:24,56.2300,28,1
2026-03-30,601318,13:37:27,56.2200,86,1
2026-03-30,601318,13:37:30,56.2200,102,1
2026-03-30,601318,13:37:33,56.2100,56,2
2026-03-30,601318,13:37:36,56.2000,90,2
2026-03-30,601318,13:37:39,56.2100,36,1
2026-03-30,601318,13:37:42,56.2100,83,1
2026-03-30,601318,13:37:45,56.2000,14,2
2026-03-30,601318,13:37:48,56.2000,28,2
2026-03-30,601318,13:37:51,56.2100,44,1
2026-03-30,601318,13:37:54,56.2000,114,2
2026-03-30,601318,13:37:57,56.2100,52,1
2026-03-30,601318,13:38:00,56.2000,23,2
2026-03-30,601318,13:38:03,56.1900,58,2
2026-03-30,601318,13:38:06,56.1900,74,2
2026-03-30,601318,13:38:09,56.2000,133,1
2026-03-30,601318,13:38:12,56.1700,84,2
2026-03-30,601318,13:38:15,56.1800,69,1
2026-03-30,601318,13:38:18,56.1800,120,1
2026-03-30,601318,13:38:21,56.1600,156,2
2026-03-30,601318,13:38:24,56.1600,86,2
2026-03-30,601318,13:38:27,56.1600,37,2
2026-03-30,601318,13:38:30,56.1700,33,1
2026-03-30,601318,13:38:33,56.1600,96,2
2026-03-30,601318,13:38:36,56.1600,29,2
2026-03-30,601318,13:38:39,56.1300,386,2
2026-03-30,601318,13:38:42,56.1300,122,2
2026-03-30,601318,13:38:45,56.1200,92,2
2026-03-30,601318,13:38:48,56.1200,152,2
2026-03-30,601318,13:38:51,56.1300,99,1
2026-03-30,601318,13:38:54,56.1100,164,2
2026-03-30,601318,13:38:57,56.1200,32,1
2026-03-30,601318,13:39:00,56.1200,129,1
2026-03-30,601318,13:39:03,56.1100,86,2
2026-03-30,601318,13:39:06,56.1000,376,2
2026-03-30,601318,13:39:09,56.1000,32,2
2026-03-30,601318,13:39:12,56.1000,84,2
2026-03-30,601318,13:39:15,56.1000,65,2
2026-03-30,601318,13:39:18,56.1000,61,2
2026-03-30,601318,13:39:21,56.1100,301,1
2026-03-30,601318,13:39:24,56.1000,282,2
2026-03-30,601318,13:39:27,56.1100,132,1
2026-03-30,601318,13:39:30,56.1100,101,1
2026-03-30,601318,13:39:33,56.1000,155,2
2026-03-30,601318,13:39:36,56.0900,276,2
2026-03-30,601318,13:39:39,56.1200,193,1
2026-03-30,601318,13:39:42,56.0900,293,2
2026-03-30,601318,13:39:45,56.1000,115,2
2026-03-30,601318,13:39:48,56.0800,101,2
2026-03-30,601318,13:39:51,56.0700,110,2
2026-03-30,601318,13:39:54,56.0800,116,1
2026-03-30,601318,13:39:57,56.0800,18,1
2026-03-30,601318,13:40:00,56.0800,126,1
2026-03-30,601318,13:40:03,56.0700,83,2
2026-03-30,601318,13:40:06,56.0800,17,1
2026-03-30,601318,13:40:09,56.0800,119,1
2026-03-30,601318,13:40:12,56.0800,23,2
2026-03-30,601318,13:40:15,56.0700,42,2
2026-03-30,601318,13:40:18,56.0700,30,2
2026-03-30,601318,13:40:21,56.0900,60,1
2026-03-30,601318,13:40:24,56.0700,27,2
2026-03-30,601318,13:40:27,56.0800,16,2
2026-03-30,601318,13:40:30,56.1100,497,1
2026-03-30,601318,13:40:33,56.1000,110,2
2026-03-30,601318,13:40:36,56.1000,30,1
2026-03-30,601318,13:40:39,56.1000,47,1
2026-03-30,601318,13:40:42,56.0900,16,2
2026-03-30,601318,13:40:45,56.1000,30,1
2026-03-30,601318,13:40:48,56.0900,19,2
2026-03-30,601318,13:40:51,56.1000,158,1
2026-03-30,601318,13:40:54,56.0900,35,2
2026-03-30,601318,13:40:57,56.1000,1,1
2026-03-30,601318,13:41:00,56.1000,45,1
2026-03-30,601318,13:41:03,56.0900,64,2
2026-03-30,601318,13:41:06,56.0900,15,2
2026-03-30,601318,13:41:09,56.0900,30,2
2026-03-30,601318,13:41:12,56.0900,51,2
2026-03-30,601318,13:41:15,56.0900,16,2
2026-03-30,601318,13:41:18,56.1000,13,1
2026-03-30,601318,13:41:21,56.1000,16,1
2026-03-30,601318,13:41:24,56.1000,7,1
2026-03-30,601318,13:41:27,56.1000,337,1
2026-03-30,601318,13:41:30,56.1000,16,1
2026-03-30,601318,13:41:33,56.1000,54,2
2026-03-30,601318,13:41:36,56.1000,64,2
2026-03-30,601318,13:41:39,56.1100,45,1
2026-03-30,601318,13:41:42,56.1000,11,2
2026-03-30,601318,13:41:45,56.1000,10,2
2026-03-30,601318,13:41:48,56.1000,26,2
2026-03-30,601318,13:41:51,56.1100,6,1
2026-03-30,601318,13:41:54,56.1100,13,1
2026-03-30,601318,13:41:57,56.1100,227,1
2026-03-30,601318,13:42:00,56.1100,35,1
2026-03-30,601318,13:42:03,56.1100,113,1
2026-03-30,601318,13:42:06,56.1100,24,1
2026-03-30,601318,13:42:09,56.1100,163,1
2026-03-30,601318,13:42:12,56.1100,139,1
2026-03-30,601318,13:42:15,56.1100,108,1
2026-03-30,601318,13:42:18,56.1200,10,1
2026-03-30,601318,13:42:21,56.1100,25,2
2026-03-30,601318,13:42:24,56.1200,46,1
2026-03-30,601318,13:42:27,56.1200,47,1
2026-03-30,601318,13:42:30,56.1200,7,1
2026-03-30,601318,13:42:33,56.1100,88,2
2026-03-30,601318,13:42:36,56.1100,472,2
2026-03-30,601318,13:42:39,56.1100,299,1
2026-03-30,601318,13:42:42,56.1100,28,1
2026-03-30,601318,13:42:45,56.1000,118,2
2026-03-30,601318,13:42:48,56.1000,41,2
2026-03-30,601318,13:42:51,56.0900,64,2
2026-03-30,601318,13:42:54,56.0800,33,2
2026-03-30,601318,13:42:57,56.0900,28,1
2026-03-30,601318,13:43:00,56.1000,40,1
2026-03-30,601318,13:43:03,56.1000,74,1
2026-03-30,601318,13:43:06,56.0900,18,2
2026-03-30,601318,13:43:09,56.1000,46,1
2026-03-30,601318,13:43:12,56.0900,16,2
2026-03-30,601318,13:43:15,56.0900,34,2
2026-03-30,601318,13:43:18,56.1000,52,1
2026-03-30,601318,13:43:21,56.0900,24,2
2026-03-30,601318,13:43:24,56.0900,34,2
2026-03-30,601318,13:43:27,56.0800,23,2
2026-03-30,601318,13:43:30,56.0800,18,2
2026-03-30,601318,13:43:33,56.0800,67,2
2026-03-30,601318,13:43:36,56.0800,56,2
2026-03-30,601318,13:43:39,56.0800,58,2
2026-03-30,601318,13:43:42,56.0800,23,2
2026-03-30,601318,13:43:45,56.0800,27,2
2026-03-30,601318,13:43:48,56.0800,95,2
2026-03-30,601318,13:43:51,56.0800,40,2
2026-03-30,601318,13:43:54,56.0800,73,2
2026-03-30,601318,13:43:57,56.0800,168,2
2026-03-30,601318,13:44:00,56.0800,72,2
2026-03-30,601318,13:44:03,56.0800,148,2
2026-03-30,601318,13:44:06,56.0800,74,2
2026-03-30,601318,13:44:09,56.0800,36,2
2026-03-30,601318,13:44:12,56.0800,64,1
2026-03-30,601318,13:44:15,56.0800,26,1
2026-03-30,601318,13:44:18,56.0800,78,1
2026-03-30,601318,13:44:21,56.0800,5,1
2026-03-30,601318,13:44:24,56.0700,90,2
2026-03-30,601318,13:44:27,56.0700,61,2
2026-03-30,601318,13:44:30,56.0800,84,1
2026-03-30,601318,13:44:33,56.0700,134,2
2026-03-30,601318,13:44:36,56.0600,109,2
2026-03-30,601318,13:44:39,56.0600,282,2
2026-03-30,601318,13:44:42,56.0600,62,1
2026-03-30,601318,13:44:45,56.0600,27,1
2026-03-30,601318,13:44:48,56.0600,34,1
2026-03-30,601318,13:44:51,56.0600,21,1
2026-03-30,601318,13:44:54,56.0500,130,2
2026-03-30,601318,13:44:57,56.0600,20,1
2026-03-30,601318,13:45:00,56.0600,292,1
2026-03-30,601318,13:45:03,56.0600,317,1
2026-03-30,601318,13:45:06,56.0600,131,1
2026-03-30,601318,13:45:09,56.0600,70,1
2026-03-30,601318,13:45:12,56.0600,36,1
2026-03-30,601318,13:45:15,56.0600,29,1
2026-03-30,601318,13:45:18,56.0500,180,2
2026-03-30,601318,13:45:21,56.0500,152,1
2026-03-30,601318,13:45:24,56.0400,82,2
2026-03-30,601318,13:45:27,56.0400,40,2
2026-03-30,601318,13:45:30,56.0300,121,2
2026-03-30,601318,13:45:33,56.0400,73,2
2026-03-30,601318,13:45:36,56.0700,1093,1
2026-03-30,601318,13:45:39,56.0600,146,1
2026-03-30,601318,13:45:42,56.0800,39,1
2026-03-30,601318,13:45:45,56.0700,14,2
2026-03-30,601318,13:45:48,56.0700,64,2
2026-03-30,601318,13:45:51,56.0700,23,1
2026-03-30,601318,13:45:54,56.0700,46,1
2026-03-30,601318,13:45:57,56.0600,27,2
2026-03-30,601318,13:46:00,56.0600,32,2
2026-03-30,601318,13:46:03,56.0600,37,2
2026-03-30,601318,13:46:06,56.0600,60,2
2026-03-30,601318,13:46:09,56.0600,20,1
2026-03-30,601318,13:46:12,56.0700,42,1
2026-03-30,601318,13:46:15,56.0700,38,1
2026-03-30,601318,13:46:18,56.0600,34,2
2026-03-30,601318,13:46:21,56.0600,46,2
2026-03-30,601318,13:46:24,56.0700,29,1
2026-03-30,601318,13:46:27,56.0700,44,1
2026-03-30,601318,13:46:30,56.0600,18,2
2026-03-30,601318,13:46:33,56.0600,53,2
2026-03-30,601318,13:46:36,56.0600,307,2
2026-03-30,601318,13:46:39,56.0500,21,2
2026-03-30,601318,13:46:42,56.0600,103,1
2026-03-30,601318,13:46:45,56.0600,26,2
2026-03-30,601318,13:46:48,56.0700,61,1
2026-03-30,601318,13:46:51,56.0700,77,1
2026-03-30,601318,13:46:54,56.0700,23,1
2026-03-30,601318,13:46:57,56.0600,71,2
2026-03-30,601318,13:47:00,56.0500,74,2
2026-03-30,601318,13:47:03,56.0600,84,1
2026-03-30,601318,13:47:06,56.0500,40,2
2026-03-30,601318,13:47:09,56.0600,40,1
2026-03-30,601318,13:47:12,56.0600,46,1
2026-03-30,601318,13:47:15,56.0600,94,1
2026-03-30,601318,13:47:18,56.0600,62,1
2026-03-30,601318,13:47:21,56.0600,80,1
2026-03-30,601318,13:47:24,56.0500,85,2
2026-03-30,601318,13:47:27,56.0600,26,1
2026-03-30,601318,13:47:30,56.0500,46,2
2026-03-30,601318,13:47:33,56.0600,22,1
2026-03-30,601318,13:47:36,56.0500,39,2
2026-03-30,601318,13:47:39,56.0500,21,2
2026-03-30,601318,13:47:42,56.0600,28,1
2026-03-30,601318,13:47:45,56.0600,550,1
2026-03-30,601318,13:47:48,56.0800,189,1
2026-03-30,601318,13:47:51,56.0900,40,1
2026-03-30,601318,13:47:54,56.0900,27,1
2026-03-30,601318,13:47:57,56.0800,165,2
2026-03-30,601318,13:48:00,56.0800,26,1
2026-03-30,601318,13:48:03,56.0700,31,2
2026-03-30,601318,13:48:06,56.0700,75,2
2026-03-30,601318,13:48:09,56.0800,36,1
2026-03-30,601318,13:48:12,56.0700,16,2
2026-03-30,601318,13:48:15,56.0700,8,2
2026-03-30,601318,13:48:18,56.0700,41,2
2026-03-30,601318,13:48:21,56.0700,18,2
2026-03-30,601318,13:48:24,56.0700,34,2
2026-03-30,601318,13:48:27,56.0800,8,1
2026-03-30,601318,13:48:30,56.0700,61,2
2026-03-30,601318,13:48:33,56.0700,5,2
2026-03-30,601318,13:48:36,56.0700,68,2
2026-03-30,601318,13:48:39,56.0800,18,1
2026-03-30,601318,13:48:42,56.0700,8,2
2026-03-30,601318,13:48:45,56.0700,31,2
2026-03-30,601318,13:48:48,56.0800,63,1
2026-03-30,601318,13:48:51,56.0800,28,1
2026-03-30,601318,13:48:54,56.0700,39,2
2026-03-30,601318,13:48:57,56.0800,164,1
2026-03-30,601318,13:49:00,56.0800,40,1
2026-03-30,601318,13:49:03,56.0800,120,1
2026-03-30,601318,13:49:06,56.0800,201,1
2026-03-30,601318,13:49:09,56.0900,234,1
2026-03-30,601318,13:49:12,56.0900,76,2
2026-03-30,601318,13:49:15,56.1000,40,1
2026-03-30,601318,13:49:18,56.1000,112,1
2026-03-30,601318,13:49:21,56.1000,36,1
2026-03-30,601318,13:49:24,56.1000,62,1
2026-03-30,601318,13:49:27,56.0900,17,2
2026-03-30,601318,13:49:30,56.0900,35,2
2026-03-30,601318,13:49:33,56.0900,15,2
2026-03-30,601318,13:49:36,56.1000,23,1
2026-03-30,601318,13:49:39,56.0900,21,2
2026-03-30,601318,13:49:42,56.1000,3,1
2026-03-30,601318,13:49:45,56.1000,139,1
2026-03-30,601318,13:49:48,56.0900,17,2
2026-03-30,601318,13:49:51,56.1100,234,1
2026-03-30,601318,13:49:54,56.1000,32,2
2026-03-30,601318,13:49:57,56.1100,37,1
2026-03-30,601318,13:50:00,56.1100,56,1
2026-03-30,601318,13:50:03,56.1100,95,1
2026-03-30,601318,13:50:06,56.1100,22,1
2026-03-30,601318,13:50:09,56.1000,90,2
2026-03-30,601318,13:50:12,56.1100,35,1
2026-03-30,601318,13:50:15,56.1100,42,1
2026-03-30,601318,13:50:18,56.1100,226,1
2026-03-30,601318,13:50:21,56.1100,22,1
2026-03-30,601318,13:50:24,56.1000,69,2
2026-03-30,601318,13:50:27,56.1100,113,1
2026-03-30,601318,13:50:30,56.1100,216,1
2026-03-30,601318,13:50:33,56.1200,223,1
2026-03-30,601318,13:50:36,56.1300,77,4
2026-03-30,601318,13:50:39,56.1200,29,4
2026-03-30,601318,13:50:42,56.1300,46,1
2026-03-30,601318,13:50:45,56.1200,33,2
2026-03-30,601318,13:50:48,56.1400,12,1
2026-03-30,601318,13:50:51,56.1300,73,2
2026-03-30,601318,13:50:54,56.1300,15,1
2026-03-30,601318,13:50:57,56.1300,33,1
2026-03-30,601318,13:51:00,56.1300,49,1
2026-03-30,601318,13:51:03,56.1300,15,2
2026-03-30,601318,13:51:06,56.1400,97,1
2026-03-30,601318,13:51:09,56.1400,29,4
2026-03-30,601318,13:51:12,56.1600,58,1
2026-03-30,601318,13:51:15,56.1400,14,2
2026-03-30,601318,13:51:18,56.1300,74,2
2026-03-30,601318,13:51:21,56.1300,36,2
2026-03-30,601318,13:51:24,56.1300,33,2
2026-03-30,601318,13:51:27,56.1200,59,2
2026-03-30,601318,13:51:30,56.1300,25,4
2026-03-30,601318,13:51:33,56.1300,33,2
2026-03-30,601318,13:51:36,56.1200,20,2
2026-03-30,601318,13:51:39,56.1300,34,1
2026-03-30,601318,13:51:42,56.1300,79,1
2026-03-30,601318,13:51:45,56.1300,17,1
2026-03-30,601318,13:51:48,56.1300,9,1
2026-03-30,601318,13:51:51,56.1200,76,2
2026-03-30,601318,13:51:54,56.1300,218,1
2026-03-30,601318,13:51:57,56.1300,9,1
2026-03-30,601318,13:52:00,56.1300,42,1
2026-03-30,601318,13:52:03,56.1300,217,1
2026-03-30,601318,13:52:06,56.1400,314,1
2026-03-30,601318,13:52:09,56.1400,21,1
2026-03-30,601318,13:52:12,56.1400,68,1
2026-03-30,601318,13:52:15,56.1400,44,1
2026-03-30,601318,13:52:18,56.1400,146,1
2026-03-30,601318,13:52:21,56.1400,43,1
2026-03-30,601318,13:52:24,56.1300,209,2
2026-03-30,601318,13:52:27,56.1400,70,1
2026-03-30,601318,13:52:30,56.1300,77,2
2026-03-30,601318,13:52:33,56.1300,36,2
2026-03-30,601318,13:52:36,56.1300,34,2
2026-03-30,601318,13:52:39,56.1300,3,2
2026-03-30,601318,13:52:42,56.1400,36,1
2026-03-30,601318,13:52:45,56.1300,3,2
2026-03-30,601318,13:52:48,56.1400,200,1
2026-03-30,601318,13:52:51,56.1300,57,2
2026-03-30,601318,13:52:54,56.1400,14,2
2026-03-30,601318,13:52:57,56.1400,27,1
2026-03-30,601318,13:53:00,56.1400,14,1
2026-03-30,601318,13:53:03,56.1400,24,1
2026-03-30,601318,13:53:06,56.1400,36,1
2026-03-30,601318,13:53:09,56.1300,7,2
2026-03-30,601318,13:53:12,56.1400,79,1
2026-03-30,601318,13:53:15,56.1300,130,2
2026-03-30,601318,13:53:18,56.1300,16,1
2026-03-30,601318,13:53:21,56.1300,71,1
2026-03-30,601318,13:53:24,56.1300,14,1
2026-03-30,601318,13:53:27,56.1300,20,1
2026-03-30,601318,13:53:30,56.1300,14,1
2026-03-30,601318,13:53:33,56.1200,11,2
2026-03-30,601318,13:53:36,56.1200,46,2
2026-03-30,601318,13:53:39,56.1300,47,1
2026-03-30,601318,13:53:42,56.1200,60,2
2026-03-30,601318,13:53:45,56.1300,29,1
2026-03-30,601318,13:53:48,56.1300,29,1
2026-03-30,601318,13:53:51,56.1300,450,1
2026-03-30,601318,13:53:54,56.1300,81,2
2026-03-30,601318,13:53:57,56.1300,22,2
2026-03-30,601318,13:54:00,56.1300,60,2
2026-03-30,601318,13:54:03,56.1400,57,1
2026-03-30,601318,13:54:06,56.1400,224,1
2026-03-30,601318,13:54:09,56.1300,64,2
2026-03-30,601318,13:54:12,56.1300,40,2
2026-03-30,601318,13:54:15,56.1300,48,2
2026-03-30,601318,13:54:18,56.1300,137,1
2026-03-30,601318,13:54:21,56.1300,53,2
2026-03-30,601318,13:54:24,56.1300,37,2
2026-03-30,601318,13:54:27,56.1300,36,2
2026-03-30,601318,13:54:30,56.1400,15,1
2026-03-30,601318,13:54:33,56.1400,78,1
2026-03-30,601318,13:54:36,56.1400,5,1
2026-03-30,601318,13:54:39,56.1400,13,1
2026-03-30,601318,13:54:42,56.1400,18,1
2026-03-30,601318,13:54:45,56.1300,83,2
2026-03-30,601318,13:54:48,56.1300,28,2
2026-03-30,601318,13:54:51,56.1400,156,1
2026-03-30,601318,13:54:54,56.1300,50,4
2026-03-30,601318,13:54:57,56.1300,16,2
2026-03-30,601318,13:55:00,56.1400,72,1
2026-03-30,601318,13:55:03,56.1400,20,1
2026-03-30,601318,13:55:06,56.1300,87,2
2026-03-30,601318,13:55:09,56.1300,39,2
2026-03-30,601318,13:55:12,56.1300,40,2
2026-03-30,601318,13:55:15,56.1300,18,2
2026-03-30,601318,13:55:18,56.1400,50,1
2026-03-30,601318,13:55:21,56.1100,79,2
2026-03-30,601318,13:55:24,56.1100,25,2
2026-03-30,601318,13:55:27,56.1200,126,1
2026-03-30,601318,13:55:30,56.1100,79,2
2026-03-30,601318,13:55:33,56.1200,30,4
2026-03-30,601318,13:55:36,56.1100,214,2
2026-03-30,601318,13:55:39,56.1100,16,4
2026-03-30,601318,13:55:42,56.1200,64,1
2026-03-30,601318,13:55:45,56.1100,62,4
2026-03-30,601318,13:55:48,56.1000,52,2
2026-03-30,601318,13:55:51,56.1100,196,4
2026-03-30,601318,13:55:54,56.1000,45,2
2026-03-30,601318,13:55:57,56.1000,28,2
2026-03-30,601318,13:56:00,56.1000,46,2
2026-03-30,601318,13:56:03,56.1100,86,1
2026-03-30,601318,13:56:06,56.1000,42,2
2026-03-30,601318,13:56:09,56.1000,45,2
2026-03-30,601318,13:56:12,56.1100,53,1
2026-03-30,601318,13:56:15,56.1000,423,2
2026-03-30,601318,13:56:18,56.1000,203,2
2026-03-30,601318,13:56:21,56.1200,164,1
2026-03-30,601318,13:56:24,56.1200,327,1
2026-03-30,601318,13:56:27,56.1300,47,1
2026-03-30,601318,13:56:30,56.1200,34,2
2026-03-30,601318,13:56:33,56.1400,137,1
2026-03-30,601318,13:56:36,56.1400,71,2
2026-03-30,601318,13:56:39,56.1400,1,2
2026-03-30,601318,13:56:42,56.1400,32,2
2026-03-30,601318,13:56:45,56.1500,48,1
2026-03-30,601318,13:56:48,56.1500,47,1
2026-03-30,601318,13:56:51,56.1500,21,1
2026-03-30,601318,13:56:54,56.1400,103,2
2026-03-30,601318,13:56:57,56.1400,17,2
2026-03-30,601318,13:57:00,56.1500,53,1
2026-03-30,601318,13:57:03,56.1400,17,2
2026-03-30,601318,13:57:06,56.1500,354,1
2026-03-30,601318,13:57:09,56.1600,6,1
2026-03-30,601318,13:57:12,56.1600,60,1
2026-03-30,601318,13:57:15,56.1500,39,2
2026-03-30,601318,13:57:18,56.1600,43,1
2026-03-30,601318,13:57:21,56.1600,17,1
2026-03-30,601318,13:57:24,56.1500,79,2
2026-03-30,601318,13:57:27,56.1600,27,1
2026-03-30,601318,13:57:30,56.1600,48,1
2026-03-30,601318,13:57:33,56.1500,60,2
2026-03-30,601318,13:57:36,56.1600,16,1
2026-03-30,601318,13:57:39,56.1500,79,2
2026-03-30,601318,13:57:42,56.1600,40,1
2026-03-30,601318,13:57:45,56.1600,5,1
2026-03-30,601318,13:57:48,56.1600,157,1
2026-03-30,601318,13:57:51,56.1600,72,1
2026-03-30,601318,13:57:54,56.1600,242,1
2026-03-30,601318,13:57:57,56.1600,119,1
2026-03-30,601318,13:58:00,56.1700,27,1
2026-03-30,601318,13:58:03,56.1600,130,2
2026-03-30,601318,13:58:06,56.1600,74,1
2026-03-30,601318,13:58:09,56.1600,32,1
2026-03-30,601318,13:58:12,56.1600,64,1
2026-03-30,601318,13:58:15,56.1600,12,1
2026-03-30,601318,13:58:18,56.1600,49,1
2026-03-30,601318,13:58:21,56.1500,20,2
2026-03-30,601318,13:58:24,56.1500,54,2
2026-03-30,601318,13:58:27,56.1600,75,1
2026-03-30,601318,13:58:30,56.1600,56,1
2026-03-30,601318,13:58:33,56.1500,24,2
2026-03-30,601318,13:58:36,56.1600,55,1
2026-03-30,601318,13:58:39,56.1500,23,2
2026-03-30,601318,13:58:42,56.1500,35,2
2026-03-30,601318,13:58:45,56.1500,35,2
2026-03-30,601318,13:58:48,56.1500,481,2
2026-03-30,601318,13:58:51,56.1400,140,2
2026-03-30,601318,13:58:54,56.1300,35,2
2026-03-30,601318,13:58:57,56.1300,63,2
2026-03-30,601318,13:59:00,56.1200,32,2
2026-03-30,601318,13:59:03,56.1200,48,2
2026-03-30,601318,13:59:06,56.1300,68,1
2026-03-30,601318,13:59:09,56.1200,342,2
2026-03-30,601318,13:59:12,56.1300,265,1
2026-03-30,601318,13:59:15,56.1300,89,1
2026-03-30,601318,13:59:18,56.1300,148,4
2026-03-30,601318,13:59:21,56.1400,111,1
2026-03-30,601318,13:59:24,56.1300,116,1
2026-03-30,601318,13:59:27,56.1500,64,1
2026-03-30,601318,13:59:30,56.1400,28,4
2026-03-30,601318,13:59:33,56.1400,248,2
2026-03-30,601318,13:59:36,56.1500,15,1
2026-03-30,601318,13:59:39,56.1500,26,1
2026-03-30,601318,13:59:42,56.1400,65,2
2026-03-30,601318,13:59:45,56.1400,39,2
2026-03-30,601318,13:59:48,56.1500,13,1
2026-03-30,601318,13:59:51,56.1500,76,1
2026-03-30,601318,13:59:54,56.1400,35,2
2026-03-30,601318,13:59:57,56.1500,30,1
2026-03-30,601318,14:00:00,56.1500,74,1
2026-03-30,601318,14:00:03,56.1400,82,2
2026-03-30,601318,14:00:06,56.1400,19,2
2026-03-30,601318,14:00:09,56.1500,23,1
2026-03-30,601318,14:00:12,56.1500,12,1
2026-03-30,601318,14:00:15,56.1500,131,1
2026-03-30,601318,14:00:18,56.1600,311,1
2026-03-30,601318,14:00:21,56.1600,279,1
2026-03-30,601318,14:00:24,56.1700,114,1
2026-03-30,601318,14:00:27,56.1700,70,1
2026-03-30,601318,14:00:30,56.1700,45,1
2026-03-30,601318,14:00:33,56.1900,50,1
2026-03-30,601318,14:00:36,56.1800,15,2
2026-03-30,601318,14:00:39,56.1900,20,1
2026-03-30,601318,14:00:42,56.1900,26,1
2026-03-30,601318,14:00:45,56.1900,117,1
2026-03-30,601318,14:00:48,56.1900,29,1
2026-03-30,601318,14:00:51,56.1900,63,1
2026-03-30,601318,14:00:54,56.1900,344,1
2026-03-30,601318,14:00:57,56.2100,175,1
2026-03-30,601318,14:01:00,56.2300,10,1
2026-03-30,601318,14:01:03,56.2200,71,1
2026-03-30,601318,14:01:06,56.2300,47,1
2026-03-30,601318,14:01:09,56.2300,28,1
2026-03-30,601318,14:01:12,56.2500,286,1
2026-03-30,601318,14:01:15,56.2500,86,2
2026-03-30,601318,14:01:18,56.2500,45,2
2026-03-30,601318,14:01:21,56.2500,15,1
2026-03-30,601318,14:01:24,56.2500,51,1
2026-03-30,601318,14:01:27,56.2300,76,2
2026-03-30,601318,14:01:30,56.2400,283,4
2026-03-30,601318,14:01:33,56.2500,938,1
2026-03-30,601318,14:01:36,56.2400,189,2
2026-03-30,601318,14:01:39,56.2600,39,1
2026-03-30,601318,14:01:42,56.2400,46,2
2026-03-30,601318,14:01:45,56.2400,15,1
2026-03-30,601318,14:01:48,56.2300,253,2
2026-03-30,601318,14:01:51,56.2300,24,1
2026-03-30,601318,14:01:54,56.2300,194,1
2026-03-30,601318,14:01:57,56.2200,30,2
2026-03-30,601318,14:02:00,56.2300,17,1
2026-03-30,601318,14:02:03,56.2300,63,1
2026-03-30,601318,14:02:06,56.2300,47,2
2026-03-30,601318,14:02:12,56.2400,43,1
2026-03-30,601318,14:02:15,56.2300,78,2
2026-03-30,601318,14:02:18,56.2300,36,2
2026-03-30,601318,14:02:21,56.2200,25,2
2026-03-30,601318,14:02:24,56.2300,77,1
2026-03-30,601318,14:02:27,56.2200,45,2
2026-03-30,601318,14:02:30,56.2200,25,1
2026-03-30,601318,14:02:33,56.2200,28,1
2026-03-30,601318,14:02:36,56.2100,11,2
2026-03-30,601318,14:02:39,56.2200,49,1
2026-03-30,601318,14:02:42,56.2100,162,2
2026-03-30,601318,14:02:45,56.2000,24,2
2026-03-30,601318,14:02:48,56.2000,92,2
2026-03-30,601318,14:02:51,56.1900,74,2
2026-03-30,601318,14:02:54,56.1800,46,2
2026-03-30,601318,14:02:57,56.1800,32,2
2026-03-30,601318,14:03:00,56.1800,73,2
2026-03-30,601318,14:03:03,56.1600,68,2
2026-03-30,601318,14:03:06,56.1500,92,2
2026-03-30,601318,14:03:09,56.1600,136,1
2026-03-30,601318,14:03:12,56.1600,143,1
2026-03-30,601318,14:03:15,56.1500,83,2
2026-03-30,601318,14:03:18,56.1500,180,2
2026-03-30,601318,14:03:21,56.1600,74,2
2026-03-30,601318,14:03:24,56.1600,41,1
2026-03-30,601318,14:03:27,56.1600,63,2
2026-03-30,601318,14:03:30,56.1700,60,1
2026-03-30,601318,14:03:33,56.1800,281,1
2026-03-30,601318,14:03:36,56.1500,222,2
2026-03-30,601318,14:03:39,56.1700,17,1
2026-03-30,601318,14:03:42,56.1600,117,2
2026-03-30,601318,14:03:45,56.1600,49,2
2026-03-30,601318,14:03:48,56.1500,38,2
2026-03-30,601318,14:03:51,56.1600,59,1
2026-03-30,601318,14:03:54,56.1600,170,1
2026-03-30,601318,14:03:57,56.1600,105,1
2026-03-30,601318,14:04:00,56.1600,86,1
2026-03-30,601318,14:04:03,56.1800,250,1
2026-03-30,601318,14:04:06,56.1900,442,1
2026-03-30,601318,14:04:09,56.2100,285,1
2026-03-30,601318,14:04:12,56.2200,126,2
2026-03-30,601318,14:04:15,56.2100,41,2
2026-03-30,601318,14:04:18,56.2300,115,1
2026-03-30,601318,14:04:21,56.2100,54,2
2026-03-30,601318,14:04:24,56.2400,177,1
2026-03-30,601318,14:04:27,56.2200,4,2
2026-03-30,601318,14:04:30,56.2200,17,1
2026-03-30,601318,14:04:33,56.2200,29,1
2026-03-30,601318,14:04:36,56.2100,82,2
2026-03-30,601318,14:04:39,56.2100,47,1
2026-03-30,601318,14:04:42,56.2100,73,1
2026-03-30,601318,14:04:45,56.2000,19,2
2026-03-30,601318,14:04:48,56.2000,47,1
2026-03-30,601318,14:04:51,56.1900,143,4
2026-03-30,601318,14:04:54,56.1900,141,1
2026-03-30,601318,14:04:57,56.1700,50,2
2026-03-30,601318,14:05:00,56.1800,148,2
2026-03-30,601318,14:05:03,56.1800,60,1
2026-03-30,601318,14:05:06,56.1800,59,1
2026-03-30,601318,14:05:09,56.1800,29,1
2026-03-30,601318,14:05:12,56.1700,76,2
2026-03-30,601318,14:05:15,56.1800,249,1
2026-03-30,601318,14:05:18,56.1700,212,2
2026-03-30,601318,14:05:21,56.1700,68,1
2026-03-30,601318,14:05:24,56.1700,89,1
2026-03-30,601318,14:05:27,56.1700,119,1
2026-03-30,601318,14:05:30,56.1700,37,1
2026-03-30,601318,14:05:33,56.1700,52,1
2026-03-30,601318,14:05:36,56.1600,5,2
2026-03-30,601318,14:05:39,56.1600,21,2
2026-03-30,601318,14:05:42,56.1600,179,2
2026-03-30,601318,14:05:45,56.1600,41,2
2026-03-30,601318,14:05:48,56.1600,33,2
2026-03-30,601318,14:05:51,56.1600,50,2
2026-03-30,601318,14:05:54,56.1600,14,2
2026-03-30,601318,14:05:57,56.1700,58,1
2026-03-30,601318,14:06:00,56.1700,36,1
2026-03-30,601318,14:06:03,56.1500,218,2
2026-03-30,601318,14:06:06,56.1500,383,2
2026-03-30,601318,14:06:09,56.1600,117,4
2026-03-30,601318,14:06:12,56.1600,26,1
2026-03-30,601318,14:06:15,56.1600,71,1
2026-03-30,601318,14:06:18,56.1600,14,1
2026-03-30,601318,14:06:21,56.1400,37,2
2026-03-30,601318,14:06:24,56.1400,281,2
2026-03-30,601318,14:06:27,56.1700,164,1
2026-03-30,601318,14:06:30,56.1800,271,1
2026-03-30,601318,14:06:33,56.1700,65,2
2026-03-30,601318,14:06:36,56.1600,56,2
2026-03-30,601318,14:06:39,56.1800,22,1
2026-03-30,601318,14:06:42,56.1800,114,1
2026-03-30,601318,14:06:45,56.1700,39,2
2026-03-30,601318,14:06:48,56.1800,39,1
2026-03-30,601318,14:06:51,56.1700,73,2
2026-03-30,601318,14:06:54,56.1600,26,2
2026-03-30,601318,14:06:57,56.1600,38,2
2026-03-30,601318,14:07:00,56.1700,40,1
2026-03-30,601318,14:07:03,56.1700,90,1
2026-03-30,601318,10:56:54,56.0500,39,1
2026-03-30,601318,10:56:57,56.0400,62,2
2026-03-30,601318,10:57:00,56.0600,149,1
2026-03-30,601318,10:57:03,56.0400,55,2
2026-03-30,601318,10:57:06,56.0400,348,2
2026-03-30,601318,10:57:09,56.0500,85,1
2026-03-30,601318,10:57:12,56.0400,23,2
2026-03-30,601318,10:57:15,56.0500,11,1
2026-03-30,601318,10:57:18,56.0400,39,2
2026-03-30,601318,10:57:21,56.0300,49,2
2026-03-30,601318,10:57:24,56.0400,51,1
2026-03-30,601318,10:57:27,56.0300,17,2
2026-03-30,601318,10:57:30,56.0300,85,2
2026-03-30,601318,10:57:33,56.0200,50,2
2026-03-30,601318,10:57:36,56.0200,30,2
2026-03-30,601318,10:57:39,56.0200,52,2
2026-03-30,601318,10:57:42,56.0100,42,2
2026-03-30,601318,10:57:45,56.0200,553,1
2026-03-30,601318,10:57:48,56.0200,448,1
2026-03-30,601318,10:57:51,56.0100,149,2
2026-03-30,601318,10:57:54,56.0000,177,2
2026-03-30,601318,10:57:57,56.0200,46,4
2026-03-30,601318,10:58:00,56.0300,604,1
2026-03-30,601318,10:58:03,56.0400,169,1
2026-03-30,601318,10:58:06,56.0300,22,2
2026-03-30,601318,10:58:09,56.0400,83,1
2026-03-30,601318,10:58:12,56.0100,453,2
2026-03-30,601318,10:58:15,56.0300,49,1
2026-03-30,601318,10:58:18,56.0300,6,1
2026-03-30,601318,10:58:21,56.0300,80,1
2026-03-30,601318,10:58:24,56.0300,74,1
2026-03-30,601318,10:58:27,56.0200,18,2
2026-03-30,601318,10:58:30,56.0300,352,1
2026-03-30,601318,10:58:33,56.0200,25,2
2026-03-30,601318,10:58:36,56.0300,24,1
2026-03-30,601318,10:58:39,56.0300,56,1
2026-03-30,601318,10:58:42,56.0200,50,2
2026-03-30,601318,10:58:45,56.0100,27,2
2026-03-30,601318,10:58:48,56.0100,89,1
2026-03-30,601318,10:58:51,56.0200,167,1
2026-03-30,601318,10:58:54,56.0200,180,1
2026-03-30,601318,10:58:57,56.0100,25,2
2026-03-30,601318,10:59:00,56.0200,118,1
2026-03-30,601318,10:59:03,56.0000,284,2
2026-03-30,601318,10:59:06,56.0000,51,2
2026-03-30,601318,10:59:09,56.0000,56,2
2026-03-30,601318,10:59:12,56.0000,602,4
2026-03-30,601318,10:59:15,56.0000,45,2
2026-03-30,601318,10:59:18,56.0000,43,2
2026-03-30,601318,10:59:21,56.0000,40,1
2026-03-30,601318,10:59:24,55.9900,63,2
2026-03-30,601318,10:59:27,55.9900,65,2
2026-03-30,601318,10:59:30,56.0200,766,1
2026-03-30,601318,10:59:33,56.0300,72,1
2026-03-30,601318,10:59:36,56.0200,59,2
2026-03-30,601318,10:59:39,56.0100,216,2
2026-03-30,601318,10:59:42,56.0100,96,1
2026-03-30,601318,10:59:45,56.0100,78,2
2026-03-30,601318,10:59:48,56.0200,8,1
2026-03-30,601318,10:59:51,56.0200,74,1
2026-03-30,601318,10:59:54,56.0200,216,1
2026-03-30,601318,10:59:57,55.9800,208,2
2026-03-30,601318,11:00:00,56.0100,69,1
2026-03-30,601318,11:00:03,56.0000,31,4
2026-03-30,601318,11:00:06,56.0000,195,4
2026-03-30,601318,11:00:09,56.0000,43,2
2026-03-30,601318,11:00:12,56.0000,19,1
2026-03-30,601318,11:00:15,55.9900,88,2
2026-03-30,601318,11:00:18,56.0000,106,1
2026-03-30,601318,11:00:21,55.9900,11,2
2026-03-30,601318,11:00:24,56.0000,52,1
2026-03-30,601318,11:00:27,56.0100,272,1
2026-03-30,601318,11:00:30,56.0300,317,1
2026-03-30,601318,11:00:33,56.0300,100,1
2026-03-30,601318,11:00:36,56.0300,595,1
2026-03-30,601318,11:00:39,56.0300,139,1
2026-03-30,601318,11:00:42,56.0300,41,2
2026-03-30,601318,11:00:45,56.0400,44,1
2026-03-30,601318,11:00:48,56.0500,67,1
2026-03-30,601318,11:00:51,56.0500,72,1
2026-03-30,601318,11:00:54,56.0500,26,1
2026-03-30,601318,11:00:57,56.0500,19,1
2026-03-30,601318,11:01:00,56.0500,61,1
2026-03-30,601318,11:01:03,56.0500,67,1
2026-03-30,601318,11:01:06,56.0500,137,1
2026-03-30,601318,11:01:09,56.0500,73,1
2026-03-30,601318,11:01:12,56.0300,123,2
2026-03-30,601318,11:01:15,56.0300,29,2
2026-03-30,601318,11:01:18,56.0300,56,2
2026-03-30,601318,11:01:21,56.0300,12,1
2026-03-30,601318,11:01:24,56.0300,14,1
2026-03-30,601318,11:01:27,56.0300,29,1
2026-03-30,601318,11:01:30,56.0200,162,2
2026-03-30,601318,11:01:33,56.0100,60,2
2026-03-30,601318,11:01:36,56.0200,33,1
2026-03-30,601318,11:01:39,56.0200,60,1
2026-03-30,601318,11:01:42,56.0100,64,2
2026-03-30,601318,11:01:45,56.0200,64,1
2026-03-30,601318,11:01:48,56.0200,62,1
2026-03-30,601318,11:01:51,56.0100,27,2
2026-03-30,601318,11:01:54,56.0000,59,2
2026-03-30,601318,11:01:57,56.0100,230,1
2026-03-30,601318,11:02:00,56.0200,377,1
2026-03-30,601318,11:02:03,56.0100,183,2
2026-03-30,601318,11:02:06,56.0200,50,1
2026-03-30,601318,11:02:09,56.0400,409,1
2026-03-30,601318,11:02:12,56.0300,68,2
2026-03-30,601318,11:02:15,56.0400,42,1
2026-03-30,601318,11:02:18,56.0400,88,1
2026-03-30,601318,11:02:21,56.0500,273,1
2026-03-30,601318,11:02:24,56.0500,118,1
2026-03-30,601318,11:02:27,56.0500,46,1
2026-03-30,601318,11:02:30,56.0500,37,1
2026-03-30,601318,11:02:33,56.0500,15,1
2026-03-30,601318,11:02:36,56.0400,62,2
2026-03-30,601318,11:02:39,56.0400,7,2
2026-03-30,601318,11:02:42,56.0500,182,1
2026-03-30,601318,11:02:45,56.0500,25,2
2026-03-30,601318,11:02:48,56.0400,20,2
2026-03-30,601318,11:02:51,56.0600,122,1
2026-03-30,601318,11:02:54,56.0500,40,2
2026-03-30,601318,11:02:57,56.0600,18,1
2026-03-30,601318,11:03:00,56.0600,167,1
2026-03-30,601318,11:03:03,56.0500,57,2
2026-03-30,601318,11:03:06,56.0500,512,1
2026-03-30,601318,11:03:09,56.0600,18,4
2026-03-30,601318,11:03:12,56.0600,231,1
2026-03-30,601318,11:03:15,56.0600,54,2
2026-03-30,601318,11:03:18,56.0700,39,1
2026-03-30,601318,11:03:21,56.0700,42,1
2026-03-30,601318,11:03:24,56.0700,157,1
2026-03-30,601318,11:03:27,56.0800,25,1
2026-03-30,601318,11:03:30,56.0800,148,1
2026-03-30,601318,11:03:33,56.0800,57,1
2026-03-30,601318,11:03:36,56.0800,148,1
2026-03-30,601318,11:03:39,56.0800,17,1
2026-03-30,601318,11:03:42,56.0800,50,1
2026-03-30,601318,11:03:45,56.0800,16,1
2026-03-30,601318,11:03:48,56.0800,25,1
2026-03-30,601318,11:03:51,56.0800,92,1
2026-03-30,601318,11:03:54,56.0900,226,1
2026-03-30,601318,11:03:57,56.0900,37,1
2026-03-30,601318,11:04:00,56.0800,142,2
2026-03-30,601318,11:04:03,56.0900,243,1
2026-03-30,601318,11:04:06,56.0900,160,2
2026-03-30,601318,11:04:09,56.1000,12,4
2026-03-30,601318,11:04:12,56.1000,302,1
2026-03-30,601318,11:04:15,56.1100,59,1
2026-03-30,601318,11:04:18,56.1200,107,1
2026-03-30,601318,11:04:21,56.1100,146,2
2026-03-30,601318,11:04:24,56.1200,134,1
2026-03-30,601318,11:04:27,56.1100,6,2
2026-03-30,601318,11:04:30,56.1100,41,1
2026-03-30,601318,11:04:33,56.0900,232,2
2026-03-30,601318,11:04:36,56.1000,58,1
2026-03-30,601318,11:04:39,56.1100,35,1
2026-03-30,601318,11:04:42,56.1100,266,1
2026-03-30,601318,11:04:45,56.1200,148,1
2026-03-30,601318,11:04:48,56.1100,42,2
2026-03-30,601318,11:04:51,56.1200,252,1
2026-03-30,601318,11:04:54,56.1200,52,2
2026-03-30,601318,11:04:57,56.1200,143,2
2026-03-30,601318,11:05:00,56.1300,91,1
2026-03-30,601318,11:05:03,56.1300,48,1
2026-03-30,601318,11:05:06,56.1300,30,1
2026-03-30,601318,11:05:09,56.1200,40,1
2026-03-30,601318,11:05:12,56.1200,50,2
2026-03-30,601318,11:05:15,56.1300,76,1
2026-03-30,601318,11:05:18,56.1200,114,2
2026-03-30,601318,11:05:21,56.1200,45,2
2026-03-30,601318,11:05:24,56.1200,51,2
2026-03-30,601318,11:05:27,56.1300,44,1
2026-03-30,601318,11:05:30,56.1200,35,1
2026-03-30,601318,11:05:33,56.1300,287,1
2026-03-30,601318,11:05:36,56.1400,168,1
2026-03-30,601318,11:05:39,56.1400,36,1
2026-03-30,601318,11:05:42,56.1500,35,1
2026-03-30,601318,11:05:45,56.1500,27,1
2026-03-30,601318,11:05:48,56.1500,50,1
2026-03-30,601318,11:05:51,56.1500,95,1
2026-03-30,601318,11:05:54,56.1500,218,1
2026-03-30,601318,11:05:57,56.1600,61,1
2026-03-30,601318,11:06:00,56.1600,59,1
2026-03-30,601318,11:06:03,56.1500,73,2
2026-03-30,601318,11:06:06,56.1600,77,1
2026-03-30,601318,11:06:09,56.1800,134,1
2026-03-30,601318,11:06:12,56.1800,90,1
2026-03-30,601318,11:06:15,56.1700,78,2
2026-03-30,601318,11:06:18,56.1800,71,2
2026-03-30,601318,11:06:21,56.1800,23,1
2026-03-30,601318,11:06:24,56.1900,213,1
2026-03-30,601318,11:06:27,56.2000,174,1
2026-03-30,601318,11:06:30,56.2000,133,1
2026-03-30,601318,11:06:33,56.2000,71,1
2026-03-30,601318,11:06:36,56.1900,90,2
2026-03-30,601318,11:06:39,56.2000,228,1
2026-03-30,601318,11:06:42,56.2100,137,1
2026-03-30,601318,11:06:45,56.2000,158,1
2026-03-30,601318,11:06:48,56.2000,69,1
2026-03-30,601318,11:06:51,56.2000,288,1
2026-03-30,601318,11:06:54,56.2000,96,1
2026-03-30,601318,11:06:57,56.1900,54,2
2026-03-30,601318,11:07:00,56.2000,217,1
2026-03-30,601318,11:07:03,56.2000,101,1
2026-03-30,601318,11:07:06,56.2000,127,1
2026-03-30,601318,11:07:09,56.2100,283,1
2026-03-30,601318,11:07:12,56.2400,160,1
2026-03-30,601318,11:07:15,56.2400,120,1
2026-03-30,601318,11:07:18,56.2400,74,1
2026-03-30,601318,11:07:21,56.2700,1155,1
2026-03-30,601318,11:07:24,56.2800,389,1
2026-03-30,601318,11:07:27,56.2900,62,1
2026-03-30,601318,11:07:30,56.2900,72,1
2026-03-30,601318,11:07:33,56.3000,146,1
2026-03-30,601318,11:07:36,56.3000,244,1
2026-03-30,601318,11:07:39,56.3000,199,1
2026-03-30,601318,11:07:42,56.3000,97,1
2026-03-30,601318,11:07:45,56.3100,483,1
2026-03-30,601318,11:07:48,56.3100,195,1
2026-03-30,601318,11:07:51,56.3200,35,1
2026-03-30,601318,11:07:54,56.3200,67,2
2026-03-30,601318,11:07:57,56.3200,49,2
2026-03-30,601318,11:08:00,56.3100,100,2
2026-03-30,601318,11:08:03,56.3200,167,1
2026-03-30,601318,11:08:06,56.3200,201,1
2026-03-30,601318,11:08:09,56.3100,268,2
2026-03-30,601318,11:08:12,56.3200,334,1
2026-03-30,601318,11:08:15,56.3100,211,2
2026-03-30,601318,11:08:18,56.3200,211,1
2026-03-30,601318,11:08:21,56.3200,132,2
2026-03-30,601318,11:08:24,56.3200,138,2
2026-03-30,601318,11:08:27,56.3200,150,2
2026-03-30,601318,11:08:30,56.3200,193,2
2026-03-30,601318,11:08:33,56.3300,161,1
2026-03-30,601318,11:08:36,56.3300,118,1
2026-03-30,601318,11:08:39,56.3300,139,1
2026-03-30,601318,11:08:42,56.3400,93,1
2026-03-30,601318,11:08:45,56.3300,68,2
2026-03-30,601318,11:08:48,56.3300,221,2
2026-03-30,601318,11:08:51,56.3300,86,1
2026-03-30,601318,11:08:54,56.3300,55,1
2026-03-30,601318,11:08:57,56.3200,51,2
2026-03-30,601318,11:09:00,56.3300,36,1
2026-03-30,601318,11:09:03,56.3200,111,2
2026-03-30,601318,11:09:06,56.3200,40,2
2026-03-30,601318,11:09:09,56.3200,27,2
2026-03-30,601318,11:09:12,56.3200,84,2
2026-03-30,601318,11:09:15,56.3100,68,2
2026-03-30,601318,11:09:18,56.3200,39,1
2026-03-30,601318,11:09:21,56.3200,81,1
2026-03-30,601318,11:09:24,56.3100,14,2
2026-03-30,601318,11:09:27,56.3100,83,2
2026-03-30,601318,11:09:30,56.3200,189,1
2026-03-30,601318,11:09:33,56.3100,40,4
2026-03-30,601318,11:09:36,56.3100,48,1
2026-03-30,601318,11:09:39,56.3100,229,1
2026-03-30,601318,11:09:42,56.3100,32,1
2026-03-30,601318,11:09:45,56.3100,32,1
2026-03-30,601318,11:09:48,56.3000,98,2
2026-03-30,601318,11:09:51,56.3100,43,1
2026-03-30,601318,11:09:54,56.3000,22,2
2026-03-30,601318,11:09:57,56.3100,99,1
2026-03-30,601318,11:10:00,56.3100,300,1
2026-03-30,601318,11:10:03,56.3100,43,1
2026-03-30,601318,11:10:06,56.3000,367,2
2026-03-30,601318,11:10:09,56.3300,550,1
2026-03-30,601318,11:10:12,56.3300,352,1
2026-03-30,601318,11:10:15,56.3100,1,2
2026-03-30,601318,11:10:18,56.3500,290,1
2026-03-30,601318,11:10:21,56.3500,154,1
2026-03-30,601318,11:10:24,56.3400,143,4
2026-03-30,601318,11:10:27,56.3300,56,2
2026-03-30,601318,11:10:30,56.3500,73,1
2026-03-30,601318,11:10:33,56.3500,76,1
2026-03-30,601318,11:10:36,56.3400,86,2
2026-03-30,601318,11:10:39,56.3500,102,1
2026-03-30,601318,11:10:42,56.3400,69,4
2026-03-30,601318,11:10:45,56.3400,30,1
2026-03-30,601318,11:10:48,56.3400,22,1
2026-03-30,601318,11:10:51,56.3300,31,2
2026-03-30,601318,11:10:54,56.3300,145,2
2026-03-30,601318,11:10:57,56.3400,563,1
2026-03-30,601318,11:11:00,56.3400,64,1
2026-03-30,601318,11:11:03,56.3600,1174,1
2026-03-30,601318,11:11:06,56.3800,249,1
2026-03-30,601318,11:11:09,56.3800,42,1
2026-03-30,601318,11:11:12,56.3900,48,1
2026-03-30,601318,11:11:15,56.3700,85,2
2026-03-30,601318,11:11:18,56.3700,12,4
2026-03-30,601318,11:11:21,56.3700,65,1
2026-03-30,601318,11:11:24,56.3700,31,1
2026-03-30,601318,11:11:27,56.3700,77,1
2026-03-30,601318,11:11:30,56.3500,106,2
2026-03-30,601318,11:11:33,56.3600,270,1
2026-03-30,601318,11:11:36,56.3600,56,1
2026-03-30,601318,11:11:39,56.3600,30,1
2026-03-30,601318,11:11:42,56.3600,36,1
2026-03-30,601318,11:11:45,56.3500,60,2
2026-03-30,601318,11:11:48,56.3500,38,2
2026-03-30,601318,11:11:51,56.3600,371,1
2026-03-30,601318,11:11:54,56.3700,125,1
2026-03-30,601318,11:11:57,56.3700,25,1
2026-03-30,601318,11:12:00,56.3700,167,1
2026-03-30,601318,11:12:03,56.3700,81,1
2026-03-30,601318,11:12:06,56.3600,85,2
2026-03-30,601318,11:12:09,56.3600,28,2
2026-03-30,601318,11:12:12,56.3600,91,1
2026-03-30,601318,11:12:15,56.3600,47,2
2026-03-30,601318,11:12:18,56.3600,64,2
2026-03-30,601318,11:12:21,56.3700,160,1
2026-03-30,601318,11:12:24,56.3600,154,1
2026-03-30,601318,11:12:27,56.3600,84,2
2026-03-30,601318,11:12:30,56.3700,101,1
2026-03-30,601318,11:12:33,56.3600,72,2
2026-03-30,601318,11:12:36,56.3600,76,2
2026-03-30,601318,11:12:39,56.3700,522,1
2026-03-30,601318,11:12:42,56.3600,22,1
2026-03-30,601318,11:12:45,56.3400,34,2
2026-03-30,601318,11:12:48,56.3300,21,2
2026-03-30,601318,11:12:51,56.3300,10,2
2026-03-30,601318,11:12:54,56.3300,45,2
2026-03-30,601318,11:12:57,56.3300,57,2
2026-03-30,601318,11:13:00,56.3300,28,1
2026-03-30,601318,11:13:03,56.3300,58,1
2026-03-30,601318,11:13:06,56.3200,68,2
2026-03-30,601318,11:13:09,56.3200,209,2
2026-03-30,601318,11:13:12,56.3100,49,2
2026-03-30,601318,11:13:15,56.3200,139,1
2026-03-30,601318,11:13:18,56.3100,114,2
2026-03-30,601318,11:13:21,56.3100,53,2
2026-03-30,601318,11:13:24,56.3100,81,2
2026-03-30,601318,11:13:27,56.3100,101,2
2026-03-30,601318,11:13:30,56.3100,80,1
2026-03-30,601318,11:13:33,56.3100,38,1
2026-03-30,601318,11:13:36,56.3100,50,1
2026-03-30,601318,11:13:39,56.3000,36,2
2026-03-30,601318,11:13:42,56.3100,53,1
2026-03-30,601318,11:13:45,56.3000,64,2
2026-03-30,601318,11:13:48,56.3000,47,2
2026-03-30,601318,11:13:51,56.3000,40,2
2026-03-30,601318,11:13:54,56.3100,98,1
2026-03-30,601318,11:13:57,56.3000,124,2
2026-03-30,601318,11:14:00,56.3000,80,2
2026-03-30,601318,11:14:03,56.3000,70,2
2026-03-30,601318,11:14:06,56.3000,26,2
2026-03-30,601318,11:14:09,56.3000,16,2
2026-03-30,601318,11:14:12,56.3100,48,1
2026-03-30,601318,11:14:15,56.3100,141,1
2026-03-30,601318,11:14:18,56.3100,187,1
2026-03-30,601318,11:14:21,56.3000,67,2
2026-03-30,601318,11:14:24,56.3000,93,2
2026-03-30,601318,11:14:27,56.3000,71,2
2026-03-30,601318,11:14:30,56.3000,114,2
2026-03-30,601318,11:14:33,56.3000,243,2
2026-03-30,601318,11:14:36,56.3000,323,2
2026-03-30,601318,11:14:39,56.3100,207,1
2026-03-30,601318,11:14:42,56.3000,279,2
2026-03-30,601318,11:14:45,56.2900,88,2
2026-03-30,601318,11:14:48,56.2900,54,2
2026-03-30,601318,11:14:51,56.2900,312,1
2026-03-30,601318,11:14:54,56.2600,56,2
2026-03-30,601318,11:14:57,56.2600,34,2
2026-03-30,601318,11:15:00,56.2600,73,4
2026-03-30,601318,11:15:03,56.2600,148,1
2026-03-30,601318,11:15:06,56.2500,147,2
2026-03-30,601318,11:15:09,56.2500,265,2
2026-03-30,601318,11:15:12,56.2600,136,1
2026-03-30,601318,11:15:15,56.2500,95,2
2026-03-30,601318,11:15:18,56.2500,48,1
2026-03-30,601318,11:15:21,56.2400,64,2
2026-03-30,601318,11:15:24,56.2500,504,1
2026-03-30,601318,11:15:27,56.2600,121,4
2026-03-30,601318,11:15:30,56.2500,80,2
2026-03-30,601318,11:15:33,56.2600,39,1
2026-03-30,601318,11:15:36,56.2600,12,1
2026-03-30,601318,11:15:39,56.2500,17,2
2026-03-30,601318,11:15:42,56.2500,35,2
2026-03-30,601318,11:15:45,56.2500,55,2
2026-03-30,601318,11:15:48,56.2600,22,1
2026-03-30,601318,11:15:51,56.2600,271,1
2026-03-30,601318,11:15:54,56.2700,255,1
2026-03-30,601318,11:15:57,56.2800,220,1
2026-03-30,601318,11:16:00,56.2900,58,1
2026-03-30,601318,11:16:03,56.2900,60,1
2026-03-30,601318,11:16:06,56.2800,18,2
2026-03-30,601318,11:16:09,56.2800,8,2
2026-03-30,601318,11:16:12,56.2800,76,2
2026-03-30,601318,11:16:15,56.2700,47,2
2026-03-30,601318,11:16:18,56.2700,26,2
2026-03-30,601318,11:16:21,56.2800,66,1
2026-03-30,601318,11:16:24,56.2900,350,1
2026-03-30,601318,11:16:27,56.2800,85,2
2026-03-30,601318,11:16:30,56.2800,239,2
2026-03-30,601318,11:16:33,56.3100,36,1
2026-03-30,601318,11:16:36,56.3100,6,1
2026-03-30,601318,11:16:39,56.3000,18,4
2026-03-30,601318,11:16:42,56.3000,89,1
2026-03-30,601318,11:16:45,56.2900,33,2
2026-03-30,601318,11:16:48,56.3000,60,1
2026-03-30,601318,11:16:51,56.3000,81,1
2026-03-30,601318,11:16:54,56.3000,32,1
2026-03-30,601318,11:16:57,56.2900,10,1
2026-03-30,601318,11:17:00,56.2900,8,4
2026-03-30,601318,11:17:03,56.2900,43,2
2026-03-30,601318,11:17:06,56.2600,75,2
2026-03-30,601318,11:17:09,56.2600,13,2
2026-03-30,601318,11:17:12,56.2800,34,1
2026-03-30,601318,11:17:15,56.2600,92,2
2026-03-30,601318,11:17:18,56.2600,38,1
2026-03-30,601318,11:17:21,56.2600,20,1
2026-03-30,601318,11:17:24,56.2500,45,2
2026-03-30,601318,11:17:27,56.2500,36,1
2026-03-30,601318,11:17:30,56.2500,51,1
2026-03-30,601318,11:17:33,56.2300,48,2
2026-03-30,601318,11:17:36,56.2400,118,1
2026-03-30,601318,11:17:39,56.2400,15,1
2026-03-30,601318,11:17:42,56.2400,115,1
2026-03-30,601318,11:17:45,56.2400,56,2
2026-03-30,601318,11:17:48,56.2500,581,1
2026-03-30,601318,11:17:51,56.2700,63,1
2026-03-30,601318,11:17:54,56.2800,90,1
2026-03-30,601318,11:17:57,56.2700,150,2
2026-03-30,601318,11:18:00,56.2900,24,1
2026-03-30,601318,11:18:03,56.2900,78,1
2026-03-30,601318,11:18:06,56.2900,83,2
2026-03-30,601318,11:18:09,56.2800,68,2
2026-03-30,601318,11:18:12,56.2800,31,2
2026-03-30,601318,11:18:15,56.2900,86,4
2026-03-30,601318,11:18:18,56.2800,33,2
2026-03-30,601318,11:18:21,56.2800,132,1
2026-03-30,601318,11:18:24,56.2800,175,2
2026-03-30,601318,11:18:27,56.2800,16,4
2026-03-30,601318,11:18:30,56.2900,60,1
2026-03-30,601318,11:18:33,56.2800,34,2
2026-03-30,601318,11:18:36,56.2800,27,2
2026-03-30,601318,11:18:39,56.2800,200,2
2026-03-30,601318,11:18:42,56.2800,66,1
2026-03-30,601318,11:18:45,56.2800,11,1
2026-03-30,601318,11:18:48,56.2700,89,2
2026-03-30,601318,11:18:51,56.2700,93,2
2026-03-30,601318,11:18:54,56.2800,266,1
2026-03-30,601318,11:18:57,56.2800,49,2
2026-03-30,601318,11:19:00,56.2900,86,1
2026-03-30,601318,11:19:03,56.2900,22,4
2026-03-30,601318,11:19:06,56.3000,171,1
2026-03-30,601318,11:19:09,56.3100,91,1
2026-03-30,601318,11:19:12,56.3100,109,1
2026-03-30,601318,11:19:15,56.3100,68,1
2026-03-30,601318,11:19:18,56.3200,111,1
2026-03-30,601318,11:19:21,56.3100,3,4
2026-03-30,601318,11:19:24,56.3200,111,1
2026-03-30,601318,11:19:27,56.3100,58,2
2026-03-30,601318,11:19:30,56.3200,37,1
2026-03-30,601318,11:19:33,56.3200,25,1
2026-03-30,601318,11:19:36,56.3200,28,1
2026-03-30,601318,11:19:39,56.3100,36,2
2026-03-30,601318,11:19:42,56.3200,81,1
2026-03-30,601318,11:19:45,56.3100,13,2
2026-03-30,601318,11:19:48,56.3200,63,1
2026-03-30,601318,11:19:51,56.3200,107,1
2026-03-30,601318,11:19:54,56.3200,38,1
2026-03-30,601318,11:19:57,56.3200,214,1
2026-03-30,601318,11:20:00,56.3300,194,1
2026-03-30,601318,11:20:03,56.3300,107,1
2026-03-30,601318,11:20:06,56.3300,81,1
2026-03-30,601318,11:20:09,56.3300,43,1
2026-03-30,601318,11:20:12,56.3400,62,1
2026-03-30,601318,11:20:15,56.3400,17,1
2026-03-30,601318,11:20:18,56.3400,56,1
2026-03-30,601318,11:20:21,56.3300,217,2
2026-03-30,601318,11:20:24,56.3200,306,2
2026-03-30,601318,11:20:27,56.3200,61,1
2026-03-30,601318,11:20:30,56.3200,64,1
2026-03-30,601318,11:20:33,56.3100,66,2
2026-03-30,601318,11:20:36,56.3200,105,1
2026-03-30,601318,11:20:39,56.3400,111,1
2026-03-30,601318,11:20:42,56.3400,189,1
2026-03-30,601318,11:20:45,56.3200,311,2
2026-03-30,601318,11:20:48,56.3500,11,1
2026-03-30,601318,11:20:51,56.3100,232,2
2026-03-30,601318,11:20:54,56.3200,104,1
2026-03-30,601318,11:20:57,56.3500,119,1
2026-03-30,601318,11:21:00,56.3400,65,1
2026-03-30,601318,11:21:03,56.3400,23,1
