date,code,time,price,volume,bs
2026-01-26,600519,14:06:36,1352.4000,2,1
2026-01-26,600519,14:06:39,1352.4000,4,1
2026-01-26,600519,14:06:42,1352.4000,3,1
2026-01-26,600519,14:06:45,1352.8700,13,1
2026-01-26,600519,14:06:48,1352.9900,14,1
2026-01-26,600519,14:06:51,1353.0000,18,1
2026-01-26,600519,14:06:54,1352.9900,8,1
2026-01-26,600519,14:06:57,1352.9900,14,1
2026-01-26,600519,14:07:00,1352.8199,2,2
2026-01-26,600519,14:07:03,1352.8800,2,1
2026-01-26,600519,14:07:06,1352.8800,3,1
2026-01-26,600519,14:07:09,1352.8199,1,2
2026-01-26,600519,14:07:12,1352.5699,8,2
2026-01-26,600519,14:07:15,1352.8800,11,1
2026-01-26,600519,14:07:18,1352.5000,10,2
2026-01-26,600519,14:07:21,1352.8000,23,1
2026-01-26,600519,14:07:24,1352.5000,10,2
2026-01-26,600519,14:07:27,1352.8000,11,1
2026-01-26,600519,14:07:30,1352.8700,11,1
2026-01-26,600519,14:07:33,1352.5000,5,2
2026-01-26,600519,14:07:36,1352.8000,5,1
2026-01-26,600519,14:07:39,1352.5900,6,2
2026-01-26,600519,14:07:42,1352.4000,4,2
2026-01-26,600519,14:07:45,1352.4000,3,2
2026-01-26,600519,14:07:48,1352.3800,13,2
2026-01-26,600519,14:07:51,1352.4000,26,1
2026-01-26,600519,14:07:54,1352.2200,4,2
2026-01-26,600519,14:07:57,1352.4100,4,1
2026-01-26,600519,14:08:01,1352.1700,3,1
2026-01-26,600519,14:08:03,1352.0400,5,2
2026-01-26,600519,14:08:06,1352.4000,7,1
2026-01-26,600519,14:08:10,1352.4000,8,2
2026-01-26,600519,14:08:12,1352.4000,3,2
2026-01-26,600519,14:08:15,1352.4000,7,1
2026-01-26,600519,14:08:18,1352.3800,1,2
2026-01-26,600519,14:08:21,1352.3700,5,1
2026-01-26,600519,14:08:24,1352.3000,11,2
2026-01-26,600519,14:08:27,1352.3800,6,1
2026-01-26,600519,14:08:30,1352.3000,2,2
2026-01-26,600519,14:08:33,1352.3500,7,1
2026-01-26,600519,14:08:36,1352.3000,3,2
2026-01-26,600519,14:08:39,1352.3500,3,2
2026-01-26,600519,14:08:42,1352.3600,2,4
2026-01-26,600519,14:08:45,1352.3000,3,2
2026-01-26,600519,14:08:48,1352.3500,6,1
2026-01-26,600519,14:08:51,1352.3000,6,2
2026-01-26,600519,14:08:54,1352.3500,8,1
2026-01-26,600519,14:08:57,1352.3500,5,1
2026-01-26,600519,14:09:00,1352.3500,9,2
2026-01-26,600519,14:09:03,1352.1600,5,2
2026-01-26,600519,14:09:06,1352.1600,16,2
2026-01-26,600519,14:09:09,1352.1600,2,1
2026-01-26,600519,14:09:12,1351.9000,3,2
2026-01-26,600519,14:09:15,1351.8700,6,1
2026-01-26,600519,14:09:18,1351.4100,7,2
2026-01-26,600519,14:09:21,1351.2400,6,2
2026-01-26,600519,14:09:24,1351.0000,5,2
2026-01-26,600519,14:09:27,1351.0000,6,2
2026-01-26,600519,14:09:30,1350.9900,8,2
2026-01-26,600519,14:09:33,1350.8101,4,2
2026-01-26,600519,14:09:36,1350.9000,2,1
2026-01-26,600519,14:09:39,1350.9000,6,2
2026-01-26,600519,14:09:42,1350.8101,7,2
2026-01-26,600519,14:09:45,1350.7100,6,2
2026-01-26,600519,14:09:48,1350.6300,7,2
2026-01-26,600519,14:09:51,1350.6300,4,2
2026-01-26,600519,14:09:54,1350.5500,7,2
2026-01-26,600519,14:09:57,1350.5601,7,2
2026-01-26,600519,14:10:00,1350.5800,9,2
2026-01-26,600519,14:10:03,1350.5500,4,2
2026-01-26,600519,14:10:06,1350.5601,4,2
2026-01-26,600519,14:10:09,1351.0100,69,1
2026-01-26,600519,14:10:12,1351.2100,19,1
2026-01-26,600519,14:10:15,1350.5699,6,2
2026-01-26,600519,14:10:18,1350.5601,5,2
2026-01-26,600519,14:10:21,1350.5601,12,2
2026-01-26,600519,14:10:24,1350.3300,65,2
2026-01-26,600519,14:10:27,1350.3300,9,2
2026-01-26,600519,14:10:30,1350.2400,58,2
2026-01-26,600519,14:10:33,1350.3000,3,1
2026-01-26,600519,14:10:36,1350.3000,4,1
2026-01-26,600519,14:10:39,1351.0000,61,1
2026-01-26,600519,14:10:42,1350.1700,11,2
2026-01-26,600519,14:10:45,1350.5000,30,1
2026-01-26,600519,14:10:48,1350.1700,6,2
2026-01-26,600519,14:10:51,1350.0200,9,2
2026-01-26,600519,14:10:54,1350.0100,32,2
2026-01-26,600519,14:10:57,1350.0100,10,1
2026-01-26,600519,14:11:00,1350.0000,7,2
2026-01-26,600519,14:11:03,1350.1000,6,1
2026-01-26,600519,14:11:06,1350.1000,6,2
2026-01-26,600519,14:11:09,1350.5000,6,1
2026-01-26,600519,14:11:12,1350.1899,3,2
2026-01-26,600519,14:11:15,1350.3000,4,2
2026-01-26,600519,14:11:18,1350.1899,2,2
2026-01-26,600519,14:11:21,1350.1801,33,2
2026-01-26,600519,14:11:24,1350.6700,5,1
2026-01-26,600519,14:11:27,1350.6200,17,2
2026-01-26,600519,14:11:30,1350.9700,6,1
2026-01-26,600519,14:11:33,1350.5000,5,2
2026-01-26,600519,14:11:36,1351.0000,13,1
2026-01-26,600519,14:11:39,1350.5000,24,2
2026-01-26,600519,14:11:42,1350.9900,4,1
2026-01-26,600519,14:11:45,1351.0000,16,1
2026-01-26,600519,14:11:48,1351.0000,32,1
2026-01-26,600519,14:11:51,1350.5000,7,2
2026-01-26,600519,14:11:54,1350.2000,9,2
2026-01-26,600519,14:11:57,1350.2000,6,2
2026-01-26,600519,14:12:00,1350.2000,6,1
2026-01-26,600519,14:12:03,1350.4700,55,1
2026-01-26,600519,14:12:06,1350.9700,8,2
2026-01-26,600519,14:12:09,1350.7700,7,1
2026-01-26,600519,14:12:12,1350.5000,28,2
2026-01-26,600519,14:12:15,1350.5000,5,2
2026-01-26,600519,14:12:18,1350.5100,4,2
2026-01-26,600519,14:12:21,1350.5000,17,2
2026-01-26,600519,14:12:24,1350.7800,10,1
2026-01-26,600519,14:12:27,1350.5100,4,2
2026-01-26,600519,14:12:30,1350.5000,5,2
2026-01-26,600519,14:12:33,1351.1100,6,1
2026-01-26,600519,14:12:36,1350.7700,2,2
2026-01-26,600519,14:12:39,1350.7600,5,2
2026-01-26,600519,14:12:42,1350.7600,1,1
2026-01-26,600519,14:12:48,1351.0000,3,1
2026-01-26,600519,14:12:51,1350.7600,4,2
2026-01-26,600519,14:12:54,1350.6700,8,2
2026-01-26,600519,14:12:57,1350.6000,26,2
2026-01-26,600519,14:13:00,1350.5200,29,2
2026-01-26,600519,14:13:03,1350.4800,10,2
2026-01-26,600519,14:13:06,1350.4800,8,2
2026-01-26,600519,14:13:10,1350.5200,20,1
2026-01-26,600519,14:13:14,1350.1100,14,2
2026-01-26,600519,14:13:15,1350.0500,12,2
2026-01-26,600519,14:13:18,1350.0500,9,2
2026-01-26,600519,14:13:21,1350.0500,4,2
2026-01-26,600519,14:13:24,1350.0200,16,2
2026-01-26,600519,14:13:27,1350.0200,12,2
2026-01-26,600519,14:13:30,1350.0200,4,2
2026-01-26,600519,14:13:33,1350.0200,8,2
2026-01-26,600519,14:13:36,1350.0200,14,2
2026-01-26,600519,14:13:39,1350.0200,5,2
2026-01-26,600519,14:13:42,1350.0100,6,2
2026-01-26,600519,14:13:45,1350.0200,6,1
2026-01-26,600519,14:13:48,1349.9900,98,2
2026-01-26,600519,14:13:51,1349.9000,7,2
2026-01-26,600519,14:13:54,1349.6600,5,2
2026-01-26,600519,14:13:57,1349.8000,4,1
2026-01-26,600519,14:14:00,1349.6400,8,2
2026-01-26,600519,14:14:03,1349.6700,3,2
2026-01-26,600519,14:14:06,1349.9000,4,1
2026-01-26,600519,14:14:10,1349.6700,15,2
2026-01-26,600519,14:14:12,1349.5699,6,2
2026-01-26,600519,14:14:15,1350.0000,83,1
2026-01-26,600519,14:14:18,1350.0000,26,2
2026-01-26,600519,14:14:21,1350.0100,11,4
2026-01-26,600519,14:14:24,1350.0000,11,2
2026-01-26,600519,14:14:27,1350.0000,7,2
2026-01-26,600519,14:14:30,1350.0000,4,1
2026-01-26,600519,14:14:33,1349.9301,2,2
2026-01-26,600519,14:14:36,1350.0000,4,1
2026-01-26,600519,14:14:39,1349.9399,1,2
2026-01-26,600519,14:14:42,1349.9399,4,2
2026-01-26,600519,14:14:45,1349.9000,5,2
2026-01-26,600519,14:14:48,1349.9000,5,2
2026-01-26,600519,14:14:51,1349.9000,4,2
2026-01-26,600519,14:14:54,1349.9000,6,2
2026-01-26,600519,14:14:57,1349.9900,3,1
2026-01-26,600519,14:15:00,1349.9000,3,2
2026-01-26,600519,14:15:03,1349.8900,6,2
2026-01-26,600519,14:15:06,1349.9000,8,2
2026-01-26,600519,14:15:09,1349.8000,9,2
2026-01-26,600519,14:15:12,1349.8101,16,2
2026-01-26,600519,14:15:15,1349.8000,4,2
2026-01-26,600519,14:15:18,1349.8900,5,1
2026-01-26,600519,14:15:21,1349.8000,6,2
2026-01-26,600519,14:15:24,1349.8000,5,2
2026-01-26,600519,14:15:27,1349.8000,10,2
2026-01-26,600519,14:15:30,1349.8900,6,1
2026-01-26,600519,14:15:33,1349.8000,4,2
2026-01-26,600519,14:15:36,1349.8000,5,2
2026-01-26,600519,14:15:39,1349.8000,4,2
2026-01-26,600519,14:15:42,1349.8101,5,2
2026-01-26,600519,14:15:45,1349.7500,9,2
2026-01-26,600519,14:15:48,1349.7500,4,2
2026-01-26,600519,14:15:51,1349.7800,10,1
2026-01-26,600519,14:15:54,1349.7000,8,2
2026-01-26,600519,14:15:57,1349.7000,5,2
2026-01-26,600519,14:16:00,1349.6899,3,2
2026-01-26,600519,14:16:03,1349.6300,2,2
2026-01-26,600519,14:16:06,1349.6700,6,2
2026-01-26,600519,14:16:09,1349.6300,7,2
2026-01-26,600519,14:16:12,1349.5800,7,2
2026-01-26,600519,14:16:15,1349.5000,5,2
2026-01-26,600519,14:16:18,1349.5000,9,2
2026-01-26,600519,14:16:21,1349.0000,6,2
2026-01-26,600519,14:16:24,1349.0000,20,2
2026-01-26,600519,14:16:27,1349.0000,10,2
2026-01-26,600519,14:16:30,1349.4200,8,1
2026-01-26,600519,14:16:33,1349.0100,9,2
2026-01-26,600519,14:16:36,1349.0000,4,2
2026-01-26,600519,14:16:39,1349.0000,6,2
2026-01-26,600519,14:16:42,1349.0100,2,2
2026-01-26,600519,14:16:45,1349.3800,12,1
2026-01-26,600519,14:16:48,1349.0000,5,2
2026-01-26,600519,14:16:51,1349.2300,5,2
2026-01-26,600519,14:16:54,1349.0000,7,2
2026-01-26,600519,14:16:57,1348.9000,15,2
2026-01-26,600519,14:17:00,1349.3600,23,1
2026-01-26,600519,14:17:03,1348.6100,9,1
2026-01-26,600519,14:17:06,1349.2300,4,1
2026-01-26,600519,14:17:09,1349.2400,3,2
2026-01-26,600519,14:17:12,1349.2400,2,2
2026-01-26,600519,14:17:15,1349.2300,4,2
2026-01-26,600519,14:17:18,1349.3500,4,1
2026-01-26,600519,14:17:22,1349.3600,2,1
2026-01-26,600519,14:17:24,1349.2500,5,2
2026-01-26,600519,14:17:27,1349.3700,2,1
2026-01-26,600519,14:17:30,1349.3800,10,1
2026-01-26,600519,14:17:33,1349.2600,6,2
2026-01-26,600519,14:17:36,1349.2600,7,2
2026-01-26,600519,14:17:39,1349.2500,13,2
2026-01-26,600519,14:17:42,1349.2400,10,2
2026-01-26,600519,14:17:45,1348.6000,12,2
2026-01-26,600519,14:17:48,1349.0300,6,1
2026-01-26,600519,14:17:51,1349.0300,1,1
2026-01-26,600519,14:17:54,1348.6300,4,2
2026-01-26,600519,14:17:57,1348.6300,9,2
2026-01-26,600519,14:18:00,1349.0000,6,1
2026-01-26,600519,14:18:03,1349.1300,6,1
2026-01-26,600519,14:18:06,1349.2100,5,1
2026-01-26,600519,14:18:09,1349.2100,12,2
2026-01-26,600519,14:18:12,1349.2300,5,1
2026-01-26,600519,14:18:15,1349.2900,2,1
2026-01-26,600519,14:18:18,1349.2900,5,1
2026-01-26,600519,14:18:21,1349.2400,3,2
2026-01-26,600519,14:18:24,1349.2300,10,2
2026-01-26,600519,14:18:27,1349.2500,8,1
2026-01-26,600519,14:18:30,1349.1500,14,2
2026-01-26,600519,14:18:33,1349.1500,10,2
2026-01-26,600519,14:18:36,1349.1200,3,2
2026-01-26,600519,14:18:39,1349.1200,5,2
2026-01-26,600519,14:18:42,1349.1100,9,2
2026-01-26,600519,14:18:45,1349.2200,10,1
2026-01-26,600519,14:18:48,1349.2200,1,2
2026-01-26,600519,14:18:51,1349.2200,2,2
2026-01-26,600519,14:18:54,1349.1600,10,2
2026-01-26,600519,14:18:57,1349.1600,2,2
2026-01-26,600519,14:19:00,1349.2000,2,1
2026-01-26,600519,14:19:03,1349.1700,9,2
2026-01-26,600519,14:19:06,1349.1200,6,2
2026-01-26,600519,14:19:09,1349.1300,3,2
2026-01-26,600519,14:19:12,1349.1600,4,1
2026-01-26,600519,14:19:15,1349.0800,7,2
2026-01-26,600519,14:19:18,1349.0900,4,2
2026-01-26,600519,14:19:21,1349.1200,7,1
2026-01-26,600519,14:19:24,1349.0800,2,2
2026-01-26,600519,14:19:27,1349.0900,1,2
2026-01-26,600519,14:19:30,1349.1801,6,1
2026-01-26,600519,14:19:33,1349.1700,5,4
2026-01-26,600519,14:19:36,1349.1600,3,2
2026-01-26,600519,14:19:39,1349.1801,4,1
2026-01-26,600519,14:19:42,1349.1600,7,2
2026-01-26,600519,14:19:45,1349.0900,9,2
2026-01-26,600519,14:19:48,1349.1000,23,2
2026-01-26,600519,14:19:51,1349.0000,21,2
2026-01-26,600519,14:19:54,1348.8800,13,2
2026-01-26,600519,14:19:57,1348.7800,14,2
2026-01-26,600519,14:20:00,1348.5000,18,2
2026-01-26,600519,14:20:03,1348.3199,9,2
2026-01-26,600519,14:20:06,1348.3199,10,1
2026-01-26,600519,14:20:09,1348.3000,6,1
2026-01-26,600519,14:20:12,1348.2000,7,2
2026-01-26,600519,14:20:15,1348.0800,6,2
2026-01-26,600519,14:20:18,1348.2000,6,2
2026-01-26,600519,14:20:21,1348.2500,7,1
2026-01-26,600519,14:20:24,1348.0100,23,2
2026-01-26,600519,14:20:27,1348.0000,8,2
2026-01-26,600519,14:20:30,1348.0400,2,2
2026-01-26,600519,14:20:33,1348.0000,16,2
2026-01-26,600519,14:20:36,1348.0000,17,2
2026-01-26,600519,14:20:39,1348.0100,13,1
2026-01-26,600519,14:20:42,1348.0000,13,2
2026-01-26,600519,14:20:45,1348.0000,6,2
2026-01-26,600519,14:20:48,1348.0000,11,2
2026-01-26,600519,14:20:51,1347.9000,10,2
2026-01-26,600519,14:20:54,1347.8400,7,2
2026-01-26,600519,14:20:57,1347.5000,7,2
2026-01-26,600519,14:21:00,1347.8400,5,1
2026-01-26,600519,14:21:03,1347.8101,14,1
2026-01-26,600519,14:21:06,1347.8101,6,2
2026-01-26,600519,14:21:09,1347.8101,5,2
2026-01-26,600519,14:21:12,1347.8000,6,2
2026-01-26,600519,14:21:15,1347.7200,10,2
2026-01-26,600519,14:21:18,1347.7200,3,2
2026-01-26,600519,14:21:21,1347.8000,9,1
2026-01-26,600519,14:21:24,1347.5500,6,2
2026-01-26,600519,14:21:27,1347.6400,5,2
2026-01-26,600519,14:21:30,1347.6400,4,1
2026-01-26,600519,14:21:33,1347.5500,3,2
2026-01-26,600519,14:21:36,1347.6400,3,1
2026-01-26,600519,14:21:39,1347.5500,10,2
2026-01-26,600519,14:21:42,1347.4600,5,2
2026-01-26,600519,14:21:45,1347.3500,9,2
2026-01-26,600519,14:21:48,1347.5500,5,1
2026-01-26,600519,14:21:51,1347.5000,10,1
2026-01-26,600519,14:21:54,1347.3600,6,2
2026-01-26,600519,14:21:57,1347.3600,6,2
2026-01-26,600519,14:22:00,1347.3199,6,2
2026-01-26,600519,14:22:03,1347.3400,1,2
2026-01-26,600519,14:22:07,1347.3199,4,2
2026-01-26,600519,14:22:09,1347.3199,2,2
2026-01-26,600519,14:22:12,1347.3101,6,2
2026-01-26,600519,14:22:15,1347.3500,4,1
2026-01-26,600519,14:22:18,1347.3199,14,2
2026-01-26,600519,14:22:21,1347.5500,8,1
2026-01-26,600519,14:22:24,1347.3500,7,2
2026-01-26,600519,14:22:27,1347.4900,9,2
2026-01-26,600519,14:22:30,1347.5000,9,2
2026-01-26,600519,14:22:33,1347.8101,7,1
2026-01-26,600519,14:22:36,1347.7300,12,2
2026-01-26,600519,14:22:40,1348.0000,8,1
2026-01-26,600519,14:22:42,1348.0000,9,1
2026-01-26,600519,14:22:45,1348.0000,4,1
2026-01-26,600519,14:22:48,1348.0000,13,1
2026-01-26,600519,14:22:51,1348.0000,11,1
2026-01-26,600519,14:22:54,1348.0000,4,2
2026-01-26,600519,14:22:57,1347.6700,14,2
2026-01-26,600519,14:23:00,1348.0400,3,1
2026-01-26,600519,14:23:03,1347.6700,11,2
2026-01-26,600519,14:23:06,1348.0800,5,1
2026-01-26,600519,14:23:09,1348.0800,17,1
2026-01-26,600519,14:23:12,1348.0800,7,2
2026-01-26,600519,14:23:15,1348.0601,6,2
2026-01-26,600519,14:23:18,1348.0800,7,1
2026-01-26,600519,14:23:21,1348.1899,6,1
2026-01-26,600519,14:23:24,1348.0601,7,2
2026-01-26,600519,14:23:30,1348.0800,4,2
2026-01-26,600519,14:23:33,1348.0601,8,2
2026-01-26,600519,14:23:36,1348.0800,12,2
2026-01-26,600519,14:23:40,1348.0800,4,2
2026-01-26,600519,14:23:42,1348.2000,4,1
2026-01-26,600519,14:23:45,1348.2000,9,1
2026-01-26,600519,14:23:48,1348.1700,6,1
2026-01-26,600519,14:23:51,1348.0200,8,2
2026-01-26,600519,14:23:54,1347.9800,24,2
2026-01-26,600519,14:23:57,1347.9900,10,2
2026-01-26,600519,14:24:00,1347.9100,16,2
2026-01-26,600519,14:24:03,1347.9000,11,1
2026-01-26,600519,14:24:06,1347.8900,14,1
2026-01-26,600519,14:24:09,1347.8600,16,1
2026-01-26,600519,14:24:12,1347.6100,6,2
2026-01-26,600519,14:24:15,1347.3800,7,2
2026-01-26,600519,14:24:18,1347.3500,7,2
2026-01-26,600519,14:24:21,1347.3101,14,2
2026-01-26,600519,14:24:24,1347.3101,5,1
2026-01-26,600519,14:24:27,1347.3000,4,2
2026-01-26,600519,14:24:30,1347.2100,6,2
2026-01-26,600519,14:24:33,1347.0800,10,2
2026-01-26,600519,14:24:36,1347.0000,21,2
2026-01-26,600519,14:24:39,1347.0400,1,1
2026-01-26,600519,14:24:42,1347.0300,6,1
2026-01-26,600519,14:24:45,1347.0000,20,2
2026-01-26,600519,14:24:48,1347.0000,21,2
2026-01-26,600519,14:24:51,1347.0000,2,2
2026-01-26,600519,14:24:54,1346.9500,15,2
2026-01-26,600519,14:24:57,1346.9200,6,2
2026-01-26,600519,14:25:00,1346.9200,5,1
2026-01-26,600519,14:25:03,1346.7800,18,2
2026-01-26,600519,14:25:06,1346.7400,7,1
2026-01-26,600519,14:25:09,1346.3900,13,2
2026-01-26,600519,14:25:12,1346.0100,11,2
2026-01-26,600519,14:25:15,1346.0200,12,2
2026-01-26,600519,14:25:18,1346.3800,22,1
2026-01-26,600519,14:25:21,1346.3800,5,1
2026-01-26,600519,14:25:24,1346.4800,15,1
2026-01-26,600519,14:25:27,1346.7300,4,1
2026-01-26,600519,14:25:30,1346.9900,7,1
2026-01-26,600519,14:25:33,1347.4500,39,1
2026-01-26,600519,14:25:36,1347.8300,2,1
2026-01-26,600519,14:25:39,1347.9900,7,1
2026-01-26,600519,14:25:42,1348.0000,1,1
2026-01-26,600519,14:25:45,1348.1700,4,1
2026-01-26,600519,14:25:48,1348.3300,8,1
2026-01-26,600519,14:25:51,1348.2800,13,2
2026-01-26,600519,14:25:54,1348.6700,7,1
2026-01-26,600519,14:25:57,1348.6500,12,2
2026-01-26,600519,14:26:00,1348.6700,5,1
2026-01-26,600519,14:26:03,1348.6700,12,2
2026-01-26,600519,14:26:06,1348.6600,4,4
2026-01-26,600519,14:26:09,1348.6700,8,1
2026-01-26,600519,14:26:12,1348.4800,7,2
2026-01-26,600519,14:26:15,1348.5800,6,2
2026-01-26,600519,14:26:18,1348.6700,6,1
2026-01-26,600519,14:26:21,1348.6899,3,1
2026-01-26,600519,14:26:24,1348.6700,7,2
2026-01-26,600519,14:26:27,1348.7700,7,1
2026-01-26,600519,14:26:31,1348.6700,12,1
2026-01-26,600519,14:26:33,1348.2000,5,2
2026-01-26,600519,14:26:36,1348.6899,2,1
2026-01-26,600519,14:26:39,1348.6899,4,2
2026-01-26,600519,14:26:42,1348.7500,7,1
2026-01-26,600519,14:26:45,1348.7400,1,1
2026-01-26,600519,14:26:48,1348.7300,4,2
2026-01-26,600519,14:26:51,1348.7300,4,2
2026-01-26,600519,14:26:54,1348.7700,4,1
2026-01-26,600519,14:26:57,1348.7600,2,2
2026-01-26,600519,14:27:00,1348.7700,10,1
2026-01-26,600519,14:27:03,1348.7400,8,2
2026-01-26,600519,14:27:06,1348.8101,2,1
2026-01-26,600519,14:27:09,1348.8400,1,1
2026-01-26,600519,14:27:12,1348.8400,1,1
2026-01-26,600519,14:27:15,1348.8400,1,2
2026-01-26,600519,14:27:18,1348.8101,24,2
2026-01-26,600519,14:27:21,1348.8101,6,2
2026-01-26,600519,14:27:24,1348.7700,5,2
2026-01-26,600519,14:27:27,1348.6899,13,2
2026-01-26,600519,14:27:30,1348.6899,10,2
2026-01-26,600519,14:27:33,1348.6899,17,2
2026-01-26,600519,14:27:36,1348.6899,2,2
2026-01-26,600519,14:27:39,1348.8600,32,1
2026-01-26,600519,14:27:45,1349.0000,6,1
2026-01-26,600519,14:27:48,1349.1700,21,1
2026-01-26,600519,14:27:51,1349.3199,23,1
2026-01-26,600519,14:27:54,1349.3400,19,1
2026-01-26,600519,14:27:57,1349.3300,19,2
2026-01-26,600519,14:28:00,1349.7400,12,1
2026-01-26,600519,14:28:03,1349.3400,1,2
2026-01-26,600519,14:28:06,1349.3400,6,2
2026-01-26,600519,14:28:09,1349.3400,1,2
2026-01-26,600519,14:28:12,1349.5000,4,2
2026-01-26,600519,14:28:15,1349.7100,7,1
2026-01-26,600519,14:28:18,1349.7000,7,1
2026-01-26,600519,14:28:21,1349.8000,2,1
2026-01-26,600519,14:28:24,1349.8000,4,2
2026-01-26,600519,14:28:27,1349.9700,1,1
2026-01-26,600519,14:28:30,1349.9700,8,1
2026-01-26,600519,14:28:33,1349.8000,10,2
2026-01-26,600519,14:28:36,1349.8101,1,2
2026-01-26,600519,14:28:39,1350.0000,2,1
2026-01-26,600519,14:28:42,1350.0000,8,1
2026-01-26,600519,14:28:45,1349.8101,13,2
2026-01-26,600519,14:28:48,1350.0000,22,1
2026-01-26,600519,14:28:51,1350.0000,5,1
2026-01-26,600519,14:28:54,1349.8000,10,2
2026-01-26,600519,14:29:00,1350.1000,7,1
2026-01-26,600519,14:29:03,1349.9700,8,2
2026-01-26,600519,14:29:06,1349.9000,8,2
2026-01-26,600519,14:29:09,1349.3400,17,2
2026-01-26,600519,14:29:12,1349.6899,15,1
2026-01-26,600519,14:29:15,1348.8400,37,2
2026-01-26,600519,14:29:18,1348.8500,5,2
2026-01-26,600519,14:29:21,1348.8600,5,2
2026-01-26,600519,14:29:24,1348.8500,7,2
2026-01-26,600519,14:29:27,1348.8400,2,2
2026-01-26,600519,14:29:30,1348.8400,9,2
2026-01-26,600519,14:29:33,1348.9100,4,1
2026-01-26,600519,14:29:36,1349.6700,9,1
2026-01-26,600519,14:29:39,1349.6600,13,2
2026-01-26,600519,14:29:42,1348.7100,5,2
2026-01-26,600519,14:29:45,1348.7100,22,2
2026-01-26,600519,14:29:48,1349.6899,3,1
2026-01-26,600519,14:29:51,1350.1801,12,1
2026-01-26,600519,14:29:54,1349.6500,4,2
2026-01-26,600519,14:29:57,1348.9399,6,2
2026-01-26,600519,14:30:00,1350.0000,10,1
2026-01-26,600519,14:30:03,1349.0000,4,2
2026-01-26,600519,14:30:06,1350.2200,20,1
2026-01-26,600519,14:30:09,1349.6899,12,2
2026-01-26,600519,14:30:12,1349.7000,7,2
2026-01-26,600519,14:30:15,1349.7000,23,2
2026-01-26,600519,14:30:18,1349.7000,1,2
2026-01-26,600519,14:30:21,1349.7000,8,2
2026-01-26,600519,14:30:27,1350.9100,14,1
2026-01-26,600519,14:30:30,1349.6700,9,2
2026-01-26,600519,14:30:33,1349.7000,1,2
2026-01-26,600519,14:30:36,1350.0000,7,2
2026-01-26,600519,14:30:39,1350.0000,3,1
2026-01-26,600519,14:30:42,1349.9000,3,1
2026-01-26,600519,14:30:45,1350.8900,12,1
2026-01-26,600519,14:30:48,1349.7200,6,2
2026-01-26,600519,14:30:51,1350.9000,5,1
2026-01-26,600519,14:30:54,1350.0000,10,2
2026-01-26,600519,14:30:57,1350.8800,12,1
2026-01-26,600519,14:31:00,1350.9000,9,1
2026-01-26,600519,14:31:03,1350.0000,6,2
2026-01-26,600519,14:31:06,1349.6700,5,2
2026-01-26,600519,14:31:09,1350.0000,1,2
2026-01-26,600519,14:31:12,1350.0000,4,2
2026-01-26,600519,14:31:15,1350.9000,7,1
2026-01-26,600519,14:31:18,1350.0100,3,2
2026-01-26,600519,14:31:21,1350.8900,12,1
2026-01-26,600519,14:31:24,1350.0000,7,2
2026-01-26,600519,14:31:27,1349.6700,19,2
2026-01-26,600519,14:31:30,1349.7200,12,1
2026-01-26,600519,14:31:33,1348.9900,17,2
2026-01-26,600519,14:31:36,1348.9399,12,2
2026-01-26,600519,14:31:39,1348.7800,14,2
2026-01-26,600519,14:31:42,1348.7800,5,2
2026-01-26,600519,14:31:45,1349.9700,13,1
2026-01-26,600519,14:31:48,1350.5900,19,1
2026-01-26,600519,14:31:51,1349.0000,11,2
2026-01-26,600519,14:31:54,1350.6100,5,1
2026-01-26,600519,14:31:57,1350.6100,18,1
2026-01-26,600519,14:32:00,1349.2400,6,2
2026-01-26,600519,14:32:03,1349.4100,24,2
2026-01-26,600519,14:32:06,1349.5200,8,2
2026-01-26,600519,14:32:09,1351.1801,12,1
2026-01-26,600519,14:32:12,1350.0000,9,2
2026-01-26,600519,14:32:15,1350.0000,4,2
2026-01-26,600519,14:32:18,1349.5300,7,2
2026-01-26,600519,14:32:21,1350.8800,9,1
2026-01-26,600519,14:32:24,1350.0100,4,2
2026-01-26,600519,14:32:27,1350.0000,22,2
2026-01-26,600519,14:32:30,1350.0000,2,2
2026-01-26,600519,14:32:33,1350.0000,17,2
2026-01-26,600519,14:32:36,1350.0000,23,2
2026-01-26,600519,14:32:39,1350.0000,13,2
2026-01-26,600519,14:32:42,1350.0000,28,2
2026-01-26,600519,14:32:48,1350.0000,16,1
2026-01-26,600519,14:32:51,1350.0000,10,1
2026-01-26,600519,14:32:54,1350.9000,5,1
2026-01-26,600519,14:32:57,1351.2800,12,1
2026-01-26,600519,14:33:00,1351.2800,15,2
2026-01-26,600519,14:33:03,1351.3400,6,1
2026-01-26,600519,14:33:06,1351.2800,21,2
2026-01-26,600519,14:33:09,1351.2800,4,1
2026-01-26,600519,14:33:12,1351.3400,13,2
2026-01-26,600519,14:33:15,1351.6801,7,1
2026-01-26,600519,14:33:18,1351.8000,4,1
2026-01-26,600519,14:33:21,1351.8000,4,2
2026-01-26,600519,14:33:24,1351.9500,9,1
2026-01-26,600519,14:33:27,1351.9000,1,2
2026-01-26,600519,14:33:30,1351.8900,14,2
2026-01-26,600519,14:33:33,1351.8400,2,2
2026-01-26,600519,14:33:36,1351.8900,4,1
2026-01-26,600519,14:33:39,1351.8900,5,1
2026-01-26,600519,14:33:42,1351.8300,3,1
2026-01-26,600519,14:33:45,1352.0000,36,1
2026-01-26,600519,14:33:48,1352.0000,4,1
2026-01-26,600519,14:33:51,1352.0000,12,1
2026-01-26,600519,14:33:54,1352.1400,12,1
2026-01-26,600519,14:33:57,1352.1801,4,1
2026-01-26,600519,14:34:00,1352.3600,4,1
2026-01-26,600519,14:34:03,1352.2800,10,2
2026-01-26,600519,14:34:06,1352.2900,4,2
2026-01-26,600519,14:34:09,1352.3600,7,1
2026-01-26,600519,14:34:12,1352.5000,50,1
2026-01-26,600519,14:34:15,1352.1400,17,2
2026-01-26,600519,14:34:18,1351.8300,70,2
2026-01-26,600519,14:34:21,1351.2500,19,2
2026-01-26,600519,14:34:24,1351.2100,26,1
2026-01-26,600519,14:34:27,1349.5100,16,2
2026-01-26,600519,14:34:30,1349.0100,11,2
2026-01-26,600519,14:34:33,1348.9399,14,2
2026-01-26,600519,14:34:36,1348.6801,21,2
2026-01-26,600519,14:34:39,1348.6600,13,2
2026-01-26,600519,14:34:42,1348.6801,20,4
2026-01-26,600519,14:34:45,1348.2000,25,2
2026-01-26,600519,14:34:48,1348.1000,38,2
2026-01-26,600519,14:34:51,1349.0000,46,1
2026-01-26,600519,14:34:54,1349.0000,19,2
2026-01-26,600519,14:34:57,1349.0000,15,1
2026-01-26,600519,14:35:01,1348.9900,20,1
2026-01-26,600519,14:35:03,1348.1899,11,2
2026-01-26,600519,14:35:06,1348.1801,9,1
2026-01-26,600519,14:35:09,1348.0100,18,2
2026-01-26,600519,14:35:12,1348.1700,7,1
2026-01-26,600519,14:35:15,1348.0900,6,2
2026-01-26,600519,14:35:18,1348.0200,5,2
2026-01-26,600519,14:35:21,1348.1000,17,1
2026-01-26,600519,14:35:24,1348.0000,7,2
2026-01-26,600519,14:35:27,1347.8800,74,2
2026-01-26,600519,14:35:30,1347.3300,11,2
2026-01-26,600519,14:35:33,1347.0100,9,2
2026-01-26,600519,14:35:36,1347.2100,15,1
2026-01-26,600519,14:35:39,1347.0000,11,2
2026-01-26,600519,14:35:42,1346.4900,12,2
2026-01-26,600519,14:35:45,1346.4900,11,2
2026-01-26,600519,14:35:48,1346.1700,11,2
2026-01-26,600519,14:35:51,1346.3300,15,1
2026-01-26,600519,14:35:54,1346.0000,31,2
2026-01-26,600519,14:35:57,1346.4800,16,1
2026-01-26,600519,14:36:00,1346.0100,38,2
2026-01-26,600519,14:36:03,1346.2000,26,1
2026-01-26,600519,14:36:06,1346.3000,15,1
2026-01-26,600519,14:36:09,1346.2000,14,2
2026-01-26,600519,14:36:12,1346.4800,12,2
2026-01-26,600519,14:36:15,1346.8000,8,1
2026-01-26,600519,14:36:18,1346.8000,10,1
2026-01-26,600519,14:36:21,1346.1700,8,1
2026-01-26,600519,14:36:24,1346.1600,6,2
2026-01-26,600519,14:36:27,1346.2300,8,2
2026-01-26,600519,14:36:30,1346.7500,9,1
2026-01-26,600519,14:36:33,1346.2300,2,2
2026-01-26,600519,14:36:36,1346.1600,16,2
2026-01-26,600519,14:36:39,1346.1300,10,2
2026-01-26,600519,14:36:42,1346.1700,5,2
2026-01-26,600519,14:36:45,1346.1200,3,2
2026-01-26,600519,14:36:48,1346.1000,14,2
2026-01-26,600519,14:36:54,1346.2000,13,2
2026-01-26,600519,14:36:57,1346.7700,7,1
2026-01-26,600519,14:37:00,1346.2300,5,2
2026-01-26,600519,14:37:03,1346.8000,7,1
2026-01-26,600519,14:37:06,1346.8000,17,1
2026-01-26,600519,14:37:09,1346.8000,2,2
2026-01-26,600519,14:37:12,1346.7600,3,2
2026-01-26,600519,14:37:15,1346.7500,9,2
2026-01-26,600519,14:37:18,1346.8000,9,1
2026-01-26,600519,14:37:21,1346.7800,7,2
2026-01-26,600519,14:37:24,1346.7300,7,2
2026-01-26,600519,14:37:27,1346.3600,5,2
2026-01-26,600519,14:37:30,1346.8000,7,1
2026-01-26,600519,14:37:33,1346.8000,12,1
2026-01-26,600519,14:37:36,1346.8000,1,2
2026-01-26,600519,14:37:39,1346.8900,4,1
2026-01-26,600519,14:37:42,1346.9000,6,1
2026-01-26,600519,14:37:45,1346.8000,4,2
2026-01-26,600519,14:37:48,1347.0000,5,1
2026-01-26,600519,14:37:51,1347.0000,2,1
2026-01-26,600519,14:37:54,1346.9200,8,2
2026-01-26,600519,14:37:57,1347.6100,1,1
2026-01-26,600519,14:38:00,1346.9500,7,2
2026-01-26,600519,14:38:03,1346.9200,6,2
2026-01-26,600519,14:38:06,1347.1700,6,2
2026-01-26,600519,14:38:09,1346.9500,8,2
2026-01-26,600519,14:38:12,1347.0000,4,2
2026-01-26,600519,14:38:15,1347.1700,2,1
2026-01-26,600519,14:38:18,1347.0100,6,2
2026-01-26,600519,14:38:21,1347.0000,3,2
2026-01-26,600519,14:38:24,1347.1200,16,1
2026-01-26,600519,14:38:27,1347.1200,5,1
2026-01-26,600519,14:38:30,1347.0300,50,2
2026-01-26,600519,14:38:33,1346.9399,27,2
2026-01-26,600519,14:38:36,1346.8000,15,2
2026-01-26,600519,14:38:39,1346.9500,16,1
2026-01-26,600519,14:38:42,1346.7300,6,2
2026-01-26,600519,14:38:45,1346.6600,12,2
2026-01-26,600519,14:38:48,1346.6300,12,2
2026-01-26,600519,14:38:51,1346.5601,25,2
2026-01-26,600519,14:38:54,1346.3300,16,2
2026-01-26,600519,14:38:57,1346.3199,10,1
2026-01-26,600519,14:39:00,1346.1000,23,2
2026-01-26,600519,14:39:03,1346.2000,10,2
2026-01-26,600519,14:39:06,1346.2500,27,1
2026-01-26,600519,14:39:09,1346.2500,5,1
2026-01-26,600519,14:39:12,1346.0800,13,2
2026-01-26,600519,14:39:15,1346.0100,7,2
2026-01-26,600519,14:39:18,1346.0100,32,2
2026-01-26,600519,14:39:21,1346.0100,5,2
2026-01-26,600519,14:39:24,1346.0000,30,2
2026-01-26,600519,14:39:27,1346.0000,29,2
2026-01-26,600519,14:39:30,1346.0000,17,2
2026-01-26,600519,14:39:33,1346.0699,5,2
2026-01-26,600519,14:39:36,1346.0100,11,2
2026-01-26,600519,14:39:39,1346.0900,17,1
2026-01-26,600519,14:39:42,1346.0900,10,2
2026-01-26,600519,14:39:45,1346.1100,16,1
2026-01-26,600519,14:39:48,1346.0200,15,2
2026-01-26,600519,14:39:51,1346.0100,11,2
2026-01-26,600519,14:39:54,1346.0900,27,1
2026-01-26,600519,14:39:57,1346.0200,10,2
2026-01-26,600519,14:40:00,1345.8101,16,2
2026-01-26,600519,14:40:03,1345.8000,17,2
2026-01-26,600519,14:40:06,1345.8000,9,2
2026-01-26,600519,14:40:09,1346.2700,11,1
2026-01-26,600519,14:40:12,1345.9600,2,2
2026-01-26,600519,14:40:15,1346.2800,12,1
2026-01-26,600519,14:40:18,1346.5400,6,1
2026-01-26,600519,14:40:21,1346.2800,9,2
2026-01-26,600519,14:40:24,1346.2800,19,2
2026-01-26,600519,14:40:27,1346.2800,13,2
2026-01-26,600519,14:40:33,1346.6300,6,1
2026-01-26,600519,14:40:36,1346.6500,5,4
2026-01-26,600519,14:40:39,1346.6600,14,1
2026-01-26,600519,14:40:42,1346.6600,8,1
2026-01-26,600519,14:40:45,1346.6600,6,1
2026-01-26,600519,14:40:48,1347.0000,7,1
2026-01-26,600519,14:40:51,1346.6600,10,2
2026-01-26,600519,14:40:54,1346.8101,9,1
2026-01-26,600519,14:40:57,1346.6500,8,2
2026-01-26,600519,14:41:00,1346.2900,13,2
2026-01-26,600519,14:41:03,1346.2800,10,2
2026-01-26,600519,14:41:06,1346.2500,17,1
2026-01-26,600519,14:41:09,1346.0000,9,2
2026-01-26,600519,14:41:12,1346.0000,13,2
2026-01-26,600519,14:41:15,1346.0100,13,2
2026-01-26,600519,14:41:18,1346.2500,29,1
2026-01-26,600519,14:41:21,1346.2600,9,1
2026-01-26,600519,14:41:24,1346.2600,8,1
2026-01-26,600519,14:41:27,1346.2600,13,1
2026-01-26,600519,14:41:30,1346.2600,6,4
2026-01-26,600519,14:41:33,1346.2500,51,2
2026-01-26,600519,14:41:36,1346.2700,7,1
2026-01-26,600519,14:41:39,1346.2700,14,1
2026-01-26,600519,14:41:42,1346.2700,10,1
2026-01-26,600519,14:41:45,1346.2700,11,1
2026-01-26,600519,14:41:48,1346.2700,29,1
2026-01-26,600519,14:41:51,1346.2700,8,2
2026-01-26,600519,14:41:54,1346.2800,7,4
2026-01-26,600519,14:41:57,1346.3000,25,1
2026-01-26,600519,14:42:00,1346.2700,4,1
2026-01-26,600519,14:42:03,1346.2800,19,1
2026-01-26,600519,14:42:06,1346.2800,5,1
2026-01-26,600519,14:42:09,1346.2000,13,2
2026-01-26,600519,14:42:15,1346.2700,12,1
2026-01-26,600519,14:42:18,1346.2200,6,2
2026-01-26,600519,14:42:21,1346.2400,3,1
2026-01-26,600519,14:42:24,1346.2000,9,2
2026-01-26,600519,14:42:27,1346.1801,23,2
2026-01-26,600519,14:42:30,1346.0699,5,2
2026-01-26,600519,14:42:33,1346.1000,1,1
2026-01-26,600519,14:42:36,1346.0900,4,1
2026-01-26,600519,14:42:40,1346.0800,10,2
2026-01-26,600519,14:42:42,1346.0300,15,2
2026-01-26,600519,14:42:45,1346.0900,13,1
2026-01-26,600519,14:42:48,1346.0900,5,1
2026-01-26,600519,14:42:51,1346.0900,21,1
2026-01-26,600519,14:42:54,1346.1000,11,2
2026-01-26,600519,14:42:57,1346.1000,5,2
2026-01-26,600519,14:43:00,1346.0900,4,2
2026-01-26,600519,14:43:03,1346.1000,7,2
2026-01-26,600519,14:43:06,1346.1200,9,1
2026-01-26,600519,14:43:09,1346.2200,66,1
2026-01-26,600519,14:43:12,1346.5300,11,1
2026-01-26,600519,14:43:15,1346.5200,4,2
2026-01-26,600519,14:43:18,1346.1600,12,2
2026-01-26,600519,14:43:22,1346.1200,7,2
2026-01-26,600519,14:43:24,1346.1200,3,2
2026-01-26,600519,14:43:27,1346.1200,20,2
2026-01-26,600519,14:43:30,1346.1300,19,2
2026-01-26,600519,14:43:33,1346.7600,8,1
2026-01-26,600519,14:43:36,1346.1000,43,2
2026-01-26,600519,14:43:39,1346.8500,26,1
2026-01-26,600519,14:43:42,1346.8500,26,2
2026-01-26,600519,14:43:45,1346.7600,14,2
2026-01-26,600519,14:43:48,1346.7500,12,2
2026-01-26,600519,14:43:51,1346.0400,18,2
2026-01-26,600519,14:43:54,1346.0000,17,2
2026-01-26,600519,14:43:57,1346.1000,17,1
2026-01-26,600519,14:44:00,1346.1000,12,1
2026-01-26,600519,14:44:03,1346.0400,8,2
2026-01-26,600519,14:44:06,1346.7300,22,1
2026-01-26,600519,14:44:09,1346.0100,7,2
2026-01-26,600519,14:44:12,1346.0200,10,2
2026-01-26,600519,14:44:15,1346.0000,10,2
2026-01-26,600519,14:44:18,1346.0000,8,2
2026-01-26,600519,14:44:21,1346.0000,19,2
2026-01-26,600519,14:44:24,1346.0100,29,1
2026-01-26,600519,14:44:27,1346.0100,20,1
2026-01-26,600519,14:44:30,1346.1000,7,2
2026-01-26,600519,14:44:33,1346.0100,22,2
2026-01-26,600519,14:44:36,1346.0100,8,2
2026-01-26,600519,14:44:39,1346.6000,5,1
2026-01-26,600519,14:44:42,1346.6899,17,1
2026-01-26,600519,14:44:45,1346.6100,5,2
2026-01-26,600519,14:44:48,1346.6600,4,1
2026-01-26,600519,14:44:51,1346.7900,6,1
2026-01-26,600519,14:44:54,1346.7100,5,2
2026-01-26,600519,14:44:57,1346.6600,5,2
2026-01-26,600519,14:45:00,1346.6600,8,2
2026-01-26,600519,14:45:03,1346.7800,4,1
2026-01-26,600519,14:45:06,1346.7900,12,1
2026-01-26,600519,14:45:09,1346.8600,1,1
2026-01-26,600519,14:45:12,1347.1600,36,1
2026-01-26,600519,14:45:15,1348.1600,30,1
2026-01-26,600519,14:45:18,1348.1801,7,1
2026-01-26,600519,14:45:21,1348.4800,4,1
2026-01-26,600519,14:45:24,1349.0000,1,1
2026-01-26,600519,14:45:27,1348.4900,4,2
2026-01-26,600519,14:45:30,1348.4800,11,2
2026-01-26,600519,14:45:33,1348.9000,4,1
2026-01-26,600519,14:45:36,1349.0000,5,2
2026-01-26,600519,14:45:39,1349.0000,9,2
2026-01-26,600519,14:45:42,1348.9000,3,1
2026-01-26,600519,14:45:45,1348.4900,7,2
2026-01-26,600519,14:45:48,1349.0100,23,1
2026-01-26,600519,14:45:51,1348.4500,7,2
2026-01-26,600519,14:45:54,1348.4500,6,2
2026-01-26,600519,14:45:57,1348.4301,9,1
2026-01-26,600519,14:46:00,1347.5100,6,2
2026-01-26,600519,14:46:03,1348.4200,24,1
2026-01-26,600519,14:46:06,1348.4301,13,1
2026-01-26,600519,14:46:09,1348.4301,5,1
2026-01-26,600519,14:46:12,1348.4301,2,1
2026-01-26,600519,14:46:15,1348.3700,4,2
2026-01-26,600519,14:46:18,1347.5100,4,2
2026-01-26,600519,14:46:21,1348.3300,8,1
2026-01-26,600519,14:46:24,1347.5200,1,2
2026-01-26,600519,14:46:27,1347.1200,14,2
2026-01-26,600519,14:46:30,1346.9800,9,2
2026-01-26,600519,14:46:33,1346.9700,6,1
2026-01-26,600519,14:46:36,1346.9000,15,2
2026-01-26,600519,14:46:39,1347.0000,45,1
2026-01-26,600519,14:46:42,1346.9600,26,2
2026-01-26,600519,14:46:45,1346.7800,9,2
2026-01-26,600519,14:46:48,1346.6600,11,2
2026-01-26,600519,14:46:51,1346.5000,14,2
2026-01-26,600519,14:46:54,1346.1000,14,2
2026-01-26,600519,14:46:57,1346.1000,91,2
2026-01-26,600519,14:47:00,1346.9100,16,1
2026-01-26,600519,14:47:03,1346.3300,14,2
2026-01-26,600519,14:47:06,1346.3300,9,2
2026-01-26,600519,14:47:09,1346.2200,8,2
2026-01-26,600519,14:47:12,1346.3400,17,2
2026-01-26,600519,14:47:15,1346.3400,15,2
2026-01-26,600519,14:47:18,1346.3400,19,2
2026-01-26,600519,14:47:21,1346.3400,19,2
2026-01-26,600519,14:47:24,1346.0100,16,2
2026-01-26,600519,14:47:27,1346.0300,11,2
2026-01-26,600519,14:47:30,1346.0699,16,1
2026-01-26,600519,14:47:33,1346.0100,18,2
2026-01-26,600519,14:47:36,1346.8199,69,1
2026-01-26,600519,14:47:39,1346.1100,25,2
2026-01-26,600519,14:47:42,1346.8101,7,1
2026-01-26,600519,14:47:45,1346.0800,10,2
2026-01-26,600519,14:47:48,1346.0900,11,2
2026-01-26,600519,14:47:51,1346.0800,30,2
2026-01-26,600519,14:47:54,1346.3000,13,2
2026-01-26,600519,14:47:57,1346.0900,9,2
2026-01-26,600519,14:48:00,1346.0800,11,2
2026-01-26,600519,14:48:03,1346.6600,13,1
2026-01-26,600519,14:48:06,1346.0900,14,2
2026-01-26,600519,14:48:09,1346.0800,11,2
2026-01-26,600519,14:48:12,1346.0900,15,2
2026-01-26,600519,14:48:15,1346.0601,43,2
2026-01-26,600519,14:48:18,1346.0699,22,1
2026-01-26,600519,14:48:21,1346.0699,13,1
2026-01-26,600519,14:48:24,1346.0699,9,2
2026-01-26,600519,14:48:27,1346.0100,16,2
2026-01-26,600519,14:48:30,1346.0699,6,2
2026-01-26,600519,14:48:33,1346.0699,3,2
2026-01-26,600519,14:48:36,1346.0699,8,2
2026-01-26,600519,14:48:39,1346.0300,12,2
2026-01-26,600519,14:48:42,1346.0300,18,2
2026-01-26,600519,14:48:45,1346.0200,26,2
2026-01-26,600519,14:48:48,1346.0200,48,1
2026-01-26,600519,14:48:51,1346.0000,28,2
2026-01-26,600519,14:48:54,1346.0000,19,2
2026-01-26,600519,14:48:57,1346.0100,49,1
2026-01-26,600519,14:49:00,1345.9900,43,2
2026-01-26,600519,14:49:03,1345.8000,32,2
2026-01-26,600519,14:49:06,1345.9800,8,1
2026-01-26,600519,14:49:09,1345.9500,23,1
2026-01-26,600519,14:49:13,1345.5000,35,2
2026-01-26,600519,14:49:15,1345.3000,22,2
2026-01-26,600519,14:49:18,1345.1899,9,2
2026-01-26,600519,14:49:21,1345.2800,8,1
2026-01-26,600519,14:49:24,1345.2000,20,2
2026-01-26,600519,14:49:27,1345.0200,8,2
2026-01-26,600519,14:49:30,1345.0200,9,2
2026-01-26,600519,14:49:33,1345.1500,44,1
2026-01-26,600519,14:49:36,1345.0200,43,2
2026-01-26,600519,14:49:39,1345.0000,6,2
2026-01-26,600519,14:49:42,1345.0000,17,2
2026-01-26,600519,14:49:45,1345.0000,32,2
2026-01-26,600519,14:49:48,1345.0000,36,2
2026-01-26,600519,14:49:51,1345.0000,82,2
2026-01-26,600519,14:49:54,1345.0100,21,1
2026-01-26,600519,14:49:57,1344.9800,14,1
2026-01-26,600519,14:50:00,1344.1000,13,2
2026-01-26,600519,14:50:03,1344.0000,42,2
2026-01-26,600519,14:50:06,1344.0000,21,2
2026-01-26,600519,14:50:09,1344.0000,30,2
2026-01-26,600519,14:50:12,1344.0000,23,2
2026-01-26,600519,14:50:15,1344.0000,64,2
2026-01-26,600519,14:50:18,1344.0000,31,2
2026-01-26,600519,14:50:21,1343.3900,29,2
2026-01-26,600519,14:50:24,1343.3300,28,2
2026-01-26,600519,14:50:27,1343.3300,26,2
2026-01-26,600519,14:50:30,1343.0000,25,2
2026-01-26,600519,14:50:33,1342.8000,27,2
2026-01-26,600519,14:50:36,1342.3500,16,2
2026-01-26,600519,14:50:39,1342.1000,41,2
2026-01-26,600519,14:50:42,1342.3500,77,1
2026-01-26,600519,14:50:45,1342.2300,42,2
2026-01-26,600519,14:50:48,1342.6600,14,1
2026-01-26,600519,14:50:51,1342.0200,26,2
2026-01-26,600519,14:50:54,1342.1000,40,2
2026-01-26,600519,14:50:57,1342.9700,55,1
2026-01-26,600519,14:51:00,1342.8700,14,1
2026-01-26,600519,14:51:03,1342.2200,15,2
2026-01-26,600519,14:51:06,1342.4100,12,2
2026-01-26,600519,14:51:09,1342.8400,12,1
2026-01-26,600519,14:51:12,1342.2200,20,2
2026-01-26,600519,14:51:15,1342.2200,17,2
2026-01-26,600519,14:51:18,1342.2300,34,2
2026-01-26,600519,14:51:21,1342.2800,19,2
2026-01-26,600519,14:51:24,1342.2200,43,2
2026-01-26,600519,14:51:27,1342.0100,34,2
2026-01-26,600519,14:51:30,1342.3000,8,1
2026-01-26,600519,14:51:33,1342.0100,21,2
2026-01-26,600519,14:51:36,1342.2200,15,2
2026-01-26,600519,14:51:39,1342.0100,21,2
2026-01-26,600519,14:51:42,1342.3900,27,1
2026-01-26,600519,14:51:45,1342.0100,13,2
2026-01-26,600519,14:51:48,1342.0200,71,2
2026-01-26,600519,14:51:51,1342.0200,62,1
2026-01-26,600519,14:51:54,1342.3300,46,1
2026-01-26,600519,14:51:57,1342.0000,25,2
2026-01-26,600519,14:52:00,1342.0100,35,2
2026-01-26,600519,14:52:03,1341.8800,40,2
2026-01-26,600519,14:52:06,1341.3500,27,2
2026-01-26,600519,14:52:09,1341.7000,31,1
2026-01-26,600519,14:52:13,1341.1801,30,2
2026-01-26,600519,14:52:15,1341.0100,24,2
2026-01-26,600519,14:52:18,1341.0000,58,2
2026-01-26,600519,14:52:21,1341.0200,34,2
2026-01-26,600519,14:52:24,1341.0100,35,2
2026-01-26,600519,14:52:27,1341.1700,28,2
2026-01-26,600519,14:52:30,1341.4100,31,1
2026-01-26,600519,14:52:33,1341.4100,28,1
2026-01-26,600519,14:52:36,1341.0000,40,2
2026-01-26,600519,14:52:39,1341.0100,75,2
2026-01-26,600519,14:52:42,1341.0200,18,2
2026-01-26,600519,14:52:45,1341.0000,29,2
2026-01-26,600519,14:52:48,1341.0200,25,2
2026-01-26,600519,14:52:51,1341.1600,12,2
2026-01-26,600519,14:52:54,1341.1500,18,2
2026-01-26,600519,14:52:57,1341.5601,52,1
2026-01-26,600519,14:53:00,1341.5300,31,2
2026-01-26,600519,14:53:03,1341.4900,42,1
2026-01-26,600519,14:53:06,1341.0601,16,2
2026-01-26,600519,14:53:09,1341.5100,24,1
2026-01-26,600519,14:53:12,1341.0500,22,2
2026-01-26,600519,14:53:15,1341.4900,42,1
2026-01-26,600519,14:53:18,1341.1899,26,2
2026-01-26,600519,14:53:22,1341.0200,32,2
2026-01-26,600519,14:53:24,1341.4500,27,1
2026-01-26,600519,14:53:27,1341.0100,36,2
2026-01-26,600519,14:53:30,1341.0200,45,2
2026-01-26,600519,14:53:33,1341.0200,39,2
2026-01-26,600519,14:53:36,1341.0200,35,2
2026-01-26,600519,14:53:39,1341.0200,35,2
2026-01-26,600519,14:53:42,1341.0100,40,2
2026-01-26,600519,14:53:45,1341.0000,51,2
2026-01-26,600519,14:53:48,1341.3700,28,1
2026-01-26,600519,14:53:51,1341.0200,33,2
2026-01-26,600519,14:53:54,1341.0300,28,2
2026-01-26,600519,14:53:57,1341.3700,49,1
2026-01-26,600519,14:54:00,1341.0300,33,2
2026-01-26,600519,14:54:03,1341.0601,46,2
2026-01-26,600519,14:54:06,1341.0500,41,2
2026-01-26,600519,14:54:09,1341.4200,40,1
2026-01-26,600519,14:54:12,1341.0500,23,2
2026-01-26,600519,14:54:15,1341.1200,32,2
2026-01-26,600519,14:54:18,1341.1200,18,2
2026-01-26,600519,14:54:21,1341.4600,19,1
2026-01-26,600519,14:54:24,1341.3300,25,1
2026-01-26,600519,14:54:27,1341.1200,31,2
2026-01-26,600519,14:54:30,1341.0300,42,2
2026-01-26,600519,14:54:33,1341.0900,40,1
2026-01-26,600519,14:54:36,1341.0601,23,2
2026-01-26,600519,14:54:39,1341.0699,42,1
2026-01-26,600519,14:54:42,1341.0900,42,1
2026-01-26,600519,14:54:45,1341.0200,37,2
2026-01-26,600519,14:54:48,1341.0000,25,2
2026-01-26,600519,14:54:51,1341.0000,38,2
2026-01-26,600519,14:54:54,1341.0000,29,2
2026-01-26,600519,14:54:57,1341.0100,33,2
2026-01-26,600519,14:55:00,1341.0100,44,1
2026-01-26,600519,14:55:03,1341.0100,74,1
2026-01-26,600519,14:55:06,1341.0300,41,1
2026-01-26,600519,14:55:09,1341.0200,15,4
2026-01-26,600519,14:55:12,1341.0100,12,2
2026-01-26,600519,14:55:15,1341.0200,24,4
2026-01-26,600519,14:55:18,1341.0300,32,4
2026-01-26,600519,14:55:21,1341.0900,9,2
2026-01-26,600519,14:55:24,1341.0300,12,2
2026-01-26,600519,14:55:27,1341.4500,22,1
2026-01-26,600519,14:55:30,1341.4500,21,1
2026-01-26,600519,14:55:33,1341.0601,10,2
2026-01-26,600519,14:55:36,1341.0400,20,2
2026-01-26,600519,14:55:39,1341.5200,52,1
2026-01-26,600519,14:55:42,1341.6200,15,1
2026-01-26,600519,14:55:45,1342.0601,14,1
2026-01-26,600519,14:55:48,1341.4500,25,2
2026-01-26,600519,14:55:51,1341.3800,35,2
2026-01-26,600519,14:55:54,1341.7500,32,1
2026-01-26,600519,14:55:57,1341.5000,39,2
2026-01-26,600519,14:56:00,1341.0601,35,2
2026-01-26,600519,14:56:03,1341.4500,90,1
2026-01-26,600519,14:56:06,1341.4500,61,1
2026-01-26,600519,14:56:09,1341.4600,17,2
2026-01-26,600519,14:56:12,1341.4500,37,2
2026-01-26,600519,14:56:15,1341.6700,36,1
2026-01-26,600519,14:56:18,1341.6700,28,1
2026-01-26,600519,14:56:21,1341.0800,34,2
2026-01-26,600519,14:56:24,1341.7000,20,1
2026-01-26,600519,14:56:27,1341.6801,23,2
2026-01-26,600519,14:56:30,1341.4700,11,2
2026-01-26,600519,14:56:33,1341.6801,22,1
2026-01-26,600519,14:56:36,1341.7100,10,1
2026-01-26,600519,14:56:39,1341.7500,17,1
2026-01-26,600519,14:56:42,1342.0699,16,1
2026-01-26,600519,14:56:45,1342.0800,4,1
2026-01-26,600519,14:56:48,1342.3199,4,1
2026-01-26,600519,14:56:51,1342.3300,6,1
2026-01-26,600519,14:56:57,1342.4000,13,2
2026-01-26,600519,14:57:00,1342.3300,5,2
2026-01-26,600519,15:00:02,1342.0000,1094,4
2026-01-26,600519,13:16:00,1339.0500,2,2
2026-01-26,600519,13:16:03,1339.0699,0,2
2026-01-26,600519,13:16:06,1339.0699,4,2
2026-01-26,600519,13:16:09,1339.0800,5,1
2026-01-26,600519,13:16:12,1339.0699,1,2
2026-01-26,600519,13:16:15,1339.0800,4,1
2026-01-26,600519,13:16:18,1339.0699,5,2
2026-01-26,600519,13:16:21,1339.0699,1,2
2026-01-26,600519,13:16:24,1339.0800,3,2
2026-01-26,600519,13:16:27,1339.0800,4,2
2026-01-26,600519,13:16:33,1339.7900,6,1
2026-01-26,600519,13:16:39,1339.0900,4,2
2026-01-26,600519,13:16:42,1339.8000,2,1
2026-01-26,600519,13:16:48,1339.7900,2,1
2026-01-26,600519,13:16:51,1339.8300,5,1
2026-01-26,600519,13:16:54,1339.8300,4,1
2026-01-26,600519,13:16:57,1339.8900,10,1
2026-01-26,600519,13:17:00,1339.9301,2,1
2026-01-26,600519,13:17:03,1339.9301,2,1
2026-01-26,600519,13:17:06,1339.9301,7,1
2026-01-26,600519,13:17:09,1339.9301,5,2
2026-01-26,600519,13:17:12,1339.9301,4,2
2026-01-26,600519,13:17:15,1339.9500,1,1
2026-01-26,600519,13:17:21,1339.9700,13,1
2026-01-26,600519,13:17:24,1339.9700,4,1
2026-01-26,600519,13:17:27,1339.9900,5,1
2026-01-26,600519,13:17:30,1339.9600,7,2
2026-01-26,600519,13:17:33,1339.9800,2,1
2026-01-26,600519,13:17:36,1339.9600,6,2
2026-01-26,600519,13:17:39,1339.8400,23,2
2026-01-26,600519,13:17:42,1339.8300,13,2
2026-01-26,600519,13:17:45,1339.7800,13,2
2026-01-26,600519,13:17:48,1339.8300,3,1
2026-01-26,600519,13:17:51,1339.8300,3,1
2026-01-26,600519,13:17:57,1339.8300,1,1
2026-01-26,600519,13:18:00,1339.7800,1,2
2026-01-26,600519,13:18:06,1339.8400,1,2
2026-01-26,600519,13:18:09,1339.8700,3,1
2026-01-26,600519,13:18:12,1339.8400,3,2
2026-01-26,600519,13:18:18,1339.8500,7,1
2026-01-26,600519,13:18:24,1339.8400,14,2
2026-01-26,600519,13:18:27,1339.8700,7,1
2026-01-26,600519,13:18:30,1339.9301,7,1
2026-01-26,600519,13:18:33,1340.1700,60,1
2026-01-26,600519,13:18:37,1340.7100,3,1
2026-01-26,600519,13:18:39,1340.9700,1,1
2026-01-26,600519,13:18:42,1341.0000,2,1
2026-01-26,600519,13:18:45,1340.9900,3,1
2026-01-26,600519,13:18:48,1340.9800,5,2
2026-01-26,600519,13:18:51,1340.9900,2,1
2026-01-26,600519,13:18:54,1340.9900,9,4
2026-01-26,600519,13:18:57,1341.0000,5,4
2026-01-26,600519,13:19:00,1341.1000,4,1
2026-01-26,600519,13:19:03,1341.0200,3,2
2026-01-26,600519,13:19:06,1341.2000,5,1
2026-01-26,600519,13:19:09,1341.2000,3,2
2026-01-26,600519,13:19:12,1341.2100,2,1
2026-01-26,600519,13:19:15,1341.4100,1,1
2026-01-26,600519,13:19:18,1341.2200,3,2
2026-01-26,600519,13:19:21,1341.7800,4,1
2026-01-26,600519,13:19:24,1341.7800,4,2
2026-01-26,600519,13:19:27,1341.7800,9,2
2026-01-26,600519,13:19:30,1341.8800,12,1
2026-01-26,600519,13:19:33,1341.8400,3,2
2026-01-26,600519,13:19:36,1341.8900,7,1
2026-01-26,600519,13:19:39,1341.8000,22,2
2026-01-26,600519,13:19:42,1341.8900,7,1
2026-01-26,600519,13:19:45,1341.8000,5,1
2026-01-26,600519,13:19:48,1341.8000,10,1
2026-01-26,600519,13:19:51,1341.8000,8,1
2026-01-26,600519,13:19:54,1341.7900,15,1
2026-01-26,600519,13:19:57,1341.8000,10,1
2026-01-26,600519,13:20:00,1341.8000,23,1
2026-01-26,600519,13:20:03,1341.6000,6,1
2026-01-26,600519,13:20:06,1341.8700,87,1
2026-01-26,600519,13:20:09,1341.8800,1,2
2026-01-26,600519,13:20:12,1341.9000,9,2
2026-01-26,600519,13:20:15,1341.9900,5,2
2026-01-26,600519,13:20:18,1342.2400,9,2
2026-01-26,600519,13:20:21,1342.2400,2,2
2026-01-26,600519,13:20:24,1341.8800,27,2
2026-01-26,600519,13:20:27,1342.9399,4,1
2026-01-26,600519,13:20:33,1341.3600,4,2
2026-01-26,600519,13:20:36,1341.3600,6,2
2026-01-26,600519,13:20:39,1341.3600,3,2
2026-01-26,600519,13:20:42,1342.0000,8,1
2026-01-26,600519,13:20:45,1342.2900,1,1
2026-01-26,600519,13:20:48,1341.3600,10,2
2026-01-26,600519,13:20:51,1341.9000,2,1
2026-01-26,600519,13:20:54,1341.3600,2,2
2026-01-26,600519,13:21:00,1341.3700,1,2
2026-01-26,600519,13:21:03,1342.0000,2,1
2026-01-26,600519,13:21:06,1342.0000,2,1
2026-01-26,600519,13:21:09,1341.4000,4,2
2026-01-26,600519,13:21:12,1341.4000,1,2
2026-01-26,600519,13:21:18,1342.0900,4,1
2026-01-26,600519,13:21:21,1341.9500,4,1
2026-01-26,600519,13:21:24,1342.1000,1,1
2026-01-26,600519,13:21:27,1342.1000,1,1
2026-01-26,600519,13:21:30,1342.2700,4,1
2026-01-26,600519,13:21:33,1342.3101,5,1
2026-01-26,600519,13:21:36,1342.3199,7,2
2026-01-26,600519,13:21:39,1342.5000,2,2
2026-01-26,600519,13:21:42,1342.3199,6,2
2026-01-26,600519,13:21:45,1342.8000,5,1
2026-01-26,600519,13:21:48,1342.8000,4,2
2026-01-26,600519,13:21:51,1342.8000,5,2
2026-01-26,600519,13:21:54,1342.8199,4,2
2026-01-26,600519,13:21:57,1342.8199,11,2
2026-01-26,600519,13:22:00,1342.8700,4,2
2026-01-26,600519,13:22:03,1342.8199,5,2
2026-01-26,600519,13:22:06,1342.9000,6,1
2026-01-26,600519,13:22:09,1342.9000,4,2
2026-01-26,600519,13:22:12,1342.8800,4,2
2026-01-26,600519,13:22:15,1342.7900,25,2
2026-01-26,600519,13:22:18,1342.9200,26,1
2026-01-26,600519,13:22:21,1342.9200,4,2
2026-01-26,600519,13:22:24,1342.9399,3,1
2026-01-26,600519,13:22:27,1342.9600,2,2
2026-01-26,600519,13:22:30,1342.9900,4,1
2026-01-26,600519,13:22:33,1343.0000,5,1
2026-01-26,600519,13:22:36,1343.3199,6,1
2026-01-26,600519,13:22:39,1343.5000,2,1
2026-01-26,600519,13:22:42,1343.5400,10,1
2026-01-26,600519,13:22:45,1343.5400,5,2
2026-01-26,600519,13:22:48,1343.5400,4,2
2026-01-26,600519,13:22:51,1343.8800,8,1
2026-01-26,600519,13:22:54,1343.9900,5,1
2026-01-26,600519,13:22:57,1343.9900,15,1
2026-01-26,600519,13:23:00,1343.9900,15,1
2026-01-26,600519,13:23:03,1343.9900,5,1
2026-01-26,600519,13:23:06,1344.0000,6,1
2026-01-26,600519,13:23:09,1344.0100,6,1
2026-01-26,600519,13:23:12,1344.0699,7,1
2026-01-26,600519,13:23:15,1344.0500,5,2
2026-01-26,600519,13:23:18,1344.3500,6,1
2026-01-26,600519,13:23:21,1344.2900,17,2
2026-01-26,600519,13:23:24,1344.0500,17,2
2026-01-26,600519,13:23:27,1344.3500,7,1
2026-01-26,600519,13:23:30,1344.0500,10,2
2026-01-26,600519,13:23:33,1344.3800,25,1
2026-01-26,600519,13:23:36,1344.4500,17,1
2026-01-26,600519,13:23:40,1344.5500,1,1
2026-01-26,600519,13:23:42,1344.6000,4,1
2026-01-26,600519,13:23:45,1344.6000,14,1
2026-01-26,600519,13:23:48,1344.6000,7,2
2026-01-26,600519,13:23:51,1344.6000,13,2
2026-01-26,600519,13:23:54,1344.6000,29,1
2026-01-26,600519,13:23:57,1344.6100,14,2
2026-01-26,600519,13:24:00,1344.0601,10,2
2026-01-26,600519,13:24:03,1344.6801,13,1
2026-01-26,600519,13:24:06,1344.0000,4,2
2026-01-26,600519,13:24:09,1344.0100,15,2
2026-01-26,600519,13:24:12,1343.8900,10,2
2026-01-26,600519,13:24:15,1343.8800,16,1
2026-01-26,600519,13:24:18,1343.8700,24,1
2026-01-26,600519,13:24:21,1343.5601,18,1
2026-01-26,600519,13:24:24,1343.8700,16,1
2026-01-26,600519,13:24:27,1343.9900,14,1
2026-01-26,600519,13:24:30,1343.9900,9,2
2026-01-26,600519,13:24:33,1343.5000,11,2
2026-01-26,600519,13:24:36,1344.2300,3,1
2026-01-26,600519,13:24:39,1343.8900,6,2
2026-01-26,600519,13:24:42,1344.0000,5,1
2026-01-26,600519,13:24:45,1344.0000,5,2
2026-01-26,600519,13:24:48,1344.2200,4,1
2026-01-26,600519,13:24:51,1344.0699,12,2
2026-01-26,600519,13:24:54,1344.2200,4,2
2026-01-26,600519,13:24:57,1344.4800,4,1
2026-01-26,600519,13:25:00,1344.3101,6,2
2026-01-26,600519,13:25:03,1344.4800,4,1
2026-01-26,600519,13:25:06,1344.4900,8,1
2026-01-26,600519,13:25:09,1344.6000,13,1
2026-01-26,600519,13:25:12,1345.0000,95,1
2026-01-26,600519,13:25:15,1345.0100,15,1
2026-01-26,600519,13:25:18,1345.3300,9,1
2026-01-26,600519,13:25:21,1345.3700,22,1
2026-01-26,600519,13:25:24,1345.7000,10,1
2026-01-26,600519,13:25:27,1345.7000,10,2
2026-01-26,600519,13:25:30,1345.9800,17,1
2026-01-26,600519,13:25:33,1345.9900,2,1
2026-01-26,600519,13:25:36,1345.9900,18,1
2026-01-26,600519,13:25:39,1345.4399,8,2
2026-01-26,600519,13:25:42,1345.9800,20,1
2026-01-26,600519,13:25:45,1345.1300,23,2
2026-01-26,600519,13:25:48,1345.0100,21,2
2026-01-26,600519,13:25:51,1346.0000,9,1
2026-01-26,600519,13:25:54,1345.9000,25,2
2026-01-26,600519,13:25:57,1345.9000,5,1
2026-01-26,600519,13:26:00,1345.3700,14,1
2026-01-26,600519,13:26:03,1345.7000,5,1
2026-01-26,600519,13:26:07,1345.0000,21,2
2026-01-26,600519,13:26:09,1345.0000,10,2
2026-01-26,600519,13:26:12,1345.9500,7,2
2026-01-26,600519,13:26:15,1345.0000,6,2
2026-01-26,600519,13:26:18,1345.0000,22,2
2026-01-26,600519,13:26:21,1346.0000,61,1
2026-01-26,600519,13:26:24,1345.1000,19,2
2026-01-26,600519,13:26:27,1346.0000,17,1
2026-01-26,600519,13:26:30,1346.0000,27,1
2026-01-26,600519,13:26:33,1345.9600,7,2
2026-01-26,600519,13:26:36,1346.0000,10,1
2026-01-26,600519,13:26:39,1345.1200,6,2
2026-01-26,600519,13:26:42,1345.8000,4,1
2026-01-26,600519,13:26:45,1345.0000,5,2
2026-01-26,600519,13:26:48,1345.1000,14,1
2026-01-26,600519,13:26:51,1345.8000,4,1
2026-01-26,600519,13:26:55,1345.1400,3,2
2026-01-26,600519,13:26:57,1345.8000,4,1
2026-01-26,600519,13:27:00,1345.1500,7,2
2026-01-26,600519,13:27:03,1345.8101,5,1
2026-01-26,600519,13:27:06,1345.8500,14,1
2026-01-26,600519,13:27:09,1345.9000,10,1
2026-01-26,600519,13:27:12,1345.9000,14,4
2026-01-26,600519,13:27:15,1345.9500,9,1
2026-01-26,600519,13:27:18,1345.9000,14,1
2026-01-26,600519,13:27:21,1345.8500,21,2
2026-01-26,600519,13:27:24,1345.9900,12,1
2026-01-26,600519,13:27:27,1345.9000,14,2
2026-01-26,600519,13:27:30,1346.0200,143,1
2026-01-26,600519,13:27:33,1346.4500,25,1
2026-01-26,600519,13:27:36,1346.5500,34,1
2026-01-26,600519,13:27:39,1347.0000,14,1
2026-01-26,600519,13:27:42,1347.0000,27,1
2026-01-26,600519,13:27:45,1347.0000,8,1
2026-01-26,600519,13:27:48,1347.0800,25,1
2026-01-26,600519,13:27:51,1347.0000,9,2
2026-01-26,600519,13:27:54,1347.1200,10,1
2026-01-26,600519,13:27:57,1347.0800,10,1
2026-01-26,600519,13:28:00,1346.9399,21,2
2026-01-26,600519,13:28:03,1347.1300,11,1
2026-01-26,600519,13:28:06,1347.0800,13,2
2026-01-26,600519,13:28:09,1347.1200,3,2
2026-01-26,600519,13:28:12,1347.5000,15,1
2026-01-26,600519,13:28:15,1347.5601,8,1
2026-01-26,600519,13:28:18,1347.5601,9,2
2026-01-26,600519,13:28:21,1347.5000,6,2
2026-01-26,600519,13:28:24,1347.1300,14,2
2026-01-26,600519,13:28:27,1347.4301,23,1
2026-01-26,600519,13:28:30,1347.7000,10,1
2026-01-26,600519,13:28:33,1347.6600,9,2
2026-01-26,600519,13:28:36,1347.7400,7,1
2026-01-26,600519,13:28:39,1347.7400,10,2
2026-01-26,600519,13:28:42,1347.7600,24,1
2026-01-26,600519,13:28:45,1347.8800,20,1
2026-01-26,600519,13:28:48,1347.9900,17,1
2026-01-26,600519,13:28:51,1348.0800,82,1
2026-01-26,600519,13:28:54,1348.5100,17,1
2026-01-26,600519,13:28:57,1348.6400,17,1
2026-01-26,600519,13:29:00,1348.8000,18,1
2026-01-26,600519,13:29:03,1349.0000,18,1
2026-01-26,600519,13:29:06,1349.0699,72,1
2026-01-26,600519,13:29:09,1349.5000,19,1
2026-01-26,600519,13:29:12,1349.6500,8,1
2026-01-26,600519,13:29:15,1349.7400,15,1
2026-01-26,600519,13:29:18,1349.9800,60,1
2026-01-26,600519,13:29:21,1349.9800,24,1
2026-01-26,600519,13:29:24,1350.0000,46,1
2026-01-26,600519,13:29:27,1349.9800,63,2
2026-01-26,600519,13:29:30,1350.0000,44,1
2026-01-26,600519,13:29:33,1349.9900,63,1
2026-01-26,600519,13:29:36,1350.0000,54,1
2026-01-26,600519,13:29:39,1349.9900,27,1
2026-01-26,600519,13:29:42,1349.9900,12,1
2026-01-26,600519,13:29:45,1349.6000,22,2
2026-01-26,600519,13:29:48,1349.9800,30,1
2026-01-26,600519,13:29:51,1349.6600,27,1
2026-01-26,600519,13:29:54,1349.9000,31,1
2026-01-26,600519,13:29:57,1349.8900,23,1
2026-01-26,600519,13:30:00,1349.6600,8,2
2026-01-26,600519,13:30:03,1349.6300,9,2
2026-01-26,600519,13:30:06,1349.6600,9,1
2026-01-26,600519,13:30:09,1349.6000,16,2
2026-01-26,600519,13:30:12,1349.6000,11,1
2026-01-26,600519,13:30:15,1349.0000,15,2
2026-01-26,600519,13:30:18,1349.5601,10,1
2026-01-26,600519,13:30:21,1349.0100,12,2
2026-01-26,600519,13:30:24,1349.3000,14,1
2026-01-26,600519,13:30:27,1349.0000,10,2
2026-01-26,600519,13:30:30,1349.0000,6,2
2026-01-26,600519,13:30:33,1348.6400,3,2
2026-01-26,600519,13:30:36,1348.6400,23,2
2026-01-26,600519,13:30:39,1348.5400,12,2
2026-01-26,600519,13:30:42,1347.8900,15,2
2026-01-26,600519,13:30:45,1348.0000,14,1
2026-01-26,600519,13:30:48,1347.6400,32,2
2026-01-26,600519,13:30:51,1347.7400,18,1
2026-01-26,600519,13:30:54,1347.1801,5,2
2026-01-26,600519,13:30:57,1347.1200,18,2
2026-01-26,600519,13:31:00,1347.0100,4,2
2026-01-26,600519,13:31:03,1347.1200,5,1
2026-01-26,600519,13:31:06,1347.0000,10,1
2026-01-26,600519,13:31:09,1347.0100,25,1
2026-01-26,600519,13:31:12,1347.0000,17,2
2026-01-26,600519,13:31:15,1346.9100,5,2
2026-01-26,600519,13:31:18,1346.0601,9,2
2026-01-26,600519,13:31:21,1346.9100,4,1
2026-01-26,600519,13:31:24,1346.0500,1,2
2026-01-26,600519,13:31:27,1346.0000,9,2
2026-01-26,600519,13:31:30,1346.0000,5,1
2026-01-26,600519,13:31:33,1346.0500,38,1
2026-01-26,600519,13:31:36,1345.6300,9,2
2026-01-26,600519,13:31:40,1346.0500,21,1
2026-01-26,600519,13:31:42,1345.6300,12,1
2026-01-26,600519,13:31:45,1345.6300,9,1
2026-01-26,600519,13:31:48,1345.5900,16,2
2026-01-26,600519,13:31:51,1345.6000,9,1
2026-01-26,600519,13:31:54,1345.5000,2,1
2026-01-26,600519,13:31:57,1345.4900,2,2
2026-01-26,600519,13:32:00,1345.6300,62,1
2026-01-26,600519,13:32:03,1345.5800,16,2
2026-01-26,600519,13:32:06,1345.5900,1,2
2026-01-26,600519,13:32:09,1345.5000,18,2
2026-01-26,600519,13:32:12,1345.5800,14,1
2026-01-26,600519,13:32:15,1345.0000,5,2
2026-01-26,600519,13:32:18,1345.4800,3,1
2026-01-26,600519,13:32:21,1345.0000,15,2
2026-01-26,600519,13:32:24,1345.0000,43,2
2026-01-26,600519,13:32:27,1346.1400,58,1
2026-01-26,600519,13:32:30,1345.4500,14,2
2026-01-26,600519,13:32:33,1346.5200,3,1
2026-01-26,600519,13:32:36,1346.0000,3,2
2026-01-26,600519,13:32:39,1346.0000,5,1
2026-01-26,600519,13:32:42,1346.9000,6,1
2026-01-26,600519,13:32:45,1346.9200,22,1
2026-01-26,600519,13:32:48,1346.9200,1,2
2026-01-26,600519,13:32:51,1347.0100,19,1
2026-01-26,600519,13:32:54,1347.0000,2,1
2026-01-26,600519,13:32:57,1347.0100,2,2
2026-01-26,600519,13:33:00,1347.0000,4,2
2026-01-26,600519,13:33:03,1347.1000,20,1
2026-01-26,600519,13:33:06,1347.1000,4,2
2026-01-26,600519,13:33:09,1347.1000,13,2
2026-01-26,600519,13:33:12,1347.1000,17,2
2026-01-26,600519,13:33:15,1347.0300,6,2
2026-01-26,600519,13:33:18,1347.0000,7,2
2026-01-26,600519,13:33:21,1346.9900,23,2
2026-01-26,600519,13:33:24,1346.9301,12,2
2026-01-26,600519,13:33:27,1346.9200,9,2
2026-01-26,600519,13:33:30,1346.8300,5,2
2026-01-26,600519,13:33:33,1346.9000,5,1
2026-01-26,600519,13:33:36,1346.5900,6,1
2026-01-26,600519,13:33:39,1346.5900,4,1
2026-01-26,600519,13:33:42,1346.5900,2,2
2026-01-26,600519,13:33:45,1346.5900,15,1
2026-01-26,600519,13:33:48,1345.4600,2,2
2026-01-26,600519,13:33:51,1346.5900,3,1
2026-01-26,600519,13:33:54,1346.0000,9,2
2026-01-26,600519,13:33:57,1346.5900,6,1
2026-01-26,600519,13:34:00,1345.9100,8,2
2026-01-26,600519,13:34:03,1346.5000,14,1
2026-01-26,600519,13:34:06,1346.5000,42,1
2026-01-26,600519,13:34:09,1346.8900,7,1
2026-01-26,600519,13:34:12,1346.5800,10,2
2026-01-26,600519,13:34:15,1346.5800,13,1
2026-01-26,600519,13:34:18,1347.3500,46,1
2026-01-26,600519,13:34:21,1347.9900,90,1
2026-01-26,600519,13:34:24,1348.5000,19,1
2026-01-26,600519,13:34:27,1348.9000,17,1
2026-01-26,600519,13:34:30,1348.9399,10,1
2026-01-26,600519,13:34:33,1349.0000,26,1
2026-01-26,600519,13:34:36,1348.5000,4,2
2026-01-26,600519,13:34:39,1348.9900,3,1
2026-01-26,600519,13:34:42,1348.9399,12,2
2026-01-26,600519,13:34:45,1348.9200,21,1
2026-01-26,600519,13:34:48,1348.3600,11,2
2026-01-26,600519,13:34:51,1348.7100,27,1
2026-01-26,600519,13:34:54,1348.7200,4,1
2026-01-26,600519,13:34:57,1348.7200,3,2
2026-01-26,600519,13:35:00,1348.6500,7,2
2026-01-26,600519,13:35:03,1348.5000,24,2
2026-01-26,600519,13:35:06,1348.5500,5,2
2026-01-26,600519,13:35:09,1348.9900,24,1
2026-01-26,600519,13:35:12,1348.9000,8,1
2026-01-26,600519,13:35:15,1348.9000,23,2
2026-01-26,600519,13:35:18,1348.7400,27,2
2026-01-26,600519,13:35:21,1348.7300,9,2
2026-01-26,600519,13:35:24,1348.7400,26,2
2026-01-26,600519,13:35:27,1348.8000,15,1
2026-01-26,600519,13:35:30,1348.7000,3,1
2026-01-26,600519,13:35:33,1347.9900,3,2
2026-01-26,600519,13:35:36,1348.8000,11,1
2026-01-26,600519,13:35:39,1348.7300,5,1
2026-01-26,600519,13:35:42,1347.4000,4,2
2026-01-26,600519,13:35:45,1348.0000,1,2
2026-01-26,600519,13:35:48,1347.9100,5,2
2026-01-26,600519,13:35:51,1347.9100,3,1
2026-01-26,600519,13:35:54,1348.7300,16,1
2026-01-26,600519,13:35:57,1347.9000,8,1
2026-01-26,600519,13:36:00,1347.8101,5,2
2026-01-26,600519,13:36:03,1347.8000,6,2
2026-01-26,600519,13:36:06,1347.9000,4,1
2026-01-26,600519,13:36:09,1348.0100,15,1
2026-01-26,600519,13:36:12,1347.9000,5,1
2026-01-26,600519,13:36:15,1347.9100,10,1
2026-01-26,600519,13:36:18,1347.3500,4,2
2026-01-26,600519,13:36:21,1347.7000,11,1
2026-01-26,600519,13:36:24,1347.9100,14,1
2026-01-26,600519,13:36:27,1347.3500,5,2
2026-01-26,600519,13:36:30,1347.3500,18,2
2026-01-26,600519,13:36:33,1347.2500,13,2
2026-01-26,600519,13:36:36,1347.0000,10,2
2026-01-26,600519,13:36:39,1346.5000,9,2
2026-01-26,600519,13:36:42,1346.0601,11,2
2026-01-26,600519,13:36:45,1346.0000,3,2
2026-01-26,600519,13:36:48,1346.0000,6,1
2026-01-26,600519,13:36:51,1345.9900,15,1
2026-01-26,600519,13:36:54,1346.0699,7,1
2026-01-26,600519,13:36:57,1345.9200,2,2
2026-01-26,600519,13:37:00,1346.0200,4,1
2026-01-26,600519,13:37:03,1346.0699,7,2
2026-01-26,600519,13:37:06,1346.0100,7,2
2026-01-26,600519,13:37:09,1346.0699,3,2
2026-01-26,600519,13:37:12,1346.9900,9,1
2026-01-26,600519,13:37:15,1346.1000,1,2
2026-01-26,600519,13:37:18,1346.0800,4,2
2026-01-26,600519,13:37:21,1347.0000,7,1
2026-01-26,600519,13:37:24,1347.0200,10,1
2026-01-26,600519,13:37:27,1347.2200,4,1
2026-01-26,600519,13:37:30,1347.2500,5,1
2026-01-26,600519,13:37:33,1347.3500,6,1
2026-01-26,600519,13:37:36,1347.2500,6,2
2026-01-26,600519,13:37:39,1347.2500,2,2
2026-01-26,600519,13:37:42,1347.2500,5,1
2026-01-26,600519,13:37:45,1347.2000,5,2
2026-01-26,600519,13:37:48,1347.2500,4,1
2026-01-26,600519,13:37:51,1347.2400,6,1
2026-01-26,600519,13:37:54,1347.2000,1,2
2026-01-26,600519,13:37:57,1347.2500,7,1
2026-01-26,600519,13:38:00,1347.2000,2,2
2026-01-26,600519,13:38:03,1347.2100,1,2
2026-01-26,600519,13:38:06,1347.2300,4,1
2026-01-26,600519,13:38:09,1347.2300,6,1
2026-01-26,600519,13:38:12,1347.1899,8,2
2026-01-26,600519,13:38:15,1347.2000,3,2
2026-01-26,600519,13:38:18,1347.1899,2,2
2026-01-26,600519,13:38:21,1347.2100,24,1
2026-01-26,600519,13:38:24,1347.8000,67,1
2026-01-26,600519,13:38:27,1348.0699,4,1
2026-01-26,600519,13:38:30,1347.2500,32,2
2026-01-26,600519,13:38:33,1348.3500,6,1
2026-01-26,600519,13:38:36,1348.2600,1,2
2026-01-26,600519,13:38:39,1348.3500,6,2
2026-01-26,600519,13:38:42,1348.2600,16,2
2026-01-26,600519,13:38:45,1348.5000,2,1
2026-01-26,600519,13:38:48,1348.5200,4,1
2026-01-26,600519,13:38:51,1348.5000,15,2
2026-01-26,600519,13:38:54,1348.2600,6,2
2026-01-26,600519,13:38:57,1348.2600,7,2
2026-01-26,600519,13:39:00,1348.2500,8,2
2026-01-26,600519,13:39:03,1348.2600,3,2
2026-01-26,600519,13:39:06,1348.5200,21,1
2026-01-26,600519,13:39:09,1348.5000,10,2
2026-01-26,600519,13:39:12,1348.6899,19,1
2026-01-26,600519,13:39:15,1348.7000,13,1
2026-01-26,600519,13:39:18,1348.6899,7,2
2026-01-26,600519,13:39:21,1348.7000,13,2
2026-01-26,600519,13:39:24,1348.7300,21,2
2026-01-26,600519,13:39:27,1348.7300,3,2
2026-01-26,600519,13:39:30,1348.7300,9,4
2026-01-26,600519,13:39:33,1348.7300,12,2
2026-01-26,600519,13:39:36,1348.6899,6,2
2026-01-26,600519,13:39:39,1348.7300,10,1
2026-01-26,600519,13:39:42,1348.7900,16,1
2026-01-26,600519,13:39:45,1348.7100,8,2
2026-01-26,600519,13:39:48,1348.7200,17,1
2026-01-26,600519,13:39:51,1348.7300,9,2
2026-01-26,600519,13:39:54,1348.7400,55,2
2026-01-26,600519,13:39:57,1348.7400,11,2
2026-01-26,600519,13:40:00,1348.8700,18,1
2026-01-26,600519,13:40:03,1348.8000,3,2
2026-01-26,600519,13:40:06,1348.8500,16,1
2026-01-26,600519,13:40:09,1348.8500,4,1
2026-01-26,600519,13:40:12,1348.7900,6,2
2026-01-26,600519,13:40:15,1348.7900,5,2
2026-01-26,600519,13:40:18,1348.8199,7,1
2026-01-26,600519,13:40:21,1348.7900,11,2
2026-01-26,600519,13:40:24,1348.7900,10,2
2026-01-26,600519,13:40:27,1348.7900,11,2
2026-01-26,600519,13:40:30,1348.8400,3,1
2026-01-26,600519,13:40:33,1348.8000,9,2
2026-01-26,600519,13:40:36,1348.8800,5,1
2026-01-26,600519,13:40:39,1348.9800,25,1
2026-01-26,600519,13:40:42,1348.9800,19,1
2026-01-26,600519,13:40:45,1349.0200,113,1
2026-01-26,600519,13:40:48,1349.0601,8,1
2026-01-26,600519,13:40:51,1349.0400,11,2
2026-01-26,600519,13:40:54,1349.0200,2,2
2026-01-26,600519,13:40:57,1349.0200,7,2
2026-01-26,600519,13:41:00,1349.1899,6,1
2026-01-26,600519,13:41:03,1349.0200,8,2
2026-01-26,600519,13:41:06,1349.0200,6,2
2026-01-26,600519,13:41:09,1348.9900,41,2
2026-01-26,600519,13:41:12,1348.9800,12,2
2026-01-26,600519,13:41:15,1349.0200,9,2
2026-01-26,600519,13:41:18,1348.9200,0,2
2026-01-26,600519,13:41:21,1348.8700,4,2
2026-01-26,600519,13:41:24,1348.8101,12,2
2026-01-26,600519,13:41:27,1348.9500,5,2
2026-01-26,600519,13:41:30,1348.8500,4,2
2026-01-26,600519,13:41:33,1348.8500,4,2
2026-01-26,600519,13:41:36,1348.9200,7,1
2026-01-26,600519,13:41:39,1348.8500,1,2
2026-01-26,600519,13:41:42,1349.0000,24,1
2026-01-26,600519,13:41:45,1348.9200,11,2
2026-01-26,600519,13:41:48,1348.8700,2,2
2026-01-26,600519,13:41:51,1348.8700,3,2
2026-01-26,600519,13:41:54,1348.9000,9,1
2026-01-26,600519,13:41:57,1348.9200,9,1
2026-01-26,600519,13:42:00,1348.9200,4,1
2026-01-26,600519,13:42:03,1348.9399,5,1
2026-01-26,600519,13:42:06,1348.9500,8,1
2026-01-26,600519,13:42:09,1348.9800,14,1
2026-01-26,600519,13:42:12,1349.1000,69,1
2026-01-26,600519,13:42:15,1349.0601,9,2
2026-01-26,600519,13:42:18,1349.1300,3,1
2026-01-26,600519,13:42:21,1349.1500,5,1
2026-01-26,600519,13:42:24,1349.1500,12,2
2026-01-26,600519,13:42:27,1349.1600,15,1
2026-01-26,600519,13:42:30,1349.1899,10,1
2026-01-26,600519,13:42:33,1349.1700,9,2
2026-01-26,600519,13:42:36,1349.2000,6,1
2026-01-26,600519,13:42:39,1349.1899,9,2
2026-01-26,600519,13:42:42,1349.1899,15,2
2026-01-26,600519,13:42:45,1349.3000,5,1
2026-01-26,600519,13:42:48,1349.2800,3,1
2026-01-26,600519,13:42:51,1349.3000,3,1
2026-01-26,600519,13:42:55,1349.3000,12,1
2026-01-26,600519,13:42:57,1349.3000,4,1
2026-01-26,600519,13:43:00,1349.2900,7,4
2026-01-26,600519,13:43:03,1349.3000,14,1
2026-01-26,600519,13:43:06,1349.3000,12,2
2026-01-26,600519,13:43:09,1349.3199,21,1
2026-01-26,600519,13:43:12,1349.3101,9,4
2026-01-26,600519,13:43:15,1349.3000,5,2
2026-01-26,600519,13:43:18,1349.2900,9,2
2026-01-26,600519,13:43:21,1349.3000,11,1
2026-01-26,600519,13:43:24,1349.2800,7,2
2026-01-26,600519,13:43:27,1349.2500,7,2
2026-01-26,600519,13:43:30,1349.2700,8,1
2026-01-26,600519,13:43:33,1349.1899,5,2
2026-01-26,600519,13:43:36,1349.2800,9,1
2026-01-26,600519,13:43:39,1349.2600,3,1
2026-01-26,600519,13:43:42,1349.2600,11,1
2026-01-26,600519,13:43:45,1349.1801,3,2
2026-01-26,600519,13:43:48,1349.1801,12,2
2026-01-26,600519,13:43:51,1349.2600,5,1
2026-01-26,600519,13:43:54,1349.2600,3,1
2026-01-26,600519,13:43:57,1349.2600,28,1
2026-01-26,600519,13:44:00,1349.2800,13,1
2026-01-26,600519,13:44:03,1349.2600,9,2
2026-01-26,600519,13:44:06,1349.2600,25,2
2026-01-26,600519,13:44:09,1349.1899,1,2
2026-01-26,600519,13:44:12,1349.1801,28,2
2026-01-26,600519,13:44:18,1349.0900,5,2
2026-01-26,600519,13:44:21,1349.0800,5,2
2026-01-26,600519,13:44:24,1349.0900,8,1
2026-01-26,600519,13:44:27,1349.0800,6,1
2026-01-26,600519,13:44:30,1349.0100,12,1
2026-01-26,600519,13:44:33,1349.0000,13,2
2026-01-26,600519,13:44:36,1349.0000,2,1
2026-01-26,600519,13:44:39,1349.0100,18,1
2026-01-26,600519,13:44:42,1348.9800,1,2
2026-01-26,600519,13:44:45,1348.9700,7,2
2026-01-26,600519,13:44:48,1348.9800,4,4
2026-01-26,600519,13:44:51,1348.9800,20,1
2026-01-26,600519,13:44:54,1348.9800,4,1
2026-01-26,600519,13:44:57,1348.9399,8,2
2026-01-26,600519,13:45:00,1349.0000,14,1
2026-01-26,600519,13:45:03,1348.9200,3,2
2026-01-26,600519,13:45:06,1348.9200,8,1
2026-01-26,600519,13:45:09,1348.9100,1,2
2026-01-26,600519,13:45:12,1348.8800,9,2
2026-01-26,600519,13:45:15,1348.8600,6,2
2026-01-26,600519,13:45:18,1348.8600,9,2
2026-01-26,600519,13:45:21,1348.8600,6,1
2026-01-26,600519,13:45:24,1348.8101,11,2
2026-01-26,600519,13:45:27,1348.7900,6,2
2026-01-26,600519,13:45:30,1348.7900,1,2
2026-01-26,600519,13:45:33,1348.7900,7,1
2026-01-26,600519,13:45:36,1348.7500,4,2
2026-01-26,600519,13:45:39,1348.7300,3,2
2026-01-26,600519,13:45:42,1348.7200,35,2
2026-01-26,600519,13:45:45,1348.7200,24,1
2026-01-26,600519,13:45:48,1348.7300,7,1
2026-01-26,600519,13:45:51,1348.6899,7,2
2026-01-26,600519,13:45:54,1348.5000,1,2
2026-01-26,600519,13:45:57,1348.5000,13,2
2026-01-26,600519,13:46:00,1348.6300,8,2
2026-01-26,600519,13:46:03,1348.5400,8,2
2026-01-26,600519,13:46:06,1348.6300,8,1
2026-01-26,600519,13:46:09,1348.7200,23,1
2026-01-26,600519,13:46:12,1349.0000,97,1
2026-01-26,600519,13:46:15,1348.7900,9,2
2026-01-26,600519,13:46:18,1349.0000,12,1
2026-01-26,600519,13:46:21,1349.0000,15,2
2026-01-26,600519,13:46:24,1349.0500,10,1
2026-01-26,600519,13:46:27,1349.0000,9,1
2026-01-26,600519,13:46:30,1349.0699,5,1
2026-01-26,600519,13:46:33,1349.1000,12,1
2026-01-26,600519,13:46:36,1349.1801,22,1
2026-01-26,600519,13:46:39,1349.2700,31,1
2026-01-26,600519,13:46:42,1349.4000,31,1
2026-01-26,600519,13:46:45,1349.4800,8,1
2026-01-26,600519,13:46:48,1349.4000,6,2
2026-01-26,600519,13:46:51,1349.6000,21,1
2026-01-26,600519,13:46:54,1349.5100,6,2
2026-01-26,600519,13:46:57,1349.6600,6,1
2026-01-26,600519,13:47:00,1349.6200,9,1
2026-01-26,600519,13:47:03,1349.7300,9,1
2026-01-26,600519,13:47:06,1349.9700,39,1
2026-01-26,600519,13:47:09,1350.1801,358,1
2026-01-26,600519,13:47:12,1350.2800,18,1
2026-01-26,600519,13:47:15,1350.4900,22,1
2026-01-26,600519,13:47:18,1350.6100,20,1
2026-01-26,600519,13:47:21,1351.1200,92,1
2026-01-26,600519,13:47:24,1351.2600,15,1
2026-01-26,600519,13:47:27,1351.5100,13,1
2026-01-26,600519,13:47:30,1351.5800,20,1
2026-01-26,600519,13:47:33,1351.7400,10,1
2026-01-26,600519,13:47:36,1351.5800,14,2
2026-01-26,600519,13:47:39,1351.5100,26,2
2026-01-26,600519,13:47:42,1351.8500,23,1
2026-01-26,600519,13:47:45,1351.8600,15,1
2026-01-26,600519,13:47:48,1351.7400,36,2
2026-01-26,600519,13:47:51,1351.8800,31,1
2026-01-26,600519,13:47:54,1351.8600,27,2
2026-01-26,600519,13:47:57,1351.8500,32,1
2026-01-26,600519,13:48:00,1351.7400,21,1
2026-01-26,600519,13:48:03,1351.8500,9,1
2026-01-26,600519,13:48:06,1351.5100,7,2
2026-01-26,600519,13:48:09,1351.7400,5,1
2026-01-26,600519,13:48:12,1351.7000,6,1
2026-01-26,600519,13:48:15,1351.8300,14,1
2026-01-26,600519,13:48:18,1351.5601,23,2
2026-01-26,600519,13:48:21,1351.8800,25,1
2026-01-26,600519,13:48:24,1351.8000,13,2
2026-01-26,600519,13:48:27,1351.8600,8,1
2026-01-26,600519,13:48:30,1351.8600,7,1
2026-01-26,600519,13:48:33,1351.8800,23,1
2026-01-26,600519,13:48:36,1351.7100,15,2
2026-01-26,600519,13:48:39,1351.7100,19,2
2026-01-26,600519,13:48:42,1351.8800,18,1
2026-01-26,600519,13:48:45,1351.8600,9,2
2026-01-26,600519,13:48:48,1351.8800,13,1
2026-01-26,600519,13:48:51,1351.8800,10,2
2026-01-26,600519,13:48:54,1351.8900,26,2
2026-01-26,600519,13:48:57,1351.8800,16,2
2026-01-26,600519,13:49:00,1351.8800,12,4
2026-01-26,600519,13:49:03,1351.8800,24,2
2026-01-26,600519,13:49:06,1351.9200,21,2
2026-01-26,600519,13:49:09,1351.9900,12,1
2026-01-26,600519,13:49:12,1351.8700,6,2
2026-01-26,600519,13:49:15,1351.9000,15,2
2026-01-26,600519,13:49:18,1351.8800,7,2
2026-01-26,600519,13:49:21,1351.8800,16,2
2026-01-26,600519,13:49:24,1351.9200,6,2
2026-01-26,600519,13:49:27,1351.9000,10,2
2026-01-26,600519,13:49:30,1351.9200,40,1
2026-01-26,600519,13:49:33,1351.9200,8,2
2026-01-26,600519,13:49:36,1351.9200,58,2
2026-01-26,600519,13:49:39,1351.9800,50,1
2026-01-26,600519,13:49:42,1352.0100,203,1
2026-01-26,600519,13:49:45,1352.0800,32,1
2026-01-26,600519,13:49:48,1352.0500,7,2
2026-01-26,600519,13:49:51,1352.0800,8,2
2026-01-26,600519,13:49:54,1352.0900,17,2
2026-01-26,600519,13:49:57,1352.1801,13,1
2026-01-26,600519,13:50:00,1352.2300,12,1
2026-01-26,600519,13:50:03,1352.2000,10,2
2026-01-26,600519,13:50:06,1352.3000,10,1
2026-01-26,600519,13:50:09,1352.3101,7,2
2026-01-26,600519,13:50:12,1352.3000,11,2
2026-01-26,600519,13:50:15,1352.3600,18,1
2026-01-26,600519,13:50:18,1352.4900,17,1
2026-01-26,600519,13:50:21,1352.5500,43,1
2026-01-26,600519,13:50:24,1352.5699,3,1
2026-01-26,600519,13:50:27,1352.5800,27,1
2026-01-26,600519,13:50:30,1352.5800,13,1
2026-01-26,600519,13:50:33,1352.5800,11,1
2026-01-26,600519,13:50:36,1352.5800,32,1
2026-01-26,600519,13:50:39,1352.5800,30,1
2026-01-26,600519,13:50:42,1352.5800,34,2
2026-01-26,600519,13:50:45,1352.5800,34,2
2026-01-26,600519,13:50:48,1352.5699,5,2
2026-01-26,600519,13:50:51,1352.5601,16,4
2026-01-26,600519,13:50:54,1352.5699,16,1
2026-01-26,600519,13:50:57,1352.5699,27,1
2026-01-26,600519,13:51:00,1352.5500,9,1
2026-01-26,600519,13:51:03,1352.5500,5,1
2026-01-26,600519,13:51:06,1352.5500,10,1
2026-01-26,600519,13:51:09,1352.1801,21,2
2026-01-26,600519,13:51:12,1352.0000,25,2
2026-01-26,600519,13:51:15,1351.7100,21,2
2026-01-26,600519,13:51:18,1351.5200,23,2
2026-01-26,600519,13:51:21,1351.0000,15,2
2026-01-26,600519,13:51:24,1350.5500,6,2
2026-01-26,600519,13:51:27,1350.0000,15,2
2026-01-26,600519,13:51:30,1350.0100,10,2
2026-01-26,600519,13:51:33,1350.1000,12,2
2026-01-26,600519,13:51:36,1350.6500,47,1
2026-01-26,600519,13:51:39,1350.6400,23,2
2026-01-26,600519,13:51:42,1351.6100,3,1
2026-01-26,600519,13:51:45,1351.7100,5,1
2026-01-26,600519,13:51:48,1351.6100,5,2
2026-01-26,600519,13:51:51,1351.6100,8,2
2026-01-26,600519,13:51:54,1351.9200,12,1
2026-01-26,600519,13:51:57,1351.9200,5,1
2026-01-26,600519,13:52:00,1351.8199,3,2
2026-01-26,600519,13:52:03,1351.9100,8,1
2026-01-26,600519,13:52:06,1352.0000,10,1
2026-01-26,600519,13:52:09,1351.8000,12,1
2026-01-26,600519,13:52:12,1351.8199,19,1
2026-01-26,600519,13:52:15,1352.2100,15,1
2026-01-26,600519,13:52:18,1352.4500,8,1
2026-01-26,600519,13:52:21,1352.6500,128,1
2026-01-26,600519,13:52:24,1352.9301,121,1
2026-01-26,600519,13:52:27,1352.9200,53,2
2026-01-26,600519,13:52:30,1352.9700,33,2
2026-01-26,600519,13:52:33,1352.9900,12,1
2026-01-26,600519,13:52:36,1352.9700,9,2
2026-01-26,600519,13:52:39,1352.9900,16,1
2026-01-26,600519,13:52:42,1352.9900,11,1
2026-01-26,600519,13:52:45,1352.9900,10,1
2026-01-26,600519,13:52:48,1352.9900,36,1
2026-01-26,600519,13:52:51,1353.0000,9,1
2026-01-26,600519,13:52:54,1352.9900,43,2
2026-01-26,600519,13:52:57,1352.9800,8,2
2026-01-26,600519,13:53:00,1352.8199,12,2
2026-01-26,600519,13:53:03,1352.4900,32,2
2026-01-26,600519,13:53:06,1352.0300,7,2
2026-01-26,600519,13:53:09,1352.0000,7,2
2026-01-26,600519,13:53:12,1351.9600,5,1
2026-01-26,600519,13:53:15,1352.0000,6,1
2026-01-26,600519,13:53:18,1351.9600,14,1
2026-01-26,600519,13:53:21,1352.0200,8,1
2026-01-26,600519,13:53:24,1352.0000,10,1
2026-01-26,600519,13:53:27,1351.7700,19,2
2026-01-26,600519,13:53:30,1351.7700,12,1
2026-01-26,600519,13:53:33,1352.0000,12,1
2026-01-26,600519,13:53:36,1352.0000,15,1
2026-01-26,600519,13:53:39,1351.7800,7,2
2026-01-26,600519,13:53:42,1351.8700,8,2
2026-01-26,600519,13:53:45,1352.0000,7,1
2026-01-26,600519,13:53:48,1352.0200,17,1
2026-01-26,600519,13:53:51,1352.5000,8,1
2026-01-26,600519,13:53:54,1352.8000,5,1
2026-01-26,600519,13:53:57,1352.8199,4,1
2026-01-26,600519,13:54:00,1352.9800,28,1
2026-01-26,600519,13:54:03,1352.9600,29,2
2026-01-26,600519,13:54:06,1352.9900,21,1
2026-01-26,600519,13:54:09,1353.0000,86,1
2026-01-26,600519,13:54:12,1352.9800,25,2
2026-01-26,600519,13:54:15,1352.9301,16,2
2026-01-26,600519,13:54:18,1352.9600,8,1
2026-01-26,600519,13:54:21,1352.9900,16,1
2026-01-26,600519,13:54:24,1352.9600,12,2
2026-01-26,600519,13:54:27,1352.9800,16,1
2026-01-26,600519,13:54:30,1352.9600,35,1
2026-01-26,600519,13:54:33,1352.9200,4,2
2026-01-26,600519,13:54:36,1352.9600,8,1
2026-01-26,600519,13:54:39,1353.6600,561,1
2026-01-26,600519,13:54:42,1354.7700,145,1
2026-01-26,600519,13:54:45,1354.6801,17,2
2026-01-26,600519,13:54:48,1354.8400,6,1
2026-01-26,600519,13:54:51,1354.8800,10,1
2026-01-26,600519,13:54:54,1354.8900,8,1
2026-01-26,600519,13:54:57,1354.8800,17,1
2026-01-26,600519,13:55:00,1354.8800,27,1
2026-01-26,600519,13:55:03,1354.9200,13,2
2026-01-26,600519,13:55:06,1354.9700,11,1
2026-01-26,600519,13:55:09,1354.9900,217,1
2026-01-26,600519,13:55:12,1354.9900,48,2
2026-01-26,600519,13:55:15,1355.0000,8,1
2026-01-26,600519,13:55:18,1354.9900,7,2
2026-01-26,600519,13:55:21,1355.0000,26,1
2026-01-26,600519,13:55:24,1354.9000,9,2
2026-01-26,600519,13:55:27,1354.9000,22,2
2026-01-26,600519,13:55:30,1354.0000,35,2
2026-01-26,600519,13:55:33,1354.8400,15,1
2026-01-26,600519,13:55:36,1353.8800,17,2
2026-01-26,600519,13:55:39,1353.8800,10,2
2026-01-26,600519,13:55:42,1353.8800,6,1
2026-01-26,600519,13:55:45,1353.8800,6,1
2026-01-26,600519,13:55:48,1353.1700,8,2
2026-01-26,600519,13:55:51,1353.1700,11,2
2026-01-26,600519,13:55:54,1353.0000,32,2
2026-01-26,600519,13:55:57,1352.0000,14,2
2026-01-26,600519,13:56:00,1352.0100,10,2
2026-01-26,600519,13:56:03,1351.9301,31,2
2026-01-26,600519,13:56:06,1352.0100,32,2
2026-01-26,600519,13:56:09,1351.7700,15,2
2026-01-26,600519,13:56:12,1351.3700,10,2
2026-01-26,600519,13:56:15,1351.6000,7,1
2026-01-26,600519,13:56:18,1350.0100,20,2
2026-01-26,600519,13:56:21,1350.0000,21,2
2026-01-26,600519,13:56:24,1350.0000,20,2
2026-01-26,600519,13:56:27,1350.0100,20,2
2026-01-26,600519,13:56:30,1349.6700,41,2
2026-01-26,600519,13:56:33,1349.6899,21,2
2026-01-26,600519,13:56:36,1349.5900,7,2
2026-01-26,600519,13:56:39,1350.0000,15,2
2026-01-26,600519,13:56:42,1349.5900,28,2
2026-01-26,600519,13:56:45,1350.1300,14,2
2026-01-26,600519,13:56:48,1350.0000,12,2
2026-01-26,600519,13:56:51,1350.0100,12,2
2026-01-26,600519,13:56:54,1349.7300,8,2
2026-01-26,600519,13:56:57,1351.1700,12,1
2026-01-26,600519,13:57:00,1350.0000,5,2
2026-01-26,600519,13:57:03,1350.7000,1,2
2026-01-26,600519,13:57:06,1350.7000,7,2
2026-01-26,600519,13:57:09,1351.2100,5,1
2026-01-26,600519,13:57:13,1351.2700,6,1
2026-01-26,600519,13:57:15,1351.2600,2,1
2026-01-26,600519,13:57:18,1351.0200,7,1
2026-01-26,600519,13:57:21,1350.7200,5,2
2026-01-26,600519,13:57:24,1351.0200,8,2
2026-01-26,600519,13:57:27,1351.0200,3,1
2026-01-26,600519,13:57:30,1351.0200,3,1
2026-01-26,600519,13:57:33,1351.2600,7,1
2026-01-26,600519,13:57:36,1351.3800,5,1
2026-01-26,600519,13:57:39,1351.4000,3,1
2026-01-26,600519,13:57:42,1351.4000,3,1
2026-01-26,600519,13:57:45,1351.5000,6,1
2026-01-26,600519,13:57:48,1351.5000,4,2
2026-01-26,600519,13:57:51,1351.5000,9,2
2026-01-26,600519,13:57:54,1352.0000,10,1
2026-01-26,600519,13:57:57,1352.0000,6,2
2026-01-26,600519,13:58:00,1352.9700,6,1
2026-01-26,600519,13:58:03,1352.9800,17,1
2026-01-26,600519,13:58:06,1352.9700,8,1
2026-01-26,600519,13:58:10,1352.9000,7,2
2026-01-26,600519,13:58:12,1352.9000,7,1
2026-01-26,600519,13:58:15,1353.0000,38,1
2026-01-26,600519,13:58:18,1353.1700,22,1
2026-01-26,600519,13:58:21,1353.3000,4,1
2026-01-26,600519,13:58:24,1353.5800,7,1
2026-01-26,600519,13:58:27,1353.6300,5,1
2026-01-26,600519,13:58:30,1353.5601,8,2
2026-01-26,600519,13:58:33,1353.3000,24,2
2026-01-26,600519,13:58:36,1353.4100,23,1
2026-01-26,600519,13:58:39,1353.1100,13,2
2026-01-26,600519,13:58:42,1351.9399,16,2
2026-01-26,600519,13:58:45,1351.9301,4,2
2026-01-26,600519,13:58:48,1352.1899,6,1
2026-01-26,600519,13:58:51,1352.0000,15,2
2026-01-26,600519,13:58:54,1352.0100,23,2
2026-01-26,600519,13:58:57,1351.3800,13,2
2026-01-26,600519,13:59:00,1351.3400,5,2
2026-01-26,600519,13:59:03,1351.9800,6,1
2026-01-26,600519,13:59:06,1351.3500,10,2
2026-01-26,600519,13:59:09,1351.3400,13,2
2026-01-26,600519,13:59:12,1351.2400,6,2
2026-01-26,600519,13:59:15,1351.3700,1,2
2026-01-26,600519,13:59:18,1351.0200,6,2
2026-01-26,600519,13:59:21,1351.0000,7,2
2026-01-26,600519,13:59:24,1351.0000,7,2
2026-01-26,600519,13:59:27,1351.0000,13,2
2026-01-26,600519,13:59:30,1351.0100,12,2
2026-01-26,600519,13:59:33,1351.0100,13,2
2026-01-26,600519,13:59:36,1350.2300,20,2
2026-01-26,600519,13:59:39,1350.1700,18,2
2026-01-26,600519,13:59:42,1350.2100,9,1
2026-01-26,600519,13:59:45,1350.2100,4,2
2026-01-26,600519,13:59:48,1350.0000,7,2
2026-01-26,600519,13:59:51,1350.2000,9,1
2026-01-26,600519,13:59:54,1350.0000,7,2
2026-01-26,600519,13:59:57,1350.2300,24,1
2026-01-26,600519,14:00:00,1350.2400,10,2
2026-01-26,600519,14:00:03,1351.0000,6,1
2026-01-26,600519,14:00:06,1350.2300,4,2
2026-01-26,600519,14:00:09,1350.9800,11,1
2026-01-26,600519,14:00:12,1350.2500,12,2
2026-01-26,600519,14:00:15,1351.2400,8,1
2026-01-26,600519,14:00:18,1351.2400,7,2
2026-01-26,600519,14:00:21,1351.2900,7,1
2026-01-26,600519,14:00:24,1351.3800,3,1
2026-01-26,600519,14:00:27,1351.4200,9,1
2026-01-26,600519,14:00:30,1351.4100,4,2
2026-01-26,600519,14:00:33,1352.0000,22,1
2026-01-26,600519,14:00:36,1352.0000,4,2
2026-01-26,600519,14:00:39,1352.3400,14,1
2026-01-26,600519,14:00:42,1352.3500,23,1
2026-01-26,600519,14:00:45,1352.9900,4,1
2026-01-26,600519,14:00:48,1352.9900,4,1
2026-01-26,600519,14:00:51,1352.9900,13,2
2026-01-26,600519,14:00:54,1352.9900,13,2
2026-01-26,600519,14:00:57,1353.0000,17,1
2026-01-26,600519,14:01:00,1352.9900,13,2
2026-01-26,600519,14:01:03,1353.0000,20,1
2026-01-26,600519,14:01:06,1352.9900,13,2
2026-01-26,600519,14:01:09,1353.0000,4,1
2026-01-26,600519,14:01:12,1353.0100,15,1
2026-01-26,600519,14:01:15,1352.9900,6,2
2026-01-26,600519,14:01:18,1352.9100,14,2
2026-01-26,600519,14:01:21,1352.6100,22,2
2026-01-26,600519,14:01:24,1352.7900,11,1
2026-01-26,600519,14:01:27,1352.4000,3,1
2026-01-26,600519,14:01:30,1352.6000,8,1
2026-01-26,600519,14:01:33,1352.4000,30,2
2026-01-26,600519,14:01:36,1352.8000,1,2
2026-01-26,600519,14:01:39,1352.9301,6,1
2026-01-26,600519,14:01:42,1352.9900,7,1
2026-01-26,600519,14:01:45,1352.8500,7,2
2026-01-26,600519,14:01:48,1352.8500,21,2
2026-01-26,600519,14:01:51,1352.8500,14,1
2026-01-26,600519,14:01:54,1352.8500,6,1
2026-01-26,600519,14:01:57,1352.7500,22,2
2026-01-26,600519,14:02:00,1352.8500,5,2
2026-01-26,600519,14:02:03,1352.9900,4,1
2026-01-26,600519,14:02:06,1352.9800,2,2
2026-01-26,600519,14:02:09,1352.9900,9,1
2026-01-26,600519,14:02:12,1353.0000,18,1
2026-01-26,600519,14:02:15,1352.9900,16,2
2026-01-26,600519,14:02:18,1353.0100,6,1
2026-01-26,600519,14:02:21,1353.0100,15,1
2026-01-26,600519,14:02:24,1353.0000,5,2
2026-01-26,600519,14:02:27,1353.0100,5,2
2026-01-26,600519,14:02:30,1353.1000,10,1
2026-01-26,600519,14:02:33,1353.0200,17,2
2026-01-26,600519,14:02:36,1353.0000,12,2
2026-01-26,600519,14:02:39,1352.9600,24,2
2026-01-26,600519,14:02:42,1352.8800,24,2
2026-01-26,600519,14:02:45,1353.0000,6,1
2026-01-26,600519,14:02:48,1352.8500,10,2
2026-01-26,600519,14:02:51,1352.8000,18,2
2026-01-26,600519,14:02:54,1352.8300,2,1
2026-01-26,600519,14:02:57,1353.0000,17,1
2026-01-26,600519,14:03:00,1352.9800,17,2
2026-01-26,600519,14:03:03,1352.9800,15,2
2026-01-26,600519,14:03:06,1353.0000,18,1
2026-01-26,600519,14:03:09,1352.6000,25,2
2026-01-26,600519,14:03:12,1352.5000,12,2
2026-01-26,600519,14:03:15,1352.5000,17,2
2026-01-26,600519,14:03:18,1352.5000,6,2
2026-01-26,600519,14:03:21,1352.5000,2,2
2026-01-26,600519,14:03:24,1352.5000,8,2
2026-01-26,600519,14:03:27,1352.5000,7,2
2026-01-26,600519,14:03:30,1352.7500,4,1
2026-01-26,600519,14:03:33,1352.9600,9,1
2026-01-26,600519,14:03:36,1352.9700,16,1
2026-01-26,600519,14:03:39,1352.9700,9,2
2026-01-26,600519,14:03:42,1352.9800,10,1
2026-01-26,600519,14:03:45,1352.9900,21,1
2026-01-26,600519,14:03:48,1352.9800,2,4
2026-01-26,600519,14:03:51,1352.9900,3,1
2026-01-26,600519,14:03:54,1352.9900,15,2
2026-01-26,600519,14:03:57,1352.9900,4,2
2026-01-26,600519,14:04:00,1353.0000,16,1
2026-01-26,600519,14:04:03,1353.0200,12,1
2026-01-26,600519,14:04:06,1353.0200,7,2
2026-01-26,600519,14:04:09,1353.0900,2,1
2026-01-26,600519,14:04:12,1353.1600,3,1
2026-01-26,600519,14:04:15,1353.1000,8,2
2026-01-26,600519,14:04:18,1353.1000,7,2
2026-01-26,600519,14:04:21,1353.1899,6,1
2026-01-26,600519,14:04:24,1353.2000,4,1
2026-01-26,600519,14:04:27,1353.2000,15,1
2026-01-26,600519,14:04:30,1353.2300,9,1
2026-01-26,600519,14:04:33,1353.2000,14,2
2026-01-26,600519,14:04:36,1353.3000,9,1
2026-01-26,600519,14:04:39,1353.2000,15,2
2026-01-26,600519,14:04:42,1353.2000,2,4
2026-01-26,600519,14:04:45,1353.2200,13,2
2026-01-26,600519,14:04:48,1353.2300,6,1
2026-01-26,600519,14:04:51,1353.2000,4,2
2026-01-26,600519,14:04:54,1353.1801,10,2
2026-01-26,600519,14:04:57,1353.1801,15,1
2026-01-26,600519,14:05:00,1353.0900,15,2
2026-01-26,600519,14:05:03,1353.1000,10,2
2026-01-26,600519,14:05:06,1353.0000,40,2
2026-01-26,600519,14:05:09,1352.9800,6,2
2026-01-26,600519,14:05:12,1352.9800,3,2
2026-01-26,600519,14:05:15,1353.0000,12,1
2026-01-26,600519,14:05:18,1352.9800,12,2
2026-01-26,600519,14:05:21,1352.9800,16,2
2026-01-26,600519,14:05:24,1353.0000,6,1
2026-01-26,600519,14:05:27,1352.9900,6,2
2026-01-26,600519,14:05:30,1353.0000,9,1
2026-01-26,600519,14:05:33,1352.9900,5,2
2026-01-26,600519,14:05:36,1352.9900,10,2
2026-01-26,600519,14:05:39,1352.9900,4,2
2026-01-26,600519,14:05:42,1352.9900,7,1
2026-01-26,600519,14:05:45,1352.9900,12,1
2026-01-26,600519,14:05:48,1352.9900,5,1
2026-01-26,600519,14:05:51,1352.9900,16,1
2026-01-26,600519,14:05:54,1352.9900,4,1
2026-01-26,600519,14:05:57,1352.9900,5,1
2026-01-26,600519,14:06:00,1352.9500,4,2
2026-01-26,600519,14:06:03,1352.9500,5,1
2026-01-26,600519,14:06:06,1352.9500,4,1
2026-01-26,600519,14:06:09,1352.9900,5,1
2026-01-26,600519,14:06:12,1352.9800,4,1
2026-01-26,600519,14:06:15,1352.8500,17,2
2026-01-26,600519,14:06:18,1352.5500,23,2
2026-01-26,600519,14:06:21,1352.4000,24,2
2026-01-26,600519,14:06:24,1352.4000,3,2
2026-01-26,600519,14:06:27,1352.4000,6,2
2026-01-26,600519,14:06:30,1352.3800,4,2
2026-01-26,600519,14:06:33,1352.0400,5,2
2026-01-26,600519,10:51:57,1335.8700,20,2
2026-01-26,600519,10:52:00,1335.7000,13,2
2026-01-26,600519,10:52:03,1335.5800,16,2
2026-01-26,600519,10:52:06,1335.2500,22,2
2026-01-26,600519,10:52:09,1335.5500,26,1
2026-01-26,600519,10:52:12,1335.3500,10,1
2026-01-26,600519,10:52:15,1335.4700,23,1
2026-01-26,600519,10:52:18,1335.3900,12,2
2026-01-26,600519,10:52:21,1335.5900,7,1
2026-01-26,600519,10:52:24,1335.5900,6,2
2026-01-26,600519,10:52:27,1336.0400,9,1
2026-01-26,600519,10:52:30,1335.8900,10,2
2026-01-26,600519,10:52:33,1335.6400,25,2
2026-01-26,600519,10:52:36,1335.6400,21,2
2026-01-26,600519,10:52:39,1335.5500,22,2
2026-01-26,600519,10:52:42,1335.6300,8,1
2026-01-26,600519,10:52:45,1335.6000,12,2
2026-01-26,600519,10:52:48,1335.6400,4,2
2026-01-26,600519,10:52:51,1335.6899,17,2
2026-01-26,600519,10:52:54,1335.6400,8,2
2026-01-26,600519,10:52:57,1335.7400,5,2
2026-01-26,600519,10:53:00,1335.6000,14,2
2026-01-26,600519,10:53:03,1335.6500,3,2
2026-01-26,600519,10:53:06,1335.5500,22,2
2026-01-26,600519,10:53:09,1335.6000,22,1
2026-01-26,600519,10:53:12,1335.4900,36,2
2026-01-26,600519,10:53:15,1335.4800,10,1
2026-01-26,600519,10:53:18,1335.1100,16,2
2026-01-26,600519,10:53:21,1335.1000,13,2
2026-01-26,600519,10:53:24,1335.1500,17,2
2026-01-26,600519,10:53:27,1335.1100,27,2
2026-01-26,600519,10:53:30,1335.1100,15,2
2026-01-26,600519,10:53:33,1335.0100,19,2
2026-01-26,600519,10:53:36,1335.0699,16,1
2026-01-26,600519,10:53:39,1335.0601,41,1
2026-01-26,600519,10:53:42,1335.1000,18,1
2026-01-26,600519,10:53:45,1335.0601,12,2
2026-01-26,600519,10:53:48,1334.1100,106,2
2026-01-26,600519,10:53:51,1334.0000,25,2
2026-01-26,600519,10:53:54,1333.9100,22,2
2026-01-26,600519,10:53:57,1333.9399,19,1
2026-01-26,600519,10:54:00,1333.8300,17,2
2026-01-26,600519,10:54:03,1333.5000,16,2
2026-01-26,600519,10:54:06,1333.0200,17,2
2026-01-26,600519,10:54:09,1333.0000,20,2
2026-01-26,600519,10:54:12,1333.0100,37,1
2026-01-26,600519,10:54:15,1333.0000,22,2
2026-01-26,600519,10:54:18,1332.8800,28,2
2026-01-26,600519,10:54:21,1332.7200,13,1
2026-01-26,600519,10:54:24,1332.1000,7,2
2026-01-26,600519,10:54:27,1332.0000,15,2
2026-01-26,600519,10:54:30,1332.0000,28,2
2026-01-26,600519,10:54:33,1331.1300,18,2
2026-01-26,600519,10:54:36,1331.4900,48,1
2026-01-26,600519,10:54:39,1331.5800,26,1
2026-01-26,600519,10:54:42,1331.4900,13,2
2026-01-26,600519,10:54:45,1331.0000,25,2
2026-01-26,600519,10:54:48,1330.9200,63,2
2026-01-26,600519,10:54:51,1330.9000,30,2
2026-01-26,600519,10:54:54,1330.9200,28,1
2026-01-26,600519,10:54:57,1330.8199,17,2
2026-01-26,600519,10:55:00,1330.9000,32,2
2026-01-26,600519,10:55:03,1331.0000,7,1
2026-01-26,600519,10:55:06,1331.0100,10,2
2026-01-26,600519,10:55:09,1330.9000,13,2
2026-01-26,600519,10:55:12,1331.0100,8,2
2026-01-26,600519,10:55:15,1331.0400,22,1
2026-01-26,600519,10:55:18,1331.4900,31,1
2026-01-26,600519,10:55:21,1331.5601,10,1
2026-01-26,600519,10:55:24,1331.5800,21,1
2026-01-26,600519,10:55:27,1331.5800,5,2
2026-01-26,600519,10:55:30,1332.0699,4,1
2026-01-26,600519,10:55:33,1332.0699,4,1
2026-01-26,600519,10:55:36,1331.9900,14,2
2026-01-26,600519,10:55:39,1331.5601,20,2
2026-01-26,600519,10:55:42,1331.1100,40,2
2026-01-26,600519,10:55:45,1331.0699,37,2
2026-01-26,600519,10:55:48,1330.9100,25,2
2026-01-26,600519,10:55:51,1331.0000,31,1
2026-01-26,600519,10:55:54,1331.0000,23,1
2026-01-26,600519,10:55:57,1330.8101,11,2
2026-01-26,600519,10:56:00,1331.0000,22,1
2026-01-26,600519,10:56:03,1331.4500,3,1
2026-01-26,600519,10:56:06,1331.4100,5,1
2026-01-26,600519,10:56:10,1331.3000,16,2
2026-01-26,600519,10:56:12,1331.3000,19,1
2026-01-26,600519,10:56:15,1331.0000,56,2
2026-01-26,600519,10:56:18,1331.2900,44,1
2026-01-26,600519,10:56:21,1331.0100,17,2
2026-01-26,600519,10:56:24,1331.2700,9,1
2026-01-26,600519,10:56:27,1331.0100,19,2
2026-01-26,600519,10:56:30,1331.0100,17,2
2026-01-26,600519,10:56:33,1331.0000,19,2
2026-01-26,600519,10:56:36,1331.0699,17,1
2026-01-26,600519,10:56:39,1331.0200,16,2
2026-01-26,600519,10:56:42,1331.0200,7,2
2026-01-26,600519,10:56:45,1331.0500,13,1
2026-01-26,600519,10:56:48,1331.0699,15,1
2026-01-26,600519,10:56:51,1331.0800,10,1
2026-01-26,600519,10:56:54,1331.1200,13,1
2026-01-26,600519,10:56:57,1331.1100,7,1
2026-01-26,600519,10:57:00,1331.3199,23,1
2026-01-26,600519,10:57:03,1331.3199,3,2
2026-01-26,600519,10:57:06,1331.5601,7,1
2026-01-26,600519,10:57:09,1331.5699,11,2
2026-01-26,600519,10:57:12,1331.9700,12,1
2026-01-26,600519,10:57:15,1331.9900,13,1
2026-01-26,600519,10:57:18,1333.0100,13,1
2026-01-26,600519,10:57:21,1332.0699,14,2
2026-01-26,600519,10:57:24,1333.0200,2,1
2026-01-26,600519,10:57:27,1333.7000,16,1
2026-01-26,600519,10:57:30,1333.8300,4,1
2026-01-26,600519,10:57:33,1333.0200,4,2
2026-01-26,600519,10:57:36,1333.8300,9,2
2026-01-26,600519,10:57:39,1333.8300,28,2
2026-01-26,600519,10:57:42,1334.1100,42,1
2026-01-26,600519,10:57:45,1333.8101,18,1
2026-01-26,600519,10:57:48,1332.1400,30,2
2026-01-26,600519,10:57:51,1332.1100,14,2
2026-01-26,600519,10:57:54,1333.0100,19,1
2026-01-26,600519,10:57:57,1332.0000,35,2
2026-01-26,600519,10:58:00,1333.0100,6,2
2026-01-26,600519,10:58:03,1333.4700,12,1
2026-01-26,600519,10:58:06,1333.0200,8,2
2026-01-26,600519,10:58:09,1332.0000,13,2
2026-01-26,600519,10:58:12,1332.0000,16,2
2026-01-26,600519,10:58:15,1332.0000,30,2
2026-01-26,600519,10:58:18,1333.3900,17,1
2026-01-26,600519,10:58:21,1333.2800,19,1
2026-01-26,600519,10:58:24,1333.2100,17,1
2026-01-26,600519,10:58:27,1333.3900,16,1
2026-01-26,600519,10:58:30,1332.0000,22,2
2026-01-26,600519,10:58:33,1333.1801,9,1
2026-01-26,600519,10:58:36,1332.5000,13,2
2026-01-26,600519,10:58:40,1332.4900,13,2
2026-01-26,600519,10:58:42,1332.4900,16,1
2026-01-26,600519,10:58:45,1332.5000,15,1
2026-01-26,600519,10:58:48,1332.0000,24,2
2026-01-26,600519,10:58:51,1332.0100,7,2
2026-01-26,600519,10:58:54,1332.4900,17,1
2026-01-26,600519,10:58:57,1332.0100,3,2
2026-01-26,600519,10:59:00,1332.0500,17,2
2026-01-26,600519,10:59:03,1332.0000,8,2
2026-01-26,600519,10:59:06,1332.0100,21,2
2026-01-26,600519,10:59:09,1332.0000,20,2
2026-01-26,600519,10:59:12,1331.8000,16,2
2026-01-26,600519,10:59:15,1331.5000,22,2
2026-01-26,600519,10:59:18,1331.8000,18,1
2026-01-26,600519,10:59:21,1331.0800,13,2
2026-01-26,600519,10:59:24,1331.1700,39,2
2026-01-26,600519,10:59:27,1331.0000,22,2
2026-01-26,600519,10:59:30,1331.1700,32,1
2026-01-26,600519,10:59:33,1330.8101,62,2
2026-01-26,600519,10:59:36,1330.3600,37,2
2026-01-26,600519,10:59:39,1330.2200,10,2
2026-01-26,600519,10:59:42,1330.1100,21,2
2026-01-26,600519,10:59:45,1330.3000,29,1
2026-01-26,600519,10:59:48,1330.1000,10,2
2026-01-26,600519,10:59:51,1330.2000,24,2
2026-01-26,600519,10:59:54,1330.0300,18,2
2026-01-26,600519,10:59:57,1330.2100,18,1
2026-01-26,600519,11:00:00,1330.2000,32,1
2026-01-26,600519,11:00:03,1330.0900,25,2
2026-01-26,600519,11:00:06,1330.2100,7,2
2026-01-26,600519,11:00:09,1330.0100,23,2
2026-01-26,600519,11:00:12,1330.0400,13,1
2026-01-26,600519,11:00:15,1330.6700,23,1
2026-01-26,600519,11:00:18,1330.0400,10,2
2026-01-26,600519,11:00:21,1330.1200,16,2
2026-01-26,600519,11:00:24,1330.0300,11,2
2026-01-26,600519,11:00:27,1330.0300,7,2
2026-01-26,600519,11:00:30,1330.9500,13,1
2026-01-26,600519,11:00:33,1330.9500,19,1
2026-01-26,600519,11:00:36,1330.0100,25,2
2026-01-26,600519,11:00:39,1330.0100,29,2
2026-01-26,600519,11:00:42,1330.0300,26,2
2026-01-26,600519,11:00:45,1330.5900,16,1
2026-01-26,600519,11:00:48,1330.0300,21,2
2026-01-26,600519,11:00:51,1330.7600,14,1
2026-01-26,600519,11:00:54,1330.9301,16,1
2026-01-26,600519,11:00:57,1330.3000,25,2
2026-01-26,600519,11:01:00,1330.9700,16,1
2026-01-26,600519,11:01:03,1330.3000,15,2
2026-01-26,600519,11:01:06,1330.0200,12,2
2026-01-26,600519,11:01:09,1330.0100,30,2
2026-01-26,600519,11:01:12,1330.0200,25,2
2026-01-26,600519,11:01:15,1331.2200,7,1
2026-01-26,600519,11:01:18,1330.2000,7,2
2026-01-26,600519,11:01:21,1330.0200,10,2
2026-01-26,600519,11:01:24,1331.3500,7,1
2026-01-26,600519,11:01:27,1330.2000,13,2
2026-01-26,600519,11:01:30,1331.3300,18,1
2026-01-26,600519,11:01:33,1330.2000,29,2
2026-01-26,600519,11:01:36,1330.2000,18,2
2026-01-26,600519,11:01:39,1330.0100,42,2
2026-01-26,600519,11:01:42,1330.2000,32,2
2026-01-26,600519,11:01:45,1330.2200,26,2
2026-01-26,600519,11:01:48,1330.0300,20,2
2026-01-26,600519,11:01:51,1330.9900,15,1
2026-01-26,600519,11:01:54,1330.9900,12,2
2026-01-26,600519,11:01:57,1331.2400,18,1
2026-01-26,600519,11:02:00,1333.4600,21,1
2026-01-26,600519,11:02:03,1333.3300,19,1
2026-01-26,600519,11:02:06,1331.4200,9,2
2026-01-26,600519,11:02:09,1332.0200,8,2
2026-01-26,600519,11:02:12,1331.5900,25,2
2026-01-26,600519,11:02:15,1332.3400,5,2
2026-01-26,600519,11:02:18,1333.6000,14,1
2026-01-26,600519,11:02:21,1332.3300,5,2
2026-01-26,600519,11:02:24,1332.4500,16,2
2026-01-26,600519,11:02:27,1332.4600,21,2
2026-01-26,600519,11:02:30,1333.1000,13,1
2026-01-26,600519,11:02:33,1332.4500,20,2
2026-01-26,600519,11:02:36,1333.3400,16,1
2026-01-26,600519,11:02:39,1333.4800,7,1
2026-01-26,600519,11:02:42,1333.7300,9,1
2026-01-26,600519,11:02:45,1333.7900,16,1
2026-01-26,600519,11:02:48,1334.0000,15,1
2026-01-26,600519,11:02:52,1332.5000,22,2
2026-01-26,600519,11:02:54,1332.4500,15,2
2026-01-26,600519,11:02:57,1332.8600,13,1
2026-01-26,600519,11:03:00,1332.5000,6,2
2026-01-26,600519,11:03:03,1332.8600,14,1
2026-01-26,600519,11:03:06,1332.6801,16,2
2026-01-26,600519,11:03:09,1332.9000,4,2
2026-01-26,600519,11:03:12,1332.9000,21,2
2026-01-26,600519,11:03:15,1332.9000,8,2
2026-01-26,600519,11:03:18,1333.0000,13,2
2026-01-26,600519,11:03:21,1332.6899,11,2
2026-01-26,600519,11:03:24,1332.5000,14,2
2026-01-26,600519,11:03:27,1332.8000,25,1
2026-01-26,600519,11:03:30,1332.8000,19,1
2026-01-26,600519,11:03:33,1332.5000,21,2
2026-01-26,600519,11:03:36,1332.5100,19,2
2026-01-26,600519,11:03:39,1333.5300,11,1
2026-01-26,600519,11:03:42,1332.0601,16,2
2026-01-26,600519,11:03:45,1334.3800,17,1
2026-01-26,600519,11:03:48,1333.0000,11,2
2026-01-26,600519,11:03:51,1334.3300,10,1
2026-01-26,600519,11:03:54,1332.9200,13,2
2026-01-26,600519,11:03:57,1332.9399,20,2
2026-01-26,600519,11:04:00,1334.6500,14,1
2026-01-26,600519,11:04:03,1334.8101,17,1
2026-01-26,600519,11:04:06,1334.6899,10,2
2026-01-26,600519,11:04:09,1335.1200,22,1
2026-01-26,600519,11:04:12,1335.1500,14,1
2026-01-26,600519,11:04:15,1335.1500,14,1
2026-01-26,600519,11:04:18,1335.0100,26,2
2026-01-26,600519,11:04:21,1334.9600,17,2
2026-01-26,600519,11:04:24,1335.0000,28,1
2026-01-26,600519,11:04:27,1334.7600,7,2
2026-01-26,600519,11:04:30,1335.1500,25,1
2026-01-26,600519,11:04:33,1333.8500,9,2
2026-01-26,600519,11:04:36,1334.6899,2,1
2026-01-26,600519,11:04:39,1334.0100,2,2
2026-01-26,600519,11:04:42,1334.7600,3,1
2026-01-26,600519,11:04:45,1335.1200,1,1
2026-01-26,600519,11:04:48,1335.1200,5,2
2026-01-26,600519,11:04:51,1335.9500,5,1
2026-01-26,600519,11:04:54,1335.9000,5,1
2026-01-26,600519,11:04:57,1335.9700,8,1
2026-01-26,600519,11:05:00,1335.8101,6,2
2026-01-26,600519,11:05:03,1335.8101,2,1
2026-01-26,600519,11:05:06,1335.1200,8,2
2026-01-26,600519,11:05:09,1335.8000,13,1
2026-01-26,600519,11:05:12,1335.8000,77,2
2026-01-26,600519,11:05:16,1335.1200,13,2
2026-01-26,600519,11:05:18,1334.7700,9,2
2026-01-26,600519,11:05:21,1335.0100,7,2
2026-01-26,600519,11:05:24,1335.7500,1,1
2026-01-26,600519,11:05:27,1335.7500,3,1
2026-01-26,600519,11:05:30,1335.0500,2,2
2026-01-26,600519,11:05:33,1335.7700,6,1
2026-01-26,600519,11:05:36,1335.7700,23,1
2026-01-26,600519,11:05:39,1335.7700,18,2
2026-01-26,600519,11:05:42,1335.9500,10,1
2026-01-26,600519,11:05:45,1335.9500,4,1
2026-01-26,600519,11:05:48,1336.1801,2,1
2026-01-26,600519,11:05:51,1336.0000,12,1
2026-01-26,600519,11:05:54,1335.9800,11,2
2026-01-26,600519,11:05:57,1336.2400,2,2
2026-01-26,600519,11:06:00,1336.6600,3,1
2026-01-26,600519,11:06:03,1336.6600,4,1
2026-01-26,600519,11:06:06,1336.0000,7,2
2026-01-26,600519,11:06:09,1336.0000,4,2
2026-01-26,600519,11:06:12,1336.6600,5,1
2026-01-26,600519,11:06:15,1336.8900,7,1
2026-01-26,600519,11:06:18,1336.8900,1,1
2026-01-26,600519,11:06:21,1336.2400,8,2
2026-01-26,600519,11:06:27,1336.8900,2,1
2026-01-26,600519,11:06:30,1336.7300,2,1
2026-01-26,600519,11:06:33,1336.3900,9,2
2026-01-26,600519,11:06:36,1336.6600,11,1
2026-01-26,600519,11:06:40,1336.2900,6,2
2026-01-26,600519,11:06:42,1336.3900,2,1
2026-01-26,600519,11:06:45,1336.3400,7,4
2026-01-26,600519,11:06:48,1336.3900,3,1
2026-01-26,600519,11:06:51,1336.3900,1,1
2026-01-26,600519,11:06:54,1336.3900,2,1
2026-01-26,600519,11:06:57,1336.3900,5,1
2026-01-26,600519,11:07:00,1336.4900,6,1
2026-01-26,600519,11:07:03,1336.6600,3,1
2026-01-26,600519,11:07:06,1336.3900,9,2
2026-01-26,600519,11:07:09,1336.3300,27,2
2026-01-26,600519,11:07:12,1336.3199,14,1
2026-01-26,600519,11:07:15,1336.0000,7,2
2026-01-26,600519,11:07:18,1336.2400,3,1
2026-01-26,600519,11:07:21,1336.0000,2,2
2026-01-26,600519,11:07:24,1336.0000,5,2
2026-01-26,600519,11:07:27,1336.0000,11,1
2026-01-26,600519,11:07:30,1336.2200,1,1
2026-01-26,600519,11:07:33,1336.2300,5,1
2026-01-26,600519,11:07:36,1336.0500,32,2
2026-01-26,600519,11:07:39,1336.2000,1,2
2026-01-26,600519,11:07:42,1336.0500,8,2
2026-01-26,600519,11:07:48,1336.5601,11,1
2026-01-26,600519,11:07:51,1336.2600,4,2
2026-01-26,600519,11:07:54,1336.5500,2,1
2026-01-26,600519,11:07:57,1336.5601,7,1
2026-01-26,600519,11:08:00,1336.5601,1,1
2026-01-26,600519,11:08:03,1336.5601,3,2
2026-01-26,600519,11:08:06,1336.5601,3,2
2026-01-26,600519,11:08:09,1336.8700,3,1
2026-01-26,600519,11:08:12,1336.8800,3,1
2026-01-26,600519,11:08:15,1336.6200,2,2
2026-01-26,600519,11:08:18,1336.8800,2,1
2026-01-26,600519,11:08:21,1336.8800,6,1
2026-01-26,600519,11:08:24,1336.9399,7,1
2026-01-26,600519,11:08:27,1337.0100,10,1
2026-01-26,600519,11:08:30,1337.2800,1,1
2026-01-26,600519,11:08:33,1337.0000,3,2
2026-01-26,600519,11:08:36,1337.7700,1,1
2026-01-26,600519,11:08:39,1337.0100,3,2
2026-01-26,600519,11:08:42,1337.5699,6,1
2026-01-26,600519,11:08:45,1337.7700,6,1
2026-01-26,600519,11:08:48,1337.5601,4,1
2026-01-26,600519,11:08:51,1336.6200,34,2
2026-01-26,600519,11:08:54,1336.6200,6,2
2026-01-26,600519,11:08:57,1336.9301,7,1
2026-01-26,600519,11:09:00,1336.6000,5,2
2026-01-26,600519,11:09:03,1337.0200,1,1
2026-01-26,600519,11:09:06,1337.0200,1,2
2026-01-26,600519,11:09:12,1337.0500,1,2
2026-01-26,600519,11:09:18,1337.1000,4,2
2026-01-26,600519,11:09:21,1337.0900,2,2
2026-01-26,600519,11:09:24,1337.0900,4,1
2026-01-26,600519,11:09:27,1337.0900,3,2
2026-01-26,600519,11:09:30,1337.0500,6,2
2026-01-26,600519,11:09:33,1337.0000,7,2
2026-01-26,600519,11:09:36,1336.9600,13,2
2026-01-26,600519,11:09:39,1336.6000,6,2
2026-01-26,600519,11:09:42,1336.9399,8,1
2026-01-26,600519,11:09:45,1336.0000,5,2
2026-01-26,600519,11:09:48,1336.0000,5,2
2026-01-26,600519,11:09:51,1336.0000,28,2
2026-01-26,600519,11:09:54,1336.0000,24,2
2026-01-26,600519,11:09:57,1335.9301,28,2
2026-01-26,600519,11:10:00,1335.9301,4,1
2026-01-26,600519,11:10:03,1336.0100,1,1
2026-01-26,600519,11:10:06,1335.9301,4,2
2026-01-26,600519,11:10:09,1335.9301,3,2
2026-01-26,600519,11:10:12,1336.0100,4,1
2026-01-26,600519,11:10:21,1335.9301,7,2
2026-01-26,600519,11:10:24,1336.0000,1,1
2026-01-26,600519,11:10:27,1335.9301,2,2
2026-01-26,600519,11:10:30,1336.0100,2,1
2026-01-26,600519,11:10:33,1336.0000,1,2
2026-01-26,600519,11:10:36,1336.0000,2,2
2026-01-26,600519,11:10:39,1336.0000,3,2
2026-01-26,600519,11:10:42,1336.0000,4,2
2026-01-26,600519,11:10:48,1336.1100,7,1
2026-01-26,600519,11:10:51,1336.1000,7,2
2026-01-26,600519,11:10:54,1336.1000,5,2
2026-01-26,600519,11:10:57,1336.1801,4,1
2026-01-26,600519,11:11:03,1336.0300,1,2
2026-01-26,600519,11:11:06,1336.0300,3,2
2026-01-26,600519,11:11:09,1336.0300,5,2
2026-01-26,600519,11:11:12,1336.1899,2,1
2026-01-26,600519,11:11:15,1336.1000,1,2
2026-01-26,600519,11:11:18,1336.1801,2,1
2026-01-26,600519,11:11:21,1336.1801,3,2
2026-01-26,600519,11:11:24,1336.1200,2,2
2026-01-26,600519,11:11:27,1336.1100,4,2
2026-01-26,600519,11:11:30,1335.7400,20,2
2026-01-26,600519,11:11:33,1335.8800,6,1
2026-01-26,600519,11:11:36,1335.8800,3,1
2026-01-26,600519,11:11:39,1335.1000,3,2
2026-01-26,600519,11:11:45,1335.6700,3,2
2026-01-26,600519,11:11:48,1335.8600,8,1
2026-01-26,600519,11:11:51,1335.0000,8,2
2026-01-26,600519,11:11:54,1335.0000,11,2
2026-01-26,600519,11:11:57,1335.0100,32,1
2026-01-26,600519,11:12:00,1334.7400,3,2
2026-01-26,600519,11:12:03,1335.0000,4,1
2026-01-26,600519,11:12:06,1334.7400,2,1
2026-01-26,600519,11:12:09,1334.1400,10,2
2026-01-26,600519,11:12:12,1334.1400,1,2
2026-01-26,600519,11:12:15,1334.1400,13,2
2026-01-26,600519,11:12:18,1334.1899,2,2
2026-01-26,600519,11:12:21,1334.7400,2,1
2026-01-26,600519,11:12:24,1334.7500,2,1
2026-01-26,600519,11:12:27,1334.2000,3,2
2026-01-26,600519,11:12:33,1334.2000,3,2
2026-01-26,600519,11:12:36,1334.5601,4,2
2026-01-26,600519,11:12:39,1334.3101,1,2
2026-01-26,600519,11:12:42,1334.3101,4,2
2026-01-26,600519,11:12:45,1334.2100,1,2
2026-01-26,600519,11:12:51,1334.2000,3,2
