date,code,time,price,volume,bs
2026-05-28,601012,14:06:56,14.3500,118,2
2026-05-28,601012,14:06:59,14.3500,228,2
2026-05-28,601012,14:07:02,14.3500,144,1
2026-05-28,601012,14:07:05,14.3500,220,2
2026-05-28,601012,14:07:08,14.3500,48,2
2026-05-28,601012,14:07:11,14.3500,152,2
2026-05-28,601012,14:07:14,14.3500,104,2
2026-05-28,601012,14:07:17,14.3500,22,1
2026-05-28,601012,14:07:20,14.3600,186,1
2026-05-28,601012,14:07:23,14.3600,82,1
2026-05-28,601012,14:07:26,14.3500,89,2
2026-05-28,601012,14:07:29,14.3500,116,2
2026-05-28,601012,14:07:32,14.3500,8,2
2026-05-28,601012,14:07:36,14.3500,86,2
2026-05-28,601012,14:07:38,14.3500,118,1
2026-05-28,601012,14:07:41,14.3500,262,1
2026-05-28,601012,14:07:44,14.3500,125,2
2026-05-28,601012,14:07:47,14.3500,10,2
2026-05-28,601012,14:07:50,14.3500,40,2
2026-05-28,601012,14:07:53,14.3500,160,1
2026-05-28,601012,14:07:57,14.3600,137,1
2026-05-28,601012,14:07:59,14.3500,139,2
2026-05-28,601012,14:08:02,14.3600,29,1
2026-05-28,601012,14:08:05,14.3500,215,2
2026-05-28,601012,14:08:08,14.3500,11,2
2026-05-28,601012,14:08:11,14.3600,953,1
2026-05-28,601012,14:08:14,14.3500,380,2
2026-05-28,601012,14:08:17,14.3500,249,1
2026-05-28,601012,14:08:20,14.3500,100,2
2026-05-28,601012,14:08:23,14.3500,32,2
2026-05-28,601012,14:08:26,14.3500,108,2
2026-05-28,601012,14:08:29,14.3500,119,2
2026-05-28,601012,14:08:32,14.3500,94,2
2026-05-28,601012,14:08:35,14.3600,229,1
2026-05-28,601012,14:08:38,14.3600,554,1
2026-05-28,601012,14:08:42,14.3600,137,2
2026-05-28,601012,14:08:44,14.3600,129,2
2026-05-28,601012,14:08:47,14.3600,28,1
2026-05-28,601012,14:08:50,14.3600,139,1
2026-05-28,601012,14:08:53,14.3600,4,2
2026-05-28,601012,14:08:56,14.3600,65,2
2026-05-28,601012,14:08:59,14.3600,50,1
2026-05-28,601012,14:09:02,14.3600,306,1
2026-05-28,601012,14:09:05,14.3600,338,1
2026-05-28,601012,14:09:08,14.3500,149,2
2026-05-28,601012,14:09:11,14.3500,387,2
2026-05-28,601012,14:09:15,14.3600,64,1
2026-05-28,601012,14:09:17,14.3600,887,1
2026-05-28,601012,14:09:20,14.3600,236,1
2026-05-28,601012,14:09:23,14.3600,72,1
2026-05-28,601012,14:09:26,14.3600,128,1
2026-05-28,601012,14:09:30,14.3500,165,2
2026-05-28,601012,14:09:32,14.3600,9,1
2026-05-28,601012,14:09:35,14.3600,99,1
2026-05-28,601012,14:09:38,14.3600,10,1
2026-05-28,601012,14:09:42,14.3600,196,1
2026-05-28,601012,14:09:44,14.3600,22,1
2026-05-28,601012,14:09:47,14.3600,105,1
2026-05-28,601012,14:09:51,14.3500,183,2
2026-05-28,601012,14:09:54,14.3600,47,1
2026-05-28,601012,14:09:56,14.3600,105,1
2026-05-28,601012,14:09:59,14.3600,9,1
2026-05-28,601012,14:10:02,14.3600,106,1
2026-05-28,601012,14:10:05,14.3500,197,2
2026-05-28,601012,14:10:08,14.3500,98,2
2026-05-28,601012,14:10:11,14.3500,146,2
2026-05-28,601012,14:10:14,14.3500,35,2
2026-05-28,601012,14:10:17,14.3600,175,1
2026-05-28,601012,14:10:20,14.3500,304,2
2026-05-28,601012,14:10:23,14.3500,43,2
2026-05-28,601012,14:10:26,14.3600,620,1
2026-05-28,601012,14:10:29,14.3600,113,1
2026-05-28,601012,14:10:32,14.3600,195,1
2026-05-28,601012,14:10:35,14.3600,122,1
2026-05-28,601012,14:10:38,14.3500,56,2
2026-05-28,601012,14:10:41,14.3600,160,1
2026-05-28,601012,14:10:44,14.3500,46,2
2026-05-28,601012,14:10:48,14.3500,242,2
2026-05-28,601012,14:10:51,14.3500,330,2
2026-05-28,601012,14:10:53,14.3500,116,2
2026-05-28,601012,14:10:56,14.3500,211,2
2026-05-28,601012,14:10:59,14.3500,45,2
2026-05-28,601012,14:11:02,14.3500,133,2
2026-05-28,601012,14:11:05,14.3500,565,2
2026-05-28,601012,14:11:08,14.3600,44,1
2026-05-28,601012,14:11:11,14.3500,383,2
2026-05-28,601012,14:11:14,14.3500,541,2
2026-05-28,601012,14:11:17,14.3500,1,1
2026-05-28,601012,14:11:21,14.3500,114,1
2026-05-28,601012,14:11:23,14.3400,7,2
2026-05-28,601012,14:11:26,14.3400,149,2
2026-05-28,601012,14:11:29,14.3400,2,2
2026-05-28,601012,14:11:33,14.3400,156,2
2026-05-28,601012,14:11:35,14.3400,248,2
2026-05-28,601012,14:11:38,14.3400,26,2
2026-05-28,601012,14:11:41,14.3500,154,1
2026-05-28,601012,14:11:44,14.3400,19,2
2026-05-28,601012,14:11:47,14.3400,111,2
2026-05-28,601012,14:11:51,14.3500,236,1
2026-05-28,601012,14:11:53,14.3400,141,2
2026-05-28,601012,14:11:57,14.3400,1780,2
2026-05-28,601012,14:11:59,14.3400,1069,2
2026-05-28,601012,14:12:02,14.3400,396,2
2026-05-28,601012,14:12:05,14.3500,170,1
2026-05-28,601012,14:12:08,14.3300,312,2
2026-05-28,601012,14:12:11,14.3300,45,2
2026-05-28,601012,14:12:14,14.3400,10,1
2026-05-28,601012,14:12:17,14.3400,127,1
2026-05-28,601012,14:12:20,14.3300,164,2
2026-05-28,601012,14:12:23,14.3300,20,2
2026-05-28,601012,14:12:26,14.3300,137,2
2026-05-28,601012,14:12:29,14.3400,68,1
2026-05-28,601012,14:12:32,14.3300,166,2
2026-05-28,601012,14:12:35,14.3300,312,2
2026-05-28,601012,14:12:38,14.3300,136,2
2026-05-28,601012,14:12:41,14.3400,204,1
2026-05-28,601012,14:12:44,14.3300,148,2
2026-05-28,601012,14:12:47,14.3300,222,1
2026-05-28,601012,14:12:50,14.3200,126,2
2026-05-28,601012,14:12:53,14.3200,23,2
2026-05-28,601012,14:12:56,14.3200,193,2
2026-05-28,601012,14:12:59,14.3200,129,2
2026-05-28,601012,14:13:03,14.3200,427,2
2026-05-28,601012,14:13:05,14.3200,548,2
2026-05-28,601012,14:13:08,14.3200,198,2
2026-05-28,601012,14:13:11,14.3200,195,2
2026-05-28,601012,14:13:14,14.3200,213,2
2026-05-28,601012,14:13:17,14.3200,159,2
2026-05-28,601012,14:13:20,14.3200,115,2
2026-05-28,601012,14:13:23,14.3200,195,1
2026-05-28,601012,14:13:26,14.3200,194,1
2026-05-28,601012,14:13:29,14.3200,246,2
2026-05-28,601012,14:13:32,14.3200,611,2
2026-05-28,601012,14:13:35,14.3200,225,2
2026-05-28,601012,14:13:38,14.3200,23,2
2026-05-28,601012,14:13:41,14.3200,142,2
2026-05-28,601012,14:13:44,14.3300,32,1
2026-05-28,601012,14:13:47,14.3200,114,2
2026-05-28,601012,14:13:50,14.3200,159,2
2026-05-28,601012,14:13:53,14.3200,53,2
2026-05-28,601012,14:13:56,14.3200,253,2
2026-05-28,601012,14:14:00,14.3200,59,2
2026-05-28,601012,14:14:02,14.3200,217,2
2026-05-28,601012,14:14:05,14.3200,291,2
2026-05-28,601012,14:14:08,14.3200,19,2
2026-05-28,601012,14:14:11,14.3200,145,2
2026-05-28,601012,14:14:15,14.3100,418,2
2026-05-28,601012,14:14:17,14.3200,12,1
2026-05-28,601012,14:14:20,14.3100,134,2
2026-05-28,601012,14:14:23,14.3100,90,2
2026-05-28,601012,14:14:26,14.3100,155,2
2026-05-28,601012,14:14:29,14.3200,185,1
2026-05-28,601012,14:14:32,14.3100,349,2
2026-05-28,601012,14:14:35,14.3100,341,2
2026-05-28,601012,14:14:38,14.3100,518,2
2026-05-28,601012,14:14:41,14.3100,129,2
2026-05-28,601012,14:14:44,14.3100,354,2
2026-05-28,601012,14:14:47,14.3100,491,2
2026-05-28,601012,14:14:50,14.3100,1415,1
2026-05-28,601012,14:14:53,14.3000,81,2
2026-05-28,601012,14:14:56,14.3100,134,1
2026-05-28,601012,14:14:59,14.3000,69,2
2026-05-28,601012,14:15:02,14.3000,719,2
2026-05-28,601012,14:15:06,14.3000,236,2
2026-05-28,601012,14:15:08,14.3000,400,2
2026-05-28,601012,14:15:11,14.3000,149,2
2026-05-28,601012,14:15:14,14.3000,70,2
2026-05-28,601012,14:15:17,14.3000,317,2
2026-05-28,601012,14:15:21,14.3100,249,1
2026-05-28,601012,14:15:23,14.3000,89,2
2026-05-28,601012,14:15:26,14.3000,179,2
2026-05-28,601012,14:15:29,14.3100,174,1
2026-05-28,601012,14:15:32,14.3000,376,2
2026-05-28,601012,14:15:36,14.3000,35,2
2026-05-28,601012,14:15:38,14.3000,81,2
2026-05-28,601012,14:15:41,14.3000,113,2
2026-05-28,601012,14:15:44,14.3000,29,2
2026-05-28,601012,14:15:47,14.3200,1024,1
2026-05-28,601012,14:15:50,14.3100,31,2
2026-05-28,601012,14:15:53,14.3200,45,1
2026-05-28,601012,14:15:56,14.3100,8,2
2026-05-28,601012,14:15:59,14.3100,5,2
2026-05-28,601012,14:16:02,14.3200,138,1
2026-05-28,601012,14:16:05,14.3200,38,1
2026-05-28,601012,14:16:08,14.3200,70,1
2026-05-28,601012,14:16:11,14.3100,124,2
2026-05-28,601012,14:16:14,14.3100,40,2
2026-05-28,601012,14:16:17,14.3200,350,1
2026-05-28,601012,14:16:20,14.3200,19,2
2026-05-28,601012,14:16:23,14.3300,260,1
2026-05-28,601012,14:16:26,14.3200,104,2
2026-05-28,601012,14:16:29,14.3200,40,2
2026-05-28,601012,14:16:32,14.3200,14,2
2026-05-28,601012,14:16:36,14.3300,253,1
2026-05-28,601012,14:16:38,14.3300,123,1
2026-05-28,601012,14:16:41,14.3300,5,2
2026-05-28,601012,14:16:44,14.3300,50,2
2026-05-28,601012,14:16:47,14.3300,1771,2
2026-05-28,601012,14:16:51,14.3300,56,1
2026-05-28,601012,14:16:53,14.3200,17,2
2026-05-28,601012,14:16:56,14.3300,56,1
2026-05-28,601012,14:17:00,14.3300,7,1
2026-05-28,601012,14:17:02,14.3300,67,1
2026-05-28,601012,14:17:05,14.3300,82,1
2026-05-28,601012,14:17:09,14.3200,18,2
2026-05-28,601012,14:17:11,14.3300,82,1
2026-05-28,601012,14:17:14,14.3200,111,2
2026-05-28,601012,14:17:17,14.3300,111,1
2026-05-28,601012,14:17:20,14.3300,45,1
2026-05-28,601012,14:17:24,14.3300,31,1
2026-05-28,601012,14:17:27,14.3300,103,1
2026-05-28,601012,14:17:29,14.3200,32,2
2026-05-28,601012,14:17:32,14.3200,6,2
2026-05-28,601012,14:17:35,14.3200,70,2
2026-05-28,601012,14:17:38,14.3200,2,2
2026-05-28,601012,14:17:41,14.3200,83,2
2026-05-28,601012,14:17:44,14.3200,781,2
2026-05-28,601012,14:17:47,14.3200,440,2
2026-05-28,601012,14:17:50,14.3300,152,1
2026-05-28,601012,14:17:53,14.3200,1,2
2026-05-28,601012,14:17:56,14.3200,7,2
2026-05-28,601012,14:18:02,14.3200,57,2
2026-05-28,601012,14:18:05,14.3300,7,1
2026-05-28,601012,14:18:08,14.3200,114,2
2026-05-28,601012,14:18:11,14.3300,109,1
2026-05-28,601012,14:18:14,14.3200,203,2
2026-05-28,601012,14:18:17,14.3200,15,2
2026-05-28,601012,14:18:20,14.3300,62,1
2026-05-28,601012,14:18:23,14.3200,64,2
2026-05-28,601012,14:18:26,14.3300,18,1
2026-05-28,601012,14:18:29,14.3200,76,2
2026-05-28,601012,14:18:32,14.3200,35,2
2026-05-28,601012,14:18:35,14.3300,157,1
2026-05-28,601012,14:18:38,14.3300,5,1
2026-05-28,601012,14:18:41,14.3300,166,1
2026-05-28,601012,14:18:44,14.3300,92,1
2026-05-28,601012,14:18:47,14.3300,130,1
2026-05-28,601012,14:18:50,14.3300,57,1
2026-05-28,601012,14:18:53,14.3300,132,1
2026-05-28,601012,14:18:56,14.3200,9,2
2026-05-28,601012,14:18:59,14.3300,41,1
2026-05-28,601012,14:19:02,14.3300,198,1
2026-05-28,601012,14:19:05,14.3400,95,1
2026-05-28,601012,14:19:08,14.3300,16,2
2026-05-28,601012,14:19:11,14.3400,129,1
2026-05-28,601012,14:19:14,14.3400,126,1
2026-05-28,601012,14:19:17,14.3400,4,1
2026-05-28,601012,14:19:20,14.3400,93,1
2026-05-28,601012,14:19:23,14.3400,45,1
2026-05-28,601012,14:19:26,14.3400,25,2
2026-05-28,601012,14:19:30,14.3500,55,1
2026-05-28,601012,14:19:32,14.3500,54,1
2026-05-28,601012,14:19:36,14.3500,12,1
2026-05-28,601012,14:19:38,14.3500,16,1
2026-05-28,601012,14:19:41,14.3400,71,2
2026-05-28,601012,14:19:45,14.3500,149,1
2026-05-28,601012,14:19:47,14.3500,6,1
2026-05-28,601012,14:19:50,14.3500,21,1
2026-05-28,601012,14:19:53,14.3500,162,1
2026-05-28,601012,14:19:56,14.3400,20,2
2026-05-28,601012,14:19:59,14.3500,44,1
2026-05-28,601012,14:20:02,14.3500,64,1
2026-05-28,601012,14:20:05,14.3500,168,1
2026-05-28,601012,14:20:08,14.3500,67,1
2026-05-28,601012,14:20:11,14.3400,11,2
2026-05-28,601012,14:20:14,14.3400,42,2
2026-05-28,601012,14:20:17,14.3400,1355,2
2026-05-28,601012,14:20:20,14.3400,10,2
2026-05-28,601012,14:20:23,14.3400,101,2
2026-05-28,601012,14:20:26,14.3400,150,2
2026-05-28,601012,14:20:29,14.3400,26,1
2026-05-28,601012,14:20:32,14.3400,36,1
2026-05-28,601012,14:20:35,14.3400,31,1
2026-05-28,601012,14:20:38,14.3400,149,1
2026-05-28,601012,14:20:41,14.3400,64,1
2026-05-28,601012,14:20:44,14.3500,88,1
2026-05-28,601012,14:20:47,14.3400,116,2
2026-05-28,601012,14:20:50,14.3400,16,2
2026-05-28,601012,14:20:53,14.3500,16,1
2026-05-28,601012,14:20:56,14.3500,62,1
2026-05-28,601012,14:21:00,14.3400,362,2
2026-05-28,601012,14:21:02,14.3300,19,2
2026-05-28,601012,14:21:05,14.3400,93,1
2026-05-28,601012,14:21:08,14.3300,38,2
2026-05-28,601012,14:21:12,14.3300,66,2
2026-05-28,601012,14:21:14,14.3300,15,2
2026-05-28,601012,14:21:17,14.3300,60,2
2026-05-28,601012,14:21:20,14.3400,8,1
2026-05-28,601012,14:21:23,14.3300,39,2
2026-05-28,601012,14:21:26,14.3300,76,2
2026-05-28,601012,14:21:29,14.3300,6,2
2026-05-28,601012,14:21:32,14.3300,95,2
2026-05-28,601012,14:21:35,14.3400,19,1
2026-05-28,601012,14:21:38,14.3400,87,1
2026-05-28,601012,14:21:42,14.3400,81,1
2026-05-28,601012,14:21:44,14.3400,30,1
2026-05-28,601012,14:21:47,14.3400,31,1
2026-05-28,601012,14:21:51,14.3400,24,1
2026-05-28,601012,14:21:53,14.3400,4,1
2026-05-28,601012,14:21:56,14.3300,30,2
2026-05-28,601012,14:21:59,14.3400,10,1
2026-05-28,601012,14:22:02,14.3400,10,1
2026-05-28,601012,14:22:05,14.3400,103,1
2026-05-28,601012,14:22:08,14.3300,15,2
2026-05-28,601012,14:22:11,14.3400,15,1
2026-05-28,601012,14:22:14,14.3400,75,1
2026-05-28,601012,14:22:17,14.3400,17,1
2026-05-28,601012,14:22:20,14.3400,243,1
2026-05-28,601012,14:22:23,14.3400,176,1
2026-05-28,601012,14:22:26,14.3400,128,1
2026-05-28,601012,14:22:29,14.3400,45,2
2026-05-28,601012,14:22:33,14.3400,44,2
2026-05-28,601012,14:22:36,14.3400,227,2
2026-05-28,601012,14:22:38,14.3400,24,2
2026-05-28,601012,14:22:41,14.3400,64,2
2026-05-28,601012,14:22:44,14.3500,170,1
2026-05-28,601012,14:22:47,14.3500,109,1
2026-05-28,601012,14:22:50,14.3500,38,1
2026-05-28,601012,14:22:53,14.3500,21,1
2026-05-28,601012,14:22:56,14.3400,87,2
2026-05-28,601012,14:22:59,14.3500,6,1
2026-05-28,601012,14:23:02,14.3500,10,1
2026-05-28,601012,14:23:05,14.3400,14,2
2026-05-28,601012,14:23:08,14.3400,33,2
2026-05-28,601012,14:23:11,14.3400,132,2
2026-05-28,601012,14:23:14,14.3400,6,2
2026-05-28,601012,14:23:18,14.3400,6,2
2026-05-28,601012,14:23:20,14.3400,29,2
2026-05-28,601012,14:23:23,14.3400,11,2
2026-05-28,601012,14:23:30,14.3400,77,2
2026-05-28,601012,14:23:32,14.3400,5,2
2026-05-28,601012,14:23:35,14.3400,10,2
2026-05-28,601012,14:23:38,14.3400,11,2
2026-05-28,601012,14:23:41,14.3500,13,1
2026-05-28,601012,14:23:44,14.3400,821,2
2026-05-28,601012,14:23:48,14.3400,50,2
2026-05-28,601012,14:23:50,14.3500,20,1
2026-05-28,601012,14:23:54,14.3400,8,2
2026-05-28,601012,14:23:56,14.3400,60,2
2026-05-28,601012,14:23:59,14.3400,69,2
2026-05-28,601012,14:24:02,14.3400,27,2
2026-05-28,601012,14:24:05,14.3500,72,1
2026-05-28,601012,14:24:08,14.3400,23,2
2026-05-28,601012,14:24:11,14.3400,9,2
2026-05-28,601012,14:24:14,14.3400,34,2
2026-05-28,601012,14:24:17,14.3400,27,2
2026-05-28,601012,14:24:20,14.3400,85,2
2026-05-28,601012,14:24:23,14.3400,24,2
2026-05-28,601012,14:24:26,14.3500,8,1
2026-05-28,601012,14:24:30,14.3500,106,1
2026-05-28,601012,14:24:32,14.3400,58,2
2026-05-28,601012,14:24:35,14.3500,2,1
2026-05-28,601012,14:24:38,14.3400,15,2
2026-05-28,601012,14:24:41,14.3500,7,1
2026-05-28,601012,14:24:44,14.3400,2,2
2026-05-28,601012,14:24:47,14.3400,6,2
2026-05-28,601012,14:24:50,14.3500,9,1
2026-05-28,601012,14:24:53,14.3400,64,2
2026-05-28,601012,14:24:56,14.3400,45,2
2026-05-28,601012,14:24:59,14.3400,184,2
2026-05-28,601012,14:25:02,14.3400,37,2
2026-05-28,601012,14:25:05,14.3400,927,2
2026-05-28,601012,14:25:08,14.3400,64,2
2026-05-28,601012,14:25:11,14.3500,58,1
2026-05-28,601012,14:25:14,14.3400,145,2
2026-05-28,601012,14:25:17,14.3400,26,2
2026-05-28,601012,14:25:20,14.3400,10,2
2026-05-28,601012,14:25:24,14.3500,28,1
2026-05-28,601012,14:25:27,14.3400,14,2
2026-05-28,601012,14:25:29,14.3500,20,1
2026-05-28,601012,14:25:32,14.3400,42,2
2026-05-28,601012,14:25:35,14.3400,86,2
2026-05-28,601012,14:25:38,14.3400,16,2
2026-05-28,601012,14:25:41,14.3400,9,2
2026-05-28,601012,14:25:44,14.3500,2,1
2026-05-28,601012,14:25:47,14.3400,76,2
2026-05-28,601012,14:25:50,14.3400,59,2
2026-05-28,601012,14:25:53,14.3400,30,2
2026-05-28,601012,14:25:56,14.3400,116,2
2026-05-28,601012,14:25:59,14.3500,2,1
2026-05-28,601012,14:26:02,14.3400,1,2
2026-05-28,601012,14:26:05,14.3400,47,2
2026-05-28,601012,14:26:08,14.3500,30,1
2026-05-28,601012,14:26:11,14.3500,51,1
2026-05-28,601012,14:26:14,14.3400,1071,2
2026-05-28,601012,14:26:17,14.3400,51,1
2026-05-28,601012,14:26:20,14.3400,99,1
2026-05-28,601012,14:26:23,14.3400,363,1
2026-05-28,601012,14:26:26,14.3400,127,2
2026-05-28,601012,14:26:29,14.3400,203,2
2026-05-28,601012,14:26:32,14.3400,123,2
2026-05-28,601012,14:26:35,14.3400,30,2
2026-05-28,601012,14:26:38,14.3400,31,2
2026-05-28,601012,14:26:41,14.3500,121,1
2026-05-28,601012,14:26:44,14.3400,77,2
2026-05-28,601012,14:26:47,14.3400,81,2
2026-05-28,601012,14:26:51,14.3400,93,2
2026-05-28,601012,14:26:53,14.3400,97,2
2026-05-28,601012,14:26:57,14.3400,1210,2
2026-05-28,601012,14:26:59,14.3400,18,1
2026-05-28,601012,14:27:02,14.3400,5,1
2026-05-28,601012,14:27:06,14.3400,809,1
2026-05-28,601012,14:27:08,14.3400,145,1
2026-05-28,601012,14:27:11,14.3400,96,4
2026-05-28,601012,14:27:14,14.3300,57,2
2026-05-28,601012,14:27:17,14.3300,4,2
2026-05-28,601012,14:27:20,14.3300,1117,2
2026-05-28,601012,14:27:23,14.3300,11,1
2026-05-28,601012,14:27:26,14.3200,110,2
2026-05-28,601012,14:27:29,14.3200,17,2
2026-05-28,601012,14:27:32,14.3300,16,1
2026-05-28,601012,14:27:35,14.3300,102,1
2026-05-28,601012,14:27:38,14.3200,700,2
2026-05-28,601012,14:27:41,14.3300,60,1
2026-05-28,601012,14:27:44,14.3200,20,2
2026-05-28,601012,14:27:47,14.3200,114,2
2026-05-28,601012,14:27:50,14.3200,17,2
2026-05-28,601012,14:27:53,14.3200,17,2
2026-05-28,601012,14:27:56,14.3200,45,2
2026-05-28,601012,14:27:59,14.3200,5,2
2026-05-28,601012,14:28:02,14.3200,129,2
2026-05-28,601012,14:28:05,14.3200,90,2
2026-05-28,601012,14:28:08,14.3300,130,1
2026-05-28,601012,14:28:11,14.3300,17,1
2026-05-28,601012,14:28:14,14.3300,209,1
2026-05-28,601012,14:28:17,14.3300,19,1
2026-05-28,601012,14:28:20,14.3300,77,1
2026-05-28,601012,14:28:23,14.3300,38,1
2026-05-28,601012,14:28:26,14.3200,29,2
2026-05-28,601012,14:28:29,14.3200,93,2
2026-05-28,601012,14:28:32,14.3300,320,1
2026-05-28,601012,14:28:35,14.3200,114,2
2026-05-28,601012,14:28:38,14.3300,9,1
2026-05-28,601012,14:28:41,14.3300,282,1
2026-05-28,601012,14:28:44,14.3300,192,2
2026-05-28,601012,14:28:47,14.3300,33,1
2026-05-28,601012,14:28:50,14.3300,30,1
2026-05-28,601012,14:28:53,14.3200,73,2
2026-05-28,601012,14:28:56,14.3300,28,1
2026-05-28,601012,14:28:59,14.3200,22,2
2026-05-28,601012,14:29:02,14.3200,42,2
2026-05-28,601012,14:29:05,14.3300,225,1
2026-05-28,601012,14:29:08,14.3300,16,2
2026-05-28,601012,14:29:11,14.3300,26,2
2026-05-28,601012,14:29:14,14.3300,50,2
2026-05-28,601012,14:29:17,14.3400,5,1
2026-05-28,601012,14:29:20,14.3400,37,1
2026-05-28,601012,14:29:24,14.3400,13,1
2026-05-28,601012,14:29:26,14.3300,26,2
2026-05-28,601012,14:29:30,14.3400,135,1
2026-05-28,601012,14:29:32,14.3300,48,2
2026-05-28,601012,14:29:35,14.3300,8,2
2026-05-28,601012,14:29:38,14.3400,219,1
2026-05-28,601012,14:29:41,14.3300,25,2
2026-05-28,601012,14:29:44,14.3400,25,1
2026-05-28,601012,14:29:47,14.3300,71,2
2026-05-28,601012,14:29:50,14.3400,875,1
2026-05-28,601012,14:29:53,14.3400,793,2
2026-05-28,601012,14:29:56,14.3400,764,2
2026-05-28,601012,14:29:59,14.3400,28,1
2026-05-28,601012,14:30:02,14.3400,37,1
2026-05-28,601012,14:30:05,14.3400,138,1
2026-05-28,601012,14:30:12,14.3300,258,2
2026-05-28,601012,14:30:14,14.3400,12,1
2026-05-28,601012,14:30:18,14.3300,72,2
2026-05-28,601012,14:30:20,14.3400,63,1
2026-05-28,601012,14:30:23,14.3400,60,1
2026-05-28,601012,14:30:26,14.3400,314,1
2026-05-28,601012,14:30:29,14.3400,55,2
2026-05-28,601012,14:30:32,14.3400,61,2
2026-05-28,601012,14:30:35,14.3400,20,2
2026-05-28,601012,14:30:38,14.3400,33,2
2026-05-28,601012,14:30:41,14.3400,7,2
2026-05-28,601012,14:30:44,14.3400,40,2
2026-05-28,601012,14:30:47,14.3400,24,2
2026-05-28,601012,14:30:50,14.3400,13,2
2026-05-28,601012,14:30:53,14.3400,118,2
2026-05-28,601012,14:30:56,14.3400,5,2
2026-05-28,601012,14:30:59,14.3400,7,2
2026-05-28,601012,14:31:02,14.3400,202,2
2026-05-28,601012,14:31:05,14.3400,92,2
2026-05-28,601012,14:31:08,14.3400,9,2
2026-05-28,601012,14:31:11,14.3400,30,2
2026-05-28,601012,14:31:15,14.3400,79,2
2026-05-28,601012,14:31:17,14.3400,41,2
2026-05-28,601012,14:31:20,14.3400,46,2
2026-05-28,601012,14:31:23,14.3400,40,2
2026-05-28,601012,14:31:26,14.3400,51,2
2026-05-28,601012,14:31:29,14.3400,60,2
2026-05-28,601012,14:31:32,14.3400,14,2
2026-05-28,601012,14:31:36,14.3500,13,1
2026-05-28,601012,14:31:38,14.3400,186,2
2026-05-28,601012,14:31:41,14.3400,101,2
2026-05-28,601012,14:31:44,14.3500,33,1
2026-05-28,601012,14:31:47,14.3400,2,2
2026-05-28,601012,14:31:51,14.3400,2,2
2026-05-28,601012,14:31:53,14.3400,116,2
2026-05-28,601012,14:31:56,14.3400,35,2
2026-05-28,601012,14:31:59,14.3400,24,2
2026-05-28,601012,14:32:02,14.3400,13,2
2026-05-28,601012,14:32:05,14.3500,66,1
2026-05-28,601012,14:32:08,14.3400,34,2
2026-05-28,601012,14:32:12,14.3400,17,2
2026-05-28,601012,14:32:14,14.3400,179,2
2026-05-28,601012,14:32:17,14.3400,114,2
2026-05-28,601012,14:32:20,14.3400,168,2
2026-05-28,601012,14:32:23,14.3400,14,2
2026-05-28,601012,14:32:26,14.3400,3,2
2026-05-28,601012,14:32:29,14.3400,141,2
2026-05-28,601012,14:32:32,14.3400,52,2
2026-05-28,601012,14:32:35,14.3400,243,2
2026-05-28,601012,14:32:38,14.3400,148,2
2026-05-28,601012,14:32:41,14.3400,27,2
2026-05-28,601012,14:32:44,14.3400,115,2
2026-05-28,601012,14:32:47,14.3400,325,2
2026-05-28,601012,14:32:50,14.3400,10,2
2026-05-28,601012,14:32:53,14.3500,1,1
2026-05-28,601012,14:32:56,14.3400,887,2
2026-05-28,601012,14:32:59,14.3400,1481,1
2026-05-28,601012,14:33:02,14.3500,76,1
2026-05-28,601012,14:33:05,14.3500,43,1
2026-05-28,601012,14:33:08,14.3500,74,1
2026-05-28,601012,14:33:11,14.3500,280,1
2026-05-28,601012,14:33:14,14.3500,144,1
2026-05-28,601012,14:33:17,14.3500,29,1
2026-05-28,601012,14:33:20,14.3400,7,2
2026-05-28,601012,14:33:23,14.3500,356,1
2026-05-28,601012,14:33:26,14.3500,105,1
2026-05-28,601012,14:33:29,14.3500,100,1
2026-05-28,601012,14:33:33,14.3500,10,1
2026-05-28,601012,14:33:35,14.3500,48,1
2026-05-28,601012,14:33:38,14.3500,179,1
2026-05-28,601012,14:33:41,14.3500,205,1
2026-05-28,601012,14:33:44,14.3400,230,2
2026-05-28,601012,14:33:47,14.3500,36,1
2026-05-28,601012,14:33:50,14.3500,344,1
2026-05-28,601012,14:33:53,14.3400,153,2
2026-05-28,601012,14:33:56,14.3500,134,1
2026-05-28,601012,14:33:59,14.3500,420,1
2026-05-28,601012,14:34:03,14.3500,68,1
2026-05-28,601012,14:34:05,14.3400,177,2
2026-05-28,601012,14:34:08,14.3400,145,2
2026-05-28,601012,14:34:11,14.3400,174,2
2026-05-28,601012,14:34:14,14.3500,619,1
2026-05-28,601012,14:34:17,14.3500,129,2
2026-05-28,601012,14:34:20,14.3500,64,2
2026-05-28,601012,14:34:23,14.3600,59,1
2026-05-28,601012,14:34:27,14.3500,183,2
2026-05-28,601012,14:34:30,14.3600,17,1
2026-05-28,601012,14:34:32,14.3600,45,1
2026-05-28,601012,14:34:35,14.3500,38,2
2026-05-28,601012,14:34:38,14.3600,107,1
2026-05-28,601012,14:34:41,14.3600,126,1
2026-05-28,601012,14:34:44,14.3600,76,1
2026-05-28,601012,14:34:47,14.3500,756,2
2026-05-28,601012,14:34:50,14.3600,106,1
2026-05-28,601012,14:34:53,14.3600,614,1
2026-05-28,601012,14:34:56,14.3700,228,1
2026-05-28,601012,14:34:59,14.3700,137,1
2026-05-28,601012,14:35:02,14.3600,41,2
2026-05-28,601012,14:35:05,14.3600,35,2
2026-05-28,601012,14:35:09,14.3600,91,2
2026-05-28,601012,14:35:11,14.3600,605,2
2026-05-28,601012,14:35:14,14.3600,326,2
2026-05-28,601012,14:35:17,14.3700,196,1
2026-05-28,601012,14:35:20,14.3700,334,1
2026-05-28,601012,14:35:23,14.3700,300,1
2026-05-28,601012,14:35:26,14.3700,183,1
2026-05-28,601012,14:35:29,14.3700,173,1
2026-05-28,601012,14:35:32,14.3600,106,2
2026-05-28,601012,14:35:35,14.3700,145,1
2026-05-28,601012,14:35:38,14.3800,437,1
2026-05-28,601012,14:35:42,14.3700,37,2
2026-05-28,601012,14:35:44,14.3800,126,1
2026-05-28,601012,14:35:47,14.3800,155,1
2026-05-28,601012,14:35:51,14.3800,449,1
2026-05-28,601012,14:35:53,14.3800,311,1
2026-05-28,601012,14:35:56,14.3800,215,1
2026-05-28,601012,14:35:59,14.3800,212,1
2026-05-28,601012,14:36:02,14.3800,570,1
2026-05-28,601012,14:36:05,14.3800,155,2
2026-05-28,601012,14:36:08,14.3900,18,1
2026-05-28,601012,14:36:11,14.3900,25,1
2026-05-28,601012,14:36:14,14.3800,483,2
2026-05-28,601012,14:36:17,14.3800,28,1
2026-05-28,601012,14:36:20,14.3800,114,1
2026-05-28,601012,14:36:24,14.3800,219,1
2026-05-28,601012,14:36:26,14.3800,63,1
2026-05-28,601012,14:36:29,14.3800,202,1
2026-05-28,601012,14:36:32,14.3700,27,2
2026-05-28,601012,14:36:35,14.3800,61,1
2026-05-28,601012,14:36:38,14.3800,13,1
2026-05-28,601012,14:36:41,14.3800,46,1
2026-05-28,601012,14:36:44,14.3800,130,1
2026-05-28,601012,14:36:47,14.3800,15,1
2026-05-28,601012,14:36:50,14.3800,81,1
2026-05-28,601012,14:36:53,14.3700,155,2
2026-05-28,601012,14:36:56,14.3800,125,1
2026-05-28,601012,14:36:59,14.3800,81,1
2026-05-28,601012,14:37:02,14.3800,75,1
2026-05-28,601012,14:37:06,14.3800,315,1
2026-05-28,601012,14:37:09,14.3800,102,1
2026-05-28,601012,14:37:11,14.3700,18,2
2026-05-28,601012,14:37:14,14.3800,232,1
2026-05-28,601012,14:37:17,14.3700,241,2
2026-05-28,601012,14:37:20,14.3800,142,1
2026-05-28,601012,14:37:23,14.3700,309,2
2026-05-28,601012,14:37:26,14.3700,131,2
2026-05-28,601012,14:37:29,14.3700,145,2
2026-05-28,601012,14:37:32,14.3800,175,1
2026-05-28,601012,14:37:35,14.3800,24,1
2026-05-28,601012,14:37:38,14.3700,114,2
2026-05-28,601012,14:37:41,14.3700,267,2
2026-05-28,601012,14:37:44,14.3800,25,1
2026-05-28,601012,14:37:47,14.3700,174,2
2026-05-28,601012,14:37:50,14.3700,19,2
2026-05-28,601012,14:37:53,14.3700,162,2
2026-05-28,601012,14:37:56,14.3700,144,2
2026-05-28,601012,14:37:59,14.3700,28,2
2026-05-28,601012,14:38:02,14.3700,605,2
2026-05-28,601012,14:38:06,14.3700,78,2
2026-05-28,601012,14:38:09,14.3800,558,1
2026-05-28,601012,14:38:11,14.3700,507,2
2026-05-28,601012,14:38:14,14.3700,140,1
2026-05-28,601012,14:38:17,14.3700,608,1
2026-05-28,601012,14:38:20,14.3700,527,2
2026-05-28,601012,14:38:23,14.3700,323,1
2026-05-28,601012,14:38:26,14.3600,147,2
2026-05-28,601012,14:38:29,14.3700,145,1
2026-05-28,601012,14:38:32,14.3700,145,1
2026-05-28,601012,14:38:36,14.3600,30,2
2026-05-28,601012,14:38:38,14.3700,118,1
2026-05-28,601012,14:38:42,14.3700,164,1
2026-05-28,601012,14:38:44,14.3700,79,1
2026-05-28,601012,14:38:47,14.3700,128,1
2026-05-28,601012,14:38:50,14.3700,18,1
2026-05-28,601012,14:38:53,14.3700,158,1
2026-05-28,601012,14:38:56,14.3600,162,2
2026-05-28,601012,14:38:59,14.3700,118,1
2026-05-28,601012,14:39:02,14.3600,941,2
2026-05-28,601012,14:39:05,14.3600,198,1
2026-05-28,601012,14:39:08,14.3600,139,1
2026-05-28,601012,14:39:11,14.3600,214,1
2026-05-28,601012,14:39:14,14.3600,39,1
2026-05-28,601012,14:39:17,14.3500,224,2
2026-05-28,601012,14:39:20,14.3500,557,2
2026-05-28,601012,14:39:23,14.3600,183,1
2026-05-28,601012,14:39:26,14.3500,272,2
2026-05-28,601012,14:39:29,14.3600,218,1
2026-05-28,601012,14:39:32,14.3500,131,2
2026-05-28,601012,14:39:35,14.3500,62,2
2026-05-28,601012,14:39:38,14.3600,128,1
2026-05-28,601012,14:39:41,14.3500,678,2
2026-05-28,601012,14:39:44,14.3500,68,2
2026-05-28,601012,14:39:47,14.3500,162,2
2026-05-28,601012,14:39:50,14.3500,16,2
2026-05-28,601012,14:39:53,14.3500,191,2
2026-05-28,601012,14:39:56,14.3500,133,2
2026-05-28,601012,14:39:59,14.3600,74,1
2026-05-28,601012,14:40:02,14.3600,248,1
2026-05-28,601012,14:40:05,14.3600,169,1
2026-05-28,601012,14:40:09,14.3500,194,2
2026-05-28,601012,14:40:11,14.3500,122,2
2026-05-28,601012,14:40:14,14.3500,51,2
2026-05-28,601012,14:40:17,14.3500,386,2
2026-05-28,601012,14:40:20,14.3500,212,2
2026-05-28,601012,14:40:23,14.3500,125,2
2026-05-28,601012,14:40:26,14.3500,206,2
2026-05-28,601012,14:40:29,14.3600,163,1
2026-05-28,601012,14:40:33,14.3500,147,2
2026-05-28,601012,14:40:35,14.3500,32,2
2026-05-28,601012,14:40:38,14.3500,133,2
2026-05-28,601012,14:40:41,14.3500,122,2
2026-05-28,601012,14:40:45,14.3600,93,1
2026-05-28,601012,14:40:47,14.3500,126,2
2026-05-28,601012,14:40:50,14.3600,58,1
2026-05-28,601012,14:40:53,14.3600,125,1
2026-05-28,601012,14:40:56,14.3600,154,1
2026-05-28,601012,14:40:59,14.3600,40,1
2026-05-28,601012,14:41:02,14.3600,249,1
2026-05-28,601012,14:41:06,14.3500,45,2
2026-05-28,601012,14:41:08,14.3600,114,1
2026-05-28,601012,14:41:11,14.3500,122,2
2026-05-28,601012,14:41:14,14.3600,5,1
2026-05-28,601012,14:41:17,14.3500,132,2
2026-05-28,601012,14:41:21,14.3600,69,1
2026-05-28,601012,14:41:23,14.3500,155,2
2026-05-28,601012,14:41:27,14.3500,103,2
2026-05-28,601012,14:41:29,14.3500,87,2
2026-05-28,601012,14:41:32,14.3500,330,2
2026-05-28,601012,14:41:35,14.3600,38,1
2026-05-28,601012,14:41:38,14.3500,113,2
2026-05-28,601012,14:41:41,14.3500,340,2
2026-05-28,601012,14:41:44,14.3600,208,1
2026-05-28,601012,14:41:47,14.3500,175,2
2026-05-28,601012,14:41:50,14.3600,22,1
2026-05-28,601012,14:41:53,14.3500,145,2
2026-05-28,601012,14:41:56,14.3600,136,1
2026-05-28,601012,14:41:59,14.3500,45,2
2026-05-28,601012,14:42:02,14.3500,135,2
2026-05-28,601012,14:42:05,14.3500,174,2
2026-05-28,601012,14:42:08,14.3500,94,2
2026-05-28,601012,14:42:12,14.3500,439,2
2026-05-28,601012,14:42:14,14.3500,127,1
2026-05-28,601012,14:42:17,14.3400,246,2
2026-05-28,601012,14:42:20,14.3500,8,1
2026-05-28,601012,14:42:23,14.3400,545,2
2026-05-28,601012,14:42:26,14.3400,325,2
2026-05-28,601012,14:42:29,14.3500,1055,1
2026-05-28,601012,14:42:32,14.3500,164,1
2026-05-28,601012,14:42:35,14.3400,109,2
2026-05-28,601012,14:42:38,14.3500,186,1
2026-05-28,601012,14:42:42,14.3400,173,2
2026-05-28,601012,14:42:44,14.3400,55,2
2026-05-28,601012,14:42:47,14.3400,230,2
2026-05-28,601012,14:42:50,14.3500,33,1
2026-05-28,601012,14:42:53,14.3500,169,1
2026-05-28,601012,14:42:56,14.3400,299,2
2026-05-28,601012,14:42:59,14.3400,382,2
2026-05-28,601012,14:43:02,14.3400,176,2
2026-05-28,601012,14:43:06,14.3500,145,1
2026-05-28,601012,14:43:08,14.3400,186,2
2026-05-28,601012,14:43:11,14.3400,166,2
2026-05-28,601012,14:43:14,14.3500,28,1
2026-05-28,601012,14:43:17,14.3400,224,2
2026-05-28,601012,14:43:20,14.3500,173,1
2026-05-28,601012,14:43:23,14.3500,226,1
2026-05-28,601012,14:43:26,14.3400,183,2
2026-05-28,601012,14:43:29,14.3400,552,2
2026-05-28,601012,14:43:32,14.3300,207,2
2026-05-28,601012,14:43:35,14.3400,342,1
2026-05-28,601012,14:43:38,14.3300,159,2
2026-05-28,601012,14:43:41,14.3300,169,2
2026-05-28,601012,14:43:44,14.3400,20,1
2026-05-28,601012,14:43:47,14.3400,277,1
2026-05-28,601012,14:43:50,14.3300,85,2
2026-05-28,601012,14:43:53,14.3400,315,1
2026-05-28,601012,14:43:56,14.3300,251,2
2026-05-28,601012,14:43:59,14.3400,151,1
2026-05-28,601012,14:44:02,14.3300,126,2
2026-05-28,601012,14:44:06,14.3300,119,2
2026-05-28,601012,14:44:09,14.3400,637,1
2026-05-28,601012,14:44:11,14.3300,184,2
2026-05-28,601012,14:44:14,14.3400,28,1
2026-05-28,601012,14:44:17,14.3400,153,1
2026-05-28,601012,14:44:20,14.3400,256,1
2026-05-28,601012,14:44:23,14.3300,126,2
2026-05-28,601012,14:44:26,14.3300,157,2
2026-05-28,601012,14:44:29,14.3300,264,2
2026-05-28,601012,14:44:32,14.3300,817,2
2026-05-28,601012,14:44:35,14.3400,586,1
2026-05-28,601012,14:44:38,14.3300,119,4
2026-05-28,601012,14:44:41,14.3300,321,1
2026-05-28,601012,14:44:45,14.3200,46,2
2026-05-28,601012,14:44:47,14.3300,250,1
2026-05-28,601012,14:44:50,14.3200,47,2
2026-05-28,601012,14:44:53,14.3300,219,1
2026-05-28,601012,14:44:56,14.3200,122,2
2026-05-28,601012,14:44:59,14.3300,56,1
2026-05-28,601012,14:45:02,14.3200,483,2
2026-05-28,601012,14:45:05,14.3300,105,1
2026-05-28,601012,14:45:08,14.3200,204,2
2026-05-28,601012,14:45:11,14.3200,127,2
2026-05-28,601012,14:45:14,14.3200,74,2
2026-05-28,601012,14:45:17,14.3200,155,2
2026-05-28,601012,14:45:20,14.3300,277,1
2026-05-28,601012,14:45:23,14.3300,157,1
2026-05-28,601012,14:45:27,14.3200,300,2
2026-05-28,601012,14:45:29,14.3300,322,1
2026-05-28,601012,14:45:32,14.3200,162,2
2026-05-28,601012,14:45:35,14.3200,45,2
2026-05-28,601012,14:45:38,14.3200,263,2
2026-05-28,601012,14:45:41,14.3200,514,2
2026-05-28,601012,14:45:44,14.3300,115,1
2026-05-28,601012,14:45:47,14.3300,196,1
2026-05-28,601012,14:45:50,14.3200,20,2
2026-05-28,601012,14:45:53,14.3200,174,2
2026-05-28,601012,14:45:56,14.3200,248,2
2026-05-28,601012,14:46:00,14.3200,87,2
2026-05-28,601012,14:46:02,14.3200,200,2
2026-05-28,601012,14:46:05,14.3300,63,1
2026-05-28,601012,14:46:08,14.3200,229,2
2026-05-28,601012,14:46:11,14.3200,646,2
2026-05-28,601012,14:46:14,14.3300,489,1
2026-05-28,601012,14:46:17,14.3200,543,2
2026-05-28,601012,14:46:20,14.3300,456,1
2026-05-28,601012,14:46:23,14.3300,36,2
2026-05-28,601012,14:46:26,14.3300,39,2
2026-05-28,601012,14:46:29,14.3400,93,1
2026-05-28,601012,14:46:32,14.3300,20,2
2026-05-28,601012,14:46:35,14.3300,33,2
2026-05-28,601012,14:46:38,14.3300,193,2
2026-05-28,601012,14:46:41,14.3300,40,2
2026-05-28,601012,14:46:44,14.3400,28,1
2026-05-28,601012,14:46:47,14.3400,70,1
2026-05-28,601012,14:46:50,14.3400,14,1
2026-05-28,601012,14:46:53,14.3400,181,1
2026-05-28,601012,14:46:56,14.3300,207,2
2026-05-28,601012,14:46:59,14.3400,191,1
2026-05-28,601012,14:47:03,14.3400,245,1
2026-05-28,601012,14:47:05,14.3400,95,1
2026-05-28,601012,14:47:08,14.3300,46,2
2026-05-28,601012,14:47:12,14.3300,218,2
2026-05-28,601012,14:47:14,14.3300,228,2
2026-05-28,601012,14:47:17,14.3300,174,2
2026-05-28,601012,14:47:20,14.3300,114,2
2026-05-28,601012,14:47:23,14.3300,165,2
2026-05-28,601012,14:47:26,14.3300,47,2
2026-05-28,601012,14:47:29,14.3400,121,1
2026-05-28,601012,14:47:32,14.3300,39,2
2026-05-28,601012,14:47:35,14.3400,282,1
2026-05-28,601012,14:47:38,14.3300,222,2
2026-05-28,601012,14:47:41,14.3300,100,2
2026-05-28,601012,14:47:44,14.3400,13,1
2026-05-28,601012,14:47:47,14.3300,18,2
2026-05-28,601012,14:47:50,14.3300,154,2
2026-05-28,601012,14:47:53,14.3300,93,2
2026-05-28,601012,14:47:56,14.3300,64,2
2026-05-28,601012,14:47:59,14.3300,379,2
2026-05-28,601012,14:48:02,14.3300,355,2
2026-05-28,601012,14:48:05,14.3400,311,1
2026-05-28,601012,14:48:08,14.3300,59,2
2026-05-28,601012,14:48:12,14.3400,666,1
2026-05-28,601012,14:48:14,14.3300,549,2
2026-05-28,601012,14:48:17,14.3300,166,2
2026-05-28,601012,14:48:20,14.3400,63,1
2026-05-28,601012,14:48:23,14.3300,104,2
2026-05-28,601012,14:48:26,14.3300,179,2
2026-05-28,601012,14:48:29,14.3300,23,2
2026-05-28,601012,14:48:32,14.3400,141,1
2026-05-28,601012,14:48:36,14.3400,251,1
2026-05-28,601012,14:48:38,14.3400,75,1
2026-05-28,601012,14:48:41,14.3400,440,1
2026-05-28,601012,14:48:44,14.3400,302,1
2026-05-28,601012,14:48:47,14.3300,240,2
2026-05-28,601012,14:48:50,14.3400,330,1
2026-05-28,601012,14:48:53,14.3300,105,2
2026-05-28,601012,14:48:56,14.3300,591,2
2026-05-28,601012,14:48:59,14.3400,213,1
2026-05-28,601012,14:49:02,14.3400,209,1
2026-05-28,601012,14:49:05,14.3400,532,1
2026-05-28,601012,14:49:08,14.3400,478,1
2026-05-28,601012,14:49:11,14.3400,165,1
2026-05-28,601012,14:49:14,14.3300,325,2
2026-05-28,601012,14:49:17,14.3400,228,1
2026-05-28,601012,14:49:20,14.3400,96,1
2026-05-28,601012,14:49:23,14.3400,309,1
2026-05-28,601012,14:49:26,14.3300,260,2
2026-05-28,601012,14:49:29,14.3400,166,1
2026-05-28,601012,14:49:32,14.3300,593,2
2026-05-28,601012,14:49:35,14.3400,31,1
2026-05-28,601012,14:49:38,14.3400,80,1
2026-05-28,601012,14:49:41,14.3400,765,1
2026-05-28,601012,14:49:44,14.3300,80,2
2026-05-28,601012,14:49:47,14.3300,214,2
2026-05-28,601012,14:49:50,14.3300,110,2
2026-05-28,601012,14:49:53,14.3300,183,2
2026-05-28,601012,14:49:56,14.3400,96,1
2026-05-28,601012,14:49:59,14.3400,103,1
2026-05-28,601012,14:50:02,14.3300,292,2
2026-05-28,601012,14:50:05,14.3300,333,2
2026-05-28,601012,14:50:08,14.3300,197,2
2026-05-28,601012,14:50:11,14.3400,281,1
2026-05-28,601012,14:50:14,14.3400,34,1
2026-05-28,601012,14:50:17,14.3300,191,2
2026-05-28,601012,14:50:20,14.3400,19,1
2026-05-28,601012,14:50:23,14.3300,249,2
2026-05-28,601012,14:50:26,14.3300,103,2
2026-05-28,601012,14:50:29,14.3300,69,2
2026-05-28,601012,14:50:32,14.3300,543,2
2026-05-28,601012,14:50:35,14.3300,158,2
2026-05-28,601012,14:50:38,14.3400,61,1
2026-05-28,601012,14:50:42,14.3400,154,1
2026-05-28,601012,14:50:44,14.3400,164,1
2026-05-28,601012,14:50:47,14.3400,162,1
2026-05-28,601012,14:50:50,14.3300,107,2
2026-05-28,601012,14:50:53,14.3300,152,2
2026-05-28,601012,14:50:56,14.3300,29,2
2026-05-28,601012,14:50:59,14.3300,373,2
2026-05-28,601012,14:51:02,14.3300,529,2
2026-05-28,601012,14:51:05,14.3400,183,1
2026-05-28,601012,14:51:08,14.3300,158,2
2026-05-28,601012,14:51:11,14.3300,214,2
2026-05-28,601012,14:51:14,14.3300,148,2
2026-05-28,601012,14:51:17,14.3400,135,1
2026-05-28,601012,14:51:20,14.3400,327,1
2026-05-28,601012,14:51:24,14.3300,248,2
2026-05-28,601012,14:51:26,14.3400,159,1
2026-05-28,601012,14:51:29,14.3400,159,1
2026-05-28,601012,14:51:32,14.3300,273,2
2026-05-28,601012,14:51:35,14.3400,245,1
2026-05-28,601012,14:51:38,14.3400,47,1
2026-05-28,601012,14:51:41,14.3400,181,1
2026-05-28,601012,14:51:44,14.3400,524,1
2026-05-28,601012,14:51:47,14.3300,324,2
2026-05-28,601012,14:51:50,14.3400,82,1
2026-05-28,601012,14:51:53,14.3400,234,1
2026-05-28,601012,14:51:56,14.3300,207,2
2026-05-28,601012,14:51:59,14.3400,162,1
2026-05-28,601012,14:52:03,14.3300,282,2
2026-05-28,601012,14:52:05,14.3400,324,1
2026-05-28,601012,14:52:08,14.3400,445,1
2026-05-28,601012,14:52:11,14.3400,142,1
2026-05-28,601012,14:52:15,14.3400,136,1
2026-05-28,601012,14:52:17,14.3400,382,1
2026-05-28,601012,14:52:20,14.3300,922,2
2026-05-28,601012,14:52:23,14.3300,730,2
2026-05-28,601012,14:52:26,14.3400,217,1
2026-05-28,601012,14:52:30,14.3400,100,1
2026-05-28,601012,14:52:32,14.3400,255,1
2026-05-28,601012,14:52:35,14.3400,369,1
2026-05-28,601012,14:52:38,14.3400,481,2
2026-05-28,601012,14:52:41,14.3400,31,2
2026-05-28,601012,14:52:44,14.3400,88,2
2026-05-28,601012,14:52:47,14.3400,119,2
2026-05-28,601012,14:52:50,14.3500,193,1
2026-05-28,601012,14:52:53,14.3400,224,2
2026-05-28,601012,14:52:56,14.3400,272,2
2026-05-28,601012,14:52:59,14.3400,282,2
2026-05-28,601012,14:53:03,14.3400,252,2
2026-05-28,601012,14:53:05,14.3400,97,2
2026-05-28,601012,14:53:08,14.3400,213,2
2026-05-28,601012,14:53:11,14.3400,160,2
2026-05-28,601012,14:53:15,14.3500,1382,1
2026-05-28,601012,14:53:17,14.3400,270,2
2026-05-28,601012,14:53:20,14.3400,241,2
2026-05-28,601012,14:53:23,14.3500,417,1
2026-05-28,601012,14:53:26,14.3400,184,2
2026-05-28,601012,14:53:29,14.3400,31,1
2026-05-28,601012,14:53:32,14.3400,104,1
2026-05-28,601012,14:53:35,14.3400,1536,1
2026-05-28,601012,14:53:38,14.3400,317,2
2026-05-28,601012,14:53:41,14.3400,241,2
2026-05-28,601012,14:53:44,14.3500,163,1
2026-05-28,601012,14:53:47,14.3400,1376,2
2026-05-28,601012,14:53:50,14.3500,116,1
2026-05-28,601012,14:53:53,14.3400,51,2
2026-05-28,601012,14:53:56,14.3400,23,2
2026-05-28,601012,14:53:59,14.3500,103,1
2026-05-28,601012,14:54:02,14.3500,105,1
2026-05-28,601012,14:54:05,14.3400,306,2
2026-05-28,601012,14:54:09,14.3500,187,1
2026-05-28,601012,14:54:11,14.3500,203,1
2026-05-28,601012,14:54:15,14.3400,102,2
2026-05-28,601012,14:54:17,14.3500,28,1
2026-05-28,601012,14:54:20,14.3500,160,1
2026-05-28,601012,14:54:23,14.3400,23,2
2026-05-28,601012,14:54:26,14.3400,2272,2
2026-05-28,601012,14:54:29,14.3400,75,1
2026-05-28,601012,14:54:32,14.3400,369,1
2026-05-28,601012,14:54:35,14.3400,105,1
2026-05-28,601012,14:54:38,14.3300,305,2
2026-05-28,601012,14:54:41,14.3400,67,1
2026-05-28,601012,14:54:44,14.3400,203,1
2026-05-28,601012,14:54:47,14.3400,64,1
2026-05-28,601012,14:54:50,14.3300,44,2
2026-05-28,601012,14:54:53,14.3400,357,1
2026-05-28,601012,14:54:56,14.3400,37,1
2026-05-28,601012,14:54:59,14.3400,121,1
2026-05-28,601012,14:55:02,14.3400,172,1
2026-05-28,601012,14:55:05,14.3400,551,1
2026-05-28,601012,14:55:08,14.3400,255,1
2026-05-28,601012,14:55:11,14.3400,337,1
2026-05-28,601012,14:55:14,14.3400,330,2
2026-05-28,601012,14:55:17,14.3400,201,1
2026-05-28,601012,14:55:20,14.3400,214,2
2026-05-28,601012,14:55:23,14.3500,71,1
2026-05-28,601012,14:55:26,14.3400,262,2
2026-05-28,601012,14:55:29,14.3400,108,2
2026-05-28,601012,14:55:32,14.3400,193,2
2026-05-28,601012,14:55:35,14.3500,225,1
2026-05-28,601012,14:55:38,14.3400,327,2
2026-05-28,601012,14:55:41,14.3500,59,1
2026-05-28,601012,14:55:44,14.3500,276,1
2026-05-28,601012,14:55:47,14.3400,284,2
2026-05-28,601012,14:55:50,14.3400,460,2
2026-05-28,601012,14:55:53,14.3500,424,1
2026-05-28,601012,14:55:56,14.3400,989,2
2026-05-28,601012,14:55:59,14.3500,129,1
2026-05-28,601012,14:56:02,14.3500,328,1
2026-05-28,601012,14:56:05,14.3500,196,1
2026-05-28,601012,14:56:08,14.3400,509,2
2026-05-28,601012,14:56:11,14.3500,317,1
2026-05-28,601012,14:56:14,14.3500,581,1
2026-05-28,601012,14:56:17,14.3500,222,2
2026-05-28,601012,14:56:20,14.3500,519,1
2026-05-28,601012,14:56:23,14.3400,327,2
2026-05-28,601012,14:56:26,14.3500,376,1
2026-05-28,601012,14:56:29,14.3500,213,1
2026-05-28,601012,14:56:33,14.3500,333,1
2026-05-28,601012,14:56:35,14.3500,362,1
2026-05-28,601012,14:56:38,14.3500,77,1
2026-05-28,601012,14:56:41,14.3400,192,2
2026-05-28,601012,14:56:44,14.3500,71,1
2026-05-28,601012,14:56:47,14.3500,137,1
2026-05-28,601012,14:56:50,14.3500,226,1
2026-05-28,601012,14:56:53,14.3500,193,1
2026-05-28,601012,14:56:56,14.3500,54,1
2026-05-28,601012,14:56:59,14.3500,106,1
2026-05-28,601012,15:00:02,14.3500,7692,4
2026-05-28,601012,13:16:44,14.1300,9,2
2026-05-28,601012,13:16:47,14.1400,3,1
2026-05-28,601012,13:16:50,14.1300,373,2
2026-05-28,601012,13:16:53,14.1400,218,1
2026-05-28,601012,13:16:56,14.1300,23,2
2026-05-28,601012,13:16:59,14.1400,51,1
2026-05-28,601012,13:17:02,14.1400,55,1
2026-05-28,601012,13:17:05,14.1300,233,2
2026-05-28,601012,13:17:08,14.1300,140,2
2026-05-28,601012,13:17:11,14.1400,36,1
2026-05-28,601012,13:17:14,14.1400,180,1
2026-05-28,601012,13:17:17,14.1400,2,1
2026-05-28,601012,13:17:20,14.1400,111,1
2026-05-28,601012,13:17:23,14.1300,110,2
2026-05-28,601012,13:17:26,14.1400,50,1
2026-05-28,601012,13:17:30,14.1400,194,1
2026-05-28,601012,13:17:32,14.1300,102,2
2026-05-28,601012,13:17:35,14.1300,168,2
2026-05-28,601012,13:17:38,14.1300,21,2
2026-05-28,601012,13:17:41,14.1400,4,1
2026-05-28,601012,13:17:44,14.1300,5,2
2026-05-28,601012,13:17:47,14.1400,145,1
2026-05-28,601012,13:17:50,14.1300,58,2
2026-05-28,601012,13:17:53,14.1300,65,2
2026-05-28,601012,13:17:56,14.1300,3,2
2026-05-28,601012,13:17:59,14.1400,435,1
2026-05-28,601012,13:18:02,14.1300,69,2
2026-05-28,601012,13:18:06,14.1400,38,1
2026-05-28,601012,13:18:11,14.1400,201,1
2026-05-28,601012,13:18:15,14.1400,103,1
2026-05-28,601012,13:18:17,14.1400,49,1
2026-05-28,601012,13:18:20,14.1300,160,2
2026-05-28,601012,13:18:23,14.1400,20,1
2026-05-28,601012,13:18:26,14.1400,23,1
2026-05-28,601012,13:18:30,14.1300,47,2
2026-05-28,601012,13:18:32,14.1400,80,1
2026-05-28,601012,13:18:35,14.1400,35,1
2026-05-28,601012,13:18:38,14.1400,78,1
2026-05-28,601012,13:18:41,14.1400,17,1
2026-05-28,601012,13:18:44,14.1300,13,2
2026-05-28,601012,13:18:48,14.1400,117,1
2026-05-28,601012,13:18:50,14.1300,13,2
2026-05-28,601012,13:18:53,14.1300,10,2
2026-05-28,601012,13:18:56,14.1400,32,1
2026-05-28,601012,13:18:59,14.1300,15,2
2026-05-28,601012,13:19:02,14.1400,30,1
2026-05-28,601012,13:19:05,14.1400,306,1
2026-05-28,601012,13:19:08,14.1400,31,1
2026-05-28,601012,13:19:11,14.1400,66,1
2026-05-28,601012,13:19:14,14.1400,1088,1
2026-05-28,601012,13:19:17,14.1500,121,1
2026-05-28,601012,13:19:20,14.1400,145,2
2026-05-28,601012,13:19:23,14.1500,343,1
2026-05-28,601012,13:19:26,14.1400,60,2
2026-05-28,601012,13:19:29,14.1400,51,2
2026-05-28,601012,13:19:32,14.1500,23,1
2026-05-28,601012,13:19:35,14.1400,9,2
2026-05-28,601012,13:19:38,14.1500,66,1
2026-05-28,601012,13:19:41,14.1500,27,1
2026-05-28,601012,13:19:44,14.1400,39,2
2026-05-28,601012,13:19:47,14.1500,49,1
2026-05-28,601012,13:19:50,14.1500,125,1
2026-05-28,601012,13:19:53,14.1500,31,1
2026-05-28,601012,13:19:56,14.1500,86,1
2026-05-28,601012,13:19:59,14.1500,81,1
2026-05-28,601012,13:20:02,14.1400,41,2
2026-05-28,601012,13:20:05,14.1500,121,1
2026-05-28,601012,13:20:08,14.1400,98,2
2026-05-28,601012,13:20:11,14.1500,88,1
2026-05-28,601012,13:20:14,14.1500,107,1
2026-05-28,601012,13:20:17,14.1400,204,2
2026-05-28,601012,13:20:20,14.1500,41,1
2026-05-28,601012,13:20:24,14.1500,158,1
2026-05-28,601012,13:20:26,14.1500,46,1
2026-05-28,601012,13:20:29,14.1500,826,1
2026-05-28,601012,13:20:32,14.1500,290,2
2026-05-28,601012,13:20:35,14.1600,11,1
2026-05-28,601012,13:20:38,14.1500,10,2
2026-05-28,601012,13:20:41,14.1600,56,1
2026-05-28,601012,13:20:45,14.1500,40,2
2026-05-28,601012,13:20:47,14.1500,5,2
2026-05-28,601012,13:20:50,14.1500,58,2
2026-05-28,601012,13:20:53,14.1500,115,2
2026-05-28,601012,13:20:56,14.1500,11,2
2026-05-28,601012,13:20:59,14.1500,109,2
2026-05-28,601012,13:21:02,14.1600,44,1
2026-05-28,601012,13:21:05,14.1500,75,2
2026-05-28,601012,13:21:08,14.1600,19,1
2026-05-28,601012,13:21:11,14.1600,20,1
2026-05-28,601012,13:21:14,14.1500,23,2
2026-05-28,601012,13:21:17,14.1600,170,1
2026-05-28,601012,13:21:20,14.1500,236,2
2026-05-28,601012,13:21:23,14.1600,126,1
2026-05-28,601012,13:21:26,14.1500,174,2
2026-05-28,601012,13:21:29,14.1500,134,2
2026-05-28,601012,13:21:32,14.1600,414,1
2026-05-28,601012,13:21:35,14.1600,119,2
2026-05-28,601012,13:21:38,14.1600,28,2
2026-05-28,601012,13:21:41,14.1600,72,2
2026-05-28,601012,13:21:44,14.1600,93,2
2026-05-28,601012,13:21:47,14.1600,49,2
2026-05-28,601012,13:21:50,14.1600,1602,2
2026-05-28,601012,13:21:53,14.1600,144,2
2026-05-28,601012,13:21:57,14.1700,10,1
2026-05-28,601012,13:21:59,14.1700,226,1
2026-05-28,601012,13:22:02,14.1700,859,1
2026-05-28,601012,13:22:05,14.1700,31,1
2026-05-28,601012,13:22:08,14.1700,111,1
2026-05-28,601012,13:22:12,14.1600,63,2
2026-05-28,601012,13:22:14,14.1600,22,2
2026-05-28,601012,13:22:17,14.1700,139,1
2026-05-28,601012,13:22:23,14.1700,34,1
2026-05-28,601012,13:22:26,14.1700,52,1
2026-05-28,601012,13:22:29,14.1600,28,2
2026-05-28,601012,13:22:32,14.1600,104,2
2026-05-28,601012,13:22:35,14.1700,69,1
2026-05-28,601012,13:22:38,14.1700,372,1
2026-05-28,601012,13:22:41,14.1700,7,2
2026-05-28,601012,13:22:45,14.1700,41,2
2026-05-28,601012,13:22:50,14.1800,52,1
2026-05-28,601012,13:22:53,14.1800,33,1
2026-05-28,601012,13:22:56,14.1700,258,2
2026-05-28,601012,13:22:59,14.1700,21,2
2026-05-28,601012,13:23:02,14.1800,7,1
2026-05-28,601012,13:23:06,14.1700,40,2
2026-05-28,601012,13:23:09,14.1800,224,1
2026-05-28,601012,13:23:11,14.1700,346,2
2026-05-28,601012,13:23:14,14.1700,106,2
2026-05-28,601012,13:23:17,14.1800,293,1
2026-05-28,601012,13:23:20,14.1800,21,1
2026-05-28,601012,13:23:23,14.1700,53,2
2026-05-28,601012,13:23:26,14.1800,67,1
2026-05-28,601012,13:23:29,14.1800,14,1
2026-05-28,601012,13:23:32,14.1800,8,1
2026-05-28,601012,13:23:35,14.1700,525,2
2026-05-28,601012,13:23:39,14.1700,73,1
2026-05-28,601012,13:23:41,14.1700,133,1
2026-05-28,601012,13:23:44,14.1700,101,1
2026-05-28,601012,13:23:47,14.1700,118,1
2026-05-28,601012,13:23:50,14.1800,109,1
2026-05-28,601012,13:23:53,14.1700,8,2
2026-05-28,601012,13:23:56,14.1800,22,1
2026-05-28,601012,13:23:59,14.1800,12,1
2026-05-28,601012,13:24:02,14.1800,704,1
2026-05-28,601012,13:24:05,14.1800,395,1
2026-05-28,601012,13:24:08,14.1800,372,1
2026-05-28,601012,13:24:11,14.1800,732,1
2026-05-28,601012,13:24:14,14.1700,1213,2
2026-05-28,601012,13:24:17,14.1800,32,2
2026-05-28,601012,13:24:20,14.1900,25,1
2026-05-28,601012,13:24:23,14.1900,33,1
2026-05-28,601012,13:24:26,14.1800,53,2
2026-05-28,601012,13:24:29,14.1800,1,2
2026-05-28,601012,13:24:32,14.1800,500,2
2026-05-28,601012,13:24:35,14.1900,26,1
2026-05-28,601012,13:24:38,14.1900,2,1
2026-05-28,601012,13:24:42,14.1900,33,1
2026-05-28,601012,13:24:44,14.1800,154,2
2026-05-28,601012,13:24:47,14.1900,51,1
2026-05-28,601012,13:24:50,14.1900,127,1
2026-05-28,601012,13:24:53,14.1900,117,1
2026-05-28,601012,13:24:56,14.1900,311,2
2026-05-28,601012,13:25:00,14.1900,58,2
2026-05-28,601012,13:25:02,14.1900,47,1
2026-05-28,601012,13:25:05,14.1700,999,2
2026-05-28,601012,13:25:08,14.1900,94,1
2026-05-28,601012,13:25:11,14.1900,86,1
2026-05-28,601012,13:25:14,14.1900,17,1
2026-05-28,601012,13:25:17,14.1900,194,1
2026-05-28,601012,13:25:20,14.1800,231,2
2026-05-28,601012,13:25:23,14.1800,6,2
2026-05-28,601012,13:25:27,14.1800,79,2
2026-05-28,601012,13:25:29,14.1800,44,2
2026-05-28,601012,13:25:32,14.1900,27,1
2026-05-28,601012,13:25:35,14.1900,110,1
2026-05-28,601012,13:25:38,14.1900,65,1
2026-05-28,601012,13:25:41,14.1800,38,2
2026-05-28,601012,13:25:44,14.1800,90,2
2026-05-28,601012,13:25:47,14.1800,72,2
2026-05-28,601012,13:25:50,14.1800,1,2
2026-05-28,601012,13:25:53,14.1900,19,1
2026-05-28,601012,13:25:56,14.1800,27,2
2026-05-28,601012,13:25:59,14.1800,3,2
2026-05-28,601012,13:26:02,14.1800,13,2
2026-05-28,601012,13:26:05,14.1900,77,1
2026-05-28,601012,13:26:08,14.1800,100,2
2026-05-28,601012,13:26:11,14.1900,535,1
2026-05-28,601012,13:26:15,14.1900,200,1
2026-05-28,601012,13:26:17,14.1900,37,2
2026-05-28,601012,13:26:20,14.2000,60,1
2026-05-28,601012,13:26:23,14.2100,1761,1
2026-05-28,601012,13:26:26,14.2000,64,2
2026-05-28,601012,13:26:29,14.2000,1,2
2026-05-28,601012,13:26:32,14.2100,37,1
2026-05-28,601012,13:26:35,14.2000,8,2
2026-05-28,601012,13:26:38,14.2100,13,1
2026-05-28,601012,13:26:41,14.2000,49,2
2026-05-28,601012,13:26:44,14.2100,93,1
2026-05-28,601012,13:26:47,14.2100,38,1
2026-05-28,601012,13:26:50,14.2100,36,1
2026-05-28,601012,13:26:53,14.2100,47,1
2026-05-28,601012,13:26:56,14.2100,112,1
2026-05-28,601012,13:26:59,14.2100,101,1
2026-05-28,601012,13:27:03,14.2100,25,1
2026-05-28,601012,13:27:05,14.2100,165,1
2026-05-28,601012,13:27:08,14.2100,97,2
2026-05-28,601012,13:27:11,14.2100,13,2
2026-05-28,601012,13:27:14,14.2100,23,2
2026-05-28,601012,13:27:17,14.2200,13,1
2026-05-28,601012,13:27:20,14.2200,52,1
2026-05-28,601012,13:27:23,14.2400,1546,1
2026-05-28,601012,13:27:26,14.2400,331,2
2026-05-28,601012,13:27:29,14.2300,769,2
2026-05-28,601012,13:27:33,14.2200,26,2
2026-05-28,601012,13:27:35,14.2300,456,1
2026-05-28,601012,13:27:38,14.2300,76,1
2026-05-28,601012,13:27:41,14.2300,12,1
2026-05-28,601012,13:27:44,14.2200,163,2
2026-05-28,601012,13:27:47,14.2300,93,1
2026-05-28,601012,13:27:50,14.2300,40,1
2026-05-28,601012,13:27:53,14.2400,144,1
2026-05-28,601012,13:27:56,14.2300,173,2
2026-05-28,601012,13:27:59,14.2400,26,1
2026-05-28,601012,13:28:02,14.2400,64,1
2026-05-28,601012,13:28:06,14.2400,174,1
2026-05-28,601012,13:28:08,14.2400,146,1
2026-05-28,601012,13:28:11,14.2400,117,1
2026-05-28,601012,13:28:15,14.2400,116,1
2026-05-28,601012,13:28:17,14.2400,11,1
2026-05-28,601012,13:28:20,14.2300,10,2
2026-05-28,601012,13:28:23,14.2400,252,1
2026-05-28,601012,13:28:26,14.2400,169,1
2026-05-28,601012,13:28:29,14.2300,94,2
2026-05-28,601012,13:28:32,14.2300,2,2
2026-05-28,601012,13:28:35,14.2300,114,2
2026-05-28,601012,13:28:39,14.2300,71,2
2026-05-28,601012,13:28:42,14.2300,445,2
2026-05-28,601012,13:28:44,14.2300,24,2
2026-05-28,601012,13:28:47,14.2300,135,2
2026-05-28,601012,13:28:50,14.2400,73,1
2026-05-28,601012,13:28:53,14.2400,186,1
2026-05-28,601012,13:28:56,14.2300,38,2
2026-05-28,601012,13:28:59,14.2300,85,2
2026-05-28,601012,13:29:02,14.2300,70,2
2026-05-28,601012,13:29:05,14.2400,346,1
2026-05-28,601012,13:29:08,14.2400,814,1
2026-05-28,601012,13:29:11,14.2400,24,2
2026-05-28,601012,13:29:14,14.2400,23,2
2026-05-28,601012,13:29:17,14.2400,150,2
2026-05-28,601012,13:29:20,14.2400,12,2
2026-05-28,601012,13:29:23,14.2500,125,1
2026-05-28,601012,13:29:26,14.2500,178,1
2026-05-28,601012,13:29:29,14.2400,20,4
2026-05-28,601012,13:29:32,14.2300,53,2
2026-05-28,601012,13:29:36,14.2400,55,1
2026-05-28,601012,13:29:38,14.2400,1,1
2026-05-28,601012,13:29:41,14.2400,113,1
2026-05-28,601012,13:29:44,14.2300,922,2
2026-05-28,601012,13:29:47,14.2200,30,2
2026-05-28,601012,13:29:50,14.2200,12,2
2026-05-28,601012,13:29:53,14.2200,211,2
2026-05-28,601012,13:29:56,14.2200,25,2
2026-05-28,601012,13:29:59,14.2300,18,1
2026-05-28,601012,13:30:03,14.2300,380,1
2026-05-28,601012,13:30:05,14.2200,78,2
2026-05-28,601012,13:30:08,14.2300,91,1
2026-05-28,601012,13:30:11,14.2200,317,2
2026-05-28,601012,13:30:14,14.2300,214,1
2026-05-28,601012,13:30:17,14.2300,718,1
2026-05-28,601012,13:30:20,14.2300,1147,1
2026-05-28,601012,13:30:23,14.2300,158,1
2026-05-28,601012,13:30:26,14.2300,472,2
2026-05-28,601012,13:30:29,14.2400,1051,1
2026-05-28,601012,13:30:32,14.2400,86,2
2026-05-28,601012,13:30:35,14.2400,36,2
2026-05-28,601012,13:30:38,14.2400,151,2
2026-05-28,601012,13:30:41,14.2400,1,1
2026-05-28,601012,13:30:44,14.2300,15,2
2026-05-28,601012,13:30:47,14.2400,139,1
2026-05-28,601012,13:30:50,14.2400,6,1
2026-05-28,601012,13:30:53,14.2300,170,2
2026-05-28,601012,13:30:56,14.2400,531,1
2026-05-28,601012,13:31:00,14.2500,124,1
2026-05-28,601012,13:31:02,14.2500,114,1
2026-05-28,601012,13:31:05,14.2400,281,2
2026-05-28,601012,13:31:08,14.2400,52,2
2026-05-28,601012,13:31:11,14.2400,39,2
2026-05-28,601012,13:31:15,14.2400,74,2
2026-05-28,601012,13:31:17,14.2400,89,2
2026-05-28,601012,13:31:20,14.2500,95,1
2026-05-28,601012,13:31:23,14.2500,1055,1
2026-05-28,601012,13:31:26,14.2500,124,1
2026-05-28,601012,13:31:29,14.2500,757,1
2026-05-28,601012,13:31:32,14.2500,121,1
2026-05-28,601012,13:31:35,14.2500,156,1
2026-05-28,601012,13:31:38,14.2500,83,1
2026-05-28,601012,13:31:41,14.2500,28,1
2026-05-28,601012,13:31:45,14.2500,418,1
2026-05-28,601012,13:31:47,14.2500,105,1
2026-05-28,601012,13:31:50,14.2400,60,2
2026-05-28,601012,13:31:53,14.2500,22,1
2026-05-28,601012,13:31:56,14.2400,60,2
2026-05-28,601012,13:31:59,14.2500,56,1
2026-05-28,601012,13:32:02,14.2400,427,2
2026-05-28,601012,13:32:05,14.2300,54,2
2026-05-28,601012,13:32:08,14.2300,12,2
2026-05-28,601012,13:32:11,14.2300,108,2
2026-05-28,601012,13:32:14,14.2300,56,2
2026-05-28,601012,13:32:17,14.2300,70,2
2026-05-28,601012,13:32:20,14.2300,138,2
2026-05-28,601012,13:32:23,14.2400,406,1
2026-05-28,601012,13:32:26,14.2400,20,1
2026-05-28,601012,13:32:29,14.2400,220,1
2026-05-28,601012,13:32:32,14.2400,258,1
2026-05-28,601012,13:32:35,14.2300,76,2
2026-05-28,601012,13:32:38,14.2300,185,2
2026-05-28,601012,13:32:41,14.2300,58,2
2026-05-28,601012,13:32:44,14.2300,53,2
2026-05-28,601012,13:32:47,14.2300,27,2
2026-05-28,601012,13:32:51,14.2300,28,2
2026-05-28,601012,13:32:53,14.2400,20,1
2026-05-28,601012,13:32:56,14.2400,96,1
2026-05-28,601012,13:32:59,14.2400,400,1
2026-05-28,601012,13:33:02,14.2300,144,2
2026-05-28,601012,13:33:05,14.2400,850,1
2026-05-28,601012,13:33:08,14.2500,513,1
2026-05-28,601012,13:33:11,14.2500,1502,1
2026-05-28,601012,13:33:14,14.2500,1016,2
2026-05-28,601012,13:33:17,14.2600,105,4
2026-05-28,601012,13:33:20,14.2600,191,2
2026-05-28,601012,13:33:23,14.2700,23,1
2026-05-28,601012,13:33:26,14.2700,27,1
2026-05-28,601012,13:33:29,14.2700,112,1
2026-05-28,601012,13:33:32,14.2600,22,2
2026-05-28,601012,13:33:35,14.2700,1024,1
2026-05-28,601012,13:33:38,14.2700,53,2
2026-05-28,601012,13:33:41,14.2700,200,2
2026-05-28,601012,13:33:44,14.2700,100,2
2026-05-28,601012,13:33:48,14.2700,59,2
2026-05-28,601012,13:33:50,14.2700,798,2
2026-05-28,601012,13:33:53,14.2800,68,1
2026-05-28,601012,13:33:56,14.2700,109,2
2026-05-28,601012,13:33:59,14.2700,59,2
2026-05-28,601012,13:34:02,14.2700,13,2
2026-05-28,601012,13:34:05,14.2700,61,2
2026-05-28,601012,13:34:08,14.2700,1607,2
2026-05-28,601012,13:34:11,14.2800,132,1
2026-05-28,601012,13:34:14,14.2700,238,2
2026-05-28,601012,13:34:17,14.2800,112,1
2026-05-28,601012,13:34:20,14.2700,122,2
2026-05-28,601012,13:34:24,14.2700,83,1
2026-05-28,601012,13:34:26,14.2700,110,1
2026-05-28,601012,13:34:29,14.2700,20,1
2026-05-28,601012,13:34:32,14.2700,48,1
2026-05-28,601012,13:34:35,14.2600,38,2
2026-05-28,601012,13:34:38,14.2700,41,1
2026-05-28,601012,13:34:41,14.2600,104,2
2026-05-28,601012,13:34:44,14.2600,81,2
2026-05-28,601012,13:34:47,14.2600,96,2
2026-05-28,601012,13:34:50,14.2600,222,2
2026-05-28,601012,13:34:53,14.2600,123,2
2026-05-28,601012,13:34:56,14.2700,52,1
2026-05-28,601012,13:34:59,14.2600,272,2
2026-05-28,601012,13:35:02,14.2600,31,2
2026-05-28,601012,13:35:05,14.2700,33,1
2026-05-28,601012,13:35:08,14.2600,34,2
2026-05-28,601012,13:35:11,14.2700,552,1
2026-05-28,601012,13:35:14,14.2700,104,1
2026-05-28,601012,13:35:17,14.2700,448,1
2026-05-28,601012,13:35:20,14.2700,172,2
2026-05-28,601012,13:35:23,14.2700,86,2
2026-05-28,601012,13:35:26,14.2700,19,2
2026-05-28,601012,13:35:29,14.2800,45,1
2026-05-28,601012,13:35:32,14.2700,80,2
2026-05-28,601012,13:35:35,14.2900,6736,1
2026-05-28,601012,13:35:38,14.3000,178,1
2026-05-28,601012,13:35:41,14.3000,63,1
2026-05-28,601012,13:35:44,14.2900,127,2
2026-05-28,601012,13:35:47,14.3000,88,1
2026-05-28,601012,13:35:50,14.3000,13,1
2026-05-28,601012,13:35:53,14.3000,32,1
2026-05-28,601012,13:35:56,14.3000,168,1
2026-05-28,601012,13:35:59,14.3000,126,1
2026-05-28,601012,13:36:02,14.3000,466,1
2026-05-28,601012,13:36:05,14.3100,4973,1
2026-05-28,601012,13:36:09,14.3100,382,2
2026-05-28,601012,13:36:11,14.3100,63,2
2026-05-28,601012,13:36:14,14.3100,1086,2
2026-05-28,601012,13:36:17,14.3100,186,1
2026-05-28,601012,13:36:21,14.3100,38,1
2026-05-28,601012,13:36:23,14.3100,257,1
2026-05-28,601012,13:36:26,14.3100,125,1
2026-05-28,601012,13:36:29,14.3000,659,2
2026-05-28,601012,13:36:32,14.3000,65,1
2026-05-28,601012,13:36:35,14.2900,431,2
2026-05-28,601012,13:36:38,14.3000,761,1
2026-05-28,601012,13:36:41,14.3000,15,1
2026-05-28,601012,13:36:44,14.3000,19,1
2026-05-28,601012,13:36:47,14.3000,306,1
2026-05-28,601012,13:36:51,14.3000,107,2
2026-05-28,601012,13:36:53,14.3000,33,2
2026-05-28,601012,13:36:56,14.3000,203,2
2026-05-28,601012,13:36:59,14.3100,191,1
2026-05-28,601012,13:37:02,14.3000,8,2
2026-05-28,601012,13:37:06,14.3000,41,2
2026-05-28,601012,13:37:08,14.3000,249,2
2026-05-28,601012,13:37:11,14.3100,384,1
2026-05-28,601012,13:37:14,14.3000,114,2
2026-05-28,601012,13:37:18,14.3000,100,2
2026-05-28,601012,13:37:20,14.3000,744,2
2026-05-28,601012,13:37:23,14.3000,205,2
2026-05-28,601012,13:37:26,14.3000,77,2
2026-05-28,601012,13:37:29,14.3000,156,2
2026-05-28,601012,13:37:32,14.3000,167,2
2026-05-28,601012,13:37:35,14.3000,73,2
2026-05-28,601012,13:37:38,14.3000,62,2
2026-05-28,601012,13:37:41,14.3000,104,2
2026-05-28,601012,13:37:44,14.3000,198,2
2026-05-28,601012,13:37:47,14.3000,121,2
2026-05-28,601012,13:37:50,14.3100,381,1
2026-05-28,601012,13:37:53,14.3000,173,2
2026-05-28,601012,13:37:56,14.3100,277,1
2026-05-28,601012,13:37:59,14.3100,1905,1
2026-05-28,601012,13:38:02,14.3200,740,1
2026-05-28,601012,13:38:06,14.3200,991,1
2026-05-28,601012,13:38:08,14.3300,169,1
2026-05-28,601012,13:38:11,14.3300,59,1
2026-05-28,601012,13:38:14,14.3300,2384,1
2026-05-28,601012,13:38:17,14.3300,287,2
2026-05-28,601012,13:38:20,14.3300,560,2
2026-05-28,601012,13:38:23,14.3200,136,2
2026-05-28,601012,13:38:26,14.3300,128,1
2026-05-28,601012,13:38:29,14.3200,83,2
2026-05-28,601012,13:38:32,14.3300,120,1
2026-05-28,601012,13:38:35,14.3200,181,2
2026-05-28,601012,13:38:38,14.3300,135,1
2026-05-28,601012,13:38:41,14.3300,138,1
2026-05-28,601012,13:38:44,14.3200,103,2
2026-05-28,601012,13:38:47,14.3300,80,1
2026-05-28,601012,13:38:50,14.3300,201,1
2026-05-28,601012,13:38:53,14.3300,672,1
2026-05-28,601012,13:38:56,14.3400,222,1
2026-05-28,601012,13:38:59,14.3300,107,2
2026-05-28,601012,13:39:02,14.3300,72,2
2026-05-28,601012,13:39:05,14.3400,196,1
2026-05-28,601012,13:39:08,14.3400,52,1
2026-05-28,601012,13:39:12,14.3400,153,1
2026-05-28,601012,13:39:15,14.3300,274,2
2026-05-28,601012,13:39:17,14.3400,70,1
2026-05-28,601012,13:39:20,14.3300,57,2
2026-05-28,601012,13:39:23,14.3400,92,1
2026-05-28,601012,13:39:27,14.3400,349,1
2026-05-28,601012,13:39:29,14.3300,33,2
2026-05-28,601012,13:39:32,14.3300,304,2
2026-05-28,601012,13:39:35,14.3300,165,2
2026-05-28,601012,13:39:39,14.3300,224,2
2026-05-28,601012,13:39:41,14.3300,148,2
2026-05-28,601012,13:39:44,14.3300,231,2
2026-05-28,601012,13:39:47,14.3300,271,2
2026-05-28,601012,13:39:50,14.3300,307,2
2026-05-28,601012,13:39:53,14.3300,37,1
2026-05-28,601012,13:39:56,14.3300,71,1
2026-05-28,601012,13:39:59,14.3300,192,1
2026-05-28,601012,13:40:02,14.3300,1473,1
2026-05-28,601012,13:40:05,14.3300,496,2
2026-05-28,601012,13:40:08,14.3400,405,1
2026-05-28,601012,13:40:11,14.3400,398,1
2026-05-28,601012,13:40:14,14.3400,145,1
2026-05-28,601012,13:40:17,14.3300,759,2
2026-05-28,601012,13:40:20,14.3400,422,1
2026-05-28,601012,13:40:23,14.3500,717,1
2026-05-28,601012,13:40:26,14.3400,68,2
2026-05-28,601012,13:40:30,14.3400,135,2
2026-05-28,601012,13:40:32,14.3400,41,2
2026-05-28,601012,13:40:35,14.3500,90,1
2026-05-28,601012,13:40:38,14.3400,99,2
2026-05-28,601012,13:40:41,14.3500,42,1
2026-05-28,601012,13:40:44,14.3500,517,1
2026-05-28,601012,13:40:47,14.3500,59,1
2026-05-28,601012,13:40:50,14.3400,30,2
2026-05-28,601012,13:40:53,14.3400,43,2
2026-05-28,601012,13:40:56,14.3500,58,1
2026-05-28,601012,13:40:59,14.3500,37,1
2026-05-28,601012,13:41:02,14.3400,438,2
2026-05-28,601012,13:41:05,14.3400,1346,2
2026-05-28,601012,13:41:08,14.3400,167,1
2026-05-28,601012,13:41:11,14.3400,311,2
2026-05-28,601012,13:41:14,14.3400,51,2
2026-05-28,601012,13:41:17,14.3400,59,2
2026-05-28,601012,13:41:20,14.3400,47,2
2026-05-28,601012,13:41:23,14.3400,210,2
2026-05-28,601012,13:41:26,14.3400,241,2
2026-05-28,601012,13:41:29,14.3400,346,1
2026-05-28,601012,13:41:32,14.3400,24,1
2026-05-28,601012,13:41:35,14.3300,27,2
2026-05-28,601012,13:41:39,14.3300,50,2
2026-05-28,601012,13:41:41,14.3300,922,2
2026-05-28,601012,13:41:44,14.3300,583,2
2026-05-28,601012,13:41:47,14.3300,973,1
2026-05-28,601012,13:41:50,14.3300,269,2
2026-05-28,601012,13:41:53,14.3300,229,1
2026-05-28,601012,13:41:56,14.3300,1556,1
2026-05-28,601012,13:41:59,14.3300,615,1
2026-05-28,601012,13:42:02,14.3200,93,2
2026-05-28,601012,13:42:05,14.3300,337,1
2026-05-28,601012,13:42:08,14.3200,75,2
2026-05-28,601012,13:42:11,14.3200,150,2
2026-05-28,601012,13:42:14,14.3300,1439,1
2026-05-28,601012,13:42:17,14.3300,1826,2
2026-05-28,601012,13:42:20,14.3400,906,1
2026-05-28,601012,13:42:23,14.3400,321,2
2026-05-28,601012,13:42:26,14.3400,159,2
2026-05-28,601012,13:42:29,14.3400,90,2
2026-05-28,601012,13:42:33,14.3400,62,2
2026-05-28,601012,13:42:35,14.3400,76,1
2026-05-28,601012,13:42:38,14.3300,17,2
2026-05-28,601012,13:42:41,14.3300,95,2
2026-05-28,601012,13:42:44,14.3300,71,2
2026-05-28,601012,13:42:47,14.3300,76,2
2026-05-28,601012,13:42:51,14.3300,165,2
2026-05-28,601012,13:42:53,14.3300,199,1
2026-05-28,601012,13:42:56,14.3300,119,2
2026-05-28,601012,13:42:59,14.3400,325,1
2026-05-28,601012,13:43:02,14.3300,161,2
2026-05-28,601012,13:43:05,14.3300,64,1
2026-05-28,601012,13:43:08,14.3300,30,2
2026-05-28,601012,13:43:11,14.3300,148,2
2026-05-28,601012,13:43:14,14.3300,174,4
2026-05-28,601012,13:43:17,14.3300,110,1
2026-05-28,601012,13:43:20,14.3200,99,2
2026-05-28,601012,13:43:23,14.3300,246,2
2026-05-28,601012,13:43:26,14.3300,162,2
2026-05-28,601012,13:43:29,14.3400,183,1
2026-05-28,601012,13:43:32,14.3400,1836,1
2026-05-28,601012,13:43:35,14.3500,214,1
2026-05-28,601012,13:43:38,14.3300,180,2
2026-05-28,601012,13:43:41,14.3400,31,4
2026-05-28,601012,13:43:44,14.3400,83,2
2026-05-28,601012,13:43:47,14.3400,34,2
2026-05-28,601012,13:43:50,14.3500,345,1
2026-05-28,601012,13:43:53,14.3500,293,1
2026-05-28,601012,13:43:56,14.3400,238,2
2026-05-28,601012,13:43:59,14.3400,79,2
2026-05-28,601012,13:44:02,14.3400,120,2
2026-05-28,601012,13:44:05,14.3400,72,2
2026-05-28,601012,13:44:08,14.3400,64,2
2026-05-28,601012,13:44:12,14.3500,81,1
2026-05-28,601012,13:44:14,14.3400,199,2
2026-05-28,601012,13:44:17,14.3500,41,1
2026-05-28,601012,13:44:20,14.3500,151,1
2026-05-28,601012,13:44:23,14.3500,28,1
2026-05-28,601012,13:44:26,14.3400,36,2
2026-05-28,601012,13:44:29,14.3500,21,1
2026-05-28,601012,13:44:32,14.3400,80,2
2026-05-28,601012,13:44:35,14.3400,233,2
2026-05-28,601012,13:44:38,14.3500,64,1
2026-05-28,601012,13:44:41,14.3400,76,2
2026-05-28,601012,13:44:44,14.3400,150,2
2026-05-28,601012,13:44:47,14.3500,31,1
2026-05-28,601012,13:44:50,14.3500,16,1
2026-05-28,601012,13:44:53,14.3500,68,1
2026-05-28,601012,13:44:56,14.3400,176,2
2026-05-28,601012,13:44:59,14.3400,62,2
2026-05-28,601012,13:45:02,14.3500,4440,1
2026-05-28,601012,13:45:05,14.3600,2688,1
2026-05-28,601012,13:45:08,14.3700,107,1
2026-05-28,601012,13:45:11,14.3600,39,2
2026-05-28,601012,13:45:14,14.3700,815,1
2026-05-28,601012,13:45:17,14.3700,12,2
2026-05-28,601012,13:45:20,14.3700,134,2
2026-05-28,601012,13:45:24,14.3700,897,2
2026-05-28,601012,13:45:26,14.3700,179,1
2026-05-28,601012,13:45:29,14.3700,109,1
2026-05-28,601012,13:45:32,14.3700,222,1
2026-05-28,601012,13:45:35,14.3700,515,1
2026-05-28,601012,13:45:38,14.3700,509,1
2026-05-28,601012,13:45:41,14.3700,87,1
2026-05-28,601012,13:45:44,14.3700,224,2
2026-05-28,601012,13:45:47,14.3700,154,2
2026-05-28,601012,13:45:50,14.3800,210,1
2026-05-28,601012,13:45:53,14.3800,190,1
2026-05-28,601012,13:45:57,14.3800,110,1
2026-05-28,601012,13:45:59,14.3700,116,2
2026-05-28,601012,13:46:02,14.3800,285,1
2026-05-28,601012,13:46:05,14.3800,201,1
2026-05-28,601012,13:46:08,14.3800,188,1
2026-05-28,601012,13:46:11,14.3800,107,1
2026-05-28,601012,13:46:14,14.3800,352,1
2026-05-28,601012,13:46:17,14.3800,117,1
2026-05-28,601012,13:46:20,14.3800,25,1
2026-05-28,601012,13:46:23,14.3700,124,2
2026-05-28,601012,13:46:27,14.3800,170,1
2026-05-28,601012,13:46:29,14.3800,231,1
2026-05-28,601012,13:46:32,14.3800,128,1
2026-05-28,601012,13:46:35,14.3800,92,1
2026-05-28,601012,13:46:38,14.3800,392,1
2026-05-28,601012,13:46:41,14.3800,170,1
2026-05-28,601012,13:46:45,14.3800,313,1
2026-05-28,601012,13:46:47,14.3800,631,1
2026-05-28,601012,13:46:50,14.3800,85,2
2026-05-28,601012,13:46:53,14.3800,45,2
2026-05-28,601012,13:46:56,14.3800,533,2
2026-05-28,601012,13:46:59,14.3800,330,2
2026-05-28,601012,13:47:02,14.3900,1185,1
2026-05-28,601012,13:47:05,14.3800,183,2
2026-05-28,601012,13:47:08,14.3900,1536,1
2026-05-28,601012,13:47:11,14.3800,314,2
2026-05-28,601012,13:47:14,14.3800,620,2
2026-05-28,601012,13:47:17,14.3800,168,2
2026-05-28,601012,13:47:20,14.3800,30,2
2026-05-28,601012,13:47:23,14.3800,107,2
2026-05-28,601012,13:47:26,14.3800,132,2
2026-05-28,601012,13:47:29,14.3800,60,2
2026-05-28,601012,13:47:32,14.3800,126,2
2026-05-28,601012,13:47:35,14.3800,56,2
2026-05-28,601012,13:47:38,14.3800,73,2
2026-05-28,601012,13:47:41,14.3900,718,1
2026-05-28,601012,13:47:44,14.3800,150,2
2026-05-28,601012,13:47:47,14.3900,158,1
2026-05-28,601012,13:47:51,14.3900,136,1
2026-05-28,601012,13:47:53,14.3900,28,1
2026-05-28,601012,13:47:56,14.3900,49,1
2026-05-28,601012,13:47:59,14.3800,116,2
2026-05-28,601012,13:48:02,14.3800,265,2
2026-05-28,601012,13:48:05,14.3800,121,2
2026-05-28,601012,13:48:08,14.3800,688,2
2026-05-28,601012,13:48:11,14.3800,194,1
2026-05-28,601012,13:48:14,14.3800,21,1
2026-05-28,601012,13:48:17,14.3700,15,2
2026-05-28,601012,13:48:20,14.3800,276,1
2026-05-28,601012,13:48:23,14.3800,108,1
2026-05-28,601012,13:48:26,14.3700,340,2
2026-05-28,601012,13:48:29,14.3800,133,1
2026-05-28,601012,13:48:32,14.3700,843,2
2026-05-28,601012,13:48:35,14.3700,90,1
2026-05-28,601012,13:48:38,14.3600,429,2
2026-05-28,601012,13:48:41,14.3700,130,1
2026-05-28,601012,13:48:44,14.3600,160,2
2026-05-28,601012,13:48:47,14.3600,226,2
2026-05-28,601012,13:48:50,14.3600,376,2
2026-05-28,601012,13:48:53,14.3600,606,2
2026-05-28,601012,13:48:56,14.3600,357,1
2026-05-28,601012,13:48:59,14.3600,214,1
2026-05-28,601012,13:49:02,14.3600,358,2
2026-05-28,601012,13:49:06,14.3600,416,2
2026-05-28,601012,13:49:08,14.3600,534,2
2026-05-28,601012,13:49:11,14.3600,465,2
2026-05-28,601012,13:49:14,14.3600,272,2
2026-05-28,601012,13:49:17,14.3600,395,1
2026-05-28,601012,13:49:20,14.3600,148,2
2026-05-28,601012,13:49:24,14.3600,373,1
2026-05-28,601012,13:49:26,14.3500,97,2
2026-05-28,601012,13:49:29,14.3500,189,2
2026-05-28,601012,13:49:32,14.3500,123,2
2026-05-28,601012,13:49:35,14.3500,414,2
2026-05-28,601012,13:49:38,14.3700,1415,1
2026-05-28,601012,13:49:41,14.3600,349,4
2026-05-28,601012,13:49:44,14.3700,254,1
2026-05-28,601012,13:49:47,14.3600,752,2
2026-05-28,601012,13:49:50,14.3700,194,1
2026-05-28,601012,13:49:53,14.3700,198,1
2026-05-28,601012,13:49:56,14.3600,38,2
2026-05-28,601012,13:49:59,14.3600,148,2
2026-05-28,601012,13:50:03,14.3700,162,1
2026-05-28,601012,13:50:05,14.3600,149,2
2026-05-28,601012,13:50:08,14.3600,768,2
2026-05-28,601012,13:50:11,14.3600,86,2
2026-05-28,601012,13:50:14,14.3700,320,1
2026-05-28,601012,13:50:17,14.3700,203,1
2026-05-28,601012,13:50:20,14.3700,429,1
2026-05-28,601012,13:50:23,14.3600,216,2
2026-05-28,601012,13:50:26,14.3700,428,1
2026-05-28,601012,13:50:29,14.3600,211,2
2026-05-28,601012,13:50:32,14.3600,259,2
2026-05-28,601012,13:50:35,14.3600,314,2
2026-05-28,601012,13:50:38,14.3600,1014,1
2026-05-28,601012,13:50:41,14.3600,179,2
2026-05-28,601012,13:50:44,14.3600,230,2
2026-05-28,601012,13:50:47,14.3600,143,2
2026-05-28,601012,13:50:50,14.3600,39,1
2026-05-28,601012,13:50:53,14.3500,123,2
2026-05-28,601012,13:50:57,14.3600,161,1
2026-05-28,601012,13:50:59,14.3600,354,1
2026-05-28,601012,13:51:02,14.3500,202,2
2026-05-28,601012,13:51:06,14.3500,1683,2
2026-05-28,601012,13:51:08,14.3500,349,2
2026-05-28,601012,13:51:11,14.3500,115,2
2026-05-28,601012,13:51:14,14.3500,185,2
2026-05-28,601012,13:51:17,14.3500,128,2
2026-05-28,601012,13:51:20,14.3600,371,1
2026-05-28,601012,13:51:23,14.3600,1269,1
2026-05-28,601012,13:51:26,14.3600,450,2
2026-05-28,601012,13:51:29,14.3500,130,2
2026-05-28,601012,13:51:32,14.3500,69,2
2026-05-28,601012,13:51:35,14.3600,164,1
2026-05-28,601012,13:51:38,14.3500,173,2
2026-05-28,601012,13:51:41,14.3600,207,1
2026-05-28,601012,13:51:44,14.3600,788,1
2026-05-28,601012,13:51:47,14.3600,170,2
2026-05-28,601012,13:51:50,14.3600,419,2
2026-05-28,601012,13:51:53,14.3600,213,2
2026-05-28,601012,13:51:56,14.3700,107,1
2026-05-28,601012,13:51:59,14.3700,353,1
2026-05-28,601012,13:52:02,14.3600,273,2
2026-05-28,601012,13:52:05,14.3600,133,2
2026-05-28,601012,13:52:08,14.3600,271,2
2026-05-28,601012,13:52:11,14.3700,231,1
2026-05-28,601012,13:52:14,14.3600,286,2
2026-05-28,601012,13:52:17,14.3700,118,1
2026-05-28,601012,13:52:20,14.3700,1753,1
2026-05-28,601012,13:52:23,14.3700,266,2
2026-05-28,601012,13:52:26,14.3800,174,1
2026-05-28,601012,13:52:29,14.3700,164,2
2026-05-28,601012,13:52:32,14.3800,233,1
2026-05-28,601012,13:52:35,14.3700,178,2
2026-05-28,601012,13:52:38,14.3700,103,2
2026-05-28,601012,13:52:41,14.3800,159,1
2026-05-28,601012,13:52:44,14.3700,141,2
2026-05-28,601012,13:52:47,14.3700,127,2
2026-05-28,601012,13:52:50,14.3700,164,2
2026-05-28,601012,13:52:53,14.3800,1771,1
2026-05-28,601012,13:52:56,14.3800,142,1
2026-05-28,601012,13:52:59,14.3700,158,2
2026-05-28,601012,13:53:02,14.3800,82,1
2026-05-28,601012,13:53:05,14.3700,211,2
2026-05-28,601012,13:53:08,14.3700,185,2
2026-05-28,601012,13:53:11,14.3800,95,1
2026-05-28,601012,13:53:14,14.3800,479,1
2026-05-28,601012,13:53:17,14.3800,76,1
2026-05-28,601012,13:53:21,14.3800,127,1
2026-05-28,601012,13:53:23,14.3700,122,2
2026-05-28,601012,13:53:26,14.3700,128,1
2026-05-28,601012,13:53:30,14.3600,79,2
2026-05-28,601012,13:53:32,14.3700,40,1
2026-05-28,601012,13:53:35,14.3700,305,1
2026-05-28,601012,13:53:38,14.3600,158,2
2026-05-28,601012,13:53:41,14.3600,154,2
2026-05-28,601012,13:53:44,14.3600,126,2
2026-05-28,601012,13:53:47,14.3700,10,1
2026-05-28,601012,13:53:51,14.3600,106,2
2026-05-28,601012,13:53:53,14.3600,426,2
2026-05-28,601012,13:53:56,14.3700,122,1
2026-05-28,601012,13:53:59,14.3700,106,4
2026-05-28,601012,13:54:02,14.3700,1142,1
2026-05-28,601012,13:54:05,14.3800,243,1
2026-05-28,601012,13:54:09,14.3800,279,2
2026-05-28,601012,13:54:11,14.3700,11,2
2026-05-28,601012,13:54:14,14.3700,140,2
2026-05-28,601012,13:54:17,14.3800,237,1
2026-05-28,601012,13:54:20,14.3800,133,1
2026-05-28,601012,13:54:23,14.3700,79,2
2026-05-28,601012,13:54:26,14.3700,114,1
2026-05-28,601012,13:54:30,14.3800,307,1
2026-05-28,601012,13:54:32,14.3700,37,2
2026-05-28,601012,13:54:36,14.3700,29,1
2026-05-28,601012,13:54:38,14.3600,316,2
2026-05-28,601012,13:54:41,14.3700,12,4
2026-05-28,601012,13:54:45,14.3700,66,2
2026-05-28,601012,13:54:47,14.3700,295,1
2026-05-28,601012,13:54:50,14.3600,142,2
2026-05-28,601012,13:54:54,14.3600,108,2
2026-05-28,601012,13:54:57,14.3600,15,2
2026-05-28,601012,13:54:59,14.3600,161,2
2026-05-28,601012,13:55:02,14.3600,98,2
2026-05-28,601012,13:55:06,14.3600,221,2
2026-05-28,601012,13:55:08,14.3600,37,2
2026-05-28,601012,13:55:11,14.3600,130,2
2026-05-28,601012,13:55:14,14.3600,190,2
2026-05-28,601012,13:55:17,14.3700,70,1
2026-05-28,601012,13:55:20,14.3600,159,2
2026-05-28,601012,13:55:23,14.3600,144,2
2026-05-28,601012,13:55:26,14.3700,60,1
2026-05-28,601012,13:55:29,14.3600,160,2
2026-05-28,601012,13:55:32,14.3600,44,2
2026-05-28,601012,13:55:35,14.3600,87,1
2026-05-28,601012,13:55:38,14.3500,251,2
2026-05-28,601012,13:55:41,14.3600,127,1
2026-05-28,601012,13:55:44,14.3500,395,2
2026-05-28,601012,13:55:47,14.3500,87,2
2026-05-28,601012,13:55:50,14.3500,426,2
2026-05-28,601012,13:55:53,14.3400,49,2
2026-05-28,601012,13:55:56,14.3500,114,1
2026-05-28,601012,13:55:59,14.3400,355,2
2026-05-28,601012,13:56:02,14.3400,77,2
2026-05-28,601012,13:56:05,14.3500,284,1
2026-05-28,601012,13:56:08,14.3500,177,1
2026-05-28,601012,13:56:11,14.3400,50,2
2026-05-28,601012,13:56:14,14.3300,167,2
2026-05-28,601012,13:56:17,14.3400,199,1
2026-05-28,601012,13:56:20,14.3400,143,2
2026-05-28,601012,13:56:23,14.3400,225,2
2026-05-28,601012,13:56:26,14.3400,298,1
2026-05-28,601012,13:56:29,14.3400,187,2
2026-05-28,601012,13:56:32,14.3300,245,2
2026-05-28,601012,13:56:35,14.3400,31,1
2026-05-28,601012,13:56:38,14.3400,402,1
2026-05-28,601012,13:56:41,14.3400,241,2
2026-05-28,601012,13:56:44,14.3400,551,2
2026-05-28,601012,13:56:47,14.3400,208,1
2026-05-28,601012,13:56:50,14.3300,221,2
2026-05-28,601012,13:56:53,14.3300,202,2
2026-05-28,601012,13:56:57,14.3300,301,2
2026-05-28,601012,13:56:59,14.3400,1060,1
2026-05-28,601012,13:57:02,14.3400,259,2
2026-05-28,601012,13:57:05,14.3400,373,2
2026-05-28,601012,13:57:08,14.3400,133,2
2026-05-28,601012,13:57:11,14.3400,329,2
2026-05-28,601012,13:57:14,14.3400,379,1
2026-05-28,601012,13:57:17,14.3400,107,2
2026-05-28,601012,13:57:20,14.3400,185,2
2026-05-28,601012,13:57:24,14.3400,175,2
2026-05-28,601012,13:57:26,14.3500,978,1
2026-05-28,601012,13:57:29,14.3500,121,2
2026-05-28,601012,13:57:32,14.3500,118,2
2026-05-28,601012,13:57:35,14.3500,172,2
2026-05-28,601012,13:57:39,14.3500,282,1
2026-05-28,601012,13:57:41,14.3600,119,1
2026-05-28,601012,13:57:44,14.3500,128,2
2026-05-28,601012,13:57:47,14.3600,7,1
2026-05-28,601012,13:57:51,14.3600,175,1
2026-05-28,601012,13:57:53,14.3500,287,2
2026-05-28,601012,13:57:56,14.3500,356,2
2026-05-28,601012,13:57:59,14.3500,181,2
2026-05-28,601012,13:58:02,14.3600,43,1
2026-05-28,601012,13:58:05,14.3500,109,2
2026-05-28,601012,13:58:08,14.3600,123,1
2026-05-28,601012,13:58:11,14.3600,756,1
2026-05-28,601012,13:58:15,14.3600,142,1
2026-05-28,601012,13:58:17,14.3500,7,2
2026-05-28,601012,13:58:20,14.3600,126,1
2026-05-28,601012,13:58:24,14.3600,121,1
2026-05-28,601012,13:58:26,14.3500,311,2
2026-05-28,601012,13:58:29,14.3500,141,2
2026-05-28,601012,13:58:32,14.3500,6,2
2026-05-28,601012,13:58:35,14.3500,266,2
2026-05-28,601012,13:58:38,14.3500,192,2
2026-05-28,601012,13:58:41,14.3600,464,1
2026-05-28,601012,13:58:44,14.3600,297,2
2026-05-28,601012,13:58:47,14.3600,2986,1
2026-05-28,601012,13:58:50,14.3600,53,2
2026-05-28,601012,13:58:53,14.3600,231,1
2026-05-28,601012,13:58:56,14.3600,104,2
2026-05-28,601012,13:58:59,14.3600,163,1
2026-05-28,601012,13:59:02,14.3500,55,2
2026-05-28,601012,13:59:05,14.3600,150,1
2026-05-28,601012,13:59:08,14.3600,15,1
2026-05-28,601012,13:59:11,14.3500,104,2
2026-05-28,601012,13:59:15,14.3500,184,2
2026-05-28,601012,13:59:17,14.3600,137,1
2026-05-28,601012,13:59:21,14.3500,128,2
2026-05-28,601012,13:59:23,14.3500,16,2
2026-05-28,601012,13:59:26,14.3500,188,2
2026-05-28,601012,13:59:30,14.3600,188,1
2026-05-28,601012,13:59:32,14.3600,42,1
2026-05-28,601012,13:59:35,14.3500,139,2
2026-05-28,601012,13:59:38,14.3600,11,1
2026-05-28,601012,13:59:42,14.3600,140,1
2026-05-28,601012,13:59:45,14.3500,156,2
2026-05-28,601012,13:59:47,14.3700,881,1
2026-05-28,601012,13:59:50,14.3700,186,1
2026-05-28,601012,13:59:53,14.3700,238,1
2026-05-28,601012,13:59:56,14.3800,2280,1
2026-05-28,601012,13:59:59,14.3800,234,1
2026-05-28,601012,14:00:02,14.3800,72,1
2026-05-28,601012,14:00:05,14.3800,168,2
2026-05-28,601012,14:00:08,14.3800,246,2
2026-05-28,601012,14:00:11,14.3800,126,4
2026-05-28,601012,14:00:14,14.3900,191,1
2026-05-28,601012,14:00:17,14.3800,344,2
2026-05-28,601012,14:00:20,14.3800,1138,1
2026-05-28,601012,14:00:23,14.3800,40,2
2026-05-28,601012,14:00:26,14.3800,360,2
2026-05-28,601012,14:00:29,14.3900,2606,1
2026-05-28,601012,14:00:32,14.4000,762,1
2026-05-28,601012,14:00:35,14.3900,694,2
2026-05-28,601012,14:00:38,14.3900,89,2
2026-05-28,601012,14:00:41,14.4000,162,1
2026-05-28,601012,14:00:44,14.4000,2118,1
2026-05-28,601012,14:00:47,14.4000,827,1
2026-05-28,601012,14:00:50,14.4100,2818,1
2026-05-28,601012,14:00:53,14.4100,183,1
2026-05-28,601012,14:00:56,14.4100,318,1
2026-05-28,601012,14:00:59,14.4100,830,1
2026-05-28,601012,14:01:02,14.4100,267,1
2026-05-28,601012,14:01:05,14.4200,187,1
2026-05-28,601012,14:01:08,14.4100,104,2
2026-05-28,601012,14:01:11,14.4100,2544,2
2026-05-28,601012,14:01:14,14.4100,311,2
2026-05-28,601012,14:01:18,14.4100,1801,2
2026-05-28,601012,14:01:20,14.4000,93,2
2026-05-28,601012,14:01:23,14.4000,1235,2
2026-05-28,601012,14:01:26,14.4000,184,1
2026-05-28,601012,14:01:29,14.4000,529,1
2026-05-28,601012,14:01:33,14.3900,124,2
2026-05-28,601012,14:01:35,14.3900,170,2
2026-05-28,601012,14:01:38,14.3900,264,2
2026-05-28,601012,14:01:41,14.3800,3,2
2026-05-28,601012,14:01:45,14.3900,347,1
2026-05-28,601012,14:01:47,14.3900,55,1
2026-05-28,601012,14:01:50,14.3900,234,1
2026-05-28,601012,14:01:53,14.3800,165,2
2026-05-28,601012,14:01:56,14.3800,201,2
2026-05-28,601012,14:01:59,14.3900,135,1
2026-05-28,601012,14:02:02,14.3900,25,1
2026-05-28,601012,14:02:05,14.3900,158,1
2026-05-28,601012,14:02:08,14.3900,88,1
2026-05-28,601012,14:02:11,14.3900,116,1
2026-05-28,601012,14:02:14,14.3900,180,1
2026-05-28,601012,14:02:17,14.3900,139,1
2026-05-28,601012,14:02:20,14.3800,134,2
2026-05-28,601012,14:02:23,14.3900,24,1
2026-05-28,601012,14:02:27,14.3900,115,1
2026-05-28,601012,14:02:29,14.3800,264,2
2026-05-28,601012,14:02:32,14.3800,880,2
2026-05-28,601012,14:02:35,14.3800,431,1
2026-05-28,601012,14:02:38,14.3800,406,1
2026-05-28,601012,14:02:42,14.3800,112,1
2026-05-28,601012,14:02:44,14.3700,1301,2
2026-05-28,601012,14:02:47,14.3800,27,1
2026-05-28,601012,14:02:50,14.3700,184,2
2026-05-28,601012,14:02:53,14.3700,12,2
2026-05-28,601012,14:02:56,14.3700,118,2
2026-05-28,601012,14:02:59,14.3700,195,2
2026-05-28,601012,14:03:02,14.3700,33,1
2026-05-28,601012,14:03:05,14.3700,475,1
2026-05-28,601012,14:03:09,14.3800,56,1
2026-05-28,601012,14:03:11,14.3700,233,2
2026-05-28,601012,14:03:14,14.3700,189,2
2026-05-28,601012,14:03:17,14.3700,78,2
2026-05-28,601012,14:03:20,14.3800,119,1
2026-05-28,601012,14:03:23,14.3800,39,1
2026-05-28,601012,14:03:26,14.3800,162,1
2026-05-28,601012,14:03:29,14.3700,100,2
2026-05-28,601012,14:03:32,14.3700,63,2
2026-05-28,601012,14:03:35,14.3800,101,1
2026-05-28,601012,14:03:38,14.3800,37,1
2026-05-28,601012,14:03:41,14.3800,332,1
2026-05-28,601012,14:03:44,14.3700,159,2
2026-05-28,601012,14:03:50,14.3800,126,1
2026-05-28,601012,14:03:53,14.3700,23,2
2026-05-28,601012,14:03:56,14.3700,117,2
2026-05-28,601012,14:03:59,14.3700,152,2
2026-05-28,601012,14:04:02,14.3800,185,1
2026-05-28,601012,14:04:05,14.3600,54,2
2026-05-28,601012,14:04:08,14.3700,7,1
2026-05-28,601012,14:04:11,14.3600,136,2
2026-05-28,601012,14:04:14,14.3600,164,2
2026-05-28,601012,14:04:17,14.3600,4,2
2026-05-28,601012,14:04:20,14.3600,118,2
2026-05-28,601012,14:04:23,14.3600,86,2
2026-05-28,601012,14:04:26,14.3600,136,2
2026-05-28,601012,14:04:29,14.3600,293,2
2026-05-28,601012,14:04:32,14.3600,70,2
2026-05-28,601012,14:04:35,14.3600,123,2
2026-05-28,601012,14:04:38,14.3700,65,1
2026-05-28,601012,14:04:41,14.3700,133,1
2026-05-28,601012,14:04:44,14.3600,235,2
2026-05-28,601012,14:04:47,14.3600,5,1
2026-05-28,601012,14:04:51,14.3600,131,1
2026-05-28,601012,14:04:53,14.3600,18,1
2026-05-28,601012,14:04:56,14.3600,196,1
2026-05-28,601012,14:04:59,14.3500,440,2
2026-05-28,601012,14:05:02,14.3600,178,1
2026-05-28,601012,14:05:05,14.3500,297,2
2026-05-28,601012,14:05:08,14.3500,108,1
2026-05-28,601012,14:05:11,14.3500,187,2
2026-05-28,601012,14:05:14,14.3500,101,2
2026-05-28,601012,14:05:17,14.3500,75,2
2026-05-28,601012,14:05:20,14.3500,123,2
2026-05-28,601012,14:05:23,14.3600,57,1
2026-05-28,601012,14:05:26,14.3500,290,2
2026-05-28,601012,14:05:29,14.3500,270,2
2026-05-28,601012,14:05:33,14.3500,78,2
2026-05-28,601012,14:05:36,14.3500,241,2
2026-05-28,601012,14:05:38,14.3600,26,1
2026-05-28,601012,14:05:41,14.3600,181,1
2026-05-28,601012,14:05:44,14.3500,111,2
2026-05-28,601012,14:05:47,14.3500,10,2
2026-05-28,601012,14:05:50,14.3600,215,1
2026-05-28,601012,14:05:53,14.3600,216,1
2026-05-28,601012,14:05:57,14.3600,117,1
2026-05-28,601012,14:05:59,14.3500,169,2
2026-05-28,601012,14:06:02,14.3600,6,1
2026-05-28,601012,14:06:05,14.3500,224,2
2026-05-28,601012,14:06:08,14.3600,48,1
2026-05-28,601012,14:06:11,14.3500,168,2
2026-05-28,601012,14:06:14,14.3500,156,2
2026-05-28,601012,14:06:17,14.3500,22,2
2026-05-28,601012,14:06:20,14.3600,102,1
2026-05-28,601012,14:06:23,14.3500,10,2
2026-05-28,601012,14:06:26,14.3500,114,2
2026-05-28,601012,14:06:29,14.3500,125,2
2026-05-28,601012,14:06:32,14.3500,6,2
2026-05-28,601012,14:06:35,14.3500,138,2
2026-05-28,601012,14:06:38,14.3500,4,2
2026-05-28,601012,14:06:41,14.3600,133,1
2026-05-28,601012,14:06:44,14.3500,107,2
2026-05-28,601012,14:06:47,14.3500,220,2
2026-05-28,601012,14:06:51,14.3500,98,2
2026-05-28,601012,14:06:53,14.3500,3,2
2026-05-28,601012,10:55:32,14.2200,23,2
2026-05-28,601012,10:55:35,14.2200,42,2
2026-05-28,601012,10:55:38,14.2200,86,2
2026-05-28,601012,10:55:41,14.2300,223,1
2026-05-28,601012,10:55:44,14.2200,17,2
2026-05-28,601012,10:55:47,14.2200,218,2
2026-05-28,601012,10:55:50,14.2300,39,1
2026-05-28,601012,10:55:53,14.2200,42,2
2026-05-28,601012,10:55:56,14.2200,115,2
2026-05-28,601012,10:55:59,14.2300,120,1
2026-05-28,601012,10:56:02,14.2300,228,1
2026-05-28,601012,10:56:05,14.2200,341,2
2026-05-28,601012,10:56:08,14.2100,356,2
2026-05-28,601012,10:56:11,14.2100,622,2
2026-05-28,601012,10:56:14,14.2200,35,4
2026-05-28,601012,10:56:17,14.2100,2,2
2026-05-28,601012,10:56:20,14.2200,114,1
2026-05-28,601012,10:56:23,14.2100,32,2
2026-05-28,601012,10:56:26,14.2200,10,1
2026-05-28,601012,10:56:29,14.2100,60,2
2026-05-28,601012,10:56:32,14.2200,33,1
2026-05-28,601012,10:56:35,14.2100,299,2
2026-05-28,601012,10:56:38,14.2100,27,2
2026-05-28,601012,10:56:41,14.2200,60,1
2026-05-28,601012,10:56:44,14.2200,166,1
2026-05-28,601012,10:56:47,14.2200,57,1
2026-05-28,601012,10:56:50,14.2100,81,2
2026-05-28,601012,10:56:53,14.2100,145,2
2026-05-28,601012,10:56:56,14.2200,125,1
2026-05-28,601012,10:56:59,14.2200,25,1
2026-05-28,601012,10:57:02,14.2200,109,1
2026-05-28,601012,10:57:06,14.2100,39,2
2026-05-28,601012,10:57:09,14.2100,36,2
2026-05-28,601012,10:57:11,14.2100,1147,2
2026-05-28,601012,10:57:14,14.2100,81,1
2026-05-28,601012,10:57:17,14.2000,50,2
2026-05-28,601012,10:57:20,14.2100,17,1
2026-05-28,601012,10:57:23,14.2100,50,1
2026-05-28,601012,10:57:26,14.2000,95,2
2026-05-28,601012,10:57:29,14.2000,24,2
2026-05-28,601012,10:57:32,14.2000,71,2
2026-05-28,601012,10:57:35,14.2000,42,2
2026-05-28,601012,10:57:38,14.2000,19,2
2026-05-28,601012,10:57:41,14.2000,187,2
2026-05-28,601012,10:57:44,14.2000,160,2
2026-05-28,601012,10:57:47,14.2000,273,2
2026-05-28,601012,10:57:50,14.2000,119,2
2026-05-28,601012,10:57:53,14.2000,403,2
2026-05-28,601012,10:57:56,14.2000,278,2
2026-05-28,601012,10:57:59,14.2000,139,2
2026-05-28,601012,10:58:02,14.2000,413,2
2026-05-28,601012,10:58:05,14.2000,39,2
2026-05-28,601012,10:58:08,14.2100,231,1
2026-05-28,601012,10:58:11,14.2000,1009,2
2026-05-28,601012,10:58:14,14.2100,51,1
2026-05-28,601012,10:58:18,14.2100,144,1
2026-05-28,601012,10:58:20,14.2100,44,1
2026-05-28,601012,10:58:23,14.2100,459,1
2026-05-28,601012,10:58:26,14.2000,206,2
2026-05-28,601012,10:58:29,14.2000,126,2
2026-05-28,601012,10:58:32,14.1900,103,2
2026-05-28,601012,10:58:35,14.2000,42,4
2026-05-28,601012,10:58:39,14.1900,27,2
2026-05-28,601012,10:58:41,14.2000,65,1
2026-05-28,601012,10:58:44,14.1900,93,2
2026-05-28,601012,10:58:47,14.2000,70,1
2026-05-28,601012,10:58:50,14.2000,90,1
2026-05-28,601012,10:58:53,14.2000,21,1
2026-05-28,601012,10:58:56,14.2000,90,1
2026-05-28,601012,10:58:59,14.2000,9,1
2026-05-28,601012,10:59:02,14.2000,71,1
2026-05-28,601012,10:59:06,14.2000,308,1
2026-05-28,601012,10:59:08,14.2000,212,2
2026-05-28,601012,10:59:11,14.2100,29,1
2026-05-28,601012,10:59:15,14.2000,20,2
2026-05-28,601012,10:59:17,14.2000,492,2
2026-05-28,601012,10:59:21,14.2000,303,2
2026-05-28,601012,10:59:23,14.2000,117,2
2026-05-28,601012,10:59:26,14.2000,168,2
2026-05-28,601012,10:59:29,14.2000,45,2
2026-05-28,601012,10:59:32,14.2000,407,2
2026-05-28,601012,10:59:35,14.1900,4,2
2026-05-28,601012,10:59:38,14.2000,157,1
2026-05-28,601012,10:59:41,14.2000,4,1
2026-05-28,601012,10:59:44,14.2000,36,1
2026-05-28,601012,10:59:47,14.2000,144,1
2026-05-28,601012,10:59:50,14.2000,150,1
2026-05-28,601012,10:59:53,14.1900,223,2
2026-05-28,601012,10:59:56,14.1900,49,2
2026-05-28,601012,10:59:59,14.2000,9,1
2026-05-28,601012,11:00:02,14.1900,23,2
2026-05-28,601012,11:00:05,14.2000,337,1
2026-05-28,601012,11:00:08,14.1900,251,2
2026-05-28,601012,11:00:11,14.1900,1111,2
2026-05-28,601012,11:00:14,14.2000,667,1
2026-05-28,601012,11:00:17,14.2000,351,2
2026-05-28,601012,11:00:20,14.2000,104,2
2026-05-28,601012,11:00:23,14.2000,85,2
2026-05-28,601012,11:00:26,14.2000,364,2
2026-05-28,601012,11:00:29,14.2100,151,1
2026-05-28,601012,11:00:32,14.2000,157,2
2026-05-28,601012,11:00:35,14.2000,57,2
2026-05-28,601012,11:00:38,14.2000,91,2
2026-05-28,601012,11:00:41,14.2000,490,2
2026-05-28,601012,11:00:44,14.2100,53,1
2026-05-28,601012,11:00:47,14.2100,130,1
2026-05-28,601012,11:00:50,14.2000,94,2
2026-05-28,601012,11:00:53,14.2000,206,2
2026-05-28,601012,11:00:56,14.2000,27,2
2026-05-28,601012,11:00:59,14.2000,65,2
2026-05-28,601012,11:01:02,14.2000,13,2
2026-05-28,601012,11:01:05,14.2000,21,2
2026-05-28,601012,11:01:08,14.2000,26,2
2026-05-28,601012,11:01:12,14.2100,1954,1
2026-05-28,601012,11:01:14,14.2100,111,1
2026-05-28,601012,11:01:17,14.2200,7,1
2026-05-28,601012,11:01:20,14.2100,100,2
2026-05-28,601012,11:01:26,14.2200,33,1
2026-05-28,601012,11:01:29,14.2100,31,2
2026-05-28,601012,11:01:32,14.2100,40,2
2026-05-28,601012,11:01:35,14.2100,38,2
2026-05-28,601012,11:01:38,14.2200,72,1
2026-05-28,601012,11:01:41,14.2100,14,2
2026-05-28,601012,11:01:44,14.2100,303,2
2026-05-28,601012,11:01:47,14.2100,34,1
2026-05-28,601012,11:01:50,14.2100,75,1
2026-05-28,601012,11:01:53,14.2100,54,1
2026-05-28,601012,11:01:56,14.2100,30,1
2026-05-28,601012,11:01:59,14.2100,35,1
2026-05-28,601012,11:02:02,14.2100,34,2
2026-05-28,601012,11:02:05,14.2100,16,2
2026-05-28,601012,11:02:08,14.2100,1,2
2026-05-28,601012,11:02:11,14.2100,23,2
2026-05-28,601012,11:02:14,14.2100,260,2
2026-05-28,601012,11:02:21,14.2100,104,2
2026-05-28,601012,11:02:24,14.2100,56,2
2026-05-28,601012,11:02:26,14.2100,71,2
2026-05-28,601012,11:02:29,14.2100,53,2
2026-05-28,601012,11:02:32,14.2200,15,1
2026-05-28,601012,11:02:35,14.2200,34,1
2026-05-28,601012,11:02:38,14.2200,41,1
2026-05-28,601012,11:02:41,14.2200,90,1
2026-05-28,601012,11:02:44,14.2100,471,2
2026-05-28,601012,11:02:47,14.2200,18,1
2026-05-28,601012,11:02:50,14.2100,163,2
2026-05-28,601012,11:02:53,14.2100,527,2
2026-05-28,601012,11:02:56,14.2100,5,2
2026-05-28,601012,11:02:59,14.2100,16,2
2026-05-28,601012,11:03:02,14.2200,43,1
2026-05-28,601012,11:03:05,14.2100,10,2
2026-05-28,601012,11:03:08,14.2100,115,2
2026-05-28,601012,11:03:11,14.2100,645,2
2026-05-28,601012,11:03:14,14.2200,77,1
2026-05-28,601012,11:03:17,14.2100,24,2
2026-05-28,601012,11:03:20,14.2200,46,1
2026-05-28,601012,11:03:23,14.2200,14,1
2026-05-28,601012,11:03:26,14.2200,187,1
2026-05-28,601012,11:03:29,14.2100,137,2
2026-05-28,601012,11:03:32,14.2200,66,1
2026-05-28,601012,11:03:35,14.2200,10,1
2026-05-28,601012,11:03:38,14.2200,3,1
2026-05-28,601012,11:03:41,14.2200,2,1
2026-05-28,601012,11:03:44,14.2200,57,1
2026-05-28,601012,11:03:47,14.2100,26,2
2026-05-28,601012,11:03:50,14.2200,47,1
2026-05-28,601012,11:03:56,14.2200,36,1
2026-05-28,601012,11:03:59,14.2100,39,2
2026-05-28,601012,11:04:02,14.2200,57,1
2026-05-28,601012,11:04:05,14.2200,16,1
2026-05-28,601012,11:04:08,14.2100,93,2
2026-05-28,601012,11:04:12,14.2200,113,1
2026-05-28,601012,11:04:14,14.2100,26,2
2026-05-28,601012,11:04:18,14.2200,377,1
2026-05-28,601012,11:04:20,14.2200,103,2
2026-05-28,601012,11:04:24,14.2200,406,2
2026-05-28,601012,11:04:26,14.2200,743,2
2026-05-28,601012,11:04:29,14.2200,27,1
2026-05-28,601012,11:04:32,14.2100,76,2
2026-05-28,601012,11:04:35,14.2200,2,1
2026-05-28,601012,11:04:38,14.2200,11,1
2026-05-28,601012,11:04:41,14.2100,1036,2
2026-05-28,601012,11:04:44,14.2100,94,1
2026-05-28,601012,11:04:47,14.2100,131,1
2026-05-28,601012,11:04:50,14.2100,46,2
2026-05-28,601012,11:04:53,14.2100,25,2
2026-05-28,601012,11:04:56,14.2100,201,2
2026-05-28,601012,11:04:59,14.2000,1216,2
2026-05-28,601012,11:05:02,14.2000,59,2
2026-05-28,601012,11:05:05,14.2000,216,2
2026-05-28,601012,11:05:08,14.2000,440,2
2026-05-28,601012,11:05:11,14.1900,250,2
2026-05-28,601012,11:05:14,14.2000,28,1
2026-05-28,601012,11:05:17,14.1900,64,2
2026-05-28,601012,11:05:20,14.2000,25,1
2026-05-28,601012,11:05:23,14.2000,135,1
2026-05-28,601012,11:05:26,14.2000,57,1
2026-05-28,601012,11:05:29,14.2000,514,1
2026-05-28,601012,11:05:32,14.2000,87,1
2026-05-28,601012,11:05:35,14.1900,1049,2
2026-05-28,601012,11:05:39,14.1900,165,2
2026-05-28,601012,11:05:41,14.1900,217,2
2026-05-28,601012,11:05:45,14.2000,78,2
2026-05-28,601012,11:05:47,14.1900,226,2
2026-05-28,601012,11:05:51,14.2000,39,1
2026-05-28,601012,11:05:53,14.2000,126,2
2026-05-28,601012,11:05:56,14.2000,210,2
2026-05-28,601012,11:05:59,14.1900,24,2
2026-05-28,601012,11:06:02,14.1900,55,2
2026-05-28,601012,11:06:06,14.1900,135,2
2026-05-28,601012,11:06:08,14.2000,43,1
2026-05-28,601012,11:06:11,14.2000,33,1
2026-05-28,601012,11:06:14,14.2000,53,1
2026-05-28,601012,11:06:17,14.2000,35,1
2026-05-28,601012,11:06:20,14.2000,8,1
2026-05-28,601012,11:06:23,14.2000,7,1
2026-05-28,601012,11:06:26,14.2000,41,1
2026-05-28,601012,11:06:29,14.2000,11,1
2026-05-28,601012,11:06:32,14.1900,84,2
2026-05-28,601012,11:06:35,14.1900,2231,2
2026-05-28,601012,11:06:38,14.1800,710,2
2026-05-28,601012,11:06:41,14.1800,80,2
2026-05-28,601012,11:06:44,14.1900,396,1
2026-05-28,601012,11:06:47,14.1900,96,1
2026-05-28,601012,11:06:50,14.1800,154,2
2026-05-28,601012,11:06:53,14.1800,8,2
2026-05-28,601012,11:06:56,14.1800,48,2
2026-05-28,601012,11:06:59,14.1900,43,1
2026-05-28,601012,11:07:03,14.1800,124,2
2026-05-28,601012,11:07:05,14.1900,17,1
2026-05-28,601012,11:07:09,14.1900,11,1
2026-05-28,601012,11:07:11,14.1800,204,2
2026-05-28,601012,11:07:14,14.1800,77,2
2026-05-28,601012,11:07:17,14.1900,57,1
2026-05-28,601012,11:07:20,14.1800,112,2
2026-05-28,601012,11:07:23,14.1900,193,1
2026-05-28,601012,11:07:26,14.1900,94,1
2026-05-28,601012,11:07:29,14.1900,110,1
2026-05-28,601012,11:07:32,14.1900,216,1
2026-05-28,601012,11:07:35,14.1800,41,2
2026-05-28,601012,11:07:38,14.1800,291,2
2026-05-28,601012,11:07:41,14.1900,75,1
2026-05-28,601012,11:07:44,14.2000,115,1
2026-05-28,601012,11:07:47,14.1900,45,2
2026-05-28,601012,11:07:50,14.1900,5,2
2026-05-28,601012,11:07:53,14.2000,36,1
2026-05-28,601012,11:07:56,14.2000,553,1
2026-05-28,601012,11:07:59,14.2000,188,2
2026-05-28,601012,11:08:03,14.2100,9,1
2026-05-28,601012,11:08:05,14.2100,53,1
2026-05-28,601012,11:08:08,14.2100,113,1
2026-05-28,601012,11:08:11,14.2200,1,1
2026-05-28,601012,11:08:14,14.2100,3,2
2026-05-28,601012,11:08:17,14.2100,17,2
2026-05-28,601012,11:08:21,14.2200,78,1
2026-05-28,601012,11:08:23,14.2100,27,2
2026-05-28,601012,11:08:26,14.2200,110,1
2026-05-28,601012,11:08:29,14.2200,32,1
2026-05-28,601012,11:08:32,14.2100,333,2
2026-05-28,601012,11:08:36,14.2000,33,2
2026-05-28,601012,11:08:38,14.2000,50,2
2026-05-28,601012,11:08:41,14.2100,6,1
2026-05-28,601012,11:08:44,14.2100,14,1
2026-05-28,601012,11:08:47,14.2100,50,1
2026-05-28,601012,11:08:50,14.2100,48,1
2026-05-28,601012,11:08:53,14.2100,44,1
2026-05-28,601012,11:08:56,14.2100,21,1
2026-05-28,601012,11:08:59,14.2100,61,1
2026-05-28,601012,11:09:03,14.2100,164,1
2026-05-28,601012,11:09:06,14.2100,65,2
2026-05-28,601012,11:09:08,14.2200,2,1
2026-05-28,601012,11:09:11,14.2200,51,1
2026-05-28,601012,11:09:14,14.2100,30,2
2026-05-28,601012,11:09:17,14.2200,14,1
2026-05-28,601012,11:09:20,14.2100,20,2
2026-05-28,601012,11:09:23,14.2200,17,1
2026-05-28,601012,11:09:26,14.2200,21,1
2026-05-28,601012,11:09:29,14.2200,18,1
2026-05-28,601012,11:09:32,14.2200,23,1
2026-05-28,601012,11:09:35,14.2200,67,1
2026-05-28,601012,11:09:38,14.2200,68,1
2026-05-28,601012,11:09:41,14.2200,115,1
2026-05-28,601012,11:09:44,14.2200,8,2
2026-05-28,601012,11:09:47,14.2200,96,2
2026-05-28,601012,11:09:50,14.2200,18,2
2026-05-28,601012,11:09:53,14.2200,32,2
2026-05-28,601012,11:09:56,14.2200,222,2
2026-05-28,601012,11:09:59,14.2100,14,2
2026-05-28,601012,11:10:02,14.2200,20,1
2026-05-28,601012,11:10:05,14.2100,73,2
2026-05-28,601012,11:10:11,14.2300,11,1
2026-05-28,601012,11:10:14,14.2200,26,2
2026-05-28,601012,11:10:17,14.2200,50,2
2026-05-28,601012,11:10:20,14.2200,14,2
2026-05-28,601012,11:10:23,14.2300,134,1
2026-05-28,601012,11:10:26,14.2300,28,1
2026-05-28,601012,11:10:29,14.2300,57,1
2026-05-28,601012,11:10:32,14.2200,21,2
2026-05-28,601012,11:10:35,14.2300,273,1
2026-05-28,601012,11:10:38,14.2300,282,1
2026-05-28,601012,11:10:42,14.2200,97,2
2026-05-28,601012,11:10:44,14.2200,203,2
2026-05-28,601012,11:10:47,14.2100,152,2
2026-05-28,601012,11:10:50,14.2100,16,2
2026-05-28,601012,11:10:54,14.2200,23,1
2026-05-28,601012,11:10:56,14.2000,1267,2
2026-05-28,601012,11:10:59,14.2100,11,1
2026-05-28,601012,11:11:02,14.2100,266,1
2026-05-28,601012,11:11:09,14.2200,87,1
2026-05-28,601012,11:11:11,14.2100,58,4
2026-05-28,601012,11:11:14,14.2100,33,2
2026-05-28,601012,11:11:17,14.2000,58,2
2026-05-28,601012,11:11:20,14.2000,28,2
2026-05-28,601012,11:11:23,14.2000,1296,2
2026-05-28,601012,11:11:26,14.2000,29,1
2026-05-28,601012,11:11:29,14.2000,60,1
2026-05-28,601012,11:11:32,14.2000,67,1
2026-05-28,601012,11:11:36,14.2000,32,1
2026-05-28,601012,11:11:38,14.2000,22,1
2026-05-28,601012,11:11:41,14.1900,260,2
2026-05-28,601012,11:11:44,14.1900,608,2
2026-05-28,601012,11:11:47,14.2000,9,2
2026-05-28,601012,11:11:51,14.2000,96,2
2026-05-28,601012,11:11:53,14.2000,39,1
2026-05-28,601012,11:11:56,14.2100,1,1
2026-05-28,601012,11:11:59,14.2000,2,2
2026-05-28,601012,11:12:02,14.2000,8,2
2026-05-28,601012,11:12:05,14.2100,51,1
2026-05-28,601012,11:12:08,14.2100,35,1
2026-05-28,601012,11:12:12,14.2100,34,1
2026-05-28,601012,11:12:14,14.2100,92,1
2026-05-28,601012,11:12:18,14.2000,15,2
2026-05-28,601012,11:12:20,14.2100,16,1
2026-05-28,601012,11:12:23,14.2100,18,1
2026-05-28,601012,11:12:26,14.2100,24,1
2026-05-28,601012,11:12:29,14.2000,10,2
2026-05-28,601012,11:12:32,14.2100,25,1
2026-05-28,601012,11:12:35,14.2100,10,1
2026-05-28,601012,11:12:38,14.2000,9,2
2026-05-28,601012,11:12:41,14.2000,36,2
2026-05-28,601012,11:12:44,14.2100,26,1
2026-05-28,601012,11:12:47,14.2000,49,2
2026-05-28,601012,11:12:50,14.2000,53,2
2026-05-28,601012,11:12:53,14.2100,60,1
2026-05-28,601012,11:12:56,14.2000,114,2
2026-05-28,601012,11:12:59,14.2100,27,1
2026-05-28,601012,11:13:02,14.2100,43,1
2026-05-28,601012,11:13:05,14.2200,310,1
2026-05-28,601012,11:13:08,14.2200,119,1
2026-05-28,601012,11:13:11,14.2100,4,2
2026-05-28,601012,11:13:14,14.2100,3,2
2026-05-28,601012,11:13:17,14.2200,10,1
2026-05-28,601012,11:13:20,14.2200,16,1
2026-05-28,601012,11:13:23,14.2100,1201,2
2026-05-28,601012,11:13:26,14.2200,70,1
2026-05-28,601012,11:13:30,14.2100,93,2
2026-05-28,601012,11:13:35,14.2200,22,1
2026-05-28,601012,11:13:38,14.2200,1,1
2026-05-28,601012,11:13:42,14.2200,454,1
2026-05-28,601012,11:13:44,14.2200,81,1
2026-05-28,601012,11:13:47,14.2100,625,2
2026-05-28,601012,11:13:50,14.2200,55,1
2026-05-28,601012,11:13:53,14.2100,24,2
2026-05-28,601012,11:13:56,14.2200,12,1
2026-05-28,601012,11:13:59,14.2100,9,2
2026-05-28,601012,11:14:02,14.2300,270,1
2026-05-28,601012,11:14:05,14.2300,372,1
2026-05-28,601012,11:14:11,14.2300,56,2
2026-05-28,601012,11:14:14,14.2400,10,1
2026-05-28,601012,11:14:17,14.2400,2,1
2026-05-28,601012,11:14:20,14.2400,14,1
2026-05-28,601012,11:14:23,14.2300,50,2
2026-05-28,601012,11:14:29,14.2400,20,1
2026-05-28,601012,11:14:32,14.2300,11,2
2026-05-28,601012,11:14:35,14.2300,117,2
2026-05-28,601012,11:14:38,14.2400,30,1
2026-05-28,601012,11:14:41,14.2400,321,1
2026-05-28,601012,11:14:44,14.2400,81,1
2026-05-28,601012,11:14:47,14.2300,56,2
2026-05-28,601012,11:14:51,14.2400,212,1
2026-05-28,601012,11:14:53,14.2400,39,2
2026-05-28,601012,11:14:56,14.2400,17,2
2026-05-28,601012,11:14:59,14.2500,19,1
2026-05-28,601012,11:15:02,14.2500,134,1
2026-05-28,601012,11:15:05,14.2600,253,1
2026-05-28,601012,11:15:08,14.2500,126,2
2026-05-28,601012,11:15:12,14.2600,13,1
2026-05-28,601012,11:15:14,14.2600,322,1
2026-05-28,601012,11:15:17,14.2600,41,1
2026-05-28,601012,11:15:21,14.2600,11,1
2026-05-28,601012,11:15:24,14.2500,24,2
2026-05-28,601012,11:15:26,14.2600,255,1
2026-05-28,601012,11:15:29,14.2600,23,2
2026-05-28,601012,11:15:32,14.2700,40,1
2026-05-28,601012,11:15:35,14.2700,191,1
2026-05-28,601012,11:15:38,14.2800,633,1
2026-05-28,601012,11:15:41,14.2800,5,2
2026-05-28,601012,11:15:44,14.2800,31,2
2026-05-28,601012,11:15:47,14.2800,76,2
2026-05-28,601012,11:15:50,14.2900,512,1
2026-05-28,601012,11:15:53,14.3000,5,1
2026-05-28,601012,11:15:56,14.2900,931,2
2026-05-28,601012,11:15:59,14.2900,37,1
2026-05-28,601012,11:16:03,14.2900,95,1
2026-05-28,601012,11:16:06,14.2900,20,1
2026-05-28,601012,11:16:08,14.2800,487,2
2026-05-28,601012,11:16:11,14.2700,125,2
2026-05-28,601012,11:16:14,14.2900,159,1
2026-05-28,601012,11:16:17,14.2800,22,4
2026-05-28,601012,11:16:23,14.2700,15,2
2026-05-28,601012,11:16:26,14.2800,3,1
2026-05-28,601012,11:16:29,14.2700,33,2
2026-05-28,601012,11:16:32,14.2800,22,1
2026-05-28,601012,11:16:35,14.2700,10,2
2026-05-28,601012,11:16:38,14.2700,115,2
2026-05-28,601012,11:16:41,14.2800,18,1
2026-05-28,601012,11:16:44,14.2700,6,2
2026-05-28,601012,11:16:47,14.2700,17,2
2026-05-28,601012,11:16:50,14.2700,20,2
2026-05-28,601012,11:16:53,14.2700,60,2
2026-05-28,601012,11:16:57,14.2700,62,2
2026-05-28,601012,11:16:59,14.2800,49,1
2026-05-28,601012,11:17:02,14.2700,89,2
2026-05-28,601012,11:17:05,14.2800,579,1
2026-05-28,601012,11:17:08,14.2700,181,2
2026-05-28,601012,11:17:11,14.2700,101,2
2026-05-28,601012,11:17:14,14.2700,46,2
2026-05-28,601012,11:17:17,14.2700,35,2
2026-05-28,601012,11:17:20,14.2700,24,2
2026-05-28,601012,11:17:23,14.2700,141,2
2026-05-28,601012,11:17:26,14.2700,62,2
2026-05-28,601012,11:17:29,14.2700,21,2
2026-05-28,601012,11:17:32,14.2700,27,2
2026-05-28,601012,11:17:35,14.2700,42,2
2026-05-28,601012,11:17:38,14.2700,195,2
2026-05-28,601012,11:17:41,14.2600,859,2
2026-05-28,601012,11:17:44,14.2700,81,1
2026-05-28,601012,11:17:47,14.2700,101,1
2026-05-28,601012,11:17:50,14.2700,1,1
2026-05-28,601012,11:17:53,14.2600,7,2
2026-05-28,601012,11:17:56,14.2600,148,2
2026-05-28,601012,11:17:59,14.2700,53,1
2026-05-28,601012,11:18:02,14.2600,19,2
2026-05-28,601012,11:18:06,14.2700,43,1
2026-05-28,601012,11:18:08,14.2700,191,1
2026-05-28,601012,11:18:12,14.2700,43,1
2026-05-28,601012,11:18:14,14.2600,3,2
2026-05-28,601012,11:18:17,14.2600,10,2
2026-05-28,601012,11:18:21,14.2700,11,1
2026-05-28,601012,11:18:23,14.2700,3,1
2026-05-28,601012,11:18:26,14.2700,11,1
2026-05-28,601012,11:18:29,14.2600,68,2
2026-05-28,601012,11:18:32,14.2700,11,1
2026-05-28,601012,11:18:36,14.2600,28,2
2026-05-28,601012,11:18:38,14.2600,96,2
2026-05-28,601012,11:18:41,14.2600,13,2
2026-05-28,601012,11:18:44,14.2600,197,2
2026-05-28,601012,11:18:47,14.2600,122,2
2026-05-28,601012,11:18:50,14.2600,23,1
2026-05-28,601012,11:18:53,14.2600,99,1
2026-05-28,601012,11:18:56,14.2500,58,2
2026-05-28,601012,11:18:59,14.2500,35,2
2026-05-28,601012,11:19:02,14.2500,86,2
2026-05-28,601012,11:19:05,14.2600,81,1
2026-05-28,601012,11:19:08,14.2700,1977,1
2026-05-28,601012,11:19:11,14.2800,1,1
2026-05-28,601012,11:19:14,14.2700,1,2
2026-05-28,601012,11:19:23,14.2700,101,2
