date,code,time,price,volume,bs
2026-01-26,000333,14:06:54,76.8300,29,1
2026-01-26,000333,14:06:57,76.8200,27,2
2026-01-26,000333,14:07:00,76.8200,38,2
2026-01-26,000333,14:07:03,76.8300,62,1
2026-01-26,000333,14:07:06,76.8300,4,1
2026-01-26,000333,14:07:09,76.8600,53,1
2026-01-26,000333,14:07:12,76.8300,31,2
2026-01-26,000333,14:07:15,76.8200,65,2
2026-01-26,000333,14:07:18,76.8300,61,1
2026-01-26,000333,14:07:21,76.8300,112,2
2026-01-26,000333,14:07:24,76.8300,84,1
2026-01-26,000333,14:07:27,76.8300,114,2
2026-01-26,000333,14:07:30,76.8400,101,1
2026-01-26,000333,14:07:33,76.8400,72,1
2026-01-26,000333,14:07:36,76.8100,62,2
2026-01-26,000333,14:07:39,76.8100,16,2
2026-01-26,000333,14:07:42,76.8100,91,2
2026-01-26,000333,14:07:45,76.8100,3,2
2026-01-26,000333,14:07:48,76.8100,52,1
2026-01-26,000333,14:07:51,76.8100,35,1
2026-01-26,000333,14:07:54,76.8100,82,1
2026-01-26,000333,14:07:57,76.8000,143,2
2026-01-26,000333,14:08:00,76.7900,70,2
2026-01-26,000333,14:08:03,76.8100,73,1
2026-01-26,000333,14:08:06,76.8400,68,1
2026-01-26,000333,14:08:09,76.8500,64,1
2026-01-26,000333,14:08:12,76.8000,50,2
2026-01-26,000333,14:08:15,76.8700,177,1
2026-01-26,000333,14:08:18,76.8400,30,4
2026-01-26,000333,14:08:21,76.8100,15,2
2026-01-26,000333,14:08:24,76.8100,52,2
2026-01-26,000333,14:08:27,76.8100,30,2
2026-01-26,000333,14:08:30,76.8100,23,2
2026-01-26,000333,14:08:33,76.8200,24,1
2026-01-26,000333,14:08:36,76.8100,103,4
2026-01-26,000333,14:08:39,76.8500,12,1
2026-01-26,000333,14:08:42,76.8500,123,1
2026-01-26,000333,14:08:45,76.8100,6,2
2026-01-26,000333,14:08:48,76.8100,32,2
2026-01-26,000333,14:08:51,76.8400,31,1
2026-01-26,000333,14:08:54,76.8500,198,1
2026-01-26,000333,14:08:57,76.8400,48,1
2026-01-26,000333,14:09:00,76.8000,62,2
2026-01-26,000333,14:09:03,76.8100,269,2
2026-01-26,000333,14:09:06,76.8300,298,1
2026-01-26,000333,14:09:09,76.7700,214,2
2026-01-26,000333,14:09:12,76.7900,182,2
2026-01-26,000333,14:09:15,76.7900,20,2
2026-01-26,000333,14:09:18,76.7700,87,2
2026-01-26,000333,14:09:21,76.7700,53,2
2026-01-26,000333,14:09:24,76.7600,76,2
2026-01-26,000333,14:09:27,76.7700,130,1
2026-01-26,000333,14:09:30,76.7700,43,2
2026-01-26,000333,14:09:33,76.7700,127,1
2026-01-26,000333,14:09:36,76.7700,26,1
2026-01-26,000333,14:09:39,76.7700,77,1
2026-01-26,000333,14:09:42,76.7700,47,1
2026-01-26,000333,14:09:45,76.7800,112,1
2026-01-26,000333,14:09:48,76.7700,54,2
2026-01-26,000333,14:09:51,76.7600,115,2
2026-01-26,000333,14:09:54,76.7600,80,2
2026-01-26,000333,14:09:57,76.7600,71,2
2026-01-26,000333,14:10:00,76.7600,38,2
2026-01-26,000333,14:10:03,76.7600,119,2
2026-01-26,000333,14:10:06,76.7600,84,2
2026-01-26,000333,14:10:09,76.7800,39,1
2026-01-26,000333,14:10:12,76.7800,78,1
2026-01-26,000333,14:10:15,76.7600,29,2
2026-01-26,000333,14:10:18,76.7600,49,2
2026-01-26,000333,14:10:21,76.7700,141,4
2026-01-26,000333,14:10:24,76.7700,183,2
2026-01-26,000333,14:10:27,76.7900,124,1
2026-01-26,000333,14:10:30,76.7700,127,2
2026-01-26,000333,14:10:33,76.7900,117,1
2026-01-26,000333,14:10:36,76.7800,80,2
2026-01-26,000333,14:10:39,76.7700,43,2
2026-01-26,000333,14:10:42,76.7700,66,2
2026-01-26,000333,14:10:45,76.7800,24,1
2026-01-26,000333,14:10:48,76.7700,85,2
2026-01-26,000333,14:10:51,76.7800,101,4
2026-01-26,000333,14:10:54,76.7700,239,2
2026-01-26,000333,14:10:57,76.7700,153,2
2026-01-26,000333,14:11:00,76.7900,120,1
2026-01-26,000333,14:11:03,76.7900,108,1
2026-01-26,000333,14:11:06,76.7800,67,1
2026-01-26,000333,14:11:09,76.7800,34,2
2026-01-26,000333,14:11:12,76.7800,24,2
2026-01-26,000333,14:11:15,76.7800,38,2
2026-01-26,000333,14:11:18,76.7700,36,2
2026-01-26,000333,14:11:21,76.7700,36,2
2026-01-26,000333,14:11:24,76.7800,43,1
2026-01-26,000333,14:11:27,76.7700,70,2
2026-01-26,000333,14:11:30,76.7800,111,1
2026-01-26,000333,14:11:33,76.7900,102,1
2026-01-26,000333,14:11:36,76.7700,45,2
2026-01-26,000333,14:11:39,76.7700,60,2
2026-01-26,000333,14:11:42,76.7700,156,2
2026-01-26,000333,14:11:45,76.7800,40,4
2026-01-26,000333,14:11:48,76.7700,67,2
2026-01-26,000333,14:11:51,76.7700,143,2
2026-01-26,000333,14:11:54,76.7700,157,2
2026-01-26,000333,14:11:57,76.7700,283,2
2026-01-26,000333,14:12:00,76.7900,235,1
2026-01-26,000333,14:12:03,76.7900,344,2
2026-01-26,000333,14:12:06,76.7800,33,2
2026-01-26,000333,14:12:09,76.7900,177,1
2026-01-26,000333,14:12:12,76.7900,79,2
2026-01-26,000333,14:12:15,76.8000,85,1
2026-01-26,000333,14:12:18,76.8100,82,1
2026-01-26,000333,14:12:21,76.8000,39,2
2026-01-26,000333,14:12:24,76.7700,45,2
2026-01-26,000333,14:12:27,76.7700,111,2
2026-01-26,000333,14:12:30,76.7800,25,1
2026-01-26,000333,14:12:33,76.7800,71,2
2026-01-26,000333,14:12:36,76.7800,56,2
2026-01-26,000333,14:12:39,76.7800,93,2
2026-01-26,000333,14:12:42,76.7800,103,1
2026-01-26,000333,14:12:45,76.7700,29,2
2026-01-26,000333,14:12:48,76.7900,71,1
2026-01-26,000333,14:12:51,76.7900,42,2
2026-01-26,000333,14:12:54,76.8100,84,1
2026-01-26,000333,14:12:57,76.7900,76,2
2026-01-26,000333,14:13:00,76.7900,62,2
2026-01-26,000333,14:13:03,76.7700,167,2
2026-01-26,000333,14:13:06,76.7500,401,2
2026-01-26,000333,14:13:09,76.7600,92,4
2026-01-26,000333,14:13:12,76.7500,292,2
2026-01-26,000333,14:13:15,76.7500,89,2
2026-01-26,000333,14:13:18,76.7600,46,2
2026-01-26,000333,14:13:21,76.7700,110,1
2026-01-26,000333,14:13:24,76.7400,39,2
2026-01-26,000333,14:13:27,76.7400,135,2
2026-01-26,000333,14:13:30,76.7400,96,2
2026-01-26,000333,14:13:33,76.7500,104,1
2026-01-26,000333,14:13:36,76.7500,97,2
2026-01-26,000333,14:13:39,76.7500,95,1
2026-01-26,000333,14:13:42,76.7500,76,2
2026-01-26,000333,14:13:45,76.7400,33,2
2026-01-26,000333,14:13:48,76.7400,49,2
2026-01-26,000333,14:13:51,76.7400,56,1
2026-01-26,000333,14:13:54,76.7400,18,1
2026-01-26,000333,14:13:57,76.7400,49,1
2026-01-26,000333,14:14:00,76.7400,41,2
2026-01-26,000333,14:14:03,76.7400,41,2
2026-01-26,000333,14:14:06,76.7300,22,2
2026-01-26,000333,14:14:09,76.7300,86,2
2026-01-26,000333,14:14:12,76.7300,27,2
2026-01-26,000333,14:14:15,76.7300,52,2
2026-01-26,000333,14:14:18,76.7400,129,1
2026-01-26,000333,14:14:21,76.7300,164,2
2026-01-26,000333,14:14:24,76.7200,182,2
2026-01-26,000333,14:14:27,76.7300,143,2
2026-01-26,000333,14:14:30,76.7200,100,2
2026-01-26,000333,14:14:33,76.7500,187,1
2026-01-26,000333,14:14:36,76.7400,150,2
2026-01-26,000333,14:14:39,76.7400,16,1
2026-01-26,000333,14:14:42,76.7200,12,2
2026-01-26,000333,14:14:45,76.7300,6,1
2026-01-26,000333,14:14:48,76.7300,34,1
2026-01-26,000333,14:14:51,76.7200,24,2
2026-01-26,000333,14:14:54,76.7100,12,2
2026-01-26,000333,14:14:57,76.7100,33,2
2026-01-26,000333,14:15:00,76.7200,13,1
2026-01-26,000333,14:15:03,76.7100,52,2
2026-01-26,000333,14:15:06,76.7100,137,2
2026-01-26,000333,14:15:09,76.7300,82,1
2026-01-26,000333,14:15:12,76.7100,60,2
2026-01-26,000333,14:15:15,76.7200,45,1
2026-01-26,000333,14:15:18,76.7000,82,2
2026-01-26,000333,14:15:21,76.7100,65,1
2026-01-26,000333,14:15:24,76.7100,130,1
2026-01-26,000333,14:15:27,76.7100,89,2
2026-01-26,000333,14:15:30,76.7000,72,2
2026-01-26,000333,14:15:33,76.7300,170,1
2026-01-26,000333,14:15:36,76.7400,111,1
2026-01-26,000333,14:15:39,76.7400,141,1
2026-01-26,000333,14:15:42,76.7300,56,2
2026-01-26,000333,14:15:45,76.7400,50,1
2026-01-26,000333,14:15:48,76.7300,94,2
2026-01-26,000333,14:15:51,76.7400,81,1
2026-01-26,000333,14:15:54,76.7300,75,2
2026-01-26,000333,14:15:57,76.7100,109,2
2026-01-26,000333,14:16:00,76.7100,30,2
2026-01-26,000333,14:16:03,76.7000,85,2
2026-01-26,000333,14:16:06,76.7100,61,1
2026-01-26,000333,14:16:09,76.7000,61,2
2026-01-26,000333,14:16:12,76.7000,78,2
2026-01-26,000333,14:16:15,76.7000,28,2
2026-01-26,000333,14:16:18,76.7100,114,1
2026-01-26,000333,14:16:21,76.7000,92,2
2026-01-26,000333,14:16:24,76.7000,97,2
2026-01-26,000333,14:16:27,76.7000,127,2
2026-01-26,000333,14:16:30,76.7000,88,2
2026-01-26,000333,14:16:33,76.7000,119,2
2026-01-26,000333,14:16:36,76.7000,52,2
2026-01-26,000333,14:16:39,76.7000,71,2
2026-01-26,000333,14:16:42,76.7000,84,2
2026-01-26,000333,14:16:45,76.7100,25,1
2026-01-26,000333,14:16:48,76.7100,41,4
2026-01-26,000333,14:16:51,76.7100,73,2
2026-01-26,000333,14:16:54,76.7100,56,1
2026-01-26,000333,14:16:57,76.7200,149,1
2026-01-26,000333,14:17:00,76.7300,102,1
2026-01-26,000333,14:17:03,76.7000,78,2
2026-01-26,000333,14:17:06,76.6900,53,2
2026-01-26,000333,14:17:09,76.7000,32,1
2026-01-26,000333,14:17:12,76.7100,35,4
2026-01-26,000333,14:17:15,76.7000,18,2
2026-01-26,000333,14:17:18,76.7100,64,1
2026-01-26,000333,14:17:21,76.7000,63,2
2026-01-26,000333,14:17:24,76.7200,77,1
2026-01-26,000333,14:17:27,76.7600,101,1
2026-01-26,000333,14:17:30,76.7500,49,2
2026-01-26,000333,14:17:33,76.7500,36,2
2026-01-26,000333,14:17:36,76.7500,14,2
2026-01-26,000333,14:17:39,76.7500,42,2
2026-01-26,000333,14:17:42,76.7600,82,1
2026-01-26,000333,14:17:45,76.7600,42,1
2026-01-26,000333,14:17:48,76.7700,102,1
2026-01-26,000333,14:17:51,76.7900,367,1
2026-01-26,000333,14:17:54,76.7800,116,2
2026-01-26,000333,14:17:57,76.7900,168,1
2026-01-26,000333,14:18:00,76.8100,74,1
2026-01-26,000333,14:18:03,76.8000,47,1
2026-01-26,000333,14:18:06,76.7900,52,4
2026-01-26,000333,14:18:09,76.8000,150,1
2026-01-26,000333,14:18:12,76.8000,39,1
2026-01-26,000333,14:18:15,76.8000,38,1
2026-01-26,000333,14:18:18,76.7800,44,2
2026-01-26,000333,14:18:21,76.7800,34,2
2026-01-26,000333,14:18:24,76.7600,41,2
2026-01-26,000333,14:18:27,76.7600,53,2
2026-01-26,000333,14:18:30,76.7800,121,1
2026-01-26,000333,14:18:33,76.7600,110,2
2026-01-26,000333,14:18:36,76.7800,153,1
2026-01-26,000333,14:18:39,76.7700,39,4
2026-01-26,000333,14:18:42,76.7800,136,1
2026-01-26,000333,14:18:45,76.7900,35,1
2026-01-26,000333,14:18:48,76.7800,21,2
2026-01-26,000333,14:18:51,76.7700,18,2
2026-01-26,000333,14:18:54,76.7600,61,2
2026-01-26,000333,14:18:57,76.7600,84,2
2026-01-26,000333,14:19:00,76.7600,174,2
2026-01-26,000333,14:19:03,76.7700,54,1
2026-01-26,000333,14:19:06,76.7700,579,2
2026-01-26,000333,14:19:09,76.8100,176,1
2026-01-26,000333,14:19:12,76.8000,222,2
2026-01-26,000333,14:19:15,76.8000,94,2
2026-01-26,000333,14:19:18,76.7900,217,2
2026-01-26,000333,14:19:21,76.8000,70,4
2026-01-26,000333,14:19:24,76.8000,169,2
2026-01-26,000333,14:19:27,76.8200,132,1
2026-01-26,000333,14:19:30,76.7900,32,2
2026-01-26,000333,14:19:33,76.7800,35,2
2026-01-26,000333,14:19:36,76.8000,71,1
2026-01-26,000333,14:19:39,76.8000,55,2
2026-01-26,000333,14:19:42,76.7900,74,2
2026-01-26,000333,14:19:45,76.7900,27,2
2026-01-26,000333,14:19:48,76.7800,70,2
2026-01-26,000333,14:19:51,76.7500,130,2
2026-01-26,000333,14:19:54,76.7400,133,2
2026-01-26,000333,14:19:57,76.7400,317,2
2026-01-26,000333,14:20:00,76.7300,207,2
2026-01-26,000333,14:20:03,76.7400,93,2
2026-01-26,000333,14:20:06,76.7400,237,2
2026-01-26,000333,14:20:09,76.7900,133,1
2026-01-26,000333,14:20:12,76.8000,67,1
2026-01-26,000333,14:20:15,76.8200,88,1
2026-01-26,000333,14:20:18,76.8000,55,2
2026-01-26,000333,14:20:21,76.7600,41,2
2026-01-26,000333,14:20:24,76.7600,38,2
2026-01-26,000333,14:20:27,76.7400,137,2
2026-01-26,000333,14:20:30,76.7600,105,1
2026-01-26,000333,14:20:33,76.7700,64,1
2026-01-26,000333,14:20:36,76.7900,85,1
2026-01-26,000333,14:20:39,76.7600,129,2
2026-01-26,000333,14:20:42,76.7600,35,2
2026-01-26,000333,14:20:45,76.7400,72,2
2026-01-26,000333,14:20:48,76.7400,61,2
2026-01-26,000333,14:20:51,76.7600,136,1
2026-01-26,000333,14:20:54,76.7600,70,2
2026-01-26,000333,14:20:57,76.7600,54,2
2026-01-26,000333,14:21:00,76.7500,69,2
2026-01-26,000333,14:21:03,76.7300,62,2
2026-01-26,000333,14:21:06,76.7400,103,1
2026-01-26,000333,14:21:09,76.7400,40,2
2026-01-26,000333,14:21:12,76.7300,37,2
2026-01-26,000333,14:21:15,76.7400,45,2
2026-01-26,000333,14:21:18,76.7300,39,2
2026-01-26,000333,14:21:21,76.7300,29,2
2026-01-26,000333,14:21:24,76.7400,57,1
2026-01-26,000333,14:21:27,76.7400,41,2
2026-01-26,000333,14:21:30,76.7400,33,2
2026-01-26,000333,14:21:33,76.7500,47,1
2026-01-26,000333,14:21:36,76.7400,52,2
2026-01-26,000333,14:21:39,76.7400,56,2
2026-01-26,000333,14:21:42,76.7400,22,2
2026-01-26,000333,14:21:45,76.7400,17,2
2026-01-26,000333,14:21:48,76.7400,129,2
2026-01-26,000333,14:21:51,76.7300,77,2
2026-01-26,000333,14:21:54,76.7300,60,1
2026-01-26,000333,14:21:57,76.7400,73,1
2026-01-26,000333,14:22:00,76.7200,32,2
2026-01-26,000333,14:22:03,76.7300,49,4
2026-01-26,000333,14:22:06,76.7300,28,2
2026-01-26,000333,14:22:09,76.7200,18,2
2026-01-26,000333,14:22:12,76.7300,2,1
2026-01-26,000333,14:22:15,76.7200,20,2
2026-01-26,000333,14:22:18,76.7200,67,2
2026-01-26,000333,14:22:21,76.7300,47,1
2026-01-26,000333,14:22:24,76.7300,40,2
2026-01-26,000333,14:22:27,76.7300,44,2
2026-01-26,000333,14:22:30,76.7200,28,2
2026-01-26,000333,14:22:33,76.7200,99,2
2026-01-26,000333,14:22:36,76.7300,12,4
2026-01-26,000333,14:22:39,76.7300,68,4
2026-01-26,000333,14:22:42,76.7300,150,2
2026-01-26,000333,14:22:45,76.7400,37,1
2026-01-26,000333,14:22:48,76.7400,61,1
2026-01-26,000333,14:22:51,76.7400,72,1
2026-01-26,000333,14:22:54,76.7300,49,2
2026-01-26,000333,14:22:57,76.7400,80,1
2026-01-26,000333,14:23:00,76.7400,539,1
2026-01-26,000333,14:23:03,76.7400,83,2
2026-01-26,000333,14:23:06,76.7500,92,2
2026-01-26,000333,14:23:09,76.7500,100,2
2026-01-26,000333,14:23:12,76.7700,27,1
2026-01-26,000333,14:23:15,76.7500,41,2
2026-01-26,000333,14:23:18,76.7500,44,2
2026-01-26,000333,14:23:21,76.7800,42,1
2026-01-26,000333,14:23:24,76.7800,18,2
2026-01-26,000333,14:23:27,76.7800,139,2
2026-01-26,000333,14:23:30,76.7900,48,4
2026-01-26,000333,14:23:33,76.7800,77,2
2026-01-26,000333,14:23:36,76.7700,15,2
2026-01-26,000333,14:23:39,76.7700,35,2
2026-01-26,000333,14:23:42,76.7600,29,2
2026-01-26,000333,14:23:45,76.7800,110,1
2026-01-26,000333,14:23:48,76.7600,54,2
2026-01-26,000333,14:23:51,76.7600,17,2
2026-01-26,000333,14:23:54,76.7600,54,2
2026-01-26,000333,14:23:57,76.7500,31,2
2026-01-26,000333,14:24:00,76.7500,47,2
2026-01-26,000333,14:24:03,76.7500,60,2
2026-01-26,000333,14:24:06,76.7600,116,1
2026-01-26,000333,14:24:09,76.7500,27,2
2026-01-26,000333,14:24:12,76.7500,42,2
2026-01-26,000333,14:24:15,76.7500,59,2
2026-01-26,000333,14:24:18,76.7700,76,1
2026-01-26,000333,14:24:21,76.7500,23,2
2026-01-26,000333,14:24:24,76.7500,80,2
2026-01-26,000333,14:24:27,76.7600,18,4
2026-01-26,000333,14:24:30,76.7600,41,2
2026-01-26,000333,14:24:33,76.7600,35,2
2026-01-26,000333,14:24:36,76.7600,80,2
2026-01-26,000333,14:24:39,76.7500,51,2
2026-01-26,000333,14:24:42,76.7500,47,2
2026-01-26,000333,14:24:45,76.7500,17,2
2026-01-26,000333,14:24:48,76.7600,152,1
2026-01-26,000333,14:24:51,76.7600,79,2
2026-01-26,000333,14:24:54,76.7500,34,2
2026-01-26,000333,14:24:57,76.7500,49,2
2026-01-26,000333,14:25:00,76.7600,99,1
2026-01-26,000333,14:25:03,76.7600,13,2
2026-01-26,000333,14:25:06,76.7600,75,2
2026-01-26,000333,14:25:09,76.7500,81,2
2026-01-26,000333,14:25:12,76.7500,15,2
2026-01-26,000333,14:25:15,76.7500,69,2
2026-01-26,000333,14:25:18,76.7600,46,1
2026-01-26,000333,14:25:21,76.7600,63,1
2026-01-26,000333,14:25:24,76.7600,6,2
2026-01-26,000333,14:25:27,76.7600,24,2
2026-01-26,000333,14:25:30,76.7700,18,1
2026-01-26,000333,14:25:33,76.7600,24,2
2026-01-26,000333,14:25:36,76.7600,94,2
2026-01-26,000333,14:25:39,76.7600,54,2
2026-01-26,000333,14:25:42,76.7900,101,1
2026-01-26,000333,14:25:45,76.7900,67,1
2026-01-26,000333,14:25:48,76.7900,33,2
2026-01-26,000333,14:25:51,76.7900,14,2
2026-01-26,000333,14:25:54,76.8000,46,1
2026-01-26,000333,14:25:57,76.7900,28,2
2026-01-26,000333,14:26:00,76.8000,123,1
2026-01-26,000333,14:26:03,76.8400,384,1
2026-01-26,000333,14:26:06,76.8400,110,1
2026-01-26,000333,14:26:09,76.8300,155,2
2026-01-26,000333,14:26:12,76.8400,77,1
2026-01-26,000333,14:26:15,76.8200,182,2
2026-01-26,000333,14:26:18,76.8100,70,2
2026-01-26,000333,14:26:21,76.8200,49,1
2026-01-26,000333,14:26:24,76.8100,136,2
2026-01-26,000333,14:26:27,76.8200,24,1
2026-01-26,000333,14:26:30,76.8100,232,2
2026-01-26,000333,14:26:33,76.8100,181,2
2026-01-26,000333,14:26:36,76.8000,26,2
2026-01-26,000333,14:26:39,76.8100,15,1
2026-01-26,000333,14:26:42,76.8100,3,1
2026-01-26,000333,14:26:45,76.8000,137,2
2026-01-26,000333,14:26:51,76.8000,119,2
2026-01-26,000333,14:26:54,76.8100,90,1
2026-01-26,000333,14:26:57,76.8000,14,2
2026-01-26,000333,14:27:00,76.8200,726,1
2026-01-26,000333,14:27:03,76.8500,166,1
2026-01-26,000333,14:27:06,76.8600,12,4
2026-01-26,000333,14:27:09,76.8600,370,2
2026-01-26,000333,14:27:12,76.8500,11,4
2026-01-26,000333,14:27:15,76.8500,15,1
2026-01-26,000333,14:27:18,76.8500,34,2
2026-01-26,000333,14:27:21,76.8500,178,2
2026-01-26,000333,14:27:24,76.8500,208,2
2026-01-26,000333,14:27:27,76.8200,94,2
2026-01-26,000333,14:27:30,76.8200,33,2
2026-01-26,000333,14:27:33,76.8300,172,2
2026-01-26,000333,14:27:36,76.8300,27,1
2026-01-26,000333,14:27:39,76.8400,165,1
2026-01-26,000333,14:27:42,76.8400,15,2
2026-01-26,000333,14:27:45,76.8500,102,1
2026-01-26,000333,14:27:48,76.8100,37,2
2026-01-26,000333,14:27:51,76.8100,22,1
2026-01-26,000333,14:27:54,76.8200,1,1
2026-01-26,000333,14:27:57,76.8200,76,1
2026-01-26,000333,14:28:00,76.8000,164,2
2026-01-26,000333,14:28:03,76.8100,35,1
2026-01-26,000333,14:28:06,76.8000,73,2
2026-01-26,000333,14:28:09,76.8000,28,1
2026-01-26,000333,14:28:12,76.8000,26,1
2026-01-26,000333,14:28:15,76.8000,94,2
2026-01-26,000333,14:28:18,76.7900,29,2
2026-01-26,000333,14:28:21,76.7900,15,2
2026-01-26,000333,14:28:24,76.7900,20,2
2026-01-26,000333,14:28:27,76.7900,68,2
2026-01-26,000333,14:28:30,76.7900,22,2
2026-01-26,000333,14:28:33,76.8000,74,1
2026-01-26,000333,14:28:36,76.8000,27,1
2026-01-26,000333,14:28:39,76.7800,167,2
2026-01-26,000333,14:28:42,76.7800,26,2
2026-01-26,000333,14:28:45,76.7900,6,1
2026-01-26,000333,14:28:48,76.7900,29,1
2026-01-26,000333,14:28:51,76.7800,28,2
2026-01-26,000333,14:28:57,76.7800,15,2
2026-01-26,000333,14:29:00,76.7900,57,1
2026-01-26,000333,14:29:03,76.7800,175,2
2026-01-26,000333,14:29:06,76.7800,31,2
2026-01-26,000333,14:29:09,76.7700,101,2
2026-01-26,000333,14:29:12,76.7800,73,4
2026-01-26,000333,14:29:15,76.7900,184,1
2026-01-26,000333,14:29:18,76.7900,79,1
2026-01-26,000333,14:29:21,76.7900,287,1
2026-01-26,000333,14:29:24,76.7700,128,1
2026-01-26,000333,14:29:27,76.7900,77,1
2026-01-26,000333,14:29:30,76.8000,57,1
2026-01-26,000333,14:29:33,76.8000,18,1
2026-01-26,000333,14:29:36,76.8000,39,1
2026-01-26,000333,14:29:39,76.7900,18,2
2026-01-26,000333,14:29:42,76.8100,9,1
2026-01-26,000333,14:29:45,76.7900,46,2
2026-01-26,000333,14:29:48,76.8000,22,4
2026-01-26,000333,14:29:51,76.7900,26,2
2026-01-26,000333,14:29:54,76.8000,8,1
2026-01-26,000333,14:29:57,76.8000,27,1
2026-01-26,000333,14:30:00,76.8000,58,1
2026-01-26,000333,14:30:03,76.8000,39,1
2026-01-26,000333,14:30:06,76.8000,43,1
2026-01-26,000333,14:30:09,76.7800,9,2
2026-01-26,000333,14:30:12,76.8000,18,1
2026-01-26,000333,14:30:15,76.7700,16,2
2026-01-26,000333,14:30:18,76.7700,17,2
2026-01-26,000333,14:30:21,76.7800,41,2
2026-01-26,000333,14:30:24,76.7900,40,1
2026-01-26,000333,14:30:27,76.8000,52,1
2026-01-26,000333,14:30:30,76.8000,29,1
2026-01-26,000333,14:30:33,76.7800,59,2
2026-01-26,000333,14:30:36,76.7800,69,2
2026-01-26,000333,14:30:39,76.7800,30,2
2026-01-26,000333,14:30:42,76.7900,10,1
2026-01-26,000333,14:30:45,76.8000,44,1
2026-01-26,000333,14:30:48,76.8100,511,1
2026-01-26,000333,14:30:51,76.7900,382,2
2026-01-26,000333,14:30:54,76.7900,38,2
2026-01-26,000333,14:30:57,76.7900,103,1
2026-01-26,000333,14:31:00,76.8000,15,4
2026-01-26,000333,14:31:03,76.7700,435,2
2026-01-26,000333,14:31:06,76.7600,52,2
2026-01-26,000333,14:31:09,76.7800,10,1
2026-01-26,000333,14:31:12,76.7900,10,1
2026-01-26,000333,14:31:15,76.7800,3,2
2026-01-26,000333,14:31:18,76.7800,13,2
2026-01-26,000333,14:31:21,76.7700,93,2
2026-01-26,000333,14:31:24,76.7800,83,1
2026-01-26,000333,14:31:27,76.7600,31,2
2026-01-26,000333,14:31:30,76.7800,116,1
2026-01-26,000333,14:31:33,76.7800,84,1
2026-01-26,000333,14:31:36,76.7600,85,2
2026-01-26,000333,14:31:39,76.7500,105,2
2026-01-26,000333,14:31:42,76.7500,56,2
2026-01-26,000333,14:31:45,76.7600,43,2
2026-01-26,000333,14:31:48,76.7500,11,2
2026-01-26,000333,14:31:51,76.7500,11,2
2026-01-26,000333,14:31:54,76.7600,55,1
2026-01-26,000333,14:31:57,76.7800,152,1
2026-01-26,000333,14:32:00,76.7900,17,1
2026-01-26,000333,14:32:03,76.7700,109,2
2026-01-26,000333,14:32:06,76.7700,16,2
2026-01-26,000333,14:32:09,76.7900,15,1
2026-01-26,000333,14:32:12,76.8100,31,1
2026-01-26,000333,14:32:15,76.8000,3,1
2026-01-26,000333,14:32:18,76.8000,22,2
2026-01-26,000333,14:32:21,76.7900,12,2
2026-01-26,000333,14:32:24,76.7800,55,2
2026-01-26,000333,14:32:27,76.7800,32,2
2026-01-26,000333,14:32:30,76.7800,118,2
2026-01-26,000333,14:32:33,76.7900,98,1
2026-01-26,000333,14:32:36,76.7900,87,1
2026-01-26,000333,14:32:39,76.7900,16,2
2026-01-26,000333,14:32:42,76.7600,159,2
2026-01-26,000333,14:32:48,76.7900,26,1
2026-01-26,000333,14:32:54,76.7800,192,1
2026-01-26,000333,14:32:57,76.7800,52,2
2026-01-26,000333,14:33:00,76.7800,7,1
2026-01-26,000333,14:33:03,76.7800,64,1
2026-01-26,000333,14:33:06,76.7700,13,2
2026-01-26,000333,14:33:09,76.7700,1,2
2026-01-26,000333,14:33:12,76.7700,56,2
2026-01-26,000333,14:33:15,76.7600,119,2
2026-01-26,000333,14:33:18,76.7600,60,2
2026-01-26,000333,14:33:21,76.7600,28,4
2026-01-26,000333,14:33:24,76.7700,36,1
2026-01-26,000333,14:33:27,76.7500,15,2
2026-01-26,000333,14:33:30,76.7700,15,1
2026-01-26,000333,14:33:33,76.7700,46,1
2026-01-26,000333,14:33:36,76.7600,17,2
2026-01-26,000333,14:33:39,76.7600,22,1
2026-01-26,000333,14:33:42,76.7600,15,1
2026-01-26,000333,14:33:45,76.7500,7,2
2026-01-26,000333,14:33:48,76.7600,60,1
2026-01-26,000333,14:33:51,76.7600,52,1
2026-01-26,000333,14:33:54,76.7600,76,1
2026-01-26,000333,14:33:57,76.7600,77,1
2026-01-26,000333,14:34:00,76.7600,4,1
2026-01-26,000333,14:34:03,76.7600,38,1
2026-01-26,000333,14:34:06,76.7500,25,2
2026-01-26,000333,14:34:09,76.7500,10,2
2026-01-26,000333,14:34:12,76.7500,68,2
2026-01-26,000333,14:34:15,76.7600,48,1
2026-01-26,000333,14:34:18,76.7500,140,2
2026-01-26,000333,14:34:21,76.7500,73,2
2026-01-26,000333,14:34:24,76.7400,141,2
2026-01-26,000333,14:34:27,76.7400,140,1
2026-01-26,000333,14:34:30,76.7300,208,2
2026-01-26,000333,14:34:33,76.7200,159,2
2026-01-26,000333,14:34:36,76.7200,59,2
2026-01-26,000333,14:34:39,76.7200,112,2
2026-01-26,000333,14:34:42,76.7100,179,2
2026-01-26,000333,14:34:45,76.7200,181,1
2026-01-26,000333,14:34:48,76.7200,48,1
2026-01-26,000333,14:34:51,76.7100,158,2
2026-01-26,000333,14:34:54,76.7100,111,2
2026-01-26,000333,14:34:57,76.7100,144,2
2026-01-26,000333,14:35:00,76.7200,102,1
2026-01-26,000333,14:35:03,76.7200,164,1
2026-01-26,000333,14:35:06,76.7100,59,2
2026-01-26,000333,14:35:09,76.7200,45,1
2026-01-26,000333,14:35:12,76.7100,29,2
2026-01-26,000333,14:35:15,76.7200,110,1
2026-01-26,000333,14:35:18,76.7200,347,1
2026-01-26,000333,14:35:21,76.6900,960,2
2026-01-26,000333,14:35:24,76.6800,174,4
2026-01-26,000333,14:35:27,76.6500,114,2
2026-01-26,000333,14:35:30,76.6400,102,2
2026-01-26,000333,14:35:33,76.6500,135,4
2026-01-26,000333,14:35:36,76.6500,45,2
2026-01-26,000333,14:35:39,76.6500,76,1
2026-01-26,000333,14:35:42,76.6500,42,2
2026-01-26,000333,14:35:45,76.6500,62,2
2026-01-26,000333,14:35:48,76.6200,43,2
2026-01-26,000333,14:35:51,76.6500,47,1
2026-01-26,000333,14:35:54,76.6200,120,2
2026-01-26,000333,14:35:57,76.6200,25,2
2026-01-26,000333,14:36:00,76.6300,21,4
2026-01-26,000333,14:36:03,76.6300,80,2
2026-01-26,000333,14:36:06,76.6200,40,2
2026-01-26,000333,14:36:09,76.6200,56,2
2026-01-26,000333,14:36:12,76.6700,191,1
2026-01-26,000333,14:36:15,76.6700,103,1
2026-01-26,000333,14:36:18,76.6600,23,2
2026-01-26,000333,14:36:21,76.6400,66,2
2026-01-26,000333,14:36:24,76.6400,18,2
2026-01-26,000333,14:36:27,76.6400,51,2
2026-01-26,000333,14:36:30,76.6300,102,2
2026-01-26,000333,14:36:33,76.6300,77,2
2026-01-26,000333,14:36:36,76.6300,35,2
2026-01-26,000333,14:36:39,76.6300,45,2
2026-01-26,000333,14:36:42,76.6400,12,1
2026-01-26,000333,14:36:45,76.6300,51,2
2026-01-26,000333,14:36:48,76.6300,30,2
2026-01-26,000333,14:36:51,76.6300,27,2
2026-01-26,000333,14:36:54,76.6400,16,1
2026-01-26,000333,14:36:57,76.6300,45,2
2026-01-26,000333,14:37:00,76.6400,128,1
2026-01-26,000333,14:37:03,76.6500,61,1
2026-01-26,000333,14:37:06,76.6500,19,1
2026-01-26,000333,14:37:09,76.6500,47,1
2026-01-26,000333,14:37:12,76.6600,15,2
2026-01-26,000333,14:37:15,76.6500,44,2
2026-01-26,000333,14:37:18,76.6500,72,2
2026-01-26,000333,14:37:21,76.6600,50,4
2026-01-26,000333,14:37:24,76.6600,21,1
2026-01-26,000333,14:37:27,76.6600,49,1
2026-01-26,000333,14:37:30,76.6500,34,2
2026-01-26,000333,14:37:33,76.6500,150,2
2026-01-26,000333,14:37:36,76.6500,80,1
2026-01-26,000333,14:37:39,76.6500,50,2
2026-01-26,000333,14:37:42,76.6500,81,2
2026-01-26,000333,14:37:45,76.6500,29,2
2026-01-26,000333,14:37:48,76.6500,49,2
2026-01-26,000333,14:37:51,76.6500,51,1
2026-01-26,000333,14:37:54,76.6300,35,2
2026-01-26,000333,14:37:57,76.6400,12,1
2026-01-26,000333,14:38:00,76.6400,54,1
2026-01-26,000333,14:38:03,76.6300,183,2
2026-01-26,000333,14:38:06,76.6300,275,2
2026-01-26,000333,14:38:09,76.6200,70,2
2026-01-26,000333,14:38:12,76.6400,74,1
2026-01-26,000333,14:38:15,76.6200,24,2
2026-01-26,000333,14:38:18,76.6300,19,4
2026-01-26,000333,14:38:21,76.6300,87,2
2026-01-26,000333,14:38:24,76.6300,38,2
2026-01-26,000333,14:38:27,76.6300,74,1
2026-01-26,000333,14:38:30,76.6200,75,2
2026-01-26,000333,14:38:33,76.6300,66,1
2026-01-26,000333,14:38:36,76.6100,32,2
2026-01-26,000333,14:38:39,76.6200,77,1
2026-01-26,000333,14:38:42,76.6200,44,1
2026-01-26,000333,14:38:45,76.6100,50,2
2026-01-26,000333,14:38:48,76.6100,181,2
2026-01-26,000333,14:38:51,76.6000,115,2
2026-01-26,000333,14:38:54,76.6000,51,2
2026-01-26,000333,14:38:57,76.6000,77,2
2026-01-26,000333,14:39:00,76.6000,90,2
2026-01-26,000333,14:39:03,76.6000,131,2
2026-01-26,000333,14:39:06,76.6100,105,1
2026-01-26,000333,14:39:09,76.6100,47,1
2026-01-26,000333,14:39:12,76.6000,60,2
2026-01-26,000333,14:39:15,76.6000,72,2
2026-01-26,000333,14:39:18,76.6000,83,2
2026-01-26,000333,14:39:21,76.5900,229,2
2026-01-26,000333,14:39:24,76.5800,342,2
2026-01-26,000333,14:39:27,76.5500,157,2
2026-01-26,000333,14:39:30,76.5500,90,2
2026-01-26,000333,14:39:33,76.5600,78,4
2026-01-26,000333,14:39:36,76.5400,125,2
2026-01-26,000333,14:39:39,76.5700,151,1
2026-01-26,000333,14:39:42,76.5700,82,2
2026-01-26,000333,14:39:45,76.5600,63,2
2026-01-26,000333,14:39:48,76.5500,62,2
2026-01-26,000333,14:39:51,76.5600,69,2
2026-01-26,000333,14:39:54,76.5500,143,2
2026-01-26,000333,14:39:57,76.5500,69,2
2026-01-26,000333,14:40:00,76.5400,31,2
2026-01-26,000333,14:40:03,76.5600,106,1
2026-01-26,000333,14:40:06,76.5600,574,1
2026-01-26,000333,14:40:09,76.5700,287,1
2026-01-26,000333,14:40:12,76.5300,61,2
2026-01-26,000333,14:40:15,76.5300,42,2
2026-01-26,000333,14:40:18,76.5700,44,1
2026-01-26,000333,14:40:21,76.5500,101,2
2026-01-26,000333,14:40:24,76.5600,99,2
2026-01-26,000333,14:40:27,76.5500,43,2
2026-01-26,000333,14:40:30,76.5500,40,2
2026-01-26,000333,14:40:33,76.5600,231,1
2026-01-26,000333,14:40:36,76.5600,139,1
2026-01-26,000333,14:40:39,76.5600,31,2
2026-01-26,000333,14:40:42,76.5800,60,1
2026-01-26,000333,14:40:45,76.5800,71,1
2026-01-26,000333,14:40:48,76.5900,53,1
2026-01-26,000333,14:40:51,76.5800,53,2
2026-01-26,000333,14:40:54,76.5700,31,2
2026-01-26,000333,14:40:57,76.5800,42,1
2026-01-26,000333,14:41:00,76.5700,86,2
2026-01-26,000333,14:41:03,76.5500,96,2
2026-01-26,000333,14:41:06,76.5600,13,2
2026-01-26,000333,14:41:09,76.5600,63,1
2026-01-26,000333,14:41:12,76.5600,65,1
2026-01-26,000333,14:41:15,76.5500,21,2
2026-01-26,000333,14:41:18,76.5600,32,2
2026-01-26,000333,14:41:21,76.5700,62,1
2026-01-26,000333,14:41:24,76.5700,84,2
2026-01-26,000333,14:41:27,76.5600,82,2
2026-01-26,000333,14:41:30,76.5600,24,2
2026-01-26,000333,14:41:33,76.5600,107,2
2026-01-26,000333,14:41:36,76.5600,6,2
2026-01-26,000333,14:41:39,76.5600,27,2
2026-01-26,000333,14:41:42,76.5600,42,2
2026-01-26,000333,14:41:45,76.5800,106,1
2026-01-26,000333,14:41:48,76.5500,58,2
2026-01-26,000333,14:41:51,76.5600,24,4
2026-01-26,000333,14:41:54,76.5600,41,2
2026-01-26,000333,14:41:57,76.5700,127,1
2026-01-26,000333,14:42:00,76.5700,112,2
2026-01-26,000333,14:42:03,76.5800,61,1
2026-01-26,000333,14:42:06,76.5900,87,1
2026-01-26,000333,14:42:09,76.6000,107,1
2026-01-26,000333,14:42:12,76.6000,109,2
2026-01-26,000333,14:42:15,76.6000,43,2
2026-01-26,000333,14:42:18,76.6100,40,1
2026-01-26,000333,14:42:21,76.6000,58,2
2026-01-26,000333,14:42:24,76.6000,72,2
2026-01-26,000333,14:42:27,76.6200,156,1
2026-01-26,000333,14:42:30,76.6200,72,1
2026-01-26,000333,14:42:33,76.6100,275,4
2026-01-26,000333,14:42:36,76.6100,116,1
2026-01-26,000333,14:42:39,76.6100,28,1
2026-01-26,000333,14:42:42,76.6000,43,2
2026-01-26,000333,14:42:45,76.6100,216,1
2026-01-26,000333,14:42:48,76.6200,106,1
2026-01-26,000333,14:42:51,76.6200,103,1
2026-01-26,000333,14:42:54,76.6100,44,2
2026-01-26,000333,14:42:57,76.6100,40,2
2026-01-26,000333,14:43:00,76.6200,49,1
2026-01-26,000333,14:43:03,76.6200,71,1
2026-01-26,000333,14:43:06,76.6100,67,2
2026-01-26,000333,14:43:09,76.6100,19,2
2026-01-26,000333,14:43:12,76.6400,25,1
2026-01-26,000333,14:43:15,76.6400,30,1
2026-01-26,000333,14:43:18,76.6300,82,1
2026-01-26,000333,14:43:21,76.6400,144,1
2026-01-26,000333,14:43:24,76.6200,62,2
2026-01-26,000333,14:43:27,76.6500,43,1
2026-01-26,000333,14:43:30,76.6500,52,2
2026-01-26,000333,14:43:33,76.6600,140,1
2026-01-26,000333,14:43:36,76.6300,88,2
2026-01-26,000333,14:43:39,76.6200,85,2
2026-01-26,000333,14:43:42,76.6200,54,2
2026-01-26,000333,14:43:45,76.6200,17,2
2026-01-26,000333,14:43:48,76.6300,77,2
2026-01-26,000333,14:43:51,76.6200,82,2
2026-01-26,000333,14:43:54,76.6200,95,2
2026-01-26,000333,14:43:57,76.6300,7,4
2026-01-26,000333,14:44:00,76.6200,292,2
2026-01-26,000333,14:44:03,76.6300,113,1
2026-01-26,000333,14:44:06,76.6200,89,2
2026-01-26,000333,14:44:09,76.6100,62,2
2026-01-26,000333,14:44:12,76.6100,86,2
2026-01-26,000333,14:44:15,76.6100,94,2
2026-01-26,000333,14:44:18,76.6100,209,2
2026-01-26,000333,14:44:21,76.6000,355,2
2026-01-26,000333,14:44:24,76.6200,169,1
2026-01-26,000333,14:44:27,76.6000,48,2
2026-01-26,000333,14:44:30,76.6200,153,1
2026-01-26,000333,14:44:33,76.6200,134,1
2026-01-26,000333,14:44:36,76.6400,263,1
2026-01-26,000333,14:44:39,76.6500,138,1
2026-01-26,000333,14:44:42,76.6400,72,2
2026-01-26,000333,14:44:45,76.6500,75,1
2026-01-26,000333,14:44:48,76.6400,98,2
2026-01-26,000333,14:44:51,76.6500,205,1
2026-01-26,000333,14:44:54,76.6500,75,2
2026-01-26,000333,14:44:57,76.6600,53,1
2026-01-26,000333,14:45:00,76.6700,75,1
2026-01-26,000333,14:45:03,76.6600,56,1
2026-01-26,000333,14:45:06,76.6500,5,2
2026-01-26,000333,14:45:09,76.6600,20,1
2026-01-26,000333,14:45:12,76.6500,25,2
2026-01-26,000333,14:45:15,76.6600,6,1
2026-01-26,000333,14:45:18,76.6600,19,1
2026-01-26,000333,14:45:21,76.6600,25,1
2026-01-26,000333,14:45:24,76.6500,35,2
2026-01-26,000333,14:45:27,76.6800,300,1
2026-01-26,000333,14:45:30,76.6800,104,1
2026-01-26,000333,14:45:33,76.6900,33,1
2026-01-26,000333,14:45:36,76.6900,15,1
2026-01-26,000333,14:45:39,76.6900,58,1
2026-01-26,000333,14:45:42,76.6900,40,1
2026-01-26,000333,14:45:45,76.7100,4,1
2026-01-26,000333,14:45:48,76.7000,41,4
2026-01-26,000333,14:45:51,76.6800,17,2
2026-01-26,000333,14:45:54,76.6900,51,1
2026-01-26,000333,14:45:57,76.6600,229,2
2026-01-26,000333,14:46:00,76.6600,101,2
2026-01-26,000333,14:46:03,76.6600,211,2
2026-01-26,000333,14:46:06,76.6600,43,1
2026-01-26,000333,14:46:09,76.6100,208,2
2026-01-26,000333,14:46:12,76.6600,478,1
2026-01-26,000333,14:46:15,76.6600,82,2
2026-01-26,000333,14:46:18,76.6600,3,1
2026-01-26,000333,14:46:21,76.6500,8,1
2026-01-26,000333,14:46:24,76.6600,18,1
2026-01-26,000333,14:46:27,76.6500,37,2
2026-01-26,000333,14:46:30,76.6500,22,1
2026-01-26,000333,14:46:33,76.6400,85,2
2026-01-26,000333,14:46:36,76.6200,10,2
2026-01-26,000333,14:46:39,76.6400,66,1
2026-01-26,000333,14:46:42,76.6100,19,2
2026-01-26,000333,14:46:45,76.6300,42,1
2026-01-26,000333,14:46:48,76.6300,42,1
2026-01-26,000333,14:46:51,76.6200,155,2
2026-01-26,000333,14:46:54,76.6000,85,2
2026-01-26,000333,14:46:57,76.6100,77,2
2026-01-26,000333,14:47:00,76.6000,324,2
2026-01-26,000333,14:47:03,76.6100,226,1
2026-01-26,000333,14:47:06,76.6000,101,2
2026-01-26,000333,14:47:09,76.6100,74,1
2026-01-26,000333,14:47:12,76.6100,241,1
2026-01-26,000333,14:47:15,76.5900,113,2
2026-01-26,000333,14:47:18,76.6000,43,2
2026-01-26,000333,14:47:21,76.5900,96,2
2026-01-26,000333,14:47:24,76.5900,152,2
2026-01-26,000333,14:47:27,76.5800,131,2
2026-01-26,000333,14:47:30,76.6100,511,1
2026-01-26,000333,14:47:33,76.6000,108,4
2026-01-26,000333,14:47:36,76.6000,98,1
2026-01-26,000333,14:47:39,76.6000,125,1
2026-01-26,000333,14:47:42,76.5800,85,2
2026-01-26,000333,14:47:45,76.5900,129,4
2026-01-26,000333,14:47:48,76.5800,125,2
2026-01-26,000333,14:47:51,76.5900,46,2
2026-01-26,000333,14:47:54,76.5600,166,2
2026-01-26,000333,14:47:57,76.5600,80,2
2026-01-26,000333,14:48:00,76.5600,71,1
2026-01-26,000333,14:48:03,76.5600,106,1
2026-01-26,000333,14:48:06,76.5800,136,1
2026-01-26,000333,14:48:09,76.5500,73,2
2026-01-26,000333,14:48:12,76.5600,43,4
2026-01-26,000333,14:48:15,76.5500,154,2
2026-01-26,000333,14:48:18,76.5500,137,2
2026-01-26,000333,14:48:21,76.5400,138,2
2026-01-26,000333,14:48:24,76.5400,146,2
2026-01-26,000333,14:48:27,76.5300,101,2
2026-01-26,000333,14:48:30,76.5300,56,2
2026-01-26,000333,14:48:33,76.5400,165,1
2026-01-26,000333,14:48:36,76.5300,41,2
2026-01-26,000333,14:48:39,76.5400,98,1
2026-01-26,000333,14:48:42,76.5300,138,2
2026-01-26,000333,14:48:45,76.5500,84,1
2026-01-26,000333,14:48:48,76.5300,77,2
2026-01-26,000333,14:48:51,76.5600,190,1
2026-01-26,000333,14:48:54,76.5200,148,2
2026-01-26,000333,14:48:57,76.5300,148,2
2026-01-26,000333,14:49:00,76.5500,78,4
2026-01-26,000333,14:49:03,76.5600,334,1
2026-01-26,000333,14:49:06,76.5600,170,2
2026-01-26,000333,14:49:09,76.5400,117,2
2026-01-26,000333,14:49:12,76.5400,118,2
2026-01-26,000333,14:49:15,76.5400,133,2
2026-01-26,000333,14:49:18,76.5700,85,1
2026-01-26,000333,14:49:21,76.5400,23,2
2026-01-26,000333,14:49:24,76.5700,54,1
2026-01-26,000333,14:49:27,76.5700,45,1
2026-01-26,000333,14:49:30,76.5400,40,2
2026-01-26,000333,14:49:33,76.5500,80,2
2026-01-26,000333,14:49:36,76.5500,84,1
2026-01-26,000333,14:49:39,76.5400,65,2
2026-01-26,000333,14:49:42,76.5400,95,1
2026-01-26,000333,14:49:45,76.5200,172,2
2026-01-26,000333,14:49:48,76.5200,189,1
2026-01-26,000333,14:49:51,76.5100,108,2
2026-01-26,000333,14:49:54,76.5000,96,2
2026-01-26,000333,14:49:57,76.5000,235,2
2026-01-26,000333,14:50:00,76.5100,101,1
2026-01-26,000333,14:50:03,76.5100,214,1
2026-01-26,000333,14:50:06,76.5100,324,1
2026-01-26,000333,14:50:09,76.5200,156,1
2026-01-26,000333,14:50:12,76.5300,261,1
2026-01-26,000333,14:50:15,76.5200,248,2
2026-01-26,000333,14:50:18,76.5400,90,1
2026-01-26,000333,14:50:21,76.5300,85,2
2026-01-26,000333,14:50:24,76.5400,135,1
2026-01-26,000333,14:50:27,76.5200,64,2
2026-01-26,000333,14:50:30,76.5200,189,2
2026-01-26,000333,14:50:33,76.5200,105,2
2026-01-26,000333,14:50:36,76.5300,68,2
2026-01-26,000333,14:50:39,76.5200,168,4
2026-01-26,000333,14:50:42,76.5200,205,2
2026-01-26,000333,14:50:45,76.5300,63,1
2026-01-26,000333,14:50:48,76.5000,113,2
2026-01-26,000333,14:50:51,76.5300,77,1
2026-01-26,000333,14:50:54,76.5300,79,1
2026-01-26,000333,14:50:57,76.5200,196,2
2026-01-26,000333,14:51:00,76.5000,946,2
2026-01-26,000333,14:51:03,76.5100,312,4
2026-01-26,000333,14:51:06,76.5200,207,1
2026-01-26,000333,14:51:09,76.5200,35,1
2026-01-26,000333,14:51:12,76.5200,93,1
2026-01-26,000333,14:51:15,76.5200,54,1
2026-01-26,000333,14:51:18,76.5100,98,2
2026-01-26,000333,14:51:21,76.5100,91,2
2026-01-26,000333,14:51:24,76.5200,64,1
2026-01-26,000333,14:51:27,76.5200,140,1
2026-01-26,000333,14:51:30,76.5200,118,1
2026-01-26,000333,14:51:33,76.5200,157,1
2026-01-26,000333,14:51:36,76.5000,166,2
2026-01-26,000333,14:51:39,76.5000,109,2
2026-01-26,000333,14:51:42,76.5000,157,2
2026-01-26,000333,14:51:45,76.5100,239,1
2026-01-26,000333,14:51:48,76.4900,218,2
2026-01-26,000333,14:51:51,76.5100,139,1
2026-01-26,000333,14:51:54,76.4800,225,2
2026-01-26,000333,14:51:57,76.4500,192,2
2026-01-26,000333,14:52:00,76.4300,147,2
2026-01-26,000333,14:52:03,76.4500,325,1
2026-01-26,000333,14:52:06,76.4000,196,2
2026-01-26,000333,14:52:09,76.4000,213,2
2026-01-26,000333,14:52:12,76.4000,227,2
2026-01-26,000333,14:52:15,76.4000,195,2
2026-01-26,000333,14:52:18,76.4200,218,1
2026-01-26,000333,14:52:21,76.4000,125,2
2026-01-26,000333,14:52:24,76.4000,178,2
2026-01-26,000333,14:52:27,76.4100,289,1
2026-01-26,000333,14:52:30,76.4000,141,2
2026-01-26,000333,14:52:33,76.3800,175,4
2026-01-26,000333,14:52:36,76.3400,312,2
2026-01-26,000333,14:52:39,76.3800,233,1
2026-01-26,000333,14:52:42,76.3300,321,2
2026-01-26,000333,14:52:45,76.3400,206,2
2026-01-26,000333,14:52:48,76.3100,114,2
2026-01-26,000333,14:52:51,76.3600,120,1
2026-01-26,000333,14:52:54,76.3100,142,2
2026-01-26,000333,14:52:57,76.3100,389,2
2026-01-26,000333,14:53:00,76.3100,259,2
2026-01-26,000333,14:53:03,76.4000,166,1
2026-01-26,000333,14:53:06,76.3600,240,4
2026-01-26,000333,14:53:09,76.3600,231,1
2026-01-26,000333,14:53:12,76.3000,261,2
2026-01-26,000333,14:53:15,76.3500,135,1
2026-01-26,000333,14:53:18,76.3500,126,1
2026-01-26,000333,14:53:21,76.3400,136,2
2026-01-26,000333,14:53:24,76.3000,95,2
2026-01-26,000333,14:53:27,76.3400,298,1
2026-01-26,000333,14:53:30,76.3500,345,1
2026-01-26,000333,14:53:33,76.3500,295,1
2026-01-26,000333,14:53:36,76.3500,388,1
2026-01-26,000333,14:53:39,76.3500,179,1
2026-01-26,000333,14:53:42,76.3500,217,1
2026-01-26,000333,14:53:45,76.3500,236,1
2026-01-26,000333,14:53:48,76.3500,194,1
2026-01-26,000333,14:53:51,76.3500,425,1
2026-01-26,000333,14:53:54,76.3500,134,1
2026-01-26,000333,14:53:57,76.3100,285,2
2026-01-26,000333,14:54:00,76.2600,175,2
2026-01-26,000333,14:54:03,76.3200,185,1
2026-01-26,000333,14:54:06,76.3100,426,1
2026-01-26,000333,14:54:09,76.3200,358,1
2026-01-26,000333,14:54:12,76.2900,320,2
2026-01-26,000333,14:54:15,76.2600,238,2
2026-01-26,000333,14:54:18,76.3200,283,1
2026-01-26,000333,14:54:21,76.2600,314,2
2026-01-26,000333,14:54:24,76.3400,193,2
2026-01-26,000333,14:54:27,76.3400,194,1
2026-01-26,000333,14:54:30,76.2700,276,2
2026-01-26,000333,14:54:33,76.2100,188,2
2026-01-26,000333,14:54:36,76.2700,217,2
2026-01-26,000333,14:54:39,76.2800,157,2
2026-01-26,000333,14:54:42,76.2200,228,2
2026-01-26,000333,14:54:45,76.3100,95,1
2026-01-26,000333,14:54:48,76.3200,174,1
2026-01-26,000333,14:54:51,76.2100,302,2
2026-01-26,000333,14:54:54,76.3100,401,2
2026-01-26,000333,14:54:57,76.2000,265,2
2026-01-26,000333,14:55:00,76.3100,288,1
2026-01-26,000333,14:55:03,76.3000,107,1
2026-01-26,000333,14:55:06,76.2000,318,2
2026-01-26,000333,14:55:09,76.3100,527,1
2026-01-26,000333,14:55:12,76.3000,198,2
2026-01-26,000333,14:55:15,76.2400,138,2
2026-01-26,000333,14:55:18,76.2300,92,2
2026-01-26,000333,14:55:21,76.2600,144,2
2026-01-26,000333,14:55:24,76.3000,95,1
2026-01-26,000333,14:55:27,76.2400,192,2
2026-01-26,000333,14:55:30,76.3100,227,1
2026-01-26,000333,14:55:33,76.2400,73,2
2026-01-26,000333,14:55:36,76.3100,53,2
2026-01-26,000333,14:55:39,76.3200,122,1
2026-01-26,000333,14:55:42,76.3200,183,1
2026-01-26,000333,14:55:45,76.3200,326,1
2026-01-26,000333,14:55:48,76.3300,140,1
2026-01-26,000333,14:55:51,76.3300,135,1
2026-01-26,000333,14:55:54,76.3400,242,1
2026-01-26,000333,14:55:57,76.2700,278,2
2026-01-26,000333,14:56:00,76.2000,385,2
2026-01-26,000333,14:56:03,76.2600,312,1
2026-01-26,000333,14:56:06,76.2600,349,2
2026-01-26,000333,14:56:09,76.3000,92,1
2026-01-26,000333,14:56:12,76.2600,232,2
2026-01-26,000333,14:56:15,76.2600,147,2
2026-01-26,000333,14:56:18,76.2600,169,2
2026-01-26,000333,14:56:21,76.3000,130,2
2026-01-26,000333,14:56:24,76.2300,186,2
2026-01-26,000333,14:56:27,76.2500,171,2
2026-01-26,000333,14:56:30,76.2000,249,2
2026-01-26,000333,14:56:33,76.3000,181,1
2026-01-26,000333,14:56:36,76.2400,176,1
2026-01-26,000333,14:56:39,76.2000,139,2
2026-01-26,000333,14:56:42,76.2800,159,1
2026-01-26,000333,14:56:45,76.2700,37,2
2026-01-26,000333,14:56:48,76.2800,104,2
2026-01-26,000333,14:56:51,76.3300,87,1
2026-01-26,000333,14:56:54,76.2800,73,2
2026-01-26,000333,14:56:57,76.3300,117,1
2026-01-26,000333,14:57:00,76.3500,27,1
2026-01-26,000333,15:00:00,76.3500,3454,4
2026-01-26,000333,13:16:18,76.7900,102,2
2026-01-26,000333,13:16:21,76.8000,17,4
2026-01-26,000333,13:16:24,76.8000,66,2
2026-01-26,000333,13:16:27,76.8100,163,1
2026-01-26,000333,13:16:30,76.8000,7,2
2026-01-26,000333,13:16:33,76.8000,94,2
2026-01-26,000333,13:16:36,76.8000,29,2
2026-01-26,000333,13:16:39,76.8100,165,1
2026-01-26,000333,13:16:42,76.8000,64,2
2026-01-26,000333,13:16:45,76.7900,39,2
2026-01-26,000333,13:16:48,76.7900,73,2
2026-01-26,000333,13:16:51,76.7900,21,1
2026-01-26,000333,13:16:54,76.7800,42,2
2026-01-26,000333,13:16:57,76.7800,18,2
2026-01-26,000333,13:17:00,76.7700,80,2
2026-01-26,000333,13:17:03,76.7700,116,2
2026-01-26,000333,13:17:06,76.7700,58,2
2026-01-26,000333,13:17:09,76.7800,26,1
2026-01-26,000333,13:17:12,76.7700,33,2
2026-01-26,000333,13:17:15,76.7700,18,2
2026-01-26,000333,13:17:18,76.7700,28,2
2026-01-26,000333,13:17:21,76.7800,3,4
2026-01-26,000333,13:17:24,76.7800,3,2
2026-01-26,000333,13:17:27,76.7800,2,2
2026-01-26,000333,13:17:30,76.7800,3,2
2026-01-26,000333,13:17:33,76.7900,44,1
2026-01-26,000333,13:17:36,76.7800,8,2
2026-01-26,000333,13:17:39,76.7800,53,2
2026-01-26,000333,13:17:42,76.7900,50,1
2026-01-26,000333,13:17:45,76.7700,67,2
2026-01-26,000333,13:17:48,76.7700,66,2
2026-01-26,000333,13:17:51,76.7800,93,1
2026-01-26,000333,13:17:54,76.7700,18,2
2026-01-26,000333,13:17:57,76.7700,38,2
2026-01-26,000333,13:18:00,76.7700,53,2
2026-01-26,000333,13:18:03,76.7800,23,2
2026-01-26,000333,13:18:06,76.8000,204,1
2026-01-26,000333,13:18:09,76.7800,43,2
2026-01-26,000333,13:18:12,76.7900,40,1
2026-01-26,000333,13:18:15,76.7900,49,4
2026-01-26,000333,13:18:18,76.7800,36,2
2026-01-26,000333,13:18:21,76.7900,6,4
2026-01-26,000333,13:18:24,76.7900,29,1
2026-01-26,000333,13:18:27,76.8000,5,1
2026-01-26,000333,13:18:30,76.7900,3,2
2026-01-26,000333,13:18:33,76.7900,17,2
2026-01-26,000333,13:18:36,76.7900,17,2
2026-01-26,000333,13:18:39,76.8000,94,1
2026-01-26,000333,13:18:42,76.7900,95,2
2026-01-26,000333,13:18:45,76.8000,43,1
2026-01-26,000333,13:18:48,76.7900,28,2
2026-01-26,000333,13:18:51,76.7900,40,2
2026-01-26,000333,13:18:54,76.7900,20,2
2026-01-26,000333,13:18:57,76.7900,24,2
2026-01-26,000333,13:19:00,76.7900,26,2
2026-01-26,000333,13:19:03,76.7900,69,2
2026-01-26,000333,13:19:06,76.7900,10,2
2026-01-26,000333,13:19:09,76.7900,286,2
2026-01-26,000333,13:19:12,76.7900,17,2
2026-01-26,000333,13:19:15,76.7800,160,2
2026-01-26,000333,13:19:18,76.7800,28,2
2026-01-26,000333,13:19:21,76.7800,27,2
2026-01-26,000333,13:19:24,76.7800,13,2
2026-01-26,000333,13:19:27,76.7800,26,2
2026-01-26,000333,13:19:30,76.7900,7,1
2026-01-26,000333,13:19:33,76.7800,40,2
2026-01-26,000333,13:19:36,76.7800,67,2
2026-01-26,000333,13:19:39,76.7700,208,2
2026-01-26,000333,13:19:42,76.7700,263,2
2026-01-26,000333,13:19:45,76.7700,47,2
2026-01-26,000333,13:19:48,76.7700,90,2
2026-01-26,000333,13:19:51,76.7700,106,2
2026-01-26,000333,13:19:54,76.7700,18,2
2026-01-26,000333,13:19:57,76.7600,13,2
2026-01-26,000333,13:20:00,76.7600,9,2
2026-01-26,000333,13:20:03,76.7600,36,2
2026-01-26,000333,13:20:06,76.7600,7,2
2026-01-26,000333,13:20:09,76.7700,78,1
2026-01-26,000333,13:20:12,76.7700,24,1
2026-01-26,000333,13:20:15,76.7700,10,2
2026-01-26,000333,13:20:18,76.7800,11,1
2026-01-26,000333,13:20:21,76.7700,3,2
2026-01-26,000333,13:20:24,76.7700,26,2
2026-01-26,000333,13:20:27,76.7700,12,2
2026-01-26,000333,13:20:30,76.7700,10,2
2026-01-26,000333,13:20:33,76.7700,23,2
2026-01-26,000333,13:20:39,76.7700,17,2
2026-01-26,000333,13:20:42,76.7800,9,1
2026-01-26,000333,13:20:45,76.7800,12,1
2026-01-26,000333,13:20:48,76.7700,18,2
2026-01-26,000333,13:20:51,76.7800,20,1
2026-01-26,000333,13:20:54,76.7700,20,2
2026-01-26,000333,13:20:57,76.7700,103,2
2026-01-26,000333,13:21:00,76.7700,57,2
2026-01-26,000333,13:21:03,76.7800,48,1
2026-01-26,000333,13:21:06,76.7800,21,2
2026-01-26,000333,13:21:09,76.7800,12,2
2026-01-26,000333,13:21:12,76.7800,25,2
2026-01-26,000333,13:21:15,76.7900,5,1
2026-01-26,000333,13:21:18,76.7900,416,1
2026-01-26,000333,13:21:21,76.7900,49,1
2026-01-26,000333,13:21:24,76.7900,79,2
2026-01-26,000333,13:21:27,76.8000,239,1
2026-01-26,000333,13:21:30,76.8000,27,1
2026-01-26,000333,13:21:33,76.7800,37,2
2026-01-26,000333,13:21:36,76.7800,22,2
2026-01-26,000333,13:21:39,76.7900,58,1
2026-01-26,000333,13:21:42,76.7800,7,2
2026-01-26,000333,13:21:45,76.7800,10,2
2026-01-26,000333,13:21:48,76.7800,12,2
2026-01-26,000333,13:21:51,76.7800,77,2
2026-01-26,000333,13:21:54,76.7900,42,1
2026-01-26,000333,13:21:57,76.7800,19,2
2026-01-26,000333,13:22:00,76.7900,79,1
2026-01-26,000333,13:22:03,76.7800,59,2
2026-01-26,000333,13:22:06,76.7800,12,2
2026-01-26,000333,13:22:09,76.7900,55,1
2026-01-26,000333,13:22:12,76.7800,23,4
2026-01-26,000333,13:22:15,76.7700,21,2
2026-01-26,000333,13:22:18,76.7700,13,2
2026-01-26,000333,13:22:21,76.7700,22,2
2026-01-26,000333,13:22:24,76.7700,4,2
2026-01-26,000333,13:22:27,76.7800,10,1
2026-01-26,000333,13:22:33,76.7800,35,1
2026-01-26,000333,13:22:36,76.7700,18,2
2026-01-26,000333,13:22:39,76.7700,12,2
2026-01-26,000333,13:22:42,76.7800,73,1
2026-01-26,000333,13:22:45,76.7800,149,1
2026-01-26,000333,13:22:48,76.7700,80,2
2026-01-26,000333,13:22:51,76.7800,2,1
2026-01-26,000333,13:22:54,76.7800,13,2
2026-01-26,000333,13:22:57,76.7800,21,2
2026-01-26,000333,13:23:00,76.7900,46,1
2026-01-26,000333,13:23:03,76.7900,42,1
2026-01-26,000333,13:23:06,76.7900,10,1
2026-01-26,000333,13:23:09,76.7800,8,2
2026-01-26,000333,13:23:12,76.7800,9,1
2026-01-26,000333,13:23:15,76.7800,24,1
2026-01-26,000333,13:23:18,76.7800,50,1
2026-01-26,000333,13:23:21,76.7800,31,2
2026-01-26,000333,13:23:24,76.7800,51,2
2026-01-26,000333,13:23:27,76.7800,30,1
2026-01-26,000333,13:23:30,76.7700,81,2
2026-01-26,000333,13:23:33,76.7700,29,2
2026-01-26,000333,13:23:36,76.7700,13,2
2026-01-26,000333,13:23:39,76.7700,15,2
2026-01-26,000333,13:23:42,76.7700,148,2
2026-01-26,000333,13:23:45,76.7700,29,2
2026-01-26,000333,13:23:48,76.7700,9,2
2026-01-26,000333,13:23:51,76.7800,49,1
2026-01-26,000333,13:23:54,76.7700,36,2
2026-01-26,000333,13:23:57,76.7700,94,2
2026-01-26,000333,13:24:00,76.7800,27,1
2026-01-26,000333,13:24:03,76.7800,45,1
2026-01-26,000333,13:24:06,76.7700,42,2
2026-01-26,000333,13:24:09,76.7700,22,2
2026-01-26,000333,13:24:12,76.7100,688,2
2026-01-26,000333,13:24:15,76.7000,47,2
2026-01-26,000333,13:24:18,76.7000,119,2
2026-01-26,000333,13:24:21,76.7000,169,2
2026-01-26,000333,13:24:24,76.6900,86,2
2026-01-26,000333,13:24:27,76.6900,35,2
2026-01-26,000333,13:24:30,76.7100,63,1
2026-01-26,000333,13:24:33,76.6900,31,2
2026-01-26,000333,13:24:36,76.6900,5,2
2026-01-26,000333,13:24:39,76.6900,15,2
2026-01-26,000333,13:24:45,76.6900,7,2
2026-01-26,000333,13:24:48,76.7000,60,1
2026-01-26,000333,13:24:51,76.6900,1,2
2026-01-26,000333,13:24:54,76.7000,30,1
2026-01-26,000333,13:24:57,76.6900,10,2
2026-01-26,000333,13:25:00,76.6900,12,2
2026-01-26,000333,13:25:03,76.7000,41,1
2026-01-26,000333,13:25:06,76.6900,39,2
2026-01-26,000333,13:25:09,76.6900,19,2
2026-01-26,000333,13:25:12,76.7000,12,1
2026-01-26,000333,13:25:15,76.7100,30,1
2026-01-26,000333,13:25:18,76.7000,29,2
2026-01-26,000333,13:25:21,76.7100,31,1
2026-01-26,000333,13:25:24,76.7000,43,2
2026-01-26,000333,13:25:27,76.7100,23,1
2026-01-26,000333,13:25:30,76.7100,12,1
2026-01-26,000333,13:25:33,76.7100,35,1
2026-01-26,000333,13:25:36,76.7000,28,2
2026-01-26,000333,13:25:39,76.6900,22,2
2026-01-26,000333,13:25:42,76.7000,29,1
2026-01-26,000333,13:25:45,76.6900,31,2
2026-01-26,000333,13:25:48,76.6900,14,2
2026-01-26,000333,13:25:51,76.7000,42,1
2026-01-26,000333,13:25:54,76.6900,11,2
2026-01-26,000333,13:25:57,76.6900,13,2
2026-01-26,000333,13:26:00,76.6900,14,2
2026-01-26,000333,13:26:03,76.7000,35,1
2026-01-26,000333,13:26:06,76.6900,13,2
2026-01-26,000333,13:26:09,76.6900,12,2
2026-01-26,000333,13:26:12,76.7100,15,1
2026-01-26,000333,13:26:15,76.7100,2,1
2026-01-26,000333,13:26:18,76.7100,36,1
2026-01-26,000333,13:26:21,76.7100,129,1
2026-01-26,000333,13:26:24,76.7100,91,2
2026-01-26,000333,13:26:27,76.7100,3,2
2026-01-26,000333,13:26:30,76.7200,9,4
2026-01-26,000333,13:26:33,76.7200,23,1
2026-01-26,000333,13:26:36,76.7100,5,2
2026-01-26,000333,13:26:39,76.7200,2,2
2026-01-26,000333,13:26:45,76.7100,1,2
2026-01-26,000333,13:26:48,76.7200,56,1
2026-01-26,000333,13:26:51,76.7500,6,1
2026-01-26,000333,13:26:54,76.7200,12,2
2026-01-26,000333,13:26:57,76.7200,12,2
2026-01-26,000333,13:27:00,76.7500,2,1
2026-01-26,000333,13:27:03,76.7500,41,1
2026-01-26,000333,13:27:06,76.7700,40,1
2026-01-26,000333,13:27:09,76.7200,19,2
2026-01-26,000333,13:27:12,76.7200,10,1
2026-01-26,000333,13:27:15,76.7200,10,1
2026-01-26,000333,13:27:18,76.7200,17,1
2026-01-26,000333,13:27:21,76.7200,6,1
2026-01-26,000333,13:27:24,76.7200,2,1
2026-01-26,000333,13:27:27,76.7200,22,1
2026-01-26,000333,13:27:30,76.7200,30,1
2026-01-26,000333,13:27:33,76.7200,30,1
2026-01-26,000333,13:27:36,76.7200,7,2
2026-01-26,000333,13:27:39,76.7300,87,1
2026-01-26,000333,13:27:42,76.7700,3,1
2026-01-26,000333,13:27:45,76.8000,126,1
2026-01-26,000333,13:27:48,76.7300,187,2
2026-01-26,000333,13:27:51,76.8000,20,1
2026-01-26,000333,13:27:54,76.7400,56,2
2026-01-26,000333,13:27:57,76.7400,12,1
2026-01-26,000333,13:28:00,76.7400,13,2
2026-01-26,000333,13:28:03,76.7900,18,1
2026-01-26,000333,13:28:06,76.7400,5,2
2026-01-26,000333,13:28:09,76.7400,8,2
2026-01-26,000333,13:28:15,76.7400,17,2
2026-01-26,000333,13:28:18,76.7500,8,1
2026-01-26,000333,13:28:21,76.7500,6,1
2026-01-26,000333,13:28:24,76.7500,13,2
2026-01-26,000333,13:28:27,76.7500,12,4
2026-01-26,000333,13:28:30,76.7600,20,1
2026-01-26,000333,13:28:33,76.7300,37,2
2026-01-26,000333,13:28:36,76.7400,7,1
2026-01-26,000333,13:28:39,76.7500,31,1
2026-01-26,000333,13:28:42,76.7400,12,4
2026-01-26,000333,13:28:45,76.7400,67,2
2026-01-26,000333,13:28:48,76.7300,15,2
2026-01-26,000333,13:28:51,76.7300,114,2
2026-01-26,000333,13:28:54,76.7200,18,2
2026-01-26,000333,13:28:57,76.7200,19,2
2026-01-26,000333,13:29:00,76.7200,8,2
2026-01-26,000333,13:29:03,76.7300,24,1
2026-01-26,000333,13:29:06,76.7200,20,2
2026-01-26,000333,13:29:09,76.7300,131,1
2026-01-26,000333,13:29:12,76.7200,41,2
2026-01-26,000333,13:29:15,76.7500,71,1
2026-01-26,000333,13:29:18,76.7200,26,2
2026-01-26,000333,13:29:21,76.7200,55,2
2026-01-26,000333,13:29:24,76.7200,96,2
2026-01-26,000333,13:29:27,76.7100,35,2
2026-01-26,000333,13:29:30,76.7100,22,2
2026-01-26,000333,13:29:33,76.7300,138,1
2026-01-26,000333,13:29:36,76.7400,15,1
2026-01-26,000333,13:29:39,76.7400,466,1
2026-01-26,000333,13:29:42,76.7400,32,2
2026-01-26,000333,13:29:45,76.7400,70,2
2026-01-26,000333,13:29:48,76.7600,23,1
2026-01-26,000333,13:29:51,76.7400,22,2
2026-01-26,000333,13:29:54,76.7600,8,1
2026-01-26,000333,13:29:57,76.7500,73,4
2026-01-26,000333,13:30:00,76.7600,21,1
2026-01-26,000333,13:30:03,76.7500,170,2
2026-01-26,000333,13:30:06,76.7500,11,2
2026-01-26,000333,13:30:09,76.7500,18,2
2026-01-26,000333,13:30:12,76.7400,50,2
2026-01-26,000333,13:30:15,76.7400,38,2
2026-01-26,000333,13:30:18,76.7400,87,2
2026-01-26,000333,13:30:21,76.7300,203,2
2026-01-26,000333,13:30:24,76.7100,175,2
2026-01-26,000333,13:30:27,76.7100,37,2
2026-01-26,000333,13:30:30,76.7100,88,2
2026-01-26,000333,13:30:33,76.7000,207,2
2026-01-26,000333,13:30:36,76.6600,526,2
2026-01-26,000333,13:30:39,76.6600,46,2
2026-01-26,000333,13:30:42,76.6300,98,2
2026-01-26,000333,13:30:45,76.6100,64,2
2026-01-26,000333,13:30:48,76.6300,93,1
2026-01-26,000333,13:30:51,76.6200,15,4
2026-01-26,000333,13:30:54,76.6400,65,1
2026-01-26,000333,13:30:57,76.6200,40,1
2026-01-26,000333,13:31:00,76.6300,16,1
2026-01-26,000333,13:31:03,76.6200,30,2
2026-01-26,000333,13:31:06,76.6200,22,1
2026-01-26,000333,13:31:09,76.6400,18,1
2026-01-26,000333,13:31:12,76.6400,111,1
2026-01-26,000333,13:31:15,76.6500,24,4
2026-01-26,000333,13:31:18,76.6600,14,2
2026-01-26,000333,13:31:21,76.6600,41,1
2026-01-26,000333,13:31:24,76.6600,3,2
2026-01-26,000333,13:31:27,76.6600,12,2
2026-01-26,000333,13:31:30,76.6600,50,2
2026-01-26,000333,13:31:33,76.6500,49,2
2026-01-26,000333,13:31:36,76.6700,6,1
2026-01-26,000333,13:31:39,76.6600,22,2
2026-01-26,000333,13:31:42,76.6800,10,1
2026-01-26,000333,13:31:45,76.6700,22,2
2026-01-26,000333,13:31:48,76.6600,19,2
2026-01-26,000333,13:31:51,76.6700,49,1
2026-01-26,000333,13:31:54,76.6600,26,2
2026-01-26,000333,13:31:57,76.6700,19,2
2026-01-26,000333,13:32:00,76.6800,3,2
2026-01-26,000333,13:32:03,76.6800,20,1
2026-01-26,000333,13:32:06,76.6700,13,2
2026-01-26,000333,13:32:09,76.6700,4,2
2026-01-26,000333,13:32:12,76.6700,24,2
2026-01-26,000333,13:32:15,76.6900,22,1
2026-01-26,000333,13:32:18,76.6900,69,2
2026-01-26,000333,13:32:21,76.6900,19,2
2026-01-26,000333,13:32:24,76.6900,21,2
2026-01-26,000333,13:32:27,76.7000,33,1
2026-01-26,000333,13:32:30,76.7000,99,1
2026-01-26,000333,13:32:33,76.7000,31,1
2026-01-26,000333,13:32:36,76.7000,25,1
2026-01-26,000333,13:32:39,76.7000,42,1
2026-01-26,000333,13:32:42,76.6900,50,2
2026-01-26,000333,13:32:45,76.6900,117,2
2026-01-26,000333,13:32:48,76.6700,10,2
2026-01-26,000333,13:32:51,76.6700,24,2
2026-01-26,000333,13:32:54,76.6700,15,2
2026-01-26,000333,13:32:57,76.6900,5,1
2026-01-26,000333,13:33:00,76.6900,2,1
2026-01-26,000333,13:33:03,76.6900,46,1
2026-01-26,000333,13:33:09,76.7000,15,1
2026-01-26,000333,13:33:12,76.6900,27,2
2026-01-26,000333,13:33:15,76.6900,28,2
2026-01-26,000333,13:33:18,76.7000,4,1
2026-01-26,000333,13:33:21,76.7000,9,1
2026-01-26,000333,13:33:24,76.6900,44,2
2026-01-26,000333,13:33:27,76.6900,60,2
2026-01-26,000333,13:33:30,76.7000,16,1
2026-01-26,000333,13:33:33,76.6900,48,2
2026-01-26,000333,13:33:36,76.7000,15,1
2026-01-26,000333,13:33:39,76.6900,31,2
2026-01-26,000333,13:33:42,76.7000,36,1
2026-01-26,000333,13:33:45,76.7100,127,1
2026-01-26,000333,13:33:48,76.7000,48,2
2026-01-26,000333,13:33:51,76.7100,19,1
2026-01-26,000333,13:33:54,76.7100,15,1
2026-01-26,000333,13:33:57,76.7100,8,4
2026-01-26,000333,13:34:00,76.7100,26,4
2026-01-26,000333,13:34:03,76.7200,37,1
2026-01-26,000333,13:34:06,76.7200,1,1
2026-01-26,000333,13:34:09,76.7100,22,2
2026-01-26,000333,13:34:12,76.7100,17,1
2026-01-26,000333,13:34:15,76.7100,12,1
2026-01-26,000333,13:34:21,76.7000,24,2
2026-01-26,000333,13:34:24,76.7000,21,2
2026-01-26,000333,13:34:27,76.7000,2,2
2026-01-26,000333,13:34:30,76.7000,8,2
2026-01-26,000333,13:34:33,76.7100,38,1
2026-01-26,000333,13:34:36,76.7100,13,1
2026-01-26,000333,13:34:39,76.7100,9,1
2026-01-26,000333,13:34:42,76.7100,59,1
2026-01-26,000333,13:34:45,76.7000,14,4
2026-01-26,000333,13:34:48,76.6900,83,2
2026-01-26,000333,13:34:51,76.7100,28,1
2026-01-26,000333,13:34:54,76.7000,187,2
2026-01-26,000333,13:34:57,76.7400,114,1
2026-01-26,000333,13:35:00,76.7000,71,2
2026-01-26,000333,13:35:03,76.6900,19,2
2026-01-26,000333,13:35:06,76.7100,34,4
2026-01-26,000333,13:35:09,76.7100,20,2
2026-01-26,000333,13:35:12,76.7000,11,2
2026-01-26,000333,13:35:15,76.7000,3,2
2026-01-26,000333,13:35:18,76.6900,16,2
2026-01-26,000333,13:35:21,76.7100,33,1
2026-01-26,000333,13:35:24,76.7000,56,1
2026-01-26,000333,13:35:27,76.7000,22,2
2026-01-26,000333,13:35:30,76.7000,20,2
2026-01-26,000333,13:35:33,76.7100,26,1
2026-01-26,000333,13:35:36,76.7100,20,1
2026-01-26,000333,13:35:42,76.7100,1,1
2026-01-26,000333,13:35:45,76.7000,7,2
2026-01-26,000333,13:35:48,76.7000,4,2
2026-01-26,000333,13:35:51,76.7000,7,2
2026-01-26,000333,13:35:54,76.7100,9,1
2026-01-26,000333,13:36:00,76.7000,15,2
2026-01-26,000333,13:36:03,76.7100,70,1
2026-01-26,000333,13:36:06,76.7100,11,1
2026-01-26,000333,13:36:09,76.7000,30,4
2026-01-26,000333,13:36:12,76.7100,7,1
2026-01-26,000333,13:36:15,76.7000,26,2
2026-01-26,000333,13:36:18,76.7000,9,2
2026-01-26,000333,13:36:21,76.7200,46,1
2026-01-26,000333,13:36:24,76.7100,24,2
2026-01-26,000333,13:36:27,76.7200,26,1
2026-01-26,000333,13:36:30,76.7200,16,2
2026-01-26,000333,13:36:33,76.7200,48,1
2026-01-26,000333,13:36:36,76.7200,49,1
2026-01-26,000333,13:36:39,76.7000,42,2
2026-01-26,000333,13:36:42,76.7100,98,1
2026-01-26,000333,13:36:45,76.7100,204,1
2026-01-26,000333,13:36:48,76.7100,170,1
2026-01-26,000333,13:36:51,76.7100,73,2
2026-01-26,000333,13:36:54,76.7000,55,2
2026-01-26,000333,13:36:57,76.7000,16,2
2026-01-26,000333,13:37:00,76.7100,21,4
2026-01-26,000333,13:37:03,76.7200,31,1
2026-01-26,000333,13:37:06,76.7200,1,2
2026-01-26,000333,13:37:09,76.7200,22,2
2026-01-26,000333,13:37:12,76.7300,17,1
2026-01-26,000333,13:37:15,76.7300,2,2
2026-01-26,000333,13:37:21,76.7200,6,2
2026-01-26,000333,13:37:24,76.7300,8,1
2026-01-26,000333,13:37:27,76.7300,11,1
2026-01-26,000333,13:37:30,76.7200,12,2
2026-01-26,000333,13:37:33,76.7300,26,1
2026-01-26,000333,13:37:36,76.7300,60,1
2026-01-26,000333,13:37:39,76.7300,9,2
2026-01-26,000333,13:37:42,76.7200,32,2
2026-01-26,000333,13:37:45,76.7200,6,2
2026-01-26,000333,13:37:48,76.7300,34,1
2026-01-26,000333,13:37:51,76.7400,2,1
2026-01-26,000333,13:37:54,76.7400,14,1
2026-01-26,000333,13:37:57,76.7300,20,2
2026-01-26,000333,13:38:00,76.7400,9,1
2026-01-26,000333,13:38:03,76.7500,37,1
2026-01-26,000333,13:38:06,76.7700,13,1
2026-01-26,000333,13:38:09,76.7600,5,1
2026-01-26,000333,13:38:12,76.7500,5,4
2026-01-26,000333,13:38:15,76.7400,13,2
2026-01-26,000333,13:38:18,76.7400,32,2
2026-01-26,000333,13:38:21,76.7400,14,2
2026-01-26,000333,13:38:24,76.7400,12,2
2026-01-26,000333,13:38:27,76.7400,37,2
2026-01-26,000333,13:38:30,76.7500,8,1
2026-01-26,000333,13:38:33,76.7400,62,2
2026-01-26,000333,13:38:36,76.7600,27,1
2026-01-26,000333,13:38:42,76.7600,29,2
2026-01-26,000333,13:38:45,76.7500,24,2
2026-01-26,000333,13:38:48,76.7500,2,2
2026-01-26,000333,13:38:51,76.7600,52,1
2026-01-26,000333,13:38:54,76.7600,61,2
2026-01-26,000333,13:38:57,76.7400,34,2
2026-01-26,000333,13:39:00,76.7400,33,2
2026-01-26,000333,13:39:03,76.7200,112,2
2026-01-26,000333,13:39:06,76.7200,21,2
2026-01-26,000333,13:39:09,76.7600,570,1
2026-01-26,000333,13:39:12,76.7600,22,2
2026-01-26,000333,13:39:15,76.7600,112,2
2026-01-26,000333,13:39:18,76.7800,155,1
2026-01-26,000333,13:39:21,76.7700,28,2
2026-01-26,000333,13:39:24,76.7700,17,2
2026-01-26,000333,13:39:27,76.7800,20,1
2026-01-26,000333,13:39:30,76.7700,34,2
2026-01-26,000333,13:39:33,76.7700,11,2
2026-01-26,000333,13:39:36,76.7800,20,1
2026-01-26,000333,13:39:39,76.7700,24,2
2026-01-26,000333,13:39:42,76.7700,42,2
2026-01-26,000333,13:39:45,76.7700,64,2
2026-01-26,000333,13:39:48,76.7700,39,2
2026-01-26,000333,13:39:51,76.7700,25,2
2026-01-26,000333,13:39:54,76.7700,35,2
2026-01-26,000333,13:39:57,76.7800,31,1
2026-01-26,000333,13:40:00,76.7800,5,2
2026-01-26,000333,13:40:03,76.7800,12,2
2026-01-26,000333,13:40:06,76.7900,4,1
2026-01-26,000333,13:40:09,76.7900,43,1
2026-01-26,000333,13:40:12,76.7800,20,2
2026-01-26,000333,13:40:15,76.8300,565,1
2026-01-26,000333,13:40:18,76.8400,63,1
2026-01-26,000333,13:40:21,76.8400,115,1
2026-01-26,000333,13:40:24,76.8400,264,2
2026-01-26,000333,13:40:27,76.8100,141,2
2026-01-26,000333,13:40:30,76.8200,256,2
2026-01-26,000333,13:40:33,76.8100,44,2
2026-01-26,000333,13:40:36,76.8200,25,1
2026-01-26,000333,13:40:39,76.8200,171,1
2026-01-26,000333,13:40:42,76.8200,37,1
2026-01-26,000333,13:40:45,76.8200,50,1
2026-01-26,000333,13:40:48,76.8000,67,2
2026-01-26,000333,13:40:51,76.8200,31,1
2026-01-26,000333,13:40:54,76.8100,16,4
2026-01-26,000333,13:40:57,76.8100,21,2
2026-01-26,000333,13:41:00,76.8200,120,1
2026-01-26,000333,13:41:03,76.8100,21,2
2026-01-26,000333,13:41:06,76.8200,73,1
2026-01-26,000333,13:41:09,76.8200,95,1
2026-01-26,000333,13:41:12,76.8200,24,2
2026-01-26,000333,13:41:15,76.8300,120,1
2026-01-26,000333,13:41:18,76.8300,136,1
2026-01-26,000333,13:41:21,76.8400,78,1
2026-01-26,000333,13:41:24,76.8500,102,1
2026-01-26,000333,13:41:27,76.8600,32,1
2026-01-26,000333,13:41:30,76.8500,55,2
2026-01-26,000333,13:41:33,76.8400,20,2
2026-01-26,000333,13:41:36,76.8500,73,1
2026-01-26,000333,13:41:39,76.8500,13,2
2026-01-26,000333,13:41:42,76.8600,20,1
2026-01-26,000333,13:41:45,76.8600,8,1
2026-01-26,000333,13:41:48,76.8500,123,2
2026-01-26,000333,13:41:51,76.8600,30,1
2026-01-26,000333,13:41:54,76.8500,61,2
2026-01-26,000333,13:41:57,76.8500,39,2
2026-01-26,000333,13:42:00,76.8600,50,1
2026-01-26,000333,13:42:03,76.8600,17,1
2026-01-26,000333,13:42:06,76.8500,11,2
2026-01-26,000333,13:42:09,76.8600,130,1
2026-01-26,000333,13:42:12,76.8600,23,1
2026-01-26,000333,13:42:15,76.8500,26,2
2026-01-26,000333,13:42:18,76.8500,41,2
2026-01-26,000333,13:42:21,76.8600,64,1
2026-01-26,000333,13:42:24,76.8500,26,2
2026-01-26,000333,13:42:27,76.8600,11,1
2026-01-26,000333,13:42:30,76.8600,192,1
2026-01-26,000333,13:42:33,76.8500,22,2
2026-01-26,000333,13:42:36,76.8600,41,2
2026-01-26,000333,13:42:39,76.8600,69,1
2026-01-26,000333,13:42:42,76.8700,3,1
2026-01-26,000333,13:42:45,76.8700,121,1
2026-01-26,000333,13:42:48,76.8600,9,2
2026-01-26,000333,13:42:51,76.8600,51,2
2026-01-26,000333,13:42:57,76.8700,125,1
2026-01-26,000333,13:43:00,76.8600,41,2
2026-01-26,000333,13:43:03,76.8600,120,2
2026-01-26,000333,13:43:06,76.8700,4,1
2026-01-26,000333,13:43:09,76.8700,45,1
2026-01-26,000333,13:43:12,76.8700,56,1
2026-01-26,000333,13:43:15,76.8600,35,2
2026-01-26,000333,13:43:18,76.8600,14,1
2026-01-26,000333,13:43:21,76.8600,16,1
2026-01-26,000333,13:43:24,76.8500,11,2
2026-01-26,000333,13:43:27,76.8500,13,2
2026-01-26,000333,13:43:30,76.8500,107,2
2026-01-26,000333,13:43:33,76.8700,76,1
2026-01-26,000333,13:43:36,76.8700,73,1
2026-01-26,000333,13:43:39,76.8600,8,2
2026-01-26,000333,13:43:42,76.8900,319,1
2026-01-26,000333,13:43:45,76.8800,141,2
2026-01-26,000333,13:43:48,76.8800,169,1
2026-01-26,000333,13:43:51,76.8900,188,1
2026-01-26,000333,13:43:54,76.8900,48,1
2026-01-26,000333,13:43:57,76.8900,86,1
2026-01-26,000333,13:44:00,76.8700,214,2
2026-01-26,000333,13:44:03,76.8700,155,2
2026-01-26,000333,13:44:06,76.8800,84,4
2026-01-26,000333,13:44:09,76.8900,35,1
2026-01-26,000333,13:44:12,76.8900,58,1
2026-01-26,000333,13:44:15,76.8700,59,2
2026-01-26,000333,13:44:18,76.8700,19,2
2026-01-26,000333,13:44:21,76.8900,43,1
2026-01-26,000333,13:44:24,76.8800,23,2
2026-01-26,000333,13:44:27,76.8900,20,1
2026-01-26,000333,13:44:30,76.8800,51,2
2026-01-26,000333,13:44:33,76.8900,38,1
2026-01-26,000333,13:44:36,76.9000,477,1
2026-01-26,000333,13:44:39,76.9000,168,2
2026-01-26,000333,13:44:42,76.9400,116,1
2026-01-26,000333,13:44:45,76.9300,143,2
2026-01-26,000333,13:44:48,76.9500,63,1
2026-01-26,000333,13:44:51,76.9300,115,2
2026-01-26,000333,13:44:54,76.9300,102,1
2026-01-26,000333,13:44:57,76.9000,30,1
2026-01-26,000333,13:45:00,76.9000,47,1
2026-01-26,000333,13:45:03,76.9300,157,1
2026-01-26,000333,13:45:06,76.9400,106,1
2026-01-26,000333,13:45:09,76.9300,122,2
2026-01-26,000333,13:45:12,76.9300,170,1
2026-01-26,000333,13:45:15,76.8900,91,2
2026-01-26,000333,13:45:18,76.9100,70,1
2026-01-26,000333,13:45:21,76.8800,61,2
2026-01-26,000333,13:45:24,76.8800,42,2
2026-01-26,000333,13:45:27,76.8900,16,4
2026-01-26,000333,13:45:30,76.8800,11,2
2026-01-26,000333,13:45:33,76.9000,28,1
2026-01-26,000333,13:45:36,76.8900,28,2
2026-01-26,000333,13:45:39,76.8800,26,2
2026-01-26,000333,13:45:42,76.8800,17,2
2026-01-26,000333,13:45:45,76.8800,13,2
2026-01-26,000333,13:45:48,76.8900,6,1
2026-01-26,000333,13:45:51,76.8900,15,1
2026-01-26,000333,13:45:54,76.8900,50,1
2026-01-26,000333,13:45:57,76.8900,64,2
2026-01-26,000333,13:46:00,76.8800,36,2
2026-01-26,000333,13:46:03,76.8900,54,1
2026-01-26,000333,13:46:06,76.8900,31,1
2026-01-26,000333,13:46:09,76.8900,140,1
2026-01-26,000333,13:46:12,76.8800,65,2
2026-01-26,000333,13:46:15,76.8800,54,2
2026-01-26,000333,13:46:18,76.8900,45,1
2026-01-26,000333,13:46:21,76.8900,32,1
2026-01-26,000333,13:46:24,76.8800,19,2
2026-01-26,000333,13:46:27,76.8800,66,2
2026-01-26,000333,13:46:30,76.8800,52,2
2026-01-26,000333,13:46:33,76.8800,67,1
2026-01-26,000333,13:46:36,76.8800,25,1
2026-01-26,000333,13:46:39,76.8700,16,2
2026-01-26,000333,13:46:42,76.8700,13,2
2026-01-26,000333,13:46:45,76.8700,33,2
2026-01-26,000333,13:46:48,76.8800,11,1
2026-01-26,000333,13:46:51,76.8700,29,2
2026-01-26,000333,13:46:54,76.8700,5,2
2026-01-26,000333,13:46:57,76.8700,66,2
2026-01-26,000333,13:47:00,76.8800,12,1
2026-01-26,000333,13:47:03,76.8800,22,1
2026-01-26,000333,13:47:06,76.9200,566,1
2026-01-26,000333,13:47:09,76.9200,211,2
2026-01-26,000333,13:47:12,76.8900,105,2
2026-01-26,000333,13:47:15,76.9200,291,1
2026-01-26,000333,13:47:18,76.9600,188,1
2026-01-26,000333,13:47:21,76.9200,163,2
2026-01-26,000333,13:47:24,76.9300,137,1
2026-01-26,000333,13:47:27,76.9300,116,1
2026-01-26,000333,13:47:30,76.9200,44,2
2026-01-26,000333,13:47:33,76.9200,126,2
2026-01-26,000333,13:47:36,76.9200,161,1
2026-01-26,000333,13:47:39,76.9000,83,2
2026-01-26,000333,13:47:42,76.9000,29,1
2026-01-26,000333,13:47:45,76.8900,35,2
2026-01-26,000333,13:47:48,76.9000,10,1
2026-01-26,000333,13:47:51,76.9200,80,1
2026-01-26,000333,13:47:54,76.9300,76,1
2026-01-26,000333,13:47:57,76.9200,43,2
2026-01-26,000333,13:48:00,76.9200,68,2
2026-01-26,000333,13:48:03,76.9500,140,1
2026-01-26,000333,13:48:06,76.9300,84,2
2026-01-26,000333,13:48:09,76.9200,61,2
2026-01-26,000333,13:48:12,76.9500,48,1
2026-01-26,000333,13:48:15,76.9500,97,1
2026-01-26,000333,13:48:18,76.9800,63,1
2026-01-26,000333,13:48:21,76.9300,74,2
2026-01-26,000333,13:48:24,76.9500,227,2
2026-01-26,000333,13:48:27,76.9900,200,1
2026-01-26,000333,13:48:30,76.9600,148,2
2026-01-26,000333,13:48:33,76.9500,93,2
2026-01-26,000333,13:48:36,76.9400,41,2
2026-01-26,000333,13:48:39,76.9400,45,2
2026-01-26,000333,13:48:42,76.9500,48,1
2026-01-26,000333,13:48:45,76.9400,84,2
2026-01-26,000333,13:48:48,76.9400,4,2
2026-01-26,000333,13:48:51,76.9500,99,1
2026-01-26,000333,13:48:54,76.9400,19,2
2026-01-26,000333,13:48:57,76.9400,56,2
2026-01-26,000333,13:49:00,76.9400,30,1
2026-01-26,000333,13:49:03,76.9400,37,1
2026-01-26,000333,13:49:06,76.9700,500,1
2026-01-26,000333,13:49:09,76.9600,265,2
2026-01-26,000333,13:49:12,76.9900,160,1
2026-01-26,000333,13:49:15,76.9500,98,2
2026-01-26,000333,13:49:18,76.9500,125,1
2026-01-26,000333,13:49:21,76.9500,37,2
2026-01-26,000333,13:49:24,76.9500,41,1
2026-01-26,000333,13:49:27,76.9500,26,1
2026-01-26,000333,13:49:30,76.9500,43,1
2026-01-26,000333,13:49:33,76.9500,27,1
2026-01-26,000333,13:49:36,76.9500,22,1
2026-01-26,000333,13:49:39,76.9600,38,1
2026-01-26,000333,13:49:42,76.9700,39,1
2026-01-26,000333,13:49:45,76.9700,30,1
2026-01-26,000333,13:49:48,76.9700,41,1
2026-01-26,000333,13:49:51,76.9600,38,2
2026-01-26,000333,13:49:54,76.9800,27,1
2026-01-26,000333,13:49:57,76.9800,15,2
2026-01-26,000333,13:50:00,76.9900,51,1
2026-01-26,000333,13:50:03,76.9900,44,2
2026-01-26,000333,13:50:06,76.9900,16,2
2026-01-26,000333,13:50:09,76.9900,43,2
2026-01-26,000333,13:50:12,76.9900,36,2
2026-01-26,000333,13:50:15,77.0000,120,1
2026-01-26,000333,13:50:18,76.9900,41,2
2026-01-26,000333,13:50:21,76.9900,46,2
2026-01-26,000333,13:50:24,77.0000,25,1
2026-01-26,000333,13:50:27,77.0200,22,1
2026-01-26,000333,13:50:30,77.0000,54,2
2026-01-26,000333,13:50:33,77.0200,57,1
2026-01-26,000333,13:50:36,77.0000,13,2
2026-01-26,000333,13:50:39,77.0100,60,1
2026-01-26,000333,13:50:42,76.9900,35,2
2026-01-26,000333,13:50:45,76.9900,61,2
2026-01-26,000333,13:50:48,76.9900,35,4
2026-01-26,000333,13:50:51,77.0000,24,1
2026-01-26,000333,13:50:54,76.9800,58,2
2026-01-26,000333,13:50:57,77.0100,36,1
2026-01-26,000333,13:51:00,77.0100,13,2
2026-01-26,000333,13:51:03,77.0100,171,2
2026-01-26,000333,13:51:06,77.0000,53,2
2026-01-26,000333,13:51:09,77.0100,34,1
2026-01-26,000333,13:51:12,77.0100,109,2
2026-01-26,000333,13:51:15,76.9800,49,2
2026-01-26,000333,13:51:18,77.0000,30,1
2026-01-26,000333,13:51:21,77.0000,22,1
2026-01-26,000333,13:51:24,76.9900,29,2
2026-01-26,000333,13:51:27,77.0100,96,1
2026-01-26,000333,13:51:30,77.0300,97,1
2026-01-26,000333,13:51:33,77.0100,80,2
2026-01-26,000333,13:51:36,77.0500,210,1
2026-01-26,000333,13:51:39,77.0600,62,1
2026-01-26,000333,13:51:42,77.0600,30,2
2026-01-26,000333,13:51:45,77.0600,29,2
2026-01-26,000333,13:51:48,77.0700,21,1
2026-01-26,000333,13:51:51,77.0600,18,2
2026-01-26,000333,13:51:54,77.0700,28,1
2026-01-26,000333,13:51:57,77.0800,84,1
2026-01-26,000333,13:52:00,77.0700,21,2
2026-01-26,000333,13:52:03,77.0700,20,1
2026-01-26,000333,13:52:06,77.0700,60,1
2026-01-26,000333,13:52:09,77.0700,55,1
2026-01-26,000333,13:52:12,77.0700,24,2
2026-01-26,000333,13:52:15,77.0800,11,1
2026-01-26,000333,13:52:18,77.0700,22,2
2026-01-26,000333,13:52:21,77.0700,63,2
2026-01-26,000333,13:52:24,77.0800,70,1
2026-01-26,000333,13:52:27,77.0700,16,2
2026-01-26,000333,13:52:30,77.0600,68,2
2026-01-26,000333,13:52:33,77.0800,97,1
2026-01-26,000333,13:52:36,77.0700,36,2
2026-01-26,000333,13:52:39,77.0600,78,2
2026-01-26,000333,13:52:42,77.0500,72,2
2026-01-26,000333,13:52:45,77.0600,33,1
2026-01-26,000333,13:52:48,77.0500,24,2
2026-01-26,000333,13:52:51,77.0500,15,2
2026-01-26,000333,13:52:54,77.0500,23,2
2026-01-26,000333,13:52:57,77.0600,135,1
2026-01-26,000333,13:53:00,77.0700,53,1
2026-01-26,000333,13:53:03,77.0700,29,1
2026-01-26,000333,13:53:06,77.0700,53,2
2026-01-26,000333,13:53:09,77.0700,28,1
2026-01-26,000333,13:53:12,77.0700,98,1
2026-01-26,000333,13:53:15,77.0600,34,2
2026-01-26,000333,13:53:18,77.0900,113,1
2026-01-26,000333,13:53:21,77.0600,141,2
2026-01-26,000333,13:53:24,77.0600,42,2
2026-01-26,000333,13:53:27,77.0600,14,2
2026-01-26,000333,13:53:30,77.0600,60,2
2026-01-26,000333,13:53:33,77.0700,67,1
2026-01-26,000333,13:53:36,77.0600,25,2
2026-01-26,000333,13:53:39,77.0600,85,2
2026-01-26,000333,13:53:42,77.0600,12,2
2026-01-26,000333,13:53:45,77.0600,55,2
2026-01-26,000333,13:53:48,77.0700,86,1
2026-01-26,000333,13:53:51,77.0900,64,1
2026-01-26,000333,13:53:54,77.0600,43,2
2026-01-26,000333,13:53:57,77.0800,37,1
2026-01-26,000333,13:54:00,77.0800,10,2
2026-01-26,000333,13:54:03,77.0800,111,2
2026-01-26,000333,13:54:06,77.0800,23,2
2026-01-26,000333,13:54:09,77.0800,21,1
2026-01-26,000333,13:54:12,77.0800,137,1
2026-01-26,000333,13:54:15,77.0800,23,2
2026-01-26,000333,13:54:18,77.0700,58,2
2026-01-26,000333,13:54:21,77.0700,23,2
2026-01-26,000333,13:54:24,77.0600,11,2
2026-01-26,000333,13:54:27,77.0600,7,2
2026-01-26,000333,13:54:30,77.0700,13,2
2026-01-26,000333,13:54:33,77.0700,58,1
2026-01-26,000333,13:54:36,77.0700,30,2
2026-01-26,000333,13:54:39,77.0900,427,1
2026-01-26,000333,13:54:42,77.1000,153,1
2026-01-26,000333,13:54:45,77.0900,53,2
2026-01-26,000333,13:54:48,77.0900,26,1
2026-01-26,000333,13:54:51,77.0800,30,2
2026-01-26,000333,13:54:54,77.0700,11,2
2026-01-26,000333,13:54:57,77.0800,7,1
2026-01-26,000333,13:55:00,77.0800,34,1
2026-01-26,000333,13:55:03,77.0800,38,1
2026-01-26,000333,13:55:06,77.0900,116,1
2026-01-26,000333,13:55:09,77.0800,615,2
2026-01-26,000333,13:55:12,77.0800,127,2
2026-01-26,000333,13:55:15,77.0800,12,2
2026-01-26,000333,13:55:18,77.0800,10,1
2026-01-26,000333,13:55:21,77.0700,16,2
2026-01-26,000333,13:55:24,77.0700,13,2
2026-01-26,000333,13:55:27,77.0700,3,2
2026-01-26,000333,13:55:30,77.0600,70,2
2026-01-26,000333,13:55:33,77.0500,133,2
2026-01-26,000333,13:55:36,77.0500,20,2
2026-01-26,000333,13:55:39,77.0500,11,1
2026-01-26,000333,13:55:42,77.0500,14,1
2026-01-26,000333,13:55:45,77.0500,55,1
2026-01-26,000333,13:55:48,77.0500,6,1
2026-01-26,000333,13:55:51,77.0400,59,2
2026-01-26,000333,13:55:54,77.0400,10,2
2026-01-26,000333,13:55:57,77.0400,105,2
2026-01-26,000333,13:56:00,77.0300,131,2
2026-01-26,000333,13:56:03,77.0300,38,2
2026-01-26,000333,13:56:06,77.0300,113,2
2026-01-26,000333,13:56:09,77.0300,60,1
2026-01-26,000333,13:56:12,76.9800,608,2
2026-01-26,000333,13:56:15,76.9500,123,2
2026-01-26,000333,13:56:18,76.9100,65,2
2026-01-26,000333,13:56:21,76.9100,60,2
2026-01-26,000333,13:56:24,76.9100,90,2
2026-01-26,000333,13:56:27,76.9100,107,2
2026-01-26,000333,13:56:30,76.9100,51,2
2026-01-26,000333,13:56:33,76.9000,117,2
2026-01-26,000333,13:56:36,76.9000,70,2
2026-01-26,000333,13:56:39,76.9000,13,2
2026-01-26,000333,13:56:42,76.9000,95,2
2026-01-26,000333,13:56:45,76.9000,83,2
2026-01-26,000333,13:56:48,76.9000,39,2
2026-01-26,000333,13:56:51,76.9000,59,2
2026-01-26,000333,13:56:54,76.9000,54,2
2026-01-26,000333,13:56:57,76.8900,47,2
2026-01-26,000333,13:57:00,76.8900,27,2
2026-01-26,000333,13:57:03,76.8900,45,2
2026-01-26,000333,13:57:06,76.8900,76,2
2026-01-26,000333,13:57:09,76.8900,58,2
2026-01-26,000333,13:57:12,76.9000,89,1
2026-01-26,000333,13:57:15,76.8900,17,2
2026-01-26,000333,13:57:18,76.8900,16,2
2026-01-26,000333,13:57:21,76.8900,26,2
2026-01-26,000333,13:57:24,76.8900,49,2
2026-01-26,000333,13:57:27,76.8900,42,2
2026-01-26,000333,13:57:30,76.8900,27,2
2026-01-26,000333,13:57:33,76.9000,33,1
2026-01-26,000333,13:57:36,76.9100,382,1
2026-01-26,000333,13:57:39,76.9100,161,1
2026-01-26,000333,13:57:42,76.9400,126,1
2026-01-26,000333,13:57:45,76.9500,30,1
2026-01-26,000333,13:57:48,76.9600,66,2
2026-01-26,000333,13:57:51,76.9400,63,2
2026-01-26,000333,13:57:54,76.9400,28,1
2026-01-26,000333,13:57:57,76.9300,6,2
2026-01-26,000333,13:58:00,76.9300,121,2
2026-01-26,000333,13:58:03,76.9800,29,1
2026-01-26,000333,13:58:06,76.9400,1,2
2026-01-26,000333,13:58:09,76.9200,280,2
2026-01-26,000333,13:58:12,76.8900,67,2
2026-01-26,000333,13:58:15,76.9000,20,2
2026-01-26,000333,13:58:18,76.9100,32,1
2026-01-26,000333,13:58:21,76.9400,154,1
2026-01-26,000333,13:58:24,76.9400,70,1
2026-01-26,000333,13:58:27,76.9200,34,2
2026-01-26,000333,13:58:30,76.9200,17,2
2026-01-26,000333,13:58:33,76.9300,111,1
2026-01-26,000333,13:58:36,76.9200,51,2
2026-01-26,000333,13:58:39,76.9100,51,2
2026-01-26,000333,13:58:42,76.9100,36,2
2026-01-26,000333,13:58:45,76.9100,40,2
2026-01-26,000333,13:58:48,76.9200,10,1
2026-01-26,000333,13:58:51,76.9200,65,1
2026-01-26,000333,13:58:54,76.9200,36,1
2026-01-26,000333,13:58:57,76.9000,50,2
2026-01-26,000333,13:59:00,76.9100,195,1
2026-01-26,000333,13:59:03,76.9100,71,1
2026-01-26,000333,13:59:06,76.9000,267,2
2026-01-26,000333,13:59:09,76.9100,57,4
2026-01-26,000333,13:59:12,76.9100,58,2
2026-01-26,000333,13:59:15,76.9000,16,2
2026-01-26,000333,13:59:18,76.8900,64,2
2026-01-26,000333,13:59:21,76.8900,10,2
2026-01-26,000333,13:59:24,76.9000,37,2
2026-01-26,000333,13:59:27,76.9100,87,1
2026-01-26,000333,13:59:30,76.8900,80,2
2026-01-26,000333,13:59:33,76.8800,131,2
2026-01-26,000333,13:59:36,76.8800,67,2
2026-01-26,000333,13:59:39,76.8800,85,2
2026-01-26,000333,13:59:42,76.8800,94,2
2026-01-26,000333,13:59:45,76.8700,54,2
2026-01-26,000333,13:59:48,76.8800,52,1
2026-01-26,000333,13:59:51,76.8800,52,1
2026-01-26,000333,13:59:54,76.8800,95,1
2026-01-26,000333,13:59:57,76.8800,58,1
2026-01-26,000333,14:00:00,76.8700,65,2
2026-01-26,000333,14:00:03,76.8600,80,2
2026-01-26,000333,14:00:06,76.8600,236,2
2026-01-26,000333,14:00:09,76.8500,317,2
2026-01-26,000333,14:00:12,76.8400,319,2
2026-01-26,000333,14:00:15,76.8400,110,2
2026-01-26,000333,14:00:18,76.8200,49,2
2026-01-26,000333,14:00:21,76.8200,76,2
2026-01-26,000333,14:00:24,76.8100,26,2
2026-01-26,000333,14:00:27,76.8100,18,2
2026-01-26,000333,14:00:30,76.8100,46,2
2026-01-26,000333,14:00:33,76.8100,16,1
2026-01-26,000333,14:00:36,76.8300,152,1
2026-01-26,000333,14:00:39,76.8500,141,1
2026-01-26,000333,14:00:42,76.8500,49,1
2026-01-26,000333,14:00:45,76.8500,75,2
2026-01-26,000333,14:00:48,76.8500,52,2
2026-01-26,000333,14:00:51,76.8600,67,1
2026-01-26,000333,14:00:54,76.8700,7,1
2026-01-26,000333,14:00:57,76.8600,34,2
2026-01-26,000333,14:01:00,76.8600,13,2
2026-01-26,000333,14:01:03,76.8700,46,1
2026-01-26,000333,14:01:06,76.8600,49,2
2026-01-26,000333,14:01:09,76.8700,19,1
2026-01-26,000333,14:01:12,76.8500,28,2
2026-01-26,000333,14:01:15,76.8500,67,2
2026-01-26,000333,14:01:18,76.8500,218,2
2026-01-26,000333,14:01:21,76.8400,58,2
2026-01-26,000333,14:01:24,76.8500,44,1
2026-01-26,000333,14:01:27,76.8500,58,1
2026-01-26,000333,14:01:30,76.8500,43,1
2026-01-26,000333,14:01:33,76.8500,35,1
2026-01-26,000333,14:01:36,76.8400,68,2
2026-01-26,000333,14:01:39,76.8600,7,1
2026-01-26,000333,14:01:42,76.8600,20,1
2026-01-26,000333,14:01:45,76.8500,12,2
2026-01-26,000333,14:01:48,76.8500,25,1
2026-01-26,000333,14:01:51,76.8600,24,1
2026-01-26,000333,14:01:54,76.8400,9,2
2026-01-26,000333,14:01:57,76.8400,30,2
2026-01-26,000333,14:02:00,76.8500,18,4
2026-01-26,000333,14:02:03,76.8500,26,2
2026-01-26,000333,14:02:06,76.8600,12,1
2026-01-26,000333,14:02:09,76.8600,43,1
2026-01-26,000333,14:02:12,76.8600,20,1
2026-01-26,000333,14:02:15,76.8600,99,2
2026-01-26,000333,14:02:18,76.8600,25,2
2026-01-26,000333,14:02:21,76.8600,27,2
2026-01-26,000333,14:02:24,76.8600,18,2
2026-01-26,000333,14:02:27,76.8600,24,2
2026-01-26,000333,14:02:30,76.8600,73,2
2026-01-26,000333,14:02:33,76.8600,93,2
2026-01-26,000333,14:02:36,76.8700,91,1
2026-01-26,000333,14:02:39,76.8600,10,4
2026-01-26,000333,14:02:42,76.8600,35,2
2026-01-26,000333,14:02:45,76.8500,22,2
2026-01-26,000333,14:02:48,76.8600,50,1
2026-01-26,000333,14:02:51,76.8600,73,2
2026-01-26,000333,14:02:54,76.8600,120,1
2026-01-26,000333,14:02:57,76.8600,49,2
2026-01-26,000333,14:03:00,76.8500,43,2
2026-01-26,000333,14:03:03,76.8500,116,2
2026-01-26,000333,14:03:06,76.8400,122,2
2026-01-26,000333,14:03:09,76.8300,169,2
2026-01-26,000333,14:03:12,76.8300,148,2
2026-01-26,000333,14:03:15,76.8200,94,2
2026-01-26,000333,14:03:18,76.8300,142,1
2026-01-26,000333,14:03:21,76.8200,53,2
2026-01-26,000333,14:03:24,76.8100,57,2
2026-01-26,000333,14:03:27,76.8200,72,1
2026-01-26,000333,14:03:30,76.8200,15,1
2026-01-26,000333,14:03:33,76.8100,29,2
2026-01-26,000333,14:03:36,76.8000,143,2
2026-01-26,000333,14:03:39,76.8100,70,1
2026-01-26,000333,14:03:42,76.8000,49,2
2026-01-26,000333,14:03:45,76.8000,20,2
2026-01-26,000333,14:03:48,76.8000,16,2
2026-01-26,000333,14:03:51,76.8000,3,2
2026-01-26,000333,14:03:54,76.8100,475,1
2026-01-26,000333,14:03:57,76.8500,241,1
2026-01-26,000333,14:04:00,76.8400,46,2
2026-01-26,000333,14:04:03,76.8400,55,1
2026-01-26,000333,14:04:06,76.8600,616,1
2026-01-26,000333,14:04:09,76.8600,84,1
2026-01-26,000333,14:04:12,76.8500,116,2
2026-01-26,000333,14:04:15,76.8500,19,2
2026-01-26,000333,14:04:18,76.8400,4,2
2026-01-26,000333,14:04:21,76.8400,10,2
2026-01-26,000333,14:04:24,76.8400,24,2
2026-01-26,000333,14:04:27,76.8500,47,1
2026-01-26,000333,14:04:30,76.8600,32,1
2026-01-26,000333,14:04:33,76.8600,21,1
2026-01-26,000333,14:04:36,76.8500,92,2
2026-01-26,000333,14:04:39,76.8600,28,1
2026-01-26,000333,14:04:42,76.8600,80,1
2026-01-26,000333,14:04:45,76.8700,155,1
2026-01-26,000333,14:04:48,76.8700,30,1
2026-01-26,000333,14:04:51,76.8500,94,2
2026-01-26,000333,14:04:54,76.8700,141,1
2026-01-26,000333,14:04:57,76.9000,52,1
2026-01-26,000333,14:05:00,76.8700,51,2
2026-01-26,000333,14:05:03,76.8700,35,1
2026-01-26,000333,14:05:06,76.8500,79,2
2026-01-26,000333,14:05:09,76.8700,33,1
2026-01-26,000333,14:05:12,76.8700,39,1
2026-01-26,000333,14:05:15,76.8600,35,2
2026-01-26,000333,14:05:18,76.8600,27,2
2026-01-26,000333,14:05:21,76.8600,71,2
2026-01-26,000333,14:05:24,76.8500,86,2
2026-01-26,000333,14:05:27,76.8500,42,2
2026-01-26,000333,14:05:30,76.8500,55,2
2026-01-26,000333,14:05:33,76.8400,36,2
2026-01-26,000333,14:05:36,76.8400,27,2
2026-01-26,000333,14:05:39,76.8400,20,2
2026-01-26,000333,14:05:42,76.8400,15,2
2026-01-26,000333,14:05:45,76.8500,4,1
2026-01-26,000333,14:05:48,76.8400,44,2
2026-01-26,000333,14:05:51,76.8500,10,1
2026-01-26,000333,14:05:54,76.8500,8,1
2026-01-26,000333,14:05:57,76.8400,49,2
2026-01-26,000333,14:06:00,76.8500,73,1
2026-01-26,000333,14:06:03,76.8600,356,1
2026-01-26,000333,14:06:06,76.8400,87,2
2026-01-26,000333,14:06:09,76.8500,31,2
2026-01-26,000333,14:06:12,76.8500,79,2
2026-01-26,000333,14:06:15,76.8400,112,2
2026-01-26,000333,14:06:18,76.8500,77,2
2026-01-26,000333,14:06:21,76.8300,183,2
2026-01-26,000333,14:06:24,76.8300,41,1
2026-01-26,000333,14:06:27,76.8400,94,1
2026-01-26,000333,14:06:30,76.8300,42,2
2026-01-26,000333,14:06:33,76.8300,112,2
2026-01-26,000333,14:06:36,76.8300,62,2
2026-01-26,000333,14:06:39,76.8400,39,1
2026-01-26,000333,14:06:42,76.8200,38,2
2026-01-26,000333,14:06:45,76.8300,47,1
2026-01-26,000333,14:06:48,76.8300,12,1
2026-01-26,000333,14:06:51,76.8200,90,2
2026-01-26,000333,10:55:51,76.9400,98,1
2026-01-26,000333,10:55:54,76.8900,69,2
2026-01-26,000333,10:55:57,76.9000,105,2
2026-01-26,000333,10:56:00,76.8900,71,2
2026-01-26,000333,10:56:03,76.9400,37,1
2026-01-26,000333,10:56:06,76.9200,79,2
2026-01-26,000333,10:56:09,76.9200,63,2
2026-01-26,000333,10:56:12,76.9300,76,1
2026-01-26,000333,10:56:15,76.8900,87,2
2026-01-26,000333,10:56:18,76.9300,74,1
2026-01-26,000333,10:56:21,76.9300,74,1
2026-01-26,000333,10:56:24,76.9200,91,1
2026-01-26,000333,10:56:27,76.9400,112,1
2026-01-26,000333,10:56:30,76.9500,54,1
2026-01-26,000333,10:56:33,76.9500,117,1
2026-01-26,000333,10:56:36,76.9200,92,2
2026-01-26,000333,10:56:39,76.9400,118,1
2026-01-26,000333,10:56:42,76.8700,92,2
2026-01-26,000333,10:56:45,76.9500,89,1
2026-01-26,000333,10:56:48,76.9300,106,1
2026-01-26,000333,10:56:51,76.9300,19,2
2026-01-26,000333,10:56:54,76.9600,99,1
2026-01-26,000333,10:56:57,76.9500,104,2
2026-01-26,000333,10:57:00,76.9500,116,1
2026-01-26,000333,10:57:03,76.9300,129,2
2026-01-26,000333,10:57:06,76.8800,31,2
2026-01-26,000333,10:57:09,76.8700,91,2
2026-01-26,000333,10:57:12,76.9500,142,1
2026-01-26,000333,10:57:15,76.9400,107,2
2026-01-26,000333,10:57:18,76.9400,114,1
2026-01-26,000333,10:57:21,76.8900,86,2
2026-01-26,000333,10:57:24,76.9300,33,2
2026-01-26,000333,10:57:27,76.9300,81,1
2026-01-26,000333,10:57:30,76.8900,28,2
2026-01-26,000333,10:57:33,76.9800,127,1
2026-01-26,000333,10:57:36,76.9700,85,2
2026-01-26,000333,10:57:39,76.9700,56,2
2026-01-26,000333,10:57:42,76.9700,74,2
2026-01-26,000333,10:57:45,76.9900,40,1
2026-01-26,000333,10:57:48,76.9600,244,2
2026-01-26,000333,10:57:51,76.9600,130,1
2026-01-26,000333,10:57:54,76.9200,95,2
2026-01-26,000333,10:57:57,76.9000,144,2
2026-01-26,000333,10:58:00,76.8600,89,2
2026-01-26,000333,10:58:03,76.8400,187,2
2026-01-26,000333,10:58:06,76.8700,95,2
2026-01-26,000333,10:58:09,76.8400,138,2
2026-01-26,000333,10:58:12,76.8800,131,1
2026-01-26,000333,10:58:15,76.8800,58,2
2026-01-26,000333,10:58:18,76.8300,137,2
2026-01-26,000333,10:58:21,76.8100,277,2
2026-01-26,000333,10:58:24,76.8100,188,2
2026-01-26,000333,10:58:27,76.8000,235,2
2026-01-26,000333,10:58:30,76.8000,198,2
2026-01-26,000333,10:58:33,76.8000,268,2
2026-01-26,000333,10:58:36,76.8000,116,2
2026-01-26,000333,10:58:39,76.7800,110,2
2026-01-26,000333,10:58:42,76.8000,212,2
2026-01-26,000333,10:58:45,76.8000,202,1
2026-01-26,000333,10:58:48,76.7700,222,2
2026-01-26,000333,10:58:51,76.7800,152,2
2026-01-26,000333,10:58:54,76.7800,154,2
2026-01-26,000333,10:58:57,76.7800,216,2
2026-01-26,000333,10:59:00,76.7800,154,2
2026-01-26,000333,10:59:03,76.8200,147,1
2026-01-26,000333,10:59:06,76.7600,154,2
2026-01-26,000333,10:59:09,76.7100,241,2
2026-01-26,000333,10:59:12,76.7500,108,1
2026-01-26,000333,10:59:15,76.7000,223,2
2026-01-26,000333,10:59:18,76.7100,245,2
2026-01-26,000333,10:59:21,76.6500,152,2
2026-01-26,000333,10:59:24,76.6600,293,2
2026-01-26,000333,10:59:27,76.7100,252,1
2026-01-26,000333,10:59:30,76.7100,280,1
2026-01-26,000333,10:59:33,76.7400,327,1
2026-01-26,000333,10:59:36,76.6400,306,2
2026-01-26,000333,10:59:39,76.6200,139,2
2026-01-26,000333,10:59:42,76.7100,160,1
2026-01-26,000333,10:59:45,76.7000,370,1
2026-01-26,000333,10:59:48,76.7000,310,2
2026-01-26,000333,10:59:51,76.7000,143,1
2026-01-26,000333,10:59:54,76.7000,316,1
2026-01-26,000333,10:59:57,76.7100,188,1
2026-01-26,000333,11:00:00,76.6600,271,2
2026-01-26,000333,11:00:03,76.6400,227,2
2026-01-26,000333,11:00:06,76.7000,185,1
2026-01-26,000333,11:00:09,76.7000,231,2
2026-01-26,000333,11:00:12,76.6800,269,2
2026-01-26,000333,11:00:15,76.6800,299,1
2026-01-26,000333,11:00:18,76.6200,224,2
2026-01-26,000333,11:00:21,76.7000,193,1
2026-01-26,000333,11:00:24,76.6900,200,4
2026-01-26,000333,11:00:27,76.6100,104,2
2026-01-26,000333,11:00:30,76.6200,96,2
2026-01-26,000333,11:00:33,76.6900,156,1
2026-01-26,000333,11:00:36,76.6300,91,2
2026-01-26,000333,11:00:39,76.6800,77,1
2026-01-26,000333,11:00:42,76.6100,297,2
2026-01-26,000333,11:00:45,76.6700,317,1
2026-01-26,000333,11:00:48,76.6100,233,2
2026-01-26,000333,11:00:51,76.6000,84,2
2026-01-26,000333,11:00:54,76.6000,194,2
2026-01-26,000333,11:00:57,76.5900,158,2
2026-01-26,000333,11:01:00,76.6100,68,2
2026-01-26,000333,11:01:03,76.5900,225,2
2026-01-26,000333,11:01:06,76.5400,150,2
2026-01-26,000333,11:01:09,76.6200,157,1
2026-01-26,000333,11:01:12,76.5900,104,2
2026-01-26,000333,11:01:15,76.5200,255,2
2026-01-26,000333,11:01:18,76.5800,159,2
2026-01-26,000333,11:01:21,76.5200,120,2
2026-01-26,000333,11:01:24,76.5200,140,2
2026-01-26,000333,11:01:27,76.5200,123,2
2026-01-26,000333,11:01:30,76.5300,187,2
2026-01-26,000333,11:01:33,76.5400,177,2
2026-01-26,000333,11:01:36,76.5200,144,2
2026-01-26,000333,11:01:39,76.5400,66,2
2026-01-26,000333,11:01:42,76.5200,150,2
2026-01-26,000333,11:01:45,76.5100,278,2
2026-01-26,000333,11:01:48,76.5100,181,2
2026-01-26,000333,11:01:51,76.5100,214,2
2026-01-26,000333,11:01:54,76.5200,99,2
2026-01-26,000333,11:01:57,76.5700,268,2
2026-01-26,000333,11:02:00,76.5300,156,2
2026-01-26,000333,11:02:03,76.6100,98,1
2026-01-26,000333,11:02:06,76.6300,84,1
2026-01-26,000333,11:02:09,76.5200,280,2
2026-01-26,000333,11:02:12,76.6300,93,2
2026-01-26,000333,11:02:15,76.6900,23,1
2026-01-26,000333,11:02:18,76.7000,144,1
2026-01-26,000333,11:02:21,76.7400,17,1
2026-01-26,000333,11:02:24,76.7400,81,2
2026-01-26,000333,11:02:27,76.7600,33,1
2026-01-26,000333,11:02:30,76.8000,93,1
2026-01-26,000333,11:02:33,76.8200,142,1
2026-01-26,000333,11:02:36,76.8000,145,2
2026-01-26,000333,11:02:39,76.7800,127,2
2026-01-26,000333,11:02:42,76.7900,76,1
2026-01-26,000333,11:02:45,76.7900,80,1
2026-01-26,000333,11:02:48,76.7100,99,2
2026-01-26,000333,11:02:51,76.7600,85,1
2026-01-26,000333,11:02:54,76.7300,126,2
2026-01-26,000333,11:02:57,76.7500,107,1
2026-01-26,000333,11:03:00,76.7100,163,1
2026-01-26,000333,11:03:03,76.7000,203,2
2026-01-26,000333,11:03:06,76.7000,99,2
2026-01-26,000333,11:03:09,76.7400,80,1
2026-01-26,000333,11:03:12,76.7100,140,2
2026-01-26,000333,11:03:15,76.7400,98,1
2026-01-26,000333,11:03:18,76.6600,147,2
2026-01-26,000333,11:03:21,76.7200,106,1
2026-01-26,000333,11:03:24,76.6600,63,2
2026-01-26,000333,11:03:27,76.7000,83,2
2026-01-26,000333,11:03:30,76.6900,164,2
2026-01-26,000333,11:03:33,76.6300,155,2
2026-01-26,000333,11:03:36,76.6300,85,2
2026-01-26,000333,11:03:39,76.5900,250,2
2026-01-26,000333,11:03:42,76.6300,84,2
2026-01-26,000333,11:03:45,76.7100,152,1
2026-01-26,000333,11:03:48,76.7000,155,1
2026-01-26,000333,11:03:51,76.7200,56,1
2026-01-26,000333,11:03:54,76.7600,131,1
2026-01-26,000333,11:03:57,76.7500,215,1
2026-01-26,000333,11:04:00,76.6700,89,2
2026-01-26,000333,11:04:03,76.7600,83,1
2026-01-26,000333,11:04:06,76.7600,67,2
2026-01-26,000333,11:04:09,76.7600,55,1
2026-01-26,000333,11:04:12,76.7300,40,2
2026-01-26,000333,11:04:15,76.7600,11,2
2026-01-26,000333,11:04:18,76.7700,53,2
2026-01-26,000333,11:04:21,76.6800,60,2
2026-01-26,000333,11:04:24,76.7800,49,1
2026-01-26,000333,11:04:27,76.7700,55,2
2026-01-26,000333,11:04:30,76.7900,80,2
2026-01-26,000333,11:04:33,76.8300,139,1
2026-01-26,000333,11:04:36,76.8300,54,1
2026-01-26,000333,11:04:39,76.7700,42,2
2026-01-26,000333,11:04:42,76.7800,26,2
2026-01-26,000333,11:04:45,76.8000,10,4
2026-01-26,000333,11:04:48,76.8700,42,1
2026-01-26,000333,11:04:51,76.8600,36,1
2026-01-26,000333,11:04:54,76.8800,38,1
2026-01-26,000333,11:04:57,76.9000,5,2
2026-01-26,000333,11:05:00,76.9000,60,2
2026-01-26,000333,11:05:03,76.9500,20,1
2026-01-26,000333,11:05:06,76.9600,34,1
2026-01-26,000333,11:05:09,76.9500,81,2
2026-01-26,000333,11:05:12,76.9600,71,2
2026-01-26,000333,11:05:15,77.0000,135,1
2026-01-26,000333,11:05:18,76.9600,448,2
2026-01-26,000333,11:05:21,76.9600,107,2
2026-01-26,000333,11:05:24,76.9000,186,2
2026-01-26,000333,11:05:27,76.9000,17,2
2026-01-26,000333,11:05:30,76.9000,97,2
2026-01-26,000333,11:05:33,76.9600,85,1
2026-01-26,000333,11:05:36,76.9500,111,1
2026-01-26,000333,11:05:39,76.9500,35,2
2026-01-26,000333,11:05:42,76.9800,6,1
2026-01-26,000333,11:05:45,76.9800,31,1
2026-01-26,000333,11:05:48,76.9700,14,2
2026-01-26,000333,11:05:51,76.9800,2,1
2026-01-26,000333,11:05:54,76.9800,37,1
2026-01-26,000333,11:05:57,76.9700,15,2
2026-01-26,000333,11:06:00,76.9600,54,2
2026-01-26,000333,11:06:03,76.9600,38,2
2026-01-26,000333,11:06:06,76.9500,28,2
2026-01-26,000333,11:06:09,76.9700,61,1
2026-01-26,000333,11:06:12,76.9500,59,2
2026-01-26,000333,11:06:15,76.9600,18,4
2026-01-26,000333,11:06:18,76.9600,33,2
2026-01-26,000333,11:06:24,76.9700,13,2
2026-01-26,000333,11:06:27,76.9600,29,2
2026-01-26,000333,11:06:30,76.9700,11,1
2026-01-26,000333,11:06:33,76.9700,23,4
2026-01-26,000333,11:06:36,76.9800,14,1
2026-01-26,000333,11:06:39,76.9600,13,2
2026-01-26,000333,11:06:42,76.9700,5,1
2026-01-26,000333,11:06:45,76.9500,3,2
2026-01-26,000333,11:06:48,76.9600,17,1
2026-01-26,000333,11:06:51,76.9600,4,2
2026-01-26,000333,11:06:54,76.9700,43,1
2026-01-26,000333,11:06:57,76.9700,47,1
2026-01-26,000333,11:07:00,76.9800,211,1
2026-01-26,000333,11:07:03,77.0200,66,1
2026-01-26,000333,11:07:06,77.0200,145,4
2026-01-26,000333,11:07:09,77.0100,35,1
2026-01-26,000333,11:07:12,76.9800,101,2
2026-01-26,000333,11:07:15,76.9600,89,2
2026-01-26,000333,11:07:18,76.9800,67,1
2026-01-26,000333,11:07:21,76.9700,21,1
2026-01-26,000333,11:07:24,76.9700,10,2
2026-01-26,000333,11:07:27,76.9600,11,2
2026-01-26,000333,11:07:30,76.9700,16,1
2026-01-26,000333,11:07:33,76.9700,35,1
2026-01-26,000333,11:07:36,76.9600,14,2
2026-01-26,000333,11:07:39,76.9600,12,2
2026-01-26,000333,11:07:42,76.9600,3,2
2026-01-26,000333,11:07:45,76.9600,29,2
2026-01-26,000333,11:07:48,76.9700,13,4
2026-01-26,000333,11:07:51,76.9700,20,2
2026-01-26,000333,11:07:54,76.9700,7,1
2026-01-26,000333,11:07:57,76.9600,17,2
2026-01-26,000333,11:08:00,76.9600,17,2
2026-01-26,000333,11:08:03,76.9700,36,1
2026-01-26,000333,11:08:06,76.9700,27,2
2026-01-26,000333,11:08:09,76.9800,34,1
2026-01-26,000333,11:08:12,76.9700,3,2
2026-01-26,000333,11:08:15,76.9900,35,1
2026-01-26,000333,11:08:18,76.9900,114,2
2026-01-26,000333,11:08:21,76.9800,5,2
2026-01-26,000333,11:08:24,76.9800,33,2
2026-01-26,000333,11:08:27,76.9800,3,2
2026-01-26,000333,11:08:30,76.9800,6,2
2026-01-26,000333,11:08:33,76.9800,41,2
2026-01-26,000333,11:08:36,76.9800,13,2
2026-01-26,000333,11:08:39,76.9800,34,2
2026-01-26,000333,11:08:42,76.9900,60,1
2026-01-26,000333,11:08:45,76.9900,21,2
2026-01-26,000333,11:08:48,77.0000,34,1
2026-01-26,000333,11:08:51,77.0000,2,1
2026-01-26,000333,11:08:54,76.9900,26,2
2026-01-26,000333,11:08:57,77.0000,51,1
2026-01-26,000333,11:09:00,76.9900,34,2
2026-01-26,000333,11:09:03,76.9900,58,2
2026-01-26,000333,11:09:06,77.0100,24,1
2026-01-26,000333,11:09:09,77.0000,13,2
2026-01-26,000333,11:09:12,77.0000,17,2
2026-01-26,000333,11:09:18,76.9900,27,2
2026-01-26,000333,11:09:21,77.0000,65,1
2026-01-26,000333,11:09:24,76.9900,35,2
2026-01-26,000333,11:09:27,76.9900,13,2
2026-01-26,000333,11:09:30,76.9900,10,2
2026-01-26,000333,11:09:33,76.9800,565,2
2026-01-26,000333,11:09:36,76.9600,7,2
2026-01-26,000333,11:09:39,76.9600,117,2
2026-01-26,000333,11:09:42,76.9700,5,1
2026-01-26,000333,11:09:45,76.9700,19,1
2026-01-26,000333,11:09:48,76.9900,455,1
2026-01-26,000333,11:09:51,76.9500,91,2
2026-01-26,000333,11:09:54,76.9400,279,2
2026-01-26,000333,11:09:57,76.9400,20,2
2026-01-26,000333,11:10:00,76.9200,81,2
2026-01-26,000333,11:10:03,76.9400,47,1
2026-01-26,000333,11:10:06,76.9300,28,4
2026-01-26,000333,11:10:09,76.9100,45,2
2026-01-26,000333,11:10:12,76.9100,13,2
2026-01-26,000333,11:10:15,76.9200,5,4
2026-01-26,000333,11:10:18,76.9200,20,2
2026-01-26,000333,11:10:21,76.9200,26,1
2026-01-26,000333,11:10:24,76.9300,84,1
2026-01-26,000333,11:10:27,76.9300,16,1
2026-01-26,000333,11:10:30,76.9100,31,2
2026-01-26,000333,11:10:33,76.9300,25,1
2026-01-26,000333,11:10:36,76.9300,49,1
2026-01-26,000333,11:10:39,76.9300,30,1
2026-01-26,000333,11:10:42,76.9300,12,1
2026-01-26,000333,11:10:45,76.9300,6,1
2026-01-26,000333,11:10:48,76.9200,15,2
2026-01-26,000333,11:10:51,76.9200,27,2
2026-01-26,000333,11:10:54,76.9300,38,1
2026-01-26,000333,11:10:57,76.9100,14,2
2026-01-26,000333,11:11:00,76.9100,25,2
2026-01-26,000333,11:11:03,76.9200,27,1
2026-01-26,000333,11:11:06,76.9100,1,2
2026-01-26,000333,11:11:09,76.9200,1,1
2026-01-26,000333,11:11:12,76.9100,105,2
2026-01-26,000333,11:11:15,76.9100,3,1
2026-01-26,000333,11:11:18,76.9000,18,2
2026-01-26,000333,11:11:21,76.9000,38,2
2026-01-26,000333,11:11:24,76.9000,31,2
2026-01-26,000333,11:11:27,76.9000,16,2
2026-01-26,000333,11:11:30,76.9100,68,1
2026-01-26,000333,11:11:33,76.9100,23,2
2026-01-26,000333,11:11:36,76.9000,15,2
2026-01-26,000333,11:11:39,76.9100,25,1
2026-01-26,000333,11:11:42,76.9000,19,2
2026-01-26,000333,11:11:45,76.9000,49,2
2026-01-26,000333,11:11:48,76.9000,44,2
2026-01-26,000333,11:11:51,76.9000,77,2
2026-01-26,000333,11:11:54,76.9000,84,2
2026-01-26,000333,11:11:57,76.8900,82,2
2026-01-26,000333,11:12:00,76.8900,68,2
2026-01-26,000333,11:12:03,76.8900,31,2
2026-01-26,000333,11:12:06,76.8800,36,2
2026-01-26,000333,11:12:09,76.8900,9,1
2026-01-26,000333,11:12:12,76.8900,1,1
2026-01-26,000333,11:12:15,76.8800,82,2
2026-01-26,000333,11:12:18,76.8700,47,2
2026-01-26,000333,11:12:21,76.8600,5,2
2026-01-26,000333,11:12:24,76.8700,37,1
2026-01-26,000333,11:12:27,76.8700,27,1
2026-01-26,000333,11:12:30,76.8600,32,2
2026-01-26,000333,11:12:33,76.8600,26,2
2026-01-26,000333,11:12:36,76.8600,30,1
2026-01-26,000333,11:12:39,76.8500,201,2
2026-01-26,000333,11:12:42,76.8500,22,2
2026-01-26,000333,11:12:45,76.8500,28,2
2026-01-26,000333,11:12:48,76.8500,215,2
2026-01-26,000333,11:12:51,76.8300,26,2
2026-01-26,000333,11:12:54,76.8300,58,2
2026-01-26,000333,11:12:57,76.8300,17,2
2026-01-26,000333,11:13:00,76.8300,15,2
2026-01-26,000333,11:13:03,76.8300,111,2
2026-01-26,000333,11:13:06,76.8300,142,2
2026-01-26,000333,11:13:09,76.8200,45,2
2026-01-26,000333,11:13:12,76.8200,3,4
2026-01-26,000333,11:13:15,76.8100,17,2
2026-01-26,000333,11:13:18,76.8200,42,1
2026-01-26,000333,11:13:21,76.8100,166,2
2026-01-26,000333,11:13:24,76.8200,60,1
2026-01-26,000333,11:13:27,76.8000,30,2
2026-01-26,000333,11:13:30,76.8100,22,2
2026-01-26,000333,11:13:33,76.8100,14,2
2026-01-26,000333,11:13:36,76.8100,4,1
2026-01-26,000333,11:13:39,76.8000,174,2
2026-01-26,000333,11:13:42,76.8100,24,1
2026-01-26,000333,11:13:45,76.8200,213,1
2026-01-26,000333,11:13:48,76.8300,107,1
2026-01-26,000333,11:13:51,76.8100,270,2
2026-01-26,000333,11:13:54,76.8100,61,2
2026-01-26,000333,11:13:57,76.8200,15,4
2026-01-26,000333,11:14:00,76.8100,9,2
2026-01-26,000333,11:14:03,76.8300,14,1
2026-01-26,000333,11:14:06,76.8200,13,2
2026-01-26,000333,11:14:09,76.8100,22,2
2026-01-26,000333,11:14:15,76.8200,4,1
2026-01-26,000333,11:14:18,76.8100,5,2
2026-01-26,000333,11:14:21,76.8200,99,1
2026-01-26,000333,11:14:24,76.8100,52,2
2026-01-26,000333,11:14:27,76.8100,28,2
2026-01-26,000333,11:14:30,76.8100,20,2
2026-01-26,000333,11:14:33,76.8200,33,1
2026-01-26,000333,11:14:36,76.8000,22,2
2026-01-26,000333,11:14:39,76.8100,18,1
2026-01-26,000333,11:14:42,76.8200,201,1
2026-01-26,000333,11:14:45,76.8200,28,2
2026-01-26,000333,11:14:48,76.8100,23,2
2026-01-26,000333,11:14:51,76.8100,8,1
2026-01-26,000333,11:14:54,76.8000,23,2
2026-01-26,000333,11:14:57,76.8100,181,1
2026-01-26,000333,11:15:00,76.8000,24,2
2026-01-26,000333,11:15:03,76.8100,28,4
2026-01-26,000333,11:15:06,76.8200,1,1
2026-01-26,000333,11:15:09,76.8200,72,1
2026-01-26,000333,11:15:12,76.8200,5,1
2026-01-26,000333,11:15:15,76.8000,44,2
2026-01-26,000333,11:15:18,76.8000,22,2
2026-01-26,000333,11:15:21,76.8000,16,2
2026-01-26,000333,11:15:24,76.8100,6,4
2026-01-26,000333,11:15:27,76.8100,8,1
2026-01-26,000333,11:15:30,76.8100,5,1
2026-01-26,000333,11:15:33,76.8100,58,1
2026-01-26,000333,11:15:36,76.8000,353,2
2026-01-26,000333,11:15:39,76.8100,28,2
2026-01-26,000333,11:15:42,76.8500,43,1
2026-01-26,000333,11:15:45,76.8400,67,2
2026-01-26,000333,11:15:48,76.8400,29,2
2026-01-26,000333,11:15:51,76.8400,17,1
2026-01-26,000333,11:15:54,76.8300,69,2
2026-01-26,000333,11:15:57,76.8300,8,2
2026-01-26,000333,11:16:00,76.8200,41,2
2026-01-26,000333,11:16:03,76.8200,24,2
2026-01-26,000333,11:16:06,76.8200,26,2
2026-01-26,000333,11:16:09,76.8200,8,2
2026-01-26,000333,11:16:12,76.8400,22,4
2026-01-26,000333,11:16:15,76.8400,10,2
2026-01-26,000333,11:16:18,76.8400,8,2
2026-01-26,000333,11:16:21,76.8500,89,1
2026-01-26,000333,11:16:24,76.8400,48,2
2026-01-26,000333,11:16:27,76.8400,32,1
2026-01-26,000333,11:16:30,76.8500,51,1
2026-01-26,000333,11:16:33,76.8500,60,1
2026-01-26,000333,11:16:36,76.8400,8,4
2026-01-26,000333,11:16:39,76.8300,29,2
2026-01-26,000333,11:16:45,76.8300,12,2
2026-01-26,000333,11:16:48,76.8400,20,1
2026-01-26,000333,11:16:51,76.8400,8,1
2026-01-26,000333,11:16:54,76.8300,6,2
2026-01-26,000333,11:16:57,76.8300,8,2
2026-01-26,000333,11:17:00,76.8300,42,2
2026-01-26,000333,11:17:03,76.8300,106,2
2026-01-26,000333,11:17:06,76.8300,41,2
2026-01-26,000333,11:17:09,76.8300,24,2
2026-01-26,000333,11:17:12,76.8300,25,2
2026-01-26,000333,11:17:15,76.8300,24,2
2026-01-26,000333,11:17:18,76.8400,28,1
2026-01-26,000333,11:17:21,76.8400,121,1
2026-01-26,000333,11:17:24,76.8300,79,2
2026-01-26,000333,11:17:27,76.8400,110,1
2026-01-26,000333,11:17:30,76.8200,43,2
2026-01-26,000333,11:17:33,76.8500,38,1
2026-01-26,000333,11:17:36,76.8400,34,1
2026-01-26,000333,11:17:39,76.8300,11,2
2026-01-26,000333,11:17:42,76.8300,10,2
2026-01-26,000333,11:17:45,76.8300,19,1
2026-01-26,000333,11:17:48,76.8200,65,2
2026-01-26,000333,11:17:51,76.8300,12,1
2026-01-26,000333,11:17:54,76.8300,47,1
2026-01-26,000333,11:17:57,76.8300,28,1
2026-01-26,000333,11:18:00,76.8200,79,2
2026-01-26,000333,11:18:03,76.8200,176,2
2026-01-26,000333,11:18:06,76.8100,72,2
2026-01-26,000333,11:18:09,76.8100,54,2
2026-01-26,000333,11:18:12,76.8100,47,2
2026-01-26,000333,11:18:15,76.8100,131,2
2026-01-26,000333,11:18:18,76.8200,44,1
2026-01-26,000333,11:18:21,76.8200,33,2
2026-01-26,000333,11:18:24,76.8100,86,2
2026-01-26,000333,11:18:27,76.8200,35,1
2026-01-26,000333,11:18:30,76.8100,73,2
2026-01-26,000333,11:18:33,76.8000,92,2
2026-01-26,000333,11:18:36,76.8100,135,1
2026-01-26,000333,11:18:39,76.8100,176,1
2026-01-26,000333,11:18:42,76.8100,46,2
2026-01-26,000333,11:18:45,76.8100,46,2
2026-01-26,000333,11:18:48,76.8100,14,2
2026-01-26,000333,11:18:51,76.8100,37,2
2026-01-26,000333,11:18:54,76.8100,93,2
2026-01-26,000333,11:18:57,76.8200,35,1
2026-01-26,000333,11:19:00,76.8000,25,2
2026-01-26,000333,11:19:03,76.8200,71,1
2026-01-26,000333,11:19:06,76.8100,3,2
2026-01-26,000333,11:19:09,76.8100,67,2
2026-01-26,000333,11:19:12,76.8100,25,2
2026-01-26,000333,11:19:15,76.8100,22,2
2026-01-26,000333,11:19:18,76.8100,30,2
2026-01-26,000333,11:19:21,76.8200,8,1
2026-01-26,000333,11:19:24,76.8200,10,1
2026-01-26,000333,11:19:27,76.8100,43,2
2026-01-26,000333,11:19:30,76.8100,9,2
2026-01-26,000333,11:19:33,76.8100,40,2
2026-01-26,000333,11:19:36,76.8200,12,1
2026-01-26,000333,11:19:39,76.8100,20,2
2026-01-26,000333,11:19:42,76.8000,39,2
2026-01-26,000333,11:19:45,76.8000,65,2
2026-01-26,000333,11:19:48,76.8100,62,4
2026-01-26,000333,11:19:51,76.8000,25,2
2026-01-26,000333,11:19:54,76.8100,8,2
2026-01-26,000333,11:19:57,76.8000,30,2
2026-01-26,000333,11:20:00,76.8000,24,2
2026-01-26,000333,11:20:03,76.8100,17,4
2026-01-26,000333,11:20:06,76.8000,12,2
2026-01-26,000333,11:20:09,76.8000,9,2
2026-01-26,000333,11:20:12,76.8100,86,1
2026-01-26,000333,11:20:15,76.8200,72,1
2026-01-26,000333,11:20:18,76.8200,6,2
2026-01-26,000333,11:20:21,76.8300,68,1
