date,code,time,price,volume,bs
2026-02-05,000858,14:06:42,109.1100,24,1
2026-02-05,000858,14:06:45,109.1000,18,2
2026-02-05,000858,14:06:48,109.1100,13,1
2026-02-05,000858,14:06:51,109.1000,19,2
2026-02-05,000858,14:06:54,109.1100,36,1
2026-02-05,000858,14:06:57,109.1000,23,2
2026-02-05,000858,14:07:00,109.1100,1,1
2026-02-05,000858,14:07:03,109.1100,27,1
2026-02-05,000858,14:07:06,109.1100,29,1
2026-02-05,000858,14:07:09,109.0800,53,2
2026-02-05,000858,14:07:12,109.1000,24,1
2026-02-05,000858,14:07:15,109.1000,7,1
2026-02-05,000858,14:07:18,109.0600,10,2
2026-02-05,000858,14:07:21,109.0000,245,2
2026-02-05,000858,14:07:24,109.0000,655,2
2026-02-05,000858,14:07:27,108.9800,20,2
2026-02-05,000858,14:07:30,108.9600,21,2
2026-02-05,000858,14:07:33,108.9400,25,2
2026-02-05,000858,14:07:36,108.9200,21,2
2026-02-05,000858,14:07:39,108.9100,44,2
2026-02-05,000858,14:07:42,108.9100,18,1
2026-02-05,000858,14:07:45,108.9200,32,1
2026-02-05,000858,14:07:48,108.9000,54,2
2026-02-05,000858,14:07:51,108.9000,19,2
2026-02-05,000858,14:07:54,108.9000,25,1
2026-02-05,000858,14:07:57,108.8900,30,2
2026-02-05,000858,14:08:00,108.8900,36,1
2026-02-05,000858,14:08:03,108.8900,37,1
2026-02-05,000858,14:08:06,108.8900,35,2
2026-02-05,000858,14:08:09,108.9000,72,1
2026-02-05,000858,14:08:12,108.8900,50,2
2026-02-05,000858,14:08:15,108.8900,37,2
2026-02-05,000858,14:08:18,108.9000,63,4
2026-02-05,000858,14:08:21,108.9100,58,1
2026-02-05,000858,14:08:24,108.9000,67,2
2026-02-05,000858,14:08:27,108.9100,20,1
2026-02-05,000858,14:08:30,108.9100,20,1
2026-02-05,000858,14:08:33,108.9100,34,1
2026-02-05,000858,14:08:36,108.9200,5,1
2026-02-05,000858,14:08:39,108.9100,14,2
2026-02-05,000858,14:08:42,108.9100,108,2
2026-02-05,000858,14:08:45,108.9000,16,2
2026-02-05,000858,14:08:48,108.9000,23,2
2026-02-05,000858,14:08:51,108.9000,47,2
2026-02-05,000858,14:08:54,108.9000,12,2
2026-02-05,000858,14:08:57,108.9000,60,2
2026-02-05,000858,14:09:00,108.9000,44,1
2026-02-05,000858,14:09:03,108.9000,15,1
2026-02-05,000858,14:09:06,108.9000,38,1
2026-02-05,000858,14:09:09,108.9000,20,1
2026-02-05,000858,14:09:12,108.9000,6,2
2026-02-05,000858,14:09:15,108.9000,73,2
2026-02-05,000858,14:09:18,108.9000,217,1
2026-02-05,000858,14:09:21,108.9100,12,1
2026-02-05,000858,14:09:24,108.9100,6,2
2026-02-05,000858,14:09:27,108.9000,25,2
2026-02-05,000858,14:09:30,108.9100,18,2
2026-02-05,000858,14:09:33,108.9100,4,2
2026-02-05,000858,14:09:36,108.9100,10,2
2026-02-05,000858,14:09:39,108.9100,13,1
2026-02-05,000858,14:09:42,108.9300,23,1
2026-02-05,000858,14:09:45,108.9300,9,2
2026-02-05,000858,14:09:48,108.9400,15,1
2026-02-05,000858,14:09:51,108.9400,23,2
2026-02-05,000858,14:09:54,108.9400,8,2
2026-02-05,000858,14:09:57,108.9400,15,2
2026-02-05,000858,14:10:00,108.9400,2,2
2026-02-05,000858,14:10:03,108.9400,5,2
2026-02-05,000858,14:10:06,108.8900,515,2
2026-02-05,000858,14:10:09,108.8900,81,2
2026-02-05,000858,14:10:12,108.8800,57,2
2026-02-05,000858,14:10:15,108.8800,31,2
2026-02-05,000858,14:10:18,108.8800,91,2
2026-02-05,000858,14:10:21,108.8800,31,1
2026-02-05,000858,14:10:24,108.8800,73,2
2026-02-05,000858,14:10:27,108.8800,18,2
2026-02-05,000858,14:10:30,108.8600,104,2
2026-02-05,000858,14:10:33,108.8600,29,1
2026-02-05,000858,14:10:36,108.8700,45,1
2026-02-05,000858,14:10:39,108.8600,25,2
2026-02-05,000858,14:10:42,108.8600,9,1
2026-02-05,000858,14:10:45,108.8600,190,2
2026-02-05,000858,14:10:48,108.8800,12,1
2026-02-05,000858,14:10:51,108.8700,117,4
2026-02-05,000858,14:10:54,108.8700,75,2
2026-02-05,000858,14:10:57,108.8700,16,2
2026-02-05,000858,14:11:00,108.8600,63,2
2026-02-05,000858,14:11:03,108.8600,66,2
2026-02-05,000858,14:11:06,108.8700,16,2
2026-02-05,000858,14:11:09,108.8500,75,2
2026-02-05,000858,14:11:12,108.8500,17,2
2026-02-05,000858,14:11:15,108.8700,16,1
2026-02-05,000858,14:11:18,108.8600,21,2
2026-02-05,000858,14:11:21,108.8700,24,1
2026-02-05,000858,14:11:24,108.8700,22,2
2026-02-05,000858,14:11:27,108.8700,17,4
2026-02-05,000858,14:11:30,108.8700,26,2
2026-02-05,000858,14:11:33,108.8800,4,1
2026-02-05,000858,14:11:36,108.8700,55,2
2026-02-05,000858,14:11:39,108.8700,140,2
2026-02-05,000858,14:11:42,108.8700,33,2
2026-02-05,000858,14:11:45,108.8900,75,1
2026-02-05,000858,14:11:48,108.8900,19,2
2026-02-05,000858,14:11:51,108.8900,30,2
2026-02-05,000858,14:11:54,108.8800,38,2
2026-02-05,000858,14:11:57,108.8900,11,1
2026-02-05,000858,14:12:00,108.8900,27,2
2026-02-05,000858,14:12:03,108.9000,12,1
2026-02-05,000858,14:12:06,108.8900,17,2
2026-02-05,000858,14:12:09,108.8800,16,2
2026-02-05,000858,14:12:12,108.8800,43,2
2026-02-05,000858,14:12:15,108.8800,22,2
2026-02-05,000858,14:12:18,108.8900,5,2
2026-02-05,000858,14:12:21,108.8900,22,2
2026-02-05,000858,14:12:24,108.9000,197,1
2026-02-05,000858,14:12:27,108.8900,33,2
2026-02-05,000858,14:12:30,108.8900,30,2
2026-02-05,000858,14:12:33,108.8900,48,2
2026-02-05,000858,14:12:36,108.8900,15,2
2026-02-05,000858,14:12:39,108.8900,31,2
2026-02-05,000858,14:12:42,108.9000,20,1
2026-02-05,000858,14:12:45,108.8900,7,2
2026-02-05,000858,14:12:48,108.9000,37,1
2026-02-05,000858,14:12:51,108.9000,119,2
2026-02-05,000858,14:12:54,108.9000,5,2
2026-02-05,000858,14:12:57,108.9300,16,1
2026-02-05,000858,14:13:00,108.9400,3,1
2026-02-05,000858,14:13:03,108.9200,11,4
2026-02-05,000858,14:13:06,108.9200,17,4
2026-02-05,000858,14:13:09,108.9200,11,2
2026-02-05,000858,14:13:12,108.9300,12,1
2026-02-05,000858,14:13:15,108.9300,2,1
2026-02-05,000858,14:13:18,108.9400,59,1
2026-02-05,000858,14:13:21,108.9500,11,1
2026-02-05,000858,14:13:24,108.9500,19,1
2026-02-05,000858,14:13:27,108.9500,2,1
2026-02-05,000858,14:13:30,108.9500,31,1
2026-02-05,000858,14:13:33,108.9500,18,2
2026-02-05,000858,14:13:36,108.9600,5,1
2026-02-05,000858,14:13:39,108.9600,3,1
2026-02-05,000858,14:13:42,108.9700,20,1
2026-02-05,000858,14:13:45,108.9700,15,2
2026-02-05,000858,14:13:48,108.9900,8,1
2026-02-05,000858,14:13:51,109.0000,15,1
2026-02-05,000858,14:13:54,109.0000,5,1
2026-02-05,000858,14:13:57,109.0000,16,1
2026-02-05,000858,14:14:00,109.0000,35,1
2026-02-05,000858,14:14:03,109.0000,20,1
2026-02-05,000858,14:14:06,108.9900,38,2
2026-02-05,000858,14:14:09,109.0000,181,4
2026-02-05,000858,14:14:12,109.0000,25,1
2026-02-05,000858,14:14:15,108.9900,14,2
2026-02-05,000858,14:14:18,109.0000,7,1
2026-02-05,000858,14:14:21,108.9800,70,2
2026-02-05,000858,14:14:24,108.9700,10,4
2026-02-05,000858,14:14:27,108.9600,4,2
2026-02-05,000858,14:14:30,108.9800,67,1
2026-02-05,000858,14:14:33,108.9800,11,1
2026-02-05,000858,14:14:36,108.9500,16,2
2026-02-05,000858,14:14:39,108.9600,3,2
2026-02-05,000858,14:14:42,108.9700,38,1
2026-02-05,000858,14:14:45,108.9700,12,2
2026-02-05,000858,14:14:48,108.9800,108,1
2026-02-05,000858,14:14:51,108.9700,16,1
2026-02-05,000858,14:14:57,108.9600,21,1
2026-02-05,000858,14:15:00,108.9500,15,2
2026-02-05,000858,14:15:03,108.9600,22,4
2026-02-05,000858,14:15:06,108.9500,15,2
2026-02-05,000858,14:15:09,108.9700,3,1
2026-02-05,000858,14:15:12,108.9600,27,1
2026-02-05,000858,14:15:15,108.9500,6,2
2026-02-05,000858,14:15:18,108.9600,17,1
2026-02-05,000858,14:15:21,108.9700,9,1
2026-02-05,000858,14:15:24,108.9600,10,2
2026-02-05,000858,14:15:27,108.9600,14,2
2026-02-05,000858,14:15:30,108.9700,2,1
2026-02-05,000858,14:15:33,108.9600,18,2
2026-02-05,000858,14:15:36,108.9700,12,1
2026-02-05,000858,14:15:39,108.9700,12,1
2026-02-05,000858,14:15:42,108.9800,15,1
2026-02-05,000858,14:15:45,108.9800,4,1
2026-02-05,000858,14:15:48,108.9800,1,1
2026-02-05,000858,14:15:51,108.9800,24,1
2026-02-05,000858,14:15:54,108.9800,11,1
2026-02-05,000858,14:15:57,108.9600,389,2
2026-02-05,000858,14:16:00,109.0000,3,1
2026-02-05,000858,14:16:03,108.9600,59,2
2026-02-05,000858,14:16:06,108.9800,14,1
2026-02-05,000858,14:16:12,108.9900,10,1
2026-02-05,000858,14:16:15,108.9800,1,2
2026-02-05,000858,14:16:18,108.9900,1,1
2026-02-05,000858,14:16:21,108.9800,31,2
2026-02-05,000858,14:16:24,108.9800,23,1
2026-02-05,000858,14:16:27,108.9900,13,2
2026-02-05,000858,14:16:30,108.9600,22,2
2026-02-05,000858,14:16:33,108.9800,11,2
2026-02-05,000858,14:16:36,108.9900,4,1
2026-02-05,000858,14:16:39,108.9900,8,1
2026-02-05,000858,14:16:42,108.9900,16,1
2026-02-05,000858,14:16:45,108.9900,4,2
2026-02-05,000858,14:16:48,108.9900,1,2
2026-02-05,000858,14:16:51,109.0000,45,1
2026-02-05,000858,14:16:54,108.9900,14,2
2026-02-05,000858,14:16:57,109.0000,13,1
2026-02-05,000858,14:17:00,109.0000,16,1
2026-02-05,000858,14:17:03,109.0000,22,1
2026-02-05,000858,14:17:06,109.0000,6,1
2026-02-05,000858,14:17:09,109.0000,11,1
2026-02-05,000858,14:17:12,109.0000,26,1
2026-02-05,000858,14:17:15,109.0000,36,1
2026-02-05,000858,14:17:18,109.0000,5,2
2026-02-05,000858,14:17:21,109.0000,26,2
2026-02-05,000858,14:17:24,109.0200,26,1
2026-02-05,000858,14:17:27,109.0000,52,2
2026-02-05,000858,14:17:30,109.0200,1,1
2026-02-05,000858,14:17:33,109.0200,18,1
2026-02-05,000858,14:17:36,109.0300,3,1
2026-02-05,000858,14:17:39,109.0100,6,2
2026-02-05,000858,14:17:42,109.0100,11,1
2026-02-05,000858,14:17:45,109.0300,15,1
2026-02-05,000858,14:17:51,109.0300,14,1
2026-02-05,000858,14:17:54,109.0300,11,1
2026-02-05,000858,14:17:57,109.0200,14,2
2026-02-05,000858,14:18:00,109.0100,31,2
2026-02-05,000858,14:18:03,109.0100,48,2
2026-02-05,000858,14:18:06,109.0200,110,1
2026-02-05,000858,14:18:09,109.0100,2,2
2026-02-05,000858,14:18:12,109.0200,43,1
2026-02-05,000858,14:18:15,109.0100,40,2
2026-02-05,000858,14:18:18,109.0300,7,1
2026-02-05,000858,14:18:21,109.0200,20,1
2026-02-05,000858,14:18:24,109.0200,50,1
2026-02-05,000858,14:18:27,109.0200,5,4
2026-02-05,000858,14:18:30,109.0300,94,1
2026-02-05,000858,14:18:33,109.0200,1,2
2026-02-05,000858,14:18:36,109.0300,9,1
2026-02-05,000858,14:18:39,109.0300,12,2
2026-02-05,000858,14:18:42,109.0300,17,2
2026-02-05,000858,14:18:45,109.0300,10,2
2026-02-05,000858,14:18:48,109.0400,20,1
2026-02-05,000858,14:18:51,109.0500,9,1
2026-02-05,000858,14:18:54,109.0500,13,1
2026-02-05,000858,14:18:57,109.0500,10,2
2026-02-05,000858,14:19:00,109.0500,30,1
2026-02-05,000858,14:19:03,109.0400,2,2
2026-02-05,000858,14:19:06,109.0300,16,2
2026-02-05,000858,14:19:09,109.0300,3,2
2026-02-05,000858,14:19:12,109.0500,18,1
2026-02-05,000858,14:19:15,109.0300,35,2
2026-02-05,000858,14:19:18,109.0400,4,1
2026-02-05,000858,14:19:21,109.0400,58,1
2026-02-05,000858,14:19:24,109.0500,1077,1
2026-02-05,000858,14:19:27,109.0500,17,1
2026-02-05,000858,14:19:30,109.0500,12,1
2026-02-05,000858,14:19:33,109.0400,21,2
2026-02-05,000858,14:19:36,109.0400,1,1
2026-02-05,000858,14:19:39,109.0400,4,1
2026-02-05,000858,14:19:42,109.0400,35,1
2026-02-05,000858,14:19:48,109.0400,7,1
2026-02-05,000858,14:19:51,109.0400,14,1
2026-02-05,000858,14:19:54,109.0300,43,2
2026-02-05,000858,14:19:57,109.0400,10,1
2026-02-05,000858,14:20:00,109.0400,50,1
2026-02-05,000858,14:20:03,109.0400,115,1
2026-02-05,000858,14:20:06,109.0300,13,2
2026-02-05,000858,14:20:09,109.0300,35,2
2026-02-05,000858,14:20:12,109.0300,38,2
2026-02-05,000858,14:20:15,109.0300,13,1
2026-02-05,000858,14:20:18,109.0300,14,1
2026-02-05,000858,14:20:21,109.0300,18,1
2026-02-05,000858,14:20:24,109.0200,10,2
2026-02-05,000858,14:20:30,109.0200,60,1
2026-02-05,000858,14:20:33,109.0100,25,2
2026-02-05,000858,14:20:36,109.0200,12,1
2026-02-05,000858,14:20:39,109.0100,19,2
2026-02-05,000858,14:20:42,109.0100,17,2
2026-02-05,000858,14:20:45,109.0000,2,2
2026-02-05,000858,14:20:48,109.0100,13,1
2026-02-05,000858,14:20:51,109.0100,9,1
2026-02-05,000858,14:20:54,109.0100,28,1
2026-02-05,000858,14:20:57,109.0100,5,2
2026-02-05,000858,14:21:00,109.0100,5,2
2026-02-05,000858,14:21:03,109.0100,21,2
2026-02-05,000858,14:21:06,109.0100,8,2
2026-02-05,000858,14:21:12,109.0100,26,1
2026-02-05,000858,14:21:15,109.0000,8,2
2026-02-05,000858,14:21:18,109.0000,38,2
2026-02-05,000858,14:21:21,109.0100,26,1
2026-02-05,000858,14:21:24,109.0000,29,2
2026-02-05,000858,14:21:27,109.0000,36,2
2026-02-05,000858,14:21:30,109.0000,15,2
2026-02-05,000858,14:21:33,109.0000,22,2
2026-02-05,000858,14:21:36,109.0100,45,1
2026-02-05,000858,14:21:39,109.0100,11,1
2026-02-05,000858,14:21:42,109.0000,30,2
2026-02-05,000858,14:21:45,109.0000,17,2
2026-02-05,000858,14:21:48,108.9900,21,2
2026-02-05,000858,14:21:51,109.0000,25,1
2026-02-05,000858,14:21:54,108.9900,4,2
2026-02-05,000858,14:21:57,108.9900,16,2
2026-02-05,000858,14:22:00,108.9900,8,2
2026-02-05,000858,14:22:03,108.9900,35,2
2026-02-05,000858,14:22:06,108.9900,7,2
2026-02-05,000858,14:22:09,108.9800,13,2
2026-02-05,000858,14:22:12,108.9800,12,2
2026-02-05,000858,14:22:15,108.9800,6,2
2026-02-05,000858,14:22:18,108.9800,4,2
2026-02-05,000858,14:22:21,108.9900,33,1
2026-02-05,000858,14:22:24,108.9800,3,2
2026-02-05,000858,14:22:27,108.9800,1,1
2026-02-05,000858,14:22:30,108.9700,11,2
2026-02-05,000858,14:22:33,108.9700,17,2
2026-02-05,000858,14:22:36,108.9700,20,2
2026-02-05,000858,14:22:39,108.9600,6,2
2026-02-05,000858,14:22:42,108.9600,38,2
2026-02-05,000858,14:22:45,108.9700,3,1
2026-02-05,000858,14:22:48,108.9600,13,2
2026-02-05,000858,14:22:51,108.9700,29,1
2026-02-05,000858,14:22:54,108.9700,5,1
2026-02-05,000858,14:22:57,108.9500,17,2
2026-02-05,000858,14:23:00,108.9500,17,2
2026-02-05,000858,14:23:03,108.9500,45,2
2026-02-05,000858,14:23:06,108.9600,27,1
2026-02-05,000858,14:23:09,108.9600,97,2
2026-02-05,000858,14:23:12,108.9800,29,1
2026-02-05,000858,14:23:15,108.9600,5,2
2026-02-05,000858,14:23:18,108.9800,10,1
2026-02-05,000858,14:23:21,108.9900,15,1
2026-02-05,000858,14:23:24,108.9700,12,2
2026-02-05,000858,14:23:27,108.9700,1,1
2026-02-05,000858,14:23:30,108.9600,1,2
2026-02-05,000858,14:23:33,108.9600,55,2
2026-02-05,000858,14:23:36,108.9600,14,2
2026-02-05,000858,14:23:39,108.9600,20,2
2026-02-05,000858,14:23:42,108.9700,1,1
2026-02-05,000858,14:23:45,108.9700,24,1
2026-02-05,000858,14:23:48,108.9700,1,1
2026-02-05,000858,14:23:51,108.9700,21,1
2026-02-05,000858,14:23:54,108.9800,52,1
2026-02-05,000858,14:23:57,108.9700,8,2
2026-02-05,000858,14:24:00,108.9800,16,1
2026-02-05,000858,14:24:03,108.9800,349,1
2026-02-05,000858,14:24:06,109.0300,62,1
2026-02-05,000858,14:24:09,108.9900,4,2
2026-02-05,000858,14:24:12,108.9800,2,2
2026-02-05,000858,14:24:15,108.9800,4,2
2026-02-05,000858,14:24:18,108.9800,31,2
2026-02-05,000858,14:24:21,109.0000,4,1
2026-02-05,000858,14:24:24,108.9900,9,1
2026-02-05,000858,14:24:27,108.9900,7,1
2026-02-05,000858,14:24:30,108.9900,3,1
2026-02-05,000858,14:24:33,108.9800,16,2
2026-02-05,000858,14:24:36,108.9800,11,2
2026-02-05,000858,14:24:39,108.9900,1,4
2026-02-05,000858,14:24:42,108.9900,20,2
2026-02-05,000858,14:24:45,109.0000,8,1
2026-02-05,000858,14:24:48,109.0100,3,1
2026-02-05,000858,14:24:51,109.0200,21,1
2026-02-05,000858,14:24:54,109.0100,3,4
2026-02-05,000858,14:24:57,109.0200,15,1
2026-02-05,000858,14:25:00,109.0200,2,1
2026-02-05,000858,14:25:03,109.0100,23,2
2026-02-05,000858,14:25:06,109.0100,65,2
2026-02-05,000858,14:25:09,109.0100,8,2
2026-02-05,000858,14:25:12,109.0300,56,1
2026-02-05,000858,14:25:15,109.0100,23,2
2026-02-05,000858,14:25:18,109.0100,126,1
2026-02-05,000858,14:25:21,109.0300,17,1
2026-02-05,000858,14:25:24,109.0200,15,4
2026-02-05,000858,14:25:27,109.0200,1,1
2026-02-05,000858,14:25:30,109.0100,7,2
2026-02-05,000858,14:25:33,109.0100,18,2
2026-02-05,000858,14:25:36,109.0100,3,2
2026-02-05,000858,14:25:39,109.0200,1,1
2026-02-05,000858,14:25:42,109.0100,56,2
2026-02-05,000858,14:25:45,109.0000,15,2
2026-02-05,000858,14:25:48,109.0100,23,1
2026-02-05,000858,14:25:51,109.0000,48,2
2026-02-05,000858,14:25:54,109.0000,14,1
2026-02-05,000858,14:25:57,108.9900,14,2
2026-02-05,000858,14:26:03,109.0000,33,1
2026-02-05,000858,14:26:06,109.0000,15,1
2026-02-05,000858,14:26:09,108.9900,15,2
2026-02-05,000858,14:26:12,109.0100,16,1
2026-02-05,000858,14:26:15,109.0000,22,2
2026-02-05,000858,14:26:18,109.0000,3,2
2026-02-05,000858,14:26:21,109.0000,48,2
2026-02-05,000858,14:26:24,109.0100,22,1
2026-02-05,000858,14:26:27,109.0100,6,1
2026-02-05,000858,14:26:30,108.9900,4,2
2026-02-05,000858,14:26:33,109.0100,33,1
2026-02-05,000858,14:26:36,109.0000,8,2
2026-02-05,000858,14:26:39,109.0000,31,2
2026-02-05,000858,14:26:42,109.0000,29,2
2026-02-05,000858,14:26:45,109.0000,14,2
2026-02-05,000858,14:26:48,109.0100,19,1
2026-02-05,000858,14:26:51,109.0000,11,2
2026-02-05,000858,14:26:54,109.0100,20,1
2026-02-05,000858,14:26:57,109.0100,72,1
2026-02-05,000858,14:27:00,109.0000,7,2
2026-02-05,000858,14:27:03,109.0100,92,1
2026-02-05,000858,14:27:06,109.0000,4,2
2026-02-05,000858,14:27:09,109.0000,11,1
2026-02-05,000858,14:27:12,108.9900,34,2
2026-02-05,000858,14:27:15,108.9900,52,2
2026-02-05,000858,14:27:18,108.9900,3,2
2026-02-05,000858,14:27:21,109.0000,15,1
2026-02-05,000858,14:27:24,108.9900,12,2
2026-02-05,000858,14:27:27,108.9900,2,1
2026-02-05,000858,14:27:30,108.9900,13,1
2026-02-05,000858,14:27:33,108.9900,18,1
2026-02-05,000858,14:27:36,108.9900,3,1
2026-02-05,000858,14:27:39,108.9900,9,1
2026-02-05,000858,14:27:42,108.9800,17,2
2026-02-05,000858,14:27:45,108.9800,4,2
2026-02-05,000858,14:27:48,108.9800,29,2
2026-02-05,000858,14:27:51,108.9800,33,2
2026-02-05,000858,14:27:54,108.9900,17,1
2026-02-05,000858,14:27:57,108.9800,62,2
2026-02-05,000858,14:28:00,108.9800,35,4
2026-02-05,000858,14:28:03,108.9800,19,1
2026-02-05,000858,14:28:06,108.9700,98,2
2026-02-05,000858,14:28:09,108.9800,23,1
2026-02-05,000858,14:28:12,108.9700,19,2
2026-02-05,000858,14:28:15,108.9700,17,2
2026-02-05,000858,14:28:18,108.9700,21,2
2026-02-05,000858,14:28:21,108.9800,19,1
2026-02-05,000858,14:28:24,108.9700,2,2
2026-02-05,000858,14:28:27,108.9800,82,1
2026-02-05,000858,14:28:33,108.9800,23,1
2026-02-05,000858,14:28:36,108.9800,9,1
2026-02-05,000858,14:28:39,108.9800,9,1
2026-02-05,000858,14:28:42,108.9800,11,1
2026-02-05,000858,14:28:45,108.9600,24,2
2026-02-05,000858,14:28:48,108.9700,10,1
2026-02-05,000858,14:28:51,108.9700,12,4
2026-02-05,000858,14:28:54,108.9600,8,2
2026-02-05,000858,14:28:57,108.9600,11,2
2026-02-05,000858,14:29:00,108.9600,3,2
2026-02-05,000858,14:29:03,108.9600,29,2
2026-02-05,000858,14:29:06,108.9600,20,2
2026-02-05,000858,14:29:09,108.9700,15,1
2026-02-05,000858,14:29:12,108.9700,43,1
2026-02-05,000858,14:29:15,108.9700,19,1
2026-02-05,000858,14:29:18,108.9600,19,2
2026-02-05,000858,14:29:21,108.9600,12,2
2026-02-05,000858,14:29:24,108.9600,26,2
2026-02-05,000858,14:29:27,108.9700,11,1
2026-02-05,000858,14:29:30,108.9700,2,4
2026-02-05,000858,14:29:33,108.9700,29,2
2026-02-05,000858,14:29:36,108.9600,11,2
2026-02-05,000858,14:29:39,108.9700,31,4
2026-02-05,000858,14:29:42,108.9600,77,2
2026-02-05,000858,14:29:45,108.9500,172,2
2026-02-05,000858,14:29:48,108.9700,9,1
2026-02-05,000858,14:29:51,108.9700,7,4
2026-02-05,000858,14:29:54,108.9600,15,2
2026-02-05,000858,14:29:57,108.9600,7,2
2026-02-05,000858,14:30:00,108.9500,13,2
2026-02-05,000858,14:30:03,108.9500,70,2
2026-02-05,000858,14:30:06,108.9500,6,2
2026-02-05,000858,14:30:09,108.9500,30,2
2026-02-05,000858,14:30:12,108.9500,21,2
2026-02-05,000858,14:30:15,108.9600,39,1
2026-02-05,000858,14:30:18,108.9700,54,1
2026-02-05,000858,14:30:21,108.9500,14,2
2026-02-05,000858,14:30:24,108.9600,11,1
2026-02-05,000858,14:30:27,108.9600,11,1
2026-02-05,000858,14:30:30,108.9600,32,1
2026-02-05,000858,14:30:33,108.9600,69,1
2026-02-05,000858,14:30:36,108.9600,17,1
2026-02-05,000858,14:30:39,108.9500,5,1
2026-02-05,000858,14:30:42,108.9500,24,1
2026-02-05,000858,14:30:45,108.9300,82,2
2026-02-05,000858,14:30:48,108.9500,23,1
2026-02-05,000858,14:30:51,108.9500,14,1
2026-02-05,000858,14:30:54,108.9200,16,2
2026-02-05,000858,14:30:57,108.9400,10,1
2026-02-05,000858,14:31:00,108.9200,4,2
2026-02-05,000858,14:31:03,108.9200,24,2
2026-02-05,000858,14:31:06,108.9200,8,1
2026-02-05,000858,14:31:09,108.9100,23,2
2026-02-05,000858,14:31:12,108.9200,38,1
2026-02-05,000858,14:31:15,108.9200,21,1
2026-02-05,000858,14:31:18,108.9100,68,2
2026-02-05,000858,14:31:21,108.9100,15,1
2026-02-05,000858,14:31:24,108.9000,24,2
2026-02-05,000858,14:31:27,108.9000,14,2
2026-02-05,000858,14:31:30,108.9000,20,2
2026-02-05,000858,14:31:33,108.9100,116,1
2026-02-05,000858,14:31:36,108.9100,106,1
2026-02-05,000858,14:31:39,108.8900,21,2
2026-02-05,000858,14:31:42,108.8900,36,2
2026-02-05,000858,14:31:45,108.9000,27,1
2026-02-05,000858,14:31:48,108.8900,53,2
2026-02-05,000858,14:31:51,108.8900,10,1
2026-02-05,000858,14:31:54,108.8800,12,2
2026-02-05,000858,14:31:57,108.8900,40,1
2026-02-05,000858,14:32:00,108.8900,149,1
2026-02-05,000858,14:32:03,108.8700,72,2
2026-02-05,000858,14:32:06,108.8700,31,2
2026-02-05,000858,14:32:09,108.8700,13,2
2026-02-05,000858,14:32:12,108.8700,30,2
2026-02-05,000858,14:32:15,108.8700,23,2
2026-02-05,000858,14:32:18,108.8700,19,2
2026-02-05,000858,14:32:21,108.8700,3,1
2026-02-05,000858,14:32:24,108.8600,18,2
2026-02-05,000858,14:32:27,108.8700,28,1
2026-02-05,000858,14:32:30,108.8600,110,2
2026-02-05,000858,14:32:33,108.8600,27,1
2026-02-05,000858,14:32:36,108.8600,30,1
2026-02-05,000858,14:32:39,108.8500,32,2
2026-02-05,000858,14:32:42,108.8400,34,2
2026-02-05,000858,14:32:45,108.8500,16,1
2026-02-05,000858,14:32:48,108.8400,19,2
2026-02-05,000858,14:32:51,108.8400,27,1
2026-02-05,000858,14:32:54,108.8400,87,1
2026-02-05,000858,14:32:57,108.8300,31,2
2026-02-05,000858,14:33:00,108.8300,9,1
2026-02-05,000858,14:33:03,108.8200,60,2
2026-02-05,000858,14:33:06,108.8100,29,2
2026-02-05,000858,14:33:09,108.8200,183,1
2026-02-05,000858,14:33:12,108.8300,15,1
2026-02-05,000858,14:33:15,108.8100,13,2
2026-02-05,000858,14:33:18,108.8200,92,2
2026-02-05,000858,14:33:21,108.8200,62,1
2026-02-05,000858,14:33:24,108.8300,47,1
2026-02-05,000858,14:33:27,108.8500,21,1
2026-02-05,000858,14:33:30,108.8600,109,1
2026-02-05,000858,14:33:33,108.8300,65,2
2026-02-05,000858,14:33:36,108.8500,39,1
2026-02-05,000858,14:33:39,108.8500,13,1
2026-02-05,000858,14:33:42,108.8500,10,1
2026-02-05,000858,14:33:45,108.8500,31,1
2026-02-05,000858,14:33:48,108.8600,39,1
2026-02-05,000858,14:33:51,108.8600,21,1
2026-02-05,000858,14:33:54,108.8700,10,1
2026-02-05,000858,14:33:57,108.8800,50,1
2026-02-05,000858,14:34:00,108.8800,31,1
2026-02-05,000858,14:34:03,108.9000,61,1
2026-02-05,000858,14:34:06,108.8900,21,4
2026-02-05,000858,14:34:09,108.9000,10,4
2026-02-05,000858,14:34:12,108.9200,12,1
2026-02-05,000858,14:34:15,108.9300,13,1
2026-02-05,000858,14:34:18,108.9200,31,2
2026-02-05,000858,14:34:21,108.9500,41,1
2026-02-05,000858,14:34:24,108.9400,42,2
2026-02-05,000858,14:34:27,108.9500,38,1
2026-02-05,000858,14:34:30,108.9500,7,1
2026-02-05,000858,14:34:33,108.9600,22,1
2026-02-05,000858,14:34:36,108.9600,8,1
2026-02-05,000858,14:34:39,108.9600,5,2
2026-02-05,000858,14:34:42,108.9600,12,2
2026-02-05,000858,14:34:45,108.9700,44,1
2026-02-05,000858,14:34:48,108.9800,71,1
2026-02-05,000858,14:34:51,108.9800,10,1
2026-02-05,000858,14:34:54,108.9800,11,1
2026-02-05,000858,14:34:57,108.9900,27,1
2026-02-05,000858,14:35:00,109.0000,49,1
2026-02-05,000858,14:35:03,108.9900,41,4
2026-02-05,000858,14:35:06,108.9800,492,4
2026-02-05,000858,14:35:09,108.9900,29,1
2026-02-05,000858,14:35:12,109.0000,90,1
2026-02-05,000858,14:35:15,109.0000,36,1
2026-02-05,000858,14:35:18,109.0000,31,1
2026-02-05,000858,14:35:21,108.9900,19,2
2026-02-05,000858,14:35:24,108.9900,14,1
2026-02-05,000858,14:35:27,109.0000,38,1
2026-02-05,000858,14:35:30,109.0000,14,1
2026-02-05,000858,14:35:33,108.9900,19,2
2026-02-05,000858,14:35:36,108.9900,10,2
2026-02-05,000858,14:35:39,108.9900,15,4
2026-02-05,000858,14:35:42,108.9800,30,2
2026-02-05,000858,14:35:45,109.0000,14,1
2026-02-05,000858,14:35:48,108.9800,8,2
2026-02-05,000858,14:35:51,109.0000,17,1
2026-02-05,000858,14:35:54,109.0000,6,1
2026-02-05,000858,14:35:57,108.9800,33,2
2026-02-05,000858,14:36:00,108.9700,22,2
2026-02-05,000858,14:36:03,108.9700,110,2
2026-02-05,000858,14:36:06,108.9800,21,1
2026-02-05,000858,14:36:09,108.9700,53,2
2026-02-05,000858,14:36:12,108.9700,11,1
2026-02-05,000858,14:36:15,108.9700,31,1
2026-02-05,000858,14:36:18,108.9700,28,1
2026-02-05,000858,14:36:21,108.9800,37,1
2026-02-05,000858,14:36:24,108.9800,32,1
2026-02-05,000858,14:36:27,108.9800,20,4
2026-02-05,000858,14:36:30,108.9700,8,2
2026-02-05,000858,14:36:33,108.9900,7,1
2026-02-05,000858,14:36:36,108.9800,27,2
2026-02-05,000858,14:36:39,108.9900,12,4
2026-02-05,000858,14:36:42,109.0000,171,1
2026-02-05,000858,14:36:45,108.9800,13,2
2026-02-05,000858,14:36:48,109.0000,126,1
2026-02-05,000858,14:36:51,109.0300,26,1
2026-02-05,000858,14:36:54,109.0000,70,2
2026-02-05,000858,14:36:57,109.0000,21,1
2026-02-05,000858,14:37:00,109.0000,29,1
2026-02-05,000858,14:37:03,109.0000,25,1
2026-02-05,000858,14:37:06,109.0000,7,1
2026-02-05,000858,14:37:09,109.0000,20,1
2026-02-05,000858,14:37:12,109.0000,17,4
2026-02-05,000858,14:37:15,109.0000,10,2
2026-02-05,000858,14:37:18,108.9900,22,2
2026-02-05,000858,14:37:21,109.0000,6,1
2026-02-05,000858,14:37:24,108.9900,53,2
2026-02-05,000858,14:37:27,109.0000,33,1
2026-02-05,000858,14:37:30,109.0000,40,2
2026-02-05,000858,14:37:33,109.0000,139,2
2026-02-05,000858,14:37:36,109.0000,18,1
2026-02-05,000858,14:37:39,108.9900,175,2
2026-02-05,000858,14:37:42,109.0000,22,1
2026-02-05,000858,14:37:45,109.0000,15,1
2026-02-05,000858,14:37:48,108.9900,14,2
2026-02-05,000858,14:37:51,109.0000,24,1
2026-02-05,000858,14:37:54,108.9900,26,2
2026-02-05,000858,14:37:57,109.0000,2,1
2026-02-05,000858,14:38:00,108.9900,26,2
2026-02-05,000858,14:38:03,109.0000,42,1
2026-02-05,000858,14:38:06,108.9900,34,2
2026-02-05,000858,14:38:09,108.9900,27,2
2026-02-05,000858,14:38:12,109.0000,15,1
2026-02-05,000858,14:38:15,108.9900,70,2
2026-02-05,000858,14:38:18,108.9900,29,2
2026-02-05,000858,14:38:21,109.0000,49,1
2026-02-05,000858,14:38:24,108.9900,48,2
2026-02-05,000858,14:38:27,108.9900,20,2
2026-02-05,000858,14:38:30,109.0000,66,1
2026-02-05,000858,14:38:33,109.0000,46,2
2026-02-05,000858,14:38:36,109.0000,38,2
2026-02-05,000858,14:38:39,108.9900,65,2
2026-02-05,000858,14:38:42,109.0100,11,1
2026-02-05,000858,14:38:45,109.0200,9,1
2026-02-05,000858,14:38:48,109.0300,18,1
2026-02-05,000858,14:38:51,109.0600,113,1
2026-02-05,000858,14:38:54,109.0300,50,2
2026-02-05,000858,14:38:57,109.0600,13,1
2026-02-05,000858,14:39:00,109.0700,51,1
2026-02-05,000858,14:39:03,109.0700,30,1
2026-02-05,000858,14:39:06,109.0700,21,1
2026-02-05,000858,14:39:09,109.0300,30,2
2026-02-05,000858,14:39:12,109.0700,27,1
2026-02-05,000858,14:39:15,109.0700,26,2
2026-02-05,000858,14:39:18,109.0700,7,1
2026-02-05,000858,14:39:21,109.0700,34,1
2026-02-05,000858,14:39:24,109.0500,51,2
2026-02-05,000858,14:39:27,109.0300,13,2
2026-02-05,000858,14:39:30,109.0300,27,2
2026-02-05,000858,14:39:33,109.0500,31,1
2026-02-05,000858,14:39:36,109.0300,8,2
2026-02-05,000858,14:39:39,109.0300,36,2
2026-02-05,000858,14:39:42,109.0300,47,1
2026-02-05,000858,14:39:45,109.0500,20,1
2026-02-05,000858,14:39:48,109.0400,119,4
2026-02-05,000858,14:39:51,109.0700,13,1
2026-02-05,000858,14:39:54,109.0500,59,4
2026-02-05,000858,14:39:57,109.0300,56,2
2026-02-05,000858,14:40:00,109.0800,23,1
2026-02-05,000858,14:40:03,109.0900,203,1
2026-02-05,000858,14:40:06,109.0800,55,2
2026-02-05,000858,14:40:09,109.1200,108,1
2026-02-05,000858,14:40:12,109.1300,20,1
2026-02-05,000858,14:40:15,109.1300,14,1
2026-02-05,000858,14:40:18,109.1400,44,1
2026-02-05,000858,14:40:21,109.1200,12,2
2026-02-05,000858,14:40:24,109.1100,44,2
2026-02-05,000858,14:40:27,109.1100,2,4
2026-02-05,000858,14:40:30,109.1400,162,1
2026-02-05,000858,14:40:33,109.1200,39,2
2026-02-05,000858,14:40:36,109.1500,16,1
2026-02-05,000858,14:40:39,109.1300,9,2
2026-02-05,000858,14:40:42,109.1300,25,1
2026-02-05,000858,14:40:45,109.1300,58,1
2026-02-05,000858,14:40:48,109.1400,31,1
2026-02-05,000858,14:40:51,109.1400,25,2
2026-02-05,000858,14:40:54,109.1400,85,2
2026-02-05,000858,14:40:57,109.1400,15,2
2026-02-05,000858,14:41:00,109.1500,64,1
2026-02-05,000858,14:41:03,109.1500,58,1
2026-02-05,000858,14:41:06,109.1400,53,2
2026-02-05,000858,14:41:09,109.1500,14,1
2026-02-05,000858,14:41:12,109.1600,97,1
2026-02-05,000858,14:41:15,109.1700,43,1
2026-02-05,000858,14:41:18,109.1500,17,2
2026-02-05,000858,14:41:21,109.1500,33,1
2026-02-05,000858,14:41:24,109.1500,33,2
2026-02-05,000858,14:41:27,109.1400,42,2
2026-02-05,000858,14:41:30,109.1700,25,1
2026-02-05,000858,14:41:33,109.1500,33,2
2026-02-05,000858,14:41:36,109.1700,55,1
2026-02-05,000858,14:41:39,109.1500,9,2
2026-02-05,000858,14:41:42,109.1500,16,1
2026-02-05,000858,14:41:45,109.1500,33,1
2026-02-05,000858,14:41:48,109.1500,13,4
2026-02-05,000858,14:41:51,109.1500,22,2
2026-02-05,000858,14:41:54,109.1500,12,2
2026-02-05,000858,14:41:57,109.1600,67,1
2026-02-05,000858,14:42:00,109.1700,23,1
2026-02-05,000858,14:42:03,109.1600,24,2
2026-02-05,000858,14:42:06,109.1700,46,1
2026-02-05,000858,14:42:09,109.1700,61,1
2026-02-05,000858,14:42:12,109.1600,38,2
2026-02-05,000858,14:42:15,109.1700,97,1
2026-02-05,000858,14:42:18,109.1800,34,1
2026-02-05,000858,14:42:21,109.1700,34,2
2026-02-05,000858,14:42:24,109.1700,9,1
2026-02-05,000858,14:42:27,109.1700,19,1
2026-02-05,000858,14:42:30,109.1600,42,2
2026-02-05,000858,14:42:33,109.1600,35,2
2026-02-05,000858,14:42:36,109.1600,45,2
2026-02-05,000858,14:42:39,109.1600,91,2
2026-02-05,000858,14:42:42,109.1700,33,1
2026-02-05,000858,14:42:45,109.1700,24,1
2026-02-05,000858,14:42:48,109.1700,46,1
2026-02-05,000858,14:42:51,109.1700,25,1
2026-02-05,000858,14:42:54,109.1700,62,1
2026-02-05,000858,14:42:57,109.1600,92,2
2026-02-05,000858,14:43:00,109.1600,128,1
2026-02-05,000858,14:43:03,109.1400,66,2
2026-02-05,000858,14:43:06,109.1600,3,1
2026-02-05,000858,14:43:09,109.1000,67,2
2026-02-05,000858,14:43:12,109.1000,29,1
2026-02-05,000858,14:43:15,109.1000,12,1
2026-02-05,000858,14:43:18,109.1000,15,1
2026-02-05,000858,14:43:21,109.0800,17,4
2026-02-05,000858,14:43:24,109.0500,115,2
2026-02-05,000858,14:43:27,109.0400,15,2
2026-02-05,000858,14:43:30,109.0200,13,2
2026-02-05,000858,14:43:33,109.0300,55,2
2026-02-05,000858,14:43:36,109.0400,62,1
2026-02-05,000858,14:43:39,109.0600,69,1
2026-02-05,000858,14:43:42,109.0400,46,2
2026-02-05,000858,14:43:45,109.0700,2337,1
2026-02-05,000858,14:43:48,109.0500,35,2
2026-02-05,000858,14:43:51,109.0800,13,1
2026-02-05,000858,14:43:54,109.0500,63,2
2026-02-05,000858,14:43:57,109.0800,18,1
2026-02-05,000858,14:44:00,109.0800,30,1
2026-02-05,000858,14:44:03,109.0400,94,2
2026-02-05,000858,14:44:06,109.1000,54,1
2026-02-05,000858,14:44:09,109.1000,159,1
2026-02-05,000858,14:44:12,109.1000,31,2
2026-02-05,000858,14:44:15,109.1000,20,2
2026-02-05,000858,14:44:18,109.1000,50,2
2026-02-05,000858,14:44:21,109.1200,25,1
2026-02-05,000858,14:44:24,109.1000,70,2
2026-02-05,000858,14:44:27,109.1000,24,1
2026-02-05,000858,14:44:30,109.0900,26,2
2026-02-05,000858,14:44:33,109.0900,13,4
2026-02-05,000858,14:44:36,109.0900,36,2
2026-02-05,000858,14:44:39,109.0900,30,4
2026-02-05,000858,14:44:42,109.1000,139,1
2026-02-05,000858,14:44:45,109.0900,48,2
2026-02-05,000858,14:44:48,109.0900,11,1
2026-02-05,000858,14:44:51,109.0800,11,2
2026-02-05,000858,14:44:54,109.0700,40,2
2026-02-05,000858,14:44:57,109.0900,58,1
2026-02-05,000858,14:45:00,109.0600,31,2
2026-02-05,000858,14:45:03,109.0500,41,2
2026-02-05,000858,14:45:06,109.0700,4,1
2026-02-05,000858,14:45:09,109.0400,77,2
2026-02-05,000858,14:45:12,109.1100,86,1
2026-02-05,000858,14:45:15,109.1200,105,1
2026-02-05,000858,14:45:18,109.1100,113,2
2026-02-05,000858,14:45:21,109.1100,40,2
2026-02-05,000858,14:45:24,109.0700,92,2
2026-02-05,000858,14:45:27,109.1100,36,1
2026-02-05,000858,14:45:30,109.0900,83,2
2026-02-05,000858,14:45:33,109.1000,39,2
2026-02-05,000858,14:45:36,109.1000,12,4
2026-02-05,000858,14:45:39,109.1500,85,1
2026-02-05,000858,14:45:42,109.1100,91,2
2026-02-05,000858,14:45:45,109.1200,8,2
2026-02-05,000858,14:45:48,109.1100,33,2
2026-02-05,000858,14:45:51,109.1100,19,2
2026-02-05,000858,14:45:54,109.1100,39,2
2026-02-05,000858,14:45:57,109.1200,34,1
2026-02-05,000858,14:46:00,109.1300,72,1
2026-02-05,000858,14:46:03,109.1200,37,2
2026-02-05,000858,14:46:06,109.1300,7,4
2026-02-05,000858,14:46:09,109.1300,51,1
2026-02-05,000858,14:46:12,109.1400,108,1
2026-02-05,000858,14:46:15,109.1400,98,2
2026-02-05,000858,14:46:18,109.1300,6,2
2026-02-05,000858,14:46:21,109.1200,92,2
2026-02-05,000858,14:46:24,109.1400,45,1
2026-02-05,000858,14:46:27,109.1500,42,1
2026-02-05,000858,14:46:30,109.1700,56,1
2026-02-05,000858,14:46:33,109.1700,35,1
2026-02-05,000858,14:46:36,109.1600,27,4
2026-02-05,000858,14:46:39,109.1500,24,1
2026-02-05,000858,14:46:42,109.1400,24,2
2026-02-05,000858,14:46:45,109.1400,8,1
2026-02-05,000858,14:46:48,109.1500,48,1
2026-02-05,000858,14:46:51,109.1500,52,1
2026-02-05,000858,14:46:54,109.1500,113,1
2026-02-05,000858,14:46:57,109.1600,29,1
2026-02-05,000858,14:47:00,109.1300,58,2
2026-02-05,000858,14:47:03,109.1500,42,1
2026-02-05,000858,14:47:06,109.1300,40,2
2026-02-05,000858,14:47:09,109.1500,54,1
2026-02-05,000858,14:47:12,109.1300,63,2
2026-02-05,000858,14:47:15,109.1200,85,2
2026-02-05,000858,14:47:18,109.1300,15,2
2026-02-05,000858,14:47:21,109.1300,38,2
2026-02-05,000858,14:47:24,109.1300,50,2
2026-02-05,000858,14:47:27,109.1300,15,1
2026-02-05,000858,14:47:30,109.1300,14,1
2026-02-05,000858,14:47:33,109.1200,83,2
2026-02-05,000858,14:47:36,109.1200,70,1
2026-02-05,000858,14:47:39,109.1200,19,1
2026-02-05,000858,14:47:42,109.1100,41,2
2026-02-05,000858,14:47:45,109.1000,28,2
2026-02-05,000858,14:47:48,109.1100,19,1
2026-02-05,000858,14:47:51,109.1000,30,2
2026-02-05,000858,14:47:54,109.1000,31,2
2026-02-05,000858,14:47:57,109.1000,176,2
2026-02-05,000858,14:48:00,109.1000,14,2
2026-02-05,000858,14:48:03,109.1000,35,2
2026-02-05,000858,14:48:06,109.1100,27,1
2026-02-05,000858,14:48:09,109.1100,119,1
2026-02-05,000858,14:48:12,109.1100,136,1
2026-02-05,000858,14:48:15,109.1100,31,1
2026-02-05,000858,14:48:18,109.1000,86,2
2026-02-05,000858,14:48:21,109.1100,54,1
2026-02-05,000858,14:48:24,109.1100,34,2
2026-02-05,000858,14:48:27,109.1100,28,2
2026-02-05,000858,14:48:30,109.1100,21,1
2026-02-05,000858,14:48:33,109.1100,32,1
2026-02-05,000858,14:48:36,109.1000,25,2
2026-02-05,000858,14:48:39,109.1100,48,1
2026-02-05,000858,14:48:42,109.1000,47,2
2026-02-05,000858,14:48:45,109.1000,11,2
2026-02-05,000858,14:48:48,109.1100,39,1
2026-02-05,000858,14:48:51,109.1100,48,1
2026-02-05,000858,14:48:54,109.1000,35,2
2026-02-05,000858,14:48:57,109.1000,68,2
2026-02-05,000858,14:49:00,109.1000,61,2
2026-02-05,000858,14:49:03,109.1000,83,2
2026-02-05,000858,14:49:06,109.1100,57,1
2026-02-05,000858,14:49:09,109.1000,69,2
2026-02-05,000858,14:49:12,109.1000,101,2
2026-02-05,000858,14:49:15,109.1100,122,1
2026-02-05,000858,14:49:18,109.1100,81,2
2026-02-05,000858,14:49:21,109.1100,86,1
2026-02-05,000858,14:49:24,109.1200,105,1
2026-02-05,000858,14:49:27,109.1300,57,1
2026-02-05,000858,14:49:30,109.1300,35,1
2026-02-05,000858,14:49:33,109.1300,86,1
2026-02-05,000858,14:49:36,109.1500,40,1
2026-02-05,000858,14:49:39,109.1300,49,2
2026-02-05,000858,14:49:42,109.1300,93,1
2026-02-05,000858,14:49:45,109.1300,20,2
2026-02-05,000858,14:49:48,109.1400,15,1
2026-02-05,000858,14:49:51,109.1400,58,1
2026-02-05,000858,14:49:54,109.1300,50,2
2026-02-05,000858,14:49:57,109.1200,56,2
2026-02-05,000858,14:50:00,109.1200,216,2
2026-02-05,000858,14:50:03,109.1200,63,1
2026-02-05,000858,14:50:06,109.1200,89,2
2026-02-05,000858,14:50:09,109.1300,320,1
2026-02-05,000858,14:50:12,109.0900,302,2
2026-02-05,000858,14:50:15,109.1300,89,1
2026-02-05,000858,14:50:18,109.0900,181,2
2026-02-05,000858,14:50:21,109.0800,85,2
2026-02-05,000858,14:50:24,109.0800,26,2
2026-02-05,000858,14:50:27,109.0800,20,2
2026-02-05,000858,14:50:30,109.0800,32,2
2026-02-05,000858,14:50:33,109.0900,39,4
2026-02-05,000858,14:50:36,109.1000,54,1
2026-02-05,000858,14:50:39,109.0800,213,2
2026-02-05,000858,14:50:42,109.0900,148,1
2026-02-05,000858,14:50:45,109.0900,35,1
2026-02-05,000858,14:50:48,109.0700,48,2
2026-02-05,000858,14:50:51,109.0700,71,1
2026-02-05,000858,14:50:54,109.0800,59,1
2026-02-05,000858,14:50:57,109.0600,102,2
2026-02-05,000858,14:51:00,109.0800,50,1
2026-02-05,000858,14:51:03,109.0600,60,1
2026-02-05,000858,14:51:06,109.0600,115,1
2026-02-05,000858,14:51:09,109.0600,26,2
2026-02-05,000858,14:51:12,109.0600,76,1
2026-02-05,000858,14:51:15,109.0500,116,2
2026-02-05,000858,14:51:18,109.0600,69,2
2026-02-05,000858,14:51:21,109.0800,48,1
2026-02-05,000858,14:51:24,109.0800,50,2
2026-02-05,000858,14:51:27,109.0600,86,2
2026-02-05,000858,14:51:30,109.1000,21,1
2026-02-05,000858,14:51:33,109.1000,24,2
2026-02-05,000858,14:51:36,109.0800,34,1
2026-02-05,000858,14:51:39,109.0800,33,2
2026-02-05,000858,14:51:42,109.0800,17,2
2026-02-05,000858,14:51:45,109.0700,40,2
2026-02-05,000858,14:51:48,109.0800,137,1
2026-02-05,000858,14:51:51,109.1000,72,1
2026-02-05,000858,14:51:54,109.1000,43,2
2026-02-05,000858,14:51:57,109.1100,25,1
2026-02-05,000858,14:52:00,109.1000,61,2
2026-02-05,000858,14:52:03,109.1100,70,1
2026-02-05,000858,14:52:06,109.1000,139,2
2026-02-05,000858,14:52:09,109.1000,23,2
2026-02-05,000858,14:52:12,109.1000,71,2
2026-02-05,000858,14:52:15,109.1100,21,2
2026-02-05,000858,14:52:18,109.1100,16,2
2026-02-05,000858,14:52:21,109.1100,38,1
2026-02-05,000858,14:52:24,109.1100,136,1
2026-02-05,000858,14:52:27,109.1000,49,2
2026-02-05,000858,14:52:30,109.1000,82,2
2026-02-05,000858,14:52:33,109.1000,89,2
2026-02-05,000858,14:52:36,109.1000,35,2
2026-02-05,000858,14:52:39,109.1100,67,1
2026-02-05,000858,14:52:42,109.1000,115,2
2026-02-05,000858,14:52:45,109.1100,14,4
2026-02-05,000858,14:52:48,109.1000,56,2
2026-02-05,000858,14:52:51,109.1000,40,2
2026-02-05,000858,14:52:54,109.1000,39,2
2026-02-05,000858,14:52:57,109.1000,296,2
2026-02-05,000858,14:53:00,109.1000,141,1
2026-02-05,000858,14:53:03,109.1000,151,2
2026-02-05,000858,14:53:06,109.1000,130,2
2026-02-05,000858,14:53:09,109.1000,169,1
2026-02-05,000858,14:53:12,109.1000,155,4
2026-02-05,000858,14:53:15,109.0700,48,2
2026-02-05,000858,14:53:18,109.0700,58,2
2026-02-05,000858,14:53:21,109.0700,40,1
2026-02-05,000858,14:53:24,109.0600,134,2
2026-02-05,000858,14:53:27,109.0800,194,1
2026-02-05,000858,14:53:30,109.0700,52,2
2026-02-05,000858,14:53:33,109.0700,35,1
2026-02-05,000858,14:53:36,109.0800,46,1
2026-02-05,000858,14:53:39,109.0700,72,1
2026-02-05,000858,14:53:42,109.0700,24,1
2026-02-05,000858,14:53:45,109.0600,36,2
2026-02-05,000858,14:53:48,109.0600,66,2
2026-02-05,000858,14:53:51,109.0600,20,1
2026-02-05,000858,14:53:54,109.0500,118,2
2026-02-05,000858,14:53:57,109.0400,18,2
2026-02-05,000858,14:54:00,109.0300,141,2
2026-02-05,000858,14:54:03,109.0300,125,2
2026-02-05,000858,14:54:06,109.0400,113,1
2026-02-05,000858,14:54:09,109.0300,154,4
2026-02-05,000858,14:54:12,109.0200,102,2
2026-02-05,000858,14:54:15,109.0200,55,1
2026-02-05,000858,14:54:18,109.0200,36,1
2026-02-05,000858,14:54:21,109.0100,63,2
2026-02-05,000858,14:54:24,109.0000,285,2
2026-02-05,000858,14:54:27,109.0000,27,1
2026-02-05,000858,14:54:30,108.9900,43,4
2026-02-05,000858,14:54:33,108.9800,37,2
2026-02-05,000858,14:54:36,108.9800,42,1
2026-02-05,000858,14:54:39,108.9700,54,2
2026-02-05,000858,14:54:42,108.9800,44,1
2026-02-05,000858,14:54:45,108.9700,56,2
2026-02-05,000858,14:54:48,108.9900,44,1
2026-02-05,000858,14:54:51,108.9800,20,4
2026-02-05,000858,14:54:54,108.9700,45,2
2026-02-05,000858,14:54:57,108.9700,187,1
2026-02-05,000858,14:55:00,108.9700,120,1
2026-02-05,000858,14:55:03,108.9600,20,1
2026-02-05,000858,14:55:06,108.9500,40,2
2026-02-05,000858,14:55:09,108.9600,85,1
2026-02-05,000858,14:55:12,108.9600,135,2
2026-02-05,000858,14:55:15,108.9300,41,2
2026-02-05,000858,14:55:18,108.9300,287,1
2026-02-05,000858,14:55:21,108.9300,20,2
2026-02-05,000858,14:55:24,108.9300,73,2
2026-02-05,000858,14:55:27,108.9300,48,4
2026-02-05,000858,14:55:30,108.9300,37,1
2026-02-05,000858,14:55:33,108.9300,63,1
2026-02-05,000858,14:55:36,108.9100,54,2
2026-02-05,000858,14:55:39,108.9000,88,2
2026-02-05,000858,14:55:42,108.9100,73,2
2026-02-05,000858,14:55:45,108.9100,172,2
2026-02-05,000858,14:55:48,108.9300,500,1
2026-02-05,000858,14:55:51,108.8900,45,4
2026-02-05,000858,14:55:54,108.9000,77,2
2026-02-05,000858,14:55:57,108.9300,35,1
2026-02-05,000858,14:56:00,108.8800,205,2
2026-02-05,000858,14:56:03,108.8800,93,2
2026-02-05,000858,14:56:06,108.9000,25,2
2026-02-05,000858,14:56:09,108.8900,147,2
2026-02-05,000858,14:56:12,108.8800,118,1
2026-02-05,000858,14:56:15,108.8800,144,1
2026-02-05,000858,14:56:18,108.8800,194,4
2026-02-05,000858,14:56:21,108.8700,112,2
2026-02-05,000858,14:56:24,108.8600,91,2
2026-02-05,000858,14:56:27,108.8600,149,1
2026-02-05,000858,14:56:30,108.8600,223,1
2026-02-05,000858,14:56:33,108.8600,165,2
2026-02-05,000858,14:56:36,108.8500,89,2
2026-02-05,000858,14:56:39,108.8600,95,2
2026-02-05,000858,14:56:42,108.8600,196,2
2026-02-05,000858,14:56:45,108.8500,51,2
2026-02-05,000858,14:56:48,108.8600,91,1
2026-02-05,000858,14:56:51,108.8600,97,2
2026-02-05,000858,14:56:54,108.8500,85,2
2026-02-05,000858,14:56:57,108.8900,274,1
2026-02-05,000858,14:57:00,108.8600,75,2
2026-02-05,000858,15:00:01,108.8900,2125,4
2026-02-05,000858,13:16:06,109.0400,34,4
2026-02-05,000858,13:16:09,109.0400,9,1
2026-02-05,000858,13:16:12,109.0400,9,4
2026-02-05,000858,13:16:15,109.0500,33,1
2026-02-05,000858,13:16:18,109.0400,14,2
2026-02-05,000858,13:16:21,109.0300,20,2
2026-02-05,000858,13:16:24,109.0200,10,2
2026-02-05,000858,13:16:27,109.0300,19,1
2026-02-05,000858,13:16:30,109.0300,169,1
2026-02-05,000858,13:16:36,109.0300,43,1
2026-02-05,000858,13:16:39,109.0200,15,1
2026-02-05,000858,13:16:42,109.0100,5,2
2026-02-05,000858,13:16:45,109.0100,24,2
2026-02-05,000858,13:16:48,109.0100,23,2
2026-02-05,000858,13:16:51,109.0100,6,1
2026-02-05,000858,13:16:54,109.0100,17,1
2026-02-05,000858,13:16:57,109.0000,166,2
2026-02-05,000858,13:17:00,109.0000,57,1
2026-02-05,000858,13:17:03,109.0000,14,2
2026-02-05,000858,13:17:06,109.0200,83,1
2026-02-05,000858,13:17:09,109.0100,15,1
2026-02-05,000858,13:17:12,109.0000,57,2
2026-02-05,000858,13:17:15,108.9900,4,2
2026-02-05,000858,13:17:18,109.0000,5,1
2026-02-05,000858,13:17:21,108.9900,28,2
2026-02-05,000858,13:17:24,108.9900,3,2
2026-02-05,000858,13:17:27,108.9900,9,2
2026-02-05,000858,13:17:30,108.9900,20,1
2026-02-05,000858,13:17:33,108.9900,84,1
2026-02-05,000858,13:17:36,108.9700,24,2
2026-02-05,000858,13:17:39,108.9900,214,1
2026-02-05,000858,13:17:42,108.9900,13,2
2026-02-05,000858,13:17:45,108.9900,13,2
2026-02-05,000858,13:17:48,108.9800,5,2
2026-02-05,000858,13:17:51,108.9800,2,2
2026-02-05,000858,13:17:54,108.9800,8,1
2026-02-05,000858,13:17:57,108.9700,18,2
2026-02-05,000858,13:18:00,108.9800,2,1
2026-02-05,000858,13:18:03,108.9700,6,2
2026-02-05,000858,13:18:06,108.9700,13,1
2026-02-05,000858,13:18:09,108.9600,18,2
2026-02-05,000858,13:18:12,108.9600,25,1
2026-02-05,000858,13:18:15,108.9400,8,2
2026-02-05,000858,13:18:18,108.9300,7,2
2026-02-05,000858,13:18:21,108.9300,20,2
2026-02-05,000858,13:18:24,108.9400,124,1
2026-02-05,000858,13:18:27,109.0000,105,1
2026-02-05,000858,13:18:30,109.0000,22,1
2026-02-05,000858,13:18:33,109.0100,3,1
2026-02-05,000858,13:18:36,109.0000,13,2
2026-02-05,000858,13:18:39,109.0000,47,1
2026-02-05,000858,13:18:42,109.0000,52,4
2026-02-05,000858,13:18:45,108.9500,51,2
2026-02-05,000858,13:18:48,109.0100,92,1
2026-02-05,000858,13:18:51,109.0300,90,1
2026-02-05,000858,13:18:54,109.0400,45,1
2026-02-05,000858,13:18:57,109.0100,7,2
2026-02-05,000858,13:19:00,109.0400,6,1
2026-02-05,000858,13:19:03,109.0100,12,2
2026-02-05,000858,13:19:06,109.0400,1,1
2026-02-05,000858,13:19:09,109.0100,4,2
2026-02-05,000858,13:19:12,109.0100,92,2
2026-02-05,000858,13:19:15,109.0100,8,2
2026-02-05,000858,13:19:18,109.0100,23,2
2026-02-05,000858,13:19:21,109.0400,4,1
2026-02-05,000858,13:19:24,109.0400,8,2
2026-02-05,000858,13:19:27,109.0400,9,2
2026-02-05,000858,13:19:30,109.0400,47,2
2026-02-05,000858,13:19:33,109.0500,25,1
2026-02-05,000858,13:19:36,109.0400,36,4
2026-02-05,000858,13:19:39,109.0400,16,2
2026-02-05,000858,13:19:42,109.0300,3,1
2026-02-05,000858,13:19:45,109.0600,24,1
2026-02-05,000858,13:19:48,109.0500,19,1
2026-02-05,000858,13:19:51,109.0700,18,1
2026-02-05,000858,13:19:54,109.0600,90,2
2026-02-05,000858,13:19:57,109.1300,3,1
2026-02-05,000858,13:20:00,109.0900,2,2
2026-02-05,000858,13:20:03,109.1400,15,1
2026-02-05,000858,13:20:06,109.1500,8,1
2026-02-05,000858,13:20:09,109.1400,1,2
2026-02-05,000858,13:20:12,109.1500,5,2
2026-02-05,000858,13:20:15,109.1500,26,2
2026-02-05,000858,13:20:18,109.1000,94,2
2026-02-05,000858,13:20:21,109.1100,64,4
2026-02-05,000858,13:20:24,109.1100,1,1
2026-02-05,000858,13:20:27,109.1000,1,1
2026-02-05,000858,13:20:30,109.0900,112,2
2026-02-05,000858,13:20:33,109.0900,27,2
2026-02-05,000858,13:20:36,109.1000,59,1
2026-02-05,000858,13:20:39,109.0900,56,2
2026-02-05,000858,13:20:42,109.1000,56,1
2026-02-05,000858,13:20:45,109.1000,12,1
2026-02-05,000858,13:20:51,109.1100,24,1
2026-02-05,000858,13:20:54,109.1100,7,2
2026-02-05,000858,13:20:57,109.1100,7,2
2026-02-05,000858,13:21:00,109.1100,6,2
2026-02-05,000858,13:21:03,109.1100,24,2
2026-02-05,000858,13:21:09,109.1100,23,2
2026-02-05,000858,13:21:12,109.1100,35,2
2026-02-05,000858,13:21:15,109.1100,15,1
2026-02-05,000858,13:21:18,109.1200,3,2
2026-02-05,000858,13:21:21,109.1200,1,2
2026-02-05,000858,13:21:24,109.1200,170,2
2026-02-05,000858,13:21:27,109.1700,11,1
2026-02-05,000858,13:21:30,109.1800,35,1
2026-02-05,000858,13:21:33,109.1700,51,1
2026-02-05,000858,13:21:36,109.1700,13,2
2026-02-05,000858,13:21:39,109.1500,135,2
2026-02-05,000858,13:21:42,109.1600,32,4
2026-02-05,000858,13:21:45,109.1600,25,1
2026-02-05,000858,13:21:48,109.1500,12,2
2026-02-05,000858,13:21:51,109.1200,29,2
2026-02-05,000858,13:21:54,109.1200,41,2
2026-02-05,000858,13:21:57,109.1200,110,2
2026-02-05,000858,13:22:00,109.1200,18,2
2026-02-05,000858,13:22:03,109.1600,4,1
2026-02-05,000858,13:22:06,109.1600,84,1
2026-02-05,000858,13:22:09,109.1200,24,2
2026-02-05,000858,13:22:12,109.1600,49,1
2026-02-05,000858,13:22:15,109.1600,20,4
2026-02-05,000858,13:22:18,109.1500,6,2
2026-02-05,000858,13:22:21,109.2000,51,1
2026-02-05,000858,13:22:24,109.1600,32,2
2026-02-05,000858,13:22:27,109.2000,16,1
2026-02-05,000858,13:22:30,109.2000,84,1
2026-02-05,000858,13:22:33,109.2000,4,1
2026-02-05,000858,13:22:36,109.1900,15,2
2026-02-05,000858,13:22:39,109.2000,17,1
2026-02-05,000858,13:22:42,109.2000,13,1
2026-02-05,000858,13:22:45,109.1900,28,2
2026-02-05,000858,13:22:48,109.1900,7,1
2026-02-05,000858,13:22:51,109.2000,13,1
2026-02-05,000858,13:22:54,109.1900,14,2
2026-02-05,000858,13:22:57,109.1900,11,2
2026-02-05,000858,13:23:00,109.2000,39,1
2026-02-05,000858,13:23:03,109.2000,15,1
2026-02-05,000858,13:23:06,109.1900,36,2
2026-02-05,000858,13:23:09,109.1900,18,4
2026-02-05,000858,13:23:12,109.1900,22,1
2026-02-05,000858,13:23:15,109.2000,31,1
2026-02-05,000858,13:23:18,109.1900,2,2
2026-02-05,000858,13:23:21,109.1900,16,1
2026-02-05,000858,13:23:24,109.1800,21,2
2026-02-05,000858,13:23:27,109.1800,10,1
2026-02-05,000858,13:23:30,109.1900,39,1
2026-02-05,000858,13:23:33,109.1900,8,2
2026-02-05,000858,13:23:36,109.2000,30,1
2026-02-05,000858,13:23:39,109.2000,11,1
2026-02-05,000858,13:23:42,109.1900,20,2
2026-02-05,000858,13:23:45,109.2000,14,1
2026-02-05,000858,13:23:48,109.2000,19,1
2026-02-05,000858,13:23:51,109.2000,7,1
2026-02-05,000858,13:23:54,109.2000,19,2
2026-02-05,000858,13:23:57,109.2000,14,2
2026-02-05,000858,13:24:00,109.2000,14,2
2026-02-05,000858,13:24:03,109.2100,56,1
2026-02-05,000858,13:24:06,109.2000,7,2
2026-02-05,000858,13:24:09,109.2000,7,2
2026-02-05,000858,13:24:12,109.2500,125,1
2026-02-05,000858,13:24:15,109.2600,8,1
2026-02-05,000858,13:24:18,109.2600,1,1
2026-02-05,000858,13:24:21,109.2500,49,2
2026-02-05,000858,13:24:24,109.2500,13,2
2026-02-05,000858,13:24:27,109.2600,66,1
2026-02-05,000858,13:24:30,109.2500,16,4
2026-02-05,000858,13:24:33,109.2400,51,2
2026-02-05,000858,13:24:36,109.2300,160,2
2026-02-05,000858,13:24:39,109.2500,36,1
2026-02-05,000858,13:24:42,109.2300,16,1
2026-02-05,000858,13:24:45,109.2500,40,1
2026-02-05,000858,13:24:48,109.2500,6,1
2026-02-05,000858,13:24:51,109.2500,3,2
2026-02-05,000858,13:24:54,109.2600,14,1
2026-02-05,000858,13:24:57,109.2500,13,1
2026-02-05,000858,13:25:00,109.2500,13,1
2026-02-05,000858,13:25:03,109.2500,31,1
2026-02-05,000858,13:25:06,109.2300,39,2
2026-02-05,000858,13:25:09,109.2400,6,1
2026-02-05,000858,13:25:12,109.2300,21,1
2026-02-05,000858,13:25:15,109.2400,8,1
2026-02-05,000858,13:25:18,109.2200,6,2
2026-02-05,000858,13:25:21,109.2300,10,1
2026-02-05,000858,13:25:24,109.2200,7,2
2026-02-05,000858,13:25:27,109.2200,37,2
2026-02-05,000858,13:25:30,109.2100,6,4
2026-02-05,000858,13:25:33,109.2000,4,2
2026-02-05,000858,13:25:36,109.2000,70,2
2026-02-05,000858,13:25:39,109.2000,13,1
2026-02-05,000858,13:25:42,109.2000,8,1
2026-02-05,000858,13:25:45,109.2000,14,1
2026-02-05,000858,13:25:48,109.1900,8,4
2026-02-05,000858,13:25:51,109.2000,7,1
2026-02-05,000858,13:25:54,109.1900,23,1
2026-02-05,000858,13:25:57,109.1800,14,2
2026-02-05,000858,13:26:00,109.1800,39,1
2026-02-05,000858,13:26:03,109.1800,82,4
2026-02-05,000858,13:26:06,109.1800,32,2
2026-02-05,000858,13:26:09,109.1800,110,1
2026-02-05,000858,13:26:12,109.1700,41,2
2026-02-05,000858,13:26:15,109.1900,51,4
2026-02-05,000858,13:26:18,109.1900,18,2
2026-02-05,000858,13:26:21,109.2000,7,4
2026-02-05,000858,13:26:24,109.2100,23,1
2026-02-05,000858,13:26:27,109.2100,85,4
2026-02-05,000858,13:26:30,109.2000,16,2
2026-02-05,000858,13:26:33,109.2200,8,1
2026-02-05,000858,13:26:36,109.2100,9,2
2026-02-05,000858,13:26:39,109.2100,42,2
2026-02-05,000858,13:26:42,109.2400,47,1
2026-02-05,000858,13:26:45,109.2100,3,2
2026-02-05,000858,13:26:48,109.2200,6,2
2026-02-05,000858,13:26:54,109.2200,13,1
2026-02-05,000858,13:26:57,109.2200,10,2
2026-02-05,000858,13:27:00,109.2100,59,2
2026-02-05,000858,13:27:03,109.2100,13,1
2026-02-05,000858,13:27:06,109.2100,18,1
2026-02-05,000858,13:27:09,109.2000,20,2
2026-02-05,000858,13:27:12,109.2100,5,1
2026-02-05,000858,13:27:15,109.2100,3,2
2026-02-05,000858,13:27:18,109.2100,29,2
2026-02-05,000858,13:27:21,109.2500,87,1
2026-02-05,000858,13:27:24,109.2300,29,2
2026-02-05,000858,13:27:27,109.2300,16,2
2026-02-05,000858,13:27:30,109.2600,15,1
2026-02-05,000858,13:27:33,109.2600,13,2
2026-02-05,000858,13:27:36,109.2700,11,1
2026-02-05,000858,13:27:39,109.2700,21,1
2026-02-05,000858,13:27:42,109.2600,30,2
2026-02-05,000858,13:27:45,109.2700,2,4
2026-02-05,000858,13:27:48,109.2700,1,1
2026-02-05,000858,13:27:51,109.2600,26,2
2026-02-05,000858,13:27:54,109.2700,2,1
2026-02-05,000858,13:27:57,109.2700,9,1
2026-02-05,000858,13:28:00,109.2700,12,2
2026-02-05,000858,13:28:03,109.2500,75,2
2026-02-05,000858,13:28:06,109.2700,61,1
2026-02-05,000858,13:28:09,109.2700,17,1
2026-02-05,000858,13:28:12,109.2500,87,2
2026-02-05,000858,13:28:15,109.2700,19,1
2026-02-05,000858,13:28:18,109.2500,7,2
2026-02-05,000858,13:28:21,109.2600,12,1
2026-02-05,000858,13:28:24,109.2600,8,1
2026-02-05,000858,13:28:27,109.2500,26,2
2026-02-05,000858,13:28:30,109.2500,134,2
2026-02-05,000858,13:28:33,109.2700,77,1
2026-02-05,000858,13:28:36,109.2500,37,2
2026-02-05,000858,13:28:39,109.2600,33,1
2026-02-05,000858,13:28:42,109.2600,7,1
2026-02-05,000858,13:28:45,109.2800,22,1
2026-02-05,000858,13:28:48,109.2700,1,2
2026-02-05,000858,13:28:51,109.2700,1,4
2026-02-05,000858,13:28:54,109.2800,176,1
2026-02-05,000858,13:28:57,109.2800,6,1
2026-02-05,000858,13:29:00,109.2700,16,2
2026-02-05,000858,13:29:03,109.3000,10,1
2026-02-05,000858,13:29:06,109.2900,7,2
2026-02-05,000858,13:29:09,109.3000,4,1
2026-02-05,000858,13:29:12,109.2800,18,2
2026-02-05,000858,13:29:15,109.3000,9,1
2026-02-05,000858,13:29:18,109.2600,8,2
2026-02-05,000858,13:29:21,109.2700,3,1
2026-02-05,000858,13:29:24,109.2700,14,1
2026-02-05,000858,13:29:30,109.2800,4,1
2026-02-05,000858,13:29:33,109.2700,35,2
2026-02-05,000858,13:29:36,109.2800,19,4
2026-02-05,000858,13:29:42,109.2700,102,2
2026-02-05,000858,13:29:45,109.2700,2,1
2026-02-05,000858,13:29:48,109.2800,75,1
2026-02-05,000858,13:29:51,109.3000,332,1
2026-02-05,000858,13:29:54,109.3400,8,1
2026-02-05,000858,13:29:57,109.3400,9,1
2026-02-05,000858,13:30:00,109.3400,4,1
2026-02-05,000858,13:30:03,109.3100,18,1
2026-02-05,000858,13:30:06,109.3100,12,2
2026-02-05,000858,13:30:09,109.3200,12,1
2026-02-05,000858,13:30:12,109.3300,7,1
2026-02-05,000858,13:30:15,109.3200,42,2
2026-02-05,000858,13:30:18,109.3200,20,2
2026-02-05,000858,13:30:21,109.3200,21,1
2026-02-05,000858,13:30:24,109.3000,8,4
2026-02-05,000858,13:30:27,109.3000,79,2
2026-02-05,000858,13:30:30,109.3000,61,2
2026-02-05,000858,13:30:33,109.3100,14,1
2026-02-05,000858,13:30:36,109.3000,17,2
2026-02-05,000858,13:30:39,109.3100,49,1
2026-02-05,000858,13:30:42,109.3100,32,1
2026-02-05,000858,13:30:45,109.2800,35,2
2026-02-05,000858,13:30:48,109.3000,40,1
2026-02-05,000858,13:30:51,109.2800,35,2
2026-02-05,000858,13:30:54,109.2800,21,2
2026-02-05,000858,13:30:57,109.2800,12,2
2026-02-05,000858,13:31:00,109.2900,7,1
2026-02-05,000858,13:31:03,109.2800,12,2
2026-02-05,000858,13:31:06,109.2800,15,2
2026-02-05,000858,13:31:09,109.2800,48,2
2026-02-05,000858,13:31:12,109.2800,62,2
2026-02-05,000858,13:31:15,109.2700,2,4
2026-02-05,000858,13:31:18,109.2600,28,2
2026-02-05,000858,13:31:21,109.2700,27,1
2026-02-05,000858,13:31:24,109.2600,14,1
2026-02-05,000858,13:31:27,109.2600,33,1
2026-02-05,000858,13:31:30,109.2500,6,2
2026-02-05,000858,13:31:33,109.2600,33,1
2026-02-05,000858,13:31:36,109.2600,39,2
2026-02-05,000858,13:31:39,109.2700,59,1
2026-02-05,000858,13:31:42,109.2500,28,2
2026-02-05,000858,13:31:45,109.2500,4,1
2026-02-05,000858,13:31:48,109.2400,6,2
2026-02-05,000858,13:31:51,109.2400,29,2
2026-02-05,000858,13:31:54,109.2500,10,1
2026-02-05,000858,13:31:57,109.2400,21,2
2026-02-05,000858,13:32:00,109.2400,5,1
2026-02-05,000858,13:32:03,109.2400,13,1
2026-02-05,000858,13:32:06,109.2300,74,2
2026-02-05,000858,13:32:09,109.2200,1,4
2026-02-05,000858,13:32:12,109.2200,12,1
2026-02-05,000858,13:32:15,109.2100,20,2
2026-02-05,000858,13:32:18,109.2100,11,2
2026-02-05,000858,13:32:21,109.2000,17,2
2026-02-05,000858,13:32:24,109.2000,55,2
2026-02-05,000858,13:32:27,109.1700,76,2
2026-02-05,000858,13:32:30,109.1700,14,1
2026-02-05,000858,13:32:33,109.1600,8,2
2026-02-05,000858,13:32:36,109.1600,55,1
2026-02-05,000858,13:32:39,109.1600,36,1
2026-02-05,000858,13:32:42,109.1600,2,1
2026-02-05,000858,13:32:45,109.1600,22,1
2026-02-05,000858,13:32:48,109.1600,73,1
2026-02-05,000858,13:32:51,109.1700,14,1
2026-02-05,000858,13:32:54,109.1700,77,1
2026-02-05,000858,13:32:57,109.1700,18,2
2026-02-05,000858,13:33:00,109.1700,22,2
2026-02-05,000858,13:33:03,109.1900,39,1
2026-02-05,000858,13:33:06,109.2000,16,1
2026-02-05,000858,13:33:09,109.2100,49,1
2026-02-05,000858,13:33:12,109.1900,14,2
2026-02-05,000858,13:33:15,109.2000,28,1
2026-02-05,000858,13:33:18,109.2000,8,1
2026-02-05,000858,13:33:21,109.2000,21,1
2026-02-05,000858,13:33:24,109.2100,12,1
2026-02-05,000858,13:33:27,109.2000,5,2
2026-02-05,000858,13:33:30,109.2100,4,1
2026-02-05,000858,13:33:33,109.2000,7,2
2026-02-05,000858,13:33:36,109.2000,31,2
2026-02-05,000858,13:33:39,109.2100,23,1
2026-02-05,000858,13:33:42,109.2100,7,1
2026-02-05,000858,13:33:45,109.2100,52,1
2026-02-05,000858,13:33:48,109.2000,18,2
2026-02-05,000858,13:33:51,109.2000,8,2
2026-02-05,000858,13:33:54,109.2000,12,2
2026-02-05,000858,13:33:57,109.2100,16,1
2026-02-05,000858,13:34:00,109.2000,15,2
2026-02-05,000858,13:34:03,109.2000,16,2
2026-02-05,000858,13:34:06,109.2100,58,1
2026-02-05,000858,13:34:09,109.2000,35,1
2026-02-05,000858,13:34:12,109.1900,7,2
2026-02-05,000858,13:34:15,109.2000,14,1
2026-02-05,000858,13:34:18,109.1900,24,2
2026-02-05,000858,13:34:21,109.2000,191,1
2026-02-05,000858,13:34:24,109.1600,48,2
2026-02-05,000858,13:34:27,109.1800,41,1
2026-02-05,000858,13:34:30,109.1500,1,2
2026-02-05,000858,13:34:33,109.1400,25,2
2026-02-05,000858,13:34:36,109.1800,31,1
2026-02-05,000858,13:34:39,109.1800,18,1
2026-02-05,000858,13:34:42,109.1500,69,2
2026-02-05,000858,13:34:45,109.1400,32,2
2026-02-05,000858,13:34:48,109.1500,25,1
2026-02-05,000858,13:34:51,109.1400,10,2
2026-02-05,000858,13:34:54,109.1500,99,1
2026-02-05,000858,13:34:57,109.1500,7,1
2026-02-05,000858,13:35:00,109.1300,14,2
2026-02-05,000858,13:35:03,109.1400,8,1
2026-02-05,000858,13:35:06,109.1400,83,1
2026-02-05,000858,13:35:09,109.1400,7,1
2026-02-05,000858,13:35:12,109.1400,5,4
2026-02-05,000858,13:35:18,109.1300,21,2
2026-02-05,000858,13:35:21,109.1300,35,2
2026-02-05,000858,13:35:24,109.1300,30,1
2026-02-05,000858,13:35:27,109.1300,36,2
2026-02-05,000858,13:35:30,109.1300,18,2
2026-02-05,000858,13:35:33,109.1300,16,1
2026-02-05,000858,13:35:36,109.1400,14,1
2026-02-05,000858,13:35:39,109.1400,26,1
2026-02-05,000858,13:35:42,109.1400,20,1
2026-02-05,000858,13:35:45,109.1300,2,2
2026-02-05,000858,13:35:48,109.1200,9,2
2026-02-05,000858,13:35:51,109.1200,14,2
2026-02-05,000858,13:35:54,109.1200,1,2
2026-02-05,000858,13:35:57,109.1300,20,1
2026-02-05,000858,13:36:00,109.1300,32,1
2026-02-05,000858,13:36:03,109.1300,106,4
2026-02-05,000858,13:36:06,109.1300,6,2
2026-02-05,000858,13:36:09,109.1300,48,2
2026-02-05,000858,13:36:12,109.1800,115,1
2026-02-05,000858,13:36:15,109.1500,8,2
2026-02-05,000858,13:36:18,109.1900,4,1
2026-02-05,000858,13:36:24,109.1800,65,1
2026-02-05,000858,13:36:27,109.1800,15,1
2026-02-05,000858,13:36:30,109.1800,4,1
2026-02-05,000858,13:36:33,109.1900,40,1
2026-02-05,000858,13:36:36,109.1800,21,1
2026-02-05,000858,13:36:39,109.1800,19,2
2026-02-05,000858,13:36:42,109.1800,28,1
2026-02-05,000858,13:36:45,109.1800,22,2
2026-02-05,000858,13:36:48,109.1800,7,4
2026-02-05,000858,13:36:51,109.1900,27,1
2026-02-05,000858,13:36:54,109.1900,72,1
2026-02-05,000858,13:36:57,109.2500,135,1
2026-02-05,000858,13:37:00,109.2100,46,2
2026-02-05,000858,13:37:03,109.3000,297,1
2026-02-05,000858,13:37:06,109.3000,3,2
2026-02-05,000858,13:37:09,109.3100,184,2
2026-02-05,000858,13:37:12,109.3200,11,2
2026-02-05,000858,13:37:15,109.3800,12,1
2026-02-05,000858,13:37:18,109.3800,12,1
2026-02-05,000858,13:37:21,109.3500,18,2
2026-02-05,000858,13:37:24,109.3500,18,2
2026-02-05,000858,13:37:27,109.3700,21,1
2026-02-05,000858,13:37:30,109.3800,19,1
2026-02-05,000858,13:37:33,109.5000,536,1
2026-02-05,000858,13:37:36,109.5500,50,1
2026-02-05,000858,13:37:39,109.5500,95,1
2026-02-05,000858,13:37:42,109.5500,31,1
2026-02-05,000858,13:37:45,109.5300,76,2
2026-02-05,000858,13:37:48,109.5500,503,1
2026-02-05,000858,13:37:51,109.5500,84,1
2026-02-05,000858,13:37:54,109.5400,30,2
2026-02-05,000858,13:37:57,109.5500,109,1
2026-02-05,000858,13:38:00,109.5500,26,1
2026-02-05,000858,13:38:03,109.5400,265,1
2026-02-05,000858,13:38:06,109.6000,217,1
2026-02-05,000858,13:38:09,109.5500,86,2
2026-02-05,000858,13:38:12,109.6000,44,1
2026-02-05,000858,13:38:15,109.5900,61,1
2026-02-05,000858,13:38:18,109.5800,69,1
2026-02-05,000858,13:38:21,109.5600,22,2
2026-02-05,000858,13:38:24,109.5400,75,2
2026-02-05,000858,13:38:27,109.5600,54,1
2026-02-05,000858,13:38:30,109.5700,16,1
2026-02-05,000858,13:38:33,109.5500,18,2
2026-02-05,000858,13:38:36,109.5700,20,1
2026-02-05,000858,13:38:39,109.5300,56,2
2026-02-05,000858,13:38:42,109.5600,22,1
2026-02-05,000858,13:38:45,109.5700,333,1
2026-02-05,000858,13:38:48,109.5300,9,2
2026-02-05,000858,13:38:51,109.5600,86,1
2026-02-05,000858,13:38:54,109.5500,29,1
2026-02-05,000858,13:38:57,109.5300,20,1
2026-02-05,000858,13:39:00,109.5300,6,1
2026-02-05,000858,13:39:03,109.5100,9,2
2026-02-05,000858,13:39:06,109.5000,52,2
2026-02-05,000858,13:39:09,109.4700,15,2
2026-02-05,000858,13:39:12,109.5200,25,1
2026-02-05,000858,13:39:15,109.5000,47,2
2026-02-05,000858,13:39:18,109.5200,116,1
2026-02-05,000858,13:39:21,109.4600,47,2
2026-02-05,000858,13:39:24,109.5100,13,2
2026-02-05,000858,13:39:27,109.5200,61,1
2026-02-05,000858,13:39:30,109.5400,31,1
2026-02-05,000858,13:39:33,109.4800,43,2
2026-02-05,000858,13:39:36,109.5200,19,1
2026-02-05,000858,13:39:39,109.5100,27,1
2026-02-05,000858,13:39:42,109.5500,100,1
2026-02-05,000858,13:39:45,109.5400,51,2
2026-02-05,000858,13:39:48,109.5500,13,2
2026-02-05,000858,13:39:51,109.5500,12,4
2026-02-05,000858,13:39:54,109.5700,49,1
2026-02-05,000858,13:39:57,109.5300,12,2
2026-02-05,000858,13:40:00,109.5800,44,1
2026-02-05,000858,13:40:03,109.5700,22,1
2026-02-05,000858,13:40:06,109.5400,14,2
2026-02-05,000858,13:40:09,109.5600,37,4
2026-02-05,000858,13:40:12,109.5800,30,1
2026-02-05,000858,13:40:15,109.5800,10,1
2026-02-05,000858,13:40:18,109.6000,167,1
2026-02-05,000858,13:40:21,109.5800,5,2
2026-02-05,000858,13:40:24,109.5900,56,1
2026-02-05,000858,13:40:27,109.6000,6,1
2026-02-05,000858,13:40:30,109.6000,17,1
2026-02-05,000858,13:40:33,109.6000,41,1
2026-02-05,000858,13:40:36,109.5900,65,2
2026-02-05,000858,13:40:39,109.5900,50,2
2026-02-05,000858,13:40:42,109.5900,118,2
2026-02-05,000858,13:40:45,109.5900,44,2
2026-02-05,000858,13:40:48,109.6000,85,1
2026-02-05,000858,13:40:51,109.6000,28,2
2026-02-05,000858,13:40:54,109.6000,26,2
2026-02-05,000858,13:40:57,109.6100,10,1
2026-02-05,000858,13:41:00,109.6000,151,2
2026-02-05,000858,13:41:03,109.6000,26,1
2026-02-05,000858,13:41:06,109.6000,123,1
2026-02-05,000858,13:41:09,109.6000,13,2
2026-02-05,000858,13:41:12,109.6100,37,1
2026-02-05,000858,13:41:15,109.6100,73,4
2026-02-05,000858,13:41:18,109.6100,23,2
2026-02-05,000858,13:41:21,109.6000,166,2
2026-02-05,000858,13:41:24,109.6100,23,1
2026-02-05,000858,13:41:27,109.6100,80,1
2026-02-05,000858,13:41:30,109.6000,27,1
2026-02-05,000858,13:41:33,109.5900,53,2
2026-02-05,000858,13:41:36,109.6100,25,1
2026-02-05,000858,13:41:39,109.5900,13,2
2026-02-05,000858,13:41:42,109.6100,12,1
2026-02-05,000858,13:41:45,109.6100,3,2
2026-02-05,000858,13:41:48,109.5900,85,2
2026-02-05,000858,13:41:51,109.6200,1,1
2026-02-05,000858,13:41:54,109.6100,19,1
2026-02-05,000858,13:41:57,109.6100,29,1
2026-02-05,000858,13:42:00,109.6000,83,4
2026-02-05,000858,13:42:03,109.6100,13,1
2026-02-05,000858,13:42:06,109.6100,7,1
2026-02-05,000858,13:42:09,109.6100,17,2
2026-02-05,000858,13:42:12,109.6300,16,1
2026-02-05,000858,13:42:15,109.6200,16,2
2026-02-05,000858,13:42:18,109.6200,15,2
2026-02-05,000858,13:42:21,109.6300,47,1
2026-02-05,000858,13:42:24,109.6400,35,1
2026-02-05,000858,13:42:27,109.6400,27,1
2026-02-05,000858,13:42:30,109.6500,13,1
2026-02-05,000858,13:42:33,109.6500,11,1
2026-02-05,000858,13:42:36,109.6500,33,1
2026-02-05,000858,13:42:39,109.6500,28,2
2026-02-05,000858,13:42:42,109.6300,85,2
2026-02-05,000858,13:42:45,109.6300,37,1
2026-02-05,000858,13:42:48,109.6500,14,1
2026-02-05,000858,13:42:51,109.6300,7,2
2026-02-05,000858,13:42:54,109.6400,36,2
2026-02-05,000858,13:42:57,109.6300,47,2
2026-02-05,000858,13:43:00,109.6500,16,1
2026-02-05,000858,13:43:03,109.6300,12,2
2026-02-05,000858,13:43:06,109.6300,60,2
2026-02-05,000858,13:43:09,109.6300,6,1
2026-02-05,000858,13:43:12,109.6000,109,2
2026-02-05,000858,13:43:15,109.6000,45,1
2026-02-05,000858,13:43:18,109.5900,30,2
2026-02-05,000858,13:43:21,109.5900,33,2
2026-02-05,000858,13:43:24,109.5800,90,2
2026-02-05,000858,13:43:27,109.5900,39,1
2026-02-05,000858,13:43:30,109.5700,12,2
2026-02-05,000858,13:43:33,109.5600,17,2
2026-02-05,000858,13:43:36,109.5200,40,2
2026-02-05,000858,13:43:39,109.5200,11,2
2026-02-05,000858,13:43:42,109.5300,45,2
2026-02-05,000858,13:43:45,109.5000,27,2
2026-02-05,000858,13:43:48,109.5200,1,1
2026-02-05,000858,13:43:51,109.5000,12,2
2026-02-05,000858,13:43:54,109.4900,44,2
2026-02-05,000858,13:43:57,109.5000,4,1
2026-02-05,000858,13:44:00,109.4700,51,2
2026-02-05,000858,13:44:03,109.5000,176,1
2026-02-05,000858,13:44:06,109.5500,62,1
2026-02-05,000858,13:44:09,109.5500,181,2
2026-02-05,000858,13:44:12,109.5600,83,2
2026-02-05,000858,13:44:15,109.6000,203,1
2026-02-05,000858,13:44:18,109.6300,36,1
2026-02-05,000858,13:44:21,109.6400,5,1
2026-02-05,000858,13:44:24,109.6300,33,2
2026-02-05,000858,13:44:27,109.6400,19,4
2026-02-05,000858,13:44:30,109.6500,34,4
2026-02-05,000858,13:44:33,109.6600,21,1
2026-02-05,000858,13:44:36,109.6700,72,1
2026-02-05,000858,13:44:39,109.6600,60,2
2026-02-05,000858,13:44:42,109.6800,27,1
2026-02-05,000858,13:44:45,109.6900,66,1
2026-02-05,000858,13:44:48,109.6900,56,1
2026-02-05,000858,13:44:51,109.6900,176,1
2026-02-05,000858,13:44:54,109.7100,3,1
2026-02-05,000858,13:44:57,109.7200,64,1
2026-02-05,000858,13:45:00,109.7300,86,1
2026-02-05,000858,13:45:03,109.7400,63,1
2026-02-05,000858,13:45:06,109.7400,24,2
2026-02-05,000858,13:45:09,109.7400,43,4
2026-02-05,000858,13:45:12,109.7600,79,1
2026-02-05,000858,13:45:15,109.7800,60,1
2026-02-05,000858,13:45:18,109.7700,89,2
2026-02-05,000858,13:45:21,109.7800,48,1
2026-02-05,000858,13:45:24,109.7700,154,2
2026-02-05,000858,13:45:27,109.7900,63,1
2026-02-05,000858,13:45:30,109.8000,62,1
2026-02-05,000858,13:45:33,109.7900,47,2
2026-02-05,000858,13:45:36,109.8000,19,1
2026-02-05,000858,13:45:39,109.7900,30,2
2026-02-05,000858,13:45:42,109.7700,31,2
2026-02-05,000858,13:45:45,109.7800,47,2
2026-02-05,000858,13:45:48,109.7900,73,1
2026-02-05,000858,13:45:51,109.7900,36,2
2026-02-05,000858,13:45:54,109.7800,85,1
2026-02-05,000858,13:45:57,109.7500,136,2
2026-02-05,000858,13:46:00,109.7600,149,1
2026-02-05,000858,13:46:03,109.7400,90,1
2026-02-05,000858,13:46:06,109.7600,144,1
2026-02-05,000858,13:46:09,109.7200,57,2
2026-02-05,000858,13:46:12,109.7200,14,2
2026-02-05,000858,13:46:15,109.7300,50,1
2026-02-05,000858,13:46:18,109.7500,151,1
2026-02-05,000858,13:46:21,109.7500,48,1
2026-02-05,000858,13:46:24,109.7500,22,1
2026-02-05,000858,13:46:27,109.7500,34,1
2026-02-05,000858,13:46:30,109.6700,36,2
2026-02-05,000858,13:46:33,109.7000,59,1
2026-02-05,000858,13:46:36,109.6700,34,2
2026-02-05,000858,13:46:39,109.6600,62,2
2026-02-05,000858,13:46:42,109.6800,25,4
2026-02-05,000858,13:46:45,109.7400,83,1
2026-02-05,000858,13:46:48,109.6700,10,2
2026-02-05,000858,13:46:51,109.7000,55,1
2026-02-05,000858,13:46:54,109.6500,45,2
2026-02-05,000858,13:46:57,109.6700,60,1
2026-02-05,000858,13:47:00,109.6800,21,4
2026-02-05,000858,13:47:03,109.6900,9,1
2026-02-05,000858,13:47:06,109.6900,19,1
2026-02-05,000858,13:47:09,109.6800,33,1
2026-02-05,000858,13:47:12,109.6500,55,2
2026-02-05,000858,13:47:15,109.6500,19,1
2026-02-05,000858,13:47:18,109.6800,57,1
2026-02-05,000858,13:47:21,109.6700,45,2
2026-02-05,000858,13:47:24,109.6800,25,4
2026-02-05,000858,13:47:27,109.6700,59,2
2026-02-05,000858,13:47:30,109.6600,41,2
2026-02-05,000858,13:47:33,109.6300,31,2
2026-02-05,000858,13:47:36,109.6600,13,1
2026-02-05,000858,13:47:39,109.6200,34,2
2026-02-05,000858,13:47:42,109.6200,114,2
2026-02-05,000858,13:47:45,109.6200,10,1
2026-02-05,000858,13:47:48,109.6000,7,2
2026-02-05,000858,13:47:51,109.5700,80,2
2026-02-05,000858,13:47:54,109.6000,35,1
2026-02-05,000858,13:47:57,109.5200,5,2
2026-02-05,000858,13:48:00,109.5800,26,1
2026-02-05,000858,13:48:03,109.5600,48,1
2026-02-05,000858,13:48:06,109.5200,52,2
2026-02-05,000858,13:48:09,109.5300,26,1
2026-02-05,000858,13:48:12,109.5200,55,2
2026-02-05,000858,13:48:15,109.5100,65,2
2026-02-05,000858,13:48:18,109.5000,89,2
2026-02-05,000858,13:48:21,109.5000,28,2
2026-02-05,000858,13:48:24,109.4900,27,2
2026-02-05,000858,13:48:27,109.4900,32,1
2026-02-05,000858,13:48:30,109.4600,11,2
2026-02-05,000858,13:48:33,109.4900,9,1
2026-02-05,000858,13:48:36,109.4800,51,1
2026-02-05,000858,13:48:39,109.4500,32,2
2026-02-05,000858,13:48:42,109.4600,8,2
2026-02-05,000858,13:48:45,109.4600,11,2
2026-02-05,000858,13:48:48,109.4600,5,2
2026-02-05,000858,13:48:51,109.4600,11,2
2026-02-05,000858,13:48:54,109.4600,136,1
2026-02-05,000858,13:48:57,109.4500,22,2
2026-02-05,000858,13:49:00,109.4600,53,1
2026-02-05,000858,13:49:03,109.4300,51,2
2026-02-05,000858,13:49:06,109.4900,236,1
2026-02-05,000858,13:49:09,109.4900,32,2
2026-02-05,000858,13:49:12,109.4900,7,2
2026-02-05,000858,13:49:15,109.5100,138,1
2026-02-05,000858,13:49:18,109.5100,3,1
2026-02-05,000858,13:49:21,109.5100,37,1
2026-02-05,000858,13:49:24,109.5200,55,1
2026-02-05,000858,13:49:27,109.5200,12,1
2026-02-05,000858,13:49:30,109.5200,21,1
2026-02-05,000858,13:49:33,109.5100,51,2
2026-02-05,000858,13:49:36,109.5100,18,2
2026-02-05,000858,13:49:39,109.5200,6,4
2026-02-05,000858,13:49:42,109.5200,11,2
2026-02-05,000858,13:49:45,109.5300,19,1
2026-02-05,000858,13:49:48,109.5200,37,2
2026-02-05,000858,13:49:51,109.5300,24,1
2026-02-05,000858,13:49:54,109.5400,63,1
2026-02-05,000858,13:49:57,109.5400,15,2
2026-02-05,000858,13:50:00,109.5400,10,2
2026-02-05,000858,13:50:03,109.5000,467,2
2026-02-05,000858,13:50:06,109.4600,119,2
2026-02-05,000858,13:50:09,109.4500,14,2
2026-02-05,000858,13:50:12,109.4400,7,2
2026-02-05,000858,13:50:15,109.4000,51,2
2026-02-05,000858,13:50:18,109.3800,288,2
2026-02-05,000858,13:50:21,109.3700,25,2
2026-02-05,000858,13:50:24,109.3600,27,2
2026-02-05,000858,13:50:27,109.3500,14,2
2026-02-05,000858,13:50:30,109.3600,5,1
2026-02-05,000858,13:50:33,109.3200,13,2
2026-02-05,000858,13:50:36,109.3200,146,1
2026-02-05,000858,13:50:39,109.2900,6,4
2026-02-05,000858,13:50:42,109.2000,122,2
2026-02-05,000858,13:50:45,109.2200,40,2
2026-02-05,000858,13:50:48,109.2900,45,1
2026-02-05,000858,13:50:51,109.2800,121,1
2026-02-05,000858,13:50:54,109.2300,16,2
2026-02-05,000858,13:50:57,109.2700,20,1
2026-02-05,000858,13:51:00,109.3600,194,1
2026-02-05,000858,13:51:03,109.3700,24,1
2026-02-05,000858,13:51:06,109.2800,17,2
2026-02-05,000858,13:51:09,109.3000,26,2
2026-02-05,000858,13:51:12,109.3100,1,2
2026-02-05,000858,13:51:15,109.3200,50,4
2026-02-05,000858,13:51:18,109.3500,120,1
2026-02-05,000858,13:51:21,109.3600,8,1
2026-02-05,000858,13:51:24,109.3400,42,2
2026-02-05,000858,13:51:27,109.2900,63,2
2026-02-05,000858,13:51:30,109.2900,12,2
2026-02-05,000858,13:51:33,109.3300,22,1
2026-02-05,000858,13:51:36,109.3300,3,2
2026-02-05,000858,13:51:39,109.2800,64,2
2026-02-05,000858,13:51:42,109.3300,8,1
2026-02-05,000858,13:51:45,109.3400,23,1
2026-02-05,000858,13:51:48,109.2500,50,2
2026-02-05,000858,13:51:51,109.2800,51,2
2026-02-05,000858,13:51:54,109.3300,10,1
2026-02-05,000858,13:51:57,109.3000,39,2
2026-02-05,000858,13:52:00,109.3000,15,2
2026-02-05,000858,13:52:03,109.3000,76,1
2026-02-05,000858,13:52:06,109.3000,7,1
2026-02-05,000858,13:52:09,109.2800,3,2
2026-02-05,000858,13:52:12,109.2800,21,2
2026-02-05,000858,13:52:15,109.2900,17,1
2026-02-05,000858,13:52:18,109.2900,24,1
2026-02-05,000858,13:52:21,109.2900,59,1
2026-02-05,000858,13:52:24,109.2900,37,1
2026-02-05,000858,13:52:27,109.2800,36,2
2026-02-05,000858,13:52:30,109.2800,151,2
2026-02-05,000858,13:52:33,109.3100,31,1
2026-02-05,000858,13:52:36,109.3100,8,1
2026-02-05,000858,13:52:39,109.3100,5,1
2026-02-05,000858,13:52:42,109.2800,87,2
2026-02-05,000858,13:52:45,109.3100,145,1
2026-02-05,000858,13:52:48,109.3100,13,2
2026-02-05,000858,13:52:51,109.3100,9,2
2026-02-05,000858,13:52:54,109.3200,15,1
2026-02-05,000858,13:52:57,109.3100,8,2
2026-02-05,000858,13:53:00,109.3200,35,1
2026-02-05,000858,13:53:03,109.3300,11,1
2026-02-05,000858,13:53:06,109.3400,173,1
2026-02-05,000858,13:53:09,109.3400,36,2
2026-02-05,000858,13:53:12,109.3300,14,2
2026-02-05,000858,13:53:15,109.3400,24,1
2026-02-05,000858,13:53:18,109.3400,32,1
2026-02-05,000858,13:53:21,109.3400,52,1
2026-02-05,000858,13:53:24,109.3400,22,2
2026-02-05,000858,13:53:27,109.3400,5,2
2026-02-05,000858,13:53:30,109.3400,24,2
2026-02-05,000858,13:53:33,109.3400,28,1
2026-02-05,000858,13:53:36,109.3400,33,1
2026-02-05,000858,13:53:39,109.3100,51,2
2026-02-05,000858,13:53:42,109.3200,8,1
2026-02-05,000858,13:53:45,109.3100,7,2
2026-02-05,000858,13:53:48,109.3300,23,1
2026-02-05,000858,13:53:51,109.3200,9,4
2026-02-05,000858,13:53:54,109.3000,67,2
2026-02-05,000858,13:53:57,109.3100,66,1
2026-02-05,000858,13:54:00,109.3000,14,2
2026-02-05,000858,13:54:03,109.3100,21,1
2026-02-05,000858,13:54:06,109.3000,27,2
2026-02-05,000858,13:54:09,109.3000,29,2
2026-02-05,000858,13:54:12,109.2900,12,2
2026-02-05,000858,13:54:15,109.3000,28,1
2026-02-05,000858,13:54:18,109.2900,16,2
2026-02-05,000858,13:54:21,109.2900,28,2
2026-02-05,000858,13:54:24,109.3000,13,1
2026-02-05,000858,13:54:27,109.2900,10,2
2026-02-05,000858,13:54:30,109.2900,36,2
2026-02-05,000858,13:54:33,109.2900,19,1
2026-02-05,000858,13:54:36,109.2900,39,1
2026-02-05,000858,13:54:39,109.2700,19,2
2026-02-05,000858,13:54:42,109.2700,22,2
2026-02-05,000858,13:54:45,109.2700,31,2
2026-02-05,000858,13:54:48,109.2800,43,1
2026-02-05,000858,13:54:51,109.2700,7,2
2026-02-05,000858,13:54:54,109.2700,14,1
2026-02-05,000858,13:54:57,109.2600,28,2
2026-02-05,000858,13:55:00,109.2500,35,2
2026-02-05,000858,13:55:03,109.2600,22,1
2026-02-05,000858,13:55:06,109.2600,7,1
2026-02-05,000858,13:55:09,109.2500,19,2
2026-02-05,000858,13:55:12,109.2500,8,1
2026-02-05,000858,13:55:15,109.2400,33,2
2026-02-05,000858,13:55:21,109.2400,7,2
2026-02-05,000858,13:55:24,109.2400,38,1
2026-02-05,000858,13:55:27,109.2200,71,2
2026-02-05,000858,13:55:30,109.2000,105,2
2026-02-05,000858,13:55:33,109.2000,8,2
2026-02-05,000858,13:55:36,109.2100,25,1
2026-02-05,000858,13:55:39,109.2000,53,2
2026-02-05,000858,13:55:42,109.2000,18,2
2026-02-05,000858,13:55:45,109.1900,73,2
2026-02-05,000858,13:55:48,109.2000,10,1
2026-02-05,000858,13:55:51,109.1800,11,2
2026-02-05,000858,13:55:54,109.1800,47,2
2026-02-05,000858,13:55:57,109.1800,22,1
2026-02-05,000858,13:56:00,109.1500,32,2
2026-02-05,000858,13:56:03,109.1500,10,1
2026-02-05,000858,13:56:06,109.1400,4,2
2026-02-05,000858,13:56:09,109.1100,97,2
2026-02-05,000858,13:56:12,109.1300,95,1
2026-02-05,000858,13:56:15,109.1100,7,2
2026-02-05,000858,13:56:18,109.1100,3,2
2026-02-05,000858,13:56:21,109.1100,7,2
2026-02-05,000858,13:56:24,109.1100,3,2
2026-02-05,000858,13:56:27,109.1100,52,2
2026-02-05,000858,13:56:30,109.1100,161,1
2026-02-05,000858,13:56:33,109.0900,21,2
2026-02-05,000858,13:56:36,109.1000,26,1
2026-02-05,000858,13:56:39,109.0900,10,4
2026-02-05,000858,13:56:42,109.1000,97,1
2026-02-05,000858,13:56:45,109.0900,48,4
2026-02-05,000858,13:56:48,109.0700,42,2
2026-02-05,000858,13:56:51,109.0700,76,1
2026-02-05,000858,13:56:54,109.0600,234,2
2026-02-05,000858,13:56:57,109.0600,11,2
2026-02-05,000858,13:57:00,109.0700,6,4
2026-02-05,000858,13:57:03,109.0800,180,1
2026-02-05,000858,13:57:06,109.0100,165,2
2026-02-05,000858,13:57:09,109.0900,49,2
2026-02-05,000858,13:57:12,109.0900,2,1
2026-02-05,000858,13:57:15,109.0600,32,2
2026-02-05,000858,13:57:18,109.1000,7,1
2026-02-05,000858,13:57:21,109.0200,7,2
2026-02-05,000858,13:57:24,109.1100,207,1
2026-02-05,000858,13:57:27,109.1200,15,1
2026-02-05,000858,13:57:30,109.1100,5,1
2026-02-05,000858,13:57:33,109.1200,16,1
2026-02-05,000858,13:57:36,109.0700,11,2
2026-02-05,000858,13:57:39,109.1200,7,1
2026-02-05,000858,13:57:42,109.0700,41,2
2026-02-05,000858,13:57:45,109.0700,32,1
2026-02-05,000858,13:57:48,109.0200,25,2
2026-02-05,000858,13:57:51,109.0200,21,2
2026-02-05,000858,13:57:54,109.0700,146,1
2026-02-05,000858,13:57:57,109.0700,9,2
2026-02-05,000858,13:58:00,109.0800,15,1
2026-02-05,000858,13:58:03,109.1000,12,1
2026-02-05,000858,13:58:06,109.0700,15,2
2026-02-05,000858,13:58:09,109.0900,12,1
2026-02-05,000858,13:58:12,109.0700,9,1
2026-02-05,000858,13:58:15,109.0600,13,2
2026-02-05,000858,13:58:18,109.0800,8,2
2026-02-05,000858,13:58:21,109.1000,8,2
2026-02-05,000858,13:58:24,109.1100,14,1
2026-02-05,000858,13:58:27,109.0700,175,2
2026-02-05,000858,13:58:30,109.1100,120,1
2026-02-05,000858,13:58:33,109.1000,64,1
2026-02-05,000858,13:58:36,109.0600,14,2
2026-02-05,000858,13:58:39,109.1000,12,1
2026-02-05,000858,13:58:42,109.1000,8,1
2026-02-05,000858,13:58:45,109.1100,11,1
2026-02-05,000858,13:58:48,109.1000,8,2
2026-02-05,000858,13:58:51,109.1000,56,2
2026-02-05,000858,13:58:54,109.1000,21,1
2026-02-05,000858,13:58:57,109.1000,4,1
2026-02-05,000858,13:59:00,109.1100,8,1
2026-02-05,000858,13:59:03,109.1100,1,2
2026-02-05,000858,13:59:06,109.1100,16,2
2026-02-05,000858,13:59:09,109.1100,24,2
2026-02-05,000858,13:59:12,109.1200,20,1
2026-02-05,000858,13:59:15,109.1100,27,2
2026-02-05,000858,13:59:18,109.1000,4,2
2026-02-05,000858,13:59:21,109.1200,53,1
2026-02-05,000858,13:59:24,109.1000,15,2
2026-02-05,000858,13:59:27,109.1400,46,1
2026-02-05,000858,13:59:30,109.1100,2,2
2026-02-05,000858,13:59:33,109.1100,1,2
2026-02-05,000858,13:59:36,109.1100,15,2
2026-02-05,000858,13:59:39,109.1100,14,2
2026-02-05,000858,13:59:42,109.1500,22,1
2026-02-05,000858,13:59:45,109.1500,16,2
2026-02-05,000858,13:59:48,109.1400,1,2
2026-02-05,000858,13:59:51,109.1400,22,2
2026-02-05,000858,13:59:54,109.1800,19,1
2026-02-05,000858,13:59:57,109.1400,27,2
2026-02-05,000858,14:00:00,109.1500,27,1
2026-02-05,000858,14:00:03,109.1400,17,2
2026-02-05,000858,14:00:06,109.1500,7,1
2026-02-05,000858,14:00:09,109.1500,16,1
2026-02-05,000858,14:00:12,109.1600,3,1
2026-02-05,000858,14:00:15,109.1800,14,1
2026-02-05,000858,14:00:18,109.1700,6,1
2026-02-05,000858,14:00:21,109.1600,1,2
2026-02-05,000858,14:00:24,109.2000,27,1
2026-02-05,000858,14:00:27,109.1700,1,2
2026-02-05,000858,14:00:30,109.1600,12,2
2026-02-05,000858,14:00:33,109.2000,21,1
2026-02-05,000858,14:00:36,109.1900,25,1
2026-02-05,000858,14:00:39,109.1600,22,2
2026-02-05,000858,14:00:42,109.1700,2,1
2026-02-05,000858,14:00:45,109.1800,19,1
2026-02-05,000858,14:00:48,109.1800,5,1
2026-02-05,000858,14:00:51,109.1800,11,2
2026-02-05,000858,14:00:54,109.1900,25,1
2026-02-05,000858,14:00:57,109.1800,8,2
2026-02-05,000858,14:01:03,109.1800,6,2
2026-02-05,000858,14:01:06,109.1800,8,4
2026-02-05,000858,14:01:09,109.1900,15,1
2026-02-05,000858,14:01:12,109.1900,14,1
2026-02-05,000858,14:01:15,109.1800,43,2
2026-02-05,000858,14:01:18,109.1800,16,2
2026-02-05,000858,14:01:21,109.1800,22,2
2026-02-05,000858,14:01:24,109.1900,83,1
2026-02-05,000858,14:01:27,109.2000,22,1
2026-02-05,000858,14:01:30,109.1900,41,2
2026-02-05,000858,14:01:33,109.2000,3,4
2026-02-05,000858,14:01:36,109.1900,18,2
2026-02-05,000858,14:01:42,109.2000,11,1
2026-02-05,000858,14:01:45,109.2100,5,1
2026-02-05,000858,14:01:48,109.2000,10,2
2026-02-05,000858,14:01:51,109.2000,12,2
2026-02-05,000858,14:01:54,109.2000,22,2
2026-02-05,000858,14:01:57,109.2100,12,1
2026-02-05,000858,14:02:00,109.2100,17,2
2026-02-05,000858,14:02:03,109.2000,114,2
2026-02-05,000858,14:02:06,109.1900,25,4
2026-02-05,000858,14:02:09,109.1800,10,2
2026-02-05,000858,14:02:12,109.1300,211,2
2026-02-05,000858,14:02:15,109.1200,21,2
2026-02-05,000858,14:02:18,109.1100,12,2
2026-02-05,000858,14:02:21,109.1200,107,1
2026-02-05,000858,14:02:24,109.1000,12,2
2026-02-05,000858,14:02:27,109.1000,11,2
2026-02-05,000858,14:02:30,109.1000,13,1
2026-02-05,000858,14:02:33,109.0500,187,2
2026-02-05,000858,14:02:36,109.0500,1,1
2026-02-05,000858,14:02:39,109.0400,8,2
2026-02-05,000858,14:02:42,109.0300,8,2
2026-02-05,000858,14:02:45,109.0400,24,1
2026-02-05,000858,14:02:48,109.0400,21,1
2026-02-05,000858,14:02:51,109.0300,10,2
2026-02-05,000858,14:02:54,109.0300,5,2
2026-02-05,000858,14:02:57,109.0300,37,2
2026-02-05,000858,14:03:00,109.0200,39,2
2026-02-05,000858,14:03:03,109.0200,32,2
2026-02-05,000858,14:03:06,109.0100,21,2
2026-02-05,000858,14:03:09,109.0400,206,1
2026-02-05,000858,14:03:12,109.0100,21,2
2026-02-05,000858,14:03:15,109.0400,136,1
2026-02-05,000858,14:03:18,109.0300,15,2
2026-02-05,000858,14:03:21,109.0300,141,2
2026-02-05,000858,14:03:24,109.1300,11,1
2026-02-05,000858,14:03:27,109.1400,13,1
2026-02-05,000858,14:03:33,109.1400,5,1
2026-02-05,000858,14:03:36,109.1400,15,1
2026-02-05,000858,14:03:39,109.1400,17,1
2026-02-05,000858,14:03:42,109.1400,2,1
2026-02-05,000858,14:03:45,109.1400,16,1
2026-02-05,000858,14:03:48,109.1400,3,1
2026-02-05,000858,14:03:51,109.1500,12,1
2026-02-05,000858,14:03:54,109.1100,10,2
2026-02-05,000858,14:03:57,109.1100,5,1
2026-02-05,000858,14:04:00,109.1100,1,1
2026-02-05,000858,14:04:03,109.1000,20,2
2026-02-05,000858,14:04:06,109.1100,27,1
2026-02-05,000858,14:04:09,109.1000,91,2
2026-02-05,000858,14:04:12,109.1000,18,1
2026-02-05,000858,14:04:15,109.1000,16,1
2026-02-05,000858,14:04:18,109.1000,5,1
2026-02-05,000858,14:04:21,109.1000,9,1
2026-02-05,000858,14:04:24,109.0900,150,2
2026-02-05,000858,14:04:27,109.0900,44,2
2026-02-05,000858,14:04:30,109.0900,38,1
2026-02-05,000858,14:04:33,109.1000,56,1
2026-02-05,000858,14:04:36,109.1000,30,2
2026-02-05,000858,14:04:39,109.1100,4,2
2026-02-05,000858,14:04:42,109.1300,3,1
2026-02-05,000858,14:04:45,109.1300,22,1
2026-02-05,000858,14:04:48,109.1300,9,2
2026-02-05,000858,14:04:51,109.1300,2,2
2026-02-05,000858,14:04:54,109.1300,12,2
2026-02-05,000858,14:04:57,109.1200,3,2
2026-02-05,000858,14:05:00,109.1400,48,1
2026-02-05,000858,14:05:03,109.1400,8,1
2026-02-05,000858,14:05:06,109.1400,65,1
2026-02-05,000858,14:05:09,109.1400,49,1
2026-02-05,000858,14:05:12,109.1400,15,1
2026-02-05,000858,14:05:15,109.1400,33,1
2026-02-05,000858,14:05:18,109.1400,11,2
2026-02-05,000858,14:05:21,109.1400,32,2
2026-02-05,000858,14:05:24,109.1400,26,2
2026-02-05,000858,14:05:27,109.1300,9,2
2026-02-05,000858,14:05:30,109.1400,15,1
2026-02-05,000858,14:05:33,109.1300,16,2
2026-02-05,000858,14:05:36,109.1200,11,2
2026-02-05,000858,14:05:39,109.1300,12,1
2026-02-05,000858,14:05:42,109.1200,13,2
2026-02-05,000858,14:05:45,109.1300,22,1
2026-02-05,000858,14:05:48,109.1300,13,1
2026-02-05,000858,14:05:51,109.1200,19,2
2026-02-05,000858,14:05:54,109.1300,6,2
2026-02-05,000858,14:05:57,109.1200,1,2
2026-02-05,000858,14:06:00,109.1200,16,2
2026-02-05,000858,14:06:03,109.1200,5,2
2026-02-05,000858,14:06:06,109.1200,16,2
2026-02-05,000858,14:06:09,109.1100,160,2
2026-02-05,000858,14:06:12,109.0900,112,2
2026-02-05,000858,14:06:15,109.0900,58,2
2026-02-05,000858,14:06:18,109.1100,14,1
2026-02-05,000858,14:06:21,109.0900,39,2
2026-02-05,000858,14:06:24,109.1100,13,1
2026-02-05,000858,14:06:27,109.1000,12,2
2026-02-05,000858,14:06:30,109.0900,10,2
2026-02-05,000858,14:06:33,109.1000,196,1
2026-02-05,000858,14:06:36,109.1100,15,1
2026-02-05,000858,14:06:39,109.1000,9,2
2026-02-05,000858,10:55:42,109.0200,70,2
2026-02-05,000858,10:55:45,109.0800,32,1
2026-02-05,000858,10:55:48,109.0300,64,2
2026-02-05,000858,10:55:51,109.0200,27,2
2026-02-05,000858,10:55:54,109.0300,28,1
2026-02-05,000858,10:55:57,109.0300,48,1
2026-02-05,000858,10:56:00,109.0100,174,2
2026-02-05,000858,10:56:03,109.0300,308,2
2026-02-05,000858,10:56:06,109.0300,13,2
2026-02-05,000858,10:56:09,109.0300,32,1
2026-02-05,000858,10:56:12,109.0300,10,2
2026-02-05,000858,10:56:15,109.0300,79,2
2026-02-05,000858,10:56:18,109.0300,23,1
2026-02-05,000858,10:56:21,109.0200,15,2
2026-02-05,000858,10:56:24,109.0200,62,2
2026-02-05,000858,10:56:27,109.0200,10,2
2026-02-05,000858,10:56:30,109.0300,92,1
2026-02-05,000858,10:56:33,109.0200,71,2
2026-02-05,000858,10:56:36,109.0200,32,1
2026-02-05,000858,10:56:39,109.0100,41,2
2026-02-05,000858,10:56:42,109.0100,86,2
2026-02-05,000858,10:56:45,109.0100,23,2
2026-02-05,000858,10:56:48,109.0100,60,2
2026-02-05,000858,10:56:51,109.0000,82,2
2026-02-05,000858,10:56:54,109.0100,19,1
2026-02-05,000858,10:56:57,109.0100,12,1
2026-02-05,000858,10:57:00,109.0000,60,2
2026-02-05,000858,10:57:03,108.9600,1766,2
2026-02-05,000858,10:57:06,108.9700,63,1
2026-02-05,000858,10:57:09,108.9900,73,1
2026-02-05,000858,10:57:12,108.9700,58,2
2026-02-05,000858,10:57:15,108.9800,130,2
2026-02-05,000858,10:57:18,108.9800,57,2
2026-02-05,000858,10:57:21,108.9800,80,2
2026-02-05,000858,10:57:24,108.9800,69,2
2026-02-05,000858,10:57:27,108.9800,112,4
2026-02-05,000858,10:57:30,108.9900,83,1
2026-02-05,000858,10:57:33,108.9700,145,2
2026-02-05,000858,10:57:36,108.9800,59,1
2026-02-05,000858,10:57:39,108.9500,72,2
2026-02-05,000858,10:57:42,108.9700,63,2
2026-02-05,000858,10:57:45,108.9700,46,1
2026-02-05,000858,10:57:48,108.9500,33,2
2026-02-05,000858,10:57:51,108.9600,12,1
2026-02-05,000858,10:57:54,108.9500,89,2
2026-02-05,000858,10:57:57,108.9500,38,2
2026-02-05,000858,10:58:00,108.9400,33,2
2026-02-05,000858,10:58:03,108.9400,126,2
2026-02-05,000858,10:58:06,108.9400,60,2
2026-02-05,000858,10:58:09,108.9300,28,2
2026-02-05,000858,10:58:12,108.9300,57,2
2026-02-05,000858,10:58:15,108.9300,50,2
2026-02-05,000858,10:58:18,108.9100,46,2
2026-02-05,000858,10:58:21,108.9200,43,1
2026-02-05,000858,10:58:24,108.9100,52,2
2026-02-05,000858,10:58:27,108.9000,35,2
2026-02-05,000858,10:58:30,108.9100,233,1
2026-02-05,000858,10:58:33,108.9000,81,2
2026-02-05,000858,10:58:36,108.8900,15,2
2026-02-05,000858,10:58:39,108.9000,39,1
2026-02-05,000858,10:58:42,108.9000,54,1
2026-02-05,000858,10:58:45,108.8800,71,2
2026-02-05,000858,10:58:48,108.8900,88,1
2026-02-05,000858,10:58:51,108.8900,243,1
2026-02-05,000858,10:58:54,108.8700,72,2
2026-02-05,000858,10:58:57,108.8800,51,1
2026-02-05,000858,10:59:00,108.8600,62,2
2026-02-05,000858,10:59:03,108.8700,11,1
2026-02-05,000858,10:59:06,108.8700,62,1
2026-02-05,000858,10:59:09,108.8600,20,2
2026-02-05,000858,10:59:12,108.8600,82,1
2026-02-05,000858,10:59:15,108.8500,28,2
2026-02-05,000858,10:59:18,108.8200,70,2
2026-02-05,000858,10:59:21,108.8200,42,2
2026-02-05,000858,10:59:24,108.8200,101,2
2026-02-05,000858,10:59:27,108.8100,37,2
2026-02-05,000858,10:59:30,108.8000,246,2
2026-02-05,000858,10:59:33,108.7800,185,2
2026-02-05,000858,10:59:36,108.7700,48,2
2026-02-05,000858,10:59:39,108.7700,51,2
2026-02-05,000858,10:59:42,108.7700,53,2
2026-02-05,000858,10:59:45,108.7700,86,2
2026-02-05,000858,10:59:48,108.7600,43,2
2026-02-05,000858,10:59:51,108.7600,51,2
2026-02-05,000858,10:59:54,108.7500,86,2
2026-02-05,000858,10:59:57,108.7400,22,2
2026-02-05,000858,11:00:00,108.7400,35,2
2026-02-05,000858,11:00:03,108.7400,38,1
2026-02-05,000858,11:00:06,108.7400,58,1
2026-02-05,000858,11:00:09,108.7300,17,4
2026-02-05,000858,11:00:12,108.7200,110,2
2026-02-05,000858,11:00:15,108.7200,44,1
2026-02-05,000858,11:00:18,108.7200,67,1
2026-02-05,000858,11:00:21,108.7200,76,1
2026-02-05,000858,11:00:24,108.7200,79,2
2026-02-05,000858,11:00:27,108.7200,112,2
2026-02-05,000858,11:00:30,108.7200,84,1
2026-02-05,000858,11:00:33,108.7200,48,2
2026-02-05,000858,11:00:36,108.7200,66,1
2026-02-05,000858,11:00:39,108.7200,62,1
2026-02-05,000858,11:00:42,108.7000,51,2
2026-02-05,000858,11:00:45,108.7300,91,1
2026-02-05,000858,11:00:48,108.7300,34,1
2026-02-05,000858,11:00:51,108.7300,82,1
2026-02-05,000858,11:00:54,108.7200,28,4
2026-02-05,000858,11:00:57,108.7000,396,2
2026-02-05,000858,11:01:00,108.6900,111,2
2026-02-05,000858,11:01:03,108.6900,106,1
2026-02-05,000858,11:01:06,108.6800,67,2
2026-02-05,000858,11:01:09,108.6900,96,1
2026-02-05,000858,11:01:12,108.6700,75,2
2026-02-05,000858,11:01:15,108.6700,59,2
2026-02-05,000858,11:01:18,108.7100,51,1
2026-02-05,000858,11:01:21,108.6900,33,2
2026-02-05,000858,11:01:24,108.6800,30,2
2026-02-05,000858,11:01:27,108.6800,69,2
2026-02-05,000858,11:01:30,108.6800,18,4
2026-02-05,000858,11:01:33,108.6800,40,2
2026-02-05,000858,11:01:36,108.6900,29,1
2026-02-05,000858,11:01:39,108.6800,114,2
2026-02-05,000858,11:01:42,108.6900,154,1
2026-02-05,000858,11:01:45,108.6900,23,1
2026-02-05,000858,11:01:48,108.6800,102,2
2026-02-05,000858,11:01:51,108.6800,18,1
2026-02-05,000858,11:01:54,108.6800,107,2
2026-02-05,000858,11:01:57,108.6800,47,2
2026-02-05,000858,11:02:00,108.6800,58,1
2026-02-05,000858,11:02:03,108.6800,32,1
2026-02-05,000858,11:02:06,108.6800,92,1
2026-02-05,000858,11:02:09,108.6800,6,2
2026-02-05,000858,11:02:12,108.6800,84,2
2026-02-05,000858,11:02:15,108.6900,19,2
2026-02-05,000858,11:02:18,108.7000,39,1
2026-02-05,000858,11:02:21,108.7000,19,1
2026-02-05,000858,11:02:24,108.7000,84,1
2026-02-05,000858,11:02:27,108.7000,20,2
2026-02-05,000858,11:02:30,108.7200,57,1
2026-02-05,000858,11:02:33,108.7300,118,1
2026-02-05,000858,11:02:36,108.7300,52,1
2026-02-05,000858,11:02:39,108.7400,45,1
2026-02-05,000858,11:02:42,108.7400,89,1
2026-02-05,000858,11:02:45,108.7300,39,2
2026-02-05,000858,11:02:48,108.7500,7,1
2026-02-05,000858,11:02:51,108.7500,39,1
2026-02-05,000858,11:02:54,108.7500,15,1
2026-02-05,000858,11:02:57,108.7500,26,2
2026-02-05,000858,11:03:00,108.7500,8,2
2026-02-05,000858,11:03:03,108.7600,18,1
2026-02-05,000858,11:03:06,108.7700,22,1
2026-02-05,000858,11:03:09,108.7700,7,1
2026-02-05,000858,11:03:12,108.7400,806,2
2026-02-05,000858,11:03:15,108.7600,175,1
2026-02-05,000858,11:03:18,108.7400,19,2
2026-02-05,000858,11:03:21,108.7500,19,1
2026-02-05,000858,11:03:24,108.7400,107,2
2026-02-05,000858,11:03:27,108.7700,80,1
2026-02-05,000858,11:03:30,108.7500,44,2
2026-02-05,000858,11:03:33,108.7700,69,1
2026-02-05,000858,11:03:36,108.7700,18,1
2026-02-05,000858,11:03:39,108.7700,19,2
2026-02-05,000858,11:03:42,108.7600,121,2
2026-02-05,000858,11:03:45,108.7700,67,1
2026-02-05,000858,11:03:48,108.7700,89,2
2026-02-05,000858,11:03:51,108.7800,49,1
2026-02-05,000858,11:03:54,108.7700,58,2
2026-02-05,000858,11:03:57,108.7600,90,2
2026-02-05,000858,11:04:00,108.7600,55,1
2026-02-05,000858,11:04:03,108.7500,54,2
2026-02-05,000858,11:04:06,108.7600,102,2
2026-02-05,000858,11:04:09,108.7700,49,1
2026-02-05,000858,11:04:12,108.7600,17,2
2026-02-05,000858,11:04:15,108.7600,11,2
2026-02-05,000858,11:04:18,108.7700,78,1
2026-02-05,000858,11:04:21,108.7600,268,2
2026-02-05,000858,11:04:24,108.7600,64,1
2026-02-05,000858,11:04:27,108.7500,52,1
2026-02-05,000858,11:04:30,108.7200,21,2
2026-02-05,000858,11:04:33,108.7500,12,1
2026-02-05,000858,11:04:36,108.7400,16,1
2026-02-05,000858,11:04:39,108.7200,25,2
2026-02-05,000858,11:04:42,108.6700,286,2
2026-02-05,000858,11:04:45,108.6700,43,2
2026-02-05,000858,11:04:48,108.6700,83,2
2026-02-05,000858,11:04:51,108.6700,48,1
2026-02-05,000858,11:04:54,108.6700,40,1
2026-02-05,000858,11:04:57,108.6600,50,2
2026-02-05,000858,11:05:00,108.6700,101,1
2026-02-05,000858,11:05:03,108.6600,112,2
2026-02-05,000858,11:05:06,108.6600,82,1
2026-02-05,000858,11:05:09,108.6500,138,2
2026-02-05,000858,11:05:12,108.6400,114,2
2026-02-05,000858,11:05:15,108.6400,65,2
2026-02-05,000858,11:05:18,108.6400,39,1
2026-02-05,000858,11:05:21,108.6300,45,2
2026-02-05,000858,11:05:24,108.6200,24,2
2026-02-05,000858,11:05:27,108.6200,70,2
2026-02-05,000858,11:05:30,108.6300,32,1
2026-02-05,000858,11:05:33,108.6200,48,2
2026-02-05,000858,11:05:36,108.6200,9,1
2026-02-05,000858,11:05:39,108.6100,87,2
2026-02-05,000858,11:05:42,108.6000,30,2
2026-02-05,000858,11:05:45,108.6100,48,1
2026-02-05,000858,11:05:48,108.6100,90,1
2026-02-05,000858,11:05:51,108.6000,114,2
2026-02-05,000858,11:05:54,108.6000,39,2
2026-02-05,000858,11:05:57,108.6100,70,1
2026-02-05,000858,11:06:00,108.6000,79,2
2026-02-05,000858,11:06:03,108.6100,50,1
2026-02-05,000858,11:06:06,108.6000,26,2
2026-02-05,000858,11:06:09,108.6100,21,1
2026-02-05,000858,11:06:12,108.6200,114,1
2026-02-05,000858,11:06:15,108.6200,24,2
2026-02-05,000858,11:06:18,108.6200,15,1
2026-02-05,000858,11:06:21,108.6200,12,1
2026-02-05,000858,11:06:24,108.6200,50,1
2026-02-05,000858,11:06:27,108.6200,34,2
2026-02-05,000858,11:06:30,108.6200,46,2
2026-02-05,000858,11:06:33,108.6200,7,1
2026-02-05,000858,11:06:36,108.6100,43,2
2026-02-05,000858,11:06:39,108.6200,52,1
2026-02-05,000858,11:06:42,108.6100,115,2
2026-02-05,000858,11:06:45,108.6100,16,1
2026-02-05,000858,11:06:48,108.6100,47,1
2026-02-05,000858,11:06:51,108.6100,39,1
2026-02-05,000858,11:06:54,108.6000,27,2
2026-02-05,000858,11:06:57,108.6100,30,1
2026-02-05,000858,11:07:00,108.6100,15,1
2026-02-05,000858,11:07:03,108.6100,26,1
2026-02-05,000858,11:07:06,108.6000,9,2
2026-02-05,000858,11:07:09,108.6100,97,1
2026-02-05,000858,11:07:12,108.6100,39,1
2026-02-05,000858,11:07:15,108.6100,54,1
2026-02-05,000858,11:07:18,108.6500,272,1
2026-02-05,000858,11:07:21,108.6900,51,1
2026-02-05,000858,11:07:24,108.6900,29,2
2026-02-05,000858,11:07:27,108.7100,13,2
2026-02-05,000858,11:07:30,108.7600,8,1
2026-02-05,000858,11:07:33,108.7600,3,1
2026-02-05,000858,11:07:36,108.7800,25,1
2026-02-05,000858,11:07:39,108.7700,16,4
2026-02-05,000858,11:07:42,108.7600,61,2
2026-02-05,000858,11:07:45,108.7600,13,1
2026-02-05,000858,11:07:48,108.7800,3,1
2026-02-05,000858,11:07:51,108.7900,16,1
2026-02-05,000858,11:07:54,108.7900,8,1
2026-02-05,000858,11:07:57,108.8000,11,1
2026-02-05,000858,11:08:00,108.8000,18,1
2026-02-05,000858,11:08:03,108.8400,29,1
2026-02-05,000858,11:08:06,108.8300,81,1
2026-02-05,000858,11:08:09,108.8400,10,1
2026-02-05,000858,11:08:12,108.7800,707,2
2026-02-05,000858,11:08:15,108.8400,94,1
2026-02-05,000858,11:08:18,108.7600,83,2
2026-02-05,000858,11:08:21,108.8200,24,1
2026-02-05,000858,11:08:24,108.8300,11,1
2026-02-05,000858,11:08:27,108.8200,3,1
2026-02-05,000858,11:08:30,108.8100,12,4
2026-02-05,000858,11:08:33,108.8200,10,1
2026-02-05,000858,11:08:36,108.8300,17,1
2026-02-05,000858,11:08:39,108.8200,10,2
2026-02-05,000858,11:08:42,108.8200,8,1
2026-02-05,000858,11:08:45,108.8300,21,1
2026-02-05,000858,11:08:48,108.8200,21,2
2026-02-05,000858,11:08:51,108.8400,15,1
2026-02-05,000858,11:08:54,108.8600,10,1
2026-02-05,000858,11:08:57,108.8600,6,1
2026-02-05,000858,11:09:00,108.8800,34,1
2026-02-05,000858,11:09:03,108.9100,18,1
2026-02-05,000858,11:09:06,108.8900,14,2
2026-02-05,000858,11:09:09,108.9100,31,1
2026-02-05,000858,11:09:12,108.9100,26,1
2026-02-05,000858,11:09:15,108.9100,15,2
2026-02-05,000858,11:09:18,108.9400,25,1
2026-02-05,000858,11:09:21,108.9500,102,1
2026-02-05,000858,11:09:24,108.9600,15,1
2026-02-05,000858,11:09:27,108.9700,41,1
2026-02-05,000858,11:09:30,108.9600,50,2
2026-02-05,000858,11:09:33,108.9600,53,2
2026-02-05,000858,11:09:36,108.9800,16,1
2026-02-05,000858,11:09:39,108.9600,292,2
2026-02-05,000858,11:09:42,108.9300,24,2
2026-02-05,000858,11:09:45,108.9300,32,4
2026-02-05,000858,11:09:48,108.9400,32,4
2026-02-05,000858,11:09:51,108.9400,38,2
2026-02-05,000858,11:09:54,108.9500,76,1
2026-02-05,000858,11:09:57,108.9400,38,1
2026-02-05,000858,11:10:00,108.9400,55,1
2026-02-05,000858,11:10:03,108.9400,51,2
2026-02-05,000858,11:10:06,108.9400,12,2
2026-02-05,000858,11:10:09,108.9500,77,1
2026-02-05,000858,11:10:12,108.9300,28,2
2026-02-05,000858,11:10:15,108.9500,7,1
2026-02-05,000858,11:10:18,108.9500,13,1
2026-02-05,000858,11:10:21,108.9500,7,1
2026-02-05,000858,11:10:24,108.9600,39,1
2026-02-05,000858,11:10:27,108.9700,15,1
2026-02-05,000858,11:10:30,108.9600,13,4
2026-02-05,000858,11:10:33,108.9600,4,1
2026-02-05,000858,11:10:36,109.0000,227,1
2026-02-05,000858,11:10:39,109.0000,7,2
2026-02-05,000858,11:10:42,109.0400,135,1
2026-02-05,000858,11:10:45,108.9900,32,2
2026-02-05,000858,11:10:48,109.0500,65,1
2026-02-05,000858,11:10:51,109.0500,10,1
2026-02-05,000858,11:10:54,109.0500,18,1
2026-02-05,000858,11:10:57,109.0500,10,1
2026-02-05,000858,11:11:00,109.0400,21,1
2026-02-05,000858,11:11:03,109.0100,44,2
2026-02-05,000858,11:11:06,109.0000,145,2
2026-02-05,000858,11:11:09,109.0100,9,1
2026-02-05,000858,11:11:12,109.0000,5,2
2026-02-05,000858,11:11:15,109.0200,17,1
2026-02-05,000858,11:11:18,109.0200,5,1
2026-02-05,000858,11:11:21,109.0000,25,2
2026-02-05,000858,11:11:24,109.0000,40,2
2026-02-05,000858,11:11:27,108.9900,21,2
2026-02-05,000858,11:11:30,109.0000,5,1
2026-02-05,000858,11:11:33,108.9900,5,2
2026-02-05,000858,11:11:36,109.0000,21,1
2026-02-05,000858,11:11:39,108.9900,45,4
2026-02-05,000858,11:11:42,108.9900,10,2
2026-02-05,000858,11:11:45,109.0000,22,1
2026-02-05,000858,11:11:48,108.9700,124,2
2026-02-05,000858,11:11:51,108.9500,58,2
2026-02-05,000858,11:11:54,108.9600,4,2
2026-02-05,000858,11:11:57,108.9700,23,1
2026-02-05,000858,11:12:00,108.9500,17,2
2026-02-05,000858,11:12:03,108.9500,7,2
2026-02-05,000858,11:12:06,108.9500,11,2
2026-02-05,000858,11:12:09,108.9600,13,1
2026-02-05,000858,11:12:12,108.9500,4,2
2026-02-05,000858,11:12:15,108.9500,18,1
2026-02-05,000858,11:12:18,108.9400,21,2
2026-02-05,000858,11:12:21,108.9500,22,1
2026-02-05,000858,11:12:24,108.9400,5,2
2026-02-05,000858,11:12:27,108.9400,10,1
2026-02-05,000858,11:12:30,108.9500,5,1
2026-02-05,000858,11:12:33,108.9300,15,2
2026-02-05,000858,11:12:36,108.9400,6,4
2026-02-05,000858,11:12:39,108.9300,3,2
2026-02-05,000858,11:12:42,108.9300,10,2
2026-02-05,000858,11:12:45,108.9300,7,2
2026-02-05,000858,11:12:48,108.9300,27,2
2026-02-05,000858,11:12:51,108.9200,27,2
2026-02-05,000858,11:12:54,108.9200,71,2
2026-02-05,000858,11:12:57,108.9100,12,2
2026-02-05,000858,11:13:00,108.9100,1,1
2026-02-05,000858,11:13:03,108.9000,4,2
2026-02-05,000858,11:13:06,108.9000,9,2
2026-02-05,000858,11:13:09,108.9000,16,2
2026-02-05,000858,11:13:12,108.9000,12,2
2026-02-05,000858,11:13:15,108.8900,21,2
2026-02-05,000858,11:13:18,108.9000,24,1
2026-02-05,000858,11:13:21,108.8900,2,1
2026-02-05,000858,11:13:24,108.8800,14,2
2026-02-05,000858,11:13:27,108.8800,15,2
2026-02-05,000858,11:13:30,108.8800,13,2
2026-02-05,000858,11:13:33,108.8800,17,2
2026-02-05,000858,11:13:36,108.8600,32,2
2026-02-05,000858,11:13:39,108.8500,21,2
2026-02-05,000858,11:13:42,108.8400,45,2
2026-02-05,000858,11:13:45,108.8600,26,1
2026-02-05,000858,11:13:48,108.8400,31,2
2026-02-05,000858,11:13:51,108.8600,12,4
2026-02-05,000858,11:13:54,108.8800,19,1
2026-02-05,000858,11:13:57,108.8800,8,1
2026-02-05,000858,11:14:00,108.8900,125,1
2026-02-05,000858,11:14:03,108.8900,52,2
2026-02-05,000858,11:14:06,108.9000,9,1
2026-02-05,000858,11:14:09,108.9000,7,1
2026-02-05,000858,11:14:12,108.8800,6,2
2026-02-05,000858,11:14:15,108.9000,3,1
2026-02-05,000858,11:14:18,108.8900,25,4
2026-02-05,000858,11:14:21,108.8800,6,2
2026-02-05,000858,11:14:24,108.8900,35,1
2026-02-05,000858,11:14:27,108.9000,11,1
2026-02-05,000858,11:14:30,108.9000,14,2
2026-02-05,000858,11:14:33,108.8800,136,2
2026-02-05,000858,11:14:36,108.8800,68,1
2026-02-05,000858,11:14:39,108.8700,41,2
2026-02-05,000858,11:14:42,108.8600,79,2
2026-02-05,000858,11:14:45,108.8600,34,1
2026-02-05,000858,11:14:48,108.8700,10,1
2026-02-05,000858,11:14:51,108.8800,17,1
2026-02-05,000858,11:14:54,108.8700,48,2
2026-02-05,000858,11:14:57,108.8700,2,1
2026-02-05,000858,11:15:00,108.8800,13,1
2026-02-05,000858,11:15:03,108.8700,6,4
2026-02-05,000858,11:15:06,108.8600,31,2
2026-02-05,000858,11:15:09,108.8800,37,1
2026-02-05,000858,11:15:12,108.8800,3,2
2026-02-05,000858,11:15:15,108.8700,41,2
2026-02-05,000858,11:15:18,108.8700,61,1
2026-02-05,000858,11:15:21,108.8800,67,1
2026-02-05,000858,11:15:24,108.8800,11,2
2026-02-05,000858,11:15:27,108.8700,16,2
2026-02-05,000858,11:15:30,108.8600,11,2
2026-02-05,000858,11:15:33,108.8700,15,1
2026-02-05,000858,11:15:36,108.8600,59,2
2026-02-05,000858,11:15:39,108.9200,101,1
2026-02-05,000858,11:15:42,108.9300,11,1
2026-02-05,000858,11:15:45,108.9700,70,1
2026-02-05,000858,11:15:48,108.9300,76,2
2026-02-05,000858,11:15:51,109.0000,91,1
2026-02-05,000858,11:15:54,109.0300,4,1
2026-02-05,000858,11:15:57,109.0000,13,2
2026-02-05,000858,11:16:00,109.0500,15,1
2026-02-05,000858,11:16:03,109.0800,33,1
2026-02-05,000858,11:16:06,109.0900,20,1
2026-02-05,000858,11:16:09,109.1000,11,1
2026-02-05,000858,11:16:12,109.1000,28,1
2026-02-05,000858,11:16:15,109.1100,61,1
2026-02-05,000858,11:16:18,109.1200,75,1
2026-02-05,000858,11:16:21,109.0600,52,2
2026-02-05,000858,11:16:24,109.0500,6,2
2026-02-05,000858,11:16:27,109.0600,13,1
2026-02-05,000858,11:16:30,109.0100,97,2
2026-02-05,000858,11:16:33,108.9900,25,2
2026-02-05,000858,11:16:36,108.9700,4,1
2026-02-05,000858,11:16:39,108.9500,1,2
2026-02-05,000858,11:16:42,108.9300,22,2
2026-02-05,000858,11:16:48,108.8900,19,2
2026-02-05,000858,11:16:51,108.9100,28,1
2026-02-05,000858,11:16:54,108.9000,8,2
2026-02-05,000858,11:16:57,108.9100,30,1
2026-02-05,000858,11:17:00,108.9100,2,2
2026-02-05,000858,11:17:03,108.9100,25,2
2026-02-05,000858,11:17:06,108.9400,65,1
2026-02-05,000858,11:17:09,108.9300,3,2
2026-02-05,000858,11:17:12,108.9300,1,2
2026-02-05,000858,11:17:18,108.9500,5,1
2026-02-05,000858,11:17:21,108.9300,8,2
2026-02-05,000858,11:17:24,108.9600,9,1
2026-02-05,000858,11:17:27,109.0000,36,1
2026-02-05,000858,11:17:30,108.9500,2,2
2026-02-05,000858,11:17:33,108.9500,19,2
2026-02-05,000858,11:17:36,108.9700,5,1
2026-02-05,000858,11:17:39,108.9700,9,1
2026-02-05,000858,11:17:42,108.9800,21,1
2026-02-05,000858,11:17:45,108.9800,8,1
2026-02-05,000858,11:17:48,109.0000,13,1
2026-02-05,000858,11:17:51,109.0300,35,1
2026-02-05,000858,11:17:54,109.0600,8,1
