date,code,time,price,volume,bs
2026-05-29,000001,14:06:39,10.8900,27,1
2026-05-29,000001,14:06:42,10.8900,88,1
2026-05-29,000001,14:06:45,10.8800,5,2
2026-05-29,000001,14:06:48,10.8900,262,1
2026-05-29,000001,14:06:51,10.8900,87,1
2026-05-29,000001,14:06:54,10.8900,87,1
2026-05-29,000001,14:06:57,10.8800,29,2
2026-05-29,000001,14:07:00,10.8800,13,2
2026-05-29,000001,14:07:03,10.8900,50,1
2026-05-29,000001,14:07:06,10.8900,25,1
2026-05-29,000001,14:07:09,10.8900,135,1
2026-05-29,000001,14:07:12,10.8900,80,1
2026-05-29,000001,14:07:15,10.8900,55,1
2026-05-29,000001,14:07:18,10.8900,5,1
2026-05-29,000001,14:07:21,10.8900,18,1
2026-05-29,000001,14:07:24,10.8800,88,2
2026-05-29,000001,14:07:27,10.8900,15,1
2026-05-29,000001,14:07:30,10.8900,130,1
2026-05-29,000001,14:07:33,10.8800,617,2
2026-05-29,000001,14:07:36,10.8900,27,1
2026-05-29,000001,14:07:39,10.8800,242,2
2026-05-29,000001,14:07:42,10.8900,32,1
2026-05-29,000001,14:07:45,10.8800,163,2
2026-05-29,000001,14:07:48,10.8800,117,2
2026-05-29,000001,14:07:51,10.8800,103,2
2026-05-29,000001,14:07:54,10.8900,63,1
2026-05-29,000001,14:07:57,10.8900,17,1
2026-05-29,000001,14:08:00,10.8800,93,2
2026-05-29,000001,14:08:03,10.8900,107,1
2026-05-29,000001,14:08:06,10.8900,53,1
2026-05-29,000001,14:08:09,10.8900,64,1
2026-05-29,000001,14:08:12,10.8900,228,1
2026-05-29,000001,14:08:15,10.8900,42,1
2026-05-29,000001,14:08:18,10.8900,164,1
2026-05-29,000001,14:08:21,10.8900,98,1
2026-05-29,000001,14:08:24,10.8900,207,1
2026-05-29,000001,14:08:27,10.8900,17,1
2026-05-29,000001,14:08:30,10.8900,5094,1
2026-05-29,000001,14:08:33,10.8900,2964,2
2026-05-29,000001,14:08:36,10.9000,230,1
2026-05-29,000001,14:08:39,10.9000,69,1
2026-05-29,000001,14:08:42,10.8900,55,2
2026-05-29,000001,14:08:45,10.8900,191,2
2026-05-29,000001,14:08:48,10.9000,3488,1
2026-05-29,000001,14:08:51,10.9000,256,1
2026-05-29,000001,14:08:54,10.9000,165,1
2026-05-29,000001,14:08:57,10.9000,48,1
2026-05-29,000001,14:09:00,10.8900,51,2
2026-05-29,000001,14:09:03,10.9000,200,1
2026-05-29,000001,14:09:06,10.9000,146,1
2026-05-29,000001,14:09:09,10.9000,6,1
2026-05-29,000001,14:09:12,10.9000,656,1
2026-05-29,000001,14:09:15,10.9000,8,1
2026-05-29,000001,14:09:18,10.9000,107,1
2026-05-29,000001,14:09:21,10.9000,163,1
2026-05-29,000001,14:09:24,10.9000,44,1
2026-05-29,000001,14:09:27,10.8900,81,2
2026-05-29,000001,14:09:30,10.9000,79,1
2026-05-29,000001,14:09:33,10.9000,107,1
2026-05-29,000001,14:09:36,10.9000,23,1
2026-05-29,000001,14:09:39,10.9000,200,1
2026-05-29,000001,14:09:42,10.9000,17,1
2026-05-29,000001,14:09:45,10.8900,35,2
2026-05-29,000001,14:09:48,10.8900,91,2
2026-05-29,000001,14:09:51,10.8900,16,2
2026-05-29,000001,14:09:54,10.9000,24,1
2026-05-29,000001,14:09:57,10.9000,54,1
2026-05-29,000001,14:10:00,10.8900,43,2
2026-05-29,000001,14:10:03,10.9000,141,1
2026-05-29,000001,14:10:06,10.9000,118,1
2026-05-29,000001,14:10:09,10.9000,39,1
2026-05-29,000001,14:10:12,10.8900,2,2
2026-05-29,000001,14:10:15,10.9000,63,1
2026-05-29,000001,14:10:18,10.9000,106,1
2026-05-29,000001,14:10:21,10.9000,23,1
2026-05-29,000001,14:10:24,10.8900,224,2
2026-05-29,000001,14:10:27,10.9000,174,1
2026-05-29,000001,14:10:30,10.8900,195,2
2026-05-29,000001,14:10:33,10.8900,552,2
2026-05-29,000001,14:10:36,10.8900,14,2
2026-05-29,000001,14:10:39,10.9000,75,1
2026-05-29,000001,14:10:42,10.8900,337,2
2026-05-29,000001,14:10:45,10.9000,321,1
2026-05-29,000001,14:10:48,10.8900,20,2
2026-05-29,000001,14:10:51,10.8900,86,2
2026-05-29,000001,14:10:54,10.8900,211,2
2026-05-29,000001,14:10:57,10.9000,211,1
2026-05-29,000001,14:11:03,10.9000,36,1
2026-05-29,000001,14:11:06,10.9000,47,1
2026-05-29,000001,14:11:09,10.9000,90,1
2026-05-29,000001,14:11:12,10.8900,515,2
2026-05-29,000001,14:11:15,10.9000,56,1
2026-05-29,000001,14:11:18,10.9000,155,1
2026-05-29,000001,14:11:21,10.8900,11,2
2026-05-29,000001,14:11:24,10.9000,256,1
2026-05-29,000001,14:11:27,10.8900,45,2
2026-05-29,000001,14:11:30,10.9000,14,1
2026-05-29,000001,14:11:36,10.9000,181,1
2026-05-29,000001,14:11:39,10.8900,51,2
2026-05-29,000001,14:11:42,10.9000,129,1
2026-05-29,000001,14:11:45,10.8900,2,2
2026-05-29,000001,14:11:48,10.9000,46,1
2026-05-29,000001,14:11:51,10.9000,33,1
2026-05-29,000001,14:11:54,10.9000,2,1
2026-05-29,000001,14:12:00,10.9000,29,1
2026-05-29,000001,14:12:03,10.8900,43,2
2026-05-29,000001,14:12:06,10.9000,8,1
2026-05-29,000001,14:12:09,10.8900,16,2
2026-05-29,000001,14:12:12,10.9000,53,1
2026-05-29,000001,14:12:15,10.9000,10,1
2026-05-29,000001,14:12:18,10.8900,35,2
2026-05-29,000001,14:12:21,10.9000,510,1
2026-05-29,000001,14:12:24,10.9000,121,1
2026-05-29,000001,14:12:27,10.8900,37,2
2026-05-29,000001,14:12:30,10.9000,56,1
2026-05-29,000001,14:12:36,10.8900,20,2
2026-05-29,000001,14:12:39,10.9000,1,1
2026-05-29,000001,14:12:42,10.8900,19,2
2026-05-29,000001,14:12:45,10.9000,23,1
2026-05-29,000001,14:12:48,10.9000,44,1
2026-05-29,000001,14:12:51,10.9000,51,1
2026-05-29,000001,14:12:54,10.8900,59,2
2026-05-29,000001,14:12:57,10.8900,95,2
2026-05-29,000001,14:13:00,10.8900,2,2
2026-05-29,000001,14:13:03,10.8900,166,2
2026-05-29,000001,14:13:06,10.8900,48,2
2026-05-29,000001,14:13:09,10.8900,5,2
2026-05-29,000001,14:13:12,10.9000,95,1
2026-05-29,000001,14:13:15,10.8900,10,2
2026-05-29,000001,14:13:18,10.9000,19,1
2026-05-29,000001,14:13:21,10.8900,14,2
2026-05-29,000001,14:13:24,10.8900,63,2
2026-05-29,000001,14:13:27,10.8900,109,2
2026-05-29,000001,14:13:30,10.9000,41,1
2026-05-29,000001,14:13:33,10.8900,16,2
2026-05-29,000001,14:13:36,10.9000,128,1
2026-05-29,000001,14:13:39,10.9000,23,1
2026-05-29,000001,14:13:42,10.9000,7,1
2026-05-29,000001,14:13:45,10.9000,52,1
2026-05-29,000001,14:13:48,10.9000,1228,1
2026-05-29,000001,14:13:51,10.9000,65,1
2026-05-29,000001,14:13:54,10.9000,41,1
2026-05-29,000001,14:13:57,10.9000,47,1
2026-05-29,000001,14:14:00,10.9000,69,1
2026-05-29,000001,14:14:03,10.8900,23,2
2026-05-29,000001,14:14:06,10.8900,18,2
2026-05-29,000001,14:14:09,10.8900,146,2
2026-05-29,000001,14:14:12,10.9000,92,1
2026-05-29,000001,14:14:15,10.9000,4,1
2026-05-29,000001,14:14:18,10.9000,5,1
2026-05-29,000001,14:14:21,10.9000,67,1
2026-05-29,000001,14:14:24,10.8900,80,2
2026-05-29,000001,14:14:27,10.9000,127,1
2026-05-29,000001,14:14:30,10.9000,25,1
2026-05-29,000001,14:14:33,10.9000,124,1
2026-05-29,000001,14:14:36,10.8900,32,2
2026-05-29,000001,14:14:39,10.9000,30,1
2026-05-29,000001,14:14:42,10.8900,20,2
2026-05-29,000001,14:14:45,10.8900,346,2
2026-05-29,000001,14:14:48,10.9000,130,1
2026-05-29,000001,14:14:51,10.9000,247,1
2026-05-29,000001,14:14:54,10.9000,110,1
2026-05-29,000001,14:14:57,10.9000,33,1
2026-05-29,000001,14:15:00,10.8900,183,2
2026-05-29,000001,14:15:03,10.9000,146,1
2026-05-29,000001,14:15:06,10.9000,82,1
2026-05-29,000001,14:15:09,10.8900,420,2
2026-05-29,000001,14:15:12,10.9000,1112,1
2026-05-29,000001,14:15:15,10.9000,895,1
2026-05-29,000001,14:15:18,10.9000,1352,1
2026-05-29,000001,14:15:21,10.9000,923,1
2026-05-29,000001,14:15:24,10.9100,474,1
2026-05-29,000001,14:15:27,10.9000,191,2
2026-05-29,000001,14:15:30,10.9100,232,1
2026-05-29,000001,14:15:33,10.9100,13,1
2026-05-29,000001,14:15:36,10.9100,130,1
2026-05-29,000001,14:15:39,10.9100,152,1
2026-05-29,000001,14:15:42,10.9100,103,1
2026-05-29,000001,14:15:45,10.9000,134,2
2026-05-29,000001,14:15:48,10.9000,102,2
2026-05-29,000001,14:15:51,10.9000,81,2
2026-05-29,000001,14:15:54,10.9100,158,1
2026-05-29,000001,14:15:57,10.9000,173,2
2026-05-29,000001,14:16:00,10.9000,179,2
2026-05-29,000001,14:16:03,10.9100,110,1
2026-05-29,000001,14:16:06,10.9100,66,1
2026-05-29,000001,14:16:09,10.9000,139,2
2026-05-29,000001,14:16:12,10.9100,45,1
2026-05-29,000001,14:16:15,10.9000,54,2
2026-05-29,000001,14:16:18,10.9100,414,1
2026-05-29,000001,14:16:21,10.9100,154,1
2026-05-29,000001,14:16:24,10.9100,90,1
2026-05-29,000001,14:16:27,10.9000,202,2
2026-05-29,000001,14:16:30,10.9100,94,1
2026-05-29,000001,14:16:33,10.9100,71,1
2026-05-29,000001,14:16:36,10.9100,87,1
2026-05-29,000001,14:16:39,10.9000,66,2
2026-05-29,000001,14:16:42,10.9100,311,1
2026-05-29,000001,14:16:45,10.9000,94,2
2026-05-29,000001,14:16:48,10.9100,145,1
2026-05-29,000001,14:16:51,10.9100,154,1
2026-05-29,000001,14:16:54,10.9000,33,2
2026-05-29,000001,14:16:57,10.9100,748,1
2026-05-29,000001,14:17:00,10.9100,158,1
2026-05-29,000001,14:17:03,10.9000,201,2
2026-05-29,000001,14:17:06,10.9000,280,2
2026-05-29,000001,14:17:09,10.9100,442,1
2026-05-29,000001,14:17:12,10.9100,195,1
2026-05-29,000001,14:17:15,10.9000,131,2
2026-05-29,000001,14:17:18,10.9000,345,2
2026-05-29,000001,14:17:21,10.9000,340,2
2026-05-29,000001,14:17:24,10.9100,331,1
2026-05-29,000001,14:17:27,10.9000,12,2
2026-05-29,000001,14:17:30,10.9100,123,1
2026-05-29,000001,14:17:33,10.9100,5,1
2026-05-29,000001,14:17:36,10.9000,272,2
2026-05-29,000001,14:17:39,10.9100,144,1
2026-05-29,000001,14:17:42,10.9000,2078,2
2026-05-29,000001,14:17:45,10.9100,521,1
2026-05-29,000001,14:17:48,10.9100,552,1
2026-05-29,000001,14:17:51,10.9000,35,2
2026-05-29,000001,14:17:54,10.9000,284,2
2026-05-29,000001,14:17:57,10.9000,635,2
2026-05-29,000001,14:18:00,10.9000,110,2
2026-05-29,000001,14:18:03,10.9000,575,2
2026-05-29,000001,14:18:06,10.9000,324,2
2026-05-29,000001,14:18:09,10.9000,182,2
2026-05-29,000001,14:18:12,10.9000,118,2
2026-05-29,000001,14:18:15,10.9100,224,1
2026-05-29,000001,14:18:18,10.9000,369,2
2026-05-29,000001,14:18:21,10.9100,281,1
2026-05-29,000001,14:18:24,10.9100,220,1
2026-05-29,000001,14:18:27,10.9000,210,2
2026-05-29,000001,14:18:30,10.9000,60,2
2026-05-29,000001,14:18:33,10.9100,133,1
2026-05-29,000001,14:18:36,10.9100,65,1
2026-05-29,000001,14:18:39,10.9000,31,2
2026-05-29,000001,14:18:42,10.9100,89,1
2026-05-29,000001,14:18:45,10.9100,70,1
2026-05-29,000001,14:18:48,10.9100,123,1
2026-05-29,000001,14:18:51,10.9000,93,2
2026-05-29,000001,14:18:54,10.9000,105,2
2026-05-29,000001,14:18:57,10.9100,182,1
2026-05-29,000001,14:19:00,10.9000,1023,2
2026-05-29,000001,14:19:03,10.9000,718,1
2026-05-29,000001,14:19:06,10.9000,140,2
2026-05-29,000001,14:19:09,10.9000,107,2
2026-05-29,000001,14:19:12,10.9000,67,2
2026-05-29,000001,14:19:15,10.9000,51,2
2026-05-29,000001,14:19:18,10.9000,106,2
2026-05-29,000001,14:19:21,10.9000,52,2
2026-05-29,000001,14:19:24,10.9000,233,2
2026-05-29,000001,14:19:27,10.9000,102,2
2026-05-29,000001,14:19:30,10.9000,477,2
2026-05-29,000001,14:19:33,10.9000,634,1
2026-05-29,000001,14:19:36,10.9000,86,1
2026-05-29,000001,14:19:39,10.9000,68,1
2026-05-29,000001,14:19:42,10.8900,6,2
2026-05-29,000001,14:19:45,10.8900,11,2
2026-05-29,000001,14:19:48,10.9000,67,1
2026-05-29,000001,14:19:51,10.9000,39,1
2026-05-29,000001,14:19:54,10.9000,7,1
2026-05-29,000001,14:19:57,10.9000,44,1
2026-05-29,000001,14:20:00,10.9000,13,1
2026-05-29,000001,14:20:03,10.9000,11,1
2026-05-29,000001,14:20:06,10.8900,9,2
2026-05-29,000001,14:20:09,10.9000,16,1
2026-05-29,000001,14:20:12,10.9000,88,1
2026-05-29,000001,14:20:15,10.9000,107,1
2026-05-29,000001,14:20:18,10.9000,52,1
2026-05-29,000001,14:20:21,10.9000,187,1
2026-05-29,000001,14:20:24,10.9000,170,1
2026-05-29,000001,14:20:27,10.9000,173,1
2026-05-29,000001,14:20:30,10.9000,65,1
2026-05-29,000001,14:20:33,10.8900,54,2
2026-05-29,000001,14:20:36,10.8900,53,2
2026-05-29,000001,14:20:39,10.9000,23,1
2026-05-29,000001,14:20:42,10.8900,139,2
2026-05-29,000001,14:20:45,10.9000,255,1
2026-05-29,000001,14:20:48,10.8900,101,2
2026-05-29,000001,14:20:51,10.8900,144,2
2026-05-29,000001,14:20:54,10.9000,548,1
2026-05-29,000001,14:20:57,10.9000,73,1
2026-05-29,000001,14:21:00,10.8900,344,2
2026-05-29,000001,14:21:03,10.9000,52,1
2026-05-29,000001,14:21:06,10.9000,28,1
2026-05-29,000001,14:21:09,10.9000,191,1
2026-05-29,000001,14:21:12,10.8900,16,2
2026-05-29,000001,14:21:15,10.9000,53,1
2026-05-29,000001,14:21:18,10.8900,25,2
2026-05-29,000001,14:21:21,10.9000,18,1
2026-05-29,000001,14:21:24,10.9000,167,1
2026-05-29,000001,14:21:27,10.9000,6,1
2026-05-29,000001,14:21:30,10.8900,10,2
2026-05-29,000001,14:21:33,10.8900,66,2
2026-05-29,000001,14:21:36,10.9000,29,1
2026-05-29,000001,14:21:42,10.9000,55,1
2026-05-29,000001,14:21:45,10.9000,1,1
2026-05-29,000001,14:21:48,10.8900,37,2
2026-05-29,000001,14:21:51,10.8900,126,2
2026-05-29,000001,14:21:54,10.9000,79,1
2026-05-29,000001,14:21:57,10.8900,15,2
2026-05-29,000001,14:22:00,10.8900,11,2
2026-05-29,000001,14:22:03,10.9000,255,1
2026-05-29,000001,14:22:06,10.9000,119,1
2026-05-29,000001,14:22:09,10.9000,166,1
2026-05-29,000001,14:22:12,10.9000,560,1
2026-05-29,000001,14:22:15,10.9000,232,1
2026-05-29,000001,14:22:18,10.9000,150,1
2026-05-29,000001,14:22:21,10.9000,44,1
2026-05-29,000001,14:22:24,10.9000,55,1
2026-05-29,000001,14:22:27,10.9000,52,1
2026-05-29,000001,14:22:30,10.9000,62,1
2026-05-29,000001,14:22:33,10.8900,122,2
2026-05-29,000001,14:22:36,10.9000,35,1
2026-05-29,000001,14:22:42,10.9000,65,1
2026-05-29,000001,14:22:45,10.9000,86,1
2026-05-29,000001,14:22:48,10.9000,106,1
2026-05-29,000001,14:22:51,10.9000,26,1
2026-05-29,000001,14:22:54,10.9000,184,1
2026-05-29,000001,14:22:57,10.8900,359,2
2026-05-29,000001,14:23:00,10.9000,89,1
2026-05-29,000001,14:23:03,10.8900,28,2
2026-05-29,000001,14:23:06,10.9000,58,1
2026-05-29,000001,14:23:09,10.9000,97,1
2026-05-29,000001,14:23:12,10.9000,193,1
2026-05-29,000001,14:23:15,10.9000,42,1
2026-05-29,000001,14:23:18,10.8900,48,2
2026-05-29,000001,14:23:21,10.9000,28,1
2026-05-29,000001,14:23:24,10.8900,256,2
2026-05-29,000001,14:23:27,10.8900,1,2
2026-05-29,000001,14:23:30,10.9000,48,1
2026-05-29,000001,14:23:33,10.8900,69,2
2026-05-29,000001,14:23:36,10.9000,724,1
2026-05-29,000001,14:23:39,10.9000,139,1
2026-05-29,000001,14:23:42,10.9000,107,1
2026-05-29,000001,14:23:45,10.8900,22,2
2026-05-29,000001,14:23:48,10.9000,24,1
2026-05-29,000001,14:23:51,10.9000,180,1
2026-05-29,000001,14:23:54,10.8900,37,2
2026-05-29,000001,14:23:57,10.8900,251,2
2026-05-29,000001,14:24:00,10.9000,97,1
2026-05-29,000001,14:24:03,10.9000,4301,1
2026-05-29,000001,14:24:06,10.9100,423,1
2026-05-29,000001,14:24:09,10.9000,153,2
2026-05-29,000001,14:24:12,10.9000,52,2
2026-05-29,000001,14:24:15,10.9000,70,2
2026-05-29,000001,14:24:18,10.9000,34,2
2026-05-29,000001,14:24:21,10.9000,41,2
2026-05-29,000001,14:24:24,10.9000,42,2
2026-05-29,000001,14:24:27,10.9100,47,1
2026-05-29,000001,14:24:30,10.9000,163,2
2026-05-29,000001,14:24:33,10.9000,586,2
2026-05-29,000001,14:24:36,10.9000,173,2
2026-05-29,000001,14:24:39,10.9000,6,2
2026-05-29,000001,14:24:42,10.9000,362,2
2026-05-29,000001,14:24:45,10.9000,102,2
2026-05-29,000001,14:24:48,10.9100,75,1
2026-05-29,000001,14:24:51,10.9000,14,2
2026-05-29,000001,14:24:54,10.9100,6,1
2026-05-29,000001,14:24:57,10.9100,404,1
2026-05-29,000001,14:25:00,10.9100,133,1
2026-05-29,000001,14:25:03,10.9000,88,2
2026-05-29,000001,14:25:06,10.9000,20,2
2026-05-29,000001,14:25:09,10.9100,38,1
2026-05-29,000001,14:25:12,10.9000,40,2
2026-05-29,000001,14:25:15,10.9100,68,1
2026-05-29,000001,14:25:18,10.9100,34,1
2026-05-29,000001,14:25:21,10.9000,65,2
2026-05-29,000001,14:25:24,10.9000,11,2
2026-05-29,000001,14:25:27,10.9000,29,2
2026-05-29,000001,14:25:30,10.9100,9,1
2026-05-29,000001,14:25:33,10.9000,6332,2
2026-05-29,000001,14:25:36,10.9000,172,2
2026-05-29,000001,14:25:39,10.9100,23,1
2026-05-29,000001,14:25:42,10.9000,93,2
2026-05-29,000001,14:25:45,10.9000,94,2
2026-05-29,000001,14:25:48,10.9000,584,2
2026-05-29,000001,14:25:51,10.9100,197,1
2026-05-29,000001,14:25:54,10.9000,164,2
2026-05-29,000001,14:25:57,10.9000,124,2
2026-05-29,000001,14:26:00,10.9000,659,2
2026-05-29,000001,14:26:03,10.9000,185,2
2026-05-29,000001,14:26:06,10.8900,1537,2
2026-05-29,000001,14:26:09,10.9000,23,1
2026-05-29,000001,14:26:12,10.9000,63,1
2026-05-29,000001,14:26:15,10.9000,16,1
2026-05-29,000001,14:26:18,10.8900,5,2
2026-05-29,000001,14:26:21,10.9000,67,1
2026-05-29,000001,14:26:24,10.9000,46,1
2026-05-29,000001,14:26:27,10.9000,27,1
2026-05-29,000001,14:26:30,10.8900,89,2
2026-05-29,000001,14:26:33,10.9000,147,1
2026-05-29,000001,14:26:36,10.9000,49,1
2026-05-29,000001,14:26:39,10.8900,134,2
2026-05-29,000001,14:26:42,10.8900,195,2
2026-05-29,000001,14:26:45,10.8900,117,2
2026-05-29,000001,14:26:48,10.9000,12,1
2026-05-29,000001,14:26:51,10.8900,1,2
2026-05-29,000001,14:26:54,10.9000,41,1
2026-05-29,000001,14:26:57,10.9000,36,1
2026-05-29,000001,14:27:00,10.9000,97,1
2026-05-29,000001,14:27:03,10.8900,71,2
2026-05-29,000001,14:27:06,10.8900,62,2
2026-05-29,000001,14:27:09,10.9000,65,1
2026-05-29,000001,14:27:12,10.9000,5,1
2026-05-29,000001,14:27:15,10.8900,84,2
2026-05-29,000001,14:27:18,10.9000,17,1
2026-05-29,000001,14:27:21,10.9000,24,1
2026-05-29,000001,14:27:24,10.8900,304,2
2026-05-29,000001,14:27:27,10.9000,181,1
2026-05-29,000001,14:27:30,10.9000,377,1
2026-05-29,000001,14:27:33,10.9000,160,1
2026-05-29,000001,14:27:36,10.9000,45,1
2026-05-29,000001,14:27:39,10.8900,122,2
2026-05-29,000001,14:27:42,10.9000,104,1
2026-05-29,000001,14:27:45,10.9000,19,1
2026-05-29,000001,14:27:48,10.9000,245,1
2026-05-29,000001,14:27:51,10.9000,20,1
2026-05-29,000001,14:27:54,10.9000,143,1
2026-05-29,000001,14:27:57,10.9000,19,1
2026-05-29,000001,14:28:00,10.8900,29,2
2026-05-29,000001,14:28:03,10.8900,41,2
2026-05-29,000001,14:28:06,10.9000,1,1
2026-05-29,000001,14:28:09,10.9000,95,1
2026-05-29,000001,14:28:12,10.8900,249,2
2026-05-29,000001,14:28:15,10.9000,177,1
2026-05-29,000001,14:28:18,10.9000,160,1
2026-05-29,000001,14:28:21,10.9000,250,1
2026-05-29,000001,14:28:24,10.8900,24,2
2026-05-29,000001,14:28:27,10.8900,1,2
2026-05-29,000001,14:28:30,10.8900,61,2
2026-05-29,000001,14:28:36,10.9000,32,1
2026-05-29,000001,14:28:39,10.9000,207,1
2026-05-29,000001,14:28:42,10.8900,73,2
2026-05-29,000001,14:28:45,10.9000,195,1
2026-05-29,000001,14:28:48,10.8900,126,2
2026-05-29,000001,14:28:51,10.9000,328,1
2026-05-29,000001,14:28:54,10.8900,80,2
2026-05-29,000001,14:28:57,10.9000,164,1
2026-05-29,000001,14:29:00,10.9000,53,1
2026-05-29,000001,14:29:03,10.8900,10,2
2026-05-29,000001,14:29:06,10.8900,151,2
2026-05-29,000001,14:29:09,10.8900,27,2
2026-05-29,000001,14:29:12,10.8900,37,2
2026-05-29,000001,14:29:15,10.9000,17,1
2026-05-29,000001,14:29:18,10.9000,25,1
2026-05-29,000001,14:29:21,10.9000,122,1
2026-05-29,000001,14:29:24,10.8900,2,2
2026-05-29,000001,14:29:27,10.9000,336,1
2026-05-29,000001,14:29:30,10.9000,12,1
2026-05-29,000001,14:29:33,10.9000,115,1
2026-05-29,000001,14:29:36,10.9000,166,1
2026-05-29,000001,14:29:39,10.8900,52,2
2026-05-29,000001,14:29:42,10.9000,154,1
2026-05-29,000001,14:29:45,10.9000,21,1
2026-05-29,000001,14:29:48,10.9000,389,1
2026-05-29,000001,14:29:51,10.9000,12,1
2026-05-29,000001,14:29:54,10.9000,22,1
2026-05-29,000001,14:29:57,10.8900,106,2
2026-05-29,000001,14:30:00,10.8900,58,2
2026-05-29,000001,14:30:03,10.9000,128,1
2026-05-29,000001,14:30:06,10.9000,97,1
2026-05-29,000001,14:30:09,10.9000,184,1
2026-05-29,000001,14:30:12,10.9000,796,1
2026-05-29,000001,14:30:15,10.9000,66,1
2026-05-29,000001,14:30:18,10.9000,6,1
2026-05-29,000001,14:30:24,10.9000,49,1
2026-05-29,000001,14:30:27,10.9000,17,1
2026-05-29,000001,14:30:30,10.9000,102,1
2026-05-29,000001,14:30:33,10.9000,111,1
2026-05-29,000001,14:30:36,10.9000,213,1
2026-05-29,000001,14:30:39,10.8900,19,2
2026-05-29,000001,14:30:42,10.9000,179,1
2026-05-29,000001,14:30:45,10.9000,139,1
2026-05-29,000001,14:30:48,10.8900,16,2
2026-05-29,000001,14:30:51,10.8900,220,2
2026-05-29,000001,14:30:54,10.8900,58,2
2026-05-29,000001,14:30:57,10.9000,34,1
2026-05-29,000001,14:31:00,10.8900,136,2
2026-05-29,000001,14:31:03,10.9000,58,1
2026-05-29,000001,14:31:06,10.9000,78,1
2026-05-29,000001,14:31:09,10.8900,19,2
2026-05-29,000001,14:31:12,10.9000,42,1
2026-05-29,000001,14:31:15,10.8900,348,2
2026-05-29,000001,14:31:18,10.9000,2176,1
2026-05-29,000001,14:31:21,10.9000,425,2
2026-05-29,000001,14:31:24,10.9000,58,2
2026-05-29,000001,14:31:27,10.9100,669,1
2026-05-29,000001,14:31:30,10.9100,283,1
2026-05-29,000001,14:31:33,10.9000,306,2
2026-05-29,000001,14:31:36,10.9100,249,1
2026-05-29,000001,14:31:39,10.9100,297,1
2026-05-29,000001,14:31:42,10.9100,78,1
2026-05-29,000001,14:31:45,10.9000,211,2
2026-05-29,000001,14:31:48,10.9000,85,2
2026-05-29,000001,14:31:51,10.9000,26,2
2026-05-29,000001,14:31:54,10.9000,194,2
2026-05-29,000001,14:31:57,10.9000,430,2
2026-05-29,000001,14:32:00,10.9100,67,1
2026-05-29,000001,14:32:03,10.9100,92,1
2026-05-29,000001,14:32:06,10.9100,810,1
2026-05-29,000001,14:32:09,10.9100,190,1
2026-05-29,000001,14:32:12,10.9100,25,1
2026-05-29,000001,14:32:15,10.9100,367,1
2026-05-29,000001,14:32:18,10.9100,42,1
2026-05-29,000001,14:32:21,10.9100,324,1
2026-05-29,000001,14:32:24,10.9100,261,1
2026-05-29,000001,14:32:27,10.9100,135,1
2026-05-29,000001,14:32:30,10.9100,99,1
2026-05-29,000001,14:32:33,10.9000,147,2
2026-05-29,000001,14:32:36,10.9100,70,1
2026-05-29,000001,14:32:39,10.9000,112,2
2026-05-29,000001,14:32:42,10.9100,42,1
2026-05-29,000001,14:32:45,10.9000,75,2
2026-05-29,000001,14:32:48,10.9000,234,2
2026-05-29,000001,14:32:51,10.9000,78,2
2026-05-29,000001,14:32:54,10.9000,320,2
2026-05-29,000001,14:32:57,10.9000,71,2
2026-05-29,000001,14:33:00,10.9100,183,1
2026-05-29,000001,14:33:03,10.9000,77,2
2026-05-29,000001,14:33:06,10.9100,248,1
2026-05-29,000001,14:33:09,10.9100,839,1
2026-05-29,000001,14:33:12,10.9000,260,2
2026-05-29,000001,14:33:15,10.9100,193,1
2026-05-29,000001,14:33:18,10.9100,486,1
2026-05-29,000001,14:33:21,10.9100,29,1
2026-05-29,000001,14:33:24,10.9100,38,1
2026-05-29,000001,14:33:27,10.9000,7,2
2026-05-29,000001,14:33:30,10.9100,5,1
2026-05-29,000001,14:33:33,10.9000,15,2
2026-05-29,000001,14:33:36,10.9000,10,2
2026-05-29,000001,14:33:39,10.9000,65,2
2026-05-29,000001,14:33:42,10.9100,82,1
2026-05-29,000001,14:33:45,10.9100,545,1
2026-05-29,000001,14:33:48,10.9100,227,1
2026-05-29,000001,14:33:51,10.9100,165,1
2026-05-29,000001,14:33:54,10.9100,79,1
2026-05-29,000001,14:33:57,10.9100,25,1
2026-05-29,000001,14:34:00,10.9100,743,1
2026-05-29,000001,14:34:03,10.9100,551,1
2026-05-29,000001,14:34:06,10.9100,286,1
2026-05-29,000001,14:34:09,10.9100,221,1
2026-05-29,000001,14:34:12,10.9000,375,2
2026-05-29,000001,14:34:15,10.9100,223,1
2026-05-29,000001,14:34:18,10.9100,169,1
2026-05-29,000001,14:34:21,10.9100,23,1
2026-05-29,000001,14:34:24,10.9100,172,1
2026-05-29,000001,14:34:27,10.9000,5,2
2026-05-29,000001,14:34:30,10.9100,10,1
2026-05-29,000001,14:34:33,10.9000,18,2
2026-05-29,000001,14:34:36,10.9100,111,1
2026-05-29,000001,14:34:39,10.9100,663,1
2026-05-29,000001,14:34:42,10.9100,187,1
2026-05-29,000001,14:34:45,10.9100,450,1
2026-05-29,000001,14:34:48,10.9100,19,1
2026-05-29,000001,14:34:51,10.9000,190,2
2026-05-29,000001,14:34:54,10.9100,505,1
2026-05-29,000001,14:34:57,10.9100,353,1
2026-05-29,000001,14:35:00,10.9100,311,1
2026-05-29,000001,14:35:03,10.9100,95,1
2026-05-29,000001,14:35:06,10.9100,166,1
2026-05-29,000001,14:35:09,10.9000,230,2
2026-05-29,000001,14:35:12,10.9000,66,2
2026-05-29,000001,14:35:15,10.9100,51,1
2026-05-29,000001,14:35:18,10.9000,46,2
2026-05-29,000001,14:35:21,10.9100,3,1
2026-05-29,000001,14:35:24,10.9000,11,2
2026-05-29,000001,14:35:27,10.9000,3647,2
2026-05-29,000001,14:35:30,10.9000,185,2
2026-05-29,000001,14:35:33,10.9000,122,2
2026-05-29,000001,14:35:36,10.9000,83,2
2026-05-29,000001,14:35:39,10.9000,152,2
2026-05-29,000001,14:35:42,10.9100,47,1
2026-05-29,000001,14:35:45,10.9100,972,1
2026-05-29,000001,14:35:48,10.9000,71,2
2026-05-29,000001,14:35:51,10.9000,418,2
2026-05-29,000001,14:35:54,10.9000,26,2
2026-05-29,000001,14:35:57,10.9100,299,1
2026-05-29,000001,14:36:00,10.9100,620,1
2026-05-29,000001,14:36:03,10.9000,44,2
2026-05-29,000001,14:36:06,10.9100,137,1
2026-05-29,000001,14:36:09,10.9100,72,1
2026-05-29,000001,14:36:12,10.9000,26,2
2026-05-29,000001,14:36:15,10.9100,42,1
2026-05-29,000001,14:36:18,10.9100,1,1
2026-05-29,000001,14:36:21,10.9000,8,2
2026-05-29,000001,14:36:24,10.9100,7,1
2026-05-29,000001,14:36:27,10.9000,31,2
2026-05-29,000001,14:36:30,10.9000,79,2
2026-05-29,000001,14:36:33,10.9100,69,1
2026-05-29,000001,14:36:36,10.9100,36,1
2026-05-29,000001,14:36:39,10.9000,13,2
2026-05-29,000001,14:36:42,10.9100,3,1
2026-05-29,000001,14:36:45,10.9100,11,1
2026-05-29,000001,14:36:48,10.9100,44,1
2026-05-29,000001,14:36:51,10.9100,66,1
2026-05-29,000001,14:36:54,10.9100,60,1
2026-05-29,000001,14:36:57,10.9000,11,2
2026-05-29,000001,14:37:00,10.9000,9,2
2026-05-29,000001,14:37:03,10.9100,68,1
2026-05-29,000001,14:37:06,10.9100,811,1
2026-05-29,000001,14:37:09,10.9100,110,1
2026-05-29,000001,14:37:12,10.9100,28,1
2026-05-29,000001,14:37:15,10.9000,8,2
2026-05-29,000001,14:37:18,10.9000,20,2
2026-05-29,000001,14:37:21,10.9000,41,2
2026-05-29,000001,14:37:24,10.9100,38,1
2026-05-29,000001,14:37:27,10.9000,384,2
2026-05-29,000001,14:37:30,10.9100,67,1
2026-05-29,000001,14:37:33,10.9100,209,1
2026-05-29,000001,14:37:36,10.9000,48,2
2026-05-29,000001,14:37:39,10.9100,74,1
2026-05-29,000001,14:37:42,10.9000,84,2
2026-05-29,000001,14:37:45,10.9000,49,2
2026-05-29,000001,14:37:48,10.9100,97,1
2026-05-29,000001,14:37:51,10.9000,1221,2
2026-05-29,000001,14:37:54,10.9000,524,2
2026-05-29,000001,14:37:57,10.9100,48,1
2026-05-29,000001,14:38:00,10.9000,16,2
2026-05-29,000001,14:38:03,10.9100,89,1
2026-05-29,000001,14:38:06,10.9000,8,2
2026-05-29,000001,14:38:09,10.9100,170,1
2026-05-29,000001,14:38:12,10.9100,24,1
2026-05-29,000001,14:38:15,10.9000,27,2
2026-05-29,000001,14:38:18,10.9100,38,1
2026-05-29,000001,14:38:21,10.9000,6,2
2026-05-29,000001,14:38:24,10.9100,277,1
2026-05-29,000001,14:38:27,10.9000,38,2
2026-05-29,000001,14:38:30,10.9100,70,1
2026-05-29,000001,14:38:33,10.9000,46,2
2026-05-29,000001,14:38:36,10.9000,26,2
2026-05-29,000001,14:38:39,10.9100,226,1
2026-05-29,000001,14:38:42,10.9100,17,1
2026-05-29,000001,14:38:45,10.9100,151,1
2026-05-29,000001,14:38:48,10.9100,239,1
2026-05-29,000001,14:38:51,10.9100,90,1
2026-05-29,000001,14:38:54,10.9100,43,1
2026-05-29,000001,14:38:57,10.9000,17,2
2026-05-29,000001,14:39:00,10.9100,78,1
2026-05-29,000001,14:39:03,10.9000,65,2
2026-05-29,000001,14:39:06,10.9000,75,2
2026-05-29,000001,14:39:09,10.9100,80,1
2026-05-29,000001,14:39:12,10.9100,125,1
2026-05-29,000001,14:39:15,10.9000,47,2
2026-05-29,000001,14:39:18,10.9000,37,2
2026-05-29,000001,14:39:21,10.9100,109,1
2026-05-29,000001,14:39:24,10.9000,35,2
2026-05-29,000001,14:39:27,10.9100,51,1
2026-05-29,000001,14:39:30,10.9100,19,1
2026-05-29,000001,14:39:33,10.9000,227,2
2026-05-29,000001,14:39:36,10.9000,23,2
2026-05-29,000001,14:39:39,10.9000,24,2
2026-05-29,000001,14:39:42,10.9000,121,2
2026-05-29,000001,14:39:45,10.9100,132,1
2026-05-29,000001,14:39:48,10.9000,32,2
2026-05-29,000001,14:39:51,10.9100,48,1
2026-05-29,000001,14:39:54,10.9000,486,2
2026-05-29,000001,14:39:57,10.9000,788,2
2026-05-29,000001,14:40:00,10.9100,78,1
2026-05-29,000001,14:40:03,10.9000,408,2
2026-05-29,000001,14:40:06,10.9100,140,1
2026-05-29,000001,14:40:09,10.9100,302,1
2026-05-29,000001,14:40:12,10.9100,432,1
2026-05-29,000001,14:40:15,10.9100,427,1
2026-05-29,000001,14:40:18,10.9000,73,2
2026-05-29,000001,14:40:21,10.9100,674,1
2026-05-29,000001,14:40:24,10.9000,119,2
2026-05-29,000001,14:40:27,10.9000,18,2
2026-05-29,000001,14:40:30,10.9100,44,1
2026-05-29,000001,14:40:33,10.9000,161,2
2026-05-29,000001,14:40:36,10.9100,599,1
2026-05-29,000001,14:40:39,10.9000,49,2
2026-05-29,000001,14:40:42,10.9000,26,2
2026-05-29,000001,14:40:45,10.9100,30,1
2026-05-29,000001,14:40:48,10.9100,120,1
2026-05-29,000001,14:40:51,10.9100,62,1
2026-05-29,000001,14:40:54,10.9100,142,1
2026-05-29,000001,14:40:57,10.9100,175,1
2026-05-29,000001,14:41:00,10.9100,59,1
2026-05-29,000001,14:41:03,10.9000,38,2
2026-05-29,000001,14:41:06,10.9100,1410,1
2026-05-29,000001,14:41:09,10.9100,48,1
2026-05-29,000001,14:41:12,10.9100,13,1
2026-05-29,000001,14:41:15,10.9100,120,1
2026-05-29,000001,14:41:18,10.9100,52,1
2026-05-29,000001,14:41:21,10.9000,53,2
2026-05-29,000001,14:41:24,10.9000,353,2
2026-05-29,000001,14:41:27,10.9100,147,1
2026-05-29,000001,14:41:30,10.9100,101,1
2026-05-29,000001,14:41:33,10.9000,66,2
2026-05-29,000001,14:41:36,10.9100,96,1
2026-05-29,000001,14:41:39,10.9100,63,1
2026-05-29,000001,14:41:42,10.9100,361,1
2026-05-29,000001,14:41:45,10.9000,315,2
2026-05-29,000001,14:41:48,10.9100,167,1
2026-05-29,000001,14:41:51,10.9100,161,1
2026-05-29,000001,14:41:54,10.9000,48,2
2026-05-29,000001,14:41:57,10.9100,46,1
2026-05-29,000001,14:42:00,10.9100,274,1
2026-05-29,000001,14:42:03,10.9100,128,1
2026-05-29,000001,14:42:06,10.9100,406,1
2026-05-29,000001,14:42:09,10.9100,52,1
2026-05-29,000001,14:42:12,10.9000,390,2
2026-05-29,000001,14:42:15,10.9000,12,2
2026-05-29,000001,14:42:18,10.9100,55,1
2026-05-29,000001,14:42:21,10.9100,599,1
2026-05-29,000001,14:42:24,10.9000,35,2
2026-05-29,000001,14:42:27,10.9100,21,1
2026-05-29,000001,14:42:30,10.9000,8,2
2026-05-29,000001,14:42:33,10.9100,179,1
2026-05-29,000001,14:42:36,10.9100,38,1
2026-05-29,000001,14:42:39,10.9000,12,2
2026-05-29,000001,14:42:42,10.9100,106,1
2026-05-29,000001,14:42:45,10.9000,75,2
2026-05-29,000001,14:42:48,10.9100,10,1
2026-05-29,000001,14:42:51,10.9000,256,2
2026-05-29,000001,14:42:54,10.9000,238,2
2026-05-29,000001,14:42:57,10.9000,65,2
2026-05-29,000001,14:43:00,10.9000,208,2
2026-05-29,000001,14:43:03,10.9100,309,1
2026-05-29,000001,14:43:06,10.9100,306,1
2026-05-29,000001,14:43:09,10.9100,2269,1
2026-05-29,000001,14:43:12,10.9100,166,1
2026-05-29,000001,14:43:15,10.9000,67,2
2026-05-29,000001,14:43:18,10.9000,41,2
2026-05-29,000001,14:43:21,10.9000,194,2
2026-05-29,000001,14:43:24,10.9100,233,1
2026-05-29,000001,14:43:27,10.9100,182,1
2026-05-29,000001,14:43:30,10.9100,65,1
2026-05-29,000001,14:43:33,10.9000,126,2
2026-05-29,000001,14:43:36,10.9000,82,2
2026-05-29,000001,14:43:39,10.9100,135,1
2026-05-29,000001,14:43:42,10.9100,120,1
2026-05-29,000001,14:43:45,10.9100,110,1
2026-05-29,000001,14:43:48,10.9000,278,2
2026-05-29,000001,14:43:51,10.9100,92,1
2026-05-29,000001,14:43:54,10.9100,107,1
2026-05-29,000001,14:43:57,10.9100,37,1
2026-05-29,000001,14:44:00,10.9100,75,1
2026-05-29,000001,14:44:03,10.9100,85,1
2026-05-29,000001,14:44:06,10.9100,72,1
2026-05-29,000001,14:44:09,10.9100,214,1
2026-05-29,000001,14:44:12,10.9000,8,2
2026-05-29,000001,14:44:15,10.9100,29,1
2026-05-29,000001,14:44:18,10.9100,196,1
2026-05-29,000001,14:44:21,10.9100,757,1
2026-05-29,000001,14:44:24,10.9100,68,1
2026-05-29,000001,14:44:27,10.9100,77,1
2026-05-29,000001,14:44:30,10.9100,130,1
2026-05-29,000001,14:44:33,10.9100,67,1
2026-05-29,000001,14:44:36,10.9100,174,1
2026-05-29,000001,14:44:39,10.9100,330,1
2026-05-29,000001,14:44:42,10.9100,290,1
2026-05-29,000001,14:44:45,10.9100,1402,1
2026-05-29,000001,14:44:48,10.9100,1190,1
2026-05-29,000001,14:44:51,10.9100,976,1
2026-05-29,000001,14:44:54,10.9100,860,1
2026-05-29,000001,14:44:57,10.9100,933,1
2026-05-29,000001,14:45:00,10.9100,320,1
2026-05-29,000001,14:45:03,10.9100,1279,1
2026-05-29,000001,14:45:06,10.9100,324,4
2026-05-29,000001,14:45:09,10.9200,595,1
2026-05-29,000001,14:45:12,10.9100,95,1
2026-05-29,000001,14:45:15,10.9100,190,1
2026-05-29,000001,14:45:18,10.9100,341,1
2026-05-29,000001,14:45:21,10.9000,260,2
2026-05-29,000001,14:45:24,10.9000,1124,2
2026-05-29,000001,14:45:27,10.9100,158,1
2026-05-29,000001,14:45:30,10.9000,59,2
2026-05-29,000001,14:45:33,10.9100,840,1
2026-05-29,000001,14:45:36,10.9100,2570,1
2026-05-29,000001,14:45:39,10.9100,293,1
2026-05-29,000001,14:45:42,10.9100,250,1
2026-05-29,000001,14:45:45,10.9000,141,2
2026-05-29,000001,14:45:48,10.9100,164,1
2026-05-29,000001,14:45:51,10.9100,100,1
2026-05-29,000001,14:45:54,10.9100,57,1
2026-05-29,000001,14:45:57,10.9100,361,1
2026-05-29,000001,14:46:00,10.9000,686,2
2026-05-29,000001,14:46:03,10.9200,681,1
2026-05-29,000001,14:46:06,10.9100,1820,2
2026-05-29,000001,14:46:09,10.9100,386,2
2026-05-29,000001,14:46:12,10.9100,779,2
2026-05-29,000001,14:46:15,10.9100,528,2
2026-05-29,000001,14:46:18,10.9100,195,1
2026-05-29,000001,14:46:21,10.9100,238,2
2026-05-29,000001,14:46:24,10.9100,117,2
2026-05-29,000001,14:46:27,10.9100,158,2
2026-05-29,000001,14:46:30,10.9200,313,1
2026-05-29,000001,14:46:33,10.9100,280,4
2026-05-29,000001,14:46:36,10.9100,241,1
2026-05-29,000001,14:46:39,10.9100,110,2
2026-05-29,000001,14:46:42,10.9100,427,2
2026-05-29,000001,14:46:45,10.9100,239,2
2026-05-29,000001,14:46:48,10.9100,175,1
2026-05-29,000001,14:46:51,10.9100,59,1
2026-05-29,000001,14:46:54,10.9100,143,1
2026-05-29,000001,14:46:57,10.9100,27,2
2026-05-29,000001,14:47:00,10.9100,261,2
2026-05-29,000001,14:47:03,10.9100,397,2
2026-05-29,000001,14:47:06,10.9100,159,2
2026-05-29,000001,14:47:09,10.9100,68,1
2026-05-29,000001,14:47:12,10.9100,71,1
2026-05-29,000001,14:47:15,10.9000,91,2
2026-05-29,000001,14:47:18,10.9100,175,1
2026-05-29,000001,14:47:21,10.9100,91,1
2026-05-29,000001,14:47:24,10.9000,41,2
2026-05-29,000001,14:47:27,10.9000,13,2
2026-05-29,000001,14:47:30,10.9000,50,2
2026-05-29,000001,14:47:33,10.9000,176,2
2026-05-29,000001,14:47:36,10.9100,63,1
2026-05-29,000001,14:47:39,10.9000,27,2
2026-05-29,000001,14:47:42,10.9100,62,1
2026-05-29,000001,14:47:45,10.9000,26,2
2026-05-29,000001,14:47:48,10.9100,151,1
2026-05-29,000001,14:47:51,10.9000,13,2
2026-05-29,000001,14:47:54,10.9000,495,2
2026-05-29,000001,14:47:57,10.9000,81,2
2026-05-29,000001,14:48:03,10.9000,325,2
2026-05-29,000001,14:48:06,10.9100,45,1
2026-05-29,000001,14:48:09,10.9000,234,2
2026-05-29,000001,14:48:12,10.9000,160,2
2026-05-29,000001,14:48:15,10.9100,200,1
2026-05-29,000001,14:48:18,10.9100,181,1
2026-05-29,000001,14:48:21,10.9000,219,2
2026-05-29,000001,14:48:24,10.9100,58,1
2026-05-29,000001,14:48:27,10.9100,53,1
2026-05-29,000001,14:48:30,10.9000,30,2
2026-05-29,000001,14:48:33,10.9100,124,1
2026-05-29,000001,14:48:36,10.9100,46,1
2026-05-29,000001,14:48:39,10.9100,112,1
2026-05-29,000001,14:48:42,10.9100,618,1
2026-05-29,000001,14:48:45,10.9100,285,1
2026-05-29,000001,14:48:48,10.9000,134,2
2026-05-29,000001,14:48:51,10.9000,62,2
2026-05-29,000001,14:48:54,10.9100,112,1
2026-05-29,000001,14:48:57,10.9100,119,1
2026-05-29,000001,14:49:00,10.9100,170,1
2026-05-29,000001,14:49:03,10.9000,387,2
2026-05-29,000001,14:49:06,10.9100,72,1
2026-05-29,000001,14:49:09,10.9000,136,2
2026-05-29,000001,14:49:12,10.9100,98,1
2026-05-29,000001,14:49:15,10.9100,87,1
2026-05-29,000001,14:49:18,10.9000,322,2
2026-05-29,000001,14:49:21,10.9100,108,1
2026-05-29,000001,14:49:24,10.9100,687,1
2026-05-29,000001,14:49:27,10.9100,349,1
2026-05-29,000001,14:49:30,10.9100,194,1
2026-05-29,000001,14:49:33,10.9000,227,2
2026-05-29,000001,14:49:36,10.9100,239,1
2026-05-29,000001,14:49:39,10.9100,1065,1
2026-05-29,000001,14:49:42,10.9100,544,1
2026-05-29,000001,14:49:45,10.9100,2927,1
2026-05-29,000001,14:49:48,10.9000,2448,2
2026-05-29,000001,14:49:51,10.9100,233,1
2026-05-29,000001,14:49:54,10.9100,92,1
2026-05-29,000001,14:49:57,10.9100,106,1
2026-05-29,000001,14:50:00,10.9100,473,1
2026-05-29,000001,14:50:03,10.9100,318,1
2026-05-29,000001,14:50:06,10.9100,256,1
2026-05-29,000001,14:50:09,10.9100,869,1
2026-05-29,000001,14:50:12,10.9000,294,2
2026-05-29,000001,14:50:15,10.9100,1523,1
2026-05-29,000001,14:50:18,10.9100,822,1
2026-05-29,000001,14:50:21,10.9100,152,1
2026-05-29,000001,14:50:24,10.9100,230,1
2026-05-29,000001,14:50:27,10.9100,124,1
2026-05-29,000001,14:50:30,10.9100,53,1
2026-05-29,000001,14:50:33,10.9100,1797,1
2026-05-29,000001,14:50:36,10.9200,784,1
2026-05-29,000001,14:50:39,10.9100,133,2
2026-05-29,000001,14:50:42,10.9100,21,2
2026-05-29,000001,14:50:45,10.9200,89,1
2026-05-29,000001,14:50:48,10.9100,387,2
2026-05-29,000001,14:50:51,10.9100,118,2
2026-05-29,000001,14:50:54,10.9100,69,2
2026-05-29,000001,14:50:57,10.9100,168,2
2026-05-29,000001,14:51:00,10.9100,73,2
2026-05-29,000001,14:51:03,10.9100,684,2
2026-05-29,000001,14:51:06,10.9100,280,2
2026-05-29,000001,14:51:09,10.9100,165,2
2026-05-29,000001,14:51:12,10.9200,174,1
2026-05-29,000001,14:51:15,10.9100,3155,2
2026-05-29,000001,14:51:18,10.9100,695,2
2026-05-29,000001,14:51:21,10.9100,1991,2
2026-05-29,000001,14:51:24,10.9200,220,1
2026-05-29,000001,14:51:27,10.9200,323,1
2026-05-29,000001,14:51:30,10.9100,396,2
2026-05-29,000001,14:51:33,10.9200,195,1
2026-05-29,000001,14:51:36,10.9200,214,1
2026-05-29,000001,14:51:39,10.9100,104,2
2026-05-29,000001,14:51:42,10.9100,54,2
2026-05-29,000001,14:51:45,10.9200,2141,1
2026-05-29,000001,14:51:48,10.9200,630,1
2026-05-29,000001,14:51:51,10.9100,111,2
2026-05-29,000001,14:51:54,10.9200,44,1
2026-05-29,000001,14:51:57,10.9200,107,1
2026-05-29,000001,14:52:00,10.9200,1036,1
2026-05-29,000001,14:52:03,10.9100,914,2
2026-05-29,000001,14:52:06,10.9200,437,1
2026-05-29,000001,14:52:09,10.9200,35,1
2026-05-29,000001,14:52:12,10.9200,176,1
2026-05-29,000001,14:52:15,10.9100,621,2
2026-05-29,000001,14:52:18,10.9200,566,1
2026-05-29,000001,14:52:21,10.9200,374,1
2026-05-29,000001,14:52:24,10.9200,431,1
2026-05-29,000001,14:52:27,10.9200,183,1
2026-05-29,000001,14:52:30,10.9100,160,2
2026-05-29,000001,14:52:33,10.9100,58,2
2026-05-29,000001,14:52:36,10.9200,110,1
2026-05-29,000001,14:52:39,10.9200,142,1
2026-05-29,000001,14:52:42,10.9100,40,2
2026-05-29,000001,14:52:45,10.9100,114,2
2026-05-29,000001,14:52:48,10.9200,5570,1
2026-05-29,000001,14:52:51,10.9200,566,1
2026-05-29,000001,14:52:54,10.9200,2706,1
2026-05-29,000001,14:52:57,10.9100,190,2
2026-05-29,000001,14:53:00,10.9200,114,1
2026-05-29,000001,14:53:03,10.9100,367,2
2026-05-29,000001,14:53:06,10.9200,112,1
2026-05-29,000001,14:53:09,10.9200,484,1
2026-05-29,000001,14:53:12,10.9200,308,1
2026-05-29,000001,14:53:15,10.9100,64,2
2026-05-29,000001,14:53:18,10.9200,419,1
2026-05-29,000001,14:53:21,10.9200,59,1
2026-05-29,000001,14:53:24,10.9100,19,2
2026-05-29,000001,14:53:27,10.9200,133,1
2026-05-29,000001,14:53:30,10.9200,205,1
2026-05-29,000001,14:53:33,10.9200,141,1
2026-05-29,000001,14:53:36,10.9200,50,1
2026-05-29,000001,14:53:39,10.9100,409,2
2026-05-29,000001,14:53:42,10.9100,708,2
2026-05-29,000001,14:53:45,10.9100,1176,2
2026-05-29,000001,14:53:48,10.9100,165,2
2026-05-29,000001,14:53:51,10.9100,833,2
2026-05-29,000001,14:53:54,10.9200,1002,1
2026-05-29,000001,14:53:57,10.9200,150,1
2026-05-29,000001,14:54:00,10.9100,183,2
2026-05-29,000001,14:54:03,10.9200,2408,1
2026-05-29,000001,14:54:06,10.9200,118,1
2026-05-29,000001,14:54:09,10.9100,171,2
2026-05-29,000001,14:54:12,10.9100,40,2
2026-05-29,000001,14:54:15,10.9200,72,1
2026-05-29,000001,14:54:18,10.9200,131,1
2026-05-29,000001,14:54:21,10.9200,102,1
2026-05-29,000001,14:54:24,10.9200,18,1
2026-05-29,000001,14:54:27,10.9200,112,1
2026-05-29,000001,14:54:30,10.9200,126,1
2026-05-29,000001,14:54:33,10.9200,530,1
2026-05-29,000001,14:54:36,10.9100,245,2
2026-05-29,000001,14:54:39,10.9200,103,1
2026-05-29,000001,14:54:42,10.9200,152,1
2026-05-29,000001,14:54:45,10.9100,18,2
2026-05-29,000001,14:54:48,10.9200,347,1
2026-05-29,000001,14:54:51,10.9100,132,2
2026-05-29,000001,14:54:54,10.9100,781,2
2026-05-29,000001,14:54:57,10.9100,82,2
2026-05-29,000001,14:55:00,10.9200,1037,1
2026-05-29,000001,14:55:03,10.9200,302,1
2026-05-29,000001,14:55:06,10.9100,207,2
2026-05-29,000001,14:55:09,10.9100,111,2
2026-05-29,000001,14:55:12,10.9100,370,2
2026-05-29,000001,14:55:15,10.9200,37,1
2026-05-29,000001,14:55:18,10.9100,1036,2
2026-05-29,000001,14:55:21,10.9100,364,2
2026-05-29,000001,14:55:24,10.9100,42,2
2026-05-29,000001,14:55:27,10.9100,60,2
2026-05-29,000001,14:55:30,10.9200,202,1
2026-05-29,000001,14:55:33,10.9100,90,2
2026-05-29,000001,14:55:36,10.9100,172,2
2026-05-29,000001,14:55:39,10.9100,605,2
2026-05-29,000001,14:55:42,10.9100,197,2
2026-05-29,000001,14:55:45,10.9200,270,1
2026-05-29,000001,14:55:48,10.9100,80,2
2026-05-29,000001,14:55:51,10.9200,115,1
2026-05-29,000001,14:55:54,10.9100,174,2
2026-05-29,000001,14:55:57,10.9100,49,2
2026-05-29,000001,14:56:00,10.9200,77,1
2026-05-29,000001,14:56:03,10.9200,2985,1
2026-05-29,000001,14:56:06,10.9200,63,2
2026-05-29,000001,14:56:09,10.9200,319,2
2026-05-29,000001,14:56:12,10.9100,130,2
2026-05-29,000001,14:56:15,10.9200,113,1
2026-05-29,000001,14:56:18,10.9200,76,1
2026-05-29,000001,14:56:21,10.9200,288,1
2026-05-29,000001,14:56:24,10.9100,83,2
2026-05-29,000001,14:56:27,10.9200,328,1
2026-05-29,000001,14:56:30,10.9100,399,2
2026-05-29,000001,14:56:33,10.9200,227,1
2026-05-29,000001,14:56:36,10.9200,329,1
2026-05-29,000001,14:56:39,10.9200,548,1
2026-05-29,000001,14:56:42,10.9200,172,1
2026-05-29,000001,14:56:45,10.9200,36,2
2026-05-29,000001,14:56:48,10.9200,102,1
2026-05-29,000001,14:56:51,10.9200,195,2
2026-05-29,000001,14:56:54,10.9300,148,1
2026-05-29,000001,14:56:57,10.9300,385,1
2026-05-29,000001,14:57:00,10.9300,155,1
2026-05-29,000001,15:00:01,10.9300,121151,4
2026-05-29,000001,13:14:39,10.8500,517,1
2026-05-29,000001,13:14:42,10.8500,68,1
2026-05-29,000001,13:14:45,10.8500,26,1
2026-05-29,000001,13:14:48,10.8500,26,1
2026-05-29,000001,13:14:54,10.8500,20,1
2026-05-29,000001,13:15:00,10.8500,20,1
2026-05-29,000001,13:15:06,10.8500,54,1
2026-05-29,000001,13:15:09,10.8400,62,2
2026-05-29,000001,13:15:12,10.8500,4,1
2026-05-29,000001,13:15:15,10.8500,129,1
2026-05-29,000001,13:15:18,10.8400,118,2
2026-05-29,000001,13:15:21,10.8500,359,1
2026-05-29,000001,13:15:24,10.8400,40,2
2026-05-29,000001,13:15:27,10.8500,62,1
2026-05-29,000001,13:15:30,10.8500,11,1
2026-05-29,000001,13:15:33,10.8500,563,1
2026-05-29,000001,13:15:36,10.8500,34,1
2026-05-29,000001,13:15:39,10.8400,54,2
2026-05-29,000001,13:15:42,10.8500,156,1
2026-05-29,000001,13:15:45,10.8500,116,2
2026-05-29,000001,13:15:48,10.8500,37,2
2026-05-29,000001,13:15:51,10.8500,2,2
2026-05-29,000001,13:15:54,10.8500,110,2
2026-05-29,000001,13:15:57,10.8500,80,2
2026-05-29,000001,13:16:00,10.8500,16,2
2026-05-29,000001,13:16:03,10.8500,66,2
2026-05-29,000001,13:16:06,10.8500,20,2
2026-05-29,000001,13:16:09,10.8500,67,2
2026-05-29,000001,13:16:12,10.8500,119,2
2026-05-29,000001,13:16:15,10.8500,73,2
2026-05-29,000001,13:16:21,10.8500,135,2
2026-05-29,000001,13:16:24,10.8500,86,2
2026-05-29,000001,13:16:27,10.8600,68,1
2026-05-29,000001,13:16:30,10.8500,60,2
2026-05-29,000001,13:16:33,10.8500,51,2
2026-05-29,000001,13:16:36,10.8500,65,2
2026-05-29,000001,13:16:39,10.8600,19,1
2026-05-29,000001,13:16:42,10.8500,19,2
2026-05-29,000001,13:16:45,10.8500,40,2
2026-05-29,000001,13:16:48,10.8500,29,2
2026-05-29,000001,13:16:51,10.8500,64,2
2026-05-29,000001,13:16:54,10.8500,15,2
2026-05-29,000001,13:16:57,10.8500,29,2
2026-05-29,000001,13:17:00,10.8500,8,2
2026-05-29,000001,13:17:03,10.8600,37,1
2026-05-29,000001,13:17:06,10.8600,128,1
2026-05-29,000001,13:17:09,10.8600,28,1
2026-05-29,000001,13:17:12,10.8600,55,1
2026-05-29,000001,13:17:15,10.8500,42,2
2026-05-29,000001,13:17:18,10.8600,10,1
2026-05-29,000001,13:17:21,10.8500,10,2
2026-05-29,000001,13:17:24,10.8500,28,2
2026-05-29,000001,13:17:27,10.8500,16,2
2026-05-29,000001,13:17:30,10.8500,9,2
2026-05-29,000001,13:17:33,10.8600,120,1
2026-05-29,000001,13:17:36,10.8500,22,2
2026-05-29,000001,13:17:39,10.8500,105,2
2026-05-29,000001,13:17:42,10.8500,28,2
2026-05-29,000001,13:17:45,10.8500,311,2
2026-05-29,000001,13:17:48,10.8500,119,2
2026-05-29,000001,13:17:51,10.8500,61,2
2026-05-29,000001,13:17:54,10.8500,122,2
2026-05-29,000001,13:17:57,10.8500,25,2
2026-05-29,000001,13:18:00,10.8500,50,2
2026-05-29,000001,13:18:03,10.8500,13,2
2026-05-29,000001,13:18:06,10.8500,99,2
2026-05-29,000001,13:18:09,10.8500,90,2
2026-05-29,000001,13:18:12,10.8600,13,1
2026-05-29,000001,13:18:15,10.8600,14,1
2026-05-29,000001,13:18:18,10.8500,1829,2
2026-05-29,000001,13:18:21,10.8500,23,2
2026-05-29,000001,13:18:24,10.8600,141,1
2026-05-29,000001,13:18:27,10.8600,24,1
2026-05-29,000001,13:18:30,10.8600,108,1
2026-05-29,000001,13:18:33,10.8600,171,1
2026-05-29,000001,13:18:36,10.8600,7,1
2026-05-29,000001,13:18:39,10.8600,109,1
2026-05-29,000001,13:18:42,10.8600,30,1
2026-05-29,000001,13:18:45,10.8600,31,1
2026-05-29,000001,13:18:48,10.8500,16,2
2026-05-29,000001,13:18:51,10.8500,46,2
2026-05-29,000001,13:18:54,10.8500,1012,2
2026-05-29,000001,13:18:57,10.8500,82,2
2026-05-29,000001,13:19:00,10.8600,87,1
2026-05-29,000001,13:19:09,10.8600,13,1
2026-05-29,000001,13:19:15,10.8600,10,1
2026-05-29,000001,13:19:18,10.8600,21,1
2026-05-29,000001,13:19:21,10.8500,1018,2
2026-05-29,000001,13:19:27,10.8600,24,1
2026-05-29,000001,13:19:30,10.8500,63,2
2026-05-29,000001,13:19:33,10.8600,62,1
2026-05-29,000001,13:19:36,10.8600,53,1
2026-05-29,000001,13:19:39,10.8500,25,2
2026-05-29,000001,13:19:42,10.8500,9,2
2026-05-29,000001,13:19:48,10.8500,40,2
2026-05-29,000001,13:19:54,10.8500,1,2
2026-05-29,000001,13:19:57,10.8500,87,2
2026-05-29,000001,13:20:00,10.8600,15,1
2026-05-29,000001,13:20:03,10.8500,81,2
2026-05-29,000001,13:20:06,10.8600,30,1
2026-05-29,000001,13:20:09,10.8600,30,1
2026-05-29,000001,13:20:12,10.8500,55,2
2026-05-29,000001,13:20:15,10.8600,51,1
2026-05-29,000001,13:20:18,10.8500,25,2
2026-05-29,000001,13:20:24,10.8600,47,1
2026-05-29,000001,13:20:27,10.8600,285,1
2026-05-29,000001,13:20:30,10.8600,6646,1
2026-05-29,000001,13:20:33,10.8600,146,2
2026-05-29,000001,13:20:36,10.8600,65,2
2026-05-29,000001,13:20:39,10.8600,234,2
2026-05-29,000001,13:20:42,10.8600,63,2
2026-05-29,000001,13:20:45,10.8600,241,2
2026-05-29,000001,13:20:48,10.8600,100,2
2026-05-29,000001,13:20:51,10.8700,115,1
2026-05-29,000001,13:20:54,10.8600,105,2
2026-05-29,000001,13:20:57,10.8600,1165,2
2026-05-29,000001,13:21:00,10.8600,209,1
2026-05-29,000001,13:21:03,10.8600,71,1
2026-05-29,000001,13:21:06,10.8600,17,2
2026-05-29,000001,13:21:09,10.8700,35,1
2026-05-29,000001,13:21:15,10.8600,10,2
2026-05-29,000001,13:21:18,10.8600,31,2
2026-05-29,000001,13:21:21,10.8600,48,2
2026-05-29,000001,13:21:24,10.8600,23,2
2026-05-29,000001,13:21:27,10.8600,236,2
2026-05-29,000001,13:21:30,10.8700,131,1
2026-05-29,000001,13:21:33,10.8700,2175,1
2026-05-29,000001,13:21:36,10.8800,9780,1
2026-05-29,000001,13:21:39,10.8800,233,1
2026-05-29,000001,13:21:42,10.8700,34,2
2026-05-29,000001,13:21:45,10.8700,261,2
2026-05-29,000001,13:21:48,10.8700,265,2
2026-05-29,000001,13:21:51,10.8800,147,1
2026-05-29,000001,13:21:54,10.8700,1021,2
2026-05-29,000001,13:21:57,10.8700,658,2
2026-05-29,000001,13:22:00,10.8800,43,1
2026-05-29,000001,13:22:03,10.8700,24,2
2026-05-29,000001,13:22:06,10.8800,14,1
2026-05-29,000001,13:22:09,10.8800,2,1
2026-05-29,000001,13:22:12,10.8800,85,1
2026-05-29,000001,13:22:15,10.8800,174,1
2026-05-29,000001,13:22:18,10.8700,87,2
2026-05-29,000001,13:22:21,10.8800,16,1
2026-05-29,000001,13:22:24,10.8700,761,2
2026-05-29,000001,13:22:27,10.8800,1118,1
2026-05-29,000001,13:22:30,10.8700,60,2
2026-05-29,000001,13:22:33,10.8700,153,2
2026-05-29,000001,13:22:36,10.8700,237,2
2026-05-29,000001,13:22:39,10.8700,41,2
2026-05-29,000001,13:22:42,10.8700,151,2
2026-05-29,000001,13:22:45,10.8700,297,1
2026-05-29,000001,13:22:48,10.8600,89,2
2026-05-29,000001,13:22:51,10.8700,10,1
2026-05-29,000001,13:22:57,10.8700,406,1
2026-05-29,000001,13:23:00,10.8700,155,2
2026-05-29,000001,13:23:03,10.8700,24,2
2026-05-29,000001,13:23:06,10.8700,76,2
2026-05-29,000001,13:23:09,10.8700,31,2
2026-05-29,000001,13:23:12,10.8800,297,1
2026-05-29,000001,13:23:15,10.8700,128,2
2026-05-29,000001,13:23:18,10.8700,6,2
2026-05-29,000001,13:23:21,10.8700,101,2
2026-05-29,000001,13:23:24,10.8700,20,2
2026-05-29,000001,13:23:27,10.8800,83,1
2026-05-29,000001,13:23:30,10.8700,5,2
2026-05-29,000001,13:23:33,10.8800,81,1
2026-05-29,000001,13:23:36,10.8700,134,2
2026-05-29,000001,13:23:39,10.8700,124,2
2026-05-29,000001,13:23:42,10.8700,4,2
2026-05-29,000001,13:23:45,10.8800,535,1
2026-05-29,000001,13:23:48,10.8700,104,2
2026-05-29,000001,13:23:51,10.8700,1001,2
2026-05-29,000001,13:23:54,10.8700,83,2
2026-05-29,000001,13:23:57,10.8700,1,2
2026-05-29,000001,13:24:00,10.8700,249,2
2026-05-29,000001,13:24:03,10.8700,27,2
2026-05-29,000001,13:24:06,10.8700,16,2
2026-05-29,000001,13:24:09,10.8700,82,2
2026-05-29,000001,13:24:12,10.8700,18,2
2026-05-29,000001,13:24:15,10.8700,28,2
2026-05-29,000001,13:24:18,10.8800,56,1
2026-05-29,000001,13:24:21,10.8700,114,2
2026-05-29,000001,13:24:24,10.8700,7,2
2026-05-29,000001,13:24:27,10.8800,5,1
2026-05-29,000001,13:24:33,10.8800,121,1
2026-05-29,000001,13:24:36,10.8800,104,1
2026-05-29,000001,13:24:39,10.8800,22,1
2026-05-29,000001,13:24:42,10.8700,24,2
2026-05-29,000001,13:24:45,10.8700,16,2
2026-05-29,000001,13:24:48,10.8700,18,2
2026-05-29,000001,13:24:51,10.8700,103,2
2026-05-29,000001,13:24:54,10.8700,146,2
2026-05-29,000001,13:24:57,10.8800,55,1
2026-05-29,000001,13:25:00,10.8700,20,2
2026-05-29,000001,13:25:03,10.8800,74,1
2026-05-29,000001,13:25:06,10.8800,32,1
2026-05-29,000001,13:25:09,10.8800,50,1
2026-05-29,000001,13:25:12,10.8800,112,1
2026-05-29,000001,13:25:15,10.8700,46,2
2026-05-29,000001,13:25:18,10.8700,389,2
2026-05-29,000001,13:25:21,10.8700,112,2
2026-05-29,000001,13:25:24,10.8700,1331,2
2026-05-29,000001,13:25:27,10.8700,1392,2
2026-05-29,000001,13:25:30,10.8700,521,2
2026-05-29,000001,13:25:33,10.8700,786,2
2026-05-29,000001,13:25:36,10.8700,472,2
2026-05-29,000001,13:25:39,10.8700,1325,2
2026-05-29,000001,13:25:42,10.8700,191,1
2026-05-29,000001,13:25:45,10.8700,103,4
2026-05-29,000001,13:25:48,10.8700,53,2
2026-05-29,000001,13:25:51,10.8700,258,2
2026-05-29,000001,13:25:54,10.8800,25,1
2026-05-29,000001,13:25:57,10.8800,12,1
2026-05-29,000001,13:26:00,10.8700,40,2
2026-05-29,000001,13:26:03,10.8700,17,2
2026-05-29,000001,13:26:06,10.8700,46,2
2026-05-29,000001,13:26:09,10.8700,96,2
2026-05-29,000001,13:26:12,10.8700,47,2
2026-05-29,000001,13:26:15,10.8800,76,1
2026-05-29,000001,13:26:18,10.8700,232,2
2026-05-29,000001,13:26:21,10.8800,93,1
2026-05-29,000001,13:26:24,10.8800,254,1
2026-05-29,000001,13:26:27,10.8700,185,2
2026-05-29,000001,13:26:30,10.8700,33,2
2026-05-29,000001,13:26:33,10.8800,89,1
2026-05-29,000001,13:26:36,10.8800,65,1
2026-05-29,000001,13:26:39,10.8700,270,2
2026-05-29,000001,13:26:42,10.8800,98,1
2026-05-29,000001,13:26:45,10.8700,79,2
2026-05-29,000001,13:26:48,10.8700,13,2
2026-05-29,000001,13:26:54,10.8700,173,2
2026-05-29,000001,13:26:57,10.8700,23,2
2026-05-29,000001,13:27:00,10.8700,32,2
2026-05-29,000001,13:27:03,10.8700,58,2
2026-05-29,000001,13:27:06,10.8700,1097,2
2026-05-29,000001,13:27:12,10.8700,27,2
2026-05-29,000001,13:27:15,10.8700,32,2
2026-05-29,000001,13:27:21,10.8700,27,2
2026-05-29,000001,13:27:24,10.8700,16,2
2026-05-29,000001,13:27:27,10.8700,97,2
2026-05-29,000001,13:27:30,10.8700,2368,2
2026-05-29,000001,13:27:33,10.8700,134,2
2026-05-29,000001,13:27:36,10.8700,13,2
2026-05-29,000001,13:27:39,10.8700,36,2
2026-05-29,000001,13:27:42,10.8700,21,2
2026-05-29,000001,13:27:45,10.8800,93,1
2026-05-29,000001,13:27:48,10.8800,36,1
2026-05-29,000001,13:27:51,10.8700,25,2
2026-05-29,000001,13:27:54,10.8700,129,2
2026-05-29,000001,13:27:57,10.8800,51,1
2026-05-29,000001,13:28:00,10.8700,8,2
2026-05-29,000001,13:28:03,10.8700,74,2
2026-05-29,000001,13:28:06,10.8700,229,2
2026-05-29,000001,13:28:09,10.8800,9496,1
2026-05-29,000001,13:28:12,10.8700,327,2
2026-05-29,000001,13:28:15,10.8700,22,2
2026-05-29,000001,13:28:18,10.8700,67,2
2026-05-29,000001,13:28:21,10.8700,899,2
2026-05-29,000001,13:28:24,10.8800,4248,1
2026-05-29,000001,13:28:27,10.8700,82,2
2026-05-29,000001,13:28:30,10.8800,118,1
2026-05-29,000001,13:28:33,10.8800,352,1
2026-05-29,000001,13:28:36,10.8700,280,2
2026-05-29,000001,13:28:39,10.8800,45,1
2026-05-29,000001,13:28:42,10.8800,122,1
2026-05-29,000001,13:28:45,10.8800,27,1
2026-05-29,000001,13:28:48,10.8700,102,2
2026-05-29,000001,13:28:51,10.8700,30,2
2026-05-29,000001,13:28:54,10.8700,62,2
2026-05-29,000001,13:28:57,10.8800,59,1
2026-05-29,000001,13:29:00,10.8800,98,1
2026-05-29,000001,13:29:03,10.8700,17,2
2026-05-29,000001,13:29:06,10.8800,148,1
2026-05-29,000001,13:29:09,10.8800,2038,1
2026-05-29,000001,13:29:12,10.8800,210,2
2026-05-29,000001,13:29:15,10.8800,78,2
2026-05-29,000001,13:29:18,10.8800,165,2
2026-05-29,000001,13:29:21,10.8800,36,2
2026-05-29,000001,13:29:24,10.8800,85,2
2026-05-29,000001,13:29:27,10.8800,83,2
2026-05-29,000001,13:29:30,10.8800,120,2
2026-05-29,000001,13:29:33,10.8800,1977,2
2026-05-29,000001,13:29:36,10.8700,433,2
2026-05-29,000001,13:29:39,10.8800,610,1
2026-05-29,000001,13:29:42,10.8800,162,1
2026-05-29,000001,13:29:48,10.8700,106,2
2026-05-29,000001,13:29:51,10.8700,39,2
2026-05-29,000001,13:29:57,10.8700,20,2
2026-05-29,000001,13:30:00,10.8800,183,1
2026-05-29,000001,13:30:03,10.8800,72,1
2026-05-29,000001,13:30:06,10.8800,33,1
2026-05-29,000001,13:30:09,10.8700,184,2
2026-05-29,000001,13:30:12,10.8700,17,2
2026-05-29,000001,13:30:15,10.8800,1158,1
2026-05-29,000001,13:30:18,10.8800,600,1
2026-05-29,000001,13:30:21,10.8800,524,1
2026-05-29,000001,13:30:24,10.8800,255,1
2026-05-29,000001,13:30:27,10.8900,130,1
2026-05-29,000001,13:30:30,10.8900,206,1
2026-05-29,000001,13:30:33,10.8800,193,2
2026-05-29,000001,13:30:36,10.8900,141,1
2026-05-29,000001,13:30:39,10.8800,105,2
2026-05-29,000001,13:30:42,10.8900,94,1
2026-05-29,000001,13:30:45,10.8900,143,1
2026-05-29,000001,13:30:48,10.8800,141,2
2026-05-29,000001,13:30:51,10.8900,8,1
2026-05-29,000001,13:30:54,10.8800,31,2
2026-05-29,000001,13:30:57,10.8800,122,2
2026-05-29,000001,13:31:00,10.8800,423,2
2026-05-29,000001,13:31:03,10.8800,382,2
2026-05-29,000001,13:31:06,10.8900,40,1
2026-05-29,000001,13:31:09,10.8800,60,2
2026-05-29,000001,13:31:12,10.8900,13,1
2026-05-29,000001,13:31:15,10.8800,74,2
2026-05-29,000001,13:31:18,10.8800,172,2
2026-05-29,000001,13:31:21,10.8900,73,1
2026-05-29,000001,13:31:24,10.8900,42,1
2026-05-29,000001,13:31:27,10.8900,334,1
2026-05-29,000001,13:31:30,10.8900,12081,1
2026-05-29,000001,13:31:33,10.9000,1149,1
2026-05-29,000001,13:31:36,10.9000,261,1
2026-05-29,000001,13:31:39,10.8900,289,2
2026-05-29,000001,13:31:42,10.9000,123,1
2026-05-29,000001,13:31:45,10.8900,291,2
2026-05-29,000001,13:31:48,10.9000,11,1
2026-05-29,000001,13:31:51,10.9000,167,1
2026-05-29,000001,13:31:54,10.9000,110,1
2026-05-29,000001,13:31:57,10.9000,106,1
2026-05-29,000001,13:32:00,10.9000,373,1
2026-05-29,000001,13:32:03,10.8900,96,2
2026-05-29,000001,13:32:06,10.9000,165,1
2026-05-29,000001,13:32:09,10.9000,59,1
2026-05-29,000001,13:32:12,10.8900,9,2
2026-05-29,000001,13:32:15,10.8900,18,2
2026-05-29,000001,13:32:18,10.9000,154,1
2026-05-29,000001,13:32:21,10.9000,577,1
2026-05-29,000001,13:32:24,10.8900,90,2
2026-05-29,000001,13:32:27,10.9000,39,1
2026-05-29,000001,13:32:30,10.9000,64,1
2026-05-29,000001,13:32:33,10.8900,100,2
2026-05-29,000001,13:32:36,10.9000,23,1
2026-05-29,000001,13:32:39,10.8900,21,2
2026-05-29,000001,13:32:42,10.8900,589,2
2026-05-29,000001,13:32:45,10.8900,208,2
2026-05-29,000001,13:32:48,10.8900,1227,2
2026-05-29,000001,13:32:51,10.8900,726,2
2026-05-29,000001,13:32:54,10.8900,184,2
2026-05-29,000001,13:32:57,10.8900,156,2
2026-05-29,000001,13:33:00,10.8900,135,2
2026-05-29,000001,13:33:03,10.8900,646,2
2026-05-29,000001,13:33:06,10.8900,313,2
2026-05-29,000001,13:33:09,10.8900,335,2
2026-05-29,000001,13:33:12,10.8900,345,1
2026-05-29,000001,13:33:15,10.8900,89,1
2026-05-29,000001,13:33:18,10.8900,35,1
2026-05-29,000001,13:33:21,10.8900,184,1
2026-05-29,000001,13:33:24,10.8900,217,1
2026-05-29,000001,13:33:27,10.8900,39,1
2026-05-29,000001,13:33:30,10.8900,171,1
2026-05-29,000001,13:33:33,10.8900,180,1
2026-05-29,000001,13:33:36,10.8900,145,1
2026-05-29,000001,13:33:39,10.8900,4,1
2026-05-29,000001,13:33:42,10.8900,38,1
2026-05-29,000001,13:33:45,10.8800,1,2
2026-05-29,000001,13:33:48,10.8900,670,1
2026-05-29,000001,13:33:51,10.8900,11,1
2026-05-29,000001,13:33:54,10.8900,146,1
2026-05-29,000001,13:33:57,10.8800,1,2
2026-05-29,000001,13:34:00,10.8900,17,1
2026-05-29,000001,13:34:03,10.8900,52,1
2026-05-29,000001,13:34:06,10.8900,1171,1
2026-05-29,000001,13:34:09,10.8900,182,2
2026-05-29,000001,13:34:12,10.8900,17,2
2026-05-29,000001,13:34:15,10.8900,19,2
2026-05-29,000001,13:34:18,10.8900,538,2
2026-05-29,000001,13:34:21,10.8900,67,2
2026-05-29,000001,13:34:24,10.8900,21,2
2026-05-29,000001,13:34:30,10.9000,35,1
2026-05-29,000001,13:34:33,10.8900,328,2
2026-05-29,000001,13:34:36,10.8900,39,2
2026-05-29,000001,13:34:39,10.9000,183,1
2026-05-29,000001,13:34:42,10.8900,115,2
2026-05-29,000001,13:34:45,10.9000,321,1
2026-05-29,000001,13:34:48,10.9000,220,1
2026-05-29,000001,13:34:51,10.8900,41,2
2026-05-29,000001,13:34:54,10.9000,58,1
2026-05-29,000001,13:34:57,10.8900,79,2
2026-05-29,000001,13:35:00,10.9000,227,1
2026-05-29,000001,13:35:03,10.8900,44,2
2026-05-29,000001,13:35:06,10.9000,26,1
2026-05-29,000001,13:35:09,10.9000,2,1
2026-05-29,000001,13:35:12,10.8900,59,2
2026-05-29,000001,13:35:15,10.8900,6,2
2026-05-29,000001,13:35:18,10.8900,49,2
2026-05-29,000001,13:35:21,10.8900,1043,2
2026-05-29,000001,13:35:24,10.8900,319,2
2026-05-29,000001,13:35:27,10.9000,50,1
2026-05-29,000001,13:35:30,10.8900,1096,2
2026-05-29,000001,13:35:33,10.8900,1041,2
2026-05-29,000001,13:35:36,10.8900,70,2
2026-05-29,000001,13:35:39,10.8900,9,2
2026-05-29,000001,13:35:42,10.9000,60,1
2026-05-29,000001,13:35:45,10.9000,57,1
2026-05-29,000001,13:35:48,10.8900,162,2
2026-05-29,000001,13:35:51,10.9000,206,1
2026-05-29,000001,13:35:54,10.8900,37,2
2026-05-29,000001,13:35:57,10.8900,49,2
2026-05-29,000001,13:36:00,10.8900,495,2
2026-05-29,000001,13:36:03,10.8900,41,2
2026-05-29,000001,13:36:06,10.8900,22,2
2026-05-29,000001,13:36:09,10.8900,53,2
2026-05-29,000001,13:36:12,10.9000,85,1
2026-05-29,000001,13:36:15,10.8900,599,2
2026-05-29,000001,13:36:18,10.8900,154,2
2026-05-29,000001,13:36:21,10.8900,251,2
2026-05-29,000001,13:36:24,10.8900,371,2
2026-05-29,000001,13:36:27,10.8900,213,1
2026-05-29,000001,13:36:30,10.9000,370,1
2026-05-29,000001,13:36:33,10.8900,25,2
2026-05-29,000001,13:36:36,10.8900,66,2
2026-05-29,000001,13:36:39,10.8900,153,2
2026-05-29,000001,13:36:42,10.8900,866,1
2026-05-29,000001,13:36:45,10.8900,108,1
2026-05-29,000001,13:36:48,10.8900,122,1
2026-05-29,000001,13:36:51,10.8900,38,1
2026-05-29,000001,13:36:54,10.8900,32,1
2026-05-29,000001,13:36:57,10.8900,43,1
2026-05-29,000001,13:37:00,10.8900,385,1
2026-05-29,000001,13:37:03,10.8800,7,2
2026-05-29,000001,13:37:06,10.8800,42,2
2026-05-29,000001,13:37:09,10.8800,8,2
2026-05-29,000001,13:37:12,10.8900,56,1
2026-05-29,000001,13:37:15,10.8900,21,1
2026-05-29,000001,13:37:18,10.8800,47,2
2026-05-29,000001,13:37:21,10.8800,21,2
2026-05-29,000001,13:37:24,10.8900,23,1
2026-05-29,000001,13:37:27,10.8900,23,1
2026-05-29,000001,13:37:30,10.8800,5,2
2026-05-29,000001,13:37:33,10.8800,28,2
2026-05-29,000001,13:37:36,10.8800,26,2
2026-05-29,000001,13:37:39,10.8800,73,2
2026-05-29,000001,13:37:42,10.8900,28,1
2026-05-29,000001,13:37:45,10.8800,10,2
2026-05-29,000001,13:37:48,10.8900,4,1
2026-05-29,000001,13:37:51,10.8800,10,2
2026-05-29,000001,13:37:54,10.8800,10,2
2026-05-29,000001,13:37:57,10.8800,250,2
2026-05-29,000001,13:38:00,10.8900,55,1
2026-05-29,000001,13:38:03,10.8800,5,2
2026-05-29,000001,13:38:06,10.8900,10,1
2026-05-29,000001,13:38:12,10.8900,33,1
2026-05-29,000001,13:38:15,10.8900,18,1
2026-05-29,000001,13:38:18,10.8900,15,1
2026-05-29,000001,13:38:24,10.8900,23,1
2026-05-29,000001,13:38:27,10.8900,4,1
2026-05-29,000001,13:38:30,10.8800,113,2
2026-05-29,000001,13:38:33,10.8800,1,2
2026-05-29,000001,13:38:36,10.8900,27,1
2026-05-29,000001,13:38:39,10.8800,50,2
2026-05-29,000001,13:38:42,10.8800,514,2
2026-05-29,000001,13:38:45,10.8900,16,1
2026-05-29,000001,13:38:48,10.8900,1067,1
2026-05-29,000001,13:38:51,10.8900,172,1
2026-05-29,000001,13:38:54,10.8800,39,2
2026-05-29,000001,13:38:57,10.8800,8,2
2026-05-29,000001,13:39:00,10.8900,25,1
2026-05-29,000001,13:39:03,10.8800,24,2
2026-05-29,000001,13:39:06,10.8800,20,2
2026-05-29,000001,13:39:09,10.8900,205,1
2026-05-29,000001,13:39:12,10.8800,100,2
2026-05-29,000001,13:39:15,10.8900,23,1
2026-05-29,000001,13:39:21,10.8800,5,2
2026-05-29,000001,13:39:24,10.8900,6,1
2026-05-29,000001,13:39:27,10.8900,20,1
2026-05-29,000001,13:39:33,10.8800,53,2
2026-05-29,000001,13:39:36,10.8900,19,1
2026-05-29,000001,13:39:39,10.8900,16,1
2026-05-29,000001,13:39:42,10.8900,41,1
2026-05-29,000001,13:39:45,10.8900,86,1
2026-05-29,000001,13:39:48,10.8800,14,2
2026-05-29,000001,13:39:51,10.8800,30,2
2026-05-29,000001,13:39:54,10.8900,184,1
2026-05-29,000001,13:40:00,10.8900,18,1
2026-05-29,000001,13:40:03,10.8900,4,1
2026-05-29,000001,13:40:06,10.8900,5,1
2026-05-29,000001,13:40:09,10.8900,11,1
2026-05-29,000001,13:40:12,10.8900,9,1
2026-05-29,000001,13:40:15,10.8900,42,1
2026-05-29,000001,13:40:18,10.8900,65,1
2026-05-29,000001,13:40:21,10.8900,45,1
2026-05-29,000001,13:40:24,10.8900,130,1
2026-05-29,000001,13:40:27,10.8900,505,1
2026-05-29,000001,13:40:30,10.8900,54,1
2026-05-29,000001,13:40:33,10.8800,132,2
2026-05-29,000001,13:40:36,10.8900,12,1
2026-05-29,000001,13:40:39,10.8900,9,1
2026-05-29,000001,13:40:42,10.8900,105,1
2026-05-29,000001,13:40:45,10.8900,186,1
2026-05-29,000001,13:40:48,10.8800,205,2
2026-05-29,000001,13:40:51,10.8800,69,2
2026-05-29,000001,13:40:54,10.8800,43,2
2026-05-29,000001,13:40:57,10.8900,5,1
2026-05-29,000001,13:41:00,10.8800,5,2
2026-05-29,000001,13:41:03,10.8800,2,2
2026-05-29,000001,13:41:06,10.8900,51,1
2026-05-29,000001,13:41:09,10.8800,162,2
2026-05-29,000001,13:41:12,10.8800,78,2
2026-05-29,000001,13:41:15,10.8800,38,2
2026-05-29,000001,13:41:18,10.8800,23,2
2026-05-29,000001,13:41:21,10.8800,62,2
2026-05-29,000001,13:41:24,10.8800,58,2
2026-05-29,000001,13:41:27,10.8800,94,2
2026-05-29,000001,13:41:30,10.8800,113,2
2026-05-29,000001,13:41:33,10.8800,560,2
2026-05-29,000001,13:41:36,10.8800,306,2
2026-05-29,000001,13:41:39,10.8800,227,2
2026-05-29,000001,13:41:42,10.8800,235,2
2026-05-29,000001,13:41:45,10.8800,182,2
2026-05-29,000001,13:41:48,10.8700,1214,2
2026-05-29,000001,13:41:51,10.8700,10,2
2026-05-29,000001,13:41:54,10.8700,14,2
2026-05-29,000001,13:41:57,10.8700,40,2
2026-05-29,000001,13:42:00,10.8800,1595,1
2026-05-29,000001,13:42:03,10.8900,675,1
2026-05-29,000001,13:42:06,10.8800,74,2
2026-05-29,000001,13:42:09,10.8800,60,2
2026-05-29,000001,13:42:12,10.8900,133,1
2026-05-29,000001,13:42:15,10.8900,51,1
2026-05-29,000001,13:42:18,10.8800,46,2
2026-05-29,000001,13:42:21,10.8900,12,1
2026-05-29,000001,13:42:24,10.8800,106,2
2026-05-29,000001,13:42:27,10.8900,40,1
2026-05-29,000001,13:42:30,10.8800,145,2
2026-05-29,000001,13:42:33,10.8800,101,2
2026-05-29,000001,13:42:36,10.8900,17,1
2026-05-29,000001,13:42:39,10.8800,4,2
2026-05-29,000001,13:42:42,10.8800,188,2
2026-05-29,000001,13:42:45,10.8800,10,2
2026-05-29,000001,13:42:48,10.8800,1021,2
2026-05-29,000001,13:42:51,10.8900,119,1
2026-05-29,000001,13:42:54,10.8800,40,2
2026-05-29,000001,13:42:57,10.8900,13,1
2026-05-29,000001,13:43:00,10.8900,11,1
2026-05-29,000001,13:43:06,10.8900,32,1
2026-05-29,000001,13:43:09,10.8900,9,1
2026-05-29,000001,13:43:12,10.8800,171,2
2026-05-29,000001,13:43:15,10.8800,318,2
2026-05-29,000001,13:43:18,10.8800,108,2
2026-05-29,000001,13:43:24,10.8800,86,2
2026-05-29,000001,13:43:27,10.8900,15,1
2026-05-29,000001,13:43:30,10.8900,12,1
2026-05-29,000001,13:43:33,10.8800,411,2
2026-05-29,000001,13:43:36,10.8900,4,1
2026-05-29,000001,13:43:39,10.8800,9,2
2026-05-29,000001,13:43:42,10.8800,18,2
2026-05-29,000001,13:43:45,10.8800,38,2
2026-05-29,000001,13:43:48,10.8800,29,2
2026-05-29,000001,13:43:51,10.8900,14,1
2026-05-29,000001,13:43:54,10.8800,46,2
2026-05-29,000001,13:43:57,10.8800,150,2
2026-05-29,000001,13:44:00,10.8900,55,1
2026-05-29,000001,13:44:03,10.8900,38,1
2026-05-29,000001,13:44:06,10.8800,22,2
2026-05-29,000001,13:44:09,10.8800,34,2
2026-05-29,000001,13:44:12,10.8900,73,1
2026-05-29,000001,13:44:15,10.8900,142,1
2026-05-29,000001,13:44:18,10.8900,42,1
2026-05-29,000001,13:44:21,10.8900,74,1
2026-05-29,000001,13:44:24,10.8900,2,1
2026-05-29,000001,13:44:27,10.8800,17,2
2026-05-29,000001,13:44:33,10.8800,22,2
2026-05-29,000001,13:44:36,10.8900,215,1
2026-05-29,000001,13:44:39,10.8800,8,2
2026-05-29,000001,13:44:42,10.8900,13,1
2026-05-29,000001,13:44:45,10.8800,1009,2
2026-05-29,000001,13:44:48,10.8800,48,2
2026-05-29,000001,13:44:51,10.8800,177,2
2026-05-29,000001,13:44:57,10.8900,18,1
2026-05-29,000001,13:45:03,10.8800,31,2
2026-05-29,000001,13:45:06,10.8800,56,2
2026-05-29,000001,13:45:09,10.8800,1,2
2026-05-29,000001,13:45:12,10.8900,1,1
2026-05-29,000001,13:45:15,10.8800,19,2
2026-05-29,000001,13:45:18,10.8800,104,2
2026-05-29,000001,13:45:21,10.8800,146,2
2026-05-29,000001,13:45:24,10.8800,86,2
2026-05-29,000001,13:45:27,10.8900,123,1
2026-05-29,000001,13:45:30,10.8900,690,1
2026-05-29,000001,13:45:33,10.8900,472,1
2026-05-29,000001,13:45:36,10.8800,1341,2
2026-05-29,000001,13:45:39,10.8900,60,1
2026-05-29,000001,13:45:42,10.8800,3,2
2026-05-29,000001,13:45:45,10.8800,253,2
2026-05-29,000001,13:45:48,10.8800,136,2
2026-05-29,000001,13:45:51,10.8800,94,2
2026-05-29,000001,13:45:54,10.8900,56,1
2026-05-29,000001,13:45:57,10.8800,249,2
2026-05-29,000001,13:46:00,10.8800,63,2
2026-05-29,000001,13:46:03,10.8900,174,1
2026-05-29,000001,13:46:06,10.8900,512,1
2026-05-29,000001,13:46:09,10.8900,174,1
2026-05-29,000001,13:46:12,10.8900,142,1
2026-05-29,000001,13:46:15,10.8900,66,1
2026-05-29,000001,13:46:18,10.8900,17,1
2026-05-29,000001,13:46:21,10.8900,596,1
2026-05-29,000001,13:46:24,10.8900,2213,1
2026-05-29,000001,13:46:27,10.8900,97,1
2026-05-29,000001,13:46:30,10.8900,770,1
2026-05-29,000001,13:46:33,10.8900,384,1
2026-05-29,000001,13:46:36,10.8900,146,1
2026-05-29,000001,13:46:39,10.8800,1139,2
2026-05-29,000001,13:46:42,10.8900,125,1
2026-05-29,000001,13:46:45,10.8800,69,2
2026-05-29,000001,13:46:51,10.8800,52,2
2026-05-29,000001,13:46:54,10.8800,87,2
2026-05-29,000001,13:46:57,10.8900,146,1
2026-05-29,000001,13:47:00,10.8900,9,1
2026-05-29,000001,13:47:03,10.8900,144,1
2026-05-29,000001,13:47:06,10.8800,91,2
2026-05-29,000001,13:47:09,10.8900,90,1
2026-05-29,000001,13:47:12,10.8900,95,1
2026-05-29,000001,13:47:15,10.8900,605,1
2026-05-29,000001,13:47:18,10.8900,1046,1
2026-05-29,000001,13:47:21,10.8900,248,1
2026-05-29,000001,13:47:24,10.8800,119,2
2026-05-29,000001,13:47:27,10.8900,345,1
2026-05-29,000001,13:47:30,10.8900,89,1
2026-05-29,000001,13:47:33,10.8900,117,1
2026-05-29,000001,13:47:36,10.8800,114,2
2026-05-29,000001,13:47:39,10.8800,52,2
2026-05-29,000001,13:47:42,10.8900,954,1
2026-05-29,000001,13:47:45,10.8900,48,1
2026-05-29,000001,13:47:48,10.8900,4,1
2026-05-29,000001,13:47:51,10.8900,72,1
2026-05-29,000001,13:47:54,10.8900,1,1
2026-05-29,000001,13:47:57,10.8800,1,2
2026-05-29,000001,13:48:00,10.8900,58,1
2026-05-29,000001,13:48:03,10.8800,14,2
2026-05-29,000001,13:48:06,10.8900,76,1
2026-05-29,000001,13:48:09,10.8900,73,1
2026-05-29,000001,13:48:12,10.8800,49,2
2026-05-29,000001,13:48:15,10.8900,663,1
2026-05-29,000001,13:48:18,10.8900,663,2
2026-05-29,000001,13:48:21,10.8900,42,2
2026-05-29,000001,13:48:24,10.8900,364,2
2026-05-29,000001,13:48:27,10.8900,12,2
2026-05-29,000001,13:48:30,10.8900,170,2
2026-05-29,000001,13:48:33,10.8900,65,2
2026-05-29,000001,13:48:36,10.8900,29,2
2026-05-29,000001,13:48:39,10.8900,89,2
2026-05-29,000001,13:48:42,10.8900,52,2
2026-05-29,000001,13:48:45,10.8900,205,2
2026-05-29,000001,13:48:48,10.8900,25,2
2026-05-29,000001,13:48:51,10.8900,880,2
2026-05-29,000001,13:48:54,10.8900,640,1
2026-05-29,000001,13:48:57,10.8900,23,2
2026-05-29,000001,13:49:00,10.9000,96,1
2026-05-29,000001,13:49:03,10.9000,72,1
2026-05-29,000001,13:49:06,10.9000,46,1
2026-05-29,000001,13:49:09,10.8900,153,2
2026-05-29,000001,13:49:12,10.8900,103,2
2026-05-29,000001,13:49:15,10.8900,173,2
2026-05-29,000001,13:49:18,10.8900,259,2
2026-05-29,000001,13:49:21,10.8900,150,2
2026-05-29,000001,13:49:24,10.8900,116,2
2026-05-29,000001,13:49:27,10.8900,37,2
2026-05-29,000001,13:49:30,10.8900,56,2
2026-05-29,000001,13:49:33,10.8900,103,2
2026-05-29,000001,13:49:36,10.9000,100,1
2026-05-29,000001,13:49:39,10.8900,83,2
2026-05-29,000001,13:49:42,10.8900,334,2
2026-05-29,000001,13:49:45,10.8900,74,2
2026-05-29,000001,13:49:48,10.8900,198,2
2026-05-29,000001,13:49:51,10.9000,47,1
2026-05-29,000001,13:49:54,10.9000,233,1
2026-05-29,000001,13:49:57,10.9000,70,1
2026-05-29,000001,13:50:03,10.8900,38,2
2026-05-29,000001,13:50:06,10.9000,93,1
2026-05-29,000001,13:50:09,10.9000,307,1
2026-05-29,000001,13:50:12,10.9000,1782,1
2026-05-29,000001,13:50:15,10.9000,533,1
2026-05-29,000001,13:50:18,10.9000,183,1
2026-05-29,000001,13:50:21,10.9000,670,1
2026-05-29,000001,13:50:24,10.8900,87,2
2026-05-29,000001,13:50:27,10.9000,121,1
2026-05-29,000001,13:50:30,10.9000,27,1
2026-05-29,000001,13:50:33,10.9000,61,1
2026-05-29,000001,13:50:36,10.9000,31,1
2026-05-29,000001,13:50:39,10.8900,4,2
2026-05-29,000001,13:50:42,10.9000,30,1
2026-05-29,000001,13:50:45,10.8900,60,2
2026-05-29,000001,13:50:48,10.8900,304,2
2026-05-29,000001,13:50:51,10.9000,41,1
2026-05-29,000001,13:50:54,10.8900,111,2
2026-05-29,000001,13:50:57,10.8900,9,2
2026-05-29,000001,13:51:00,10.8900,174,2
2026-05-29,000001,13:51:03,10.9000,66,1
2026-05-29,000001,13:51:06,10.9100,10556,1
2026-05-29,000001,13:51:09,10.9100,258,1
2026-05-29,000001,13:51:12,10.9100,575,1
2026-05-29,000001,13:51:15,10.9100,394,1
2026-05-29,000001,13:51:18,10.9000,208,2
2026-05-29,000001,13:51:21,10.9100,57,1
2026-05-29,000001,13:51:24,10.9000,153,2
2026-05-29,000001,13:51:27,10.9100,22,1
2026-05-29,000001,13:51:30,10.9100,27,1
2026-05-29,000001,13:51:33,10.9000,340,2
2026-05-29,000001,13:51:36,10.9100,670,1
2026-05-29,000001,13:51:39,10.9100,1925,1
2026-05-29,000001,13:51:42,10.9100,1174,1
2026-05-29,000001,13:51:45,10.9100,343,1
2026-05-29,000001,13:51:48,10.9000,769,2
2026-05-29,000001,13:51:51,10.9100,188,1
2026-05-29,000001,13:51:54,10.9100,2297,1
2026-05-29,000001,13:51:57,10.9000,238,2
2026-05-29,000001,13:52:00,10.9100,223,1
2026-05-29,000001,13:52:03,10.9100,5,1
2026-05-29,000001,13:52:06,10.9100,134,1
2026-05-29,000001,13:52:09,10.9100,253,1
2026-05-29,000001,13:52:12,10.9000,146,2
2026-05-29,000001,13:52:15,10.9100,44,1
2026-05-29,000001,13:52:18,10.9100,39,1
2026-05-29,000001,13:52:21,10.9100,34,1
2026-05-29,000001,13:52:24,10.9100,156,1
2026-05-29,000001,13:52:27,10.9100,39,1
2026-05-29,000001,13:52:30,10.9100,129,1
2026-05-29,000001,13:52:33,10.9100,156,1
2026-05-29,000001,13:52:36,10.9100,144,1
2026-05-29,000001,13:52:39,10.9000,20,2
2026-05-29,000001,13:52:42,10.9100,44,1
2026-05-29,000001,13:52:48,10.9100,49,1
2026-05-29,000001,13:52:51,10.9100,27,1
2026-05-29,000001,13:52:54,10.9100,22,1
2026-05-29,000001,13:52:57,10.9000,58,2
2026-05-29,000001,13:53:00,10.9000,40,2
2026-05-29,000001,13:53:03,10.9000,39,2
2026-05-29,000001,13:53:06,10.9000,5,2
2026-05-29,000001,13:53:09,10.9000,29,2
2026-05-29,000001,13:53:12,10.9000,5344,2
2026-05-29,000001,13:53:15,10.8900,70,2
2026-05-29,000001,13:53:18,10.8900,50,2
2026-05-29,000001,13:53:21,10.9000,450,1
2026-05-29,000001,13:53:24,10.9000,91,1
2026-05-29,000001,13:53:27,10.9000,68,1
2026-05-29,000001,13:53:30,10.9000,213,1
2026-05-29,000001,13:53:33,10.9000,63,1
2026-05-29,000001,13:53:36,10.8900,505,2
2026-05-29,000001,13:53:39,10.9000,26,1
2026-05-29,000001,13:53:42,10.9000,109,1
2026-05-29,000001,13:53:45,10.9000,22,1
2026-05-29,000001,13:53:48,10.9000,16,1
2026-05-29,000001,13:53:51,10.9000,62,1
2026-05-29,000001,13:53:54,10.9000,80,1
2026-05-29,000001,13:54:00,10.8900,26,2
2026-05-29,000001,13:54:03,10.9000,328,1
2026-05-29,000001,13:54:06,10.9000,1,1
2026-05-29,000001,13:54:09,10.9000,72,1
2026-05-29,000001,13:54:12,10.8900,40,2
2026-05-29,000001,13:54:15,10.8900,20,2
2026-05-29,000001,13:54:18,10.9000,34,1
2026-05-29,000001,13:54:21,10.8900,14,2
2026-05-29,000001,13:54:24,10.9000,24,1
2026-05-29,000001,13:54:27,10.8900,161,2
2026-05-29,000001,13:54:30,10.9000,62,1
2026-05-29,000001,13:54:33,10.8900,12,2
2026-05-29,000001,13:54:36,10.9000,101,1
2026-05-29,000001,13:54:39,10.9000,348,1
2026-05-29,000001,13:54:42,10.8900,68,2
2026-05-29,000001,13:54:45,10.8900,15,2
2026-05-29,000001,13:54:48,10.9000,25,1
2026-05-29,000001,13:54:51,10.8900,20,2
2026-05-29,000001,13:54:57,10.9000,46,1
2026-05-29,000001,13:55:00,10.9000,52,1
2026-05-29,000001,13:55:03,10.8900,46,2
2026-05-29,000001,13:55:06,10.9000,117,1
2026-05-29,000001,13:55:09,10.9000,178,1
2026-05-29,000001,13:55:12,10.8900,182,2
2026-05-29,000001,13:55:15,10.9000,94,1
2026-05-29,000001,13:55:18,10.8900,22,2
2026-05-29,000001,13:55:21,10.8900,60,2
2026-05-29,000001,13:55:24,10.9000,42,1
2026-05-29,000001,13:55:27,10.8900,3,2
2026-05-29,000001,13:55:30,10.9000,84,1
2026-05-29,000001,13:55:33,10.9000,20,1
2026-05-29,000001,13:55:36,10.8900,67,2
2026-05-29,000001,13:55:39,10.8900,3068,2
2026-05-29,000001,13:55:42,10.8900,257,2
2026-05-29,000001,13:55:45,10.8900,552,2
2026-05-29,000001,13:55:48,10.8900,73,1
2026-05-29,000001,13:55:51,10.8900,98,1
2026-05-29,000001,13:55:54,10.8900,575,1
2026-05-29,000001,13:55:57,10.8900,118,2
2026-05-29,000001,13:56:00,10.8900,98,2
2026-05-29,000001,13:56:03,10.8900,137,2
2026-05-29,000001,13:56:06,10.8900,158,2
2026-05-29,000001,13:56:09,10.9000,113,1
2026-05-29,000001,13:56:12,10.8900,52,2
2026-05-29,000001,13:56:15,10.8900,595,2
2026-05-29,000001,13:56:18,10.8900,110,1
2026-05-29,000001,13:56:21,10.8800,171,2
2026-05-29,000001,13:56:24,10.8800,28,2
2026-05-29,000001,13:56:27,10.8900,24,1
2026-05-29,000001,13:56:30,10.8900,239,1
2026-05-29,000001,13:56:33,10.8900,47,1
2026-05-29,000001,13:56:36,10.8900,346,1
2026-05-29,000001,13:56:39,10.8900,548,1
2026-05-29,000001,13:56:42,10.8900,21,1
2026-05-29,000001,13:56:45,10.8900,24,1
2026-05-29,000001,13:56:48,10.8900,175,1
2026-05-29,000001,13:56:51,10.8900,23,1
2026-05-29,000001,13:56:54,10.8900,34,1
2026-05-29,000001,13:56:57,10.8800,1,2
2026-05-29,000001,13:57:00,10.8900,56,1
2026-05-29,000001,13:57:06,10.8900,54,1
2026-05-29,000001,13:57:09,10.8800,36,2
2026-05-29,000001,13:57:12,10.8800,66,2
2026-05-29,000001,13:57:15,10.8800,37,2
2026-05-29,000001,13:57:18,10.8900,11,1
2026-05-29,000001,13:57:21,10.8800,32,2
2026-05-29,000001,13:57:24,10.8800,10,2
2026-05-29,000001,13:57:27,10.8900,11,1
2026-05-29,000001,13:57:30,10.8800,22,2
2026-05-29,000001,13:57:33,10.8800,54,2
2026-05-29,000001,13:57:36,10.8900,34,1
2026-05-29,000001,13:57:39,10.8900,125,1
2026-05-29,000001,13:57:42,10.8900,153,1
2026-05-29,000001,13:57:45,10.8900,16,1
2026-05-29,000001,13:57:48,10.8900,160,1
2026-05-29,000001,13:57:51,10.8800,13,2
2026-05-29,000001,13:57:54,10.8900,50,1
2026-05-29,000001,13:57:57,10.8800,153,2
2026-05-29,000001,13:58:00,10.8900,12,1
2026-05-29,000001,13:58:03,10.8800,66,2
2026-05-29,000001,13:58:06,10.8900,55,1
2026-05-29,000001,13:58:09,10.8800,75,2
2026-05-29,000001,13:58:12,10.8900,13,1
2026-05-29,000001,13:58:15,10.8900,42,1
2026-05-29,000001,13:58:18,10.8900,8,1
2026-05-29,000001,13:58:21,10.8800,6,2
2026-05-29,000001,13:58:24,10.8800,17,2
2026-05-29,000001,13:58:27,10.8900,216,1
2026-05-29,000001,13:58:30,10.8900,14,1
2026-05-29,000001,13:58:33,10.8900,56,1
2026-05-29,000001,13:58:36,10.8900,250,1
2026-05-29,000001,13:58:39,10.8900,30,1
2026-05-29,000001,13:58:42,10.8800,27,2
2026-05-29,000001,13:58:45,10.8900,45,1
2026-05-29,000001,13:58:48,10.8900,22,1
2026-05-29,000001,13:58:51,10.8800,23,2
2026-05-29,000001,13:58:54,10.8900,4,1
2026-05-29,000001,13:58:57,10.8800,147,2
2026-05-29,000001,13:59:00,10.8900,538,1
2026-05-29,000001,13:59:03,10.8800,27,2
2026-05-29,000001,13:59:06,10.8800,30,2
2026-05-29,000001,13:59:09,10.8900,23,1
2026-05-29,000001,13:59:12,10.8900,92,1
2026-05-29,000001,13:59:15,10.8900,36,1
2026-05-29,000001,13:59:18,10.8900,260,1
2026-05-29,000001,13:59:21,10.8900,103,1
2026-05-29,000001,13:59:24,10.8800,281,2
2026-05-29,000001,13:59:27,10.8900,33,1
2026-05-29,000001,13:59:30,10.8900,20,1
2026-05-29,000001,13:59:33,10.8900,45,1
2026-05-29,000001,13:59:36,10.8900,361,1
2026-05-29,000001,13:59:39,10.8900,39,1
2026-05-29,000001,13:59:42,10.8900,603,1
2026-05-29,000001,13:59:45,10.8800,38,2
2026-05-29,000001,13:59:48,10.8800,63,2
2026-05-29,000001,13:59:51,10.8900,70,1
2026-05-29,000001,13:59:54,10.8800,17,2
2026-05-29,000001,13:59:57,10.8900,202,1
2026-05-29,000001,14:00:00,10.8900,79,1
2026-05-29,000001,14:00:03,10.8900,64,1
2026-05-29,000001,14:00:06,10.8800,146,2
2026-05-29,000001,14:00:09,10.8900,70,1
2026-05-29,000001,14:00:12,10.8900,52,1
2026-05-29,000001,14:00:15,10.8900,27,1
2026-05-29,000001,14:00:18,10.8900,130,1
2026-05-29,000001,14:00:21,10.8800,14,2
2026-05-29,000001,14:00:24,10.8900,33,1
2026-05-29,000001,14:00:27,10.8900,21,1
2026-05-29,000001,14:00:30,10.8900,20,1
2026-05-29,000001,14:00:33,10.8900,84,1
2026-05-29,000001,14:00:36,10.8900,59,1
2026-05-29,000001,14:00:39,10.8900,540,1
2026-05-29,000001,14:00:42,10.8800,437,2
2026-05-29,000001,14:00:45,10.8900,194,1
2026-05-29,000001,14:00:48,10.8900,55,1
2026-05-29,000001,14:00:51,10.8900,53,1
2026-05-29,000001,14:00:54,10.8900,51,1
2026-05-29,000001,14:00:57,10.8900,83,1
2026-05-29,000001,14:01:00,10.8900,1519,1
2026-05-29,000001,14:01:03,10.8900,120,1
2026-05-29,000001,14:01:06,10.8800,7,2
2026-05-29,000001,14:01:09,10.8900,19,1
2026-05-29,000001,14:01:12,10.8900,39,1
2026-05-29,000001,14:01:15,10.8900,31,1
2026-05-29,000001,14:01:18,10.8900,221,1
2026-05-29,000001,14:01:21,10.8900,169,1
2026-05-29,000001,14:01:24,10.8800,95,2
2026-05-29,000001,14:01:30,10.8900,15,1
2026-05-29,000001,14:01:33,10.8800,93,2
2026-05-29,000001,14:01:36,10.8900,63,1
2026-05-29,000001,14:01:39,10.8900,2816,1
2026-05-29,000001,14:01:42,10.8900,120,1
2026-05-29,000001,14:01:45,10.8900,17,1
2026-05-29,000001,14:01:48,10.8900,7,1
2026-05-29,000001,14:01:51,10.8900,17,1
2026-05-29,000001,14:01:54,10.8800,17,2
2026-05-29,000001,14:01:57,10.8900,80,1
2026-05-29,000001,14:02:00,10.8800,24,2
2026-05-29,000001,14:02:03,10.8900,24,1
2026-05-29,000001,14:02:06,10.8800,42,2
2026-05-29,000001,14:02:09,10.8900,43,1
2026-05-29,000001,14:02:12,10.8900,13,1
2026-05-29,000001,14:02:15,10.8900,468,1
2026-05-29,000001,14:02:18,10.8900,17,1
2026-05-29,000001,14:02:21,10.8800,68,2
2026-05-29,000001,14:02:24,10.8900,34,1
2026-05-29,000001,14:02:27,10.8800,519,2
2026-05-29,000001,14:02:30,10.8800,46,2
2026-05-29,000001,14:02:33,10.8800,113,2
2026-05-29,000001,14:02:36,10.8900,126,1
2026-05-29,000001,14:02:39,10.8900,202,1
2026-05-29,000001,14:02:42,10.8900,38,1
2026-05-29,000001,14:02:45,10.8900,107,1
2026-05-29,000001,14:02:51,10.8900,118,1
2026-05-29,000001,14:02:54,10.8800,5,2
2026-05-29,000001,14:02:57,10.8800,413,2
2026-05-29,000001,14:03:00,10.8800,90,2
2026-05-29,000001,14:03:03,10.8900,373,1
2026-05-29,000001,14:03:06,10.8900,568,1
2026-05-29,000001,14:03:09,10.8900,42,1
2026-05-29,000001,14:03:12,10.8900,28,1
2026-05-29,000001,14:03:15,10.8800,265,2
2026-05-29,000001,14:03:18,10.8900,252,1
2026-05-29,000001,14:03:21,10.8900,28,1
2026-05-29,000001,14:03:24,10.8900,126,1
2026-05-29,000001,14:03:27,10.8900,127,1
2026-05-29,000001,14:03:30,10.8900,71,1
2026-05-29,000001,14:03:33,10.8900,17,1
2026-05-29,000001,14:03:36,10.8900,5,1
2026-05-29,000001,14:03:42,10.8900,18,1
2026-05-29,000001,14:03:48,10.8900,91,1
2026-05-29,000001,14:03:51,10.8800,191,2
2026-05-29,000001,14:03:54,10.8900,143,1
2026-05-29,000001,14:03:57,10.8800,4552,2
2026-05-29,000001,14:04:00,10.8800,70,2
2026-05-29,000001,14:04:03,10.8800,60,2
2026-05-29,000001,14:04:06,10.8900,868,1
2026-05-29,000001,14:04:09,10.8900,156,1
2026-05-29,000001,14:04:12,10.8900,81,1
2026-05-29,000001,14:04:15,10.8800,124,2
2026-05-29,000001,14:04:18,10.8800,566,2
2026-05-29,000001,14:04:21,10.8800,340,2
2026-05-29,000001,14:04:24,10.8800,21,2
2026-05-29,000001,14:04:27,10.8900,112,1
2026-05-29,000001,14:04:30,10.8800,64,2
2026-05-29,000001,14:04:33,10.8800,86,2
2026-05-29,000001,14:04:36,10.8800,611,2
2026-05-29,000001,14:04:39,10.8800,265,2
2026-05-29,000001,14:04:42,10.8800,65,2
2026-05-29,000001,14:04:45,10.8900,191,1
2026-05-29,000001,14:04:48,10.8800,89,2
2026-05-29,000001,14:04:51,10.8800,219,2
2026-05-29,000001,14:04:54,10.8800,57,2
2026-05-29,000001,14:04:57,10.8900,1119,1
2026-05-29,000001,14:05:00,10.8800,169,2
2026-05-29,000001,14:05:03,10.8900,114,1
2026-05-29,000001,14:05:06,10.8900,164,1
2026-05-29,000001,14:05:09,10.8900,151,1
2026-05-29,000001,14:05:12,10.8800,141,2
2026-05-29,000001,14:05:15,10.8800,39,2
2026-05-29,000001,14:05:18,10.8900,16,1
2026-05-29,000001,14:05:21,10.8900,570,1
2026-05-29,000001,14:05:24,10.8900,788,1
2026-05-29,000001,14:05:27,10.8800,551,2
2026-05-29,000001,14:05:30,10.8900,185,1
2026-05-29,000001,14:05:33,10.8900,68,1
2026-05-29,000001,14:05:36,10.8900,109,1
2026-05-29,000001,14:05:39,10.8900,110,1
2026-05-29,000001,14:05:42,10.8800,131,2
2026-05-29,000001,14:05:45,10.8900,7,1
2026-05-29,000001,14:05:48,10.8800,44,2
2026-05-29,000001,14:05:51,10.8900,47,1
2026-05-29,000001,14:05:54,10.8900,45,1
2026-05-29,000001,14:05:57,10.8800,1,2
2026-05-29,000001,14:06:00,10.8900,26,1
2026-05-29,000001,14:06:03,10.8900,76,1
2026-05-29,000001,14:06:06,10.8900,178,1
2026-05-29,000001,14:06:09,10.8800,130,2
2026-05-29,000001,14:06:12,10.8900,40,1
2026-05-29,000001,14:06:15,10.8900,61,1
2026-05-29,000001,14:06:18,10.8900,61,1
2026-05-29,000001,14:06:21,10.8800,115,2
2026-05-29,000001,14:06:24,10.8800,100,2
2026-05-29,000001,14:06:27,10.8800,103,2
2026-05-29,000001,14:06:30,10.8900,43,1
2026-05-29,000001,14:06:33,10.8900,143,1
2026-05-29,000001,14:06:36,10.8900,13,1
2026-05-29,000001,10:51:18,10.8400,77,2
2026-05-29,000001,10:51:21,10.8400,67,2
2026-05-29,000001,10:51:24,10.8400,20,2
2026-05-29,000001,10:51:27,10.8500,39,1
2026-05-29,000001,10:51:30,10.8400,89,2
2026-05-29,000001,10:51:33,10.8500,675,1
2026-05-29,000001,10:51:36,10.8400,372,2
2026-05-29,000001,10:51:39,10.8400,178,2
2026-05-29,000001,10:51:42,10.8400,320,2
2026-05-29,000001,10:51:45,10.8400,3464,2
2026-05-29,000001,10:51:48,10.8400,422,2
2026-05-29,000001,10:51:51,10.8400,2106,2
2026-05-29,000001,10:51:54,10.8400,176,2
2026-05-29,000001,10:51:57,10.8300,1642,2
2026-05-29,000001,10:52:00,10.8400,20,1
2026-05-29,000001,10:52:03,10.8300,4,2
2026-05-29,000001,10:52:06,10.8300,156,2
2026-05-29,000001,10:52:09,10.8400,118,1
2026-05-29,000001,10:52:12,10.8300,107,2
2026-05-29,000001,10:52:15,10.8400,49,1
2026-05-29,000001,10:52:18,10.8300,59,2
2026-05-29,000001,10:52:21,10.8400,201,1
2026-05-29,000001,10:52:24,10.8300,63,2
2026-05-29,000001,10:52:27,10.8300,10,2
2026-05-29,000001,10:52:30,10.8400,110,1
2026-05-29,000001,10:52:33,10.8400,81,1
2026-05-29,000001,10:52:36,10.8300,6,2
2026-05-29,000001,10:52:39,10.8400,69,1
2026-05-29,000001,10:52:42,10.8300,1,2
2026-05-29,000001,10:52:48,10.8400,35,1
2026-05-29,000001,10:52:51,10.8300,48,2
2026-05-29,000001,10:52:54,10.8300,10,2
2026-05-29,000001,10:53:00,10.8400,123,1
2026-05-29,000001,10:53:03,10.8300,1,2
2026-05-29,000001,10:53:06,10.8400,53,1
2026-05-29,000001,10:53:09,10.8400,10,1
2026-05-29,000001,10:53:12,10.8300,7,2
2026-05-29,000001,10:53:15,10.8300,296,2
2026-05-29,000001,10:53:18,10.8300,81,2
2026-05-29,000001,10:53:21,10.8400,213,1
2026-05-29,000001,10:53:24,10.8400,53,1
2026-05-29,000001,10:53:27,10.8400,106,1
2026-05-29,000001,10:53:30,10.8300,19,2
2026-05-29,000001,10:53:33,10.8300,7,2
2026-05-29,000001,10:53:36,10.8400,113,1
2026-05-29,000001,10:53:42,10.8300,3,2
2026-05-29,000001,10:53:45,10.8400,40,1
2026-05-29,000001,10:53:48,10.8300,2,2
2026-05-29,000001,10:53:51,10.8300,41,2
2026-05-29,000001,10:53:54,10.8300,74,2
2026-05-29,000001,10:53:57,10.8300,32,2
2026-05-29,000001,10:54:00,10.8400,16,1
2026-05-29,000001,10:54:03,10.8400,58,1
2026-05-29,000001,10:54:06,10.8400,217,1
2026-05-29,000001,10:54:09,10.8300,136,2
2026-05-29,000001,10:54:12,10.8400,69,1
2026-05-29,000001,10:54:15,10.8400,3,1
2026-05-29,000001,10:54:18,10.8400,281,1
2026-05-29,000001,10:54:21,10.8400,1104,1
2026-05-29,000001,10:54:24,10.8300,192,2
2026-05-29,000001,10:54:27,10.8400,3,1
2026-05-29,000001,10:54:30,10.8300,5,2
2026-05-29,000001,10:54:33,10.8300,53,2
2026-05-29,000001,10:54:36,10.8400,1,1
2026-05-29,000001,10:54:39,10.8300,10,2
2026-05-29,000001,10:54:42,10.8400,11,1
2026-05-29,000001,10:54:45,10.8300,1001,2
2026-05-29,000001,10:54:48,10.8300,118,2
2026-05-29,000001,10:54:51,10.8300,74,2
2026-05-29,000001,10:54:54,10.8300,2,2
2026-05-29,000001,10:54:57,10.8400,31,1
2026-05-29,000001,10:55:00,10.8300,44,2
2026-05-29,000001,10:55:03,10.8300,2,2
2026-05-29,000001,10:55:06,10.8300,33,2
2026-05-29,000001,10:55:09,10.8400,1,1
2026-05-29,000001,10:55:12,10.8400,121,1
2026-05-29,000001,10:55:15,10.8300,11,2
2026-05-29,000001,10:55:18,10.8300,20,2
2026-05-29,000001,10:55:21,10.8400,220,1
2026-05-29,000001,10:55:24,10.8300,17,2
2026-05-29,000001,10:55:27,10.8300,22,2
2026-05-29,000001,10:55:30,10.8300,293,2
2026-05-29,000001,10:55:33,10.8300,17,2
2026-05-29,000001,10:55:36,10.8300,114,2
2026-05-29,000001,10:55:39,10.8300,136,2
2026-05-29,000001,10:55:42,10.8300,2,2
2026-05-29,000001,10:55:45,10.8300,21,2
2026-05-29,000001,10:55:48,10.8300,302,2
2026-05-29,000001,10:55:51,10.8300,206,2
2026-05-29,000001,10:55:54,10.8300,62,2
2026-05-29,000001,10:55:57,10.8300,44,2
2026-05-29,000001,10:56:00,10.8300,20,2
2026-05-29,000001,10:56:03,10.8300,52,2
2026-05-29,000001,10:56:06,10.8300,96,2
2026-05-29,000001,10:56:09,10.8300,14,2
2026-05-29,000001,10:56:12,10.8300,72,2
2026-05-29,000001,10:56:15,10.8300,46,2
2026-05-29,000001,10:56:18,10.8300,80,2
2026-05-29,000001,10:56:21,10.8300,15,2
2026-05-29,000001,10:56:24,10.8300,45,2
2026-05-29,000001,10:56:27,10.8300,67,2
2026-05-29,000001,10:56:30,10.8300,79,2
2026-05-29,000001,10:56:33,10.8300,1,2
2026-05-29,000001,10:56:36,10.8300,325,2
2026-05-29,000001,10:56:39,10.8300,23,2
2026-05-29,000001,10:56:42,10.8300,552,2
2026-05-29,000001,10:56:45,10.8300,83,2
2026-05-29,000001,10:56:48,10.8300,317,2
2026-05-29,000001,10:56:51,10.8300,152,2
2026-05-29,000001,10:56:54,10.8300,98,2
2026-05-29,000001,10:56:57,10.8300,3,2
2026-05-29,000001,10:57:00,10.8300,4,2
2026-05-29,000001,10:57:03,10.8300,10,2
2026-05-29,000001,10:57:06,10.8400,16,1
2026-05-29,000001,10:57:09,10.8300,63,2
2026-05-29,000001,10:57:12,10.8300,105,2
2026-05-29,000001,10:57:15,10.8300,62,2
2026-05-29,000001,10:57:18,10.8300,223,2
2026-05-29,000001,10:57:21,10.8400,19,1
2026-05-29,000001,10:57:24,10.8400,652,1
2026-05-29,000001,10:57:27,10.8400,173,1
2026-05-29,000001,10:57:30,10.8300,205,2
2026-05-29,000001,10:57:33,10.8300,10,2
2026-05-29,000001,10:57:36,10.8300,49,2
2026-05-29,000001,10:57:39,10.8400,20,1
2026-05-29,000001,10:57:42,10.8300,110,2
2026-05-29,000001,10:57:45,10.8300,136,2
2026-05-29,000001,10:57:48,10.8300,6,2
2026-05-29,000001,10:57:51,10.8300,22,2
2026-05-29,000001,10:57:54,10.8300,29,2
2026-05-29,000001,10:57:57,10.8300,45,2
2026-05-29,000001,10:58:00,10.8400,26,1
2026-05-29,000001,10:58:03,10.8300,136,2
2026-05-29,000001,10:58:06,10.8300,26,2
2026-05-29,000001,10:58:09,10.8400,181,1
2026-05-29,000001,10:58:15,10.8300,58,2
2026-05-29,000001,10:58:18,10.8300,8,2
2026-05-29,000001,10:58:21,10.8400,1,1
2026-05-29,000001,10:58:24,10.8300,9,2
2026-05-29,000001,10:58:27,10.8300,50,2
2026-05-29,000001,10:58:30,10.8200,32,2
2026-05-29,000001,10:58:33,10.8300,249,1
2026-05-29,000001,10:58:36,10.8300,19,2
2026-05-29,000001,10:58:39,10.8300,164,2
2026-05-29,000001,10:58:42,10.8300,110,2
2026-05-29,000001,10:58:48,10.8300,321,2
2026-05-29,000001,10:58:51,10.8300,89,1
2026-05-29,000001,10:58:54,10.8300,142,1
2026-05-29,000001,10:58:57,10.8200,45,2
2026-05-29,000001,10:59:00,10.8300,13,1
2026-05-29,000001,10:59:03,10.8300,1,1
2026-05-29,000001,10:59:06,10.8300,18,1
2026-05-29,000001,10:59:09,10.8300,26,1
2026-05-29,000001,10:59:12,10.8300,371,1
2026-05-29,000001,10:59:15,10.8300,7,1
2026-05-29,000001,10:59:18,10.8300,31,1
2026-05-29,000001,10:59:21,10.8300,412,1
2026-05-29,000001,10:59:24,10.8300,105,2
2026-05-29,000001,10:59:27,10.8300,26,2
2026-05-29,000001,10:59:30,10.8300,78,2
2026-05-29,000001,10:59:33,10.8300,10,2
2026-05-29,000001,10:59:36,10.8300,187,2
2026-05-29,000001,10:59:39,10.8400,1,1
2026-05-29,000001,10:59:42,10.8400,14,1
2026-05-29,000001,10:59:45,10.8300,576,2
2026-05-29,000001,10:59:48,10.8300,51,2
2026-05-29,000001,10:59:51,10.8300,234,2
2026-05-29,000001,10:59:57,10.8300,17,2
2026-05-29,000001,11:00:00,10.8300,1273,2
2026-05-29,000001,11:00:03,10.8400,63,1
2026-05-29,000001,11:00:06,10.8200,28,2
2026-05-29,000001,11:00:09,10.8300,9,1
2026-05-29,000001,11:00:12,10.8200,85,2
2026-05-29,000001,11:00:15,10.8400,49,1
2026-05-29,000001,11:00:18,10.8300,77,2
2026-05-29,000001,11:00:21,10.8400,1,1
2026-05-29,000001,11:00:24,10.8400,71,1
2026-05-29,000001,11:00:27,10.8400,79,1
2026-05-29,000001,11:00:30,10.8400,220,1
2026-05-29,000001,11:00:33,10.8300,137,2
2026-05-29,000001,11:00:36,10.8300,15,2
2026-05-29,000001,11:00:39,10.8400,209,1
2026-05-29,000001,11:00:42,10.8400,59,1
2026-05-29,000001,11:00:45,10.8400,17,1
2026-05-29,000001,11:00:48,10.8400,14,1
2026-05-29,000001,11:00:51,10.8400,1184,1
2026-05-29,000001,11:00:54,10.8300,577,2
2026-05-29,000001,11:00:57,10.8400,6,1
2026-05-29,000001,11:01:00,10.8300,1414,2
2026-05-29,000001,11:01:03,10.8400,47,1
2026-05-29,000001,11:01:06,10.8400,92,1
2026-05-29,000001,11:01:09,10.8400,252,1
2026-05-29,000001,11:01:12,10.8300,1488,2
2026-05-29,000001,11:01:15,10.8300,197,2
2026-05-29,000001,11:01:18,10.8400,22,1
2026-05-29,000001,11:01:21,10.8300,173,2
2026-05-29,000001,11:01:24,10.8300,161,2
2026-05-29,000001,11:01:30,10.8400,27,1
2026-05-29,000001,11:01:33,10.8400,9,1
2026-05-29,000001,11:01:36,10.8400,42,1
2026-05-29,000001,11:01:39,10.8400,56,1
2026-05-29,000001,11:01:42,10.8400,151,1
2026-05-29,000001,11:01:45,10.8300,65,2
2026-05-29,000001,11:01:48,10.8300,99,2
2026-05-29,000001,11:01:51,10.8300,16,2
2026-05-29,000001,11:01:54,10.8300,40,2
2026-05-29,000001,11:01:57,10.8400,29,1
2026-05-29,000001,11:02:00,10.8300,81,2
2026-05-29,000001,11:02:03,10.8300,51,2
2026-05-29,000001,11:02:06,10.8300,11,2
2026-05-29,000001,11:02:09,10.8400,13,1
2026-05-29,000001,11:02:12,10.8300,31,2
2026-05-29,000001,11:02:15,10.8300,3,2
2026-05-29,000001,11:02:18,10.8400,57,1
2026-05-29,000001,11:02:21,10.8300,14,2
2026-05-29,000001,11:02:24,10.8400,496,1
2026-05-29,000001,11:02:27,10.8400,5119,1
2026-05-29,000001,11:02:30,10.8500,27,1
2026-05-29,000001,11:02:33,10.8500,47,1
2026-05-29,000001,11:02:36,10.8400,44,2
2026-05-29,000001,11:02:39,10.8400,9,2
2026-05-29,000001,11:02:42,10.8400,82,2
2026-05-29,000001,11:02:45,10.8500,36,1
2026-05-29,000001,11:02:48,10.8400,27,2
2026-05-29,000001,11:02:51,10.8400,42,2
2026-05-29,000001,11:02:54,10.8400,50,2
2026-05-29,000001,11:02:57,10.8400,27,2
2026-05-29,000001,11:03:00,10.8400,21,2
2026-05-29,000001,11:03:06,10.8400,649,2
2026-05-29,000001,11:03:09,10.8400,51,2
2026-05-29,000001,11:03:12,10.8500,29,1
2026-05-29,000001,11:03:15,10.8500,3,1
2026-05-29,000001,11:03:18,10.8400,57,2
2026-05-29,000001,11:03:24,10.8400,162,2
2026-05-29,000001,11:03:27,10.8500,93,1
2026-05-29,000001,11:03:30,10.8400,157,2
2026-05-29,000001,11:03:33,10.8500,21,1
2026-05-29,000001,11:03:36,10.8500,43,1
2026-05-29,000001,11:03:39,10.8500,198,1
2026-05-29,000001,11:03:42,10.8400,558,2
2026-05-29,000001,11:03:45,10.8400,143,2
2026-05-29,000001,11:03:48,10.8400,32,2
2026-05-29,000001,11:03:51,10.8400,12,2
2026-05-29,000001,11:03:54,10.8400,67,2
2026-05-29,000001,11:03:57,10.8400,27,2
2026-05-29,000001,11:04:00,10.8400,305,2
2026-05-29,000001,11:04:03,10.8500,17,1
2026-05-29,000001,11:04:06,10.8400,63,2
2026-05-29,000001,11:04:09,10.8500,82,1
2026-05-29,000001,11:04:12,10.8500,177,1
2026-05-29,000001,11:04:15,10.8400,112,2
2026-05-29,000001,11:04:18,10.8400,64,2
2026-05-29,000001,11:04:21,10.8400,58,2
2026-05-29,000001,11:04:24,10.8500,272,1
2026-05-29,000001,11:04:27,10.8500,207,1
2026-05-29,000001,11:04:30,10.8400,61,2
2026-05-29,000001,11:04:33,10.8400,29,2
2026-05-29,000001,11:04:36,10.8400,17,2
2026-05-29,000001,11:04:39,10.8500,254,1
2026-05-29,000001,11:04:42,10.8400,61,2
2026-05-29,000001,11:04:45,10.8500,62,1
2026-05-29,000001,11:04:48,10.8400,66,2
2026-05-29,000001,11:04:51,10.8400,563,2
2026-05-29,000001,11:04:54,10.8400,137,1
2026-05-29,000001,11:04:57,10.8400,138,2
2026-05-29,000001,11:05:00,10.8500,348,1
2026-05-29,000001,11:05:03,10.8400,259,1
2026-05-29,000001,11:05:06,10.8500,123,1
2026-05-29,000001,11:05:09,10.8400,91,2
2026-05-29,000001,11:05:12,10.8500,1,1
2026-05-29,000001,11:05:18,10.8400,26,2
2026-05-29,000001,11:05:21,10.8400,26,2
2026-05-29,000001,11:05:24,10.8400,6,2
2026-05-29,000001,11:05:27,10.8500,16,1
2026-05-29,000001,11:05:30,10.8400,125,2
2026-05-29,000001,11:05:33,10.8400,8,2
2026-05-29,000001,11:05:36,10.8400,203,2
2026-05-29,000001,11:05:39,10.8400,111,2
2026-05-29,000001,11:05:42,10.8400,85,2
2026-05-29,000001,11:05:45,10.8400,75,2
2026-05-29,000001,11:05:48,10.8400,213,1
2026-05-29,000001,11:05:51,10.8400,60,2
2026-05-29,000001,11:05:54,10.8400,20,2
2026-05-29,000001,11:05:57,10.8400,9,2
2026-05-29,000001,11:06:00,10.8400,660,2
2026-05-29,000001,11:06:03,10.8400,22,2
2026-05-29,000001,11:06:06,10.8400,89,2
2026-05-29,000001,11:06:09,10.8500,159,1
2026-05-29,000001,11:06:12,10.8400,59,2
2026-05-29,000001,11:06:15,10.8400,53,2
2026-05-29,000001,11:06:18,10.8400,28,2
2026-05-29,000001,11:06:21,10.8400,57,2
2026-05-29,000001,11:06:24,10.8500,12,1
2026-05-29,000001,11:06:27,10.8400,74,2
2026-05-29,000001,11:06:30,10.8500,115,1
2026-05-29,000001,11:06:33,10.8400,88,2
2026-05-29,000001,11:06:36,10.8500,101,1
2026-05-29,000001,11:06:39,10.8400,5,2
2026-05-29,000001,11:06:42,10.8400,26,2
2026-05-29,000001,11:06:45,10.8400,23,2
2026-05-29,000001,11:06:48,10.8400,10,2
2026-05-29,000001,11:06:54,10.8400,3513,2
2026-05-29,000001,11:06:57,10.8500,1978,1
2026-05-29,000001,11:07:00,10.8500,14,1
2026-05-29,000001,11:07:03,10.8400,21,2
2026-05-29,000001,11:07:06,10.8500,209,1
2026-05-29,000001,11:07:09,10.8400,14,2
2026-05-29,000001,11:07:12,10.8400,144,2
2026-05-29,000001,11:07:15,10.8500,8,1
2026-05-29,000001,11:07:18,10.8400,39,2
2026-05-29,000001,11:07:21,10.8400,48,2
2026-05-29,000001,11:07:24,10.8500,30,1
2026-05-29,000001,11:07:27,10.8500,20,1
2026-05-29,000001,11:07:30,10.8500,1,1
2026-05-29,000001,11:07:33,10.8400,65,2
2026-05-29,000001,11:07:36,10.8500,248,1
2026-05-29,000001,11:07:39,10.8400,658,2
2026-05-29,000001,11:07:42,10.8400,336,1
2026-05-29,000001,11:07:45,10.8400,56,1
2026-05-29,000001,11:07:48,10.8400,79,1
2026-05-29,000001,11:07:51,10.8400,19,1
2026-05-29,000001,11:07:54,10.8400,112,1
2026-05-29,000001,11:07:57,10.8300,71,2
2026-05-29,000001,11:08:00,10.8400,5,1
2026-05-29,000001,11:08:03,10.8300,34,2
2026-05-29,000001,11:08:06,10.8400,33,1
2026-05-29,000001,11:08:09,10.8400,9,1
2026-05-29,000001,11:08:12,10.8300,77,2
2026-05-29,000001,11:08:15,10.8400,18,1
2026-05-29,000001,11:08:18,10.8300,93,2
2026-05-29,000001,11:08:21,10.8400,108,1
2026-05-29,000001,11:08:24,10.8300,7,2
2026-05-29,000001,11:08:27,10.8400,9,1
2026-05-29,000001,11:08:30,10.8300,47,2
2026-05-29,000001,11:08:33,10.8400,11,1
2026-05-29,000001,11:08:36,10.8400,3,1
2026-05-29,000001,11:08:39,10.8400,43,1
2026-05-29,000001,11:08:42,10.8400,484,1
2026-05-29,000001,11:08:45,10.8400,141,1
2026-05-29,000001,11:08:48,10.8400,68,1
2026-05-29,000001,11:08:51,10.8400,8,1
2026-05-29,000001,11:08:54,10.8300,100,2
2026-05-29,000001,11:08:57,10.8400,1050,1
2026-05-29,000001,11:09:00,10.8400,110,2
2026-05-29,000001,11:09:03,10.8400,191,1
2026-05-29,000001,11:09:06,10.8400,185,2
2026-05-29,000001,11:09:09,10.8400,192,2
2026-05-29,000001,11:09:12,10.8400,100,2
2026-05-29,000001,11:09:15,10.8400,5,2
2026-05-29,000001,11:09:18,10.8400,301,2
2026-05-29,000001,11:09:21,10.8400,203,2
2026-05-29,000001,11:09:24,10.8400,71,2
2026-05-29,000001,11:09:27,10.8400,40,2
2026-05-29,000001,11:09:30,10.8400,20,2
2026-05-29,000001,11:09:33,10.8400,136,2
2026-05-29,000001,11:09:36,10.8500,357,1
2026-05-29,000001,11:09:39,10.8400,31,2
2026-05-29,000001,11:09:42,10.8400,812,2
2026-05-29,000001,11:09:45,10.8400,1241,1
2026-05-29,000001,11:09:57,10.8400,557,2
2026-05-29,000001,11:10:00,10.8500,26,1
2026-05-29,000001,11:10:03,10.8400,134,2
2026-05-29,000001,11:10:06,10.8500,55,1
2026-05-29,000001,11:10:09,10.8400,100,2
2026-05-29,000001,11:10:12,10.8400,287,2
2026-05-29,000001,11:10:15,10.8400,26,2
2026-05-29,000001,11:10:18,10.8300,126,2
2026-05-29,000001,11:10:21,10.8400,177,1
2026-05-29,000001,11:10:24,10.8400,513,2
2026-05-29,000001,11:10:27,10.8400,17,2
2026-05-29,000001,11:10:30,10.8400,316,2
2026-05-29,000001,11:10:33,10.8400,95,4
2026-05-29,000001,11:10:36,10.8400,35,2
2026-05-29,000001,11:10:39,10.8400,13,2
2026-05-29,000001,11:10:42,10.8400,135,2
2026-05-29,000001,11:10:48,10.8400,20,2
2026-05-29,000001,11:10:51,10.8400,71,2
2026-05-29,000001,11:10:54,10.8500,11,1
2026-05-29,000001,11:10:57,10.8400,408,2
2026-05-29,000001,11:11:00,10.8500,253,1
2026-05-29,000001,11:11:03,10.8400,118,2
2026-05-29,000001,11:11:06,10.8400,44,2
2026-05-29,000001,11:11:09,10.8400,154,2
2026-05-29,000001,11:11:12,10.8400,36,2
2026-05-29,000001,11:11:15,10.8400,14,2
2026-05-29,000001,11:11:18,10.8400,29,2
2026-05-29,000001,11:11:21,10.8500,53,1
2026-05-29,000001,11:11:24,10.8500,26,1
2026-05-29,000001,11:11:27,10.8500,23,1
2026-05-29,000001,11:11:30,10.8500,158,1
2026-05-29,000001,11:11:33,10.8400,33,2
2026-05-29,000001,11:11:36,10.8500,34,1
2026-05-29,000001,11:11:39,10.8500,13,1
2026-05-29,000001,11:11:42,10.8400,28,2
2026-05-29,000001,11:11:45,10.8400,6,2
2026-05-29,000001,11:11:48,10.8400,75,2
2026-05-29,000001,11:11:57,10.8400,127,2
2026-05-29,000001,11:12:00,10.8400,191,2
2026-05-29,000001,11:12:03,10.8400,16,2
2026-05-29,000001,11:12:06,10.8400,45,2
2026-05-29,000001,11:12:09,10.8400,167,2
2026-05-29,000001,11:12:12,10.8400,12,2
2026-05-29,000001,11:12:15,10.8500,67,1
2026-05-29,000001,11:12:18,10.8400,1,2
2026-05-29,000001,11:12:21,10.8400,51,2
2026-05-29,000001,11:12:24,10.8400,6,2
2026-05-29,000001,11:12:27,10.8400,160,2
2026-05-29,000001,11:12:30,10.8400,54,2
2026-05-29,000001,11:12:33,10.8400,362,2
2026-05-29,000001,11:12:36,10.8500,103,1
2026-05-29,000001,11:12:39,10.8400,116,2
2026-05-29,000001,11:12:42,10.8400,69,2
2026-05-29,000001,11:12:45,10.8400,69,2
2026-05-29,000001,11:12:48,10.8400,249,2
2026-05-29,000001,11:12:51,10.8500,156,1
2026-05-29,000001,11:12:54,10.8400,8,2
2026-05-29,000001,11:12:57,10.8400,52,2
2026-05-29,000001,11:13:00,10.8400,5,2
2026-05-29,000001,11:13:03,10.8400,45,2
2026-05-29,000001,11:13:06,10.8500,48,1
2026-05-29,000001,11:13:09,10.8400,39,2
2026-05-29,000001,11:13:12,10.8400,28,2
2026-05-29,000001,11:13:21,10.8500,110,1
2026-05-29,000001,11:13:24,10.8500,319,1
2026-05-29,000001,11:13:30,10.8500,7,1
2026-05-29,000001,11:13:33,10.8400,276,2
2026-05-29,000001,11:13:36,10.8400,110,2
2026-05-29,000001,11:13:39,10.8400,55,2
2026-05-29,000001,11:13:42,10.8500,4,1
2026-05-29,000001,11:13:45,10.8500,31,1
2026-05-29,000001,11:13:48,10.8400,232,2
2026-05-29,000001,11:13:51,10.8400,34,2
2026-05-29,000001,11:13:54,10.8400,167,2
2026-05-29,000001,11:13:57,10.8400,16,2
2026-05-29,000001,11:14:00,10.8400,478,2
2026-05-29,000001,11:14:03,10.8400,46,2
2026-05-29,000001,11:14:06,10.8400,18,2
2026-05-29,000001,11:14:12,10.8400,230,2
2026-05-29,000001,11:14:15,10.8400,67,2
2026-05-29,000001,11:14:18,10.8400,132,2
2026-05-29,000001,11:14:21,10.8400,42,2
2026-05-29,000001,11:14:24,10.8500,44,1
2026-05-29,000001,11:14:27,10.8400,70,2
2026-05-29,000001,11:14:30,10.8500,4,1
2026-05-29,000001,11:14:33,10.8400,6,2
2026-05-29,000001,11:14:36,10.8400,12,2
2026-05-29,000001,11:14:39,10.8400,5,2
2026-05-29,000001,11:14:42,10.8400,22,2
2026-05-29,000001,11:14:45,10.8500,29,1
2026-05-29,000001,11:14:51,10.8400,89,2
2026-05-29,000001,11:14:54,10.8400,1,2
2026-05-29,000001,11:14:57,10.8400,23,2
2026-05-29,000001,11:15:00,10.8400,10,2
2026-05-29,000001,11:15:03,10.8500,149,1
2026-05-29,000001,11:15:06,10.8400,16,2
2026-05-29,000001,11:15:09,10.8400,280,2
2026-05-29,000001,11:15:12,10.8500,48,1
2026-05-29,000001,11:15:15,10.8500,25,1
2026-05-29,000001,11:15:18,10.8500,50,1
2026-05-29,000001,11:15:21,10.8400,100,2
2026-05-29,000001,11:15:24,10.8400,157,2
2026-05-29,000001,11:15:27,10.8500,218,1
2026-05-29,000001,11:15:30,10.8400,676,2
2026-05-29,000001,11:15:33,10.8400,1959,1
2026-05-29,000001,11:15:36,10.8400,3,2
2026-05-29,000001,11:15:39,10.8400,56,2
2026-05-29,000001,11:15:42,10.8400,152,2
2026-05-29,000001,11:15:45,10.8400,61,2
2026-05-29,000001,11:15:48,10.8400,23,2
2026-05-29,000001,11:15:51,10.8400,15,2
2026-05-29,000001,11:15:54,10.8400,63,2
2026-05-29,000001,11:15:57,10.8400,347,2
2026-05-29,000001,11:16:00,10.8400,335,1
