date,code,time,price,volume,bs
2026-04-08,601318,14:07:07,59.4200,269,2
2026-04-08,601318,14:07:10,59.4300,52,4
2026-04-08,601318,14:07:13,59.4300,11,4
2026-04-08,601318,14:07:16,59.4300,23,2
2026-04-08,601318,14:07:19,59.4000,250,2
2026-04-08,601318,14:07:22,59.3800,283,2
2026-04-08,601318,14:07:25,59.3900,131,1
2026-04-08,601318,14:07:28,59.3900,99,1
2026-04-08,601318,14:07:31,59.4300,301,1
2026-04-08,601318,14:07:34,59.4200,120,2
2026-04-08,601318,14:07:37,59.4400,219,1
2026-04-08,601318,14:07:40,59.4400,375,1
2026-04-08,601318,14:07:43,59.4300,95,2
2026-04-08,601318,14:07:46,59.4400,116,2
2026-04-08,601318,14:07:49,59.4600,66,1
2026-04-08,601318,14:07:52,59.4600,63,1
2026-04-08,601318,14:07:55,59.4500,50,2
2026-04-08,601318,14:07:58,59.4600,445,1
2026-04-08,601318,14:08:01,59.4700,961,2
2026-04-08,601318,14:08:04,59.4900,566,1
2026-04-08,601318,14:08:07,59.4500,400,2
2026-04-08,601318,14:08:10,59.4400,59,1
2026-04-08,601318,14:08:13,59.4400,190,1
2026-04-08,601318,14:08:16,59.4300,139,2
2026-04-08,601318,14:08:19,59.4000,266,2
2026-04-08,601318,14:08:22,59.4200,39,2
2026-04-08,601318,14:08:25,59.4300,68,1
2026-04-08,601318,14:08:28,59.4300,70,1
2026-04-08,601318,14:08:31,59.4400,108,1
2026-04-08,601318,14:08:34,59.4400,78,1
2026-04-08,601318,14:08:37,59.4400,149,2
2026-04-08,601318,14:08:40,59.4500,118,1
2026-04-08,601318,14:08:43,59.4400,119,1
2026-04-08,601318,14:08:46,59.4300,43,2
2026-04-08,601318,14:08:49,59.4300,153,2
2026-04-08,601318,14:08:52,59.4300,155,2
2026-04-08,601318,14:08:55,59.4300,75,1
2026-04-08,601318,14:08:58,59.4200,91,2
2026-04-08,601318,14:09:01,59.4300,214,1
2026-04-08,601318,14:09:04,59.4200,133,2
2026-04-08,601318,14:09:07,59.4300,64,1
2026-04-08,601318,14:09:10,59.4500,100,1
2026-04-08,601318,14:09:13,59.4300,150,2
2026-04-08,601318,14:09:16,59.4400,71,1
2026-04-08,601318,14:09:19,59.4500,182,4
2026-04-08,601318,14:09:22,59.4500,99,1
2026-04-08,601318,14:09:25,59.4600,200,1
2026-04-08,601318,14:09:28,59.4600,42,2
2026-04-08,601318,14:09:31,59.4800,114,1
2026-04-08,601318,14:09:34,59.4900,271,1
2026-04-08,601318,14:09:37,59.4900,234,1
2026-04-08,601318,14:09:40,59.4700,489,2
2026-04-08,601318,14:09:43,59.4700,370,2
2026-04-08,601318,14:09:46,59.4400,261,2
2026-04-08,601318,14:09:49,59.4100,196,2
2026-04-08,601318,14:09:52,59.4400,49,1
2026-04-08,601318,14:09:55,59.4300,64,2
2026-04-08,601318,14:09:58,59.4400,99,1
2026-04-08,601318,14:10:01,59.4500,286,1
2026-04-08,601318,14:10:04,59.4600,45,1
2026-04-08,601318,14:10:07,59.4500,161,4
2026-04-08,601318,14:10:10,59.4500,456,1
2026-04-08,601318,14:10:13,59.4700,196,1
2026-04-08,601318,14:10:16,59.4700,339,2
2026-04-08,601318,14:10:19,59.4700,139,2
2026-04-08,601318,14:10:22,59.4900,408,2
2026-04-08,601318,14:10:25,59.4900,124,1
2026-04-08,601318,14:10:28,59.4800,37,2
2026-04-08,601318,14:10:31,59.4800,183,2
2026-04-08,601318,14:10:34,59.4700,217,2
2026-04-08,601318,14:10:37,59.4700,67,2
2026-04-08,601318,14:10:40,59.4600,44,2
2026-04-08,601318,14:10:43,59.4600,212,2
2026-04-08,601318,14:10:46,59.4800,113,1
2026-04-08,601318,14:10:49,59.4800,249,2
2026-04-08,601318,14:10:52,59.4800,143,2
2026-04-08,601318,14:10:55,59.4700,363,2
2026-04-08,601318,14:10:58,59.4700,150,2
2026-04-08,601318,14:11:01,59.4700,85,2
2026-04-08,601318,14:11:04,59.4800,329,1
2026-04-08,601318,14:11:07,59.4900,467,4
2026-04-08,601318,14:11:10,59.5200,305,1
2026-04-08,601318,14:11:13,59.5100,325,2
2026-04-08,601318,14:11:16,59.5200,55,4
2026-04-08,601318,14:11:19,59.5300,106,1
2026-04-08,601318,14:11:22,59.5400,86,1
2026-04-08,601318,14:11:25,59.5300,210,2
2026-04-08,601318,14:11:28,59.5200,524,2
2026-04-08,601318,14:11:31,59.5300,338,1
2026-04-08,601318,14:11:34,59.5300,24,1
2026-04-08,601318,14:11:37,59.5200,199,4
2026-04-08,601318,14:11:40,59.5300,73,1
2026-04-08,601318,14:11:43,59.5200,139,2
2026-04-08,601318,14:11:46,59.5200,85,1
2026-04-08,601318,14:11:49,59.5200,112,1
2026-04-08,601318,14:11:52,59.5300,427,1
2026-04-08,601318,14:11:55,59.5300,541,1
2026-04-08,601318,14:11:58,59.5500,77,1
2026-04-08,601318,14:12:01,59.5500,258,1
2026-04-08,601318,14:12:04,59.5600,989,1
2026-04-08,601318,14:12:07,59.5700,751,1
2026-04-08,601318,14:12:10,59.5700,549,1
2026-04-08,601318,14:12:13,59.5600,166,2
2026-04-08,601318,14:12:16,59.5700,398,1
2026-04-08,601318,14:12:19,59.5600,287,2
2026-04-08,601318,14:12:22,59.5600,326,1
2026-04-08,601318,14:12:25,59.5600,37,1
2026-04-08,601318,14:12:28,59.5600,234,1
2026-04-08,601318,14:12:31,59.5700,186,1
2026-04-08,601318,14:12:34,59.5600,1002,2
2026-04-08,601318,14:12:37,59.5500,1053,2
2026-04-08,601318,14:12:40,59.5600,175,1
2026-04-08,601318,14:12:43,59.5600,183,2
2026-04-08,601318,14:12:46,59.5600,201,2
2026-04-08,601318,14:12:49,59.5700,143,1
2026-04-08,601318,14:12:52,59.5600,62,2
2026-04-08,601318,14:12:55,59.5600,561,2
2026-04-08,601318,14:12:58,59.5700,245,1
2026-04-08,601318,14:13:01,59.5400,183,2
2026-04-08,601318,14:13:04,59.5400,124,2
2026-04-08,601318,14:13:07,59.5500,163,1
2026-04-08,601318,14:13:10,59.5500,73,2
2026-04-08,601318,14:13:13,59.5600,147,1
2026-04-08,601318,14:13:16,59.5600,152,1
2026-04-08,601318,14:13:19,59.5600,426,1
2026-04-08,601318,14:13:22,59.5600,55,1
2026-04-08,601318,14:13:25,59.5500,210,2
2026-04-08,601318,14:13:28,59.5500,456,2
2026-04-08,601318,14:13:31,59.5500,86,1
2026-04-08,601318,14:13:34,59.5500,432,1
2026-04-08,601318,14:13:37,59.5500,90,1
2026-04-08,601318,14:13:40,59.5400,436,2
2026-04-08,601318,14:13:43,59.5300,235,2
2026-04-08,601318,14:13:46,59.5300,41,2
2026-04-08,601318,14:13:49,59.5300,133,2
2026-04-08,601318,14:13:52,59.5200,197,2
2026-04-08,601318,14:13:55,59.5200,786,2
2026-04-08,601318,14:13:58,59.5100,247,2
2026-04-08,601318,14:14:01,59.5200,163,1
2026-04-08,601318,14:14:04,59.5200,100,1
2026-04-08,601318,14:14:07,59.5300,140,1
2026-04-08,601318,14:14:10,59.5300,251,1
2026-04-08,601318,14:14:13,59.5100,211,2
2026-04-08,601318,14:14:16,59.5100,93,2
2026-04-08,601318,14:14:19,59.5000,395,2
2026-04-08,601318,14:14:22,59.5000,201,2
2026-04-08,601318,14:14:25,59.5100,66,1
2026-04-08,601318,14:14:28,59.4900,91,2
2026-04-08,601318,14:14:31,59.4700,109,2
2026-04-08,601318,14:14:34,59.4800,161,4
2026-04-08,601318,14:14:37,59.4800,143,1
2026-04-08,601318,14:14:40,59.4600,73,2
2026-04-08,601318,14:14:43,59.4900,153,1
2026-04-08,601318,14:14:46,59.4700,157,2
2026-04-08,601318,14:14:49,59.4900,31,1
2026-04-08,601318,14:14:52,59.4800,95,2
2026-04-08,601318,14:14:55,59.4700,400,2
2026-04-08,601318,14:14:58,59.4800,366,1
2026-04-08,601318,14:15:01,59.4800,94,1
2026-04-08,601318,14:15:04,59.5000,95,1
2026-04-08,601318,14:15:07,59.5200,162,1
2026-04-08,601318,14:15:10,59.5200,341,2
2026-04-08,601318,14:15:13,59.5500,313,1
2026-04-08,601318,14:15:16,59.5200,269,2
2026-04-08,601318,14:15:19,59.5500,212,1
2026-04-08,601318,14:15:22,59.5600,340,4
2026-04-08,601318,14:15:25,59.5600,165,1
2026-04-08,601318,14:15:28,59.5500,277,2
2026-04-08,601318,14:15:31,59.5400,257,2
2026-04-08,601318,14:15:34,59.5300,83,4
2026-04-08,601318,14:15:37,59.5200,151,2
2026-04-08,601318,14:15:40,59.5500,525,1
2026-04-08,601318,14:15:43,59.5500,166,1
2026-04-08,601318,14:15:46,59.5500,223,2
2026-04-08,601318,14:15:49,59.5500,50,2
2026-04-08,601318,14:15:52,59.5600,182,1
2026-04-08,601318,14:15:55,59.5600,37,1
2026-04-08,601318,14:15:58,59.5500,71,2
2026-04-08,601318,14:16:01,59.5500,426,2
2026-04-08,601318,14:16:04,59.5500,249,2
2026-04-08,601318,14:16:07,59.5700,207,1
2026-04-08,601318,14:16:10,59.5700,476,1
2026-04-08,601318,14:16:13,59.5600,271,2
2026-04-08,601318,14:16:16,59.5500,200,2
2026-04-08,601318,14:16:19,59.5700,83,1
2026-04-08,601318,14:16:22,59.5800,35,1
2026-04-08,601318,14:16:25,59.5700,352,2
2026-04-08,601318,14:16:28,59.5700,43,2
2026-04-08,601318,14:16:31,59.5500,519,2
2026-04-08,601318,14:16:34,59.5500,91,2
2026-04-08,601318,14:16:37,59.5200,287,2
2026-04-08,601318,14:16:40,59.5400,219,1
2026-04-08,601318,14:16:43,59.5300,106,2
2026-04-08,601318,14:16:46,59.5100,149,2
2026-04-08,601318,14:16:49,59.5300,23,1
2026-04-08,601318,14:16:52,59.5200,47,4
2026-04-08,601318,14:16:55,59.5200,77,1
2026-04-08,601318,14:16:58,59.5100,37,2
2026-04-08,601318,14:17:01,59.5300,52,1
2026-04-08,601318,14:17:04,59.5300,77,2
2026-04-08,601318,14:17:07,59.5300,66,2
2026-04-08,601318,14:17:10,59.5200,128,2
2026-04-08,601318,14:17:13,59.5200,57,2
2026-04-08,601318,14:17:16,59.5200,369,2
2026-04-08,601318,14:17:19,59.5300,79,1
2026-04-08,601318,14:17:22,59.5200,213,2
2026-04-08,601318,14:17:25,59.5300,58,1
2026-04-08,601318,14:17:28,59.5400,75,1
2026-04-08,601318,14:17:31,59.5400,94,2
2026-04-08,601318,14:17:34,59.5400,96,2
2026-04-08,601318,14:17:37,59.5400,164,4
2026-04-08,601318,14:17:40,59.5300,158,2
2026-04-08,601318,14:17:43,59.5300,45,2
2026-04-08,601318,14:17:46,59.5400,118,1
2026-04-08,601318,14:17:49,59.5400,417,1
2026-04-08,601318,14:17:52,59.5400,520,1
2026-04-08,601318,14:17:55,59.5300,74,2
2026-04-08,601318,14:17:58,59.5300,163,2
2026-04-08,601318,14:18:01,59.5300,137,2
2026-04-08,601318,14:18:04,59.5200,97,2
2026-04-08,601318,14:18:07,59.5300,88,1
2026-04-08,601318,14:18:10,59.5300,29,1
2026-04-08,601318,14:18:13,59.5200,25,2
2026-04-08,601318,14:18:16,59.5300,375,1
2026-04-08,601318,14:18:19,59.5100,42,2
2026-04-08,601318,14:18:22,59.5100,95,2
2026-04-08,601318,14:18:25,59.5200,150,1
2026-04-08,601318,14:18:28,59.5100,103,2
2026-04-08,601318,14:18:31,59.5000,65,2
2026-04-08,601318,14:18:34,59.5100,128,1
2026-04-08,601318,14:18:37,59.5000,30,2
2026-04-08,601318,14:18:40,59.5100,207,1
2026-04-08,601318,14:18:43,59.5000,334,2
2026-04-08,601318,14:18:46,59.5100,254,1
2026-04-08,601318,14:18:49,59.5100,137,1
2026-04-08,601318,14:18:52,59.5000,96,2
2026-04-08,601318,14:18:55,59.5000,36,2
2026-04-08,601318,14:18:58,59.5000,22,2
2026-04-08,601318,14:19:01,59.5000,41,2
2026-04-08,601318,14:19:04,59.5000,143,2
2026-04-08,601318,14:19:07,59.5000,146,1
2026-04-08,601318,14:19:10,59.4900,139,2
2026-04-08,601318,14:19:13,59.5100,154,1
2026-04-08,601318,14:19:16,59.5000,147,2
2026-04-08,601318,14:19:19,59.5300,146,1
2026-04-08,601318,14:19:22,59.5200,37,2
2026-04-08,601318,14:19:25,59.5200,107,2
2026-04-08,601318,14:19:28,59.5100,85,2
2026-04-08,601318,14:19:31,59.5000,106,2
2026-04-08,601318,14:19:34,59.5000,50,2
2026-04-08,601318,14:19:37,59.5100,64,1
2026-04-08,601318,14:19:40,59.5100,73,1
2026-04-08,601318,14:19:43,59.5100,30,1
2026-04-08,601318,14:19:46,59.5000,34,2
2026-04-08,601318,14:19:49,59.5000,20,2
2026-04-08,601318,14:19:52,59.5100,13,1
2026-04-08,601318,14:19:55,59.5000,142,2
2026-04-08,601318,14:19:58,59.5000,64,2
2026-04-08,601318,14:20:01,59.5000,462,2
2026-04-08,601318,14:20:04,59.5000,202,1
2026-04-08,601318,14:20:07,59.5000,49,2
2026-04-08,601318,14:20:10,59.5100,125,1
2026-04-08,601318,14:20:13,59.4900,74,2
2026-04-08,601318,14:20:16,59.5200,504,1
2026-04-08,601318,14:20:19,59.5200,583,1
2026-04-08,601318,14:20:22,59.5300,131,1
2026-04-08,601318,14:20:25,59.5100,138,2
2026-04-08,601318,14:20:28,59.5200,28,2
2026-04-08,601318,14:20:31,59.5200,74,2
2026-04-08,601318,14:20:34,59.5300,529,1
2026-04-08,601318,14:20:37,59.5300,76,2
2026-04-08,601318,14:20:40,59.5400,655,1
2026-04-08,601318,14:20:43,59.5500,296,1
2026-04-08,601318,14:20:46,59.5400,348,2
2026-04-08,601318,14:20:49,59.5200,251,2
2026-04-08,601318,14:20:52,59.5200,84,2
2026-04-08,601318,14:20:55,59.5100,98,2
2026-04-08,601318,14:20:58,59.4800,743,2
2026-04-08,601318,14:21:01,59.4700,198,2
2026-04-08,601318,14:21:04,59.4600,26,2
2026-04-08,601318,14:21:07,59.4600,66,1
2026-04-08,601318,14:21:10,59.4600,63,1
2026-04-08,601318,14:21:13,59.4600,78,1
2026-04-08,601318,14:21:16,59.4500,70,2
2026-04-08,601318,14:21:19,59.4600,140,1
2026-04-08,601318,14:21:22,59.4600,86,2
2026-04-08,601318,14:21:25,59.4500,100,2
2026-04-08,601318,14:21:28,59.4500,44,1
2026-04-08,601318,14:21:31,59.4500,23,1
2026-04-08,601318,14:21:34,59.4500,59,1
2026-04-08,601318,14:21:37,59.4500,43,1
2026-04-08,601318,14:21:40,59.4600,226,1
2026-04-08,601318,14:21:43,59.4600,16,1
2026-04-08,601318,14:21:46,59.4500,2,2
2026-04-08,601318,14:21:49,59.4500,108,2
2026-04-08,601318,14:21:52,59.4500,21,2
2026-04-08,601318,14:21:55,59.4500,519,2
2026-04-08,601318,14:21:58,59.4400,202,4
2026-04-08,601318,14:22:01,59.4300,21,2
2026-04-08,601318,14:22:04,59.4300,16,2
2026-04-08,601318,14:22:07,59.4400,56,1
2026-04-08,601318,14:22:10,59.4300,19,2
2026-04-08,601318,14:22:13,59.4400,201,1
2026-04-08,601318,14:22:16,59.4800,836,1
2026-04-08,601318,14:22:19,59.4800,33,1
2026-04-08,601318,14:22:22,59.4700,163,2
2026-04-08,601318,14:22:25,59.5000,210,1
2026-04-08,601318,14:22:28,59.5000,97,1
2026-04-08,601318,14:22:31,59.5000,44,1
2026-04-08,601318,14:22:34,59.5000,156,1
2026-04-08,601318,14:22:37,59.4900,227,2
2026-04-08,601318,14:22:40,59.4800,20,4
2026-04-08,601318,14:22:43,59.4700,228,2
2026-04-08,601318,14:22:46,59.4800,19,1
2026-04-08,601318,14:22:49,59.4500,476,2
2026-04-08,601318,14:22:52,59.4500,87,2
2026-04-08,601318,14:22:55,59.4500,73,2
2026-04-08,601318,14:22:58,59.4600,42,1
2026-04-08,601318,14:23:01,59.4700,261,1
2026-04-08,601318,14:23:04,59.4700,118,1
2026-04-08,601318,14:23:07,59.4900,88,1
2026-04-08,601318,14:23:10,59.4700,187,2
2026-04-08,601318,14:23:13,59.4700,75,2
2026-04-08,601318,14:23:16,59.4900,142,1
2026-04-08,601318,14:23:19,59.4800,68,2
2026-04-08,601318,14:23:22,59.4900,37,1
2026-04-08,601318,14:23:25,59.4900,92,1
2026-04-08,601318,14:23:28,59.4900,77,2
2026-04-08,601318,14:23:31,59.4900,58,2
2026-04-08,601318,14:23:34,59.5000,58,1
2026-04-08,601318,14:23:37,59.4900,79,2
2026-04-08,601318,14:23:40,59.5000,61,1
2026-04-08,601318,14:23:43,59.4900,91,2
2026-04-08,601318,14:23:46,59.5000,117,1
2026-04-08,601318,14:23:49,59.4900,14,2
2026-04-08,601318,14:23:52,59.5000,28,1
2026-04-08,601318,14:23:55,59.4900,104,2
2026-04-08,601318,14:23:58,59.5000,120,1
2026-04-08,601318,14:24:01,59.5000,430,1
2026-04-08,601318,14:24:04,59.5000,65,2
2026-04-08,601318,14:24:07,59.5100,72,4
2026-04-08,601318,14:24:10,59.5100,59,4
2026-04-08,601318,14:24:13,59.5000,328,2
2026-04-08,601318,14:24:16,59.5100,68,1
2026-04-08,601318,14:24:19,59.5000,35,2
2026-04-08,601318,14:24:22,59.5100,64,1
2026-04-08,601318,14:24:25,59.5100,92,1
2026-04-08,601318,14:24:28,59.5000,52,2
2026-04-08,601318,14:24:31,59.5000,143,2
2026-04-08,601318,14:24:34,59.5100,89,1
2026-04-08,601318,14:24:37,59.5300,257,1
2026-04-08,601318,14:24:40,59.5100,53,2
2026-04-08,601318,14:24:43,59.5200,40,4
2026-04-08,601318,14:24:46,59.5200,59,1
2026-04-08,601318,14:24:49,59.5200,42,1
2026-04-08,601318,14:24:52,59.5200,23,1
2026-04-08,601318,14:24:55,59.5200,64,2
2026-04-08,601318,14:24:58,59.5200,49,1
2026-04-08,601318,14:25:01,59.5300,44,1
2026-04-08,601318,14:25:04,59.5300,153,1
2026-04-08,601318,14:25:07,59.5200,126,2
2026-04-08,601318,14:25:10,59.5200,38,1
2026-04-08,601318,14:25:13,59.5200,48,1
2026-04-08,601318,14:25:16,59.5200,60,1
2026-04-08,601318,14:25:19,59.5200,16,1
2026-04-08,601318,14:25:22,59.5200,71,1
2026-04-08,601318,14:25:25,59.5300,53,1
2026-04-08,601318,14:25:28,59.5200,41,4
2026-04-08,601318,14:25:31,59.5300,39,1
2026-04-08,601318,14:25:34,59.5300,73,1
2026-04-08,601318,14:25:37,59.5300,30,1
2026-04-08,601318,14:25:40,59.5300,71,1
2026-04-08,601318,14:25:43,59.5300,125,1
2026-04-08,601318,14:25:46,59.5300,110,1
2026-04-08,601318,14:25:49,59.5200,133,2
2026-04-08,601318,14:25:52,59.5200,47,2
2026-04-08,601318,14:25:55,59.5200,642,1
2026-04-08,601318,14:25:58,59.5300,52,1
2026-04-08,601318,14:26:01,59.5300,58,1
2026-04-08,601318,14:26:04,59.5300,133,1
2026-04-08,601318,14:26:07,59.5300,93,1
2026-04-08,601318,14:26:10,59.5400,74,1
2026-04-08,601318,14:26:13,59.5500,297,1
2026-04-08,601318,14:26:16,59.5500,112,1
2026-04-08,601318,14:26:19,59.5500,94,1
2026-04-08,601318,14:26:22,59.5400,17,4
2026-04-08,601318,14:26:25,59.5500,111,1
2026-04-08,601318,14:26:28,59.5400,83,2
2026-04-08,601318,14:26:31,59.5300,80,2
2026-04-08,601318,14:26:34,59.5500,86,1
2026-04-08,601318,14:26:37,59.5500,153,1
2026-04-08,601318,14:26:40,59.5400,17,2
2026-04-08,601318,14:26:43,59.5500,132,1
2026-04-08,601318,14:26:46,59.5500,98,1
2026-04-08,601318,14:26:49,59.5300,553,2
2026-04-08,601318,14:26:52,59.5300,41,1
2026-04-08,601318,14:26:55,59.5200,40,2
2026-04-08,601318,14:26:58,59.5300,60,1
2026-04-08,601318,14:27:01,59.5200,84,2
2026-04-08,601318,14:27:04,59.5300,103,1
2026-04-08,601318,14:27:07,59.5400,48,1
2026-04-08,601318,14:27:10,59.5300,24,4
2026-04-08,601318,14:27:13,59.5200,79,2
2026-04-08,601318,14:27:16,59.5400,58,1
2026-04-08,601318,14:27:19,59.5400,79,1
2026-04-08,601318,14:27:22,59.5400,86,1
2026-04-08,601318,14:27:25,59.5500,84,1
2026-04-08,601318,14:27:28,59.5400,125,4
2026-04-08,601318,14:27:31,59.5400,293,2
2026-04-08,601318,14:27:34,59.5400,117,1
2026-04-08,601318,14:27:37,59.5300,60,2
2026-04-08,601318,14:27:40,59.5200,105,2
2026-04-08,601318,14:27:43,59.5300,81,1
2026-04-08,601318,14:27:46,59.5300,127,1
2026-04-08,601318,14:27:49,59.5200,218,2
2026-04-08,601318,14:27:52,59.5200,64,1
2026-04-08,601318,14:27:55,59.5200,132,1
2026-04-08,601318,14:27:58,59.5200,85,2
2026-04-08,601318,14:28:01,59.5300,34,4
2026-04-08,601318,14:28:04,59.5200,155,2
2026-04-08,601318,14:28:07,59.5300,190,1
2026-04-08,601318,14:28:10,59.5400,96,1
2026-04-08,601318,14:28:13,59.5300,69,1
2026-04-08,601318,14:28:16,59.5400,92,1
2026-04-08,601318,14:28:19,59.5400,104,1
2026-04-08,601318,14:28:22,59.5100,462,2
2026-04-08,601318,14:28:25,59.5400,51,1
2026-04-08,601318,14:28:28,59.5300,581,2
2026-04-08,601318,14:28:31,59.5300,35,1
2026-04-08,601318,14:28:34,59.5300,166,1
2026-04-08,601318,14:28:37,59.5200,628,2
2026-04-08,601318,14:28:40,59.5200,70,1
2026-04-08,601318,14:28:43,59.5300,199,1
2026-04-08,601318,14:28:46,59.5600,365,1
2026-04-08,601318,14:28:49,59.5300,224,2
2026-04-08,601318,14:28:52,59.5300,297,2
2026-04-08,601318,14:28:55,59.5300,108,2
2026-04-08,601318,14:28:58,59.5300,80,2
2026-04-08,601318,14:29:01,59.5500,128,1
2026-04-08,601318,14:29:04,59.5400,95,2
2026-04-08,601318,14:29:07,59.5500,173,1
2026-04-08,601318,14:29:10,59.5400,81,2
2026-04-08,601318,14:29:13,59.5300,72,2
2026-04-08,601318,14:29:16,59.5300,580,2
2026-04-08,601318,14:29:19,59.5300,46,2
2026-04-08,601318,14:29:22,59.5300,27,2
2026-04-08,601318,14:29:25,59.5400,10,1
2026-04-08,601318,14:29:28,59.5400,103,1
2026-04-08,601318,14:29:31,59.5400,27,2
2026-04-08,601318,14:29:34,59.5400,37,2
2026-04-08,601318,14:29:37,59.5400,294,2
2026-04-08,601318,14:29:40,59.5400,138,2
2026-04-08,601318,14:29:43,59.5500,91,1
2026-04-08,601318,14:29:46,59.5600,153,1
2026-04-08,601318,14:29:49,59.5700,271,1
2026-04-08,601318,14:29:52,59.5800,558,1
2026-04-08,601318,14:29:55,59.5800,347,1
2026-04-08,601318,14:29:58,59.5900,121,1
2026-04-08,601318,14:30:01,59.5600,183,2
2026-04-08,601318,14:30:04,59.5900,234,1
2026-04-08,601318,14:30:07,59.5700,182,2
2026-04-08,601318,14:30:10,59.5600,32,2
2026-04-08,601318,14:30:13,59.5600,248,2
2026-04-08,601318,14:30:16,59.5600,46,1
2026-04-08,601318,14:30:19,59.5500,122,2
2026-04-08,601318,14:30:22,59.5600,161,1
2026-04-08,601318,14:30:25,59.5500,154,2
2026-04-08,601318,14:30:28,59.5500,46,2
2026-04-08,601318,14:30:31,59.5500,10,2
2026-04-08,601318,14:30:34,59.5500,13,2
2026-04-08,601318,14:30:37,59.5600,67,1
2026-04-08,601318,14:30:40,59.5500,6,2
2026-04-08,601318,14:30:43,59.5500,492,2
2026-04-08,601318,14:30:46,59.5500,454,1
2026-04-08,601318,14:30:49,59.5500,23,1
2026-04-08,601318,14:30:52,59.5400,169,2
2026-04-08,601318,14:30:55,59.5500,143,1
2026-04-08,601318,14:30:58,59.5400,9,4
2026-04-08,601318,14:31:01,59.5600,68,1
2026-04-08,601318,14:31:04,59.5500,30,2
2026-04-08,601318,14:31:07,59.5500,28,2
2026-04-08,601318,14:31:10,59.5600,18,1
2026-04-08,601318,14:31:13,59.5600,142,2
2026-04-08,601318,14:31:16,59.5600,89,2
2026-04-08,601318,14:31:19,59.5700,93,1
2026-04-08,601318,14:31:22,59.5700,151,2
2026-04-08,601318,14:31:25,59.5700,41,2
2026-04-08,601318,14:31:28,59.5700,10,2
2026-04-08,601318,14:31:31,59.5700,381,2
2026-04-08,601318,14:31:34,59.5600,82,2
2026-04-08,601318,14:31:37,59.5600,210,2
2026-04-08,601318,14:31:40,59.5500,25,2
2026-04-08,601318,14:31:43,59.5500,163,2
2026-04-08,601318,14:31:46,59.5600,167,1
2026-04-08,601318,14:31:49,59.5500,80,2
2026-04-08,601318,14:31:52,59.5300,96,2
2026-04-08,601318,14:31:55,59.5300,200,2
2026-04-08,601318,14:31:58,59.5300,73,2
2026-04-08,601318,14:32:01,59.5300,47,1
2026-04-08,601318,14:32:04,59.5300,25,1
2026-04-08,601318,14:32:07,59.5200,39,2
2026-04-08,601318,14:32:10,59.5200,148,2
2026-04-08,601318,14:32:13,59.5100,146,2
2026-04-08,601318,14:32:16,59.5200,169,1
2026-04-08,601318,14:32:19,59.5200,268,1
2026-04-08,601318,14:32:22,59.5300,79,1
2026-04-08,601318,14:32:25,59.5200,213,2
2026-04-08,601318,14:32:28,59.5200,73,2
2026-04-08,601318,14:32:31,59.5300,11,1
2026-04-08,601318,14:32:34,59.5200,33,2
2026-04-08,601318,14:32:37,59.5300,78,1
2026-04-08,601318,14:32:40,59.5200,95,2
2026-04-08,601318,14:32:43,59.5200,95,2
2026-04-08,601318,14:32:46,59.5200,17,2
2026-04-08,601318,14:32:49,59.5200,17,2
2026-04-08,601318,14:32:52,59.5300,71,1
2026-04-08,601318,14:32:55,59.5200,12,2
2026-04-08,601318,14:32:58,59.5200,59,2
2026-04-08,601318,14:33:01,59.5200,27,2
2026-04-08,601318,14:33:04,59.5300,7,1
2026-04-08,601318,14:33:07,59.5200,61,2
2026-04-08,601318,14:33:10,59.5400,665,1
2026-04-08,601318,14:33:13,59.5300,61,2
2026-04-08,601318,14:33:16,59.5300,10,2
2026-04-08,601318,14:33:19,59.5300,19,2
2026-04-08,601318,14:33:22,59.5300,70,2
2026-04-08,601318,14:33:25,59.5400,128,1
2026-04-08,601318,14:33:28,59.5400,39,1
2026-04-08,601318,14:33:31,59.5400,24,1
2026-04-08,601318,14:33:34,59.5400,95,1
2026-04-08,601318,14:33:37,59.5400,51,2
2026-04-08,601318,14:33:40,59.5400,78,2
2026-04-08,601318,14:33:43,59.5400,175,2
2026-04-08,601318,14:33:46,59.5500,389,1
2026-04-08,601318,14:33:49,59.5500,96,1
2026-04-08,601318,14:33:52,59.5500,28,1
2026-04-08,601318,14:33:55,59.5400,32,2
2026-04-08,601318,14:33:58,59.5500,63,1
2026-04-08,601318,14:34:01,59.5500,237,1
2026-04-08,601318,14:34:04,59.5400,77,2
2026-04-08,601318,14:34:07,59.5400,43,2
2026-04-08,601318,14:34:10,59.5500,98,1
2026-04-08,601318,14:34:13,59.5500,52,1
2026-04-08,601318,14:34:16,59.5500,190,2
2026-04-08,601318,14:34:19,59.5500,23,2
2026-04-08,601318,14:34:22,59.5700,443,1
2026-04-08,601318,14:34:25,59.5900,513,1
2026-04-08,601318,14:34:28,59.5800,278,2
2026-04-08,601318,14:34:31,59.5900,118,1
2026-04-08,601318,14:34:34,59.5900,264,1
2026-04-08,601318,14:34:37,59.5800,161,2
2026-04-08,601318,14:34:40,59.5900,172,1
2026-04-08,601318,14:34:43,59.5900,120,2
2026-04-08,601318,14:34:46,59.5800,174,2
2026-04-08,601318,14:34:49,59.5800,442,2
2026-04-08,601318,14:34:52,59.5900,234,1
2026-04-08,601318,14:34:55,59.5900,91,1
2026-04-08,601318,14:34:58,59.5900,38,1
2026-04-08,601318,14:35:01,59.5900,100,1
2026-04-08,601318,14:35:04,59.5900,492,1
2026-04-08,601318,14:35:07,59.5900,77,1
2026-04-08,601318,14:35:10,59.5800,191,2
2026-04-08,601318,14:35:13,59.5900,437,1
2026-04-08,601318,14:35:16,59.5900,76,1
2026-04-08,601318,14:35:19,59.5800,50,2
2026-04-08,601318,14:35:22,59.5900,150,1
2026-04-08,601318,14:35:25,59.5800,451,2
2026-04-08,601318,14:35:28,59.5800,428,2
2026-04-08,601318,14:35:31,59.5900,126,1
2026-04-08,601318,14:35:34,59.5800,231,2
2026-04-08,601318,14:35:37,59.5900,81,1
2026-04-08,601318,14:35:40,59.5900,40,1
2026-04-08,601318,14:35:43,59.5800,132,2
2026-04-08,601318,14:35:46,59.5900,84,1
2026-04-08,601318,14:35:49,59.5800,341,2
2026-04-08,601318,14:35:52,59.5800,258,1
2026-04-08,601318,14:35:55,59.5700,48,2
2026-04-08,601318,14:35:58,59.5700,42,2
2026-04-08,601318,14:36:01,59.5800,44,1
2026-04-08,601318,14:36:04,59.5800,37,1
2026-04-08,601318,14:36:07,59.5700,197,2
2026-04-08,601318,14:36:10,59.5700,103,2
2026-04-08,601318,14:36:13,59.5700,700,2
2026-04-08,601318,14:36:16,59.5800,32,1
2026-04-08,601318,14:36:19,59.5700,36,2
2026-04-08,601318,14:36:22,59.5800,133,1
2026-04-08,601318,14:36:25,59.5700,31,2
2026-04-08,601318,14:36:28,59.5600,240,2
2026-04-08,601318,14:36:31,59.5900,172,1
2026-04-08,601318,14:36:34,59.5800,154,1
2026-04-08,601318,14:36:37,59.5900,72,1
2026-04-08,601318,14:36:40,59.5800,50,2
2026-04-08,601318,14:36:43,59.6000,680,1
2026-04-08,601318,14:36:46,59.5800,106,2
2026-04-08,601318,14:36:49,59.5800,36,2
2026-04-08,601318,14:36:52,59.5800,78,2
2026-04-08,601318,14:36:55,59.5900,43,1
2026-04-08,601318,14:36:58,59.5800,495,2
2026-04-08,601318,14:37:01,59.5800,161,2
2026-04-08,601318,14:37:04,59.5800,20,2
2026-04-08,601318,14:37:07,59.5800,134,2
2026-04-08,601318,14:37:10,59.5700,73,2
2026-04-08,601318,14:37:13,59.5700,38,2
2026-04-08,601318,14:37:16,59.5700,46,2
2026-04-08,601318,14:37:19,59.5700,84,2
2026-04-08,601318,14:37:22,59.5700,126,2
2026-04-08,601318,14:37:25,59.5700,149,2
2026-04-08,601318,14:37:28,59.5800,28,1
2026-04-08,601318,14:37:31,59.5700,19,2
2026-04-08,601318,14:37:34,59.5700,37,2
2026-04-08,601318,14:37:37,59.5800,114,1
2026-04-08,601318,14:37:40,59.5700,21,2
2026-04-08,601318,14:37:43,59.5800,20,1
2026-04-08,601318,14:37:46,59.5800,775,1
2026-04-08,601318,14:37:49,59.5700,93,2
2026-04-08,601318,14:37:52,59.5700,22,2
2026-04-08,601318,14:37:55,59.5700,29,2
2026-04-08,601318,14:37:58,59.5800,145,1
2026-04-08,601318,14:38:01,59.5800,32,2
2026-04-08,601318,14:38:04,59.5800,29,2
2026-04-08,601318,14:38:07,59.5800,74,2
2026-04-08,601318,14:38:10,59.5800,8,2
2026-04-08,601318,14:38:13,59.5800,32,2
2026-04-08,601318,14:38:16,59.5800,75,2
2026-04-08,601318,14:38:19,59.5800,28,2
2026-04-08,601318,14:38:22,59.5800,344,2
2026-04-08,601318,14:38:25,59.5800,38,2
2026-04-08,601318,14:38:28,59.5800,27,2
2026-04-08,601318,14:38:31,59.5900,80,1
2026-04-08,601318,14:38:34,59.5800,329,2
2026-04-08,601318,14:38:37,59.5900,42,1
2026-04-08,601318,14:38:40,59.5900,14,1
2026-04-08,601318,14:38:43,59.5800,55,2
2026-04-08,601318,14:38:46,59.5900,78,1
2026-04-08,601318,14:38:49,59.5800,41,2
2026-04-08,601318,14:38:52,59.5900,16,1
2026-04-08,601318,14:38:55,59.5900,187,1
2026-04-08,601318,14:38:58,59.5900,47,1
2026-04-08,601318,14:39:01,59.5900,36,1
2026-04-08,601318,14:39:04,59.5900,42,1
2026-04-08,601318,14:39:07,59.5900,580,1
2026-04-08,601318,14:39:10,59.5600,437,2
2026-04-08,601318,14:39:13,59.5700,135,1
2026-04-08,601318,14:39:16,59.5700,5,1
2026-04-08,601318,14:39:19,59.5700,23,1
2026-04-08,601318,14:39:22,59.5700,67,1
2026-04-08,601318,14:39:25,59.5700,151,1
2026-04-08,601318,14:39:28,59.5700,231,1
2026-04-08,601318,14:39:31,59.5700,74,2
2026-04-08,601318,14:39:34,59.5700,53,2
2026-04-08,601318,14:39:37,59.5800,65,1
2026-04-08,601318,14:39:40,59.5800,56,1
2026-04-08,601318,14:39:43,59.5800,63,2
2026-04-08,601318,14:39:46,59.5800,53,2
2026-04-08,601318,14:39:49,59.5800,527,2
2026-04-08,601318,14:39:52,59.5900,86,1
2026-04-08,601318,14:39:55,59.5800,434,2
2026-04-08,601318,14:39:58,59.5800,42,2
2026-04-08,601318,14:40:01,59.5700,86,2
2026-04-08,601318,14:40:04,59.5700,676,2
2026-04-08,601318,14:40:07,59.5700,205,2
2026-04-08,601318,14:40:10,59.5500,337,2
2026-04-08,601318,14:40:13,59.5600,435,1
2026-04-08,601318,14:40:16,59.5900,521,1
2026-04-08,601318,14:40:19,59.5900,203,1
2026-04-08,601318,14:40:22,59.5700,371,2
2026-04-08,601318,14:40:25,59.5900,111,1
2026-04-08,601318,14:40:28,59.6000,64,1
2026-04-08,601318,14:40:31,59.5900,524,1
2026-04-08,601318,14:40:34,59.5900,94,1
2026-04-08,601318,14:40:37,59.5900,93,1
2026-04-08,601318,14:40:40,59.5900,17,2
2026-04-08,601318,14:40:43,59.5800,36,2
2026-04-08,601318,14:40:46,59.5900,10,4
2026-04-08,601318,14:40:49,59.5800,6,2
2026-04-08,601318,14:40:52,59.5800,56,2
2026-04-08,601318,14:40:55,59.5800,64,2
2026-04-08,601318,14:40:58,59.5800,549,2
2026-04-08,601318,14:41:01,59.5800,141,2
2026-04-08,601318,14:41:04,59.5800,79,1
2026-04-08,601318,14:41:07,59.5800,89,1
2026-04-08,601318,14:41:10,59.5800,41,1
2026-04-08,601318,14:41:13,59.5700,33,2
2026-04-08,601318,14:41:16,59.5700,207,2
2026-04-08,601318,14:41:19,59.5700,28,2
2026-04-08,601318,14:41:22,59.5800,20,1
2026-04-08,601318,14:41:25,59.5800,45,1
2026-04-08,601318,14:41:28,59.5700,88,2
2026-04-08,601318,14:41:31,59.5800,108,1
2026-04-08,601318,14:41:34,59.5700,53,2
2026-04-08,601318,14:41:37,59.5700,38,2
2026-04-08,601318,14:41:40,59.5700,38,2
2026-04-08,601318,14:41:43,59.5700,82,2
2026-04-08,601318,14:41:46,59.5700,819,2
2026-04-08,601318,14:41:49,59.5700,54,2
2026-04-08,601318,14:41:52,59.5800,166,1
2026-04-08,601318,14:41:55,59.5800,107,1
2026-04-08,601318,14:41:58,59.5900,111,1
2026-04-08,601318,14:42:01,59.5800,640,2
2026-04-08,601318,14:42:04,59.5900,27,1
2026-04-08,601318,14:42:07,59.5800,136,2
2026-04-08,601318,14:42:10,59.5800,26,2
2026-04-08,601318,14:42:13,59.5800,114,2
2026-04-08,601318,14:42:16,59.5800,68,2
2026-04-08,601318,14:42:19,59.5800,41,2
2026-04-08,601318,14:42:22,59.5800,18,2
2026-04-08,601318,14:42:25,59.5800,23,2
2026-04-08,601318,14:42:28,59.5700,645,2
2026-04-08,601318,14:42:31,59.5600,460,2
2026-04-08,601318,14:42:34,59.5600,392,2
2026-04-08,601318,14:42:37,59.5600,336,1
2026-04-08,601318,14:42:40,59.5700,26,1
2026-04-08,601318,14:42:43,59.5600,13,2
2026-04-08,601318,14:42:46,59.5600,80,2
2026-04-08,601318,14:42:49,59.5600,45,2
2026-04-08,601318,14:42:52,59.5700,53,1
2026-04-08,601318,14:42:55,59.5700,58,2
2026-04-08,601318,14:42:58,59.5700,55,2
2026-04-08,601318,14:43:01,59.5700,50,2
2026-04-08,601318,14:43:04,59.5700,36,2
2026-04-08,601318,14:43:07,59.5700,371,2
2026-04-08,601318,14:43:10,59.5800,76,1
2026-04-08,601318,14:43:13,59.5800,80,1
2026-04-08,601318,14:43:16,59.5800,45,1
2026-04-08,601318,14:43:19,59.5700,78,2
2026-04-08,601318,14:43:22,59.5800,41,1
2026-04-08,601318,14:43:25,59.5700,128,2
2026-04-08,601318,14:43:28,59.5700,45,2
2026-04-08,601318,14:43:31,59.5800,42,1
2026-04-08,601318,14:43:34,59.5700,24,2
2026-04-08,601318,14:43:37,59.5800,24,1
2026-04-08,601318,14:43:40,59.5700,178,2
2026-04-08,601318,14:43:43,59.5700,100,2
2026-04-08,601318,14:43:46,59.5700,408,2
2026-04-08,601318,14:43:49,59.5700,112,2
2026-04-08,601318,14:43:52,59.5700,33,1
2026-04-08,601318,14:43:55,59.5700,414,1
2026-04-08,601318,14:43:58,59.5800,131,1
2026-04-08,601318,14:44:01,59.5600,148,2
2026-04-08,601318,14:44:04,59.5800,91,1
2026-04-08,601318,14:44:07,59.5800,558,1
2026-04-08,601318,14:44:10,59.5800,16,1
2026-04-08,601318,14:44:13,59.5800,63,1
2026-04-08,601318,14:44:16,59.5800,150,1
2026-04-08,601318,14:44:19,59.5800,52,1
2026-04-08,601318,14:44:22,59.5800,302,1
2026-04-08,601318,14:44:25,59.5800,61,1
2026-04-08,601318,14:44:28,59.5800,95,1
2026-04-08,601318,14:44:31,59.5700,175,2
2026-04-08,601318,14:44:34,59.5800,316,1
2026-04-08,601318,14:44:37,59.5800,42,1
2026-04-08,601318,14:44:40,59.5800,54,1
2026-04-08,601318,14:44:43,59.5700,38,2
2026-04-08,601318,14:44:46,59.5800,525,1
2026-04-08,601318,14:44:49,59.5800,57,1
2026-04-08,601318,14:44:52,59.5800,26,2
2026-04-08,601318,14:44:55,59.5900,114,1
2026-04-08,601318,14:44:58,59.5900,267,1
2026-04-08,601318,14:45:01,59.5800,96,2
2026-04-08,601318,14:45:04,59.5700,1022,2
2026-04-08,601318,14:45:07,59.5600,299,2
2026-04-08,601318,14:45:10,59.5600,234,2
2026-04-08,601318,14:45:13,59.5500,341,2
2026-04-08,601318,14:45:16,59.5500,147,2
2026-04-08,601318,14:45:19,59.5600,66,1
2026-04-08,601318,14:45:22,59.5200,980,2
2026-04-08,601318,14:45:25,59.5400,167,1
2026-04-08,601318,14:45:28,59.5200,401,2
2026-04-08,601318,14:45:31,59.5200,587,1
2026-04-08,601318,14:45:34,59.5300,302,1
2026-04-08,601318,14:45:37,59.5600,409,1
2026-04-08,601318,14:45:40,59.5600,529,1
2026-04-08,601318,14:45:43,59.5600,203,2
2026-04-08,601318,14:45:46,59.5700,54,4
2026-04-08,601318,14:45:49,59.5700,29,1
2026-04-08,601318,14:45:52,59.5600,18,2
2026-04-08,601318,14:45:55,59.5700,38,1
2026-04-08,601318,14:45:58,59.5600,20,2
2026-04-08,601318,14:46:01,59.5600,119,2
2026-04-08,601318,14:46:04,59.5600,164,2
2026-04-08,601318,14:46:07,59.5600,131,2
2026-04-08,601318,14:46:10,59.5600,140,2
2026-04-08,601318,14:46:13,59.5600,118,1
2026-04-08,601318,14:46:16,59.5600,22,1
2026-04-08,601318,14:46:19,59.5600,246,1
2026-04-08,601318,14:46:22,59.5600,46,1
2026-04-08,601318,14:46:25,59.5600,67,1
2026-04-08,601318,14:46:28,59.5600,89,1
2026-04-08,601318,14:46:31,59.5500,106,2
2026-04-08,601318,14:46:34,59.5500,180,2
2026-04-08,601318,14:46:37,59.5600,33,1
2026-04-08,601318,14:46:40,59.5500,75,2
2026-04-08,601318,14:46:43,59.5500,55,2
2026-04-08,601318,14:46:46,59.5700,308,1
2026-04-08,601318,14:46:49,59.5700,163,1
2026-04-08,601318,14:46:52,59.5700,199,1
2026-04-08,601318,14:46:55,59.5600,74,2
2026-04-08,601318,14:46:58,59.5600,19,2
2026-04-08,601318,14:47:01,59.5600,101,2
2026-04-08,601318,14:47:04,59.5700,98,1
2026-04-08,601318,14:47:07,59.5700,71,1
2026-04-08,601318,14:47:10,59.5700,41,1
2026-04-08,601318,14:47:13,59.5600,227,2
2026-04-08,601318,14:47:16,59.5700,121,1
2026-04-08,601318,14:47:19,59.5600,273,2
2026-04-08,601318,14:47:22,59.5600,194,2
2026-04-08,601318,14:47:25,59.5600,322,2
2026-04-08,601318,14:47:28,59.5700,105,1
2026-04-08,601318,14:47:31,59.5600,121,2
2026-04-08,601318,14:47:34,59.5600,125,2
2026-04-08,601318,14:47:37,59.5800,494,1
2026-04-08,601318,14:47:40,59.5700,98,2
2026-04-08,601318,14:47:43,59.5700,567,2
2026-04-08,601318,14:47:46,59.5700,43,2
2026-04-08,601318,14:47:49,59.5700,74,2
2026-04-08,601318,14:47:52,59.5800,275,1
2026-04-08,601318,14:47:55,59.5900,850,1
2026-04-08,601318,14:47:58,59.5900,379,1
2026-04-08,601318,14:48:01,59.5900,90,1
2026-04-08,601318,14:48:04,59.5800,486,2
2026-04-08,601318,14:48:07,59.5800,225,2
2026-04-08,601318,14:48:10,59.5800,116,2
2026-04-08,601318,14:48:13,59.5900,195,1
2026-04-08,601318,14:48:16,59.5800,213,2
2026-04-08,601318,14:48:19,59.5700,217,2
2026-04-08,601318,14:48:22,59.5800,130,1
2026-04-08,601318,14:48:25,59.5700,140,2
2026-04-08,601318,14:48:28,59.5800,327,1
2026-04-08,601318,14:48:31,59.5700,343,4
2026-04-08,601318,14:48:34,59.5600,23,4
2026-04-08,601318,14:48:37,59.5500,638,2
2026-04-08,601318,14:48:40,59.5600,7,2
2026-04-08,601318,14:48:43,59.5600,43,2
2026-04-08,601318,14:48:46,59.5700,91,1
2026-04-08,601318,14:48:49,59.5700,173,1
2026-04-08,601318,14:48:52,59.5700,85,1
2026-04-08,601318,14:48:55,59.5600,110,2
2026-04-08,601318,14:48:58,59.5600,161,1
2026-04-08,601318,14:49:01,59.5600,35,1
2026-04-08,601318,14:49:04,59.5500,96,2
2026-04-08,601318,14:49:07,59.5700,144,1
2026-04-08,601318,14:49:10,59.5700,55,1
2026-04-08,601318,14:49:13,59.5500,84,2
2026-04-08,601318,14:49:16,59.5500,81,2
2026-04-08,601318,14:49:19,59.5500,148,1
2026-04-08,601318,14:49:22,59.5300,166,2
2026-04-08,601318,14:49:25,59.5300,174,2
2026-04-08,601318,14:49:28,59.5300,75,2
2026-04-08,601318,14:49:31,59.5300,59,2
2026-04-08,601318,14:49:34,59.5400,155,1
2026-04-08,601318,14:49:37,59.5400,70,1
2026-04-08,601318,14:49:40,59.5400,55,2
2026-04-08,601318,14:49:43,59.5300,267,2
2026-04-08,601318,14:49:46,59.5300,62,2
2026-04-08,601318,14:49:49,59.5200,129,2
2026-04-08,601318,14:49:52,59.5200,177,2
2026-04-08,601318,14:49:55,59.5100,752,2
2026-04-08,601318,14:49:58,59.4600,1354,2
2026-04-08,601318,14:50:01,59.4300,1929,2
2026-04-08,601318,14:50:04,59.4300,376,1
2026-04-08,601318,14:50:07,59.4500,303,1
2026-04-08,601318,14:50:10,59.4600,408,1
2026-04-08,601318,14:50:13,59.4700,115,2
2026-04-08,601318,14:50:16,59.4800,174,1
2026-04-08,601318,14:50:19,59.5000,247,1
2026-04-08,601318,14:50:22,59.4900,202,1
2026-04-08,601318,14:50:25,59.4800,52,2
2026-04-08,601318,14:50:28,59.4700,74,2
2026-04-08,601318,14:50:31,59.4700,82,1
2026-04-08,601318,14:50:34,59.4700,230,1
2026-04-08,601318,14:50:37,59.4700,59,2
2026-04-08,601318,14:50:40,59.4800,176,1
2026-04-08,601318,14:50:43,59.4800,85,1
2026-04-08,601318,14:50:46,59.4700,155,2
2026-04-08,601318,14:50:49,59.4800,165,1
2026-04-08,601318,14:50:52,59.4700,98,2
2026-04-08,601318,14:50:55,59.4700,84,2
2026-04-08,601318,14:50:58,59.4700,59,2
2026-04-08,601318,14:51:01,59.4700,295,2
2026-04-08,601318,14:51:04,59.4800,142,1
2026-04-08,601318,14:51:07,59.4800,352,1
2026-04-08,601318,14:51:10,59.4800,216,1
2026-04-08,601318,14:51:13,59.4700,38,2
2026-04-08,601318,14:51:16,59.4600,99,2
2026-04-08,601318,14:51:19,59.4600,105,2
2026-04-08,601318,14:51:22,59.4600,133,2
2026-04-08,601318,14:51:25,59.4700,103,1
2026-04-08,601318,14:51:28,59.4600,122,2
2026-04-08,601318,14:51:31,59.4600,51,2
2026-04-08,601318,14:51:34,59.4600,76,2
2026-04-08,601318,14:51:37,59.4700,310,1
2026-04-08,601318,14:51:40,59.4600,126,2
2026-04-08,601318,14:51:43,59.4700,45,1
2026-04-08,601318,14:51:46,59.4700,162,1
2026-04-08,601318,14:51:49,59.4600,82,2
2026-04-08,601318,14:51:52,59.4700,507,4
2026-04-08,601318,14:51:55,59.4700,65,4
2026-04-08,601318,14:51:58,59.4800,140,1
2026-04-08,601318,14:52:01,59.4800,125,2
2026-04-08,601318,14:52:04,59.5000,208,1
2026-04-08,601318,14:52:07,59.4900,340,2
2026-04-08,601318,14:52:10,59.5000,164,1
2026-04-08,601318,14:52:13,59.4900,133,2
2026-04-08,601318,14:52:16,59.5000,102,1
2026-04-08,601318,14:52:19,59.4900,617,2
2026-04-08,601318,14:52:22,59.4900,44,2
2026-04-08,601318,14:52:25,59.4900,99,1
2026-04-08,601318,14:52:28,59.4900,77,2
2026-04-08,601318,14:52:31,59.4900,263,2
2026-04-08,601318,14:52:34,59.5000,89,1
2026-04-08,601318,14:52:37,59.4900,285,2
2026-04-08,601318,14:52:40,59.4900,75,2
2026-04-08,601318,14:52:43,59.4900,193,2
2026-04-08,601318,14:52:46,59.4900,250,1
2026-04-08,601318,14:52:49,59.5000,59,1
2026-04-08,601318,14:52:52,59.4900,132,2
2026-04-08,601318,14:52:55,59.5000,130,1
2026-04-08,601318,14:52:58,59.5000,207,1
2026-04-08,601318,14:53:01,59.4800,203,2
2026-04-08,601318,14:53:04,59.4800,211,2
2026-04-08,601318,14:53:07,59.4600,1081,2
2026-04-08,601318,14:53:10,59.4700,201,4
2026-04-08,601318,14:53:13,59.4800,214,1
2026-04-08,601318,14:53:16,59.4800,126,1
2026-04-08,601318,14:53:19,59.4900,90,1
2026-04-08,601318,14:53:22,59.4900,137,1
2026-04-08,601318,14:53:25,59.4800,26,4
2026-04-08,601318,14:53:28,59.4800,145,2
2026-04-08,601318,14:53:31,59.4600,157,2
2026-04-08,601318,14:53:34,59.4600,178,2
2026-04-08,601318,14:53:37,59.4800,190,1
2026-04-08,601318,14:53:40,59.4700,71,2
2026-04-08,601318,14:53:43,59.4600,244,2
2026-04-08,601318,14:53:46,59.4700,152,1
2026-04-08,601318,14:53:49,59.4700,451,1
2026-04-08,601318,14:53:52,59.4700,80,1
2026-04-08,601318,14:53:55,59.4800,128,1
2026-04-08,601318,14:53:58,59.4700,29,2
2026-04-08,601318,14:54:01,59.4800,138,1
2026-04-08,601318,14:54:04,59.4700,306,2
2026-04-08,601318,14:54:07,59.4800,331,1
2026-04-08,601318,14:54:10,59.4800,233,2
2026-04-08,601318,14:54:13,59.4800,50,4
2026-04-08,601318,14:54:16,59.4800,161,1
2026-04-08,601318,14:54:19,59.4800,160,2
2026-04-08,601318,14:54:22,59.4800,137,2
2026-04-08,601318,14:54:25,59.4700,364,2
2026-04-08,601318,14:54:28,59.4700,77,1
2026-04-08,601318,14:54:31,59.4800,86,1
2026-04-08,601318,14:54:34,59.4700,158,2
2026-04-08,601318,14:54:37,59.4700,94,2
2026-04-08,601318,14:54:40,59.4800,160,1
2026-04-08,601318,14:54:43,59.4700,87,2
2026-04-08,601318,14:54:46,59.4900,133,1
2026-04-08,601318,14:54:49,59.4700,97,2
2026-04-08,601318,14:54:52,59.4900,189,1
2026-04-08,601318,14:54:55,59.4800,113,2
2026-04-08,601318,14:54:58,59.4900,100,1
2026-04-08,601318,14:55:01,59.4800,398,4
2026-04-08,601318,14:55:04,59.4700,375,2
2026-04-08,601318,14:55:07,59.4600,251,2
2026-04-08,601318,14:55:10,59.4800,621,1
2026-04-08,601318,14:55:13,59.4700,101,1
2026-04-08,601318,14:55:16,59.4600,215,2
2026-04-08,601318,14:55:19,59.4600,434,2
2026-04-08,601318,14:55:22,59.4500,134,2
2026-04-08,601318,14:55:25,59.4600,617,1
2026-04-08,601318,14:55:28,59.4600,160,2
2026-04-08,601318,14:55:31,59.4700,196,1
2026-04-08,601318,14:55:34,59.4800,101,1
2026-04-08,601318,14:55:37,59.4800,531,1
2026-04-08,601318,14:55:40,59.4800,186,2
2026-04-08,601318,14:55:43,59.4800,412,2
2026-04-08,601318,14:55:46,59.5000,194,1
2026-04-08,601318,14:55:49,59.4900,148,2
2026-04-08,601318,14:55:52,59.4900,53,4
2026-04-08,601318,14:55:55,59.4900,69,1
2026-04-08,601318,14:55:58,59.5000,195,1
2026-04-08,601318,14:56:01,59.5000,303,1
2026-04-08,601318,14:56:04,59.5000,700,1
2026-04-08,601318,14:56:07,59.5000,1121,1
2026-04-08,601318,14:56:10,59.5000,169,2
2026-04-08,601318,14:56:13,59.5100,110,4
2026-04-08,601318,14:56:16,59.5200,132,1
2026-04-08,601318,14:56:19,59.5000,269,2
2026-04-08,601318,14:56:22,59.5000,362,2
2026-04-08,601318,14:56:25,59.5000,188,1
2026-04-08,601318,14:56:28,59.4900,122,2
2026-04-08,601318,14:56:31,59.4900,205,2
2026-04-08,601318,14:56:34,59.4900,89,2
2026-04-08,601318,14:56:37,59.5000,343,1
2026-04-08,601318,14:56:40,59.4900,394,1
2026-04-08,601318,14:56:43,59.4800,241,1
2026-04-08,601318,14:56:46,59.4900,219,1
2026-04-08,601318,14:56:49,59.4700,37,4
2026-04-08,601318,14:56:52,59.4700,53,1
2026-04-08,601318,14:56:55,59.4700,195,2
2026-04-08,601318,14:56:58,59.4700,105,2
2026-04-08,601318,14:57:01,59.4700,55,2
2026-04-08,601318,15:00:03,59.4500,11907,4
2026-04-08,601318,13:17:04,59.2400,81,1
2026-04-08,601318,13:17:07,59.2400,164,1
2026-04-08,601318,13:17:10,59.2600,58,1
2026-04-08,601318,13:17:13,59.2500,102,2
2026-04-08,601318,13:17:16,59.2500,72,2
2026-04-08,601318,13:17:19,59.2500,60,2
2026-04-08,601318,13:17:22,59.2600,42,1
2026-04-08,601318,13:17:25,59.2500,20,2
2026-04-08,601318,13:17:28,59.2600,66,1
2026-04-08,601318,13:17:31,59.2700,464,1
2026-04-08,601318,13:17:34,59.2800,324,1
2026-04-08,601318,13:17:37,59.2900,313,1
2026-04-08,601318,13:17:40,59.2800,102,2
2026-04-08,601318,13:17:43,59.2900,172,1
2026-04-08,601318,13:17:46,59.3000,40,1
2026-04-08,601318,13:17:49,59.3000,103,1
2026-04-08,601318,13:17:52,59.3000,91,1
2026-04-08,601318,13:17:55,59.2900,278,2
2026-04-08,601318,13:17:58,59.3000,121,1
2026-04-08,601318,13:18:01,59.3000,153,1
2026-04-08,601318,13:18:04,59.3000,134,1
2026-04-08,601318,13:18:07,59.3000,128,1
2026-04-08,601318,13:18:10,59.2900,306,2
2026-04-08,601318,13:18:13,59.3000,118,1
2026-04-08,601318,13:18:16,59.3100,312,1
2026-04-08,601318,13:18:19,59.3100,298,1
2026-04-08,601318,13:18:22,59.3400,631,1
2026-04-08,601318,13:18:25,59.3500,284,1
2026-04-08,601318,13:18:28,59.3600,199,1
2026-04-08,601318,13:18:31,59.3600,299,1
2026-04-08,601318,13:18:34,59.3600,74,1
2026-04-08,601318,13:18:37,59.3600,81,1
2026-04-08,601318,13:18:40,59.3600,142,2
2026-04-08,601318,13:18:43,59.3600,57,2
2026-04-08,601318,13:18:46,59.3600,80,2
2026-04-08,601318,13:18:49,59.3600,50,2
2026-04-08,601318,13:18:52,59.3500,121,2
2026-04-08,601318,13:18:55,59.3600,167,1
2026-04-08,601318,13:18:58,59.3500,152,2
2026-04-08,601318,13:19:01,59.3800,102,1
2026-04-08,601318,13:19:04,59.3500,41,2
2026-04-08,601318,13:19:07,59.3600,73,1
2026-04-08,601318,13:19:10,59.3700,61,1
2026-04-08,601318,13:19:13,59.3700,154,1
2026-04-08,601318,13:19:16,59.3700,111,2
2026-04-08,601318,13:19:19,59.3700,121,2
2026-04-08,601318,13:19:22,59.3700,30,1
2026-04-08,601318,13:19:25,59.3900,561,1
2026-04-08,601318,13:19:28,59.3700,26,2
2026-04-08,601318,13:19:31,59.3900,81,1
2026-04-08,601318,13:19:34,59.3800,176,4
2026-04-08,601318,13:19:37,59.3800,133,2
2026-04-08,601318,13:19:40,59.3900,141,1
2026-04-08,601318,13:19:43,59.3800,50,2
2026-04-08,601318,13:19:46,59.3900,236,1
2026-04-08,601318,13:19:49,59.3800,158,1
2026-04-08,601318,13:19:52,59.3800,103,2
2026-04-08,601318,13:19:55,59.3800,56,2
2026-04-08,601318,13:19:58,59.3800,209,1
2026-04-08,601318,13:20:01,59.3900,382,1
2026-04-08,601318,13:20:04,59.3900,566,1
2026-04-08,601318,13:20:07,59.3900,169,2
2026-04-08,601318,13:20:10,59.4000,730,1
2026-04-08,601318,13:20:13,59.4000,127,1
2026-04-08,601318,13:20:16,59.4000,552,1
2026-04-08,601318,13:20:19,59.4000,483,1
2026-04-08,601318,13:20:22,59.4100,379,1
2026-04-08,601318,13:20:25,59.4100,166,1
2026-04-08,601318,13:20:28,59.4100,158,1
2026-04-08,601318,13:20:31,59.4100,291,1
2026-04-08,601318,13:20:34,59.4000,62,2
2026-04-08,601318,13:20:37,59.4100,154,1
2026-04-08,601318,13:20:40,59.3900,411,2
2026-04-08,601318,13:20:43,59.4200,532,1
2026-04-08,601318,13:20:46,59.4200,52,2
2026-04-08,601318,13:20:49,59.4200,243,4
2026-04-08,601318,13:20:52,59.4200,109,2
2026-04-08,601318,13:20:55,59.4300,57,1
2026-04-08,601318,13:20:58,59.4300,206,1
2026-04-08,601318,13:21:01,59.4400,204,1
2026-04-08,601318,13:21:04,59.4300,338,2
2026-04-08,601318,13:21:07,59.4500,101,1
2026-04-08,601318,13:21:10,59.4400,348,4
2026-04-08,601318,13:21:13,59.4300,1132,2
2026-04-08,601318,13:21:16,59.4200,337,2
2026-04-08,601318,13:21:19,59.3600,133,2
2026-04-08,601318,13:21:22,59.4300,94,1
2026-04-08,601318,13:21:25,59.4200,844,1
2026-04-08,601318,13:21:28,59.4300,37,1
2026-04-08,601318,13:21:31,59.4100,13,4
2026-04-08,601318,13:21:34,59.4300,3254,1
2026-04-08,601318,13:21:37,59.4200,79,2
2026-04-08,601318,13:21:40,59.4500,92,1
2026-04-08,601318,13:21:43,59.4200,382,2
2026-04-08,601318,13:21:46,59.4300,49,2
2026-04-08,601318,13:21:49,59.4300,41,2
2026-04-08,601318,13:21:52,59.4600,25,1
2026-04-08,601318,13:21:55,59.4500,107,2
2026-04-08,601318,13:21:58,59.4600,60,1
2026-04-08,601318,13:22:01,59.4700,41,1
2026-04-08,601318,13:22:04,59.4800,247,1
2026-04-08,601318,13:22:07,59.4800,130,1
2026-04-08,601318,13:22:10,59.4900,98,1
2026-04-08,601318,13:22:13,59.4600,506,2
2026-04-08,601318,13:22:16,59.4600,181,1
2026-04-08,601318,13:22:19,59.4600,73,1
2026-04-08,601318,13:22:22,59.4700,52,1
2026-04-08,601318,13:22:25,59.4700,48,1
2026-04-08,601318,13:22:28,59.4700,524,1
2026-04-08,601318,13:22:31,59.4600,181,2
2026-04-08,601318,13:22:34,59.4600,78,2
2026-04-08,601318,13:22:37,59.4600,505,2
2026-04-08,601318,13:22:40,59.4600,106,2
2026-04-08,601318,13:22:43,59.4800,124,1
2026-04-08,601318,13:22:46,59.4800,37,1
2026-04-08,601318,13:22:49,59.4700,65,2
2026-04-08,601318,13:22:52,59.4800,257,1
2026-04-08,601318,13:22:55,59.4800,204,2
2026-04-08,601318,13:22:58,59.5000,1403,1
2026-04-08,601318,13:23:01,59.5000,825,1
2026-04-08,601318,13:23:04,59.5000,2472,1
2026-04-08,601318,13:23:07,59.4900,78,2
2026-04-08,601318,13:23:10,59.4900,686,2
2026-04-08,601318,13:23:13,59.5000,288,1
2026-04-08,601318,13:23:16,59.4900,50,1
2026-04-08,601318,13:23:19,59.4800,277,2
2026-04-08,601318,13:23:22,59.4800,439,2
2026-04-08,601318,13:23:25,59.4800,91,1
2026-04-08,601318,13:23:28,59.4800,343,1
2026-04-08,601318,13:23:31,59.4800,127,1
2026-04-08,601318,13:23:34,59.4700,142,2
2026-04-08,601318,13:23:37,59.4900,58,1
2026-04-08,601318,13:23:40,59.4800,49,1
2026-04-08,601318,13:23:43,59.4800,100,1
2026-04-08,601318,13:23:46,59.4800,67,1
2026-04-08,601318,13:23:49,59.4700,70,2
2026-04-08,601318,13:23:52,59.4800,52,1
2026-04-08,601318,13:23:55,59.4800,225,1
2026-04-08,601318,13:23:58,59.4900,201,1
2026-04-08,601318,13:24:01,59.4800,85,2
2026-04-08,601318,13:24:04,59.4900,231,1
2026-04-08,601318,13:24:07,59.4800,59,2
2026-04-08,601318,13:24:10,59.4900,428,1
2026-04-08,601318,13:24:13,59.5000,175,1
2026-04-08,601318,13:24:16,59.4900,134,2
2026-04-08,601318,13:24:19,59.4900,170,2
2026-04-08,601318,13:24:22,59.5000,238,1
2026-04-08,601318,13:24:25,59.4900,276,2
2026-04-08,601318,13:24:28,59.5000,53,1
2026-04-08,601318,13:24:31,59.4800,463,2
2026-04-08,601318,13:24:34,59.4900,627,1
2026-04-08,601318,13:24:37,59.4900,147,1
2026-04-08,601318,13:24:40,59.5000,402,1
2026-04-08,601318,13:24:43,59.5000,53,1
2026-04-08,601318,13:24:46,59.4900,169,2
2026-04-08,601318,13:24:49,59.4900,74,2
2026-04-08,601318,13:24:52,59.4900,15,1
2026-04-08,601318,13:24:55,59.4900,175,1
2026-04-08,601318,13:24:58,59.4900,164,1
2026-04-08,601318,13:25:01,59.4900,354,1
2026-04-08,601318,13:25:04,59.4800,51,2
2026-04-08,601318,13:25:07,59.4800,535,2
2026-04-08,601318,13:25:10,59.4800,1851,1
2026-04-08,601318,13:25:13,59.4800,70,1
2026-04-08,601318,13:25:16,59.4800,171,1
2026-04-08,601318,13:25:19,59.4800,368,2
2026-04-08,601318,13:25:22,59.4800,82,2
2026-04-08,601318,13:25:25,59.4800,64,2
2026-04-08,601318,13:25:28,59.4900,269,1
2026-04-08,601318,13:25:31,59.5000,67,1
2026-04-08,601318,13:25:34,59.5100,621,1
2026-04-08,601318,13:25:37,59.5200,1118,1
2026-04-08,601318,13:25:40,59.5300,192,1
2026-04-08,601318,13:25:43,59.5200,172,2
2026-04-08,601318,13:25:46,59.5200,366,2
2026-04-08,601318,13:25:49,59.5200,79,2
2026-04-08,601318,13:25:52,59.5200,360,2
2026-04-08,601318,13:25:55,59.5400,250,1
2026-04-08,601318,13:25:58,59.5400,247,1
2026-04-08,601318,13:26:01,59.5300,180,2
2026-04-08,601318,13:26:04,59.5300,835,2
2026-04-08,601318,13:26:07,59.5300,572,2
2026-04-08,601318,13:26:10,59.5300,56,2
2026-04-08,601318,13:26:13,59.5400,47,1
2026-04-08,601318,13:26:16,59.5000,863,2
2026-04-08,601318,13:26:19,59.5000,169,1
2026-04-08,601318,13:26:22,59.5100,153,1
2026-04-08,601318,13:26:25,59.5000,43,2
2026-04-08,601318,13:26:28,59.5100,54,1
2026-04-08,601318,13:26:31,59.5100,64,1
2026-04-08,601318,13:26:34,59.5100,326,2
2026-04-08,601318,13:26:37,59.5100,99,2
2026-04-08,601318,13:26:40,59.5200,103,2
2026-04-08,601318,13:26:43,59.5200,226,2
2026-04-08,601318,13:26:46,59.5200,31,1
2026-04-08,601318,13:26:49,59.5200,218,1
2026-04-08,601318,13:26:52,59.5200,131,2
2026-04-08,601318,13:26:55,59.5100,264,2
2026-04-08,601318,13:26:58,59.5300,202,1
2026-04-08,601318,13:27:01,59.5300,129,1
2026-04-08,601318,13:27:04,59.5300,148,1
2026-04-08,601318,13:27:07,59.5100,83,2
2026-04-08,601318,13:27:10,59.5100,121,2
2026-04-08,601318,13:27:13,59.5100,134,2
2026-04-08,601318,13:27:16,59.5300,288,1
2026-04-08,601318,13:27:19,59.5400,564,1
2026-04-08,601318,13:27:22,59.5400,240,1
2026-04-08,601318,13:27:25,59.5400,244,2
2026-04-08,601318,13:27:28,59.5500,127,1
2026-04-08,601318,13:27:31,59.5400,590,2
2026-04-08,601318,13:27:34,59.5500,53,1
2026-04-08,601318,13:27:37,59.5400,124,2
2026-04-08,601318,13:27:40,59.5500,392,4
2026-04-08,601318,13:27:43,59.5700,337,1
2026-04-08,601318,13:27:46,59.5500,235,2
2026-04-08,601318,13:27:49,59.5600,167,1
2026-04-08,601318,13:27:52,59.5700,354,1
2026-04-08,601318,13:27:55,59.5600,98,2
2026-04-08,601318,13:27:58,59.5600,152,2
2026-04-08,601318,13:28:01,59.5700,33,1
2026-04-08,601318,13:28:04,59.5700,110,1
2026-04-08,601318,13:28:07,59.5700,270,1
2026-04-08,601318,13:28:10,59.5700,149,1
2026-04-08,601318,13:28:13,59.5700,109,1
2026-04-08,601318,13:28:16,59.5700,45,1
2026-04-08,601318,13:28:19,59.5700,96,2
2026-04-08,601318,13:28:22,59.6000,4140,1
2026-04-08,601318,13:28:25,59.6200,661,1
2026-04-08,601318,13:28:28,59.6200,310,1
2026-04-08,601318,13:28:31,59.6300,372,1
2026-04-08,601318,13:28:34,59.6300,252,1
2026-04-08,601318,13:28:37,59.6300,75,2
2026-04-08,601318,13:28:40,59.6400,152,1
2026-04-08,601318,13:28:43,59.6300,453,2
2026-04-08,601318,13:28:46,59.6300,457,1
2026-04-08,601318,13:28:49,59.6300,546,2
2026-04-08,601318,13:28:52,59.6300,140,2
2026-04-08,601318,13:28:55,59.6300,90,1
2026-04-08,601318,13:28:58,59.6100,561,2
2026-04-08,601318,13:29:01,59.5700,1530,2
2026-04-08,601318,13:29:04,59.5800,515,1
2026-04-08,601318,13:29:07,59.5700,109,4
2026-04-08,601318,13:29:10,59.5500,786,2
2026-04-08,601318,13:29:13,59.5300,144,4
2026-04-08,601318,13:29:16,59.5300,65,1
2026-04-08,601318,13:29:19,59.5400,179,1
2026-04-08,601318,13:29:22,59.5600,117,1
2026-04-08,601318,13:29:25,59.5200,187,2
2026-04-08,601318,13:29:28,59.5200,93,1
2026-04-08,601318,13:29:31,59.5200,25,2
2026-04-08,601318,13:29:34,59.5200,91,2
2026-04-08,601318,13:29:37,59.5200,105,2
2026-04-08,601318,13:29:40,59.5100,33,2
2026-04-08,601318,13:29:43,59.5200,99,1
2026-04-08,601318,13:29:46,59.5000,355,2
2026-04-08,601318,13:29:49,59.4800,52,2
2026-04-08,601318,13:29:52,59.4800,104,2
2026-04-08,601318,13:29:55,59.4800,212,2
2026-04-08,601318,13:29:58,59.4800,102,2
2026-04-08,601318,13:30:01,59.4700,49,2
2026-04-08,601318,13:30:04,59.4700,121,2
2026-04-08,601318,13:30:07,59.4600,149,2
2026-04-08,601318,13:30:10,59.4600,167,2
2026-04-08,601318,13:30:13,59.4500,55,2
2026-04-08,601318,13:30:16,59.4600,113,1
2026-04-08,601318,13:30:19,59.4500,125,2
2026-04-08,601318,13:30:22,59.4500,162,2
2026-04-08,601318,13:30:25,59.4500,68,2
2026-04-08,601318,13:30:28,59.4400,184,2
2026-04-08,601318,13:30:31,59.4400,210,2
2026-04-08,601318,13:30:34,59.4400,167,2
2026-04-08,601318,13:30:37,59.4400,78,2
2026-04-08,601318,13:30:40,59.4400,40,1
2026-04-08,601318,13:30:43,59.4300,78,2
2026-04-08,601318,13:30:46,59.4400,566,1
2026-04-08,601318,13:30:49,59.4300,72,1
2026-04-08,601318,13:30:52,59.4300,76,1
2026-04-08,601318,13:30:55,59.4200,77,2
2026-04-08,601318,13:30:58,59.4200,133,2
2026-04-08,601318,13:31:01,59.4400,566,1
2026-04-08,601318,13:31:04,59.4800,822,1
2026-04-08,601318,13:31:07,59.4800,175,1
2026-04-08,601318,13:31:10,59.4700,116,2
2026-04-08,601318,13:31:13,59.4900,298,1
2026-04-08,601318,13:31:16,59.4700,215,2
2026-04-08,601318,13:31:19,59.4800,100,1
2026-04-08,601318,13:31:22,59.4700,24,2
2026-04-08,601318,13:31:25,59.4600,191,2
2026-04-08,601318,13:31:28,59.4600,287,2
2026-04-08,601318,13:31:31,59.4600,251,1
2026-04-08,601318,13:31:34,59.4500,128,2
2026-04-08,601318,13:31:37,59.4500,49,2
2026-04-08,601318,13:31:40,59.4500,25,2
2026-04-08,601318,13:31:43,59.4500,41,2
2026-04-08,601318,13:31:46,59.4500,293,2
2026-04-08,601318,13:31:49,59.4400,110,2
2026-04-08,601318,13:31:52,59.4400,35,2
2026-04-08,601318,13:31:55,59.4400,54,2
2026-04-08,601318,13:31:58,59.4500,751,1
2026-04-08,601318,13:32:01,59.4500,195,1
2026-04-08,601318,13:32:04,59.4500,64,2
2026-04-08,601318,13:32:07,59.4500,96,2
2026-04-08,601318,13:32:10,59.4500,65,2
2026-04-08,601318,13:32:13,59.4500,154,2
2026-04-08,601318,13:32:16,59.4500,121,2
2026-04-08,601318,13:32:19,59.4500,156,2
2026-04-08,601318,13:32:22,59.4500,103,2
2026-04-08,601318,13:32:25,59.4500,111,2
2026-04-08,601318,13:32:28,59.4500,101,2
2026-04-08,601318,13:32:31,59.4600,58,1
2026-04-08,601318,13:32:34,59.4500,66,2
2026-04-08,601318,13:32:37,59.4500,78,2
2026-04-08,601318,13:32:40,59.4500,90,2
2026-04-08,601318,13:32:43,59.4500,37,1
2026-04-08,601318,13:32:46,59.4500,54,1
2026-04-08,601318,13:32:49,59.4400,65,2
2026-04-08,601318,13:32:52,59.4500,54,1
2026-04-08,601318,13:32:55,59.4500,72,1
2026-04-08,601318,13:32:58,59.4700,619,1
2026-04-08,601318,13:33:01,59.4500,482,2
2026-04-08,601318,13:33:04,59.4700,82,1
2026-04-08,601318,13:33:07,59.4800,140,1
2026-04-08,601318,13:33:10,59.4800,31,1
2026-04-08,601318,13:33:13,59.4800,105,1
2026-04-08,601318,13:33:16,59.4900,359,1
2026-04-08,601318,13:33:19,59.5000,266,1
2026-04-08,601318,13:33:22,59.4800,101,2
2026-04-08,601318,13:33:25,59.4800,60,2
2026-04-08,601318,13:33:28,59.5000,426,1
2026-04-08,601318,13:33:31,59.4900,53,4
2026-04-08,601318,13:33:34,59.5000,112,1
2026-04-08,601318,13:33:37,59.5000,68,1
2026-04-08,601318,13:33:40,59.5000,107,1
2026-04-08,601318,13:33:43,59.5000,133,1
2026-04-08,601318,13:33:46,59.5000,86,2
2026-04-08,601318,13:33:49,59.5000,126,2
2026-04-08,601318,13:33:52,59.5000,82,1
2026-04-08,601318,13:33:55,59.5000,85,2
2026-04-08,601318,13:33:58,59.5100,86,1
2026-04-08,601318,13:34:01,59.5000,108,2
2026-04-08,601318,13:34:04,59.4400,1450,2
2026-04-08,601318,13:34:07,59.4300,185,2
2026-04-08,601318,13:34:10,59.4400,22,1
2026-04-08,601318,13:34:13,59.4400,136,1
2026-04-08,601318,13:34:16,59.4300,43,2
2026-04-08,601318,13:34:19,59.4500,61,1
2026-04-08,601318,13:34:22,59.4300,32,2
2026-04-08,601318,13:34:25,59.4300,20,2
2026-04-08,601318,13:34:28,59.4400,52,1
2026-04-08,601318,13:34:31,59.4400,25,2
2026-04-08,601318,13:34:34,59.4400,68,2
2026-04-08,601318,13:34:37,59.4400,35,2
2026-04-08,601318,13:34:40,59.4400,179,2
2026-04-08,601318,13:34:43,59.4500,77,1
2026-04-08,601318,13:34:46,59.4400,47,2
2026-04-08,601318,13:34:49,59.4500,49,1
2026-04-08,601318,13:34:52,59.4400,62,2
2026-04-08,601318,13:34:55,59.4400,46,2
2026-04-08,601318,13:34:58,59.4300,35,2
2026-04-08,601318,13:35:01,59.4400,137,1
2026-04-08,601318,13:35:04,59.4500,94,1
2026-04-08,601318,13:35:07,59.4400,22,4
2026-04-08,601318,13:35:10,59.4300,36,2
2026-04-08,601318,13:35:13,59.4300,17,2
2026-04-08,601318,13:35:16,59.4400,48,1
2026-04-08,601318,13:35:19,59.4300,184,2
2026-04-08,601318,13:35:22,59.4400,15,4
2026-04-08,601318,13:35:25,59.4400,125,2
2026-04-08,601318,13:35:28,59.4400,26,2
2026-04-08,601318,13:35:31,59.4400,39,1
2026-04-08,601318,13:35:34,59.4400,37,1
2026-04-08,601318,13:35:37,59.4400,100,1
2026-04-08,601318,13:35:40,59.4400,17,2
2026-04-08,601318,13:35:43,59.4400,17,2
2026-04-08,601318,13:35:46,59.4500,24,1
2026-04-08,601318,13:35:49,59.4400,55,2
2026-04-08,601318,13:35:52,59.4400,75,2
2026-04-08,601318,13:35:55,59.4500,706,1
2026-04-08,601318,13:35:58,59.4600,187,1
2026-04-08,601318,13:36:01,59.4400,302,2
2026-04-08,601318,13:36:04,59.4700,58,1
2026-04-08,601318,13:36:07,59.4800,46,1
2026-04-08,601318,13:36:10,59.4700,120,2
2026-04-08,601318,13:36:13,59.4600,65,2
2026-04-08,601318,13:36:16,59.4600,252,2
2026-04-08,601318,13:36:19,59.4700,38,1
2026-04-08,601318,13:36:22,59.4500,82,2
2026-04-08,601318,13:36:25,59.4500,84,1
2026-04-08,601318,13:36:28,59.4500,35,1
2026-04-08,601318,13:36:31,59.4400,59,2
2026-04-08,601318,13:36:34,59.4400,15,2
2026-04-08,601318,13:36:37,59.4500,80,1
2026-04-08,601318,13:36:40,59.4400,50,2
2026-04-08,601318,13:36:43,59.4500,50,1
2026-04-08,601318,13:36:46,59.4500,37,1
2026-04-08,601318,13:36:49,59.4400,28,2
2026-04-08,601318,13:36:52,59.4400,27,2
2026-04-08,601318,13:36:55,59.4500,46,1
2026-04-08,601318,13:36:58,59.4500,135,1
2026-04-08,601318,13:37:01,59.4600,36,1
2026-04-08,601318,13:37:04,59.4600,45,1
2026-04-08,601318,13:37:07,59.4700,69,1
2026-04-08,601318,13:37:10,59.4700,22,1
2026-04-08,601318,13:37:13,59.4700,68,1
2026-04-08,601318,13:37:16,59.4700,38,1
2026-04-08,601318,13:37:19,59.4700,81,1
2026-04-08,601318,13:37:22,59.4700,96,2
2026-04-08,601318,13:37:25,59.4600,19,2
2026-04-08,601318,13:37:28,59.4600,139,2
2026-04-08,601318,13:37:31,59.4700,91,2
2026-04-08,601318,13:37:34,59.4800,104,1
2026-04-08,601318,13:37:37,59.4700,54,2
2026-04-08,601318,13:37:40,59.4800,101,1
2026-04-08,601318,13:37:43,59.4900,531,1
2026-04-08,601318,13:37:46,59.5000,46,1
2026-04-08,601318,13:37:49,59.5000,68,1
2026-04-08,601318,13:37:52,59.5000,345,1
2026-04-08,601318,13:37:55,59.5200,185,1
2026-04-08,601318,13:37:58,59.5200,533,1
2026-04-08,601318,13:38:01,59.5400,349,1
2026-04-08,601318,13:38:04,59.5400,61,1
2026-04-08,601318,13:38:07,59.5300,177,2
2026-04-08,601318,13:38:10,59.5400,138,1
2026-04-08,601318,13:38:13,59.5400,83,2
2026-04-08,601318,13:38:16,59.5400,140,2
2026-04-08,601318,13:38:19,59.5500,103,1
2026-04-08,601318,13:38:22,59.5500,377,1
2026-04-08,601318,13:38:25,59.5400,149,2
2026-04-08,601318,13:38:28,59.5600,150,1
2026-04-08,601318,13:38:31,59.5600,174,2
2026-04-08,601318,13:38:34,59.5400,400,2
2026-04-08,601318,13:38:37,59.5300,221,2
2026-04-08,601318,13:38:40,59.5100,123,2
2026-04-08,601318,13:38:43,59.5100,77,2
2026-04-08,601318,13:38:46,59.5000,136,2
2026-04-08,601318,13:38:49,59.5100,66,1
2026-04-08,601318,13:38:52,59.4800,63,2
2026-04-08,601318,13:38:55,59.4800,137,2
2026-04-08,601318,13:38:58,59.4800,62,2
2026-04-08,601318,13:39:01,59.4900,68,4
2026-04-08,601318,13:39:04,59.4800,65,2
2026-04-08,601318,13:39:07,59.4800,95,2
2026-04-08,601318,13:39:10,59.4800,122,2
2026-04-08,601318,13:39:13,59.4800,9,2
2026-04-08,601318,13:39:16,59.4800,30,2
2026-04-08,601318,13:39:19,59.4800,31,2
2026-04-08,601318,13:39:22,59.4900,9,1
2026-04-08,601318,13:39:25,59.4800,69,2
2026-04-08,601318,13:39:28,59.5000,88,1
2026-04-08,601318,13:39:31,59.4900,32,2
2026-04-08,601318,13:39:34,59.4800,424,2
2026-04-08,601318,13:39:37,59.4800,18,2
2026-04-08,601318,13:39:40,59.4900,29,1
2026-04-08,601318,13:39:43,59.4800,174,2
2026-04-08,601318,13:39:46,59.4800,55,1
2026-04-08,601318,13:39:49,59.4800,45,1
2026-04-08,601318,13:39:52,59.4800,17,2
2026-04-08,601318,13:39:55,59.4800,38,2
2026-04-08,601318,13:39:58,59.4800,50,2
2026-04-08,601318,13:40:01,59.4600,992,2
2026-04-08,601318,13:40:04,59.4600,170,1
2026-04-08,601318,13:40:07,59.4400,60,2
2026-04-08,601318,13:40:10,59.4600,18,1
2026-04-08,601318,13:40:13,59.4400,43,2
2026-04-08,601318,13:40:16,59.4500,199,1
2026-04-08,601318,13:40:19,59.4200,34,2
2026-04-08,601318,13:40:22,59.4400,9,1
2026-04-08,601318,13:40:25,59.4500,28,1
2026-04-08,601318,13:40:28,59.4400,234,4
2026-04-08,601318,13:40:31,59.4400,20,2
2026-04-08,601318,13:40:34,59.4400,28,2
2026-04-08,601318,13:40:37,59.4400,27,2
2026-04-08,601318,13:40:40,59.4500,80,1
2026-04-08,601318,13:40:43,59.4500,22,4
2026-04-08,601318,13:40:46,59.4600,76,1
2026-04-08,601318,13:40:49,59.4500,97,2
2026-04-08,601318,13:40:52,59.4600,107,1
2026-04-08,601318,13:40:55,59.4600,32,1
2026-04-08,601318,13:40:58,59.4500,30,2
2026-04-08,601318,13:41:01,59.4600,58,1
2026-04-08,601318,13:41:04,59.4800,65,1
2026-04-08,601318,13:41:07,59.4700,51,4
2026-04-08,601318,13:41:10,59.4700,97,2
2026-04-08,601318,13:41:13,59.4900,58,1
2026-04-08,601318,13:41:16,59.4800,35,4
2026-04-08,601318,13:41:19,59.4800,138,2
2026-04-08,601318,13:41:22,59.5000,63,1
2026-04-08,601318,13:41:25,59.4900,412,4
2026-04-08,601318,13:41:28,59.5000,188,1
2026-04-08,601318,13:41:31,59.4900,99,2
2026-04-08,601318,13:41:34,59.4900,139,2
2026-04-08,601318,13:41:37,59.5000,65,1
2026-04-08,601318,13:41:40,59.4900,36,2
2026-04-08,601318,13:41:43,59.4900,55,2
2026-04-08,601318,13:41:46,59.4900,23,2
2026-04-08,601318,13:41:49,59.4900,50,2
2026-04-08,601318,13:41:52,59.4900,410,2
2026-04-08,601318,13:41:55,59.4800,205,2
2026-04-08,601318,13:41:58,59.4900,57,1
2026-04-08,601318,13:42:01,59.4800,104,2
2026-04-08,601318,13:42:04,59.4800,137,2
2026-04-08,601318,13:42:07,59.4700,225,2
2026-04-08,601318,13:42:10,59.4800,21,1
2026-04-08,601318,13:42:13,59.4800,147,1
2026-04-08,601318,13:42:16,59.4800,34,1
2026-04-08,601318,13:42:19,59.4700,160,2
2026-04-08,601318,13:42:22,59.4300,998,2
2026-04-08,601318,13:42:25,59.4200,155,2
2026-04-08,601318,13:42:28,59.4200,35,2
2026-04-08,601318,13:42:31,59.4100,172,2
2026-04-08,601318,13:42:34,59.4000,445,2
2026-04-08,601318,13:42:37,59.4000,58,2
2026-04-08,601318,13:42:40,59.4100,45,1
2026-04-08,601318,13:42:43,59.4000,128,2
2026-04-08,601318,13:42:46,59.4100,476,1
2026-04-08,601318,13:42:49,59.4100,76,4
2026-04-08,601318,13:42:52,59.4000,97,2
2026-04-08,601318,13:42:55,59.4000,88,2
2026-04-08,601318,13:42:58,59.4000,61,1
2026-04-08,601318,13:43:01,59.4200,94,1
2026-04-08,601318,13:43:04,59.4500,176,1
2026-04-08,601318,13:43:07,59.4600,98,1
2026-04-08,601318,13:43:10,59.4700,52,1
2026-04-08,601318,13:43:13,59.4600,33,4
2026-04-08,601318,13:43:16,59.4600,47,2
2026-04-08,601318,13:43:19,59.4800,82,1
2026-04-08,601318,13:43:22,59.4600,36,2
2026-04-08,601318,13:43:25,59.4700,49,1
2026-04-08,601318,13:43:28,59.4700,17,2
2026-04-08,601318,13:43:31,59.4700,36,2
2026-04-08,601318,13:43:34,59.4700,108,2
2026-04-08,601318,13:43:37,59.4700,111,2
2026-04-08,601318,13:43:40,59.4700,34,2
2026-04-08,601318,13:43:43,59.4700,107,2
2026-04-08,601318,13:43:46,59.4800,52,1
2026-04-08,601318,13:43:49,59.4700,56,1
2026-04-08,601318,13:43:52,59.4800,141,1
2026-04-08,601318,13:43:58,59.4600,4,2
2026-04-08,601318,13:44:01,59.4800,167,1
2026-04-08,601318,13:44:04,59.4800,50,1
2026-04-08,601318,13:44:07,59.4800,41,1
2026-04-08,601318,13:44:10,59.4700,48,2
2026-04-08,601318,13:44:13,59.4700,156,2
2026-04-08,601318,13:44:16,59.4700,40,2
2026-04-08,601318,13:44:19,59.4700,17,2
2026-04-08,601318,13:44:22,59.4700,40,2
2026-04-08,601318,13:44:25,59.4700,50,2
2026-04-08,601318,13:44:28,59.4800,24,1
2026-04-08,601318,13:44:31,59.4700,71,2
2026-04-08,601318,13:44:34,59.4400,680,2
2026-04-08,601318,13:44:37,59.4200,169,2
2026-04-08,601318,13:44:40,59.4200,34,2
2026-04-08,601318,13:44:43,59.4200,17,4
2026-04-08,601318,13:44:46,59.4100,19,2
2026-04-08,601318,13:44:49,59.4100,31,2
2026-04-08,601318,13:44:52,59.4100,100,2
2026-04-08,601318,13:44:55,59.4100,20,1
2026-04-08,601318,13:44:58,59.4100,117,1
2026-04-08,601318,13:45:01,59.4100,115,1
2026-04-08,601318,13:45:04,59.4200,37,1
2026-04-08,601318,13:45:07,59.4200,88,1
2026-04-08,601318,13:45:10,59.4400,123,1
2026-04-08,601318,13:45:13,59.4400,154,1
2026-04-08,601318,13:45:16,59.4400,63,1
2026-04-08,601318,13:45:19,59.4300,170,2
2026-04-08,601318,13:45:22,59.4400,131,1
2026-04-08,601318,13:45:25,59.4400,100,2
2026-04-08,601318,13:45:28,59.4500,49,1
2026-04-08,601318,13:45:31,59.4500,49,1
2026-04-08,601318,13:45:34,59.4500,171,2
2026-04-08,601318,13:45:37,59.4600,100,1
2026-04-08,601318,13:45:40,59.4600,138,1
2026-04-08,601318,13:45:43,59.4300,392,2
2026-04-08,601318,13:45:46,59.4800,168,1
2026-04-08,601318,13:45:49,59.4800,113,1
2026-04-08,601318,13:45:52,59.4800,172,1
2026-04-08,601318,13:45:55,59.4800,65,1
2026-04-08,601318,13:45:58,59.4800,132,1
2026-04-08,601318,13:46:01,59.4700,178,2
2026-04-08,601318,13:46:04,59.4700,24,2
2026-04-08,601318,13:46:07,59.4800,132,1
2026-04-08,601318,13:46:10,59.4700,130,2
2026-04-08,601318,13:46:13,59.4700,185,1
2026-04-08,601318,13:46:16,59.4800,57,4
2026-04-08,601318,13:46:19,59.4800,40,1
2026-04-08,601318,13:46:22,59.4900,142,1
2026-04-08,601318,13:46:25,59.4900,689,2
2026-04-08,601318,13:46:28,59.5100,225,1
2026-04-08,601318,13:46:31,59.5300,223,1
2026-04-08,601318,13:46:34,59.5500,636,1
2026-04-08,601318,13:46:37,59.5600,223,1
2026-04-08,601318,13:46:40,59.5500,50,2
2026-04-08,601318,13:46:43,59.5500,70,2
2026-04-08,601318,13:46:46,59.5600,65,1
2026-04-08,601318,13:46:49,59.5600,100,1
2026-04-08,601318,13:46:52,59.5500,510,2
2026-04-08,601318,13:46:55,59.5500,327,1
2026-04-08,601318,13:46:58,59.5400,41,2
2026-04-08,601318,13:47:01,59.5300,130,2
2026-04-08,601318,13:47:04,59.5200,214,2
2026-04-08,601318,13:47:07,59.5100,193,2
2026-04-08,601318,13:47:10,59.5100,31,2
2026-04-08,601318,13:47:13,59.5100,15,4
2026-04-08,601318,13:47:16,59.5000,149,2
2026-04-08,601318,13:47:19,59.5000,14,2
2026-04-08,601318,13:47:22,59.5000,21,2
2026-04-08,601318,13:47:25,59.5100,124,1
2026-04-08,601318,13:47:28,59.5100,135,2
2026-04-08,601318,13:47:31,59.5000,143,2
2026-04-08,601318,13:47:34,59.5100,60,1
2026-04-08,601318,13:47:37,59.5000,168,2
2026-04-08,601318,13:47:40,59.5100,15,1
2026-04-08,601318,13:47:43,59.5000,10,2
2026-04-08,601318,13:47:46,59.4900,714,2
2026-04-08,601318,13:47:49,59.4600,55,2
2026-04-08,601318,13:47:52,59.4500,264,2
2026-04-08,601318,13:47:55,59.4500,130,1
2026-04-08,601318,13:47:58,59.4400,90,2
2026-04-08,601318,13:48:01,59.4400,22,2
2026-04-08,601318,13:48:04,59.4400,16,1
2026-04-08,601318,13:48:07,59.4200,228,2
2026-04-08,601318,13:48:10,59.4200,620,2
2026-04-08,601318,13:48:13,59.4100,635,1
2026-04-08,601318,13:48:16,59.4200,102,1
2026-04-08,601318,13:48:19,59.4300,17,4
2026-04-08,601318,13:48:22,59.4400,33,1
2026-04-08,601318,13:48:25,59.4400,53,1
2026-04-08,601318,13:48:28,59.4300,88,2
2026-04-08,601318,13:48:31,59.4300,5,1
2026-04-08,601318,13:48:34,59.4300,193,1
2026-04-08,601318,13:48:37,59.4300,244,2
2026-04-08,601318,13:48:40,59.4300,59,1
2026-04-08,601318,13:48:43,59.4200,300,2
2026-04-08,601318,13:48:46,59.4200,44,2
2026-04-08,601318,13:48:49,59.4200,16,2
2026-04-08,601318,13:48:52,59.4200,56,2
2026-04-08,601318,13:48:55,59.4300,633,1
2026-04-08,601318,13:48:58,59.4300,118,1
2026-04-08,601318,13:49:01,59.4400,359,1
2026-04-08,601318,13:49:04,59.4400,13,1
2026-04-08,601318,13:49:07,59.4300,92,2
2026-04-08,601318,13:49:10,59.4400,12,1
2026-04-08,601318,13:49:13,59.4300,25,2
2026-04-08,601318,13:49:16,59.4400,58,1
2026-04-08,601318,13:49:19,59.4400,311,2
2026-04-08,601318,13:49:22,59.4400,254,1
2026-04-08,601318,13:49:25,59.4300,66,2
2026-04-08,601318,13:49:28,59.4300,10,2
2026-04-08,601318,13:49:31,59.4400,165,1
2026-04-08,601318,13:49:34,59.4500,1018,1
2026-04-08,601318,13:49:37,59.4600,53,1
2026-04-08,601318,13:49:40,59.4600,125,1
2026-04-08,601318,13:49:43,59.4800,31,1
2026-04-08,601318,13:49:46,59.4900,46,1
2026-04-08,601318,13:49:49,59.4900,112,1
2026-04-08,601318,13:49:52,59.4900,86,1
2026-04-08,601318,13:49:55,59.4900,36,1
2026-04-08,601318,13:49:58,59.4800,71,2
2026-04-08,601318,13:50:01,59.4900,54,1
2026-04-08,601318,13:50:04,59.4900,270,2
2026-04-08,601318,13:50:07,59.4900,40,2
2026-04-08,601318,13:50:10,59.4900,465,2
2026-04-08,601318,13:50:13,59.4900,164,2
2026-04-08,601318,13:50:16,59.4900,26,2
2026-04-08,601318,13:50:19,59.5000,120,1
2026-04-08,601318,13:50:22,59.4900,231,2
2026-04-08,601318,13:50:25,59.5000,198,1
2026-04-08,601318,13:50:28,59.5000,111,1
2026-04-08,601318,13:50:31,59.5100,261,1
2026-04-08,601318,13:50:34,59.5100,102,1
2026-04-08,601318,13:50:37,59.5100,88,1
2026-04-08,601318,13:50:40,59.5100,288,2
2026-04-08,601318,13:50:43,59.4900,430,2
2026-04-08,601318,13:50:46,59.5000,58,1
2026-04-08,601318,13:50:49,59.4900,297,4
2026-04-08,601318,13:50:52,59.4900,184,2
2026-04-08,601318,13:50:55,59.4900,29,2
2026-04-08,601318,13:50:58,59.4900,23,2
2026-04-08,601318,13:51:01,59.5000,29,1
2026-04-08,601318,13:51:04,59.5000,179,1
2026-04-08,601318,13:51:07,59.4900,126,2
2026-04-08,601318,13:51:10,59.5000,124,2
2026-04-08,601318,13:51:13,59.5000,97,2
2026-04-08,601318,13:51:16,59.5100,72,1
2026-04-08,601318,13:51:19,59.5200,248,1
2026-04-08,601318,13:51:22,59.5300,213,1
2026-04-08,601318,13:51:25,59.5500,373,1
2026-04-08,601318,13:51:28,59.5400,71,4
2026-04-08,601318,13:51:31,59.5400,49,1
2026-04-08,601318,13:51:34,59.5500,110,1
2026-04-08,601318,13:51:37,59.5400,283,2
2026-04-08,601318,13:51:40,59.5500,149,1
2026-04-08,601318,13:51:43,59.5600,205,1
2026-04-08,601318,13:51:46,59.5700,153,1
2026-04-08,601318,13:51:49,59.5700,163,1
2026-04-08,601318,13:51:52,59.5500,795,2
2026-04-08,601318,13:51:55,59.5600,331,1
2026-04-08,601318,13:51:58,59.5500,163,2
2026-04-08,601318,13:52:01,59.5600,202,1
2026-04-08,601318,13:52:04,59.5700,275,1
2026-04-08,601318,13:52:07,59.5500,95,2
2026-04-08,601318,13:52:10,59.5600,141,1
2026-04-08,601318,13:52:13,59.5600,30,2
2026-04-08,601318,13:52:16,59.5600,43,2
2026-04-08,601318,13:52:19,59.5600,922,2
2026-04-08,601318,13:52:22,59.5500,41,1
2026-04-08,601318,13:52:25,59.5500,62,1
2026-04-08,601318,13:52:28,59.5500,217,1
2026-04-08,601318,13:52:31,59.5500,85,1
2026-04-08,601318,13:52:34,59.5600,65,1
2026-04-08,601318,13:52:37,59.5600,71,1
2026-04-08,601318,13:52:40,59.5600,199,1
2026-04-08,601318,13:52:43,59.5700,38,1
2026-04-08,601318,13:52:46,59.5700,59,1
2026-04-08,601318,13:52:49,59.5600,48,2
2026-04-08,601318,13:52:52,59.5700,13,1
2026-04-08,601318,13:52:55,59.5700,37,1
2026-04-08,601318,13:52:58,59.5600,474,2
2026-04-08,601318,13:53:01,59.5600,114,1
2026-04-08,601318,13:53:04,59.5700,94,1
2026-04-08,601318,13:53:07,59.5700,102,1
2026-04-08,601318,13:53:10,59.5600,201,2
2026-04-08,601318,13:53:13,59.5600,60,2
2026-04-08,601318,13:53:16,59.5600,23,2
2026-04-08,601318,13:53:19,59.5700,388,1
2026-04-08,601318,13:53:22,59.5700,63,1
2026-04-08,601318,13:53:25,59.5700,161,1
2026-04-08,601318,13:53:28,59.5700,31,1
2026-04-08,601318,13:53:31,59.5600,311,2
2026-04-08,601318,13:53:34,59.5700,182,1
2026-04-08,601318,13:53:37,59.5700,164,1
2026-04-08,601318,13:53:40,59.5700,54,1
2026-04-08,601318,13:53:43,59.5700,164,1
2026-04-08,601318,13:53:46,59.5700,70,1
2026-04-08,601318,13:53:49,59.5600,49,2
2026-04-08,601318,13:53:52,59.5400,1661,2
2026-04-08,601318,13:53:55,59.5300,51,4
2026-04-08,601318,13:53:58,59.5300,9,1
2026-04-08,601318,13:54:01,59.5300,85,1
2026-04-08,601318,13:54:04,59.5200,19,2
2026-04-08,601318,13:54:07,59.5200,58,2
2026-04-08,601318,13:54:10,59.5400,66,1
2026-04-08,601318,13:54:13,59.5400,40,1
2026-04-08,601318,13:54:16,59.5200,1213,2
2026-04-08,601318,13:54:19,59.5200,6,2
2026-04-08,601318,13:54:22,59.5200,441,1
2026-04-08,601318,13:54:25,59.5200,18,1
2026-04-08,601318,13:54:28,59.5100,46,2
2026-04-08,601318,13:54:31,59.5100,455,2
2026-04-08,601318,13:54:34,59.5100,63,1
2026-04-08,601318,13:54:37,59.5200,39,1
2026-04-08,601318,13:54:40,59.5200,58,1
2026-04-08,601318,13:54:43,59.5100,17,2
2026-04-08,601318,13:54:46,59.5200,107,1
2026-04-08,601318,13:54:49,59.5500,168,1
2026-04-08,601318,13:54:52,59.5200,37,2
2026-04-08,601318,13:54:55,59.5500,235,1
2026-04-08,601318,13:54:58,59.5500,38,2
2026-04-08,601318,13:55:01,59.5600,167,1
2026-04-08,601318,13:55:04,59.5300,140,2
2026-04-08,601318,13:55:07,59.5300,41,2
2026-04-08,601318,13:55:10,59.5300,49,2
2026-04-08,601318,13:55:13,59.5300,67,2
2026-04-08,601318,13:55:16,59.5400,60,1
2026-04-08,601318,13:55:19,59.5400,93,1
2026-04-08,601318,13:55:22,59.5300,57,2
2026-04-08,601318,13:55:25,59.5400,57,2
2026-04-08,601318,13:55:28,59.5400,56,4
2026-04-08,601318,13:55:31,59.5300,63,4
2026-04-08,601318,13:55:34,59.5300,29,2
2026-04-08,601318,13:55:37,59.5400,74,1
2026-04-08,601318,13:55:40,59.5400,130,1
2026-04-08,601318,13:55:43,59.5400,21,1
2026-04-08,601318,13:55:46,59.5400,25,2
2026-04-08,601318,13:55:49,59.5300,119,2
2026-04-08,601318,13:55:52,59.5300,657,2
2026-04-08,601318,13:55:55,59.5300,94,2
2026-04-08,601318,13:55:58,59.5200,20,2
2026-04-08,601318,13:56:01,59.5200,708,2
2026-04-08,601318,13:56:04,59.5300,12,1
2026-04-08,601318,13:56:07,59.5200,61,2
2026-04-08,601318,13:56:10,59.5200,99,2
2026-04-08,601318,13:56:13,59.5200,169,2
2026-04-08,601318,13:56:16,59.5200,63,2
2026-04-08,601318,13:56:19,59.5200,23,2
2026-04-08,601318,13:56:22,59.5300,398,1
2026-04-08,601318,13:56:25,59.5200,49,2
2026-04-08,601318,13:56:28,59.5000,661,2
2026-04-08,601318,13:56:31,59.4900,16,4
2026-04-08,601318,13:56:34,59.4900,11,1
2026-04-08,601318,13:56:37,59.4900,41,1
2026-04-08,601318,13:56:40,59.4800,53,2
2026-04-08,601318,13:56:43,59.4900,40,1
2026-04-08,601318,13:56:46,59.4800,15,2
2026-04-08,601318,13:56:49,59.4800,29,2
2026-04-08,601318,13:56:52,59.4900,98,1
2026-04-08,601318,13:56:55,59.4900,105,2
2026-04-08,601318,13:56:58,59.5000,161,1
2026-04-08,601318,13:57:01,59.5000,152,2
2026-04-08,601318,13:57:04,59.5000,79,2
2026-04-08,601318,13:57:07,59.5100,37,1
2026-04-08,601318,13:57:10,59.5100,83,1
2026-04-08,601318,13:57:13,59.5000,47,2
2026-04-08,601318,13:57:16,59.5000,50,2
2026-04-08,601318,13:57:19,59.5000,235,2
2026-04-08,601318,13:57:22,59.5200,84,1
2026-04-08,601318,13:57:25,59.5100,107,2
2026-04-08,601318,13:57:28,59.5300,117,1
2026-04-08,601318,13:57:31,59.5300,237,1
2026-04-08,601318,13:57:34,59.5400,116,1
2026-04-08,601318,13:57:37,59.5400,102,1
2026-04-08,601318,13:57:40,59.5300,144,2
2026-04-08,601318,13:57:43,59.5300,156,2
2026-04-08,601318,13:57:46,59.5400,186,1
2026-04-08,601318,13:57:49,59.5300,653,2
2026-04-08,601318,13:57:52,59.5300,259,1
2026-04-08,601318,13:57:55,59.5500,99,1
2026-04-08,601318,13:57:58,59.5300,64,2
2026-04-08,601318,13:58:01,59.5200,49,2
2026-04-08,601318,13:58:04,59.5400,63,1
2026-04-08,601318,13:58:07,59.5300,61,2
2026-04-08,601318,13:58:10,59.5300,47,2
2026-04-08,601318,13:58:13,59.5300,29,2
2026-04-08,601318,13:58:16,59.5300,113,2
2026-04-08,601318,13:58:19,59.5300,327,4
2026-04-08,601318,13:58:22,59.5400,120,1
2026-04-08,601318,13:58:25,59.5200,422,2
2026-04-08,601318,13:58:28,59.5000,622,2
2026-04-08,601318,13:58:31,59.4900,105,2
2026-04-08,601318,13:58:34,59.4900,191,2
2026-04-08,601318,13:58:37,59.4700,98,2
2026-04-08,601318,13:58:40,59.4600,32,2
2026-04-08,601318,13:58:43,59.4600,66,1
2026-04-08,601318,13:58:46,59.4500,53,2
2026-04-08,601318,13:58:49,59.4500,42,2
2026-04-08,601318,13:58:52,59.4500,33,2
2026-04-08,601318,13:58:55,59.4500,39,2
2026-04-08,601318,13:58:58,59.4500,74,2
2026-04-08,601318,13:59:01,59.4500,25,2
2026-04-08,601318,13:59:04,59.4600,53,1
2026-04-08,601318,13:59:07,59.4600,1845,1
2026-04-08,601318,13:59:10,59.4600,121,1
2026-04-08,601318,13:59:13,59.4700,56,4
2026-04-08,601318,13:59:16,59.4700,61,2
2026-04-08,601318,13:59:19,59.4700,35,2
2026-04-08,601318,13:59:22,59.4700,77,2
2026-04-08,601318,13:59:25,59.4800,122,1
2026-04-08,601318,13:59:28,59.4700,23,2
2026-04-08,601318,13:59:31,59.4800,69,1
2026-04-08,601318,13:59:34,59.4700,48,2
2026-04-08,601318,13:59:37,59.4700,80,2
2026-04-08,601318,13:59:40,59.4800,76,1
2026-04-08,601318,13:59:43,59.4800,78,1
2026-04-08,601318,13:59:46,59.4700,56,2
2026-04-08,601318,13:59:49,59.4700,68,2
2026-04-08,601318,13:59:52,59.4700,6,2
2026-04-08,601318,13:59:55,59.4800,16,1
2026-04-08,601318,13:59:58,59.4700,845,2
2026-04-08,601318,14:00:01,59.4700,143,1
2026-04-08,601318,14:00:04,59.4700,214,1
2026-04-08,601318,14:00:07,59.4600,87,2
2026-04-08,601318,14:00:10,59.4600,117,2
2026-04-08,601318,14:00:13,59.4600,241,2
2026-04-08,601318,14:00:16,59.4700,86,1
2026-04-08,601318,14:00:19,59.4600,90,2
2026-04-08,601318,14:00:22,59.4700,60,1
2026-04-08,601318,14:00:25,59.4800,257,1
2026-04-08,601318,14:00:28,59.4700,110,2
2026-04-08,601318,14:00:31,59.4800,52,1
2026-04-08,601318,14:00:34,59.4900,167,1
2026-04-08,601318,14:00:37,59.4800,109,2
2026-04-08,601318,14:00:40,59.4800,30,1
2026-04-08,601318,14:00:43,59.4800,79,1
2026-04-08,601318,14:00:46,59.4800,148,1
2026-04-08,601318,14:00:49,59.5000,448,1
2026-04-08,601318,14:00:52,59.5100,138,1
2026-04-08,601318,14:00:55,59.5300,125,1
2026-04-08,601318,14:00:58,59.5400,153,1
2026-04-08,601318,14:01:01,59.5500,603,1
2026-04-08,601318,14:01:04,59.5500,272,1
2026-04-08,601318,14:01:07,59.5500,655,2
2026-04-08,601318,14:01:10,59.5400,192,2
2026-04-08,601318,14:01:13,59.5100,430,2
2026-04-08,601318,14:01:16,59.5200,536,1
2026-04-08,601318,14:01:19,59.5200,14,2
2026-04-08,601318,14:01:22,59.5200,27,1
2026-04-08,601318,14:01:25,59.5200,71,1
2026-04-08,601318,14:01:28,59.5100,151,2
2026-04-08,601318,14:01:31,59.5100,21,1
2026-04-08,601318,14:01:34,59.5000,189,2
2026-04-08,601318,14:01:37,59.4900,149,2
2026-04-08,601318,14:01:40,59.4900,38,2
2026-04-08,601318,14:01:43,59.4900,48,2
2026-04-08,601318,14:01:46,59.5000,166,1
2026-04-08,601318,14:01:49,59.4900,201,2
2026-04-08,601318,14:01:52,59.4900,125,1
2026-04-08,601318,14:01:55,59.5100,143,1
2026-04-08,601318,14:01:58,59.5000,97,2
2026-04-08,601318,14:02:01,59.5000,63,2
2026-04-08,601318,14:02:04,59.5000,47,2
2026-04-08,601318,14:02:07,59.5000,178,2
2026-04-08,601318,14:02:10,59.5000,35,2
2026-04-08,601318,14:02:13,59.5000,83,2
2026-04-08,601318,14:02:16,59.5000,59,1
2026-04-08,601318,14:02:19,59.5100,9,1
2026-04-08,601318,14:02:22,59.4900,66,2
2026-04-08,601318,14:02:25,59.5100,141,1
2026-04-08,601318,14:02:28,59.5100,46,1
2026-04-08,601318,14:02:31,59.5100,86,1
2026-04-08,601318,14:02:34,59.5000,64,2
2026-04-08,601318,14:02:37,59.4900,542,2
2026-04-08,601318,14:02:40,59.4900,133,2
2026-04-08,601318,14:02:43,59.4900,77,1
2026-04-08,601318,14:02:46,59.4700,62,2
2026-04-08,601318,14:02:49,59.4600,79,2
2026-04-08,601318,14:02:52,59.4600,27,2
2026-04-08,601318,14:02:55,59.4600,103,2
2026-04-08,601318,14:02:58,59.4500,39,2
2026-04-08,601318,14:03:01,59.4500,204,2
2026-04-08,601318,14:03:04,59.4500,226,2
2026-04-08,601318,14:03:07,59.4400,143,2
2026-04-08,601318,14:03:10,59.4400,108,2
2026-04-08,601318,14:03:13,59.4400,156,1
2026-04-08,601318,14:03:16,59.4200,68,2
2026-04-08,601318,14:03:19,59.3800,383,2
2026-04-08,601318,14:03:22,59.3800,130,2
2026-04-08,601318,14:03:25,59.3600,174,2
2026-04-08,601318,14:03:28,59.3700,194,4
2026-04-08,601318,14:03:31,59.4000,574,1
2026-04-08,601318,14:03:34,59.4000,59,2
2026-04-08,601318,14:03:37,59.3900,104,2
2026-04-08,601318,14:03:40,59.4000,148,1
2026-04-08,601318,14:03:43,59.4000,36,1
2026-04-08,601318,14:03:46,59.4000,218,1
2026-04-08,601318,14:03:49,59.3900,392,2
2026-04-08,601318,14:03:52,59.3900,62,2
2026-04-08,601318,14:03:55,59.3800,114,2
2026-04-08,601318,14:03:58,59.3700,62,2
2026-04-08,601318,14:04:01,59.3800,127,1
2026-04-08,601318,14:04:04,59.3700,54,2
2026-04-08,601318,14:04:07,59.3700,100,2
2026-04-08,601318,14:04:10,59.3700,33,4
2026-04-08,601318,14:04:13,59.3700,50,1
2026-04-08,601318,14:04:16,59.3600,122,2
2026-04-08,601318,14:04:19,59.3500,48,2
2026-04-08,601318,14:04:22,59.3600,25,1
2026-04-08,601318,14:04:25,59.3500,47,2
2026-04-08,601318,14:04:28,59.3500,56,2
2026-04-08,601318,14:04:31,59.3600,30,1
2026-04-08,601318,14:04:34,59.3500,72,2
2026-04-08,601318,14:04:37,59.3700,580,1
2026-04-08,601318,14:04:40,59.3800,120,1
2026-04-08,601318,14:04:43,59.3800,15,1
2026-04-08,601318,14:04:46,59.3700,103,2
2026-04-08,601318,14:04:49,59.3700,58,1
2026-04-08,601318,14:04:52,59.3700,23,2
2026-04-08,601318,14:04:55,59.3700,101,1
2026-04-08,601318,14:04:58,59.3700,102,2
2026-04-08,601318,14:05:01,59.3700,107,2
2026-04-08,601318,14:05:04,59.3900,242,1
2026-04-08,601318,14:05:07,59.4000,72,4
2026-04-08,601318,14:05:10,59.3900,207,2
2026-04-08,601318,14:05:13,59.4000,162,1
2026-04-08,601318,14:05:16,59.3700,152,2
2026-04-08,601318,14:05:19,59.4000,219,1
2026-04-08,601318,14:05:22,59.4000,49,1
2026-04-08,601318,14:05:25,59.4000,131,1
2026-04-08,601318,14:05:28,59.4100,18,1
2026-04-08,601318,14:05:31,59.4000,210,2
2026-04-08,601318,14:05:34,59.4100,36,4
2026-04-08,601318,14:05:37,59.4000,118,2
2026-04-08,601318,14:05:40,59.4000,94,2
2026-04-08,601318,14:05:43,59.4000,148,2
2026-04-08,601318,14:05:46,59.4000,63,1
2026-04-08,601318,14:05:49,59.4000,54,1
2026-04-08,601318,14:05:52,59.4000,73,1
2026-04-08,601318,14:05:55,59.4100,83,4
2026-04-08,601318,14:05:58,59.4300,199,1
2026-04-08,601318,14:06:01,59.4200,69,2
2026-04-08,601318,14:06:04,59.4400,34,1
2026-04-08,601318,14:06:07,59.4200,53,2
2026-04-08,601318,14:06:10,59.4500,462,1
2026-04-08,601318,14:06:13,59.4500,24,2
2026-04-08,601318,14:06:16,59.4700,68,1
2026-04-08,601318,14:06:19,59.4500,104,2
2026-04-08,601318,14:06:22,59.4300,307,2
2026-04-08,601318,14:06:25,59.4300,136,2
2026-04-08,601318,14:06:28,59.4300,56,2
2026-04-08,601318,14:06:31,59.4400,161,1
2026-04-08,601318,14:06:34,59.4300,241,2
2026-04-08,601318,14:06:37,59.4200,91,2
2026-04-08,601318,14:06:40,59.4200,113,2
2026-04-08,601318,14:06:43,59.4300,28,1
2026-04-08,601318,14:06:46,59.4200,89,2
2026-04-08,601318,14:06:49,59.4300,47,1
2026-04-08,601318,14:06:52,59.4200,78,2
2026-04-08,601318,14:06:55,59.4200,90,2
2026-04-08,601318,14:06:58,59.4200,49,2
2026-04-08,601318,14:07:01,59.4200,30,2
2026-04-08,601318,14:07:04,59.4200,28,2
2026-04-08,601318,10:57:01,58.9200,121,1
2026-04-08,601318,10:57:04,58.9100,63,2
2026-04-08,601318,10:57:07,58.9200,94,1
2026-04-08,601318,10:57:10,58.9100,45,2
2026-04-08,601318,10:57:13,58.9200,25,1
2026-04-08,601318,10:57:16,58.9100,151,2
2026-04-08,601318,10:57:19,58.9100,34,2
2026-04-08,601318,10:57:22,58.9100,6,2
2026-04-08,601318,10:57:25,58.9100,26,2
2026-04-08,601318,10:57:28,58.9100,44,2
2026-04-08,601318,10:57:31,58.9100,50,2
2026-04-08,601318,10:57:34,58.9100,65,2
2026-04-08,601318,10:57:37,58.9000,45,2
2026-04-08,601318,10:57:40,58.9100,12,1
2026-04-08,601318,10:57:43,58.9100,14,1
2026-04-08,601318,10:57:46,58.9000,51,2
2026-04-08,601318,10:57:49,58.9100,54,1
2026-04-08,601318,10:57:52,58.9000,177,2
2026-04-08,601318,10:57:55,58.9000,686,1
2026-04-08,601318,10:57:58,58.8900,28,2
2026-04-08,601318,10:58:01,58.8900,11,2
2026-04-08,601318,10:58:04,58.8900,28,2
2026-04-08,601318,10:58:07,58.8900,272,2
2026-04-08,601318,10:58:10,58.8900,9,1
2026-04-08,601318,10:58:13,58.8900,6,1
2026-04-08,601318,10:58:16,58.8800,393,2
2026-04-08,601318,10:58:19,58.8700,47,2
2026-04-08,601318,10:58:25,58.8800,19,1
2026-04-08,601318,10:58:28,58.8700,35,2
2026-04-08,601318,10:58:31,58.8700,29,1
2026-04-08,601318,10:58:34,58.8700,53,1
2026-04-08,601318,10:58:37,58.8600,366,2
2026-04-08,601318,10:58:40,58.8600,99,2
2026-04-08,601318,10:58:43,58.8600,6,2
2026-04-08,601318,10:58:46,58.8600,33,2
2026-04-08,601318,10:58:49,58.8600,255,2
2026-04-08,601318,10:58:52,58.8500,400,2
2026-04-08,601318,10:58:55,58.8500,22,2
2026-04-08,601318,10:58:58,58.8500,40,2
2026-04-08,601318,10:59:01,58.8500,111,2
2026-04-08,601318,10:59:04,58.8600,870,1
2026-04-08,601318,10:59:07,58.8600,216,1
2026-04-08,601318,10:59:10,58.8600,55,1
2026-04-08,601318,10:59:13,58.8600,25,1
2026-04-08,601318,10:59:16,58.8500,101,2
2026-04-08,601318,10:59:19,58.8600,2058,1
2026-04-08,601318,10:59:22,58.9000,125,1
2026-04-08,601318,10:59:25,58.9100,185,1
2026-04-08,601318,10:59:28,58.9200,200,1
2026-04-08,601318,10:59:31,58.9200,176,1
2026-04-08,601318,10:59:34,58.9200,75,2
2026-04-08,601318,10:59:37,58.9300,154,1
2026-04-08,601318,10:59:40,58.9400,199,1
2026-04-08,601318,10:59:43,58.9400,62,1
2026-04-08,601318,10:59:46,58.9200,87,2
2026-04-08,601318,10:59:49,58.9300,37,1
2026-04-08,601318,10:59:52,58.9200,73,2
2026-04-08,601318,10:59:55,58.9300,13,1
2026-04-08,601318,10:59:58,58.9200,15,2
2026-04-08,601318,11:00:01,58.9200,52,2
2026-04-08,601318,11:00:04,58.9200,307,2
2026-04-08,601318,11:00:07,58.9200,52,2
2026-04-08,601318,11:00:10,58.9200,45,2
2026-04-08,601318,11:00:13,58.9200,34,2
2026-04-08,601318,11:00:16,58.9100,23,2
2026-04-08,601318,11:00:19,58.9200,45,1
2026-04-08,601318,11:00:22,58.9200,89,1
2026-04-08,601318,11:00:25,58.9300,94,1
2026-04-08,601318,11:00:28,58.9200,66,2
2026-04-08,601318,11:00:31,58.9200,171,2
2026-04-08,601318,11:00:34,58.9400,20,1
2026-04-08,601318,11:00:37,58.9300,163,2
2026-04-08,601318,11:00:40,58.9300,16,2
2026-04-08,601318,11:00:43,58.9400,6,1
2026-04-08,601318,11:00:46,58.9300,25,2
2026-04-08,601318,11:00:49,58.9400,31,1
2026-04-08,601318,11:00:52,58.9300,7,2
2026-04-08,601318,11:00:55,58.9400,53,1
2026-04-08,601318,11:00:58,58.9300,27,2
2026-04-08,601318,11:01:01,58.9400,34,1
2026-04-08,601318,11:01:04,58.9300,17,1
2026-04-08,601318,11:01:07,58.9300,68,1
2026-04-08,601318,11:01:10,58.9400,35,1
2026-04-08,601318,11:01:13,58.9400,10,1
2026-04-08,601318,11:01:16,58.9300,28,2
2026-04-08,601318,11:01:19,58.9300,22,2
2026-04-08,601318,11:01:22,58.9300,38,2
2026-04-08,601318,11:01:25,58.9300,42,2
2026-04-08,601318,11:01:28,58.9300,31,2
2026-04-08,601318,11:01:31,58.9300,38,2
2026-04-08,601318,11:01:34,58.9300,8,2
2026-04-08,601318,11:01:37,58.9300,22,2
2026-04-08,601318,11:01:40,58.9300,35,2
2026-04-08,601318,11:01:43,58.9200,61,2
2026-04-08,601318,11:01:46,58.9300,16,1
2026-04-08,601318,11:01:49,58.9200,25,2
2026-04-08,601318,11:01:52,58.9300,63,1
2026-04-08,601318,11:01:55,58.9300,140,1
2026-04-08,601318,11:01:58,58.9300,191,1
2026-04-08,601318,11:02:01,58.9300,47,2
2026-04-08,601318,11:02:04,58.9400,9,1
2026-04-08,601318,11:02:07,58.9300,82,2
2026-04-08,601318,11:02:10,58.9300,96,1
2026-04-08,601318,11:02:13,58.9300,43,2
2026-04-08,601318,11:02:16,58.9200,29,2
2026-04-08,601318,11:02:19,58.9200,4,2
2026-04-08,601318,11:02:22,58.9300,21,1
2026-04-08,601318,11:02:25,58.9400,26,1
2026-04-08,601318,11:02:28,58.9400,335,1
2026-04-08,601318,11:02:31,58.9400,444,1
2026-04-08,601318,11:02:34,58.9400,89,1
2026-04-08,601318,11:02:37,58.9500,158,1
2026-04-08,601318,11:02:40,58.9400,267,2
2026-04-08,601318,11:02:43,58.9500,84,1
2026-04-08,601318,11:02:46,58.9400,153,2
2026-04-08,601318,11:02:49,58.9300,209,2
2026-04-08,601318,11:02:52,58.9200,97,2
2026-04-08,601318,11:02:55,58.9400,69,1
2026-04-08,601318,11:02:58,58.9400,71,1
2026-04-08,601318,11:03:01,58.9400,47,1
2026-04-08,601318,11:03:04,58.9400,81,1
2026-04-08,601318,11:03:07,58.9400,71,2
2026-04-08,601318,11:03:10,58.9400,64,1
2026-04-08,601318,11:03:13,58.9400,58,1
2026-04-08,601318,11:03:16,58.9400,56,1
2026-04-08,601318,11:03:19,58.9400,73,1
2026-04-08,601318,11:03:22,58.9300,180,2
2026-04-08,601318,11:03:25,58.9300,158,1
2026-04-08,601318,11:03:28,58.9300,528,1
2026-04-08,601318,11:03:31,58.9300,173,1
2026-04-08,601318,11:03:34,58.9400,65,1
2026-04-08,601318,11:03:37,58.9300,40,2
2026-04-08,601318,11:03:40,58.9400,7,1
2026-04-08,601318,11:03:43,58.9400,4,1
2026-04-08,601318,11:03:46,58.9400,221,1
2026-04-08,601318,11:03:49,58.9400,28,1
2026-04-08,601318,11:03:52,58.9300,59,2
2026-04-08,601318,11:03:55,58.9400,51,1
2026-04-08,601318,11:03:58,58.9400,49,1
2026-04-08,601318,11:04:01,58.9400,65,1
2026-04-08,601318,11:04:04,58.9400,168,1
2026-04-08,601318,11:04:07,58.9400,42,1
2026-04-08,601318,11:04:10,58.9300,76,2
2026-04-08,601318,11:04:13,58.9300,64,2
2026-04-08,601318,11:04:16,58.9400,37,1
2026-04-08,601318,11:04:19,58.9300,8,2
2026-04-08,601318,11:04:22,58.9400,34,1
2026-04-08,601318,11:04:25,58.9400,26,1
2026-04-08,601318,11:04:28,58.9500,24,1
2026-04-08,601318,11:04:31,58.9500,3,1
2026-04-08,601318,11:04:34,58.9400,16,2
2026-04-08,601318,11:04:37,58.9400,37,2
2026-04-08,601318,11:04:40,58.9400,12,2
2026-04-08,601318,11:04:43,58.9500,76,1
2026-04-08,601318,11:04:46,58.9500,38,1
2026-04-08,601318,11:04:49,58.9400,68,2
2026-04-08,601318,11:04:52,58.9500,51,1
2026-04-08,601318,11:04:55,58.9400,12,2
2026-04-08,601318,11:04:58,58.9400,32,2
2026-04-08,601318,11:05:01,58.9500,16,1
2026-04-08,601318,11:05:04,58.9400,279,2
2026-04-08,601318,11:05:07,58.9500,905,1
2026-04-08,601318,11:05:10,58.9600,345,1
2026-04-08,601318,11:05:13,58.9600,214,1
2026-04-08,601318,11:05:16,58.9600,253,1
2026-04-08,601318,11:05:19,58.9600,130,1
2026-04-08,601318,11:05:22,58.9600,27,1
2026-04-08,601318,11:05:25,58.9500,284,2
2026-04-08,601318,11:05:28,58.9600,13,1
2026-04-08,601318,11:05:31,58.9500,11,2
2026-04-08,601318,11:05:34,58.9500,219,2
2026-04-08,601318,11:05:37,58.9500,184,1
2026-04-08,601318,11:05:40,58.9500,16,1
2026-04-08,601318,11:05:43,58.9500,286,1
2026-04-08,601318,11:05:46,58.9500,38,1
2026-04-08,601318,11:05:49,58.9200,523,2
2026-04-08,601318,11:05:52,58.9300,189,2
2026-04-08,601318,11:05:55,58.9300,2,1
2026-04-08,601318,11:05:58,58.9300,23,1
2026-04-08,601318,11:06:01,58.9300,47,1
2026-04-08,601318,11:06:04,58.9300,30,1
2026-04-08,601318,11:06:07,58.9200,215,2
2026-04-08,601318,11:06:10,58.9200,89,1
2026-04-08,601318,11:06:13,58.9200,13,4
2026-04-08,601318,11:06:16,58.9100,273,2
2026-04-08,601318,11:06:19,58.9000,12,2
2026-04-08,601318,11:06:22,58.9000,37,2
2026-04-08,601318,11:06:25,58.9100,15,1
2026-04-08,601318,11:06:28,58.9000,84,2
2026-04-08,601318,11:06:31,58.9100,16,1
2026-04-08,601318,11:06:34,58.9300,394,1
2026-04-08,601318,11:06:37,58.9300,104,1
2026-04-08,601318,11:06:40,58.9400,239,1
2026-04-08,601318,11:06:43,58.9500,382,1
2026-04-08,601318,11:06:46,58.9400,71,2
2026-04-08,601318,11:06:49,58.9400,40,2
2026-04-08,601318,11:06:52,58.9400,48,2
2026-04-08,601318,11:06:55,58.9500,17,1
2026-04-08,601318,11:06:58,58.9500,475,1
2026-04-08,601318,11:07:01,58.9400,59,2
2026-04-08,601318,11:07:04,58.9500,44,1
2026-04-08,601318,11:07:07,58.9500,33,2
2026-04-08,601318,11:07:10,58.9500,98,2
2026-04-08,601318,11:07:13,58.9600,920,1
2026-04-08,601318,11:07:16,59.0000,9323,1
2026-04-08,601318,11:07:19,59.0200,13951,1
2026-04-08,601318,11:07:22,59.0100,635,2
2026-04-08,601318,11:07:25,59.0200,160,1
2026-04-08,601318,11:07:28,59.0300,78,1
2026-04-08,601318,11:07:31,59.0300,108,1
2026-04-08,601318,11:07:34,59.0400,49,1
2026-04-08,601318,11:07:37,59.0200,55,2
2026-04-08,601318,11:07:40,59.0100,296,2
2026-04-08,601318,11:07:43,59.0200,179,1
2026-04-08,601318,11:07:46,59.0000,18,2
2026-04-08,601318,11:07:49,59.0000,27,2
2026-04-08,601318,11:07:52,59.0100,277,1
2026-04-08,601318,11:07:55,59.0100,210,1
2026-04-08,601318,11:07:58,59.0100,274,1
2026-04-08,601318,11:08:01,59.0100,214,2
2026-04-08,601318,11:08:04,59.0100,49,2
2026-04-08,601318,11:08:07,59.0200,119,1
2026-04-08,601318,11:08:10,59.0100,46,4
2026-04-08,601318,11:08:13,59.0100,3,1
2026-04-08,601318,11:08:16,59.0100,44,1
2026-04-08,601318,11:08:19,59.0100,77,1
2026-04-08,601318,11:08:22,59.0000,446,2
2026-04-08,601318,11:08:25,59.0000,37,1
2026-04-08,601318,11:08:28,59.0000,2,1
2026-04-08,601318,11:08:31,58.9900,42,2
2026-04-08,601318,11:08:34,58.9900,111,2
2026-04-08,601318,11:08:37,59.0100,288,1
2026-04-08,601318,11:08:40,58.9900,283,2
2026-04-08,601318,11:08:43,58.9900,37,2
2026-04-08,601318,11:08:46,58.9900,33,1
2026-04-08,601318,11:08:49,58.9900,34,1
2026-04-08,601318,11:08:52,58.9900,22,1
2026-04-08,601318,11:08:55,58.9800,132,2
2026-04-08,601318,11:08:58,58.9800,34,2
2026-04-08,601318,11:09:01,58.9800,141,2
2026-04-08,601318,11:09:04,58.9800,39,2
2026-04-08,601318,11:09:07,58.9800,55,2
2026-04-08,601318,11:09:10,58.9900,373,1
2026-04-08,601318,11:09:13,59.0000,27,1
2026-04-08,601318,11:09:16,59.0000,32,1
2026-04-08,601318,11:09:19,59.0100,722,1
2026-04-08,601318,11:09:22,59.0200,658,1
2026-04-08,601318,11:09:25,59.0100,66,2
2026-04-08,601318,11:09:28,59.0100,57,1
2026-04-08,601318,11:09:31,59.0100,31,1
2026-04-08,601318,11:09:34,59.0100,17,2
2026-04-08,601318,11:09:37,59.0100,97,2
2026-04-08,601318,11:09:40,59.0100,429,2
2026-04-08,601318,11:09:43,59.0300,332,1
2026-04-08,601318,11:09:46,59.0300,102,1
2026-04-08,601318,11:09:49,59.0300,65,1
2026-04-08,601318,11:09:52,59.0300,65,1
2026-04-08,601318,11:09:55,59.0300,53,1
2026-04-08,601318,11:09:58,59.0300,295,1
2026-04-08,601318,11:10:01,59.0300,54,1
2026-04-08,601318,11:10:04,59.0200,101,2
2026-04-08,601318,11:10:07,59.0200,26,2
2026-04-08,601318,11:10:10,59.0200,90,2
2026-04-08,601318,11:10:13,59.0200,350,2
2026-04-08,601318,11:10:16,59.0200,64,1
2026-04-08,601318,11:10:19,59.0200,92,1
2026-04-08,601318,11:10:22,59.0100,108,2
2026-04-08,601318,11:10:25,59.0100,94,2
2026-04-08,601318,11:10:28,59.0200,50,1
2026-04-08,601318,11:10:31,59.0100,19,2
2026-04-08,601318,11:10:34,59.0000,707,2
2026-04-08,601318,11:10:37,59.0000,64,1
2026-04-08,601318,11:10:40,58.9900,272,2
2026-04-08,601318,11:10:43,59.0000,116,4
2026-04-08,601318,11:10:46,59.0000,17,2
2026-04-08,601318,11:10:49,59.0000,32,2
2026-04-08,601318,11:10:52,59.0100,26,1
2026-04-08,601318,11:10:55,59.0000,35,2
2026-04-08,601318,11:10:58,59.0000,66,2
2026-04-08,601318,11:11:01,59.0000,5,1
2026-04-08,601318,11:11:04,59.0000,36,1
2026-04-08,601318,11:11:07,58.9900,41,2
2026-04-08,601318,11:11:10,58.9900,17,2
2026-04-08,601318,11:11:13,59.0000,49,1
2026-04-08,601318,11:11:16,59.0000,38,1
2026-04-08,601318,11:11:19,58.9900,24,2
2026-04-08,601318,11:11:22,59.0000,103,1
2026-04-08,601318,11:11:25,58.9900,53,2
2026-04-08,601318,11:11:28,59.0000,47,1
2026-04-08,601318,11:11:31,59.0000,67,1
2026-04-08,601318,11:11:34,59.0000,507,2
2026-04-08,601318,11:11:37,59.0000,207,1
2026-04-08,601318,11:11:40,59.0000,35,2
2026-04-08,601318,11:11:43,59.0100,10,1
2026-04-08,601318,11:11:46,59.0100,7,1
2026-04-08,601318,11:11:49,59.0000,57,2
2026-04-08,601318,11:11:52,59.0100,39,1
2026-04-08,601318,11:11:55,59.0100,37,1
2026-04-08,601318,11:11:58,59.0100,154,1
2026-04-08,601318,11:12:01,59.0200,116,1
2026-04-08,601318,11:12:04,59.0100,63,2
2026-04-08,601318,11:12:07,59.0100,53,2
2026-04-08,601318,11:12:10,59.0200,1,1
2026-04-08,601318,11:12:13,59.0100,11,2
2026-04-08,601318,11:12:16,59.0200,26,1
2026-04-08,601318,11:12:19,59.0200,46,1
2026-04-08,601318,11:12:22,59.0100,26,2
2026-04-08,601318,11:12:25,59.0100,53,2
2026-04-08,601318,11:12:28,59.0100,33,2
2026-04-08,601318,11:12:31,59.0200,385,1
2026-04-08,601318,11:12:34,59.0200,50,1
2026-04-08,601318,11:12:37,59.0100,22,2
2026-04-08,601318,11:12:40,59.0200,21,1
2026-04-08,601318,11:12:43,59.0200,23,1
2026-04-08,601318,11:12:46,59.0100,84,2
2026-04-08,601318,11:12:49,59.0100,53,1
2026-04-08,601318,11:12:52,59.0100,35,1
2026-04-08,601318,11:12:55,59.0000,174,2
2026-04-08,601318,11:12:58,59.0100,138,1
2026-04-08,601318,11:13:01,59.0100,75,1
2026-04-08,601318,11:13:04,59.0100,42,1
2026-04-08,601318,11:13:07,59.0100,126,1
2026-04-08,601318,11:13:10,59.0000,10,2
2026-04-08,601318,11:13:13,59.0100,301,1
2026-04-08,601318,11:13:16,59.0100,118,1
2026-04-08,601318,11:13:19,59.0100,21,2
2026-04-08,601318,11:13:22,59.0100,70,2
2026-04-08,601318,11:13:25,59.0100,81,2
2026-04-08,601318,11:13:28,59.0100,43,2
2026-04-08,601318,11:13:31,59.0100,77,2
2026-04-08,601318,11:13:34,59.0100,74,2
2026-04-08,601318,11:13:37,59.0200,291,1
2026-04-08,601318,11:13:40,59.0100,115,2
2026-04-08,601318,11:13:43,59.0200,180,1
2026-04-08,601318,11:13:46,59.0100,31,2
2026-04-08,601318,11:13:49,59.0200,28,1
2026-04-08,601318,11:13:52,59.0300,409,1
2026-04-08,601318,11:13:55,59.0100,295,2
2026-04-08,601318,11:13:58,59.0300,92,1
2026-04-08,601318,11:14:01,59.0300,98,1
2026-04-08,601318,11:14:04,59.0300,142,1
2026-04-08,601318,11:14:07,59.0400,360,1
2026-04-08,601318,11:14:10,59.0300,147,2
2026-04-08,601318,11:14:13,59.0500,943,1
2026-04-08,601318,11:14:16,59.0500,277,1
2026-04-08,601318,11:14:19,59.0500,154,1
2026-04-08,601318,11:14:22,59.0500,187,1
2026-04-08,601318,11:14:25,59.0500,183,1
2026-04-08,601318,11:14:28,59.0400,58,2
2026-04-08,601318,11:14:31,59.0400,235,2
2026-04-08,601318,11:14:34,59.0400,33,2
2026-04-08,601318,11:14:37,59.0400,111,2
2026-04-08,601318,11:14:40,59.0500,120,1
2026-04-08,601318,11:14:43,59.0500,138,1
2026-04-08,601318,11:14:46,59.0400,188,2
2026-04-08,601318,11:14:49,59.0400,40,1
2026-04-08,601318,11:14:52,59.0500,452,1
2026-04-08,601318,11:14:55,59.0600,216,1
2026-04-08,601318,11:14:58,59.0600,79,1
2026-04-08,601318,11:15:01,59.0500,193,2
2026-04-08,601318,11:15:04,59.0500,72,1
2026-04-08,601318,11:15:07,59.0500,181,1
2026-04-08,601318,11:15:10,59.0500,151,1
2026-04-08,601318,11:15:13,59.0400,17,2
2026-04-08,601318,11:15:16,59.0500,50,1
2026-04-08,601318,11:15:19,59.0400,221,2
2026-04-08,601318,11:15:22,59.0400,74,1
2026-04-08,601318,11:15:25,59.0400,34,1
2026-04-08,601318,11:15:28,59.0400,27,1
2026-04-08,601318,11:15:31,59.0300,66,2
2026-04-08,601318,11:15:34,59.0400,91,1
2026-04-08,601318,11:15:37,59.0300,28,2
2026-04-08,601318,11:15:40,59.0300,37,2
2026-04-08,601318,11:15:43,59.0300,6,2
2026-04-08,601318,11:15:46,59.0200,487,2
2026-04-08,601318,11:15:49,59.0100,7,1
2026-04-08,601318,11:15:52,59.0100,8,1
2026-04-08,601318,11:15:55,59.0000,57,2
2026-04-08,601318,11:15:58,59.0100,41,1
2026-04-08,601318,11:16:01,58.9900,356,2
2026-04-08,601318,11:16:04,58.9900,42,4
2026-04-08,601318,11:16:07,58.9900,63,1
2026-04-08,601318,11:16:10,58.9900,15,1
2026-04-08,601318,11:16:13,58.9800,26,2
2026-04-08,601318,11:16:16,58.9800,24,2
2026-04-08,601318,11:16:19,58.9900,12,1
2026-04-08,601318,11:16:22,58.9800,6,2
2026-04-08,601318,11:16:25,58.9800,17,2
2026-04-08,601318,11:16:28,58.9800,22,2
2026-04-08,601318,11:16:31,58.9800,25,2
2026-04-08,601318,11:16:34,58.9800,16,2
2026-04-08,601318,11:16:37,58.9900,101,1
2026-04-08,601318,11:16:40,58.9900,22,1
2026-04-08,601318,11:16:43,58.9900,12,2
2026-04-08,601318,11:16:46,58.9900,19,2
2026-04-08,601318,11:16:49,59.0000,57,1
2026-04-08,601318,11:16:52,58.9900,26,2
2026-04-08,601318,11:16:55,59.0000,266,1
2026-04-08,601318,11:16:58,58.9900,27,2
2026-04-08,601318,11:17:01,58.9900,17,1
2026-04-08,601318,11:17:04,58.9900,281,1
2026-04-08,601318,11:17:07,58.9900,51,2
2026-04-08,601318,11:17:10,59.0000,18,1
2026-04-08,601318,11:17:13,59.0000,12,1
2026-04-08,601318,11:17:16,59.0100,283,1
2026-04-08,601318,11:17:19,59.0000,206,2
2026-04-08,601318,11:17:22,59.0000,303,2
2026-04-08,601318,11:17:25,59.0000,128,1
2026-04-08,601318,11:17:28,59.0000,20,1
2026-04-08,601318,11:17:31,59.0000,267,1
2026-04-08,601318,11:17:34,59.0000,29,2
2026-04-08,601318,11:17:37,59.0100,61,1
2026-04-08,601318,11:17:40,59.0000,72,2
2026-04-08,601318,11:17:43,59.0000,189,2
2026-04-08,601318,11:17:46,59.0000,5,1
2026-04-08,601318,11:17:49,59.0000,50,1
2026-04-08,601318,11:17:52,58.9900,98,2
2026-04-08,601318,11:17:55,59.0000,81,1
2026-04-08,601318,11:17:58,58.9900,49,2
2026-04-08,601318,11:18:01,59.0000,22,1
2026-04-08,601318,11:18:04,59.0000,49,1
2026-04-08,601318,11:18:07,58.9900,27,2
2026-04-08,601318,11:18:10,59.0000,179,1
2026-04-08,601318,11:18:13,58.9900,35,2
2026-04-08,601318,11:18:16,58.9900,10,2
2026-04-08,601318,11:18:19,59.0000,14,1
2026-04-08,601318,11:18:22,59.0000,47,1
2026-04-08,601318,11:18:25,58.9900,36,2
2026-04-08,601318,11:18:28,58.9900,158,2
2026-04-08,601318,11:18:31,58.9900,43,1
2026-04-08,601318,11:18:34,58.9900,28,1
2026-04-08,601318,11:18:37,58.9800,49,2
2026-04-08,601318,11:18:40,58.9800,20,2
2026-04-08,601318,11:18:43,58.9900,500,1
2026-04-08,601318,11:18:46,59.0100,343,1
2026-04-08,601318,11:18:49,59.0200,152,1
2026-04-08,601318,11:18:52,59.0200,103,2
2026-04-08,601318,11:18:55,59.0200,51,2
2026-04-08,601318,11:18:58,59.0300,43,1
2026-04-08,601318,11:19:01,59.0200,165,2
2026-04-08,601318,11:19:04,59.0200,52,1
2026-04-08,601318,11:19:07,59.0100,36,2
2026-04-08,601318,11:19:10,59.0200,31,1
2026-04-08,601318,11:19:13,59.0200,114,1
2026-04-08,601318,11:19:16,59.0100,102,2
2026-04-08,601318,11:19:19,59.0200,3,1
2026-04-08,601318,11:19:22,59.0100,22,2
2026-04-08,601318,11:19:25,59.0100,76,2
2026-04-08,601318,11:19:28,59.0100,1,2
2026-04-08,601318,11:19:31,59.0200,22,1
2026-04-08,601318,11:19:34,59.0200,10,2
2026-04-08,601318,11:19:37,59.0200,190,4
2026-04-08,601318,11:19:40,59.0200,56,1
2026-04-08,601318,11:19:43,59.0200,7,1
2026-04-08,601318,11:19:46,59.0200,43,1
2026-04-08,601318,11:19:49,59.0100,41,2
2026-04-08,601318,11:19:52,59.0100,265,2
2026-04-08,601318,11:19:55,59.0100,25,1
2026-04-08,601318,11:19:58,59.0000,52,2
2026-04-08,601318,11:20:01,59.0100,49,1
2026-04-08,601318,11:20:04,59.0000,53,2
2026-04-08,601318,11:20:07,59.0000,45,2
2026-04-08,601318,11:20:10,59.0000,452,2
2026-04-08,601318,11:20:13,59.0000,96,2
2026-04-08,601318,11:20:16,59.0000,21,2
2026-04-08,601318,11:20:19,59.0000,37,2
2026-04-08,601318,11:20:22,59.0100,84,1
2026-04-08,601318,11:20:25,59.0100,14,2
2026-04-08,601318,11:20:28,59.0100,45,2
2026-04-08,601318,11:20:31,59.0100,60,2
