date,code,time,price,volume,bs
2026-06-09,601012,14:07:06,12.8600,499,1
2026-06-09,601012,14:07:09,12.8500,703,1
2026-06-09,601012,14:07:12,12.8400,395,2
2026-06-09,601012,14:07:15,12.8300,330,2
2026-06-09,601012,14:07:18,12.8500,158,1
2026-06-09,601012,14:07:21,12.8500,49,1
2026-06-09,601012,14:07:24,12.8500,345,1
2026-06-09,601012,14:07:27,12.8500,96,1
2026-06-09,601012,14:07:30,12.8400,235,2
2026-06-09,601012,14:07:33,12.8500,534,1
2026-06-09,601012,14:07:36,12.8500,144,1
2026-06-09,601012,14:07:39,12.8500,237,1
2026-06-09,601012,14:07:42,12.8400,159,2
2026-06-09,601012,14:07:45,12.8500,141,1
2026-06-09,601012,14:07:48,12.8500,38,1
2026-06-09,601012,14:07:51,12.8500,46,1
2026-06-09,601012,14:07:54,12.8500,1086,1
2026-06-09,601012,14:07:57,12.8400,76,2
2026-06-09,601012,14:08:00,12.8400,471,2
2026-06-09,601012,14:08:03,12.8500,205,1
2026-06-09,601012,14:08:06,12.8500,77,2
2026-06-09,601012,14:08:09,12.8500,114,2
2026-06-09,601012,14:08:12,12.8500,278,1
2026-06-09,601012,14:08:15,12.8400,947,2
2026-06-09,601012,14:08:18,12.8400,147,1
2026-06-09,601012,14:08:21,12.8500,75,1
2026-06-09,601012,14:08:24,12.8500,187,1
2026-06-09,601012,14:08:27,12.8500,467,1
2026-06-09,601012,14:08:30,12.8500,64,1
2026-06-09,601012,14:08:33,12.8500,21,1
2026-06-09,601012,14:08:36,12.8500,519,1
2026-06-09,601012,14:08:39,12.8500,94,1
2026-06-09,601012,14:08:42,12.8500,235,1
2026-06-09,601012,14:08:45,12.8500,458,1
2026-06-09,601012,14:08:48,12.8500,219,2
2026-06-09,601012,14:08:51,12.8500,114,1
2026-06-09,601012,14:08:54,12.8500,54,1
2026-06-09,601012,14:08:57,12.8400,121,2
2026-06-09,601012,14:09:00,12.8500,1621,1
2026-06-09,601012,14:09:03,12.8500,39,1
2026-06-09,601012,14:09:06,12.8500,235,1
2026-06-09,601012,14:09:09,12.8400,67,2
2026-06-09,601012,14:09:12,12.8500,93,1
2026-06-09,601012,14:09:15,12.8500,216,1
2026-06-09,601012,14:09:18,12.8400,137,2
2026-06-09,601012,14:09:21,12.8500,58,1
2026-06-09,601012,14:09:24,12.8500,65,1
2026-06-09,601012,14:09:27,12.8400,195,2
2026-06-09,601012,14:09:30,12.8400,118,2
2026-06-09,601012,14:09:33,12.8500,52,1
2026-06-09,601012,14:09:36,12.8500,54,1
2026-06-09,601012,14:09:39,12.8500,66,1
2026-06-09,601012,14:09:42,12.8500,27,1
2026-06-09,601012,14:09:45,12.8500,105,1
2026-06-09,601012,14:09:48,12.8500,568,1
2026-06-09,601012,14:09:51,12.8500,462,1
2026-06-09,601012,14:09:54,12.8400,220,2
2026-06-09,601012,14:09:57,12.8400,286,2
2026-06-09,601012,14:10:00,12.8500,101,1
2026-06-09,601012,14:10:03,12.8500,637,1
2026-06-09,601012,14:10:06,12.8500,480,1
2026-06-09,601012,14:10:09,12.8500,306,1
2026-06-09,601012,14:10:12,12.8500,357,1
2026-06-09,601012,14:10:15,12.8500,175,1
2026-06-09,601012,14:10:18,12.8500,470,1
2026-06-09,601012,14:10:21,12.8500,113,1
2026-06-09,601012,14:10:24,12.8500,643,1
2026-06-09,601012,14:10:27,12.8500,82,1
2026-06-09,601012,14:10:30,12.8400,101,2
2026-06-09,601012,14:10:33,12.8700,8344,1
2026-06-09,601012,14:10:36,12.8700,350,1
2026-06-09,601012,14:10:39,12.8600,44,2
2026-06-09,601012,14:10:42,12.8600,141,2
2026-06-09,601012,14:10:45,12.8600,103,2
2026-06-09,601012,14:10:48,12.8700,89,1
2026-06-09,601012,14:10:51,12.8600,130,2
2026-06-09,601012,14:10:54,12.8700,6865,1
2026-06-09,601012,14:10:57,12.8700,81,2
2026-06-09,601012,14:11:00,12.8700,725,2
2026-06-09,601012,14:11:03,12.8800,335,1
2026-06-09,601012,14:11:06,12.8700,185,2
2026-06-09,601012,14:11:09,12.8800,4380,1
2026-06-09,601012,14:11:12,12.8900,156,1
2026-06-09,601012,14:11:15,12.8900,207,1
2026-06-09,601012,14:11:18,12.8900,390,1
2026-06-09,601012,14:11:21,12.8900,396,1
2026-06-09,601012,14:11:24,12.8900,3944,1
2026-06-09,601012,14:11:27,12.8900,221,2
2026-06-09,601012,14:11:30,12.9000,138,1
2026-06-09,601012,14:11:33,12.8900,1850,2
2026-06-09,601012,14:11:36,12.8900,401,2
2026-06-09,601012,14:11:39,12.8900,192,1
2026-06-09,601012,14:11:42,12.8900,976,1
2026-06-09,601012,14:11:45,12.8900,209,1
2026-06-09,601012,14:11:48,12.8900,355,1
2026-06-09,601012,14:11:51,12.8900,96,1
2026-06-09,601012,14:11:54,12.8900,371,1
2026-06-09,601012,14:11:57,12.8800,227,2
2026-06-09,601012,14:12:00,12.8900,410,1
2026-06-09,601012,14:12:03,12.8800,2737,2
2026-06-09,601012,14:12:06,12.8800,80,1
2026-06-09,601012,14:12:09,12.8700,261,2
2026-06-09,601012,14:12:12,12.8700,1551,2
2026-06-09,601012,14:12:15,12.8700,81,1
2026-06-09,601012,14:12:18,12.8600,64,2
2026-06-09,601012,14:12:21,12.8600,259,2
2026-06-09,601012,14:12:24,12.8600,352,2
2026-06-09,601012,14:12:27,12.8500,34,2
2026-06-09,601012,14:12:30,12.8500,48,2
2026-06-09,601012,14:12:33,12.8500,81,2
2026-06-09,601012,14:12:36,12.8500,85,2
2026-06-09,601012,14:12:39,12.8500,8,2
2026-06-09,601012,14:12:42,12.8500,28,2
2026-06-09,601012,14:12:45,12.8600,187,1
2026-06-09,601012,14:12:48,12.8500,12,2
2026-06-09,601012,14:12:51,12.8500,63,2
2026-06-09,601012,14:12:54,12.8600,116,1
2026-06-09,601012,14:12:57,12.8500,104,2
2026-06-09,601012,14:13:00,12.8500,117,2
2026-06-09,601012,14:13:03,12.8500,212,2
2026-06-09,601012,14:13:06,12.8500,138,2
2026-06-09,601012,14:13:09,12.8600,64,1
2026-06-09,601012,14:13:12,12.8500,500,2
2026-06-09,601012,14:13:15,12.8600,177,1
2026-06-09,601012,14:13:18,12.8600,61,1
2026-06-09,601012,14:13:21,12.8600,134,1
2026-06-09,601012,14:13:24,12.8700,56,1
2026-06-09,601012,14:13:27,12.8600,81,2
2026-06-09,601012,14:13:30,12.8700,65,1
2026-06-09,601012,14:13:33,12.8600,226,2
2026-06-09,601012,14:13:36,12.8700,185,1
2026-06-09,601012,14:13:39,12.8600,104,2
2026-06-09,601012,14:13:42,12.8600,246,1
2026-06-09,601012,14:13:45,12.8600,35,2
2026-06-09,601012,14:13:49,12.8600,31,2
2026-06-09,601012,14:13:51,12.8700,23,1
2026-06-09,601012,14:13:54,12.8600,43,2
2026-06-09,601012,14:13:58,12.8600,41,2
2026-06-09,601012,14:14:00,12.8700,79,1
2026-06-09,601012,14:14:03,12.8700,16,1
2026-06-09,601012,14:14:06,12.8700,62,1
2026-06-09,601012,14:14:09,12.8600,100,2
2026-06-09,601012,14:14:12,12.8600,83,2
2026-06-09,601012,14:14:15,12.8600,60,2
2026-06-09,601012,14:14:18,12.8700,783,1
2026-06-09,601012,14:14:21,12.8600,1173,2
2026-06-09,601012,14:14:24,12.8600,688,1
2026-06-09,601012,14:14:27,12.8600,88,1
2026-06-09,601012,14:14:30,12.8600,69,1
2026-06-09,601012,14:14:33,12.8600,74,1
2026-06-09,601012,14:14:36,12.8600,96,1
2026-06-09,601012,14:14:39,12.8600,273,1
2026-06-09,601012,14:14:42,12.8600,89,2
2026-06-09,601012,14:14:45,12.8600,18,2
2026-06-09,601012,14:14:48,12.8600,14,2
2026-06-09,601012,14:14:51,12.8600,229,2
2026-06-09,601012,14:14:54,12.8600,163,2
2026-06-09,601012,14:14:57,12.8600,142,2
2026-06-09,601012,14:15:00,12.8600,36,1
2026-06-09,601012,14:15:03,12.8600,117,1
2026-06-09,601012,14:15:06,12.8600,210,2
2026-06-09,601012,14:15:09,12.8700,36,1
2026-06-09,601012,14:15:12,12.8600,91,2
2026-06-09,601012,14:15:15,12.8600,72,2
2026-06-09,601012,14:15:18,12.8600,61,2
2026-06-09,601012,14:15:21,12.8700,66,1
2026-06-09,601012,14:15:24,12.8600,125,2
2026-06-09,601012,14:15:27,12.8700,452,1
2026-06-09,601012,14:15:30,12.8700,46,1
2026-06-09,601012,14:15:33,12.8700,599,1
2026-06-09,601012,14:15:36,12.8700,63,2
2026-06-09,601012,14:15:39,12.8800,287,1
2026-06-09,601012,14:15:42,12.8800,96,1
2026-06-09,601012,14:15:45,12.8800,68,1
2026-06-09,601012,14:15:48,12.8700,80,2
2026-06-09,601012,14:15:51,12.8700,32,2
2026-06-09,601012,14:15:54,12.8800,81,1
2026-06-09,601012,14:15:57,12.8700,146,2
2026-06-09,601012,14:16:00,12.8800,5,1
2026-06-09,601012,14:16:03,12.8800,6,1
2026-06-09,601012,14:16:06,12.8700,183,2
2026-06-09,601012,14:16:09,12.8800,23,1
2026-06-09,601012,14:16:12,12.8800,134,1
2026-06-09,601012,14:16:15,12.8800,358,1
2026-06-09,601012,14:16:18,12.8800,251,1
2026-06-09,601012,14:16:21,12.8800,77,1
2026-06-09,601012,14:16:24,12.8800,17,1
2026-06-09,601012,14:16:27,12.8700,290,2
2026-06-09,601012,14:16:30,12.8800,143,1
2026-06-09,601012,14:16:33,12.8700,354,2
2026-06-09,601012,14:16:36,12.8700,60,1
2026-06-09,601012,14:16:39,12.8800,74,1
2026-06-09,601012,14:16:42,12.8700,283,2
2026-06-09,601012,14:16:45,12.8700,112,1
2026-06-09,601012,14:16:48,12.8800,462,1
2026-06-09,601012,14:16:51,12.8700,2075,2
2026-06-09,601012,14:16:54,12.8700,38,2
2026-06-09,601012,14:16:57,12.8800,63,1
2026-06-09,601012,14:17:00,12.8800,21,1
2026-06-09,601012,14:17:03,12.8800,377,1
2026-06-09,601012,14:17:06,12.8800,152,2
2026-06-09,601012,14:17:09,12.8800,112,2
2026-06-09,601012,14:17:12,12.8800,149,2
2026-06-09,601012,14:17:15,12.8800,194,2
2026-06-09,601012,14:17:18,12.8900,43,1
2026-06-09,601012,14:17:21,12.8800,136,2
2026-06-09,601012,14:17:24,12.8900,2356,1
2026-06-09,601012,14:17:27,12.8900,207,1
2026-06-09,601012,14:17:30,12.8900,243,2
2026-06-09,601012,14:17:33,12.8900,136,2
2026-06-09,601012,14:17:36,12.8900,97,2
2026-06-09,601012,14:17:39,12.9000,75,1
2026-06-09,601012,14:17:42,12.9000,128,1
2026-06-09,601012,14:17:45,12.8900,494,2
2026-06-09,601012,14:17:48,12.9000,415,1
2026-06-09,601012,14:17:51,12.9000,380,1
2026-06-09,601012,14:17:54,12.9000,202,1
2026-06-09,601012,14:17:57,12.9000,306,1
2026-06-09,601012,14:18:00,12.9000,606,1
2026-06-09,601012,14:18:03,12.9000,692,1
2026-06-09,601012,14:18:06,12.9000,163,1
2026-06-09,601012,14:18:09,12.9000,147,1
2026-06-09,601012,14:18:12,12.9000,358,1
2026-06-09,601012,14:18:15,12.9000,196,1
2026-06-09,601012,14:18:18,12.9000,213,1
2026-06-09,601012,14:18:21,12.9000,222,1
2026-06-09,601012,14:18:24,12.9000,361,1
2026-06-09,601012,14:18:27,12.9000,265,1
2026-06-09,601012,14:18:30,12.9000,420,1
2026-06-09,601012,14:18:33,12.9000,559,1
2026-06-09,601012,14:18:36,12.9000,354,1
2026-06-09,601012,14:18:39,12.9000,322,2
2026-06-09,601012,14:18:42,12.9000,97,2
2026-06-09,601012,14:18:45,12.9100,104,1
2026-06-09,601012,14:18:48,12.9000,104,2
2026-06-09,601012,14:18:51,12.9100,112,1
2026-06-09,601012,14:18:54,12.9100,183,1
2026-06-09,601012,14:18:57,12.9100,101,1
2026-06-09,601012,14:19:00,12.9100,160,1
2026-06-09,601012,14:19:03,12.9100,200,1
2026-06-09,601012,14:19:06,12.9100,99,1
2026-06-09,601012,14:19:09,12.9100,80,1
2026-06-09,601012,14:19:12,12.9100,204,1
2026-06-09,601012,14:19:15,12.9000,139,2
2026-06-09,601012,14:19:18,12.9100,68,1
2026-06-09,601012,14:19:21,12.9100,1692,1
2026-06-09,601012,14:19:24,12.9100,67,1
2026-06-09,601012,14:19:27,12.9100,175,1
2026-06-09,601012,14:19:30,12.9100,169,2
2026-06-09,601012,14:19:33,12.9100,167,2
2026-06-09,601012,14:19:36,12.9100,84,2
2026-06-09,601012,14:19:39,12.9200,97,1
2026-06-09,601012,14:19:42,12.9100,298,2
2026-06-09,601012,14:19:45,12.9100,475,2
2026-06-09,601012,14:19:48,12.9100,375,2
2026-06-09,601012,14:19:51,12.9000,142,2
2026-06-09,601012,14:19:54,12.9100,383,1
2026-06-09,601012,14:19:57,12.9100,217,2
2026-06-09,601012,14:20:00,12.9000,577,2
2026-06-09,601012,14:20:03,12.9000,2259,2
2026-06-09,601012,14:20:06,12.9000,98,1
2026-06-09,601012,14:20:09,12.8900,61,2
2026-06-09,601012,14:20:12,12.9000,202,1
2026-06-09,601012,14:20:15,12.8900,80,2
2026-06-09,601012,14:20:18,12.9000,129,1
2026-06-09,601012,14:20:21,12.9000,76,1
2026-06-09,601012,14:20:24,12.8900,373,2
2026-06-09,601012,14:20:27,12.8900,170,1
2026-06-09,601012,14:20:30,12.8900,50,1
2026-06-09,601012,14:20:33,12.8900,94,1
2026-06-09,601012,14:20:36,12.8900,78,1
2026-06-09,601012,14:20:39,12.8900,94,1
2026-06-09,601012,14:20:42,12.8900,92,1
2026-06-09,601012,14:20:45,12.8900,266,1
2026-06-09,601012,14:20:48,12.8800,382,2
2026-06-09,601012,14:20:51,12.8900,69,1
2026-06-09,601012,14:20:54,12.8900,93,1
2026-06-09,601012,14:20:57,12.8800,96,2
2026-06-09,601012,14:21:00,12.8800,357,2
2026-06-09,601012,14:21:03,12.8800,300,2
2026-06-09,601012,14:21:06,12.8800,120,2
2026-06-09,601012,14:21:09,12.8900,141,1
2026-06-09,601012,14:21:12,12.8800,363,2
2026-06-09,601012,14:21:15,12.8800,430,2
2026-06-09,601012,14:21:18,12.8800,528,1
2026-06-09,601012,14:21:21,12.8800,187,2
2026-06-09,601012,14:21:24,12.8800,117,2
2026-06-09,601012,14:21:27,12.8800,165,2
2026-06-09,601012,14:21:30,12.8900,44,1
2026-06-09,601012,14:21:33,12.8900,356,1
2026-06-09,601012,14:21:36,12.8900,448,1
2026-06-09,601012,14:21:39,12.8900,609,1
2026-06-09,601012,14:21:42,12.8900,134,2
2026-06-09,601012,14:21:45,12.8900,30,2
2026-06-09,601012,14:21:48,12.9000,163,1
2026-06-09,601012,14:21:51,12.9000,13,1
2026-06-09,601012,14:21:54,12.9000,163,1
2026-06-09,601012,14:21:58,12.9000,133,1
2026-06-09,601012,14:22:00,12.9000,29,1
2026-06-09,601012,14:22:03,12.9000,146,1
2026-06-09,601012,14:22:06,12.9000,209,1
2026-06-09,601012,14:22:09,12.8900,559,2
2026-06-09,601012,14:22:12,12.8900,91,1
2026-06-09,601012,14:22:15,12.8900,22,1
2026-06-09,601012,14:22:18,12.8800,194,2
2026-06-09,601012,14:22:21,12.8800,135,2
2026-06-09,601012,14:22:24,12.9100,2586,1
2026-06-09,601012,14:22:27,12.9000,152,2
2026-06-09,601012,14:22:30,12.9100,46,1
2026-06-09,601012,14:22:33,12.9000,218,2
2026-06-09,601012,14:22:36,12.9000,492,2
2026-06-09,601012,14:22:39,12.8900,201,2
2026-06-09,601012,14:22:42,12.8900,88,2
2026-06-09,601012,14:22:45,12.9000,160,1
2026-06-09,601012,14:22:48,12.9000,116,2
2026-06-09,601012,14:22:51,12.8900,34,2
2026-06-09,601012,14:22:54,12.8900,285,2
2026-06-09,601012,14:22:57,12.8800,114,2
2026-06-09,601012,14:23:00,12.8900,151,2
2026-06-09,601012,14:23:03,12.8900,129,2
2026-06-09,601012,14:23:06,12.9000,37,1
2026-06-09,601012,14:23:09,12.8900,107,2
2026-06-09,601012,14:23:12,12.8800,201,2
2026-06-09,601012,14:23:15,12.9000,158,1
2026-06-09,601012,14:23:18,12.9000,60,1
2026-06-09,601012,14:23:21,12.8900,344,2
2026-06-09,601012,14:23:24,12.9000,96,1
2026-06-09,601012,14:23:27,12.9000,72,1
2026-06-09,601012,14:23:30,12.8900,14,2
2026-06-09,601012,14:23:33,12.9000,25,1
2026-06-09,601012,14:23:36,12.8900,43,2
2026-06-09,601012,14:23:39,12.9000,19,1
2026-06-09,601012,14:23:42,12.8900,73,2
2026-06-09,601012,14:23:45,12.8900,50,2
2026-06-09,601012,14:23:48,12.8900,135,2
2026-06-09,601012,14:23:51,12.8900,64,2
2026-06-09,601012,14:23:54,12.9000,33,1
2026-06-09,601012,14:23:57,12.9000,86,1
2026-06-09,601012,14:24:00,12.9000,62,1
2026-06-09,601012,14:24:03,12.9000,115,1
2026-06-09,601012,14:24:06,12.8900,108,2
2026-06-09,601012,14:24:09,12.9000,36,1
2026-06-09,601012,14:24:12,12.9000,125,1
2026-06-09,601012,14:24:15,12.9000,33,1
2026-06-09,601012,14:24:18,12.8900,69,2
2026-06-09,601012,14:24:21,12.9000,35,1
2026-06-09,601012,14:24:24,12.9000,33,1
2026-06-09,601012,14:24:27,12.8900,142,2
2026-06-09,601012,14:24:30,12.9000,81,1
2026-06-09,601012,14:24:33,12.8900,55,2
2026-06-09,601012,14:24:36,12.8900,17,2
2026-06-09,601012,14:24:39,12.8900,138,2
2026-06-09,601012,14:24:42,12.8900,254,2
2026-06-09,601012,14:24:45,12.8900,133,2
2026-06-09,601012,14:24:48,12.9000,195,1
2026-06-09,601012,14:24:51,12.8900,101,2
2026-06-09,601012,14:24:54,12.8900,84,2
2026-06-09,601012,14:24:57,12.8900,58,2
2026-06-09,601012,14:25:00,12.8900,133,2
2026-06-09,601012,14:25:03,12.9000,76,1
2026-06-09,601012,14:25:06,12.8900,9,2
2026-06-09,601012,14:25:09,12.9000,202,1
2026-06-09,601012,14:25:12,12.9000,456,1
2026-06-09,601012,14:25:15,12.9000,735,1
2026-06-09,601012,14:25:18,12.9000,968,1
2026-06-09,601012,14:25:21,12.9000,373,1
2026-06-09,601012,14:25:24,12.9000,709,1
2026-06-09,601012,14:25:27,12.9000,199,1
2026-06-09,601012,14:25:30,12.9000,63,2
2026-06-09,601012,14:25:33,12.9000,111,2
2026-06-09,601012,14:25:36,12.9000,55,2
2026-06-09,601012,14:25:39,12.9000,130,2
2026-06-09,601012,14:25:42,12.9000,117,2
2026-06-09,601012,14:25:45,12.9100,191,1
2026-06-09,601012,14:25:48,12.9100,182,1
2026-06-09,601012,14:25:51,12.9000,85,2
2026-06-09,601012,14:25:54,12.9100,74,1
2026-06-09,601012,14:25:57,12.9000,29,2
2026-06-09,601012,14:26:00,12.9100,1,1
2026-06-09,601012,14:26:03,12.9000,56,2
2026-06-09,601012,14:26:06,12.9100,183,1
2026-06-09,601012,14:26:09,12.9100,74,1
2026-06-09,601012,14:26:13,12.9000,36,2
2026-06-09,601012,14:26:15,12.9000,58,2
2026-06-09,601012,14:26:18,12.9100,423,1
2026-06-09,601012,14:26:21,12.9000,103,2
2026-06-09,601012,14:26:24,12.9000,126,2
2026-06-09,601012,14:26:27,12.9100,204,1
2026-06-09,601012,14:26:30,12.9000,77,2
2026-06-09,601012,14:26:33,12.9000,118,2
2026-06-09,601012,14:26:36,12.9000,63,2
2026-06-09,601012,14:26:39,12.9100,82,1
2026-06-09,601012,14:26:42,12.9100,162,1
2026-06-09,601012,14:26:45,12.9000,304,2
2026-06-09,601012,14:26:48,12.9000,160,2
2026-06-09,601012,14:26:51,12.9000,53,2
2026-06-09,601012,14:26:54,12.9100,50,1
2026-06-09,601012,14:26:57,12.9100,95,1
2026-06-09,601012,14:27:00,12.9100,265,1
2026-06-09,601012,14:27:03,12.9100,279,1
2026-06-09,601012,14:27:06,12.9100,155,1
2026-06-09,601012,14:27:09,12.9100,704,1
2026-06-09,601012,14:27:12,12.9100,353,1
2026-06-09,601012,14:27:15,12.9100,61,1
2026-06-09,601012,14:27:18,12.9000,218,2
2026-06-09,601012,14:27:21,12.9100,44,1
2026-06-09,601012,14:27:24,12.9100,85,1
2026-06-09,601012,14:27:27,12.9100,46,1
2026-06-09,601012,14:27:30,12.9000,54,2
2026-06-09,601012,14:27:33,12.9100,85,1
2026-06-09,601012,14:27:36,12.9100,121,1
2026-06-09,601012,14:27:39,12.9100,1333,1
2026-06-09,601012,14:27:42,12.9100,1900,1
2026-06-09,601012,14:27:45,12.9100,120,2
2026-06-09,601012,14:27:48,12.9100,68,2
2026-06-09,601012,14:27:51,12.9200,62,1
2026-06-09,601012,14:27:54,12.9200,3400,1
2026-06-09,601012,14:27:57,12.9300,240,1
2026-06-09,601012,14:28:00,12.9200,64,2
2026-06-09,601012,14:28:03,12.9200,35,2
2026-06-09,601012,14:28:06,12.9200,434,2
2026-06-09,601012,14:28:09,12.9300,22,1
2026-06-09,601012,14:28:12,12.9300,50,1
2026-06-09,601012,14:28:15,12.9300,58,1
2026-06-09,601012,14:28:18,12.9200,90,2
2026-06-09,601012,14:28:21,12.9200,456,2
2026-06-09,601012,14:28:24,12.9200,350,2
2026-06-09,601012,14:28:27,12.9200,139,2
2026-06-09,601012,14:28:30,12.9300,364,1
2026-06-09,601012,14:28:33,12.9200,234,2
2026-06-09,601012,14:28:36,12.9200,68,2
2026-06-09,601012,14:28:39,12.9200,70,2
2026-06-09,601012,14:28:42,12.9200,128,2
2026-06-09,601012,14:28:45,12.9300,182,1
2026-06-09,601012,14:28:48,12.9200,77,2
2026-06-09,601012,14:28:51,12.9200,70,2
2026-06-09,601012,14:28:54,12.9300,282,1
2026-06-09,601012,14:28:57,12.9300,285,1
2026-06-09,601012,14:29:00,12.9200,79,2
2026-06-09,601012,14:29:03,12.9200,74,2
2026-06-09,601012,14:29:06,12.9200,437,2
2026-06-09,601012,14:29:09,12.9200,49,1
2026-06-09,601012,14:29:12,12.9200,324,2
2026-06-09,601012,14:29:15,12.9200,118,1
2026-06-09,601012,14:29:18,12.9100,44,2
2026-06-09,601012,14:29:21,12.9200,99,1
2026-06-09,601012,14:29:24,12.9200,241,1
2026-06-09,601012,14:29:27,12.9200,49,1
2026-06-09,601012,14:29:30,12.9200,80,1
2026-06-09,601012,14:29:33,12.9200,263,1
2026-06-09,601012,14:29:36,12.9200,162,1
2026-06-09,601012,14:29:39,12.9200,476,1
2026-06-09,601012,14:29:42,12.9200,277,1
2026-06-09,601012,14:29:45,12.9200,122,1
2026-06-09,601012,14:29:48,12.9100,87,2
2026-06-09,601012,14:29:51,12.9200,85,1
2026-06-09,601012,14:29:54,12.9200,55,1
2026-06-09,601012,14:29:57,12.9100,139,2
2026-06-09,601012,14:30:00,12.9100,167,2
2026-06-09,601012,14:30:03,12.9100,62,2
2026-06-09,601012,14:30:06,12.9100,106,2
2026-06-09,601012,14:30:09,12.9200,42,1
2026-06-09,601012,14:30:12,12.9200,835,1
2026-06-09,601012,14:30:15,12.9200,121,2
2026-06-09,601012,14:30:18,12.9300,47,1
2026-06-09,601012,14:30:21,12.9300,91,1
2026-06-09,601012,14:30:24,12.9300,3097,1
2026-06-09,601012,14:30:27,12.9300,133,2
2026-06-09,601012,14:30:30,12.9300,74,2
2026-06-09,601012,14:30:33,12.9300,18,2
2026-06-09,601012,14:30:36,12.9300,104,2
2026-06-09,601012,14:30:39,12.9400,113,1
2026-06-09,601012,14:30:42,12.9300,276,2
2026-06-09,601012,14:30:45,12.9300,909,2
2026-06-09,601012,14:30:48,12.9400,58,1
2026-06-09,601012,14:30:51,12.9400,153,1
2026-06-09,601012,14:30:54,12.9400,70,1
2026-06-09,601012,14:30:57,12.9400,515,1
2026-06-09,601012,14:31:00,12.9300,452,2
2026-06-09,601012,14:31:03,12.9400,1976,1
2026-06-09,601012,14:31:06,12.9400,266,1
2026-06-09,601012,14:31:09,12.9500,140,1
2026-06-09,601012,14:31:12,12.9500,310,1
2026-06-09,601012,14:31:15,12.9500,155,1
2026-06-09,601012,14:31:18,12.9500,180,1
2026-06-09,601012,14:31:21,12.9400,582,2
2026-06-09,601012,14:31:24,12.9400,1375,2
2026-06-09,601012,14:31:27,12.9400,152,1
2026-06-09,601012,14:31:30,12.9400,397,2
2026-06-09,601012,14:31:33,12.9400,148,1
2026-06-09,601012,14:31:36,12.9400,671,2
2026-06-09,601012,14:31:39,12.9400,91,2
2026-06-09,601012,14:31:42,12.9500,192,1
2026-06-09,601012,14:31:45,12.9500,453,1
2026-06-09,601012,14:31:48,12.9400,128,2
2026-06-09,601012,14:31:51,12.9400,354,1
2026-06-09,601012,14:31:54,12.9400,137,1
2026-06-09,601012,14:31:57,12.9400,221,1
2026-06-09,601012,14:32:00,12.9400,253,2
2026-06-09,601012,14:32:03,12.9400,205,1
2026-06-09,601012,14:32:06,12.9400,68,1
2026-06-09,601012,14:32:09,12.9400,111,1
2026-06-09,601012,14:32:12,12.9400,149,1
2026-06-09,601012,14:32:15,12.9400,125,1
2026-06-09,601012,14:32:18,12.9400,271,1
2026-06-09,601012,14:32:21,12.9400,309,1
2026-06-09,601012,14:32:24,12.9300,92,2
2026-06-09,601012,14:32:27,12.9300,75,2
2026-06-09,601012,14:32:30,12.9300,209,2
2026-06-09,601012,14:32:33,12.9300,181,2
2026-06-09,601012,14:32:36,12.9300,386,2
2026-06-09,601012,14:32:39,12.9300,205,2
2026-06-09,601012,14:32:42,12.9300,222,2
2026-06-09,601012,14:32:45,12.9300,454,2
2026-06-09,601012,14:32:48,12.9300,580,2
2026-06-09,601012,14:32:51,12.9300,171,1
2026-06-09,601012,14:32:54,12.9300,33,1
2026-06-09,601012,14:32:57,12.9300,1494,1
2026-06-09,601012,14:33:00,12.9200,236,2
2026-06-09,601012,14:33:03,12.9200,46,2
2026-06-09,601012,14:33:06,12.9300,165,1
2026-06-09,601012,14:33:09,12.9300,221,1
2026-06-09,601012,14:33:12,12.9300,143,1
2026-06-09,601012,14:33:15,12.9200,68,2
2026-06-09,601012,14:33:18,12.9200,43,2
2026-06-09,601012,14:33:21,12.9200,105,2
2026-06-09,601012,14:33:24,12.9200,76,2
2026-06-09,601012,14:33:27,12.9200,35,2
2026-06-09,601012,14:33:30,12.9200,254,2
2026-06-09,601012,14:33:33,12.9200,138,2
2026-06-09,601012,14:33:36,12.9300,60,1
2026-06-09,601012,14:33:39,12.9200,198,2
2026-06-09,601012,14:33:42,12.9300,657,1
2026-06-09,601012,14:33:45,12.9300,55,2
2026-06-09,601012,14:33:48,12.9300,83,2
2026-06-09,601012,14:33:51,12.9400,72,1
2026-06-09,601012,14:33:54,12.9300,52,2
2026-06-09,601012,14:33:57,12.9400,47,1
2026-06-09,601012,14:34:00,12.9300,202,2
2026-06-09,601012,14:34:03,12.9400,113,1
2026-06-09,601012,14:34:06,12.9400,36,1
2026-06-09,601012,14:34:09,12.9300,136,2
2026-06-09,601012,14:34:12,12.9300,36,2
2026-06-09,601012,14:34:15,12.9400,65,1
2026-06-09,601012,14:34:18,12.9400,126,1
2026-06-09,601012,14:34:21,12.9400,503,1
2026-06-09,601012,14:34:24,12.9400,988,1
2026-06-09,601012,14:34:27,12.9400,877,1
2026-06-09,601012,14:34:30,12.9300,148,2
2026-06-09,601012,14:34:33,12.9300,316,2
2026-06-09,601012,14:34:36,12.9400,162,1
2026-06-09,601012,14:34:39,12.9400,137,2
2026-06-09,601012,14:34:42,12.9300,1183,2
2026-06-09,601012,14:34:45,12.9400,100,1
2026-06-09,601012,14:34:49,12.9300,459,2
2026-06-09,601012,14:34:51,12.9400,30,1
2026-06-09,601012,14:34:54,12.9400,144,1
2026-06-09,601012,14:34:57,12.9300,88,2
2026-06-09,601012,14:35:00,12.9400,589,1
2026-06-09,601012,14:35:03,12.9400,463,1
2026-06-09,601012,14:35:06,12.9400,202,1
2026-06-09,601012,14:35:09,12.9500,163,1
2026-06-09,601012,14:35:12,12.9500,99,1
2026-06-09,601012,14:35:15,12.9400,130,2
2026-06-09,601012,14:35:18,12.9400,314,2
2026-06-09,601012,14:35:21,12.9500,444,1
2026-06-09,601012,14:35:24,12.9400,468,2
2026-06-09,601012,14:35:27,12.9500,165,1
2026-06-09,601012,14:35:30,12.9500,200,1
2026-06-09,601012,14:35:33,12.9500,448,1
2026-06-09,601012,14:35:36,12.9500,436,1
2026-06-09,601012,14:35:39,12.9500,148,1
2026-06-09,601012,14:35:42,12.9500,236,1
2026-06-09,601012,14:35:45,12.9500,127,1
2026-06-09,601012,14:35:48,12.9400,60,2
2026-06-09,601012,14:35:51,12.9500,21,1
2026-06-09,601012,14:35:54,12.9500,121,1
2026-06-09,601012,14:35:57,12.9500,83,1
2026-06-09,601012,14:36:00,12.9500,194,1
2026-06-09,601012,14:36:03,12.9500,223,1
2026-06-09,601012,14:36:06,12.9500,260,1
2026-06-09,601012,14:36:09,12.9500,190,1
2026-06-09,601012,14:36:12,12.9500,493,1
2026-06-09,601012,14:36:15,12.9400,98,2
2026-06-09,601012,14:36:18,12.9400,192,2
2026-06-09,601012,14:36:21,12.9400,218,2
2026-06-09,601012,14:36:24,12.9500,76,1
2026-06-09,601012,14:36:27,12.9500,253,1
2026-06-09,601012,14:36:30,12.9500,66,1
2026-06-09,601012,14:36:33,12.9400,309,2
2026-06-09,601012,14:36:36,12.9400,120,2
2026-06-09,601012,14:36:39,12.9400,35,2
2026-06-09,601012,14:36:42,12.9400,159,2
2026-06-09,601012,14:36:45,12.9500,251,1
2026-06-09,601012,14:36:48,12.9500,58,1
2026-06-09,601012,14:36:51,12.9500,352,1
2026-06-09,601012,14:36:54,12.9500,1082,1
2026-06-09,601012,14:36:57,12.9500,1408,1
2026-06-09,601012,14:37:00,12.9500,1588,1
2026-06-09,601012,14:37:03,12.9500,216,2
2026-06-09,601012,14:37:06,12.9500,425,2
2026-06-09,601012,14:37:09,12.9600,110,1
2026-06-09,601012,14:37:12,12.9600,236,1
2026-06-09,601012,14:37:15,12.9500,100,2
2026-06-09,601012,14:37:18,12.9500,77,2
2026-06-09,601012,14:37:21,12.9600,477,1
2026-06-09,601012,14:37:24,12.9600,230,1
2026-06-09,601012,14:37:27,12.9500,86,2
2026-06-09,601012,14:37:30,12.9500,509,1
2026-06-09,601012,14:37:33,12.9500,179,2
2026-06-09,601012,14:37:36,12.9500,69,2
2026-06-09,601012,14:37:39,12.9600,146,1
2026-06-09,601012,14:37:42,12.9500,124,2
2026-06-09,601012,14:37:45,12.9500,141,2
2026-06-09,601012,14:37:48,12.9500,35,2
2026-06-09,601012,14:37:51,12.9500,216,2
2026-06-09,601012,14:37:54,12.9500,64,2
2026-06-09,601012,14:37:57,12.9500,434,2
2026-06-09,601012,14:38:00,12.9500,708,2
2026-06-09,601012,14:38:03,12.9400,441,2
2026-06-09,601012,14:38:06,12.9500,251,1
2026-06-09,601012,14:38:09,12.9500,106,1
2026-06-09,601012,14:38:12,12.9500,82,1
2026-06-09,601012,14:38:15,12.9500,279,1
2026-06-09,601012,14:38:18,12.9500,86,1
2026-06-09,601012,14:38:21,12.9500,94,1
2026-06-09,601012,14:38:24,12.9500,362,1
2026-06-09,601012,14:38:27,12.9400,381,2
2026-06-09,601012,14:38:30,12.9500,394,1
2026-06-09,601012,14:38:33,12.9500,113,1
2026-06-09,601012,14:38:36,12.9400,110,2
2026-06-09,601012,14:38:39,12.9500,208,1
2026-06-09,601012,14:38:42,12.9500,106,1
2026-06-09,601012,14:38:45,12.9500,15,1
2026-06-09,601012,14:38:48,12.9500,50,1
2026-06-09,601012,14:38:51,12.9400,154,2
2026-06-09,601012,14:38:54,12.9500,131,1
2026-06-09,601012,14:38:57,12.9500,63,1
2026-06-09,601012,14:39:00,12.9500,180,1
2026-06-09,601012,14:39:03,12.9400,398,2
2026-06-09,601012,14:39:06,12.9400,121,2
2026-06-09,601012,14:39:09,12.9500,68,1
2026-06-09,601012,14:39:12,12.9500,195,1
2026-06-09,601012,14:39:15,12.9400,29,2
2026-06-09,601012,14:39:18,12.9400,1081,2
2026-06-09,601012,14:39:21,12.9400,320,1
2026-06-09,601012,14:39:24,12.9500,139,1
2026-06-09,601012,14:39:27,12.9400,118,1
2026-06-09,601012,14:39:30,12.9400,117,1
2026-06-09,601012,14:39:33,12.9400,414,2
2026-06-09,601012,14:39:36,12.9500,145,1
2026-06-09,601012,14:39:39,12.9400,57,2
2026-06-09,601012,14:39:42,12.9400,158,2
2026-06-09,601012,14:39:46,12.9400,490,2
2026-06-09,601012,14:39:48,12.9400,412,1
2026-06-09,601012,14:39:51,12.9400,149,1
2026-06-09,601012,14:39:54,12.9400,146,1
2026-06-09,601012,14:39:57,12.9400,252,1
2026-06-09,601012,14:40:00,12.9400,100,1
2026-06-09,601012,14:40:03,12.9300,152,2
2026-06-09,601012,14:40:06,12.9300,117,2
2026-06-09,601012,14:40:09,12.9300,65,2
2026-06-09,601012,14:40:12,12.9300,100,2
2026-06-09,601012,14:40:15,12.9300,203,2
2026-06-09,601012,14:40:18,12.9400,351,1
2026-06-09,601012,14:40:21,12.9400,116,1
2026-06-09,601012,14:40:24,12.9400,564,1
2026-06-09,601012,14:40:27,12.9300,90,2
2026-06-09,601012,14:40:30,12.9300,137,2
2026-06-09,601012,14:40:33,12.9300,227,2
2026-06-09,601012,14:40:36,12.9300,257,2
2026-06-09,601012,14:40:39,12.9400,212,1
2026-06-09,601012,14:40:42,12.9300,137,2
2026-06-09,601012,14:40:45,12.9300,67,2
2026-06-09,601012,14:40:48,12.9300,229,2
2026-06-09,601012,14:40:51,12.9300,88,2
2026-06-09,601012,14:40:54,12.9400,282,1
2026-06-09,601012,14:40:57,12.9300,240,2
2026-06-09,601012,14:41:00,12.9300,262,2
2026-06-09,601012,14:41:03,12.9300,101,2
2026-06-09,601012,14:41:06,12.9300,413,2
2026-06-09,601012,14:41:09,12.9400,144,1
2026-06-09,601012,14:41:12,12.9400,315,1
2026-06-09,601012,14:41:15,12.9300,137,2
2026-06-09,601012,14:41:18,12.9300,141,2
2026-06-09,601012,14:41:21,12.9400,140,1
2026-06-09,601012,14:41:24,12.9400,191,1
2026-06-09,601012,14:41:27,12.9300,42,2
2026-06-09,601012,14:41:30,12.9400,158,1
2026-06-09,601012,14:41:33,12.9300,111,2
2026-06-09,601012,14:41:36,12.9300,311,2
2026-06-09,601012,14:41:39,12.9400,46,1
2026-06-09,601012,14:41:42,12.9400,74,1
2026-06-09,601012,14:41:45,12.9300,62,2
2026-06-09,601012,14:41:48,12.9300,127,2
2026-06-09,601012,14:41:51,12.9400,74,1
2026-06-09,601012,14:41:54,12.9300,429,2
2026-06-09,601012,14:41:57,12.9300,42,2
2026-06-09,601012,14:42:00,12.9300,267,2
2026-06-09,601012,14:42:03,12.9300,422,2
2026-06-09,601012,14:42:06,12.9300,127,2
2026-06-09,601012,14:42:09,12.9400,103,1
2026-06-09,601012,14:42:12,12.9300,221,2
2026-06-09,601012,14:42:15,12.9300,196,2
2026-06-09,601012,14:42:18,12.9400,348,1
2026-06-09,601012,14:42:21,12.9300,100,2
2026-06-09,601012,14:42:24,12.9400,255,1
2026-06-09,601012,14:42:27,12.9300,116,2
2026-06-09,601012,14:42:30,12.9300,342,1
2026-06-09,601012,14:42:33,12.9400,82,1
2026-06-09,601012,14:42:36,12.9400,138,1
2026-06-09,601012,14:42:39,12.9300,16,2
2026-06-09,601012,14:42:42,12.9300,158,2
2026-06-09,601012,14:42:45,12.9300,122,2
2026-06-09,601012,14:42:48,12.9400,229,1
2026-06-09,601012,14:42:51,12.9400,24,1
2026-06-09,601012,14:42:55,12.9300,304,2
2026-06-09,601012,14:42:57,12.9300,321,2
2026-06-09,601012,14:43:00,12.9400,57,1
2026-06-09,601012,14:43:03,12.9300,115,2
2026-06-09,601012,14:43:06,12.9300,102,2
2026-06-09,601012,14:43:09,12.9300,148,2
2026-06-09,601012,14:43:12,12.9300,115,2
2026-06-09,601012,14:43:15,12.9400,196,1
2026-06-09,601012,14:43:18,12.9300,221,2
2026-06-09,601012,14:43:21,12.9400,231,1
2026-06-09,601012,14:43:24,12.9300,248,2
2026-06-09,601012,14:43:27,12.9300,138,2
2026-06-09,601012,14:43:30,12.9300,124,2
2026-06-09,601012,14:43:33,12.9400,56,1
2026-06-09,601012,14:43:36,12.9400,19,1
2026-06-09,601012,14:43:39,12.9400,409,1
2026-06-09,601012,14:43:42,12.9300,94,2
2026-06-09,601012,14:43:45,12.9400,1314,1
2026-06-09,601012,14:43:48,12.9300,65,2
2026-06-09,601012,14:43:51,12.9400,164,1
2026-06-09,601012,14:43:54,12.9400,308,1
2026-06-09,601012,14:43:57,12.9400,494,1
2026-06-09,601012,14:44:00,12.9400,448,1
2026-06-09,601012,14:44:03,12.9300,828,2
2026-06-09,601012,14:44:06,12.9400,449,1
2026-06-09,601012,14:44:09,12.9300,135,2
2026-06-09,601012,14:44:12,12.9400,362,1
2026-06-09,601012,14:44:15,12.9400,136,1
2026-06-09,601012,14:44:18,12.9300,27,2
2026-06-09,601012,14:44:21,12.9400,229,1
2026-06-09,601012,14:44:24,12.9400,39,1
2026-06-09,601012,14:44:27,12.9300,42,2
2026-06-09,601012,14:44:30,12.9400,67,1
2026-06-09,601012,14:44:33,12.9300,35,2
2026-06-09,601012,14:44:36,12.9300,169,2
2026-06-09,601012,14:44:39,12.9400,614,1
2026-06-09,601012,14:44:42,12.9300,467,2
2026-06-09,601012,14:44:45,12.9400,87,1
2026-06-09,601012,14:44:48,12.9300,135,2
2026-06-09,601012,14:44:51,12.9300,121,2
2026-06-09,601012,14:44:54,12.9400,260,1
2026-06-09,601012,14:44:57,12.9400,782,1
2026-06-09,601012,14:45:00,12.9400,1698,1
2026-06-09,601012,14:45:03,12.9400,353,2
2026-06-09,601012,14:45:06,12.9400,197,1
2026-06-09,601012,14:45:09,12.9400,176,1
2026-06-09,601012,14:45:12,12.9400,108,2
2026-06-09,601012,14:45:15,12.9400,213,2
2026-06-09,601012,14:45:18,12.9500,97,1
2026-06-09,601012,14:45:21,12.9400,658,2
2026-06-09,601012,14:45:24,12.9400,169,2
2026-06-09,601012,14:45:27,12.9400,127,2
2026-06-09,601012,14:45:30,12.9400,122,2
2026-06-09,601012,14:45:33,12.9400,77,2
2026-06-09,601012,14:45:36,12.9400,142,2
2026-06-09,601012,14:45:39,12.9500,357,1
2026-06-09,601012,14:45:42,12.9400,252,2
2026-06-09,601012,14:45:45,12.9400,312,2
2026-06-09,601012,14:45:48,12.9400,173,1
2026-06-09,601012,14:45:51,12.9400,161,2
2026-06-09,601012,14:45:54,12.9400,172,2
2026-06-09,601012,14:45:57,12.9400,108,2
2026-06-09,601012,14:46:00,12.9400,168,2
2026-06-09,601012,14:46:03,12.9400,105,2
2026-06-09,601012,14:46:06,12.9500,424,1
2026-06-09,601012,14:46:09,12.9500,134,1
2026-06-09,601012,14:46:12,12.9500,296,1
2026-06-09,601012,14:46:15,12.9500,138,1
2026-06-09,601012,14:46:18,12.9500,911,1
2026-06-09,601012,14:46:21,12.9400,274,2
2026-06-09,601012,14:46:24,12.9500,114,1
2026-06-09,601012,14:46:27,12.9400,641,2
2026-06-09,601012,14:46:30,12.9500,271,1
2026-06-09,601012,14:46:33,12.9500,98,1
2026-06-09,601012,14:46:36,12.9400,473,2
2026-06-09,601012,14:46:39,12.9500,765,1
2026-06-09,601012,14:46:42,12.9500,432,1
2026-06-09,601012,14:46:45,12.9500,124,1
2026-06-09,601012,14:46:48,12.9400,274,2
2026-06-09,601012,14:46:51,12.9500,349,1
2026-06-09,601012,14:46:54,12.9500,137,1
2026-06-09,601012,14:46:57,12.9400,750,2
2026-06-09,601012,14:47:00,12.9400,939,2
2026-06-09,601012,14:47:03,12.9400,765,2
2026-06-09,601012,14:47:06,12.9400,127,2
2026-06-09,601012,14:47:09,12.9500,171,1
2026-06-09,601012,14:47:12,12.9400,87,2
2026-06-09,601012,14:47:15,12.9400,103,2
2026-06-09,601012,14:47:18,12.9400,78,2
2026-06-09,601012,14:47:21,12.9500,163,1
2026-06-09,601012,14:47:24,12.9400,149,2
2026-06-09,601012,14:47:27,12.9500,340,1
2026-06-09,601012,14:47:30,12.9500,316,1
2026-06-09,601012,14:47:33,12.9500,132,1
2026-06-09,601012,14:47:36,12.9500,71,1
2026-06-09,601012,14:47:39,12.9400,171,2
2026-06-09,601012,14:47:42,12.9500,194,1
2026-06-09,601012,14:47:45,12.9500,319,1
2026-06-09,601012,14:47:48,12.9500,320,1
2026-06-09,601012,14:47:51,12.9500,464,1
2026-06-09,601012,14:47:54,12.9400,512,2
2026-06-09,601012,14:47:57,12.9500,107,1
2026-06-09,601012,14:48:00,12.9500,116,1
2026-06-09,601012,14:48:03,12.9400,496,2
2026-06-09,601012,14:48:06,12.9400,2270,2
2026-06-09,601012,14:48:09,12.9400,263,1
2026-06-09,601012,14:48:12,12.9300,216,2
2026-06-09,601012,14:48:15,12.9400,125,1
2026-06-09,601012,14:48:18,12.9400,286,1
2026-06-09,601012,14:48:21,12.9400,473,1
2026-06-09,601012,14:48:24,12.9300,426,2
2026-06-09,601012,14:48:27,12.9400,288,1
2026-06-09,601012,14:48:30,12.9300,151,2
2026-06-09,601012,14:48:33,12.9400,315,1
2026-06-09,601012,14:48:36,12.9400,449,1
2026-06-09,601012,14:48:39,12.9400,466,1
2026-06-09,601012,14:48:43,12.9300,160,2
2026-06-09,601012,14:48:45,12.9400,150,1
2026-06-09,601012,14:48:48,12.9300,99,2
2026-06-09,601012,14:48:51,12.9400,651,1
2026-06-09,601012,14:48:54,12.9300,256,2
2026-06-09,601012,14:48:57,12.9400,146,1
2026-06-09,601012,14:49:00,12.9400,398,1
2026-06-09,601012,14:49:03,12.9400,313,1
2026-06-09,601012,14:49:06,12.9400,260,1
2026-06-09,601012,14:49:09,12.9400,263,1
2026-06-09,601012,14:49:12,12.9400,142,2
2026-06-09,601012,14:49:15,12.9400,170,2
2026-06-09,601012,14:49:18,12.9400,145,2
2026-06-09,601012,14:49:21,12.9400,240,2
2026-06-09,601012,14:49:24,12.9400,209,2
2026-06-09,601012,14:49:27,12.9400,378,2
2026-06-09,601012,14:49:30,12.9500,136,1
2026-06-09,601012,14:49:33,12.9400,291,2
2026-06-09,601012,14:49:36,12.9400,205,1
2026-06-09,601012,14:49:39,12.9400,208,1
2026-06-09,601012,14:49:42,12.9400,158,1
2026-06-09,601012,14:49:45,12.9300,151,2
2026-06-09,601012,14:49:48,12.9300,65,2
2026-06-09,601012,14:49:51,12.9400,109,1
2026-06-09,601012,14:49:54,12.9400,357,1
2026-06-09,601012,14:49:57,12.9400,161,1
2026-06-09,601012,14:50:00,12.9400,588,1
2026-06-09,601012,14:50:03,12.9300,1925,2
2026-06-09,601012,14:50:06,12.9300,607,2
2026-06-09,601012,14:50:09,12.9300,351,2
2026-06-09,601012,14:50:12,12.9400,120,1
2026-06-09,601012,14:50:15,12.9400,181,1
2026-06-09,601012,14:50:18,12.9300,381,2
2026-06-09,601012,14:50:21,12.9300,668,2
2026-06-09,601012,14:50:24,12.9400,155,1
2026-06-09,601012,14:50:27,12.9400,80,1
2026-06-09,601012,14:50:30,12.9400,223,1
2026-06-09,601012,14:50:33,12.9300,86,2
2026-06-09,601012,14:50:36,12.9400,132,1
2026-06-09,601012,14:50:39,12.9300,96,2
2026-06-09,601012,14:50:42,12.9300,121,2
2026-06-09,601012,14:50:45,12.9300,176,2
2026-06-09,601012,14:50:48,12.9300,502,2
2026-06-09,601012,14:50:51,12.9300,285,2
2026-06-09,601012,14:50:54,12.9300,231,2
2026-06-09,601012,14:50:57,12.9300,193,2
2026-06-09,601012,14:51:00,12.9400,1017,1
2026-06-09,601012,14:51:03,12.9400,91,1
2026-06-09,601012,14:51:06,12.9300,1285,2
2026-06-09,601012,14:51:09,12.9300,494,2
2026-06-09,601012,14:51:12,12.9400,476,1
2026-06-09,601012,14:51:15,12.9300,363,2
2026-06-09,601012,14:51:18,12.9300,219,2
2026-06-09,601012,14:51:21,12.9300,187,2
2026-06-09,601012,14:51:24,12.9400,218,1
2026-06-09,601012,14:51:27,12.9400,333,1
2026-06-09,601012,14:51:30,12.9300,573,2
2026-06-09,601012,14:51:33,12.9300,417,2
2026-06-09,601012,14:51:36,12.9300,704,2
2026-06-09,601012,14:51:39,12.9300,380,2
2026-06-09,601012,14:51:42,12.9400,226,1
2026-06-09,601012,14:51:45,12.9300,234,2
2026-06-09,601012,14:51:48,12.9400,209,1
2026-06-09,601012,14:51:51,12.9300,225,2
2026-06-09,601012,14:51:54,12.9300,223,2
2026-06-09,601012,14:51:57,12.9300,286,2
2026-06-09,601012,14:52:00,12.9400,557,1
2026-06-09,601012,14:52:03,12.9200,533,2
2026-06-09,601012,14:52:06,12.9400,488,1
2026-06-09,601012,14:52:09,12.9400,138,1
2026-06-09,601012,14:52:12,12.9300,165,2
2026-06-09,601012,14:52:15,12.9300,231,1
2026-06-09,601012,14:52:18,12.9400,420,1
2026-06-09,601012,14:52:21,12.9300,99,2
2026-06-09,601012,14:52:24,12.9400,58,1
2026-06-09,601012,14:52:27,12.9400,216,1
2026-06-09,601012,14:52:30,12.9300,364,2
2026-06-09,601012,14:52:33,12.9400,148,1
2026-06-09,601012,14:52:36,12.9300,120,2
2026-06-09,601012,14:52:39,12.9400,72,1
2026-06-09,601012,14:52:42,12.9300,226,2
2026-06-09,601012,14:52:45,12.9400,229,1
2026-06-09,601012,14:52:48,12.9400,148,1
2026-06-09,601012,14:52:51,12.9400,206,1
2026-06-09,601012,14:52:54,12.9300,217,2
2026-06-09,601012,14:52:57,12.9400,355,1
2026-06-09,601012,14:53:00,12.9400,275,1
2026-06-09,601012,14:53:03,12.9300,108,2
2026-06-09,601012,14:53:06,12.9400,344,1
2026-06-09,601012,14:53:09,12.9400,101,1
2026-06-09,601012,14:53:12,12.9300,535,2
2026-06-09,601012,14:53:15,12.9400,348,1
2026-06-09,601012,14:53:18,12.9300,193,2
2026-06-09,601012,14:53:21,12.9400,392,1
2026-06-09,601012,14:53:24,12.9400,41,1
2026-06-09,601012,14:53:27,12.9300,148,2
2026-06-09,601012,14:53:30,12.9400,551,1
2026-06-09,601012,14:53:33,12.9300,324,2
2026-06-09,601012,14:53:36,12.9300,425,2
2026-06-09,601012,14:53:39,12.9400,175,1
2026-06-09,601012,14:53:42,12.9300,178,2
2026-06-09,601012,14:53:45,12.9400,980,1
2026-06-09,601012,14:53:48,12.9400,422,1
2026-06-09,601012,14:53:51,12.9400,185,1
2026-06-09,601012,14:53:54,12.9400,100,1
2026-06-09,601012,14:53:57,12.9300,134,2
2026-06-09,601012,14:54:00,12.9400,768,1
2026-06-09,601012,14:54:03,12.9300,1991,2
2026-06-09,601012,14:54:06,12.9400,476,1
2026-06-09,601012,14:54:09,12.9300,379,2
2026-06-09,601012,14:54:12,12.9300,419,2
2026-06-09,601012,14:54:15,12.9400,301,1
2026-06-09,601012,14:54:18,12.9400,743,1
2026-06-09,601012,14:54:21,12.9400,369,1
2026-06-09,601012,14:54:24,12.9300,234,2
2026-06-09,601012,14:54:27,12.9400,196,1
2026-06-09,601012,14:54:30,12.9300,749,2
2026-06-09,601012,14:54:33,12.9300,262,2
2026-06-09,601012,14:54:36,12.9400,391,1
2026-06-09,601012,14:54:39,12.9300,745,2
2026-06-09,601012,14:54:42,12.9300,319,2
2026-06-09,601012,14:54:45,12.9400,191,1
2026-06-09,601012,14:54:48,12.9300,138,2
2026-06-09,601012,14:54:51,12.9400,229,1
2026-06-09,601012,14:54:54,12.9400,208,1
2026-06-09,601012,14:54:57,12.9300,317,2
2026-06-09,601012,14:55:00,12.9400,145,1
2026-06-09,601012,14:55:03,12.9300,185,2
2026-06-09,601012,14:55:06,12.9300,414,2
2026-06-09,601012,14:55:09,12.9400,247,1
2026-06-09,601012,14:55:12,12.9400,151,1
2026-06-09,601012,14:55:15,12.9300,456,2
2026-06-09,601012,14:55:18,12.9400,340,1
2026-06-09,601012,14:55:21,12.9300,185,2
2026-06-09,601012,14:55:24,12.9300,285,2
2026-06-09,601012,14:55:27,12.9400,231,1
2026-06-09,601012,14:55:30,12.9400,108,1
2026-06-09,601012,14:55:33,12.9400,212,1
2026-06-09,601012,14:55:36,12.9400,198,1
2026-06-09,601012,14:55:39,12.9300,486,2
2026-06-09,601012,14:55:42,12.9300,230,2
2026-06-09,601012,14:55:45,12.9300,102,2
2026-06-09,601012,14:55:48,12.9300,255,2
2026-06-09,601012,14:55:51,12.9300,273,2
2026-06-09,601012,14:55:54,12.9300,307,2
2026-06-09,601012,14:55:57,12.9400,577,1
2026-06-09,601012,14:56:00,12.9400,919,1
2026-06-09,601012,14:56:03,12.9400,608,1
2026-06-09,601012,14:56:06,12.9400,924,1
2026-06-09,601012,14:56:09,12.9300,567,2
2026-06-09,601012,14:56:12,12.9400,634,1
2026-06-09,601012,14:56:15,12.9400,574,1
2026-06-09,601012,14:56:18,12.9400,440,1
2026-06-09,601012,14:56:21,12.9400,347,1
2026-06-09,601012,14:56:24,12.9400,310,1
2026-06-09,601012,14:56:27,12.9300,878,2
2026-06-09,601012,14:56:30,12.9400,1629,1
2026-06-09,601012,14:56:33,12.9400,589,1
2026-06-09,601012,14:56:36,12.9300,1051,2
2026-06-09,601012,14:56:39,12.9400,562,2
2026-06-09,601012,14:56:42,12.9400,538,1
2026-06-09,601012,14:56:45,12.9400,499,1
2026-06-09,601012,14:56:48,12.9400,205,1
2026-06-09,601012,14:56:51,12.9400,323,2
2026-06-09,601012,14:56:54,12.9400,440,1
2026-06-09,601012,14:56:57,12.9400,372,1
2026-06-09,601012,14:57:00,12.9400,292,1
2026-06-09,601012,15:00:02,12.9400,15759,4
2026-06-09,601012,13:17:00,12.7700,334,2
2026-06-09,601012,13:17:03,12.7900,3249,1
2026-06-09,601012,13:17:06,12.7900,386,1
2026-06-09,601012,13:17:09,12.7900,154,2
2026-06-09,601012,13:17:12,12.8000,42,1
2026-06-09,601012,13:17:15,12.8000,355,1
2026-06-09,601012,13:17:18,12.8000,97,1
2026-06-09,601012,13:17:21,12.7900,96,2
2026-06-09,601012,13:17:24,12.8000,65,1
2026-06-09,601012,13:17:27,12.8000,205,1
2026-06-09,601012,13:17:30,12.7900,296,2
2026-06-09,601012,13:17:33,12.7900,123,1
2026-06-09,601012,13:17:36,12.7900,92,1
2026-06-09,601012,13:17:39,12.7900,37,1
2026-06-09,601012,13:17:42,12.7900,180,1
2026-06-09,601012,13:17:45,12.7900,33,1
2026-06-09,601012,13:17:48,12.7900,157,1
2026-06-09,601012,13:17:51,12.7900,140,1
2026-06-09,601012,13:17:54,12.7900,210,1
2026-06-09,601012,13:17:57,12.7900,66,1
2026-06-09,601012,13:18:00,12.7900,59,1
2026-06-09,601012,13:18:03,12.7900,181,1
2026-06-09,601012,13:18:06,12.7900,84,1
2026-06-09,601012,13:18:09,12.7900,113,1
2026-06-09,601012,13:18:12,12.7900,598,1
2026-06-09,601012,13:18:15,12.8000,929,1
2026-06-09,601012,13:18:18,12.7900,131,2
2026-06-09,601012,13:18:21,12.7900,52,2
2026-06-09,601012,13:18:24,12.8000,190,1
2026-06-09,601012,13:18:27,12.7900,103,2
2026-06-09,601012,13:18:30,12.8000,112,1
2026-06-09,601012,13:18:33,12.8000,221,1
2026-06-09,601012,13:18:36,12.7900,58,2
2026-06-09,601012,13:18:39,12.7900,42,2
2026-06-09,601012,13:18:42,12.7900,593,2
2026-06-09,601012,13:18:45,12.7900,127,2
2026-06-09,601012,13:18:48,12.7900,99,2
2026-06-09,601012,13:18:51,12.8000,212,1
2026-06-09,601012,13:18:54,12.8000,196,1
2026-06-09,601012,13:18:57,12.8000,180,1
2026-06-09,601012,13:19:00,12.7900,364,2
2026-06-09,601012,13:19:03,12.7900,141,2
2026-06-09,601012,13:19:06,12.8000,386,1
2026-06-09,601012,13:19:09,12.8000,217,1
2026-06-09,601012,13:19:12,12.8000,160,1
2026-06-09,601012,13:19:15,12.8000,265,1
2026-06-09,601012,13:19:18,12.7900,81,2
2026-06-09,601012,13:19:21,12.7900,140,2
2026-06-09,601012,13:19:24,12.8000,76,1
2026-06-09,601012,13:19:27,12.7900,312,2
2026-06-09,601012,13:19:30,12.8000,162,1
2026-06-09,601012,13:19:33,12.7900,42,2
2026-06-09,601012,13:19:36,12.7900,141,2
2026-06-09,601012,13:19:39,12.7900,101,2
2026-06-09,601012,13:19:42,12.7900,215,2
2026-06-09,601012,13:19:45,12.7900,227,2
2026-06-09,601012,13:19:48,12.8000,38,1
2026-06-09,601012,13:19:51,12.8000,65,1
2026-06-09,601012,13:19:54,12.8000,462,1
2026-06-09,601012,13:19:57,12.7900,519,2
2026-06-09,601012,13:20:00,12.7900,386,2
2026-06-09,601012,13:20:03,12.7900,640,2
2026-06-09,601012,13:20:06,12.7900,160,2
2026-06-09,601012,13:20:09,12.7900,68,1
2026-06-09,601012,13:20:12,12.7900,4,1
2026-06-09,601012,13:20:15,12.7800,91,2
2026-06-09,601012,13:20:18,12.7900,135,1
2026-06-09,601012,13:20:21,12.7900,120,1
2026-06-09,601012,13:20:24,12.7900,239,1
2026-06-09,601012,13:20:27,12.7900,466,1
2026-06-09,601012,13:20:30,12.7800,236,2
2026-06-09,601012,13:20:33,12.7900,36,1
2026-06-09,601012,13:20:36,12.7900,110,1
2026-06-09,601012,13:20:39,12.7900,868,1
2026-06-09,601012,13:20:42,12.7900,704,1
2026-06-09,601012,13:20:45,12.7700,357,2
2026-06-09,601012,13:20:48,12.7700,193,2
2026-06-09,601012,13:20:51,12.7900,130,1
2026-06-09,601012,13:20:54,12.7800,84,2
2026-06-09,601012,13:20:58,12.7800,92,1
2026-06-09,601012,13:21:00,12.7800,144,2
2026-06-09,601012,13:21:03,12.7900,589,1
2026-06-09,601012,13:21:06,12.8000,2311,1
2026-06-09,601012,13:21:09,12.8000,357,1
2026-06-09,601012,13:21:12,12.8000,116,1
2026-06-09,601012,13:21:15,12.8000,93,1
2026-06-09,601012,13:21:18,12.8000,10,1
2026-06-09,601012,13:21:21,12.7900,149,2
2026-06-09,601012,13:21:24,12.8000,48,1
2026-06-09,601012,13:21:27,12.8000,27,1
2026-06-09,601012,13:21:30,12.8000,88,1
2026-06-09,601012,13:21:33,12.8000,56,1
2026-06-09,601012,13:21:36,12.8000,220,1
2026-06-09,601012,13:21:39,12.8000,46,1
2026-06-09,601012,13:21:42,12.8000,70,1
2026-06-09,601012,13:21:45,12.8000,48,1
2026-06-09,601012,13:21:48,12.8000,219,1
2026-06-09,601012,13:21:51,12.8000,115,1
2026-06-09,601012,13:21:54,12.8000,231,1
2026-06-09,601012,13:21:57,12.7900,555,2
2026-06-09,601012,13:22:00,12.7900,144,2
2026-06-09,601012,13:22:03,12.7900,3102,2
2026-06-09,601012,13:22:06,12.8000,261,1
2026-06-09,601012,13:22:09,12.7900,49,1
2026-06-09,601012,13:22:12,12.7800,45,2
2026-06-09,601012,13:22:15,12.7800,9,2
2026-06-09,601012,13:22:18,12.7800,30,2
2026-06-09,601012,13:22:21,12.7900,124,1
2026-06-09,601012,13:22:24,12.7900,45,1
2026-06-09,601012,13:22:27,12.7800,42,2
2026-06-09,601012,13:22:30,12.7800,54,2
2026-06-09,601012,13:22:33,12.7800,92,2
2026-06-09,601012,13:22:36,12.7800,88,2
2026-06-09,601012,13:22:39,12.7900,48,1
2026-06-09,601012,13:22:42,12.7900,42,1
2026-06-09,601012,13:22:45,12.7900,48,1
2026-06-09,601012,13:22:48,12.7900,159,1
2026-06-09,601012,13:22:51,12.7900,6,1
2026-06-09,601012,13:22:54,12.7800,211,2
2026-06-09,601012,13:22:57,12.7800,48,2
2026-06-09,601012,13:23:00,12.7800,937,2
2026-06-09,601012,13:23:03,12.7800,52,2
2026-06-09,601012,13:23:06,12.7900,76,1
2026-06-09,601012,13:23:09,12.7900,71,1
2026-06-09,601012,13:23:12,12.7900,66,1
2026-06-09,601012,13:23:15,12.7900,61,1
2026-06-09,601012,13:23:18,12.7800,24,2
2026-06-09,601012,13:23:21,12.7900,149,1
2026-06-09,601012,13:23:24,12.7900,173,1
2026-06-09,601012,13:23:27,12.7800,70,2
2026-06-09,601012,13:23:30,12.7800,5,2
2026-06-09,601012,13:23:33,12.7800,377,2
2026-06-09,601012,13:23:36,12.7800,164,2
2026-06-09,601012,13:23:39,12.7900,148,1
2026-06-09,601012,13:23:42,12.7800,70,2
2026-06-09,601012,13:23:45,12.7900,106,1
2026-06-09,601012,13:23:48,12.7800,20,2
2026-06-09,601012,13:23:51,12.7800,40,2
2026-06-09,601012,13:23:54,12.7900,80,1
2026-06-09,601012,13:23:57,12.7800,43,2
2026-06-09,601012,13:24:00,12.7900,37,1
2026-06-09,601012,13:24:03,12.7800,79,2
2026-06-09,601012,13:24:06,12.7700,132,2
2026-06-09,601012,13:24:09,12.7700,5,2
2026-06-09,601012,13:24:12,12.7800,115,1
2026-06-09,601012,13:24:15,12.7800,20,1
2026-06-09,601012,13:24:18,12.7800,114,1
2026-06-09,601012,13:24:21,12.7700,133,2
2026-06-09,601012,13:24:25,12.7800,52,1
2026-06-09,601012,13:24:27,12.7800,78,1
2026-06-09,601012,13:24:30,12.7800,293,1
2026-06-09,601012,13:24:33,12.7700,43,2
2026-06-09,601012,13:24:36,12.7700,122,2
2026-06-09,601012,13:24:39,12.7800,67,1
2026-06-09,601012,13:24:42,12.7800,184,1
2026-06-09,601012,13:24:45,12.7700,37,2
2026-06-09,601012,13:24:48,12.7800,116,1
2026-06-09,601012,13:24:51,12.7700,435,2
2026-06-09,601012,13:24:54,12.7800,124,1
2026-06-09,601012,13:24:57,12.7800,333,1
2026-06-09,601012,13:25:00,12.7800,113,1
2026-06-09,601012,13:25:03,12.7800,209,1
2026-06-09,601012,13:25:06,12.7700,135,2
2026-06-09,601012,13:25:09,12.7700,1393,2
2026-06-09,601012,13:25:12,12.7700,120,2
2026-06-09,601012,13:25:15,12.7700,75,2
2026-06-09,601012,13:25:18,12.7700,180,2
2026-06-09,601012,13:25:21,12.7900,1519,1
2026-06-09,601012,13:25:24,12.7900,166,1
2026-06-09,601012,13:25:27,12.7900,150,1
2026-06-09,601012,13:25:30,12.7900,514,1
2026-06-09,601012,13:25:33,12.7800,75,2
2026-06-09,601012,13:25:36,12.7800,65,2
2026-06-09,601012,13:25:39,12.7800,18,2
2026-06-09,601012,13:25:42,12.7800,175,2
2026-06-09,601012,13:25:45,12.7800,503,2
2026-06-09,601012,13:25:48,12.7800,64,2
2026-06-09,601012,13:25:51,12.7700,522,2
2026-06-09,601012,13:25:54,12.7700,306,2
2026-06-09,601012,13:25:57,12.7700,31,1
2026-06-09,601012,13:26:00,12.7600,28,2
2026-06-09,601012,13:26:03,12.7600,33,2
2026-06-09,601012,13:26:06,12.7600,125,2
2026-06-09,601012,13:26:09,12.7600,17,2
2026-06-09,601012,13:26:12,12.7600,106,2
2026-06-09,601012,13:26:15,12.7700,89,1
2026-06-09,601012,13:26:18,12.7600,85,2
2026-06-09,601012,13:26:21,12.7700,547,1
2026-06-09,601012,13:26:24,12.7700,328,1
2026-06-09,601012,13:26:27,12.7700,32,2
2026-06-09,601012,13:26:30,12.7700,78,2
2026-06-09,601012,13:26:33,12.7700,80,2
2026-06-09,601012,13:26:36,12.7700,114,2
2026-06-09,601012,13:26:39,12.7700,61,2
2026-06-09,601012,13:26:42,12.7700,85,2
2026-06-09,601012,13:26:45,12.7700,34,2
2026-06-09,601012,13:26:48,12.7700,61,2
2026-06-09,601012,13:26:51,12.7700,231,2
2026-06-09,601012,13:26:54,12.7800,350,1
2026-06-09,601012,13:26:57,12.7800,64,1
2026-06-09,601012,13:27:00,12.7700,164,2
2026-06-09,601012,13:27:03,12.7800,51,1
2026-06-09,601012,13:27:06,12.7800,122,1
2026-06-09,601012,13:27:09,12.7800,1945,1
2026-06-09,601012,13:27:12,12.7800,101,2
2026-06-09,601012,13:27:15,12.7900,73,1
2026-06-09,601012,13:27:18,12.7800,167,2
2026-06-09,601012,13:27:21,12.7800,7,1
2026-06-09,601012,13:27:24,12.7800,198,1
2026-06-09,601012,13:27:27,12.7800,170,2
2026-06-09,601012,13:27:30,12.7900,65,1
2026-06-09,601012,13:27:33,12.7800,14,2
2026-06-09,601012,13:27:36,12.7800,72,2
2026-06-09,601012,13:27:39,12.7900,26,1
2026-06-09,601012,13:27:42,12.7800,46,2
2026-06-09,601012,13:27:45,12.7900,33,1
2026-06-09,601012,13:27:48,12.7800,134,2
2026-06-09,601012,13:27:51,12.7800,26,2
2026-06-09,601012,13:27:55,12.7800,16,2
2026-06-09,601012,13:27:57,12.7800,83,2
2026-06-09,601012,13:28:00,12.7800,68,2
2026-06-09,601012,13:28:03,12.7800,44,1
2026-06-09,601012,13:28:06,12.7800,25,1
2026-06-09,601012,13:28:09,12.7800,63,1
2026-06-09,601012,13:28:12,12.7800,53,1
2026-06-09,601012,13:28:15,12.7800,81,1
2026-06-09,601012,13:28:18,12.7800,19,1
2026-06-09,601012,13:28:21,12.7800,90,1
2026-06-09,601012,13:28:24,12.7800,107,1
2026-06-09,601012,13:28:27,12.7700,25,2
2026-06-09,601012,13:28:30,12.7800,63,1
2026-06-09,601012,13:28:33,12.7800,20,1
2026-06-09,601012,13:28:36,12.7700,45,2
2026-06-09,601012,13:28:39,12.7800,22,1
2026-06-09,601012,13:28:42,12.7800,91,1
2026-06-09,601012,13:28:45,12.7800,160,1
2026-06-09,601012,13:28:48,12.7800,87,1
2026-06-09,601012,13:28:51,12.7800,710,1
2026-06-09,601012,13:28:54,12.7900,79,1
2026-06-09,601012,13:28:57,12.7800,108,2
2026-06-09,601012,13:29:00,12.7900,58,1
2026-06-09,601012,13:29:03,12.7800,132,2
2026-06-09,601012,13:29:06,12.7800,51,2
2026-06-09,601012,13:29:09,12.7900,118,1
2026-06-09,601012,13:29:12,12.7800,22,2
2026-06-09,601012,13:29:15,12.7900,44,1
2026-06-09,601012,13:29:18,12.7900,83,1
2026-06-09,601012,13:29:21,12.7900,35,1
2026-06-09,601012,13:29:24,12.7900,29,1
2026-06-09,601012,13:29:27,12.7800,64,2
2026-06-09,601012,13:29:30,12.7900,245,1
2026-06-09,601012,13:29:33,12.7900,26,1
2026-06-09,601012,13:29:36,12.7900,139,1
2026-06-09,601012,13:29:39,12.7900,104,1
2026-06-09,601012,13:29:42,12.7800,11,2
2026-06-09,601012,13:29:45,12.7900,44,1
2026-06-09,601012,13:29:48,12.7900,107,1
2026-06-09,601012,13:29:51,12.7800,156,2
2026-06-09,601012,13:29:54,12.7900,44,1
2026-06-09,601012,13:29:57,12.7800,48,2
2026-06-09,601012,13:30:00,12.7900,18,1
2026-06-09,601012,13:30:03,12.7800,597,2
2026-06-09,601012,13:30:06,12.7900,21,1
2026-06-09,601012,13:30:09,12.7900,32,1
2026-06-09,601012,13:30:12,12.7900,97,1
2026-06-09,601012,13:30:15,12.7900,163,1
2026-06-09,601012,13:30:18,12.7900,169,1
2026-06-09,601012,13:30:21,12.7900,320,1
2026-06-09,601012,13:30:24,12.7900,594,1
2026-06-09,601012,13:30:27,12.8000,2850,1
2026-06-09,601012,13:30:30,12.7900,184,2
2026-06-09,601012,13:30:33,12.7900,30,2
2026-06-09,601012,13:30:36,12.8000,89,1
2026-06-09,601012,13:30:39,12.8000,68,1
2026-06-09,601012,13:30:42,12.7900,190,2
2026-06-09,601012,13:30:45,12.8000,378,1
2026-06-09,601012,13:30:48,12.8000,184,1
2026-06-09,601012,13:30:51,12.8000,315,1
2026-06-09,601012,13:30:54,12.8000,220,1
2026-06-09,601012,13:30:57,12.7900,523,2
2026-06-09,601012,13:31:00,12.8000,229,1
2026-06-09,601012,13:31:03,12.8000,330,1
2026-06-09,601012,13:31:06,12.8000,808,1
2026-06-09,601012,13:31:09,12.7900,438,2
2026-06-09,601012,13:31:12,12.7900,286,2
2026-06-09,601012,13:31:15,12.8000,345,1
2026-06-09,601012,13:31:18,12.8000,169,1
2026-06-09,601012,13:31:21,12.8000,148,1
2026-06-09,601012,13:31:24,12.8000,64,1
2026-06-09,601012,13:31:27,12.7900,145,2
2026-06-09,601012,13:31:30,12.7900,95,2
2026-06-09,601012,13:31:33,12.7900,137,2
2026-06-09,601012,13:31:37,12.7900,19,2
2026-06-09,601012,13:31:39,12.8000,71,1
2026-06-09,601012,13:31:42,12.7900,155,2
2026-06-09,601012,13:31:45,12.8000,75,1
2026-06-09,601012,13:31:48,12.8000,12,1
2026-06-09,601012,13:31:51,12.8000,57,1
2026-06-09,601012,13:31:54,12.8000,29,1
2026-06-09,601012,13:31:57,12.7900,92,2
2026-06-09,601012,13:32:00,12.8000,30,1
2026-06-09,601012,13:32:03,12.7900,17,2
2026-06-09,601012,13:32:06,12.7900,120,2
2026-06-09,601012,13:32:09,12.8000,102,1
2026-06-09,601012,13:32:12,12.8000,131,1
2026-06-09,601012,13:32:15,12.8000,67,1
2026-06-09,601012,13:32:18,12.8000,70,1
2026-06-09,601012,13:32:21,12.8000,117,1
2026-06-09,601012,13:32:24,12.8000,73,1
2026-06-09,601012,13:32:27,12.8000,232,1
2026-06-09,601012,13:32:30,12.8100,6392,1
2026-06-09,601012,13:32:33,12.8000,2972,2
2026-06-09,601012,13:32:36,12.8100,685,1
2026-06-09,601012,13:32:39,12.8200,393,1
2026-06-09,601012,13:32:42,12.8100,557,2
2026-06-09,601012,13:32:45,12.8100,203,2
2026-06-09,601012,13:32:48,12.8200,160,1
2026-06-09,601012,13:32:52,12.8200,580,1
2026-06-09,601012,13:32:54,12.8200,201,1
2026-06-09,601012,13:32:57,12.8200,730,1
2026-06-09,601012,13:33:00,12.8200,329,1
2026-06-09,601012,13:33:03,12.8200,462,1
2026-06-09,601012,13:33:06,12.8200,249,1
2026-06-09,601012,13:33:09,12.8200,349,1
2026-06-09,601012,13:33:12,12.8100,935,2
2026-06-09,601012,13:33:15,12.8200,510,1
2026-06-09,601012,13:33:18,12.8200,842,1
2026-06-09,601012,13:33:21,12.8200,1056,1
2026-06-09,601012,13:33:24,12.8200,325,1
2026-06-09,601012,13:33:27,12.8200,404,1
2026-06-09,601012,13:33:30,12.8200,207,1
2026-06-09,601012,13:33:33,12.8200,610,1
2026-06-09,601012,13:33:36,12.8200,217,1
2026-06-09,601012,13:33:39,12.8200,552,1
2026-06-09,601012,13:33:42,12.8200,609,1
2026-06-09,601012,13:33:45,12.8200,190,1
2026-06-09,601012,13:33:48,12.8300,116,1
2026-06-09,601012,13:33:51,12.8200,643,2
2026-06-09,601012,13:33:54,12.8200,1137,2
2026-06-09,601012,13:33:57,12.8200,242,1
2026-06-09,601012,13:34:00,12.8200,126,1
2026-06-09,601012,13:34:03,12.8200,917,1
2026-06-09,601012,13:34:06,12.8100,997,2
2026-06-09,601012,13:34:09,12.8100,223,1
2026-06-09,601012,13:34:12,12.8100,83,1
2026-06-09,601012,13:34:15,12.8000,272,2
2026-06-09,601012,13:34:18,12.8100,139,1
2026-06-09,601012,13:34:21,12.8100,320,1
2026-06-09,601012,13:34:24,12.8100,161,2
2026-06-09,601012,13:34:27,12.8100,116,2
2026-06-09,601012,13:34:30,12.8100,62,1
2026-06-09,601012,13:34:33,12.8100,5,1
2026-06-09,601012,13:34:36,12.8000,182,2
2026-06-09,601012,13:34:39,12.8000,43,2
2026-06-09,601012,13:34:43,12.8000,55,2
2026-06-09,601012,13:34:45,12.8100,11,1
2026-06-09,601012,13:34:48,12.8000,75,2
2026-06-09,601012,13:34:51,12.8100,44,1
2026-06-09,601012,13:34:54,12.8100,285,1
2026-06-09,601012,13:34:57,12.8000,204,2
2026-06-09,601012,13:35:00,12.8000,505,2
2026-06-09,601012,13:35:03,12.8000,175,1
2026-06-09,601012,13:35:06,12.8000,44,1
2026-06-09,601012,13:35:09,12.8000,34,1
2026-06-09,601012,13:35:12,12.8000,162,1
2026-06-09,601012,13:35:15,12.8000,74,4
2026-06-09,601012,13:35:18,12.8000,88,2
2026-06-09,601012,13:35:21,12.8000,127,2
2026-06-09,601012,13:35:24,12.8000,111,1
2026-06-09,601012,13:35:27,12.7900,138,2
2026-06-09,601012,13:35:30,12.7900,92,2
2026-06-09,601012,13:35:33,12.7900,24,2
2026-06-09,601012,13:35:36,12.7900,26,2
2026-06-09,601012,13:35:39,12.8000,51,1
2026-06-09,601012,13:35:42,12.7900,356,2
2026-06-09,601012,13:35:45,12.8000,67,1
2026-06-09,601012,13:35:48,12.7900,11,2
2026-06-09,601012,13:35:51,12.8000,70,1
2026-06-09,601012,13:35:54,12.8000,94,1
2026-06-09,601012,13:35:57,12.7900,63,2
2026-06-09,601012,13:36:00,12.8000,22,1
2026-06-09,601012,13:36:03,12.8000,122,1
2026-06-09,601012,13:36:06,12.7900,111,2
2026-06-09,601012,13:36:09,12.7900,50,2
2026-06-09,601012,13:36:12,12.8000,314,1
2026-06-09,601012,13:36:15,12.8000,94,1
2026-06-09,601012,13:36:18,12.8000,72,1
2026-06-09,601012,13:36:21,12.8000,58,1
2026-06-09,601012,13:36:24,12.8000,13,1
2026-06-09,601012,13:36:27,12.7900,58,2
2026-06-09,601012,13:36:30,12.7900,61,2
2026-06-09,601012,13:36:33,12.7900,631,2
2026-06-09,601012,13:36:36,12.7900,349,2
2026-06-09,601012,13:36:39,12.8000,213,1
2026-06-09,601012,13:36:42,12.8000,160,1
2026-06-09,601012,13:36:45,12.7900,71,2
2026-06-09,601012,13:36:48,12.8000,1,1
2026-06-09,601012,13:36:51,12.8000,55,1
2026-06-09,601012,13:36:54,12.8000,32,1
2026-06-09,601012,13:36:57,12.8000,155,1
2026-06-09,601012,13:37:00,12.7900,92,2
2026-06-09,601012,13:37:03,12.7900,76,2
2026-06-09,601012,13:37:06,12.8000,357,1
2026-06-09,601012,13:37:09,12.7900,79,2
2026-06-09,601012,13:37:12,12.7900,120,2
2026-06-09,601012,13:37:15,12.8000,62,1
2026-06-09,601012,13:37:18,12.8000,159,1
2026-06-09,601012,13:37:21,12.7900,11,2
2026-06-09,601012,13:37:24,12.8000,66,1
2026-06-09,601012,13:37:27,12.8000,29,1
2026-06-09,601012,13:37:30,12.7900,121,2
2026-06-09,601012,13:37:33,12.8000,63,1
2026-06-09,601012,13:37:36,12.8000,186,1
2026-06-09,601012,13:37:39,12.8000,36,1
2026-06-09,601012,13:37:42,12.8000,362,1
2026-06-09,601012,13:37:45,12.7900,10,2
2026-06-09,601012,13:37:48,12.7900,21,2
2026-06-09,601012,13:37:51,12.8000,123,1
2026-06-09,601012,13:37:54,12.8000,417,1
2026-06-09,601012,13:37:57,12.7900,50,2
2026-06-09,601012,13:38:00,12.8000,113,1
2026-06-09,601012,13:38:03,12.8000,110,1
2026-06-09,601012,13:38:06,12.8000,133,1
2026-06-09,601012,13:38:09,12.8000,93,1
2026-06-09,601012,13:38:12,12.8000,518,1
2026-06-09,601012,13:38:15,12.7900,157,2
2026-06-09,601012,13:38:18,12.7900,12,1
2026-06-09,601012,13:38:21,12.7900,62,1
2026-06-09,601012,13:38:24,12.7900,58,1
2026-06-09,601012,13:38:27,12.7900,152,1
2026-06-09,601012,13:38:30,12.7900,491,1
2026-06-09,601012,13:38:33,12.7800,44,2
2026-06-09,601012,13:38:36,12.7800,141,2
2026-06-09,601012,13:38:39,12.7900,13,1
2026-06-09,601012,13:38:42,12.7800,50,2
2026-06-09,601012,13:38:45,12.7800,66,2
2026-06-09,601012,13:38:48,12.7800,162,2
2026-06-09,601012,13:38:51,12.7800,264,2
2026-06-09,601012,13:38:54,12.7800,23,1
2026-06-09,601012,13:38:57,12.7800,78,1
2026-06-09,601012,13:39:00,12.7800,15,1
2026-06-09,601012,13:39:03,12.7700,57,2
2026-06-09,601012,13:39:06,12.7700,143,2
2026-06-09,601012,13:39:09,12.7800,252,1
2026-06-09,601012,13:39:12,12.7800,356,1
2026-06-09,601012,13:39:15,12.7800,233,1
2026-06-09,601012,13:39:18,12.7800,153,1
2026-06-09,601012,13:39:21,12.7800,26,2
2026-06-09,601012,13:39:24,12.7900,64,1
2026-06-09,601012,13:39:27,12.7800,85,2
2026-06-09,601012,13:39:30,12.7800,49,2
2026-06-09,601012,13:39:33,12.7900,80,1
2026-06-09,601012,13:39:36,12.7800,404,2
2026-06-09,601012,13:39:39,12.7900,253,1
2026-06-09,601012,13:39:42,12.7800,94,2
2026-06-09,601012,13:39:45,12.7900,111,1
2026-06-09,601012,13:39:48,12.7900,168,1
2026-06-09,601012,13:39:51,12.7900,199,1
2026-06-09,601012,13:39:54,12.7900,42,1
2026-06-09,601012,13:39:57,12.7800,58,2
2026-06-09,601012,13:40:00,12.7800,58,2
2026-06-09,601012,13:40:03,12.7800,8,2
2026-06-09,601012,13:40:06,12.7800,293,2
2026-06-09,601012,13:40:09,12.7900,2,1
2026-06-09,601012,13:40:12,12.7900,29,1
2026-06-09,601012,13:40:15,12.7900,17,1
2026-06-09,601012,13:40:18,12.7900,171,1
2026-06-09,601012,13:40:21,12.7800,184,2
2026-06-09,601012,13:40:24,12.7900,23,1
2026-06-09,601012,13:40:27,12.7800,143,2
2026-06-09,601012,13:40:30,12.7800,75,1
2026-06-09,601012,13:40:33,12.7800,62,1
2026-06-09,601012,13:40:36,12.7800,44,1
2026-06-09,601012,13:40:39,12.7800,43,1
2026-06-09,601012,13:40:42,12.7800,20,1
2026-06-09,601012,13:40:45,12.7800,32,1
2026-06-09,601012,13:40:48,12.7800,51,1
2026-06-09,601012,13:40:51,12.7800,37,1
2026-06-09,601012,13:40:54,12.7800,133,1
2026-06-09,601012,13:40:57,12.7800,76,1
2026-06-09,601012,13:41:00,12.7800,98,1
2026-06-09,601012,13:41:03,12.7700,16,2
2026-06-09,601012,13:41:06,12.7700,21,2
2026-06-09,601012,13:41:09,12.7800,910,1
2026-06-09,601012,13:41:12,12.7700,60,2
2026-06-09,601012,13:41:15,12.7700,102,2
2026-06-09,601012,13:41:18,12.7700,75,2
2026-06-09,601012,13:41:21,12.7700,42,1
2026-06-09,601012,13:41:24,12.7700,92,1
2026-06-09,601012,13:41:27,12.7600,21,2
2026-06-09,601012,13:41:30,12.7700,60,1
2026-06-09,601012,13:41:33,12.7600,32,2
2026-06-09,601012,13:41:36,12.7600,57,2
2026-06-09,601012,13:41:39,12.7600,84,2
2026-06-09,601012,13:41:42,12.7600,514,2
2026-06-09,601012,13:41:45,12.7700,244,1
2026-06-09,601012,13:41:48,12.7700,413,1
2026-06-09,601012,13:41:51,12.7700,352,1
2026-06-09,601012,13:41:54,12.7700,69,1
2026-06-09,601012,13:41:57,12.7600,74,2
2026-06-09,601012,13:42:00,12.7700,148,1
2026-06-09,601012,13:42:03,12.7600,36,2
2026-06-09,601012,13:42:06,12.7600,34,2
2026-06-09,601012,13:42:09,12.7600,58,2
2026-06-09,601012,13:42:12,12.7600,18,2
2026-06-09,601012,13:42:15,12.7600,107,2
2026-06-09,601012,13:42:18,12.7600,162,2
2026-06-09,601012,13:42:21,12.7700,73,1
2026-06-09,601012,13:42:24,12.7700,300,1
2026-06-09,601012,13:42:27,12.7600,44,2
2026-06-09,601012,13:42:30,12.7600,138,2
2026-06-09,601012,13:42:33,12.7700,78,1
2026-06-09,601012,13:42:36,12.7700,70,1
2026-06-09,601012,13:42:39,12.7700,59,1
2026-06-09,601012,13:42:42,12.7700,97,1
2026-06-09,601012,13:42:45,12.7600,65,2
2026-06-09,601012,13:42:48,12.7600,248,2
2026-06-09,601012,13:42:51,12.7600,93,1
2026-06-09,601012,13:42:54,12.7600,79,2
2026-06-09,601012,13:42:57,12.7600,4,1
2026-06-09,601012,13:43:00,12.7500,124,2
2026-06-09,601012,13:43:03,12.7500,33,2
2026-06-09,601012,13:43:06,12.7500,62,2
2026-06-09,601012,13:43:09,12.7600,97,1
2026-06-09,601012,13:43:12,12.7500,352,2
2026-06-09,601012,13:43:15,12.7600,38,1
2026-06-09,601012,13:43:18,12.7500,32,2
2026-06-09,601012,13:43:21,12.7500,178,2
2026-06-09,601012,13:43:24,12.7600,78,1
2026-06-09,601012,13:43:27,12.7600,99,1
2026-06-09,601012,13:43:30,12.7500,31,2
2026-06-09,601012,13:43:33,12.7500,1745,2
2026-06-09,601012,13:43:36,12.7500,478,2
2026-06-09,601012,13:43:39,12.7600,368,1
2026-06-09,601012,13:43:42,12.7600,86,1
2026-06-09,601012,13:43:45,12.7600,84,1
2026-06-09,601012,13:43:48,12.7600,102,1
2026-06-09,601012,13:43:51,12.7500,78,2
2026-06-09,601012,13:43:54,12.7500,43,2
2026-06-09,601012,13:43:57,12.7500,35,2
2026-06-09,601012,13:44:00,12.7500,265,2
2026-06-09,601012,13:44:03,12.7600,323,1
2026-06-09,601012,13:44:06,12.7600,120,2
2026-06-09,601012,13:44:09,12.7600,58,2
2026-06-09,601012,13:44:12,12.7700,15,1
2026-06-09,601012,13:44:15,12.7600,148,2
2026-06-09,601012,13:44:18,12.7600,23,2
2026-06-09,601012,13:44:21,12.7700,88,1
2026-06-09,601012,13:44:24,12.7700,128,1
2026-06-09,601012,13:44:27,12.7600,174,2
2026-06-09,601012,13:44:30,12.7700,30,1
2026-06-09,601012,13:44:33,12.7700,31,1
2026-06-09,601012,13:44:36,12.7700,126,1
2026-06-09,601012,13:44:39,12.7700,9,1
2026-06-09,601012,13:44:42,12.7700,354,1
2026-06-09,601012,13:44:45,12.7700,48,1
2026-06-09,601012,13:44:48,12.7700,128,1
2026-06-09,601012,13:44:51,12.7700,32,2
2026-06-09,601012,13:44:54,12.7800,1,1
2026-06-09,601012,13:44:57,12.7700,141,2
2026-06-09,601012,13:45:00,12.7700,398,2
2026-06-09,601012,13:45:03,12.7700,26,1
2026-06-09,601012,13:45:06,12.7700,50,1
2026-06-09,601012,13:45:09,12.7700,14,1
2026-06-09,601012,13:45:12,12.7700,21,1
2026-06-09,601012,13:45:15,12.7700,18,1
2026-06-09,601012,13:45:18,12.7600,26,2
2026-06-09,601012,13:45:21,12.7600,24,2
2026-06-09,601012,13:45:24,12.7700,39,1
2026-06-09,601012,13:45:27,12.7600,99,2
2026-06-09,601012,13:45:30,12.7700,280,1
2026-06-09,601012,13:45:33,12.7700,193,2
2026-06-09,601012,13:45:36,12.7700,103,1
2026-06-09,601012,13:45:39,12.7800,127,1
2026-06-09,601012,13:45:42,12.7700,22,2
2026-06-09,601012,13:45:45,12.7700,34,2
2026-06-09,601012,13:45:48,12.7700,283,2
2026-06-09,601012,13:45:51,12.7800,1,1
2026-06-09,601012,13:45:54,12.7700,365,2
2026-06-09,601012,13:45:57,12.7700,72,1
2026-06-09,601012,13:46:00,12.7800,99,1
2026-06-09,601012,13:46:03,12.7700,12,2
2026-06-09,601012,13:46:06,12.7700,12,2
2026-06-09,601012,13:46:09,12.7800,18,1
2026-06-09,601012,13:46:12,12.7700,17,2
2026-06-09,601012,13:46:15,12.7800,61,1
2026-06-09,601012,13:46:18,12.7700,182,2
2026-06-09,601012,13:46:21,12.7800,128,1
2026-06-09,601012,13:46:24,12.7800,118,1
2026-06-09,601012,13:46:27,12.7800,779,1
2026-06-09,601012,13:46:30,12.7800,60,2
2026-06-09,601012,13:46:33,12.7800,29,2
2026-06-09,601012,13:46:36,12.7900,35,1
2026-06-09,601012,13:46:39,12.7900,228,1
2026-06-09,601012,13:46:42,12.7800,262,2
2026-06-09,601012,13:46:45,12.7800,11,1
2026-06-09,601012,13:46:51,12.7800,63,1
2026-06-09,601012,13:46:54,12.7800,133,1
2026-06-09,601012,13:46:57,12.7900,31,1
2026-06-09,601012,13:47:00,12.7800,223,2
2026-06-09,601012,13:47:03,12.7800,59,2
2026-06-09,601012,13:47:06,12.7800,62,2
2026-06-09,601012,13:47:09,12.7800,25,2
2026-06-09,601012,13:47:12,12.7900,262,1
2026-06-09,601012,13:47:15,12.7900,64,1
2026-06-09,601012,13:47:18,12.7900,52,1
2026-06-09,601012,13:47:21,12.7800,45,2
2026-06-09,601012,13:47:24,12.7900,198,1
2026-06-09,601012,13:47:27,12.8000,1511,1
2026-06-09,601012,13:47:30,12.8000,292,1
2026-06-09,601012,13:47:33,12.8000,271,1
2026-06-09,601012,13:47:36,12.8000,54,1
2026-06-09,601012,13:47:39,12.8000,27,1
2026-06-09,601012,13:47:42,12.8000,73,1
2026-06-09,601012,13:47:45,12.8000,7,1
2026-06-09,601012,13:47:48,12.7900,26,2
2026-06-09,601012,13:47:51,12.8000,49,1
2026-06-09,601012,13:47:54,12.8000,130,1
2026-06-09,601012,13:47:57,12.8000,2836,1
2026-06-09,601012,13:48:00,12.8000,297,1
2026-06-09,601012,13:48:03,12.8000,97,1
2026-06-09,601012,13:48:06,12.8000,32,1
2026-06-09,601012,13:48:09,12.7900,95,2
2026-06-09,601012,13:48:12,12.8000,8,1
2026-06-09,601012,13:48:15,12.8000,126,1
2026-06-09,601012,13:48:18,12.8000,12,1
2026-06-09,601012,13:48:21,12.7900,157,2
2026-06-09,601012,13:48:24,12.8000,123,1
2026-06-09,601012,13:48:27,12.8000,79,1
2026-06-09,601012,13:48:30,12.7900,31,2
2026-06-09,601012,13:48:33,12.8000,75,1
2026-06-09,601012,13:48:36,12.7900,89,2
2026-06-09,601012,13:48:39,12.8000,82,1
2026-06-09,601012,13:48:42,12.7900,103,2
2026-06-09,601012,13:48:45,12.8000,64,1
2026-06-09,601012,13:48:48,12.7900,122,2
2026-06-09,601012,13:48:51,12.8000,225,1
2026-06-09,601012,13:48:54,12.8000,18,1
2026-06-09,601012,13:48:57,12.8000,51,1
2026-06-09,601012,13:49:00,12.8000,73,1
2026-06-09,601012,13:49:03,12.7900,179,2
2026-06-09,601012,13:49:06,12.8000,94,1
2026-06-09,601012,13:49:09,12.8000,33,1
2026-06-09,601012,13:49:13,12.8000,65,1
2026-06-09,601012,13:49:15,12.7900,199,2
2026-06-09,601012,13:49:18,12.7900,173,2
2026-06-09,601012,13:49:21,12.8000,21,1
2026-06-09,601012,13:49:24,12.8000,48,1
2026-06-09,601012,13:49:27,12.7900,24,2
2026-06-09,601012,13:49:30,12.8000,62,1
2026-06-09,601012,13:49:33,12.7900,15,2
2026-06-09,601012,13:49:36,12.7900,115,2
2026-06-09,601012,13:49:39,12.8000,16,1
2026-06-09,601012,13:49:42,12.7900,43,2
2026-06-09,601012,13:49:45,12.7900,181,2
2026-06-09,601012,13:49:48,12.7900,66,2
2026-06-09,601012,13:49:51,12.7900,167,2
2026-06-09,601012,13:49:54,12.7900,107,2
2026-06-09,601012,13:49:57,12.7900,23,2
2026-06-09,601012,13:50:00,12.7900,39,2
2026-06-09,601012,13:50:03,12.7900,17,2
2026-06-09,601012,13:50:06,12.7900,34,2
2026-06-09,601012,13:50:09,12.8000,83,1
2026-06-09,601012,13:50:12,12.7900,41,2
2026-06-09,601012,13:50:15,12.8000,396,1
2026-06-09,601012,13:50:18,12.7900,141,2
2026-06-09,601012,13:50:21,12.7900,58,2
2026-06-09,601012,13:50:24,12.8000,104,1
2026-06-09,601012,13:50:27,12.7900,43,2
2026-06-09,601012,13:50:30,12.8000,254,1
2026-06-09,601012,13:50:33,12.7900,50,2
2026-06-09,601012,13:50:36,12.7900,145,2
2026-06-09,601012,13:50:39,12.7900,162,2
2026-06-09,601012,13:50:42,12.7900,223,1
2026-06-09,601012,13:50:45,12.7900,101,1
2026-06-09,601012,13:50:48,12.7900,56,1
2026-06-09,601012,13:50:51,12.7900,59,1
2026-06-09,601012,13:50:54,12.8000,21,1
2026-06-09,601012,13:50:57,12.7900,41,2
2026-06-09,601012,13:51:00,12.7900,59,2
2026-06-09,601012,13:51:03,12.7900,107,2
2026-06-09,601012,13:51:06,12.8000,186,1
2026-06-09,601012,13:51:09,12.7800,77,2
2026-06-09,601012,13:51:12,12.7900,6,1
2026-06-09,601012,13:51:15,12.7800,27,2
2026-06-09,601012,13:51:18,12.7800,57,2
2026-06-09,601012,13:51:21,12.7800,73,2
2026-06-09,601012,13:51:25,12.7900,87,1
2026-06-09,601012,13:51:27,12.7800,48,2
2026-06-09,601012,13:51:30,12.7900,5,1
2026-06-09,601012,13:51:33,12.7900,4,1
2026-06-09,601012,13:51:36,12.7900,148,1
2026-06-09,601012,13:51:39,12.7900,41,1
2026-06-09,601012,13:51:42,12.7900,77,1
2026-06-09,601012,13:51:45,12.7800,23,2
2026-06-09,601012,13:51:48,12.7800,30,2
2026-06-09,601012,13:51:51,12.7800,57,2
2026-06-09,601012,13:51:54,12.7900,15,1
2026-06-09,601012,13:51:57,12.7900,21,1
2026-06-09,601012,13:52:00,12.7900,101,1
2026-06-09,601012,13:52:03,12.7800,91,2
2026-06-09,601012,13:52:06,12.7800,158,2
2026-06-09,601012,13:52:09,12.7900,38,1
2026-06-09,601012,13:52:12,12.7900,171,1
2026-06-09,601012,13:52:15,12.7800,26,2
2026-06-09,601012,13:52:18,12.7900,41,1
2026-06-09,601012,13:52:21,12.8000,1499,1
2026-06-09,601012,13:52:24,12.8000,98,1
2026-06-09,601012,13:52:27,12.7800,457,2
2026-06-09,601012,13:52:30,12.7900,78,2
2026-06-09,601012,13:52:33,12.7900,50,2
2026-06-09,601012,13:52:36,12.7800,166,2
2026-06-09,601012,13:52:39,12.7800,68,2
2026-06-09,601012,13:52:42,12.7900,41,2
2026-06-09,601012,13:52:45,12.7900,9,1
2026-06-09,601012,13:52:48,12.7900,18,1
2026-06-09,601012,13:52:51,12.7900,6,1
2026-06-09,601012,13:52:54,12.7900,14,1
2026-06-09,601012,13:52:57,12.7900,171,1
2026-06-09,601012,13:53:00,12.7900,191,1
2026-06-09,601012,13:53:03,12.7900,56,2
2026-06-09,601012,13:53:06,12.7900,89,2
2026-06-09,601012,13:53:09,12.7900,31,2
2026-06-09,601012,13:53:12,12.7800,39,2
2026-06-09,601012,13:53:15,12.7900,18,1
2026-06-09,601012,13:53:18,12.7900,69,1
2026-06-09,601012,13:53:21,12.7800,50,2
2026-06-09,601012,13:53:24,12.7900,27,1
2026-06-09,601012,13:53:27,12.7800,42,2
2026-06-09,601012,13:53:30,12.7900,9,1
2026-06-09,601012,13:53:33,12.7800,153,2
2026-06-09,601012,13:53:36,12.7800,27,2
2026-06-09,601012,13:53:39,12.7800,124,2
2026-06-09,601012,13:53:42,12.7900,140,1
2026-06-09,601012,13:53:45,12.7800,18,2
2026-06-09,601012,13:53:51,12.7900,7,1
2026-06-09,601012,13:53:54,12.7900,28,1
2026-06-09,601012,13:53:57,12.7800,59,2
2026-06-09,601012,13:54:00,12.7900,44,1
2026-06-09,601012,13:54:03,12.7900,731,1
2026-06-09,601012,13:54:06,12.7900,1037,1
2026-06-09,601012,13:54:09,12.7900,5388,2
2026-06-09,601012,13:54:12,12.8000,514,1
2026-06-09,601012,13:54:15,12.8000,61,2
2026-06-09,601012,13:54:18,12.8000,44,2
2026-06-09,601012,13:54:21,12.8000,114,2
2026-06-09,601012,13:54:24,12.8000,58,2
2026-06-09,601012,13:54:27,12.8000,42,2
2026-06-09,601012,13:54:30,12.8000,80,2
2026-06-09,601012,13:54:33,12.8000,20,2
2026-06-09,601012,13:54:36,12.8000,139,2
2026-06-09,601012,13:54:39,12.8000,47,2
2026-06-09,601012,13:54:42,12.8000,209,2
2026-06-09,601012,13:54:45,12.8000,58,2
2026-06-09,601012,13:54:48,12.8000,51,2
2026-06-09,601012,13:54:51,12.8000,54,2
2026-06-09,601012,13:54:54,12.8000,66,2
2026-06-09,601012,13:54:57,12.8100,134,1
2026-06-09,601012,13:55:00,12.8000,89,2
2026-06-09,601012,13:55:03,12.8000,51,1
2026-06-09,601012,13:55:06,12.8000,18,1
2026-06-09,601012,13:55:09,12.8000,10,1
2026-06-09,601012,13:55:12,12.7900,82,2
2026-06-09,601012,13:55:15,12.8000,37,1
2026-06-09,601012,13:55:18,12.7900,13,2
2026-06-09,601012,13:55:21,12.8000,3,1
2026-06-09,601012,13:55:24,12.8000,40,1
2026-06-09,601012,13:55:27,12.7900,20,2
2026-06-09,601012,13:55:30,12.8000,12,1
2026-06-09,601012,13:55:33,12.7900,67,2
2026-06-09,601012,13:55:36,12.8000,15,1
2026-06-09,601012,13:55:39,12.7900,38,2
2026-06-09,601012,13:55:42,12.7900,35,2
2026-06-09,601012,13:55:45,12.8000,312,1
2026-06-09,601012,13:55:48,12.8000,86,1
2026-06-09,601012,13:55:51,12.7900,50,2
2026-06-09,601012,13:55:54,12.8000,19,1
2026-06-09,601012,13:55:57,12.8000,61,1
2026-06-09,601012,13:56:00,12.7900,22,2
2026-06-09,601012,13:56:03,12.8000,22,1
2026-06-09,601012,13:56:06,12.7900,6,2
2026-06-09,601012,13:56:09,12.8000,26,1
2026-06-09,601012,13:56:12,12.8000,20,1
2026-06-09,601012,13:56:15,12.8000,62,1
2026-06-09,601012,13:56:18,12.8000,36,1
2026-06-09,601012,13:56:21,12.8000,27,1
2026-06-09,601012,13:56:24,12.7900,89,2
2026-06-09,601012,13:56:27,12.7900,14,2
2026-06-09,601012,13:56:30,12.8000,42,1
2026-06-09,601012,13:56:33,12.8000,37,1
2026-06-09,601012,13:56:36,12.8000,177,1
2026-06-09,601012,13:56:39,12.8000,39,1
2026-06-09,601012,13:56:42,12.8000,92,1
2026-06-09,601012,13:56:45,12.7900,25,2
2026-06-09,601012,13:56:48,12.7900,1299,2
2026-06-09,601012,13:56:51,12.7800,30,2
2026-06-09,601012,13:56:54,12.7900,540,1
2026-06-09,601012,13:56:57,12.7900,107,1
2026-06-09,601012,13:57:00,12.7900,9,1
2026-06-09,601012,13:57:03,12.7900,54,1
2026-06-09,601012,13:57:06,12.7800,71,2
2026-06-09,601012,13:57:09,12.7900,1,1
2026-06-09,601012,13:57:12,12.7900,13,1
2026-06-09,601012,13:57:15,12.7900,34,1
2026-06-09,601012,13:57:18,12.7900,21,1
2026-06-09,601012,13:57:21,12.7900,171,1
2026-06-09,601012,13:57:24,12.8000,99,1
2026-06-09,601012,13:57:27,12.7900,21,2
2026-06-09,601012,13:57:30,12.8000,27,1
2026-06-09,601012,13:57:33,12.8000,36,1
2026-06-09,601012,13:57:36,12.7900,23,2
2026-06-09,601012,13:57:39,12.8000,105,1
2026-06-09,601012,13:57:42,12.7900,29,2
2026-06-09,601012,13:57:45,12.8000,147,1
2026-06-09,601012,13:57:48,12.8000,16,1
2026-06-09,601012,13:57:51,12.7900,119,2
2026-06-09,601012,13:57:54,12.7900,121,2
2026-06-09,601012,13:57:57,12.7900,110,1
2026-06-09,601012,13:58:00,12.8000,4,1
2026-06-09,601012,13:58:03,12.7900,92,2
2026-06-09,601012,13:58:06,12.8000,11,1
2026-06-09,601012,13:58:09,12.7900,446,2
2026-06-09,601012,13:58:12,12.8000,46,1
2026-06-09,601012,13:58:15,12.8000,27,1
2026-06-09,601012,13:58:18,12.8000,8,1
2026-06-09,601012,13:58:21,12.8000,58,1
2026-06-09,601012,13:58:24,12.8000,380,1
2026-06-09,601012,13:58:27,12.7900,39,2
2026-06-09,601012,13:58:30,12.7900,120,2
2026-06-09,601012,13:58:33,12.7900,64,2
2026-06-09,601012,13:58:36,12.8000,36,1
2026-06-09,601012,13:58:39,12.8000,104,1
2026-06-09,601012,13:58:43,12.8000,35,1
2026-06-09,601012,13:58:45,12.7900,386,2
2026-06-09,601012,13:58:48,12.7900,61,1
2026-06-09,601012,13:58:51,12.7900,16,1
2026-06-09,601012,13:58:54,12.7900,25,1
2026-06-09,601012,13:58:57,12.7800,109,2
2026-06-09,601012,13:59:00,12.7800,4,2
2026-06-09,601012,13:59:03,12.7800,227,2
2026-06-09,601012,13:59:06,12.7900,173,1
2026-06-09,601012,13:59:09,12.7800,23,2
2026-06-09,601012,13:59:12,12.7900,102,1
2026-06-09,601012,13:59:15,12.7800,1801,2
2026-06-09,601012,13:59:18,12.7800,13,1
2026-06-09,601012,13:59:21,12.7800,98,1
2026-06-09,601012,13:59:24,12.7800,57,1
2026-06-09,601012,13:59:27,12.7800,41,1
2026-06-09,601012,13:59:30,12.7700,98,2
2026-06-09,601012,13:59:33,12.7800,33,1
2026-06-09,601012,13:59:36,12.7700,536,2
2026-06-09,601012,13:59:39,12.7800,79,1
2026-06-09,601012,13:59:42,12.7700,95,2
2026-06-09,601012,13:59:45,12.7700,1446,2
2026-06-09,601012,13:59:48,12.7700,85,2
2026-06-09,601012,13:59:51,12.7600,62,2
2026-06-09,601012,13:59:54,12.7700,14,1
2026-06-09,601012,13:59:57,12.7700,1057,1
2026-06-09,601012,14:00:00,12.7700,78,1
2026-06-09,601012,14:00:03,12.7600,73,2
2026-06-09,601012,14:00:06,12.7600,130,2
2026-06-09,601012,14:00:09,12.7700,153,1
2026-06-09,601012,14:00:12,12.7600,76,2
2026-06-09,601012,14:00:15,12.7600,32,2
2026-06-09,601012,14:00:18,12.7600,622,2
2026-06-09,601012,14:00:21,12.7700,507,1
2026-06-09,601012,14:00:24,12.7700,46,2
2026-06-09,601012,14:00:27,12.7700,217,2
2026-06-09,601012,14:00:30,12.7800,53,1
2026-06-09,601012,14:00:33,12.7800,109,1
2026-06-09,601012,14:00:36,12.7700,99,2
2026-06-09,601012,14:00:39,12.7800,1397,1
2026-06-09,601012,14:00:42,12.7900,94,1
2026-06-09,601012,14:00:45,12.7900,7,1
2026-06-09,601012,14:00:48,12.7900,38,1
2026-06-09,601012,14:00:51,12.7900,33,1
2026-06-09,601012,14:00:54,12.7800,12,2
2026-06-09,601012,14:00:57,12.7800,39,2
2026-06-09,601012,14:01:00,12.7800,12,2
2026-06-09,601012,14:01:03,12.7900,109,1
2026-06-09,601012,14:01:06,12.7900,1311,1
2026-06-09,601012,14:01:09,12.7900,20,2
2026-06-09,601012,14:01:12,12.8000,32,1
2026-06-09,601012,14:01:15,12.7900,785,2
2026-06-09,601012,14:01:18,12.7900,36,1
2026-06-09,601012,14:01:21,12.7900,14,1
2026-06-09,601012,14:01:24,12.7900,21,1
2026-06-09,601012,14:01:27,12.7900,22,1
2026-06-09,601012,14:01:30,12.7900,164,1
2026-06-09,601012,14:01:33,12.7800,55,2
2026-06-09,601012,14:01:36,12.7900,220,1
2026-06-09,601012,14:01:39,12.8000,38,1
2026-06-09,601012,14:01:42,12.8000,2,1
2026-06-09,601012,14:01:45,12.8000,73,1
2026-06-09,601012,14:01:48,12.7900,45,2
2026-06-09,601012,14:01:51,12.7900,513,2
2026-06-09,601012,14:01:54,12.7900,62,2
2026-06-09,601012,14:01:57,12.7900,53,2
2026-06-09,601012,14:02:00,12.7900,37,2
2026-06-09,601012,14:02:03,12.7900,199,2
2026-06-09,601012,14:02:06,12.8000,2101,1
2026-06-09,601012,14:02:09,12.8000,5015,1
2026-06-09,601012,14:02:12,12.8100,743,1
2026-06-09,601012,14:02:15,12.8000,581,2
2026-06-09,601012,14:02:18,12.8100,254,1
2026-06-09,601012,14:02:21,12.8000,71,2
2026-06-09,601012,14:02:24,12.8100,78,1
2026-06-09,601012,14:02:27,12.8100,28,1
2026-06-09,601012,14:02:30,12.8000,65,2
2026-06-09,601012,14:02:33,12.8100,44,1
2026-06-09,601012,14:02:36,12.8100,7,1
2026-06-09,601012,14:02:39,12.8100,265,1
2026-06-09,601012,14:02:42,12.8100,132,1
2026-06-09,601012,14:02:45,12.8100,35,1
2026-06-09,601012,14:02:48,12.8100,494,1
2026-06-09,601012,14:02:51,12.8100,223,1
2026-06-09,601012,14:02:54,12.8100,284,1
2026-06-09,601012,14:02:57,12.8100,107,1
2026-06-09,601012,14:03:00,12.8100,593,1
2026-06-09,601012,14:03:03,12.8200,98,1
2026-06-09,601012,14:03:06,12.8200,28,1
2026-06-09,601012,14:03:09,12.8200,47,1
2026-06-09,601012,14:03:12,12.8100,207,2
2026-06-09,601012,14:03:15,12.8200,55,1
2026-06-09,601012,14:03:18,12.8100,27,2
2026-06-09,601012,14:03:21,12.8100,10,1
2026-06-09,601012,14:03:24,12.8100,31,1
2026-06-09,601012,14:03:27,12.8100,2,1
2026-06-09,601012,14:03:30,12.8100,32,1
2026-06-09,601012,14:03:33,12.8100,3,1
2026-06-09,601012,14:03:36,12.8100,27,1
2026-06-09,601012,14:03:39,12.8100,72,1
2026-06-09,601012,14:03:42,12.8100,104,1
2026-06-09,601012,14:03:45,12.8100,25,1
2026-06-09,601012,14:03:48,12.8100,196,1
2026-06-09,601012,14:03:51,12.8100,253,1
2026-06-09,601012,14:03:54,12.8100,176,1
2026-06-09,601012,14:03:57,12.8100,126,1
2026-06-09,601012,14:04:00,12.8100,181,1
2026-06-09,601012,14:04:03,12.8100,144,1
2026-06-09,601012,14:04:06,12.8200,20,1
2026-06-09,601012,14:04:09,12.8200,18,1
2026-06-09,601012,14:04:12,12.8200,6,1
2026-06-09,601012,14:04:15,12.8200,71,1
2026-06-09,601012,14:04:18,12.8100,122,2
2026-06-09,601012,14:04:21,12.8100,188,2
2026-06-09,601012,14:04:24,12.8100,42,2
2026-06-09,601012,14:04:27,12.8100,175,2
2026-06-09,601012,14:04:30,12.8200,66,1
2026-06-09,601012,14:04:33,12.8200,28,1
2026-06-09,601012,14:04:36,12.8100,3,2
2026-06-09,601012,14:04:39,12.8200,48,1
2026-06-09,601012,14:04:42,12.8100,101,2
2026-06-09,601012,14:04:45,12.8200,25,1
2026-06-09,601012,14:04:48,12.8200,74,1
2026-06-09,601012,14:04:51,12.8100,114,2
2026-06-09,601012,14:04:54,12.8200,36,1
2026-06-09,601012,14:04:57,12.8100,21,2
2026-06-09,601012,14:05:00,12.8100,67,2
2026-06-09,601012,14:05:03,12.8000,31,2
2026-06-09,601012,14:05:06,12.8100,8,1
2026-06-09,601012,14:05:09,12.8100,40,1
2026-06-09,601012,14:05:12,12.8100,64,1
2026-06-09,601012,14:05:15,12.8100,1123,1
2026-06-09,601012,14:05:18,12.8100,50,2
2026-06-09,601012,14:05:21,12.8200,116,1
2026-06-09,601012,14:05:24,12.8100,82,2
2026-06-09,601012,14:05:27,12.8200,253,1
2026-06-09,601012,14:05:30,12.8100,86,2
2026-06-09,601012,14:05:33,12.8100,229,2
2026-06-09,601012,14:05:36,12.8200,113,1
2026-06-09,601012,14:05:39,12.8100,89,2
2026-06-09,601012,14:05:42,12.8100,95,2
2026-06-09,601012,14:05:45,12.8200,69,1
2026-06-09,601012,14:05:48,12.8100,124,2
2026-06-09,601012,14:05:51,12.8200,16,1
2026-06-09,601012,14:05:54,12.8200,157,1
2026-06-09,601012,14:05:57,12.8200,69,1
2026-06-09,601012,14:06:00,12.8100,131,2
2026-06-09,601012,14:06:03,12.8100,334,2
2026-06-09,601012,14:06:06,12.8200,68,1
2026-06-09,601012,14:06:09,12.8200,48,1
2026-06-09,601012,14:06:12,12.8200,381,1
2026-06-09,601012,14:06:15,12.8400,10687,1
2026-06-09,601012,14:06:18,12.8100,5321,2
2026-06-09,601012,14:06:21,12.8300,19,1
2026-06-09,601012,14:06:24,12.8400,41,1
2026-06-09,601012,14:06:27,12.8400,556,1
2026-06-09,601012,14:06:30,12.8400,270,1
2026-06-09,601012,14:06:33,12.8400,263,1
2026-06-09,601012,14:06:36,12.8400,89,2
2026-06-09,601012,14:06:39,12.8400,151,2
2026-06-09,601012,14:06:42,12.8400,194,2
2026-06-09,601012,14:06:45,12.8500,9740,1
2026-06-09,601012,14:06:48,12.8500,955,2
2026-06-09,601012,14:06:51,12.8600,169,1
2026-06-09,601012,14:06:54,12.8700,1246,1
2026-06-09,601012,14:06:57,12.8600,1562,2
2026-06-09,601012,14:07:00,12.8600,173,4
2026-06-09,601012,14:07:03,12.8600,656,1
2026-06-09,601012,10:56:54,12.6600,118,1
2026-06-09,601012,10:56:57,12.6600,54,1
2026-06-09,601012,10:57:00,12.6500,108,2
2026-06-09,601012,10:57:03,12.6500,80,2
2026-06-09,601012,10:57:06,12.6500,77,2
2026-06-09,601012,10:57:09,12.6600,39,1
2026-06-09,601012,10:57:13,12.6600,22,1
2026-06-09,601012,10:57:15,12.6600,53,1
2026-06-09,601012,10:57:18,12.6600,33,1
2026-06-09,601012,10:57:21,12.6600,116,1
2026-06-09,601012,10:57:24,12.6500,167,2
2026-06-09,601012,10:57:27,12.6600,105,1
2026-06-09,601012,10:57:30,12.6500,42,2
2026-06-09,601012,10:57:33,12.6500,157,2
2026-06-09,601012,10:57:36,12.6500,70,2
2026-06-09,601012,10:57:39,12.6600,119,1
2026-06-09,601012,10:57:42,12.6500,63,2
2026-06-09,601012,10:57:45,12.6600,42,1
2026-06-09,601012,10:57:48,12.6500,43,2
2026-06-09,601012,10:57:51,12.6600,29,1
2026-06-09,601012,10:57:55,12.6500,274,2
2026-06-09,601012,10:57:57,12.6500,50,2
2026-06-09,601012,10:58:00,12.6500,361,2
2026-06-09,601012,10:58:03,12.6600,192,1
2026-06-09,601012,10:58:06,12.6600,1622,1
2026-06-09,601012,10:58:09,12.6600,14,2
2026-06-09,601012,10:58:12,12.6600,112,2
2026-06-09,601012,10:58:15,12.6600,478,2
2026-06-09,601012,10:58:18,12.6600,64,1
2026-06-09,601012,10:58:21,12.6600,51,2
2026-06-09,601012,10:58:24,12.6600,214,2
2026-06-09,601012,10:58:27,12.6700,19,1
2026-06-09,601012,10:58:30,12.6700,82,1
2026-06-09,601012,10:58:33,12.6600,158,2
2026-06-09,601012,10:58:36,12.6700,32,1
2026-06-09,601012,10:58:39,12.6600,133,2
2026-06-09,601012,10:58:42,12.6600,32,2
2026-06-09,601012,10:58:45,12.6600,59,2
2026-06-09,601012,10:58:48,12.6600,28,2
2026-06-09,601012,10:58:51,12.6600,72,2
2026-06-09,601012,10:58:54,12.6600,373,2
2026-06-09,601012,10:58:57,12.6500,1186,2
2026-06-09,601012,10:59:00,12.6500,41,2
2026-06-09,601012,10:59:03,12.6600,20,1
2026-06-09,601012,10:59:06,12.6600,52,1
2026-06-09,601012,10:59:09,12.6500,294,2
2026-06-09,601012,10:59:12,12.6500,75,4
2026-06-09,601012,10:59:15,12.6500,566,2
2026-06-09,601012,10:59:18,12.6500,326,2
2026-06-09,601012,10:59:21,12.6500,26,2
2026-06-09,601012,10:59:24,12.6500,14,2
2026-06-09,601012,10:59:27,12.6500,125,2
2026-06-09,601012,10:59:30,12.6500,82,2
2026-06-09,601012,10:59:33,12.6500,85,2
2026-06-09,601012,10:59:36,12.6500,70,2
2026-06-09,601012,10:59:39,12.6500,428,2
2026-06-09,601012,10:59:45,12.6500,102,1
2026-06-09,601012,10:59:48,12.6400,101,2
2026-06-09,601012,10:59:51,12.6500,11,1
2026-06-09,601012,10:59:54,12.6500,31,1
2026-06-09,601012,10:59:57,12.6400,262,2
2026-06-09,601012,11:00:00,12.6500,43,1
2026-06-09,601012,11:00:03,12.6400,109,2
2026-06-09,601012,11:00:06,12.6500,34,1
2026-06-09,601012,11:00:09,12.6400,6,2
2026-06-09,601012,11:00:12,12.6500,32,1
2026-06-09,601012,11:00:15,12.6400,7,2
2026-06-09,601012,11:00:18,12.6500,15,1
2026-06-09,601012,11:00:21,12.6500,191,1
2026-06-09,601012,11:00:24,12.6400,113,2
2026-06-09,601012,11:00:27,12.6500,756,1
2026-06-09,601012,11:00:30,12.6500,160,1
2026-06-09,601012,11:00:33,12.6500,243,1
2026-06-09,601012,11:00:36,12.6500,105,2
2026-06-09,601012,11:00:39,12.6600,24,1
2026-06-09,601012,11:00:42,12.6500,91,2
2026-06-09,601012,11:00:45,12.6600,69,1
2026-06-09,601012,11:00:48,12.6600,3,1
2026-06-09,601012,11:00:51,12.6600,124,1
2026-06-09,601012,11:00:54,12.6600,39,1
2026-06-09,601012,11:00:57,12.6600,16,1
2026-06-09,601012,11:01:00,12.6600,49,1
2026-06-09,601012,11:01:03,12.6500,13,2
2026-06-09,601012,11:01:06,12.6600,308,1
2026-06-09,601012,11:01:09,12.6600,50,1
2026-06-09,601012,11:01:12,12.6500,61,2
2026-06-09,601012,11:01:15,12.6600,7,1
2026-06-09,601012,11:01:18,12.6500,51,2
2026-06-09,601012,11:01:21,12.6600,51,1
2026-06-09,601012,11:01:24,12.6600,74,1
2026-06-09,601012,11:01:27,12.6600,30,1
2026-06-09,601012,11:01:30,12.6500,10,2
2026-06-09,601012,11:01:33,12.6600,5,1
2026-06-09,601012,11:01:36,12.6600,42,1
2026-06-09,601012,11:01:39,12.6600,17,1
2026-06-09,601012,11:01:42,12.6500,247,2
2026-06-09,601012,11:01:45,12.6500,68,2
2026-06-09,601012,11:01:48,12.6600,47,1
2026-06-09,601012,11:01:51,12.6500,118,2
2026-06-09,601012,11:01:54,12.6600,9,1
2026-06-09,601012,11:01:57,12.6500,52,2
2026-06-09,601012,11:02:00,12.6500,44,2
2026-06-09,601012,11:02:03,12.6600,253,1
2026-06-09,601012,11:02:06,12.6600,460,1
2026-06-09,601012,11:02:09,12.6600,367,1
2026-06-09,601012,11:02:12,12.6600,349,1
2026-06-09,601012,11:02:15,12.6600,283,1
2026-06-09,601012,11:02:18,12.6700,4,1
2026-06-09,601012,11:02:21,12.6600,216,2
2026-06-09,601012,11:02:24,12.6600,95,2
2026-06-09,601012,11:02:30,12.6600,30,2
2026-06-09,601012,11:02:33,12.6600,57,2
2026-06-09,601012,11:02:36,12.6700,122,1
2026-06-09,601012,11:02:39,12.6700,49,1
2026-06-09,601012,11:02:42,12.6700,54,1
2026-06-09,601012,11:02:45,12.6700,309,1
2026-06-09,601012,11:02:48,12.6700,261,1
2026-06-09,601012,11:02:51,12.6700,77,1
2026-06-09,601012,11:02:54,12.6700,134,1
2026-06-09,601012,11:02:57,12.6600,109,2
2026-06-09,601012,11:03:00,12.6700,62,1
2026-06-09,601012,11:03:03,12.6700,68,1
2026-06-09,601012,11:03:06,12.6600,19,2
2026-06-09,601012,11:03:09,12.6700,41,1
2026-06-09,601012,11:03:12,12.6700,24,1
2026-06-09,601012,11:03:15,12.6600,116,2
2026-06-09,601012,11:03:18,12.6600,2273,2
2026-06-09,601012,11:03:21,12.6400,692,2
2026-06-09,601012,11:03:24,12.6500,15,1
2026-06-09,601012,11:03:27,12.6500,13,1
2026-06-09,601012,11:03:30,12.6500,29,1
2026-06-09,601012,11:03:33,12.6500,123,1
2026-06-09,601012,11:03:36,12.6500,13,1
2026-06-09,601012,11:03:39,12.6400,802,2
2026-06-09,601012,11:03:42,12.6300,9,2
2026-06-09,601012,11:03:45,12.6300,36,2
2026-06-09,601012,11:03:48,12.6300,47,2
2026-06-09,601012,11:03:51,12.6300,29,2
2026-06-09,601012,11:03:54,12.6300,93,2
2026-06-09,601012,11:03:57,12.6300,131,2
2026-06-09,601012,11:04:00,12.6300,46,2
2026-06-09,601012,11:04:03,12.6300,92,2
2026-06-09,601012,11:04:06,12.6400,95,1
2026-06-09,601012,11:04:09,12.6400,65,1
2026-06-09,601012,11:04:12,12.6300,53,2
2026-06-09,601012,11:04:15,12.6300,64,2
2026-06-09,601012,11:04:18,12.6300,1527,2
2026-06-09,601012,11:04:21,12.6300,42,1
2026-06-09,601012,11:04:24,12.6300,34,1
2026-06-09,601012,11:04:27,12.6300,633,1
2026-06-09,601012,11:04:30,12.6300,50,2
2026-06-09,601012,11:04:33,12.6300,383,2
2026-06-09,601012,11:04:36,12.6300,47,1
2026-06-09,601012,11:04:39,12.6300,347,1
2026-06-09,601012,11:04:42,12.6200,96,2
2026-06-09,601012,11:04:45,12.6200,25,2
2026-06-09,601012,11:04:48,12.6200,57,2
2026-06-09,601012,11:04:51,12.6200,424,2
2026-06-09,601012,11:04:54,12.6200,44,2
2026-06-09,601012,11:04:57,12.6200,83,2
2026-06-09,601012,11:05:00,12.6200,61,2
2026-06-09,601012,11:05:03,12.6200,132,2
2026-06-09,601012,11:05:06,12.6200,469,2
2026-06-09,601012,11:05:09,12.6200,92,2
2026-06-09,601012,11:05:12,12.6200,179,2
2026-06-09,601012,11:05:15,12.6200,93,2
2026-06-09,601012,11:05:18,12.6300,975,1
2026-06-09,601012,11:05:21,12.6300,175,2
2026-06-09,601012,11:05:24,12.6400,255,1
2026-06-09,601012,11:05:27,12.6400,19,2
2026-06-09,601012,11:05:30,12.6400,24,2
2026-06-09,601012,11:05:33,12.6400,13,2
2026-06-09,601012,11:05:36,12.6400,79,2
2026-06-09,601012,11:05:39,12.6400,108,2
2026-06-09,601012,11:05:42,12.6400,54,2
2026-06-09,601012,11:05:45,12.6300,160,2
2026-06-09,601012,11:05:48,12.6300,370,2
2026-06-09,601012,11:05:51,12.6400,204,1
2026-06-09,601012,11:05:54,12.6300,47,2
2026-06-09,601012,11:05:57,12.6300,57,2
2026-06-09,601012,11:06:00,12.6400,99,1
2026-06-09,601012,11:06:03,12.6400,36,1
2026-06-09,601012,11:06:06,12.6400,61,1
2026-06-09,601012,11:06:09,12.6400,3796,1
2026-06-09,601012,11:06:12,12.6400,68,1
2026-06-09,601012,11:06:15,12.6400,94,2
2026-06-09,601012,11:06:18,12.6600,953,1
2026-06-09,601012,11:06:24,12.6500,44,2
2026-06-09,601012,11:06:27,12.6500,58,2
2026-06-09,601012,11:06:30,12.6600,19,1
2026-06-09,601012,11:06:33,12.6600,5,1
2026-06-09,601012,11:06:36,12.6600,33,1
2026-06-09,601012,11:06:39,12.6600,65,1
2026-06-09,601012,11:06:42,12.6600,4,1
2026-06-09,601012,11:06:45,12.6600,172,1
2026-06-09,601012,11:06:48,12.6600,83,1
2026-06-09,601012,11:06:51,12.6600,152,1
2026-06-09,601012,11:06:54,12.6600,253,1
2026-06-09,601012,11:06:57,12.6500,23,2
2026-06-09,601012,11:07:00,12.6600,525,1
2026-06-09,601012,11:07:03,12.6600,87,2
2026-06-09,601012,11:07:06,12.6600,33,2
2026-06-09,601012,11:07:09,12.6700,97,1
2026-06-09,601012,11:07:12,12.6700,1759,1
2026-06-09,601012,11:07:15,12.6700,12,4
2026-06-09,601012,11:07:18,12.6700,25,2
2026-06-09,601012,11:07:21,12.6900,4411,1
2026-06-09,601012,11:07:24,12.7000,8006,1
2026-06-09,601012,11:07:27,12.7100,341,1
2026-06-09,601012,11:07:30,12.7100,60,1
2026-06-09,601012,11:07:33,12.7100,147,2
2026-06-09,601012,11:07:37,12.7200,3595,1
2026-06-09,601012,11:07:39,12.7300,137,1
2026-06-09,601012,11:07:42,12.7400,6334,1
2026-06-09,601012,11:07:45,12.7400,682,2
2026-06-09,601012,11:07:48,12.7500,490,1
2026-06-09,601012,11:07:51,12.7600,6189,1
2026-06-09,601012,11:07:54,12.7600,1272,1
2026-06-09,601012,11:07:57,12.7600,1105,1
2026-06-09,601012,11:08:00,12.7600,1828,1
2026-06-09,601012,11:08:03,12.7500,1694,2
2026-06-09,601012,11:08:06,12.7500,504,4
2026-06-09,601012,11:08:09,12.7500,212,1
2026-06-09,601012,11:08:12,12.7500,718,1
2026-06-09,601012,11:08:15,12.7400,929,2
2026-06-09,601012,11:08:18,12.7400,1361,2
2026-06-09,601012,11:08:21,12.7300,423,2
2026-06-09,601012,11:08:24,12.7300,234,2
2026-06-09,601012,11:08:27,12.7300,273,2
2026-06-09,601012,11:08:30,12.7300,209,2
2026-06-09,601012,11:08:33,12.7300,244,1
2026-06-09,601012,11:08:36,12.7300,77,1
2026-06-09,601012,11:08:39,12.7300,57,1
2026-06-09,601012,11:08:42,12.7200,593,2
2026-06-09,601012,11:08:45,12.7200,123,2
2026-06-09,601012,11:08:48,12.7200,144,2
2026-06-09,601012,11:08:51,12.7200,215,2
2026-06-09,601012,11:08:54,12.7200,116,2
2026-06-09,601012,11:08:57,12.7300,256,1
2026-06-09,601012,11:09:00,12.7200,1106,2
2026-06-09,601012,11:09:03,12.7200,63,1
2026-06-09,601012,11:09:06,12.7100,49,2
2026-06-09,601012,11:09:09,12.7300,213,1
2026-06-09,601012,11:09:12,12.7300,390,1
2026-06-09,601012,11:09:15,12.7300,255,1
2026-06-09,601012,11:09:18,12.7300,522,1
2026-06-09,601012,11:09:21,12.7300,71,1
2026-06-09,601012,11:09:24,12.7300,43,1
2026-06-09,601012,11:09:27,12.7300,555,1
2026-06-09,601012,11:09:30,12.7300,224,1
2026-06-09,601012,11:09:33,12.7200,41,2
2026-06-09,601012,11:09:36,12.7200,287,2
2026-06-09,601012,11:09:39,12.7300,130,1
2026-06-09,601012,11:09:42,12.7200,201,2
2026-06-09,601012,11:09:45,12.7300,316,1
2026-06-09,601012,11:09:48,12.7200,199,2
2026-06-09,601012,11:09:51,12.7200,255,2
2026-06-09,601012,11:09:54,12.7200,132,2
2026-06-09,601012,11:09:57,12.7200,69,2
2026-06-09,601012,11:10:00,12.7300,131,1
2026-06-09,601012,11:10:03,12.7300,136,1
2026-06-09,601012,11:10:06,12.7400,2464,1
2026-06-09,601012,11:10:09,12.7400,148,2
2026-06-09,601012,11:10:12,12.7400,110,2
2026-06-09,601012,11:10:15,12.7400,161,2
2026-06-09,601012,11:10:18,12.7500,328,1
2026-06-09,601012,11:10:21,12.7400,161,2
2026-06-09,601012,11:10:24,12.7500,1411,1
2026-06-09,601012,11:10:27,12.7500,202,2
2026-06-09,601012,11:10:30,12.7600,211,1
2026-06-09,601012,11:10:33,12.7600,224,1
2026-06-09,601012,11:10:36,12.7500,541,2
2026-06-09,601012,11:10:39,12.7600,449,1
2026-06-09,601012,11:10:42,12.7600,144,1
2026-06-09,601012,11:10:45,12.7500,302,2
2026-06-09,601012,11:10:48,12.7600,739,1
2026-06-09,601012,11:10:51,12.7500,571,2
2026-06-09,601012,11:10:54,12.7500,1220,2
2026-06-09,601012,11:10:57,12.7500,246,2
2026-06-09,601012,11:11:00,12.7600,139,1
2026-06-09,601012,11:11:03,12.7500,320,2
2026-06-09,601012,11:11:06,12.7600,320,1
2026-06-09,601012,11:11:09,12.7600,1358,2
2026-06-09,601012,11:11:12,12.7600,314,2
2026-06-09,601012,11:11:15,12.7600,286,1
2026-06-09,601012,11:11:18,12.7600,159,1
2026-06-09,601012,11:11:21,12.7600,657,1
2026-06-09,601012,11:11:24,12.7600,995,1
2026-06-09,601012,11:11:27,12.7600,577,1
2026-06-09,601012,11:11:30,12.7500,375,2
2026-06-09,601012,11:11:33,12.7500,820,2
2026-06-09,601012,11:11:36,12.7500,796,1
2026-06-09,601012,11:11:39,12.7400,114,2
2026-06-09,601012,11:11:42,12.7400,122,2
2026-06-09,601012,11:11:45,12.7500,102,1
2026-06-09,601012,11:11:48,12.7500,114,1
2026-06-09,601012,11:11:51,12.7400,124,2
2026-06-09,601012,11:11:54,12.7400,98,2
2026-06-09,601012,11:11:57,12.7400,108,2
2026-06-09,601012,11:12:00,12.7500,29,1
2026-06-09,601012,11:12:03,12.7500,560,1
2026-06-09,601012,11:12:06,12.7400,141,2
2026-06-09,601012,11:12:09,12.7500,47,1
2026-06-09,601012,11:12:12,12.7500,122,1
2026-06-09,601012,11:12:15,12.7500,30,1
2026-06-09,601012,11:12:18,12.7500,33,1
2026-06-09,601012,11:12:21,12.7500,39,1
2026-06-09,601012,11:12:24,12.7500,53,1
2026-06-09,601012,11:12:27,12.7400,265,2
2026-06-09,601012,11:12:30,12.7400,100,2
2026-06-09,601012,11:12:33,12.7500,58,1
2026-06-09,601012,11:12:36,12.7400,218,2
2026-06-09,601012,11:12:39,12.7400,231,2
2026-06-09,601012,11:12:42,12.7400,392,2
2026-06-09,601012,11:12:45,12.7400,70,2
2026-06-09,601012,11:12:48,12.7400,83,1
2026-06-09,601012,11:12:51,12.7400,445,1
2026-06-09,601012,11:12:54,12.7500,305,1
2026-06-09,601012,11:12:57,12.7500,94,1
2026-06-09,601012,11:13:00,12.7400,123,2
2026-06-09,601012,11:13:03,12.7400,39,2
2026-06-09,601012,11:13:06,12.7400,1016,2
2026-06-09,601012,11:13:09,12.7400,109,1
2026-06-09,601012,11:13:12,12.7400,191,1
2026-06-09,601012,11:13:15,12.7300,144,2
2026-06-09,601012,11:13:18,12.7300,311,2
2026-06-09,601012,11:13:21,12.7400,296,1
2026-06-09,601012,11:13:24,12.7400,323,2
2026-06-09,601012,11:13:27,12.7400,181,2
2026-06-09,601012,11:13:30,12.7400,51,2
2026-06-09,601012,11:13:33,12.7400,101,1
2026-06-09,601012,11:13:36,12.7400,34,1
2026-06-09,601012,11:13:39,12.7400,58,1
2026-06-09,601012,11:13:42,12.7300,71,2
2026-06-09,601012,11:13:45,12.7300,98,2
2026-06-09,601012,11:13:48,12.7300,102,2
2026-06-09,601012,11:13:51,12.7400,217,1
2026-06-09,601012,11:13:54,12.7400,598,1
2026-06-09,601012,11:13:57,12.7600,6476,1
2026-06-09,601012,11:14:00,12.7600,100,2
2026-06-09,601012,11:14:03,12.7700,1897,1
2026-06-09,601012,11:14:06,12.7700,374,1
2026-06-09,601012,11:14:09,12.7700,66,2
2026-06-09,601012,11:14:12,12.7800,381,1
2026-06-09,601012,11:14:15,12.7800,391,1
2026-06-09,601012,11:14:18,12.7800,373,1
2026-06-09,601012,11:14:21,12.7700,263,2
2026-06-09,601012,11:14:24,12.7800,256,1
2026-06-09,601012,11:14:27,12.7700,252,2
2026-06-09,601012,11:14:30,12.7700,275,1
2026-06-09,601012,11:14:33,12.7800,136,1
2026-06-09,601012,11:14:36,12.7700,139,2
2026-06-09,601012,11:14:39,12.7700,261,2
2026-06-09,601012,11:14:42,12.7700,463,2
2026-06-09,601012,11:14:45,12.7700,98,1
2026-06-09,601012,11:14:48,12.7700,217,1
2026-06-09,601012,11:14:51,12.7700,326,1
2026-06-09,601012,11:14:54,12.7700,130,1
2026-06-09,601012,11:14:57,12.7600,944,2
2026-06-09,601012,11:15:00,12.7600,291,1
2026-06-09,601012,11:15:03,12.7500,180,2
2026-06-09,601012,11:15:06,12.7500,248,1
2026-06-09,601012,11:15:09,12.7500,311,1
2026-06-09,601012,11:15:12,12.7600,308,1
2026-06-09,601012,11:15:15,12.7600,581,1
2026-06-09,601012,11:15:18,12.7500,505,2
2026-06-09,601012,11:15:21,12.7500,190,1
2026-06-09,601012,11:15:24,12.7400,19,2
2026-06-09,601012,11:15:27,12.7500,273,1
2026-06-09,601012,11:15:30,12.7500,119,1
2026-06-09,601012,11:15:33,12.7500,233,1
2026-06-09,601012,11:15:36,12.7500,393,1
2026-06-09,601012,11:15:39,12.7500,111,1
2026-06-09,601012,11:15:42,12.7400,143,2
2026-06-09,601012,11:15:45,12.7400,89,2
2026-06-09,601012,11:15:48,12.7400,17,1
2026-06-09,601012,11:15:51,12.7500,296,1
2026-06-09,601012,11:15:54,12.7400,251,2
2026-06-09,601012,11:15:57,12.7500,172,1
2026-06-09,601012,11:16:00,12.7400,105,2
2026-06-09,601012,11:16:03,12.7400,31,2
2026-06-09,601012,11:16:06,12.7400,229,2
2026-06-09,601012,11:16:09,12.7400,166,2
2026-06-09,601012,11:16:12,12.7400,152,2
2026-06-09,601012,11:16:15,12.7400,72,2
2026-06-09,601012,11:16:18,12.7400,77,2
2026-06-09,601012,11:16:21,12.7400,136,2
2026-06-09,601012,11:16:24,12.7400,203,2
2026-06-09,601012,11:16:27,12.7400,93,2
2026-06-09,601012,11:16:30,12.7400,62,2
2026-06-09,601012,11:16:33,12.7400,141,2
2026-06-09,601012,11:16:36,12.7400,143,2
2026-06-09,601012,11:16:39,12.7400,156,2
2026-06-09,601012,11:16:42,12.7400,162,2
2026-06-09,601012,11:16:45,12.7400,88,1
2026-06-09,601012,11:16:48,12.7400,247,2
2026-06-09,601012,11:16:51,12.7400,466,2
2026-06-09,601012,11:16:54,12.7400,165,2
2026-06-09,601012,11:16:57,12.7300,26,2
2026-06-09,601012,11:17:00,12.7400,27,1
2026-06-09,601012,11:17:03,12.7300,29,2
2026-06-09,601012,11:17:06,12.7300,701,2
2026-06-09,601012,11:17:09,12.7400,82,1
2026-06-09,601012,11:17:12,12.7300,124,2
2026-06-09,601012,11:17:15,12.7300,117,2
2026-06-09,601012,11:17:18,12.7300,113,2
2026-06-09,601012,11:17:21,12.7300,193,2
2026-06-09,601012,11:17:24,12.7300,235,2
2026-06-09,601012,11:17:27,12.7300,196,2
2026-06-09,601012,11:17:30,12.7300,200,2
2026-06-09,601012,11:17:33,12.7400,39,1
2026-06-09,601012,11:17:36,12.7300,307,2
2026-06-09,601012,11:17:39,12.7300,621,2
2026-06-09,601012,11:17:42,12.7200,199,2
2026-06-09,601012,11:17:45,12.7200,57,2
2026-06-09,601012,11:17:48,12.7200,53,2
2026-06-09,601012,11:17:51,12.7200,91,2
2026-06-09,601012,11:17:54,12.7200,119,2
2026-06-09,601012,11:17:57,12.7300,1557,1
2026-06-09,601012,11:18:00,12.7300,319,2
2026-06-09,601012,11:18:03,12.7300,108,2
2026-06-09,601012,11:18:06,12.7300,166,2
2026-06-09,601012,11:18:09,12.7300,176,1
2026-06-09,601012,11:18:12,12.7300,113,2
2026-06-09,601012,11:18:15,12.7300,77,2
2026-06-09,601012,11:18:18,12.7300,79,2
2026-06-09,601012,11:18:21,12.7300,255,2
2026-06-09,601012,11:18:24,12.7300,214,1
2026-06-09,601012,11:18:27,12.7300,211,1
2026-06-09,601012,11:18:30,12.7300,144,4
2026-06-09,601012,11:18:33,12.7300,341,1
2026-06-09,601012,11:18:36,12.7400,16,1
2026-06-09,601012,11:18:39,12.7300,30,2
2026-06-09,601012,11:18:42,12.7400,262,1
2026-06-09,601012,11:18:45,12.7400,26,1
2026-06-09,601012,11:18:48,12.7400,11,1
2026-06-09,601012,11:18:51,12.7400,40,1
2026-06-09,601012,11:18:54,12.7400,596,1
2026-06-09,601012,11:18:57,12.7400,22,1
2026-06-09,601012,11:19:00,12.7400,19,1
2026-06-09,601012,11:19:03,12.7300,14,2
2026-06-09,601012,11:19:06,12.7300,73,2
2026-06-09,601012,11:19:09,12.7400,160,1
2026-06-09,601012,11:19:12,12.7300,43,2
2026-06-09,601012,11:19:15,12.7300,178,2
2026-06-09,601012,11:19:18,12.7300,10,2
2026-06-09,601012,11:19:21,12.7300,553,2
2026-06-09,601012,11:19:24,12.7300,962,2
2026-06-09,601012,11:19:27,12.7300,3,1
2026-06-09,601012,11:19:30,12.7300,344,1
2026-06-09,601012,11:19:33,12.7200,326,2
2026-06-09,601012,11:19:36,12.7300,119,1
2026-06-09,601012,11:19:39,12.7200,468,2
2026-06-09,601012,11:19:42,12.7200,21,1
2026-06-09,601012,11:19:45,12.7100,49,2
2026-06-09,601012,11:19:48,12.7100,37,2
2026-06-09,601012,11:19:51,12.7200,44,1
2026-06-09,601012,11:19:54,12.7100,67,2
2026-06-09,601012,11:19:57,12.7100,39,2
2026-06-09,601012,11:20:00,12.7100,81,2
2026-06-09,601012,11:20:03,12.7100,249,2
2026-06-09,601012,11:20:06,12.7000,497,2
