date,code,time,price,volume,bs
2026-02-02,600036,14:07:02,38.6000,311,2
2026-02-02,600036,14:07:05,38.6100,281,1
2026-02-02,600036,14:07:08,38.6000,163,2
2026-02-02,600036,14:07:11,38.6000,263,2
2026-02-02,600036,14:07:14,38.6100,260,1
2026-02-02,600036,14:07:17,38.6000,29,2
2026-02-02,600036,14:07:20,38.6100,118,1
2026-02-02,600036,14:07:23,38.6100,85,2
2026-02-02,600036,14:07:26,38.6200,43,1
2026-02-02,600036,14:07:29,38.6100,167,4
2026-02-02,600036,14:07:32,38.6200,245,1
2026-02-02,600036,14:07:35,38.6200,134,1
2026-02-02,600036,14:07:38,38.6300,162,1
2026-02-02,600036,14:07:41,38.6300,119,1
2026-02-02,600036,14:07:44,38.6300,225,1
2026-02-02,600036,14:07:47,38.6200,379,2
2026-02-02,600036,14:07:50,38.6300,385,2
2026-02-02,600036,14:07:53,38.6300,140,1
2026-02-02,600036,14:07:56,38.6300,355,1
2026-02-02,600036,14:07:59,38.6300,119,2
2026-02-02,600036,14:08:02,38.6400,301,1
2026-02-02,600036,14:08:05,38.6400,469,1
2026-02-02,600036,14:08:08,38.6400,166,1
2026-02-02,600036,14:08:11,38.6400,290,2
2026-02-02,600036,14:08:14,38.6500,146,1
2026-02-02,600036,14:08:17,38.6400,206,2
2026-02-02,600036,14:08:20,38.6500,114,1
2026-02-02,600036,14:08:23,38.6400,342,2
2026-02-02,600036,14:08:26,38.6500,577,1
2026-02-02,600036,14:08:29,38.6500,54,2
2026-02-02,600036,14:08:32,38.6600,76,1
2026-02-02,600036,14:08:35,38.6500,1358,2
2026-02-02,600036,14:08:38,38.6400,233,2
2026-02-02,600036,14:08:41,38.6400,372,2
2026-02-02,600036,14:08:44,38.6500,338,1
2026-02-02,600036,14:08:47,38.6400,139,1
2026-02-02,600036,14:08:50,38.6400,114,2
2026-02-02,600036,14:08:53,38.6400,282,2
2026-02-02,600036,14:08:56,38.6200,553,2
2026-02-02,600036,14:08:59,38.6200,169,2
2026-02-02,600036,14:09:02,38.6100,400,2
2026-02-02,600036,14:09:05,38.6100,109,1
2026-02-02,600036,14:09:08,38.6100,262,1
2026-02-02,600036,14:09:11,38.6100,228,1
2026-02-02,600036,14:09:14,38.6200,164,1
2026-02-02,600036,14:09:18,38.6100,52,1
2026-02-02,600036,14:09:20,38.6200,17,1
2026-02-02,600036,14:09:23,38.6100,354,2
2026-02-02,600036,14:09:26,38.6200,119,1
2026-02-02,600036,14:09:29,38.6100,53,2
2026-02-02,600036,14:09:32,38.6100,57,2
2026-02-02,600036,14:09:35,38.6100,912,2
2026-02-02,600036,14:09:38,38.6100,200,1
2026-02-02,600036,14:09:41,38.6100,243,4
2026-02-02,600036,14:09:44,38.6100,50,1
2026-02-02,600036,14:09:47,38.6100,101,2
2026-02-02,600036,14:09:50,38.6200,90,1
2026-02-02,600036,14:09:53,38.6200,97,1
2026-02-02,600036,14:09:56,38.6100,205,2
2026-02-02,600036,14:09:59,38.6100,62,1
2026-02-02,600036,14:10:02,38.6200,143,1
2026-02-02,600036,14:10:05,38.6200,67,1
2026-02-02,600036,14:10:08,38.6200,155,1
2026-02-02,600036,14:10:11,38.6300,390,1
2026-02-02,600036,14:10:14,38.6300,120,1
2026-02-02,600036,14:10:17,38.6400,243,1
2026-02-02,600036,14:10:20,38.6400,94,1
2026-02-02,600036,14:10:23,38.6400,124,1
2026-02-02,600036,14:10:26,38.6500,189,1
2026-02-02,600036,14:10:29,38.6500,21,1
2026-02-02,600036,14:10:32,38.6600,155,1
2026-02-02,600036,14:10:35,38.6600,3,1
2026-02-02,600036,14:10:38,38.6400,347,2
2026-02-02,600036,14:10:41,38.6400,853,2
2026-02-02,600036,14:10:44,38.6400,259,1
2026-02-02,600036,14:10:47,38.5900,4750,2
2026-02-02,600036,14:10:50,38.6400,105,1
2026-02-02,600036,14:10:53,38.6100,282,2
2026-02-02,600036,14:10:56,38.6000,184,2
2026-02-02,600036,14:10:59,38.6100,63,1
2026-02-02,600036,14:11:02,38.6100,87,1
2026-02-02,600036,14:11:05,38.6100,105,1
2026-02-02,600036,14:11:08,38.6100,124,1
2026-02-02,600036,14:11:11,38.6100,197,1
2026-02-02,600036,14:11:14,38.6100,78,1
2026-02-02,600036,14:11:17,38.6100,41,1
2026-02-02,600036,14:11:20,38.6200,7,1
2026-02-02,600036,14:11:23,38.6200,127,1
2026-02-02,600036,14:11:26,38.6200,126,2
2026-02-02,600036,14:11:29,38.6200,44,2
2026-02-02,600036,14:11:32,38.6200,19,2
2026-02-02,600036,14:11:35,38.6300,30,1
2026-02-02,600036,14:11:38,38.6300,19,1
2026-02-02,600036,14:11:41,38.6400,467,1
2026-02-02,600036,14:11:44,38.6300,123,2
2026-02-02,600036,14:11:47,38.6300,24,2
2026-02-02,600036,14:11:50,38.6300,136,2
2026-02-02,600036,14:11:53,38.6400,110,2
2026-02-02,600036,14:11:56,38.6500,64,1
2026-02-02,600036,14:11:59,38.6600,451,1
2026-02-02,600036,14:12:02,38.6700,183,1
2026-02-02,600036,14:12:05,38.6900,672,1
2026-02-02,600036,14:12:08,38.6700,123,2
2026-02-02,600036,14:12:11,38.7000,175,1
2026-02-02,600036,14:12:14,38.7100,401,1
2026-02-02,600036,14:12:17,38.7100,145,1
2026-02-02,600036,14:12:20,38.7000,56,2
2026-02-02,600036,14:12:23,38.7000,140,2
2026-02-02,600036,14:12:26,38.7000,461,2
2026-02-02,600036,14:12:29,38.7000,311,2
2026-02-02,600036,14:12:32,38.6900,533,2
2026-02-02,600036,14:12:35,38.6900,280,2
2026-02-02,600036,14:12:38,38.6900,310,2
2026-02-02,600036,14:12:41,38.6800,385,4
2026-02-02,600036,14:12:44,38.6600,274,2
2026-02-02,600036,14:12:47,38.6800,119,1
2026-02-02,600036,14:12:50,38.6800,14,1
2026-02-02,600036,14:12:53,38.6700,234,2
2026-02-02,600036,14:12:56,38.6800,191,1
2026-02-02,600036,14:12:59,38.6800,53,1
2026-02-02,600036,14:13:02,38.6800,180,1
2026-02-02,600036,14:13:05,38.6800,21,1
2026-02-02,600036,14:13:08,38.6600,720,2
2026-02-02,600036,14:13:11,38.6300,568,2
2026-02-02,600036,14:13:14,38.6400,715,1
2026-02-02,600036,14:13:17,38.6300,206,2
2026-02-02,600036,14:13:20,38.6300,223,2
2026-02-02,600036,14:13:23,38.6200,126,2
2026-02-02,600036,14:13:26,38.6300,140,1
2026-02-02,600036,14:13:29,38.6300,161,1
2026-02-02,600036,14:13:32,38.6300,186,1
2026-02-02,600036,14:13:35,38.6300,73,1
2026-02-02,600036,14:13:38,38.6200,163,2
2026-02-02,600036,14:13:41,38.6200,482,2
2026-02-02,600036,14:13:44,38.6100,506,2
2026-02-02,600036,14:13:47,38.6100,141,1
2026-02-02,600036,14:13:50,38.6100,249,1
2026-02-02,600036,14:13:53,38.6000,295,2
2026-02-02,600036,14:13:56,38.6000,388,2
2026-02-02,600036,14:13:59,38.5900,129,2
2026-02-02,600036,14:14:02,38.6000,503,1
2026-02-02,600036,14:14:05,38.5900,142,2
2026-02-02,600036,14:14:08,38.5800,85,2
2026-02-02,600036,14:14:11,38.5800,214,2
2026-02-02,600036,14:14:14,38.5900,130,1
2026-02-02,600036,14:14:17,38.5900,72,1
2026-02-02,600036,14:14:20,38.5900,145,1
2026-02-02,600036,14:14:23,38.5800,216,2
2026-02-02,600036,14:14:26,38.5900,106,4
2026-02-02,600036,14:14:29,38.5900,227,4
2026-02-02,600036,14:14:32,38.6000,67,1
2026-02-02,600036,14:14:35,38.6200,2694,1
2026-02-02,600036,14:14:38,38.6200,19,2
2026-02-02,600036,14:14:41,38.6300,229,1
2026-02-02,600036,14:14:44,38.6300,118,2
2026-02-02,600036,14:14:47,38.6400,41,4
2026-02-02,600036,14:14:50,38.6500,1,1
2026-02-02,600036,14:14:53,38.6400,119,2
2026-02-02,600036,14:14:56,38.6400,330,2
2026-02-02,600036,14:14:59,38.6400,161,2
2026-02-02,600036,14:15:02,38.6500,304,1
2026-02-02,600036,14:15:05,38.6300,76,2
2026-02-02,600036,14:15:08,38.6500,142,1
2026-02-02,600036,14:15:11,38.6400,302,4
2026-02-02,600036,14:15:14,38.6400,73,1
2026-02-02,600036,14:15:17,38.6500,160,1
2026-02-02,600036,14:15:20,38.6400,229,2
2026-02-02,600036,14:15:23,38.6600,263,1
2026-02-02,600036,14:15:26,38.6400,103,4
2026-02-02,600036,14:15:29,38.6400,33,2
2026-02-02,600036,14:15:33,38.6400,69,1
2026-02-02,600036,14:15:35,38.6400,64,1
2026-02-02,600036,14:15:38,38.6300,253,2
2026-02-02,600036,14:15:41,38.6200,73,2
2026-02-02,600036,14:15:44,38.6300,644,1
2026-02-02,600036,14:15:47,38.6000,144,2
2026-02-02,600036,14:15:50,38.6200,79,2
2026-02-02,600036,14:15:53,38.6300,72,1
2026-02-02,600036,14:15:56,38.6200,3426,2
2026-02-02,600036,14:15:59,38.6100,219,4
2026-02-02,600036,14:16:02,38.6000,167,2
2026-02-02,600036,14:16:05,38.6100,24,1
2026-02-02,600036,14:16:08,38.6000,78,2
2026-02-02,600036,14:16:11,38.6000,169,2
2026-02-02,600036,14:16:14,38.6100,46,1
2026-02-02,600036,14:16:17,38.6000,147,2
2026-02-02,600036,14:16:20,38.6100,129,1
2026-02-02,600036,14:16:23,38.6000,271,2
2026-02-02,600036,14:16:26,38.6100,107,1
2026-02-02,600036,14:16:29,38.6000,267,2
2026-02-02,600036,14:16:32,38.6000,472,1
2026-02-02,600036,14:16:35,38.6000,84,2
2026-02-02,600036,14:16:38,38.6100,240,1
2026-02-02,600036,14:16:41,38.6100,80,1
2026-02-02,600036,14:16:44,38.6000,260,2
2026-02-02,600036,14:16:47,38.6100,151,1
2026-02-02,600036,14:16:50,38.6000,121,2
2026-02-02,600036,14:16:53,38.6200,99,1
2026-02-02,600036,14:16:56,38.6000,319,2
2026-02-02,600036,14:16:59,38.5900,376,2
2026-02-02,600036,14:17:02,38.6000,114,1
2026-02-02,600036,14:17:05,38.5900,119,2
2026-02-02,600036,14:17:08,38.6000,132,1
2026-02-02,600036,14:17:11,38.5900,156,2
2026-02-02,600036,14:17:14,38.6000,102,1
2026-02-02,600036,14:17:17,38.6000,194,1
2026-02-02,600036,14:17:20,38.5900,95,2
2026-02-02,600036,14:17:23,38.5900,75,2
2026-02-02,600036,14:17:26,38.6000,184,1
2026-02-02,600036,14:17:29,38.6000,50,1
2026-02-02,600036,14:17:32,38.6000,71,1
2026-02-02,600036,14:17:35,38.6000,12,1
2026-02-02,600036,14:17:38,38.5900,213,2
2026-02-02,600036,14:17:41,38.5900,239,2
2026-02-02,600036,14:17:44,38.6000,288,1
2026-02-02,600036,14:17:47,38.5900,73,2
2026-02-02,600036,14:17:50,38.5900,47,2
2026-02-02,600036,14:17:53,38.5900,100,2
2026-02-02,600036,14:17:56,38.6000,152,1
2026-02-02,600036,14:17:59,38.5900,126,2
2026-02-02,600036,14:18:02,38.5900,472,2
2026-02-02,600036,14:18:05,38.5900,184,2
2026-02-02,600036,14:18:08,38.5900,182,2
2026-02-02,600036,14:18:11,38.5800,86,2
2026-02-02,600036,14:18:14,38.5800,205,2
2026-02-02,600036,14:18:17,38.5800,187,2
2026-02-02,600036,14:18:20,38.5900,232,1
2026-02-02,600036,14:18:23,38.5800,153,2
2026-02-02,600036,14:18:26,38.5900,123,1
2026-02-02,600036,14:18:29,38.5800,22,2
2026-02-02,600036,14:18:32,38.5900,438,1
2026-02-02,600036,14:18:35,38.5800,96,2
2026-02-02,600036,14:18:38,38.5900,53,4
2026-02-02,600036,14:18:41,38.5900,156,1
2026-02-02,600036,14:18:44,38.5900,20,2
2026-02-02,600036,14:18:47,38.5900,22,2
2026-02-02,600036,14:18:50,38.6000,37,1
2026-02-02,600036,14:18:53,38.6000,241,1
2026-02-02,600036,14:18:56,38.6000,20,1
2026-02-02,600036,14:18:59,38.6000,186,1
2026-02-02,600036,14:19:02,38.6000,28,1
2026-02-02,600036,14:19:05,38.5900,403,2
2026-02-02,600036,14:19:08,38.6000,134,1
2026-02-02,600036,14:19:11,38.6000,122,1
2026-02-02,600036,14:19:14,38.6000,243,1
2026-02-02,600036,14:19:17,38.5900,20,2
2026-02-02,600036,14:19:20,38.6000,161,1
2026-02-02,600036,14:19:23,38.6000,104,1
2026-02-02,600036,14:19:26,38.6000,19,1
2026-02-02,600036,14:19:29,38.5800,506,2
2026-02-02,600036,14:19:32,38.5900,94,1
2026-02-02,600036,14:19:35,38.5800,34,2
2026-02-02,600036,14:19:38,38.5900,382,1
2026-02-02,600036,14:19:41,38.5900,39,1
2026-02-02,600036,14:19:44,38.5800,361,2
2026-02-02,600036,14:19:47,38.5800,13,2
2026-02-02,600036,14:19:50,38.5800,107,2
2026-02-02,600036,14:19:53,38.5800,119,2
2026-02-02,600036,14:19:56,38.5800,123,2
2026-02-02,600036,14:19:59,38.5800,35,2
2026-02-02,600036,14:20:02,38.5900,2017,1
2026-02-02,600036,14:20:05,38.5900,96,2
2026-02-02,600036,14:20:08,38.5900,157,2
2026-02-02,600036,14:20:11,38.6000,129,1
2026-02-02,600036,14:20:14,38.5900,530,2
2026-02-02,600036,14:20:17,38.5900,380,2
2026-02-02,600036,14:20:20,38.6200,73,1
2026-02-02,600036,14:20:23,38.6000,65,2
2026-02-02,600036,14:20:26,38.5900,151,2
2026-02-02,600036,14:20:29,38.5900,172,2
2026-02-02,600036,14:20:32,38.6000,68,1
2026-02-02,600036,14:20:36,38.6000,237,1
2026-02-02,600036,14:20:38,38.6000,84,2
2026-02-02,600036,14:20:41,38.6100,69,1
2026-02-02,600036,14:20:44,38.6100,152,1
2026-02-02,600036,14:20:47,38.6100,91,1
2026-02-02,600036,14:20:50,38.6200,368,1
2026-02-02,600036,14:20:53,38.6100,235,2
2026-02-02,600036,14:20:56,38.6100,364,1
2026-02-02,600036,14:20:59,38.6100,86,1
2026-02-02,600036,14:21:02,38.6100,204,1
2026-02-02,600036,14:21:05,38.6000,107,2
2026-02-02,600036,14:21:08,38.6100,283,1
2026-02-02,600036,14:21:11,38.6100,162,1
2026-02-02,600036,14:21:14,38.6000,139,2
2026-02-02,600036,14:21:17,38.6000,96,2
2026-02-02,600036,14:21:20,38.6000,68,2
2026-02-02,600036,14:21:23,38.6100,187,1
2026-02-02,600036,14:21:26,38.6100,133,1
2026-02-02,600036,14:21:29,38.6100,4,1
2026-02-02,600036,14:21:32,38.6100,70,1
2026-02-02,600036,14:21:35,38.6100,49,1
2026-02-02,600036,14:21:38,38.6000,108,2
2026-02-02,600036,14:21:41,38.6000,170,2
2026-02-02,600036,14:21:44,38.6100,165,1
2026-02-02,600036,14:21:47,38.6100,137,1
2026-02-02,600036,14:21:50,38.6000,131,2
2026-02-02,600036,14:21:53,38.6000,89,2
2026-02-02,600036,14:21:56,38.6100,181,1
2026-02-02,600036,14:21:59,38.6100,107,1
2026-02-02,600036,14:22:02,38.6100,108,1
2026-02-02,600036,14:22:05,38.6000,23,2
2026-02-02,600036,14:22:08,38.6000,118,2
2026-02-02,600036,14:22:11,38.6000,103,2
2026-02-02,600036,14:22:14,38.6000,102,2
2026-02-02,600036,14:22:17,38.6100,81,1
2026-02-02,600036,14:22:20,38.6000,147,2
2026-02-02,600036,14:22:23,38.6100,204,1
2026-02-02,600036,14:22:26,38.5800,1705,2
2026-02-02,600036,14:22:29,38.5800,113,1
2026-02-02,600036,14:22:32,38.5800,49,1
2026-02-02,600036,14:22:35,38.5800,103,1
2026-02-02,600036,14:22:38,38.5800,145,1
2026-02-02,600036,14:22:41,38.5800,105,1
2026-02-02,600036,14:22:44,38.5800,130,1
2026-02-02,600036,14:22:47,38.5800,71,1
2026-02-02,600036,14:22:50,38.5800,90,1
2026-02-02,600036,14:22:53,38.5700,46,2
2026-02-02,600036,14:22:56,38.5700,100,2
2026-02-02,600036,14:22:59,38.5700,156,2
2026-02-02,600036,14:23:02,38.5700,147,2
2026-02-02,600036,14:23:05,38.5700,137,2
2026-02-02,600036,14:23:08,38.5700,142,2
2026-02-02,600036,14:23:11,38.5700,300,2
2026-02-02,600036,14:23:14,38.5800,212,1
2026-02-02,600036,14:23:17,38.5700,301,2
2026-02-02,600036,14:23:20,38.5700,125,2
2026-02-02,600036,14:23:23,38.5800,372,1
2026-02-02,600036,14:23:26,38.5800,200,1
2026-02-02,600036,14:23:29,38.5700,66,2
2026-02-02,600036,14:23:32,38.5700,128,2
2026-02-02,600036,14:23:35,38.5800,179,1
2026-02-02,600036,14:23:38,38.5700,49,2
2026-02-02,600036,14:23:41,38.5800,110,1
2026-02-02,600036,14:23:44,38.5800,162,1
2026-02-02,600036,14:23:47,38.5800,71,1
2026-02-02,600036,14:23:50,38.5800,230,1
2026-02-02,600036,14:23:53,38.5800,32,1
2026-02-02,600036,14:23:56,38.5700,191,2
2026-02-02,600036,14:23:59,38.5800,140,1
2026-02-02,600036,14:24:02,38.5700,276,2
2026-02-02,600036,14:24:05,38.5700,116,2
2026-02-02,600036,14:24:08,38.5700,282,2
2026-02-02,600036,14:24:11,38.5700,252,2
2026-02-02,600036,14:24:14,38.5900,1097,1
2026-02-02,600036,14:24:17,38.5900,86,1
2026-02-02,600036,14:24:20,38.5800,24,2
2026-02-02,600036,14:24:23,38.5900,74,1
2026-02-02,600036,14:24:26,38.5800,108,2
2026-02-02,600036,14:24:29,38.5800,157,2
2026-02-02,600036,14:24:32,38.5800,323,2
2026-02-02,600036,14:24:35,38.5800,375,2
2026-02-02,600036,14:24:38,38.5900,515,1
2026-02-02,600036,14:24:41,38.5900,283,1
2026-02-02,600036,14:24:44,38.5900,82,2
2026-02-02,600036,14:24:47,38.5900,45,2
2026-02-02,600036,14:24:50,38.5900,33,2
2026-02-02,600036,14:24:53,38.5900,10,2
2026-02-02,600036,14:24:56,38.5900,167,2
2026-02-02,600036,14:24:59,38.5900,91,2
2026-02-02,600036,14:25:02,38.6000,161,1
2026-02-02,600036,14:25:05,38.5900,47,2
2026-02-02,600036,14:25:08,38.6000,98,1
2026-02-02,600036,14:25:11,38.6000,923,1
2026-02-02,600036,14:25:14,38.5900,174,2
2026-02-02,600036,14:25:17,38.5900,572,2
2026-02-02,600036,14:25:20,38.5800,566,2
2026-02-02,600036,14:25:23,38.5800,177,1
2026-02-02,600036,14:25:26,38.5700,256,2
2026-02-02,600036,14:25:29,38.5800,139,1
2026-02-02,600036,14:25:32,38.5800,68,1
2026-02-02,600036,14:25:35,38.5700,307,2
2026-02-02,600036,14:25:38,38.5700,64,2
2026-02-02,600036,14:25:41,38.5700,524,2
2026-02-02,600036,14:25:44,38.5600,1664,2
2026-02-02,600036,14:25:47,38.5700,249,1
2026-02-02,600036,14:25:50,38.5700,102,1
2026-02-02,600036,14:25:53,38.5600,102,2
2026-02-02,600036,14:25:56,38.5600,244,2
2026-02-02,600036,14:25:59,38.5600,90,2
2026-02-02,600036,14:26:02,38.5600,117,2
2026-02-02,600036,14:26:05,38.5700,422,1
2026-02-02,600036,14:26:08,38.5600,240,2
2026-02-02,600036,14:26:11,38.5700,449,1
2026-02-02,600036,14:26:14,38.5800,74,1
2026-02-02,600036,14:26:17,38.5700,95,2
2026-02-02,600036,14:26:20,38.5700,36,2
2026-02-02,600036,14:26:23,38.5700,79,2
2026-02-02,600036,14:26:26,38.5700,335,2
2026-02-02,600036,14:26:29,38.5700,214,2
2026-02-02,600036,14:26:32,38.5700,132,1
2026-02-02,600036,14:26:35,38.5700,42,1
2026-02-02,600036,14:26:38,38.5700,491,1
2026-02-02,600036,14:26:41,38.5700,12,2
2026-02-02,600036,14:26:44,38.5700,132,2
2026-02-02,600036,14:26:47,38.5700,161,2
2026-02-02,600036,14:26:50,38.5800,763,1
2026-02-02,600036,14:26:53,38.5700,148,2
2026-02-02,600036,14:26:56,38.5800,253,1
2026-02-02,600036,14:26:59,38.5800,131,1
2026-02-02,600036,14:27:02,38.5700,29,2
2026-02-02,600036,14:27:05,38.5700,43,2
2026-02-02,600036,14:27:08,38.5800,828,1
2026-02-02,600036,14:27:11,38.5900,785,1
2026-02-02,600036,14:27:14,38.6000,74,1
2026-02-02,600036,14:27:17,38.5900,32,2
2026-02-02,600036,14:27:20,38.6000,59,1
2026-02-02,600036,14:27:23,38.5900,173,2
2026-02-02,600036,14:27:26,38.6000,185,1
2026-02-02,600036,14:27:29,38.6000,548,1
2026-02-02,600036,14:27:32,38.6000,23,2
2026-02-02,600036,14:27:35,38.6100,246,1
2026-02-02,600036,14:27:38,38.6100,154,2
2026-02-02,600036,14:27:41,38.6200,110,1
2026-02-02,600036,14:27:44,38.6300,386,1
2026-02-02,600036,14:27:47,38.6200,49,2
2026-02-02,600036,14:27:50,38.6300,88,1
2026-02-02,600036,14:27:53,38.6300,239,1
2026-02-02,600036,14:27:56,38.6300,131,2
2026-02-02,600036,14:27:59,38.6300,303,1
2026-02-02,600036,14:28:02,38.6400,235,1
2026-02-02,600036,14:28:05,38.6300,94,2
2026-02-02,600036,14:28:08,38.6300,205,2
2026-02-02,600036,14:28:11,38.6300,1354,2
2026-02-02,600036,14:28:14,38.6200,294,4
2026-02-02,600036,14:28:17,38.6100,438,2
2026-02-02,600036,14:28:20,38.6000,105,2
2026-02-02,600036,14:28:23,38.6000,411,2
2026-02-02,600036,14:28:26,38.6000,247,2
2026-02-02,600036,14:28:29,38.6100,279,1
2026-02-02,600036,14:28:32,38.5900,281,2
2026-02-02,600036,14:28:35,38.5900,266,2
2026-02-02,600036,14:28:38,38.5800,102,2
2026-02-02,600036,14:28:41,38.5700,300,2
2026-02-02,600036,14:28:44,38.5800,171,1
2026-02-02,600036,14:28:47,38.5700,48,2
2026-02-02,600036,14:28:50,38.5800,156,1
2026-02-02,600036,14:28:53,38.5700,81,2
2026-02-02,600036,14:28:56,38.5800,53,1
2026-02-02,600036,14:28:59,38.5800,219,1
2026-02-02,600036,14:29:02,38.5800,463,1
2026-02-02,600036,14:29:05,38.5700,232,2
2026-02-02,600036,14:29:08,38.5700,124,2
2026-02-02,600036,14:29:11,38.5600,156,2
2026-02-02,600036,14:29:14,38.5600,75,1
2026-02-02,600036,14:29:17,38.5600,122,1
2026-02-02,600036,14:29:20,38.5600,222,1
2026-02-02,600036,14:29:23,38.5500,168,2
2026-02-02,600036,14:29:26,38.5500,228,2
2026-02-02,600036,14:29:29,38.5600,316,1
2026-02-02,600036,14:29:32,38.5500,427,2
2026-02-02,600036,14:29:35,38.5600,95,1
2026-02-02,600036,14:29:38,38.5600,442,1
2026-02-02,600036,14:29:41,38.5700,194,1
2026-02-02,600036,14:29:44,38.5700,37,2
2026-02-02,600036,14:29:47,38.5500,149,2
2026-02-02,600036,14:29:50,38.5700,168,1
2026-02-02,600036,14:29:53,38.5500,160,2
2026-02-02,600036,14:29:56,38.5700,162,1
2026-02-02,600036,14:29:59,38.5600,115,2
2026-02-02,600036,14:30:02,38.5600,84,2
2026-02-02,600036,14:30:05,38.5700,223,1
2026-02-02,600036,14:30:08,38.5700,393,1
2026-02-02,600036,14:30:11,38.5700,139,1
2026-02-02,600036,14:30:14,38.5600,173,2
2026-02-02,600036,14:30:17,38.5600,56,2
2026-02-02,600036,14:30:20,38.5700,1450,1
2026-02-02,600036,14:30:23,38.5600,149,2
2026-02-02,600036,14:30:26,38.5500,296,1
2026-02-02,600036,14:30:29,38.5500,124,1
2026-02-02,600036,14:30:32,38.5400,233,2
2026-02-02,600036,14:30:35,38.5400,19,2
2026-02-02,600036,14:30:38,38.5400,251,2
2026-02-02,600036,14:30:41,38.5500,228,1
2026-02-02,600036,14:30:44,38.5500,240,1
2026-02-02,600036,14:30:47,38.5500,114,1
2026-02-02,600036,14:30:50,38.5500,150,1
2026-02-02,600036,14:30:53,38.5400,257,2
2026-02-02,600036,14:30:56,38.5300,513,2
2026-02-02,600036,14:30:59,38.5300,413,2
2026-02-02,600036,14:31:02,38.5200,547,2
2026-02-02,600036,14:31:06,38.5100,205,2
2026-02-02,600036,14:31:08,38.5100,215,2
2026-02-02,600036,14:31:11,38.5100,177,2
2026-02-02,600036,14:31:14,38.5100,275,2
2026-02-02,600036,14:31:17,38.5100,80,2
2026-02-02,600036,14:31:20,38.5100,219,2
2026-02-02,600036,14:31:23,38.5000,139,2
2026-02-02,600036,14:31:26,38.5000,322,2
2026-02-02,600036,14:31:29,38.5100,264,1
2026-02-02,600036,14:31:32,38.5100,63,4
2026-02-02,600036,14:31:35,38.5100,81,2
2026-02-02,600036,14:31:38,38.5000,275,2
2026-02-02,600036,14:31:41,38.5100,199,1
2026-02-02,600036,14:31:44,38.5000,96,2
2026-02-02,600036,14:31:47,38.5000,219,2
2026-02-02,600036,14:31:50,38.5200,163,1
2026-02-02,600036,14:31:53,38.5300,318,1
2026-02-02,600036,14:31:56,38.5400,861,1
2026-02-02,600036,14:31:59,38.5300,95,2
2026-02-02,600036,14:32:02,38.5300,69,2
2026-02-02,600036,14:32:05,38.5300,211,2
2026-02-02,600036,14:32:08,38.5500,969,1
2026-02-02,600036,14:32:11,38.5200,32,2
2026-02-02,600036,14:32:14,38.5300,204,1
2026-02-02,600036,14:32:17,38.5300,119,1
2026-02-02,600036,14:32:20,38.5400,106,1
2026-02-02,600036,14:32:23,38.5300,34,4
2026-02-02,600036,14:32:26,38.5300,78,2
2026-02-02,600036,14:32:29,38.5300,86,2
2026-02-02,600036,14:32:32,38.5400,78,1
2026-02-02,600036,14:32:35,38.5400,185,1
2026-02-02,600036,14:32:38,38.5400,203,1
2026-02-02,600036,14:32:41,38.5400,103,1
2026-02-02,600036,14:32:44,38.5400,135,2
2026-02-02,600036,14:32:47,38.5500,238,1
2026-02-02,600036,14:32:50,38.5500,35,1
2026-02-02,600036,14:32:53,38.5400,166,2
2026-02-02,600036,14:32:56,38.5600,129,1
2026-02-02,600036,14:32:59,38.5500,98,2
2026-02-02,600036,14:33:02,38.5600,82,1
2026-02-02,600036,14:33:05,38.5600,35,1
2026-02-02,600036,14:33:08,38.5500,291,2
2026-02-02,600036,14:33:11,38.5700,157,1
2026-02-02,600036,14:33:14,38.5700,12,1
2026-02-02,600036,14:33:17,38.5700,66,1
2026-02-02,600036,14:33:20,38.5700,84,1
2026-02-02,600036,14:33:23,38.5600,124,2
2026-02-02,600036,14:33:26,38.5700,329,1
2026-02-02,600036,14:33:29,38.5700,47,1
2026-02-02,600036,14:33:32,38.5600,217,2
2026-02-02,600036,14:33:35,38.5700,53,1
2026-02-02,600036,14:33:38,38.5600,348,2
2026-02-02,600036,14:33:41,38.5600,27,2
2026-02-02,600036,14:33:44,38.5700,163,1
2026-02-02,600036,14:33:47,38.5800,124,1
2026-02-02,600036,14:33:50,38.5800,57,1
2026-02-02,600036,14:33:53,38.5700,151,2
2026-02-02,600036,14:33:56,38.5800,261,1
2026-02-02,600036,14:33:59,38.5700,151,4
2026-02-02,600036,14:34:02,38.5700,64,2
2026-02-02,600036,14:34:05,38.5800,233,1
2026-02-02,600036,14:34:08,38.5800,100,1
2026-02-02,600036,14:34:11,38.5600,175,2
2026-02-02,600036,14:34:14,38.5700,400,1
2026-02-02,600036,14:34:17,38.5500,157,2
2026-02-02,600036,14:34:20,38.5500,159,2
2026-02-02,600036,14:34:23,38.5500,135,1
2026-02-02,600036,14:34:26,38.5600,411,1
2026-02-02,600036,14:34:29,38.5500,303,2
2026-02-02,600036,14:34:32,38.5500,55,2
2026-02-02,600036,14:34:35,38.5600,1,1
2026-02-02,600036,14:34:38,38.5500,299,2
2026-02-02,600036,14:34:41,38.5500,198,2
2026-02-02,600036,14:34:44,38.5600,924,1
2026-02-02,600036,14:34:47,38.5600,71,1
2026-02-02,600036,14:34:50,38.5600,27,2
2026-02-02,600036,14:34:53,38.5700,261,1
2026-02-02,600036,14:34:56,38.5600,76,2
2026-02-02,600036,14:34:59,38.5600,55,1
2026-02-02,600036,14:35:03,38.5700,40,1
2026-02-02,600036,14:35:05,38.5700,25,2
2026-02-02,600036,14:35:08,38.5800,381,1
2026-02-02,600036,14:35:11,38.5700,165,2
2026-02-02,600036,14:35:14,38.5800,331,1
2026-02-02,600036,14:35:17,38.5800,352,1
2026-02-02,600036,14:35:20,38.5900,75,1
2026-02-02,600036,14:35:23,38.5900,349,1
2026-02-02,600036,14:35:26,38.5900,25,2
2026-02-02,600036,14:35:29,38.5800,63,2
2026-02-02,600036,14:35:32,38.5900,77,1
2026-02-02,600036,14:35:35,38.5800,118,2
2026-02-02,600036,14:35:38,38.5800,130,2
2026-02-02,600036,14:35:41,38.5900,278,1
2026-02-02,600036,14:35:44,38.5800,333,2
2026-02-02,600036,14:35:47,38.5900,89,4
2026-02-02,600036,14:35:50,38.6100,33,1
2026-02-02,600036,14:35:53,38.6000,5,4
2026-02-02,600036,14:35:56,38.6000,163,2
2026-02-02,600036,14:35:59,38.5900,55,2
2026-02-02,600036,14:36:02,38.5700,1150,2
2026-02-02,600036,14:36:05,38.5800,355,4
2026-02-02,600036,14:36:08,38.5800,235,1
2026-02-02,600036,14:36:11,38.5600,136,2
2026-02-02,600036,14:36:14,38.5700,70,2
2026-02-02,600036,14:36:17,38.5800,39,1
2026-02-02,600036,14:36:20,38.5700,81,2
2026-02-02,600036,14:36:23,38.5700,129,2
2026-02-02,600036,14:36:26,38.5800,165,1
2026-02-02,600036,14:36:29,38.5800,182,2
2026-02-02,600036,14:36:32,38.5900,8,1
2026-02-02,600036,14:36:35,38.5800,29,2
2026-02-02,600036,14:36:38,38.5800,82,2
2026-02-02,600036,14:36:41,38.5700,245,2
2026-02-02,600036,14:36:44,38.5700,174,2
2026-02-02,600036,14:36:47,38.5700,159,2
2026-02-02,600036,14:36:50,38.5700,192,1
2026-02-02,600036,14:36:53,38.5600,163,2
2026-02-02,600036,14:36:56,38.5700,125,4
2026-02-02,600036,14:36:59,38.5800,482,1
2026-02-02,600036,14:37:02,38.5800,77,4
2026-02-02,600036,14:37:05,38.5800,62,1
2026-02-02,600036,14:37:08,38.5700,229,2
2026-02-02,600036,14:37:11,38.5700,344,1
2026-02-02,600036,14:37:14,38.5700,84,2
2026-02-02,600036,14:37:17,38.5600,204,2
2026-02-02,600036,14:37:20,38.5700,155,1
2026-02-02,600036,14:37:23,38.5600,60,2
2026-02-02,600036,14:37:26,38.5700,281,1
2026-02-02,600036,14:37:29,38.5600,89,2
2026-02-02,600036,14:37:32,38.5600,196,2
2026-02-02,600036,14:37:35,38.5600,58,2
2026-02-02,600036,14:37:38,38.5600,125,2
2026-02-02,600036,14:37:41,38.5700,335,1
2026-02-02,600036,14:37:44,38.5600,277,2
2026-02-02,600036,14:37:47,38.5600,33,2
2026-02-02,600036,14:37:53,38.5600,242,2
2026-02-02,600036,14:37:56,38.5600,233,1
2026-02-02,600036,14:37:59,38.5500,122,2
2026-02-02,600036,14:38:02,38.5500,69,2
2026-02-02,600036,14:38:05,38.5500,687,2
2026-02-02,600036,14:38:08,38.5400,126,2
2026-02-02,600036,14:38:11,38.5400,162,2
2026-02-02,600036,14:38:14,38.5400,145,2
2026-02-02,600036,14:38:17,38.5400,214,1
2026-02-02,600036,14:38:20,38.5400,22,1
2026-02-02,600036,14:38:23,38.5400,200,1
2026-02-02,600036,14:38:26,38.5300,193,2
2026-02-02,600036,14:38:29,38.5400,337,1
2026-02-02,600036,14:38:32,38.5400,82,1
2026-02-02,600036,14:38:35,38.5300,182,2
2026-02-02,600036,14:38:38,38.5400,181,1
2026-02-02,600036,14:38:41,38.5300,336,2
2026-02-02,600036,14:38:44,38.5400,222,2
2026-02-02,600036,14:38:47,38.5400,54,2
2026-02-02,600036,14:38:50,38.5400,409,2
2026-02-02,600036,14:38:53,38.5400,110,2
2026-02-02,600036,14:38:56,38.5500,120,1
2026-02-02,600036,14:38:59,38.5500,635,1
2026-02-02,600036,14:39:02,38.5600,362,1
2026-02-02,600036,14:39:05,38.5500,105,2
2026-02-02,600036,14:39:08,38.5600,196,1
2026-02-02,600036,14:39:11,38.5700,229,1
2026-02-02,600036,14:39:14,38.5600,315,4
2026-02-02,600036,14:39:17,38.5700,122,1
2026-02-02,600036,14:39:20,38.5700,302,1
2026-02-02,600036,14:39:23,38.5700,76,2
2026-02-02,600036,14:39:26,38.5700,166,2
2026-02-02,600036,14:39:29,38.5600,199,2
2026-02-02,600036,14:39:32,38.5600,115,2
2026-02-02,600036,14:39:35,38.5600,88,2
2026-02-02,600036,14:39:38,38.5600,266,2
2026-02-02,600036,14:39:41,38.5400,248,2
2026-02-02,600036,14:39:44,38.5900,570,1
2026-02-02,600036,14:39:47,38.5500,106,2
2026-02-02,600036,14:39:50,38.5700,99,1
2026-02-02,600036,14:39:53,38.5700,101,1
2026-02-02,600036,14:39:56,38.5600,157,2
2026-02-02,600036,14:39:59,38.5700,230,1
2026-02-02,600036,14:40:02,38.5600,151,2
2026-02-02,600036,14:40:05,38.5600,192,2
2026-02-02,600036,14:40:08,38.5700,212,1
2026-02-02,600036,14:40:11,38.5500,272,2
2026-02-02,600036,14:40:14,38.5700,158,1
2026-02-02,600036,14:40:17,38.5700,33,1
2026-02-02,600036,14:40:20,38.5600,311,2
2026-02-02,600036,14:40:23,38.5600,118,1
2026-02-02,600036,14:40:26,38.5600,141,2
2026-02-02,600036,14:40:29,38.5600,96,1
2026-02-02,600036,14:40:32,38.5500,85,2
2026-02-02,600036,14:40:35,38.5600,147,1
2026-02-02,600036,14:40:38,38.5700,152,1
2026-02-02,600036,14:40:41,38.5700,178,1
2026-02-02,600036,14:40:44,38.5600,220,4
2026-02-02,600036,14:40:47,38.5600,117,1
2026-02-02,600036,14:40:50,38.5600,70,1
2026-02-02,600036,14:40:53,38.5600,119,1
2026-02-02,600036,14:40:56,38.5600,381,1
2026-02-02,600036,14:40:59,38.5700,215,1
2026-02-02,600036,14:41:02,38.5600,107,2
2026-02-02,600036,14:41:05,38.5600,19,2
2026-02-02,600036,14:41:08,38.5600,207,2
2026-02-02,600036,14:41:11,38.5700,199,1
2026-02-02,600036,14:41:14,38.5700,140,2
2026-02-02,600036,14:41:17,38.5700,21,1
2026-02-02,600036,14:41:20,38.5800,307,1
2026-02-02,600036,14:41:23,38.5900,266,1
2026-02-02,600036,14:41:26,38.5800,243,4
2026-02-02,600036,14:41:29,38.5900,230,1
2026-02-02,600036,14:41:32,38.5800,149,4
2026-02-02,600036,14:41:35,38.5700,109,2
2026-02-02,600036,14:41:38,38.5800,119,1
2026-02-02,600036,14:41:41,38.5800,443,2
2026-02-02,600036,14:41:44,38.5700,298,2
2026-02-02,600036,14:41:47,38.5900,156,1
2026-02-02,600036,14:41:50,38.5800,87,2
2026-02-02,600036,14:41:53,38.5700,137,2
2026-02-02,600036,14:41:56,38.5900,194,1
2026-02-02,600036,14:41:59,38.5700,128,2
2026-02-02,600036,14:42:02,38.5800,110,1
2026-02-02,600036,14:42:05,38.5800,242,1
2026-02-02,600036,14:42:08,38.5600,271,2
2026-02-02,600036,14:42:11,38.5600,196,2
2026-02-02,600036,14:42:14,38.5600,72,4
2026-02-02,600036,14:42:17,38.5500,197,2
2026-02-02,600036,14:42:20,38.5600,119,2
2026-02-02,600036,14:42:23,38.5600,170,2
2026-02-02,600036,14:42:26,38.5700,234,1
2026-02-02,600036,14:42:29,38.5600,172,4
2026-02-02,600036,14:42:32,38.5600,134,2
2026-02-02,600036,14:42:35,38.5600,63,2
2026-02-02,600036,14:42:38,38.5700,250,1
2026-02-02,600036,14:42:41,38.5700,93,1
2026-02-02,600036,14:42:44,38.5700,134,2
2026-02-02,600036,14:42:47,38.5700,122,1
2026-02-02,600036,14:42:50,38.5600,78,2
2026-02-02,600036,14:42:53,38.5800,171,1
2026-02-02,600036,14:42:56,38.5700,198,1
2026-02-02,600036,14:42:59,38.5700,325,2
2026-02-02,600036,14:43:02,38.5700,177,2
2026-02-02,600036,14:43:05,38.5700,125,2
2026-02-02,600036,14:43:08,38.5700,105,2
2026-02-02,600036,14:43:11,38.5700,252,2
2026-02-02,600036,14:43:14,38.5600,155,2
2026-02-02,600036,14:43:17,38.5700,315,1
2026-02-02,600036,14:43:20,38.5800,71,1
2026-02-02,600036,14:43:23,38.5700,313,2
2026-02-02,600036,14:43:26,38.5700,285,2
2026-02-02,600036,14:43:29,38.5800,79,1
2026-02-02,600036,14:43:32,38.5800,171,2
2026-02-02,600036,14:43:35,38.5800,146,2
2026-02-02,600036,14:43:38,38.5800,133,2
2026-02-02,600036,14:43:41,38.5800,185,2
2026-02-02,600036,14:43:44,38.5800,1101,1
2026-02-02,600036,14:43:47,38.5800,12,1
2026-02-02,600036,14:43:50,38.5800,87,1
2026-02-02,600036,14:43:53,38.5800,103,2
2026-02-02,600036,14:43:56,38.5700,286,2
2026-02-02,600036,14:43:59,38.5800,98,1
2026-02-02,600036,14:44:02,38.5700,246,2
2026-02-02,600036,14:44:05,38.5800,472,1
2026-02-02,600036,14:44:08,38.5600,149,2
2026-02-02,600036,14:44:11,38.5700,272,1
2026-02-02,600036,14:44:14,38.5600,299,4
2026-02-02,600036,14:44:17,38.5500,328,2
2026-02-02,600036,14:44:20,38.5400,879,2
2026-02-02,600036,14:44:23,38.5400,150,2
2026-02-02,600036,14:44:26,38.5400,351,2
2026-02-02,600036,14:44:29,38.5300,251,2
2026-02-02,600036,14:44:32,38.5400,152,1
2026-02-02,600036,14:44:35,38.5300,247,2
2026-02-02,600036,14:44:38,38.5300,386,2
2026-02-02,600036,14:44:41,38.5300,489,2
2026-02-02,600036,14:44:44,38.5300,169,2
2026-02-02,600036,14:44:47,38.5300,101,2
2026-02-02,600036,14:44:50,38.5400,132,1
2026-02-02,600036,14:44:53,38.5400,641,1
2026-02-02,600036,14:44:56,38.5200,523,2
2026-02-02,600036,14:44:59,38.5200,324,2
2026-02-02,600036,14:45:02,38.5300,299,1
2026-02-02,600036,14:45:05,38.5300,219,1
2026-02-02,600036,14:45:08,38.5200,158,2
2026-02-02,600036,14:45:11,38.5300,589,1
2026-02-02,600036,14:45:14,38.5300,161,1
2026-02-02,600036,14:45:17,38.5100,573,2
2026-02-02,600036,14:45:20,38.5300,480,1
2026-02-02,600036,14:45:23,38.5300,425,1
2026-02-02,600036,14:45:26,38.5300,192,1
2026-02-02,600036,14:45:29,38.5100,101,2
2026-02-02,600036,14:45:32,38.5100,652,2
2026-02-02,600036,14:45:35,38.5100,387,2
2026-02-02,600036,14:45:38,38.5000,679,2
2026-02-02,600036,14:45:41,38.5000,678,2
2026-02-02,600036,14:45:44,38.5000,1119,2
2026-02-02,600036,14:45:47,38.5100,1036,1
2026-02-02,600036,14:45:50,38.4800,2633,2
2026-02-02,600036,14:45:53,38.5000,569,1
2026-02-02,600036,14:45:56,38.4700,594,2
2026-02-02,600036,14:45:59,38.5100,461,1
2026-02-02,600036,14:46:02,38.5000,542,1
2026-02-02,600036,14:46:05,38.4700,494,2
2026-02-02,600036,14:46:08,38.4700,476,2
2026-02-02,600036,14:46:11,38.5000,465,1
2026-02-02,600036,14:46:14,38.4900,843,4
2026-02-02,600036,14:46:17,38.4800,224,4
2026-02-02,600036,14:46:20,38.4900,187,2
2026-02-02,600036,14:46:23,38.4900,76,2
2026-02-02,600036,14:46:26,38.4800,346,2
2026-02-02,600036,14:46:29,38.4800,453,2
2026-02-02,600036,14:46:33,38.4800,361,2
2026-02-02,600036,14:46:35,38.4700,274,2
2026-02-02,600036,14:46:38,38.4800,290,2
2026-02-02,600036,14:46:41,38.4800,287,2
2026-02-02,600036,14:46:44,38.5000,249,1
2026-02-02,600036,14:46:47,38.4900,121,2
2026-02-02,600036,14:46:50,38.5000,164,1
2026-02-02,600036,14:46:53,38.5100,199,1
2026-02-02,600036,14:46:56,38.5100,76,1
2026-02-02,600036,14:46:59,38.4900,685,2
2026-02-02,600036,14:47:02,38.4900,94,2
2026-02-02,600036,14:47:05,38.5000,187,4
2026-02-02,600036,14:47:08,38.5000,300,2
2026-02-02,600036,14:47:11,38.5000,459,2
2026-02-02,600036,14:47:14,38.4800,257,2
2026-02-02,600036,14:47:17,38.4800,804,2
2026-02-02,600036,14:47:20,38.5000,343,1
2026-02-02,600036,14:47:23,38.4700,488,2
2026-02-02,600036,14:47:26,38.4800,462,4
2026-02-02,600036,14:47:29,38.4900,632,1
2026-02-02,600036,14:47:32,38.4900,277,1
2026-02-02,600036,14:47:35,38.4800,319,2
2026-02-02,600036,14:47:38,38.5000,137,1
2026-02-02,600036,14:47:41,38.4900,86,2
2026-02-02,600036,14:47:44,38.4900,253,1
2026-02-02,600036,14:47:47,38.4900,267,1
2026-02-02,600036,14:47:50,38.4700,428,2
2026-02-02,600036,14:47:53,38.4700,176,2
2026-02-02,600036,14:47:56,38.4700,469,2
2026-02-02,600036,14:47:59,38.4600,1062,2
2026-02-02,600036,14:48:02,38.4800,713,1
2026-02-02,600036,14:48:05,38.4500,446,2
2026-02-02,600036,14:48:08,38.4500,229,2
2026-02-02,600036,14:48:11,38.4500,771,2
2026-02-02,600036,14:48:14,38.4700,940,1
2026-02-02,600036,14:48:17,38.4500,332,2
2026-02-02,600036,14:48:20,38.4500,857,2
2026-02-02,600036,14:48:23,38.4500,298,2
2026-02-02,600036,14:48:26,38.4500,326,2
2026-02-02,600036,14:48:29,38.4500,198,2
2026-02-02,600036,14:48:32,38.4600,120,1
2026-02-02,600036,14:48:35,38.4500,331,2
2026-02-02,600036,14:48:38,38.4500,113,2
2026-02-02,600036,14:48:41,38.4500,295,2
2026-02-02,600036,14:48:44,38.4500,243,2
2026-02-02,600036,14:48:47,38.4600,138,1
2026-02-02,600036,14:48:50,38.4500,367,2
2026-02-02,600036,14:48:53,38.4500,1047,2
2026-02-02,600036,14:48:56,38.4500,631,2
2026-02-02,600036,14:48:59,38.4500,588,1
2026-02-02,600036,14:49:02,38.4400,983,2
2026-02-02,600036,14:49:05,38.4500,300,1
2026-02-02,600036,14:49:08,38.4500,354,1
2026-02-02,600036,14:49:11,38.4500,442,1
2026-02-02,600036,14:49:14,38.4400,160,1
2026-02-02,600036,14:49:17,38.4300,647,2
2026-02-02,600036,14:49:20,38.4400,345,1
2026-02-02,600036,14:49:23,38.4500,597,1
2026-02-02,600036,14:49:26,38.4400,678,2
2026-02-02,600036,14:49:29,38.4500,750,1
2026-02-02,600036,14:49:32,38.4400,307,2
2026-02-02,600036,14:49:35,38.4300,290,2
2026-02-02,600036,14:49:38,38.4300,331,2
2026-02-02,600036,14:49:41,38.4400,477,4
2026-02-02,600036,14:49:44,38.4500,98,1
2026-02-02,600036,14:49:47,38.4200,384,2
2026-02-02,600036,14:49:50,38.4300,2443,2
2026-02-02,600036,14:49:53,38.4200,1079,2
2026-02-02,600036,14:49:56,38.4300,692,4
2026-02-02,600036,14:49:59,38.4400,546,1
2026-02-02,600036,14:50:02,38.4500,933,1
2026-02-02,600036,14:50:05,38.4500,360,1
2026-02-02,600036,14:50:08,38.4400,577,4
2026-02-02,600036,14:50:11,38.4300,294,2
2026-02-02,600036,14:50:14,38.4200,161,2
2026-02-02,600036,14:50:17,38.4200,363,2
2026-02-02,600036,14:50:20,38.4200,381,2
2026-02-02,600036,14:50:23,38.4300,609,1
2026-02-02,600036,14:50:26,38.4300,260,2
2026-02-02,600036,14:50:29,38.4300,509,4
2026-02-02,600036,14:50:32,38.4200,739,2
2026-02-02,600036,14:50:35,38.4300,1077,1
2026-02-02,600036,14:50:38,38.4200,1228,2
2026-02-02,600036,14:50:41,38.4200,408,1
2026-02-02,600036,14:50:44,38.4400,817,1
2026-02-02,600036,14:50:47,38.4300,310,4
2026-02-02,600036,14:50:50,38.4400,668,1
2026-02-02,600036,14:50:53,38.4400,510,1
2026-02-02,600036,14:50:56,38.4200,748,2
2026-02-02,600036,14:50:59,38.4600,820,1
2026-02-02,600036,14:51:02,38.4700,1430,1
2026-02-02,600036,14:51:05,38.4600,1011,1
2026-02-02,600036,14:51:08,38.4600,353,2
2026-02-02,600036,14:51:11,38.4600,505,2
2026-02-02,600036,14:51:14,38.4700,487,1
2026-02-02,600036,14:51:17,38.4400,349,2
2026-02-02,600036,14:51:20,38.4600,309,2
2026-02-02,600036,14:51:23,38.4800,664,1
2026-02-02,600036,14:51:26,38.4900,313,1
2026-02-02,600036,14:51:29,38.4900,629,1
2026-02-02,600036,14:51:32,38.4900,1030,2
2026-02-02,600036,14:51:35,38.4900,668,1
2026-02-02,600036,14:51:38,38.4600,483,2
2026-02-02,600036,14:51:41,38.4900,397,1
2026-02-02,600036,14:51:44,38.4900,457,1
2026-02-02,600036,14:51:47,38.4900,151,1
2026-02-02,600036,14:51:50,38.4800,230,4
2026-02-02,600036,14:51:53,38.4700,338,4
2026-02-02,600036,14:51:56,38.4600,606,1
2026-02-02,600036,14:51:59,38.4700,333,1
2026-02-02,600036,14:52:02,38.4800,213,1
2026-02-02,600036,14:52:05,38.4600,475,2
2026-02-02,600036,14:52:08,38.4700,261,2
2026-02-02,600036,14:52:11,38.4800,417,1
2026-02-02,600036,14:52:14,38.4600,416,2
2026-02-02,600036,14:52:17,38.4600,448,2
2026-02-02,600036,14:52:20,38.4700,259,2
2026-02-02,600036,14:52:23,38.4900,696,1
2026-02-02,600036,14:52:26,38.4900,242,2
2026-02-02,600036,14:52:29,38.4900,164,2
2026-02-02,600036,14:52:32,38.4900,552,1
2026-02-02,600036,14:52:35,38.4700,488,2
2026-02-02,600036,14:52:38,38.4700,540,2
2026-02-02,600036,14:52:41,38.4900,283,1
2026-02-02,600036,14:52:44,38.5000,558,2
2026-02-02,600036,14:52:47,38.4900,508,2
2026-02-02,600036,14:52:50,38.5200,991,1
2026-02-02,600036,14:52:53,38.4900,344,2
2026-02-02,600036,14:52:56,38.4800,485,2
2026-02-02,600036,14:52:59,38.5200,283,1
2026-02-02,600036,14:53:02,38.4900,1905,2
2026-02-02,600036,14:53:05,38.4700,673,2
2026-02-02,600036,14:53:08,38.4900,111,4
2026-02-02,600036,14:53:11,38.4900,127,2
2026-02-02,600036,14:53:14,38.5000,908,1
2026-02-02,600036,14:53:17,38.4900,355,2
2026-02-02,600036,14:53:20,38.4900,592,1
2026-02-02,600036,14:53:23,38.4700,391,2
2026-02-02,600036,14:53:26,38.4700,757,2
2026-02-02,600036,14:53:29,38.4800,636,2
2026-02-02,600036,14:53:32,38.4800,1057,2
2026-02-02,600036,14:53:35,38.4800,791,2
2026-02-02,600036,14:53:38,38.4800,240,2
2026-02-02,600036,14:53:41,38.5000,728,1
2026-02-02,600036,14:53:44,38.5000,1112,1
2026-02-02,600036,14:53:47,38.4800,412,2
2026-02-02,600036,14:53:50,38.5000,2072,1
2026-02-02,600036,14:53:53,38.4800,641,2
2026-02-02,600036,14:53:56,38.4700,505,2
2026-02-02,600036,14:53:59,38.5000,508,1
2026-02-02,600036,14:54:02,38.4800,927,2
2026-02-02,600036,14:54:05,38.5000,178,1
2026-02-02,600036,14:54:08,38.4800,211,2
2026-02-02,600036,14:54:11,38.5000,155,1
2026-02-02,600036,14:54:14,38.4800,290,2
2026-02-02,600036,14:54:17,38.4900,250,1
2026-02-02,600036,14:54:20,38.5000,191,1
2026-02-02,600036,14:54:23,38.4700,218,2
2026-02-02,600036,14:54:26,38.5000,238,1
2026-02-02,600036,14:54:29,38.4900,263,4
2026-02-02,600036,14:54:32,38.4800,159,2
2026-02-02,600036,14:54:35,38.4700,137,2
2026-02-02,600036,14:54:38,38.4700,916,2
2026-02-02,600036,14:54:41,38.4800,296,2
2026-02-02,600036,14:54:44,38.4800,291,2
2026-02-02,600036,14:54:47,38.5100,754,1
2026-02-02,600036,14:54:50,38.5000,289,2
2026-02-02,600036,14:54:53,38.5000,656,2
2026-02-02,600036,14:54:56,38.5100,440,1
2026-02-02,600036,14:54:59,38.5100,238,1
2026-02-02,600036,14:55:02,38.5100,375,1
2026-02-02,600036,14:55:05,38.5100,460,2
2026-02-02,600036,14:55:08,38.5200,243,1
2026-02-02,600036,14:55:11,38.5300,556,1
2026-02-02,600036,14:55:14,38.5300,685,2
2026-02-02,600036,14:55:17,38.5300,966,1
2026-02-02,600036,14:55:20,38.5400,1000,4
2026-02-02,600036,14:55:23,38.5100,584,2
2026-02-02,600036,14:55:26,38.5000,915,2
2026-02-02,600036,14:55:29,38.5000,1016,2
2026-02-02,600036,14:55:32,38.5400,311,1
2026-02-02,600036,14:55:35,38.5200,198,2
2026-02-02,600036,14:55:38,38.5400,254,1
2026-02-02,600036,14:55:41,38.5400,317,1
2026-02-02,600036,14:55:44,38.5300,332,2
2026-02-02,600036,14:55:47,38.5300,722,2
2026-02-02,600036,14:55:50,38.5400,1233,1
2026-02-02,600036,14:55:53,38.5300,1278,2
2026-02-02,600036,14:55:56,38.5300,389,1
2026-02-02,600036,14:55:59,38.5300,1331,4
2026-02-02,600036,14:56:02,38.4900,655,2
2026-02-02,600036,14:56:05,38.5300,796,1
2026-02-02,600036,14:56:08,38.5300,446,2
2026-02-02,600036,14:56:11,38.5300,1181,1
2026-02-02,600036,14:56:14,38.5600,596,1
2026-02-02,600036,14:56:17,38.5300,1054,2
2026-02-02,600036,14:56:20,38.5600,544,1
2026-02-02,600036,14:56:23,38.5600,475,1
2026-02-02,600036,14:56:26,38.5300,523,2
2026-02-02,600036,14:56:29,38.5700,324,1
2026-02-02,600036,14:56:33,38.5000,228,2
2026-02-02,600036,14:56:35,38.5600,194,1
2026-02-02,600036,14:56:38,38.5600,823,1
2026-02-02,600036,14:56:41,38.5600,1353,1
2026-02-02,600036,14:56:44,38.5600,200,1
2026-02-02,600036,14:56:47,38.5500,695,2
2026-02-02,600036,14:56:50,38.5600,114,1
2026-02-02,600036,14:56:53,38.5500,244,2
2026-02-02,600036,14:56:56,38.5600,124,1
2026-02-02,600036,14:56:59,38.5700,100,1
2026-02-02,600036,15:00:03,38.4500,22545,4
2026-02-02,600036,13:17:02,38.9400,30,2
2026-02-02,600036,13:17:05,38.9500,57,1
2026-02-02,600036,13:17:08,38.9400,88,2
2026-02-02,600036,13:17:11,38.9400,158,2
2026-02-02,600036,13:17:14,38.9500,5,1
2026-02-02,600036,13:17:17,38.9600,314,1
2026-02-02,600036,13:17:20,38.9600,12,4
2026-02-02,600036,13:17:23,38.9600,72,2
2026-02-02,600036,13:17:26,38.9600,105,2
2026-02-02,600036,13:17:29,38.9600,30,2
2026-02-02,600036,13:17:32,38.9800,388,1
2026-02-02,600036,13:17:35,38.9700,877,2
2026-02-02,600036,13:17:38,38.9600,1314,2
2026-02-02,600036,13:17:41,38.9500,96,2
2026-02-02,600036,13:17:44,38.9600,329,1
2026-02-02,600036,13:17:47,38.9500,36,4
2026-02-02,600036,13:17:50,38.9600,201,1
2026-02-02,600036,13:17:53,38.9600,79,4
2026-02-02,600036,13:17:56,38.9700,453,1
2026-02-02,600036,13:17:59,38.9500,143,2
2026-02-02,600036,13:18:02,38.9600,246,1
2026-02-02,600036,13:18:05,38.9600,123,2
2026-02-02,600036,13:18:08,38.9700,196,1
2026-02-02,600036,13:18:11,38.9700,258,1
2026-02-02,600036,13:18:14,38.9700,159,1
2026-02-02,600036,13:18:17,38.9500,38,2
2026-02-02,600036,13:18:20,38.9600,146,1
2026-02-02,600036,13:18:23,38.9500,204,2
2026-02-02,600036,13:18:26,38.9500,5,2
2026-02-02,600036,13:18:29,38.9700,83,1
2026-02-02,600036,13:18:32,38.9600,15,4
2026-02-02,600036,13:18:35,38.9600,19,1
2026-02-02,600036,13:18:38,38.9500,221,2
2026-02-02,600036,13:18:41,38.9600,177,1
2026-02-02,600036,13:18:44,38.9600,8,1
2026-02-02,600036,13:18:47,38.9600,37,1
2026-02-02,600036,13:18:50,38.9600,127,1
2026-02-02,600036,13:18:53,38.9500,48,2
2026-02-02,600036,13:18:56,38.9400,345,2
2026-02-02,600036,13:18:59,38.9500,233,1
2026-02-02,600036,13:19:02,38.9400,241,2
2026-02-02,600036,13:19:05,38.9500,142,1
2026-02-02,600036,13:19:08,38.9500,84,4
2026-02-02,600036,13:19:11,38.9400,118,2
2026-02-02,600036,13:19:14,38.9300,965,2
2026-02-02,600036,13:19:17,38.9300,295,2
2026-02-02,600036,13:19:20,38.9300,179,2
2026-02-02,600036,13:19:23,38.9100,1082,2
2026-02-02,600036,13:19:26,38.9100,1575,2
2026-02-02,600036,13:19:29,38.9000,832,2
2026-02-02,600036,13:19:32,38.9000,1539,2
2026-02-02,600036,13:19:35,38.9000,2013,2
2026-02-02,600036,13:19:38,38.9000,484,2
2026-02-02,600036,13:19:41,38.9100,305,1
2026-02-02,600036,13:19:44,38.8900,240,2
2026-02-02,600036,13:19:47,38.8900,210,2
2026-02-02,600036,13:19:50,38.8700,2123,2
2026-02-02,600036,13:19:53,38.8600,913,2
2026-02-02,600036,13:19:56,38.8700,357,1
2026-02-02,600036,13:19:59,38.8600,367,2
2026-02-02,600036,13:20:02,38.8700,169,1
2026-02-02,600036,13:20:05,38.8600,115,2
2026-02-02,600036,13:20:08,38.8700,81,1
2026-02-02,600036,13:20:11,38.8600,139,2
2026-02-02,600036,13:20:14,38.8700,100,1
2026-02-02,600036,13:20:17,38.8600,191,2
2026-02-02,600036,13:20:20,38.8600,149,2
2026-02-02,600036,13:20:23,38.8700,69,1
2026-02-02,600036,13:20:26,38.8600,316,2
2026-02-02,600036,13:20:29,38.8700,40,1
2026-02-02,600036,13:20:32,38.8700,12,1
2026-02-02,600036,13:20:35,38.8700,49,1
2026-02-02,600036,13:20:38,38.8500,651,2
2026-02-02,600036,13:20:41,38.8600,455,1
2026-02-02,600036,13:20:44,38.8500,1478,2
2026-02-02,600036,13:20:47,38.8300,689,2
2026-02-02,600036,13:20:50,38.8300,246,2
2026-02-02,600036,13:20:53,38.8300,101,2
2026-02-02,600036,13:20:56,38.8300,161,2
2026-02-02,600036,13:20:59,38.8300,611,1
2026-02-02,600036,13:21:02,38.8300,63,1
2026-02-02,600036,13:21:05,38.8300,286,1
2026-02-02,600036,13:21:08,38.8300,263,1
2026-02-02,600036,13:21:11,38.8300,349,2
2026-02-02,600036,13:21:14,38.8300,81,2
2026-02-02,600036,13:21:17,38.8200,110,2
2026-02-02,600036,13:21:20,38.8300,76,2
2026-02-02,600036,13:21:23,38.8100,1360,2
2026-02-02,600036,13:21:26,38.8100,2611,2
2026-02-02,600036,13:21:29,38.7800,4006,2
2026-02-02,600036,13:21:32,38.7800,429,2
2026-02-02,600036,13:21:35,38.7700,2750,2
2026-02-02,600036,13:21:38,38.7700,149,2
2026-02-02,600036,13:21:41,38.7800,291,1
2026-02-02,600036,13:21:44,38.7700,158,2
2026-02-02,600036,13:21:47,38.7700,249,2
2026-02-02,600036,13:21:50,38.7800,93,1
2026-02-02,600036,13:21:53,38.7800,135,2
2026-02-02,600036,13:21:56,38.7800,28,2
2026-02-02,600036,13:21:59,38.7700,220,2
2026-02-02,600036,13:22:03,38.7700,211,2
2026-02-02,600036,13:22:05,38.7600,38,2
2026-02-02,600036,13:22:08,38.7700,318,1
2026-02-02,600036,13:22:11,38.7700,529,1
2026-02-02,600036,13:22:14,38.7700,27,1
2026-02-02,600036,13:22:17,38.7700,217,1
2026-02-02,600036,13:22:20,38.7700,171,1
2026-02-02,600036,13:22:23,38.7700,286,2
2026-02-02,600036,13:22:26,38.7800,133,4
2026-02-02,600036,13:22:29,38.7700,32,2
2026-02-02,600036,13:22:32,38.7800,80,4
2026-02-02,600036,13:22:35,38.7800,99,1
2026-02-02,600036,13:22:38,38.7800,445,1
2026-02-02,600036,13:22:41,38.7900,794,1
2026-02-02,600036,13:22:44,38.7900,63,1
2026-02-02,600036,13:22:47,38.8000,109,1
2026-02-02,600036,13:22:50,38.8000,60,1
2026-02-02,600036,13:22:53,38.8000,72,1
2026-02-02,600036,13:22:56,38.8000,109,1
2026-02-02,600036,13:22:59,38.8000,111,2
2026-02-02,600036,13:23:02,38.8100,124,1
2026-02-02,600036,13:23:05,38.8100,60,1
2026-02-02,600036,13:23:08,38.8100,298,1
2026-02-02,600036,13:23:11,38.8100,188,1
2026-02-02,600036,13:23:14,38.8100,306,1
2026-02-02,600036,13:23:17,38.8200,67,1
2026-02-02,600036,13:23:20,38.8200,150,1
2026-02-02,600036,13:23:23,38.8200,1409,2
2026-02-02,600036,13:23:26,38.8200,1310,2
2026-02-02,600036,13:23:29,38.8000,363,2
2026-02-02,600036,13:23:32,38.7900,182,2
2026-02-02,600036,13:23:35,38.8100,83,1
2026-02-02,600036,13:23:38,38.8000,69,2
2026-02-02,600036,13:23:41,38.8000,137,2
2026-02-02,600036,13:23:44,38.8000,275,1
2026-02-02,600036,13:23:47,38.7900,310,2
2026-02-02,600036,13:23:50,38.7900,266,2
2026-02-02,600036,13:23:53,38.8000,482,1
2026-02-02,600036,13:23:56,38.7900,317,4
2026-02-02,600036,13:23:59,38.8000,148,1
2026-02-02,600036,13:24:02,38.7800,1805,2
2026-02-02,600036,13:24:05,38.7800,1266,2
2026-02-02,600036,13:24:08,38.7800,377,1
2026-02-02,600036,13:24:11,38.7700,140,2
2026-02-02,600036,13:24:14,38.7700,177,2
2026-02-02,600036,13:24:18,38.7700,69,2
2026-02-02,600036,13:24:20,38.7700,176,2
2026-02-02,600036,13:24:23,38.7700,281,2
2026-02-02,600036,13:24:26,38.7700,290,1
2026-02-02,600036,13:24:29,38.7700,34,1
2026-02-02,600036,13:24:32,38.7700,48,1
2026-02-02,600036,13:24:35,38.7700,666,1
2026-02-02,600036,13:24:38,38.7600,182,2
2026-02-02,600036,13:24:41,38.7600,153,2
2026-02-02,600036,13:24:44,38.7500,63,2
2026-02-02,600036,13:24:47,38.7600,65,1
2026-02-02,600036,13:24:50,38.7600,87,1
2026-02-02,600036,13:24:53,38.7600,604,1
2026-02-02,600036,13:24:56,38.7600,5,2
2026-02-02,600036,13:24:59,38.7600,288,2
2026-02-02,600036,13:25:02,38.7600,129,2
2026-02-02,600036,13:25:05,38.7700,310,1
2026-02-02,600036,13:25:08,38.7700,346,1
2026-02-02,600036,13:25:11,38.7700,65,1
2026-02-02,600036,13:25:14,38.7700,155,2
2026-02-02,600036,13:25:17,38.7800,84,1
2026-02-02,600036,13:25:20,38.7700,148,2
2026-02-02,600036,13:25:23,38.7800,151,1
2026-02-02,600036,13:25:26,38.7800,171,1
2026-02-02,600036,13:25:29,38.7700,140,2
2026-02-02,600036,13:25:32,38.7800,194,1
2026-02-02,600036,13:25:35,38.7700,397,2
2026-02-02,600036,13:25:38,38.7600,1039,2
2026-02-02,600036,13:25:42,38.7700,2610,4
2026-02-02,600036,13:25:44,38.7600,267,2
2026-02-02,600036,13:25:47,38.7700,122,1
2026-02-02,600036,13:25:50,38.7700,48,1
2026-02-02,600036,13:25:53,38.7700,139,1
2026-02-02,600036,13:25:56,38.7600,137,2
2026-02-02,600036,13:25:59,38.7600,94,1
2026-02-02,600036,13:26:02,38.7600,115,2
2026-02-02,600036,13:26:05,38.7600,291,2
2026-02-02,600036,13:26:08,38.7600,75,2
2026-02-02,600036,13:26:11,38.7600,141,2
2026-02-02,600036,13:26:14,38.7600,94,2
2026-02-02,600036,13:26:17,38.7700,69,1
2026-02-02,600036,13:26:20,38.7600,126,2
2026-02-02,600036,13:26:23,38.7600,515,2
2026-02-02,600036,13:26:26,38.7600,620,1
2026-02-02,600036,13:26:29,38.7600,304,1
2026-02-02,600036,13:26:32,38.7600,177,2
2026-02-02,600036,13:26:35,38.7600,3,2
2026-02-02,600036,13:26:38,38.7600,171,2
2026-02-02,600036,13:26:41,38.7600,52,2
2026-02-02,600036,13:26:44,38.7700,111,1
2026-02-02,600036,13:26:47,38.7700,65,1
2026-02-02,600036,13:26:50,38.7700,36,1
2026-02-02,600036,13:26:53,38.7600,88,2
2026-02-02,600036,13:26:56,38.7700,74,1
2026-02-02,600036,13:26:59,38.7700,169,1
2026-02-02,600036,13:27:02,38.7600,250,2
2026-02-02,600036,13:27:05,38.7500,2936,2
2026-02-02,600036,13:27:08,38.7300,192,2
2026-02-02,600036,13:27:11,38.7300,351,2
2026-02-02,600036,13:27:14,38.7300,211,2
2026-02-02,600036,13:27:17,38.7300,278,1
2026-02-02,600036,13:27:20,38.7200,341,2
2026-02-02,600036,13:27:23,38.7400,76,1
2026-02-02,600036,13:27:26,38.7300,265,2
2026-02-02,600036,13:27:29,38.7500,223,1
2026-02-02,600036,13:27:32,38.7300,4,2
2026-02-02,600036,13:27:35,38.7400,92,1
2026-02-02,600036,13:27:38,38.7400,113,1
2026-02-02,600036,13:27:41,38.7400,45,2
2026-02-02,600036,13:27:44,38.7400,78,1
2026-02-02,600036,13:27:47,38.7400,104,1
2026-02-02,600036,13:27:50,38.7400,174,1
2026-02-02,600036,13:27:53,38.7400,85,2
2026-02-02,600036,13:27:56,38.7500,175,2
2026-02-02,600036,13:27:59,38.7500,96,1
2026-02-02,600036,13:28:02,38.7500,346,1
2026-02-02,600036,13:28:05,38.7400,204,2
2026-02-02,600036,13:28:08,38.7400,171,2
2026-02-02,600036,13:28:11,38.7400,131,1
2026-02-02,600036,13:28:14,38.7400,290,1
2026-02-02,600036,13:28:17,38.7300,281,2
2026-02-02,600036,13:28:20,38.7200,1080,2
2026-02-02,600036,13:28:23,38.7100,454,2
2026-02-02,600036,13:28:26,38.7100,452,2
2026-02-02,600036,13:28:29,38.7100,301,2
2026-02-02,600036,13:28:32,38.7200,285,1
2026-02-02,600036,13:28:35,38.7100,682,2
2026-02-02,600036,13:28:38,38.7100,325,2
2026-02-02,600036,13:28:41,38.7200,378,2
2026-02-02,600036,13:28:44,38.7100,260,2
2026-02-02,600036,13:28:47,38.7200,576,1
2026-02-02,600036,13:28:50,38.7200,180,1
2026-02-02,600036,13:28:53,38.7200,308,2
2026-02-02,600036,13:28:56,38.7100,357,2
2026-02-02,600036,13:28:59,38.7000,247,2
2026-02-02,600036,13:29:02,38.7000,928,2
2026-02-02,600036,13:29:05,38.7100,487,4
2026-02-02,600036,13:29:08,38.7000,333,2
2026-02-02,600036,13:29:11,38.7000,585,2
2026-02-02,600036,13:29:14,38.7100,284,1
2026-02-02,600036,13:29:17,38.7100,573,1
2026-02-02,600036,13:29:20,38.7200,88,1
2026-02-02,600036,13:29:23,38.7100,402,2
2026-02-02,600036,13:29:26,38.7100,214,2
2026-02-02,600036,13:29:29,38.7000,2194,2
2026-02-02,600036,13:29:32,38.7000,593,1
2026-02-02,600036,13:29:35,38.6900,92,2
2026-02-02,600036,13:29:38,38.6900,326,2
2026-02-02,600036,13:29:41,38.6900,856,1
2026-02-02,600036,13:29:44,38.6900,2200,2
2026-02-02,600036,13:29:47,38.6800,406,2
2026-02-02,600036,13:29:50,38.6900,197,1
2026-02-02,600036,13:29:53,38.6900,449,1
2026-02-02,600036,13:29:56,38.6700,283,2
2026-02-02,600036,13:29:59,38.6800,310,2
2026-02-02,600036,13:30:02,38.6800,403,2
2026-02-02,600036,13:30:05,38.6700,138,2
2026-02-02,600036,13:30:08,38.6800,425,1
2026-02-02,600036,13:30:11,38.6800,259,1
2026-02-02,600036,13:30:14,38.6800,258,1
2026-02-02,600036,13:30:17,38.6800,311,2
2026-02-02,600036,13:30:20,38.6800,30,2
2026-02-02,600036,13:30:23,38.6800,269,2
2026-02-02,600036,13:30:26,38.6700,226,2
2026-02-02,600036,13:30:29,38.6800,239,2
2026-02-02,600036,13:30:32,38.6800,333,1
2026-02-02,600036,13:30:35,38.6500,3355,2
2026-02-02,600036,13:30:38,38.6500,1328,2
2026-02-02,600036,13:30:41,38.6500,635,2
2026-02-02,600036,13:30:44,38.6400,592,2
2026-02-02,600036,13:30:47,38.6500,1358,1
2026-02-02,600036,13:30:50,38.6500,40,1
2026-02-02,600036,13:30:53,38.6400,306,2
2026-02-02,600036,13:30:56,38.6400,266,2
2026-02-02,600036,13:30:59,38.6500,192,1
2026-02-02,600036,13:31:02,38.6500,384,1
2026-02-02,600036,13:31:05,38.6700,362,1
2026-02-02,600036,13:31:08,38.6600,508,2
2026-02-02,600036,13:31:11,38.6700,190,2
2026-02-02,600036,13:31:14,38.6700,55,1
2026-02-02,600036,13:31:17,38.6600,154,2
2026-02-02,600036,13:31:20,38.6700,92,2
2026-02-02,600036,13:31:23,38.6700,48,4
2026-02-02,600036,13:31:26,38.6600,233,2
2026-02-02,600036,13:31:29,38.6900,102,1
2026-02-02,600036,13:31:32,38.6800,24,4
2026-02-02,600036,13:31:35,38.6800,24,2
2026-02-02,600036,13:31:38,38.6800,160,2
2026-02-02,600036,13:31:41,38.6900,170,1
2026-02-02,600036,13:31:44,38.6900,7,1
2026-02-02,600036,13:31:48,38.6900,52,2
2026-02-02,600036,13:31:50,38.7100,146,1
2026-02-02,600036,13:31:53,38.7000,70,2
2026-02-02,600036,13:31:56,38.7000,123,2
2026-02-02,600036,13:31:59,38.7000,27,2
2026-02-02,600036,13:32:02,38.7100,181,1
2026-02-02,600036,13:32:05,38.7200,65,1
2026-02-02,600036,13:32:08,38.7200,151,1
2026-02-02,600036,13:32:11,38.7200,101,2
2026-02-02,600036,13:32:14,38.7300,15,1
2026-02-02,600036,13:32:17,38.7300,107,1
2026-02-02,600036,13:32:20,38.7400,242,1
2026-02-02,600036,13:32:23,38.7300,656,2
2026-02-02,600036,13:32:26,38.7300,255,2
2026-02-02,600036,13:32:29,38.7300,490,2
2026-02-02,600036,13:32:32,38.7400,194,1
2026-02-02,600036,13:32:35,38.7400,54,1
2026-02-02,600036,13:32:38,38.7600,200,1
2026-02-02,600036,13:32:41,38.7400,118,2
2026-02-02,600036,13:32:44,38.7500,217,1
2026-02-02,600036,13:32:47,38.7500,154,1
2026-02-02,600036,13:32:50,38.7400,419,2
2026-02-02,600036,13:32:53,38.7300,111,2
2026-02-02,600036,13:32:56,38.7300,410,2
2026-02-02,600036,13:32:59,38.7200,529,2
2026-02-02,600036,13:33:02,38.7200,369,1
2026-02-02,600036,13:33:05,38.7200,131,2
2026-02-02,600036,13:33:08,38.7200,113,2
2026-02-02,600036,13:33:11,38.7100,109,2
2026-02-02,600036,13:33:14,38.6900,821,2
2026-02-02,600036,13:33:17,38.7000,698,1
2026-02-02,600036,13:33:20,38.6900,136,2
2026-02-02,600036,13:33:23,38.6900,230,1
2026-02-02,600036,13:33:26,38.6800,251,2
2026-02-02,600036,13:33:29,38.6800,260,2
2026-02-02,600036,13:33:32,38.6800,145,2
2026-02-02,600036,13:33:35,38.6700,243,2
2026-02-02,600036,13:33:38,38.6700,439,2
2026-02-02,600036,13:33:41,38.6800,180,1
2026-02-02,600036,13:33:44,38.6800,163,2
2026-02-02,600036,13:33:47,38.6800,39,1
2026-02-02,600036,13:33:50,38.6800,116,1
2026-02-02,600036,13:33:53,38.6800,34,1
2026-02-02,600036,13:33:56,38.6700,186,2
2026-02-02,600036,13:33:59,38.6800,127,2
2026-02-02,600036,13:34:02,38.6700,172,2
2026-02-02,600036,13:34:05,38.6700,454,2
2026-02-02,600036,13:34:08,38.6700,103,2
2026-02-02,600036,13:34:11,38.6800,277,1
2026-02-02,600036,13:34:14,38.6700,250,2
2026-02-02,600036,13:34:17,38.6700,594,1
2026-02-02,600036,13:34:20,38.6700,161,1
2026-02-02,600036,13:34:23,38.6700,352,1
2026-02-02,600036,13:34:26,38.6700,217,2
2026-02-02,600036,13:34:29,38.6700,180,2
2026-02-02,600036,13:34:32,38.6500,5876,2
2026-02-02,600036,13:34:35,38.6300,394,2
2026-02-02,600036,13:34:38,38.6300,238,2
2026-02-02,600036,13:34:41,38.6200,308,2
2026-02-02,600036,13:34:44,38.6300,174,1
2026-02-02,600036,13:34:47,38.6200,174,2
2026-02-02,600036,13:34:50,38.6100,409,2
2026-02-02,600036,13:34:53,38.6100,212,2
2026-02-02,600036,13:34:56,38.6100,839,2
2026-02-02,600036,13:34:59,38.6000,381,2
2026-02-02,600036,13:35:02,38.6100,1468,1
2026-02-02,600036,13:35:05,38.5900,1177,2
2026-02-02,600036,13:35:08,38.5800,404,2
2026-02-02,600036,13:35:11,38.5800,1014,1
2026-02-02,600036,13:35:14,38.5900,847,1
2026-02-02,600036,13:35:17,38.6200,683,1
2026-02-02,600036,13:35:20,38.6400,121,1
2026-02-02,600036,13:35:23,38.6100,162,2
2026-02-02,600036,13:35:26,38.6400,187,1
2026-02-02,600036,13:35:29,38.6100,95,2
2026-02-02,600036,13:35:32,38.6300,254,1
2026-02-02,600036,13:35:35,38.6300,255,1
2026-02-02,600036,13:35:38,38.6300,96,1
2026-02-02,600036,13:35:41,38.6300,138,2
2026-02-02,600036,13:35:44,38.6300,268,1
2026-02-02,600036,13:35:47,38.6200,682,2
2026-02-02,600036,13:35:50,38.6200,437,1
2026-02-02,600036,13:35:53,38.6200,96,1
2026-02-02,600036,13:35:56,38.6200,242,1
2026-02-02,600036,13:35:59,38.6300,197,1
2026-02-02,600036,13:36:02,38.6200,277,2
2026-02-02,600036,13:36:05,38.6200,199,4
2026-02-02,600036,13:36:08,38.6100,215,2
2026-02-02,600036,13:36:11,38.6100,288,1
2026-02-02,600036,13:36:14,38.6100,131,1
2026-02-02,600036,13:36:17,38.6200,124,1
2026-02-02,600036,13:36:20,38.6100,329,1
2026-02-02,600036,13:36:23,38.6000,324,2
2026-02-02,600036,13:36:26,38.5800,480,2
2026-02-02,600036,13:36:29,38.5900,466,1
2026-02-02,600036,13:36:32,38.5800,288,2
2026-02-02,600036,13:36:35,38.5900,86,1
2026-02-02,600036,13:36:38,38.5800,89,2
2026-02-02,600036,13:36:41,38.5700,283,2
2026-02-02,600036,13:36:44,38.5700,177,2
2026-02-02,600036,13:36:47,38.5700,131,1
2026-02-02,600036,13:36:50,38.5700,224,1
2026-02-02,600036,13:36:53,38.5700,240,1
2026-02-02,600036,13:36:56,38.5700,256,1
2026-02-02,600036,13:36:59,38.5700,110,1
2026-02-02,600036,13:37:03,38.5700,141,1
2026-02-02,600036,13:37:05,38.5700,43,2
2026-02-02,600036,13:37:08,38.5800,257,1
2026-02-02,600036,13:37:11,38.5900,276,1
2026-02-02,600036,13:37:14,38.5900,147,1
2026-02-02,600036,13:37:17,38.5800,402,2
2026-02-02,600036,13:37:20,38.5800,280,2
2026-02-02,600036,13:37:23,38.5700,1375,2
2026-02-02,600036,13:37:26,38.5600,458,2
2026-02-02,600036,13:37:29,38.5600,253,1
2026-02-02,600036,13:37:33,38.5500,248,2
2026-02-02,600036,13:37:35,38.5700,562,1
2026-02-02,600036,13:37:38,38.5500,119,2
2026-02-02,600036,13:37:41,38.5600,337,4
2026-02-02,600036,13:37:44,38.5700,274,1
2026-02-02,600036,13:37:47,38.5600,74,2
2026-02-02,600036,13:37:50,38.5800,373,1
2026-02-02,600036,13:37:53,38.5700,248,4
2026-02-02,600036,13:37:56,38.5800,42,1
2026-02-02,600036,13:37:59,38.5800,119,2
2026-02-02,600036,13:38:02,38.5800,102,1
2026-02-02,600036,13:38:05,38.5900,216,1
2026-02-02,600036,13:38:08,38.6000,288,1
2026-02-02,600036,13:38:11,38.6000,82,1
2026-02-02,600036,13:38:14,38.5800,175,2
2026-02-02,600036,13:38:17,38.5700,735,2
2026-02-02,600036,13:38:20,38.5700,929,2
2026-02-02,600036,13:38:23,38.5600,382,2
2026-02-02,600036,13:38:26,38.5500,535,2
2026-02-02,600036,13:38:29,38.5500,1667,2
2026-02-02,600036,13:38:32,38.5400,339,2
2026-02-02,600036,13:38:35,38.5400,2849,1
2026-02-02,600036,13:38:38,38.5400,283,2
2026-02-02,600036,13:38:41,38.5400,463,1
2026-02-02,600036,13:38:44,38.5600,284,1
2026-02-02,600036,13:38:47,38.5500,738,4
2026-02-02,600036,13:38:50,38.5500,233,2
2026-02-02,600036,13:38:53,38.5700,385,1
2026-02-02,600036,13:38:56,38.5500,298,2
2026-02-02,600036,13:38:59,38.5500,108,2
2026-02-02,600036,13:39:02,38.5500,223,1
2026-02-02,600036,13:39:05,38.5500,203,1
2026-02-02,600036,13:39:08,38.5500,15,2
2026-02-02,600036,13:39:11,38.5500,75,2
2026-02-02,600036,13:39:14,38.5500,177,2
2026-02-02,600036,13:39:17,38.5600,96,1
2026-02-02,600036,13:39:20,38.5600,166,1
2026-02-02,600036,13:39:23,38.5500,558,2
2026-02-02,600036,13:39:26,38.5500,438,2
2026-02-02,600036,13:39:29,38.5400,270,2
2026-02-02,600036,13:39:33,38.5400,343,1
2026-02-02,600036,13:39:35,38.5400,177,2
2026-02-02,600036,13:39:38,38.5400,194,4
2026-02-02,600036,13:39:41,38.5600,363,1
2026-02-02,600036,13:39:44,38.5600,66,1
2026-02-02,600036,13:39:47,38.5600,64,1
2026-02-02,600036,13:39:50,38.5700,247,1
2026-02-02,600036,13:39:53,38.5600,84,2
2026-02-02,600036,13:39:56,38.5700,95,1
2026-02-02,600036,13:39:59,38.5700,162,1
2026-02-02,600036,13:40:02,38.5800,87,1
2026-02-02,600036,13:40:05,38.5700,46,2
2026-02-02,600036,13:40:08,38.5700,144,2
2026-02-02,600036,13:40:11,38.5800,15,1
2026-02-02,600036,13:40:14,38.5800,330,1
2026-02-02,600036,13:40:17,38.5700,182,2
2026-02-02,600036,13:40:20,38.5700,188,2
2026-02-02,600036,13:40:23,38.5900,125,1
2026-02-02,600036,13:40:26,38.5800,139,2
2026-02-02,600036,13:40:29,38.5900,264,1
2026-02-02,600036,13:40:32,38.6000,124,1
2026-02-02,600036,13:40:35,38.6000,20,1
2026-02-02,600036,13:40:38,38.6000,65,1
2026-02-02,600036,13:40:41,38.6000,391,1
2026-02-02,600036,13:40:44,38.6000,244,2
2026-02-02,600036,13:40:47,38.6100,189,1
2026-02-02,600036,13:40:50,38.6000,948,2
2026-02-02,600036,13:40:53,38.6100,260,1
2026-02-02,600036,13:40:56,38.6000,141,2
2026-02-02,600036,13:40:59,38.6100,84,4
2026-02-02,600036,13:41:02,38.6100,167,1
2026-02-02,600036,13:41:05,38.6200,93,1
2026-02-02,600036,13:41:08,38.6100,164,2
2026-02-02,600036,13:41:11,38.6200,140,1
2026-02-02,600036,13:41:14,38.6200,71,1
2026-02-02,600036,13:41:17,38.6200,414,1
2026-02-02,600036,13:41:20,38.6200,18,2
2026-02-02,600036,13:41:23,38.6200,288,2
2026-02-02,600036,13:41:26,38.6300,140,1
2026-02-02,600036,13:41:29,38.6300,223,1
2026-02-02,600036,13:41:32,38.6200,98,2
2026-02-02,600036,13:41:35,38.6000,3214,2
2026-02-02,600036,13:41:38,38.6000,172,1
2026-02-02,600036,13:41:41,38.5900,125,2
2026-02-02,600036,13:41:44,38.5800,103,2
2026-02-02,600036,13:41:47,38.5900,164,1
2026-02-02,600036,13:41:50,38.5800,106,2
2026-02-02,600036,13:41:53,38.5700,1204,2
2026-02-02,600036,13:41:56,38.5500,350,2
2026-02-02,600036,13:41:59,38.5700,14,4
2026-02-02,600036,13:42:02,38.5900,475,1
2026-02-02,600036,13:42:05,38.5500,222,2
2026-02-02,600036,13:42:08,38.5600,803,1
2026-02-02,600036,13:42:11,38.5600,934,2
2026-02-02,600036,13:42:14,38.5600,546,2
2026-02-02,600036,13:42:17,38.5800,35,1
2026-02-02,600036,13:42:20,38.5900,301,1
2026-02-02,600036,13:42:23,38.5800,50,1
2026-02-02,600036,13:42:26,38.5700,136,2
2026-02-02,600036,13:42:29,38.5900,95,1
2026-02-02,600036,13:42:32,38.5800,42,4
2026-02-02,600036,13:42:35,38.5700,276,2
2026-02-02,600036,13:42:38,38.5700,150,2
2026-02-02,600036,13:42:41,38.5900,80,1
2026-02-02,600036,13:42:44,38.5900,150,1
2026-02-02,600036,13:42:47,38.5900,237,1
2026-02-02,600036,13:42:50,38.5900,174,1
2026-02-02,600036,13:42:53,38.5900,89,1
2026-02-02,600036,13:42:56,38.5900,100,1
2026-02-02,600036,13:42:59,38.5900,163,1
2026-02-02,600036,13:43:03,38.5900,37,1
2026-02-02,600036,13:43:05,38.5900,155,4
2026-02-02,600036,13:43:08,38.5900,38,1
2026-02-02,600036,13:43:11,38.5800,236,2
2026-02-02,600036,13:43:14,38.5800,86,2
2026-02-02,600036,13:43:17,38.5900,163,1
2026-02-02,600036,13:43:20,38.5800,116,2
2026-02-02,600036,13:43:23,38.5800,366,2
2026-02-02,600036,13:43:26,38.5900,89,2
2026-02-02,600036,13:43:29,38.5800,112,2
2026-02-02,600036,13:43:32,38.5900,150,1
2026-02-02,600036,13:43:35,38.5900,77,1
2026-02-02,600036,13:43:38,38.5700,3392,2
2026-02-02,600036,13:43:41,38.5600,1175,2
2026-02-02,600036,13:43:44,38.5600,410,1
2026-02-02,600036,13:43:47,38.5600,278,1
2026-02-02,600036,13:43:50,38.5600,364,1
2026-02-02,600036,13:43:53,38.5600,255,1
2026-02-02,600036,13:43:56,38.5600,170,1
2026-02-02,600036,13:43:59,38.5600,188,1
2026-02-02,600036,13:44:02,38.5600,99,2
2026-02-02,600036,13:44:05,38.5600,403,1
2026-02-02,600036,13:44:08,38.5500,304,2
2026-02-02,600036,13:44:11,38.5400,474,2
2026-02-02,600036,13:44:14,38.5300,311,2
2026-02-02,600036,13:44:17,38.5400,363,1
2026-02-02,600036,13:44:20,38.5300,78,2
2026-02-02,600036,13:44:23,38.5400,99,1
2026-02-02,600036,13:44:26,38.5400,299,1
2026-02-02,600036,13:44:29,38.5400,141,1
2026-02-02,600036,13:44:32,38.5400,38,1
2026-02-02,600036,13:44:35,38.5400,502,1
2026-02-02,600036,13:44:38,38.5500,36,4
2026-02-02,600036,13:44:41,38.5400,379,2
2026-02-02,600036,13:44:44,38.5600,2,1
2026-02-02,600036,13:44:47,38.5500,6,2
2026-02-02,600036,13:44:50,38.5500,55,2
2026-02-02,600036,13:44:54,38.5600,146,1
2026-02-02,600036,13:44:56,38.5500,240,2
2026-02-02,600036,13:44:59,38.5500,173,1
2026-02-02,600036,13:45:02,38.5400,151,2
2026-02-02,600036,13:45:05,38.5400,269,2
2026-02-02,600036,13:45:08,38.5600,73,1
2026-02-02,600036,13:45:11,38.5500,88,2
2026-02-02,600036,13:45:14,38.5400,612,2
2026-02-02,600036,13:45:17,38.5400,318,1
2026-02-02,600036,13:45:20,38.5300,348,2
2026-02-02,600036,13:45:23,38.5400,92,1
2026-02-02,600036,13:45:26,38.5400,313,1
2026-02-02,600036,13:45:29,38.5300,289,4
2026-02-02,600036,13:45:32,38.5400,413,1
2026-02-02,600036,13:45:35,38.5400,168,1
2026-02-02,600036,13:45:38,38.5400,78,2
2026-02-02,600036,13:45:41,38.5400,205,2
2026-02-02,600036,13:45:44,38.5500,102,2
2026-02-02,600036,13:45:47,38.5600,544,1
2026-02-02,600036,13:45:50,38.5500,108,2
2026-02-02,600036,13:45:53,38.5600,706,1
2026-02-02,600036,13:45:56,38.5500,228,2
2026-02-02,600036,13:45:59,38.5500,229,1
2026-02-02,600036,13:46:02,38.5500,210,2
2026-02-02,600036,13:46:05,38.5600,268,1
2026-02-02,600036,13:46:08,38.5500,320,1
2026-02-02,600036,13:46:11,38.5500,105,2
2026-02-02,600036,13:46:14,38.5600,30,1
2026-02-02,600036,13:46:17,38.5600,92,1
2026-02-02,600036,13:46:20,38.5600,218,1
2026-02-02,600036,13:46:23,38.5500,239,2
2026-02-02,600036,13:46:26,38.5600,41,2
2026-02-02,600036,13:46:29,38.5600,85,1
2026-02-02,600036,13:46:32,38.5600,178,1
2026-02-02,600036,13:46:35,38.5500,522,2
2026-02-02,600036,13:46:38,38.5400,1516,2
2026-02-02,600036,13:46:41,38.5300,466,2
2026-02-02,600036,13:46:44,38.5200,348,2
2026-02-02,600036,13:46:47,38.5200,366,2
2026-02-02,600036,13:46:50,38.5200,147,2
2026-02-02,600036,13:46:53,38.5200,148,2
2026-02-02,600036,13:46:56,38.5300,295,1
2026-02-02,600036,13:46:59,38.5300,119,1
2026-02-02,600036,13:47:02,38.5200,274,2
2026-02-02,600036,13:47:05,38.5200,84,2
2026-02-02,600036,13:47:08,38.5200,118,2
2026-02-02,600036,13:47:11,38.5300,338,1
2026-02-02,600036,13:47:14,38.5300,233,1
2026-02-02,600036,13:47:17,38.5100,1263,2
2026-02-02,600036,13:47:20,38.5000,8516,2
2026-02-02,600036,13:47:23,38.5000,1031,1
2026-02-02,600036,13:47:26,38.5100,600,1
2026-02-02,600036,13:47:29,38.4900,359,2
2026-02-02,600036,13:47:32,38.5000,768,1
2026-02-02,600036,13:47:35,38.5000,251,1
2026-02-02,600036,13:47:38,38.5000,526,2
2026-02-02,600036,13:47:41,38.5200,322,1
2026-02-02,600036,13:47:44,38.5200,385,1
2026-02-02,600036,13:47:47,38.5000,204,2
2026-02-02,600036,13:47:50,38.5200,210,1
2026-02-02,600036,13:47:53,38.5000,2362,2
2026-02-02,600036,13:47:56,38.5000,175,1
2026-02-02,600036,13:47:59,38.5100,266,1
2026-02-02,600036,13:48:02,38.5100,169,1
2026-02-02,600036,13:48:05,38.5000,324,4
2026-02-02,600036,13:48:08,38.5000,179,1
2026-02-02,600036,13:48:11,38.4900,211,2
2026-02-02,600036,13:48:14,38.4800,400,2
2026-02-02,600036,13:48:17,38.4800,167,2
2026-02-02,600036,13:48:20,38.5000,150,1
2026-02-02,600036,13:48:23,38.5000,36,1
2026-02-02,600036,13:48:26,38.5000,185,1
2026-02-02,600036,13:48:29,38.5000,1307,1
2026-02-02,600036,13:48:32,38.5100,1042,1
2026-02-02,600036,13:48:35,38.5400,561,1
2026-02-02,600036,13:48:38,38.5300,270,1
2026-02-02,600036,13:48:41,38.5300,129,1
2026-02-02,600036,13:48:44,38.5200,95,2
2026-02-02,600036,13:48:47,38.5300,181,1
2026-02-02,600036,13:48:50,38.5200,214,2
2026-02-02,600036,13:48:53,38.4900,369,2
2026-02-02,600036,13:48:56,38.5000,554,1
2026-02-02,600036,13:48:59,38.4900,94,2
2026-02-02,600036,13:49:02,38.4900,388,1
2026-02-02,600036,13:49:05,38.4800,235,2
2026-02-02,600036,13:49:08,38.4800,248,4
2026-02-02,600036,13:49:11,38.4800,267,2
2026-02-02,600036,13:49:14,38.4900,1429,1
2026-02-02,600036,13:49:17,38.4900,33,2
2026-02-02,600036,13:49:20,38.4900,120,2
2026-02-02,600036,13:49:23,38.4700,508,2
2026-02-02,600036,13:49:26,38.5000,90,1
2026-02-02,600036,13:49:29,38.4900,107,2
2026-02-02,600036,13:49:32,38.5000,55,1
2026-02-02,600036,13:49:35,38.5000,180,1
2026-02-02,600036,13:49:38,38.4900,251,2
2026-02-02,600036,13:49:41,38.5100,608,1
2026-02-02,600036,13:49:44,38.5100,131,2
2026-02-02,600036,13:49:47,38.5100,51,1
2026-02-02,600036,13:49:50,38.5100,22,1
2026-02-02,600036,13:49:53,38.5000,74,2
2026-02-02,600036,13:49:56,38.5100,255,1
2026-02-02,600036,13:49:59,38.5100,74,1
2026-02-02,600036,13:50:02,38.5300,281,1
2026-02-02,600036,13:50:05,38.5100,94,2
2026-02-02,600036,13:50:08,38.5300,52,1
2026-02-02,600036,13:50:11,38.5300,213,1
2026-02-02,600036,13:50:14,38.5300,233,1
2026-02-02,600036,13:50:17,38.5200,90,2
2026-02-02,600036,13:50:20,38.5300,45,4
2026-02-02,600036,13:50:23,38.5300,67,2
2026-02-02,600036,13:50:26,38.5200,925,2
2026-02-02,600036,13:50:29,38.5300,240,1
2026-02-02,600036,13:50:32,38.5400,14,1
2026-02-02,600036,13:50:35,38.5300,51,2
2026-02-02,600036,13:50:38,38.5400,121,1
2026-02-02,600036,13:50:41,38.5500,198,1
2026-02-02,600036,13:50:44,38.5500,125,1
2026-02-02,600036,13:50:47,38.5500,236,1
2026-02-02,600036,13:50:50,38.5500,28,4
2026-02-02,600036,13:50:53,38.5600,182,1
2026-02-02,600036,13:50:56,38.5500,817,2
2026-02-02,600036,13:50:59,38.5600,94,1
2026-02-02,600036,13:51:02,38.5600,39,2
2026-02-02,600036,13:51:05,38.5600,328,2
2026-02-02,600036,13:51:08,38.5600,496,2
2026-02-02,600036,13:51:11,38.5700,692,1
2026-02-02,600036,13:51:14,38.5600,1666,2
2026-02-02,600036,13:51:17,38.5600,348,1
2026-02-02,600036,13:51:20,38.5500,261,2
2026-02-02,600036,13:51:23,38.5500,59,1
2026-02-02,600036,13:51:26,38.5500,53,2
2026-02-02,600036,13:51:29,38.5500,215,1
2026-02-02,600036,13:51:32,38.5400,541,2
2026-02-02,600036,13:51:35,38.5500,191,4
2026-02-02,600036,13:51:38,38.5500,214,1
2026-02-02,600036,13:51:41,38.5400,205,2
2026-02-02,600036,13:51:44,38.5300,1254,2
2026-02-02,600036,13:51:47,38.5400,94,1
2026-02-02,600036,13:51:50,38.5600,345,1
2026-02-02,600036,13:51:53,38.5400,86,2
2026-02-02,600036,13:51:56,38.5400,330,2
2026-02-02,600036,13:51:59,38.5600,88,1
2026-02-02,600036,13:52:02,38.5400,257,2
2026-02-02,600036,13:52:06,38.5200,362,2
2026-02-02,600036,13:52:08,38.5300,208,1
2026-02-02,600036,13:52:11,38.5300,203,1
2026-02-02,600036,13:52:14,38.5200,100,2
2026-02-02,600036,13:52:17,38.5100,378,2
2026-02-02,600036,13:52:20,38.5200,124,1
2026-02-02,600036,13:52:23,38.5100,215,2
2026-02-02,600036,13:52:26,38.5100,96,2
2026-02-02,600036,13:52:29,38.5200,152,1
2026-02-02,600036,13:52:32,38.5100,208,2
2026-02-02,600036,13:52:35,38.5100,16,2
2026-02-02,600036,13:52:38,38.5100,218,2
2026-02-02,600036,13:52:41,38.5000,1150,2
2026-02-02,600036,13:52:44,38.4900,344,2
2026-02-02,600036,13:52:47,38.4800,493,2
2026-02-02,600036,13:52:50,38.4800,357,2
2026-02-02,600036,13:52:53,38.4700,456,2
2026-02-02,600036,13:52:56,38.4800,342,1
2026-02-02,600036,13:52:59,38.4800,233,1
2026-02-02,600036,13:53:02,38.4800,398,1
2026-02-02,600036,13:53:05,38.4800,409,1
2026-02-02,600036,13:53:08,38.4800,64,2
2026-02-02,600036,13:53:11,38.4800,180,2
2026-02-02,600036,13:53:14,38.4700,293,2
2026-02-02,600036,13:53:17,38.4800,257,1
2026-02-02,600036,13:53:20,38.4700,239,2
2026-02-02,600036,13:53:23,38.4600,837,2
2026-02-02,600036,13:53:26,38.4600,1205,2
2026-02-02,600036,13:53:29,38.4600,948,2
2026-02-02,600036,13:53:32,38.4600,1132,1
2026-02-02,600036,13:53:35,38.4400,1391,2
2026-02-02,600036,13:53:38,38.4400,438,1
2026-02-02,600036,13:53:41,38.4200,192,2
2026-02-02,600036,13:53:44,38.4300,385,1
2026-02-02,600036,13:53:47,38.4200,222,2
2026-02-02,600036,13:53:50,38.4300,520,2
2026-02-02,600036,13:53:53,38.4300,169,4
2026-02-02,600036,13:53:56,38.4300,979,2
2026-02-02,600036,13:53:59,38.4400,202,1
2026-02-02,600036,13:54:02,38.4400,543,1
2026-02-02,600036,13:54:05,38.4200,132,2
2026-02-02,600036,13:54:08,38.4200,322,2
2026-02-02,600036,13:54:11,38.4200,379,1
2026-02-02,600036,13:54:14,38.4300,188,1
2026-02-02,600036,13:54:17,38.4300,87,1
2026-02-02,600036,13:54:20,38.4200,350,2
2026-02-02,600036,13:54:23,38.4300,130,1
2026-02-02,600036,13:54:27,38.4300,207,1
2026-02-02,600036,13:54:29,38.4300,202,1
2026-02-02,600036,13:54:32,38.4200,272,2
2026-02-02,600036,13:54:35,38.4300,255,1
2026-02-02,600036,13:54:38,38.4200,217,2
2026-02-02,600036,13:54:41,38.4300,268,1
2026-02-02,600036,13:54:44,38.4200,436,2
2026-02-02,600036,13:54:47,38.4300,30,4
2026-02-02,600036,13:54:50,38.4400,399,1
2026-02-02,600036,13:54:53,38.4300,266,2
2026-02-02,600036,13:54:56,38.4400,393,1
2026-02-02,600036,13:54:59,38.4400,272,1
2026-02-02,600036,13:55:02,38.4400,65,4
2026-02-02,600036,13:55:05,38.4500,2582,1
2026-02-02,600036,13:55:08,38.4700,770,1
2026-02-02,600036,13:55:11,38.4800,170,1
2026-02-02,600036,13:55:14,38.4800,29,1
2026-02-02,600036,13:55:17,38.4800,111,1
2026-02-02,600036,13:55:20,38.4900,12,1
2026-02-02,600036,13:55:23,38.4800,104,2
2026-02-02,600036,13:55:26,38.4900,266,1
2026-02-02,600036,13:55:29,38.4900,426,1
2026-02-02,600036,13:55:32,38.4900,617,1
2026-02-02,600036,13:55:35,38.4900,121,1
2026-02-02,600036,13:55:38,38.4800,292,2
2026-02-02,600036,13:55:41,38.4900,313,1
2026-02-02,600036,13:55:44,38.5000,566,1
2026-02-02,600036,13:55:47,38.5000,122,1
2026-02-02,600036,13:55:50,38.5100,195,1
2026-02-02,600036,13:55:53,38.5000,97,4
2026-02-02,600036,13:55:56,38.5000,176,1
2026-02-02,600036,13:55:59,38.5100,645,1
2026-02-02,600036,13:56:02,38.5200,114,1
2026-02-02,600036,13:56:05,38.5000,427,2
2026-02-02,600036,13:56:08,38.5000,184,1
2026-02-02,600036,13:56:11,38.5100,191,1
2026-02-02,600036,13:56:14,38.5100,149,2
2026-02-02,600036,13:56:17,38.5000,359,2
2026-02-02,600036,13:56:20,38.5100,43,1
2026-02-02,600036,13:56:23,38.5100,63,1
2026-02-02,600036,13:56:26,38.5000,465,2
2026-02-02,600036,13:56:29,38.5000,415,1
2026-02-02,600036,13:56:32,38.5000,140,1
2026-02-02,600036,13:56:35,38.5000,255,1
2026-02-02,600036,13:56:38,38.4900,222,4
2026-02-02,600036,13:56:41,38.5000,212,1
2026-02-02,600036,13:56:44,38.5100,48,1
2026-02-02,600036,13:56:47,38.5000,55,2
2026-02-02,600036,13:56:50,38.5000,20,2
2026-02-02,600036,13:56:53,38.5000,175,2
2026-02-02,600036,13:56:56,38.5100,148,1
2026-02-02,600036,13:56:59,38.5100,66,1
2026-02-02,600036,13:57:02,38.5100,155,1
2026-02-02,600036,13:57:05,38.5100,334,1
2026-02-02,600036,13:57:08,38.5100,110,1
2026-02-02,600036,13:57:11,38.5100,117,1
2026-02-02,600036,13:57:14,38.5000,141,2
2026-02-02,600036,13:57:17,38.5100,175,1
2026-02-02,600036,13:57:20,38.5100,16,2
2026-02-02,600036,13:57:23,38.5100,49,2
2026-02-02,600036,13:57:26,38.5200,277,1
2026-02-02,600036,13:57:29,38.5200,120,1
2026-02-02,600036,13:57:32,38.5200,101,1
2026-02-02,600036,13:57:35,38.5100,193,2
2026-02-02,600036,13:57:38,38.5300,231,1
2026-02-02,600036,13:57:41,38.5200,272,2
2026-02-02,600036,13:57:44,38.5200,108,1
2026-02-02,600036,13:57:47,38.5200,619,1
2026-02-02,600036,13:57:50,38.5200,206,1
2026-02-02,600036,13:57:53,38.5200,261,1
2026-02-02,600036,13:57:56,38.5100,277,2
2026-02-02,600036,13:57:59,38.5200,138,1
2026-02-02,600036,13:58:02,38.5200,212,1
2026-02-02,600036,13:58:05,38.5200,37,1
2026-02-02,600036,13:58:08,38.5200,154,2
2026-02-02,600036,13:58:11,38.5200,288,2
2026-02-02,600036,13:58:14,38.5200,51,1
2026-02-02,600036,13:58:17,38.5200,123,1
2026-02-02,600036,13:58:20,38.5200,181,1
2026-02-02,600036,13:58:23,38.5200,123,1
2026-02-02,600036,13:58:26,38.5200,404,1
2026-02-02,600036,13:58:29,38.5100,1717,2
2026-02-02,600036,13:58:33,38.5100,259,1
2026-02-02,600036,13:58:35,38.5000,248,2
2026-02-02,600036,13:58:38,38.5100,89,1
2026-02-02,600036,13:58:41,38.5100,96,1
2026-02-02,600036,13:58:44,38.5100,211,1
2026-02-02,600036,13:58:47,38.5100,122,1
2026-02-02,600036,13:58:50,38.5000,38,2
2026-02-02,600036,13:58:53,38.5100,141,1
2026-02-02,600036,13:58:56,38.5000,338,2
2026-02-02,600036,13:58:59,38.5100,53,1
2026-02-02,600036,13:59:02,38.5100,258,1
2026-02-02,600036,13:59:05,38.5000,94,2
2026-02-02,600036,13:59:08,38.5100,83,1
2026-02-02,600036,13:59:11,38.5100,159,1
2026-02-02,600036,13:59:14,38.5100,181,1
2026-02-02,600036,13:59:17,38.5100,159,1
2026-02-02,600036,13:59:20,38.5100,54,2
2026-02-02,600036,13:59:23,38.5100,97,2
2026-02-02,600036,13:59:26,38.5200,153,1
2026-02-02,600036,13:59:29,38.5100,495,2
2026-02-02,600036,13:59:32,38.5100,267,1
2026-02-02,600036,13:59:35,38.5200,24,1
2026-02-02,600036,13:59:38,38.5100,63,2
2026-02-02,600036,13:59:41,38.5100,317,2
2026-02-02,600036,13:59:44,38.5100,56,1
2026-02-02,600036,13:59:47,38.5100,1315,1
2026-02-02,600036,13:59:50,38.5000,341,2
2026-02-02,600036,13:59:53,38.5000,1418,2
2026-02-02,600036,13:59:56,38.5000,248,1
2026-02-02,600036,13:59:59,38.4900,255,1
2026-02-02,600036,14:00:02,38.4800,195,2
2026-02-02,600036,14:00:05,38.4800,25,4
2026-02-02,600036,14:00:08,38.4800,42,2
2026-02-02,600036,14:00:11,38.4800,83,1
2026-02-02,600036,14:00:14,38.4800,960,2
2026-02-02,600036,14:00:17,38.4900,57,4
2026-02-02,600036,14:00:20,38.5100,179,1
2026-02-02,600036,14:00:23,38.5100,149,1
2026-02-02,600036,14:00:26,38.5000,257,2
2026-02-02,600036,14:00:29,38.5100,97,1
2026-02-02,600036,14:00:32,38.5100,93,1
2026-02-02,600036,14:00:35,38.5100,38,1
2026-02-02,600036,14:00:38,38.5000,243,2
2026-02-02,600036,14:00:41,38.5200,182,1
2026-02-02,600036,14:00:44,38.5100,9,2
2026-02-02,600036,14:00:47,38.5200,298,1
2026-02-02,600036,14:00:50,38.5400,564,1
2026-02-02,600036,14:00:53,38.5400,184,1
2026-02-02,600036,14:00:56,38.5300,50,2
2026-02-02,600036,14:00:59,38.5400,350,1
2026-02-02,600036,14:01:02,38.5500,232,1
2026-02-02,600036,14:01:05,38.5400,509,2
2026-02-02,600036,14:01:08,38.5300,895,2
2026-02-02,600036,14:01:11,38.5100,485,2
2026-02-02,600036,14:01:14,38.5200,468,1
2026-02-02,600036,14:01:17,38.5200,209,1
2026-02-02,600036,14:01:20,38.5200,87,1
2026-02-02,600036,14:01:23,38.5200,192,1
2026-02-02,600036,14:01:26,38.5200,219,1
2026-02-02,600036,14:01:29,38.5200,115,1
2026-02-02,600036,14:01:32,38.5200,90,1
2026-02-02,600036,14:01:35,38.5300,90,1
2026-02-02,600036,14:01:38,38.5200,69,2
2026-02-02,600036,14:01:41,38.5300,131,1
2026-02-02,600036,14:01:44,38.5200,108,2
2026-02-02,600036,14:01:47,38.5100,862,2
2026-02-02,600036,14:01:50,38.5100,255,2
2026-02-02,600036,14:01:53,38.5100,484,1
2026-02-02,600036,14:01:56,38.5000,155,2
2026-02-02,600036,14:01:59,38.5000,239,2
2026-02-02,600036,14:02:02,38.5100,847,1
2026-02-02,600036,14:02:05,38.4900,164,2
2026-02-02,600036,14:02:08,38.4900,268,2
2026-02-02,600036,14:02:11,38.5000,320,1
2026-02-02,600036,14:02:14,38.5000,208,1
2026-02-02,600036,14:02:17,38.4900,198,2
2026-02-02,600036,14:02:20,38.4900,88,2
2026-02-02,600036,14:02:23,38.4900,320,2
2026-02-02,600036,14:02:26,38.4900,245,1
2026-02-02,600036,14:02:29,38.4900,186,1
2026-02-02,600036,14:02:32,38.4900,89,1
2026-02-02,600036,14:02:35,38.5000,296,1
2026-02-02,600036,14:02:38,38.5000,303,1
2026-02-02,600036,14:02:41,38.5100,179,1
2026-02-02,600036,14:02:44,38.5100,203,1
2026-02-02,600036,14:02:47,38.5100,23,1
2026-02-02,600036,14:02:50,38.5100,105,1
2026-02-02,600036,14:02:53,38.5200,51,1
2026-02-02,600036,14:02:56,38.5100,159,2
2026-02-02,600036,14:02:59,38.5100,718,2
2026-02-02,600036,14:03:02,38.5100,219,2
2026-02-02,600036,14:03:05,38.5100,95,1
2026-02-02,600036,14:03:08,38.5000,154,2
2026-02-02,600036,14:03:11,38.5000,269,1
2026-02-02,600036,14:03:14,38.5000,128,1
2026-02-02,600036,14:03:17,38.5000,151,1
2026-02-02,600036,14:03:20,38.5000,54,1
2026-02-02,600036,14:03:23,38.5000,320,1
2026-02-02,600036,14:03:26,38.5100,200,1
2026-02-02,600036,14:03:29,38.5100,69,1
2026-02-02,600036,14:03:32,38.5200,284,1
2026-02-02,600036,14:03:35,38.5200,15,1
2026-02-02,600036,14:03:38,38.5300,278,1
2026-02-02,600036,14:03:41,38.5200,119,2
2026-02-02,600036,14:03:44,38.5300,182,1
2026-02-02,600036,14:03:47,38.5200,68,2
2026-02-02,600036,14:03:50,38.5200,220,2
2026-02-02,600036,14:03:53,38.5300,166,1
2026-02-02,600036,14:03:56,38.5400,114,1
2026-02-02,600036,14:03:59,38.5400,56,1
2026-02-02,600036,14:04:02,38.5400,224,1
2026-02-02,600036,14:04:05,38.5500,24,1
2026-02-02,600036,14:04:08,38.5500,76,1
2026-02-02,600036,14:04:11,38.5700,549,1
2026-02-02,600036,14:04:14,38.5700,125,1
2026-02-02,600036,14:04:17,38.5700,76,1
2026-02-02,600036,14:04:20,38.5500,790,2
2026-02-02,600036,14:04:23,38.5600,468,1
2026-02-02,600036,14:04:26,38.5600,177,1
2026-02-02,600036,14:04:29,38.5400,845,2
2026-02-02,600036,14:04:32,38.5400,445,1
2026-02-02,600036,14:04:35,38.5400,219,1
2026-02-02,600036,14:04:38,38.5400,145,1
2026-02-02,600036,14:04:41,38.5400,154,2
2026-02-02,600036,14:04:44,38.5500,138,1
2026-02-02,600036,14:04:47,38.5500,19,1
2026-02-02,600036,14:04:50,38.5600,40,1
2026-02-02,600036,14:04:53,38.5600,9,1
2026-02-02,600036,14:04:56,38.5500,466,2
2026-02-02,600036,14:04:59,38.5500,172,2
2026-02-02,600036,14:05:02,38.5600,285,1
2026-02-02,600036,14:05:05,38.5800,923,1
2026-02-02,600036,14:05:08,38.5800,95,1
2026-02-02,600036,14:05:11,38.5800,140,1
2026-02-02,600036,14:05:14,38.5700,164,2
2026-02-02,600036,14:05:17,38.5700,94,4
2026-02-02,600036,14:05:20,38.5800,189,1
2026-02-02,600036,14:05:23,38.5800,393,1
2026-02-02,600036,14:05:26,38.5800,155,1
2026-02-02,600036,14:05:29,38.5800,198,1
2026-02-02,600036,14:05:32,38.5900,178,1
2026-02-02,600036,14:05:35,38.5900,66,1
2026-02-02,600036,14:05:38,38.5900,68,1
2026-02-02,600036,14:05:41,38.5800,738,2
2026-02-02,600036,14:05:44,38.5900,623,1
2026-02-02,600036,14:05:47,38.5800,519,1
2026-02-02,600036,14:05:50,38.5900,70,1
2026-02-02,600036,14:05:53,38.5900,10,1
2026-02-02,600036,14:05:56,38.5900,635,1
2026-02-02,600036,14:05:59,38.5800,620,2
2026-02-02,600036,14:06:02,38.5800,253,1
2026-02-02,600036,14:06:05,38.5800,254,1
2026-02-02,600036,14:06:08,38.5700,788,2
2026-02-02,600036,14:06:11,38.5800,325,1
2026-02-02,600036,14:06:14,38.5800,71,1
2026-02-02,600036,14:06:17,38.5700,26,2
2026-02-02,600036,14:06:20,38.5800,61,1
2026-02-02,600036,14:06:23,38.5800,183,1
2026-02-02,600036,14:06:26,38.5900,164,1
2026-02-02,600036,14:06:29,38.5800,158,1
2026-02-02,600036,14:06:32,38.5900,89,1
2026-02-02,600036,14:06:35,38.5800,146,2
2026-02-02,600036,14:06:38,38.5900,381,1
2026-02-02,600036,14:06:41,38.6000,192,1
2026-02-02,600036,14:06:44,38.5900,36,2
2026-02-02,600036,14:06:47,38.6000,54,1
2026-02-02,600036,14:06:50,38.5900,14,2
2026-02-02,600036,14:06:53,38.5900,346,2
2026-02-02,600036,14:06:56,38.6000,245,1
2026-02-02,600036,14:06:59,38.6100,71,1
2026-02-02,600036,10:56:56,39.1700,215,2
2026-02-02,600036,10:56:59,39.1600,130,2
2026-02-02,600036,10:57:02,39.1500,431,2
2026-02-02,600036,10:57:05,39.1400,542,2
2026-02-02,600036,10:57:08,39.1400,200,2
2026-02-02,600036,10:57:11,39.1200,217,2
2026-02-02,600036,10:57:14,39.1400,134,1
2026-02-02,600036,10:57:17,39.1100,178,2
2026-02-02,600036,10:57:20,39.1100,72,2
2026-02-02,600036,10:57:23,39.1100,304,2
2026-02-02,600036,10:57:26,39.1000,247,2
2026-02-02,600036,10:57:29,39.1100,94,1
2026-02-02,600036,10:57:32,39.1000,29,2
2026-02-02,600036,10:57:35,39.1100,5,1
2026-02-02,600036,10:57:38,39.1100,126,1
2026-02-02,600036,10:57:41,39.1200,35,1
2026-02-02,600036,10:57:44,39.1000,91,2
2026-02-02,600036,10:57:47,39.1100,155,1
2026-02-02,600036,10:57:50,39.1200,43,1
2026-02-02,600036,10:57:53,39.1000,70,2
2026-02-02,600036,10:57:56,39.1000,30,2
2026-02-02,600036,10:57:59,39.1100,186,1
2026-02-02,600036,10:58:02,39.1000,333,2
2026-02-02,600036,10:58:05,39.1000,131,1
2026-02-02,600036,10:58:08,39.0900,204,2
2026-02-02,600036,10:58:11,39.1000,88,1
2026-02-02,600036,10:58:14,39.0900,41,2
2026-02-02,600036,10:58:17,39.0800,45,2
2026-02-02,600036,10:58:20,39.0900,48,1
2026-02-02,600036,10:58:23,39.0900,85,1
2026-02-02,600036,10:58:26,39.0900,112,1
2026-02-02,600036,10:58:29,39.0900,33,1
2026-02-02,600036,10:58:32,39.0800,127,2
2026-02-02,600036,10:58:35,39.0900,63,1
2026-02-02,600036,10:58:38,39.0900,170,2
2026-02-02,600036,10:58:41,39.1000,103,1
2026-02-02,600036,10:58:44,39.1000,162,1
2026-02-02,600036,10:58:47,39.1200,216,1
2026-02-02,600036,10:58:50,39.1000,77,2
2026-02-02,600036,10:58:53,39.1300,261,1
2026-02-02,600036,10:58:56,39.1100,369,2
2026-02-02,600036,10:58:59,39.1400,206,1
2026-02-02,600036,10:59:02,39.1200,44,2
2026-02-02,600036,10:59:05,39.1400,263,1
2026-02-02,600036,10:59:08,39.1400,83,1
2026-02-02,600036,10:59:11,39.1300,292,2
2026-02-02,600036,10:59:14,39.1600,231,1
2026-02-02,600036,10:59:17,39.1400,200,1
2026-02-02,600036,10:59:20,39.1200,253,2
2026-02-02,600036,10:59:23,39.1300,116,1
2026-02-02,600036,10:59:26,39.1400,104,1
2026-02-02,600036,10:59:29,39.1300,64,1
2026-02-02,600036,10:59:32,39.1300,75,1
2026-02-02,600036,10:59:35,39.1200,216,2
2026-02-02,600036,10:59:38,39.1100,178,2
2026-02-02,600036,10:59:41,39.1100,290,2
2026-02-02,600036,10:59:44,39.1100,60,2
2026-02-02,600036,10:59:47,39.1200,80,4
2026-02-02,600036,10:59:50,39.1200,46,2
2026-02-02,600036,10:59:53,39.1400,666,1
2026-02-02,600036,10:59:56,39.1400,13,1
2026-02-02,600036,10:59:59,39.1100,291,2
2026-02-02,600036,11:00:02,39.1200,89,1
2026-02-02,600036,11:00:05,39.1200,34,1
2026-02-02,600036,11:00:08,39.1300,114,1
2026-02-02,600036,11:00:11,39.1200,145,4
2026-02-02,600036,11:00:14,39.1200,277,2
2026-02-02,600036,11:00:17,39.1100,67,2
2026-02-02,600036,11:00:20,39.1200,106,1
2026-02-02,600036,11:00:23,39.1200,187,1
2026-02-02,600036,11:00:26,39.1200,39,1
2026-02-02,600036,11:00:29,39.1200,268,1
2026-02-02,600036,11:00:32,39.1400,115,1
2026-02-02,600036,11:00:35,39.1400,183,1
2026-02-02,600036,11:00:38,39.1200,175,2
2026-02-02,600036,11:00:41,39.1200,86,2
2026-02-02,600036,11:00:44,39.1500,105,1
2026-02-02,600036,11:00:47,39.1500,76,1
2026-02-02,600036,11:00:50,39.1400,61,2
2026-02-02,600036,11:00:53,39.1300,513,2
2026-02-02,600036,11:00:56,39.1400,387,1
2026-02-02,600036,11:00:59,39.1300,128,2
2026-02-02,600036,11:01:02,39.1400,76,1
2026-02-02,600036,11:01:05,39.1500,297,1
2026-02-02,600036,11:01:08,39.1300,26,2
2026-02-02,600036,11:01:11,39.1300,106,2
2026-02-02,600036,11:01:14,39.1300,56,2
2026-02-02,600036,11:01:17,39.1300,33,2
2026-02-02,600036,11:01:20,39.1300,54,2
2026-02-02,600036,11:01:23,39.1300,246,2
2026-02-02,600036,11:01:27,39.1200,69,2
2026-02-02,600036,11:01:29,39.1300,43,1
2026-02-02,600036,11:01:32,39.1300,23,1
2026-02-02,600036,11:01:35,39.1300,22,1
2026-02-02,600036,11:01:38,39.1200,46,2
2026-02-02,600036,11:01:41,39.1200,65,1
2026-02-02,600036,11:01:44,39.1400,62,1
2026-02-02,600036,11:01:47,39.1300,83,2
2026-02-02,600036,11:01:50,39.1300,29,2
2026-02-02,600036,11:01:53,39.1300,394,2
2026-02-02,600036,11:01:56,39.1500,172,1
2026-02-02,600036,11:01:59,39.1400,122,4
2026-02-02,600036,11:02:02,39.1300,14,1
2026-02-02,600036,11:02:05,39.1300,43,1
2026-02-02,600036,11:02:08,39.1300,35,2
2026-02-02,600036,11:02:11,39.1400,70,1
2026-02-02,600036,11:02:14,39.1300,37,2
2026-02-02,600036,11:02:17,39.1500,84,1
2026-02-02,600036,11:02:20,39.1500,27,1
2026-02-02,600036,11:02:23,39.1400,162,2
2026-02-02,600036,11:02:26,39.1500,172,1
2026-02-02,600036,11:02:29,39.1500,52,1
2026-02-02,600036,11:02:32,39.1500,70,1
2026-02-02,600036,11:02:35,39.1500,36,2
2026-02-02,600036,11:02:38,39.1500,43,2
2026-02-02,600036,11:02:41,39.1500,187,2
2026-02-02,600036,11:02:44,39.1600,109,1
2026-02-02,600036,11:02:47,39.1600,118,2
2026-02-02,600036,11:02:50,39.1600,206,1
2026-02-02,600036,11:02:53,39.1600,86,2
2026-02-02,600036,11:02:56,39.1700,152,1
2026-02-02,600036,11:02:59,39.1600,129,2
2026-02-02,600036,11:03:02,39.1700,51,1
2026-02-02,600036,11:03:05,39.1700,558,1
2026-02-02,600036,11:03:08,39.1800,24,1
2026-02-02,600036,11:03:11,39.1800,92,1
2026-02-02,600036,11:03:14,39.1800,35,1
2026-02-02,600036,11:03:17,39.1800,26,1
2026-02-02,600036,11:03:20,39.1800,249,1
2026-02-02,600036,11:03:23,39.1800,94,2
2026-02-02,600036,11:03:26,39.1900,615,1
2026-02-02,600036,11:03:29,39.1900,376,1
2026-02-02,600036,11:03:32,39.1900,160,1
2026-02-02,600036,11:03:35,39.1800,162,2
2026-02-02,600036,11:03:38,39.1800,503,2
2026-02-02,600036,11:03:41,39.1800,60,1
2026-02-02,600036,11:03:44,39.1800,110,1
2026-02-02,600036,11:03:47,39.1800,601,1
2026-02-02,600036,11:03:50,39.1700,884,2
2026-02-02,600036,11:03:53,39.1800,168,1
2026-02-02,600036,11:03:56,39.1800,68,1
2026-02-02,600036,11:03:59,39.1800,67,1
2026-02-02,600036,11:04:02,39.1700,42,2
2026-02-02,600036,11:04:05,39.1700,25,2
2026-02-02,600036,11:04:08,39.1700,51,2
2026-02-02,600036,11:04:11,39.1600,536,2
2026-02-02,600036,11:04:14,39.1500,169,2
2026-02-02,600036,11:04:17,39.1400,67,2
2026-02-02,600036,11:04:20,39.1400,76,1
2026-02-02,600036,11:04:23,39.1300,152,2
2026-02-02,600036,11:04:26,39.1500,213,1
2026-02-02,600036,11:04:29,39.1400,105,2
2026-02-02,600036,11:04:32,39.1400,31,2
2026-02-02,600036,11:04:35,39.1600,152,1
2026-02-02,600036,11:04:38,39.1400,288,2
2026-02-02,600036,11:04:41,39.1500,26,1
2026-02-02,600036,11:04:44,39.1500,26,1
2026-02-02,600036,11:04:47,39.1500,30,1
2026-02-02,600036,11:04:50,39.1400,176,2
2026-02-02,600036,11:04:53,39.1600,114,1
2026-02-02,600036,11:04:56,39.1500,53,2
2026-02-02,600036,11:04:59,39.1500,25,1
2026-02-02,600036,11:05:02,39.1500,186,1
2026-02-02,600036,11:05:05,39.1400,524,2
2026-02-02,600036,11:05:08,39.1400,213,2
2026-02-02,600036,11:05:11,39.1300,214,2
2026-02-02,600036,11:05:14,39.1400,313,1
2026-02-02,600036,11:05:17,39.1400,9,1
2026-02-02,600036,11:05:20,39.1400,63,1
2026-02-02,600036,11:05:23,39.1300,104,2
2026-02-02,600036,11:05:26,39.1500,224,1
2026-02-02,600036,11:05:29,39.1300,27,1
2026-02-02,600036,11:05:32,39.1300,24,2
2026-02-02,600036,11:05:35,39.1400,30,1
2026-02-02,600036,11:05:38,39.1500,114,1
2026-02-02,600036,11:05:41,39.1200,85,2
2026-02-02,600036,11:05:44,39.1400,131,1
2026-02-02,600036,11:05:47,39.1400,52,1
2026-02-02,600036,11:05:50,39.1300,47,2
2026-02-02,600036,11:05:53,39.1300,128,2
2026-02-02,600036,11:05:56,39.1300,56,2
2026-02-02,600036,11:05:59,39.1400,40,1
2026-02-02,600036,11:06:02,39.1300,101,2
2026-02-02,600036,11:06:05,39.1000,917,2
2026-02-02,600036,11:06:08,39.0900,333,2
2026-02-02,600036,11:06:11,39.0900,137,2
2026-02-02,600036,11:06:14,39.1000,94,1
2026-02-02,600036,11:06:17,39.1000,37,1
2026-02-02,600036,11:06:20,39.0900,64,2
2026-02-02,600036,11:06:23,39.1000,134,1
2026-02-02,600036,11:06:26,39.1000,403,1
2026-02-02,600036,11:06:29,39.1000,51,1
2026-02-02,600036,11:06:32,39.0900,70,2
2026-02-02,600036,11:06:35,39.0800,22,2
2026-02-02,600036,11:06:38,39.0900,148,1
2026-02-02,600036,11:06:41,39.0800,269,2
2026-02-02,600036,11:06:44,39.0800,482,2
2026-02-02,600036,11:06:47,39.0800,102,1
2026-02-02,600036,11:06:50,39.0900,651,1
2026-02-02,600036,11:06:53,39.0900,237,1
2026-02-02,600036,11:06:56,39.0900,47,2
2026-02-02,600036,11:06:59,39.0900,94,2
2026-02-02,600036,11:07:02,39.0800,232,2
2026-02-02,600036,11:07:06,39.0900,60,1
2026-02-02,600036,11:07:08,39.0800,89,2
2026-02-02,600036,11:07:11,39.0900,133,1
2026-02-02,600036,11:07:14,39.0800,30,2
2026-02-02,600036,11:07:17,39.0800,7,1
2026-02-02,600036,11:07:20,39.0800,63,1
2026-02-02,600036,11:07:23,39.0800,98,1
2026-02-02,600036,11:07:26,39.0800,240,1
2026-02-02,600036,11:07:29,39.0800,65,1
2026-02-02,600036,11:07:32,39.0700,13,2
2026-02-02,600036,11:07:35,39.0800,91,1
2026-02-02,600036,11:07:38,39.0700,90,2
2026-02-02,600036,11:07:41,39.0800,183,1
2026-02-02,600036,11:07:44,39.0600,39,2
2026-02-02,600036,11:07:47,39.0700,144,1
2026-02-02,600036,11:07:50,39.0600,132,2
2026-02-02,600036,11:07:53,39.0600,525,2
2026-02-02,600036,11:07:56,39.0600,38,1
2026-02-02,600036,11:07:59,39.0500,87,2
2026-02-02,600036,11:08:02,39.0500,2,2
2026-02-02,600036,11:08:05,39.0500,120,2
2026-02-02,600036,11:08:08,39.0500,36,2
2026-02-02,600036,11:08:11,39.0600,139,1
2026-02-02,600036,11:08:14,39.0600,47,1
2026-02-02,600036,11:08:17,39.0700,141,1
2026-02-02,600036,11:08:20,39.0700,76,1
2026-02-02,600036,11:08:23,39.0700,99,2
2026-02-02,600036,11:08:26,39.0700,102,2
2026-02-02,600036,11:08:29,39.0800,86,1
2026-02-02,600036,11:08:32,39.0800,36,1
2026-02-02,600036,11:08:35,39.0800,37,1
2026-02-02,600036,11:08:38,39.0800,73,2
2026-02-02,600036,11:08:41,39.0800,52,2
2026-02-02,600036,11:08:44,39.0700,53,2
2026-02-02,600036,11:08:47,39.0800,27,1
2026-02-02,600036,11:08:50,39.0700,76,2
2026-02-02,600036,11:08:53,39.0700,119,2
2026-02-02,600036,11:08:56,39.0700,36,2
2026-02-02,600036,11:08:59,39.0800,45,1
2026-02-02,600036,11:09:03,39.0700,627,2
2026-02-02,600036,11:09:05,39.0700,142,2
2026-02-02,600036,11:09:08,39.0600,71,2
2026-02-02,600036,11:09:11,39.0600,673,2
2026-02-02,600036,11:09:14,39.0600,37,2
2026-02-02,600036,11:09:17,39.0600,48,2
2026-02-02,600036,11:09:20,39.0700,39,1
2026-02-02,600036,11:09:23,39.0700,76,1
2026-02-02,600036,11:09:26,39.0700,27,1
2026-02-02,600036,11:09:29,39.0700,16,1
2026-02-02,600036,11:09:32,39.0700,25,1
2026-02-02,600036,11:09:35,39.0700,178,1
2026-02-02,600036,11:09:38,39.0700,193,2
2026-02-02,600036,11:09:41,39.0600,89,2
2026-02-02,600036,11:09:44,39.0600,768,2
2026-02-02,600036,11:09:47,39.0600,40,2
2026-02-02,600036,11:09:50,39.0600,47,2
2026-02-02,600036,11:09:53,39.0700,57,1
2026-02-02,600036,11:09:56,39.0700,88,1
2026-02-02,600036,11:09:59,39.0700,115,1
2026-02-02,600036,11:10:03,39.0700,22,2
2026-02-02,600036,11:10:05,39.0700,15,4
2026-02-02,600036,11:10:08,39.0600,244,2
2026-02-02,600036,11:10:11,39.0700,73,1
2026-02-02,600036,11:10:14,39.0700,49,2
2026-02-02,600036,11:10:17,39.0800,102,1
2026-02-02,600036,11:10:20,39.0800,45,1
2026-02-02,600036,11:10:23,39.0800,42,1
2026-02-02,600036,11:10:26,39.0800,97,1
2026-02-02,600036,11:10:29,39.0800,119,1
2026-02-02,600036,11:10:32,39.0800,59,1
2026-02-02,600036,11:10:36,39.0800,74,1
2026-02-02,600036,11:10:38,39.0700,145,2
2026-02-02,600036,11:10:41,39.0700,576,2
2026-02-02,600036,11:10:44,39.0600,379,2
2026-02-02,600036,11:10:47,39.0700,244,1
2026-02-02,600036,11:10:50,39.0700,107,1
2026-02-02,600036,11:10:53,39.0600,81,2
2026-02-02,600036,11:10:56,39.0700,126,1
2026-02-02,600036,11:10:59,39.0600,579,2
2026-02-02,600036,11:11:02,39.0700,497,1
2026-02-02,600036,11:11:05,39.0600,82,1
2026-02-02,600036,11:11:08,39.0500,176,2
2026-02-02,600036,11:11:11,39.0400,99,2
2026-02-02,600036,11:11:14,39.0400,205,2
2026-02-02,600036,11:11:17,39.0400,182,2
2026-02-02,600036,11:11:20,39.0300,805,2
2026-02-02,600036,11:11:23,39.0100,2124,2
2026-02-02,600036,11:11:26,39.0100,120,2
2026-02-02,600036,11:11:29,39.0200,36,1
2026-02-02,600036,11:11:32,39.0100,42,2
2026-02-02,600036,11:11:35,39.0200,51,1
2026-02-02,600036,11:11:38,39.0100,395,2
2026-02-02,600036,11:11:41,39.0200,150,1
2026-02-02,600036,11:11:44,39.0300,372,1
2026-02-02,600036,11:11:47,39.0200,115,2
2026-02-02,600036,11:11:50,39.0400,40,1
2026-02-02,600036,11:11:53,39.0400,133,1
2026-02-02,600036,11:11:56,39.0300,176,4
2026-02-02,600036,11:11:59,39.0400,205,1
2026-02-02,600036,11:12:02,39.0400,264,2
2026-02-02,600036,11:12:05,39.0500,88,4
2026-02-02,600036,11:12:08,39.0500,229,2
2026-02-02,600036,11:12:11,39.0500,37,1
2026-02-02,600036,11:12:14,39.0500,82,1
2026-02-02,600036,11:12:17,39.0500,86,1
2026-02-02,600036,11:12:20,39.0500,36,2
2026-02-02,600036,11:12:23,39.0500,107,2
2026-02-02,600036,11:12:26,39.0600,205,1
2026-02-02,600036,11:12:29,39.0600,40,1
2026-02-02,600036,11:12:32,39.0500,16,2
2026-02-02,600036,11:12:35,39.0600,142,1
2026-02-02,600036,11:12:38,39.0800,356,1
2026-02-02,600036,11:12:41,39.0700,25,4
2026-02-02,600036,11:12:44,39.0600,42,2
2026-02-02,600036,11:12:47,39.0700,42,1
2026-02-02,600036,11:12:50,39.0700,27,2
2026-02-02,600036,11:12:53,39.0700,21,2
2026-02-02,600036,11:12:56,39.0700,56,2
2026-02-02,600036,11:12:59,39.0700,104,2
2026-02-02,600036,11:13:02,39.0700,578,2
2026-02-02,600036,11:13:05,39.0700,38,2
2026-02-02,600036,11:13:08,39.0700,363,2
2026-02-02,600036,11:13:11,39.0600,416,2
2026-02-02,600036,11:13:14,39.0600,286,1
2026-02-02,600036,11:13:17,39.0800,426,1
2026-02-02,600036,11:13:20,39.0700,7,4
2026-02-02,600036,11:13:23,39.0600,111,2
2026-02-02,600036,11:13:26,39.0600,306,2
2026-02-02,600036,11:13:29,39.0700,26,2
2026-02-02,600036,11:13:32,39.0700,217,1
2026-02-02,600036,11:13:35,39.0500,23,2
2026-02-02,600036,11:13:38,39.0600,87,1
2026-02-02,600036,11:13:41,39.0500,83,2
2026-02-02,600036,11:13:44,39.0600,8,1
2026-02-02,600036,11:13:47,39.0500,69,2
2026-02-02,600036,11:13:50,39.0500,15,2
2026-02-02,600036,11:13:53,39.0500,142,2
2026-02-02,600036,11:13:56,39.0600,39,1
2026-02-02,600036,11:13:59,39.0500,15,2
2026-02-02,600036,11:14:02,39.0200,758,2
2026-02-02,600036,11:14:05,39.0200,101,2
2026-02-02,600036,11:14:08,39.0300,315,1
2026-02-02,600036,11:14:11,39.0200,98,2
2026-02-02,600036,11:14:14,39.0300,124,1
2026-02-02,600036,11:14:17,39.0200,1076,2
2026-02-02,600036,11:14:20,39.0100,983,2
2026-02-02,600036,11:14:23,39.0100,281,2
2026-02-02,600036,11:14:26,39.0200,73,2
2026-02-02,600036,11:14:29,39.0200,128,1
2026-02-02,600036,11:14:32,39.0200,67,2
2026-02-02,600036,11:14:35,39.0200,139,2
2026-02-02,600036,11:14:38,39.0200,274,2
2026-02-02,600036,11:14:41,39.0200,34,2
2026-02-02,600036,11:14:44,39.0200,154,2
2026-02-02,600036,11:14:47,39.0100,193,2
2026-02-02,600036,11:14:50,39.0100,67,2
2026-02-02,600036,11:14:53,39.0200,90,4
2026-02-02,600036,11:14:56,39.0200,24,2
2026-02-02,600036,11:14:59,39.0200,15,2
2026-02-02,600036,11:15:02,39.0300,143,1
2026-02-02,600036,11:15:05,39.0100,543,2
2026-02-02,600036,11:15:08,39.0300,90,1
2026-02-02,600036,11:15:11,39.0200,75,2
2026-02-02,600036,11:15:14,39.0200,96,2
2026-02-02,600036,11:15:17,39.0200,81,2
2026-02-02,600036,11:15:20,39.0200,53,2
2026-02-02,600036,11:15:23,39.0200,17,2
2026-02-02,600036,11:15:26,39.0200,65,2
2026-02-02,600036,11:15:29,39.0200,548,2
2026-02-02,600036,11:15:32,39.0200,12,1
2026-02-02,600036,11:15:35,39.0100,123,2
2026-02-02,600036,11:15:38,39.0200,232,1
2026-02-02,600036,11:15:41,39.0100,85,2
2026-02-02,600036,11:15:44,39.0200,165,1
2026-02-02,600036,11:15:47,39.0100,303,2
2026-02-02,600036,11:15:50,39.0200,21,1
2026-02-02,600036,11:15:53,39.0100,338,2
2026-02-02,600036,11:15:56,39.0100,119,1
2026-02-02,600036,11:15:59,39.0100,61,1
2026-02-02,600036,11:16:02,39.0000,67,2
2026-02-02,600036,11:16:05,39.0100,159,1
2026-02-02,600036,11:16:08,39.0000,106,2
2026-02-02,600036,11:16:11,39.0000,14,2
2026-02-02,600036,11:16:14,39.0100,25,1
2026-02-02,600036,11:16:17,39.0100,42,1
2026-02-02,600036,11:16:20,39.0100,184,1
2026-02-02,600036,11:16:23,39.0000,143,2
2026-02-02,600036,11:16:26,39.0100,80,1
2026-02-02,600036,11:16:29,39.0100,69,1
2026-02-02,600036,11:16:32,39.0100,139,1
2026-02-02,600036,11:16:35,39.0000,371,2
2026-02-02,600036,11:16:38,39.0000,133,2
2026-02-02,600036,11:16:41,39.0000,283,2
2026-02-02,600036,11:16:44,39.0000,883,2
2026-02-02,600036,11:16:48,38.9800,3939,2
2026-02-02,600036,11:16:50,38.9800,314,2
2026-02-02,600036,11:16:53,38.9900,90,1
2026-02-02,600036,11:16:56,38.9800,78,2
2026-02-02,600036,11:16:59,38.9800,62,2
2026-02-02,600036,11:17:02,38.9800,39,2
2026-02-02,600036,11:17:05,38.9800,75,2
2026-02-02,600036,11:17:08,38.9900,72,1
2026-02-02,600036,11:17:11,38.9800,77,2
2026-02-02,600036,11:17:14,38.9800,59,2
2026-02-02,600036,11:17:17,38.9900,247,1
2026-02-02,600036,11:17:20,38.9900,132,1
2026-02-02,600036,11:17:23,38.9800,173,2
2026-02-02,600036,11:17:26,38.9800,231,2
2026-02-02,600036,11:17:29,38.9700,117,2
2026-02-02,600036,11:17:32,38.9800,22,4
2026-02-02,600036,11:17:35,38.9700,60,2
2026-02-02,600036,11:17:38,38.9700,79,2
2026-02-02,600036,11:17:41,38.9800,132,1
2026-02-02,600036,11:17:44,38.9700,115,2
2026-02-02,600036,11:17:47,38.9800,188,1
2026-02-02,600036,11:17:50,38.9700,7,2
2026-02-02,600036,11:17:53,38.9700,193,2
2026-02-02,600036,11:17:56,38.9700,59,2
2026-02-02,600036,11:17:59,38.9700,189,2
2026-02-02,600036,11:18:02,38.9700,151,1
2026-02-02,600036,11:18:05,38.9600,53,2
2026-02-02,600036,11:18:08,38.9600,466,2
2026-02-02,600036,11:18:11,38.9600,135,2
2026-02-02,600036,11:18:14,38.9600,160,2
2026-02-02,600036,11:18:17,38.9700,127,1
2026-02-02,600036,11:18:20,38.9600,94,2
2026-02-02,600036,11:18:23,38.9600,505,2
2026-02-02,600036,11:18:26,38.9600,68,2
2026-02-02,600036,11:18:29,38.9600,89,2
2026-02-02,600036,11:18:32,38.9500,997,2
2026-02-02,600036,11:18:35,38.9500,216,1
2026-02-02,600036,11:18:38,38.9400,179,2
2026-02-02,600036,11:18:41,38.9400,278,2
2026-02-02,600036,11:18:44,38.9400,32,1
2026-02-02,600036,11:18:47,38.9400,115,1
2026-02-02,600036,11:18:50,38.9300,74,2
2026-02-02,600036,11:18:53,38.9300,117,2
2026-02-02,600036,11:18:56,38.9300,108,2
2026-02-02,600036,11:18:59,38.9300,129,2
2026-02-02,600036,11:19:02,38.9300,1011,2
2026-02-02,600036,11:19:05,38.9300,185,1
2026-02-02,600036,11:19:08,38.9300,151,2
2026-02-02,600036,11:19:11,38.9300,494,1
2026-02-02,600036,11:19:14,38.9500,62,1
2026-02-02,600036,11:19:17,38.9400,86,2
2026-02-02,600036,11:19:20,38.9500,45,1
2026-02-02,600036,11:19:23,38.9500,428,1
2026-02-02,600036,11:19:26,38.9500,22,2
2026-02-02,600036,11:19:29,38.9700,34,1
2026-02-02,600036,11:19:32,38.9500,103,2
