date,code,time,price,volume,bs
2026-04-02,000333,14:06:48,77.5000,180,1
2026-04-02,000333,14:06:51,77.5000,187,1
2026-04-02,000333,14:06:54,77.5200,98,1
2026-04-02,000333,14:06:57,77.5100,67,2
2026-04-02,000333,14:07:00,77.5200,41,4
2026-04-02,000333,14:07:03,77.5300,108,1
2026-04-02,000333,14:07:06,77.5300,79,1
2026-04-02,000333,14:07:09,77.5400,40,1
2026-04-02,000333,14:07:12,77.5400,75,1
2026-04-02,000333,14:07:15,77.5400,50,1
2026-04-02,000333,14:07:18,77.5500,32,1
2026-04-02,000333,14:07:21,77.5400,45,2
2026-04-02,000333,14:07:24,77.5400,82,2
2026-04-02,000333,14:07:27,77.5200,80,2
2026-04-02,000333,14:07:30,77.5100,246,2
2026-04-02,000333,14:07:33,77.5100,26,2
2026-04-02,000333,14:07:36,77.5200,17,1
2026-04-02,000333,14:07:39,77.5200,14,1
2026-04-02,000333,14:07:42,77.5100,18,2
2026-04-02,000333,14:07:45,77.5200,68,1
2026-04-02,000333,14:07:48,77.5100,39,2
2026-04-02,000333,14:07:51,77.5100,80,1
2026-04-02,000333,14:07:54,77.5100,30,1
2026-04-02,000333,14:07:57,77.5100,66,1
2026-04-02,000333,14:08:00,77.5100,110,4
2026-04-02,000333,14:08:03,77.4900,174,2
2026-04-02,000333,14:08:06,77.4800,25,2
2026-04-02,000333,14:08:09,77.5000,17,1
2026-04-02,000333,14:08:12,77.4800,76,4
2026-04-02,000333,14:08:15,77.4900,16,1
2026-04-02,000333,14:08:18,77.4700,12,2
2026-04-02,000333,14:08:21,77.4800,4,2
2026-04-02,000333,14:08:24,77.5000,53,1
2026-04-02,000333,14:08:27,77.4900,29,2
2026-04-02,000333,14:08:30,77.4800,18,2
2026-04-02,000333,14:08:33,77.4900,12,4
2026-04-02,000333,14:08:39,77.4900,15,2
2026-04-02,000333,14:08:42,77.4900,17,2
2026-04-02,000333,14:08:45,77.5000,2,1
2026-04-02,000333,14:08:48,77.5100,153,1
2026-04-02,000333,14:08:51,77.4900,7,2
2026-04-02,000333,14:08:54,77.4900,51,2
2026-04-02,000333,14:08:57,77.5000,5,1
2026-04-02,000333,14:09:00,77.5000,15,1
2026-04-02,000333,14:09:03,77.5000,57,1
2026-04-02,000333,14:09:06,77.4900,24,2
2026-04-02,000333,14:09:09,77.4900,65,2
2026-04-02,000333,14:09:12,77.4900,87,2
2026-04-02,000333,14:09:15,77.5000,9,1
2026-04-02,000333,14:09:18,77.4900,33,2
2026-04-02,000333,14:09:21,77.5000,18,1
2026-04-02,000333,14:09:27,77.5000,52,1
2026-04-02,000333,14:09:30,77.4900,40,2
2026-04-02,000333,14:09:33,77.5000,53,1
2026-04-02,000333,14:09:36,77.4900,8,2
2026-04-02,000333,14:09:39,77.5000,4,1
2026-04-02,000333,14:09:42,77.4900,50,2
2026-04-02,000333,14:09:45,77.4900,74,2
2026-04-02,000333,14:09:48,77.4800,113,2
2026-04-02,000333,14:09:51,77.4700,33,2
2026-04-02,000333,14:09:54,77.4600,46,2
2026-04-02,000333,14:09:57,77.4600,53,2
2026-04-02,000333,14:10:00,77.4700,175,1
2026-04-02,000333,14:10:03,77.4800,216,4
2026-04-02,000333,14:10:06,77.4900,20,1
2026-04-02,000333,14:10:09,77.4800,52,2
2026-04-02,000333,14:10:12,77.4800,15,2
2026-04-02,000333,14:10:15,77.4700,38,2
2026-04-02,000333,14:10:18,77.4500,232,2
2026-04-02,000333,14:10:21,77.4500,276,2
2026-04-02,000333,14:10:24,77.4500,49,4
2026-04-02,000333,14:10:27,77.4500,22,2
2026-04-02,000333,14:10:30,77.4500,11,2
2026-04-02,000333,14:10:33,77.4600,1,4
2026-04-02,000333,14:10:36,77.4700,212,1
2026-04-02,000333,14:10:39,77.4600,17,2
2026-04-02,000333,14:10:42,77.4700,34,4
2026-04-02,000333,14:10:45,77.4800,68,1
2026-04-02,000333,14:10:48,77.4700,20,2
2026-04-02,000333,14:10:51,77.4700,43,1
2026-04-02,000333,14:10:54,77.4600,32,2
2026-04-02,000333,14:10:57,77.4700,6,1
2026-04-02,000333,14:11:00,77.4600,67,2
2026-04-02,000333,14:11:03,77.4700,25,1
2026-04-02,000333,14:11:06,77.4700,12,1
2026-04-02,000333,14:11:09,77.4600,70,2
2026-04-02,000333,14:11:12,77.4700,51,1
2026-04-02,000333,14:11:15,77.4700,3,1
2026-04-02,000333,14:11:18,77.4700,10,1
2026-04-02,000333,14:11:21,77.4700,181,1
2026-04-02,000333,14:11:24,77.4600,17,2
2026-04-02,000333,14:11:27,77.4600,5,1
2026-04-02,000333,14:11:30,77.4600,26,1
2026-04-02,000333,14:11:33,77.4600,39,1
2026-04-02,000333,14:11:36,77.4600,12,2
2026-04-02,000333,14:11:39,77.4700,76,1
2026-04-02,000333,14:11:42,77.4800,23,1
2026-04-02,000333,14:11:45,77.4700,35,2
2026-04-02,000333,14:11:51,77.4700,20,2
2026-04-02,000333,14:11:54,77.4600,77,2
2026-04-02,000333,14:11:57,77.4500,56,2
2026-04-02,000333,14:12:00,77.4600,121,1
2026-04-02,000333,14:12:03,77.4500,7,1
2026-04-02,000333,14:12:06,77.4500,33,4
2026-04-02,000333,14:12:09,77.4500,27,1
2026-04-02,000333,14:12:12,77.4500,3,4
2026-04-02,000333,14:12:15,77.4500,21,4
2026-04-02,000333,14:12:18,77.4500,10,4
2026-04-02,000333,14:12:21,77.4400,36,2
2026-04-02,000333,14:12:24,77.4400,103,2
2026-04-02,000333,14:12:27,77.4500,26,4
2026-04-02,000333,14:12:30,77.4500,30,4
2026-04-02,000333,14:12:33,77.4500,70,1
2026-04-02,000333,14:12:36,77.4400,32,2
2026-04-02,000333,14:12:39,77.4500,16,1
2026-04-02,000333,14:12:42,77.4600,48,1
2026-04-02,000333,14:12:45,77.4600,148,1
2026-04-02,000333,14:12:48,77.4600,42,1
2026-04-02,000333,14:12:51,77.4600,74,2
2026-04-02,000333,14:12:54,77.4600,85,2
2026-04-02,000333,14:12:57,77.4500,40,2
2026-04-02,000333,14:13:00,77.4500,19,2
2026-04-02,000333,14:13:03,77.4600,48,1
2026-04-02,000333,14:13:06,77.4600,92,1
2026-04-02,000333,14:13:09,77.4600,43,1
2026-04-02,000333,14:13:12,77.4700,89,1
2026-04-02,000333,14:13:15,77.4600,10,2
2026-04-02,000333,14:13:18,77.4600,21,1
2026-04-02,000333,14:13:21,77.4500,30,2
2026-04-02,000333,14:13:24,77.4500,24,2
2026-04-02,000333,14:13:27,77.4500,19,2
2026-04-02,000333,14:13:30,77.4500,28,2
2026-04-02,000333,14:13:33,77.4500,19,2
2026-04-02,000333,14:13:36,77.4600,59,1
2026-04-02,000333,14:13:39,77.4500,139,2
2026-04-02,000333,14:13:42,77.4500,22,1
2026-04-02,000333,14:13:45,77.4400,27,2
2026-04-02,000333,14:13:48,77.4500,59,1
2026-04-02,000333,14:13:51,77.4500,13,2
2026-04-02,000333,14:13:54,77.4600,2,1
2026-04-02,000333,14:13:57,77.4500,13,2
2026-04-02,000333,14:14:00,77.4600,16,1
2026-04-02,000333,14:14:03,77.4600,39,1
2026-04-02,000333,14:14:06,77.4500,17,2
2026-04-02,000333,14:14:09,77.4500,83,2
2026-04-02,000333,14:14:12,77.4500,15,2
2026-04-02,000333,14:14:15,77.4600,24,1
2026-04-02,000333,14:14:18,77.4500,14,2
2026-04-02,000333,14:14:21,77.4600,75,1
2026-04-02,000333,14:14:24,77.4700,63,1
2026-04-02,000333,14:14:27,77.4700,15,1
2026-04-02,000333,14:14:30,77.4700,20,1
2026-04-02,000333,14:14:33,77.4800,134,1
2026-04-02,000333,14:14:36,77.4900,192,1
2026-04-02,000333,14:14:39,77.5100,108,1
2026-04-02,000333,14:14:42,77.5000,91,2
2026-04-02,000333,14:14:45,77.5100,118,1
2026-04-02,000333,14:14:48,77.5200,61,1
2026-04-02,000333,14:14:51,77.5200,105,1
2026-04-02,000333,14:14:54,77.5200,52,1
2026-04-02,000333,14:14:57,77.5200,26,2
2026-04-02,000333,14:15:00,77.5100,99,2
2026-04-02,000333,14:15:03,77.5100,195,2
2026-04-02,000333,14:15:06,77.5000,116,2
2026-04-02,000333,14:15:09,77.5000,41,2
2026-04-02,000333,14:15:12,77.5000,37,2
2026-04-02,000333,14:15:15,77.4900,40,2
2026-04-02,000333,14:15:18,77.5000,2,1
2026-04-02,000333,14:15:21,77.4900,11,2
2026-04-02,000333,14:15:24,77.5000,40,1
2026-04-02,000333,14:15:27,77.4900,18,1
2026-04-02,000333,14:15:30,77.4900,26,1
2026-04-02,000333,14:15:33,77.4900,18,1
2026-04-02,000333,14:15:36,77.4800,22,2
2026-04-02,000333,14:15:39,77.4900,5,1
2026-04-02,000333,14:15:42,77.4900,31,1
2026-04-02,000333,14:15:45,77.4900,21,1
2026-04-02,000333,14:15:48,77.5000,55,1
2026-04-02,000333,14:15:51,77.4900,18,2
2026-04-02,000333,14:15:54,77.4900,5,2
2026-04-02,000333,14:15:57,77.5000,7,1
2026-04-02,000333,14:16:00,77.5000,119,1
2026-04-02,000333,14:16:03,77.5000,39,1
2026-04-02,000333,14:16:06,77.5000,8,2
2026-04-02,000333,14:16:09,77.4900,122,2
2026-04-02,000333,14:16:12,77.5000,51,1
2026-04-02,000333,14:16:15,77.5000,42,1
2026-04-02,000333,14:16:18,77.5000,6,1
2026-04-02,000333,14:16:21,77.5000,96,1
2026-04-02,000333,14:16:24,77.5000,10,1
2026-04-02,000333,14:16:27,77.4900,13,2
2026-04-02,000333,14:16:30,77.5100,223,1
2026-04-02,000333,14:16:33,77.5300,24,1
2026-04-02,000333,14:16:36,77.5200,55,2
2026-04-02,000333,14:16:39,77.5300,50,1
2026-04-02,000333,14:16:42,77.5300,50,1
2026-04-02,000333,14:16:45,77.5300,20,1
2026-04-02,000333,14:16:48,77.5200,42,2
2026-04-02,000333,14:16:51,77.5100,31,2
2026-04-02,000333,14:16:54,77.5100,19,2
2026-04-02,000333,14:16:57,77.5200,40,1
2026-04-02,000333,14:17:00,77.5000,65,2
2026-04-02,000333,14:17:03,77.5000,8,2
2026-04-02,000333,14:17:06,77.5000,8,2
2026-04-02,000333,14:17:09,77.5000,121,2
2026-04-02,000333,14:17:12,77.4900,52,2
2026-04-02,000333,14:17:15,77.4900,43,2
2026-04-02,000333,14:17:18,77.5000,11,1
2026-04-02,000333,14:17:21,77.5000,19,1
2026-04-02,000333,14:17:24,77.4900,13,2
2026-04-02,000333,14:17:27,77.4800,12,2
2026-04-02,000333,14:17:30,77.4900,28,4
2026-04-02,000333,14:17:33,77.4800,125,2
2026-04-02,000333,14:17:36,77.4900,27,2
2026-04-02,000333,14:17:39,77.4900,16,2
2026-04-02,000333,14:17:42,77.4900,9,4
2026-04-02,000333,14:17:45,77.4900,25,1
2026-04-02,000333,14:17:48,77.4800,24,2
2026-04-02,000333,14:17:51,77.4900,11,1
2026-04-02,000333,14:17:54,77.4800,53,2
2026-04-02,000333,14:17:57,77.4800,20,2
2026-04-02,000333,14:18:00,77.4800,19,2
2026-04-02,000333,14:18:03,77.4900,36,1
2026-04-02,000333,14:18:06,77.5000,14,1
2026-04-02,000333,14:18:09,77.4900,76,2
2026-04-02,000333,14:18:12,77.5000,11,1
2026-04-02,000333,14:18:15,77.5000,77,2
2026-04-02,000333,14:18:18,77.5000,84,2
2026-04-02,000333,14:18:21,77.5000,62,2
2026-04-02,000333,14:18:24,77.5100,33,1
2026-04-02,000333,14:18:27,77.5100,48,2
2026-04-02,000333,14:18:30,77.5100,53,2
2026-04-02,000333,14:18:33,77.5200,51,1
2026-04-02,000333,14:18:36,77.5100,99,2
2026-04-02,000333,14:18:39,77.5100,8,1
2026-04-02,000333,14:18:42,77.5000,5,2
2026-04-02,000333,14:18:45,77.5000,62,2
2026-04-02,000333,14:18:48,77.4900,26,2
2026-04-02,000333,14:18:51,77.5000,68,1
2026-04-02,000333,14:18:54,77.4900,61,2
2026-04-02,000333,14:18:57,77.4900,7,2
2026-04-02,000333,14:19:00,77.4500,426,2
2026-04-02,000333,14:19:03,77.4600,16,1
2026-04-02,000333,14:19:06,77.4600,34,1
2026-04-02,000333,14:19:09,77.4500,123,2
2026-04-02,000333,14:19:12,77.4500,262,1
2026-04-02,000333,14:19:15,77.4200,67,2
2026-04-02,000333,14:19:18,77.4400,122,1
2026-04-02,000333,14:19:21,77.4400,22,1
2026-04-02,000333,14:19:24,77.4500,11,1
2026-04-02,000333,14:19:27,77.4500,3,1
2026-04-02,000333,14:19:30,77.4500,56,1
2026-04-02,000333,14:19:33,77.4400,436,2
2026-04-02,000333,14:19:36,77.4400,94,2
2026-04-02,000333,14:19:39,77.4400,8,2
2026-04-02,000333,14:19:42,77.4500,5,1
2026-04-02,000333,14:19:45,77.4400,16,2
2026-04-02,000333,14:19:48,77.4500,14,1
2026-04-02,000333,14:19:51,77.4500,126,1
2026-04-02,000333,14:19:54,77.4700,4,1
2026-04-02,000333,14:19:57,77.4700,37,1
2026-04-02,000333,14:20:00,77.4600,7,2
2026-04-02,000333,14:20:03,77.4700,12,1
2026-04-02,000333,14:20:06,77.4700,43,1
2026-04-02,000333,14:20:09,77.4700,18,1
2026-04-02,000333,14:20:12,77.4700,39,1
2026-04-02,000333,14:20:15,77.4800,20,1
2026-04-02,000333,14:20:18,77.4900,38,1
2026-04-02,000333,14:20:21,77.4800,31,1
2026-04-02,000333,14:20:24,77.4800,29,2
2026-04-02,000333,14:20:27,77.4800,20,2
2026-04-02,000333,14:20:30,77.4900,74,1
2026-04-02,000333,14:20:33,77.4900,152,1
2026-04-02,000333,14:20:36,77.4900,125,2
2026-04-02,000333,14:20:39,77.4900,73,2
2026-04-02,000333,14:20:42,77.4900,31,2
2026-04-02,000333,14:20:45,77.4900,13,2
2026-04-02,000333,14:20:48,77.4800,23,2
2026-04-02,000333,14:20:51,77.4800,59,2
2026-04-02,000333,14:20:54,77.4800,7,2
2026-04-02,000333,14:20:57,77.4800,23,2
2026-04-02,000333,14:21:00,77.4800,18,2
2026-04-02,000333,14:21:03,77.4900,20,1
2026-04-02,000333,14:21:06,77.4800,9,2
2026-04-02,000333,14:21:09,77.4800,32,2
2026-04-02,000333,14:21:12,77.4900,94,1
2026-04-02,000333,14:21:15,77.4900,16,4
2026-04-02,000333,14:21:18,77.4900,44,2
2026-04-02,000333,14:21:21,77.4900,29,2
2026-04-02,000333,14:21:24,77.4900,24,2
2026-04-02,000333,14:21:27,77.4900,50,1
2026-04-02,000333,14:21:30,77.5000,200,1
2026-04-02,000333,14:21:33,77.5100,395,1
2026-04-02,000333,14:21:36,77.5200,72,2
2026-04-02,000333,14:21:39,77.5400,8,1
2026-04-02,000333,14:21:42,77.5300,150,4
2026-04-02,000333,14:21:45,77.5200,61,2
2026-04-02,000333,14:21:48,77.5200,35,1
2026-04-02,000333,14:21:51,77.5300,10,1
2026-04-02,000333,14:21:54,77.5200,8,2
2026-04-02,000333,14:21:57,77.5200,31,2
2026-04-02,000333,14:22:00,77.5300,11,1
2026-04-02,000333,14:22:03,77.5200,15,2
2026-04-02,000333,14:22:06,77.5200,76,2
2026-04-02,000333,14:22:09,77.5100,57,2
2026-04-02,000333,14:22:12,77.5100,36,1
2026-04-02,000333,14:22:15,77.5100,46,1
2026-04-02,000333,14:22:18,77.5300,1,1
2026-04-02,000333,14:22:21,77.5200,4,2
2026-04-02,000333,14:22:24,77.5200,1,2
2026-04-02,000333,14:22:27,77.5200,7,2
2026-04-02,000333,14:22:30,77.5200,155,2
2026-04-02,000333,14:22:33,77.5300,129,1
2026-04-02,000333,14:22:36,77.5200,42,2
2026-04-02,000333,14:22:39,77.5200,64,1
2026-04-02,000333,14:22:42,77.5100,28,2
2026-04-02,000333,14:22:45,77.5100,37,1
2026-04-02,000333,14:22:48,77.5100,2,1
2026-04-02,000333,14:22:51,77.5100,32,1
2026-04-02,000333,14:22:54,77.4800,77,2
2026-04-02,000333,14:22:57,77.4900,26,1
2026-04-02,000333,14:23:00,77.4600,15,2
2026-04-02,000333,14:23:03,77.4800,8,4
2026-04-02,000333,14:23:06,77.5000,69,1
2026-04-02,000333,14:23:09,77.5100,20,1
2026-04-02,000333,14:23:12,77.5000,9,2
2026-04-02,000333,14:23:15,77.5100,124,1
2026-04-02,000333,14:23:18,77.5200,115,1
2026-04-02,000333,14:23:21,77.5100,36,4
2026-04-02,000333,14:23:24,77.5200,76,1
2026-04-02,000333,14:23:27,77.5200,62,1
2026-04-02,000333,14:23:30,77.5200,29,1
2026-04-02,000333,14:23:33,77.5200,62,2
2026-04-02,000333,14:23:36,77.5300,37,1
2026-04-02,000333,14:23:39,77.5300,49,1
2026-04-02,000333,14:23:42,77.5300,28,2
2026-04-02,000333,14:23:45,77.5300,14,2
2026-04-02,000333,14:23:48,77.5400,121,1
2026-04-02,000333,14:23:51,77.5500,10,1
2026-04-02,000333,14:23:54,77.5200,223,2
2026-04-02,000333,14:23:57,77.5200,4,1
2026-04-02,000333,14:24:00,77.5100,19,2
2026-04-02,000333,14:24:03,77.5200,156,1
2026-04-02,000333,14:24:06,77.5300,8,1
2026-04-02,000333,14:24:09,77.5300,24,1
2026-04-02,000333,14:24:12,77.5300,22,1
2026-04-02,000333,14:24:15,77.5300,49,1
2026-04-02,000333,14:24:18,77.5300,75,1
2026-04-02,000333,14:24:21,77.5200,24,2
2026-04-02,000333,14:24:24,77.5300,4,1
2026-04-02,000333,14:24:27,77.5200,2,2
2026-04-02,000333,14:24:33,77.5200,245,2
2026-04-02,000333,14:24:36,77.5400,70,1
2026-04-02,000333,14:24:39,77.5400,103,1
2026-04-02,000333,14:24:42,77.5400,157,2
2026-04-02,000333,14:24:45,77.5500,90,1
2026-04-02,000333,14:24:48,77.5300,206,2
2026-04-02,000333,14:24:51,77.5300,31,2
2026-04-02,000333,14:24:54,77.5400,30,1
2026-04-02,000333,14:24:57,77.5200,68,2
2026-04-02,000333,14:25:00,77.5200,130,2
2026-04-02,000333,14:25:03,77.5100,29,2
2026-04-02,000333,14:25:06,77.5000,35,2
2026-04-02,000333,14:25:09,77.5100,22,1
2026-04-02,000333,14:25:12,77.5200,11,1
2026-04-02,000333,14:25:15,77.5100,19,2
2026-04-02,000333,14:25:18,77.5200,45,1
2026-04-02,000333,14:25:21,77.5100,11,4
2026-04-02,000333,14:25:24,77.5000,7,2
2026-04-02,000333,14:25:27,77.5100,32,1
2026-04-02,000333,14:25:30,77.4900,43,2
2026-04-02,000333,14:25:33,77.5000,7,1
2026-04-02,000333,14:25:36,77.5000,17,1
2026-04-02,000333,14:25:39,77.5000,3,1
2026-04-02,000333,14:25:42,77.4900,1,2
2026-04-02,000333,14:25:45,77.4900,3,2
2026-04-02,000333,14:25:48,77.4900,23,2
2026-04-02,000333,14:25:51,77.4900,19,2
2026-04-02,000333,14:25:54,77.4900,14,2
2026-04-02,000333,14:25:57,77.4900,29,2
2026-04-02,000333,14:26:00,77.4900,5,2
2026-04-02,000333,14:26:03,77.4900,109,2
2026-04-02,000333,14:26:06,77.5000,62,1
2026-04-02,000333,14:26:09,77.4900,19,2
2026-04-02,000333,14:26:12,77.5000,1,1
2026-04-02,000333,14:26:15,77.4900,3,2
2026-04-02,000333,14:26:18,77.5000,9,1
2026-04-02,000333,14:26:21,77.5000,8,1
2026-04-02,000333,14:26:24,77.4900,14,2
2026-04-02,000333,14:26:27,77.4900,5,2
2026-04-02,000333,14:26:30,77.4900,15,2
2026-04-02,000333,14:26:33,77.5000,18,1
2026-04-02,000333,14:26:36,77.4900,62,2
2026-04-02,000333,14:26:39,77.4800,67,2
2026-04-02,000333,14:26:42,77.4900,55,1
2026-04-02,000333,14:26:45,77.4800,10,2
2026-04-02,000333,14:26:48,77.4900,139,1
2026-04-02,000333,14:26:51,77.4800,73,2
2026-04-02,000333,14:26:54,77.4800,13,2
2026-04-02,000333,14:26:57,77.4700,83,2
2026-04-02,000333,14:27:00,77.4600,348,2
2026-04-02,000333,14:27:03,77.4500,19,2
2026-04-02,000333,14:27:06,77.4400,23,2
2026-04-02,000333,14:27:09,77.4400,31,2
2026-04-02,000333,14:27:12,77.4400,11,2
2026-04-02,000333,14:27:15,77.4400,13,2
2026-04-02,000333,14:27:18,77.4400,27,2
2026-04-02,000333,14:27:24,77.4400,114,1
2026-04-02,000333,14:27:27,77.4600,151,1
2026-04-02,000333,14:27:30,77.4600,21,1
2026-04-02,000333,14:27:33,77.4400,15,2
2026-04-02,000333,14:27:36,77.4500,24,1
2026-04-02,000333,14:27:39,77.4500,33,2
2026-04-02,000333,14:27:42,77.4500,35,2
2026-04-02,000333,14:27:45,77.4500,46,2
2026-04-02,000333,14:27:48,77.4600,36,1
2026-04-02,000333,14:27:51,77.4600,26,1
2026-04-02,000333,14:27:54,77.4400,290,2
2026-04-02,000333,14:27:57,77.4400,11,1
2026-04-02,000333,14:28:00,77.4400,17,2
2026-04-02,000333,14:28:03,77.4400,86,2
2026-04-02,000333,14:28:06,77.4200,84,2
2026-04-02,000333,14:28:09,77.4200,63,2
2026-04-02,000333,14:28:12,77.4100,48,2
2026-04-02,000333,14:28:15,77.4100,6,2
2026-04-02,000333,14:28:18,77.4200,6,1
2026-04-02,000333,14:28:21,77.4200,19,1
2026-04-02,000333,14:28:24,77.4200,16,2
2026-04-02,000333,14:28:27,77.4100,26,2
2026-04-02,000333,14:28:30,77.4200,25,1
2026-04-02,000333,14:28:33,77.4200,9,2
2026-04-02,000333,14:28:36,77.4200,22,2
2026-04-02,000333,14:28:39,77.4200,3,2
2026-04-02,000333,14:28:42,77.4200,29,2
2026-04-02,000333,14:28:45,77.4200,7,2
2026-04-02,000333,14:28:48,77.4000,199,2
2026-04-02,000333,14:28:51,77.4300,10,1
2026-04-02,000333,14:28:54,77.4200,17,2
2026-04-02,000333,14:28:57,77.4300,4,1
2026-04-02,000333,14:29:00,77.4200,9,2
2026-04-02,000333,14:29:03,77.4300,57,1
2026-04-02,000333,14:29:06,77.4200,96,2
2026-04-02,000333,14:29:09,77.4100,249,2
2026-04-02,000333,14:29:12,77.4100,77,1
2026-04-02,000333,14:29:15,77.3800,50,2
2026-04-02,000333,14:29:18,77.3900,3,4
2026-04-02,000333,14:29:21,77.3900,71,1
2026-04-02,000333,14:29:24,77.3900,23,2
2026-04-02,000333,14:29:27,77.3900,26,2
2026-04-02,000333,14:29:30,77.3900,45,2
2026-04-02,000333,14:29:33,77.3900,7,4
2026-04-02,000333,14:29:36,77.3800,49,2
2026-04-02,000333,14:29:39,77.4000,16,1
2026-04-02,000333,14:29:42,77.4000,7,1
2026-04-02,000333,14:29:45,77.4000,25,1
2026-04-02,000333,14:29:48,77.3900,130,2
2026-04-02,000333,14:29:51,77.3900,28,2
2026-04-02,000333,14:29:54,77.3800,29,2
2026-04-02,000333,14:29:57,77.3900,3,1
2026-04-02,000333,14:30:00,77.3600,247,2
2026-04-02,000333,14:30:03,77.3800,81,1
2026-04-02,000333,14:30:06,77.3900,124,1
2026-04-02,000333,14:30:09,77.4200,194,1
2026-04-02,000333,14:30:12,77.4400,179,1
2026-04-02,000333,14:30:15,77.4500,40,1
2026-04-02,000333,14:30:18,77.4500,125,1
2026-04-02,000333,14:30:21,77.4500,77,2
2026-04-02,000333,14:30:24,77.4600,10,1
2026-04-02,000333,14:30:27,77.4400,32,2
2026-04-02,000333,14:30:30,77.4500,48,1
2026-04-02,000333,14:30:33,77.4600,49,1
2026-04-02,000333,14:30:36,77.4800,36,1
2026-04-02,000333,14:30:39,77.4700,7,1
2026-04-02,000333,14:30:42,77.4600,15,2
2026-04-02,000333,14:30:45,77.4700,107,1
2026-04-02,000333,14:30:48,77.4600,12,4
2026-04-02,000333,14:30:51,77.4600,31,1
2026-04-02,000333,14:30:54,77.4600,53,1
2026-04-02,000333,14:30:57,77.4600,15,2
2026-04-02,000333,14:31:00,77.4700,53,1
2026-04-02,000333,14:31:03,77.4700,27,1
2026-04-02,000333,14:31:06,77.4900,104,1
2026-04-02,000333,14:31:09,77.4900,142,1
2026-04-02,000333,14:31:12,77.5100,153,1
2026-04-02,000333,14:31:15,77.5200,145,1
2026-04-02,000333,14:31:18,77.5200,84,1
2026-04-02,000333,14:31:21,77.5200,84,2
2026-04-02,000333,14:31:24,77.5200,34,2
2026-04-02,000333,14:31:27,77.5200,47,2
2026-04-02,000333,14:31:30,77.5200,31,2
2026-04-02,000333,14:31:33,77.5300,110,1
2026-04-02,000333,14:31:36,77.5100,52,2
2026-04-02,000333,14:31:39,77.5000,88,2
2026-04-02,000333,14:31:42,77.5100,5,1
2026-04-02,000333,14:31:45,77.5000,19,2
2026-04-02,000333,14:31:48,77.5000,9,2
2026-04-02,000333,14:31:51,77.5000,25,1
2026-04-02,000333,14:31:54,77.4900,11,2
2026-04-02,000333,14:31:57,77.4900,6,2
2026-04-02,000333,14:32:00,77.5000,308,1
2026-04-02,000333,14:32:03,77.4800,20,4
2026-04-02,000333,14:32:06,77.4800,6,2
2026-04-02,000333,14:32:09,77.4800,6,2
2026-04-02,000333,14:32:12,77.4800,4,2
2026-04-02,000333,14:32:15,77.4800,28,2
2026-04-02,000333,14:32:18,77.4800,11,2
2026-04-02,000333,14:32:21,77.4800,10,2
2026-04-02,000333,14:32:24,77.4800,10,2
2026-04-02,000333,14:32:27,77.4800,56,2
2026-04-02,000333,14:32:30,77.4700,170,2
2026-04-02,000333,14:32:33,77.4800,144,1
2026-04-02,000333,14:32:36,77.4800,9,1
2026-04-02,000333,14:32:39,77.4700,11,2
2026-04-02,000333,14:32:42,77.4700,25,2
2026-04-02,000333,14:32:45,77.4700,4,2
2026-04-02,000333,14:32:48,77.4700,9,2
2026-04-02,000333,14:32:51,77.4800,26,1
2026-04-02,000333,14:32:54,77.4800,21,1
2026-04-02,000333,14:32:57,77.4700,20,2
2026-04-02,000333,14:33:00,77.4800,7,1
2026-04-02,000333,14:33:03,77.4700,31,2
2026-04-02,000333,14:33:06,77.4800,17,1
2026-04-02,000333,14:33:09,77.4800,108,1
2026-04-02,000333,14:33:12,77.4900,19,1
2026-04-02,000333,14:33:15,77.4900,303,1
2026-04-02,000333,14:33:18,77.4900,7,2
2026-04-02,000333,14:33:21,77.5000,51,1
2026-04-02,000333,14:33:24,77.5000,40,1
2026-04-02,000333,14:33:27,77.5000,52,2
2026-04-02,000333,14:33:30,77.5000,56,2
2026-04-02,000333,14:33:33,77.5000,12,2
2026-04-02,000333,14:33:36,77.5000,22,2
2026-04-02,000333,14:33:39,77.5000,12,2
2026-04-02,000333,14:33:42,77.5000,11,2
2026-04-02,000333,14:33:45,77.5000,5,2
2026-04-02,000333,14:33:48,77.5100,13,1
2026-04-02,000333,14:33:51,77.5100,4,1
2026-04-02,000333,14:33:54,77.5000,79,2
2026-04-02,000333,14:33:57,77.5000,38,2
2026-04-02,000333,14:34:00,77.5000,35,2
2026-04-02,000333,14:34:03,77.5000,12,2
2026-04-02,000333,14:34:06,77.5100,49,1
2026-04-02,000333,14:34:09,77.5100,22,1
2026-04-02,000333,14:34:12,77.5100,16,1
2026-04-02,000333,14:34:15,77.5000,32,2
2026-04-02,000333,14:34:18,77.5100,56,1
2026-04-02,000333,14:34:21,77.5000,7,2
2026-04-02,000333,14:34:24,77.5100,3,1
2026-04-02,000333,14:34:27,77.5100,21,1
2026-04-02,000333,14:34:30,77.5000,11,2
2026-04-02,000333,14:34:36,77.5000,9,2
2026-04-02,000333,14:34:39,77.5100,19,1
2026-04-02,000333,14:34:42,77.5000,1,2
2026-04-02,000333,14:34:45,77.5000,3,2
2026-04-02,000333,14:34:48,77.5000,183,2
2026-04-02,000333,14:34:51,77.5000,211,2
2026-04-02,000333,14:34:54,77.5000,17,2
2026-04-02,000333,14:34:57,77.5000,12,1
2026-04-02,000333,14:35:00,77.5000,52,1
2026-04-02,000333,14:35:03,77.4900,127,2
2026-04-02,000333,14:35:06,77.5000,74,1
2026-04-02,000333,14:35:09,77.5000,36,2
2026-04-02,000333,14:35:12,77.5000,74,2
2026-04-02,000333,14:35:15,77.5000,22,2
2026-04-02,000333,14:35:18,77.5100,77,1
2026-04-02,000333,14:35:21,77.5000,89,2
2026-04-02,000333,14:35:24,77.5000,28,2
2026-04-02,000333,14:35:27,77.4900,39,2
2026-04-02,000333,14:35:30,77.5000,31,1
2026-04-02,000333,14:35:33,77.5000,18,1
2026-04-02,000333,14:35:36,77.4900,7,2
2026-04-02,000333,14:35:39,77.5000,7,1
2026-04-02,000333,14:35:42,77.5000,10,1
2026-04-02,000333,14:35:45,77.4900,15,2
2026-04-02,000333,14:35:48,77.4800,168,2
2026-04-02,000333,14:35:51,77.4700,7,2
2026-04-02,000333,14:35:54,77.4600,54,2
2026-04-02,000333,14:35:57,77.4800,42,1
2026-04-02,000333,14:36:00,77.4700,35,1
2026-04-02,000333,14:36:03,77.4700,22,1
2026-04-02,000333,14:36:06,77.4700,2,2
2026-04-02,000333,14:36:09,77.4600,62,2
2026-04-02,000333,14:36:12,77.4600,37,2
2026-04-02,000333,14:36:15,77.4200,169,2
2026-04-02,000333,14:36:18,77.4300,15,2
2026-04-02,000333,14:36:21,77.4300,26,2
2026-04-02,000333,14:36:24,77.4300,5,2
2026-04-02,000333,14:36:27,77.4300,10,2
2026-04-02,000333,14:36:30,77.4300,19,2
2026-04-02,000333,14:36:33,77.4300,14,2
2026-04-02,000333,14:36:36,77.4300,1,2
2026-04-02,000333,14:36:39,77.4300,9,2
2026-04-02,000333,14:36:42,77.4300,6,2
2026-04-02,000333,14:36:45,77.4300,15,2
2026-04-02,000333,14:36:48,77.4400,18,1
2026-04-02,000333,14:36:51,77.4300,10,2
2026-04-02,000333,14:36:54,77.4400,73,1
2026-04-02,000333,14:36:57,77.4300,31,2
2026-04-02,000333,14:37:00,77.4500,7,1
2026-04-02,000333,14:37:03,77.4500,67,1
2026-04-02,000333,14:37:06,77.4500,72,1
2026-04-02,000333,14:37:09,77.4600,73,1
2026-04-02,000333,14:37:12,77.4600,24,2
2026-04-02,000333,14:37:15,77.4700,13,1
2026-04-02,000333,14:37:18,77.4600,41,2
2026-04-02,000333,14:37:21,77.4700,9,1
2026-04-02,000333,14:37:24,77.4700,50,1
2026-04-02,000333,14:37:27,77.4700,25,1
2026-04-02,000333,14:37:30,77.4800,12,1
2026-04-02,000333,14:37:33,77.4800,38,1
2026-04-02,000333,14:37:36,77.4700,69,2
2026-04-02,000333,14:37:39,77.4600,14,2
2026-04-02,000333,14:37:42,77.4600,12,2
2026-04-02,000333,14:37:45,77.4600,12,2
2026-04-02,000333,14:37:48,77.4700,48,1
2026-04-02,000333,14:37:51,77.4600,27,4
2026-04-02,000333,14:37:54,77.4600,3,2
2026-04-02,000333,14:37:57,77.4700,2,1
2026-04-02,000333,14:38:00,77.4600,42,2
2026-04-02,000333,14:38:03,77.4600,23,2
2026-04-02,000333,14:38:06,77.4600,225,2
2026-04-02,000333,14:38:09,77.4400,101,2
2026-04-02,000333,14:38:12,77.4400,3,2
2026-04-02,000333,14:38:15,77.4400,23,2
2026-04-02,000333,14:38:18,77.4400,92,1
2026-04-02,000333,14:38:21,77.4400,48,1
2026-04-02,000333,14:38:24,77.4400,21,1
2026-04-02,000333,14:38:27,77.4400,6,1
2026-04-02,000333,14:38:30,77.4300,1,2
2026-04-02,000333,14:38:33,77.4300,13,2
2026-04-02,000333,14:38:36,77.4400,12,1
2026-04-02,000333,14:38:39,77.4300,6,2
2026-04-02,000333,14:38:42,77.4300,41,2
2026-04-02,000333,14:38:45,77.4300,4,2
2026-04-02,000333,14:38:48,77.4400,35,1
2026-04-02,000333,14:38:51,77.4300,27,2
2026-04-02,000333,14:38:54,77.4400,54,1
2026-04-02,000333,14:38:57,77.4300,198,2
2026-04-02,000333,14:39:00,77.4100,128,2
2026-04-02,000333,14:39:03,77.3900,95,2
2026-04-02,000333,14:39:06,77.3900,97,1
2026-04-02,000333,14:39:09,77.4000,58,2
2026-04-02,000333,14:39:12,77.4000,99,1
2026-04-02,000333,14:39:15,77.4100,8,1
2026-04-02,000333,14:39:18,77.4100,14,1
2026-04-02,000333,14:39:21,77.4100,46,2
2026-04-02,000333,14:39:24,77.4000,128,2
2026-04-02,000333,14:39:27,77.4000,49,2
2026-04-02,000333,14:39:30,77.4000,4,2
2026-04-02,000333,14:39:33,77.4000,11,2
2026-04-02,000333,14:39:36,77.4000,8,2
2026-04-02,000333,14:39:39,77.4000,19,2
2026-04-02,000333,14:39:42,77.4000,25,2
2026-04-02,000333,14:39:45,77.4000,49,2
2026-04-02,000333,14:39:48,77.4000,25,2
2026-04-02,000333,14:39:51,77.4000,130,2
2026-04-02,000333,14:39:54,77.3800,44,2
2026-04-02,000333,14:39:57,77.4000,19,1
2026-04-02,000333,14:40:00,77.3800,8,2
2026-04-02,000333,14:40:03,77.3700,78,2
2026-04-02,000333,14:40:06,77.3600,171,2
2026-04-02,000333,14:40:09,77.3500,116,2
2026-04-02,000333,14:40:12,77.3600,104,1
2026-04-02,000333,14:40:15,77.3600,12,1
2026-04-02,000333,14:40:18,77.3500,8,2
2026-04-02,000333,14:40:21,77.3500,68,2
2026-04-02,000333,14:40:24,77.3400,14,2
2026-04-02,000333,14:40:27,77.3400,23,2
2026-04-02,000333,14:40:30,77.3500,139,1
2026-04-02,000333,14:40:33,77.3600,96,1
2026-04-02,000333,14:40:36,77.3600,226,1
2026-04-02,000333,14:40:39,77.3600,57,1
2026-04-02,000333,14:40:42,77.3500,142,2
2026-04-02,000333,14:40:45,77.3600,19,2
2026-04-02,000333,14:40:48,77.3600,90,2
2026-04-02,000333,14:40:51,77.3700,27,2
2026-04-02,000333,14:40:54,77.3600,56,2
2026-04-02,000333,14:40:57,77.3700,52,2
2026-04-02,000333,14:41:00,77.3600,76,2
2026-04-02,000333,14:41:03,77.3700,35,1
2026-04-02,000333,14:41:06,77.3600,30,2
2026-04-02,000333,14:41:09,77.3500,58,2
2026-04-02,000333,14:41:12,77.3500,4,2
2026-04-02,000333,14:41:15,77.3600,27,1
2026-04-02,000333,14:41:18,77.3600,80,1
2026-04-02,000333,14:41:21,77.3500,85,2
2026-04-02,000333,14:41:24,77.3400,241,2
2026-04-02,000333,14:41:27,77.3500,20,1
2026-04-02,000333,14:41:30,77.3400,24,2
2026-04-02,000333,14:41:33,77.3400,39,2
2026-04-02,000333,14:41:36,77.3500,6,1
2026-04-02,000333,14:41:39,77.3500,18,1
2026-04-02,000333,14:41:42,77.3400,37,2
2026-04-02,000333,14:41:45,77.3500,101,1
2026-04-02,000333,14:41:48,77.3500,179,1
2026-04-02,000333,14:41:51,77.3400,38,2
2026-04-02,000333,14:41:54,77.3500,7,1
2026-04-02,000333,14:41:57,77.3400,7,2
2026-04-02,000333,14:42:00,77.3300,42,2
2026-04-02,000333,14:42:03,77.3300,140,2
2026-04-02,000333,14:42:06,77.3300,35,2
2026-04-02,000333,14:42:09,77.3300,8,2
2026-04-02,000333,14:42:12,77.3300,31,2
2026-04-02,000333,14:42:15,77.3300,73,2
2026-04-02,000333,14:42:18,77.3300,108,2
2026-04-02,000333,14:42:21,77.3200,267,2
2026-04-02,000333,14:42:24,77.3200,263,2
2026-04-02,000333,14:42:27,77.2800,321,2
2026-04-02,000333,14:42:30,77.2700,96,2
2026-04-02,000333,14:42:33,77.2600,201,2
2026-04-02,000333,14:42:36,77.2600,36,2
2026-04-02,000333,14:42:39,77.2500,37,2
2026-04-02,000333,14:42:42,77.2500,82,2
2026-04-02,000333,14:42:45,77.2500,17,2
2026-04-02,000333,14:42:48,77.2600,406,1
2026-04-02,000333,14:42:51,77.2900,558,1
2026-04-02,000333,14:42:54,77.2900,177,1
2026-04-02,000333,14:42:57,77.2700,58,2
2026-04-02,000333,14:43:00,77.2900,9,1
2026-04-02,000333,14:43:03,77.2900,59,1
2026-04-02,000333,14:43:06,77.2800,34,2
2026-04-02,000333,14:43:09,77.2900,149,1
2026-04-02,000333,14:43:12,77.2800,3,2
2026-04-02,000333,14:43:15,77.2800,33,2
2026-04-02,000333,14:43:18,77.2800,27,2
2026-04-02,000333,14:43:21,77.2800,17,2
2026-04-02,000333,14:43:24,77.2800,18,2
2026-04-02,000333,14:43:27,77.2800,13,2
2026-04-02,000333,14:43:30,77.2800,85,2
2026-04-02,000333,14:43:33,77.2700,21,2
2026-04-02,000333,14:43:36,77.2800,172,1
2026-04-02,000333,14:43:39,77.2900,50,1
2026-04-02,000333,14:43:42,77.3000,23,1
2026-04-02,000333,14:43:45,77.3000,107,1
2026-04-02,000333,14:43:48,77.3100,91,1
2026-04-02,000333,14:43:51,77.3000,109,1
2026-04-02,000333,14:43:54,77.2900,63,4
2026-04-02,000333,14:43:57,77.3000,69,1
2026-04-02,000333,14:44:00,77.3000,4,1
2026-04-02,000333,14:44:03,77.2800,47,2
2026-04-02,000333,14:44:06,77.2800,87,2
2026-04-02,000333,14:44:09,77.2800,93,1
2026-04-02,000333,14:44:12,77.2700,73,2
2026-04-02,000333,14:44:15,77.2700,147,2
2026-04-02,000333,14:44:18,77.2600,99,2
2026-04-02,000333,14:44:21,77.2700,152,1
2026-04-02,000333,14:44:24,77.2600,31,2
2026-04-02,000333,14:44:27,77.2500,58,2
2026-04-02,000333,14:44:30,77.2500,151,2
2026-04-02,000333,14:44:33,77.2400,116,2
2026-04-02,000333,14:44:36,77.2300,102,2
2026-04-02,000333,14:44:39,77.2100,134,2
2026-04-02,000333,14:44:42,77.2100,84,2
2026-04-02,000333,14:44:45,77.2100,174,2
2026-04-02,000333,14:44:48,77.2100,157,1
2026-04-02,000333,14:44:51,77.2200,532,1
2026-04-02,000333,14:44:54,77.2100,77,2
2026-04-02,000333,14:44:57,77.2000,178,2
2026-04-02,000333,14:45:00,77.2100,253,1
2026-04-02,000333,14:45:03,77.2200,84,4
2026-04-02,000333,14:45:06,77.2100,50,2
2026-04-02,000333,14:45:09,77.2100,51,2
2026-04-02,000333,14:45:12,77.2100,83,2
2026-04-02,000333,14:45:15,77.2100,92,1
2026-04-02,000333,14:45:18,77.2100,108,1
2026-04-02,000333,14:45:21,77.2300,197,4
2026-04-02,000333,14:45:24,77.2400,121,1
2026-04-02,000333,14:45:27,77.2300,67,2
2026-04-02,000333,14:45:30,77.2200,84,2
2026-04-02,000333,14:45:33,77.2300,16,4
2026-04-02,000333,14:45:36,77.2400,48,1
2026-04-02,000333,14:45:39,77.2300,16,4
2026-04-02,000333,14:45:42,77.2300,65,2
2026-04-02,000333,14:45:45,77.2200,16,2
2026-04-02,000333,14:45:48,77.2300,42,1
2026-04-02,000333,14:45:51,77.2200,90,2
2026-04-02,000333,14:45:54,77.2100,83,2
2026-04-02,000333,14:45:57,77.2000,71,2
2026-04-02,000333,14:46:00,77.2100,159,1
2026-04-02,000333,14:46:03,77.2000,55,1
2026-04-02,000333,14:46:06,77.1900,87,2
2026-04-02,000333,14:46:09,77.1900,22,1
2026-04-02,000333,14:46:12,77.1900,32,2
2026-04-02,000333,14:46:15,77.1900,10,2
2026-04-02,000333,14:46:18,77.1900,54,2
2026-04-02,000333,14:46:21,77.1900,38,2
2026-04-02,000333,14:46:24,77.2000,12,1
2026-04-02,000333,14:46:27,77.1900,36,2
2026-04-02,000333,14:46:30,77.2000,38,1
2026-04-02,000333,14:46:33,77.1900,54,2
2026-04-02,000333,14:46:36,77.2000,10,1
2026-04-02,000333,14:46:39,77.2000,30,1
2026-04-02,000333,14:46:42,77.2000,25,1
2026-04-02,000333,14:46:45,77.2300,980,1
2026-04-02,000333,14:46:48,77.2300,156,1
2026-04-02,000333,14:46:51,77.2300,72,1
2026-04-02,000333,14:46:54,77.2300,35,1
2026-04-02,000333,14:46:57,77.2200,19,2
2026-04-02,000333,14:47:00,77.2100,50,2
2026-04-02,000333,14:47:03,77.2100,32,2
2026-04-02,000333,14:47:06,77.2100,104,2
2026-04-02,000333,14:47:09,77.2200,234,1
2026-04-02,000333,14:47:12,77.2100,21,1
2026-04-02,000333,14:47:15,77.2100,172,1
2026-04-02,000333,14:47:18,77.2000,61,2
2026-04-02,000333,14:47:21,77.2000,25,2
2026-04-02,000333,14:47:24,77.2100,42,1
2026-04-02,000333,14:47:27,77.1900,103,2
2026-04-02,000333,14:47:30,77.1900,38,2
2026-04-02,000333,14:47:33,77.2000,110,1
2026-04-02,000333,14:47:36,77.2000,26,1
2026-04-02,000333,14:47:39,77.2000,24,1
2026-04-02,000333,14:47:42,77.2000,97,1
2026-04-02,000333,14:47:45,77.1900,23,1
2026-04-02,000333,14:47:48,77.1900,55,1
2026-04-02,000333,14:47:51,77.1800,40,2
2026-04-02,000333,14:47:54,77.1800,81,2
2026-04-02,000333,14:47:57,77.1800,20,1
2026-04-02,000333,14:48:00,77.1800,18,1
2026-04-02,000333,14:48:03,77.1700,38,2
2026-04-02,000333,14:48:06,77.1700,92,2
2026-04-02,000333,14:48:09,77.1700,304,2
2026-04-02,000333,14:48:12,77.1800,71,1
2026-04-02,000333,14:48:15,77.1800,67,1
2026-04-02,000333,14:48:18,77.1700,38,2
2026-04-02,000333,14:48:21,77.1600,47,2
2026-04-02,000333,14:48:24,77.1600,7,2
2026-04-02,000333,14:48:27,77.1700,106,1
2026-04-02,000333,14:48:30,77.1700,67,1
2026-04-02,000333,14:48:33,77.1800,37,1
2026-04-02,000333,14:48:36,77.1800,8,1
2026-04-02,000333,14:48:39,77.1900,716,1
2026-04-02,000333,14:48:42,77.1900,140,1
2026-04-02,000333,14:48:45,77.1900,26,1
2026-04-02,000333,14:48:48,77.1900,65,1
2026-04-02,000333,14:48:51,77.1700,31,2
2026-04-02,000333,14:48:54,77.1800,32,1
2026-04-02,000333,14:48:57,77.1800,58,1
2026-04-02,000333,14:49:00,77.1900,76,1
2026-04-02,000333,14:49:03,77.2000,295,1
2026-04-02,000333,14:49:06,77.1800,122,2
2026-04-02,000333,14:49:09,77.1900,86,4
2026-04-02,000333,14:49:12,77.1900,207,2
2026-04-02,000333,14:49:15,77.1900,126,2
2026-04-02,000333,14:49:18,77.1900,26,2
2026-04-02,000333,14:49:21,77.1900,9,2
2026-04-02,000333,14:49:24,77.2000,22,1
2026-04-02,000333,14:49:27,77.1800,14,2
2026-04-02,000333,14:49:30,77.1900,101,1
2026-04-02,000333,14:49:33,77.1900,1,2
2026-04-02,000333,14:49:36,77.1900,27,2
2026-04-02,000333,14:49:39,77.1900,43,2
2026-04-02,000333,14:49:42,77.1800,204,2
2026-04-02,000333,14:49:45,77.1800,47,1
2026-04-02,000333,14:49:48,77.1900,224,1
2026-04-02,000333,14:49:51,77.1800,84,2
2026-04-02,000333,14:49:54,77.1900,12,1
2026-04-02,000333,14:49:57,77.1800,12,2
2026-04-02,000333,14:50:00,77.1900,14,1
2026-04-02,000333,14:50:03,77.2100,352,1
2026-04-02,000333,14:50:06,77.2100,95,1
2026-04-02,000333,14:50:09,77.2100,237,1
2026-04-02,000333,14:50:12,77.2100,80,2
2026-04-02,000333,14:50:15,77.2100,211,2
2026-04-02,000333,14:50:18,77.2100,20,2
2026-04-02,000333,14:50:21,77.2200,49,1
2026-04-02,000333,14:50:24,77.2200,45,1
2026-04-02,000333,14:50:27,77.2200,13,1
2026-04-02,000333,14:50:30,77.2200,50,1
2026-04-02,000333,14:50:33,77.2200,126,1
2026-04-02,000333,14:50:36,77.2200,558,1
2026-04-02,000333,14:50:39,77.2200,194,2
2026-04-02,000333,14:50:42,77.2300,10,2
2026-04-02,000333,14:50:45,77.2300,55,2
2026-04-02,000333,14:50:48,77.2200,36,2
2026-04-02,000333,14:50:51,77.2200,116,2
2026-04-02,000333,14:50:54,77.2200,40,1
2026-04-02,000333,14:50:57,77.2100,12,2
2026-04-02,000333,14:51:00,77.2000,42,2
2026-04-02,000333,14:51:03,77.2100,12,1
2026-04-02,000333,14:51:06,77.2100,62,1
2026-04-02,000333,14:51:09,77.2000,32,1
2026-04-02,000333,14:51:12,77.1900,72,2
2026-04-02,000333,14:51:15,77.1900,66,1
2026-04-02,000333,14:51:18,77.2000,15,1
2026-04-02,000333,14:51:21,77.1800,41,2
2026-04-02,000333,14:51:24,77.1900,34,1
2026-04-02,000333,14:51:27,77.1900,26,1
2026-04-02,000333,14:51:30,77.1900,54,1
2026-04-02,000333,14:51:33,77.1900,16,1
2026-04-02,000333,14:51:36,77.1900,45,1
2026-04-02,000333,14:51:39,77.1900,26,2
2026-04-02,000333,14:51:42,77.1900,60,2
2026-04-02,000333,14:51:45,77.1900,79,2
2026-04-02,000333,14:51:48,77.1900,70,2
2026-04-02,000333,14:51:51,77.1900,11,2
2026-04-02,000333,14:51:54,77.1900,42,2
2026-04-02,000333,14:51:57,77.1900,44,2
2026-04-02,000333,14:52:00,77.1900,88,2
2026-04-02,000333,14:52:03,77.1900,141,2
2026-04-02,000333,14:52:06,77.1900,84,2
2026-04-02,000333,14:52:09,77.1900,78,2
2026-04-02,000333,14:52:12,77.1900,131,2
2026-04-02,000333,14:52:15,77.1800,317,2
2026-04-02,000333,14:52:18,77.1800,84,1
2026-04-02,000333,14:52:21,77.1800,60,1
2026-04-02,000333,14:52:24,77.1800,46,1
2026-04-02,000333,14:52:27,77.1700,93,2
2026-04-02,000333,14:52:30,77.1800,171,1
2026-04-02,000333,14:52:33,77.1800,172,1
2026-04-02,000333,14:52:36,77.1800,159,1
2026-04-02,000333,14:52:39,77.1700,42,2
2026-04-02,000333,14:52:42,77.1700,95,2
2026-04-02,000333,14:52:45,77.1700,77,2
2026-04-02,000333,14:52:48,77.1700,27,2
2026-04-02,000333,14:52:51,77.1700,59,2
2026-04-02,000333,14:52:54,77.1700,82,2
2026-04-02,000333,14:52:57,77.1700,82,2
2026-04-02,000333,14:53:00,77.1700,54,2
2026-04-02,000333,14:53:03,77.1700,98,2
2026-04-02,000333,14:53:06,77.1800,50,1
2026-04-02,000333,14:53:09,77.1700,87,2
2026-04-02,000333,14:53:12,77.1800,15,1
2026-04-02,000333,14:53:15,77.1800,286,1
2026-04-02,000333,14:53:18,77.1800,75,1
2026-04-02,000333,14:53:21,77.1700,337,2
2026-04-02,000333,14:53:24,77.1700,325,2
2026-04-02,000333,14:53:27,77.2100,1740,1
2026-04-02,000333,14:53:30,77.2700,306,1
2026-04-02,000333,14:53:33,77.2800,289,1
2026-04-02,000333,14:53:36,77.2900,134,1
2026-04-02,000333,14:53:39,77.3000,78,1
2026-04-02,000333,14:53:42,77.2900,62,2
2026-04-02,000333,14:53:45,77.3000,67,1
2026-04-02,000333,14:53:48,77.3000,30,2
2026-04-02,000333,14:53:51,77.3100,68,1
2026-04-02,000333,14:53:54,77.3000,31,4
2026-04-02,000333,14:53:57,77.2900,32,2
2026-04-02,000333,14:54:00,77.2800,115,2
2026-04-02,000333,14:54:03,77.2500,195,2
2026-04-02,000333,14:54:06,77.2500,101,2
2026-04-02,000333,14:54:09,77.2500,269,1
2026-04-02,000333,14:54:12,77.2600,34,1
2026-04-02,000333,14:54:15,77.2600,115,1
2026-04-02,000333,14:54:18,77.2500,116,2
2026-04-02,000333,14:54:21,77.2600,18,1
2026-04-02,000333,14:54:24,77.2600,30,2
2026-04-02,000333,14:54:27,77.2700,64,1
2026-04-02,000333,14:54:30,77.2600,37,2
2026-04-02,000333,14:54:33,77.2600,211,2
2026-04-02,000333,14:54:36,77.2500,69,2
2026-04-02,000333,14:54:39,77.2500,16,2
2026-04-02,000333,14:54:42,77.2400,20,2
2026-04-02,000333,14:54:45,77.2200,53,2
2026-04-02,000333,14:54:48,77.2100,82,2
2026-04-02,000333,14:54:51,77.2100,19,2
2026-04-02,000333,14:54:54,77.2100,32,2
2026-04-02,000333,14:54:57,77.2100,8,2
2026-04-02,000333,14:55:00,77.2000,26,2
2026-04-02,000333,14:55:03,77.2200,169,1
2026-04-02,000333,14:55:06,77.2200,23,1
2026-04-02,000333,14:55:09,77.2000,210,2
2026-04-02,000333,14:55:12,77.2200,698,1
2026-04-02,000333,14:55:15,77.2400,284,1
2026-04-02,000333,14:55:18,77.2400,31,1
2026-04-02,000333,14:55:21,77.2400,26,1
2026-04-02,000333,14:55:24,77.2600,134,1
2026-04-02,000333,14:55:27,77.2600,82,1
2026-04-02,000333,14:55:30,77.2700,64,2
2026-04-02,000333,14:55:33,77.2800,126,1
2026-04-02,000333,14:55:36,77.2600,126,2
2026-04-02,000333,14:55:39,77.2600,56,2
2026-04-02,000333,14:55:42,77.2400,1764,2
2026-04-02,000333,14:55:45,77.2400,50,1
2026-04-02,000333,14:55:48,77.2200,65,2
2026-04-02,000333,14:55:51,77.2200,31,2
2026-04-02,000333,14:55:54,77.2200,317,1
2026-04-02,000333,14:55:57,77.2100,115,1
2026-04-02,000333,14:56:00,77.2100,65,1
2026-04-02,000333,14:56:03,77.2500,73,1
2026-04-02,000333,14:56:06,77.2400,52,1
2026-04-02,000333,14:56:09,77.2500,109,1
2026-04-02,000333,14:56:12,77.2600,93,1
2026-04-02,000333,14:56:15,77.1500,413,2
2026-04-02,000333,14:56:18,77.2600,45,1
2026-04-02,000333,14:56:21,77.2400,22,1
2026-04-02,000333,14:56:24,77.2500,41,1
2026-04-02,000333,14:56:27,77.2600,201,1
2026-04-02,000333,14:56:30,77.2500,210,2
2026-04-02,000333,14:56:33,77.2600,49,2
2026-04-02,000333,14:56:36,77.2400,60,2
2026-04-02,000333,14:56:39,77.2400,18,1
2026-04-02,000333,14:56:42,77.2500,43,1
2026-04-02,000333,14:56:45,77.2400,36,2
2026-04-02,000333,14:56:48,77.2400,69,2
2026-04-02,000333,14:56:51,77.2600,68,1
2026-04-02,000333,14:56:54,77.2400,34,2
2026-04-02,000333,14:56:57,77.2500,34,1
2026-04-02,000333,14:57:00,77.2700,29,1
2026-04-02,000333,15:00:01,77.3700,4982,4
2026-04-02,000333,13:16:21,77.7200,203,1
2026-04-02,000333,13:16:24,77.7300,38,4
2026-04-02,000333,13:16:27,77.7500,112,1
2026-04-02,000333,13:16:30,77.7800,140,1
2026-04-02,000333,13:16:33,77.7900,168,1
2026-04-02,000333,13:16:36,77.7900,154,1
2026-04-02,000333,13:16:39,77.7800,121,2
2026-04-02,000333,13:16:42,77.7700,30,2
2026-04-02,000333,13:16:45,77.7800,45,1
2026-04-02,000333,13:16:48,77.7800,15,4
2026-04-02,000333,13:16:51,77.7800,69,4
2026-04-02,000333,13:16:54,77.7800,141,2
2026-04-02,000333,13:16:57,77.7800,22,2
2026-04-02,000333,13:17:00,77.7800,13,4
2026-04-02,000333,13:17:03,77.7600,89,2
2026-04-02,000333,13:17:06,77.7500,17,2
2026-04-02,000333,13:17:09,77.7500,25,2
2026-04-02,000333,13:17:12,77.7200,107,2
2026-04-02,000333,13:17:15,77.7100,21,2
2026-04-02,000333,13:17:18,77.7100,3,1
2026-04-02,000333,13:17:21,77.7000,12,2
2026-04-02,000333,13:17:24,77.7200,45,1
2026-04-02,000333,13:17:27,77.7100,21,2
2026-04-02,000333,13:17:30,77.7100,9,2
2026-04-02,000333,13:17:33,77.7100,42,1
2026-04-02,000333,13:17:36,77.7100,41,1
2026-04-02,000333,13:17:39,77.7100,9,1
2026-04-02,000333,13:17:42,77.7100,4,1
2026-04-02,000333,13:17:45,77.7000,4,2
2026-04-02,000333,13:17:48,77.7000,23,2
2026-04-02,000333,13:17:51,77.7000,11,2
2026-04-02,000333,13:17:54,77.7000,9,2
2026-04-02,000333,13:17:57,77.7100,14,1
2026-04-02,000333,13:18:00,77.7000,44,2
2026-04-02,000333,13:18:03,77.6900,49,2
2026-04-02,000333,13:18:06,77.6900,33,2
2026-04-02,000333,13:18:09,77.6800,16,2
2026-04-02,000333,13:18:12,77.6800,8,2
2026-04-02,000333,13:18:15,77.6800,4,2
2026-04-02,000333,13:18:18,77.6800,4,1
2026-04-02,000333,13:18:21,77.6700,22,2
2026-04-02,000333,13:18:24,77.6800,48,1
2026-04-02,000333,13:18:27,77.6700,25,2
2026-04-02,000333,13:18:30,77.6700,15,2
2026-04-02,000333,13:18:33,77.6500,65,2
2026-04-02,000333,13:18:36,77.6400,11,2
2026-04-02,000333,13:18:39,77.6500,79,1
2026-04-02,000333,13:18:42,77.6500,16,2
2026-04-02,000333,13:18:45,77.6500,60,2
2026-04-02,000333,13:18:48,77.6500,16,2
2026-04-02,000333,13:18:51,77.6400,46,2
2026-04-02,000333,13:18:54,77.6400,11,2
2026-04-02,000333,13:18:57,77.6400,6,2
2026-04-02,000333,13:19:00,77.6400,28,2
2026-04-02,000333,13:19:03,77.6400,9,2
2026-04-02,000333,13:19:06,77.6400,23,1
2026-04-02,000333,13:19:09,77.6400,18,1
2026-04-02,000333,13:19:12,77.6400,8,1
2026-04-02,000333,13:19:15,77.6400,16,1
2026-04-02,000333,13:19:18,77.6400,138,1
2026-04-02,000333,13:19:21,77.6700,380,1
2026-04-02,000333,13:19:24,77.6900,83,1
2026-04-02,000333,13:19:27,77.6900,13,4
2026-04-02,000333,13:19:30,77.6900,54,2
2026-04-02,000333,13:19:33,77.6900,143,1
2026-04-02,000333,13:19:36,77.7000,57,1
2026-04-02,000333,13:19:39,77.7000,6,1
2026-04-02,000333,13:19:42,77.6900,42,2
2026-04-02,000333,13:19:45,77.6700,49,2
2026-04-02,000333,13:19:48,77.6700,29,4
2026-04-02,000333,13:19:51,77.6600,5,4
2026-04-02,000333,13:19:54,77.6500,3,2
2026-04-02,000333,13:19:57,77.6600,7,4
2026-04-02,000333,13:20:00,77.6500,22,2
2026-04-02,000333,13:20:03,77.6500,213,1
2026-04-02,000333,13:20:06,77.6300,17,2
2026-04-02,000333,13:20:09,77.6200,12,2
2026-04-02,000333,13:20:12,77.6200,7,2
2026-04-02,000333,13:20:15,77.6200,20,2
2026-04-02,000333,13:20:18,77.6300,6,1
2026-04-02,000333,13:20:21,77.6100,24,2
2026-04-02,000333,13:20:24,77.6100,32,2
2026-04-02,000333,13:20:27,77.6100,13,2
2026-04-02,000333,13:20:30,77.6100,10,2
2026-04-02,000333,13:20:33,77.6200,27,1
2026-04-02,000333,13:20:36,77.6100,19,2
2026-04-02,000333,13:20:39,77.6300,45,1
2026-04-02,000333,13:20:42,77.6100,24,2
2026-04-02,000333,13:20:45,77.6100,35,2
2026-04-02,000333,13:20:48,77.6200,38,1
2026-04-02,000333,13:20:51,77.6100,7,2
2026-04-02,000333,13:20:54,77.6100,17,2
2026-04-02,000333,13:20:57,77.6100,2,2
2026-04-02,000333,13:21:00,77.6100,19,2
2026-04-02,000333,13:21:03,77.6200,15,1
2026-04-02,000333,13:21:06,77.6200,5,1
2026-04-02,000333,13:21:09,77.6200,48,1
2026-04-02,000333,13:21:12,77.6200,30,4
2026-04-02,000333,13:21:15,77.6200,15,1
2026-04-02,000333,13:21:18,77.6400,133,1
2026-04-02,000333,13:21:21,77.6500,49,1
2026-04-02,000333,13:21:24,77.6700,76,1
2026-04-02,000333,13:21:27,77.6700,85,2
2026-04-02,000333,13:21:30,77.6400,65,2
2026-04-02,000333,13:21:33,77.6200,127,2
2026-04-02,000333,13:21:36,77.6300,96,2
2026-04-02,000333,13:21:39,77.6500,125,1
2026-04-02,000333,13:21:42,77.6100,145,2
2026-04-02,000333,13:21:45,77.6000,22,4
2026-04-02,000333,13:21:48,77.5900,13,2
2026-04-02,000333,13:21:51,77.5900,55,2
2026-04-02,000333,13:21:54,77.6000,16,1
2026-04-02,000333,13:21:57,77.5900,1,2
2026-04-02,000333,13:22:00,77.5900,112,2
2026-04-02,000333,13:22:03,77.5900,15,1
2026-04-02,000333,13:22:06,77.5900,8,1
2026-04-02,000333,13:22:09,77.5800,7,2
2026-04-02,000333,13:22:12,77.5800,5,2
2026-04-02,000333,13:22:15,77.5900,29,1
2026-04-02,000333,13:22:18,77.5900,77,1
2026-04-02,000333,13:22:21,77.6000,82,1
2026-04-02,000333,13:22:24,77.5900,212,2
2026-04-02,000333,13:22:27,77.6000,23,4
2026-04-02,000333,13:22:30,77.6100,124,1
2026-04-02,000333,13:22:33,77.6200,70,1
2026-04-02,000333,13:22:36,77.6400,28,4
2026-04-02,000333,13:22:39,77.6300,31,2
2026-04-02,000333,13:22:42,77.6400,4,1
2026-04-02,000333,13:22:45,77.6400,26,2
2026-04-02,000333,13:22:48,77.6500,21,1
2026-04-02,000333,13:22:51,77.6500,16,1
2026-04-02,000333,13:22:54,77.6500,11,1
2026-04-02,000333,13:22:57,77.6400,12,2
2026-04-02,000333,13:23:00,77.6400,70,2
2026-04-02,000333,13:23:03,77.6500,18,1
2026-04-02,000333,13:23:06,77.6400,34,2
2026-04-02,000333,13:23:09,77.6400,30,2
2026-04-02,000333,13:23:12,77.6400,80,2
2026-04-02,000333,13:23:15,77.6400,121,2
2026-04-02,000333,13:23:18,77.6200,13,2
2026-04-02,000333,13:23:21,77.6200,10,2
2026-04-02,000333,13:23:24,77.6200,4,2
2026-04-02,000333,13:23:27,77.6200,24,2
2026-04-02,000333,13:23:30,77.6200,50,1
2026-04-02,000333,13:23:33,77.6100,27,4
2026-04-02,000333,13:23:36,77.6000,164,2
2026-04-02,000333,13:23:39,77.5900,10,2
2026-04-02,000333,13:23:42,77.5900,5,2
2026-04-02,000333,13:23:45,77.5900,46,2
2026-04-02,000333,13:23:48,77.6000,171,1
2026-04-02,000333,13:23:51,77.6100,125,1
2026-04-02,000333,13:23:54,77.6200,31,1
2026-04-02,000333,13:23:57,77.6400,70,1
2026-04-02,000333,13:24:00,77.6400,39,1
2026-04-02,000333,13:24:03,77.6400,5,4
2026-04-02,000333,13:24:06,77.6400,51,2
2026-04-02,000333,13:24:09,77.6400,41,2
2026-04-02,000333,13:24:12,77.6500,35,1
2026-04-02,000333,13:24:15,77.6400,17,2
2026-04-02,000333,13:24:18,77.6400,4,4
2026-04-02,000333,13:24:21,77.6500,4,1
2026-04-02,000333,13:24:24,77.6500,6,1
2026-04-02,000333,13:24:27,77.6500,1,1
2026-04-02,000333,13:24:30,77.6500,55,1
2026-04-02,000333,13:24:33,77.6600,62,1
2026-04-02,000333,13:24:36,77.6600,19,1
2026-04-02,000333,13:24:39,77.6600,1,1
2026-04-02,000333,13:24:42,77.6500,17,2
2026-04-02,000333,13:24:45,77.6500,16,2
2026-04-02,000333,13:24:48,77.6500,35,4
2026-04-02,000333,13:24:51,77.6500,4,2
2026-04-02,000333,13:24:54,77.6500,4,2
2026-04-02,000333,13:24:57,77.6600,7,1
2026-04-02,000333,13:25:00,77.6500,6,2
2026-04-02,000333,13:25:03,77.6500,13,2
2026-04-02,000333,13:25:06,77.6400,45,2
2026-04-02,000333,13:25:09,77.6400,8,2
2026-04-02,000333,13:25:12,77.6600,7,1
2026-04-02,000333,13:25:15,77.6400,66,2
2026-04-02,000333,13:25:18,77.6400,18,2
2026-04-02,000333,13:25:21,77.6400,2,2
2026-04-02,000333,13:25:24,77.6400,9,2
2026-04-02,000333,13:25:27,77.6400,7,2
2026-04-02,000333,13:25:30,77.6600,135,1
2026-04-02,000333,13:25:33,77.6500,4,4
2026-04-02,000333,13:25:36,77.6500,31,1
2026-04-02,000333,13:25:39,77.6500,21,2
2026-04-02,000333,13:25:42,77.6500,7,2
2026-04-02,000333,13:25:45,77.6500,1,2
2026-04-02,000333,13:25:48,77.6500,28,2
2026-04-02,000333,13:25:51,77.6600,25,1
2026-04-02,000333,13:25:54,77.6500,12,2
2026-04-02,000333,13:25:57,77.6600,81,1
2026-04-02,000333,13:26:00,77.6600,21,1
2026-04-02,000333,13:26:03,77.6600,33,1
2026-04-02,000333,13:26:06,77.6600,97,1
2026-04-02,000333,13:26:09,77.6600,80,1
2026-04-02,000333,13:26:12,77.6700,9,4
2026-04-02,000333,13:26:15,77.6800,41,1
2026-04-02,000333,13:26:18,77.6900,57,1
2026-04-02,000333,13:26:21,77.7000,137,1
2026-04-02,000333,13:26:24,77.7100,128,1
2026-04-02,000333,13:26:27,77.7100,44,2
2026-04-02,000333,13:26:30,77.7100,6,2
2026-04-02,000333,13:26:33,77.7300,25,1
2026-04-02,000333,13:26:36,77.7400,125,1
2026-04-02,000333,13:26:39,77.7500,81,1
2026-04-02,000333,13:26:42,77.7500,9,2
2026-04-02,000333,13:26:45,77.7500,26,2
2026-04-02,000333,13:26:48,77.7600,30,1
2026-04-02,000333,13:26:51,77.7500,41,2
2026-04-02,000333,13:26:54,77.7600,29,1
2026-04-02,000333,13:26:57,77.7600,17,1
2026-04-02,000333,13:27:00,77.7600,10,1
2026-04-02,000333,13:27:03,77.7600,16,2
2026-04-02,000333,13:27:06,77.7700,62,1
2026-04-02,000333,13:27:09,77.7600,17,2
2026-04-02,000333,13:27:12,77.7600,9,1
2026-04-02,000333,13:27:15,77.7400,115,2
2026-04-02,000333,13:27:18,77.7500,34,1
2026-04-02,000333,13:27:21,77.7600,35,1
2026-04-02,000333,13:27:24,77.7500,30,2
2026-04-02,000333,13:27:27,77.7500,15,2
2026-04-02,000333,13:27:30,77.7400,23,2
2026-04-02,000333,13:27:33,77.7500,6,1
2026-04-02,000333,13:27:36,77.7400,18,2
2026-04-02,000333,13:27:39,77.7500,15,1
2026-04-02,000333,13:27:42,77.7500,123,1
2026-04-02,000333,13:27:45,77.7400,48,2
2026-04-02,000333,13:27:48,77.7400,11,2
2026-04-02,000333,13:27:51,77.7400,49,2
2026-04-02,000333,13:27:54,77.7300,62,2
2026-04-02,000333,13:27:57,77.7300,25,2
2026-04-02,000333,13:28:00,77.7300,53,2
2026-04-02,000333,13:28:03,77.7200,5,2
2026-04-02,000333,13:28:06,77.7200,9,2
2026-04-02,000333,13:28:09,77.7200,13,2
2026-04-02,000333,13:28:12,77.7200,16,2
2026-04-02,000333,13:28:15,77.7200,79,2
2026-04-02,000333,13:28:18,77.7200,44,1
2026-04-02,000333,13:28:21,77.7100,8,4
2026-04-02,000333,13:28:24,77.7000,6,2
2026-04-02,000333,13:28:27,77.7000,21,2
2026-04-02,000333,13:28:30,77.7100,15,1
2026-04-02,000333,13:28:33,77.7000,1,2
2026-04-02,000333,13:28:36,77.6900,95,2
2026-04-02,000333,13:28:39,77.7000,129,1
2026-04-02,000333,13:28:42,77.6600,72,2
2026-04-02,000333,13:28:45,77.6800,38,1
2026-04-02,000333,13:28:48,77.6600,45,2
2026-04-02,000333,13:28:51,77.6700,6,4
2026-04-02,000333,13:28:54,77.6600,32,2
2026-04-02,000333,13:28:57,77.6500,187,2
2026-04-02,000333,13:29:00,77.6500,71,1
2026-04-02,000333,13:29:03,77.6300,49,4
2026-04-02,000333,13:29:06,77.6300,51,2
2026-04-02,000333,13:29:09,77.6400,19,2
2026-04-02,000333,13:29:12,77.6500,4,1
2026-04-02,000333,13:29:15,77.6700,225,1
2026-04-02,000333,13:29:18,77.6900,280,1
2026-04-02,000333,13:29:21,77.6600,76,2
2026-04-02,000333,13:29:24,77.6700,78,2
2026-04-02,000333,13:29:27,77.6500,70,2
2026-04-02,000333,13:29:30,77.6500,66,1
2026-04-02,000333,13:29:33,77.6600,25,2
2026-04-02,000333,13:29:36,77.6800,10,1
2026-04-02,000333,13:29:39,77.6600,13,2
2026-04-02,000333,13:29:42,77.6700,67,2
2026-04-02,000333,13:29:45,77.6700,6,1
2026-04-02,000333,13:29:48,77.6700,9,1
2026-04-02,000333,13:29:51,77.6700,31,1
2026-04-02,000333,13:29:54,77.6700,3,4
2026-04-02,000333,13:29:57,77.6700,1,1
2026-04-02,000333,13:30:00,77.6700,2,1
2026-04-02,000333,13:30:03,77.6700,32,1
2026-04-02,000333,13:30:06,77.6800,79,1
2026-04-02,000333,13:30:09,77.6800,14,2
2026-04-02,000333,13:30:12,77.6900,7,1
2026-04-02,000333,13:30:15,77.6900,59,1
2026-04-02,000333,13:30:18,77.7000,23,1
2026-04-02,000333,13:30:21,77.7000,9,1
2026-04-02,000333,13:30:24,77.7000,182,1
2026-04-02,000333,13:30:27,77.7000,13,2
2026-04-02,000333,13:30:30,77.7000,20,2
2026-04-02,000333,13:30:33,77.6900,32,2
2026-04-02,000333,13:30:36,77.7100,126,1
2026-04-02,000333,13:30:39,77.7100,51,2
2026-04-02,000333,13:30:42,77.7100,45,2
2026-04-02,000333,13:30:45,77.7000,3,2
2026-04-02,000333,13:30:48,77.7100,51,1
2026-04-02,000333,13:30:51,77.7100,48,1
2026-04-02,000333,13:30:54,77.7100,81,2
2026-04-02,000333,13:30:57,77.7000,18,2
2026-04-02,000333,13:31:00,77.7000,24,2
2026-04-02,000333,13:31:03,77.6900,41,4
2026-04-02,000333,13:31:06,77.6800,33,2
2026-04-02,000333,13:31:09,77.7000,51,1
2026-04-02,000333,13:31:12,77.6800,14,2
2026-04-02,000333,13:31:15,77.6800,106,1
2026-04-02,000333,13:31:18,77.6800,89,1
2026-04-02,000333,13:31:21,77.6800,96,1
2026-04-02,000333,13:31:24,77.6800,66,2
2026-04-02,000333,13:31:27,77.6800,6,2
2026-04-02,000333,13:31:30,77.6800,2,1
2026-04-02,000333,13:31:33,77.6800,81,1
2026-04-02,000333,13:31:36,77.6800,23,1
2026-04-02,000333,13:31:39,77.6700,32,2
2026-04-02,000333,13:31:42,77.6700,5,1
2026-04-02,000333,13:31:45,77.6600,18,2
2026-04-02,000333,13:31:48,77.6700,155,1
2026-04-02,000333,13:31:51,77.6700,211,1
2026-04-02,000333,13:31:54,77.6700,28,2
2026-04-02,000333,13:31:57,77.6700,38,2
2026-04-02,000333,13:32:00,77.6600,63,2
2026-04-02,000333,13:32:03,77.6800,88,1
2026-04-02,000333,13:32:06,77.6800,17,2
2026-04-02,000333,13:32:09,77.6800,53,2
2026-04-02,000333,13:32:12,77.6800,38,2
2026-04-02,000333,13:32:15,77.6800,25,2
2026-04-02,000333,13:32:18,77.6800,101,2
2026-04-02,000333,13:32:21,77.6900,7,1
2026-04-02,000333,13:32:24,77.6900,34,1
2026-04-02,000333,13:32:27,77.7100,69,1
2026-04-02,000333,13:32:30,77.7200,89,1
2026-04-02,000333,13:32:33,77.7400,25,1
2026-04-02,000333,13:32:36,77.7300,79,2
2026-04-02,000333,13:32:39,77.7400,13,4
2026-04-02,000333,13:32:42,77.7300,76,2
2026-04-02,000333,13:32:45,77.7300,33,1
2026-04-02,000333,13:32:48,77.7300,56,2
2026-04-02,000333,13:32:51,77.7300,30,1
2026-04-02,000333,13:32:54,77.7400,36,1
2026-04-02,000333,13:32:57,77.7200,91,2
2026-04-02,000333,13:33:00,77.7300,12,2
2026-04-02,000333,13:33:03,77.7300,14,1
2026-04-02,000333,13:33:06,77.7300,7,2
2026-04-02,000333,13:33:09,77.7300,15,2
2026-04-02,000333,13:33:12,77.7400,12,1
2026-04-02,000333,13:33:15,77.7300,28,2
2026-04-02,000333,13:33:18,77.7300,19,1
2026-04-02,000333,13:33:21,77.7200,104,2
2026-04-02,000333,13:33:24,77.7100,118,2
2026-04-02,000333,13:33:27,77.6900,52,2
2026-04-02,000333,13:33:30,77.7000,43,1
2026-04-02,000333,13:33:33,77.7100,60,4
2026-04-02,000333,13:33:36,77.7100,22,2
2026-04-02,000333,13:33:39,77.7100,11,2
2026-04-02,000333,13:33:42,77.7100,48,2
2026-04-02,000333,13:33:45,77.7100,21,2
2026-04-02,000333,13:33:48,77.7100,95,2
2026-04-02,000333,13:33:51,77.7200,68,1
2026-04-02,000333,13:33:54,77.7200,23,1
2026-04-02,000333,13:33:57,77.7100,21,2
2026-04-02,000333,13:34:00,77.7200,21,1
2026-04-02,000333,13:34:03,77.7200,29,1
2026-04-02,000333,13:34:06,77.7200,45,1
2026-04-02,000333,13:34:09,77.7400,38,1
2026-04-02,000333,13:34:12,77.7400,50,1
2026-04-02,000333,13:34:15,77.7400,37,1
2026-04-02,000333,13:34:18,77.7400,84,1
2026-04-02,000333,13:34:21,77.7600,90,1
2026-04-02,000333,13:34:24,77.7500,60,2
2026-04-02,000333,13:34:27,77.7600,12,2
2026-04-02,000333,13:34:30,77.7700,174,1
2026-04-02,000333,13:34:33,77.7900,186,1
2026-04-02,000333,13:34:36,77.8000,375,1
2026-04-02,000333,13:34:39,77.7900,101,4
2026-04-02,000333,13:34:42,77.8000,128,1
2026-04-02,000333,13:34:45,77.8000,6,1
2026-04-02,000333,13:34:48,77.7900,244,2
2026-04-02,000333,13:34:51,77.8000,48,1
2026-04-02,000333,13:34:54,77.7900,82,2
2026-04-02,000333,13:34:57,77.7800,41,2
2026-04-02,000333,13:35:00,77.7800,158,1
2026-04-02,000333,13:35:03,77.7700,23,2
2026-04-02,000333,13:35:06,77.7900,33,1
2026-04-02,000333,13:35:09,77.7900,140,1
2026-04-02,000333,13:35:12,77.7900,43,2
2026-04-02,000333,13:35:15,77.7900,12,1
2026-04-02,000333,13:35:18,77.7800,38,1
2026-04-02,000333,13:35:21,77.7800,69,1
2026-04-02,000333,13:35:24,77.7800,11,4
2026-04-02,000333,13:35:27,77.7700,107,2
2026-04-02,000333,13:35:30,77.7800,12,1
2026-04-02,000333,13:35:33,77.7800,26,2
2026-04-02,000333,13:35:36,77.7700,37,2
2026-04-02,000333,13:35:39,77.7700,34,2
2026-04-02,000333,13:35:42,77.7800,25,2
2026-04-02,000333,13:35:45,77.7700,12,2
2026-04-02,000333,13:35:48,77.7700,34,2
2026-04-02,000333,13:35:51,77.7700,22,1
2026-04-02,000333,13:35:54,77.7500,126,2
2026-04-02,000333,13:35:57,77.7500,57,2
2026-04-02,000333,13:36:00,77.7500,17,2
2026-04-02,000333,13:36:03,77.7400,29,2
2026-04-02,000333,13:36:06,77.7400,31,2
2026-04-02,000333,13:36:09,77.7500,28,4
2026-04-02,000333,13:36:12,77.7500,34,2
2026-04-02,000333,13:36:15,77.7500,19,2
2026-04-02,000333,13:36:21,77.7400,50,2
2026-04-02,000333,13:36:24,77.7500,31,1
2026-04-02,000333,13:36:27,77.7400,12,4
2026-04-02,000333,13:36:30,77.7400,7,1
2026-04-02,000333,13:36:33,77.7500,32,1
2026-04-02,000333,13:36:36,77.7600,99,1
2026-04-02,000333,13:36:39,77.7500,24,2
2026-04-02,000333,13:36:42,77.7500,5,2
2026-04-02,000333,13:36:45,77.7700,33,1
2026-04-02,000333,13:36:48,77.7700,20,2
2026-04-02,000333,13:36:51,77.7800,27,1
2026-04-02,000333,13:36:54,77.7900,37,1
2026-04-02,000333,13:36:57,77.7900,11,1
2026-04-02,000333,13:37:00,77.7800,43,2
2026-04-02,000333,13:37:03,77.7900,56,1
2026-04-02,000333,13:37:06,77.8000,22,1
2026-04-02,000333,13:37:09,77.7900,28,2
2026-04-02,000333,13:37:12,77.7900,124,1
2026-04-02,000333,13:37:15,77.7900,28,1
2026-04-02,000333,13:37:18,77.7800,8,2
2026-04-02,000333,13:37:21,77.7900,24,1
2026-04-02,000333,13:37:24,77.7800,72,2
2026-04-02,000333,13:37:27,77.7900,3,1
2026-04-02,000333,13:37:30,77.7900,4,1
2026-04-02,000333,13:37:33,77.7800,9,2
2026-04-02,000333,13:37:36,77.7800,9,2
2026-04-02,000333,13:37:39,77.7900,16,1
2026-04-02,000333,13:37:42,77.7800,46,2
2026-04-02,000333,13:37:45,77.7800,7,2
2026-04-02,000333,13:37:48,77.7900,33,1
2026-04-02,000333,13:37:51,77.7900,19,1
2026-04-02,000333,13:37:57,77.7800,4,2
2026-04-02,000333,13:38:00,77.7800,14,2
2026-04-02,000333,13:38:03,77.7900,4,1
2026-04-02,000333,13:38:06,77.7900,86,1
2026-04-02,000333,13:38:09,77.7800,13,2
2026-04-02,000333,13:38:12,77.7900,11,1
2026-04-02,000333,13:38:18,77.7800,68,2
2026-04-02,000333,13:38:21,77.7600,187,2
2026-04-02,000333,13:38:24,77.7500,48,2
2026-04-02,000333,13:38:27,77.7600,4,1
2026-04-02,000333,13:38:30,77.7600,28,1
2026-04-02,000333,13:38:33,77.7600,17,1
2026-04-02,000333,13:38:36,77.7600,24,4
2026-04-02,000333,13:38:39,77.7600,12,2
2026-04-02,000333,13:38:42,77.7600,24,2
2026-04-02,000333,13:38:45,77.7600,3,2
2026-04-02,000333,13:38:48,77.7700,82,1
2026-04-02,000333,13:38:51,77.7700,39,1
2026-04-02,000333,13:38:54,77.7700,99,2
2026-04-02,000333,13:38:57,77.7900,22,1
2026-04-02,000333,13:39:00,77.7700,35,2
2026-04-02,000333,13:39:03,77.7700,63,2
2026-04-02,000333,13:39:06,77.7800,49,1
2026-04-02,000333,13:39:09,77.7700,20,2
2026-04-02,000333,13:39:12,77.7800,43,1
2026-04-02,000333,13:39:15,77.7800,9,2
2026-04-02,000333,13:39:18,77.7800,43,2
2026-04-02,000333,13:39:21,77.7900,6,1
2026-04-02,000333,13:39:24,77.7800,113,2
2026-04-02,000333,13:39:27,77.7900,24,1
2026-04-02,000333,13:39:30,77.7900,479,1
2026-04-02,000333,13:39:33,77.7900,478,2
2026-04-02,000333,13:39:36,77.8100,546,1
2026-04-02,000333,13:39:39,77.8100,258,1
2026-04-02,000333,13:39:42,77.8200,267,1
2026-04-02,000333,13:39:45,77.8400,44,1
2026-04-02,000333,13:39:48,77.8400,21,1
2026-04-02,000333,13:39:51,77.8400,15,1
2026-04-02,000333,13:39:54,77.8300,44,2
2026-04-02,000333,13:39:57,77.8200,132,2
2026-04-02,000333,13:40:00,77.8000,329,2
2026-04-02,000333,13:40:03,77.8000,115,1
2026-04-02,000333,13:40:06,77.7800,46,2
2026-04-02,000333,13:40:09,77.7800,5,2
2026-04-02,000333,13:40:12,77.7600,165,2
2026-04-02,000333,13:40:15,77.7500,27,2
2026-04-02,000333,13:40:18,77.7500,9,4
2026-04-02,000333,13:40:21,77.7400,5,2
2026-04-02,000333,13:40:24,77.7500,38,1
2026-04-02,000333,13:40:27,77.7600,3,1
2026-04-02,000333,13:40:30,77.7300,50,2
2026-04-02,000333,13:40:33,77.7400,8,2
2026-04-02,000333,13:40:36,77.7500,15,1
2026-04-02,000333,13:40:39,77.7500,18,2
2026-04-02,000333,13:40:42,77.7400,8,2
2026-04-02,000333,13:40:45,77.7400,19,2
2026-04-02,000333,13:40:48,77.7400,20,2
2026-04-02,000333,13:40:51,77.7500,88,1
2026-04-02,000333,13:40:54,77.7400,27,2
2026-04-02,000333,13:40:57,77.7400,79,1
2026-04-02,000333,13:41:00,77.7400,2,1
2026-04-02,000333,13:41:03,77.7400,42,1
2026-04-02,000333,13:41:06,77.7400,36,2
2026-04-02,000333,13:41:09,77.7400,14,2
2026-04-02,000333,13:41:12,77.7400,18,2
2026-04-02,000333,13:41:15,77.7400,13,2
2026-04-02,000333,13:41:18,77.7500,77,1
2026-04-02,000333,13:41:21,77.7500,40,2
2026-04-02,000333,13:41:24,77.7500,119,2
2026-04-02,000333,13:41:27,77.7500,18,2
2026-04-02,000333,13:41:30,77.7700,56,1
2026-04-02,000333,13:41:33,77.7700,20,1
2026-04-02,000333,13:41:36,77.7700,39,1
2026-04-02,000333,13:41:39,77.7800,5,1
2026-04-02,000333,13:41:42,77.7700,121,2
2026-04-02,000333,13:41:45,77.7700,38,1
2026-04-02,000333,13:41:48,77.7600,50,2
2026-04-02,000333,13:41:51,77.7700,13,1
2026-04-02,000333,13:41:54,77.7500,430,2
2026-04-02,000333,13:41:57,77.7400,62,2
2026-04-02,000333,13:42:00,77.7400,18,2
2026-04-02,000333,13:42:03,77.7300,50,2
2026-04-02,000333,13:42:06,77.7200,17,2
2026-04-02,000333,13:42:09,77.7300,102,1
2026-04-02,000333,13:42:12,77.7300,18,2
2026-04-02,000333,13:42:15,77.7300,27,2
2026-04-02,000333,13:42:18,77.7300,7,2
2026-04-02,000333,13:42:21,77.7400,30,1
2026-04-02,000333,13:42:24,77.7500,60,1
2026-04-02,000333,13:42:27,77.7500,14,1
2026-04-02,000333,13:42:30,77.7400,32,2
2026-04-02,000333,13:42:33,77.7300,39,2
2026-04-02,000333,13:42:36,77.7400,21,1
2026-04-02,000333,13:42:39,77.7600,41,1
2026-04-02,000333,13:42:42,77.7300,257,2
2026-04-02,000333,13:42:45,77.7300,39,1
2026-04-02,000333,13:42:48,77.7300,40,1
2026-04-02,000333,13:42:51,77.7300,113,2
2026-04-02,000333,13:42:54,77.7300,22,2
2026-04-02,000333,13:42:57,77.7400,60,1
2026-04-02,000333,13:43:00,77.7200,28,2
2026-04-02,000333,13:43:03,77.7400,18,1
2026-04-02,000333,13:43:06,77.7400,37,2
2026-04-02,000333,13:43:09,77.7400,14,1
2026-04-02,000333,13:43:12,77.7400,12,1
2026-04-02,000333,13:43:15,77.7400,21,1
2026-04-02,000333,13:43:18,77.7400,43,2
2026-04-02,000333,13:43:21,77.7300,30,2
2026-04-02,000333,13:43:24,77.7300,7,2
2026-04-02,000333,13:43:27,77.7300,13,2
2026-04-02,000333,13:43:30,77.7200,135,2
2026-04-02,000333,13:43:33,77.7300,98,4
2026-04-02,000333,13:43:36,77.7400,15,1
2026-04-02,000333,13:43:39,77.7200,9,2
2026-04-02,000333,13:43:42,77.7400,18,1
2026-04-02,000333,13:43:45,77.7400,44,2
2026-04-02,000333,13:43:48,77.7400,34,2
2026-04-02,000333,13:43:51,77.7400,8,2
2026-04-02,000333,13:43:54,77.7400,43,2
2026-04-02,000333,13:43:57,77.7400,2,2
2026-04-02,000333,13:44:00,77.7400,12,2
2026-04-02,000333,13:44:03,77.7300,169,2
2026-04-02,000333,13:44:06,77.7300,26,2
2026-04-02,000333,13:44:09,77.7300,34,1
2026-04-02,000333,13:44:12,77.7400,1,1
2026-04-02,000333,13:44:15,77.7300,53,2
2026-04-02,000333,13:44:18,77.7300,6,1
2026-04-02,000333,13:44:21,77.7200,81,2
2026-04-02,000333,13:44:24,77.7200,16,2
2026-04-02,000333,13:44:27,77.7200,7,2
2026-04-02,000333,13:44:30,77.7200,10,2
2026-04-02,000333,13:44:33,77.7300,23,1
2026-04-02,000333,13:44:36,77.7100,154,2
2026-04-02,000333,13:44:39,77.7100,17,2
2026-04-02,000333,13:44:42,77.7100,14,2
2026-04-02,000333,13:44:45,77.7500,1211,1
2026-04-02,000333,13:44:48,77.7600,152,1
2026-04-02,000333,13:44:51,77.7500,92,2
2026-04-02,000333,13:44:54,77.7300,9,2
2026-04-02,000333,13:44:57,77.7300,71,2
2026-04-02,000333,13:45:00,77.7300,93,2
2026-04-02,000333,13:45:03,77.7300,134,2
2026-04-02,000333,13:45:06,77.7500,15,1
2026-04-02,000333,13:45:09,77.7400,10,2
2026-04-02,000333,13:45:12,77.7300,60,2
2026-04-02,000333,13:45:15,77.7000,42,2
2026-04-02,000333,13:45:18,77.7000,39,2
2026-04-02,000333,13:45:21,77.7300,23,1
2026-04-02,000333,13:45:24,77.7100,45,2
2026-04-02,000333,13:45:27,77.7200,161,1
2026-04-02,000333,13:45:30,77.7200,9,2
2026-04-02,000333,13:45:33,77.7300,32,1
2026-04-02,000333,13:45:36,77.7300,15,2
2026-04-02,000333,13:45:39,77.7200,59,2
2026-04-02,000333,13:45:42,77.7200,40,1
2026-04-02,000333,13:45:45,77.7100,56,2
2026-04-02,000333,13:45:48,77.7200,2,1
2026-04-02,000333,13:45:51,77.7100,7,2
2026-04-02,000333,13:45:54,77.7100,122,2
2026-04-02,000333,13:45:57,77.7100,111,1
2026-04-02,000333,13:46:00,77.7100,78,2
2026-04-02,000333,13:46:03,77.7100,4,1
2026-04-02,000333,13:46:06,77.6900,78,2
2026-04-02,000333,13:46:09,77.7000,32,1
2026-04-02,000333,13:46:12,77.6900,28,2
2026-04-02,000333,13:46:15,77.6900,8,2
2026-04-02,000333,13:46:18,77.6900,54,1
2026-04-02,000333,13:46:21,77.6800,32,2
2026-04-02,000333,13:46:24,77.6700,11,2
2026-04-02,000333,13:46:27,77.6700,15,2
2026-04-02,000333,13:46:30,77.6600,40,2
2026-04-02,000333,13:46:33,77.6600,99,2
2026-04-02,000333,13:46:36,77.6600,107,2
2026-04-02,000333,13:46:39,77.6600,90,2
2026-04-02,000333,13:46:42,77.6600,4,1
2026-04-02,000333,13:46:45,77.6600,37,1
2026-04-02,000333,13:46:48,77.6700,110,1
2026-04-02,000333,13:46:51,77.6500,16,2
2026-04-02,000333,13:46:54,77.6400,53,2
2026-04-02,000333,13:46:57,77.6500,23,1
2026-04-02,000333,13:47:00,77.6400,17,2
2026-04-02,000333,13:47:03,77.6400,12,2
2026-04-02,000333,13:47:06,77.6500,73,1
2026-04-02,000333,13:47:09,77.6500,76,1
2026-04-02,000333,13:47:12,77.6500,40,1
2026-04-02,000333,13:47:15,77.6500,182,2
2026-04-02,000333,13:47:18,77.6500,30,1
2026-04-02,000333,13:47:21,77.6500,244,2
2026-04-02,000333,13:47:24,77.6400,72,2
2026-04-02,000333,13:47:27,77.6400,223,2
2026-04-02,000333,13:47:30,77.6500,51,4
2026-04-02,000333,13:47:33,77.6400,206,2
2026-04-02,000333,13:47:36,77.6100,15,2
2026-04-02,000333,13:47:39,77.6100,14,2
2026-04-02,000333,13:47:42,77.6100,1,1
2026-04-02,000333,13:47:45,77.6000,88,2
2026-04-02,000333,13:47:48,77.6000,45,2
2026-04-02,000333,13:47:51,77.6000,84,2
2026-04-02,000333,13:47:54,77.6000,33,2
2026-04-02,000333,13:47:57,77.5700,122,2
2026-04-02,000333,13:48:00,77.5800,22,4
2026-04-02,000333,13:48:03,77.5700,21,2
2026-04-02,000333,13:48:06,77.5600,60,2
2026-04-02,000333,13:48:09,77.5700,43,2
2026-04-02,000333,13:48:12,77.5700,38,1
2026-04-02,000333,13:48:15,77.5600,97,1
2026-04-02,000333,13:48:18,77.5500,224,2
2026-04-02,000333,13:48:21,77.5500,33,4
2026-04-02,000333,13:48:24,77.5500,11,2
2026-04-02,000333,13:48:27,77.5500,42,2
2026-04-02,000333,13:48:30,77.5500,54,2
2026-04-02,000333,13:48:33,77.5500,87,1
2026-04-02,000333,13:48:36,77.5600,27,4
2026-04-02,000333,13:48:39,77.5500,9,2
2026-04-02,000333,13:48:42,77.5500,26,2
2026-04-02,000333,13:48:45,77.5600,28,1
2026-04-02,000333,13:48:48,77.5600,3,2
2026-04-02,000333,13:48:51,77.5600,130,2
2026-04-02,000333,13:48:54,77.5600,153,2
2026-04-02,000333,13:48:57,77.5700,49,1
2026-04-02,000333,13:49:00,77.5800,7,2
2026-04-02,000333,13:49:03,77.5900,11,4
2026-04-02,000333,13:49:06,77.5900,121,2
2026-04-02,000333,13:49:09,77.6000,51,1
2026-04-02,000333,13:49:12,77.5900,51,2
2026-04-02,000333,13:49:15,77.5900,19,2
2026-04-02,000333,13:49:18,77.6000,121,1
2026-04-02,000333,13:49:21,77.6100,20,4
2026-04-02,000333,13:49:24,77.6200,40,1
2026-04-02,000333,13:49:27,77.6200,54,2
2026-04-02,000333,13:49:30,77.6300,19,4
2026-04-02,000333,13:49:33,77.6500,65,1
2026-04-02,000333,13:49:36,77.6400,94,2
2026-04-02,000333,13:49:39,77.6400,96,1
2026-04-02,000333,13:49:42,77.6400,64,2
2026-04-02,000333,13:49:45,77.6400,15,4
2026-04-02,000333,13:49:48,77.6400,28,1
2026-04-02,000333,13:49:51,77.6300,115,2
2026-04-02,000333,13:49:54,77.6300,19,2
2026-04-02,000333,13:49:57,77.6300,24,2
2026-04-02,000333,13:50:00,77.6300,34,2
2026-04-02,000333,13:50:03,77.6400,108,1
2026-04-02,000333,13:50:06,77.6400,35,1
2026-04-02,000333,13:50:09,77.6400,106,1
2026-04-02,000333,13:50:12,77.6500,2,1
2026-04-02,000333,13:50:15,77.6300,11,2
2026-04-02,000333,13:50:18,77.6300,14,1
2026-04-02,000333,13:50:21,77.6300,51,2
2026-04-02,000333,13:50:24,77.6300,18,2
2026-04-02,000333,13:50:27,77.6400,20,1
2026-04-02,000333,13:50:30,77.6500,12,1
2026-04-02,000333,13:50:33,77.6500,22,1
2026-04-02,000333,13:50:36,77.6400,12,2
2026-04-02,000333,13:50:39,77.6500,1,1
2026-04-02,000333,13:50:42,77.6500,5,1
2026-04-02,000333,13:50:45,77.6500,20,1
2026-04-02,000333,13:50:48,77.6500,17,1
2026-04-02,000333,13:50:51,77.6500,9,1
2026-04-02,000333,13:50:54,77.6400,119,2
2026-04-02,000333,13:50:57,77.6500,65,1
2026-04-02,000333,13:51:00,77.6700,10,1
2026-04-02,000333,13:51:03,77.6700,118,1
2026-04-02,000333,13:51:06,77.6700,12,2
2026-04-02,000333,13:51:09,77.6600,111,2
2026-04-02,000333,13:51:12,77.6600,4,1
2026-04-02,000333,13:51:15,77.6600,15,1
2026-04-02,000333,13:51:18,77.6500,73,2
2026-04-02,000333,13:51:21,77.6500,139,2
2026-04-02,000333,13:51:24,77.6500,30,1
2026-04-02,000333,13:51:27,77.6500,19,1
2026-04-02,000333,13:51:30,77.6600,51,1
2026-04-02,000333,13:51:33,77.6500,1,2
2026-04-02,000333,13:51:36,77.6600,14,1
2026-04-02,000333,13:51:39,77.6600,42,1
2026-04-02,000333,13:51:42,77.6400,23,2
2026-04-02,000333,13:51:45,77.6400,5,1
2026-04-02,000333,13:51:48,77.6400,9,1
2026-04-02,000333,13:51:51,77.6300,32,2
2026-04-02,000333,13:51:54,77.6400,12,4
2026-04-02,000333,13:51:57,77.6400,11,2
2026-04-02,000333,13:52:00,77.6500,13,1
2026-04-02,000333,13:52:03,77.6600,14,1
2026-04-02,000333,13:52:06,77.6500,5,2
2026-04-02,000333,13:52:09,77.6500,59,2
2026-04-02,000333,13:52:12,77.6600,3,1
2026-04-02,000333,13:52:15,77.6600,165,1
2026-04-02,000333,13:52:18,77.6600,45,1
2026-04-02,000333,13:52:21,77.6600,89,2
2026-04-02,000333,13:52:24,77.6700,19,1
2026-04-02,000333,13:52:27,77.6900,54,1
2026-04-02,000333,13:52:30,77.7000,66,1
2026-04-02,000333,13:52:33,77.7000,61,1
2026-04-02,000333,13:52:36,77.6900,155,2
2026-04-02,000333,13:52:39,77.6800,197,2
2026-04-02,000333,13:52:42,77.6400,315,2
2026-04-02,000333,13:52:45,77.6300,93,2
2026-04-02,000333,13:52:48,77.6100,20,2
2026-04-02,000333,13:52:51,77.6100,7,2
2026-04-02,000333,13:52:54,77.6100,4,2
2026-04-02,000333,13:52:57,77.5900,78,2
2026-04-02,000333,13:53:00,77.6200,72,1
2026-04-02,000333,13:53:03,77.5900,34,2
2026-04-02,000333,13:53:06,77.5700,143,2
2026-04-02,000333,13:53:09,77.5500,57,2
2026-04-02,000333,13:53:12,77.5600,1,4
2026-04-02,000333,13:53:15,77.5500,49,2
2026-04-02,000333,13:53:18,77.5700,29,1
2026-04-02,000333,13:53:21,77.5500,8,2
2026-04-02,000333,13:53:24,77.5500,8,2
2026-04-02,000333,13:53:27,77.5500,12,2
2026-04-02,000333,13:53:30,77.5500,32,2
2026-04-02,000333,13:53:33,77.5500,197,2
2026-04-02,000333,13:53:36,77.5600,17,1
2026-04-02,000333,13:53:39,77.5500,4,1
2026-04-02,000333,13:53:45,77.5500,75,1
2026-04-02,000333,13:53:48,77.5500,105,1
2026-04-02,000333,13:53:51,77.5500,53,2
2026-04-02,000333,13:53:54,77.5500,3,4
2026-04-02,000333,13:53:57,77.5500,14,2
2026-04-02,000333,13:54:00,77.5500,41,2
2026-04-02,000333,13:54:03,77.5600,51,1
2026-04-02,000333,13:54:06,77.5500,21,2
2026-04-02,000333,13:54:09,77.5500,43,2
2026-04-02,000333,13:54:12,77.5500,13,2
2026-04-02,000333,13:54:15,77.5500,4,2
2026-04-02,000333,13:54:18,77.5600,72,1
2026-04-02,000333,13:54:21,77.5600,29,2
2026-04-02,000333,13:54:24,77.5700,36,1
2026-04-02,000333,13:54:27,77.5600,35,2
2026-04-02,000333,13:54:30,77.5800,28,1
2026-04-02,000333,13:54:33,77.5800,11,1
2026-04-02,000333,13:54:36,77.5900,53,4
2026-04-02,000333,13:54:39,77.6100,49,1
2026-04-02,000333,13:54:42,77.5800,305,2
2026-04-02,000333,13:54:45,77.5900,63,1
2026-04-02,000333,13:54:48,77.5900,30,1
2026-04-02,000333,13:54:51,77.6000,67,2
2026-04-02,000333,13:54:54,77.6000,13,1
2026-04-02,000333,13:54:57,77.6000,7,1
2026-04-02,000333,13:55:00,77.5900,56,2
2026-04-02,000333,13:55:03,77.5800,25,2
2026-04-02,000333,13:55:06,77.5500,350,2
2026-04-02,000333,13:55:09,77.5300,74,2
2026-04-02,000333,13:55:12,77.5700,8,1
2026-04-02,000333,13:55:18,77.5500,20,1
2026-04-02,000333,13:55:21,77.5500,14,1
2026-04-02,000333,13:55:24,77.5400,52,2
2026-04-02,000333,13:55:27,77.5500,274,1
2026-04-02,000333,13:55:30,77.5500,38,2
2026-04-02,000333,13:55:33,77.5500,17,1
2026-04-02,000333,13:55:36,77.5400,52,2
2026-04-02,000333,13:55:39,77.5400,1,1
2026-04-02,000333,13:55:42,77.5300,25,2
2026-04-02,000333,13:55:45,77.5300,17,2
2026-04-02,000333,13:55:48,77.5300,8,2
2026-04-02,000333,13:55:51,77.5300,9,2
2026-04-02,000333,13:55:54,77.5400,8,1
2026-04-02,000333,13:55:57,77.5300,59,2
2026-04-02,000333,13:56:00,77.5300,7,2
2026-04-02,000333,13:56:03,77.5300,58,2
2026-04-02,000333,13:56:06,77.5500,188,1
2026-04-02,000333,13:56:09,77.5500,65,1
2026-04-02,000333,13:56:12,77.5500,26,1
2026-04-02,000333,13:56:15,77.5500,86,1
2026-04-02,000333,13:56:18,77.5600,45,1
2026-04-02,000333,13:56:21,77.5700,108,1
2026-04-02,000333,13:56:24,77.5800,11,1
2026-04-02,000333,13:56:27,77.5700,29,2
2026-04-02,000333,13:56:30,77.5900,50,1
2026-04-02,000333,13:56:33,77.6000,157,1
2026-04-02,000333,13:56:36,77.5500,464,2
2026-04-02,000333,13:56:39,77.5800,20,1
2026-04-02,000333,13:56:45,77.5600,30,4
2026-04-02,000333,13:56:48,77.5700,4,1
2026-04-02,000333,13:56:51,77.5700,20,1
2026-04-02,000333,13:56:57,77.5700,35,1
2026-04-02,000333,13:57:00,77.5800,65,1
2026-04-02,000333,13:57:03,77.5600,112,2
2026-04-02,000333,13:57:06,77.5700,27,2
2026-04-02,000333,13:57:09,77.5700,67,1
2026-04-02,000333,13:57:12,77.5600,33,2
2026-04-02,000333,13:57:15,77.5500,99,2
2026-04-02,000333,13:57:18,77.5300,672,2
2026-04-02,000333,13:57:21,77.5300,21,1
2026-04-02,000333,13:57:24,77.5100,11,2
2026-04-02,000333,13:57:27,77.5100,10,2
2026-04-02,000333,13:57:30,77.5000,76,2
2026-04-02,000333,13:57:33,77.5000,5,2
2026-04-02,000333,13:57:36,77.5000,18,2
2026-04-02,000333,13:57:39,77.5000,53,2
2026-04-02,000333,13:57:42,77.5000,16,2
2026-04-02,000333,13:57:45,77.5000,26,2
2026-04-02,000333,13:57:48,77.5000,318,2
2026-04-02,000333,13:57:51,77.4900,62,2
2026-04-02,000333,13:57:54,77.5000,4,4
2026-04-02,000333,13:57:57,77.5000,7,2
2026-04-02,000333,13:58:00,77.5000,77,2
2026-04-02,000333,13:58:03,77.5000,10,2
2026-04-02,000333,13:58:06,77.5000,10,2
2026-04-02,000333,13:58:09,77.5000,42,2
2026-04-02,000333,13:58:12,77.5000,48,2
2026-04-02,000333,13:58:15,77.5000,14,2
2026-04-02,000333,13:58:18,77.5000,2,2
2026-04-02,000333,13:58:21,77.4900,29,2
2026-04-02,000333,13:58:24,77.5000,3,1
2026-04-02,000333,13:58:27,77.5000,4,1
2026-04-02,000333,13:58:30,77.5000,27,1
2026-04-02,000333,13:58:33,77.5000,19,1
2026-04-02,000333,13:58:36,77.4900,42,2
2026-04-02,000333,13:58:39,77.5000,22,1
2026-04-02,000333,13:58:42,77.4900,17,2
2026-04-02,000333,13:58:45,77.5000,228,1
2026-04-02,000333,13:58:48,77.5100,50,1
2026-04-02,000333,13:58:51,77.5100,38,1
2026-04-02,000333,13:58:54,77.5200,49,1
2026-04-02,000333,13:58:57,77.5200,42,1
2026-04-02,000333,13:59:00,77.5200,24,1
2026-04-02,000333,13:59:03,77.4900,59,2
2026-04-02,000333,13:59:06,77.5000,22,2
2026-04-02,000333,13:59:09,77.5100,37,4
2026-04-02,000333,13:59:12,77.4900,534,2
2026-04-02,000333,13:59:15,77.4900,148,1
2026-04-02,000333,13:59:18,77.4500,143,2
2026-04-02,000333,13:59:21,77.4700,16,1
2026-04-02,000333,13:59:24,77.4700,49,1
2026-04-02,000333,13:59:27,77.4600,7,4
2026-04-02,000333,13:59:30,77.4500,11,2
2026-04-02,000333,13:59:33,77.4800,78,1
2026-04-02,000333,13:59:36,77.4700,69,2
2026-04-02,000333,13:59:39,77.4700,4,2
2026-04-02,000333,13:59:42,77.4800,36,4
2026-04-02,000333,13:59:45,77.5000,146,1
2026-04-02,000333,13:59:48,77.5000,33,2
2026-04-02,000333,13:59:51,77.4900,28,2
2026-04-02,000333,13:59:54,77.4900,2,2
2026-04-02,000333,13:59:57,77.4800,5,4
2026-04-02,000333,14:00:00,77.4900,4,1
2026-04-02,000333,14:00:03,77.4800,38,2
2026-04-02,000333,14:00:06,77.4800,40,2
2026-04-02,000333,14:00:09,77.4900,82,1
2026-04-02,000333,14:00:12,77.4700,163,2
2026-04-02,000333,14:00:15,77.4800,67,1
2026-04-02,000333,14:00:18,77.4700,10,2
2026-04-02,000333,14:00:21,77.4600,375,2
2026-04-02,000333,14:00:24,77.4700,47,1
2026-04-02,000333,14:00:27,77.4500,20,2
2026-04-02,000333,14:00:30,77.4400,95,2
2026-04-02,000333,14:00:33,77.4500,22,4
2026-04-02,000333,14:00:36,77.4400,22,2
2026-04-02,000333,14:00:39,77.4200,19,2
2026-04-02,000333,14:00:42,77.4400,37,1
2026-04-02,000333,14:00:45,77.4500,137,1
2026-04-02,000333,14:00:48,77.4500,660,2
2026-04-02,000333,14:00:51,77.4400,140,2
2026-04-02,000333,14:00:54,77.4600,1,4
2026-04-02,000333,14:00:57,77.4800,75,1
2026-04-02,000333,14:01:00,77.4700,73,2
2026-04-02,000333,14:01:03,77.4600,103,2
2026-04-02,000333,14:01:06,77.4600,17,2
2026-04-02,000333,14:01:09,77.4500,247,2
2026-04-02,000333,14:01:12,77.4400,271,2
2026-04-02,000333,14:01:15,77.4400,16,1
2026-04-02,000333,14:01:18,77.4400,36,1
2026-04-02,000333,14:01:21,77.4000,381,2
2026-04-02,000333,14:01:24,77.4000,124,2
2026-04-02,000333,14:01:27,77.4000,53,2
2026-04-02,000333,14:01:30,77.4000,43,2
2026-04-02,000333,14:01:33,77.4000,5,2
2026-04-02,000333,14:01:36,77.4000,48,2
2026-04-02,000333,14:01:39,77.4300,51,1
2026-04-02,000333,14:01:42,77.4000,177,2
2026-04-02,000333,14:01:45,77.4300,12,4
2026-04-02,000333,14:01:48,77.4300,25,1
2026-04-02,000333,14:01:51,77.4300,22,1
2026-04-02,000333,14:01:54,77.4300,18,2
2026-04-02,000333,14:01:57,77.4300,20,1
2026-04-02,000333,14:02:00,77.4300,42,2
2026-04-02,000333,14:02:03,77.4300,34,2
2026-04-02,000333,14:02:06,77.4200,52,2
2026-04-02,000333,14:02:09,77.4200,238,2
2026-04-02,000333,14:02:12,77.4300,14,1
2026-04-02,000333,14:02:18,77.4300,293,1
2026-04-02,000333,14:02:21,77.4300,16,2
2026-04-02,000333,14:02:24,77.4300,143,2
2026-04-02,000333,14:02:27,77.4300,93,2
2026-04-02,000333,14:02:30,77.4200,122,2
2026-04-02,000333,14:02:33,77.4300,259,1
2026-04-02,000333,14:02:36,77.4500,311,1
2026-04-02,000333,14:02:39,77.4300,119,2
2026-04-02,000333,14:02:42,77.4200,6,2
2026-04-02,000333,14:02:45,77.4400,19,1
2026-04-02,000333,14:02:48,77.4300,33,1
2026-04-02,000333,14:02:51,77.4200,41,2
2026-04-02,000333,14:02:54,77.4300,67,2
2026-04-02,000333,14:02:57,77.4200,4,2
2026-04-02,000333,14:03:00,77.4200,13,2
2026-04-02,000333,14:03:03,77.4200,33,2
2026-04-02,000333,14:03:06,77.4200,25,2
2026-04-02,000333,14:03:09,77.4200,29,2
2026-04-02,000333,14:03:12,77.4300,77,1
2026-04-02,000333,14:03:15,77.4300,26,1
2026-04-02,000333,14:03:18,77.4200,4,2
2026-04-02,000333,14:03:21,77.4200,36,2
2026-04-02,000333,14:03:24,77.4300,71,1
2026-04-02,000333,14:03:27,77.4300,16,1
2026-04-02,000333,14:03:30,77.4300,155,1
2026-04-02,000333,14:03:33,77.4500,117,1
2026-04-02,000333,14:03:36,77.4500,63,1
2026-04-02,000333,14:03:39,77.4600,17,1
2026-04-02,000333,14:03:42,77.4500,46,2
2026-04-02,000333,14:03:45,77.4500,51,1
2026-04-02,000333,14:03:48,77.4600,60,1
2026-04-02,000333,14:03:51,77.4700,14,1
2026-04-02,000333,14:03:54,77.4800,28,1
2026-04-02,000333,14:03:57,77.4500,553,2
2026-04-02,000333,14:04:00,77.4500,97,2
2026-04-02,000333,14:04:03,77.4400,77,2
2026-04-02,000333,14:04:06,77.4500,7,1
2026-04-02,000333,14:04:09,77.4400,26,2
2026-04-02,000333,14:04:12,77.4300,59,2
2026-04-02,000333,14:04:15,77.4400,24,1
2026-04-02,000333,14:04:18,77.4400,8,1
2026-04-02,000333,14:04:21,77.4300,11,2
2026-04-02,000333,14:04:24,77.4300,2,2
2026-04-02,000333,14:04:27,77.4200,102,2
2026-04-02,000333,14:04:30,77.4300,19,1
2026-04-02,000333,14:04:33,77.4400,25,1
2026-04-02,000333,14:04:36,77.4400,3,1
2026-04-02,000333,14:04:39,77.4400,129,1
2026-04-02,000333,14:04:45,77.4400,8,2
2026-04-02,000333,14:04:48,77.4600,94,1
2026-04-02,000333,14:04:51,77.4600,55,1
2026-04-02,000333,14:04:54,77.4500,78,2
2026-04-02,000333,14:04:57,77.4600,30,1
2026-04-02,000333,14:05:00,77.4600,60,1
2026-04-02,000333,14:05:03,77.4500,71,4
2026-04-02,000333,14:05:06,77.4500,25,2
2026-04-02,000333,14:05:09,77.4500,31,2
2026-04-02,000333,14:05:12,77.4600,13,1
2026-04-02,000333,14:05:15,77.4200,736,2
2026-04-02,000333,14:05:18,77.4400,32,1
2026-04-02,000333,14:05:21,77.4700,41,1
2026-04-02,000333,14:05:24,77.4300,23,2
2026-04-02,000333,14:05:27,77.4600,16,1
2026-04-02,000333,14:05:30,77.4600,18,2
2026-04-02,000333,14:05:33,77.4500,26,2
2026-04-02,000333,14:05:36,77.4600,26,1
2026-04-02,000333,14:05:39,77.4500,11,1
2026-04-02,000333,14:05:42,77.4600,13,1
2026-04-02,000333,14:05:45,77.4500,31,4
2026-04-02,000333,14:05:48,77.4600,65,1
2026-04-02,000333,14:05:51,77.4600,81,1
2026-04-02,000333,14:05:54,77.4700,21,1
2026-04-02,000333,14:05:57,77.4700,28,1
2026-04-02,000333,14:06:00,77.4700,61,1
2026-04-02,000333,14:06:03,77.4700,28,2
2026-04-02,000333,14:06:06,77.4700,41,2
2026-04-02,000333,14:06:09,77.4700,17,2
2026-04-02,000333,14:06:12,77.4700,9,2
2026-04-02,000333,14:06:15,77.4700,34,2
2026-04-02,000333,14:06:18,77.4700,137,2
2026-04-02,000333,14:06:21,77.4700,17,1
2026-04-02,000333,14:06:24,77.4700,159,1
2026-04-02,000333,14:06:27,77.4700,21,2
2026-04-02,000333,14:06:30,77.4700,4,2
2026-04-02,000333,14:06:33,77.5000,93,1
2026-04-02,000333,14:06:36,77.5000,8,1
2026-04-02,000333,14:06:39,77.4900,41,2
2026-04-02,000333,14:06:42,77.4900,37,2
2026-04-02,000333,14:06:45,77.5000,74,1
2026-04-02,000333,10:55:09,77.3300,21,1
2026-04-02,000333,10:55:12,77.3300,59,1
2026-04-02,000333,10:55:15,77.3400,7,1
2026-04-02,000333,10:55:18,77.3300,39,2
2026-04-02,000333,10:55:21,77.3300,205,1
2026-04-02,000333,10:55:24,77.3400,262,1
2026-04-02,000333,10:55:27,77.3500,181,1
2026-04-02,000333,10:55:30,77.3500,464,1
2026-04-02,000333,10:55:33,77.3500,147,1
2026-04-02,000333,10:55:36,77.3600,84,1
2026-04-02,000333,10:55:39,77.3700,197,1
2026-04-02,000333,10:55:42,77.3900,502,1
2026-04-02,000333,10:55:45,77.3800,36,2
2026-04-02,000333,10:55:48,77.4000,502,1
2026-04-02,000333,10:55:51,77.4400,1807,1
2026-04-02,000333,10:55:54,77.4600,751,1
2026-04-02,000333,10:55:57,77.4900,287,1
2026-04-02,000333,10:56:00,77.4900,278,1
2026-04-02,000333,10:56:03,77.4900,524,2
2026-04-02,000333,10:56:06,77.4800,18,1
2026-04-02,000333,10:56:09,77.4900,34,1
2026-04-02,000333,10:56:12,77.4900,132,1
2026-04-02,000333,10:56:15,77.4800,38,4
2026-04-02,000333,10:56:18,77.4900,40,1
2026-04-02,000333,10:56:21,77.4900,247,1
2026-04-02,000333,10:56:24,77.4900,128,1
2026-04-02,000333,10:56:27,77.5000,91,1
2026-04-02,000333,10:56:30,77.5000,199,1
2026-04-02,000333,10:56:33,77.5000,58,1
2026-04-02,000333,10:56:36,77.4900,37,2
2026-04-02,000333,10:56:39,77.4900,86,1
2026-04-02,000333,10:56:42,77.4900,38,1
2026-04-02,000333,10:56:45,77.5700,2921,1
2026-04-02,000333,10:56:48,77.5900,1274,1
2026-04-02,000333,10:56:51,77.6200,153,1
2026-04-02,000333,10:56:54,77.6200,255,2
2026-04-02,000333,10:56:57,77.6200,315,1
2026-04-02,000333,10:57:00,77.6300,124,1
2026-04-02,000333,10:57:03,77.6200,190,1
2026-04-02,000333,10:57:06,77.5800,102,2
2026-04-02,000333,10:57:09,77.5900,207,1
2026-04-02,000333,10:57:12,77.6200,109,1
2026-04-02,000333,10:57:15,77.5600,91,2
2026-04-02,000333,10:57:18,77.5500,12,2
2026-04-02,000333,10:57:21,77.5000,90,2
2026-04-02,000333,10:57:24,77.5100,14,2
2026-04-02,000333,10:57:27,77.5100,19,2
2026-04-02,000333,10:57:30,77.5000,81,2
2026-04-02,000333,10:57:33,77.5000,9,1
2026-04-02,000333,10:57:36,77.4800,166,2
2026-04-02,000333,10:57:39,77.4900,128,1
2026-04-02,000333,10:57:42,77.4800,23,1
2026-04-02,000333,10:57:45,77.4500,8,2
2026-04-02,000333,10:57:48,77.5000,55,1
2026-04-02,000333,10:57:51,77.4500,7,2
2026-04-02,000333,10:57:54,77.5000,69,1
2026-04-02,000333,10:57:57,77.5000,19,1
2026-04-02,000333,10:58:00,77.5000,86,1
2026-04-02,000333,10:58:03,77.5000,9,4
2026-04-02,000333,10:58:06,77.5000,40,1
2026-04-02,000333,10:58:09,77.4900,14,1
2026-04-02,000333,10:58:12,77.5000,17,1
2026-04-02,000333,10:58:15,77.4900,111,2
2026-04-02,000333,10:58:18,77.4800,16,2
2026-04-02,000333,10:58:21,77.4500,87,2
2026-04-02,000333,10:58:24,77.4600,3,1
2026-04-02,000333,10:58:27,77.4300,1,2
2026-04-02,000333,10:58:30,77.4200,13,2
2026-04-02,000333,10:58:33,77.4200,4,1
2026-04-02,000333,10:58:36,77.4200,53,1
2026-04-02,000333,10:58:39,77.4100,13,2
2026-04-02,000333,10:58:42,77.4200,40,1
2026-04-02,000333,10:58:45,77.4200,36,2
2026-04-02,000333,10:58:48,77.4200,30,2
2026-04-02,000333,10:58:51,77.4200,4,1
2026-04-02,000333,10:58:54,77.4100,2,2
2026-04-02,000333,10:58:57,77.4100,40,2
2026-04-02,000333,10:59:00,77.4100,14,2
2026-04-02,000333,10:59:03,77.4200,8,1
2026-04-02,000333,10:59:06,77.4100,26,2
2026-04-02,000333,10:59:09,77.4200,8,1
2026-04-02,000333,10:59:15,77.4100,6,2
2026-04-02,000333,10:59:18,77.4100,11,2
2026-04-02,000333,10:59:21,77.4200,26,4
2026-04-02,000333,10:59:24,77.4000,36,2
2026-04-02,000333,10:59:27,77.4000,1,2
2026-04-02,000333,10:59:30,77.4000,12,2
2026-04-02,000333,10:59:33,77.4000,26,1
2026-04-02,000333,10:59:36,77.3900,9,2
2026-04-02,000333,10:59:39,77.3800,6,2
2026-04-02,000333,10:59:42,77.3800,19,2
2026-04-02,000333,10:59:45,77.3900,16,1
2026-04-02,000333,10:59:48,77.3800,17,2
2026-04-02,000333,10:59:51,77.3700,16,2
2026-04-02,000333,10:59:54,77.3800,5,1
2026-04-02,000333,10:59:57,77.3800,15,1
2026-04-02,000333,11:00:00,77.3800,2,2
2026-04-02,000333,11:00:03,77.3800,4,2
2026-04-02,000333,11:00:06,77.3800,2,2
2026-04-02,000333,11:00:09,77.3700,69,2
2026-04-02,000333,11:00:12,77.3600,23,2
2026-04-02,000333,11:00:15,77.3500,6,2
2026-04-02,000333,11:00:18,77.3400,21,2
2026-04-02,000333,11:00:21,77.3400,30,2
2026-04-02,000333,11:00:24,77.3400,24,2
2026-04-02,000333,11:00:27,77.3400,2,2
2026-04-02,000333,11:00:30,77.3300,14,2
2026-04-02,000333,11:00:33,77.3400,15,1
2026-04-02,000333,11:00:36,77.3500,36,1
2026-04-02,000333,11:00:39,77.3400,34,2
2026-04-02,000333,11:00:42,77.3200,61,2
2026-04-02,000333,11:00:45,77.3200,37,1
2026-04-02,000333,11:00:48,77.3200,77,1
2026-04-02,000333,11:00:51,77.3200,6,1
2026-04-02,000333,11:00:54,77.3200,19,1
2026-04-02,000333,11:00:57,77.3200,2,1
2026-04-02,000333,11:01:00,77.3300,74,1
2026-04-02,000333,11:01:03,77.3500,44,1
2026-04-02,000333,11:01:06,77.3500,31,1
2026-04-02,000333,11:01:09,77.3600,13,1
2026-04-02,000333,11:01:12,77.3500,14,4
2026-04-02,000333,11:01:15,77.3500,3,2
2026-04-02,000333,11:01:18,77.3700,39,1
2026-04-02,000333,11:01:21,77.3900,21,1
2026-04-02,000333,11:01:24,77.3900,20,1
2026-04-02,000333,11:01:30,77.3800,3,4
2026-04-02,000333,11:01:36,77.3700,8,2
2026-04-02,000333,11:01:39,77.3700,158,2
2026-04-02,000333,11:01:42,77.3700,15,1
2026-04-02,000333,11:01:48,77.3700,35,1
2026-04-02,000333,11:01:54,77.3700,10,1
2026-04-02,000333,11:01:57,77.3500,2,2
2026-04-02,000333,11:02:00,77.3600,1,1
2026-04-02,000333,11:02:06,77.3700,390,1
2026-04-02,000333,11:02:09,77.3800,29,1
2026-04-02,000333,11:02:12,77.3900,68,1
2026-04-02,000333,11:02:15,77.4000,26,1
2026-04-02,000333,11:02:18,77.4000,19,1
2026-04-02,000333,11:02:21,77.4000,21,1
2026-04-02,000333,11:02:24,77.4000,1,2
2026-04-02,000333,11:02:27,77.4000,13,2
2026-04-02,000333,11:02:30,77.4100,22,1
2026-04-02,000333,11:02:33,77.4200,5,4
2026-04-02,000333,11:02:36,77.4100,7,2
2026-04-02,000333,11:02:39,77.4200,6,4
2026-04-02,000333,11:02:42,77.4300,14,1
2026-04-02,000333,11:02:45,77.4100,90,2
2026-04-02,000333,11:02:48,77.4200,3,2
2026-04-02,000333,11:02:51,77.4300,23,2
2026-04-02,000333,11:02:54,77.4300,4,1
2026-04-02,000333,11:02:57,77.4200,13,2
2026-04-02,000333,11:03:00,77.4300,21,1
2026-04-02,000333,11:03:03,77.4300,3,1
2026-04-02,000333,11:03:06,77.4200,2,2
2026-04-02,000333,11:03:09,77.4200,40,2
2026-04-02,000333,11:03:12,77.4200,9,1
2026-04-02,000333,11:03:15,77.4200,5,1
2026-04-02,000333,11:03:18,77.4100,23,2
2026-04-02,000333,11:03:21,77.4100,42,2
2026-04-02,000333,11:03:24,77.4000,7,2
2026-04-02,000333,11:03:27,77.4000,36,2
2026-04-02,000333,11:03:30,77.4200,6,1
2026-04-02,000333,11:03:33,77.4200,1,1
2026-04-02,000333,11:03:36,77.4300,144,1
2026-04-02,000333,11:03:39,77.5000,379,1
2026-04-02,000333,11:03:42,77.4900,27,2
2026-04-02,000333,11:03:45,77.5100,107,1
2026-04-02,000333,11:03:48,77.4900,3,2
2026-04-02,000333,11:03:51,77.5000,12,1
2026-04-02,000333,11:03:54,77.5000,12,1
2026-04-02,000333,11:03:57,77.5200,22,1
2026-04-02,000333,11:04:00,77.5100,2,1
2026-04-02,000333,11:04:03,77.5100,8,1
2026-04-02,000333,11:04:06,77.4900,78,2
2026-04-02,000333,11:04:09,77.5000,12,2
2026-04-02,000333,11:04:12,77.4900,12,2
2026-04-02,000333,11:04:15,77.5100,105,1
2026-04-02,000333,11:04:18,77.5100,59,2
2026-04-02,000333,11:04:21,77.5300,6,4
2026-04-02,000333,11:04:24,77.5300,4,2
2026-04-02,000333,11:04:27,77.5200,10,2
2026-04-02,000333,11:04:30,77.5200,69,2
2026-04-02,000333,11:04:33,77.5400,81,2
2026-04-02,000333,11:04:36,77.5400,5,2
2026-04-02,000333,11:04:39,77.5000,8,2
2026-04-02,000333,11:04:42,77.5000,7,2
2026-04-02,000333,11:04:45,77.5200,25,1
2026-04-02,000333,11:04:48,77.4900,20,2
2026-04-02,000333,11:04:54,77.5200,54,1
2026-04-02,000333,11:04:57,77.5200,3,1
2026-04-02,000333,11:05:00,77.5100,98,4
2026-04-02,000333,11:05:03,77.5200,110,1
2026-04-02,000333,11:05:06,77.5100,14,2
2026-04-02,000333,11:05:09,77.5200,59,1
2026-04-02,000333,11:05:12,77.5200,29,1
2026-04-02,000333,11:05:15,77.4900,4,2
2026-04-02,000333,11:05:18,77.5200,5,1
2026-04-02,000333,11:05:21,77.5200,1,1
2026-04-02,000333,11:05:24,77.5100,11,2
2026-04-02,000333,11:05:30,77.5000,25,2
2026-04-02,000333,11:05:33,77.5000,13,2
2026-04-02,000333,11:05:36,77.5100,3,1
2026-04-02,000333,11:05:39,77.4900,25,2
2026-04-02,000333,11:05:42,77.4900,40,2
2026-04-02,000333,11:05:45,77.4900,4,2
2026-04-02,000333,11:05:48,77.4900,12,2
2026-04-02,000333,11:05:51,77.5000,26,1
2026-04-02,000333,11:05:54,77.4900,42,2
2026-04-02,000333,11:05:57,77.5100,57,1
2026-04-02,000333,11:06:00,77.5200,101,1
2026-04-02,000333,11:06:03,77.5200,16,2
2026-04-02,000333,11:06:06,77.5100,22,2
2026-04-02,000333,11:06:09,77.5200,3,1
2026-04-02,000333,11:06:12,77.5200,14,1
2026-04-02,000333,11:06:15,77.5000,12,2
2026-04-02,000333,11:06:18,77.5100,19,2
2026-04-02,000333,11:06:21,77.5100,113,4
2026-04-02,000333,11:06:24,77.5300,2,1
2026-04-02,000333,11:06:27,77.5100,33,2
2026-04-02,000333,11:06:30,77.5100,3,2
2026-04-02,000333,11:06:33,77.5100,8,2
2026-04-02,000333,11:06:36,77.5000,14,2
2026-04-02,000333,11:06:39,77.5100,11,2
2026-04-02,000333,11:06:42,77.5300,70,1
2026-04-02,000333,11:06:45,77.5700,435,1
2026-04-02,000333,11:06:48,77.5900,98,1
2026-04-02,000333,11:06:51,77.5900,38,2
2026-04-02,000333,11:06:54,77.6000,11,1
2026-04-02,000333,11:06:57,77.6000,5,1
2026-04-02,000333,11:07:00,77.5900,11,2
2026-04-02,000333,11:07:03,77.5900,31,2
2026-04-02,000333,11:07:06,77.5900,47,2
2026-04-02,000333,11:07:09,77.6000,44,1
2026-04-02,000333,11:07:12,77.5900,63,2
2026-04-02,000333,11:07:15,77.5900,41,2
2026-04-02,000333,11:07:18,77.6000,19,1
2026-04-02,000333,11:07:21,77.5900,13,2
2026-04-02,000333,11:07:24,77.5900,15,2
2026-04-02,000333,11:07:27,77.6000,168,1
2026-04-02,000333,11:07:30,77.6300,546,1
2026-04-02,000333,11:07:33,77.6400,25,1
2026-04-02,000333,11:07:36,77.6500,55,1
2026-04-02,000333,11:07:39,77.6500,53,1
2026-04-02,000333,11:07:42,77.6400,28,2
2026-04-02,000333,11:07:45,77.6400,18,2
2026-04-02,000333,11:07:48,77.6400,9,2
2026-04-02,000333,11:07:51,77.6400,31,1
2026-04-02,000333,11:07:54,77.6400,39,1
2026-04-02,000333,11:07:57,77.6300,37,2
2026-04-02,000333,11:08:00,77.6400,42,1
2026-04-02,000333,11:08:03,77.6500,83,1
2026-04-02,000333,11:08:06,77.6400,16,2
2026-04-02,000333,11:08:09,77.6500,31,1
2026-04-02,000333,11:08:12,77.6400,63,2
2026-04-02,000333,11:08:15,77.6200,172,2
2026-04-02,000333,11:08:18,77.6200,40,2
2026-04-02,000333,11:08:21,77.6200,29,2
2026-04-02,000333,11:08:24,77.6100,16,2
2026-04-02,000333,11:08:27,77.5800,41,2
2026-04-02,000333,11:08:30,77.5800,3,2
2026-04-02,000333,11:08:33,77.5800,42,2
2026-04-02,000333,11:08:36,77.5800,38,2
2026-04-02,000333,11:08:39,77.5900,31,1
2026-04-02,000333,11:08:42,77.5900,24,1
2026-04-02,000333,11:08:45,77.5800,46,2
2026-04-02,000333,11:08:48,77.5800,11,2
2026-04-02,000333,11:08:51,77.5800,21,2
2026-04-02,000333,11:08:54,77.5800,13,2
2026-04-02,000333,11:08:57,77.5900,8,1
2026-04-02,000333,11:09:00,77.5800,36,2
2026-04-02,000333,11:09:03,77.5900,7,1
2026-04-02,000333,11:09:06,77.5800,6,2
2026-04-02,000333,11:09:09,77.5800,15,2
2026-04-02,000333,11:09:12,77.5800,19,2
2026-04-02,000333,11:09:15,77.5900,11,1
2026-04-02,000333,11:09:18,77.5800,22,2
2026-04-02,000333,11:09:21,77.5900,216,1
2026-04-02,000333,11:09:24,77.5900,38,2
2026-04-02,000333,11:09:27,77.5900,4,2
2026-04-02,000333,11:09:30,77.5900,38,2
2026-04-02,000333,11:09:33,77.5800,41,2
2026-04-02,000333,11:09:36,77.6000,196,1
2026-04-02,000333,11:09:39,77.6100,126,2
2026-04-02,000333,11:09:42,77.6300,48,1
2026-04-02,000333,11:09:45,77.6400,18,1
2026-04-02,000333,11:09:48,77.6400,5,1
2026-04-02,000333,11:09:51,77.6400,29,1
2026-04-02,000333,11:09:54,77.6300,101,2
2026-04-02,000333,11:09:57,77.6300,22,2
2026-04-02,000333,11:10:00,77.6300,6,2
2026-04-02,000333,11:10:03,77.6300,19,2
2026-04-02,000333,11:10:06,77.6400,40,1
2026-04-02,000333,11:10:09,77.6400,5,2
2026-04-02,000333,11:10:12,77.6400,22,2
2026-04-02,000333,11:10:15,77.6400,56,2
2026-04-02,000333,11:10:18,77.6400,11,1
2026-04-02,000333,11:10:21,77.6300,87,2
2026-04-02,000333,11:10:24,77.6500,12,1
2026-04-02,000333,11:10:27,77.6500,63,1
2026-04-02,000333,11:10:30,77.6400,12,1
2026-04-02,000333,11:10:33,77.6400,14,2
2026-04-02,000333,11:10:36,77.6400,5,2
2026-04-02,000333,11:10:39,77.6500,12,1
2026-04-02,000333,11:10:42,77.6400,135,2
2026-04-02,000333,11:10:45,77.6500,74,1
2026-04-02,000333,11:10:48,77.6500,4,1
2026-04-02,000333,11:10:51,77.6400,80,2
2026-04-02,000333,11:10:54,77.6400,70,2
2026-04-02,000333,11:10:57,77.6400,18,4
2026-04-02,000333,11:11:00,77.6300,6,2
2026-04-02,000333,11:11:03,77.6400,33,1
2026-04-02,000333,11:11:06,77.6300,8,2
2026-04-02,000333,11:11:09,77.6400,32,1
2026-04-02,000333,11:11:12,77.6400,58,1
2026-04-02,000333,11:11:15,77.6400,17,1
2026-04-02,000333,11:11:18,77.6400,5,1
2026-04-02,000333,11:11:21,77.6300,26,2
2026-04-02,000333,11:11:24,77.6400,11,1
2026-04-02,000333,11:11:27,77.6300,16,2
2026-04-02,000333,11:11:30,77.6300,14,2
2026-04-02,000333,11:11:33,77.6300,156,1
2026-04-02,000333,11:11:36,77.6500,70,1
2026-04-02,000333,11:11:39,77.6500,192,1
2026-04-02,000333,11:11:42,77.6400,24,2
2026-04-02,000333,11:11:45,77.6400,8,1
2026-04-02,000333,11:11:48,77.6300,45,2
2026-04-02,000333,11:11:51,77.6400,8,4
2026-04-02,000333,11:11:54,77.6300,95,2
2026-04-02,000333,11:11:57,77.6400,9,2
2026-04-02,000333,11:12:00,77.6500,17,1
2026-04-02,000333,11:12:03,77.6500,43,1
2026-04-02,000333,11:12:06,77.6500,9,1
2026-04-02,000333,11:12:09,77.6500,87,1
2026-04-02,000333,11:12:12,77.6400,60,2
2026-04-02,000333,11:12:15,77.6500,25,1
2026-04-02,000333,11:12:18,77.6500,53,1
2026-04-02,000333,11:12:21,77.6500,77,1
2026-04-02,000333,11:12:24,77.6400,57,2
2026-04-02,000333,11:12:27,77.6500,47,1
2026-04-02,000333,11:12:30,77.6500,4,2
2026-04-02,000333,11:12:33,77.6400,57,2
2026-04-02,000333,11:12:36,77.6400,46,1
2026-04-02,000333,11:12:39,77.6400,3,2
2026-04-02,000333,11:12:42,77.6400,20,2
2026-04-02,000333,11:12:45,77.6400,65,2
2026-04-02,000333,11:12:48,77.6300,146,2
2026-04-02,000333,11:12:51,77.6300,11,1
2026-04-02,000333,11:12:54,77.6400,8,1
2026-04-02,000333,11:12:57,77.6300,8,1
2026-04-02,000333,11:13:00,77.6300,3,4
2026-04-02,000333,11:13:03,77.6900,1498,1
2026-04-02,000333,11:13:06,77.7000,330,1
2026-04-02,000333,11:13:09,77.7000,34,1
2026-04-02,000333,11:13:12,77.7000,16,1
2026-04-02,000333,11:13:15,77.6900,98,2
2026-04-02,000333,11:13:18,77.6800,11,2
2026-04-02,000333,11:13:21,77.6900,80,1
2026-04-02,000333,11:13:24,77.7000,14,1
2026-04-02,000333,11:13:27,77.7000,4,1
2026-04-02,000333,11:13:30,77.6900,32,2
2026-04-02,000333,11:13:33,77.7000,88,1
2026-04-02,000333,11:13:36,77.7000,143,1
2026-04-02,000333,11:13:39,77.7000,70,1
2026-04-02,000333,11:13:42,77.7000,144,2
2026-04-02,000333,11:13:45,77.7100,66,1
2026-04-02,000333,11:13:48,77.7100,71,1
2026-04-02,000333,11:13:51,77.7100,7,1
2026-04-02,000333,11:13:54,77.7000,5,2
2026-04-02,000333,11:13:57,77.7000,61,2
2026-04-02,000333,11:14:00,77.6900,34,2
2026-04-02,000333,11:14:03,77.6800,51,2
2026-04-02,000333,11:14:06,77.7000,18,1
2026-04-02,000333,11:14:09,77.6900,19,2
2026-04-02,000333,11:14:12,77.6700,21,2
2026-04-02,000333,11:14:15,77.6800,11,1
2026-04-02,000333,11:14:18,77.6600,25,2
2026-04-02,000333,11:14:21,77.6500,14,2
2026-04-02,000333,11:14:24,77.6700,8,4
2026-04-02,000333,11:14:27,77.6400,13,2
2026-04-02,000333,11:14:30,77.6400,17,2
2026-04-02,000333,11:14:33,77.6300,35,2
2026-04-02,000333,11:14:36,77.6000,19,2
2026-04-02,000333,11:14:39,77.6300,8,1
2026-04-02,000333,11:14:42,77.6300,30,1
2026-04-02,000333,11:14:45,77.6200,20,2
2026-04-02,000333,11:14:48,77.6600,30,1
2026-04-02,000333,11:14:51,77.6600,11,1
2026-04-02,000333,11:14:54,77.6600,4,1
2026-04-02,000333,11:14:57,77.6600,9,1
2026-04-02,000333,11:15:00,77.6200,1,2
2026-04-02,000333,11:15:03,77.6200,13,2
2026-04-02,000333,11:15:06,77.6200,31,1
2026-04-02,000333,11:15:09,77.6200,20,4
2026-04-02,000333,11:15:12,77.6200,6,1
2026-04-02,000333,11:15:15,77.6100,50,2
2026-04-02,000333,11:15:18,77.6100,20,1
2026-04-02,000333,11:15:21,77.6000,29,2
2026-04-02,000333,11:15:24,77.5800,23,2
2026-04-02,000333,11:15:27,77.5800,17,2
2026-04-02,000333,11:15:30,77.5700,13,2
2026-04-02,000333,11:15:33,77.5700,101,1
2026-04-02,000333,11:15:36,77.5700,110,1
2026-04-02,000333,11:15:39,77.5700,38,1
2026-04-02,000333,11:15:42,77.5500,17,2
2026-04-02,000333,11:15:45,77.5300,32,2
2026-04-02,000333,11:15:48,77.5500,18,4
2026-04-02,000333,11:15:51,77.5500,31,2
2026-04-02,000333,11:15:54,77.5800,31,1
2026-04-02,000333,11:15:57,77.6000,39,1
2026-04-02,000333,11:16:00,77.5900,29,4
2026-04-02,000333,11:16:03,77.5900,14,1
2026-04-02,000333,11:16:06,77.6200,55,1
2026-04-02,000333,11:16:09,77.6000,21,2
2026-04-02,000333,11:16:12,77.6300,3,1
2026-04-02,000333,11:16:15,77.6200,3,1
2026-04-02,000333,11:16:18,77.6000,11,2
2026-04-02,000333,11:16:21,77.6000,15,1
2026-04-02,000333,11:16:24,77.5900,10,2
2026-04-02,000333,11:16:27,77.5900,3,2
2026-04-02,000333,11:16:30,77.6000,13,1
2026-04-02,000333,11:16:33,77.5900,4,2
2026-04-02,000333,11:16:36,77.6000,12,1
2026-04-02,000333,11:16:39,77.6000,13,1
2026-04-02,000333,11:16:42,77.6000,26,1
2026-04-02,000333,11:16:45,77.6000,19,1
2026-04-02,000333,11:16:48,77.5900,21,2
2026-04-02,000333,11:16:51,77.5900,3,2
2026-04-02,000333,11:16:54,77.5900,2,2
2026-04-02,000333,11:16:57,77.5900,37,2
2026-04-02,000333,11:17:00,77.6000,57,1
2026-04-02,000333,11:17:03,77.6000,9,2
2026-04-02,000333,11:17:06,77.6000,10,2
2026-04-02,000333,11:17:09,77.6000,7,2
2026-04-02,000333,11:17:12,77.5900,12,2
2026-04-02,000333,11:17:15,77.5900,13,2
2026-04-02,000333,11:17:18,77.5900,8,1
2026-04-02,000333,11:17:21,77.5800,8,2
2026-04-02,000333,11:17:24,77.5800,22,2
2026-04-02,000333,11:17:27,77.5900,7,4
2026-04-02,000333,11:17:30,77.5900,2,1
2026-04-02,000333,11:17:33,77.5900,5,1
2026-04-02,000333,11:17:36,77.5900,10,4
2026-04-02,000333,11:17:39,77.5900,22,2
2026-04-02,000333,11:17:42,77.5900,68,1
2026-04-02,000333,11:17:45,77.5800,62,2
2026-04-02,000333,11:17:48,77.5700,19,2
2026-04-02,000333,11:17:51,77.5700,95,2
2026-04-02,000333,11:17:54,77.5600,32,4
2026-04-02,000333,11:17:57,77.5500,4,2
2026-04-02,000333,11:18:00,77.5500,7,1
2026-04-02,000333,11:18:03,77.5200,21,2
2026-04-02,000333,11:18:06,77.5500,7,1
2026-04-02,000333,11:18:09,77.5500,14,1
2026-04-02,000333,11:18:12,77.5200,6,2
2026-04-02,000333,11:18:15,77.5200,2,2
2026-04-02,000333,11:18:18,77.5400,14,1
2026-04-02,000333,11:18:21,77.5500,73,1
2026-04-02,000333,11:18:24,77.5600,118,1
2026-04-02,000333,11:18:27,77.5800,26,1
2026-04-02,000333,11:18:30,77.5800,22,1
2026-04-02,000333,11:18:33,77.5900,12,1
2026-04-02,000333,11:18:36,77.5900,16,1
2026-04-02,000333,11:18:39,77.5900,40,1
2026-04-02,000333,11:18:42,77.5800,51,2
2026-04-02,000333,11:18:45,77.6000,9,1
2026-04-02,000333,11:18:48,77.5900,11,4
2026-04-02,000333,11:18:51,77.5900,7,1
2026-04-02,000333,11:18:54,77.5900,4,1
2026-04-02,000333,11:18:57,77.5800,24,2
2026-04-02,000333,11:19:00,77.5900,11,1
2026-04-02,000333,11:19:03,77.5900,9,1
2026-04-02,000333,11:19:06,77.5900,4,2
2026-04-02,000333,11:19:09,77.6000,31,1
2026-04-02,000333,11:19:12,77.5900,8,2
2026-04-02,000333,11:19:15,77.5900,4,2
2026-04-02,000333,11:19:18,77.6000,9,1
2026-04-02,000333,11:19:21,77.5900,4,2
2026-04-02,000333,11:19:24,77.6100,108,1
2026-04-02,000333,11:19:27,77.6100,28,1
2026-04-02,000333,11:19:30,77.6100,17,1
2026-04-02,000333,11:19:33,77.6000,16,2
2026-04-02,000333,11:19:36,77.5900,18,2
2026-04-02,000333,11:19:39,77.6100,2,1
2026-04-02,000333,11:19:42,77.6100,6,1
2026-04-02,000333,11:19:45,77.6000,20,2
2026-04-02,000333,11:19:48,77.5800,71,2
2026-04-02,000333,11:19:51,77.5900,19,4
2026-04-02,000333,11:19:54,77.5900,4,2
2026-04-02,000333,11:19:57,77.5900,2,1
2026-04-02,000333,11:20:00,77.5900,17,1
2026-04-02,000333,11:20:03,77.5900,16,1
2026-04-02,000333,11:20:06,77.6000,2,1
2026-04-02,000333,11:20:09,77.5900,13,2
2026-04-02,000333,11:20:12,77.5900,15,2
2026-04-02,000333,11:20:15,77.5900,12,2
2026-04-02,000333,11:20:18,77.6000,71,1
2026-04-02,000333,11:20:21,77.6100,58,1
2026-04-02,000333,11:20:24,77.6100,23,1
2026-04-02,000333,11:20:27,77.6200,9,1
