date,code,time,price,volume,bs
2026-01-06,601012,14:07:06,18.7800,50,2
2026-01-06,601012,14:07:09,18.7800,256,2
2026-01-06,601012,14:07:12,18.7900,40,1
2026-01-06,601012,14:07:15,18.7800,23,2
2026-01-06,601012,14:07:18,18.7900,105,1
2026-01-06,601012,14:07:21,18.7900,174,1
2026-01-06,601012,14:07:24,18.7800,22,2
2026-01-06,601012,14:07:27,18.7900,199,1
2026-01-06,601012,14:07:30,18.7900,28,1
2026-01-06,601012,14:07:33,18.7900,60,1
2026-01-06,601012,14:07:36,18.7900,115,1
2026-01-06,601012,14:07:39,18.7900,100,1
2026-01-06,601012,14:07:42,18.7900,295,1
2026-01-06,601012,14:07:45,18.7900,33,2
2026-01-06,601012,14:07:48,18.7900,68,2
2026-01-06,601012,14:07:51,18.7900,104,2
2026-01-06,601012,14:07:54,18.7900,25,2
2026-01-06,601012,14:07:57,18.7900,62,2
2026-01-06,601012,14:08:00,18.7900,155,2
2026-01-06,601012,14:08:03,18.7900,206,2
2026-01-06,601012,14:08:06,18.7900,75,2
2026-01-06,601012,14:08:09,18.7900,159,2
2026-01-06,601012,14:08:12,18.8000,82,1
2026-01-06,601012,14:08:15,18.7900,17,2
2026-01-06,601012,14:08:18,18.7900,55,2
2026-01-06,601012,14:08:21,18.8000,32,1
2026-01-06,601012,14:08:24,18.8000,14,1
2026-01-06,601012,14:08:27,18.8000,109,1
2026-01-06,601012,14:08:30,18.8000,93,1
2026-01-06,601012,14:08:33,18.8000,46,1
2026-01-06,601012,14:08:36,18.7900,179,2
2026-01-06,601012,14:08:39,18.8000,579,1
2026-01-06,601012,14:08:42,18.8000,91,1
2026-01-06,601012,14:08:45,18.8000,58,1
2026-01-06,601012,14:08:48,18.8000,166,1
2026-01-06,601012,14:08:51,18.8000,213,1
2026-01-06,601012,14:08:54,18.7900,115,2
2026-01-06,601012,14:08:57,18.8000,130,1
2026-01-06,601012,14:09:00,18.8000,324,1
2026-01-06,601012,14:09:03,18.8000,174,1
2026-01-06,601012,14:09:06,18.7900,254,2
2026-01-06,601012,14:09:09,18.8000,82,1
2026-01-06,601012,14:09:12,18.8000,81,1
2026-01-06,601012,14:09:15,18.8000,47,1
2026-01-06,601012,14:09:18,18.7900,457,2
2026-01-06,601012,14:09:21,18.8000,14,1
2026-01-06,601012,14:09:24,18.8000,60,1
2026-01-06,601012,14:09:27,18.7900,95,2
2026-01-06,601012,14:09:30,18.7900,97,2
2026-01-06,601012,14:09:33,18.8000,500,1
2026-01-06,601012,14:09:36,18.8000,58,1
2026-01-06,601012,14:09:39,18.7900,163,2
2026-01-06,601012,14:09:42,18.8000,97,1
2026-01-06,601012,14:09:45,18.7900,152,2
2026-01-06,601012,14:09:48,18.8000,55,4
2026-01-06,601012,14:09:51,18.7900,4,2
2026-01-06,601012,14:09:54,18.7900,66,2
2026-01-06,601012,14:09:57,18.8000,24,1
2026-01-06,601012,14:10:00,18.8000,56,1
2026-01-06,601012,14:10:03,18.7900,69,2
2026-01-06,601012,14:10:06,18.8000,30,1
2026-01-06,601012,14:10:09,18.7900,49,2
2026-01-06,601012,14:10:12,18.8000,671,1
2026-01-06,601012,14:10:15,18.8100,78,1
2026-01-06,601012,14:10:18,18.8000,63,2
2026-01-06,601012,14:10:21,18.8000,117,2
2026-01-06,601012,14:10:24,18.8000,128,2
2026-01-06,601012,14:10:27,18.8000,123,2
2026-01-06,601012,14:10:30,18.8100,48,1
2026-01-06,601012,14:10:33,18.8000,134,2
2026-01-06,601012,14:10:36,18.7900,163,2
2026-01-06,601012,14:10:39,18.8100,108,1
2026-01-06,601012,14:10:42,18.8100,34,1
2026-01-06,601012,14:10:45,18.8000,37,2
2026-01-06,601012,14:10:48,18.8000,184,2
2026-01-06,601012,14:10:51,18.8000,51,2
2026-01-06,601012,14:10:54,18.8000,42,2
2026-01-06,601012,14:10:57,18.8100,96,1
2026-01-06,601012,14:11:00,18.8000,22,2
2026-01-06,601012,14:11:03,18.8000,50,2
2026-01-06,601012,14:11:06,18.8000,61,2
2026-01-06,601012,14:11:09,18.8100,12,1
2026-01-06,601012,14:11:12,18.8000,54,2
2026-01-06,601012,14:11:15,18.8000,47,2
2026-01-06,601012,14:11:18,18.8000,84,2
2026-01-06,601012,14:11:21,18.8100,128,1
2026-01-06,601012,14:11:24,18.7900,25,2
2026-01-06,601012,14:11:27,18.8000,159,1
2026-01-06,601012,14:11:30,18.8000,35,2
2026-01-06,601012,14:11:33,18.7900,66,2
2026-01-06,601012,14:11:36,18.8000,49,2
2026-01-06,601012,14:11:39,18.8000,222,2
2026-01-06,601012,14:11:42,18.8000,84,1
2026-01-06,601012,14:11:45,18.8000,30,1
2026-01-06,601012,14:11:48,18.8000,68,1
2026-01-06,601012,14:11:51,18.8000,67,1
2026-01-06,601012,14:11:54,18.7900,65,2
2026-01-06,601012,14:11:57,18.8000,70,1
2026-01-06,601012,14:12:00,18.7900,49,2
2026-01-06,601012,14:12:03,18.7900,102,2
2026-01-06,601012,14:12:06,18.8000,170,1
2026-01-06,601012,14:12:09,18.7900,9,2
2026-01-06,601012,14:12:12,18.8000,158,1
2026-01-06,601012,14:12:15,18.8000,25,1
2026-01-06,601012,14:12:18,18.8000,68,1
2026-01-06,601012,14:12:21,18.7900,127,2
2026-01-06,601012,14:12:24,18.7900,46,2
2026-01-06,601012,14:12:27,18.8000,636,1
2026-01-06,601012,14:12:30,18.8000,14,1
2026-01-06,601012,14:12:33,18.8000,28,1
2026-01-06,601012,14:12:36,18.7900,616,2
2026-01-06,601012,14:12:39,18.7900,167,1
2026-01-06,601012,14:12:42,18.7900,47,1
2026-01-06,601012,14:12:45,18.7800,132,2
2026-01-06,601012,14:12:48,18.7800,163,2
2026-01-06,601012,14:12:51,18.7800,28,2
2026-01-06,601012,14:12:54,18.7900,71,1
2026-01-06,601012,14:12:57,18.7900,510,1
2026-01-06,601012,14:13:00,18.7900,65,1
2026-01-06,601012,14:13:03,18.7900,70,1
2026-01-06,601012,14:13:06,18.7900,183,1
2026-01-06,601012,14:13:09,18.7900,143,1
2026-01-06,601012,14:13:12,18.7800,63,2
2026-01-06,601012,14:13:15,18.7900,4,1
2026-01-06,601012,14:13:18,18.7800,650,2
2026-01-06,601012,14:13:21,18.7800,179,1
2026-01-06,601012,14:13:24,18.7800,299,1
2026-01-06,601012,14:13:27,18.7900,40,1
2026-01-06,601012,14:13:30,18.7800,62,2
2026-01-06,601012,14:13:33,18.7900,66,1
2026-01-06,601012,14:13:36,18.7800,127,2
2026-01-06,601012,14:13:39,18.7900,114,1
2026-01-06,601012,14:13:42,18.7900,212,1
2026-01-06,601012,14:13:45,18.7800,83,2
2026-01-06,601012,14:13:48,18.7900,120,1
2026-01-06,601012,14:13:51,18.7900,353,1
2026-01-06,601012,14:13:54,18.7900,115,2
2026-01-06,601012,14:13:57,18.7900,69,2
2026-01-06,601012,14:14:00,18.7900,364,2
2026-01-06,601012,14:14:03,18.7900,70,1
2026-01-06,601012,14:14:06,18.7900,75,1
2026-01-06,601012,14:14:09,18.7800,49,2
2026-01-06,601012,14:14:13,18.7900,38,1
2026-01-06,601012,14:14:15,18.7900,20,1
2026-01-06,601012,14:14:18,18.7900,67,1
2026-01-06,601012,14:14:21,18.7900,69,1
2026-01-06,601012,14:14:24,18.7900,7,1
2026-01-06,601012,14:14:27,18.7800,57,2
2026-01-06,601012,14:14:30,18.7800,737,2
2026-01-06,601012,14:14:33,18.7900,100,1
2026-01-06,601012,14:14:36,18.7900,3307,1
2026-01-06,601012,14:14:39,18.7900,96,2
2026-01-06,601012,14:14:42,18.7900,139,2
2026-01-06,601012,14:14:45,18.7900,132,2
2026-01-06,601012,14:14:48,18.8000,491,1
2026-01-06,601012,14:14:51,18.8000,998,1
2026-01-06,601012,14:14:54,18.8000,119,1
2026-01-06,601012,14:14:57,18.8100,43,1
2026-01-06,601012,14:15:00,18.8100,31,1
2026-01-06,601012,14:15:03,18.8100,177,1
2026-01-06,601012,14:15:06,18.8100,107,1
2026-01-06,601012,14:15:09,18.8000,234,4
2026-01-06,601012,14:15:12,18.8000,255,2
2026-01-06,601012,14:15:15,18.8000,103,2
2026-01-06,601012,14:15:18,18.8000,383,2
2026-01-06,601012,14:15:21,18.8000,299,1
2026-01-06,601012,14:15:24,18.8100,95,1
2026-01-06,601012,14:15:27,18.8100,68,1
2026-01-06,601012,14:15:30,18.8100,40,1
2026-01-06,601012,14:15:33,18.8100,134,1
2026-01-06,601012,14:15:36,18.8000,88,2
2026-01-06,601012,14:15:39,18.8100,577,1
2026-01-06,601012,14:15:42,18.8100,46,1
2026-01-06,601012,14:15:45,18.8100,312,1
2026-01-06,601012,14:15:48,18.8100,136,1
2026-01-06,601012,14:15:51,18.8100,116,1
2026-01-06,601012,14:15:54,18.8100,55,1
2026-01-06,601012,14:15:57,18.8100,650,1
2026-01-06,601012,14:16:00,18.8100,244,1
2026-01-06,601012,14:16:03,18.8100,108,1
2026-01-06,601012,14:16:06,18.8100,167,1
2026-01-06,601012,14:16:09,18.8100,116,1
2026-01-06,601012,14:16:12,18.8100,33,1
2026-01-06,601012,14:16:15,18.8100,182,1
2026-01-06,601012,14:16:18,18.8100,63,1
2026-01-06,601012,14:16:21,18.8200,178,1
2026-01-06,601012,14:16:24,18.8100,48,2
2026-01-06,601012,14:16:27,18.8100,91,1
2026-01-06,601012,14:16:30,18.8100,26,1
2026-01-06,601012,14:16:33,18.8100,58,1
2026-01-06,601012,14:16:36,18.8100,61,1
2026-01-06,601012,14:16:39,18.8100,69,1
2026-01-06,601012,14:16:42,18.8100,69,1
2026-01-06,601012,14:16:45,18.8200,229,1
2026-01-06,601012,14:16:48,18.8100,171,2
2026-01-06,601012,14:16:51,18.8100,11,2
2026-01-06,601012,14:16:54,18.8200,100,1
2026-01-06,601012,14:16:57,18.8200,98,1
2026-01-06,601012,14:17:00,18.8200,96,1
2026-01-06,601012,14:17:03,18.8200,92,1
2026-01-06,601012,14:17:06,18.8200,80,1
2026-01-06,601012,14:17:09,18.8200,113,1
2026-01-06,601012,14:17:12,18.8100,629,2
2026-01-06,601012,14:17:15,18.8200,32,1
2026-01-06,601012,14:17:18,18.8200,61,1
2026-01-06,601012,14:17:21,18.8200,551,1
2026-01-06,601012,14:17:24,18.8100,254,2
2026-01-06,601012,14:17:27,18.8100,361,2
2026-01-06,601012,14:17:30,18.8100,116,2
2026-01-06,601012,14:17:33,18.8200,336,1
2026-01-06,601012,14:17:36,18.8100,80,2
2026-01-06,601012,14:17:39,18.8200,337,1
2026-01-06,601012,14:17:42,18.8200,155,1
2026-01-06,601012,14:17:45,18.8200,43,1
2026-01-06,601012,14:17:48,18.8200,75,1
2026-01-06,601012,14:17:51,18.8200,136,1
2026-01-06,601012,14:17:54,18.8100,541,2
2026-01-06,601012,14:17:57,18.8200,20,1
2026-01-06,601012,14:18:00,18.8200,22,1
2026-01-06,601012,14:18:03,18.8200,168,1
2026-01-06,601012,14:18:06,18.8200,116,1
2026-01-06,601012,14:18:09,18.8000,35,2
2026-01-06,601012,14:18:12,18.8100,163,4
2026-01-06,601012,14:18:15,18.8200,28,1
2026-01-06,601012,14:18:18,18.8200,11,1
2026-01-06,601012,14:18:21,18.8000,418,2
2026-01-06,601012,14:18:24,18.8100,72,1
2026-01-06,601012,14:18:27,18.8000,15,2
2026-01-06,601012,14:18:30,18.8100,62,1
2026-01-06,601012,14:18:33,18.8100,85,1
2026-01-06,601012,14:18:36,18.8100,106,1
2026-01-06,601012,14:18:39,18.8100,16,1
2026-01-06,601012,14:18:42,18.8100,44,1
2026-01-06,601012,14:18:45,18.8100,73,1
2026-01-06,601012,14:18:48,18.8100,53,1
2026-01-06,601012,14:18:51,18.8100,124,1
2026-01-06,601012,14:18:54,18.8100,463,1
2026-01-06,601012,14:18:57,18.8100,24,1
2026-01-06,601012,14:19:00,18.8100,82,1
2026-01-06,601012,14:19:03,18.8100,712,1
2026-01-06,601012,14:19:06,18.8000,170,2
2026-01-06,601012,14:19:09,18.8100,455,1
2026-01-06,601012,14:19:12,18.8000,452,2
2026-01-06,601012,14:19:15,18.8100,83,1
2026-01-06,601012,14:19:18,18.8000,84,2
2026-01-06,601012,14:19:21,18.8000,83,2
2026-01-06,601012,14:19:24,18.8100,10,1
2026-01-06,601012,14:19:27,18.8100,241,1
2026-01-06,601012,14:19:30,18.8100,25,1
2026-01-06,601012,14:19:33,18.8100,93,1
2026-01-06,601012,14:19:36,18.8100,631,1
2026-01-06,601012,14:19:39,18.8100,145,2
2026-01-06,601012,14:19:42,18.8100,117,2
2026-01-06,601012,14:19:45,18.8100,37,1
2026-01-06,601012,14:19:48,18.8100,135,1
2026-01-06,601012,14:19:51,18.8200,200,1
2026-01-06,601012,14:19:54,18.8100,342,2
2026-01-06,601012,14:19:57,18.8100,70,2
2026-01-06,601012,14:20:00,18.8100,61,2
2026-01-06,601012,14:20:03,18.8100,111,1
2026-01-06,601012,14:20:06,18.8000,37,2
2026-01-06,601012,14:20:09,18.8100,68,1
2026-01-06,601012,14:20:12,18.8100,24,1
2026-01-06,601012,14:20:15,18.8100,217,1
2026-01-06,601012,14:20:18,18.8100,585,1
2026-01-06,601012,14:20:21,18.8100,558,1
2026-01-06,601012,14:20:24,18.8000,404,2
2026-01-06,601012,14:20:27,18.8000,101,2
2026-01-06,601012,14:20:30,18.8000,29,2
2026-01-06,601012,14:20:33,18.8000,169,2
2026-01-06,601012,14:20:36,18.8000,330,2
2026-01-06,601012,14:20:39,18.8100,75,1
2026-01-06,601012,14:20:42,18.8100,165,1
2026-01-06,601012,14:20:45,18.8000,12,4
2026-01-06,601012,14:20:48,18.8000,60,2
2026-01-06,601012,14:20:51,18.8000,45,2
2026-01-06,601012,14:20:54,18.8000,58,2
2026-01-06,601012,14:20:57,18.8000,20,2
2026-01-06,601012,14:21:00,18.8100,25,1
2026-01-06,601012,14:21:03,18.8100,497,1
2026-01-06,601012,14:21:06,18.8000,84,2
2026-01-06,601012,14:21:09,18.8000,40,2
2026-01-06,601012,14:21:12,18.8000,246,2
2026-01-06,601012,14:21:15,18.8000,128,2
2026-01-06,601012,14:21:18,18.8100,39,1
2026-01-06,601012,14:21:21,18.8000,129,2
2026-01-06,601012,14:21:24,18.8000,38,2
2026-01-06,601012,14:21:27,18.8000,57,2
2026-01-06,601012,14:21:30,18.8000,1236,2
2026-01-06,601012,14:21:33,18.8100,1601,1
2026-01-06,601012,14:21:36,18.8200,11,1
2026-01-06,601012,14:21:39,18.8100,102,2
2026-01-06,601012,14:21:42,18.8100,248,2
2026-01-06,601012,14:21:45,18.8200,52,1
2026-01-06,601012,14:21:48,18.8100,32,2
2026-01-06,601012,14:21:51,18.8200,235,1
2026-01-06,601012,14:21:54,18.8200,116,1
2026-01-06,601012,14:21:57,18.8200,35,1
2026-01-06,601012,14:22:00,18.8000,540,2
2026-01-06,601012,14:22:03,18.8000,382,2
2026-01-06,601012,14:22:06,18.8100,169,1
2026-01-06,601012,14:22:09,18.8100,134,1
2026-01-06,601012,14:22:12,18.8100,136,1
2026-01-06,601012,14:22:15,18.8100,109,1
2026-01-06,601012,14:22:18,18.8200,155,1
2026-01-06,601012,14:22:21,18.8200,36,1
2026-01-06,601012,14:22:24,18.8200,89,1
2026-01-06,601012,14:22:27,18.8100,96,2
2026-01-06,601012,14:22:30,18.8200,118,1
2026-01-06,601012,14:22:33,18.8100,120,2
2026-01-06,601012,14:22:36,18.8200,111,1
2026-01-06,601012,14:22:39,18.8100,250,2
2026-01-06,601012,14:22:42,18.8000,171,2
2026-01-06,601012,14:22:45,18.8100,85,2
2026-01-06,601012,14:22:48,18.8200,94,1
2026-01-06,601012,14:22:51,18.8000,251,2
2026-01-06,601012,14:22:54,18.8000,80,2
2026-01-06,601012,14:22:57,18.8100,118,1
2026-01-06,601012,14:23:00,18.8200,122,1
2026-01-06,601012,14:23:03,18.8200,128,1
2026-01-06,601012,14:23:06,18.8200,37,1
2026-01-06,601012,14:23:09,18.8200,104,1
2026-01-06,601012,14:23:12,18.8200,183,1
2026-01-06,601012,14:23:15,18.8200,32,1
2026-01-06,601012,14:23:18,18.8200,49,1
2026-01-06,601012,14:23:21,18.8200,136,1
2026-01-06,601012,14:23:24,18.8200,152,1
2026-01-06,601012,14:23:27,18.8200,98,1
2026-01-06,601012,14:23:30,18.8200,28,1
2026-01-06,601012,14:23:33,18.8200,161,1
2026-01-06,601012,14:23:36,18.8100,295,2
2026-01-06,601012,14:23:39,18.8000,492,2
2026-01-06,601012,14:23:42,18.8100,66,1
2026-01-06,601012,14:23:45,18.8100,153,1
2026-01-06,601012,14:23:48,18.8200,268,1
2026-01-06,601012,14:23:51,18.8200,109,1
2026-01-06,601012,14:23:54,18.8100,28,2
2026-01-06,601012,14:23:57,18.8200,76,1
2026-01-06,601012,14:24:00,18.8100,124,2
2026-01-06,601012,14:24:03,18.8200,247,1
2026-01-06,601012,14:24:06,18.8000,381,2
2026-01-06,601012,14:24:09,18.8100,283,4
2026-01-06,601012,14:24:12,18.8200,78,1
2026-01-06,601012,14:24:15,18.8200,124,1
2026-01-06,601012,14:24:18,18.8200,164,1
2026-01-06,601012,14:24:21,18.8200,96,1
2026-01-06,601012,14:24:24,18.8100,435,2
2026-01-06,601012,14:24:27,18.8200,484,1
2026-01-06,601012,14:24:30,18.8200,282,1
2026-01-06,601012,14:24:33,18.8200,252,4
2026-01-06,601012,14:24:36,18.8200,251,1
2026-01-06,601012,14:24:39,18.8300,376,1
2026-01-06,601012,14:24:42,18.8200,213,2
2026-01-06,601012,14:24:45,18.8200,740,4
2026-01-06,601012,14:24:48,18.8300,172,1
2026-01-06,601012,14:24:51,18.8300,417,1
2026-01-06,601012,14:24:54,18.8300,156,1
2026-01-06,601012,14:24:57,18.8200,125,2
2026-01-06,601012,14:25:00,18.8200,942,2
2026-01-06,601012,14:25:03,18.8200,150,2
2026-01-06,601012,14:25:06,18.8200,130,2
2026-01-06,601012,14:25:09,18.8300,274,1
2026-01-06,601012,14:25:12,18.8400,289,1
2026-01-06,601012,14:25:15,18.8200,186,2
2026-01-06,601012,14:25:18,18.8200,141,2
2026-01-06,601012,14:25:21,18.8300,119,1
2026-01-06,601012,14:25:24,18.8300,79,1
2026-01-06,601012,14:25:27,18.8300,103,1
2026-01-06,601012,14:25:30,18.8300,85,1
2026-01-06,601012,14:25:33,18.8300,89,1
2026-01-06,601012,14:25:36,18.8200,65,2
2026-01-06,601012,14:25:39,18.8300,184,1
2026-01-06,601012,14:25:42,18.8200,166,2
2026-01-06,601012,14:25:45,18.8300,101,1
2026-01-06,601012,14:25:48,18.8300,150,1
2026-01-06,601012,14:25:51,18.8300,164,1
2026-01-06,601012,14:25:54,18.8300,353,1
2026-01-06,601012,14:25:57,18.8200,203,2
2026-01-06,601012,14:26:00,18.8300,171,1
2026-01-06,601012,14:26:03,18.8300,420,1
2026-01-06,601012,14:26:06,18.8300,293,2
2026-01-06,601012,14:26:09,18.8400,36,1
2026-01-06,601012,14:26:12,18.8300,39,2
2026-01-06,601012,14:26:15,18.8300,20,2
2026-01-06,601012,14:26:18,18.8400,417,1
2026-01-06,601012,14:26:21,18.8300,169,2
2026-01-06,601012,14:26:24,18.8300,76,1
2026-01-06,601012,14:26:27,18.8300,844,1
2026-01-06,601012,14:26:30,18.8300,105,1
2026-01-06,601012,14:26:33,18.8300,253,1
2026-01-06,601012,14:26:36,18.8400,218,1
2026-01-06,601012,14:26:39,18.8200,177,2
2026-01-06,601012,14:26:42,18.8300,40,2
2026-01-06,601012,14:26:45,18.8300,109,2
2026-01-06,601012,14:26:48,18.8300,138,2
2026-01-06,601012,14:26:51,18.8300,213,2
2026-01-06,601012,14:26:54,18.8400,49,1
2026-01-06,601012,14:26:57,18.8400,88,1
2026-01-06,601012,14:27:00,18.8400,204,1
2026-01-06,601012,14:27:03,18.8300,130,2
2026-01-06,601012,14:27:06,18.8400,473,1
2026-01-06,601012,14:27:09,18.8300,143,2
2026-01-06,601012,14:27:12,18.8300,190,2
2026-01-06,601012,14:27:15,18.8300,99,2
2026-01-06,601012,14:27:18,18.8400,677,1
2026-01-06,601012,14:27:21,18.8400,39,1
2026-01-06,601012,14:27:24,18.8400,383,1
2026-01-06,601012,14:27:27,18.8400,301,1
2026-01-06,601012,14:27:30,18.8400,125,1
2026-01-06,601012,14:27:33,18.8400,222,1
2026-01-06,601012,14:27:36,18.8300,57,2
2026-01-06,601012,14:27:39,18.8400,70,1
2026-01-06,601012,14:27:42,18.8300,206,4
2026-01-06,601012,14:27:45,18.8300,35,1
2026-01-06,601012,14:27:48,18.8200,114,2
2026-01-06,601012,14:27:51,18.8300,93,1
2026-01-06,601012,14:27:54,18.8200,179,2
2026-01-06,601012,14:27:57,18.8300,59,1
2026-01-06,601012,14:28:00,18.8300,84,1
2026-01-06,601012,14:28:03,18.8300,251,1
2026-01-06,601012,14:28:06,18.8200,263,2
2026-01-06,601012,14:28:09,18.8200,55,2
2026-01-06,601012,14:28:12,18.8300,150,1
2026-01-06,601012,14:28:15,18.8200,322,2
2026-01-06,601012,14:28:18,18.8200,118,1
2026-01-06,601012,14:28:21,18.8200,317,1
2026-01-06,601012,14:28:24,18.8300,157,1
2026-01-06,601012,14:28:27,18.8300,61,1
2026-01-06,601012,14:28:30,18.8300,353,1
2026-01-06,601012,14:28:33,18.8300,124,1
2026-01-06,601012,14:28:36,18.8200,61,2
2026-01-06,601012,14:28:39,18.8200,113,2
2026-01-06,601012,14:28:42,18.8200,406,2
2026-01-06,601012,14:28:45,18.8200,113,2
2026-01-06,601012,14:28:48,18.8200,407,2
2026-01-06,601012,14:28:51,18.8300,171,1
2026-01-06,601012,14:28:54,18.8200,107,2
2026-01-06,601012,14:28:57,18.8300,220,1
2026-01-06,601012,14:29:00,18.8200,171,2
2026-01-06,601012,14:29:03,18.8300,78,1
2026-01-06,601012,14:29:06,18.8300,83,1
2026-01-06,601012,14:29:09,18.8200,29,2
2026-01-06,601012,14:29:12,18.8300,232,1
2026-01-06,601012,14:29:15,18.8300,510,1
2026-01-06,601012,14:29:18,18.8200,82,2
2026-01-06,601012,14:29:21,18.8300,200,1
2026-01-06,601012,14:29:24,18.8300,52,1
2026-01-06,601012,14:29:27,18.8300,278,1
2026-01-06,601012,14:29:30,18.8200,100,2
2026-01-06,601012,14:29:33,18.8200,179,2
2026-01-06,601012,14:29:36,18.8200,70,1
2026-01-06,601012,14:29:39,18.8100,46,2
2026-01-06,601012,14:29:42,18.8100,80,2
2026-01-06,601012,14:29:45,18.8100,126,2
2026-01-06,601012,14:29:48,18.8100,161,2
2026-01-06,601012,14:29:51,18.8200,175,1
2026-01-06,601012,14:29:54,18.8100,69,2
2026-01-06,601012,14:29:57,18.8100,134,2
2026-01-06,601012,14:30:00,18.8200,162,4
2026-01-06,601012,14:30:03,18.8300,98,1
2026-01-06,601012,14:30:06,18.8200,419,2
2026-01-06,601012,14:30:09,18.8200,413,2
2026-01-06,601012,14:30:12,18.8200,178,2
2026-01-06,601012,14:30:15,18.8100,224,2
2026-01-06,601012,14:30:18,18.8200,245,2
2026-01-06,601012,14:30:21,18.8300,125,1
2026-01-06,601012,14:30:24,18.8100,118,2
2026-01-06,601012,14:30:27,18.8100,201,2
2026-01-06,601012,14:30:30,18.8100,97,2
2026-01-06,601012,14:30:33,18.8100,152,2
2026-01-06,601012,14:30:36,18.8200,153,1
2026-01-06,601012,14:30:39,18.8100,236,2
2026-01-06,601012,14:30:42,18.8100,42,2
2026-01-06,601012,14:30:45,18.8100,97,2
2026-01-06,601012,14:30:48,18.8100,182,2
2026-01-06,601012,14:30:51,18.8200,367,1
2026-01-06,601012,14:30:54,18.8100,281,2
2026-01-06,601012,14:30:57,18.8100,50,2
2026-01-06,601012,14:31:00,18.8200,172,1
2026-01-06,601012,14:31:03,18.8100,95,2
2026-01-06,601012,14:31:06,18.8100,61,2
2026-01-06,601012,14:31:09,18.8100,35,2
2026-01-06,601012,14:31:12,18.8200,60,1
2026-01-06,601012,14:31:15,18.8100,39,2
2026-01-06,601012,14:31:18,18.8100,263,2
2026-01-06,601012,14:31:21,18.8100,151,2
2026-01-06,601012,14:31:24,18.8100,47,2
2026-01-06,601012,14:31:27,18.8100,303,2
2026-01-06,601012,14:31:30,18.8200,185,1
2026-01-06,601012,14:31:33,18.8100,93,2
2026-01-06,601012,14:31:36,18.8100,243,2
2026-01-06,601012,14:31:39,18.8000,197,2
2026-01-06,601012,14:31:42,18.8000,151,2
2026-01-06,601012,14:31:45,18.8100,647,1
2026-01-06,601012,14:31:48,18.8000,432,2
2026-01-06,601012,14:31:51,18.8100,137,1
2026-01-06,601012,14:31:54,18.8000,223,2
2026-01-06,601012,14:31:57,18.8000,206,2
2026-01-06,601012,14:32:00,18.8100,47,1
2026-01-06,601012,14:32:03,18.8000,266,2
2026-01-06,601012,14:32:06,18.8100,112,1
2026-01-06,601012,14:32:09,18.8000,119,2
2026-01-06,601012,14:32:12,18.8000,156,2
2026-01-06,601012,14:32:15,18.8000,51,2
2026-01-06,601012,14:32:18,18.8100,682,1
2026-01-06,601012,14:32:21,18.8100,453,1
2026-01-06,601012,14:32:24,18.8000,170,2
2026-01-06,601012,14:32:27,18.8000,50,2
2026-01-06,601012,14:32:30,18.8000,215,2
2026-01-06,601012,14:32:33,18.8000,67,2
2026-01-06,601012,14:32:36,18.8100,505,1
2026-01-06,601012,14:32:39,18.8100,134,2
2026-01-06,601012,14:32:42,18.8000,340,2
2026-01-06,601012,14:32:45,18.8100,237,4
2026-01-06,601012,14:32:48,18.8000,33,2
2026-01-06,601012,14:32:51,18.8100,132,1
2026-01-06,601012,14:32:54,18.8000,105,2
2026-01-06,601012,14:32:57,18.8000,159,2
2026-01-06,601012,14:33:00,18.8100,248,1
2026-01-06,601012,14:33:03,18.8000,98,2
2026-01-06,601012,14:33:06,18.8100,146,1
2026-01-06,601012,14:33:09,18.8000,84,2
2026-01-06,601012,14:33:12,18.8100,459,1
2026-01-06,601012,14:33:15,18.8100,114,2
2026-01-06,601012,14:33:18,18.8100,193,2
2026-01-06,601012,14:33:21,18.8200,71,1
2026-01-06,601012,14:33:24,18.8100,133,2
2026-01-06,601012,14:33:27,18.8100,206,2
2026-01-06,601012,14:33:30,18.8100,190,2
2026-01-06,601012,14:33:33,18.8200,207,1
2026-01-06,601012,14:33:36,18.8200,119,1
2026-01-06,601012,14:33:39,18.8100,129,2
2026-01-06,601012,14:33:42,18.8100,158,2
2026-01-06,601012,14:33:45,18.8100,359,1
2026-01-06,601012,14:33:48,18.8100,160,2
2026-01-06,601012,14:33:51,18.8100,452,2
2026-01-06,601012,14:33:54,18.8000,83,2
2026-01-06,601012,14:33:57,18.8100,64,1
2026-01-06,601012,14:34:00,18.8100,164,1
2026-01-06,601012,14:34:03,18.8100,124,1
2026-01-06,601012,14:34:06,18.8100,226,1
2026-01-06,601012,14:34:09,18.8000,247,2
2026-01-06,601012,14:34:12,18.8000,1165,2
2026-01-06,601012,14:34:15,18.8100,32,2
2026-01-06,601012,14:34:18,18.8100,189,2
2026-01-06,601012,14:34:21,18.8100,270,2
2026-01-06,601012,14:34:24,18.8100,170,2
2026-01-06,601012,14:34:27,18.8100,227,2
2026-01-06,601012,14:34:30,18.8100,253,2
2026-01-06,601012,14:34:33,18.8200,487,1
2026-01-06,601012,14:34:36,18.8100,67,1
2026-01-06,601012,14:34:39,18.8000,123,2
2026-01-06,601012,14:34:42,18.8100,290,1
2026-01-06,601012,14:34:45,18.8100,189,1
2026-01-06,601012,14:34:48,18.8100,223,1
2026-01-06,601012,14:34:51,18.8100,199,2
2026-01-06,601012,14:34:54,18.8100,40,2
2026-01-06,601012,14:34:57,18.8100,130,2
2026-01-06,601012,14:35:00,18.8100,84,2
2026-01-06,601012,14:35:03,18.8100,104,2
2026-01-06,601012,14:35:06,18.8100,157,2
2026-01-06,601012,14:35:09,18.8100,130,2
2026-01-06,601012,14:35:12,18.8100,58,2
2026-01-06,601012,14:35:15,18.8200,73,1
2026-01-06,601012,14:35:18,18.8200,180,1
2026-01-06,601012,14:35:21,18.8100,45,2
2026-01-06,601012,14:35:24,18.8100,49,2
2026-01-06,601012,14:35:27,18.8000,278,2
2026-01-06,601012,14:35:30,18.8100,246,2
2026-01-06,601012,14:35:33,18.8100,540,2
2026-01-06,601012,14:35:36,18.8100,168,1
2026-01-06,601012,14:35:39,18.8000,559,2
2026-01-06,601012,14:35:42,18.8000,187,2
2026-01-06,601012,14:35:45,18.8100,148,1
2026-01-06,601012,14:35:48,18.8100,188,1
2026-01-06,601012,14:35:51,18.8100,105,2
2026-01-06,601012,14:35:54,18.8100,113,2
2026-01-06,601012,14:35:57,18.8100,181,2
2026-01-06,601012,14:36:00,18.8100,98,1
2026-01-06,601012,14:36:03,18.8100,171,1
2026-01-06,601012,14:36:06,18.8100,147,1
2026-01-06,601012,14:36:09,18.8000,15,2
2026-01-06,601012,14:36:12,18.8100,86,1
2026-01-06,601012,14:36:15,18.8000,257,2
2026-01-06,601012,14:36:18,18.8000,153,2
2026-01-06,601012,14:36:21,18.8100,97,1
2026-01-06,601012,14:36:24,18.8000,342,2
2026-01-06,601012,14:36:27,18.8100,317,1
2026-01-06,601012,14:36:30,18.8000,83,2
2026-01-06,601012,14:36:33,18.8100,251,1
2026-01-06,601012,14:36:36,18.8100,107,1
2026-01-06,601012,14:36:39,18.8000,34,2
2026-01-06,601012,14:36:42,18.8000,280,2
2026-01-06,601012,14:36:45,18.8000,259,2
2026-01-06,601012,14:36:48,18.8000,117,2
2026-01-06,601012,14:36:51,18.8000,292,2
2026-01-06,601012,14:36:54,18.8000,181,2
2026-01-06,601012,14:36:57,18.8000,376,2
2026-01-06,601012,14:37:00,18.8000,171,2
2026-01-06,601012,14:37:03,18.8000,216,2
2026-01-06,601012,14:37:06,18.8100,345,1
2026-01-06,601012,14:37:09,18.8100,136,1
2026-01-06,601012,14:37:12,18.8000,133,2
2026-01-06,601012,14:37:15,18.8100,527,1
2026-01-06,601012,14:37:18,18.8000,341,2
2026-01-06,601012,14:37:21,18.8000,86,1
2026-01-06,601012,14:37:24,18.7900,217,2
2026-01-06,601012,14:37:27,18.8000,202,1
2026-01-06,601012,14:37:30,18.8000,187,2
2026-01-06,601012,14:37:33,18.8000,76,2
2026-01-06,601012,14:37:36,18.8000,1049,2
2026-01-06,601012,14:37:39,18.8000,226,2
2026-01-06,601012,14:37:42,18.8100,248,1
2026-01-06,601012,14:37:45,18.8100,132,2
2026-01-06,601012,14:37:48,18.8100,254,1
2026-01-06,601012,14:37:51,18.8000,236,2
2026-01-06,601012,14:37:54,18.8200,51,1
2026-01-06,601012,14:37:57,18.8200,116,1
2026-01-06,601012,14:38:00,18.8200,190,1
2026-01-06,601012,14:38:03,18.8200,36,1
2026-01-06,601012,14:38:06,18.8100,156,2
2026-01-06,601012,14:38:09,18.8100,14,2
2026-01-06,601012,14:38:12,18.8100,165,2
2026-01-06,601012,14:38:15,18.8100,573,2
2026-01-06,601012,14:38:18,18.8100,112,1
2026-01-06,601012,14:38:21,18.8100,124,1
2026-01-06,601012,14:38:24,18.8000,73,2
2026-01-06,601012,14:38:27,18.8000,421,2
2026-01-06,601012,14:38:30,18.8000,177,2
2026-01-06,601012,14:38:33,18.8000,140,2
2026-01-06,601012,14:38:36,18.8100,81,1
2026-01-06,601012,14:38:39,18.8100,108,1
2026-01-06,601012,14:38:42,18.8100,187,2
2026-01-06,601012,14:38:45,18.8100,193,2
2026-01-06,601012,14:38:48,18.8100,33,1
2026-01-06,601012,14:38:51,18.8100,321,1
2026-01-06,601012,14:38:54,18.8100,242,2
2026-01-06,601012,14:38:57,18.8100,203,1
2026-01-06,601012,14:39:00,18.8100,197,1
2026-01-06,601012,14:39:03,18.8100,159,2
2026-01-06,601012,14:39:06,18.8100,52,2
2026-01-06,601012,14:39:09,18.8100,49,2
2026-01-06,601012,14:39:12,18.8100,194,2
2026-01-06,601012,14:39:15,18.8200,402,1
2026-01-06,601012,14:39:18,18.8100,98,2
2026-01-06,601012,14:39:21,18.8100,179,1
2026-01-06,601012,14:39:24,18.8100,166,1
2026-01-06,601012,14:39:27,18.8100,431,2
2026-01-06,601012,14:39:30,18.8200,308,1
2026-01-06,601012,14:39:33,18.8100,91,2
2026-01-06,601012,14:39:36,18.8100,157,2
2026-01-06,601012,14:39:39,18.8100,102,1
2026-01-06,601012,14:39:42,18.8100,341,1
2026-01-06,601012,14:39:45,18.8000,125,2
2026-01-06,601012,14:39:48,18.8000,104,2
2026-01-06,601012,14:39:51,18.8100,149,1
2026-01-06,601012,14:39:54,18.8000,70,2
2026-01-06,601012,14:39:57,18.8100,184,1
2026-01-06,601012,14:40:00,18.8100,934,1
2026-01-06,601012,14:40:03,18.8100,202,1
2026-01-06,601012,14:40:06,18.8100,131,2
2026-01-06,601012,14:40:09,18.8000,184,2
2026-01-06,601012,14:40:12,18.8100,618,1
2026-01-06,601012,14:40:15,18.8100,227,1
2026-01-06,601012,14:40:18,18.8100,2149,1
2026-01-06,601012,14:40:21,18.8100,135,1
2026-01-06,601012,14:40:24,18.8000,34,2
2026-01-06,601012,14:40:27,18.8100,237,1
2026-01-06,601012,14:40:30,18.8100,293,1
2026-01-06,601012,14:40:33,18.8000,133,2
2026-01-06,601012,14:40:36,18.8100,823,1
2026-01-06,601012,14:40:39,18.8000,135,2
2026-01-06,601012,14:40:42,18.8000,368,2
2026-01-06,601012,14:40:45,18.8000,35,2
2026-01-06,601012,14:40:48,18.8000,272,2
2026-01-06,601012,14:40:51,18.8100,365,1
2026-01-06,601012,14:40:54,18.8000,359,2
2026-01-06,601012,14:40:57,18.8100,251,1
2026-01-06,601012,14:41:00,18.8000,470,2
2026-01-06,601012,14:41:03,18.8100,230,1
2026-01-06,601012,14:41:06,18.8100,171,1
2026-01-06,601012,14:41:09,18.8000,91,2
2026-01-06,601012,14:41:12,18.8100,185,1
2026-01-06,601012,14:41:15,18.8100,173,1
2026-01-06,601012,14:41:18,18.8100,437,1
2026-01-06,601012,14:41:21,18.8100,267,1
2026-01-06,601012,14:41:24,18.8100,104,1
2026-01-06,601012,14:41:27,18.8100,544,1
2026-01-06,601012,14:41:30,18.8100,184,1
2026-01-06,601012,14:41:33,18.8100,120,1
2026-01-06,601012,14:41:36,18.8000,109,2
2026-01-06,601012,14:41:39,18.8000,108,2
2026-01-06,601012,14:41:42,18.8100,36,1
2026-01-06,601012,14:41:45,18.8000,242,2
2026-01-06,601012,14:41:48,18.8000,229,2
2026-01-06,601012,14:41:51,18.8100,238,1
2026-01-06,601012,14:41:54,18.8000,289,2
2026-01-06,601012,14:41:57,18.8100,272,1
2026-01-06,601012,14:42:00,18.8100,112,1
2026-01-06,601012,14:42:03,18.8100,134,1
2026-01-06,601012,14:42:06,18.8100,645,1
2026-01-06,601012,14:42:09,18.8000,254,2
2026-01-06,601012,14:42:12,18.8100,152,1
2026-01-06,601012,14:42:15,18.8100,617,1
2026-01-06,601012,14:42:18,18.8100,219,1
2026-01-06,601012,14:42:21,18.8000,128,2
2026-01-06,601012,14:42:24,18.8000,222,2
2026-01-06,601012,14:42:27,18.8000,521,2
2026-01-06,601012,14:42:30,18.8000,284,2
2026-01-06,601012,14:42:33,18.8000,396,2
2026-01-06,601012,14:42:36,18.8000,237,2
2026-01-06,601012,14:42:39,18.8000,427,2
2026-01-06,601012,14:42:42,18.8000,356,2
2026-01-06,601012,14:42:45,18.8000,428,2
2026-01-06,601012,14:42:48,18.8000,251,2
2026-01-06,601012,14:42:51,18.8100,477,1
2026-01-06,601012,14:42:54,18.8000,195,2
2026-01-06,601012,14:42:57,18.8000,758,2
2026-01-06,601012,14:43:00,18.8000,162,2
2026-01-06,601012,14:43:03,18.8100,235,1
2026-01-06,601012,14:43:06,18.8000,885,2
2026-01-06,601012,14:43:09,18.8000,103,1
2026-01-06,601012,14:43:12,18.8000,245,1
2026-01-06,601012,14:43:15,18.7900,261,2
2026-01-06,601012,14:43:18,18.8000,242,1
2026-01-06,601012,14:43:21,18.8000,253,1
2026-01-06,601012,14:43:24,18.8000,211,1
2026-01-06,601012,14:43:27,18.7900,173,2
2026-01-06,601012,14:43:30,18.7900,455,2
2026-01-06,601012,14:43:33,18.8000,301,1
2026-01-06,601012,14:43:36,18.7900,463,2
2026-01-06,601012,14:43:39,18.7900,102,2
2026-01-06,601012,14:43:42,18.8000,697,1
2026-01-06,601012,14:43:45,18.7900,105,2
2026-01-06,601012,14:43:48,18.8000,172,1
2026-01-06,601012,14:43:51,18.8000,1643,1
2026-01-06,601012,14:43:54,18.8000,590,1
2026-01-06,601012,14:43:57,18.8000,132,2
2026-01-06,601012,14:44:00,18.8000,101,2
2026-01-06,601012,14:44:03,18.8100,410,1
2026-01-06,601012,14:44:06,18.8100,138,1
2026-01-06,601012,14:44:09,18.8000,132,2
2026-01-06,601012,14:44:12,18.8000,323,2
2026-01-06,601012,14:44:15,18.8000,354,2
2026-01-06,601012,14:44:18,18.8000,289,2
2026-01-06,601012,14:44:21,18.8100,209,1
2026-01-06,601012,14:44:24,18.8000,257,2
2026-01-06,601012,14:44:27,18.8100,674,1
2026-01-06,601012,14:44:30,18.8100,101,1
2026-01-06,601012,14:44:33,18.8100,404,1
2026-01-06,601012,14:44:36,18.8000,224,2
2026-01-06,601012,14:44:39,18.8000,49,2
2026-01-06,601012,14:44:42,18.8100,371,1
2026-01-06,601012,14:44:45,18.8100,708,1
2026-01-06,601012,14:44:48,18.8000,143,2
2026-01-06,601012,14:44:51,18.8000,180,2
2026-01-06,601012,14:44:54,18.8000,249,2
2026-01-06,601012,14:44:57,18.8100,383,1
2026-01-06,601012,14:45:00,18.8000,34,2
2026-01-06,601012,14:45:03,18.8000,346,2
2026-01-06,601012,14:45:06,18.8000,300,2
2026-01-06,601012,14:45:09,18.8000,262,1
2026-01-06,601012,14:45:12,18.8000,142,2
2026-01-06,601012,14:45:15,18.8000,150,1
2026-01-06,601012,14:45:18,18.8000,243,1
2026-01-06,601012,14:45:21,18.8000,44,1
2026-01-06,601012,14:45:24,18.8000,218,1
2026-01-06,601012,14:45:27,18.8000,263,1
2026-01-06,601012,14:45:30,18.8000,210,2
2026-01-06,601012,14:45:33,18.8000,204,2
2026-01-06,601012,14:45:36,18.8000,139,2
2026-01-06,601012,14:45:39,18.7900,88,2
2026-01-06,601012,14:45:42,18.8000,371,1
2026-01-06,601012,14:45:45,18.8000,268,1
2026-01-06,601012,14:45:48,18.8000,33,1
2026-01-06,601012,14:45:51,18.8000,265,1
2026-01-06,601012,14:45:54,18.7900,925,2
2026-01-06,601012,14:45:57,18.7900,151,2
2026-01-06,601012,14:46:00,18.8000,173,4
2026-01-06,601012,14:46:03,18.7900,107,2
2026-01-06,601012,14:46:06,18.8000,453,1
2026-01-06,601012,14:46:09,18.7900,339,2
2026-01-06,601012,14:46:12,18.8000,96,1
2026-01-06,601012,14:46:15,18.8000,178,1
2026-01-06,601012,14:46:18,18.8000,501,1
2026-01-06,601012,14:46:21,18.8000,348,1
2026-01-06,601012,14:46:24,18.7900,177,2
2026-01-06,601012,14:46:27,18.7900,152,2
2026-01-06,601012,14:46:30,18.8000,84,1
2026-01-06,601012,14:46:33,18.8000,199,1
2026-01-06,601012,14:46:36,18.8000,126,1
2026-01-06,601012,14:46:39,18.7900,111,2
2026-01-06,601012,14:46:42,18.8000,251,1
2026-01-06,601012,14:46:45,18.8000,99,1
2026-01-06,601012,14:46:48,18.8000,421,1
2026-01-06,601012,14:46:51,18.7900,930,2
2026-01-06,601012,14:46:54,18.7900,149,2
2026-01-06,601012,14:46:57,18.7900,134,2
2026-01-06,601012,14:47:00,18.7900,101,2
2026-01-06,601012,14:47:03,18.7900,523,2
2026-01-06,601012,14:47:06,18.8000,180,1
2026-01-06,601012,14:47:09,18.8000,89,1
2026-01-06,601012,14:47:12,18.8000,213,1
2026-01-06,601012,14:47:15,18.8000,111,1
2026-01-06,601012,14:47:18,18.8000,471,1
2026-01-06,601012,14:47:21,18.8000,227,1
2026-01-06,601012,14:47:24,18.7900,149,2
2026-01-06,601012,14:47:27,18.8000,260,1
2026-01-06,601012,14:47:30,18.8000,100,1
2026-01-06,601012,14:47:33,18.8000,219,1
2026-01-06,601012,14:47:36,18.8000,306,1
2026-01-06,601012,14:47:39,18.8000,60,1
2026-01-06,601012,14:47:42,18.8000,153,1
2026-01-06,601012,14:47:45,18.8000,173,1
2026-01-06,601012,14:47:48,18.8000,447,1
2026-01-06,601012,14:47:51,18.7900,191,2
2026-01-06,601012,14:47:54,18.7900,187,2
2026-01-06,601012,14:47:57,18.7900,338,2
2026-01-06,601012,14:48:00,18.7900,319,2
2026-01-06,601012,14:48:03,18.8000,303,1
2026-01-06,601012,14:48:06,18.8000,372,1
2026-01-06,601012,14:48:09,18.7900,217,2
2026-01-06,601012,14:48:12,18.8000,248,1
2026-01-06,601012,14:48:15,18.8000,233,1
2026-01-06,601012,14:48:18,18.8000,285,1
2026-01-06,601012,14:48:21,18.8000,216,1
2026-01-06,601012,14:48:24,18.7900,219,2
2026-01-06,601012,14:48:27,18.8000,498,1
2026-01-06,601012,14:48:30,18.8000,383,1
2026-01-06,601012,14:48:33,18.8000,251,1
2026-01-06,601012,14:48:36,18.7900,588,2
2026-01-06,601012,14:48:39,18.7900,186,2
2026-01-06,601012,14:48:42,18.8000,305,1
2026-01-06,601012,14:48:45,18.8000,337,1
2026-01-06,601012,14:48:48,18.8000,124,1
2026-01-06,601012,14:48:51,18.8000,361,1
2026-01-06,601012,14:48:54,18.7900,193,2
2026-01-06,601012,14:48:57,18.7900,249,2
2026-01-06,601012,14:49:00,18.8000,584,1
2026-01-06,601012,14:49:03,18.8000,219,1
2026-01-06,601012,14:49:06,18.7900,819,2
2026-01-06,601012,14:49:09,18.7900,60,2
2026-01-06,601012,14:49:12,18.7900,193,2
2026-01-06,601012,14:49:15,18.7900,196,2
2026-01-06,601012,14:49:18,18.7900,159,2
2026-01-06,601012,14:49:21,18.8000,433,1
2026-01-06,601012,14:49:24,18.8000,642,1
2026-01-06,601012,14:49:27,18.8000,296,1
2026-01-06,601012,14:49:30,18.8000,207,2
2026-01-06,601012,14:49:33,18.8000,113,2
2026-01-06,601012,14:49:36,18.8000,177,2
2026-01-06,601012,14:49:39,18.7900,284,2
2026-01-06,601012,14:49:42,18.8000,78,4
2026-01-06,601012,14:49:45,18.8100,34,1
2026-01-06,601012,14:49:48,18.8100,319,1
2026-01-06,601012,14:49:51,18.8100,116,1
2026-01-06,601012,14:49:54,18.8000,224,2
2026-01-06,601012,14:49:57,18.8000,82,2
2026-01-06,601012,14:50:00,18.8100,90,1
2026-01-06,601012,14:50:03,18.8000,1249,2
2026-01-06,601012,14:50:06,18.8000,364,2
2026-01-06,601012,14:50:09,18.8000,395,2
2026-01-06,601012,14:50:12,18.8000,365,2
2026-01-06,601012,14:50:15,18.8000,151,2
2026-01-06,601012,14:50:18,18.8100,304,1
2026-01-06,601012,14:50:21,18.8000,137,4
2026-01-06,601012,14:50:24,18.8100,595,1
2026-01-06,601012,14:50:27,18.8000,236,2
2026-01-06,601012,14:50:30,18.8000,202,2
2026-01-06,601012,14:50:33,18.8000,166,2
2026-01-06,601012,14:50:36,18.8100,659,1
2026-01-06,601012,14:50:39,18.8000,80,2
2026-01-06,601012,14:50:42,18.8000,247,2
2026-01-06,601012,14:50:45,18.8100,102,1
2026-01-06,601012,14:50:48,18.8000,380,2
2026-01-06,601012,14:50:51,18.8000,149,2
2026-01-06,601012,14:50:54,18.8000,86,2
2026-01-06,601012,14:50:57,18.8100,102,1
2026-01-06,601012,14:51:00,18.8000,462,2
2026-01-06,601012,14:51:03,18.8100,359,1
2026-01-06,601012,14:51:06,18.8000,337,2
2026-01-06,601012,14:51:09,18.8000,92,2
2026-01-06,601012,14:51:12,18.8000,350,2
2026-01-06,601012,14:51:15,18.8100,335,1
2026-01-06,601012,14:51:18,18.8100,484,1
2026-01-06,601012,14:51:21,18.8100,328,1
2026-01-06,601012,14:51:24,18.8000,167,2
2026-01-06,601012,14:51:27,18.8000,220,2
2026-01-06,601012,14:51:30,18.8000,48,2
2026-01-06,601012,14:51:33,18.8000,178,2
2026-01-06,601012,14:51:36,18.8100,424,1
2026-01-06,601012,14:51:39,18.8000,37,2
2026-01-06,601012,14:51:42,18.8100,178,1
2026-01-06,601012,14:51:45,18.8000,285,2
2026-01-06,601012,14:51:48,18.8000,331,2
2026-01-06,601012,14:51:51,18.8100,139,1
2026-01-06,601012,14:51:54,18.8000,257,2
2026-01-06,601012,14:51:57,18.8000,136,2
2026-01-06,601012,14:52:00,18.8000,58,2
2026-01-06,601012,14:52:03,18.8000,149,2
2026-01-06,601012,14:52:06,18.8000,314,2
2026-01-06,601012,14:52:09,18.8000,464,2
2026-01-06,601012,14:52:12,18.8000,651,2
2026-01-06,601012,14:52:15,18.8100,395,1
2026-01-06,601012,14:52:18,18.8000,392,2
2026-01-06,601012,14:52:21,18.8000,650,2
2026-01-06,601012,14:52:24,18.8000,273,2
2026-01-06,601012,14:52:27,18.8000,199,2
2026-01-06,601012,14:52:30,18.8000,222,2
2026-01-06,601012,14:52:33,18.8000,568,2
2026-01-06,601012,14:52:36,18.8000,111,2
2026-01-06,601012,14:52:39,18.8000,113,2
2026-01-06,601012,14:52:42,18.8100,289,1
2026-01-06,601012,14:52:45,18.8000,270,2
2026-01-06,601012,14:52:48,18.8100,779,1
2026-01-06,601012,14:52:51,18.8000,158,2
2026-01-06,601012,14:52:54,18.8100,386,1
2026-01-06,601012,14:52:57,18.8000,991,2
2026-01-06,601012,14:53:00,18.8100,1400,1
2026-01-06,601012,14:53:03,18.8100,426,1
2026-01-06,601012,14:53:06,18.8100,622,1
2026-01-06,601012,14:53:09,18.8000,159,2
2026-01-06,601012,14:53:12,18.8100,240,1
2026-01-06,601012,14:53:15,18.8100,182,1
2026-01-06,601012,14:53:18,18.8100,99,1
2026-01-06,601012,14:53:21,18.8100,411,1
2026-01-06,601012,14:53:24,18.8100,447,1
2026-01-06,601012,14:53:27,18.8100,438,1
2026-01-06,601012,14:53:30,18.8100,273,1
2026-01-06,601012,14:53:33,18.8100,295,1
2026-01-06,601012,14:53:36,18.8000,224,2
2026-01-06,601012,14:53:39,18.8100,228,1
2026-01-06,601012,14:53:42,18.8100,941,1
2026-01-06,601012,14:53:45,18.8100,336,1
2026-01-06,601012,14:53:48,18.8100,401,2
2026-01-06,601012,14:53:51,18.8100,124,2
2026-01-06,601012,14:53:54,18.8100,137,2
2026-01-06,601012,14:53:57,18.8100,513,2
2026-01-06,601012,14:54:00,18.8100,334,2
2026-01-06,601012,14:54:03,18.8200,87,1
2026-01-06,601012,14:54:06,18.8200,249,1
2026-01-06,601012,14:54:09,18.8200,434,1
2026-01-06,601012,14:54:12,18.8100,307,2
2026-01-06,601012,14:54:15,18.8200,205,1
2026-01-06,601012,14:54:18,18.8200,302,1
2026-01-06,601012,14:54:21,18.8100,882,2
2026-01-06,601012,14:54:24,18.8200,308,1
2026-01-06,601012,14:54:27,18.8100,415,2
2026-01-06,601012,14:54:30,18.8100,637,2
2026-01-06,601012,14:54:33,18.8200,483,1
2026-01-06,601012,14:54:36,18.8200,402,1
2026-01-06,601012,14:54:39,18.8100,188,2
2026-01-06,601012,14:54:42,18.8100,207,2
2026-01-06,601012,14:54:45,18.8100,407,2
2026-01-06,601012,14:54:48,18.8100,227,2
2026-01-06,601012,14:54:51,18.8100,271,2
2026-01-06,601012,14:54:54,18.8100,393,2
2026-01-06,601012,14:54:57,18.8100,428,2
2026-01-06,601012,14:55:00,18.8200,202,1
2026-01-06,601012,14:55:03,18.8100,291,2
2026-01-06,601012,14:55:06,18.8200,282,1
2026-01-06,601012,14:55:09,18.8100,388,2
2026-01-06,601012,14:55:12,18.8200,195,1
2026-01-06,601012,14:55:15,18.8200,197,1
2026-01-06,601012,14:55:18,18.8100,217,2
2026-01-06,601012,14:55:21,18.8200,302,1
2026-01-06,601012,14:55:24,18.8200,484,1
2026-01-06,601012,14:55:27,18.8100,4245,2
2026-01-06,601012,14:55:30,18.8100,254,1
2026-01-06,601012,14:55:33,18.8100,356,2
2026-01-06,601012,14:55:36,18.8200,866,1
2026-01-06,601012,14:55:39,18.8200,312,1
2026-01-06,601012,14:55:42,18.8100,278,2
2026-01-06,601012,14:55:45,18.8200,1232,1
2026-01-06,601012,14:55:48,18.8100,329,2
2026-01-06,601012,14:55:51,18.8100,355,2
2026-01-06,601012,14:55:54,18.8200,97,1
2026-01-06,601012,14:55:57,18.8200,603,1
2026-01-06,601012,14:56:00,18.8200,297,1
2026-01-06,601012,14:56:03,18.8100,462,2
2026-01-06,601012,14:56:06,18.8200,133,1
2026-01-06,601012,14:56:09,18.8100,883,2
2026-01-06,601012,14:56:12,18.8200,654,1
2026-01-06,601012,14:56:15,18.8200,177,1
2026-01-06,601012,14:56:18,18.8200,242,1
2026-01-06,601012,14:56:21,18.8100,344,2
2026-01-06,601012,14:56:24,18.8200,722,1
2026-01-06,601012,14:56:27,18.8200,586,1
2026-01-06,601012,14:56:30,18.8200,609,1
2026-01-06,601012,14:56:33,18.8200,514,1
2026-01-06,601012,14:56:36,18.8200,396,2
2026-01-06,601012,14:56:39,18.8100,400,2
2026-01-06,601012,14:56:42,18.8300,2420,1
2026-01-06,601012,14:56:45,18.8300,129,1
2026-01-06,601012,14:56:48,18.8300,269,1
2026-01-06,601012,14:56:51,18.8200,249,2
2026-01-06,601012,14:56:54,18.8200,481,2
2026-01-06,601012,14:56:57,18.8200,881,2
2026-01-06,601012,14:57:00,18.8300,218,1
2026-01-06,601012,15:00:03,18.8300,16026,4
2026-01-06,601012,13:17:03,18.8600,254,1
2026-01-06,601012,13:17:06,18.8500,98,2
2026-01-06,601012,13:17:09,18.8500,66,1
2026-01-06,601012,13:17:12,18.8600,113,1
2026-01-06,601012,13:17:15,18.8500,202,2
2026-01-06,601012,13:17:18,18.8600,357,1
2026-01-06,601012,13:17:21,18.8600,39,1
2026-01-06,601012,13:17:24,18.8600,82,1
2026-01-06,601012,13:17:27,18.8500,114,2
2026-01-06,601012,13:17:30,18.8600,157,1
2026-01-06,601012,13:17:33,18.8600,197,1
2026-01-06,601012,13:17:36,18.8600,243,1
2026-01-06,601012,13:17:39,18.8600,383,1
2026-01-06,601012,13:17:42,18.8500,205,2
2026-01-06,601012,13:17:45,18.8600,139,1
2026-01-06,601012,13:17:48,18.8500,160,2
2026-01-06,601012,13:17:51,18.8600,159,1
2026-01-06,601012,13:17:54,18.8600,61,1
2026-01-06,601012,13:17:57,18.8600,40,1
2026-01-06,601012,13:18:00,18.8700,756,1
2026-01-06,601012,13:18:03,18.8700,184,1
2026-01-06,601012,13:18:06,18.8600,75,2
2026-01-06,601012,13:18:09,18.8700,2209,1
2026-01-06,601012,13:18:12,18.8600,71,2
2026-01-06,601012,13:18:15,18.8700,187,1
2026-01-06,601012,13:18:18,18.8700,469,1
2026-01-06,601012,13:18:21,18.8700,155,1
2026-01-06,601012,13:18:24,18.8700,150,1
2026-01-06,601012,13:18:27,18.8700,173,1
2026-01-06,601012,13:18:30,18.8700,512,1
2026-01-06,601012,13:18:33,18.8700,201,1
2026-01-06,601012,13:18:36,18.8700,335,1
2026-01-06,601012,13:18:39,18.8700,435,1
2026-01-06,601012,13:18:42,18.8700,174,1
2026-01-06,601012,13:18:45,18.8600,1615,2
2026-01-06,601012,13:18:48,18.8600,429,1
2026-01-06,601012,13:18:51,18.8600,149,1
2026-01-06,601012,13:18:54,18.8600,156,1
2026-01-06,601012,13:18:57,18.8500,58,2
2026-01-06,601012,13:19:00,18.8600,116,1
2026-01-06,601012,13:19:03,18.8600,66,1
2026-01-06,601012,13:19:06,18.8600,49,1
2026-01-06,601012,13:19:09,18.8600,268,1
2026-01-06,601012,13:19:12,18.8500,1053,2
2026-01-06,601012,13:19:15,18.8500,226,4
2026-01-06,601012,13:19:18,18.8500,286,1
2026-01-06,601012,13:19:21,18.8500,108,1
2026-01-06,601012,13:19:24,18.8400,86,2
2026-01-06,601012,13:19:27,18.8500,96,1
2026-01-06,601012,13:19:30,18.8500,75,1
2026-01-06,601012,13:19:33,18.8500,115,2
2026-01-06,601012,13:19:36,18.8500,111,2
2026-01-06,601012,13:19:39,18.8500,120,2
2026-01-06,601012,13:19:42,18.8600,75,1
2026-01-06,601012,13:19:45,18.8500,163,2
2026-01-06,601012,13:19:48,18.8600,209,1
2026-01-06,601012,13:19:51,18.8500,454,4
2026-01-06,601012,13:19:54,18.8500,205,4
2026-01-06,601012,13:19:57,18.8400,97,2
2026-01-06,601012,13:20:00,18.8400,1261,2
2026-01-06,601012,13:20:03,18.8400,27,1
2026-01-06,601012,13:20:06,18.8400,105,1
2026-01-06,601012,13:20:09,18.8400,159,1
2026-01-06,601012,13:20:12,18.8400,55,1
2026-01-06,601012,13:20:15,18.8300,51,2
2026-01-06,601012,13:20:18,18.8300,100,2
2026-01-06,601012,13:20:21,18.8300,84,2
2026-01-06,601012,13:20:24,18.8200,2668,2
2026-01-06,601012,13:20:27,18.8300,43,1
2026-01-06,601012,13:20:30,18.8200,244,2
2026-01-06,601012,13:20:33,18.8300,179,1
2026-01-06,601012,13:20:36,18.8200,33,2
2026-01-06,601012,13:20:39,18.8200,97,2
2026-01-06,601012,13:20:42,18.8200,323,2
2026-01-06,601012,13:20:45,18.8200,210,2
2026-01-06,601012,13:20:48,18.8300,193,1
2026-01-06,601012,13:20:51,18.8200,150,2
2026-01-06,601012,13:20:54,18.8200,160,2
2026-01-06,601012,13:20:57,18.8200,234,2
2026-01-06,601012,13:21:00,18.8200,104,2
2026-01-06,601012,13:21:03,18.8300,71,1
2026-01-06,601012,13:21:06,18.8200,52,2
2026-01-06,601012,13:21:09,18.8300,129,1
2026-01-06,601012,13:21:12,18.8200,111,2
2026-01-06,601012,13:21:15,18.8200,213,2
2026-01-06,601012,13:21:18,18.8200,613,2
2026-01-06,601012,13:21:21,18.8300,40,4
2026-01-06,601012,13:21:24,18.8300,303,2
2026-01-06,601012,13:21:27,18.8400,74,1
2026-01-06,601012,13:21:30,18.8300,211,2
2026-01-06,601012,13:21:33,18.8200,101,2
2026-01-06,601012,13:21:36,18.8300,154,1
2026-01-06,601012,13:21:39,18.8400,42,1
2026-01-06,601012,13:21:42,18.8300,35,2
2026-01-06,601012,13:21:45,18.8400,102,1
2026-01-06,601012,13:21:48,18.8400,88,1
2026-01-06,601012,13:21:51,18.8200,687,2
2026-01-06,601012,13:21:54,18.8200,223,2
2026-01-06,601012,13:21:57,18.8200,230,2
2026-01-06,601012,13:22:00,18.8300,199,1
2026-01-06,601012,13:22:03,18.8200,104,2
2026-01-06,601012,13:22:06,18.8200,80,2
2026-01-06,601012,13:22:09,18.8200,59,2
2026-01-06,601012,13:22:12,18.8300,358,1
2026-01-06,601012,13:22:15,18.8300,62,1
2026-01-06,601012,13:22:18,18.8200,171,2
2026-01-06,601012,13:22:21,18.8300,118,1
2026-01-06,601012,13:22:24,18.8300,2036,1
2026-01-06,601012,13:22:27,18.8200,74,2
2026-01-06,601012,13:22:30,18.8200,210,1
2026-01-06,601012,13:22:33,18.8200,44,1
2026-01-06,601012,13:22:36,18.8200,127,1
2026-01-06,601012,13:22:39,18.8300,247,1
2026-01-06,601012,13:22:42,18.8100,83,2
2026-01-06,601012,13:22:45,18.8300,305,1
2026-01-06,601012,13:22:48,18.8200,43,2
2026-01-06,601012,13:22:51,18.8200,23,2
2026-01-06,601012,13:22:54,18.8300,173,1
2026-01-06,601012,13:22:57,18.8200,91,2
2026-01-06,601012,13:23:00,18.8000,1925,2
2026-01-06,601012,13:23:03,18.8200,179,2
2026-01-06,601012,13:23:06,18.8200,137,1
2026-01-06,601012,13:23:09,18.8000,48,2
2026-01-06,601012,13:23:12,18.8100,351,4
2026-01-06,601012,13:23:15,18.8200,36,1
2026-01-06,601012,13:23:18,18.8100,151,2
2026-01-06,601012,13:23:21,18.8100,96,2
2026-01-06,601012,13:23:24,18.8100,18,2
2026-01-06,601012,13:23:27,18.8100,263,2
2026-01-06,601012,13:23:30,18.8100,136,2
2026-01-06,601012,13:23:33,18.8200,354,1
2026-01-06,601012,13:23:36,18.8100,369,2
2026-01-06,601012,13:23:39,18.8100,265,2
2026-01-06,601012,13:23:42,18.8200,51,1
2026-01-06,601012,13:23:45,18.8200,197,1
2026-01-06,601012,13:23:48,18.8100,226,2
2026-01-06,601012,13:23:51,18.8200,166,1
2026-01-06,601012,13:23:54,18.8200,28,1
2026-01-06,601012,13:23:57,18.8200,70,1
2026-01-06,601012,13:24:00,18.8200,574,1
2026-01-06,601012,13:24:03,18.8300,135,1
2026-01-06,601012,13:24:06,18.8200,31,2
2026-01-06,601012,13:24:09,18.8300,37,1
2026-01-06,601012,13:24:12,18.8200,260,2
2026-01-06,601012,13:24:15,18.8300,117,1
2026-01-06,601012,13:24:18,18.8200,97,2
2026-01-06,601012,13:24:21,18.8200,489,2
2026-01-06,601012,13:24:24,18.8200,72,2
2026-01-06,601012,13:24:27,18.8200,22,2
2026-01-06,601012,13:24:30,18.8300,103,1
2026-01-06,601012,13:24:33,18.8200,56,2
2026-01-06,601012,13:24:36,18.8300,82,1
2026-01-06,601012,13:24:39,18.8300,85,1
2026-01-06,601012,13:24:42,18.8300,158,1
2026-01-06,601012,13:24:45,18.8300,256,1
2026-01-06,601012,13:24:48,18.8300,85,1
2026-01-06,601012,13:24:51,18.8200,141,2
2026-01-06,601012,13:24:54,18.8200,126,2
2026-01-06,601012,13:24:57,18.8300,117,1
2026-01-06,601012,13:25:00,18.8300,129,1
2026-01-06,601012,13:25:03,18.8200,153,2
2026-01-06,601012,13:25:06,18.8300,26,1
2026-01-06,601012,13:25:09,18.8300,127,1
2026-01-06,601012,13:25:12,18.8300,103,2
2026-01-06,601012,13:25:15,18.8400,21,1
2026-01-06,601012,13:25:18,18.8300,98,2
2026-01-06,601012,13:25:21,18.8400,372,1
2026-01-06,601012,13:25:24,18.8400,45,1
2026-01-06,601012,13:25:27,18.8300,125,2
2026-01-06,601012,13:25:30,18.8300,236,2
2026-01-06,601012,13:25:33,18.8300,125,2
2026-01-06,601012,13:25:36,18.8400,39,1
2026-01-06,601012,13:25:39,18.8300,74,2
2026-01-06,601012,13:25:42,18.8300,130,2
2026-01-06,601012,13:25:45,18.8300,152,2
2026-01-06,601012,13:25:48,18.8300,945,2
2026-01-06,601012,13:25:51,18.8300,27,2
2026-01-06,601012,13:25:54,18.8300,42,2
2026-01-06,601012,13:25:57,18.8300,177,2
2026-01-06,601012,13:26:00,18.8300,188,2
2026-01-06,601012,13:26:03,18.8300,274,2
2026-01-06,601012,13:26:06,18.8300,138,2
2026-01-06,601012,13:26:09,18.8400,72,1
2026-01-06,601012,13:26:12,18.8300,59,2
2026-01-06,601012,13:26:15,18.8300,46,2
2026-01-06,601012,13:26:18,18.8300,32,2
2026-01-06,601012,13:26:21,18.8400,535,1
2026-01-06,601012,13:26:24,18.8300,56,2
2026-01-06,601012,13:26:27,18.8400,35,1
2026-01-06,601012,13:26:30,18.8300,109,2
2026-01-06,601012,13:26:33,18.8300,653,2
2026-01-06,601012,13:26:36,18.8300,84,2
2026-01-06,601012,13:26:39,18.8400,48,1
2026-01-06,601012,13:26:42,18.8400,32,1
2026-01-06,601012,13:26:45,18.8400,146,1
2026-01-06,601012,13:26:48,18.8300,151,2
2026-01-06,601012,13:26:51,18.8300,37,2
2026-01-06,601012,13:26:54,18.8300,22,2
2026-01-06,601012,13:26:57,18.8400,93,1
2026-01-06,601012,13:27:00,18.8400,145,1
2026-01-06,601012,13:27:03,18.8400,87,1
2026-01-06,601012,13:27:06,18.8300,698,2
2026-01-06,601012,13:27:09,18.8400,21,4
2026-01-06,601012,13:27:12,18.8500,115,1
2026-01-06,601012,13:27:15,18.8400,141,2
2026-01-06,601012,13:27:18,18.8400,111,2
2026-01-06,601012,13:27:21,18.8400,89,1
2026-01-06,601012,13:27:24,18.8400,67,2
2026-01-06,601012,13:27:27,18.8500,643,1
2026-01-06,601012,13:27:30,18.8400,96,2
2026-01-06,601012,13:27:33,18.8300,101,2
2026-01-06,601012,13:27:36,18.8500,59,1
2026-01-06,601012,13:27:39,18.8400,33,2
2026-01-06,601012,13:27:42,18.8400,75,2
2026-01-06,601012,13:27:45,18.8400,240,2
2026-01-06,601012,13:27:48,18.8400,132,2
2026-01-06,601012,13:27:51,18.8400,98,2
2026-01-06,601012,13:27:54,18.8500,184,1
2026-01-06,601012,13:27:57,18.8400,49,2
2026-01-06,601012,13:28:00,18.8400,203,2
2026-01-06,601012,13:28:03,18.8400,159,2
2026-01-06,601012,13:28:06,18.8400,160,2
2026-01-06,601012,13:28:09,18.8400,158,1
2026-01-06,601012,13:28:12,18.8400,98,1
2026-01-06,601012,13:28:15,18.8300,111,2
2026-01-06,601012,13:28:18,18.8300,175,2
2026-01-06,601012,13:28:21,18.8300,93,2
2026-01-06,601012,13:28:24,18.8400,65,1
2026-01-06,601012,13:28:27,18.8300,154,2
2026-01-06,601012,13:28:30,18.8400,78,1
2026-01-06,601012,13:28:33,18.8300,174,2
2026-01-06,601012,13:28:36,18.8400,77,1
2026-01-06,601012,13:28:39,18.8400,109,1
2026-01-06,601012,13:28:42,18.8300,414,2
2026-01-06,601012,13:28:45,18.8300,117,2
2026-01-06,601012,13:28:48,18.8300,354,2
2026-01-06,601012,13:28:51,18.8300,109,2
2026-01-06,601012,13:28:54,18.8400,172,1
2026-01-06,601012,13:28:57,18.8300,47,2
2026-01-06,601012,13:29:00,18.8300,133,2
2026-01-06,601012,13:29:03,18.8300,102,2
2026-01-06,601012,13:29:06,18.8400,26,1
2026-01-06,601012,13:29:09,18.8400,51,1
2026-01-06,601012,13:29:12,18.8300,181,2
2026-01-06,601012,13:29:15,18.8300,112,2
2026-01-06,601012,13:29:18,18.8500,196,1
2026-01-06,601012,13:29:21,18.8400,208,2
2026-01-06,601012,13:29:24,18.8400,91,2
2026-01-06,601012,13:29:27,18.8400,46,1
2026-01-06,601012,13:29:30,18.8500,134,1
2026-01-06,601012,13:29:33,18.8400,40,2
2026-01-06,601012,13:29:36,18.8500,146,1
2026-01-06,601012,13:29:39,18.8400,56,2
2026-01-06,601012,13:29:42,18.8500,45,1
2026-01-06,601012,13:29:45,18.8500,106,1
2026-01-06,601012,13:29:48,18.8400,106,2
2026-01-06,601012,13:29:51,18.8500,65,1
2026-01-06,601012,13:29:54,18.8500,91,1
2026-01-06,601012,13:29:57,18.8400,121,2
2026-01-06,601012,13:30:00,18.8400,43,2
2026-01-06,601012,13:30:03,18.8400,87,2
2026-01-06,601012,13:30:06,18.8400,118,2
2026-01-06,601012,13:30:09,18.8400,145,2
2026-01-06,601012,13:30:12,18.8400,36,2
2026-01-06,601012,13:30:15,18.8500,127,1
2026-01-06,601012,13:30:18,18.8400,891,2
2026-01-06,601012,13:30:21,18.8400,98,2
2026-01-06,601012,13:30:24,18.8400,390,2
2026-01-06,601012,13:30:27,18.8400,108,2
2026-01-06,601012,13:30:30,18.8500,501,1
2026-01-06,601012,13:30:33,18.8400,125,2
2026-01-06,601012,13:30:36,18.8500,73,1
2026-01-06,601012,13:30:39,18.8400,101,2
2026-01-06,601012,13:30:42,18.8500,41,1
2026-01-06,601012,13:30:45,18.8500,1313,1
2026-01-06,601012,13:30:48,18.8500,86,2
2026-01-06,601012,13:30:51,18.8500,27,2
2026-01-06,601012,13:30:54,18.8600,3629,1
2026-01-06,601012,13:30:57,18.8600,770,2
2026-01-06,601012,13:31:00,18.8700,87,1
2026-01-06,601012,13:31:03,18.8500,655,2
2026-01-06,601012,13:31:06,18.8700,155,1
2026-01-06,601012,13:31:09,18.8700,106,1
2026-01-06,601012,13:31:12,18.8700,72,1
2026-01-06,601012,13:31:15,18.8700,159,1
2026-01-06,601012,13:31:18,18.8600,70,2
2026-01-06,601012,13:31:21,18.8700,338,1
2026-01-06,601012,13:31:24,18.8600,174,2
2026-01-06,601012,13:31:27,18.8700,133,1
2026-01-06,601012,13:31:30,18.8600,370,2
2026-01-06,601012,13:31:33,18.8700,585,1
2026-01-06,601012,13:31:36,18.8600,111,4
2026-01-06,601012,13:31:39,18.8600,157,1
2026-01-06,601012,13:31:42,18.8600,96,1
2026-01-06,601012,13:31:45,18.8600,130,1
2026-01-06,601012,13:31:48,18.8600,25,1
2026-01-06,601012,13:31:51,18.8600,263,1
2026-01-06,601012,13:31:54,18.8600,40,1
2026-01-06,601012,13:31:57,18.8600,141,2
2026-01-06,601012,13:32:00,18.8700,140,1
2026-01-06,601012,13:32:03,18.8700,252,1
2026-01-06,601012,13:32:06,18.8700,194,1
2026-01-06,601012,13:32:09,18.8700,590,1
2026-01-06,601012,13:32:12,18.8700,308,1
2026-01-06,601012,13:32:15,18.8600,345,2
2026-01-06,601012,13:32:18,18.8600,172,2
2026-01-06,601012,13:32:21,18.8700,185,1
2026-01-06,601012,13:32:24,18.8600,385,2
2026-01-06,601012,13:32:27,18.8600,267,2
2026-01-06,601012,13:32:30,18.8600,113,1
2026-01-06,601012,13:32:33,18.8500,70,2
2026-01-06,601012,13:32:36,18.8600,248,1
2026-01-06,601012,13:32:39,18.8600,266,1
2026-01-06,601012,13:32:42,18.8100,8682,2
2026-01-06,601012,13:32:45,18.8500,230,1
2026-01-06,601012,13:32:48,18.8500,572,1
2026-01-06,601012,13:32:51,18.8400,178,1
2026-01-06,601012,13:32:54,18.8400,20,1
2026-01-06,601012,13:32:57,18.8300,64,2
2026-01-06,601012,13:33:00,18.8300,706,1
2026-01-06,601012,13:33:03,18.8300,266,1
2026-01-06,601012,13:33:06,18.8300,53,2
2026-01-06,601012,13:33:09,18.8300,91,2
2026-01-06,601012,13:33:12,18.8400,182,1
2026-01-06,601012,13:33:15,18.8300,78,2
2026-01-06,601012,13:33:18,18.8300,77,2
2026-01-06,601012,13:33:21,18.8300,76,2
2026-01-06,601012,13:33:24,18.8300,47,2
2026-01-06,601012,13:33:27,18.8400,63,1
2026-01-06,601012,13:33:30,18.8300,97,2
2026-01-06,601012,13:33:33,18.8400,105,1
2026-01-06,601012,13:33:36,18.8400,34,1
2026-01-06,601012,13:33:39,18.8300,149,2
2026-01-06,601012,13:33:42,18.8300,430,2
2026-01-06,601012,13:33:45,18.8300,51,2
2026-01-06,601012,13:33:48,18.8300,100,2
2026-01-06,601012,13:33:51,18.8300,97,2
2026-01-06,601012,13:33:54,18.8300,163,2
2026-01-06,601012,13:33:57,18.8300,18,2
2026-01-06,601012,13:34:00,18.8300,108,2
2026-01-06,601012,13:34:03,18.8300,79,2
2026-01-06,601012,13:34:06,18.8300,110,2
2026-01-06,601012,13:34:09,18.8300,110,2
2026-01-06,601012,13:34:12,18.8400,51,1
2026-01-06,601012,13:34:15,18.8400,211,1
2026-01-06,601012,13:34:18,18.8300,94,2
2026-01-06,601012,13:34:21,18.8400,50,1
2026-01-06,601012,13:34:24,18.8300,65,2
2026-01-06,601012,13:34:27,18.8400,39,1
2026-01-06,601012,13:34:30,18.8300,42,2
2026-01-06,601012,13:34:33,18.8300,141,2
2026-01-06,601012,13:34:36,18.8300,85,2
2026-01-06,601012,13:34:39,18.8300,113,2
2026-01-06,601012,13:34:42,18.8300,66,2
2026-01-06,601012,13:34:45,18.8400,951,1
2026-01-06,601012,13:34:48,18.8400,125,1
2026-01-06,601012,13:34:51,18.8400,24,1
2026-01-06,601012,13:34:54,18.8400,167,1
2026-01-06,601012,13:34:57,18.8400,238,1
2026-01-06,601012,13:35:00,18.8400,92,1
2026-01-06,601012,13:35:03,18.8300,69,2
2026-01-06,601012,13:35:06,18.8400,97,1
2026-01-06,601012,13:35:09,18.8300,493,2
2026-01-06,601012,13:35:12,18.8500,193,1
2026-01-06,601012,13:35:15,18.8400,145,2
2026-01-06,601012,13:35:18,18.8400,40,2
2026-01-06,601012,13:35:21,18.8500,58,1
2026-01-06,601012,13:35:24,18.8500,94,1
2026-01-06,601012,13:35:27,18.8500,91,1
2026-01-06,601012,13:35:30,18.8400,168,2
2026-01-06,601012,13:35:33,18.8400,149,2
2026-01-06,601012,13:35:36,18.8500,576,1
2026-01-06,601012,13:35:39,18.8400,611,2
2026-01-06,601012,13:35:42,18.8400,116,2
2026-01-06,601012,13:35:45,18.8500,289,1
2026-01-06,601012,13:35:48,18.8400,127,2
2026-01-06,601012,13:35:51,18.8400,20,2
2026-01-06,601012,13:35:54,18.8400,87,2
2026-01-06,601012,13:35:57,18.8500,127,1
2026-01-06,601012,13:36:00,18.8400,39,2
2026-01-06,601012,13:36:03,18.8400,87,2
2026-01-06,601012,13:36:06,18.8400,138,2
2026-01-06,601012,13:36:09,18.8500,14,1
2026-01-06,601012,13:36:12,18.8400,81,2
2026-01-06,601012,13:36:15,18.8400,92,2
2026-01-06,601012,13:36:18,18.8400,151,2
2026-01-06,601012,13:36:21,18.8500,530,1
2026-01-06,601012,13:36:24,18.8400,483,2
2026-01-06,601012,13:36:27,18.8400,752,2
2026-01-06,601012,13:36:30,18.8400,325,2
2026-01-06,601012,13:36:33,18.8300,176,2
2026-01-06,601012,13:36:36,18.8400,54,1
2026-01-06,601012,13:36:39,18.8400,93,1
2026-01-06,601012,13:36:42,18.8400,16,1
2026-01-06,601012,13:36:45,18.8400,278,1
2026-01-06,601012,13:36:48,18.8400,215,2
2026-01-06,601012,13:36:51,18.8400,197,2
2026-01-06,601012,13:36:54,18.8500,173,1
2026-01-06,601012,13:36:57,18.8500,9,1
2026-01-06,601012,13:37:00,18.8400,116,2
2026-01-06,601012,13:37:03,18.8400,138,2
2026-01-06,601012,13:37:06,18.8400,29,2
2026-01-06,601012,13:37:09,18.8400,51,2
2026-01-06,601012,13:37:12,18.8400,16,2
2026-01-06,601012,13:37:15,18.8500,105,1
2026-01-06,601012,13:37:18,18.8400,371,2
2026-01-06,601012,13:37:21,18.8400,16,2
2026-01-06,601012,13:37:24,18.8400,48,2
2026-01-06,601012,13:37:27,18.8500,141,1
2026-01-06,601012,13:37:30,18.8400,140,2
2026-01-06,601012,13:37:33,18.8500,419,1
2026-01-06,601012,13:37:36,18.8400,118,2
2026-01-06,601012,13:37:39,18.8500,198,1
2026-01-06,601012,13:37:42,18.8400,75,2
2026-01-06,601012,13:37:45,18.8500,192,1
2026-01-06,601012,13:37:48,18.8400,356,2
2026-01-06,601012,13:37:51,18.8400,201,2
2026-01-06,601012,13:37:54,18.8400,332,2
2026-01-06,601012,13:37:57,18.8500,83,1
2026-01-06,601012,13:38:00,18.8400,112,2
2026-01-06,601012,13:38:03,18.8400,215,2
2026-01-06,601012,13:38:06,18.8500,25,1
2026-01-06,601012,13:38:09,18.8500,456,1
2026-01-06,601012,13:38:12,18.8500,53,1
2026-01-06,601012,13:38:15,18.8400,174,2
2026-01-06,601012,13:38:18,18.8400,385,2
2026-01-06,601012,13:38:21,18.8400,190,2
2026-01-06,601012,13:38:24,18.8400,315,2
2026-01-06,601012,13:38:27,18.8400,100,2
2026-01-06,601012,13:38:30,18.8400,113,2
2026-01-06,601012,13:38:33,18.8400,93,2
2026-01-06,601012,13:38:36,18.8500,477,1
2026-01-06,601012,13:38:39,18.8500,126,1
2026-01-06,601012,13:38:42,18.8500,295,1
2026-01-06,601012,13:38:45,18.8400,211,2
2026-01-06,601012,13:38:48,18.8400,147,2
2026-01-06,601012,13:38:51,18.8400,83,2
2026-01-06,601012,13:38:54,18.8400,148,2
2026-01-06,601012,13:38:57,18.8500,39,1
2026-01-06,601012,13:39:00,18.8500,68,1
2026-01-06,601012,13:39:03,18.8200,2992,2
2026-01-06,601012,13:39:06,18.8200,155,2
2026-01-06,601012,13:39:09,18.8200,32,2
2026-01-06,601012,13:39:12,18.8300,214,1
2026-01-06,601012,13:39:15,18.8100,1509,2
2026-01-06,601012,13:39:18,18.8200,605,1
2026-01-06,601012,13:39:21,18.8200,327,1
2026-01-06,601012,13:39:24,18.8200,395,1
2026-01-06,601012,13:39:27,18.8200,2995,1
2026-01-06,601012,13:39:30,18.8100,704,2
2026-01-06,601012,13:39:33,18.8000,2000,2
2026-01-06,601012,13:39:36,18.8000,8870,2
2026-01-06,601012,13:39:39,18.7900,760,2
2026-01-06,601012,13:39:42,18.7900,324,2
2026-01-06,601012,13:39:45,18.7900,136,1
2026-01-06,601012,13:39:48,18.7800,305,2
2026-01-06,601012,13:39:51,18.7800,948,2
2026-01-06,601012,13:39:54,18.7700,173,2
2026-01-06,601012,13:39:57,18.7700,430,2
2026-01-06,601012,13:40:00,18.7800,725,1
2026-01-06,601012,13:40:03,18.7800,506,1
2026-01-06,601012,13:40:06,18.7700,292,2
2026-01-06,601012,13:40:09,18.7700,234,2
2026-01-06,601012,13:40:12,18.7700,199,2
2026-01-06,601012,13:40:15,18.7700,234,2
2026-01-06,601012,13:40:18,18.7700,105,2
2026-01-06,601012,13:40:21,18.7700,609,2
2026-01-06,601012,13:40:24,18.7800,137,1
2026-01-06,601012,13:40:27,18.7700,1344,2
2026-01-06,601012,13:40:30,18.7700,471,2
2026-01-06,601012,13:40:33,18.7700,217,1
2026-01-06,601012,13:40:36,18.7700,223,1
2026-01-06,601012,13:40:39,18.7600,451,2
2026-01-06,601012,13:40:42,18.7600,563,2
2026-01-06,601012,13:40:45,18.7600,960,2
2026-01-06,601012,13:40:48,18.7600,551,1
2026-01-06,601012,13:40:51,18.7700,52,1
2026-01-06,601012,13:40:54,18.7600,39,2
2026-01-06,601012,13:40:57,18.7600,1063,2
2026-01-06,601012,13:41:00,18.7700,107,1
2026-01-06,601012,13:41:03,18.7700,53,1
2026-01-06,601012,13:41:06,18.7600,270,2
2026-01-06,601012,13:41:09,18.7700,85,1
2026-01-06,601012,13:41:12,18.7600,112,2
2026-01-06,601012,13:41:15,18.7700,127,1
2026-01-06,601012,13:41:18,18.7700,95,1
2026-01-06,601012,13:41:21,18.7700,173,1
2026-01-06,601012,13:41:24,18.7700,319,1
2026-01-06,601012,13:41:27,18.7600,205,2
2026-01-06,601012,13:41:30,18.7700,2497,1
2026-01-06,601012,13:41:33,18.7600,256,2
2026-01-06,601012,13:41:36,18.7600,249,2
2026-01-06,601012,13:41:39,18.7700,154,1
2026-01-06,601012,13:41:42,18.7700,168,1
2026-01-06,601012,13:41:45,18.7700,234,1
2026-01-06,601012,13:41:48,18.7700,177,1
2026-01-06,601012,13:41:51,18.7600,116,2
2026-01-06,601012,13:41:54,18.7700,163,1
2026-01-06,601012,13:41:57,18.7700,151,1
2026-01-06,601012,13:42:00,18.7700,120,1
2026-01-06,601012,13:42:03,18.7700,187,1
2026-01-06,601012,13:42:06,18.7700,165,1
2026-01-06,601012,13:42:09,18.7700,230,2
2026-01-06,601012,13:42:12,18.7700,108,2
2026-01-06,601012,13:42:15,18.7700,627,2
2026-01-06,601012,13:42:18,18.7700,98,1
2026-01-06,601012,13:42:21,18.7700,72,1
2026-01-06,601012,13:42:24,18.7700,274,1
2026-01-06,601012,13:42:27,18.7600,228,2
2026-01-06,601012,13:42:30,18.7800,28,1
2026-01-06,601012,13:42:33,18.7800,162,1
2026-01-06,601012,13:42:36,18.7700,77,4
2026-01-06,601012,13:42:39,18.7600,142,2
2026-01-06,601012,13:42:42,18.7700,53,2
2026-01-06,601012,13:42:45,18.7600,350,2
2026-01-06,601012,13:42:48,18.7700,113,1
2026-01-06,601012,13:42:51,18.7600,985,2
2026-01-06,601012,13:42:54,18.7600,165,2
2026-01-06,601012,13:42:57,18.7500,145,2
2026-01-06,601012,13:43:00,18.7600,258,1
2026-01-06,601012,13:43:03,18.7500,167,2
2026-01-06,601012,13:43:06,18.7500,736,2
2026-01-06,601012,13:43:09,18.7500,447,2
2026-01-06,601012,13:43:12,18.7500,196,2
2026-01-06,601012,13:43:15,18.7500,178,2
2026-01-06,601012,13:43:18,18.7500,135,2
2026-01-06,601012,13:43:21,18.7500,270,2
2026-01-06,601012,13:43:24,18.7600,797,1
2026-01-06,601012,13:43:27,18.7500,127,2
2026-01-06,601012,13:43:30,18.7600,471,1
2026-01-06,601012,13:43:33,18.7700,293,1
2026-01-06,601012,13:43:36,18.7600,34,1
2026-01-06,601012,13:43:39,18.7600,9,1
2026-01-06,601012,13:43:42,18.7500,74,2
2026-01-06,601012,13:43:45,18.7600,217,1
2026-01-06,601012,13:43:48,18.7600,265,1
2026-01-06,601012,13:43:51,18.7600,121,1
2026-01-06,601012,13:43:54,18.7600,1367,1
2026-01-06,601012,13:43:57,18.7500,89,2
2026-01-06,601012,13:44:00,18.7600,116,1
2026-01-06,601012,13:44:03,18.7500,43,2
2026-01-06,601012,13:44:06,18.7500,146,2
2026-01-06,601012,13:44:09,18.7500,388,2
2026-01-06,601012,13:44:12,18.7600,78,1
2026-01-06,601012,13:44:15,18.7600,168,1
2026-01-06,601012,13:44:18,18.7600,47,1
2026-01-06,601012,13:44:21,18.7500,155,2
2026-01-06,601012,13:44:24,18.7600,203,1
2026-01-06,601012,13:44:27,18.7600,603,1
2026-01-06,601012,13:44:30,18.7600,176,1
2026-01-06,601012,13:44:33,18.7600,162,1
2026-01-06,601012,13:44:36,18.7700,159,1
2026-01-06,601012,13:44:39,18.7700,98,1
2026-01-06,601012,13:44:42,18.7600,121,2
2026-01-06,601012,13:44:45,18.7700,86,1
2026-01-06,601012,13:44:48,18.7600,72,2
2026-01-06,601012,13:44:51,18.7700,64,1
2026-01-06,601012,13:44:54,18.7700,372,1
2026-01-06,601012,13:44:57,18.7600,537,2
2026-01-06,601012,13:45:00,18.7600,182,1
2026-01-06,601012,13:45:03,18.7600,432,1
2026-01-06,601012,13:45:06,18.7600,80,1
2026-01-06,601012,13:45:09,18.7600,371,1
2026-01-06,601012,13:45:12,18.7600,596,2
2026-01-06,601012,13:45:15,18.7500,520,2
2026-01-06,601012,13:45:18,18.7600,235,1
2026-01-06,601012,13:45:21,18.7400,1353,2
2026-01-06,601012,13:45:24,18.7400,143,2
2026-01-06,601012,13:45:27,18.7400,42,2
2026-01-06,601012,13:45:30,18.7400,108,2
2026-01-06,601012,13:45:33,18.7400,487,2
2026-01-06,601012,13:45:36,18.7500,147,1
2026-01-06,601012,13:45:39,18.7300,1091,2
2026-01-06,601012,13:45:42,18.7300,78,2
2026-01-06,601012,13:45:45,18.7300,131,2
2026-01-06,601012,13:45:48,18.7300,246,2
2026-01-06,601012,13:45:51,18.7300,192,2
2026-01-06,601012,13:45:54,18.7300,119,1
2026-01-06,601012,13:45:57,18.7200,543,2
2026-01-06,601012,13:46:00,18.7200,179,2
2026-01-06,601012,13:46:03,18.7300,244,1
2026-01-06,601012,13:46:06,18.7300,104,1
2026-01-06,601012,13:46:09,18.7200,735,2
2026-01-06,601012,13:46:12,18.7300,59,1
2026-01-06,601012,13:46:15,18.7300,837,1
2026-01-06,601012,13:46:18,18.7200,116,2
2026-01-06,601012,13:46:21,18.7200,189,2
2026-01-06,601012,13:46:24,18.7200,266,2
2026-01-06,601012,13:46:27,18.7300,3300,1
2026-01-06,601012,13:46:30,18.7300,546,2
2026-01-06,601012,13:46:33,18.7200,461,2
2026-01-06,601012,13:46:36,18.7300,288,1
2026-01-06,601012,13:46:39,18.7300,247,2
2026-01-06,601012,13:46:42,18.7400,50,1
2026-01-06,601012,13:46:45,18.7400,124,1
2026-01-06,601012,13:46:48,18.7300,126,2
2026-01-06,601012,13:46:51,18.7400,226,1
2026-01-06,601012,13:46:54,18.7400,222,1
2026-01-06,601012,13:46:57,18.7400,46,2
2026-01-06,601012,13:47:00,18.7400,26,2
2026-01-06,601012,13:47:03,18.7400,44,2
2026-01-06,601012,13:47:06,18.7400,94,2
2026-01-06,601012,13:47:09,18.7400,89,2
2026-01-06,601012,13:47:12,18.7400,1036,2
2026-01-06,601012,13:47:15,18.7400,156,1
2026-01-06,601012,13:47:18,18.7400,322,1
2026-01-06,601012,13:47:21,18.7400,169,1
2026-01-06,601012,13:47:24,18.7400,88,1
2026-01-06,601012,13:47:27,18.7400,75,1
2026-01-06,601012,13:47:30,18.7400,184,1
2026-01-06,601012,13:47:33,18.7400,44,2
2026-01-06,601012,13:47:36,18.7400,348,2
2026-01-06,601012,13:47:39,18.7400,132,1
2026-01-06,601012,13:47:42,18.7300,71,2
2026-01-06,601012,13:47:45,18.7300,111,2
2026-01-06,601012,13:47:48,18.7300,54,2
2026-01-06,601012,13:47:51,18.7300,96,2
2026-01-06,601012,13:47:54,18.7300,88,2
2026-01-06,601012,13:47:57,18.7300,98,2
2026-01-06,601012,13:48:00,18.7300,80,2
2026-01-06,601012,13:48:03,18.7400,284,1
2026-01-06,601012,13:48:06,18.7300,75,2
2026-01-06,601012,13:48:09,18.7300,288,2
2026-01-06,601012,13:48:12,18.7400,188,1
2026-01-06,601012,13:48:15,18.7300,179,2
2026-01-06,601012,13:48:18,18.7400,286,1
2026-01-06,601012,13:48:21,18.7400,48,2
2026-01-06,601012,13:48:24,18.7500,271,1
2026-01-06,601012,13:48:27,18.7500,19,1
2026-01-06,601012,13:48:30,18.7400,19,2
2026-01-06,601012,13:48:33,18.7400,106,2
2026-01-06,601012,13:48:36,18.7500,417,1
2026-01-06,601012,13:48:39,18.7500,39,2
2026-01-06,601012,13:48:42,18.7600,128,1
2026-01-06,601012,13:48:45,18.7600,331,1
2026-01-06,601012,13:48:48,18.7600,195,1
2026-01-06,601012,13:48:51,18.7700,96,1
2026-01-06,601012,13:48:54,18.7700,63,1
2026-01-06,601012,13:48:57,18.7700,18,1
2026-01-06,601012,13:49:00,18.7700,142,1
2026-01-06,601012,13:49:03,18.7700,113,1
2026-01-06,601012,13:49:06,18.7700,102,1
2026-01-06,601012,13:49:09,18.7700,251,1
2026-01-06,601012,13:49:12,18.7800,59,1
2026-01-06,601012,13:49:15,18.7800,48,1
2026-01-06,601012,13:49:18,18.7700,54,2
2026-01-06,601012,13:49:21,18.7800,512,1
2026-01-06,601012,13:49:24,18.7800,169,1
2026-01-06,601012,13:49:27,18.7800,315,1
2026-01-06,601012,13:49:30,18.7800,163,1
2026-01-06,601012,13:49:33,18.7800,498,2
2026-01-06,601012,13:49:36,18.7800,169,2
2026-01-06,601012,13:49:39,18.7900,20,1
2026-01-06,601012,13:49:42,18.8000,727,1
2026-01-06,601012,13:49:45,18.8000,18,1
2026-01-06,601012,13:49:48,18.7900,367,2
2026-01-06,601012,13:49:51,18.7900,61,1
2026-01-06,601012,13:49:54,18.7900,135,1
2026-01-06,601012,13:49:57,18.7900,678,2
2026-01-06,601012,13:50:00,18.7900,101,1
2026-01-06,601012,13:50:03,18.7800,129,2
2026-01-06,601012,13:50:06,18.7900,205,1
2026-01-06,601012,13:50:09,18.7900,53,1
2026-01-06,601012,13:50:12,18.7800,26,2
2026-01-06,601012,13:50:15,18.7900,103,1
2026-01-06,601012,13:50:18,18.7900,45,1
2026-01-06,601012,13:50:21,18.7900,193,1
2026-01-06,601012,13:50:24,18.7900,62,1
2026-01-06,601012,13:50:27,18.7900,75,1
2026-01-06,601012,13:50:30,18.7900,161,1
2026-01-06,601012,13:50:33,18.7800,113,2
2026-01-06,601012,13:50:36,18.7900,65,1
2026-01-06,601012,13:50:39,18.7900,57,1
2026-01-06,601012,13:50:42,18.7800,7,2
2026-01-06,601012,13:50:45,18.7800,121,2
2026-01-06,601012,13:50:48,18.7900,142,1
2026-01-06,601012,13:50:51,18.7900,93,1
2026-01-06,601012,13:50:54,18.7800,100,2
2026-01-06,601012,13:50:57,18.7800,86,2
2026-01-06,601012,13:51:00,18.7800,66,2
2026-01-06,601012,13:51:03,18.7800,58,2
2026-01-06,601012,13:51:06,18.7800,55,2
2026-01-06,601012,13:51:09,18.7700,50,2
2026-01-06,601012,13:51:12,18.7800,88,1
2026-01-06,601012,13:51:15,18.7800,386,1
2026-01-06,601012,13:51:18,18.7700,180,2
2026-01-06,601012,13:51:21,18.7700,93,2
2026-01-06,601012,13:51:24,18.7800,83,1
2026-01-06,601012,13:51:27,18.7800,35,1
2026-01-06,601012,13:51:30,18.7700,226,2
2026-01-06,601012,13:51:33,18.7700,21,2
2026-01-06,601012,13:51:36,18.7800,31,1
2026-01-06,601012,13:51:39,18.7700,67,2
2026-01-06,601012,13:51:42,18.7800,38,1
2026-01-06,601012,13:51:45,18.7700,678,2
2026-01-06,601012,13:51:48,18.7700,635,2
2026-01-06,601012,13:51:51,18.7800,79,1
2026-01-06,601012,13:51:54,18.7800,52,1
2026-01-06,601012,13:51:57,18.7700,46,2
2026-01-06,601012,13:52:00,18.7700,186,2
2026-01-06,601012,13:52:03,18.7700,145,2
2026-01-06,601012,13:52:06,18.7700,26,2
2026-01-06,601012,13:52:09,18.7700,162,2
2026-01-06,601012,13:52:12,18.7700,247,2
2026-01-06,601012,13:52:15,18.7700,119,2
2026-01-06,601012,13:52:18,18.7700,102,2
2026-01-06,601012,13:52:21,18.7800,41,1
2026-01-06,601012,13:52:24,18.7700,123,2
2026-01-06,601012,13:52:27,18.7800,68,1
2026-01-06,601012,13:52:30,18.7800,43,1
2026-01-06,601012,13:52:33,18.7700,85,2
2026-01-06,601012,13:52:36,18.7800,60,1
2026-01-06,601012,13:52:39,18.7800,84,1
2026-01-06,601012,13:52:42,18.7800,113,1
2026-01-06,601012,13:52:45,18.7700,203,2
2026-01-06,601012,13:52:48,18.7700,164,2
2026-01-06,601012,13:52:51,18.7700,45,2
2026-01-06,601012,13:52:54,18.7700,79,2
2026-01-06,601012,13:52:57,18.7800,34,1
2026-01-06,601012,13:53:00,18.7800,84,1
2026-01-06,601012,13:53:03,18.7700,85,2
2026-01-06,601012,13:53:06,18.7700,168,2
2026-01-06,601012,13:53:09,18.7800,125,1
2026-01-06,601012,13:53:12,18.7800,34,1
2026-01-06,601012,13:53:15,18.7800,137,1
2026-01-06,601012,13:53:18,18.7800,629,1
2026-01-06,601012,13:53:21,18.7800,94,2
2026-01-06,601012,13:53:24,18.7700,195,2
2026-01-06,601012,13:53:27,18.7700,23,2
2026-01-06,601012,13:53:30,18.7800,312,1
2026-01-06,601012,13:53:33,18.7700,76,2
2026-01-06,601012,13:53:36,18.7700,62,2
2026-01-06,601012,13:53:39,18.7800,150,1
2026-01-06,601012,13:53:42,18.7700,43,2
2026-01-06,601012,13:53:45,18.7700,140,2
2026-01-06,601012,13:53:48,18.7700,33,2
2026-01-06,601012,13:53:51,18.7800,896,1
2026-01-06,601012,13:53:54,18.7800,11,2
2026-01-06,601012,13:53:57,18.7800,85,2
2026-01-06,601012,13:54:00,18.7800,152,2
2026-01-06,601012,13:54:03,18.7800,201,2
2026-01-06,601012,13:54:06,18.7900,363,1
2026-01-06,601012,13:54:09,18.7900,213,1
2026-01-06,601012,13:54:12,18.7900,269,1
2026-01-06,601012,13:54:15,18.7800,118,2
2026-01-06,601012,13:54:18,18.7900,210,1
2026-01-06,601012,13:54:21,18.7800,447,2
2026-01-06,601012,13:54:24,18.7800,24,2
2026-01-06,601012,13:54:27,18.7900,41,1
2026-01-06,601012,13:54:30,18.7800,112,2
2026-01-06,601012,13:54:33,18.7800,88,2
2026-01-06,601012,13:54:36,18.7800,150,2
2026-01-06,601012,13:54:39,18.7900,157,1
2026-01-06,601012,13:54:42,18.7800,147,2
2026-01-06,601012,13:54:45,18.7900,74,1
2026-01-06,601012,13:54:48,18.7900,121,1
2026-01-06,601012,13:54:51,18.7900,46,1
2026-01-06,601012,13:54:54,18.7800,173,2
2026-01-06,601012,13:54:57,18.7800,34,2
2026-01-06,601012,13:55:00,18.8000,112,1
2026-01-06,601012,13:55:03,18.7900,42,2
2026-01-06,601012,13:55:06,18.7900,44,2
2026-01-06,601012,13:55:09,18.7800,162,2
2026-01-06,601012,13:55:12,18.7800,145,2
2026-01-06,601012,13:55:15,18.7800,277,2
2026-01-06,601012,13:55:18,18.7800,57,2
2026-01-06,601012,13:55:21,18.7900,294,1
2026-01-06,601012,13:55:24,18.8000,226,1
2026-01-06,601012,13:55:27,18.8000,313,1
2026-01-06,601012,13:55:30,18.7900,191,2
2026-01-06,601012,13:55:33,18.7900,150,2
2026-01-06,601012,13:55:36,18.7900,136,2
2026-01-06,601012,13:55:39,18.7900,748,2
2026-01-06,601012,13:55:42,18.7800,210,2
2026-01-06,601012,13:55:45,18.7900,25,1
2026-01-06,601012,13:55:48,18.7800,125,2
2026-01-06,601012,13:55:51,18.7900,41,1
2026-01-06,601012,13:55:54,18.8000,46,1
2026-01-06,601012,13:55:57,18.7900,32,2
2026-01-06,601012,13:56:00,18.7900,53,2
2026-01-06,601012,13:56:03,18.7800,207,2
2026-01-06,601012,13:56:06,18.7900,138,2
2026-01-06,601012,13:56:09,18.7900,104,2
2026-01-06,601012,13:56:12,18.7900,56,2
2026-01-06,601012,13:56:15,18.7800,68,2
2026-01-06,601012,13:56:18,18.8000,136,1
2026-01-06,601012,13:56:21,18.7900,36,4
2026-01-06,601012,13:56:24,18.7900,170,1
2026-01-06,601012,13:56:27,18.7800,101,2
2026-01-06,601012,13:56:30,18.7900,126,1
2026-01-06,601012,13:56:33,18.7900,68,1
2026-01-06,601012,13:56:36,18.7900,23,1
2026-01-06,601012,13:56:39,18.7900,108,1
2026-01-06,601012,13:56:42,18.7900,222,1
2026-01-06,601012,13:56:45,18.7900,95,2
2026-01-06,601012,13:56:48,18.7900,1253,2
2026-01-06,601012,13:56:51,18.8000,68,1
2026-01-06,601012,13:56:54,18.8000,151,1
2026-01-06,601012,13:56:57,18.7900,46,2
2026-01-06,601012,13:57:00,18.8000,285,1
2026-01-06,601012,13:57:03,18.7900,81,4
2026-01-06,601012,13:57:06,18.7800,1054,2
2026-01-06,601012,13:57:09,18.8000,182,1
2026-01-06,601012,13:57:12,18.7900,135,4
2026-01-06,601012,13:57:15,18.7800,161,2
2026-01-06,601012,13:57:18,18.7900,52,2
2026-01-06,601012,13:57:21,18.7900,73,2
2026-01-06,601012,13:57:24,18.7800,69,2
2026-01-06,601012,13:57:27,18.7900,35,1
2026-01-06,601012,13:57:30,18.7900,131,1
2026-01-06,601012,13:57:33,18.7900,28,1
2026-01-06,601012,13:57:36,18.7900,32,1
2026-01-06,601012,13:57:39,18.7900,40,1
2026-01-06,601012,13:57:42,18.7900,543,1
2026-01-06,601012,13:57:45,18.7800,168,2
2026-01-06,601012,13:57:48,18.7800,12,1
2026-01-06,601012,13:57:51,18.7800,39,1
2026-01-06,601012,13:57:54,18.7700,15,2
2026-01-06,601012,13:57:57,18.7700,202,2
2026-01-06,601012,13:58:00,18.7700,569,2
2026-01-06,601012,13:58:03,18.7700,265,2
2026-01-06,601012,13:58:06,18.7600,30,2
2026-01-06,601012,13:58:09,18.7600,68,2
2026-01-06,601012,13:58:12,18.7600,79,2
2026-01-06,601012,13:58:15,18.7700,42,1
2026-01-06,601012,13:58:18,18.7600,86,2
2026-01-06,601012,13:58:21,18.7600,25,2
2026-01-06,601012,13:58:24,18.7600,225,2
2026-01-06,601012,13:58:27,18.7700,32,1
2026-01-06,601012,13:58:30,18.7700,88,1
2026-01-06,601012,13:58:33,18.7700,97,1
2026-01-06,601012,13:58:36,18.7700,19,1
2026-01-06,601012,13:58:39,18.7700,34,1
2026-01-06,601012,13:58:42,18.7600,20,2
2026-01-06,601012,13:58:45,18.7700,54,1
2026-01-06,601012,13:58:48,18.7600,234,2
2026-01-06,601012,13:58:51,18.7700,136,1
2026-01-06,601012,13:58:54,18.7600,158,2
2026-01-06,601012,13:58:57,18.7700,36,1
2026-01-06,601012,13:59:00,18.7700,170,1
2026-01-06,601012,13:59:03,18.7700,98,1
2026-01-06,601012,13:59:06,18.7700,89,1
2026-01-06,601012,13:59:09,18.7700,48,1
2026-01-06,601012,13:59:12,18.7700,63,1
2026-01-06,601012,13:59:15,18.7700,58,1
2026-01-06,601012,13:59:18,18.7600,36,2
2026-01-06,601012,13:59:21,18.7700,18,1
2026-01-06,601012,13:59:24,18.7600,121,2
2026-01-06,601012,13:59:27,18.7700,77,1
2026-01-06,601012,13:59:30,18.7700,28,2
2026-01-06,601012,13:59:33,18.7800,37,1
2026-01-06,601012,13:59:36,18.7700,41,2
2026-01-06,601012,13:59:39,18.7800,250,1
2026-01-06,601012,13:59:42,18.7700,32,4
2026-01-06,601012,13:59:45,18.7800,126,1
2026-01-06,601012,13:59:48,18.7700,74,4
2026-01-06,601012,13:59:51,18.7600,1042,2
2026-01-06,601012,13:59:54,18.7600,95,2
2026-01-06,601012,13:59:57,18.7700,41,1
2026-01-06,601012,14:00:00,18.7600,192,2
2026-01-06,601012,14:00:03,18.7700,57,1
2026-01-06,601012,14:00:06,18.7700,15,1
2026-01-06,601012,14:00:09,18.7800,51,1
2026-01-06,601012,14:00:12,18.7600,63,2
2026-01-06,601012,14:00:15,18.7700,14,2
2026-01-06,601012,14:00:18,18.7800,37,1
2026-01-06,601012,14:00:21,18.7800,32,1
2026-01-06,601012,14:00:24,18.7800,16,1
2026-01-06,601012,14:00:27,18.7800,28,1
2026-01-06,601012,14:00:30,18.7800,36,1
2026-01-06,601012,14:00:33,18.7700,42,2
2026-01-06,601012,14:00:36,18.7700,57,2
2026-01-06,601012,14:00:39,18.7700,68,2
2026-01-06,601012,14:00:42,18.7700,67,2
2026-01-06,601012,14:00:45,18.7700,187,2
2026-01-06,601012,14:00:48,18.7700,96,2
2026-01-06,601012,14:00:51,18.7700,75,2
2026-01-06,601012,14:00:54,18.7700,200,1
2026-01-06,601012,14:00:57,18.7700,33,1
2026-01-06,601012,14:01:00,18.7600,30,2
2026-01-06,601012,14:01:03,18.7700,121,1
2026-01-06,601012,14:01:06,18.7700,179,1
2026-01-06,601012,14:01:09,18.7600,68,2
2026-01-06,601012,14:01:12,18.7700,21,1
2026-01-06,601012,14:01:15,18.7600,78,2
2026-01-06,601012,14:01:18,18.7600,138,2
2026-01-06,601012,14:01:21,18.7700,142,1
2026-01-06,601012,14:01:24,18.7700,60,1
2026-01-06,601012,14:01:27,18.7700,77,1
2026-01-06,601012,14:01:30,18.7700,41,1
2026-01-06,601012,14:01:33,18.7600,94,2
2026-01-06,601012,14:01:36,18.7700,57,1
2026-01-06,601012,14:01:39,18.7700,42,1
2026-01-06,601012,14:01:42,18.7700,31,1
2026-01-06,601012,14:01:45,18.7700,44,1
2026-01-06,601012,14:01:48,18.7600,128,2
2026-01-06,601012,14:01:51,18.7700,259,1
2026-01-06,601012,14:01:54,18.7600,155,2
2026-01-06,601012,14:01:57,18.7700,95,2
2026-01-06,601012,14:02:00,18.7800,217,1
2026-01-06,601012,14:02:03,18.7800,90,1
2026-01-06,601012,14:02:06,18.7800,52,1
2026-01-06,601012,14:02:09,18.7800,6,1
2026-01-06,601012,14:02:12,18.7700,45,2
2026-01-06,601012,14:02:15,18.7700,39,2
2026-01-06,601012,14:02:18,18.7700,54,2
2026-01-06,601012,14:02:21,18.7700,57,2
2026-01-06,601012,14:02:24,18.7700,478,2
2026-01-06,601012,14:02:27,18.7700,30,2
2026-01-06,601012,14:02:30,18.7800,76,1
2026-01-06,601012,14:02:33,18.7700,118,2
2026-01-06,601012,14:02:36,18.7800,14,1
2026-01-06,601012,14:02:39,18.7700,75,2
2026-01-06,601012,14:02:42,18.7700,151,2
2026-01-06,601012,14:02:45,18.7700,114,2
2026-01-06,601012,14:02:48,18.7700,54,2
2026-01-06,601012,14:02:51,18.7700,159,2
2026-01-06,601012,14:02:54,18.7700,252,1
2026-01-06,601012,14:02:57,18.7700,29,1
2026-01-06,601012,14:03:00,18.7600,103,2
2026-01-06,601012,14:03:03,18.7700,246,1
2026-01-06,601012,14:03:06,18.7700,27,1
2026-01-06,601012,14:03:09,18.7600,24,2
2026-01-06,601012,14:03:12,18.7600,42,2
2026-01-06,601012,14:03:15,18.7700,64,1
2026-01-06,601012,14:03:18,18.7600,32,2
2026-01-06,601012,14:03:21,18.7600,311,2
2026-01-06,601012,14:03:24,18.7600,250,2
2026-01-06,601012,14:03:27,18.7700,11,1
2026-01-06,601012,14:03:30,18.7700,172,1
2026-01-06,601012,14:03:33,18.7600,75,2
2026-01-06,601012,14:03:36,18.7700,3,1
2026-01-06,601012,14:03:39,18.7700,56,1
2026-01-06,601012,14:03:42,18.7600,116,2
2026-01-06,601012,14:03:45,18.7700,63,1
2026-01-06,601012,14:03:48,18.7700,89,1
2026-01-06,601012,14:03:51,18.7700,42,1
2026-01-06,601012,14:03:54,18.7700,806,1
2026-01-06,601012,14:03:57,18.7700,68,2
2026-01-06,601012,14:04:00,18.7700,55,2
2026-01-06,601012,14:04:03,18.7700,189,2
2026-01-06,601012,14:04:06,18.7700,30,2
2026-01-06,601012,14:04:09,18.7800,55,1
2026-01-06,601012,14:04:12,18.7700,74,2
2026-01-06,601012,14:04:15,18.7800,47,1
2026-01-06,601012,14:04:18,18.7700,95,2
2026-01-06,601012,14:04:21,18.7800,1,1
2026-01-06,601012,14:04:24,18.7800,76,1
2026-01-06,601012,14:04:27,18.7800,387,1
2026-01-06,601012,14:04:30,18.7800,109,1
2026-01-06,601012,14:04:33,18.7800,96,2
2026-01-06,601012,14:04:36,18.7800,36,1
2026-01-06,601012,14:04:39,18.7800,144,4
2026-01-06,601012,14:04:42,18.7900,142,1
2026-01-06,601012,14:04:45,18.7900,38,1
2026-01-06,601012,14:04:48,18.7800,188,2
2026-01-06,601012,14:04:51,18.7900,39,1
2026-01-06,601012,14:04:54,18.7800,41,2
2026-01-06,601012,14:04:57,18.7800,52,2
2026-01-06,601012,14:05:00,18.7900,61,1
2026-01-06,601012,14:05:03,18.7900,54,1
2026-01-06,601012,14:05:06,18.7900,187,1
2026-01-06,601012,14:05:09,18.7900,32,1
2026-01-06,601012,14:05:12,18.7900,21,1
2026-01-06,601012,14:05:15,18.7900,57,1
2026-01-06,601012,14:05:18,18.7800,153,2
2026-01-06,601012,14:05:21,18.7800,55,2
2026-01-06,601012,14:05:24,18.7800,62,2
2026-01-06,601012,14:05:27,18.7900,40,1
2026-01-06,601012,14:05:30,18.7800,59,2
2026-01-06,601012,14:05:33,18.7900,58,1
2026-01-06,601012,14:05:36,18.7800,36,2
2026-01-06,601012,14:05:39,18.7900,161,1
2026-01-06,601012,14:05:42,18.7900,43,1
2026-01-06,601012,14:05:45,18.7800,54,2
2026-01-06,601012,14:05:48,18.7800,227,2
2026-01-06,601012,14:05:51,18.7800,45,2
2026-01-06,601012,14:05:54,18.7900,137,1
2026-01-06,601012,14:05:57,18.7800,43,2
2026-01-06,601012,14:06:00,18.7800,29,2
2026-01-06,601012,14:06:03,18.7800,91,2
2026-01-06,601012,14:06:06,18.7800,88,2
2026-01-06,601012,14:06:09,18.7800,226,2
2026-01-06,601012,14:06:12,18.7800,149,2
2026-01-06,601012,14:06:15,18.7800,182,2
2026-01-06,601012,14:06:18,18.7900,54,1
2026-01-06,601012,14:06:21,18.7900,124,1
2026-01-06,601012,14:06:24,18.7800,25,2
2026-01-06,601012,14:06:27,18.7900,128,1
2026-01-06,601012,14:06:30,18.7800,5,2
2026-01-06,601012,14:06:33,18.7900,4,1
2026-01-06,601012,14:06:39,18.7900,104,1
2026-01-06,601012,14:06:42,18.7900,86,1
2026-01-06,601012,14:06:45,18.7900,283,1
2026-01-06,601012,14:06:48,18.7800,56,2
2026-01-06,601012,14:06:51,18.7900,57,1
2026-01-06,601012,14:06:54,18.7900,7,1
2026-01-06,601012,14:06:57,18.7900,122,1
2026-01-06,601012,14:07:00,18.7900,46,1
2026-01-06,601012,14:07:03,18.7800,89,2
2026-01-06,601012,10:57:06,18.7300,134,1
2026-01-06,601012,10:57:09,18.7300,639,1
2026-01-06,601012,10:57:12,18.7400,297,1
2026-01-06,601012,10:57:15,18.7300,49,2
2026-01-06,601012,10:57:18,18.7300,93,2
2026-01-06,601012,10:57:21,18.7400,160,1
2026-01-06,601012,10:57:24,18.7300,229,2
2026-01-06,601012,10:57:27,18.7400,108,1
2026-01-06,601012,10:57:30,18.7400,68,1
2026-01-06,601012,10:57:33,18.7400,667,1
2026-01-06,601012,10:57:36,18.7400,271,1
2026-01-06,601012,10:57:39,18.7400,535,1
2026-01-06,601012,10:57:42,18.7400,2209,1
2026-01-06,601012,10:57:45,18.7500,35,1
2026-01-06,601012,10:57:48,18.7400,493,2
2026-01-06,601012,10:57:51,18.7500,386,1
2026-01-06,601012,10:57:54,18.7500,62,1
2026-01-06,601012,10:57:57,18.7400,275,2
2026-01-06,601012,10:58:00,18.7400,306,2
2026-01-06,601012,10:58:03,18.7500,147,1
2026-01-06,601012,10:58:06,18.7500,206,1
2026-01-06,601012,10:58:09,18.7500,139,1
2026-01-06,601012,10:58:12,18.7500,80,1
2026-01-06,601012,10:58:15,18.7400,329,2
2026-01-06,601012,10:58:18,18.7400,148,2
2026-01-06,601012,10:58:21,18.7500,189,1
2026-01-06,601012,10:58:24,18.7400,224,2
2026-01-06,601012,10:58:27,18.7400,1181,2
2026-01-06,601012,10:58:30,18.7400,348,2
2026-01-06,601012,10:58:33,18.7300,891,2
2026-01-06,601012,10:58:36,18.7400,373,1
2026-01-06,601012,10:58:39,18.7200,214,2
2026-01-06,601012,10:58:42,18.7400,246,1
2026-01-06,601012,10:58:45,18.7300,108,2
2026-01-06,601012,10:58:48,18.7400,392,1
2026-01-06,601012,10:58:51,18.7300,32,2
2026-01-06,601012,10:58:54,18.7400,768,1
2026-01-06,601012,10:58:57,18.7400,84,1
2026-01-06,601012,10:59:00,18.7300,232,2
2026-01-06,601012,10:59:03,18.7400,100,1
2026-01-06,601012,10:59:06,18.7300,101,4
2026-01-06,601012,10:59:09,18.7300,79,1
2026-01-06,601012,10:59:12,18.7400,69,1
2026-01-06,601012,10:59:15,18.7400,55,1
2026-01-06,601012,10:59:18,18.7300,132,2
2026-01-06,601012,10:59:21,18.7300,62,2
2026-01-06,601012,10:59:24,18.7400,42,1
2026-01-06,601012,10:59:27,18.7400,91,1
2026-01-06,601012,10:59:30,18.7400,32,1
2026-01-06,601012,10:59:33,18.7200,127,2
2026-01-06,601012,10:59:36,18.7300,17,4
2026-01-06,601012,10:59:39,18.7200,44,2
2026-01-06,601012,10:59:42,18.7300,321,1
2026-01-06,601012,10:59:45,18.7400,64,1
2026-01-06,601012,10:59:48,18.7300,371,2
2026-01-06,601012,10:59:51,18.7400,127,1
2026-01-06,601012,10:59:54,18.7300,416,2
2026-01-06,601012,10:59:57,18.7300,83,1
2026-01-06,601012,11:00:00,18.7200,223,2
2026-01-06,601012,11:00:03,18.7200,176,2
2026-01-06,601012,11:00:06,18.7300,132,1
2026-01-06,601012,11:00:09,18.7200,285,2
2026-01-06,601012,11:00:12,18.7200,348,2
2026-01-06,601012,11:00:15,18.7300,29,1
2026-01-06,601012,11:00:18,18.7200,94,2
2026-01-06,601012,11:00:21,18.7200,56,2
2026-01-06,601012,11:00:24,18.7300,240,1
2026-01-06,601012,11:00:27,18.7300,247,1
2026-01-06,601012,11:00:30,18.7200,51,2
2026-01-06,601012,11:00:33,18.7200,100,2
2026-01-06,601012,11:00:36,18.7300,120,1
2026-01-06,601012,11:00:39,18.7300,73,1
2026-01-06,601012,11:00:42,18.7300,132,1
2026-01-06,601012,11:00:45,18.7200,360,2
2026-01-06,601012,11:00:48,18.7300,65,1
2026-01-06,601012,11:00:51,18.7300,82,1
2026-01-06,601012,11:00:54,18.7300,115,1
2026-01-06,601012,11:00:57,18.7200,492,2
2026-01-06,601012,11:01:00,18.7300,178,1
2026-01-06,601012,11:01:03,18.7200,169,2
2026-01-06,601012,11:01:06,18.7300,200,1
2026-01-06,601012,11:01:09,18.7300,145,1
2026-01-06,601012,11:01:12,18.7300,215,1
2026-01-06,601012,11:01:15,18.7300,116,2
2026-01-06,601012,11:01:18,18.7300,271,2
2026-01-06,601012,11:01:21,18.7300,47,2
2026-01-06,601012,11:01:24,18.7200,128,2
2026-01-06,601012,11:01:27,18.7300,27,1
2026-01-06,601012,11:01:30,18.7200,228,2
2026-01-06,601012,11:01:33,18.7300,42,1
2026-01-06,601012,11:01:36,18.7300,257,1
2026-01-06,601012,11:01:39,18.7400,158,1
2026-01-06,601012,11:01:42,18.7300,256,2
2026-01-06,601012,11:01:45,18.7300,15,2
2026-01-06,601012,11:01:48,18.7300,129,2
2026-01-06,601012,11:01:51,18.7300,75,2
2026-01-06,601012,11:01:54,18.7300,38,2
2026-01-06,601012,11:01:57,18.7400,248,1
2026-01-06,601012,11:02:00,18.7300,36,2
2026-01-06,601012,11:02:03,18.7300,71,2
2026-01-06,601012,11:02:06,18.7300,35,2
2026-01-06,601012,11:02:09,18.7400,76,1
2026-01-06,601012,11:02:12,18.7300,90,2
2026-01-06,601012,11:02:15,18.7300,44,2
2026-01-06,601012,11:02:18,18.7300,109,2
2026-01-06,601012,11:02:21,18.7400,100,1
2026-01-06,601012,11:02:24,18.7400,211,1
2026-01-06,601012,11:02:27,18.7300,95,2
2026-01-06,601012,11:02:30,18.7400,106,1
2026-01-06,601012,11:02:33,18.7300,99,2
2026-01-06,601012,11:02:36,18.7400,80,1
2026-01-06,601012,11:02:39,18.7400,17,1
2026-01-06,601012,11:02:42,18.7400,54,1
2026-01-06,601012,11:02:45,18.7300,319,2
2026-01-06,601012,11:02:48,18.7300,569,2
2026-01-06,601012,11:02:51,18.7300,273,2
2026-01-06,601012,11:02:54,18.7300,555,2
2026-01-06,601012,11:02:57,18.7400,545,1
2026-01-06,601012,11:03:00,18.7300,314,2
2026-01-06,601012,11:03:03,18.7500,1130,1
2026-01-06,601012,11:03:06,18.7400,97,2
2026-01-06,601012,11:03:09,18.7400,129,2
2026-01-06,601012,11:03:12,18.7500,126,1
2026-01-06,601012,11:03:15,18.7400,302,2
2026-01-06,601012,11:03:18,18.7400,296,2
2026-01-06,601012,11:03:21,18.7400,46,2
2026-01-06,601012,11:03:24,18.7400,66,2
2026-01-06,601012,11:03:27,18.7400,423,2
2026-01-06,601012,11:03:30,18.7400,92,1
2026-01-06,601012,11:03:33,18.7300,173,2
2026-01-06,601012,11:03:36,18.7300,224,2
2026-01-06,601012,11:03:39,18.7400,716,1
2026-01-06,601012,11:03:42,18.7400,41,1
2026-01-06,601012,11:03:45,18.7400,1901,1
2026-01-06,601012,11:03:48,18.7500,210,1
2026-01-06,601012,11:03:51,18.7400,786,2
2026-01-06,601012,11:03:54,18.7600,2113,1
2026-01-06,601012,11:03:57,18.7600,5301,1
2026-01-06,601012,11:04:00,18.7600,659,2
2026-01-06,601012,11:04:03,18.7700,3339,1
2026-01-06,601012,11:04:06,18.7800,490,1
2026-01-06,601012,11:04:09,18.7800,295,1
2026-01-06,601012,11:04:12,18.7700,822,2
2026-01-06,601012,11:04:15,18.7800,644,1
2026-01-06,601012,11:04:18,18.7800,634,1
2026-01-06,601012,11:04:21,18.7700,383,2
2026-01-06,601012,11:04:24,18.7800,168,1
2026-01-06,601012,11:04:27,18.7600,325,2
2026-01-06,601012,11:04:30,18.7800,263,1
2026-01-06,601012,11:04:33,18.7700,63,2
2026-01-06,601012,11:04:36,18.7800,111,1
2026-01-06,601012,11:04:39,18.7800,418,1
2026-01-06,601012,11:04:42,18.7800,466,1
2026-01-06,601012,11:04:45,18.7700,2038,2
2026-01-06,601012,11:04:48,18.7700,199,2
2026-01-06,601012,11:04:51,18.7800,467,1
2026-01-06,601012,11:04:54,18.7700,771,2
2026-01-06,601012,11:04:57,18.7800,188,1
2026-01-06,601012,11:05:00,18.7800,596,1
2026-01-06,601012,11:05:03,18.7700,333,2
2026-01-06,601012,11:05:06,18.7800,456,1
2026-01-06,601012,11:05:09,18.7700,693,2
2026-01-06,601012,11:05:12,18.7700,949,2
2026-01-06,601012,11:05:15,18.7700,72,1
2026-01-06,601012,11:05:18,18.7700,107,1
2026-01-06,601012,11:05:21,18.7700,382,1
2026-01-06,601012,11:05:24,18.7600,379,2
2026-01-06,601012,11:05:27,18.7700,74,1
2026-01-06,601012,11:05:30,18.7700,250,1
2026-01-06,601012,11:05:33,18.7500,132,2
2026-01-06,601012,11:05:36,18.7500,146,2
2026-01-06,601012,11:05:39,18.7600,136,1
2026-01-06,601012,11:05:42,18.7500,319,2
2026-01-06,601012,11:05:45,18.7500,119,2
2026-01-06,601012,11:05:48,18.7600,110,1
2026-01-06,601012,11:05:51,18.7500,110,2
2026-01-06,601012,11:05:54,18.7500,517,2
2026-01-06,601012,11:05:57,18.7500,141,1
2026-01-06,601012,11:06:00,18.7400,322,2
2026-01-06,601012,11:06:03,18.7400,84,1
2026-01-06,601012,11:06:06,18.7400,84,1
2026-01-06,601012,11:06:09,18.7200,128,2
2026-01-06,601012,11:06:12,18.7200,46,2
2026-01-06,601012,11:06:15,18.7200,72,2
2026-01-06,601012,11:06:18,18.7300,131,1
2026-01-06,601012,11:06:21,18.7300,105,4
2026-01-06,601012,11:06:24,18.7300,73,2
2026-01-06,601012,11:06:27,18.7200,44,2
2026-01-06,601012,11:06:30,18.7300,40,1
2026-01-06,601012,11:06:33,18.7300,202,2
2026-01-06,601012,11:06:36,18.7400,191,1
2026-01-06,601012,11:06:39,18.7300,58,2
2026-01-06,601012,11:06:42,18.7300,135,2
2026-01-06,601012,11:06:45,18.7300,97,2
2026-01-06,601012,11:06:48,18.7300,207,2
2026-01-06,601012,11:06:51,18.7400,75,1
2026-01-06,601012,11:06:54,18.7400,638,1
2026-01-06,601012,11:06:57,18.7300,242,2
2026-01-06,601012,11:07:00,18.7300,138,2
2026-01-06,601012,11:07:03,18.7300,130,2
2026-01-06,601012,11:07:06,18.7300,63,2
2026-01-06,601012,11:07:09,18.7400,108,1
2026-01-06,601012,11:07:12,18.7400,230,1
2026-01-06,601012,11:07:15,18.7400,60,1
2026-01-06,601012,11:07:18,18.7300,149,2
2026-01-06,601012,11:07:21,18.7300,50,2
2026-01-06,601012,11:07:24,18.7400,96,1
2026-01-06,601012,11:07:27,18.7400,142,1
2026-01-06,601012,11:07:30,18.7400,8,1
2026-01-06,601012,11:07:33,18.7400,281,1
2026-01-06,601012,11:07:36,18.7400,18,2
2026-01-06,601012,11:07:39,18.7400,63,2
2026-01-06,601012,11:07:42,18.7400,52,1
2026-01-06,601012,11:07:45,18.7400,1038,2
2026-01-06,601012,11:07:48,18.7400,89,2
2026-01-06,601012,11:07:51,18.7400,45,2
2026-01-06,601012,11:07:54,18.7500,230,1
2026-01-06,601012,11:07:57,18.7500,56,1
2026-01-06,601012,11:08:00,18.7500,59,1
2026-01-06,601012,11:08:03,18.7400,42,2
2026-01-06,601012,11:08:06,18.7300,147,2
2026-01-06,601012,11:08:09,18.7400,174,1
2026-01-06,601012,11:08:12,18.7300,29,2
2026-01-06,601012,11:08:15,18.7300,42,2
2026-01-06,601012,11:08:18,18.7300,52,2
2026-01-06,601012,11:08:21,18.7400,82,1
2026-01-06,601012,11:08:24,18.7300,288,2
2026-01-06,601012,11:08:27,18.7300,197,2
2026-01-06,601012,11:08:30,18.7300,100,2
2026-01-06,601012,11:08:33,18.7300,100,2
2026-01-06,601012,11:08:36,18.7400,70,1
2026-01-06,601012,11:08:39,18.7400,135,1
2026-01-06,601012,11:08:42,18.7300,84,2
2026-01-06,601012,11:08:45,18.7300,37,2
2026-01-06,601012,11:08:48,18.7300,125,2
2026-01-06,601012,11:08:51,18.7300,34,2
2026-01-06,601012,11:08:54,18.7300,37,2
2026-01-06,601012,11:08:57,18.7300,53,2
2026-01-06,601012,11:09:00,18.7400,456,1
2026-01-06,601012,11:09:03,18.7400,152,1
2026-01-06,601012,11:09:06,18.7400,13,1
2026-01-06,601012,11:09:09,18.7400,52,1
2026-01-06,601012,11:09:12,18.7300,63,2
2026-01-06,601012,11:09:15,18.7400,698,1
2026-01-06,601012,11:09:18,18.7400,157,2
2026-01-06,601012,11:09:21,18.7400,24,2
2026-01-06,601012,11:09:24,18.7300,290,2
2026-01-06,601012,11:09:27,18.7300,462,2
2026-01-06,601012,11:09:30,18.7400,36,4
2026-01-06,601012,11:09:33,18.7400,71,1
2026-01-06,601012,11:09:36,18.7300,99,2
2026-01-06,601012,11:09:39,18.7300,19,2
2026-01-06,601012,11:09:42,18.7400,65,1
2026-01-06,601012,11:09:45,18.7300,68,2
2026-01-06,601012,11:09:48,18.7300,44,2
2026-01-06,601012,11:09:51,18.7300,25,2
2026-01-06,601012,11:09:54,18.7300,329,2
2026-01-06,601012,11:09:57,18.7300,48,2
2026-01-06,601012,11:10:00,18.7300,243,2
2026-01-06,601012,11:10:03,18.7200,68,2
2026-01-06,601012,11:10:06,18.7200,237,2
2026-01-06,601012,11:10:09,18.7300,94,1
2026-01-06,601012,11:10:12,18.7200,50,2
2026-01-06,601012,11:10:15,18.7300,144,1
2026-01-06,601012,11:10:18,18.7200,23,2
2026-01-06,601012,11:10:21,18.7300,768,1
2026-01-06,601012,11:10:24,18.7300,44,2
2026-01-06,601012,11:10:27,18.7300,34,2
2026-01-06,601012,11:10:30,18.7300,89,1
2026-01-06,601012,11:10:33,18.7200,57,2
2026-01-06,601012,11:10:36,18.7200,90,2
2026-01-06,601012,11:10:39,18.7300,298,1
2026-01-06,601012,11:10:42,18.7300,19,2
2026-01-06,601012,11:10:45,18.7400,238,1
2026-01-06,601012,11:10:48,18.7400,1076,1
2026-01-06,601012,11:10:51,18.7300,111,2
2026-01-06,601012,11:10:54,18.7500,10,1
2026-01-06,601012,11:10:57,18.7400,26,2
2026-01-06,601012,11:11:00,18.7400,179,2
2026-01-06,601012,11:11:03,18.7500,253,1
2026-01-06,601012,11:11:06,18.7500,439,1
2026-01-06,601012,11:11:09,18.7500,47,2
2026-01-06,601012,11:11:12,18.7500,50,2
2026-01-06,601012,11:11:15,18.7700,1259,1
2026-01-06,601012,11:11:18,18.7600,69,1
2026-01-06,601012,11:11:21,18.7600,31,2
2026-01-06,601012,11:11:24,18.7700,325,1
2026-01-06,601012,11:11:27,18.7700,72,1
2026-01-06,601012,11:11:30,18.7700,193,1
2026-01-06,601012,11:11:33,18.7700,213,1
2026-01-06,601012,11:11:36,18.7700,126,1
2026-01-06,601012,11:11:39,18.7600,519,2
2026-01-06,601012,11:11:42,18.7600,352,2
2026-01-06,601012,11:11:45,18.7700,555,1
2026-01-06,601012,11:11:48,18.7700,276,1
2026-01-06,601012,11:11:51,18.7600,268,2
2026-01-06,601012,11:11:54,18.7700,90,1
2026-01-06,601012,11:11:57,18.7700,279,1
2026-01-06,601012,11:12:00,18.7700,77,1
2026-01-06,601012,11:12:03,18.7600,94,2
2026-01-06,601012,11:12:06,18.7700,114,1
2026-01-06,601012,11:12:09,18.7700,88,1
2026-01-06,601012,11:12:12,18.7700,34,1
2026-01-06,601012,11:12:15,18.7700,128,1
2026-01-06,601012,11:12:18,18.7600,202,2
2026-01-06,601012,11:12:21,18.7600,106,2
2026-01-06,601012,11:12:24,18.7600,37,2
2026-01-06,601012,11:12:27,18.7600,153,2
2026-01-06,601012,11:12:30,18.7600,625,2
2026-01-06,601012,11:12:33,18.7600,67,1
2026-01-06,601012,11:12:36,18.7600,109,1
2026-01-06,601012,11:12:39,18.7600,34,1
2026-01-06,601012,11:12:42,18.7500,282,2
2026-01-06,601012,11:12:45,18.7600,122,1
2026-01-06,601012,11:12:48,18.7500,203,2
2026-01-06,601012,11:12:51,18.7600,34,1
2026-01-06,601012,11:12:54,18.7500,206,2
2026-01-06,601012,11:12:57,18.7600,125,1
2026-01-06,601012,11:13:00,18.7500,174,2
2026-01-06,601012,11:13:03,18.7500,115,2
2026-01-06,601012,11:13:06,18.7500,214,2
2026-01-06,601012,11:13:09,18.7500,169,2
2026-01-06,601012,11:13:12,18.7600,57,1
2026-01-06,601012,11:13:15,18.7600,138,1
2026-01-06,601012,11:13:18,18.7500,347,2
2026-01-06,601012,11:13:21,18.7600,23,1
2026-01-06,601012,11:13:24,18.7500,87,2
2026-01-06,601012,11:13:27,18.7500,32,2
2026-01-06,601012,11:13:30,18.7500,371,2
2026-01-06,601012,11:13:33,18.7400,84,2
2026-01-06,601012,11:13:36,18.7500,520,1
2026-01-06,601012,11:13:39,18.7500,141,1
2026-01-06,601012,11:13:42,18.7500,126,2
2026-01-06,601012,11:13:45,18.7500,148,2
2026-01-06,601012,11:13:48,18.7600,198,1
2026-01-06,601012,11:13:51,18.7500,17,4
2026-01-06,601012,11:13:54,18.7600,172,1
2026-01-06,601012,11:13:57,18.7500,181,2
2026-01-06,601012,11:14:00,18.7500,19,2
2026-01-06,601012,11:14:03,18.7500,141,2
2026-01-06,601012,11:14:06,18.7500,148,2
2026-01-06,601012,11:14:09,18.7500,62,1
2026-01-06,601012,11:14:12,18.7500,312,1
2026-01-06,601012,11:14:15,18.7400,178,2
2026-01-06,601012,11:14:18,18.7400,71,2
2026-01-06,601012,11:14:21,18.7400,209,2
2026-01-06,601012,11:14:24,18.7500,156,1
2026-01-06,601012,11:14:27,18.7600,184,1
2026-01-06,601012,11:14:30,18.7500,77,2
2026-01-06,601012,11:14:33,18.7500,46,2
2026-01-06,601012,11:14:36,18.7500,141,2
2026-01-06,601012,11:14:39,18.7500,63,2
2026-01-06,601012,11:14:42,18.7600,184,1
2026-01-06,601012,11:14:45,18.7600,346,1
2026-01-06,601012,11:14:48,18.7500,1067,2
2026-01-06,601012,11:14:51,18.7600,169,1
2026-01-06,601012,11:14:54,18.7500,163,2
2026-01-06,601012,11:14:57,18.7600,298,1
2026-01-06,601012,11:15:00,18.7600,334,1
2026-01-06,601012,11:15:03,18.7600,254,1
2026-01-06,601012,11:15:06,18.7600,86,1
2026-01-06,601012,11:15:09,18.7600,216,1
2026-01-06,601012,11:15:12,18.7600,37,2
2026-01-06,601012,11:15:15,18.7600,66,1
2026-01-06,601012,11:15:18,18.7600,146,1
2026-01-06,601012,11:15:21,18.7500,245,2
2026-01-06,601012,11:15:24,18.7500,97,2
2026-01-06,601012,11:15:27,18.7600,905,1
2026-01-06,601012,11:15:30,18.7700,156,1
2026-01-06,601012,11:15:33,18.7600,200,2
2026-01-06,601012,11:15:36,18.7600,95,2
2026-01-06,601012,11:15:39,18.7600,69,2
2026-01-06,601012,11:15:42,18.7600,49,2
2026-01-06,601012,11:15:45,18.7700,57,1
2026-01-06,601012,11:15:48,18.7700,92,1
2026-01-06,601012,11:15:51,18.7700,99,1
2026-01-06,601012,11:15:54,18.7700,257,1
2026-01-06,601012,11:15:57,18.7700,155,1
2026-01-06,601012,11:16:00,18.7700,87,1
2026-01-06,601012,11:16:03,18.7600,1223,2
2026-01-06,601012,11:16:06,18.7700,73,1
2026-01-06,601012,11:16:09,18.7700,313,1
2026-01-06,601012,11:16:12,18.7800,172,1
2026-01-06,601012,11:16:15,18.7700,211,2
2026-01-06,601012,11:16:18,18.7800,155,1
2026-01-06,601012,11:16:21,18.7800,34,1
2026-01-06,601012,11:16:24,18.7800,51,1
2026-01-06,601012,11:16:27,18.7700,86,2
2026-01-06,601012,11:16:30,18.7800,70,1
2026-01-06,601012,11:16:33,18.7700,104,2
2026-01-06,601012,11:16:36,18.7700,19,2
2026-01-06,601012,11:16:39,18.7700,607,2
2026-01-06,601012,11:16:42,18.7700,300,2
2026-01-06,601012,11:16:45,18.7700,205,2
2026-01-06,601012,11:16:48,18.7700,708,2
2026-01-06,601012,11:16:51,18.7800,83,1
2026-01-06,601012,11:16:54,18.7700,180,2
2026-01-06,601012,11:16:57,18.7700,48,2
2026-01-06,601012,11:17:00,18.7700,201,2
2026-01-06,601012,11:17:03,18.7800,267,1
2026-01-06,601012,11:17:06,18.7700,35,2
2026-01-06,601012,11:17:09,18.7800,119,1
2026-01-06,601012,11:17:12,18.7800,137,1
2026-01-06,601012,11:17:15,18.7700,509,2
2026-01-06,601012,11:17:18,18.7700,507,2
2026-01-06,601012,11:17:21,18.7700,124,2
2026-01-06,601012,11:17:24,18.7800,287,1
2026-01-06,601012,11:17:27,18.7700,109,2
2026-01-06,601012,11:17:30,18.7800,414,1
2026-01-06,601012,11:17:33,18.7800,136,1
2026-01-06,601012,11:17:36,18.7700,594,2
2026-01-06,601012,11:17:39,18.7700,248,2
2026-01-06,601012,11:17:42,18.7700,261,2
2026-01-06,601012,11:17:45,18.7700,207,1
2026-01-06,601012,11:17:48,18.7700,663,1
2026-01-06,601012,11:17:51,18.7600,130,2
2026-01-06,601012,11:17:54,18.7600,97,2
2026-01-06,601012,11:17:57,18.7700,287,1
2026-01-06,601012,11:18:00,18.7700,30,1
2026-01-06,601012,11:18:03,18.7600,220,2
2026-01-06,601012,11:18:06,18.7700,338,1
2026-01-06,601012,11:18:09,18.7600,74,2
2026-01-06,601012,11:18:12,18.7600,81,2
2026-01-06,601012,11:18:15,18.7700,491,1
2026-01-06,601012,11:18:18,18.7700,315,1
2026-01-06,601012,11:18:21,18.7600,93,2
2026-01-06,601012,11:18:24,18.7700,331,1
2026-01-06,601012,11:18:27,18.7600,122,2
2026-01-06,601012,11:18:30,18.7700,181,1
2026-01-06,601012,11:18:33,18.7600,96,2
2026-01-06,601012,11:18:36,18.7600,164,2
2026-01-06,601012,11:18:39,18.7600,169,2
2026-01-06,601012,11:18:42,18.7600,165,2
2026-01-06,601012,11:18:45,18.7600,103,2
2026-01-06,601012,11:18:48,18.7500,374,2
2026-01-06,601012,11:18:51,18.7600,63,1
2026-01-06,601012,11:18:54,18.7500,24,2
2026-01-06,601012,11:18:57,18.7600,240,1
2026-01-06,601012,11:19:00,18.7600,200,2
2026-01-06,601012,11:19:03,18.7600,164,2
2026-01-06,601012,11:19:06,18.7600,36,2
2026-01-06,601012,11:19:09,18.7700,133,1
2026-01-06,601012,11:19:12,18.7700,172,1
2026-01-06,601012,11:19:15,18.7600,100,2
2026-01-06,601012,11:19:18,18.7600,87,2
2026-01-06,601012,11:19:21,18.7700,145,1
2026-01-06,601012,11:19:24,18.7700,173,1
2026-01-06,601012,11:19:27,18.7700,87,1
2026-01-06,601012,11:19:30,18.7700,74,1
2026-01-06,601012,11:19:33,18.7700,501,1
2026-01-06,601012,11:19:36,18.7800,59,1
2026-01-06,601012,11:19:39,18.7800,101,1
2026-01-06,601012,11:19:42,18.7700,198,2
2026-01-06,601012,11:19:45,18.7800,88,1
2026-01-06,601012,11:19:48,18.7800,137,1
2026-01-06,601012,11:19:51,18.7800,120,1
2026-01-06,601012,11:19:54,18.7800,288,1
2026-01-06,601012,11:19:57,18.7800,195,1
