date,code,time,price,volume,bs
2026-05-20,601012,14:07:03,15.3800,19,1
2026-05-20,601012,14:07:06,15.3800,6,1
2026-05-20,601012,14:07:09,15.3800,51,1
2026-05-20,601012,14:07:12,15.3700,44,2
2026-05-20,601012,14:07:15,15.3800,23,1
2026-05-20,601012,14:07:18,15.3800,39,1
2026-05-20,601012,14:07:21,15.3700,4,2
2026-05-20,601012,14:07:24,15.3700,31,2
2026-05-20,601012,14:07:27,15.3700,802,2
2026-05-20,601012,14:07:31,15.3800,175,1
2026-05-20,601012,14:07:33,15.3800,68,1
2026-05-20,601012,14:07:36,15.3700,1,2
2026-05-20,601012,14:07:39,15.3700,596,2
2026-05-20,601012,14:07:42,15.3800,300,1
2026-05-20,601012,14:07:45,15.3600,82,2
2026-05-20,601012,14:07:48,15.3700,85,1
2026-05-20,601012,14:07:51,15.3600,245,2
2026-05-20,601012,14:07:54,15.3700,13,1
2026-05-20,601012,14:07:57,15.3700,44,1
2026-05-20,601012,14:08:00,15.3600,13,2
2026-05-20,601012,14:08:03,15.3600,102,2
2026-05-20,601012,14:08:06,15.3700,41,1
2026-05-20,601012,14:08:09,15.3700,102,2
2026-05-20,601012,14:08:12,15.3700,2,1
2026-05-20,601012,14:08:15,15.3600,297,2
2026-05-20,601012,14:08:18,15.3700,120,1
2026-05-20,601012,14:08:22,15.3700,3,1
2026-05-20,601012,14:08:24,15.3700,48,1
2026-05-20,601012,14:08:27,15.3700,10,1
2026-05-20,601012,14:08:30,15.3700,82,1
2026-05-20,601012,14:08:33,15.3600,46,2
2026-05-20,601012,14:08:36,15.3700,55,1
2026-05-20,601012,14:08:39,15.3600,51,2
2026-05-20,601012,14:08:42,15.3700,39,1
2026-05-20,601012,14:08:45,15.3600,16,2
2026-05-20,601012,14:08:48,15.3600,88,2
2026-05-20,601012,14:08:51,15.3600,18,2
2026-05-20,601012,14:08:54,15.3600,50,2
2026-05-20,601012,14:08:57,15.3500,8800,2
2026-05-20,601012,14:09:00,15.3500,194,2
2026-05-20,601012,14:09:03,15.3500,3703,2
2026-05-20,601012,14:09:06,15.3500,244,2
2026-05-20,601012,14:09:09,15.3600,144,1
2026-05-20,601012,14:09:12,15.3500,263,2
2026-05-20,601012,14:09:15,15.3500,271,2
2026-05-20,601012,14:09:18,15.3500,91,2
2026-05-20,601012,14:09:21,15.3500,225,2
2026-05-20,601012,14:09:24,15.3500,1709,2
2026-05-20,601012,14:09:27,15.3500,480,2
2026-05-20,601012,14:09:30,15.3600,495,1
2026-05-20,601012,14:09:33,15.3500,500,2
2026-05-20,601012,14:09:36,15.3500,92,2
2026-05-20,601012,14:09:39,15.3500,57,1
2026-05-20,601012,14:09:42,15.3400,672,2
2026-05-20,601012,14:09:45,15.3400,73,2
2026-05-20,601012,14:09:48,15.3400,96,2
2026-05-20,601012,14:09:51,15.3400,54,2
2026-05-20,601012,14:09:54,15.3400,378,2
2026-05-20,601012,14:09:57,15.3400,208,2
2026-05-20,601012,14:10:00,15.3300,91,2
2026-05-20,601012,14:10:03,15.3400,34,1
2026-05-20,601012,14:10:06,15.3300,529,2
2026-05-20,601012,14:10:09,15.3400,182,1
2026-05-20,601012,14:10:12,15.3400,15,1
2026-05-20,601012,14:10:15,15.3400,203,1
2026-05-20,601012,14:10:18,15.3300,158,2
2026-05-20,601012,14:10:21,15.3300,44,2
2026-05-20,601012,14:10:24,15.3400,93,1
2026-05-20,601012,14:10:27,15.3300,121,2
2026-05-20,601012,14:10:30,15.3400,233,1
2026-05-20,601012,14:10:33,15.3300,640,2
2026-05-20,601012,14:10:36,15.3300,77,2
2026-05-20,601012,14:10:39,15.3300,235,1
2026-05-20,601012,14:10:42,15.3300,46,2
2026-05-20,601012,14:10:45,15.3300,36,2
2026-05-20,601012,14:10:48,15.3300,174,2
2026-05-20,601012,14:10:51,15.3300,64,2
2026-05-20,601012,14:10:54,15.3300,204,1
2026-05-20,601012,14:10:57,15.3300,36,2
2026-05-20,601012,14:11:00,15.3300,12,2
2026-05-20,601012,14:11:03,15.3200,159,2
2026-05-20,601012,14:11:06,15.3400,187,1
2026-05-20,601012,14:11:09,15.3300,355,1
2026-05-20,601012,14:11:12,15.3300,40,2
2026-05-20,601012,14:11:15,15.3300,48,2
2026-05-20,601012,14:11:18,15.3200,74,2
2026-05-20,601012,14:11:21,15.3300,21,4
2026-05-20,601012,14:11:24,15.3300,137,1
2026-05-20,601012,14:11:27,15.3200,141,2
2026-05-20,601012,14:11:30,15.3300,51,2
2026-05-20,601012,14:11:33,15.3300,90,1
2026-05-20,601012,14:11:36,15.3300,24,2
2026-05-20,601012,14:11:39,15.3300,95,2
2026-05-20,601012,14:11:42,15.3300,79,2
2026-05-20,601012,14:11:45,15.3300,47,2
2026-05-20,601012,14:11:48,15.3300,26,2
2026-05-20,601012,14:11:51,15.3300,50,2
2026-05-20,601012,14:11:54,15.3300,253,2
2026-05-20,601012,14:11:57,15.3300,36,2
2026-05-20,601012,14:12:00,15.3300,143,2
2026-05-20,601012,14:12:03,15.3300,37,1
2026-05-20,601012,14:12:06,15.3300,16,1
2026-05-20,601012,14:12:09,15.3300,63,1
2026-05-20,601012,14:12:12,15.3300,60,1
2026-05-20,601012,14:12:15,15.3200,20,2
2026-05-20,601012,14:12:18,15.3200,48,2
2026-05-20,601012,14:12:21,15.3300,55,1
2026-05-20,601012,14:12:24,15.3300,144,1
2026-05-20,601012,14:12:27,15.3200,16,2
2026-05-20,601012,14:12:30,15.3300,30,1
2026-05-20,601012,14:12:33,15.3300,24,1
2026-05-20,601012,14:12:36,15.3300,23,1
2026-05-20,601012,14:12:39,15.3300,35,1
2026-05-20,601012,14:12:42,15.3300,118,1
2026-05-20,601012,14:12:45,15.3300,67,1
2026-05-20,601012,14:12:48,15.3300,423,1
2026-05-20,601012,14:12:51,15.3300,51,1
2026-05-20,601012,14:12:54,15.3300,40,1
2026-05-20,601012,14:12:57,15.3300,14,1
2026-05-20,601012,14:13:00,15.3300,30,1
2026-05-20,601012,14:13:03,15.3300,105,1
2026-05-20,601012,14:13:06,15.3300,51,1
2026-05-20,601012,14:13:09,15.3200,221,2
2026-05-20,601012,14:13:12,15.3200,33,2
2026-05-20,601012,14:13:15,15.3300,53,1
2026-05-20,601012,14:13:18,15.3200,102,2
2026-05-20,601012,14:13:21,15.3200,11,2
2026-05-20,601012,14:13:24,15.3200,21,2
2026-05-20,601012,14:13:27,15.3300,67,1
2026-05-20,601012,14:13:30,15.3200,123,2
2026-05-20,601012,14:13:33,15.3300,13,1
2026-05-20,601012,14:13:36,15.3300,77,1
2026-05-20,601012,14:13:39,15.3200,38,2
2026-05-20,601012,14:13:42,15.3200,39,2
2026-05-20,601012,14:13:45,15.3200,38,2
2026-05-20,601012,14:13:48,15.3300,15,1
2026-05-20,601012,14:13:51,15.3200,64,2
2026-05-20,601012,14:13:54,15.3200,33,2
2026-05-20,601012,14:13:57,15.3300,17,1
2026-05-20,601012,14:14:00,15.3200,192,2
2026-05-20,601012,14:14:03,15.3200,128,2
2026-05-20,601012,14:14:06,15.3300,73,1
2026-05-20,601012,14:14:09,15.3200,119,2
2026-05-20,601012,14:14:12,15.3200,567,2
2026-05-20,601012,14:14:15,15.3200,122,2
2026-05-20,601012,14:14:18,15.3300,728,1
2026-05-20,601012,14:14:21,15.3400,459,1
2026-05-20,601012,14:14:24,15.3300,18,2
2026-05-20,601012,14:14:27,15.3300,91,2
2026-05-20,601012,14:14:30,15.3400,17,1
2026-05-20,601012,14:14:33,15.3400,56,1
2026-05-20,601012,14:14:36,15.3400,121,1
2026-05-20,601012,14:14:39,15.3300,20,2
2026-05-20,601012,14:14:42,15.3300,17,2
2026-05-20,601012,14:14:45,15.3400,3,1
2026-05-20,601012,14:14:48,15.3400,70,1
2026-05-20,601012,14:14:51,15.3400,117,1
2026-05-20,601012,14:14:54,15.3300,32,2
2026-05-20,601012,14:14:57,15.3300,67,2
2026-05-20,601012,14:15:00,15.3300,108,2
2026-05-20,601012,14:15:03,15.3400,30,1
2026-05-20,601012,14:15:06,15.3400,235,1
2026-05-20,601012,14:15:09,15.3500,12,1
2026-05-20,601012,14:15:12,15.3400,198,2
2026-05-20,601012,14:15:15,15.3400,42,2
2026-05-20,601012,14:15:18,15.3400,40,2
2026-05-20,601012,14:15:21,15.3400,80,2
2026-05-20,601012,14:15:24,15.3500,6,1
2026-05-20,601012,14:15:30,15.3500,57,1
2026-05-20,601012,14:15:33,15.3500,191,1
2026-05-20,601012,14:15:36,15.3400,37,2
2026-05-20,601012,14:15:39,15.3500,28,1
2026-05-20,601012,14:15:42,15.3500,24,1
2026-05-20,601012,14:15:45,15.3500,16,1
2026-05-20,601012,14:15:48,15.3400,146,2
2026-05-20,601012,14:15:51,15.3500,13,1
2026-05-20,601012,14:15:54,15.3400,106,2
2026-05-20,601012,14:15:57,15.3500,20,1
2026-05-20,601012,14:16:00,15.3400,19,2
2026-05-20,601012,14:16:03,15.3400,366,2
2026-05-20,601012,14:16:06,15.3500,125,1
2026-05-20,601012,14:16:09,15.3500,99,1
2026-05-20,601012,14:16:12,15.3500,58,1
2026-05-20,601012,14:16:15,15.3500,26,1
2026-05-20,601012,14:16:18,15.3500,57,1
2026-05-20,601012,14:16:22,15.3500,94,1
2026-05-20,601012,14:16:24,15.3500,21,1
2026-05-20,601012,14:16:27,15.3500,17,1
2026-05-20,601012,14:16:30,15.3500,31,1
2026-05-20,601012,14:16:33,15.3500,36,1
2026-05-20,601012,14:16:36,15.3500,18,1
2026-05-20,601012,14:16:39,15.3500,33,1
2026-05-20,601012,14:16:42,15.3400,70,2
2026-05-20,601012,14:16:45,15.3500,129,1
2026-05-20,601012,14:16:48,15.3500,15,1
2026-05-20,601012,14:16:51,15.3500,50,1
2026-05-20,601012,14:16:54,15.3500,5,1
2026-05-20,601012,14:16:57,15.3500,27,1
2026-05-20,601012,14:17:00,15.3500,27,1
2026-05-20,601012,14:17:03,15.3400,156,2
2026-05-20,601012,14:17:06,15.3400,70,2
2026-05-20,601012,14:17:09,15.3500,262,1
2026-05-20,601012,14:17:12,15.3400,7,2
2026-05-20,601012,14:17:15,15.3400,25,2
2026-05-20,601012,14:17:18,15.3500,39,1
2026-05-20,601012,14:17:21,15.3400,32,2
2026-05-20,601012,14:17:24,15.3500,3,1
2026-05-20,601012,14:17:27,15.3400,39,2
2026-05-20,601012,14:17:30,15.3400,448,2
2026-05-20,601012,14:17:33,15.3400,620,2
2026-05-20,601012,14:17:36,15.3400,68,2
2026-05-20,601012,14:17:39,15.3500,78,1
2026-05-20,601012,14:17:42,15.3500,233,1
2026-05-20,601012,14:17:45,15.3400,259,2
2026-05-20,601012,14:17:48,15.3400,98,2
2026-05-20,601012,14:17:51,15.3400,20,2
2026-05-20,601012,14:17:54,15.3400,416,2
2026-05-20,601012,14:17:57,15.3400,15,1
2026-05-20,601012,14:18:00,15.3400,106,1
2026-05-20,601012,14:18:03,15.3300,75,2
2026-05-20,601012,14:18:06,15.3400,18,1
2026-05-20,601012,14:18:09,15.3300,94,2
2026-05-20,601012,14:18:12,15.3300,16,2
2026-05-20,601012,14:18:15,15.3400,115,1
2026-05-20,601012,14:18:18,15.3400,93,1
2026-05-20,601012,14:18:21,15.3400,90,1
2026-05-20,601012,14:18:24,15.3400,42,1
2026-05-20,601012,14:18:27,15.3400,9,1
2026-05-20,601012,14:18:30,15.3400,45,1
2026-05-20,601012,14:18:33,15.3400,1,1
2026-05-20,601012,14:18:36,15.3400,174,1
2026-05-20,601012,14:18:39,15.3400,135,1
2026-05-20,601012,14:18:42,15.3300,53,2
2026-05-20,601012,14:18:45,15.3300,15,2
2026-05-20,601012,14:18:48,15.3300,6,2
2026-05-20,601012,14:18:51,15.3300,1,2
2026-05-20,601012,14:18:54,15.3300,67,2
2026-05-20,601012,14:18:57,15.3300,24,2
2026-05-20,601012,14:19:00,15.3400,5,1
2026-05-20,601012,14:19:03,15.3300,23,2
2026-05-20,601012,14:19:06,15.3300,74,2
2026-05-20,601012,14:19:09,15.3400,13,1
2026-05-20,601012,14:19:12,15.3400,49,1
2026-05-20,601012,14:19:15,15.3400,55,1
2026-05-20,601012,14:19:18,15.3300,20,2
2026-05-20,601012,14:19:21,15.3300,67,2
2026-05-20,601012,14:19:24,15.3300,10,2
2026-05-20,601012,14:19:27,15.3300,88,2
2026-05-20,601012,14:19:31,15.3300,25,2
2026-05-20,601012,14:19:33,15.3400,41,1
2026-05-20,601012,14:19:36,15.3400,3,1
2026-05-20,601012,14:19:39,15.3300,158,2
2026-05-20,601012,14:19:42,15.3400,12,1
2026-05-20,601012,14:19:45,15.3300,56,2
2026-05-20,601012,14:19:48,15.3400,13,1
2026-05-20,601012,14:19:51,15.3300,41,2
2026-05-20,601012,14:19:54,15.3400,34,1
2026-05-20,601012,14:19:57,15.3300,37,2
2026-05-20,601012,14:20:00,15.3400,39,1
2026-05-20,601012,14:20:03,15.3300,327,2
2026-05-20,601012,14:20:06,15.3400,27,1
2026-05-20,601012,14:20:09,15.3300,18,2
2026-05-20,601012,14:20:12,15.3300,190,2
2026-05-20,601012,14:20:15,15.3300,101,2
2026-05-20,601012,14:20:18,15.3400,139,1
2026-05-20,601012,14:20:22,15.3300,57,2
2026-05-20,601012,14:20:24,15.3300,80,2
2026-05-20,601012,14:20:27,15.3300,37,2
2026-05-20,601012,14:20:30,15.3300,32,2
2026-05-20,601012,14:20:33,15.3400,151,1
2026-05-20,601012,14:20:36,15.3300,25,2
2026-05-20,601012,14:20:39,15.3400,55,1
2026-05-20,601012,14:20:42,15.3300,70,2
2026-05-20,601012,14:20:45,15.3400,58,1
2026-05-20,601012,14:20:48,15.3300,24,2
2026-05-20,601012,14:20:51,15.3300,46,2
2026-05-20,601012,14:20:54,15.3300,22,2
2026-05-20,601012,14:20:57,15.3300,53,2
2026-05-20,601012,14:21:00,15.3400,126,1
2026-05-20,601012,14:21:03,15.3400,49,1
2026-05-20,601012,14:21:06,15.3300,40,2
2026-05-20,601012,14:21:09,15.3300,120,2
2026-05-20,601012,14:21:12,15.3400,134,1
2026-05-20,601012,14:21:15,15.3300,379,2
2026-05-20,601012,14:21:18,15.3400,130,1
2026-05-20,601012,14:21:21,15.3400,51,1
2026-05-20,601012,14:21:24,15.3400,9,1
2026-05-20,601012,14:21:27,15.3400,19,1
2026-05-20,601012,14:21:30,15.3400,46,1
2026-05-20,601012,14:21:33,15.3300,29,2
2026-05-20,601012,14:21:36,15.3400,9,1
2026-05-20,601012,14:21:39,15.3300,23,2
2026-05-20,601012,14:21:42,15.3300,18,2
2026-05-20,601012,14:21:45,15.3300,6,2
2026-05-20,601012,14:21:48,15.3400,140,1
2026-05-20,601012,14:21:51,15.3400,47,1
2026-05-20,601012,14:21:54,15.3400,73,1
2026-05-20,601012,14:21:57,15.3300,20,2
2026-05-20,601012,14:22:00,15.3400,98,1
2026-05-20,601012,14:22:03,15.3400,60,1
2026-05-20,601012,14:22:06,15.3400,68,1
2026-05-20,601012,14:22:09,15.3400,42,1
2026-05-20,601012,14:22:12,15.3400,24,1
2026-05-20,601012,14:22:15,15.3400,13,1
2026-05-20,601012,14:22:18,15.3300,514,2
2026-05-20,601012,14:22:21,15.3400,70,1
2026-05-20,601012,14:22:24,15.3400,5,1
2026-05-20,601012,14:22:27,15.3400,18,1
2026-05-20,601012,14:22:30,15.3300,49,2
2026-05-20,601012,14:22:33,15.3300,39,2
2026-05-20,601012,14:22:36,15.3400,9,1
2026-05-20,601012,14:22:39,15.3300,126,2
2026-05-20,601012,14:22:42,15.3400,10,1
2026-05-20,601012,14:22:45,15.3400,139,1
2026-05-20,601012,14:22:48,15.3400,50,1
2026-05-20,601012,14:22:51,15.3300,13,2
2026-05-20,601012,14:22:54,15.3400,34,1
2026-05-20,601012,14:22:57,15.3300,67,2
2026-05-20,601012,14:23:00,15.3400,85,1
2026-05-20,601012,14:23:03,15.3300,9,2
2026-05-20,601012,14:23:06,15.3400,696,1
2026-05-20,601012,14:23:09,15.3300,61,2
2026-05-20,601012,14:23:12,15.3300,48,2
2026-05-20,601012,14:23:15,15.3300,4,2
2026-05-20,601012,14:23:18,15.3400,226,1
2026-05-20,601012,14:23:21,15.3300,78,2
2026-05-20,601012,14:23:24,15.3300,140,2
2026-05-20,601012,14:23:27,15.3400,130,1
2026-05-20,601012,14:23:30,15.3300,31,2
2026-05-20,601012,14:23:33,15.3400,37,1
2026-05-20,601012,14:23:36,15.3300,53,2
2026-05-20,601012,14:23:39,15.3400,42,1
2026-05-20,601012,14:23:42,15.3400,6,1
2026-05-20,601012,14:23:45,15.3400,85,1
2026-05-20,601012,14:23:48,15.3400,173,1
2026-05-20,601012,14:23:51,15.3400,39,1
2026-05-20,601012,14:23:54,15.3400,149,1
2026-05-20,601012,14:23:57,15.3300,59,2
2026-05-20,601012,14:24:00,15.3400,13,1
2026-05-20,601012,14:24:03,15.3300,30,2
2026-05-20,601012,14:24:06,15.3400,319,1
2026-05-20,601012,14:24:09,15.3400,182,1
2026-05-20,601012,14:24:12,15.3400,59,1
2026-05-20,601012,14:24:15,15.3400,289,1
2026-05-20,601012,14:24:18,15.3400,190,1
2026-05-20,601012,14:24:21,15.3400,60,1
2026-05-20,601012,14:24:24,15.3400,56,1
2026-05-20,601012,14:24:27,15.3400,11,1
2026-05-20,601012,14:24:30,15.3300,134,2
2026-05-20,601012,14:24:33,15.3400,43,1
2026-05-20,601012,14:24:36,15.3400,89,1
2026-05-20,601012,14:24:39,15.3400,92,1
2026-05-20,601012,14:24:42,15.3300,74,2
2026-05-20,601012,14:24:45,15.3400,128,1
2026-05-20,601012,14:24:48,15.3400,69,1
2026-05-20,601012,14:24:51,15.3400,166,1
2026-05-20,601012,14:24:54,15.3400,10,2
2026-05-20,601012,14:24:57,15.3400,1,2
2026-05-20,601012,14:25:00,15.3400,316,2
2026-05-20,601012,14:25:03,15.3400,135,2
2026-05-20,601012,14:25:06,15.3400,124,1
2026-05-20,601012,14:25:09,15.3400,29,2
2026-05-20,601012,14:25:12,15.3500,195,1
2026-05-20,601012,14:25:15,15.3400,191,2
2026-05-20,601012,14:25:18,15.3400,105,2
2026-05-20,601012,14:25:21,15.3400,29,2
2026-05-20,601012,14:25:24,15.3500,25,1
2026-05-20,601012,14:25:28,15.3500,7,1
2026-05-20,601012,14:25:30,15.3400,8,2
2026-05-20,601012,14:25:33,15.3400,8,2
2026-05-20,601012,14:25:36,15.3400,10,2
2026-05-20,601012,14:25:39,15.3400,115,2
2026-05-20,601012,14:25:42,15.3400,9,2
2026-05-20,601012,14:25:45,15.3500,28,1
2026-05-20,601012,14:25:48,15.3500,4,1
2026-05-20,601012,14:25:51,15.3500,48,1
2026-05-20,601012,14:25:54,15.3500,177,1
2026-05-20,601012,14:25:58,15.3500,7,1
2026-05-20,601012,14:26:00,15.3500,15,1
2026-05-20,601012,14:26:03,15.3500,91,1
2026-05-20,601012,14:26:06,15.3400,104,2
2026-05-20,601012,14:26:09,15.3400,25,2
2026-05-20,601012,14:26:12,15.3400,41,2
2026-05-20,601012,14:26:15,15.3400,16,2
2026-05-20,601012,14:26:18,15.3400,26,2
2026-05-20,601012,14:26:21,15.3400,42,2
2026-05-20,601012,14:26:24,15.3500,74,1
2026-05-20,601012,14:26:27,15.3400,203,2
2026-05-20,601012,14:26:30,15.3400,101,2
2026-05-20,601012,14:26:33,15.3400,562,2
2026-05-20,601012,14:26:36,15.3400,70,1
2026-05-20,601012,14:26:39,15.3300,36,2
2026-05-20,601012,14:26:42,15.3400,55,1
2026-05-20,601012,14:26:45,15.3300,38,2
2026-05-20,601012,14:26:48,15.3400,34,1
2026-05-20,601012,14:26:51,15.3300,32,2
2026-05-20,601012,14:26:54,15.3300,423,2
2026-05-20,601012,14:26:57,15.3300,48,2
2026-05-20,601012,14:27:00,15.3400,56,1
2026-05-20,601012,14:27:03,15.3400,1051,1
2026-05-20,601012,14:27:06,15.3400,1843,2
2026-05-20,601012,14:27:09,15.3300,109,2
2026-05-20,601012,14:27:12,15.3300,21,2
2026-05-20,601012,14:27:15,15.3400,185,1
2026-05-20,601012,14:27:18,15.3400,25,1
2026-05-20,601012,14:27:21,15.3400,14,1
2026-05-20,601012,14:27:24,15.3400,113,1
2026-05-20,601012,14:27:27,15.3400,1,1
2026-05-20,601012,14:27:30,15.3400,13,1
2026-05-20,601012,14:27:33,15.3400,248,1
2026-05-20,601012,14:27:36,15.3400,15,1
2026-05-20,601012,14:27:39,15.3400,30,1
2026-05-20,601012,14:27:42,15.3400,88,1
2026-05-20,601012,14:27:45,15.3300,19,2
2026-05-20,601012,14:27:48,15.3300,556,2
2026-05-20,601012,14:27:51,15.3400,18,1
2026-05-20,601012,14:27:54,15.3400,21,1
2026-05-20,601012,14:27:57,15.3300,104,2
2026-05-20,601012,14:28:00,15.3400,75,1
2026-05-20,601012,14:28:03,15.3300,26,2
2026-05-20,601012,14:28:06,15.3400,18,1
2026-05-20,601012,14:28:09,15.3400,114,1
2026-05-20,601012,14:28:12,15.3400,33,1
2026-05-20,601012,14:28:15,15.3300,10,2
2026-05-20,601012,14:28:18,15.3400,277,1
2026-05-20,601012,14:28:21,15.3300,175,2
2026-05-20,601012,14:28:24,15.3400,32,1
2026-05-20,601012,14:28:27,15.3400,42,1
2026-05-20,601012,14:28:30,15.3400,8,1
2026-05-20,601012,14:28:33,15.3400,49,1
2026-05-20,601012,14:28:36,15.3400,16,1
2026-05-20,601012,14:28:39,15.3300,45,2
2026-05-20,601012,14:28:42,15.3400,45,1
2026-05-20,601012,14:28:45,15.3400,108,1
2026-05-20,601012,14:28:48,15.3300,19,2
2026-05-20,601012,14:28:51,15.3300,10,2
2026-05-20,601012,14:28:54,15.3400,57,1
2026-05-20,601012,14:28:57,15.3400,9,1
2026-05-20,601012,14:29:00,15.3300,54,2
2026-05-20,601012,14:29:03,15.3300,64,2
2026-05-20,601012,14:29:06,15.3400,4,1
2026-05-20,601012,14:29:09,15.3400,37,1
2026-05-20,601012,14:29:12,15.3400,135,1
2026-05-20,601012,14:29:15,15.3300,204,2
2026-05-20,601012,14:29:18,15.3400,51,1
2026-05-20,601012,14:29:21,15.3400,178,1
2026-05-20,601012,14:29:24,15.3300,35,2
2026-05-20,601012,14:29:27,15.3400,26,1
2026-05-20,601012,14:29:30,15.3300,120,2
2026-05-20,601012,14:29:33,15.3400,28,1
2026-05-20,601012,14:29:37,15.3300,17,2
2026-05-20,601012,14:29:39,15.3300,28,2
2026-05-20,601012,14:29:42,15.3400,16,1
2026-05-20,601012,14:29:45,15.3300,30,2
2026-05-20,601012,14:29:48,15.3300,79,2
2026-05-20,601012,14:29:51,15.3300,64,2
2026-05-20,601012,14:29:54,15.3300,40,2
2026-05-20,601012,14:29:57,15.3300,2,2
2026-05-20,601012,14:30:00,15.3300,60,2
2026-05-20,601012,14:30:03,15.3400,19,1
2026-05-20,601012,14:30:06,15.3300,61,2
2026-05-20,601012,14:30:09,15.3400,36,1
2026-05-20,601012,14:30:12,15.3300,87,2
2026-05-20,601012,14:30:15,15.3300,46,2
2026-05-20,601012,14:30:18,15.3300,119,2
2026-05-20,601012,14:30:21,15.3300,63,2
2026-05-20,601012,14:30:24,15.3400,121,1
2026-05-20,601012,14:30:27,15.3400,48,1
2026-05-20,601012,14:30:30,15.3300,73,2
2026-05-20,601012,14:30:33,15.3400,50,1
2026-05-20,601012,14:30:36,15.3300,54,2
2026-05-20,601012,14:30:39,15.3300,96,2
2026-05-20,601012,14:30:42,15.3300,19,2
2026-05-20,601012,14:30:45,15.3300,7,2
2026-05-20,601012,14:30:48,15.3300,91,2
2026-05-20,601012,14:30:51,15.3300,53,2
2026-05-20,601012,14:30:54,15.3300,36,2
2026-05-20,601012,14:30:57,15.3400,71,1
2026-05-20,601012,14:31:00,15.3300,242,2
2026-05-20,601012,14:31:03,15.3300,5,2
2026-05-20,601012,14:31:06,15.3400,11,1
2026-05-20,601012,14:31:09,15.3300,44,2
2026-05-20,601012,14:31:12,15.3300,16,2
2026-05-20,601012,14:31:15,15.3400,25,1
2026-05-20,601012,14:31:18,15.3300,39,2
2026-05-20,601012,14:31:21,15.3400,148,1
2026-05-20,601012,14:31:24,15.3400,72,1
2026-05-20,601012,14:31:27,15.3300,24,2
2026-05-20,601012,14:31:30,15.3400,24,1
2026-05-20,601012,14:31:33,15.3400,14,1
2026-05-20,601012,14:31:36,15.3300,69,2
2026-05-20,601012,14:31:39,15.3400,10,1
2026-05-20,601012,14:31:42,15.3400,193,1
2026-05-20,601012,14:31:45,15.3400,49,1
2026-05-20,601012,14:31:48,15.3300,19,2
2026-05-20,601012,14:31:51,15.3400,29,1
2026-05-20,601012,14:31:54,15.3400,26,1
2026-05-20,601012,14:31:57,15.3300,263,2
2026-05-20,601012,14:32:00,15.3400,21,1
2026-05-20,601012,14:32:03,15.3300,117,2
2026-05-20,601012,14:32:06,15.3300,17,2
2026-05-20,601012,14:32:09,15.3300,22,2
2026-05-20,601012,14:32:12,15.3300,79,2
2026-05-20,601012,14:32:15,15.3300,20,2
2026-05-20,601012,14:32:18,15.3300,25,2
2026-05-20,601012,14:32:21,15.3400,27,1
2026-05-20,601012,14:32:24,15.3300,68,2
2026-05-20,601012,14:32:27,15.3400,208,1
2026-05-20,601012,14:32:30,15.3400,19,1
2026-05-20,601012,14:32:33,15.3400,62,1
2026-05-20,601012,14:32:36,15.3300,44,2
2026-05-20,601012,14:32:39,15.3400,68,1
2026-05-20,601012,14:32:42,15.3400,49,1
2026-05-20,601012,14:32:45,15.3400,73,1
2026-05-20,601012,14:32:48,15.3400,268,1
2026-05-20,601012,14:32:51,15.3400,106,1
2026-05-20,601012,14:32:54,15.3300,327,2
2026-05-20,601012,14:32:57,15.3300,25,2
2026-05-20,601012,14:33:00,15.3300,49,2
2026-05-20,601012,14:33:03,15.3400,151,1
2026-05-20,601012,14:33:06,15.3400,5,1
2026-05-20,601012,14:33:09,15.3400,85,1
2026-05-20,601012,14:33:12,15.3400,77,1
2026-05-20,601012,14:33:15,15.3400,45,1
2026-05-20,601012,14:33:18,15.3400,99,1
2026-05-20,601012,14:33:21,15.3400,39,1
2026-05-20,601012,14:33:24,15.3400,59,1
2026-05-20,601012,14:33:27,15.3300,62,2
2026-05-20,601012,14:33:30,15.3400,30,1
2026-05-20,601012,14:33:33,15.3400,24,1
2026-05-20,601012,14:33:36,15.3400,27,1
2026-05-20,601012,14:33:39,15.3300,116,2
2026-05-20,601012,14:33:42,15.3300,392,2
2026-05-20,601012,14:33:45,15.3400,560,1
2026-05-20,601012,14:33:48,15.3400,450,1
2026-05-20,601012,14:33:51,15.3400,5,1
2026-05-20,601012,14:33:54,15.3400,29,1
2026-05-20,601012,14:33:57,15.3400,54,1
2026-05-20,601012,14:34:00,15.3400,127,1
2026-05-20,601012,14:34:03,15.3400,116,1
2026-05-20,601012,14:34:06,15.3400,65,1
2026-05-20,601012,14:34:09,15.3300,200,2
2026-05-20,601012,14:34:12,15.3300,180,2
2026-05-20,601012,14:34:15,15.3300,66,2
2026-05-20,601012,14:34:18,15.3400,86,1
2026-05-20,601012,14:34:21,15.3300,80,2
2026-05-20,601012,14:34:24,15.3300,46,2
2026-05-20,601012,14:34:27,15.3300,187,2
2026-05-20,601012,14:34:30,15.3400,60,1
2026-05-20,601012,14:34:33,15.3400,69,1
2026-05-20,601012,14:34:36,15.3400,65,1
2026-05-20,601012,14:34:39,15.3400,31,1
2026-05-20,601012,14:34:42,15.3400,327,1
2026-05-20,601012,14:34:45,15.3400,155,1
2026-05-20,601012,14:34:48,15.3300,177,2
2026-05-20,601012,14:34:51,15.3400,106,1
2026-05-20,601012,14:34:54,15.3400,28,1
2026-05-20,601012,14:34:57,15.3400,44,1
2026-05-20,601012,14:35:00,15.3400,8,1
2026-05-20,601012,14:35:03,15.3400,102,1
2026-05-20,601012,14:35:06,15.3400,304,1
2026-05-20,601012,14:35:09,15.3400,417,1
2026-05-20,601012,14:35:12,15.3400,199,2
2026-05-20,601012,14:35:15,15.3400,28,2
2026-05-20,601012,14:35:18,15.3400,215,2
2026-05-20,601012,14:35:21,15.3400,40,2
2026-05-20,601012,14:35:24,15.3500,44,1
2026-05-20,601012,14:35:27,15.3400,15,2
2026-05-20,601012,14:35:30,15.3500,26,1
2026-05-20,601012,14:35:33,15.3500,53,1
2026-05-20,601012,14:35:36,15.3500,99,1
2026-05-20,601012,14:35:39,15.3500,54,1
2026-05-20,601012,14:35:42,15.3500,306,1
2026-05-20,601012,14:35:45,15.3500,74,1
2026-05-20,601012,14:35:48,15.3500,99,1
2026-05-20,601012,14:35:51,15.3400,25,2
2026-05-20,601012,14:35:54,15.3400,1067,2
2026-05-20,601012,14:35:57,15.3500,232,1
2026-05-20,601012,14:36:00,15.3500,95,1
2026-05-20,601012,14:36:03,15.3500,44,1
2026-05-20,601012,14:36:06,15.3500,132,1
2026-05-20,601012,14:36:09,15.3500,381,1
2026-05-20,601012,14:36:12,15.3500,72,1
2026-05-20,601012,14:36:15,15.3500,68,2
2026-05-20,601012,14:36:18,15.3500,180,2
2026-05-20,601012,14:36:21,15.3500,35,1
2026-05-20,601012,14:36:24,15.3400,285,2
2026-05-20,601012,14:36:27,15.3500,107,1
2026-05-20,601012,14:36:30,15.3400,95,2
2026-05-20,601012,14:36:33,15.3400,79,2
2026-05-20,601012,14:36:36,15.3400,38,2
2026-05-20,601012,14:36:39,15.3500,49,1
2026-05-20,601012,14:36:42,15.3500,103,1
2026-05-20,601012,14:36:45,15.3500,1,1
2026-05-20,601012,14:36:48,15.3500,280,1
2026-05-20,601012,14:36:51,15.3400,217,2
2026-05-20,601012,14:36:54,15.3500,15,4
2026-05-20,601012,14:36:57,15.3500,122,1
2026-05-20,601012,14:37:00,15.3500,14,1
2026-05-20,601012,14:37:03,15.3500,116,1
2026-05-20,601012,14:37:06,15.3500,100,2
2026-05-20,601012,14:37:09,15.3500,22,2
2026-05-20,601012,14:37:12,15.3500,50,2
2026-05-20,601012,14:37:15,15.3500,88,2
2026-05-20,601012,14:37:18,15.3500,15,2
2026-05-20,601012,14:37:21,15.3600,79,1
2026-05-20,601012,14:37:24,15.3600,4,1
2026-05-20,601012,14:37:27,15.3600,9,1
2026-05-20,601012,14:37:30,15.3500,48,2
2026-05-20,601012,14:37:33,15.3600,1,1
2026-05-20,601012,14:37:36,15.3500,169,2
2026-05-20,601012,14:37:39,15.3500,27,2
2026-05-20,601012,14:37:42,15.3500,88,2
2026-05-20,601012,14:37:45,15.3500,34,2
2026-05-20,601012,14:37:48,15.3500,16,2
2026-05-20,601012,14:37:51,15.3500,31,2
2026-05-20,601012,14:37:54,15.3500,42,2
2026-05-20,601012,14:37:57,15.3500,26,2
2026-05-20,601012,14:38:00,15.3500,38,2
2026-05-20,601012,14:38:03,15.3500,87,2
2026-05-20,601012,14:38:06,15.3500,38,2
2026-05-20,601012,14:38:09,15.3500,197,2
2026-05-20,601012,14:38:12,15.3500,57,2
2026-05-20,601012,14:38:15,15.3600,135,1
2026-05-20,601012,14:38:18,15.3500,122,2
2026-05-20,601012,14:38:21,15.3600,125,1
2026-05-20,601012,14:38:24,15.3500,694,2
2026-05-20,601012,14:38:27,15.3500,384,2
2026-05-20,601012,14:38:30,15.3400,31,2
2026-05-20,601012,14:38:33,15.3500,654,1
2026-05-20,601012,14:38:36,15.3400,117,2
2026-05-20,601012,14:38:39,15.3600,82,1
2026-05-20,601012,14:38:42,15.3500,58,2
2026-05-20,601012,14:38:45,15.3500,147,2
2026-05-20,601012,14:38:48,15.3500,142,2
2026-05-20,601012,14:38:52,15.3500,79,1
2026-05-20,601012,14:38:54,15.3500,96,2
2026-05-20,601012,14:38:57,15.3500,50,2
2026-05-20,601012,14:39:00,15.3500,172,2
2026-05-20,601012,14:39:03,15.3500,195,2
2026-05-20,601012,14:39:06,15.3400,49,2
2026-05-20,601012,14:39:09,15.3500,14,1
2026-05-20,601012,14:39:12,15.3500,282,1
2026-05-20,601012,14:39:15,15.3500,18,1
2026-05-20,601012,14:39:18,15.3400,85,2
2026-05-20,601012,14:39:21,15.3500,329,1
2026-05-20,601012,14:39:24,15.3400,138,2
2026-05-20,601012,14:39:27,15.3400,17,2
2026-05-20,601012,14:39:30,15.3500,77,1
2026-05-20,601012,14:39:33,15.3500,116,1
2026-05-20,601012,14:39:36,15.3500,53,1
2026-05-20,601012,14:39:39,15.3500,168,1
2026-05-20,601012,14:39:42,15.3500,97,1
2026-05-20,601012,14:39:45,15.3500,170,1
2026-05-20,601012,14:39:48,15.3500,42,1
2026-05-20,601012,14:39:51,15.3400,75,2
2026-05-20,601012,14:39:54,15.3400,12,2
2026-05-20,601012,14:39:57,15.3500,132,1
2026-05-20,601012,14:40:00,15.3400,35,2
2026-05-20,601012,14:40:03,15.3500,478,1
2026-05-20,601012,14:40:06,15.3500,159,1
2026-05-20,601012,14:40:09,15.3500,26,1
2026-05-20,601012,14:40:12,15.3500,43,1
2026-05-20,601012,14:40:15,15.3500,79,1
2026-05-20,601012,14:40:18,15.3400,136,2
2026-05-20,601012,14:40:21,15.3500,156,1
2026-05-20,601012,14:40:24,15.3400,89,2
2026-05-20,601012,14:40:27,15.3400,58,2
2026-05-20,601012,14:40:30,15.3500,73,1
2026-05-20,601012,14:40:33,15.3400,16,2
2026-05-20,601012,14:40:36,15.3500,51,1
2026-05-20,601012,14:40:39,15.3400,8,2
2026-05-20,601012,14:40:42,15.3500,34,1
2026-05-20,601012,14:40:45,15.3400,60,2
2026-05-20,601012,14:40:48,15.3400,126,2
2026-05-20,601012,14:40:51,15.3500,102,1
2026-05-20,601012,14:40:54,15.3400,344,2
2026-05-20,601012,14:40:57,15.3400,66,2
2026-05-20,601012,14:41:00,15.3400,2,2
2026-05-20,601012,14:41:03,15.3500,146,1
2026-05-20,601012,14:41:06,15.3500,55,1
2026-05-20,601012,14:41:09,15.3500,13,1
2026-05-20,601012,14:41:12,15.3500,145,1
2026-05-20,601012,14:41:15,15.3500,26,1
2026-05-20,601012,14:41:18,15.3500,103,1
2026-05-20,601012,14:41:21,15.3500,103,1
2026-05-20,601012,14:41:24,15.3400,91,2
2026-05-20,601012,14:41:27,15.3500,52,1
2026-05-20,601012,14:41:30,15.3400,136,2
2026-05-20,601012,14:41:33,15.3400,88,2
2026-05-20,601012,14:41:36,15.3500,145,1
2026-05-20,601012,14:41:39,15.3500,59,1
2026-05-20,601012,14:41:42,15.3500,27,1
2026-05-20,601012,14:41:45,15.3500,91,1
2026-05-20,601012,14:41:48,15.3500,25,1
2026-05-20,601012,14:41:51,15.3500,128,1
2026-05-20,601012,14:41:54,15.3500,93,1
2026-05-20,601012,14:41:57,15.3500,163,1
2026-05-20,601012,14:42:00,15.3500,87,1
2026-05-20,601012,14:42:03,15.3400,380,2
2026-05-20,601012,14:42:06,15.3500,243,1
2026-05-20,601012,14:42:09,15.3500,64,1
2026-05-20,601012,14:42:12,15.3400,139,2
2026-05-20,601012,14:42:15,15.3400,239,2
2026-05-20,601012,14:42:18,15.3400,97,2
2026-05-20,601012,14:42:21,15.3400,54,2
2026-05-20,601012,14:42:24,15.3500,10,1
2026-05-20,601012,14:42:27,15.3400,65,2
2026-05-20,601012,14:42:30,15.3400,115,2
2026-05-20,601012,14:42:33,15.3500,142,1
2026-05-20,601012,14:42:36,15.3500,86,1
2026-05-20,601012,14:42:39,15.3400,44,2
2026-05-20,601012,14:42:42,15.3500,40,1
2026-05-20,601012,14:42:45,15.3400,42,2
2026-05-20,601012,14:42:48,15.3500,75,1
2026-05-20,601012,14:42:51,15.3500,373,1
2026-05-20,601012,14:42:54,15.3400,311,2
2026-05-20,601012,14:42:57,15.3400,116,2
2026-05-20,601012,14:43:00,15.3400,20,2
2026-05-20,601012,14:43:03,15.3500,61,1
2026-05-20,601012,14:43:06,15.3400,41,2
2026-05-20,601012,14:43:09,15.3500,43,1
2026-05-20,601012,14:43:12,15.3400,72,2
2026-05-20,601012,14:43:15,15.3400,1642,2
2026-05-20,601012,14:43:18,15.3500,47,1
2026-05-20,601012,14:43:21,15.3500,99,1
2026-05-20,601012,14:43:24,15.3400,15,2
2026-05-20,601012,14:43:27,15.3500,163,1
2026-05-20,601012,14:43:30,15.3500,159,1
2026-05-20,601012,14:43:33,15.3500,37,1
2026-05-20,601012,14:43:36,15.3500,216,1
2026-05-20,601012,14:43:39,15.3500,125,1
2026-05-20,601012,14:43:42,15.3400,51,2
2026-05-20,601012,14:43:45,15.3400,61,2
2026-05-20,601012,14:43:48,15.3500,132,1
2026-05-20,601012,14:43:51,15.3400,10,2
2026-05-20,601012,14:43:54,15.3400,75,2
2026-05-20,601012,14:43:57,15.3500,125,1
2026-05-20,601012,14:44:00,15.3500,189,1
2026-05-20,601012,14:44:03,15.3500,182,1
2026-05-20,601012,14:44:06,15.3500,43,1
2026-05-20,601012,14:44:09,15.3500,151,1
2026-05-20,601012,14:44:12,15.3400,59,2
2026-05-20,601012,14:44:15,15.3400,69,2
2026-05-20,601012,14:44:18,15.3400,234,2
2026-05-20,601012,14:44:21,15.3500,100,1
2026-05-20,601012,14:44:24,15.3400,560,2
2026-05-20,601012,14:44:27,15.3400,66,2
2026-05-20,601012,14:44:30,15.3400,2209,2
2026-05-20,601012,14:44:33,15.3400,319,2
2026-05-20,601012,14:44:36,15.3400,178,2
2026-05-20,601012,14:44:39,15.3400,712,2
2026-05-20,601012,14:44:42,15.3400,218,2
2026-05-20,601012,14:44:45,15.3400,626,2
2026-05-20,601012,14:44:48,15.3400,102,2
2026-05-20,601012,14:44:51,15.3500,188,1
2026-05-20,601012,14:44:54,15.3300,107,2
2026-05-20,601012,14:44:57,15.3400,64,1
2026-05-20,601012,14:45:00,15.3400,61,1
2026-05-20,601012,14:45:03,15.3300,259,2
2026-05-20,601012,14:45:06,15.3400,314,1
2026-05-20,601012,14:45:09,15.3300,182,2
2026-05-20,601012,14:45:12,15.3400,177,1
2026-05-20,601012,14:45:15,15.3300,259,2
2026-05-20,601012,14:45:18,15.3300,363,2
2026-05-20,601012,14:45:21,15.3300,1402,2
2026-05-20,601012,14:45:24,15.3300,147,2
2026-05-20,601012,14:45:27,15.3300,74,2
2026-05-20,601012,14:45:30,15.3300,147,2
2026-05-20,601012,14:45:33,15.3400,157,1
2026-05-20,601012,14:45:36,15.3300,287,2
2026-05-20,601012,14:45:39,15.3300,82,2
2026-05-20,601012,14:45:42,15.3300,19,2
2026-05-20,601012,14:45:45,15.3300,124,2
2026-05-20,601012,14:45:48,15.3400,77,1
2026-05-20,601012,14:45:51,15.3400,39,1
2026-05-20,601012,14:45:54,15.3400,351,1
2026-05-20,601012,14:45:57,15.3300,147,2
2026-05-20,601012,14:46:00,15.3400,75,1
2026-05-20,601012,14:46:03,15.3300,53,2
2026-05-20,601012,14:46:06,15.3300,198,2
2026-05-20,601012,14:46:09,15.3400,36,1
2026-05-20,601012,14:46:12,15.3400,224,1
2026-05-20,601012,14:46:15,15.3300,56,2
2026-05-20,601012,14:46:18,15.3400,62,1
2026-05-20,601012,14:46:21,15.3300,360,2
2026-05-20,601012,14:46:24,15.3400,50,1
2026-05-20,601012,14:46:27,15.3400,183,1
2026-05-20,601012,14:46:30,15.3400,77,1
2026-05-20,601012,14:46:33,15.3400,141,1
2026-05-20,601012,14:46:36,15.3300,83,2
2026-05-20,601012,14:46:39,15.3400,120,1
2026-05-20,601012,14:46:42,15.3400,28,1
2026-05-20,601012,14:46:45,15.3300,148,2
2026-05-20,601012,14:46:48,15.3300,142,2
2026-05-20,601012,14:46:51,15.3400,122,1
2026-05-20,601012,14:46:54,15.3300,120,2
2026-05-20,601012,14:46:57,15.3400,355,1
2026-05-20,601012,14:47:00,15.3400,130,1
2026-05-20,601012,14:47:03,15.3400,77,1
2026-05-20,601012,14:47:06,15.3400,36,1
2026-05-20,601012,14:47:09,15.3400,118,1
2026-05-20,601012,14:47:12,15.3300,107,2
2026-05-20,601012,14:47:15,15.3400,197,1
2026-05-20,601012,14:47:18,15.3300,256,2
2026-05-20,601012,14:47:21,15.3300,179,2
2026-05-20,601012,14:47:24,15.3400,140,1
2026-05-20,601012,14:47:27,15.3400,97,1
2026-05-20,601012,14:47:30,15.3400,72,1
2026-05-20,601012,14:47:33,15.3400,224,1
2026-05-20,601012,14:47:36,15.3400,321,1
2026-05-20,601012,14:47:39,15.3400,150,1
2026-05-20,601012,14:47:42,15.3400,675,1
2026-05-20,601012,14:47:45,15.3400,93,1
2026-05-20,601012,14:47:48,15.3400,106,1
2026-05-20,601012,14:47:51,15.3400,485,1
2026-05-20,601012,14:47:54,15.3400,150,1
2026-05-20,601012,14:47:57,15.3400,496,1
2026-05-20,601012,14:48:00,15.3400,72,1
2026-05-20,601012,14:48:03,15.3400,65,1
2026-05-20,601012,14:48:06,15.3400,335,1
2026-05-20,601012,14:48:09,15.3400,92,1
2026-05-20,601012,14:48:12,15.3300,168,2
2026-05-20,601012,14:48:15,15.3400,300,1
2026-05-20,601012,14:48:18,15.3300,233,2
2026-05-20,601012,14:48:21,15.3400,107,1
2026-05-20,601012,14:48:24,15.3300,149,2
2026-05-20,601012,14:48:27,15.3400,130,1
2026-05-20,601012,14:48:30,15.3300,281,2
2026-05-20,601012,14:48:33,15.3300,98,2
2026-05-20,601012,14:48:36,15.3400,130,1
2026-05-20,601012,14:48:39,15.3300,37,2
2026-05-20,601012,14:48:42,15.3300,64,2
2026-05-20,601012,14:48:45,15.3400,266,1
2026-05-20,601012,14:48:48,15.3300,253,2
2026-05-20,601012,14:48:51,15.3400,82,1
2026-05-20,601012,14:48:54,15.3400,135,1
2026-05-20,601012,14:48:57,15.3400,75,1
2026-05-20,601012,14:49:00,15.3300,399,2
2026-05-20,601012,14:49:03,15.3300,2019,2
2026-05-20,601012,14:49:06,15.3300,582,2
2026-05-20,601012,14:49:09,15.3400,40,1
2026-05-20,601012,14:49:12,15.3400,108,1
2026-05-20,601012,14:49:15,15.3400,545,1
2026-05-20,601012,14:49:18,15.3300,96,2
2026-05-20,601012,14:49:21,15.3400,96,1
2026-05-20,601012,14:49:24,15.3300,96,2
2026-05-20,601012,14:49:27,15.3400,250,1
2026-05-20,601012,14:49:31,15.3300,149,2
2026-05-20,601012,14:49:33,15.3400,312,1
2026-05-20,601012,14:49:36,15.3300,36,2
2026-05-20,601012,14:49:39,15.3300,61,2
2026-05-20,601012,14:49:42,15.3400,72,1
2026-05-20,601012,14:49:45,15.3300,80,2
2026-05-20,601012,14:49:48,15.3400,545,1
2026-05-20,601012,14:49:52,15.3400,151,1
2026-05-20,601012,14:49:54,15.3300,25,2
2026-05-20,601012,14:49:57,15.3300,114,2
2026-05-20,601012,14:50:00,15.3300,180,2
2026-05-20,601012,14:50:03,15.3400,138,1
2026-05-20,601012,14:50:06,15.3400,825,1
2026-05-20,601012,14:50:09,15.3400,338,1
2026-05-20,601012,14:50:12,15.3400,408,1
2026-05-20,601012,14:50:15,15.3400,29,1
2026-05-20,601012,14:50:18,15.3400,272,1
2026-05-20,601012,14:50:22,15.3400,504,1
2026-05-20,601012,14:50:24,15.3400,170,1
2026-05-20,601012,14:50:27,15.3400,191,1
2026-05-20,601012,14:50:30,15.3300,80,2
2026-05-20,601012,14:50:33,15.3300,65,2
2026-05-20,601012,14:50:36,15.3400,576,1
2026-05-20,601012,14:50:39,15.3400,131,1
2026-05-20,601012,14:50:42,15.3400,270,1
2026-05-20,601012,14:50:45,15.3400,210,1
2026-05-20,601012,14:50:48,15.3400,95,1
2026-05-20,601012,14:50:51,15.3400,118,1
2026-05-20,601012,14:50:54,15.3400,380,1
2026-05-20,601012,14:50:57,15.3400,96,1
2026-05-20,601012,14:51:00,15.3300,196,2
2026-05-20,601012,14:51:03,15.3400,999,1
2026-05-20,601012,14:51:06,15.3400,176,1
2026-05-20,601012,14:51:09,15.3400,200,1
2026-05-20,601012,14:51:12,15.3400,204,1
2026-05-20,601012,14:51:15,15.3300,199,2
2026-05-20,601012,14:51:18,15.3300,294,2
2026-05-20,601012,14:51:21,15.3400,397,1
2026-05-20,601012,14:51:24,15.3400,187,1
2026-05-20,601012,14:51:27,15.3400,55,1
2026-05-20,601012,14:51:30,15.3300,254,2
2026-05-20,601012,14:51:33,15.3400,115,1
2026-05-20,601012,14:51:36,15.3300,1079,2
2026-05-20,601012,14:51:39,15.3400,107,1
2026-05-20,601012,14:51:42,15.3400,20,1
2026-05-20,601012,14:51:45,15.3300,57,2
2026-05-20,601012,14:51:48,15.3300,84,2
2026-05-20,601012,14:51:51,15.3300,19,2
2026-05-20,601012,14:51:54,15.3300,105,2
2026-05-20,601012,14:51:57,15.3400,109,1
2026-05-20,601012,14:52:00,15.3300,456,2
2026-05-20,601012,14:52:03,15.3300,92,2
2026-05-20,601012,14:52:06,15.3300,421,2
2026-05-20,601012,14:52:09,15.3400,263,1
2026-05-20,601012,14:52:12,15.3400,98,1
2026-05-20,601012,14:52:15,15.3300,247,2
2026-05-20,601012,14:52:18,15.3400,177,1
2026-05-20,601012,14:52:21,15.3300,240,2
2026-05-20,601012,14:52:24,15.3300,147,2
2026-05-20,601012,14:52:27,15.3300,120,2
2026-05-20,601012,14:52:30,15.3400,103,1
2026-05-20,601012,14:52:33,15.3400,156,2
2026-05-20,601012,14:52:36,15.3300,568,2
2026-05-20,601012,14:52:39,15.3400,156,1
2026-05-20,601012,14:52:42,15.3400,100,1
2026-05-20,601012,14:52:45,15.3400,108,1
2026-05-20,601012,14:52:48,15.3400,109,1
2026-05-20,601012,14:52:51,15.3400,53,1
2026-05-20,601012,14:52:54,15.3400,155,1
2026-05-20,601012,14:52:57,15.3400,62,1
2026-05-20,601012,14:53:00,15.3300,117,2
2026-05-20,601012,14:53:03,15.3300,102,2
2026-05-20,601012,14:53:06,15.3400,272,1
2026-05-20,601012,14:53:09,15.3400,171,1
2026-05-20,601012,14:53:12,15.3400,93,1
2026-05-20,601012,14:53:15,15.3300,138,2
2026-05-20,601012,14:53:18,15.3300,117,2
2026-05-20,601012,14:53:21,15.3400,49,1
2026-05-20,601012,14:53:24,15.3300,10,2
2026-05-20,601012,14:53:27,15.3300,348,2
2026-05-20,601012,14:53:30,15.3300,256,2
2026-05-20,601012,14:53:33,15.3400,308,1
2026-05-20,601012,14:53:36,15.3300,387,2
2026-05-20,601012,14:53:39,15.3400,52,1
2026-05-20,601012,14:53:42,15.3300,119,2
2026-05-20,601012,14:53:45,15.3300,254,2
2026-05-20,601012,14:53:48,15.3400,59,1
2026-05-20,601012,14:53:51,15.3400,45,1
2026-05-20,601012,14:53:54,15.3400,99,1
2026-05-20,601012,14:53:57,15.3300,76,2
2026-05-20,601012,14:54:00,15.3300,153,2
2026-05-20,601012,14:54:03,15.3300,390,2
2026-05-20,601012,14:54:06,15.3400,642,1
2026-05-20,601012,14:54:10,15.3300,106,2
2026-05-20,601012,14:54:12,15.3400,97,1
2026-05-20,601012,14:54:15,15.3300,59,2
2026-05-20,601012,14:54:18,15.3300,298,2
2026-05-20,601012,14:54:21,15.3300,438,2
2026-05-20,601012,14:54:24,15.3400,132,1
2026-05-20,601012,14:54:27,15.3400,328,1
2026-05-20,601012,14:54:30,15.3400,34,1
2026-05-20,601012,14:54:33,15.3400,41,1
2026-05-20,601012,14:54:36,15.3400,375,1
2026-05-20,601012,14:54:39,15.3400,390,1
2026-05-20,601012,14:54:42,15.3400,194,1
2026-05-20,601012,14:54:45,15.3400,224,2
2026-05-20,601012,14:54:48,15.3400,89,2
2026-05-20,601012,14:54:51,15.3400,88,2
2026-05-20,601012,14:54:54,15.3500,95,1
2026-05-20,601012,14:54:57,15.3500,79,1
2026-05-20,601012,14:55:00,15.3500,124,1
2026-05-20,601012,14:55:03,15.3500,257,1
2026-05-20,601012,14:55:06,15.3400,129,2
2026-05-20,601012,14:55:09,15.3500,107,1
2026-05-20,601012,14:55:12,15.3400,302,2
2026-05-20,601012,14:55:15,15.3400,332,2
2026-05-20,601012,14:55:18,15.3400,267,2
2026-05-20,601012,14:55:21,15.3400,153,2
2026-05-20,601012,14:55:24,15.3500,287,1
2026-05-20,601012,14:55:27,15.3500,118,1
2026-05-20,601012,14:55:30,15.3300,1081,2
2026-05-20,601012,14:55:33,15.3400,82,1
2026-05-20,601012,14:55:36,15.3300,395,2
2026-05-20,601012,14:55:39,15.3400,248,1
2026-05-20,601012,14:55:42,15.3400,92,1
2026-05-20,601012,14:55:45,15.3400,250,1
2026-05-20,601012,14:55:48,15.3400,228,1
2026-05-20,601012,14:55:51,15.3400,127,1
2026-05-20,601012,14:55:54,15.3400,341,1
2026-05-20,601012,14:55:57,15.3400,166,1
2026-05-20,601012,14:56:00,15.3400,149,1
2026-05-20,601012,14:56:03,15.3400,152,1
2026-05-20,601012,14:56:06,15.3400,217,1
2026-05-20,601012,14:56:09,15.3400,332,1
2026-05-20,601012,14:56:12,15.3300,636,2
2026-05-20,601012,14:56:15,15.3300,226,2
2026-05-20,601012,14:56:18,15.3400,687,1
2026-05-20,601012,14:56:21,15.3400,208,2
2026-05-20,601012,14:56:24,15.3400,274,2
2026-05-20,601012,14:56:27,15.3400,245,2
2026-05-20,601012,14:56:30,15.3400,153,1
2026-05-20,601012,14:56:33,15.3500,380,1
2026-05-20,601012,14:56:36,15.3400,295,4
2026-05-20,601012,14:56:39,15.3500,221,1
2026-05-20,601012,14:56:42,15.3500,172,1
2026-05-20,601012,14:56:45,15.3400,360,2
2026-05-20,601012,14:56:48,15.3500,675,1
2026-05-20,601012,14:56:51,15.3400,54,2
2026-05-20,601012,14:56:54,15.3500,81,1
2026-05-20,601012,14:56:57,15.3400,390,2
2026-05-20,601012,14:57:00,15.3500,46,1
2026-05-20,601012,15:00:03,15.3500,10959,4
2026-05-20,601012,13:16:12,15.4300,17,1
2026-05-20,601012,13:16:15,15.4200,55,2
2026-05-20,601012,13:16:18,15.4200,425,2
2026-05-20,601012,13:16:21,15.4200,541,2
2026-05-20,601012,13:16:24,15.4200,128,2
2026-05-20,601012,13:16:27,15.4200,60,1
2026-05-20,601012,13:16:30,15.4200,10,1
2026-05-20,601012,13:16:33,15.4200,28,1
2026-05-20,601012,13:16:36,15.4100,1216,2
2026-05-20,601012,13:16:39,15.4200,35,1
2026-05-20,601012,13:16:42,15.4100,36,2
2026-05-20,601012,13:16:45,15.4200,24,1
2026-05-20,601012,13:16:48,15.4100,16,2
2026-05-20,601012,13:16:51,15.4100,25,2
2026-05-20,601012,13:16:54,15.4100,4,2
2026-05-20,601012,13:16:57,15.4200,228,1
2026-05-20,601012,13:17:00,15.4200,361,1
2026-05-20,601012,13:17:03,15.4200,6,1
2026-05-20,601012,13:17:06,15.4200,66,1
2026-05-20,601012,13:17:09,15.4200,24,1
2026-05-20,601012,13:17:12,15.4200,314,1
2026-05-20,601012,13:17:15,15.4200,164,2
2026-05-20,601012,13:17:18,15.4200,1,2
2026-05-20,601012,13:17:21,15.4200,43,2
2026-05-20,601012,13:17:24,15.4200,201,2
2026-05-20,601012,13:17:27,15.4300,27,1
2026-05-20,601012,13:17:30,15.4200,8,2
2026-05-20,601012,13:17:33,15.4200,48,2
2026-05-20,601012,13:17:36,15.4300,10,1
2026-05-20,601012,13:17:39,15.4200,121,2
2026-05-20,601012,13:17:42,15.4200,2,2
2026-05-20,601012,13:17:45,15.4200,13,2
2026-05-20,601012,13:17:48,15.4300,1135,1
2026-05-20,601012,13:17:51,15.4400,70,1
2026-05-20,601012,13:17:54,15.4400,1,1
2026-05-20,601012,13:17:57,15.4400,17,1
2026-05-20,601012,13:18:00,15.4400,2,1
2026-05-20,601012,13:18:03,15.4400,35,1
2026-05-20,601012,13:18:06,15.4400,27,1
2026-05-20,601012,13:18:09,15.4300,50,2
2026-05-20,601012,13:18:12,15.4300,107,2
2026-05-20,601012,13:18:15,15.4400,215,1
2026-05-20,601012,13:18:18,15.4300,51,2
2026-05-20,601012,13:18:21,15.4300,4,2
2026-05-20,601012,13:18:24,15.4400,98,1
2026-05-20,601012,13:18:27,15.4400,440,1
2026-05-20,601012,13:18:30,15.4300,213,2
2026-05-20,601012,13:18:33,15.4300,77,2
2026-05-20,601012,13:18:36,15.4400,23,1
2026-05-20,601012,13:18:39,15.4400,123,1
2026-05-20,601012,13:18:42,15.4400,29,1
2026-05-20,601012,13:18:45,15.4400,11,1
2026-05-20,601012,13:18:48,15.4300,176,2
2026-05-20,601012,13:18:51,15.4400,103,1
2026-05-20,601012,13:18:54,15.4400,38,1
2026-05-20,601012,13:18:57,15.4400,15,1
2026-05-20,601012,13:19:00,15.4400,68,1
2026-05-20,601012,13:19:03,15.4400,11,1
2026-05-20,601012,13:19:06,15.4400,44,1
2026-05-20,601012,13:19:09,15.4500,452,1
2026-05-20,601012,13:19:12,15.4500,671,1
2026-05-20,601012,13:19:15,15.4500,69,2
2026-05-20,601012,13:19:18,15.4600,22,1
2026-05-20,601012,13:19:21,15.4600,67,1
2026-05-20,601012,13:19:24,15.4500,10,2
2026-05-20,601012,13:19:27,15.4600,150,1
2026-05-20,601012,13:19:30,15.4600,22,1
2026-05-20,601012,13:19:33,15.4600,58,1
2026-05-20,601012,13:19:37,15.4600,28,1
2026-05-20,601012,13:19:39,15.4600,93,1
2026-05-20,601012,13:19:42,15.4600,202,1
2026-05-20,601012,13:19:45,15.4600,89,1
2026-05-20,601012,13:19:48,15.4500,70,2
2026-05-20,601012,13:19:51,15.4600,43,1
2026-05-20,601012,13:19:54,15.4600,3,1
2026-05-20,601012,13:19:57,15.4500,363,2
2026-05-20,601012,13:20:00,15.4500,52,1
2026-05-20,601012,13:20:03,15.4500,64,1
2026-05-20,601012,13:20:06,15.4400,163,2
2026-05-20,601012,13:20:09,15.4500,60,4
2026-05-20,601012,13:20:12,15.4500,175,1
2026-05-20,601012,13:20:15,15.4500,176,2
2026-05-20,601012,13:20:18,15.4500,203,1
2026-05-20,601012,13:20:21,15.4600,117,1
2026-05-20,601012,13:20:24,15.4500,134,4
2026-05-20,601012,13:20:27,15.4400,98,2
2026-05-20,601012,13:20:30,15.4500,85,1
2026-05-20,601012,13:20:36,15.4500,22,1
2026-05-20,601012,13:20:39,15.4400,13,2
2026-05-20,601012,13:20:42,15.4500,122,1
2026-05-20,601012,13:20:45,15.4500,127,1
2026-05-20,601012,13:20:48,15.4500,6,1
2026-05-20,601012,13:20:51,15.4500,111,1
2026-05-20,601012,13:20:54,15.4400,19,2
2026-05-20,601012,13:20:57,15.4400,40,2
2026-05-20,601012,13:21:00,15.4400,126,2
2026-05-20,601012,13:21:03,15.4400,1,2
2026-05-20,601012,13:21:06,15.4500,17,1
2026-05-20,601012,13:21:09,15.4500,46,1
2026-05-20,601012,13:21:12,15.4500,105,1
2026-05-20,601012,13:21:15,15.4500,128,1
2026-05-20,601012,13:21:18,15.4500,5,1
2026-05-20,601012,13:21:21,15.4400,377,2
2026-05-20,601012,13:21:24,15.4400,531,2
2026-05-20,601012,13:21:27,15.4400,80,1
2026-05-20,601012,13:21:30,15.4400,2,1
2026-05-20,601012,13:21:33,15.4400,19,1
2026-05-20,601012,13:21:36,15.4400,68,1
2026-05-20,601012,13:21:39,15.4400,34,1
2026-05-20,601012,13:21:42,15.4300,203,2
2026-05-20,601012,13:21:45,15.4300,135,2
2026-05-20,601012,13:21:48,15.4300,92,1
2026-05-20,601012,13:21:51,15.4300,9,1
2026-05-20,601012,13:21:54,15.4300,87,1
2026-05-20,601012,13:21:57,15.4300,6,1
2026-05-20,601012,13:22:00,15.4300,29,1
2026-05-20,601012,13:22:03,15.4300,115,1
2026-05-20,601012,13:22:06,15.4300,2,1
2026-05-20,601012,13:22:09,15.4300,32,1
2026-05-20,601012,13:22:12,15.4300,127,1
2026-05-20,601012,13:22:15,15.4200,44,2
2026-05-20,601012,13:22:18,15.4300,3,1
2026-05-20,601012,13:22:21,15.4200,69,2
2026-05-20,601012,13:22:24,15.4200,294,2
2026-05-20,601012,13:22:27,15.4200,70,2
2026-05-20,601012,13:22:30,15.4200,684,2
2026-05-20,601012,13:22:33,15.4200,104,1
2026-05-20,601012,13:22:39,15.4100,35,2
2026-05-20,601012,13:22:42,15.4200,79,1
2026-05-20,601012,13:22:45,15.4100,199,2
2026-05-20,601012,13:22:48,15.4100,16,2
2026-05-20,601012,13:22:51,15.4200,44,1
2026-05-20,601012,13:22:54,15.4100,61,2
2026-05-20,601012,13:22:57,15.4100,44,2
2026-05-20,601012,13:23:00,15.4100,127,2
2026-05-20,601012,13:23:03,15.4100,1,2
2026-05-20,601012,13:23:06,15.4200,203,1
2026-05-20,601012,13:23:09,15.4100,105,2
2026-05-20,601012,13:23:12,15.4200,158,1
2026-05-20,601012,13:23:15,15.4200,39,1
2026-05-20,601012,13:23:18,15.4100,34,2
2026-05-20,601012,13:23:21,15.4200,106,1
2026-05-20,601012,13:23:24,15.4200,36,1
2026-05-20,601012,13:23:27,15.4200,90,1
2026-05-20,601012,13:23:30,15.4100,3,2
2026-05-20,601012,13:23:33,15.4100,5,2
2026-05-20,601012,13:23:36,15.4100,111,2
2026-05-20,601012,13:23:39,15.4200,87,1
2026-05-20,601012,13:23:42,15.4100,63,2
2026-05-20,601012,13:23:45,15.4100,4,2
2026-05-20,601012,13:23:49,15.4100,74,2
2026-05-20,601012,13:23:51,15.4100,39,2
2026-05-20,601012,13:23:54,15.4200,104,1
2026-05-20,601012,13:23:57,15.4100,61,2
2026-05-20,601012,13:24:00,15.4100,48,2
2026-05-20,601012,13:24:03,15.4100,94,2
2026-05-20,601012,13:24:06,15.4200,650,1
2026-05-20,601012,13:24:09,15.4100,358,2
2026-05-20,601012,13:24:12,15.4200,201,1
2026-05-20,601012,13:24:15,15.4200,66,2
2026-05-20,601012,13:24:18,15.4200,48,2
2026-05-20,601012,13:24:21,15.4200,91,1
2026-05-20,601012,13:24:24,15.4200,219,1
2026-05-20,601012,13:24:27,15.4200,23,2
2026-05-20,601012,13:24:30,15.4300,67,1
2026-05-20,601012,13:24:33,15.4200,64,2
2026-05-20,601012,13:24:36,15.4200,71,2
2026-05-20,601012,13:24:39,15.4300,114,1
2026-05-20,601012,13:24:42,15.4200,90,2
2026-05-20,601012,13:24:45,15.4300,89,1
2026-05-20,601012,13:24:48,15.4300,209,1
2026-05-20,601012,13:24:51,15.4200,46,2
2026-05-20,601012,13:24:54,15.4300,61,1
2026-05-20,601012,13:24:57,15.4200,51,2
2026-05-20,601012,13:25:00,15.4200,98,2
2026-05-20,601012,13:25:03,15.4100,43,2
2026-05-20,601012,13:25:06,15.4100,68,2
2026-05-20,601012,13:25:09,15.4100,125,2
2026-05-20,601012,13:25:12,15.4100,47,2
2026-05-20,601012,13:25:15,15.4100,56,2
2026-05-20,601012,13:25:18,15.4100,948,2
2026-05-20,601012,13:25:21,15.4100,32,2
2026-05-20,601012,13:25:24,15.4100,2,1
2026-05-20,601012,13:25:27,15.4000,217,2
2026-05-20,601012,13:25:30,15.4000,40,2
2026-05-20,601012,13:25:33,15.4000,12,2
2026-05-20,601012,13:25:36,15.4000,137,2
2026-05-20,601012,13:25:39,15.4100,71,1
2026-05-20,601012,13:25:42,15.4100,33,1
2026-05-20,601012,13:25:45,15.4000,72,2
2026-05-20,601012,13:25:48,15.4100,34,1
2026-05-20,601012,13:25:51,15.4100,169,1
2026-05-20,601012,13:25:54,15.4100,200,1
2026-05-20,601012,13:25:57,15.4000,188,2
2026-05-20,601012,13:26:00,15.4100,28,1
2026-05-20,601012,13:26:03,15.4100,131,1
2026-05-20,601012,13:26:06,15.4100,10,1
2026-05-20,601012,13:26:09,15.4000,10,2
2026-05-20,601012,13:26:12,15.4000,57,2
2026-05-20,601012,13:26:15,15.4100,13,1
2026-05-20,601012,13:26:18,15.4100,542,1
2026-05-20,601012,13:26:21,15.4100,20,1
2026-05-20,601012,13:26:24,15.4000,42,2
2026-05-20,601012,13:26:27,15.4100,174,1
2026-05-20,601012,13:26:30,15.4000,30,2
2026-05-20,601012,13:26:36,15.4000,309,2
2026-05-20,601012,13:26:39,15.4100,160,1
2026-05-20,601012,13:26:42,15.4100,38,1
2026-05-20,601012,13:26:45,15.4000,101,2
2026-05-20,601012,13:26:48,15.4000,39,2
2026-05-20,601012,13:26:51,15.4000,51,2
2026-05-20,601012,13:26:54,15.4100,26,1
2026-05-20,601012,13:26:57,15.4100,33,1
2026-05-20,601012,13:27:00,15.4000,26,2
2026-05-20,601012,13:27:03,15.4000,18,2
2026-05-20,601012,13:27:06,15.4000,93,2
2026-05-20,601012,13:27:09,15.4000,95,2
2026-05-20,601012,13:27:12,15.4000,40,2
2026-05-20,601012,13:27:15,15.4000,55,2
2026-05-20,601012,13:27:18,15.4100,105,1
2026-05-20,601012,13:27:21,15.4100,42,1
2026-05-20,601012,13:27:24,15.4000,40,2
2026-05-20,601012,13:27:27,15.4100,121,1
2026-05-20,601012,13:27:30,15.4000,60,2
2026-05-20,601012,13:27:33,15.4000,49,2
2026-05-20,601012,13:27:36,15.4100,18,1
2026-05-20,601012,13:27:39,15.4100,68,1
2026-05-20,601012,13:27:42,15.4000,42,2
2026-05-20,601012,13:27:45,15.4000,85,2
2026-05-20,601012,13:27:48,15.4100,41,1
2026-05-20,601012,13:27:51,15.4000,51,2
2026-05-20,601012,13:27:54,15.4100,34,1
2026-05-20,601012,13:27:57,15.4000,60,2
2026-05-20,601012,13:28:00,15.4000,33,2
2026-05-20,601012,13:28:03,15.4000,312,2
2026-05-20,601012,13:28:06,15.4100,27,1
2026-05-20,601012,13:28:09,15.4100,42,1
2026-05-20,601012,13:28:12,15.4000,58,2
2026-05-20,601012,13:28:15,15.4000,76,2
2026-05-20,601012,13:28:18,15.4000,12,2
2026-05-20,601012,13:28:21,15.4000,27,2
2026-05-20,601012,13:28:24,15.4000,70,2
2026-05-20,601012,13:28:28,15.4000,41,2
2026-05-20,601012,13:28:30,15.4000,94,2
2026-05-20,601012,13:28:33,15.4100,104,1
2026-05-20,601012,13:28:36,15.4000,90,2
2026-05-20,601012,13:28:39,15.4000,46,2
2026-05-20,601012,13:28:42,15.4000,156,2
2026-05-20,601012,13:28:45,15.4100,49,1
2026-05-20,601012,13:28:48,15.4000,44,2
2026-05-20,601012,13:28:51,15.4000,184,2
2026-05-20,601012,13:28:54,15.4000,30,2
2026-05-20,601012,13:28:57,15.4000,80,2
2026-05-20,601012,13:29:00,15.4000,2725,2
2026-05-20,601012,13:29:03,15.4000,65,2
2026-05-20,601012,13:29:06,15.3900,31,2
2026-05-20,601012,13:29:09,15.3900,389,2
2026-05-20,601012,13:29:12,15.3900,25,2
2026-05-20,601012,13:29:15,15.4000,31,1
2026-05-20,601012,13:29:18,15.3900,43,2
2026-05-20,601012,13:29:21,15.3900,51,2
2026-05-20,601012,13:29:24,15.4000,260,1
2026-05-20,601012,13:29:27,15.4000,5,1
2026-05-20,601012,13:29:30,15.3900,16,2
2026-05-20,601012,13:29:33,15.4000,5,1
2026-05-20,601012,13:29:36,15.4000,1,1
2026-05-20,601012,13:29:39,15.4000,91,1
2026-05-20,601012,13:29:42,15.4000,84,1
2026-05-20,601012,13:29:45,15.3900,100,2
2026-05-20,601012,13:29:48,15.4000,70,1
2026-05-20,601012,13:29:51,15.3900,57,2
2026-05-20,601012,13:29:54,15.4000,56,1
2026-05-20,601012,13:29:57,15.4000,105,1
2026-05-20,601012,13:30:00,15.4000,35,1
2026-05-20,601012,13:30:03,15.4000,24,1
2026-05-20,601012,13:30:06,15.4000,329,1
2026-05-20,601012,13:30:09,15.4000,52,1
2026-05-20,601012,13:30:12,15.3900,108,2
2026-05-20,601012,13:30:15,15.3900,210,2
2026-05-20,601012,13:30:18,15.3900,985,2
2026-05-20,601012,13:30:21,15.3800,168,2
2026-05-20,601012,13:30:24,15.3800,170,2
2026-05-20,601012,13:30:27,15.3800,109,2
2026-05-20,601012,13:30:30,15.3900,272,1
2026-05-20,601012,13:30:33,15.3900,35,1
2026-05-20,601012,13:30:36,15.3900,146,1
2026-05-20,601012,13:30:39,15.3900,7,1
2026-05-20,601012,13:30:42,15.3900,75,1
2026-05-20,601012,13:30:45,15.3900,64,1
2026-05-20,601012,13:30:48,15.3900,205,1
2026-05-20,601012,13:30:51,15.3800,154,2
2026-05-20,601012,13:30:54,15.3900,14,1
2026-05-20,601012,13:30:57,15.3800,28,2
2026-05-20,601012,13:31:00,15.3800,21,2
2026-05-20,601012,13:31:03,15.3900,60,1
2026-05-20,601012,13:31:06,15.3800,268,2
2026-05-20,601012,13:31:09,15.3800,166,2
2026-05-20,601012,13:31:12,15.3900,104,1
2026-05-20,601012,13:31:15,15.3800,12,2
2026-05-20,601012,13:31:18,15.3800,221,2
2026-05-20,601012,13:31:21,15.3800,56,2
2026-05-20,601012,13:31:24,15.3800,655,2
2026-05-20,601012,13:31:27,15.3900,140,1
2026-05-20,601012,13:31:30,15.3900,119,1
2026-05-20,601012,13:31:33,15.3800,132,2
2026-05-20,601012,13:31:36,15.3900,129,1
2026-05-20,601012,13:31:39,15.3900,114,2
2026-05-20,601012,13:31:42,15.3900,45,2
2026-05-20,601012,13:31:45,15.3900,23,2
2026-05-20,601012,13:31:48,15.3900,43,2
2026-05-20,601012,13:31:51,15.3900,64,2
2026-05-20,601012,13:31:54,15.3900,79,2
2026-05-20,601012,13:31:57,15.3900,69,2
2026-05-20,601012,13:32:00,15.4000,16,1
2026-05-20,601012,13:32:03,15.4000,61,1
2026-05-20,601012,13:32:06,15.3900,28,2
2026-05-20,601012,13:32:09,15.3900,16,2
2026-05-20,601012,13:32:12,15.4000,166,1
2026-05-20,601012,13:32:15,15.4000,39,1
2026-05-20,601012,13:32:21,15.3900,10,2
2026-05-20,601012,13:32:24,15.4000,16,1
2026-05-20,601012,13:32:27,15.3900,22,2
2026-05-20,601012,13:32:30,15.4000,28,1
2026-05-20,601012,13:32:33,15.3900,51,2
2026-05-20,601012,13:32:36,15.3900,191,2
2026-05-20,601012,13:32:39,15.3900,67,2
2026-05-20,601012,13:32:42,15.3900,86,2
2026-05-20,601012,13:32:45,15.4000,65,1
2026-05-20,601012,13:32:48,15.3900,118,2
2026-05-20,601012,13:32:51,15.4000,43,1
2026-05-20,601012,13:32:54,15.3900,34,2
2026-05-20,601012,13:32:57,15.4000,19,1
2026-05-20,601012,13:33:00,15.4000,76,1
2026-05-20,601012,13:33:03,15.4000,378,1
2026-05-20,601012,13:33:06,15.3900,117,2
2026-05-20,601012,13:33:09,15.4000,56,1
2026-05-20,601012,13:33:12,15.4000,11,1
2026-05-20,601012,13:33:15,15.4000,366,1
2026-05-20,601012,13:33:18,15.4000,2,1
2026-05-20,601012,13:33:21,15.4000,26,1
2026-05-20,601012,13:33:24,15.4000,219,1
2026-05-20,601012,13:33:27,15.4000,491,1
2026-05-20,601012,13:33:30,15.4000,367,1
2026-05-20,601012,13:33:33,15.4000,169,1
2026-05-20,601012,13:33:36,15.4000,125,1
2026-05-20,601012,13:33:39,15.4000,203,1
2026-05-20,601012,13:33:42,15.3900,97,2
2026-05-20,601012,13:33:45,15.4000,371,1
2026-05-20,601012,13:33:48,15.4000,81,2
2026-05-20,601012,13:33:51,15.4100,3,1
2026-05-20,601012,13:33:54,15.4000,56,2
2026-05-20,601012,13:33:57,15.4100,48,1
2026-05-20,601012,13:34:00,15.4100,149,1
2026-05-20,601012,13:34:03,15.4000,39,2
2026-05-20,601012,13:34:06,15.4100,15,1
2026-05-20,601012,13:34:09,15.4100,127,1
2026-05-20,601012,13:34:12,15.4100,46,1
2026-05-20,601012,13:34:15,15.4000,47,2
2026-05-20,601012,13:34:18,15.4000,32,2
2026-05-20,601012,13:34:24,15.4000,103,2
2026-05-20,601012,13:34:27,15.4000,91,2
2026-05-20,601012,13:34:30,15.4000,159,2
2026-05-20,601012,13:34:33,15.4000,16,2
2026-05-20,601012,13:34:36,15.4000,1,2
2026-05-20,601012,13:34:39,15.4000,27,2
2026-05-20,601012,13:34:42,15.4100,107,1
2026-05-20,601012,13:34:45,15.4000,71,2
2026-05-20,601012,13:34:48,15.4000,62,2
2026-05-20,601012,13:34:51,15.4000,80,2
2026-05-20,601012,13:34:54,15.4000,914,2
2026-05-20,601012,13:34:57,15.4000,196,1
2026-05-20,601012,13:35:00,15.4000,8,1
2026-05-20,601012,13:35:03,15.4000,95,1
2026-05-20,601012,13:35:06,15.4000,65,1
2026-05-20,601012,13:35:09,15.4000,38,1
2026-05-20,601012,13:35:12,15.4000,104,2
2026-05-20,601012,13:35:15,15.4000,142,1
2026-05-20,601012,13:35:18,15.4000,135,1
2026-05-20,601012,13:35:21,15.4000,36,1
2026-05-20,601012,13:35:24,15.4000,25,1
2026-05-20,601012,13:35:27,15.4000,45,1
2026-05-20,601012,13:35:30,15.4000,45,1
2026-05-20,601012,13:35:33,15.4000,234,1
2026-05-20,601012,13:35:36,15.3900,42,2
2026-05-20,601012,13:35:39,15.4000,107,1
2026-05-20,601012,13:35:42,15.4000,121,1
2026-05-20,601012,13:35:48,15.4000,47,1
2026-05-20,601012,13:35:51,15.4000,1,1
2026-05-20,601012,13:35:54,15.4000,72,1
2026-05-20,601012,13:35:57,15.4000,114,1
2026-05-20,601012,13:36:00,15.4000,53,1
2026-05-20,601012,13:36:03,15.4000,14,1
2026-05-20,601012,13:36:06,15.4000,66,1
2026-05-20,601012,13:36:09,15.4000,85,1
2026-05-20,601012,13:36:12,15.3900,53,2
2026-05-20,601012,13:36:15,15.4000,10,1
2026-05-20,601012,13:36:18,15.3900,31,2
2026-05-20,601012,13:36:22,15.4000,78,1
2026-05-20,601012,13:36:24,15.3900,10,2
2026-05-20,601012,13:36:27,15.3900,42,2
2026-05-20,601012,13:36:30,15.4000,2,1
2026-05-20,601012,13:36:33,15.3900,81,2
2026-05-20,601012,13:36:37,15.4000,149,1
2026-05-20,601012,13:36:39,15.4000,89,1
2026-05-20,601012,13:36:42,15.4000,297,1
2026-05-20,601012,13:36:45,15.3900,19,2
2026-05-20,601012,13:36:48,15.4000,31,1
2026-05-20,601012,13:36:51,15.4000,6,1
2026-05-20,601012,13:36:54,15.3900,1,2
2026-05-20,601012,13:36:57,15.4000,4,1
2026-05-20,601012,13:37:00,15.3900,82,2
2026-05-20,601012,13:37:06,15.3900,12,2
2026-05-20,601012,13:37:09,15.4000,4,1
2026-05-20,601012,13:37:12,15.4000,179,1
2026-05-20,601012,13:37:15,15.3900,109,2
2026-05-20,601012,13:37:18,15.4000,61,1
2026-05-20,601012,13:37:21,15.3900,5,2
2026-05-20,601012,13:37:24,15.4000,101,1
2026-05-20,601012,13:37:27,15.4000,25,1
2026-05-20,601012,13:37:30,15.4000,93,1
2026-05-20,601012,13:37:33,15.3900,25,2
2026-05-20,601012,13:37:36,15.4000,25,1
2026-05-20,601012,13:37:39,15.3900,113,2
2026-05-20,601012,13:37:42,15.3900,28,2
2026-05-20,601012,13:37:45,15.4000,23,1
2026-05-20,601012,13:37:48,15.4000,63,1
2026-05-20,601012,13:37:51,15.4000,29,1
2026-05-20,601012,13:37:54,15.4000,78,1
2026-05-20,601012,13:37:57,15.3900,13,2
2026-05-20,601012,13:38:00,15.4000,35,1
2026-05-20,601012,13:38:03,15.4000,204,1
2026-05-20,601012,13:38:06,15.4000,20,1
2026-05-20,601012,13:38:09,15.4000,37,1
2026-05-20,601012,13:38:12,15.3900,127,2
2026-05-20,601012,13:38:15,15.3900,58,2
2026-05-20,601012,13:38:18,15.4000,132,1
2026-05-20,601012,13:38:21,15.4100,1401,1
2026-05-20,601012,13:38:24,15.4000,67,2
2026-05-20,601012,13:38:27,15.4100,91,1
2026-05-20,601012,13:38:30,15.4000,2,2
2026-05-20,601012,13:38:33,15.4100,434,1
2026-05-20,601012,13:38:36,15.4100,631,1
2026-05-20,601012,13:38:39,15.4100,10,2
2026-05-20,601012,13:38:42,15.4100,56,2
2026-05-20,601012,13:38:45,15.4100,49,2
2026-05-20,601012,13:38:48,15.4200,4,1
2026-05-20,601012,13:38:51,15.4100,356,2
2026-05-20,601012,13:38:54,15.4100,140,1
2026-05-20,601012,13:38:57,15.4100,92,1
2026-05-20,601012,13:39:00,15.4200,59,1
2026-05-20,601012,13:39:03,15.4200,48,1
2026-05-20,601012,13:39:06,15.4200,43,1
2026-05-20,601012,13:39:09,15.4200,371,1
2026-05-20,601012,13:39:12,15.4200,88,1
2026-05-20,601012,13:39:15,15.4100,48,2
2026-05-20,601012,13:39:18,15.4100,17,2
2026-05-20,601012,13:39:21,15.4200,43,1
2026-05-20,601012,13:39:24,15.4200,75,1
2026-05-20,601012,13:39:27,15.4200,83,1
2026-05-20,601012,13:39:30,15.4200,25,1
2026-05-20,601012,13:39:33,15.4200,105,1
2026-05-20,601012,13:39:36,15.4200,30,1
2026-05-20,601012,13:39:39,15.4200,44,1
2026-05-20,601012,13:39:42,15.4200,105,1
2026-05-20,601012,13:39:45,15.4200,118,1
2026-05-20,601012,13:39:48,15.4200,10,1
2026-05-20,601012,13:39:51,15.4200,325,1
2026-05-20,601012,13:39:54,15.4200,9,2
2026-05-20,601012,13:39:57,15.4300,11,1
2026-05-20,601012,13:40:00,15.4200,13,2
2026-05-20,601012,13:40:03,15.4300,2,1
2026-05-20,601012,13:40:06,15.4200,205,2
2026-05-20,601012,13:40:09,15.4300,53,1
2026-05-20,601012,13:40:12,15.4200,36,2
2026-05-20,601012,13:40:15,15.4300,42,1
2026-05-20,601012,13:40:18,15.4300,45,1
2026-05-20,601012,13:40:21,15.4300,112,1
2026-05-20,601012,13:40:24,15.4300,48,1
2026-05-20,601012,13:40:27,15.4300,117,1
2026-05-20,601012,13:40:30,15.4300,77,1
2026-05-20,601012,13:40:33,15.4200,122,2
2026-05-20,601012,13:40:36,15.4200,22,2
2026-05-20,601012,13:40:39,15.4200,117,2
2026-05-20,601012,13:40:42,15.4200,207,2
2026-05-20,601012,13:40:45,15.4300,24,1
2026-05-20,601012,13:40:48,15.4200,92,2
2026-05-20,601012,13:40:51,15.4300,22,2
2026-05-20,601012,13:40:54,15.4300,3,2
2026-05-20,601012,13:40:57,15.4300,43,2
2026-05-20,601012,13:41:00,15.4300,46,2
2026-05-20,601012,13:41:03,15.4400,123,1
2026-05-20,601012,13:41:06,15.4300,41,1
2026-05-20,601012,13:41:09,15.4300,17,1
2026-05-20,601012,13:41:12,15.4400,131,1
2026-05-20,601012,13:41:15,15.4300,16,1
2026-05-20,601012,13:41:18,15.4300,56,2
2026-05-20,601012,13:41:21,15.4300,9,2
2026-05-20,601012,13:41:24,15.4300,82,2
2026-05-20,601012,13:41:27,15.4300,23,1
2026-05-20,601012,13:41:30,15.4300,5,1
2026-05-20,601012,13:41:33,15.4300,61,1
2026-05-20,601012,13:41:36,15.4400,96,1
2026-05-20,601012,13:41:39,15.4300,43,2
2026-05-20,601012,13:41:42,15.4300,52,2
2026-05-20,601012,13:41:45,15.4400,67,1
2026-05-20,601012,13:41:48,15.4400,15,1
2026-05-20,601012,13:41:51,15.4400,49,1
2026-05-20,601012,13:41:54,15.4300,65,2
2026-05-20,601012,13:41:57,15.4300,33,1
2026-05-20,601012,13:42:00,15.4300,104,1
2026-05-20,601012,13:42:03,15.4300,61,1
2026-05-20,601012,13:42:06,15.4300,27,1
2026-05-20,601012,13:42:09,15.4300,5,1
2026-05-20,601012,13:42:12,15.4300,34,1
2026-05-20,601012,13:42:15,15.4300,13,1
2026-05-20,601012,13:42:18,15.4300,68,1
2026-05-20,601012,13:42:21,15.4200,52,2
2026-05-20,601012,13:42:24,15.4300,6,1
2026-05-20,601012,13:42:27,15.4200,10,2
2026-05-20,601012,13:42:30,15.4200,103,2
2026-05-20,601012,13:42:33,15.4200,40,2
2026-05-20,601012,13:42:36,15.4200,42,2
2026-05-20,601012,13:42:39,15.4300,180,1
2026-05-20,601012,13:42:42,15.4300,67,1
2026-05-20,601012,13:42:45,15.4300,34,1
2026-05-20,601012,13:42:48,15.4200,37,2
2026-05-20,601012,13:42:51,15.4300,85,1
2026-05-20,601012,13:42:54,15.4200,63,2
2026-05-20,601012,13:42:57,15.4200,12,2
2026-05-20,601012,13:43:00,15.4300,138,1
2026-05-20,601012,13:43:03,15.4200,56,2
2026-05-20,601012,13:43:06,15.4200,340,2
2026-05-20,601012,13:43:09,15.4200,243,2
2026-05-20,601012,13:43:12,15.4300,164,1
2026-05-20,601012,13:43:15,15.4200,158,2
2026-05-20,601012,13:43:18,15.4200,287,2
2026-05-20,601012,13:43:21,15.4100,11,2
2026-05-20,601012,13:43:27,15.4200,37,1
2026-05-20,601012,13:43:30,15.4100,141,2
2026-05-20,601012,13:43:33,15.4100,7,2
2026-05-20,601012,13:43:39,15.4200,44,1
2026-05-20,601012,13:43:42,15.4100,25,2
2026-05-20,601012,13:43:45,15.4200,77,1
2026-05-20,601012,13:43:48,15.4200,20,1
2026-05-20,601012,13:43:51,15.4200,92,1
2026-05-20,601012,13:43:54,15.4200,38,1
2026-05-20,601012,13:43:57,15.4200,27,1
2026-05-20,601012,13:44:00,15.4200,17,1
2026-05-20,601012,13:44:03,15.4200,17,1
2026-05-20,601012,13:44:06,15.4200,27,1
2026-05-20,601012,13:44:09,15.4100,79,2
2026-05-20,601012,13:44:12,15.4200,36,1
2026-05-20,601012,13:44:15,15.4200,132,1
2026-05-20,601012,13:44:18,15.4100,71,2
2026-05-20,601012,13:44:21,15.4200,107,1
2026-05-20,601012,13:44:25,15.4100,34,2
2026-05-20,601012,13:44:28,15.4100,42,2
2026-05-20,601012,13:44:30,15.4100,52,2
2026-05-20,601012,13:44:33,15.4100,108,2
2026-05-20,601012,13:44:36,15.4100,6,2
2026-05-20,601012,13:44:39,15.4100,10,2
2026-05-20,601012,13:44:42,15.4100,76,2
2026-05-20,601012,13:44:45,15.4200,3,1
2026-05-20,601012,13:44:48,15.4100,50,2
2026-05-20,601012,13:44:51,15.4100,79,2
2026-05-20,601012,13:44:54,15.4100,579,2
2026-05-20,601012,13:44:57,15.4100,41,1
2026-05-20,601012,13:45:00,15.4000,59,2
2026-05-20,601012,13:45:03,15.4100,21,1
2026-05-20,601012,13:45:06,15.4100,8,1
2026-05-20,601012,13:45:09,15.4100,54,1
2026-05-20,601012,13:45:12,15.4100,122,1
2026-05-20,601012,13:45:15,15.4100,17,1
2026-05-20,601012,13:45:18,15.4100,145,1
2026-05-20,601012,13:45:21,15.4100,18,4
2026-05-20,601012,13:45:24,15.4100,15,1
2026-05-20,601012,13:45:27,15.4100,15,1
2026-05-20,601012,13:45:30,15.4000,37,2
2026-05-20,601012,13:45:33,15.4000,22,2
2026-05-20,601012,13:45:36,15.4100,25,1
2026-05-20,601012,13:45:39,15.4100,362,2
2026-05-20,601012,13:45:42,15.4100,17,1
2026-05-20,601012,13:45:45,15.4100,23,1
2026-05-20,601012,13:45:48,15.4000,2,2
2026-05-20,601012,13:45:51,15.4100,35,1
2026-05-20,601012,13:45:54,15.4100,92,1
2026-05-20,601012,13:45:57,15.4100,4,1
2026-05-20,601012,13:46:00,15.4100,13,1
2026-05-20,601012,13:46:03,15.4100,9,1
2026-05-20,601012,13:46:06,15.4100,67,1
2026-05-20,601012,13:46:09,15.4000,62,2
2026-05-20,601012,13:46:12,15.4100,15,1
2026-05-20,601012,13:46:15,15.4000,9,2
2026-05-20,601012,13:46:18,15.4100,1,1
2026-05-20,601012,13:46:21,15.4100,99,1
2026-05-20,601012,13:46:25,15.4000,7,2
2026-05-20,601012,13:46:30,15.4000,53,2
2026-05-20,601012,13:46:33,15.4000,35,2
2026-05-20,601012,13:46:36,15.4000,18,2
2026-05-20,601012,13:46:39,15.4100,1,1
2026-05-20,601012,13:46:42,15.4000,124,2
2026-05-20,601012,13:46:45,15.4000,1165,2
2026-05-20,601012,13:46:48,15.4100,973,1
2026-05-20,601012,13:46:51,15.4100,864,1
2026-05-20,601012,13:46:54,15.4100,324,1
2026-05-20,601012,13:46:57,15.4000,270,2
2026-05-20,601012,13:47:00,15.4000,144,2
2026-05-20,601012,13:47:03,15.4000,1,2
2026-05-20,601012,13:47:06,15.4100,78,1
2026-05-20,601012,13:47:09,15.4100,7,1
2026-05-20,601012,13:47:12,15.4100,37,1
2026-05-20,601012,13:47:15,15.4100,3,1
2026-05-20,601012,13:47:18,15.4100,11,1
2026-05-20,601012,13:47:21,15.4100,20,1
2026-05-20,601012,13:47:24,15.4100,4,1
2026-05-20,601012,13:47:27,15.4100,45,1
2026-05-20,601012,13:47:30,15.4000,38,2
2026-05-20,601012,13:47:33,15.4000,66,2
2026-05-20,601012,13:47:36,15.4000,38,2
2026-05-20,601012,13:47:39,15.4000,14,2
2026-05-20,601012,13:47:42,15.4000,13,2
2026-05-20,601012,13:47:45,15.4000,11,2
2026-05-20,601012,13:47:48,15.4000,207,2
2026-05-20,601012,13:47:51,15.4000,34,2
2026-05-20,601012,13:47:54,15.4000,243,2
2026-05-20,601012,13:47:57,15.4100,48,1
2026-05-20,601012,13:48:00,15.4000,13,2
2026-05-20,601012,13:48:03,15.4100,350,1
2026-05-20,601012,13:48:06,15.4100,168,1
2026-05-20,601012,13:48:09,15.4000,30,2
2026-05-20,601012,13:48:12,15.4000,12,2
2026-05-20,601012,13:48:15,15.4000,37,2
2026-05-20,601012,13:48:18,15.4000,69,2
2026-05-20,601012,13:48:21,15.4000,68,2
2026-05-20,601012,13:48:24,15.4100,51,1
2026-05-20,601012,13:48:27,15.4000,47,2
2026-05-20,601012,13:48:30,15.4000,4,2
2026-05-20,601012,13:48:33,15.4100,131,1
2026-05-20,601012,13:48:36,15.4000,528,2
2026-05-20,601012,13:48:39,15.4000,16,2
2026-05-20,601012,13:48:42,15.4000,38,2
2026-05-20,601012,13:48:45,15.4100,21,1
2026-05-20,601012,13:48:48,15.4100,61,1
2026-05-20,601012,13:48:51,15.4100,2,1
2026-05-20,601012,13:48:54,15.4100,40,1
2026-05-20,601012,13:48:57,15.4000,86,2
2026-05-20,601012,13:49:00,15.4100,18,1
2026-05-20,601012,13:49:03,15.4000,244,2
2026-05-20,601012,13:49:06,15.4000,32,2
2026-05-20,601012,13:49:09,15.4100,1,1
2026-05-20,601012,13:49:12,15.4100,53,1
2026-05-20,601012,13:49:15,15.4100,59,1
2026-05-20,601012,13:49:18,15.4000,214,2
2026-05-20,601012,13:49:21,15.4000,79,2
2026-05-20,601012,13:49:24,15.4000,146,1
2026-05-20,601012,13:49:27,15.4000,21,1
2026-05-20,601012,13:49:30,15.4000,41,1
2026-05-20,601012,13:49:33,15.3900,22,2
2026-05-20,601012,13:49:36,15.4000,36,1
2026-05-20,601012,13:49:39,15.3900,17,2
2026-05-20,601012,13:49:42,15.4000,42,1
2026-05-20,601012,13:49:45,15.3900,42,2
2026-05-20,601012,13:49:48,15.3900,65,2
2026-05-20,601012,13:49:51,15.3900,16,2
2026-05-20,601012,13:49:54,15.3900,12,2
2026-05-20,601012,13:50:00,15.3900,60,2
2026-05-20,601012,13:50:03,15.3900,19,2
2026-05-20,601012,13:50:06,15.4000,63,1
2026-05-20,601012,13:50:09,15.4000,66,1
2026-05-20,601012,13:50:12,15.3900,24,2
2026-05-20,601012,13:50:15,15.3900,27,2
2026-05-20,601012,13:50:18,15.3900,19,2
2026-05-20,601012,13:50:21,15.3900,56,2
2026-05-20,601012,13:50:24,15.4000,31,1
2026-05-20,601012,13:50:27,15.4000,203,1
2026-05-20,601012,13:50:30,15.4000,21,1
2026-05-20,601012,13:50:34,15.3900,32,2
2026-05-20,601012,13:50:36,15.4000,238,1
2026-05-20,601012,13:50:39,15.3900,123,2
2026-05-20,601012,13:50:42,15.3900,40,2
2026-05-20,601012,13:50:45,15.4000,281,1
2026-05-20,601012,13:50:48,15.4000,38,1
2026-05-20,601012,13:50:51,15.3900,111,2
2026-05-20,601012,13:50:54,15.3900,30,2
2026-05-20,601012,13:50:57,15.3900,44,2
2026-05-20,601012,13:51:00,15.4000,57,1
2026-05-20,601012,13:51:03,15.4000,9,1
2026-05-20,601012,13:51:06,15.4000,21,1
2026-05-20,601012,13:51:09,15.4000,36,1
2026-05-20,601012,13:51:12,15.4000,20,1
2026-05-20,601012,13:51:15,15.4000,16,1
2026-05-20,601012,13:51:18,15.3900,1,2
2026-05-20,601012,13:51:21,15.3900,23,2
2026-05-20,601012,13:51:24,15.4000,10,1
2026-05-20,601012,13:51:27,15.3900,74,2
2026-05-20,601012,13:51:30,15.3900,2,2
2026-05-20,601012,13:51:33,15.3900,30,2
2026-05-20,601012,13:51:36,15.4000,92,1
2026-05-20,601012,13:51:39,15.3900,168,2
2026-05-20,601012,13:51:43,15.3900,23,2
2026-05-20,601012,13:51:45,15.4000,28,1
2026-05-20,601012,13:51:48,15.4000,73,1
2026-05-20,601012,13:51:51,15.4000,18,1
2026-05-20,601012,13:51:54,15.3900,23,2
2026-05-20,601012,13:51:57,15.3900,36,2
2026-05-20,601012,13:52:00,15.4000,76,1
2026-05-20,601012,13:52:03,15.4000,155,1
2026-05-20,601012,13:52:06,15.4000,41,1
2026-05-20,601012,13:52:09,15.3900,12,2
2026-05-20,601012,13:52:12,15.3900,22,2
2026-05-20,601012,13:52:15,15.3900,41,2
2026-05-20,601012,13:52:18,15.4000,31,1
2026-05-20,601012,13:52:21,15.4000,27,1
2026-05-20,601012,13:52:24,15.4000,47,1
2026-05-20,601012,13:52:27,15.4000,26,1
2026-05-20,601012,13:52:30,15.4000,48,1
2026-05-20,601012,13:52:33,15.4000,9,1
2026-05-20,601012,13:52:36,15.4000,73,1
2026-05-20,601012,13:52:39,15.4000,29,1
2026-05-20,601012,13:52:42,15.3900,153,2
2026-05-20,601012,13:52:45,15.4000,33,1
2026-05-20,601012,13:52:48,15.3900,59,2
2026-05-20,601012,13:52:51,15.4000,29,1
2026-05-20,601012,13:52:54,15.3900,76,2
2026-05-20,601012,13:52:57,15.4000,19,1
2026-05-20,601012,13:53:00,15.4000,43,1
2026-05-20,601012,13:53:03,15.4000,23,1
2026-05-20,601012,13:53:06,15.4000,866,1
2026-05-20,601012,13:53:09,15.3900,79,2
2026-05-20,601012,13:53:12,15.4000,27,1
2026-05-20,601012,13:53:15,15.4000,45,1
2026-05-20,601012,13:53:18,15.4000,28,1
2026-05-20,601012,13:53:21,15.4000,34,2
2026-05-20,601012,13:53:24,15.4100,26,1
2026-05-20,601012,13:53:27,15.4000,129,2
2026-05-20,601012,13:53:30,15.4000,36,2
2026-05-20,601012,13:53:33,15.4100,132,1
2026-05-20,601012,13:53:36,15.4000,20,2
2026-05-20,601012,13:53:39,15.4100,12,1
2026-05-20,601012,13:53:42,15.4100,143,1
2026-05-20,601012,13:53:45,15.4000,26,2
2026-05-20,601012,13:53:48,15.4100,10,1
2026-05-20,601012,13:53:51,15.4100,4,1
2026-05-20,601012,13:53:54,15.4100,113,1
2026-05-20,601012,13:53:57,15.4100,13,1
2026-05-20,601012,13:54:00,15.4100,21,1
2026-05-20,601012,13:54:03,15.4000,2,2
2026-05-20,601012,13:54:06,15.4100,137,1
2026-05-20,601012,13:54:09,15.4100,19,1
2026-05-20,601012,13:54:12,15.4000,34,2
2026-05-20,601012,13:54:15,15.4100,3,1
2026-05-20,601012,13:54:18,15.3900,621,2
2026-05-20,601012,13:54:21,15.4000,146,1
2026-05-20,601012,13:54:24,15.4000,235,2
2026-05-20,601012,13:54:27,15.4000,57,1
2026-05-20,601012,13:54:30,15.4000,64,1
2026-05-20,601012,13:54:33,15.3900,21,2
2026-05-20,601012,13:54:37,15.4000,48,1
2026-05-20,601012,13:54:39,15.4000,10,1
2026-05-20,601012,13:54:42,15.4000,14,1
2026-05-20,601012,13:54:45,15.4000,2101,1
2026-05-20,601012,13:54:48,15.4000,8,1
2026-05-20,601012,13:54:51,15.3900,49,2
2026-05-20,601012,13:54:54,15.4000,28,1
2026-05-20,601012,13:54:57,15.4000,27,1
2026-05-20,601012,13:55:00,15.4000,44,1
2026-05-20,601012,13:55:03,15.3900,64,2
2026-05-20,601012,13:55:06,15.4000,18,1
2026-05-20,601012,13:55:09,15.3900,28,2
2026-05-20,601012,13:55:15,15.3900,38,2
2026-05-20,601012,13:55:18,15.4000,9,1
2026-05-20,601012,13:55:21,15.4000,30,1
2026-05-20,601012,13:55:24,15.4000,245,1
2026-05-20,601012,13:55:27,15.4000,33,1
2026-05-20,601012,13:55:30,15.4000,21,1
2026-05-20,601012,13:55:33,15.4000,2,1
2026-05-20,601012,13:55:36,15.4000,29,1
2026-05-20,601012,13:55:39,15.4000,70,1
2026-05-20,601012,13:55:42,15.3900,49,2
2026-05-20,601012,13:55:45,15.4000,52,1
2026-05-20,601012,13:55:48,15.4000,47,1
2026-05-20,601012,13:55:54,15.4000,11,1
2026-05-20,601012,13:56:00,15.4000,55,1
2026-05-20,601012,13:56:03,15.4000,25,1
2026-05-20,601012,13:56:09,15.4000,73,1
2026-05-20,601012,13:56:12,15.3900,18,2
2026-05-20,601012,13:56:15,15.4000,10,1
2026-05-20,601012,13:56:18,15.4000,65,1
2026-05-20,601012,13:56:21,15.4000,9,1
2026-05-20,601012,13:56:24,15.4000,19,1
2026-05-20,601012,13:56:27,15.3900,30,2
2026-05-20,601012,13:56:30,15.4000,31,1
2026-05-20,601012,13:56:33,15.3900,63,2
2026-05-20,601012,13:56:36,15.4000,62,1
2026-05-20,601012,13:56:39,15.3900,14,2
2026-05-20,601012,13:56:42,15.4000,219,1
2026-05-20,601012,13:56:45,15.3900,49,2
2026-05-20,601012,13:56:48,15.4000,64,1
2026-05-20,601012,13:56:51,15.3900,5,2
2026-05-20,601012,13:56:54,15.4000,36,1
2026-05-20,601012,13:56:57,15.4000,22,1
2026-05-20,601012,13:57:00,15.4000,143,1
2026-05-20,601012,13:57:03,15.3900,691,2
2026-05-20,601012,13:57:06,15.3900,442,2
2026-05-20,601012,13:57:09,15.3800,61,2
2026-05-20,601012,13:57:12,15.3900,7,1
2026-05-20,601012,13:57:15,15.3900,11,1
2026-05-20,601012,13:57:18,15.3900,26,1
2026-05-20,601012,13:57:21,15.3900,58,1
2026-05-20,601012,13:57:24,15.3800,17,2
2026-05-20,601012,13:57:27,15.3900,10,1
2026-05-20,601012,13:57:30,15.3900,15,1
2026-05-20,601012,13:57:33,15.3900,15,1
2026-05-20,601012,13:57:36,15.3900,28,1
2026-05-20,601012,13:57:39,15.3900,183,1
2026-05-20,601012,13:57:42,15.3800,155,2
2026-05-20,601012,13:57:45,15.3800,37,2
2026-05-20,601012,13:57:48,15.3800,96,2
2026-05-20,601012,13:57:51,15.3900,59,1
2026-05-20,601012,13:57:54,15.3800,19,2
2026-05-20,601012,13:57:57,15.3900,16,1
2026-05-20,601012,13:58:00,15.3800,152,2
2026-05-20,601012,13:58:03,15.3800,33,2
2026-05-20,601012,13:58:06,15.3800,5,2
2026-05-20,601012,13:58:09,15.3900,25,1
2026-05-20,601012,13:58:12,15.3800,77,2
2026-05-20,601012,13:58:15,15.3800,299,2
2026-05-20,601012,13:58:18,15.3800,48,2
2026-05-20,601012,13:58:21,15.3900,26,1
2026-05-20,601012,13:58:24,15.3800,148,2
2026-05-20,601012,13:58:27,15.3900,16,1
2026-05-20,601012,13:58:30,15.3900,20,1
2026-05-20,601012,13:58:33,15.3900,2,1
2026-05-20,601012,13:58:36,15.3900,28,1
2026-05-20,601012,13:58:39,15.3900,19,1
2026-05-20,601012,13:58:42,15.3900,69,1
2026-05-20,601012,13:58:45,15.3900,11,1
2026-05-20,601012,13:58:48,15.3800,69,2
2026-05-20,601012,13:58:51,15.3900,209,1
2026-05-20,601012,13:58:54,15.3800,165,2
2026-05-20,601012,13:58:57,15.3900,5,1
2026-05-20,601012,13:59:00,15.3800,145,2
2026-05-20,601012,13:59:03,15.3800,5,2
2026-05-20,601012,13:59:06,15.3800,247,2
2026-05-20,601012,13:59:09,15.3800,16,2
2026-05-20,601012,13:59:12,15.3800,115,2
2026-05-20,601012,13:59:15,15.3800,75,2
2026-05-20,601012,13:59:18,15.3800,50,2
2026-05-20,601012,13:59:21,15.3900,2,1
2026-05-20,601012,13:59:24,15.3800,11,2
2026-05-20,601012,13:59:27,15.3900,202,1
2026-05-20,601012,13:59:30,15.3800,15,2
2026-05-20,601012,13:59:33,15.3800,15,2
2026-05-20,601012,13:59:36,15.3800,31,2
2026-05-20,601012,13:59:39,15.3800,3,2
2026-05-20,601012,13:59:42,15.3800,11,2
2026-05-20,601012,13:59:45,15.3800,8,2
2026-05-20,601012,13:59:48,15.3800,45,2
2026-05-20,601012,13:59:51,15.3900,16,1
2026-05-20,601012,13:59:54,15.3900,6,1
2026-05-20,601012,13:59:57,15.3900,11,1
2026-05-20,601012,14:00:00,15.3800,19,2
2026-05-20,601012,14:00:03,15.3800,31,2
2026-05-20,601012,14:00:06,15.3800,32,2
2026-05-20,601012,14:00:09,15.3900,11,1
2026-05-20,601012,14:00:12,15.3900,40,1
2026-05-20,601012,14:00:15,15.3900,4,1
2026-05-20,601012,14:00:18,15.3900,31,1
2026-05-20,601012,14:00:21,15.3800,351,2
2026-05-20,601012,14:00:24,15.3800,2055,2
2026-05-20,601012,14:00:27,15.3900,262,1
2026-05-20,601012,14:00:30,15.3800,201,2
2026-05-20,601012,14:00:33,15.3900,35,1
2026-05-20,601012,14:00:36,15.3900,5,1
2026-05-20,601012,14:00:39,15.3900,25,1
2026-05-20,601012,14:00:42,15.3900,319,1
2026-05-20,601012,14:00:45,15.3900,78,1
2026-05-20,601012,14:00:48,15.3800,119,2
2026-05-20,601012,14:00:51,15.3800,30,2
2026-05-20,601012,14:00:54,15.3800,106,2
2026-05-20,601012,14:01:00,15.3900,61,1
2026-05-20,601012,14:01:03,15.3800,21,2
2026-05-20,601012,14:01:06,15.3800,17,2
2026-05-20,601012,14:01:09,15.3900,17,1
2026-05-20,601012,14:01:12,15.3800,137,2
2026-05-20,601012,14:01:15,15.3800,58,2
2026-05-20,601012,14:01:18,15.3800,30,2
2026-05-20,601012,14:01:21,15.3900,320,1
2026-05-20,601012,14:01:24,15.3800,1468,2
2026-05-20,601012,14:01:27,15.3700,79,2
2026-05-20,601012,14:01:30,15.3800,31,1
2026-05-20,601012,14:01:33,15.3800,11,1
2026-05-20,601012,14:01:36,15.3800,226,1
2026-05-20,601012,14:01:39,15.3800,61,2
2026-05-20,601012,14:01:42,15.3700,398,2
2026-05-20,601012,14:01:45,15.3700,5,2
2026-05-20,601012,14:01:48,15.3800,22,4
2026-05-20,601012,14:01:51,15.3700,23,2
2026-05-20,601012,14:01:54,15.3800,36,1
2026-05-20,601012,14:01:58,15.3700,10,2
2026-05-20,601012,14:02:00,15.3700,29,2
2026-05-20,601012,14:02:03,15.3700,26,2
2026-05-20,601012,14:02:06,15.3700,1,2
2026-05-20,601012,14:02:09,15.3700,23,2
2026-05-20,601012,14:02:12,15.3700,1041,2
2026-05-20,601012,14:02:15,15.3700,276,2
2026-05-20,601012,14:02:18,15.3700,53,2
2026-05-20,601012,14:02:21,15.3800,26,1
2026-05-20,601012,14:02:24,15.3700,3,2
2026-05-20,601012,14:02:27,15.3700,31,2
2026-05-20,601012,14:02:30,15.3700,14,2
2026-05-20,601012,14:02:33,15.3700,6,2
2026-05-20,601012,14:02:36,15.3700,16,2
2026-05-20,601012,14:02:39,15.3800,21,1
2026-05-20,601012,14:02:42,15.3800,18,1
2026-05-20,601012,14:02:45,15.3700,83,2
2026-05-20,601012,14:02:48,15.3800,43,1
2026-05-20,601012,14:02:51,15.3800,16,1
2026-05-20,601012,14:02:54,15.3700,629,2
2026-05-20,601012,14:02:57,15.3800,17,1
2026-05-20,601012,14:03:00,15.3700,20,2
2026-05-20,601012,14:03:03,15.3700,19,2
2026-05-20,601012,14:03:06,15.3700,16,2
2026-05-20,601012,14:03:09,15.3700,23,2
2026-05-20,601012,14:03:12,15.3700,46,2
2026-05-20,601012,14:03:15,15.3700,17,2
2026-05-20,601012,14:03:18,15.3800,29,1
2026-05-20,601012,14:03:21,15.3700,1988,2
2026-05-20,601012,14:03:24,15.3700,133,1
2026-05-20,601012,14:03:27,15.3700,29,1
2026-05-20,601012,14:03:30,15.3700,36,1
2026-05-20,601012,14:03:33,15.3600,56,2
2026-05-20,601012,14:03:36,15.3700,430,1
2026-05-20,601012,14:03:39,15.3700,121,2
2026-05-20,601012,14:03:42,15.3700,154,2
2026-05-20,601012,14:03:45,15.3600,89,2
2026-05-20,601012,14:03:48,15.3600,163,2
2026-05-20,601012,14:03:51,15.3600,24,2
2026-05-20,601012,14:03:54,15.3800,59,1
2026-05-20,601012,14:03:57,15.3800,199,1
2026-05-20,601012,14:04:00,15.3700,36,2
2026-05-20,601012,14:04:03,15.3700,135,1
2026-05-20,601012,14:04:06,15.3700,44,1
2026-05-20,601012,14:04:09,15.3700,232,1
2026-05-20,601012,14:04:12,15.3700,175,1
2026-05-20,601012,14:04:15,15.3700,24,2
2026-05-20,601012,14:04:18,15.3800,10,1
2026-05-20,601012,14:04:21,15.3800,33,1
2026-05-20,601012,14:04:24,15.3700,15,2
2026-05-20,601012,14:04:27,15.3800,62,1
2026-05-20,601012,14:04:30,15.3800,163,1
2026-05-20,601012,14:04:33,15.3800,224,1
2026-05-20,601012,14:04:36,15.3800,15,1
2026-05-20,601012,14:04:39,15.3800,148,1
2026-05-20,601012,14:04:42,15.3800,279,1
2026-05-20,601012,14:04:45,15.3700,35,2
2026-05-20,601012,14:04:48,15.3700,73,2
2026-05-20,601012,14:04:51,15.3800,38,1
2026-05-20,601012,14:04:54,15.3700,69,2
2026-05-20,601012,14:04:57,15.3800,253,1
2026-05-20,601012,14:05:00,15.3800,417,1
2026-05-20,601012,14:05:03,15.3800,14,1
2026-05-20,601012,14:05:06,15.3800,759,1
2026-05-20,601012,14:05:09,15.3800,118,2
2026-05-20,601012,14:05:12,15.3800,14,2
2026-05-20,601012,14:05:15,15.3900,65,1
2026-05-20,601012,14:05:18,15.3800,29,2
2026-05-20,601012,14:05:21,15.3900,1,1
2026-05-20,601012,14:05:24,15.3800,1,2
2026-05-20,601012,14:05:27,15.3800,48,2
2026-05-20,601012,14:05:30,15.3800,39,2
2026-05-20,601012,14:05:33,15.3800,83,2
2026-05-20,601012,14:05:36,15.3900,84,1
2026-05-20,601012,14:05:39,15.3800,4,2
2026-05-20,601012,14:05:45,15.3800,43,2
2026-05-20,601012,14:05:48,15.3800,36,2
2026-05-20,601012,14:05:51,15.3800,58,2
2026-05-20,601012,14:05:54,15.3800,202,2
2026-05-20,601012,14:05:57,15.3800,100,2
2026-05-20,601012,14:06:00,15.3800,70,2
2026-05-20,601012,14:06:03,15.3800,82,2
2026-05-20,601012,14:06:06,15.3800,180,2
2026-05-20,601012,14:06:09,15.3800,67,2
2026-05-20,601012,14:06:12,15.3800,159,1
2026-05-20,601012,14:06:15,15.3800,122,1
2026-05-20,601012,14:06:18,15.3800,76,1
2026-05-20,601012,14:06:21,15.3800,61,1
2026-05-20,601012,14:06:24,15.3800,65,1
2026-05-20,601012,14:06:27,15.3800,125,2
2026-05-20,601012,14:06:30,15.3800,69,1
2026-05-20,601012,14:06:33,15.3800,189,1
2026-05-20,601012,14:06:36,15.3800,71,2
2026-05-20,601012,14:06:39,15.3900,38,1
2026-05-20,601012,14:06:42,15.3700,38,2
2026-05-20,601012,14:06:45,15.3700,9,2
2026-05-20,601012,14:06:48,15.3800,13,1
2026-05-20,601012,14:06:51,15.3700,5,2
2026-05-20,601012,14:06:54,15.3700,46,2
2026-05-20,601012,14:06:57,15.3700,45,2
2026-05-20,601012,14:07:00,15.3800,16,1
2026-05-20,601012,10:56:06,15.4600,130,2
2026-05-20,601012,10:56:09,15.4700,12,1
2026-05-20,601012,10:56:12,15.4600,1378,2
2026-05-20,601012,10:56:15,15.4600,669,1
2026-05-20,601012,10:56:18,15.4500,588,2
2026-05-20,601012,10:56:21,15.4500,305,2
2026-05-20,601012,10:56:24,15.4500,72,1
2026-05-20,601012,10:56:27,15.4500,61,2
2026-05-20,601012,10:56:30,15.4500,314,1
2026-05-20,601012,10:56:33,15.4400,206,2
2026-05-20,601012,10:56:36,15.4500,326,1
2026-05-20,601012,10:56:39,15.4500,618,1
2026-05-20,601012,10:56:42,15.4500,96,1
2026-05-20,601012,10:56:45,15.4500,63,1
2026-05-20,601012,10:56:48,15.4500,80,1
2026-05-20,601012,10:56:51,15.4400,37,2
2026-05-20,601012,10:56:54,15.4400,117,2
2026-05-20,601012,10:56:57,15.4300,361,2
2026-05-20,601012,10:57:00,15.4300,41,2
2026-05-20,601012,10:57:03,15.4300,106,2
2026-05-20,601012,10:57:06,15.4400,60,1
2026-05-20,601012,10:57:09,15.4300,1149,2
2026-05-20,601012,10:57:12,15.4300,382,2
2026-05-20,601012,10:57:15,15.4300,228,2
2026-05-20,601012,10:57:18,15.4200,80,2
2026-05-20,601012,10:57:21,15.4400,130,1
2026-05-20,601012,10:57:24,15.4300,16,2
2026-05-20,601012,10:57:27,15.4400,199,1
2026-05-20,601012,10:57:30,15.4300,56,2
2026-05-20,601012,10:57:33,15.4300,47,2
2026-05-20,601012,10:57:36,15.4300,26,4
2026-05-20,601012,10:57:39,15.4300,142,1
2026-05-20,601012,10:57:42,15.4400,51,1
2026-05-20,601012,10:57:45,15.4300,9,2
2026-05-20,601012,10:57:48,15.4300,98,2
2026-05-20,601012,10:57:51,15.4300,77,2
2026-05-20,601012,10:57:54,15.4400,222,1
2026-05-20,601012,10:57:57,15.4400,57,1
2026-05-20,601012,10:58:00,15.4400,61,1
2026-05-20,601012,10:58:03,15.4400,225,1
2026-05-20,601012,10:58:06,15.4400,3,2
2026-05-20,601012,10:58:09,15.4400,6,2
2026-05-20,601012,10:58:12,15.4400,37,2
2026-05-20,601012,10:58:15,15.4500,30,1
2026-05-20,601012,10:58:18,15.4500,27,1
2026-05-20,601012,10:58:21,15.4400,75,2
2026-05-20,601012,10:58:24,15.4400,264,2
2026-05-20,601012,10:58:27,15.4400,79,2
2026-05-20,601012,10:58:30,15.4500,64,1
2026-05-20,601012,10:58:33,15.4500,2,1
2026-05-20,601012,10:58:36,15.4500,153,1
2026-05-20,601012,10:58:39,15.4400,246,2
2026-05-20,601012,10:58:42,15.4400,96,1
2026-05-20,601012,10:58:45,15.4400,195,1
2026-05-20,601012,10:58:48,15.4300,60,2
2026-05-20,601012,10:58:51,15.4400,76,4
2026-05-20,601012,10:58:54,15.4400,18,1
2026-05-20,601012,10:58:57,15.4400,64,1
2026-05-20,601012,10:59:00,15.4400,49,1
2026-05-20,601012,10:59:03,15.4400,123,1
2026-05-20,601012,10:59:06,15.4300,125,2
2026-05-20,601012,10:59:09,15.4300,84,2
2026-05-20,601012,10:59:12,15.4300,102,2
2026-05-20,601012,10:59:15,15.4300,107,2
2026-05-20,601012,10:59:18,15.4300,61,2
2026-05-20,601012,10:59:21,15.4300,374,2
2026-05-20,601012,10:59:24,15.4300,667,2
2026-05-20,601012,10:59:27,15.4200,27,2
2026-05-20,601012,10:59:30,15.4200,513,2
2026-05-20,601012,10:59:33,15.4200,170,2
2026-05-20,601012,10:59:36,15.4200,57,2
2026-05-20,601012,10:59:39,15.4300,165,1
2026-05-20,601012,10:59:42,15.4200,49,2
2026-05-20,601012,10:59:45,15.4300,44,1
2026-05-20,601012,10:59:48,15.4300,204,1
2026-05-20,601012,10:59:51,15.4300,53,1
2026-05-20,601012,10:59:54,15.4300,73,1
2026-05-20,601012,10:59:57,15.4200,260,2
2026-05-20,601012,11:00:00,15.4200,39,2
2026-05-20,601012,11:00:03,15.4200,300,2
2026-05-20,601012,11:00:06,15.4200,94,2
2026-05-20,601012,11:00:09,15.4200,719,2
2026-05-20,601012,11:00:12,15.4300,168,1
2026-05-20,601012,11:00:15,15.4300,18,1
2026-05-20,601012,11:00:18,15.4200,69,2
2026-05-20,601012,11:00:21,15.4200,39,2
2026-05-20,601012,11:00:24,15.4300,52,1
2026-05-20,601012,11:00:27,15.4200,227,2
2026-05-20,601012,11:00:30,15.4200,199,2
2026-05-20,601012,11:00:33,15.4200,48,2
2026-05-20,601012,11:00:36,15.4300,67,1
2026-05-20,601012,11:00:39,15.4300,160,1
2026-05-20,601012,11:00:42,15.4200,56,2
2026-05-20,601012,11:00:45,15.4300,17,1
2026-05-20,601012,11:00:48,15.4200,130,2
2026-05-20,601012,11:00:51,15.4300,220,1
2026-05-20,601012,11:00:54,15.4200,68,2
2026-05-20,601012,11:00:57,15.4300,332,1
2026-05-20,601012,11:01:00,15.4200,302,2
2026-05-20,601012,11:01:03,15.4200,1407,2
2026-05-20,601012,11:01:06,15.4200,340,1
2026-05-20,601012,11:01:09,15.4200,168,1
2026-05-20,601012,11:01:12,15.4100,229,2
2026-05-20,601012,11:01:15,15.4100,195,2
2026-05-20,601012,11:01:18,15.4000,913,2
2026-05-20,601012,11:01:21,15.4000,399,2
2026-05-20,601012,11:01:24,15.4000,182,2
2026-05-20,601012,11:01:27,15.4100,153,1
2026-05-20,601012,11:01:30,15.4100,233,1
2026-05-20,601012,11:01:33,15.4000,85,2
2026-05-20,601012,11:01:36,15.4000,177,2
2026-05-20,601012,11:01:39,15.4000,165,2
2026-05-20,601012,11:01:42,15.4000,114,2
2026-05-20,601012,11:01:45,15.4000,178,2
2026-05-20,601012,11:01:48,15.4100,356,1
2026-05-20,601012,11:01:51,15.4000,485,2
2026-05-20,601012,11:01:54,15.4000,286,2
2026-05-20,601012,11:01:57,15.4100,1026,1
2026-05-20,601012,11:02:00,15.4000,145,2
2026-05-20,601012,11:02:03,15.4000,481,2
2026-05-20,601012,11:02:06,15.4100,15,1
2026-05-20,601012,11:02:09,15.4000,118,2
2026-05-20,601012,11:02:12,15.4000,14,2
2026-05-20,601012,11:02:15,15.4000,185,2
2026-05-20,601012,11:02:18,15.4100,1176,1
2026-05-20,601012,11:02:21,15.4000,347,2
2026-05-20,601012,11:02:24,15.4000,89,2
2026-05-20,601012,11:02:27,15.4000,123,2
2026-05-20,601012,11:02:30,15.4000,190,2
2026-05-20,601012,11:02:33,15.4000,93,2
2026-05-20,601012,11:02:36,15.4000,64,2
2026-05-20,601012,11:02:39,15.4000,74,2
2026-05-20,601012,11:02:42,15.4000,94,2
2026-05-20,601012,11:02:45,15.4000,400,2
2026-05-20,601012,11:02:48,15.4000,58,2
2026-05-20,601012,11:02:51,15.4000,269,2
2026-05-20,601012,11:02:54,15.4000,152,2
2026-05-20,601012,11:02:57,15.4000,295,2
2026-05-20,601012,11:03:00,15.4000,178,2
2026-05-20,601012,11:03:03,15.4000,132,2
2026-05-20,601012,11:03:06,15.4000,94,2
2026-05-20,601012,11:03:09,15.4000,40,2
2026-05-20,601012,11:03:12,15.4000,23,2
2026-05-20,601012,11:03:15,15.4000,38,2
2026-05-20,601012,11:03:18,15.4000,198,2
2026-05-20,601012,11:03:21,15.4000,23,2
2026-05-20,601012,11:03:24,15.4000,664,2
2026-05-20,601012,11:03:27,15.4000,421,2
2026-05-20,601012,11:03:30,15.4000,23,1
2026-05-20,601012,11:03:33,15.4000,42,1
2026-05-20,601012,11:03:36,15.4000,71,1
2026-05-20,601012,11:03:39,15.4000,552,1
2026-05-20,601012,11:03:42,15.3900,115,2
2026-05-20,601012,11:03:45,15.4000,68,1
2026-05-20,601012,11:03:48,15.4000,26,1
2026-05-20,601012,11:03:51,15.3900,124,2
2026-05-20,601012,11:03:54,15.3900,142,2
2026-05-20,601012,11:03:57,15.3900,116,2
2026-05-20,601012,11:04:00,15.4000,134,1
2026-05-20,601012,11:04:03,15.3900,229,2
2026-05-20,601012,11:04:06,15.4000,146,1
2026-05-20,601012,11:04:09,15.3900,23,2
2026-05-20,601012,11:04:12,15.3900,60,2
2026-05-20,601012,11:04:15,15.3900,66,2
2026-05-20,601012,11:04:18,15.4000,343,1
2026-05-20,601012,11:04:21,15.3900,62,2
2026-05-20,601012,11:04:24,15.4000,82,1
2026-05-20,601012,11:04:27,15.4000,27,1
2026-05-20,601012,11:04:30,15.4000,526,1
2026-05-20,601012,11:04:33,15.4000,132,1
2026-05-20,601012,11:04:36,15.4000,105,1
2026-05-20,601012,11:04:39,15.4000,203,1
2026-05-20,601012,11:04:42,15.4000,235,1
2026-05-20,601012,11:04:45,15.4000,147,1
2026-05-20,601012,11:04:48,15.4000,134,1
2026-05-20,601012,11:04:51,15.3900,45,2
2026-05-20,601012,11:04:54,15.4000,63,1
2026-05-20,601012,11:04:57,15.4000,205,1
2026-05-20,601012,11:05:00,15.4000,10,1
2026-05-20,601012,11:05:03,15.4000,152,1
2026-05-20,601012,11:05:06,15.4000,236,1
2026-05-20,601012,11:05:09,15.4000,93,1
2026-05-20,601012,11:05:12,15.4000,243,2
2026-05-20,601012,11:05:15,15.4000,79,1
2026-05-20,601012,11:05:18,15.4000,26,1
2026-05-20,601012,11:05:21,15.4000,62,1
2026-05-20,601012,11:05:24,15.4000,76,1
2026-05-20,601012,11:05:27,15.4000,181,1
2026-05-20,601012,11:05:30,15.4000,37,1
2026-05-20,601012,11:05:33,15.4000,198,1
2026-05-20,601012,11:05:36,15.4000,31,1
2026-05-20,601012,11:05:39,15.4000,67,1
2026-05-20,601012,11:05:42,15.4000,723,1
2026-05-20,601012,11:05:45,15.4000,76,1
2026-05-20,601012,11:05:48,15.4000,168,1
2026-05-20,601012,11:05:51,15.3900,19,2
2026-05-20,601012,11:05:54,15.3900,205,2
2026-05-20,601012,11:05:57,15.3900,232,2
2026-05-20,601012,11:06:00,15.4000,66,1
2026-05-20,601012,11:06:03,15.4000,9,1
2026-05-20,601012,11:06:06,15.4000,443,1
2026-05-20,601012,11:06:09,15.4000,9,2
2026-05-20,601012,11:06:12,15.4100,102,1
2026-05-20,601012,11:06:15,15.4000,42,2
2026-05-20,601012,11:06:18,15.4000,50,2
2026-05-20,601012,11:06:21,15.4000,1155,2
2026-05-20,601012,11:06:24,15.4000,452,2
2026-05-20,601012,11:06:27,15.4000,471,2
2026-05-20,601012,11:06:30,15.4000,339,2
2026-05-20,601012,11:06:33,15.4000,108,1
2026-05-20,601012,11:06:36,15.4000,157,1
2026-05-20,601012,11:06:39,15.4000,30,1
2026-05-20,601012,11:06:42,15.4000,79,1
2026-05-20,601012,11:06:45,15.4000,95,1
2026-05-20,601012,11:06:48,15.4000,111,1
2026-05-20,601012,11:06:51,15.3900,113,2
2026-05-20,601012,11:06:54,15.4000,68,1
2026-05-20,601012,11:06:57,15.3900,92,2
2026-05-20,601012,11:07:00,15.3900,79,2
2026-05-20,601012,11:07:03,15.4000,58,1
2026-05-20,601012,11:07:06,15.3900,23,2
2026-05-20,601012,11:07:09,15.4000,60,1
2026-05-20,601012,11:07:12,15.3900,91,2
2026-05-20,601012,11:07:15,15.3900,47,2
2026-05-20,601012,11:07:18,15.4000,11,1
2026-05-20,601012,11:07:21,15.4000,136,1
2026-05-20,601012,11:07:24,15.4000,212,1
2026-05-20,601012,11:07:27,15.4000,26,1
2026-05-20,601012,11:07:30,15.4000,122,1
2026-05-20,601012,11:07:33,15.4000,170,1
2026-05-20,601012,11:07:36,15.4000,85,1
2026-05-20,601012,11:07:39,15.4000,39,1
2026-05-20,601012,11:07:42,15.4000,163,1
2026-05-20,601012,11:07:45,15.4000,113,1
2026-05-20,601012,11:07:48,15.4000,284,1
2026-05-20,601012,11:07:51,15.4000,155,1
2026-05-20,601012,11:07:54,15.4000,154,2
2026-05-20,601012,11:07:57,15.4000,701,2
2026-05-20,601012,11:08:00,15.4000,271,1
2026-05-20,601012,11:08:03,15.4000,35,1
2026-05-20,601012,11:08:06,15.4000,35,1
2026-05-20,601012,11:08:09,15.3900,179,2
2026-05-20,601012,11:08:12,15.4000,312,1
2026-05-20,601012,11:08:15,15.3900,97,2
2026-05-20,601012,11:08:18,15.4000,60,1
2026-05-20,601012,11:08:21,15.4000,132,1
2026-05-20,601012,11:08:24,15.4000,36,1
2026-05-20,601012,11:08:27,15.4000,76,1
2026-05-20,601012,11:08:30,15.4000,44,1
2026-05-20,601012,11:08:33,15.4000,28,1
2026-05-20,601012,11:08:36,15.4000,38,1
2026-05-20,601012,11:08:39,15.4000,174,1
2026-05-20,601012,11:08:42,15.4000,182,1
2026-05-20,601012,11:08:45,15.4000,20,2
2026-05-20,601012,11:08:48,15.4000,159,2
2026-05-20,601012,11:08:51,15.4100,20,1
2026-05-20,601012,11:08:54,15.4000,14,2
2026-05-20,601012,11:08:57,15.4100,37,1
2026-05-20,601012,11:09:00,15.4000,23,2
2026-05-20,601012,11:09:03,15.4100,42,1
2026-05-20,601012,11:09:06,15.4100,87,1
2026-05-20,601012,11:09:09,15.4000,43,2
2026-05-20,601012,11:09:12,15.4000,30,2
2026-05-20,601012,11:09:15,15.4100,38,1
2026-05-20,601012,11:09:18,15.4000,1355,2
2026-05-20,601012,11:09:21,15.4000,47,1
2026-05-20,601012,11:09:24,15.4000,18,1
2026-05-20,601012,11:09:27,15.4000,120,1
2026-05-20,601012,11:09:30,15.4000,122,1
2026-05-20,601012,11:09:33,15.4000,217,2
2026-05-20,601012,11:09:36,15.4000,115,1
2026-05-20,601012,11:09:39,15.4000,360,1
2026-05-20,601012,11:09:42,15.4000,42,1
2026-05-20,601012,11:09:45,15.4000,55,1
2026-05-20,601012,11:09:48,15.4000,9,1
2026-05-20,601012,11:09:51,15.4000,100,1
2026-05-20,601012,11:09:54,15.3900,366,2
2026-05-20,601012,11:09:57,15.4000,563,1
2026-05-20,601012,11:10:00,15.4000,40,1
2026-05-20,601012,11:10:03,15.4000,20,1
2026-05-20,601012,11:10:06,15.3900,1017,2
2026-05-20,601012,11:10:09,15.3900,78,2
2026-05-20,601012,11:10:12,15.3900,786,2
2026-05-20,601012,11:10:15,15.3900,796,2
2026-05-20,601012,11:10:18,15.3900,51,1
2026-05-20,601012,11:10:21,15.3800,24,2
2026-05-20,601012,11:10:24,15.3900,105,1
2026-05-20,601012,11:10:27,15.3800,38,2
2026-05-20,601012,11:10:31,15.3900,38,1
2026-05-20,601012,11:10:33,15.3900,118,1
2026-05-20,601012,11:10:36,15.3800,110,2
2026-05-20,601012,11:10:39,15.3900,81,1
2026-05-20,601012,11:10:45,15.3900,493,1
2026-05-20,601012,11:10:48,15.3800,58,2
2026-05-20,601012,11:10:51,15.3900,44,1
2026-05-20,601012,11:10:54,15.3900,27,1
2026-05-20,601012,11:10:57,15.3800,96,2
2026-05-20,601012,11:11:00,15.3800,451,2
2026-05-20,601012,11:11:03,15.3900,142,1
2026-05-20,601012,11:11:06,15.3800,15,2
2026-05-20,601012,11:11:09,15.3900,73,1
2026-05-20,601012,11:11:12,15.3800,11,2
2026-05-20,601012,11:11:15,15.3900,24,1
2026-05-20,601012,11:11:18,15.3800,80,2
2026-05-20,601012,11:11:21,15.3800,20,2
2026-05-20,601012,11:11:24,15.3800,40,2
2026-05-20,601012,11:11:27,15.3800,113,2
2026-05-20,601012,11:11:30,15.3800,10,2
2026-05-20,601012,11:11:33,15.3800,32,2
2026-05-20,601012,11:11:36,15.3800,12,2
2026-05-20,601012,11:11:39,15.3800,193,2
2026-05-20,601012,11:11:42,15.3800,565,2
2026-05-20,601012,11:11:45,15.3900,27,1
2026-05-20,601012,11:11:48,15.3900,30,1
2026-05-20,601012,11:11:51,15.3900,6,1
2026-05-20,601012,11:11:54,15.3900,27,1
2026-05-20,601012,11:11:57,15.3900,124,1
2026-05-20,601012,11:12:00,15.3900,110,1
2026-05-20,601012,11:12:03,15.3900,151,1
2026-05-20,601012,11:12:06,15.3800,40,2
2026-05-20,601012,11:12:09,15.3800,31,2
2026-05-20,601012,11:12:12,15.3900,17,1
2026-05-20,601012,11:12:15,15.3900,84,1
2026-05-20,601012,11:12:18,15.3800,62,2
2026-05-20,601012,11:12:21,15.3900,242,1
2026-05-20,601012,11:12:24,15.3800,16,2
2026-05-20,601012,11:12:27,15.3900,18,1
2026-05-20,601012,11:12:30,15.3900,199,1
2026-05-20,601012,11:12:33,15.3800,21,2
2026-05-20,601012,11:12:36,15.3800,25,2
2026-05-20,601012,11:12:39,15.3800,18,2
2026-05-20,601012,11:12:42,15.3900,504,1
2026-05-20,601012,11:12:45,15.3900,102,1
2026-05-20,601012,11:12:48,15.3900,20,1
2026-05-20,601012,11:12:51,15.3800,24,2
2026-05-20,601012,11:12:54,15.3900,153,1
2026-05-20,601012,11:12:58,15.3800,42,2
2026-05-20,601012,11:13:00,15.3800,22,2
2026-05-20,601012,11:13:03,15.3900,124,1
2026-05-20,601012,11:13:06,15.3800,40,2
2026-05-20,601012,11:13:09,15.3800,109,2
2026-05-20,601012,11:13:12,15.3900,98,1
2026-05-20,601012,11:13:15,15.3800,375,2
2026-05-20,601012,11:13:18,15.3800,331,2
2026-05-20,601012,11:13:21,15.3800,85,2
2026-05-20,601012,11:13:24,15.3800,73,2
2026-05-20,601012,11:13:27,15.3900,52,1
2026-05-20,601012,11:13:30,15.3800,823,2
2026-05-20,601012,11:13:33,15.3800,3,1
2026-05-20,601012,11:13:36,15.3800,32,1
2026-05-20,601012,11:13:39,15.3700,36,2
2026-05-20,601012,11:13:42,15.3800,60,1
2026-05-20,601012,11:13:45,15.3800,833,1
2026-05-20,601012,11:13:48,15.3700,147,2
2026-05-20,601012,11:13:51,15.3700,14,2
2026-05-20,601012,11:13:54,15.3700,58,2
2026-05-20,601012,11:13:57,15.3700,841,2
2026-05-20,601012,11:14:00,15.3700,1,2
2026-05-20,601012,11:14:03,15.3700,13,2
2026-05-20,601012,11:14:06,15.3700,26,2
2026-05-20,601012,11:14:09,15.3700,31,2
2026-05-20,601012,11:14:12,15.3700,132,2
2026-05-20,601012,11:14:15,15.3700,363,2
2026-05-20,601012,11:14:18,15.3800,84,1
2026-05-20,601012,11:14:21,15.3700,109,2
2026-05-20,601012,11:14:24,15.3700,548,2
2026-05-20,601012,11:14:27,15.3700,577,2
2026-05-20,601012,11:14:30,15.3700,185,2
2026-05-20,601012,11:14:33,15.3700,487,2
2026-05-20,601012,11:14:36,15.3700,51,2
2026-05-20,601012,11:14:39,15.3700,22,1
2026-05-20,601012,11:14:42,15.3700,53,1
2026-05-20,601012,11:14:45,15.3700,86,1
2026-05-20,601012,11:14:48,15.3700,11,1
2026-05-20,601012,11:14:51,15.3700,55,1
2026-05-20,601012,11:14:54,15.3600,169,2
2026-05-20,601012,11:14:57,15.3600,67,2
2026-05-20,601012,11:15:00,15.3600,51,2
2026-05-20,601012,11:15:03,15.3700,364,1
2026-05-20,601012,11:15:06,15.3700,24,2
2026-05-20,601012,11:15:09,15.3700,61,2
2026-05-20,601012,11:15:12,15.3600,148,2
2026-05-20,601012,11:15:15,15.3700,501,1
2026-05-20,601012,11:15:18,15.3700,20,2
2026-05-20,601012,11:15:21,15.3700,132,2
2026-05-20,601012,11:15:24,15.3700,106,2
2026-05-20,601012,11:15:27,15.3700,6,2
2026-05-20,601012,11:15:30,15.3800,42,1
2026-05-20,601012,11:15:33,15.3800,19,1
2026-05-20,601012,11:15:37,15.3700,119,2
2026-05-20,601012,11:15:39,15.3800,39,1
2026-05-20,601012,11:15:42,15.3700,23,2
2026-05-20,601012,11:15:45,15.3800,374,1
2026-05-20,601012,11:15:48,15.3800,1002,1
2026-05-20,601012,11:15:51,15.3800,199,2
2026-05-20,601012,11:15:54,15.3900,172,1
2026-05-20,601012,11:15:57,15.3800,53,2
2026-05-20,601012,11:16:00,15.3900,10,1
2026-05-20,601012,11:16:03,15.3900,8,1
2026-05-20,601012,11:16:06,15.3800,27,2
2026-05-20,601012,11:16:09,15.3800,9,2
2026-05-20,601012,11:16:12,15.3800,132,2
2026-05-20,601012,11:16:15,15.3900,50,1
2026-05-20,601012,11:16:18,15.3800,76,2
2026-05-20,601012,11:16:21,15.3900,74,1
2026-05-20,601012,11:16:24,15.3900,26,1
2026-05-20,601012,11:16:27,15.3800,286,2
2026-05-20,601012,11:16:30,15.3800,74,2
2026-05-20,601012,11:16:33,15.3800,63,2
2026-05-20,601012,11:16:36,15.3800,18,2
2026-05-20,601012,11:16:39,15.3900,6,1
2026-05-20,601012,11:16:42,15.3900,95,1
2026-05-20,601012,11:16:45,15.3900,126,1
2026-05-20,601012,11:16:48,15.3800,111,2
2026-05-20,601012,11:16:51,15.3900,56,1
2026-05-20,601012,11:16:54,15.3800,19,2
2026-05-20,601012,11:16:57,15.3800,31,2
2026-05-20,601012,11:17:00,15.3900,91,1
2026-05-20,601012,11:17:03,15.3900,8,1
2026-05-20,601012,11:17:06,15.3900,74,1
2026-05-20,601012,11:17:09,15.3900,64,1
2026-05-20,601012,11:17:12,15.3900,61,1
2026-05-20,601012,11:17:15,15.3900,139,1
2026-05-20,601012,11:17:18,15.3900,23,1
2026-05-20,601012,11:17:21,15.3900,46,1
2026-05-20,601012,11:17:24,15.3900,66,1
2026-05-20,601012,11:17:27,15.3800,64,2
2026-05-20,601012,11:17:30,15.3900,46,1
2026-05-20,601012,11:17:33,15.3900,96,1
2026-05-20,601012,11:17:36,15.3900,21,1
2026-05-20,601012,11:17:39,15.3900,41,1
2026-05-20,601012,11:17:42,15.3900,73,1
2026-05-20,601012,11:17:45,15.3900,84,1
2026-05-20,601012,11:17:48,15.3900,127,1
2026-05-20,601012,11:17:51,15.3900,143,1
2026-05-20,601012,11:17:54,15.3800,33,2
2026-05-20,601012,11:17:58,15.3800,10,2
2026-05-20,601012,11:18:00,15.3900,36,1
2026-05-20,601012,11:18:03,15.3900,36,1
2026-05-20,601012,11:18:06,15.3900,201,1
2026-05-20,601012,11:18:09,15.3900,173,1
2026-05-20,601012,11:18:12,15.3900,34,1
2026-05-20,601012,11:18:15,15.3800,3,2
2026-05-20,601012,11:18:18,15.3800,117,2
2026-05-20,601012,11:18:21,15.3800,27,2
2026-05-20,601012,11:18:24,15.3800,10,2
2026-05-20,601012,11:18:27,15.3800,10,2
2026-05-20,601012,11:18:30,15.3900,26,1
2026-05-20,601012,11:18:33,15.3900,82,1
2026-05-20,601012,11:18:36,15.3900,100,1
2026-05-20,601012,11:18:39,15.3900,84,1
2026-05-20,601012,11:18:42,15.3900,149,1
2026-05-20,601012,11:18:45,15.3800,145,2
2026-05-20,601012,11:18:48,15.3900,38,2
2026-05-20,601012,11:18:51,15.3900,36,2
2026-05-20,601012,11:18:54,15.3900,33,2
2026-05-20,601012,11:18:57,15.3900,6,2
2026-05-20,601012,11:19:00,15.3900,19,2
2026-05-20,601012,11:19:03,15.3900,90,2
2026-05-20,601012,11:19:06,15.4000,36,1
2026-05-20,601012,11:19:09,15.4000,124,1
2026-05-20,601012,11:19:12,15.4000,34,1
2026-05-20,601012,11:19:15,15.3900,144,2
2026-05-20,601012,11:19:18,15.4000,52,1
2026-05-20,601012,11:19:21,15.4000,35,1
2026-05-20,601012,11:19:24,15.4000,29,1
2026-05-20,601012,11:19:27,15.4000,83,1
2026-05-20,601012,11:19:30,15.4000,88,1
2026-05-20,601012,11:19:33,15.4000,77,1
2026-05-20,601012,11:19:36,15.4000,141,1
2026-05-20,601012,11:19:39,15.4000,402,1
2026-05-20,601012,11:19:42,15.4000,51,1
2026-05-20,601012,11:19:45,15.4000,339,1
2026-05-20,601012,11:19:48,15.3900,536,2
2026-05-20,601012,11:19:51,15.4000,81,1
2026-05-20,601012,11:19:54,15.4000,121,1
2026-05-20,601012,11:19:57,15.4000,184,1
2026-05-20,601012,11:20:00,15.4000,92,1
2026-05-20,601012,11:20:03,15.3900,118,2
2026-05-20,601012,11:20:06,15.4000,497,1
