date,code,time,price,volume,bs
2026-01-05,600519,14:06:25,1424.4301,23,2
2026-01-05,600519,14:06:28,1424.4301,16,2
2026-01-05,600519,14:06:31,1424.4301,8,2
2026-01-05,600519,14:06:34,1424.4399,5,2
2026-01-05,600519,14:06:37,1424.8000,14,1
2026-01-05,600519,14:06:40,1424.6600,8,2
2026-01-05,600519,14:06:43,1424.8000,7,1
2026-01-05,600519,14:06:46,1424.6500,14,2
2026-01-05,600519,14:06:49,1424.4800,8,2
2026-01-05,600519,14:06:52,1424.8000,45,1
2026-01-05,600519,14:06:55,1424.9900,30,1
2026-01-05,600519,14:06:58,1424.9399,43,2
2026-01-05,600519,14:07:01,1424.8800,11,2
2026-01-05,600519,14:07:04,1424.8900,7,4
2026-01-05,600519,14:07:07,1425.0000,29,1
2026-01-05,600519,14:07:10,1424.9900,32,1
2026-01-05,600519,14:07:13,1425.0000,43,1
2026-01-05,600519,14:07:16,1425.0900,172,1
2026-01-05,600519,14:07:19,1425.3400,36,1
2026-01-05,600519,14:07:22,1425.4800,23,1
2026-01-05,600519,14:07:25,1425.5601,10,1
2026-01-05,600519,14:07:28,1425.8800,28,1
2026-01-05,600519,14:07:31,1425.9000,15,1
2026-01-05,600519,14:07:34,1425.9800,11,1
2026-01-05,600519,14:07:37,1425.8800,4,2
2026-01-05,600519,14:07:40,1425.8400,5,2
2026-01-05,600519,14:07:43,1425.8800,7,1
2026-01-05,600519,14:07:46,1425.8300,15,2
2026-01-05,600519,14:07:49,1425.8300,12,2
2026-01-05,600519,14:07:52,1425.8300,16,1
2026-01-05,600519,14:07:55,1425.8199,17,2
2026-01-05,600519,14:07:58,1425.8199,16,2
2026-01-05,600519,14:08:01,1425.8199,22,1
2026-01-05,600519,14:08:04,1425.6700,30,2
2026-01-05,600519,14:08:07,1425.7800,16,1
2026-01-05,600519,14:08:10,1425.8199,10,1
2026-01-05,600519,14:08:13,1425.8199,9,1
2026-01-05,600519,14:08:16,1425.8800,18,1
2026-01-05,600519,14:08:19,1425.7900,32,2
2026-01-05,600519,14:08:22,1425.8600,24,1
2026-01-05,600519,14:08:25,1425.9100,11,1
2026-01-05,600519,14:08:28,1425.9100,4,2
2026-01-05,600519,14:08:31,1425.6700,48,2
2026-01-05,600519,14:08:34,1425.9100,15,1
2026-01-05,600519,14:08:37,1425.8000,6,2
2026-01-05,600519,14:08:40,1425.9200,17,1
2026-01-05,600519,14:08:43,1425.9100,11,2
2026-01-05,600519,14:08:46,1425.8000,11,1
2026-01-05,600519,14:08:49,1425.7900,14,2
2026-01-05,600519,14:08:52,1425.8300,17,1
2026-01-05,600519,14:08:55,1425.8700,8,2
2026-01-05,600519,14:08:58,1425.9900,21,1
2026-01-05,600519,14:09:01,1425.8600,13,2
2026-01-05,600519,14:09:04,1425.8600,6,1
2026-01-05,600519,14:09:07,1425.8199,12,2
2026-01-05,600519,14:09:10,1425.8600,5,1
2026-01-05,600519,14:09:13,1425.9100,4,1
2026-01-05,600519,14:09:16,1425.9000,16,2
2026-01-05,600519,14:09:19,1425.9500,22,1
2026-01-05,600519,14:09:22,1425.8400,18,2
2026-01-05,600519,14:09:25,1425.9500,14,1
2026-01-05,600519,14:09:28,1425.9500,7,1
2026-01-05,600519,14:09:31,1425.9600,8,1
2026-01-05,600519,14:09:34,1425.9500,13,2
2026-01-05,600519,14:09:37,1425.9900,8,1
2026-01-05,600519,14:09:40,1425.9600,14,2
2026-01-05,600519,14:09:43,1425.9600,36,2
2026-01-05,600519,14:09:46,1425.9900,22,1
2026-01-05,600519,14:09:49,1425.9900,14,1
2026-01-05,600519,14:09:52,1425.9800,11,1
2026-01-05,600519,14:09:55,1425.9900,23,1
2026-01-05,600519,14:09:58,1426.0300,111,1
2026-01-05,600519,14:10:01,1426.2100,44,1
2026-01-05,600519,14:10:04,1426.5300,17,1
2026-01-05,600519,14:10:07,1426.5400,11,2
2026-01-05,600519,14:10:10,1426.5000,5,2
2026-01-05,600519,14:10:13,1426.6801,6,1
2026-01-05,600519,14:10:16,1426.5500,10,1
2026-01-05,600519,14:10:19,1426.5300,6,2
2026-01-05,600519,14:10:22,1426.6801,7,1
2026-01-05,600519,14:10:25,1426.8600,30,1
2026-01-05,600519,14:10:28,1427.0000,23,1
2026-01-05,600519,14:10:31,1427.0000,14,1
2026-01-05,600519,14:10:34,1427.0000,28,1
2026-01-05,600519,14:10:37,1427.0000,27,1
2026-01-05,600519,14:10:40,1427.4000,18,1
2026-01-05,600519,14:10:43,1427.0601,33,2
2026-01-05,600519,14:10:46,1427.4800,10,1
2026-01-05,600519,14:10:49,1427.8500,7,1
2026-01-05,600519,14:10:52,1427.8500,4,1
2026-01-05,600519,14:10:55,1427.8400,5,1
2026-01-05,600519,14:10:58,1427.9000,19,1
2026-01-05,600519,14:11:01,1428.0000,25,1
2026-01-05,600519,14:11:04,1428.0000,26,1
2026-01-05,600519,14:11:07,1428.0000,11,1
2026-01-05,600519,14:11:10,1427.9000,34,2
2026-01-05,600519,14:11:13,1427.8900,17,2
2026-01-05,600519,14:11:16,1428.0000,25,1
2026-01-05,600519,14:11:19,1427.9900,14,1
2026-01-05,600519,14:11:22,1428.0000,19,1
2026-01-05,600519,14:11:25,1427.8900,11,2
2026-01-05,600519,14:11:28,1427.9000,11,2
2026-01-05,600519,14:11:31,1427.9800,17,1
2026-01-05,600519,14:11:34,1427.9900,15,1
2026-01-05,600519,14:11:37,1427.9800,11,2
2026-01-05,600519,14:11:40,1428.0000,9,1
2026-01-05,600519,14:11:43,1427.9800,12,1
2026-01-05,600519,14:11:46,1427.9800,14,2
2026-01-05,600519,14:11:49,1427.9800,10,1
2026-01-05,600519,14:11:52,1427.9301,16,2
2026-01-05,600519,14:11:55,1427.9900,10,1
2026-01-05,600519,14:11:58,1427.9900,14,2
2026-01-05,600519,14:12:01,1428.0000,14,1
2026-01-05,600519,14:12:04,1427.9900,9,1
2026-01-05,600519,14:12:07,1427.9900,16,1
2026-01-05,600519,14:12:10,1427.9100,71,2
2026-01-05,600519,14:12:13,1427.9600,24,1
2026-01-05,600519,14:12:16,1427.9800,16,1
2026-01-05,600519,14:12:19,1427.9900,18,1
2026-01-05,600519,14:12:22,1427.9600,13,2
2026-01-05,600519,14:12:25,1427.9700,15,4
2026-01-05,600519,14:12:28,1427.9600,8,2
2026-01-05,600519,14:12:31,1427.9600,19,2
2026-01-05,600519,14:12:34,1427.9700,5,1
2026-01-05,600519,14:12:37,1427.9100,6,2
2026-01-05,600519,14:12:40,1427.9000,11,2
2026-01-05,600519,14:12:43,1427.9000,5,2
2026-01-05,600519,14:12:46,1427.8900,6,2
2026-01-05,600519,14:12:49,1427.8900,11,2
2026-01-05,600519,14:12:52,1427.8900,9,2
2026-01-05,600519,14:12:55,1427.8800,4,4
2026-01-05,600519,14:12:58,1427.8800,9,2
2026-01-05,600519,14:13:01,1427.8800,23,2
2026-01-05,600519,14:13:04,1427.8800,11,1
2026-01-05,600519,14:13:07,1427.8800,38,1
2026-01-05,600519,14:13:10,1427.8700,16,2
2026-01-05,600519,14:13:13,1427.8700,9,1
2026-01-05,600519,14:13:16,1427.8700,12,1
2026-01-05,600519,14:13:19,1427.8600,15,2
2026-01-05,600519,14:13:22,1427.8600,24,2
2026-01-05,600519,14:13:25,1427.8700,25,1
2026-01-05,600519,14:13:28,1427.8700,15,1
2026-01-05,600519,14:13:31,1427.8500,7,2
2026-01-05,600519,14:13:34,1427.8700,7,1
2026-01-05,600519,14:13:37,1427.8400,5,2
2026-01-05,600519,14:13:40,1427.9800,74,1
2026-01-05,600519,14:13:43,1428.1100,164,1
2026-01-05,600519,14:13:46,1428.3101,30,1
2026-01-05,600519,14:13:49,1428.5200,25,1
2026-01-05,600519,14:13:52,1428.8800,59,1
2026-01-05,600519,14:13:55,1429.0000,113,1
2026-01-05,600519,14:13:58,1429.3101,43,1
2026-01-05,600519,14:14:01,1429.6200,15,1
2026-01-05,600519,14:14:04,1429.8101,26,1
2026-01-05,600519,14:14:07,1429.8900,16,1
2026-01-05,600519,14:14:10,1429.8900,49,4
2026-01-05,600519,14:14:13,1429.9600,60,1
2026-01-05,600519,14:14:16,1429.9800,23,1
2026-01-05,600519,14:14:19,1429.9900,37,1
2026-01-05,600519,14:14:22,1429.9600,140,2
2026-01-05,600519,14:14:25,1429.9100,66,2
2026-01-05,600519,14:14:28,1429.9301,52,2
2026-01-05,600519,14:14:31,1429.9600,90,1
2026-01-05,600519,14:14:34,1430.3400,454,1
2026-01-05,600519,14:14:37,1430.6600,82,1
2026-01-05,600519,14:14:40,1430.6700,33,2
2026-01-05,600519,14:14:43,1430.7300,14,2
2026-01-05,600519,14:14:46,1430.9900,16,1
2026-01-05,600519,14:14:49,1430.7800,13,2
2026-01-05,600519,14:14:52,1431.0000,24,1
2026-01-05,600519,14:14:55,1430.9500,31,1
2026-01-05,600519,14:14:58,1431.0000,29,1
2026-01-05,600519,14:15:01,1430.9800,29,2
2026-01-05,600519,14:15:04,1431.1600,15,2
2026-01-05,600519,14:15:07,1431.3101,11,1
2026-01-05,600519,14:15:10,1431.5000,17,1
2026-01-05,600519,14:15:13,1431.8000,13,1
2026-01-05,600519,14:15:16,1431.5000,9,2
2026-01-05,600519,14:15:19,1431.5000,18,2
2026-01-05,600519,14:15:22,1431.5000,17,2
2026-01-05,600519,14:15:25,1431.5000,19,2
2026-01-05,600519,14:15:28,1431.7000,10,1
2026-01-05,600519,14:15:31,1431.5000,10,2
2026-01-05,600519,14:15:34,1431.3101,18,2
2026-01-05,600519,14:15:37,1431.5000,12,1
2026-01-05,600519,14:15:40,1431.0000,16,2
2026-01-05,600519,14:15:43,1430.9900,7,4
2026-01-05,600519,14:15:46,1430.9399,22,2
2026-01-05,600519,14:15:49,1430.9900,11,1
2026-01-05,600519,14:15:52,1430.9600,6,1
2026-01-05,600519,14:15:55,1430.7600,12,2
2026-01-05,600519,14:15:58,1430.7600,9,1
2026-01-05,600519,14:16:01,1430.6899,17,2
2026-01-05,600519,14:16:04,1430.7000,3,1
2026-01-05,600519,14:16:07,1430.5000,11,2
2026-01-05,600519,14:16:10,1430.6899,6,1
2026-01-05,600519,14:16:13,1430.5000,7,1
2026-01-05,600519,14:16:16,1430.4000,4,2
2026-01-05,600519,14:16:19,1430.0000,6,2
2026-01-05,600519,14:16:22,1430.0000,8,2
2026-01-05,600519,14:16:25,1430.0000,21,2
2026-01-05,600519,14:16:28,1430.0000,9,1
2026-01-05,600519,14:16:31,1429.9399,8,2
2026-01-05,600519,14:16:34,1430.0000,7,1
2026-01-05,600519,14:16:37,1429.9200,5,2
2026-01-05,600519,14:16:40,1429.9000,8,2
2026-01-05,600519,14:16:43,1429.9200,5,1
2026-01-05,600519,14:16:46,1429.8900,8,2
2026-01-05,600519,14:16:49,1429.8900,6,2
2026-01-05,600519,14:16:52,1429.8900,5,1
2026-01-05,600519,14:16:55,1429.5300,21,2
2026-01-05,600519,14:16:58,1429.4800,12,2
2026-01-05,600519,14:17:01,1429.2200,8,2
2026-01-05,600519,14:17:04,1429.2300,7,1
2026-01-05,600519,14:17:07,1429.0000,4,2
2026-01-05,600519,14:17:10,1428.8400,12,2
2026-01-05,600519,14:17:13,1428.9900,5,1
2026-01-05,600519,14:17:16,1428.7500,7,2
2026-01-05,600519,14:17:19,1428.4100,4,2
2026-01-05,600519,14:17:22,1428.7400,1,1
2026-01-05,600519,14:17:25,1428.6300,11,1
2026-01-05,600519,14:17:28,1428.2400,9,2
2026-01-05,600519,14:17:31,1428.2400,5,2
2026-01-05,600519,14:17:34,1428.0000,13,2
2026-01-05,600519,14:17:37,1428.0200,13,1
2026-01-05,600519,14:17:40,1427.9301,7,2
2026-01-05,600519,14:17:43,1427.8900,4,1
2026-01-05,600519,14:17:46,1427.8700,7,1
2026-01-05,600519,14:17:49,1427.8300,8,2
2026-01-05,600519,14:17:52,1427.8199,5,1
2026-01-05,600519,14:17:55,1427.7700,10,2
2026-01-05,600519,14:17:58,1427.7500,10,2
2026-01-05,600519,14:18:01,1427.7100,12,1
2026-01-05,600519,14:18:04,1427.5100,4,2
2026-01-05,600519,14:18:07,1427.5100,6,2
2026-01-05,600519,14:18:10,1427.3800,4,2
2026-01-05,600519,14:18:13,1427.4900,8,1
2026-01-05,600519,14:18:16,1427.3800,6,1
2026-01-05,600519,14:18:19,1427.3800,1,1
2026-01-05,600519,14:18:22,1427.4100,45,1
2026-01-05,600519,14:18:25,1427.3000,10,2
2026-01-05,600519,14:18:28,1427.2900,5,1
2026-01-05,600519,14:18:31,1427.2700,5,2
2026-01-05,600519,14:18:34,1427.2900,10,1
2026-01-05,600519,14:18:37,1427.3300,19,1
2026-01-05,600519,14:18:40,1427.3400,31,2
2026-01-05,600519,14:18:43,1427.5100,20,1
2026-01-05,600519,14:18:46,1427.5100,21,1
2026-01-05,600519,14:18:49,1427.3300,43,2
2026-01-05,600519,14:18:52,1427.7600,10,1
2026-01-05,600519,14:18:55,1427.7600,10,2
2026-01-05,600519,14:18:58,1427.7600,13,2
2026-01-05,600519,14:19:01,1427.5400,10,2
2026-01-05,600519,14:19:04,1427.5699,13,1
2026-01-05,600519,14:19:07,1427.6801,7,1
2026-01-05,600519,14:19:10,1427.7500,1,1
2026-01-05,600519,14:19:13,1427.6500,6,1
2026-01-05,600519,14:19:16,1427.5400,3,2
2026-01-05,600519,14:19:19,1427.7000,5,1
2026-01-05,600519,14:19:22,1427.7000,5,1
2026-01-05,600519,14:19:25,1427.7700,14,1
2026-01-05,600519,14:19:28,1427.5400,7,2
2026-01-05,600519,14:19:31,1427.5400,10,2
2026-01-05,600519,14:19:34,1428.0000,135,1
2026-01-05,600519,14:19:37,1428.2700,17,1
2026-01-05,600519,14:19:40,1428.3300,6,1
2026-01-05,600519,14:19:43,1428.6000,10,1
2026-01-05,600519,14:19:46,1428.6600,5,1
2026-01-05,600519,14:19:49,1428.7500,11,1
2026-01-05,600519,14:19:52,1428.7500,3,1
2026-01-05,600519,14:19:55,1428.8500,30,1
2026-01-05,600519,14:19:58,1428.8400,3,2
2026-01-05,600519,14:20:01,1428.7600,10,2
2026-01-05,600519,14:20:04,1428.8000,6,2
2026-01-05,600519,14:20:07,1428.8000,8,1
2026-01-05,600519,14:20:10,1428.7500,4,2
2026-01-05,600519,14:20:13,1428.7500,7,4
2026-01-05,600519,14:20:16,1428.5500,10,2
2026-01-05,600519,14:20:19,1428.7400,9,1
2026-01-05,600519,14:20:22,1428.7500,9,1
2026-01-05,600519,14:20:25,1428.7400,8,2
2026-01-05,600519,14:20:28,1428.7400,9,1
2026-01-05,600519,14:20:31,1428.7200,5,1
2026-01-05,600519,14:20:34,1428.7400,1,1
2026-01-05,600519,14:20:37,1428.5100,12,2
2026-01-05,600519,14:20:40,1428.5500,9,1
2026-01-05,600519,14:20:43,1428.5500,5,1
2026-01-05,600519,14:20:46,1428.5699,33,1
2026-01-05,600519,14:20:49,1428.7000,8,1
2026-01-05,600519,14:20:52,1428.5500,11,2
2026-01-05,600519,14:20:55,1428.7200,3,1
2026-01-05,600519,14:20:58,1428.7200,4,1
2026-01-05,600519,14:21:01,1428.6100,11,2
2026-01-05,600519,14:21:04,1428.6400,8,1
2026-01-05,600519,14:21:07,1428.5601,3,2
2026-01-05,600519,14:21:10,1428.6100,6,2
2026-01-05,600519,14:21:13,1428.6500,5,1
2026-01-05,600519,14:21:16,1428.6801,4,1
2026-01-05,600519,14:21:19,1428.6400,7,1
2026-01-05,600519,14:21:22,1428.6400,13,2
2026-01-05,600519,14:21:25,1428.5601,4,2
2026-01-05,600519,14:21:28,1428.5601,5,2
2026-01-05,600519,14:21:31,1428.6000,3,4
2026-01-05,600519,14:21:34,1428.5601,5,2
2026-01-05,600519,14:21:37,1428.5601,3,2
2026-01-05,600519,14:21:40,1428.5900,27,1
2026-01-05,600519,14:21:43,1428.5500,27,2
2026-01-05,600519,14:21:46,1428.6300,11,2
2026-01-05,600519,14:21:49,1428.6100,11,2
2026-01-05,600519,14:21:52,1428.6300,10,2
2026-01-05,600519,14:21:55,1428.6100,4,2
2026-01-05,600519,14:21:58,1428.6000,6,2
2026-01-05,600519,14:22:01,1428.5900,5,2
2026-01-05,600519,14:22:04,1428.6300,17,1
2026-01-05,600519,14:22:07,1428.6000,20,2
2026-01-05,600519,14:22:10,1428.6300,5,1
2026-01-05,600519,14:22:13,1428.6300,9,1
2026-01-05,600519,14:22:16,1428.6100,19,2
2026-01-05,600519,14:22:19,1428.6000,8,2
2026-01-05,600519,14:22:22,1428.6000,6,1
2026-01-05,600519,14:22:25,1428.5500,23,2
2026-01-05,600519,14:22:28,1428.5500,9,2
2026-01-05,600519,14:22:31,1428.5601,8,1
2026-01-05,600519,14:22:34,1428.5601,11,1
2026-01-05,600519,14:22:37,1428.6000,5,1
2026-01-05,600519,14:22:40,1428.9000,71,1
2026-01-05,600519,14:22:43,1429.2600,53,1
2026-01-05,600519,14:22:46,1429.6100,23,1
2026-01-05,600519,14:22:49,1429.6600,29,1
2026-01-05,600519,14:22:52,1430.0000,36,1
2026-01-05,600519,14:22:55,1430.0000,47,1
2026-01-05,600519,14:22:58,1429.9900,17,2
2026-01-05,600519,14:23:01,1430.0000,46,1
2026-01-05,600519,14:23:04,1430.0500,60,1
2026-01-05,600519,14:23:07,1430.0601,19,2
2026-01-05,600519,14:23:10,1429.9900,4,2
2026-01-05,600519,14:23:16,1429.9900,7,1
2026-01-05,600519,14:23:19,1430.0200,2,1
2026-01-05,600519,14:23:22,1430.0000,21,1
2026-01-05,600519,14:23:25,1430.0000,5,1
2026-01-05,600519,14:23:28,1429.9700,8,1
2026-01-05,600519,14:23:31,1429.9700,4,1
2026-01-05,600519,14:23:34,1429.9301,10,1
2026-01-05,600519,14:23:37,1429.8800,9,2
2026-01-05,600519,14:23:40,1429.8800,1,1
2026-01-05,600519,14:23:43,1429.8800,10,1
2026-01-05,600519,14:23:46,1429.9800,16,1
2026-01-05,600519,14:23:49,1429.9800,15,2
2026-01-05,600519,14:23:52,1430.0000,17,1
2026-01-05,600519,14:23:55,1430.0000,3,1
2026-01-05,600519,14:23:58,1429.8800,13,2
2026-01-05,600519,14:24:01,1429.9301,10,2
2026-01-05,600519,14:24:04,1429.8500,1,2
2026-01-05,600519,14:24:10,1429.9500,37,1
2026-01-05,600519,14:24:13,1429.9301,5,1
2026-01-05,600519,14:24:16,1429.9301,5,1
2026-01-05,600519,14:24:19,1429.9500,1,1
2026-01-05,600519,14:24:22,1429.8500,8,2
2026-01-05,600519,14:24:25,1429.8500,10,2
2026-01-05,600519,14:24:28,1429.8400,10,1
2026-01-05,600519,14:24:31,1429.8900,18,1
2026-01-05,600519,14:24:34,1429.8600,7,2
2026-01-05,600519,14:24:40,1429.8700,1,2
2026-01-05,600519,14:24:43,1429.8900,9,1
2026-01-05,600519,14:24:46,1429.8700,3,4
2026-01-05,600519,14:24:49,1429.8600,4,1
2026-01-05,600519,14:24:52,1429.8900,13,1
2026-01-05,600519,14:24:55,1429.8101,6,2
2026-01-05,600519,14:24:58,1429.8500,14,1
2026-01-05,600519,14:25:01,1429.8101,2,2
2026-01-05,600519,14:25:04,1429.8101,1,2
2026-01-05,600519,14:25:07,1429.8199,5,1
2026-01-05,600519,14:25:10,1429.8101,7,2
2026-01-05,600519,14:25:13,1429.8199,5,1
2026-01-05,600519,14:25:16,1429.7800,3,2
2026-01-05,600519,14:25:19,1429.7100,5,2
2026-01-05,600519,14:25:22,1429.7700,6,1
2026-01-05,600519,14:25:28,1429.7700,8,1
2026-01-05,600519,14:25:31,1429.5400,4,2
2026-01-05,600519,14:25:34,1429.7700,26,1
2026-01-05,600519,14:25:37,1429.7800,12,1
2026-01-05,600519,14:25:40,1429.7900,2,1
2026-01-05,600519,14:25:43,1429.8101,16,1
2026-01-05,600519,14:25:46,1429.7800,13,2
2026-01-05,600519,14:25:49,1429.7800,4,2
2026-01-05,600519,14:25:52,1429.7800,2,2
2026-01-05,600519,14:25:55,1429.7800,9,2
2026-01-05,600519,14:25:58,1429.8000,11,1
2026-01-05,600519,14:26:01,1429.7800,2,2
2026-01-05,600519,14:26:04,1429.7600,8,2
2026-01-05,600519,14:26:07,1429.7700,2,1
2026-01-05,600519,14:26:10,1429.7800,26,1
2026-01-05,600519,14:26:13,1429.5900,3,2
2026-01-05,600519,14:26:16,1429.7800,3,1
2026-01-05,600519,14:26:19,1429.5900,7,1
2026-01-05,600519,14:26:22,1429.5800,4,1
2026-01-05,600519,14:26:25,1429.5800,6,1
2026-01-05,600519,14:26:28,1429.5800,19,1
2026-01-05,600519,14:26:31,1429.5699,4,2
2026-01-05,600519,14:26:34,1429.5699,10,2
2026-01-05,600519,14:26:37,1429.5800,4,1
2026-01-05,600519,14:26:40,1429.5800,6,2
2026-01-05,600519,14:26:43,1429.5601,8,2
2026-01-05,600519,14:26:46,1429.5601,3,1
2026-01-05,600519,14:26:49,1429.5500,7,2
2026-01-05,600519,14:26:52,1429.5500,5,1
2026-01-05,600519,14:26:55,1429.5500,10,1
2026-01-05,600519,14:26:58,1429.5300,4,4
2026-01-05,600519,14:27:01,1429.5200,8,2
2026-01-05,600519,14:27:04,1429.5000,8,2
2026-01-05,600519,14:27:07,1429.5100,4,2
2026-01-05,600519,14:27:10,1429.5200,2,1
2026-01-05,600519,14:27:13,1429.5000,2,1
2026-01-05,600519,14:27:16,1429.2900,4,2
2026-01-05,600519,14:27:19,1429.2300,8,2
2026-01-05,600519,14:27:22,1429.2300,4,2
2026-01-05,600519,14:27:25,1429.2000,7,2
2026-01-05,600519,14:27:28,1429.2000,2,1
2026-01-05,600519,14:27:31,1429.1400,3,2
2026-01-05,600519,14:27:34,1429.1000,9,2
2026-01-05,600519,14:27:37,1429.0200,3,2
2026-01-05,600519,14:27:40,1429.0000,9,2
2026-01-05,600519,14:27:43,1428.9800,14,2
2026-01-05,600519,14:27:46,1428.9301,7,2
2026-01-05,600519,14:27:49,1428.8800,4,2
2026-01-05,600519,14:27:52,1428.9000,6,2
2026-01-05,600519,14:27:55,1428.9600,8,1
2026-01-05,600519,14:27:58,1428.9000,5,1
2026-01-05,600519,14:28:01,1428.9000,7,1
2026-01-05,600519,14:28:04,1428.9700,8,1
2026-01-05,600519,14:28:07,1428.8000,17,2
2026-01-05,600519,14:28:10,1428.8000,4,1
2026-01-05,600519,14:28:16,1428.7300,3,2
2026-01-05,600519,14:28:19,1428.7100,3,2
2026-01-05,600519,14:28:22,1428.6600,11,2
2026-01-05,600519,14:28:25,1428.7000,8,1
2026-01-05,600519,14:28:28,1428.6000,4,2
2026-01-05,600519,14:28:31,1428.6300,12,2
2026-01-05,600519,14:28:34,1428.6000,1,2
2026-01-05,600519,14:28:37,1428.5601,8,2
2026-01-05,600519,14:28:40,1428.6000,11,2
2026-01-05,600519,14:28:43,1428.6400,13,1
2026-01-05,600519,14:28:46,1428.5601,3,2
2026-01-05,600519,14:28:49,1428.5500,4,2
2026-01-05,600519,14:28:52,1428.5500,18,2
2026-01-05,600519,14:28:55,1428.6000,15,1
2026-01-05,600519,14:28:58,1428.6000,4,2
2026-01-05,600519,14:29:01,1428.5500,6,2
2026-01-05,600519,14:29:04,1428.5500,1,1
2026-01-05,600519,14:29:07,1428.5500,6,1
2026-01-05,600519,14:29:10,1428.5500,1,2
2026-01-05,600519,14:29:13,1428.5400,4,2
2026-01-05,600519,14:29:16,1428.5400,8,2
2026-01-05,600519,14:29:19,1428.5400,1,1
2026-01-05,600519,14:29:22,1428.5400,7,1
2026-01-05,600519,14:29:25,1428.5300,3,1
2026-01-05,600519,14:29:28,1428.5200,3,2
2026-01-05,600519,14:29:31,1428.5300,13,1
2026-01-05,600519,14:29:40,1428.4399,14,2
2026-01-05,600519,14:29:43,1428.4800,4,1
2026-01-05,600519,14:29:46,1428.4399,8,2
2026-01-05,600519,14:29:49,1428.4600,13,2
2026-01-05,600519,14:29:52,1428.4301,4,2
2026-01-05,600519,14:29:55,1428.4301,7,2
2026-01-05,600519,14:29:58,1428.4301,10,2
2026-01-05,600519,14:30:01,1428.4301,6,2
2026-01-05,600519,14:30:04,1428.4301,6,2
2026-01-05,600519,14:30:07,1428.3101,5,2
2026-01-05,600519,14:30:10,1428.3700,15,1
2026-01-05,600519,14:30:13,1428.4100,8,1
2026-01-05,600519,14:30:16,1428.3101,13,1
2026-01-05,600519,14:30:19,1428.3900,8,1
2026-01-05,600519,14:30:25,1428.3700,9,1
2026-01-05,600519,14:30:28,1428.3900,7,1
2026-01-05,600519,14:30:31,1428.1600,6,2
2026-01-05,600519,14:30:34,1428.1600,8,2
2026-01-05,600519,14:30:37,1428.1500,9,2
2026-01-05,600519,14:30:40,1428.1500,15,2
2026-01-05,600519,14:30:43,1428.3400,5,1
2026-01-05,600519,14:30:46,1428.1500,15,1
2026-01-05,600519,14:30:49,1427.9900,17,2
2026-01-05,600519,14:30:52,1427.9900,2,2
2026-01-05,600519,14:30:55,1427.8500,4,2
2026-01-05,600519,14:30:58,1427.9900,8,1
2026-01-05,600519,14:31:01,1427.8500,5,2
2026-01-05,600519,14:31:04,1427.8800,6,1
2026-01-05,600519,14:31:07,1427.7400,6,2
2026-01-05,600519,14:31:10,1427.7600,2,1
2026-01-05,600519,14:31:13,1427.7300,7,2
2026-01-05,600519,14:31:16,1427.7200,3,2
2026-01-05,600519,14:31:19,1427.7100,7,2
2026-01-05,600519,14:31:22,1427.6500,11,2
2026-01-05,600519,14:31:25,1427.7200,8,1
2026-01-05,600519,14:31:28,1427.6700,3,1
2026-01-05,600519,14:31:31,1427.6000,7,2
2026-01-05,600519,14:31:34,1427.5699,3,2
2026-01-05,600519,14:31:37,1427.5699,6,2
2026-01-05,600519,14:31:46,1427.5699,5,1
2026-01-05,600519,14:31:49,1427.4399,3,2
2026-01-05,600519,14:31:52,1427.4399,5,2
2026-01-05,600519,14:31:55,1427.4000,27,2
2026-01-05,600519,14:31:58,1427.5400,5,1
2026-01-05,600519,14:32:01,1427.4100,2,2
2026-01-05,600519,14:32:04,1427.4399,11,1
2026-01-05,600519,14:32:07,1427.3800,3,2
2026-01-05,600519,14:32:10,1427.4900,6,1
2026-01-05,600519,14:32:13,1427.3700,4,1
2026-01-05,600519,14:32:16,1427.1200,5,2
2026-01-05,600519,14:32:19,1427.1200,7,1
2026-01-05,600519,14:32:22,1427.1899,8,1
2026-01-05,600519,14:32:25,1427.3700,19,1
2026-01-05,600519,14:32:28,1427.3700,13,2
2026-01-05,600519,14:32:31,1427.3700,8,1
2026-01-05,600519,14:32:34,1427.3700,8,1
2026-01-05,600519,14:32:37,1427.3700,16,1
2026-01-05,600519,14:32:40,1427.3199,2,2
2026-01-05,600519,14:32:43,1427.3600,3,1
2026-01-05,600519,14:32:46,1427.3700,9,1
2026-01-05,600519,14:32:49,1427.3101,11,2
2026-01-05,600519,14:32:52,1427.3101,5,2
2026-01-05,600519,14:32:55,1427.3000,1,2
2026-01-05,600519,14:32:58,1427.3101,4,1
2026-01-05,600519,14:33:01,1427.3000,5,1
2026-01-05,600519,14:33:04,1427.2900,8,4
2026-01-05,600519,14:33:07,1427.2200,17,2
2026-01-05,600519,14:33:13,1427.2600,5,1
2026-01-05,600519,14:33:16,1427.2800,14,1
2026-01-05,600519,14:33:19,1427.1700,3,1
2026-01-05,600519,14:33:22,1427.1200,5,2
2026-01-05,600519,14:33:25,1427.0400,3,2
2026-01-05,600519,14:33:28,1427.0900,4,2
2026-01-05,600519,14:33:31,1427.0100,10,2
2026-01-05,600519,14:33:34,1427.0000,8,2
2026-01-05,600519,14:33:37,1427.0000,15,2
2026-01-05,600519,14:33:40,1427.0000,14,2
2026-01-05,600519,14:33:43,1427.0100,16,4
2026-01-05,600519,14:33:46,1427.0000,22,2
2026-01-05,600519,14:33:49,1427.0000,4,2
2026-01-05,600519,14:33:52,1426.8300,10,2
2026-01-05,600519,14:33:55,1426.9800,4,1
2026-01-05,600519,14:33:58,1426.8000,11,2
2026-01-05,600519,14:34:01,1426.8199,11,1
2026-01-05,600519,14:34:04,1426.6899,2,2
2026-01-05,600519,14:34:07,1426.6600,9,2
2026-01-05,600519,14:34:10,1426.6500,3,2
2026-01-05,600519,14:34:13,1426.3700,17,2
2026-01-05,600519,14:34:16,1426.3600,14,2
2026-01-05,600519,14:34:19,1426.3600,27,1
2026-01-05,600519,14:34:22,1426.3500,10,1
2026-01-05,600519,14:34:25,1426.3199,4,2
2026-01-05,600519,14:34:28,1426.2800,5,2
2026-01-05,600519,14:34:31,1426.2800,7,2
2026-01-05,600519,14:34:34,1426.2600,7,2
2026-01-05,600519,14:34:37,1426.0500,13,2
2026-01-05,600519,14:34:40,1426.1801,5,2
2026-01-05,600519,14:34:43,1426.1801,1,1
2026-01-05,600519,14:34:46,1426.0800,8,2
2026-01-05,600519,14:34:49,1426.0100,11,2
2026-01-05,600519,14:34:52,1426.0000,10,2
2026-01-05,600519,14:34:55,1425.9900,7,2
2026-01-05,600519,14:34:58,1425.8500,6,2
2026-01-05,600519,14:35:01,1425.9800,8,1
2026-01-05,600519,14:35:04,1425.8700,6,2
2026-01-05,600519,14:35:07,1425.8101,10,2
2026-01-05,600519,14:35:10,1425.8101,6,2
2026-01-05,600519,14:35:13,1425.8101,7,2
2026-01-05,600519,14:35:16,1425.8101,13,2
2026-01-05,600519,14:35:19,1425.7700,6,2
2026-01-05,600519,14:35:22,1425.7400,4,2
2026-01-05,600519,14:35:25,1425.6000,13,2
2026-01-05,600519,14:35:28,1425.6899,6,1
2026-01-05,600519,14:35:31,1425.5500,2,2
2026-01-05,600519,14:35:34,1425.4301,19,2
2026-01-05,600519,14:35:37,1425.4301,10,2
2026-01-05,600519,14:35:40,1425.4301,20,1
2026-01-05,600519,14:35:43,1425.3800,6,2
2026-01-05,600519,14:35:46,1425.2700,13,2
2026-01-05,600519,14:35:49,1425.3800,44,1
2026-01-05,600519,14:35:52,1425.0000,9,2
2026-01-05,600519,14:35:55,1425.0000,14,2
2026-01-05,600519,14:35:58,1425.0000,11,1
2026-01-05,600519,14:36:01,1425.0000,14,2
2026-01-05,600519,14:36:04,1425.3900,37,1
2026-01-05,600519,14:36:07,1425.5601,38,1
2026-01-05,600519,14:36:10,1425.8101,34,1
2026-01-05,600519,14:36:13,1425.9900,27,1
2026-01-05,600519,14:36:16,1426.0100,14,1
2026-01-05,600519,14:36:19,1425.7700,21,2
2026-01-05,600519,14:36:22,1425.5699,24,2
2026-01-05,600519,14:36:25,1426.0000,17,1
2026-01-05,600519,14:36:28,1425.5800,7,2
2026-01-05,600519,14:36:31,1425.9900,5,1
2026-01-05,600519,14:36:34,1425.8500,6,1
2026-01-05,600519,14:36:37,1425.9800,8,1
2026-01-05,600519,14:36:40,1425.9100,9,2
2026-01-05,600519,14:36:43,1425.9800,3,1
2026-01-05,600519,14:36:46,1426.0000,20,1
2026-01-05,600519,14:36:49,1426.0000,17,2
2026-01-05,600519,14:36:52,1426.0100,6,2
2026-01-05,600519,14:36:55,1426.0000,33,2
2026-01-05,600519,14:36:58,1426.0000,10,1
2026-01-05,600519,14:37:01,1426.0000,5,1
2026-01-05,600519,14:37:04,1426.1300,16,1
2026-01-05,600519,14:37:07,1426.1400,2,2
2026-01-05,600519,14:37:10,1426.3101,5,1
2026-01-05,600519,14:37:13,1426.4200,10,1
2026-01-05,600519,14:37:16,1426.6801,3,1
2026-01-05,600519,14:37:19,1426.5500,4,2
2026-01-05,600519,14:37:22,1426.8300,14,1
2026-01-05,600519,14:37:25,1426.8300,19,2
2026-01-05,600519,14:37:28,1427.0400,7,1
2026-01-05,600519,14:37:31,1427.0200,10,1
2026-01-05,600519,14:37:34,1427.1600,17,1
2026-01-05,600519,14:37:37,1427.2000,28,1
2026-01-05,600519,14:37:40,1427.3700,15,1
2026-01-05,600519,14:37:43,1427.5300,17,1
2026-01-05,600519,14:37:46,1427.5500,1,1
2026-01-05,600519,14:37:49,1427.6300,27,1
2026-01-05,600519,14:37:52,1427.6300,9,2
2026-01-05,600519,14:37:55,1427.8600,36,2
2026-01-05,600519,14:37:58,1428.1500,61,1
2026-01-05,600519,14:38:01,1427.8900,10,2
2026-01-05,600519,14:38:04,1428.0000,7,1
2026-01-05,600519,14:38:07,1428.0000,8,2
2026-01-05,600519,14:38:10,1428.3101,9,1
2026-01-05,600519,14:38:13,1428.3600,11,1
2026-01-05,600519,14:38:16,1428.3199,22,2
2026-01-05,600519,14:38:19,1428.2400,4,2
2026-01-05,600519,14:38:22,1428.2400,12,2
2026-01-05,600519,14:38:25,1428.3000,5,1
2026-01-05,600519,14:38:28,1428.3000,5,2
2026-01-05,600519,14:38:31,1428.1801,23,2
2026-01-05,600519,14:38:34,1428.1801,8,2
2026-01-05,600519,14:38:37,1428.1801,5,2
2026-01-05,600519,14:38:40,1428.1801,7,2
2026-01-05,600519,14:38:43,1428.3000,8,1
2026-01-05,600519,14:38:46,1428.1899,5,2
2026-01-05,600519,14:38:49,1428.1300,1,2
2026-01-05,600519,14:38:52,1428.1300,9,1
2026-01-05,600519,14:38:55,1428.0800,14,2
2026-01-05,600519,14:38:58,1428.0800,7,2
2026-01-05,600519,14:39:01,1428.0800,5,1
2026-01-05,600519,14:39:04,1428.1300,7,1
2026-01-05,600519,14:39:07,1428.1801,9,1
2026-01-05,600519,14:39:10,1428.0800,4,2
2026-01-05,600519,14:39:13,1428.0699,9,2
2026-01-05,600519,14:39:16,1428.0000,5,2
2026-01-05,600519,14:39:19,1428.0000,4,2
2026-01-05,600519,14:39:22,1428.0699,16,1
2026-01-05,600519,14:39:25,1428.0800,17,1
2026-01-05,600519,14:39:28,1428.0699,11,1
2026-01-05,600519,14:39:31,1427.8900,15,2
2026-01-05,600519,14:39:34,1428.1300,15,1
2026-01-05,600519,14:39:37,1428.1300,8,1
2026-01-05,600519,14:39:40,1428.1801,7,1
2026-01-05,600519,14:39:43,1427.8900,2,2
2026-01-05,600519,14:39:46,1427.8900,8,2
2026-01-05,600519,14:39:49,1428.0100,10,2
2026-01-05,600519,14:39:52,1428.1100,10,1
2026-01-05,600519,14:39:55,1428.1700,6,1
2026-01-05,600519,14:39:58,1428.1100,20,2
2026-01-05,600519,14:40:01,1428.1200,12,2
2026-01-05,600519,14:40:04,1428.1500,14,1
2026-01-05,600519,14:40:07,1428.1500,13,2
2026-01-05,600519,14:40:10,1428.1801,10,1
2026-01-05,600519,14:40:13,1428.1899,14,1
2026-01-05,600519,14:40:16,1428.1500,6,2
2026-01-05,600519,14:40:19,1428.2000,9,1
2026-01-05,600519,14:40:22,1428.2000,10,1
2026-01-05,600519,14:40:25,1428.3800,25,1
2026-01-05,600519,14:40:28,1428.4301,14,1
2026-01-05,600519,14:40:31,1428.5601,30,1
2026-01-05,600519,14:40:34,1428.6600,21,1
2026-01-05,600519,14:40:37,1428.7000,19,1
2026-01-05,600519,14:40:40,1428.8800,11,1
2026-01-05,600519,14:40:43,1428.8800,15,1
2026-01-05,600519,14:40:46,1429.0000,8,1
2026-01-05,600519,14:40:49,1428.9900,13,4
2026-01-05,600519,14:40:52,1428.9800,47,2
2026-01-05,600519,14:40:55,1429.0000,28,1
2026-01-05,600519,14:40:58,1429.0100,8,2
2026-01-05,600519,14:41:01,1429.2300,19,1
2026-01-05,600519,14:41:04,1429.2900,9,1
2026-01-05,600519,14:41:07,1429.3400,11,1
2026-01-05,600519,14:41:10,1429.5000,12,1
2026-01-05,600519,14:41:13,1429.5100,9,1
2026-01-05,600519,14:41:16,1429.5500,22,1
2026-01-05,600519,14:41:22,1429.5800,17,1
2026-01-05,600519,14:41:25,1429.7700,11,1
2026-01-05,600519,14:41:28,1429.7700,2,2
2026-01-05,600519,14:41:31,1429.8000,17,1
2026-01-05,600519,14:41:34,1429.7800,18,2
2026-01-05,600519,14:41:37,1429.8199,13,1
2026-01-05,600519,14:41:40,1429.8000,11,4
2026-01-05,600519,14:41:43,1429.7800,15,2
2026-01-05,600519,14:41:46,1429.8000,11,1
2026-01-05,600519,14:41:49,1429.7800,21,2
2026-01-05,600519,14:41:52,1429.7700,22,2
2026-01-05,600519,14:41:55,1429.8000,10,1
2026-01-05,600519,14:41:58,1429.7700,16,2
2026-01-05,600519,14:42:01,1429.7700,8,2
2026-01-05,600519,14:42:04,1429.7400,27,2
2026-01-05,600519,14:42:07,1429.5000,115,2
2026-01-05,600519,14:42:10,1429.5000,16,1
2026-01-05,600519,14:42:13,1429.2200,12,2
2026-01-05,600519,14:42:16,1429.2200,4,2
2026-01-05,600519,14:42:19,1429.2200,7,2
2026-01-05,600519,14:42:22,1429.2300,10,1
2026-01-05,600519,14:42:25,1429.2100,4,2
2026-01-05,600519,14:42:28,1429.2100,3,2
2026-01-05,600519,14:42:31,1429.2200,6,1
2026-01-05,600519,14:42:34,1429.2000,21,2
2026-01-05,600519,14:42:37,1429.2000,6,2
2026-01-05,600519,14:42:40,1429.2100,28,1
2026-01-05,600519,14:42:43,1429.1801,4,2
2026-01-05,600519,14:42:46,1429.1801,5,2
2026-01-05,600519,14:42:49,1429.1600,2,1
2026-01-05,600519,14:42:52,1428.9000,9,2
2026-01-05,600519,14:42:55,1428.8400,7,2
2026-01-05,600519,14:42:58,1428.7400,3,2
2026-01-05,600519,14:43:01,1428.9600,4,1
2026-01-05,600519,14:43:04,1428.7200,12,2
2026-01-05,600519,14:43:07,1428.6801,6,2
2026-01-05,600519,14:43:10,1428.6801,6,1
2026-01-05,600519,14:43:13,1428.3101,4,2
2026-01-05,600519,14:43:16,1428.3101,3,2
2026-01-05,600519,14:43:19,1428.2400,2,2
2026-01-05,600519,14:43:22,1428.3101,4,1
2026-01-05,600519,14:43:25,1428.2900,13,1
2026-01-05,600519,14:43:28,1428.2800,7,1
2026-01-05,600519,14:43:31,1428.1801,6,2
2026-01-05,600519,14:43:34,1427.8700,12,2
2026-01-05,600519,14:43:37,1428.1600,12,1
2026-01-05,600519,14:43:40,1427.8500,6,2
2026-01-05,600519,14:43:43,1427.8800,5,2
2026-01-05,600519,14:43:46,1428.0000,9,2
2026-01-05,600519,14:43:49,1428.0100,7,2
2026-01-05,600519,14:43:52,1427.8500,15,2
2026-01-05,600519,14:43:55,1427.4700,9,2
2026-01-05,600519,14:43:58,1427.4100,3,2
2026-01-05,600519,14:44:01,1427.7100,5,1
2026-01-05,600519,14:44:04,1427.0300,10,2
2026-01-05,600519,14:44:07,1427.3800,4,2
2026-01-05,600519,14:44:10,1427.0200,3,2
2026-01-05,600519,14:44:13,1427.3800,2,1
2026-01-05,600519,14:44:16,1427.0200,4,2
2026-01-05,600519,14:44:19,1427.0400,11,1
2026-01-05,600519,14:44:22,1427.0200,7,1
2026-01-05,600519,14:44:25,1427.0000,6,2
2026-01-05,600519,14:44:28,1426.9600,8,2
2026-01-05,600519,14:44:31,1426.8300,8,2
2026-01-05,600519,14:44:34,1426.9800,9,1
2026-01-05,600519,14:44:37,1426.8800,4,2
2026-01-05,600519,14:44:40,1426.8400,3,2
2026-01-05,600519,14:44:43,1426.8700,5,1
2026-01-05,600519,14:44:46,1426.8300,6,2
2026-01-05,600519,14:44:49,1426.8000,15,2
2026-01-05,600519,14:44:52,1426.8000,4,1
2026-01-05,600519,14:44:55,1427.0100,65,1
2026-01-05,600519,14:44:58,1426.8300,75,2
2026-01-05,600519,14:45:01,1426.8800,12,1
2026-01-05,600519,14:45:04,1427.0000,13,1
2026-01-05,600519,14:45:07,1426.7100,12,2
2026-01-05,600519,14:45:10,1426.6100,5,2
2026-01-05,600519,14:45:13,1426.7000,7,1
2026-01-05,600519,14:45:16,1426.5200,13,2
2026-01-05,600519,14:45:19,1426.6100,7,1
2026-01-05,600519,14:45:22,1426.5000,4,2
2026-01-05,600519,14:45:25,1426.4301,5,2
2026-01-05,600519,14:45:28,1426.3000,9,2
2026-01-05,600519,14:45:31,1426.3400,8,2
2026-01-05,600519,14:45:34,1426.2900,6,2
2026-01-05,600519,14:45:37,1426.2900,7,1
2026-01-05,600519,14:45:40,1426.2800,16,1
2026-01-05,600519,14:45:43,1426.2500,7,2
2026-01-05,600519,14:45:46,1426.4200,10,1
2026-01-05,600519,14:45:49,1426.3500,9,1
2026-01-05,600519,14:45:52,1426.4200,6,1
2026-01-05,600519,14:45:55,1426.4301,11,1
2026-01-05,600519,14:45:58,1426.5300,10,1
2026-01-05,600519,14:46:01,1426.4900,14,2
2026-01-05,600519,14:46:04,1426.5601,28,1
2026-01-05,600519,14:46:07,1426.5500,6,1
2026-01-05,600519,14:46:10,1426.5100,5,2
2026-01-05,600519,14:46:13,1426.5000,23,2
2026-01-05,600519,14:46:16,1426.4900,10,2
2026-01-05,600519,14:46:19,1426.4301,7,2
2026-01-05,600519,14:46:22,1426.5601,12,1
2026-01-05,600519,14:46:25,1426.4399,3,2
2026-01-05,600519,14:46:28,1426.4200,13,2
2026-01-05,600519,14:46:31,1426.4600,5,1
2026-01-05,600519,14:46:34,1426.4700,4,1
2026-01-05,600519,14:46:37,1426.5000,10,1
2026-01-05,600519,14:46:40,1426.5601,13,1
2026-01-05,600519,14:46:43,1426.5699,5,1
2026-01-05,600519,14:46:46,1426.5601,6,1
2026-01-05,600519,14:46:52,1426.5800,1,2
2026-01-05,600519,14:46:55,1426.5900,4,2
2026-01-05,600519,14:46:58,1426.5900,10,2
2026-01-05,600519,14:47:01,1426.6100,10,2
2026-01-05,600519,14:47:04,1426.6100,5,2
2026-01-05,600519,14:47:07,1426.5900,14,2
2026-01-05,600519,14:47:10,1426.5800,6,4
2026-01-05,600519,14:47:13,1426.6500,13,1
2026-01-05,600519,14:47:16,1426.5400,9,2
2026-01-05,600519,14:47:19,1426.5500,11,2
2026-01-05,600519,14:47:22,1426.6100,6,1
2026-01-05,600519,14:47:25,1426.6500,6,1
2026-01-05,600519,14:47:28,1426.6000,15,2
2026-01-05,600519,14:47:31,1426.9900,6,2
2026-01-05,600519,14:47:34,1427.0000,29,1
2026-01-05,600519,14:47:37,1427.0000,15,1
2026-01-05,600519,14:47:40,1427.0000,3,1
2026-01-05,600519,14:47:43,1426.9900,12,2
2026-01-05,600519,14:47:46,1426.9900,1,1
2026-01-05,600519,14:47:49,1426.9900,2,1
2026-01-05,600519,14:47:52,1426.9900,5,1
2026-01-05,600519,14:47:55,1426.9800,6,2
2026-01-05,600519,14:47:58,1426.9700,4,2
2026-01-05,600519,14:48:01,1426.9399,6,2
2026-01-05,600519,14:48:04,1426.9500,4,2
2026-01-05,600519,14:48:07,1426.9700,8,1
2026-01-05,600519,14:48:10,1426.9800,9,1
2026-01-05,600519,14:48:13,1426.9500,5,2
2026-01-05,600519,14:48:16,1426.9900,8,1
2026-01-05,600519,14:48:19,1426.9700,11,2
2026-01-05,600519,14:48:22,1426.9800,7,4
2026-01-05,600519,14:48:25,1426.9500,4,2
2026-01-05,600519,14:48:28,1426.9500,10,2
2026-01-05,600519,14:48:31,1426.9500,8,4
2026-01-05,600519,14:48:34,1426.9500,5,2
2026-01-05,600519,14:48:37,1426.9900,12,1
2026-01-05,600519,14:48:40,1426.9600,5,2
2026-01-05,600519,14:48:43,1426.9500,2,2
2026-01-05,600519,14:48:46,1426.9500,19,2
2026-01-05,600519,14:48:49,1426.9800,9,1
2026-01-05,600519,14:48:52,1426.9500,7,2
2026-01-05,600519,14:48:55,1426.8000,19,2
2026-01-05,600519,14:48:58,1426.9500,17,1
2026-01-05,600519,14:49:01,1426.9399,7,1
2026-01-05,600519,14:49:04,1426.9399,2,1
2026-01-05,600519,14:49:07,1426.8101,8,2
2026-01-05,600519,14:49:10,1426.9500,13,1
2026-01-05,600519,14:49:13,1426.8101,10,2
2026-01-05,600519,14:49:16,1426.8101,4,1
2026-01-05,600519,14:49:19,1426.7800,6,2
2026-01-05,600519,14:49:22,1426.8000,5,2
2026-01-05,600519,14:49:25,1426.8000,6,2
2026-01-05,600519,14:49:28,1426.9500,19,1
2026-01-05,600519,14:49:31,1426.9100,3,1
2026-01-05,600519,14:49:34,1426.8000,2,2
2026-01-05,600519,14:49:37,1426.7400,11,2
2026-01-05,600519,14:49:40,1426.8000,6,2
2026-01-05,600519,14:49:43,1426.8500,15,1
2026-01-05,600519,14:49:46,1426.8000,8,1
2026-01-05,600519,14:49:49,1426.7500,5,2
2026-01-05,600519,14:49:52,1426.7000,4,2
2026-01-05,600519,14:49:55,1426.7000,11,2
2026-01-05,600519,14:49:58,1426.5500,16,2
2026-01-05,600519,14:50:01,1426.5699,8,2
2026-01-05,600519,14:50:04,1426.6100,44,1
2026-01-05,600519,14:50:07,1426.0300,16,2
2026-01-05,600519,14:50:10,1426.1300,21,1
2026-01-05,600519,14:50:13,1426.0300,4,2
2026-01-05,600519,14:50:16,1426.0200,26,2
2026-01-05,600519,14:50:19,1426.0300,11,1
2026-01-05,600519,14:50:22,1426.0300,7,1
2026-01-05,600519,14:50:25,1426.0100,1,1
2026-01-05,600519,14:50:28,1425.9301,9,2
2026-01-05,600519,14:50:31,1425.9200,5,2
2026-01-05,600519,14:50:34,1425.8400,10,2
2026-01-05,600519,14:50:37,1425.9200,1,2
2026-01-05,600519,14:50:40,1425.9200,13,2
2026-01-05,600519,14:50:43,1425.9200,2,4
2026-01-05,600519,14:50:49,1425.9100,15,2
2026-01-05,600519,14:50:52,1425.9100,3,4
2026-01-05,600519,14:50:55,1425.8800,4,2
2026-01-05,600519,14:50:58,1425.8900,9,4
2026-01-05,600519,14:51:01,1425.8900,27,1
2026-01-05,600519,14:51:04,1425.9000,9,4
2026-01-05,600519,14:51:07,1425.8800,31,2
2026-01-05,600519,14:51:10,1425.9301,24,1
2026-01-05,600519,14:51:13,1425.8800,2,2
2026-01-05,600519,14:51:16,1425.9000,2,1
2026-01-05,600519,14:51:19,1425.8600,23,2
2026-01-05,600519,14:51:22,1425.8500,2,2
2026-01-05,600519,14:51:25,1425.8600,16,1
2026-01-05,600519,14:51:28,1425.8300,8,2
2026-01-05,600519,14:51:31,1425.8400,7,2
2026-01-05,600519,14:51:34,1425.8300,3,2
2026-01-05,600519,14:51:37,1425.8300,4,2
2026-01-05,600519,14:51:40,1425.8300,11,2
2026-01-05,600519,14:51:43,1425.8300,8,1
2026-01-05,600519,14:51:46,1425.8300,5,1
2026-01-05,600519,14:51:49,1425.8101,23,2
2026-01-05,600519,14:51:52,1425.8300,7,1
2026-01-05,600519,14:51:55,1425.8600,10,1
2026-01-05,600519,14:51:58,1425.7100,13,2
2026-01-05,600519,14:52:01,1425.8500,14,1
2026-01-05,600519,14:52:04,1425.8900,14,1
2026-01-05,600519,14:52:07,1425.8900,9,1
2026-01-05,600519,14:52:10,1425.8800,44,2
2026-01-05,600519,14:52:13,1425.9301,7,1
2026-01-05,600519,14:52:16,1425.9800,12,1
2026-01-05,600519,14:52:19,1426.0000,42,1
2026-01-05,600519,14:52:22,1426.0000,8,2
2026-01-05,600519,14:52:25,1426.0100,8,2
2026-01-05,600519,14:52:28,1426.0000,17,2
2026-01-05,600519,14:52:31,1426.5800,31,1
2026-01-05,600519,14:52:34,1426.5800,15,2
2026-01-05,600519,14:52:37,1426.6000,3,1
2026-01-05,600519,14:52:40,1426.5800,8,2
2026-01-05,600519,14:52:43,1426.6000,23,1
2026-01-05,600519,14:52:46,1426.7400,9,1
2026-01-05,600519,14:52:49,1426.5900,25,2
2026-01-05,600519,14:52:52,1426.3900,8,2
2026-01-05,600519,14:52:55,1426.3199,15,2
2026-01-05,600519,14:52:58,1426.1100,9,2
2026-01-05,600519,14:53:01,1426.0400,12,2
2026-01-05,600519,14:53:04,1426.0100,26,2
2026-01-05,600519,14:53:07,1426.0400,9,1
2026-01-05,600519,14:53:10,1426.3101,31,1
2026-01-05,600519,14:53:13,1426.6500,15,1
2026-01-05,600519,14:53:16,1426.8600,31,1
2026-01-05,600519,14:53:19,1426.8600,61,2
2026-01-05,600519,14:53:22,1426.8300,15,2
2026-01-05,600519,14:53:25,1427.0000,1,1
2026-01-05,600519,14:53:28,1427.0000,70,1
2026-01-05,600519,14:53:31,1427.0000,27,2
2026-01-05,600519,14:53:34,1427.0000,18,2
2026-01-05,600519,14:53:37,1427.0000,9,2
2026-01-05,600519,14:53:40,1427.0000,13,2
2026-01-05,600519,14:53:43,1427.0000,24,2
2026-01-05,600519,14:53:46,1427.0000,14,1
2026-01-05,600519,14:53:49,1426.9900,7,1
2026-01-05,600519,14:53:52,1426.9900,12,1
2026-01-05,600519,14:53:55,1426.9900,17,2
2026-01-05,600519,14:53:58,1426.9900,9,2
2026-01-05,600519,14:54:01,1427.0000,20,1
2026-01-05,600519,14:54:04,1426.9900,8,2
2026-01-05,600519,14:54:07,1426.9800,30,2
2026-01-05,600519,14:54:10,1426.9900,7,1
2026-01-05,600519,14:54:13,1426.9301,13,2
2026-01-05,600519,14:54:16,1426.9800,8,1
2026-01-05,600519,14:54:19,1426.8800,1,2
2026-01-05,600519,14:54:22,1426.9100,7,1
2026-01-05,600519,14:54:25,1426.8900,6,2
2026-01-05,600519,14:54:28,1426.9301,17,1
2026-01-05,600519,14:54:31,1426.8900,8,2
2026-01-05,600519,14:54:34,1426.8900,7,2
2026-01-05,600519,14:54:37,1426.8900,4,2
2026-01-05,600519,14:54:40,1426.8900,6,2
2026-01-05,600519,14:54:43,1426.8800,24,2
2026-01-05,600519,14:54:46,1426.8800,10,2
2026-01-05,600519,14:54:49,1426.8800,9,2
2026-01-05,600519,14:54:52,1426.8900,5,1
2026-01-05,600519,14:54:55,1426.8800,7,2
2026-01-05,600519,14:54:58,1426.8600,25,2
2026-01-05,600519,14:55:01,1426.8800,9,1
2026-01-05,600519,14:55:04,1426.8101,23,2
2026-01-05,600519,14:55:07,1426.8700,5,1
2026-01-05,600519,14:55:10,1426.8300,2,2
2026-01-05,600519,14:55:13,1426.8000,15,2
2026-01-05,600519,14:55:16,1426.6500,26,2
2026-01-05,600519,14:55:19,1426.5100,17,2
2026-01-05,600519,14:55:22,1426.5000,17,2
2026-01-05,600519,14:55:25,1426.4000,6,2
2026-01-05,600519,14:55:28,1426.5100,18,1
2026-01-05,600519,14:55:31,1426.4700,12,1
2026-01-05,600519,14:55:34,1426.4700,5,1
2026-01-05,600519,14:55:37,1426.3700,15,2
2026-01-05,600519,14:55:40,1426.0500,23,2
2026-01-05,600519,14:55:43,1426.0300,16,2
2026-01-05,600519,14:55:46,1426.0000,15,2
2026-01-05,600519,14:55:49,1426.0100,12,1
2026-01-05,600519,14:55:52,1425.8900,12,2
2026-01-05,600519,14:55:55,1425.8900,10,2
2026-01-05,600519,14:55:58,1426.0000,10,1
2026-01-05,600519,14:56:01,1426.0000,15,1
2026-01-05,600519,14:56:04,1425.8500,27,2
2026-01-05,600519,14:56:07,1425.8300,22,2
2026-01-05,600519,14:56:10,1425.9900,9,1
2026-01-05,600519,14:56:13,1425.8500,5,1
2026-01-05,600519,14:56:16,1425.7100,14,2
2026-01-05,600519,14:56:19,1425.7000,14,2
2026-01-05,600519,14:56:22,1425.7000,12,2
2026-01-05,600519,14:56:25,1425.6500,9,2
2026-01-05,600519,14:56:28,1425.7100,11,1
2026-01-05,600519,14:56:31,1425.7100,19,2
2026-01-05,600519,14:56:34,1425.7100,12,1
2026-01-05,600519,14:56:37,1425.7200,3,2
2026-01-05,600519,14:56:40,1425.7200,3,2
2026-01-05,600519,14:56:43,1425.7300,7,2
2026-01-05,600519,14:56:46,1426.0000,13,1
2026-01-05,600519,14:56:49,1425.8800,2,2
2026-01-05,600519,14:56:52,1425.7400,5,2
2026-01-05,600519,14:56:55,1425.9900,5,1
2026-01-05,600519,14:56:58,1425.9900,3,2
2026-01-05,600519,14:57:01,1425.9900,3,2
2026-01-05,600519,15:00:03,1426.0000,546,4
2026-01-05,600519,13:15:52,1414.6600,3,1
2026-01-05,600519,13:15:55,1414.6600,10,1
2026-01-05,600519,13:15:58,1414.5300,156,2
2026-01-05,600519,13:16:01,1414.5601,18,1
2026-01-05,600519,13:16:04,1414.5100,1,2
2026-01-05,600519,13:16:07,1414.5100,3,2
2026-01-05,600519,13:16:10,1414.5000,6,2
2026-01-05,600519,13:16:13,1414.5000,6,2
2026-01-05,600519,13:16:16,1414.3300,8,2
2026-01-05,600519,13:16:19,1414.0900,9,2
2026-01-05,600519,13:16:22,1414.0000,5,2
2026-01-05,600519,13:16:25,1413.8300,14,2
2026-01-05,600519,13:16:28,1413.8400,12,2
2026-01-05,600519,13:16:31,1413.8900,5,1
2026-01-05,600519,13:16:34,1413.8300,7,1
2026-01-05,600519,13:16:37,1413.8300,2,1
2026-01-05,600519,13:16:40,1413.8101,1,1
2026-01-05,600519,13:16:43,1413.8300,19,1
2026-01-05,600519,13:16:46,1413.9900,10,1
2026-01-05,600519,13:16:49,1413.8300,6,2
2026-01-05,600519,13:16:52,1413.8300,7,2
2026-01-05,600519,13:16:55,1414.0000,7,1
2026-01-05,600519,13:16:58,1414.0000,7,2
2026-01-05,600519,13:17:01,1414.2600,8,1
2026-01-05,600519,13:17:04,1414.2500,3,2
2026-01-05,600519,13:17:07,1414.2500,7,2
2026-01-05,600519,13:17:10,1414.2500,6,2
2026-01-05,600519,13:17:13,1414.2400,9,2
2026-01-05,600519,13:17:16,1413.9399,8,2
2026-01-05,600519,13:17:22,1414.2000,2,1
2026-01-05,600519,13:17:25,1414.2400,4,1
2026-01-05,600519,13:17:28,1414.1300,3,1
2026-01-05,600519,13:17:31,1414.2400,7,1
2026-01-05,600519,13:17:34,1414.0000,1,2
2026-01-05,600519,13:17:37,1414.2400,8,1
2026-01-05,600519,13:17:40,1413.9800,3,2
2026-01-05,600519,13:17:43,1413.9800,6,1
2026-01-05,600519,13:17:46,1413.9800,2,1
2026-01-05,600519,13:17:49,1413.8900,2,2
2026-01-05,600519,13:17:52,1413.8900,4,2
2026-01-05,600519,13:17:55,1413.8900,3,2
2026-01-05,600519,13:17:58,1413.8900,4,2
2026-01-05,600519,13:18:01,1413.8800,2,2
2026-01-05,600519,13:18:07,1413.9800,10,1
2026-01-05,600519,13:18:10,1413.8800,4,2
2026-01-05,600519,13:18:13,1413.8800,6,2
2026-01-05,600519,13:18:16,1413.8800,1,2
2026-01-05,600519,13:18:19,1413.8800,10,2
2026-01-05,600519,13:18:22,1413.8800,5,1
2026-01-05,600519,13:18:25,1413.8700,7,2
2026-01-05,600519,13:18:28,1413.8800,6,1
2026-01-05,600519,13:18:31,1413.8400,5,2
2026-01-05,600519,13:18:34,1413.8500,5,2
2026-01-05,600519,13:18:37,1413.8300,18,2
2026-01-05,600519,13:18:40,1413.8300,9,2
2026-01-05,600519,13:18:43,1413.5000,54,2
2026-01-05,600519,13:18:46,1413.2300,18,2
2026-01-05,600519,13:18:49,1413.3600,7,1
2026-01-05,600519,13:18:52,1413.4900,4,1
2026-01-05,600519,13:18:55,1413.3101,8,2
2026-01-05,600519,13:18:58,1413.0100,6,2
2026-01-05,600519,13:19:01,1413.0100,3,2
2026-01-05,600519,13:19:04,1413.0100,7,2
2026-01-05,600519,13:19:07,1413.2800,19,1
2026-01-05,600519,13:19:10,1413.2800,41,2
2026-01-05,600519,13:19:13,1413.2800,15,2
2026-01-05,600519,13:19:16,1413.2800,4,2
2026-01-05,600519,13:19:19,1413.1899,6,2
2026-01-05,600519,13:19:22,1413.1899,5,2
2026-01-05,600519,13:19:25,1413.1899,7,2
2026-01-05,600519,13:19:28,1412.9600,2,2
2026-01-05,600519,13:19:31,1412.9600,1,2
2026-01-05,600519,13:19:34,1412.9600,3,2
2026-01-05,600519,13:19:37,1412.8900,10,2
2026-01-05,600519,13:19:40,1412.8800,1,2
2026-01-05,600519,13:19:43,1412.8800,16,2
2026-01-05,600519,13:19:46,1413.0000,41,1
2026-01-05,600519,13:19:49,1412.8800,20,2
2026-01-05,600519,13:19:52,1412.8800,10,2
2026-01-05,600519,13:19:55,1412.8800,12,2
2026-01-05,600519,13:19:58,1412.8800,3,2
2026-01-05,600519,13:20:01,1413.0000,23,1
2026-01-05,600519,13:20:04,1413.0400,21,1
2026-01-05,600519,13:20:07,1413.0100,4,2
2026-01-05,600519,13:20:10,1413.0699,9,1
2026-01-05,600519,13:20:13,1413.0200,6,2
2026-01-05,600519,13:20:16,1413.1400,10,1
2026-01-05,600519,13:20:19,1413.4500,18,1
2026-01-05,600519,13:20:22,1413.0000,102,2
2026-01-05,600519,13:20:25,1413.0200,13,2
2026-01-05,600519,13:20:28,1413.0100,6,2
2026-01-05,600519,13:20:31,1413.0200,3,2
2026-01-05,600519,13:20:34,1413.0200,5,2
2026-01-05,600519,13:20:37,1413.0200,5,2
2026-01-05,600519,13:20:40,1413.1700,8,1
2026-01-05,600519,13:20:43,1413.1100,10,2
2026-01-05,600519,13:20:46,1413.1300,8,2
2026-01-05,600519,13:20:55,1413.1600,9,1
2026-01-05,600519,13:20:58,1413.1400,3,2
2026-01-05,600519,13:21:01,1413.1300,6,2
2026-01-05,600519,13:21:04,1413.1300,4,2
2026-01-05,600519,13:21:10,1413.1400,5,1
2026-01-05,600519,13:21:13,1413.1899,2,1
2026-01-05,600519,13:21:16,1413.1000,2,1
2026-01-05,600519,13:21:19,1413.1100,2,1
2026-01-05,600519,13:21:22,1413.1000,8,2
2026-01-05,600519,13:21:25,1413.2200,7,1
2026-01-05,600519,13:21:28,1413.0699,5,2
2026-01-05,600519,13:21:31,1413.1200,5,1
2026-01-05,600519,13:21:34,1413.1200,3,1
2026-01-05,600519,13:21:37,1413.0100,3,2
2026-01-05,600519,13:21:40,1413.2800,25,1
2026-01-05,600519,13:21:43,1413.3300,7,1
2026-01-05,600519,13:21:46,1413.3600,5,1
2026-01-05,600519,13:21:49,1413.8400,7,1
2026-01-05,600519,13:21:52,1413.3600,2,2
2026-01-05,600519,13:21:55,1413.3600,2,2
2026-01-05,600519,13:21:58,1413.3600,5,2
2026-01-05,600519,13:22:01,1413.3000,7,2
2026-01-05,600519,13:22:04,1413.3000,2,1
2026-01-05,600519,13:22:07,1413.2900,1,1
2026-01-05,600519,13:22:10,1413.2900,3,1
2026-01-05,600519,13:22:13,1413.2700,4,2
2026-01-05,600519,13:22:16,1413.2800,2,4
2026-01-05,600519,13:22:19,1413.2600,6,2
2026-01-05,600519,13:22:22,1413.2700,9,4
2026-01-05,600519,13:22:25,1413.2700,42,2
2026-01-05,600519,13:22:28,1413.2700,5,2
2026-01-05,600519,13:22:31,1413.2600,5,2
2026-01-05,600519,13:22:34,1413.2700,1,1
2026-01-05,600519,13:22:37,1413.2600,2,2
2026-01-05,600519,13:22:40,1413.2500,1,2
2026-01-05,600519,13:22:43,1413.2600,1,1
2026-01-05,600519,13:22:46,1413.2600,2,1
2026-01-05,600519,13:22:49,1413.2500,3,2
2026-01-05,600519,13:22:52,1413.2600,5,1
2026-01-05,600519,13:22:55,1413.2600,26,1
2026-01-05,600519,13:22:58,1413.2500,5,2
2026-01-05,600519,13:23:01,1413.1500,3,2
2026-01-05,600519,13:23:04,1413.1200,4,2
2026-01-05,600519,13:23:07,1413.1500,3,2
2026-01-05,600519,13:23:10,1413.1200,1,2
2026-01-05,600519,13:23:13,1413.2500,4,1
2026-01-05,600519,13:23:16,1413.1300,1,2
2026-01-05,600519,13:23:19,1413.1400,2,2
2026-01-05,600519,13:23:22,1413.1200,7,2
2026-01-05,600519,13:23:25,1413.1200,5,2
2026-01-05,600519,13:23:28,1413.1200,5,1
2026-01-05,600519,13:23:31,1412.9500,4,2
2026-01-05,600519,13:23:34,1412.7400,18,2
2026-01-05,600519,13:23:37,1412.6400,2,2
2026-01-05,600519,13:23:40,1412.5400,20,2
2026-01-05,600519,13:23:43,1412.3000,11,2
2026-01-05,600519,13:23:46,1412.1300,4,2
2026-01-05,600519,13:23:49,1412.0000,8,2
2026-01-05,600519,13:23:52,1411.9900,9,2
2026-01-05,600519,13:23:58,1411.7400,4,2
2026-01-05,600519,13:24:01,1411.8101,16,1
2026-01-05,600519,13:24:04,1411.5000,3,2
2026-01-05,600519,13:24:07,1411.5400,12,2
2026-01-05,600519,13:24:10,1411.2800,5,2
2026-01-05,600519,13:24:13,1411.2700,2,2
2026-01-05,600519,13:24:16,1411.2700,3,2
2026-01-05,600519,13:24:19,1411.2700,2,2
2026-01-05,600519,13:24:22,1411.2700,6,2
2026-01-05,600519,13:24:25,1411.2700,10,1
2026-01-05,600519,13:24:28,1411.2500,9,1
2026-01-05,600519,13:24:31,1411.2700,17,1
2026-01-05,600519,13:24:34,1411.1801,4,2
2026-01-05,600519,13:24:40,1411.2500,8,1
2026-01-05,600519,13:24:43,1411.2600,6,1
2026-01-05,600519,13:24:46,1411.2300,9,2
2026-01-05,600519,13:24:49,1411.2300,5,1
2026-01-05,600519,13:24:52,1411.0800,8,2
2026-01-05,600519,13:24:55,1411.0100,6,2
2026-01-05,600519,13:24:58,1411.0100,2,2
2026-01-05,600519,13:25:01,1411.0000,9,2
2026-01-05,600519,13:25:04,1410.8800,3,2
2026-01-05,600519,13:25:07,1410.8800,1,2
2026-01-05,600519,13:25:10,1410.8700,2,2
2026-01-05,600519,13:25:13,1410.8500,8,2
2026-01-05,600519,13:25:16,1410.8101,10,2
2026-01-05,600519,13:25:19,1410.7900,1,2
2026-01-05,600519,13:25:22,1410.7500,11,2
2026-01-05,600519,13:25:25,1410.7500,1,2
2026-01-05,600519,13:25:28,1410.7500,3,2
2026-01-05,600519,13:25:31,1410.7000,3,2
2026-01-05,600519,13:25:34,1410.6899,1,2
2026-01-05,600519,13:25:37,1410.6600,3,2
2026-01-05,600519,13:25:40,1410.6600,12,2
2026-01-05,600519,13:25:43,1410.6600,6,2
2026-01-05,600519,13:25:46,1410.6700,13,2
2026-01-05,600519,13:25:49,1410.8101,18,1
2026-01-05,600519,13:25:52,1410.6600,6,2
2026-01-05,600519,13:25:55,1410.8101,7,2
2026-01-05,600519,13:25:58,1410.8000,11,2
2026-01-05,600519,13:26:01,1410.7800,7,1
2026-01-05,600519,13:26:04,1410.6899,8,1
2026-01-05,600519,13:26:07,1410.6899,1,1
2026-01-05,600519,13:26:10,1410.6600,5,2
2026-01-05,600519,13:26:13,1410.6600,2,2
2026-01-05,600519,13:26:16,1410.6600,6,1
2026-01-05,600519,13:26:19,1410.6200,4,2
2026-01-05,600519,13:26:22,1410.6300,1,1
2026-01-05,600519,13:26:25,1410.6500,8,1
2026-01-05,600519,13:26:28,1410.5000,10,2
2026-01-05,600519,13:26:31,1410.6600,10,1
2026-01-05,600519,13:26:34,1410.6600,17,1
2026-01-05,600519,13:26:37,1410.6899,11,1
2026-01-05,600519,13:26:40,1410.6600,4,1
2026-01-05,600519,13:26:43,1410.5100,24,2
2026-01-05,600519,13:26:46,1410.7200,4,1
2026-01-05,600519,13:26:49,1410.6899,21,2
2026-01-05,600519,13:26:52,1410.4700,5,2
2026-01-05,600519,13:26:58,1410.3101,23,2
2026-01-05,600519,13:27:01,1410.5400,9,1
2026-01-05,600519,13:27:04,1410.4500,5,1
2026-01-05,600519,13:27:07,1410.1899,1,2
2026-01-05,600519,13:27:10,1410.2100,12,2
2026-01-05,600519,13:27:13,1410.2400,13,1
2026-01-05,600519,13:27:16,1410.1899,4,1
2026-01-05,600519,13:27:19,1410.1200,3,2
2026-01-05,600519,13:27:22,1410.1801,2,1
2026-01-05,600519,13:27:25,1410.1899,5,1
2026-01-05,600519,13:27:28,1410.1801,7,1
2026-01-05,600519,13:27:31,1410.1801,5,1
2026-01-05,600519,13:27:34,1410.1801,4,1
2026-01-05,600519,13:27:37,1410.1200,5,2
2026-01-05,600519,13:27:40,1410.1200,7,2
2026-01-05,600519,13:27:43,1410.3101,3,1
2026-01-05,600519,13:27:46,1410.1200,16,2
2026-01-05,600519,13:27:49,1410.2200,7,2
2026-01-05,600519,13:27:52,1410.1100,3,2
2026-01-05,600519,13:27:55,1410.1000,7,2
2026-01-05,600519,13:27:58,1410.0500,8,2
2026-01-05,600519,13:28:01,1410.0500,5,2
2026-01-05,600519,13:28:04,1410.0100,8,2
2026-01-05,600519,13:28:07,1410.0500,5,1
2026-01-05,600519,13:28:10,1410.0500,1,1
2026-01-05,600519,13:28:13,1410.0500,6,1
2026-01-05,600519,13:28:16,1410.0000,13,2
2026-01-05,600519,13:28:19,1410.0500,2,1
2026-01-05,600519,13:28:22,1410.0500,2,1
2026-01-05,600519,13:28:25,1410.0000,15,2
2026-01-05,600519,13:28:28,1410.0400,5,1
2026-01-05,600519,13:28:31,1410.0400,5,1
2026-01-05,600519,13:28:34,1410.0100,7,2
2026-01-05,600519,13:28:37,1410.0000,10,2
2026-01-05,600519,13:28:40,1410.1000,9,1
2026-01-05,600519,13:28:43,1410.1100,35,1
2026-01-05,600519,13:28:46,1410.3900,4,1
2026-01-05,600519,13:28:49,1410.3800,7,1
2026-01-05,600519,13:28:52,1410.5000,3,1
2026-01-05,600519,13:28:55,1410.6801,4,1
2026-01-05,600519,13:28:58,1410.7000,4,1
2026-01-05,600519,13:29:01,1410.9900,16,1
2026-01-05,600519,13:29:04,1411.1000,18,1
2026-01-05,600519,13:29:07,1411.1801,7,1
2026-01-05,600519,13:29:10,1411.1801,2,2
2026-01-05,600519,13:29:13,1411.2300,6,1
2026-01-05,600519,13:29:16,1411.2500,3,1
2026-01-05,600519,13:29:19,1411.2500,3,1
2026-01-05,600519,13:29:22,1411.3000,6,1
2026-01-05,600519,13:29:25,1411.4399,1,1
2026-01-05,600519,13:29:28,1411.4301,1,1
2026-01-05,600519,13:29:31,1411.4399,15,1
2026-01-05,600519,13:29:34,1411.5000,2,1
2026-01-05,600519,13:29:37,1411.5500,4,1
2026-01-05,600519,13:29:40,1411.6100,4,1
2026-01-05,600519,13:29:43,1411.9800,4,1
2026-01-05,600519,13:29:46,1411.9900,21,1
2026-01-05,600519,13:29:49,1412.0000,2,1
2026-01-05,600519,13:29:52,1411.8101,1,2
2026-01-05,600519,13:29:55,1411.9900,2,1
2026-01-05,600519,13:29:58,1412.0000,4,1
2026-01-05,600519,13:30:01,1412.0000,10,1
2026-01-05,600519,13:30:04,1412.0400,2,1
2026-01-05,600519,13:30:07,1412.4000,4,1
2026-01-05,600519,13:30:10,1412.4500,1,1
2026-01-05,600519,13:30:13,1412.6100,3,1
2026-01-05,600519,13:30:16,1412.5100,4,2
2026-01-05,600519,13:30:22,1412.6400,3,1
2026-01-05,600519,13:30:25,1413.0000,10,1
2026-01-05,600519,13:30:28,1413.0000,2,1
2026-01-05,600519,13:30:31,1412.6200,2,2
2026-01-05,600519,13:30:34,1412.6200,2,2
2026-01-05,600519,13:30:37,1412.6300,1,2
2026-01-05,600519,13:30:40,1412.6300,9,2
2026-01-05,600519,13:30:43,1412.7100,5,1
2026-01-05,600519,13:30:46,1412.9399,3,1
2026-01-05,600519,13:30:49,1412.6700,8,2
2026-01-05,600519,13:30:52,1412.9399,4,1
2026-01-05,600519,13:30:55,1412.9399,1,1
2026-01-05,600519,13:30:58,1412.6700,1,2
2026-01-05,600519,13:31:01,1412.9900,4,1
2026-01-05,600519,13:31:04,1412.9900,1,1
2026-01-05,600519,13:31:07,1412.7300,17,2
2026-01-05,600519,13:31:10,1413.0500,12,1
2026-01-05,600519,13:31:13,1413.0601,5,2
2026-01-05,600519,13:31:16,1413.2500,10,1
2026-01-05,600519,13:31:19,1413.2800,19,1
2026-01-05,600519,13:31:22,1413.5900,57,1
2026-01-05,600519,13:31:25,1413.7000,18,1
2026-01-05,600519,13:31:28,1413.6899,13,2
2026-01-05,600519,13:31:31,1413.8600,9,1
2026-01-05,600519,13:31:34,1413.9000,6,1
2026-01-05,600519,13:31:37,1413.9700,17,1
2026-01-05,600519,13:31:40,1413.9600,13,1
2026-01-05,600519,13:31:43,1413.9301,33,2
2026-01-05,600519,13:31:46,1414.0300,10,1
2026-01-05,600519,13:31:49,1414.0400,5,1
2026-01-05,600519,13:31:52,1414.0300,11,2
2026-01-05,600519,13:31:55,1414.3000,5,1
2026-01-05,600519,13:31:58,1414.2600,7,2
2026-01-05,600519,13:32:01,1414.2600,7,2
2026-01-05,600519,13:32:04,1414.5000,13,1
2026-01-05,600519,13:32:07,1414.4800,6,2
2026-01-05,600519,13:32:10,1414.4700,3,2
2026-01-05,600519,13:32:13,1414.4700,9,2
2026-01-05,600519,13:32:16,1414.5000,7,2
2026-01-05,600519,13:32:19,1414.5000,7,1
2026-01-05,600519,13:32:22,1414.4800,46,2
2026-01-05,600519,13:32:25,1414.6500,20,1
2026-01-05,600519,13:32:28,1414.6700,7,1
2026-01-05,600519,13:32:31,1415.0000,78,1
2026-01-05,600519,13:32:34,1415.0000,20,1
2026-01-05,600519,13:32:37,1414.9900,6,1
2026-01-05,600519,13:32:40,1415.0000,2,1
2026-01-05,600519,13:32:43,1414.9700,4,2
2026-01-05,600519,13:32:46,1414.9700,19,2
2026-01-05,600519,13:32:49,1414.9700,2,2
2026-01-05,600519,13:32:52,1414.9900,3,1
2026-01-05,600519,13:32:55,1414.9500,6,2
2026-01-05,600519,13:32:58,1414.9700,3,1
2026-01-05,600519,13:33:01,1415.0000,21,1
2026-01-05,600519,13:33:04,1414.9500,8,2
2026-01-05,600519,13:33:07,1414.9800,7,1
2026-01-05,600519,13:33:10,1415.0000,3,1
2026-01-05,600519,13:33:13,1415.0000,2,1
2026-01-05,600519,13:33:16,1414.9700,2,2
2026-01-05,600519,13:33:19,1414.9700,2,2
2026-01-05,600519,13:33:22,1414.9000,13,2
2026-01-05,600519,13:33:25,1414.9000,5,1
2026-01-05,600519,13:33:28,1414.8900,3,1
2026-01-05,600519,13:33:31,1414.8900,5,1
2026-01-05,600519,13:33:34,1414.8900,2,1
2026-01-05,600519,13:33:37,1414.6500,4,2
2026-01-05,600519,13:33:40,1414.8900,1,1
2026-01-05,600519,13:33:43,1414.6500,4,2
2026-01-05,600519,13:33:46,1414.9000,7,1
2026-01-05,600519,13:33:49,1414.7500,8,1
2026-01-05,600519,13:33:52,1414.5800,3,2
2026-01-05,600519,13:33:55,1414.5000,4,1
2026-01-05,600519,13:33:58,1414.4301,4,2
2026-01-05,600519,13:34:01,1414.3101,2,2
2026-01-05,600519,13:34:04,1414.4301,6,1
2026-01-05,600519,13:34:07,1414.3300,12,1
2026-01-05,600519,13:34:10,1414.3300,11,2
2026-01-05,600519,13:34:13,1414.6100,18,1
2026-01-05,600519,13:34:16,1414.6100,14,2
2026-01-05,600519,13:34:19,1414.9000,3,1
2026-01-05,600519,13:34:22,1414.6300,4,2
2026-01-05,600519,13:34:28,1414.8300,2,1
2026-01-05,600519,13:34:31,1414.8199,3,1
2026-01-05,600519,13:34:34,1414.6400,1,2
2026-01-05,600519,13:34:37,1414.6300,3,2
2026-01-05,600519,13:34:40,1414.6100,3,2
2026-01-05,600519,13:34:43,1414.6300,3,1
2026-01-05,600519,13:34:46,1414.6300,2,1
2026-01-05,600519,13:34:49,1414.6100,6,2
2026-01-05,600519,13:34:52,1414.6400,2,1
2026-01-05,600519,13:34:55,1414.6300,11,1
2026-01-05,600519,13:34:58,1414.6400,10,1
2026-01-05,600519,13:35:01,1414.6300,7,1
2026-01-05,600519,13:35:04,1414.6300,6,1
2026-01-05,600519,13:35:07,1414.6300,8,2
2026-01-05,600519,13:35:10,1414.6400,8,2
2026-01-05,600519,13:35:13,1414.6500,2,2
2026-01-05,600519,13:35:16,1414.6400,5,2
2026-01-05,600519,13:35:19,1414.6600,1,1
2026-01-05,600519,13:35:22,1414.6200,7,2
2026-01-05,600519,13:35:25,1414.6400,4,1
2026-01-05,600519,13:35:28,1414.6300,2,1
2026-01-05,600519,13:35:31,1414.6200,4,1
2026-01-05,600519,13:35:34,1414.6200,19,1
2026-01-05,600519,13:35:37,1414.6300,12,2
2026-01-05,600519,13:35:40,1414.6300,11,2
2026-01-05,600519,13:35:43,1414.6300,8,2
2026-01-05,600519,13:35:46,1414.6300,12,2
2026-01-05,600519,13:35:49,1414.6300,7,2
2026-01-05,600519,13:35:52,1414.6600,2,1
2026-01-05,600519,13:35:55,1414.6899,4,1
2026-01-05,600519,13:35:58,1414.6500,9,2
2026-01-05,600519,13:36:01,1414.6899,3,2
2026-01-05,600519,13:36:04,1414.6200,5,2
2026-01-05,600519,13:36:07,1414.6600,1,1
2026-01-05,600519,13:36:10,1414.6500,2,2
2026-01-05,600519,13:36:13,1414.6400,2,2
2026-01-05,600519,13:36:16,1414.6801,11,1
2026-01-05,600519,13:36:19,1414.6899,4,1
2026-01-05,600519,13:36:22,1414.6801,3,2
2026-01-05,600519,13:36:25,1414.6801,3,1
2026-01-05,600519,13:36:28,1414.6899,14,1
2026-01-05,600519,13:36:31,1414.6801,5,1
2026-01-05,600519,13:36:34,1414.6500,3,2
2026-01-05,600519,13:36:37,1414.6801,3,1
2026-01-05,600519,13:36:40,1414.6500,7,2
2026-01-05,600519,13:36:43,1414.6801,5,1
2026-01-05,600519,13:36:46,1414.6500,10,2
2026-01-05,600519,13:36:49,1414.6400,6,2
2026-01-05,600519,13:36:52,1414.6500,9,1
2026-01-05,600519,13:36:55,1414.6400,13,1
2026-01-05,600519,13:36:58,1414.5800,8,2
2026-01-05,600519,13:37:01,1414.6300,6,1
2026-01-05,600519,13:37:04,1414.5300,3,2
2026-01-05,600519,13:37:07,1414.6300,3,1
2026-01-05,600519,13:37:10,1414.6500,6,1
2026-01-05,600519,13:37:13,1414.5300,6,2
2026-01-05,600519,13:37:16,1414.6200,3,1
2026-01-05,600519,13:37:19,1414.6300,1,1
2026-01-05,600519,13:37:22,1414.5200,2,2
2026-01-05,600519,13:37:25,1414.5100,3,2
2026-01-05,600519,13:37:28,1414.5699,1,1
2026-01-05,600519,13:37:31,1414.5100,1,2
2026-01-05,600519,13:37:34,1414.5500,6,1
2026-01-05,600519,13:37:37,1414.5699,3,1
2026-01-05,600519,13:37:40,1414.5100,6,2
2026-01-05,600519,13:37:43,1414.5500,11,1
2026-01-05,600519,13:37:46,1414.5500,8,2
2026-01-05,600519,13:37:49,1414.5100,3,2
2026-01-05,600519,13:37:52,1414.5200,4,2
2026-01-05,600519,13:37:55,1414.7700,70,1
2026-01-05,600519,13:37:58,1414.8300,24,1
2026-01-05,600519,13:38:01,1415.5500,230,1
2026-01-05,600519,13:38:04,1415.8900,38,1
2026-01-05,600519,13:38:07,1415.9200,51,1
2026-01-05,600519,13:38:10,1416.2000,364,1
2026-01-05,600519,13:38:13,1416.9000,179,1
2026-01-05,600519,13:38:16,1417.4000,128,1
2026-01-05,600519,13:38:19,1417.4500,57,1
2026-01-05,600519,13:38:22,1417.8300,20,1
2026-01-05,600519,13:38:25,1417.9200,34,1
2026-01-05,600519,13:38:28,1417.8300,36,2
2026-01-05,600519,13:38:31,1418.0000,35,1
2026-01-05,600519,13:38:34,1418.0000,27,1
2026-01-05,600519,13:38:37,1417.8300,22,2
2026-01-05,600519,13:38:40,1417.8199,13,2
2026-01-05,600519,13:38:43,1417.8700,12,1
2026-01-05,600519,13:38:46,1417.9600,11,2
2026-01-05,600519,13:38:49,1417.9900,20,1
2026-01-05,600519,13:38:52,1417.9800,7,1
2026-01-05,600519,13:38:55,1418.0000,268,1
2026-01-05,600519,13:38:58,1418.0500,57,1
2026-01-05,600519,13:39:01,1418.1400,22,1
2026-01-05,600519,13:39:04,1418.1100,21,2
2026-01-05,600519,13:39:07,1418.5100,21,1
2026-01-05,600519,13:39:10,1418.5100,16,2
2026-01-05,600519,13:39:13,1418.5000,10,2
2026-01-05,600519,13:39:16,1418.4399,13,2
2026-01-05,600519,13:39:19,1418.5000,5,1
2026-01-05,600519,13:39:22,1418.4800,33,1
2026-01-05,600519,13:39:25,1418.4399,9,2
2026-01-05,600519,13:39:28,1418.4500,15,1
2026-01-05,600519,13:39:31,1418.4500,19,2
2026-01-05,600519,13:39:34,1418.4700,18,1
2026-01-05,600519,13:39:37,1418.4399,10,2
2026-01-05,600519,13:39:40,1418.4301,36,2
2026-01-05,600519,13:39:43,1418.4399,14,1
2026-01-05,600519,13:39:46,1418.4399,21,2
2026-01-05,600519,13:39:49,1418.4100,6,2
2026-01-05,600519,13:39:52,1418.4200,6,2
2026-01-05,600519,13:39:55,1418.4301,10,1
2026-01-05,600519,13:39:58,1418.4200,8,2
2026-01-05,600519,13:40:01,1418.4200,28,2
2026-01-05,600519,13:40:04,1418.4200,7,1
2026-01-05,600519,13:40:07,1418.3700,5,2
2026-01-05,600519,13:40:10,1418.4100,7,1
2026-01-05,600519,13:40:13,1418.0900,11,2
2026-01-05,600519,13:40:16,1418.3000,10,1
2026-01-05,600519,13:40:19,1418.1300,12,2
2026-01-05,600519,13:40:22,1418.4301,37,1
2026-01-05,600519,13:40:25,1418.4800,32,1
2026-01-05,600519,13:40:28,1418.8500,262,1
2026-01-05,600519,13:40:31,1419.2700,271,1
2026-01-05,600519,13:40:34,1419.5900,65,1
2026-01-05,600519,13:40:37,1419.8900,56,1
2026-01-05,600519,13:40:40,1419.9900,98,1
2026-01-05,600519,13:40:43,1420.0000,409,1
2026-01-05,600519,13:40:46,1420.5800,307,1
2026-01-05,600519,13:40:49,1421.2500,94,1
2026-01-05,600519,13:40:52,1422.0000,18,1
2026-01-05,600519,13:40:55,1421.7700,44,2
2026-01-05,600519,13:40:58,1422.0000,27,1
2026-01-05,600519,13:41:01,1421.1600,45,2
2026-01-05,600519,13:41:04,1421.1600,17,1
2026-01-05,600519,13:41:07,1420.9600,6,1
2026-01-05,600519,13:41:10,1421.0000,8,1
2026-01-05,600519,13:41:13,1421.1600,7,1
2026-01-05,600519,13:41:16,1421.1600,12,1
2026-01-05,600519,13:41:19,1420.9200,157,2
2026-01-05,600519,13:41:22,1421.5601,18,1
2026-01-05,600519,13:41:25,1421.5601,23,2
2026-01-05,600519,13:41:28,1421.5601,21,2
2026-01-05,600519,13:41:31,1421.5601,12,2
2026-01-05,600519,13:41:34,1421.5100,7,1
2026-01-05,600519,13:41:37,1420.8700,10,2
2026-01-05,600519,13:41:40,1420.9600,15,2
2026-01-05,600519,13:41:43,1420.7100,2,2
2026-01-05,600519,13:41:46,1420.5400,4,2
2026-01-05,600519,13:41:49,1420.6899,8,1
2026-01-05,600519,13:41:52,1420.5200,2,1
2026-01-05,600519,13:41:55,1420.4301,10,2
2026-01-05,600519,13:41:58,1420.2400,6,2
2026-01-05,600519,13:42:01,1420.0000,12,2
2026-01-05,600519,13:42:04,1419.8900,19,2
2026-01-05,600519,13:42:07,1419.7900,9,2
2026-01-05,600519,13:42:10,1419.6899,6,2
2026-01-05,600519,13:42:13,1419.7700,10,1
2026-01-05,600519,13:42:16,1419.7900,6,1
2026-01-05,600519,13:42:19,1419.6000,6,2
2026-01-05,600519,13:42:22,1419.6000,7,1
2026-01-05,600519,13:42:25,1419.6000,7,1
2026-01-05,600519,13:42:28,1419.4900,8,2
2026-01-05,600519,13:42:31,1419.4900,5,2
2026-01-05,600519,13:42:34,1419.4900,8,2
2026-01-05,600519,13:42:37,1419.4900,12,1
2026-01-05,600519,13:42:40,1419.4900,10,1
2026-01-05,600519,13:42:43,1419.5601,5,1
2026-01-05,600519,13:42:46,1419.5900,5,1
2026-01-05,600519,13:42:49,1419.5400,3,2
2026-01-05,600519,13:42:52,1419.4800,7,2
2026-01-05,600519,13:42:55,1419.4900,5,1
2026-01-05,600519,13:42:58,1419.5699,7,1
2026-01-05,600519,13:43:01,1419.4800,5,2
2026-01-05,600519,13:43:04,1419.4800,12,2
2026-01-05,600519,13:43:07,1419.5000,15,1
2026-01-05,600519,13:43:10,1419.4200,8,2
2026-01-05,600519,13:43:13,1419.5300,12,1
2026-01-05,600519,13:43:16,1419.5300,5,1
2026-01-05,600519,13:43:19,1419.4100,10,2
2026-01-05,600519,13:43:22,1419.0000,55,2
2026-01-05,600519,13:43:25,1419.0100,52,1
2026-01-05,600519,13:43:28,1419.5000,11,1
2026-01-05,600519,13:43:31,1419.3000,7,2
2026-01-05,600519,13:43:34,1419.0100,8,2
2026-01-05,600519,13:43:37,1419.0699,3,1
2026-01-05,600519,13:43:40,1419.0000,4,2
2026-01-05,600519,13:43:43,1419.0100,7,2
2026-01-05,600519,13:43:46,1419.1000,7,1
2026-01-05,600519,13:43:49,1419.1000,4,2
2026-01-05,600519,13:43:52,1419.3600,5,1
2026-01-05,600519,13:43:55,1419.2400,5,1
2026-01-05,600519,13:43:58,1419.4700,3,1
2026-01-05,600519,13:44:01,1419.4700,8,1
2026-01-05,600519,13:44:04,1419.5000,18,1
2026-01-05,600519,13:44:07,1419.5000,9,2
2026-01-05,600519,13:44:10,1420.0000,12,1
2026-01-05,600519,13:44:13,1420.0000,25,1
2026-01-05,600519,13:44:16,1420.0100,45,1
2026-01-05,600519,13:44:19,1420.0000,19,2
2026-01-05,600519,13:44:22,1420.2300,12,1
2026-01-05,600519,13:44:25,1420.0000,7,2
2026-01-05,600519,13:44:28,1420.0000,5,2
2026-01-05,600519,13:44:31,1420.0000,4,2
2026-01-05,600519,13:44:34,1420.0100,5,2
2026-01-05,600519,13:44:37,1420.0000,4,2
2026-01-05,600519,13:44:40,1420.0000,6,2
2026-01-05,600519,13:44:43,1420.0000,20,2
2026-01-05,600519,13:44:46,1419.9900,21,2
2026-01-05,600519,13:44:49,1419.9900,8,2
2026-01-05,600519,13:44:52,1419.9900,5,2
2026-01-05,600519,13:44:55,1419.9900,16,2
2026-01-05,600519,13:44:58,1419.9100,6,2
2026-01-05,600519,13:45:01,1419.9000,10,2
2026-01-05,600519,13:45:04,1419.9000,8,2
2026-01-05,600519,13:45:07,1419.9000,1,1
2026-01-05,600519,13:45:10,1419.8900,3,2
2026-01-05,600519,13:45:13,1419.8700,7,2
2026-01-05,600519,13:45:16,1419.8800,14,1
2026-01-05,600519,13:45:19,1419.7800,6,2
2026-01-05,600519,13:45:22,1419.8900,4,1
2026-01-05,600519,13:45:25,1419.8900,4,4
2026-01-05,600519,13:45:28,1419.8800,8,2
2026-01-05,600519,13:45:31,1419.8800,5,1
2026-01-05,600519,13:45:34,1419.8000,6,2
2026-01-05,600519,13:45:37,1419.7000,17,2
2026-01-05,600519,13:45:40,1419.8800,14,1
2026-01-05,600519,13:45:43,1419.8101,8,2
2026-01-05,600519,13:45:46,1419.8700,10,1
2026-01-05,600519,13:45:49,1419.8000,12,1
2026-01-05,600519,13:45:52,1419.9000,157,1
2026-01-05,600519,13:45:55,1420.0400,200,1
2026-01-05,600519,13:45:58,1420.6000,20,1
2026-01-05,600519,13:46:01,1420.5900,61,2
2026-01-05,600519,13:46:04,1420.9900,32,1
2026-01-05,600519,13:46:07,1420.9900,20,1
2026-01-05,600519,13:46:10,1421.0000,34,1
2026-01-05,600519,13:46:13,1420.8600,23,2
2026-01-05,600519,13:46:16,1420.8600,7,1
2026-01-05,600519,13:46:19,1421.0000,23,1
2026-01-05,600519,13:46:22,1421.0000,13,1
2026-01-05,600519,13:46:25,1421.0000,8,2
2026-01-05,600519,13:46:28,1421.0000,9,2
2026-01-05,600519,13:46:31,1421.0000,20,1
2026-01-05,600519,13:46:34,1421.0000,11,1
2026-01-05,600519,13:46:37,1420.9900,3,1
2026-01-05,600519,13:46:40,1420.9900,2,1
2026-01-05,600519,13:46:43,1420.9900,9,1
2026-01-05,600519,13:46:46,1420.9900,20,2
2026-01-05,600519,13:46:49,1420.9800,9,2
2026-01-05,600519,13:46:52,1421.0000,3,1
2026-01-05,600519,13:46:55,1420.9800,6,2
2026-01-05,600519,13:46:58,1420.6600,4,2
2026-01-05,600519,13:47:01,1420.6500,22,2
2026-01-05,600519,13:47:04,1420.3101,11,2
2026-01-05,600519,13:47:07,1420.6500,10,1
2026-01-05,600519,13:47:10,1420.6500,13,2
2026-01-05,600519,13:47:13,1420.3101,14,2
2026-01-05,600519,13:47:16,1420.1000,14,2
2026-01-05,600519,13:47:19,1420.3400,9,1
2026-01-05,600519,13:47:22,1420.3199,5,2
2026-01-05,600519,13:47:25,1420.4301,4,2
2026-01-05,600519,13:47:28,1420.3000,3,2
2026-01-05,600519,13:47:31,1420.3199,4,1
2026-01-05,600519,13:47:34,1420.3000,10,2
2026-01-05,600519,13:47:37,1420.2900,14,2
2026-01-05,600519,13:47:40,1420.3500,12,1
2026-01-05,600519,13:47:43,1420.3101,7,2
2026-01-05,600519,13:47:46,1420.2200,13,2
2026-01-05,600519,13:47:49,1420.2200,10,2
2026-01-05,600519,13:47:52,1420.4200,14,1
2026-01-05,600519,13:47:55,1420.4301,7,1
2026-01-05,600519,13:47:58,1420.6500,20,1
2026-01-05,600519,13:48:01,1420.7900,11,1
2026-01-05,600519,13:48:04,1420.4301,20,2
2026-01-05,600519,13:48:07,1420.4500,8,2
2026-01-05,600519,13:48:10,1420.4200,19,2
2026-01-05,600519,13:48:13,1420.6500,8,1
2026-01-05,600519,13:48:16,1420.6400,30,1
2026-01-05,600519,13:48:19,1420.3900,13,2
2026-01-05,600519,13:48:22,1420.3900,8,1
2026-01-05,600519,13:48:25,1420.4000,8,1
2026-01-05,600519,13:48:28,1420.2400,23,4
2026-01-05,600519,13:48:31,1420.0699,10,2
2026-01-05,600519,13:48:34,1420.4000,2,1
2026-01-05,600519,13:48:37,1420.0699,2,2
2026-01-05,600519,13:48:40,1420.0699,4,2
2026-01-05,600519,13:48:43,1420.0699,13,2
2026-01-05,600519,13:48:46,1420.1899,6,1
2026-01-05,600519,13:48:49,1420.2100,2,1
2026-01-05,600519,13:48:52,1420.1300,4,2
2026-01-05,600519,13:48:55,1420.2000,26,1
2026-01-05,600519,13:48:58,1420.1899,7,2
2026-01-05,600519,13:49:01,1420.2100,29,1
2026-01-05,600519,13:49:04,1420.1899,15,2
2026-01-05,600519,13:49:07,1420.2000,6,1
2026-01-05,600519,13:49:10,1420.1899,12,2
2026-01-05,600519,13:49:13,1420.2000,4,1
2026-01-05,600519,13:49:16,1420.1000,10,2
2026-01-05,600519,13:49:19,1420.0800,19,2
2026-01-05,600519,13:49:22,1420.0000,11,2
2026-01-05,600519,13:49:25,1420.0000,4,2
2026-01-05,600519,13:49:28,1420.0900,1,1
2026-01-05,600519,13:49:31,1419.9500,13,2
2026-01-05,600519,13:49:34,1419.8900,14,2
2026-01-05,600519,13:49:37,1419.9399,3,1
2026-01-05,600519,13:49:40,1419.9000,4,1
2026-01-05,600519,13:49:43,1419.9500,4,1
2026-01-05,600519,13:49:46,1419.9900,1,1
2026-01-05,600519,13:49:49,1419.9900,8,1
2026-01-05,600519,13:49:52,1419.9000,7,2
2026-01-05,600519,13:49:55,1419.9000,1,1
2026-01-05,600519,13:49:58,1419.8900,14,2
2026-01-05,600519,13:50:01,1419.8900,11,1
2026-01-05,600519,13:50:04,1419.8800,3,2
2026-01-05,600519,13:50:07,1419.8900,9,1
2026-01-05,600519,13:50:10,1420.0200,50,1
2026-01-05,600519,13:50:13,1420.2000,42,1
2026-01-05,600519,13:50:16,1420.1200,40,2
2026-01-05,600519,13:50:19,1420.3900,10,1
2026-01-05,600519,13:50:22,1420.3199,16,2
2026-01-05,600519,13:50:25,1420.4200,21,1
2026-01-05,600519,13:50:28,1420.6700,35,1
2026-01-05,600519,13:50:31,1420.3199,38,2
2026-01-05,600519,13:50:34,1420.3199,71,1
2026-01-05,600519,13:50:37,1420.3199,27,1
2026-01-05,600519,13:50:40,1420.6000,33,1
2026-01-05,600519,13:50:43,1420.6000,17,1
2026-01-05,600519,13:50:46,1420.6000,11,1
2026-01-05,600519,13:50:49,1420.3101,4,2
2026-01-05,600519,13:50:52,1420.3199,8,1
2026-01-05,600519,13:50:55,1420.3199,15,1
2026-01-05,600519,13:50:58,1420.3199,5,2
2026-01-05,600519,13:51:01,1420.3199,8,2
2026-01-05,600519,13:51:04,1420.6000,10,1
2026-01-05,600519,13:51:07,1420.6899,10,1
2026-01-05,600519,13:51:10,1420.3199,27,2
2026-01-05,600519,13:51:13,1420.6300,13,1
2026-01-05,600519,13:51:16,1420.9000,15,1
2026-01-05,600519,13:51:19,1420.6300,8,2
2026-01-05,600519,13:51:22,1420.5300,30,2
2026-01-05,600519,13:51:25,1420.5500,9,1
2026-01-05,600519,13:51:28,1420.5500,20,2
2026-01-05,600519,13:51:31,1420.3000,9,2
2026-01-05,600519,13:51:34,1420.5300,4,1
2026-01-05,600519,13:51:37,1420.2300,3,2
2026-01-05,600519,13:51:40,1420.3300,7,1
2026-01-05,600519,13:51:43,1420.1801,25,2
2026-01-05,600519,13:51:46,1420.1801,25,1
2026-01-05,600519,13:51:49,1420.1700,9,1
2026-01-05,600519,13:51:52,1420.1801,41,1
2026-01-05,600519,13:51:55,1420.1700,13,1
2026-01-05,600519,13:51:58,1420.1000,16,2
2026-01-05,600519,13:52:01,1420.1000,10,2
2026-01-05,600519,13:52:04,1420.1700,2,1
2026-01-05,600519,13:52:07,1420.0900,2,2
2026-01-05,600519,13:52:10,1420.0900,3,2
2026-01-05,600519,13:52:13,1420.0900,10,2
2026-01-05,600519,13:52:16,1420.0800,18,2
2026-01-05,600519,13:52:19,1420.0800,5,1
2026-01-05,600519,13:52:22,1420.0800,1,1
2026-01-05,600519,13:52:25,1420.0300,12,1
2026-01-05,600519,13:52:28,1420.0000,4,2
2026-01-05,600519,13:52:31,1419.9900,3,2
2026-01-05,600519,13:52:34,1419.9600,2,2
2026-01-05,600519,13:52:37,1419.9600,3,2
2026-01-05,600519,13:52:40,1420.0000,6,1
2026-01-05,600519,13:52:43,1419.9600,11,1
2026-01-05,600519,13:52:46,1419.9600,6,2
2026-01-05,600519,13:52:49,1419.9900,3,1
2026-01-05,600519,13:52:52,1419.9600,4,2
2026-01-05,600519,13:52:55,1419.9500,6,2
2026-01-05,600519,13:52:58,1419.8900,4,2
2026-01-05,600519,13:53:01,1419.8900,3,2
2026-01-05,600519,13:53:04,1419.8900,5,1
2026-01-05,600519,13:53:07,1419.8900,1,1
2026-01-05,600519,13:53:10,1419.8800,12,2
2026-01-05,600519,13:53:13,1419.8600,7,2
2026-01-05,600519,13:53:16,1419.8800,13,1
2026-01-05,600519,13:53:19,1419.9100,30,1
2026-01-05,600519,13:53:22,1419.8800,13,2
2026-01-05,600519,13:53:25,1419.8600,2,1
2026-01-05,600519,13:53:28,1419.8900,5,1
2026-01-05,600519,13:53:31,1419.8800,3,2
2026-01-05,600519,13:53:34,1419.8800,7,2
2026-01-05,600519,13:53:37,1419.8800,8,2
2026-01-05,600519,13:53:40,1419.9000,5,2
2026-01-05,600519,13:53:43,1419.9000,12,2
2026-01-05,600519,13:53:46,1420.0000,7,1
2026-01-05,600519,13:53:49,1419.9100,2,2
2026-01-05,600519,13:53:52,1419.9000,6,2
2026-01-05,600519,13:53:55,1419.9900,1,1
2026-01-05,600519,13:53:58,1419.9100,1,2
2026-01-05,600519,13:54:01,1419.9100,2,2
2026-01-05,600519,13:54:04,1419.9000,6,2
2026-01-05,600519,13:54:07,1419.9800,2,1
2026-01-05,600519,13:54:10,1419.9900,2,1
2026-01-05,600519,13:54:13,1419.9800,3,1
2026-01-05,600519,13:54:16,1419.9000,1,2
2026-01-05,600519,13:54:19,1419.9800,3,2
2026-01-05,600519,13:54:22,1419.9100,2,2
2026-01-05,600519,13:54:28,1419.9200,4,2
2026-01-05,600519,13:54:31,1419.9000,6,2
2026-01-05,600519,13:54:34,1419.9200,4,1
2026-01-05,600519,13:54:37,1419.9100,7,1
2026-01-05,600519,13:54:40,1419.9000,3,2
2026-01-05,600519,13:54:43,1419.9000,9,2
2026-01-05,600519,13:54:46,1419.9000,2,1
2026-01-05,600519,13:54:49,1419.8800,2,2
2026-01-05,600519,13:54:52,1419.8600,6,2
2026-01-05,600519,13:54:55,1419.8700,2,2
2026-01-05,600519,13:54:58,1419.8600,8,2
2026-01-05,600519,13:55:01,1419.8900,18,1
2026-01-05,600519,13:55:04,1419.8300,6,2
2026-01-05,600519,13:55:07,1419.8700,4,1
2026-01-05,600519,13:55:10,1419.8300,4,2
2026-01-05,600519,13:55:13,1419.8199,5,2
2026-01-05,600519,13:55:16,1419.8199,7,2
2026-01-05,600519,13:55:19,1419.8700,8,1
2026-01-05,600519,13:55:22,1419.8300,6,1
2026-01-05,600519,13:55:25,1419.8101,18,2
2026-01-05,600519,13:55:28,1419.8000,7,2
2026-01-05,600519,13:55:31,1419.8000,5,2
2026-01-05,600519,13:55:34,1419.8101,6,1
2026-01-05,600519,13:55:37,1419.8101,5,2
2026-01-05,600519,13:55:40,1419.8101,16,2
2026-01-05,600519,13:55:43,1419.8800,10,1
2026-01-05,600519,13:55:46,1419.8800,4,2
2026-01-05,600519,13:55:49,1419.8800,2,1
2026-01-05,600519,13:55:52,1419.8600,8,2
2026-01-05,600519,13:55:55,1419.8700,14,1
2026-01-05,600519,13:55:58,1419.8600,13,2
2026-01-05,600519,13:56:01,1419.8300,11,2
2026-01-05,600519,13:56:04,1419.8400,7,4
2026-01-05,600519,13:56:07,1419.8500,4,1
2026-01-05,600519,13:56:10,1419.8300,5,2
2026-01-05,600519,13:56:13,1419.8600,4,1
2026-01-05,600519,13:56:16,1419.8500,5,2
2026-01-05,600519,13:56:19,1419.8600,25,1
2026-01-05,600519,13:56:22,1419.8600,16,1
2026-01-05,600519,13:56:25,1419.8700,12,4
2026-01-05,600519,13:56:28,1419.8500,5,1
2026-01-05,600519,13:56:31,1419.8400,3,2
2026-01-05,600519,13:56:34,1419.9000,11,1
2026-01-05,600519,13:56:37,1419.8900,9,4
2026-01-05,600519,13:56:40,1419.8900,3,2
2026-01-05,600519,13:56:43,1419.8900,3,2
2026-01-05,600519,13:56:46,1419.8900,2,2
2026-01-05,600519,13:56:49,1419.8800,10,2
2026-01-05,600519,13:56:52,1419.8900,4,1
2026-01-05,600519,13:56:55,1419.9100,10,1
2026-01-05,600519,13:56:58,1419.8500,3,2
2026-01-05,600519,13:57:01,1419.8500,7,2
2026-01-05,600519,13:57:04,1419.8800,6,1
2026-01-05,600519,13:57:07,1419.9200,4,1
2026-01-05,600519,13:57:10,1419.9000,4,2
2026-01-05,600519,13:57:13,1419.9500,14,1
2026-01-05,600519,13:57:16,1419.9500,4,2
2026-01-05,600519,13:57:19,1419.9800,4,1
2026-01-05,600519,13:57:22,1419.9800,3,1
2026-01-05,600519,13:57:25,1419.9800,3,1
2026-01-05,600519,13:57:28,1419.9600,6,2
2026-01-05,600519,13:57:31,1419.9399,15,2
2026-01-05,600519,13:57:34,1419.9900,38,1
2026-01-05,600519,13:57:37,1419.9900,17,2
2026-01-05,600519,13:57:40,1419.9900,34,2
2026-01-05,600519,13:57:43,1419.9900,15,1
2026-01-05,600519,13:57:46,1419.9900,3,1
2026-01-05,600519,13:57:49,1419.9900,6,1
2026-01-05,600519,13:57:52,1419.9900,6,1
2026-01-05,600519,13:57:55,1419.9800,3,2
2026-01-05,600519,13:57:58,1420.0000,204,1
2026-01-05,600519,13:58:01,1420.5300,189,1
2026-01-05,600519,13:58:04,1420.7800,72,1
2026-01-05,600519,13:58:07,1420.9900,51,1
2026-01-05,600519,13:58:10,1421.0000,57,1
2026-01-05,600519,13:58:13,1421.0000,28,1
2026-01-05,600519,13:58:16,1421.0000,20,1
2026-01-05,600519,13:58:19,1421.0000,6,1
2026-01-05,600519,13:58:22,1420.9301,8,2
2026-01-05,600519,13:58:25,1420.9399,11,2
2026-01-05,600519,13:58:28,1420.9900,6,1
2026-01-05,600519,13:58:31,1420.9301,19,2
2026-01-05,600519,13:58:34,1420.9399,8,1
2026-01-05,600519,13:58:37,1420.9301,6,2
2026-01-05,600519,13:58:40,1420.9301,5,2
2026-01-05,600519,13:58:43,1420.9900,5,1
2026-01-05,600519,13:58:46,1420.9600,13,2
2026-01-05,600519,13:58:49,1421.0200,72,1
2026-01-05,600519,13:58:52,1421.0300,20,1
2026-01-05,600519,13:58:55,1421.1500,6,1
2026-01-05,600519,13:58:58,1421.0300,5,2
2026-01-05,600519,13:59:01,1421.0300,5,2
2026-01-05,600519,13:59:04,1421.1899,8,1
2026-01-05,600519,13:59:07,1420.9600,34,2
2026-01-05,600519,13:59:10,1420.9200,25,2
2026-01-05,600519,13:59:13,1421.0300,12,1
2026-01-05,600519,13:59:16,1420.9200,22,2
2026-01-05,600519,13:59:19,1420.9200,24,2
2026-01-05,600519,13:59:22,1421.0000,10,1
2026-01-05,600519,13:59:25,1420.9900,5,1
2026-01-05,600519,13:59:28,1420.9600,2,4
2026-01-05,600519,13:59:31,1420.9200,28,2
2026-01-05,600519,13:59:34,1420.9600,9,4
2026-01-05,600519,13:59:37,1420.9600,9,2
2026-01-05,600519,13:59:40,1420.9399,6,2
2026-01-05,600519,13:59:43,1421.0100,29,1
2026-01-05,600519,13:59:46,1420.9301,60,2
2026-01-05,600519,13:59:49,1421.0300,24,2
2026-01-05,600519,13:59:52,1421.2000,12,1
2026-01-05,600519,13:59:55,1421.2000,7,1
2026-01-05,600519,13:59:58,1421.0300,3,2
2026-01-05,600519,14:00:01,1421.0800,16,1
2026-01-05,600519,14:00:04,1421.4700,12,1
2026-01-05,600519,14:00:07,1421.4900,14,1
2026-01-05,600519,14:00:10,1421.5500,100,1
2026-01-05,600519,14:00:13,1421.5699,51,1
2026-01-05,600519,14:00:16,1421.6700,30,1
2026-01-05,600519,14:00:19,1421.6801,37,1
2026-01-05,600519,14:00:22,1421.8199,14,1
2026-01-05,600519,14:00:25,1421.8900,29,1
2026-01-05,600519,14:00:28,1421.9900,23,1
2026-01-05,600519,14:00:31,1421.9900,31,1
2026-01-05,600519,14:00:34,1422.0000,18,1
2026-01-05,600519,14:00:37,1421.9800,17,2
2026-01-05,600519,14:00:40,1421.9900,57,1
2026-01-05,600519,14:00:43,1422.0000,271,1
2026-01-05,600519,14:00:46,1422.1200,59,1
2026-01-05,600519,14:00:49,1421.9800,91,2
2026-01-05,600519,14:00:52,1422.3700,36,1
2026-01-05,600519,14:00:55,1422.4301,17,1
2026-01-05,600519,14:00:58,1422.5500,11,1
2026-01-05,600519,14:01:01,1422.8000,6,1
2026-01-05,600519,14:01:04,1422.8800,30,1
2026-01-05,600519,14:01:07,1423.0000,54,1
2026-01-05,600519,14:01:10,1423.0300,149,1
2026-01-05,600519,14:01:13,1423.3900,24,1
2026-01-05,600519,14:01:16,1422.8101,66,2
2026-01-05,600519,14:01:19,1422.8101,65,1
2026-01-05,600519,14:01:22,1423.6801,23,1
2026-01-05,600519,14:01:25,1423.6700,21,2
2026-01-05,600519,14:01:28,1423.6899,7,2
2026-01-05,600519,14:01:31,1423.0300,34,2
2026-01-05,600519,14:01:34,1423.0601,19,1
2026-01-05,600519,14:01:37,1423.1500,12,1
2026-01-05,600519,14:01:40,1423.1500,4,1
2026-01-05,600519,14:01:43,1423.0000,30,1
2026-01-05,600519,14:01:46,1423.0000,9,1
2026-01-05,600519,14:01:49,1422.8500,18,2
2026-01-05,600519,14:01:52,1423.0000,19,1
2026-01-05,600519,14:01:55,1423.0100,7,2
2026-01-05,600519,14:01:58,1422.8500,13,2
2026-01-05,600519,14:02:01,1422.9200,42,1
2026-01-05,600519,14:02:04,1422.8900,15,2
2026-01-05,600519,14:02:07,1422.8600,14,2
2026-01-05,600519,14:02:10,1422.9900,136,1
2026-01-05,600519,14:02:13,1423.0200,81,1
2026-01-05,600519,14:02:16,1422.9900,32,2
2026-01-05,600519,14:02:19,1422.9900,14,2
2026-01-05,600519,14:02:22,1423.0000,44,2
2026-01-05,600519,14:02:25,1423.0000,29,2
2026-01-05,600519,14:02:28,1423.0200,7,2
2026-01-05,600519,14:02:31,1422.9900,9,1
2026-01-05,600519,14:02:34,1422.9200,10,2
2026-01-05,600519,14:02:37,1422.9900,3,1
2026-01-05,600519,14:02:40,1422.9200,3,2
2026-01-05,600519,14:02:43,1422.9900,4,1
2026-01-05,600519,14:02:46,1422.8800,6,2
2026-01-05,600519,14:02:49,1422.9200,6,2
2026-01-05,600519,14:02:52,1422.9700,5,1
2026-01-05,600519,14:02:55,1422.9900,8,1
2026-01-05,600519,14:02:58,1422.9900,4,2
2026-01-05,600519,14:03:01,1423.0000,6,1
2026-01-05,600519,14:03:04,1423.0000,9,1
2026-01-05,600519,14:03:07,1423.0200,22,1
2026-01-05,600519,14:03:10,1423.0699,12,1
2026-01-05,600519,14:03:13,1423.0000,32,2
2026-01-05,600519,14:03:16,1422.9900,15,2
2026-01-05,600519,14:03:19,1423.0000,7,1
2026-01-05,600519,14:03:22,1423.0000,15,2
2026-01-05,600519,14:03:25,1423.0200,37,2
2026-01-05,600519,14:03:28,1423.0000,21,2
2026-01-05,600519,14:03:31,1423.0100,29,2
2026-01-05,600519,14:03:34,1423.0000,16,2
2026-01-05,600519,14:03:37,1423.0100,24,2
2026-01-05,600519,14:03:40,1422.9900,19,2
2026-01-05,600519,14:03:43,1423.4900,13,1
2026-01-05,600519,14:03:46,1423.0100,8,2
2026-01-05,600519,14:03:49,1422.9900,5,2
2026-01-05,600519,14:03:52,1422.9399,4,2
2026-01-05,600519,14:03:55,1422.9600,4,2
2026-01-05,600519,14:03:58,1423.4900,14,1
2026-01-05,600519,14:04:01,1423.4900,29,2
2026-01-05,600519,14:04:04,1423.5000,15,1
2026-01-05,600519,14:04:07,1423.5200,16,2
2026-01-05,600519,14:04:10,1423.6600,10,1
2026-01-05,600519,14:04:13,1423.6400,23,1
2026-01-05,600519,14:04:16,1423.8700,46,1
2026-01-05,600519,14:04:19,1423.9900,34,1
2026-01-05,600519,14:04:22,1424.5000,152,1
2026-01-05,600519,14:04:25,1424.7200,21,1
2026-01-05,600519,14:04:28,1424.9000,48,1
2026-01-05,600519,14:04:31,1425.0000,43,1
2026-01-05,600519,14:04:34,1424.9700,21,2
2026-01-05,600519,14:04:37,1425.0000,30,1
2026-01-05,600519,14:04:40,1425.0000,47,1
2026-01-05,600519,14:04:43,1424.9600,20,1
2026-01-05,600519,14:04:46,1424.7200,23,2
2026-01-05,600519,14:04:49,1424.9000,11,1
2026-01-05,600519,14:04:52,1424.9301,25,1
2026-01-05,600519,14:04:55,1424.9900,22,1
2026-01-05,600519,14:04:58,1424.9800,11,2
2026-01-05,600519,14:05:01,1424.9700,5,2
2026-01-05,600519,14:05:04,1424.9800,8,1
2026-01-05,600519,14:05:07,1424.9900,12,4
2026-01-05,600519,14:05:10,1424.7100,27,2
2026-01-05,600519,14:05:13,1424.9800,19,1
2026-01-05,600519,14:05:16,1424.7800,7,2
2026-01-05,600519,14:05:19,1424.8000,77,1
2026-01-05,600519,14:05:22,1424.8000,22,1
2026-01-05,600519,14:05:25,1424.6899,14,1
2026-01-05,600519,14:05:28,1424.4000,4,2
2026-01-05,600519,14:05:31,1424.4000,4,2
2026-01-05,600519,14:05:34,1424.4000,6,2
2026-01-05,600519,14:05:37,1424.4000,2,1
2026-01-05,600519,14:05:40,1424.3600,5,2
2026-01-05,600519,14:05:43,1424.3500,7,2
2026-01-05,600519,14:05:46,1424.3500,2,2
2026-01-05,600519,14:05:49,1424.3500,1,1
2026-01-05,600519,14:05:52,1424.3400,6,2
2026-01-05,600519,14:05:55,1424.3199,4,2
2026-01-05,600519,14:05:58,1424.0300,5,2
2026-01-05,600519,14:06:01,1424.0300,3,2
2026-01-05,600519,14:06:04,1424.2900,30,1
2026-01-05,600519,14:06:07,1424.3500,6,1
2026-01-05,600519,14:06:10,1424.3199,3,1
2026-01-05,600519,14:06:13,1424.3500,8,1
2026-01-05,600519,14:06:16,1424.3199,6,1
2026-01-05,600519,14:06:19,1424.3300,5,1
2026-01-05,600519,14:06:22,1424.4301,17,1
2026-01-05,600519,10:54:01,1408.3500,6,1
2026-01-05,600519,10:54:04,1408.3300,2,2
2026-01-05,600519,10:54:07,1408.3400,4,2
2026-01-05,600519,10:54:10,1408.3300,10,2
2026-01-05,600519,10:54:13,1408.3300,8,2
2026-01-05,600519,10:54:16,1408.3400,3,1
2026-01-05,600519,10:54:19,1408.3199,1,2
2026-01-05,600519,10:54:22,1408.3400,10,1
2026-01-05,600519,10:54:25,1408.3199,9,2
2026-01-05,600519,10:54:28,1408.3500,10,1
2026-01-05,600519,10:54:31,1408.3199,32,2
2026-01-05,600519,10:54:34,1408.3199,11,2
2026-01-05,600519,10:54:37,1408.3199,1,1
2026-01-05,600519,10:54:40,1408.3101,8,2
2026-01-05,600519,10:54:43,1408.3101,1,2
2026-01-05,600519,10:54:46,1408.3300,12,1
2026-01-05,600519,10:54:49,1408.3500,5,2
2026-01-05,600519,10:54:52,1408.3500,4,1
2026-01-05,600519,10:54:55,1408.3500,4,1
2026-01-05,600519,10:54:58,1408.3400,1,1
2026-01-05,600519,10:55:01,1408.3300,2,2
2026-01-05,600519,10:55:04,1408.3400,9,1
2026-01-05,600519,10:55:07,1408.3400,4,1
2026-01-05,600519,10:55:10,1408.3400,12,1
2026-01-05,600519,10:55:13,1408.3500,12,1
2026-01-05,600519,10:55:16,1408.3300,6,2
2026-01-05,600519,10:55:19,1408.3300,1,1
2026-01-05,600519,10:55:22,1408.3300,10,1
2026-01-05,600519,10:55:25,1408.3400,5,1
2026-01-05,600519,10:55:28,1408.3300,4,2
2026-01-05,600519,10:55:31,1408.3300,3,2
2026-01-05,600519,10:55:34,1408.3400,8,1
2026-01-05,600519,10:55:37,1408.3300,4,2
2026-01-05,600519,10:55:40,1408.3400,5,1
2026-01-05,600519,10:55:43,1408.4000,53,1
2026-01-05,600519,10:55:46,1408.4301,39,1
2026-01-05,600519,10:55:49,1408.5000,23,1
2026-01-05,600519,10:55:52,1408.5800,14,1
2026-01-05,600519,10:55:55,1408.5601,25,2
2026-01-05,600519,10:55:58,1408.6899,39,1
2026-01-05,600519,10:56:01,1408.6600,4,2
2026-01-05,600519,10:56:04,1408.8800,4,1
2026-01-05,600519,10:56:07,1408.8800,23,1
2026-01-05,600519,10:56:10,1408.8800,20,1
2026-01-05,600519,10:56:13,1408.5400,7,2
2026-01-05,600519,10:56:16,1408.8900,13,1
2026-01-05,600519,10:56:19,1408.8800,2,1
2026-01-05,600519,10:56:22,1408.9100,10,1
2026-01-05,600519,10:56:25,1408.9500,10,1
2026-01-05,600519,10:56:28,1408.9500,1,1
2026-01-05,600519,10:56:31,1408.9100,7,2
2026-01-05,600519,10:56:34,1408.9600,12,1
2026-01-05,600519,10:56:37,1409.1000,200,1
2026-01-05,600519,10:56:40,1409.1500,10,1
2026-01-05,600519,10:56:43,1409.2400,5,1
2026-01-05,600519,10:56:46,1409.3000,11,1
2026-01-05,600519,10:56:49,1409.3800,2,1
2026-01-05,600519,10:56:52,1409.3900,18,1
2026-01-05,600519,10:56:55,1409.4600,8,1
2026-01-05,600519,10:56:58,1409.4600,5,2
2026-01-05,600519,10:57:01,1409.4600,15,2
2026-01-05,600519,10:57:04,1409.5100,17,1
2026-01-05,600519,10:57:07,1409.4800,4,2
2026-01-05,600519,10:57:10,1409.5800,5,1
2026-01-05,600519,10:57:13,1409.6300,14,1
2026-01-05,600519,10:57:16,1409.6000,3,2
2026-01-05,600519,10:57:19,1409.7700,1,1
2026-01-05,600519,10:57:22,1409.7900,18,1
2026-01-05,600519,10:57:25,1409.6899,9,2
2026-01-05,600519,10:57:28,1409.8000,18,1
2026-01-05,600519,10:57:31,1409.8000,2,2
2026-01-05,600519,10:57:34,1409.8199,6,1
2026-01-05,600519,10:57:37,1409.8000,6,2
2026-01-05,600519,10:57:40,1409.8101,8,1
2026-01-05,600519,10:57:43,1409.8101,8,4
2026-01-05,600519,10:57:46,1409.8000,34,2
2026-01-05,600519,10:57:49,1409.9000,9,1
2026-01-05,600519,10:57:52,1409.8500,6,2
2026-01-05,600519,10:57:55,1409.8600,16,2
2026-01-05,600519,10:57:58,1409.8700,3,2
2026-01-05,600519,10:58:01,1409.8600,20,2
2026-01-05,600519,10:58:04,1409.8500,14,2
2026-01-05,600519,10:58:07,1409.9000,28,1
2026-01-05,600519,10:58:10,1409.9100,12,1
2026-01-05,600519,10:58:13,1409.8900,12,2
2026-01-05,600519,10:58:16,1409.8800,8,4
2026-01-05,600519,10:58:19,1409.8900,3,1
2026-01-05,600519,10:58:22,1409.8800,40,2
2026-01-05,600519,10:58:25,1409.8800,2,1
2026-01-05,600519,10:58:28,1409.7900,31,2
2026-01-05,600519,10:58:31,1409.7900,4,1
2026-01-05,600519,10:58:34,1409.6100,3,2
2026-01-05,600519,10:58:37,1409.6000,21,2
2026-01-05,600519,10:58:40,1409.6100,7,2
2026-01-05,600519,10:58:43,1409.6100,15,1
2026-01-05,600519,10:58:46,1409.5000,19,2
2026-01-05,600519,10:58:49,1409.5900,5,1
2026-01-05,600519,10:58:52,1409.5800,9,4
2026-01-05,600519,10:58:55,1409.4301,3,2
2026-01-05,600519,10:58:58,1409.5800,10,1
2026-01-05,600519,10:59:01,1409.4301,7,1
2026-01-05,600519,10:59:04,1409.5699,9,1
2026-01-05,600519,10:59:07,1409.4301,16,2
2026-01-05,600519,10:59:10,1409.4399,8,2
2026-01-05,600519,10:59:13,1409.4301,6,2
2026-01-05,600519,10:59:16,1409.4399,5,2
2026-01-05,600519,10:59:19,1409.4301,4,2
2026-01-05,600519,10:59:22,1409.4301,1,1
2026-01-05,600519,10:59:25,1409.4301,11,1
2026-01-05,600519,10:59:28,1409.3800,9,2
2026-01-05,600519,10:59:31,1409.3900,2,1
2026-01-05,600519,10:59:34,1409.3700,3,4
2026-01-05,600519,10:59:37,1409.3600,2,2
2026-01-05,600519,10:59:40,1409.3600,1,1
2026-01-05,600519,10:59:43,1409.3300,25,2
2026-01-05,600519,10:59:46,1409.3500,6,1
2026-01-05,600519,10:59:49,1409.3500,4,1
2026-01-05,600519,10:59:52,1409.3101,3,2
2026-01-05,600519,10:59:55,1409.2700,3,2
2026-01-05,600519,10:59:58,1409.3101,5,1
2026-01-05,600519,11:00:01,1409.2700,9,2
2026-01-05,600519,11:00:07,1409.2700,4,1
2026-01-05,600519,11:00:10,1409.2500,5,2
2026-01-05,600519,11:00:13,1409.2500,1,1
2026-01-05,600519,11:00:16,1409.2500,3,1
2026-01-05,600519,11:00:19,1409.1600,2,2
2026-01-05,600519,11:00:22,1409.2400,10,1
2026-01-05,600519,11:00:25,1409.1500,4,2
2026-01-05,600519,11:00:28,1409.1400,4,2
2026-01-05,600519,11:00:31,1409.1300,1,2
2026-01-05,600519,11:00:34,1409.1400,4,2
2026-01-05,600519,11:00:37,1409.1400,16,2
2026-01-05,600519,11:00:40,1409.1300,2,1
2026-01-05,600519,11:00:43,1409.1200,2,2
2026-01-05,600519,11:00:46,1409.1200,6,2
2026-01-05,600519,11:00:49,1409.1200,7,2
2026-01-05,600519,11:00:52,1409.1200,41,2
2026-01-05,600519,11:00:55,1409.1899,119,1
2026-01-05,600519,11:00:58,1409.3000,43,1
2026-01-05,600519,11:01:01,1409.4200,25,1
2026-01-05,600519,11:01:04,1409.5200,23,1
2026-01-05,600519,11:01:07,1409.4800,24,2
2026-01-05,600519,11:01:10,1409.7900,10,1
2026-01-05,600519,11:01:13,1409.8000,11,1
2026-01-05,600519,11:01:16,1409.8600,1,1
2026-01-05,600519,11:01:19,1409.7200,10,2
2026-01-05,600519,11:01:22,1409.7200,8,2
2026-01-05,600519,11:01:28,1409.8700,3,1
2026-01-05,600519,11:01:31,1409.8700,2,1
2026-01-05,600519,11:01:34,1409.7300,5,2
2026-01-05,600519,11:01:37,1409.7200,5,2
2026-01-05,600519,11:01:40,1409.7300,2,1
2026-01-05,600519,11:01:43,1409.8500,2,1
2026-01-05,600519,11:01:46,1409.6200,5,2
2026-01-05,600519,11:01:49,1409.6200,1,2
2026-01-05,600519,11:01:52,1409.6200,3,2
2026-01-05,600519,11:01:55,1409.6200,4,2
2026-01-05,600519,11:01:58,1409.6801,66,1
2026-01-05,600519,11:02:01,1409.9000,20,1
2026-01-05,600519,11:02:04,1409.7400,6,1
2026-01-05,600519,11:02:07,1409.6500,24,2
2026-01-05,600519,11:02:10,1409.6801,19,2
2026-01-05,600519,11:02:13,1409.6801,3,2
2026-01-05,600519,11:02:16,1409.7300,7,1
2026-01-05,600519,11:02:19,1409.9000,4,1
2026-01-05,600519,11:02:22,1409.6700,1,2
2026-01-05,600519,11:02:28,1409.6600,7,2
2026-01-05,600519,11:02:31,1409.7300,4,1
2026-01-05,600519,11:02:34,1409.6700,7,1
2026-01-05,600519,11:02:37,1409.6700,4,1
2026-01-05,600519,11:02:40,1409.6500,28,2
2026-01-05,600519,11:02:43,1409.7300,4,1
2026-01-05,600519,11:02:46,1409.6500,3,2
2026-01-05,600519,11:02:49,1409.6300,7,1
2026-01-05,600519,11:02:52,1409.6500,8,1
2026-01-05,600519,11:02:55,1409.7100,106,1
2026-01-05,600519,11:02:58,1409.7100,9,1
2026-01-05,600519,11:03:01,1409.6899,6,2
2026-01-05,600519,11:03:04,1409.6899,1,1
2026-01-05,600519,11:03:07,1409.6500,6,2
2026-01-05,600519,11:03:10,1409.6000,13,2
2026-01-05,600519,11:03:13,1409.6899,2,1
2026-01-05,600519,11:03:16,1409.6000,2,2
2026-01-05,600519,11:03:19,1409.5900,6,2
2026-01-05,600519,11:03:22,1409.6000,2,1
2026-01-05,600519,11:03:25,1409.6000,4,1
2026-01-05,600519,11:03:28,1409.6000,18,1
2026-01-05,600519,11:03:31,1409.6500,8,1
2026-01-05,600519,11:03:34,1409.6400,3,1
2026-01-05,600519,11:03:37,1409.6100,3,2
2026-01-05,600519,11:03:40,1409.6300,2,1
2026-01-05,600519,11:03:43,1409.6200,3,2
2026-01-05,600519,11:03:46,1409.6100,3,2
2026-01-05,600519,11:03:49,1409.6300,4,1
2026-01-05,600519,11:03:52,1409.6100,15,2
2026-01-05,600519,11:03:55,1409.6100,26,1
2026-01-05,600519,11:03:58,1409.6000,7,2
2026-01-05,600519,11:04:01,1409.6000,6,2
2026-01-05,600519,11:04:04,1409.6000,3,2
2026-01-05,600519,11:04:07,1409.6400,40,1
2026-01-05,600519,11:04:10,1409.6300,15,2
2026-01-05,600519,11:04:13,1409.6000,7,2
2026-01-05,600519,11:04:16,1409.6000,4,2
2026-01-05,600519,11:04:19,1409.6400,1,1
2026-01-05,600519,11:04:22,1409.6000,14,2
2026-01-05,600519,11:04:25,1409.5900,4,2
2026-01-05,600519,11:04:28,1409.5800,10,2
2026-01-05,600519,11:04:31,1409.5800,3,2
2026-01-05,600519,11:04:34,1409.6000,12,1
2026-01-05,600519,11:04:37,1409.6000,4,1
2026-01-05,600519,11:04:40,1409.6000,2,1
2026-01-05,600519,11:04:43,1409.5900,4,1
2026-01-05,600519,11:04:46,1409.5800,3,2
2026-01-05,600519,11:04:49,1409.6000,1,1
2026-01-05,600519,11:04:52,1409.5200,3,2
2026-01-05,600519,11:05:01,1409.5800,16,1
2026-01-05,600519,11:05:04,1409.5601,1,1
2026-01-05,600519,11:05:07,1409.5800,2,1
2026-01-05,600519,11:05:10,1409.5800,3,4
2026-01-05,600519,11:05:13,1409.6000,7,1
2026-01-05,600519,11:05:16,1409.5800,2,2
2026-01-05,600519,11:05:19,1409.5601,3,2
2026-01-05,600519,11:05:22,1409.6100,14,1
2026-01-05,600519,11:05:25,1409.6400,27,1
2026-01-05,600519,11:05:28,1409.6400,20,1
2026-01-05,600519,11:05:31,1409.6000,16,2
2026-01-05,600519,11:05:34,1409.6000,18,2
2026-01-05,600519,11:05:37,1409.9000,169,1
2026-01-05,600519,11:05:40,1409.9301,39,1
2026-01-05,600519,11:05:43,1409.8300,8,2
2026-01-05,600519,11:05:46,1409.8900,20,1
2026-01-05,600519,11:05:49,1409.9700,4,1
2026-01-05,600519,11:05:52,1409.9500,32,2
2026-01-05,600519,11:05:55,1409.9800,23,1
2026-01-05,600519,11:05:58,1410.0000,114,1
2026-01-05,600519,11:06:01,1410.0000,72,1
2026-01-05,600519,11:06:04,1410.0000,17,1
2026-01-05,600519,11:06:07,1409.9700,43,2
2026-01-05,600519,11:06:10,1410.0000,314,1
2026-01-05,600519,11:06:13,1410.6000,206,1
2026-01-05,600519,11:06:16,1410.8800,11,1
2026-01-05,600519,11:06:19,1411.1100,94,1
2026-01-05,600519,11:06:22,1411.1400,16,1
2026-01-05,600519,11:06:25,1411.4200,5,1
2026-01-05,600519,11:06:28,1411.4200,11,2
2026-01-05,600519,11:06:31,1411.5000,2,4
2026-01-05,600519,11:06:34,1411.6000,9,1
2026-01-05,600519,11:06:37,1411.6000,2,2
2026-01-05,600519,11:06:40,1411.5800,4,1
2026-01-05,600519,11:06:43,1411.4200,4,2
2026-01-05,600519,11:06:46,1411.6801,12,1
2026-01-05,600519,11:06:49,1411.7200,7,1
2026-01-05,600519,11:06:52,1411.9900,20,1
2026-01-05,600519,11:06:55,1411.8600,7,2
2026-01-05,600519,11:06:58,1411.9900,3,1
2026-01-05,600519,11:07:01,1411.8600,6,2
2026-01-05,600519,11:07:04,1411.9800,10,1
2026-01-05,600519,11:07:07,1411.9900,15,1
2026-01-05,600519,11:07:10,1411.8600,7,1
2026-01-05,600519,11:07:13,1411.9800,20,1
2026-01-05,600519,11:07:16,1411.9800,7,2
2026-01-05,600519,11:07:19,1411.9900,6,1
2026-01-05,600519,11:07:22,1411.9800,6,2
2026-01-05,600519,11:07:25,1411.9900,5,1
2026-01-05,600519,11:07:28,1411.9600,39,2
2026-01-05,600519,11:07:31,1411.6400,19,2
2026-01-05,600519,11:07:34,1411.9600,10,1
2026-01-05,600519,11:07:37,1411.9700,7,1
2026-01-05,600519,11:07:40,1411.6801,5,2
2026-01-05,600519,11:07:43,1411.9700,5,1
2026-01-05,600519,11:07:46,1411.7200,2,2
2026-01-05,600519,11:07:49,1411.7000,4,2
2026-01-05,600519,11:07:52,1411.7000,5,2
2026-01-05,600519,11:07:55,1411.7000,6,1
2026-01-05,600519,11:07:58,1411.7300,5,2
2026-01-05,600519,11:08:01,1411.7000,3,2
2026-01-05,600519,11:08:04,1411.3800,23,2
2026-01-05,600519,11:08:07,1411.6700,19,1
2026-01-05,600519,11:08:10,1411.1899,6,2
2026-01-05,600519,11:08:13,1411.1899,9,2
2026-01-05,600519,11:08:16,1411.1801,1,2
2026-01-05,600519,11:08:19,1411.1801,2,1
2026-01-05,600519,11:08:22,1411.1500,7,2
2026-01-05,600519,11:08:25,1411.1100,11,2
2026-01-05,600519,11:08:28,1411.0000,2,2
2026-01-05,600519,11:08:31,1410.8500,6,2
2026-01-05,600519,11:08:34,1410.7400,1,2
2026-01-05,600519,11:08:37,1410.9900,9,1
2026-01-05,600519,11:08:40,1410.8500,7,2
2026-01-05,600519,11:08:43,1410.8500,5,2
2026-01-05,600519,11:08:46,1410.9800,8,2
2026-01-05,600519,11:08:49,1410.9800,5,1
2026-01-05,600519,11:08:52,1410.8600,9,2
2026-01-05,600519,11:08:58,1410.8600,4,2
2026-01-05,600519,11:09:01,1410.8600,2,1
2026-01-05,600519,11:09:04,1410.8600,6,1
2026-01-05,600519,11:09:07,1410.8500,3,2
2026-01-05,600519,11:09:10,1410.8101,7,2
2026-01-05,600519,11:09:13,1410.8500,3,1
2026-01-05,600519,11:09:16,1410.8101,8,2
2026-01-05,600519,11:09:19,1410.7800,5,2
2026-01-05,600519,11:09:22,1410.7800,4,2
2026-01-05,600519,11:09:25,1410.7700,5,2
2026-01-05,600519,11:09:28,1410.7800,6,1
2026-01-05,600519,11:09:31,1410.7800,2,1
2026-01-05,600519,11:09:34,1410.7600,8,1
2026-01-05,600519,11:09:37,1410.5400,2,2
2026-01-05,600519,11:09:40,1410.7700,7,1
2026-01-05,600519,11:09:43,1410.5100,5,2
2026-01-05,600519,11:09:46,1410.5300,3,2
2026-01-05,600519,11:09:49,1410.5000,6,2
2026-01-05,600519,11:09:52,1410.5000,5,2
2026-01-05,600519,11:09:55,1410.5400,4,1
2026-01-05,600519,11:09:58,1410.4200,5,2
2026-01-05,600519,11:10:01,1410.5000,3,2
2026-01-05,600519,11:10:04,1410.7500,5,1
2026-01-05,600519,11:10:07,1410.4200,5,2
2026-01-05,600519,11:10:10,1410.4200,8,2
2026-01-05,600519,11:10:13,1410.4800,3,1
2026-01-05,600519,11:10:19,1410.1500,3,2
2026-01-05,600519,11:10:22,1410.1700,2,1
2026-01-05,600519,11:10:25,1410.1500,3,2
2026-01-05,600519,11:10:28,1410.1100,1,2
2026-01-05,600519,11:10:31,1410.1100,8,2
2026-01-05,600519,11:10:34,1410.1000,5,2
2026-01-05,600519,11:10:37,1410.1000,4,1
2026-01-05,600519,11:10:40,1410.1000,8,1
2026-01-05,600519,11:10:43,1410.0100,3,2
2026-01-05,600519,11:10:46,1410.0000,7,2
2026-01-05,600519,11:10:49,1410.0000,5,2
2026-01-05,600519,11:10:52,1410.0100,1,2
2026-01-05,600519,11:10:55,1410.0100,7,2
2026-01-05,600519,11:10:58,1410.0000,9,2
2026-01-05,600519,11:11:01,1410.0000,6,2
2026-01-05,600519,11:11:04,1410.0000,25,2
2026-01-05,600519,11:11:07,1409.9399,1,4
2026-01-05,600519,11:11:10,1409.8900,7,2
2026-01-05,600519,11:11:13,1409.7800,5,2
2026-01-05,600519,11:11:16,1410.0000,2,1
2026-01-05,600519,11:11:19,1409.8000,14,2
2026-01-05,600519,11:11:22,1410.0000,17,1
2026-01-05,600519,11:11:25,1410.0100,3,1
2026-01-05,600519,11:11:28,1410.0100,2,2
2026-01-05,600519,11:11:31,1410.0000,7,2
2026-01-05,600519,11:11:34,1409.9000,5,2
2026-01-05,600519,11:11:37,1410.1000,14,1
2026-01-05,600519,11:11:40,1410.0000,5,2
2026-01-05,600519,11:11:43,1410.1500,1,1
2026-01-05,600519,11:11:46,1409.8199,2,2
2026-01-05,600519,11:11:49,1410.1801,2,1
2026-01-05,600519,11:11:52,1410.1801,4,1
2026-01-05,600519,11:11:55,1410.2800,5,1
2026-01-05,600519,11:11:58,1410.3400,5,1
2026-01-05,600519,11:12:01,1410.4700,4,1
2026-01-05,600519,11:12:04,1410.5000,3,1
2026-01-05,600519,11:12:10,1410.3900,9,2
2026-01-05,600519,11:12:13,1410.4700,2,1
2026-01-05,600519,11:12:19,1410.3300,3,2
2026-01-05,600519,11:12:22,1410.3300,6,2
2026-01-05,600519,11:12:25,1410.4000,2,4
2026-01-05,600519,11:12:28,1410.3300,6,2
2026-01-05,600519,11:12:31,1410.3300,8,1
2026-01-05,600519,11:12:34,1410.3300,5,2
2026-01-05,600519,11:12:37,1410.3101,5,2
2026-01-05,600519,11:12:40,1410.4600,5,1
2026-01-05,600519,11:12:43,1410.3000,3,2
2026-01-05,600519,11:12:46,1410.3101,2,1
2026-01-05,600519,11:12:49,1410.3101,8,1
2026-01-05,600519,11:12:55,1410.3000,4,2
2026-01-05,600519,11:12:58,1410.3000,3,1
2026-01-05,600519,11:13:01,1410.3000,1,1
2026-01-05,600519,11:13:04,1410.3000,1,1
2026-01-05,600519,11:13:07,1410.2800,5,2
2026-01-05,600519,11:13:10,1410.2900,3,1
2026-01-05,600519,11:13:16,1410.2900,1,1
2026-01-05,600519,11:13:19,1410.2900,2,1
2026-01-05,600519,11:13:22,1410.2900,1,2
2026-01-05,600519,11:13:25,1410.2400,3,2
2026-01-05,600519,11:13:28,1410.2800,1,1
2026-01-05,600519,11:13:31,1410.2800,4,1
2026-01-05,600519,11:13:34,1410.2400,5,2
2026-01-05,600519,11:13:37,1410.2300,1,2
2026-01-05,600519,11:13:40,1410.2400,14,1
2026-01-05,600519,11:13:43,1410.2600,7,1
2026-01-05,600519,11:13:46,1410.2300,2,2
2026-01-05,600519,11:13:49,1410.1801,13,2
2026-01-05,600519,11:13:52,1410.2200,5,1
2026-01-05,600519,11:13:55,1410.2200,5,1
2026-01-05,600519,11:13:58,1410.1801,5,2
2026-01-05,600519,11:14:04,1410.1801,13,2
2026-01-05,600519,11:14:07,1410.1801,6,2
2026-01-05,600519,11:14:10,1410.2200,5,1
2026-01-05,600519,11:14:13,1410.2000,5,2
2026-01-05,600519,11:14:16,1410.2300,3,1
2026-01-05,600519,11:14:19,1410.3000,11,1
2026-01-05,600519,11:14:22,1410.3400,5,1
2026-01-05,600519,11:14:25,1410.4500,3,1
2026-01-05,600519,11:14:28,1410.4700,1,1
2026-01-05,600519,11:14:31,1410.5200,22,1
2026-01-05,600519,11:14:34,1410.6000,7,1
2026-01-05,600519,11:14:37,1410.4100,1,2
2026-01-05,600519,11:14:40,1410.6600,4,1
2026-01-05,600519,11:14:43,1410.4200,7,2
2026-01-05,600519,11:14:46,1410.4301,4,2
2026-01-05,600519,11:14:49,1410.6600,3,1
2026-01-05,600519,11:14:52,1410.6600,1,1
2026-01-05,600519,11:14:55,1410.6600,10,1
2026-01-05,600519,11:15:01,1410.6600,5,1
2026-01-05,600519,11:15:04,1410.6500,1,1
2026-01-05,600519,11:15:07,1410.6500,2,1
2026-01-05,600519,11:15:10,1410.6500,2,1
2026-01-05,600519,11:15:13,1410.6100,3,2
2026-01-05,600519,11:15:16,1410.6100,13,2
