date,code,time,price,volume,bs
2026-05-06,600519,14:03:14,1370.3400,1,1
2026-05-06,600519,14:03:17,1370.5601,21,1
2026-05-06,600519,14:03:20,1370.4500,5,1
2026-05-06,600519,14:03:23,1370.3900,13,1
2026-05-06,600519,14:03:26,1370.7800,13,1
2026-05-06,600519,14:03:32,1370.7800,4,1
2026-05-06,600519,14:03:35,1370.8300,3,1
2026-05-06,600519,14:03:38,1370.8300,4,1
2026-05-06,600519,14:03:41,1371.0100,19,1
2026-05-06,600519,14:03:44,1371.0000,3,2
2026-05-06,600519,14:03:47,1371.1801,1,1
2026-05-06,600519,14:03:50,1371.1801,1,1
2026-05-06,600519,14:03:53,1371.2600,10,1
2026-05-06,600519,14:03:56,1371.2500,2,1
2026-05-06,600519,14:03:59,1371.5100,59,1
2026-05-06,600519,14:04:02,1371.4100,3,2
2026-05-06,600519,14:04:08,1372.4399,7,1
2026-05-06,600519,14:04:17,1372.4399,7,1
2026-05-06,600519,14:04:20,1371.4600,7,2
2026-05-06,600519,14:04:23,1372.4399,1,1
2026-05-06,600519,14:04:26,1372.4500,3,1
2026-05-06,600519,14:04:29,1372.4301,2,1
2026-05-06,600519,14:04:32,1371.4900,5,2
2026-05-06,600519,14:04:35,1371.4900,3,2
2026-05-06,600519,14:04:38,1372.4399,7,1
2026-05-06,600519,14:04:41,1371.9900,1,1
2026-05-06,600519,14:04:44,1372.0000,2,1
2026-05-06,600519,14:04:47,1371.4800,6,2
2026-05-06,600519,14:04:50,1371.4800,5,1
2026-05-06,600519,14:04:56,1371.9800,2,1
2026-05-06,600519,14:04:59,1371.9800,1,1
2026-05-06,600519,14:05:02,1371.9100,1,2
2026-05-06,600519,14:05:08,1371.8800,14,1
2026-05-06,600519,14:05:11,1371.8900,2,1
2026-05-06,600519,14:05:20,1371.5500,5,2
2026-05-06,600519,14:05:23,1371.8700,1,1
2026-05-06,600519,14:05:29,1371.6500,8,2
2026-05-06,600519,14:05:32,1371.6500,1,2
2026-05-06,600519,14:05:38,1371.5900,2,2
2026-05-06,600519,14:05:41,1371.8900,19,1
2026-05-06,600519,14:05:44,1371.8900,1,1
2026-05-06,600519,14:05:47,1371.8500,1,2
2026-05-06,600519,14:05:50,1371.8000,1,2
2026-05-06,600519,14:05:53,1371.7500,2,2
2026-05-06,600519,14:05:56,1371.7500,2,2
2026-05-06,600519,14:05:59,1371.7500,1,2
2026-05-06,600519,14:06:02,1371.7500,4,2
2026-05-06,600519,14:06:08,1371.7000,4,2
2026-05-06,600519,14:06:11,1371.7000,3,2
2026-05-06,600519,14:06:17,1371.6400,4,2
2026-05-06,600519,14:06:23,1371.5000,12,2
2026-05-06,600519,14:06:26,1371.5800,3,1
2026-05-06,600519,14:06:29,1371.6100,6,1
2026-05-06,600519,14:06:32,1371.5000,2,2
2026-05-06,600519,14:06:44,1371.5000,1,2
2026-05-06,600519,14:06:53,1371.4900,4,2
2026-05-06,600519,14:06:56,1371.4800,7,2
2026-05-06,600519,14:06:59,1371.5200,5,1
2026-05-06,600519,14:07:02,1371.5300,16,1
2026-05-06,600519,14:07:05,1371.4800,9,2
2026-05-06,600519,14:07:08,1371.5800,5,1
2026-05-06,600519,14:07:11,1371.6000,3,1
2026-05-06,600519,14:07:20,1371.7200,1,1
2026-05-06,600519,14:07:23,1371.6000,4,2
2026-05-06,600519,14:07:26,1371.7200,1,1
2026-05-06,600519,14:07:29,1371.5900,2,2
2026-05-06,600519,14:07:35,1371.7100,1,1
2026-05-06,600519,14:07:38,1371.5800,3,2
2026-05-06,600519,14:07:47,1371.5300,3,2
2026-05-06,600519,14:07:50,1371.5300,1,2
2026-05-06,600519,14:07:53,1371.5699,1,1
2026-05-06,600519,14:07:56,1371.5300,4,2
2026-05-06,600519,14:07:59,1371.5500,2,2
2026-05-06,600519,14:08:02,1371.5601,2,1
2026-05-06,600519,14:08:05,1371.5699,2,1
2026-05-06,600519,14:08:08,1371.5000,4,2
2026-05-06,600519,14:08:11,1371.5000,4,2
2026-05-06,600519,14:08:14,1371.5000,8,2
2026-05-06,600519,14:08:17,1371.4900,1,2
2026-05-06,600519,14:08:20,1371.4600,9,2
2026-05-06,600519,14:08:23,1371.4500,7,2
2026-05-06,600519,14:08:26,1371.4600,2,1
2026-05-06,600519,14:08:29,1371.4000,1,1
2026-05-06,600519,14:08:32,1371.3900,3,1
2026-05-06,600519,14:08:35,1371.2800,9,2
2026-05-06,600519,14:08:38,1371.2600,2,2
2026-05-06,600519,14:08:41,1371.3199,2,1
2026-05-06,600519,14:08:44,1371.2600,2,2
2026-05-06,600519,14:08:47,1371.2700,4,1
2026-05-06,600519,14:08:50,1371.1801,2,2
2026-05-06,600519,14:08:53,1371.2700,2,1
2026-05-06,600519,14:08:59,1371.2700,1,1
2026-05-06,600519,14:09:02,1371.0500,5,2
2026-05-06,600519,14:09:05,1371.0500,3,2
2026-05-06,600519,14:09:08,1371.0500,4,2
2026-05-06,600519,14:09:11,1371.2400,2,1
2026-05-06,600519,14:09:14,1371.2500,3,1
2026-05-06,600519,14:09:17,1371.2400,3,1
2026-05-06,600519,14:09:20,1371.0601,6,2
2026-05-06,600519,14:09:23,1371.2400,27,1
2026-05-06,600519,14:09:26,1371.0601,1,2
2026-05-06,600519,14:09:29,1371.2100,2,1
2026-05-06,600519,14:09:35,1371.0601,2,2
2026-05-06,600519,14:09:38,1371.0699,2,2
2026-05-06,600519,14:09:41,1371.0601,1,2
2026-05-06,600519,14:09:44,1371.0601,14,1
2026-05-06,600519,14:09:47,1371.0699,14,1
2026-05-06,600519,14:09:50,1371.0601,1,1
2026-05-06,600519,14:09:53,1371.0601,2,2
2026-05-06,600519,14:09:56,1371.0500,7,2
2026-05-06,600519,14:09:59,1371.0601,2,1
2026-05-06,600519,14:10:02,1371.0500,1,2
2026-05-06,600519,14:10:05,1371.0601,40,1
2026-05-06,600519,14:10:08,1371.0500,4,2
2026-05-06,600519,14:10:11,1371.0500,3,2
2026-05-06,600519,14:10:14,1371.0500,4,2
2026-05-06,600519,14:10:17,1371.0500,3,2
2026-05-06,600519,14:10:20,1371.0601,30,1
2026-05-06,600519,14:10:23,1371.0601,13,2
2026-05-06,600519,14:10:26,1371.1400,3,1
2026-05-06,600519,14:10:29,1371.1600,2,1
2026-05-06,600519,14:10:32,1371.1700,2,1
2026-05-06,600519,14:10:41,1371.1100,10,2
2026-05-06,600519,14:10:44,1371.1400,1,1
2026-05-06,600519,14:10:47,1371.1300,1,1
2026-05-06,600519,14:10:53,1371.1500,9,1
2026-05-06,600519,14:10:56,1371.2000,4,1
2026-05-06,600519,14:10:59,1371.2000,3,1
2026-05-06,600519,14:11:02,1371.1100,5,2
2026-05-06,600519,14:11:05,1371.2000,7,1
2026-05-06,600519,14:11:11,1371.2000,1,2
2026-05-06,600519,14:11:17,1371.2100,8,1
2026-05-06,600519,14:11:20,1371.1899,4,2
2026-05-06,600519,14:11:23,1371.1899,4,2
2026-05-06,600519,14:11:26,1371.1899,2,2
2026-05-06,600519,14:11:29,1371.1899,1,2
2026-05-06,600519,14:11:32,1371.1801,1,2
2026-05-06,600519,14:11:35,1371.1899,15,1
2026-05-06,600519,14:11:38,1371.1700,2,1
2026-05-06,600519,14:11:41,1371.1700,1,1
2026-05-06,600519,14:11:44,1371.1500,1,1
2026-05-06,600519,14:11:47,1371.1400,2,2
2026-05-06,600519,14:11:50,1371.1700,3,1
2026-05-06,600519,14:11:53,1371.1500,5,2
2026-05-06,600519,14:11:56,1371.1600,3,1
2026-05-06,600519,14:11:59,1371.1200,2,2
2026-05-06,600519,14:12:02,1371.1100,1,2
2026-05-06,600519,14:12:05,1371.1100,2,2
2026-05-06,600519,14:12:08,1371.1000,2,2
2026-05-06,600519,14:12:11,1371.1000,4,2
2026-05-06,600519,14:12:14,1371.1100,4,1
2026-05-06,600519,14:12:20,1371.0800,9,2
2026-05-06,600519,14:12:23,1371.0900,3,1
2026-05-06,600519,14:12:26,1371.0800,1,1
2026-05-06,600519,14:12:29,1371.0800,3,1
2026-05-06,600519,14:12:32,1371.0699,1,2
2026-05-06,600519,14:12:35,1371.0601,4,2
2026-05-06,600519,14:12:38,1371.0601,2,2
2026-05-06,600519,14:12:41,1371.0699,6,1
2026-05-06,600519,14:12:44,1371.0601,8,2
2026-05-06,600519,14:12:47,1371.0601,2,2
2026-05-06,600519,14:12:50,1371.0699,6,1
2026-05-06,600519,14:12:53,1371.0601,3,2
2026-05-06,600519,14:12:56,1371.0699,5,1
2026-05-06,600519,14:12:59,1371.0699,2,1
2026-05-06,600519,14:13:02,1371.0601,2,2
2026-05-06,600519,14:13:05,1371.0601,2,1
2026-05-06,600519,14:13:08,1371.0601,2,1
2026-05-06,600519,14:13:11,1371.0500,4,2
2026-05-06,600519,14:13:14,1371.0699,17,1
2026-05-06,600519,14:13:17,1371.0699,4,1
2026-05-06,600519,14:13:20,1371.0500,5,2
2026-05-06,600519,14:13:23,1371.0601,4,1
2026-05-06,600519,14:13:26,1371.0699,2,1
2026-05-06,600519,14:13:29,1371.0500,1,2
2026-05-06,600519,14:13:32,1371.0601,15,1
2026-05-06,600519,14:13:35,1371.0500,5,2
2026-05-06,600519,14:13:38,1371.0699,15,1
2026-05-06,600519,14:13:41,1371.0500,3,2
2026-05-06,600519,14:13:47,1371.0601,2,1
2026-05-06,600519,14:13:50,1371.0500,3,2
2026-05-06,600519,14:13:53,1371.0601,8,1
2026-05-06,600519,14:13:56,1371.0699,3,1
2026-05-06,600519,14:13:59,1371.0699,2,1
2026-05-06,600519,14:14:02,1371.0500,9,2
2026-05-06,600519,14:14:05,1371.0601,3,2
2026-05-06,600519,14:14:08,1371.0699,4,1
2026-05-06,600519,14:14:14,1371.0500,2,2
2026-05-06,600519,14:14:17,1371.0500,1,2
2026-05-06,600519,14:14:20,1371.0601,12,1
2026-05-06,600519,14:14:23,1371.0699,5,1
2026-05-06,600519,14:14:26,1371.0699,2,1
2026-05-06,600519,14:14:29,1371.0699,13,1
2026-05-06,600519,14:14:32,1371.0601,4,4
2026-05-06,600519,14:14:35,1371.0601,5,2
2026-05-06,600519,14:14:38,1371.0699,1,1
2026-05-06,600519,14:14:41,1371.0601,18,2
2026-05-06,600519,14:14:44,1371.0900,9,1
2026-05-06,600519,14:14:47,1371.0800,1,2
2026-05-06,600519,14:14:56,1371.0800,2,2
2026-05-06,600519,14:14:59,1371.0800,2,2
2026-05-06,600519,14:15:02,1371.1000,9,1
2026-05-06,600519,14:15:08,1371.0699,8,2
2026-05-06,600519,14:15:11,1371.0800,4,1
2026-05-06,600519,14:15:14,1371.0800,1,1
2026-05-06,600519,14:15:17,1371.0800,6,1
2026-05-06,600519,14:15:20,1371.0699,2,4
2026-05-06,600519,14:15:23,1371.0699,2,1
2026-05-06,600519,14:15:26,1371.0699,5,1
2026-05-06,600519,14:15:32,1371.2000,37,1
2026-05-06,600519,14:15:35,1371.5300,40,1
2026-05-06,600519,14:15:38,1371.8700,37,1
2026-05-06,600519,14:15:41,1371.9900,11,1
2026-05-06,600519,14:15:44,1371.2900,1,2
2026-05-06,600519,14:15:47,1371.2900,10,2
2026-05-06,600519,14:15:50,1371.9900,3,1
2026-05-06,600519,14:15:53,1371.9900,1,1
2026-05-06,600519,14:15:59,1371.8800,1,1
2026-05-06,600519,14:16:02,1371.8600,2,1
2026-05-06,600519,14:16:05,1371.8300,8,1
2026-05-06,600519,14:16:08,1371.8500,4,2
2026-05-06,600519,14:16:11,1372.0100,1,1
2026-05-06,600519,14:16:14,1371.8101,7,2
2026-05-06,600519,14:16:17,1371.8101,2,2
2026-05-06,600519,14:16:20,1371.8101,9,1
2026-05-06,600519,14:16:23,1371.7700,2,2
2026-05-06,600519,14:16:26,1371.9700,7,1
2026-05-06,600519,14:16:29,1371.7700,3,2
2026-05-06,600519,14:16:32,1371.7000,3,2
2026-05-06,600519,14:16:35,1371.7100,4,2
2026-05-06,600519,14:16:38,1371.7700,1,2
2026-05-06,600519,14:16:41,1371.7700,1,2
2026-05-06,600519,14:16:44,1371.8600,2,1
2026-05-06,600519,14:16:50,1371.7700,2,2
2026-05-06,600519,14:16:53,1371.8000,1,1
2026-05-06,600519,14:16:59,1371.7900,2,1
2026-05-06,600519,14:17:02,1371.7700,3,1
2026-05-06,600519,14:17:05,1371.7900,6,1
2026-05-06,600519,14:17:08,1371.7900,6,1
2026-05-06,600519,14:17:11,1371.7100,1,2
2026-05-06,600519,14:17:14,1371.7700,6,1
2026-05-06,600519,14:17:17,1371.7700,2,1
2026-05-06,600519,14:17:23,1371.7600,4,1
2026-05-06,600519,14:17:26,1371.7200,2,2
2026-05-06,600519,14:17:29,1371.7600,7,1
2026-05-06,600519,14:17:32,1371.7200,7,2
2026-05-06,600519,14:17:35,1371.7100,10,2
2026-05-06,600519,14:17:38,1371.7100,10,2
2026-05-06,600519,14:17:41,1371.7400,5,1
2026-05-06,600519,14:17:44,1371.7000,4,2
2026-05-06,600519,14:17:47,1371.7400,5,1
2026-05-06,600519,14:17:50,1371.8900,54,1
2026-05-06,600519,14:17:53,1371.9000,4,1
2026-05-06,600519,14:17:56,1371.9000,6,1
2026-05-06,600519,14:17:59,1371.9600,5,1
2026-05-06,600519,14:18:02,1372.0000,12,1
2026-05-06,600519,14:18:05,1372.0000,5,2
2026-05-06,600519,14:18:11,1372.0400,4,1
2026-05-06,600519,14:18:14,1372.2900,2,1
2026-05-06,600519,14:18:17,1372.4600,13,1
2026-05-06,600519,14:18:23,1372.1600,2,1
2026-05-06,600519,14:18:26,1372.2400,3,1
2026-05-06,600519,14:18:29,1372.1600,4,1
2026-05-06,600519,14:18:32,1372.3000,1,2
2026-05-06,600519,14:18:35,1372.2800,1,1
2026-05-06,600519,14:18:38,1372.2700,8,1
2026-05-06,600519,14:18:41,1372.3000,9,1
2026-05-06,600519,14:18:44,1372.3000,5,2
2026-05-06,600519,14:18:53,1372.3900,4,1
2026-05-06,600519,14:18:59,1372.4200,2,1
2026-05-06,600519,14:19:02,1372.4900,13,1
2026-05-06,600519,14:19:08,1372.4900,3,1
2026-05-06,600519,14:19:11,1372.5000,4,1
2026-05-06,600519,14:19:14,1372.5000,3,1
2026-05-06,600519,14:19:17,1372.5000,4,1
2026-05-06,600519,14:19:20,1372.5100,8,1
2026-05-06,600519,14:19:23,1372.5100,8,2
2026-05-06,600519,14:19:26,1372.7100,3,1
2026-05-06,600519,14:19:32,1372.5200,2,2
2026-05-06,600519,14:19:35,1372.8700,3,1
2026-05-06,600519,14:19:38,1372.5300,1,2
2026-05-06,600519,14:19:41,1372.8500,5,1
2026-05-06,600519,14:19:44,1372.5300,12,2
2026-05-06,600519,14:19:50,1372.5200,3,2
2026-05-06,600519,14:19:53,1372.8400,6,1
2026-05-06,600519,14:19:59,1372.8300,6,1
2026-05-06,600519,14:20:02,1372.5200,2,2
2026-05-06,600519,14:20:05,1372.8300,11,1
2026-05-06,600519,14:20:08,1372.7900,3,1
2026-05-06,600519,14:20:11,1372.5500,8,2
2026-05-06,600519,14:20:14,1372.9000,2,1
2026-05-06,600519,14:20:17,1372.9200,2,1
2026-05-06,600519,14:20:20,1372.9000,9,2
2026-05-06,600519,14:20:23,1372.9301,4,1
2026-05-06,600519,14:20:26,1372.8500,3,2
2026-05-06,600519,14:20:29,1372.8500,6,2
2026-05-06,600519,14:20:32,1372.8400,2,1
2026-05-06,600519,14:20:35,1372.8400,3,1
2026-05-06,600519,14:20:38,1372.8000,4,2
2026-05-06,600519,14:20:41,1372.8000,2,1
2026-05-06,600519,14:20:44,1372.7900,4,2
2026-05-06,600519,14:20:47,1372.8300,13,1
2026-05-06,600519,14:20:50,1372.8000,2,2
2026-05-06,600519,14:20:59,1372.8500,4,1
2026-05-06,600519,14:21:02,1372.8500,2,2
2026-05-06,600519,14:21:05,1372.8600,3,1
2026-05-06,600519,14:21:08,1372.8700,10,1
2026-05-06,600519,14:21:11,1372.8700,4,1
2026-05-06,600519,14:21:14,1372.8500,4,2
2026-05-06,600519,14:21:17,1372.8700,6,1
2026-05-06,600519,14:21:26,1372.8800,3,1
2026-05-06,600519,14:21:29,1372.8800,3,2
2026-05-06,600519,14:21:32,1372.9000,15,1
2026-05-06,600519,14:21:35,1372.8800,1,2
2026-05-06,600519,14:21:38,1372.9000,3,1
2026-05-06,600519,14:21:41,1372.8900,2,2
2026-05-06,600519,14:21:44,1372.9100,1,1
2026-05-06,600519,14:21:47,1372.9200,4,1
2026-05-06,600519,14:21:50,1372.9200,3,2
2026-05-06,600519,14:21:53,1372.9100,1,2
2026-05-06,600519,14:21:56,1372.9500,2,1
2026-05-06,600519,14:21:59,1372.9200,2,2
2026-05-06,600519,14:22:02,1372.9100,2,2
2026-05-06,600519,14:22:05,1372.9200,9,1
2026-05-06,600519,14:22:08,1372.9500,1,1
2026-05-06,600519,14:22:11,1372.9200,2,2
2026-05-06,600519,14:22:14,1372.9500,2,1
2026-05-06,600519,14:22:23,1372.9399,6,4
2026-05-06,600519,14:22:26,1372.9800,14,1
2026-05-06,600519,14:22:29,1372.9500,1,4
2026-05-06,600519,14:22:32,1372.9700,1,1
2026-05-06,600519,14:22:35,1372.9500,5,2
2026-05-06,600519,14:22:38,1372.9500,1,2
2026-05-06,600519,14:22:41,1372.9500,6,2
2026-05-06,600519,14:22:44,1372.9500,4,2
2026-05-06,600519,14:22:47,1372.9700,9,1
2026-05-06,600519,14:22:50,1372.9800,3,1
2026-05-06,600519,14:22:53,1372.9600,3,2
2026-05-06,600519,14:22:56,1372.9700,1,4
2026-05-06,600519,14:22:59,1372.9800,3,1
2026-05-06,600519,14:23:02,1372.9600,3,2
2026-05-06,600519,14:23:05,1372.9700,9,1
2026-05-06,600519,14:23:08,1372.9700,2,2
2026-05-06,600519,14:23:11,1372.9800,1,1
2026-05-06,600519,14:23:14,1372.9800,3,1
2026-05-06,600519,14:23:17,1372.9500,14,2
2026-05-06,600519,14:23:20,1372.9800,2,1
2026-05-06,600519,14:23:23,1372.9700,2,4
2026-05-06,600519,14:23:26,1372.9800,2,1
2026-05-06,600519,14:23:29,1372.9800,2,2
2026-05-06,600519,14:23:32,1372.9800,3,2
2026-05-06,600519,14:23:35,1372.9700,3,2
2026-05-06,600519,14:23:38,1372.9800,1,1
2026-05-06,600519,14:23:41,1372.9700,1,2
2026-05-06,600519,14:23:44,1372.9700,6,2
2026-05-06,600519,14:23:47,1372.9800,9,1
2026-05-06,600519,14:23:50,1372.9700,5,2
2026-05-06,600519,14:23:53,1372.9800,1,1
2026-05-06,600519,14:23:56,1372.9800,2,1
2026-05-06,600519,14:23:59,1372.9800,16,4
2026-05-06,600519,14:24:02,1372.9800,6,2
2026-05-06,600519,14:24:05,1373.0000,14,1
2026-05-06,600519,14:24:08,1372.9900,6,2
2026-05-06,600519,14:24:11,1372.9900,2,2
2026-05-06,600519,14:24:14,1373.0000,23,1
2026-05-06,600519,14:24:17,1372.9900,3,2
2026-05-06,600519,14:24:23,1373.0000,2,1
2026-05-06,600519,14:24:26,1373.0000,11,1
2026-05-06,600519,14:24:29,1373.0000,9,1
2026-05-06,600519,14:24:32,1372.9900,1,4
2026-05-06,600519,14:24:35,1372.9900,7,1
2026-05-06,600519,14:24:41,1373.0000,2,1
2026-05-06,600519,14:24:47,1373.0000,1,1
2026-05-06,600519,14:24:50,1372.9900,11,2
2026-05-06,600519,14:24:53,1372.9900,2,2
2026-05-06,600519,14:24:59,1373.0000,4,1
2026-05-06,600519,14:25:02,1372.9900,2,2
2026-05-06,600519,14:25:05,1373.0000,13,1
2026-05-06,600519,14:25:08,1373.0000,4,1
2026-05-06,600519,14:25:11,1372.9900,4,2
2026-05-06,600519,14:25:14,1373.0000,2,1
2026-05-06,600519,14:25:17,1372.9900,9,4
2026-05-06,600519,14:25:20,1373.0000,2,1
2026-05-06,600519,14:25:23,1373.0000,2,2
2026-05-06,600519,14:25:26,1373.0300,2,1
2026-05-06,600519,14:25:29,1373.0200,2,4
2026-05-06,600519,14:25:35,1373.0100,6,2
2026-05-06,600519,14:25:38,1373.0300,1,1
2026-05-06,600519,14:25:41,1373.0300,5,1
2026-05-06,600519,14:25:44,1373.0300,3,2
2026-05-06,600519,14:25:47,1373.0400,4,4
2026-05-06,600519,14:25:50,1373.0400,3,2
2026-05-06,600519,14:25:53,1373.0601,2,1
2026-05-06,600519,14:25:56,1373.0500,1,2
2026-05-06,600519,14:25:59,1373.0601,3,1
2026-05-06,600519,14:26:02,1373.1100,15,1
2026-05-06,600519,14:26:05,1373.4000,5,1
2026-05-06,600519,14:26:08,1373.5100,10,1
2026-05-06,600519,14:26:11,1373.4100,1,2
2026-05-06,600519,14:26:14,1373.5100,2,2
2026-05-06,600519,14:26:17,1373.5601,2,1
2026-05-06,600519,14:26:20,1373.5601,3,1
2026-05-06,600519,14:26:26,1373.5601,2,1
2026-05-06,600519,14:26:29,1373.5601,4,1
2026-05-06,600519,14:26:32,1373.5601,3,1
2026-05-06,600519,14:26:35,1373.5800,4,1
2026-05-06,600519,14:26:38,1373.5699,3,4
2026-05-06,600519,14:26:41,1373.5800,6,1
2026-05-06,600519,14:26:44,1373.5601,1,2
2026-05-06,600519,14:26:47,1373.6100,5,1
2026-05-06,600519,14:26:50,1373.6400,2,1
2026-05-06,600519,14:26:53,1373.6400,4,1
2026-05-06,600519,14:26:56,1373.7300,4,1
2026-05-06,600519,14:26:59,1374.0000,9,1
2026-05-06,600519,14:27:02,1374.0000,5,1
2026-05-06,600519,14:27:05,1374.0000,11,1
2026-05-06,600519,14:27:08,1374.0000,6,1
2026-05-06,600519,14:27:11,1373.9600,12,2
2026-05-06,600519,14:27:14,1373.9700,8,2
2026-05-06,600519,14:27:17,1374.0000,3,1
2026-05-06,600519,14:27:20,1374.0000,1,2
2026-05-06,600519,14:27:23,1374.0400,1,1
2026-05-06,600519,14:27:26,1374.0500,7,1
2026-05-06,600519,14:27:29,1374.0500,3,1
2026-05-06,600519,14:27:32,1375.0100,55,1
2026-05-06,600519,14:27:35,1375.8800,17,1
2026-05-06,600519,14:27:38,1375.8800,8,1
2026-05-06,600519,14:27:41,1375.7600,3,1
2026-05-06,600519,14:27:44,1375.7500,2,1
2026-05-06,600519,14:27:47,1375.7400,10,1
2026-05-06,600519,14:27:50,1375.7300,5,1
2026-05-06,600519,14:27:53,1375.7400,9,1
2026-05-06,600519,14:27:56,1375.7300,2,1
2026-05-06,600519,14:27:59,1375.7300,5,1
2026-05-06,600519,14:28:02,1375.1300,8,2
2026-05-06,600519,14:28:05,1375.1801,2,1
2026-05-06,600519,14:28:08,1375.1801,2,1
2026-05-06,600519,14:28:11,1375.1600,6,2
2026-05-06,600519,14:28:14,1375.1700,3,4
2026-05-06,600519,14:28:17,1375.1700,12,2
2026-05-06,600519,14:28:20,1375.1801,5,1
2026-05-06,600519,14:28:23,1375.1801,2,2
2026-05-06,600519,14:28:26,1375.1700,4,2
2026-05-06,600519,14:28:29,1375.5000,2,1
2026-05-06,600519,14:28:32,1375.4900,3,1
2026-05-06,600519,14:28:35,1375.5000,4,1
2026-05-06,600519,14:28:38,1375.4900,2,1
2026-05-06,600519,14:28:41,1375.2100,18,2
2026-05-06,600519,14:28:44,1375.5400,4,1
2026-05-06,600519,14:28:47,1375.5100,7,2
2026-05-06,600519,14:28:50,1375.6100,4,1
2026-05-06,600519,14:28:53,1375.5100,6,2
2026-05-06,600519,14:28:56,1375.6100,3,1
2026-05-06,600519,14:28:59,1375.6000,4,1
2026-05-06,600519,14:29:02,1375.5300,4,2
2026-05-06,600519,14:29:05,1375.5200,4,2
2026-05-06,600519,14:29:08,1375.5500,4,2
2026-05-06,600519,14:29:11,1375.5601,1,2
2026-05-06,600519,14:29:14,1375.6200,1,2
2026-05-06,600519,14:29:17,1376.0000,84,1
2026-05-06,600519,14:29:20,1376.0000,10,2
2026-05-06,600519,14:29:23,1376.5300,18,1
2026-05-06,600519,14:29:26,1376.7000,5,1
2026-05-06,600519,14:29:29,1376.6801,5,1
2026-05-06,600519,14:29:32,1376.6801,3,1
2026-05-06,600519,14:29:35,1376.6801,4,2
2026-05-06,600519,14:29:38,1376.8000,7,1
2026-05-06,600519,14:29:41,1376.8800,7,1
2026-05-06,600519,14:29:44,1376.9700,8,1
2026-05-06,600519,14:29:47,1376.8800,1,2
2026-05-06,600519,14:29:50,1376.9800,3,1
2026-05-06,600519,14:29:53,1376.9800,6,1
2026-05-06,600519,14:29:56,1377.0000,21,1
2026-05-06,600519,14:29:59,1377.0000,15,1
2026-05-06,600519,14:30:02,1377.0000,9,2
2026-05-06,600519,14:30:05,1377.0000,5,2
2026-05-06,600519,14:30:08,1377.2100,10,1
2026-05-06,600519,14:30:11,1377.1600,6,2
2026-05-06,600519,14:30:14,1377.3000,1,2
2026-05-06,600519,14:30:17,1377.6000,13,1
2026-05-06,600519,14:30:20,1377.5000,9,1
2026-05-06,600519,14:30:23,1377.6600,5,1
2026-05-06,600519,14:30:26,1377.6600,1,1
2026-05-06,600519,14:30:29,1377.7700,14,1
2026-05-06,600519,14:30:32,1377.6600,1,2
2026-05-06,600519,14:30:35,1377.8000,6,1
2026-05-06,600519,14:30:38,1377.7700,5,2
2026-05-06,600519,14:30:41,1377.8000,6,1
2026-05-06,600519,14:30:44,1377.7900,9,4
2026-05-06,600519,14:30:47,1377.8000,8,1
2026-05-06,600519,14:30:50,1377.8300,11,1
2026-05-06,600519,14:30:53,1377.9000,5,4
2026-05-06,600519,14:30:59,1377.9000,8,2
2026-05-06,600519,14:31:02,1377.8500,22,2
2026-05-06,600519,14:31:05,1377.8800,4,1
2026-05-06,600519,14:31:08,1377.8800,4,1
2026-05-06,600519,14:31:11,1377.8800,13,1
2026-05-06,600519,14:31:14,1377.8101,16,2
2026-05-06,600519,14:31:17,1377.9000,34,1
2026-05-06,600519,14:31:20,1377.7800,20,2
2026-05-06,600519,14:31:23,1377.7800,5,2
2026-05-06,600519,14:31:26,1377.8101,6,1
2026-05-06,600519,14:31:29,1377.8101,13,1
2026-05-06,600519,14:31:32,1377.8101,7,1
2026-05-06,600519,14:31:35,1377.8700,8,1
2026-05-06,600519,14:31:38,1377.8300,4,2
2026-05-06,600519,14:31:41,1377.9000,3,1
2026-05-06,600519,14:31:47,1377.9000,7,1
2026-05-06,600519,14:31:50,1377.8900,2,2
2026-05-06,600519,14:31:53,1377.8900,9,2
2026-05-06,600519,14:31:56,1377.8900,3,2
2026-05-06,600519,14:31:59,1377.9000,4,1
2026-05-06,600519,14:32:02,1377.8800,6,2
2026-05-06,600519,14:32:05,1377.8800,13,4
2026-05-06,600519,14:32:08,1377.8800,2,2
2026-05-06,600519,14:32:11,1377.8300,7,2
2026-05-06,600519,14:32:14,1377.8300,7,2
2026-05-06,600519,14:32:17,1377.5000,39,2
2026-05-06,600519,14:32:20,1377.5100,21,1
2026-05-06,600519,14:32:23,1377.4000,11,2
2026-05-06,600519,14:32:26,1377.3400,6,2
2026-05-06,600519,14:32:29,1377.3400,6,2
2026-05-06,600519,14:32:32,1377.3400,9,2
2026-05-06,600519,14:32:35,1377.3400,11,2
2026-05-06,600519,14:32:38,1377.3300,7,2
2026-05-06,600519,14:32:41,1377.3000,7,2
2026-05-06,600519,14:32:44,1377.0000,25,2
2026-05-06,600519,14:32:47,1377.0000,21,1
2026-05-06,600519,14:32:50,1376.9900,5,2
2026-05-06,600519,14:32:53,1376.9900,5,2
2026-05-06,600519,14:32:56,1376.9800,2,2
2026-05-06,600519,14:32:59,1376.9800,6,2
2026-05-06,600519,14:33:02,1376.9900,14,1
2026-05-06,600519,14:33:05,1376.9800,10,1
2026-05-06,600519,14:33:08,1376.9700,21,1
2026-05-06,600519,14:33:11,1376.9100,2,2
2026-05-06,600519,14:33:14,1376.9000,3,2
2026-05-06,600519,14:33:17,1376.9000,2,2
2026-05-06,600519,14:33:20,1376.8900,4,2
2026-05-06,600519,14:33:23,1376.8900,2,2
2026-05-06,600519,14:33:26,1376.8900,9,1
2026-05-06,600519,14:33:29,1376.7800,3,2
2026-05-06,600519,14:33:32,1376.7700,1,1
2026-05-06,600519,14:33:35,1376.7700,4,1
2026-05-06,600519,14:33:38,1376.7600,6,1
2026-05-06,600519,14:33:41,1376.7600,3,1
2026-05-06,600519,14:33:44,1376.6801,1,2
2026-05-06,600519,14:33:47,1376.4900,19,2
2026-05-06,600519,14:33:50,1376.0100,3,2
2026-05-06,600519,14:33:53,1376.0000,3,2
2026-05-06,600519,14:33:56,1376.4900,4,1
2026-05-06,600519,14:33:59,1376.0000,4,2
2026-05-06,600519,14:34:02,1376.0000,4,2
2026-05-06,600519,14:34:05,1376.0100,1,2
2026-05-06,600519,14:34:08,1376.0100,2,2
2026-05-06,600519,14:34:11,1376.0100,1,2
2026-05-06,600519,14:34:14,1376.0000,7,2
2026-05-06,600519,14:34:17,1376.0100,8,1
2026-05-06,600519,14:34:20,1376.0100,8,1
2026-05-06,600519,14:34:23,1376.0100,13,1
2026-05-06,600519,14:34:26,1376.0100,10,1
2026-05-06,600519,14:34:29,1376.0000,2,1
2026-05-06,600519,14:34:32,1375.6801,1,2
2026-05-06,600519,14:34:35,1375.6300,1,2
2026-05-06,600519,14:34:38,1375.9600,2,1
2026-05-06,600519,14:34:41,1375.6300,5,2
2026-05-06,600519,14:34:44,1375.9500,5,1
2026-05-06,600519,14:34:47,1375.9399,5,1
2026-05-06,600519,14:34:50,1375.5500,14,2
2026-05-06,600519,14:34:53,1375.0000,10,2
2026-05-06,600519,14:34:56,1375.5100,1,1
2026-05-06,600519,14:34:59,1375.5200,4,1
2026-05-06,600519,14:35:02,1375.0000,8,2
2026-05-06,600519,14:35:05,1375.0000,4,2
2026-05-06,600519,14:35:08,1375.4100,1,1
2026-05-06,600519,14:35:11,1375.0100,2,2
2026-05-06,600519,14:35:14,1375.4000,2,1
2026-05-06,600519,14:35:20,1375.3900,1,1
2026-05-06,600519,14:35:23,1375.0100,8,2
2026-05-06,600519,14:35:26,1375.0100,14,2
2026-05-06,600519,14:35:29,1375.3300,5,1
2026-05-06,600519,14:35:32,1375.0200,3,2
2026-05-06,600519,14:35:35,1375.0200,1,2
2026-05-06,600519,14:35:38,1375.1600,2,1
2026-05-06,600519,14:35:41,1375.0300,2,2
2026-05-06,600519,14:35:44,1375.0200,5,2
2026-05-06,600519,14:35:47,1375.0200,19,2
2026-05-06,600519,14:35:50,1375.1500,1,1
2026-05-06,600519,14:35:53,1375.1500,3,1
2026-05-06,600519,14:35:56,1375.1400,4,1
2026-05-06,600519,14:35:59,1375.0000,97,2
2026-05-06,600519,14:36:02,1374.8600,2,2
2026-05-06,600519,14:36:05,1374.9800,2,1
2026-05-06,600519,14:36:08,1374.9900,2,1
2026-05-06,600519,14:36:11,1374.8500,12,2
2026-05-06,600519,14:36:14,1374.8000,7,2
2026-05-06,600519,14:36:17,1374.8000,8,2
2026-05-06,600519,14:36:20,1374.8000,2,1
2026-05-06,600519,14:36:23,1374.8000,2,1
2026-05-06,600519,14:36:26,1374.7600,3,2
2026-05-06,600519,14:36:29,1374.7000,9,2
2026-05-06,600519,14:36:32,1374.7000,4,2
2026-05-06,600519,14:36:35,1374.7500,1,1
2026-05-06,600519,14:36:38,1374.7000,4,2
2026-05-06,600519,14:36:41,1374.7600,18,1
2026-05-06,600519,14:36:44,1374.6500,1,1
2026-05-06,600519,14:36:47,1374.1000,12,2
2026-05-06,600519,14:36:50,1374.6200,1,1
2026-05-06,600519,14:36:53,1374.1500,2,2
2026-05-06,600519,14:36:56,1374.5900,2,1
2026-05-06,600519,14:36:59,1374.1500,4,2
2026-05-06,600519,14:37:02,1374.1500,5,2
2026-05-06,600519,14:37:05,1374.1600,1,2
2026-05-06,600519,14:37:08,1375.2100,105,1
2026-05-06,600519,14:37:11,1375.3000,40,1
2026-05-06,600519,14:37:14,1375.2100,3,1
2026-05-06,600519,14:37:17,1374.6000,3,2
2026-05-06,600519,14:37:20,1374.4600,2,2
2026-05-06,600519,14:37:23,1374.4600,7,2
2026-05-06,600519,14:37:26,1374.4600,11,1
2026-05-06,600519,14:37:29,1374.4200,5,2
2026-05-06,600519,14:37:32,1374.4700,4,2
2026-05-06,600519,14:37:35,1374.5000,4,1
2026-05-06,600519,14:37:38,1374.4900,6,1
2026-05-06,600519,14:37:41,1374.4900,2,1
2026-05-06,600519,14:37:44,1374.4600,10,2
2026-05-06,600519,14:37:47,1374.4600,5,1
2026-05-06,600519,14:37:50,1374.5000,5,2
2026-05-06,600519,14:37:53,1374.5000,1,2
2026-05-06,600519,14:37:56,1374.8500,6,1
2026-05-06,600519,14:37:59,1374.8500,3,1
2026-05-06,600519,14:38:02,1374.5500,1,2
2026-05-06,600519,14:38:08,1374.8400,5,1
2026-05-06,600519,14:38:11,1374.5601,5,2
2026-05-06,600519,14:38:14,1374.8400,6,1
2026-05-06,600519,14:38:17,1374.8500,5,1
2026-05-06,600519,14:38:20,1374.9000,7,1
2026-05-06,600519,14:38:23,1375.2100,26,1
2026-05-06,600519,14:38:26,1375.0000,1,2
2026-05-06,600519,14:38:29,1375.2000,8,1
2026-05-06,600519,14:38:32,1375.2100,7,1
2026-05-06,600519,14:38:35,1375.2100,3,1
2026-05-06,600519,14:38:38,1375.1899,2,1
2026-05-06,600519,14:38:41,1375.0601,4,2
2026-05-06,600519,14:38:44,1375.0100,1,2
2026-05-06,600519,14:38:47,1375.0200,7,2
2026-05-06,600519,14:38:50,1375.1801,3,1
2026-05-06,600519,14:38:53,1375.0200,6,2
2026-05-06,600519,14:38:56,1375.1801,4,1
2026-05-06,600519,14:38:59,1375.1801,1,1
2026-05-06,600519,14:39:02,1375.0200,8,2
2026-05-06,600519,14:39:05,1375.1700,11,1
2026-05-06,600519,14:39:08,1375.0000,13,2
2026-05-06,600519,14:39:11,1375.0000,8,1
2026-05-06,600519,14:39:14,1375.0000,5,1
2026-05-06,600519,14:39:17,1375.0000,5,1
2026-05-06,600519,14:39:20,1375.0000,1,1
2026-05-06,600519,14:39:23,1375.0100,14,1
2026-05-06,600519,14:39:26,1375.0300,6,1
2026-05-06,600519,14:39:32,1375.0200,1,2
2026-05-06,600519,14:39:35,1375.0400,5,1
2026-05-06,600519,14:39:38,1375.0200,8,2
2026-05-06,600519,14:39:41,1375.0200,3,1
2026-05-06,600519,14:39:44,1375.0200,4,2
2026-05-06,600519,14:39:47,1375.0100,11,4
2026-05-06,600519,14:39:50,1375.0100,6,2
2026-05-06,600519,14:39:53,1375.0000,6,2
2026-05-06,600519,14:39:56,1375.0000,3,2
2026-05-06,600519,14:39:59,1375.0000,2,2
2026-05-06,600519,14:40:02,1374.9800,2,2
2026-05-06,600519,14:40:05,1374.9900,10,1
2026-05-06,600519,14:40:08,1374.9800,1,2
2026-05-06,600519,14:40:11,1374.9800,8,2
2026-05-06,600519,14:40:14,1374.9301,11,2
2026-05-06,600519,14:40:17,1374.9301,6,2
2026-05-06,600519,14:40:20,1374.9800,5,1
2026-05-06,600519,14:40:23,1374.9399,5,2
2026-05-06,600519,14:40:26,1374.9301,5,2
2026-05-06,600519,14:40:29,1374.9700,6,1
2026-05-06,600519,14:40:32,1374.9700,4,1
2026-05-06,600519,14:40:35,1374.9800,12,1
2026-05-06,600519,14:40:38,1374.9800,2,1
2026-05-06,600519,14:40:41,1374.9700,2,2
2026-05-06,600519,14:40:44,1374.9800,9,1
2026-05-06,600519,14:40:47,1374.9800,13,1
2026-05-06,600519,14:40:50,1374.9700,5,2
2026-05-06,600519,14:40:53,1374.9500,7,2
2026-05-06,600519,14:40:56,1374.9700,7,2
2026-05-06,600519,14:40:59,1374.9700,4,1
2026-05-06,600519,14:41:02,1374.9500,2,2
2026-05-06,600519,14:41:05,1374.9600,6,1
2026-05-06,600519,14:41:08,1374.9600,23,2
2026-05-06,600519,14:41:11,1374.9800,2,2
2026-05-06,600519,14:41:14,1374.9800,34,2
2026-05-06,600519,14:41:17,1374.9800,3,2
2026-05-06,600519,14:41:20,1374.9900,25,1
2026-05-06,600519,14:41:23,1375.0900,1,1
2026-05-06,600519,14:41:26,1374.9800,6,2
2026-05-06,600519,14:41:29,1375.0800,1,1
2026-05-06,600519,14:41:32,1375.0000,1,2
2026-05-06,600519,14:41:35,1375.0100,5,2
2026-05-06,600519,14:41:38,1375.0100,1,2
2026-05-06,600519,14:41:41,1375.0000,2,2
2026-05-06,600519,14:41:44,1375.0100,3,2
2026-05-06,600519,14:41:47,1375.0000,21,2
2026-05-06,600519,14:41:50,1375.0100,4,2
2026-05-06,600519,14:41:53,1374.9800,9,2
2026-05-06,600519,14:41:59,1375.0200,5,4
2026-05-06,600519,14:42:02,1375.0300,5,1
2026-05-06,600519,14:42:05,1375.0200,10,4
2026-05-06,600519,14:42:08,1375.0200,9,2
2026-05-06,600519,14:42:11,1375.0300,8,1
2026-05-06,600519,14:42:14,1375.0300,3,2
2026-05-06,600519,14:42:17,1375.0300,5,2
2026-05-06,600519,14:42:20,1375.0300,3,2
2026-05-06,600519,14:42:23,1375.0300,7,1
2026-05-06,600519,14:42:26,1375.0100,1,1
2026-05-06,600519,14:42:29,1375.0200,4,1
2026-05-06,600519,14:42:32,1375.0000,2,2
2026-05-06,600519,14:42:35,1375.0000,2,2
2026-05-06,600519,14:42:38,1375.0000,6,2
2026-05-06,600519,14:42:41,1375.0100,10,1
2026-05-06,600519,14:42:44,1375.0100,8,1
2026-05-06,600519,14:42:47,1375.0000,9,4
2026-05-06,600519,14:42:50,1375.0000,6,2
2026-05-06,600519,14:42:53,1375.0000,9,2
2026-05-06,600519,14:42:56,1375.0100,4,1
2026-05-06,600519,14:42:59,1375.0000,9,2
2026-05-06,600519,14:43:02,1375.0000,9,2
2026-05-06,600519,14:43:05,1375.0100,12,1
2026-05-06,600519,14:43:08,1374.9800,9,2
2026-05-06,600519,14:43:11,1374.9800,3,2
2026-05-06,600519,14:43:14,1374.9800,3,2
2026-05-06,600519,14:43:17,1374.9900,4,1
2026-05-06,600519,14:43:20,1374.9800,2,2
2026-05-06,600519,14:43:23,1374.9600,10,2
2026-05-06,600519,14:43:26,1374.9700,11,2
2026-05-06,600519,14:43:29,1374.9800,5,1
2026-05-06,600519,14:43:32,1374.9800,3,1
2026-05-06,600519,14:43:35,1374.9500,5,2
2026-05-06,600519,14:43:38,1374.9700,3,1
2026-05-06,600519,14:43:41,1374.9600,7,1
2026-05-06,600519,14:43:44,1374.9600,3,4
2026-05-06,600519,14:43:47,1374.9500,13,2
2026-05-06,600519,14:43:50,1374.9500,8,2
2026-05-06,600519,14:43:53,1374.9600,2,2
2026-05-06,600519,14:43:56,1374.9600,7,2
2026-05-06,600519,14:43:59,1374.9301,9,2
2026-05-06,600519,14:44:02,1374.9500,13,1
2026-05-06,600519,14:44:05,1374.9800,14,1
2026-05-06,600519,14:44:08,1374.9700,9,2
2026-05-06,600519,14:44:11,1374.9600,4,2
2026-05-06,600519,14:44:14,1374.9800,7,1
2026-05-06,600519,14:44:17,1375.0000,8,1
2026-05-06,600519,14:44:20,1375.0200,9,1
2026-05-06,600519,14:44:23,1375.0100,12,2
2026-05-06,600519,14:44:26,1375.0100,3,2
2026-05-06,600519,14:44:29,1375.0400,1,1
2026-05-06,600519,14:44:32,1375.0200,11,2
2026-05-06,600519,14:44:35,1375.0200,14,2
2026-05-06,600519,14:44:38,1375.0200,2,1
2026-05-06,600519,14:44:41,1374.9700,2,2
2026-05-06,600519,14:44:44,1375.0000,5,1
2026-05-06,600519,14:44:47,1375.0100,3,1
2026-05-06,600519,14:44:50,1374.9900,1,2
2026-05-06,600519,14:44:53,1375.0000,8,4
2026-05-06,600519,14:44:56,1374.9800,22,2
2026-05-06,600519,14:44:59,1374.9700,2,2
2026-05-06,600519,14:45:05,1374.9700,12,2
2026-05-06,600519,14:45:08,1374.9700,5,2
2026-05-06,600519,14:45:11,1374.9500,12,2
2026-05-06,600519,14:45:14,1374.9700,13,1
2026-05-06,600519,14:45:17,1375.0500,57,1
2026-05-06,600519,14:45:20,1375.1400,21,1
2026-05-06,600519,14:45:23,1375.1600,15,1
2026-05-06,600519,14:45:29,1375.1600,4,1
2026-05-06,600519,14:45:32,1375.1600,2,1
2026-05-06,600519,14:45:35,1375.1600,13,1
2026-05-06,600519,14:45:38,1375.1600,3,2
2026-05-06,600519,14:45:41,1375.1600,4,2
2026-05-06,600519,14:45:44,1375.1500,5,2
2026-05-06,600519,14:45:47,1375.0900,2,2
2026-05-06,600519,14:45:50,1375.1500,4,1
2026-05-06,600519,14:45:56,1375.1000,6,2
2026-05-06,600519,14:45:59,1375.0900,2,2
2026-05-06,600519,14:46:02,1375.1000,9,1
2026-05-06,600519,14:46:05,1375.0900,6,4
2026-05-06,600519,14:46:11,1375.1300,27,1
2026-05-06,600519,14:46:14,1375.0900,1,2
2026-05-06,600519,14:46:17,1375.0900,2,2
2026-05-06,600519,14:46:20,1375.1000,8,1
2026-05-06,600519,14:46:26,1375.0900,8,1
2026-05-06,600519,14:46:29,1375.0800,2,2
2026-05-06,600519,14:46:32,1375.0900,1,1
2026-05-06,600519,14:46:35,1375.0800,3,2
2026-05-06,600519,14:46:38,1375.0500,12,2
2026-05-06,600519,14:46:41,1375.0500,1,2
2026-05-06,600519,14:46:44,1375.0699,1,1
2026-05-06,600519,14:46:47,1375.0000,17,2
2026-05-06,600519,14:46:50,1375.0000,2,2
2026-05-06,600519,14:46:53,1375.0000,2,2
2026-05-06,600519,14:46:56,1375.0100,7,4
2026-05-06,600519,14:46:59,1375.0000,4,2
2026-05-06,600519,14:47:02,1374.9800,14,2
2026-05-06,600519,14:47:05,1375.0000,5,1
2026-05-06,600519,14:47:08,1375.0000,4,2
2026-05-06,600519,14:47:11,1375.0100,3,1
2026-05-06,600519,14:47:14,1375.0000,6,2
2026-05-06,600519,14:47:17,1374.9900,16,2
2026-05-06,600519,14:47:20,1374.9900,9,2
2026-05-06,600519,14:47:23,1374.9900,7,2
2026-05-06,600519,14:47:26,1374.9800,13,2
2026-05-06,600519,14:47:29,1374.9900,3,1
2026-05-06,600519,14:47:32,1374.9800,5,4
2026-05-06,600519,14:47:35,1374.9600,6,2
2026-05-06,600519,14:47:38,1374.9500,7,2
2026-05-06,600519,14:47:41,1374.9399,12,2
2026-05-06,600519,14:47:44,1374.9399,4,2
2026-05-06,600519,14:47:47,1374.9301,11,2
2026-05-06,600519,14:47:50,1374.9301,3,2
2026-05-06,600519,14:47:53,1374.9399,8,1
2026-05-06,600519,14:47:56,1374.9301,3,2
2026-05-06,600519,14:47:59,1374.9200,5,2
2026-05-06,600519,14:48:02,1374.9100,4,2
2026-05-06,600519,14:48:05,1374.9100,2,2
2026-05-06,600519,14:48:08,1374.9000,12,2
2026-05-06,600519,14:48:11,1374.9000,5,2
2026-05-06,600519,14:48:14,1374.9000,8,2
2026-05-06,600519,14:48:17,1374.9100,10,1
2026-05-06,600519,14:48:20,1374.8500,10,2
2026-05-06,600519,14:48:23,1374.6500,20,2
2026-05-06,600519,14:48:26,1374.4800,3,2
2026-05-06,600519,14:48:29,1374.6000,7,1
2026-05-06,600519,14:48:32,1374.6000,9,1
2026-05-06,600519,14:48:35,1374.6000,3,1
2026-05-06,600519,14:48:38,1374.4800,5,2
2026-05-06,600519,14:48:41,1374.4800,9,2
2026-05-06,600519,14:48:44,1374.4600,6,2
2026-05-06,600519,14:48:47,1374.4700,9,1
2026-05-06,600519,14:48:50,1374.2000,19,2
2026-05-06,600519,14:48:53,1374.0699,5,2
2026-05-06,600519,14:48:56,1374.0601,10,2
2026-05-06,600519,14:48:59,1374.0601,7,2
2026-05-06,600519,14:49:02,1374.0000,11,2
2026-05-06,600519,14:49:05,1374.0100,32,2
2026-05-06,600519,14:49:08,1374.0000,9,2
2026-05-06,600519,14:49:11,1373.9600,5,2
2026-05-06,600519,14:49:14,1373.7500,9,2
2026-05-06,600519,14:49:17,1373.5000,9,2
2026-05-06,600519,14:49:20,1373.3300,18,2
2026-05-06,600519,14:49:23,1373.3300,3,1
2026-05-06,600519,14:49:26,1373.1801,6,2
2026-05-06,600519,14:49:29,1373.3300,23,1
2026-05-06,600519,14:49:32,1373.3300,4,2
2026-05-06,600519,14:49:35,1373.3199,24,2
2026-05-06,600519,14:49:38,1373.0000,15,2
2026-05-06,600519,14:49:41,1373.3101,2,1
2026-05-06,600519,14:49:44,1373.2000,1,1
2026-05-06,600519,14:49:47,1373.2000,6,2
2026-05-06,600519,14:49:50,1373.0100,4,2
2026-05-06,600519,14:49:53,1373.2000,16,1
2026-05-06,600519,14:49:56,1373.2500,6,1
2026-05-06,600519,14:49:59,1373.2800,12,1
2026-05-06,600519,14:50:02,1373.2200,32,2
2026-05-06,600519,14:50:05,1373.0000,16,2
2026-05-06,600519,14:50:08,1373.2000,1,1
2026-05-06,600519,14:50:11,1373.2000,11,1
2026-05-06,600519,14:50:14,1373.0000,1,2
2026-05-06,600519,14:50:20,1373.2000,5,1
2026-05-06,600519,14:50:23,1373.1700,11,1
2026-05-06,600519,14:50:26,1373.1700,9,1
2026-05-06,600519,14:50:29,1373.0601,7,2
2026-05-06,600519,14:50:32,1373.0601,19,2
2026-05-06,600519,14:50:35,1373.1000,14,1
2026-05-06,600519,14:50:38,1373.0100,5,2
2026-05-06,600519,14:50:41,1373.0900,4,1
2026-05-06,600519,14:50:44,1373.0900,8,1
2026-05-06,600519,14:50:47,1373.0000,3,2
2026-05-06,600519,14:50:50,1373.0100,12,1
2026-05-06,600519,14:50:53,1373.0000,17,2
2026-05-06,600519,14:50:56,1373.0000,6,2
2026-05-06,600519,14:50:59,1373.0000,9,2
2026-05-06,600519,14:51:02,1373.0000,5,2
2026-05-06,600519,14:51:05,1372.9900,65,2
2026-05-06,600519,14:51:08,1372.9399,4,4
2026-05-06,600519,14:51:11,1372.8800,65,2
2026-05-06,600519,14:51:14,1372.8800,3,1
2026-05-06,600519,14:51:17,1372.8800,8,1
2026-05-06,600519,14:51:20,1372.8700,14,2
2026-05-06,600519,14:51:23,1373.0200,43,1
2026-05-06,600519,14:51:26,1373.0200,57,2
2026-05-06,600519,14:51:29,1373.0500,3,1
2026-05-06,600519,14:51:32,1372.8800,4,2
2026-05-06,600519,14:51:35,1372.8000,13,2
2026-05-06,600519,14:51:38,1372.8000,8,1
2026-05-06,600519,14:51:41,1372.5699,4,1
2026-05-06,600519,14:51:44,1372.5300,23,2
2026-05-06,600519,14:51:47,1372.8000,10,1
2026-05-06,600519,14:51:50,1372.8800,12,1
2026-05-06,600519,14:51:53,1372.8800,24,1
2026-05-06,600519,14:51:56,1372.8800,4,2
2026-05-06,600519,14:51:59,1373.0400,4,1
2026-05-06,600519,14:52:02,1373.0300,14,1
2026-05-06,600519,14:52:05,1373.0400,2,1
2026-05-06,600519,14:52:08,1373.0800,10,1
2026-05-06,600519,14:52:11,1372.8800,31,2
2026-05-06,600519,14:52:14,1372.8800,7,2
2026-05-06,600519,14:52:17,1372.8600,4,2
2026-05-06,600519,14:52:20,1372.8600,6,2
2026-05-06,600519,14:52:23,1372.9000,5,1
2026-05-06,600519,14:52:26,1372.9000,4,2
2026-05-06,600519,14:52:29,1372.9000,3,2
2026-05-06,600519,14:52:32,1372.8000,68,2
2026-05-06,600519,14:52:35,1372.9000,7,2
2026-05-06,600519,14:52:38,1372.9900,23,1
2026-05-06,600519,14:52:41,1372.9900,9,2
2026-05-06,600519,14:52:44,1372.9900,14,2
2026-05-06,600519,14:52:47,1372.9900,4,1
2026-05-06,600519,14:52:50,1372.9000,2,2
2026-05-06,600519,14:52:53,1372.9000,7,2
2026-05-06,600519,14:52:56,1372.8700,9,2
2026-05-06,600519,14:52:59,1372.8700,12,1
2026-05-06,600519,14:53:02,1372.9100,14,1
2026-05-06,600519,14:53:05,1372.9100,4,2
2026-05-06,600519,14:53:08,1372.9000,2,2
2026-05-06,600519,14:53:11,1372.9100,4,1
2026-05-06,600519,14:53:14,1372.9900,8,1
2026-05-06,600519,14:53:17,1373.0000,10,1
2026-05-06,600519,14:53:20,1372.9000,7,2
2026-05-06,600519,14:53:23,1372.9800,3,1
2026-05-06,600519,14:53:26,1373.0000,14,1
2026-05-06,600519,14:53:29,1373.0300,4,1
2026-05-06,600519,14:53:32,1373.0699,10,1
2026-05-06,600519,14:53:35,1373.0400,4,2
2026-05-06,600519,14:53:38,1373.0400,6,2
2026-05-06,600519,14:53:41,1373.1000,3,1
2026-05-06,600519,14:53:47,1373.1700,9,1
2026-05-06,600519,14:53:53,1373.1801,7,1
2026-05-06,600519,14:53:56,1373.2000,12,1
2026-05-06,600519,14:53:59,1373.2400,10,1
2026-05-06,600519,14:54:02,1373.1300,23,2
2026-05-06,600519,14:54:05,1373.1300,7,2
2026-05-06,600519,14:54:08,1373.1300,10,2
2026-05-06,600519,14:54:11,1373.1500,5,1
2026-05-06,600519,14:54:14,1373.1801,10,2
2026-05-06,600519,14:54:17,1373.1801,1,2
2026-05-06,600519,14:54:20,1373.2300,8,1
2026-05-06,600519,14:54:23,1373.1600,12,2
2026-05-06,600519,14:54:26,1373.2300,1,1
2026-05-06,600519,14:54:29,1373.2300,4,1
2026-05-06,600519,14:54:32,1373.1801,8,2
2026-05-06,600519,14:54:35,1373.1899,5,2
2026-05-06,600519,14:54:38,1373.1899,1,2
2026-05-06,600519,14:54:41,1373.2500,5,1
2026-05-06,600519,14:54:44,1373.2400,2,2
2026-05-06,600519,14:54:47,1373.3000,13,1
2026-05-06,600519,14:54:53,1373.3000,2,2
2026-05-06,600519,14:54:56,1373.3000,2,2
2026-05-06,600519,14:54:59,1373.5601,8,1
2026-05-06,600519,14:55:02,1373.2500,8,2
2026-05-06,600519,14:55:05,1373.5500,9,1
2026-05-06,600519,14:55:08,1373.3000,5,2
2026-05-06,600519,14:55:11,1373.3101,15,1
2026-05-06,600519,14:55:14,1373.5500,8,2
2026-05-06,600519,14:55:17,1373.5500,7,2
2026-05-06,600519,14:55:20,1373.5500,2,1
2026-05-06,600519,14:55:23,1373.3101,4,2
2026-05-06,600519,14:55:26,1373.5500,13,1
2026-05-06,600519,14:55:29,1373.7300,12,1
2026-05-06,600519,14:55:32,1373.5601,3,2
2026-05-06,600519,14:55:35,1373.9000,21,1
2026-05-06,600519,14:55:38,1373.9000,9,2
2026-05-06,600519,14:55:41,1373.9100,16,1
2026-05-06,600519,14:55:44,1373.9100,10,1
2026-05-06,600519,14:55:47,1373.9100,4,2
2026-05-06,600519,14:55:50,1374.0100,4,1
2026-05-06,600519,14:55:53,1374.6899,3,1
2026-05-06,600519,14:55:56,1374.6801,6,2
2026-05-06,600519,14:55:59,1373.9100,19,2
2026-05-06,600519,14:56:02,1374.0000,34,1
2026-05-06,600519,14:56:05,1374.0000,9,2
2026-05-06,600519,14:56:08,1374.0000,22,2
2026-05-06,600519,14:56:11,1374.0000,6,1
2026-05-06,600519,14:56:14,1374.1000,14,1
2026-05-06,600519,14:56:17,1374.1000,4,2
2026-05-06,600519,14:56:20,1374.1000,7,2
2026-05-06,600519,14:56:23,1374.5100,8,1
2026-05-06,600519,14:56:26,1374.0100,17,2
2026-05-06,600519,14:56:29,1374.0000,12,2
2026-05-06,600519,14:56:32,1374.9900,40,1
2026-05-06,600519,14:56:35,1374.9900,3,2
2026-05-06,600519,14:56:38,1375.0000,5,1
2026-05-06,600519,14:56:41,1374.9900,2,1
2026-05-06,600519,14:56:44,1374.9900,3,1
2026-05-06,600519,14:56:47,1374.9800,6,1
2026-05-06,600519,14:56:50,1375.0000,8,1
2026-05-06,600519,14:56:53,1375.0000,6,1
2026-05-06,600519,14:56:56,1374.9900,3,2
2026-05-06,600519,14:56:59,1375.0000,5,2
2026-05-06,600519,15:00:05,1375.0000,534,4
2026-05-06,600519,13:09:05,1372.6600,5,2
2026-05-06,600519,13:09:08,1372.6801,4,4
2026-05-06,600519,13:09:11,1372.7000,9,1
2026-05-06,600519,13:09:14,1372.7000,1,1
2026-05-06,600519,13:09:17,1372.6600,2,1
2026-05-06,600519,13:09:20,1372.6700,4,1
2026-05-06,600519,13:09:23,1372.6700,2,1
2026-05-06,600519,13:09:26,1372.6700,5,1
2026-05-06,600519,13:09:29,1372.3199,3,2
2026-05-06,600519,13:09:32,1372.0800,2,2
2026-05-06,600519,13:09:35,1372.0500,1,2
2026-05-06,600519,13:09:38,1372.0100,18,2
2026-05-06,600519,13:09:41,1372.2700,8,1
2026-05-06,600519,13:09:44,1372.0800,5,2
2026-05-06,600519,13:09:47,1372.0800,2,2
2026-05-06,600519,13:09:50,1372.0000,8,2
2026-05-06,600519,13:09:53,1372.2700,7,1
2026-05-06,600519,13:09:56,1372.2700,5,2
2026-05-06,600519,13:09:59,1372.2700,2,2
2026-05-06,600519,13:10:02,1372.1700,2,2
2026-05-06,600519,13:10:05,1371.7100,6,2
2026-05-06,600519,13:10:11,1371.7200,3,2
2026-05-06,600519,13:10:14,1371.7100,1,2
2026-05-06,600519,13:10:20,1371.7100,1,2
2026-05-06,600519,13:10:23,1371.7100,8,2
2026-05-06,600519,13:10:29,1371.7100,4,2
2026-05-06,600519,13:10:32,1371.7100,10,2
2026-05-06,600519,13:10:35,1371.6600,2,2
2026-05-06,600519,13:10:38,1371.7100,1,2
2026-05-06,600519,13:10:41,1371.6100,5,2
2026-05-06,600519,13:10:44,1371.6100,6,2
2026-05-06,600519,13:10:47,1371.6100,3,2
2026-05-06,600519,13:10:50,1371.6100,1,2
2026-05-06,600519,13:10:53,1371.6200,1,2
2026-05-06,600519,13:11:05,1371.8400,22,1
2026-05-06,600519,13:11:08,1372.1300,63,1
2026-05-06,600519,13:11:11,1372.1899,10,1
2026-05-06,600519,13:11:14,1372.3101,15,1
2026-05-06,600519,13:11:20,1372.1300,11,2
2026-05-06,600519,13:11:23,1372.3199,12,1
2026-05-06,600519,13:11:26,1372.2400,2,2
2026-05-06,600519,13:11:29,1372.2900,2,1
2026-05-06,600519,13:11:32,1372.2400,4,2
2026-05-06,600519,13:11:35,1372.2400,1,2
2026-05-06,600519,13:11:38,1372.4700,16,1
2026-05-06,600519,13:11:41,1372.3400,8,1
2026-05-06,600519,13:11:44,1372.4700,7,1
2026-05-06,600519,13:11:47,1372.3900,1,2
2026-05-06,600519,13:11:50,1372.5800,5,1
2026-05-06,600519,13:11:53,1372.6600,1,1
2026-05-06,600519,13:11:56,1372.5200,2,2
2026-05-06,600519,13:11:59,1372.6600,13,1
2026-05-06,600519,13:12:02,1372.5200,5,2
2026-05-06,600519,13:12:05,1372.6500,5,1
2026-05-06,600519,13:12:08,1372.5200,2,2
2026-05-06,600519,13:12:11,1372.5100,2,2
2026-05-06,600519,13:12:14,1372.5100,4,2
2026-05-06,600519,13:12:17,1372.5100,2,2
2026-05-06,600519,13:12:20,1372.5100,1,4
2026-05-06,600519,13:12:23,1372.5200,1,1
2026-05-06,600519,13:12:26,1372.4700,5,2
2026-05-06,600519,13:12:29,1372.5000,1,1
2026-05-06,600519,13:12:32,1372.5000,3,1
2026-05-06,600519,13:12:35,1372.5000,5,1
2026-05-06,600519,13:12:38,1372.4700,2,2
2026-05-06,600519,13:12:41,1372.4800,1,1
2026-05-06,600519,13:12:44,1372.4301,12,2
2026-05-06,600519,13:12:50,1372.4700,6,1
2026-05-06,600519,13:12:56,1372.4600,2,1
2026-05-06,600519,13:12:59,1372.4301,3,2
2026-05-06,600519,13:13:02,1372.4200,8,2
2026-05-06,600519,13:13:05,1372.4200,5,2
2026-05-06,600519,13:13:08,1372.4200,10,1
2026-05-06,600519,13:13:11,1372.3101,5,2
2026-05-06,600519,13:13:14,1372.3101,3,2
2026-05-06,600519,13:13:17,1372.3199,8,4
2026-05-06,600519,13:13:20,1372.3000,7,2
2026-05-06,600519,13:13:23,1372.2800,5,2
2026-05-06,600519,13:13:26,1372.2800,5,1
2026-05-06,600519,13:13:29,1372.2500,4,2
2026-05-06,600519,13:13:32,1372.2500,8,1
2026-05-06,600519,13:13:35,1372.0000,8,2
2026-05-06,600519,13:13:38,1372.0000,5,2
2026-05-06,600519,13:13:41,1372.0500,4,1
2026-05-06,600519,13:13:47,1372.0500,13,1
2026-05-06,600519,13:13:50,1372.0601,13,1
2026-05-06,600519,13:13:53,1371.9500,11,2
2026-05-06,600519,13:13:56,1371.8400,3,2
2026-05-06,600519,13:13:59,1372.0000,10,1
2026-05-06,600519,13:14:02,1371.9000,6,1
2026-05-06,600519,13:14:05,1372.0200,17,1
2026-05-06,600519,13:14:08,1372.0000,12,2
2026-05-06,600519,13:14:11,1371.7900,4,2
2026-05-06,600519,13:14:14,1371.6300,7,2
2026-05-06,600519,13:14:17,1371.8300,1,1
2026-05-06,600519,13:14:20,1371.8400,1,1
2026-05-06,600519,13:14:23,1371.8400,7,1
2026-05-06,600519,13:14:29,1371.7900,28,2
2026-05-06,600519,13:14:32,1371.8800,9,1
2026-05-06,600519,13:14:35,1371.7700,11,2
2026-05-06,600519,13:14:38,1371.7300,1,2
2026-05-06,600519,13:14:41,1371.7300,7,2
2026-05-06,600519,13:14:44,1371.7700,1,1
2026-05-06,600519,13:14:47,1371.7700,5,1
2026-05-06,600519,13:14:50,1371.7700,3,2
2026-05-06,600519,13:14:53,1371.7900,42,1
2026-05-06,600519,13:14:56,1371.7800,3,1
2026-05-06,600519,13:14:59,1371.7400,8,2
2026-05-06,600519,13:15:02,1371.7400,3,2
2026-05-06,600519,13:15:05,1371.7700,5,1
2026-05-06,600519,13:15:08,1371.7300,2,2
2026-05-06,600519,13:15:11,1371.7200,3,2
2026-05-06,600519,13:15:14,1371.7200,5,2
2026-05-06,600519,13:15:17,1371.6100,14,2
2026-05-06,600519,13:15:20,1371.6000,1,2
2026-05-06,600519,13:15:23,1371.6000,18,2
2026-05-06,600519,13:15:26,1371.5900,10,2
2026-05-06,600519,13:15:29,1371.5400,7,2
2026-05-06,600519,13:15:32,1371.5000,11,2
2026-05-06,600519,13:15:35,1371.2000,20,2
2026-05-06,600519,13:15:38,1371.1000,2,2
2026-05-06,600519,13:15:41,1371.1000,5,2
2026-05-06,600519,13:15:44,1371.0100,4,2
2026-05-06,600519,13:15:47,1371.0100,14,2
2026-05-06,600519,13:15:50,1371.0100,6,2
2026-05-06,600519,13:15:53,1371.0100,2,2
2026-05-06,600519,13:15:56,1371.0200,37,1
2026-05-06,600519,13:15:59,1371.0200,11,2
2026-05-06,600519,13:16:02,1371.0100,11,2
2026-05-06,600519,13:16:05,1371.0000,12,2
2026-05-06,600519,13:16:08,1371.0200,5,1
2026-05-06,600519,13:16:11,1371.0200,2,2
2026-05-06,600519,13:16:17,1371.0601,2,1
2026-05-06,600519,13:16:20,1371.0300,3,2
2026-05-06,600519,13:16:23,1371.1300,67,1
2026-05-06,600519,13:16:29,1371.1400,4,2
2026-05-06,600519,13:16:35,1371.0800,23,2
2026-05-06,600519,13:16:41,1371.0601,13,2
2026-05-06,600519,13:16:44,1371.0400,9,2
2026-05-06,600519,13:16:47,1371.0200,6,2
2026-05-06,600519,13:16:50,1371.0200,7,2
2026-05-06,600519,13:16:53,1371.0200,11,2
2026-05-06,600519,13:16:56,1371.0300,4,1
2026-05-06,600519,13:16:59,1371.0300,10,1
2026-05-06,600519,13:17:02,1371.0200,6,2
2026-05-06,600519,13:17:05,1371.0200,14,2
2026-05-06,600519,13:17:08,1371.0100,13,2
2026-05-06,600519,13:17:11,1371.0100,2,2
2026-05-06,600519,13:17:14,1371.0100,2,2
2026-05-06,600519,13:17:17,1371.0200,6,1
2026-05-06,600519,13:17:20,1371.0000,3,2
2026-05-06,600519,13:17:23,1371.0100,4,4
2026-05-06,600519,13:17:26,1371.0200,2,1
2026-05-06,600519,13:17:29,1371.0000,6,2
2026-05-06,600519,13:17:32,1371.0000,16,2
2026-05-06,600519,13:17:35,1371.0100,17,1
2026-05-06,600519,13:17:38,1371.0000,6,2
2026-05-06,600519,13:17:41,1371.0100,7,1
2026-05-06,600519,13:17:44,1371.0200,19,1
2026-05-06,600519,13:17:47,1371.0200,20,1
2026-05-06,600519,13:17:50,1371.0100,10,4
2026-05-06,600519,13:17:53,1371.0100,2,2
2026-05-06,600519,13:17:56,1371.0200,2,1
2026-05-06,600519,13:17:59,1371.0000,4,2
2026-05-06,600519,13:18:02,1371.0000,11,2
2026-05-06,600519,13:18:05,1371.0000,25,2
2026-05-06,600519,13:18:08,1371.0100,4,1
2026-05-06,600519,13:18:11,1371.0000,12,4
2026-05-06,600519,13:18:14,1370.9900,15,2
2026-05-06,600519,13:18:17,1370.9500,4,2
2026-05-06,600519,13:18:20,1370.9700,10,1
2026-05-06,600519,13:18:23,1370.7700,18,2
2026-05-06,600519,13:18:26,1370.7700,6,2
2026-05-06,600519,13:18:29,1370.7100,6,2
2026-05-06,600519,13:18:32,1370.7100,4,2
2026-05-06,600519,13:18:35,1370.7100,8,2
2026-05-06,600519,13:18:38,1370.8000,9,1
2026-05-06,600519,13:18:41,1370.8300,16,1
2026-05-06,600519,13:18:44,1370.8300,10,2
2026-05-06,600519,13:18:47,1371.0500,13,1
2026-05-06,600519,13:18:50,1371.4100,19,1
2026-05-06,600519,13:18:53,1371.3199,10,2
2026-05-06,600519,13:18:56,1371.5100,2,1
2026-05-06,600519,13:18:59,1371.5800,4,1
2026-05-06,600519,13:19:02,1371.5800,12,1
2026-05-06,600519,13:19:05,1371.5900,10,2
2026-05-06,600519,13:19:08,1371.6801,6,1
2026-05-06,600519,13:19:11,1371.6801,6,1
2026-05-06,600519,13:19:14,1371.6801,2,1
2026-05-06,600519,13:19:17,1371.6000,2,2
2026-05-06,600519,13:19:20,1371.6500,6,1
2026-05-06,600519,13:19:23,1371.6801,4,1
2026-05-06,600519,13:19:26,1371.6801,3,1
2026-05-06,600519,13:19:29,1371.6600,2,1
2026-05-06,600519,13:19:32,1371.6500,3,2
2026-05-06,600519,13:19:35,1371.6400,1,2
2026-05-06,600519,13:19:38,1371.7900,14,1
2026-05-06,600519,13:19:41,1371.8000,20,1
2026-05-06,600519,13:19:44,1372.0000,6,1
2026-05-06,600519,13:19:47,1371.7700,1,1
2026-05-06,600519,13:19:50,1371.6600,1,2
2026-05-06,600519,13:19:53,1371.7700,2,1
2026-05-06,600519,13:19:56,1371.6801,3,2
2026-05-06,600519,13:19:59,1371.6600,5,2
2026-05-06,600519,13:20:05,1371.7300,7,1
2026-05-06,600519,13:20:08,1371.7800,13,1
2026-05-06,600519,13:20:11,1371.7300,8,2
2026-05-06,600519,13:20:14,1372.1500,10,1
2026-05-06,600519,13:20:17,1371.7400,8,2
2026-05-06,600519,13:20:23,1372.2100,1,1
2026-05-06,600519,13:20:29,1371.7800,3,2
2026-05-06,600519,13:20:32,1371.7500,5,2
2026-05-06,600519,13:20:35,1371.7800,2,2
2026-05-06,600519,13:20:38,1371.7500,3,2
2026-05-06,600519,13:20:41,1371.7200,9,2
2026-05-06,600519,13:20:44,1371.7300,1,2
2026-05-06,600519,13:20:47,1371.6700,7,2
2026-05-06,600519,13:20:50,1371.6600,9,2
2026-05-06,600519,13:20:53,1371.5900,7,2
2026-05-06,600519,13:20:59,1371.5800,2,2
2026-05-06,600519,13:21:02,1371.5601,4,2
2026-05-06,600519,13:21:05,1371.5500,10,2
2026-05-06,600519,13:21:08,1371.5400,5,2
2026-05-06,600519,13:21:11,1371.5400,1,1
2026-05-06,600519,13:21:14,1371.5400,10,1
2026-05-06,600519,13:21:17,1371.5400,2,2
2026-05-06,600519,13:21:20,1371.5500,7,4
2026-05-06,600519,13:21:23,1371.5800,39,1
2026-05-06,600519,13:21:26,1371.7800,114,1
2026-05-06,600519,13:21:29,1371.7900,5,1
2026-05-06,600519,13:21:32,1371.7900,24,1
2026-05-06,600519,13:21:35,1371.6300,2,2
2026-05-06,600519,13:21:41,1371.6100,24,2
2026-05-06,600519,13:21:47,1371.5800,6,2
2026-05-06,600519,13:21:50,1371.6899,1,1
2026-05-06,600519,13:21:53,1371.6801,6,1
2026-05-06,600519,13:21:56,1371.6899,2,1
2026-05-06,600519,13:22:02,1371.6300,5,2
2026-05-06,600519,13:22:05,1371.6899,2,2
2026-05-06,600519,13:22:08,1371.7400,18,1
2026-05-06,600519,13:22:11,1371.7300,1,2
2026-05-06,600519,13:22:14,1371.7500,8,2
2026-05-06,600519,13:22:17,1371.7800,4,1
2026-05-06,600519,13:22:20,1371.7300,4,2
2026-05-06,600519,13:22:23,1371.7800,2,1
2026-05-06,600519,13:22:26,1371.7800,2,1
2026-05-06,600519,13:22:29,1371.7600,9,2
2026-05-06,600519,13:22:32,1371.7500,4,1
2026-05-06,600519,13:22:35,1371.7000,2,1
2026-05-06,600519,13:22:38,1371.6400,12,2
2026-05-06,600519,13:22:41,1371.6300,5,2
2026-05-06,600519,13:22:44,1371.5800,11,2
2026-05-06,600519,13:22:47,1371.5800,1,2
2026-05-06,600519,13:22:50,1371.5400,3,2
2026-05-06,600519,13:22:53,1371.5300,9,2
2026-05-06,600519,13:22:56,1371.5699,4,1
2026-05-06,600519,13:22:59,1371.5601,2,1
2026-05-06,600519,13:23:02,1371.5200,3,1
2026-05-06,600519,13:23:05,1371.5200,2,1
2026-05-06,600519,13:23:08,1371.5100,5,1
2026-05-06,600519,13:23:11,1371.6000,16,1
2026-05-06,600519,13:23:14,1371.7500,9,1
2026-05-06,600519,13:23:17,1371.7800,11,1
2026-05-06,600519,13:23:20,1371.8000,5,1
2026-05-06,600519,13:23:23,1371.7900,4,1
2026-05-06,600519,13:23:26,1372.0000,8,1
2026-05-06,600519,13:23:29,1371.8101,2,2
2026-05-06,600519,13:23:32,1372.0000,11,1
2026-05-06,600519,13:23:35,1372.0000,4,1
2026-05-06,600519,13:23:38,1371.5100,26,2
2026-05-06,600519,13:23:41,1371.3101,31,2
2026-05-06,600519,13:23:44,1371.2500,11,2
2026-05-06,600519,13:23:47,1371.2000,5,2
2026-05-06,600519,13:23:50,1371.1000,7,2
2026-05-06,600519,13:23:53,1371.3000,8,1
2026-05-06,600519,13:23:56,1371.5100,21,1
2026-05-06,600519,13:23:59,1371.0000,4,2
2026-05-06,600519,13:24:02,1371.0000,9,2
2026-05-06,600519,13:24:05,1371.0000,21,2
2026-05-06,600519,13:24:08,1371.0100,3,2
2026-05-06,600519,13:24:11,1370.9900,6,2
2026-05-06,600519,13:24:14,1370.9800,8,1
2026-05-06,600519,13:24:17,1370.9800,2,2
2026-05-06,600519,13:24:20,1370.9800,8,2
2026-05-06,600519,13:24:23,1370.9800,1,2
2026-05-06,600519,13:24:26,1370.9800,3,2
2026-05-06,600519,13:24:29,1370.9900,3,2
2026-05-06,600519,13:24:32,1371.4500,1,1
2026-05-06,600519,13:24:35,1371.0000,3,2
2026-05-06,600519,13:24:38,1370.9800,5,2
2026-05-06,600519,13:24:41,1371.4200,1,1
2026-05-06,600519,13:24:44,1371.0000,3,2
2026-05-06,600519,13:24:47,1371.0000,3,2
2026-05-06,600519,13:24:50,1371.4100,4,1
2026-05-06,600519,13:24:53,1371.0000,3,2
2026-05-06,600519,13:24:56,1371.4100,43,1
2026-05-06,600519,13:24:59,1371.4700,30,1
2026-05-06,600519,13:25:02,1370.9900,6,2
2026-05-06,600519,13:25:05,1371.1000,6,2
2026-05-06,600519,13:25:08,1371.1000,4,2
2026-05-06,600519,13:25:11,1371.4800,9,1
2026-05-06,600519,13:25:14,1371.1000,7,2
2026-05-06,600519,13:25:17,1371.4600,7,1
2026-05-06,600519,13:25:20,1371.4900,7,1
2026-05-06,600519,13:25:23,1371.3800,4,2
2026-05-06,600519,13:25:26,1371.7900,9,1
2026-05-06,600519,13:25:29,1371.7900,3,1
2026-05-06,600519,13:25:35,1371.7800,2,1
2026-05-06,600519,13:25:38,1371.5800,5,2
2026-05-06,600519,13:25:41,1371.5300,2,2
2026-05-06,600519,13:25:44,1371.5300,6,2
2026-05-06,600519,13:25:47,1371.5300,9,1
2026-05-06,600519,13:25:50,1371.5300,1,1
2026-05-06,600519,13:25:53,1371.1600,6,2
2026-05-06,600519,13:25:56,1371.5000,3,1
2026-05-06,600519,13:26:02,1371.1100,1,2
2026-05-06,600519,13:26:05,1371.4900,1,1
2026-05-06,600519,13:26:08,1371.1100,7,2
2026-05-06,600519,13:26:11,1371.1400,2,1
2026-05-06,600519,13:26:14,1371.1000,4,2
2026-05-06,600519,13:26:20,1371.1000,8,2
2026-05-06,600519,13:26:23,1371.0500,8,2
2026-05-06,600519,13:26:26,1371.0500,6,1
2026-05-06,600519,13:26:29,1371.0100,1,2
2026-05-06,600519,13:26:32,1371.0300,8,2
2026-05-06,600519,13:26:35,1371.0100,5,2
2026-05-06,600519,13:26:38,1371.0000,40,2
2026-05-06,600519,13:26:41,1371.0100,4,1
2026-05-06,600519,13:26:44,1371.0100,7,1
2026-05-06,600519,13:26:47,1371.0000,4,2
2026-05-06,600519,13:26:50,1371.0000,10,2
2026-05-06,600519,13:26:53,1371.0000,10,2
2026-05-06,600519,13:26:56,1370.9301,18,2
2026-05-06,600519,13:26:59,1370.9000,7,2
2026-05-06,600519,13:27:02,1370.8000,16,2
2026-05-06,600519,13:27:05,1370.8000,10,2
2026-05-06,600519,13:27:08,1370.7400,11,2
2026-05-06,600519,13:27:11,1370.6300,4,2
2026-05-06,600519,13:27:14,1370.6100,1,2
2026-05-06,600519,13:27:17,1370.4700,16,2
2026-05-06,600519,13:27:20,1370.4800,9,1
2026-05-06,600519,13:27:23,1370.6100,7,1
2026-05-06,600519,13:27:26,1370.4700,3,1
2026-05-06,600519,13:27:29,1370.3600,9,2
2026-05-06,600519,13:27:32,1370.4000,2,2
2026-05-06,600519,13:27:35,1370.5000,2,4
2026-05-06,600519,13:27:38,1370.3400,8,2
2026-05-06,600519,13:27:41,1370.3400,2,2
2026-05-06,600519,13:27:44,1370.3400,2,2
2026-05-06,600519,13:27:47,1370.3000,10,2
2026-05-06,600519,13:27:50,1370.3500,6,1
2026-05-06,600519,13:27:53,1370.3400,8,1
2026-05-06,600519,13:27:56,1370.3300,3,1
2026-05-06,600519,13:27:59,1370.1500,3,2
2026-05-06,600519,13:28:02,1370.1500,2,2
2026-05-06,600519,13:28:05,1370.1500,6,2
2026-05-06,600519,13:28:08,1370.1400,6,1
2026-05-06,600519,13:28:11,1370.1200,5,1
2026-05-06,600519,13:28:14,1370.0699,3,2
2026-05-06,600519,13:28:20,1370.0500,4,2
2026-05-06,600519,13:28:23,1370.0500,5,2
2026-05-06,600519,13:28:26,1370.0200,2,2
2026-05-06,600519,13:28:29,1370.0000,50,2
2026-05-06,600519,13:28:32,1370.0000,5,2
2026-05-06,600519,13:28:35,1370.0000,6,2
2026-05-06,600519,13:28:38,1370.0000,9,2
2026-05-06,600519,13:28:41,1370.0200,1,1
2026-05-06,600519,13:28:44,1370.0000,2,2
2026-05-06,600519,13:28:47,1370.0100,2,4
2026-05-06,600519,13:28:53,1370.0200,19,1
2026-05-06,600519,13:28:56,1370.0100,12,2
2026-05-06,600519,13:28:59,1370.0200,10,1
2026-05-06,600519,13:29:02,1370.0000,7,2
2026-05-06,600519,13:29:05,1370.0100,9,1
2026-05-06,600519,13:29:08,1370.0100,5,1
2026-05-06,600519,13:29:11,1370.0100,5,1
2026-05-06,600519,13:29:14,1370.0000,10,2
2026-05-06,600519,13:29:17,1370.0100,22,1
2026-05-06,600519,13:29:20,1370.4600,70,1
2026-05-06,600519,13:29:23,1370.4600,6,1
2026-05-06,600519,13:29:26,1370.0900,21,2
2026-05-06,600519,13:29:29,1370.2700,4,1
2026-05-06,600519,13:29:32,1370.2500,3,2
2026-05-06,600519,13:29:35,1370.2600,1,1
2026-05-06,600519,13:29:38,1370.1500,8,2
2026-05-06,600519,13:29:41,1370.5300,16,1
2026-05-06,600519,13:29:44,1370.2900,1,2
2026-05-06,600519,13:29:50,1370.2700,1,2
2026-05-06,600519,13:29:53,1370.5300,5,1
2026-05-06,600519,13:29:56,1370.2700,9,2
2026-05-06,600519,13:29:59,1370.5500,12,1
2026-05-06,600519,13:30:02,1370.5400,3,2
2026-05-06,600519,13:30:05,1370.6000,5,1
2026-05-06,600519,13:30:08,1370.5900,10,1
2026-05-06,600519,13:30:14,1370.5300,11,2
2026-05-06,600519,13:30:17,1370.5300,3,2
2026-05-06,600519,13:30:20,1370.5300,2,2
2026-05-06,600519,13:30:23,1370.5200,11,4
2026-05-06,600519,13:30:26,1370.5300,9,1
2026-05-06,600519,13:30:32,1370.6400,8,1
2026-05-06,600519,13:30:35,1370.9301,16,1
2026-05-06,600519,13:30:38,1370.5500,5,2
2026-05-06,600519,13:30:41,1370.9900,1,1
2026-05-06,600519,13:30:44,1371.0000,10,1
2026-05-06,600519,13:30:47,1371.0300,22,1
2026-05-06,600519,13:30:50,1371.0300,7,2
2026-05-06,600519,13:30:53,1371.1500,11,1
2026-05-06,600519,13:30:56,1371.1500,10,1
2026-05-06,600519,13:30:59,1371.2100,4,1
2026-05-06,600519,13:31:02,1371.0900,4,2
2026-05-06,600519,13:31:05,1371.2200,10,1
2026-05-06,600519,13:31:08,1371.5000,2,1
2026-05-06,600519,13:31:11,1371.5000,10,1
2026-05-06,600519,13:31:14,1371.3000,1,1
2026-05-06,600519,13:31:17,1371.2600,2,2
2026-05-06,600519,13:31:20,1371.3000,6,1
2026-05-06,600519,13:31:23,1371.0800,6,2
2026-05-06,600519,13:31:26,1371.2200,2,1
2026-05-06,600519,13:31:29,1371.1400,1,1
2026-05-06,600519,13:31:32,1371.1400,3,2
2026-05-06,600519,13:31:35,1371.1500,3,1
2026-05-06,600519,13:31:38,1371.0100,7,2
2026-05-06,600519,13:31:41,1371.1400,4,1
2026-05-06,600519,13:31:44,1371.1600,8,1
2026-05-06,600519,13:31:47,1371.2700,2,1
2026-05-06,600519,13:31:50,1371.3000,9,1
2026-05-06,600519,13:31:53,1371.2700,8,1
2026-05-06,600519,13:31:56,1371.5500,9,1
2026-05-06,600519,13:31:59,1371.1600,2,2
2026-05-06,600519,13:32:02,1371.4700,3,1
2026-05-06,600519,13:32:05,1371.1700,3,2
2026-05-06,600519,13:32:08,1371.1801,7,2
2026-05-06,600519,13:32:11,1371.1600,4,2
2026-05-06,600519,13:32:14,1371.5000,5,1
2026-05-06,600519,13:32:17,1371.1801,12,2
2026-05-06,600519,13:32:20,1371.5000,2,1
2026-05-06,600519,13:32:23,1371.5100,4,1
2026-05-06,600519,13:32:26,1371.5000,8,2
2026-05-06,600519,13:32:29,1371.5500,2,1
2026-05-06,600519,13:32:32,1371.5500,3,1
2026-05-06,600519,13:32:35,1371.5500,2,1
2026-05-06,600519,13:32:38,1371.5000,5,2
2026-05-06,600519,13:32:41,1371.5000,3,2
2026-05-06,600519,13:32:44,1371.5000,5,2
2026-05-06,600519,13:32:47,1371.5500,4,1
2026-05-06,600519,13:32:50,1371.5601,3,1
2026-05-06,600519,13:32:53,1371.5601,2,1
2026-05-06,600519,13:32:56,1371.5000,6,2
2026-05-06,600519,13:32:59,1371.5601,3,1
2026-05-06,600519,13:33:02,1371.6801,16,1
2026-05-06,600519,13:33:05,1371.6801,5,2
2026-05-06,600519,13:33:08,1371.5601,2,2
2026-05-06,600519,13:33:11,1371.5699,2,2
2026-05-06,600519,13:33:14,1371.5699,1,2
2026-05-06,600519,13:33:17,1371.5699,5,2
2026-05-06,600519,13:33:20,1371.5699,1,2
2026-05-06,600519,13:33:23,1371.7600,5,1
2026-05-06,600519,13:33:26,1371.5601,4,2
2026-05-06,600519,13:33:29,1371.7600,1,1
2026-05-06,600519,13:33:32,1371.5100,2,2
2026-05-06,600519,13:33:35,1371.7000,3,1
2026-05-06,600519,13:33:38,1371.7000,7,1
2026-05-06,600519,13:33:41,1371.5699,5,2
2026-05-06,600519,13:33:44,1371.5699,2,2
2026-05-06,600519,13:33:47,1371.5900,3,1
2026-05-06,600519,13:33:50,1371.5699,5,2
2026-05-06,600519,13:33:53,1371.5100,19,2
2026-05-06,600519,13:33:56,1371.5200,4,2
2026-05-06,600519,13:33:59,1371.5300,6,1
2026-05-06,600519,13:34:02,1371.4800,2,2
2026-05-06,600519,13:34:05,1371.4700,7,2
2026-05-06,600519,13:34:08,1371.4301,5,2
2026-05-06,600519,13:34:11,1371.4399,5,2
2026-05-06,600519,13:34:17,1371.4301,10,2
2026-05-06,600519,13:34:20,1371.4600,3,1
2026-05-06,600519,13:34:23,1371.4301,11,2
2026-05-06,600519,13:34:26,1371.4301,15,2
2026-05-06,600519,13:34:32,1371.4301,6,2
2026-05-06,600519,13:34:35,1371.4100,6,2
2026-05-06,600519,13:34:38,1371.4100,2,2
2026-05-06,600519,13:34:41,1371.4399,4,1
2026-05-06,600519,13:34:44,1371.4301,1,2
2026-05-06,600519,13:34:53,1371.4301,10,2
2026-05-06,600519,13:34:59,1371.4301,5,1
2026-05-06,600519,13:35:02,1371.4301,10,1
2026-05-06,600519,13:35:05,1371.4200,5,1
2026-05-06,600519,13:35:08,1371.4000,4,2
2026-05-06,600519,13:35:11,1371.4200,9,1
2026-05-06,600519,13:35:14,1371.3800,2,2
2026-05-06,600519,13:35:17,1371.4000,6,1
2026-05-06,600519,13:35:20,1371.3800,54,4
2026-05-06,600519,13:35:23,1371.0000,20,2
2026-05-06,600519,13:35:26,1370.5300,11,2
2026-05-06,600519,13:35:29,1370.5000,5,2
2026-05-06,600519,13:35:32,1370.4900,10,2
2026-05-06,600519,13:35:35,1370.2900,10,2
2026-05-06,600519,13:35:38,1370.2900,1,2
2026-05-06,600519,13:35:41,1370.0900,8,2
2026-05-06,600519,13:35:44,1370.0500,2,2
2026-05-06,600519,13:35:47,1370.0500,5,2
2026-05-06,600519,13:35:50,1370.4700,2,1
2026-05-06,600519,13:35:53,1370.0500,2,2
2026-05-06,600519,13:35:59,1370.1100,3,1
2026-05-06,600519,13:36:02,1370.0900,3,2
2026-05-06,600519,13:36:05,1370.4399,3,1
2026-05-06,600519,13:36:08,1370.1100,27,2
2026-05-06,600519,13:36:11,1370.0100,27,2
2026-05-06,600519,13:36:14,1370.1100,5,2
2026-05-06,600519,13:36:17,1370.4399,12,1
2026-05-06,600519,13:36:20,1370.0100,2,2
2026-05-06,600519,13:36:23,1370.4200,22,1
2026-05-06,600519,13:36:29,1370.4301,15,1
2026-05-06,600519,13:36:32,1370.4301,44,2
2026-05-06,600519,13:36:35,1370.8800,2,1
2026-05-06,600519,13:36:38,1370.0100,28,2
2026-05-06,600519,13:36:44,1370.8300,1,1
2026-05-06,600519,13:36:47,1370.0500,4,2
2026-05-06,600519,13:36:50,1370.0000,28,2
2026-05-06,600519,13:36:53,1370.4301,1,1
2026-05-06,600519,13:36:56,1370.4700,7,1
2026-05-06,600519,13:36:59,1370.0000,27,2
2026-05-06,600519,13:37:02,1370.4301,1,2
2026-05-06,600519,13:37:05,1370.0300,5,2
2026-05-06,600519,13:37:08,1370.0400,8,2
2026-05-06,600519,13:37:11,1370.7300,8,1
2026-05-06,600519,13:37:14,1370.0100,8,2
2026-05-06,600519,13:37:17,1370.0000,102,2
2026-05-06,600519,13:37:20,1370.0200,5,2
2026-05-06,600519,13:37:23,1370.2200,22,1
2026-05-06,600519,13:37:26,1370.0200,17,2
2026-05-06,600519,13:37:29,1370.0200,7,1
2026-05-06,600519,13:37:32,1370.0400,5,1
2026-05-06,600519,13:37:35,1370.0200,2,2
2026-05-06,600519,13:37:38,1370.0100,21,2
2026-05-06,600519,13:37:41,1370.0400,4,4
2026-05-06,600519,13:37:44,1370.2300,9,1
2026-05-06,600519,13:37:47,1370.0500,2,2
2026-05-06,600519,13:37:50,1370.2400,3,1
2026-05-06,600519,13:37:53,1370.2500,4,1
2026-05-06,600519,13:37:56,1370.8400,14,1
2026-05-06,600519,13:37:59,1370.3800,2,2
2026-05-06,600519,13:38:02,1370.3700,1,1
2026-05-06,600519,13:38:05,1370.3700,1,1
2026-05-06,600519,13:38:08,1370.3800,3,1
2026-05-06,600519,13:38:11,1370.3800,3,1
2026-05-06,600519,13:38:14,1370.2400,9,2
2026-05-06,600519,13:38:17,1370.2300,4,2
2026-05-06,600519,13:38:20,1370.8500,13,1
2026-05-06,600519,13:38:23,1370.7800,3,1
2026-05-06,600519,13:38:26,1370.3800,1,2
2026-05-06,600519,13:38:29,1370.5000,2,1
2026-05-06,600519,13:38:35,1370.5000,4,1
2026-05-06,600519,13:38:38,1370.4900,2,1
2026-05-06,600519,13:38:41,1370.5000,7,1
2026-05-06,600519,13:38:44,1370.5300,7,1
2026-05-06,600519,13:38:47,1370.5300,3,1
2026-05-06,600519,13:38:50,1370.5400,3,1
2026-05-06,600519,13:38:53,1370.5300,7,2
2026-05-06,600519,13:38:56,1370.8800,11,1
2026-05-06,600519,13:38:59,1370.8900,2,1
2026-05-06,600519,13:39:05,1370.6000,2,2
2026-05-06,600519,13:39:08,1370.8900,4,1
2026-05-06,600519,13:39:11,1370.9000,1,1
2026-05-06,600519,13:39:14,1370.6000,1,2
2026-05-06,600519,13:39:17,1370.5900,1,2
2026-05-06,600519,13:39:20,1370.9000,4,1
2026-05-06,600519,13:39:23,1370.9900,14,1
2026-05-06,600519,13:39:26,1370.9000,3,1
2026-05-06,600519,13:39:32,1370.8000,1,1
2026-05-06,600519,13:39:35,1370.8000,4,1
2026-05-06,600519,13:39:38,1370.7800,1,1
2026-05-06,600519,13:39:44,1370.5601,2,2
2026-05-06,600519,13:39:47,1370.5601,2,2
2026-05-06,600519,13:39:53,1370.6000,2,2
2026-05-06,600519,13:39:56,1370.7300,6,1
2026-05-06,600519,13:39:59,1370.6100,1,2
2026-05-06,600519,13:40:05,1370.6100,7,1
2026-05-06,600519,13:40:08,1370.5900,4,2
2026-05-06,600519,13:40:11,1370.5900,3,2
2026-05-06,600519,13:40:14,1370.5300,4,2
2026-05-06,600519,13:40:17,1370.5200,1,2
2026-05-06,600519,13:40:20,1370.6100,9,1
2026-05-06,600519,13:40:23,1370.5900,2,1
2026-05-06,600519,13:40:26,1370.6100,4,1
2026-05-06,600519,13:40:32,1370.6400,1,2
2026-05-06,600519,13:40:35,1370.5200,18,2
2026-05-06,600519,13:40:38,1370.5000,5,2
2026-05-06,600519,13:40:44,1370.6100,6,2
2026-05-06,600519,13:40:47,1370.6100,2,2
2026-05-06,600519,13:40:50,1370.6700,4,1
2026-05-06,600519,13:40:53,1370.6100,1,2
2026-05-06,600519,13:40:56,1370.6700,2,1
2026-05-06,600519,13:40:59,1370.6700,2,1
2026-05-06,600519,13:41:02,1370.6600,3,1
2026-05-06,600519,13:41:05,1370.5900,3,2
2026-05-06,600519,13:41:08,1370.6100,5,1
2026-05-06,600519,13:41:11,1370.6000,8,1
2026-05-06,600519,13:41:14,1370.5000,7,2
2026-05-06,600519,13:41:17,1370.3199,9,2
2026-05-06,600519,13:41:20,1370.3101,2,2
2026-05-06,600519,13:41:23,1370.3101,3,2
2026-05-06,600519,13:41:26,1370.3101,1,2
2026-05-06,600519,13:41:29,1370.2800,4,2
2026-05-06,600519,13:41:32,1370.4200,3,1
2026-05-06,600519,13:41:35,1370.4399,6,1
2026-05-06,600519,13:41:38,1370.4399,5,1
2026-05-06,600519,13:41:41,1370.4500,1,1
2026-05-06,600519,13:41:44,1370.3000,3,2
2026-05-06,600519,13:41:50,1370.4500,6,1
2026-05-06,600519,13:41:53,1370.2800,3,2
2026-05-06,600519,13:41:56,1370.3300,1,2
2026-05-06,600519,13:41:59,1370.4301,3,1
2026-05-06,600519,13:42:02,1370.4100,2,1
2026-05-06,600519,13:42:05,1370.3000,4,2
2026-05-06,600519,13:42:08,1370.4100,3,1
2026-05-06,600519,13:42:11,1370.4200,5,1
2026-05-06,600519,13:42:14,1370.3000,1,2
2026-05-06,600519,13:42:17,1370.4000,2,1
2026-05-06,600519,13:42:23,1370.4000,1,1
2026-05-06,600519,13:42:26,1370.4000,3,1
2026-05-06,600519,13:42:29,1370.3000,8,2
2026-05-06,600519,13:42:32,1370.4000,1,1
2026-05-06,600519,13:42:35,1370.3000,1,2
2026-05-06,600519,13:42:38,1370.3600,2,1
2026-05-06,600519,13:42:41,1370.3000,3,2
2026-05-06,600519,13:42:44,1370.3000,2,2
2026-05-06,600519,13:42:47,1370.3000,5,2
2026-05-06,600519,13:42:50,1370.3300,2,1
2026-05-06,600519,13:42:53,1370.3300,3,1
2026-05-06,600519,13:42:56,1370.3000,1,2
2026-05-06,600519,13:42:59,1370.3000,8,2
2026-05-06,600519,13:43:02,1370.3000,4,2
2026-05-06,600519,13:43:05,1370.2800,5,2
2026-05-06,600519,13:43:08,1370.2700,5,2
2026-05-06,600519,13:43:11,1370.2600,2,2
2026-05-06,600519,13:43:14,1370.2700,4,1
2026-05-06,600519,13:43:17,1370.2600,1,4
2026-05-06,600519,13:43:20,1370.2500,3,2
2026-05-06,600519,13:43:23,1370.2800,15,1
2026-05-06,600519,13:43:26,1370.2600,3,2
2026-05-06,600519,13:43:29,1370.2500,3,2
2026-05-06,600519,13:43:32,1370.2800,5,1
2026-05-06,600519,13:43:35,1370.2900,8,4
2026-05-06,600519,13:43:38,1370.2800,3,2
2026-05-06,600519,13:43:41,1370.2900,2,1
2026-05-06,600519,13:43:44,1370.2800,1,2
2026-05-06,600519,13:43:47,1370.2500,4,2
2026-05-06,600519,13:43:50,1370.2900,1,1
2026-05-06,600519,13:43:53,1370.2800,4,1
2026-05-06,600519,13:43:56,1370.2500,6,2
2026-05-06,600519,13:43:59,1370.2800,1,1
2026-05-06,600519,13:44:02,1370.2400,2,2
2026-05-06,600519,13:44:08,1370.2500,11,2
2026-05-06,600519,13:44:11,1370.2800,1,1
2026-05-06,600519,13:44:14,1370.2200,6,2
2026-05-06,600519,13:44:17,1370.2200,14,2
2026-05-06,600519,13:44:20,1370.2200,3,2
2026-05-06,600519,13:44:23,1370.2100,1,2
2026-05-06,600519,13:44:26,1370.2100,3,2
2026-05-06,600519,13:44:32,1370.2000,9,2
2026-05-06,600519,13:44:35,1370.2000,3,2
2026-05-06,600519,13:44:38,1370.1500,11,2
2026-05-06,600519,13:44:41,1370.1000,5,2
2026-05-06,600519,13:44:44,1370.1600,7,1
2026-05-06,600519,13:44:47,1370.1000,1,2
2026-05-06,600519,13:44:50,1370.1000,2,2
2026-05-06,600519,13:44:53,1370.1700,1,1
2026-05-06,600519,13:44:56,1370.1000,3,2
2026-05-06,600519,13:44:59,1370.0300,14,2
2026-05-06,600519,13:45:02,1370.0300,1,2
2026-05-06,600519,13:45:05,1370.0100,18,2
2026-05-06,600519,13:45:08,1370.0100,4,2
2026-05-06,600519,13:45:14,1370.0300,3,2
2026-05-06,600519,13:45:17,1370.1700,15,1
2026-05-06,600519,13:45:20,1370.0100,5,2
2026-05-06,600519,13:45:23,1370.0100,6,2
2026-05-06,600519,13:45:26,1370.1700,4,1
2026-05-06,600519,13:45:29,1370.0100,7,2
2026-05-06,600519,13:45:32,1370.0100,1,2
2026-05-06,600519,13:45:35,1370.0200,6,1
2026-05-06,600519,13:45:38,1370.0200,4,1
2026-05-06,600519,13:45:41,1370.0100,6,2
2026-05-06,600519,13:45:44,1370.0000,17,2
2026-05-06,600519,13:45:47,1370.0000,2,2
2026-05-06,600519,13:45:50,1370.0100,9,4
2026-05-06,600519,13:45:53,1370.0200,12,1
2026-05-06,600519,13:45:56,1370.0200,5,2
2026-05-06,600519,13:45:59,1370.0200,3,1
2026-05-06,600519,13:46:02,1370.0200,5,1
2026-05-06,600519,13:46:05,1370.0200,16,2
2026-05-06,600519,13:46:08,1370.0200,8,2
2026-05-06,600519,13:46:11,1370.0100,3,2
2026-05-06,600519,13:46:14,1370.0200,5,2
2026-05-06,600519,13:46:17,1370.0200,2,2
2026-05-06,600519,13:46:20,1370.0200,4,2
2026-05-06,600519,13:46:23,1370.0200,15,2
2026-05-06,600519,13:46:26,1370.3000,24,1
2026-05-06,600519,13:46:29,1370.3500,11,1
2026-05-06,600519,13:46:32,1370.3199,2,2
2026-05-06,600519,13:46:35,1370.4000,9,1
2026-05-06,600519,13:46:38,1370.6000,14,1
2026-05-06,600519,13:46:41,1370.6400,9,1
2026-05-06,600519,13:46:47,1370.3700,1,2
2026-05-06,600519,13:46:50,1370.3199,1,2
2026-05-06,600519,13:46:56,1370.3199,3,2
2026-05-06,600519,13:46:59,1370.6300,5,1
2026-05-06,600519,13:47:02,1370.6200,10,1
2026-05-06,600519,13:47:05,1370.6600,6,1
2026-05-06,600519,13:47:11,1370.6000,10,2
2026-05-06,600519,13:47:14,1370.5900,3,1
2026-05-06,600519,13:47:17,1370.5900,11,1
2026-05-06,600519,13:47:20,1370.6600,16,1
2026-05-06,600519,13:47:23,1370.6600,2,2
2026-05-06,600519,13:47:26,1370.6700,3,1
2026-05-06,600519,13:47:29,1370.6700,3,1
2026-05-06,600519,13:47:32,1370.6700,3,1
2026-05-06,600519,13:47:35,1370.6600,5,2
2026-05-06,600519,13:47:38,1370.6700,1,2
2026-05-06,600519,13:47:41,1370.6700,8,2
2026-05-06,600519,13:47:44,1370.6600,2,2
2026-05-06,600519,13:47:47,1370.6600,6,2
2026-05-06,600519,13:47:50,1370.6600,2,2
2026-05-06,600519,13:47:53,1370.6700,6,1
2026-05-06,600519,13:47:56,1370.6600,5,2
2026-05-06,600519,13:47:59,1370.6600,8,2
2026-05-06,600519,13:48:05,1370.6700,17,1
2026-05-06,600519,13:48:08,1370.6700,7,1
2026-05-06,600519,13:48:11,1370.7000,6,1
2026-05-06,600519,13:48:14,1370.6700,2,2
2026-05-06,600519,13:48:17,1370.6700,3,4
2026-05-06,600519,13:48:20,1370.7000,2,2
2026-05-06,600519,13:48:23,1370.6801,1,2
2026-05-06,600519,13:48:26,1370.6801,4,4
2026-05-06,600519,13:48:29,1370.6801,5,1
2026-05-06,600519,13:48:32,1370.6700,3,1
2026-05-06,600519,13:48:38,1370.7800,16,1
2026-05-06,600519,13:48:41,1370.7800,1,1
2026-05-06,600519,13:48:44,1370.6300,2,2
2026-05-06,600519,13:48:47,1370.7800,2,1
2026-05-06,600519,13:48:50,1370.7800,2,1
2026-05-06,600519,13:48:53,1370.7800,3,2
2026-05-06,600519,13:48:56,1370.6300,7,2
2026-05-06,600519,13:48:59,1370.7800,7,2
2026-05-06,600519,13:49:02,1370.6300,2,2
2026-05-06,600519,13:49:05,1370.5900,5,2
2026-05-06,600519,13:49:08,1370.7800,1,1
2026-05-06,600519,13:49:11,1370.6000,1,1
2026-05-06,600519,13:49:14,1370.7900,5,1
2026-05-06,600519,13:49:17,1370.6000,1,2
2026-05-06,600519,13:49:20,1370.6000,1,2
2026-05-06,600519,13:49:23,1370.7900,1,1
2026-05-06,600519,13:49:26,1370.7900,8,1
2026-05-06,600519,13:49:29,1370.6100,2,2
2026-05-06,600519,13:49:32,1370.6000,1,2
2026-05-06,600519,13:49:35,1370.7700,3,1
2026-05-06,600519,13:49:38,1370.6300,3,2
2026-05-06,600519,13:49:41,1370.6000,1,2
2026-05-06,600519,13:49:44,1370.6000,1,2
2026-05-06,600519,13:49:47,1370.6000,2,2
2026-05-06,600519,13:49:50,1370.5900,8,2
2026-05-06,600519,13:49:53,1370.5900,7,1
2026-05-06,600519,13:49:56,1370.5699,5,1
2026-05-06,600519,13:49:59,1370.5100,3,2
2026-05-06,600519,13:50:02,1370.5100,2,2
2026-05-06,600519,13:50:05,1370.4200,16,2
2026-05-06,600519,13:50:11,1370.3800,6,2
2026-05-06,600519,13:50:14,1370.5200,16,1
2026-05-06,600519,13:50:17,1370.4900,2,1
2026-05-06,600519,13:50:20,1370.5100,2,1
2026-05-06,600519,13:50:23,1370.5100,3,1
2026-05-06,600519,13:50:26,1370.4200,4,2
2026-05-06,600519,13:50:29,1370.4700,1,2
2026-05-06,600519,13:50:32,1370.5100,4,1
2026-05-06,600519,13:50:35,1370.4100,5,2
2026-05-06,600519,13:50:38,1370.4900,1,1
2026-05-06,600519,13:50:41,1370.4900,2,1
2026-05-06,600519,13:50:50,1370.4100,4,2
2026-05-06,600519,13:50:53,1370.4800,1,1
2026-05-06,600519,13:50:56,1370.4800,2,1
2026-05-06,600519,13:50:59,1370.4700,3,1
2026-05-06,600519,13:51:02,1370.4700,2,1
2026-05-06,600519,13:51:05,1370.3900,2,2
2026-05-06,600519,13:51:08,1370.4600,4,1
2026-05-06,600519,13:51:11,1370.4700,3,1
2026-05-06,600519,13:51:20,1370.3300,9,2
2026-05-06,600519,13:51:23,1370.3300,4,2
2026-05-06,600519,13:51:26,1370.3300,9,2
2026-05-06,600519,13:51:29,1370.3500,6,1
2026-05-06,600519,13:51:32,1370.3300,4,2
2026-05-06,600519,13:51:35,1370.3199,3,2
2026-05-06,600519,13:51:38,1370.3000,22,2
2026-05-06,600519,13:51:41,1370.3199,1,1
2026-05-06,600519,13:51:44,1370.2900,6,2
2026-05-06,600519,13:51:47,1370.3000,6,1
2026-05-06,600519,13:51:50,1370.2900,4,2
2026-05-06,600519,13:51:53,1370.2900,3,2
2026-05-06,600519,13:51:56,1370.2900,3,2
2026-05-06,600519,13:51:59,1370.2800,4,2
2026-05-06,600519,13:52:02,1370.2800,6,2
2026-05-06,600519,13:52:05,1370.2400,2,2
2026-05-06,600519,13:52:08,1370.2800,4,1
2026-05-06,600519,13:52:11,1370.2900,3,1
2026-05-06,600519,13:52:14,1370.2600,1,2
2026-05-06,600519,13:52:17,1370.2800,2,1
2026-05-06,600519,13:52:20,1370.2400,6,2
2026-05-06,600519,13:52:23,1370.2000,6,2
2026-05-06,600519,13:52:26,1370.2000,9,2
2026-05-06,600519,13:52:29,1370.1200,12,2
2026-05-06,600519,13:52:32,1370.1200,6,1
2026-05-06,600519,13:52:35,1370.0100,2,2
2026-05-06,600519,13:52:38,1370.0200,4,4
2026-05-06,600519,13:52:41,1370.0100,6,2
2026-05-06,600519,13:52:44,1370.0200,1,4
2026-05-06,600519,13:52:47,1370.0300,4,1
2026-05-06,600519,13:52:50,1370.0300,1,1
2026-05-06,600519,13:52:53,1370.0300,7,1
2026-05-06,600519,13:52:56,1370.0200,1,2
2026-05-06,600519,13:52:59,1370.0200,8,1
2026-05-06,600519,13:53:02,1370.0300,19,1
2026-05-06,600519,13:53:05,1370.1899,8,1
2026-05-06,600519,13:53:08,1370.0200,2,2
2026-05-06,600519,13:53:11,1370.0300,56,2
2026-05-06,600519,13:53:14,1370.0100,2,2
2026-05-06,600519,13:53:17,1370.0200,2,2
2026-05-06,600519,13:53:20,1370.0100,9,2
2026-05-06,600519,13:53:26,1370.0200,2,2
2026-05-06,600519,13:53:29,1370.1300,5,1
2026-05-06,600519,13:53:35,1370.1300,1,1
2026-05-06,600519,13:53:38,1370.0300,2,2
2026-05-06,600519,13:53:41,1370.0200,9,2
2026-05-06,600519,13:53:44,1370.0200,8,2
2026-05-06,600519,13:53:47,1370.0300,12,1
2026-05-06,600519,13:53:50,1370.2100,13,1
2026-05-06,600519,13:53:53,1370.3000,14,1
2026-05-06,600519,13:53:56,1370.0500,2,2
2026-05-06,600519,13:53:59,1370.3800,11,1
2026-05-06,600519,13:54:02,1370.2700,1,2
2026-05-06,600519,13:54:05,1370.5100,21,1
2026-05-06,600519,13:54:08,1370.4301,2,2
2026-05-06,600519,13:54:11,1370.5100,4,1
2026-05-06,600519,13:54:14,1370.4200,2,2
2026-05-06,600519,13:54:17,1370.4200,1,2
2026-05-06,600519,13:54:20,1370.7800,11,1
2026-05-06,600519,13:54:23,1370.7800,4,1
2026-05-06,600519,13:54:26,1370.7000,5,2
2026-05-06,600519,13:54:32,1370.7700,4,1
2026-05-06,600519,13:54:35,1370.7700,1,1
2026-05-06,600519,13:54:38,1370.7700,2,1
2026-05-06,600519,13:54:41,1370.8500,13,1
2026-05-06,600519,13:54:44,1370.9100,13,1
2026-05-06,600519,13:54:47,1370.8900,1,2
2026-05-06,600519,13:54:50,1370.8900,3,2
2026-05-06,600519,13:54:53,1371.0100,1,2
2026-05-06,600519,13:54:56,1371.0200,1,2
2026-05-06,600519,13:54:59,1371.2500,1,1
2026-05-06,600519,13:55:02,1371.0000,4,2
2026-05-06,600519,13:55:05,1371.0000,3,2
2026-05-06,600519,13:55:08,1371.2200,2,1
2026-05-06,600519,13:55:11,1371.2000,2,2
2026-05-06,600519,13:55:14,1371.1000,2,2
2026-05-06,600519,13:55:17,1371.1000,3,2
2026-05-06,600519,13:55:20,1371.0100,1,2
2026-05-06,600519,13:55:23,1371.0100,9,2
2026-05-06,600519,13:55:26,1371.0000,3,2
2026-05-06,600519,13:55:29,1371.0000,7,2
2026-05-06,600519,13:55:32,1370.9900,8,1
2026-05-06,600519,13:55:35,1370.7800,1,2
2026-05-06,600519,13:55:38,1370.8300,5,1
2026-05-06,600519,13:55:41,1370.7900,3,2
2026-05-06,600519,13:55:44,1370.9000,3,1
2026-05-06,600519,13:55:50,1370.7800,1,1
2026-05-06,600519,13:55:53,1370.7100,4,2
2026-05-06,600519,13:55:56,1370.7100,1,2
2026-05-06,600519,13:55:59,1370.7100,3,2
2026-05-06,600519,13:56:02,1370.7100,3,2
2026-05-06,600519,13:56:05,1370.9100,23,1
2026-05-06,600519,13:56:08,1370.6600,11,2
2026-05-06,600519,13:56:14,1370.6400,2,2
2026-05-06,600519,13:56:17,1370.7100,2,1
2026-05-06,600519,13:56:20,1370.7100,3,1
2026-05-06,600519,13:56:23,1370.7100,10,2
2026-05-06,600519,13:56:26,1370.9100,3,1
2026-05-06,600519,13:56:35,1370.9100,4,2
2026-05-06,600519,13:56:38,1370.9200,5,2
2026-05-06,600519,13:56:41,1370.9900,5,1
2026-05-06,600519,13:56:44,1370.9200,10,1
2026-05-06,600519,13:56:47,1370.9200,6,2
2026-05-06,600519,13:56:50,1370.9700,1,1
2026-05-06,600519,13:56:53,1370.9700,8,1
2026-05-06,600519,13:56:56,1371.1801,19,1
2026-05-06,600519,13:56:59,1371.1600,5,1
2026-05-06,600519,13:57:02,1370.9200,16,2
2026-05-06,600519,13:57:05,1371.1801,6,1
2026-05-06,600519,13:57:14,1370.9200,6,2
2026-05-06,600519,13:57:17,1370.9500,10,1
2026-05-06,600519,13:57:20,1371.1300,7,1
2026-05-06,600519,13:57:26,1371.1300,9,1
2026-05-06,600519,13:57:29,1370.9200,1,2
2026-05-06,600519,13:57:32,1370.9100,1,2
2026-05-06,600519,13:57:38,1370.8900,1,1
2026-05-06,600519,13:57:47,1370.8600,4,1
2026-05-06,600519,13:57:50,1370.8600,1,1
2026-05-06,600519,13:57:53,1370.8101,4,2
2026-05-06,600519,13:57:56,1370.8000,4,2
2026-05-06,600519,13:58:02,1370.7300,8,2
2026-05-06,600519,13:58:05,1370.7800,1,1
2026-05-06,600519,13:58:08,1370.7300,1,2
2026-05-06,600519,13:58:11,1370.7300,4,2
2026-05-06,600519,13:58:14,1370.7100,7,2
2026-05-06,600519,13:58:17,1370.7800,8,1
2026-05-06,600519,13:58:20,1370.7800,2,1
2026-05-06,600519,13:58:23,1370.7000,10,2
2026-05-06,600519,13:58:26,1370.7000,4,2
2026-05-06,600519,13:58:29,1370.7000,10,2
2026-05-06,600519,13:58:32,1370.6100,9,2
2026-05-06,600519,13:58:35,1370.5300,15,2
2026-05-06,600519,13:58:38,1370.4900,9,2
2026-05-06,600519,13:58:41,1370.3300,12,2
2026-05-06,600519,13:58:44,1370.1899,4,2
2026-05-06,600519,13:58:47,1370.2300,2,1
2026-05-06,600519,13:58:50,1370.2200,2,1
2026-05-06,600519,13:58:56,1370.1100,10,2
2026-05-06,600519,13:58:59,1370.0800,63,2
2026-05-06,600519,13:59:02,1370.0300,5,2
2026-05-06,600519,13:59:05,1370.0100,12,2
2026-05-06,600519,13:59:08,1370.0300,1,2
2026-05-06,600519,13:59:11,1370.0100,4,2
2026-05-06,600519,13:59:14,1370.0100,2,2
2026-05-06,600519,13:59:17,1370.0100,1,2
2026-05-06,600519,13:59:20,1370.0100,4,2
2026-05-06,600519,13:59:23,1370.0100,6,2
2026-05-06,600519,13:59:26,1370.0000,5,2
2026-05-06,600519,13:59:29,1370.0100,7,1
2026-05-06,600519,13:59:32,1370.0100,3,1
2026-05-06,600519,13:59:35,1370.0000,2,2
2026-05-06,600519,13:59:38,1370.0100,4,1
2026-05-06,600519,13:59:41,1370.0100,47,1
2026-05-06,600519,13:59:44,1370.0100,1,1
2026-05-06,600519,13:59:47,1370.0000,18,2
2026-05-06,600519,13:59:50,1370.0000,2,2
2026-05-06,600519,13:59:56,1370.0100,26,1
2026-05-06,600519,13:59:59,1370.0100,2,1
2026-05-06,600519,14:00:02,1370.0100,8,1
2026-05-06,600519,14:00:05,1370.0100,3,1
2026-05-06,600519,14:00:08,1370.0100,11,1
2026-05-06,600519,14:00:11,1370.0100,16,1
2026-05-06,600519,14:00:14,1370.0100,15,2
2026-05-06,600519,14:00:17,1370.1400,7,1
2026-05-06,600519,14:00:20,1370.5100,1,1
2026-05-06,600519,14:00:26,1370.1400,1,2
2026-05-06,600519,14:00:29,1370.4700,2,1
2026-05-06,600519,14:00:32,1370.4600,1,1
2026-05-06,600519,14:00:35,1370.1500,2,2
2026-05-06,600519,14:00:38,1370.1500,7,2
2026-05-06,600519,14:00:41,1370.1500,1,2
2026-05-06,600519,14:00:44,1370.5000,20,1
2026-05-06,600519,14:00:47,1370.1899,3,1
2026-05-06,600519,14:00:50,1370.4600,3,1
2026-05-06,600519,14:00:53,1370.1700,2,2
2026-05-06,600519,14:00:56,1370.4399,4,1
2026-05-06,600519,14:01:02,1370.4301,1,1
2026-05-06,600519,14:01:05,1370.2500,1,2
2026-05-06,600519,14:01:08,1370.3700,1,1
2026-05-06,600519,14:01:11,1370.1400,19,2
2026-05-06,600519,14:01:14,1370.1400,3,2
2026-05-06,600519,14:01:17,1370.1600,27,1
2026-05-06,600519,14:01:20,1370.1400,1,2
2026-05-06,600519,14:01:23,1370.1500,2,1
2026-05-06,600519,14:01:26,1370.1500,3,4
2026-05-06,600519,14:01:29,1370.1500,1,1
2026-05-06,600519,14:01:32,1370.1500,5,1
2026-05-06,600519,14:01:35,1370.1400,26,2
2026-05-06,600519,14:01:38,1370.1300,15,2
2026-05-06,600519,14:01:41,1370.1200,9,2
2026-05-06,600519,14:01:44,1370.1200,2,2
2026-05-06,600519,14:01:50,1370.1200,4,2
2026-05-06,600519,14:01:53,1370.1300,3,1
2026-05-06,600519,14:01:56,1370.1000,2,2
2026-05-06,600519,14:01:59,1370.1100,1,1
2026-05-06,600519,14:02:02,1370.0800,3,2
2026-05-06,600519,14:02:05,1370.1000,2,1
2026-05-06,600519,14:02:08,1370.1100,1,1
2026-05-06,600519,14:02:11,1370.0900,3,4
2026-05-06,600519,14:02:14,1370.0800,2,2
2026-05-06,600519,14:02:17,1370.0800,6,2
2026-05-06,600519,14:02:20,1370.0800,3,2
2026-05-06,600519,14:02:23,1370.0601,9,2
2026-05-06,600519,14:02:26,1370.0800,1,1
2026-05-06,600519,14:02:29,1370.0500,1,2
2026-05-06,600519,14:02:32,1370.0699,46,1
2026-05-06,600519,14:02:38,1370.0699,1,2
2026-05-06,600519,14:02:44,1370.0699,2,2
2026-05-06,600519,14:02:47,1370.0800,3,2
2026-05-06,600519,14:02:50,1370.0800,2,1
2026-05-06,600519,14:02:53,1370.3400,2,1
2026-05-06,600519,14:02:56,1370.3500,2,1
2026-05-06,600519,14:02:59,1370.3400,3,2
2026-05-06,600519,14:03:02,1370.3400,1,1
2026-05-06,600519,14:03:08,1370.2900,1,2
2026-05-06,600519,14:03:11,1370.3400,4,1
2026-05-06,600519,10:45:20,1373.0601,9,1
2026-05-06,600519,10:45:23,1373.0900,9,1
2026-05-06,600519,10:45:26,1373.0800,2,1
2026-05-06,600519,10:45:29,1373.1200,5,1
2026-05-06,600519,10:45:32,1373.0800,5,2
2026-05-06,600519,10:45:35,1373.0601,4,2
2026-05-06,600519,10:45:38,1373.0601,5,2
2026-05-06,600519,10:45:41,1373.0601,2,2
2026-05-06,600519,10:45:44,1373.1500,10,1
2026-05-06,600519,10:45:47,1373.2200,3,1
2026-05-06,600519,10:45:50,1373.1500,1,2
2026-05-06,600519,10:45:53,1373.2300,4,1
2026-05-06,600519,10:45:56,1373.2300,3,1
2026-05-06,600519,10:45:59,1373.1400,2,2
2026-05-06,600519,10:46:02,1373.2300,7,1
2026-05-06,600519,10:46:08,1373.1200,7,2
2026-05-06,600519,10:46:11,1373.2400,12,1
2026-05-06,600519,10:46:14,1373.2400,6,2
2026-05-06,600519,10:46:17,1373.2400,3,2
2026-05-06,600519,10:46:20,1373.1500,4,2
2026-05-06,600519,10:46:23,1373.2700,6,1
2026-05-06,600519,10:46:26,1373.2700,14,1
2026-05-06,600519,10:46:29,1373.2000,9,2
2026-05-06,600519,10:46:32,1373.3199,3,1
2026-05-06,600519,10:46:35,1373.2000,2,2
2026-05-06,600519,10:46:38,1373.0601,3,2
2026-05-06,600519,10:46:47,1373.0100,2,2
2026-05-06,600519,10:46:50,1373.0100,1,2
2026-05-06,600519,10:46:53,1373.0000,4,2
2026-05-06,600519,10:46:56,1373.0500,10,1
2026-05-06,600519,10:47:02,1372.9600,3,2
2026-05-06,600519,10:47:05,1372.8900,10,2
2026-05-06,600519,10:47:08,1372.8800,17,2
2026-05-06,600519,10:47:11,1372.2600,12,2
2026-05-06,600519,10:47:14,1372.8900,5,1
2026-05-06,600519,10:47:17,1372.8600,8,2
2026-05-06,600519,10:47:20,1372.2500,7,2
2026-05-06,600519,10:47:23,1372.9100,8,1
2026-05-06,600519,10:47:26,1372.9100,9,1
2026-05-06,600519,10:47:29,1372.2200,4,2
2026-05-06,600519,10:47:32,1372.8900,5,1
2026-05-06,600519,10:47:35,1372.2200,1,2
2026-05-06,600519,10:47:38,1372.2100,3,2
2026-05-06,600519,10:47:41,1372.2000,7,2
2026-05-06,600519,10:47:44,1372.2000,5,2
2026-05-06,600519,10:47:47,1372.9000,6,1
2026-05-06,600519,10:47:50,1372.2000,9,2
2026-05-06,600519,10:47:53,1372.2200,11,1
2026-05-06,600519,10:47:56,1372.2200,3,1
2026-05-06,600519,10:47:59,1373.0000,8,1
2026-05-06,600519,10:48:02,1372.1801,7,1
2026-05-06,600519,10:48:05,1372.1801,7,1
2026-05-06,600519,10:48:08,1372.1400,5,4
2026-05-06,600519,10:48:11,1372.1801,6,1
2026-05-06,600519,10:48:14,1372.0100,7,2
2026-05-06,600519,10:48:17,1372.0900,3,1
2026-05-06,600519,10:48:20,1372.0800,12,1
2026-05-06,600519,10:48:23,1372.0000,9,2
2026-05-06,600519,10:48:26,1372.0000,14,2
2026-05-06,600519,10:48:29,1373.0000,6,1
2026-05-06,600519,10:48:32,1372.0000,11,2
2026-05-06,600519,10:48:35,1372.0000,10,1
2026-05-06,600519,10:48:38,1371.7100,7,1
2026-05-06,600519,10:48:41,1371.6000,11,2
2026-05-06,600519,10:48:44,1371.6000,3,2
2026-05-06,600519,10:48:47,1371.5900,10,2
2026-05-06,600519,10:48:50,1371.5800,7,1
2026-05-06,600519,10:48:53,1371.5000,12,2
2026-05-06,600519,10:48:56,1371.5000,4,2
2026-05-06,600519,10:48:59,1371.6100,8,1
2026-05-06,600519,10:49:02,1371.0000,7,2
2026-05-06,600519,10:49:05,1371.1801,11,2
2026-05-06,600519,10:49:08,1371.0000,1,2
2026-05-06,600519,10:49:11,1371.0000,10,2
2026-05-06,600519,10:49:14,1371.0000,9,2
2026-05-06,600519,10:49:17,1370.9000,4,2
2026-05-06,600519,10:49:20,1371.0000,5,1
2026-05-06,600519,10:49:23,1371.0000,10,1
2026-05-06,600519,10:49:26,1370.8900,2,2
2026-05-06,600519,10:49:29,1371.0200,5,1
2026-05-06,600519,10:49:32,1371.0300,1,1
2026-05-06,600519,10:49:35,1371.0200,8,1
2026-05-06,600519,10:49:38,1371.0200,10,2
2026-05-06,600519,10:49:41,1371.0200,8,2
2026-05-06,600519,10:49:44,1371.0601,12,1
2026-05-06,600519,10:49:47,1371.0900,5,1
2026-05-06,600519,10:49:50,1370.9200,8,2
2026-05-06,600519,10:49:53,1371.0699,6,1
2026-05-06,600519,10:49:56,1370.6000,6,2
2026-05-06,600519,10:49:59,1370.5000,11,2
2026-05-06,600519,10:50:02,1370.5800,6,2
2026-05-06,600519,10:50:05,1370.9600,16,1
2026-05-06,600519,10:50:08,1370.2000,5,2
2026-05-06,600519,10:50:11,1371.0699,8,1
2026-05-06,600519,10:50:14,1370.2000,3,2
2026-05-06,600519,10:50:17,1370.2000,6,2
2026-05-06,600519,10:50:20,1371.0800,3,1
2026-05-06,600519,10:50:23,1371.0800,4,1
2026-05-06,600519,10:50:26,1370.7100,5,2
2026-05-06,600519,10:50:29,1371.0500,8,1
2026-05-06,600519,10:50:35,1370.5000,14,2
2026-05-06,600519,10:50:38,1370.7000,4,2
2026-05-06,600519,10:50:41,1370.5000,8,2
2026-05-06,600519,10:50:44,1370.5000,4,2
2026-05-06,600519,10:50:47,1370.5000,4,2
2026-05-06,600519,10:50:50,1370.4900,7,2
2026-05-06,600519,10:50:53,1370.2900,5,1
2026-05-06,600519,10:50:56,1370.3000,11,1
2026-05-06,600519,10:50:59,1370.1899,5,2
2026-05-06,600519,10:51:02,1370.3000,9,1
2026-05-06,600519,10:51:05,1370.2800,1,1
2026-05-06,600519,10:51:08,1370.2900,5,4
2026-05-06,600519,10:51:11,1370.1500,9,2
2026-05-06,600519,10:51:14,1370.3800,9,1
2026-05-06,600519,10:51:17,1370.5000,10,1
2026-05-06,600519,10:51:20,1370.3000,1,2
2026-05-06,600519,10:51:23,1370.3101,6,2
2026-05-06,600519,10:51:26,1370.7600,6,1
2026-05-06,600519,10:51:29,1370.8199,3,1
2026-05-06,600519,10:51:32,1370.6700,5,4
2026-05-06,600519,10:51:35,1370.8101,1,1
2026-05-06,600519,10:51:38,1370.8000,13,1
2026-05-06,600519,10:51:41,1370.8101,3,1
2026-05-06,600519,10:51:44,1370.8000,10,1
2026-05-06,600519,10:51:47,1370.8000,1,2
2026-05-06,600519,10:51:50,1370.3000,7,2
2026-05-06,600519,10:51:53,1370.8101,9,1
2026-05-06,600519,10:51:56,1370.3000,6,2
2026-05-06,600519,10:51:59,1370.7700,2,1
2026-05-06,600519,10:52:02,1370.4000,8,2
2026-05-06,600519,10:52:05,1370.8101,13,1
2026-05-06,600519,10:52:08,1370.7800,18,4
2026-05-06,600519,10:52:11,1370.7800,10,2
2026-05-06,600519,10:52:14,1370.7800,2,2
2026-05-06,600519,10:52:17,1370.4000,3,2
2026-05-06,600519,10:52:20,1370.9600,1,1
2026-05-06,600519,10:52:23,1370.9399,1,1
2026-05-06,600519,10:52:26,1370.9600,5,1
2026-05-06,600519,10:52:29,1370.3600,2,2
2026-05-06,600519,10:52:32,1370.3000,7,2
2026-05-06,600519,10:52:35,1370.9000,4,1
2026-05-06,600519,10:52:38,1370.9200,5,1
2026-05-06,600519,10:52:41,1370.9200,4,1
2026-05-06,600519,10:52:44,1370.9301,5,1
2026-05-06,600519,10:52:47,1370.9000,4,2
2026-05-06,600519,10:52:50,1370.9600,4,1
2026-05-06,600519,10:52:53,1370.9100,2,2
2026-05-06,600519,10:52:56,1370.9000,4,2
2026-05-06,600519,10:52:59,1370.9000,12,2
2026-05-06,600519,10:53:02,1370.9000,1,2
2026-05-06,600519,10:53:05,1370.9200,17,1
2026-05-06,600519,10:53:08,1370.9200,17,2
2026-05-06,600519,10:53:11,1370.9200,5,2
2026-05-06,600519,10:53:14,1370.9000,9,2
2026-05-06,600519,10:53:17,1370.9000,5,2
2026-05-06,600519,10:53:20,1370.9200,5,1
2026-05-06,600519,10:53:23,1370.8199,3,2
2026-05-06,600519,10:53:26,1370.8000,8,2
2026-05-06,600519,10:53:29,1370.8199,7,1
2026-05-06,600519,10:53:32,1370.8000,10,1
2026-05-06,600519,10:53:35,1370.8199,5,1
2026-05-06,600519,10:53:38,1370.2100,2,2
2026-05-06,600519,10:53:41,1370.1801,4,2
2026-05-06,600519,10:53:44,1370.1801,9,2
2026-05-06,600519,10:53:47,1370.1700,12,2
2026-05-06,600519,10:53:50,1370.1500,2,2
2026-05-06,600519,10:53:53,1370.1100,12,2
2026-05-06,600519,10:53:56,1370.1500,12,1
2026-05-06,600519,10:53:59,1370.1000,6,2
2026-05-06,600519,10:54:02,1370.1000,8,1
2026-05-06,600519,10:54:05,1370.0200,7,2
2026-05-06,600519,10:54:08,1370.1000,17,1
2026-05-06,600519,10:54:11,1370.1100,10,1
2026-05-06,600519,10:54:14,1370.0000,21,2
2026-05-06,600519,10:54:17,1370.0900,19,1
2026-05-06,600519,10:54:20,1370.0000,4,2
2026-05-06,600519,10:54:23,1370.0900,7,1
2026-05-06,600519,10:54:26,1370.0100,9,2
2026-05-06,600519,10:54:29,1370.0800,15,1
2026-05-06,600519,10:54:32,1370.0100,16,2
2026-05-06,600519,10:54:35,1370.0601,6,1
2026-05-06,600519,10:54:38,1370.0100,10,2
2026-05-06,600519,10:54:41,1370.0000,4,2
2026-05-06,600519,10:54:44,1370.0100,1,2
2026-05-06,600519,10:54:47,1370.0200,6,1
2026-05-06,600519,10:54:50,1370.0000,14,2
2026-05-06,600519,10:54:53,1370.0000,21,2
2026-05-06,600519,10:54:56,1370.0000,23,2
2026-05-06,600519,10:54:59,1370.0000,19,2
2026-05-06,600519,10:55:02,1370.0100,19,1
2026-05-06,600519,10:55:05,1370.0000,17,2
2026-05-06,600519,10:55:08,1370.0100,18,1
2026-05-06,600519,10:55:11,1370.0000,9,2
2026-05-06,600519,10:55:14,1370.0800,32,1
2026-05-06,600519,10:55:17,1370.0000,34,2
2026-05-06,600519,10:55:20,1370.0000,17,2
2026-05-06,600519,10:55:26,1370.0000,3,2
2026-05-06,600519,10:55:29,1370.0000,7,2
2026-05-06,600519,10:55:32,1370.0000,5,2
2026-05-06,600519,10:55:35,1370.0699,4,1
2026-05-06,600519,10:55:38,1370.0699,13,1
2026-05-06,600519,10:55:41,1370.0000,7,2
2026-05-06,600519,10:55:44,1370.0699,9,1
2026-05-06,600519,10:55:47,1370.0699,19,1
2026-05-06,600519,10:55:50,1370.0699,13,2
2026-05-06,600519,10:55:53,1370.0699,1,2
2026-05-06,600519,10:55:56,1370.0200,4,2
2026-05-06,600519,10:55:59,1370.0100,11,2
2026-05-06,600519,10:56:02,1370.0100,7,2
2026-05-06,600519,10:56:05,1370.0699,7,1
2026-05-06,600519,10:56:08,1370.0200,4,2
2026-05-06,600519,10:56:11,1370.0200,5,1
2026-05-06,600519,10:56:14,1370.0200,15,1
2026-05-06,600519,10:56:17,1370.0200,7,1
2026-05-06,600519,10:56:20,1370.0200,9,1
2026-05-06,600519,10:56:23,1370.0100,7,2
2026-05-06,600519,10:56:26,1370.0200,11,1
2026-05-06,600519,10:56:29,1370.0200,7,1
2026-05-06,600519,10:56:32,1370.0100,16,4
2026-05-06,600519,10:56:35,1369.5000,131,2
2026-05-06,600519,10:56:38,1369.8101,20,1
2026-05-06,600519,10:56:41,1369.8000,13,2
2026-05-06,600519,10:56:44,1369.8000,15,2
2026-05-06,600519,10:56:47,1369.1801,7,2
2026-05-06,600519,10:56:50,1369.3600,1,1
2026-05-06,600519,10:56:53,1369.0900,5,2
2026-05-06,600519,10:56:56,1369.0900,1,1
2026-05-06,600519,10:56:59,1369.0100,10,2
2026-05-06,600519,10:57:02,1369.0800,12,1
2026-05-06,600519,10:57:05,1369.0000,28,2
2026-05-06,600519,10:57:08,1369.0000,22,2
2026-05-06,600519,10:57:11,1369.0000,16,2
2026-05-06,600519,10:57:14,1369.1600,8,1
2026-05-06,600519,10:57:17,1369.0000,4,2
2026-05-06,600519,10:57:20,1369.0000,8,2
2026-05-06,600519,10:57:23,1369.1600,8,1
2026-05-06,600519,10:57:26,1369.0000,13,2
2026-05-06,600519,10:57:29,1369.0000,11,2
2026-05-06,600519,10:57:32,1369.0000,4,1
2026-05-06,600519,10:57:35,1368.9800,10,2
2026-05-06,600519,10:57:38,1368.9700,19,2
2026-05-06,600519,10:57:41,1368.9500,6,2
2026-05-06,600519,10:57:44,1368.9500,8,1
2026-05-06,600519,10:57:47,1368.8900,3,2
2026-05-06,600519,10:57:50,1368.8800,11,2
2026-05-06,600519,10:57:53,1368.8800,23,2
2026-05-06,600519,10:57:56,1368.8800,17,2
2026-05-06,600519,10:57:59,1368.8900,14,1
2026-05-06,600519,10:58:02,1368.8800,10,2
2026-05-06,600519,10:58:05,1369.0000,10,1
2026-05-06,600519,10:58:08,1369.0000,14,2
2026-05-06,600519,10:58:11,1368.8700,14,2
2026-05-06,600519,10:58:14,1368.8800,9,2
2026-05-06,600519,10:58:17,1369.9800,7,1
2026-05-06,600519,10:58:20,1368.8800,9,2
2026-05-06,600519,10:58:23,1368.8700,9,2
2026-05-06,600519,10:58:26,1368.8800,12,2
2026-05-06,600519,10:58:29,1369.8800,13,1
2026-05-06,600519,10:58:32,1368.9000,6,2
2026-05-06,600519,10:58:35,1368.8600,8,2
2026-05-06,600519,10:58:38,1368.8700,8,2
2026-05-06,600519,10:58:41,1368.8600,11,2
2026-05-06,600519,10:58:44,1368.8800,5,2
2026-05-06,600519,10:58:47,1369.3800,8,1
2026-05-06,600519,10:58:50,1368.9000,7,1
2026-05-06,600519,10:58:53,1368.8000,17,2
2026-05-06,600519,10:58:56,1369.3800,9,1
2026-05-06,600519,10:58:59,1368.8101,3,2
2026-05-06,600519,10:59:02,1368.8300,8,2
2026-05-06,600519,10:59:05,1368.8000,13,2
2026-05-06,600519,10:59:08,1368.8101,15,2
2026-05-06,600519,10:59:11,1368.8600,8,2
2026-05-06,600519,10:59:14,1368.8000,8,2
2026-05-06,600519,10:59:17,1369.2200,6,1
2026-05-06,600519,10:59:20,1368.8000,5,2
2026-05-06,600519,10:59:23,1368.8101,9,1
2026-05-06,600519,10:59:26,1368.8000,24,2
2026-05-06,600519,10:59:29,1368.8800,11,1
2026-05-06,600519,10:59:32,1368.8101,10,2
2026-05-06,600519,10:59:35,1368.8000,7,2
2026-05-06,600519,10:59:38,1368.8900,5,1
2026-05-06,600519,10:59:41,1368.8500,7,1
2026-05-06,600519,10:59:44,1369.3700,22,1
2026-05-06,600519,10:59:47,1370.0000,10,1
2026-05-06,600519,10:59:50,1368.8900,3,2
2026-05-06,600519,10:59:53,1368.8500,4,2
2026-05-06,600519,10:59:56,1368.9399,3,2
2026-05-06,600519,10:59:59,1369.8900,13,1
2026-05-06,600519,11:00:02,1369.8900,7,1
2026-05-06,600519,11:00:05,1369.8900,9,1
2026-05-06,600519,11:00:08,1369.8900,8,1
2026-05-06,600519,11:00:11,1368.8900,8,2
2026-05-06,600519,11:00:14,1369.8400,9,1
2026-05-06,600519,11:00:17,1369.8400,8,1
2026-05-06,600519,11:00:20,1369.8900,6,1
2026-05-06,600519,11:00:23,1369.8400,4,2
2026-05-06,600519,11:00:26,1370.0000,12,1
2026-05-06,600519,11:00:29,1369.8300,4,2
2026-05-06,600519,11:00:32,1369.9900,14,1
2026-05-06,600519,11:00:35,1369.0000,4,2
2026-05-06,600519,11:00:38,1369.0000,5,2
2026-05-06,600519,11:00:41,1368.8700,4,2
2026-05-06,600519,11:00:44,1368.9000,4,2
2026-05-06,600519,11:00:47,1368.8600,10,1
2026-05-06,600519,11:00:50,1368.8400,2,2
2026-05-06,600519,11:00:53,1368.8600,18,1
2026-05-06,600519,11:00:56,1368.8600,17,1
2026-05-06,600519,11:00:59,1368.8600,6,1
2026-05-06,600519,11:01:02,1368.8600,11,1
2026-05-06,600519,11:01:05,1368.8500,10,2
2026-05-06,600519,11:01:08,1369.9900,11,1
2026-05-06,600519,11:01:11,1368.8500,2,2
2026-05-06,600519,11:01:14,1369.9600,8,1
2026-05-06,600519,11:01:17,1369.0000,2,2
2026-05-06,600519,11:01:20,1368.8600,4,2
2026-05-06,600519,11:01:23,1368.8600,22,2
2026-05-06,600519,11:01:26,1368.8600,13,1
2026-05-06,600519,11:01:29,1368.8600,11,1
2026-05-06,600519,11:01:32,1368.8500,15,2
2026-05-06,600519,11:01:35,1368.8400,30,2
2026-05-06,600519,11:01:38,1368.8300,12,2
2026-05-06,600519,11:01:41,1368.8600,3,2
2026-05-06,600519,11:01:44,1368.8700,6,2
2026-05-06,600519,11:01:47,1369.9800,5,1
2026-05-06,600519,11:01:50,1368.8900,2,2
2026-05-06,600519,11:01:53,1369.9000,3,2
2026-05-06,600519,11:01:56,1368.9000,3,2
2026-05-06,600519,11:01:59,1369.0100,3,2
2026-05-06,600519,11:02:02,1369.9600,5,1
2026-05-06,600519,11:02:05,1368.8800,11,2
2026-05-06,600519,11:02:08,1368.9399,7,2
2026-05-06,600519,11:02:11,1369.9399,7,1
2026-05-06,600519,11:02:14,1369.0000,8,2
2026-05-06,600519,11:02:17,1369.0200,4,2
2026-05-06,600519,11:02:20,1369.0100,4,2
2026-05-06,600519,11:02:23,1369.0200,5,2
2026-05-06,600519,11:02:26,1369.0200,2,2
2026-05-06,600519,11:02:29,1369.8300,5,1
2026-05-06,600519,11:02:32,1369.0200,8,2
2026-05-06,600519,11:02:35,1369.0400,17,2
2026-05-06,600519,11:02:38,1369.9399,5,1
2026-05-06,600519,11:02:41,1369.0300,4,2
2026-05-06,600519,11:02:44,1369.9100,30,1
2026-05-06,600519,11:02:47,1369.0200,9,2
2026-05-06,600519,11:02:50,1369.9200,10,1
2026-05-06,600519,11:02:53,1369.9100,8,2
2026-05-06,600519,11:02:56,1369.9000,8,2
2026-05-06,600519,11:02:59,1369.9000,1,2
2026-05-06,600519,11:03:02,1369.9000,3,2
2026-05-06,600519,11:03:05,1369.9000,6,2
2026-05-06,600519,11:03:08,1369.9100,4,1
2026-05-06,600519,11:03:11,1369.9000,3,2
2026-05-06,600519,11:03:14,1369.9000,2,2
2026-05-06,600519,11:03:17,1369.9000,7,2
2026-05-06,600519,11:03:20,1369.9100,6,1
2026-05-06,600519,11:03:23,1369.9200,6,1
2026-05-06,600519,11:03:26,1369.9000,1,2
2026-05-06,600519,11:03:29,1369.9000,3,1
2026-05-06,600519,11:03:32,1369.9399,9,1
2026-05-06,600519,11:03:35,1370.0800,35,1
2026-05-06,600519,11:03:38,1370.9900,57,1
2026-05-06,600519,11:03:41,1371.1700,8,1
2026-05-06,600519,11:03:44,1372.0000,9,1
2026-05-06,600519,11:03:47,1370.2600,18,2
2026-05-06,600519,11:03:50,1370.6600,11,2
2026-05-06,600519,11:03:53,1372.0000,13,1
2026-05-06,600519,11:03:59,1372.1700,8,1
2026-05-06,600519,11:04:02,1371.8500,10,1
2026-05-06,600519,11:04:05,1371.8500,4,1
2026-05-06,600519,11:04:08,1371.8500,4,1
2026-05-06,600519,11:04:11,1371.8400,7,1
2026-05-06,600519,11:04:14,1371.0100,4,2
2026-05-06,600519,11:04:17,1371.0000,12,2
2026-05-06,600519,11:04:20,1371.0000,8,2
2026-05-06,600519,11:04:23,1370.3199,22,2
2026-05-06,600519,11:04:26,1371.5800,8,1
2026-05-06,600519,11:04:29,1371.0000,2,1
2026-05-06,600519,11:04:32,1370.3500,4,2
2026-05-06,600519,11:04:35,1371.0000,4,1
2026-05-06,600519,11:04:38,1370.3500,5,2
2026-05-06,600519,11:04:44,1371.0000,1,2
2026-05-06,600519,11:04:47,1371.0000,3,2
2026-05-06,600519,11:04:50,1371.0100,1,1
2026-05-06,600519,11:04:53,1371.0100,3,1
2026-05-06,600519,11:04:56,1371.0100,1,1
2026-05-06,600519,11:04:59,1370.9500,3,2
2026-05-06,600519,11:05:02,1370.9500,2,2
2026-05-06,600519,11:05:05,1370.9500,2,2
2026-05-06,600519,11:05:08,1370.9500,5,1
2026-05-06,600519,11:05:14,1370.9000,2,1
2026-05-06,600519,11:05:17,1370.3800,2,2
2026-05-06,600519,11:05:20,1370.4000,2,2
2026-05-06,600519,11:05:23,1370.4000,1,2
2026-05-06,600519,11:05:26,1370.7700,4,1
2026-05-06,600519,11:05:29,1370.7700,1,1
2026-05-06,600519,11:05:32,1370.4000,3,2
2026-05-06,600519,11:05:35,1370.8700,2,1
2026-05-06,600519,11:05:41,1370.4000,4,2
2026-05-06,600519,11:05:44,1370.7700,1,1
2026-05-06,600519,11:05:47,1370.8600,8,1
2026-05-06,600519,11:05:50,1370.8400,2,1
2026-05-06,600519,11:05:53,1370.7700,1,1
2026-05-06,600519,11:05:56,1370.7700,1,1
2026-05-06,600519,11:05:59,1370.8600,4,1
2026-05-06,600519,11:06:05,1370.7700,2,2
2026-05-06,600519,11:06:08,1370.8700,7,1
2026-05-06,600519,11:06:11,1370.7700,1,2
2026-05-06,600519,11:06:14,1370.7700,1,2
2026-05-06,600519,11:06:17,1370.5000,2,2
2026-05-06,600519,11:06:20,1370.7700,5,1
2026-05-06,600519,11:06:23,1370.7600,4,1
2026-05-06,600519,11:06:26,1370.5100,1,2
2026-05-06,600519,11:06:29,1370.6600,1,1
2026-05-06,600519,11:06:32,1370.5000,1,2
2026-05-06,600519,11:06:38,1370.5000,11,1
2026-05-06,600519,11:06:41,1370.5000,1,2
2026-05-06,600519,11:06:44,1370.5000,6,1
2026-05-06,600519,11:06:47,1370.4000,3,2
2026-05-06,600519,11:06:50,1370.4100,2,2
2026-05-06,600519,11:06:53,1370.4900,2,1
2026-05-06,600519,11:06:56,1370.4000,5,2
2026-05-06,600519,11:06:59,1370.4000,4,2
2026-05-06,600519,11:07:02,1370.4000,5,2
2026-05-06,600519,11:07:08,1370.4800,1,1
2026-05-06,600519,11:07:11,1370.4000,3,2
