date,code,time,price,volume,bs
2026-06-03,601012,14:07:03,13.5500,133,2
2026-06-03,601012,14:07:06,13.5500,429,2
2026-06-03,601012,14:07:09,13.5500,52,2
2026-06-03,601012,14:07:12,13.5600,1502,1
2026-06-03,601012,14:07:15,13.5500,73,2
2026-06-03,601012,14:07:18,13.5500,85,2
2026-06-03,601012,14:07:21,13.5500,48,2
2026-06-03,601012,14:07:24,13.5500,48,2
2026-06-03,601012,14:07:27,13.5500,120,2
2026-06-03,601012,14:07:30,13.5500,187,2
2026-06-03,601012,14:07:33,13.5600,174,1
2026-06-03,601012,14:07:36,13.5500,48,2
2026-06-03,601012,14:07:39,13.5500,31,2
2026-06-03,601012,14:07:42,13.5500,687,2
2026-06-03,601012,14:07:45,13.5600,218,1
2026-06-03,601012,14:07:48,13.5500,134,2
2026-06-03,601012,14:07:51,13.5500,69,2
2026-06-03,601012,14:07:54,13.5500,421,2
2026-06-03,601012,14:07:57,13.5600,82,1
2026-06-03,601012,14:08:00,13.5500,87,2
2026-06-03,601012,14:08:03,13.5500,99,2
2026-06-03,601012,14:08:06,13.5600,152,1
2026-06-03,601012,14:08:09,13.5500,159,2
2026-06-03,601012,14:08:12,13.5500,1324,2
2026-06-03,601012,14:08:15,13.5500,343,2
2026-06-03,601012,14:08:18,13.5500,60,1
2026-06-03,601012,14:08:21,13.5500,148,1
2026-06-03,601012,14:08:24,13.5400,134,2
2026-06-03,601012,14:08:27,13.5500,646,1
2026-06-03,601012,14:08:30,13.5400,283,2
2026-06-03,601012,14:08:33,13.5400,89,2
2026-06-03,601012,14:08:36,13.5500,107,1
2026-06-03,601012,14:08:39,13.5500,62,1
2026-06-03,601012,14:08:42,13.5400,25,2
2026-06-03,601012,14:08:45,13.5400,71,2
2026-06-03,601012,14:08:48,13.5400,804,2
2026-06-03,601012,14:08:51,13.5400,961,2
2026-06-03,601012,14:08:54,13.5400,59,1
2026-06-03,601012,14:08:57,13.5400,63,1
2026-06-03,601012,14:09:00,13.5400,57,1
2026-06-03,601012,14:09:03,13.5400,94,1
2026-06-03,601012,14:09:06,13.5300,46,2
2026-06-03,601012,14:09:09,13.5300,796,2
2026-06-03,601012,14:09:12,13.5300,188,2
2026-06-03,601012,14:09:15,13.5300,163,2
2026-06-03,601012,14:09:18,13.5300,235,2
2026-06-03,601012,14:09:21,13.5300,124,2
2026-06-03,601012,14:09:24,13.5300,481,2
2026-06-03,601012,14:09:27,13.5400,108,1
2026-06-03,601012,14:09:30,13.5300,16,2
2026-06-03,601012,14:09:33,13.5300,2011,2
2026-06-03,601012,14:09:36,13.5300,97,2
2026-06-03,601012,14:09:39,13.5300,494,2
2026-06-03,601012,14:09:42,13.5200,87,2
2026-06-03,601012,14:09:45,13.5300,369,1
2026-06-03,601012,14:09:48,13.5300,112,1
2026-06-03,601012,14:09:51,13.5300,169,1
2026-06-03,601012,14:09:54,13.5300,84,1
2026-06-03,601012,14:09:57,13.5200,258,2
2026-06-03,601012,14:10:00,13.5200,225,2
2026-06-03,601012,14:10:03,13.5300,168,1
2026-06-03,601012,14:10:06,13.5300,688,1
2026-06-03,601012,14:10:09,13.5300,37,1
2026-06-03,601012,14:10:12,13.5300,68,1
2026-06-03,601012,14:10:15,13.5200,186,2
2026-06-03,601012,14:10:18,13.5300,395,1
2026-06-03,601012,14:10:21,13.5300,39,1
2026-06-03,601012,14:10:24,13.5200,101,2
2026-06-03,601012,14:10:27,13.5300,58,1
2026-06-03,601012,14:10:30,13.5200,64,2
2026-06-03,601012,14:10:33,13.5200,74,2
2026-06-03,601012,14:10:36,13.5200,279,2
2026-06-03,601012,14:10:39,13.5200,264,2
2026-06-03,601012,14:10:42,13.5200,105,2
2026-06-03,601012,14:10:45,13.5200,178,2
2026-06-03,601012,14:10:48,13.5300,63,1
2026-06-03,601012,14:10:51,13.5300,154,1
2026-06-03,601012,14:10:54,13.5200,86,2
2026-06-03,601012,14:10:57,13.5200,80,2
2026-06-03,601012,14:11:00,13.5300,178,1
2026-06-03,601012,14:11:03,13.5200,35,2
2026-06-03,601012,14:11:06,13.5300,67,1
2026-06-03,601012,14:11:09,13.5200,258,2
2026-06-03,601012,14:11:12,13.5300,244,1
2026-06-03,601012,14:11:15,13.5200,161,2
2026-06-03,601012,14:11:18,13.5300,100,1
2026-06-03,601012,14:11:21,13.5300,155,1
2026-06-03,601012,14:11:24,13.5200,196,2
2026-06-03,601012,14:11:27,13.5300,82,1
2026-06-03,601012,14:11:30,13.5300,208,1
2026-06-03,601012,14:11:33,13.5300,125,1
2026-06-03,601012,14:11:36,13.5300,84,1
2026-06-03,601012,14:11:39,13.5300,385,1
2026-06-03,601012,14:11:42,13.5400,158,1
2026-06-03,601012,14:11:45,13.5300,22,2
2026-06-03,601012,14:11:48,13.5300,17,2
2026-06-03,601012,14:11:51,13.5300,56,2
2026-06-03,601012,14:11:54,13.5300,27,2
2026-06-03,601012,14:11:57,13.5300,694,2
2026-06-03,601012,14:12:00,13.5300,284,1
2026-06-03,601012,14:12:03,13.5300,60,2
2026-06-03,601012,14:12:06,13.5400,137,1
2026-06-03,601012,14:12:09,13.5300,337,2
2026-06-03,601012,14:12:12,13.5300,141,1
2026-06-03,601012,14:12:15,13.5300,161,2
2026-06-03,601012,14:12:18,13.5300,393,1
2026-06-03,601012,14:12:21,13.5300,97,2
2026-06-03,601012,14:12:24,13.5300,47,1
2026-06-03,601012,14:12:27,13.5200,58,2
2026-06-03,601012,14:12:30,13.5300,92,1
2026-06-03,601012,14:12:33,13.5300,144,1
2026-06-03,601012,14:12:36,13.5300,128,2
2026-06-03,601012,14:12:39,13.5300,153,1
2026-06-03,601012,14:12:42,13.5300,146,1
2026-06-03,601012,14:12:45,13.5300,282,2
2026-06-03,601012,14:12:48,13.5300,43,2
2026-06-03,601012,14:12:51,13.5400,137,1
2026-06-03,601012,14:12:54,13.5300,29,2
2026-06-03,601012,14:12:57,13.5400,37,1
2026-06-03,601012,14:13:00,13.5400,139,1
2026-06-03,601012,14:13:03,13.5400,204,1
2026-06-03,601012,14:13:06,13.5300,81,2
2026-06-03,601012,14:13:09,13.5300,16,2
2026-06-03,601012,14:13:12,13.5300,27,2
2026-06-03,601012,14:13:15,13.5400,125,1
2026-06-03,601012,14:13:18,13.5400,1184,1
2026-06-03,601012,14:13:21,13.5400,3,1
2026-06-03,601012,14:13:24,13.5400,48,1
2026-06-03,601012,14:13:27,13.5300,15,2
2026-06-03,601012,14:13:30,13.5400,27,1
2026-06-03,601012,14:13:33,13.5400,48,1
2026-06-03,601012,14:13:36,13.5400,69,1
2026-06-03,601012,14:13:39,13.5400,21,1
2026-06-03,601012,14:13:42,13.5400,5,1
2026-06-03,601012,14:13:45,13.5400,10,1
2026-06-03,601012,14:13:48,13.5400,14,1
2026-06-03,601012,14:13:51,13.5400,61,1
2026-06-03,601012,14:13:54,13.5300,213,2
2026-06-03,601012,14:13:57,13.5300,57,2
2026-06-03,601012,14:14:00,13.5300,31,2
2026-06-03,601012,14:14:03,13.5300,64,2
2026-06-03,601012,14:14:06,13.5400,11,1
2026-06-03,601012,14:14:09,13.5300,44,2
2026-06-03,601012,14:14:12,13.5300,27,2
2026-06-03,601012,14:14:15,13.5400,70,1
2026-06-03,601012,14:14:18,13.5400,231,1
2026-06-03,601012,14:14:21,13.5400,165,1
2026-06-03,601012,14:14:24,13.5400,64,1
2026-06-03,601012,14:14:27,13.5400,114,1
2026-06-03,601012,14:14:30,13.5300,51,2
2026-06-03,601012,14:14:33,13.5400,799,1
2026-06-03,601012,14:14:36,13.5400,307,2
2026-06-03,601012,14:14:39,13.5400,151,1
2026-06-03,601012,14:14:42,13.5300,200,2
2026-06-03,601012,14:14:45,13.5400,26,1
2026-06-03,601012,14:14:48,13.5400,108,1
2026-06-03,601012,14:14:51,13.5400,10,1
2026-06-03,601012,14:14:54,13.5400,36,1
2026-06-03,601012,14:14:57,13.5400,213,1
2026-06-03,601012,14:15:00,13.5400,58,1
2026-06-03,601012,14:15:03,13.5400,48,1
2026-06-03,601012,14:15:06,13.5300,780,2
2026-06-03,601012,14:15:09,13.5300,519,2
2026-06-03,601012,14:15:12,13.5300,75,2
2026-06-03,601012,14:15:15,13.5300,22,2
2026-06-03,601012,14:15:18,13.5300,26,2
2026-06-03,601012,14:15:21,13.5300,249,2
2026-06-03,601012,14:15:24,13.5300,65,1
2026-06-03,601012,14:15:27,13.5300,138,1
2026-06-03,601012,14:15:30,13.5300,336,1
2026-06-03,601012,14:15:33,13.5300,90,2
2026-06-03,601012,14:15:36,13.5300,46,2
2026-06-03,601012,14:15:39,13.5300,81,1
2026-06-03,601012,14:15:42,13.5300,67,1
2026-06-03,601012,14:15:45,13.5300,46,1
2026-06-03,601012,14:15:48,13.5300,44,1
2026-06-03,601012,14:15:51,13.5300,11,1
2026-06-03,601012,14:15:54,13.5300,28,1
2026-06-03,601012,14:15:57,13.5300,17,1
2026-06-03,601012,14:16:00,13.5300,17,1
2026-06-03,601012,14:16:03,13.5200,31,2
2026-06-03,601012,14:16:06,13.5200,32,2
2026-06-03,601012,14:16:09,13.5200,108,2
2026-06-03,601012,14:16:12,13.5200,20,2
2026-06-03,601012,14:16:15,13.5200,122,2
2026-06-03,601012,14:16:18,13.5200,67,2
2026-06-03,601012,14:16:21,13.5300,134,1
2026-06-03,601012,14:16:24,13.5300,297,1
2026-06-03,601012,14:16:27,13.5200,48,2
2026-06-03,601012,14:16:30,13.5200,13,2
2026-06-03,601012,14:16:33,13.5200,74,2
2026-06-03,601012,14:16:36,13.5300,930,1
2026-06-03,601012,14:16:39,13.5200,460,2
2026-06-03,601012,14:16:42,13.5200,38,2
2026-06-03,601012,14:16:45,13.5200,1844,2
2026-06-03,601012,14:16:48,13.5200,13,1
2026-06-03,601012,14:16:51,13.5200,53,1
2026-06-03,601012,14:16:54,13.5100,214,2
2026-06-03,601012,14:16:57,13.5200,251,1
2026-06-03,601012,14:17:00,13.5100,71,2
2026-06-03,601012,14:17:03,13.5200,301,1
2026-06-03,601012,14:17:06,13.5100,192,2
2026-06-03,601012,14:17:09,13.5100,840,2
2026-06-03,601012,14:17:12,13.5100,48,2
2026-06-03,601012,14:17:15,13.5200,331,1
2026-06-03,601012,14:17:18,13.5100,2799,2
2026-06-03,601012,14:17:21,13.5000,434,2
2026-06-03,601012,14:17:24,13.5100,80,1
2026-06-03,601012,14:17:27,13.5000,81,2
2026-06-03,601012,14:17:30,13.5000,49,2
2026-06-03,601012,14:17:33,13.5100,89,1
2026-06-03,601012,14:17:36,13.5000,98,2
2026-06-03,601012,14:17:39,13.5000,166,2
2026-06-03,601012,14:17:42,13.5000,76,2
2026-06-03,601012,14:17:45,13.5000,126,2
2026-06-03,601012,14:17:48,13.5000,149,2
2026-06-03,601012,14:17:51,13.5000,64,2
2026-06-03,601012,14:17:54,13.5000,554,2
2026-06-03,601012,14:17:57,13.5100,33,1
2026-06-03,601012,14:18:00,13.5000,358,2
2026-06-03,601012,14:18:03,13.5100,84,1
2026-06-03,601012,14:18:06,13.5100,42,1
2026-06-03,601012,14:18:09,13.5000,72,2
2026-06-03,601012,14:18:12,13.5100,54,1
2026-06-03,601012,14:18:15,13.5000,62,2
2026-06-03,601012,14:18:18,13.5100,77,1
2026-06-03,601012,14:18:21,13.5100,259,1
2026-06-03,601012,14:18:24,13.5100,367,1
2026-06-03,601012,14:18:27,13.5100,315,1
2026-06-03,601012,14:18:30,13.5100,77,1
2026-06-03,601012,14:18:33,13.5100,213,1
2026-06-03,601012,14:18:36,13.5100,115,1
2026-06-03,601012,14:18:39,13.5000,55,2
2026-06-03,601012,14:18:42,13.5100,171,1
2026-06-03,601012,14:18:45,13.5100,114,1
2026-06-03,601012,14:18:48,13.5100,814,1
2026-06-03,601012,14:18:51,13.5000,76,2
2026-06-03,601012,14:18:54,13.5100,117,1
2026-06-03,601012,14:18:57,13.5100,109,1
2026-06-03,601012,14:19:00,13.5000,221,2
2026-06-03,601012,14:19:03,13.5100,1176,1
2026-06-03,601012,14:19:06,13.5100,160,2
2026-06-03,601012,14:19:09,13.5100,65,2
2026-06-03,601012,14:19:12,13.5100,141,2
2026-06-03,601012,14:19:15,13.5100,146,2
2026-06-03,601012,14:19:18,13.5200,304,1
2026-06-03,601012,14:19:21,13.5200,66,1
2026-06-03,601012,14:19:24,13.5100,93,2
2026-06-03,601012,14:19:27,13.5100,132,2
2026-06-03,601012,14:19:30,13.5200,25,1
2026-06-03,601012,14:19:33,13.5100,74,2
2026-06-03,601012,14:19:36,13.5200,190,1
2026-06-03,601012,14:19:39,13.5100,146,2
2026-06-03,601012,14:19:42,13.5200,31,1
2026-06-03,601012,14:19:45,13.5100,8,2
2026-06-03,601012,14:19:48,13.5100,260,2
2026-06-03,601012,14:19:51,13.5100,54,2
2026-06-03,601012,14:19:54,13.5100,47,2
2026-06-03,601012,14:19:57,13.5100,6,2
2026-06-03,601012,14:20:00,13.5100,51,2
2026-06-03,601012,14:20:03,13.5100,455,2
2026-06-03,601012,14:20:06,13.5100,125,4
2026-06-03,601012,14:20:09,13.5200,38,1
2026-06-03,601012,14:20:12,13.5100,134,4
2026-06-03,601012,14:20:15,13.5100,194,2
2026-06-03,601012,14:20:18,13.5100,246,2
2026-06-03,601012,14:20:21,13.5100,122,2
2026-06-03,601012,14:20:24,13.5100,191,1
2026-06-03,601012,14:20:27,13.5100,294,1
2026-06-03,601012,14:20:30,13.5100,138,1
2026-06-03,601012,14:20:33,13.5100,333,1
2026-06-03,601012,14:20:36,13.5100,320,1
2026-06-03,601012,14:20:39,13.5100,408,1
2026-06-03,601012,14:20:42,13.5100,193,2
2026-06-03,601012,14:20:45,13.5100,37,4
2026-06-03,601012,14:20:48,13.5000,53,2
2026-06-03,601012,14:20:51,13.5100,197,1
2026-06-03,601012,14:20:54,13.5100,55,1
2026-06-03,601012,14:20:57,13.5100,69,1
2026-06-03,601012,14:21:00,13.5100,47,1
2026-06-03,601012,14:21:03,13.5100,308,1
2026-06-03,601012,14:21:06,13.5100,357,1
2026-06-03,601012,14:21:09,13.5100,403,2
2026-06-03,601012,14:21:12,13.5100,382,2
2026-06-03,601012,14:21:15,13.5200,196,1
2026-06-03,601012,14:21:18,13.5100,171,2
2026-06-03,601012,14:21:21,13.5100,82,1
2026-06-03,601012,14:21:24,13.5100,466,1
2026-06-03,601012,14:21:27,13.5100,161,1
2026-06-03,601012,14:21:30,13.5000,126,2
2026-06-03,601012,14:21:33,13.5100,126,1
2026-06-03,601012,14:21:36,13.5100,47,1
2026-06-03,601012,14:21:39,13.5100,164,1
2026-06-03,601012,14:21:42,13.5100,69,1
2026-06-03,601012,14:21:45,13.5100,56,1
2026-06-03,601012,14:21:48,13.5100,100,1
2026-06-03,601012,14:21:51,13.5100,508,1
2026-06-03,601012,14:21:54,13.5000,102,2
2026-06-03,601012,14:21:57,13.5100,437,1
2026-06-03,601012,14:22:00,13.5100,107,2
2026-06-03,601012,14:22:03,13.5100,104,2
2026-06-03,601012,14:22:06,13.5100,27,2
2026-06-03,601012,14:22:09,13.5100,258,2
2026-06-03,601012,14:22:12,13.5200,17,1
2026-06-03,601012,14:22:15,13.5200,249,1
2026-06-03,601012,14:22:18,13.5200,346,1
2026-06-03,601012,14:22:21,13.5100,70,2
2026-06-03,601012,14:22:24,13.5100,90,2
2026-06-03,601012,14:22:27,13.5200,5,1
2026-06-03,601012,14:22:30,13.5100,22,2
2026-06-03,601012,14:22:33,13.5100,582,2
2026-06-03,601012,14:22:36,13.5100,31,2
2026-06-03,601012,14:22:39,13.5100,492,2
2026-06-03,601012,14:22:42,13.5100,101,2
2026-06-03,601012,14:22:45,13.5100,147,2
2026-06-03,601012,14:22:48,13.5100,41,2
2026-06-03,601012,14:22:51,13.5100,11,2
2026-06-03,601012,14:22:54,13.5200,41,1
2026-06-03,601012,14:22:57,13.5100,90,2
2026-06-03,601012,14:23:00,13.5100,149,2
2026-06-03,601012,14:23:06,13.5100,195,2
2026-06-03,601012,14:23:09,13.5200,149,1
2026-06-03,601012,14:23:12,13.5200,5,1
2026-06-03,601012,14:23:15,13.5200,38,1
2026-06-03,601012,14:23:18,13.5100,2043,2
2026-06-03,601012,14:23:21,13.5100,188,1
2026-06-03,601012,14:23:24,13.5100,236,1
2026-06-03,601012,14:23:27,13.5000,45,2
2026-06-03,601012,14:23:30,13.5100,35,1
2026-06-03,601012,14:23:33,13.5000,49,2
2026-06-03,601012,14:23:36,13.5100,27,1
2026-06-03,601012,14:23:39,13.5100,138,1
2026-06-03,601012,14:23:42,13.5100,55,1
2026-06-03,601012,14:23:45,13.5100,232,1
2026-06-03,601012,14:23:48,13.5100,327,1
2026-06-03,601012,14:23:51,13.5100,356,1
2026-06-03,601012,14:23:54,13.5000,133,2
2026-06-03,601012,14:23:57,13.5100,37,1
2026-06-03,601012,14:24:00,13.5000,47,2
2026-06-03,601012,14:24:03,13.5100,151,1
2026-06-03,601012,14:24:06,13.5000,9341,2
2026-06-03,601012,14:24:09,13.5000,357,1
2026-06-03,601012,14:24:12,13.5000,22,1
2026-06-03,601012,14:24:15,13.5000,53,1
2026-06-03,601012,14:24:18,13.5000,96,1
2026-06-03,601012,14:24:21,13.4900,277,2
2026-06-03,601012,14:24:24,13.4900,108,2
2026-06-03,601012,14:24:27,13.4900,70,2
2026-06-03,601012,14:24:30,13.4900,255,2
2026-06-03,601012,14:24:33,13.4900,188,2
2026-06-03,601012,14:24:36,13.4900,208,2
2026-06-03,601012,14:24:39,13.4900,888,2
2026-06-03,601012,14:24:42,13.5000,34,1
2026-06-03,601012,14:24:45,13.4900,450,2
2026-06-03,601012,14:24:48,13.4900,98,1
2026-06-03,601012,14:24:51,13.4900,166,2
2026-06-03,601012,14:24:54,13.4900,145,2
2026-06-03,601012,14:24:57,13.5000,1652,1
2026-06-03,601012,14:25:00,13.5000,129,2
2026-06-03,601012,14:25:03,13.5000,147,2
2026-06-03,601012,14:25:06,13.5000,33,2
2026-06-03,601012,14:25:09,13.4900,188,2
2026-06-03,601012,14:25:12,13.5000,80,4
2026-06-03,601012,14:25:15,13.5100,102,1
2026-06-03,601012,14:25:18,13.5000,24,2
2026-06-03,601012,14:25:21,13.5000,164,2
2026-06-03,601012,14:25:24,13.4900,41,2
2026-06-03,601012,14:25:27,13.4900,37,2
2026-06-03,601012,14:25:30,13.5000,33,1
2026-06-03,601012,14:25:33,13.5000,101,1
2026-06-03,601012,14:25:36,13.5000,250,1
2026-06-03,601012,14:25:39,13.4900,54,2
2026-06-03,601012,14:25:42,13.4900,98,2
2026-06-03,601012,14:25:45,13.5000,75,1
2026-06-03,601012,14:25:48,13.4900,183,2
2026-06-03,601012,14:25:51,13.4900,115,2
2026-06-03,601012,14:25:54,13.4900,38,2
2026-06-03,601012,14:25:57,13.4900,103,2
2026-06-03,601012,14:26:00,13.4900,43,2
2026-06-03,601012,14:26:03,13.4900,324,2
2026-06-03,601012,14:26:06,13.4900,561,2
2026-06-03,601012,14:26:09,13.4900,871,1
2026-06-03,601012,14:26:12,13.4900,155,2
2026-06-03,601012,14:26:15,13.4900,43,2
2026-06-03,601012,14:26:18,13.4900,84,2
2026-06-03,601012,14:26:21,13.4900,327,2
2026-06-03,601012,14:26:24,13.4900,21,2
2026-06-03,601012,14:26:27,13.4900,202,2
2026-06-03,601012,14:26:30,13.4900,111,2
2026-06-03,601012,14:26:33,13.5000,258,1
2026-06-03,601012,14:26:36,13.5000,54,1
2026-06-03,601012,14:26:39,13.5000,201,1
2026-06-03,601012,14:26:42,13.5000,312,1
2026-06-03,601012,14:26:45,13.4900,349,2
2026-06-03,601012,14:26:48,13.5000,69,1
2026-06-03,601012,14:26:51,13.5000,65,1
2026-06-03,601012,14:26:54,13.5000,85,1
2026-06-03,601012,14:26:57,13.5000,125,1
2026-06-03,601012,14:27:00,13.4900,44,2
2026-06-03,601012,14:27:03,13.5000,132,1
2026-06-03,601012,14:27:06,13.5000,119,1
2026-06-03,601012,14:27:09,13.5000,120,1
2026-06-03,601012,14:27:12,13.4900,447,2
2026-06-03,601012,14:27:15,13.5000,214,1
2026-06-03,601012,14:27:18,13.5000,95,1
2026-06-03,601012,14:27:21,13.4900,126,2
2026-06-03,601012,14:27:24,13.4900,22,2
2026-06-03,601012,14:27:27,13.4900,1,2
2026-06-03,601012,14:27:30,13.5000,32,1
2026-06-03,601012,14:27:33,13.5000,168,1
2026-06-03,601012,14:27:36,13.5000,16,1
2026-06-03,601012,14:27:39,13.5000,116,1
2026-06-03,601012,14:27:42,13.4900,90,2
2026-06-03,601012,14:27:45,13.4900,115,2
2026-06-03,601012,14:27:48,13.4900,48,2
2026-06-03,601012,14:27:51,13.4900,285,2
2026-06-03,601012,14:27:54,13.4900,68,2
2026-06-03,601012,14:27:57,13.4900,312,2
2026-06-03,601012,14:28:00,13.4900,520,2
2026-06-03,601012,14:28:03,13.4900,380,2
2026-06-03,601012,14:28:06,13.4900,201,2
2026-06-03,601012,14:28:09,13.4900,833,2
2026-06-03,601012,14:28:12,13.4900,249,1
2026-06-03,601012,14:28:15,13.4900,143,1
2026-06-03,601012,14:28:18,13.4900,62,1
2026-06-03,601012,14:28:21,13.4900,37,1
2026-06-03,601012,14:28:24,13.4800,96,2
2026-06-03,601012,14:28:27,13.4800,701,2
2026-06-03,601012,14:28:30,13.4800,126,2
2026-06-03,601012,14:28:33,13.4900,58,1
2026-06-03,601012,14:28:36,13.4800,98,2
2026-06-03,601012,14:28:39,13.4800,1351,2
2026-06-03,601012,14:28:42,13.4800,981,2
2026-06-03,601012,14:28:45,13.4800,144,2
2026-06-03,601012,14:28:48,13.4900,248,1
2026-06-03,601012,14:28:51,13.4800,589,2
2026-06-03,601012,14:28:54,13.4800,59,2
2026-06-03,601012,14:28:57,13.4900,134,1
2026-06-03,601012,14:29:00,13.4800,1127,2
2026-06-03,601012,14:29:03,13.4800,86,2
2026-06-03,601012,14:29:06,13.4800,410,2
2026-06-03,601012,14:29:09,13.4800,230,2
2026-06-03,601012,14:29:12,13.4800,1389,2
2026-06-03,601012,14:29:15,13.4900,329,1
2026-06-03,601012,14:29:18,13.4900,52,1
2026-06-03,601012,14:29:21,13.4800,80,2
2026-06-03,601012,14:29:24,13.4800,186,2
2026-06-03,601012,14:29:27,13.4800,60,2
2026-06-03,601012,14:29:30,13.4800,169,2
2026-06-03,601012,14:29:33,13.4800,331,2
2026-06-03,601012,14:29:36,13.4800,519,2
2026-06-03,601012,14:29:39,13.4700,104,2
2026-06-03,601012,14:29:42,13.4800,37,1
2026-06-03,601012,14:29:45,13.4800,102,1
2026-06-03,601012,14:29:48,13.4800,343,1
2026-06-03,601012,14:29:51,13.4800,64,1
2026-06-03,601012,14:29:54,13.4800,189,1
2026-06-03,601012,14:29:57,13.4800,310,1
2026-06-03,601012,14:30:00,13.4800,701,1
2026-06-03,601012,14:30:03,13.4800,149,2
2026-06-03,601012,14:30:06,13.4800,369,2
2026-06-03,601012,14:30:09,13.4800,250,1
2026-06-03,601012,14:30:12,13.4800,85,1
2026-06-03,601012,14:30:15,13.4800,95,2
2026-06-03,601012,14:30:18,13.4800,136,2
2026-06-03,601012,14:30:21,13.4900,48,1
2026-06-03,601012,14:30:24,13.4900,125,1
2026-06-03,601012,14:30:27,13.4900,567,1
2026-06-03,601012,14:30:30,13.4800,229,2
2026-06-03,601012,14:30:33,13.4800,1644,2
2026-06-03,601012,14:30:36,13.4900,272,1
2026-06-03,601012,14:30:39,13.4900,83,1
2026-06-03,601012,14:30:42,13.4900,67,1
2026-06-03,601012,14:30:45,13.4800,91,2
2026-06-03,601012,14:30:48,13.4800,58,2
2026-06-03,601012,14:30:51,13.4800,69,2
2026-06-03,601012,14:30:54,13.4800,24,2
2026-06-03,601012,14:30:57,13.4800,79,2
2026-06-03,601012,14:31:00,13.4800,687,2
2026-06-03,601012,14:31:03,13.4900,210,1
2026-06-03,601012,14:31:06,13.4900,144,1
2026-06-03,601012,14:31:09,13.4900,21,1
2026-06-03,601012,14:31:12,13.4800,164,2
2026-06-03,601012,14:31:15,13.4800,177,2
2026-06-03,601012,14:31:18,13.4800,3500,2
2026-06-03,601012,14:31:21,13.4800,1023,2
2026-06-03,601012,14:31:24,13.4800,776,2
2026-06-03,601012,14:31:27,13.4800,94,1
2026-06-03,601012,14:31:30,13.4800,521,1
2026-06-03,601012,14:31:33,13.4800,98,1
2026-06-03,601012,14:31:36,13.4800,194,1
2026-06-03,601012,14:31:39,13.4700,87,2
2026-06-03,601012,14:31:42,13.4800,49,1
2026-06-03,601012,14:31:45,13.4700,32,2
2026-06-03,601012,14:31:48,13.4700,372,2
2026-06-03,601012,14:31:51,13.4700,49,2
2026-06-03,601012,14:31:54,13.4700,88,2
2026-06-03,601012,14:31:57,13.4800,359,1
2026-06-03,601012,14:32:00,13.4700,756,2
2026-06-03,601012,14:32:03,13.4700,618,1
2026-06-03,601012,14:32:06,13.4600,396,2
2026-06-03,601012,14:32:09,13.4600,138,2
2026-06-03,601012,14:32:12,13.4700,405,1
2026-06-03,601012,14:32:15,13.4700,780,1
2026-06-03,601012,14:32:18,13.4600,151,2
2026-06-03,601012,14:32:21,13.4600,70,2
2026-06-03,601012,14:32:24,13.4600,252,2
2026-06-03,601012,14:32:27,13.4600,223,1
2026-06-03,601012,14:32:30,13.4600,905,2
2026-06-03,601012,14:32:33,13.4600,29,1
2026-06-03,601012,14:32:36,13.4500,123,2
2026-06-03,601012,14:32:39,13.4500,454,2
2026-06-03,601012,14:32:42,13.4500,83,2
2026-06-03,601012,14:32:45,13.4500,155,2
2026-06-03,601012,14:32:48,13.4500,102,2
2026-06-03,601012,14:32:51,13.4500,295,2
2026-06-03,601012,14:32:54,13.4500,109,2
2026-06-03,601012,14:32:57,13.4500,2224,2
2026-06-03,601012,14:33:00,13.4500,143,1
2026-06-03,601012,14:33:03,13.4400,926,2
2026-06-03,601012,14:33:06,13.4400,46,1
2026-06-03,601012,14:33:09,13.4300,257,2
2026-06-03,601012,14:33:12,13.4300,146,2
2026-06-03,601012,14:33:15,13.4300,228,2
2026-06-03,601012,14:33:18,13.4300,245,2
2026-06-03,601012,14:33:21,13.4400,310,1
2026-06-03,601012,14:33:24,13.4400,248,1
2026-06-03,601012,14:33:27,13.4300,39,2
2026-06-03,601012,14:33:30,13.4400,57,1
2026-06-03,601012,14:33:33,13.4300,236,2
2026-06-03,601012,14:33:36,13.4300,210,2
2026-06-03,601012,14:33:39,13.4400,158,1
2026-06-03,601012,14:33:42,13.4300,196,2
2026-06-03,601012,14:33:45,13.4300,55,2
2026-06-03,601012,14:33:48,13.4300,138,2
2026-06-03,601012,14:33:51,13.4400,406,1
2026-06-03,601012,14:33:54,13.4300,388,2
2026-06-03,601012,14:33:57,13.4300,59,1
2026-06-03,601012,14:34:00,13.4300,262,1
2026-06-03,601012,14:34:03,13.4200,1163,2
2026-06-03,601012,14:34:06,13.4200,198,2
2026-06-03,601012,14:34:09,13.4300,127,1
2026-06-03,601012,14:34:12,13.4200,945,2
2026-06-03,601012,14:34:15,13.4300,433,1
2026-06-03,601012,14:34:18,13.4200,972,2
2026-06-03,601012,14:34:21,13.4200,152,2
2026-06-03,601012,14:34:24,13.4200,347,2
2026-06-03,601012,14:34:27,13.4300,471,1
2026-06-03,601012,14:34:30,13.4200,576,2
2026-06-03,601012,14:34:33,13.4200,158,1
2026-06-03,601012,14:34:36,13.4200,110,1
2026-06-03,601012,14:34:39,13.4100,245,2
2026-06-03,601012,14:34:42,13.4100,152,2
2026-06-03,601012,14:34:45,13.4300,170,1
2026-06-03,601012,14:34:48,13.4200,406,2
2026-06-03,601012,14:34:51,13.4200,322,1
2026-06-03,601012,14:34:54,13.4100,57,2
2026-06-03,601012,14:34:57,13.4100,54,2
2026-06-03,601012,14:35:00,13.4100,170,2
2026-06-03,601012,14:35:03,13.4100,652,2
2026-06-03,601012,14:35:06,13.4200,89,1
2026-06-03,601012,14:35:09,13.4200,314,1
2026-06-03,601012,14:35:12,13.4300,166,1
2026-06-03,601012,14:35:15,13.4200,359,2
2026-06-03,601012,14:35:18,13.4200,757,2
2026-06-03,601012,14:35:21,13.4200,302,1
2026-06-03,601012,14:35:24,13.4200,482,1
2026-06-03,601012,14:35:27,13.4300,223,1
2026-06-03,601012,14:35:30,13.4300,280,1
2026-06-03,601012,14:35:33,13.4300,386,1
2026-06-03,601012,14:35:36,13.4200,1046,2
2026-06-03,601012,14:35:39,13.4300,310,1
2026-06-03,601012,14:35:42,13.4300,382,1
2026-06-03,601012,14:35:45,13.4200,1385,2
2026-06-03,601012,14:35:48,13.4100,1294,2
2026-06-03,601012,14:35:51,13.4200,474,1
2026-06-03,601012,14:35:54,13.4100,148,2
2026-06-03,601012,14:35:57,13.4200,932,1
2026-06-03,601012,14:36:00,13.4200,310,1
2026-06-03,601012,14:36:03,13.4200,406,1
2026-06-03,601012,14:36:06,13.4200,82,2
2026-06-03,601012,14:36:09,13.4100,176,2
2026-06-03,601012,14:36:12,13.4200,205,1
2026-06-03,601012,14:36:15,13.4200,162,2
2026-06-03,601012,14:36:18,13.4200,232,1
2026-06-03,601012,14:36:21,13.4200,32,2
2026-06-03,601012,14:36:24,13.4300,106,1
2026-06-03,601012,14:36:27,13.4300,89,1
2026-06-03,601012,14:36:30,13.4300,108,1
2026-06-03,601012,14:36:33,13.4300,23,1
2026-06-03,601012,14:36:36,13.4300,196,1
2026-06-03,601012,14:36:39,13.4200,2312,2
2026-06-03,601012,14:36:42,13.4300,81,1
2026-06-03,601012,14:36:45,13.4300,924,2
2026-06-03,601012,14:36:48,13.4300,151,2
2026-06-03,601012,14:36:51,13.4300,224,1
2026-06-03,601012,14:36:54,13.4300,95,1
2026-06-03,601012,14:36:57,13.4200,203,2
2026-06-03,601012,14:37:00,13.4300,808,1
2026-06-03,601012,14:37:03,13.4200,891,2
2026-06-03,601012,14:37:06,13.4100,2074,2
2026-06-03,601012,14:37:09,13.4100,4391,2
2026-06-03,601012,14:37:12,13.4100,527,1
2026-06-03,601012,14:37:15,13.4000,2930,2
2026-06-03,601012,14:37:18,13.4100,944,1
2026-06-03,601012,14:37:21,13.4000,97,2
2026-06-03,601012,14:37:24,13.4100,180,1
2026-06-03,601012,14:37:27,13.4000,344,2
2026-06-03,601012,14:37:30,13.4100,504,1
2026-06-03,601012,14:37:33,13.4100,152,1
2026-06-03,601012,14:37:36,13.4000,138,2
2026-06-03,601012,14:37:39,13.4000,404,2
2026-06-03,601012,14:37:42,13.4000,106,1
2026-06-03,601012,14:37:45,13.4000,70,1
2026-06-03,601012,14:37:48,13.4000,174,1
2026-06-03,601012,14:37:51,13.4000,533,1
2026-06-03,601012,14:37:54,13.4000,609,2
2026-06-03,601012,14:37:57,13.4000,37,2
2026-06-03,601012,14:38:00,13.4000,168,2
2026-06-03,601012,14:38:03,13.4000,41,2
2026-06-03,601012,14:38:06,13.4000,187,2
2026-06-03,601012,14:38:09,13.4000,409,2
2026-06-03,601012,14:38:12,13.4100,367,1
2026-06-03,601012,14:38:15,13.4100,188,1
2026-06-03,601012,14:38:18,13.4000,66,2
2026-06-03,601012,14:38:21,13.4000,246,2
2026-06-03,601012,14:38:24,13.4000,155,2
2026-06-03,601012,14:38:27,13.4100,90,1
2026-06-03,601012,14:38:30,13.4000,160,2
2026-06-03,601012,14:38:33,13.4000,31,2
2026-06-03,601012,14:38:36,13.4000,180,2
2026-06-03,601012,14:38:39,13.4000,77,2
2026-06-03,601012,14:38:42,13.4100,81,1
2026-06-03,601012,14:38:45,13.4100,427,1
2026-06-03,601012,14:38:48,13.4000,1595,2
2026-06-03,601012,14:38:51,13.4000,286,1
2026-06-03,601012,14:38:54,13.4100,50,2
2026-06-03,601012,14:38:57,13.4100,215,2
2026-06-03,601012,14:39:00,13.4100,159,1
2026-06-03,601012,14:39:03,13.4100,147,1
2026-06-03,601012,14:39:06,13.4100,200,2
2026-06-03,601012,14:39:09,13.4000,209,2
2026-06-03,601012,14:39:12,13.4100,104,4
2026-06-03,601012,14:39:15,13.4100,87,2
2026-06-03,601012,14:39:18,13.4100,91,2
2026-06-03,601012,14:39:21,13.4100,76,2
2026-06-03,601012,14:39:24,13.4100,316,1
2026-06-03,601012,14:39:27,13.4000,345,2
2026-06-03,601012,14:39:30,13.4100,168,1
2026-06-03,601012,14:39:33,13.4000,85,2
2026-06-03,601012,14:39:36,13.4100,158,1
2026-06-03,601012,14:39:39,13.4100,117,1
2026-06-03,601012,14:39:42,13.4100,856,1
2026-06-03,601012,14:39:45,13.4100,181,1
2026-06-03,601012,14:39:48,13.4000,112,2
2026-06-03,601012,14:39:51,13.4100,264,1
2026-06-03,601012,14:39:54,13.4000,134,2
2026-06-03,601012,14:39:57,13.4100,285,1
2026-06-03,601012,14:40:00,13.4000,40,2
2026-06-03,601012,14:40:03,13.4000,289,2
2026-06-03,601012,14:40:06,13.4000,199,2
2026-06-03,601012,14:40:09,13.4100,713,1
2026-06-03,601012,14:40:12,13.4100,181,1
2026-06-03,601012,14:40:15,13.4100,290,1
2026-06-03,601012,14:40:18,13.4000,70,2
2026-06-03,601012,14:40:21,13.4100,75,1
2026-06-03,601012,14:40:24,13.4000,164,2
2026-06-03,601012,14:40:27,13.4100,158,1
2026-06-03,601012,14:40:30,13.4100,155,1
2026-06-03,601012,14:40:33,13.4000,216,2
2026-06-03,601012,14:40:36,13.4100,61,1
2026-06-03,601012,14:40:39,13.4100,562,1
2026-06-03,601012,14:40:42,13.4100,291,1
2026-06-03,601012,14:40:45,13.4100,249,1
2026-06-03,601012,14:40:48,13.4000,115,2
2026-06-03,601012,14:40:51,13.4100,74,1
2026-06-03,601012,14:40:54,13.4100,122,1
2026-06-03,601012,14:40:57,13.4100,58,1
2026-06-03,601012,14:41:00,13.4000,141,2
2026-06-03,601012,14:41:03,13.4000,29,2
2026-06-03,601012,14:41:06,13.4000,246,2
2026-06-03,601012,14:41:09,13.4100,22,1
2026-06-03,601012,14:41:12,13.4100,100,1
2026-06-03,601012,14:41:15,13.4100,86,1
2026-06-03,601012,14:41:18,13.4000,216,2
2026-06-03,601012,14:41:21,13.4000,264,2
2026-06-03,601012,14:41:24,13.4000,83,2
2026-06-03,601012,14:41:27,13.4000,356,2
2026-06-03,601012,14:41:30,13.4000,152,2
2026-06-03,601012,14:41:33,13.4100,45,1
2026-06-03,601012,14:41:36,13.4000,99,2
2026-06-03,601012,14:41:39,13.4000,152,2
2026-06-03,601012,14:41:42,13.4100,154,1
2026-06-03,601012,14:41:45,13.4000,102,2
2026-06-03,601012,14:41:48,13.4000,142,2
2026-06-03,601012,14:41:51,13.4000,90,2
2026-06-03,601012,14:41:54,13.4100,425,1
2026-06-03,601012,14:41:57,13.4100,157,1
2026-06-03,601012,14:42:00,13.4100,86,1
2026-06-03,601012,14:42:03,13.4000,435,2
2026-06-03,601012,14:42:06,13.4100,107,1
2026-06-03,601012,14:42:09,13.4200,5075,1
2026-06-03,601012,14:42:12,13.4100,424,2
2026-06-03,601012,14:42:15,13.4200,64,1
2026-06-03,601012,14:42:18,13.4200,144,1
2026-06-03,601012,14:42:21,13.4200,83,1
2026-06-03,601012,14:42:24,13.4100,1171,2
2026-06-03,601012,14:42:27,13.4100,108,2
2026-06-03,601012,14:42:30,13.4200,260,1
2026-06-03,601012,14:42:33,13.4200,99,1
2026-06-03,601012,14:42:36,13.4200,212,1
2026-06-03,601012,14:42:39,13.4300,32,1
2026-06-03,601012,14:42:42,13.4300,221,1
2026-06-03,601012,14:42:45,13.4200,291,2
2026-06-03,601012,14:42:48,13.4300,127,1
2026-06-03,601012,14:42:51,13.4300,42,1
2026-06-03,601012,14:42:54,13.4200,105,2
2026-06-03,601012,14:42:57,13.4200,439,2
2026-06-03,601012,14:43:00,13.4300,177,1
2026-06-03,601012,14:43:03,13.4200,238,2
2026-06-03,601012,14:43:06,13.4300,171,1
2026-06-03,601012,14:43:09,13.4300,135,1
2026-06-03,601012,14:43:12,13.4200,148,2
2026-06-03,601012,14:43:15,13.4300,68,1
2026-06-03,601012,14:43:18,13.4200,98,2
2026-06-03,601012,14:43:21,13.4300,328,1
2026-06-03,601012,14:43:24,13.4300,116,1
2026-06-03,601012,14:43:27,13.4300,66,1
2026-06-03,601012,14:43:30,13.4200,266,2
2026-06-03,601012,14:43:33,13.4300,228,1
2026-06-03,601012,14:43:36,13.4300,177,1
2026-06-03,601012,14:43:39,13.4200,213,2
2026-06-03,601012,14:43:42,13.4300,283,1
2026-06-03,601012,14:43:45,13.4300,74,1
2026-06-03,601012,14:43:48,13.4300,113,1
2026-06-03,601012,14:43:51,13.4300,453,1
2026-06-03,601012,14:43:54,13.4300,168,1
2026-06-03,601012,14:43:57,13.4200,284,2
2026-06-03,601012,14:44:00,13.4100,2598,2
2026-06-03,601012,14:44:03,13.4200,219,1
2026-06-03,601012,14:44:06,13.4200,145,1
2026-06-03,601012,14:44:09,13.4100,685,2
2026-06-03,601012,14:44:12,13.4200,1741,1
2026-06-03,601012,14:44:15,13.4200,198,1
2026-06-03,601012,14:44:18,13.4200,40,1
2026-06-03,601012,14:44:21,13.4200,401,1
2026-06-03,601012,14:44:24,13.4200,132,1
2026-06-03,601012,14:44:27,13.4200,324,1
2026-06-03,601012,14:44:30,13.4100,670,2
2026-06-03,601012,14:44:33,13.4100,555,2
2026-06-03,601012,14:44:36,13.4100,69,1
2026-06-03,601012,14:44:39,13.4100,104,1
2026-06-03,601012,14:44:42,13.4200,69,1
2026-06-03,601012,14:44:45,13.4200,89,1
2026-06-03,601012,14:44:48,13.4200,105,1
2026-06-03,601012,14:44:51,13.4200,122,1
2026-06-03,601012,14:44:54,13.4200,45,1
2026-06-03,601012,14:44:57,13.4200,82,1
2026-06-03,601012,14:45:00,13.4200,70,1
2026-06-03,601012,14:45:03,13.4200,764,1
2026-06-03,601012,14:45:06,13.4200,63,1
2026-06-03,601012,14:45:09,13.4200,567,1
2026-06-03,601012,14:45:12,13.4200,274,1
2026-06-03,601012,14:45:15,13.4300,150,1
2026-06-03,601012,14:45:18,13.4200,213,2
2026-06-03,601012,14:45:21,13.4300,37,1
2026-06-03,601012,14:45:24,13.4200,178,2
2026-06-03,601012,14:45:27,13.4200,188,2
2026-06-03,601012,14:45:30,13.4300,80,1
2026-06-03,601012,14:45:33,13.4200,228,2
2026-06-03,601012,14:45:36,13.4300,105,1
2026-06-03,601012,14:45:39,13.4200,87,2
2026-06-03,601012,14:45:42,13.4300,364,1
2026-06-03,601012,14:45:45,13.4300,37,1
2026-06-03,601012,14:45:48,13.4200,114,2
2026-06-03,601012,14:45:51,13.4300,100,1
2026-06-03,601012,14:45:54,13.4300,27,1
2026-06-03,601012,14:45:57,13.4300,528,1
2026-06-03,601012,14:46:00,13.4300,344,1
2026-06-03,601012,14:46:03,13.4200,185,2
2026-06-03,601012,14:46:06,13.4300,312,1
2026-06-03,601012,14:46:09,13.4200,142,2
2026-06-03,601012,14:46:12,13.4300,223,1
2026-06-03,601012,14:46:15,13.4200,52,2
2026-06-03,601012,14:46:18,13.4200,294,2
2026-06-03,601012,14:46:21,13.4300,169,1
2026-06-03,601012,14:46:24,13.4300,223,1
2026-06-03,601012,14:46:27,13.4200,307,2
2026-06-03,601012,14:46:30,13.4300,37,1
2026-06-03,601012,14:46:33,13.4300,165,1
2026-06-03,601012,14:46:36,13.4300,8,1
2026-06-03,601012,14:46:39,13.4300,37,1
2026-06-03,601012,14:46:42,13.4200,58,2
2026-06-03,601012,14:46:45,13.4200,156,2
2026-06-03,601012,14:46:48,13.4300,61,1
2026-06-03,601012,14:46:51,13.4300,56,1
2026-06-03,601012,14:46:54,13.4300,44,1
2026-06-03,601012,14:46:57,13.4200,119,2
2026-06-03,601012,14:47:00,13.4300,63,1
2026-06-03,601012,14:47:03,13.4200,289,2
2026-06-03,601012,14:47:06,13.4300,94,1
2026-06-03,601012,14:47:09,13.4300,76,1
2026-06-03,601012,14:47:12,13.4300,73,1
2026-06-03,601012,14:47:15,13.4200,188,2
2026-06-03,601012,14:47:18,13.4200,40,2
2026-06-03,601012,14:47:21,13.4300,133,1
2026-06-03,601012,14:47:24,13.4200,241,2
2026-06-03,601012,14:47:27,13.4200,218,2
2026-06-03,601012,14:47:30,13.4200,64,2
2026-06-03,601012,14:47:33,13.4300,247,1
2026-06-03,601012,14:47:36,13.4200,193,2
2026-06-03,601012,14:47:39,13.4200,92,2
2026-06-03,601012,14:47:42,13.4300,34,1
2026-06-03,601012,14:47:45,13.4200,88,2
2026-06-03,601012,14:47:48,13.4300,1425,1
2026-06-03,601012,14:47:51,13.4400,183,1
2026-06-03,601012,14:47:54,13.4400,239,1
2026-06-03,601012,14:47:57,13.4400,10,1
2026-06-03,601012,14:48:00,13.4400,371,1
2026-06-03,601012,14:48:03,13.4300,137,2
2026-06-03,601012,14:48:06,13.4300,395,2
2026-06-03,601012,14:48:09,13.4400,397,1
2026-06-03,601012,14:48:12,13.4400,92,1
2026-06-03,601012,14:48:15,13.4400,111,1
2026-06-03,601012,14:48:18,13.4400,305,1
2026-06-03,601012,14:48:21,13.4400,371,1
2026-06-03,601012,14:48:24,13.4400,822,1
2026-06-03,601012,14:48:27,13.4400,56,1
2026-06-03,601012,14:48:30,13.4300,87,2
2026-06-03,601012,14:48:33,13.4400,137,1
2026-06-03,601012,14:48:36,13.4400,134,1
2026-06-03,601012,14:48:39,13.4400,272,1
2026-06-03,601012,14:48:42,13.4300,241,2
2026-06-03,601012,14:48:45,13.4400,49,1
2026-06-03,601012,14:48:48,13.4300,86,2
2026-06-03,601012,14:48:51,13.4400,164,1
2026-06-03,601012,14:48:54,13.4400,92,1
2026-06-03,601012,14:48:57,13.4400,784,1
2026-06-03,601012,14:49:00,13.4500,6,1
2026-06-03,601012,14:49:03,13.4500,48,1
2026-06-03,601012,14:49:06,13.4400,82,2
2026-06-03,601012,14:49:09,13.4500,172,1
2026-06-03,601012,14:49:12,13.4500,103,1
2026-06-03,601012,14:49:15,13.4500,84,1
2026-06-03,601012,14:49:18,13.4500,87,1
2026-06-03,601012,14:49:21,13.4500,116,1
2026-06-03,601012,14:49:24,13.4400,177,2
2026-06-03,601012,14:49:27,13.4500,841,1
2026-06-03,601012,14:49:30,13.4500,268,1
2026-06-03,601012,14:49:33,13.4500,269,1
2026-06-03,601012,14:49:36,13.4500,131,1
2026-06-03,601012,14:49:39,13.4500,656,1
2026-06-03,601012,14:49:42,13.4600,81,1
2026-06-03,601012,14:49:45,13.4500,48,2
2026-06-03,601012,14:49:48,13.4500,80,2
2026-06-03,601012,14:49:51,13.4500,161,2
2026-06-03,601012,14:49:54,13.4600,183,1
2026-06-03,601012,14:49:57,13.4600,77,1
2026-06-03,601012,14:50:00,13.4500,517,2
2026-06-03,601012,14:50:03,13.4600,252,1
2026-06-03,601012,14:50:06,13.4600,256,1
2026-06-03,601012,14:50:09,13.4600,236,1
2026-06-03,601012,14:50:12,13.4500,159,2
2026-06-03,601012,14:50:15,13.4600,182,4
2026-06-03,601012,14:50:18,13.4600,203,4
2026-06-03,601012,14:50:21,13.4700,232,1
2026-06-03,601012,14:50:24,13.4700,70,1
2026-06-03,601012,14:50:27,13.4600,51,2
2026-06-03,601012,14:50:30,13.4600,128,2
2026-06-03,601012,14:50:33,13.4600,30,2
2026-06-03,601012,14:50:36,13.4600,142,2
2026-06-03,601012,14:50:39,13.4600,496,2
2026-06-03,601012,14:50:42,13.4700,338,1
2026-06-03,601012,14:50:45,13.4700,90,1
2026-06-03,601012,14:50:48,13.4600,161,2
2026-06-03,601012,14:50:51,13.4700,373,1
2026-06-03,601012,14:50:54,13.4700,126,1
2026-06-03,601012,14:50:57,13.4700,75,1
2026-06-03,601012,14:51:00,13.4700,91,1
2026-06-03,601012,14:51:03,13.4800,731,1
2026-06-03,601012,14:51:06,13.4700,29,2
2026-06-03,601012,14:51:09,13.4800,147,1
2026-06-03,601012,14:51:12,13.4700,99,2
2026-06-03,601012,14:51:15,13.4700,301,2
2026-06-03,601012,14:51:18,13.4800,89,1
2026-06-03,601012,14:51:21,13.4800,643,1
2026-06-03,601012,14:51:24,13.4800,125,1
2026-06-03,601012,14:51:27,13.4700,327,2
2026-06-03,601012,14:51:30,13.4700,54,2
2026-06-03,601012,14:51:33,13.4800,45,1
2026-06-03,601012,14:51:36,13.4800,14,1
2026-06-03,601012,14:51:39,13.4700,225,2
2026-06-03,601012,14:51:42,13.4800,94,1
2026-06-03,601012,14:51:45,13.4800,99,1
2026-06-03,601012,14:51:48,13.4800,106,1
2026-06-03,601012,14:51:51,13.4800,242,1
2026-06-03,601012,14:51:54,13.4800,198,1
2026-06-03,601012,14:51:57,13.4800,102,1
2026-06-03,601012,14:52:00,13.4800,128,1
2026-06-03,601012,14:52:03,13.4800,69,1
2026-06-03,601012,14:52:06,13.4800,121,1
2026-06-03,601012,14:52:09,13.4800,197,1
2026-06-03,601012,14:52:12,13.4800,263,1
2026-06-03,601012,14:52:15,13.4800,229,1
2026-06-03,601012,14:52:18,13.4800,123,1
2026-06-03,601012,14:52:21,13.4800,155,1
2026-06-03,601012,14:52:24,13.4700,194,2
2026-06-03,601012,14:52:27,13.4700,122,2
2026-06-03,601012,14:52:30,13.4800,19,1
2026-06-03,601012,14:52:33,13.4800,341,1
2026-06-03,601012,14:52:36,13.4800,90,1
2026-06-03,601012,14:52:39,13.4700,185,2
2026-06-03,601012,14:52:42,13.4700,183,2
2026-06-03,601012,14:52:45,13.4700,51,2
2026-06-03,601012,14:52:48,13.4800,23,1
2026-06-03,601012,14:52:51,13.4800,133,1
2026-06-03,601012,14:52:54,13.4800,83,1
2026-06-03,601012,14:52:57,13.4800,43,1
2026-06-03,601012,14:53:00,13.4700,285,2
2026-06-03,601012,14:53:03,13.4800,219,1
2026-06-03,601012,14:53:06,13.4700,198,2
2026-06-03,601012,14:53:09,13.4700,139,2
2026-06-03,601012,14:53:12,13.4700,184,2
2026-06-03,601012,14:53:15,13.4800,71,1
2026-06-03,601012,14:53:18,13.4700,166,2
2026-06-03,601012,14:53:21,13.4800,126,1
2026-06-03,601012,14:53:24,13.4800,77,1
2026-06-03,601012,14:53:27,13.4700,71,2
2026-06-03,601012,14:53:30,13.4700,86,2
2026-06-03,601012,14:53:33,13.4700,116,2
2026-06-03,601012,14:53:36,13.4800,468,1
2026-06-03,601012,14:53:39,13.4700,1093,2
2026-06-03,601012,14:53:42,13.4800,420,1
2026-06-03,601012,14:53:45,13.4700,156,2
2026-06-03,601012,14:53:48,13.4700,94,2
2026-06-03,601012,14:53:51,13.4700,496,2
2026-06-03,601012,14:53:54,13.4800,128,1
2026-06-03,601012,14:53:57,13.4700,368,2
2026-06-03,601012,14:54:00,13.4700,184,2
2026-06-03,601012,14:54:03,13.4800,313,1
2026-06-03,601012,14:54:06,13.4700,816,2
2026-06-03,601012,14:54:09,13.4700,334,2
2026-06-03,601012,14:54:12,13.4800,49,1
2026-06-03,601012,14:54:15,13.4800,201,1
2026-06-03,601012,14:54:18,13.4700,138,2
2026-06-03,601012,14:54:21,13.4800,209,1
2026-06-03,601012,14:54:24,13.4700,560,2
2026-06-03,601012,14:54:27,13.4800,342,1
2026-06-03,601012,14:54:30,13.4700,385,2
2026-06-03,601012,14:54:33,13.4800,386,1
2026-06-03,601012,14:54:36,13.4800,118,1
2026-06-03,601012,14:54:39,13.4700,78,2
2026-06-03,601012,14:54:42,13.4800,147,1
2026-06-03,601012,14:54:45,13.4700,367,2
2026-06-03,601012,14:54:48,13.4700,41,2
2026-06-03,601012,14:54:51,13.4700,229,2
2026-06-03,601012,14:54:54,13.4700,402,2
2026-06-03,601012,14:54:57,13.4800,84,1
2026-06-03,601012,14:55:00,13.4700,235,2
2026-06-03,601012,14:55:03,13.4800,333,1
2026-06-03,601012,14:55:06,13.4800,174,1
2026-06-03,601012,14:55:09,13.4700,235,2
2026-06-03,601012,14:55:12,13.4800,269,1
2026-06-03,601012,14:55:15,13.4700,383,2
2026-06-03,601012,14:55:18,13.4700,205,2
2026-06-03,601012,14:55:21,13.4800,50,1
2026-06-03,601012,14:55:24,13.4700,120,2
2026-06-03,601012,14:55:27,13.4800,194,1
2026-06-03,601012,14:55:30,13.4700,489,2
2026-06-03,601012,14:55:33,13.4700,230,2
2026-06-03,601012,14:55:36,13.4800,86,1
2026-06-03,601012,14:55:39,13.4700,1792,2
2026-06-03,601012,14:55:42,13.4800,125,1
2026-06-03,601012,14:55:45,13.4700,161,2
2026-06-03,601012,14:55:48,13.4800,229,1
2026-06-03,601012,14:55:51,13.4800,173,1
2026-06-03,601012,14:55:54,13.4800,134,1
2026-06-03,601012,14:55:57,13.4700,486,2
2026-06-03,601012,14:56:00,13.4700,265,2
2026-06-03,601012,14:56:03,13.4700,435,2
2026-06-03,601012,14:56:06,13.4700,167,2
2026-06-03,601012,14:56:09,13.4800,405,1
2026-06-03,601012,14:56:12,13.4800,286,1
2026-06-03,601012,14:56:15,13.4700,554,2
2026-06-03,601012,14:56:18,13.4700,136,2
2026-06-03,601012,14:56:21,13.4800,283,1
2026-06-03,601012,14:56:24,13.4800,453,1
2026-06-03,601012,14:56:27,13.4800,348,1
2026-06-03,601012,14:56:30,13.4800,417,1
2026-06-03,601012,14:56:33,13.4800,163,1
2026-06-03,601012,14:56:36,13.4700,195,2
2026-06-03,601012,14:56:39,13.4800,156,1
2026-06-03,601012,14:56:42,13.4800,290,1
2026-06-03,601012,14:56:45,13.4700,105,2
2026-06-03,601012,14:56:48,13.4800,184,1
2026-06-03,601012,14:56:51,13.4800,203,1
2026-06-03,601012,14:56:54,13.4800,400,2
2026-06-03,601012,14:56:57,13.4900,551,1
2026-06-03,601012,14:57:00,13.4800,73,4
2026-06-03,601012,15:00:03,13.4200,23611,4
2026-06-03,601012,13:16:12,13.6300,182,1
2026-06-03,601012,13:16:15,13.6200,35,2
2026-06-03,601012,13:16:18,13.6300,32,1
2026-06-03,601012,13:16:21,13.6300,27,1
2026-06-03,601012,13:16:24,13.6300,147,1
2026-06-03,601012,13:16:27,13.6300,15,1
2026-06-03,601012,13:16:30,13.6200,20,2
2026-06-03,601012,13:16:33,13.6300,19,1
2026-06-03,601012,13:16:36,13.6200,132,2
2026-06-03,601012,13:16:39,13.6200,54,2
2026-06-03,601012,13:16:42,13.6200,80,2
2026-06-03,601012,13:16:45,13.6200,88,2
2026-06-03,601012,13:16:51,13.6200,64,2
2026-06-03,601012,13:16:54,13.6300,108,1
2026-06-03,601012,13:16:57,13.6300,190,1
2026-06-03,601012,13:17:00,13.6300,1,1
2026-06-03,601012,13:17:03,13.6300,27,1
2026-06-03,601012,13:17:06,13.6300,6,1
2026-06-03,601012,13:17:09,13.6200,111,2
2026-06-03,601012,13:17:12,13.6300,238,1
2026-06-03,601012,13:17:15,13.6200,52,2
2026-06-03,601012,13:17:18,13.6200,54,2
2026-06-03,601012,13:17:21,13.6200,2125,2
2026-06-03,601012,13:17:24,13.6400,134,1
2026-06-03,601012,13:17:27,13.6300,44,2
2026-06-03,601012,13:17:30,13.6300,149,2
2026-06-03,601012,13:17:33,13.6300,6,2
2026-06-03,601012,13:17:36,13.6300,512,2
2026-06-03,601012,13:17:39,13.6300,28,2
2026-06-03,601012,13:17:42,13.6400,50,1
2026-06-03,601012,13:17:45,13.6300,17,2
2026-06-03,601012,13:17:48,13.6400,25,1
2026-06-03,601012,13:17:51,13.6400,50,1
2026-06-03,601012,13:17:54,13.6400,52,1
2026-06-03,601012,13:17:57,13.6400,58,1
2026-06-03,601012,13:18:03,13.6400,17,1
2026-06-03,601012,13:18:06,13.6400,67,1
2026-06-03,601012,13:18:09,13.6300,44,2
2026-06-03,601012,13:18:12,13.6400,491,1
2026-06-03,601012,13:18:15,13.6500,5,1
2026-06-03,601012,13:18:18,13.6400,36,2
2026-06-03,601012,13:18:21,13.6500,29,1
2026-06-03,601012,13:18:24,13.6500,21,1
2026-06-03,601012,13:18:27,13.6500,110,1
2026-06-03,601012,13:18:30,13.6500,22,1
2026-06-03,601012,13:18:33,13.6500,248,1
2026-06-03,601012,13:18:36,13.6500,19,1
2026-06-03,601012,13:18:39,13.6500,31,1
2026-06-03,601012,13:18:42,13.6500,15,1
2026-06-03,601012,13:18:45,13.6500,46,1
2026-06-03,601012,13:18:48,13.6500,77,1
2026-06-03,601012,13:18:51,13.6500,36,1
2026-06-03,601012,13:18:54,13.6500,119,1
2026-06-03,601012,13:18:57,13.6400,55,2
2026-06-03,601012,13:19:00,13.6400,58,2
2026-06-03,601012,13:19:03,13.6400,60,2
2026-06-03,601012,13:19:06,13.6400,19,2
2026-06-03,601012,13:19:09,13.6400,31,2
2026-06-03,601012,13:19:12,13.6500,335,1
2026-06-03,601012,13:19:15,13.6400,166,2
2026-06-03,601012,13:19:18,13.6400,32,1
2026-06-03,601012,13:19:21,13.6400,5,1
2026-06-03,601012,13:19:24,13.6400,195,1
2026-06-03,601012,13:19:27,13.6400,145,2
2026-06-03,601012,13:19:30,13.6300,26,2
2026-06-03,601012,13:19:33,13.6400,5,1
2026-06-03,601012,13:19:36,13.6300,24,2
2026-06-03,601012,13:19:39,13.6300,18,2
2026-06-03,601012,13:19:42,13.6400,29,1
2026-06-03,601012,13:19:45,13.6300,20,2
2026-06-03,601012,13:19:48,13.6400,73,1
2026-06-03,601012,13:19:51,13.6400,19,1
2026-06-03,601012,13:19:54,13.6400,6,1
2026-06-03,601012,13:19:57,13.6300,17,2
2026-06-03,601012,13:20:00,13.6300,41,2
2026-06-03,601012,13:20:03,13.6300,4,2
2026-06-03,601012,13:20:06,13.6400,8,1
2026-06-03,601012,13:20:09,13.6300,42,2
2026-06-03,601012,13:20:12,13.6300,53,2
2026-06-03,601012,13:20:15,13.6400,416,1
2026-06-03,601012,13:20:18,13.6400,116,1
2026-06-03,601012,13:20:21,13.6500,38,1
2026-06-03,601012,13:20:24,13.6500,9,1
2026-06-03,601012,13:20:30,13.6500,10,1
2026-06-03,601012,13:20:33,13.6500,44,1
2026-06-03,601012,13:20:36,13.6400,71,2
2026-06-03,601012,13:20:39,13.6500,96,1
2026-06-03,601012,13:20:42,13.6400,38,2
2026-06-03,601012,13:20:45,13.6500,68,1
2026-06-03,601012,13:20:48,13.6500,6,1
2026-06-03,601012,13:20:51,13.6500,35,1
2026-06-03,601012,13:20:54,13.6500,23,1
2026-06-03,601012,13:20:57,13.6500,64,1
2026-06-03,601012,13:21:00,13.6500,233,1
2026-06-03,601012,13:21:03,13.6500,67,1
2026-06-03,601012,13:21:06,13.6400,37,2
2026-06-03,601012,13:21:09,13.6500,534,1
2026-06-03,601012,13:21:12,13.6400,7,2
2026-06-03,601012,13:21:15,13.6400,92,2
2026-06-03,601012,13:21:18,13.6500,615,1
2026-06-03,601012,13:21:21,13.6400,371,2
2026-06-03,601012,13:21:24,13.6500,5,1
2026-06-03,601012,13:21:27,13.6400,47,2
2026-06-03,601012,13:21:30,13.6400,23,2
2026-06-03,601012,13:21:33,13.6400,1,2
2026-06-03,601012,13:21:36,13.6500,110,1
2026-06-03,601012,13:21:42,13.6500,1995,1
2026-06-03,601012,13:21:45,13.6500,40,2
2026-06-03,601012,13:21:48,13.6600,18,1
2026-06-03,601012,13:21:51,13.6500,246,2
2026-06-03,601012,13:21:54,13.6600,1,1
2026-06-03,601012,13:21:57,13.6500,182,2
2026-06-03,601012,13:22:00,13.6400,383,2
2026-06-03,601012,13:22:03,13.6500,1,2
2026-06-03,601012,13:22:06,13.6500,28,2
2026-06-03,601012,13:22:09,13.6500,175,2
2026-06-03,601012,13:22:12,13.6600,30,1
2026-06-03,601012,13:22:15,13.6500,23,2
2026-06-03,601012,13:22:18,13.6500,2,2
2026-06-03,601012,13:22:21,13.6500,168,2
2026-06-03,601012,13:22:24,13.6500,158,2
2026-06-03,601012,13:22:27,13.6500,147,1
2026-06-03,601012,13:22:30,13.6500,72,1
2026-06-03,601012,13:22:33,13.6500,426,1
2026-06-03,601012,13:22:36,13.6500,20,2
2026-06-03,601012,13:22:39,13.6600,51,1
2026-06-03,601012,13:22:42,13.6600,27,1
2026-06-03,601012,13:22:45,13.6600,69,1
2026-06-03,601012,13:22:48,13.6600,20,1
2026-06-03,601012,13:22:51,13.6600,28,1
2026-06-03,601012,13:22:54,13.6600,44,1
2026-06-03,601012,13:22:57,13.6600,15,1
2026-06-03,601012,13:23:00,13.6500,144,2
2026-06-03,601012,13:23:03,13.6600,32,1
2026-06-03,601012,13:23:06,13.6500,602,2
2026-06-03,601012,13:23:09,13.6500,61,2
2026-06-03,601012,13:23:12,13.6500,101,2
2026-06-03,601012,13:23:15,13.6500,115,2
2026-06-03,601012,13:23:21,13.6500,117,1
2026-06-03,601012,13:23:24,13.6500,172,1
2026-06-03,601012,13:23:27,13.6500,48,2
2026-06-03,601012,13:23:30,13.6500,25,1
2026-06-03,601012,13:23:33,13.6500,57,1
2026-06-03,601012,13:23:36,13.6500,16,1
2026-06-03,601012,13:23:39,13.6500,40,1
2026-06-03,601012,13:23:42,13.6500,125,1
2026-06-03,601012,13:23:45,13.6500,1,1
2026-06-03,601012,13:23:48,13.6500,29,1
2026-06-03,601012,13:23:51,13.6500,28,1
2026-06-03,601012,13:23:54,13.6500,49,1
2026-06-03,601012,13:23:57,13.6400,148,2
2026-06-03,601012,13:24:00,13.6500,10,1
2026-06-03,601012,13:24:03,13.6400,28,2
2026-06-03,601012,13:24:06,13.6400,121,2
2026-06-03,601012,13:24:12,13.6500,19,1
2026-06-03,601012,13:24:15,13.6400,134,2
2026-06-03,601012,13:24:18,13.6400,61,2
2026-06-03,601012,13:24:21,13.6400,24,2
2026-06-03,601012,13:24:24,13.6400,156,2
2026-06-03,601012,13:24:27,13.6500,23,1
2026-06-03,601012,13:24:30,13.6500,48,1
2026-06-03,601012,13:24:33,13.6500,2,1
2026-06-03,601012,13:24:36,13.6400,41,2
2026-06-03,601012,13:24:39,13.6400,68,2
2026-06-03,601012,13:24:42,13.6400,39,2
2026-06-03,601012,13:24:45,13.6400,60,2
2026-06-03,601012,13:24:48,13.6500,1,1
2026-06-03,601012,13:24:51,13.6500,6,1
2026-06-03,601012,13:24:54,13.6400,5,2
2026-06-03,601012,13:24:57,13.6500,802,1
2026-06-03,601012,13:25:00,13.6500,17,2
2026-06-03,601012,13:25:03,13.6500,53,2
2026-06-03,601012,13:25:06,13.6600,219,1
2026-06-03,601012,13:25:09,13.6500,216,4
2026-06-03,601012,13:25:12,13.6400,156,2
2026-06-03,601012,13:25:15,13.6500,41,1
2026-06-03,601012,13:25:18,13.6500,59,1
2026-06-03,601012,13:25:21,13.6500,50,2
2026-06-03,601012,13:25:24,13.6500,14,1
2026-06-03,601012,13:25:27,13.6500,17,1
2026-06-03,601012,13:25:30,13.6500,214,1
2026-06-03,601012,13:25:33,13.6400,26,2
2026-06-03,601012,13:25:39,13.6500,249,1
2026-06-03,601012,13:25:42,13.6400,5,2
2026-06-03,601012,13:25:45,13.6500,119,1
2026-06-03,601012,13:25:48,13.6400,63,2
2026-06-03,601012,13:25:51,13.6500,17,1
2026-06-03,601012,13:25:54,13.6500,782,1
2026-06-03,601012,13:25:57,13.6500,43,2
2026-06-03,601012,13:26:00,13.6500,11,2
2026-06-03,601012,13:26:03,13.6500,23,2
2026-06-03,601012,13:26:06,13.6500,2,2
2026-06-03,601012,13:26:09,13.6500,66,2
2026-06-03,601012,13:26:12,13.6500,17,2
2026-06-03,601012,13:26:15,13.6600,2,1
2026-06-03,601012,13:26:18,13.6500,27,2
2026-06-03,601012,13:26:21,13.6600,2316,1
2026-06-03,601012,13:26:24,13.6700,82,1
2026-06-03,601012,13:26:27,13.6700,35,1
2026-06-03,601012,13:26:30,13.6600,16,2
2026-06-03,601012,13:26:33,13.6600,80,2
2026-06-03,601012,13:26:36,13.6600,730,2
2026-06-03,601012,13:26:39,13.6600,218,2
2026-06-03,601012,13:26:42,13.6700,242,1
2026-06-03,601012,13:26:45,13.6700,17,1
2026-06-03,601012,13:26:48,13.6700,76,1
2026-06-03,601012,13:26:51,13.6600,8,2
2026-06-03,601012,13:26:54,13.6700,30,1
2026-06-03,601012,13:26:57,13.6600,35,2
2026-06-03,601012,13:27:00,13.6600,74,2
2026-06-03,601012,13:27:03,13.6700,60,1
2026-06-03,601012,13:27:06,13.6600,25,2
2026-06-03,601012,13:27:09,13.6600,176,2
2026-06-03,601012,13:27:12,13.6700,17,1
2026-06-03,601012,13:27:15,13.6600,36,2
2026-06-03,601012,13:27:18,13.6700,34,1
2026-06-03,601012,13:27:21,13.6700,14,1
2026-06-03,601012,13:27:24,13.6700,21,1
2026-06-03,601012,13:27:27,13.6600,20,2
2026-06-03,601012,13:27:30,13.6700,49,1
2026-06-03,601012,13:27:33,13.6600,21,2
2026-06-03,601012,13:27:36,13.6700,27,1
2026-06-03,601012,13:27:39,13.6600,230,2
2026-06-03,601012,13:27:42,13.6700,122,1
2026-06-03,601012,13:27:45,13.6600,52,2
2026-06-03,601012,13:27:48,13.6700,23,1
2026-06-03,601012,13:27:51,13.6700,7,1
2026-06-03,601012,13:27:54,13.6600,330,2
2026-06-03,601012,13:27:57,13.6600,303,2
2026-06-03,601012,13:28:00,13.6600,14,2
2026-06-03,601012,13:28:03,13.6600,701,2
2026-06-03,601012,13:28:06,13.6600,218,2
2026-06-03,601012,13:28:09,13.6500,53,2
2026-06-03,601012,13:28:12,13.6600,45,1
2026-06-03,601012,13:28:15,13.6600,7,1
2026-06-03,601012,13:28:18,13.6500,80,2
2026-06-03,601012,13:28:21,13.6500,28,2
2026-06-03,601012,13:28:24,13.6600,31,1
2026-06-03,601012,13:28:27,13.6500,78,2
2026-06-03,601012,13:28:30,13.6500,4,2
2026-06-03,601012,13:28:33,13.6600,515,1
2026-06-03,601012,13:28:36,13.6500,33,1
2026-06-03,601012,13:28:39,13.6400,67,2
2026-06-03,601012,13:28:42,13.6500,6,1
2026-06-03,601012,13:28:45,13.6600,216,1
2026-06-03,601012,13:28:48,13.6500,149,4
2026-06-03,601012,13:28:51,13.6500,29,1
2026-06-03,601012,13:28:54,13.6400,61,2
2026-06-03,601012,13:28:57,13.6400,71,2
2026-06-03,601012,13:29:00,13.6400,90,2
2026-06-03,601012,13:29:03,13.6400,1043,2
2026-06-03,601012,13:29:06,13.6400,1250,2
2026-06-03,601012,13:29:09,13.6400,38,2
2026-06-03,601012,13:29:12,13.6400,130,1
2026-06-03,601012,13:29:15,13.6500,190,1
2026-06-03,601012,13:29:18,13.6400,58,2
2026-06-03,601012,13:29:21,13.6400,27,1
2026-06-03,601012,13:29:27,13.6500,29,1
2026-06-03,601012,13:29:30,13.6400,16,2
2026-06-03,601012,13:29:33,13.6500,22,1
2026-06-03,601012,13:29:36,13.6400,237,2
2026-06-03,601012,13:29:39,13.6400,59,1
2026-06-03,601012,13:29:42,13.6400,465,2
2026-06-03,601012,13:29:45,13.6300,9,2
2026-06-03,601012,13:29:48,13.6300,18,2
2026-06-03,601012,13:29:51,13.6400,8,1
2026-06-03,601012,13:29:54,13.6300,22,2
2026-06-03,601012,13:29:57,13.6400,463,1
2026-06-03,601012,13:30:00,13.6300,4,2
2026-06-03,601012,13:30:03,13.6300,21,2
2026-06-03,601012,13:30:06,13.6300,291,2
2026-06-03,601012,13:30:09,13.6400,30,1
2026-06-03,601012,13:30:12,13.6300,818,2
2026-06-03,601012,13:30:15,13.6400,151,1
2026-06-03,601012,13:30:18,13.6400,80,1
2026-06-03,601012,13:30:21,13.6400,20,1
2026-06-03,601012,13:30:24,13.6400,35,1
2026-06-03,601012,13:30:27,13.6300,74,2
2026-06-03,601012,13:30:30,13.6300,15,2
2026-06-03,601012,13:30:33,13.6300,15,2
2026-06-03,601012,13:30:36,13.6300,20,2
2026-06-03,601012,13:30:39,13.6400,98,1
2026-06-03,601012,13:30:42,13.6400,32,1
2026-06-03,601012,13:30:45,13.6400,118,1
2026-06-03,601012,13:30:48,13.6400,41,1
2026-06-03,601012,13:30:54,13.6400,37,1
2026-06-03,601012,13:30:57,13.6400,35,1
2026-06-03,601012,13:31:00,13.6300,19,2
2026-06-03,601012,13:31:03,13.6400,520,1
2026-06-03,601012,13:31:06,13.6400,72,1
2026-06-03,601012,13:31:09,13.6300,9,2
2026-06-03,601012,13:31:12,13.6400,446,1
2026-06-03,601012,13:31:15,13.6300,30,2
2026-06-03,601012,13:31:21,13.6300,16,2
2026-06-03,601012,13:31:24,13.6300,24,2
2026-06-03,601012,13:31:27,13.6300,692,2
2026-06-03,601012,13:31:30,13.6300,44,2
2026-06-03,601012,13:31:33,13.6300,348,2
2026-06-03,601012,13:31:36,13.6300,132,2
2026-06-03,601012,13:31:39,13.6300,20,2
2026-06-03,601012,13:31:42,13.6300,80,2
2026-06-03,601012,13:31:45,13.6300,25,2
2026-06-03,601012,13:31:48,13.6400,60,1
2026-06-03,601012,13:31:51,13.6400,14,1
2026-06-03,601012,13:31:54,13.6300,543,2
2026-06-03,601012,13:31:57,13.6300,175,2
2026-06-03,601012,13:32:00,13.6300,68,2
2026-06-03,601012,13:32:03,13.6300,17,2
2026-06-03,601012,13:32:06,13.6300,490,2
2026-06-03,601012,13:32:09,13.6300,42,1
2026-06-03,601012,13:32:12,13.6300,222,1
2026-06-03,601012,13:32:15,13.6200,88,2
2026-06-03,601012,13:32:18,13.6300,28,1
2026-06-03,601012,13:32:21,13.6300,35,1
2026-06-03,601012,13:32:24,13.6200,59,2
2026-06-03,601012,13:32:27,13.6200,43,2
2026-06-03,601012,13:32:30,13.6200,2421,2
2026-06-03,601012,13:32:33,13.6200,505,1
2026-06-03,601012,13:32:36,13.6200,73,1
2026-06-03,601012,13:32:39,13.6200,20,1
2026-06-03,601012,13:32:42,13.6200,19,1
2026-06-03,601012,13:32:45,13.6100,144,2
2026-06-03,601012,13:32:48,13.6100,112,2
2026-06-03,601012,13:32:51,13.6100,16,2
2026-06-03,601012,13:32:54,13.6200,30,1
2026-06-03,601012,13:32:57,13.6100,230,2
2026-06-03,601012,13:33:00,13.6100,99,2
2026-06-03,601012,13:33:03,13.6100,3014,2
2026-06-03,601012,13:33:06,13.6100,35,1
2026-06-03,601012,13:33:09,13.6100,24,1
2026-06-03,601012,13:33:12,13.6100,155,1
2026-06-03,601012,13:33:15,13.6000,65,2
2026-06-03,601012,13:33:18,13.6000,265,2
2026-06-03,601012,13:33:21,13.6000,172,2
2026-06-03,601012,13:33:24,13.6000,115,2
2026-06-03,601012,13:33:27,13.6000,225,2
2026-06-03,601012,13:33:30,13.6100,478,1
2026-06-03,601012,13:33:33,13.6100,143,1
2026-06-03,601012,13:33:36,13.6000,143,2
2026-06-03,601012,13:33:39,13.6000,101,2
2026-06-03,601012,13:33:42,13.6000,24,2
2026-06-03,601012,13:33:45,13.6100,75,1
2026-06-03,601012,13:33:48,13.6000,77,2
2026-06-03,601012,13:33:51,13.6000,141,2
2026-06-03,601012,13:33:54,13.6100,52,1
2026-06-03,601012,13:33:57,13.6000,49,2
2026-06-03,601012,13:34:00,13.6000,565,2
2026-06-03,601012,13:34:03,13.6000,30,2
2026-06-03,601012,13:34:06,13.6000,166,2
2026-06-03,601012,13:34:09,13.6000,114,2
2026-06-03,601012,13:34:12,13.6000,137,2
2026-06-03,601012,13:34:15,13.6000,208,2
2026-06-03,601012,13:34:18,13.6000,324,2
2026-06-03,601012,13:34:21,13.6000,44,2
2026-06-03,601012,13:34:24,13.6100,44,1
2026-06-03,601012,13:34:27,13.6100,339,1
2026-06-03,601012,13:34:30,13.6000,52,2
2026-06-03,601012,13:34:33,13.6000,1252,2
2026-06-03,601012,13:34:36,13.6000,4411,2
2026-06-03,601012,13:34:39,13.5900,392,2
2026-06-03,601012,13:34:42,13.5900,268,2
2026-06-03,601012,13:34:45,13.6000,49,1
2026-06-03,601012,13:34:48,13.5900,89,2
2026-06-03,601012,13:34:51,13.5800,450,2
2026-06-03,601012,13:34:54,13.5900,521,2
2026-06-03,601012,13:34:57,13.5900,28,4
2026-06-03,601012,13:35:00,13.5800,18,2
2026-06-03,601012,13:35:03,13.5900,149,1
2026-06-03,601012,13:35:06,13.5800,1899,2
2026-06-03,601012,13:35:09,13.5900,95,2
2026-06-03,601012,13:35:12,13.5800,510,2
2026-06-03,601012,13:35:15,13.5900,94,1
2026-06-03,601012,13:35:18,13.5900,38,1
2026-06-03,601012,13:35:21,13.5900,10,1
2026-06-03,601012,13:35:24,13.5800,25,2
2026-06-03,601012,13:35:27,13.5900,5,1
2026-06-03,601012,13:35:30,13.5900,1766,1
2026-06-03,601012,13:35:33,13.5900,171,1
2026-06-03,601012,13:35:36,13.5800,120,2
2026-06-03,601012,13:35:39,13.5800,64,2
2026-06-03,601012,13:35:42,13.5800,102,2
2026-06-03,601012,13:35:45,13.5900,157,1
2026-06-03,601012,13:35:48,13.5800,79,2
2026-06-03,601012,13:35:51,13.5800,5,2
2026-06-03,601012,13:35:54,13.5800,79,2
2026-06-03,601012,13:35:57,13.5800,27,2
2026-06-03,601012,13:36:00,13.5800,10,2
2026-06-03,601012,13:36:03,13.5900,52,1
2026-06-03,601012,13:36:06,13.5800,353,2
2026-06-03,601012,13:36:09,13.5800,29,2
2026-06-03,601012,13:36:12,13.5800,9,2
2026-06-03,601012,13:36:15,13.5800,119,2
2026-06-03,601012,13:36:18,13.5900,36,1
2026-06-03,601012,13:36:21,13.5900,250,1
2026-06-03,601012,13:36:24,13.5800,112,2
2026-06-03,601012,13:36:27,13.5800,65,2
2026-06-03,601012,13:36:30,13.5900,38,1
2026-06-03,601012,13:36:33,13.5800,26,2
2026-06-03,601012,13:36:36,13.5800,128,2
2026-06-03,601012,13:36:39,13.5900,243,1
2026-06-03,601012,13:36:42,13.5900,12,2
2026-06-03,601012,13:36:45,13.5900,13,2
2026-06-03,601012,13:36:48,13.5900,98,2
2026-06-03,601012,13:36:51,13.6000,17,1
2026-06-03,601012,13:36:54,13.6000,3133,1
2026-06-03,601012,13:36:57,13.6000,279,4
2026-06-03,601012,13:37:00,13.6100,143,1
2026-06-03,601012,13:37:03,13.6100,87,1
2026-06-03,601012,13:37:06,13.6100,149,1
2026-06-03,601012,13:37:09,13.6100,145,1
2026-06-03,601012,13:37:12,13.6100,12,1
2026-06-03,601012,13:37:15,13.6100,147,1
2026-06-03,601012,13:37:18,13.6100,191,1
2026-06-03,601012,13:37:21,13.6100,93,2
2026-06-03,601012,13:37:24,13.6100,157,2
2026-06-03,601012,13:37:27,13.6100,90,2
2026-06-03,601012,13:37:30,13.6100,41,2
2026-06-03,601012,13:37:33,13.6200,264,1
2026-06-03,601012,13:37:36,13.6200,16,1
2026-06-03,601012,13:37:39,13.6200,30,1
2026-06-03,601012,13:37:42,13.6200,34,1
2026-06-03,601012,13:37:45,13.6100,12,2
2026-06-03,601012,13:37:48,13.6100,11,2
2026-06-03,601012,13:37:51,13.6000,228,2
2026-06-03,601012,13:37:54,13.6200,2,1
2026-06-03,601012,13:37:57,13.6200,19,1
2026-06-03,601012,13:38:00,13.6200,28,1
2026-06-03,601012,13:38:03,13.6100,393,2
2026-06-03,601012,13:38:06,13.6100,355,4
2026-06-03,601012,13:38:09,13.6100,23,1
2026-06-03,601012,13:38:12,13.6100,569,1
2026-06-03,601012,13:38:15,13.6000,231,2
2026-06-03,601012,13:38:18,13.6000,673,2
2026-06-03,601012,13:38:21,13.6000,339,1
2026-06-03,601012,13:38:24,13.6000,34,1
2026-06-03,601012,13:38:27,13.6000,82,1
2026-06-03,601012,13:38:30,13.5900,40,2
2026-06-03,601012,13:38:33,13.5900,49,2
2026-06-03,601012,13:38:36,13.5900,18,2
2026-06-03,601012,13:38:39,13.5900,4,2
2026-06-03,601012,13:38:42,13.5900,42,2
2026-06-03,601012,13:38:45,13.5900,9,2
2026-06-03,601012,13:38:48,13.5900,54,2
2026-06-03,601012,13:38:51,13.6000,334,1
2026-06-03,601012,13:38:54,13.6000,44,2
2026-06-03,601012,13:38:57,13.6000,20,2
2026-06-03,601012,13:39:00,13.6000,163,2
2026-06-03,601012,13:39:03,13.6000,95,2
2026-06-03,601012,13:39:06,13.6000,33,2
2026-06-03,601012,13:39:09,13.6000,194,2
2026-06-03,601012,13:39:12,13.6000,132,1
2026-06-03,601012,13:39:15,13.6000,39,1
2026-06-03,601012,13:39:18,13.6000,38,1
2026-06-03,601012,13:39:21,13.6000,25,1
2026-06-03,601012,13:39:24,13.6000,75,1
2026-06-03,601012,13:39:27,13.5900,61,2
2026-06-03,601012,13:39:30,13.6000,5,1
2026-06-03,601012,13:39:33,13.5900,135,2
2026-06-03,601012,13:39:36,13.6000,41,1
2026-06-03,601012,13:39:39,13.5900,332,2
2026-06-03,601012,13:39:42,13.6000,18,1
2026-06-03,601012,13:39:45,13.6000,21,1
2026-06-03,601012,13:39:48,13.6000,149,1
2026-06-03,601012,13:39:51,13.5900,107,2
2026-06-03,601012,13:39:54,13.6000,50,1
2026-06-03,601012,13:39:57,13.6000,60,1
2026-06-03,601012,13:40:00,13.6000,126,1
2026-06-03,601012,13:40:03,13.5900,52,2
2026-06-03,601012,13:40:06,13.6000,70,1
2026-06-03,601012,13:40:09,13.6000,27,1
2026-06-03,601012,13:40:12,13.6000,117,1
2026-06-03,601012,13:40:15,13.6000,1608,1
2026-06-03,601012,13:40:18,13.6000,352,1
2026-06-03,601012,13:40:21,13.6100,115,1
2026-06-03,601012,13:40:24,13.6000,15,2
2026-06-03,601012,13:40:27,13.6000,39,2
2026-06-03,601012,13:40:30,13.6100,57,1
2026-06-03,601012,13:40:33,13.6100,32,1
2026-06-03,601012,13:40:36,13.6100,43,1
2026-06-03,601012,13:40:39,13.6100,29,1
2026-06-03,601012,13:40:42,13.6000,15,2
2026-06-03,601012,13:40:45,13.6000,19,2
2026-06-03,601012,13:40:51,13.6000,204,2
2026-06-03,601012,13:40:54,13.6000,81,2
2026-06-03,601012,13:40:57,13.6000,129,2
2026-06-03,601012,13:41:00,13.6000,10,2
2026-06-03,601012,13:41:03,13.6100,26,1
2026-06-03,601012,13:41:06,13.6000,46,2
2026-06-03,601012,13:41:09,13.6100,10,1
2026-06-03,601012,13:41:12,13.6000,16,2
2026-06-03,601012,13:41:15,13.6100,51,1
2026-06-03,601012,13:41:18,13.6000,10,2
2026-06-03,601012,13:41:21,13.6000,259,2
2026-06-03,601012,13:41:24,13.6000,120,2
2026-06-03,601012,13:41:27,13.6000,46,2
2026-06-03,601012,13:41:30,13.6100,86,1
2026-06-03,601012,13:41:33,13.6000,7,2
2026-06-03,601012,13:41:36,13.6100,13,1
2026-06-03,601012,13:41:39,13.6000,85,2
2026-06-03,601012,13:41:42,13.6100,12,1
2026-06-03,601012,13:41:45,13.6000,73,2
2026-06-03,601012,13:41:48,13.6100,82,1
2026-06-03,601012,13:41:51,13.6100,167,1
2026-06-03,601012,13:41:54,13.6100,304,1
2026-06-03,601012,13:41:57,13.6100,50,1
2026-06-03,601012,13:42:03,13.6100,52,1
2026-06-03,601012,13:42:06,13.6000,1185,2
2026-06-03,601012,13:42:09,13.6000,311,1
2026-06-03,601012,13:42:12,13.6000,19,4
2026-06-03,601012,13:42:15,13.6000,12,2
2026-06-03,601012,13:42:21,13.6000,17,2
2026-06-03,601012,13:42:24,13.6000,12,2
2026-06-03,601012,13:42:27,13.6000,73,2
2026-06-03,601012,13:42:30,13.6000,128,2
2026-06-03,601012,13:42:33,13.6000,32,2
2026-06-03,601012,13:42:36,13.6000,180,2
2026-06-03,601012,13:42:39,13.6000,54,2
2026-06-03,601012,13:42:42,13.6100,266,1
2026-06-03,601012,13:42:45,13.6100,27,1
2026-06-03,601012,13:42:48,13.6000,35,2
2026-06-03,601012,13:42:51,13.6000,110,1
2026-06-03,601012,13:42:54,13.6000,72,1
2026-06-03,601012,13:42:57,13.6000,71,1
2026-06-03,601012,13:43:00,13.6000,15,1
2026-06-03,601012,13:43:03,13.5900,26,2
2026-06-03,601012,13:43:06,13.6000,46,1
2026-06-03,601012,13:43:09,13.6000,95,1
2026-06-03,601012,13:43:12,13.6000,21,1
2026-06-03,601012,13:43:15,13.5900,18,2
2026-06-03,601012,13:43:18,13.6000,119,1
2026-06-03,601012,13:43:21,13.6000,35,1
2026-06-03,601012,13:43:24,13.6000,17,1
2026-06-03,601012,13:43:27,13.6000,50,1
2026-06-03,601012,13:43:30,13.6000,50,1
2026-06-03,601012,13:43:33,13.6000,31,1
2026-06-03,601012,13:43:36,13.5900,9,2
2026-06-03,601012,13:43:39,13.6000,3,1
2026-06-03,601012,13:43:42,13.6000,125,1
2026-06-03,601012,13:43:45,13.5900,17,2
2026-06-03,601012,13:43:48,13.6000,50,1
2026-06-03,601012,13:43:51,13.6000,381,1
2026-06-03,601012,13:43:54,13.6000,176,2
2026-06-03,601012,13:43:57,13.6000,74,2
2026-06-03,601012,13:44:00,13.6100,7,1
2026-06-03,601012,13:44:03,13.6000,89,2
2026-06-03,601012,13:44:06,13.6000,12,2
2026-06-03,601012,13:44:09,13.6000,40,2
2026-06-03,601012,13:44:12,13.6000,60,2
2026-06-03,601012,13:44:15,13.6000,18,2
2026-06-03,601012,13:44:18,13.6100,46,1
2026-06-03,601012,13:44:21,13.6000,70,2
2026-06-03,601012,13:44:24,13.6000,27,2
2026-06-03,601012,13:44:27,13.6100,9,1
2026-06-03,601012,13:44:30,13.6000,32,2
2026-06-03,601012,13:44:33,13.6000,45,2
2026-06-03,601012,13:44:36,13.6100,798,1
2026-06-03,601012,13:44:39,13.6100,143,1
2026-06-03,601012,13:44:42,13.6000,37,2
2026-06-03,601012,13:44:45,13.6100,87,1
2026-06-03,601012,13:44:48,13.6000,20,2
2026-06-03,601012,13:44:51,13.6100,4,1
2026-06-03,601012,13:44:54,13.6100,63,1
2026-06-03,601012,13:44:57,13.6100,13,1
2026-06-03,601012,13:45:00,13.6100,560,1
2026-06-03,601012,13:45:03,13.6000,316,2
2026-06-03,601012,13:45:06,13.6000,628,1
2026-06-03,601012,13:45:09,13.6000,154,2
2026-06-03,601012,13:45:12,13.6000,58,2
2026-06-03,601012,13:45:15,13.6000,79,2
2026-06-03,601012,13:45:18,13.6100,15,1
2026-06-03,601012,13:45:21,13.6100,40,1
2026-06-03,601012,13:45:24,13.6000,95,2
2026-06-03,601012,13:45:27,13.6100,4,1
2026-06-03,601012,13:45:30,13.6000,981,2
2026-06-03,601012,13:45:33,13.6100,4,2
2026-06-03,601012,13:45:36,13.6100,18,2
2026-06-03,601012,13:45:39,13.6100,54,2
2026-06-03,601012,13:45:42,13.6100,54,2
2026-06-03,601012,13:45:45,13.6100,83,2
2026-06-03,601012,13:45:48,13.6100,165,2
2026-06-03,601012,13:45:51,13.6100,149,1
2026-06-03,601012,13:45:54,13.6200,32,1
2026-06-03,601012,13:45:57,13.6200,477,1
2026-06-03,601012,13:46:00,13.6200,14,1
2026-06-03,601012,13:46:03,13.6100,30,2
2026-06-03,601012,13:46:06,13.6100,27,2
2026-06-03,601012,13:46:09,13.6100,44,2
2026-06-03,601012,13:46:12,13.6100,18,1
2026-06-03,601012,13:46:15,13.6100,33,1
2026-06-03,601012,13:46:18,13.6100,26,1
2026-06-03,601012,13:46:21,13.6000,16,2
2026-06-03,601012,13:46:24,13.6100,21,1
2026-06-03,601012,13:46:27,13.6100,63,1
2026-06-03,601012,13:46:30,13.6100,19,1
2026-06-03,601012,13:46:33,13.6100,27,2
2026-06-03,601012,13:46:36,13.6100,15,1
2026-06-03,601012,13:46:39,13.6100,1365,1
2026-06-03,601012,13:46:42,13.6000,362,2
2026-06-03,601012,13:46:45,13.6100,15,4
2026-06-03,601012,13:46:48,13.6000,47,2
2026-06-03,601012,13:46:51,13.6000,75,2
2026-06-03,601012,13:46:54,13.6100,4,1
2026-06-03,601012,13:46:57,13.6000,17,2
2026-06-03,601012,13:47:00,13.6100,600,1
2026-06-03,601012,13:47:03,13.6100,22,2
2026-06-03,601012,13:47:06,13.6100,33,2
2026-06-03,601012,13:47:09,13.6200,37,1
2026-06-03,601012,13:47:12,13.6400,6212,1
2026-06-03,601012,13:47:15,13.6400,1494,1
2026-06-03,601012,13:47:18,13.6400,532,2
2026-06-03,601012,13:47:21,13.6400,88,2
2026-06-03,601012,13:47:24,13.6500,72,1
2026-06-03,601012,13:47:27,13.6500,156,1
2026-06-03,601012,13:47:30,13.6500,28,1
2026-06-03,601012,13:47:33,13.6500,217,1
2026-06-03,601012,13:47:36,13.6500,147,1
2026-06-03,601012,13:47:39,13.6500,117,1
2026-06-03,601012,13:47:42,13.6400,14,4
2026-06-03,601012,13:47:45,13.6400,359,1
2026-06-03,601012,13:47:48,13.6400,118,1
2026-06-03,601012,13:47:51,13.6400,113,1
2026-06-03,601012,13:47:54,13.6400,110,2
2026-06-03,601012,13:47:57,13.6400,137,1
2026-06-03,601012,13:48:00,13.6400,59,2
2026-06-03,601012,13:48:03,13.6400,190,2
2026-06-03,601012,13:48:06,13.6400,120,2
2026-06-03,601012,13:48:09,13.6400,110,2
2026-06-03,601012,13:48:12,13.6400,104,1
2026-06-03,601012,13:48:15,13.6200,813,2
2026-06-03,601012,13:48:18,13.6400,1,1
2026-06-03,601012,13:48:24,13.6300,1,2
2026-06-03,601012,13:48:27,13.6400,12,1
2026-06-03,601012,13:48:30,13.6300,1,2
2026-06-03,601012,13:48:36,13.6500,3275,1
2026-06-03,601012,13:48:39,13.6300,161,2
2026-06-03,601012,13:48:42,13.6400,17,1
2026-06-03,601012,13:48:45,13.6400,57,2
2026-06-03,601012,13:48:48,13.6400,7,2
2026-06-03,601012,13:48:51,13.6400,164,2
2026-06-03,601012,13:48:54,13.6400,118,2
2026-06-03,601012,13:48:57,13.6400,249,2
2026-06-03,601012,13:49:00,13.6400,11,2
2026-06-03,601012,13:49:03,13.6400,18,2
2026-06-03,601012,13:49:06,13.6400,48,2
2026-06-03,601012,13:49:09,13.6400,40,2
2026-06-03,601012,13:49:12,13.6400,47,1
2026-06-03,601012,13:49:15,13.6400,101,1
2026-06-03,601012,13:49:18,13.6400,20,1
2026-06-03,601012,13:49:21,13.6400,12,1
2026-06-03,601012,13:49:24,13.6400,64,1
2026-06-03,601012,13:49:27,13.6400,66,1
2026-06-03,601012,13:49:30,13.6400,185,1
2026-06-03,601012,13:49:33,13.6400,3,1
2026-06-03,601012,13:49:36,13.6400,74,1
2026-06-03,601012,13:49:39,13.6400,56,1
2026-06-03,601012,13:49:42,13.6300,110,2
2026-06-03,601012,13:49:45,13.6300,24,2
2026-06-03,601012,13:49:48,13.6300,17,2
2026-06-03,601012,13:49:51,13.6300,161,2
2026-06-03,601012,13:49:54,13.6300,119,2
2026-06-03,601012,13:49:57,13.6400,60,1
2026-06-03,601012,13:50:00,13.6300,57,2
2026-06-03,601012,13:50:03,13.6300,100,2
2026-06-03,601012,13:50:06,13.6400,443,1
2026-06-03,601012,13:50:09,13.6300,134,2
2026-06-03,601012,13:50:12,13.6300,200,2
2026-06-03,601012,13:50:15,13.6300,10,2
2026-06-03,601012,13:50:18,13.6300,80,2
2026-06-03,601012,13:50:21,13.6300,52,2
2026-06-03,601012,13:50:24,13.6300,22,2
2026-06-03,601012,13:50:27,13.6300,128,2
2026-06-03,601012,13:50:30,13.6300,27,1
2026-06-03,601012,13:50:36,13.6200,69,2
2026-06-03,601012,13:50:39,13.6200,34,2
2026-06-03,601012,13:50:42,13.6300,32,1
2026-06-03,601012,13:50:45,13.6200,9,2
2026-06-03,601012,13:50:48,13.6200,110,2
2026-06-03,601012,13:50:51,13.6300,1,1
2026-06-03,601012,13:50:54,13.6300,73,1
2026-06-03,601012,13:50:57,13.6300,277,1
2026-06-03,601012,13:51:00,13.6200,50,2
2026-06-03,601012,13:51:03,13.6200,2,2
2026-06-03,601012,13:51:06,13.6200,7,2
2026-06-03,601012,13:51:09,13.6300,41,1
2026-06-03,601012,13:51:12,13.6200,16,2
2026-06-03,601012,13:51:15,13.6200,240,2
2026-06-03,601012,13:51:18,13.6200,4,1
2026-06-03,601012,13:51:21,13.6200,19,1
2026-06-03,601012,13:51:24,13.6200,30,1
2026-06-03,601012,13:51:27,13.6200,19,1
2026-06-03,601012,13:51:30,13.6200,12,1
2026-06-03,601012,13:51:33,13.6200,48,1
2026-06-03,601012,13:51:36,13.6100,189,2
2026-06-03,601012,13:51:39,13.6200,35,1
2026-06-03,601012,13:51:42,13.6200,12,1
2026-06-03,601012,13:51:45,13.6100,3,2
2026-06-03,601012,13:51:48,13.6200,11,1
2026-06-03,601012,13:51:51,13.6100,2,2
2026-06-03,601012,13:51:54,13.6200,1,1
2026-06-03,601012,13:51:57,13.6100,22,2
2026-06-03,601012,13:52:00,13.6100,92,2
2026-06-03,601012,13:52:03,13.6100,135,2
2026-06-03,601012,13:52:06,13.6200,60,1
2026-06-03,601012,13:52:09,13.6100,79,2
2026-06-03,601012,13:52:12,13.6100,40,2
2026-06-03,601012,13:52:15,13.6100,232,2
2026-06-03,601012,13:52:18,13.6100,33,2
2026-06-03,601012,13:52:21,13.6100,93,2
2026-06-03,601012,13:52:24,13.6100,70,2
2026-06-03,601012,13:52:27,13.6100,79,2
2026-06-03,601012,13:52:30,13.6200,13,1
2026-06-03,601012,13:52:33,13.6200,3,1
2026-06-03,601012,13:52:36,13.6200,155,1
2026-06-03,601012,13:52:39,13.6200,3,1
2026-06-03,601012,13:52:42,13.6100,18,2
2026-06-03,601012,13:52:45,13.6100,425,2
2026-06-03,601012,13:52:48,13.6100,34,2
2026-06-03,601012,13:52:51,13.6100,18,2
2026-06-03,601012,13:52:54,13.6100,117,2
2026-06-03,601012,13:52:57,13.6100,2,1
2026-06-03,601012,13:53:00,13.6100,36,1
2026-06-03,601012,13:53:03,13.6000,82,2
2026-06-03,601012,13:53:06,13.6000,94,2
2026-06-03,601012,13:53:09,13.6000,78,2
2026-06-03,601012,13:53:12,13.6100,233,1
2026-06-03,601012,13:53:15,13.6000,18,2
2026-06-03,601012,13:53:18,13.6100,47,1
2026-06-03,601012,13:53:21,13.6000,46,2
2026-06-03,601012,13:53:24,13.6000,10,2
2026-06-03,601012,13:53:27,13.6100,9,1
2026-06-03,601012,13:53:30,13.6000,12,2
2026-06-03,601012,13:53:33,13.6000,35,2
2026-06-03,601012,13:53:36,13.6000,8,2
2026-06-03,601012,13:53:39,13.6000,660,2
2026-06-03,601012,13:53:42,13.6000,62,2
2026-06-03,601012,13:53:45,13.6000,22,2
2026-06-03,601012,13:53:48,13.6100,778,1
2026-06-03,601012,13:53:51,13.6000,158,2
2026-06-03,601012,13:53:54,13.6000,175,2
2026-06-03,601012,13:53:57,13.6100,41,1
2026-06-03,601012,13:54:00,13.6000,567,2
2026-06-03,601012,13:54:03,13.6000,67,2
2026-06-03,601012,13:54:06,13.6000,102,2
2026-06-03,601012,13:54:09,13.5900,57,2
2026-06-03,601012,13:54:12,13.5900,46,2
2026-06-03,601012,13:54:15,13.5900,64,2
2026-06-03,601012,13:54:18,13.5900,4,2
2026-06-03,601012,13:54:21,13.5900,179,2
2026-06-03,601012,13:54:24,13.5900,32,2
2026-06-03,601012,13:54:27,13.6000,24,1
2026-06-03,601012,13:54:30,13.5900,135,2
2026-06-03,601012,13:54:33,13.5900,5,2
2026-06-03,601012,13:54:36,13.6000,42,1
2026-06-03,601012,13:54:39,13.5900,144,2
2026-06-03,601012,13:54:42,13.6000,73,1
2026-06-03,601012,13:54:45,13.5900,170,2
2026-06-03,601012,13:54:48,13.6000,38,1
2026-06-03,601012,13:54:51,13.5900,62,2
2026-06-03,601012,13:54:54,13.6000,17,1
2026-06-03,601012,13:54:57,13.5900,277,2
2026-06-03,601012,13:55:00,13.5900,103,2
2026-06-03,601012,13:55:03,13.5900,29,2
2026-06-03,601012,13:55:06,13.5900,11,2
2026-06-03,601012,13:55:09,13.6000,31,1
2026-06-03,601012,13:55:12,13.5900,1404,2
2026-06-03,601012,13:55:15,13.5900,58,1
2026-06-03,601012,13:55:18,13.5900,139,1
2026-06-03,601012,13:55:21,13.5800,38,2
2026-06-03,601012,13:55:24,13.5900,65,1
2026-06-03,601012,13:55:27,13.5900,141,1
2026-06-03,601012,13:55:30,13.5800,221,2
2026-06-03,601012,13:55:33,13.5900,5,1
2026-06-03,601012,13:55:36,13.5800,13,2
2026-06-03,601012,13:55:39,13.5800,29,2
2026-06-03,601012,13:55:42,13.5800,73,2
2026-06-03,601012,13:55:45,13.5800,144,2
2026-06-03,601012,13:55:48,13.5900,78,1
2026-06-03,601012,13:55:51,13.5900,208,1
2026-06-03,601012,13:55:54,13.5900,25,1
2026-06-03,601012,13:55:57,13.5900,42,1
2026-06-03,601012,13:56:00,13.5900,119,1
2026-06-03,601012,13:56:03,13.5800,6,2
2026-06-03,601012,13:56:06,13.5900,67,1
2026-06-03,601012,13:56:09,13.5800,24,2
2026-06-03,601012,13:56:12,13.5900,321,1
2026-06-03,601012,13:56:15,13.5900,39,1
2026-06-03,601012,13:56:18,13.5800,66,2
2026-06-03,601012,13:56:21,13.5900,8,1
2026-06-03,601012,13:56:24,13.5900,65,1
2026-06-03,601012,13:56:27,13.5900,36,1
2026-06-03,601012,13:56:30,13.5900,37,1
2026-06-03,601012,13:56:33,13.5900,110,1
2026-06-03,601012,13:56:36,13.5800,736,2
2026-06-03,601012,13:56:39,13.5900,149,1
2026-06-03,601012,13:56:42,13.5800,31,2
2026-06-03,601012,13:56:45,13.5900,39,1
2026-06-03,601012,13:56:48,13.5900,15,1
2026-06-03,601012,13:56:51,13.5800,38,2
2026-06-03,601012,13:56:54,13.5900,56,1
2026-06-03,601012,13:56:57,13.5900,13,1
2026-06-03,601012,13:57:00,13.5800,234,2
2026-06-03,601012,13:57:03,13.5800,40,2
2026-06-03,601012,13:57:06,13.5900,96,1
2026-06-03,601012,13:57:09,13.5800,89,2
2026-06-03,601012,13:57:12,13.5900,25,1
2026-06-03,601012,13:57:15,13.5800,90,2
2026-06-03,601012,13:57:18,13.5800,205,2
2026-06-03,601012,13:57:21,13.5800,314,2
2026-06-03,601012,13:57:24,13.5800,14,2
2026-06-03,601012,13:57:27,13.5800,68,2
2026-06-03,601012,13:57:30,13.5800,30,2
2026-06-03,601012,13:57:33,13.5800,2228,2
2026-06-03,601012,13:57:36,13.5800,49,1
2026-06-03,601012,13:57:39,13.5800,257,1
2026-06-03,601012,13:57:42,13.5800,130,1
2026-06-03,601012,13:57:45,13.5800,136,1
2026-06-03,601012,13:57:48,13.5800,293,1
2026-06-03,601012,13:57:51,13.5800,67,1
2026-06-03,601012,13:57:54,13.5800,65,1
2026-06-03,601012,13:57:57,13.5800,31,1
2026-06-03,601012,13:58:00,13.5800,36,1
2026-06-03,601012,13:58:03,13.5800,32,1
2026-06-03,601012,13:58:06,13.5800,24,1
2026-06-03,601012,13:58:09,13.5700,6,2
2026-06-03,601012,13:58:12,13.5800,134,1
2026-06-03,601012,13:58:15,13.5800,40,1
2026-06-03,601012,13:58:18,13.5800,1195,1
2026-06-03,601012,13:58:21,13.5800,29,1
2026-06-03,601012,13:58:24,13.5800,49,1
2026-06-03,601012,13:58:27,13.5700,120,2
2026-06-03,601012,13:58:30,13.5800,23,1
2026-06-03,601012,13:58:33,13.5700,21,2
2026-06-03,601012,13:58:36,13.5800,41,1
2026-06-03,601012,13:58:39,13.5600,3535,2
2026-06-03,601012,13:58:42,13.5700,22,1
2026-06-03,601012,13:58:45,13.5600,103,2
2026-06-03,601012,13:58:48,13.5600,41,2
2026-06-03,601012,13:58:51,13.5600,117,2
2026-06-03,601012,13:58:54,13.5600,44,2
2026-06-03,601012,13:58:57,13.5700,428,1
2026-06-03,601012,13:59:00,13.5600,116,2
2026-06-03,601012,13:59:03,13.5700,223,1
2026-06-03,601012,13:59:06,13.5700,611,1
2026-06-03,601012,13:59:09,13.5600,90,2
2026-06-03,601012,13:59:12,13.5600,204,2
2026-06-03,601012,13:59:15,13.5700,52,1
2026-06-03,601012,13:59:18,13.5700,59,1
2026-06-03,601012,13:59:21,13.5600,174,2
2026-06-03,601012,13:59:24,13.5600,32,2
2026-06-03,601012,13:59:27,13.5700,18,1
2026-06-03,601012,13:59:30,13.5600,119,2
2026-06-03,601012,13:59:33,13.5700,65,1
2026-06-03,601012,13:59:36,13.5600,111,2
2026-06-03,601012,13:59:39,13.5600,172,2
2026-06-03,601012,13:59:42,13.5600,209,2
2026-06-03,601012,13:59:45,13.5600,167,1
2026-06-03,601012,13:59:48,13.5700,32,1
2026-06-03,601012,13:59:51,13.5600,158,2
2026-06-03,601012,13:59:54,13.5700,48,1
2026-06-03,601012,13:59:57,13.5700,323,1
2026-06-03,601012,14:00:00,13.5600,634,2
2026-06-03,601012,14:00:03,13.5600,376,2
2026-06-03,601012,14:00:06,13.5600,24,2
2026-06-03,601012,14:00:09,13.5700,320,1
2026-06-03,601012,14:00:12,13.5700,714,2
2026-06-03,601012,14:00:15,13.5700,69,2
2026-06-03,601012,14:00:18,13.5800,275,1
2026-06-03,601012,14:00:21,13.5800,352,1
2026-06-03,601012,14:00:24,13.5800,34,2
2026-06-03,601012,14:00:27,13.5800,53,2
2026-06-03,601012,14:00:30,13.5800,198,2
2026-06-03,601012,14:00:33,13.5900,28,1
2026-06-03,601012,14:00:36,13.5900,91,1
2026-06-03,601012,14:00:39,13.5900,8,1
2026-06-03,601012,14:00:42,13.5600,1319,2
2026-06-03,601012,14:00:45,13.5800,66,1
2026-06-03,601012,14:00:48,13.5800,9,2
2026-06-03,601012,14:00:51,13.5800,28,2
2026-06-03,601012,14:00:54,13.5800,36,2
2026-06-03,601012,14:00:57,13.5800,104,2
2026-06-03,601012,14:01:00,13.5900,246,1
2026-06-03,601012,14:01:03,13.5800,84,2
2026-06-03,601012,14:01:06,13.5800,50,2
2026-06-03,601012,14:01:09,13.5800,157,2
2026-06-03,601012,14:01:12,13.5800,30,2
2026-06-03,601012,14:01:15,13.5800,184,2
2026-06-03,601012,14:01:18,13.5700,61,2
2026-06-03,601012,14:01:21,13.5800,39,1
2026-06-03,601012,14:01:24,13.5800,139,1
2026-06-03,601012,14:01:27,13.5800,44,1
2026-06-03,601012,14:01:30,13.5800,23,1
2026-06-03,601012,14:01:33,13.5800,192,1
2026-06-03,601012,14:01:36,13.5700,69,2
2026-06-03,601012,14:01:39,13.5800,35,1
2026-06-03,601012,14:01:42,13.5700,111,2
2026-06-03,601012,14:01:45,13.5800,85,1
2026-06-03,601012,14:01:48,13.5800,29,1
2026-06-03,601012,14:01:51,13.5800,165,1
2026-06-03,601012,14:01:54,13.5700,199,2
2026-06-03,601012,14:01:57,13.5800,138,1
2026-06-03,601012,14:02:00,13.5700,115,2
2026-06-03,601012,14:02:03,13.5800,35,1
2026-06-03,601012,14:02:06,13.5700,541,2
2026-06-03,601012,14:02:09,13.5800,259,1
2026-06-03,601012,14:02:12,13.5700,245,2
2026-06-03,601012,14:02:15,13.5700,328,2
2026-06-03,601012,14:02:18,13.5800,13,1
2026-06-03,601012,14:02:21,13.5700,16,2
2026-06-03,601012,14:02:24,13.5700,23,2
2026-06-03,601012,14:02:27,13.5700,237,2
2026-06-03,601012,14:02:30,13.5700,408,2
2026-06-03,601012,14:02:33,13.5800,21,1
2026-06-03,601012,14:02:36,13.5700,47,2
2026-06-03,601012,14:02:39,13.5700,111,2
2026-06-03,601012,14:02:42,13.5700,62,2
2026-06-03,601012,14:02:45,13.5800,22,1
2026-06-03,601012,14:02:48,13.5700,20,2
2026-06-03,601012,14:02:51,13.5700,81,2
2026-06-03,601012,14:02:54,13.5700,74,2
2026-06-03,601012,14:02:57,13.5900,1251,1
2026-06-03,601012,14:03:00,13.5800,30,2
2026-06-03,601012,14:03:03,13.5900,23,1
2026-06-03,601012,14:03:06,13.5900,18,1
2026-06-03,601012,14:03:09,13.5900,5,1
2026-06-03,601012,14:03:12,13.5900,69,1
2026-06-03,601012,14:03:15,13.5800,166,2
2026-06-03,601012,14:03:18,13.5800,74,2
2026-06-03,601012,14:03:21,13.5900,23,1
2026-06-03,601012,14:03:24,13.5900,953,1
2026-06-03,601012,14:03:27,13.5900,5,2
2026-06-03,601012,14:03:33,13.5900,27,2
2026-06-03,601012,14:03:36,13.6000,26,1
2026-06-03,601012,14:03:39,13.5900,22,2
2026-06-03,601012,14:03:42,13.6000,15,1
2026-06-03,601012,14:03:45,13.6000,26,1
2026-06-03,601012,14:03:48,13.6000,91,1
2026-06-03,601012,14:03:51,13.6000,29,1
2026-06-03,601012,14:03:54,13.6000,99,1
2026-06-03,601012,14:03:57,13.5900,114,2
2026-06-03,601012,14:04:00,13.5900,88,2
2026-06-03,601012,14:04:03,13.5900,110,2
2026-06-03,601012,14:04:06,13.6000,152,1
2026-06-03,601012,14:04:09,13.5900,58,2
2026-06-03,601012,14:04:12,13.5900,194,2
2026-06-03,601012,14:04:15,13.5900,212,2
2026-06-03,601012,14:04:18,13.5900,668,2
2026-06-03,601012,14:04:21,13.5900,20,2
2026-06-03,601012,14:04:24,13.5900,16,2
2026-06-03,601012,14:04:27,13.6000,169,1
2026-06-03,601012,14:04:30,13.5900,135,2
2026-06-03,601012,14:04:33,13.5900,314,2
2026-06-03,601012,14:04:36,13.6000,27,1
2026-06-03,601012,14:04:39,13.5900,126,2
2026-06-03,601012,14:04:42,13.6000,69,1
2026-06-03,601012,14:04:45,13.5900,52,2
2026-06-03,601012,14:04:48,13.5900,99,2
2026-06-03,601012,14:04:51,13.5900,31,2
2026-06-03,601012,14:04:54,13.5800,504,2
2026-06-03,601012,14:04:57,13.5900,128,1
2026-06-03,601012,14:05:00,13.5900,83,1
2026-06-03,601012,14:05:03,13.5900,13,2
2026-06-03,601012,14:05:06,13.6000,56,1
2026-06-03,601012,14:05:09,13.5800,190,2
2026-06-03,601012,14:05:12,13.5900,17,1
2026-06-03,601012,14:05:15,13.5800,54,2
2026-06-03,601012,14:05:18,13.5900,30,1
2026-06-03,601012,14:05:21,13.5900,34,1
2026-06-03,601012,14:05:24,13.5900,4,1
2026-06-03,601012,14:05:27,13.5800,9,2
2026-06-03,601012,14:05:30,13.5800,27,2
2026-06-03,601012,14:05:33,13.5800,130,2
2026-06-03,601012,14:05:36,13.5900,9,1
2026-06-03,601012,14:05:39,13.5800,155,2
2026-06-03,601012,14:05:42,13.5900,14,1
2026-06-03,601012,14:05:45,13.5900,94,1
2026-06-03,601012,14:05:48,13.5900,524,1
2026-06-03,601012,14:05:51,13.5900,67,1
2026-06-03,601012,14:05:54,13.5800,287,2
2026-06-03,601012,14:05:57,13.5900,36,1
2026-06-03,601012,14:06:00,13.5900,295,1
2026-06-03,601012,14:06:03,13.5700,996,2
2026-06-03,601012,14:06:06,13.5700,617,2
2026-06-03,601012,14:06:09,13.5700,93,2
2026-06-03,601012,14:06:12,13.5700,320,2
2026-06-03,601012,14:06:15,13.5700,69,2
2026-06-03,601012,14:06:18,13.5800,56,1
2026-06-03,601012,14:06:21,13.5700,8,2
2026-06-03,601012,14:06:24,13.5800,96,1
2026-06-03,601012,14:06:27,13.5700,29,2
2026-06-03,601012,14:06:30,13.5700,222,2
2026-06-03,601012,14:06:33,13.5700,700,1
2026-06-03,601012,14:06:36,13.5700,24,1
2026-06-03,601012,14:06:39,13.5700,68,1
2026-06-03,601012,14:06:42,13.5700,69,1
2026-06-03,601012,14:06:45,13.5700,48,1
2026-06-03,601012,14:06:48,13.5600,42,2
2026-06-03,601012,14:06:51,13.5700,44,1
2026-06-03,601012,14:06:54,13.5600,72,2
2026-06-03,601012,14:06:57,13.5600,1766,2
2026-06-03,601012,14:07:00,13.5500,84,2
2026-06-03,601012,10:55:36,13.7000,46,2
2026-06-03,601012,10:55:39,13.7100,4,1
2026-06-03,601012,10:55:42,13.7000,213,2
2026-06-03,601012,10:55:45,13.7000,14,2
2026-06-03,601012,10:55:48,13.7000,53,2
2026-06-03,601012,10:55:51,13.7100,37,1
2026-06-03,601012,10:55:54,13.7000,28,2
2026-06-03,601012,10:55:57,13.7000,42,2
2026-06-03,601012,10:56:00,13.7000,43,2
2026-06-03,601012,10:56:03,13.7000,30,2
2026-06-03,601012,10:56:06,13.7000,35,2
2026-06-03,601012,10:56:09,13.7100,32,1
2026-06-03,601012,10:56:12,13.7000,63,2
2026-06-03,601012,10:56:15,13.7000,1067,2
2026-06-03,601012,10:56:18,13.7000,1358,2
2026-06-03,601012,10:56:21,13.7000,2620,2
2026-06-03,601012,10:56:24,13.6900,3326,2
2026-06-03,601012,10:56:27,13.6900,12,2
2026-06-03,601012,10:56:30,13.6900,233,2
2026-06-03,601012,10:56:33,13.6900,44,2
2026-06-03,601012,10:56:36,13.7000,76,1
2026-06-03,601012,10:56:39,13.6900,340,2
2026-06-03,601012,10:56:42,13.7000,129,1
2026-06-03,601012,10:56:45,13.7000,42,1
2026-06-03,601012,10:56:48,13.7000,10,1
2026-06-03,601012,10:56:51,13.7000,82,1
2026-06-03,601012,10:56:54,13.7000,113,1
2026-06-03,601012,10:56:57,13.6900,43,2
2026-06-03,601012,10:57:00,13.6900,72,2
2026-06-03,601012,10:57:03,13.6900,64,2
2026-06-03,601012,10:57:06,13.6900,164,2
2026-06-03,601012,10:57:09,13.6800,106,2
2026-06-03,601012,10:57:12,13.6800,87,2
2026-06-03,601012,10:57:15,13.6900,41,1
2026-06-03,601012,10:57:18,13.6800,12,2
2026-06-03,601012,10:57:21,13.6800,52,2
2026-06-03,601012,10:57:24,13.6800,276,2
2026-06-03,601012,10:57:27,13.6800,185,2
2026-06-03,601012,10:57:30,13.6800,120,2
2026-06-03,601012,10:57:33,13.6800,66,2
2026-06-03,601012,10:57:36,13.6900,502,1
2026-06-03,601012,10:57:39,13.6900,137,1
2026-06-03,601012,10:57:42,13.6800,40,2
2026-06-03,601012,10:57:45,13.6800,48,2
2026-06-03,601012,10:57:48,13.6800,29,2
2026-06-03,601012,10:57:51,13.6800,43,2
2026-06-03,601012,10:57:54,13.6900,210,1
2026-06-03,601012,10:57:57,13.6800,67,2
2026-06-03,601012,10:58:00,13.6800,34,2
2026-06-03,601012,10:58:03,13.6800,137,2
2026-06-03,601012,10:58:06,13.6900,608,1
2026-06-03,601012,10:58:09,13.6900,148,2
2026-06-03,601012,10:58:12,13.6900,72,1
2026-06-03,601012,10:58:15,13.6800,46,2
2026-06-03,601012,10:58:18,13.6900,253,1
2026-06-03,601012,10:58:21,13.6900,63,1
2026-06-03,601012,10:58:24,13.6800,39,2
2026-06-03,601012,10:58:30,13.6800,66,2
2026-06-03,601012,10:58:33,13.6900,38,1
2026-06-03,601012,10:58:36,13.6800,40,2
2026-06-03,601012,10:58:39,13.6900,9,1
2026-06-03,601012,10:58:42,13.6800,65,2
2026-06-03,601012,10:58:45,13.6900,145,1
2026-06-03,601012,10:58:48,13.6800,95,2
2026-06-03,601012,10:58:54,13.6900,88,1
2026-06-03,601012,10:58:57,13.6900,15,1
2026-06-03,601012,10:59:00,13.6900,13,1
2026-06-03,601012,10:59:03,13.6900,148,1
2026-06-03,601012,10:59:06,13.6900,192,1
2026-06-03,601012,10:59:09,13.6900,116,1
2026-06-03,601012,10:59:12,13.6900,200,1
2026-06-03,601012,10:59:15,13.6900,76,1
2026-06-03,601012,10:59:18,13.6800,11,2
2026-06-03,601012,10:59:21,13.6900,19,1
2026-06-03,601012,10:59:24,13.6900,88,1
2026-06-03,601012,10:59:27,13.6800,106,2
2026-06-03,601012,10:59:30,13.6900,49,1
2026-06-03,601012,10:59:33,13.6800,256,2
2026-06-03,601012,10:59:36,13.6800,128,2
2026-06-03,601012,10:59:39,13.6800,52,2
2026-06-03,601012,10:59:42,13.6800,121,2
2026-06-03,601012,10:59:45,13.6800,89,2
2026-06-03,601012,10:59:48,13.6900,59,1
2026-06-03,601012,10:59:51,13.6800,46,2
2026-06-03,601012,10:59:54,13.6900,22,1
2026-06-03,601012,10:59:57,13.6900,47,1
2026-06-03,601012,11:00:00,13.6900,61,1
2026-06-03,601012,11:00:03,13.6900,80,1
2026-06-03,601012,11:00:06,13.6900,47,1
2026-06-03,601012,11:00:09,13.6800,129,2
2026-06-03,601012,11:00:12,13.6800,23,2
2026-06-03,601012,11:00:15,13.6900,125,1
2026-06-03,601012,11:00:18,13.6900,50,1
2026-06-03,601012,11:00:21,13.6800,404,2
2026-06-03,601012,11:00:24,13.6900,8,1
2026-06-03,601012,11:00:27,13.6900,94,1
2026-06-03,601012,11:00:30,13.6900,2484,1
2026-06-03,601012,11:00:33,13.6900,262,2
2026-06-03,601012,11:00:36,13.7000,30,1
2026-06-03,601012,11:00:39,13.7000,58,1
2026-06-03,601012,11:00:42,13.6900,28,2
2026-06-03,601012,11:00:45,13.6900,72,2
2026-06-03,601012,11:00:48,13.6900,118,2
2026-06-03,601012,11:00:51,13.7000,58,1
2026-06-03,601012,11:00:54,13.6900,201,2
2026-06-03,601012,11:00:57,13.6900,86,2
2026-06-03,601012,11:01:00,13.7000,132,1
2026-06-03,601012,11:01:03,13.7000,242,1
2026-06-03,601012,11:01:06,13.7000,844,1
2026-06-03,601012,11:01:09,13.7000,22,2
2026-06-03,601012,11:01:12,13.7000,87,2
2026-06-03,601012,11:01:15,13.7000,25,2
2026-06-03,601012,11:01:18,13.7100,47,1
2026-06-03,601012,11:01:21,13.7200,435,1
2026-06-03,601012,11:01:24,13.7100,19,2
2026-06-03,601012,11:01:27,13.7200,47,1
2026-06-03,601012,11:01:30,13.7200,21,1
2026-06-03,601012,11:01:33,13.7300,5,1
2026-06-03,601012,11:01:36,13.7300,88,1
2026-06-03,601012,11:01:39,13.7200,53,2
2026-06-03,601012,11:01:42,13.7200,36,1
2026-06-03,601012,11:01:45,13.7200,125,1
2026-06-03,601012,11:01:48,13.7100,280,2
2026-06-03,601012,11:01:51,13.7100,158,1
2026-06-03,601012,11:01:54,13.7000,22,2
2026-06-03,601012,11:01:57,13.7100,35,1
2026-06-03,601012,11:02:00,13.7100,52,1
2026-06-03,601012,11:02:03,13.7100,602,1
2026-06-03,601012,11:02:06,13.7000,1039,2
2026-06-03,601012,11:02:09,13.7100,29,1
2026-06-03,601012,11:02:12,13.7000,154,2
2026-06-03,601012,11:02:15,13.7000,96,2
2026-06-03,601012,11:02:18,13.7000,12,2
2026-06-03,601012,11:02:21,13.7100,5,1
2026-06-03,601012,11:02:24,13.7100,55,1
2026-06-03,601012,11:02:27,13.7000,62,2
2026-06-03,601012,11:02:30,13.7000,413,2
2026-06-03,601012,11:02:33,13.7100,18,1
2026-06-03,601012,11:02:36,13.7100,24,1
2026-06-03,601012,11:02:39,13.7000,52,2
2026-06-03,601012,11:02:42,13.7000,46,2
2026-06-03,601012,11:02:45,13.7000,18,2
2026-06-03,601012,11:02:48,13.7100,32,1
2026-06-03,601012,11:02:51,13.7000,40,2
2026-06-03,601012,11:02:54,13.7000,173,2
2026-06-03,601012,11:02:57,13.7100,34,1
2026-06-03,601012,11:03:00,13.7100,3,1
2026-06-03,601012,11:03:03,13.7000,104,2
2026-06-03,601012,11:03:06,13.7000,609,2
2026-06-03,601012,11:03:09,13.7100,221,1
2026-06-03,601012,11:03:12,13.7000,22,2
2026-06-03,601012,11:03:15,13.7100,229,1
2026-06-03,601012,11:03:18,13.7000,69,2
2026-06-03,601012,11:03:21,13.7000,37,1
2026-06-03,601012,11:03:24,13.7000,115,1
2026-06-03,601012,11:03:27,13.6900,30,2
2026-06-03,601012,11:03:30,13.7000,737,1
2026-06-03,601012,11:03:33,13.7000,82,1
2026-06-03,601012,11:03:36,13.7000,86,1
2026-06-03,601012,11:03:39,13.7000,26,1
2026-06-03,601012,11:03:42,13.6900,50,2
2026-06-03,601012,11:03:45,13.6900,14,2
2026-06-03,601012,11:03:48,13.6900,21,2
2026-06-03,601012,11:03:51,13.6900,30,2
2026-06-03,601012,11:03:54,13.6900,45,2
2026-06-03,601012,11:03:57,13.6900,72,2
2026-06-03,601012,11:04:00,13.6900,7,2
2026-06-03,601012,11:04:03,13.7000,19,1
2026-06-03,601012,11:04:09,13.7000,13,1
2026-06-03,601012,11:04:12,13.6900,290,2
2026-06-03,601012,11:04:15,13.6900,14,2
2026-06-03,601012,11:04:18,13.7000,4,1
2026-06-03,601012,11:04:21,13.6900,14,2
2026-06-03,601012,11:04:24,13.7000,345,1
2026-06-03,601012,11:04:27,13.7000,80,1
2026-06-03,601012,11:04:30,13.7000,29,1
2026-06-03,601012,11:04:33,13.7000,34,1
2026-06-03,601012,11:04:36,13.7000,35,1
2026-06-03,601012,11:04:39,13.7000,128,1
2026-06-03,601012,11:04:42,13.6900,56,2
2026-06-03,601012,11:04:45,13.7000,31,1
2026-06-03,601012,11:04:48,13.7000,40,1
2026-06-03,601012,11:04:51,13.6900,17,2
2026-06-03,601012,11:04:54,13.7000,102,1
2026-06-03,601012,11:04:57,13.7000,130,1
2026-06-03,601012,11:05:00,13.6900,35,2
2026-06-03,601012,11:05:03,13.6900,20,2
2026-06-03,601012,11:05:06,13.6900,7,2
2026-06-03,601012,11:05:09,13.7000,16,1
2026-06-03,601012,11:05:12,13.7000,22,1
2026-06-03,601012,11:05:15,13.7000,1,1
2026-06-03,601012,11:05:18,13.6900,49,2
2026-06-03,601012,11:05:21,13.6900,74,2
2026-06-03,601012,11:05:24,13.7000,31,1
2026-06-03,601012,11:05:27,13.7000,36,1
2026-06-03,601012,11:05:30,13.7000,42,1
2026-06-03,601012,11:05:33,13.6900,42,2
2026-06-03,601012,11:05:36,13.6900,20,2
2026-06-03,601012,11:05:39,13.6900,29,2
2026-06-03,601012,11:05:42,13.6900,34,2
2026-06-03,601012,11:05:45,13.6900,30,2
2026-06-03,601012,11:05:48,13.7000,12,1
2026-06-03,601012,11:05:51,13.7000,24,1
2026-06-03,601012,11:05:54,13.6900,8,2
2026-06-03,601012,11:05:57,13.7000,20,1
2026-06-03,601012,11:06:00,13.6900,27,2
2026-06-03,601012,11:06:03,13.7000,41,1
2026-06-03,601012,11:06:06,13.7000,7,1
2026-06-03,601012,11:06:09,13.7000,40,1
2026-06-03,601012,11:06:12,13.7000,7,1
2026-06-03,601012,11:06:15,13.7000,17,1
2026-06-03,601012,11:06:18,13.7000,53,1
2026-06-03,601012,11:06:21,13.7000,25,1
2026-06-03,601012,11:06:24,13.7000,22,1
2026-06-03,601012,11:06:27,13.6900,69,2
2026-06-03,601012,11:06:30,13.6900,222,2
2026-06-03,601012,11:06:33,13.6900,174,2
2026-06-03,601012,11:06:36,13.6900,2086,2
2026-06-03,601012,11:06:39,13.6900,24,1
2026-06-03,601012,11:06:42,13.6900,64,1
2026-06-03,601012,11:06:45,13.6900,20,1
2026-06-03,601012,11:06:48,13.6900,491,1
2026-06-03,601012,11:06:51,13.6900,67,2
2026-06-03,601012,11:06:54,13.6900,106,1
2026-06-03,601012,11:06:57,13.6800,78,2
2026-06-03,601012,11:07:00,13.6800,85,2
2026-06-03,601012,11:07:03,13.6900,64,1
2026-06-03,601012,11:07:06,13.6900,1,1
2026-06-03,601012,11:07:09,13.6900,60,1
2026-06-03,601012,11:07:12,13.6900,93,1
2026-06-03,601012,11:07:15,13.6900,65,1
2026-06-03,601012,11:07:18,13.6800,243,2
2026-06-03,601012,11:07:21,13.6800,27,2
2026-06-03,601012,11:07:24,13.6900,32,1
2026-06-03,601012,11:07:27,13.6800,207,2
2026-06-03,601012,11:07:30,13.6900,25,1
2026-06-03,601012,11:07:33,13.6800,6,2
2026-06-03,601012,11:07:36,13.6800,35,2
2026-06-03,601012,11:07:39,13.6900,542,1
2026-06-03,601012,11:07:42,13.6900,48,2
2026-06-03,601012,11:07:45,13.6900,90,2
2026-06-03,601012,11:07:48,13.6900,75,2
2026-06-03,601012,11:07:51,13.6900,120,2
2026-06-03,601012,11:07:54,13.6900,146,2
2026-06-03,601012,11:07:57,13.6900,58,1
2026-06-03,601012,11:08:00,13.6900,101,2
2026-06-03,601012,11:08:03,13.6900,71,1
2026-06-03,601012,11:08:06,13.7000,6,1
2026-06-03,601012,11:08:09,13.7000,15,1
2026-06-03,601012,11:08:12,13.7000,28,1
2026-06-03,601012,11:08:15,13.7000,527,1
2026-06-03,601012,11:08:18,13.7000,514,1
2026-06-03,601012,11:08:21,13.7000,53,2
2026-06-03,601012,11:08:24,13.7100,5,1
2026-06-03,601012,11:08:27,13.7000,73,2
2026-06-03,601012,11:08:30,13.7100,55,1
2026-06-03,601012,11:08:33,13.7000,57,2
2026-06-03,601012,11:08:39,13.7100,13,1
2026-06-03,601012,11:08:42,13.7100,156,1
2026-06-03,601012,11:08:45,13.7100,100,1
2026-06-03,601012,11:08:48,13.7100,25,1
2026-06-03,601012,11:08:51,13.7100,69,1
2026-06-03,601012,11:08:54,13.7100,46,1
2026-06-03,601012,11:08:57,13.7100,246,1
2026-06-03,601012,11:09:00,13.7100,60,1
2026-06-03,601012,11:09:03,13.7100,24,1
2026-06-03,601012,11:09:09,13.7100,26,1
2026-06-03,601012,11:09:12,13.7100,1201,1
2026-06-03,601012,11:09:15,13.7200,27,1
2026-06-03,601012,11:09:18,13.7200,13,1
2026-06-03,601012,11:09:21,13.7200,260,1
2026-06-03,601012,11:09:24,13.7200,79,2
2026-06-03,601012,11:09:27,13.7200,31,1
2026-06-03,601012,11:09:30,13.7200,312,2
2026-06-03,601012,11:09:33,13.7200,27,4
2026-06-03,601012,11:09:36,13.7200,88,2
2026-06-03,601012,11:09:39,13.7100,33,2
2026-06-03,601012,11:09:42,13.7200,12,1
2026-06-03,601012,11:09:45,13.7200,2,1
2026-06-03,601012,11:09:48,13.7100,19,2
2026-06-03,601012,11:09:51,13.7200,231,1
2026-06-03,601012,11:09:54,13.7200,18,2
2026-06-03,601012,11:09:57,13.7200,10,2
2026-06-03,601012,11:10:00,13.7200,88,2
2026-06-03,601012,11:10:03,13.7200,183,2
2026-06-03,601012,11:10:06,13.7300,41,1
2026-06-03,601012,11:10:09,13.7200,4,2
2026-06-03,601012,11:10:12,13.7200,64,2
2026-06-03,601012,11:10:15,13.7200,4,2
2026-06-03,601012,11:10:18,13.7300,38,1
2026-06-03,601012,11:10:21,13.7300,14,1
2026-06-03,601012,11:10:24,13.7200,180,2
2026-06-03,601012,11:10:27,13.7200,15,2
2026-06-03,601012,11:10:30,13.7300,28,1
2026-06-03,601012,11:10:33,13.7200,597,2
2026-06-03,601012,11:10:36,13.7200,256,1
2026-06-03,601012,11:10:39,13.7200,71,1
2026-06-03,601012,11:10:42,13.7200,53,1
2026-06-03,601012,11:10:45,13.7200,104,1
2026-06-03,601012,11:10:48,13.7300,130,1
2026-06-03,601012,11:10:51,13.7100,72,2
2026-06-03,601012,11:10:57,13.7300,400,1
2026-06-03,601012,11:11:00,13.7200,20,2
2026-06-03,601012,11:11:03,13.7200,33,2
2026-06-03,601012,11:11:06,13.7300,29,1
2026-06-03,601012,11:11:09,13.7200,214,2
2026-06-03,601012,11:11:12,13.7100,61,2
2026-06-03,601012,11:11:15,13.7200,41,1
2026-06-03,601012,11:11:18,13.7100,89,2
2026-06-03,601012,11:11:21,13.7100,31,2
2026-06-03,601012,11:11:24,13.7200,28,1
2026-06-03,601012,11:11:27,13.7100,1109,2
2026-06-03,601012,11:11:30,13.7100,23,1
2026-06-03,601012,11:11:33,13.7100,29,1
2026-06-03,601012,11:11:36,13.7100,39,1
2026-06-03,601012,11:11:39,13.7200,515,1
2026-06-03,601012,11:11:42,13.7100,173,2
2026-06-03,601012,11:11:45,13.7100,60,2
2026-06-03,601012,11:11:48,13.7200,453,1
2026-06-03,601012,11:11:51,13.7100,18,2
2026-06-03,601012,11:11:54,13.7200,19,1
2026-06-03,601012,11:11:57,13.7100,60,2
2026-06-03,601012,11:12:00,13.7200,3,1
2026-06-03,601012,11:12:03,13.7200,29,1
2026-06-03,601012,11:12:06,13.7200,11,1
2026-06-03,601012,11:12:09,13.7200,37,1
2026-06-03,601012,11:12:12,13.7200,66,1
2026-06-03,601012,11:12:15,13.7200,10,1
2026-06-03,601012,11:12:18,13.7200,164,1
2026-06-03,601012,11:12:21,13.7200,19,1
2026-06-03,601012,11:12:24,13.7100,25,2
2026-06-03,601012,11:12:27,13.7100,9,2
2026-06-03,601012,11:12:33,13.7100,152,2
2026-06-03,601012,11:12:36,13.7100,4126,2
2026-06-03,601012,11:12:39,13.7100,21,1
2026-06-03,601012,11:12:42,13.7000,2,2
2026-06-03,601012,11:12:45,13.7100,924,1
2026-06-03,601012,11:12:48,13.6900,229,2
2026-06-03,601012,11:12:51,13.7000,78,4
2026-06-03,601012,11:12:54,13.7000,28,2
2026-06-03,601012,11:12:57,13.7000,20,2
2026-06-03,601012,11:13:00,13.7000,33,2
2026-06-03,601012,11:13:03,13.7000,2,2
2026-06-03,601012,11:13:06,13.7100,11,1
2026-06-03,601012,11:13:09,13.7100,6,1
2026-06-03,601012,11:13:12,13.7000,137,2
2026-06-03,601012,11:13:15,13.7000,17,1
2026-06-03,601012,11:13:18,13.7000,34,1
2026-06-03,601012,11:13:21,13.7000,14,1
2026-06-03,601012,11:13:24,13.7000,223,1
2026-06-03,601012,11:13:27,13.7000,111,2
2026-06-03,601012,11:13:30,13.7000,10,2
2026-06-03,601012,11:13:33,13.7000,1,2
2026-06-03,601012,11:13:36,13.7000,44,2
2026-06-03,601012,11:13:39,13.7100,42,1
2026-06-03,601012,11:13:42,13.7000,59,2
2026-06-03,601012,11:13:45,13.7000,22,1
2026-06-03,601012,11:13:48,13.6900,17,2
2026-06-03,601012,11:13:51,13.7000,54,1
2026-06-03,601012,11:13:54,13.7000,48,1
2026-06-03,601012,11:13:57,13.7000,26,1
2026-06-03,601012,11:14:00,13.6900,5,2
2026-06-03,601012,11:14:03,13.7000,24,1
2026-06-03,601012,11:14:06,13.7000,68,1
2026-06-03,601012,11:14:09,13.7000,76,2
2026-06-03,601012,11:14:12,13.7000,40,2
2026-06-03,601012,11:14:15,13.7100,24,1
2026-06-03,601012,11:14:18,13.7000,22,2
2026-06-03,601012,11:14:21,13.7000,48,2
2026-06-03,601012,11:14:24,13.7000,82,2
2026-06-03,601012,11:14:27,13.7000,33,1
2026-06-03,601012,11:14:30,13.7000,45,1
2026-06-03,601012,11:14:33,13.6900,120,2
2026-06-03,601012,11:14:36,13.7000,22,1
2026-06-03,601012,11:14:39,13.7000,22,1
2026-06-03,601012,11:14:42,13.6900,40,2
2026-06-03,601012,11:14:45,13.6900,5,2
2026-06-03,601012,11:14:48,13.6900,37,2
2026-06-03,601012,11:14:51,13.7000,55,1
2026-06-03,601012,11:14:54,13.6900,7,2
2026-06-03,601012,11:14:57,13.6900,6,2
2026-06-03,601012,11:15:00,13.7000,28,1
2026-06-03,601012,11:15:03,13.6900,342,2
2026-06-03,601012,11:15:06,13.7000,1,1
2026-06-03,601012,11:15:09,13.6900,47,2
2026-06-03,601012,11:15:12,13.7000,2,1
2026-06-03,601012,11:15:15,13.7000,5,1
2026-06-03,601012,11:15:18,13.6900,111,2
2026-06-03,601012,11:15:21,13.7000,106,1
2026-06-03,601012,11:15:24,13.7000,213,1
2026-06-03,601012,11:15:27,13.6900,219,2
2026-06-03,601012,11:15:30,13.7000,3,1
2026-06-03,601012,11:15:33,13.7000,27,1
2026-06-03,601012,11:15:36,13.7000,85,1
2026-06-03,601012,11:15:39,13.6900,30,2
2026-06-03,601012,11:15:42,13.7000,6,1
2026-06-03,601012,11:15:45,13.7000,35,1
2026-06-03,601012,11:15:48,13.7000,44,1
2026-06-03,601012,11:15:51,13.6900,62,2
2026-06-03,601012,11:15:54,13.7000,7,1
2026-06-03,601012,11:15:57,13.6900,856,2
2026-06-03,601012,11:16:00,13.6900,31,2
2026-06-03,601012,11:16:03,13.6900,115,2
2026-06-03,601012,11:16:06,13.6900,1046,2
2026-06-03,601012,11:16:09,13.6900,29,2
2026-06-03,601012,11:16:12,13.7000,85,1
2026-06-03,601012,11:16:15,13.7000,15,1
2026-06-03,601012,11:16:18,13.6900,17,2
2026-06-03,601012,11:16:21,13.7000,147,1
2026-06-03,601012,11:16:24,13.7000,18,2
2026-06-03,601012,11:16:27,13.7000,138,2
2026-06-03,601012,11:16:30,13.7000,8,1
2026-06-03,601012,11:16:33,13.7000,439,1
2026-06-03,601012,11:16:36,13.7000,73,2
2026-06-03,601012,11:16:39,13.7000,12,1
2026-06-03,601012,11:16:42,13.7000,42,1
2026-06-03,601012,11:16:45,13.6900,4,2
2026-06-03,601012,11:16:48,13.7000,28,1
2026-06-03,601012,11:16:54,13.7000,26,1
2026-06-03,601012,11:16:57,13.6900,32,2
2026-06-03,601012,11:17:00,13.7000,10,1
2026-06-03,601012,11:17:03,13.6900,30,2
2026-06-03,601012,11:17:06,13.7000,39,1
2026-06-03,601012,11:17:09,13.7000,7,1
2026-06-03,601012,11:17:12,13.7000,15,1
2026-06-03,601012,11:17:15,13.6900,11,2
2026-06-03,601012,11:17:18,13.7000,29,1
2026-06-03,601012,11:17:21,13.6900,22,2
2026-06-03,601012,11:17:24,13.7000,21,1
2026-06-03,601012,11:17:27,13.7000,137,1
2026-06-03,601012,11:17:30,13.7000,18,1
2026-06-03,601012,11:17:33,13.6900,25,2
2026-06-03,601012,11:17:36,13.6900,38,2
2026-06-03,601012,11:17:39,13.7000,3,1
2026-06-03,601012,11:17:42,13.7000,742,1
2026-06-03,601012,11:17:45,13.7000,22,2
2026-06-03,601012,11:17:48,13.7000,3,2
2026-06-03,601012,11:17:51,13.7100,92,1
2026-06-03,601012,11:17:54,13.7100,4,1
2026-06-03,601012,11:17:57,13.7000,24,2
2026-06-03,601012,11:18:00,13.7000,7,2
2026-06-03,601012,11:18:03,13.7000,9,2
2026-06-03,601012,11:18:06,13.7100,55,1
2026-06-03,601012,11:18:09,13.7100,72,1
2026-06-03,601012,11:18:12,13.7000,8,2
2026-06-03,601012,11:18:15,13.7100,102,1
2026-06-03,601012,11:18:18,13.7100,146,1
2026-06-03,601012,11:18:21,13.7100,26,1
2026-06-03,601012,11:18:24,13.7100,89,1
2026-06-03,601012,11:18:27,13.7100,104,1
2026-06-03,601012,11:18:30,13.7100,6,1
2026-06-03,601012,11:18:33,13.7000,80,2
2026-06-03,601012,11:18:36,13.7000,79,2
2026-06-03,601012,11:18:39,13.7000,88,2
2026-06-03,601012,11:18:45,13.7000,84,2
2026-06-03,601012,11:18:48,13.7000,99,2
2026-06-03,601012,11:18:51,13.7100,113,1
2026-06-03,601012,11:18:54,13.7100,160,1
2026-06-03,601012,11:18:57,13.7000,141,2
2026-06-03,601012,11:19:00,13.7000,30,2
2026-06-03,601012,11:19:03,13.7100,42,1
2026-06-03,601012,11:19:06,13.7000,20,2
2026-06-03,601012,11:19:09,13.7100,524,1
2026-06-03,601012,11:19:12,13.7000,251,2
2026-06-03,601012,11:19:15,13.7100,105,2
2026-06-03,601012,11:19:18,13.7100,108,2
2026-06-03,601012,11:19:21,13.7200,42,1
2026-06-03,601012,11:19:24,13.7100,66,2
2026-06-03,601012,11:19:27,13.7100,14,1
2026-06-03,601012,11:19:30,13.7100,53,2
2026-06-03,601012,11:19:33,13.7200,55,1
2026-06-03,601012,11:19:36,13.7100,53,2
2026-06-03,601012,11:19:39,13.7100,9,2
