date,code,time,price,volume,bs
2026-04-07,600036,14:07:01,39.0500,21,1
2026-04-07,600036,14:07:04,39.0500,13,1
2026-04-07,600036,14:07:07,39.0500,10,1
2026-04-07,600036,14:07:10,39.0500,15,1
2026-04-07,600036,14:07:13,39.0500,14,1
2026-04-07,600036,14:07:16,39.0500,75,1
2026-04-07,600036,14:07:19,39.0500,12,1
2026-04-07,600036,14:07:22,39.0500,43,1
2026-04-07,600036,14:07:25,39.0400,332,2
2026-04-07,600036,14:07:28,39.0400,144,1
2026-04-07,600036,14:07:31,39.0500,63,1
2026-04-07,600036,14:07:34,39.0400,89,2
2026-04-07,600036,14:07:37,39.0400,4,1
2026-04-07,600036,14:07:40,39.0400,47,1
2026-04-07,600036,14:07:43,39.0500,18,1
2026-04-07,600036,14:07:46,39.0500,42,1
2026-04-07,600036,14:07:49,39.0500,1,1
2026-04-07,600036,14:07:52,39.0500,5,1
2026-04-07,600036,14:07:55,39.0500,196,1
2026-04-07,600036,14:07:58,39.0500,30,2
2026-04-07,600036,14:08:01,39.0500,25,1
2026-04-07,600036,14:08:04,39.0400,130,2
2026-04-07,600036,14:08:07,39.0400,106,2
2026-04-07,600036,14:08:10,39.0400,140,2
2026-04-07,600036,14:08:13,39.0400,26,1
2026-04-07,600036,14:08:16,39.0400,1,1
2026-04-07,600036,14:08:19,39.0400,15,1
2026-04-07,600036,14:08:22,39.0400,21,1
2026-04-07,600036,14:08:25,39.0400,30,1
2026-04-07,600036,14:08:28,39.0400,12,1
2026-04-07,600036,14:08:31,39.0400,76,1
2026-04-07,600036,14:08:34,39.0400,14,1
2026-04-07,600036,14:08:37,39.0300,309,2
2026-04-07,600036,14:08:40,39.0200,6,2
2026-04-07,600036,14:08:43,39.0300,39,1
2026-04-07,600036,14:08:46,39.0300,255,1
2026-04-07,600036,14:08:49,39.0400,1,1
2026-04-07,600036,14:08:52,39.0400,7,1
2026-04-07,600036,14:08:55,39.0400,1,1
2026-04-07,600036,14:08:58,39.0400,11,1
2026-04-07,600036,14:09:01,39.0300,196,2
2026-04-07,600036,14:09:04,39.0400,60,1
2026-04-07,600036,14:09:07,39.0400,7,1
2026-04-07,600036,14:09:10,39.0400,149,1
2026-04-07,600036,14:09:13,39.0300,23,2
2026-04-07,600036,14:09:16,39.0400,10,1
2026-04-07,600036,14:09:19,39.0400,3,1
2026-04-07,600036,14:09:22,39.0300,575,2
2026-04-07,600036,14:09:25,39.0300,59,2
2026-04-07,600036,14:09:28,39.0300,14,1
2026-04-07,600036,14:09:31,39.0300,12,1
2026-04-07,600036,14:09:34,39.0300,20,1
2026-04-07,600036,14:09:37,39.0300,168,1
2026-04-07,600036,14:09:40,39.0200,489,2
2026-04-07,600036,14:09:43,39.0200,14,1
2026-04-07,600036,14:09:46,39.0100,17,2
2026-04-07,600036,14:09:49,39.0200,26,1
2026-04-07,600036,14:09:52,39.0100,29,2
2026-04-07,600036,14:09:55,39.0200,5,1
2026-04-07,600036,14:09:58,39.0100,85,2
2026-04-07,600036,14:10:01,39.0000,1606,2
2026-04-07,600036,14:10:04,39.0000,100,2
2026-04-07,600036,14:10:07,39.0000,1860,2
2026-04-07,600036,14:10:10,38.9900,436,2
2026-04-07,600036,14:10:13,38.9900,466,2
2026-04-07,600036,14:10:16,39.0000,326,1
2026-04-07,600036,14:10:19,38.9900,698,2
2026-04-07,600036,14:10:22,38.9900,169,1
2026-04-07,600036,14:10:25,38.9900,41,1
2026-04-07,600036,14:10:28,38.9900,31,1
2026-04-07,600036,14:10:31,38.9800,151,2
2026-04-07,600036,14:10:34,38.9900,94,1
2026-04-07,600036,14:10:37,38.9900,25,1
2026-04-07,600036,14:10:40,38.9900,22,1
2026-04-07,600036,14:10:43,38.9800,57,2
2026-04-07,600036,14:10:46,38.9900,48,1
2026-04-07,600036,14:10:49,38.9900,40,1
2026-04-07,600036,14:10:52,38.9900,27,1
2026-04-07,600036,14:10:55,38.9800,77,2
2026-04-07,600036,14:10:58,38.9800,5,2
2026-04-07,600036,14:11:01,38.9900,214,1
2026-04-07,600036,14:11:04,38.9900,21,1
2026-04-07,600036,14:11:07,38.9800,82,2
2026-04-07,600036,14:11:10,38.9800,22,2
2026-04-07,600036,14:11:13,38.9900,23,1
2026-04-07,600036,14:11:16,38.9900,146,1
2026-04-07,600036,14:11:19,38.9900,29,1
2026-04-07,600036,14:11:22,38.9900,19,1
2026-04-07,600036,14:11:25,38.9900,47,1
2026-04-07,600036,14:11:28,38.9900,21,1
2026-04-07,600036,14:11:31,38.9900,39,1
2026-04-07,600036,14:11:34,38.9900,24,1
2026-04-07,600036,14:11:37,38.9900,15,1
2026-04-07,600036,14:11:40,38.9900,23,1
2026-04-07,600036,14:11:43,38.9900,182,1
2026-04-07,600036,14:11:46,38.9900,189,1
2026-04-07,600036,14:11:49,38.9900,119,1
2026-04-07,600036,14:11:52,38.9900,76,1
2026-04-07,600036,14:11:55,38.9900,62,1
2026-04-07,600036,14:11:58,38.9900,32,1
2026-04-07,600036,14:12:01,38.9900,48,1
2026-04-07,600036,14:12:04,38.9900,95,1
2026-04-07,600036,14:12:07,38.9900,57,1
2026-04-07,600036,14:12:10,39.0000,12,1
2026-04-07,600036,14:12:13,39.0000,29,1
2026-04-07,600036,14:12:16,39.0000,8,1
2026-04-07,600036,14:12:19,39.0000,6,1
2026-04-07,600036,14:12:22,39.0000,58,1
2026-04-07,600036,14:12:25,39.0000,24,1
2026-04-07,600036,14:12:28,39.0000,7,1
2026-04-07,600036,14:12:31,39.0000,39,1
2026-04-07,600036,14:12:34,39.0000,17,1
2026-04-07,600036,14:12:37,39.0000,19,1
2026-04-07,600036,14:12:40,39.0000,29,1
2026-04-07,600036,14:12:43,39.0000,94,1
2026-04-07,600036,14:12:46,39.0000,15,1
2026-04-07,600036,14:12:49,39.0000,21,1
2026-04-07,600036,14:12:52,39.0000,37,1
2026-04-07,600036,14:12:55,39.0000,27,1
2026-04-07,600036,14:12:58,39.0000,144,1
2026-04-07,600036,14:13:01,38.9900,4,2
2026-04-07,600036,14:13:04,39.0000,28,1
2026-04-07,600036,14:13:07,38.9900,482,2
2026-04-07,600036,14:13:10,38.9900,51,1
2026-04-07,600036,14:13:13,39.0000,26,1
2026-04-07,600036,14:13:16,38.9900,246,2
2026-04-07,600036,14:13:19,38.9900,20,2
2026-04-07,600036,14:13:22,39.0000,17,1
2026-04-07,600036,14:13:25,39.0000,7,1
2026-04-07,600036,14:13:28,39.0000,11,1
2026-04-07,600036,14:13:31,39.0000,14,1
2026-04-07,600036,14:13:34,39.0000,21,1
2026-04-07,600036,14:13:37,39.0000,29,1
2026-04-07,600036,14:13:40,39.0000,44,1
2026-04-07,600036,14:13:43,39.0000,40,1
2026-04-07,600036,14:13:46,39.0000,30,1
2026-04-07,600036,14:13:49,39.0000,36,1
2026-04-07,600036,14:13:52,39.0000,31,1
2026-04-07,600036,14:13:55,38.9900,17,2
2026-04-07,600036,14:13:58,39.0000,8,1
2026-04-07,600036,14:14:01,39.0000,15,1
2026-04-07,600036,14:14:04,39.0000,25,1
2026-04-07,600036,14:14:07,39.0000,28,1
2026-04-07,600036,14:14:10,38.9900,34,2
2026-04-07,600036,14:14:13,39.0000,42,1
2026-04-07,600036,14:14:16,39.0000,21,1
2026-04-07,600036,14:14:19,39.0000,22,1
2026-04-07,600036,14:14:22,39.0000,27,1
2026-04-07,600036,14:14:25,39.0000,25,1
2026-04-07,600036,14:14:28,39.0000,115,1
2026-04-07,600036,14:14:31,38.9900,41,2
2026-04-07,600036,14:14:34,39.0000,74,1
2026-04-07,600036,14:14:37,39.0000,57,1
2026-04-07,600036,14:14:40,38.9900,53,2
2026-04-07,600036,14:14:43,38.9900,150,2
2026-04-07,600036,14:14:46,38.9900,516,2
2026-04-07,600036,14:14:49,38.9900,62,2
2026-04-07,600036,14:14:52,39.0000,206,1
2026-04-07,600036,14:14:55,39.0000,9,1
2026-04-07,600036,14:14:58,39.0000,14,1
2026-04-07,600036,14:15:01,38.9900,25,2
2026-04-07,600036,14:15:04,39.0000,32,1
2026-04-07,600036,14:15:07,39.0000,31,1
2026-04-07,600036,14:15:10,38.9900,12,2
2026-04-07,600036,14:15:13,39.0000,91,1
2026-04-07,600036,14:15:16,39.0000,36,1
2026-04-07,600036,14:15:19,39.0000,20,1
2026-04-07,600036,14:15:22,39.0000,27,1
2026-04-07,600036,14:15:25,39.0000,16,1
2026-04-07,600036,14:15:28,38.9900,6,2
2026-04-07,600036,14:15:31,39.0000,36,1
2026-04-07,600036,14:15:34,39.0000,18,1
2026-04-07,600036,14:15:37,39.0000,20,1
2026-04-07,600036,14:15:40,39.0000,14,1
2026-04-07,600036,14:15:43,39.0000,12,1
2026-04-07,600036,14:15:46,39.0000,8,1
2026-04-07,600036,14:15:49,39.0000,16,1
2026-04-07,600036,14:15:52,39.0000,5,1
2026-04-07,600036,14:15:55,39.0000,18,1
2026-04-07,600036,14:15:58,39.0000,25,1
2026-04-07,600036,14:16:01,39.0000,6,1
2026-04-07,600036,14:16:04,39.0000,59,1
2026-04-07,600036,14:16:07,38.9900,34,2
2026-04-07,600036,14:16:10,38.9900,18,2
2026-04-07,600036,14:16:13,39.0000,63,1
2026-04-07,600036,14:16:16,39.0000,45,1
2026-04-07,600036,14:16:19,39.0000,137,1
2026-04-07,600036,14:16:22,38.9900,69,2
2026-04-07,600036,14:16:25,39.0000,33,1
2026-04-07,600036,14:16:28,39.0000,83,1
2026-04-07,600036,14:16:31,39.0000,25,1
2026-04-07,600036,14:16:34,39.0000,123,1
2026-04-07,600036,14:16:37,39.0000,59,1
2026-04-07,600036,14:16:40,39.0000,15,1
2026-04-07,600036,14:16:43,39.0000,20,1
2026-04-07,600036,14:16:46,39.0000,20,1
2026-04-07,600036,14:16:49,39.0000,19,1
2026-04-07,600036,14:16:52,38.9900,24,2
2026-04-07,600036,14:16:55,39.0000,32,1
2026-04-07,600036,14:16:58,39.0000,4,1
2026-04-07,600036,14:17:01,39.0000,29,1
2026-04-07,600036,14:17:04,39.0000,16,1
2026-04-07,600036,14:17:07,39.0000,49,1
2026-04-07,600036,14:17:10,39.0000,136,1
2026-04-07,600036,14:17:13,39.0000,97,1
2026-04-07,600036,14:17:16,39.0000,93,1
2026-04-07,600036,14:17:19,39.0000,24,1
2026-04-07,600036,14:17:22,39.0000,19,1
2026-04-07,600036,14:17:25,39.0000,17,1
2026-04-07,600036,14:17:28,39.0000,26,1
2026-04-07,600036,14:17:31,39.0000,40,1
2026-04-07,600036,14:17:34,39.0000,33,1
2026-04-07,600036,14:17:37,39.0000,15,1
2026-04-07,600036,14:17:40,39.0000,29,1
2026-04-07,600036,14:17:43,39.0000,26,1
2026-04-07,600036,14:17:46,38.9900,17,2
2026-04-07,600036,14:17:49,39.0000,36,1
2026-04-07,600036,14:17:52,38.9900,4,2
2026-04-07,600036,14:17:55,39.0000,70,1
2026-04-07,600036,14:17:58,39.0000,78,1
2026-04-07,600036,14:18:01,38.9900,38,2
2026-04-07,600036,14:18:04,38.9900,700,2
2026-04-07,600036,14:18:07,39.0000,194,1
2026-04-07,600036,14:18:10,38.9900,213,2
2026-04-07,600036,14:18:13,39.0000,95,1
2026-04-07,600036,14:18:16,38.9900,108,2
2026-04-07,600036,14:18:19,38.9900,99,2
2026-04-07,600036,14:18:22,38.9900,81,2
2026-04-07,600036,14:18:25,39.0000,22,1
2026-04-07,600036,14:18:28,38.9900,28,2
2026-04-07,600036,14:18:31,38.9900,56,2
2026-04-07,600036,14:18:34,38.9900,95,2
2026-04-07,600036,14:18:37,38.9900,30,2
2026-04-07,600036,14:18:40,39.0000,24,1
2026-04-07,600036,14:18:43,39.0000,41,1
2026-04-07,600036,14:18:46,39.0000,7,1
2026-04-07,600036,14:18:49,39.0000,57,1
2026-04-07,600036,14:18:52,39.0000,46,1
2026-04-07,600036,14:18:55,38.9900,25,2
2026-04-07,600036,14:18:58,39.0000,5,1
2026-04-07,600036,14:19:01,39.0000,39,1
2026-04-07,600036,14:19:04,38.9900,21,2
2026-04-07,600036,14:19:07,39.0000,97,1
2026-04-07,600036,14:19:10,38.9900,7,2
2026-04-07,600036,14:19:13,39.0000,16,1
2026-04-07,600036,14:19:16,38.9900,13,2
2026-04-07,600036,14:19:19,39.0000,21,1
2026-04-07,600036,14:19:22,39.0000,139,1
2026-04-07,600036,14:19:25,39.0000,21,1
2026-04-07,600036,14:19:28,39.0000,7,1
2026-04-07,600036,14:19:31,39.0000,6,1
2026-04-07,600036,14:19:34,38.9900,720,2
2026-04-07,600036,14:19:37,38.9900,26,2
2026-04-07,600036,14:19:40,38.9900,144,2
2026-04-07,600036,14:19:43,39.0000,216,1
2026-04-07,600036,14:19:46,39.0000,17,1
2026-04-07,600036,14:19:49,39.0000,47,1
2026-04-07,600036,14:19:52,39.0000,38,1
2026-04-07,600036,14:19:55,39.0000,4,1
2026-04-07,600036,14:19:58,39.0000,2,1
2026-04-07,600036,14:20:01,39.0000,351,1
2026-04-07,600036,14:20:04,39.0000,53,1
2026-04-07,600036,14:20:07,39.0000,106,1
2026-04-07,600036,14:20:10,38.9900,18,2
2026-04-07,600036,14:20:13,39.0000,92,1
2026-04-07,600036,14:20:16,39.0000,22,1
2026-04-07,600036,14:20:19,38.9900,12,2
2026-04-07,600036,14:20:22,38.9900,109,2
2026-04-07,600036,14:20:25,39.0000,32,1
2026-04-07,600036,14:20:28,39.0000,74,1
2026-04-07,600036,14:20:31,39.0000,7,1
2026-04-07,600036,14:20:34,39.0000,25,1
2026-04-07,600036,14:20:37,39.0000,6,1
2026-04-07,600036,14:20:40,38.9900,9,2
2026-04-07,600036,14:20:43,39.0000,272,1
2026-04-07,600036,14:20:46,39.0000,106,1
2026-04-07,600036,14:20:49,39.0100,194,1
2026-04-07,600036,14:20:52,39.0000,4,2
2026-04-07,600036,14:20:55,39.0200,317,1
2026-04-07,600036,14:20:58,39.0200,10,1
2026-04-07,600036,14:21:01,39.0200,6,1
2026-04-07,600036,14:21:04,39.0200,29,1
2026-04-07,600036,14:21:07,39.0200,106,1
2026-04-07,600036,14:21:10,39.0100,30,1
2026-04-07,600036,14:21:13,39.0100,15,1
2026-04-07,600036,14:21:16,39.0100,37,1
2026-04-07,600036,14:21:19,39.0100,22,1
2026-04-07,600036,14:21:22,39.0100,47,1
2026-04-07,600036,14:21:25,39.0100,17,1
2026-04-07,600036,14:21:28,39.0100,4,1
2026-04-07,600036,14:21:31,39.0100,10,1
2026-04-07,600036,14:21:34,39.0100,11,1
2026-04-07,600036,14:21:37,39.0100,383,1
2026-04-07,600036,14:21:40,39.0100,6,2
2026-04-07,600036,14:21:43,39.0200,11,1
2026-04-07,600036,14:21:46,39.0200,23,1
2026-04-07,600036,14:21:49,39.0200,9,1
2026-04-07,600036,14:21:52,39.0200,6,1
2026-04-07,600036,14:21:55,39.0100,31,2
2026-04-07,600036,14:21:58,39.0200,18,1
2026-04-07,600036,14:22:01,39.0200,24,1
2026-04-07,600036,14:22:04,39.0200,14,1
2026-04-07,600036,14:22:07,39.0200,3,1
2026-04-07,600036,14:22:10,39.0100,411,2
2026-04-07,600036,14:22:13,39.0100,79,2
2026-04-07,600036,14:22:16,39.0100,56,1
2026-04-07,600036,14:22:19,39.0100,34,1
2026-04-07,600036,14:22:22,39.0100,34,1
2026-04-07,600036,14:22:25,39.0100,24,1
2026-04-07,600036,14:22:28,39.0100,17,1
2026-04-07,600036,14:22:31,39.0100,75,1
2026-04-07,600036,14:22:34,39.0100,66,1
2026-04-07,600036,14:22:37,39.0000,7,2
2026-04-07,600036,14:22:40,39.0100,28,1
2026-04-07,600036,14:22:43,39.0100,49,1
2026-04-07,600036,14:22:46,39.0100,69,1
2026-04-07,600036,14:22:52,39.0100,8,1
2026-04-07,600036,14:22:55,39.0000,2,2
2026-04-07,600036,14:22:58,39.0100,18,1
2026-04-07,600036,14:23:01,39.0100,477,1
2026-04-07,600036,14:23:04,39.0100,58,1
2026-04-07,600036,14:23:07,39.0100,33,1
2026-04-07,600036,14:23:10,39.0100,32,1
2026-04-07,600036,14:23:13,39.0000,43,2
2026-04-07,600036,14:23:16,39.0100,12,1
2026-04-07,600036,14:23:19,39.0100,155,1
2026-04-07,600036,14:23:22,39.0100,22,1
2026-04-07,600036,14:23:25,39.0100,77,1
2026-04-07,600036,14:23:28,39.0100,111,1
2026-04-07,600036,14:23:31,39.0100,93,1
2026-04-07,600036,14:23:34,39.0100,197,1
2026-04-07,600036,14:23:37,39.0200,99,1
2026-04-07,600036,14:23:40,39.0200,5,1
2026-04-07,600036,14:23:43,39.0200,33,1
2026-04-07,600036,14:23:46,39.0200,53,1
2026-04-07,600036,14:23:49,39.0200,38,1
2026-04-07,600036,14:23:52,39.0200,53,1
2026-04-07,600036,14:23:55,39.0100,64,1
2026-04-07,600036,14:23:58,39.0100,15,1
2026-04-07,600036,14:24:01,39.0100,41,1
2026-04-07,600036,14:24:04,39.0200,4,1
2026-04-07,600036,14:24:07,39.0100,20,2
2026-04-07,600036,14:24:10,39.0100,90,2
2026-04-07,600036,14:24:13,39.0100,99,2
2026-04-07,600036,14:24:16,39.0100,20,1
2026-04-07,600036,14:24:19,39.0100,42,1
2026-04-07,600036,14:24:22,39.0100,47,1
2026-04-07,600036,14:24:25,39.0000,28,2
2026-04-07,600036,14:24:28,39.0100,21,1
2026-04-07,600036,14:24:31,39.0000,35,2
2026-04-07,600036,14:24:34,39.0100,118,1
2026-04-07,600036,14:24:37,39.0000,21,2
2026-04-07,600036,14:24:40,39.0000,95,2
2026-04-07,600036,14:24:43,39.0100,11,1
2026-04-07,600036,14:24:46,39.0100,40,1
2026-04-07,600036,14:24:49,39.0100,98,1
2026-04-07,600036,14:24:52,39.0100,22,1
2026-04-07,600036,14:24:55,39.0100,19,1
2026-04-07,600036,14:24:58,39.0000,766,2
2026-04-07,600036,14:25:01,39.0000,91,2
2026-04-07,600036,14:25:04,39.0000,127,2
2026-04-07,600036,14:25:07,39.0100,207,1
2026-04-07,600036,14:25:10,39.0000,101,2
2026-04-07,600036,14:25:13,39.0000,82,2
2026-04-07,600036,14:25:16,39.0000,61,2
2026-04-07,600036,14:25:19,39.0100,30,1
2026-04-07,600036,14:25:22,39.0100,12,1
2026-04-07,600036,14:25:25,39.0100,6,1
2026-04-07,600036,14:25:31,39.0100,20,1
2026-04-07,600036,14:25:34,39.0100,32,1
2026-04-07,600036,14:25:37,39.0100,5,1
2026-04-07,600036,14:25:40,39.0100,41,1
2026-04-07,600036,14:25:43,39.0100,34,1
2026-04-07,600036,14:25:46,39.0000,35,2
2026-04-07,600036,14:25:49,39.0100,27,1
2026-04-07,600036,14:25:52,39.0100,32,1
2026-04-07,600036,14:25:55,39.0000,1,2
2026-04-07,600036,14:25:58,39.0100,2,1
2026-04-07,600036,14:26:01,39.0100,5,1
2026-04-07,600036,14:26:04,39.0100,5,1
2026-04-07,600036,14:26:07,39.0100,141,1
2026-04-07,600036,14:26:10,39.0100,326,1
2026-04-07,600036,14:26:13,39.0100,69,1
2026-04-07,600036,14:26:16,39.0100,52,1
2026-04-07,600036,14:26:19,39.0100,293,1
2026-04-07,600036,14:26:22,39.0100,27,1
2026-04-07,600036,14:26:25,39.0100,21,1
2026-04-07,600036,14:26:28,39.0100,6,1
2026-04-07,600036,14:26:31,39.0000,20,2
2026-04-07,600036,14:26:34,39.0100,67,1
2026-04-07,600036,14:26:37,39.0100,93,1
2026-04-07,600036,14:26:40,39.0100,29,1
2026-04-07,600036,14:26:43,39.0100,22,1
2026-04-07,600036,14:26:46,39.0100,12,1
2026-04-07,600036,14:26:49,39.0000,12,2
2026-04-07,600036,14:26:52,39.0000,32,2
2026-04-07,600036,14:26:55,39.0100,19,1
2026-04-07,600036,14:26:58,39.0100,18,1
2026-04-07,600036,14:27:01,39.0100,33,1
2026-04-07,600036,14:27:04,39.0100,52,1
2026-04-07,600036,14:27:07,39.0000,29,2
2026-04-07,600036,14:27:10,39.0000,52,2
2026-04-07,600036,14:27:13,39.0100,15,1
2026-04-07,600036,14:27:16,39.0100,16,1
2026-04-07,600036,14:27:19,39.0100,24,1
2026-04-07,600036,14:27:22,39.0100,5,1
2026-04-07,600036,14:27:25,39.0000,34,2
2026-04-07,600036,14:27:28,39.0100,11,1
2026-04-07,600036,14:27:31,39.0000,7,2
2026-04-07,600036,14:27:34,39.0100,16,1
2026-04-07,600036,14:27:37,39.0100,31,1
2026-04-07,600036,14:27:40,39.0000,2,2
2026-04-07,600036,14:27:43,39.0100,29,1
2026-04-07,600036,14:27:46,39.0100,28,1
2026-04-07,600036,14:27:49,39.0000,72,2
2026-04-07,600036,14:27:52,39.0100,74,1
2026-04-07,600036,14:27:55,39.0000,26,2
2026-04-07,600036,14:27:58,39.0100,5,1
2026-04-07,600036,14:28:01,39.0100,29,1
2026-04-07,600036,14:28:04,39.0000,40,2
2026-04-07,600036,14:28:07,39.0100,3,1
2026-04-07,600036,14:28:10,39.0000,4,2
2026-04-07,600036,14:28:13,39.0100,171,1
2026-04-07,600036,14:28:16,39.0000,172,2
2026-04-07,600036,14:28:19,39.0000,28,2
2026-04-07,600036,14:28:22,39.0100,48,1
2026-04-07,600036,14:28:25,39.0100,30,1
2026-04-07,600036,14:28:28,39.0100,10,1
2026-04-07,600036,14:28:31,39.0000,25,2
2026-04-07,600036,14:28:34,39.0100,80,1
2026-04-07,600036,14:28:37,39.0100,11,1
2026-04-07,600036,14:28:40,39.0000,118,2
2026-04-07,600036,14:28:43,39.0100,41,1
2026-04-07,600036,14:28:46,39.0100,26,1
2026-04-07,600036,14:28:49,39.0100,68,1
2026-04-07,600036,14:28:52,39.0100,19,1
2026-04-07,600036,14:28:55,39.0100,17,1
2026-04-07,600036,14:28:58,39.0100,46,1
2026-04-07,600036,14:29:01,39.0000,36,2
2026-04-07,600036,14:29:04,39.0100,49,1
2026-04-07,600036,14:29:07,39.0100,83,1
2026-04-07,600036,14:29:10,39.0100,40,1
2026-04-07,600036,14:29:13,39.0000,135,2
2026-04-07,600036,14:29:16,39.0100,553,1
2026-04-07,600036,14:29:19,39.0100,378,1
2026-04-07,600036,14:29:22,39.0000,192,2
2026-04-07,600036,14:29:25,39.0100,116,1
2026-04-07,600036,14:29:28,39.0100,56,1
2026-04-07,600036,14:29:31,39.0100,36,1
2026-04-07,600036,14:29:34,39.0000,75,2
2026-04-07,600036,14:29:37,39.0100,37,1
2026-04-07,600036,14:29:40,39.0000,29,2
2026-04-07,600036,14:29:43,39.0000,16,2
2026-04-07,600036,14:29:46,39.0100,24,1
2026-04-07,600036,14:29:49,39.0100,1,1
2026-04-07,600036,14:29:52,39.0100,15,1
2026-04-07,600036,14:29:55,39.0100,30,1
2026-04-07,600036,14:29:58,39.0000,97,2
2026-04-07,600036,14:30:01,39.0100,223,1
2026-04-07,600036,14:30:04,39.0100,18,1
2026-04-07,600036,14:30:07,39.0100,207,1
2026-04-07,600036,14:30:10,39.0100,72,1
2026-04-07,600036,14:30:13,39.0000,42,2
2026-04-07,600036,14:30:16,39.0100,194,1
2026-04-07,600036,14:30:19,39.0100,667,1
2026-04-07,600036,14:30:22,39.0100,236,1
2026-04-07,600036,14:30:25,39.0100,178,1
2026-04-07,600036,14:30:28,39.0100,92,1
2026-04-07,600036,14:30:31,39.0100,372,1
2026-04-07,600036,14:30:34,39.0100,35,4
2026-04-07,600036,14:30:37,39.0100,112,2
2026-04-07,600036,14:30:40,39.0100,3,2
2026-04-07,600036,14:30:43,39.0200,63,1
2026-04-07,600036,14:30:46,39.0200,12,1
2026-04-07,600036,14:30:49,39.0200,22,1
2026-04-07,600036,14:30:52,39.0200,52,1
2026-04-07,600036,14:30:55,39.0200,44,1
2026-04-07,600036,14:30:58,39.0100,74,2
2026-04-07,600036,14:31:01,39.0200,214,1
2026-04-07,600036,14:31:04,39.0200,165,1
2026-04-07,600036,14:31:07,39.0200,77,1
2026-04-07,600036,14:31:10,39.0200,18,1
2026-04-07,600036,14:31:13,39.0200,18,1
2026-04-07,600036,14:31:16,39.0200,53,1
2026-04-07,600036,14:31:19,39.0200,137,1
2026-04-07,600036,14:31:22,39.0100,204,2
2026-04-07,600036,14:31:25,39.0200,37,1
2026-04-07,600036,14:31:28,39.0300,20,1
2026-04-07,600036,14:31:31,39.0300,32,1
2026-04-07,600036,14:31:34,39.0300,19,1
2026-04-07,600036,14:31:37,39.0100,298,2
2026-04-07,600036,14:31:40,39.0100,207,2
2026-04-07,600036,14:31:43,39.0200,266,1
2026-04-07,600036,14:31:46,39.0100,102,2
2026-04-07,600036,14:31:49,39.0100,236,2
2026-04-07,600036,14:31:52,39.0200,73,1
2026-04-07,600036,14:31:55,39.0100,74,2
2026-04-07,600036,14:31:58,39.0100,34,4
2026-04-07,600036,14:32:01,39.0100,18,2
2026-04-07,600036,14:32:04,39.0200,8,1
2026-04-07,600036,14:32:07,39.0200,3,1
2026-04-07,600036,14:32:10,39.0200,26,1
2026-04-07,600036,14:32:13,39.0200,13,1
2026-04-07,600036,14:32:16,39.0200,29,1
2026-04-07,600036,14:32:19,39.0200,23,1
2026-04-07,600036,14:32:22,39.0100,17,2
2026-04-07,600036,14:32:25,39.0200,344,1
2026-04-07,600036,14:32:28,39.0300,38,1
2026-04-07,600036,14:32:31,39.0300,9,1
2026-04-07,600036,14:32:34,39.0300,12,1
2026-04-07,600036,14:32:37,39.0200,35,2
2026-04-07,600036,14:32:40,39.0200,243,2
2026-04-07,600036,14:32:43,39.0200,64,2
2026-04-07,600036,14:32:46,39.0300,13,1
2026-04-07,600036,14:32:49,39.0300,7,1
2026-04-07,600036,14:32:52,39.0300,52,1
2026-04-07,600036,14:32:55,39.0300,21,1
2026-04-07,600036,14:32:58,39.0300,95,1
2026-04-07,600036,14:33:01,39.0300,85,1
2026-04-07,600036,14:33:04,39.0300,55,1
2026-04-07,600036,14:33:07,39.0300,32,1
2026-04-07,600036,14:33:10,39.0200,8,2
2026-04-07,600036,14:33:13,39.0300,58,1
2026-04-07,600036,14:33:16,39.0300,11,1
2026-04-07,600036,14:33:19,39.0300,12,1
2026-04-07,600036,14:33:22,39.0300,147,1
2026-04-07,600036,14:33:25,39.0300,18,1
2026-04-07,600036,14:33:28,39.0300,112,1
2026-04-07,600036,14:33:31,39.0200,105,2
2026-04-07,600036,14:33:34,39.0200,53,2
2026-04-07,600036,14:33:37,39.0300,26,1
2026-04-07,600036,14:33:40,39.0200,8,2
2026-04-07,600036,14:33:43,39.0300,51,1
2026-04-07,600036,14:33:46,39.0300,161,1
2026-04-07,600036,14:33:49,39.0300,12,1
2026-04-07,600036,14:33:52,39.0400,15,1
2026-04-07,600036,14:33:55,39.0400,83,1
2026-04-07,600036,14:33:58,39.0300,84,4
2026-04-07,600036,14:34:01,39.0200,26,2
2026-04-07,600036,14:34:04,39.0300,24,1
2026-04-07,600036,14:34:07,39.0300,33,1
2026-04-07,600036,14:34:10,39.0300,23,1
2026-04-07,600036,14:34:13,39.0300,62,1
2026-04-07,600036,14:34:16,39.0300,20,1
2026-04-07,600036,14:34:19,39.0300,53,1
2026-04-07,600036,14:34:22,39.0300,18,1
2026-04-07,600036,14:34:25,39.0200,10,2
2026-04-07,600036,14:34:28,39.0300,11,1
2026-04-07,600036,14:34:31,39.0300,21,1
2026-04-07,600036,14:34:34,39.0300,59,1
2026-04-07,600036,14:34:37,39.0300,25,1
2026-04-07,600036,14:34:40,39.0300,67,1
2026-04-07,600036,14:34:43,39.0300,16,1
2026-04-07,600036,14:34:46,39.0300,20,1
2026-04-07,600036,14:34:49,39.0300,4,1
2026-04-07,600036,14:34:52,39.0300,59,1
2026-04-07,600036,14:34:55,39.0300,9,1
2026-04-07,600036,14:34:58,39.0300,37,1
2026-04-07,600036,14:35:01,39.0200,26,2
2026-04-07,600036,14:35:04,39.0200,394,2
2026-04-07,600036,14:35:07,39.0100,1477,2
2026-04-07,600036,14:35:10,39.0100,89,1
2026-04-07,600036,14:35:13,39.0000,65,2
2026-04-07,600036,14:35:16,39.0000,7,2
2026-04-07,600036,14:35:19,39.0100,6,1
2026-04-07,600036,14:35:22,39.0100,8,1
2026-04-07,600036,14:35:25,39.0100,35,1
2026-04-07,600036,14:35:28,39.0100,435,1
2026-04-07,600036,14:35:31,39.0100,29,2
2026-04-07,600036,14:35:34,39.0200,79,1
2026-04-07,600036,14:35:37,39.0200,77,1
2026-04-07,600036,14:35:40,39.0100,78,2
2026-04-07,600036,14:35:43,39.0100,117,2
2026-04-07,600036,14:35:46,39.0200,68,1
2026-04-07,600036,14:35:49,39.0100,36,2
2026-04-07,600036,14:35:52,39.0100,333,2
2026-04-07,600036,14:35:55,39.0000,229,2
2026-04-07,600036,14:35:58,39.0000,22,2
2026-04-07,600036,14:36:01,39.0100,8,1
2026-04-07,600036,14:36:04,39.0000,89,2
2026-04-07,600036,14:36:07,39.0000,34,2
2026-04-07,600036,14:36:10,39.0000,1409,2
2026-04-07,600036,14:36:13,39.0000,1298,2
2026-04-07,600036,14:36:16,39.0000,310,1
2026-04-07,600036,14:36:19,39.0000,312,1
2026-04-07,600036,14:36:22,39.0000,46,1
2026-04-07,600036,14:36:25,39.0000,58,1
2026-04-07,600036,14:36:28,38.9900,102,2
2026-04-07,600036,14:36:31,39.0000,85,1
2026-04-07,600036,14:36:34,38.9900,171,2
2026-04-07,600036,14:36:37,39.0000,85,1
2026-04-07,600036,14:36:40,39.0000,9,1
2026-04-07,600036,14:36:43,39.0000,36,1
2026-04-07,600036,14:36:46,39.0000,15,1
2026-04-07,600036,14:36:49,38.9900,152,2
2026-04-07,600036,14:36:52,38.9800,1825,2
2026-04-07,600036,14:36:55,38.9900,622,1
2026-04-07,600036,14:36:58,38.9800,760,2
2026-04-07,600036,14:37:01,38.9800,813,2
2026-04-07,600036,14:37:04,38.9800,901,2
2026-04-07,600036,14:37:07,38.9800,257,2
2026-04-07,600036,14:37:10,38.9800,31,2
2026-04-07,600036,14:37:13,38.9900,22,1
2026-04-07,600036,14:37:16,38.9800,238,2
2026-04-07,600036,14:37:19,38.9700,125,2
2026-04-07,600036,14:37:22,38.9800,22,2
2026-04-07,600036,14:37:25,38.9900,9,1
2026-04-07,600036,14:37:28,38.9800,25,2
2026-04-07,600036,14:37:31,38.9800,98,2
2026-04-07,600036,14:37:34,38.9700,164,2
2026-04-07,600036,14:37:37,38.9800,36,1
2026-04-07,600036,14:37:40,38.9700,49,2
2026-04-07,600036,14:37:43,38.9800,107,1
2026-04-07,600036,14:37:46,38.9700,36,2
2026-04-07,600036,14:37:49,38.9800,109,1
2026-04-07,600036,14:37:52,38.9700,86,2
2026-04-07,600036,14:37:55,38.9800,77,1
2026-04-07,600036,14:37:58,38.9800,61,1
2026-04-07,600036,14:38:01,38.9800,537,1
2026-04-07,600036,14:38:04,38.9700,39,2
2026-04-07,600036,14:38:07,38.9800,222,1
2026-04-07,600036,14:38:10,38.9700,26,2
2026-04-07,600036,14:38:13,38.9700,38,2
2026-04-07,600036,14:38:16,38.9800,25,1
2026-04-07,600036,14:38:19,38.9800,281,1
2026-04-07,600036,14:38:22,38.9800,37,1
2026-04-07,600036,14:38:25,38.9800,77,1
2026-04-07,600036,14:38:28,38.9800,15,1
2026-04-07,600036,14:38:31,38.9800,116,1
2026-04-07,600036,14:38:34,38.9800,61,1
2026-04-07,600036,14:38:37,38.9700,108,2
2026-04-07,600036,14:38:40,38.9800,199,1
2026-04-07,600036,14:38:43,38.9800,72,1
2026-04-07,600036,14:38:46,38.9800,34,1
2026-04-07,600036,14:38:49,38.9800,62,1
2026-04-07,600036,14:38:52,38.9800,67,1
2026-04-07,600036,14:38:55,38.9800,556,1
2026-04-07,600036,14:38:58,38.9700,79,2
2026-04-07,600036,14:39:01,38.9800,249,1
2026-04-07,600036,14:39:04,38.9800,23,2
2026-04-07,600036,14:39:07,38.9800,135,2
2026-04-07,600036,14:39:10,38.9800,19,2
2026-04-07,600036,14:39:13,38.9900,104,1
2026-04-07,600036,14:39:16,38.9900,20,1
2026-04-07,600036,14:39:19,38.9900,131,1
2026-04-07,600036,14:39:22,38.9800,52,2
2026-04-07,600036,14:39:25,38.9900,12,1
2026-04-07,600036,14:39:28,38.9900,46,1
2026-04-07,600036,14:39:31,38.9800,5,2
2026-04-07,600036,14:39:34,38.9900,29,1
2026-04-07,600036,14:39:37,38.9900,50,1
2026-04-07,600036,14:39:40,38.9900,24,1
2026-04-07,600036,14:39:43,38.9800,36,2
2026-04-07,600036,14:39:46,38.9900,6,1
2026-04-07,600036,14:39:49,38.9900,5,1
2026-04-07,600036,14:39:52,38.9900,26,1
2026-04-07,600036,14:39:55,38.9900,39,1
2026-04-07,600036,14:39:58,38.9800,35,2
2026-04-07,600036,14:40:01,38.9900,124,1
2026-04-07,600036,14:40:04,38.9800,48,2
2026-04-07,600036,14:40:07,38.9900,39,1
2026-04-07,600036,14:40:10,38.9800,44,2
2026-04-07,600036,14:40:13,38.9800,133,2
2026-04-07,600036,14:40:16,38.9800,60,2
2026-04-07,600036,14:40:19,38.9800,271,2
2026-04-07,600036,14:40:22,38.9800,326,2
2026-04-07,600036,14:40:25,38.9900,165,1
2026-04-07,600036,14:40:28,38.9800,113,2
2026-04-07,600036,14:40:31,38.9900,9,1
2026-04-07,600036,14:40:34,38.9900,120,1
2026-04-07,600036,14:40:37,38.9900,201,1
2026-04-07,600036,14:40:40,38.9800,22,2
2026-04-07,600036,14:40:43,38.9900,49,1
2026-04-07,600036,14:40:46,38.9900,40,1
2026-04-07,600036,14:40:49,38.9900,78,1
2026-04-07,600036,14:40:52,38.9900,118,1
2026-04-07,600036,14:40:55,38.9900,15,1
2026-04-07,600036,14:40:58,38.9900,143,1
2026-04-07,600036,14:41:01,38.9800,343,2
2026-04-07,600036,14:41:04,38.9800,421,2
2026-04-07,600036,14:41:07,38.9800,62,1
2026-04-07,600036,14:41:10,38.9800,26,1
2026-04-07,600036,14:41:13,38.9800,97,1
2026-04-07,600036,14:41:16,38.9800,41,1
2026-04-07,600036,14:41:19,38.9800,156,2
2026-04-07,600036,14:41:22,38.9800,34,2
2026-04-07,600036,14:41:25,38.9900,14,1
2026-04-07,600036,14:41:28,38.9800,13,2
2026-04-07,600036,14:41:31,38.9900,37,1
2026-04-07,600036,14:41:34,38.9900,70,1
2026-04-07,600036,14:41:37,38.9900,43,1
2026-04-07,600036,14:41:40,38.9800,37,2
2026-04-07,600036,14:41:43,38.9800,85,2
2026-04-07,600036,14:41:46,38.9900,13,1
2026-04-07,600036,14:41:49,38.9900,144,1
2026-04-07,600036,14:41:52,38.9800,44,2
2026-04-07,600036,14:41:55,38.9900,13,1
2026-04-07,600036,14:41:58,38.9800,18,2
2026-04-07,600036,14:42:01,38.9900,49,1
2026-04-07,600036,14:42:04,38.9900,110,1
2026-04-07,600036,14:42:07,38.9900,105,1
2026-04-07,600036,14:42:10,38.9800,212,2
2026-04-07,600036,14:42:13,38.9900,155,1
2026-04-07,600036,14:42:16,38.9800,47,2
2026-04-07,600036,14:42:19,38.9800,143,2
2026-04-07,600036,14:42:22,38.9900,34,1
2026-04-07,600036,14:42:25,38.9900,623,1
2026-04-07,600036,14:42:28,38.9800,82,2
2026-04-07,600036,14:42:31,38.9900,58,1
2026-04-07,600036,14:42:34,38.9900,34,1
2026-04-07,600036,14:42:37,38.9900,53,1
2026-04-07,600036,14:42:40,38.9800,66,2
2026-04-07,600036,14:42:43,38.9900,38,1
2026-04-07,600036,14:42:46,38.9900,94,1
2026-04-07,600036,14:42:49,38.9900,22,1
2026-04-07,600036,14:42:52,38.9900,56,1
2026-04-07,600036,14:42:55,38.9900,116,1
2026-04-07,600036,14:42:58,38.9900,545,1
2026-04-07,600036,14:43:01,38.9800,55,2
2026-04-07,600036,14:43:04,38.9900,95,1
2026-04-07,600036,14:43:07,38.9800,370,2
2026-04-07,600036,14:43:10,38.9800,175,2
2026-04-07,600036,14:43:13,38.9900,273,1
2026-04-07,600036,14:43:16,38.9800,92,2
2026-04-07,600036,14:43:19,38.9800,91,2
2026-04-07,600036,14:43:22,38.9900,73,1
2026-04-07,600036,14:43:25,38.9900,39,1
2026-04-07,600036,14:43:28,38.9700,271,2
2026-04-07,600036,14:43:31,38.9900,33,1
2026-04-07,600036,14:43:34,38.9900,35,1
2026-04-07,600036,14:43:37,38.9900,19,1
2026-04-07,600036,14:43:40,38.9900,195,1
2026-04-07,600036,14:43:43,38.9800,34,2
2026-04-07,600036,14:43:46,38.9900,25,1
2026-04-07,600036,14:43:49,38.9900,18,1
2026-04-07,600036,14:43:52,38.9800,20,2
2026-04-07,600036,14:43:55,38.9800,69,2
2026-04-07,600036,14:43:58,38.9900,29,1
2026-04-07,600036,14:44:01,38.9800,112,2
2026-04-07,600036,14:44:04,38.9800,149,2
2026-04-07,600036,14:44:07,38.9800,39,2
2026-04-07,600036,14:44:10,38.9800,147,2
2026-04-07,600036,14:44:13,38.9700,143,2
2026-04-07,600036,14:44:16,38.9800,926,2
2026-04-07,600036,14:44:19,38.9800,46,2
2026-04-07,600036,14:44:22,38.9800,36,2
2026-04-07,600036,14:44:25,38.9900,72,1
2026-04-07,600036,14:44:28,38.9900,71,1
2026-04-07,600036,14:44:31,38.9900,30,1
2026-04-07,600036,14:44:34,38.9900,34,1
2026-04-07,600036,14:44:37,38.9900,120,1
2026-04-07,600036,14:44:40,38.9900,117,1
2026-04-07,600036,14:44:43,38.9900,13,1
2026-04-07,600036,14:44:46,38.9800,28,2
2026-04-07,600036,14:44:49,38.9900,23,1
2026-04-07,600036,14:44:52,38.9900,29,1
2026-04-07,600036,14:44:55,38.9800,24,2
2026-04-07,600036,14:44:58,38.9800,277,2
2026-04-07,600036,14:45:01,38.9900,51,1
2026-04-07,600036,14:45:04,38.9800,99,2
2026-04-07,600036,14:45:07,38.9900,47,1
2026-04-07,600036,14:45:10,38.9900,120,1
2026-04-07,600036,14:45:13,38.9800,137,2
2026-04-07,600036,14:45:16,38.9800,22,2
2026-04-07,600036,14:45:19,38.9800,233,2
2026-04-07,600036,14:45:22,38.9800,59,2
2026-04-07,600036,14:45:25,38.9800,70,2
2026-04-07,600036,14:45:28,38.9900,64,1
2026-04-07,600036,14:45:31,38.9800,53,2
2026-04-07,600036,14:45:34,38.9800,34,2
2026-04-07,600036,14:45:37,38.9900,29,1
2026-04-07,600036,14:45:40,38.9900,30,1
2026-04-07,600036,14:45:43,38.9900,32,1
2026-04-07,600036,14:45:46,38.9800,134,2
2026-04-07,600036,14:45:49,38.9800,103,2
2026-04-07,600036,14:45:52,38.9800,20,2
2026-04-07,600036,14:45:55,38.9800,982,2
2026-04-07,600036,14:45:58,38.9900,11,1
2026-04-07,600036,14:46:01,38.9900,85,1
2026-04-07,600036,14:46:04,38.9900,35,1
2026-04-07,600036,14:46:07,38.9900,23,1
2026-04-07,600036,14:46:10,38.9800,52,2
2026-04-07,600036,14:46:13,38.9900,17,1
2026-04-07,600036,14:46:16,38.9800,86,2
2026-04-07,600036,14:46:19,38.9800,491,2
2026-04-07,600036,14:46:22,38.9800,345,1
2026-04-07,600036,14:46:25,38.9800,13,2
2026-04-07,600036,14:46:28,38.9700,550,2
2026-04-07,600036,14:46:31,38.9900,42,1
2026-04-07,600036,14:46:34,38.9900,12,1
2026-04-07,600036,14:46:37,38.9800,57,2
2026-04-07,600036,14:46:40,38.9800,16,2
2026-04-07,600036,14:46:43,38.9900,75,1
2026-04-07,600036,14:46:46,38.9900,18,1
2026-04-07,600036,14:46:49,38.9900,5,1
2026-04-07,600036,14:46:52,38.9800,93,2
2026-04-07,600036,14:46:55,38.9900,44,1
2026-04-07,600036,14:46:58,38.9900,45,1
2026-04-07,600036,14:47:01,38.9900,75,1
2026-04-07,600036,14:47:04,38.9800,633,2
2026-04-07,600036,14:47:07,38.9900,39,1
2026-04-07,600036,14:47:10,38.9800,31,2
2026-04-07,600036,14:47:13,38.9800,146,2
2026-04-07,600036,14:47:16,38.9900,1,1
2026-04-07,600036,14:47:19,38.9800,240,2
2026-04-07,600036,14:47:22,38.9800,75,2
2026-04-07,600036,14:47:25,38.9900,353,1
2026-04-07,600036,14:47:28,38.9900,191,1
2026-04-07,600036,14:47:31,38.9800,658,2
2026-04-07,600036,14:47:34,38.9800,94,2
2026-04-07,600036,14:47:37,38.9900,104,1
2026-04-07,600036,14:47:40,38.9900,430,1
2026-04-07,600036,14:47:43,38.9900,184,1
2026-04-07,600036,14:47:46,38.9900,17,2
2026-04-07,600036,14:47:49,38.9900,13,2
2026-04-07,600036,14:47:52,39.0000,45,1
2026-04-07,600036,14:47:55,39.0000,48,1
2026-04-07,600036,14:47:58,39.0000,252,1
2026-04-07,600036,14:48:01,39.0000,66,1
2026-04-07,600036,14:48:04,39.0000,66,1
2026-04-07,600036,14:48:07,38.9900,577,2
2026-04-07,600036,14:48:10,39.0000,116,1
2026-04-07,600036,14:48:13,39.0000,29,1
2026-04-07,600036,14:48:16,38.9900,99,2
2026-04-07,600036,14:48:19,38.9900,65,1
2026-04-07,600036,14:48:22,38.9900,96,1
2026-04-07,600036,14:48:25,38.9900,205,1
2026-04-07,600036,14:48:28,38.9900,31,1
2026-04-07,600036,14:48:31,38.9900,96,1
2026-04-07,600036,14:48:34,38.9900,65,1
2026-04-07,600036,14:48:37,38.9900,64,1
2026-04-07,600036,14:48:40,38.9900,78,1
2026-04-07,600036,14:48:43,38.9900,110,1
2026-04-07,600036,14:48:46,38.9900,108,1
2026-04-07,600036,14:48:49,38.9900,22,1
2026-04-07,600036,14:48:52,38.9900,73,1
2026-04-07,600036,14:48:55,38.9900,191,1
2026-04-07,600036,14:48:58,38.9900,58,1
2026-04-07,600036,14:49:01,38.9900,64,1
2026-04-07,600036,14:49:04,38.9900,144,1
2026-04-07,600036,14:49:07,38.9900,88,1
2026-04-07,600036,14:49:10,38.9900,56,2
2026-04-07,600036,14:49:13,38.9900,87,2
2026-04-07,600036,14:49:16,38.9900,111,2
2026-04-07,600036,14:49:19,38.9900,995,2
2026-04-07,600036,14:49:22,38.9900,69,1
2026-04-07,600036,14:49:25,38.9900,144,1
2026-04-07,600036,14:49:28,38.9900,183,1
2026-04-07,600036,14:49:31,38.9900,118,1
2026-04-07,600036,14:49:34,38.9900,64,1
2026-04-07,600036,14:49:37,38.9900,46,1
2026-04-07,600036,14:49:40,38.9900,170,1
2026-04-07,600036,14:49:43,38.9900,30,1
2026-04-07,600036,14:49:46,38.9900,41,2
2026-04-07,600036,14:49:49,38.9900,19,4
2026-04-07,600036,14:49:52,38.9900,32,1
2026-04-07,600036,14:49:55,38.9800,35,2
2026-04-07,600036,14:49:58,38.9900,66,2
2026-04-07,600036,14:50:01,39.0000,241,1
2026-04-07,600036,14:50:04,39.0000,74,1
2026-04-07,600036,14:50:07,38.9900,239,2
2026-04-07,600036,14:50:10,39.0000,498,1
2026-04-07,600036,14:50:13,39.0000,58,1
2026-04-07,600036,14:50:16,39.0000,58,1
2026-04-07,600036,14:50:19,39.0000,165,2
2026-04-07,600036,14:50:22,39.0100,54,1
2026-04-07,600036,14:50:25,39.0100,133,1
2026-04-07,600036,14:50:28,39.0000,53,2
2026-04-07,600036,14:50:31,39.0100,133,1
2026-04-07,600036,14:50:34,39.0100,49,1
2026-04-07,600036,14:50:37,39.0000,519,2
2026-04-07,600036,14:50:40,39.0100,13,1
2026-04-07,600036,14:50:43,39.0100,27,1
2026-04-07,600036,14:50:46,39.0100,104,1
2026-04-07,600036,14:50:49,39.0100,173,1
2026-04-07,600036,14:50:52,39.0000,135,2
2026-04-07,600036,14:50:55,39.0000,102,2
2026-04-07,600036,14:50:58,39.0000,33,2
2026-04-07,600036,14:51:01,39.0000,320,2
2026-04-07,600036,14:51:04,39.0000,49,1
2026-04-07,600036,14:51:07,39.0000,27,1
2026-04-07,600036,14:51:10,39.0000,69,1
2026-04-07,600036,14:51:13,39.0000,17,1
2026-04-07,600036,14:51:16,39.0000,21,1
2026-04-07,600036,14:51:19,39.0000,45,1
2026-04-07,600036,14:51:22,39.0000,267,1
2026-04-07,600036,14:51:25,39.0000,14,2
2026-04-07,600036,14:51:28,39.0100,27,1
2026-04-07,600036,14:51:31,39.0000,30,2
2026-04-07,600036,14:51:34,39.0000,41,2
2026-04-07,600036,14:51:37,39.0100,45,1
2026-04-07,600036,14:51:40,39.0100,26,1
2026-04-07,600036,14:51:43,39.0000,39,2
2026-04-07,600036,14:51:46,39.0000,78,2
2026-04-07,600036,14:51:49,39.0000,114,2
2026-04-07,600036,14:51:52,39.0000,43,2
2026-04-07,600036,14:51:55,39.0000,32,2
2026-04-07,600036,14:51:58,39.0100,111,1
2026-04-07,600036,14:52:01,39.0000,43,2
2026-04-07,600036,14:52:04,39.0100,24,1
2026-04-07,600036,14:52:07,39.0100,40,1
2026-04-07,600036,14:52:10,39.0000,75,2
2026-04-07,600036,14:52:13,39.0100,390,1
2026-04-07,600036,14:52:16,39.0100,364,1
2026-04-07,600036,14:52:19,39.0000,56,2
2026-04-07,600036,14:52:22,39.0100,23,1
2026-04-07,600036,14:52:25,39.0100,36,1
2026-04-07,600036,14:52:28,39.0100,53,1
2026-04-07,600036,14:52:31,39.0100,41,1
2026-04-07,600036,14:52:34,39.0100,35,1
2026-04-07,600036,14:52:37,39.0100,56,1
2026-04-07,600036,14:52:40,39.0000,75,2
2026-04-07,600036,14:52:43,39.0100,12,1
2026-04-07,600036,14:52:46,39.0100,77,1
2026-04-07,600036,14:52:49,39.0100,108,1
2026-04-07,600036,14:52:52,39.0100,104,1
2026-04-07,600036,14:52:55,39.0100,79,1
2026-04-07,600036,14:52:58,39.0000,28,2
2026-04-07,600036,14:53:01,39.0100,90,1
2026-04-07,600036,14:53:04,39.0100,70,1
2026-04-07,600036,14:53:07,39.0100,25,1
2026-04-07,600036,14:53:10,39.0100,639,1
2026-04-07,600036,14:53:13,39.0000,175,2
2026-04-07,600036,14:53:16,39.0000,87,2
2026-04-07,600036,14:53:19,39.0000,515,2
2026-04-07,600036,14:53:22,39.0000,679,2
2026-04-07,600036,14:53:25,39.0100,150,1
2026-04-07,600036,14:53:28,39.0000,151,2
2026-04-07,600036,14:53:31,39.0000,71,2
2026-04-07,600036,14:53:34,39.0000,41,2
2026-04-07,600036,14:53:37,39.0000,33,2
2026-04-07,600036,14:53:40,39.0000,60,2
2026-04-07,600036,14:53:43,39.0000,180,2
2026-04-07,600036,14:53:46,39.0000,31,2
2026-04-07,600036,14:53:49,39.0100,68,1
2026-04-07,600036,14:53:52,39.0100,319,1
2026-04-07,600036,14:53:55,39.0000,86,2
2026-04-07,600036,14:53:58,39.0100,224,1
2026-04-07,600036,14:54:01,39.0100,131,1
2026-04-07,600036,14:54:04,39.0000,155,2
2026-04-07,600036,14:54:07,39.0100,71,1
2026-04-07,600036,14:54:10,39.0000,42,2
2026-04-07,600036,14:54:13,39.0000,84,2
2026-04-07,600036,14:54:16,39.0000,840,2
2026-04-07,600036,14:54:19,39.0100,134,1
2026-04-07,600036,14:54:22,39.0100,42,1
2026-04-07,600036,14:54:25,39.0100,78,1
2026-04-07,600036,14:54:28,39.0000,257,2
2026-04-07,600036,14:54:31,39.0100,35,1
2026-04-07,600036,14:54:34,39.0100,186,1
2026-04-07,600036,14:54:37,39.0100,65,1
2026-04-07,600036,14:54:40,39.0100,49,1
2026-04-07,600036,14:54:43,39.0100,48,1
2026-04-07,600036,14:54:46,39.0100,170,1
2026-04-07,600036,14:54:49,39.0100,155,1
2026-04-07,600036,14:54:52,39.0100,169,1
2026-04-07,600036,14:54:55,39.0100,188,1
2026-04-07,600036,14:54:58,39.0000,115,2
2026-04-07,600036,14:55:01,39.0000,138,2
2026-04-07,600036,14:55:04,39.0000,93,2
2026-04-07,600036,14:55:07,39.0000,48,2
2026-04-07,600036,14:55:10,39.0000,117,2
2026-04-07,600036,14:55:13,39.0000,84,2
2026-04-07,600036,14:55:16,39.0000,89,2
2026-04-07,600036,14:55:19,39.0000,282,2
2026-04-07,600036,14:55:22,39.0100,45,1
2026-04-07,600036,14:55:25,39.0000,44,2
2026-04-07,600036,14:55:28,39.0000,173,2
2026-04-07,600036,14:55:31,39.0000,58,2
2026-04-07,600036,14:55:34,39.0000,145,2
2026-04-07,600036,14:55:37,39.0000,227,2
2026-04-07,600036,14:55:40,39.0000,27,2
2026-04-07,600036,14:55:43,39.0100,119,1
2026-04-07,600036,14:55:46,39.0100,14,1
2026-04-07,600036,14:55:49,39.0100,66,1
2026-04-07,600036,14:55:52,39.0100,208,1
2026-04-07,600036,14:55:55,39.0100,258,1
2026-04-07,600036,14:55:58,39.0100,45,1
2026-04-07,600036,14:56:01,39.0100,390,1
2026-04-07,600036,14:56:04,39.0000,624,2
2026-04-07,600036,14:56:07,39.0000,157,2
2026-04-07,600036,14:56:10,39.0100,163,1
2026-04-07,600036,14:56:13,39.0000,157,2
2026-04-07,600036,14:56:16,39.0100,233,1
2026-04-07,600036,14:56:19,39.0000,103,2
2026-04-07,600036,14:56:22,39.0000,324,2
2026-04-07,600036,14:56:25,39.0000,153,2
2026-04-07,600036,14:56:28,39.0000,109,2
2026-04-07,600036,14:56:31,39.0100,964,1
2026-04-07,600036,14:56:34,39.0100,180,1
2026-04-07,600036,14:56:37,39.0100,383,1
2026-04-07,600036,14:56:40,39.0100,105,1
2026-04-07,600036,14:56:43,39.0100,835,1
2026-04-07,600036,14:56:46,38.9900,168,2
2026-04-07,600036,14:56:49,39.0000,69,1
2026-04-07,600036,14:56:52,39.0000,170,1
2026-04-07,600036,14:56:55,39.0000,53,1
2026-04-07,600036,14:56:58,39.0100,18,1
2026-04-07,600036,14:57:01,39.0000,82,2
2026-04-07,600036,15:00:04,38.9900,6337,4
2026-04-07,600036,13:17:01,39.1700,22,2
2026-04-07,600036,13:17:04,39.1900,333,1
2026-04-07,600036,13:17:07,39.1700,842,2
2026-04-07,600036,13:17:10,39.1700,317,2
2026-04-07,600036,13:17:13,39.1700,1221,2
2026-04-07,600036,13:17:16,39.1600,181,2
2026-04-07,600036,13:17:19,39.1600,239,1
2026-04-07,600036,13:17:22,39.1500,50,2
2026-04-07,600036,13:17:25,39.1600,71,1
2026-04-07,600036,13:17:28,39.1600,76,1
2026-04-07,600036,13:17:31,39.1500,39,2
2026-04-07,600036,13:17:34,39.1600,130,1
2026-04-07,600036,13:17:37,39.1600,64,1
2026-04-07,600036,13:17:40,39.1600,13,2
2026-04-07,600036,13:17:43,39.1700,79,1
2026-04-07,600036,13:17:46,39.1700,35,1
2026-04-07,600036,13:17:49,39.1600,41,2
2026-04-07,600036,13:17:52,39.1700,102,1
2026-04-07,600036,13:17:55,39.1600,29,2
2026-04-07,600036,13:17:58,39.1600,122,2
2026-04-07,600036,13:18:01,39.1700,21,1
2026-04-07,600036,13:18:04,39.1700,31,1
2026-04-07,600036,13:18:07,39.1700,203,1
2026-04-07,600036,13:18:10,39.1700,22,1
2026-04-07,600036,13:18:13,39.1700,139,1
2026-04-07,600036,13:18:16,39.1700,262,2
2026-04-07,600036,13:18:19,39.1700,134,2
2026-04-07,600036,13:18:22,39.1600,33,2
2026-04-07,600036,13:18:25,39.1600,18,2
2026-04-07,600036,13:18:28,39.1700,206,1
2026-04-07,600036,13:18:31,39.1700,1009,1
2026-04-07,600036,13:18:34,39.1600,303,2
2026-04-07,600036,13:18:37,39.1500,97,2
2026-04-07,600036,13:18:40,39.1600,28,1
2026-04-07,600036,13:18:43,39.1600,30,1
2026-04-07,600036,13:18:46,39.1600,39,1
2026-04-07,600036,13:18:49,39.1600,56,1
2026-04-07,600036,13:18:52,39.1600,344,1
2026-04-07,600036,13:18:55,39.1600,163,1
2026-04-07,600036,13:18:58,39.1600,61,1
2026-04-07,600036,13:19:01,39.1600,443,1
2026-04-07,600036,13:19:04,39.1600,73,1
2026-04-07,600036,13:19:07,39.1600,145,1
2026-04-07,600036,13:19:10,39.1600,123,1
2026-04-07,600036,13:19:13,39.1600,52,2
2026-04-07,600036,13:19:16,39.1600,94,2
2026-04-07,600036,13:19:19,39.1500,43,2
2026-04-07,600036,13:19:22,39.1500,154,2
2026-04-07,600036,13:19:25,39.1500,134,2
2026-04-07,600036,13:19:28,39.1600,34,1
2026-04-07,600036,13:19:31,39.1500,45,2
2026-04-07,600036,13:19:34,39.1600,335,1
2026-04-07,600036,13:19:37,39.1600,80,1
2026-04-07,600036,13:19:40,39.1600,64,1
2026-04-07,600036,13:19:43,39.1600,47,1
2026-04-07,600036,13:19:46,39.1600,96,1
2026-04-07,600036,13:19:49,39.1500,73,2
2026-04-07,600036,13:19:52,39.1600,705,1
2026-04-07,600036,13:19:55,39.1700,954,1
2026-04-07,600036,13:19:58,39.1500,98,2
2026-04-07,600036,13:20:01,39.1500,273,2
2026-04-07,600036,13:20:04,39.1600,90,1
2026-04-07,600036,13:20:07,39.1500,90,4
2026-04-07,600036,13:20:10,39.1500,133,1
2026-04-07,600036,13:20:13,39.1500,1144,1
2026-04-07,600036,13:20:16,39.1400,134,2
2026-04-07,600036,13:20:19,39.1500,55,1
2026-04-07,600036,13:20:22,39.1500,97,1
2026-04-07,600036,13:20:25,39.1400,1011,2
2026-04-07,600036,13:20:28,39.1300,357,2
2026-04-07,600036,13:20:31,39.1300,280,2
2026-04-07,600036,13:20:34,39.1300,980,1
2026-04-07,600036,13:20:37,39.1300,192,1
2026-04-07,600036,13:20:40,39.1200,124,2
2026-04-07,600036,13:20:43,39.1300,70,1
2026-04-07,600036,13:20:46,39.1300,704,1
2026-04-07,600036,13:20:49,39.1200,232,2
2026-04-07,600036,13:20:52,39.1300,53,1
2026-04-07,600036,13:20:55,39.1200,162,2
2026-04-07,600036,13:20:58,39.1300,78,1
2026-04-07,600036,13:21:01,39.1200,140,2
2026-04-07,600036,13:21:04,39.1200,154,2
2026-04-07,600036,13:21:07,39.1200,67,2
2026-04-07,600036,13:21:10,39.1300,140,1
2026-04-07,600036,13:21:13,39.1300,75,2
2026-04-07,600036,13:21:16,39.1300,1158,2
2026-04-07,600036,13:21:19,39.1100,244,2
2026-04-07,600036,13:21:22,39.1200,115,4
2026-04-07,600036,13:21:25,39.1300,185,1
2026-04-07,600036,13:21:28,39.1300,46,2
2026-04-07,600036,13:21:31,39.1400,26,1
2026-04-07,600036,13:21:34,39.1400,141,1
2026-04-07,600036,13:21:37,39.1400,16,1
2026-04-07,600036,13:21:40,39.1300,12,2
2026-04-07,600036,13:21:43,39.1400,747,1
2026-04-07,600036,13:21:46,39.1400,100,2
2026-04-07,600036,13:21:49,39.1500,151,1
2026-04-07,600036,13:21:52,39.1500,31,1
2026-04-07,600036,13:21:55,39.1400,94,2
2026-04-07,600036,13:21:58,39.1500,75,1
2026-04-07,600036,13:22:01,39.1500,76,1
2026-04-07,600036,13:22:04,39.1500,34,1
2026-04-07,600036,13:22:07,39.1500,9,1
2026-04-07,600036,13:22:10,39.1500,2,1
2026-04-07,600036,13:22:13,39.1500,35,1
2026-04-07,600036,13:22:16,39.1400,231,2
2026-04-07,600036,13:22:19,39.1500,36,1
2026-04-07,600036,13:22:22,39.1500,36,1
2026-04-07,600036,13:22:25,39.1500,72,1
2026-04-07,600036,13:22:28,39.1500,173,1
2026-04-07,600036,13:22:31,39.1500,71,1
2026-04-07,600036,13:22:34,39.1500,37,1
2026-04-07,600036,13:22:37,39.1500,37,1
2026-04-07,600036,13:22:40,39.1500,30,1
2026-04-07,600036,13:22:43,39.1500,42,1
2026-04-07,600036,13:22:46,39.1400,111,2
2026-04-07,600036,13:22:49,39.1400,68,1
2026-04-07,600036,13:22:52,39.1400,88,1
2026-04-07,600036,13:22:55,39.1400,245,1
2026-04-07,600036,13:22:58,39.1300,63,2
2026-04-07,600036,13:23:01,39.1400,57,1
2026-04-07,600036,13:23:04,39.1400,55,1
2026-04-07,600036,13:23:07,39.1400,24,1
2026-04-07,600036,13:23:10,39.1300,5,2
2026-04-07,600036,13:23:13,39.1400,19,1
2026-04-07,600036,13:23:16,39.1400,538,1
2026-04-07,600036,13:23:19,39.1400,177,1
2026-04-07,600036,13:23:22,39.1400,60,1
2026-04-07,600036,13:23:25,39.1400,29,1
2026-04-07,600036,13:23:28,39.1300,66,2
2026-04-07,600036,13:23:31,39.1300,129,2
2026-04-07,600036,13:23:34,39.1300,30,1
2026-04-07,600036,13:23:37,39.1300,33,1
2026-04-07,600036,13:23:40,39.1300,42,1
2026-04-07,600036,13:23:43,39.1100,705,2
2026-04-07,600036,13:23:46,39.1100,76,2
2026-04-07,600036,13:23:49,39.1200,381,1
2026-04-07,600036,13:23:52,39.1200,88,1
2026-04-07,600036,13:23:55,39.1200,100,1
2026-04-07,600036,13:23:58,39.1100,38,2
2026-04-07,600036,13:24:01,39.1100,667,2
2026-04-07,600036,13:24:04,39.1200,88,1
2026-04-07,600036,13:24:07,39.1100,37,2
2026-04-07,600036,13:24:10,39.1200,786,1
2026-04-07,600036,13:24:13,39.1200,415,1
2026-04-07,600036,13:24:16,39.1100,100,2
2026-04-07,600036,13:24:19,39.1100,87,1
2026-04-07,600036,13:24:22,39.1000,57,2
2026-04-07,600036,13:24:25,39.1100,234,1
2026-04-07,600036,13:24:28,39.1100,59,1
2026-04-07,600036,13:24:31,39.1100,182,1
2026-04-07,600036,13:24:34,39.1100,58,1
2026-04-07,600036,13:24:37,39.1100,21,1
2026-04-07,600036,13:24:40,39.1000,50,2
2026-04-07,600036,13:24:43,39.1000,49,2
2026-04-07,600036,13:24:46,39.1000,27,2
2026-04-07,600036,13:24:49,39.1000,15,2
2026-04-07,600036,13:24:52,39.1000,21,2
2026-04-07,600036,13:24:55,39.1000,37,2
2026-04-07,600036,13:24:58,39.1100,262,1
2026-04-07,600036,13:25:01,39.1100,131,1
2026-04-07,600036,13:25:04,39.1100,35,1
2026-04-07,600036,13:25:07,39.1100,19,2
2026-04-07,600036,13:25:10,39.1100,58,2
2026-04-07,600036,13:25:13,39.1100,32,2
2026-04-07,600036,13:25:16,39.1100,62,2
2026-04-07,600036,13:25:19,39.1100,88,1
2026-04-07,600036,13:25:22,39.1100,65,1
2026-04-07,600036,13:25:25,39.1100,58,1
2026-04-07,600036,13:25:28,39.1100,28,1
2026-04-07,600036,13:25:31,39.1100,52,1
2026-04-07,600036,13:25:34,39.1100,17,1
2026-04-07,600036,13:25:37,39.1100,53,1
2026-04-07,600036,13:25:40,39.1100,27,1
2026-04-07,600036,13:25:43,39.1000,62,2
2026-04-07,600036,13:25:46,39.1100,19,1
2026-04-07,600036,13:25:49,39.1000,25,2
2026-04-07,600036,13:25:52,39.1100,23,1
2026-04-07,600036,13:25:55,39.1100,33,1
2026-04-07,600036,13:25:58,39.1100,5,1
2026-04-07,600036,13:26:01,39.1100,11,1
2026-04-07,600036,13:26:04,39.1000,2660,2
2026-04-07,600036,13:26:07,39.1000,328,1
2026-04-07,600036,13:26:10,39.0800,111,2
2026-04-07,600036,13:26:13,39.0900,332,1
2026-04-07,600036,13:26:16,39.0900,60,1
2026-04-07,600036,13:26:19,39.0800,65,2
2026-04-07,600036,13:26:22,39.0900,70,1
2026-04-07,600036,13:26:25,39.0900,29,1
2026-04-07,600036,13:26:28,39.0900,23,1
2026-04-07,600036,13:26:31,39.0800,113,2
2026-04-07,600036,13:26:34,39.0800,559,2
2026-04-07,600036,13:26:37,39.0800,144,1
2026-04-07,600036,13:26:40,39.0700,435,2
2026-04-07,600036,13:26:43,39.0700,242,1
2026-04-07,600036,13:26:46,39.0700,36,1
2026-04-07,600036,13:26:49,39.0600,43,2
2026-04-07,600036,13:26:52,39.0700,56,1
2026-04-07,600036,13:26:55,39.0700,38,1
2026-04-07,600036,13:26:58,39.0700,30,1
2026-04-07,600036,13:27:01,39.0700,40,1
2026-04-07,600036,13:27:04,39.0600,290,2
2026-04-07,600036,13:27:07,39.0600,94,2
2026-04-07,600036,13:27:10,39.0600,343,2
2026-04-07,600036,13:27:13,39.0700,110,1
2026-04-07,600036,13:27:16,39.0600,35,2
2026-04-07,600036,13:27:19,39.0600,27,2
2026-04-07,600036,13:27:22,39.0700,31,1
2026-04-07,600036,13:27:25,39.0600,48,2
2026-04-07,600036,13:27:28,39.0700,63,1
2026-04-07,600036,13:27:31,39.0600,40,2
2026-04-07,600036,13:27:34,39.0700,21,1
2026-04-07,600036,13:27:37,39.0700,30,1
2026-04-07,600036,13:27:40,39.0700,25,1
2026-04-07,600036,13:27:43,39.0700,17,1
2026-04-07,600036,13:27:46,39.0700,97,1
2026-04-07,600036,13:27:49,39.0700,1203,1
2026-04-07,600036,13:27:52,39.0800,40,1
2026-04-07,600036,13:27:55,39.0800,64,1
2026-04-07,600036,13:27:58,39.0800,59,1
2026-04-07,600036,13:28:01,39.0800,106,1
2026-04-07,600036,13:28:04,39.0900,2,1
2026-04-07,600036,13:28:07,39.0900,60,1
2026-04-07,600036,13:28:10,39.0800,28,2
2026-04-07,600036,13:28:13,39.0900,99,1
2026-04-07,600036,13:28:16,39.0900,614,1
2026-04-07,600036,13:28:19,39.0800,402,2
2026-04-07,600036,13:28:22,39.0900,5,1
2026-04-07,600036,13:28:25,39.0800,116,2
2026-04-07,600036,13:28:28,39.0900,25,1
2026-04-07,600036,13:28:31,39.0800,218,2
2026-04-07,600036,13:28:34,39.0800,43,1
2026-04-07,600036,13:28:37,39.0800,28,1
2026-04-07,600036,13:28:40,39.0700,25,2
2026-04-07,600036,13:28:43,39.0800,46,1
2026-04-07,600036,13:28:46,39.0800,33,1
2026-04-07,600036,13:28:49,39.0800,260,1
2026-04-07,600036,13:28:52,39.0900,1,1
2026-04-07,600036,13:28:55,39.0900,5,1
2026-04-07,600036,13:28:58,39.0900,115,1
2026-04-07,600036,13:29:01,39.1000,4,1
2026-04-07,600036,13:29:04,39.1000,25,1
2026-04-07,600036,13:29:07,39.0800,1188,2
2026-04-07,600036,13:29:10,39.0800,23,1
2026-04-07,600036,13:29:13,39.0800,32,1
2026-04-07,600036,13:29:16,39.0800,28,1
2026-04-07,600036,13:29:19,39.0700,52,2
2026-04-07,600036,13:29:22,39.0800,34,1
2026-04-07,600036,13:29:25,39.0800,8,1
2026-04-07,600036,13:29:28,39.0800,12,1
2026-04-07,600036,13:29:31,39.0800,22,1
2026-04-07,600036,13:29:34,39.0800,59,1
2026-04-07,600036,13:29:37,39.0800,44,1
2026-04-07,600036,13:29:40,39.0800,109,1
2026-04-07,600036,13:29:43,39.0800,53,1
2026-04-07,600036,13:29:46,39.0800,55,1
2026-04-07,600036,13:29:49,39.0800,87,1
2026-04-07,600036,13:29:52,39.0800,82,1
2026-04-07,600036,13:29:55,39.0800,93,1
2026-04-07,600036,13:29:58,39.0800,3,2
2026-04-07,600036,13:30:01,39.0800,34,2
2026-04-07,600036,13:30:04,39.0900,61,1
2026-04-07,600036,13:30:07,39.0800,27,2
2026-04-07,600036,13:30:10,39.0800,205,2
2026-04-07,600036,13:30:13,39.0800,27,1
2026-04-07,600036,13:30:16,39.0900,33,1
2026-04-07,600036,13:30:19,39.0800,114,2
2026-04-07,600036,13:30:22,39.0800,18,1
2026-04-07,600036,13:30:25,39.0800,37,1
2026-04-07,600036,13:30:28,39.0900,219,1
2026-04-07,600036,13:30:31,39.0800,9,2
2026-04-07,600036,13:30:34,39.0900,22,1
2026-04-07,600036,13:30:37,39.0900,11,1
2026-04-07,600036,13:30:40,39.0800,5,2
2026-04-07,600036,13:30:43,39.0900,29,1
2026-04-07,600036,13:30:46,39.0900,7,1
2026-04-07,600036,13:30:49,39.0800,56,2
2026-04-07,600036,13:30:52,39.0900,18,1
2026-04-07,600036,13:30:55,39.0800,25,2
2026-04-07,600036,13:30:58,39.0900,40,1
2026-04-07,600036,13:31:01,39.0900,18,1
2026-04-07,600036,13:31:04,39.0900,18,1
2026-04-07,600036,13:31:07,39.0900,10,1
2026-04-07,600036,13:31:10,39.0900,697,1
2026-04-07,600036,13:31:13,39.1000,15,1
2026-04-07,600036,13:31:16,39.1000,5,1
2026-04-07,600036,13:31:19,39.1000,22,1
2026-04-07,600036,13:31:22,39.1000,148,1
2026-04-07,600036,13:31:25,39.1000,18,1
2026-04-07,600036,13:31:28,39.1000,10,1
2026-04-07,600036,13:31:31,39.1000,44,1
2026-04-07,600036,13:31:34,39.1000,53,1
2026-04-07,600036,13:31:37,39.1000,59,1
2026-04-07,600036,13:31:40,39.1000,561,1
2026-04-07,600036,13:31:43,39.1000,34,1
2026-04-07,600036,13:31:46,39.1000,50,1
2026-04-07,600036,13:31:49,39.0900,9,2
2026-04-07,600036,13:31:52,39.1000,53,1
2026-04-07,600036,13:31:55,39.1100,830,1
2026-04-07,600036,13:31:58,39.1100,51,1
2026-04-07,600036,13:32:01,39.1100,166,1
2026-04-07,600036,13:32:04,39.1100,342,1
2026-04-07,600036,13:32:07,39.1100,54,1
2026-04-07,600036,13:32:10,39.1100,118,1
2026-04-07,600036,13:32:13,39.1200,18,1
2026-04-07,600036,13:32:16,39.1200,82,1
2026-04-07,600036,13:32:19,39.1200,25,1
2026-04-07,600036,13:32:22,39.1200,8,1
2026-04-07,600036,13:32:25,39.1200,570,1
2026-04-07,600036,13:32:28,39.1200,38,1
2026-04-07,600036,13:32:31,39.1200,34,1
2026-04-07,600036,13:32:34,39.1100,16,2
2026-04-07,600036,13:32:37,39.1200,18,1
2026-04-07,600036,13:32:40,39.1100,273,2
2026-04-07,600036,13:32:43,39.1100,206,1
2026-04-07,600036,13:32:46,39.1100,68,1
2026-04-07,600036,13:32:49,39.1100,32,1
2026-04-07,600036,13:32:52,39.1200,26,1
2026-04-07,600036,13:32:55,39.1100,44,2
2026-04-07,600036,13:32:58,39.1100,137,2
2026-04-07,600036,13:33:01,39.1100,137,1
2026-04-07,600036,13:33:04,39.1100,40,1
2026-04-07,600036,13:33:07,39.1100,24,1
2026-04-07,600036,13:33:10,39.1100,55,1
2026-04-07,600036,13:33:13,39.1100,80,1
2026-04-07,600036,13:33:16,39.1100,11,1
2026-04-07,600036,13:33:19,39.1100,52,1
2026-04-07,600036,13:33:22,39.1100,20,1
2026-04-07,600036,13:33:25,39.1100,161,1
2026-04-07,600036,13:33:28,39.1000,209,2
2026-04-07,600036,13:33:31,39.1000,168,1
2026-04-07,600036,13:33:34,39.1000,20,2
2026-04-07,600036,13:33:37,39.1100,366,1
2026-04-07,600036,13:33:40,39.1000,10,2
2026-04-07,600036,13:33:43,39.1100,200,1
2026-04-07,600036,13:33:46,39.1100,29,1
2026-04-07,600036,13:33:49,39.1100,268,1
2026-04-07,600036,13:33:52,39.1200,65,1
2026-04-07,600036,13:33:55,39.1200,39,1
2026-04-07,600036,13:33:58,39.1200,98,1
2026-04-07,600036,13:34:01,39.1100,5,2
2026-04-07,600036,13:34:04,39.1200,18,1
2026-04-07,600036,13:34:07,39.1100,26,2
2026-04-07,600036,13:34:10,39.1200,7,1
2026-04-07,600036,13:34:13,39.1200,11,1
2026-04-07,600036,13:34:16,39.1100,49,2
2026-04-07,600036,13:34:19,39.1000,814,2
2026-04-07,600036,13:34:22,39.1000,273,1
2026-04-07,600036,13:34:25,39.1000,29,1
2026-04-07,600036,13:34:28,39.1000,82,1
2026-04-07,600036,13:34:31,39.1000,54,1
2026-04-07,600036,13:34:34,39.0900,12,2
2026-04-07,600036,13:34:37,39.1000,32,1
2026-04-07,600036,13:34:40,39.1000,28,1
2026-04-07,600036,13:34:43,39.1000,36,1
2026-04-07,600036,13:34:46,39.1000,17,1
2026-04-07,600036,13:34:49,39.0900,23,2
2026-04-07,600036,13:34:52,39.1000,207,1
2026-04-07,600036,13:34:55,39.1000,3,1
2026-04-07,600036,13:34:58,39.0900,28,2
2026-04-07,600036,13:35:01,39.1000,15,1
2026-04-07,600036,13:35:04,39.1000,153,1
2026-04-07,600036,13:35:07,39.1000,19,1
2026-04-07,600036,13:35:10,39.0900,104,2
2026-04-07,600036,13:35:13,39.1000,127,1
2026-04-07,600036,13:35:16,39.0900,15,4
2026-04-07,600036,13:35:19,39.0900,32,1
2026-04-07,600036,13:35:22,39.0900,7,1
2026-04-07,600036,13:35:25,39.0900,132,1
2026-04-07,600036,13:35:28,39.0900,138,1
2026-04-07,600036,13:35:31,39.0900,405,1
2026-04-07,600036,13:35:34,39.0800,441,2
2026-04-07,600036,13:35:37,39.0800,135,1
2026-04-07,600036,13:35:40,39.0800,129,1
2026-04-07,600036,13:35:43,39.0800,118,1
2026-04-07,600036,13:35:46,39.0800,158,1
2026-04-07,600036,13:35:49,39.0800,126,1
2026-04-07,600036,13:35:52,39.0600,3380,2
2026-04-07,600036,13:35:55,39.0600,45,2
2026-04-07,600036,13:35:58,39.0500,147,2
2026-04-07,600036,13:36:01,39.0600,300,1
2026-04-07,600036,13:36:04,39.0600,59,1
2026-04-07,600036,13:36:07,39.0600,163,1
2026-04-07,600036,13:36:10,39.0600,94,1
2026-04-07,600036,13:36:13,39.0600,55,1
2026-04-07,600036,13:36:16,39.0600,170,1
2026-04-07,600036,13:36:19,39.0600,16,1
2026-04-07,600036,13:36:22,39.0600,54,1
2026-04-07,600036,13:36:25,39.0600,10,1
2026-04-07,600036,13:36:28,39.0600,2,1
2026-04-07,600036,13:36:31,39.0600,58,1
2026-04-07,600036,13:36:34,39.0500,661,2
2026-04-07,600036,13:36:37,39.0600,106,1
2026-04-07,600036,13:36:40,39.0600,80,1
2026-04-07,600036,13:36:43,39.0600,266,1
2026-04-07,600036,13:36:46,39.0600,26,1
2026-04-07,600036,13:36:49,39.0500,136,2
2026-04-07,600036,13:36:52,39.0500,37,2
2026-04-07,600036,13:36:55,39.0600,83,1
2026-04-07,600036,13:36:58,39.0600,11,1
2026-04-07,600036,13:37:01,39.0600,56,1
2026-04-07,600036,13:37:04,39.0600,117,1
2026-04-07,600036,13:37:07,39.0600,197,1
2026-04-07,600036,13:37:10,39.0500,7,2
2026-04-07,600036,13:37:13,39.0600,111,1
2026-04-07,600036,13:37:16,39.0600,174,2
2026-04-07,600036,13:37:19,39.0500,50,2
2026-04-07,600036,13:37:22,39.0600,381,1
2026-04-07,600036,13:37:25,39.0500,65,2
2026-04-07,600036,13:37:28,39.0400,125,2
2026-04-07,600036,13:37:31,39.0500,70,1
2026-04-07,600036,13:37:34,39.0400,99,2
2026-04-07,600036,13:37:37,39.0600,18,1
2026-04-07,600036,13:37:40,39.0500,36,2
2026-04-07,600036,13:37:43,39.0600,36,1
2026-04-07,600036,13:37:46,39.0500,32,2
2026-04-07,600036,13:37:49,39.0500,146,2
2026-04-07,600036,13:37:52,39.0500,76,1
2026-04-07,600036,13:37:55,39.0600,7,1
2026-04-07,600036,13:37:58,39.0600,222,1
2026-04-07,600036,13:38:01,39.0500,53,2
2026-04-07,600036,13:38:04,39.0600,65,1
2026-04-07,600036,13:38:07,39.0600,89,1
2026-04-07,600036,13:38:10,39.0500,42,2
2026-04-07,600036,13:38:13,39.0600,30,1
2026-04-07,600036,13:38:16,39.0500,192,2
2026-04-07,600036,13:38:19,39.0600,341,1
2026-04-07,600036,13:38:22,39.0500,51,1
2026-04-07,600036,13:38:25,39.0400,28,2
2026-04-07,600036,13:38:28,39.0500,39,2
2026-04-07,600036,13:38:31,39.0500,23,1
2026-04-07,600036,13:38:34,39.0500,48,1
2026-04-07,600036,13:38:37,39.0600,17,1
2026-04-07,600036,13:38:40,39.0500,38,2
2026-04-07,600036,13:38:43,39.0500,56,2
2026-04-07,600036,13:38:46,39.0600,45,1
2026-04-07,600036,13:38:49,39.0500,9,2
2026-04-07,600036,13:38:52,39.0500,8,2
2026-04-07,600036,13:38:55,39.0600,525,1
2026-04-07,600036,13:38:58,39.0500,19,2
2026-04-07,600036,13:39:01,39.0600,25,1
2026-04-07,600036,13:39:04,39.0600,27,1
2026-04-07,600036,13:39:07,39.0600,43,1
2026-04-07,600036,13:39:10,39.0600,35,1
2026-04-07,600036,13:39:13,39.0600,45,1
2026-04-07,600036,13:39:16,39.0500,67,2
2026-04-07,600036,13:39:19,39.0600,52,1
2026-04-07,600036,13:39:22,39.0500,25,2
2026-04-07,600036,13:39:25,39.0600,22,1
2026-04-07,600036,13:39:28,39.0600,61,1
2026-04-07,600036,13:39:31,39.0500,537,2
2026-04-07,600036,13:39:34,39.0500,44,1
2026-04-07,600036,13:39:37,39.0500,34,1
2026-04-07,600036,13:39:40,39.0400,52,2
2026-04-07,600036,13:39:43,39.0500,46,1
2026-04-07,600036,13:39:46,39.0400,294,2
2026-04-07,600036,13:39:49,39.0500,60,1
2026-04-07,600036,13:39:52,39.0300,2169,2
2026-04-07,600036,13:39:55,39.0300,129,1
2026-04-07,600036,13:39:58,39.0300,173,1
2026-04-07,600036,13:40:01,39.0300,267,1
2026-04-07,600036,13:40:04,39.0300,641,1
2026-04-07,600036,13:40:07,39.0300,439,1
2026-04-07,600036,13:40:10,39.0300,761,1
2026-04-07,600036,13:40:13,39.0200,109,2
2026-04-07,600036,13:40:16,39.0200,135,2
2026-04-07,600036,13:40:19,39.0200,1509,4
2026-04-07,600036,13:40:22,39.0200,243,1
2026-04-07,600036,13:40:25,39.0300,61,1
2026-04-07,600036,13:40:28,39.0200,537,2
2026-04-07,600036,13:40:31,39.0200,59,2
2026-04-07,600036,13:40:34,39.0300,13,1
2026-04-07,600036,13:40:37,39.0200,25,2
2026-04-07,600036,13:40:40,39.0200,147,2
2026-04-07,600036,13:40:43,39.0300,577,1
2026-04-07,600036,13:40:46,39.0300,762,1
2026-04-07,600036,13:40:49,39.0300,101,2
2026-04-07,600036,13:40:52,39.0400,9,1
2026-04-07,600036,13:40:55,39.0400,21,1
2026-04-07,600036,13:40:58,39.0400,31,1
2026-04-07,600036,13:41:01,39.0500,80,1
2026-04-07,600036,13:41:04,39.0500,4,1
2026-04-07,600036,13:41:07,39.0400,162,2
2026-04-07,600036,13:41:10,39.0400,32,1
2026-04-07,600036,13:41:13,39.0400,42,1
2026-04-07,600036,13:41:16,39.0300,546,2
2026-04-07,600036,13:41:19,39.0300,16,1
2026-04-07,600036,13:41:22,39.0300,51,1
2026-04-07,600036,13:41:25,39.0300,8,1
2026-04-07,600036,13:41:28,39.0300,43,1
2026-04-07,600036,13:41:31,39.0300,76,1
2026-04-07,600036,13:41:34,39.0300,315,1
2026-04-07,600036,13:41:37,39.0300,270,2
2026-04-07,600036,13:41:40,39.0300,239,2
2026-04-07,600036,13:41:43,39.0300,200,2
2026-04-07,600036,13:41:46,39.0300,106,1
2026-04-07,600036,13:41:49,39.0300,50,1
2026-04-07,600036,13:41:52,39.0300,58,1
2026-04-07,600036,13:41:55,39.0300,31,1
2026-04-07,600036,13:41:58,39.0200,12,2
2026-04-07,600036,13:42:01,39.0200,17,2
2026-04-07,600036,13:42:04,39.0300,33,1
2026-04-07,600036,13:42:07,39.0300,298,1
2026-04-07,600036,13:42:10,39.0300,81,2
2026-04-07,600036,13:42:13,39.0300,619,2
2026-04-07,600036,13:42:16,39.0200,207,2
2026-04-07,600036,13:42:19,39.0300,206,1
2026-04-07,600036,13:42:22,39.0300,58,1
2026-04-07,600036,13:42:25,39.0200,104,2
2026-04-07,600036,13:42:28,39.0300,93,1
2026-04-07,600036,13:42:31,39.0200,207,2
2026-04-07,600036,13:42:34,39.0200,63,1
2026-04-07,600036,13:42:37,39.0200,65,1
2026-04-07,600036,13:42:40,39.0200,63,1
2026-04-07,600036,13:42:43,39.0200,700,1
2026-04-07,600036,13:42:46,39.0200,2307,2
2026-04-07,600036,13:42:49,39.0200,251,1
2026-04-07,600036,13:42:52,39.0100,328,2
2026-04-07,600036,13:42:55,39.0100,197,1
2026-04-07,600036,13:42:58,39.0100,148,1
2026-04-07,600036,13:43:01,39.0100,19,2
2026-04-07,600036,13:43:04,39.0100,45,2
2026-04-07,600036,13:43:07,39.0200,9,1
2026-04-07,600036,13:43:10,39.0200,1038,1
2026-04-07,600036,13:43:13,39.0100,36,2
2026-04-07,600036,13:43:16,39.0200,78,1
2026-04-07,600036,13:43:19,39.0200,1413,1
2026-04-07,600036,13:43:22,39.0100,195,2
2026-04-07,600036,13:43:25,39.0200,109,1
2026-04-07,600036,13:43:28,39.0200,10,1
2026-04-07,600036,13:43:31,39.0200,29,1
2026-04-07,600036,13:43:34,39.0200,12,1
2026-04-07,600036,13:43:37,39.0200,3,1
2026-04-07,600036,13:43:40,39.0200,12,1
2026-04-07,600036,13:43:43,39.0200,41,1
2026-04-07,600036,13:43:46,39.0100,500,2
2026-04-07,600036,13:43:49,39.0100,314,1
2026-04-07,600036,13:43:52,39.0100,38,1
2026-04-07,600036,13:43:55,39.0100,166,1
2026-04-07,600036,13:43:58,39.0000,22,2
2026-04-07,600036,13:44:01,39.0100,1809,1
2026-04-07,600036,13:44:04,39.0100,6,2
2026-04-07,600036,13:44:07,39.0100,2,2
2026-04-07,600036,13:44:10,39.0200,53,1
2026-04-07,600036,13:44:13,39.0200,48,1
2026-04-07,600036,13:44:16,39.0100,32,2
2026-04-07,600036,13:44:19,39.0200,52,1
2026-04-07,600036,13:44:22,39.0200,17,1
2026-04-07,600036,13:44:25,39.0200,98,1
2026-04-07,600036,13:44:28,39.0100,401,2
2026-04-07,600036,13:44:31,39.0100,104,1
2026-04-07,600036,13:44:34,39.0100,28,1
2026-04-07,600036,13:44:37,39.0200,12,1
2026-04-07,600036,13:44:40,39.0200,93,1
2026-04-07,600036,13:44:43,39.0300,515,1
2026-04-07,600036,13:44:46,39.0300,2,1
2026-04-07,600036,13:44:49,39.0300,29,1
2026-04-07,600036,13:44:52,39.0300,64,1
2026-04-07,600036,13:44:55,39.0300,18,1
2026-04-07,600036,13:44:58,39.0200,499,2
2026-04-07,600036,13:45:01,39.0200,57,1
2026-04-07,600036,13:45:04,39.0200,50,1
2026-04-07,600036,13:45:07,39.0100,690,2
2026-04-07,600036,13:45:10,39.0000,8227,2
2026-04-07,600036,13:45:13,39.0000,4613,2
2026-04-07,600036,13:45:16,39.0000,1068,2
2026-04-07,600036,13:45:19,39.0000,792,2
2026-04-07,600036,13:45:22,38.9900,1145,2
2026-04-07,600036,13:45:25,39.0000,593,1
2026-04-07,600036,13:45:28,38.9900,496,2
2026-04-07,600036,13:45:31,38.9900,48,1
2026-04-07,600036,13:45:34,38.9900,19,1
2026-04-07,600036,13:45:37,38.9800,136,2
2026-04-07,600036,13:45:40,38.9900,52,1
2026-04-07,600036,13:45:43,39.0000,16,1
2026-04-07,600036,13:45:46,39.0000,61,1
2026-04-07,600036,13:45:49,39.0000,17,1
2026-04-07,600036,13:45:52,38.9900,30,2
2026-04-07,600036,13:45:55,38.9900,302,2
2026-04-07,600036,13:45:58,39.0000,13,1
2026-04-07,600036,13:46:01,39.0000,33,1
2026-04-07,600036,13:46:04,39.0000,35,1
2026-04-07,600036,13:46:07,39.0000,1059,1
2026-04-07,600036,13:46:10,39.0000,7,2
2026-04-07,600036,13:46:13,39.0100,54,1
2026-04-07,600036,13:46:16,39.0000,36,2
2026-04-07,600036,13:46:19,39.0100,31,1
2026-04-07,600036,13:46:22,39.0100,45,1
2026-04-07,600036,13:46:25,39.0000,202,2
2026-04-07,600036,13:46:28,39.0000,190,2
2026-04-07,600036,13:46:31,39.0100,413,1
2026-04-07,600036,13:46:34,39.0100,35,2
2026-04-07,600036,13:46:37,39.0200,61,1
2026-04-07,600036,13:46:40,39.0100,44,2
2026-04-07,600036,13:46:43,39.0100,78,2
2026-04-07,600036,13:46:46,39.0100,25,2
2026-04-07,600036,13:46:49,39.0200,4,1
2026-04-07,600036,13:46:52,39.0200,11,1
2026-04-07,600036,13:46:55,39.0300,489,1
2026-04-07,600036,13:46:58,39.0300,16,1
2026-04-07,600036,13:47:01,39.0200,664,2
2026-04-07,600036,13:47:04,39.0100,70,2
2026-04-07,600036,13:47:07,39.0100,474,2
2026-04-07,600036,13:47:10,39.0100,33,1
2026-04-07,600036,13:47:13,39.0100,42,1
2026-04-07,600036,13:47:16,39.0100,9,1
2026-04-07,600036,13:47:19,39.0100,31,1
2026-04-07,600036,13:47:22,39.0100,32,1
2026-04-07,600036,13:47:25,39.0000,1201,2
2026-04-07,600036,13:47:28,39.0000,312,2
2026-04-07,600036,13:47:31,39.0000,131,1
2026-04-07,600036,13:47:34,38.9900,39,2
2026-04-07,600036,13:47:37,39.0000,52,1
2026-04-07,600036,13:47:40,39.0000,37,1
2026-04-07,600036,13:47:43,39.0000,21,1
2026-04-07,600036,13:47:46,39.0000,52,1
2026-04-07,600036,13:47:49,38.9900,84,2
2026-04-07,600036,13:47:52,38.9800,3493,2
2026-04-07,600036,13:47:55,38.9800,44,1
2026-04-07,600036,13:47:58,38.9800,48,1
2026-04-07,600036,13:48:01,38.9700,57,2
2026-04-07,600036,13:48:04,38.9900,28,1
2026-04-07,600036,13:48:07,39.0000,110,1
2026-04-07,600036,13:48:10,38.9900,14,1
2026-04-07,600036,13:48:13,38.9900,45,1
2026-04-07,600036,13:48:16,38.9800,20,2
2026-04-07,600036,13:48:19,38.9900,142,2
2026-04-07,600036,13:48:22,38.9900,55,1
2026-04-07,600036,13:48:25,38.9900,25,1
2026-04-07,600036,13:48:28,38.9900,13,2
2026-04-07,600036,13:48:31,38.9900,63,2
2026-04-07,600036,13:48:34,38.9900,46,1
2026-04-07,600036,13:48:37,38.9900,97,1
2026-04-07,600036,13:48:40,38.9800,33,2
2026-04-07,600036,13:48:43,38.9900,30,1
2026-04-07,600036,13:48:46,38.9900,147,4
2026-04-07,600036,13:48:49,38.9900,31,1
2026-04-07,600036,13:48:52,38.9800,62,2
2026-04-07,600036,13:48:55,38.9900,15,1
2026-04-07,600036,13:48:58,38.9900,106,1
2026-04-07,600036,13:49:01,38.9900,19,2
2026-04-07,600036,13:49:04,39.0000,10,1
2026-04-07,600036,13:49:07,39.0000,28,1
2026-04-07,600036,13:49:10,38.9900,40,2
2026-04-07,600036,13:49:13,39.0000,100,1
2026-04-07,600036,13:49:16,38.9900,58,2
2026-04-07,600036,13:49:19,39.0000,16,1
2026-04-07,600036,13:49:22,39.0000,19,1
2026-04-07,600036,13:49:25,39.0000,33,1
2026-04-07,600036,13:49:28,39.0000,33,1
2026-04-07,600036,13:49:31,39.0000,52,1
2026-04-07,600036,13:49:34,39.0000,50,1
2026-04-07,600036,13:49:37,39.0000,72,1
2026-04-07,600036,13:49:40,38.9900,61,2
2026-04-07,600036,13:49:43,39.0000,25,1
2026-04-07,600036,13:49:46,39.0000,17,1
2026-04-07,600036,13:49:49,38.9900,26,2
2026-04-07,600036,13:49:52,39.0000,104,1
2026-04-07,600036,13:49:55,39.0000,23,1
2026-04-07,600036,13:49:58,39.0000,30,1
2026-04-07,600036,13:50:01,39.0000,21,1
2026-04-07,600036,13:50:04,38.9900,45,2
2026-04-07,600036,13:50:07,38.9900,64,2
2026-04-07,600036,13:50:10,39.0000,925,1
2026-04-07,600036,13:50:13,39.0000,70,2
2026-04-07,600036,13:50:16,38.9900,99,2
2026-04-07,600036,13:50:19,38.9900,516,2
2026-04-07,600036,13:50:22,38.9900,212,1
2026-04-07,600036,13:50:25,38.9800,40,2
2026-04-07,600036,13:50:28,38.9900,12,1
2026-04-07,600036,13:50:31,38.9900,59,1
2026-04-07,600036,13:50:34,38.9900,227,1
2026-04-07,600036,13:50:37,38.9900,53,1
2026-04-07,600036,13:50:40,38.9800,38,2
2026-04-07,600036,13:50:43,38.9900,72,1
2026-04-07,600036,13:50:46,38.9800,4,2
2026-04-07,600036,13:50:49,38.9900,13,1
2026-04-07,600036,13:50:52,38.9900,62,1
2026-04-07,600036,13:50:55,38.9900,51,1
2026-04-07,600036,13:50:58,38.9900,50,1
2026-04-07,600036,13:51:01,38.9800,40,2
2026-04-07,600036,13:51:04,38.9900,30,1
2026-04-07,600036,13:51:07,38.9900,49,1
2026-04-07,600036,13:51:10,38.9900,10,1
2026-04-07,600036,13:51:13,38.9900,45,1
2026-04-07,600036,13:51:16,38.9900,11,1
2026-04-07,600036,13:51:19,38.9900,25,1
2026-04-07,600036,13:51:22,38.9900,60,1
2026-04-07,600036,13:51:25,38.9900,15,1
2026-04-07,600036,13:51:28,38.9900,12,1
2026-04-07,600036,13:51:31,38.9900,130,1
2026-04-07,600036,13:51:34,38.9900,68,1
2026-04-07,600036,13:51:37,38.9900,51,1
2026-04-07,600036,13:51:40,38.9900,207,1
2026-04-07,600036,13:51:43,38.9900,116,1
2026-04-07,600036,13:51:46,38.9900,188,1
2026-04-07,600036,13:51:49,38.9900,76,1
2026-04-07,600036,13:51:52,38.9900,142,1
2026-04-07,600036,13:51:55,38.9900,103,2
2026-04-07,600036,13:51:58,38.9900,100,1
2026-04-07,600036,13:52:01,38.9900,46,1
2026-04-07,600036,13:52:04,38.9900,112,1
2026-04-07,600036,13:52:07,38.9900,68,1
2026-04-07,600036,13:52:10,38.9700,1206,2
2026-04-07,600036,13:52:13,38.9700,1019,2
2026-04-07,600036,13:52:16,38.9800,408,1
2026-04-07,600036,13:52:19,38.9700,92,4
2026-04-07,600036,13:52:22,38.9700,68,1
2026-04-07,600036,13:52:25,38.9700,417,4
2026-04-07,600036,13:52:28,38.9700,260,1
2026-04-07,600036,13:52:31,38.9700,108,1
2026-04-07,600036,13:52:34,38.9700,322,2
2026-04-07,600036,13:52:37,38.9700,42,2
2026-04-07,600036,13:52:40,38.9700,167,1
2026-04-07,600036,13:52:43,38.9900,303,1
2026-04-07,600036,13:52:46,38.9700,188,2
2026-04-07,600036,13:52:49,38.9700,309,1
2026-04-07,600036,13:52:52,38.9700,20,2
2026-04-07,600036,13:52:55,38.9800,8,1
2026-04-07,600036,13:52:58,38.9800,41,1
2026-04-07,600036,13:53:01,38.9800,15,1
2026-04-07,600036,13:53:04,38.9700,19,2
2026-04-07,600036,13:53:07,38.9800,54,2
2026-04-07,600036,13:53:10,38.9700,13,2
2026-04-07,600036,13:53:13,38.9800,19,1
2026-04-07,600036,13:53:16,38.9800,119,1
2026-04-07,600036,13:53:19,38.9800,185,1
2026-04-07,600036,13:53:22,38.9800,163,1
2026-04-07,600036,13:53:25,39.0000,19,1
2026-04-07,600036,13:53:28,38.9800,30,2
2026-04-07,600036,13:53:31,38.9900,15,2
2026-04-07,600036,13:53:34,38.9900,22,2
2026-04-07,600036,13:53:37,38.9900,33,2
2026-04-07,600036,13:53:40,38.9900,97,1
2026-04-07,600036,13:53:43,38.9900,47,1
2026-04-07,600036,13:53:46,38.9900,326,2
2026-04-07,600036,13:53:49,38.9800,152,2
2026-04-07,600036,13:53:52,38.9900,11,2
2026-04-07,600036,13:53:55,38.9900,34,4
2026-04-07,600036,13:53:58,39.0000,15,1
2026-04-07,600036,13:54:01,38.9900,14,4
2026-04-07,600036,13:54:04,38.9700,232,2
2026-04-07,600036,13:54:07,38.9900,39,1
2026-04-07,600036,13:54:10,38.9900,124,1
2026-04-07,600036,13:54:13,38.9900,33,1
2026-04-07,600036,13:54:16,38.9800,129,2
2026-04-07,600036,13:54:19,38.9800,40,1
2026-04-07,600036,13:54:22,38.9800,162,1
2026-04-07,600036,13:54:25,38.9900,335,1
2026-04-07,600036,13:54:28,38.9900,1,1
2026-04-07,600036,13:54:31,38.9900,7,1
2026-04-07,600036,13:54:34,38.9800,131,2
2026-04-07,600036,13:54:37,38.9900,14,1
2026-04-07,600036,13:54:40,38.9900,82,1
2026-04-07,600036,13:54:43,38.9900,18,1
2026-04-07,600036,13:54:46,38.9900,8,1
2026-04-07,600036,13:54:49,38.9900,72,1
2026-04-07,600036,13:54:52,38.9900,3,2
2026-04-07,600036,13:54:55,39.0000,51,1
2026-04-07,600036,13:54:58,39.0000,6,1
2026-04-07,600036,13:55:01,38.9900,157,2
2026-04-07,600036,13:55:04,38.9900,66,1
2026-04-07,600036,13:55:07,38.9900,58,1
2026-04-07,600036,13:55:10,38.9900,20,1
2026-04-07,600036,13:55:13,38.9900,36,1
2026-04-07,600036,13:55:16,38.9900,145,1
2026-04-07,600036,13:55:19,38.9900,39,1
2026-04-07,600036,13:55:22,38.9900,68,1
2026-04-07,600036,13:55:25,38.9900,10,1
2026-04-07,600036,13:55:28,38.9900,34,1
2026-04-07,600036,13:55:31,38.9900,82,1
2026-04-07,600036,13:55:34,38.9900,18,1
2026-04-07,600036,13:55:37,38.9900,129,1
2026-04-07,600036,13:55:40,38.9900,36,1
2026-04-07,600036,13:55:43,38.9900,36,1
2026-04-07,600036,13:55:46,38.9900,17,1
2026-04-07,600036,13:55:49,38.9900,1,1
2026-04-07,600036,13:55:52,38.9900,56,1
2026-04-07,600036,13:55:55,38.9900,10,1
2026-04-07,600036,13:55:58,38.9900,27,1
2026-04-07,600036,13:56:01,39.0000,137,1
2026-04-07,600036,13:56:04,38.9900,6,2
2026-04-07,600036,13:56:07,39.0000,31,1
2026-04-07,600036,13:56:10,38.9900,22,2
2026-04-07,600036,13:56:13,39.0000,54,1
2026-04-07,600036,13:56:16,38.9900,43,2
2026-04-07,600036,13:56:19,39.0000,223,1
2026-04-07,600036,13:56:22,39.0000,70,1
2026-04-07,600036,13:56:25,38.9900,39,2
2026-04-07,600036,13:56:28,39.0000,21,1
2026-04-07,600036,13:56:31,39.0000,117,1
2026-04-07,600036,13:56:34,39.0000,58,1
2026-04-07,600036,13:56:37,39.0000,110,1
2026-04-07,600036,13:56:40,39.0000,21,1
2026-04-07,600036,13:56:43,39.0000,79,1
2026-04-07,600036,13:56:46,39.0000,155,1
2026-04-07,600036,13:56:49,39.0000,125,1
2026-04-07,600036,13:56:52,39.0000,33,1
2026-04-07,600036,13:56:55,39.0000,13,1
2026-04-07,600036,13:56:58,39.0000,62,1
2026-04-07,600036,13:57:01,39.0000,41,1
2026-04-07,600036,13:57:04,39.0000,11,1
2026-04-07,600036,13:57:07,39.0000,30,1
2026-04-07,600036,13:57:10,39.0000,40,1
2026-04-07,600036,13:57:13,39.0000,101,1
2026-04-07,600036,13:57:16,39.0000,219,1
2026-04-07,600036,13:57:19,39.0000,35,1
2026-04-07,600036,13:57:22,39.0000,56,1
2026-04-07,600036,13:57:25,39.0000,28,1
2026-04-07,600036,13:57:28,39.0000,13,1
2026-04-07,600036,13:57:31,39.0000,23,1
2026-04-07,600036,13:57:34,39.0000,17,1
2026-04-07,600036,13:57:37,39.0000,29,1
2026-04-07,600036,13:57:40,39.0000,61,1
2026-04-07,600036,13:57:43,39.0000,25,1
2026-04-07,600036,13:57:46,39.0000,52,1
2026-04-07,600036,13:57:49,39.0000,128,1
2026-04-07,600036,13:57:52,39.0000,11,1
2026-04-07,600036,13:57:55,39.0000,122,1
2026-04-07,600036,13:57:58,39.0000,44,1
2026-04-07,600036,13:58:01,39.0000,162,1
2026-04-07,600036,13:58:04,39.0000,52,1
2026-04-07,600036,13:58:07,39.0000,148,2
2026-04-07,600036,13:58:10,39.0000,184,2
2026-04-07,600036,13:58:13,39.0000,62,2
2026-04-07,600036,13:58:16,39.0000,74,1
2026-04-07,600036,13:58:19,39.0000,17,1
2026-04-07,600036,13:58:22,39.0000,127,1
2026-04-07,600036,13:58:25,39.0000,22,1
2026-04-07,600036,13:58:28,39.0000,18,1
2026-04-07,600036,13:58:31,39.0000,21,1
2026-04-07,600036,13:58:34,39.0000,31,1
2026-04-07,600036,13:58:37,39.0000,48,1
2026-04-07,600036,13:58:40,39.0000,31,1
2026-04-07,600036,13:58:43,39.0000,21,1
2026-04-07,600036,13:58:46,39.0000,17,1
2026-04-07,600036,13:58:49,39.0000,24,1
2026-04-07,600036,13:58:52,39.0000,125,1
2026-04-07,600036,13:58:55,39.0000,63,1
2026-04-07,600036,13:58:58,39.0000,90,1
2026-04-07,600036,13:59:01,39.0000,48,1
2026-04-07,600036,13:59:04,39.0000,29,1
2026-04-07,600036,13:59:07,39.0000,70,1
2026-04-07,600036,13:59:10,39.0000,78,1
2026-04-07,600036,13:59:13,39.0000,79,1
2026-04-07,600036,13:59:16,39.0100,45,1
2026-04-07,600036,13:59:19,39.0000,72,2
2026-04-07,600036,13:59:22,39.0000,22,2
2026-04-07,600036,13:59:25,39.0100,25,1
2026-04-07,600036,13:59:28,39.0100,51,1
2026-04-07,600036,13:59:31,39.0000,11,2
2026-04-07,600036,13:59:34,39.0000,75,2
2026-04-07,600036,13:59:37,39.0100,115,1
2026-04-07,600036,13:59:40,39.0000,110,2
2026-04-07,600036,13:59:43,39.0100,23,1
2026-04-07,600036,13:59:46,39.0000,91,2
2026-04-07,600036,13:59:49,39.0100,10,1
2026-04-07,600036,13:59:52,39.0100,57,1
2026-04-07,600036,13:59:55,39.0000,117,2
2026-04-07,600036,13:59:58,39.0000,792,2
2026-04-07,600036,14:00:01,38.9900,228,2
2026-04-07,600036,14:00:04,38.9900,29,2
2026-04-07,600036,14:00:07,39.0000,54,1
2026-04-07,600036,14:00:10,39.0000,136,1
2026-04-07,600036,14:00:13,38.9900,204,2
2026-04-07,600036,14:00:16,38.9900,702,2
2026-04-07,600036,14:00:19,38.9800,223,2
2026-04-07,600036,14:00:22,38.9900,449,1
2026-04-07,600036,14:00:25,38.9900,37,1
2026-04-07,600036,14:00:28,39.0000,427,1
2026-04-07,600036,14:00:31,38.9900,26,2
2026-04-07,600036,14:00:34,39.0000,41,1
2026-04-07,600036,14:00:37,39.0000,8,1
2026-04-07,600036,14:00:40,39.0000,309,1
2026-04-07,600036,14:00:43,39.0000,28,1
2026-04-07,600036,14:00:46,39.0000,19,1
2026-04-07,600036,14:00:49,39.0000,274,1
2026-04-07,600036,14:00:52,39.0000,62,1
2026-04-07,600036,14:00:55,39.0000,56,2
2026-04-07,600036,14:00:58,38.9900,258,2
2026-04-07,600036,14:01:01,39.0000,13,4
2026-04-07,600036,14:01:04,39.0100,25,1
2026-04-07,600036,14:01:07,39.0100,42,1
2026-04-07,600036,14:01:10,39.0100,14,1
2026-04-07,600036,14:01:13,39.0100,134,1
2026-04-07,600036,14:01:16,39.0100,173,1
2026-04-07,600036,14:01:19,39.0000,89,2
2026-04-07,600036,14:01:22,39.0100,89,1
2026-04-07,600036,14:01:25,39.0100,29,1
2026-04-07,600036,14:01:28,39.0100,21,1
2026-04-07,600036,14:01:31,39.0000,151,2
2026-04-07,600036,14:01:34,39.0000,29,2
2026-04-07,600036,14:01:37,39.0100,410,1
2026-04-07,600036,14:01:40,39.0000,26,2
2026-04-07,600036,14:01:43,39.0100,278,1
2026-04-07,600036,14:01:46,39.0100,9,1
2026-04-07,600036,14:01:49,39.0100,389,1
2026-04-07,600036,14:01:52,39.0100,202,1
2026-04-07,600036,14:01:55,39.0100,33,1
2026-04-07,600036,14:01:58,39.0100,46,1
2026-04-07,600036,14:02:01,39.0200,33,1
2026-04-07,600036,14:02:04,39.0200,7,1
2026-04-07,600036,14:02:07,39.0200,131,1
2026-04-07,600036,14:02:10,39.0200,21,1
2026-04-07,600036,14:02:13,39.0200,40,1
2026-04-07,600036,14:02:16,39.0200,25,1
2026-04-07,600036,14:02:19,39.0200,39,1
2026-04-07,600036,14:02:22,39.0200,39,1
2026-04-07,600036,14:02:25,39.0200,39,1
2026-04-07,600036,14:02:28,39.0200,34,1
2026-04-07,600036,14:02:31,39.0200,59,1
2026-04-07,600036,14:02:34,39.0200,34,1
2026-04-07,600036,14:02:37,39.0200,44,1
2026-04-07,600036,14:02:40,39.0200,461,1
2026-04-07,600036,14:02:43,39.0200,226,2
2026-04-07,600036,14:02:46,39.0200,42,1
2026-04-07,600036,14:02:49,39.0200,69,2
2026-04-07,600036,14:02:52,39.0300,62,1
2026-04-07,600036,14:02:55,39.0300,44,1
2026-04-07,600036,14:02:58,39.0200,11,2
2026-04-07,600036,14:03:01,39.0200,84,1
2026-04-07,600036,14:03:04,39.0200,31,1
2026-04-07,600036,14:03:07,39.0200,55,2
2026-04-07,600036,14:03:10,39.0100,11,2
2026-04-07,600036,14:03:13,39.0200,42,1
2026-04-07,600036,14:03:16,39.0200,42,1
2026-04-07,600036,14:03:19,39.0200,1,1
2026-04-07,600036,14:03:22,39.0200,29,1
2026-04-07,600036,14:03:25,39.0200,32,1
2026-04-07,600036,14:03:28,39.0200,43,1
2026-04-07,600036,14:03:31,39.0200,51,1
2026-04-07,600036,14:03:34,39.0300,184,1
2026-04-07,600036,14:03:37,39.0200,1015,2
2026-04-07,600036,14:03:40,39.0200,68,1
2026-04-07,600036,14:03:43,39.0200,86,1
2026-04-07,600036,14:03:46,39.0200,32,1
2026-04-07,600036,14:03:49,39.0200,19,2
2026-04-07,600036,14:03:52,39.0300,8,1
2026-04-07,600036,14:03:55,39.0100,470,2
2026-04-07,600036,14:03:58,39.0100,40,1
2026-04-07,600036,14:04:01,39.0100,28,2
2026-04-07,600036,14:04:04,39.0200,7,1
2026-04-07,600036,14:04:07,39.0200,52,1
2026-04-07,600036,14:04:10,39.0300,657,1
2026-04-07,600036,14:04:13,39.0400,12,1
2026-04-07,600036,14:04:16,39.0300,44,2
2026-04-07,600036,14:04:19,39.0400,313,1
2026-04-07,600036,14:04:22,39.0400,50,2
2026-04-07,600036,14:04:25,39.0500,8,1
2026-04-07,600036,14:04:28,39.0500,62,1
2026-04-07,600036,14:04:31,39.0500,22,1
2026-04-07,600036,14:04:34,39.0400,173,2
2026-04-07,600036,14:04:37,39.0400,23,1
2026-04-07,600036,14:04:40,39.0300,6,2
2026-04-07,600036,14:04:43,39.0600,1780,1
2026-04-07,600036,14:04:46,39.0600,26,1
2026-04-07,600036,14:04:49,39.0600,9,1
2026-04-07,600036,14:04:52,39.0700,47,1
2026-04-07,600036,14:04:55,39.0600,60,4
2026-04-07,600036,14:04:58,39.0600,113,1
2026-04-07,600036,14:05:01,39.0600,48,1
2026-04-07,600036,14:05:04,39.0700,57,1
2026-04-07,600036,14:05:07,39.0600,43,2
2026-04-07,600036,14:05:10,39.0600,154,1
2026-04-07,600036,14:05:13,39.0600,235,2
2026-04-07,600036,14:05:16,39.0600,22,1
2026-04-07,600036,14:05:19,39.0600,74,1
2026-04-07,600036,14:05:22,39.0600,14,1
2026-04-07,600036,14:05:25,39.0600,120,1
2026-04-07,600036,14:05:28,39.0600,77,1
2026-04-07,600036,14:05:31,39.0600,30,1
2026-04-07,600036,14:05:34,39.0600,124,1
2026-04-07,600036,14:05:37,39.0600,87,1
2026-04-07,600036,14:05:40,39.0600,78,1
2026-04-07,600036,14:05:43,39.0600,20,1
2026-04-07,600036,14:05:46,39.0600,5,2
2026-04-07,600036,14:05:49,39.0700,32,1
2026-04-07,600036,14:05:52,39.0700,15,1
2026-04-07,600036,14:05:55,39.0700,37,1
2026-04-07,600036,14:05:58,39.0700,38,1
2026-04-07,600036,14:06:01,39.0800,8,1
2026-04-07,600036,14:06:04,39.0700,27,2
2026-04-07,600036,14:06:07,39.0700,185,2
2026-04-07,600036,14:06:10,39.0700,25,4
2026-04-07,600036,14:06:13,39.0700,59,1
2026-04-07,600036,14:06:16,39.0700,37,2
2026-04-07,600036,14:06:19,39.0700,703,1
2026-04-07,600036,14:06:22,39.0700,62,1
2026-04-07,600036,14:06:25,39.0700,130,1
2026-04-07,600036,14:06:28,39.0700,8,1
2026-04-07,600036,14:06:31,39.0700,74,1
2026-04-07,600036,14:06:34,39.0700,53,4
2026-04-07,600036,14:06:37,39.0700,9,1
2026-04-07,600036,14:06:40,39.0700,33,1
2026-04-07,600036,14:06:43,39.0600,21,2
2026-04-07,600036,14:06:46,39.0700,27,1
2026-04-07,600036,14:06:49,39.0700,10,4
2026-04-07,600036,14:06:52,39.0700,18,1
2026-04-07,600036,14:06:55,39.0500,520,2
2026-04-07,600036,14:06:58,39.0500,153,1
2026-04-07,600036,10:56:01,39.3900,5,2
2026-04-07,600036,10:56:07,39.4000,114,1
2026-04-07,600036,10:56:10,39.4000,7,1
2026-04-07,600036,10:56:13,39.4000,1,1
2026-04-07,600036,10:56:16,39.3900,4,2
2026-04-07,600036,10:56:19,39.4000,16,1
2026-04-07,600036,10:56:22,39.4000,35,1
2026-04-07,600036,10:56:25,39.3900,32,2
2026-04-07,600036,10:56:28,39.3900,2,2
2026-04-07,600036,10:56:31,39.3900,4,2
2026-04-07,600036,10:56:34,39.4000,20,1
2026-04-07,600036,10:56:43,39.4000,1,1
2026-04-07,600036,10:56:46,39.3900,12,2
2026-04-07,600036,10:56:49,39.4000,9,1
2026-04-07,600036,10:56:52,39.4000,7,1
2026-04-07,600036,10:56:55,39.4000,13,1
2026-04-07,600036,10:56:58,39.3900,17,2
2026-04-07,600036,10:57:01,39.3900,1,2
2026-04-07,600036,10:57:04,39.4000,1,1
2026-04-07,600036,10:57:07,39.4000,101,1
2026-04-07,600036,10:57:10,39.3900,36,2
2026-04-07,600036,10:57:13,39.4000,20,1
2026-04-07,600036,10:57:16,39.4000,1,1
2026-04-07,600036,10:57:19,39.3900,8,2
2026-04-07,600036,10:57:22,39.4000,20,1
2026-04-07,600036,10:57:25,39.3900,50,2
2026-04-07,600036,10:57:28,39.3900,47,2
2026-04-07,600036,10:57:34,39.4000,16,1
2026-04-07,600036,10:57:37,39.3900,7,2
2026-04-07,600036,10:57:40,39.3900,8,2
2026-04-07,600036,10:57:46,39.3900,33,2
2026-04-07,600036,10:57:49,39.3900,56,2
2026-04-07,600036,10:57:52,39.3900,106,2
2026-04-07,600036,10:57:55,39.3900,17,2
2026-04-07,600036,10:57:58,39.3900,21,2
2026-04-07,600036,10:58:01,39.4000,2,1
2026-04-07,600036,10:58:04,39.3900,18,2
2026-04-07,600036,10:58:07,39.4000,99,1
2026-04-07,600036,10:58:10,39.3900,15,2
2026-04-07,600036,10:58:13,39.4000,15,1
2026-04-07,600036,10:58:19,39.3900,12,2
2026-04-07,600036,10:58:22,39.4000,19,1
2026-04-07,600036,10:58:28,39.3900,6,2
2026-04-07,600036,10:58:31,39.4000,32,1
2026-04-07,600036,10:58:34,39.3900,11,2
2026-04-07,600036,10:58:37,39.4000,15,1
2026-04-07,600036,10:58:40,39.4000,7,1
2026-04-07,600036,10:58:43,39.4000,23,1
2026-04-07,600036,10:58:46,39.4000,32,1
2026-04-07,600036,10:58:49,39.4000,1,1
2026-04-07,600036,10:58:52,39.3900,7,2
2026-04-07,600036,10:58:55,39.4000,28,1
2026-04-07,600036,10:59:01,39.3900,7,2
2026-04-07,600036,10:59:04,39.3900,26,2
2026-04-07,600036,10:59:07,39.3900,244,2
2026-04-07,600036,10:59:10,39.3900,10,2
2026-04-07,600036,10:59:16,39.3900,61,2
2026-04-07,600036,10:59:19,39.3800,50,2
2026-04-07,600036,10:59:22,39.3900,6,1
2026-04-07,600036,10:59:25,39.3900,2,1
2026-04-07,600036,10:59:28,39.3900,15,1
2026-04-07,600036,10:59:31,39.3900,41,1
2026-04-07,600036,10:59:34,39.3900,3,1
2026-04-07,600036,10:59:37,39.3800,22,2
2026-04-07,600036,10:59:40,39.3900,35,1
2026-04-07,600036,10:59:43,39.3900,45,2
2026-04-07,600036,10:59:46,39.3900,29,2
2026-04-07,600036,10:59:49,39.3900,40,1
2026-04-07,600036,10:59:52,39.4000,10,1
2026-04-07,600036,10:59:55,39.4000,1,1
2026-04-07,600036,11:00:01,39.4000,11,1
2026-04-07,600036,11:00:04,39.3900,4,2
2026-04-07,600036,11:00:07,39.4000,68,1
2026-04-07,600036,11:00:10,39.3900,25,4
2026-04-07,600036,11:00:13,39.3900,2,2
2026-04-07,600036,11:00:16,39.3900,21,2
2026-04-07,600036,11:00:19,39.3900,22,1
2026-04-07,600036,11:00:22,39.3800,10,2
2026-04-07,600036,11:00:25,39.4000,3,1
2026-04-07,600036,11:00:28,39.4000,17,1
2026-04-07,600036,11:00:31,39.4000,5,1
2026-04-07,600036,11:00:34,39.3900,8,2
2026-04-07,600036,11:00:37,39.4000,5,1
2026-04-07,600036,11:00:40,39.4000,24,1
2026-04-07,600036,11:00:43,39.3900,2,2
2026-04-07,600036,11:00:46,39.4000,2,1
2026-04-07,600036,11:00:49,39.3900,29,2
2026-04-07,600036,11:00:52,39.4000,82,1
2026-04-07,600036,11:00:58,39.3900,21,2
2026-04-07,600036,11:01:01,39.3900,22,2
2026-04-07,600036,11:01:04,39.4000,4,1
2026-04-07,600036,11:01:07,39.4000,56,1
2026-04-07,600036,11:01:10,39.3900,45,2
2026-04-07,600036,11:01:13,39.3900,11,1
2026-04-07,600036,11:01:16,39.3900,46,1
2026-04-07,600036,11:01:19,39.3800,37,2
2026-04-07,600036,11:01:22,39.3800,255,2
2026-04-07,600036,11:01:25,39.3800,40,1
2026-04-07,600036,11:01:28,39.3700,2,2
2026-04-07,600036,11:01:31,39.3700,7,2
2026-04-07,600036,11:01:34,39.3700,4,2
2026-04-07,600036,11:01:37,39.3800,14,1
2026-04-07,600036,11:01:40,39.3700,2,2
2026-04-07,600036,11:01:43,39.3700,10,2
2026-04-07,600036,11:01:46,39.3700,21,2
2026-04-07,600036,11:01:49,39.3700,58,2
2026-04-07,600036,11:01:52,39.3600,328,2
2026-04-07,600036,11:01:55,39.3600,150,2
2026-04-07,600036,11:01:58,39.3500,773,2
2026-04-07,600036,11:02:01,39.3200,4578,2
2026-04-07,600036,11:02:04,39.3200,747,2
2026-04-07,600036,11:02:07,39.3200,890,2
2026-04-07,600036,11:02:10,39.3100,323,2
2026-04-07,600036,11:02:13,39.3100,118,2
2026-04-07,600036,11:02:16,39.3200,329,1
2026-04-07,600036,11:02:19,39.3100,53,2
2026-04-07,600036,11:02:22,39.3200,113,1
2026-04-07,600036,11:02:25,39.3200,13,1
2026-04-07,600036,11:02:28,39.3100,78,2
2026-04-07,600036,11:02:31,39.3200,10,1
2026-04-07,600036,11:02:34,39.3100,59,2
2026-04-07,600036,11:02:37,39.3200,16,1
2026-04-07,600036,11:02:40,39.3200,60,1
2026-04-07,600036,11:02:43,39.3100,46,2
2026-04-07,600036,11:02:46,39.3200,53,1
2026-04-07,600036,11:02:49,39.3100,161,2
2026-04-07,600036,11:02:52,39.3200,52,1
2026-04-07,600036,11:02:55,39.3200,67,1
2026-04-07,600036,11:02:58,39.3200,17,1
2026-04-07,600036,11:03:01,39.3100,95,2
2026-04-07,600036,11:03:04,39.3200,85,1
2026-04-07,600036,11:03:07,39.3200,172,1
2026-04-07,600036,11:03:10,39.3200,160,1
2026-04-07,600036,11:03:13,39.3200,141,1
2026-04-07,600036,11:03:16,39.3200,43,1
2026-04-07,600036,11:03:19,39.3200,171,1
2026-04-07,600036,11:03:22,39.3200,42,1
2026-04-07,600036,11:03:25,39.3100,66,2
2026-04-07,600036,11:03:28,39.3100,20,2
2026-04-07,600036,11:03:31,39.3200,67,1
2026-04-07,600036,11:03:34,39.3100,82,2
2026-04-07,600036,11:03:37,39.3100,36,2
2026-04-07,600036,11:03:40,39.3100,54,2
2026-04-07,600036,11:03:43,39.3200,108,1
2026-04-07,600036,11:03:46,39.3100,24,2
2026-04-07,600036,11:03:49,39.3200,47,1
2026-04-07,600036,11:03:52,39.3100,86,2
2026-04-07,600036,11:03:55,39.3100,33,2
2026-04-07,600036,11:03:58,39.3100,114,2
2026-04-07,600036,11:04:01,39.3100,14,2
2026-04-07,600036,11:04:04,39.3100,29,2
2026-04-07,600036,11:04:07,39.3100,68,2
2026-04-07,600036,11:04:10,39.3100,40,2
2026-04-07,600036,11:04:13,39.3100,52,2
2026-04-07,600036,11:04:16,39.3100,54,2
2026-04-07,600036,11:04:19,39.3200,22,1
2026-04-07,600036,11:04:22,39.3100,394,2
2026-04-07,600036,11:04:25,39.3000,774,2
2026-04-07,600036,11:04:28,39.3100,217,1
2026-04-07,600036,11:04:31,39.3000,296,2
2026-04-07,600036,11:04:34,39.3000,128,2
2026-04-07,600036,11:04:37,39.3100,34,1
2026-04-07,600036,11:04:40,39.3100,33,1
2026-04-07,600036,11:04:43,39.3100,58,2
2026-04-07,600036,11:04:46,39.3100,24,2
2026-04-07,600036,11:04:49,39.3100,36,2
2026-04-07,600036,11:04:52,39.3100,15,2
2026-04-07,600036,11:04:55,39.3100,26,2
2026-04-07,600036,11:04:58,39.3100,13,2
2026-04-07,600036,11:05:01,39.3100,1,2
2026-04-07,600036,11:05:04,39.3100,71,2
2026-04-07,600036,11:05:07,39.3200,16,1
2026-04-07,600036,11:05:10,39.3200,37,1
2026-04-07,600036,11:05:13,39.3300,22,1
2026-04-07,600036,11:05:16,39.3300,21,1
2026-04-07,600036,11:05:19,39.3300,16,1
2026-04-07,600036,11:05:22,39.3100,148,2
2026-04-07,600036,11:05:25,39.3100,89,2
2026-04-07,600036,11:05:28,39.3100,84,2
2026-04-07,600036,11:05:31,39.3100,945,1
2026-04-07,600036,11:05:34,39.3000,2579,2
2026-04-07,600036,11:05:37,39.2900,812,4
2026-04-07,600036,11:05:40,39.2700,1082,2
2026-04-07,600036,11:05:43,39.2600,358,2
2026-04-07,600036,11:05:46,39.2600,664,1
2026-04-07,600036,11:05:49,39.2500,108,2
2026-04-07,600036,11:05:52,39.2600,227,1
2026-04-07,600036,11:05:55,39.2600,100,1
2026-04-07,600036,11:05:58,39.2500,78,2
2026-04-07,600036,11:06:01,39.2700,78,1
2026-04-07,600036,11:06:04,39.2600,471,2
2026-04-07,600036,11:06:07,39.2500,332,2
2026-04-07,600036,11:06:10,39.2500,43,2
2026-04-07,600036,11:06:13,39.2600,61,1
2026-04-07,600036,11:06:16,39.2700,125,1
2026-04-07,600036,11:06:19,39.2600,65,2
2026-04-07,600036,11:06:22,39.2600,183,2
2026-04-07,600036,11:06:25,39.2700,33,1
2026-04-07,600036,11:06:28,39.2700,70,1
2026-04-07,600036,11:06:31,39.2700,54,1
2026-04-07,600036,11:06:34,39.2700,68,2
2026-04-07,600036,11:06:37,39.2700,29,1
2026-04-07,600036,11:06:40,39.2600,39,2
2026-04-07,600036,11:06:43,39.2700,92,1
2026-04-07,600036,11:06:46,39.2600,17,2
2026-04-07,600036,11:06:49,39.2700,9,2
2026-04-07,600036,11:06:52,39.2800,41,1
2026-04-07,600036,11:06:55,39.2800,34,1
2026-04-07,600036,11:06:58,39.2800,14,1
2026-04-07,600036,11:07:01,39.2800,99,1
2026-04-07,600036,11:07:04,39.2700,16,2
2026-04-07,600036,11:07:07,39.2800,42,1
2026-04-07,600036,11:07:10,39.2800,8,2
2026-04-07,600036,11:07:13,39.2800,31,2
2026-04-07,600036,11:07:16,39.2700,78,2
2026-04-07,600036,11:07:19,39.2800,29,1
2026-04-07,600036,11:07:22,39.2700,82,2
2026-04-07,600036,11:07:25,39.2700,78,2
2026-04-07,600036,11:07:28,39.2700,275,2
2026-04-07,600036,11:07:31,39.2800,25,1
2026-04-07,600036,11:07:34,39.2800,300,1
2026-04-07,600036,11:07:37,39.2800,242,1
2026-04-07,600036,11:07:40,39.2700,86,2
2026-04-07,600036,11:07:43,39.2800,89,1
2026-04-07,600036,11:07:46,39.2700,119,2
2026-04-07,600036,11:07:49,39.2700,41,2
2026-04-07,600036,11:07:52,39.2700,114,2
2026-04-07,600036,11:07:55,39.2600,270,2
2026-04-07,600036,11:07:58,39.2700,167,1
2026-04-07,600036,11:08:01,39.2700,34,1
2026-04-07,600036,11:08:04,39.2700,59,1
2026-04-07,600036,11:08:07,39.2700,56,1
2026-04-07,600036,11:08:10,39.2600,55,2
2026-04-07,600036,11:08:13,39.2600,116,2
2026-04-07,600036,11:08:16,39.2600,43,1
2026-04-07,600036,11:08:19,39.2600,45,1
2026-04-07,600036,11:08:22,39.2600,19,1
2026-04-07,600036,11:08:25,39.2500,28,2
2026-04-07,600036,11:08:28,39.2500,15,2
2026-04-07,600036,11:08:31,39.2600,23,1
2026-04-07,600036,11:08:34,39.2600,11,2
2026-04-07,600036,11:08:37,39.2600,24,1
2026-04-07,600036,11:08:40,39.2600,40,1
2026-04-07,600036,11:08:43,39.2600,3,2
2026-04-07,600036,11:08:46,39.2500,271,2
2026-04-07,600036,11:08:49,39.2600,3,4
2026-04-07,600036,11:08:52,39.2600,79,2
2026-04-07,600036,11:08:55,39.2500,104,2
2026-04-07,600036,11:08:58,39.2500,25,2
2026-04-07,600036,11:09:01,39.2600,87,1
2026-04-07,600036,11:09:04,39.2600,28,1
2026-04-07,600036,11:09:07,39.2600,142,1
2026-04-07,600036,11:09:10,39.2500,61,2
2026-04-07,600036,11:09:13,39.2500,32,2
2026-04-07,600036,11:09:16,39.2600,71,1
2026-04-07,600036,11:09:19,39.2600,38,1
2026-04-07,600036,11:09:22,39.2600,48,2
2026-04-07,600036,11:09:25,39.2600,43,2
2026-04-07,600036,11:09:28,39.2600,50,2
2026-04-07,600036,11:09:31,39.2700,31,1
2026-04-07,600036,11:09:34,39.2600,12,2
2026-04-07,600036,11:09:37,39.2600,54,2
2026-04-07,600036,11:09:40,39.2600,20,1
2026-04-07,600036,11:09:43,39.2700,44,1
2026-04-07,600036,11:09:46,39.2700,8,1
2026-04-07,600036,11:09:49,39.2600,28,2
2026-04-07,600036,11:09:52,39.2600,10,2
2026-04-07,600036,11:09:55,39.2600,36,2
2026-04-07,600036,11:09:58,39.2600,24,2
2026-04-07,600036,11:10:01,39.2700,5,1
2026-04-07,600036,11:10:04,39.2600,68,2
2026-04-07,600036,11:10:07,39.2700,125,1
2026-04-07,600036,11:10:10,39.2600,123,2
2026-04-07,600036,11:10:13,39.2600,40,2
2026-04-07,600036,11:10:16,39.2600,19,1
2026-04-07,600036,11:10:19,39.2600,102,2
2026-04-07,600036,11:10:22,39.2600,84,2
2026-04-07,600036,11:10:25,39.2600,64,2
2026-04-07,600036,11:10:28,39.2700,12,1
2026-04-07,600036,11:10:31,39.2700,31,1
2026-04-07,600036,11:10:34,39.2600,39,2
2026-04-07,600036,11:10:37,39.2600,8,2
2026-04-07,600036,11:10:40,39.2700,12,1
2026-04-07,600036,11:10:43,39.2700,14,1
2026-04-07,600036,11:10:46,39.2700,11,1
2026-04-07,600036,11:10:49,39.2600,6,2
2026-04-07,600036,11:10:52,39.2600,83,2
2026-04-07,600036,11:10:55,39.2700,36,1
2026-04-07,600036,11:10:58,39.2700,71,1
2026-04-07,600036,11:11:01,39.2700,55,1
2026-04-07,600036,11:11:04,39.2700,25,2
2026-04-07,600036,11:11:07,39.2700,67,2
2026-04-07,600036,11:11:10,39.2700,20,2
2026-04-07,600036,11:11:13,39.2700,21,2
2026-04-07,600036,11:11:16,39.2700,28,2
2026-04-07,600036,11:11:19,39.2800,12,1
2026-04-07,600036,11:11:22,39.2700,33,2
2026-04-07,600036,11:11:25,39.2700,5,2
2026-04-07,600036,11:11:28,39.2700,8,2
2026-04-07,600036,11:11:31,39.2800,17,1
2026-04-07,600036,11:11:34,39.2700,53,2
2026-04-07,600036,11:11:37,39.2700,15,2
2026-04-07,600036,11:11:40,39.2800,12,1
2026-04-07,600036,11:11:43,39.2700,14,2
2026-04-07,600036,11:11:46,39.2700,29,2
2026-04-07,600036,11:11:52,39.2800,33,1
2026-04-07,600036,11:11:55,39.2800,72,1
2026-04-07,600036,11:11:58,39.2700,37,2
2026-04-07,600036,11:12:01,39.2800,15,1
2026-04-07,600036,11:12:04,39.2800,59,1
2026-04-07,600036,11:12:07,39.2800,11,1
2026-04-07,600036,11:12:10,39.2700,33,2
2026-04-07,600036,11:12:13,39.2800,9,1
2026-04-07,600036,11:12:16,39.2800,17,1
2026-04-07,600036,11:12:19,39.2800,58,1
2026-04-07,600036,11:12:22,39.2800,9,1
2026-04-07,600036,11:12:25,39.2700,14,2
2026-04-07,600036,11:12:28,39.2700,48,2
2026-04-07,600036,11:12:31,39.2800,70,1
2026-04-07,600036,11:12:34,39.2800,6,1
2026-04-07,600036,11:12:37,39.2800,20,1
2026-04-07,600036,11:12:40,39.2800,1,1
2026-04-07,600036,11:12:43,39.2800,36,1
2026-04-07,600036,11:12:46,39.2800,10,1
2026-04-07,600036,11:12:49,39.2700,15,2
2026-04-07,600036,11:12:52,39.2800,42,1
2026-04-07,600036,11:12:55,39.2700,75,2
2026-04-07,600036,11:12:58,39.2700,60,2
2026-04-07,600036,11:13:01,39.2700,11,2
2026-04-07,600036,11:13:04,39.2800,40,1
2026-04-07,600036,11:13:07,39.2700,30,2
2026-04-07,600036,11:13:10,39.2700,731,2
2026-04-07,600036,11:13:13,39.2600,77,1
2026-04-07,600036,11:13:16,39.2600,263,1
2026-04-07,600036,11:13:19,39.2500,1271,2
2026-04-07,600036,11:13:22,39.2300,185,2
2026-04-07,600036,11:13:25,39.2500,408,1
2026-04-07,600036,11:13:28,39.2600,139,1
2026-04-07,600036,11:13:31,39.2300,122,2
2026-04-07,600036,11:13:34,39.2400,81,2
2026-04-07,600036,11:13:37,39.2300,52,2
2026-04-07,600036,11:13:40,39.2300,21,2
2026-04-07,600036,11:13:43,39.2300,101,2
2026-04-07,600036,11:13:46,39.2400,14,2
2026-04-07,600036,11:13:49,39.2300,25,2
2026-04-07,600036,11:13:52,39.2300,80,2
2026-04-07,600036,11:13:55,39.2400,26,2
2026-04-07,600036,11:13:58,39.2400,68,1
2026-04-07,600036,11:14:01,39.2300,59,4
2026-04-07,600036,11:14:04,39.2400,53,1
2026-04-07,600036,11:14:07,39.2400,19,1
2026-04-07,600036,11:14:10,39.2300,10,2
2026-04-07,600036,11:14:13,39.2400,76,1
2026-04-07,600036,11:14:16,39.2400,15,2
2026-04-07,600036,11:14:19,39.2500,21,1
2026-04-07,600036,11:14:22,39.2400,49,2
2026-04-07,600036,11:14:25,39.2400,21,2
2026-04-07,600036,11:14:28,39.2400,406,2
2026-04-07,600036,11:14:31,39.2500,249,1
2026-04-07,600036,11:14:34,39.2400,20,2
2026-04-07,600036,11:14:37,39.2500,58,1
2026-04-07,600036,11:14:40,39.2500,74,1
2026-04-07,600036,11:14:43,39.2500,117,1
2026-04-07,600036,11:14:46,39.2400,69,2
2026-04-07,600036,11:14:49,39.2400,50,2
2026-04-07,600036,11:14:52,39.2500,26,1
2026-04-07,600036,11:14:55,39.2500,8,1
2026-04-07,600036,11:14:58,39.2400,42,2
2026-04-07,600036,11:15:01,39.2400,18,2
2026-04-07,600036,11:15:04,39.2400,23,2
2026-04-07,600036,11:15:07,39.2400,34,2
2026-04-07,600036,11:15:10,39.2400,62,2
2026-04-07,600036,11:15:13,39.2400,183,2
2026-04-07,600036,11:15:16,39.2400,175,2
2026-04-07,600036,11:15:19,39.2300,138,2
2026-04-07,600036,11:15:22,39.2200,65,2
2026-04-07,600036,11:15:25,39.2200,74,2
2026-04-07,600036,11:15:28,39.2200,44,2
2026-04-07,600036,11:15:31,39.2200,31,2
2026-04-07,600036,11:15:34,39.2200,23,2
2026-04-07,600036,11:15:37,39.2300,31,1
2026-04-07,600036,11:15:40,39.2200,17,2
2026-04-07,600036,11:15:43,39.2200,37,2
2026-04-07,600036,11:15:46,39.2200,79,2
2026-04-07,600036,11:15:49,39.2200,11,2
2026-04-07,600036,11:15:52,39.2200,40,2
2026-04-07,600036,11:15:55,39.2200,34,2
2026-04-07,600036,11:15:58,39.2300,36,1
2026-04-07,600036,11:16:01,39.2200,41,2
2026-04-07,600036,11:16:04,39.2200,124,2
2026-04-07,600036,11:16:07,39.2400,197,1
2026-04-07,600036,11:16:10,39.2300,35,2
2026-04-07,600036,11:16:13,39.2300,104,2
2026-04-07,600036,11:16:16,39.2300,57,2
2026-04-07,600036,11:16:19,39.2300,297,2
2026-04-07,600036,11:16:22,39.2400,117,1
2026-04-07,600036,11:16:25,39.2500,22,1
2026-04-07,600036,11:16:28,39.2300,566,2
2026-04-07,600036,11:16:31,39.2400,54,1
2026-04-07,600036,11:16:34,39.2400,34,1
2026-04-07,600036,11:16:37,39.2300,22,2
2026-04-07,600036,11:16:40,39.2300,1,2
2026-04-07,600036,11:16:43,39.2300,22,2
2026-04-07,600036,11:16:46,39.2300,3,2
2026-04-07,600036,11:16:49,39.2400,39,1
2026-04-07,600036,11:16:52,39.2400,38,1
2026-04-07,600036,11:16:55,39.2400,12,1
2026-04-07,600036,11:16:58,39.2300,63,2
2026-04-07,600036,11:17:01,39.2300,6,2
2026-04-07,600036,11:17:04,39.2300,39,2
2026-04-07,600036,11:17:07,39.2400,8,4
2026-04-07,600036,11:17:10,39.2500,5,1
2026-04-07,600036,11:17:13,39.2500,4,1
2026-04-07,600036,11:17:16,39.2400,13,2
2026-04-07,600036,11:17:19,39.2500,30,1
2026-04-07,600036,11:17:22,39.2500,23,1
2026-04-07,600036,11:17:25,39.2500,12,1
2026-04-07,600036,11:17:28,39.2500,7,1
2026-04-07,600036,11:17:31,39.2600,1,1
2026-04-07,600036,11:17:34,39.2500,9,2
2026-04-07,600036,11:17:37,39.2500,11,2
2026-04-07,600036,11:17:40,39.2600,19,1
2026-04-07,600036,11:17:43,39.2600,16,1
2026-04-07,600036,11:17:46,39.2500,10,2
2026-04-07,600036,11:17:49,39.2600,1,1
2026-04-07,600036,11:17:52,39.2600,8,1
2026-04-07,600036,11:17:55,39.2500,12,2
2026-04-07,600036,11:17:58,39.2600,3,1
2026-04-07,600036,11:18:01,39.2600,1,1
2026-04-07,600036,11:18:04,39.2600,7,1
2026-04-07,600036,11:18:07,39.2500,12,2
2026-04-07,600036,11:18:10,39.2600,236,1
2026-04-07,600036,11:18:13,39.2600,35,1
2026-04-07,600036,11:18:16,39.2500,14,2
2026-04-07,600036,11:18:22,39.2600,17,2
2026-04-07,600036,11:18:25,39.2700,4,1
2026-04-07,600036,11:18:28,39.2600,13,2
2026-04-07,600036,11:18:31,39.2600,4,2
2026-04-07,600036,11:18:34,39.2700,9,1
2026-04-07,600036,11:18:37,39.2700,37,1
2026-04-07,600036,11:18:40,39.2500,61,2
2026-04-07,600036,11:18:43,39.2500,18,2
2026-04-07,600036,11:18:46,39.2600,10,2
2026-04-07,600036,11:18:49,39.2500,19,2
2026-04-07,600036,11:18:52,39.2500,19,2
2026-04-07,600036,11:18:55,39.2500,2,2
2026-04-07,600036,11:18:58,39.2600,40,1
2026-04-07,600036,11:19:01,39.2500,13,2
2026-04-07,600036,11:19:04,39.2600,7,1
2026-04-07,600036,11:19:10,39.2500,203,2
2026-04-07,600036,11:19:13,39.2500,40,1
2026-04-07,600036,11:19:16,39.2500,79,1
2026-04-07,600036,11:19:19,39.2500,15,1
2026-04-07,600036,11:19:22,39.2500,88,1
2026-04-07,600036,11:19:25,39.2500,10,1
2026-04-07,600036,11:19:28,39.2300,252,2
2026-04-07,600036,11:19:31,39.2300,71,2
2026-04-07,600036,11:19:34,39.2300,23,2
2026-04-07,600036,11:19:37,39.2300,53,2
2026-04-07,600036,11:19:40,39.2400,12,1
2026-04-07,600036,11:19:43,39.2300,11,2
2026-04-07,600036,11:19:46,39.2400,1,1
2026-04-07,600036,11:19:49,39.2400,10,1
2026-04-07,600036,11:19:52,39.2400,51,1
2026-04-07,600036,11:19:55,39.2400,7,1
2026-04-07,600036,11:19:58,39.2400,10,1
2026-04-07,600036,11:20:01,39.2300,21,2
2026-04-07,600036,11:20:04,39.2300,73,2
2026-04-07,600036,11:20:07,39.2400,36,1
2026-04-07,600036,11:20:10,39.2300,6,2
2026-04-07,600036,11:20:13,39.2300,36,2
2026-04-07,600036,11:20:16,39.2400,444,1
2026-04-07,600036,11:20:19,39.2300,603,2
2026-04-07,600036,11:20:22,39.2300,167,2
2026-04-07,600036,11:20:25,39.2300,67,1
2026-04-07,600036,11:20:28,39.2300,32,1
2026-04-07,600036,11:20:31,39.2300,69,1
2026-04-07,600036,11:20:34,39.2300,12,1
2026-04-07,600036,11:20:37,39.2300,78,1
2026-04-07,600036,11:20:40,39.2300,174,1
2026-04-07,600036,11:20:43,39.2300,27,1
2026-04-07,600036,11:20:46,39.2300,8,1
2026-04-07,600036,11:20:49,39.2200,42,2
2026-04-07,600036,11:20:52,39.2300,6,2
2026-04-07,600036,11:20:58,39.2300,11,2
2026-04-07,600036,11:21:01,39.2300,40,2
2026-04-07,600036,11:21:04,39.2300,127,2
