date,code,time,price,volume,bs
2026-02-25,601318,14:06:54,64.9300,166,1
2026-02-25,601318,14:06:57,64.9300,190,2
2026-02-25,601318,14:07:00,64.9300,202,2
2026-02-25,601318,14:07:03,64.9300,122,2
2026-02-25,601318,14:07:06,64.9700,383,1
2026-02-25,601318,14:07:09,64.9200,193,2
2026-02-25,601318,14:07:12,64.9300,81,2
2026-02-25,601318,14:07:15,64.9700,211,1
2026-02-25,601318,14:07:18,64.9300,35,2
2026-02-25,601318,14:07:21,64.9500,70,1
2026-02-25,601318,14:07:24,64.9500,38,1
2026-02-25,601318,14:07:27,64.9400,49,2
2026-02-25,601318,14:07:30,64.9800,251,1
2026-02-25,601318,14:07:33,64.9500,71,2
2026-02-25,601318,14:07:36,64.9500,42,2
2026-02-25,601318,14:07:39,64.9500,27,2
2026-02-25,601318,14:07:42,64.9600,48,1
2026-02-25,601318,14:07:45,64.9500,7,2
2026-02-25,601318,14:07:48,64.9500,107,2
2026-02-25,601318,14:07:51,64.9500,5,1
2026-02-25,601318,14:07:54,64.9500,67,1
2026-02-25,601318,14:07:57,64.9400,122,2
2026-02-25,601318,14:08:00,64.9400,59,1
2026-02-25,601318,14:08:03,64.9300,38,2
2026-02-25,601318,14:08:06,64.9200,78,2
2026-02-25,601318,14:08:09,64.9200,6,2
2026-02-25,601318,14:08:12,64.9300,25,1
2026-02-25,601318,14:08:15,64.9400,15,1
2026-02-25,601318,14:08:18,64.9300,13,2
2026-02-25,601318,14:08:21,64.9400,59,1
2026-02-25,601318,14:08:24,64.9400,8,1
2026-02-25,601318,14:08:27,64.9300,3,2
2026-02-25,601318,14:08:30,64.9400,20,1
2026-02-25,601318,14:08:33,64.9300,20,2
2026-02-25,601318,14:08:36,64.9200,115,2
2026-02-25,601318,14:08:39,64.9200,28,2
2026-02-25,601318,14:08:42,64.9300,220,1
2026-02-25,601318,14:08:45,64.9300,42,1
2026-02-25,601318,14:08:48,64.9200,37,2
2026-02-25,601318,14:08:51,64.9200,50,2
2026-02-25,601318,14:08:54,64.9200,110,1
2026-02-25,601318,14:08:57,64.9200,109,1
2026-02-25,601318,14:09:00,64.9200,29,2
2026-02-25,601318,14:09:03,64.9300,85,1
2026-02-25,601318,14:09:06,64.9200,77,2
2026-02-25,601318,14:09:09,64.9200,19,1
2026-02-25,601318,14:09:12,64.9200,35,1
2026-02-25,601318,14:09:15,64.9200,129,1
2026-02-25,601318,14:09:18,64.9100,82,2
2026-02-25,601318,14:09:21,64.9200,169,1
2026-02-25,601318,14:09:24,64.9200,55,1
2026-02-25,601318,14:09:27,64.9100,29,2
2026-02-25,601318,14:09:30,64.9400,2,1
2026-02-25,601318,14:09:33,64.9200,46,2
2026-02-25,601318,14:09:36,64.9400,57,1
2026-02-25,601318,14:09:39,64.9400,10,1
2026-02-25,601318,14:09:42,64.9300,5,4
2026-02-25,601318,14:09:45,64.9200,23,2
2026-02-25,601318,14:09:48,64.9300,59,4
2026-02-25,601318,14:09:51,64.9200,68,2
2026-02-25,601318,14:09:54,64.9200,23,2
2026-02-25,601318,14:09:57,64.9200,73,2
2026-02-25,601318,14:10:00,64.9200,30,2
2026-02-25,601318,14:10:03,64.9200,39,2
2026-02-25,601318,14:10:06,64.9300,59,1
2026-02-25,601318,14:10:09,64.9200,24,2
2026-02-25,601318,14:10:12,64.9200,64,2
2026-02-25,601318,14:10:15,64.9200,63,2
2026-02-25,601318,14:10:18,64.9200,37,1
2026-02-25,601318,14:10:21,64.9200,72,1
2026-02-25,601318,14:10:24,64.9400,39,1
2026-02-25,601318,14:10:27,64.9600,90,1
2026-02-25,601318,14:10:30,64.9200,67,2
2026-02-25,601318,14:10:33,64.9200,13,2
2026-02-25,601318,14:10:36,64.9400,16,1
2026-02-25,601318,14:10:39,64.9300,64,2
2026-02-25,601318,14:10:42,64.9300,158,2
2026-02-25,601318,14:10:45,64.9200,119,2
2026-02-25,601318,14:10:48,64.9400,83,1
2026-02-25,601318,14:10:51,64.9500,51,1
2026-02-25,601318,14:10:54,64.9600,63,1
2026-02-25,601318,14:10:57,64.9600,22,1
2026-02-25,601318,14:11:00,64.9500,84,1
2026-02-25,601318,14:11:03,64.9500,395,2
2026-02-25,601318,14:11:06,64.9700,63,1
2026-02-25,601318,14:11:09,64.9800,62,1
2026-02-25,601318,14:11:12,64.9600,58,2
2026-02-25,601318,14:11:15,64.9600,42,2
2026-02-25,601318,14:11:18,64.9800,75,1
2026-02-25,601318,14:11:21,64.9600,52,2
2026-02-25,601318,14:11:24,64.9700,26,2
2026-02-25,601318,14:11:27,64.9700,62,2
2026-02-25,601318,14:11:30,64.9700,100,1
2026-02-25,601318,14:11:33,64.9600,141,2
2026-02-25,601318,14:11:36,64.9700,204,1
2026-02-25,601318,14:11:39,64.9700,8,1
2026-02-25,601318,14:11:42,64.9700,34,2
2026-02-25,601318,14:11:45,64.9700,30,2
2026-02-25,601318,14:11:48,64.9700,18,1
2026-02-25,601318,14:11:51,64.9600,38,2
2026-02-25,601318,14:11:54,64.9700,107,1
2026-02-25,601318,14:11:57,64.9500,61,2
2026-02-25,601318,14:12:00,64.9800,114,1
2026-02-25,601318,14:12:03,64.9500,58,2
2026-02-25,601318,14:12:06,64.9500,40,2
2026-02-25,601318,14:12:09,64.9500,10,2
2026-02-25,601318,14:12:12,64.9500,23,2
2026-02-25,601318,14:12:15,64.9600,17,4
2026-02-25,601318,14:12:18,64.9700,33,1
2026-02-25,601318,14:12:21,64.9800,118,1
2026-02-25,601318,14:12:24,64.9700,140,2
2026-02-25,601318,14:12:27,64.9700,97,2
2026-02-25,601318,14:12:30,64.9700,247,2
2026-02-25,601318,14:12:33,64.9700,111,1
2026-02-25,601318,14:12:36,64.9800,74,1
2026-02-25,601318,14:12:39,65.0000,84,1
2026-02-25,601318,14:12:42,64.9700,42,2
2026-02-25,601318,14:12:45,65.0000,26,1
2026-02-25,601318,14:12:48,64.9800,33,2
2026-02-25,601318,14:12:51,64.9700,5,2
2026-02-25,601318,14:12:54,64.9900,25,1
2026-02-25,601318,14:12:57,64.9800,38,1
2026-02-25,601318,14:13:00,64.9700,54,2
2026-02-25,601318,14:13:03,64.9800,111,1
2026-02-25,601318,14:13:06,64.9600,128,2
2026-02-25,601318,14:13:09,64.9600,34,2
2026-02-25,601318,14:13:12,64.9600,251,2
2026-02-25,601318,14:13:15,64.9500,43,2
2026-02-25,601318,14:13:18,64.9600,97,1
2026-02-25,601318,14:13:21,64.9600,172,1
2026-02-25,601318,14:13:24,64.9800,36,1
2026-02-25,601318,14:13:27,64.9600,65,2
2026-02-25,601318,14:13:30,64.9700,23,1
2026-02-25,601318,14:13:33,64.9800,52,1
2026-02-25,601318,14:13:36,64.9700,75,2
2026-02-25,601318,14:13:39,64.9700,11,1
2026-02-25,601318,14:13:42,64.9600,12,2
2026-02-25,601318,14:13:45,64.9700,7,1
2026-02-25,601318,14:13:48,64.9700,53,1
2026-02-25,601318,14:13:51,64.9800,79,1
2026-02-25,601318,14:13:54,64.9800,13,2
2026-02-25,601318,14:13:57,65.0000,193,1
2026-02-25,601318,14:14:00,64.9800,43,2
2026-02-25,601318,14:14:03,65.0000,63,1
2026-02-25,601318,14:14:06,65.0000,112,1
2026-02-25,601318,14:14:09,64.9800,122,2
2026-02-25,601318,14:14:12,64.9800,46,2
2026-02-25,601318,14:14:15,64.9900,66,4
2026-02-25,601318,14:14:18,65.0000,49,1
2026-02-25,601318,14:14:21,64.9900,34,1
2026-02-25,601318,14:14:24,64.9900,14,1
2026-02-25,601318,14:14:27,64.9800,86,2
2026-02-25,601318,14:14:30,64.9900,78,1
2026-02-25,601318,14:14:33,64.9900,39,2
2026-02-25,601318,14:14:36,64.9800,75,2
2026-02-25,601318,14:14:39,65.0200,64,1
2026-02-25,601318,14:14:42,64.9800,30,2
2026-02-25,601318,14:14:45,64.9800,10,2
2026-02-25,601318,14:14:48,64.9800,124,2
2026-02-25,601318,14:14:51,64.9800,141,1
2026-02-25,601318,14:14:54,64.9800,16,1
2026-02-25,601318,14:14:57,64.9700,145,2
2026-02-25,601318,14:15:00,64.9800,15,1
2026-02-25,601318,14:15:03,64.9800,78,1
2026-02-25,601318,14:15:06,64.9800,161,1
2026-02-25,601318,14:15:09,65.0000,121,1
2026-02-25,601318,14:15:12,65.0300,103,1
2026-02-25,601318,14:15:15,65.0400,165,1
2026-02-25,601318,14:15:18,65.0400,21,1
2026-02-25,601318,14:15:21,65.0100,60,2
2026-02-25,601318,14:15:24,65.0100,6,2
2026-02-25,601318,14:15:27,65.0200,6,1
2026-02-25,601318,14:15:30,65.0000,61,2
2026-02-25,601318,14:15:33,65.0100,78,2
2026-02-25,601318,14:15:36,64.9900,76,2
2026-02-25,601318,14:15:39,64.9900,58,2
2026-02-25,601318,14:15:42,65.0100,203,1
2026-02-25,601318,14:15:45,65.0100,65,1
2026-02-25,601318,14:15:48,65.0300,145,1
2026-02-25,601318,14:15:51,65.0000,145,2
2026-02-25,601318,14:15:54,65.0100,9,1
2026-02-25,601318,14:16:00,65.0000,159,2
2026-02-25,601318,14:16:03,65.0000,137,2
2026-02-25,601318,14:16:06,65.0100,289,1
2026-02-25,601318,14:16:09,65.0400,90,1
2026-02-25,601318,14:16:12,65.0200,197,1
2026-02-25,601318,14:16:15,65.0100,99,2
2026-02-25,601318,14:16:18,65.0200,63,2
2026-02-25,601318,14:16:21,65.0400,50,1
2026-02-25,601318,14:16:24,65.0400,30,1
2026-02-25,601318,14:16:27,65.0400,46,1
2026-02-25,601318,14:16:30,65.0500,44,1
2026-02-25,601318,14:16:33,65.0400,51,1
2026-02-25,601318,14:16:36,65.0600,279,1
2026-02-25,601318,14:16:39,65.0300,187,4
2026-02-25,601318,14:16:42,65.0800,239,1
2026-02-25,601318,14:16:45,65.0500,141,2
2026-02-25,601318,14:16:48,65.0400,131,2
2026-02-25,601318,14:16:51,65.0300,81,2
2026-02-25,601318,14:16:54,65.0200,97,2
2026-02-25,601318,14:16:57,65.0300,38,1
2026-02-25,601318,14:17:00,65.0200,48,2
2026-02-25,601318,14:17:03,65.0200,50,2
2026-02-25,601318,14:17:06,65.0100,272,2
2026-02-25,601318,14:17:09,65.0200,66,4
2026-02-25,601318,14:17:12,65.0200,114,1
2026-02-25,601318,14:17:15,65.0100,38,2
2026-02-25,601318,14:17:18,65.0100,20,1
2026-02-25,601318,14:17:21,65.0000,211,2
2026-02-25,601318,14:17:24,65.0000,17,1
2026-02-25,601318,14:17:27,65.0200,48,1
2026-02-25,601318,14:17:30,65.0400,40,1
2026-02-25,601318,14:17:33,65.0200,53,4
2026-02-25,601318,14:17:36,65.0100,62,2
2026-02-25,601318,14:17:39,65.0200,2,1
2026-02-25,601318,14:17:42,65.0300,102,1
2026-02-25,601318,14:17:45,65.0200,9,2
2026-02-25,601318,14:17:48,65.0300,140,1
2026-02-25,601318,14:17:51,65.0500,320,1
2026-02-25,601318,14:17:54,65.0500,7,1
2026-02-25,601318,14:17:57,65.0300,3,2
2026-02-25,601318,14:18:00,65.0400,42,1
2026-02-25,601318,14:18:03,65.0400,139,1
2026-02-25,601318,14:18:06,65.0300,86,2
2026-02-25,601318,14:18:09,65.0300,8,1
2026-02-25,601318,14:18:12,65.0400,55,1
2026-02-25,601318,14:18:15,65.0200,152,2
2026-02-25,601318,14:18:18,65.0200,194,2
2026-02-25,601318,14:18:21,65.0100,70,2
2026-02-25,601318,14:18:24,65.0200,122,1
2026-02-25,601318,14:18:27,65.0200,39,1
2026-02-25,601318,14:18:30,65.0200,45,1
2026-02-25,601318,14:18:33,65.0100,40,2
2026-02-25,601318,14:18:36,65.0000,68,2
2026-02-25,601318,14:18:39,65.0300,101,1
2026-02-25,601318,14:18:42,65.0100,13,2
2026-02-25,601318,14:18:45,65.0300,182,1
2026-02-25,601318,14:18:48,65.0300,152,1
2026-02-25,601318,14:18:51,65.0300,5,1
2026-02-25,601318,14:18:54,65.0100,19,2
2026-02-25,601318,14:18:57,65.0100,37,2
2026-02-25,601318,14:19:00,65.0100,91,1
2026-02-25,601318,14:19:03,65.0100,47,2
2026-02-25,601318,14:19:06,65.0000,102,2
2026-02-25,601318,14:19:09,65.0100,26,2
2026-02-25,601318,14:19:12,65.0100,34,2
2026-02-25,601318,14:19:15,65.0200,199,1
2026-02-25,601318,14:19:18,65.0200,43,1
2026-02-25,601318,14:19:21,65.0200,51,1
2026-02-25,601318,14:19:24,65.0300,47,1
2026-02-25,601318,14:19:27,65.0400,108,1
2026-02-25,601318,14:19:30,65.0500,144,1
2026-02-25,601318,14:19:33,65.0500,10,1
2026-02-25,601318,14:19:36,65.0300,109,2
2026-02-25,601318,14:19:39,65.0400,195,4
2026-02-25,601318,14:19:42,65.0500,103,1
2026-02-25,601318,14:19:45,65.0800,223,1
2026-02-25,601318,14:19:48,65.0700,136,1
2026-02-25,601318,14:19:51,65.0800,59,1
2026-02-25,601318,14:19:54,65.0500,89,2
2026-02-25,601318,14:19:57,65.0600,145,1
2026-02-25,601318,14:20:00,65.0300,96,2
2026-02-25,601318,14:20:03,65.0300,67,2
2026-02-25,601318,14:20:06,65.0700,157,1
2026-02-25,601318,14:20:09,65.0600,13,1
2026-02-25,601318,14:20:12,65.0600,164,1
2026-02-25,601318,14:20:15,65.0300,244,2
2026-02-25,601318,14:20:18,65.0700,67,1
2026-02-25,601318,14:20:21,65.0500,4,4
2026-02-25,601318,14:20:24,65.0600,44,1
2026-02-25,601318,14:20:27,65.0700,95,1
2026-02-25,601318,14:20:30,65.0400,462,2
2026-02-25,601318,14:20:33,65.0800,118,1
2026-02-25,601318,14:20:36,65.0300,118,2
2026-02-25,601318,14:20:39,65.0800,40,1
2026-02-25,601318,14:20:42,65.0500,17,2
2026-02-25,601318,14:20:45,65.0700,272,1
2026-02-25,601318,14:20:48,65.0600,18,2
2026-02-25,601318,14:20:51,65.0800,70,1
2026-02-25,601318,14:20:54,65.0900,57,1
2026-02-25,601318,14:20:57,65.0800,34,1
2026-02-25,601318,14:21:00,65.0800,163,4
2026-02-25,601318,14:21:03,65.0700,95,2
2026-02-25,601318,14:21:06,65.0600,70,4
2026-02-25,601318,14:21:09,65.0600,34,2
2026-02-25,601318,14:21:12,65.0800,21,1
2026-02-25,601318,14:21:15,65.0600,45,2
2026-02-25,601318,14:21:18,65.0800,147,1
2026-02-25,601318,14:21:21,65.1000,43,1
2026-02-25,601318,14:21:24,65.0700,8,2
2026-02-25,601318,14:21:27,65.0700,6,2
2026-02-25,601318,14:21:30,65.0800,24,4
2026-02-25,601318,14:21:33,65.0600,37,2
2026-02-25,601318,14:21:36,65.0600,121,4
2026-02-25,601318,14:21:39,65.0700,35,1
2026-02-25,601318,14:21:42,65.0400,24,2
2026-02-25,601318,14:21:45,65.0500,30,1
2026-02-25,601318,14:21:48,65.0600,86,4
2026-02-25,601318,14:21:51,65.0500,110,2
2026-02-25,601318,14:21:54,65.0500,33,2
2026-02-25,601318,14:21:57,65.0800,57,1
2026-02-25,601318,14:22:00,65.0900,97,1
2026-02-25,601318,14:22:03,65.0900,184,1
2026-02-25,601318,14:22:06,65.0400,260,2
2026-02-25,601318,14:22:09,65.0400,157,2
2026-02-25,601318,14:22:12,65.0700,59,1
2026-02-25,601318,14:22:15,65.0500,65,2
2026-02-25,601318,14:22:18,65.0600,4,4
2026-02-25,601318,14:22:21,65.0500,34,2
2026-02-25,601318,14:22:24,65.0500,57,4
2026-02-25,601318,14:22:27,65.0600,31,4
2026-02-25,601318,14:22:30,65.0600,222,1
2026-02-25,601318,14:22:33,65.0700,30,1
2026-02-25,601318,14:22:36,65.0700,87,2
2026-02-25,601318,14:22:39,65.0600,390,2
2026-02-25,601318,14:22:42,65.0600,346,2
2026-02-25,601318,14:22:45,65.1500,778,1
2026-02-25,601318,14:22:48,65.1500,432,1
2026-02-25,601318,14:22:51,65.0900,208,2
2026-02-25,601318,14:22:54,65.1100,59,2
2026-02-25,601318,14:22:57,65.1200,334,4
2026-02-25,601318,14:23:00,65.1200,67,1
2026-02-25,601318,14:23:03,65.1100,112,2
2026-02-25,601318,14:23:06,65.0900,193,2
2026-02-25,601318,14:23:09,65.1000,112,1
2026-02-25,601318,14:23:12,65.1100,26,1
2026-02-25,601318,14:23:15,65.1200,49,1
2026-02-25,601318,14:23:18,65.1000,9,2
2026-02-25,601318,14:23:21,65.1000,10,2
2026-02-25,601318,14:23:24,65.1100,43,1
2026-02-25,601318,14:23:27,65.1100,7,1
2026-02-25,601318,14:23:30,65.1000,83,2
2026-02-25,601318,14:23:33,65.1000,252,2
2026-02-25,601318,14:23:36,65.1000,54,1
2026-02-25,601318,14:23:39,65.1000,104,1
2026-02-25,601318,14:23:42,65.1000,57,1
2026-02-25,601318,14:23:45,65.1000,122,1
2026-02-25,601318,14:23:48,65.1000,57,2
2026-02-25,601318,14:23:51,65.1000,211,2
2026-02-25,601318,14:23:54,65.1100,151,2
2026-02-25,601318,14:23:57,65.1200,95,2
2026-02-25,601318,14:24:00,65.1100,126,2
2026-02-25,601318,14:24:03,65.1400,87,1
2026-02-25,601318,14:24:06,65.0800,325,2
2026-02-25,601318,14:24:09,65.1700,485,1
2026-02-25,601318,14:24:12,65.1200,298,2
2026-02-25,601318,14:24:15,65.1000,56,2
2026-02-25,601318,14:24:18,65.1000,195,2
2026-02-25,601318,14:24:21,65.1300,72,1
2026-02-25,601318,14:24:27,65.1200,59,2
2026-02-25,601318,14:24:30,65.1100,16,2
2026-02-25,601318,14:24:33,65.1100,136,2
2026-02-25,601318,14:24:36,65.1100,95,2
2026-02-25,601318,14:24:39,65.1000,7,4
2026-02-25,601318,14:24:42,65.1200,67,1
2026-02-25,601318,14:24:45,65.2000,672,1
2026-02-25,601318,14:24:48,65.1000,34,2
2026-02-25,601318,14:24:51,65.1000,41,2
2026-02-25,601318,14:24:54,65.1200,32,2
2026-02-25,601318,14:24:57,65.1400,10,1
2026-02-25,601318,14:25:00,65.1100,71,2
2026-02-25,601318,14:25:03,65.1100,211,2
2026-02-25,601318,14:25:06,65.1100,78,1
2026-02-25,601318,14:25:09,65.1100,31,1
2026-02-25,601318,14:25:12,65.1100,49,1
2026-02-25,601318,14:25:15,65.0800,64,2
2026-02-25,601318,14:25:18,65.0800,45,2
2026-02-25,601318,14:25:21,65.0800,63,4
2026-02-25,601318,14:25:24,65.0900,16,1
2026-02-25,601318,14:25:27,65.0900,17,1
2026-02-25,601318,14:25:30,65.0700,194,2
2026-02-25,601318,14:25:33,65.0700,90,2
2026-02-25,601318,14:25:36,65.0600,191,2
2026-02-25,601318,14:25:39,65.0700,4,1
2026-02-25,601318,14:25:42,65.0700,58,1
2026-02-25,601318,14:25:45,65.0600,57,2
2026-02-25,601318,14:25:48,65.0600,20,2
2026-02-25,601318,14:25:51,65.0600,175,2
2026-02-25,601318,14:25:54,65.0500,84,2
2026-02-25,601318,14:25:57,65.0600,14,1
2026-02-25,601318,14:26:00,65.0400,282,2
2026-02-25,601318,14:26:03,65.0400,77,2
2026-02-25,601318,14:26:06,65.0300,234,2
2026-02-25,601318,14:26:09,65.0600,59,1
2026-02-25,601318,14:26:12,65.0500,161,4
2026-02-25,601318,14:26:15,65.0700,40,2
2026-02-25,601318,14:26:18,65.0700,31,2
2026-02-25,601318,14:26:21,65.0600,43,2
2026-02-25,601318,14:26:24,65.0600,27,2
2026-02-25,601318,14:26:27,65.0600,13,2
2026-02-25,601318,14:26:30,65.0500,56,2
2026-02-25,601318,14:26:33,65.0500,43,2
2026-02-25,601318,14:26:36,65.0500,127,2
2026-02-25,601318,14:26:39,65.0600,46,1
2026-02-25,601318,14:26:42,65.0400,4,2
2026-02-25,601318,14:26:45,65.0400,82,2
2026-02-25,601318,14:26:48,65.0500,59,4
2026-02-25,601318,14:26:51,65.0400,49,2
2026-02-25,601318,14:26:54,65.0500,115,1
2026-02-25,601318,14:26:57,65.0500,31,2
2026-02-25,601318,14:27:00,65.0600,86,4
2026-02-25,601318,14:27:03,65.0900,2,1
2026-02-25,601318,14:27:06,65.1000,346,1
2026-02-25,601318,14:27:09,65.0700,76,1
2026-02-25,601318,14:27:12,65.0600,41,4
2026-02-25,601318,14:27:15,65.0600,49,2
2026-02-25,601318,14:27:18,65.0600,92,2
2026-02-25,601318,14:27:21,65.0800,53,1
2026-02-25,601318,14:27:24,65.0800,43,1
2026-02-25,601318,14:27:27,65.0700,57,2
2026-02-25,601318,14:27:30,65.0800,59,2
2026-02-25,601318,14:27:33,65.0800,19,1
2026-02-25,601318,14:27:36,65.0700,124,2
2026-02-25,601318,14:27:39,65.1100,125,1
2026-02-25,601318,14:27:42,65.0900,116,1
2026-02-25,601318,14:27:45,65.0900,89,2
2026-02-25,601318,14:27:48,65.1000,29,1
2026-02-25,601318,14:27:51,65.1000,119,2
2026-02-25,601318,14:27:54,65.1000,38,2
2026-02-25,601318,14:27:57,65.1000,37,1
2026-02-25,601318,14:28:00,65.0900,124,2
2026-02-25,601318,14:28:03,65.0900,5,1
2026-02-25,601318,14:28:06,65.0900,328,1
2026-02-25,601318,14:28:09,65.0800,1,1
2026-02-25,601318,14:28:12,65.0600,78,2
2026-02-25,601318,14:28:15,65.0500,241,2
2026-02-25,601318,14:28:18,65.0500,60,2
2026-02-25,601318,14:28:21,65.0500,102,2
2026-02-25,601318,14:28:24,65.0500,35,1
2026-02-25,601318,14:28:27,65.0400,48,2
2026-02-25,601318,14:28:30,65.0400,216,2
2026-02-25,601318,14:28:33,65.0500,7,1
2026-02-25,601318,14:28:36,65.0400,247,2
2026-02-25,601318,14:28:39,65.0400,7,1
2026-02-25,601318,14:28:45,65.0300,29,2
2026-02-25,601318,14:28:48,65.0300,41,2
2026-02-25,601318,14:28:51,65.0300,9,2
2026-02-25,601318,14:28:54,65.0300,1,1
2026-02-25,601318,14:28:57,65.0300,70,1
2026-02-25,601318,14:29:00,65.0300,27,1
2026-02-25,601318,14:29:03,65.0200,97,2
2026-02-25,601318,14:29:06,65.0100,84,2
2026-02-25,601318,14:29:09,65.0200,224,1
2026-02-25,601318,14:29:12,65.0400,213,1
2026-02-25,601318,14:29:15,65.0900,217,1
2026-02-25,601318,14:29:18,65.0900,79,1
2026-02-25,601318,14:29:21,65.0600,65,2
2026-02-25,601318,14:29:24,65.0600,266,2
2026-02-25,601318,14:29:27,65.1200,63,1
2026-02-25,601318,14:29:30,65.0900,21,4
2026-02-25,601318,14:29:33,65.0600,52,2
2026-02-25,601318,14:29:36,65.0400,75,2
2026-02-25,601318,14:29:39,65.0300,11,4
2026-02-25,601318,14:29:42,65.0400,23,1
2026-02-25,601318,14:29:45,65.0500,6,1
2026-02-25,601318,14:29:48,65.0500,6,1
2026-02-25,601318,14:29:51,65.0400,20,2
2026-02-25,601318,14:29:54,65.0500,65,1
2026-02-25,601318,14:29:57,65.0400,55,2
2026-02-25,601318,14:30:00,65.0500,25,1
2026-02-25,601318,14:30:03,65.0500,50,1
2026-02-25,601318,14:30:06,65.0400,122,4
2026-02-25,601318,14:30:09,65.0300,32,2
2026-02-25,601318,14:30:12,65.0500,126,1
2026-02-25,601318,14:30:15,65.0400,18,2
2026-02-25,601318,14:30:18,65.0600,134,1
2026-02-25,601318,14:30:21,65.0400,164,2
2026-02-25,601318,14:30:24,65.0300,338,2
2026-02-25,601318,14:30:27,65.0400,89,1
2026-02-25,601318,14:30:30,65.1000,235,1
2026-02-25,601318,14:30:33,65.0300,355,2
2026-02-25,601318,14:30:36,65.0300,147,1
2026-02-25,601318,14:30:39,65.0300,257,1
2026-02-25,601318,14:30:42,65.0300,51,1
2026-02-25,601318,14:30:45,65.0200,29,2
2026-02-25,601318,14:30:48,65.0200,555,1
2026-02-25,601318,14:30:51,65.0000,510,2
2026-02-25,601318,14:30:54,64.9900,42,2
2026-02-25,601318,14:30:57,64.9800,154,2
2026-02-25,601318,14:31:00,64.9900,6,1
2026-02-25,601318,14:31:03,64.9900,125,1
2026-02-25,601318,14:31:06,64.9900,1057,1
2026-02-25,601318,14:31:09,64.9800,957,2
2026-02-25,601318,14:31:12,64.9800,101,1
2026-02-25,601318,14:31:15,64.9800,49,1
2026-02-25,601318,14:31:18,64.9800,89,1
2026-02-25,601318,14:31:21,65.0000,55,1
2026-02-25,601318,14:31:24,64.9800,276,2
2026-02-25,601318,14:31:27,65.0700,100,1
2026-02-25,601318,14:31:30,65.0500,12,1
2026-02-25,601318,14:31:33,65.0500,35,1
2026-02-25,601318,14:31:36,64.9800,103,2
2026-02-25,601318,14:31:39,65.0600,67,1
2026-02-25,601318,14:31:42,65.0000,1,2
2026-02-25,601318,14:31:45,65.0000,53,2
2026-02-25,601318,14:31:51,65.0200,68,1
2026-02-25,601318,14:31:54,65.0100,26,2
2026-02-25,601318,14:31:57,65.0100,81,2
2026-02-25,601318,14:32:00,65.0200,20,1
2026-02-25,601318,14:32:03,65.0100,26,2
2026-02-25,601318,14:32:06,65.0500,145,1
2026-02-25,601318,14:32:09,65.0100,225,2
2026-02-25,601318,14:32:12,65.0100,9,1
2026-02-25,601318,14:32:15,65.0200,8,2
2026-02-25,601318,14:32:18,65.0100,33,2
2026-02-25,601318,14:32:21,65.0100,169,1
2026-02-25,601318,14:32:24,65.0100,138,2
2026-02-25,601318,14:32:27,65.0300,31,1
2026-02-25,601318,14:32:30,65.0200,8,4
2026-02-25,601318,14:32:33,65.0200,43,2
2026-02-25,601318,14:32:36,65.0000,87,2
2026-02-25,601318,14:32:39,65.0200,6,1
2026-02-25,601318,14:32:42,65.0100,11,4
2026-02-25,601318,14:32:45,65.0100,10,1
2026-02-25,601318,14:32:48,65.0100,60,4
2026-02-25,601318,14:32:51,65.0000,76,2
2026-02-25,601318,14:32:54,65.0000,1,1
2026-02-25,601318,14:32:57,65.0000,12,1
2026-02-25,601318,14:33:00,65.0200,174,1
2026-02-25,601318,14:33:03,65.0000,279,2
2026-02-25,601318,14:33:06,64.9900,98,2
2026-02-25,601318,14:33:09,65.0000,43,1
2026-02-25,601318,14:33:12,65.0000,32,1
2026-02-25,601318,14:33:15,65.0000,41,1
2026-02-25,601318,14:33:18,65.0500,240,1
2026-02-25,601318,14:33:21,64.9900,479,2
2026-02-25,601318,14:33:24,65.0000,223,1
2026-02-25,601318,14:33:27,65.0200,24,1
2026-02-25,601318,14:33:30,64.9900,62,2
2026-02-25,601318,14:33:33,65.0000,33,2
2026-02-25,601318,14:33:36,64.9900,371,2
2026-02-25,601318,14:33:39,65.0000,26,1
2026-02-25,601318,14:33:42,65.0000,36,1
2026-02-25,601318,14:33:45,64.9900,14,2
2026-02-25,601318,14:33:48,65.0000,152,1
2026-02-25,601318,14:33:51,64.9900,122,2
2026-02-25,601318,14:33:54,65.0000,91,1
2026-02-25,601318,14:33:57,65.0000,200,1
2026-02-25,601318,14:34:00,64.9900,1186,2
2026-02-25,601318,14:34:03,64.9800,547,2
2026-02-25,601318,14:34:06,64.9800,113,4
2026-02-25,601318,14:34:09,64.9700,184,2
2026-02-25,601318,14:34:12,64.9700,114,1
2026-02-25,601318,14:34:15,64.9800,187,1
2026-02-25,601318,14:34:18,64.9700,62,1
2026-02-25,601318,14:34:21,64.9700,160,2
2026-02-25,601318,14:34:24,64.9700,38,2
2026-02-25,601318,14:34:27,64.9900,2,1
2026-02-25,601318,14:34:30,64.9800,201,2
2026-02-25,601318,14:34:33,64.9900,93,1
2026-02-25,601318,14:34:36,64.9900,782,1
2026-02-25,601318,14:34:39,64.9900,21,1
2026-02-25,601318,14:34:42,65.0000,49,1
2026-02-25,601318,14:34:45,64.9900,119,2
2026-02-25,601318,14:34:48,64.9900,89,2
2026-02-25,601318,14:34:51,64.9900,16,2
2026-02-25,601318,14:34:54,64.9900,166,2
2026-02-25,601318,14:34:57,64.9900,26,1
2026-02-25,601318,14:35:00,64.9800,18,2
2026-02-25,601318,14:35:03,64.9900,160,1
2026-02-25,601318,14:35:06,64.9900,252,1
2026-02-25,601318,14:35:09,64.9900,182,2
2026-02-25,601318,14:35:12,64.9900,280,1
2026-02-25,601318,14:35:15,64.9900,101,2
2026-02-25,601318,14:35:18,64.9900,18,1
2026-02-25,601318,14:35:21,64.9900,102,1
2026-02-25,601318,14:35:24,65.0000,283,2
2026-02-25,601318,14:35:27,65.0000,44,2
2026-02-25,601318,14:35:30,65.0000,50,2
2026-02-25,601318,14:35:33,64.9900,130,2
2026-02-25,601318,14:35:36,65.0000,119,2
2026-02-25,601318,14:35:39,65.0000,235,2
2026-02-25,601318,14:35:42,65.0000,29,2
2026-02-25,601318,14:35:45,65.0300,378,1
2026-02-25,601318,14:35:48,65.0000,92,2
2026-02-25,601318,14:35:51,65.0000,24,2
2026-02-25,601318,14:35:54,65.0000,21,2
2026-02-25,601318,14:35:57,65.0100,26,1
2026-02-25,601318,14:36:00,65.0100,31,1
2026-02-25,601318,14:36:03,65.0200,172,1
2026-02-25,601318,14:36:06,65.0000,220,2
2026-02-25,601318,14:36:09,65.0000,435,2
2026-02-25,601318,14:36:12,65.0000,26,2
2026-02-25,601318,14:36:15,65.0000,27,2
2026-02-25,601318,14:36:18,65.0000,77,2
2026-02-25,601318,14:36:21,65.0000,11,1
2026-02-25,601318,14:36:24,65.0000,332,1
2026-02-25,601318,14:36:27,65.0000,47,1
2026-02-25,601318,14:36:30,64.9900,34,2
2026-02-25,601318,14:36:33,65.0000,46,1
2026-02-25,601318,14:36:36,64.9900,182,2
2026-02-25,601318,14:36:39,65.0300,106,1
2026-02-25,601318,14:36:42,65.0300,95,1
2026-02-25,601318,14:36:45,65.0700,52,1
2026-02-25,601318,14:36:48,65.0700,114,1
2026-02-25,601318,14:36:51,65.0300,10,2
2026-02-25,601318,14:36:54,65.0300,121,1
2026-02-25,601318,14:36:57,65.0300,70,2
2026-02-25,601318,14:37:00,65.0300,91,2
2026-02-25,601318,14:37:03,65.0300,71,2
2026-02-25,601318,14:37:06,65.0500,131,1
2026-02-25,601318,14:37:09,65.0300,92,2
2026-02-25,601318,14:37:12,65.0400,53,1
2026-02-25,601318,14:37:15,65.0400,117,2
2026-02-25,601318,14:37:18,65.0400,49,2
2026-02-25,601318,14:37:21,65.0400,37,2
2026-02-25,601318,14:37:24,65.0400,48,2
2026-02-25,601318,14:37:27,65.0700,366,1
2026-02-25,601318,14:37:30,65.0400,127,2
2026-02-25,601318,14:37:33,65.0300,19,2
2026-02-25,601318,14:37:36,65.0300,278,2
2026-02-25,601318,14:37:39,65.0300,124,2
2026-02-25,601318,14:37:42,65.0300,168,1
2026-02-25,601318,14:37:45,65.0500,100,1
2026-02-25,601318,14:37:48,65.0200,98,2
2026-02-25,601318,14:37:51,65.0500,143,1
2026-02-25,601318,14:37:54,65.0500,180,2
2026-02-25,601318,14:37:57,65.0200,116,2
2026-02-25,601318,14:38:00,65.0300,30,1
2026-02-25,601318,14:38:03,65.0300,93,2
2026-02-25,601318,14:38:06,65.0300,90,2
2026-02-25,601318,14:38:09,65.0500,22,2
2026-02-25,601318,14:38:12,65.0500,6,2
2026-02-25,601318,14:38:15,65.0500,14,2
2026-02-25,601318,14:38:18,65.0500,63,2
2026-02-25,601318,14:38:21,65.0500,46,2
2026-02-25,601318,14:38:24,65.0500,288,2
2026-02-25,601318,14:38:27,65.0600,38,1
2026-02-25,601318,14:38:30,65.0500,320,2
2026-02-25,601318,14:38:33,65.0400,14,2
2026-02-25,601318,14:38:36,65.0300,66,2
2026-02-25,601318,14:38:39,65.0300,69,2
2026-02-25,601318,14:38:42,65.0300,18,2
2026-02-25,601318,14:38:45,65.0300,501,2
2026-02-25,601318,14:38:48,65.0300,10,1
2026-02-25,601318,14:38:51,65.0300,86,1
2026-02-25,601318,14:38:54,65.0200,902,2
2026-02-25,601318,14:38:57,65.0100,132,1
2026-02-25,601318,14:39:00,65.0300,114,1
2026-02-25,601318,14:39:03,65.0500,106,1
2026-02-25,601318,14:39:06,65.0800,406,1
2026-02-25,601318,14:39:09,65.0900,409,1
2026-02-25,601318,14:39:12,65.0900,177,1
2026-02-25,601318,14:39:15,65.0500,19,1
2026-02-25,601318,14:39:18,65.0500,29,1
2026-02-25,601318,14:39:21,65.0300,32,2
2026-02-25,601318,14:39:24,65.0100,25,2
2026-02-25,601318,14:39:27,65.0300,49,1
2026-02-25,601318,14:39:30,65.0300,10,1
2026-02-25,601318,14:39:33,65.0200,38,2
2026-02-25,601318,14:39:36,65.0200,56,2
2026-02-25,601318,14:39:39,65.0300,19,1
2026-02-25,601318,14:39:42,65.0300,6,2
2026-02-25,601318,14:39:45,65.0300,6,1
2026-02-25,601318,14:39:48,65.0300,13,1
2026-02-25,601318,14:39:51,65.0300,102,1
2026-02-25,601318,14:39:54,65.0200,275,2
2026-02-25,601318,14:39:57,65.0300,20,4
2026-02-25,601318,14:40:00,65.0200,20,2
2026-02-25,601318,14:40:03,65.0200,131,2
2026-02-25,601318,14:40:06,65.0100,133,2
2026-02-25,601318,14:40:09,65.0100,516,2
2026-02-25,601318,14:40:12,65.0000,14,2
2026-02-25,601318,14:40:15,65.0000,51,2
2026-02-25,601318,14:40:18,65.0000,39,2
2026-02-25,601318,14:40:21,65.0000,287,2
2026-02-25,601318,14:40:24,65.0000,360,1
2026-02-25,601318,14:40:27,65.0000,117,1
2026-02-25,601318,14:40:30,65.0000,63,1
2026-02-25,601318,14:40:33,65.0000,158,2
2026-02-25,601318,14:40:36,65.0000,341,2
2026-02-25,601318,14:40:39,65.0000,62,2
2026-02-25,601318,14:40:42,65.0000,38,1
2026-02-25,601318,14:40:45,65.0000,63,1
2026-02-25,601318,14:40:48,65.0000,43,1
2026-02-25,601318,14:40:51,65.0000,201,1
2026-02-25,601318,14:40:54,65.0000,84,2
2026-02-25,601318,14:40:57,64.9900,46,2
2026-02-25,601318,14:41:00,65.0000,102,1
2026-02-25,601318,14:41:03,64.9900,65,2
2026-02-25,601318,14:41:06,64.9800,72,2
2026-02-25,601318,14:41:09,65.0000,22,1
2026-02-25,601318,14:41:12,65.0000,8,1
2026-02-25,601318,14:41:15,65.0000,14,2
2026-02-25,601318,14:41:18,65.0300,18,1
2026-02-25,601318,14:41:21,65.0500,110,1
2026-02-25,601318,14:41:24,65.0500,60,1
2026-02-25,601318,14:41:27,65.0500,23,1
2026-02-25,601318,14:41:30,65.0500,32,1
2026-02-25,601318,14:41:33,65.0400,20,1
2026-02-25,601318,14:41:36,65.0000,154,2
2026-02-25,601318,14:41:39,65.0100,47,1
2026-02-25,601318,14:41:42,65.0100,90,1
2026-02-25,601318,14:41:45,65.0100,4,2
2026-02-25,601318,14:41:48,65.0100,28,2
2026-02-25,601318,14:41:51,65.0200,36,4
2026-02-25,601318,14:41:54,65.0000,136,2
2026-02-25,601318,14:41:57,65.0100,70,1
2026-02-25,601318,14:42:00,65.0100,159,2
2026-02-25,601318,14:42:03,65.0000,301,2
2026-02-25,601318,14:42:06,65.0000,115,1
2026-02-25,601318,14:42:09,65.0000,98,2
2026-02-25,601318,14:42:12,65.0000,251,1
2026-02-25,601318,14:42:15,65.0300,422,4
2026-02-25,601318,14:42:18,65.0800,48,1
2026-02-25,601318,14:42:21,65.0500,16,2
2026-02-25,601318,14:42:24,65.0500,150,2
2026-02-25,601318,14:42:27,65.0500,49,2
2026-02-25,601318,14:42:30,65.0600,182,1
2026-02-25,601318,14:42:33,65.0400,307,2
2026-02-25,601318,14:42:36,65.0900,315,1
2026-02-25,601318,14:42:39,65.0500,12,2
2026-02-25,601318,14:42:42,65.0600,7,2
2026-02-25,601318,14:42:45,65.0700,53,1
2026-02-25,601318,14:42:48,65.0600,19,2
2026-02-25,601318,14:42:51,65.0400,43,2
2026-02-25,601318,14:42:54,65.0500,8,1
2026-02-25,601318,14:42:57,65.0500,32,1
2026-02-25,601318,14:43:00,65.0500,35,1
2026-02-25,601318,14:43:03,65.0500,73,1
2026-02-25,601318,14:43:06,65.0300,150,2
2026-02-25,601318,14:43:09,65.0400,90,1
2026-02-25,601318,14:43:12,65.0400,60,2
2026-02-25,601318,14:43:15,65.0400,27,2
2026-02-25,601318,14:43:18,65.0400,65,2
2026-02-25,601318,14:43:21,65.0300,17,2
2026-02-25,601318,14:43:24,65.0400,25,1
2026-02-25,601318,14:43:27,65.0400,81,1
2026-02-25,601318,14:43:30,65.0400,84,1
2026-02-25,601318,14:43:33,65.0300,65,2
2026-02-25,601318,14:43:36,65.0400,158,1
2026-02-25,601318,14:43:39,65.0300,56,2
2026-02-25,601318,14:43:42,65.0300,60,2
2026-02-25,601318,14:43:45,65.0400,8,1
2026-02-25,601318,14:43:48,65.0400,8,1
2026-02-25,601318,14:43:51,65.0600,133,1
2026-02-25,601318,14:43:54,65.0300,77,2
2026-02-25,601318,14:43:57,65.0300,3,2
2026-02-25,601318,14:44:00,65.0300,114,2
2026-02-25,601318,14:44:03,65.0500,20,1
2026-02-25,601318,14:44:06,65.0300,169,2
2026-02-25,601318,14:44:09,65.0300,104,2
2026-02-25,601318,14:44:12,65.0300,9,1
2026-02-25,601318,14:44:15,65.0200,25,2
2026-02-25,601318,14:44:18,65.0300,8,4
2026-02-25,601318,14:44:21,65.0400,196,1
2026-02-25,601318,14:44:24,65.0200,93,2
2026-02-25,601318,14:44:27,65.0300,15,1
2026-02-25,601318,14:44:30,65.0400,10,1
2026-02-25,601318,14:44:33,65.0300,191,1
2026-02-25,601318,14:44:36,65.0300,204,2
2026-02-25,601318,14:44:39,65.0300,13,2
2026-02-25,601318,14:44:42,65.0300,83,1
2026-02-25,601318,14:44:45,65.0300,98,1
2026-02-25,601318,14:44:48,65.0500,18,1
2026-02-25,601318,14:44:51,65.0300,37,2
2026-02-25,601318,14:44:54,65.0300,109,1
2026-02-25,601318,14:44:57,65.0200,129,2
2026-02-25,601318,14:45:00,65.0300,47,2
2026-02-25,601318,14:45:03,65.0500,84,1
2026-02-25,601318,14:45:06,65.0400,63,2
2026-02-25,601318,14:45:09,65.0400,32,2
2026-02-25,601318,14:45:12,65.0600,85,1
2026-02-25,601318,14:45:15,65.0300,377,2
2026-02-25,601318,14:45:18,65.0700,14,1
2026-02-25,601318,14:45:21,65.0300,40,2
2026-02-25,601318,14:45:24,65.0300,152,1
2026-02-25,601318,14:45:27,65.0200,53,2
2026-02-25,601318,14:45:30,65.0200,79,1
2026-02-25,601318,14:45:33,65.0300,55,1
2026-02-25,601318,14:45:36,65.0200,280,2
2026-02-25,601318,14:45:39,65.0100,129,2
2026-02-25,601318,14:45:42,65.0100,262,2
2026-02-25,601318,14:45:45,65.0100,121,1
2026-02-25,601318,14:45:48,65.0100,4,1
2026-02-25,601318,14:45:51,65.0100,849,1
2026-02-25,601318,14:45:54,65.0000,129,2
2026-02-25,601318,14:45:57,65.0000,243,1
2026-02-25,601318,14:46:00,64.9900,89,2
2026-02-25,601318,14:46:03,65.0000,238,1
2026-02-25,601318,14:46:06,64.9900,161,2
2026-02-25,601318,14:46:09,65.0000,525,1
2026-02-25,601318,14:46:12,64.9900,346,2
2026-02-25,601318,14:46:15,65.0000,47,4
2026-02-25,601318,14:46:18,65.0000,27,2
2026-02-25,601318,14:46:21,65.0000,45,2
2026-02-25,601318,14:46:24,65.0100,55,1
2026-02-25,601318,14:46:27,65.0100,224,2
2026-02-25,601318,14:46:30,65.0200,219,1
2026-02-25,601318,14:46:33,65.0200,32,1
2026-02-25,601318,14:46:36,65.0100,388,2
2026-02-25,601318,14:46:39,65.0000,109,2
2026-02-25,601318,14:46:42,65.0100,36,1
2026-02-25,601318,14:46:45,65.0000,208,2
2026-02-25,601318,14:46:48,65.0100,27,1
2026-02-25,601318,14:46:51,65.0000,309,2
2026-02-25,601318,14:46:54,65.0000,274,1
2026-02-25,601318,14:46:57,64.9900,460,2
2026-02-25,601318,14:47:00,64.9900,283,1
2026-02-25,601318,14:47:03,64.9900,26,1
2026-02-25,601318,14:47:06,64.9800,1103,2
2026-02-25,601318,14:47:09,64.9800,163,2
2026-02-25,601318,14:47:12,64.9700,435,2
2026-02-25,601318,14:47:15,64.9900,191,1
2026-02-25,601318,14:47:18,64.9900,108,1
2026-02-25,601318,14:47:21,64.9800,143,2
2026-02-25,601318,14:47:24,65.0200,133,1
2026-02-25,601318,14:47:27,64.9900,151,2
2026-02-25,601318,14:47:30,65.0100,22,1
2026-02-25,601318,14:47:33,65.0300,38,1
2026-02-25,601318,14:47:36,65.0300,440,2
2026-02-25,601318,14:47:39,65.0200,50,2
2026-02-25,601318,14:47:42,65.0200,168,2
2026-02-25,601318,14:47:45,65.0100,28,2
2026-02-25,601318,14:47:48,65.0200,28,1
2026-02-25,601318,14:47:51,65.0100,41,2
2026-02-25,601318,14:47:54,65.0300,174,1
2026-02-25,601318,14:47:57,65.0200,298,2
2026-02-25,601318,14:48:00,65.0300,20,1
2026-02-25,601318,14:48:03,65.0200,183,2
2026-02-25,601318,14:48:06,65.0200,170,2
2026-02-25,601318,14:48:09,65.0300,213,2
2026-02-25,601318,14:48:12,65.0300,301,2
2026-02-25,601318,14:48:15,65.0200,51,4
2026-02-25,601318,14:48:18,65.0100,109,2
2026-02-25,601318,14:48:21,65.0200,8,1
2026-02-25,601318,14:48:24,65.0100,44,2
2026-02-25,601318,14:48:27,65.0100,77,2
2026-02-25,601318,14:48:30,65.0100,58,2
2026-02-25,601318,14:48:33,65.0000,25,2
2026-02-25,601318,14:48:36,65.0100,452,1
2026-02-25,601318,14:48:39,65.0100,58,1
2026-02-25,601318,14:48:42,65.0100,287,2
2026-02-25,601318,14:48:45,65.0200,184,1
2026-02-25,601318,14:48:48,65.0100,54,4
2026-02-25,601318,14:48:51,65.0000,63,2
2026-02-25,601318,14:48:54,65.0200,12,1
2026-02-25,601318,14:48:57,65.0200,97,1
2026-02-25,601318,14:49:00,65.0100,174,2
2026-02-25,601318,14:49:03,65.0100,171,2
2026-02-25,601318,14:49:06,65.0000,253,2
2026-02-25,601318,14:49:09,65.0000,250,1
2026-02-25,601318,14:49:12,64.9900,540,2
2026-02-25,601318,14:49:15,64.9900,90,2
2026-02-25,601318,14:49:18,64.9900,276,2
2026-02-25,601318,14:49:21,64.9900,308,1
2026-02-25,601318,14:49:24,64.9900,141,1
2026-02-25,601318,14:49:27,64.9900,154,1
2026-02-25,601318,14:49:30,64.9800,84,4
2026-02-25,601318,14:49:33,64.9900,20,1
2026-02-25,601318,14:49:36,64.9700,1169,2
2026-02-25,601318,14:49:39,64.9900,75,1
2026-02-25,601318,14:49:42,64.9800,144,2
2026-02-25,601318,14:49:45,64.9700,108,2
2026-02-25,601318,14:49:48,64.9800,29,1
2026-02-25,601318,14:49:51,64.9600,394,2
2026-02-25,601318,14:49:54,64.9800,47,1
2026-02-25,601318,14:49:57,64.9800,405,1
2026-02-25,601318,14:50:00,64.9600,201,2
2026-02-25,601318,14:50:03,65.0000,147,1
2026-02-25,601318,14:50:06,64.9700,286,2
2026-02-25,601318,14:50:09,65.0000,19,1
2026-02-25,601318,14:50:12,65.0000,36,1
2026-02-25,601318,14:50:15,65.0100,71,1
2026-02-25,601318,14:50:18,65.0200,48,1
2026-02-25,601318,14:50:21,65.0200,42,1
2026-02-25,601318,14:50:24,65.0300,16,1
2026-02-25,601318,14:50:27,65.0100,99,2
2026-02-25,601318,14:50:30,65.0200,33,1
2026-02-25,601318,14:50:33,65.0100,57,4
2026-02-25,601318,14:50:36,65.0100,162,1
2026-02-25,601318,14:50:39,65.0300,27,1
2026-02-25,601318,14:50:42,65.0000,89,2
2026-02-25,601318,14:50:45,65.0300,26,1
2026-02-25,601318,14:50:48,65.0300,28,1
2026-02-25,601318,14:50:51,65.0200,66,2
2026-02-25,601318,14:50:54,65.0100,45,2
2026-02-25,601318,14:50:57,65.0300,253,1
2026-02-25,601318,14:51:00,64.9800,584,2
2026-02-25,601318,14:51:03,65.0100,22,2
2026-02-25,601318,14:51:06,65.0200,294,1
2026-02-25,601318,14:51:09,65.0100,26,1
2026-02-25,601318,14:51:12,65.0100,1133,1
2026-02-25,601318,14:51:15,65.0000,23,4
2026-02-25,601318,14:51:18,65.0100,122,1
2026-02-25,601318,14:51:21,65.0000,46,2
2026-02-25,601318,14:51:24,65.0100,45,1
2026-02-25,601318,14:51:27,65.0100,72,1
2026-02-25,601318,14:51:30,65.0100,9,1
2026-02-25,601318,14:51:33,65.0000,39,2
2026-02-25,601318,14:51:36,64.9900,142,2
2026-02-25,601318,14:51:39,64.9900,75,2
2026-02-25,601318,14:51:42,65.0000,21,2
2026-02-25,601318,14:51:45,65.0000,44,2
2026-02-25,601318,14:51:48,65.0000,66,2
2026-02-25,601318,14:51:51,65.0000,13,1
2026-02-25,601318,14:51:54,65.0000,215,1
2026-02-25,601318,14:51:57,64.9900,128,2
2026-02-25,601318,14:52:00,65.0000,134,1
2026-02-25,601318,14:52:03,65.0000,220,2
2026-02-25,601318,14:52:06,64.9900,180,2
2026-02-25,601318,14:52:09,65.0100,114,1
2026-02-25,601318,14:52:12,65.0000,77,2
2026-02-25,601318,14:52:15,65.0100,79,1
2026-02-25,601318,14:52:18,65.0100,88,2
2026-02-25,601318,14:52:21,65.0200,118,1
2026-02-25,601318,14:52:24,65.0100,93,2
2026-02-25,601318,14:52:27,65.0300,68,1
2026-02-25,601318,14:52:30,65.0300,114,1
2026-02-25,601318,14:52:33,65.0300,209,1
2026-02-25,601318,14:52:36,65.0200,160,4
2026-02-25,601318,14:52:39,65.0200,72,1
2026-02-25,601318,14:52:42,65.0100,55,4
2026-02-25,601318,14:52:45,65.0100,62,1
2026-02-25,601318,14:52:48,65.0200,162,1
2026-02-25,601318,14:52:51,65.0200,91,2
2026-02-25,601318,14:52:54,65.0200,91,2
2026-02-25,601318,14:52:57,65.0300,40,1
2026-02-25,601318,14:53:00,65.0800,152,1
2026-02-25,601318,14:53:03,65.0700,188,2
2026-02-25,601318,14:53:06,65.0300,245,2
2026-02-25,601318,14:53:09,65.0200,11,2
2026-02-25,601318,14:53:12,65.0300,57,2
2026-02-25,601318,14:53:15,65.0300,181,1
2026-02-25,601318,14:53:18,65.0400,38,1
2026-02-25,601318,14:53:21,65.0400,38,4
2026-02-25,601318,14:53:24,65.0400,212,1
2026-02-25,601318,14:53:27,65.0400,160,2
2026-02-25,601318,14:53:30,65.0400,45,1
2026-02-25,601318,14:53:33,65.0300,109,4
2026-02-25,601318,14:53:36,65.0400,195,1
2026-02-25,601318,14:53:39,65.0400,114,2
2026-02-25,601318,14:53:42,65.0500,33,1
2026-02-25,601318,14:53:45,65.0400,23,2
2026-02-25,601318,14:53:48,65.0500,72,1
2026-02-25,601318,14:53:51,65.0500,128,2
2026-02-25,601318,14:53:54,65.0400,69,2
2026-02-25,601318,14:53:57,65.0500,103,1
2026-02-25,601318,14:54:00,65.0500,58,1
2026-02-25,601318,14:54:03,65.0600,141,1
2026-02-25,601318,14:54:06,65.0500,194,2
2026-02-25,601318,14:54:09,65.0500,55,2
2026-02-25,601318,14:54:12,65.0600,80,2
2026-02-25,601318,14:54:15,65.0600,58,1
2026-02-25,601318,14:54:18,65.0500,48,2
2026-02-25,601318,14:54:21,65.0800,247,1
2026-02-25,601318,14:54:24,65.0500,36,2
2026-02-25,601318,14:54:27,65.0700,65,1
2026-02-25,601318,14:54:30,65.0700,40,1
2026-02-25,601318,14:54:33,65.0800,94,1
2026-02-25,601318,14:54:36,65.0800,242,1
2026-02-25,601318,14:54:39,65.0800,245,1
2026-02-25,601318,14:54:42,65.0500,36,2
2026-02-25,601318,14:54:45,65.0800,264,1
2026-02-25,601318,14:54:48,65.0800,113,1
2026-02-25,601318,14:54:51,65.0800,41,1
2026-02-25,601318,14:54:54,65.0600,106,2
2026-02-25,601318,14:54:57,65.0700,202,1
2026-02-25,601318,14:55:00,65.0400,128,2
2026-02-25,601318,14:55:03,65.0700,104,1
2026-02-25,601318,14:55:06,65.0600,57,2
2026-02-25,601318,14:55:09,65.0600,66,1
2026-02-25,601318,14:55:12,65.0700,135,1
2026-02-25,601318,14:55:15,65.0800,79,1
2026-02-25,601318,14:55:18,65.0800,92,1
2026-02-25,601318,14:55:21,65.0800,124,1
2026-02-25,601318,14:55:24,65.0700,95,4
2026-02-25,601318,14:55:27,65.0700,238,1
2026-02-25,601318,14:55:30,65.0600,107,2
2026-02-25,601318,14:55:33,65.0600,76,2
2026-02-25,601318,14:55:36,65.0700,143,1
2026-02-25,601318,14:55:39,65.0500,166,2
2026-02-25,601318,14:55:42,65.0500,129,2
2026-02-25,601318,14:55:45,65.0500,192,2
2026-02-25,601318,14:55:48,65.0800,132,1
2026-02-25,601318,14:55:51,65.0800,190,1
2026-02-25,601318,14:55:54,65.0700,125,1
2026-02-25,601318,14:55:57,65.0800,225,1
2026-02-25,601318,14:56:00,65.0700,64,4
2026-02-25,601318,14:56:03,65.0900,239,1
2026-02-25,601318,14:56:06,65.0900,240,2
2026-02-25,601318,14:56:09,65.0700,92,2
2026-02-25,601318,14:56:12,65.0700,65,1
2026-02-25,601318,14:56:15,65.0700,37,2
2026-02-25,601318,14:56:18,65.0700,162,2
2026-02-25,601318,14:56:21,65.0800,39,2
2026-02-25,601318,14:56:24,65.0800,123,2
2026-02-25,601318,14:56:27,65.0800,350,1
2026-02-25,601318,14:56:30,65.0800,48,1
2026-02-25,601318,14:56:33,65.0800,300,1
2026-02-25,601318,14:56:36,65.0800,119,2
2026-02-25,601318,14:56:39,65.0800,39,2
2026-02-25,601318,14:56:42,65.0900,85,1
2026-02-25,601318,14:56:45,65.0800,35,4
2026-02-25,601318,14:56:48,65.0800,125,1
2026-02-25,601318,14:56:51,65.0800,141,1
2026-02-25,601318,14:56:54,65.0700,166,2
2026-02-25,601318,14:56:57,65.0800,90,1
2026-02-25,601318,14:57:00,65.0700,77,2
2026-02-25,601318,15:00:03,65.0500,7831,4
2026-02-25,601318,13:16:45,65.0000,15,2
2026-02-25,601318,13:16:48,65.0100,13,2
2026-02-25,601318,13:16:51,65.0100,166,1
2026-02-25,601318,13:16:54,65.0200,13,1
2026-02-25,601318,13:16:57,65.0200,96,1
2026-02-25,601318,13:17:00,65.0100,32,4
2026-02-25,601318,13:17:03,65.0200,627,1
2026-02-25,601318,13:17:06,65.0200,236,2
2026-02-25,601318,13:17:09,65.0300,27,1
2026-02-25,601318,13:17:12,65.0300,97,4
2026-02-25,601318,13:17:15,65.0300,66,4
2026-02-25,601318,13:17:18,65.0300,12,1
2026-02-25,601318,13:17:21,65.0200,93,2
2026-02-25,601318,13:17:24,65.0300,44,1
2026-02-25,601318,13:17:27,65.0200,108,2
2026-02-25,601318,13:17:30,65.0300,123,1
2026-02-25,601318,13:17:33,65.0000,500,2
2026-02-25,601318,13:17:36,65.0200,263,1
2026-02-25,601318,13:17:39,65.0200,58,1
2026-02-25,601318,13:17:42,65.0500,70,1
2026-02-25,601318,13:17:45,65.0100,28,2
2026-02-25,601318,13:17:48,65.0400,29,1
2026-02-25,601318,13:17:51,64.9900,412,2
2026-02-25,601318,13:17:54,65.0100,113,1
2026-02-25,601318,13:17:57,65.0000,79,1
2026-02-25,601318,13:18:00,65.0000,76,2
2026-02-25,601318,13:18:03,65.0000,105,4
2026-02-25,601318,13:18:06,64.9900,863,2
2026-02-25,601318,13:18:09,64.9900,226,2
2026-02-25,601318,13:18:12,65.0100,105,1
2026-02-25,601318,13:18:15,64.9900,26,2
2026-02-25,601318,13:18:18,64.9900,67,1
2026-02-25,601318,13:18:21,65.0000,74,1
2026-02-25,601318,13:18:24,64.9900,47,4
2026-02-25,601318,13:18:27,65.0000,21,1
2026-02-25,601318,13:18:30,65.0000,27,1
2026-02-25,601318,13:18:33,64.9900,38,2
2026-02-25,601318,13:18:36,64.9900,88,2
2026-02-25,601318,13:18:39,64.9900,176,2
2026-02-25,601318,13:18:42,64.9800,186,2
2026-02-25,601318,13:18:45,64.9800,73,2
2026-02-25,601318,13:18:48,65.0100,50,1
2026-02-25,601318,13:18:51,64.9800,91,2
2026-02-25,601318,13:18:54,65.0200,32,1
2026-02-25,601318,13:18:57,64.9900,36,2
2026-02-25,601318,13:19:00,64.9800,55,2
2026-02-25,601318,13:19:03,64.9800,103,2
2026-02-25,601318,13:19:06,64.9800,415,1
2026-02-25,601318,13:19:09,64.9800,188,1
2026-02-25,601318,13:19:12,64.9800,41,1
2026-02-25,601318,13:19:15,64.9700,71,2
2026-02-25,601318,13:19:18,64.9600,63,2
2026-02-25,601318,13:19:21,64.9800,54,1
2026-02-25,601318,13:19:24,64.9900,37,1
2026-02-25,601318,13:19:27,65.0000,113,1
2026-02-25,601318,13:19:30,64.9800,141,2
2026-02-25,601318,13:19:33,64.9700,72,2
2026-02-25,601318,13:19:36,65.0000,41,1
2026-02-25,601318,13:19:39,65.0100,23,2
2026-02-25,601318,13:19:42,65.0000,116,2
2026-02-25,601318,13:19:45,65.0000,85,2
2026-02-25,601318,13:19:48,65.0600,99,1
2026-02-25,601318,13:19:51,65.0000,112,2
2026-02-25,601318,13:19:54,65.0400,62,1
2026-02-25,601318,13:19:57,65.0400,40,1
2026-02-25,601318,13:20:00,65.0400,41,2
2026-02-25,601318,13:20:03,65.0300,50,4
2026-02-25,601318,13:20:06,65.0200,42,1
2026-02-25,601318,13:20:09,65.0100,37,2
2026-02-25,601318,13:20:12,65.0200,63,1
2026-02-25,601318,13:20:15,65.0000,594,2
2026-02-25,601318,13:20:18,65.0000,237,1
2026-02-25,601318,13:20:21,64.9900,181,2
2026-02-25,601318,13:20:24,64.9900,214,1
2026-02-25,601318,13:20:27,64.9900,201,1
2026-02-25,601318,13:20:30,65.0100,840,1
2026-02-25,601318,13:20:33,65.0100,115,2
2026-02-25,601318,13:20:36,65.0400,184,1
2026-02-25,601318,13:20:39,65.0400,34,1
2026-02-25,601318,13:20:42,65.0100,65,2
2026-02-25,601318,13:20:45,65.0100,30,2
2026-02-25,601318,13:20:48,65.0100,131,1
2026-02-25,601318,13:20:51,65.0000,112,2
2026-02-25,601318,13:20:54,65.0000,31,1
2026-02-25,601318,13:20:57,65.0300,47,1
2026-02-25,601318,13:21:00,65.0100,16,2
2026-02-25,601318,13:21:03,65.0100,32,2
2026-02-25,601318,13:21:06,65.0300,69,1
2026-02-25,601318,13:21:09,65.0200,15,4
2026-02-25,601318,13:21:12,65.0300,108,1
2026-02-25,601318,13:21:15,65.0200,60,2
2026-02-25,601318,13:21:18,65.0300,27,2
2026-02-25,601318,13:21:21,65.0300,271,2
2026-02-25,601318,13:21:24,65.0700,36,1
2026-02-25,601318,13:21:27,65.0500,36,2
2026-02-25,601318,13:21:30,65.0500,87,1
2026-02-25,601318,13:21:33,65.0400,135,1
2026-02-25,601318,13:21:36,65.0300,123,2
2026-02-25,601318,13:21:39,65.0500,54,2
2026-02-25,601318,13:21:42,65.0400,192,2
2026-02-25,601318,13:21:45,65.0500,94,4
2026-02-25,601318,13:21:48,65.0600,38,1
2026-02-25,601318,13:21:51,65.0500,256,1
2026-02-25,601318,13:21:54,65.0400,107,2
2026-02-25,601318,13:21:57,65.0400,77,1
2026-02-25,601318,13:22:00,65.0300,101,4
2026-02-25,601318,13:22:03,65.0400,425,1
2026-02-25,601318,13:22:06,65.0400,239,1
2026-02-25,601318,13:22:09,65.0400,243,4
2026-02-25,601318,13:22:12,65.0300,159,2
2026-02-25,601318,13:22:15,65.0600,115,1
2026-02-25,601318,13:22:18,65.0500,25,4
2026-02-25,601318,13:22:21,65.0600,37,1
2026-02-25,601318,13:22:24,65.0700,50,1
2026-02-25,601318,13:22:27,65.0800,31,1
2026-02-25,601318,13:22:30,65.0900,55,1
2026-02-25,601318,13:22:33,65.0700,288,1
2026-02-25,601318,13:22:36,65.0600,619,4
2026-02-25,601318,13:22:39,65.0600,256,1
2026-02-25,601318,13:22:42,65.0500,287,4
2026-02-25,601318,13:22:45,65.0500,361,1
2026-02-25,601318,13:22:48,65.0400,74,4
2026-02-25,601318,13:22:51,65.0200,153,2
2026-02-25,601318,13:22:54,65.0000,522,2
2026-02-25,601318,13:22:57,65.0000,272,2
2026-02-25,601318,13:23:00,65.0200,81,1
2026-02-25,601318,13:23:03,65.0100,52,1
2026-02-25,601318,13:23:06,65.0100,121,1
2026-02-25,601318,13:23:09,65.0100,245,2
2026-02-25,601318,13:23:12,65.0300,148,1
2026-02-25,601318,13:23:15,65.0200,88,2
2026-02-25,601318,13:23:18,65.0400,25,1
2026-02-25,601318,13:23:21,65.0400,87,1
2026-02-25,601318,13:23:24,65.0400,27,1
2026-02-25,601318,13:23:27,65.0400,29,1
2026-02-25,601318,13:23:30,65.0300,45,2
2026-02-25,601318,13:23:33,65.0400,375,1
2026-02-25,601318,13:23:36,65.0300,209,2
2026-02-25,601318,13:23:39,65.0300,120,1
2026-02-25,601318,13:23:42,65.0400,213,1
2026-02-25,601318,13:23:45,65.0400,84,1
2026-02-25,601318,13:23:48,65.0500,305,1
2026-02-25,601318,13:23:51,65.0400,333,2
2026-02-25,601318,13:23:54,65.0400,160,2
2026-02-25,601318,13:23:57,65.0400,51,1
2026-02-25,601318,13:24:00,65.0500,106,1
2026-02-25,601318,13:24:03,65.0700,44,1
2026-02-25,601318,13:24:06,65.0400,147,2
2026-02-25,601318,13:24:09,65.0900,201,1
2026-02-25,601318,13:24:12,65.0900,155,1
2026-02-25,601318,13:24:15,65.0900,178,1
2026-02-25,601318,13:24:18,65.0900,103,1
2026-02-25,601318,13:24:21,65.0900,60,1
2026-02-25,601318,13:24:24,65.0900,176,1
2026-02-25,601318,13:24:27,65.0900,165,2
2026-02-25,601318,13:24:30,65.0900,427,4
2026-02-25,601318,13:24:33,65.0900,172,1
2026-02-25,601318,13:24:36,65.0900,126,1
2026-02-25,601318,13:24:39,65.1100,242,1
2026-02-25,601318,13:24:42,65.0900,70,2
2026-02-25,601318,13:24:45,65.1000,34,1
2026-02-25,601318,13:24:48,65.0900,18,1
2026-02-25,601318,13:24:51,65.0700,121,2
2026-02-25,601318,13:24:54,65.0900,96,2
2026-02-25,601318,13:24:57,65.0900,31,1
2026-02-25,601318,13:25:00,65.0800,39,4
2026-02-25,601318,13:25:03,65.0600,53,2
2026-02-25,601318,13:25:06,65.0700,104,1
2026-02-25,601318,13:25:09,65.0700,37,1
2026-02-25,601318,13:25:12,65.0600,47,2
2026-02-25,601318,13:25:15,65.0700,28,1
2026-02-25,601318,13:25:18,65.0600,258,2
2026-02-25,601318,13:25:21,65.0600,109,2
2026-02-25,601318,13:25:24,65.0500,40,2
2026-02-25,601318,13:25:27,65.0600,33,1
2026-02-25,601318,13:25:30,65.0600,32,1
2026-02-25,601318,13:25:33,65.0600,363,1
2026-02-25,601318,13:25:36,65.0600,253,1
2026-02-25,601318,13:25:39,65.0500,78,2
2026-02-25,601318,13:25:42,65.0500,74,1
2026-02-25,601318,13:25:45,65.0400,28,2
2026-02-25,601318,13:25:48,65.0500,105,1
2026-02-25,601318,13:25:51,65.0400,26,2
2026-02-25,601318,13:25:54,65.0400,128,2
2026-02-25,601318,13:25:57,65.0400,53,1
2026-02-25,601318,13:26:00,65.0300,16,2
2026-02-25,601318,13:26:03,65.0400,171,1
2026-02-25,601318,13:26:06,65.0300,180,2
2026-02-25,601318,13:26:09,65.0300,25,1
2026-02-25,601318,13:26:12,65.0300,16,1
2026-02-25,601318,13:26:15,65.0300,4,1
2026-02-25,601318,13:26:18,65.0300,135,1
2026-02-25,601318,13:26:21,65.0200,151,2
2026-02-25,601318,13:26:24,65.0200,31,4
2026-02-25,601318,13:26:27,65.0200,17,1
2026-02-25,601318,13:26:30,65.0100,25,2
2026-02-25,601318,13:26:33,65.0100,242,2
2026-02-25,601318,13:26:36,65.0100,110,2
2026-02-25,601318,13:26:39,65.0000,285,2
2026-02-25,601318,13:26:42,65.0100,76,1
2026-02-25,601318,13:26:45,65.0100,44,1
2026-02-25,601318,13:26:48,65.0100,143,1
2026-02-25,601318,13:26:51,65.0000,203,2
2026-02-25,601318,13:26:54,65.0000,358,1
2026-02-25,601318,13:26:57,65.0100,14,1
2026-02-25,601318,13:27:00,65.0000,36,2
2026-02-25,601318,13:27:03,65.0000,192,2
2026-02-25,601318,13:27:06,65.0100,154,2
2026-02-25,601318,13:27:09,65.0100,51,1
2026-02-25,601318,13:27:12,65.0000,43,2
2026-02-25,601318,13:27:15,65.0000,489,2
2026-02-25,601318,13:27:18,65.0000,169,1
2026-02-25,601318,13:27:21,64.9900,187,2
2026-02-25,601318,13:27:24,64.9900,212,1
2026-02-25,601318,13:27:27,64.9800,167,2
2026-02-25,601318,13:27:30,64.9800,47,1
2026-02-25,601318,13:27:33,64.9800,143,1
2026-02-25,601318,13:27:36,64.9700,228,2
2026-02-25,601318,13:27:39,64.9600,34,2
2026-02-25,601318,13:27:42,64.9700,70,1
2026-02-25,601318,13:27:45,64.9700,47,1
2026-02-25,601318,13:27:48,64.9700,235,1
2026-02-25,601318,13:27:51,64.9600,197,2
2026-02-25,601318,13:27:54,64.9600,149,1
2026-02-25,601318,13:27:57,64.9600,40,1
2026-02-25,601318,13:28:00,64.9600,66,1
2026-02-25,601318,13:28:03,64.9600,332,1
2026-02-25,601318,13:28:06,64.9500,257,2
2026-02-25,601318,13:28:09,64.9500,299,1
2026-02-25,601318,13:28:12,64.9500,127,1
2026-02-25,601318,13:28:15,64.9600,225,1
2026-02-25,601318,13:28:18,64.9400,140,2
2026-02-25,601318,13:28:21,64.9500,91,4
2026-02-25,601318,13:28:24,64.9500,75,2
2026-02-25,601318,13:28:27,64.9600,55,2
2026-02-25,601318,13:28:30,64.9600,165,4
2026-02-25,601318,13:28:33,64.9600,145,1
2026-02-25,601318,13:28:36,64.9500,115,2
2026-02-25,601318,13:28:39,64.9600,228,1
2026-02-25,601318,13:28:42,64.9600,193,1
2026-02-25,601318,13:28:45,64.9600,79,1
2026-02-25,601318,13:28:48,64.9600,316,1
2026-02-25,601318,13:28:51,64.9600,661,1
2026-02-25,601318,13:28:54,64.9600,189,1
2026-02-25,601318,13:28:57,64.9600,105,1
2026-02-25,601318,13:29:00,64.9600,179,1
2026-02-25,601318,13:29:03,64.9500,612,2
2026-02-25,601318,13:29:06,64.9500,110,1
2026-02-25,601318,13:29:09,64.9500,545,1
2026-02-25,601318,13:29:12,64.9700,35,1
2026-02-25,601318,13:29:15,64.9700,30,1
2026-02-25,601318,13:29:18,64.9800,12,1
2026-02-25,601318,13:29:21,64.9600,83,2
2026-02-25,601318,13:29:24,64.9600,178,2
2026-02-25,601318,13:29:27,64.9700,65,1
2026-02-25,601318,13:29:30,64.9700,38,1
2026-02-25,601318,13:29:33,64.9700,106,1
2026-02-25,601318,13:29:36,64.9600,352,2
2026-02-25,601318,13:29:39,64.9500,231,2
2026-02-25,601318,13:29:42,64.9500,132,1
2026-02-25,601318,13:29:45,64.9400,379,2
2026-02-25,601318,13:29:48,64.9400,212,1
2026-02-25,601318,13:29:51,64.9400,61,1
2026-02-25,601318,13:29:54,64.9300,70,2
2026-02-25,601318,13:29:57,64.9400,12,1
2026-02-25,601318,13:30:00,64.9400,71,1
2026-02-25,601318,13:30:03,64.9500,155,1
2026-02-25,601318,13:30:06,64.9500,82,1
2026-02-25,601318,13:30:09,64.9700,182,1
2026-02-25,601318,13:30:12,64.9800,233,1
2026-02-25,601318,13:30:15,64.9900,45,1
2026-02-25,601318,13:30:18,65.0000,99,1
2026-02-25,601318,13:30:21,64.9900,277,2
2026-02-25,601318,13:30:24,65.0200,72,1
2026-02-25,601318,13:30:27,65.0200,72,1
2026-02-25,601318,13:30:30,65.0100,17,4
2026-02-25,601318,13:30:33,65.0100,128,1
2026-02-25,601318,13:30:36,65.0100,102,1
2026-02-25,601318,13:30:39,65.0200,37,1
2026-02-25,601318,13:30:42,65.0000,66,2
2026-02-25,601318,13:30:45,65.0200,16,1
2026-02-25,601318,13:30:48,65.0100,10,2
2026-02-25,601318,13:30:51,65.0100,132,2
2026-02-25,601318,13:30:54,65.0200,41,1
2026-02-25,601318,13:30:57,65.0100,51,2
2026-02-25,601318,13:31:00,65.0100,27,4
2026-02-25,601318,13:31:03,65.0200,153,1
2026-02-25,601318,13:31:06,65.0000,300,2
2026-02-25,601318,13:31:09,65.0100,81,1
2026-02-25,601318,13:31:12,65.0200,37,1
2026-02-25,601318,13:31:15,65.0200,66,1
2026-02-25,601318,13:31:18,65.0200,38,1
2026-02-25,601318,13:31:21,65.0200,11,4
2026-02-25,601318,13:31:24,65.0300,5,1
2026-02-25,601318,13:31:27,65.0300,9,1
2026-02-25,601318,13:31:30,65.0200,11,2
2026-02-25,601318,13:31:33,65.0200,99,2
2026-02-25,601318,13:31:36,65.0300,43,1
2026-02-25,601318,13:31:39,65.0500,87,1
2026-02-25,601318,13:31:42,65.0400,73,1
2026-02-25,601318,13:31:45,65.0400,56,1
2026-02-25,601318,13:31:48,65.0200,86,2
2026-02-25,601318,13:31:51,65.0300,36,1
2026-02-25,601318,13:31:54,64.9900,431,2
2026-02-25,601318,13:31:57,65.0100,185,1
2026-02-25,601318,13:32:00,65.0000,92,2
2026-02-25,601318,13:32:03,65.0000,94,1
2026-02-25,601318,13:32:06,65.0100,85,1
2026-02-25,601318,13:32:09,64.9900,217,2
2026-02-25,601318,13:32:12,64.9800,159,4
2026-02-25,601318,13:32:15,64.9800,15,4
2026-02-25,601318,13:32:18,64.9700,40,2
2026-02-25,601318,13:32:21,64.9700,71,2
2026-02-25,601318,13:32:24,64.9900,135,1
2026-02-25,601318,13:32:27,64.9700,158,2
2026-02-25,601318,13:32:30,64.9800,48,2
2026-02-25,601318,13:32:33,64.9700,57,2
2026-02-25,601318,13:32:36,64.9900,47,1
2026-02-25,601318,13:32:39,64.9700,93,2
2026-02-25,601318,13:32:42,64.9800,108,2
2026-02-25,601318,13:32:45,64.9900,57,1
2026-02-25,601318,13:32:48,65.0000,19,1
2026-02-25,601318,13:32:51,65.0000,117,1
2026-02-25,601318,13:32:54,65.0000,71,2
2026-02-25,601318,13:32:57,65.0000,80,2
2026-02-25,601318,13:33:00,65.0000,15,2
2026-02-25,601318,13:33:03,65.0000,225,2
2026-02-25,601318,13:33:06,65.0000,197,2
2026-02-25,601318,13:33:09,65.0000,126,1
2026-02-25,601318,13:33:12,65.0000,289,1
2026-02-25,601318,13:33:15,65.0000,253,1
2026-02-25,601318,13:33:18,65.0000,32,2
2026-02-25,601318,13:33:21,65.0000,52,2
2026-02-25,601318,13:33:24,65.0300,71,1
2026-02-25,601318,13:33:27,65.0100,60,2
2026-02-25,601318,13:33:30,65.0200,50,1
2026-02-25,601318,13:33:33,65.0200,18,2
2026-02-25,601318,13:33:36,65.0300,150,1
2026-02-25,601318,13:33:39,65.0500,143,1
2026-02-25,601318,13:33:42,65.0300,91,2
2026-02-25,601318,13:33:45,65.0400,23,2
2026-02-25,601318,13:33:48,65.0700,80,1
2026-02-25,601318,13:33:51,65.0500,28,2
2026-02-25,601318,13:33:54,65.0600,202,2
2026-02-25,601318,13:33:57,65.0700,168,1
2026-02-25,601318,13:34:00,65.0600,117,2
2026-02-25,601318,13:34:03,65.0200,207,2
2026-02-25,601318,13:34:06,65.0200,160,1
2026-02-25,601318,13:34:09,65.0100,102,2
2026-02-25,601318,13:34:12,65.0100,139,2
2026-02-25,601318,13:34:15,65.0300,31,1
2026-02-25,601318,13:34:18,65.0400,94,1
2026-02-25,601318,13:34:21,65.0700,536,1
2026-02-25,601318,13:34:24,65.0700,129,1
2026-02-25,601318,13:34:27,65.0800,179,1
2026-02-25,601318,13:34:30,65.0700,129,1
2026-02-25,601318,13:34:33,65.0300,123,2
2026-02-25,601318,13:34:36,65.0300,159,2
2026-02-25,601318,13:34:39,65.0700,110,1
2026-02-25,601318,13:34:42,65.0300,18,2
2026-02-25,601318,13:34:45,65.0600,27,1
2026-02-25,601318,13:34:48,65.0500,284,2
2026-02-25,601318,13:34:51,65.0700,127,1
2026-02-25,601318,13:34:54,65.0700,93,2
2026-02-25,601318,13:34:57,65.0600,81,4
2026-02-25,601318,13:35:00,65.0800,20,1
2026-02-25,601318,13:35:03,65.0600,105,2
2026-02-25,601318,13:35:06,65.0600,175,2
2026-02-25,601318,13:35:09,65.0600,93,2
2026-02-25,601318,13:35:12,65.0400,149,2
2026-02-25,601318,13:35:15,65.0700,594,1
2026-02-25,601318,13:35:18,65.0400,109,2
2026-02-25,601318,13:35:21,65.0500,191,1
2026-02-25,601318,13:35:24,65.0500,72,1
2026-02-25,601318,13:35:27,65.0600,12,1
2026-02-25,601318,13:35:30,65.0700,129,1
2026-02-25,601318,13:35:33,65.0600,40,2
2026-02-25,601318,13:35:36,65.0600,223,2
2026-02-25,601318,13:35:39,65.0600,271,2
2026-02-25,601318,13:35:42,65.0600,11,1
2026-02-25,601318,13:35:45,65.0700,20,1
2026-02-25,601318,13:35:48,65.0600,34,2
2026-02-25,601318,13:35:51,65.0500,186,2
2026-02-25,601318,13:35:54,65.0500,37,1
2026-02-25,601318,13:35:57,65.0500,59,2
2026-02-25,601318,13:36:00,65.0400,47,2
2026-02-25,601318,13:36:03,65.0400,381,1
2026-02-25,601318,13:36:06,65.0300,155,4
2026-02-25,601318,13:36:09,65.0400,189,1
2026-02-25,601318,13:36:12,65.0200,145,2
2026-02-25,601318,13:36:15,65.0100,102,2
2026-02-25,601318,13:36:18,65.0100,30,1
2026-02-25,601318,13:36:21,65.0100,332,1
2026-02-25,601318,13:36:24,65.0000,229,2
2026-02-25,601318,13:36:27,65.0000,121,1
2026-02-25,601318,13:36:30,64.9900,53,2
2026-02-25,601318,13:36:33,65.0000,14,1
2026-02-25,601318,13:36:36,65.0200,246,1
2026-02-25,601318,13:36:39,65.0200,225,1
2026-02-25,601318,13:36:42,65.0300,87,1
2026-02-25,601318,13:36:45,65.0300,123,2
2026-02-25,601318,13:36:48,65.0300,107,2
2026-02-25,601318,13:36:51,65.0500,153,1
2026-02-25,601318,13:36:54,65.0500,231,2
2026-02-25,601318,13:36:57,65.0400,151,2
2026-02-25,601318,13:37:00,65.0700,175,1
2026-02-25,601318,13:37:03,65.0800,68,1
2026-02-25,601318,13:37:06,65.0500,75,2
2026-02-25,601318,13:37:09,65.0700,41,1
2026-02-25,601318,13:37:12,65.0500,139,2
2026-02-25,601318,13:37:15,65.0500,60,2
2026-02-25,601318,13:37:18,65.0500,91,2
2026-02-25,601318,13:37:21,65.0500,30,1
2026-02-25,601318,13:37:24,65.0500,44,1
2026-02-25,601318,13:37:27,65.0600,113,1
2026-02-25,601318,13:37:30,65.0600,21,1
2026-02-25,601318,13:37:33,65.0600,19,1
2026-02-25,601318,13:37:36,65.0600,68,4
2026-02-25,601318,13:37:39,65.0600,24,4
2026-02-25,601318,13:37:42,65.0500,35,2
2026-02-25,601318,13:37:45,65.0600,12,4
2026-02-25,601318,13:37:48,65.0600,25,1
2026-02-25,601318,13:37:51,65.0600,153,1
2026-02-25,601318,13:37:54,65.0500,94,2
2026-02-25,601318,13:37:57,65.0700,22,1
2026-02-25,601318,13:38:00,65.0600,11,2
2026-02-25,601318,13:38:03,65.0700,141,1
2026-02-25,601318,13:38:06,65.0800,144,1
2026-02-25,601318,13:38:09,65.1000,186,1
2026-02-25,601318,13:38:12,65.1000,119,1
2026-02-25,601318,13:38:15,65.0900,16,2
2026-02-25,601318,13:38:18,65.1000,208,1
2026-02-25,601318,13:38:21,65.0900,40,1
2026-02-25,601318,13:38:24,65.1000,128,1
2026-02-25,601318,13:38:27,65.1000,67,1
2026-02-25,601318,13:38:30,65.0700,135,2
2026-02-25,601318,13:38:33,65.1000,153,1
2026-02-25,601318,13:38:36,65.0900,130,1
2026-02-25,601318,13:38:39,65.1000,173,1
2026-02-25,601318,13:38:42,65.0700,217,2
2026-02-25,601318,13:38:45,65.0900,17,1
2026-02-25,601318,13:38:48,65.0900,3,1
2026-02-25,601318,13:38:51,65.1000,57,1
2026-02-25,601318,13:38:54,65.0900,15,2
2026-02-25,601318,13:38:57,65.0900,136,2
2026-02-25,601318,13:39:00,65.0800,55,2
2026-02-25,601318,13:39:03,65.0900,11,1
2026-02-25,601318,13:39:06,65.1000,67,1
2026-02-25,601318,13:39:09,65.0900,93,2
2026-02-25,601318,13:39:12,65.1100,45,1
2026-02-25,601318,13:39:15,65.1100,38,1
2026-02-25,601318,13:39:18,65.1400,76,1
2026-02-25,601318,13:39:21,65.1500,161,1
2026-02-25,601318,13:39:24,65.1200,80,2
2026-02-25,601318,13:39:27,65.1000,122,2
2026-02-25,601318,13:39:30,65.1000,71,1
2026-02-25,601318,13:39:33,65.1000,21,1
2026-02-25,601318,13:39:36,65.1000,109,1
2026-02-25,601318,13:39:39,65.1000,63,1
2026-02-25,601318,13:39:42,65.0900,5,1
2026-02-25,601318,13:39:45,65.0800,116,2
2026-02-25,601318,13:39:48,65.0600,67,2
2026-02-25,601318,13:39:51,65.0600,85,2
2026-02-25,601318,13:39:54,65.0800,12,1
2026-02-25,601318,13:39:57,65.0700,32,4
2026-02-25,601318,13:40:00,65.0600,42,2
2026-02-25,601318,13:40:03,65.0600,196,2
2026-02-25,601318,13:40:06,65.0600,67,1
2026-02-25,601318,13:40:09,65.0400,50,2
2026-02-25,601318,13:40:12,65.0600,3,1
2026-02-25,601318,13:40:15,65.0600,56,1
2026-02-25,601318,13:40:18,65.0400,27,2
2026-02-25,601318,13:40:21,65.0300,12,2
2026-02-25,601318,13:40:24,65.0300,35,2
2026-02-25,601318,13:40:27,65.0400,120,1
2026-02-25,601318,13:40:30,65.0500,82,1
2026-02-25,601318,13:40:33,65.0400,9,2
2026-02-25,601318,13:40:36,65.0400,82,2
2026-02-25,601318,13:40:39,65.0400,19,1
2026-02-25,601318,13:40:42,65.0300,232,2
2026-02-25,601318,13:40:45,65.0300,92,1
2026-02-25,601318,13:40:48,65.0300,13,1
2026-02-25,601318,13:40:51,65.0400,114,1
2026-02-25,601318,13:40:54,65.0400,36,1
2026-02-25,601318,13:40:57,65.0300,59,2
2026-02-25,601318,13:41:00,65.0300,33,1
2026-02-25,601318,13:41:03,65.0300,17,1
2026-02-25,601318,13:41:06,65.0400,36,1
2026-02-25,601318,13:41:09,65.0200,24,2
2026-02-25,601318,13:41:12,65.0300,154,2
2026-02-25,601318,13:41:15,65.0500,15,1
2026-02-25,601318,13:41:18,65.0400,40,4
2026-02-25,601318,13:41:21,65.0300,155,2
2026-02-25,601318,13:41:24,65.0300,50,2
2026-02-25,601318,13:41:27,65.0400,311,1
2026-02-25,601318,13:41:30,65.0400,98,2
2026-02-25,601318,13:41:33,65.0600,5,1
2026-02-25,601318,13:41:36,65.0400,63,2
2026-02-25,601318,13:41:39,65.0400,11,2
2026-02-25,601318,13:41:42,65.0300,42,2
2026-02-25,601318,13:41:45,65.0500,100,1
2026-02-25,601318,13:41:48,65.0500,4,1
2026-02-25,601318,13:41:51,65.0500,19,1
2026-02-25,601318,13:41:54,65.0400,10,2
2026-02-25,601318,13:41:57,65.0500,6,1
2026-02-25,601318,13:42:00,65.0400,17,2
2026-02-25,601318,13:42:03,65.0600,32,1
2026-02-25,601318,13:42:06,65.0700,127,1
2026-02-25,601318,13:42:09,65.0900,73,1
2026-02-25,601318,13:42:12,65.0900,139,1
2026-02-25,601318,13:42:15,65.1000,206,1
2026-02-25,601318,13:42:18,65.1300,70,1
2026-02-25,601318,13:42:21,65.1300,139,1
2026-02-25,601318,13:42:24,65.1400,35,1
2026-02-25,601318,13:42:27,65.1500,75,1
2026-02-25,601318,13:42:30,65.1000,56,2
2026-02-25,601318,13:42:33,65.1300,42,1
2026-02-25,601318,13:42:36,65.1400,91,1
2026-02-25,601318,13:42:39,65.1000,81,2
2026-02-25,601318,13:42:42,65.1400,222,1
2026-02-25,601318,13:42:45,65.1400,99,1
2026-02-25,601318,13:42:48,65.1300,56,4
2026-02-25,601318,13:42:51,65.1100,164,4
2026-02-25,601318,13:42:54,65.1000,82,2
2026-02-25,601318,13:42:57,65.1000,185,2
2026-02-25,601318,13:43:00,65.1500,164,1
2026-02-25,601318,13:43:03,65.0900,86,2
2026-02-25,601318,13:43:06,65.0900,59,2
2026-02-25,601318,13:43:09,65.1100,107,2
2026-02-25,601318,13:43:12,65.1200,47,2
2026-02-25,601318,13:43:15,65.1200,92,2
2026-02-25,601318,13:43:18,65.1400,20,1
2026-02-25,601318,13:43:21,65.1000,104,2
2026-02-25,601318,13:43:24,65.0800,48,2
2026-02-25,601318,13:43:27,65.0800,61,2
2026-02-25,601318,13:43:30,65.0700,38,2
2026-02-25,601318,13:43:33,65.0800,344,1
2026-02-25,601318,13:43:36,65.0600,329,2
2026-02-25,601318,13:43:39,65.0700,106,1
2026-02-25,601318,13:43:42,65.0900,41,1
2026-02-25,601318,13:43:45,65.0900,14,1
2026-02-25,601318,13:43:48,65.1200,18,1
2026-02-25,601318,13:43:51,65.0700,47,2
2026-02-25,601318,13:43:54,65.0800,110,2
2026-02-25,601318,13:43:57,65.0800,45,2
2026-02-25,601318,13:44:00,65.0900,562,4
2026-02-25,601318,13:44:03,65.1500,178,1
2026-02-25,601318,13:44:06,65.0900,465,2
2026-02-25,601318,13:44:09,65.1600,254,1
2026-02-25,601318,13:44:12,65.0900,765,2
2026-02-25,601318,13:44:15,65.1000,478,2
2026-02-25,601318,13:44:18,65.1600,582,1
2026-02-25,601318,13:44:21,65.0600,859,2
2026-02-25,601318,13:44:24,65.0800,302,1
2026-02-25,601318,13:44:27,65.1000,263,1
2026-02-25,601318,13:44:30,65.0900,335,4
2026-02-25,601318,13:44:33,65.1600,212,1
2026-02-25,601318,13:44:36,65.0800,150,2
2026-02-25,601318,13:44:39,65.1700,88,1
2026-02-25,601318,13:44:42,65.1500,200,1
2026-02-25,601318,13:44:45,65.1500,132,1
2026-02-25,601318,13:44:48,65.0900,252,2
2026-02-25,601318,13:44:51,65.1100,128,1
2026-02-25,601318,13:44:54,65.0800,143,2
2026-02-25,601318,13:44:57,65.1100,87,1
2026-02-25,601318,13:45:00,65.1000,166,1
2026-02-25,601318,13:45:03,65.0800,54,2
2026-02-25,601318,13:45:06,65.0800,203,2
2026-02-25,601318,13:45:09,65.0800,120,1
2026-02-25,601318,13:45:12,65.0400,1179,2
2026-02-25,601318,13:45:15,65.0800,457,1
2026-02-25,601318,13:45:18,65.0600,438,2
2026-02-25,601318,13:45:21,65.0600,333,2
2026-02-25,601318,13:45:24,65.0400,308,2
2026-02-25,601318,13:45:27,65.0800,251,1
2026-02-25,601318,13:45:30,65.0200,245,2
2026-02-25,601318,13:45:33,65.1100,162,1
2026-02-25,601318,13:45:36,65.0600,134,2
2026-02-25,601318,13:45:39,65.1000,116,1
2026-02-25,601318,13:45:42,65.0400,221,2
2026-02-25,601318,13:45:45,65.0700,111,1
2026-02-25,601318,13:45:48,65.0400,83,2
2026-02-25,601318,13:45:51,65.0400,302,2
2026-02-25,601318,13:45:54,65.0400,111,2
2026-02-25,601318,13:45:57,65.0400,109,2
2026-02-25,601318,13:46:00,65.0700,43,1
2026-02-25,601318,13:46:03,65.0700,177,1
2026-02-25,601318,13:46:06,65.0600,27,1
2026-02-25,601318,13:46:09,65.0700,139,1
2026-02-25,601318,13:46:12,65.0700,116,1
2026-02-25,601318,13:46:15,65.0700,71,2
2026-02-25,601318,13:46:18,65.0700,141,2
2026-02-25,601318,13:46:21,65.0500,159,2
2026-02-25,601318,13:46:24,65.0700,38,1
2026-02-25,601318,13:46:27,65.0600,84,2
2026-02-25,601318,13:46:30,65.0500,131,2
2026-02-25,601318,13:46:33,65.0600,66,1
2026-02-25,601318,13:46:36,65.0600,308,1
2026-02-25,601318,13:46:39,65.0600,144,1
2026-02-25,601318,13:46:42,65.0600,133,1
2026-02-25,601318,13:46:45,65.0500,132,2
2026-02-25,601318,13:46:48,65.0500,69,1
2026-02-25,601318,13:46:51,65.0200,81,2
2026-02-25,601318,13:46:54,65.0200,459,2
2026-02-25,601318,13:46:57,65.0200,87,1
2026-02-25,601318,13:47:00,65.0200,67,1
2026-02-25,601318,13:47:03,65.0200,3,1
2026-02-25,601318,13:47:06,65.0200,84,1
2026-02-25,601318,13:47:09,65.0100,69,2
2026-02-25,601318,13:47:12,65.0200,30,4
2026-02-25,601318,13:47:15,65.0200,28,1
2026-02-25,601318,13:47:18,65.0100,56,2
2026-02-25,601318,13:47:21,65.0100,23,1
2026-02-25,601318,13:47:24,65.0100,20,1
2026-02-25,601318,13:47:27,65.0100,45,1
2026-02-25,601318,13:47:30,65.0100,1610,1
2026-02-25,601318,13:47:33,65.0000,840,2
2026-02-25,601318,13:47:36,65.0000,695,2
2026-02-25,601318,13:47:39,64.9900,139,2
2026-02-25,601318,13:47:42,64.9900,84,1
2026-02-25,601318,13:47:45,64.9800,128,2
2026-02-25,601318,13:47:48,64.9900,41,1
2026-02-25,601318,13:47:51,64.9800,134,1
2026-02-25,601318,13:47:54,64.9800,15,2
2026-02-25,601318,13:47:57,64.9900,44,1
2026-02-25,601318,13:48:00,64.9800,44,2
2026-02-25,601318,13:48:03,64.9900,23,1
2026-02-25,601318,13:48:06,64.9800,51,2
2026-02-25,601318,13:48:09,64.9900,52,1
2026-02-25,601318,13:48:12,64.9800,132,2
2026-02-25,601318,13:48:15,65.0000,197,1
2026-02-25,601318,13:48:18,65.0000,185,1
2026-02-25,601318,13:48:21,65.0000,57,1
2026-02-25,601318,13:48:24,65.0000,46,1
2026-02-25,601318,13:48:27,64.9900,14,2
2026-02-25,601318,13:48:30,64.9900,37,2
2026-02-25,601318,13:48:33,64.9900,37,2
2026-02-25,601318,13:48:36,64.9900,41,1
2026-02-25,601318,13:48:39,65.0100,1017,1
2026-02-25,601318,13:48:42,65.0300,193,1
2026-02-25,601318,13:48:45,65.0500,41,1
2026-02-25,601318,13:48:48,65.0500,4,1
2026-02-25,601318,13:48:51,65.0500,24,2
2026-02-25,601318,13:48:54,65.0600,194,1
2026-02-25,601318,13:48:57,65.0500,39,2
2026-02-25,601318,13:49:00,65.0500,141,2
2026-02-25,601318,13:49:03,65.0500,24,1
2026-02-25,601318,13:49:06,65.0500,133,1
2026-02-25,601318,13:49:09,65.0500,104,1
2026-02-25,601318,13:49:12,65.0400,45,2
2026-02-25,601318,13:49:21,65.0400,36,1
2026-02-25,601318,13:49:24,65.0300,62,2
2026-02-25,601318,13:49:27,65.0200,12,2
2026-02-25,601318,13:49:30,65.0300,2,1
2026-02-25,601318,13:49:33,65.0300,3,1
2026-02-25,601318,13:49:36,65.0400,199,1
2026-02-25,601318,13:49:39,65.0300,123,2
2026-02-25,601318,13:49:42,65.0300,4,1
2026-02-25,601318,13:49:45,65.0200,94,2
2026-02-25,601318,13:49:48,65.0300,6,4
2026-02-25,601318,13:49:51,65.0300,13,1
2026-02-25,601318,13:49:54,65.0200,36,2
2026-02-25,601318,13:49:57,65.0300,34,2
2026-02-25,601318,13:50:00,65.0300,100,2
2026-02-25,601318,13:50:03,65.0400,37,1
2026-02-25,601318,13:50:06,65.0300,47,2
2026-02-25,601318,13:50:09,65.0300,168,2
2026-02-25,601318,13:50:12,65.0400,97,1
2026-02-25,601318,13:50:15,65.0300,65,2
2026-02-25,601318,13:50:21,65.0400,18,1
2026-02-25,601318,13:50:24,65.0300,129,2
2026-02-25,601318,13:50:27,65.0400,33,1
2026-02-25,601318,13:50:30,65.0500,233,1
2026-02-25,601318,13:50:33,65.0700,127,1
2026-02-25,601318,13:50:36,65.0700,119,1
2026-02-25,601318,13:50:39,65.0700,142,1
2026-02-25,601318,13:50:42,65.0700,60,1
2026-02-25,601318,13:50:45,65.0600,45,2
2026-02-25,601318,13:50:48,65.0600,41,2
2026-02-25,601318,13:50:51,65.0600,33,1
2026-02-25,601318,13:50:54,65.0500,43,2
2026-02-25,601318,13:50:57,65.0600,70,1
2026-02-25,601318,13:51:00,65.0500,23,2
2026-02-25,601318,13:51:03,65.0400,24,2
2026-02-25,601318,13:51:06,65.0600,57,1
2026-02-25,601318,13:51:09,65.0600,38,2
2026-02-25,601318,13:51:12,65.0600,21,1
2026-02-25,601318,13:51:15,65.0500,96,2
2026-02-25,601318,13:51:18,65.0600,69,1
2026-02-25,601318,13:51:21,65.0500,74,2
2026-02-25,601318,13:51:24,65.0500,33,2
2026-02-25,601318,13:51:27,65.0500,54,2
2026-02-25,601318,13:51:30,65.0500,32,2
2026-02-25,601318,13:51:33,65.0500,14,2
2026-02-25,601318,13:51:36,65.0500,58,2
2026-02-25,601318,13:51:39,65.0700,35,1
2026-02-25,601318,13:51:42,65.0600,31,1
2026-02-25,601318,13:51:45,65.0600,146,2
2026-02-25,601318,13:51:48,65.0900,35,1
2026-02-25,601318,13:51:51,65.0900,54,1
2026-02-25,601318,13:51:54,65.0500,20,2
2026-02-25,601318,13:51:57,65.0600,29,2
2026-02-25,601318,13:52:00,65.0600,2,2
2026-02-25,601318,13:52:03,65.0800,46,1
2026-02-25,601318,13:52:06,65.0800,50,1
2026-02-25,601318,13:52:09,65.1200,233,1
2026-02-25,601318,13:52:12,65.1100,122,1
2026-02-25,601318,13:52:15,65.1000,77,1
2026-02-25,601318,13:52:18,65.0800,84,4
2026-02-25,601318,13:52:21,65.0800,27,4
2026-02-25,601318,13:52:24,65.1000,65,1
2026-02-25,601318,13:52:27,65.0700,177,2
2026-02-25,601318,13:52:30,65.0700,9,2
2026-02-25,601318,13:52:33,65.0700,56,2
2026-02-25,601318,13:52:36,65.0600,57,2
2026-02-25,601318,13:52:39,65.0400,151,2
2026-02-25,601318,13:52:42,65.0500,73,4
2026-02-25,601318,13:52:45,65.0400,54,2
2026-02-25,601318,13:52:48,65.0500,112,1
2026-02-25,601318,13:52:51,65.0500,97,1
2026-02-25,601318,13:52:54,65.0500,40,4
2026-02-25,601318,13:52:57,65.0800,242,1
2026-02-25,601318,13:53:00,65.0400,208,2
2026-02-25,601318,13:53:03,65.0500,75,1
2026-02-25,601318,13:53:06,65.0400,134,2
2026-02-25,601318,13:53:09,65.0400,176,1
2026-02-25,601318,13:53:12,65.0200,59,2
2026-02-25,601318,13:53:15,65.0100,258,2
2026-02-25,601318,13:53:18,65.0100,61,1
2026-02-25,601318,13:53:21,65.0000,228,2
2026-02-25,601318,13:53:24,65.0000,79,1
2026-02-25,601318,13:53:27,64.9800,117,2
2026-02-25,601318,13:53:30,64.9700,2318,2
2026-02-25,601318,13:53:33,64.9700,599,1
2026-02-25,601318,13:53:36,64.9600,265,1
2026-02-25,601318,13:53:39,64.9500,68,2
2026-02-25,601318,13:53:42,64.9400,119,2
2026-02-25,601318,13:53:45,64.9400,52,2
2026-02-25,601318,13:53:48,64.9500,155,4
2026-02-25,601318,13:53:51,64.9500,168,1
2026-02-25,601318,13:53:54,64.9400,284,2
2026-02-25,601318,13:53:57,64.9500,36,2
2026-02-25,601318,13:54:00,64.9600,125,2
2026-02-25,601318,13:54:03,64.9600,146,1
2026-02-25,601318,13:54:06,64.9500,147,2
2026-02-25,601318,13:54:09,64.9500,72,2
2026-02-25,601318,13:54:12,64.9700,336,1
2026-02-25,601318,13:54:15,64.9400,97,2
2026-02-25,601318,13:54:18,64.9700,9,1
2026-02-25,601318,13:54:21,64.9300,290,2
2026-02-25,601318,13:54:24,64.9600,39,1
2026-02-25,601318,13:54:27,64.9400,214,2
2026-02-25,601318,13:54:30,64.9500,61,1
2026-02-25,601318,13:54:33,64.9400,40,4
2026-02-25,601318,13:54:36,64.9300,105,2
2026-02-25,601318,13:54:39,64.9300,27,1
2026-02-25,601318,13:54:42,64.9300,40,1
2026-02-25,601318,13:54:45,64.9300,350,1
2026-02-25,601318,13:54:48,64.9200,327,2
2026-02-25,601318,13:54:51,64.9300,364,1
2026-02-25,601318,13:54:54,64.9300,578,2
2026-02-25,601318,13:54:57,64.9300,680,1
2026-02-25,601318,13:55:00,64.9100,295,2
2026-02-25,601318,13:55:03,64.9200,72,4
2026-02-25,601318,13:55:06,64.9100,270,2
2026-02-25,601318,13:55:09,64.9100,65,1
2026-02-25,601318,13:55:12,64.9100,101,1
2026-02-25,601318,13:55:15,64.9100,36,1
2026-02-25,601318,13:55:18,64.9000,803,2
2026-02-25,601318,13:55:21,64.9000,728,2
2026-02-25,601318,13:55:24,64.9000,294,1
2026-02-25,601318,13:55:27,64.9000,653,1
2026-02-25,601318,13:55:30,64.8900,413,2
2026-02-25,601318,13:55:33,64.8900,77,1
2026-02-25,601318,13:55:36,64.8900,638,1
2026-02-25,601318,13:55:39,64.8800,992,2
2026-02-25,601318,13:55:42,64.8700,387,2
2026-02-25,601318,13:55:45,64.8900,62,1
2026-02-25,601318,13:55:48,64.8900,255,1
2026-02-25,601318,13:55:51,64.8800,69,2
2026-02-25,601318,13:55:54,64.8800,512,1
2026-02-25,601318,13:55:57,64.8700,460,2
2026-02-25,601318,13:56:00,64.9000,198,1
2026-02-25,601318,13:56:03,64.9500,342,1
2026-02-25,601318,13:56:06,64.9100,174,2
2026-02-25,601318,13:56:09,64.8900,218,2
2026-02-25,601318,13:56:12,64.9000,66,4
2026-02-25,601318,13:56:15,64.9000,118,1
2026-02-25,601318,13:56:18,64.9100,126,1
2026-02-25,601318,13:56:21,64.8900,42,2
2026-02-25,601318,13:56:24,64.8900,33,1
2026-02-25,601318,13:56:27,64.8800,581,2
2026-02-25,601318,13:56:30,64.8700,108,2
2026-02-25,601318,13:56:33,64.8700,81,2
2026-02-25,601318,13:56:36,64.8700,85,2
2026-02-25,601318,13:56:39,64.8700,260,1
2026-02-25,601318,13:56:42,64.8700,68,1
2026-02-25,601318,13:56:45,64.8700,749,1
2026-02-25,601318,13:56:48,64.8600,661,2
2026-02-25,601318,13:56:51,64.8600,162,2
2026-02-25,601318,13:56:54,64.8600,504,2
2026-02-25,601318,13:56:57,64.8600,101,1
2026-02-25,601318,13:57:00,64.8800,612,1
2026-02-25,601318,13:57:03,64.9000,298,1
2026-02-25,601318,13:57:06,64.8800,76,2
2026-02-25,601318,13:57:09,64.8700,70,2
2026-02-25,601318,13:57:12,64.8700,42,2
2026-02-25,601318,13:57:15,64.8700,120,2
2026-02-25,601318,13:57:18,64.8800,105,1
2026-02-25,601318,13:57:21,64.8700,164,2
2026-02-25,601318,13:57:24,64.8600,78,2
2026-02-25,601318,13:57:27,64.8600,183,2
2026-02-25,601318,13:57:30,64.8700,42,1
2026-02-25,601318,13:57:33,64.8600,258,2
2026-02-25,601318,13:57:36,64.8600,135,1
2026-02-25,601318,13:57:39,64.8700,307,1
2026-02-25,601318,13:57:42,64.8500,234,2
2026-02-25,601318,13:57:45,64.8500,116,1
2026-02-25,601318,13:57:48,64.8500,398,1
2026-02-25,601318,13:57:51,64.8400,249,2
2026-02-25,601318,13:57:54,64.8500,180,1
2026-02-25,601318,13:57:57,64.8500,27,1
2026-02-25,601318,13:58:00,64.8300,192,2
2026-02-25,601318,13:58:03,64.8400,198,2
2026-02-25,601318,13:58:06,64.8400,76,1
2026-02-25,601318,13:58:09,64.8400,109,2
2026-02-25,601318,13:58:12,64.8400,323,2
2026-02-25,601318,13:58:15,64.8400,113,1
2026-02-25,601318,13:58:18,64.8400,154,2
2026-02-25,601318,13:58:21,64.8400,40,1
2026-02-25,601318,13:58:24,64.8400,225,1
2026-02-25,601318,13:58:27,64.8300,83,2
2026-02-25,601318,13:58:30,64.8400,111,2
2026-02-25,601318,13:58:33,64.8500,137,1
2026-02-25,601318,13:58:36,64.8300,230,2
2026-02-25,601318,13:58:39,64.8300,184,2
2026-02-25,601318,13:58:42,64.8400,37,1
2026-02-25,601318,13:58:45,64.8300,55,2
2026-02-25,601318,13:58:48,64.8400,59,1
2026-02-25,601318,13:58:51,64.8300,69,2
2026-02-25,601318,13:58:54,64.8400,57,1
2026-02-25,601318,13:58:57,64.8400,34,1
2026-02-25,601318,13:59:00,64.8400,193,1
2026-02-25,601318,13:59:03,64.8300,247,2
2026-02-25,601318,13:59:06,64.8300,147,2
2026-02-25,601318,13:59:09,64.8700,65,1
2026-02-25,601318,13:59:12,64.8700,200,1
2026-02-25,601318,13:59:15,64.8500,41,2
2026-02-25,601318,13:59:18,64.8600,299,4
2026-02-25,601318,13:59:21,64.8300,195,2
2026-02-25,601318,13:59:24,64.8600,100,1
2026-02-25,601318,13:59:27,64.8700,63,1
2026-02-25,601318,13:59:30,64.8800,455,1
2026-02-25,601318,13:59:33,64.8600,185,2
2026-02-25,601318,13:59:36,64.8800,232,1
2026-02-25,601318,13:59:39,64.8800,62,1
2026-02-25,601318,13:59:42,64.8700,7,2
2026-02-25,601318,13:59:45,64.8800,11,1
2026-02-25,601318,13:59:48,64.8800,46,1
2026-02-25,601318,13:59:51,64.8900,41,2
2026-02-25,601318,13:59:54,64.8900,15,2
2026-02-25,601318,13:59:57,64.8900,30,2
2026-02-25,601318,14:00:00,64.9000,48,1
2026-02-25,601318,14:00:03,64.9000,82,1
2026-02-25,601318,14:00:06,64.9000,72,2
2026-02-25,601318,14:00:09,64.9000,39,2
2026-02-25,601318,14:00:12,64.9100,65,1
2026-02-25,601318,14:00:15,64.9200,22,1
2026-02-25,601318,14:00:18,64.9300,72,1
2026-02-25,601318,14:00:21,64.9600,103,1
2026-02-25,601318,14:00:24,64.9300,37,2
2026-02-25,601318,14:00:27,64.9500,167,1
2026-02-25,601318,14:00:30,64.9600,40,1
2026-02-25,601318,14:00:33,64.9400,129,2
2026-02-25,601318,14:00:36,64.9300,87,2
2026-02-25,601318,14:00:39,64.9300,123,2
2026-02-25,601318,14:00:42,64.9500,49,1
2026-02-25,601318,14:00:45,64.9600,66,1
2026-02-25,601318,14:00:48,64.9400,76,2
2026-02-25,601318,14:00:51,64.9400,60,2
2026-02-25,601318,14:00:54,64.9400,316,2
2026-02-25,601318,14:00:57,64.9400,257,1
2026-02-25,601318,14:01:00,64.9800,92,1
2026-02-25,601318,14:01:03,64.9300,10,2
2026-02-25,601318,14:01:06,64.9700,104,1
2026-02-25,601318,14:01:09,64.9500,14,2
2026-02-25,601318,14:01:12,64.9600,22,1
2026-02-25,601318,14:01:15,64.9400,13,2
2026-02-25,601318,14:01:18,64.9700,85,1
2026-02-25,601318,14:01:21,64.9400,37,2
2026-02-25,601318,14:01:24,64.9600,68,1
2026-02-25,601318,14:01:27,64.9400,57,2
2026-02-25,601318,14:01:30,64.9400,134,2
2026-02-25,601318,14:01:33,64.9400,85,1
2026-02-25,601318,14:01:36,64.9300,47,2
2026-02-25,601318,14:01:39,64.9600,45,1
2026-02-25,601318,14:01:42,64.9600,55,1
2026-02-25,601318,14:01:45,64.9800,65,1
2026-02-25,601318,14:01:48,64.9600,169,2
2026-02-25,601318,14:01:51,64.9700,47,1
2026-02-25,601318,14:01:54,64.9700,53,1
2026-02-25,601318,14:01:57,64.9600,23,4
2026-02-25,601318,14:02:00,64.9500,236,2
2026-02-25,601318,14:02:03,64.9600,105,1
2026-02-25,601318,14:02:06,64.9700,114,1
2026-02-25,601318,14:02:09,64.9600,6,1
2026-02-25,601318,14:02:12,64.9400,36,2
2026-02-25,601318,14:02:15,64.9500,30,2
2026-02-25,601318,14:02:18,64.9400,67,2
2026-02-25,601318,14:02:21,64.9400,30,2
2026-02-25,601318,14:02:24,64.9400,10,2
2026-02-25,601318,14:02:27,64.9600,91,1
2026-02-25,601318,14:02:30,64.9400,13,2
2026-02-25,601318,14:02:33,64.9400,13,2
2026-02-25,601318,14:02:36,64.9400,93,2
2026-02-25,601318,14:02:39,64.9600,50,1
2026-02-25,601318,14:02:42,64.9400,11,4
2026-02-25,601318,14:02:45,64.9400,145,1
2026-02-25,601318,14:02:48,64.9300,67,2
2026-02-25,601318,14:02:51,64.9300,36,2
2026-02-25,601318,14:02:54,64.9300,20,2
2026-02-25,601318,14:02:57,64.9400,14,1
2026-02-25,601318,14:03:00,64.9600,85,1
2026-02-25,601318,14:03:03,64.9600,35,1
2026-02-25,601318,14:03:06,64.9500,297,4
2026-02-25,601318,14:03:09,64.9600,65,4
2026-02-25,601318,14:03:12,64.9600,142,4
2026-02-25,601318,14:03:15,64.9600,16,4
2026-02-25,601318,14:03:18,64.9700,129,1
2026-02-25,601318,14:03:21,64.9800,69,1
2026-02-25,601318,14:03:24,65.0000,120,1
2026-02-25,601318,14:03:27,64.9800,81,2
2026-02-25,601318,14:03:30,64.9600,45,2
2026-02-25,601318,14:03:33,64.9600,76,2
2026-02-25,601318,14:03:36,64.9600,38,2
2026-02-25,601318,14:03:39,64.9800,139,1
2026-02-25,601318,14:03:42,64.9800,52,1
2026-02-25,601318,14:03:45,64.9800,23,1
2026-02-25,601318,14:03:48,64.9600,60,2
2026-02-25,601318,14:03:51,64.9500,128,2
2026-02-25,601318,14:03:54,64.9500,79,1
2026-02-25,601318,14:03:57,64.9500,37,4
2026-02-25,601318,14:04:00,64.9500,26,1
2026-02-25,601318,14:04:03,64.9400,42,2
2026-02-25,601318,14:04:06,64.9500,42,1
2026-02-25,601318,14:04:09,64.9500,59,4
2026-02-25,601318,14:04:12,64.9400,43,2
2026-02-25,601318,14:04:15,64.9500,30,4
2026-02-25,601318,14:04:18,64.9500,1,4
2026-02-25,601318,14:04:21,64.9500,90,1
2026-02-25,601318,14:04:24,64.9600,36,1
2026-02-25,601318,14:04:27,64.9500,118,2
2026-02-25,601318,14:04:30,64.9500,10,2
2026-02-25,601318,14:04:33,64.9500,37,2
2026-02-25,601318,14:04:36,64.9600,24,1
2026-02-25,601318,14:04:39,64.9600,5,1
2026-02-25,601318,14:04:42,64.9400,167,2
2026-02-25,601318,14:04:45,64.9500,145,4
2026-02-25,601318,14:04:48,64.9300,81,2
2026-02-25,601318,14:04:51,64.9300,9,2
2026-02-25,601318,14:04:54,64.9200,109,2
2026-02-25,601318,14:04:57,64.9200,43,2
2026-02-25,601318,14:05:00,64.9200,109,2
2026-02-25,601318,14:05:03,64.9300,122,1
2026-02-25,601318,14:05:06,64.9300,105,2
2026-02-25,601318,14:05:09,64.9300,39,2
2026-02-25,601318,14:05:12,64.9300,78,2
2026-02-25,601318,14:05:15,64.9300,12,1
2026-02-25,601318,14:05:18,64.9200,29,2
2026-02-25,601318,14:05:21,64.9200,24,2
2026-02-25,601318,14:05:24,64.9300,33,1
2026-02-25,601318,14:05:27,64.9300,37,1
2026-02-25,601318,14:05:30,64.9200,27,2
2026-02-25,601318,14:05:33,64.9400,45,1
2026-02-25,601318,14:05:36,64.9200,58,2
2026-02-25,601318,14:05:39,64.9300,96,2
2026-02-25,601318,14:05:42,64.9300,20,2
2026-02-25,601318,14:05:45,64.9300,33,2
2026-02-25,601318,14:05:48,64.9200,17,2
2026-02-25,601318,14:05:51,64.9300,16,1
2026-02-25,601318,14:05:54,64.9200,62,2
2026-02-25,601318,14:05:57,64.9200,20,4
2026-02-25,601318,14:06:00,64.9200,199,4
2026-02-25,601318,14:06:03,64.9200,108,2
2026-02-25,601318,14:06:06,64.9200,63,2
2026-02-25,601318,14:06:09,64.9200,16,2
2026-02-25,601318,14:06:12,64.9300,68,1
2026-02-25,601318,14:06:15,64.9200,58,2
2026-02-25,601318,14:06:18,64.9200,57,2
2026-02-25,601318,14:06:21,64.9200,44,2
2026-02-25,601318,14:06:24,64.9200,22,1
2026-02-25,601318,14:06:27,64.9200,23,1
2026-02-25,601318,14:06:30,64.9200,184,1
2026-02-25,601318,14:06:33,64.9100,174,2
2026-02-25,601318,14:06:36,64.9200,144,2
2026-02-25,601318,14:06:39,64.9400,81,1
2026-02-25,601318,14:06:42,64.9600,83,1
2026-02-25,601318,14:06:45,64.9400,126,2
2026-02-25,601318,14:06:48,64.9300,207,2
2026-02-25,601318,14:06:51,64.9300,97,1
2026-02-25,601318,10:56:42,65.4800,79,2
2026-02-25,601318,10:56:45,65.4800,15,1
2026-02-25,601318,10:56:48,65.4900,68,1
2026-02-25,601318,10:56:51,65.4800,66,2
2026-02-25,601318,10:56:54,65.4800,67,1
2026-02-25,601318,10:56:57,65.4700,144,2
2026-02-25,601318,10:57:00,65.4800,146,1
2026-02-25,601318,10:57:03,65.4800,28,2
2026-02-25,601318,10:57:06,65.4500,536,2
2026-02-25,601318,10:57:09,65.4800,36,1
2026-02-25,601318,10:57:12,65.4700,8,1
2026-02-25,601318,10:57:15,65.4700,10,1
2026-02-25,601318,10:57:18,65.4700,58,1
2026-02-25,601318,10:57:21,65.4600,43,2
2026-02-25,601318,10:57:24,65.4600,42,2
2026-02-25,601318,10:57:27,65.4600,87,2
2026-02-25,601318,10:57:30,65.4600,72,2
2026-02-25,601318,10:57:33,65.4600,6,1
2026-02-25,601318,10:57:36,65.4800,401,1
2026-02-25,601318,10:57:39,65.4800,493,2
2026-02-25,601318,10:57:42,65.5100,578,1
2026-02-25,601318,10:57:45,65.5700,2137,1
2026-02-25,601318,10:57:48,65.5600,151,2
2026-02-25,601318,10:57:51,65.5700,54,2
2026-02-25,601318,10:57:54,65.5700,69,2
2026-02-25,601318,10:57:57,65.5800,135,1
2026-02-25,601318,10:58:00,65.5700,108,2
2026-02-25,601318,10:58:03,65.5700,35,1
2026-02-25,601318,10:58:06,65.5600,58,2
2026-02-25,601318,10:58:09,65.5600,20,2
2026-02-25,601318,10:58:12,65.5600,30,2
2026-02-25,601318,10:58:15,65.5600,97,1
2026-02-25,601318,10:58:18,65.5600,218,2
2026-02-25,601318,10:58:21,65.5600,31,1
2026-02-25,601318,10:58:24,65.5500,63,2
2026-02-25,601318,10:58:27,65.5600,115,1
2026-02-25,601318,10:58:30,65.5500,89,1
2026-02-25,601318,10:58:33,65.5300,31,2
2026-02-25,601318,10:58:36,65.5400,69,1
2026-02-25,601318,10:58:39,65.5500,58,1
2026-02-25,601318,10:58:42,65.5300,30,2
2026-02-25,601318,10:58:45,65.5300,70,2
2026-02-25,601318,10:58:48,65.5400,78,1
2026-02-25,601318,10:58:51,65.5300,63,2
2026-02-25,601318,10:58:54,65.5300,32,2
2026-02-25,601318,10:58:57,65.5300,38,1
2026-02-25,601318,10:59:00,65.5700,962,1
2026-02-25,601318,10:59:03,65.5700,128,1
2026-02-25,601318,10:59:06,65.5700,77,1
2026-02-25,601318,10:59:09,65.5900,1593,1
2026-02-25,601318,10:59:12,65.5800,1209,2
2026-02-25,601318,10:59:15,65.5800,28,2
2026-02-25,601318,10:59:18,65.5800,169,2
2026-02-25,601318,10:59:21,65.5900,111,1
2026-02-25,601318,10:59:24,65.6000,114,1
2026-02-25,601318,10:59:27,65.5900,60,2
2026-02-25,601318,10:59:30,65.5800,220,2
2026-02-25,601318,10:59:33,65.5800,204,1
2026-02-25,601318,10:59:36,65.5800,51,1
2026-02-25,601318,10:59:39,65.5800,88,4
2026-02-25,601318,10:59:42,65.5800,89,2
2026-02-25,601318,10:59:45,65.5900,22,1
2026-02-25,601318,10:59:48,65.5800,78,2
2026-02-25,601318,10:59:51,65.5900,91,1
2026-02-25,601318,10:59:54,65.5900,50,1
2026-02-25,601318,10:59:57,65.5900,161,2
2026-02-25,601318,11:00:00,65.6000,68,1
2026-02-25,601318,11:00:03,65.6000,138,1
2026-02-25,601318,11:00:06,65.6100,293,1
2026-02-25,601318,11:00:09,65.6100,144,1
2026-02-25,601318,11:00:12,65.6200,82,1
2026-02-25,601318,11:00:15,65.6300,128,1
2026-02-25,601318,11:00:18,65.6200,59,2
2026-02-25,601318,11:00:21,65.6300,191,1
2026-02-25,601318,11:00:24,65.6300,29,2
2026-02-25,601318,11:00:27,65.6300,217,2
2026-02-25,601318,11:00:30,65.6400,243,2
2026-02-25,601318,11:00:33,65.6400,320,1
2026-02-25,601318,11:00:36,65.6500,194,1
2026-02-25,601318,11:00:39,65.6500,140,1
2026-02-25,601318,11:00:42,65.6400,122,2
2026-02-25,601318,11:00:45,65.6500,474,1
2026-02-25,601318,11:00:48,65.6800,1793,1
2026-02-25,601318,11:00:51,65.6900,1154,1
2026-02-25,601318,11:00:54,65.6900,130,2
2026-02-25,601318,11:00:57,65.7000,659,1
2026-02-25,601318,11:01:00,65.7000,584,1
2026-02-25,601318,11:01:03,65.7000,907,1
2026-02-25,601318,11:01:06,65.7000,1399,2
2026-02-25,601318,11:01:09,65.6500,186,2
2026-02-25,601318,11:01:12,65.6500,200,2
2026-02-25,601318,11:01:15,65.6600,336,1
2026-02-25,601318,11:01:18,65.6600,222,2
2026-02-25,601318,11:01:21,65.6800,292,2
2026-02-25,601318,11:01:24,65.6600,229,2
2026-02-25,601318,11:01:27,65.6500,770,2
2026-02-25,601318,11:01:30,65.6400,458,1
2026-02-25,601318,11:01:33,65.6400,92,2
2026-02-25,601318,11:01:36,65.6400,198,1
2026-02-25,601318,11:01:39,65.6400,117,2
2026-02-25,601318,11:01:42,65.6400,247,2
2026-02-25,601318,11:01:45,65.6300,142,2
2026-02-25,601318,11:01:48,65.6400,269,1
2026-02-25,601318,11:01:51,65.6300,188,2
2026-02-25,601318,11:01:54,65.6500,337,1
2026-02-25,601318,11:01:57,65.6400,232,2
2026-02-25,601318,11:02:00,65.6200,123,2
2026-02-25,601318,11:02:03,65.6600,379,1
2026-02-25,601318,11:02:06,65.6700,204,1
2026-02-25,601318,11:02:09,65.6600,87,2
2026-02-25,601318,11:02:12,65.6300,235,2
2026-02-25,601318,11:02:15,65.6500,124,1
2026-02-25,601318,11:02:18,65.6300,338,2
2026-02-25,601318,11:02:21,65.6300,116,2
2026-02-25,601318,11:02:24,65.6300,126,2
2026-02-25,601318,11:02:27,65.6500,163,1
2026-02-25,601318,11:02:30,65.6200,239,2
2026-02-25,601318,11:02:33,65.6100,28,2
2026-02-25,601318,11:02:36,65.6100,113,2
2026-02-25,601318,11:02:39,65.6200,37,1
2026-02-25,601318,11:02:42,65.6000,80,2
2026-02-25,601318,11:02:45,65.6000,37,1
2026-02-25,601318,11:02:48,65.5800,342,2
2026-02-25,601318,11:02:51,65.5600,124,2
2026-02-25,601318,11:02:54,65.5500,53,2
2026-02-25,601318,11:02:57,65.5200,115,2
2026-02-25,601318,11:03:00,65.5600,177,1
2026-02-25,601318,11:03:03,65.5700,102,1
2026-02-25,601318,11:03:06,65.5600,147,2
2026-02-25,601318,11:03:09,65.5900,16,1
2026-02-25,601318,11:03:12,65.5600,5,2
2026-02-25,601318,11:03:15,65.5700,119,4
2026-02-25,601318,11:03:18,65.5500,432,2
2026-02-25,601318,11:03:21,65.5500,48,1
2026-02-25,601318,11:03:24,65.5400,70,2
2026-02-25,601318,11:03:27,65.5300,98,1
2026-02-25,601318,11:03:30,65.5200,22,4
2026-02-25,601318,11:03:33,65.5100,90,2
2026-02-25,601318,11:03:36,65.5200,115,1
2026-02-25,601318,11:03:39,65.5300,99,1
2026-02-25,601318,11:03:42,65.5300,75,2
2026-02-25,601318,11:03:45,65.5400,45,1
2026-02-25,601318,11:03:48,65.5300,33,2
2026-02-25,601318,11:03:51,65.5300,43,2
2026-02-25,601318,11:03:54,65.5300,53,2
2026-02-25,601318,11:03:57,65.5300,10,1
2026-02-25,601318,11:04:00,65.5200,46,2
2026-02-25,601318,11:04:03,65.5200,51,2
2026-02-25,601318,11:04:06,65.5200,45,2
2026-02-25,601318,11:04:09,65.5200,117,2
2026-02-25,601318,11:04:12,65.5300,27,2
2026-02-25,601318,11:04:15,65.5200,33,2
2026-02-25,601318,11:04:18,65.5300,4,1
2026-02-25,601318,11:04:21,65.5200,60,2
2026-02-25,601318,11:04:24,65.5200,62,2
2026-02-25,601318,11:04:27,65.5200,84,2
2026-02-25,601318,11:04:30,65.5200,99,2
2026-02-25,601318,11:04:33,65.5100,294,2
2026-02-25,601318,11:04:36,65.5100,37,1
2026-02-25,601318,11:04:39,65.5200,88,1
2026-02-25,601318,11:04:42,65.5100,19,2
2026-02-25,601318,11:04:45,65.5100,26,2
2026-02-25,601318,11:04:48,65.5100,31,2
2026-02-25,601318,11:04:51,65.5100,69,2
2026-02-25,601318,11:04:54,65.5000,81,2
2026-02-25,601318,11:04:57,65.5000,28,2
2026-02-25,601318,11:05:00,65.5000,34,2
2026-02-25,601318,11:05:03,65.5000,56,2
2026-02-25,601318,11:05:06,65.5000,140,2
2026-02-25,601318,11:05:09,65.4900,67,2
2026-02-25,601318,11:05:12,65.4900,118,2
2026-02-25,601318,11:05:15,65.5000,49,1
2026-02-25,601318,11:05:18,65.4900,132,2
2026-02-25,601318,11:05:21,65.4900,25,4
2026-02-25,601318,11:05:24,65.4800,27,2
2026-02-25,601318,11:05:27,65.4700,180,2
2026-02-25,601318,11:05:30,65.4600,85,2
2026-02-25,601318,11:05:33,65.4500,22,2
2026-02-25,601318,11:05:36,65.4500,23,2
2026-02-25,601318,11:05:39,65.4600,85,1
2026-02-25,601318,11:05:42,65.4600,34,2
2026-02-25,601318,11:05:45,65.4700,11,2
2026-02-25,601318,11:05:48,65.4700,32,2
2026-02-25,601318,11:05:51,65.4700,3,1
2026-02-25,601318,11:05:54,65.4600,21,2
2026-02-25,601318,11:05:57,65.4700,21,1
2026-02-25,601318,11:06:00,65.4600,215,2
2026-02-25,601318,11:06:03,65.4600,63,2
2026-02-25,601318,11:06:06,65.4600,104,2
2026-02-25,601318,11:06:09,65.4300,257,2
2026-02-25,601318,11:06:12,65.4300,17,1
2026-02-25,601318,11:06:15,65.4400,101,1
2026-02-25,601318,11:06:18,65.4300,11,1
2026-02-25,601318,11:06:21,65.4300,32,2
2026-02-25,601318,11:06:24,65.4400,5,1
2026-02-25,601318,11:06:27,65.4200,8,2
2026-02-25,601318,11:06:30,65.4200,18,2
2026-02-25,601318,11:06:33,65.4200,36,2
2026-02-25,601318,11:06:36,65.4300,18,1
2026-02-25,601318,11:06:39,65.4400,84,1
2026-02-25,601318,11:06:42,65.4300,92,4
2026-02-25,601318,11:06:45,65.4400,19,1
2026-02-25,601318,11:06:48,65.4500,38,1
2026-02-25,601318,11:06:51,65.4600,24,1
2026-02-25,601318,11:06:54,65.4600,46,1
2026-02-25,601318,11:06:57,65.4500,56,2
2026-02-25,601318,11:07:00,65.4500,218,2
2026-02-25,601318,11:07:03,65.4500,10,2
2026-02-25,601318,11:07:06,65.4600,22,1
2026-02-25,601318,11:07:09,65.4500,66,2
2026-02-25,601318,11:07:12,65.4500,29,1
2026-02-25,601318,11:07:15,65.4400,5,2
2026-02-25,601318,11:07:18,65.4500,29,1
2026-02-25,601318,11:07:21,65.4300,233,2
2026-02-25,601318,11:07:24,65.4600,36,1
2026-02-25,601318,11:07:27,65.4600,18,1
2026-02-25,601318,11:07:30,65.4700,71,1
2026-02-25,601318,11:07:33,65.4500,88,2
2026-02-25,601318,11:07:36,65.4400,44,2
2026-02-25,601318,11:07:39,65.4600,47,1
2026-02-25,601318,11:07:42,65.4600,18,1
2026-02-25,601318,11:07:45,65.4100,527,2
2026-02-25,601318,11:07:48,65.4400,42,2
2026-02-25,601318,11:07:51,65.4800,149,1
2026-02-25,601318,11:07:54,65.4600,40,1
2026-02-25,601318,11:07:57,65.4600,9,2
2026-02-25,601318,11:08:00,65.4600,3,2
2026-02-25,601318,11:08:03,65.4700,7,1
2026-02-25,601318,11:08:06,65.4800,67,1
2026-02-25,601318,11:08:09,65.4700,11,1
2026-02-25,601318,11:08:12,65.4800,23,1
2026-02-25,601318,11:08:15,65.4800,184,1
2026-02-25,601318,11:08:18,65.4800,41,1
2026-02-25,601318,11:08:21,65.4700,51,2
2026-02-25,601318,11:08:24,65.4900,106,1
2026-02-25,601318,11:08:27,65.5000,32,1
2026-02-25,601318,11:08:30,65.5000,18,1
2026-02-25,601318,11:08:33,65.4800,158,2
2026-02-25,601318,11:08:36,65.4900,47,2
2026-02-25,601318,11:08:39,65.4900,56,2
2026-02-25,601318,11:08:42,65.4800,190,2
2026-02-25,601318,11:08:45,65.4900,119,2
2026-02-25,601318,11:08:48,65.4500,109,2
2026-02-25,601318,11:08:51,65.4500,52,2
2026-02-25,601318,11:08:54,65.4500,17,2
2026-02-25,601318,11:08:57,65.4600,42,1
2026-02-25,601318,11:09:00,65.5000,157,1
2026-02-25,601318,11:09:03,65.4700,38,2
2026-02-25,601318,11:09:06,65.4400,181,2
2026-02-25,601318,11:09:09,65.4600,36,2
2026-02-25,601318,11:09:12,65.4500,11,2
2026-02-25,601318,11:09:15,65.4600,10,1
2026-02-25,601318,11:09:18,65.4500,60,2
2026-02-25,601318,11:09:21,65.4600,133,1
2026-02-25,601318,11:09:24,65.4600,121,2
2026-02-25,601318,11:09:27,65.4800,45,1
2026-02-25,601318,11:09:30,65.4800,56,1
2026-02-25,601318,11:09:33,65.4700,23,2
2026-02-25,601318,11:09:36,65.4800,175,1
2026-02-25,601318,11:09:39,65.4900,65,1
2026-02-25,601318,11:09:42,65.4800,13,2
2026-02-25,601318,11:09:45,65.4700,210,2
2026-02-25,601318,11:09:48,65.4500,173,2
2026-02-25,601318,11:09:51,65.4700,42,4
2026-02-25,601318,11:09:54,65.4500,193,2
2026-02-25,601318,11:09:57,65.4500,111,2
2026-02-25,601318,11:10:00,65.4500,111,2
2026-02-25,601318,11:10:03,65.4700,25,1
2026-02-25,601318,11:10:06,65.4700,134,2
2026-02-25,601318,11:10:09,65.4600,32,2
2026-02-25,601318,11:10:12,65.4600,31,2
2026-02-25,601318,11:10:15,65.4600,228,2
2026-02-25,601318,11:10:18,65.4600,42,2
2026-02-25,601318,11:10:21,65.4400,87,2
2026-02-25,601318,11:10:24,65.4700,29,2
2026-02-25,601318,11:10:27,65.4700,79,2
2026-02-25,601318,11:10:30,65.4500,31,2
2026-02-25,601318,11:10:33,65.4600,19,4
2026-02-25,601318,11:10:36,65.4600,108,2
2026-02-25,601318,11:10:39,65.4600,79,2
2026-02-25,601318,11:10:42,65.4500,163,2
2026-02-25,601318,11:10:45,65.4600,44,1
2026-02-25,601318,11:10:48,65.4500,55,2
2026-02-25,601318,11:10:51,65.4400,55,2
2026-02-25,601318,11:10:54,65.4500,15,4
2026-02-25,601318,11:10:57,65.4400,71,2
2026-02-25,601318,11:11:00,65.4500,16,4
2026-02-25,601318,11:11:03,65.4400,52,2
2026-02-25,601318,11:11:06,65.4400,155,2
2026-02-25,601318,11:11:09,65.4400,97,2
2026-02-25,601318,11:11:12,65.4200,101,2
2026-02-25,601318,11:11:15,65.4400,11,2
2026-02-25,601318,11:11:18,65.4000,433,2
2026-02-25,601318,11:11:21,65.4300,47,1
2026-02-25,601318,11:11:24,65.4300,117,1
2026-02-25,601318,11:11:27,65.4300,113,1
2026-02-25,601318,11:11:30,65.4300,84,2
2026-02-25,601318,11:11:33,65.3900,187,2
2026-02-25,601318,11:11:36,65.4200,89,2
2026-02-25,601318,11:11:39,65.4100,14,2
2026-02-25,601318,11:11:42,65.4300,31,1
2026-02-25,601318,11:11:45,65.4200,73,2
2026-02-25,601318,11:11:48,65.4300,2,1
2026-02-25,601318,11:11:51,65.4200,177,2
2026-02-25,601318,11:11:54,65.4300,19,1
2026-02-25,601318,11:11:57,65.4200,70,2
2026-02-25,601318,11:12:00,65.4200,72,2
2026-02-25,601318,11:12:03,65.4200,124,2
2026-02-25,601318,11:12:06,65.4000,95,2
2026-02-25,601318,11:12:09,65.4000,81,1
2026-02-25,601318,11:12:12,65.4000,222,1
2026-02-25,601318,11:12:15,65.4000,3,1
2026-02-25,601318,11:12:18,65.4000,283,1
2026-02-25,601318,11:12:21,65.4000,40,1
2026-02-25,601318,11:12:24,65.4100,44,1
2026-02-25,601318,11:12:27,65.4200,965,1
2026-02-25,601318,11:12:30,65.4200,28,1
2026-02-25,601318,11:12:33,65.4100,21,2
2026-02-25,601318,11:12:36,65.4200,294,4
2026-02-25,601318,11:12:39,65.4100,380,2
2026-02-25,601318,11:12:42,65.4000,104,1
2026-02-25,601318,11:12:45,65.4300,139,1
2026-02-25,601318,11:12:48,65.4100,97,2
2026-02-25,601318,11:12:51,65.4100,104,2
2026-02-25,601318,11:12:54,65.4100,41,2
2026-02-25,601318,11:12:57,65.4200,215,1
2026-02-25,601318,11:13:00,65.4000,87,2
2026-02-25,601318,11:13:03,65.4200,141,1
2026-02-25,601318,11:13:06,65.3900,141,2
2026-02-25,601318,11:13:09,65.4200,40,2
2026-02-25,601318,11:13:12,65.4200,61,2
2026-02-25,601318,11:13:15,65.4200,64,2
2026-02-25,601318,11:13:18,65.4100,72,2
2026-02-25,601318,11:13:21,65.4000,45,1
2026-02-25,601318,11:13:24,65.3700,130,2
2026-02-25,601318,11:13:27,65.3800,180,2
2026-02-25,601318,11:13:30,65.3800,63,2
2026-02-25,601318,11:13:33,65.3800,35,2
2026-02-25,601318,11:13:36,65.3800,95,2
2026-02-25,601318,11:13:39,65.3800,124,2
2026-02-25,601318,11:13:45,65.3800,184,2
2026-02-25,601318,11:13:48,65.3900,3,2
2026-02-25,601318,11:13:51,65.3900,75,2
2026-02-25,601318,11:13:54,65.4000,340,1
2026-02-25,601318,11:13:57,65.3900,126,4
2026-02-25,601318,11:14:00,65.3900,67,1
2026-02-25,601318,11:14:03,65.3800,94,2
2026-02-25,601318,11:14:06,65.4100,263,1
2026-02-25,601318,11:14:09,65.4000,71,1
2026-02-25,601318,11:14:15,65.4000,114,2
2026-02-25,601318,11:14:18,65.4000,119,2
2026-02-25,601318,11:14:21,65.4000,29,1
2026-02-25,601318,11:14:24,65.3900,175,2
2026-02-25,601318,11:14:27,65.3900,33,1
2026-02-25,601318,11:14:30,65.4000,19,1
2026-02-25,601318,11:14:33,65.4000,96,1
2026-02-25,601318,11:14:36,65.4000,37,1
2026-02-25,601318,11:14:39,65.4000,47,1
2026-02-25,601318,11:14:42,65.3900,14,2
2026-02-25,601318,11:14:45,65.3900,7,2
2026-02-25,601318,11:14:48,65.3900,28,2
2026-02-25,601318,11:14:51,65.3900,32,2
2026-02-25,601318,11:14:54,65.4000,18,1
2026-02-25,601318,11:14:57,65.3900,16,2
2026-02-25,601318,11:15:00,65.3900,57,2
2026-02-25,601318,11:15:03,65.3900,107,2
2026-02-25,601318,11:15:06,65.3900,115,2
2026-02-25,601318,11:15:09,65.4000,64,1
2026-02-25,601318,11:15:12,65.3900,42,2
2026-02-25,601318,11:15:15,65.4100,27,1
2026-02-25,601318,11:15:18,65.4100,64,1
2026-02-25,601318,11:15:21,65.4100,149,1
2026-02-25,601318,11:15:24,65.4300,55,1
2026-02-25,601318,11:15:27,65.4300,14,1
2026-02-25,601318,11:15:30,65.4300,50,1
2026-02-25,601318,11:15:33,65.4300,101,1
2026-02-25,601318,11:15:36,65.4500,213,1
2026-02-25,601318,11:15:39,65.4500,93,1
2026-02-25,601318,11:15:42,65.4600,1,4
2026-02-25,601318,11:15:45,65.4900,114,1
2026-02-25,601318,11:15:48,65.4600,97,2
2026-02-25,601318,11:15:51,65.4600,88,2
2026-02-25,601318,11:15:54,65.4600,158,4
2026-02-25,601318,11:15:57,65.4700,109,1
2026-02-25,601318,11:16:00,65.4700,41,1
2026-02-25,601318,11:16:03,65.4800,323,1
2026-02-25,601318,11:16:06,65.4900,38,1
2026-02-25,601318,11:16:09,65.4700,24,1
2026-02-25,601318,11:16:12,65.4800,28,1
2026-02-25,601318,11:16:15,65.4800,58,2
2026-02-25,601318,11:16:18,65.4900,39,1
2026-02-25,601318,11:16:21,65.4900,63,1
2026-02-25,601318,11:16:24,65.5000,19,1
2026-02-25,601318,11:16:27,65.5000,2,1
2026-02-25,601318,11:16:30,65.4900,182,2
2026-02-25,601318,11:16:33,65.4800,26,2
2026-02-25,601318,11:16:36,65.4900,102,1
2026-02-25,601318,11:16:39,65.4800,55,2
2026-02-25,601318,11:16:42,65.5000,61,1
2026-02-25,601318,11:16:45,65.4800,235,2
2026-02-25,601318,11:16:48,65.4800,69,1
2026-02-25,601318,11:16:51,65.4900,36,1
2026-02-25,601318,11:16:54,65.4900,11,1
2026-02-25,601318,11:16:57,65.4900,8,1
2026-02-25,601318,11:17:00,65.4900,113,1
2026-02-25,601318,11:17:03,65.4900,88,2
2026-02-25,601318,11:17:06,65.4900,59,1
2026-02-25,601318,11:17:09,65.5000,55,1
2026-02-25,601318,11:17:12,65.4900,14,2
2026-02-25,601318,11:17:15,65.5000,101,1
2026-02-25,601318,11:17:18,65.5000,47,1
2026-02-25,601318,11:17:21,65.5000,15,1
2026-02-25,601318,11:17:24,65.5000,41,1
2026-02-25,601318,11:17:27,65.5200,68,1
2026-02-25,601318,11:17:30,65.5100,84,1
2026-02-25,601318,11:17:33,65.5100,71,1
2026-02-25,601318,11:17:36,65.5100,212,2
2026-02-25,601318,11:17:39,65.5200,60,1
2026-02-25,601318,11:17:42,65.5200,128,1
2026-02-25,601318,11:17:45,65.5300,36,1
2026-02-25,601318,11:17:48,65.5300,22,1
2026-02-25,601318,11:17:51,65.5300,8,1
2026-02-25,601318,11:17:54,65.5300,102,1
2026-02-25,601318,11:17:57,65.5000,564,2
2026-02-25,601318,11:18:00,65.5000,220,2
2026-02-25,601318,11:18:03,65.5000,165,2
2026-02-25,601318,11:18:06,65.5100,40,1
2026-02-25,601318,11:18:09,65.5100,217,2
2026-02-25,601318,11:18:12,65.5300,1,1
2026-02-25,601318,11:18:15,65.5200,16,1
2026-02-25,601318,11:18:18,65.5200,315,1
2026-02-25,601318,11:18:21,65.5000,142,2
2026-02-25,601318,11:18:24,65.5100,28,1
2026-02-25,601318,11:18:27,65.5100,13,1
2026-02-25,601318,11:18:30,65.5000,6,2
2026-02-25,601318,11:18:33,65.5000,24,1
2026-02-25,601318,11:18:36,65.5000,36,2
2026-02-25,601318,11:18:39,65.5000,89,2
2026-02-25,601318,11:18:42,65.5000,18,2
2026-02-25,601318,11:18:45,65.5100,42,1
2026-02-25,601318,11:18:48,65.5100,23,2
2026-02-25,601318,11:18:51,65.5200,27,1
2026-02-25,601318,11:18:54,65.5100,175,2
2026-02-25,601318,11:18:57,65.5200,17,1
2026-02-25,601318,11:19:00,65.5200,42,1
2026-02-25,601318,11:19:03,65.5100,18,2
2026-02-25,601318,11:19:06,65.5100,56,2
2026-02-25,601318,11:19:09,65.5100,19,2
2026-02-25,601318,11:19:12,65.5300,242,1
2026-02-25,601318,11:19:15,65.5300,62,1
2026-02-25,601318,11:19:18,65.5100,13,2
2026-02-25,601318,11:19:21,65.5100,22,2
2026-02-25,601318,11:19:24,65.5100,20,2
2026-02-25,601318,11:19:27,65.5100,216,2
2026-02-25,601318,11:19:30,65.5100,11,1
2026-02-25,601318,11:19:33,65.5300,393,1
2026-02-25,601318,11:19:36,65.5200,112,1
2026-02-25,601318,11:19:39,65.5100,62,2
2026-02-25,601318,11:19:42,65.5200,15,4
2026-02-25,601318,11:19:45,65.5200,15,1
2026-02-25,601318,11:19:48,65.5400,194,1
2026-02-25,601318,11:19:51,65.5300,29,1
2026-02-25,601318,11:19:54,65.5400,172,1
2026-02-25,601318,11:19:57,65.5400,238,1
2026-02-25,601318,11:20:00,65.5400,104,1
2026-02-25,601318,11:20:03,65.5300,137,2
2026-02-25,601318,11:20:06,65.5300,172,1
2026-02-25,601318,11:20:09,65.5300,156,2
2026-02-25,601318,11:20:12,65.5400,223,1
2026-02-25,601318,11:20:15,65.5300,18,2
2026-02-25,601318,11:20:18,65.5300,73,2
2026-02-25,601318,11:20:21,65.5400,57,1
2026-02-25,601318,11:20:24,65.5500,201,1
2026-02-25,601318,11:20:27,65.5500,18,1
2026-02-25,601318,11:20:30,65.5600,94,1
2026-02-25,601318,11:20:33,65.5500,58,2
