date,code,time,price,volume,bs
2026-03-13,600036,14:06:56,39.8400,23,2
2026-03-13,600036,14:06:59,39.8400,11,2
2026-03-13,600036,14:07:01,39.8400,242,2
2026-03-13,600036,14:07:05,39.8400,60,2
2026-03-13,600036,14:07:07,39.8500,12,1
2026-03-13,600036,14:07:10,39.8400,19,2
2026-03-13,600036,14:07:13,39.8400,8,2
2026-03-13,600036,14:07:17,39.8500,66,1
2026-03-13,600036,14:07:19,39.8300,353,2
2026-03-13,600036,14:07:22,39.8300,365,2
2026-03-13,600036,14:07:25,39.8400,51,1
2026-03-13,600036,14:07:29,39.8300,103,2
2026-03-13,600036,14:07:32,39.8200,109,2
2026-03-13,600036,14:07:34,39.8200,9,2
2026-03-13,600036,14:07:38,39.8200,79,2
2026-03-13,600036,14:07:40,39.8200,42,2
2026-03-13,600036,14:07:43,39.8200,12,2
2026-03-13,600036,14:07:46,39.8300,271,1
2026-03-13,600036,14:07:49,39.8300,314,2
2026-03-13,600036,14:07:52,39.8300,126,1
2026-03-13,600036,14:07:56,39.8200,18,2
2026-03-13,600036,14:07:59,39.8300,89,2
2026-03-13,600036,14:08:02,39.8300,120,2
2026-03-13,600036,14:08:05,39.8300,72,2
2026-03-13,600036,14:08:07,39.8300,36,2
2026-03-13,600036,14:08:10,39.8300,30,2
2026-03-13,600036,14:08:14,39.8300,6,2
2026-03-13,600036,14:08:16,39.8300,35,2
2026-03-13,600036,14:08:20,39.8300,13,2
2026-03-13,600036,14:08:22,39.8300,28,2
2026-03-13,600036,14:08:26,39.8300,69,2
2026-03-13,600036,14:08:29,39.8300,59,2
2026-03-13,600036,14:08:31,39.8400,49,1
2026-03-13,600036,14:08:35,39.8300,19,2
2026-03-13,600036,14:08:37,39.8300,2,2
2026-03-13,600036,14:08:43,39.8300,55,2
2026-03-13,600036,14:08:46,39.8300,95,2
2026-03-13,600036,14:08:50,39.8400,101,1
2026-03-13,600036,14:08:53,39.8400,107,1
2026-03-13,600036,14:08:55,39.8400,616,1
2026-03-13,600036,14:08:58,39.8400,55,1
2026-03-13,600036,14:09:02,39.8300,43,2
2026-03-13,600036,14:09:05,39.8400,88,1
2026-03-13,600036,14:09:08,39.8400,51,1
2026-03-13,600036,14:09:11,39.8300,130,2
2026-03-13,600036,14:09:14,39.8400,77,1
2026-03-13,600036,14:09:17,39.8400,154,1
2026-03-13,600036,14:09:19,39.8400,69,1
2026-03-13,600036,14:09:23,39.8400,51,1
2026-03-13,600036,14:09:25,39.8400,340,1
2026-03-13,600036,14:09:29,39.8300,109,2
2026-03-13,600036,14:09:32,39.8300,13,2
2026-03-13,600036,14:09:34,39.8400,166,1
2026-03-13,600036,14:09:37,39.8400,75,2
2026-03-13,600036,14:09:41,39.8500,21,1
2026-03-13,600036,14:09:44,39.8400,29,2
2026-03-13,600036,14:09:47,39.8500,9,1
2026-03-13,600036,14:09:50,39.8400,18,2
2026-03-13,600036,14:09:52,39.8500,15,1
2026-03-13,600036,14:09:56,39.8400,26,2
2026-03-13,600036,14:09:59,39.8500,7,1
2026-03-13,600036,14:10:01,39.8500,13,1
2026-03-13,600036,14:10:04,39.8500,24,1
2026-03-13,600036,14:10:07,39.8400,581,2
2026-03-13,600036,14:10:11,39.8400,7,2
2026-03-13,600036,14:10:13,39.8400,24,2
2026-03-13,600036,14:10:17,39.8400,152,2
2026-03-13,600036,14:10:20,39.8500,7,1
2026-03-13,600036,14:10:23,39.8400,18,2
2026-03-13,600036,14:10:26,39.8500,6,1
2026-03-13,600036,14:10:28,39.8500,128,1
2026-03-13,600036,14:10:31,39.8400,10,2
2026-03-13,600036,14:10:37,39.8400,35,2
2026-03-13,600036,14:10:40,39.8400,54,2
2026-03-13,600036,14:10:44,39.8400,15,2
2026-03-13,600036,14:10:47,39.8400,32,2
2026-03-13,600036,14:10:50,39.8400,29,2
2026-03-13,600036,14:10:52,39.8500,97,1
2026-03-13,600036,14:10:56,39.8400,17,2
2026-03-13,600036,14:10:59,39.8400,180,2
2026-03-13,600036,14:11:02,39.8400,1,2
2026-03-13,600036,14:11:05,39.8400,30,2
2026-03-13,600036,14:11:07,39.8400,50,2
2026-03-13,600036,14:11:11,39.8400,290,2
2026-03-13,600036,14:11:14,39.8400,35,2
2026-03-13,600036,14:11:16,39.8500,66,1
2026-03-13,600036,14:11:20,39.8500,554,1
2026-03-13,600036,14:11:23,39.8500,326,1
2026-03-13,600036,14:11:26,39.8400,126,4
2026-03-13,600036,14:11:28,39.8400,84,1
2026-03-13,600036,14:11:32,39.8400,62,1
2026-03-13,600036,14:11:34,39.8300,15,2
2026-03-13,600036,14:11:38,39.8400,65,1
2026-03-13,600036,14:11:41,39.8400,114,2
2026-03-13,600036,14:11:44,39.8400,107,2
2026-03-13,600036,14:11:47,39.8400,40,2
2026-03-13,600036,14:11:50,39.8500,7,1
2026-03-13,600036,14:11:53,39.8400,209,2
2026-03-13,600036,14:11:56,39.8500,622,1
2026-03-13,600036,14:11:59,39.8500,15,2
2026-03-13,600036,14:12:02,39.8500,245,2
2026-03-13,600036,14:12:04,39.8500,98,2
2026-03-13,600036,14:12:08,39.8500,15,2
2026-03-13,600036,14:12:11,39.8500,32,2
2026-03-13,600036,14:12:13,39.8500,28,2
2026-03-13,600036,14:12:16,39.8600,24,1
2026-03-13,600036,14:12:19,39.8500,68,2
2026-03-13,600036,14:12:23,39.8600,239,1
2026-03-13,600036,14:12:26,39.8600,26,1
2026-03-13,600036,14:12:29,39.8600,87,1
2026-03-13,600036,14:12:32,39.8500,29,2
2026-03-13,600036,14:12:34,39.8600,69,1
2026-03-13,600036,14:12:37,39.8600,6,1
2026-03-13,600036,14:12:41,39.8600,135,1
2026-03-13,600036,14:12:44,39.8600,609,1
2026-03-13,600036,14:12:46,39.8800,391,1
2026-03-13,600036,14:12:49,39.8800,708,1
2026-03-13,600036,14:12:52,39.8900,1128,1
2026-03-13,600036,14:12:55,39.9000,258,1
2026-03-13,600036,14:12:58,39.8900,160,2
2026-03-13,600036,14:13:01,39.9000,207,1
2026-03-13,600036,14:13:05,39.9000,233,1
2026-03-13,600036,14:13:08,39.8900,73,2
2026-03-13,600036,14:13:11,39.8900,285,2
2026-03-13,600036,14:13:14,39.9000,39,1
2026-03-13,600036,14:13:17,39.8900,26,2
2026-03-13,600036,14:13:20,39.9000,93,1
2026-03-13,600036,14:13:22,39.9000,229,1
2026-03-13,600036,14:13:26,39.8900,327,2
2026-03-13,600036,14:13:29,39.8900,48,2
2026-03-13,600036,14:13:32,39.9000,121,1
2026-03-13,600036,14:13:35,39.8800,1165,2
2026-03-13,600036,14:13:38,39.8800,269,1
2026-03-13,600036,14:13:41,39.8800,39,1
2026-03-13,600036,14:13:43,39.8900,30,1
2026-03-13,600036,14:13:47,39.8800,60,2
2026-03-13,600036,14:13:50,39.8900,48,1
2026-03-13,600036,14:13:53,39.8800,58,2
2026-03-13,600036,14:13:56,39.8900,15,1
2026-03-13,600036,14:13:58,39.8800,24,2
2026-03-13,600036,14:14:01,39.8800,25,2
2026-03-13,600036,14:14:05,39.8800,75,2
2026-03-13,600036,14:14:08,39.8900,38,1
2026-03-13,600036,14:14:11,39.8900,456,1
2026-03-13,600036,14:14:14,39.8900,59,2
2026-03-13,600036,14:14:17,39.8900,1421,2
2026-03-13,600036,14:14:20,39.8900,334,1
2026-03-13,600036,14:14:23,39.8800,8,2
2026-03-13,600036,14:14:26,39.8800,24,2
2026-03-13,600036,14:14:29,39.8900,246,1
2026-03-13,600036,14:14:32,39.8900,75,1
2026-03-13,600036,14:14:34,39.8800,104,2
2026-03-13,600036,14:14:37,39.8800,7,2
2026-03-13,600036,14:14:40,39.8800,35,1
2026-03-13,600036,14:14:43,39.8800,222,2
2026-03-13,600036,14:14:47,39.8800,235,2
2026-03-13,600036,14:14:50,39.8900,76,4
2026-03-13,600036,14:14:52,39.8800,35,2
2026-03-13,600036,14:14:56,39.8800,125,2
2026-03-13,600036,14:14:59,39.9000,36,1
2026-03-13,600036,14:15:02,39.8800,3,2
2026-03-13,600036,14:15:05,39.8900,190,1
2026-03-13,600036,14:15:08,39.8900,105,2
2026-03-13,600036,14:15:11,39.9000,27,1
2026-03-13,600036,14:15:13,39.8900,44,2
2026-03-13,600036,14:15:17,39.8900,306,2
2026-03-13,600036,14:15:20,39.8800,84,2
2026-03-13,600036,14:15:22,39.8900,54,1
2026-03-13,600036,14:15:26,39.9000,159,1
2026-03-13,600036,14:15:28,39.8900,85,4
2026-03-13,600036,14:15:31,39.8900,41,2
2026-03-13,600036,14:15:34,39.9000,60,1
2026-03-13,600036,14:15:37,39.8900,19,2
2026-03-13,600036,14:15:41,39.9000,149,1
2026-03-13,600036,14:15:44,39.8900,72,2
2026-03-13,600036,14:15:47,39.9000,33,1
2026-03-13,600036,14:15:50,39.8900,134,2
2026-03-13,600036,14:15:53,39.8900,268,2
2026-03-13,600036,14:15:56,39.9000,5,1
2026-03-13,600036,14:15:58,39.9000,109,1
2026-03-13,600036,14:16:01,39.8900,42,2
2026-03-13,600036,14:16:05,39.8800,1360,2
2026-03-13,600036,14:16:08,39.8600,124,2
2026-03-13,600036,14:16:11,39.8700,20,2
2026-03-13,600036,14:16:14,39.8600,24,2
2026-03-13,600036,14:16:17,39.8600,7,2
2026-03-13,600036,14:16:20,39.8600,138,2
2026-03-13,600036,14:16:23,39.8600,72,2
2026-03-13,600036,14:16:26,39.8500,15,2
2026-03-13,600036,14:16:28,39.8600,146,1
2026-03-13,600036,14:16:31,39.8600,21,1
2026-03-13,600036,14:16:34,39.8600,21,1
2026-03-13,600036,14:16:38,39.8600,27,1
2026-03-13,600036,14:16:41,39.8600,67,1
2026-03-13,600036,14:16:44,39.8500,41,2
2026-03-13,600036,14:16:47,39.8600,53,1
2026-03-13,600036,14:16:50,39.8600,52,1
2026-03-13,600036,14:16:52,39.8600,108,1
2026-03-13,600036,14:16:55,39.8600,67,1
2026-03-13,600036,14:16:59,39.8500,33,2
2026-03-13,600036,14:17:02,39.8600,102,1
2026-03-13,600036,14:17:05,39.8800,138,1
2026-03-13,600036,14:17:08,39.8800,83,1
2026-03-13,600036,14:17:11,39.8800,20,1
2026-03-13,600036,14:17:14,39.8700,23,2
2026-03-13,600036,14:17:17,39.8800,165,1
2026-03-13,600036,14:17:19,39.8800,138,2
2026-03-13,600036,14:17:23,39.8800,78,2
2026-03-13,600036,14:17:25,39.8900,28,1
2026-03-13,600036,14:17:28,39.8800,4,2
2026-03-13,600036,14:17:31,39.8900,233,1
2026-03-13,600036,14:17:34,39.8900,79,2
2026-03-13,600036,14:17:37,39.8900,49,1
2026-03-13,600036,14:17:40,39.8900,113,1
2026-03-13,600036,14:17:43,39.8900,152,2
2026-03-13,600036,14:17:47,39.8800,70,2
2026-03-13,600036,14:17:52,39.8900,61,1
2026-03-13,600036,14:17:56,39.8800,19,2
2026-03-13,600036,14:17:59,39.8900,184,1
2026-03-13,600036,14:18:01,39.8900,117,2
2026-03-13,600036,14:18:04,39.8900,693,2
2026-03-13,600036,14:18:08,39.8800,72,2
2026-03-13,600036,14:18:11,39.8800,86,1
2026-03-13,600036,14:18:14,39.8700,272,2
2026-03-13,600036,14:18:16,39.8700,34,2
2026-03-13,600036,14:18:20,39.8700,10,4
2026-03-13,600036,14:18:23,39.8600,310,2
2026-03-13,600036,14:18:26,39.8600,44,2
2026-03-13,600036,14:18:28,39.8600,173,2
2026-03-13,600036,14:18:32,39.8600,55,2
2026-03-13,600036,14:18:35,39.8700,22,1
2026-03-13,600036,14:18:38,39.8600,34,2
2026-03-13,600036,14:18:40,39.8600,11,2
2026-03-13,600036,14:18:44,39.8700,162,1
2026-03-13,600036,14:18:47,39.8700,65,1
2026-03-13,600036,14:18:50,39.8700,29,1
2026-03-13,600036,14:18:53,39.8600,11,2
2026-03-13,600036,14:18:56,39.8600,160,2
2026-03-13,600036,14:18:59,39.8700,14,1
2026-03-13,600036,14:19:02,39.8600,30,2
2026-03-13,600036,14:19:05,39.8700,59,1
2026-03-13,600036,14:19:07,39.8700,48,1
2026-03-13,600036,14:19:10,39.8700,19,1
2026-03-13,600036,14:19:13,39.8700,1,2
2026-03-13,600036,14:19:17,39.8700,57,2
2026-03-13,600036,14:19:20,39.8800,133,1
2026-03-13,600036,14:19:23,39.8800,51,1
2026-03-13,600036,14:19:26,39.8700,67,2
2026-03-13,600036,14:19:29,39.8800,33,1
2026-03-13,600036,14:19:32,39.8700,32,2
2026-03-13,600036,14:19:34,39.8800,65,1
2026-03-13,600036,14:19:38,39.8700,93,2
2026-03-13,600036,14:19:40,39.8800,13,1
2026-03-13,600036,14:19:44,39.8900,94,1
2026-03-13,600036,14:19:47,39.8800,19,1
2026-03-13,600036,14:19:50,39.8800,20,1
2026-03-13,600036,14:19:53,39.8700,105,2
2026-03-13,600036,14:19:56,39.8700,36,2
2026-03-13,600036,14:19:59,39.8900,52,1
2026-03-13,600036,14:20:02,39.8800,60,4
2026-03-13,600036,14:20:05,39.8700,57,2
2026-03-13,600036,14:20:08,39.8800,264,4
2026-03-13,600036,14:20:11,39.8900,2,1
2026-03-13,600036,14:20:14,39.8800,75,2
2026-03-13,600036,14:20:16,39.8800,28,2
2026-03-13,600036,14:20:19,39.8800,106,2
2026-03-13,600036,14:20:22,39.8800,181,2
2026-03-13,600036,14:20:26,39.8900,39,1
2026-03-13,600036,14:20:29,39.8800,113,2
2026-03-13,600036,14:20:32,39.8800,55,2
2026-03-13,600036,14:20:35,39.8800,12,2
2026-03-13,600036,14:20:38,39.8800,31,2
2026-03-13,600036,14:20:41,39.8800,16,2
2026-03-13,600036,14:20:44,39.8700,936,2
2026-03-13,600036,14:20:46,39.8700,178,2
2026-03-13,600036,14:20:49,39.8800,141,1
2026-03-13,600036,14:20:52,39.8800,460,1
2026-03-13,600036,14:20:56,39.8700,193,2
2026-03-13,600036,14:20:59,39.8800,82,1
2026-03-13,600036,14:21:02,39.8800,74,1
2026-03-13,600036,14:21:05,39.8700,407,2
2026-03-13,600036,14:21:08,39.8800,28,1
2026-03-13,600036,14:21:11,39.8800,30,1
2026-03-13,600036,14:21:14,39.8800,153,2
2026-03-13,600036,14:21:17,39.8800,24,2
2026-03-13,600036,14:21:20,39.8800,154,2
2026-03-13,600036,14:21:23,39.8800,6,1
2026-03-13,600036,14:21:26,39.8800,10,1
2026-03-13,600036,14:21:28,39.8700,62,2
2026-03-13,600036,14:21:32,39.8700,150,2
2026-03-13,600036,14:21:35,39.8700,260,2
2026-03-13,600036,14:21:38,39.8700,892,2
2026-03-13,600036,14:21:41,39.8600,36,2
2026-03-13,600036,14:21:44,39.8700,10,1
2026-03-13,600036,14:21:47,39.8600,472,2
2026-03-13,600036,14:21:49,39.8700,23,1
2026-03-13,600036,14:21:52,39.8600,6,2
2026-03-13,600036,14:21:56,39.8700,215,1
2026-03-13,600036,14:21:58,39.8600,52,2
2026-03-13,600036,14:22:02,39.8700,39,1
2026-03-13,600036,14:22:04,39.8700,150,1
2026-03-13,600036,14:22:07,39.8800,905,1
2026-03-13,600036,14:22:10,39.8600,153,2
2026-03-13,600036,14:22:13,39.8700,20,4
2026-03-13,600036,14:22:17,39.8700,35,1
2026-03-13,600036,14:22:20,39.8700,386,2
2026-03-13,600036,14:22:23,39.8700,54,2
2026-03-13,600036,14:22:26,39.8700,27,2
2026-03-13,600036,14:22:28,39.8700,145,2
2026-03-13,600036,14:22:31,39.8700,77,1
2026-03-13,600036,14:22:35,39.8700,275,1
2026-03-13,600036,14:22:38,39.8800,228,4
2026-03-13,600036,14:22:41,39.8800,130,1
2026-03-13,600036,14:22:44,39.8700,217,2
2026-03-13,600036,14:22:47,39.8800,8,1
2026-03-13,600036,14:22:50,39.8700,19,2
2026-03-13,600036,14:22:52,39.8800,139,1
2026-03-13,600036,14:22:56,39.8800,380,1
2026-03-13,600036,14:22:58,39.8700,279,2
2026-03-13,600036,14:23:01,39.8800,117,1
2026-03-13,600036,14:23:05,39.8800,14,1
2026-03-13,600036,14:23:08,39.8800,283,1
2026-03-13,600036,14:23:11,39.8700,3,2
2026-03-13,600036,14:23:13,39.8800,83,1
2026-03-13,600036,14:23:16,39.8600,170,2
2026-03-13,600036,14:23:20,39.8700,5,1
2026-03-13,600036,14:23:23,39.8700,7,1
2026-03-13,600036,14:23:26,39.8600,5,2
2026-03-13,600036,14:23:29,39.8600,30,2
2026-03-13,600036,14:23:31,39.8600,502,2
2026-03-13,600036,14:23:35,39.8600,23,1
2026-03-13,600036,14:23:37,39.8500,45,2
2026-03-13,600036,14:23:41,39.8600,227,1
2026-03-13,600036,14:23:44,39.8500,23,2
2026-03-13,600036,14:23:47,39.8500,147,2
2026-03-13,600036,14:23:50,39.8600,30,1
2026-03-13,600036,14:23:53,39.8500,14,2
2026-03-13,600036,14:23:56,39.8600,123,1
2026-03-13,600036,14:23:59,39.8500,56,2
2026-03-13,600036,14:24:02,39.8600,98,1
2026-03-13,600036,14:24:05,39.8500,1327,2
2026-03-13,600036,14:24:08,39.8500,321,2
2026-03-13,600036,14:24:11,39.8500,93,1
2026-03-13,600036,14:24:13,39.8400,66,2
2026-03-13,600036,14:24:16,39.8400,99,2
2026-03-13,600036,14:24:20,39.8400,262,2
2026-03-13,600036,14:24:22,39.8400,28,2
2026-03-13,600036,14:24:25,39.8400,29,2
2026-03-13,600036,14:24:28,39.8400,199,2
2026-03-13,600036,14:24:32,39.8400,8,2
2026-03-13,600036,14:24:35,39.8400,153,2
2026-03-13,600036,14:24:37,39.8400,170,2
2026-03-13,600036,14:24:41,39.8400,126,1
2026-03-13,600036,14:24:44,39.8300,186,2
2026-03-13,600036,14:24:47,39.8400,387,1
2026-03-13,600036,14:24:50,39.8300,104,2
2026-03-13,600036,14:24:53,39.8300,145,2
2026-03-13,600036,14:24:56,39.8400,53,1
2026-03-13,600036,14:24:59,39.8400,67,1
2026-03-13,600036,14:25:02,39.8300,244,2
2026-03-13,600036,14:25:05,39.8300,73,2
2026-03-13,600036,14:25:07,39.8300,195,2
2026-03-13,600036,14:25:10,39.8200,132,2
2026-03-13,600036,14:25:13,39.8200,893,2
2026-03-13,600036,14:25:16,39.8200,155,2
2026-03-13,600036,14:25:20,39.8200,143,2
2026-03-13,600036,14:25:23,39.8100,51,2
2026-03-13,600036,14:25:26,39.8100,93,2
2026-03-13,600036,14:25:28,39.8100,374,2
2026-03-13,600036,14:25:32,39.8100,175,2
2026-03-13,600036,14:25:34,39.8100,347,2
2026-03-13,600036,14:25:38,39.8200,55,2
2026-03-13,600036,14:25:41,39.8100,246,2
2026-03-13,600036,14:25:44,39.8100,3,2
2026-03-13,600036,14:25:47,39.8200,12,1
2026-03-13,600036,14:25:49,39.8100,302,2
2026-03-13,600036,14:25:53,39.8200,60,1
2026-03-13,600036,14:25:55,39.8100,276,2
2026-03-13,600036,14:25:59,39.8200,160,1
2026-03-13,600036,14:26:02,39.8200,65,2
2026-03-13,600036,14:26:05,39.8100,163,2
2026-03-13,600036,14:26:07,39.8100,318,2
2026-03-13,600036,14:26:11,39.8100,146,2
2026-03-13,600036,14:26:13,39.8200,369,1
2026-03-13,600036,14:26:16,39.8100,66,2
2026-03-13,600036,14:26:20,39.8100,186,2
2026-03-13,600036,14:26:22,39.8200,331,1
2026-03-13,600036,14:26:26,39.8100,113,2
2026-03-13,600036,14:26:29,39.8100,138,1
2026-03-13,600036,14:26:32,39.8100,14,2
2026-03-13,600036,14:26:35,39.8200,8,1
2026-03-13,600036,14:26:38,39.8100,252,2
2026-03-13,600036,14:26:40,39.8100,30,2
2026-03-13,600036,14:26:43,39.8100,10,2
2026-03-13,600036,14:26:46,39.8200,237,1
2026-03-13,600036,14:26:49,39.8100,17,2
2026-03-13,600036,14:26:53,39.8100,280,2
2026-03-13,600036,14:26:55,39.8200,104,1
2026-03-13,600036,14:26:59,39.8200,34,1
2026-03-13,600036,14:27:02,39.8100,175,2
2026-03-13,600036,14:27:05,39.8100,192,2
2026-03-13,600036,14:27:08,39.8100,133,2
2026-03-13,600036,14:27:10,39.8100,38,2
2026-03-13,600036,14:27:13,39.8100,134,2
2026-03-13,600036,14:27:17,39.8100,163,2
2026-03-13,600036,14:27:20,39.8100,58,2
2026-03-13,600036,14:27:23,39.8100,22,2
2026-03-13,600036,14:27:25,39.8200,210,1
2026-03-13,600036,14:27:29,39.8200,51,1
2026-03-13,600036,14:27:31,39.8100,107,2
2026-03-13,600036,14:27:35,39.8200,96,1
2026-03-13,600036,14:27:38,39.8100,33,2
2026-03-13,600036,14:27:41,39.8100,154,2
2026-03-13,600036,14:27:44,39.8200,55,1
2026-03-13,600036,14:27:46,39.8100,147,2
2026-03-13,600036,14:27:50,39.8100,75,4
2026-03-13,600036,14:27:53,39.8100,13,1
2026-03-13,600036,14:27:55,39.8000,34,2
2026-03-13,600036,14:27:58,39.8000,138,2
2026-03-13,600036,14:28:01,39.8100,34,1
2026-03-13,600036,14:28:05,39.8000,95,2
2026-03-13,600036,14:28:08,39.8000,24,2
2026-03-13,600036,14:28:11,39.8100,94,1
2026-03-13,600036,14:28:14,39.8000,106,2
2026-03-13,600036,14:28:17,39.8000,45,2
2026-03-13,600036,14:28:20,39.8000,764,2
2026-03-13,600036,14:28:23,39.8100,274,1
2026-03-13,600036,14:28:26,39.8100,97,1
2026-03-13,600036,14:28:29,39.8000,413,2
2026-03-13,600036,14:28:31,39.8100,62,4
2026-03-13,600036,14:28:34,39.8100,42,1
2026-03-13,600036,14:28:38,39.8000,253,2
2026-03-13,600036,14:28:41,39.8100,36,1
2026-03-13,600036,14:28:43,39.8000,500,2
2026-03-13,600036,14:28:46,39.8100,888,1
2026-03-13,600036,14:28:49,39.8100,12,1
2026-03-13,600036,14:28:53,39.8000,137,2
2026-03-13,600036,14:28:55,39.7900,484,2
2026-03-13,600036,14:28:58,39.7900,10,2
2026-03-13,600036,14:29:01,39.7900,169,2
2026-03-13,600036,14:29:05,39.7900,198,2
2026-03-13,600036,14:29:08,39.8000,52,1
2026-03-13,600036,14:29:11,39.7900,179,2
2026-03-13,600036,14:29:14,39.8000,9,1
2026-03-13,600036,14:29:17,39.8000,78,1
2026-03-13,600036,14:29:19,39.8000,287,1
2026-03-13,600036,14:29:22,39.8000,29,2
2026-03-13,600036,14:29:26,39.8000,37,2
2026-03-13,600036,14:29:29,39.8100,66,1
2026-03-13,600036,14:29:31,39.8000,96,2
2026-03-13,600036,14:29:35,39.7900,516,2
2026-03-13,600036,14:29:37,39.7900,78,2
2026-03-13,600036,14:29:41,39.7900,35,2
2026-03-13,600036,14:29:44,39.8000,66,1
2026-03-13,600036,14:29:47,39.8000,129,1
2026-03-13,600036,14:29:50,39.8100,51,1
2026-03-13,600036,14:29:52,39.8000,75,2
2026-03-13,600036,14:29:56,39.8000,33,2
2026-03-13,600036,14:29:59,39.8000,407,2
2026-03-13,600036,14:30:02,39.8000,89,2
2026-03-13,600036,14:30:05,39.8100,256,1
2026-03-13,600036,14:30:08,39.8100,37,1
2026-03-13,600036,14:30:11,39.8100,166,1
2026-03-13,600036,14:30:14,39.8100,141,1
2026-03-13,600036,14:30:17,39.8100,64,1
2026-03-13,600036,14:30:19,39.8000,13,2
2026-03-13,600036,14:30:23,39.8000,185,2
2026-03-13,600036,14:30:26,39.8100,70,1
2026-03-13,600036,14:30:28,39.8000,101,2
2026-03-13,600036,14:30:32,39.8000,42,2
2026-03-13,600036,14:30:35,39.8000,71,2
2026-03-13,600036,14:30:38,39.8000,201,2
2026-03-13,600036,14:30:41,39.8000,125,2
2026-03-13,600036,14:30:44,39.8000,818,2
2026-03-13,600036,14:30:47,39.8000,224,2
2026-03-13,600036,14:30:50,39.8000,40,1
2026-03-13,600036,14:30:53,39.8000,61,1
2026-03-13,600036,14:30:56,39.8000,35,1
2026-03-13,600036,14:30:59,39.7900,39,2
2026-03-13,600036,14:31:02,39.7900,49,2
2026-03-13,600036,14:31:05,39.8000,29,1
2026-03-13,600036,14:31:08,39.8000,1078,1
2026-03-13,600036,14:31:11,39.8000,143,2
2026-03-13,600036,14:31:14,39.8000,32,2
2026-03-13,600036,14:31:17,39.8000,167,2
2026-03-13,600036,14:31:20,39.8000,459,2
2026-03-13,600036,14:31:23,39.8000,25,1
2026-03-13,600036,14:31:26,39.7900,40,2
2026-03-13,600036,14:31:29,39.7900,24,2
2026-03-13,600036,14:31:31,39.8000,66,1
2026-03-13,600036,14:31:34,39.8000,174,1
2026-03-13,600036,14:31:38,39.8000,479,1
2026-03-13,600036,14:31:41,39.8000,70,2
2026-03-13,600036,14:31:44,39.8200,4,1
2026-03-13,600036,14:31:47,39.8000,13,1
2026-03-13,600036,14:31:50,39.8200,105,1
2026-03-13,600036,14:31:53,39.8000,99,2
2026-03-13,600036,14:31:56,39.8200,205,1
2026-03-13,600036,14:31:59,39.8100,106,4
2026-03-13,600036,14:32:02,39.8100,28,1
2026-03-13,600036,14:32:05,39.8000,166,2
2026-03-13,600036,14:32:08,39.8000,122,2
2026-03-13,600036,14:32:10,39.8000,64,2
2026-03-13,600036,14:32:13,39.8000,125,2
2026-03-13,600036,14:32:17,39.8000,115,2
2026-03-13,600036,14:32:20,39.8000,31,2
2026-03-13,600036,14:32:22,39.8000,99,2
2026-03-13,600036,14:32:26,39.8100,107,1
2026-03-13,600036,14:32:29,39.8000,107,2
2026-03-13,600036,14:32:31,39.8000,51,2
2026-03-13,600036,14:32:35,39.8000,55,2
2026-03-13,600036,14:32:38,39.8000,131,2
2026-03-13,600036,14:32:41,39.8000,68,2
2026-03-13,600036,14:32:44,39.8000,42,2
2026-03-13,600036,14:32:47,39.8100,147,1
2026-03-13,600036,14:32:50,39.8000,32,2
2026-03-13,600036,14:32:53,39.8000,72,2
2026-03-13,600036,14:32:56,39.8000,54,2
2026-03-13,600036,14:32:59,39.8000,53,2
2026-03-13,600036,14:33:01,39.8000,39,2
2026-03-13,600036,14:33:05,39.8100,1158,1
2026-03-13,600036,14:33:08,39.8100,390,4
2026-03-13,600036,14:33:11,39.8200,84,1
2026-03-13,600036,14:33:13,39.8200,371,1
2026-03-13,600036,14:33:16,39.8200,9,1
2026-03-13,600036,14:33:20,39.8200,103,1
2026-03-13,600036,14:33:23,39.8300,66,1
2026-03-13,600036,14:33:26,39.8300,69,1
2026-03-13,600036,14:33:28,39.8300,28,1
2026-03-13,600036,14:33:32,39.8200,498,2
2026-03-13,600036,14:33:35,39.8200,59,2
2026-03-13,600036,14:33:37,39.8200,167,2
2026-03-13,600036,14:33:41,39.8300,108,1
2026-03-13,600036,14:33:44,39.8300,4,1
2026-03-13,600036,14:33:46,39.8200,109,2
2026-03-13,600036,14:33:49,39.8200,50,2
2026-03-13,600036,14:33:53,39.8300,371,1
2026-03-13,600036,14:33:56,39.8300,75,1
2026-03-13,600036,14:33:59,39.8300,383,1
2026-03-13,600036,14:34:02,39.8200,405,2
2026-03-13,600036,14:34:05,39.8200,906,2
2026-03-13,600036,14:34:07,39.8100,483,2
2026-03-13,600036,14:34:11,39.8100,121,4
2026-03-13,600036,14:34:13,39.8200,36,4
2026-03-13,600036,14:34:17,39.8300,47,1
2026-03-13,600036,14:34:20,39.8100,188,2
2026-03-13,600036,14:34:22,39.8100,60,1
2026-03-13,600036,14:34:26,39.8100,163,1
2026-03-13,600036,14:34:29,39.8100,162,2
2026-03-13,600036,14:34:32,39.8100,60,2
2026-03-13,600036,14:34:34,39.8300,212,1
2026-03-13,600036,14:34:37,39.8100,103,2
2026-03-13,600036,14:34:41,39.8100,32,2
2026-03-13,600036,14:34:44,39.8200,22,1
2026-03-13,600036,14:34:46,39.8200,2,1
2026-03-13,600036,14:34:50,39.8200,215,1
2026-03-13,600036,14:34:53,39.8200,148,2
2026-03-13,600036,14:34:56,39.8100,273,2
2026-03-13,600036,14:34:59,39.8200,56,1
2026-03-13,600036,14:35:02,39.8200,100,1
2026-03-13,600036,14:35:05,39.8100,143,2
2026-03-13,600036,14:35:07,39.8200,181,1
2026-03-13,600036,14:35:11,39.8100,440,2
2026-03-13,600036,14:35:13,39.8100,188,1
2026-03-13,600036,14:35:17,39.8000,12,2
2026-03-13,600036,14:35:19,39.8100,152,1
2026-03-13,600036,14:35:23,39.8100,46,1
2026-03-13,600036,14:35:25,39.8000,15,2
2026-03-13,600036,14:35:29,39.8100,22,1
2026-03-13,600036,14:35:32,39.8000,155,2
2026-03-13,600036,14:35:34,39.8000,77,2
2026-03-13,600036,14:35:37,39.8100,194,1
2026-03-13,600036,14:35:41,39.8000,564,2
2026-03-13,600036,14:35:44,39.8000,416,2
2026-03-13,600036,14:35:47,39.7900,239,2
2026-03-13,600036,14:35:50,39.7900,349,2
2026-03-13,600036,14:35:53,39.8000,123,1
2026-03-13,600036,14:35:56,39.8000,91,1
2026-03-13,600036,14:35:59,39.7900,94,2
2026-03-13,600036,14:36:02,39.7900,213,2
2026-03-13,600036,14:36:04,39.8000,49,1
2026-03-13,600036,14:36:08,39.8000,70,1
2026-03-13,600036,14:36:11,39.7900,11,2
2026-03-13,600036,14:36:14,39.7900,152,2
2026-03-13,600036,14:36:17,39.7900,30,2
2026-03-13,600036,14:36:20,39.7900,47,2
2026-03-13,600036,14:36:22,39.7900,398,2
2026-03-13,600036,14:36:26,39.7900,90,1
2026-03-13,600036,14:36:28,39.7800,165,2
2026-03-13,600036,14:36:31,39.7800,54,2
2026-03-13,600036,14:36:35,39.7800,118,2
2026-03-13,600036,14:36:37,39.7900,202,1
2026-03-13,600036,14:36:41,39.7900,186,1
2026-03-13,600036,14:36:44,39.7900,166,1
2026-03-13,600036,14:36:47,39.7800,60,2
2026-03-13,600036,14:36:50,39.7900,607,1
2026-03-13,600036,14:36:53,39.7900,615,2
2026-03-13,600036,14:36:56,39.7900,194,1
2026-03-13,600036,14:36:58,39.7900,217,2
2026-03-13,600036,14:37:01,39.8000,75,1
2026-03-13,600036,14:37:05,39.8000,355,1
2026-03-13,600036,14:37:07,39.8000,451,1
2026-03-13,600036,14:37:10,39.8000,379,1
2026-03-13,600036,14:37:13,39.7900,58,2
2026-03-13,600036,14:37:16,39.8000,123,1
2026-03-13,600036,14:37:20,39.7900,190,2
2026-03-13,600036,14:37:23,39.7900,606,2
2026-03-13,600036,14:37:26,39.7900,176,1
2026-03-13,600036,14:37:29,39.7900,17,1
2026-03-13,600036,14:37:32,39.7800,25,2
2026-03-13,600036,14:37:35,39.7800,838,2
2026-03-13,600036,14:37:38,39.7800,105,2
2026-03-13,600036,14:37:41,39.7800,632,2
2026-03-13,600036,14:37:43,39.7800,105,1
2026-03-13,600036,14:37:47,39.7900,162,1
2026-03-13,600036,14:37:50,39.7900,44,1
2026-03-13,600036,14:37:53,39.7900,30,1
2026-03-13,600036,14:37:56,39.7900,129,1
2026-03-13,600036,14:37:58,39.7800,252,2
2026-03-13,600036,14:38:01,39.7900,82,2
2026-03-13,600036,14:38:05,39.7900,326,2
2026-03-13,600036,14:38:08,39.7800,73,2
2026-03-13,600036,14:38:10,39.7800,60,2
2026-03-13,600036,14:38:14,39.7900,9,1
2026-03-13,600036,14:38:17,39.7800,163,2
2026-03-13,600036,14:38:20,39.7800,54,2
2026-03-13,600036,14:38:23,39.7900,17,1
2026-03-13,600036,14:38:26,39.7900,103,1
2026-03-13,600036,14:38:29,39.7800,52,2
2026-03-13,600036,14:38:32,39.7900,6,1
2026-03-13,600036,14:38:35,39.7900,429,1
2026-03-13,600036,14:38:38,39.7800,88,2
2026-03-13,600036,14:38:40,39.7900,9,1
2026-03-13,600036,14:38:44,39.7900,44,1
2026-03-13,600036,14:38:46,39.7800,32,2
2026-03-13,600036,14:38:50,39.7900,111,1
2026-03-13,600036,14:38:52,39.7800,63,2
2026-03-13,600036,14:38:56,39.7900,2,1
2026-03-13,600036,14:38:59,39.7800,30,2
2026-03-13,600036,14:39:01,39.7900,14,1
2026-03-13,600036,14:39:05,39.7900,20,1
2026-03-13,600036,14:39:08,39.7900,43,1
2026-03-13,600036,14:39:10,39.7900,52,1
2026-03-13,600036,14:39:13,39.7900,30,1
2026-03-13,600036,14:39:17,39.7800,34,2
2026-03-13,600036,14:39:20,39.7900,63,1
2026-03-13,600036,14:39:23,39.7800,85,2
2026-03-13,600036,14:39:26,39.7900,357,1
2026-03-13,600036,14:39:29,39.7900,242,1
2026-03-13,600036,14:39:31,39.7900,11,1
2026-03-13,600036,14:39:35,39.7800,68,2
2026-03-13,600036,14:39:38,39.7900,57,1
2026-03-13,600036,14:39:41,39.7900,46,1
2026-03-13,600036,14:39:44,39.7900,202,1
2026-03-13,600036,14:39:47,39.7800,85,2
2026-03-13,600036,14:39:50,39.7900,237,1
2026-03-13,600036,14:39:53,39.7900,607,2
2026-03-13,600036,14:39:56,39.8000,53,1
2026-03-13,600036,14:39:59,39.7900,36,2
2026-03-13,600036,14:40:02,39.7800,1792,2
2026-03-13,600036,14:40:05,39.7700,94,2
2026-03-13,600036,14:40:08,39.7700,176,2
2026-03-13,600036,14:40:11,39.7700,85,2
2026-03-13,600036,14:40:14,39.7700,36,2
2026-03-13,600036,14:40:17,39.7800,57,1
2026-03-13,600036,14:40:19,39.7800,659,1
2026-03-13,600036,14:40:22,39.7700,103,2
2026-03-13,600036,14:40:26,39.7700,119,2
2026-03-13,600036,14:40:29,39.7700,105,2
2026-03-13,600036,14:40:32,39.7700,336,2
2026-03-13,600036,14:40:35,39.7700,107,2
2026-03-13,600036,14:40:38,39.7800,225,1
2026-03-13,600036,14:40:41,39.7800,131,1
2026-03-13,600036,14:40:44,39.7700,180,2
2026-03-13,600036,14:40:47,39.7800,115,1
2026-03-13,600036,14:40:49,39.7800,208,1
2026-03-13,600036,14:40:53,39.7800,95,2
2026-03-13,600036,14:40:56,39.7900,297,1
2026-03-13,600036,14:40:58,39.7800,75,2
2026-03-13,600036,14:41:01,39.7800,888,2
2026-03-13,600036,14:41:05,39.7800,295,1
2026-03-13,600036,14:41:08,39.7700,139,2
2026-03-13,600036,14:41:10,39.7800,140,1
2026-03-13,600036,14:41:14,39.7800,82,1
2026-03-13,600036,14:41:17,39.7800,58,1
2026-03-13,600036,14:41:20,39.7800,92,1
2026-03-13,600036,14:41:23,39.7700,110,2
2026-03-13,600036,14:41:26,39.7700,134,2
2026-03-13,600036,14:41:28,39.7700,94,2
2026-03-13,600036,14:41:31,39.7700,72,2
2026-03-13,600036,14:41:35,39.7700,733,2
2026-03-13,600036,14:41:37,39.7700,245,2
2026-03-13,600036,14:41:40,39.7700,187,2
2026-03-13,600036,14:41:44,39.7700,1095,2
2026-03-13,600036,14:41:47,39.7600,307,2
2026-03-13,600036,14:41:50,39.7500,255,2
2026-03-13,600036,14:41:52,39.7600,84,1
2026-03-13,600036,14:41:56,39.7500,45,2
2026-03-13,600036,14:41:58,39.7600,110,1
2026-03-13,600036,14:42:02,39.7600,267,1
2026-03-13,600036,14:42:05,39.7600,137,1
2026-03-13,600036,14:42:07,39.7500,106,2
2026-03-13,600036,14:42:11,39.7500,104,2
2026-03-13,600036,14:42:14,39.7600,142,1
2026-03-13,600036,14:42:17,39.7600,145,1
2026-03-13,600036,14:42:20,39.7600,156,1
2026-03-13,600036,14:42:22,39.7600,299,1
2026-03-13,600036,14:42:26,39.7600,420,4
2026-03-13,600036,14:42:29,39.7600,167,1
2026-03-13,600036,14:42:32,39.7700,86,1
2026-03-13,600036,14:42:35,39.7600,22,2
2026-03-13,600036,14:42:37,39.7700,118,1
2026-03-13,600036,14:42:41,39.7600,185,2
2026-03-13,600036,14:42:43,39.7700,114,1
2026-03-13,600036,14:42:47,39.7700,272,1
2026-03-13,600036,14:42:49,39.7700,91,1
2026-03-13,600036,14:42:53,39.7800,208,1
2026-03-13,600036,14:42:56,39.7800,93,1
2026-03-13,600036,14:42:59,39.7800,137,1
2026-03-13,600036,14:43:02,39.7800,469,1
2026-03-13,600036,14:43:05,39.7800,236,2
2026-03-13,600036,14:43:08,39.7800,99,1
2026-03-13,600036,14:43:11,39.7900,223,1
2026-03-13,600036,14:43:14,39.7900,186,1
2026-03-13,600036,14:43:17,39.7800,335,2
2026-03-13,600036,14:43:20,39.7900,237,1
2026-03-13,600036,14:43:23,39.7900,176,2
2026-03-13,600036,14:43:26,39.8000,203,1
2026-03-13,600036,14:43:29,39.8000,35,1
2026-03-13,600036,14:43:32,39.7900,468,2
2026-03-13,600036,14:43:34,39.7900,650,1
2026-03-13,600036,14:43:37,39.7800,181,2
2026-03-13,600036,14:43:40,39.7900,60,1
2026-03-13,600036,14:43:44,39.7900,112,2
2026-03-13,600036,14:43:47,39.7800,51,2
2026-03-13,600036,14:43:50,39.7800,547,2
2026-03-13,600036,14:43:53,39.7800,109,4
2026-03-13,600036,14:43:55,39.7700,91,2
2026-03-13,600036,14:43:59,39.7800,44,1
2026-03-13,600036,14:44:02,39.7800,305,1
2026-03-13,600036,14:44:04,39.7700,99,2
2026-03-13,600036,14:44:08,39.7700,72,2
2026-03-13,600036,14:44:11,39.7700,360,2
2026-03-13,600036,14:44:13,39.7600,159,2
2026-03-13,600036,14:44:16,39.7600,30,2
2026-03-13,600036,14:44:20,39.7700,47,1
2026-03-13,600036,14:44:22,39.7700,105,1
2026-03-13,600036,14:44:26,39.7600,331,2
2026-03-13,600036,14:44:29,39.7600,188,2
2026-03-13,600036,14:44:31,39.7600,258,2
2026-03-13,600036,14:44:35,39.7600,245,2
2026-03-13,600036,14:44:37,39.7600,248,1
2026-03-13,600036,14:44:41,39.7600,62,1
2026-03-13,600036,14:44:44,39.7600,113,1
2026-03-13,600036,14:44:47,39.7500,53,2
2026-03-13,600036,14:44:50,39.7600,62,1
2026-03-13,600036,14:44:52,39.7600,91,1
2026-03-13,600036,14:44:56,39.7600,110,1
2026-03-13,600036,14:44:59,39.7600,87,1
2026-03-13,600036,14:45:02,39.7500,428,2
2026-03-13,600036,14:45:05,39.7500,970,2
2026-03-13,600036,14:45:07,39.7500,535,1
2026-03-13,600036,14:45:10,39.7400,282,4
2026-03-13,600036,14:45:14,39.7300,482,2
2026-03-13,600036,14:45:17,39.7300,219,2
2026-03-13,600036,14:45:20,39.7200,585,2
2026-03-13,600036,14:45:22,39.7300,164,1
2026-03-13,600036,14:45:26,39.7200,49,2
2026-03-13,600036,14:45:29,39.7200,55,2
2026-03-13,600036,14:45:32,39.7200,34,2
2026-03-13,600036,14:45:34,39.7200,65,2
2026-03-13,600036,14:45:38,39.7300,40,1
2026-03-13,600036,14:45:41,39.7300,163,1
2026-03-13,600036,14:45:43,39.7300,75,1
2026-03-13,600036,14:45:47,39.7300,32,1
2026-03-13,600036,14:45:50,39.7200,70,2
2026-03-13,600036,14:45:53,39.7200,111,2
2026-03-13,600036,14:45:56,39.7300,36,1
2026-03-13,600036,14:45:58,39.7200,111,2
2026-03-13,600036,14:46:02,39.7200,349,2
2026-03-13,600036,14:46:05,39.7200,217,2
2026-03-13,600036,14:46:08,39.7200,72,2
2026-03-13,600036,14:46:10,39.7200,51,2
2026-03-13,600036,14:46:14,39.7300,27,1
2026-03-13,600036,14:46:16,39.7200,106,2
2026-03-13,600036,14:46:20,39.7200,91,2
2026-03-13,600036,14:46:23,39.7300,54,1
2026-03-13,600036,14:46:26,39.7300,86,1
2026-03-13,600036,14:46:28,39.7300,320,2
2026-03-13,600036,14:46:32,39.7400,242,1
2026-03-13,600036,14:46:35,39.7400,30,1
2026-03-13,600036,14:46:38,39.7400,31,1
2026-03-13,600036,14:46:41,39.7400,105,1
2026-03-13,600036,14:46:44,39.7300,100,2
2026-03-13,600036,14:46:47,39.7400,62,2
2026-03-13,600036,14:46:50,39.7400,296,2
2026-03-13,600036,14:46:53,39.7500,197,1
2026-03-13,600036,14:46:55,39.7600,45,1
2026-03-13,600036,14:46:59,39.7500,146,2
2026-03-13,600036,14:47:01,39.7600,297,1
2026-03-13,600036,14:47:05,39.7400,769,2
2026-03-13,600036,14:47:08,39.7400,167,1
2026-03-13,600036,14:47:10,39.7300,319,2
2026-03-13,600036,14:47:14,39.7300,98,1
2026-03-13,600036,14:47:17,39.7400,112,1
2026-03-13,600036,14:47:20,39.7400,25,1
2026-03-13,600036,14:47:23,39.7400,16,1
2026-03-13,600036,14:47:26,39.7300,148,2
2026-03-13,600036,14:47:29,39.7400,42,1
2026-03-13,600036,14:47:31,39.7400,37,1
2026-03-13,600036,14:47:35,39.7400,15,1
2026-03-13,600036,14:47:38,39.7400,135,1
2026-03-13,600036,14:47:41,39.7300,56,2
2026-03-13,600036,14:47:44,39.7300,284,2
2026-03-13,600036,14:47:46,39.7300,356,2
2026-03-13,600036,14:47:50,39.7300,139,2
2026-03-13,600036,14:47:52,39.7300,29,2
2026-03-13,600036,14:47:56,39.7400,203,1
2026-03-13,600036,14:47:59,39.7300,22,2
2026-03-13,600036,14:48:02,39.7300,928,2
2026-03-13,600036,14:48:05,39.7200,513,2
2026-03-13,600036,14:48:08,39.7200,119,2
2026-03-13,600036,14:48:11,39.7200,336,2
2026-03-13,600036,14:48:13,39.7100,217,2
2026-03-13,600036,14:48:16,39.7200,57,1
2026-03-13,600036,14:48:19,39.7200,134,2
2026-03-13,600036,14:48:22,39.7200,119,2
2026-03-13,600036,14:48:26,39.7300,304,1
2026-03-13,600036,14:48:29,39.7300,58,1
2026-03-13,600036,14:48:32,39.7300,104,1
2026-03-13,600036,14:48:35,39.7200,51,2
2026-03-13,600036,14:48:38,39.7200,25,2
2026-03-13,600036,14:48:41,39.7200,275,2
2026-03-13,600036,14:48:43,39.7300,130,1
2026-03-13,600036,14:48:46,39.7200,81,2
2026-03-13,600036,14:48:49,39.7300,229,1
2026-03-13,600036,14:48:52,39.7300,92,1
2026-03-13,600036,14:48:56,39.7300,152,1
2026-03-13,600036,14:48:59,39.7300,77,1
2026-03-13,600036,14:49:01,39.7100,664,2
2026-03-13,600036,14:49:05,39.7100,54,2
2026-03-13,600036,14:49:08,39.7200,265,1
2026-03-13,600036,14:49:11,39.7200,558,1
2026-03-13,600036,14:49:14,39.7300,444,1
2026-03-13,600036,14:49:17,39.7400,184,1
2026-03-13,600036,14:49:19,39.7500,364,1
2026-03-13,600036,14:49:23,39.7500,86,1
2026-03-13,600036,14:49:26,39.7500,59,1
2026-03-13,600036,14:49:29,39.7500,120,1
2026-03-13,600036,14:49:32,39.7500,596,2
2026-03-13,600036,14:49:35,39.7500,122,2
2026-03-13,600036,14:49:38,39.7500,236,1
2026-03-13,600036,14:49:41,39.7400,23,2
2026-03-13,600036,14:49:44,39.7400,171,2
2026-03-13,600036,14:49:47,39.7400,250,2
2026-03-13,600036,14:49:49,39.7400,51,1
2026-03-13,600036,14:49:53,39.7400,144,1
2026-03-13,600036,14:49:56,39.7400,77,2
2026-03-13,600036,14:49:59,39.7400,9,1
2026-03-13,600036,14:50:02,39.7100,759,2
2026-03-13,600036,14:50:04,39.7200,156,1
2026-03-13,600036,14:50:07,39.7300,93,1
2026-03-13,600036,14:50:10,39.7200,614,2
2026-03-13,600036,14:50:13,39.7200,145,1
2026-03-13,600036,14:50:17,39.7300,62,4
2026-03-13,600036,14:50:20,39.7200,103,2
2026-03-13,600036,14:50:23,39.7200,133,2
2026-03-13,600036,14:50:26,39.7200,51,2
2026-03-13,600036,14:50:29,39.7300,91,1
2026-03-13,600036,14:50:32,39.7300,203,1
2026-03-13,600036,14:50:34,39.7200,75,2
2026-03-13,600036,14:50:38,39.7300,79,1
2026-03-13,600036,14:50:41,39.7300,299,1
2026-03-13,600036,14:50:43,39.7400,214,1
2026-03-13,600036,14:50:46,39.7400,363,4
2026-03-13,600036,14:50:50,39.7500,143,1
2026-03-13,600036,14:50:53,39.7400,158,2
2026-03-13,600036,14:50:56,39.7400,26,2
2026-03-13,600036,14:50:59,39.7500,174,1
2026-03-13,600036,14:51:01,39.7200,739,2
2026-03-13,600036,14:51:05,39.7300,408,1
2026-03-13,600036,14:51:07,39.7400,134,1
2026-03-13,600036,14:51:10,39.7400,11,1
2026-03-13,600036,14:51:13,39.7300,45,2
2026-03-13,600036,14:51:17,39.7300,24,2
2026-03-13,600036,14:51:19,39.7300,35,2
2026-03-13,600036,14:51:23,39.7300,386,2
2026-03-13,600036,14:51:26,39.7300,100,2
2026-03-13,600036,14:51:29,39.7300,25,2
2026-03-13,600036,14:51:32,39.7400,154,1
2026-03-13,600036,14:51:35,39.7400,64,1
2026-03-13,600036,14:51:38,39.7400,318,2
2026-03-13,600036,14:51:41,39.7400,76,1
2026-03-13,600036,14:51:44,39.7400,59,1
2026-03-13,600036,14:51:47,39.7400,27,1
2026-03-13,600036,14:51:49,39.7400,29,1
2026-03-13,600036,14:51:52,39.7400,16,1
2026-03-13,600036,14:51:55,39.7300,91,2
2026-03-13,600036,14:51:59,39.7300,23,2
2026-03-13,600036,14:52:01,39.7400,45,1
2026-03-13,600036,14:52:05,39.7300,71,2
2026-03-13,600036,14:52:08,39.7300,42,2
2026-03-13,600036,14:52:10,39.7400,129,1
2026-03-13,600036,14:52:14,39.7300,143,2
2026-03-13,600036,14:52:17,39.7400,110,1
2026-03-13,600036,14:52:20,39.7500,199,1
2026-03-13,600036,14:52:23,39.7500,90,1
2026-03-13,600036,14:52:26,39.7500,60,1
2026-03-13,600036,14:52:29,39.7400,204,2
2026-03-13,600036,14:52:32,39.7500,35,1
2026-03-13,600036,14:52:34,39.7500,150,1
2026-03-13,600036,14:52:38,39.7500,133,1
2026-03-13,600036,14:52:40,39.7500,46,1
2026-03-13,600036,14:52:44,39.7500,135,1
2026-03-13,600036,14:52:47,39.7400,43,2
2026-03-13,600036,14:52:50,39.7500,45,1
2026-03-13,600036,14:52:53,39.7500,346,2
2026-03-13,600036,14:52:56,39.7500,145,1
2026-03-13,600036,14:52:59,39.7400,168,2
2026-03-13,600036,14:53:02,39.7400,172,2
2026-03-13,600036,14:53:04,39.7400,127,2
2026-03-13,600036,14:53:08,39.7500,153,1
2026-03-13,600036,14:53:10,39.7500,23,1
2026-03-13,600036,14:53:14,39.7500,178,1
2026-03-13,600036,14:53:17,39.7600,154,1
2026-03-13,600036,14:53:19,39.7500,241,4
2026-03-13,600036,14:53:23,39.7600,431,1
2026-03-13,600036,14:53:26,39.7600,113,1
2026-03-13,600036,14:53:29,39.7600,231,1
2026-03-13,600036,14:53:32,39.7500,43,2
2026-03-13,600036,14:53:35,39.7500,76,2
2026-03-13,600036,14:53:38,39.7500,125,2
2026-03-13,600036,14:53:41,39.7500,199,2
2026-03-13,600036,14:53:44,39.7600,66,1
2026-03-13,600036,14:53:47,39.7500,39,2
2026-03-13,600036,14:53:49,39.7500,169,2
2026-03-13,600036,14:53:52,39.7600,51,1
2026-03-13,600036,14:53:56,39.7500,80,2
2026-03-13,600036,14:53:59,39.7600,62,1
2026-03-13,600036,14:54:02,39.7500,413,2
2026-03-13,600036,14:54:05,39.7500,181,1
2026-03-13,600036,14:54:08,39.7500,182,1
2026-03-13,600036,14:54:11,39.7500,74,1
2026-03-13,600036,14:54:14,39.7500,81,1
2026-03-13,600036,14:54:16,39.7400,196,2
2026-03-13,600036,14:54:19,39.7400,265,2
2026-03-13,600036,14:54:23,39.7500,83,1
2026-03-13,600036,14:54:26,39.7500,238,1
2026-03-13,600036,14:54:29,39.7400,538,2
2026-03-13,600036,14:54:31,39.7400,128,2
2026-03-13,600036,14:54:35,39.7500,88,1
2026-03-13,600036,14:54:38,39.7400,331,2
2026-03-13,600036,14:54:41,39.7400,120,2
2026-03-13,600036,14:54:44,39.7400,103,2
2026-03-13,600036,14:54:46,39.7500,66,1
2026-03-13,600036,14:54:49,39.7500,213,1
2026-03-13,600036,14:54:52,39.7500,59,1
2026-03-13,600036,14:54:56,39.7500,98,1
2026-03-13,600036,14:54:59,39.7500,118,1
2026-03-13,600036,14:55:02,39.7400,96,2
2026-03-13,600036,14:55:04,39.7500,55,1
2026-03-13,600036,14:55:08,39.7400,185,2
2026-03-13,600036,14:55:11,39.7500,479,1
2026-03-13,600036,14:55:14,39.7400,326,2
2026-03-13,600036,14:55:16,39.7400,45,2
2026-03-13,600036,14:55:20,39.7500,268,1
2026-03-13,600036,14:55:22,39.7500,518,1
2026-03-13,600036,14:55:26,39.7500,47,1
2026-03-13,600036,14:55:29,39.7400,28,2
2026-03-13,600036,14:55:31,39.7500,130,1
2026-03-13,600036,14:55:34,39.7500,237,1
2026-03-13,600036,14:55:38,39.7500,121,1
2026-03-13,600036,14:55:41,39.7500,224,1
2026-03-13,600036,14:55:44,39.7500,56,1
2026-03-13,600036,14:55:47,39.7500,51,1
2026-03-13,600036,14:55:50,39.7500,330,1
2026-03-13,600036,14:55:53,39.7500,210,1
2026-03-13,600036,14:55:56,39.7400,139,2
2026-03-13,600036,14:55:58,39.7500,73,1
2026-03-13,600036,14:56:02,39.7400,336,2
2026-03-13,600036,14:56:05,39.7400,78,2
2026-03-13,600036,14:56:08,39.7500,158,1
2026-03-13,600036,14:56:11,39.7400,196,2
2026-03-13,600036,14:56:14,39.7400,54,2
2026-03-13,600036,14:56:17,39.7400,202,2
2026-03-13,600036,14:56:20,39.7500,481,1
2026-03-13,600036,14:56:22,39.7400,97,2
2026-03-13,600036,14:56:26,39.7400,208,1
2026-03-13,600036,14:56:29,39.7400,294,1
2026-03-13,600036,14:56:32,39.7300,384,2
2026-03-13,600036,14:56:35,39.7500,322,1
2026-03-13,600036,14:56:37,39.7300,79,2
2026-03-13,600036,14:56:41,39.7200,207,2
2026-03-13,600036,14:56:44,39.7300,41,4
2026-03-13,600036,14:56:47,39.7300,136,2
2026-03-13,600036,14:56:49,39.7400,29,1
2026-03-13,600036,14:56:52,39.7400,246,2
2026-03-13,600036,14:56:56,39.7400,25,1
2026-03-13,600036,14:56:59,39.7400,12,1
2026-03-13,600036,15:00:02,39.7600,4653,4
2026-03-13,600036,13:16:22,39.9600,262,2
2026-03-13,600036,13:16:25,39.9600,100,2
2026-03-13,600036,13:16:29,39.9600,272,2
2026-03-13,600036,13:16:31,39.9600,84,1
2026-03-13,600036,13:16:35,39.9600,194,1
2026-03-13,600036,13:16:38,39.9600,53,1
2026-03-13,600036,13:16:40,39.9500,339,2
2026-03-13,600036,13:16:44,39.9500,16,2
2026-03-13,600036,13:16:47,39.9500,189,2
2026-03-13,600036,13:16:49,39.9400,31,2
2026-03-13,600036,13:16:53,39.9400,7,2
2026-03-13,600036,13:16:56,39.9400,30,2
2026-03-13,600036,13:16:58,39.9500,55,1
2026-03-13,600036,13:17:02,39.9400,539,2
2026-03-13,600036,13:17:04,39.9500,123,1
2026-03-13,600036,13:17:08,39.9500,86,2
2026-03-13,600036,13:17:11,39.9500,125,2
2026-03-13,600036,13:17:14,39.9500,2,1
2026-03-13,600036,13:17:17,39.9400,195,2
2026-03-13,600036,13:17:20,39.9400,102,2
2026-03-13,600036,13:17:22,39.9400,20,2
2026-03-13,600036,13:17:26,39.9500,74,1
2026-03-13,600036,13:17:29,39.9500,167,1
2026-03-13,600036,13:17:32,39.9500,23,1
2026-03-13,600036,13:17:34,39.9400,59,2
2026-03-13,600036,13:17:38,39.9500,1215,1
2026-03-13,600036,13:17:41,39.9400,70,2
2026-03-13,600036,13:17:44,39.9500,48,1
2026-03-13,600036,13:17:47,39.9400,75,2
2026-03-13,600036,13:17:50,39.9400,103,2
2026-03-13,600036,13:17:53,39.9400,322,1
2026-03-13,600036,13:17:56,39.9300,48,2
2026-03-13,600036,13:17:59,39.9300,236,2
2026-03-13,600036,13:18:01,39.9300,26,2
2026-03-13,600036,13:18:04,39.9300,12,2
2026-03-13,600036,13:18:08,39.9300,19,2
2026-03-13,600036,13:18:11,39.9300,72,2
2026-03-13,600036,13:18:14,39.9300,36,2
2026-03-13,600036,13:18:17,39.9300,52,2
2026-03-13,600036,13:18:20,39.9300,19,2
2026-03-13,600036,13:18:23,39.9300,9,2
2026-03-13,600036,13:18:26,39.9300,22,2
2026-03-13,600036,13:18:28,39.9400,48,1
2026-03-13,600036,13:18:32,39.9300,231,2
2026-03-13,600036,13:18:35,39.9400,56,1
2026-03-13,600036,13:18:38,39.9300,118,2
2026-03-13,600036,13:18:41,39.9300,7,2
2026-03-13,600036,13:18:44,39.9300,24,2
2026-03-13,600036,13:18:46,39.9300,369,2
2026-03-13,600036,13:18:50,39.9400,12,1
2026-03-13,600036,13:18:53,39.9300,33,2
2026-03-13,600036,13:18:55,39.9300,89,2
2026-03-13,600036,13:18:59,39.9300,136,2
2026-03-13,600036,13:19:02,39.9300,86,2
2026-03-13,600036,13:19:04,39.9300,49,2
2026-03-13,600036,13:19:07,39.9300,212,2
2026-03-13,600036,13:19:11,39.9300,33,2
2026-03-13,600036,13:19:14,39.9400,59,1
2026-03-13,600036,13:19:16,39.9300,203,2
2026-03-13,600036,13:19:20,39.9300,230,2
2026-03-13,600036,13:19:23,39.9300,102,2
2026-03-13,600036,13:19:25,39.9200,27,2
2026-03-13,600036,13:19:28,39.9200,1335,2
2026-03-13,600036,13:19:32,39.9300,37,1
2026-03-13,600036,13:19:35,39.9200,47,2
2026-03-13,600036,13:19:38,39.9200,65,2
2026-03-13,600036,13:19:41,39.9300,22,1
2026-03-13,600036,13:19:44,39.9200,20,2
2026-03-13,600036,13:19:47,39.9200,36,2
2026-03-13,600036,13:19:49,39.9200,42,2
2026-03-13,600036,13:19:53,39.9300,92,1
2026-03-13,600036,13:19:56,39.9200,68,2
2026-03-13,600036,13:19:59,39.9200,14,2
2026-03-13,600036,13:20:02,39.9200,306,2
2026-03-13,600036,13:20:05,39.9200,17,2
2026-03-13,600036,13:20:07,39.9200,23,2
2026-03-13,600036,13:20:11,39.9200,22,2
2026-03-13,600036,13:20:13,39.9200,35,2
2026-03-13,600036,13:20:17,39.9300,55,1
2026-03-13,600036,13:20:20,39.9200,12,2
2026-03-13,600036,13:20:23,39.9200,133,2
2026-03-13,600036,13:20:25,39.9200,66,2
2026-03-13,600036,13:20:29,39.9200,103,1
2026-03-13,600036,13:20:31,39.9200,110,2
2026-03-13,600036,13:20:35,39.9200,33,2
2026-03-13,600036,13:20:38,39.9200,24,2
2026-03-13,600036,13:20:40,39.9200,3,1
2026-03-13,600036,13:20:44,39.9100,11,2
2026-03-13,600036,13:20:47,39.9100,23,2
2026-03-13,600036,13:20:50,39.9100,1097,2
2026-03-13,600036,13:20:53,39.9200,106,1
2026-03-13,600036,13:20:55,39.9100,97,2
2026-03-13,600036,13:20:58,39.9100,161,2
2026-03-13,600036,13:21:02,39.9100,8,2
2026-03-13,600036,13:21:05,39.9100,23,2
2026-03-13,600036,13:21:08,39.9200,171,1
2026-03-13,600036,13:21:11,39.9100,136,2
2026-03-13,600036,13:21:13,39.9200,37,1
2026-03-13,600036,13:21:16,39.9100,48,2
2026-03-13,600036,13:21:19,39.9000,2323,2
2026-03-13,600036,13:21:23,39.9000,361,2
2026-03-13,600036,13:21:26,39.9000,132,2
2026-03-13,600036,13:21:29,39.9000,54,2
2026-03-13,600036,13:21:32,39.9000,41,2
2026-03-13,600036,13:21:35,39.9000,28,2
2026-03-13,600036,13:21:38,39.9000,287,2
2026-03-13,600036,13:21:41,39.9000,18,2
2026-03-13,600036,13:21:44,39.9000,57,2
2026-03-13,600036,13:21:46,39.9000,349,2
2026-03-13,600036,13:21:50,39.9000,123,2
2026-03-13,600036,13:21:52,39.9000,184,2
2026-03-13,600036,13:21:56,39.9000,82,1
2026-03-13,600036,13:21:58,39.8900,27,2
2026-03-13,600036,13:22:02,39.9000,21,1
2026-03-13,600036,13:22:05,39.9000,19,1
2026-03-13,600036,13:22:08,39.9000,63,1
2026-03-13,600036,13:22:11,39.8900,14,2
2026-03-13,600036,13:22:14,39.8900,10,2
2026-03-13,600036,13:22:16,39.8900,68,2
2026-03-13,600036,13:22:20,39.8900,4,2
2026-03-13,600036,13:22:23,39.9000,45,1
2026-03-13,600036,13:22:25,39.8900,11,2
2026-03-13,600036,13:22:29,39.9000,94,1
2026-03-13,600036,13:22:32,39.9000,18,1
2026-03-13,600036,13:22:35,39.8900,33,2
2026-03-13,600036,13:22:38,39.8900,95,2
2026-03-13,600036,13:22:40,39.8900,77,2
2026-03-13,600036,13:22:44,39.8900,210,2
2026-03-13,600036,13:22:47,39.8900,91,2
2026-03-13,600036,13:22:49,39.8900,95,2
2026-03-13,600036,13:22:53,39.8900,54,1
2026-03-13,600036,13:22:56,39.8900,150,1
2026-03-13,600036,13:22:58,39.9000,330,1
2026-03-13,600036,13:23:02,39.8900,7,2
2026-03-13,600036,13:23:05,39.9000,115,1
2026-03-13,600036,13:23:07,39.9000,46,1
2026-03-13,600036,13:23:11,39.8900,35,2
2026-03-13,600036,13:23:14,39.9000,190,1
2026-03-13,600036,13:23:16,39.8900,15,2
2026-03-13,600036,13:23:19,39.8900,25,2
2026-03-13,600036,13:23:23,39.9000,252,1
2026-03-13,600036,13:23:26,39.8900,24,2
2026-03-13,600036,13:23:29,39.8900,25,2
2026-03-13,600036,13:23:31,39.8900,18,2
2026-03-13,600036,13:23:34,39.8900,112,2
2026-03-13,600036,13:23:38,39.9000,24,1
2026-03-13,600036,13:23:41,39.9000,12,1
2026-03-13,600036,13:23:44,39.8900,130,2
2026-03-13,600036,13:23:47,39.9000,34,1
2026-03-13,600036,13:23:49,39.8900,59,2
2026-03-13,600036,13:23:52,39.8800,29,2
2026-03-13,600036,13:23:56,39.8900,32,1
2026-03-13,600036,13:23:59,39.8800,47,2
2026-03-13,600036,13:24:02,39.8900,6,1
2026-03-13,600036,13:24:05,39.8800,25,2
2026-03-13,600036,13:24:08,39.8800,20,2
2026-03-13,600036,13:24:11,39.8900,92,1
2026-03-13,600036,13:24:14,39.8800,157,2
2026-03-13,600036,13:24:16,39.8900,25,1
2026-03-13,600036,13:24:19,39.8900,10,2
2026-03-13,600036,13:24:22,39.9000,62,1
2026-03-13,600036,13:24:26,39.8900,43,2
2026-03-13,600036,13:24:29,39.9000,74,1
2026-03-13,600036,13:24:31,39.8900,49,2
2026-03-13,600036,13:24:35,39.9000,139,1
2026-03-13,600036,13:24:38,39.9000,12,1
2026-03-13,600036,13:24:40,39.9000,131,1
2026-03-13,600036,13:24:44,39.8900,155,2
2026-03-13,600036,13:24:47,39.9100,716,1
2026-03-13,600036,13:24:50,39.9000,51,2
2026-03-13,600036,13:24:53,39.9000,9,2
2026-03-13,600036,13:24:56,39.9100,21,1
2026-03-13,600036,13:24:59,39.9000,27,2
2026-03-13,600036,13:25:02,39.9100,30,1
2026-03-13,600036,13:25:05,39.9100,38,1
2026-03-13,600036,13:25:07,39.9100,157,1
2026-03-13,600036,13:25:11,39.9100,111,1
2026-03-13,600036,13:25:14,39.9200,127,1
2026-03-13,600036,13:25:17,39.9200,40,1
2026-03-13,600036,13:25:20,39.9200,51,1
2026-03-13,600036,13:25:23,39.9100,106,2
2026-03-13,600036,13:25:26,39.9100,143,2
2026-03-13,600036,13:25:29,39.9200,29,1
2026-03-13,600036,13:25:32,39.9200,33,2
2026-03-13,600036,13:25:35,39.9100,23,2
2026-03-13,600036,13:25:37,39.9200,64,1
2026-03-13,600036,13:25:40,39.9200,68,2
2026-03-13,600036,13:25:44,39.9300,49,1
2026-03-13,600036,13:25:47,39.9300,17,1
2026-03-13,600036,13:25:49,39.9300,78,1
2026-03-13,600036,13:25:52,39.9200,183,2
2026-03-13,600036,13:25:56,39.9200,8,2
2026-03-13,600036,13:25:59,39.9200,12,2
2026-03-13,600036,13:26:02,39.9200,11,2
2026-03-13,600036,13:26:05,39.9200,34,2
2026-03-13,600036,13:26:08,39.9300,152,1
2026-03-13,600036,13:26:10,39.9300,107,1
2026-03-13,600036,13:26:13,39.9300,122,1
2026-03-13,600036,13:26:16,39.9300,264,1
2026-03-13,600036,13:26:19,39.9400,13,1
2026-03-13,600036,13:26:23,39.9400,127,1
2026-03-13,600036,13:26:26,39.9300,56,2
2026-03-13,600036,13:26:28,39.9300,73,2
2026-03-13,600036,13:26:32,39.9400,36,1
2026-03-13,600036,13:26:35,39.9400,39,1
2026-03-13,600036,13:26:37,39.9400,33,1
2026-03-13,600036,13:26:40,39.9400,94,1
2026-03-13,600036,13:26:44,39.9400,2,1
2026-03-13,600036,13:26:47,39.9400,77,1
2026-03-13,600036,13:26:50,39.9400,50,1
2026-03-13,600036,13:26:52,39.9400,199,1
2026-03-13,600036,13:26:56,39.9400,113,1
2026-03-13,600036,13:26:59,39.9400,53,1
2026-03-13,600036,13:27:01,39.9300,74,2
2026-03-13,600036,13:27:05,39.9400,52,1
2026-03-13,600036,13:27:08,39.9300,102,2
2026-03-13,600036,13:27:11,39.9400,65,1
2026-03-13,600036,13:27:14,39.9400,17,1
2026-03-13,600036,13:27:16,39.9300,61,2
2026-03-13,600036,13:27:20,39.9300,25,1
2026-03-13,600036,13:27:23,39.9200,22,2
2026-03-13,600036,13:27:25,39.9200,23,2
2026-03-13,600036,13:27:28,39.9300,35,1
2026-03-13,600036,13:27:32,39.9200,12,2
2026-03-13,600036,13:27:34,39.9300,28,1
2026-03-13,600036,13:27:38,39.9300,7,1
2026-03-13,600036,13:27:40,39.9300,22,1
2026-03-13,600036,13:27:44,39.9300,4,1
2026-03-13,600036,13:27:47,39.9200,36,2
2026-03-13,600036,13:27:49,39.9300,295,1
2026-03-13,600036,13:27:53,39.9300,27,2
2026-03-13,600036,13:27:56,39.9300,36,2
2026-03-13,600036,13:27:59,39.9400,34,1
2026-03-13,600036,13:28:01,39.9300,83,2
2026-03-13,600036,13:28:05,39.9400,34,1
2026-03-13,600036,13:28:08,39.9400,55,1
2026-03-13,600036,13:28:14,39.9400,83,1
2026-03-13,600036,13:28:17,39.9400,76,1
2026-03-13,600036,13:28:19,39.9300,47,2
2026-03-13,600036,13:28:23,39.9300,197,2
2026-03-13,600036,13:28:26,39.9300,104,2
2026-03-13,600036,13:28:29,39.9300,64,2
2026-03-13,600036,13:28:32,39.9200,5,2
2026-03-13,600036,13:28:34,39.9300,13,1
2026-03-13,600036,13:28:38,39.9300,37,1
2026-03-13,600036,13:28:41,39.9300,9,1
2026-03-13,600036,13:28:44,39.9300,37,1
2026-03-13,600036,13:28:46,39.9300,36,1
2026-03-13,600036,13:28:50,39.9300,26,1
2026-03-13,600036,13:28:53,39.9200,60,2
2026-03-13,600036,13:28:56,39.9200,13,2
2026-03-13,600036,13:28:58,39.9200,512,2
2026-03-13,600036,13:29:02,39.9300,48,1
2026-03-13,600036,13:29:05,39.9200,36,2
2026-03-13,600036,13:29:08,39.9300,7,1
2026-03-13,600036,13:29:10,39.9300,24,1
2026-03-13,600036,13:29:14,39.9300,167,1
2026-03-13,600036,13:29:16,39.9200,44,2
2026-03-13,600036,13:29:19,39.9200,134,2
2026-03-13,600036,13:29:22,39.9200,13,1
2026-03-13,600036,13:29:25,39.9100,27,2
2026-03-13,600036,13:29:29,39.9100,448,2
2026-03-13,600036,13:29:32,39.9000,6,2
2026-03-13,600036,13:29:34,39.9000,37,2
2026-03-13,600036,13:29:37,39.9000,41,2
2026-03-13,600036,13:29:40,39.9000,72,2
2026-03-13,600036,13:29:44,39.9000,20,2
2026-03-13,600036,13:29:47,39.9100,24,1
2026-03-13,600036,13:29:49,39.9100,238,1
2026-03-13,600036,13:29:56,39.9100,36,1
2026-03-13,600036,13:29:59,39.9100,31,1
2026-03-13,600036,13:30:02,39.9000,4,2
2026-03-13,600036,13:30:05,39.9000,24,2
2026-03-13,600036,13:30:08,39.9000,211,2
2026-03-13,600036,13:30:10,39.9000,50,2
2026-03-13,600036,13:30:14,39.9100,59,1
2026-03-13,600036,13:30:17,39.9100,23,1
2026-03-13,600036,13:30:20,39.9000,166,2
2026-03-13,600036,13:30:23,39.9000,117,2
2026-03-13,600036,13:30:25,39.9000,39,2
2026-03-13,600036,13:30:29,39.9000,74,2
2026-03-13,600036,13:30:32,39.9000,98,2
2026-03-13,600036,13:30:35,39.9000,28,2
2026-03-13,600036,13:30:38,39.9100,239,1
2026-03-13,600036,13:30:41,39.9000,117,2
2026-03-13,600036,13:30:44,39.9000,47,2
2026-03-13,600036,13:30:46,39.9000,74,2
2026-03-13,600036,13:30:50,39.9000,101,2
2026-03-13,600036,13:30:53,39.9000,39,2
2026-03-13,600036,13:30:55,39.9000,68,2
2026-03-13,600036,13:30:59,39.9000,98,2
2026-03-13,600036,13:31:01,39.8800,312,2
2026-03-13,600036,13:31:05,39.8700,1336,2
2026-03-13,600036,13:31:07,39.8700,137,1
2026-03-13,600036,13:31:11,39.8600,213,2
2026-03-13,600036,13:31:14,39.8600,242,2
2026-03-13,600036,13:31:17,39.8700,43,1
2026-03-13,600036,13:31:19,39.8700,42,1
2026-03-13,600036,13:31:23,39.8600,85,2
2026-03-13,600036,13:31:26,39.8500,207,2
2026-03-13,600036,13:31:29,39.8600,30,1
2026-03-13,600036,13:31:31,39.8600,17,1
2026-03-13,600036,13:31:35,39.8500,21,2
2026-03-13,600036,13:31:38,39.8600,77,1
2026-03-13,600036,13:31:40,39.8600,26,1
2026-03-13,600036,13:31:44,39.8500,18,2
2026-03-13,600036,13:31:46,39.8500,125,2
2026-03-13,600036,13:31:50,39.8500,94,2
2026-03-13,600036,13:31:53,39.8500,8,2
2026-03-13,600036,13:31:56,39.8600,24,1
2026-03-13,600036,13:31:58,39.8600,37,1
2026-03-13,600036,13:32:02,39.8600,70,1
2026-03-13,600036,13:32:04,39.8500,36,2
2026-03-13,600036,13:32:08,39.8600,30,1
2026-03-13,600036,13:32:11,39.8600,199,1
2026-03-13,600036,13:32:14,39.8500,393,2
2026-03-13,600036,13:32:17,39.8600,21,1
2026-03-13,600036,13:32:20,39.8600,65,1
2026-03-13,600036,13:32:23,39.8500,56,2
2026-03-13,600036,13:32:26,39.8500,76,2
2026-03-13,600036,13:32:29,39.8500,184,2
2026-03-13,600036,13:32:32,39.8500,161,2
2026-03-13,600036,13:32:35,39.8500,14,1
2026-03-13,600036,13:32:38,39.8400,42,2
2026-03-13,600036,13:32:40,39.8400,53,2
2026-03-13,600036,13:32:44,39.8500,32,1
2026-03-13,600036,13:32:47,39.8500,73,1
2026-03-13,600036,13:32:49,39.8500,206,1
2026-03-13,600036,13:32:53,39.8500,89,2
2026-03-13,600036,13:32:55,39.8500,70,2
2026-03-13,600036,13:32:59,39.8600,80,1
2026-03-13,600036,13:33:02,39.8500,128,2
2026-03-13,600036,13:33:05,39.8600,15,1
2026-03-13,600036,13:33:08,39.8600,58,1
2026-03-13,600036,13:33:11,39.8500,81,2
2026-03-13,600036,13:33:14,39.8600,122,1
2026-03-13,600036,13:33:17,39.8500,167,2
2026-03-13,600036,13:33:20,39.8600,39,1
2026-03-13,600036,13:33:23,39.8500,20,2
2026-03-13,600036,13:33:25,39.8500,36,2
2026-03-13,600036,13:33:29,39.8500,81,2
2026-03-13,600036,13:33:32,39.8600,19,1
2026-03-13,600036,13:33:34,39.8600,292,1
2026-03-13,600036,13:33:38,39.8600,70,2
2026-03-13,600036,13:33:41,39.8600,10,2
2026-03-13,600036,13:33:44,39.8500,348,2
2026-03-13,600036,13:33:47,39.8600,21,1
2026-03-13,600036,13:33:50,39.8600,137,1
2026-03-13,600036,13:33:53,39.8600,45,2
2026-03-13,600036,13:33:55,39.8600,75,2
2026-03-13,600036,13:33:59,39.8600,132,2
2026-03-13,600036,13:34:02,39.8500,689,2
2026-03-13,600036,13:34:05,39.8400,163,2
2026-03-13,600036,13:34:08,39.8500,283,1
2026-03-13,600036,13:34:10,39.8400,268,2
2026-03-13,600036,13:34:14,39.8500,110,1
2026-03-13,600036,13:34:16,39.8500,169,1
2026-03-13,600036,13:34:20,39.8400,156,2
2026-03-13,600036,13:34:22,39.8400,286,1
2026-03-13,600036,13:34:26,39.8400,15,2
2026-03-13,600036,13:34:29,39.8400,471,2
2026-03-13,600036,13:34:31,39.8200,959,2
2026-03-13,600036,13:34:35,39.8200,219,2
2026-03-13,600036,13:34:38,39.8300,69,1
2026-03-13,600036,13:34:41,39.8300,18,2
2026-03-13,600036,13:34:44,39.8300,33,2
2026-03-13,600036,13:34:46,39.8300,180,2
2026-03-13,600036,13:34:49,39.8300,146,2
2026-03-13,600036,13:34:53,39.8300,70,2
2026-03-13,600036,13:34:55,39.8400,276,1
2026-03-13,600036,13:34:59,39.8400,222,2
2026-03-13,600036,13:35:01,39.8400,69,2
2026-03-13,600036,13:35:05,39.8400,4,2
2026-03-13,600036,13:35:08,39.8400,52,2
2026-03-13,600036,13:35:11,39.8500,61,1
2026-03-13,600036,13:35:13,39.8400,169,2
2026-03-13,600036,13:35:16,39.8400,36,2
2026-03-13,600036,13:35:19,39.8400,47,2
2026-03-13,600036,13:35:23,39.8400,16,2
2026-03-13,600036,13:35:26,39.8500,38,1
2026-03-13,600036,13:35:29,39.8500,10,1
2026-03-13,600036,13:35:31,39.8400,28,2
2026-03-13,600036,13:35:34,39.8500,1083,1
2026-03-13,600036,13:35:38,39.8300,84,2
2026-03-13,600036,13:35:41,39.8300,46,2
2026-03-13,600036,13:35:43,39.8400,42,1
2026-03-13,600036,13:35:47,39.8300,5,2
2026-03-13,600036,13:35:49,39.8300,34,2
2026-03-13,600036,13:35:52,39.8300,150,2
2026-03-13,600036,13:35:56,39.8400,23,1
2026-03-13,600036,13:35:58,39.8300,41,2
2026-03-13,600036,13:36:01,39.8300,25,2
2026-03-13,600036,13:36:05,39.8300,31,2
2026-03-13,600036,13:36:07,39.8300,172,2
2026-03-13,600036,13:36:11,39.8300,89,2
2026-03-13,600036,13:36:14,39.8300,388,2
2026-03-13,600036,13:36:17,39.8300,750,1
2026-03-13,600036,13:36:19,39.8200,601,2
2026-03-13,600036,13:36:23,39.8200,62,1
2026-03-13,600036,13:36:26,39.8200,76,1
2026-03-13,600036,13:36:29,39.8200,443,1
2026-03-13,600036,13:36:31,39.8200,28,2
2026-03-13,600036,13:36:35,39.8200,22,2
2026-03-13,600036,13:36:38,39.8200,57,2
2026-03-13,600036,13:36:41,39.8200,46,2
2026-03-13,600036,13:36:44,39.8200,25,2
2026-03-13,600036,13:36:46,39.8200,21,1
2026-03-13,600036,13:36:50,39.8100,38,2
2026-03-13,600036,13:36:53,39.8100,58,2
2026-03-13,600036,13:36:55,39.8100,414,2
2026-03-13,600036,13:36:58,39.8200,33,1
2026-03-13,600036,13:37:02,39.8100,24,2
2026-03-13,600036,13:37:04,39.8200,45,1
2026-03-13,600036,13:37:08,39.8200,22,1
2026-03-13,600036,13:37:11,39.8200,24,1
2026-03-13,600036,13:37:14,39.8100,347,2
2026-03-13,600036,13:37:16,39.8100,8,2
2026-03-13,600036,13:37:20,39.8100,25,2
2026-03-13,600036,13:37:23,39.8200,230,1
2026-03-13,600036,13:37:26,39.8200,108,1
2026-03-13,600036,13:37:29,39.8100,11,2
2026-03-13,600036,13:37:31,39.8100,12,2
2026-03-13,600036,13:37:34,39.8100,157,2
2026-03-13,600036,13:37:38,39.8200,119,1
2026-03-13,600036,13:37:41,39.8300,36,1
2026-03-13,600036,13:37:44,39.8100,119,2
2026-03-13,600036,13:37:47,39.8300,22,1
2026-03-13,600036,13:37:50,39.8200,53,2
2026-03-13,600036,13:37:53,39.8200,53,1
2026-03-13,600036,13:37:56,39.8200,23,1
2026-03-13,600036,13:37:58,39.8200,21,1
2026-03-13,600036,13:38:01,39.8200,82,1
2026-03-13,600036,13:38:05,39.8200,7,1
2026-03-13,600036,13:38:07,39.8200,24,1
2026-03-13,600036,13:38:11,39.8100,26,2
2026-03-13,600036,13:38:14,39.8100,18,2
2026-03-13,600036,13:38:17,39.8100,21,2
2026-03-13,600036,13:38:20,39.8200,19,1
2026-03-13,600036,13:38:23,39.8100,16,2
2026-03-13,600036,13:38:25,39.8200,123,1
2026-03-13,600036,13:38:29,39.8200,20,1
2026-03-13,600036,13:38:31,39.8200,114,1
2026-03-13,600036,13:38:34,39.8300,6,1
2026-03-13,600036,13:38:38,39.8100,40,2
2026-03-13,600036,13:38:40,39.8200,11,2
2026-03-13,600036,13:38:44,39.8200,41,2
2026-03-13,600036,13:38:46,39.8200,23,2
2026-03-13,600036,13:38:49,39.8200,35,2
2026-03-13,600036,13:38:52,39.8200,45,2
2026-03-13,600036,13:38:55,39.8000,1230,2
2026-03-13,600036,13:38:58,39.8100,142,2
2026-03-13,600036,13:39:01,39.8100,7,1
2026-03-13,600036,13:39:05,39.8100,157,1
2026-03-13,600036,13:39:08,39.8100,26,1
2026-03-13,600036,13:39:11,39.8100,34,1
2026-03-13,600036,13:39:13,39.8100,63,1
2026-03-13,600036,13:39:17,39.8100,54,2
2026-03-13,600036,13:39:19,39.8100,95,2
2026-03-13,600036,13:39:23,39.8100,55,2
2026-03-13,600036,13:39:26,39.8000,837,2
2026-03-13,600036,13:39:28,39.7900,315,2
2026-03-13,600036,13:39:32,39.8000,168,1
2026-03-13,600036,13:39:35,39.7900,98,2
2026-03-13,600036,13:39:37,39.7900,18,2
2026-03-13,600036,13:39:41,39.8000,35,1
2026-03-13,600036,13:39:44,39.8000,25,1
2026-03-13,600036,13:39:47,39.8000,182,1
2026-03-13,600036,13:39:50,39.7900,53,2
2026-03-13,600036,13:39:52,39.7900,56,2
2026-03-13,600036,13:39:56,39.7900,161,2
2026-03-13,600036,13:39:59,39.7900,25,2
2026-03-13,600036,13:40:02,39.7900,13,2
2026-03-13,600036,13:40:05,39.7900,32,2
2026-03-13,600036,13:40:08,39.7900,8,2
2026-03-13,600036,13:40:11,39.8000,183,1
2026-03-13,600036,13:40:14,39.8000,594,1
2026-03-13,600036,13:40:17,39.8000,58,1
2026-03-13,600036,13:40:20,39.8000,449,1
2026-03-13,600036,13:40:23,39.8000,13,1
2026-03-13,600036,13:40:26,39.8000,19,1
2026-03-13,600036,13:40:29,39.7900,55,2
2026-03-13,600036,13:40:32,39.7900,96,1
2026-03-13,600036,13:40:35,39.8000,15,1
2026-03-13,600036,13:40:37,39.7900,16,2
2026-03-13,600036,13:40:40,39.7900,74,2
2026-03-13,600036,13:40:44,39.7900,82,2
2026-03-13,600036,13:40:47,39.8000,581,1
2026-03-13,600036,13:40:50,39.8000,65,1
2026-03-13,600036,13:40:52,39.8000,47,1
2026-03-13,600036,13:40:55,39.8000,61,2
2026-03-13,600036,13:40:59,39.8000,38,2
2026-03-13,600036,13:41:02,39.8100,43,1
2026-03-13,600036,13:41:05,39.8000,236,2
2026-03-13,600036,13:41:07,39.8200,90,1
2026-03-13,600036,13:41:11,39.8000,108,2
2026-03-13,600036,13:41:14,39.8100,37,1
2026-03-13,600036,13:41:17,39.8100,112,2
2026-03-13,600036,13:41:20,39.8100,26,1
2026-03-13,600036,13:41:23,39.8000,9,2
2026-03-13,600036,13:41:25,39.8000,71,2
2026-03-13,600036,13:41:28,39.8100,136,1
2026-03-13,600036,13:41:32,39.8100,30,4
2026-03-13,600036,13:41:34,39.8100,62,2
2026-03-13,600036,13:41:38,39.8000,47,2
2026-03-13,600036,13:41:41,39.8100,10,1
2026-03-13,600036,13:41:44,39.8100,178,1
2026-03-13,600036,13:41:47,39.8100,398,1
2026-03-13,600036,13:41:50,39.8000,258,2
2026-03-13,600036,13:41:53,39.8100,399,1
2026-03-13,600036,13:41:56,39.8000,13,4
2026-03-13,600036,13:41:59,39.8000,83,1
2026-03-13,600036,13:42:01,39.8000,101,1
2026-03-13,600036,13:42:05,39.8000,42,1
2026-03-13,600036,13:42:07,39.8000,68,1
2026-03-13,600036,13:42:11,39.8000,81,2
2026-03-13,600036,13:42:13,39.8000,28,2
2026-03-13,600036,13:42:17,39.8000,160,2
2026-03-13,600036,13:42:20,39.8000,262,2
2026-03-13,600036,13:42:23,39.8100,233,1
2026-03-13,600036,13:42:26,39.8000,296,2
2026-03-13,600036,13:42:29,39.8000,208,2
2026-03-13,600036,13:42:31,39.8000,74,1
2026-03-13,600036,13:42:35,39.8000,155,1
2026-03-13,600036,13:42:38,39.8000,70,1
2026-03-13,600036,13:42:41,39.8000,81,1
2026-03-13,600036,13:42:44,39.8000,49,1
2026-03-13,600036,13:42:47,39.8000,101,1
2026-03-13,600036,13:42:50,39.8000,80,1
2026-03-13,600036,13:42:53,39.7900,116,2
2026-03-13,600036,13:42:56,39.7900,90,2
2026-03-13,600036,13:42:59,39.8000,39,1
2026-03-13,600036,13:43:02,39.8000,161,1
2026-03-13,600036,13:43:05,39.8000,63,2
2026-03-13,600036,13:43:07,39.8000,17,2
2026-03-13,600036,13:43:10,39.8000,15,2
2026-03-13,600036,13:43:14,39.8100,66,1
2026-03-13,600036,13:43:16,39.8000,546,2
2026-03-13,600036,13:43:20,39.8000,197,2
2026-03-13,600036,13:43:22,39.8100,60,4
2026-03-13,600036,13:43:26,39.8100,12,4
2026-03-13,600036,13:43:29,39.8200,351,1
2026-03-13,600036,13:43:32,39.8200,476,1
2026-03-13,600036,13:43:35,39.8100,264,2
2026-03-13,600036,13:43:38,39.8400,292,1
2026-03-13,600036,13:43:41,39.8200,160,1
2026-03-13,600036,13:43:43,39.8300,165,1
2026-03-13,600036,13:43:47,39.8300,53,1
2026-03-13,600036,13:43:50,39.8300,64,1
2026-03-13,600036,13:43:53,39.8300,27,1
2026-03-13,600036,13:43:56,39.8200,97,2
2026-03-13,600036,13:43:59,39.8300,34,1
2026-03-13,600036,13:44:01,39.8200,172,2
2026-03-13,600036,13:44:04,39.8300,274,1
2026-03-13,600036,13:44:08,39.8300,358,1
2026-03-13,600036,13:44:11,39.8300,81,1
2026-03-13,600036,13:44:14,39.8300,71,1
2026-03-13,600036,13:44:17,39.8300,24,1
2026-03-13,600036,13:44:19,39.8200,43,4
2026-03-13,600036,13:44:22,39.8300,201,1
2026-03-13,600036,13:44:25,39.8300,115,1
2026-03-13,600036,13:44:28,39.8200,47,4
2026-03-13,600036,13:44:32,39.8300,231,1
2026-03-13,600036,13:44:35,39.8200,79,2
2026-03-13,600036,13:44:38,39.8100,250,2
2026-03-13,600036,13:44:41,39.8200,83,1
2026-03-13,600036,13:44:44,39.8000,170,2
2026-03-13,600036,13:44:47,39.8200,32,1
2026-03-13,600036,13:44:50,39.8200,12,1
2026-03-13,600036,13:44:52,39.8100,89,2
2026-03-13,600036,13:44:56,39.8100,29,2
2026-03-13,600036,13:44:59,39.8100,18,2
2026-03-13,600036,13:45:01,39.8100,8,2
2026-03-13,600036,13:45:05,39.8200,67,1
2026-03-13,600036,13:45:08,39.8200,32,1
2026-03-13,600036,13:45:11,39.8100,119,2
2026-03-13,600036,13:45:14,39.8100,6,2
2026-03-13,600036,13:45:17,39.8200,20,1
2026-03-13,600036,13:45:19,39.8100,16,2
2026-03-13,600036,13:45:23,39.8100,4,2
2026-03-13,600036,13:45:26,39.8200,12,1
2026-03-13,600036,13:45:29,39.8200,8,1
2026-03-13,600036,13:45:31,39.8200,44,1
2026-03-13,600036,13:45:34,39.8200,2,1
2026-03-13,600036,13:45:38,39.8200,116,1
2026-03-13,600036,13:45:41,39.8200,163,1
2026-03-13,600036,13:45:44,39.8200,2,1
2026-03-13,600036,13:45:46,39.8100,114,2
2026-03-13,600036,13:45:50,39.8100,56,2
2026-03-13,600036,13:45:52,39.8200,24,1
2026-03-13,600036,13:45:56,39.8200,413,1
2026-03-13,600036,13:45:59,39.8200,22,1
2026-03-13,600036,13:46:02,39.8200,14,1
2026-03-13,600036,13:46:05,39.8200,37,1
2026-03-13,600036,13:46:08,39.8100,49,2
2026-03-13,600036,13:46:11,39.8100,6,2
2026-03-13,600036,13:46:14,39.8100,139,2
2026-03-13,600036,13:46:16,39.8100,51,2
2026-03-13,600036,13:46:20,39.8100,18,2
2026-03-13,600036,13:46:23,39.8200,23,1
2026-03-13,600036,13:46:26,39.8200,18,1
2026-03-13,600036,13:46:29,39.8200,15,1
2026-03-13,600036,13:46:31,39.8200,19,1
2026-03-13,600036,13:46:34,39.8100,11,2
2026-03-13,600036,13:46:38,39.8100,132,2
2026-03-13,600036,13:46:41,39.8100,87,2
2026-03-13,600036,13:46:44,39.8200,23,1
2026-03-13,600036,13:46:46,39.8200,15,1
2026-03-13,600036,13:46:50,39.8200,16,1
2026-03-13,600036,13:46:53,39.8200,18,1
2026-03-13,600036,13:46:56,39.8200,321,1
2026-03-13,600036,13:46:58,39.8200,106,1
2026-03-13,600036,13:47:01,39.8200,11,1
2026-03-13,600036,13:47:04,39.8200,52,1
2026-03-13,600036,13:47:08,39.8300,326,1
2026-03-13,600036,13:47:11,39.8300,84,1
2026-03-13,600036,13:47:13,39.8400,248,1
2026-03-13,600036,13:47:16,39.8400,178,1
2026-03-13,600036,13:47:20,39.8400,39,1
2026-03-13,600036,13:47:23,39.8300,64,2
2026-03-13,600036,13:47:26,39.8300,47,2
2026-03-13,600036,13:47:28,39.8400,26,1
2026-03-13,600036,13:47:32,39.8400,654,1
2026-03-13,600036,13:47:35,39.8600,379,1
2026-03-13,600036,13:47:38,39.8600,196,1
2026-03-13,600036,13:47:41,39.8500,87,2
2026-03-13,600036,13:47:44,39.8600,29,1
2026-03-13,600036,13:47:47,39.8600,183,1
2026-03-13,600036,13:47:50,39.8700,49,1
2026-03-13,600036,13:47:53,39.8700,14,1
2026-03-13,600036,13:47:56,39.8700,276,1
2026-03-13,600036,13:47:58,39.8600,856,2
2026-03-13,600036,13:48:01,39.8700,279,1
2026-03-13,600036,13:48:05,39.8800,75,1
2026-03-13,600036,13:48:08,39.8800,188,1
2026-03-13,600036,13:48:11,39.8800,57,1
2026-03-13,600036,13:48:13,39.8800,94,1
2026-03-13,600036,13:48:17,39.8900,114,1
2026-03-13,600036,13:48:19,39.8800,151,2
2026-03-13,600036,13:48:22,39.8900,143,1
2026-03-13,600036,13:48:25,39.8900,144,1
2026-03-13,600036,13:48:29,39.8900,81,1
2026-03-13,600036,13:48:32,39.8800,52,2
2026-03-13,600036,13:48:34,39.8900,11,1
2026-03-13,600036,13:48:41,39.8900,6,1
2026-03-13,600036,13:48:44,39.8900,120,1
2026-03-13,600036,13:48:46,39.8900,31,1
2026-03-13,600036,13:48:50,39.8900,7,1
2026-03-13,600036,13:48:53,39.8900,64,1
2026-03-13,600036,13:48:56,39.8900,76,1
2026-03-13,600036,13:48:58,39.8900,180,1
2026-03-13,600036,13:49:02,39.8800,135,2
2026-03-13,600036,13:49:05,39.8800,62,2
2026-03-13,600036,13:49:08,39.8800,116,2
2026-03-13,600036,13:49:11,39.8900,27,1
2026-03-13,600036,13:49:14,39.8900,42,1
2026-03-13,600036,13:49:17,39.8800,54,2
2026-03-13,600036,13:49:20,39.8800,131,2
2026-03-13,600036,13:49:23,39.8900,51,1
2026-03-13,600036,13:49:26,39.8900,213,1
2026-03-13,600036,13:49:29,39.9000,199,1
2026-03-13,600036,13:49:31,39.8800,100,2
2026-03-13,600036,13:49:34,39.8800,105,2
2026-03-13,600036,13:49:38,39.8900,73,1
2026-03-13,600036,13:49:41,39.8900,66,1
2026-03-13,600036,13:49:43,39.8900,22,1
2026-03-13,600036,13:49:47,39.8900,18,1
2026-03-13,600036,13:49:50,39.8900,17,1
2026-03-13,600036,13:49:55,39.8900,493,1
2026-03-13,600036,13:49:59,39.8900,133,1
2026-03-13,600036,13:50:01,39.8900,19,1
2026-03-13,600036,13:50:04,39.8900,120,1
2026-03-13,600036,13:50:07,39.8800,231,2
2026-03-13,600036,13:50:11,39.8800,69,2
2026-03-13,600036,13:50:13,39.8800,16,2
2026-03-13,600036,13:50:17,39.8900,16,1
2026-03-13,600036,13:50:20,39.8800,66,2
2026-03-13,600036,13:50:23,39.8800,46,2
2026-03-13,600036,13:50:26,39.8900,57,1
2026-03-13,600036,13:50:29,39.8900,51,1
2026-03-13,600036,13:50:32,39.8900,73,1
2026-03-13,600036,13:50:34,39.8900,44,1
2026-03-13,600036,13:50:38,39.8900,15,1
2026-03-13,600036,13:50:41,39.8900,183,1
2026-03-13,600036,13:50:44,39.9000,80,1
2026-03-13,600036,13:50:47,39.9000,146,1
2026-03-13,600036,13:50:49,39.9000,39,1
2026-03-13,600036,13:50:52,39.8900,717,2
2026-03-13,600036,13:50:55,39.9000,220,1
2026-03-13,600036,13:50:59,39.9100,206,1
2026-03-13,600036,13:51:02,39.9000,104,1
2026-03-13,600036,13:51:05,39.9100,244,1
2026-03-13,600036,13:51:08,39.9100,174,2
2026-03-13,600036,13:51:11,39.9100,235,2
2026-03-13,600036,13:51:13,39.9200,52,1
2026-03-13,600036,13:51:16,39.9100,43,2
2026-03-13,600036,13:51:20,39.9200,32,1
2026-03-13,600036,13:51:23,39.9200,7,1
2026-03-13,600036,13:51:26,39.9100,44,2
2026-03-13,600036,13:51:29,39.9100,118,2
2026-03-13,600036,13:51:32,39.9200,517,1
2026-03-13,600036,13:51:35,39.9200,291,1
2026-03-13,600036,13:51:38,39.9200,185,1
2026-03-13,600036,13:51:40,39.9000,52,2
2026-03-13,600036,13:51:44,39.9000,56,2
2026-03-13,600036,13:51:47,39.9000,85,2
2026-03-13,600036,13:51:50,39.9100,1,1
2026-03-13,600036,13:51:53,39.9100,65,1
2026-03-13,600036,13:51:56,39.9000,15,2
2026-03-13,600036,13:51:59,39.9000,239,2
2026-03-13,600036,13:52:02,39.9000,124,2
2026-03-13,600036,13:52:04,39.9000,28,1
2026-03-13,600036,13:52:08,39.8900,433,2
2026-03-13,600036,13:52:11,39.9000,7,1
2026-03-13,600036,13:52:14,39.8900,12,2
2026-03-13,600036,13:52:17,39.8900,75,2
2026-03-13,600036,13:52:19,39.8900,105,2
2026-03-13,600036,13:52:22,39.9000,36,1
2026-03-13,600036,13:52:26,39.8900,73,2
2026-03-13,600036,13:52:28,39.8900,36,2
2026-03-13,600036,13:52:31,39.8900,52,2
2026-03-13,600036,13:52:35,39.8900,35,2
2026-03-13,600036,13:52:38,39.9000,91,1
2026-03-13,600036,13:52:41,39.8900,23,2
2026-03-13,600036,13:52:43,39.8900,40,2
2026-03-13,600036,13:52:47,39.8900,94,2
2026-03-13,600036,13:52:50,39.8900,16,2
2026-03-13,600036,13:52:53,39.8900,8,2
2026-03-13,600036,13:52:56,39.8900,25,2
2026-03-13,600036,13:52:59,39.8900,59,2
2026-03-13,600036,13:53:01,39.8900,94,2
2026-03-13,600036,13:53:05,39.8900,184,2
2026-03-13,600036,13:53:08,39.8900,195,2
2026-03-13,600036,13:53:11,39.8900,7,1
2026-03-13,600036,13:53:14,39.8800,12,2
2026-03-13,600036,13:53:16,39.8900,19,1
2026-03-13,600036,13:53:20,39.8900,256,1
2026-03-13,600036,13:53:22,39.8800,57,2
2026-03-13,600036,13:53:26,39.8800,22,1
2026-03-13,600036,13:53:29,39.8800,68,1
2026-03-13,600036,13:53:31,39.8800,91,1
2026-03-13,600036,13:53:35,39.8800,24,1
2026-03-13,600036,13:53:38,39.8800,61,1
2026-03-13,600036,13:53:41,39.8800,130,1
2026-03-13,600036,13:53:44,39.8800,17,2
2026-03-13,600036,13:53:47,39.8800,48,2
2026-03-13,600036,13:53:50,39.8800,47,2
2026-03-13,600036,13:53:53,39.8900,53,1
2026-03-13,600036,13:53:56,39.8900,81,1
2026-03-13,600036,13:53:58,39.8800,48,2
2026-03-13,600036,13:54:01,39.8800,21,2
2026-03-13,600036,13:54:05,39.8800,22,2
2026-03-13,600036,13:54:07,39.8800,45,2
2026-03-13,600036,13:54:10,39.8900,22,1
2026-03-13,600036,13:54:13,39.8800,21,2
2026-03-13,600036,13:54:17,39.8900,339,1
2026-03-13,600036,13:54:20,39.8900,335,1
2026-03-13,600036,13:54:23,39.9000,216,1
2026-03-13,600036,13:54:26,39.9000,60,1
2026-03-13,600036,13:54:29,39.8900,67,2
2026-03-13,600036,13:54:32,39.9000,53,1
2026-03-13,600036,13:54:34,39.8900,169,2
2026-03-13,600036,13:54:38,39.8900,99,2
2026-03-13,600036,13:54:40,39.8900,36,2
2026-03-13,600036,13:54:43,39.9000,42,1
2026-03-13,600036,13:54:47,39.9000,69,1
2026-03-13,600036,13:54:50,39.9000,12,1
2026-03-13,600036,13:54:53,39.9000,646,1
2026-03-13,600036,13:54:56,39.9000,101,1
2026-03-13,600036,13:54:59,39.8900,14,2
2026-03-13,600036,13:55:01,39.9000,32,1
2026-03-13,600036,13:55:04,39.8900,24,2
2026-03-13,600036,13:55:08,39.8900,98,2
2026-03-13,600036,13:55:11,39.8900,29,2
2026-03-13,600036,13:55:14,39.9000,71,1
2026-03-13,600036,13:55:16,39.8900,39,4
2026-03-13,600036,13:55:20,39.9000,149,1
2026-03-13,600036,13:55:23,39.9000,36,1
2026-03-13,600036,13:55:26,39.8900,37,2
2026-03-13,600036,13:55:28,39.8900,147,2
2026-03-13,600036,13:55:32,39.9000,328,1
2026-03-13,600036,13:55:34,39.9000,248,1
2026-03-13,600036,13:55:37,39.8900,338,2
2026-03-13,600036,13:55:41,39.9000,115,1
2026-03-13,600036,13:55:44,39.9000,24,1
2026-03-13,600036,13:55:46,39.8900,59,2
2026-03-13,600036,13:55:49,39.8900,4,1
2026-03-13,600036,13:55:52,39.8800,2,2
2026-03-13,600036,13:55:59,39.8800,44,2
2026-03-13,600036,13:56:01,39.8900,63,1
2026-03-13,600036,13:56:04,39.8900,80,1
2026-03-13,600036,13:56:11,39.8800,38,2
2026-03-13,600036,13:56:13,39.8900,21,1
2026-03-13,600036,13:56:17,39.8800,17,2
2026-03-13,600036,13:56:19,39.8900,40,1
2026-03-13,600036,13:56:23,39.8900,363,1
2026-03-13,600036,13:56:26,39.8900,83,2
2026-03-13,600036,13:56:29,39.8900,19,2
2026-03-13,600036,13:56:32,39.9000,45,1
2026-03-13,600036,13:56:34,39.8900,22,2
2026-03-13,600036,13:56:38,39.8900,40,2
2026-03-13,600036,13:56:41,39.8900,42,2
2026-03-13,600036,13:56:43,39.8900,8,2
2026-03-13,600036,13:56:47,39.8900,598,2
2026-03-13,600036,13:56:50,39.8900,28,1
2026-03-13,600036,13:56:58,39.8800,7,2
2026-03-13,600036,13:57:02,39.8800,14,2
2026-03-13,600036,13:57:05,39.8800,34,2
2026-03-13,600036,13:57:07,39.8900,69,1
2026-03-13,600036,13:57:10,39.8900,97,1
2026-03-13,600036,13:57:14,39.8800,42,2
2026-03-13,600036,13:57:16,39.8800,15,2
2026-03-13,600036,13:57:19,39.8800,9,2
2026-03-13,600036,13:57:26,39.8900,17,1
2026-03-13,600036,13:57:28,39.8800,32,2
2026-03-13,600036,13:57:32,39.8900,53,1
2026-03-13,600036,13:57:35,39.8900,14,1
2026-03-13,600036,13:57:37,39.8900,188,1
2026-03-13,600036,13:57:41,39.8800,667,2
2026-03-13,600036,13:57:44,39.8900,30,1
2026-03-13,600036,13:57:47,39.8900,320,1
2026-03-13,600036,13:57:50,39.8900,145,1
2026-03-13,600036,13:57:53,39.8900,28,1
2026-03-13,600036,13:57:55,39.8900,56,1
2026-03-13,600036,13:57:59,39.8800,28,2
2026-03-13,600036,13:58:05,39.8900,8,1
2026-03-13,600036,13:58:08,39.8800,41,2
2026-03-13,600036,13:58:11,39.8800,7,2
2026-03-13,600036,13:58:14,39.8900,110,1
2026-03-13,600036,13:58:17,39.8900,2,1
2026-03-13,600036,13:58:20,39.8800,4,2
2026-03-13,600036,13:58:23,39.8900,134,1
2026-03-13,600036,13:58:26,39.8800,135,2
2026-03-13,600036,13:58:29,39.8800,118,2
2026-03-13,600036,13:58:32,39.8800,11,2
2026-03-13,600036,13:58:35,39.8900,135,1
2026-03-13,600036,13:58:38,39.8800,1,2
2026-03-13,600036,13:58:41,39.8900,125,1
2026-03-13,600036,13:58:43,39.8900,48,1
2026-03-13,600036,13:58:46,39.8900,55,1
2026-03-13,600036,13:58:49,39.8900,18,1
2026-03-13,600036,13:58:52,39.8900,1489,1
2026-03-13,600036,13:58:56,39.9000,349,1
2026-03-13,600036,13:58:58,39.9000,26,1
2026-03-13,600036,13:59:02,39.9000,5,1
2026-03-13,600036,13:59:05,39.9000,24,1
2026-03-13,600036,13:59:08,39.9000,44,1
2026-03-13,600036,13:59:10,39.8900,36,2
2026-03-13,600036,13:59:13,39.9000,97,1
2026-03-13,600036,13:59:17,39.8900,13,2
2026-03-13,600036,13:59:20,39.8900,153,2
2026-03-13,600036,13:59:23,39.9000,14,1
2026-03-13,600036,13:59:26,39.9000,230,1
2026-03-13,600036,13:59:29,39.8900,68,2
2026-03-13,600036,13:59:32,39.9000,158,1
2026-03-13,600036,13:59:35,39.8900,222,2
2026-03-13,600036,13:59:38,39.8900,75,2
2026-03-13,600036,13:59:41,39.8900,195,2
2026-03-13,600036,13:59:44,39.8900,4,2
2026-03-13,600036,13:59:47,39.9000,8,1
2026-03-13,600036,13:59:50,39.9000,11,1
2026-03-13,600036,13:59:53,39.9000,260,1
2026-03-13,600036,13:59:56,39.9000,46,1
2026-03-13,600036,13:59:59,39.8900,481,2
2026-03-13,600036,14:00:02,39.8800,167,2
2026-03-13,600036,14:00:05,39.8800,29,2
2026-03-13,600036,14:00:07,39.8800,25,2
2026-03-13,600036,14:00:11,39.8900,20,1
2026-03-13,600036,14:00:14,39.8900,19,1
2026-03-13,600036,14:00:17,39.8900,147,1
2026-03-13,600036,14:00:20,39.8800,400,2
2026-03-13,600036,14:00:23,39.8700,89,2
2026-03-13,600036,14:00:25,39.8800,51,1
2026-03-13,600036,14:00:28,39.8700,359,2
2026-03-13,600036,14:00:32,39.8600,23,2
2026-03-13,600036,14:00:34,39.8600,213,2
2026-03-13,600036,14:00:38,39.8600,36,2
2026-03-13,600036,14:00:41,39.8500,151,2
2026-03-13,600036,14:00:44,39.8500,11,2
2026-03-13,600036,14:00:46,39.8600,54,1
2026-03-13,600036,14:00:49,39.8600,259,1
2026-03-13,600036,14:00:53,39.8500,59,2
2026-03-13,600036,14:00:56,39.8600,19,1
2026-03-13,600036,14:00:59,39.8600,120,1
2026-03-13,600036,14:01:02,39.8600,38,1
2026-03-13,600036,14:01:05,39.8600,77,1
2026-03-13,600036,14:01:08,39.8600,82,1
2026-03-13,600036,14:01:11,39.8600,84,1
2026-03-13,600036,14:01:14,39.8500,86,2
2026-03-13,600036,14:01:17,39.8500,321,2
2026-03-13,600036,14:01:19,39.8600,317,1
2026-03-13,600036,14:01:23,39.8500,36,1
2026-03-13,600036,14:01:26,39.8500,7,1
2026-03-13,600036,14:01:28,39.8500,95,1
2026-03-13,600036,14:01:31,39.8400,63,2
2026-03-13,600036,14:01:35,39.8500,54,1
2026-03-13,600036,14:01:37,39.8500,32,1
2026-03-13,600036,14:01:41,39.8500,11,1
2026-03-13,600036,14:01:44,39.8500,10,1
2026-03-13,600036,14:01:46,39.8400,35,2
2026-03-13,600036,14:01:50,39.8500,41,1
2026-03-13,600036,14:01:53,39.8400,53,2
2026-03-13,600036,14:01:56,39.8500,35,1
2026-03-13,600036,14:01:59,39.8500,44,1
2026-03-13,600036,14:02:02,39.8400,69,2
2026-03-13,600036,14:02:05,39.8500,59,1
2026-03-13,600036,14:02:08,39.8400,462,2
2026-03-13,600036,14:02:11,39.8500,15,1
2026-03-13,600036,14:02:14,39.8400,14,2
2026-03-13,600036,14:02:17,39.8500,33,1
2026-03-13,600036,14:02:20,39.8500,95,1
2026-03-13,600036,14:02:23,39.8500,54,1
2026-03-13,600036,14:02:26,39.8500,38,1
2026-03-13,600036,14:02:29,39.8700,197,1
2026-03-13,600036,14:02:32,39.8600,15,4
2026-03-13,600036,14:02:35,39.8700,8,1
2026-03-13,600036,14:02:38,39.8600,256,2
2026-03-13,600036,14:02:41,39.8700,57,1
2026-03-13,600036,14:02:44,39.8800,15,1
2026-03-13,600036,14:02:47,39.8800,29,1
2026-03-13,600036,14:02:49,39.8800,35,1
2026-03-13,600036,14:02:53,39.8800,18,1
2026-03-13,600036,14:02:55,39.8800,102,1
2026-03-13,600036,14:02:58,39.8800,55,1
2026-03-13,600036,14:03:01,39.8800,13,1
2026-03-13,600036,14:03:04,39.8800,243,1
2026-03-13,600036,14:03:08,39.8700,45,2
2026-03-13,600036,14:03:10,39.8800,14,1
2026-03-13,600036,14:03:14,39.8800,124,1
2026-03-13,600036,14:03:16,39.8700,10,2
2026-03-13,600036,14:03:20,39.8700,29,2
2026-03-13,600036,14:03:23,39.8700,195,2
2026-03-13,600036,14:03:26,39.8700,216,2
2026-03-13,600036,14:03:28,39.8700,17,2
2026-03-13,600036,14:03:32,39.8800,14,1
2026-03-13,600036,14:03:35,39.8700,131,2
2026-03-13,600036,14:03:37,39.8700,165,2
2026-03-13,600036,14:03:41,39.8700,113,2
2026-03-13,600036,14:03:44,39.8700,134,2
2026-03-13,600036,14:03:47,39.8700,16,2
2026-03-13,600036,14:03:49,39.8700,16,2
2026-03-13,600036,14:03:53,39.8600,754,2
2026-03-13,600036,14:03:55,39.8600,233,2
2026-03-13,600036,14:03:58,39.8700,100,1
2026-03-13,600036,14:04:02,39.8600,7,1
2026-03-13,600036,14:04:05,39.8600,55,1
2026-03-13,600036,14:04:07,39.8600,236,1
2026-03-13,600036,14:04:11,39.8500,235,2
2026-03-13,600036,14:04:14,39.8500,17,2
2026-03-13,600036,14:04:16,39.8600,25,1
2026-03-13,600036,14:04:20,39.8500,66,2
2026-03-13,600036,14:04:23,39.8500,15,2
2026-03-13,600036,14:04:26,39.8500,197,2
2026-03-13,600036,14:04:29,39.8500,17,2
2026-03-13,600036,14:04:32,39.8600,60,1
2026-03-13,600036,14:04:34,39.8600,15,1
2026-03-13,600036,14:04:37,39.8500,69,2
2026-03-13,600036,14:04:41,39.8600,12,1
2026-03-13,600036,14:04:44,39.8500,6,2
2026-03-13,600036,14:04:47,39.8500,194,2
2026-03-13,600036,14:04:50,39.8500,18,2
2026-03-13,600036,14:04:53,39.8600,23,1
2026-03-13,600036,14:04:56,39.8500,43,2
2026-03-13,600036,14:04:59,39.8500,29,2
2026-03-13,600036,14:05:02,39.8500,26,2
2026-03-13,600036,14:05:05,39.8500,19,2
2026-03-13,600036,14:05:08,39.8500,24,2
2026-03-13,600036,14:05:11,39.8600,4,1
2026-03-13,600036,14:05:13,39.8500,38,2
2026-03-13,600036,14:05:17,39.8600,102,1
2026-03-13,600036,14:05:19,39.8500,12,2
2026-03-13,600036,14:05:22,39.8600,16,1
2026-03-13,600036,14:05:26,39.8500,47,2
2026-03-13,600036,14:05:28,39.8500,56,2
2026-03-13,600036,14:05:34,39.8500,18,2
2026-03-13,600036,14:05:38,39.8600,23,1
2026-03-13,600036,14:05:41,39.8500,811,2
2026-03-13,600036,14:05:44,39.8500,78,2
2026-03-13,600036,14:05:47,39.8500,20,2
2026-03-13,600036,14:05:49,39.8500,36,2
2026-03-13,600036,14:05:53,39.8500,30,2
2026-03-13,600036,14:05:56,39.8500,103,2
2026-03-13,600036,14:05:59,39.8500,55,2
2026-03-13,600036,14:06:01,39.8500,74,2
2026-03-13,600036,14:06:05,39.8500,99,2
2026-03-13,600036,14:06:08,39.8500,284,2
2026-03-13,600036,14:06:10,39.8400,171,2
2026-03-13,600036,14:06:14,39.8500,92,1
2026-03-13,600036,14:06:16,39.8400,28,2
2026-03-13,600036,14:06:19,39.8500,59,1
2026-03-13,600036,14:06:23,39.8500,38,1
2026-03-13,600036,14:06:26,39.8400,108,2
2026-03-13,600036,14:06:28,39.8500,57,1
2026-03-13,600036,14:06:32,39.8400,119,2
2026-03-13,600036,14:06:34,39.8400,47,2
2026-03-13,600036,14:06:38,39.8400,109,2
2026-03-13,600036,14:06:40,39.8400,35,2
2026-03-13,600036,14:06:43,39.8500,36,1
2026-03-13,600036,14:06:46,39.8400,9,2
2026-03-13,600036,14:06:50,39.8400,51,2
2026-03-13,600036,14:06:53,39.8400,42,2
2026-03-13,600036,10:55:35,39.6400,4,2
2026-03-13,600036,10:55:37,39.6400,135,2
2026-03-13,600036,10:55:41,39.6400,30,1
2026-03-13,600036,10:55:44,39.6400,71,1
2026-03-13,600036,10:55:46,39.6300,123,2
2026-03-13,600036,10:55:50,39.6400,3,1
2026-03-13,600036,10:55:53,39.6500,74,1
2026-03-13,600036,10:55:56,39.6400,42,4
2026-03-13,600036,10:55:59,39.6400,5,2
2026-03-13,600036,10:56:02,39.6400,64,2
2026-03-13,600036,10:56:05,39.6500,17,1
2026-03-13,600036,10:56:07,39.6500,20,1
2026-03-13,600036,10:56:11,39.6400,9,2
2026-03-13,600036,10:56:13,39.6400,4,2
2026-03-13,600036,10:56:16,39.6400,14,2
2026-03-13,600036,10:56:19,39.6400,17,2
2026-03-13,600036,10:56:26,39.6400,63,2
2026-03-13,600036,10:56:29,39.6400,30,2
2026-03-13,600036,10:56:32,39.6400,8,2
2026-03-13,600036,10:56:35,39.6400,51,2
2026-03-13,600036,10:56:38,39.6400,147,2
2026-03-13,600036,10:56:41,39.6500,4,1
2026-03-13,600036,10:56:43,39.6400,16,2
2026-03-13,600036,10:56:46,39.6400,25,2
2026-03-13,600036,10:56:50,39.6400,22,4
2026-03-13,600036,10:56:52,39.6400,28,2
2026-03-13,600036,10:56:56,39.6500,44,1
2026-03-13,600036,10:56:58,39.6500,30,1
2026-03-13,600036,10:57:01,39.6500,29,1
2026-03-13,600036,10:57:05,39.6500,30,1
2026-03-13,600036,10:57:08,39.6400,9,2
2026-03-13,600036,10:57:11,39.6500,3,1
2026-03-13,600036,10:57:14,39.6400,43,2
2026-03-13,600036,10:57:20,39.6400,14,2
2026-03-13,600036,10:57:23,39.6400,25,2
2026-03-13,600036,10:57:26,39.6400,12,2
2026-03-13,600036,10:57:29,39.6400,4,2
2026-03-13,600036,10:57:31,39.6500,13,1
2026-03-13,600036,10:57:38,39.6500,10,1
2026-03-13,600036,10:57:40,39.6400,138,2
2026-03-13,600036,10:57:44,39.6500,104,1
2026-03-13,600036,10:57:47,39.6400,30,2
2026-03-13,600036,10:57:50,39.6400,137,2
2026-03-13,600036,10:57:52,39.6400,65,2
2026-03-13,600036,10:57:56,39.6500,118,1
2026-03-13,600036,10:57:59,39.6600,976,1
2026-03-13,600036,10:58:02,39.6600,56,2
2026-03-13,600036,10:58:04,39.6600,31,2
2026-03-13,600036,10:58:08,39.6700,67,1
2026-03-13,600036,10:58:11,39.6700,21,1
2026-03-13,600036,10:58:14,39.6700,62,1
2026-03-13,600036,10:58:17,39.6600,16,2
2026-03-13,600036,10:58:23,39.6700,2,1
2026-03-13,600036,10:58:26,39.6700,2,1
2026-03-13,600036,10:58:28,39.6600,10,2
2026-03-13,600036,10:58:32,39.6700,26,1
2026-03-13,600036,10:58:35,39.6700,10,1
2026-03-13,600036,10:58:38,39.6600,8,2
2026-03-13,600036,10:58:41,39.6600,4,2
2026-03-13,600036,10:58:43,39.6700,50,1
2026-03-13,600036,10:58:50,39.6700,39,1
2026-03-13,600036,10:58:53,39.6600,69,2
2026-03-13,600036,10:58:56,39.6700,251,1
2026-03-13,600036,10:58:59,39.6600,71,2
2026-03-13,600036,10:59:01,39.6700,53,4
2026-03-13,600036,10:59:05,39.6700,7,2
2026-03-13,600036,10:59:08,39.6600,22,2
2026-03-13,600036,10:59:11,39.6700,39,1
2026-03-13,600036,10:59:14,39.6700,48,1
2026-03-13,600036,10:59:16,39.6800,11,1
2026-03-13,600036,10:59:20,39.6800,11,1
2026-03-13,600036,10:59:23,39.6800,1,1
2026-03-13,600036,10:59:26,39.6800,27,1
2026-03-13,600036,10:59:28,39.6800,196,1
2026-03-13,600036,10:59:32,39.6900,2229,1
2026-03-13,600036,10:59:35,39.6800,525,2
2026-03-13,600036,10:59:37,39.6800,349,2
2026-03-13,600036,10:59:40,39.6800,94,2
2026-03-13,600036,10:59:44,39.6900,35,1
2026-03-13,600036,10:59:47,39.6900,14,1
2026-03-13,600036,10:59:50,39.6900,42,1
2026-03-13,600036,10:59:52,39.6900,16,1
2026-03-13,600036,10:59:55,39.6900,65,1
2026-03-13,600036,10:59:59,39.6800,23,2
2026-03-13,600036,11:00:01,39.6900,37,1
2026-03-13,600036,11:00:05,39.6900,20,1
2026-03-13,600036,11:00:07,39.6900,42,1
2026-03-13,600036,11:00:11,39.6800,8,2
2026-03-13,600036,11:00:14,39.6800,4,2
2026-03-13,600036,11:00:17,39.6900,62,1
2026-03-13,600036,11:00:20,39.6800,70,2
2026-03-13,600036,11:00:23,39.6900,33,1
2026-03-13,600036,11:00:26,39.6900,27,1
2026-03-13,600036,11:00:29,39.6900,98,1
2026-03-13,600036,11:00:31,39.6800,11,2
2026-03-13,600036,11:00:35,39.6900,14,1
2026-03-13,600036,11:00:38,39.6800,15,2
2026-03-13,600036,11:00:41,39.6900,730,1
2026-03-13,600036,11:00:43,39.6900,27,2
2026-03-13,600036,11:00:47,39.7000,16,1
2026-03-13,600036,11:00:50,39.6900,125,2
2026-03-13,600036,11:00:53,39.6900,40,1
2026-03-13,600036,11:00:56,39.6900,3,1
2026-03-13,600036,11:00:59,39.6800,8,2
2026-03-13,600036,11:01:01,39.6800,36,2
2026-03-13,600036,11:01:04,39.6900,16,1
2026-03-13,600036,11:01:08,39.6900,36,1
2026-03-13,600036,11:01:11,39.6800,6,2
2026-03-13,600036,11:01:14,39.6800,12,2
2026-03-13,600036,11:01:17,39.6900,69,1
2026-03-13,600036,11:01:19,39.6900,18,1
2026-03-13,600036,11:01:23,39.6800,5,2
2026-03-13,600036,11:01:26,39.6900,61,1
2026-03-13,600036,11:01:32,39.6900,15,1
2026-03-13,600036,11:01:35,39.6800,35,2
2026-03-13,600036,11:01:38,39.6800,7,2
2026-03-13,600036,11:01:41,39.6900,23,1
2026-03-13,600036,11:01:44,39.6800,23,2
2026-03-13,600036,11:01:46,39.6800,34,2
2026-03-13,600036,11:01:53,39.6800,111,2
2026-03-13,600036,11:01:55,39.6800,28,2
2026-03-13,600036,11:01:59,39.6800,81,2
2026-03-13,600036,11:02:01,39.6900,40,1
2026-03-13,600036,11:02:05,39.6800,16,2
2026-03-13,600036,11:02:07,39.6800,18,2
2026-03-13,600036,11:02:11,39.6800,12,2
2026-03-13,600036,11:02:14,39.6900,40,1
2026-03-13,600036,11:02:16,39.6800,6,2
2026-03-13,600036,11:02:20,39.6800,13,2
2026-03-13,600036,11:02:23,39.6800,21,2
2026-03-13,600036,11:02:26,39.6900,6,1
2026-03-13,600036,11:02:28,39.6800,90,2
2026-03-13,600036,11:02:31,39.6800,79,2
2026-03-13,600036,11:02:37,39.6700,18,2
2026-03-13,600036,11:02:41,39.6600,21,2
2026-03-13,600036,11:02:43,39.6700,1,4
2026-03-13,600036,11:02:50,39.6600,106,2
2026-03-13,600036,11:02:52,39.6600,17,2
2026-03-13,600036,11:02:59,39.6500,88,2
2026-03-13,600036,11:03:02,39.6600,69,1
2026-03-13,600036,11:03:05,39.6600,91,1
2026-03-13,600036,11:03:08,39.6600,9,1
2026-03-13,600036,11:03:11,39.6500,29,2
2026-03-13,600036,11:03:14,39.6600,128,1
2026-03-13,600036,11:03:16,39.6700,15,1
2026-03-13,600036,11:03:20,39.6800,299,1
2026-03-13,600036,11:03:22,39.6800,9,2
2026-03-13,600036,11:03:26,39.6800,108,2
2026-03-13,600036,11:03:29,39.6800,22,2
2026-03-13,600036,11:03:31,39.6800,38,2
2026-03-13,600036,11:03:34,39.6800,14,2
2026-03-13,600036,11:03:38,39.6700,108,2
2026-03-13,600036,11:03:41,39.6800,76,2
2026-03-13,600036,11:03:44,39.6800,65,2
2026-03-13,600036,11:03:47,39.6800,90,2
2026-03-13,600036,11:03:50,39.6800,44,2
2026-03-13,600036,11:03:53,39.6800,20,2
2026-03-13,600036,11:03:56,39.6800,120,2
2026-03-13,600036,11:03:59,39.6800,17,2
2026-03-13,600036,11:04:02,39.6900,321,1
2026-03-13,600036,11:04:05,39.6900,19,1
2026-03-13,600036,11:04:08,39.6900,27,1
2026-03-13,600036,11:04:10,39.6900,39,1
2026-03-13,600036,11:04:14,39.6900,45,1
2026-03-13,600036,11:04:17,39.6900,8,1
2026-03-13,600036,11:04:20,39.6800,19,2
2026-03-13,600036,11:04:23,39.6900,43,1
2026-03-13,600036,11:04:26,39.6900,20,1
2026-03-13,600036,11:04:29,39.6800,104,2
2026-03-13,600036,11:04:32,39.6900,16,1
2026-03-13,600036,11:04:35,39.6800,5,2
2026-03-13,600036,11:04:38,39.6900,9,1
2026-03-13,600036,11:04:41,39.6900,24,1
2026-03-13,600036,11:04:44,39.6800,22,2
2026-03-13,600036,11:04:47,39.6900,17,1
2026-03-13,600036,11:04:50,39.6800,174,2
2026-03-13,600036,11:04:53,39.6800,18,2
2026-03-13,600036,11:04:56,39.6900,10,1
2026-03-13,600036,11:04:58,39.6700,129,2
2026-03-13,600036,11:05:02,39.6800,9,1
2026-03-13,600036,11:05:05,39.6700,3,2
2026-03-13,600036,11:05:11,39.6700,2,2
2026-03-13,600036,11:05:14,39.6700,4,2
2026-03-13,600036,11:05:16,39.6700,51,2
2026-03-13,600036,11:05:19,39.6700,12,2
2026-03-13,600036,11:05:23,39.6800,273,1
2026-03-13,600036,11:05:26,39.6900,5,1
2026-03-13,600036,11:05:29,39.6800,58,2
2026-03-13,600036,11:05:31,39.6900,2,1
2026-03-13,600036,11:05:35,39.6900,7,1
2026-03-13,600036,11:05:38,39.7000,1836,1
2026-03-13,600036,11:05:41,39.6900,15,2
2026-03-13,600036,11:05:44,39.6900,45,2
2026-03-13,600036,11:05:47,39.6900,57,2
2026-03-13,600036,11:05:50,39.6900,18,2
2026-03-13,600036,11:05:53,39.6900,35,2
2026-03-13,600036,11:05:58,39.6900,11,1
2026-03-13,600036,11:06:01,39.6900,25,1
2026-03-13,600036,11:06:05,39.6900,8,1
2026-03-13,600036,11:06:08,39.7000,286,1
2026-03-13,600036,11:06:11,39.6900,29,2
2026-03-13,600036,11:06:14,39.6900,29,2
2026-03-13,600036,11:06:16,39.7000,48,1
2026-03-13,600036,11:06:20,39.7000,1,1
2026-03-13,600036,11:06:23,39.7000,15,1
2026-03-13,600036,11:06:25,39.7000,4,1
2026-03-13,600036,11:06:29,39.7000,115,1
2026-03-13,600036,11:06:32,39.6900,61,2
2026-03-13,600036,11:06:35,39.6900,196,2
2026-03-13,600036,11:06:38,39.7000,2554,1
2026-03-13,600036,11:06:41,39.7100,2528,1
2026-03-13,600036,11:06:44,39.7100,70,2
2026-03-13,600036,11:06:47,39.7200,2,1
2026-03-13,600036,11:06:50,39.7100,74,2
2026-03-13,600036,11:06:53,39.7100,5,2
2026-03-13,600036,11:06:56,39.7100,8,2
2026-03-13,600036,11:06:58,39.7100,69,2
2026-03-13,600036,11:07:01,39.7200,94,1
2026-03-13,600036,11:07:05,39.7100,34,2
2026-03-13,600036,11:07:08,39.7100,114,1
2026-03-13,600036,11:07:10,39.7100,14,1
2026-03-13,600036,11:07:13,39.7100,29,1
2026-03-13,600036,11:07:16,39.7200,12,1
2026-03-13,600036,11:07:20,39.7100,20,2
2026-03-13,600036,11:07:23,39.7100,742,2
2026-03-13,600036,11:07:26,39.7100,30,2
2026-03-13,600036,11:07:29,39.7300,2423,1
2026-03-13,600036,11:07:32,39.7300,870,1
2026-03-13,600036,11:07:35,39.7300,958,1
2026-03-13,600036,11:07:38,39.7300,38,2
2026-03-13,600036,11:07:41,39.7300,82,1
2026-03-13,600036,11:07:43,39.7300,73,2
2026-03-13,600036,11:07:47,39.7300,315,2
2026-03-13,600036,11:07:49,39.7200,60,2
2026-03-13,600036,11:07:55,39.7300,30,1
2026-03-13,600036,11:07:59,39.7300,46,4
2026-03-13,600036,11:08:01,39.7300,11,1
2026-03-13,600036,11:08:05,39.7300,103,1
2026-03-13,600036,11:08:07,39.7200,166,2
2026-03-13,600036,11:08:11,39.7300,25,1
2026-03-13,600036,11:08:14,39.7300,36,1
2026-03-13,600036,11:08:17,39.7200,3,2
2026-03-13,600036,11:08:20,39.7200,70,2
2026-03-13,600036,11:08:23,39.7400,2519,1
2026-03-13,600036,11:08:26,39.7500,194,1
2026-03-13,600036,11:08:29,39.7400,136,2
2026-03-13,600036,11:08:31,39.7400,27,4
2026-03-13,600036,11:08:35,39.7300,65,2
2026-03-13,600036,11:08:38,39.7400,21,1
2026-03-13,600036,11:08:41,39.7400,113,1
2026-03-13,600036,11:08:44,39.7400,31,1
2026-03-13,600036,11:08:47,39.7300,38,2
2026-03-13,600036,11:08:50,39.7300,164,2
2026-03-13,600036,11:08:52,39.7400,6,1
2026-03-13,600036,11:08:56,39.7300,78,2
2026-03-13,600036,11:08:59,39.7300,26,2
2026-03-13,600036,11:09:02,39.7300,114,2
2026-03-13,600036,11:09:05,39.7300,10,2
2026-03-13,600036,11:09:08,39.7300,21,2
2026-03-13,600036,11:09:11,39.7300,38,2
2026-03-13,600036,11:09:14,39.7400,55,1
2026-03-13,600036,11:09:17,39.7300,244,2
2026-03-13,600036,11:09:19,39.7300,151,2
2026-03-13,600036,11:09:22,39.7400,9,1
2026-03-13,600036,11:09:26,39.7400,39,1
2026-03-13,600036,11:09:29,39.7300,254,2
2026-03-13,600036,11:09:32,39.7400,13,1
2026-03-13,600036,11:09:35,39.7300,12,2
2026-03-13,600036,11:09:38,39.7300,24,2
2026-03-13,600036,11:09:40,39.7400,2,1
2026-03-13,600036,11:09:44,39.7300,123,2
2026-03-13,600036,11:09:47,39.7300,257,2
2026-03-13,600036,11:09:50,39.7300,24,1
2026-03-13,600036,11:09:53,39.7300,5,1
2026-03-13,600036,11:09:56,39.7300,22,1
2026-03-13,600036,11:09:58,39.7200,31,2
2026-03-13,600036,11:10:01,39.7300,11,1
2026-03-13,600036,11:10:05,39.7200,60,2
2026-03-13,600036,11:10:07,39.7200,4,2
2026-03-13,600036,11:10:10,39.7200,8,2
2026-03-13,600036,11:10:14,39.7200,7,2
2026-03-13,600036,11:10:16,39.7300,44,1
2026-03-13,600036,11:10:20,39.7200,10,2
2026-03-13,600036,11:10:23,39.7300,33,1
2026-03-13,600036,11:10:26,39.7200,27,2
2026-03-13,600036,11:10:29,39.7300,1,1
2026-03-13,600036,11:10:32,39.7200,69,2
2026-03-13,600036,11:10:35,39.7300,188,1
2026-03-13,600036,11:10:37,39.7200,52,2
2026-03-13,600036,11:10:41,39.7300,6,1
2026-03-13,600036,11:10:44,39.7300,75,1
2026-03-13,600036,11:10:47,39.7300,84,1
2026-03-13,600036,11:10:49,39.7200,34,2
2026-03-13,600036,11:10:53,39.7200,1106,2
2026-03-13,600036,11:10:56,39.7200,144,2
2026-03-13,600036,11:10:58,39.7300,23,1
2026-03-13,600036,11:11:01,39.7200,41,2
2026-03-13,600036,11:11:04,39.7300,105,1
2026-03-13,600036,11:11:08,39.7200,8,2
2026-03-13,600036,11:11:10,39.7300,139,1
2026-03-13,600036,11:11:14,39.7200,123,2
2026-03-13,600036,11:11:17,39.7300,125,1
2026-03-13,600036,11:11:20,39.7200,27,2
2026-03-13,600036,11:11:23,39.7200,41,2
2026-03-13,600036,11:11:25,39.7300,143,1
2026-03-13,600036,11:11:29,39.7200,229,2
2026-03-13,600036,11:11:31,39.7200,272,2
2026-03-13,600036,11:11:34,39.7200,124,2
2026-03-13,600036,11:11:38,39.7200,52,2
2026-03-13,600036,11:11:40,39.7200,15,2
2026-03-13,600036,11:11:43,39.7200,54,2
2026-03-13,600036,11:11:46,39.7200,30,2
2026-03-13,600036,11:11:50,39.7200,264,2
2026-03-13,600036,11:11:52,39.7200,393,2
2026-03-13,600036,11:11:56,39.7200,156,2
2026-03-13,600036,11:11:58,39.7200,231,2
2026-03-13,600036,11:12:02,39.7200,1416,2
2026-03-13,600036,11:12:05,39.7100,27,2
2026-03-13,600036,11:12:08,39.7100,63,2
2026-03-13,600036,11:12:11,39.7100,44,2
2026-03-13,600036,11:12:14,39.7100,268,2
2026-03-13,600036,11:12:17,39.7100,40,2
2026-03-13,600036,11:12:20,39.7100,130,2
2026-03-13,600036,11:12:23,39.7100,23,2
2026-03-13,600036,11:12:25,39.7100,52,1
2026-03-13,600036,11:12:29,39.7000,85,2
2026-03-13,600036,11:12:32,39.7000,50,2
2026-03-13,600036,11:12:34,39.7000,13,1
2026-03-13,600036,11:12:37,39.6900,55,2
2026-03-13,600036,11:12:40,39.7200,1259,1
2026-03-13,600036,11:12:43,39.7100,50,2
2026-03-13,600036,11:12:47,39.7200,40,1
2026-03-13,600036,11:12:50,39.7000,20,2
2026-03-13,600036,11:12:55,39.7100,10,1
2026-03-13,600036,11:12:59,39.7000,5,2
2026-03-13,600036,11:13:01,39.7100,29,1
2026-03-13,600036,11:13:05,39.7000,2,2
2026-03-13,600036,11:13:07,39.7100,29,1
2026-03-13,600036,11:13:10,39.7100,7,1
2026-03-13,600036,11:13:13,39.7100,6,1
2026-03-13,600036,11:13:17,39.7000,13,2
2026-03-13,600036,11:13:20,39.7100,31,1
2026-03-13,600036,11:13:22,39.7100,5,1
2026-03-13,600036,11:13:26,39.7000,11,2
2026-03-13,600036,11:13:29,39.7100,10,1
2026-03-13,600036,11:13:32,39.7100,95,1
2026-03-13,600036,11:13:35,39.7100,41,1
2026-03-13,600036,11:13:37,39.7000,12,2
2026-03-13,600036,11:13:41,39.6900,113,2
2026-03-13,600036,11:13:44,39.7000,5,1
2026-03-13,600036,11:13:47,39.7100,42,1
2026-03-13,600036,11:13:50,39.7100,9,1
2026-03-13,600036,11:13:53,39.7000,8,2
2026-03-13,600036,11:13:56,39.7000,13,2
2026-03-13,600036,11:13:59,39.7000,2,2
2026-03-13,600036,11:14:02,39.7000,17,2
2026-03-13,600036,11:14:04,39.7000,21,2
2026-03-13,600036,11:14:08,39.7000,103,2
2026-03-13,600036,11:14:11,39.7000,68,2
2026-03-13,600036,11:14:14,39.7000,79,2
2026-03-13,600036,11:14:17,39.7000,22,1
2026-03-13,600036,11:14:20,39.7000,67,2
2026-03-13,600036,11:14:23,39.6900,210,2
2026-03-13,600036,11:14:26,39.6900,110,2
2026-03-13,600036,11:14:29,39.6900,156,1
2026-03-13,600036,11:14:32,39.6800,70,2
2026-03-13,600036,11:14:35,39.6800,65,2
2026-03-13,600036,11:14:38,39.6800,38,1
2026-03-13,600036,11:14:41,39.6700,10,2
2026-03-13,600036,11:14:44,39.6800,63,1
2026-03-13,600036,11:14:46,39.6700,43,2
2026-03-13,600036,11:14:50,39.6700,12,2
2026-03-13,600036,11:14:52,39.6800,45,1
2026-03-13,600036,11:14:56,39.6700,116,2
2026-03-13,600036,11:14:58,39.6800,48,1
2026-03-13,600036,11:15:01,39.6800,23,1
2026-03-13,600036,11:15:05,39.6800,48,1
2026-03-13,600036,11:15:08,39.6700,64,2
2026-03-13,600036,11:15:11,39.6800,183,1
2026-03-13,600036,11:15:13,39.6900,130,1
2026-03-13,600036,11:15:17,39.6900,2,1
2026-03-13,600036,11:15:19,39.6800,2,2
2026-03-13,600036,11:15:23,39.6900,1,1
2026-03-13,600036,11:15:26,39.6900,180,1
2026-03-13,600036,11:15:29,39.7200,1353,1
2026-03-13,600036,11:15:32,39.7200,30,1
2026-03-13,600036,11:15:35,39.7200,55,1
2026-03-13,600036,11:15:37,39.7200,28,1
2026-03-13,600036,11:15:40,39.7200,17,1
2026-03-13,600036,11:15:44,39.7100,37,2
2026-03-13,600036,11:15:46,39.7100,49,1
2026-03-13,600036,11:15:49,39.7200,58,1
2026-03-13,600036,11:15:52,39.7100,16,2
2026-03-13,600036,11:15:56,39.7200,228,1
2026-03-13,600036,11:15:59,39.7200,89,2
2026-03-13,600036,11:16:01,39.7200,57,2
2026-03-13,600036,11:16:05,39.7200,57,2
2026-03-13,600036,11:16:08,39.7200,46,2
2026-03-13,600036,11:16:11,39.7200,11,2
2026-03-13,600036,11:16:14,39.7200,139,2
2026-03-13,600036,11:16:17,39.7200,7,2
2026-03-13,600036,11:16:20,39.7200,30,2
2026-03-13,600036,11:16:23,39.7200,101,2
2026-03-13,600036,11:16:26,39.7300,2258,1
2026-03-13,600036,11:16:28,39.7300,136,2
2026-03-13,600036,11:16:32,39.7300,126,2
2026-03-13,600036,11:16:34,39.7300,53,2
2026-03-13,600036,11:16:38,39.7300,31,2
2026-03-13,600036,11:16:40,39.7300,210,2
2026-03-13,600036,11:16:44,39.7300,65,2
2026-03-13,600036,11:16:47,39.7300,116,2
2026-03-13,600036,11:16:50,39.7400,115,1
2026-03-13,600036,11:16:52,39.7400,117,1
2026-03-13,600036,11:16:56,39.7400,94,1
2026-03-13,600036,11:16:59,39.7300,51,2
2026-03-13,600036,11:17:02,39.7400,47,1
2026-03-13,600036,11:17:05,39.7400,122,1
2026-03-13,600036,11:17:08,39.7300,87,2
2026-03-13,600036,11:17:11,39.7300,74,2
2026-03-13,600036,11:17:14,39.7400,99,1
2026-03-13,600036,11:17:16,39.7400,91,1
2026-03-13,600036,11:17:20,39.7400,29,1
2026-03-13,600036,11:17:22,39.7400,60,1
2026-03-13,600036,11:17:26,39.7400,49,1
2026-03-13,600036,11:17:28,39.7300,355,2
2026-03-13,600036,11:17:31,39.7300,233,2
2026-03-13,600036,11:17:35,39.7300,51,2
2026-03-13,600036,11:17:38,39.7300,64,2
2026-03-13,600036,11:17:41,39.7300,10,2
2026-03-13,600036,11:17:44,39.7400,2857,1
2026-03-13,600036,11:17:47,39.7400,1470,1
2026-03-13,600036,11:17:49,39.7400,247,2
2026-03-13,600036,11:17:53,39.7400,14,2
2026-03-13,600036,11:17:56,39.7400,41,2
2026-03-13,600036,11:17:58,39.7400,24,2
2026-03-13,600036,11:18:01,39.7400,2893,2
2026-03-13,600036,11:18:05,39.7400,524,2
2026-03-13,600036,11:18:08,39.7500,323,1
2026-03-13,600036,11:18:11,39.7500,52,2
2026-03-13,600036,11:18:14,39.7500,55,2
2026-03-13,600036,11:18:17,39.7500,77,2
2026-03-13,600036,11:18:20,39.7500,24,2
2026-03-13,600036,11:18:23,39.7600,69,1
2026-03-13,600036,11:18:26,39.7500,56,2
2026-03-13,600036,11:18:29,39.7600,160,1
2026-03-13,600036,11:18:32,39.7500,153,2
2026-03-13,600036,11:18:34,39.7500,47,2
2026-03-13,600036,11:18:37,39.7500,3,1
2026-03-13,600036,11:18:41,39.7400,170,2
2026-03-13,600036,11:18:44,39.7500,3,1
2026-03-13,600036,11:18:47,39.7400,31,2
2026-03-13,600036,11:18:50,39.7500,86,1
2026-03-13,600036,11:18:53,39.7500,26,1
2026-03-13,600036,11:18:56,39.7400,175,2
2026-03-13,600036,11:18:59,39.7400,191,2
2026-03-13,600036,11:19:02,39.7500,164,1
2026-03-13,600036,11:19:05,39.7500,92,1
2026-03-13,600036,11:19:08,39.7500,99,1
2026-03-13,600036,11:19:11,39.7600,25,1
2026-03-13,600036,11:19:14,39.7500,86,2
2026-03-13,600036,11:19:16,39.7600,105,1
2026-03-13,600036,11:19:19,39.7500,43,2
2026-03-13,600036,11:19:23,39.7500,146,2
2026-03-13,600036,11:19:25,39.7500,17,2
2026-03-13,600036,11:19:29,39.7600,93,1
2026-03-13,600036,11:19:31,39.7600,125,1
2026-03-13,600036,11:19:35,39.7500,145,2
2026-03-13,600036,11:19:38,39.7700,5200,1
2026-03-13,600036,11:19:41,39.7700,173,2
2026-03-13,600036,11:19:43,39.7600,175,2
2026-03-13,600036,11:19:47,39.7700,89,4
2026-03-13,600036,11:19:50,39.7900,4460,1
2026-03-13,600036,11:19:53,39.7900,1415,1
2026-03-13,600036,11:19:56,39.7800,25,2
2026-03-13,600036,11:19:59,39.7800,39,2
2026-03-13,600036,11:20:02,39.7800,69,2
2026-03-13,600036,11:20:05,39.7700,388,2
2026-03-13,600036,11:20:08,39.7800,86,1
2026-03-13,600036,11:20:11,39.7700,61,2
